4176 6448
675 359 779 426 351

1857 380 2114 443 ΡΗΟΤΙΙ
2150 385 2224 444 ΡΑ

2316 388 2655 452 MARCIUS
2697 395 2809 456 CP.
3823 415 3914 482 352

672 473 1062 535 accedentibus
1095 481 1420 540 medicinam
1453 488 1714 557 praebere.
1762 488 1887 548 Haec
1933 495 2078 550 enim
2131 497 2224 566 ips:

672 573 793 598 ηεαρδ
851 578 975 598 annon
1003 579 1030 598 σι
1061 566 1282 598 ΡΙι-εοιη
1314 587 1460 598 ..η-..λ
1498 588 1886 598 -..----_._.-_.___
1962 582 2019 598 ..ι
2045 583 2056 595 ο
2107 585 2118 594 .
2203 586 2214 597 .

2316 503 2663 559 uuluam
2710 508 2925 577 Κύριος
2954 510 3152 566 πάντα
3198 515 3271 568 τὰ
3318 515 3469 571 ὀστᾶ
3508 522 3730 592 αὐτῶν,
3755 526 3820 581 ἓν
3859 531 3914 598 ἐξ

669 573 819 626 ossa,
851 578 975 632 qua:
1003 579 1032 618 a
1061 566 1283 625 Christo
1313 587 1461 629 nunc
1493 588 1908 646 conservantur,
1953 582 2058 636 sibi
2107 585 2252 639 invio

667 665 787 706 cem
819 655 970 709 unita
1004 658 1200 715 animae
1221 661 1645 735 conjungentur,
1667 676 1719 722 et
1751 672 2055 727 mercedem
2085 675 2247 740 simul

666 747 1028 803 certaminum
1064 752 1350 822 accipient.
1392 755 1460 810 Et
1510 759 1677 813 multa
1727 761 1832 816 alia
1864 773 2100 833 ipossem
2153 785 2249 824 su-

665 851 815 894 mere
860 841 927 895 ad
980 842 1464 902 demonstrandum
1514 850 1695 908 inesse
1729 855 1983 911 virtutem
2009 859 2245 930 aliquam

664 931 884 1000 ossibus
909 942 1244 990 sanctorum.
1272 938 1482 996 [ndicat
1505 952 1688 1000 autem
1713 957 1969 1005 mortuus
1993 952 2242 1022 quidam,

663 1039 829 1092 quem
861 1025 914 1078 in
941 1026 1181 1082 hostium
1217 1029 1520 1102 irruptione
1547 1037 1804 1109 ferentes,
1831 1059 1955 1098 cum
1989 1046 2244 1104 decenter

661 1127 771 1167 non
811 1123 1035 1184 possent
1091 1127 1315 1189 propter
1345 1123 1453 1178 vim
1509 1141 1790 1196 urgentem
1840 1149 1943 1189 suo
1994 1140 2245 1208 sepulcro

659 1207 916 1275 condere,
949 1209 1023 1265 ibi
1070 1225 1194 1266 eum
1230 1215 1585 1286 sepelierunt,
1620 1221 1709 1277 ubi
1754 1228 1930 1282 sancti
1977 1230 2076 1285 viri
2113 1248 2237 1288 ossa

654 1297 934 1366 iacebant.
985 1300 1121 1357 Nam
1151 1319 1276 1360 cum
1326 1319 1582 1366 mortuus
1632 1317 1807 1371 sancti
1849 1319 1950 1374 viri
1991 1323 2238 1394 reliquiis

655 1389 1062 1460 admoveretur,
1094 1396 1244 1454 dicto
1277 1400 1444 1457 citius
1473 1418 1504 1458 e
1537 1407 1790 1476 sepulcro
1825 1417 2146 1479 assurrexit,
2187 1428 2240 1472 ct

655 1498 779 1538 cum
829 1486 1054 1543 domum
1105 1506 1167 1546 se
1211 1495 1554 1564 contulisset,
1609 1499 2009 1571 deprehensum
2047 1518 2236 1577 postea

651 1581 737 1627 est
770 1589 994 1642 capsam
1024 1577 1170 1633 illam
1204 1585 1380 1638 sancti
1413 1585 1514 1640 viri
1559 1602 1760 1658 corpus
1807 1596 2106 1652 continere.
2143 1599 2234 1655 Di-

653 1663 795 1718 mitti
825 1666 900 1720 ait
942 1678 1163 1735 peccata
1211 1672 1333 1728 aliis
1367 1689 1465 1744 per
1509 1678 1859 1749 baptismum,
1897 1699 1992 1740 eos
2029 1687 2080 1741 iu
2129 1705 2235 1744 cae-

649 1755 783 1810 teris
818 1757 1006 1814 beatos
1030 1762 1336 1830 praedicans
1370 1785 1383 1820 :
1416 1769 1746 1838 quibusdam
1777 1789 1907 1831 vero
1941 1793 2232 1848 superesse

648 1853 711 1900 ut
753 1861 850 1917 per
883 1851 1292 1910 confessionem
1333 1866 1387 1913 et
1435 1862 1814 1930 paenitentiam
1856 1867 2224 1930 dimittantur.
2262 1859 2302 1914 Β

647 1936 791 1992 Sunt
824 1955 950 1996 vero
985 1942 1078 1998 alii
1107 1943 1320 2014 Patres,
1359 1951 1449 2020 qui
1487 1952 1645 2008 aliter
1685 1955 1789 2011 hoc
1821 1959 2023 2015 dictmn
2061 1967 2234 2035 expli-

645 2039 793 2086 cant.
823 2031 942 2088 Non
975 2034 1192 2091 videtur
1239 2039 1374 2095 mihi
1429 2053 1573 2100 recte
1639 2047 1840 2116 dicere,
1885 2054 2030 2122 quod
2080 2031 2231 2127 Apo-

653 2121 834 2178 stolus
863 2137 1034 2196 pouat
1054 2136 1164 2184 tres
1202 2129 1423 2189 ordines
1450 2134 1758 2194 hominum.
1799 2121 1976 2198 Unum
2005 2147 2228 2216 quidem

647 2223 974 2284 martyrum,
1016 2227 1072 2274 et
1097 2219 1395 2290 justorum,
1431 2241 1572 2296 quos
1615 2230 1690 2284 ait
1734 2249 1840 2286 non
1874 2235 2225 2306 judicandos,

641 2306 738 2360 sed
762 2307 979 2377 judices
1007 2310 1147 2379 fore,
1171 2313 1258 2370 his
1294 2318 1506 2374 verbis:
1542 2323 1624 2376 Au
1649 2327 1864 2382 nescitis
1892 2332 2030 2395 quod
2053 2336 2226 2389 sancti

637 2396 706 2453 de
765 2400 961 2456 mundo
1006 2403 1328 2472 judicabant
1381 2410 1453 2465 εἳ
1501 2412 1791 2474 Secundus
1842 2430 2024 2476 autem
2091 2426 2226 2481 ordo

637 2501 827 2544 eorum
856 2492 949 2561 qui
977 2510 1084 2550 non
1113 2496 1534 2569 judicabuntur,
1576 2515 1637 2560 ut
1667 2507 1986 2581 impiorum,
2029 2524 2084 2570 et
2129 2519 2221 2587 qui

635 2595 746 2636 non
777 2584 1081 2643 servierunt
1110 2587 1241 2646 Deo.
1273 2593 1582 2668 Resurgent
1613 2600 1756 2656 enim
1784 2602 1884 2671 illi,
1911 2622 2009 2662 nec
2042 2610 2110 2664 ad
2134 2611 2225 2681 ju-

634 2671 838 2729 dicium
867 2676 1229 2736 deducentur.
1259 2685 1352 2740 Ait
1376 2687 1525 2742 enim
1557 2689 1730 2747 David
1759 2711 1772 2747 :
1798 2693 1941 2765 Ideo
1985 2717 2089 2754 non
2134 2671 2223 2758 re-

634 2777 853 2836 surgent
880 2770 1031 2841 impii
1073 2774 1129 2826 in
1157 2773 1370 2843 judicio
1403 2777 1418 2829 l
1463 2795 1588 2836 cum
1622 2783 1960 2854 judicandis.
1998 2791 2220 2854 Tertius

631 2947 768 3001 catis
796 2957 978 3006 autem
1009 2955 1196 3011 multis
1231 2957 1457 3015 obnoxii
1489 2961 1732 3034 fuerunt,
1783 2985 1884 3039 pro
1929 2947 2130 3044 quibus
2159 2991 2219 3036 ut

2357 593 2556 647 αὐτῶν
2581 599 2652 651 οὐ
2679 601 3174 672 συντριϐήσεται,
3210 605 3478 661 δείκνυσιν
3507 610 3592 664 ὅτι
3621 611 3818 688 ζωτικὴ

2354 686 2560 758 ἔχουσι,
2602 691 2698 745 καὶ
2743 694 3004 764 παρέχειν
3058 697 3209 752 ἐστὶν
3269 699 3431 754 ἱκανὰ
3471 706 3586 769 τοῖς
3622 711 3915 778 προσιοῦσιν

2356 777 2583 848 ἰάματα.
2616 782 2714 836 Διά
2768 784 2878 854 γὰρ
2909 785 2976 838 τὰ
3013 787 3152 840 αὐτὰ
3204 789 3272 842 τὰ
3305 791 3398 845 νῦν
3447 793 3554 847 ὑπὸ
3599 777 3693 849 τοῦ
3731 801 3914 874 Κυρίου

2351 869 2740 941 φυλασσόμενα
2779 876 2933 942 ὀστᾶ,
2982 879 3254 935 ὲνωθέντα
3303 884 3576 957 ἀλλήλοις,
3617 869 3915 966 ἀπολαμϐά-

2349 973 2520 1014 νει....
2535 1000 2548 1012 .
2566 960 2664 1031 τὴν
2684 964 2893 1018 οἰκείαν
2914 964 3114 1037 ψυχὴν,
3141 971 3234 1022 καὶ
3261 979 3507 1029 κοινωνεί
3533 978 3642 1032 τῶν
3663 982 3913 1052 ἐπάθλων,

2346 1051 2382 1104 ἃ
2411 1054 2469 1105 ἐν
2499 1057 2610 1118 τοῖς
2657 1056 2981 1122 ἄθλοις......
3018 1072 3113 1117 καὶ
3145 1067 3315 1122 πολλὰ
3349 1070 3447 1140 μὲν
3496 1071 3617 1127 ἔστι
3663 1079 3754 1130 καὶ
3797 1082 3912 1136 ἄλλα

2345 1143 2530 1199 λαϐεῖν
2563 1149 2643 1213 εἰς
2675 1151 2970 1219 ἀπόδειξιν,
3026 1157 3226 1212 ἐνεῖναι
3269 1161 3494 1234 δύναμίν
3539 1184 3664 1222 τινα
3695 1174 3799 1236 τοῖς
3820 1177 3913 1229 τῶν

2343 1237 2515 1305 ἁγίων
2543 1239 2771 1310 ὀστέοις,
2799 1243 2952 1314 δηλοῖ
2973 1246 3030 1300 δὲ
3055 1249 3146 1302 καὶ
3167 1251 3195 1303 ὁ
3217 1253 3410 1324 νεκρὸς
3437 1255 3498 1309 ὃν
3528 1259 3580 1310 οἱ
3615 1261 3910 1329 κομίζοντες

2345 1331 2488 1384 κατά
2514 1350 2636 1386 τινα
2667 1335 2877 1407 ἐχθρῶν
2904 1339 3227 1413 ἐπιδρομὴν,
3266 1344 3341 1416 μὴ
3390 1347 3716 1418 δυνηθέντες
3743 1355 3816 1424 τῷ
3838 1358 3911 1408 εύ-

2340 1423 2686 1492 τρεττισθέντι
2707 1427 2866 1499 τάφῳ
2897 1431 3261 1500 παραδοῦναι,
3294 1434 3794 1509 τῆςῖπεριστάσεως
3821 1446 3905 1497 αὖ·

2337 1514 2465 1576 τοὺς
2495 1515 2922 1590 ὲμϐιαζομένης,
2959 1522 3038 1593 τῷ
3079 1524 3238 1596 τάφῳ
3281 1526 3410 1581 ἔνθα
3435 1530 3504 1583 τὰ
3541 1531 3680 1586 ὁστᾶ
3708 1536 3796 1588 τοῦ
3826 1537 3908 1589 ἀν.

2337 1601 2559 1674 θρώπου
2595 1607 2858 1663 ἐτέθαπτο
2978 1613 3112 1666 Θεοῦ
3149 1619 3596 1690 συγκατέθαψαν.
3628 1626 3738 1679 Καὶ
3769 1630 3908 1702 γάρό

2335 1698 2527 1766 νεκρὸς
2558 1699 2799 1766 πελάσας
2828 1706 2940 1766 τοῖς
2973 1703 3067 1758 τοῦ
3101 1711 3386 1780 προφήτου
3427 1712 3709 1784 λειψάνοις
3737 1698 3907 1777 Θᾶττον

2333 1788 2494 1857 λόγου
2541 1792 2634 1844 τοῦ
2665 1793 2837 1863 τάφου
2889 1797 3197 1865 ἀνίσταται,
3255 1803 3352 1856 καὶ
3394 1803 3584 1879 δρόμῳ
3636 1810 3727 1865 τὸν
3777 1809 3906 1870 οἷκον

2334 1882 2659 1937 καταλαϐὼν
2688 1886 3002 1950 ἐξετάζεται
3037 1890 3281 1964 ἔμψυχος
3317 1897 3486 1969 στήλη
3514 1902 3614 1954 καὶ
3654 1903 3903 1974 ducasth

2330 1978 2441 2040 τοῖς
2472 1978 2581 2031 τῶν
2606 1979 2778 2048 ἁγίων
2806 1983 3247 2054 προτεθειμένος.
3277 1990 3387 2043 Καὶ
3410 1993 3586 2048 πολλά
3607 1997 3757 2052 ἄλλα.
3792 2002 3897 2056 ’Ότι

2328 2068 2390 2121 τὸ
2423 2068 2522 2138 μὲν
2561 2072 2832 2142 ἀφεθῆναί
2869 2093 3002 2144 φασι
3031 2077 3134 2142 τὰς
3171 2080 3447 2152 ἁμαρτίας
3478 2085 3572 2140 διὰ
3599 2087 3693 2141 τοῦ
3727 2089 3899 2160 βαπτί-

2330 2177 2535 2230 σματος
2579 2161 2708 2234 [τῶν
2743 2165 2840 2234 μὲν
2872 2166 3048 2222 ἄλλων
3095 2173 3416 2243 μακαρίζων
3444 2179 3576 2242 τοὺς
3624 2181 3895 2249 τοιούτους,

2325 2255 2440 2316 τοῖς
2464 2253 2521 2306 δὲ
2550 2253 2618 2326 ⁸⁷]
2654 2257 2993 2327 περιγίνεται
3028 2262 3124 2315 καὶ
3167 2265 3439 2338 ἀφεθῆναι
3477 2271 3524 2301 ³⁸
3548 2271 3616 2324 δι’
3662 2274 3898 2346 ἑξομολο·

2325 2346 2540 2414 γήσεως
2569 2345 2664 2401 καὶ
2709 2351 3022 2418 μετανοίας.
3054 2355 3174 2409 Εἰσὶ
3200 2357 3246 2410 δ’
3297 2358 3448 2414 ἄλλοι
3486 2361 3600 2418 τῶν
3638 2345 3896 2439 Πατέρα-ν,

2323 2436 2374 2489 οἳ
2409 2436 2586 2501 άλλως
2614 2439 2714 2510 τὴν
2763 2441 2856 2495 τοῦ
2913 2446 3080 2515 ῥητοῦ
3119 2449 3397 2506 ποιοῦνται
3437 2453 3757 2524 ἀνάπτυξιν.
3787 2461 3893 2514 Ὅτι

2325 2527 2514 2598 φησὶν,
2535 2527 2608 2582 05
2639 2547 2728 2600 μοι
2745 2531 2888 2586 δοκῶ
2911 2535 3155 2608 ἀκριϐῶς
3175 2539 3378 2610 λέγειν,
3403 2544 3488 2598 ὅτι
3518 2546 3650 2618 τρία
3666 2549 3892 2621 τάγματα

2323 2619 2434 2673 τῶν
2484 2619 2790 2691 ἀνθρώπων
2834 2627 2863 2678 ὁ
2906 2626 3227 2696 Ἀπόστολος
3276 2635 3499 2705 μηνύει,
3560 2636 3620 2692 ἓν
3677 2641 3769 2711 μὲν
3801 2643 3891 2697 τῶν

2324 2715 2622 2787 μαρτύρων
2655 2717 2749 2770 καὶ
2774 2718 3020 2788 δικαίων,
3048 2721 3141 2786 οὓς
3169 2725 3229 2778 ού
3250 2724 3584 2802 [κρίνεσθαι]
3603 2733 3889 2803 δεομένους,

2319 2805 2456 2861 ἀλλὰ
2485 2808 2680 2879 κριτὰς
2703 2810 2900 2876 αὐτοὺς
2931 2813 3228 2884 ἀποφαίνει
3263 2819 3307 2851 θ’
3339 2820 3486 2874 κατὰ
3523 2821 3588 2875 τὸ
3625 2824 3888 2898 εἰρημένον

2320 2899 2488 2970 φησίν
2509 2916 2522 2929 ·
2558 2904 2679 2956 Οὐκ
2704 2903 2905 2959 οἴδατε
2937 2906 3026 2960 ὅτι
3055 2910 3111 2962 οἱ
3155 2908 3310 2980 ἅγιοι
3362 2911 3474 2966 τὸν
3523 2916 3755 2985 κόσμον
3779 2919 3888 2986 κρί-

2316 3007 2535 3058 νουσι;
2587 2994 2838 3067 δεύτερον
2875 2998 2933 3052 δὲ
2988 3001 3062 3072 μὴ
3112 3002 3507 3079 κρι[νομένων]
3552 3009 3658 3063 τῶν
3699 3010 3886 3064 ἀσεϐῶν

2315 3084 2599 3153 τυγχάνει,
2627 3085 2735 3139 τῶν
2779 3085 2854 3158 μὴ
2891 3087 3330 3160 λελατρευκὸτων
3377 3095 3498 3167 Θεῷ
3527 3111 3540 3124 ⁶
3579 3100 3886 3169 ἀναστήσονο

627 3129 920 3200 participes
947 3131 1175 3192 fuimus.
1201 3136 1294 3196 Sic
1315 3144 1536 3211 quidem
1573 3129 1865 3222 Eulogius.
1902 3157 2007 3215 Sed
2033 3179 2210 3235 neque

627 3228 817 3263 f-‘m‘ln
868 3226 1046 3263 nrntin
1094 3230 1366 3263 οηηιιὲηηη
1452 3236 1654 3263 :...a:..--
1713 3259 1760 3263 -_
1953 3261 1959 3263 _

2326 3129 2376 3136 -.ν
2397 3129 2599 3153 ,Λπννν’
2637 3129 2730 3139 -ννγ
2779 3129 2854 3158 (σι-⁸
2891 3129 3329 3160 "anu-ruunavwv
3379 3129 3498 3167 νειμ
3579 3129 3882 3169 ανιιυιιλυυν·

2316 3193 2406 3229 ται
2440 3175 2540 3247 μὲν
2565 3177 2675 3249 γάρ
2703 3180 2798 3233 καὶ
2819 3174 2985 3246 οῦτοι,
3018 3184 3099 3246 είς
3128 3185 3312 3254 κρίσιν
3339 3186 3396 3240 δὲ
3425 3188 3530 3243 οὐκ
3556 3189 3882 3262 άχθήσονται,

623 3505 1005 3556 verumtamen
1034 3503 1306 3573 judicium
1343 3514 1717 3585 sustinebunt,
1766 3525 1831 3579 ad
1874 3529 2206 3590 reddendam

620 3584 912 3642 rationem.
972 3589 1271 3661 Apostolus
1339 3601 1484 3656 enim
1544 3603 1738 3680 5446
1801 3627 1911 3669 non
1974 3584 2209 3680 σοιιᾷξᾷ

620 3689 841 3738 sanctos
882 3699 1008 3740 cum
1046 3687 1270 3746 Christo
1314 3692 1550 3764 iudices,
1607 3704 1703 3758 sed
1753 3709 2201 3780 redargutionem

620 3775 834 3842 mundi,
867 3785 924 3832 et
952 3779 1469 3843 condemnationem
1509 3806 1723 3862 eorum,
1755 3801 1848 3869 qui
1884 3816 2204 3865 sanctorum

618 3871 774 3919 mere
833 3882 942 3922 non
991 3870 1266 3942 vixerunt,
1317 3881 1556 3936 ostendit
1602 3885 1886 3959 futuram,
1939 3901 2206 3966 quemad-

619 3951 846 4006 modum
879 3954 1082 4012 dicitur
1109 3960 1163 4015 iu
1193 3960 1528 4035 Evangeliis,
1560 3971 1830 4035 Ninivitas
1871 3992 1926 4037 et
1957 3951 2201 4058 ieginam

613 4041 825 4108 Austri,
862 4062 982 4116 quae
1023 4059 1152 4108 tunc
1199 4053 1319 4122 luit,
1379 4059 1720 4129 judicaturos
1767 4041 2199 4150 generationem,

613 4148 737 4202 quae
765 4135 986 4196 Christo
1024 4158 1132 4198 non
1169 4147 1420 4206 credidit.

2315 3268 2429 3321 ἀλλ’
2461 3271 2541 3333 εἰς
2586 3269 2962 3345 [κατάκρισιν]
2992 3290 3008 3306 ο
3041 3275 3136 3328 καὶ
3189 3277 3298 3349 γάρ
3352 3297 3520 3350 φησιν
3569 3285 3598 3336 ὁ
3644 3283 3880 3337 Δαϐίδτθ·

2188 3383 2212 3393 -
2313 3358 2416 3413 Διὰ
2463 3361 2642 3416 τοῦτο
2671 3365 2786 3418 oin:
2828 3365 3285 3433 ἀναστήσονται
3314 3371 3557 3439 ἀσεϐεῖς
3600 3374 3669 3428 ἐν
3712 3375 3882 3442 κρίσει

2193 3486 2206 3509 ν
2307 3453 2461 3523 μετὰ
2486 3459 2871 3526 κρινομένων.
2898 3460 3095 3530 Τρίτον
3120 3463 3164 3516 δ’
3195 3465 3235 3494 ⁷¹
3264 3460 3402 3518 ε’ναι
3435 3467 3647 3538 τάγμα,
3669 3467 3696 3520 ὃ
3724 3467 3882 3520 θεοσε-

2312 3548 2428 3603 ϐεἶν
2462 3550 2774 3620 ᾑρετίσατο,
2810 3554 3117 3626 πταίσμασι
3162 3557 3219 3609 δὲ
3271 3559 3488 3624 πολλοῖς
3529 3562 3783 3632 ἐνέχεται,
3815 3553 3878 3613 ὧν

2312 3639 2408 3692 καὶ
2441 3641 2473 3710 ἡ
2503 3639 2685 3712 κρίσις
2707 3642 2859 3696 ἔσται
2896 3644 3036 3715 πρὸς
3069 3645 3362 3716 ἀπολογίαν.
3405 3643 3879 3722 ἐκκαλουμένη,ὧν

2313 3730 2514 3803 [ἕτεροι
2548 3732 2756 3805 ἐτέροις
2785 3735 3209 3810 ὲκοιν]ὡσαμεν.
3243 3739 3401 3796 Οὕτω
3434 3745 3532 3798 ιιὲν
3567 3746 3594 3798 ὁ
3625 3744 3874 3813 Εύλόγιος,

2309 3823 2424 3877 ἀλλ’
2454 3823 2576 3879 οὔτε
2602 3825 2663 3880 τὸ
2693 3830 2886 3898 κριτὰς
2911 3831 3356 3900 συγκαθεσθῆναι
3383 3834 3456 3906 rei.
3497 3835 3716 3909 Χριστῷ
3741 3835 3877 3905 ἀκρι-

2308 3917 2420 3980 ϐῶς
2452 3917 2610 3988 λόγος
2661 3919 2896 3984 δίδωσιν,
2941 3921 3066 3976 οὔτε
3095 3925 3156 3977 τὸ
3199 3927 3274 3996 μὴ
3320 3928 3530 3993 πάντας
3557 3928 3873 4002 παραστῆναι

2305 4003 2384 4075 τῷ
2420 4005 2627 4076 βήματι
2651 4023 2666 4037 ’
2701 4008 2786 4060 ἀεὶ
2820 4009 2928 4081 γάρ
2973 4011 3069 4064 καὶ
3095 4012 3144 4062 οἱ
3171 4014 3387 4081 ἀσεϐεῖς
3420 4035 3454 4071 ο.
3493 4019 3869 4088 τοκατάκριτοι.

2318 4095 2458 4148 Ἀλλ’
2497 4096 2590 4150 οὖν
2638 4095 2797 4167 λόγον
2839 4101 3233 4173 ἀπαιτούμενοι
3282 4107 3384 4176 τὴν
3431 4127 3615 4179 κρισιν
3645 4107 3867 4166 ....οῦσι.

2309 4184 2418 4237 Καὶ
2448 4185 2509 4238 τὸ
2537 4187 2893 4244 ἁποστολικὸν
2925 4189 2984 4243 δὲ
3023 4193 3183 4262 ῥητὸν
3223 4196 3283 4248 οὐ
3331 4198 3653 4266 συγκαθίξει
3678 4194 3870 4268 Χριστῷ

2309 4230 2418 4237 --νν-
2459 4230 2507 4238 vv
2537 4230 2891 4244 v-v-vv-vnvvvlv
2927 4230 2984 4243 νυ
3023 4230 3180 4262 VI‘U'J'
3223 4230 3282 4248 υν
3331 4230 3653 4266 υυιῆυουιτῠι
3678 4230 3865 4268 Atil-'5‘?

611 4230 806 4300 κριτὰς
850 4232 977 4297 τ’)ὺῖ
1035 4237 1242 4306 ἁγίουςν
1272 4241 1409 4298 ἀλλά
1459 4246 1680 4322 ἔλεγχον
1721 4256 1815 4310 τοῦ
1859 4262 2066 4336 κόσμου
2116 4273 2210 4326 καὶ
2241 4278 2567 4349 κατάκρισιν
2591 4279 2702 4332 τῶν
2739 4281 2856 4333 ὅσοι
2913 4283 2988 4353 μὴ
3026 4287 3165 4355 κατέ
3185 4287 3426 4352 ἐκείνους
3461 4288 3706 4362 [89011.1
3757 4289 3865 4339 ἑπο-

611 4325 928 4362 Ἅοφειῖηηυφη
971 4333 1303 4362 "malm—ﬂ.
1351 4339 1505 4362 1..--ιι
1670 4347 1694 4362 η
1891 4356 1906 4362 -
1937 4359 1946 4362 -

1964 4325 1976 4336 .
2198 4325 2207 4326 κ
2242 4325 2559 4349 ---ηπ-τμη
2603 4325 2697 4332 -..-
2742 4325 2856 4333 ----
2913 4325 2988 4353 ι...
3028 4325 3423 4355 ..η-,υηηυυς
3461 4325 3705 4362 lusum,

610 4325 928 4381 λίτεύσαντο
971 4333 1303 4406 παρίστησιν
1349 4339 1607 4412 ἔσεσθαι,
1660 4347 1848 4422 ὥσπερ
1891 4356 2037 4429 λέγει
2097 4367 2189 4419 καὶ
2246 4371 2306 4424 ὲν
2361 4373 2475 4433 τοῖς
2512 4373 2855 4443 εὐαγγελίοις
2900 4377 3188 4441 Νινευίτας
3238 4380 3332 4433 καὶ
3375 4381 3694 4452 βασίλισσαν
3734 4384 3865 4435 νότου

610 4420 708 4452 ηυξ...
740 4421 861 4452 ..λ-ρ
915 4429 1266 4452 ..--..---ε,.-η.
1315 4436 1329 4452 ο
1394 4435 1408 4452 ρ
1601 4440 1623 4452 ..
1903 4451 1906 4452 ,

608 4420 708 4493 τὴν
740 4421 863 4475 τότε
915 4429 1267 4498 κατακρίνειν
1307 4435 1552 4503 ἀπίστως
1598 4440 1828 4513 ἔχουσαν
1853 4451 1932 4521 τῷ
1970 4456 2193 4532 Χριστῷ
2219 4465 2431 4533 γενεάν.

680 4513 744 4533 h,
781 4516 808 4533 γ’
833 4516 844 4533 Ι
889 4526 902 4533 -
1193 4523 1204 4533 ³
1433 4527 1466 4533 ’⁸

679 4513 848 4571 David
889 4526 997 4574 tres
1060 4523 1307 4579 nominat
1349 4527 1572 4588 ordines
1622 4536 1706 4591 his
1770 4541 1948 4599 verbis

608 4621 711 4660 non
752 4620 1020 4679 resurgant
1046 4613 1200 4684 impii
1236 4618 1291 4671 in
1316 4619 1543 4688 judicio.
1581 4626 1713 4684 Vide
1760 4633 2011 4692 ultimum
2048 4642 2194 4697 ordi-

607 4713 753 4753 nem.
805 4700 988 4772 Neque
1018 4718 1316 4774 peccatores
1345 4715 1401 4768 in
1435 4720 1660 4776 concilio
1675 4723 1946 4792 justorum
1973 4731 2019 4786 κ.
2056 4733 2192 4792 Vide

605 4807 732 4848 eum
773 4796 867 4865 qui
899 4801 1163 4869 sequitur.
1195 4805 1336 4871 Quia
1365 4812 1502 4866 novit
1555 4815 1809 4874 Dominus
1839 4823 1972 4877 viam
2022 4827 2190 4891 iusto-

607 4899 724 4936 rum
753 4882 796 4938 ι.
837 4885 990 4956 Vide,
1026 4891 1223 4963 inquit,
1269 4900 1534 4968 optimum
1571 4907 1840 4977 ordinem,
1880 4923 1934 4968 et
1993 4918 2186 4974 horum

603 4973 852 5046 singulos
891 4981 1094 5040 habere
1125 4991 1428 5061 proprium,
1476 5004 1529 5052 et
1582 4973 1903 5060 attributum
1942 5009 2047 5065 sibi
2087 5027 2187 5083 pro

609 5067 819 5125 meritis
850 5070 1051 5132 locum.

685 5247 703 5289 ί
743 5247 760 5303 1
791 5249 916 5307 Cor.
953 5267 1028 5321 νι,
1068 5255 1123 5312 2.

1239 5287 1253 5309 ι
1295 5261 1443 5324 Psal.
1479 5285 1540 5338 ll,
1575 5270 1630 5326 5.
1746 5275 1773 5315 ι
1801 5274 1947 5333 Psal.
1978 5294 2020 5346 ι,
2053 5281 2109 5336 5.

1993 4564 2006 4601 :
2060 4547 2188 4604 Ideo
2223 4564 2265 4618 ι)

2367 4555 2489 4609 Ὅτι
2521 4557 2550 4609 ὁ
2579 4557 2742 4612 Δαυὶδ
2779 4559 2846 4613 τὰ
2894 4561 3020 4632 τρία
3067 4565 3466 4636 προσαγορεύει
3504 4569 3751 4636 τάγματα
3789 4563 3860 4616 διὰ

2298 4644 2505 4702 τούτων
2530 4648 2639 4702 τῶν
2675 4651 2937 4720 ῥημάτων
2960 4669 2974 4683 ⁸
3006 4655 3110 4708 Διὰ
3137 4657 3313 4710 τοῦτο
3348 4659 3459 4713 οὐκ
3504 4657 3858 4724 ἀναστήσον-

2298 4755 2393 4792 ται
2425 4739 2663 4808 ἀσεϐεῖς
2688 4744 2760 4797 ἐν
2784 4746 2997 4812 κρίσει·
3027 4748 3134 4800 ἰδοῦ
3167 4749 3226 4802 τὸ
3255 4749 3481 4822 ἔσχατον
3500 4755 3701 4824 τάγμα.
3728 4745 3858 4802 Οὐδὲ

2295 4833 2727 4902 ἁμαρτωλοὶὲν
2764 4839 2970 4908 βουλῇ
3016 4841 3291 4896 δικαίων·
3341 4844 3447 4900 ίδοὺ
3495 4848 3556 4900 τὸ
3607 4845 3852 4915 ἐχόμενον.

2298 4924 2428 4979 Ὅτι
2463 4927 2744 4996 γινώσκει
2791 4932 3006 4998 Κύριος
3053 4934 3200 4989 ὁδὸν
3231 4934 3496 4992 δικαίων.
3542 4938 3685 5004 Ἰδοὺ,
3718 4933 3852 5005 φησὶν

2294 5019 2390 5071 καὶ
2443 5020 2506 5072 τὸ
2549 5020 3023 5094 ἄριστονζτάγμα,
3058 5027 3166 5080 Καὶ
3219 5027 3424 5083 τούτων
3472 5030 3694 5085 ἕκαστον
3738 5025 3852 5079 ἰδίαν

2296 5111 2440 5180 ἔχειν
2466 5113 2908 5189 ἐκνενεμημὲνην
2939 5119 3088 5191 αὐτῷ
3121 5120 3187 5174 δι’
3213 5116 3287 5176 ὧν
3317 5120 3520 5195 ἔπραξε
3554 5122 3742 5195 χώραν.

2226 5282 2245 5324 ι
2282 5286 2415 5343 ibid.
2450 5290 2502 5345 6.

1907 5481 2144 5540 VARIIE
2183 5486 2576 5547 LECTIO'NES

707 5633 1254 5738 :‘quze'lili'cﬂent‘inl’ra
1289 5643 1670 5738 iqclusasunt,
1701 5669 1763 5710 ea
1784 5657 1899 5738 sola
1934 5661 2097 5738 habet
2135 5663 2611 5738 llothomagcnsis.
2690 5673 2736 5705 ⁸³

604 5699 663 5752 δέ
681 5699 835 5795 ‘Ccti.
870 5707 1174 5795 ct'llpesch.
1227 5785 1241 5795 _
1324 5699 1371 5747 σθ
1407 5719 1572 5795 αυτὸν
1598 5699 1918 5795 ἀέοφαίνεῗν
1951 5699 2066 5788 Clin.

608 5769 892 5837 πολλοῖς...
930 5780 1135 5850 ἑτέροις
1155 5785 1400 5856 ἐνέχεται
1424 5769 1537 5843 Gl‘l’.

2177 5737 2224 5768 ⁷⁸
2257 5737 2590 5810 κρινομένων
2611 5742 2791 5814 τρίτον
2847 5747 2892 5799 δ’
2941 5737 3126 5816 1(,...ί.

2801 5676 2892 5760 καί
2925 5675 3192 5760 άξρεθῆναι
3220 5673 3832 5760 δι’-αι)ιΙιἹ-ξιαμῇθῇγαέ

3186 5752 3424 5821 ριμένων
3477 5738 3568 5810 Cll
3619 5738 3629 5750 ’
3659 5738 3694 5782 ί¹
3730 5738 3832 5805 δὲῆ
