4176 6478
619 483 778 558 μϋει
963 488 1064 542 Ἔχ
1098 486 1203 540 τοῦ
1235 486 1290 550 ς’
1317 486 1524 555 λόγου.

343 576 473 628 Ὅτι
491 577 548 628 ἐν
580 576 657 646 τῷ
683 578 826 648 ’έκτῳ
854 577 999 649 λόγῳ
1017 578 1226 647 ἐλέγχει
1256 576 1318 630 τὸ
1347 576 1650 648 φερόμενον
1679 575 1864 630 Ναυά-

264 685 366 721 του
399 669 896 740 ψευδομαρτύρων,
933 672 961 724 ὃ
1006 673 1100 725 καὶ
1148 671 1228 735 είς
1258 671 1506 724 Ναυάτον
1539 668 1640 739 μὲν
1667 667 1862 740 [λέγει]

265 757 367 810 ἕνα
406 759 537 811 ὄντα
591 760 704 814 τῶν
755 761 862 814 ὑπο
913 763 1248 817 Μακεδόνων
1302 763 1602 816 ἐπίσκοπον
1646 763 1865 833 Ῥώμης

266 851 628 919 τεταγμένων
660 851 807 904 ὀκτὼ
841 853 1228 924 πρεσϐυτέρων
1279 855 1442 926 μόνον
1470 855 1531 909 τὸ
1563 855 1864 928 μαρτύριον

267 941 372 1012 τῆς
406 944 488 1004 εἰς
513 943 752 1014 Χριστὸν
792 945 1083 1016 ὁμολογίας
1127 947 1447 1015 διενεγκεῖν,
1475 951 1603 1012 τοῦς
1636 949 1692 1001 δὲ
1725 948 1865 1002 ἑπτὰ

275 1030 395 1101 ἅμα
423 1032 748 1103 Μακεδονίῳ
773 1033 1028 1088 ὲπιθῦσαι
1056 1038 1168 1100 τοῖς
1198 1037 1440 1101 εἰδώλοις
1461 1055 1475 1068 ·
1508 1056 1867 1110 μεμαρτυρη-

276 1121 431 1174 κέναι
456 1122 513 1176 δὲ
555 1122 653 1176 σὺν
678 1125 828 1193 αύτῷ
863 1126 1055 1196 μόνους
1087 1131 1151 1181 ὲκ
1176 1130 1396 1183 πάντων
1421 1130 1606 1200 σχεδὸν
1631 1131 1740 1184 τῶν
1767 1133 1865 1202 τῆς

273 1213 483 1277 δύσεως
509 1217 856 1286 Χριστιανῶν
889 1220 1209 1292 Μάρκελλον
1243 1223 1339 1276 καὶ
1373 1223 1720 1294 Ἀλέξανδρον
1743 1226 1867 1277 ἐπι-

277 1307 514 1371 σκόπους
545 1307 843 1381 Ἀκυληῖας
876 1311 971 1364 καὶ
1009 1313 1392 1384 ’Λγαμέμνονα
1428 1315 1731 1368 ἐπίσκοπον
1767 1317 1865 1367 Τι-

272 1398 503 1469 ὗέρεως,
550 1400 645 1464 οὓς
694 1402 811 1473 ἅμα
844 1403 1081 1474 Ναυάτῳ
1134 1406 1273 1477 μετὰ
1315 1407 1376 1460 τὸ
1405 1408 1708 1478 μαρτύριον
1759 1407 1865 1479 ἰδίᾳ

269 1493 666 1558 συνοικοῦντας
695 1499 790 1549 καὶ
822 1499 1153 1567 συνάγοντας
1181 1498 1256 1570 μὴ
1283 1499 1574 1570 ἀνέχεσθαι
1602 1504 1714 1565 τοῖς
1740 1503 1863 1554 ἐπι-

262 1585 525 1639 τεθυκόσι
586 1589 961 1659 συνιερᾶσθαι.
1005 1589 1306 1644 Ἑπιθεῖναί
1339 1609 1398 1645 τε
1450 1592 1673 1656 τούτους
1716 1592 1865 1664 αὐτῷ

264 1677 396 1738 τοὺς
421 1679 765 1743 ἐπισκόπους
785 1680 884 1745 τὰς
920 1684 1130 1754 χεῖρας,
1161 1684 1260 1756 τὴν
1297 1685 1396 1754 τῆς
1432 1684 1653 1757 Ῥώμης
1676 1687 1863 1757 ἀρχιε-

262 1768 507 1839 ρατικὴν
537 1768 696 1834 ἀξίαν
726 1771 1231 1846 τελεσιουργούσας.
1266 1778 1523 1830 Γενέσθαι
1545 1778 1600 1831 δὲ
1636 1779 1696 1831 τὸ
1723 1797 1863 1850 μαρ-

259 1857 461 1930 τύριον
515 1863 707 1918 Δεκίου
753 1867 855 1936 μὲν
887 1870 983 1922 καὶ
1027 1870 1323 1941 Οὐαλερίου
1371 1873 1658 1943 Ῥωμαίων
1707 1873 1862 1945 βασι-

259 1950 542 2018 λεύοντος,
573 1955 864 2027 Περεννίου
909 1961 966 2013 δὲ
1021 1962 1382 2035 δουκηναρίου
1418 1966 1520 2037 τὴν
1558 1966 1703 2020 κατὰ
1752 1967 1862 2021 τῶν

259 2045 621 2114 Χριστιανῶν
650 2050 906 2105 ἀπόνοιαν
933 2053 1027 2107 καὶ
1056 2057 1330 2129 τιμωρίαν
1356 2060 1858 2131 ἐγκεχειρισμένου.

260 2137 374 2190 Καὶ
401 2139 710 2211 μαρτύριον
729 2145 904 2200 ἐκεῖνο
925 2147 985 2199 τὸ
1007 2148 1243 2219 γράμμα
1263 2150 1363 2222 τὴν
1388 2151 1701 2224 ἐπιγραφὴν
1723 2152 1858 2222 ἔχει,

255 2225 387 2281 οὔτε
409 2229 470 2282 δὲ
498 2232 772 2302 μάστιγας
800 2235 924 2288 οὔτε
954 2239 1194 2312 ποινὴνῆ
1227 2239 1462 2312 βάσανον
1489 2245 1580 2298 τὸν
1606 2245 1860 2300 Ναυάτον

254 2320 571 2390 διενεγκεῖν
597 2325 928 2398 ἀναγράφει.
955 2331 1148 2386 Καίτοι
1181 2333 1289 2388 τῶν
1318 2334 1539 2390 πώποτε
1575 2336 1860 2406 ὠμότατον

258 2414 409 2466 κατά
440 2415 791 2486 Χριστιανῶν
818 2425 1120 2492 γεγονότων
1161 2427 1448 2496 Περέννιον
1503 2427 1856 2498 ἀναγράφων,

263 2505 346 2568 είς
369 2505 637 2574 διαλέξεις
667 2511 795 2580 περὶ
836 2515 1140 2586 μαρτυρίου
1172 2518 1218 2548 ⁷³
1249 2518 1573 2584 ἀλλοκότους
1600 2523 1856 2576 Ναυάτου

262 2596 369 2668 τὴν
405 2600 712 2670 μαρτυρίαν
749 2605 1120 2675 περικλείσας,
1144 2607 1316 2674 οὕτως
1351 2611 1513 2666 αὑτὸν
1551 2613 1739 2684 ἐξάγει
1764 2613 1856 2669 τοῦ

263 2688 442 2762 [ﬁo],
477 2692 704 2765 ὀνείρων
733 2695 954 2751 ἄνθεσιν
999 2699 1469 2774 ἐστεφανωμένον.
1502 2704 1674 2760 Τοῦτο
1702 2706 1766 2779 δὴ
1797 2708 1857 2762 τὸ

258 2782 648 2839 κακόπλαστόν
678 2803 737 2839 τε
765 2788 858 2842 καὶ
897 2791 1222 2848 ἀδιάστατον
1244 2799 1650 2868 γραμματίδιον
1681 2800 1740 2853 ἐν
1779 2801 1857 2872 τῷ

256 2872 410 2944 ἕκτῳ
438 2876 607 2929 αὐτοῦ
622 2877 890 2953 διελέγχει
916 2881 1082 2955 λόγῳ.
1105 2884 1271 2954 Λέγει
1291 2887 1348 2940 δὲ
1365 2887 1531 2954 αὐτὸς
1547 2871 1645 2943 ’τὸν
1670 2871 1856 2948 Ναυά-

252 2983 351 3054 τον
391 2967 877 3052 ἀρχιεμιτεύοντος
907 2975 1210 3047 Κορνηλίου
1247 2977 1467 3052 Ῥώμης
1499 2982 1592 3035 τὸν
1637 2986 1854 3054 πρῶτον

257 3053 642 3150 βαθμὸνῌτῶν
670 3061 935 3118 διακόνων
983 3065 1129 3138 ἔχειν
1163 3071 1394 3124 λαϐόντα
1441 3074 1593 3145 παρά
1641 3077 1853 3150 Κορνη-

1324 363 1846 428 BIBLIOTHECA.
1888 386 1955 396 -
1986 362 2130 423 COD
2192 365 2514 426 CCLXXX.

1895 483 1942 540 A

3449 367 3556 435 351

2591 480 2636 534 Ε
2670 481 2805 536 libro
2843 496 2916 537 vr.

2040 570 2208 626 Libro
2266 580 2423 628 sexto
2465 574 2706 628 ostendit
2741 573 2936 628 Novati
2985 572 3207 639 falsum,
3253 577 3404 647 quod
3443 578 3555 634 cir-

1969 659 2294 728 cumlertur,
2344 664 2701 734 martyrium,
2752 663 2921 734 quod,
2976 663 3062 718 vel
3117 673 3310 719 contra
3371 665 3550 736 ipsum

1972 751 2264 821 Novatum,
2299 755 2462 810 docet
2490 758 2712 812 unicum
2744 757 3029 822 duntaxat,
3061 772 3128 812 ex
3158 767 3285 812 octo
3325 759 3552 830 presbyo

1969 848 2103 902 teris
2135 847 2230 917 qui
2263 848 2366 903 sub
2415 847 2734 905 Macedonio
2780 851 3041 920 episcopo
3087 851 3326 906 ordinati
3371 863 3548 918 erant,

1969 941 2293 1012 martyrium
2340 942 2708 999 confessionis
2766 944 2821 998 in
2869 942 3156 1000 Christum
3205 945 3547 1015 pertulisse:

1972 1045 2180 1102 septem
2205 1049 2335 1089 vero
2367 1051 2471 1089 una
2501 1051 2625 1090 cum
2658 1035 2976 1092 Macedonio
3001 1036 3340 1093 sacriﬁcasse
3367 1037 3548 1092 idolis.

1965 1127 2036 1180 At
2061 1141 2184 1181 cum
2219 1127 2338 1193 ipso
2366 1127 2690 1200 martyrium
2719 1129 2959 1184 subiisse
3005 1145 3146 1200 pene
3175 1131 3324 1186 solos
3343 1131 3550 1186 eChri-

1968 1219 2161 1275 stianis
2205 1219 2519 1276 Occidentis
2548 1220 2864 1276 Marcellum
2895 1231 2950 1276 et
2985 1222 3356 1278 Alexandrum
3379 1262 3394 1289 ,
3434 1222 3550 1292 epi-

1966 1328 2167 1382 scopos
2198 1313 2484 1383 Aquileiae,
2530 1321 2584 1367 et
2619 1312 3086 1383 Agamemnonem
3127 1315 3396 1371 Tiberidis
3433 1315 3549 1386 epi-

1966 1421 2165 1476 copum
2200 1424 2214 1462 :
2243 1408 2342 1477 qui
2386 1424 2511 1462 cum
2545 1406 2757 1464 Novato
2786 1419 2910 1479 post
2939 1411 3262 1483 martyrium
3294 1412 3544 1482 privatim

1970 1500 2299 1565 habitantes,
2356 1509 2411 1556 ct
2458 1513 2869 1568 conversantes,
2924 1503 3202 1557 noluerint
3255 1519 3361 1558 una
3420 1519 3546 1558 cum

1969 1591 2090 1648 istis
2125 1593 2595 1648 sacriﬁcatoribus
2624 1594 2957 1649 sacriﬁcare.
2991 1593 3327 1664 lmposuisse
3359 1601 3540 1648 autem

1967 1685 2044 1740 illi
2078 1701 2277 1741 manus
2308 1687 2625 1757 episcopos,
2659 1696 2716 1741 ut
2745 1687 3064 1757 pontiﬁcatu
3108 1688 3297 1742 Roma:
3324 1687 3548 1757 perfun-

1966 1784 2210 1842 geretur.
2246 1773 2477 1830 Factum
2512 1787 2597 1830 est
2629 1776 2731 1831 hoc
2761 1780 3081 1850 martyrium
3128 1777 3292 1833 Decio
3347 1786 3401 1832 et
3442 1776 3548 1832 Va-

1965 1863 2102 1918 lerio
2139 1865 2561 1934 imperatoribus
2597 1867 2881 1934 Romanis,
2926 1867 3197 1923 Perennio
3249 1869 3546 1924 duccnario

1964 1955 2248 2025 suppliciis
2279 1955 2630 2012 Christianos
2660 1958 2877 2013 allicere
2915 1958 3094 2028 jusso.
3126 1957 3194 2012 Et
3225 1959 3544 2030 martyrium

1965 2046 2067 2102 hoc
2106 2048 2432 2118 inscriptum
2478 2061 2594 2116 est;
2651 2067 2752 2106 nec
2795 2051 3029 2122 ﬁagclla,
3087 2065 3191 2106 nec
3241 2060 3542 2117 tormenta,

1963 2153 2064 2194 nec
2110 2141 2404 2210 equuleum
2459 2141 2734 2197 Novatum
2795 2145 2984 2199 tulisse
3015 2143 3227 2200 scribit.
3285 2141 3546 2210 Quamvis

1963 2231 2291 2290 Perennium
2316 2235 2753 2292 crudelissimum
2782 2237 2834 2292 in
2857 2237 3198 2294 Christianos
3217 2237 3385 2293 fuisse
3408 2237 3548 2293 scri-

1961 2327 2074 2395 bat,
2106 2329 2174 2383 ad
2211 2329 2616 2400 disputationes
2674 2332 2745 2386 de
2795 2332 3060 2403 martyrio
3106 2346 3299 2396 novas,
3347 2328 3545 2386 Novati

1962 2417 2285 2490 martyrium
2312 2419 2614 2478 adducens.
2650 2419 2742 2476 Sic
2779 2421 2930 2475 illum
2955 2421 3149 2477 eximit
3183 2436 3249 2476 ex
3280 2421 3386 2476 hac
3406 2420 3541 2488 vita,

1962 2511 2310 2567 somniorum
2366 2511 2600 2568 ﬁoribus
2661 2522 3014 2570 coronatum.
3068 2512 3184 2570 Hoc
3231 2528 3364 2569 vero
3407 2511 3546 2568 falso

1962 2602 2262 2658 conﬁctum
2317 2618 2618 2674 paucarum
2677 2604 3015 2674 pagellarum
3065 2604 3354 2674 scriptum,
3405 2604 3546 2669 libro

1960 2702 2118 2750 sexto
2153 2695 2374 2749 refutat.
2410 2695 2547 2752 Dicit
2573 2706 2760 2752 autem
2795 2696 3091 2764 Novatum,
3118 2696 3376 2752 Cornelio
3402 2711 3544 2768 pon-

1962 2784 2230 2840 tiﬁcatum
2263 2785 2575 2842 Romanum
2603 2794 2846 2852 tenente,
2880 2788 3117 2858 primum
3155 2788 3384 2858 gradum
3427 2787 3546 2842 dia-

1958 2878 2083 2932 coni
2117 2893 2147 2932 a
2177 2877 2437 2934 Cornelio
2473 2881 2771 2950 accepisse.
2808 2879 3003 2935 Fuisse
3043 2893 3174 2935 vero
3215 2889 3345 2934 tunc
3385 2879 3546 2934 insti-

1959 2979 2133 3026 tutum
2158 2973 2210 3028 in
2231 2972 2496 3038 Ecclesia,
2525 2972 2996 3040 archidiaconum,
3017 2983 3238 3027 mortuo
3258 2972 3541 3042 episcopo,

1957 3063 2013 3119 in
2041 3066 2358 3137 episc0patu
2384 3066 2482 3133 illi,
2508 3066 2650 3121 facta
2671 3082 2934 3121 manuum
2958 3064 3325 3136 impositione,
3346 3064 3544 3137 545a

255 3145 402 3214 λίου,
460 3143 604 3205 εἶναι
635 3152 693 3206 δὲ
743 3156 864 3209 τότε
903 3157 1102 3229 θεσμὸν
1139 3165 1204 3232 τῇ
1257 3143 1534 3238 ἐκκλησία
1565 3143 1854 3240 Ῥωμαίων

1963 3157 2268 3227 surrogari.
2305 3156 2620 3212 Cornelium
2651 3172 2780 3213 vero
2806 3158 2990 3212 divina
3026 3155 3387 3226 inspiratione
3417 3171 3542 3211 cum
3621 3161 3623 3168 '

254 3237 353 3292 τὸν
372 3241 755 3311 ἁρχιδιάκονον
783 3247 1142 3316 τελευτῶντος
1183 3254 1277 3306 τοῦ
1322 3237 1626 3312 ἐπισκόπου
1657 3237 1740 3324 είς
1763 3263 1856 3316 τὸν

254 3331 364 3400 τῆς
415 3335 729 3407 ἐπισκοπῆς
775 3339 1331 3412 ἀντιχειροτονεῖσθαι
1385 3347 1610 3417 θρόνον’
1659 3352 1751 3405 τὸν
1797 3353 1856 3408 δὲ

258 3422 569 3495 Κορνήλιον
599 3426 721 3499 θεία
779 3430 1078 3501 ὲμπνεύσει
1127 3436 1188 3487 τὸ
1223 3435 1487 3509 φίλαρχον
1519 3441 1614 3494 καὶ
1663 3459 1859 3498 νεωτε-

268 3517 488 3584 ροποιὸν
515 3519 736 3584 ἀνάξιον
760 3521 857 3576 τοῦ
882 3525 1202 3596 τηλικούτου
1227 3530 1534 3602 ἀξιώματος
1566 3535 1852 3606 διορῶντα,

260 3605 350 3667 εἰς
397 3608 804 3681 πρεσϐυτέρους
855 3618 1316 3690 χειροτονήσαντα
1369 3623 1698 3692 μετατάξαι,
1753 3628 1853 3700 τὴν

257 3698 503 3767 πάροδον
543 3701 692 3773 αὐτῷ
725 3703 824 3776 τὴν
853 3707 935 3770 είς
955 3707 1046 3762 τὸν
1070 3709 1457 3782 ἀρχιερατικὸν
1483 3715 1673 3788 θρόνον
1718 3698 1854 3774 Ῥώ-

256 3807 373 3860 μης
405 3792 693 3858 παντελῶς
733 3797 1156 3858 ἁποκλείσαντα.
1191 3804 1298 3858 Τὸν
1341 3805 1398 3859 δὲ
1444 3811 1856 3885 καιροφυλακή-

254 3899 439 3938 σαντα
468 3885 567 3957 τὴν
591 3887 636 3919 ⁷³
661 3890 1001 3961 νομισθεῖσαν
1030 3894 1364 3972 [διατελεῖν].
1395 3901 1694 3975 Κορνήλιος
1716 3905 1853 3962 ἄλλα

250 3993 319 4030 τε
349 3977 464 4032 τῶν
506 3981 906 4053 ἡμαρτηκότων
937 3987 1244 4060 εἰλικρινῶς
1288 3995 1710 4064 μετανοοῦντας,
1758 4001 1853 4055 καὶ

250 4072 382 4134 τοὺς
418 4071 536 4125 ὅσοι
563 4075 977 4149 προσεκύνησαν
999 4081 1260 4152 εἰδώλοις,
1295 4087 1629 4160 σπλάγχνοις
1655 4108 1852 4164 πατρι-

254 4165 376 4226 κοῖς
411 4163 738 4237 ὣυρόμενος
761 4172 1138 4242 προσεδέχετο.
1166 4177 1337 4231 Τοῦτο
1359 4181 1565 4246 ἐκεῖνος
1597 4180 1719 4255 [891
1755 4163 1848 4258 ΠΛ

249 4256 540 4327 πρόφασιν
592 4259 838 4331 θέμενος,
887 4265 1100 4338 ἐρράγη
1131 4285 1192 4321 τε
1229 4270 1331 4340 τῆς
1373 4271 1702 4344 Ἐκκλησίας
1754 4256 1851 4331 καί

247 4347 564 4419 Κορνηλίου
615 4353 1068 4424 κατηυθαδίσατο,
1121 4361 1395 4432 καθαροὺς
1445 4365 1696 4434 μὲντοὺς
1734 4368 1849 4423 ὅσοι

249 4439 413 4510 αὐτῷ
462 4439 736 4513 ἐπλήρουν
767 4444 830 4498 τὸ
877 4447 1021 4501 κατὰ
1069 4449 1170 4520 τῆς
1217 4448 1541 4522 Ἐκκλησίας
1570 4455 1846 4527 ὀνομάσας

1959 3262 2085 3304 eum
2118 3247 2326 3303 videret
2365 3248 2522 3303 novis
2574 3247 2741 3304 rebus
2788 3247 3115 3314 studentem,
3152 3255 3206 3302 et
3251 3246 3541 3316 imperium

1961 3339 2334 3409 aﬂ'ectantem,
2366 3341 2650 3412 indignum
2689 3340 2782 3395 tali
2819 3340 3108 3410 dignitate,
3140 3339 3283 3394 inter
3310 3339 3543 3410 presby-

1958 3443 2109 3490 teros
2137 3434 2446 3503 ordinasse,
2479 3443 2533 3488 et
2565 3434 2709 3488 viam
2741 3433 2816 3487 illi
2851 3432 2918 3487 ad
2951 3430 3327 3502 pontiﬁcatum
3352 3430 3544 3487 Roma:

1959 3527 2187 3583 omnino
2235 3526 2602 3599 praeclusisse.
2645 3523 2892 3581 Novatus
2934 3539 3067 3580 vero
3096 3527 3336 3595 :captans
3381 3539 3546 3580 oeca-

1959 3615 2172 3672 sionem
2206 3616 2444 3671 instituti
2474 3615 2832 3686 exsequendi,
2855 3630 2980 3670 cum
3000 3613 3540 3671 videretCornelium

1957 3723 2052 3764 eos
2080 3708 2174 3779 qui
2209 3723 2336 3762 vere
2362 3707 2715 3778 pmnitcrent,
2745 3722 2871 3762 eum
2899 3706 2972 3761 ob
3000 3705 3108 3760 alia
3140 3715 3388 3776 peccata,
3423 3715 3542 3761 tum

1955 3800 2026 3854 ob
2056 3798 2325 3852 idolorum
2350 3799 2584 3861 cultum,
2607 3797 2850 3868 paternis
2875 3796 3181 3852 visceribus
3195 3797 3542 3852 condolendo

1955 3888 2010 3943 in
2046 3889 2282 3958 gratiam
2314 3887 2560 3958 recipere
2599 3904 2612 3942 :
2649 3888 2754 3942 hac
2780 3887 2872 3942 ille
2907 3887 3204 3942 occasione
3258 3903 3414 3954 usus,
3445 3886 3545 3942 de-

1957 3981 2126 4036 scivit
2156 3980 2225 4036 ab
2250 3980 2498 4036 Ecclesia
2528 3990 2794 4045 resectus,
2822 3988 2876 4034 et
2901 3978 3156 4036 Cornelio
3187 3979 3542 4050 pertinaciter

1955 4074 2172 4132 restitit.
2219 4073 2396 4131 Puros
2440 4084 2623 4130 autem
2687 4073 2991 4130 nominavit
3033 4089 3152 4142 eos,
3205 4074 3301 4146 qui
3351 4089 3540 4131 secum

1953 4179 2148 4234 agmen
2206 4172 2401 4219 contra
2455 4163 2764 4219 Ecelesiam
2821 4162 3066 4220 facerent
3114 4181 3128 4218 :
3181 4163 3542 4220 Cornelianos

1952 4274 2109 4324 vero,
2149 4259 2243 4328 qui
2283 4258 2405 4328 ejus
2457 4256 2812 4312 ambitionem
2863 4267 2918 4312 et
2967 4257 3297 4312 dementiam
3343 4266 3540 4312 contra

1952 4353 2286 4422 pmnitentcs
2337 4351 2764 4406 detestarentur.
2818 4349 3016 4405 Postea
3059 4365 3188 4404 vero
3221 4348 3538 4405 Cornelium

1951 4443 2263 4499 Romanum
2289 4445 2609 4513 episcopum
2629 4441 2845 4512 egregio
2863 4441 3125 4513 martyrio
3145 4441 3309 4496 vitam
3329 4441 3540 4497 ﬁniisse

250 4530 569 4603 σύνταγμα,
597 4535 1000 4607 Κορνηλιανοὺς
1026 4540 1083 4594 δὲ
1114 4542 1242 4607 τοὺς
1270 4543 1370 4616 τὴν
1396 4546 1563 4600 αὐτοῦ
1596 4548 1846 4619 βδελυξα-

1960 4533 2357 4590 Alexandrinus
2408 4532 2855 4604 archiepiscopus
2888 4533 3156 4602 Eulogius
3198 4530 3384 4588 refert.
3416 4529 3537 4588 Non

252 4622 460 4691 μένους
494 4624 789 4698 φιλαρχίαν
816 4631 911 4684 καὶ
944 4631 1089 4687 κατὰ
1129 4633 1240 4691 τῶν
1273 4639 1680 4707 μετανοούντων
1708 4643 1845 4697 ἀπό-

248 4730 429 4768 νοιαν.
465 4718 765 4790 Κορνήλιον
797 4720 981 4792 μέντοι
1021 4724 1111 4781 τὸν
1147 4728 1249 4798 τῆς
1295 4728 1516 4801 Ῥώμης
1545 4734 1845 4790 ἐπίσκοπον

252 4807 398 4876 μετὰ
421 4806 598 4864 ταῦτα
627 4812 720 4865 καὶ
752 4813 1049 4888 καλλινίκῳ
1079 4821 1384 4892 μαρτυρίου
1417 4825 1562 4879 τέλει
1600 4826 1697 4880 τὸν
1729 4829 1846 4900 βίον

245 4900 522 4956 ἀναλῦσαι
549 4905 577 4956 ὁ
622 4905 916 4978 ἀρχιερεὺς
967 4909 1375 4984 Ἀλεξανδρείας
1411 4917 1665 4988 Εύλόγιος
1709 4925 1844 4978 ἁνα-

247 4993 481 5062 γρὰφει.
520 4996 673 5051 Ἐστι
709 4998 766 5052 δὲ
792 4999 890 5070 τὴν
916 5001 1117 5073 φράσιν
1145 5007 1172 5058 ό
1202 5005 1342 5078 ἀνὴρ
1371 5011 1432 5062 ού
1463 5011 1572 5064 τῶν
1598 5014 1690 5068 ἐπὶ
1715 5033 1842 5071 παι-

243 5084 370 5158 δείᾳ
401 5087 769 5162 δυναμένωνῆ
803 5097 1092 5167 συγγραφῇ
1138 5096 1308 5167 ὄνομα
1341 5098 1514 5170 ἔχειν·
1549 5105 1606 5168 ὃς
1631 5123 1694 5176 γε
1725 5111 1836 5164 οὐδ’

1950 4635 2132 4698 potest
2161 4635 2344 4681 autem
2378 4624 2470 4679 ille
2494 4639 2694 4680 nomen
2728 4625 2872 4679 inter
2905 4639 3000 4680 eos
3027 4624 3250 4690 habere,
3284 4623 3379 4695 qui
3402 4640 3536 4680 eru-

1951 4719 2160 4775 ditione
2188 4727 2242 4774 et
2280 4717 2509 4772 historia
2546 4716 2845 4783 excellunt,
2888 4716 3037 4787 quod
3059 4717 3334 4772 interdum
3365 4717 3537 4774 sola:-

1950 4813 2159 4868 eismos
2180 4820 2235 4867 et
2255 4811 2634 4866 barbarismos
2657 4809 2930 4865 admittat.
2950 4809 3008 4863 in
3038 4823 3213 4865 sacrae
3235 4809 3538 4880 Scriptum

1952 4920 2087 4960 sane
2121 4903 2484 4975 intelligentia
2524 4918 2593 4959 ne
2621 4903 2849 4974 optimis
2876 4902 3096 4973 quidem
3127 4904 3334 4973 passim
3369 4902 3536 4957 cedit.

1951 4995 2071 5052 Tali
2098 5006 2279 5051 autem
2313 4995 2531 5066 phrasis
2553 5009 2750 5065 genere
2775 4994 2961 5050 dicere
2993 4993 3060 5049 ad
3088 4993 3536 5064 persuadendum

1949 5101 2004 5146 et
2042 5090 2313 5146 delectare
2338 5104 2447 5145 non
2475 5103 2704 5158 prorsus
2742 5103 2854 5142 non
2891 5093 3092 5158 potest.

248 5183 730 5283 αὑτὸ-τὸ-σόλοικα
759 5190 853 5242 καὶ
888 5191 1249 5267 ὑποὸάρόαρα
1275 5199 1512 5269 γράφειν
1572 5203 1742 5260 ἐνίοτε
1803 5213 2171 5283 παραιτεῖται.
2217 5211 2306 5264 Ἐν
2357 5208 2542 5282 μέντοι
2603 5209 2717 5272 τοῖς
2781 5209 3072 5278 γραφικοῖς
3116 5208 3352 5280 νοήμασι
3399 5205 3536 5261 πολ-

245 5275 589 5375 λαχοῦ-οῠδὲΔ
617 5280 724 5337 τῶν
754 5283 990 5354 ἀρίστων
1017 5287 1395 5347 ἀπολείπεται.
1422 5295 1495 5347 Τὸ
1537 5298 1764 5356 πιθανὸν
1821 5275 1897 5358 δὲ.
1941 5306 2036 5360 καὶ
2086 5306 2208 5375 ἡδὺ,
2255 5305 2332 5369 ὡς
2358 5275 2617 5374 ⁷τοιαύτῃ
2651 5275 2872 5374 φράσε-ι,
2906 5275 3021 5355 τούκ
3067 5275 3331 5365 ἀδύνατός
3384 5301 3536 5356 ἔστιν

247 5369 680 5441 ἐνεργάσασθαι.

325 5465 396 5516 Ἀ
430 5465 530 5530 μὲν
556 5483 650 5520 ουν
673 5468 1149 5542 φιλολογουμένοις
1180 5477 1314 5548 ἡμῖν
1349 5480 1472 5534 καθ’
1509 5483 1736 5551 ἑαυτοὺς
1756 5490 1836 5554 εἰς

247 5557 559 5631 ἀνάμνησιν
587 5561 764 5617 ἐλθεῖν
796 5567 1120 5640 συνηνέχθη,
1168 5571 1340 5644 χωρὶς
1371 5574 1534 5646 [169.5
1572 5577 1664 5652 1L]
1698 5575 1773 5637 ὧν
1806 5584 1840 5653 ἡ

2019 5489 2213 5561 5451)
2243 5487 2376 5556 Qua:
2410 5487 2576 5558 igitur
2607 5486 2852 5543 studiose
2876 5485 3035 5541 nobis
3078 5485 3331 5555 privatim
3374 5501 3530 5542 com-

1953 5581 2326 5637 mentantibus
2378 5579 2644 5636 memoria
2724 5577 3115 5650 suppeditavit,
3173 5585 3371 5648 praeter
3439 5591 3526 5643 ea,

1545 5716 1776 5774 VARIz’E
1820 5719 2231 5778 LECTIONES.

314 5813 361 5845 ⁷³
403 5814 530 5884 περὶ
568 5819 880 5890 μαρτυρίας
910 5819 977 5889 Β,
999 5825 1246 5899 ἁμαρ....
1273 5829 1388 5887 GH.
1469 5834 1515 5867 ⁷³
1537 5835 1660 5908 τὴν]
1698 5836 1794 5892 τοῦ
1825 5838 1938 5894 Cll.
