4122 6444
614 399 720 461 εἶΞῶ
1784 385 2091 450 DAVIDIS
2121 383 2300 445 H(ES<

2306 380 2558 442 CHELIl
2600 380 2649 439 Ν
2654 380 2817 442 ΟΤᾸΞ
3806 380 3902 438 356

611 520 849 577 quocum
900 505 1142 561 studium
1191 513 1249 559 et
1285 500 1608 559 exercitatio
1638 508 1786 555 artes
1835 509 1890 553 et
1938 496 2198 553 scientias
2228 500 2274 556 Α

2306 492 2507 563 σπουδὴ
2530 491 2625 545 καὶ
2656 491 2853 562 μελέτη
2878 490 3071 561 τέχνας
3104 489 3248 560 φιλεῖ
3272 491 3362 545 καὶ
3386 488 3717 561 ἐπιστήμας
3740 490 3901 560 ἔργα·

615 399 714 431 0?".

612 602 866 670 gignunt,
897 601 1042 653 unde
1068 598 1257 653 notitia
1288 597 1482 667 quovis
1505 594 1667 648 modo
1693 592 1854 647 nobis
1877 600 1930 645 et
1955 592 2023 643 de
2048 589 2202 644 libris

609 692 876 761 judicium
910 692 1107 755 crevit,
1135 691 1402 745 hactenus
1436 685 1602 743 veluti
1637 697 1764 757 typo
1792 685 2030 739 breviter
2053 699 2204 739 com-

613 781 759 849 plexi
793 796 1008 835 sumus.
1056 779 1379 833 Producitur
1427 786 1607 830 autem
1654 775 1758 829 hoc
1808 788 1945 844 opus
1977 772 2043 827 ad
2092 782 2203 826 tre-

614 881 804 925 centos
855 880 908 924 et
953 869 1266 940 quindecim
1324 880 1577 922 auctores
1627 884 1639 919 :
1700 865 1959 935 prohibiti
2019 873 2200 917 tamen

614 972 807 1011 sumus
835 958 899 1011 ad
934 965 1207 1011 trecentos
1230 956 1537 1027 pervenire.
1564 954 1645 1008 'l‘u
1670 968 1823 1019 vero,
1843 952 2203 1007 dilccrissime

614 1052 861 1104 omnium
943 1050 1266 1119 quibuscum
1350 1047 1491 1101 fetus
1546 1062 1699 1103 meos
1738 1045 2105 1111 communico,
2154 1044 2203 1100 si

613 1156 701 1194 me
733 1140 1053 1208 legationem
1104 1140 1457 1195 meditantem
1490 1141 1747 1193 humanae
1780 1138 1902 1191 vitae
1938 1138 2203 1192 terminus

614 1233 920 1301 occuparit,
976 1232 1143 1287 habes
1192 1236 1335 1302 quod
1371 1233 1609 1303 petivisti
1654 1250 1719 1287 ex
1768 1244 1895 1287 voto
1946 1235 2203 1289 amicitiae

607 1320 761 1389 juxta
800 1336 862 1373 ac
912 1321 1094 1375 Solatii
1150 1323 1369 1392 pignus,
1401 1334 1455 1377 et
1509 1324 1779 1392 primitias
1811 1334 1978 1394 atque
2010 1324 2197 1389 linem,

612 1419 671 1464 ut
699 1411 963 1481 defungar
1000 1413 1271 1466 voluntati
1306 1424 1411 1468 tuae
1437 1415 1734 1469 obsecutus
1766 1415 1966 1471 tuentis
2009 1430 2203 1484 opera-

611 1504 781 1557 tione.
832 1504 887 1556 Si
932 1520 1063 1558 vero
1106 1506 1307 1560 exinde
1341 1521 1442 1561 nos
1478 1506 1571 1561 Dei
1609 1507 1801 1576 optimi
1836 1508 2059 1561 maximi
2099 1524 2200 1562 vo-

609 1595 789 1649 luntas
836 1606 999 1664 atque
1072 1597 1376 1668 benignitas
1458 1598 1764 1655 incolumes
1819 1599 1873 1654 in
1938 1608 2189 1654 mutuum

608 1694 965 1753 conspectum
1028 1694 1196 1755 atque
1245 1688 1590 1757 complexum
1650 1690 1886 1755 stiterit,
1940 1688 2198 1745 fortassis

608 1779 843 1832 aliarum
929 1778 1237 1834 editionum
1297 1795 1405 1833 non
1467 1784 1742 1836 minorum
1811 1784 1925 1837 bare
1991 1782 2199 1852 princi—

2307 584 2520 650 ζεσοαι,
2548 585 2643 653 ἀφ’
2664 578 2727 638 οὗ
2763 584 2869 653 πέρ
2900 601 2983 647 τις
3014 583 3269 651 αἴσθησις
3318 585 3455 655 ἡμῖν
3499 582 3774 653 ἀμηγέπη
3816 584 3899 637 καὶ

2308 678 2486 749 κρίσις
2508 677 2682 743 λόγων
2703 676 2910 745 ἁνεφύη
2932 676 3094 747 μέχρι
3110 678 3207 745 τῆς
3230 676 3520 746 παρούσης
3539 674 3655 727 τῶν
3675 674 3903 742 ἀνεγνωο

2308 769 2522 839 σμὲνων
2544 768 2616 829 ὡς
2644 770 2701 821 ὲν
2727 767 2883 838 τύπῳ
2904 768 3287 830 συνεκδόσεως,
3318 769 3395 830 εἰς
3412 765 3707 831 τοσοῦτον,
3734 763 3899 836 οἶμαι,

2308 861 2601 929 συνάγεται
2624 859 2852 930 πλῆθος,
2879 859 3275 930 τριακοσιοστῷ
3298 858 3391 911 καὶ
3425 856 3901 931 πεντεκαιδεκάτῳ

2308 954 2466 1025 μέρει
2496 953 2781 1025 προελθεῖν
2810 954 2941 1025 ἄχρι
2990 954 3099 1006 τῶν
3146 952 3482 1024 τριακοσίων
3535 951 3900 1021 κωλυόμενον.

2306 1045 2378 1099 Σὺ
2409 1045 2454 1098 δ’
2480 1038 2526 1099 ὦ
2548 1044 2658 1099 τῶν
2690 1046 2813 1116 ἐμοὶ
2848 1046 3329 1117 κεκοινωνηκότων
3368 1043 3673 1115 μητρικῶν
3706 1042 3901 1098 ὠδίνων

2303 1136 2709 1207 ἐρασμιώτατε,
2765 1139 2815 1191 εί
2865 1137 2964 1207 μὲν
3000 1136 3209 1207 ταύτην
3260 1136 3357 1206 τὴν
3412 1135 3733 1205 πρεσϐείαν
3792 1134 3902 1189 δια-

2304 1227 2531 1282 νοοῦντα
2566 1228 2611 1260 ⁷⁷⁵
2644 1228 2705 1282 τὸ
2737 1229 2915 1282 κοινὸν
2946 1232 3039 1282 καὶ
3079 1228 3421 1299 ἀνθρώπινον
3474 1227 3785 1283 καταλάϐοι
3822 1229 3900 1281 τέ-

2304 1320 2415 1385 λος,
2445 1320 2587 1391 ἔχεις
2610 1322 2709 1393 τὴν
2738 1321 2953 1391 αἴτησιν
2996 1323 3093 1390 τῆς
3130 1320 3339 1382 ἐλπίδος
3372 1321 3433 1373 οὐ
3463 1319 3896 1390 ὃιαμαρτοῦσαν,

2304 1414 2489 1485 φιλίας
2521 1432 2577 1466 τε
2610 1413 2726 1483 ἆμα
2752 1414 2844 1466 καὶ
2872 1412 3220 1484 παραμυθίας
3248 1412 3513 1465 ὑπόθεσιν
3547 1412 3645 1463 καὶ
3668 1412 3900 1481 ἀνάμνη·

2307 1522 2413 1569 σιν,
2442 1506 2535 1559 καὶ
2564 1505 2625 1575 δὴ
2660 1506 2753 1557 καὶ
2776 1504 3031 1575 ἀπαρχὴν
3066 1504 3160 1557 καὶ
3190 1503 3451 1573 τελευτὴν
3494 1503 3895 1573 ἀφοσιουμένην

2301 1600 2411 1654 τῶν
2446 1600 2553 1652 σῶν
2589 1598 2731 1651 κατὰ
2757 1597 2981 1668 λογικὴν
3010 1597 3243 1668 θεωρίαν
3271 1599 3555 1667 αἰτήσεων
3584 1595 3683 1667 τὴν
3705 1596 3896 1666 ἐκπλήο

2307 1709 2498 1762 ρωσιν.
2532 1690 2593 1743 Εἰ
2623 1690 2667 1741 δ’
2698 1688 2909 1741 ἐκεῖθεν
2935 1689 3082 1757 ἡμᾶς
3113 1689 3551 1757 ἀνασωσάμενον
3582 1687 3647 1740 τὸ
3678 1686 3814 1738 Θεῖόν
3841 1704 3891 1738 τε

2302 1784 2397 1835 καὶ
2440 1781 2821 1851 φιλάνθρωπον
2862 1779 3043 1850 νεῦμα
3070 1781 3147 1843 είς
3202 1779 3301 1849 τὴν
3335 1779 3597 1849 ἀλλήλων
3643 1778 3771 1831 θέαν
3813 1780 3893 1831 καὶ

608 1866 757 1935 piunt
792 1865 1017 1932 fuerint,
1061 1882 1182 1937 qua:
1220 1866 1389 1922 simili
1421 1869 1593 1924 forma
1628 1871 1723 1925 tibi
1767 1871 2196 1925 emohnuentum
2230 1878 2271 1930 Β

2306 1878 2575 1945 προτέραν
2600 1873 2905 1927 ἀπόλαυσιν
2934 1874 3403 1942 ἀποκαταστήσει,
3434 1872 3588 1941 τάχα
3616 1872 3683 1924 ἂν
3708 1873 3891 1939 ἑτέρων

609 1959 858 2012 allerent.
2304 1966 2572 2020 ἐκδόσεων
2602 1965 2703 2018 οὐκ
2731 1964 3029 2019 ἐλαττόνων
3073 1964 3216 2035 ἀρχὴ
3248 1962 3426 2017 ταῦτα
3457 1964 3573 2033 εἴη,
3612 1964 3890 2034 παραπλη-

2307 2059 2408 2129 σίῳ
2436 2057 2593 2127 τύπῳ
2618 2058 3009 2130 παρεχομένων
3040 2074 3122 2110 σοι
3149 2057 3248 2125 τὴν
3278 2056 3582 2125 ὠφέλειαν.

2314 2148 2496 2215 Τέλος
2548 2147 2650 2201 καὶ
2699 2148 2781 2212 τῷ
2816 2147 2939 2212 Θεῷ
2979 2147 3060 2213 τῷ
3096 2148 3579 2215 πανοικτίρμσνι
3614 2146 3761 2211 ὃξξει
3813 2148 3890 2213 είς

2718 2237 2937 2304 αίώνας
2974 2238 3224 2292 αἰώνων.
3274 2238 3484 2306 Ἀμήν.

616 2136 790 2207 Finis,
836 2148 886 2194 et
923 2137 1032 2194 Deo
1090 2157 1290 2196 summe
1337 2143 1672 2197 misericordi
1702 2145 1876 2215 gloria
1905 2147 1962 2201 in
2005 2146 2205 2202 sarcula

1107 2230 1448 2285 seculorum.
1489 2232 1678 2285 Amen.

620 2440 3855 2482 Μ

1408 2619 1833 2697 DAVlDIS
1919 2616 2494 2696 11(ESCI-IELII
2566 2617 3070 2696 MONITUM

1469 2800 1551 2861 IN
1603 2800 1872 2861 NOTAS
1908 2801 2014 2861 AD
2055 2798 2670 2893 BlBLlQTHECAM
2712 2801 3021 2863 PHOTII.

606 2964 902 3021 Revocalur
957 2964 1121 3018 lector
1172 2962 1241 3017 atl
1276 2965 1499 3032 paginas
1528 2963 1781 3021 editionis
1819 2962 2261 3033 Rothomagensis
2314 2980 2432 3034 qum
2468 2966 2702 3021 numeris
2736 2965 2975 3021 Arabicis
3015 2966 3153 3020 inter
3199 2983 3360 3020 uncos
3398 2967 3624 3020 inclusis
3658 2966 3712 3019 in
3747 2977 3879 3019 textu

1903 3049 2088 3105 (ἔναιεο
2122 3062 2592 3119 reprwscutanmr.

685 3325 1136 3394 Quinquenuium
1180 3326 1291 3396 jam
1328 3334 1433 3389 est,
1487 3332 1542 3380 et
1587 3324 1735 3395 quod
1768 3326 2038 3391 excurrit,
2089 3341 2215 3381 cum
2270 3328 2369 3382 viri
2433 3328 2522 3382 hic
2554 3328 2809 3397 Augusta:
2851 3328 3048 3381 summi
3102 3328 3435 3383 auctoritate
3466 3328 3535 3382 de
3566 3326 3875 3382 Bibliotheca

605 3414 786 3471 Pltotii
820 3419 1077 3473 alicunde
1107 3428 1257 3471 certo
1304 3417 1481 3488 pretio
1518 3418 1833 3471 redimenda
1869 3416 2124 3472 laborare
2155 3417 2338 3487 cmpi;
2379 3417 2525 3485 quod
2563 3417 2644 3469 vel
2670 3432 2699 3470 e
2749 3417 3023 3485 pauculis,
3066 3432 3188 3487 quae
3223 3418 3348 3471 inde
3391 3417 3666 3487 impressa
3706 3422 3875 3468 exsta-

607 3515 761 3569 rent,
816 3506 937 3561 luee
989 3507 1136 3560 illam
1181 3521 1303 3560 esse
1346 3505 1729 3573 dignissimam
1787 3505 2045 3561 facillime
2096 3504 2295 3575 conjici
2352 3516 2557 3574 posset.
2614 3502 2817 3557 Eodem
2874 3504 3045 3559 ferme
3092 3514 3357 3574 tempore,
3414 3506 3500 3559 vir
3555 3502 3872 3559 clarissimus

619 3593 869 3651 Andreas
899 3593 1163 3649 Schottus
1202 3594 1611 3663 Antverpianus
1657 3609 1759 3647 suo
1785 3609 1914 3661 mre,
1965 3595 2115 3649 nulla
2150 3596 2254 3647 alia
2306 3592 2372 3647 de
2426 3608 2610 3657 causa,
2650 3593 2791 3646 idem
2824 3608 2961 3662 opus
2990 3590 3324 3653 Pbotianum
3362 3608 3393 3648 e
3424 3591 3590 3646 codd.
3634 3586 3868 3645 Gulielmi

607 3685 763 3738 card.
804 3682 1010 3747 Sit-leti,
1040 3685 1202 3753 cujus
1232 3684 1574 3739 Bibliotheca
1612 3700 1757 3737 nunc
1790 3693 1873 3737 est
1901 3684 2126 3738 Ascanii
2155 3684 2307 3737 card.
2343 3683 2646 3748 Columnae,
2681 3681 3180 3747 transcribendum,
3218 3690 3273 3738 et
3303 3698 3429 3736 cum
3478 3681 3755 3742 Vaticano,
3790 3677 3868 3746 qui

605 3786 638 3826 e
669 3770 879 3826 Veneto
927 3773 1079 3827 «ωτι.
1128 3772 1473 3826 Bessarionis
1521 3770 1625 3825 fuit
1656 3788 1821 3825 manu
1867 3773 2071 3826 recenti
2106 3771 2435 3840 exscriptus,
2473 3768 2865 3824 conferendum
2897 3771 3130 3825 curavit.
3175 3767 3226 3823 Is
3254 3769 3421 3840 igitur
3456 3768 3738 3831 Schottus,
3768 3768 3867 3818 visa

606 3860 734 3914 novi
769 3860 1107 3915 characteris
1143 3860 1453 3930 Augustani
1493 3860 1787 3930 elegantia,
1831 3876 2034 3915 munus
2080 3861 2211 3914 illud
2254 3858 2580 3911 litterarium
2638 3866 2691 3911 et
2747 3874 2873 3911 vere
2939 3856 3310 3929 πολυτίμητον
3366 3872 3470 3913 sua
3527 3867 3735 3927 sponte,
3784 3868 3867 3923 pro

607 3961 799 4003 amore
832 3949 1021 4002 innato
1055 3949 1370 4017 reipublicrc
1401 3948 1681 4002 litterarizc
1716 3947 1993 4017 juvandae,
2024 3947 2181 4001 nobis
2210 3946 2427 4009 obtulit,
2461 3946 2677 4014 utjuris
2715 3946 2929 4000 tandem
2965 3947 3166 4016 publici
3204 3946 3460 4002 volumen
3497 3955 3671 4002 totum
3712 3944 3864 4006 ﬁeret,

608 4051 673 4091 ae
707 4036 901 4091 iisdem
930 4036 1271 4107 Augustauis
1302 4036 1443 4107 typis
1478 4036 1863 4099 exeuderetur,
1900 4051 2001 4090 nec
2026 4036 2079 4089 in
2124 4047 2309 4105 partes
2348 4035 2686 4104 discerptum
2725 4036 2924 4089 exiret.
2985 4034 3059 4088 De
3090 4052 3220 4104 quo,
3254 4044 3310 4089 ut
3351 4046 3405 4090 ct
3451 4036 3521 4091 de
3568 4032 3867 4088 liberalitate

604 4121 747 4192 ejus,
779 4123 869 4193 qui
901 4132 1152 4193 sumptus
1185 4124 1527 4195 typographo
1551 4124 1895 4178 necessariOs
1925 4115 2375 4192 suppeditaturus
2397 4132 2563 4184 esset,
2591 4122 2843 4177 nobiliss.
2868 4121 3029 4180 Joan.
3050 4123 3251 4194 Georg.
3283 4119 3862 4185 llervartus,sereniss.

606 4208 805 4266 Bavar.
843 4210 1045 4266 ducum
1104 4211 1480 4277 consiliarius,
1508 4211 1709 4265 certior
1733 4211 1931 4275 factus,
1960 4211 2185 4265 alterius
2215 4210 2423 4265 codicis
2446 4210 2661 4265 calamo
2692 4210 2899 4264 exarati
2928 4227 3088 4263 usum
3119 4226 3149 4265 e
3178 4212 3358 4265 ducali
3398 4211 3721 4265 bibliotheca
3747 4204 3862 4260 mihi

605 4299 819 4365 statim,
853 4315 959 4369 qua
1007 4311 1090 4353 cst
1124 4299 1491 4365 humanitate,
1537 4299 1871 4369 impetravit.
1931 4297 2137 4351 llornm
2187 4301 2461 4368 exemplis
2495 4298 2638 4353 Max.
2692 4298 3013 4365 Margnnius
3060 4300 3350 4368 impulsus,
3400 4315 3568 4355 suasu
3611 4297 3764 4352 etiam
3792 4294 3861 4360 (ut

608 4387 876 4459 intellexi)
932 4388 1216 4443 illustriss.
1251 4386 1413 4441 Joan.
1468 4387 1740 4442 Vincentii
1782 4386 2000 4451 Piuelli,
2052 4402 2213 4440 suum
2246 4384 2418 4456 ipsius
2451 4388 2852 4457 autographum
2908 4388 3076 4441 misit.
3117 4386 3360 4456 Denique
3390 4386 3619 4449 Paulus,
3662 4380 3857 4435 llenrici

607 4473 870 4545 Stephani
910 4477 1005 4529 τοῦ
1044 4476 1355 4547 μακαρίτου
1392 4475 1555 4542 filius,
1591 4475 1722 4529 illud
1755 4474 2164 4545 myriobiblum,
2201 4483 2258 4527 ut
2306 4474 2585 4543 aliquibus
2623 4475 2899 4545 appellare
2922 4475 3150 4545 placuit,
3190 4491 3441 4545 magnam
3478 4484 3680 4545 partem
3712 4481 3855 4523 manu

614 4566 863 4632 parentis
895 4566 1188 4635 scriptum,
1222 4566 1287 4618 ad
1334 4566 1618 4635 antiquius
1646 4571 1787 4617 nota:
1826 4565 2047 4631 optione
2085 4562 2365 4631 exemplar
2398 4563 2586 4616 itidem
2635 4575 3039 4634 comparatum,
3080 4564 3363 4619 lectissimi
3395 4565 3570 4619 amnis
3600 4561 3681 4617 siti
3708 4553 3853 4613 Isaaci

604 4652 913 4707 Casauboni
943 4654 1165 4707 hortattt
1200 4669 1414 4708 meeum
1449 4653 1905 4707 communicavit.
1935 4651 2206 4703 Cancrum
2233 4650 2375 4717 quod
2403 4651 2557 4705 initio
2588 4653 2806 4708 nonnisi
2843 4654 2951 4706 duo
2993 4653 3316 4723 autigrapha
3338 4661 3525 4708 essent
3547 4650 3611 4705 ad
3634 4659 3850 4701 manum.

610 4756 731 4807 qua:
763 4742 814 4793 in
852 4742 1129 4811 plerisque
1155 4743 1259 4797 sibi
1291 4742 1727 4811 responderent;
1766 4756 2083 4808 quanquam
2122 4739 2173 4792 iu
2214 4736 2479 4792 Bavarico
2505 4740 2735 4808 vestigia
2763 4740 3013 4794 lectionis
3046 4740 3318 4793 interdum
3355 4738 3577 4792 aliunde
3610 4734 3851 4787 adnotaltﬁ

610 4828 1007 4883 animadverti:
1063 4847 1129 4885 ne
1168 4831 1467 4901 quidquam
1515 4829 1581 4883 ad
1625 4844 1762 4899 opus
1788 4828 1890 4881 hoc
1924 4827 2162 4881 maxime
2202 4826 2510 4881 ornandum
2548 4837 2600 4881 et
2634 4828 2937 4881 limandum
2998 4829 3234 4890 deesset,
3269 4826 3532 4897 quidquid
3564 4824 3848 4878 chartarum

608 4916 1006 4982 c-xcudebatur,
1043 4918 1244 4972 illusu'.
1287 4927 1341 4973 et
1375 4918 1659 4971 eruditiss.
1694 4914 1824 4969 viris
1852 4913 2094 4984 Josepho
2148 4912 2431 4984 Scaligero
2472 4925 2527 4969 et
2555 4913 2741 4969 lsaaeo
2768 4916 3098 4971 Casanbmto
3127 4916 3270 4982 misl,
3310 4927 3367 4969 ut
3393 4912 3590 4985 ingenii
3620 4905 3848 4963 acullline

604 5004 917 5075 judicisque
945 5007 1192 5071 solertia,
1228 5006 1694 5077 quemadmodum
1733 5005 1785 5056 in
1824 5003 1947 5056 aliis
1974 5002 2316 5066 auctozibns,
2362 5004 2436 5058 ita
2473 5005 2560 5058 hic
2590 5022 2812 5075 quoque
2850 5006 3156 5073 desperatis
3187 5004 3321 5059 locis
3358 5004 3678 5059 medicinam
3707 4994 3846 5047 alier-

604 5103 751 5149 rent.
784 5092 840 5148 ln
870 5110 978 5164 quo
1014 5105 1247 5165 uterque
1303 5096 1413 5149 voti
1465 5109 1553 5149 me
1586 5102 1894 5162 compotem
1948 5090 2092 5145 fecit.
2148 5088 2425 5159 Imprimis
2458 5103 2639 5148 autem
2672 5094 2927 5149 nobiliss.
2983 5104 3034 5148 et
3071 5095 3321 5163 ampliss.
3353 5092 3567 5148 Marcus
3597 5088 3843 5143 Velserus,

606 5183 922 5253 reipublicae
964 5186 1298 5255 Augustam:
1340 5184 1633 5249 duumvir,
1678 5181 2000 5252 βιϐλιοθήκη
2029 5197 2115 5241 τις
2164 5178 2240 5231 ὢν
2272 5179 2298 5231 ἕ

2306 5180 2541 5250 μψυχος,
2574 5182 2669 5233 καὶ
2706 5180 3046 5251 περιπατοῦν
3098 5185 3373 5250 μουσεῖον,
3411 5192 3707 5252 quanquam
3736 5183 3845 5240 gra-

603 5272 853 5326 vioribus
882 5282 1181 5342 occupatus
1216 5273 1387 5337 curis,
1422 5282 1603 5326 tamen
1637 5269 1703 5323 de
1734 5268 2159 5339 quibuscunque
2186 5268 2365 5337 ipsum
2389 5270 2669 5335 consului,
2698 5271 3017 5341 scrupulum
3045 5272 3177 5327 mihi
3208 5288 3430 5329 onmem
3482 5269 3623 5326 nullo
3651 5256 3840 5331 negotio

602 5361 828 5425 exemit,
858 5377 1035 5431 neque
1062 5364 1129 5417 de
1167 5361 1234 5415 iis
1278 5360 1528 5415 conferre
1564 5374 1779 5412 mecum
1806 5366 2066 5427 gravatus
2107 5354 2228 5409 fuit.
2259 5357 2415 5424 Quod
2447 5360 2789 5428 gratificandi
2818 5361 3061 5415 studiqu
3095 5370 3150 5416 et
3180 5361 3231 5416 in
3257 5360 3415 5416 Justo
3453 5357 3647 5429 Lipsio,
3677 5343 3837 5407 Sacen“

606 5449 777 5503 nostri
831 5450 1102 5519 phontice,
1138 5464 1260 5503 sum
1312 5456 1591 5512 expertus.
1654 5444 1855 5499 Ilorum
1897 5444 2167 5508 subsidia,
2216 5461 2339 5513 qua:
2389 5447 2593 5515 quibus
2623 5458 2847 5519 accepta
2889 5448 3001 5503 sint
3042 5447 3347 5513 referenda,
3402 5462 3456 5503 ut
3482 5449 3639 5502 lector
3680 5435 3834 5492 norit:

606 5537 669 5591 A.
711 5536 768 5592 S.
803 5538 1036 5593 Andrca:
1068 5536 1304 5603 Sehotti,
1333 5536 1392 5591 C.
1435 5533 1502 5589 γ.
1560 5532 1905 5597 Vaticanum,
1947 5532 2009 5586 C.
2061 5531 2123 5585 Β.
2162 5531 2300 5587 Bava

2311 5533 2511 5601 ricum,
2543 5534 2615 5589 Μ.
2670 5535 2741 5593 Μ.
2787 5537 2928 5594 Max.
2977 5539 3273 5609 Margunii,
3300 5538 3367 5595 Η.
3402 5540 3456 5597 S.
3493 5528 3693 5591 llenrici
3732 5521 3835 5578 διθ-

1878 5679 2122 5737 VARI/[‘3
2196 5683 2609 5744 LECTIONES.

676 5813 724 5844 ⁷⁸
750 5812 1067 5866 διανοοῦνται
1102 5809 1169 5877 Il,
1200 5806 1553 5863 διανοούντων
1579 5805 1693 5863 Cll.
1716 5802 1902 5859 malim
1943 5799 2249 5861 διανύοντα.
