4122 6452
1653 480 1915 542 ΡΗΟΤΙΙ
1942 478 2452 541 PATRIARCHfE
2477 481 2586 541 CP.

3631 488 3732 553 432

511 625 3428 667 ww

1742 811 2513 996 PHOTII

929 1124 1726 1218 PATRIARCHIE
1803 1120 3296 1219 CONSTANTINOPOLITANI.

1295 1344 1870 1464 OPERUM
1960 1338 2316 1455 PARS
2393 1341 2931 1478 QUINTA

1628 1730 2620 1851 CANONIGA.

1475 1987 2049 2081 MONITUM
2092 1910 2800 2078 EDITOBUM.

566 2162 796 2220 Photius
838 2164 940 2219 tria
972 2178 1138 2236 opera
1163 2165 1430 2221 canonica
1463 2167 1761 2236 praecipua
1792 2166 2120 2221 elaboravit.
2142 2163 2385 2218 Primum
2406 2160 2625 2230 collegit
2647 2172 2885 2214 canones
2914 2157 3273 2213 conciliorum
3295 2155 3761 2214 meumenicorum

494 2252 550 2308 in
582 2266 749 2306 unam
781 2251 1027 2323 syllogen
1049 2293 1064 2318 ,
1100 2268 1198 2308 eos
1238 2253 1602 2309 describenda
1640 2253 1825 2307 ordine
1867 2251 2253 2320 chronologico.
2286 2249 2503 2303 Eisdem
2541 2248 2741 2318 adjecit
2782 2261 3023 2302 canones
3054 2246 3414 2301 conciliorum
3458 2243 3765 2313 provincia-

494 2339 631 2393 lium
664 2338 760 2409 qui
793 2340 864 2394 ob
892 2340 1213 2410 praeclaram
1246 2340 1553 2397 doctrinam
1579 2349 1637 2396 et
1670 2355 1861 2397 sanam
1885 2337 2379 2410 jurisprudentiam
2411 2337 2521 2391 vim
2562 2336 2698 2406 legis
2725 2335 2778 2391 in
2818 2334 3075 2390 universa
3106 2334 3350 2390 Ecclesia
3403 2333 3761 2393 obtinebant,

495 2434 551 2481 et
599 2426 861 2496 epistolas
904 2426 1206 2482 canonicas
1253 2436 1569 2482 sanctorum
1609 2426 1860 2487 Patrum,
1897 2440 2020 2494 quae
2060 2423 2127 2479 ad
2178 2423 2527 2493 disciplinam
2559 2423 2872 2491 generalem
2916 2422 3173 2477 Ecclesia:
3211 2420 3562 2491 spectabant.
3614 2417 3765 2472 Hanc

503 2513 765 2583 syllogen,
797 2528 963 2582 quam
998 2513 1267 2579 Zonoras,
1295 2512 1587 2568 Balsamon
1625 2522 1680 2569 et
1708 2513 1957 2568 Aresteni
1983 2511 2161 2567 doctis
2196 2510 2610 2565 commentariis
2642 2516 2933 2574 urnarunt,
2961 2510 3016 2563 in
3041 2508 3156 2564 suis
3184 2506 3472 2562 Pandectis
3504 2520 3766 2559 canonum

493 2600 668 2655 edidit
709 2599 1077 2671 Beveregius,
1140 2615 1354 2671 nosque
1389 2600 1616 2657 edemus
1648 2601 1791 2655 inter
1837 2614 2003 2670 opera
2057 2601 2391 2673 scriptorum
2441 2604 2535 2672 qui
2587 2600 2654 2657 ad
2704 2600 2869 2655 linem
2921 2599 3113 2655 saeculi
3171 2614 3246 2654 sn
3300 2598 3384 2654 vel
3446 2596 3610 2652 initio
3660 2609 3765 2649 xui

493 2686 824 2742 ﬂoruerunt.

567 2774 773 2829 Deinde
803 2773 1031 2830 Photius
1059 2775 1285 2830 eosdem
1325 2789 1566 2830 canones
1599 2774 1891 2846 descripsit
1924 2776 2111 2831 ordine
2143 2774 2404 2840 materiae,
2435 2773 2822 2844 coujungcndo
2852 2787 3095 2828 canones
3129 2772 3377 2841 ejusdem
3416 2770 3755 2841 argumenti,

493 2861 599 2917 etsi
627 2860 870 2918 diversis
900 2863 1241 2932 temporibus
1270 2862 1402 2917 editi
1433 2861 1686 2929 fuissent,
1718 2872 1772 2918 et
1795 2872 1965 2918 totam
1999 2862 2288 2918 materiam
2314 2862 2459 2932 juris
2486 2862 2780 2916 dividendo
2812 2861 2866 2915 in
2898 2861 3321 2933 quatuordccim
3367 2861 3587 2914 titulos.
3618 2856 3772 2911 Hanc

492 2949 899 3016 collectionem,
950 2951 1055 3005 sub
1084 2952 1310 3005 nomine
1340 2948 1711 3021 Syntagmatis
1753 2966 2041 3014 canonum,
2073 2949 2285 3020 primus
2311 2950 2483 3005 edidit
2509 2950 2802 3005 cardinalis
2832 2950 2897 3004 A.
2929 2949 3055 3014 Mai,
3094 2949 3197 3011 vir,
3240 2948 3311 3002 ob
3341 2947 3393 3001 in
3424 2947 3606 3002 lucem
3642 2960 3770 3015 pro-

492 3044 667 3091 tracta
699 3037 903 3106 scripta
930 3047 1179 3094 veterum
1204 3037 1436 3093 Patrum
1474 3038 1564 3092 vix
1600 3054 1842 3108 unquam
1900 3038 2035 3095 satis
2069 3036 2378 3095 laudandus
2408 3076 2425 3102 ,
2476 3035 2750 3106 Spicilegii
2781 3035 3012 3090 Romani
3042 3043 3081 3089 t.
3116 3032 3231 3100 VII,
3257 3048 3492 3103 eamque
3533 3047 3636 3086 nos
3684 3032 3772 3085 hic

490 3122 742 3179 edemus.

567 3208 814 3264 Tandem
840 3208 1070 3265 Photius
1109 3226 1352 3267 canones
1384 3209 1780 3283 Syntagmatis,
1815 3213 2022 3267 omisso
2051 3220 2223 3278 textu,
2245 3212 2403 3285 juxta
2432 3211 2680 3267 ordinem
2715 3210 3086 3282 Syntagmatis
3132 3208 3341 3265 notavit
3367 3248 3382 3275 ,
3434 3214 3494 3261 et
3526 3222 3581 3260 .n
3614 3221 3772 3261 com-

495 3299 781 3353 mentariis
816 3299 1093 3368 adjunctis
1123 3300 1419 3371 descripsit
1451 3303 1600 3372 leges
1647 3302 1952 3371 praesertim
2000 3301 2193 3357 civiles
2240 3314 2365 3372 quae
2421 3299 2629 3355 eisdem
2684 3298 3114 3368 respondebant.
3180 3297 3335 3351 Hanc
3382 3294 3775 3349 collectionem

500 3385 947 3441 Nomocanonem
975 3387 1264 3457 inscripsit
1294 3430 1307 3454 ,
1342 3390 1469 3459 quia
1506 3390 1684 3460 legum
1722 3399 1829 3444 tam
1863 3390 2364 3445 ecclesiasticarum
2395 3402 2561 3457 quam
2594 3385 2842 3441 civilium
2882 3384 3207 3455 Catalogum
3240 3398 3304 3439 ac
3339 3383 3516 3437 veluti
3556 3383 3777 3434 harmo-

498 3476 647 3529 niam
682 3474 1000 3530 exhibebat.
1032 3474 1166 3531 Post
1196 3477 1334 3532 alios
1369 3478 1614 3533 Voellius
1645 3487 1698 3532 et
1726 3477 1995 3532 Justellus
2057 3493 2176 3531 eam
2215 3477 2403 3532 Greece
2432 3484 2485 3529 et
2506 3472 2701 3530 Latine
2729 3473 3017 3529 ediderunt
3042 3471 3297 3537 Parisiis,
3332 3485 3485 3525 anno
3522 3468 3680 3534 1661,
3720 3468 3774 3522 in

501 3580 605 3615 sua
639 3563 968 3617 Bibliotheca
1008 3562 1180 3632 Iuris,
1214 3572 1255 3620 t.
1290 3563 1351 3630 ll,
1380 3580 1435 3635 p.
1463 3566 1569 3620 785
1589 3574 1643 3621 et
1675 3581 1794 3635 seq.
1824 3565 1922 3621 llic
1952 3565 2110 3619 nobis
2143 3563 2353 3619 edenda
2376 3571 2479 3617 est.

568 3650 805 3706 Photius
838 3652 1057 3722 scripsit
1095 3654 1361 3723 epistolas
1390 3655 1575 3709 varias
1606 3654 1672 3709 de
1697 3654 1858 3709 rebus
1891 3652 2197 3717 canonicis,
2223 3666 2363 3720 quas
2397 3664 2501 3706 suo
2528 3650 2653 3705 loco
2709 3647 3006 3705 edidimus.
3042 3646 3269 3702 Catteris
3296 3644 3506 3699 eminet
3540 3642 3773 3714 epistola

514 3741 579 3793 ad
619 3740 856 3795 Leonem
893 3740 1365 3811 archiepiscopum
1396 3742 1666 3796 Calabriae
1703 3757 1826 3812 quae
1852 3751 1933 3797 est
1952 3755 2084 3795 xvm
2106 3739 2229 3795 libri
2260 3738 2301 3791 Ι.

574 3824 784 3877 Seriem
817 3824 1016 3878 horum
1050 3839 1280 3894 operum
1313 3824 1529 3879 claudet
1554 3825 1881 3895 opusculum
1909 3824 2090 3880 Pbotii
2117 3824 2264 3893 quod
2296 3823 2626 3879 inscribitur
2658 3840 2673 3877 :
2707 3821 3159 3893 lnterrogationes
3183 3822 3363 3873 decem
3391 3835 3516 3871 cum
3555 3818 3773 3871 totidem

498 3910 954 3979 responsionibus.
981 3909 1159 3965 Fmtet
1187 3911 1406 3980 quidem
1439 3910 1654 3969 libellus
1682 3913 1786 3968 iste
1813 3912 1940 3967 odio
1966 3910 2348 3978 schismatico;
2387 3913 2480 3967 sed
2519 3927 2626 3966 non
2654 3910 2775 3967 ideo
2804 3911 3306 3983 praztermittendus
3337 3907 3457 3972 fuit,
3498 3905 3774 3976 siquidem

498 3996 700 4053 indicet
746 3998 899 4068 cujus
939 3999 1169 4068 spiritus
1201 3997 1429 4054 Photius
1457 3996 1579 4054 fuit.

1379 4331 1529 4420 DE
1585 4331 2018 4425 PHOTII
2095 4334 2934 4427 SYNTAGMATE.

1174 4522 1405 4595 (Angelo
1448 4522 1554 4580 MAI
1601 4523 1851 4596 Spicileg.
1911 4525 2068 4582 Rom.
2136 4536 2270 4585 tom.
2337 4527 2448 4596 Vll,
2513 4529 2668 4601 praef.
2741 4545 2867 4603 pag.
2926 4533 3071 4601 vui.)

588 4677 771 4733 Photii
800 4676 1095 4749 Syntagma
1125 4695 1386 4733 canonum
1418 4678 1585 4750 (quod
1613 4679 1681 4735 ab
1708 4680 1938 4736 eruditis
1971 4695 2094 4736 cum
2122 4682 2175 4743 Α
2203 4703 2209 4733 ‹

2203 4684 2469 4756 σωτηρίου
2501 4684 2770 4756 δόγματος
2801 4687 2897 4740 καὶ
2947 4687 3160 4757 χρηστῇ
3200 4683 3523 4754 διδασκαλίᾳ
3551 4687 3779 4741 πάντων

514 4767 760 4837 ejusdem
792 4766 1069 4838 Synagoge
1112 4784 1371 4822 canonum
1405 4769 1666 4824 confundi
1697 4770 1856 4841 solet)
1891 4770 2090 4826 habere

504 4874 597 4915 me
626 4860 679 4913 in
713 4860 992 4924 manibus,
1041 4860 1204 4930 idque
1236 4861 1378 4931 typis
1425 4862 1725 4932 aliquando
1767 4862 1885 4918 fore
1915 4864 2089 4919 tradi-

502 4963 712 5017 turum,
740 4950 855 5005 dixi
887 4951 1099 5021 aliquot
1142 4952 1344 5007 abhinc
1387 4953 1547 5009 annis
1592 4952 1646 5007 in
1690 4953 2090 5025 prolegomenis

502 5043 746 5114 repetitae
822 5043 1080 5099 editionis
1142 5043 1278 5099 tomi
1336 5043 1357 5097 ι
1418 5046 1753 5115 Scriptorum
1823 5056 2086 5114 veterum,

502 5152 560 5207 p.
594 5152 765 5191 xxvm
788 5153 801 5203 ;
828 5152 940 5207 quo
964 5152 1112 5191 nunc
1139 5138 1410 5206 promisso
1440 5136 1658 5208 defungi
1685 5138 1896 5205 volens,
1920 5138 2093 5193 trinas

501 5229 685 5286 PhOtii
721 5230 865 5285 circa
892 5229 985 5300 jus
1008 5228 1339 5285 canonicum
1365 5244 1525 5285 curas
1556 5229 1896 5301 distinguere
1931 5240 2092 5300 atque

504 5323 560 5375 in
620 5328 966 5376 antecessum
1040 5334 1317 5389 exponere
1386 5333 1614 5374 necesse
1679 5329 1782 5375 est.
1850 5318 2090 5374 Primam

504 5413 689 5483 itaque
738 5427 929 5468 curam
983 5426 1141 5468 suam
1182 5411 1263 5465 sic
1294 5420 1481 5465 narrat
1525 5408 1756 5466 Photius
1812 5420 1937 5465 ante
1970 5408 2090 5464 No-

504 5520 856 5559 mocanonnm
916 5504 972 5558 in
1020 5500 1386 5567 Praefatioue,
1445 5516 1612 5571 quam
1672 5516 1740 5557 ex
1792 5498 2089 5556 Oxoniensi

505 5596 693 5650 codice
742 5594 1006 5650 Justellus
1052 5594 1243 5658 edidit,
1299 5593 1444 5649 Bibl.
1495 5610 1620 5649 can.
1656 5602 1697 5650 t.
1742 5592 1806 5661 ll,
1841 5609 1899 5663 p.
1930 5593 2035 5649 789
2074 5616 2086 5650 :

516 5683 885 5756 Ἐπεχείρησα
918 5685 1047 5749 τοὺς
1077 5683 1183 5738 ὑπὸ
1216 5683 1326 5738 τῶν
1358 5685 1417 5737 ἐν
1445 5683 1657 5753 χρόνοις
1680 5683 1956 5755 διαφόροις
1995 5700 2089 5752 γε-

505 5776 820 5844 γενημένων
874 5775 1046 5844 ἁγίων
1092 5776 1223 5831 δέκα
1257 5775 1493 5831 συνόδων
1529 5775 1620 5829 ἐπὶ
1655 5775 1944 5844 βεϐαιώσει
1991 5774 2084 5829 τοῦ

2191 4773 2495 4844 ἀνθρώπων
2518 4775 2839 4841 ὲκτεθὲντας
2859 4776 3184 4847 θεοπρεπεϊς
3217 4776 3446 4838 κανόνας
3477 4777 3558 4839 εἰς
3579 4776 3780 4828 ταυτὸν

2196 4869 2545 4935 συναγαγεῖν,
2584 4869 2824 4939 ἑκάστης
2883 4869 3101 4922 συνόδου
3154 4871 3220 4940 τῇ
3263 4867 3611 4940 προσηγορίᾳ
3652 4868 3783 4931 τοὺς

2194 4958 2363 5030 αὐτῆς
2398 4961 2676 5031 ἐχομένως
2724 4961 3020 5025 ὑποτιθείς.
3075 4961 3339 5032 Quotquot
3377 4978 3408 5014 a
3438 4963 3640 5015 sanctis
3684 4961 3783 5013 de-

2194 5065 2305 5103 cem
2338 5052 2571 5119 synodis,
2602 5052 2822 5106 diversis
2871 5053 3212 5120 temporibus,
3247 5052 3316 5104 ad
3382 5052 3645 5105 salutaris
3691 5051 3784 5103 do-

2197 5137 2385 5190 ctrina:
2407 5139 2883 5208 confirmationem,
2923 5138 3215 5209 bonamque
3234 5139 3466 5192 omnium
3500 5137 3783 5191 hominum

2195 5229 2583 5283 institutionem
2627 5229 2848 5297 habitis,
2887 5229 3017 5283 editi
3061 5238 3183 5281 sunt
3224 5228 3368 5281 sacri
3406 5243 3657 5290 canones,
3691 5243 3781 5281 eos

2196 5332 2287 5386 ego
2311 5332 2488 5371 omnes
2513 5320 2568 5372 in
2597 5335 2763 5372 unum
2786 5334 2978 5388 corpus
3009 5319 3335 5388 colligendos
3362 5318 3588 5388 suscepi,
3614 5318 3691 5372 ita
3722 5325 3781 5370 ut

2194 5408 2605 5480 uniuscujusque
2668 5411 2855 5482 synodi
2927 5410 3272 5482 appellationi
3342 5428 3405 5466 ac
3469 5411 3629 5465 titulo
3696 5409 3782 5463 sui

2188 5502 2425 5569 proxime
2459 5518 2684 5557 canones
2709 5504 2936 5574 subjecti
2966 5506 3095 5560 sint.
3130 5504 3310 5575 Pergit
3352 5504 3550 5560 deinde
3593 5503 3786 5565 dicere

2198 5593 2444 5655 Photius,
2479 5608 2538 5649 se
2567 5609 2807 5651 canones
2834 5612 3054 5668 quoque
3081 5596 3478 5668 apostolorum,
3507 5594 3785 5665 synodum

2204 5686 2713 5756 Carthaginiensem
2741 5688 2867 5756 (sub
2899 5691 3134 5759 primate
3157 5688 3402 5759 Aurelio)
3449 5697 3503 5744 et
3543 5686 3786 5743 nonnule

2199 5775 2375 5830 lorum
2407 5783 2719 5831 sanctorum
2753 5775 2974 5832 Patrum
3004 5778 3140 5832 alios
3163 5791 3400 5832 canones
3432 5791 3525 5831 seu
3555 5773 3781 5827 decreta
