4122 6442
418 340 515 404 433

1205 341 1605 401 SYNTAGMA
1640 339 2031 402 CANONUM.
2062 363 2133 374 —
2160 341 2229 401 A.
2270 342 2408 402 MAI
2446 345 2859 408 PR/EFATIO.

3557 342 3657 409 434

418 454 602 509 eodem
633 468 798 524 opere
834 456 1171 511 conclusisse
1200 475 1213 510 :
1248 465 1303 512 et
1336 457 1515 526 primo
1546 459 1765 527 quidem
1816 459 1979 529 μέχρι
2005 454 2059 515 Α
2082 453 2407 513 Lambecius
2433 500 2446 521 ,
2506 461 2668 531 Bibl._
2694 460 2914 516 Vindob.
2967 462 3052 516 ed.
3111 460 3317 515 Kollar.
3364 459 3463 514 lib.
3512 474 3608 511 vni
3630 497 3645 521 ,

412 547 505 614 τῆς
556 545 815 615 πέμπτης
862 547 1079 600 συνόδου
1124 547 1355 610 κανόνας
1397 550 1476 610 εἰς
1537 547 1594 601 ἓν
1655 552 1981 616 συναγαγεῖν

416 636 635 705 θέμενος
683 638 923 701 σκοπόν,
974 654 1131 707 scopo
1169 639 1271 693 sibi
1304 643 1593 709 proposito,
1638 651 1696 694 ut
1757 658 1982 696 canones

416 741 569 795 usque
599 726 669 778 ad
704 728 966 795 synodum
998 730 1241 797 quintam
1282 731 1338 783 in
1376 747 1541 784 unum
1592 746 1780 799 corpus
1832 731 1985 786 colli-

414 826 570 887 geret.
606 815 711 871 Sed
741 833 891 882 mox,
930 828 990 872 ut
1016 820 1217 874 ibidem
1245 821 1451 885 subdit,
1499 822 1759 892 ampliato
1800 824 1982 878 consi-

415 908 504 971 lio,
558 908 777 979 longius
824 912 1112 979 processit,
1166 912 1241 966 ita
1289 922 1349 967 ut
1394 914 1632 983 synodos
1673 930 1892 983 quoque
1927 930 1987 970 se

413 996 721 1064 patriarcha
754 997 967 1053 habitas
986 1013 1139 1068 aeque
1159 1002 1518 1070 excerpserit,
1556 1014 1802 1071 opusque
1823 1015 1985 1054 suum

414 1100 555 1139 anno
584 1085 805 1140 demum
837 1102 1205 1155 occetxxxm,
1231 1089 1419 1159 paucis
1443 1097 1569 1145 ante
1596 1090 1803 1146 obitum
1826 1091 1986 1146 annis

416 1174 728 1229 absolverit.
759 1175 942 1232 Prima
971 1178 1138 1248 igitur
1163 1182 1487 1249 caeterisque
1530 1183 1761 1251 amplior
1804 1182 1985 1236 PhOtii

413 1264 673 1319 canonica
701 1266 1007 1323 lucubratio
1035 1270 1149 1324 haec
1173 1268 1294 1335 fuit,
1332 1286 1497 1338 quam
1530 1271 1691 1325 titulo
1724 1272 1986 1341 Συναγω-

413 1354 533 1422 γῆς,
557 1355 610 1410 id
639 1365 723 1411 est
744 1357 1105 1427 Collectionis,
1131 1360 1469 1431 distinguere
1494 1363 1562 1417 ab
1585 1364 1708 1419 aliis
1734 1364 1983 1420 interest.

414 1445 539 1498 Haec
562 1454 742 1501 autem
776 1464 1047 1519 synagoge
1088 1451 1229 1520 ipsa,
1261 1461 1320 1506 ut
1352 1468 1500 1519 reor,
1535 1463 1640 1519 est,
1671 1472 1830 1523 quant
1860 1473 1987 1512 cum

415 1530 640 1589 Zonaras
689 1546 745 1591 et
776 1536 1118 1595 Balsamonis
1168 1542 1393 1598 scholiis
1434 1553 1548 1598 tum
1593 1546 1647 1599 in
1692 1545 1990 1605 Parisiensi

413 1625 670 1692 editione,
709 1637 823 1683 tum
853 1630 905 1684 in
940 1630 1221 1704 Bcveregii
1256 1636 1536 1704 praeclaris
1570 1636 1856 1694 Pandectis
1906 1641 1988 1695 le-

410 1716 604 1783 gimus.
632 1718 953 1789 Quanquam
979 1727 1167 1778 eadem
1202 1725 1254 1779 in
1278 1742 1440 1781 manu
1464 1729 1683 1798 scriptis
1709 1731 1987 1788 codicibus

410 1823 519 1861 non
544 1810 663 1863 sine
690 1811 924 1880 plurima
953 1815 1239 1879 varietate,
1273 1832 1337 1872 ac
1378 1821 1540 1873 modo
1581 1821 1794 1891 longior
1824 1825 1987 1878 modo
2026 1810 2065 1863 Β

409 1902 743 1956 contractior
769 1903 935 1973 jacet,
972 1917 1029 1960 ut
1062 1908 1191 1961 mihi
1225 1908 1424 1978 legenti
1455 1925 1799 1982 compertum
1832 1926 1933 1972 est.

482 1991 603 2046 Mox
636 1997 890 2050 secundae
919 1998 1318 2057 lucubrationis
1348 2013 1600 2059 naturam
1632 2007 1713 2062 sic
1756 2008 1985 2064 Photius

407 2081 667 2138 describit
705 2104 719 2140 :
754 2087 979 2142 Πάντων
1010 2090 1068 2143 δὲ
1114 2092 1222 2144 τῶν
1274 2095 1708 2166 συνειλεγμένων
1752 2101 1851 2169 τὴν
1894 2101 1986 2155 δύ-

407 2190 570 2242 ναμιν
599 2176 678 2238 εἰς
708 2175 925 2241 τίτλους
962 2180 1096 2232 δέκα
1129 2183 1266 2252 πρὸς
1309 2183 1533 2255 τέτρασι
1576 2186 1833 2256 συνελὼν,
1892 2192 1985 2245 καὶ

405 2264 611 2318 τούτων
645 2267 873 2323 ἕκαστον
920 2272 999 2333 εἰς
1027 2271 1259 2345 διάφορα
1291 2276 1564 2345 κεφάλαια
1592 2279 1783 2334 διελών
1814 2297 1827 2310 ⁸
1866 2280 1984 2337 εἶτα

404 2358 533 2420 τοὺς
561 2359 694 2429 πρὸς
729 2361 967 2434 ἑκάστην
1001 2365 1227 2436 ζήτησιν
1260 2369 1601 2439 ἁρμόζοντας
1648 2373 1807 2442 ὄρους
1852 2376 1985 2430 ὑπο-

407 2448 543 2513 θεὶς,
574 2452 672 2514 τάς
718 2471 775 2505 τε
809 2459 1185 2529 προσηγορίας
1214 2460 1323 2515 τῶν
1358 2464 1555 2527 αὐτοὺς
1586 2465 1855 2537 εὑρόντων
1888 2469 1984 2541 δη-

404 2538 608 2605 λώσας,
648 2544 743 2596 καὶ
786 2545 877 2599 τὸν
912 2548 1147 2619 ἀριθμὸν
1172 2551 1260 2606 διὰ
1292 2553 1402 2605 τῶν
1428 2555 1807 2627 ἀριθμητικῶν
1842 2538 1987 2615 στοι-

405 2629 592 2697 χείων,
627 2633 977 2705 εὐσύνοπτον,
1007 2640 1083 2702 ὡς
1120 2635 1297 2709 οἶμαι,
1318 2645 1459 2697 κατὰ
1479 2645 1710 2716 δύναμιν
1732 2652 1793 2705 τὸ
1825 2653 1985 2706 Σύν-

409 2736 603 2788 tanta
639 2726 949 2797 πεποίημαι
979 2745 993 2760 ·
1030 2729 1241 2786 Horum
1274 2745 1451 2789 autem
1489 2742 1725 2795 omnium
1760 2742 1839 2796 ita
1870 2746 1983 2799 col-

408 2810 663 2867 lectorum
710 2818 760 2870 vi
804 2820 860 2872 in
902 2822 1088 2877 titulos
1138 2829 1540 2894 quatuordecim
1580 2841 1873 2901 contracta,
1922 2855 1986 2892 ac

412 2918 723 2975 unoquoque
753 2910 942 2964 horum
986 2915 1265 2970 titulorum
1297 2920 1353 2973 in
1397 2923 1543 2974 varia
1581 2926 1757 2993 capita
1799 2928 1984 2983 distri-

412 2995 569 3063 buto;
594 2999 784 3055 deinde
808 3005 1090 3075 unicuique
1113 3013 1395 3079 quazxtioni
1438 3017 1859 3072 convenientibus
1897 3022 1988 3075 de-

411 3085 742 3151 ﬁnitionibus
774 3093 1046 3162 subjectis,
1089 3108 1471 3172 auctorumque
1500 3106 1739 3174 ipsorum
1774 3112 1985 3165 nomine

410 3176 707 3266 declarato,
760 3200 967 3242 necnon
1004 3189 1164 3245 etiam
1237 3208 1454 3249 numero
1508 3214 1603 3266 per
1650 3199 1989 3259 arithmetica

410 3263 664 3362 elementa
711 3277 991 3341 apposito,
1034 3282 1246 3350 cognitu
1298 3284 1480 3352 facile,
1509 3263 1598 3341 tut
1637 3290 1844 3358 opinor,
1895 3310 1991 3362 pro

414 3356 608 3412 viribus
659 3359 954 3435 Syntagma
988 3369 1273 3426 elaboravi.
1316 3373 1396 3428 En
1448 3356 1710 3442 secunda,
1750 3356 1989 3451 utvdixi,

413 3452 674 3506 canonica
709 3452 882 3510 Photii
919 3458 1247 3528 lucubratio,
1298 3464 1592 3537 Syntagma
1642 3471 1880 3540 scilicet,
1937 3476 1991 3531 id

413 3549 493 3592 est
523 3542 777 3597 ordinata
816 3551 1130 3617 compositio
1179 3568 1477 3623 canonum,
1518 3567 1682 3628 atque
1723 3563 1790 3616 ad
1823 3579 1991 3631 pecu-

414 3630 600 3687 liarem
650 3636 814 3690 tinem
870 3640 1115 3709 directa,
1178 3644 1230 3700 id
1282 3656 1367 3703 est
1420 3650 1486 3704 ad
1534 3630 1992 3712 demonstrandos

414 3724 933 3800 conﬁrmandosque
982 3737 1235 3792 canonici
1284 3738 1427 3809 juris
1478 3743 1720 3801 delectos
1774 3747 1987 3805 titulos.

413 3812 579 3869 Aliud
594 3826 677 3871 est
704 3818 891 3889 igitur,
921 3832 980 3876 ut
1000 3823 1112 3893 jam
1145 3825 1280 3892 dixi,
1316 3843 1593 3885 canonum
1622 3832 1737 3887 sive
1763 3850 1828 3887 ex
1856 3851 1991 3906 syn-

414 3906 533 3962 odis
589 3908 705 3963 sive
746 3912 910 3966 etiam
950 3929 1016 3969 ex
1050 3916 1281 3988 singulis
1330 3921 1587 3979 Patribus
1622 3930 1988 3998 coacervatio,

414 4007 573 4064 atque
601 3997 653 4051 in
683 4014 793 4054 uno
825 4001 1104 4060 volumine
1148 4009 1396 4079 scriptio,
1424 4028 1546 4080 quae
1594 4015 1729 4069 nihil
1768 4027 1850 4072 est
1884 4019 1992 4074 nisi

414 4090 658 4156 quaedam
695 4098 1025 4168 συναγωγή;
1054 4100 1200 4155 aliud
1236 4117 1366 4157 vero
1418 4105 1703 4174 ingeniosa
1739 4109 1988 4179 ipsorum

412 4179 716 4249 dispositio,
749 4192 914 4255 atque
951 4190 1017 4242 ad
1046 4201 1226 4248 certos
1257 4208 1453 4264 scopos
1480 4197 1809 4265 collineatio,
1843 4204 1991 4272 quod

416 4273 697 4344 σύνταγμα
749 4280 972 4348 proprie
1008 4284 1344 4352 appellatur;
1379 4302 1487 4355 quo
1536 4291 1804 4345 vocabulo
1847 4294 1993 4349 Pho-

414 4364 521 4450 tius
552 4365 653 4419 hoc
684 4382 822 4436 opus
847 4383 1009 4423 suum
1037 4387 1255 4442 semper
1306 4375 1583 4445 indigitat,
1634 4388 1693 4433 ut
1744 4380 1985 4450 cuipiam

2085 558 2137 612 p.
2167 544 2303 610 909;
2339 546 2641 611 Fabricius,
2678 550 2817 606 Bibl.
2851 550 2945 605 Gr.
2975 550 3063 605 et].
3100 567 3224 606 nov.
3252 560 3291 604 ι.
3324 548 3415 611 XI,
3453 564 3506 618 p.
3557 548 3651 614 2|,

2082 644 2137 689 et
2182 644 2221 689 t.
2275 636 2391 703 Xll,
2445 656 2496 709 p.
2554 642 2693 707 185;
2742 641 3261 706 Assemanus,Jur.
3298 640 3506 694 Orient.
3541 650 3579 692 t.
3617 640 3655 703 l,

2084 739 2138 793 p.
2167 725 2255 788 57,
2289 729 2381 797 qui
2412 729 2465 783 in
2494 731 2681 785 codice
2717 730 2839 787 Vat.
2867 731 3026 796 “85,
3059 740 3113 785 et
3147 730 3320 784 Palat.
3365 731 3471 785 408
3504 770 3520 796 ,
3570 747 3665 785 ex-

2085 824 2229 871 stare
2276 819 2350 871 ait
2378 817 2556 875 Photii
2607 822 2926 894 Syntagma,
2979 824 3032 876 in
3088 822 3291 893 quibus
3344 837 3537 892 reapse
3589 823 3665 876 nil

2084 914 2280 974 praeter
2328 907 2759 966 Nomocanonem
2816 928 2881 967 ac
2935 911 3245 983 Synagogen
3302 927 3426 967 cum
3475 911 3663 966 Balsa-

2095 999 2276 1053 monis
2311 999 2547 1058 Scholiis
2594 1003 2845 1059 habetur.
2888 1004 3134 1074 Denique
3167 1014 3223 1060 et
3252 1004 3494 1060 Jacobus
3545 1003 3662 1057 Mo-

2088 1090 2279 1148 lellius
2306 1094 2361 1147 in
2394 1094 2538 1149 Bibl.
2575 1095 2638 1151 S.
2678 1097 2873 1164 Marci,
2907 1113 2963 1169 p.
2995 1098 3086 1168 97,
3139 1097 3319 1153 Photii
3368 1096 3665 1167 Syntagma

2088 1185 2326 1253 appellat
2352 1187 2621 1258 nobisque
2647 1192 2896 1260 exponit,
2928 1190 2980 1246 id
3018 1191 3163 1260 quod
3198 1188 3490 1245 manifeste
3530 1189 3669 1243 nihil

2088 1286 2173 1331 est
2196 1276 2339 1332 aliud
2370 1294 2536 1349 quam
2573 1280 2750 1336 Photii
2777 1284 2953 1353 prima
2986 1281 3286 1354 Synagoge,
3332 1281 3577 1338 nondum
3612 1281 3669 1335 in

2090 1369 2280 1424 titulos
2309 1369 2629 1438 distributa,
2665 1389 2843 1443 neque
2871 1375 2965 1435 adit
2980 1373 3343 1445 Syntagmatis
3395 1375 3666 1428 rationem

2090 1461 2333 1517 redacta.
2357 1460 2635 1518 Tenemus
2664 1464 2779 1534 jam
2831 1465 2998 1535 igitur
3038 1465 3219 1521 Photii
3262 1466 3557 1536 Syntagma
3604 1479 3670 1518 ex

2091 1555 2311 1625 propria
2365 1554 2651 1627 Synagoge
2680 1557 2750 1610 ab
2786 1557 2975 1613 eodem
3011 1568 3320 1628 sumptum,
3346 1567 3400 1613 et
3429 1560 3483 1614 iii
3539 1560 3669 1611 titti-

2092 1643 2176 1699 los
2210 1660 2299 1699 xiv
2332 1645 2711 1712 distributum,
2770 1646 2825 1700 in
2860 1663 3098 1718 quOrum
3129 1650 3361 1719 singulis
3408 1649 3670 1704 continua

2096 1738 2416 1808 integraque
2460 1738 2708 1793 dictione
2758 1753 2855 1794 eos
2901 1754 3141 1795 canones
3192 1741 3433 1810 scripsit,
3474 1740 3566 1810 qui
3604 1741 3668 1794 ad

2097 1842 2207 1880 rem
2241 1829 2576 1898 pr0positam
2602 1829 3036 1884 conﬁrmandam
3063 1842 3316 1900 prosunt.
3345 1831 3519 1897 Quam
3553 1847 3667 1886 rem

2096 1916 2166 1971 ita
2200 1933 2259 1972 se
2289 1919 2511 1985 habere,
2544 1920 2716 1975 codex
2743 1920 3156 1986 Columnensis,
3185 1939 3333 1978 nunc
3357 1923 3672 1987 Vaticanus,

2091 2010 2159 2064 de
2188 2027 2296 2080 quo
2330 2026 2494 2079 supra
2523 2014 2878 2079 in,Germano
2905 2015 3035 2080 dixi,
3072 2015 3410 2070 demonstrat
3437 2035 3450 2071 :
3479 2017 3670 2076 codex.

2094 2099 2343 2167 inquam,
2390 2101 2641 2172 insignis,
2698 2105 3119 2167 membraneus,
3175 2106 3457 2175 antiquus,
3490 2109 3672 2163 saeculi

2095 2207 2293 2261 nempe
2343 2194 2536 2249 saltem
2574 2212 2672 2262 xn,
2727 2198 3061 2267 calligrapha
3109 2198 3468 2269 diligentique
3509 2215 3673 2255 manu

2096 2285 2357 2354 scriptus,
2403 2296 2677 2357 tantaeque
2724 2291 2994 2357 raritatis,
3038 2300 3101 2345 ut
3150 2292 3239 2347 hic
3288 2294 3439 2348 solus
3484 2292 3669 2347 Photii

2093 2390 2285 2429 verum
2341 2376 2635 2448 Syntagma
2685 2383 2967 2436 continere
3014 2384 3265 2438 videatur
3306 2403 3319 2439 :
3370 2386 3477 2440 nisi
3534 2385 3674 2440 forte

2094 2468 2241 2521 aliud
2274 2471 2555 2539 exemplar
2572 2482 2657 2525 est
2685 2472 2739 2527 in
2766 2473 2955 2528 codice
2986 2474 3327 2532 Dubliniensi
3356 2493 3484 2532 mss.
3509 2478 3670 2547 Angl.

2092 2570 2145 2614 et
2174 2558 2396 2615 llibern.
2435 2571 2474 2615 t.
2501 2561 2566 2630 ll,
2598 2574 2737 2633 part.
2772 2582 2834 2628 ιι,
2868 2581 2921 2635 p.
2957 2566 3046 2631 40,
3082 2569 3174 2637 qui
3199 2569 3277 2625 sic
3305 2571 3671 2625 describitur:

2093 2655 2275 2709 Photii
2304 2656 2439 2727 leges
2476 2658 2790 2731 (canones?)
2821 2676 2913 2729 per
2952 2662 3184 2730 capitula
3213 2664 3431 2732 digestae
3468 2664 3672 2733 plenius

2094 2764 2253 2818 quam
2284 2749 2339 2801 in
2369 2748 2772 2805 Nomocanone.
2815 2751 2973 2805 Certe
3026 2752 3071 2806 si
3122 2770 3345 2808 canones
3393 2768 3491 2823 pro
3537 2753 3672 2823 leges

2096 2837 2446 2893 scribendum
2481 2838 2603 2904 fuit,
2635 2852 2892 2896 accurata
2922 2842 3053 2896 mihi
3085 2842 3198 2897 haec
3221 2845 3492 2900 videretur
3529 2843 3672 2899 Pho-

2096 2928 2226 2982 tiani
2266 2929 2628 3001 Syntagmatis
2657 2931 2921 2986 definitio.
3404 2920 3405 2923 ‘

2165 3019 2322 3077 Nunc
2366 3021 2478 3091 jam
2540 3023 2789 3091 sequitur
2823 3032 2881 3078 ut
2924 3024 2990 3077 de
3040 3023 3214 3079 tertiis
3255 3023 3433 3077 Photii
3472 3024 3538 3078 ad
3584 3023 3673 3094 jus

2095 3114 2424 3168 canonicum
2471 3114 2620 3169 euris
2674 3114 2952 3170 dicamus.
3018 3114 3282 3170 Homines
3338 3117 3412 3170 ita
3476 3128 3675 3171 natura

2095 3207 2397 3277 comparati
2449 3217 2599 3272 sunt,
2655 3217 2717 3263 ut
2773 3218 2930 3264 actus
2992 3223 3122 3264 suos
3176 3207 3372 3279 partim
3425 3209 3675 3277 exemplo

2094 3300 2252 3363 duce,
2276 3298 2472 3368 partim
2498 3300 2721 3369 proprio
2735 3300 3029 3354 ratiocinio
3051 3307 3314 3369 motuque
3332 3299 3673 3369 depromant.

2096 3388 2398 3459 Utramque
2439 3391 2578 3445 hanc
2605 3390 2849 3459 regulam
2902 3400 3127 3445 secutus
3157 3389 3386 3445 Photius
3412 3391 3626 3444 videtur
3659 3410 3673 3445 :

2092 3500 2331 3553 namque
2360 3490 2419 3536 ut
2446 3499 2553 3537 non
2587 3484 2765 3538 solum
2791 3482 3085 3554 Syntagma
3106 3485 3200 3539 sed
3231 3483 3669 3538 Nomocanonem

2099 3578 2264 3629 etiam
2318 3574 2580 3629 conderet
2616 3575 2689 3636 (id
2736 3576 2882 3630 enim
2920 3576 3080 3630 tertio
3111 3576 3258 3645 operi
3284 3585 3366 3630 est
3412 3575 3672 3646 nomen),

2094 3664 2289 3719 ducem
2318 3662 2511 3718 habuit
2536 3663 2869 3718 antedictum
2895 3662 3184 3730 Joannem,
3216 3667 3311 3735 qui
3335 3663 3677 3734 Syntagmati

2095 3771 2198 3812 suo
2234 3755 2662 3810 Nomocanonem
2712 3758 2866 3811 illum
2916 3756 3220 3821 subtexuit,
3256 3772 3420 3826 quem
3466 3758 3675 3825 primus

2092 3848 2355 3904 Justellus
2382 3847 2573 3903 edidit.
2600 3846 2705 3903 Sed
2728 3849 2875 3903 enim
2909 3850 3039 3905 illud
3075 3850 3248 3904 multo
3270 3850 3673 3913 vehementius,

2093 3950 2157 3998 ut
2188 3941 2405 4010 opinor,
2440 3940 2698 3996 Photium
2738 3942 2976 4012 impulit,
3005 3942 3133 4013 quia
3177 3941 3469 4014 Syntagma
3512 3959 3673 3998 suum

2094 4033 2507 4102 repetitionibus
2538 4033 2793 4102 plurimis
2823 4033 3077 4090 laborare
3102 4034 3355 4101 videbat;
3382 4044 3675 4105 propterea

2094 4124 2238 4193 quod
2283 4124 2505 4179 eosdem
2538 4139 2806 4186 canones,
2836 4134 2890 4180 et
2927 4126 3147 4195 quidem
3196 4141 3341 4195 saepe
3379 4127 3673 4196 longiores,

2094 4231 2309 4271 necnon
2368 4216 2588 4284 copiosa
2622 4215 2847 4271 Patrum
2887 4226 3191 4286 segmenta,
3230 4218 3336 4282 bis,
3368 4227 3586 4287 quater,
3612 4232 3677 4271 ac

2094 4304 2326 4361 fortasse
2367 4305 2553 4360 decies
2595 4304 2887 4375 aliquando
2926 4320 3211 4361 recurrere
3250 4321 3481 4361 necesse
3530 4316 3671 4371 erat,

2093 4396 2222 4464 quia
2247 4394 2481 4450 diversis
2511 4394 2685 4449 titulis
2714 4403 2770 4449 et
2800 4395 3053 4465 capitulis
3096 4410 3254 4465 aeque
3297 4394 3649 4464 quadrabant

415 4447 610 4555 ξδξυξη
642 4459 889 4551 ηιοδῑτυῐη
919 4454 1117 4555 Ῑ-θὲξξηί
1138 4458 1433 4555 ροηεξίίδί-ξ·
1459 4460 1642 4530 “aque
1667 4472 1720 4516 ει
1747 4447 1988 4522 δοθ-ηιιθε
2011 4492 2066 4553 1)
2094 4447 2238 4555 largo
2269 4485 2481 4541 etiamsi
2517 4482 2811 4555 Syntaqma
2848 4447 3055 4541 titiliter
3089 4447 3405 4541 coiil‘ectiim
3446 4496 3584 4551 erat,
3619 4488 3673 4541 in

414 4534 808 4606 Scliolasticus,
852 4543 946 4612 qui
992 4543 1247 4599 Photium
1278 4547 1334 4600 in
1386 4547 1686 4620 Byzantino
1737 4556 1984 4623 patriar-

413 4629 574 4684 chatu
628 4633 883 4690 ducentis
949 4638 1110 4693 annis
1168 4641 1487 4708 praecessit,
1550 4646 1697 4712 paris
1757 4650 1988 4703 omnino

414 4732 701 4780 structurae
734 4726 935 4781 librum
976 4745 1043 4782 ex
1071 4731 1379 4788 canonibus
1407 4750 1581 4804 usque
1605 4737 1672 4791 ad
1709 4741 1985 4807 synodum

412 4824 660 4881 quartam
695 4817 1016 4885 conﬁciens,
1052 4822 1208 4876 sicin
1242 4824 1399 4879 titulo
1437 4826 1600 4881 habet
1626 4846 1640 4881 :
1666 4831 1991 4885 Συντάττει

414 4906 536 4969 τοὺς
563 4907 719 4971 ὅλους
746 4911 977 4975 κανόνας
1029 4914 1107 4975 εἰς
1143 4914 1185 4967 ν’
1220 4915 1431 4979 τετλους
1476 4933 1489 4970 :
1522 4916 1714 4972 Omnes
1763 4938 1988 4978 canones

410 4995 502 5046 sub
537 5000 707 5051 titulis
734 5003 1115 5072 quinquaginta
1136 5005 1295 5058 simul
1324 5009 1610 5076 componit,
1630 5025 1725 5065 seu
1756 5013 1821 5066 ad
1849 5014 1989 5085 Syn-

332 5125 344 5139 .
412 5097 587 5155 tagma
608 5090 839 5158 redigit;
876 5107 987 5162 quo
1018 5096 1241 5151 nomine
1268 5096 1499 5155 Joannis
1534 5100 1690 5155 labor
1722 5116 1988 5162 coxistan-

414 5186 491 5230 ter
520 5178 860 5250 designatur.
894 5184 985 5242 Sic
1013 5203 1142 5256 ergo
1190 5193 1440 5260 exposita
1480 5194 1734 5250 Photiani
1788 5198 1994 5269 Syma-

413 5273 602 5338 gmatis
629 5289 758 5328 vera
794 5277 1037 5346 notione,
1064 5296 1225 5351 spero
1273 5283 1468 5339 falsam
1516 5287 1687 5354 illam,
1738 5299 1799 5343 ut
1844 5307 1989 5357 reor,

412 5361 911 5434 hildiographorum
954 5371 1292 5439 opinionem,
1322 5377 1655 5433 exstinctum
1708 5380 1799 5446 iri,
1844 5382 1988 5451 quod

413 5467 601 5547 nempe
630 5457 809 5513 Photii
860 5458 1152 5533 Syntagma
1187 5465 1326 5522 idem
1376 5469 1447 5523 sit
1493 5479 1658 5541 atque
1711 5471 1991 5547 Synagoge

416 5542 868 5617 (repugnantibus
897 5554 1032 5623 ipsis
1060 5556 1200 5611 inter
1222 5574 1282 5612 se
1312 5563 1650 5637 vocabulis);
1672 5542 1988 5638 quanquam

416 5638 608 5691 summi
640 5654 859 5712 quoque
889 5645 1012 5711 viri,
1047 5646 1389 5717 ignoratione
1413 5653 1618 5710 codicis
1649 5658 1822 5712 nostri
1850 5668 1905 5713 et
1931 5674 1990 5714 re

418 5740 605 5794 parum
638 5733 1003 5803 considerata,
1060 5738 1167 5795 isto
1201 5742 1365 5798 modo
1412 5745 1581 5803 locuti
1629 5759 1773 5817 sunt,
1818 5749 1987 5807 veluti

2093 4593 2199 4646 quo
2221 4577 2403 4630 omnia
2428 4577 2544 4631 suis
2574 4577 2708 4631 locis
2740 4577 3043 4647 perscripta
3085 4578 3403 4641 exstabant,
3431 4579 3675 4633 molesta:

2094 4680 2273 4722 tamen
2299 4668 2456 4723 valde
2476 4668 2935 4731 exscribentibus,
2977 4683 3171 4739 graves
3198 4669 3327 4722 item
3357 4670 3672 4724 ementibus

2092 4753 2412 4807 accidebant
2448 4768 2723 4807 canonum
2757 4755 3116 4823 repetitiones
3150 4763 3248 4821 tot,
3274 4772 3398 4825 qua:
3418 4757 3672 4812 volumen

2087 4842 2483 4913 propemodum
2504 4845 2573 4898 du
2582 4844 2877 4913 plicabant.
2896 4844 3036 4909 Quid
3062 4845 3261 4915 igitur?
3278 4845 3674 4903 Brevissimuni

2090 4936 2380 4992 delineavit
2406 4936 2635 4993 Photius
2692 4937 3101 5006 compendium,
3148 4938 3205 4992 in
3242 4954 3352 5007 quo
3389 4940 3672 4995 titulorum

2089 5035 2144 5081 et
2172 5027 2533 5097 capitulorum
2575 5028 2910 5083 thematibus
2964 5029 3041 5082 nil
3088 5028 3466 5083 substerneret
3496 5031 3670 5095 aliud,

2088 5131 2251 5186 quam
2298 5114 2674 5169 arithmeticas
2720 5124 2882 5171 notas
2924 5114 3143 5169 illorum
3193 5131 3491 5176 canonum,
3531 5132 3671 5185 quos

2090 5206 2197 5260 lata
2231 5205 2482 5258 oratione
2515 5204 2809 5272 scripserat
2857 5206 2912 5259 in
2945 5205 3316 5276 Syntagmate.
3350 5204 3447 5259 Est
3486 5207 3673 5277 itaque

2090 5292 2443 5347 Nomocanon
2477 5294 2745 5349 breviatio
2784 5311 2931 5350 mera
2977 5295 3365 5367 Syntagmatis.
3404 5296 3496 5351 Sic
3521 5298 3667 5350 enim

2088 5384 2252 5437 etiam
2304 5386 2356 5438 in
2408 5387 2557 5441 calce
2612 5385 3011 5441 Nomocanonis
3061 5388 3300 5457 legitur:
3344 5386 3509 5450 Τέλος
3560 5388 3669 5439 τῶν

2089 5473 2224 5526 δέκα
2255 5474 2392 5544 πρὸς
2416 5477 2533 5539 τοῖς
2585 5476 2853 5546 τέσσαρσι
2881 5476 3081 5531 τίτλων
3122 5477 3232 5529 τῶν
3264 5477 3414 5546 παρὰ
3458 5475 3665 5529 Φωτίου

2091 5566 2521 5636 συνοψισοέντων
2548 5584 2562 5599 ·
2594 5568 2889 5638 empticium
2919 5570 3318 5640 quatuordecim
3345 5569 3490 5621 tituli
3522 5568 3667 5638 (quae

2089 5671 2172 5716 est
2200 5662 2313 5729 ipsa
2337 5673 2533 5717 natura
2564 5676 2619 5717 et
2645 5664 2965 5719 constitutio
2994 5662 3377 5731 Syntagmatis)
3409 5679 3440 5715 a
3476 5661 3665 5716 Photio

2092 5753 2148 5805 in
2171 5754 2537 5821 compendium
2584 5755 2784 5809 redacti
2825 5755 2902 5823 (id
2937 5766 3021 5811 cst
3068 5751 3459 5826 Nomocanon).
3517 5752 3666 5806 Diuot
