4122 6454
442 327 549 390 435

1598 321 1856 381 PHOTII
1898 314 2404 378 ΡΑΤΒΙᾹΒΕΗίΕ
2429 314 2541 374 CP.

3590 314 3693 382 436

442 437 681 509 aliquis:
725 434 784 490 Si
811 433 1159 488 Nomocanon
1185 448 1282 506 per
1315 434 1689 489 aritltmeticas
1731 444 1890 489 notas
1920 448 2017 488 ca-
2051 437 2090 489 Α
2124 427 2215 482 ubi
2256 428 2383 482 item
2426 422 2809 479 συντάττονται
2845 432 3117 485 canones;
3173 432 3364 473 verum
3417 423 3471 476 ιη
3513 430 3696 495 priore

449 546 653 587 nonem
712 528 940 591 indicat.
986 527 1146 596 isque
1186 540 1367 582 canon
1418 526 1473 581 in
1510 524 1687 579 Photii
1743 522 2020 595 Synagoge

442 623 706 686 occurrit,
737 636 839 677 cur
867 620 983 691 jam
1015 619 1366 691 Syntagmate
1409 630 1547 688 opus
1581 617 1687 673 sit?
1719 616 1884 687 Ergo,
1932 617 2014 671 in-

443 729 635 785 quam,
668 710 900 766 Joannis
927 725 1148 780 quoque
1170 709 1466 780 Syntagma
1495 716 1619 777 post
1642 708 1763 778 ejus
1812 705 2023 760 Nomo-

442 820 720 867 canonem,
749 811 805 857 et
838 810 961 870 post
986 802 1255 855 adunatos
1278 799 1435 855 toties
1464 798 1722 854 Ecclesiae
1754 799 2025 853 universa:

443 908 708 957 canones,
741 908 846 947 usu
882 890 1143 946 carebit?
1175 891 1321 961 quod
1361 904 1522 945 nemo
1566 890 1826 946 cordatus
1850 888 2019 944 dicet.

442 982 725 1039 Crescouii
754 981 1002 1037 Africani
1047 981 1383 1036 Breviarium
1429 996 1704 1037 canonum
1754 980 2022 1037 habemus

442 1077 592 1147 quod
627 1076 884 1148 (demptis
914 1074 1423 1145 civilibuslegibus)
1462 1072 1695 1131 Joannis
1728 1074 2023 1147 Photiique

445 1168 879 1224 Namocanonem
913 1182 1141 1237 prorsus
1170 1177 1441 1237 exaequat.
1485 1166 1627 1222 Num
1664 1168 1769 1223 hoc
1815 1168 2022 1224 idcirco

438 1269 496 1316 et
523 1261 629 1315 alia
664 1261 1039 1331 Syntagmata,
1066 1275 1190 1330 qua:
1219 1267 1302 1315 tot
1342 1268 1583 1326 exstant,
1609 1260 1916 1330 praesertim
1966 1261 2021 1315 in

439 1350 567 1419 jure
598 1365 763 1415 novo,
796 1360 928 1421 puta
950 1351 1194 1406 Anselmi
1224 1350 1510 1415 Lucensis,
1535 1352 1832 1407 cardinalis
1856 1351 2022 1409 Deus-

440 1440 614 1507 dedit,
648 1439 916 1506 Gratiani,
966 1441 1285 1511 pontiﬁcum
1338 1438 1586 1511 Gregorii
1633 1448 1688 1495 et
1730 1439 2020 1507 Bonifacii,

444 1532 681 1587 utilitate
708 1533 940 1589 carent?
970 1533 1140 1588 Nemo
1175 1531 1230 1588 id
1270 1548 1440 1588 sanus
1472 1533 1848 1587 arbitrabitur.
1876 1533 2020 1599 Quin

440 1625 582 1679 adeo
617 1624 664 1679 si
712 1639 828 1679 rem
881 1624 1025 1679 hanc
1066 1625 1135 1679 ad
1180 1624 1430 1679 veritatis
1479 1624 1689 1680 lancem
1733 1625 2020 1691 libremus,

441 1711 822 1785 Syntagmatis
871 1730 1008 1769 usus
1046 1715 1331 1783 occupatis
1379 1723 1525 1769 certe
1567 1715 1883 1771 hominibus
1936 1718 2020 1770 vel

442 1806 715 1861 librorum
766 1806 924 1876 c0pia
975 1821 1083 1860 non
1137 1806 1546 1862 abundantibus
1590 1807 1751 1876 longe
1798 1808 2023 1878 pronior

440 1900 546 1953 erit
575 1906 629 1953 et
656 1897 1014 1955 fructuosior.
1039 1897 1192 1955 Licet
1236 1901 1382 1956 enim
1422 1900 1475 1955 in
1514 1899 1889 1955 Nomocanone
1916 1917 2021 1955 nu-

446 1990 670 2046 mer-alis
701 2000 827 2047 nota
854 1991 988 2046 mibi
1035 2006 1302 2048 canonem
1335 1993 1559 2057 indicet,
1603 2003 1843 2049 attamen
1877 1994 2024 2049 hunc

448 2084 669 2141 nonnisi
707 2085 939 2141 moleste
971 2094 1026 2141 et
1058 2100 1277 2141 morose
1305 2086 1356 2140 in
1406 2086 1711 2158 Synagoges
1750 2086 2025 2157 farragine

445 2187 720 2245 quaeram.
767 2175 893 2245 (Qui
933 2186 1082 2232 certe
1123 2192 1191 2231 ex
1236 2175 1445 2248 Cujacii
1480 2179 1637 2234 libris
1677 2180 1768 2248 jus
1815 2179 2025 2234 discere

444 2274 597 2333 avet,
651 2265 831 2336 ipsttm
884 2266 1064 2336 potius
1103 2268 1348 2323 auctoris
1398 2276 1628 2336 textum,
1658 2284 1822 2339 quam
1851 2269 2022 2324 Alba-

448 2358 637 2414 nensis
673 2358 1111 2429 promptuarium
1153 2359 1340 2433 leget.)
1371 2359 1573 2415 Contra
1608 2360 1653 2417 si
1690 2362 1743 2415 in
1796 2362 2025 2432 singulis

444 2451 643 2515 titulis,
671 2452 818 2507 intra
849 2452 1278 2523 unumquodque
1309 2454 1631 2524 capitulum,
1657 2464 1824 2525 prout
1865 2458 1927 2511 lit
1967 2457 2022 2511 in

442 2540 817 2613 Syruagmate,
852 2554 1217 2616 congruentes
1248 2561 1487 2602 canones
1509 2546 1646 2618 ipsis
1676 2548 1855 2605 verbis
1888 2549 2027 2603 reci-

442 2642 591 2689 tatos
623 2634 938 2701 nanciscor,
989 2650 1079 2691 res
1123 2645 1234 2691 tota
1267 2636 1400 2691 mibi
1448 2639 1681 2694 incurrit
1714 2640 1767 2693 in
1809 2640 2022 2706 oculos,

443 2740 620 2795 neque
638 2725 852 2796 longius
874 2727 1176 2798 quidquam
1198 2729 1439 2799 requiro.
1461 2731 1529 2783 At
1548 2730 1857 2800 injucunda:
1878 2746 2023 2801 repe-

444 2819 668 2875 titiones
708 2829 857 2874 sunt.
894 2818 1073 2887 Sane;
1108 2820 1300 2891 basque
1359 2822 1430 2877 ob
1460 2822 1723 2878 delicatos
1783 2822 2013 2878 lectores

441 2922 633 2962 ausam
671 2906 1078 2976 Nomocanoni,
1150 2911 1308 2981 quasi
1366 2911 1533 2967 indici
1576 2926 1639 2968 ac
1677 2912 2020 2981 repertorio,

442 2997 709 3053 struendo
733 2998 1024 3055 dederunt.
1057 3000 1170 3071 Ego
1203 3017 1424 3072 quoque
1457 3002 1599 3058 hanc
1624 3004 1870 3058 eamdem
1904 3020 2023 3058 mo-

441 3091 656 3145 lestiam
688 3092 827 3146 inter
860 3092 1064 3147 librum
1112 3093 1538 3163 imprimendum
1570 3104 1845 3163 expertus,
1879 3095 2017 3165 coepi
2052 3104 2096 3169 ο

441 3183 595 3238 locos
630 3186 891 3254 repetitos
916 3186 1208 3251 omittere;
1244 3185 1318 3239 ita
1353 3195 1556 3252 tamen,
1587 3201 1648 3240 ut
1683 3203 1872 3241 eorum
1915 3188 2023 3242 ini-

444 3273 533 3328 tiis
556 3274 797 3344 scriptis,
837 3275 1072 3332 lectores
1098 3290 1251 3331 meos
1283 3292 1378 3346 per
1407 3278 1807 3348 παραπομπάς,
1838 3280 2025 3333 remis-

442 3366 618 3421 siones
647 3367 747 3438 (ut
774 3366 835 3420 lit
862 3367 915 3421 in
952 3367 1279 3423 Damasceni
1315 3368 1642 3441 Parallelis)
1680 3372 1746 3425 ad
1772 3372 1885 3441 jam
1926 3388 2011 3427 ex-

440 3466 675 3513 stantem
707 3459 762 3512 in
791 3458 930 3514 libro
958 3474 1080 3514 meo
1110 3474 1400 3527 canonem,
1430 3461 1638 3517 intento
1665 3463 1829 3517 veluti
1852 3464 2025 3534 digito

445 3549 853 3605 amandarem:
904 3566 1082 3621 neque
1114 3554 1263 3607 enim
1312 3554 1605 3623 quisquam
1654 3555 1791 3609 adeo
1839 3556 2025 3624 segnis

442 3641 570 3702 erit,
600 3656 763 3711 quem
793 3657 968 3711 pauca
1000 3644 1279 3699 revolvere
1302 3644 1357 3698 in
1383 3645 1576 3701 eodem
1597 3646 1875 3702 volumine
1895 3646 2023 3701 folia

445 3728 647 3798 pigeat,
682 3739 743 3784 ut
771 3730 1040 3800 pagellam
1074 3731 1331 3801 inspiciat
1363 3746 1529 3802 quam
1567 3736 1833 3789 numerali
1868 3737 2025 3806 signo

445 3816 789 3877 demonstro.
819 3820 911 3877 Sic
941 3838 1071 3894 ergo
1105 3834 1161 3877 et
1188 3825 1446 3880 recitatos
1470 3841 1499 3879 a
1531 3824 1731 3881 Photio
1759 3843 2022 3893 canones,

449 3917 681 3968 cunctos
720 3914 1069 3982 conservavi,
1106 3925 1159 3969 et
1187 3924 1370 3971 tamen
1399 3917 1519 3971 libri
1557 3918 1755 3972 molem
1799 3918 2023 3974 dimidia

448 4002 621 4060 ferme
656 4014 812 4075 parte
846 4005 1103 4062 diminui.
1139 4006 1381 4078 Denique
1406 4010 1539 4064 aio:
1580 4010 1638 4064 Si
1688 4011 1815 4081 quis
1859 4027 2026 4067 cano-

445 4111 576 4151 num
611 4108 854 4153 veterum
886 4114 915 4153 a
953 4099 1147 4155 Photio
1177 4102 1533 4158 coliectorum
1564 4104 1808 4160 scientiae
1824 4107 2023 4171 studet,

444 4203 569 4241 cum
616 4189 701 4244 vel
727 4190 1095 4245 universalem
1131 4190 1443 4264 Synagogen
1486 4210 1581 4250 sus
1610 4197 1787 4265 deque
1830 4212 2025 4267 pervo-

445 4280 620 4335 lutare
647 4296 873 4337 necesse
892 4291 998 4347 est,
1030 4284 1114 4339 vel
1149 4285 1251 4339 hoc
1280 4284 1577 4357 Syntagma
1608 4288 1780 4342 multo
1804 4289 2025 4345 brevius

446 4380 609 4439 atque
635 4372 948 4428 ordinatius
977 4382 1030 4428 et
1064 4375 1141 4428 rei
1176 4376 1423 4445 quaesita:
1467 4378 1811 4434 invenienda:
1840 4379 2023 4447 aptius

446 4461 743 4532 perlegere.
792 4463 1007 4519 Etenim
1047 4442 1469 4532 Nomocanonis,
1517 4468 1609 4524 ubi
1659 4470 1797 4524 nihil
1825 4442 2105 4539 prteterD

447 4567 801 4607 numerorum
828 4556 1143 4627 congeriem
1174 4569 1278 4622 est,
1301 4560 1449 4613 nulla
1480 4574 1577 4628 per
1594 4574 1654 4615 se
1678 4561 2021 4630 jucunditas,

446 4656 625 4710 neque
660 4643 867 4698 utilitas
898 4661 1022 4701 esse
1052 4648 1289 4713 videtur,
1323 4650 1430 4704 nisi
1476 4659 1753 4721 quatenus
1797 4652 2025 4707 indiculi

446 4731 566 4785 vice
594 4732 938 4805 defungitur.

519 4821 624 4877 Sed
661 4833 852 4878 contra
904 4824 1043 4880 hanc
1086 4823 1338 4882 Pltotiani
1376 4831 1559 4899 operis
1608 4833 1809 4886 trinam
1857 4835 2027 4903 parti-

449 4917 677 4976 tionem,
728 4917 985 4973 tenebras
1033 4921 1326 4989 quasdam,
1359 4920 1557 4988 fateor,
1610 4925 1845 4980 oliundit
1891 4943 2023 4996 prec-

447 5009 581 5063 latio
607 5010 724 5075 illa,
755 5024 861 5080 qua
892 5008 1118 5067 Pbotius
1166 5012 1595 5069 Nomocanonem
1641 5033 1803 5072 suum
1855 5020 2028 5074 comi-

450 5105 598 5152 tatus
655 5110 756 5152 est.
826 5097 962 5152 Nam
1032 5108 1154 5170 post
1222 5100 1451 5157 recitata
1514 5104 1769 5171 superius
1837 5107 2026 5173 verba,

452 5190 804 5259 prosequitur
828 5206 1060 5248 narrans
1087 5192 1233 5262 quod
1266 5209 1507 5251 canones
1544 5198 1750 5253 idcirco
1774 5199 2031 5255 arithme-

447 5282 572 5338 ticis
603 5291 814 5337 tantum
849 5287 1093 5342 numeris
1119 5286 1463 5355 indicaverit,
1494 5305 1562 5346 ne
1590 5289 1905 5362 frequentes
1943 5309 2031 5349 re-

447 5369 738 5438 petitiones
754 5371 968 5439 tierent,
990 5390 1113 5445 quae
1131 5376 1438 5448 legentibus
1462 5378 1739 5435 fastidium
1758 5390 2026 5438 crearent.

451 5459 628 5528 Hunc,
686 5463 934 5534 inquam,
985 5466 1167 5523 locum
1219 5468 1315 5538 qui
1371 5470 1533 5541 leget,
1598 5471 2031 5531 Nomocanonem

450 5562 613 5624 atque
643 5554 960 5628 Syntagma,
979 5574 1150 5615 unum
1183 5561 1313 5632 quid
1344 5578 1452 5617 non
1488 5564 1618 5630 duo,
1652 5582 1773 5623 esse
1795 5570 2029 5638 putabit.

450 5638 639 5709 Neque
691 5660 827 5709 sane
878 5662 1051 5716 nego,
1104 5666 1305 5707 nomen
1355 5650 1749 5722 Synlagmatis,
1791 5655 1859 5711 de
1916 5656 2029 5712 No-

455 5746 740 5793 mocanone
798 5756 1014 5811 quoque
1063 5745 1311 5814 potuisse
1356 5762 1385 5802 a
1432 5748 1631 5804 Pltotio
1657 5751 2025 5819 pronuntiari,

2125 518 2307 589 ῥητῶς
2344 516 2511 571 verbis
2538 515 2687 585 ipsis,
2727 515 2781 569 in
2832 512 3138 585 posteriore
3176 528 3273 583 per
3302 513 3535 573 indicem
3579 525 3696 580 sine

2123 625 2204 665 re.
2230 606 2411 674 Quare
2436 606 2647 679 aequius
2688 614 2772 661 est
2803 612 2865 660 ut
2898 604 3187 673 σύνταγμα
3223 603 3571 673 vocabulum,
3605 614 3698 668 de.

2122 697 2391 769 signando
2432 695 2675 753 secundo
2704 695 2856 766 operi
2906 709 2938 751 a
2993 694 3153 748 nobis
3190 704 3519 751 reservetur.
3556 700 3701 757 Pras-

2124 795 2272 838 terea
2304 782 2671 852 reputandum
2703 790 2809 844 est,
2842 779 3022 835 Photii
3050 781 3252 834 dictam
3300 779 3700 852 praefationem,

2124 888 2247 944 quae
2275 873 2417 943 apud
2460 872 2747 929 Justellum
2779 878 2883 937 est,
2927 887 3035 925 non
3071 873 3359 940 συναγωγῇ
3407 874 3704 931 collectioni

2125 966 2455 1031 universali,
2522 980 2703 1036 neque
2751 962 3122 1035 Syntagmati,
3176 962 3270 1017 sed
3336 960 3705 1023 Nomocanoni

2126 1056 2298 1112 fuisse
2321 1056 2694 1126 praepositam,
2725 1064 2785 1109 ut
2816 1053 3148 1108 Oxoniensis
3176 1052 3345 1105 codex
3366 1053 3710 1110 demonstrat

2123 1146 2329 1200 Φωτίου
2350 1147 2431 1207 εἰς
2458 1145 2551 1197 τὸν
2582 1143 2940 1215 Νομοκάνονα
2973 1142 3241 1213 πρόλογος
3259 1157 3271 1169 ·
3300 1140 3532 1210 ideoque
3565 1141 3709 1198 Pho-

2125 1238 2235 1293 tius
2256 1237 2322 1293 de
2348 1234 2746 1292 Nomocanonis
2792 1244 3005 1290 tantum
3058 1243 3337 1289 structura
3386 1241 3518 1289 tunc
3553 1236 3708 1289 solli,

2126 1328 2292 1391 citus,
2348 1327 2401 1381 in
2461 1328 2566 1381 hoc
2623 1341 2736 1382 uno
2780 1326 2993 1381 scilicet
3043 1324 3482 1381 commendando
3534 1326 3704 1381 verba

2126 1417 2489 1487 consumpsit.
2522 1415 2619 1471 Vel
2646 1417 2828 1487 potius
2853 1416 3149 1471 dicendum
3180 1425 3284 1477 est,
3316 1413 3703 1470 Praefationem

2125 1510 2272 1565 illam
2316 1523 2346 1563 a
2395 1508 2592 1563 Pbotio
2637 1508 2810 1563 tribus
2853 1522 3009 1578 atque
3061 1507 3177 1562 suis
3225 1505 3489 1575 operibus
3534 1505 3709 1561 fuisse

2125 1600 2430 1670 praefixam,
2459 1599 2685 1654 mutatis
2728 1608 2940 1654 tantum
2986 1608 3151 1670 prout
3189 1612 3278 1653 res
3324 1596 3535 1651 ferebat
3580 1613 3711 1665 par-

2127 1692 2271 1745 tibus
2301 1690 2557 1760 propriis.
2589 1688 2750 1744 Certe
2792 1689 3121 1744 Lambecius
3152 1688 3231 1743 sic
3253 1687 3545 1757 judicavit,
3597 1687 3707 1741 loc.

2051 1765 2097 1823 Β
2126 1777 2221 1834 cit.
2253 1794 2307 1848 p.
2347 1776 2469 1840 909,
2503 1776 2593 1830 ubi
2630 1776 2706 1830 ait
2740 1795 2754 1831 :
2787 1774 3089 1831 Memorata
3110 1775 3357 1845 prwfatio
3398 1774 3469 1826 ad
3502 1770 3707 1827 Nomo-

2124 1883 2391 1923 canonem
2439 1877 2693 1937 tanquam
2731 1883 2863 1936 opus
2898 1867 3277 1921 secundarium
3311 1865 3403 1919 sed
3440 1864 3709 1933 praecipue

2125 1955 2194 2009 ad
2224 1958 2393 2025 ipsum
2421 1952 2716 2025 Syntagma
2746 1969 3025 2020 canonum,
3060 1962 3313 2023 tanquam
3348 1968 3480 2022 opus
3512 1952 3713 2021 prima-

2124 2049 2265 2101 rium
2299 2048 2540 2117 pertinet.
2569 2047 2684 2101 Etsi
2719 2044 3072 2111 Lambecius,
3110 2055 3169 2099 ut
3192 2045 3349 2099 initio
3389 2044 3530 2107 dixi,
3567 2041 3708 2112 Syn-

2127 2149 2305 2209 tagma
2337 2139 2385 2192 id
2413 2146 2567 2207 putat
2592 2138 2735 2207 quod
2759 2148 2841 2193 est
2866 2136 3163 2208 Synagoge.
3189 2134 3392 2190 Verum
3423 2134 3712 2188 enimvero

2126 2230 2270 2300 quod
2303 2229 2598 2299 Syntagma
2619 2246 2766 2285 nune
2792 2229 3022 2292 editum,
3058 2243 3199 2298 Opus
3238 2226 3575 2281 Photianum
3616 2226 3711 2285 sit,

2127 2319 2242 2389 ipse
2276 2317 2557 2388 inprimis
2604 2316 2957 2371 Nomocanon
3004 2316 3284 2371 evidenter
3336 2310 3703 2382 comprobat:

2126 2405 2327 2461 etenim
2388 2404 2554 2469 tituli,
2614 2413 2669 2460 et
2718 2404 2976 2474 capitula,
3031 2411 3085 2457 et
3140 2416 3415 2457 canonum
3472 2399 3711 2460 numeri,

2127 2508 2395 2571 quotquot
2425 2503 2478 2552 in
2514 2498 2895 2553 Nomocanone
2917 2498 3337 2563 adumbrantur,
3379 2497 3419 2550 ii
3471 2495 3538 2549 ad
3575 2493 3715 2563 Syn-

2129 2601 2309 2658 tagma
2366 2597 2615 2643 nostrum
2665 2587 3001 2643 adamussitn
3057 2588 3241 2642 cuncti
3295 2586 3615 2640 referuntur
3658 2591 3714 2636 et

2126 2688 2450 2751 provocant,
2486 2680 2618 2749 quin
2646 2696 2717 2733 tte
2748 2679 2918 2733 bilum
2946 2680 3169 2749 quidem
3207 2679 3487 2734 aberrent.
3527 2674 3712 2745 Neque

2128 2771 2268 2826 hanc
2320 2772 2605 2825 veritatem
2655 2770 2789 2825 illud
2842 2771 3110 2833 inﬁrmat,
3158 2770 3306 2839 quod
3362 2770 3417 2822 in
3471 2768 3712 2821 editione

2129 2871 2317 2916 nostra
2336 2858 2731 2931 Sgntagmatis,
2759 2874 2813 2929 p.
2847 2861 2933 2927 Η,
2964 2859 3090 2925 278,
3125 2858 3251 2925 406,
3291 2874 3401 2912 non
3441 2867 3626 2911 autem
3656 2854 3710 2907 in

2129 2946 2183 3002 Ν
2190 2963 2530 3012 omocanone,
2555 2947 2804 3002 laudatur
2832 2947 3078 3017 synodus
3098 2942 3713 3014 Constantinopolitana

2127 3039 2257 3110 περὶ
2305 3038 2573 3101 ὲνὼσεως,
2598 3052 2762 3107 quam
2818 3051 2963 3091 anno
3023 3036 3148 3098 920,
3183 3036 3235 3089 id
3294 3045 3379 3090 est
3428 3032 3712 3089 tricesimo

2127 3130 2342 3185 circiter
2391 3137 2517 3199 post
2567 3127 2745 3183 Photii
2791 3128 3027 3191 obitum,
3083 3127 3186 3182 sub
3231 3124 3605 3181 Constantino
3661 3129 3715 3174 et

2126 3216 2379 3273 Romano
2429 3218 2829 3288 basilcopatore
2891 3218 3222 3273 celebratam
3281 3215 3519 3270 scimus.
3576 3209 3715 3264 Nam

2126 3306 2365 3376 primum
2419 3307 2643 3375 quidem
2698 3305 2894 3377 synodi
2927 3306 3047 3376 ejus
3082 3304 3451 3376 fragmentum
3511 3300 3720 3356 recenti

2128 3408 2293 3446 manu
2350 3393 2402 3446 in
2455 3394 2699 3463 margine
2748 3392 2955 3448 codicis
3024 3392 3193 3446 fuisse
3236 3392 3554 3460 adjectum,
3607 3386 3720 3441 dixi

2128 3499 2182 3554 p.
2205 3484 2332 3539 480.
2357 3483 2494 3539 Tum
2524 3486 2732 3539 scimus
2764 3486 2969 3538 nullam
3003 3484 3171 3539 ferme
3196 3498 3317 3537 esse
3348 3483 3401 3537 in
3425 3480 3719 3537 codicibus

2127 3579 2452 3631 canonicam
2500 3577 2901 3644 collectionem,
2954 3578 3040 3631 cui
3078 3576 3310 3631 subinde
3357 3573 3571 3644 aliquid
3621 3584 3720 3640 per

2128 3667 2388 3737 temporis
2423 3666 2635 3736 lapsum
2668 3682 2775 3721 non
2805 3666 2968 3721 fuerit
2994 3666 3237 3721 additum
3264 3666 3378 3720 sive
3409 3665 3469 3719 in
3506 3661 3715 3718 Graecis

2126 3756 2242 3810 sive
2282 3755 2334 3808 in
2368 3753 2578 3810 Latinis
2612 3757 2726 3811 sive
2754 3756 2922 3809 etiam
2955 3756 3008 3808 in
3040 3753 3439 3817 Orientalibus,
3474 3764 3536 3808 ut
3570 3758 3719 3805 certe

2127 3842 2195 3897 de
2223 3845 2565 3900 Armeniacis
2598 3861 2684 3899 me
2714 3845 2896 3900 dicere
2939 3845 3066 3900 olim
3098 3846 3334 3899 memini
3362 3844 3568 3915 Script.
3613 3848 3715 3894 vet.

2128 3943 2169 3990 t.
2207 3933 2276 4001 X,
2305 3944 2447 4004 part.
2480 3950 2539 3999 ιι,
2574 3950 2629 4006 p.
2675 3935 2780 3989 516
2814 3952 2828 3989 :
2865 3934 3078 4005 ipsique
3121 3936 3256 3989 adeo
3291 3934 3467 3989 Photii
3508 3931 3716 3986 Nomo-

2128 4026 2322 4079 canoni
2352 4026 2730 4082 additamenta
2776 4026 2964 4081 nescio
3010 4041 3134 4096 quae
3163 4026 3491 4092 accessisse,
3541 4018 3716 4078 critici

2127 4116 2380 4172 homines
2400 4117 2665 4187 suspicati
2694 4126 2844 4171 sunt.

2199 4209 2477 4265 Hactenus
2545 4212 2613 4266 de
2679 4210 3034 4281 Syntagmate
3096 4223 3372 4265 canonum
3439 4205 3715 4265 diximus;

2126 4303 2388 4373 deinceps
2419 4318 2550 4357 vero
2582 4303 2649 4357 de
2677 4303 2905 4370 adjectis
2934 4319 2964 4357 a
3010 4302 3204 4357 Pbotio
3240 4300 3485 4355 civilium
3530 4300 3716 4366 legum

2130 4392 2405 4462 excerptis
2443 4392 2587 4447 baud
2627 4393 2850 4448 omnino
2874 4392 3142 4447 silendum
3166 4406 3287 4446 esse
3318 4391 3559 4451 videtur,
3593 4395 3717 4453 qua?

2131 4499 2359 4553 prorsus
2409 4483 2599 4538 eadem
2658 4493 2787 4538 sunt
2814 4485 2865 4537 in
2900 4493 3132 4553 utroque
3164 4498 3328 4553 opere
3359 4491 3473 4535 tum
3516 4478 3718 4548 Sguta-

2130 4579 2326 4647 gmatis
2358 4585 2472 4630 tum
2506 4574 2937 4641 Nomocanonis;
2963 4577 3092 4645 quia
3118 4576 3221 4637 etsi,
3244 4574 3296 4627 itt
3333 4571 3716 4627 Nomocaaone

2130 4668 2362 4723 i'botius
2390 4668 2640 4722 breviare
2664 4665 2957 4737 Syntagma
2985 4666 3182 4735 potuit,
3210 4674 3482 4735 quatenus
3520 4662 3572 4716 id
3614 4656 3717 4712 fuit.

2129 4759 2494 4827 canonicum;
2525 4768 2799 4829 quatenus
2825 4771 3007 4813 tamen
3031 4758 3217 4823 civile,
3246 4755 3577 4825 compendio
3602 4763 3711 4804 non

2129 4861 2250 4908 erat
2269 4853 2448 4917 locus,
2497 4852 2625 4922 quia
2675 4851 2948 4906 sententia
2995 4850 3173 4921 legum
3221 4847 3453 4919 proponi
3500 4842 3713 4902 arctius

2131 4962 2239 5001 non
2272 4955 2512 5015 poterat,
2547 4959 2713 5015 quam
2761 4944 2816 4996 in
2856 4941 3205 5015 Sgntagmate
3249 4940 3457 4997 factum
3509 4939 3713 4994 fuerat.

2133 5038 2237 5092 Sed
2270 5045 2521 5108 superest
2557 5035 2951 5105 indagandum,
2991 5044 3172 5089 utrum
3209 5034 3353 5087 hanc
3396 5033 3578 5103 legum
3620 5025 3715 5079 de.

2132 5129 2499 5193 ﬂorationem,
2530 5144 2695 5199 quam
2719 5125 3054 5197 Syntagmati
3083 5127 3333 5191 attexuit,
3361 5141 3428 5182 ex
3453 5126 3714 5179 universo

2127 5220 2253 5290 jure
2284 5220 2585 5288 sumpserit
2619 5227 2832 5282 auctor,
2865 5231 2933 5270 an
2959 5232 3086 5271 vero
3124 5217 3228 5271 sibi
3264 5225 3425 5271 antea
3466 5214 3713 5285 Synago-

2133 5328 2248 5382 gem
2290 5312 2464 5382 legum
2513 5309 2834 5376 confecerit,
2888 5310 3062 5365 instar
3093 5310 3211 5378 ejus
3243 5324 3408 5378 quam
3440 5323 3506 5363 ex
3543 5314 3713 5375 syno-

2132 5408 2327 5460 dorum
2360 5406 2701 5474 Patrumque
2732 5403 2894 5459 tomis
2927 5403 2995 5457 ab
3027 5417 3094 5457 eo
3136 5410 3516 5457 coacervatam
3564 5401 3712 5451 retro

2132 5496 2392 5551 diximus.
2424 5493 2555 5548 Mihi
2587 5493 2733 5548 enim
2771 5492 2928 5547 valde
2950 5490 3225 5563 persuasi,
3255 5489 3600 5561 Synagogem
3645 5478 3711 5533 il-

2133 5585 2240 5638 lam
2284 5584 2557 5654 regiarum
2590 5582 2794 5653 legum,
2830 5596 2918 5637 res
2952 5580 3355 5635 ecclesiasticas
3387 5579 3709 5649 plerumque

2133 5674 2520 5743 spectantium,
2546 5686 2669 5742 qua
2698 5672 2750 5725 in
2777 5670 2966 5726 codice
2985 5670 3247 5725 Vaticano
3273 5680 3388 5737 post
3419 5665 3708 5736 Syntagm“

2134 5760 2354 5833 legitur,
2386 5776 2414 5815 a
2447 5759 2643 5817 Pbotio
2673 5759 2844 5815 fuisse
2886 5757 3193 5822 collectam,
3224 5755 3314 5823 qui
3349 5763 3534 5825 postea
3584 5745 3708 5800 hinc
