4122 6442
309 338 414 400 437

1117 334 1521 397 SYNTAGMA
1548 327 1941 393 CANONUM.
1976 354 2045 365 -
2077 335 2145 395 Α.
2176 336 2319 396 MAI
2360 336 2778 397 PRt‘EFATIO.

3458 333 3565 395 438

304 450 410 503 sibi
433 451 686 515 excerpta
711 443 1010 514 sumpserit
1041 445 1384 515 Syntagmati
1411 452 1480 508 et,
1506 458 1633 498 mox
1679 442 1884 495 Nomo-
1912 442 1957 499 Α
1986 444 2362 509 associaverit,
2390 459 2612 499 causam
2644 451 2833 497 narrat
2854 442 3087 511 ipsemet
3115 441 3345 497 Photius
3375 443 3426 496 in
3461 444 3567 497 line

306 534 942 590 canonisubsternenda.
992 531 1195 605 Utique
1230 535 1346 589 haec
1373 534 1553 605 legum
1604 531 1879 594 collectio,

309 644 416 681 nnn
444 627 562 681 sine
595 640 791 694 magna
837 635 1017 680 tamen
1059 627 1344 691 varietate,
1387 626 1529 692 apud
1584 623 1881 679 Justellum

309 729 523 784 quoque
553 714 607 767 in
637 713 883 768 secundo
919 714 1201 768 volumine
1223 722 1327 768 est.
1359 712 1462 767 Sed
1497 721 1777 779 utcunque
1818 726 1883 765 ea

309 818 395 855 res
427 816 485 855 se
514 800 701 866 habet,
739 800 933 857 titulos
957 800 1125 872 hujus
1152 799 1428 856 Vaticanae
1456 798 1760 870 Synagoges
1804 815 1884 853 re-

310 890 474 942 citare
502 887 699 956 placet.

374 974 468 1026 Ἐκ
490 974 601 1026 τῶν
626 973 766 1042 μετὰ
787 972 1008 1028 Κώδικα
1039 972 1199 1028 θείων
1219 974 1449 1046 Νεαρῶν
1468 973 1762 1039 διατάξεων
1789 970 1882 1024 τοῦ

308 1070 401 1136 τῆς
425 1065 574 1129 θείας
614 1065 823 1135 λήξεως
852 1066 1233 1125 Ἰουστινιανοῦ
1287 1067 1535 1139 διάφοροι
1589 1065 1881 1131 διατάξεις,

310 1157 624 1229 συνᾴδουσαι
653 1157 948 1230 ἐξαιρέτως
982 1162 1097 1224 τοῖς
1147 1160 1312 1224 θείοις
1345 1162 1439 1214 καὶ
1472 1162 1638 1232 ἱεροῖς
1669 1160 1880 1226 κανόσι,

310 1250 398 1303 καὶ
423 1253 483 1302 ὲκ
526 1250 851 1318 περιουσίας
889 1251 989 1321 τὴν
1018 1252 1226 1305 οἰκείαν
1268 1254 1424 1322 ἰσχὺν
1463 1251 1762 1321 νέμουσαν
1792 1246 1883 1313 αἷς

309 1339 453 1404 τάξιν
489 1338 611 1391 τινὰ
640 1339 735 1392 καὶ
761 1339 996 1409 ἀριθμὸν
1031 1342 1382 1411 ἐπεθήκαμεν
1436 1341 1575 1411 πρὸς
1617 1340 1885 1410 σύντομον

309 1427 520 1497 εὕρεσιν
562 1426 658 1480 τοῦ
696 1429 1129 1499 ἐπιζητουμένου
1179 1431 1476 1499 κεφαλαίου
1504 1448 1517 1461 ⁸
1571 1431 1659 1484 διὰ
1700 1431 1781 1492 τὸ,
1807 1431 1884 1494 ὡς

309 1522 537 1590 εἴρηται,
563 1521 626 1573 ὲκ
645 1520 923 1591 διαφόρων
938 1523 1235 1589 διατάξεων
1252 1519 1472 1576 εἶναιτὰ
1499 1524 1880 1591 συνταχθέντα,

307 1607 375 1670 ὡς
404 1609 798 1663 ὑποτέτακται’
826 1608 910 1662 Ea:
940 1611 1204 1664 divalibus
1229 1621 1344 1680 post
1372 1612 1615 1666 Codicem
1644 1611 1882 1666 Novellis

307 1701 757 1753 constitutionibus
804 1698 1100 1763 Iustiniani
1154 1703 1348 1755 divina:
1400 1702 1740 1764 sortitionis,
1799 1702 1884 1754 di-

1990 536 2189 604 prioris
2223 536 2433 606 prologi
2472 554 2487 591 :
2521 536 2586 588 Ετ
2633 550 2736 587 που
2762 534 2817 586 δὲ
2855 533 3088 605 χρειώδη
3123 536 3257 603 πρδς
3314 535 3416 596 τὰς
3458 551 3568 586 τοι·

1986 623 2158 685 αὐτας
2189 623 2480 685 κανονικάς
2531 620 2855 691 συγγραφὰς
2893 622 2989 691 τὴν
3025 620 3310 689 πολιτικὴν
3343 619 3567 688 νομοθι-

1987 714 2106 769 σίαν
2132 712 2429 782 ὑπείληφα,
2449 710 2655 781 ταύτης
2698 711 2907 782 βραχέα
2934 728 2994 763 τε
3020 713 3114 764 καὶ
3143 711 3565 779 συντετμημένα

1982 806 2098 867 τοῖς
2128 804 2421 872 συγγενέσι
2450 802 2769 871 κεφαλαίοις
2801 803 3164 873 προσήρμοσα
3202 802 3259 854 ἐν
3305 801 3564 864 ἰδιάζοντι

1988 896 2144 965 μέρει
2173 895 2338 965 τῆσδε
2370 895 2471 964 τῆς
2499 895 2683 966 βίϐλου
2723 894 2834 947 τῶν
2868 895 2949 957 είς
2983 893 3450 963 ὲκκλησιαστικὴν
3476 893 3568 944 ἀν-

1984 985 2229 1052 ηκόντων
2273 984 2552 1052 εὐταξίαν,
2585 984 2643 1040 ἐν
2692 1003 2753 1038 τε
2775 987 2887 1048 τοῖς
2919 984 3222 1055 βασιλικοῖς
3259 983 3569 1053 θεσπίσμα-

1986 1091 2096 1139 σιν,
2127 1075 2184 1129 εν
2216 1093 2278 1129 τε
2329 1079 2451 1140 ταῖς
2483 1076 2595 1130 τῶν
2628 1077 2807 1144 σοφῶν
2855 1076 3164 1146 ἁρμονίαις,
3195 1075 3459 1145 σύντομον
3508 1075 3567 1127 ὲν

1986 1168 2281 1235 συναγωγῇ
2327 1166 2699 1235 ποιησάμενος
2734 1165 2982 1219 έκθεσιψ
3016 1166 3133 1235 ἅμα
3185 1166 3282 1234 μὲν
3312 1166 3392 1227 είς
3431 1165 3566 1217 ἀνά-

1986 1274 2205 1327 μνησιν,
2242 1256 2360 1326 ἅμα
2404 1256 2462 1309 δὲ
2496 1256 2635 1328 πρὸς
2664 1257 2875 1310 τελείαν
2918 1257 3099 1311 αὐτῶν
3128 1258 3255 1319 τοὺς
3299 1256 3563 1324 ἐντυγχά-

1982 1365 2173 1410 νοντας
2204 1347 2432 1418 ἔρευναν
2456 1347 2771 1419 (ὁδηγήσας)
2794 1364 2808 1377 °
2834 1347 3014 1403 Sicubi
3042 1364 3160 1402 vero
3188 1348 3340 1401 utiles
3371 1349 3438 1398 ad
3470 1347 3565 1399 Itu-

1975 1437 2213 1507 jusmodi
2263 1439 2518 1492 canonica
2589 1440 2787 1505 scripta
2847 1438 3026 1492 civiles
3080 1437 3213 1507 leges
3274 1436 3563 1489 arbitratus

1983 1545 2132 1592 sunt,
2176 1544 2348 1599 pauca
2380 1529 2623 1599 quwdam
2670 1545 2831 1597 eaque
2863 1529 3038 1581 brevia
3075 1544 3138 1581 ea:
3182 1529 3247 1580 iis
3294 1528 3566 1594 desumpta

1984 1621 2390 1690 congruentibus
2420 1621 2669 1690 capitulis
2699 1620 2924 1689 adjunzsi
2964 1621 3017 1673 in
3052 1620 3267 1689 propria
3311 1619 3431 1671 libri
3461 1619 3559 1670 ltu-

1975 1715 2069 1784 jus
2130 1725 2322 1783 parte;
2354 1731 2538 1768 eorum
2583 1715 2780 1768 scilicet
2815 1729 2933 1781 qua:
2964 1714 3038 1767 ad
3074 1712 3326 1766 Ecclesia:
3364 1718 3562 1765 rectum

309 1806 461 1843 τάττω
494 1790 625 1860 lt’9‘?“
646 1807 763 1861 Ψιίε
786 1793 1046 1860 Ιπίεείριιε
1067 1804 1359 1847 consonam
1384 1810 1505 1845 εηθη
1527 1797 1695 1845 δαενίδ
1722 1809 1879 1846 εαηο-
1907 1793 1955 1852 Β
1984 1806 2219 1859 ordinent
2259 1807 2521 1875 pertinent
2572 1822 2693 1866 cum
2733 1807 2789 1858 in
2844 1806 3001 1875 regiis
3046 1805 3303 1866 decretis,
3343 1816 3452 1857 tum
3509 1802 3559 1853 in

308 1884 479 1946 nibus,
506 1885 684 1955 eisque
710 1887 983 1954 propriam
1014 1902 1079 1940 ea:
1111 1885 1440 1938 abundantia
1468 1886 1570 1938 vim
1607 1885 1883 1949 tribuunt;

306 1975 485 2043 quibus
519 1992 612 2029 nos
658 1977 896 2030 ordinent
934 1978 1212 2046 quemdam
1252 1992 1594 2043 numerosque
1629 1978 1882 2044 apposui-

314 2082 446 2133 mus,
472 2079 527 2120 ut
560 2068 851 2137 expeditius
879 2068 1178 2133 reperiatur
1205 2068 1483 2136 quiesitunt
1517 2067 1758 2136 quodque
1788 2082 1882 2119 ca-

304 2159 563 2225 pitulum;
594 2169 871 2227 propterea
899 2160 1041 2225 quod
1081 2175 1146 2213 e2
1171 2159 1390 2213 diversis
1415 2159 1882 2213 constitutionibus

302 2250 405 2303 sint
428 2261 769 2317 coacervatis,
793 2262 848 2305 ut
890 2252 1035 2319 infra
1065 2251 1369 2320 subjicitur.
1387 2251 1522 2307 Cod.
1548 2269 1601 2322 p.
1620 2252 1881 2306 663-697.

368 2341 649 2406 Διατὰξεις
674 2343 852 2410 νόμων
876 2341 1166 2395 πολιτικῶν
1190 2344 1254 2394 ὲκ
1278 2342 1386 2394 τῶν
1402 2342 1634 2413 Νεαρῶν
1659 2342 1883 2395 Ἰουστι-

303 2430 482 2485 νιανοῦ
511 2431 810 2496 διατάξεων
840 2432 936 2483 κει)⁸
985 2432 1192 2502 ἐτέρων
1224 2432 1511 2502 βασιλέων,
1542 2432 1880 2502 συνηγοροῦ-

303 2539 387 2574 σαι
411 2523 509 2576 καὶ
538 2522 902 2593 ἑπικυροῧσαι
940 2524 1069 2585 τοὺς
1118 2523 1230 2576 τῶν
1278 2522 1454 2592 ἁγίων
1505 2522 1763 2593 Πατέρων
1787 2526 1883 2576 ἐκ·

301 2612 720 2682 κλησιαστικοὺς
750 2613 982 2677 κανόνας
1021 2631 1036 2667 :
1067 2612 1281 2668 Statuta
1324 2613 1493 2683 legunt
1530 2614 1766 2667 civilium
1816 2629 1881 2667 ex

302 2704 516 2759 novellis
564 2702 861 2758 Iustiniani
906 2713 956 2759 et
1006 2704 1238 2758 aliorum
1267 2705 1648 2773 imperatorum
1676 2706 1895 2771 consti-_

304 2796 613 2857 tutionibus,
662 2811 781 2866 qua:
832 2796 1006 2864 favent
1048 2805 1098 2849 et
1130 2796 1586 2865 conﬁrmationem
1616 2795 1881 2864 adjiciunt

300 2875 669 2943 ecclesiasticis
700 2899 1007 2942 sanctorum
1033 2887 1254 2942 Patrum
1285 2890 1595 2946 canOnibus.
1629 2888 1752 2945 Haec
1788 2892 1883 2944 ha-

311 2983 429 3036 in'ltl
475 2992 633 3034 notas
685 2979 989 3049 temporis,
1037 2989 1090 3032 et
1130 2979 1565 3049 subscriptiones
1617 2980 1877 3045 Latinas,

1983 1898 2323 1967 prudentium
2344 1898 2887 1967 interpretationibus,
2915 1897 3153 1951 breviata
3183 1898 3412 1965 quadam
3457 1895 3565 1948 col-

1982 1992 2208 2045 lectione
2241 1992 2454 2045 omnino
2483 1991 2867 2061 complectens;
2899 2000 3008 2043 tum
3057 1991 3325 2044 memoriae
3375 2006 3561 2049 causa,

1985 2093 2097 2136 tum
2123 2093 2179 2136 ut
2220 2084 2289 2137 ad
2324 2084 2534 2152 plenam
2564 2086 2805 2153 ipsarum
2844 2098 3022 2136 rerum
3062 2082 3456 2150 indagationem
3488 2080 3565 2131 le-

1984 2187 2154 2230 ctores
2189 2175 2521 2231 deducerem.
2546 2175 2652 2231 Sed
2686 2192 2793 2231 non
2823 2175 3001 2246 placet
3038 2175 3139 2228 hoc
3172 2173 3339 2227 Leoni
3371 2172 3567 2226 Allatio

1985 2270 2320 2331 institutum,
2372 2269 2466 2338 qui
2521 2268 2575 2323 in
2611 2283 2779 2338 opere
2825 2268 2900 2321 De
2933 2283 3211 2330 consensu,
3253 2267 3346 2319 lib.
3380 2281 3418 2329 ι,
3443 2278 3563 2329 cap.

1986 2361 2075 2423 15,
2108 2376 2160 2428 p.
2194 2359 2323 2422 22f,
2374 2360 2648 2413 rationem
2707 2359 2849 2413 hanc
2891 2357 3349 2421 Nomocanonum,
3391 2354 3444 2408 id
3486 2365 3569 2407 est

1983 2452 2349 2523 imperialium
2376 2451 2556 2521 legum
2577 2467 2703 2505 cum
2734 2449 3136 2520 episcopalibus
3173 2446 3373 2519 regulis
3403 2461 3571 2513 copu-

1984 2546 2116 2611 lam,
2153 2560 2321 2614 prava
2364 2559 2493 2615 erga
2522 2543 2802 2614 principes
2833 2541 3207 2597 assentatione
3225 2538 3566 2609 progenitam

1981 2638 2212 2708 judicat.
2245 2636 2424 2691 Nimis
2461 2635 2514 2691 id
2575 2635 2808 2691 fortasse
2836 2634 3043 2689 dictum
3098 2648 3284 2689 severe
3313 2648 3327 2685 :
3363 2629 3563 2683 ctenim

1984 2728 2325 2798 civilisjuris
2355 2742 2479 2783 cum
2511 2728 2780 2783 canonico
2806 2725 3165 2794 comparatio,
3203 2722 3318 2777 sive
3349 2721 3401 2773 in
3429 2719 3566 2789 Syn-

1984 2813 2217 2892 tagmate
2248 2829 2435 2875 nostro
2459 2818 2573 2875 sive
2605 2818 2659 2872 in
2694 2817 3089 2876 Nomocanone,
3130 2822 3184 2868 et
3227 2813 3426 2867 multas
3457 2812 3557 2863 ha-

1980 2914 2075 2969 bet
2109 2912 2395 2974 utilitates,
2426 2919 2481 2965 et
2509 2909 2716 2964 nullum
2750 2923 2847 2978 per
2878 2922 2938 2962 se
2980 2905 3173 2959 vitium
3206 2902 3456 2957 redolere
3488 2900 3568 2952 vi-

1981 3006 2161 3060 detur.
2210 3004 2271 3059 In
2329 3015 2563 3072 corpore
2622 2998 2765 3070 juris
2828 2996 3272 3068 anlcjustinianei
3340 2992 3565 3061 antiqua

303 3074 495 3128 litteris
550 3074 843 3144 singularis
898 3071 952 3125 in
1016 3070 1138 3141 jure
1195 3070 1384 3126 forma:
1433 3074 1685 3141 scriptas.
1740 3072 1876 3129 Cod.
1908 3133 1952 3192 α
1983 3104 2163 3153 exstat
2198 3070 2561 3151 “cnim—mm
2601 3100 2656 3145 οι
2684 3089 3055 3145 Romanarum
3106 3088 3282 3156 |pgum
3327 3083 3566 3139 collatio.

303 3182 332 3192 -ι
369 3167 471 3192 cn-r
510 3167 611 3192 ’τρε
1990 3190 2009 3192 ω
2241 3188 2253 3192 ,
2323 3186 2365 3192 --
2938 3179 2974 3192 η
3055 3179 3086 3192 ι,
3137 3178 3148 3192 ι
3220 3176 3252 3192 οι
3298 3191 3332 3192 η
3425 3183 3462 3192 μ.
3515 3173 3563 3192 ξ--

303 3182 351 3238 p.
369 3167 631 3227 697-765.

365 3262 666 3334 Συναγωγὴ
711 3264 823 3318 τῶν
853 3265 1159 3336 εἰρημένων
1190 3267 1248 3320 ὲν
1276 3266 1355 3337 τῷ
1387 3267 1596 3320 Κὼδικι
1620 3267 1718 3321 καὶ
1764 3268 1879 3332 τοῖς

301 3351 571 3418 Διγέστοις
599 3353 693 3407 καὶ
728 3357 849 3418 ταῖς
881 3355 1120 3423 Νεαραῖς
1150 3356 1443 3421 διατάξεσι,
1482 3357 1614 3429 περὶ
1653 3358 1879 3410 ἐπισκό-

302 3459 430 3509 πων,
454 3446 552 3496 καὶ
602 3444 1015 3515 κληρικῶν,καὶ
1076 3448 1351 3519 μοναχῶν,
1380 3448 1476 3501 καὶ
1531 3449 1877 3519 πραγμάτων

302 3535 528 3603 εὐαγῶν,
558 3536 636 3590 ἔτι
673 3538 730 3591 δὲ
770 3540 863 3591 καὶ
894 3540 1158 3594 Ἰουδαίων
1198 3542 1293 3594 καὶ
1345 3541 1658 3611 αἰρετικῶν,
1686 3544 1760 3613 ὲκξ
1780 3541 1875 3595 τοῦ

303 3627 513 3695 πρώτου
543 3626 750 3697 βιϐλίου
778 3629 870 3682 τοῦ
888 3629 1135 3694 Κὼδικος
1158 3646 1170 3659 ·
1191 3630 1445 3685 Collectio
1462 3649 1643 3686 eorunt
1661 3634 1879 3703 quiedi-

302 3731 485 3774 cuntur
503 3722 553 3774 in
579 3721 1113 3793 Codice,Digestis,et
1140 3724 1353 3779 novellis
1374 3724 1876 3790 Constitutionibus,

303 3813 360 3864 de
386 3816 663 3883 episcopis,
687 3815 911 3878 clericis,
939 3818 1231 3881 monac/tis,
1259 3817 1409 3871 rebus
1434 3819 1626 3879 sacris,
1661 3820 1788 3872 item
1817 3819 1881 3872 de

304 3902 502 3959 Iudicis
548 3918 598 3959 et
654 3906 937 3970 ltwreticis,
981 3921 1046 3961 ea:
1085 3909 1257 3976 primo
1300 3907 1695 3964 Codicislibro.
1744 3912 1878 3966 Cod.

307 4011 351 4065 p.
376 3996 637 4053 765-840.

368 4094 665 4165 Συναγωγὴ
714 4092 826 4148 τῶν
858 4094 1137 4165 σποράδην
1183 4096 1239 4147 ὲν
1278 4098 1392 4159 τοῖς
1443 4096 1732 4165 Διγέστοις
1787 4102 1882 4154 καὶ

320 4181 691 4249 Ὶνστιτούτοις
721 4185 1012 4254 κειμένων,
1050 4184 1192 4255 ,περὶ
1245 4186 1409 4257 ίερῶν
1456 4187 1641 4241 τόπων
1687 4204 1747 4241 τε
1787 4191 1885 4244 καὶ

308 4277 644 4355 πραγμάτων
685 4279 782 4332 καὶ
832 4276 937 4330 τῶν
991 4279 1050 4332 ὲν
1098 4278 1283 4342 αὐτοῖς
1329 4279 1633 4349 γινομένων
1684 4298 1745 4333 τε
1791 4284 1885 4338 καὶ

309 4365 828 4436 πλημμελουμένων,
856 4365 950 4418 καὶ
999 4367 1130 4436 περὶ
1176 4366 1385 4435 ἱερέων,
1421 4366 1586 4420 ἔτιδὲ
1623 4368 1718 4421 καὶ
1757 4371 1885 4425 Ἰου-

309 4451 465 4507 δαίων
493 4453 589 4506 καὶ
613 4452 835 4519 Θυσιῶν,
869 4454 963 4506 κα)⁵
1012 4453 1123 4506 τῶν
1170 4455 1497 4522 ἀπαγόντων
1548 4458 1700 4520 τινας
1748 4457 1887 4529 πρὸς

311 4546 761 4625 ἀπηγορευμένας
827 4545 1166 4617 θρησκείας,
1215 4549 1312 4601 καὶ
1364 4549 1498 4618 ’περὶ⁹
1571 4550 1891 4621 ἁποτροφῆς

312 4639 532 4705 παίδων,
561 4640 859 4711 γερόντων,
885 4642 978 4694 καὶ
1020 4640 1265 4694 ἀσθενῶν
1294 4656 1309 4673 ⁸
1364 4642 1617 4698 Collectio
1655 4646 1886 4713 sparsim

310 4734 626 4789 exstantium
664 4733 743 4800 inf
768 4733 994 4803 Digestis
1033 4742 1084 4787 et
1116 4733 1569 4799 Institutionibus,
1614 4736 1679 4789 de
1699 4737 1873 4791 sacris

314 4821 434 4876 locis
468 4840 529 4877 ac
566 4824 809 4893 negotiis,
841 4823 977 4876 etde
1015 4823 1081 4876 iis
1101 4839 1219 4892 qua:
1267 4824 1321 4877 in
1374 4824 1453 4878 Itis
1488 4826 1625 4893 ﬁunt
1659 4826 1738 4879 vel
1765 4841 1889 4894 pec-

313 4926 529 4995 cpntur;
561 4930 612 4970 et
663 4917 730 4970 de
775 4916 1175 4980 sacerdotibus;
1230 4917 1446 4985 insuper
1477 4916 1542 4971 de
1584 4915 1793 4972 ludceis
1821 4934 1884 4971 ac

313 5008 583 5077 sacriﬁciis
607 5026 627 5073 ;
653 5017 702 5062 et
726 5009 787 5063 de
814 5008 882 5061 iis
913 5008 1005 5078 qui
1044 5008 1251 5077 aliquos
1282 5008 1558 5061 abducunt
1586 5010 1655 5062 ad
1695 5010 1883 5065 vetitas

317 5098 615 5169 religiones;
643 5108 692 5154 et
712 5102 777 5153 de
812 5099 1021 5154 alendis
1047 5101 1246 5169 pueris,
1281 5099 1512 5163 senibus,
1536 5111 1585 5155 et
1618 5112 1884 5171 (egrotan-

319 5190 471 5244 tibus.

383 5282 490 5341 Cnr
537 5291 721 5338 autent
771 5282 1017 5337 civilium
1042 5282 1221 5352 legum
1267 5292 1526 5350 excerpta
1576 5285 1886 5341 canonibus

1988 3190 2218 3259 Insuper
2240 3188 2293 3243 in
2323 3186 2669 3241 Francorum
2700 3196 2889 3252 regum
2934 3176 3363 3249 Capitularibus,
3411 3183 3466 3227 et
3514 3173 3567 3226 in

1991 3280 2358 3335 Barbarorum
2390 3276 2603 3347 legibus
2653 3271 2795 3343 apud
2825 3269 3186 3330 Caneianum,
3232 3275 3368 3336 quot
3395 3280 3569 3333 quan-

1988 3378 2153 3440 taque
2207 3367 2522 3438 ltujusmodi
2575 3362 2890 3419 habemus!
2923 3360 3041 3416 Non
3103 3360 3244 3428 quod
3294 3358 3571 3412 saecularis

1990 3471 2236 3534 potestas
2258 3476 2374 3515 rem
2404 3458 2717 3528 religiosam
2742 3456 3047 3525 gubernare
3078 3459 3262 3521 queat,
3297 3449 3381 3503 vel
3414 3448 3572 3517 quid-

1992 3569 2161 3625 quam
2189 3560 2381 3608 contra
2412 3564 2653 3607 canones
2685 3548 2993 3617 imperare;
3038 3544 3132 3600 sed
3164 3542 3293 3613 quia
3334 3539 3573 3608 discipli-

1992 3662 2120 3701 nam
2167 3644 2393 3715 judiciis
2434 3641 2836 3713 episcOpalibus
2889 3637 2999 3707 jam
3043 3634 3393 3690 constitutam
3444 3631 3572 3683 boni

1992 3738 2271 3807 principes
2295 3733 2444 3805 regia
2468 3733 2522 3786 vi
2564 3729 2933 3787 roborandam
2969 3727 3198 3796 ejusque
3229 3723 3438 3794 praxim
3469 3724 3574 3775 im-

1989 3828 2282 3899 perandam
2305 3825 2589 3882 curabant.
2621 3822 2890 3877 Cancrum
2920 3818 3082 3873 etiam
3115 3815 3468 3884 Beveregius,
3494 3813 3575 3866 vir

1991 3919 2355 3989 Anglicanus,
2387 3915 2489 3970 sub
2528 3928 2655 3981 rege
2708 3912 2958 3967 scribens
2985 3908 3080 3979 qui
3116 3906 3429 3975 religiosum
3463 3905 3575 3973 pri-

1994 4020 2200 4064 malum
2231 4016 2289 4061 et
2319 4004 2703 4060 auctoritatem
2730 4008 3110 4070 usurpaverat,
3140 3996 3355 4053 fortiter
3380 3997 3573 4049 admo-

1991 4102 2123 4156 dum
2158 4115 2259 4169 pro
2289 4096 2545 4153 Ecclesiae
2584 4094 2837 4149 libertate
2869 4102 2923 4147 ct
2956 4088 3269 4145 omnimodo
3301 4089 3355 4142 ln
3406 4090 3581 4141 sacris

1991 4202 2262 4265 potestate
2277 4191 2520 4246 decertat
2544 4187 2612 4242 ad
2637 4185 2935 4241 Pandeetas
2964 4197 3231 4237 canonum
3268 4180 3573 4251 Prolegom.

1992 4300 2113 4355 cap.
2144 4283 2199 4349 3,
2221 4280 2657 4339 Occidentalium
2704 4278 3085 4348 episc0porum
3108 4314 3123 4339 ,
3198 4271 3579 4344 praecipueque

1998 4377 2157 4431 Rom.
2191 4374 2510 4446 pontiﬁcum
2536 4386 2635 4443 pro
2668 4369 2867 4426 tuenda
2897 4365 3162 4436 spiritalis
3208 4365 3287 4419 rei
3332 4364 3580 4418 libertate

1921 4494 1965 4549 ι)
1992 4467 2316 4523 notissimus
2358 4465 2513 4536 vigor
2559 4472 2643 4519 est
2687 4479 2702 4517 :
2738 4460 3080 4517 remissiores
3140 4456 3414 4511 interdum
3473 4454 3579 4508 visi

1979 4570 2109 4616 sunt
2141 4558 2344 4623 Graeci,
2373 4570 2688 4627 quanquam
2714 4568 2809 4609 eos
2837 4551 3146 4606 luculenter
3175 4547 3437 4617 praedicto
3459 4546 3579 4600 loco

1988 4651 2232 4709 defendit
2263 4649 2520 4715 Allatius,
2566 4646 2821 4702 adductis
2853 4643 3040 4698 multis
3067 4643 3120 4697 in
3161 4640 3399 4695 medium
3430 4638 3581 4695 testi-

1998 4742 2223 4807 moniis,
2268 4756 2392 4810 qua:
2434 4738 2679 4793 Graecam
2727 4736 2892 4790 etiam
2941 4731 3245 4787 Ecelesiam
3276 4729 3581 4784 libertatem

1991 4848 2148 4891 suam
2182 4846 2281 4901 pro
2313 4830 2523 4884 viribus
2555 4840 2914 4883 conservasse
2939 4825 3321 4880 demonstrant
3346 4820 3448 4891 (a).

2062 4925 2245 4981 Placet
2270 4929 2450 4976 autem
2489 4919 2626 4974 mihi
2670 4917 3103 4988 disputationem
3152 4912 3339 4968 Allatii
3380 4913 3483 4966 hac
3517 4911 3586 4965 de

1991 5031 2054 5071 re
2082 5013 2387 5079 cumulare,
2416 5013 2631 5082 prolato
2675 5010 2809 5074 alio,
2843 5007 2991 5079 quod
3021 5006 3162 5077 apud
3194 5021 3322 5061 eum
3350 5019 3461 5059 non
3495 5012 3582 5059 est

1992 5105 2343 5170 testimonio,
2393 5104 2532 5159 libro
2584 5117 2777 5171 nempe
2823 5100 3094 5172 synodico
3141 5097 3399 5153 Ecclesiae
3434 5094 3585 5151 Con-

1994 5195 2487 5267 stantinopolitanae
2516 5194 2632 5250 sive
2655 5193 2919 5249 Actorum
2948 5191 3071 5263 ejus
3099 5189 3377 5253 Ecclesiae,
3421 5203 3584 5257 quem

1996 5288 2051 5342 in
2080 5286 2323 5358 pretioso
2347 5294 2402 5342 et
2434 5300 2564 5341 raro
2586 5285 2776 5341 codice
2814 5282 3079 5339 Vaticano
3107 5281 3441 5353 deprehendi
3481 5280 3582 5349 (ὁ).

1829 5380 2065 5437 NOTAE.

388 5473 459 5539 (τι)
492 5476 583 5530 Sic
638 5475 803 5530 etiam
848 5473 1235 5528 Armeniorum
1290 5471 1665 5540 Ecclesiajam
1696 5475 1824 5531 inde
1859 5493 1889 5529 a

325 5544 819 5668 istisﬂgrimordiis.
855 5545 1055 5602 Confer:
1082 5540 1277 5610 Script.
1316 5553 1413 5595 vet.
1450 5556 1488 5597 t.
1518 5545 1583 5609 Χ,
1630 5554 1770 5611 part.
1822 5562 1893 5611 rt,

363 5653 375 5665 .
405 5627 461 5667 bl
510 5658 524 5670 .

328 5627 357 5678 Ρ
391 5627 532 5753 (ιηῗιι
553 5687 704 5741 calce
721 5684 1010 5740 voluminis
1028 5689 1261 5743 afﬁrmat
1284 5690 1529 5743 Andreas
1556 5683 1894 5749 Darmarins,

331 5771 381 5809 te
402 5756 753 5830 descripsisse
778 5756 925 5815 hunc
953 5757 1197 5818 codicem
1224 5761 1276 5814 in
1309 5757 1672 5817 Escurialensi
1703 5755 1896 5810 biblio-

2001 5479 2162 5533 theca
2194 5475 2458 5546 impensis
2510 5474 2709 5546 summi
2748 5472 2850 5546 viri
2896 5470 3117 5526 Antonii
3147 5465 3584 5546 Augttstini,_q_ui

2003 5562 2196 5615 reapse
2227 5534 2288 5600 iii
2318 5545 2560 5601 cditione
2596 5543 2831 5598 Lucensi
2864 5534 3370 5615 opet'tttn_sttortttn,
3403 5545 3443 5590 t.
3476 5534 3584 5595 V'll.

2004 5634 2059 5688 ι),
2204 5629 2344 5697 seq._,
2384 5616 2532 5670 hunc
2564 5620 2833 5697 memorat
2884 5606 3027 5665 inter
3080 5606 3421 5697 domesticos
3456 5621 3585 5659 suus

2007 5684 2245 5750 codices,
2274 5684 2505 5756 ejusque
2536 5685 2811 5751 rubricas,
2861 5697 2957 5737 scu
2989 5694 3169 5738 rerum
3208 5684 3583 5734 contentarmn

2008 5759 2211 5820 titulos,
2240 5756 2430 5813 Latine
2468 5756 2679 5812 recitat.
