4122 6446
500 318 605 387 439

502 537 757 577 sermone
797 523 865 576 ad
893 521 1073 576 Pliotii
1101 538 1261 591 opus,
1300 523 1391 577 ubi
1420 531 1570 576 tanta
1612 521 1791 592 legum
1825 522 2071 578 civilium

500 613 568 667 ad
610 627 852 669 canones
891 614 1134 669 accessio
1168 614 1245 668 lit.
1297 612 1388 667 Sic
1433 628 1559 682 ergo
1606 612 1745 669 liber
1787 613 2084 683 synodicus

504 706 539 755 ϐ’.
580 704 683 758 102
706 718 860 773 seqq.
894 721 906 757 :
956 704 1050 755 Ἐκ
1081 703 1135 755 δὲ
1164 703 1271 755 τῶν
1321 702 1615 755 πολιτικῶν
1655 701 1873 772 νόμων,
1914 705 1962 755 εί
1991 705 2085 756 καὶ

505 796 580 867 μὴ
610 796 687 866 τῷ
716 795 942 849 ἐκείνων
994 793 1145 863 ζυγῷ
1178 794 1246 847 τὰ
1290 794 1729 863 ἐκκλησιαστικὰ
1771 792 2088 847 ταλαντεύε-

500 905 612 953 ται,
639 889 789 957 ὅμως
821 886 958 956 πρὸς
987 886 1284 955 σαφήνειαν
1298 886 1404 938 τῶν
1424 885 1607 956 ἱερῶν,
1646 887 1697 939 εί
1728 886 1899 953 δοκεῖ,
1933 884 2088 940 κανό-

505 996 609 1031 νων
642 979 711 1032 τὰ
738 978 870 1049 περὶ
902 978 1002 1047 τῆς
1031 978 1216 1047 ψήφου
1248 977 1528 1048 θεωρῆσαι
1558 978 1657 1030 οὐκ
1684 976 1934 1048 ἄκαιρον·
1972 977 2085 1047 ἔχει

504 1070 560 1121 δὲ
584 1071 613 1122 ό
648 1070 775 1140 περὶ
811 1069 1014 1139 ταύτης
1041 1069 1203 1139 νόμος
1229 1068 1433 1132 οὕτως’
1473 1087 1492 1122 ι
1522 1070 1587 1123 Ei
1621 1070 1679 1123 δὲ
1707 1073 1755 1123 oi
1781 1070 2086 1140 ὀφείλοντες

512 1183 530 1213 ‹
573 1163 639 1215 τὰ
690 1162 1019 1233 ψηφίσματα
1064 1164 1257 1229 ποιεῖν,
1297 1163 1448 1226 ἐντὸς
1488 1163 1675 1235 μηνῶν
1713 1163 1773 1228 ἒξ
1823 1163 1899 1235 μὴ
1930 1164 2086 1233 ποιή-

513 1273 530 1303 ι
574 1270 747 1319 σουσι,
811 1253 1114 1323 τηνικαῦτα
1167 1255 1244 1323 τῷ
1292 1254 1524 1323 κινδύνῳ
1581 1255 1682 1324 τῆς
1741 1255 1875 1318 ιδίας
1906 1254 2086 1325 ψυχῆς

513 1369 529 1400 ι
576 1342 844 1418 ἐκεῖνοςξῷ
869 1349 1098 1420 ἁρμόζει
1121 1350 1213 1402 τὸν
1238 1352 1536 1405 ἐπίσκοπον
1551 1351 2033 1423 χειροτονείτω(ε).
2061 1370 2080 1403 ι

506 1439 691 1510 Σαφὴς
723 1442 752 1492 ό
782 1440 941 1508 λόγος
964 1456 978 1471 °
1019 1442 1168 1495 ἄλλοι
1197 1442 1307 1512 γάρ
1331 1444 1469 1495 εἰσιν
1493 1442 1544 1494 οἱ
1571 1441 1958 1511 ψηφιζόμενοι,
1992 1441 2086 1495 καὶ

504 1533 692 1600 ἕτερος
722 1535 750 1585 ό
784 1534 1129 1603 χειροτονῶν.
1175 1532 1337 1586 Ἀλλὰ
1359 1531 1519 1585 τοῦτο
1553 1531 1643 1585 διὰ
1676 1532 1900 1595 λαῖκοὺς
1927 1532 2082 1603 είρῆ-

506 1623 630 1676 σθαι
674 1624 855 1676 δοκεῖ·
899 1625 1134 1687 ἐκείνοις
1171 1624 1280 1694 γὰρ
1308 1625 1336 1677 ὁ
1367 1624 1531 1693 νόμος
1584 1623 1683 1685 τὰς
1726 1623 1940 1693 ψήφους
1981 1625 2088 1676 ἀπα

1660 324 1917 383 ΡΙΙΟΤΙΙ
1964 324 2465 388 ΡΛΤΗΙΛΗΕΗΕ
2499 330 2608 389 CP.

499 432 688 500 Neque
729 431 965 485 alienum
1008 447 1092 484 me
1134 432 1185 486 id
1235 432 1419 487 facere
1467 441 1599 501 pulo
1640 434 1693 485 in
1736 434 1841 486 hoc
1883 434 2082 502 praevio
2112 441 2163 500 Α

2265 436 2328 491 1η
2352 441 2596 495 civilibus
2636 452 2814 496 autem
2839 444 3059 514 legibus,
3096 462 3395 518 quanquam
3424 474 3524 514 non
3566 471 3631 518 ad
3672 473 3762 523 ha-

2191 543 2309 579 rum
2339 528 2543 584 lancem
2577 532 2952 588 ecclesiasticis
2986 551 3066 588 res
3098 535 3392 609 librantur,
3427 550 3758 615 nihilominus

2186 618 2256 669 ad
2287 619 2638 676 illustrandos
2670 625 2718 677 si
2747 624 2919 691 placet
2951 644 3197 691 canones,
3231 646 3293 683 ea
3327 650 3443 701 qua:
3478 640 3541 693 de
3572 648 3763 712 suﬂ'ra.

2184 708 2283 776 giis
2318 708 2425 762 sive
2453 710 2701 765 electione
2718 713 2990 777 dicuntur,
3010 718 3348 773 considerare
3367 740 3467 776 non
3485 738 3559 780 est
3581 708 3763 787 intem-

2183 797 2457 863 peslivum.
2500 798 2591 853 Sic
2629 818 2751 869 ergo
2783 804 2849 857 de
2894 805 3155 859 electione
3198 808 3283 860 lex
3311 825 3329 862 :
3374 830 3391 861 ι
3432 814 3581 878 Quod
3624 824 3669 873 si
3708 827 3764 889 ii,

2186 887 2276 955 qui
2304 888 2571 957 suffragia
2592 893 2833 960 conferre
2873 894 3081 959 debent,
3123 898 3266 950 intra
3295 915 3542 958 semestre
3572 887 3767 977 tempus

2187 976 2244 1029 id
2281 980 2502 1035 mininte
2530 981 2773 1051 fecerint,
2821 996 2945 1040 tunc
2978 989 3174 1043 anima:
3205 1006 3314 1044 sum
3335 997 3594 1061 periculo,
3621 976 3680 1054 is,
3703 1006 3769 1055 ad

2187 1083 2337 1136 quem
2362 1073 2611 1137 pertinet,
2648 1075 2949 1142 episcopum
3006 1078 3234 1131 ordinet.
3278 1098 3296 1130 ι
3336 1080 3623 1151 Perspicua
3656 1104 3773 1141 sen-

2191 1160 2358 1213 tentia
2382 1172 2461 1215 est
2492 1178 2511 1216 :
2542 1165 2736 1217 etenim
2762 1166 2860 1217 alii
2890 1176 3013 1218 sunt
3043 1169 3135 1236 qui
3177 1170 3443 1239 suﬂ‘ragia
3473 1176 3768 1243 conferunt,

2190 1249 2330 1301 alius
2354 1251 2443 1319 qui
2470 1252 2705 1307 ordinat.
2754 1252 2942 1308 Verum
2976 1256 3093 1310 [uec
3120 1259 3186 1311 de
3219 1260 3376 1315 laicis
3407 1264 3554 1316 dicta
3593 1268 3771 1320 viden-

2192 1347 2313 1403 tur;
2341 1356 2563 1410 namque
2591 1341 2670 1396 Itis
2698 1343 2800 1409 lex,
2846 1356 3034 1400 contra
3062 1364 3326 1403 canonum
3376 1356 3770 1420 auctoritatem,

2188 1430 2450 1498 su/fragia
2477 1436 2730 1498 permittit
2763 1451 2781 1489 :
2812 1452 2930 1505 qua:
2979 1454 3060 1492 res
3099 1448 3274 1494 tamen
3311 1442 3624 1510 ﬁrmitatem
3655 1449 3773 1501 nul-

2188 1520 2297 1571 lam
2346 1520 2598 1588 obtinuit,
2641 1526 2733 1583 sed
2783 1526 2837 1578 iu
2872 1530 3084 1595 scriptis
3137 1531 3310 1584 otiosa
3340 1530 3482 1600 iacet
3509 1549 3528 1586 :
3556 1535 3769 1603 frustra

2188 1612 2326 1664 enim
2370 1612 2649 1668 clamitant
2692 1617 2848 1686 leges,
2901 1634 3179 1689 propterea
3230 1625 3369 1691 quod
3404 1623 3596 1679 Patres
3624 1644 3775 1681 man-

506 1714 754 1775 εναντίας
785 1713 893 1766 τῶν
924 1714 1164 1768 κανόνων
1187 1714 1493 1783 ἐπιτρέπει⁶
1516 1714 1651 1784 ὅπερ
1669 1713 1925 1768 οὐδέποτε
1957 1732 2088 1786 κρα-
2120 1716 2158 1770 Β
2188 1701 2318 1754 dam
2363 1702 2689 1771 hujmmo‘“:
2719 1716 2971 1778 umquam
3004 1710 3180 1765 αίίεηα
3224 1723 3273 1766 ει
3303 1712 3543 1779 οὒτηιεα,
3573 1732 3637 1769 933
3667 1715 3775 1770 Εσ-

505 1805 676 1874 τῆσαν
728 1805 999 1874 φαίνεται,
1056 1806 1174 1860 ἀλλ’
1203 1809 1260 1859 ἐν
1327 1806 1621 1877 γράμμασι
1664 1806 1825 1877 μόνον
1887 1808 2084 1867 κεῖται,

508 1896 769 1966 ἄπρακτα
815 1897 1167 1966 κεκραγότων
1201 1898 1401 1960 αὐτῶν,
1431 1897 1519 1950 διὰ
1545 1898 1606 1950 τὸ
1640 1898 1789 1968 παρὰ
1826 1897 1934 1950 τῶν
1978 1900 2089 1952 Πα-

506 1988 681 2059 τέρων
732 1989 841 2042 ἀπὸ
873 1990 974 2059 τῆς
1004 1990 1329 2060 Ἐκκλησίας
1371 1991 1478 2052 ἀεὶ,
1525 1991 1600 2053 ὡς
1652 1990 1781 2044 ἄλλο
1836 1989 2003 2044 eam
2035 2007 2086 2042 τι

511 2075 893 2143 ἐξελαύνεσθαι
932 2060 1010 2131 τδ-
1031 2079 1271 2133 τοιοῦτον
1303 2080 1586 2149 ἐπίταγμα
1610 2098 1623 2110 ο
1654 2080 1808 2133 οὐδὲν
1836 2082 1944 2151 γὰρ
1979 2097 2091 2133 κοι-

513 2169 603 2221 νὸν
641 2168 913 2239 πνεύματι
951 2172 1046 2225 καὶ
1076 2172 1344 2243 μαχαίρᾳ.
1374 2172 1438 2224 Ei
1466 2173 1524 2225 δέ
1558 2172 1812 2242 καὶπερὶ
1841 2172 1950 2225 τῶν
1968 2174 2091 2224 ἐπι-

514 2261 738 2315 σκόπων
784 2261 954 2331 λέγει,
998 2263 1114 2317 ἀλλ’
1144 2262 1297 2317 οὐδὲν
1336 2264 1426 2317 διὰ
1471 2263 1632 2317 τοῦτο
1688 2268 1754 2335 τῇ
1794 2264 2093 2335 Ἐκκλησία

516 2351 802 2422 πρόκριμα
823 2367 836 2381 ·
878 2350 1142 2405 ἀδύνατον
1186 2351 1297 2423 γὰρ
1335 2352 1459 2422 δίχα
1481 2352 1835 2423 ψηφίσματος
1865 2355 2093 2406 ἐπισκο-

515 2443 678 2497 πικοῦ
714 2444 1047 2513 χειροτονίαν
1063 2445 1333 2515 προϐῆναι
1353 2460 1367 2474 ⁸
1396 2444 1534 2507 τέως
1560 2444 1617 2498 δὲ
1645 2444 1806 2498 τοῦτο
1837 2446 1967 2515 περὶ
1985 2446 2094 2499 τῶν

515 2534 809 2587 πολιτικῶν
840 2534 1042 2604 νόμων.
1076 2535 1140 2588 Ei
1174 2536 1283 2604 γὰρ
1306 2534 1425 2597 ἐνὸς
1461 2536 1763 2589 ἐπισκόπου
1791 2535 1824 2607 ἢ
1851 2537 2095 2607 πρεσϐυ-

514 2627 677 2697 τέρου
728 2629 760 2697 ἢ
792 2628 1041 2681 διακόνου
1075 2628 1255 2697 ψῆφον
1283 2629 1385 2681 οὐκ
1414 2629 1701 2700 ἀνέχονται
1731 2630 1783 2682 οἱ
1818 2630 1954 2683 θεῖοι
1984 2631 2097 2683 [Ια-

514 2719 671 2788 τέρες
691 2719 846 2788 παρὰ.
870 2718 1076 2772 λα’ίκῶν
1108 2719 1400 2790 προϐῆναι,
1434 2720 1552 2784 πῶς
1584 2721 2099 2791 ὑποστήσονταιαύ-

511 2810 609 2881 τὴν
637 2811 854 2881 ἐκείνην
889 2810 990 2881 τὴν
1033 2811 1131 2876 τὰς
1170 2811 1386 2883 ψήφους
1427 2813 1521 2867 καὶ
1569 2813 1902 2883 χειροτονίας
1950 2814 2099 2877 ὅπως

514 2902 820 2971 ὀφείλουσιν
835 2903 1081 2972 γίνεσθαι
1104 2903 1428 2973 νομοθεσίαν
1457 2906 1550 2957 καὶ
1571 2904 1921 2958 διδασκαλίαν
1943 2905 2099 2975 παρὰ

2189 1793 2352 1847 clesia
2390 1796 2717 1862 repulerunt.
2743 1799 2862 1853 Non
2893 1803 3029 1855 enim
3061 1806 3350 1874 quidquam
3381 1824 3652 1861 commune
3679 1807 3776 1861 ha-

2190 1884 2307 1938 bent
2360 1887 2579 1952 spiritus
2609 1899 2659 1942 et
2703 1890 2935 1959 gladius.
2971 1893 3122 1958 Quod
3157 1897 3202 1949 si
3244 1897 3383 1966 forte
3431 1899 3495 1952 de
3524 1900 3774 1967 episcopis

2190 1976 2426 2047 loquitur
2453 1982 2557 2044 (ex,
2590 1981 2797 2035 nullum
2827 1983 2949 2038 hinc
2982 1989 3353 2056 prwjudicium
3376 2000 3563 2044 contra
3600 1990 3777 2044 Eccle-

2191 2069 2328 2121 siam
2355 2071 2640 2136 conﬂatur,
2676 2079 3100 2146 quandoquidem
3122 2081 3232 2133 sine
3256 2082 3547 2150 episcopali
3578 2083 3775 2150 διιπτα-

2190 2158 2276 2228 gio
2306 2160 2572 2213 ordinatio
2598 2162 2754 2215 nulla
2784 2169 3082 2235 peragitur.
3112 2167 3215 2222 Sed
3262 2170 3518 2224 hactenus
3550 2174 3612 2223 de
3644 2172 3774 2223 civi-

2194 2247 2330 2301 libus
2354 2248 2575 2319 legibus.
2609 2249 2753 2304 Nam
2788 2256 2833 2306 si
2864 2255 2940 2309 vel
2971 2258 3132 2311 unius
3163 2260 3417 2328 episcopi,
3450 2271 3539 2313 aut
3568 2259 3779 2328 presby-

2197 2346 2294 2398 teri
2335 2356 2426 2399 aut
2459 2348 2673 2402 diaconi
2713 2348 3015 2402 electionem
3051 2366 3153 2402 non
3191 2354 3479 2420 patiuntur
3527 2352 3711 2405 Patres
3748 2369 3780 2404 a

2198 2436 2350 2491 laici:
2378 2443 2678 2506 procedere,
2708 2441 2968 2509 quomodo
2998 2442 3053 2493 hi
3096 2441 3262 2511 legem
3302 2445 3378 2498 vel
3431 2445 3725 2497 doctrinam
3750 2461 3781 2495 a

2198 2531 2350 2584 laicis
2381 2534 2605 2600 proponi
2647 2532 2959 2598 tolerarent,
2998 2550 3115 2603 qua:
3146 2536 3467 2590 electionum
3501 2546 3655 2607 atque
3692 2552 3780 2589 or-

2197 2621 2537 2675 dinationum
2562 2638 2803 2677 normam
2833 2626 3199 2694 praescriberet
3228 2627 3249 2680 ?
3286 2626 3347 2682 Si
3375 2630 3520 2683 enim
3550 2629 3646 2681 hoc
3667 2642 3781 2680 eve-

2200 2712 2367 2775 niret,,
2378 2712 2491 2780 jam
2518 2729 2622 2767 non
2651 2715 2985 2783 spiritaliter,
3019 2720 3109 2771 sed
3134 2718 3446 2774 humanitus
3479 2736 3559 2774 res
3594 2719 3785 2772 divina?

2202 2804 2752 2871 administrarentur;
2788 2809 3060 2876 'siquidem
3111 2811 3297 2865 exinde
3334 2822 3449 2865 tum
3509 2809 3784 2865 electiones

2202 2904 2379 2943 omnes
2408 2896 2520 2943 tum
2540 2892 2899 2946 ordinationes
2922 2893 3173 2948 humanis
3199 2912 3300 2949 non
3328 2896 3526 2950 divinis
3546 2892 3785 2964 jussibus

516 2994 721 3048 λαῖκῶν
768 2996 1137 3066 ἐκτιθεμένων
1195 2994 1730 3063 παραδέξασθαι;Εί
1781 2995 1891 3064 γὰρ
1938 2996 2099 3049 τοῦτο

2203 2981 2410 3049 ﬁerent.
2451 2981 2536 3035 Ex
2569 3000 2670 3053 quo
2706 2984 2817 3037 alia
2851 3002 3055 3055 quoque
3087 2997 3439 3043 consectanea
3467 2988 3788 3042 deduceren-

516 3083 772 3154 δειχθείη,
801 3086 860 3138 οὐ
900 3084 1288 3155 πνευματικῶς
1325 3085 1564 3149 πάντως,
1595 3083 1710 3137 ἀλλ’
1748 3084 2104 3154 ἀνθρωπίνως

515 3174 586 3228 τὰ
614 3175 733 3228 θεῖα
773 3175 1202 3247 πραχθησονται,
1232 3176 1342 3229 τῶν
1371 3175 1764 3246 ψηφιζομένων
1803 3176 1898 3229 καὶ
1927 3194 2106 3248 χειρο-

519 3267 862 3338 τονουμένων
918 3269 985 3321 ἐκ
1036 3268 1157 3321 τότε
1206 3268 1423 3321 πάντων
1477 3268 1851 3338 ἀνθρωπίνοις
1906 3270 2004 3323 καὶ⁵
2045 3270 2104 3323 οὺ

522 3352 685 3424 θείοις
723 3359 1025 3431 ὲντάλμασι
1077 3350 1449 3430 τελουμένων·
1510 3359 1569 3425 ἐξ
1617 3355 1678 3415 οὗ
1735 3362 1829 3414 καὶ
1881 3361 2011 3416 ἄλλο
2054 3379 2106 3414 τι

522 3449 881 3520 συμϐήσεται.
921 3448 1041 3502 Τῶν
1089 3451 1197 3519 γὰρ
1248 3449 1722 3519 μεταγενεστέρων
1791 3449 1922 3513 ἴσως
1981 3450 2107 3503 δυσ-

521 3556 751 3609 αρεστου
762 3540 937 3611 μένων
964 3540 1057 3592 ἐπὶ
1077 3542 1189 3602 τοῖς
1217 3541 1344 3611 περὶ
1367 3539 1837 3609 ἐκκλησιαστικῶν
1862 3558 2107 3612 γεγραμ-

527 3632 732 3699 μένοις,
763 3632 880 3684 είτε
935 3632 1022 3685 διὰ
1066 3631 1398 3701 φιλοτιμίαν,
1445 3632 1607 3702 τυχὸν
1634 3631 1690 3685 δὲ
1727 3632 1822 3685 καλ¹
1848 3632 1938 3685 διὰ
1967 3631 2104 3700 γνώ-

528 3742 632 3793 μην
661 3724 761 3777 οὐκ
789 3724 983 3793 εὐαγῆ,
1014 3724 1275 3777 θελόντων
1298 3723 1468 3794 φῦραι
1497 3724 1591 3778 καὶ
1623 3725 1856 3796 συγχέαι
1881 3725 1949 3778 τὰ
1975 3726 2106 3796 περὶ

521 3816 623 3885 τῆς
652 3815 913 3878 ’πίστεως
943 3815 1100 3885 ἡμῶν
1159 3815 1279 3870 θεῖα
1327 3814 1661 3885 διδάγματα,
1718 3816 2106 3886 λαμϐανόντων

526 3906 783 3977 ἀφορμὴν
812 3907 878 3958 ἐκ
917 3905 1012 3959 τοῦ
1054 3906 1263 3977 γράψαι
1302 3906 1456 3969 τινὰς
1483 3906 1595 3959 τῶν
1626 3907 1731 3977 πρὸ
1757 3908 1938 3961 αὐτῶν
1976 3908 2106 3977 περὶ

523 3997 749 4063 τούτων,
778 3997 1201 4068 νομοθετήσουσι
1229 3999 1323 4051 καὶ
1354 3999 1509 4051 αὐτο)⁸
1536 3997 1653 4062 πῶς
1693 3999 1795 4069 μὲν
1818 3999 2024 4067 ὀφείλει
2046 3998 2108 4050 τὸ

510 4086 817 4160 ’βάπτισμα
855 4090 1126 4159 γίνεσθαι,
1162 4091 1237 4153 ὡς
1261 4090 1361 4143 οὐκ
1387 4090 1635 4161 ἀρεστῶς
1663 4091 1848 4153 αὐτοῖς
1872 4090 1999 4162 ἄρτι
2023 4108 2107 4143 τε-

530 4181 792 4251 λουμένου
814 4196 827 4210 ·
863 4182 980 4243 πῶς
1008 4180 1064 4233 δὲ
1102 4182 1135 4250 ἠ
1166 4180 1265 4250 τῆς
1297 4180 1445 4243 θείας
1472 4181 1864 4250 μυσταγωγίας
1902 4183 2108 4251 ἱερουρ·

526 4273 619 4338 γία
671 4271 1185 4343 ἐπιτελεσθήσεται·
1250 4274 1346 4326 καὶ
1379 4272 1539 4334 ἄλλος
1597 4273 1728 4342 περὶ
1783 4272 1967 4336 ἄλλου,
2010 4274 2107 4326 καὶ

2212 3085 2345 3129 tur:
2375 3075 2605 3143 fortasse
2642 3079 2778 3131 enim
2812 3080 3009 3148 posteri
3038 3083 3205 3134 nostri
3253 3097 3389 3152 aegre
3446 3083 3672 3153 ferentes
3726 3092 3789 3130 ea

2207 3182 2327 3236 qute
2352 3168 2408 3220 in
2428 3168 2553 3236 jure
2578 3168 2933 3223 ecclesiastico
2962 3172 3164 3240 scripta
3184 3182 3329 3239 sunt,
3352 3174 3465 3228 sive
3500 3170 3787 3227 ambitione

2208 3255 2407 3324 inﬂati,
2451 3258 2559 3311 sive
2604 3258 2768 3311 etiam
2810 3259 2871 3312 ob
2920 3263 3110 3314 mentis
3157 3262 3395 3332 aliquam
3444 3264 3792 3334 pravitatem.

2207 3348 2521 3414 perturbare
2547 3357 2597 3402 et
2648 3351 2972 3420 confundere
3010 3354 3214 3407 divinos
3242 3355 3366 3421 ﬁdei
3418 3367 3622 3409 nostrae
3664 3348 3798 3405 arti-

2211 3438 2358 3491 culos
2394 3440 2603 3504 volent;
2661 3451 3036 3512 captantesque
3085 3461 3271 3499 ansam
3314 3462 3380 3501 ea;
3417 3448 3493 3504 iis
3541 3446 3634 3518 qui
3679 3453 3798 3498 ante

2210 3530 2354 3599 ipsos
2402 3533 2751 3601 scripserunt,
2792 3535 2928 3605 leges
2984 3546 3034 3590 et
3090 3538 3193 3605 ipsi
3225 3547 3495 3607 statuent,
3538 3537 3795 3611 quomodo

2212 3621 2476 3689 baptisma
2515 3624 2887 3679 administrari
2935 3626 3139 3691 debeat,
3184 3645 3275 3682 ceu
3316 3631 3363 3683 si
3411 3634 3630 3686 minime
3666 3626 3795 3697 ipsis

2209 3715 2439 3784 placeret
2484 3718 2622 3785 quod
2670 3720 2922 3772 hactenus
2970 3730 3047 3773 est
3092 3722 3403 3790 factitatum
3449 3738 3469 3778 :
3521 3725 3647 3779 item
3695 3734 3796 3789 quo

2211 3805 2320 3858 ritu
2350 3821 2521 3858 sacra:
2566 3807 2742 3859 missa:
2786 3807 3061 3879 liturgiam
3087 3814 3269 3880 perﬁci
3306 3825 3591 3883 oporteat;
3623 3812 3797 3879 sicque

2210 3896 2353 3949 alius
2384 3895 2493 3948 alia
2521 3899 2902 3967 pra’scriberet,
2960 3905 3237 3975 cunctique
3275 3908 3338 3961 de
3383 3910 3632 3962 omnibus
3681 3913 3797 3957 star

2214 3997 2356 4043 tuere
2390 3988 2599 4044 vellent.
2638 3989 2821 4061 Neque
2869 3995 3009 4047 enim
3039 3996 3181 4051 ullus
3224 4008 3360 4053 esset
3406 4002 3541 4056 mali
3572 3999 3717 4070 ﬁnis,
3753 3993 3799 4046 εἰ

2212 4080 2308 4132 hoc
2343 4078 2633 4133 absurdum
2672 4082 2887 4137 initium
2908 4085 3078 4153 ﬁeret,
3123 4088 3288 4144 donec
3335 4092 3512 4161 ipsum
3545 4092 3798 4146 audacter

2211 4170 2533 4239 suffoderent
2582 4171 2861 4230 Trinitatis
2913 4181 3244 4247 mysterium,
3291 4192 3445 4252 atque
3505 4185 3803 4238 universam

2212 4261 2445 4318 delerent
2484 4265 2812 4336 religionem.
2846 4268 3199 4333 Quamobrem
3248 4291 3310 4327 ne
3365 4276 3498 4329 talia
3530 4273 3803 4335 eveniant,

528 4363 729 4427 πάντες
783 4362 916 4433 περὶ
980 4363 1202 4418 πάντων
1225 4380 1238 4393 ·
1290 4363 1351 4415 ού
1387 4365 1496 4434 γὰρ
1529 4364 1788 4431 στήσεται
1826 4363 1887 4415 τὸ
1918 4363 2099 4430 κακὸν,

2219 4355 2424 4409 nullam
2451 4358 2659 4426 uspiam
2697 4359 2807 4412 ullo
2845 4369 3075 4428 tempore
3118 4365 3325 4419 civilem
3369 4368 3532 4439 legem
3561 4365 3805 4422 domina-

528 4457 703 4524 ἀρχῆς
729 4453 979 4523 δοθείσης
1016 4454 1245 4519 ἀτόπου,
1282 4453 1473 4523 μέχρις
1506 4452 1573 4506 ἂν
1620 4452 1946 4524 ὑπορύττειν
1970 4453 2114 4519 ,αὐτὸ

527 4545 589 4597 τὸ
631 4544 731 4614 τῆς
754 4545 982 4617 Τριάδος
1007 4546 1103 4598 καὶ
1152 4544 1602 4615 παραχαράττειν
1642 4544 1976 4614 τολμήσουσι
2015 4545 2114 4614 τῆς

530 4635 816 4698 εὐσεϐείας
850 4637 1151 4706 μυστήριον
1172 4652 1185 4665 '
1240 4635 1358 4689 ἀνθ’
1390 4629 1465 4689 ὦν
1501 4636 1588 4689 ἵνα
1633 4637 1709 4706 μὴ
1751 4636 1925 4690 ταῦτα
1952 4637 2114 4709 γένη-

530 4743 641 4791 ται,
670 4725 844 4788 οὐδείς
890 4744 993 4779 που
1032 4727 1197 4797 νόμος
1242 4727 1519 4790 πολιτικὸς
1559 4727 1813 4797 οὐδαμῶς
1849 4727 2113 4782 οὐδέποτε

532 4816 626 4869 τοῦ
674 4816 994 4887 Πνεύματος
1043 4819 1427 4889 περιεγένετο·
1477 4818 1597 4872 ἀλλ’
1626 4819 1817 4889 ὥσπερ
1843 4819 1912 4873 τὰ
1939 4821 2114 4891 νεκρὰ

536 4906 950 4977 κυοφορούμενα
979 4908 1177 4979 βρέφη,
1208 4909 1397 4971 αὑταῖς
1431 4908 1831 4979 ἐναποθνήσκει
1860 4912 1981 4973 ταῖς
2012 4911 2117 4981 μή·

532 4998 907 5068 τραις,οὖτως
930 5003 1024 5054 καὶ
1080 5000 1190 5054 τῶν
1242 4999 1538 5054 πολιτικῶν
1586 5000 1768 5069 νόμων
1825 5001 1939 5053 ὅσοι
2004 5004 2117 5064 τοῖς

536 5089 629 5142 τοῦ
663 5091 982 5161 Πνεύματος
1015 5091 1489 5161 ἀντιφθέγγονται,
1520 5093 1703 5162 νεκροὶ
1732 5091 1826 5145 καὶ
1852 5092 2114 5146 ἀνεϐιαῖοι

535 5178 761 5233 αὐτόθεν
782 5180 841 5248 ἐξ
872 5181 1041 5253 αὐτῆς
1074 5181 1247 5254 ἀρχῆς
1276 5183 1622 5252 ἐκφέρονται.

2219 4448 2267 4499 ri
2320 4448 2535 4517 spiritui
2565 4464 2871 4505 concessum
2904 4453 3051 4521 fuit;
3080 4456 3171 4510 sed
3216 4458 3375 4512 veluti
3416 4460 3650 4514 emortui
3678 4471 3804 4510 con-

2216 4550 2393 4608 ceptus
2426 4540 2481 4593 in
2508 4541 2634 4609 ipsis
2663 4545 3074 4614 exstinguuntur
3120 4549 3309 4616 uteris,
3352 4553 3429 4604 sic
3476 4561 3803 4622 quazcunque

2214 4630 2389 4683 civiles
2418 4630 2552 4701 leges
2587 4634 2801 4700 spiritui
2829 4636 3220 4701 contradicunt;
3259 4656 3426 4695 cassa:
3461 4642 3660 4697 viribus
3684 4638 3802 4707 jam

2217 4737 2378 4790 usque
2405 4723 2470 4775 ab
2501 4722 2701 4791 origine
2724 4733 3045 4794 mortumque
3072 4729 3377 4795 pariuntur.

2287 4809 2631 4867 Postremum
2686 4815 2954 4869 monitum
2997 4817 3063 4871 ad
3111 4818 3368 4874 leuorem
3427 4823 3519 4889 sit,
3566 4820 3703 4879 nihil
3747 4817 3802 4871 in

2216 4901 2393 4957 Photii
2427 4902 2776 4974 Sgntagmate
2818 4921 2939 4961 esse
2967 4908 3405 4981 Schismaticum,
3442 4916 3577 4972 nihil
3624 4910 3803 4969 studio

2219 4993 2459 5063 partium
2507 4996 2750 5063 dictum;
2790 4998 2960 5067 prisci
3013 5000 3158 5055 enim
3206 5010 3589 5064 tantummodo
3618 5003 3803 5063 Eccle-

2218 5088 2316 5141 siae
2360 5102 2602 5143 canones
2635 5093 2987 5158 recitantur;
3029 5108 3098 5147 ne
3132 5097 3258 5165 quis
3312 5098 3453 5156 forte
3490 5100 3797 5173 imperitus,

2222 5180 2414 5237 audito
2454 5182 2677 5238 nomine
2703 5182 2905 5252 Photii,
2947 5198 3168 5258 repente
3203 5191 3486 5261 pauescat.

2046 5365 2276 5422 NOT/E.

612 5514 680 5581 (εὶ
709 5516 864 5587 Apud
895 5536 990 5576 nos
1025 5521 1079 5573 in
1113 5521 1482 5593 Syulttgmalc,
1525 5539 1576 5592 p.
1612 5523 1681 5578 49
1710 5542 1772 5579 ex
1816 5524 2076 5580 Novellis.
