4122 6438
253 309 345 373 441
1168 306 1566 367 SYNTAGMA
1604 302 2243 368 CANONUM.—TIT.
2286 304 2337 379 I,
2378 302 2536 363 CAP.
2580 304 2637 363 Ι.

3423 300 3529 365 442

258 447 3529 491 W

1538 628 2210 784 PHOTII

723 923 1157 1017 PATBIA
1179 919 1526 1010 BCHIE
1604 912 3069 1010 CONSTANTINOPOLITANI

1066 1145 1350 1263 SYN
1380 1144 1878 1262 TAGMA
1955 1143 2704 1261 CANONUM.

1597 1531 2004 1620 ΤΙΤΛΟΣ
2075 1525 2193 1619 Α’.

539 1715 699 1771 ΠΕΡΙ
729 1715 1125 1784 ΘΕΟΛΟΓΙΑΣ,
1147 1715 1269 1771 ΚΑΙ
1288 1715 1687 1772 ΟΡΘΟΔΟΞΟΥ
1710 1717 2021 1780 ΠΙΣΤΕΩΣ,
2050 1719 2171 1772 ΚΑΙ
2199 1715 2557 1781 ΚΑΝΟΝΩΝ,
2591 1714 2711 1769 ΚΑΙ
2738 1710 3226 1771 ΧΕΙΡΟΤΟΝΙΩΝ.

1846 1902 1921 1919 —

1550 2046 2082 2135 TITULUS
2156 2049 2241 2136 Ι.
2307 2062 2317 2073 ’

498 2226 585 2281 DE
618 2227 1033 2297 THEOLOGIA,
1069 2228 1158 2284 ET
1189 2228 1347 2285 FIDE
1376 2228 1830 2295 ORTHODOXA,
1858 2227 1948 2282 ET
1976 2228 2371 2286 CANONIBUS
2430 2227 2670 2297 ATQUE
2696 2226 3311 2286 ORDINATIONIBUS.

343 2451 744 2505 ΚΕΦΑΛΑΙΟΝ
780 2452 1082 2508 ΠΡΩΤΟΝ.
1122 2483 1193 2493 ——
1220 2452 1362 2522 Περὶ
1389 2454 1703 2524 θεολογίας
1757 2454 1856 2510 καὶ
1888 2469 1912 2518 Α

2035 2455 2079 2523 ι
2107 2450 2336 2509 CAPUT
2355 2449 2645 2506 PRIMUM.
2673 2479 2743 2492 —
2765 2449 2839 2504 De
2877 2448 3138 2520 theologia
3161 2458 3211 2503 et
3235 2449 3340 2519 fide
3369 2449 3551 2507 ortho-

271 2541 587 2614 ὀρθοδόξου
607 2543 888 2608 πίστεως.

612 2635 1006 2689 Ἀποστὸλων-
1068 2635 1271 2689 κανὼν·
1325 2634 1537 2706 μθ¹,ν¹.

337 2724 442 2794 μθν.
464 2723 534 2776 Et
557 2742 641 2788 τις
668 2724 965 2787 ἐπίσκοπος
986 2725 1018 2797 ἢ
1054 2726 1446 2799 πρεσϐύτερος.
1471 2727 1614 2781 κατὰ
1641 2726 1741 2798 τὴν
1761 2728 1856 2782 τοῦ

272 2816 469 2886 Κυρίου
503 2815 770 2880 διάταξιν,
806 2815 880 2885 μὴ
909 2816 1159 2885 βαπτίσει
1193 2819 1273 2875 εἰς
1307 2818 1547 2888 Πατέρα,
1581 2820 1676 2874 καὶ
1696 2820 1848 2882 Υίὸν,

274 2909 360 2961 καὶ
382 2910 541 2977 ἅγιον
598 2907 849 2979 Πνεῦμα,
910 2908 1027 2962 ἀλλ’
1056 2910 1136 2973 είς
1188 2911 1339 2980 τρεῖς
1385 2910 1677 2982 ἀνάρχους,
1712 2912 1746 2983 ἣ
1778 2913 1859 2976 είς

273 3002 410 3069 τρεῖς
458 3000 644 3066 υἱοὺς,
715 2999 749 3070 ἢ
824 3001 906 3063 είς
960 3002 1112 3072 τρεῖς
1172 3001 1604 3074 παρακλήτους,
1670 3004 1861 3058 καθαι-

276 3092 484 3162 ρείσθω.

337 3183 402 3237 ν’.
440 3185 512 3238 Εἴ
560 3203 645 3249 τις
705 3184 1067 3257 ἐπίσκοποςῆ
1130 3187 1528 3258 πρεσϐύτερος,
1591 3187 1665 3259 μὴ
1732 3188 1863 3260 τρία

278 3277 623 3349 βαπτίσματα
655 3280 786 3348 μιᾶς
824 3279 1078 3349 μυήσεως
1120 3279 1446 3344 ὲπιτελέσει,
1502 3281 1618 3334 ἀλλ’
1663 3282 1722 3335 ἓν
1767 3282 1867 3352 βά-

276 3394 480 3445 πτισμα
515 3378 576 3428 τὸ
623 3377 705 3440 είς
747 3376 840 3429 τὸν
898 3375 1127 3429 θάνατον
1157 3375 1253 3429 τοῦ
1298 3374 1505 3443 Κυρίου
1559 3373 1862 3444 διδόμενον,

277 3465 644 3537 καθαιρείσθω
668 3483 681 3496 ·
717 3464 779 3517 οὺ
828 3464 939 3535 γὰρ
978 3460 1131 3518 εἶπεν
1169 3466 1198 3518 ὁ
1232 3463 1439 3535 Κύριος
1464 3505 1478 3529 ,
1517 3462 1612 3527 Ei;
1640 3463 1733 3517 τὸν
1770 3464 1866 3517 θά-

277 3556 427 3610 νατόν
459 3575 561 3625 μου
593 3555 914 3626 βαπτίσατεο
944 3555 1104 3620 ἀλλὰ,
1147 3554 1545 3622 Πορευθέντες
1566 3554 1865 3623 μαθητεύ-

279 3664 415 3699 σατε
438 3647 637 3700 πάντα
667 3648 740 3699 τὰ
772 3646 916 3715 ἔθνη
942 3688 956 3712 ,
992 3644 1391 3711 βαπτίζοντες
1425 3645 1649 3711 αὐτοὺς
1681 3649 1769 3712 εὶς
1796 3646 1866 3701 τὸ

280 3738 459 3807 ὄνομα
516 3737 623 3791 τοῦ
672 3736 926 3805 Πατρός,
970 3736 1202 3791 καὶτοῦ
1238 3735 1395 3803 Υἱοῦ,
1427 3734 1656 3790 καὶτοῦ
1688 3736 1863 3807 ἁγίου

281 3832 648 3899 Πνεύματος.

347 3920 625 3974 Συνόδου
660 3918 1360 3985 Κωνσταντινουπό.1εως
1390 3917 1596 3972 κανὼν
1620 3924 1673 3970 a'
1693 3959 1709 3985 ,
1730 3924 1793 3973 ε’.

346 4014 414 4067 α’.
442 4013 539 4084 Μὴ
568 4012 881 4067 ἀθετεῖσθαι
924 4012 1023 4082 τὴν
1067 4012 1249 4065 πίστιν
1275 4009 1387 4065 τῶν
1434 4011 1720 4082 Πατέρων,
1760 4011 1869 4066 τῶν

282 4117 402 4180 τιη’,
428 4108 540 4163 τῶν
565 4110 623 4161 ὲν
652 4108 860 4179 Νικαίᾳ
891 4108 989 4177 τῆς
1028 4106 1285 4170 Βιθυνίας
1313 4105 1697 4173 συνελθόντων,
1734 4106 1871 4161 ἀλλὰ

286 4202 462 4272 μένειν
497 4201 714 4271 ἐκείνην
740 4199 959 4270 κυρίαν,
1008 4199 1103 4251 καὶ
1142 4196 1648 4266 ἀναθεματισθῆναι
1685 4201 1870 4253 πᾶσαν

284 4294 494 4364 αἵρεσιν
525 4311 539 4326 ·
598 4293 695 4346 καὶ
748 4289 1071 4360 ίδικῶς,τὴν
1123 4289 1232 4343 τῶν
1266 4288 1638 4359 Εὑνομιανῶν,
1692 4290 1871 4344 εῐτουν

283 4385 595 4458 ’Ᾱνομοίωνο
622 4385 718 4439 καὶ
746 4385 842 4457 τὴν
861 4384 971 4437 τῶν
986 4382 1303 4455 Ἀρειανῶν,
1320 4382 1497 4435 εἴτουν
1508 4380 1867 4446 Εὐδοξιανῶν·

283 4479 372 4531 καὶ
404 4478 505 4549 τὴν
558 4477 669 4530 τῶν
710 4476 1047 4548 Ἦμιαρείων
1068 4516 1082 4541 ,
1118 4476 1297 4528 είτουν
1335 4473 1822 4545 Πλευματομάχων
1852 4488 1868 4504 ⁸

285 4572 374 4625 καὶ
388 4570 489 4642 τὴν
502 4570 612 4624 τῶν
630 4567 1027 4631 Σαδελλιανῶν,
1050 4567 1146 4622 καὶ
1171 4567 1271 4638 τὴν
1288 4567 1396 4619 τῶν
1415 4564 1868 4638 Μαρκελλιανῶν,

286 4664 372 4717 καὶ
403 4664 507 4731 τὴν
539 4662 649 4717 τῶν
695 4660 1093 4726 Φωτεινιανῶν,
1139 4660 1235 4714 καὶ
1280 4658 1381 4731 τὴν
1429 4657 1539 4712 τῶν
1584 4656 1871 4712 Ἀπολινα-

287 4754 506 4824 ριανῶν.

350 4844 412 4899 ε’.
437 4844 573 4915 Περὶ
600 4843 695 4898 τοῦ
722 4844 891 4914 τόμου
918 4845 1027 4898 τῶν
1061 4843 1306 4897 Δυτικῶν
1328 4841 1425 4896 καὶ
1453 4841 1554 4911 τῆς
1577 4841 1873 4907 ὲνξἊντιο-

287 4936 422 5006 χείᾳ,
452 4934 839 5005 ἀπεδεξάμεθα
870 4937 999 5000 τοὺς
1045 4936 1174 5006 μίαν
1206 4931 1605 5006 ὁμολογοῦντας
1636 4929 1873 5003 Πατρὶς,

287 5029 373 5081 καὶ
404 5026 561 5096 Υίοῦ,
592 5027 688 5081 καὶ
712 5026 869 5096 ἁγίου
904 5025 1224 5097 Πνεύματος
1251 5024 1507 5093 θεότητα.

611 5137 885 5193 Συνόδου
938 5136 1192 5206 Ἐφέσου
1233 5133 1436 5189 κανὼν
1468 5133 1532 5198 ζ’.

354 5229 421 5294 ζ’.
454 5229 674 5283 Τούτων
700 5228 881 5282 τοίνυν
934 5225 1416 5294 ἀναγνωσθέντων,
1441 5222 1643 5294 ὥρισεν
1672 5222 1706 5292 ἡ
1739 5219 1871 5290 ἁγία

1894 3891 1945 3952 Β

1966 2545 2126 2599 doma.

2310 2634 2695 2705 Apostolorum
2722 2649 2949 2688 canones
2976 2634 3065 2699 49,
3101 2633 3216 2694 50.,

2030 2727 2120 2783 49.
2153 2724 2269 2798 [48]
2301 2725 2358 2781 Si
2395 2724 2520 2795 quis
2553 2723 2852 2794 episcopus
2901 2723 2985 2777 vel
3023 2723 3308 2793 presbyter
3350 2738 3414 2777 ex
3444 2721 3553 2777 Do—

1960 2818 2094 2874 mini
2122 2816 2468 2873 ordinatione
2497 2830 2605 2869 non
2624 2815 3059 2884 baptizaveritin
3087 2817 3311 2871 nomine
3343 2815 3549 2881 Patris,

1960 2920 2014 2969 et
2042 2910 2189 2979 Filii,
2220 2920 2275 2965 et
2301 2908 2540 2979 Spiritus
2564 2909 2762 2973 sancti,
2784 2910 2879 2964 sed
2909 2909 2963 2963 in
2987 2908 3152 2963 trium
3175 2908 3424 2978 principii
3454 2925 3554 2963 ex-

1962 3003 2222 3076 pertium,
2249 3002 2334 3057 vel
2364 3001 2529 3056 trium
2556 3001 2815 3067 ﬁliorum,
2836 3001 2919 3058 vel
2939 3003 3105 3057 trium
3128 3000 3554 3070 paracletorum,

1963 3094 2295 3164 deponatur.

2037 3183 2124 3238 50.
2155 3182 2269 3256 [49]
2295 3182 2353 3238 Si
2380 3183 2506 3254 quis
2536 3183 2836 3253 episcOpus
2864 3183 2948 3237 vel
2986 3182 3294 3254 presbyter,
3326 3197 3436 3236 non
3455 3182 3557 3236 tria

1967 3277 2138 3333 unius
2198 3277 2446 3349 mysterii
2500 3277 2829 3345 baptismata
2874 3275 3196 3346 perfecerit,
3244 3276 3338 3331 sed
3388 3292 3558 3328 unum

1964 3375 2320 3444 baptismum,
2345 3370 2439 3440 qui
2465 3370 2627 3424 datur
2660 3370 2713 3423 in
2762 3379 2995 3423 mortem
3031 3367 3272 3435 Domini,
3315 3369 3556 3437 depona-

1968 3476 2075 3521 tur.
2116 3467 2237 3520 Non
2284 3466 2429 3520 enim
2468 3464 2605 3518 dixit
2647 3463 2911 3517 Dominus
2957 3482 2971 3517 :
3008 3462 3065 3516 ln
3099 3470 3333 3516 mortem
3381 3476 3560 3515 meam

1966 3560 2239 3630 haptizate
2283 3559 2445 3623 :sed,
2504 3557 2853 3611 Ambulantes
2905 3557 3085 3610 docete
3132 3572 3308 3609 omnes
3353 3562 3561 3623 gentes,

1968 3652 2299 3716 baptizantes
2325 3652 2463 3720 ipsos
2500 3652 2555 3704 in
2605 3651 2814 3704 nomine
2846 3647 3051 3715 Patris,
3084 3657 3132 3701 et
3163 3646 3321 3709 Filii,
3349 3655 3398 3700 et
3442 3642 3566 3713 Spi-

1969 3744 2105 3799 ritus
2135 3744 2308 3797 sancti
2344 3747 2385 3796 ⁸.

2123 3920 2355 3977 Concilii
2390 3916 2978 3987 Constantinopolitani
3016 3931 3243 3968 canones
3269 3914 3325 3976 i,
3364 3913 3420 3967 5.

2044 4018 2096 4073 1.
2116 4015 2516 4069 Trecentorum
2544 4011 2735 4066 decem
2764 4019 2818 4066 et
2850 4019 2974 4064 octo
2996 4007 3224 4063 Patrum
3254 4007 3348 4074 qui
3374 4004 3569 4059 Nicaate

1971 4111 2349 4161 convenerunt
2389 4103 2546 4156 ﬁdem
2594 4116 2704 4155 non
2757 4100 3035 4171 abrogari,
3096 4096 3193 4153 sed
3249 4096 3463 4150 ﬁrmam
3501 4110 3567 4148 ac

1972 4197 2224 4253 stabilem
2253 4209 2474 4250 manere
2503 4202 2779 4262 oportere,
2819 4201 2873 4246 et
2896 4204 3117 4244 omnem
3150 4188 3403 4243 lneresim
3434 4203 3569 4241 ana-

1974 4287 2342 4349 thematizari,
2418 4282 2806 4353 ctspecialiter
2867 4280 3340 4334 Eunomianorum
3378 4318 3392 4340 ,
3454 4277 3569 4330 sive

1973 4385 2384 4444 Anoma’orum,
2415 4388 2469 4431 et
2494 4377 2848 4439 Arianorum,
2872 4376 2923 4443 2
2951 4374 3066 4428 sive
3098 4370 3565 4431 Eudoxianorum,

1973 4482 2027 4527 et
2061 4470 2554 4530 Semiarianornm,
2609 4466 2724 4520 sive
2783 4463 3030 4534 Spiritus
3061 4461 3234 4516 sancti
3306 4461 3567 4515 adversa-

1973 4563 2208 4622 riorum,
2260 4568 2314 4613 et
2371 4556 2956 4620 Marcellianorum,et
3004 4552 3482 4612 Pltotiuianorum,
3515 4556 3570 4599 ιιι

1975 4652 2527 4724 Apollinaristarum.

2044 4833 2100 4888 5.
2121 4832 2195 4888 De
2209 4830 2392 4885 libello
2422 4829 2497 4899 (1)
2526 4825 2985 4889 Occidentalium,
3008 4824 3170 4879 etiam
3198 4836 3295 4878 eos
3320 4820 3568 4889 suscepi-

1973 4942 2117 4991 mus,
2141 4925 2234 4996 qui
2265 4921 2573 4979 Antiochiae
2601 4934 2765 4974 unam
2798 4917 2999 4985 Patris,
3029 4925 3084 4971 et
3118 4914 3240 4969 Filii
3303 4924 3357 4970 et
3391 4911 3570 4982 Spiri-

1983 5030 2070 5075 tus
2094 5017 2270 5075 sancti
2292 5016 2551 5071 deitatem
2588 5012 2941 5068 conﬁtentur.

2384 5122 2609 5179 Consilii
2644 5121 2894 5190 Epltesini
2921 5134 3089 5173 canon
3127 5116 3179 5170 7.

2048 5219 2099 5272 7.
2122 5217 2218 5274 His
2235 5218 2401 5289 igitur
2418 5215 2698 5286 perlectis,
2720 5213 2911 5268 statuit
2933 5219 3120 5267 sancta
3147 5207 3411 5280 synodus.
3436 5205 3576 5257 alte-

292 5287 502 5384 σύνοδος
551 5319 747 5392 ἑτέραν
776 5318 964 5373 πίστιν
996 5287 1198 5391 μῆδηνὶ
1246 5287 1452 5382 ἐξεῖναι
1491 5287 1912 5388 -προσφῠέρενινλ

1982 5326 2102 5367 ram
2138 5287 2301 5366 ﬁdem
2332 5307 2537 5363 nemini
2567 5305 2731 5363 licere
2758 5302 3030 5377 proferre,
3062 5309 3153 5355 aut
3187 5297 3557 5360 conscribere,

365 5496 379 5526 ¹
415 5491 605 5549 Matth.
634 5506 824 5559 xxvnt,
859 5491 947 5548 19.

1809 5601 2049 5660 NOTAE.

368 5742 443 5814 (1)
474 5742 847 5801 Deﬁnitioncm
882 5742 1123 5815 intellige
1147 5740 1270 5800 ﬁdei
1303 5739 1537 5800 Nicaeus:
1570 5741 1638 5801 ab
1658 5739 1932 5813 episcOpis
1958 5738 2146 5799 Occid.
2176 5735 2419 5795 Sardicte
2443 5735 2739 5800 ﬁrmatam,
2769 5736 2905 5787 teste
2939 5724 3294 5782 Balsamone.
