4122 6486
456 353 562 421 443

1623 355 1887 419 ΡΗΟΤΙῙ
1924 355 2431 424 PATRIARCH/E
2470 364 2577 426 (ΣΡ.

3603 368 3712 429 444

455 486 554 533 aut
595 490 944 546 componere,
985 485 1181 547 praeter
1224 476 1501 532 deﬁnitam
1534 490 1567 532 a
1620 474 1829 532 sanctis
1853 474 2027 529 Patri-

2132 476 2298 545 ἦγουν
2318 479 2708 553 συγγράφεινῆ
2740 479 3071 547 συντιθέναι,
3089 482 3241 552 παρά
3266 482 3364 552 τὴν
3394 483 3727 553 ὁρισθεῖσαν

457 568 561 623 bus
615 567 709 635 qui
755 567 813 622 in
855 565 1039 623 Nicaea
1077 582 1202 623 cum
1235 566 1438 638 Spiritu
1486 574 1678 622 sancto
1716 564 2032 637 congregati

456 658 696 713 fuerunt.

740 748 970 804 Com-itii
1008 749 1443 820 Carthaginensis
1479 762 1650 802 canon
1682 748 1737 801 2.

528 841 583 895 2.
620 841 692 895 De
710 839 971 896 Trinitate
994 843 1354 911 pradicanda,
1393 840 1709 895 universum
1742 837 2035 893 concilium

457 933 637 989 dixit:
681 934 789 990 Deo
820 934 1095 1005 propitio,
1139 936 1254 1005 pari
1290 934 1634 1005 professione
1680 932 1813 987 ﬁdes
1863 933 2037 985 eccle-

458 1026 710 1090 siastica,
739 1041 859 1095 quae
893 1041 992 1096 per
1023 1040 1125 1081 nos
1150 1025 1385 1080 traditur
1427 1025 1481 1079 in
1515 1025 1620 1080 hoc
1647 1032 1791 1080 coetu
1832 1024 2033 1093 glorio-

458 1130 521 1170 so
541 1155 558 1181 ,
590 1115 846 1185 primitus
878 1115 1186 1171 conﬁtenda
1217 1124 1333 1183 est;
1369 1122 1500 1170 tunc
1527 1115 1747 1169 demum
1789 1115 1922 1168 ordo
1947 1129 2036 1168 ec-

457 1208 796 1264 clesiasticus
835 1208 1176 1277 singulorum
1222 1222 1289 1262 ex
1335 1222 1608 1263 consensu
1655 1207 1902 1261 omnium
1949 1212 2035 1261 est

456 1300 843 1355 asservandus.
890 1300 973 1355 Ad
1014 1300 1450 1357 corroborandas
1486 1309 1667 1354 autem
1706 1298 1932 1353 fratrum
1978 1308 2031 1355 et

456 1390 902 1460 coepiscoporum
932 1401 1249 1447 nostrorum
1285 1406 1463 1461 nuper
1484 1401 1856 1461 promotorum
1880 1406 2034 1444 men-

458 1489 576 1545 tes,
626 1495 690 1533 ea
722 1482 1074 1549 proponenda
1118 1490 1277 1545 sunt,
1329 1494 1451 1549 quze
1498 1495 1527 1533 a
1577 1478 1833 1534 Patribus
1883 1490 2032 1533 certa

455 1571 818 1640 dispositione
844 1574 1179 1642 accepimus,
1205 1580 1266 1627 ut
1293 1570 1581 1627 Trinitatis
1607 1608 1622 1632 ,
1646 1586 1805 1639 quam
1829 1570 2033 1625 nostris

458 1663 513 1717 in
541 1664 798 1720 sensibus
825 1674 1198 1720 consecratam
1228 1665 1548 1729 retinemus,
1579 1663 1778 1729 Patris,
1810 1672 1863 1716 et
1886 1660 2028 1724 Filii,

458 1764 512 1809 et
553 1753 791 1825 Spiritus
819 1756 995 1811 sancti
1035 1757 1296 1811 unitatem
1321 1795 1338 1820 ,
1387 1772 1508 1825 quae
1543 1755 1745 1810 nullam
1786 1755 2032 1809 noscitur

458 1846 657 1901 habere
683 1847 1040 1902 diﬁ'erentiam
1063 1888 1078 1912 ,
1114 1847 1275 1902 sicuti
1307 1847 1631 1909 didicimus,
1684 1847 1756 1901 ita
1800 1847 1891 1901 Dei
1928 1862 2025 1914 po-

458 1936 615 2005 pulos
684 1938 1045 1992 instruamus.
1118 1935 1247 1991 item
1306 1937 1374 1991 ab
1430 1936 1698 1991 universis
1753 1936 2026 2004 episcopis

459 2042 634 2095 nuper
658 2027 923 2096 promotis
954 2026 1156 2081 dictum
1197 2034 1281 2081 est
1312 2044 1325 2079 :
1370 2025 1538 2079 Plane
1567 2026 1648 2079 sic
1681 2024 2024 2093 accepimus,

457 2114 539 2168 sic
571 2123 817 2169 tenemus
845 2152 861 2177 ,
894 2115 974 2168 sic
995 2113 1287 2176 docemus,
1322 2113 1480 2167 ﬁdem
1505 2112 1870 2183 evangelicam
1901 2125 2024 2166 cum

456 2211 637 2259 vestra
666 2202 913 2259 doctrina
944 2210 1255 2272 sequentes.

595 2403 821 2461 Coneilt't'
869 2403 1174 2457 moumenict'
1218 2418 1269 2457 νι
1315 2418 1539 2455 canones
1570 2402 1590 2454 l
1617 2441 1632 2465 ,
1662 2401 1762 2467 75»,
1796 2400 1886 2455 8i.

530 2497 579 2549 l.
612 2495 759 2550 Ordo
779 2504 862 2549 est
885 2496 1127 2564 optimus
1145 2493 1217 2557 ei,
1235 2493 1329 2564 qui
1343 2507 1559 2548 omnem
1585 2494 1885 2548 orationem
1903 2502 1956 2547 et
1974 2493 2026 2565 3

455 2602 571 2641 rem
598 2586 805 2655 incipit,
831 2595 885 2640 et
909 2602 939 2641 a
974 2585 1084 2640 Deo
1121 2585 1436 2654 incipere,et
1468 2585 1521 2639 in
1559 2585 1724 2640 Deum
1754 2586 2023 2652 desinere,

455 2685 518 2730 ut
537 2675 668 2731 dicit
692 2674 1026 2745 Theologus.
1061 2673 1331 2741 Quocirca
1369 2689 1494 2729 cum
1523 2684 1578 2729 et
1616 2675 1789 2744 pietas
1816 2690 1846 2729 a
1871 2676 2028 2731 nobis

454 2769 603 2822 clare
655 2767 1000 2837 praedicetur,
1039 2774 1093 2821 et
1122 2766 1386 2834 Ecclesia,
1417 2766 1472 2821 in
1504 2781 1612 2837 qua
1657 2767 1909 2823 Christus
1944 2777 2030 2823 est

456 2858 897 2923 fitttdatnentum,
945 2858 1166 2914 assidue
1205 2868 1491 2929 augeatur,
1523 2874 1589 2913 ac
1620 2869 2027 2928 promoveatur,
2054 2848 2081 2917 ﬁt".

455 2959 516 3003 ut
548 2966 610 3005 ea
641 2966 806 3020 supra
840 2949 1035 3005 cedros
1083 2949 1275 3005 Libani
1322 2951 1616 3006 extollatur
1649 2969 1663 3006 :
1698 2959 1754 3005 et
1770 2966 1915 3006 nunc
1941 2966 2031 3005 sa-

454 3058 580 3098 cros
601 3057 837 3099 canones
856 3043 1152 3107 ordientes,
1180 3042 1472 3098 statuimus
1492 3042 1650 3098 ﬁdem
1677 3058 1707 3098 a
1732 3040 1897 3097 Verbi
1926 3043 2030 3097 mi-

2141 569 2291 637 παρά
2339 569 2450 622 τῶν
2510 572 2681 637 ἀγίων
2747 571 3007 640 Πατέρων
3053 571 3161 624 τῶν
3216 574 3274 625 ὲν
3340 577 3406 645 τῇ
3458 575 3709 629 Νικαέων

2140 659 2512 729 συναχθέντων
2563 662 2662 713 σὺν
2686 661 2824 730 ἁγίῳ
2848 660 3147 729 Πνεύματι.

2384 751 2652 806 Συνόδου
2700 750 3117 820 Καρθαγέτνης
3156 750 3357 803 κανὼν
3385 751 3467 816 β’.

2208 840 2274 910 β’.
2294 842 2433 911 Περὶ
2459 844 2790 910 κηρυκτέας
2819 842 2929 911 τῆς
2954 843 3126 911 ἁγίας
3163 842 3422 910 Τριάδος,
3449 842 3709 912 σύμπασα

2132 933 2167 1003 ἡ
2207 932 2423 997 σύνοδος
2445 928 2619 986 εἶπενο
2652 934 2908 996 Θέλοντος
2946 932 3041 987 τοῦ
3087 932 3244 997 Θεοῦ,
3275 934 3363 1003 ἴση
3393 933 3648 1003 ὁμολογίᾳ
3674 934 3709 1002 ἠ

2135 1023 2564 1095 ὲκκλησιαστικὴ
2612 1024 2793 1085 πίστις
2846 1024 2879 1095 ἡ
2912 1024 2981 1076 δι’
3008 1022 3166 1095 ήμῶν
3214 1024 3616 1094 παραδιδομένη
3650 1024 3713 1075 ἐν

2132 1116 2306 1187 ταύτῃ
2336 1118 2402 1186 τῇ
2427 1115 2619 1183 ἐνδόξῳ
2640 1114 2949 1167 συνελεύσει
2971 1113 3343 1184 πρωτοτύπως
3374 1115 3713 1186 ὁμολογητέα.

2134 1200 2272 1255 ἐστί.
2334 1202 2676 1265 Βεϐαιωτέας
2741 1201 2799 1255 δὲ
2858 1202 2957 1264 τὰς
3003 1201 3112 1253 τῶν
3141 1201 3388 1270 ἀδελφῶν
3442 1204 3536 1257 καὶ
3586 1221 3716 1257 συν-

2134 1294 2447 1347 επισκόπων
2470 1293 2648 1363 ἡμῶν,
2674 1292 2781 1346 τῶν
2810 1293 3037 1362 ἔναγχος
3068 1295 3552 1364 χειροτονηθέντων
3591 1296 3712 1349 δια-

2133 1384 2281 1446 νοίας
2312 1401 2327 1414 ο
2362 1384 2533 1437 ταῦτα
2556 1385 2637 1436 δεῖ
2662 1384 2980 1454 προσθεῖναι
3010 1383 3046 1437 ἃ
3081 1385 3231 1454 παρά
3282 1386 3391 1438 τῶν
3448 1387 3711 1455 Πατέρων

2136 1475 2330 1546 βεϐαίᾳ
2355 1475 2686 1528 διατυπώσει
2722 1475 3127 1545 παρελάϐομεν,
3163 1474 3303 1528 ὥστε
3327 1476 3424 1543 τῆς
3453 1476 3707 1544 Τριάδος,

2131 1567 2374 1620 τουτέστι
2421 1566 2515 1619 τοῦ
2562 1567 2796 1636 Πατρός,
2847 1566 2945 1619 καὶ⁵
2980 1566 3075 1619 τοῦ
3112 1566 3265 1631 Υίοῦ,
3296 1567 3390 1619 καὶ
3422 1566 3515 1619 τοῦ
3550 1567 3709 1632 ἁγίου

2133 1657 2446 1727 Πνεύματος
2471 1659 2570 1727 τὴν
2591 1659 2949 1727 ὲνότητα,τὴν
2975 1657 3242 1730 μηδεμίαν
3270 1656 3414 1727 ἔχειν
3444 1658 3709 1727 διαφορὰν

2142 1750 2553 1819 γινωσκομένην
2582 1766 2597 1780 ·
2633 1750 2700 1819 ἥν
2732 1751 2850 1812 ταῖς
2882 1750 3179 1819 ἡμετέραις
3219 1748 3478 1810 διανοίαις
3505 1749 3709 1814 ἐγκαθ-

2135 1841 2453 1911 ιερωθεῖσαν
2484 1840 2786 1909 κατέχομεν
2822 1858 2836 1872 ·
2868 1840 2967 1892 καὶ
3009 1838 3195 1901 καθὼς
3244 1838 3543 1908 ἐμάθομεν,
3566 1837 3709 1891 οὕτω

2125 1933 2254 1994 τοὺς
2280 1931 2443 1994 λαοὺς
2458 1930 2554 1984 τοῦ
2583 1931 2720 1984 Θεοῦ
2747 1930 3068 1999 διδάξωμεν.
3104 1929 3335 1999 Ὁμοίως
3363 1928 3471 1982 ἀπὸ
3493 1929 3711 1982 πάντων

2124 2020 2233 2076 τῶν
2267 2023 2585 2075 ἐπισκόπων
2623 2020 2731 2075 τῶν
2772 2020 3003 2090 ἔναγχος
3048 2020 3455 2090 προαχθέντων,
3508 2019 3706 2089 ἐλέχθη

2128 2113 2379 2182 φανερῶς
2405 2128 2420 2141 ·
2457 2110 2643 2174 Οὕτως
2673 2110 2963 2181 δεχόμεθα,
2983 2110 3155 2174 οὕτως
3186 2111 3510 2179 κατέχομεν,
3537 2109 3711 2174 οὓτως

2126 2204 2471 2274 διδάσκομεν,
2499 2206 2565 2275 τῇ
2580 2203 2759 2257 πίστει
2783 2207 2849 2276 τῇ
2876 2204 3211 2276 εύαγγελικῇ
3242 2205 3357 2276 ἀμα
3384 2206 3449 2275 τῇ
3469 2204 3710 2274 ὑμετέρᾳ

2124 2298 2447 2369 διδασκαλίᾳ
2486 2297 2762 2367 ἑπόμενοι.

2195 2413 2468 2467 Συνόδου
2494 2410 2916 2480 οἱκουμενικῆς
2952 2416 3027 2475 ς’,
3055 2409 3254 2464 κανὼν
3283 2415 3357 2476 α’,
3387 2408 3492 2479 στ’,
3515 2408 3633 2464 rta'.

2198 2510 2269 2559 α’.
2303 2503 2470 2567 Τάξις
2509 2503 2708 2572 ἀρίστη
2740 2502 2938 2565 παντὸς
2968 2501 3270 2572 ἀρχομένου
3303 2501 3397 2553 καὶ
3421 2500 3578 2568 λόγου
3616 2500 3709 2553 καὶ¹

2126 2595 2474 2665 πράγματος,
2509 2595 2575 2646 ἐκ
2607 2592 2744 2647 Θεοῦ
2775 2611 2834 2647 τε
2858 2593 3120 2664 ἄρχεσθαι
3153 2595 3250 2646 καὶ
3282 2593 3362 2655 είς
3394 2592 3526 2646 Θεὸν
3574 2594 3707 2647 ἀνα-

2128 2686 2417 2747 παύεσθαι,
2445 2687 2589 2740 κατὰ
2618 2686 2718 2756 τὴν
2749 2685 2997 2751 θεολόγον
3030 2686 3213 2754 φωνήν
3243 2702 3255 2715 ο
3293 2684 3417 2738 ὅθεν
3473 2685 3570 2738 καὶ
3612 2686 3707 2753 τῆς

2128 2778 2409 2841 εὐσεϐείας
2446 2778 2541 2846 ὑφ’
2567 2776 2724 2847 ἡμῶν
2761 2777 2860 2847 ἤδη
2905 2777 3243 2845 διαπρυσίως
3278 2776 3705 2846 κηρυττομένης,

2128 2869 2223 2923 καὶ
2266 2868 2370 2938 τῆς
2440 2867 2767 2939 Ἐκκλησίας
2814 2861 2967 2941 ὲφ*ᾖ
3011 2867 3245 2936 Χριστὸς
3294 2866 3706 2937 τεθεμελίωται,

2126 2958 2388 3030 διηνεκῶς
2408 2958 2746 3028 αὑξανούῇς
2780 2958 2875 3011 καὶ
2899 2957 3346 3029 προκοπτούσης,
3380 2958 3455 3022 ὡς
3479 2958 3586 3011 τῶν
3615 2957 3710 3012 τοῦ

2127 3051 2363 3106 Λιϐάνου
2414 3050 2621 3118 κέδρων
2651 3049 2854 3119 ταύτην
2906 3047 3396 3118 ὑπερεκτείνεσθαι
3422 3065 3436 3079 ο
3465 3043 3581 3100 ’καὶ
3613 3047 3710 3099 νῦν

457 3133 666 3193 nistt'is,
701 3133 905 3202 quique
966 3133 1142 3200 ipsum
1184 3132 1299 3187 suis
1341 3133 1515 3186 oculis
1576 3133 1852 3196 viderunt,
1913 3143 1967 3188 et
1999 3148 2027 3187 a

2132 3142 2308 3212 ἀρχὴν
2356 3142 2465 3195 τῶν
2500 3141 2664 3210 ίερῶν
2726 3140 3043 3210 ποιούμενοι
3099 3139 3292 3207 λόγων,
3348 3139 3532 3210 χάριτι
3590 3138 3711 3211 θείᾳ

461 3226 569 3279 Deo
592 3225 746 3279 electi
780 3233 927 3288 sunt,
958 3223 1221 3293 apostolis
1270 3223 1547 3288 traditam,
1579 3224 1714 3278 citra
1744 3225 1912 3277 ullam
1940 3225 2028 3278 in-

457 3317 799 3371 novationem
830 3316 1355 3386 immutabiliterque
1398 3331 1461 3372 ac
1498 3315 1882 3371 inviolabiliter
1906 3333 2028 3372 esse

456 3408 805 3465 servandam.
838 3407 1108 3462 Prmtcrea
1140 3417 1321 3462 autem
1356 3418 1409 3462 et
1445 3418 1810 3463 trecentorum
1842 3411 2027 3464 decem

455 3510 511 3556 et
539 3511 664 3556 octo
695 3510 1007 3557 sanctorum
1036 3500 1259 3555 Patrum
1288 3502 1379 3571 qui
1406 3500 1613 3556 Nicaeae
1654 3513 2031 3558 convenerunt

456 3596 559 3651 sub
585 3595 964 3659 Constantino,
1003 3595 1093 3661 qui
1134 3594 1236 3648 fuit
1265 3605 1451 3649 noster
1481 3595 1802 3663 imperator,
1839 3594 2031 3649 adver-

457 3702 551 3741 sus
576 3686 800 3756 impium
819 3686 1029 3749 Arium,
1048 3686 1369 3754 etgentilem
1394 3684 1461 3738 ab
1485 3700 1551 3737 eo
1574 3684 2028 3751 dogmatizantem

457 3777 675 3831 deitatis
708 3777 1101 3839 diversitatem,
1132 3776 1215 3829 vel
1250 3778 1473 3829 deorum
1514 3776 1720 3843 potius,
1761 3783 1820 3829 ut
1851 3775 2031 3844 aptius

457 3870 656 3931 dicam,
726 3866 1126 3922 multitudinem
1177 3884 1191 3922 :
1240 3867 1333 3935 qui
1393 3866 1553 3920 nobis
1603 3866 1844 3920 unanimi
1908 3868 2031 3921 ﬁdei

458 3959 735 4028 agnitione
794 3956 1446 4021 consubstantialitatem,
1510 3956 1565 4010 in
1611 3956 1788 4011 tribus
1835 3958 2033 4011 divime

459 4062 667 4105 naturae
691 4050 1120 4106 consistentibus
1155 4049 1426 4118 personis,
1463 4056 1518 4103 et
1553 4048 1954 4109 revelaverunt.
1979 4058 2034 4103 et

457 4143 824 4207 declararunt,
843 4143 985 4197 banc
1000 4143 1103 4197 sub
1119 4142 1435 4211 ignorantiae
1459 4142 1644 4195 modio
1656 4144 2028 4197 absconditam

456 4250 579 4289 esse
609 4250 715 4289 non
747 4233 1130 4301 sinentes;sed
1164 4232 1401 4296 Patrem,
1431 4241 1486 4287 et
1524 4231 1744 4298 Filium,
1778 4242 1833 4287 et
1856 4234 2029 4303 Spiri-

456 4334 569 4381 tum
595 4334 842 4381 sanctum
872 4340 982 4379 una
1011 4323 1331 4379 adoratione
1362 4324 1547 4380 ﬁdeles
1582 4324 1813 4380 adorare
1846 4335 2033 4394 aperte

453 4418 747 4487 docentes;
782 4426 837 4473 et
870 4418 940 4473 ab
979 4417 1252 4474 haereticis
1299 4432 1368 4472 ex
1402 4433 1567 4474 arena
1593 4427 1907 4473 constructa
1930 4420 2028 4474 ad-

2128 3233 2384 3306 όρίζομεν
2406 3231 2811 3301 ἀκαινοτόμητά
2830 3247 2889 3283 τε
2903 3231 2995 3283 καὶ
3016 3230 3387 3300 ἀπαράτρωτα
3421 3229 3711 3299 φυλάττειν

2129 3326 2229 3397 τὴν
2258 3324 2653 3396 παραδοθεῖσαν
2681 3324 2862 3376 πίστιν
2900 3323 3032 3391 ἡμῖν
3062 3320 3170 3373 ὑπό
3199 3338 3257 3373 τε
3290 3320 3400 3373 τῶν
3421 3319 3708 3373 αὐτοπτῶν

2132 3421 2226 3473 καὶ
2256 3417 2545 3489 ὑπηρετῶν
2567 3414 2660 3469 τοῦ
2694 3416 2886 3483 Λόγου,
2913 3415 3021 3468 τῶν
3047 3414 3343 3484 θεοκρίτων
3372 3413 3709 3476 ἀποστόλων,

2131 3510 2211 3563 ἔτι
2232 3511 2288 3563 δὲ
2325 3510 2419 3563 καὶ
2440 3508 2548 3561 τῶν
2568 3504 2671 3577 τιη¹
2698 3506 2869 3574 ἁγίων
2886 3506 2979 3557 κα)⁸
3011 3505 3295 3574 μακαρίων
3327 3504 3584 3574 Πατέρων
3604 3504 3711 3557 τῶν

2133 3603 2191 3655 ὲν
2223 3601 2426 3671 Νικαίᾳ
2452 3598 2833 3664 συνελθόντων,
2866 3598 2959 3650 ἐπὶ
2998 3596 3413 3649 Κωνσταντίνου
3436 3596 3529 3649 τοῦ
3560 3612 3711 3663 γενο-

2135 3691 2295 3763 μένου
2317 3691 2473 3763 ἡμῶν
2501 3690 2782 3760 βασιλέως,
2813 3686 2955 3741 κατά
2996 3687 3207 3756 Ἀρείου
3242 3686 3335 3740 τοῦ
3392 3686 3709 3751 δυσσεϐοῦς,

2132 3784 2348 3853 καὶτῆς
2375 3783 2503 3851 παρ’
2537 3782 2700 3835 αὐτοῦ
2740 3780 3197 3849 δογματισθείσης
3249 3779 3472 3849 ὲθνικῆς
3523 3781 3711 3849 ἑτερο-

2133 3872 2357 3942 θεῖας,ἦ
2389 3872 2676 3935 πολυθεῒας
2708 3874 2880 3925 εἰπεῖν
2906 3870 3254 3938 οἰκειότερον,
3287 3870 3338 3922 οἳ
3371 3873 3436 3940 τῇ
3465 3872 3713 3940 ὁμογνω-

2134 3961 2340 4031 μοσύνῃ
2368 3962 2466 4031 τῆς
2507 3962 2760 4027 πίστεως,
2811 3959 2873 4012 τὸ
2922 3958 3206 4029 όμοούσιον
3262 3961 3396 4030 ἡμῖν
3457 3960 3550 4011 ἐπὶ
3605 3959 3713 4013 τῶν

2129 4050 2298 4119 τριῶν
2325 4051 2424 4119 τῆς
2455 4050 2754 4120 θεαρχικῆς
2806 4049 3022 4118 φύσεως
3076 4049 3446 4112 ὑποστάσεων,
3500 4048 3711 4101 ἀπεκά-

2130 4142 2303 4213 λυψάν
2345 4160 2407 4195 τε
2449 4144 2543 4196 καὶ
2576 4143 2944 4213 διετράνωσαν
2978 4158 2993 4172 ο
3047 4142 3121 4214 μὴ
3175 4141 3579 4211 ἐπικεκρύφθαι
3635 4139 3713 4210 τῷ

2134 4235 2301 4306 μοδίῳ
2316 4237 2414 4305 τῆς
2433 4235 2704 4304 ἀγνωσίας
2727 4234 2881 4287 τοῦτο
2912 4235 3433 4305 παραχωρήσαντες,
3455 4234 3590 4287 ἀλλά
3621 4234 3713 4287 τὸν

2132 4325 2377 4397 Πατέρα,
2403 4327 2500 4379 καὶ
2530 4326 2623 4379 τὸν
2670 4325 2819 4390 Υἰὸν,
2850 4325 2945 4379 καὶ
2976 4325 3037 4378 τὸ
3081 4324 3235 4394 ἅγιον
3270 4325 3512 4396 Πνεῦμα,
3547 4342 3716 4397 προσ⁴

2131 4420 2315 4471 κυνεῖν
2349 4419 2451 4489 μιᾷ
2489 4417 2895 4486 προσκυνήσει,
2941 4417 3067 4480 τοὺς
3129 4418 3355 4480 πιστοὺς
3411 4417 3713 4486 ἀναφανδὸν

452 4526 644 4565 versus
666 4519 869 4565 rectam
898 4510 1211 4581 opinionem
1245 4510 1475 4578 puerilia
1503 4509 1735 4566 ludibria
1765 4512 2031 4582 dejicien-

2136 4510 2533 4576 ἐκδιδάξαντες,
2593 4509 2687 4563 καὶ
2724 4511 2822 4580 τήν
2852 4526 2910 4561 τε
2939 4508 3053 4562 τῶν
3083 4509 3286 4561 ἀνίσων
3336 4508 3565 4579 βαθμῶν
3612 4512 3713 4581 τῆς

454 4611 538 4660 tes
582 4613 637 4659 et
695 4605 1097 4660 subvertentes.
1158 4603 1425 4658 Similiter
1481 4613 1537 4659 et
1583 4619 1727 4669 eam,
1767 4621 1890 4675 quae
1928 4606 2032 4661 sub

453 4695 761 4755 Theodosio
790 4696 1017 4765 majore,
1050 4697 1147 4767 qui
1172 4696 1273 4751 fuit
1301 4698 1821 4767 nosterimperator,
1844 4713 1873 4752 a
1898 4714 2032 4755 cen-

455 4796 567 4842 tum
607 4788 1001 4859 quinquaginta
1026 4789 1229 4843 sanctis
1255 4787 1532 4857 Patribus,
1562 4790 1657 4860 qui
1693 4790 1746 4844 in
1774 4791 1878 4846 bac
1897 4790 2032 4849 urbe

457 4879 755 4948 imperante
785 4887 1181 4943 convenerunt,
1228 4880 1525 4951 praedicata
1558 4890 1663 4948 est,
1703 4882 1861 4937 ﬁdem
1898 4898 2033 4937 con-

457 4970 767 5035 ﬁrmamus,
792 4971 859 5026 de
901 4971 1108 5041 Spiritu
1152 4984 1344 5027 sancto
1372 4988 1536 5028 voces
1563 4990 1685 5043 qum
1706 4990 1830 5028 eum
1856 4974 2027 5029 Deum

455 5077 577 5117 esse
623 5070 889 5125 statuunt,
921 5062 1335 5131 amplectentes,
1362 5072 1416 5118 et
1457 5065 1745 5134 profanum
1781 5065 2031 5120 Macedo-

457 5154 606 5207 nium
638 5168 744 5208 una
774 5169 896 5208 cum
931 5154 1212 5223 prioribus
1234 5156 1479 5211 veritatis
1503 5156 1740 5212 inimicis
1755 5158 2031 5226 expellen-

458 5255 572 5312 tes;
600 5254 661 5300 ut
681 5246 773 5316 qui
795 5261 921 5300 eum
971 5247 1064 5317 qui
1089 5246 1422 5312 dominatur,
1445 5264 1663 5304 servum
1686 5266 1809 5305 esse
1836 5251 2028 5306 decer-

457 5355 585 5394 nere
613 5354 784 5395 ausus
834 5339 940 5404 sit;
989 5348 1044 5394 et
1090 5339 1394 5396 insectilem
1433 5341 1696 5396 unitatem
1740 5357 1929 5396 secare
1974 5342 2030 5415 4

457 5430 728 5501 przedonis
750 5445 899 5490 more
923 5432 1178 5497 voluerit,
1203 5440 1263 5485 ut
1279 5447 1386 5485 non
1409 5441 1555 5487 esset
1576 5432 1878 5502 perfectum
1904 5433 2029 5487 fidei

460 5521 547 5594 [ϐ.
587 5521 726 5595 spei]
784 5532 987 5578 nostrae
1021 5526 1340 5594 mysterium
1374 5541 1389 5578 :
1417 5540 1524 5579 una
1572 5525 1735 5579 etiam
1764 5540 1887 5579 cum
1921 5526 2030 5579 isto

462 5617 649 5670 odioso
683 5631 748 5670 ac
802 5616 1141 5681 detestabili,
1191 5616 1393 5685 quique
1432 5616 1692 5673 adversus
1746 5617 2030 5673 veritatem

462 5706 563 5759 fuit
589 5707 740 5762 rabie
803 5708 1077 5776 percitus,
1147 5708 1312 5762 etiam
1361 5708 1728 5776 Apollinarem
1781 5711 2031 5779 ejusdem

461 5798 762 5868 iniquitatis
794 5808 1006 5870 mystcn
1059 5814 1168 5855 una
1220 5792 1644 5858 condemnantcs
1678 5821 1688 5857 :
1724 5804 1817 5871 qui
1854 5803 2035 5860 Domi-

2131 4605 2385 4676 θεότητος
2412 4603 2589 4669 δόξαν,
2618 4600 2940 4665 καθελόντες
2966 4601 3063 4655 καὶ
3092 4600 3493 4664 διασπάσαντες
3511 4617 3526 4631 ·
3554 4601 3624 4655 τά
3654 4618 3713 4655 τε

2130 4699 2237 4753 ὑπὸ
2260 4697 2372 4752 τῶν
2414 4696 2707 4769 αἱρετικῶν
2742 4695 3014 4749 συστάντα
3050 4695 3115 4747 ἐκ
3150 4694 3379 4765 ψάμμου
3421 4694 3563 4747 κατά
3613 4694 3713 4764 τῆς

2129 4789 2438 4860 ὀρθοδοξίας
2465 4786 2804 4859 μειρακιώδη
2844 4785 3159 4856 ἀθύρματα,
3197 4785 3597 4848 καταϐαλόντες
3618 4790 3713 4839 καὶ

2130 4880 2554 4952 ἀνατρέψαντες.
2587 4878 2866 4941 Ὡσαύτως
2891 4877 2949 4929 δὲ
2965 4877 3060 4930 καὶ
3088 4878 3188 4947 τὴν
3213 4878 3307 4930 ἐπὶ
3349 4876 3443 4930 τοῦ
3473 4878 3713 4946 μεγάλου

2129 4972 2408 5026 Θεοδοσίου
2445 4970 2542 5025 τοῦ
2570 4969 2866 5038 γενομένου
2902 4968 3062 5039 ἡμῶν
3112 4967 3400 5039 βασιλέως,
3452 4968 3558 5021 ὑπὸ
3603 4968 3714 5021 τῶν

2130 5066 2189 5118 ὲν
2212 5062 2385 5135 ταύτῃ
2417 5062 2647 5133 βασιλίδι
2680 5060 2832 5114 πόλει
2867 5060 3243 5131 συναχθέντων
3273 5056 3350 5131 ρν¹
3399 5058 3574 5126 ἁγίων
3602 5060 3714 5111 Πα-

2128 5156 2302 5227 τέρων
2354 5154 2723 5225 κηρυχθεῖσαν
2781 5151 2988 5216 πίστιν,
3043 5150 3383 5221 κρατύνομεν
3409 5166 3423 5180 ·
3453 5149 3554 5212 τὰς
3593 5149 3713 5202 θεο-

2130 5248 2323 5317 λόγους
2346 5246 2476 5315 περὶ
2512 5243 2607 5298 τοῦ
2661 5244 2821 5311 ἀγίου
2874 5243 3190 5312 Πνεύματος
3246 5241 3431 5310 φωνὰς
3474 5241 3716 5304 ἀσπαζό-

2137 5355 2311 5410 μενοι,
2362 5337 2457 5390 καὶ
2498 5336 2588 5389 τὸν
2638 5334 2863 5404 βέϐηλον
2920 5334 3251 5388 Μακεδόνων
3278 5334 3390 5396 τοῖς
3429 5334 3716 5402 προτέροις

2134 5430 2349 5501 ἐχθροῖς
2377 5430 2477 5498 τῆς
2507 5427 2764 5498 ἀληθείας
2790 5425 3268 5491 συνεξελαύνοντες
3287 5464 3305 5491 ,
3338 5425 3416 5486 ὡς
3442 5423 3631 5477 δοῦλον
3656 5424 3717 5477 τὸ

2135 5522 2393 5586 δεσπόζον
2427 5521 2677 5585 αὐθαδῶς
2714 5520 2935 5586 δοξάσαι
2959 5518 3329 5589 τολμήσαντα,
3383 5520 3477 5571 καὶ
3532 5516 3714 5586 σχίσαι

2134 5616 2233 5687 τὴν
2269 5615 2513 5686 ἄτμητον
2547 5613 2756 5683 Τριάδα
2781 5610 3092 5683 λῃστρικῶς
3123 5610 3485 5680 προελόμενον
3503 5625 3516 5638 ⁸
3544 5608 3622 5672 ὡς
3650 5609 3718 5662 ἂν

2140 5712 2215 5781 μὴ
2243 5709 2456 5771 ἐντελὲς
2480 5708 2612 5777 ἡμῖν
2648 5705 2709 5758 τὸ
2731 5706 2828 5775 τῆς
2872 5703 3086 5766 ἐλπίδος
3131 5704 3215 5773 εἴη
3264 5703 3563 5772 μυστήριον
3591 5713 3605 5728 °
3636 5700 3715 5768 παῖ)

2139 5799 2378 5872 βδελυρῷ
2420 5799 2594 5869 τούτῳ
2628 5801 2721 5854 καί
2751 5795 2894 5853 κατὰ
2920 5795 3024 5866 τῆς
3067 5794 3326 5867 ἀληθείας
3369 5793 3713 5865 λυττήσαντι,
