4122 6442
222 312 312 375 445

1124 303 1312 366 SYNT
1325 305 1526 375 \GMA
1554 304 1943 368 CANONUM.
1966 306 2182 367 —TIT-
2218 308 2268 379 Ι,
2301 306 2459 367 CAP.
2489 307 2539 367 Ι.

3252 268 3261 275 ’
3352 313 3461 379 tio

220 421 300 473 καὶ
344 412 723 483 ’Δπολινάριον
764 411 856 466 τὸν
897 413 998 482 τῆς
1027 412 1227 477 κακίας
1259 417 1471 485 μύστην
1500 421 1779 482 συγκατα-

1883 427 2014 467 num
2078 428 2281 483 corpus
2352 421 2535 469 mente
2603 422 2657 469 et
2718 413 2906 468 anima
2989 429 3098 469 non
3172 414 3462 484 praeditum

219 509 509 583 κρίνοντες,
550 506 607 570 ὃς
646 504 806 559 ἄνουν
857 501 949 556 τὸν
979 502 1187 573 Κύριον
1216 503 1568 575 ἀνειληφέναι
1600 503 1780 573 σῶμα,

217 599 481 661 δυσσεϐῶς
547 596 896 667 ὲξηρεύξατο.
967 594 1246 649 Ἐντεῦθεν
1299 596 1394 649 καί⁵
1443 588 1600 660 οὗτος
1652 596 1786 666 ἡμῖν

222 692 373 761 ἀτελῆ
403 691 508 762 τὴν
529 689 803 761 σωτηρίαν
834 687 1089 757 γενέσθαι
1128 688 1578 761 συλλογιζόμενος
1598 704 1615 720 ⁸
1651 689 1787 743 ἀλλὰ

221 785 313 856 μὴν
342 785 435 839 καὶ
459 783 531 836 τὰ
553 782 706 854 παρὰ
732 782 842 835 τῶν
867 783 926 835 έν
941 783 1010 853 τῇ
1045 781 1312 851 Ἐφεσίων
1349 781 1504 834 πόλει
1541 779 1604 833 τὸ
1653 779 1787 851 πρό-

220 892 357 947 τερον
402 875 800 946 συναχθέντων,
847 874 943 928 ἐπὶ
975 874 1254 929 Θεοδοσίου
1279 872 1372 928 τοῦ
1410 872 1529 929 υἱοῦ
1585 872 1785 945 ’Δρκα-

219 970 337 1033 δίου,
362 968 660 1037 γενομένου
693 967 852 1038 ἡμῶν
874 966 1159 1035 βασιλέως,
1189 966 1479 1021 διακοσίων
1509 965 1787 1036 θεοφόρων

220 1059 460 1129 Πατέρων
482 1056 779 1111 ἐκτεθέντα
815 1056 1140 1127 διδάγματα,
1189 1058 1265 1120 ὡς
1304 1056 1507 1127 κράτος
1541 1054 1787 1127 ἀρῤαγὲς

220 1150 305 1219 τῆς
324 1147 607 1212 εὐσεϐείας
638 1148 1130 1219 ὲπισφραγίζομεν,
1156 1147 1255 1202 ἕνα
1288 1148 1526 1218 Χριστὸν
1547 1146 1639 1202 τὸν
1656 1146 1786 1201 Υίόν

220 1240 300 1293 τοῦ
343 1238 478 1293 Θεοῦ
541 1239 638 1292 καὶ
685 1239 1041 1307 σαρκωθέντα
1095 1238 1456 1310 κηρύττοντες
1485 1254 1500 1270 ο
1552 1238 1648 1293 καὶ
1684 1238 1785 1310 τὴν

221 1333 364 1384 αὐτὸν
412 1333 676 1402 ἀσπόρως
719 1329 991 1383 τεκοῦσαν
1039 1330 1308 1401 ἄχραντον
1345 1329 1432 1383 ἀεὶ
1482 1328 1784 1399 Παρθένον,

221 1422 404 1493 κυρίως
432 1423 530 1476 καὶ
558 1422 703 1476 κατά
728 1420 1007 1491 ἀλήθειαν,
1034 1421 1302 1475 Θεοτόκον
1324 1421 1660 1488 δοξάζοντεςο
1690 1419 1786 1474 καὶ

220 1514 523 1584 τὴνληρώδη
548 1514 643 1567 τοῦ
673 1511 971 1584 Νεστορίου
990 1513 1277 1584 διαίρεσιν,
1295 1512 1371 1576 ὡς
1392 1512 1785 1584 ἀπῳκισμένην

220 1605 348 1668 θείας
382 1606 578 1676 μοίρας
636 1605 1033 1667 ἀποδιώκοντες
1059 1644 1075 1669 ,
1128 1603 1417 1675 ἄνθρωπον
1456 1602 1663 1669 ἰδικῶς,
1690 1602 1785 1656 καὶ

219 1698 333 1750 θεὸν
356 1697 669 1761 ἰδικῶς,τδν
686 1697 777 1750 ἕνα
809 1697 1046 1767 Χριστὸν
1077 1695 1529 1767 δογματίζοντος,
1560 1695 1657 1749 καὶ
1684 1694 1784 1766 τὴν

230 1789 514 1859 Ίουδαῖκὴν
538 1761 894 1851 ἀνανεοῦντος
919 1761 1237 1841 δυσσέϐειαν
1260 1805 1274 1819 ⁸
1302 1789 1361 1841 οὑ
1393 1788 1500 1861 μὴν
1526 1787 1664 1842 ἀλλά
1688 1761 1783 1841 καὶ
1812 1761 1861 1821 Β

216 1881 300 1952 τὴν
322 1882 377 1933 ὲν
400 1880 795 1951 Χαλκηδονέων
820 1879 1151 1950 μητροπόλει
1181 1879 1277 1933 ἐπὶ
1312 1879 1658 1951 Μαρκιανοῦ,
1689 1879 1784 1932 καὶ

216 1971 362 2025 αὐτοῦ
392 1972 691 2042 γενομένου
724 1971 880 2042 ἡμῶν
913 1971 1199 2041 βασιλέως,
1246 1971 1355 2025 τῶν
1383 1971 1463 2041 χλ¹
1487 1971 1783 2043 θεοκρίτων

220 2064 453 2134 Πατέρων
487 2064 1567 2137 στηλογραφηθεῖσανπίστιν,ὀρθοδόξως
1587 2067 1782 2119 ἐπικυ-

220 2158 435 2228 ροῦμεν·
490 2158 617 2228 ἥτις
658 2157 750 2210 τὸν
798 2156 894 2211 ἕνα
952 2158 1189 2227 Χριστὸν
1221 2157 1315 2213 τὸν
1355 2158 1482 2211 Υίὸν
1505 2157 1597 2212 τοῦ
1620 2157 1779 2225 Θεοῦ,

218 2251 271 2300 ὲκ
321 2248 410 2302 δύο
463 2247 791 2301 συντεθέντα
849 2247 959 2301 τῶν
1006 2247 1246 2319 φύσεων,
1305 2250 1401 2303 καὶ
1453 2249 1512 2301 ὲν
1535 2249 1629 2303 δύο
1658 2252 1782 2313 ταῖς

216 2338 384 2400 αὑταῖς
400 2335 767 2408 δοξαζόμενον
783 2337 1001 2408 φύσεσι,
1029 2338 1432 2409 μεγαλοφώνως
1453 2342 1566 2404 τοῖς
1579 2340 1780 2412 πέρασι

217 2433 580 2502 παραδέδωκε·
633 2434 730 2487 καὶ
779 2433 1028 2505 Εὐτυχέα
1082 2434 1175 2489 τὸν
1238 2436 1643 2506 ματαιόφρονα,
1689 2436 1781 2491 τὸν

214 2527 410 2596 δοκήσει
461 2527 531 2581 τὸ
596 2527 739 2598 μέγα
792 2526 894 2597 τῆς
942 2528 1256 2598 οἰκονομίας
1324 2529 1625 2598 μυστήριον
1692 2545 1781 2580 τε-

216 2618 449 2690 λεσθῆναι
531 2620 977 2691 ἀποφηνάμενον,
1028 2621 1103 2685 ὡς
1158 2622 1533 2693 ἀποτρόπαιόν
1574 2639 1627 2676 τι
1685 2623 1779 2676 καὶ

220 2710 435 2781 μίασμα,
466 2711 580 2765 τῶν
628 2712 792 2784 ἰερῶν
833 2713 933 2782 τῆς
974 2713 1302 2785 Ἐκκλησίας
1335 2713 1635 2785 περιϐόλων
1673 2716 1781 2769 ἀπ-

216 2803 359 2873 ἠλασε
380 2821 392 2834 ·
424 2808 525 2858 σὺν
555 2805 703 2876 αὐτῷ
724 2804 781 2858 δὲ
811 2806 904 2859 καὶ
927 2805 1223 2877 Νεστόριον
1247 2806 1340 2859 καὶ
1360 2806 1669 2875 Διόσκορον,
1687 2807 1778 2859 τὸν

219 2894 302 2961 μὲν
328 2896 423 2964 τῆς
483 2896 835 2967 διαιρέσεως,
891 2897 984 2950 τὸν
1028 2897 1084 2950 δὲ
1133 2897 1234 2966 τῆς
1286 2896 1623 2967 συγχύσεως,
1672 2898 1778 2951 ὑπ-

217 2988 535 3058 ερασπιστήν
560 3004 618 3039 τε
646 2987 743 3041 καὶ¹
762 2988 1045 3059 πρόμαχον
1062 3028 1077 3052 ,
1103 2990 1228 3051 τοὺς
1254 2990 1318 3042 ἐκ
1343 2990 1638 3059 διαμέτρου
1675 2988 1779 3059 τῆς

1883 504 2185 573 sumpsisse
2244 504 2412 575 impie
2456 504 2747 569 eructavit,
2801 504 2929 559 hinc
2990 520 3210 575 quoque
3258 515 3315 562 et
3358 509 3463 563 istc

1884 594 2259 665 imperfectam
2314 595 2473 651 nobis
2525 594 2726 651 factam
2790 596 3025 651 salutem
3102 598 3461 661 ratiocinans.

1882 681 2005 737 Jam
2049 698 2178 738 vero
2212 692 2267 738 et
2318 699 2440 754 qua:
2488 682 2544 738 in
2585 682 2947 753 Ephesiorum
3001 684 3224 740 civitate
3274 701 3306 740 a
3365 688 3465 741 du-

1885 784 2063 839 centis
2112 784 2318 840 divinis
2382 785 2646 841 Patribus
2703 786 2807 841 sub
2881 785 3192 842 Theodosio
3246 787 3467 842 Arcadii

1884 874 1996 929 ﬁlio
2044 876 2371 946 imperatore
2432 886 2619 933 nostro
2673 877 2939 948 expositae
2987 887 3137 943 sunt,
3185 877 3467 933 doctrinas

1892 975 2151 1037 tanquam
2212 967 2505 1023 infractum
2577 969 2795 1039 pietatis
2855 969 3025 1024 robur
3084 968 3466 1039 obsignamus,

1886 1075 2056 1113 unum
2114 1059 2392 1115 Christum
2450 1060 2652 1115 Filium
2710 1061 2807 1116 Dei
2848 1069 2903 1116 et
2938 1061 3283 1115 iucarnatum
3328 1074 3466 1128 pra:-

1885 1150 2162 1219 dicantes;
2190 1160 2245 1207 et
2278 1167 2402 1222 quae
2442 1152 2620 1218 ipsum
2676 1152 2795 1207 sine
2845 1151 3057 1206 semine
3089 1149 3318 1219 peperit,
3365 1150 3468 1203 im-

1886 1244 2146 1314 pollutam
2167 1260 2381 1314 semper
2406 1243 2705 1316 Virginem,
2731 1244 2950 1314 proprie
2965 1251 3019 1297 et
3035 1258 3161 1297 vere
3177 1241 3466 1311 Deiparam

1900 1336 2290 1403 decernentes;
2339 1344 2394 1391 et
2423 1337 2659 1405 ineptam
2691 1334 2931 1389 Nestorii
2964 1334 3312 1396 divisionem,
3344 1342 3467 1387 tan—

1895 1443 2061 1499 quam
2092 1444 2121 1482 a
2147 1429 2329 1482 divina
2361 1439 2506 1483 Sorte
2543 1435 2806 1482 semotam
2844 1432 3255 1495 persequentes,
3285 1425 3467 1478 homi-

1903 1536 2029 1574 nem
2061 1520 2350 1590 separatim
2382 1529 2437 1575 et
2470 1518 2640 1573 Deum
2675 1518 2967 1587 separatim
2993 1532 3165 1571 unum
3182 1515 3465 1571 Christum

1887 1611 2259 1679 decernentis,
2306 1621 2363 1665 et
2399 1611 2733 1681 impietatem
2784 1607 3066 1663 Iudaicam
3125 1607 3464 1662 renovantis.

1890 1703 2030 1770 Quin
2062 1706 2226 1758 etiam
2255 1718 2407 1769 eam,
2444 1719 2564 1773 quae
2600 1702 2655 1756 in
2699 1700 3231 1756 Chalcedonensium
3266 1707 3468 1752 metro-

1893 1793 2002 1864 poli
2031 1795 2135 1849 sub
2156 1792 2458 1858 Marciano,
2477 1792 2571 1863 qui
2594 1791 2763 1845 [uitet
2786 1791 2901 1860 ipse
2931 1790 3228 1858 imperator
3258 1796 3465 1850 noster,

1889 1901 1921 1941 a
1954 1885 2231 1941 sexcentis
2263 1885 2485 1956 triginta
2528 1884 2799 1953 descripta
2844 1890 2932 1937 est
2976 1880 3268 1943 Patribus,
3306 1877 3467 1932 ﬁdem

1886 1979 2191 2034 orthodoxe
2224 1978 2617 2033 conﬁrmamus
2653 1994 2667 2031 :
2702 1990 2823 2044 quae
2854 1989 3022 2027 unum
3053 1970 3332 2027 Christum
3377 1968 3471 2021 Fi-

1891 2068 2026 2124 lium
2053 2067 2172 2133 Dei,
2198 2084 2266 2124 ex
2295 2069 2507 2125 duabus
2532 2068 2746 2122 naturis
2768 2066 3157 2136 compositum,
3181 2072 3236 2119 et
3257 2064 3312 2117 in
3334 2064 3471 2117 dua-

1888 2161 1995 2218 bus
2032 2161 2242 2218 eisdem
2281 2161 2494 2217 naturis
2526 2161 2790 2215 creditum
2818 2197 2834 2223 ,
2872 2173 3070 2229 magna
3129 2171 3196 2212 ac
3251 2154 3471 2210 sublimi

1882 2268 2017 2310 voce
2057 2264 2327 2309 terrarum
2354 2253 2556 2308 ﬁnibus
2585 2252 2843 2318 tradidit;
2897 2260 2953 2307 et
2985 2250 3152 2306 stulte
3183 2264 3248 2304 ac
3287 2249 3473 2317 inepte

1881 2348 2208 2404 sentientem
2234 2344 2555 2416 Eutycbem,
2588 2346 2681 2415 qui
2713 2360 2975 2415 magnum
3002 2342 3326 2397 meouomiae
3354 2356 3472 2411 my-

1883 2439 2109 2493 sterium
2131 2437 2447 2508 apparentia
2467 2437 2768 2507 perfectum
2791 2450 2913 2490 esse
2937 2433 3174 2498 dicebat,
3204 2443 3469 2502 tanquam

1880 2530 2241 2585 avertendum
2283 2528 2506 2600 aliquod
2536 2538 2851 2600 portentum
2895 2535 3202 2596 tetramque
3235 2536 3467 2595 pestem,

1879 2637 1949 2677 ex
1978 2622 2152 2677 sacris
2170 2620 2431 2677 Ecclesiae
2459 2620 2761 2675 ambitibus
2786 2618 3123 2672 exturbavit.
3147 2617 3266 2671 Una
3284 2624 3467 2670 autem

1878 2726 2006 2768 cum
2040 2726 2107 2766 eo
2141 2712 2304 2766 etiam
2346 2710 2655 2766 Nestorium
2710 2719 2765 2763 et
2800 2697 3128 2763 Dioscorum
3150 2748 3166 2774 ,
3227 2721 3465 2777 quorum

1880 2803 1971 2858 ille
1999 2802 2220 2873 quidem
2243 2801 2555 2867 divisionis,
2586 2800 2677 2856 hic
2713 2815 2846 2854 vero
2884 2798 3231 2853 confusionis
3271 2796 3465 2851 defen-

1884 2910 1977 2951 sor
2004 2902 2125 2950 erat
2176 2902 2231 2948 et
2290 2902 2608 2965 pugnator:
2662 2891 2755 2962 qui
2803 2891 3027 2961 quidem
3075 2906 3140 2945 ex
3176 2890 3469 2959 impietatis

1879 2988 2146 3044 diametro
2184 2988 2253 3042 ad
2283 3003 2452 3041 unum
2486 2985 2807 3056 perditionis
2848 2992 2902 3040 et
2955 2984 3334 3053 ahnegationis
3374 2984 3467 3039 Dei

216 3075 245 3126 ἀ
276 3075 443 3140 εϐείας
512 3078 648 3146 πρὸς
702 3078 760 3130 ἓν
830 3079 1257 3141 ἐκπεπτωκότας
1326 3079 1602 3141 ἀπωλείας
1676 3078 1772 3132 καὶ

1882 3082 2196 3136 barathrum
2227 3080 2557 3135 deciderant.
2593 3078 2698 3133 Sed
2745 3086 2798 3133 et
2832 3077 2883 3147 5
2911 3086 3127 3132 centum
3182 3075 3469 3146 sexaginta

216 3166 486 3239 ἀθεότητος
539 3169 852 3241 βάραθρον·
900 3171 1035 3224 ἀλλά
1096 3188 1159 3239 γε
1222 3171 1461 3235 καὶτὰς
1529 3170 1773 3234 εὐσεϐεῖς

218 3261 375 3327 φωνὰς
423 3261 539 3315 τῶν
570 3260 674 3333 ρξε’
710 3263 983 3334 θεοφόρων
1032 3263 1321 3334 μακαρίων
1364 3264 1624 3335 Πατέρων
1670 3263 1780 3316 τῶν

215 3353 334 3403 κατὰ
362 3354 571 3424 ταύτην
626 3355 724 3423 τὴν
765 3353 1012 3424 βασιλίδα
1048 3354 1201 3406 πόλιν
1271 3355 1777 3424 συναγηγερμένων

215 3438 292 3490 ἐπὶ
322 3441 697 3495 Ἰουστινιανοῦ
720 3442 813 3496 τοῦ
838 3444 933 3514 τῆς
955 3442 1212 3506 εὐσεϐοῦς
1246 3444 1452 3514 λήξεως
1478 3446 1775 3514 γενομένου

214 3533 347 3602 ἡμῶν
378 3534 666 3605 βασιλέως,
698 3536 773 3601 ὡς
795 3537 897 3589 ὑπὸ
941 3537 1034 3590 τοῦ
1060 3537 1377 3607 Πνεύματος
1403 3537 1777 3608 ὲξενεχθείσας

213 3626 556 3699 γινώσκομεν,
604 3630 699 3681 καὶ
739 3630 867 3694 τοὺς
924 3629 1015 3698 ὑφ’
1065 3630 1211 3699 ἡμᾶς
1258 3630 1649 3700 ὲκδιδόισκομεν
1679 3646 1692 3660 ·
1726 3629 1777 3683 οἶ

212 3716 467 3792 Θεόδωρον
499 3722 592 3775 τὸν
636 3720 1014 3791 Μοψουεστίας
1066 3723 1155 3775 τὸν
1183 3721 1483 3792 Νεστορίου
1519 3723 1778 3776 διδάσκα-

212 3811 306 3877 λον,
345 3815 629 3886 Ὡριγένην
662 3832 744 3882 τε,
774 3816 869 3868 καὶ
912 3815 1165 3885 Δίδυμον,
1204 3818 1295 3870 καὶ
1323 3817 1618 3888 Εὐὰγριον,
1650 3816 1779 3880 τοὺς

211 3904 294 3964 τὰς
354 3903 678 3975 Ἑλληνικὰς
713 3905 1202 3975 ἀναπλασαμένους
1262 3905 1606 3976 μυθοποιίας,
1680 3905 1779 3961 καὶ

214 3998 460 4064 σωμάτων
511 3998 677 4053 τινῶν
732 3999 829 4053 καὶ
886 3998 1076 4069 ψυχῶν
1145 4000 1275 4068 ἡμῖν
1340 3998 1625 4069 περιόδους
1677 4000 1775 4052 καὶ

212 4088 503 4156 ἀλλοιώσεις
525 4092 697 4146 ἀναπε
708 4092 1033 4162 μπάσαντας
1060 4093 1179 4151 ταῖς
1195 4090 1288 4143 τοῦ
1307 4090 1399 4143 νοῦ
1428 4106 1505 4143 πα
1512 4093 1779 4163 ραφοραίς

209 4197 261 4233 τε
286 4184 371 4237 καὶ
390 4182 723 4255 ὀνειρὼξεσι,
749 4185 844 4237 καὶ
871 4186 951 4247 εἰς
982 4183 1081 4254 τὴν
1112 4182 1221 4236 τῶν
1246 4183 1460 4253 νεκρῶν
1492 4183 1775 4246 δυσσεϐῶς

212 4274 707 4349 ἐμπαροινησαντας
745 4275 1063 4340 ἀναϐίωσιν,
1107 4274 1177 4328 τά
1200 4290 1261 4327 τε
1298 4274 1582 4345 γραφέντα
1623 4274 1776 4346 παρά

213 4363 538 4439 Θεοδωρήτου
581 4366 726 4420 κατά
758 4368 859 4437 τῆς
908 4366 1076 4438 όρθῆς
1125 4366 1363 4431 πίστεως
1410 4367 1506 4420 καὶ
1544 4367 1654 4421 τῶν
1704 4365 1773 4437 ιβ’

1889 3176 2131 3245 quinque
2170 3173 2479 3228 divinorum
2506 3170 2735 3225 Patrum
2797 3168 2852 3222 in
2890 3170 2993 3223 hac
3028 3168 3250 3221 civitate
3297 3167 3471 3237 impc-

1887 3266 2087 3321 ratrice
2104 3276 2560 3335 congregatorum
2588 3263 2691 3319 sub
2707 3261 3020 3317 Justiniano
3047 3260 3148 3330 piae
3169 3260 3468 3321 memoria‘,

1886 3356 1979 3426 qui
2010 3356 2110 3409 fuit
2151 3356 2446 3424 imperator
2481 3364 2685 3417 noster,
2716 3351 2835 3421 pias
2883 3366 3045 3405 voces
3096 3358 3156 3403 ut
3201 3364 3230 3402 a
3266 3348 3470 3418 Spiritu

1885 3449 2062 3503 editas
2086 3448 2489 3516 cegnoseimus,
2546 3454 2601 3501 et
2646 3455 2893 3515 posteros
2933 3452 3155 3499 nostros
3186 3443 3469 3507 docemus,

1860 3524 1979 3608 “Qui
2009 3538 2358 3593 Theodorum
2396 3535 2743 3605 Mopsuestia:
2768 3534 3003 3589 Nestorii
3040 3533 3387 3603 magistrum,
3419 3541 3474 3585 et

1886 3631 2200 3698 Origenem,
2229 3637 2283 3684 et
2323 3628 2636 3699 Didymum,
2671 3637 2726 3681 et
2755 3625 3074 3695 Evagrium,
3116 3624 3208 3694 qui
3242 3624 3471 3693 gentilvs

1886 3722 2103 3777 fabulas
2132 3737 2328 3776 rursus
2367 3720 2524 3775 ﬁctas
2553 3718 2879 3780 retulerunt,
2929 3726 2981 3770 et
3008 3730 3301 3783 corporum
3328 3729 3471 3782 qui...

1886 3816 2139 3871 rumdam
2170 3824 2222 3870 et
2253 3815 2566 3868 animarum
2596 3810 2953 3867 circuitiones
2975 3818 3028 3862 et
3059 3808 3472 3864 immutationes

1886 3923 1981 3964 seu
2007 3906 2519 3978 trausmigrationes
2557 3904 2858 3973 deintegro
2889 3904 3329 3964 rumiuaverunt,
3354 3900 3474 3954 suis

1885 3998 2215 4068 quibusdam
2253 3996 2456 4050 mentis
2505 3994 2717 4049 deliriis
2746 4008 2810 4047 ac
2841 3992 3071 4047 somniis
3103 4007 3116 4043 :
3150 3999 3205 4043 et
3237 3990 3290 4042 in
3322 4003 3473 4041 mor-

1885 4100 2106 4147 tuorum
2134 4088 2596 4145 resurrectionem
2628 4086 2796 4155 impie.
2829 4099 2895 4139 ac
2950 4082 3347 4137 contumeliose
3387 4080 3473 4133 in-

1886 4186 2160 4241 sultarunt
2188 4199 2202 4237 :
2234 4192 2288 4237 et
2319 4197 2441 4251 qua:
2473 4196 2503 4234 a
2557 4178 2908 4233 Theodoreto
2965 4176 3167 4245 scripta
3215 4182 3343 4228 sunt
3369 4174 3469 4227 ad-

1882 4292 2080 4332 versus
2150 4283 2355 4329 rectam
2418 4272 2579 4326 ﬁdem
2631 4278 2685 4325 et
2742 4268 3030 4323 duodecim
3068 4265 3211 4319 beati
3273 4263 3468 4333 Cyrilli

1883 4370 2087 4440 capita,
2117 4376 2170 4426 et
2198 4382 2317 4423 eam
2349 4380 2472 4435 qua:
2502 4364 2700 4419 dicitur
2727 4360 2832 4415 Iba:
2866 4359 3174 4429 epistolam,
3208 4354 3471 4427 synodico

212 4458 501 4523 κεφαλαίων
546 4457 642 4511 τοῦ
693 4458 965 4529 μακαρίου
1023 4458 1314 4528 Κυρίλλου,
1353 4460 1448 4512 καὶ
1492 4458 1590 4529 τὴν
1632 4458 1779 4526 λεγο,

1893 4462 2422 4519 anathematizarunt
2473 4468 2530 4515 et
2582 4456 2854 4515 exsecrati
2887 4461 3037 4509 sunt.
3082 4450 3256 4506 Porro
3300 4456 3466 4503 sexta:

213 4548 361 4623 μένην
415 4552 539 4607 ’Ἱϐα
590 4552 913 4624 ἐπιστολὴν,
949 4552 1242 4617 συνοδικῶς
1279 4554 1675 4623 ἀνεθεμάτισαν
1708 4571 1767 4608 τε

212 4642 290 4696 καὶ
314 4644 661 4710 ὲϐδελύξαντο
683 4661 696 4675 ⁸
741 4646 834 4698 καὶ
867 4643 965 4715 τὴν
994 4644 1099 4698 ὑπὸ
1126 4644 1228 4715 τῆς
1270 4644 1498 4715 έναγχός
1542 4663 1605 4716 γε
1642 4663 1769 4700 συν-

212 4733 569 4809 αθροισθείσης
618 4736 761 4791 κατὰ
799 4728 1004 4805 ταύτην
1040 4735 1140 4809 τὴν
1171 4735 1420 4806 βασιλίδα
1444 4735 1619 4803 πόλιν,
1678 4737 1772 4790 ἐπὶ

211 4827 289 4881 τοῦ
315 4832 372 4884 έν
399 4832 521 4905 θείᾳ
547 4834 612 4903 τῇ
640 4830 793 4903 λήξει
813 4829 1108 4900 γενομένου
1132 4828 1291 4900 ἡμῶν
1319 4828 1584 4899 βασιλέως
1618 4830 1773 4883 Κων-

213 4923 468 4978 σταντίνου
511 4926 576 4978 ὲκ
607 4923 710 4992 τῆς
752 4924 913 4991 ἁγίας
950 4922 1167 4976 συνόδου
1206 4922 1409 4988 πίστιν,
1445 4922 1480 4992 ἢ
1511 4922 1772 4993 μειζόνως

210 5010 264 5062 τὸ
282 5012 439 5085 κῦρος
466 5014 708 5080 ἐδέξατο,
760 5013 827 5066 δι’
852 5006 927 5067 ῶν
966 5014 995 5067 ό
1044 5012 1273 5083 εὐσεϐὴς
1304 5010 1559 5081 βασιλεὺς
1596 5029 1768 5083 σφρα-

214 5103 309 5164 γῖσι
330 5108 449 5170 τοὺς
490 5105 696 5175 ταύτης
734 5107 935 5175 τόμους
984 5102 1633 5174 κατησφαλίσατο,’πρὸς
1669 5105 1769 5174 τὴν

214 5193 261 5243 ὲν
285 5196 355 5267 τῷ
384 5199 543 5252 παντὶ
563 5198 723 5253 αἰῶνι
742 5196 1063 5266 ἀσφάλειαν,
1089 5199 1182 5250 καὶ
1211 5196 1366 5260 αὖθις
1398 5194 1769 5267 ὁμολογοῦμεν

215 5285 474 5350 φυλάττειν
489 5290 963 5361 ἀπαρεγχείρητον
994 5307 1009 5322 ·
1046 5291 1082 5358 ἢ
1112 5287 1204 5342 δύο
1226 5288 1461 5356 φυσικὰς
1492 5288 1765 5359 θελήσεις,

216 5378 315 5446 ῆτοι
366 5382 664 5455 θελήματα,
696 5384 793 5438 καὶ
821 5382 915 5437 δύο
942 5383 1176 5451 φυσικὰς
1206 5381 1507 5453 ἐνεργείας,
1545 5380 1639 5434 ἐπὶ
1668 5380 1769 5451 τῆς

218 5469 450 5544 ὲνσάρκου
490 5475 805 5545 οἰκονομίας
853 5474 949 5528 τοῦ
1000 5475 1119 5539 ένδς
1156 5473 1362 5544 Κυρίου
1391 5474 1548 5543 ἡμῶν
1588 5474 1766 5544 Ἰησοῦ

218 5560 424 5632 Χριστοῦ
456 5566 550 5621 τοῦ
572 5566 827 5639 ἀληθινοῦ
863 5567 1023 5632 Θεοῦ,
1046 5566 1289 5631 δοξάζειν
1319 5567 1467 5636 ἡμᾶς
1502 5564 1767 5636 θεοφιλῶς

219 5650 479 5728 διεσάφησε
504 5674 518 5689 ο
547 5660 673 5721 τοὺς
690 5657 751 5711 τὸ
780 5657 934 5721 εύθὲς
959 5658 1056 5727 τῆς
1090 5656 1349 5727 ἀληθείας
1368 5657 1544 5727 δόγμα
1587 5674 1768 5728 παρα-

220 5749 551 5821 κπρὰξαντας,
578 5751 744 5809 κα¹ιὲν
783 5750 996 5823 θέλημα
1012 5751 1107 5805 καὶ
1141 5750 1270 5822 μίαν
1316 5751 1621 5824 ἐνέργειαν,
1670 5750 1766 5804 ἐπὶ

1880 4569 2097 4628 quoque
2119 4565 2324 4609 sanctae
2346 4550 2563 4624 synodi,
2592 4564 2714 4620 quae
2732 4547 2789 4602 in
2819 4547 2922 4601 hac
2944 4543 3165 4600 civitate
3190 4539 3464 4611 imperiali

1877 4647 1981 4704 sub
2013 4648 2153 4701 divae
2184 4645 2465 4700 memoriae
2496 4643 2826 4712 imperatore
2866 4647 3058 4691 nostro
3103 4630 3466 4689 Constantino

1875 4740 2084 4809 pridem
2107 4744 2433 4808 congregata
2481 4735 2680 4798 fuerat,
2713 4731 2899 4796 tidem,
2928 4744 3052 4800 qua:
3098 4726 3362 4795 majorem
3394 4740 3460 4781 ex

1872 4847 1939 4888 eo
1973 4831 2287 4887 ﬁrmitatem
2327 4828 2573 4899 accepit,
2632 4824 2798 4923 quodo
2826 4823 2949 4894 pius
2998 4822 3298 4892 imperator
3339 4833 3459 4874 eam

1872 4924 2132 4995 scriptam
2189 4936 2292 4978 suo
2359 4919 2644 4990 signaculo
2694 4910 2893 4972 md‘hiit
2960 4915 3029 4969 ad
3091 4913 3333 4967 futuram
3402 4910 3458 4964 in

1871 5016 2057 5072 omnia
2092 5014 2293 5070 saecula
2330 5012 2702 5075 securitatem,
2727 5024 2838 5064 non
2867 5008 3194 5063 movendam
3222 5019 3322 5060 nec
3344 5004 3460 5074 agi-

1871 5110 2094 5163 tandam
2131 5121 2233 5162 nos
2270 5119 2497 5161 servare
2532 5119 2725 5159 rursus
2753 5100 3106 5171 proﬁtemur;
3153 5113 3276 5168 qua:
3320 5098 3456 5152 duas

1869 5200 2147 5256 naturales
2160 5198 2467 5255 voluntates
2486 5212 2581 5251 seu
2594 5195 2903 5258 volitiones,
2917 5194 3163 5263 duasque
3181 5189 3460 5245 naturales

1868 5294 2217 5361 operationes
2249 5290 2305 5344 in
2339 5290 2621 5343 incarnata
2661 5287 2825 5340 unius
2859 5284 3078 5339 Domini
3122 5283 3298 5338 nostri
3329 5280 3460 5336 Jesu

1867 5383 2072 5440 Christi
2101 5382 2213 5437 veri
2250 5381 2343 5436 Dei
2374 5379 2681 5435 oeconomia
2735 5392 2837 5432 nos
2868 5376 2957 5446 pie
3007 5374 3223 5444 opinari
3264 5373 3461 5429 debere

1869 5486 2058 5546 aperte
2094 5476 2316 5542 docuit;
2361 5475 2431 5530 iis
2472 5474 2565 5544 qui
2618 5480 2829 5527 rectum
2882 5470 3128 5531 veritatis
3180 5468 3457 5522 decretum

1868 5568 2334 5631 adulteraverant,
2359 5575 2412 5620 et
2437 5578 2601 5619 uuam
2632 5563 2968 5617 voluntatem
2996 5574 3061 5616 ac
3082 5558 3455 5630 Operationem

1871 5675 2035 5714 unam
2086 5659 2141 5713 in
2181 5674 2292 5713 uno
2325 5658 2560 5713 Domino
2595 5666 2785 5712 nostro
2815 5653 2945 5710 Jesu
2974 5652 3196 5709 Christo
3228 5648 3457 5721 populos

1869 5750 2188 5821 docuerant,
2232 5750 2321 5821 pia
2372 5749 2641 5807 sententia
2671 5744 3052 5805 condemnatis
3079 5786 3093 5810 ,
3143 5741 3452 5807 Theodoro,
