4122 6464
626 337 731 400 417

1808 330 2069 396 PHOTII
2108 337 2611 397 PATRIARCIL'E
2640 339 2749 397 CP.

3769 329 3880 393 448

614 444 967 504 sacerdotalis
1032 440 1263 509 ordinis,
1310 442 1402 513 qui
1453 450 1830 512 transgressus
1894 453 1979 497 est
2039 461 2189 509 eum,

2300 445 2386 498 τοῦ
2444 446 2561 508 ἑνὸς
2626 446 2831 517 Κυρίου
2879 444 2973 498 τοῦ
3024 442 3160 499 Θεοῦ
3220 443 3379 514 ἡμῶν
3411 443 3587 511 Ἰησου
3632 442 3877 512 Χριστοῦ

614 540 915 611 inquimus,
932 536 1169 601 Pharao,
1188 534 1329 605 Cyro
1345 533 1703 596 Alexandriae,
1730 531 1972 588 llonorio
1992 536 2198 590 Romae,

617 631 830 700 Sergio,
859 630 914 699 6
940 626 1175 699 Pyrrho,
1194 625 1384 689 Paulo,
1425 622 1614 686 Petro,
1643 624 1733 693 qui
1771 624 1827 677 in
1857 626 1960 680 hac
1990 642 2020 680 a
2060 627 2196 694 Deo,

616 731 831 778 servata
864 719 1086 775 civitate
1111 717 1516 788 praesederunt;
1548 713 1807 778 Macario,
1833 718 1926 785 qui
1956 716 2057 771 fuit
2086 720 2201 773 An-

618 820 980 875 tiochensium
1016 816 1339 885 episcopus,
1366 812 1647 882 Stephano
1667 813 1782 882 ejus
1820 810 2117 880 discipulo,
2152 824 2201 867 et

620 913 909 981 insipiente
937 908 1343 978 Polychronio;
1376 905 1481 961 hac
1524 904 1739 960 ratione
1770 905 1974 957 intacto
1999 912 2053 957 et
2092 903 2200 955 illi-

619 1004 748 1058 bato
772 1000 1047 1056 communi
1066 1012 1297 1066 corpore
1318 995 1537 1051 Domini
1559 994 1732 1050 nostri
1750 992 1879 1048 Jesu
1901 993 2103 1047 Christi
2131 993 2201 1047 ab

619 1094 700 1149 eis
737 1102 970 1147 servato.
1004 1089 1203 1159 Atque,
1226 1098 1285 1143 ut
1312 1088 1484 1143 semel
1508 1086 1777 1150 dicamus,
1816 1084 2065 1139 omnium
2105 1082 2199 1153 qui

622 1184 677 1238 in
713 1182 806 1236 Dei
847 1179 1092 1236 Ecclesia
1135 1179 1334 1233 decora
1381 1187 1815 1243 ornamentaque
1873 1173 2113 1240 fuerunt,
2144 1182 2199 1229 et

623 1274 919 1329 luminaria
952 1272 1007 1327 in
1043 1270 1273 1333 mundo,
1299 1269 1423 1324 vitae
1451 1269 1716 1324 rationem
1746 1266 2072 1332 obtinentia,
2104 1265 2200 1320 ﬁr--

624 1381 769 1422 mam
802 1365 962 1421 ﬁdem
988 1363 1189 1427 valere,
1238 1370 1297 1417 et
1324 1377 1495 1431 usque
1526 1361 1591 1415 ad
1626 1360 1809 1414 surculi
1842 1372 2200 1414 consumma-

628 1457 828 1509 tionem
887 1455 1271 1511 inconcussam
1325 1467 1389 1507 ac
1458 1451 1819 1507 illabefactam
1879 1467 2200 1521 permanere

624 1541 924 1605 sancimus,
981 1556 1285 1611 eorumque
1334 1543 1539 1613 scripta
1587 1558 1651 1597 ac
1682 1544 1900 1598 decreta
1931 1542 2197 1597 divinitus

625 1632 823 1683 tradita
868 1648 882 1683 :
925 1631 1237 1701 rejicientes
1291 1647 1488 1689 omnes
1543 1642 1595 1688 et
1641 1634 2193 1699 anathematizantes,

625 1737 765 1788 quos
802 1722 1112 1789 reiecerunt
1152 1730 1206 1776 et
1261 1724 1823 1790 anathematizarunt,
1858 1734 1919 1779 ut
1950 1724 2195 1779 veritatis

624 1807 905 1873 inimicos,
940 1817 996 1863 et
1036 1809 1127 1877 qui
1166 1808 1429 1863 adversus
1480 1808 1649 1863 Deum
1684 1810 1919 1864 inaniter
1950 1808 2190 1863 fremue-

624 1908 776 1963 runt,
804 1908 857 1954 et
886 1899 1229 1968 iniquitatem
1258 1899 1314 1953 in
1345 1899 1513 1952 altum
1542 1901 1785 1954 meditati
1807 1909 1952 1954 sunt.
1987 1898 2044 1955 Si
2070 1901 2194 1970 quis

623 2000 806 2044 autem
846 2006 913 2043 ex
952 1990 1210 2045 omnibus
1243 1989 1501 2058 praedicta
1550 1989 1771 2059 pietatis
1812 1991 2031 2046 decreta
2083 2006 2194 2045 non

622 2085 768 2133 tenet
797 2087 849 2132 et
876 2077 1244 2146 amplectitur,
1278 2079 1469 2148 sicque
1519 2078 1774 2147 Opinatnr
1815 2087 1868 2132 et
1913 2078 2192 2147 prredicat,

620 2169 716 2225 sed
750 2168 817 2224 iis
854 2178 1045 2224 contra
1076 2170 1355 2225 adversari
1380 2179 1630 2234 conatur,
1665 2169 1739 2223 sit
1766 2169 2079 2234 anathema,
2110 2186 2196 2226 se-

620 2263 860 2316 cundum
898 2264 1049 2331 prius
1094 2262 1402 2333 expositam
1451 2262 1850 2323 declaratorum
1883 2273 2201 2318 sanctorum

616 2363 673 2409 et
701 2354 984 2408 beatorum
1018 2353 1240 2409 Patrum
1275 2356 1555 2409 decretum
1578 2397 1593 2421 ,
1635 2369 1665 2408 a
1707 2353 2029 2408 Christiano
2060 2370 2201 2424 quo-

617 2458 725 2511 que
765 2443 1017 2513 catalogo
1050 2451 1110 2496 ut
1145 2442 1357 2498 alienus
1389 2441 1714 2496 extrudatur
1742 2447 1796 2494 et
1821 2439 2059 2494 excidat.
2088 2439 2199 2496 Nos

614 2535 759 2589 enim
787 2535 942 2604 juxta
976 2535 1129 2604 prius
1158 2534 1375 2589 deﬁnita
1432 2549 1612 2603 neque
1666 2531 1872 2601 aliquid
1930 2530 2192 2597 adjicere,

615 2641 790 2696 neque
806 2627 1105 2697 quidquam
1124 2626 1362 2682 adimere
1381 2625 1606 2681 omnino
1625 2623 1944 2690 statuimus,
1972 2622 2057 2679 vel
2085 2624 2193 2679 ullo

614 2720 780 2775 modo
808 2721 1111 2790 potuimus.

686 3016 774 3072 73.
805 3014 942 3071 Cum
972 3030 1105 3070 crux
1144 3014 1308 3071 nobis
1334 3014 1550 3071 viviﬁca
1589 3023 1833 3072 sa.utare
1865 3014 2190 3079 ostenderit,

618 3124 719 3165 nos
756 3108 806 3177 ’1
832 3123 1047 3163 omnem
1079 3107 1413 3177 diligentiam
1453 3108 1715 3163 adhibere
1764 3117 1999 3179 oportet,
2028 3116 2088 3162 ut
2117 3109 2188 3173 ei,

2302 537 2426 599 τοὺς
2465 537 2626 600 λαοὺς
2677 536 3081 600 ὲκδιδάξαντας·
3112 538 3177 605 τῇ
3228 537 3328 605 τῆς
3383 533 3663 596 εὐσεϐείας
3710 533 3879 603 ψήφῳ

2302 627 2712 681 καταδικάσασα
2732 642 2745 656 ·
2772 628 2952 697 φαμὲν
2982 627 3255 695 Θεόδωρον
3292 625 3383 677 τὸν
3406 627 3503 694 τῆς
3530 625 3731 695 Φαράν,
3762 626 3879 677 Κῦ-

2302 736 2394 788 ρον
2452 717 2544 770 τὸν
2590 716 3010 787 Ἀλεξανδρείας,
3050 715 3309 785 Ὀνώριον
3350 715 3445 767 τὸν
3494 713 3711 785 Ῥώμης
3754 715 3831 783 (5)
3856 756 3874 782 ,

2299 810 2545 877 Σέργιον,
2605 806 2840 877 Πύρρον,
2891 807 3125 873 Παῦλον,
3183 808 3414 878 Πέτρον,
3450 805 3576 869 τούς
3614 806 3672 859 ὲν
3702 806 3873 877 ταύτῃ

2295 901 2362 967 τῇ
2419 898 2769 967 θεοφυλάκτῳ
2816 897 3286 968 προεδρεύσαντας
3339 895 3514 959 πόλει,
3565 896 3873 966 Μακάριον,

2298 987 2390 1041 τὸν
2423 988 2716 1058 γενόμενον
2732 989 2829 1058 τῆς
2884 988 3202 1058 ’Δντιοχέων
3248 987 3571 1049 ἐπίσκοπον,
3604 987 3875 1053 Στέφανον

2297 1078 2388 1133 τὸν
2413 1078 2578 1131 αὐτοῦ
2612 1079 2883 1151 μαθητὴν,
2932 1080 3025 1131 καὶ
3061 1078 3151 1131 τὸν
3208 1078 3418 1147 ἄφρονα
3476 1077 3834 1147 Πολυχρόνιον
3859 1094 3875 1110 ο

2297 1168 2545 1223 ἐντεῦθεν
2574 1169 2849 1239 ἀνέπαφον
2876 1168 3118 1240 τηροῦσα
3146 1170 3208 1221 τὸ
3239 1168 3416 1222 κοινὸν
3443 1167 3601 1238 σῶμα
3640 1167 3878 1238 Χριστοῦ

2296 1259 2392 1313 τοῦ
2412 1260 2549 1313 Θεοῦ
2579 1259 2735 1331 ἡμῶν
2754 1276 2770 1292 ο
2802 1262 2898 1313 καὶ
2931 1258 3205 1314 συνελόντι
3237 1260 3403 1328 φάναι
3437 1259 3656 1313 πάντων
3691 1258 3799 1312 τῶν
3820 1259 3880 1310 ὲν

2297 1353 2363 1421 τῇ
2392 1350 2484 1403 τοῦ
2508 1351 2644 1404 Θεοῦ
2685 1350 2982 1423 Ἐκκλησία
3009 1349 3429 1421 διαπρεψάντων
3456 1349 3687 1420 ἀνδρῶν,
3709 1348 3758 1402 οἱ
3780 1364 3879 1417 γει

2297 1442 2523 1510 γόνασιν
2549 1443 2607 1495 ὲν
2660 1443 2850 1512 κόσμῳ
2891 1443 3199 1512 φωστῆρες,
3232 1441 3389 1511 λόγον
3417 1442 3562 1511 ζωῆς
3590 1441 3880 1511 ἐπέχοντες

2295 1533 2395 1598 τὴν
2416 1532 2601 1585 πίστιν
2652 1537 2871 1604 κρατεῖν
2902 1534 3124 1604 βεϐαίαν
3160 1551 3175 1565 ο
3226 1534 3318 1587 καὶ
3355 1534 3519 1603 μέχρι
3564 1532 3875 1594 συντελείας

2295 1623 2391 1678 τοῦ
2419 1624 2617 1687 αἰῶνος
2644 1625 2940 1679 ἀσάλευτον
2988 1625 3265 1695 διαμένειν
3304 1624 3655 1693 θεσπίζομεν,
3689 1623 3781 1675 καὶ
3805 1623 3874 1674 τὶ

2297 1715 2481 1769 αὐτῶν
2515 1715 2889 1786 θεοπαράδοτα
2917 1714 3325 1786 συγγράμματά
3362 1730 3421 1766 τε
3464 1712 3558 1764 καὶ
3582 1712 3824 1781 δόγματα
3853 1727 3869 1742 °

2299 1805 2508 1868 πάντας
2527 1805 2957 1875 ἀποϐαλλόμενοί
2976 1822 3037 1857 τε
3061 1805 3152 1858 καὶ
3174 1799 3659 1872 ἀναθεματίζοντες
3686 1802 3761 1864 ὡς
3778 1802 3877 1870 τῆς

2298 1895 2555 1965 ἀληθείας
2578 1899 2603 1949 ὲ
2608 1896 2825 1967 χθρούς,
2850 1897 2946 1949 καὶ
2979 1896 3121 1949 κατά
3140 1895 3275 1949 Θεοῦ
3300 1895 3712 1965 φρυαξαμένους
3726 1893 3876 1953 κενὰ,

2297 1988 2391 2041 καὶ
2412 1988 2624 2041 ἀδικίαν
2652 1990 2734 2051 είς
2769 1988 2901 2057 ὓψος
2947 1988 3442 2059 ὲκμελετήσαντας.
3493 1987 3554 2038 ΕΞ
3580 1985 3635 2037 δέ
3666 2002 3750 2047 τις
3769 1984 3877 2037 τῶν

2299 2079 2553 2133 ἁπάντων
2576 2094 2590 2109 ⁸
2643 2079 2737 2133 καὶ
2788 2080 2858 2134 τὰ
2909 2080 3288 2150 προειρημένα
3314 2079 3411 2146 τῆς
3448 2076 3737 2138 εὐσεϐείας
3771 2075 3867 2128 δό-

2298 2187 2491 2241 γματα
2512 2174 2735 2241 κρατεῖν
2768 2170 3210 2234 ἀσπάζεται,καὶ
3251 2169 3421 2231 οῦτως
3450 2166 3659 2230 δοξάζει
3691 2182 3749 2218 τε
3784 2167 3878 2217 καὶ

2299 2261 2580 2333 κηρύττει,
2623 2262 2737 2317 ἀλλ’
2770 2262 2828 2327 ἐξ
2871 2261 3121 2325 ἐναντίας
3174 2262 3313 2314 ίέναι
3346 2260 3552 2313 τούτων
3587 2256 3875 2327 ἐπιχειρεῖ,

2299 2351 2443 2407 ἔστω
2481 2353 2748 2424 ἀνάθεμα,
2774 2353 2916 2407 κατά
2942 2354 3032 2407 τὸν
3063 2354 3163 2424 ἥδη
3192 2350 3593 2424 προεκτεθέντα
3618 2350 3741 2419 ὅρον
3774 2348 3878 2400 ὐπό

2300 2444 2409 2499 τῶν
2439 2444 2895 2515 προδηλωθέντων
2923 2444 3096 2513 ἁγίων
3139 2444 3235 2497 καὶ
3268 2442 3555 2513 μακαρίων
3584 2440 3876 2511 Πατέρων,

2299 2535 2522 2590 καὶτοῦ
2577 2535 2920 2605 Χριστιανῶν
2964 2534 3269 2603 καταλόγου
3311 2534 3385 2596 ὡς
3442 2533 3721 2603 ἀλλότριος
3786 2533 3877 2598 ἐξ·

2313 2624 2564 2678 ωθείσθω
2598 2625 2696 2678 καὶ
2733 2624 3095 2695 ὲκριπτὲσθω,
3142 2625 3332 2695 Ἡμεῖς
3385 2623 3494 2692 γὰρ
3536 2622 3661 2676 οὐτε
3711 2639 3882 2694 προσ-

2298 2717 2503 2771 τιθέναι
2529 2734 2602 2778 τι,
2635 2715 2759 2770 οὐτε
2800 2716 2906 2787 μὴν
2936 2717 3184 2786 ὑφαιρεῖν
3214 2715 3355 2769 κατά
3378 2715 3445 2769 τά
3469 2714 3879 2785 προορισθέντα,

2301 2807 2575 2873 παντελῶς
2604 2807 2997 2879 διεγνώκαμεν,
3031 2809 3064 2880 ἢ
3094 2807 3216 2863 καθ’
3250 2808 3526 2864 ὁντιναοῦν
3552 2806 3884 2879 δεδυνήμεθα

2297 2902 2474 2972 λόγον.

2363 3015 2465 3087 ογ’.
2496 3015 2604 3070 Τοῦ
2625 3013 2890 3082 ζωοποιοῦ
2927 3015 3161 3085 σταυροῦ
3204 3013 3484 3081 δείξαντος
3524 3014 3659 3084 ἡμῖν
3688 3013 3751 3067 τὸ
3781 3030 3885 3067 σω-

2292 3109 2509 3181 τήριον,
2541 3109 2726 3163 πᾶσαν
2761 3108 2998 3179 σπουδὴν
3028 3108 3177 3179 ἡμᾶς
3202 3106 3413 3160 τιθέναι
3444 3108 3552 3176 χρὴ
3583 3104 3679 3159 τοῦ
3717 3107 3883 3178 τιμὴν

619 3213 714 3266 per
751 3212 913 3266 quam
958 3196 1027 3249 ab
1070 3198 1298 3266 antiquo
1349 3197 1504 3265 lapsu
1553 3197 1749 3251 salvati
1798 3213 2017 3261 sumus,
2070 3212 2193 3252 eum

2300 3202 2395 3273 τὴν
2421 3201 2580 3267 ἀξίαν
2610 3202 2920 3256 ἀποδιδόναι
2941 3201 3019 3271 τῷ
3035 3201 3103 3255 δι’
3120 3195 3180 3255 οῦ
3200 3198 3525 3270 σεσώσμεθα
3540 3198 3635 3253 τοῦ
3658 3199 3885 3253 παλαιοῦ

618 3302 781 3356 quem
819 3303 915 3356 par
943 3297 1029 3342 est
1071 3287 1335 3342 honorem
1379 3288 1698 3343 habeamus.
1746 3286 2115 3353 Quamobrem
2150 3298 2205 3344 et

620 3386 820 3442 mente,
854 3384 909 3432 et
949 3392 1226 3441 sermone,
1284 3385 1339 3431 et
1365 3392 1531 3432 sensu
1584 3376 1963 3432 adorationem
2017 3379 2067 3432 ei
2100 3378 2203 3433 tri-

618 3468 870 3533 buentes,
925 3467 1107 3521 crucis
1142 3466 1365 3537 ﬁguras,
1421 3482 1543 3535 quae
1589 3482 1621 3521 a
1674 3467 1957 3522 nonnullis
1995 3467 2050 3521 in
2088 3468 2207 3524 solo

620 3573 685 3612 ac
732 3558 1044 3627 pavimento
1099 3557 1255 3623 ﬁunt,
1311 3558 1536 3613 omnino
1601 3557 2081 3627 delerijubemus,
2138 3572 2209 3614 ne

620 3650 986 3705 incedentium
1052 3649 1474 3705 conculcatione
1538 3649 1789 3704 victoriae
1864 3649 2025 3703 nobis
2084 3658 2199 3704 tro-

623 3758 794 3811 paeum
826 3742 1025 3812 injuria
1064 3742 1352 3798 aﬁiciatur.
1400 3741 1508 3798 Eos
1543 3743 1749 3813 itaque,
1800 3742 1895 3811 qui
1942 3742 2199 3813 deinceps

622 3832 802 3888 crucis
840 3832 1058 3903 signum
1084 3833 1137 3888 in
1171 3834 1291 3889 solo
1314 3842 1662 3901 construunt,
1695 3832 1973 3905 segregari
2006 3834 2199 3889 decer-

624 3939 831 3979 mmus.

689 4057 779 4113 8|.
821 4056 1092 4121 Quoniam
1136 4056 1190 4110 in
1256 4056 1538 4111 nonnullis
1610 4055 1747 4112 locis
1796 4054 2089 4113 didicimus
2139 4056 2194 4112 in

620 4147 843 4219 hymno,
864 4163 975 4217 quo
1015 4157 1095 4202 ter
1131 4158 1355 4204 sanctus
1410 4151 1647 4212 canitur,
1682 4149 2041 4205 additamenti
2076 4150 2198 4205 loco

615 4239 721 4293 dici
771 4248 894 4308 post
941 4239 1095 4303 illud,
1178 4240 1413 4295 Sanctus
1468 4240 1817 4307 immortalis,
1892 4240 2018 4306 hoc,
2086 4237 2193 4305 Qui

618 4330 915 4385 cruciﬁxus
952 4345 1012 4385 es
1064 4346 1163 4400 pro
1211 4332 1385 4398 nobis,
1448 4333 1711 4387 miserere
1779 4333 1974 4388 nostri.
2006 4333 2061 4387 Id
2100 4348 2202 4387 au-

619 4431 728 4476 tem
755 4422 824 4476 ab
851 4424 1092 4493 antiquis
1131 4424 1336 4480 sanctis
1370 4423 1641 4490 Patribus,
1677 4434 1736 4479 ut
1766 4440 1795 4479 a
1826 4424 2031 4494 pietate
2066 4425 2201 4480 alie-

2300 3292 2751 3365 παραπτώματος
2778 3311 2795 3327 ο
2826 3293 2951 3347 ὅθεν
2978 3293 3073 3347 καὶ
3097 3291 3174 3362 νῷ
3193 3291 3288 3346 καὶ
3319 3290 3464 3362 λόγῳ
3493 3291 3588 3344 καὶ
3620 3290 3886 3362 αἰσθήσει,

2301 3385 2400 3457 τὴν
2454 3385 2835 3456 προσκύνησιν
2879 3383 3030 3455 αὐτῷ
3081 3382 3471 3453 ἀπονέμοντες,
3527 3383 3656 3446 τοὺς
3714 3385 3771 3436 ὲν
3813 3382 3891 3454 τῷ

2302 3475 2487 3544 ἐδάφει
2514 3473 2615 3527 τοῦ
2637 3475 2879 3546 σταυροῦ
2910 3472 3115 3536 τύπους
3145 3472 3251 3526 ὐπό
3280 3488 3444 3526 τινων
3478 3474 3895 3538 κατασκευαζο-

2308 3565 2523 3636 μένους,
2556 3564 2979 3634 ἐξαφανίζεσθαι
3010 3565 3281 3627 παντοίως
3328 3564 3747 3635 προστάσσομεν
3769 3581 3781 3595 ·
3818 3565 3894 3630 ὡς

2304 3657 2371 3711 ἂν
2399 3658 2475 3730 μὴ
2499 3660 2564 3729 τῇ
2602 3656 2712 3711 τῶν
2746 3657 3073 3728 βαδιζόντων
3095 3656 3496 3726 καταπατήσει,
3530 3657 3591 3709 τὸ
3618 3657 3718 3727 τῆς
3739 3657 3895 3726 νίκης

2304 3750 2436 3820 ἡμῖν
2464 3749 2724 3821 τρόπαιον
2774 3750 3112 3821 ὲξυϐρίζοιτο
3137 3765 3151 3779 ο
3186 3749 3314 3813 τοὺς
3362 3743 3457 3802 οῦν
3495 3748 3604 3801 ἀπὸ
3647 3749 3739 3802 τοῦ
3799 3747 3895 3803 νῦν

2308 3838 2543 3908 σταυροῦ
2620 3838 2792 3893 τύπον
2859 3839 2955 3893 ἐπὶ
3024 3838 3254 3909 ἐδάφους
3334 3838 3888 3905 κατασκευάζοντας,

2304 3928 2560 4000 ὁρίζομεν
2604 3927 2983 3998 ἀφορίζεσθαι.

2374 4059 2488 4116 πα⁹.
2532 4061 2863 4133 Ἐπειδήπερ
2902 4059 2960 4115 ἐν
2996 4077 3108 4114 τισι
3138 4059 3342 4132 χώραις
3373 4058 3802 4131 μεμαθήκαμεν,
3830 4059 3889 4112 ὲν

2296 4151 2375 4223 τῷ
2420 4151 2701 4223 Τρισαγίῳ
2761 4151 2932 4222 ὕμνῳ,
2981 4151 3040 4205 ὲν
3066 4150 3387 4222 προσθήκης
3430 4152 3586 4221 μέρει
3630 4152 3895 4220 ἐκφωνεῖ-

2301 4244 2424 4298 σθαι
2460 4242 2599 4314 μετὰ
2620 4243 2698 4307 τὸ,
2728 4243 2918 4311 ’Ἀγιος
2936 4242 3219 4308 ἀθάνατος,
3240 4245 3267 4295 ὁ
3290 4243 3625 4312 σταυρωθεὶς
3643 4243 3708 4294 δι’
3725 4243 3890 4312 ἡμᾶς,

2298 4334 2520 4406 ἐλέησον
2550 4336 2719 4404 ἡμᾶς,
2755 4332 2927 4386 Τοῦτό
2963 4350 3023 4385 τε
3074 4333 3181 4386 ὑπὸ
3213 4333 3323 4386 τῶν
3364 4334 3533 4387 πάλαι
3574 4333 3746 4401 ἁγίων
3780 4334 3892 4385 Πα-

2302 4426 2495 4496 τέρων,
2525 4425 2601 4489 ώς
2628 4425 2728 4495 τῆς
2775 4424 3059 4488 εὐσεϐείας
3103 4425 3389 4497 ἀλλότριον
3417 4427 3483 4479 ὲκ
3526 4424 3619 4477 τοῦ
3653 4423 3889 4478 τοιούτου

620 4529 774 4578 num,
806 4528 871 4568 ex
923 4514 1028 4568 hoc
1063 4515 1265 4585 hymno
1318 4515 1554 4584 ejectum
1610 4528 1694 4570 est
1748 4530 1875 4569 cum
1935 4514 2198 4570 scelerato

2301 4485 2557 4589 ἀπηλάθη
2583 4485 2787 4586 vlim-eoo,
2826 4517 2923 4570 σὺν
2955 4485 3173 4588 τῷψτὴν
3216 4485 3474 4588 τοιαύτην
3501 4517 3685 4587 φωνὴν
3733 4533 3889 4569 καιν-

618 4604 881 4659 Ιιιετειίοο
911 4604 1009 4674 (2),
1041 4605 1135 4675 qui
1171 4605 1312 4660 hanc
1343 4620 1534 4661 vocem
1569 4606 1850 4663 innovavit
1883 4625 1897 4661 ε
1933 4622 2035 4662 nos
2065 4622 2202 4677 quo-

626 4710 735 4764 que
774 4698 1167 4752 conﬁrmantes
1206 4712 1296 4765 ea,
1329 4714 1452 4767 qua:
1484 4714 1514 4753 a
1547 4699 1755 4754 sanctis
1788 4699 1991 4754 nostris
2022 4699 2203 4753 Patri-

617 4787 723 4841 bus
773 4788 929 4857 prius
976 4789 1065 4858 pie
1103 4791 1408 4845 constituta
1462 4799 1612 4855 sunt,
1656 4791 2203 4857 anathematizamus

616 4889 733 4938 eos,
782 4877 876 4944 qui
914 4889 1037 4948 post
1078 4895 1321 4949 praesens
1365 4881 1646 4936 decretum
1690 4882 1964 4951 ejusmodi
2012 4897 2201 4937 vocem

616 4966 917 5024 admittunt
964 4970 1019 5024 in
1050 4972 1323 5036 ecclesiis,
1369 4974 1454 5027 vel
1494 4974 1683 5043 aliquo
1734 4974 1843 5027 alio
1878 4975 2038 5028 modo
2071 4989 2200 5029 san-

615 5058 862 5117 ctissimo
892 5060 1097 5133 hymno
1121 5062 1445 5133 adjungunt.
1472 5064 1537 5120 Et
1566 5064 1612 5120 si
1637 5073 1722 5121 est
1751 5065 1973 5136 quidem
2011 5081 2197 5121 sacer-

2297 4611 2625 4683 ουργήσαντι
2654 4609 2958 4680 παρανόμῳ
3009 4610 3305 4681 αίρετικῷ·
3335 4611 3429 4663 καὶ
3454 4610 3619 4679 ἡμεῖς
3662 4607 3890 4677 κυροῦν-

2301 4718 2391 4764 τες
2426 4701 2494 4754 τὰ
2521 4700 2650 4770 περὶ
2683 4699 2792 4753 τῶν
2821 4699 2995 4769 ἁγίων
3024 4701 3171 4754 Πατέ
3182 4719 3291 4773 ρων
3313 4700 3470 4772 ἡμῶν
3497 4701 3628 4771 πρὶν
3653 4698 3890 4761 εὐσεϐῶς

2303 4790 2798 4861 θεσμοθετηθέντα,
2829 4790 3302 4862 ἀναθεματίζομεν
3340 4792 3467 4854 τούς
3510 4789 3592 4843 ἔτι
3629 4788 3766 4860 μετὰ
3799 4786 3886 4840 τὸν

2302 4882 2550 4950 παρόντα
2601 4882 2727 4953 ὅρον
2777 4881 3255 4953 παραδεχομένους
3297 4881 3399 4952 τὴν
3446 4880 3705 4951 τοιαύτην
3750 4878 3887 4933 οὕτω

2305 4972 2490 5043 φωνὴν
2536 4973 2623 5025 ἐπ’
2677 4971 3014 5043 ἐκκλησίαις,
3045 4973 3079 5042 ἢ
3110 4972 3288 5036 άλλως
3328 4987 3444 5035 πως
3486 4971 3565 5043 τῷ
3612 4967 3890 5042 Τρισαγίῳ

2306 5064 2460 5137 ὕμνῳ
2507 5067 2900 5129 συνάπτοντας.
2949 5063 3059 5117 Καὶ
3097 5065 3145 5119 εί
3191 5065 3295 5136 μὲν
3350 5064 3625 5136 ίερατικός
3680 5063 3827 5115 ἐστιν
3862 5062 3890 5115 ὁ

2166 5244 2397 5304 ΝΟΤίΕ.

686 5403 768 5473 (3)
831 5401 907 5481 De
952 5405 1318 5481 qualicunque
1377 5408 1606 5465 Honorii
1660 5410 1715 5464 in
1769 5418 1925 5466 sexta
1984 5408 2195 5481 synodo

613 5473 985 5550 damnatione,
1026 5473 1242 5531 diutius
1273 5493 1381 5532 non
1412 5490 1497 5535 est
1523 5481 1911 5549 disputandum
1936 5473 2060 5550 post
2088 5480 2194 5533 Ba-

614 5543 831 5599 ronium
855 5543 2059 5621 consecutosque_polemicos'p|urimos.'Ego
2090 5551 2193 5605 hoc

618 5628 789 5690 unum
817 5615 1142 5690 _adno_t_abo,_
1176 5615 1334 5685 quod?
1377 5634 1595 5690 nempe;
1623 5615 1678 5673 in
1720 5621 1901 5674 libello
1929 5615 2193 5690 synodico

622 5682 765 5752 apud
809 5680 1234 5755 Justellum’jur.
1265 5702 1388 5743 can.
1426 5680 1518 5761 gr:
1555 5688 1618 5742 T.
1659 5692 1721 5756 ll,
1759 5705 1790 5760 p
1861 5680 2191 5745 1203-1109.

2302 5408 2357 5463 in
2392 5407 2490 5479 (tot
2532 5407 2657 5463 aliis
2687 5407 2965 5479 synodicis
3008 5405 3459 5479 damnationibus
3507 5402 3887 5457 monothelita-

2300 5493 2423 5532 rum
2453 5477 2652 5552 sergii,
2685 5477 2907 5549 Pyrrhi,
2947 5487 3003 5533 et
3045 5479 3196 5552 Cyri,
3232 5477 3458 5552 Honorii
3498 5489 3695 5552 nomen
3731 5486 3883 5552 pror:

2302 5564 2398 5603 sus
2424 5542 2874 5618 reticéturfqua:
2894 5542 2992 5604 res
3038 5542 3159 5605 sine
3184 5542 3468 5618 veritatis
3500 5542 3737 5613 impulsu
3770 5542 3879 5594 ﬁeri

2302 5627 2410 5700 tam
2447 5613 2789 5676 concorditer
2810 5635 2843 5676 a
2881 5618 3109 5688 Graecis,
3140 5618 3287 5674 Italis
3359 5613 3615 5686 Afrisque
3642 5628 3751 5668 non
3784 5627 3880 5682 po.

2306 5697 2432 5745 tuit.
