4122 6524
322 458 441 525 449

1236 458 1634 520 SYNTAGMA
1666 451 2050 519 CANONUM.
2092 479 2159 492 -
2193 453 2343 513 TIT.
2372 452 2421 526 Ι,
2454 451 2613 514 CAP.
2654 451 2739 514 II.

3501 451 3606 519 450

346 571 691 645 παραϐάτης
716 572 825 627 τῶν
869 571 1220 644 ὁρισθέντων,
1259 568 1705 641 ἀπογυμνοῦσθαι
1742 566 1909 620 τοῦτο

2032 563 2200 618 dotali
2240 562 2503 633 dignitate
2528 562 2732 631 privari
2754 560 3015 631 jubemus
3048 579 3063 617 :
3096 562 3183 618 sin
3214 570 3396 618 autem
3430 562 3605 618 laicus

322 668 433 738 τῆς
465 666 745 736 ἱερατικῆς
790 664 948 729 ἀξίας
989 662 1434 735 προστάσσομεν·
1470 662 1521 715 εί
1565 660 1623 714 δὲ
1658 659 1849 723 λαῖκδς
1876 658 1911 729 ἢ

328 757 592 829 μοναχδς,
619 755 997 826 ἀφορίζεσθαι.

444 848 659 902 Βιϐλιον
682 850 763 912 A',
788 849 894 903 τίτ.
928 847 999 912 α’,
1033 844 1273 913 διάταξις
1298 850 1370 909 α’,
1411 842 1474 911 ε’,
1506 844 1597 909 ς”,
1630 843 1697 909 ζ’,
1728 847 1801 910 η’.

406 938 657 992 ΚΕΦΑΛ.
681 940 757 994 B'.
782 970 853 984 -—
869 938 1085 1004 Ποίους
1102 936 1197 991 δεῖ
1212 937 1472 1002 κανόνας
1493 935 1757 1003 κρατεῖν.

664 1113 890 1167 Συνόδου
920 1113 1264 1185 Χαλκηδόνος
1294 1116 1477 1168 κανὼν
1504 1121 1574 1169 α’.

407 1212 476 1260 α’.
504 1207 643 1271 Τοὺς
680 1206 834 1279 παρὰ
863 1207 971 1260 τῶν
1016 1207 1190 1276 ἁγίων
1221 1208 1482 1280 Πατέρων
1517 1208 1639 1261 καθ’
1670 1207 1905 1276 ἑκάστην

331 1299 551 1353 σύνοδον
594 1301 722 1371 ἄχρι
755 1299 850 1354 τοῦ
878 1298 975 1355 νῦν
1013 1298 1332 1365 ὲκτεθέντας
1379 1300 1635 1367 κανόνας,
1685 1303 1908 1372 κρατεῖν

330 1391 752 1461 ὲδικαιώσαμεν.

615 1484 883 1539 Συνόδου
914 1481 1332 1553 Καρθατέννης
1358 1482 1558 1538 κανὼν
1589 1490 1657 1539 α’.

408 1572 476 1628 α’.
521 1574 707 1627 Ταῦτα
762 1572 938 1637 οὕτως
975 1577 1107 1644 παρ’
1144 1576 1276 1645 ἡμῖν
1310 1574 1501 1646 έχοντα
1550 1576 1621 1629 τὰ
1656 1575 1748 1630 ῐσα
1797 1575 1907 1630 τῶν

328 1666 679 1736 δρισθέντων,
708 1666 851 1738 ειπερ
902 1667 1023 1720 τότε
1053 1670 1101 1721 οἱ
1143 1668 1385 1738 Πατέρες
1424 1668 1582 1739 ⁴ἡμῶν
1613 1671 1678 1723 ὲκ
1713 1669 1815 1740 τῆς
1847 1671 1905 1724 ὲν

330 1759 539 1829 Νικαίᾳ
559 1760 776 1812 συνόδου
810 1760 928 1831 μεθ’
966 1758 1179 1815 ἑαυτῶν
1216 1763 1563 1832 κατήγαγονο
1596 1756 1667 1835 ἧς
1694 1762 1785 1815 τὸν
1808 1762 1906 1814 τύ-

332 1867 437 1901 πον
483 1848 820 1917 φυλάττοντα
870 1849 937 1903 τὰ
994 1849 1240 1920 ἑπόμενα
1286 1852 1382 1906 καὶ
1437 1851 1731 1924 ὁρισθέντα
1774 1852 1903 1925 παρ’

331 1941 512 2011 ἡμῶν,
549 1940 918 2009 βεϐαιωθέντα
947 1942 1316 2013 φυλαχθῶσιν.

543 2034 817 2088 Συνόδου
847 2035 1265 2104 οἱκουμενικῆς
1300 2042 1375 2101 ς’,
1404 2036 1605 2093 κανὼν
1633 2035 1699 2107 β’.

402 2123 666 2195 β’.“Ἐδοξε
702 2126 762 2178 δὲ
793 2128 889 2180 καὶ
912 2127 1070 2180 τοῦτο
1102 2131 1168 2200 τῇ
1193 2129 1324 2200 ἁγίᾳ
1351 2129 1523 2201 ταύτῃ
1553 2129 1756 2198 συνόδῳ
1780 2126 1914 2183 κάλ-

330 2218 489 2271 λιστά
521 2234 578 2270 τε
626 2218 723 2270 καὶ
776 2219 1192 2283 σπουδαιότατα,
1224 2218 1364 2274 ὥστε
1424 2221 1605 2292 μένειν
1657 2221 1751 2274 καὶ
1804 2220 1915 2275 ἀπὸ

332 2309 427 2363 τοῦ
459 2310 552 2363 νῦν
598 2309 849 2379 βεϐαίους
898 2313 993 2365 καὶ
1021 2312 1312 2380 ἀσφαλεῖς,
1350 2313 1488 2383 πρὸς
1516 2312 1703 2385 ψυχῶν
1748 2312 1912 2383 θερα-

334 2403 492 2454 πείαν
524 2402 620 2454 καὶ
653 2402 894 2473 ἰατρείαν
940 2402 1155 2466 παθῶν,
1181 2404 1308 2467 τοὺς
1350 2404 1456 2457 ὑπὸ
1485 2404 1595 2458 τῶν
1624 2404 1730 2475 πρὸ
1757 2405 1916 2477 ήμῶν

336 2489 506 2555 ἁγίων
539 2490 632 2541 καὶ¹
661 2490 950 2561 μακαρίων
991 2492 1252 2562 Πατέρων
1278 2492 1568 2563 λεχθέντας
1597 2495 1692 2548 καὶ
1730 2511 1916 2565 κυρω-

334 2580 547 2646 θέντας,
591 2579 727 2635 ἀλλά
776 2580 884 2653 μὴν
910 2582 1009 2636 καὶ
1057 2584 1461 2654 παραδοθέντας
1503 2587 1654 2657 ἡμῖν,
1690 2587 1915 2656 ὀνόματι

332 2672 445 2725 τῶν
494 2671 664 2739 ἁγίων
709 2672 805 2727 καὶ
866 2673 1093 2740 ἐνδόξων
1136 2675 1485 2744 ἀποστόλων,
1520 2677 1607 2731 πε’
1656 2678 1911 2743 κανόνας.

351 2763 569 2836 Ἐπειδὴ
595 2765 652 2819 δὲ
676 2766 736 2819 ὲν
759 2764 970 2830 τούτοις
1005 2768 1120 2832 τοίς
1148 2769 1368 2824 κανόσιν
1402 2766 1739 2835 ιντέταλται,
1762 2769 1916 2841 δέχε-

337 2854 463 2907 σθαι
489 2858 635 2925 ἡμᾶς
660 2856 761 2922 τὰς
781 2856 890 2911 τῶν
916 2859 1097 2913 αὐτῶν
1123 2859 1291 2929 ἁγίων
1318 2862 1633 2916 ἀποστόλων
1654 2863 1743 2917 διά
1768 2863 1918 2934 Κλή-

337 2963 527 3016 μεντος
550 2948 843 3015 διατάξεις,
861 2945 1063 3004 αἷστισι
1112 2951 1279 3006 πάλαι
1309 2952 1415 3007 ὑπὸ
1441 2952 1551 3007 τῶν
1571 2955 1914 3026 ἑτεροδόξων,

334 3038 429 3091 hei.
455 3038 601 3112 λύμῃ
632 3043 732 3112 τῆς
768 3041 1118 3115 Ἐκκλησίας,
1149 3044 1280 3098 νόθα
1308 3044 1430 3099 τινὰ
1467 3045 1593 3111 ξένα
1635 3047 1733 3116 τῆς
1757 3047 1913 3100 εὐσε-

334 3129 488 3193 ϐείας
519 3133 981 3203 παρενετέθησαν,
1004 3135 1064 3189 τὸ
1093 3136 1368 3210 εὐπρεπὲς
1396 3139 1591 3203 κάλλος
1620 3140 1725 3193 τῶν
1757 3140 1915 3194 θείων

2018 652 2105 708 vel
2136 651 2467 718 monachus,
2498 650 2791 719 segregari.

2190 838 2354 893 Liber
2385 836 2426 904 Ι,
2455 838 2537 892 tit.
2571 853 2632 903 ιι,
2663 837 2984 893 constitutio
3021 839 3073 903 1,
3112 839 3166 904 5,
3200 839 3253 906 6,
3278 843 3329 902 7,
3364 840 3417 895 8.

2085 929 2241 984 CAP.
2276 930 2343 985 II.
2374 960 2439 969 —
2480 928 2677 995 Quales
2711 946 2934 985 canones
2969 941 3204 997 oporteat
3225 933 3602 986 auctoritatem

2015 1025 2257 1077 retinere.

2312 1114 2759 1169 Chalcedonensis
2803 1114 3012 1169 concilii
3041 1130 3211 1169 canon
3242 1115 3296 1169 1.

2088 1208 2139 1261 1.
2174 1206 2335 1273 Quia
2375 1208 2581 1263 sanctis
2644 1206 2893 1262 Patribus
2918 1208 2971 1260 in
3022 1221 3351 1276 unaquaque
3391 1206 3600 1277 synodo

2014 1298 2304 1367 hucusque
2327 1298 2562 1366 expositi
2594 1307 2745 1361 sunt,
2789 1296 3073 1353 observari
3104 1312 3349 1354 canones
3378 1313 3596 1369 aequum

2014 1390 2352 1446 censuimus.

2310 1480 2539 1536 Concilii
2583 1482 3012 1553 Carthaginensis
3053 1500 3222 1538 canon
3252 1484 3303 1537 1.

2084 1569 2136 1624 1.
2170 1570 2414 1625 Aurelius
2450 1573 2719 1640 episcopus
2752 1572 2887 1624 dixit
2919 1572 3030 1641 ('5‘)
3059 1589 3073 1626 :
3103 1573 3160 1642 8
3188 1570 3311 1626 Haec
3347 1572 3419 1626 ita
3452 1572 3596 1641 apud

2015 1678 2117 1718 nos
2141 1662 2413 1718 habentur
2438 1662 2771 1732 exemplaria
2807 1673 3159 1728 statutorum,
3189 1679 3311 1733 quae
3337 1672 3465 1718 tunc
3495 1664 3597 1718 Pa-

2014 1762 2122 1808 tres
2153 1754 2323 1809 nostri
2349 1754 2417 1809 de
2452 1755 2688 1809 concilio
2744 1753 2965 1809 Nicaeno
2998 1770 3185 1810 secum
3233 1756 3547 1811 detulerunt
3577 1769 3594 1809 :

2011 1845 2171 1914 cujus
2209 1846 2438 1900 formam
2477 1855 2783 1913 servantes,
2824 1846 2939 1902 haec
2974 1862 3097 1917 quae
3122 1828 3427 1918 sequuntur
3461 1863 3597 1903 con-

1933 1915 1981 1976 Β
2018 1937 2212 1993 stituta
2238 1977 2255 2005 ,
2296 1939 2511 1992 ﬁrmata
2538 1952 2566 1992 a
2602 1936 2762 1992 nobis
2800 1915 3203 1995 custodientur.

2316 2028 2546 2084 Concilii
2572 2030 2875 2083 occumenici
2906 2045 2984 2095 vr,
3016 2046 3186 2083 canon
3216 2030 3273 2084 2.

2080 2122 2134 2175 2.
2171 2120 2286 2177 Hoc
2334 2136 2552 2192 quoque
2586 2122 2713 2176 huic
2745 2129 2951 2177 sancta:
2992 2122 3203 2192 synodo
3232 2119 3595 2191 pulcherrime

2010 2221 2064 2267 et
2094 2211 2487 2268 honestissime
2543 2213 2766 2283 placuit,
2809 2221 2869 2267 ut
2928 2213 3000 2268 ab
3038 2214 3142 2268 hoc
3170 2228 3319 2267 nunc
3352 2222 3595 2282 tempore

2011 2303 2269 2372 deinceps
2292 2303 2357 2357 ad
2392 2303 2703 2359 animarum
2746 2304 3012 2359 medelam
3044 2314 3097 2358 et
3118 2304 3592 2374 perturbationum

2013 2398 2349 2449 curationem
2381 2394 2523 2450 tirmi
2544 2395 2882 2465 stabilesque
2909 2404 3186 2463 maneant,
3214 2397 3307 2466 qui
3339 2411 3368 2449 a
3390 2396 3593 2451 sanctis

2013 2486 2272 2543 Patribus
2303 2488 2393 2558 qui
2431 2503 2535 2543 nos
2565 2498 2992 2557 prmeesserunt,
3025 2488 3265 2558 suscepti
3300 2504 3363 2543 ac
3393 2489 3593 2543 conﬁr-

2015 2580 2306 2644 mati'sunt,
2322 2590 2486 2649 atque
2498 2579 2634 2634 adeo
2653 2579 2812 2635 nobis
2824 2580 2985 2633 etiam
3006 2580 3184 2634 traditi
3204 2588 3353 2646 sunt,
3369 2588 3595 2634 sancto-

2014 2685 2140 2724 rum
2168 2678 2223 2725 et
2251 2670 2611 2742 gloriosorum
2664 2671 3032 2741 apostolorum
3065 2672 3287 2725 nomine
3314 2672 3589 2741 octnginta

2014 2762 2257 2831 quinque
2278 2776 2536 2817 canones.
2564 2762 2835 2828 Quoniam
2856 2772 3038 2817 autem
3062 2762 3119 2816 in
3137 2762 3221 2817 his
3238 2762 3398 2817 nobis
3424 2776 3590 2818 cano-

2014 2854 2176 2909 nibus
2189 2865 2520 2924 praeceptum
2533 2864 2701 2920 est,ut
2714 2856 3029 2909 eorumdem
3045 2865 3358 2909 sanctorum
3376 2865 3587 2924 aposto~

2015 2946 2189 3000 lorum
2231 2962 2323 3017 per
2344 2945 2676 3001 Clementem
2714 2948 3140 3001 constitutiones
3183 2947 3592 3016 susciperemus

2014 3034 2218 3104 quibus
2254 3035 2367 3104 jam
2400 3035 2533 3088 olim
2583 3034 2652 3088 ab
2679 3035 2746 3089 iis
2781 3034 2874 3105 qui
2905 3035 3011 3089 ﬁde
3051 3035 3225 3089 aliena
3258 3036 3499 3089 sentiunt
3523 3034 3591 3089 ad

2014 3126 2189 3181 labem
2226 3125 2484 3181 Ecclesiae
2519 3127 2946 3197 aspergendam,
2998 3127 3302 3182 adulterina
3344 3128 3589 3196 quaedam

332 3221 618 3290 δογμάτων
645 3225 779 3294 ἡμῖν
802 3226 1223 3298 ἀμαυρώσαντα,
1248 3232 1347 3300 τὴν
1374 3231 1482 3284 τῶν
1515 3230 1771 3285 τοιούτων
1794 3232 1905 3285 δια-

2017 3226 2072 3272 et
2108 3233 2134 3269 a
2162 3218 2364 3287 pietate
2403 3218 2580 3271 aliena
2612 3216 2921 3272 introducta
2960 3228 3107 3282 sunt,
3134 3233 3255 3287 quae
3283 3219 3592 3272 divinorum

328 3312 540 3391 τάξεων
573 3316 1203 3392 προσφόρωςάποὸολὴν
1245 3321 1595 3392 πεποιήμεθα
1634 3322 1769 3392 ergo;
1808 3324 1908 3392 τὴν

2021 3309 2181 3362 nobis
2220 3309 2568 3364 decretorum
2600 3310 2901 3379 elegantem
2949 3324 3012 3363 ac
3056 3310 3309 3364 decoram
3357 3311 3591 3379 speciem

328 3388 426 3434 τού
502 3388 1020 3452 χριστιανικωτάτου
1110 3388 1361 3459 ποιμνίου
1433 3388 1731 3463 ὀἰκοδομῆν
1818 3388 1913 3447 καὶ

330 3473 671 3540 ἀσφάλειαν,
739 3475 991 3547 οὐδαμῶς
1061 3478 1410 3550 ἐγκρίνοντες
1480 3481 1549 3534 τὰ
1600 3482 1701 3551 τῆς
1761 3484 1915 3554 αίρε-

327 3564 491 3633 τικῆς
539 3564 886 3637 ψευδολογίας
942 3570 1218 3640 κυήματα,
1272 3573 1367 3626 καὶ
1425 3576 1493 3645 τῇ
1540 3576 1741 3647 γνησίᾳ
1805 3576 1915 3630 τῶν

328 3656 645 3711 ἀποστόλων
683 3659 775 3711 καὶ
804 3660 1080 3733 ὁλοκλήρῳ
1100 3662 1287 3733 διδαχῇ
1316 3666 1748 3737 παρενείροντες.
1766 3668 1916 3721 Ἐπι-

330 3748 710 3819 σφραγίζομεν
747 3750 804 3803 δὲ
845 3752 940 3805 καὶ
1003 3754 1132 3816 τοὺς
1177 3755 1395 3818 λοιποὺς
1451 3758 1659 3822 πάντας
1735 3759 1914 3830 ἱεροὺς

328 3835 585 3903 κανόνας,
640 3837 744 3890 ὑπὸ
787 3839 896 3892 τῶν
954 3841 1123 3910 ἁγίων
1172 3844 1267 3897 καὶ
1316 3847 1604 3918 μακαρίων
1655 3848 1914 3919 Πατέρων

330 3926 489 3997 ἡμῶν
543 3929 899 3997 ἑκτεθέντας,
937 3934 1182 3989 τουτέστι
1220 3937 1328 3991 τῶν
1356 3955 1415 3991 τε
1463 3941 1522 3992 ἐν
1550 3941 1754 4011 Νικαία
1786 3958 1913 3994 συν-

328 4021 401 4070 αθ
409 4020 729 4090 ροισθέντων
746 4024 852 4094 τιη¹
869 4025 1038 4093 ἁγίων
1052 4027 1330 4098 Πατέρων,
1350 4029 1563 4085 καὶτῶν
1578 4033 1636 4085 ὲν
1650 4033 1916 4106 Ἀγκύρᾳ,

330 4108 412 4161 ἔτι
427 4110 533 4181 μὴν
549 4112 764 4166 καὶτῶν
784 4116 842 4167 ὲν
862 4116 1284 4189 Νεοκαισαρείᾳ,
1323 4119 1583 4185 ὡσαύτως
1607 4123 1701 4175 καὶ
1722 4123 1832 4176 τῶν
1854 4125 1912 4177 ὲν

330 4198 633 4270 Γάγγραις,
661 4203 798 4272 πρὸς
820 4203 875 4256 δὲ
897 4205 992 4257 καὶ
1018 4206 1127 4259 τῶν
1147 4208 1205 4261 ιν
1245 4209 1547 4281 Ἀντιοχείᾳ
1568 4211 1667 4281 τῆς
1687 4213 1908 4284 Συρίας,

330 4288 473 4342 ἀλλὰ
495 4292 603 4361 μὴν
623 4292 719 4345 καὶ
738 4294 847 4347 τῶν
869 4296 926 4348 ὲν
943 4296 1236 4369 Λαοδικείᾳ
1255 4298 1355 4368 τῆς
1374 4302 1633 4372 Φρυγίας,
1650 4302 1913 4369 ὡσαύτως

329 4383 427 4435 καὶ
452 4382 560 4437 τῶν
586 4384 645 4437 ὲν
670 4385 930 4459 Σαρδικῇ,
956 4388 1037 4442 ἔτι
1068 4388 1173 4462 μὴν
1198 4391 1294 4446 καὶ
1316 4393 1425 4447 τῶν
1449 4394 1507 4448 ἐν
1528 4396 1909 4469 Καρθαγέννῃ,

332 4472 557 4543 προσέτι
592 4474 689 4528 καὶ
736 4474 847 4530 τῶν
879 4474 960 4548 ρν¹
991 4478 1101 4533 τῶν
1132 4481 1190 4534 ὲν
1230 4482 1404 4553 ταύτῃ
1446 4487 1514 4556 τῇ
1562 4485 1911 4559 θεοφυλάκτῳ

2017 3400 2412 3464 obscurarum,
2468 3402 2568 3453 bas
2598 3400 3017 3456 constitutiones
3038 3400 3105 3455 ad
3152 3399 3593 3455 christianissimi

2017 3492 2193 3562 gregis
2222 3491 2639 3546 aediﬁcationem
2685 3506 2749 3546 ac
2784 3493 3134 3547 securitatem
3177 3493 3595 3547 conducibiliter

2016 3583 2344 3653 rejecimus,
2400 3581 2665 3637 haeretica
2722 3581 2980 3638 falsitatis
3039 3581 3180 3637 fetus
3245 3596 3591 3651 nequaquam

2022 3671 2386 3728 admittentes
2417 3714 2434 3740 ,
2462 3681 2516 3727 et
2544 3689 2819 3745 germana:
2847 3689 2912 3728 ac
2956 3674 3175 3742 integra:
3222 3673 3593 3742 apostolorum

2017 3762 2281 3818 doctrina:
2322 3765 2646 3822 inserentes.
2714 3766 3081 3836 Obsignamus
3129 3766 3291 3820 etiam
3356 3766 3595 3835 reliquos

2016 3862 2209 3905 omnes
2239 3864 2500 3917 canones,
2533 3853 2629 3922 qui
2667 3868 2699 3907 a
2735 3855 2939 3911 sanctis
2964 3863 3017 3908 et
3050 3854 3222 3909 beatis
3257 3855 3459 3909 nostris
3488 3853 3594 3908 Pa-

2015 3939 2192 3994 tribus
2224 3941 2459 4010 expositi
2485 3950 2649 4009 sunt,
2688 3942 2741 3997 id
2784 3952 2891 4009 est,
2923 3958 2953 3997 a
2999 3943 3255 3998 trecentis
3303 3943 3490 3997 decem
3538 3952 3595 3998 et

2013 4038 2139 4084 octo
2169 4031 2380 4085 sanctis
2410 4047 2474 4087 ac
2521 4032 2749 4088 deiferis
2782 4032 3063 4100 Patribus,
3097 4035 3190 4104 qui
3227 4034 3418 4088 Nicaeae
3455 4049 3593 4089 con-

2017 4134 2319 4191 venerunt;
2351 4125 2526 4195 iisque
2555 4126 2648 4196 qui
2678 4127 2943 4197 Ancyrae;
2974 4135 3030 4181 et
3057 4127 3126 4181 iis
3149 4126 3311 4182 etiam
3340 4127 3430 4197 qui
3453 4125 3595 4181 Neo-

2014 4233 2304 4286 caesarcae;
2338 4218 2591 4274 similiter
2616 4229 2670 4275 et
2697 4220 2793 4290 qui
2829 4219 3103 4290 Gangris;
3138 4230 3401 4289 praeterea
3440 4226 3494 4272 et
3526 4217 3593 4272 iis

2012 4310 2106 4380 qui
2136 4310 2191 4364 in
2222 4310 2512 4366 Antiochia
2546 4311 2749 4383 Syriae;
2786 4320 2950 4382 atque
2974 4312 3041 4365 iis
3071 4311 3233 4365 etiam
3252 4310 3345 4380 qui
3373 4309 3427 4363 in
3451 4308 3592 4363 Lao-

2012 4402 2167 4457 dicea
2203 4402 2450 4473 Phrygiae
2481 4421 2497 4458 :
2528 4411 2788 4473 praeterea
2818 4403 3072 4474 autem9
3102 4411 3155 4457 et
3181 4408 3401 4457 centum
3429 4400 3591 4471 quin-

2013 4494 2268 4564 quaginta
2295 4492 2550 4551 Patribus
2574 4534 2590 4559 ,
2631 4495 2725 4566 qui
2764 4495 2819 4550 in
2860 4496 2963 4551 hac
3002 4510 3033 4549 a
3072 4494 3185 4549 Deo
3212 4476 3587 4550 conservanda

331 4568 430 4621 καὶ
458 4567 687 4638 βασιλίδι
727 4571 1087 4627 συνελθόντων
1125 4576 1298 4643 πόλει,
1338 4579 1432 4632 ἐπὶ
1459 4579 1766 4651 Νεκταρίου
1813 4582 1905 4635 τοῦ

2014 4594 2067 4640 et
2092 4584 2362 4656 imperiali
2390 4586 2610 4642 civitate
2639 4597 3049 4652 convenerunt;
3097 4595 3152 4641 et
3178 4588 3451 4652 ducentis,
3490 4587 3587 4658 qui

331 4658 431 4729 τῆς
454 4659 723 4730 βασιλίδος
743 4663 947 4734 ταύτης
971 4665 1179 4730 πόλεως
1205 4668 1491 4740 προέδρου,
1517 4672 1613 4724 καὶ
1634 4672 1900 4744 Τιμοθέου

2012 4673 2063 4727 in
2091 4671 2450 4741 Ephesiorum
2476 4676 2765 4745 metropoli
2802 4676 2954 4746 prius
2984 4677 3163 4731 coacti
3194 4686 3357 4744 sunt;
3381 4686 3435 4733 et
3460 4694 3586 4733 sex-

329 4750 424 4803 τοῦ
456 4754 750 4823 γενομένου
803 4756 1210 4829 Ἀλεξανδρείας
1257 4763 1725 4832 ἀρχιεπισκόπου⁶
1766 4766 1904 4822 ἀλλὰ

2012 4764 2186 4818 centis
2216 4766 2435 4835 triginta
2466 4767 2673 4823 sanctis
2711 4775 2765 4822 et
2788 4769 2961 4824 beatis
2989 4769 3263 4835 Patrihus,
3288 4770 3381 4839 qui
3418 4768 3586 4825 Chal-

335 4840 442 4910 μὴν
482 4843 577 4894 καὶ
629 4844 757 4907 τοὺς
795 4847 1071 4901 Διονυσίου
1122 4851 1549 4922 ἀρχιεπισκόπου
1606 4856 1899 4927 γενομένου

331 4930 429 5001 τῆς
470 4932 863 5007 Ἀλεξανδρέων
892 4941 1325 5011 μεγαλοπόλεως,
1359 4947 1454 5000 καὶ
1505 4947 1713 5019 Πέτρου
1740 4950 1901 5022 ἀρχι-

331 5026 629 5079 επισκόπου
674 5029 773 5099 τῆς
819 5032 990 5104 αὐτῆς
1038 5035 1429 5109 Ἀλεξανδρέων
1472 5040 1566 5094 καὶ
1603 5041 1901 5115 μάρτυρος,

333 5115 633 5188 Γρηγορίου
658 5120 960 5176 ἐπισκόπου
1004 5129 1304 5198 γενομένου
1337 5130 1769 5204 Νεοκαισαρείας
1806 5137 1901 5190 τοῦ

330 5206 780 5283 Θαυματουργοῦ,
822 5215 1138 5272 Ἀθανασίου
1181 5221 1611 5291 ἁρχιεπισκόπου
1654 5226 1903 5293 Ἀλεξαν-

330 5298 832 5390 δρεία;,⁴Βασιλείου
851 5309 1281 5380 ἀρχιεπισκόπου
1307 5315 1643 5390 Καισαρείας
1663 5319 1902 5375 Καππα-

328 5388 531 5481 δοκίας,
563 5395 863 5466 Γρηγορίου
891 5401 1190 5456 ἐπισκόπου
1206 5403 1450 5477 Νύσσης,
1478 5388 1780 5481 Γρηγορίου
1802 5413 1899 5466 τοῦ

331 5480 626 5576 θεολόγου,
672 5486 1020 5561 Ἀμφιλοχίου
1071 5492 1165 5547 τοῦ
1207 5495 1449 5564 Ἰκονίου,
1478 5480 1743 5570 Τιμοθέου
1793 5505 1895 5576 ἀρ-

329 5573 689 5640 χιεπισκόπου
726 5582 1018 5651 γενομένου
1059 5581 1463 5654 Ἀλεξανδρείας
1485 5586 1578 5640 τοῦ
1604 5573 1894 5662 προτέρου,

2009 4857 2253 4913 cedone:
2291 4858 2545 4914 similiter
2574 4869 2628 4914 et
2664 4860 2731 4914 iis
2768 4860 2860 4931 qui
2887 4859 3127 4916 Sardicze
3160 4877 3175 4915 :
3211 4872 3267 4917 et
3319 4864 3411 4933 qui
3445 4862 3582 4917 Car-

2013 4948 2251 5018 thagine,
2277 4958 2328 5003 et
2358 4949 2451 5019 qui
2478 4965 2673 5005 rursus
2718 4950 2773 5004 in
2810 4952 2912 5005 hac
2940 4949 3035 5005 Dei
3069 4952 3295 5007 cultrice
3324 4960 3379 5006 et
3411 4952 3584 5021 impe-

2006 5039 2207 5095 ratrice
2228 5041 2358 5095 urbe
2376 5052 2749 5097 convenerunt
2770 5042 2874 5097 sub
2889 5041 3164 5108 Nectario,
3179 5044 3273 5113 qui
3294 5044 3583 5114 imperanti

2011 5133 2142 5187 huic
2194 5133 2401 5188 civitati
2456 5134 2828 5204 praesidebat;
2886 5144 2941 5190 et
2987 5135 3289 5205 Theophilo
3336 5137 3430 5206 qui
3482 5137 3584 5191 fuit

2008 5222 2348 5280 Alexandria:
2401 5226 2870 5295 archiepisc0pus.
2933 5226 3075 5292 Quin
3128 5228 3294 5281 etiam
3342 5241 3584 5281 canones

2008 5312 2280 5386 Dionysii,
2332 5314 2425 5384 qui
2482 5313 2585 5368 fuit
2617 5314 3065 5384 archiepiscopus
3098 5330 3309 5385 magna:
3339 5314 3583 5369 Alexan-

2005 5408 2290 5463 drinorum
2331 5408 2608 5463 civitatis:
2643 5418 2697 5462 et
2743 5406 2910 5475 Petri,
2954 5409 3049 5479 qui
3105 5407 3209 5463 fuit
3235 5406 3580 5462 Alexandriae

2006 5501 2451 5571 archiepiscopus
2508 5509 2564 5555 et
2610 5511 2871 5572 martyr:
2910 5498 3156 5571 Gregorii
3210 5498 3578 5555 Neocaesarea:

2004 5593 2248 5664 episcopi
2278 5591 2677 5663 Thaumaturgi
2708 5612 2719 5648 :
2750 5590 3038 5648 Athanasii
3082 5590 3431 5649 Alexandrini
3486 5604 3577 5643 ar-

1883 5711 2121 5769 ΝΟΤΔΕ.

400 5791 505 5858 (5⁷⁸⁸)
539 5789 591 5844 lu
622 5805 704 5848 ms
734 5792 1002 5848 Aurelius.
