4122 6452
585 417 685 482 451

1748 418 2010 481 ΡΗΟΤΙΙ
2042 416 2549 479 PATRIARCII/E
2583 416 2693 477 ΟΡ.

3740 418 3851 485 452

586 534 963 606 cliiepiscopi;
1000 535 1187 591 Basilii
1214 531 1611 604 archiepiscopi
1644 531 1908 588 Casareae
1946 532 2154 602 Cappa-

2265 530 2548 600 Θεοφίλου,
2581 526 3017 601 ἀρχιεπισκόπου
3037 526 3139 596 τῆς
3181 525 3581 597 Ἀλεξανδρέων
3614 534 3850 602 μεγαλα.

586 629 786 685 dociae:
812 628 1059 698 Gregorii
1088 628 1328 697 episcopi
1358 628 1566 697 Nyssae,
1597 624 1843 694 Gregorii
1876 623 2161 695 Theologi,

587 720 954 790 Amphilochii
983 718 1174 782 lconii,
1200 718 1469 773 Timothei
1502 717 1699 787 prioris
1722 756 1738 781 ,
1768 715 2163 786 archiepiscopi

585 810 999 875 Alexandriae;
1090 807 1379 878 Theophili
1444 806 1837 877 archiepiscopi
1916 806 2162 875 ejusdem

586 902 928 958 Alexandriae
956 920 971 956 :
996 899 1184 970 Cyrilli
1237 898 1487 967 eiusdem
1518 898 1860 954 Alexandria:
1892 896 2166 965 archiepi-

588 995 773 1063 scopi,
805 1002 859 1047 et
892 990 1178 1057 Gennadii,
1206 990 1300 1060 qui
1329 990 1431 1045 fuit
1458 990 1766 1060 patriarcha
1800 989 1963 1059 hujus
1993 1004 2022 1044 a
2052 988 2163 1044 Deo

586 1084 867 1139 servanda:
899 1092 954 1138 et
999 1083 1321 1153 imperantis
1350 1082 1612 1137 civitatis.
1658 1079 1925 1135 Prmterea
1950 1094 2081 1135 vero
2110 1086 2165 1134 et

585 1191 616 1229 a
640 1175 937 1246 Cypriano,
963 1174 1058 1245 qui
1088 1173 1348 1229 Afrorum
1381 1173 1622 1244 regionis
1665 1172 1770 1228 fuit
1795 1172 2164 1242 archiepisco-

584 1278 685 1333 pus
714 1272 768 1318 et
797 1272 1024 1335 martyr,
1057 1272 1112 1318 et
1130 1246 1358 1333 'synodo
1408 1277 1531 1331 quae
1560 1263 1661 1318 sub
1686 1262 1806 1333 ipso
1837 1262 1961 1325 fuit,
1991 1261 2162 1317 emis-

583 1371 705 1409 sum
735 1370 1024 1421 canonem,
1050 1356 1144 1425 qui
1189 1357 1246 1410 in
1285 1355 1670 1426 praedictorum
1702 1354 1996 1425 praesulum
2028 1352 2162 1408 locis

582 1450 777 1513 solus',
816 1450 1120 1503 secundum
1148 1449 1402 1505 traditam
1433 1449 1513 1504 eis
1547 1448 2019 1511 consuetudinem,
2046 1461 2162 1501 ser-

582 1551 743 1597 vatus
768 1551 874 1597 est.
913 1540 979 1595 Et
1009 1543 1143 1596 nulli
1191 1542 1356 1597 licere
1387 1540 1539 1612 prius
1569 1539 1876 1595 declaratos
1920 1553 2162 1593 canones

581 1633 911 1698 adulterare,
944 1632 1030 1686 vel
1070 1648 1179 1687 non
1212 1632 1519 1697 admittere,
1554 1630 1639 1685 vel
1675 1629 1812 1684 alios
1848 1640 2045 1697 prmler
2073 1628 2162 1682 hic

582 1726 897 1794 propositos
944 1724 1188 1794 recipere
1237 1738 1518 1788 canones,
1565 1738 1595 1777 a
1645 1720 1973 1791 quihusdam
2020 1719 2159 1775 falsa

580 1814 790 1883 adjecta
822 1816 1185 1885 inscriptione
1212 1816 1572 1885 compositos,
1597 1814 1689 1883 qui
1721 1812 1998 1867 veritatem
2024 1826 2161 1866 cau-

2265 620 2501 687 πόλεως,
2544 622 2642 674 καὶ
2691 619 2987 691 Κυρίλλου,
3021 618 3116 672 καὶ
3172 618 3455 673 Γενναδίου
3505 623 3847 694 πατριάρχου

2264 714 2555 783 γενομένου
2606 712 2706 782 τῆς
2750 709 3121 780 θεοφυλάκτου
3165 711 3370 780 ταύτης
3425 712 3520 764 καὶ
3580 712 3849 782 βασιλίδος

2264 806 2493 871 πόλεως,
2526 803 2606 858 ἔτι
2635 804 2742 875 μὴν
2776 802 2871 857 καὶ
2910 803 3004 858 τὸν
3048 803 3155 857 ὑπὸ
3194 803 3516 875 Κυπριανοῦ
3549 804 3644 857 τοῦ
3696 820 3850 872 γενο-

2266 898 2435 969 μένου
2472 897 2903 969 ἀρχιεπισκόπου
2948 895 3050 965 τῆς
3095 895 3315 964 Ἀφρῶν
3360 894 3548 966 χώρας
3591 896 3685 949 καὶ
3713 896 3852 965 μάρ-

2263 1006 2447 1061 τυρος,
2474 990 2681 1059 καὶτῆς
2716 988 2838 1043 κατ’
2855 989 3017 1041 αὐτὸν
3035 988 3253 1041 συνόδου
3280 986 3575 1041 ἐκτεθέντα
3608 987 3807 1040 κανόνα
3831 1003 3849 1021 ο

2262 1080 2322 1145 δς
2352 1084 2410 1134 ἐν
2435 1083 2547 1145 τοῖς
2576 1081 2686 1135 τῶν
2738 1078 3154 1153 προειρημένων
3192 1078 3474 1150 προέδρων
3516 1078 3708 1142 τόποις
3756 1079 3852 1131 καὶ

2265 1172 2447 1243 μόνον,
2482 1171 2625 1226 κατά
2655 1172 2718 1226 τὸ
2746 1171 3051 1243 παραδοθὲν
3074 1171 3259 1234 αὐτοῖς
3290 1170 3413 1234 ἐθος
3439 1170 3731 1241 ἐκράτησε,
3755 1169 3852 1222 καὶ

2266 1264 2457 1335 μηδενὶ
2504 1263 2705 1329 ἐξεῖναι
2754 1265 2882 1327 τοὺς
2909 1262 3362 1334 προδηλωθέντας
3403 1262 3851 1334 παραχαράττειν

2264 1355 2498 1420 κανόνας
2527 1356 2562 1426 ἢ
2596 1347 2837 1421 ἀθετεῖν,
2873 1355 2907 1426 ἢ
2934 1353 3158 1427 ἐτέρους
3185 1354 3337 1425 παρὰ
3379 1355 3507 1417 τοὺς
3536 1354 3851 1426 προκειμέ-

2262 1463 2385 1511 νους
2444 1446 2851 1519 παραδέχεσθαι
2916 1446 3186 1511 κανόνας,
3238 1444 3697 1515 ψευδεπιγράφως
3743 1444 3849 1498 ὑπό

2260 1552 2425 1589 τινων
2469 1537 2856 1601 συντεθέντας,
2906 1552 3019 1589 των
3059 1534 3160 1605 τὴν
3209 1534 3468 1602 ἀλήθειαν
3511 1532 3849 1602 καπηλεύειν

2262 1627 2751 1698 ἐπιχειρησάντων.
2780 1627 2842 1680 Ei
2873 1626 2930 1680 δέ
2953 1644 3036 1690 τις
3061 1624 3175 1695 ἀλῷ
3194 1626 3396 1679 κανόνα
3426 1625 3550 1703 τινὰ
3568 1624 3679 1679 τῶν
3700 1626 3851 1695 είρη-

2265 1720 2444 1793 μένων
2481 1721 2847 1791 καινοτομῶν,
2886 1721 2920 1790 ἢ
2958 1720 3290 1788 ἀνατρέπειν
3322 1718 3639 1790 ἐπιχειρῶν,
3674 1718 3845 1772 ὑπεύ-

2264 1812 2423 1876 θυνος
2456 1813 2610 1867 ἔσται
2652 1812 2798 1867 κατά
2843 1812 2936 1866 τὸν
2990 1809 3230 1865 τοιοῦτον
3276 1811 3476 1865 κανόνα
3510 1827 3524 1840 ’
3564 1810 3640 1873 ὡς
3686 1810 3848 1872 αὐτὸς

579 1908 772 1977 ponari
798 1910 976 1962 conati
1006 1916 1153 1963 sunt.
1187 1907 1244 1963 Si
1277 1908 1401 1977 quis
1432 1915 1640 1972 autem,
1687 1907 1832 1976 quod
1869 1905 2154 1976 praadicto-

2264 1904 2599 1975 διαγορεύει,
2646 1905 2747 1978 τὴν
2793 1904 3079 1976 ἐπιτιμίαν
3109 1903 3419 1973 δεχόμενος,
3455 1901 3550 1955 καὶ
3581 1903 3649 1955 δι’
3682 1900 3845 1953 αὐτοῦ

580 2014 702 2052 rum
750 2015 1021 2054 canonum
1082 2000 1321 2069 aliquem
1380 1999 1646 2053 innovare
1703 1998 1788 2053 vel
1843 1997 2158 2052 subvertere

2264 1996 2324 2051 ἐν
2363 1990 2517 2069 ᾧπερ
2543 1998 2727 2051 πταίει
2756 1998 3211 2069 θεραπευόμενος.

578 2101 828 2157 conetur,
864 2092 1147 2148 convictus
1181 2092 1365 2159 fuerit,
1392 2106 1517 2146 reus
1555 2091 1659 2145 erit
1694 2090 1999 2145 secundum
2029 2104 2153 2144 eum
2184 2105 2475 2156 canonem,
2503 2100 2565 2147 ut
2610 2092 2729 2163 ipso
2783 2092 3110 2163 pronuntiat
3155 2104 3353 2155 canon,
3396 2102 3614 2159 poenam
3669 2085 3846 2148 luens,

577 2192 631 2236 ct
660 2198 755 2253 pcr
801 2182 977 2250 ipsum
1036 2182 1089 2236 in
1154 2198 1238 2247 eo,
1273 2182 1357 2247 ain
1411 2197 1520 2252 quo
1555 2180 1804 2246 oﬂcndit,
1859 2182 2129 2237 medelam
2167 2183 2495 2254 suscipiens.

790 2270 1017 2325 Consilii
1048 2269 1257 2326 Nicazni
1292 2280 1354 2326 ἰι
1396 2287 1621 2325 canones
1658 2270 1704 2337 Ι,
1739 2269 1796 2328 2.

648 2362 703 2415 1.
743 2360 816 2416 lis
842 2362 936 2431 qui
988 2362 1387 2417 sacerdotalem
1427 2362 1746 2433 dignitatem
1793 2361 1973 2417 sortiti
2004 2370 2154 2429 sunt,

575 2453 888 2507 testimonia
955 2463 1011 2507 et
1071 2453 1140 2507 ad
1213 2464 1360 2509 recte
1422 2468 1483 2509 se
1542 2453 1838 2525 gerendum
1906 2454 2155 2510 instituta

575 2551 704 2597 sunt
771 2542 1164 2598 canonicarum
1222 2543 1678 2598 constitutionum
1737 2543 2155 2614 descriptiones.

578 2633 683 2703 ιο
705 2632 853 2701 Quas
879 2649 1002 2687 cum
1039 2633 1380 2703 diviniloquo
1411 2635 1580 2690 David
1611 2636 1862 2690 lubenter
1891 2636 2159 2706 recipien-

576 2737 690 2791 tes,
753 2724 821 2779 ad
880 2724 1174 2780 Dominum
1234 2736 1563 2793 cantamus,
1619 2726 2013 2782 dicenteszln
2070 2727 2157 2782 via

573 2817 951 2869 mandatorum
980 2826 1191 2870 tuorum
1214 2816 1426 2872 laetatus
1450 2834 1588 2881 sum,
1621 2826 1875 2887 tanquam
1899 2819 1955 2871 in
1983 2819 2156 2872 omni-

575 2906 669 2958 bus
695 2906 898 2960 divitiis
923 2907 944 2937 ¹
981 2926 993 2961 :
1025 2916 1101 2971 et,
1128 2906 1402 2961 Mandasti
1422 2907 1701 2977 justitiam
1733 2908 2033 2962 testimonia
2062 2918 2156 2963 tua

571 2996 629 3049 in
673 2997 928 3051 sarculum
953 2998 973 3029 ³
1003 3016 1017 3052 :
1046 3029 1117 3039 —
1146 2998 1480 3054 Intellectum
1515 3000 1586 3052 da
1628 2998 1781 3063 mihi,
1831 3006 1882 3052 et
1926 2998 2153 3056 oitam‘.

573 3087 642 3144 Et
678 3089 724 3143 si
759 3090 815 3143 in
859 3091 1122 3145 saeculum
1169 3090 1450 3159 nosjubet
1496 3106 1600 3145 vox
1635 3090 1955 3162 prophetica
1998 3091 2155 3147 testi-

572 3182 756 3236 mOuia
784 3181 876 3236 Dei
908 3197 1151 3249 servare,
1204 3191 1260 3239 et
1292 3183 1348 3238 in
1388 3184 1471 3239 eis
1501 3183 1707 3249 vivere,
1746 3184 1917 3257 liquet
1950 3198 2013 3239 ea
2059 3199 2157 3238 ne-

573 3288 852 3342 quaquam
908 3272 1306 3339 concutienda,
1356 3274 1618 3343 nullaque
1678 3276 1895 3331 ratione
1954 3271 2158 3328 labefa-

574 3364 770 3419 ctanda
800 3378 1123 3434 permanere
1157 3384 1171 3420 :
1206 3380 1332 3420 nam
1361 3373 1415 3420 et
1443 3366 1790 3421 venerandus
1829 3364 2045 3437 Moyses
2074 3364 2156 3419 sic

572 3456 650 3509 ait
680 3473 694 3510 :
730 3453 823 3509 Eis
863 3471 965 3509 non
994 3454 1113 3510 licet
1158 3456 1372 3521 addere,
1422 3473 1514 3511 nec
1542 3457 1616 3511 eis
1653 3456 1771 3512 licet
1814 3458 2085 3511 detrahere
2108 3459 2152 3515 ⁸.

2337 2275 2613 2331 Συνόδου
2634 2275 2886 2339 Νικαίας
2911 2274 2979 2329 τὸ
3018 2272 3321 2341 δεύτερον,
3365 2268 3567 2323 κανὼν
3604 2269 3673 2334 α’,
3707 2267 3773 2338 β’.

2329 2369 2378 2417 α’
2404 2364 2532 2428 Τοῖς
2557 2364 2658 2435 τὴν
2692 2361 2973 2434 ἱερατικὴν
3001 2360 3259 2432 λαχοῦσιν
3290 2358 3469 2423 ἀξίαν,
3502 2356 3844 2429 μαρτύριάτε

2260 2456 2355 2510 καὶ
2386 2456 2811 2529 κατορθώματα,
2837 2456 2894 2509 αι
2932 2453 3042 2507 τῶν
3060 2452 3361 2507 κανονικῶν
3388 2448 3686 2514 διατάξεων
3723 2450 3847 2502 ὐπο-

2256 2546 2530 2612 τυπὼσεις
2575 2548 2755 2601 είσίνο
2800 2547 2867 2611 ἃς
2905 2546 3186 2617 δεχόμενοι
3219 2544 3500 2614 ἀσμένως,
3562 2543 3704 2614 μετά
3748 2540 3844 2596 τοῦ

2259 2640 2617 2711 θεοφάντορος
2670 2639 2837 2693 Δαόὶδ
2890 2638 3090 2711 ᾄδομεν
3118 2638 3257 2709 πρὸς
3282 2637 3374 2690 τὸν
3396 2638 3677 2706 Δεσπότην
3708 2635 3849 2689 θεὸν

2255 2730 2634 2801 λέγοντεςοἘν
2646 2730 2719 2799 τῇ
2732 2730 2850 2797 ὀδῷ
2864 2730 2984 2785 τῶν
2992 2730 3332 2801 μαρτυρίων
3342 2745 3455 2784 σου
3467 2728 3757 2797 ἐτέρφθην
3770 2728 3850 2795 ὡς

2255 2823 2355 2878 ἐπὶ
2375 2823 2552 2877 παντί
2575 2824 2834 2887 πλούτῳ
2857 2825 2974 2887 καὶ,
2995 2822 3307 2877 Ἐνετείλω
3333 2821 3426 2875 καὶ
3448 2820 3847 2886 δικαιοσύνην

2256 2914 2329 2968 τὰ
2346 2914 2643 2984 μαρτύριὰ
2672 2929 2790 2968 σου
2815 2916 2903 2980 είς
2933 2913 3041 2968 τὸν
3056 2911 3262 2967 αἰῶνα.
3299 2911 3635 2966 Συνέτισόν
3655 2928 3729 2980 με
3751 2910 3847 2964 καὶ

2256 3005 2446 3076 ζ’ἡσόν
2466 3023 2556 3076 με·
2572 3008 2667 3061 καὶ
2680 3008 2761 3070 είς
2774 3006 2866 3061 τδν
2882 3006 3058 3061 αἰῶνα
3071 3008 3104 3077 ἠ
3123 3005 3437 3077 προφητικὴ
3450 3003 3603 3075 φωνὴ
3620 3003 3853 3057 ἐντέλλε-

2255 3115 2349 3155 ται
2383 3100 2519 3169 ήμῖν
2546 3098 2841 3167 φυλάττειν
2871 3097 2943 3153 τά
2974 3096 3359 3170 μαρτύριατοῦ
3380 3095 3648 3161 Θεοῦ,καὶ
3674 3095 3773 3165 ζῇν
3794 3096 3851 3148 ἐν

2256 3192 2463 3256 αὐτοῖς,
2496 3191 2653 3261 δῆλον
2688 3190 3005 3264 ἀκράδαντα
3033 3190 3128 3244 καὶ
3158 3188 3431 3243 ἀσάλευτα
3461 3187 3807 3257 διαμένουσιν
3830 3201 3845 3215 ο

2255 3283 2337 3337 δτι
2369 3282 2467 3337 καὶ
2491 3284 2521 3336 6
2553 3282 2791 3352 θεόπτης
2822 3281 3068 3351 Μωῦσῆς
3093 3278 3239 3334 οὕτω
3264 3278 3430 3349 φησίν
3453 3293 3468 3309 ·
3525 3277 3623 3330 Ἐν
3647 3275 3850 3341 αὐτοῖς

2257 3374 2370 3427 οὑκ
2396 3371 2529 3426 ἐστι
2558 3370 2932 3442 προσθεῖναι,
2991 3370 3091 3425 καὶ
3136 3368 3238 3424 ἀπ’
3286 3367 3487 3423 αὐτῶν
3525 3369 3639 3422 οὐκ
3680 3368 3848 3421 ἐστιν

2258 3464 2571 3535 ἀφαιρεῖν⁸
2618 3465 2712 3519 καὶ
2739 3466 2768 3519 6
2814 3465 2961 3528 θεῖος
3005 3463 3307 3527 ἀπόστολος
3346 3463 3553 3531 Πέτρος
3579 3461 3637 3513 ἐν
3668 3460 3852 3521 αὐτοῖς

574 3549 642 3602 Ει
670 3547 891 3603 divinus
924 3548 1205 3617 apostolus
1240 3548 1436 3604 Petrus
1479 3548 1534 3602 in
1592 3549 1659 3603 iis
1689 3549 1936 3619 glorians
1965 3549 2151 3604 excla-

2259 3532 2680 3627 ἐγηυχώμενος
2731 3555 2870 3627 βοᾷ·
2924 3555 3030 3622 Εἰς
3063 3555 3103 3609 ἁ
3151 3553 3556 3623 ἐπιθυμοῦσιν
3609 3552 3851 3621 ἄγγελοι

575 3645 689 3691 mat
724 3655 737 3690 :
772 3638 855 3690 Ad
891 3655 1009 3708 qua:
1057 3639 1233 3709 angeli
1274 3639 1542 3693 declinare
1570 3640 1873 3693 desiderant
1898 3640 1939 3693 ⁸.
1977 3640 2157 3709 Atque

571 3726 739 3782 etiam
762 3728 1146 3798 dicitPaulus:
1171 3728 1404 3783 Etiamsi
1428 3746 1522 3783 nos
1544 3730 1620 3783 vel
1643 3729 1859 3799 angelus
1880 3729 2158 3783 annuntiet

574 3822 717 3875 vobis
766 3822 938 3887 aliud,
984 3838 1146 3892 quam
1196 3822 1336 3877 vobis
1391 3822 1845 3888 annuntiavimus,
1899 3822 1969 3875 sit
2022 3837 2159 3875 ana-

572 3915 808 3968 thema".
859 3914 996 3969 Cum
1040 3914 1156 3969 haec
1210 3929 1341 3983 ergo
1392 3914 1467 3968 ita
1520 3929 1579 3969 sc
1624 3914 1884 3979 habeant,
1945 3921 2000 3968 et
2045 3912 2157 3966 sint

572 4005 733 4061 nobis
789 4015 1009 4071 testata,
1070 4007 1137 4061 iis
1188 4005 1551 4071 exsultantes,
1609 4013 1670 4059 ut
1719 4006 1763 4060 si
1798 4006 1922 4075 quis
1982 4002 2154 4058 multa

567 4098 749 4169 spolia
802 4097 1091 4161 invenerit,
1124 4097 1342 4153 divinos
1388 4112 1629 4152 canones
1665 4097 1900 4151 libenter
1948 4096 2155 4165 ample-

569 4190 795 4257 ctimur,
827 4205 1131 4260 eorumque
1153 4189 1605 4245 constitutionem
1639 4188 1906 4259 integram
1943 4194 1998 4243 ct
2030 4188 2156 4242 illa-

569 4282 953 4338 bel'actabilem
998 4281 1419 4346 conﬁrmamus,
1470 4296 1595 4351 quae
1647 4281 1794 4335 edita
1847 4280 2069 4335 fuerunt
2122 4295 2151 4334 a

564 4375 745 4431 sancti
784 4372 1025 4444 Spiritus
1070 4374 1239 4439 tubis,
1285 4375 1434 4430 omni
1493 4390 1561 4429 ex
1596 4385 1753 4443 parte
1809 4371 2153 4428 celebrandis

563 4468 866 4539 apostolis,
921 4474 976 4522 et
1022 4481 1119 4522 sex
1175 4468 1384 4524 sanctis
1431 4466 1841 4521 universalibus
1892 4465 2149 4537 synodis,

566 4559 745 4627 iisque
789 4573 914 4627 qua:
965 4558 1032 4612 ad
1081 4558 1358 4627 ejusmodi
1404 4559 1754 4613 decretorum
1801 4557 2149 4611 traditionem

560 4650 947 4719 provinciatim
1001 4660 1206 4705 coacta:
1253 4649 1511 4714 fuerunt,
1566 4657 1621 4704 et
1675 4648 1883 4704 nostris
1943 4647 2152 4704 sanctis

559 4738 840 4793 Patribus.
877 4740 955 4794 Es
1011 4756 1124 4795 uno
1170 4742 1318 4796 enim
1353 4755 1547 4796 omnes
1588 4740 1897 4810 eodemque
1940 4738 2149 4810 Spiritu

2258 3649 2646 3718 παρακύψαι·
2691 3648 2789 3702 καὶ
2835 3649 2865 3701 6
2910 3646 3128 3711 Παῦλός
3181 3662 3361 3716 φησι·
3400 3643 3532 3699 Κᾶν
3584 3643 3758 3712 ἡμεῖς
3811 3642 3849 3710 ἣ

2257 3743 2517 3814 ἄγγελος
2553 3739 3000 3813 εὐαγγελίζηται
3040 3738 3185 3808 ὑμῖν
3200 3738 3337 3806 παρ’
3381 3735 3413 3790 ὃ
3463 3733 3849 3804 παρελάϐετε,

2257 3835 2524 3904 ἀνάθεμα
2542 3835 2720 3889 ἔστω.
2747 3832 2966 3887 Τούτων
2994 3830 3088 3885 οὖν
3112 3829 3285 3893 οὕτως
3306 3829 3474 3883 ὄντων
3501 3828 3595 3881 καὶ
3616 3828 3852 3896 διαμαρ-

2256 3926 2571 3998 τυρομένων
2595 3927 2751 3997 ἡμῖν,
2778 3924 3181 3995 ἀγαλλιώμενοι
3215 3922 3302 3977 ἐπ’
3324 3921 3528 3986 αὐτοῖς,
3561 3919 3639 3982 ὡς
3683 3920 3736 3971 εί
3759 3934 3843 3980 τις

2257 4014 2602 4086 εὖροισκύλα
2652 4014 2843 4080 πολλὰ,
2877 4012 3161 4075 ἀσπασίως
3212 4010 3340 4072 τοὺς
3393 4007 3572 4069 θείους
3616 4004 3849 4065 κανόνας

2257 4105 2737 4178 ἐνστερνιζόμεθα,
2775 4108 2869 4159 καὶ
2905 4103 3201 4174 ὁλόκληρον
3225 4101 3325 4171 τὴν
3374 4098 3552 4153 αὐτῶν
3588 4094 3849 4164 διαταγὴν

2256 4199 2351 4251 καὶ
2392 4196 2691 4251 ἀσάλευτον
2713 4190 3231 4267 κρατύνομεν,ντῶν
3258 4206 3317 4243 τε
3366 4185 3699 4241 ἐκτεθέντων
3743 4182 3847 4236 ὑπὸ

2254 4289 2362 4343 τῶν
2392 4289 2561 4358 ἀγῐων
2588 4287 2907 4355 σαλπίγγων
2956 4283 3055 4338 τοῦ
3109 4281 3430 4352 Πνεύματος
3471 4277 3845 4346 πανευφήμων

2254 4381 2595 4447 ἀποστόλων,
2628 4381 2738 4433 τῶν
2765 4396 2826 4433 τε
2866 4378 2925 4446 ἓξ
2953 4377 3127 4446 ἁγίων
3152 4372 3551 4443 οίκουμενικῶν
3589 4368 3840 4430 συνόδων,

2253 4476 2350 4529 καὶ
2399 4474 2511 4526 τῶν
2563 4471 2803 4535 τοπικῶς
2873 4466 3371 4540 συναθροισθεισῶν
3454 4463 3548 4517 ἐπὶ
3632 4460 3839 4515 ἐκδόσει

2252 4564 2513 4620 τοιούτων
2587 4563 3002 4634 διαταγμάτων,
3032 4561 3127 4616 καὶ
3176 4559 3288 4614 τῶν
3346 4556 3520 4626 ἁγίων
3580 4554 3841 4625 Πατέρων

2251 4655 2413 4727 ἡμῶν
2434 4670 2449 4687 ·
2476 4655 2535 4721 ἐξ
2566 4653 2688 4718 ἐνὸς
2713 4653 2822 4725 γὰρ
2852 4652 3093 4715 ἅπαντες
3112 4650 3207 4704 καὶ
3233 4648 3326 4704 τοῦ
3342 4647 3507 4703 αὐτοῦ
3525 4645 3842 4718 Πνεύματος

2254 4744 2643 4814 αὐγασθέντες,
2700 4742 2910 4815 ὥρισαν
2949 4742 3018 4796 τὰ
3069 4740 3440 4812 συμφέροντα.
3467 4736 3576 4791 Καὶ
3615 4737 3707 4799 οὒς
3742 4734 3841 4805 μὲν

556 4830 883 4896 illuminati,
925 4846 1048 4901 quae
1091 4843 1249 4887 erant
1299 4833 1451 4888 utilia
1486 4832 1887 4887 decreverunt:
1917 4840 1971 4885 et
2003 4846 2145 4901 quos

2257 4836 2330 4908 τῷ
2355 4837 2666 4907 ἀναθέματι,
2702 4835 3158 4907 παραπέμπουσι,
3190 4834 3283 4886 καὶ
3314 4832 3478 4902 ἡμεῖς
3517 4826 3842 4899 ἀναθεματίο

556 4922 900 4976 anathemati
926 4923 1149 4993 quidem
1180 4925 1584 4989 transmittunt,
1614 4939 1715 4978 nos
1744 4938 1965 4993 quoque
1995 4938 2139 4977 ana-

556 5012 984 5070 tliematizamus
1014 5033 1027 5069 :
1059 5029 1199 5085 quos
1236 5031 1365 5070 vero
1393 5016 1745 5086 depositioni,
1779 5030 1880 5071 nos
1910 5029 2141 5086 quoque

553 5102 883 5174 deponimus
913 5122 928 5162 :
960 5120 1100 5176 quos
1136 5116 1316 5161 autem
1352 5106 1738 5177 segregationi,
1790 5120 1891 5160 nos
1946 5105 2135 5160 itidem

552 5213 913 5269 aegregamus
941 5217 955 5254 :
981 5214 1123 5271 quos
1157 5210 1337 5255 autem
1372 5215 1547 5272 poena:
1576 5201 1821 5265 tradunt,
1856 5214 1958 5255 nos
1990 5213 2137 5271 quo-

554 5307 667 5361 que
700 5289 953 5347 similiter
990 5290 1335 5361 subjicimus.
1380 5293 1459 5347 Ab
1481 5294 1710 5347 avaritia
1762 5292 1911 5348 enim
1969 5290 2135 5346 alieni

554 5396 731 5436 mores
780 5382 918 5449 sint,
954 5383 1302 5451 prasentibus
1348 5385 1582 5439 contenti
1606 5384 1651 5449 ⁸,
1683 5385 1731 5440 is
1767 5384 1860 5454 qui
1918 5383 2136 5438 tertium

551 5473 755 5530 malum
795 5474 1134 5539 conscendit,
1162 5482 1217 5529 et
1242 5489 1443 5531 arcana
1472 5476 1635 5530 verba
1664 5475 1895 5541 audivit,
1930 5475 2137 5531 Paulus

554 5564 771 5620 divinus
808 5566 1089 5634 apostolus
1118 5575 1307 5634 aperte
1343 5564 1701 5621 vociferatur.

2250 4932 2416 5000 ζομεν
2443 4946 2458 4961 ·
2489 4928 2583 4992 οὒς
2620 4930 2677 4982 δὲ
2735 4932 2803 5000 τῇ
2844 4928 3185 4999 καθαιρέσει,
3214 4927 3312 4979 καὶ
3350 4926 3511 4996 ἡμεῖς
3542 4920 3837 4992 καθαιροῦ-

2253 5039 2354 5092 μεν
2378 5037 2393 5052 ·
2427 5020 2521 5084 οὓς
2549 5022 2605 5074 δὲ
2643 5019 2723 5091 τῷ
2753 5018 3071 5092 ἀφορισμῷ,
3124 5017 3220 5073 καὶ
3253 5017 3417 5087 ἡμεῖς
3459 5013 3839 5085 ἀφορίζομεν.

2248 5114 2343 5178 οὒς
2374 5114 2433 5167 δὲ
2484 5114 2748 5185 ἐπιτιμίῳ
2791 5112 3170 5183 παραδιδόασι,
3227 5109 3322 5163 καὶ
3361 5109 3523 5179 ἡμεῖς
3578 5104 3838 5165 ὡσαύτως

2249 5203 2649 5274 ὑποϐάλλομεν.
2690 5202 3127 5273 Ἀφιλάργυρος
3155 5200 3265 5271 γὰρ
3294 5202 3326 5255 ὀ
3352 5199 3597 5268 τρόπος,
3618 5197 3839 5266 ἀρκού-

2240 5313 2411 5367 μενοι
2437 5296 2559 5364 τοῖς
2584 5296 2907 5367 παροῦσιν,
2930 5298 2958 5348 6
2990 5292 3235 5365 βεϐηκὼς
3269 5293 3351 5355 εἰς
3380 5289 3564 5363 τρίτον
3586 5291 3836 5361 οὐρανὸν,

2247 5388 2340 5441 καὶ
2378 5388 2618 5450 ἀκούσας
2662 5388 2882 5460 ἄρῤητα
2914 5387 3157 5458 ῥήματα,
3189 5384 3402 5448 Παῦλος
3440 5385 3470 5437 6
3515 5383 3658 5445 θεῖος
3705 5384 3838 5436 ἀπό-

2247 5478 2454 5542 στολος,
2500 5478 2798 5550 διαρρήδην
2832 5477 2948 5549 βοᾷ.

622 5763 807 5823 'Psal.
845 5782 1035 5834 cxvm,
1071 5766 1157 5822 M.
1219 5765 1388 5823 ’ibid.
1421 5763 1542 5821 158.
1607 5763 1778 5821 “ibid.
1819 5765 1939 5821 Hi.
2020 5767 2039 5797 ³
2067 5763 2154 5820 Dei

2259 5780 2328 5829 iv,
2366 5764 2419 5817 2.
2498 5765 2554 5820 ⁸1
2586 5762 2728 5821 Pctr.
2760 5779 2799 5831 ι,
2843 5775 2910 5818 η
2949 5763 3189 5819 z'Galat.
3229 5778 3270 5828 ι,
3303 5762 3357 5815 8.
3426 5762 3446 5791 ³
3471 5760 3631 5817 llcbr.
3667 5764 3826 5827 xm,l

556 5848 671 5899 Set].
