4122 6444
267 391 369 454 453

1127 376 1529 442 SYNTAGMA
1555 372 1699 435 CAN
1717 368 1961 432 ONUM.
2005 392 2076 402 --
2111 368 2262 428 ΤΙΤ.
2303 368 2352 427 Ι.
2388 366 2545 427 CAP.
2576 364 2661 425 II.

3427 365 3533 429 45‘
3622 346 3623 349 γ

268 503 387 556 Ὅτι
416 498 511 553 δεῖ
554 498 661 552 τὸν
686 496 1216 566 χειροτονούμενον
1270 491 1609 566 calamum:
1634 485 1851 566 ⁵ἀσςραη

1967 483 2059 551 ιι
2094 481 2249 566 Quod
2296 478 2626 532 ordinandus
2667 478 2938 566 episcopus
3004 486 3148 558 certo
3188 478 3374 558 debeat
3409 496 3538 548 pro-

333 553 457 635 ioc
495 553 978 630 συντιῖἂᾰεσυαι,
1026 553 1459 635 ἱοὺςμανόνας
1486 553 1814 626 φυλάττειν
1836 568 1853 585 ο

333 644 386 695 ει
411 632 475 693 δὲ
501 638 584 709 μή
621 654 711 707 γε,
743 637 831 706 μὴ
870 632 1360 705 χειροτονεῖσθαι.

340 753 406 822 β’.
421 748 751 818 Ἐπειδήπερ
770 744 1064 816 ψάλλοντες
1096 735 1504 807 συντασσόμεθα
1513 731 1859 805 caesam.»

272 842 391 907 τοῖς
425 837 782 908 δικαιώμασί
826 850 944 889 σου
974 831 1315 902 μελετήσω,
1340 831 1455 882 οὐκ
1488 825 1859 891 ἐπιλήσομαι

272 935 387 991 τῶν
415 938 613 1003 λόγων
640 946 779 987 σουο
810 930 1022 990 πάντας
1050 926 1153 996 μὲν
1182 922 1541 995 Χριστιανοὺς
1572 916 1731 971 τοῦτο
1758 932 1860 983 φυ-

272 1028 423 1081 λάττε
432 1043 480 1079 ιν
500 1024 789 1095 σωτήριον,
809 1023 933 1075 κατ’
953 1018 1233 1090 ἐξαίρετον
1245 1016 1305 1069 δὲ
1318 1014 1443 1076 τοὺς
1458 1013 1555 1083 τὴν
1574 1006 1858 1081 ίερατικὴν

273 1118 685 1193 ἀμπεχομένους
753 1114 934 1178 ἀξίαν.
992 1109 1158 1163 Ὅθεν
1209 1105 1468 1179 ὁρίζομεν
1529 1102 1708 1193 πάντα
1766 1099 1859 1154 τὸν

276 1189 608 1282 προάγεσθαι
633 1206 897 1277 μέλλοντα
926 1203 1007 1264 είς
1035 1198 1127 1253 τὸν
1164 1197 1265 1268 τῆς
1297 1191 1606 1262 ἐπισκοπῆς
1641 1189 1857 1261 θρόνον,

276 1280 486 1365 πάντως
510 1298 766 1369 ψαλτῆρα
796 1294 1088 1364 γινώσκειν
1119 1305 1137 1323 ο
1171 1290 1262 1343 ἵνα
1304 1289 1381 1351 ὡς
1416 1288 1482 1338 ἐκ
1516 1282 1733 1345 τούτου,
1764 1280 1861 1332 καὶ

276 1397 451 1450 πάντα
516 1394 608 1445 τὸν
676 1388 800 1443 κατ’
867 1384 1031 1441 αὐτὸν
1112 1382 1353 1453 κλῆρον,
1415 1379 1559 1431 οὓτω
1626 1373 1857 1443 νουθετῇ

280 1484 565 1556 μυεῖσθαι*
599 1475 1063 1549 ἀνακρίνεσθαιδὲ
1089 1471 1347 1542 ἀσφαλῶς
1383 1468 1489 1522 ὑπὸ
1520 1464 1616 1520 τοῦ
1651 1479 1862 1535 μητρο-

279 1577 489 1629 πολίτου
514 1613 530 1638 ,
581 1574 631 1625 εί
684 1569 982 1643 προθύμως
1014 1566 1128 1636 ἔχει
1159 1560 1581 1631 ἀναγινώσκειν,
1635 1559 1861 1627 ἐρευνη-

275 1669 437 1730 τικῶς
467 1665 558 1720 καὶ
589 1664 649 1716 ού
683 1660 1107 1731 παροδευτικῶς,
1133 1655 1261 1718 τούς
1288 1671 1350 1707 τε
1378 1652 1560 1723 ἱεροὺς
1598 1647 1861 1711 κανόνας,

274 1762 336 1813 τὸ
387 1759 539 1827 ἅγιον
569 1752 919 1822 Εὑαγγέλιον,
950 1751 1051 1819 τήν
1100 1765 1160 1800 τε
1187 1746 1284 1800 τοῦ
1336 1744 1488 1798 θείου
1536 1737 1860 1794 Ἀποστόλου

2034 549 2239 604 mittere
2286 566 2338 603 se
2390 565 2614 603 canones
2654 558 3025 615 servaturum,
3074 549 3156 600 sin
3210 550 3382 601 minus
3436 566 3540 605 non

2032 630 2425 691 promoventur.

2027 731 2083 785 2.
2124 729 2394 798 Quoniam
2439 728 2737 799 psallentes
2777 726 2889 781 Deo
2939 724 3278 796 spondemus
3307 742 3322 779 :
3353 723 3421 778 In
3442 724 3539 794 ju-

1960 820 2373 891 stiﬁcationibus
2404 820 2511 872 tuis
2538 816 2852 883 meditabor,
2884 833 2989 869 non
3025 815 3308 869 oblit'iscar
3340 831 3542 870 sermo-

1960 928 2050 966 nes
2108 911 2294 964 tuos“
2324 926 2338 963 :
2372 924 2565 963 omnes
2620 909 2845 978 quidem
2898 904 3246 960 Christianos
3298 905 3541 959 salutare

1959 1001 2173 1058 esthoc
2207 1015 2447 1065 servare,
2481 1014 2579 1055 eos
2624 1008 2811 1053 autem
2846 997 3121 1067 praecipue
3157 997 3252 1067 qui
3281 998 3541 1053 sacerdo-

1963 1097 2125 1151 talem
2176 1095 2498 1166 dignitatem
2550 1091 2822 1146 obtinent.
2874 1089 3245 1156 Quamobrem
3292 1089 3542 1143 decerni-

1961 1203 2086 1243 mus
2140 1184 2454 1255 quemlibet,
2506 1181 2601 1253 qui
2651 1181 2719 1235 ad
2764 1180 3129 1251 episcopalem
3179 1180 3408 1249 gradum
3459 1188 3544 1234 est

1959 1278 2362 1351 provehendus,
2407 1275 2731 1345 psalterium
2782 1273 3008 1327 omnino
3051 1286 3234 1336 nosse,
3272 1280 3334 1325 ut
3381 1286 3447 1325 ex
3476 1287 3542 1324 eo

1961 1386 2181 1426 onmem
2225 1384 2445 1439 quoque
2491 1382 2655 1422 suum
2710 1366 2969 1421 clericum
3020 1362 3094 1417 ita
3144 1362 3361 1418 institui
3417 1377 3543 1416 mo-

1962 1472 2108 1518 neat.
2148 1464 2194 1515 A
2230 1459 2659 1530 metropolitano
2700 1466 2887 1512 autem
2917 1457 3055 1511 bene
3092 1454 3428 1518 examinari,
3468 1468 3539 1507 an

1962 1558 2029 1611 ad
2079 1570 2267 1611 sacros
2311 1567 2551 1609 canones
2600 1550 2912 1621 diligenter,
2952 1564 3016 1604 ac
3056 1563 3183 1603 cum
3227 1556 3543 1617 perscruta-

1964 1648 2149 1714 tione,
2207 1662 2317 1701 non
2386 1655 2571 1700 autem
2634 1645 2813 1699 obiter
2875 1642 3192 1711 cursimque
3244 1639 3537 1708 legendos,

1964 1749 2217 1809 prompto
2269 1747 2572 1808 paratoque
2632 1737 2706 1792 sit
2756 1736 2964 1799 animo,
3006 1743 3061 1788 et
3110 1746 3331 1788 sacrum
3375 1731 3539 1784 etiam

278 1826 484 1920 βίϐλον,
516 1846 611 1900 καὶ
656 1846 837 1899 πᾶσαν
882 1843 981 1912 τὴν
1007 1840 1161 1893 θείαν
1193 1836 1452 1906 Γραφήψ
1495 1832 1592 1886 καὶ
1621 1828 1765 1883 κατά
1791 1827 1862 1879 τὰ

1967 1830 2345 1900 Evangelium,
2378 1839 2433 1884 et
2460 1829 2662 1883 librum
2697 1827 2869 1883 divini
2908 1826 3183 1897 Apostoli,
3211 1837 3541 1892 omnemque

276 1919 394 1994 θεῖα
437 1938 747 2007 ἐντάλματα
802 1930 1265 2001 ἀναστρέφεσθαι,
1311 1928 1406 1979 καὶ
1441 1925 1717 1978 διδάσκειν
1764 1919 1856 1972 τὸν

276 2035 395 2088 κατ’
421 2032 584 2085 αὑτὸν
612 2030 758 2083 λαόν.
791 2028 962 2080 Ούσία
990 2025 1100 2093 γὰρ
1122 2023 1223 2092 τῆς
1255 2018 1380 2074 καθ’
1399 2018 1547 2088 ἡμᾶς
1572 2012 1857 2085 ίεραρχίας

276 2128 392 2181 ἐστὶ
446 2125 512 2179 τὰ
564 2120 937 2191 θεοπαράδοτα
1001 2116 1178 2183 λόγια,
1242 2113 1413 2183 ἤγουν
1461 2111 1496 2180 ή
1547 2106 1657 2159 τῶν
1696 2105 1857 2157 θείων

275 2217 504 2287 Γραφῶν
528 2213 753 2286 ἀληθινὴ
794 2209 1097 2278 ἐπιστήμη,
1137 2202 1323 2265 καθὼς
1355 2203 1384 2253 ό
1436 2200 1608 2270 μέγας
1638 2194 1858 2287 ἀπεφή-

275 2284 717 2367 νατονΔιονύσιος.
750 2303 814 2355 Ei
844 2300 900 2353 δὲ
934 2294 1310 2368 ἀμφισϐητοίη
1341 2292 1437 2344 καὶ
1466 2288 1542 2360 μὴ
1571 2284 1858 2356 ἀσμενίζοι

274 2400 419 2454 οὕτω
458 2400 628 2451 ποιεῖν
682 2411 741 2447 τε
798 2396 889 2445 καὶ
934 2389 1229 2448 διδάσκειν,
1266 2382 1341 2452 μὴ
1383 2374 1814 2450 χειροτονεῖσθαι
1842 2385 1858 2402 ⁶

277 2494 384 2563 ἔφη
410 2491 517 2561 γὰρ
548 2484 901 2559 προφητικῶς
921 2485 949 2536 ό
968 2479 1102 2542 Θεός
1129 2493 1144 2507 °
1175 2475 1258 2530 Σὺ
1273 2473 1601 2543 ἐπίγνωσιν
1619 2466 1860 2530 ἀπώσω,

277 2582 440 2652 κάγὼ
470 2576 784 2647 ἀπώσομαι
828 2589 903 2629 σε
932 2571 1039 2627 τοῦ
1054 2568 1142 2641 μὴ
1168 2564 1498 2636 ίερατεύειν
1516 2576 1642 2633 μοι.
1780 2578 1787 2581 >

354 2809 593 2865 Canones
641 2806 697 2860 hi
725 2804 829 2858 duo
867 2803 920 2857 in
970 2799 1211 2870 margine
1253 2796 1451 2860 adiecti
1474 2800 1627 2849 erant
1657 2807 1689 2844 a
1734 2781 2021 2841 recentiore
2060 2788 2248 2837 manu,
2279 2768 2381 2870 etsi

282 2905 480 2958 mutili.
512 2901 619 2958 Hos
647 2916 785 2953 nunc
816 2868 1146 2953 restitnintus
1172 2906 1237 2946 ea:
1268 2888 1588 2946 Leunclavio
1612 2883 1733 2940 ιω.
1764 2877 1862 2936 Gr.
1893 2874 2056 2929 Rom.
2092 2868 2222 2922 108-

283 2997 415 3067 περὶ
443 2995 710 3055 ὲνώσεως.

491 3106 760 3162 Συνέδου
809 3102 915 3173 τῆς
962 3103 1232 3166 ὲγώσεως
1260 3094 1462 3153 κανὼν
1487 3091 1553 3158 δ’,
1586 3090 1653 3156 τε.

353 3200 414 3254 δ’.
452 3199 703 3252 Ἀπαντα
722 3196 791 3249 τὰ
840 3195 992 3265 παρά
1032 3193 1131 3264 τὴν
1184 3185 1648 3258 ὲκκλησιαστικὴν
1687 3178 1869 3260 παράς

282 3292 429 3345 δοσιν
482 3292 578 3343 καὶ
636 3291 733 3360 τὴν
778 3285 1130 3342 διδασκαλίαν
1190 3282 1287 3336 καὶ
1359 3276 1709 3332 ὑποτύπωσιν
1756 3272 1867 3326 τῶν

285 3386 455 3453 ἁγίων
487 3384 583 3437 καὶ
635 3380 921 3452 μακαρίων
959 3377 1218 3447 Πατέρων
1260 3369 1725 3440 καινοτομηθέντα
1771 3365 1866 3418 καὶ

284 3472 598 3541 πραχθέντα
645 3469 680 3539 ἢ
737 3468 877 3541 μετά
948 3464 1109 3520 τοῦτο
1184 3461 1619 3535 πραχθησόμενα
1648 3495 1665 3525 ,
1728 3455 1862 3510 ἀνά·
1887 3485 1932 3548 C

286 3567 451 3637 θεμα.

354 3678 420 3741 ζ’.
449 3678 573 3739 Τοῖς
598 3677 656 3729 ὲν
671 3673 1073 3745 καταφρονήσει
1094 3670 1399 3734 τιθεμένοις
1422 3665 1549 3729 τοὺς
1572 3661 1752 3734 ἱεροὺς
1773 3658 1870 3713 κα)⁸

285 3770 465 3832 θείους
498 3768 726 3829 κανόνας
751 3766 860 3819 τῶν
889 3764 1178 3835 μακαρίων
1212 3760 1472 3829 Πατέρων
1503 3754 1659 3826 ἡμῶν
1690 3751 1741 3805 οἳ
1776 3750 1871 3802 καὶ

282 3862 381 3931 τὴν
413 3862 576 3927 ἁγίαν
616 3859 938 3930 Ἐκκλησίαν
964 3854 1328 3928 ὑπερείδουσι,
1356 3850 1449 3904 καὶ
1475 3848 1606 3918 ὃλην
1620 3844 1716 3917 τὴν
1738 3844 1874 3912 Χριο

288 3952 574 4022 στιανικὴν
602 3952 877 4004 πολιτείαν
895 3946 1227 4018 κοσμοῦντες
1245 3943 1381 4015 πρὸς
1404 3940 1553 3996 θείαν
1581 3935 1867 4009 ὁδηγοῦσιν

287 4040 593 4106 εὐλάϐειαν,
623 4040 889 4110 ἀνάθεμα.

1962 1924 2203 1979 divinam
2252 1922 2618 1991 Scripturam,
2650 1930 2705 1975 et
2747 1922 2801 1974 in
2833 1919 3035 1975 divinis
3082 1916 3370 1989 praeceptis
3413 1930 3541 1969 ver-

1964 2016 2097 2079 sari,
2157 2023 2215 2069 et
2284 2014 2547 2084 populum
2604 2026 2767 2067 suum
2840 2012 3057 2066 docere.
3120 2009 3333 2064 Nostrae
3393 2007 3540 2061 enim

1966 2106 2297 2163 hierarchiaa
2341 2106 2648 2160 substantia
2688 2111 2818 2158 sunt
2861 2103 3076 2173 eloquia
3125 2100 3389 2156 divinitus
3440 2109 3545 2153 tra-

1964 2203 2097 2266 dita,
2122 2201 2434 2264 divinarum
2461 2198 2672 2253 scilicet
2695 2195 3109 2265 Scripturarum
3133 2208 3258 2247 vera
3288 2194 3541 2255 scientia,

1966 2294 2111 2348 sicut
2152 2306 2386 2359 magnus
2429 2292 2507 2343 ait
2538 2287 2834 2358 Dionysius
2858 2285 2925 2339 “.
2964 2284 3022 2339 Si
3053 2286 3180 2354 quis
3228 2294 3409 2337 autem
3439 2282 3544 2335 du-

1966 2386 2089 2440 bius
2128 2382 2297 2438 animi
2371 2379 2557 2444 fuerit,
2601 2389 2656 2433 et
2700 2394 2812 2432 non
2858 2377 3109 2430 lubenter
3140 2376 3253 2429 haec
3284 2375 3462 2428 facere
3491 2382 3546 2427 et

1964 2478 2164 2531 docere
2211 2472 2469 2534 voluerit,
2524 2485 2633 2524 non
2683 2469 2992 2523 ordinetur.
3036 2465 3359 2535 Prophetice
3397 2467 3543 2518 enim

1963 2570 2099 2625 dicit
2130 2568 2276 2622 Deus
2306 2581 2322 2619 :
2358 2562 2437 2617 Tu
2478 2560 2720 2631 reputisti
2758 2560 3058 2623 scientiam,
3083 2566 3131 2611 et
3164 2572 3257 2626 ego
3291 2568 3340 2610 te
3374 2557 3544 2624 repel-

1965 2660 2095 2726 lam,
2123 2675 2185 2713 ne
2207 2658 2281 2712 sis
2310 2655 2443 2709 mihi
2474 2650 2721 2708 sacerdos
2747 2651 2813 2703 ¹³.

2418 2767 2480 2821 ob
2513 2774 2783 2819 attonsum
2815 2761 3178 2816 membranam
3204 2760 3544 2827 aliquantum

2234 2862 2357 2918 109.
2390 2861 2479 2916 ubi
2520 2860 2694 2929 iacent
2727 2858 2783 2911 in
2808 2871 3023 2926 corpore
3048 2853 3243 2908 decreti
3272 2851 3545 2921 synodatis

2329 3043 2549 3102 Concilii
2576 3043 2784 3096 unionis
2807 3056 3036 3094 canones
3065 3040 3120 3105 4,
3148 3039 3201 3090 7.

2038 3143 2095 3198 4.
2131 3142 2486 3207 Quaecunque
2533 3144 2724 3189 contra
2749 3132 3103 3187 traditionem
3134 3128 3416 3191 Ecclesiae,
3448 3127 3551 3182 do-

1968 3236 2203 3291 ctrinam
2245 3238 2302 3285 et
2354 3227 2622 3282 formulas
2668 3234 2986 3279 sanctorum
3024 3238 3089 3277 ac
3131 3222 3415 3276 beatorum
3453 3219 3552 3272 Pa-

1971 3338 2116 3384 trum
2164 3324 2575 3379 innovabantur
2620 3320 2707 3374 vel
2738 3333 2932 3389 reapse
2965 3333 3064 3387 per
3105 3316 3221 3371 sive
3250 3324 3337 3370 est
3381 3314 3551 3368 citum

1968 3420 2248 3478 habebant
2276 3414 2572 3471 anathema
2605 3413 2699 3466 sit.

2039 3626 2095 3678 7.
2118 3623 2449 3691 Quicunque
2482 3632 2669 3674 sacros
2692 3631 2757 3671 ac
2792 3614 3014 3670 diuinos
3039 3627 3281 3668 canones
3310 3628 3340 3665 a
3378 3611 3554 3665 beatis

1971 3716 2229 3775 Patribus
2275 3712 2629 3768 transmissos
2674 3714 3232 3779 spcrnat,negantes
3278 3704 3398 3757 illos
3431 3718 3554 3757 ess:

1971 3810 2147 3865 fulcra
2178 3815 2379 3863 sancta:
2405 3802 2665 3858 Ecclesiae
2696 3808 2751 3855 ct
2788 3800 2958 3855 duces
3009 3797 3446 3853 Christianorum
3485 3793 3556 3847 ad

1978 3902 2074 3958 Dei
2108 3901 2387 3963 timorem,
2425 3896 2718 3951 anathema
2750 3893 2842 3947 sit.

362 4154 451 4209 Ita
479 4151 812 4206 concluditur
831 4150 1188 4219 fragmentum
1217 4164 1250 4199 a
1281 4140 1603 4198 Leunclavio
1635 4138 1736 4195 loc.
1763 4137 1900 4190 dict.
1923 4130 2226 4187 recitatum.
2258 4124 2322 4179 In
2352 4123 2534 4178 codice
2562 4130 2742 4175 autent
2775 4116 2899 4172 Vat.
2928 4118 3167 4188 sequitur
3190 4119 3378 4187 synodi
3401 4120 3553 4173 clan—

288 4250 410 4305 suta
442 4248 643 4301 inedita
676 4260 792 4314 qua:
822 4244 900 4296 ita
930 4258 985 4296 se
1023 4240 1201 4294 habet.

355 4362 575 4417 Τούτων
611 4360 788 4424 οθτως
841 4361 1211 4431 διωρισμένων
1242 4357 1380 4428 πρὸς
1430 4354 1731 4424 ἀσφάλειαν
1769 4353 1871 4421 τῆς

285 4457 448 4526 ἁγίας
498 4452 862 4522 Ἐκκλησίας,
913 4451 1009 4504 τοῦ
1043 4450 1310 4520 ἀμέτοχον
1362 4444 1502 4501 εῖναι
1552 4446 1616 4498 τὸ
1647 4444 1869 4506 εὐσεϐὲς

285 4548 397 4601 τῶν
446 4542 784 4615 Χριστιανῶν
838 4541 1111 4610 πλήρωμα
1141 4540 1252 4592 τῶν
1275 4538 1334 4605 ἐξ
1356 4536 1630 4608 ἀθεμίτων
1671 4535 1867 4606 γάμων

290 4641 496 4712 ρύπων,
526 4638 756 4709 δεόμεθα
783 4638 883 4709 τῆς
916 4639 1015 4708 σῆς
1044 4635 1399 4705 ἀγαθότητος,
1426 4634 1633 4706 Χριστὲ
1666 4634 1695 4685 ό
1733 4632 1869 4695 Θεὸς

289 4734 470 4805 ὴμῶν,
503 4732 582 4785 ἔτι
616 4731 712 4785 καὶ⁵
734 4730 1025 4793 διαπαντὸς
1058 4730 1168 4782 πᾶν
1201 4726 1521 4790 σκάνδαλον,
1549 4727 1728 4780 πᾶσαν
1749 4726 1869 4778 δια-

2048 4339 2263 4409 Quibus
2310 4338 2386 4392 ita
2420 4335 2659 4392 delinilis
2707 4335 2775 4389 ad
2810 4333 3166 4389 securitatem
3213 4340 3418 4389 sancta:
3447 4333 3556 4389 Ec-

1977 4434 2179 4498 clesiae,
2209 4441 2264 4487 et
2312 4438 2373 4485 ut
2402 4427 2620 4499 pietatis
2662 4424 2997 4496 perfectione
3032 4432 3285 4479 arceatur
3316 4426 3553 4493 nequitia

1976 4526 2301 4598 nnptialium
2357 4521 2641 4586 sordium;
2693 4532 2986 4590 precamur
3035 4517 3335 4572 bonitatem
3379 4526 3553 4583 tuam,

1974 4618 2195 4675 Christe
2255 4618 2400 4670 Deus
2448 4622 2654 4676 noster,
2706 4619 2765 4664 ut
2808 4609 3066 4680 deinceps
3111 4624 3274 4665 omne
3326 4625 3556 4680 prorsus

1972 4708 2318 4773 scandalum,
2341 4720 2669 4774 omnemque
2706 4702 2921 4758 dissidii
2951 4717 3175 4758 causam
3210 4702 3279 4757 ab
3308 4702 3555 4759 Ecclesia

294 4793 566 4896 μερισμοῦ
589 4821 905 4890 αἰτίαν,τῆς
932 4821 1029 4890 σῆς
1060 4820 1366 4887 ἐξελαύνειν
1401 4818 1748 4888 Ἐκκλησίας,
1774 4816 1869 4870 καὶ

1976 4810 2075 4857 tua
2113 4799 2299 4865 tollas,
2336 4809 2393 4854 et
2436 4810 2733 4852 conserves
2782 4794 2858 4848 illi
2890 4793 3173 4864 paciﬁcam
3208 4796 3557 4852 constitutio-

292 4884 580 4985 συντηρεῖν
635 4884 783 4983 αὐτῇ,
821 4884 924 4982 την
969 4884 1249 4982 εἰρηναίαν
1308 4884 1680 4974 κατάστασιν,
1734 4884 1867 4978 πρε-

1982 4906 2129 4955 nem,
2166 4888 2533 4943 intercedente
2561 4885 2961 4957 gloriosissima
2988 4884 3222 4941 Domina
3258 4898 3445 4943 nostra
3505 4900 3560 4945 et

294 4978 502 5069 σὸείαῖς
526 5004 623 5075 τῆς
668 4978 963 5071 Δεσποίνης
1018 4978 1176 5073 ημῶν
1207 5002 1301 5055 καὶ
1339 5001 1605 5072 ἀχράντου
1635 5000 1869 5071 Μητρὸς1

1985 4983 2209 5041 sublimi
2237 4980 2409 5037 Matre
2442 4989 2558 5047 tua,
2592 4993 2658 5034 ac
2686 4978 3079 5034 sacratissimis
3106 4979 3394 5051 discipulis
3448 4983 3562 5036 tuis

293 5098 407 5152 τῶν
438 5071 708 5164 πανιέρων
751 5110 845 5146 σου
890 5071 1147 5165 μαθητῶν
1187 5094 1281 5147 καὶ
1343 5071 1681 5157 ἀποστόλων,
1706 5091 1773 5144 δι’
1802 5083 1869 5144 ὧν

1979 5085 2034 5132 et
2066 5074 2350 5146 apostolis,
2390 5088 2485 5143 per
2511 5086 2654 5142 quos
2692 5071 2745 5123 in
2795 5072 2945 5125 omni
2976 5078 3127 5125 terra
3169 5087 3362 5141 pacem
3406 5080 3557 5128 tuam

297 5190 355 5245 ὲν
385 5189 534 5259 πάσῃ
582 5189 649 5257 τῇ
688 5190 983 5259 οἰκουμένῃ
1014 5164 1113 5258 τὴν
1145 5186 1243 5257 σὴν
1272 5184 1687 5253 κατεφύτευσας
1724 5183 1869 5254 εἰρή-

1983 5167 2341 5240 implantasti,
2378 5181 2504 5221 cum
2531 5164 2787 5219 omnibus
2821 5164 3031 5220 sanctis
3086 5165 3219 5230 illis,
3270 5164 3325 5221 in
3356 5167 3563 5237 quibus

298 5298 438 5349 νην,
479 5255 574 5333 καὶ
622 5255 858 5332 πάντων-
894 5255 982 5343 οἷς
1035 5255 1096 5343 ἐξ
1148 5255 1343 5340 αίνῶνος
1417 5273 1869 5344 εύαρεστούμενος

1985 5276 2017 5317 a
2046 5259 2262 5318 saeculis
2304 5258 2456 5314 visus
2484 5272 2546 5313 es
2580 5255 2680 5311 tibi
2711 5255 3128 5326 complacuisse.
3164 5256 3365 5312 Amen.

301 5369 489 5440 ὤφθης
525 5368 721 5439 ἁγίοις.
755 5370 949 5440 Ἀμήν.

2062 5478 2277 5535 Textus.
2310 5477 2646 5534 Constitutio
2674 5477 2729 5543 3,
2768 5477 2852 5532 tit.
2888 5476 2948 5541 2,
3008 5474 3388 5542 Novellarum,
3443 5491 3566 5545 sep-

1990 5583 2098 5628 tem
2139 5569 2498 5626 conciliorum
2551 5584 2815 5636 canones,
2839 5582 3143 5638 eorumque
3190 5566 3411 5637 placita,
3444 5574 3566 5619 tan-

1987 5674 2150 5728 quam
2221 5675 2407 5716 sacras
2456 5658 2770 5729 Scripturas
2822 5658 2937 5713 vult
2998 5658 3197 5710 valere.
3260 5653 3456 5709 Verum
3510 5654 3565 5706 in

384 5484 452 5537 Ἦ
477 5484 639 5554 τρίτη
661 5481 904 5547 διάταξις
932 5481 1025 5534 τοῦ
1050 5478 1095 5550 β’
1127 5479 1309 5533 τίτλου
1339 5478 1450 5532 τῶν
1482 5478 1732 5549 Νεαρῶν,
1754 5478 1881 5542 τοὺς

303 5574 412 5630 τῶν
446 5573 721 5645 τεσσάρων
752 5572 980 5629 συνόδων
1012 5570 1241 5632 κανόνας
1262 5569 1403 5629 θέλει
1433 5570 1676 5639 κρατεῖν,
1697 5567 1792 5622 καὶ
1813 5567 1881 5621 τὰ

305 5668 552 5737 δόγματα
592 5664 789 5729 αὐτῶν,
829 5661 907 5725 ὡς
932 5664 1029 5725 τὰς
1061 5662 1213 5724 θείας
1252 5661 1290 5712 Γ
1296 5661 1493 5732 ραφάς.
1530 5661 1618 5713 Ἑν
1650 5660 1705 5713 δὲ
1736 5660 1812 5731 τῷ
1834 5659 1880 5730 β’

316 5836 325 5839 -
378 5781 421 5811 ⁰¹
460 5780 602 5835 Psal.
694 5781 759 5831 ¹¹.
787 5777 862 5832 De
897 5776 1079 5832 εει-ιω.
1114 5775 1262 5830 llier.
1297 5792 1418 5849 cap.
1455 5780 1504 5833 l.
1586 5774 1788 5832 "Osee
1827 5791 1900 5842 tv,
1938 5779 1987 5831 6.
