4122 6446
502 398 608 463 455

1678 381 1936 450 ΡΗΟΤῘΙ
1977 378 2482 442 PATRIARCH/E
2508 382 2619 444 (Π).

3667 396 3772 462 456

504 520 541 573 2
560 518 657 573 lib.
679 514 931 582 Codicis,
962 515 1046 571 tit.
1070 517 1131 582 3,
1166 513 1387 571 constit.
1425 510 1513 573 Μ,
1536 515 1591 562 et
1620 505 1677 559 in
1704 520 1720 557 ι
1754 500 1858 556 ctl
1880 495 2093 553 consu-

2202 491 2388 582 βιύλίῳ
2411 493 2507 547 τοῦ
2532 496 2798 564 Κώδικος,
2819 497 2926 553 τίτ.
2948 503 3018 568 γ’,
3050 498 3291 568 διατάξει
3332 502 3392 556 ιδ’
3421 504 3566 576 καὶή
3595 515 3645 561 α’
3677 514 3770 564 καὶ

506 610 737 676 tutione,
761 610 846 666 tit.
878 610 930 673 i,
955 608 1323 669 Novellarum,
1355 601 1553 673 partim
1596 609 1833 651 canones
1857 600 1915 645 ut
1947 591 2092 658 leges

507 705 710 767 valere,
740 702 937 773 partim
972 701 1116 770 leges
1177 698 1332 767 sequi
1380 706 1619 750 canones
1672 684 1997 760 [traditur].
2027 682 2093 737 Et

511 797 607 851 lib.
645 798 697 858 l,
731 795 813 851 tit.
844 794 901 861 2,
934 800 1113 848 const.
1147 790 1234 855 12,
1267 785 1631 859 pragmaticas
1686 780 1912 845 formas,
1970 790 2095 848 qua:

511 887 823 944 canonibus
846 886 1233 949 adversantur,
1254 880 1438 937 irritas
1467 891 1587 933 esse
1616 872 1838 947 [habet].

587 1061 691 1129 12
722 1058 874 1114 CAP.
905 1055 996 1111 Ill.
1030 1086 1101 1100 —
1138 1054 1294 1121 Quod
1326 1052 1685 1109 ecclesiastica
1736 1046 2089 1108 consuetudo,

512 1153 731 1207 etiamsi
771 1165 875 1204 non
928 1150 1150 1218 scripta,
1202 1148 1375 1201 instar
1422 1146 1550 1215 legis
1598 1143 1857 1199 servanda
1901 1143 2010 1206 sit;
2044 1148 2094 1194 et

513 1244 652 1315 quod
710 1243 926 1297 minime
993 1257 1199 1297 necesse
1262 1241 1330 1294 sit
1387 1237 1682 1293 Mosaicam
1742 1236 1907 1307 legem
1964 1236 2095 1289 reti-

514 1351 656 1390 nere.

769 1424 990 1481 Concilii
1055 1424 1358 1479 meumenici
1406 1439 1461 1478 γι
1513 1439 1681 1477 canon
1740 1421 1827 1476 82.

586 1537 679 1593 82.
707 1537 766 1592 ιη
791 1538 1070 1593 nonnullis
1090 1537 1479 1591 venerabilium
1519 1536 1815 1605 imaginum
1844 1533 2095 1604 picturis,

515 1645 691 1700 agnus
757 1630 850 1699 qui
912 1629 1083 1700 digito
1146 1627 1512 1682 Prmcursoris
1572 1634 1935 1691 monstratur,
2001 1624 2097 1679 de-

516 1720 782 1792 pingitur,
832 1720 927 1788 qui
981 1720 1049 1773 ad
1099 1718 1287 1789 gratiae
1346 1718 1574 1786 ﬁguram
1626 1727 1943 1787 assumptus
1990 1723 2093 1780 est,

516 1828 703 1868 verum
739 1812 897 1866 nobis
961 1827 1162 1883 agnum
1216 1826 1312 1881 per
1354 1811 1526 1881 legem
1586 1809 1868 1864 Christum
1926 1809 2095 1862 Deum

518 1914 768 1960 nostrum
809 1915 1259 1974 praemonstrans.
1299 1903 1567 1973 Antiquas
1618 1917 1749 1971 ergo
1795 1903 1996 1970 ﬁguras
2040 1908 2095 1955 et

516 1998 763 2064 umbras,
797 2006 857 2051 ut
904 1997 1148 2052 veritatis
1191 1997 1346 2066 signa
1380 2006 1433 2051 et
1463 1996 1808 2051 characteres
1834 1992 2096 2048 Ecclesia:

519 2089 766 2155 traditos,
813 2090 1222 2158 amplectentes,
1274 2091 1505 2158 gratiam
1543 2098 1597 2143 et
1627 2087 1911 2141 veritatem
1957 2101 2097 2157 prte-

518 2180 799 2249 ponimus,
831 2196 952 2235 eam
990 2189 1050 2234 ut
1087 2181 1223 2249 legis
1262 2180 1668 2250 implemeutum
1708 2179 2091 2248 suscipientes.

525 2270 593 2324 Ut
625 2286 755 2339 ergo
784 2271 929 2340 quod
979 2270 1276 2339 perlectum
1308 2281 1412 2336 est,
1463 2271 1545 2323 vel
1595 2269 1843 2323 colorum
1872 2282 2099 2336 expres-

519 2363 770 2419 sionibus
805 2364 1053 2417 omnium
1088 2364 1263 2419 oculis
1299 2363 1649 2433 subjiciatur,
1680 2362 1803 2430 ejus
1831 2361 1926 2430 qui
1959 2360 2099 2415 tollit

519 2466 745 2526 peccata
789 2456 1001 2521 mundi,
1033 2456 1238 2510 Christi
1277 2455 1368 2510 Dei
1418 2454 1594 2509 nostri
1631 2454 1871 2507 humana
1920 2450 2096 2506 forma

520 2551 893 2603 characterem
923 2550 1087 2602 etiam
1133 2549 1185 2602 in
1220 2548 1552 2618 imaginibus
1586 2546 1843 2616 deinceps
1872 2562 1972 2617 pro
2004 2560 2098 2601 ve-

522 2642 624 2694 teri
656 2656 797 2711 agno
830 2641 966 2711 erigi
1008 2655 1072 2694 ac
1099 2640 1316 2710 depingi
1348 2640 1607 2710 jubemus
1638 2658 1651 2693 :
1693 2648 1751 2693 ut
1778 2653 1871 2708 per
1914 2639 2095 2708 ipsum

521 2730 614 2784 Dei
646 2729 808 2785 Verbi
858 2731 1254 2785 lmmiliatiouis
1306 2730 1683 2785 celsitudinem
1732 2739 1913 2784 mente
1945 2744 2098 2783 com-

520 2823 945 2892 prehendentes,
987 2821 1054 2875 ad
1092 2821 1413 2875 memoriam
1446 2836 1665 2889 quoque
1694 2820 1814 2886 ejus
1848 2820 1901 2872 in
1932 2831 2100 2873 carne

519 2914 977 2978 conversationis,
1011 2913 1242 2983 ejusque
1282 2912 1554 2982 passionis
1582 2922 1637 2965 et
1666 2912 1926 2966 salutaris
1952 2928 2101 2965 more

522 3007 595 3063 tis
622 3006 978 3073 deducantur,
1010 3005 1240 3074 ejusque
1262 3021 1381 3075 quae
1414 3020 1483 3059 ex
1510 3020 1573 3059 eo
1608 3003 1749 3058 facta
1775 3012 1860 3059 est
1892 3003 2098 3057 mundo

522 3097 938 3168 redemptionis.

525 3321 715 3379 Sancti
760 3322 957 3377 Basilii
995 3325 1066 3377 ad
1107 3324 1399 3379 Diodorum
1442 3324 1751 3377 Tarsensem
1789 3324 1873 3395 de,
1898 3325 1977 3378 Itis
2008 3326 2100 3395 qui

597 3395 732 3447 duas
772 3411 978 3448 sorores
1033 3396 1253 3461 ducunt,
1279 3397 1355 3448 t'el
1382 3397 1444 3449 de
1468 3397 1577 3448 illis
1603 3412 1718 3465 qua:
1748 3394 1950 3447 duobus
1982 3394 2100 3464 fra-

598 3465 767 3519 tribus
796 3467 1134 3518 matrimonio
1158 3466 1477 3535 junguntur.

597 3577 878 3632 Venerunt
898 3578 1060 3632 nobis
1081 3577 1275 3633 littera:
1308 3579 1531 3632 nomine
1557 3577 1775 3632 Diodori
1804 3579 2098 3648 inseriptre,

524 3679 581 3726 at
609 3671 662 3724 in
691 3672 918 3741 reliquis
956 3673 1205 3741 quemvis
1236 3673 1403 3725 alium
1430 3674 1614 3742 potius
1644 3673 1896 3725 decentes
1935 3686 2099 3740 quam

525 3758 848 3812 Diodorum.
890 3756 1119 3813 Videtur
1159 3760 1304 3813 enim
1340 3766 1555 3815 astutus
1585 3759 1784 3828 aliquis
1809 3773 2101 3829 personam

527 3860 678 3907 tuam
718 3853 820 3923 13
866 3853 1126 3915 induens,
1169 3853 1248 3908 sic
1279 3852 1384 3908 sibi
1431 3853 1673 3908 voluisse
1719 3854 2102 3909 auctoritatem

526 3942 673 4013 apud
705 3944 983 3999 auditores
1012 3948 1377 4014 {comparare
1428 3943 1530 4010 Qui
1562 3945 1783 4014 quidem
1821 3946 1890 4000 ab
1920 3946 2105 4015 aliquo
2137 4025 2139 4028 γ

528 4035 923 4105 interrogatus,
949 4050 1019 4089 an
1048 4035 1153 4091 sibi
1172 4036 1361 4090 liceret
1390 4046 1620 4091 mortuae
1642 4036 1830 4092 uxoris
1859 4051 2104 4092 sororem

2194 581 2230 647 ἡ
2252 580 2294 633 δ’
2314 581 2555 649 διάταξις
2575 585 2669 637 τοῦ
2700 586 2944 638 α’τίτλου
2973 587 3080 639 τῶν
3112 590 3342 659 Νεαρῶν
3367 607 3382 622 ο
3421 593 3499 663 πῆ
3540 595 3658 665 μὲν,
3688 598 3770 651 ὅτι

2192 673 2243 725 οἱ
2274 674 2496 738 κανόνες
2524 674 2600 738 ώς
2623 676 2776 745 νόμοι
2804 678 3087 748 κρατοῦσι,
3115 680 3285 750 πῆδέ,
3315 682 3396 735 ὅτι
3425 687 3536 746 τοῖς
3555 689 3771 741 κανόσιν

2194 765 2244 816 οἱ
2272 764 2425 834 νόμοι
2456 766 2811 819 ἀκολουθοῦσι
2842 783 2856 797 ·
2887 771 2980 822 κα)⁸
3011 770 3203 841 βιϐλίῳ
3249 780 3321 839 α’,
3350 775 3516 844 τίτλῳ
3551 774 3616 844 β’,
3655 778 3773 830 δια-

2193 856 2343 921 τάξει
2375 858 2441 927 ιβ’
2475 858 2555 911 ὅτι
2578 860 2625 911 οί
2655 862 2767 923 τοίς
2805 861 3026 916 κανόσιν
3057 864 3463 935 ἐναντιούμενοι
3517 884 3775 938 πραγμα-

2195 950 2354 1013 τικοὶ,
2388 951 2581 1020 ἀκυροί
2602 954 2762 1007 εἰσιν.

2266 1041 2517 1093 ΚΕΦΑΛ.
2543 1042 2691 1095 l".—
2708 1042 2850 1111 Περὶ
2868 1044 2975 1096 τοῦ
2991 1045 3401 1112 φυλάττεσθαι
3422 1046 3489 1099 τὸ
3504 1046 3776 1115 ἄγραφον

2193 1132 2710 1200 ἐκκλησιαστικὸν
2757 1136 2931 1202 ἔθος,
2992 1138 3073 1201 ώς
3112 1139 3300 1205 νόμον
3330 1152 3346 1168 ⁸
3381 1139 3479 1191 καὶ
3529 1140 3617 1191 ὅτι
3663 1142 3774 1192 οὐκ

2192 1226 2414 1293 ἔχομεν
2468 1227 2747 1297 ἀνάγκην
2804 1228 3134 1297 φυλάττειν
3175 1231 3247 1283 τὰ
3292 1230 3399 1284 τοῦ
3451 1234 3775 1287 Μωσατκοῦ

2197 1323 2401 1391 νόμου.

2371 1413 2643 1468 Συνόδου
2688 1414 3109 1484 οἱκουμενικῆς
3142 1422 3196 1480 ς’
3259 1415 3462 1471 κανὼν
3489 1417 3597 1488 πβ’.

2266 1527 2364 1598 πβ.
2398 1529 2498 1583 Ἔν
2533 1547 2642 1583 τισι
2675 1530 2786 1583 τῶν
2816 1530 3031 1585 σεπτῶν
3059 1532 3284 1585 εἰκόνων
3306 1537 3565 1604 γραφαῖς,
3604 1536 3797 1605 ἀμνὲς

2195 1616 2445 1690 δακτύλῳ
2491 1620 2586 1673 τοῦ
2622 1622 2940 1692 Προδρόμου
2982 1622 3329 1693 δεικνύμενος
3356 1626 3775 1694 ἐγχαράττεται,

2196 1710 2253 1773 ὃς
2284 1712 2363 1775 είς
2389 1712 2561 1766 τύπον
2605 1714 2929 1785 παρελήφθη
2957 1715 3057 1785 τῆς
3107 1718 3328 1787 χάριτος
3348 1756 3362 1781 ,
3396 1717 3488 1769 τὸν
3526 1717 3778 1788 ἀληθινὸν

2129 1843 2173 1902 Β
2200 1804 2335 1872 ἡμῖν
2381 1803 2471 1856 διὰ
2520 1804 2687 1875 νόμου
2722 1808 3144 1876 προῦποφαίνων
3172 1808 3347 1877 ἀμνὸν
3367 1848 3383 1874 ,
3422 1810 3657 1879 Χριστὸν
3686 1810 3778 1862 τὸν

2201 1894 2335 1948 Θεὸν
2400 1896 2579 1966 ἡμῶν.
2642 1898 2781 1961 Τοὺς
2822 1897 2916 1951 οῦν
2958 1898 3227 1962 παλαιοὺς
3277 1900 3478 1963 τύπους
3533 1902 3631 1953 καὶ
3678 1903 3778 1966 τὰς

2204 1986 2386 2052 σκιὰς,
2441 1988 2515 2051 ώς
2550 1988 2650 2059 τῆς
2696 1989 2952 2060 ἀληθείας
3014 1989 3260 2060 σύμὸολά
3302 2007 3363 2043 τε
3416 1993 3509 2044 καὶ
3574 2010 3779 2063 προχα-

2204 2079 2464 2150 ράγματα
2494 2082 2559 2151 τῇ
2599 2079 2894 2152 Ἐκκλησία
2930 2082 3398 2154 παραδεδομένους
3427 2086 3778 2149 κατασπαζό-

2207 2189 2379 2241 μενοι,
2416 2172 2517 2242 τὴν
2551 2174 2711 2243 χάριν
2747 2176 3104 2246 προτιμῶμεν
3133 2179 3228 2229 καὶ
3264 2178 3365 2248 τὴν
3395 2178 3672 2249 ἀλήθειαν,
3705 2179 3780 2243 ώς

2206 2263 2485 2334 πλήρωμα
2545 2266 2711 2335 νόμου
2754 2266 2959 2338 ταύτην
3006 2268 3420 2340 ὑποδεξάμενοι.
3464 2272 3549 2334 ὀς
3596 2272 3661 2325 ἂν
3689 2272 3780 2326 οῦν

2203 2357 2411 2411 τέλειον
2439 2359 2542 2412 κάν
2572 2361 2695 2422 ταῖς
2749 2362 3233 2433 χρωματουργίαις
3284 2364 3341 2415 ἐν
3366 2366 3489 2427 ταῖς
3526 2366 3780 2419 ἀπάντων

2203 2444 2392 2514 ὕψεσιν
2424 2448 2829 2518 ύπογράφηται,
2861 2450 2951 2504 τὸν
2975 2450 3069 2504 τοῦ
3106 2452 3352 2522 αίροντος
3383 2453 3482 2524 τὴν
3510 2455 3782 2525 ἁμαρτίαν

2204 2537 2297 2591 τοῦ
2328 2540 2535 2610 κόσμου
2580 2541 2756 2609 ἀμνοῦ
2791 2542 3029 2612 Χριστοῦ
3056 2543 3191 2596 Θεοῦ
3217 2543 3374 2616 ἡμῶν
3414 2547 3554 2599 κατὰ
3579 2546 3669 2599 τὸν
3691 2550 3783 2600 ἀν-

2206 2630 2479 2703 θρώπινον
2508 2634 2855 2704 χαρακτῆρα,
2903 2637 2999 2689 καὶ
3041 2638 3099 2688 ἐν
3137 2640 3257 2700 ταῖς
3302 2638 3505 2691 εἰκόσιν
3525 2639 3633 2692 ἀπὸ
3685 2639 3780 2692 τοῦ

2205 2724 2300 2777 νῦν
2332 2724 2454 2777 ἀντὶ
2490 2725 2583 2777 τοῦ
2620 2725 2855 2779 παλαιοῦ
2888 2727 3085 2798 ἀμνοῦ,
3120 2728 3553 2799 ἀναστηλοῦσθαι
3601 2734 3781 2802 ὁρίζο-

2209 2836 2341 2890 μεν’
2373 2820 2443 2873 δι’
2480 2820 2645 2873 αὐτοῦ
2679 2820 2739 2873 τὸ
2778 2825 2877 2891 τῆς
2918 2823 3302 2887 ταπεινώσεως
3342 2823 3474 2895 ὕψος
3512 2826 3605 2879 τοῦ
3646 2827 3779 2881 Θεοῦ

2204 2913 2380 2981 Λόγου
2412 2913 2825 2978 κατανοοῦντες,
2865 2914 2959 2967 καὶ
2985 2915 3119 2985 πρὸς
3141 2916 3362 2986 μνήμην
3386 2918 3484 2987 τῆς
3516 2918 3780 2990 ἐνσάρκου

2207 3006 2502 3071 πολιτείας,
2553 3005 2647 3059 τοῦ
2702 3024 2763 3059 τε
2796 3007 3001 3071 πάθους
3036 3008 3201 3061 αὐτοῦ
3233 3009 3327 3063 τοῦ
3379 3011 3472 3063 καὶ
3513 3012 3781 3083 σωτηρίου

2208 3097 2440 3152 θανάτου
2489 3100 3014 3169 χειραγωγούμενοι,
3062 3101 3159 3154 καὶ
3195 3102 3296 3172 τῆς
3338 3102 3588 3156 ἐντεῦθεν
3632 3120 3783 3171 γενο-

2128 3193 2174 3255 c
2210 3190 2379 3260 μένης
2403 3188 2481 3259 τῷ
2512 3190 2703 3260 κόσμῳ
2729 3190 3180 3261 ἀπολυτρώσεως.

2208 3301 2318 3355 Τοῦ
2346 3303 2520 3381 ἀγίορ
2543 3306 2873 3381 Βασιλεζου
2908 3306 3061 3381 πρὸς
3094 3306 3386 3379 Διόδωρον
3414 3311 3522 3381 τόν
3551 3310 3781 3381 Ταρσοῦ

2273 3374 2425 3451 gata
2447 3374 2565 3425 τῶν
2602 3374 2711 3451 δύο
2730 3377 3001 3446 ἀδελφὰς
3034 3374 3403 3447 γαμούντων,
3430 3380 3468 3450 ἢ
3497 3374 3784 3451 ἀδελφοῖς

2271 3440 2413 3495 δυσὶ
2442 3446 2847 3514 γαμουμένων.

2287 3558 2539 3626 Ἀφίκετο
2573 3562 2706 3630 ἡμῖν
2734 3563 3040 3633 γράμματα
3081 3564 3183 3635 τὴν
3227 3565 3539 3638 ἐπιγραφὴν
3594 3568 3783 3639 ἔχοντα

2203 3651 2494 3723 Διοδώρου,
2536 3654 2603 3707 τά
2635 3655 2679 3707 δ’
2706 3657 2904 3727 ἐφεξῆς
2935 3658 3097 3712 ἀλλου
3145 3660 3289 3726 τινὸς
3322 3662 3602 3734 πρέποντα
3645 3661 3784 3719 εἶναι

2209 3744 2431 3815 μᾶλλον,
2472 3748 2505 3820 ἢ
2548 3748 2836 3820 Διοδώρου.
2884 3754 3044 3806 Δοκεῖ
3063 3754 3170 3825 γάρ
3204 3754 3295 3824 μοί
3328 3772 3413 3819 τις
3458 3757 3567 3809 τῶν
3608 3774 3787 3827 τεχνι-

2205 3838 2338 3902 κῶν,
2372 3840 2433 3892 τὸ
2463 3839 2554 3892 σὺν
2599 3842 2890 3912 πρόσωπον
2928 3844 3151 3911 ὑποδὺς,
3198 3845 3373 3911 οὕτως
3406 3847 3596 3901 ἐαυτὸν
3635 3848 3785 3912 ἀξιό-

2206 3947 2399 3984 πιστον
2448 3932 2703 4003 ἐθελῆσαι
2755 3936 2982 4006 ποιῆσαι
3013 3940 3127 4001 τοῖς
3169 3939 3543 4009 ἀκροωμένοις
3572 3956 3587 3970 ο
3628 3941 3687 4004 ὃς
3719 3956 3783 4009 γε

2171 4101 2176 4106 ἰ
2206 4025 2505 4096 ἐρωτηθεὶς
2550 4027 2655 4081 ύπό
2702 4045 2868 4093 τινος,
2906 4030 2955 4083 εί
2986 4028 3207 4100 θεμιτὸν
3242 4032 3407 4085 αὐτὸν
3435 4034 3570 4103 πρὸς
3607 4036 3784 4104 γάμον

530 4126 585 4179 in
621 4126 1034 4180 matrimonium
1066 4127 1291 4192 dueere,
1328 4127 1813 4197 interrogationem
1840 4143 1947 4182 non
1978 4144 2102 4197 per-

2207 4118 2512 4186 ἀγαγέσθαι
2538 4120 2639 4189 τῆς
2670 4121 2931 4189 γυναικὸς
2969 4123 3373 4196 τελευτησάσης
3395 4127 3496 4196 τὴν
3527 4127 3785 4198 ἀδελφὴν,

528 4216 766 4282 horruit,
789 4217 883 4272 sed
908 4217 1119 4287 placide
1147 4218 1311 4273 etiam
1343 4218 1573 4285 audivit,
1604 4234 1671 4273 ac
1699 4219 1957 4275 lascivam
1988 4220 2102 4273 libi-

2206 4210 2307 4264 ούκ
2333 4210 2520 4283 ἔφριξε
2558 4212 2658 4284 τὴν
2713 4213 3003 4285 ἐρώτησιν,
3035 4215 3170 4269 ἀλλά
3215 4217 3309 4269 καὶ
3362 4218 3553 4288 πράως
3587 4220 3784 4289 ἧνεγκε

527 4307 712 4364 dinem
742 4307 959 4364 fortiter
988 4325 1215 4380 prorsus
1242 4322 1298 4365 et
1324 4312 1647 4381 pugnaciter
1688 4311 1920 4382 adjuvit.
1948 4311 2102 4378 Quod

2206 4305 2307 4375 τὴν
2340 4307 2533 4376 ἀκοὴν,
2589 4307 2686 4361 καὶ
2729 4308 2790 4361 τὸ
2838 4308 3070 4378 ἀσελγὲς
3126 4308 3453 4381 ἐπιθύμημα
3489 4313 3787 4380 πάνυ.γεν-

529 4402 578 4459 si
621 4402 879 4458 adessent
920 4403 1132 4471 litterae,
1168 4420 1264 4460 eas
1300 4406 1369 4460 ad
1414 4414 1465 4459 te
1512 4406 1812 4471 misissem,
1864 4408 2102 4476 satisque

2208 4396 2376 4459 ναίως
2427 4396 2577 4468 αὐτῷ
2625 4398 2720 4451 καὶ
2780 4400 3157 4465 ἀγωνιστικῶς
3207 4401 3678 4471 συγκατέπραξεν.
3726 4405 3788 4458 El

530 4492 762 4548 haberes
791 4492 1067 4550 facultatis
1095 4506 1149 4550 et
1172 4497 1241 4564 ad
1272 4506 1420 4551 tuam
1441 4506 1495 4551 et
1521 4497 1589 4551 ad
1628 4498 1872 4552 veritatis
1922 4497 2102 4553 delen-

2214 4489 2315 4559 μὲν
2346 4486 2439 4544 οὖν
2469 4492 2649 4563 παρῆν
2683 4509 2773 4561 μοι
2798 4494 2859 4546 τὸ
2890 4493 3146 4563 γράμμα,
3178 4496 3310 4549 αὐτὸ
3360 4496 3426 4550 ἂν
3470 4497 3790 4565 ἀπέστειλα,

530 4584 760 4639 sionem.
793 4581 898 4639 Sed
932 4586 1061 4654 quia
1103 4587 1194 4656 qui
1222 4586 1343 4641 illas
1378 4589 1711 4654 ostenderat,
1739 4604 1933 4643 rursus
1983 4590 2108 4646 abs-

533 4675 678 4738 tulit,
717 4682 772 4730 et
819 4686 1009 4731 contra
1043 4692 1165 4742 nos,
1197 4680 1290 4750 qui
1326 4679 1379 4733 id
1419 4680 1488 4735 ab
1518 4680 1673 4735 initio
1703 4682 2104 4750 prohibuimus,

531 4764 683 4819 velut
708 4772 970 4835 tropaeum
1022 4770 1293 4837 quoddam
1347 4772 1701 4837 circumtulit,
1736 4773 2010 4827 licentiam
2046 4788 2106 4828 se

536 4857 735 4911 habere
795 4858 1054 4914 dictitans
1094 4863 1301 4931 scripto
1351 4863 1701 4931 mandatam;
1749 4882 1895 4922 nunc
1932 4867 1999 4921 ad
2056 4876 2110 4923 te

533 4947 753 5017 scripsi,
795 4958 857 5003 ut
881 4950 1085 5019 duplici
1125 4968 1291 5006 manu
1340 4954 1582 5023 spuriam
1630 4955 1777 5009 illam
1818 4958 2107 5026 epistolam

533 5051 947 5106 oppugnemus;
995 5055 1095 5094 nec
1120 5040 1426 5110 quidquam
1459 5042 1508 5095 ei
1560 5042 1776 5097 roboris
1825 5043 2106 5113 relinqua-

534 5143 679 5195 mus,
720 5144 787 5183 ne
829 5128 990 5186 facile
1022 5133 1198 5201 possit
1240 5133 1545 5205 legentibus
1595 5149 1813 5189 nocere.
1862 5134 2109 5189 Primum

535 5221 741 5291 itaque,
794 5225 942 5292 quod
999 5224 1055 5278 in
1104 5225 1379 5291 ejusmodi
1443 5226 1610 5282 rebus
1672 5229 1969 5281 maximum
2003 5236 2107 5293 est,

535 5328 743 5368 morem
792 5325 1047 5371 nostrum
1090 5317 1330 5387 objicere
1368 5333 1683 5389 possumus,
1721 5328 1782 5374 ut
1827 5319 1936 5374 vim
1974 5320 2111 5391 legis

534 5405 846 5471 habentem,
893 5424 961 5463 eo
1009 5410 1155 5479 quod
1198 5410 1355 5466 nobis
1400 5426 1431 5466 a
1459 5411 1592 5466 viris
1643 5412 1849 5468 sanctis
1898 5414 2112 5468 traditae

534 5499 643 5553 sint
671 5500 893 5569 regulte.
929 5501 1045 5557 Mos
1068 5511 1249 5557 autem
1281 5503 1371 5557 ille
1386 5512 1470 5559 est
1496 5504 1791 5572 ejusmodi,
1819 5515 1877 5560 ut
1908 5506 1953 5561 si
1984 5507 2110 5577 quis

534 5587 865 5656 impuritatis
896 5591 1030 5646 vitio
1069 5591 1365 5660 aliquando
1394 5593 1576 5650 victus
1610 5596 1663 5648 in
1698 5596 1942 5651 illicitam
1973 5598 2113 5652 dua-

536 5692 655 5731 rum
716 5694 968 5736 sororum
1031 5684 1475 5752 conjunctioncm
1525 5686 1801 5754 inciderit,
1850 5705 2028 5758 neque
2058 5670 2114 5744 id.

532 5768 943 5830 matrimonium
964 5774 1508 5849 existimetur,neque
1524 5779 1749 5837 omnino
1771 5780 1825 5836 in
1856 5779 2111 5841 Ecclesia:

2213 4583 2308 4636 καὶ
2336 4583 2592 4656 ἐξήρκεις
2620 4585 2685 4640 ἂν
2725 4587 2909 4657 σαυτῷ
2937 4605 2996 4640 τε
3026 4588 3232 4658 ἀμῦναι
3277 4589 3372 4644 καὶ
3414 4592 3480 4661 τῇ
3534 4590 3786 4664 ἀληθείᾳ.

2222 4674 2374 4727 Ἐπεὶ
2419 4675 2476 4729 δὲ
2523 4678 2552 4730 ὁ
2603 4677 2785 4742 δείξας
2836 4678 2997 4733 πάλιν
3045 4678 3316 4748 ἀφείλετο,
3367 4682 3462 4735 καὶ
3501 4680 3691 4753 ῶσπερ
3735 4701 3789 4736 τι

2207 4769 2467 4837 τρόπαιον
2501 4769 2623 4823 καθ’
2679 4770 2837 4841 ἡμῶν
2890 4772 3185 4843 περιέφερε
3228 4772 3615 4827 κεκωλυκότων
3637 4772 3699 4826 τὸ
3732 4772 3790 4839 ἐξ

2208 4860 2405 4929 ἀρχῆς,
2425 4859 2703 4932 ἔγγραφον
2724 4860 2870 4931 ἐχειν
2891 4862 3063 4931 λέγων
3088 4864 3187 4933 τὴν
3208 4862 3477 4928 ἐξουσίαν,
3502 4863 3791 4918 ἐπέστειλα

2203 4950 2304 5015 ,νῦν
2342 4968 2445 5004 σοι.
2482 4952 2643 5005 Ὥστε
2686 4952 2844 5023 διπλῇ
2874 4955 2940 5023 τῇ
2981 4954 3125 5024 χειρὶ
3156 4955 3304 5023 ἡμᾶς
3342 4953 3520 5006 ἐλθεῖν
3555 4955 3648 5008 ἐπὶ
3698 4955 3790 5008 τὸν

2208 5040 2361 5095 νῦθον
2378 5043 2586 5096 ἐκεῖνον
2615 5042 2791 5111 λόγον,
2827 5043 2920 5096 καὶ
2957 5044 3230 5114 μηδεμίαν
3260 5043 3409 5114 αύτῴ
3446 5046 3598 5115 ίσχὺν
3630 5062 3793 5097 κατα-

2206 5131 2386 5187 λιπεῖν
2416 5151 2431 5167 ’
2465 5135 2553 5188 ἴνα
2581 5135 2656 5205 μὴ
2699 5136 2796 5209 ἔχῃ
2840 5135 3097 5206 βλάπτειν
3128 5137 3328 5207 ῥαδίως
3358 5136 3485 5200 τοὺς
3532 5137 3794 5207 ἐντυγχά-

2208 5244 2400 5291 νοντας
2418 5241 2433 5256 ⁸
2468 5227 2685 5298 πρῶτον
2714 5229 2813 5298 μὲν
2844 5227 2937 5281 οὖν
2966 5229 2994 5282 ὃ
3018 5230 3273 5299 μέγιστον
3304 5229 3398 5281 ἐπὶ
3418 5228 3793 5281 τῶντοιούτων

2211 5319 2352 5383 ἐστὶ,
2392 5319 2453 5373 τὸ
2484 5320 2616 5391 παρ’
2650 5321 2781 5390 ἡμῖν
2805 5319 2926 5383 ἔθος
2955 5320 2984 5373 ὃ
3021 5320 3220 5390 ἔχομεν
3247 5320 3598 5389 προὸάλλειν,
3628 5319 3791 5389 νόμου

2209 5410 2440 5480 δύναμιν
2466 5409 2608 5480 ἔχον,
2639 5411 2725 5463 διὰ
2757 5411 2818 5464 τὸ
2849 5412 2938 5481 ὑφ’
2960 5414 3131 5481 ἁγίων
3160 5412 3369 5481 ἀνδρῶν
3400 5412 3528 5473 τοὺς
3560 5411 3795 5482 θεσμοὺς

2211 5504 2344 5572 ἡμῖν
2379 5502 2771 5573 παραδοθῆναι.
2810 5503 2981 5558 Τοῦτο
3009 5504 3067 5557 δέ
3101 5503 3344 5557 τοιοῦτόν
3382 5506 3553 5567 ἐστιν,
3586 5504 3681 5555 ἐάν
3712 5517 3795 5565 τις

2211 5597 2374 5651 πάθει
2400 5597 2747 5670 ἀκαθαρσίας
2771 5597 2903 5650 ποτὲ
2936 5596 3228 5668 κρατηθεὶς
3255 5595 3463 5665 ἐκπέσῃ
3493 5595 3627 5661 πρὸς
3654 5595 3797 5646 δυοῖν

2209 5688 2457 5757 ἀδελφῶν
2490 5688 2729 5757 ἄθεσμον
2782 5690 3105 5755 κοινωνίαν,
3142 5689 3281 5759 μήτε
3329 5687 3506 5758 γάμον
3544 5685 3796 5756 ἡγεῖσθαι

2211 5779 2388 5855 τοῦτο,
2416 5780 2544 5852 μήθ’
2572 5781 2709 5846 ὅλως
2746 5782 2825 5846 είς
2867 5780 3193 5849 Ἐκκλησίας
3240 5780 3514 5845 πλήρωμα
3559 5779 3798 5844 παραδέ-
