  <div class='ocr_page' id='page_1' title='image "/cluster/home/n/w/nwhite01/storage/ocr_20150623/104:no.4/coo.31924054870088/239.png"; bbox 0 0 4122 6438; ppageno 0'>
   <div class='ocr_carea' id='block_1_1' title="bbox 513 360 2071 454">
    <p class='ocr_par' dir='ltr' id='par_1_1' title="bbox 513 360 2071 430">
     <span class='ocr_line' id='line_1_1' title="bbox 513 360 2071 430; baseline 0.004 -8"><span class='ocrx_word' id='word_1_1' title='bbox 513 360 615 423; x_wconf 70' lang='lat'><strong>459</strong></span> <span class='ocrx_word' id='word_1_2' title='bbox 1663 367 1922 428; x_wconf 83' lang='grc' dir='ltr'>ΡΗΟΤΙΙ</span> <span class='ocrx_word' id='word_1_3' title='bbox 1955 371 2071 430; x_wconf 74' lang='grc' dir='ltr'><strong>ΡΛἿ</strong></span> 
     </span>
    </p>
   </div>
   <div class='ocr_carea' id='block_1_2' title="bbox 2173 360 3792 454">
    <p class='ocr_par' dir='ltr' id='par_1_2' title="bbox 2173 370 3792 454">
     <span class='ocr_line' id='line_1_2' title="bbox 2173 370 3792 454; baseline 0.014 -24"><span class='ocrx_word' id='word_1_4' title='bbox 2173 370 2228 431; x_wconf 69' lang='grc' dir='ltr'><strong>ΓΑ</strong></span> <span class='ocrx_word' id='word_1_5' title='bbox 2237 373 2389 434; x_wconf 78' lang='lat' dir='ltr'><strong>RCII</strong></span> <span class='ocrx_word' id='word_1_6' title='bbox 2398 376 2458 436; x_wconf 65' lang='lat'><strong>51‘.</strong></span> <span class='ocrx_word' id='word_1_7' title='bbox 2497 378 2602 439; x_wconf 87' lang='lat' dir='ltr'><strong>CP.</strong></span> <span class='ocrx_word' id='word_1_8' title='bbox 3682 389 3792 454; x_wconf 75' lang='grc'><strong>460</strong></span> 
     </span>
    </p>
   </div>
   <div class='ocr_carea' id='block_1_3' title="bbox 513 478 2071 578">
    <p class='ocr_par' dir='ltr' id='par_1_3' title="bbox 513 478 2071 549">
     <span class='ocr_line' id='line_1_3' title="bbox 513 478 2071 549; baseline -0.001 -16"><span class='ocrx_word' id='word_1_9' title='bbox 513 493 663 548; x_wconf 83' lang='lat' dir='ltr'><strong>ptum</strong></span> <span class='ocrx_word' id='word_1_10' title='bbox 687 494 792 530; x_wconf 90' lang='lat' dir='ltr'><strong>non</strong></span> <span class='ocrx_word' id='word_1_11' title='bbox 818 486 918 540; x_wconf 86' lang='lat' dir='ltr'><strong>est,</strong></span> <span class='ocrx_word' id='word_1_12' title='bbox 957 478 1047 532; x_wconf 83' lang='lat' dir='ltr'><strong>sed</strong></span> <span class='ocrx_word' id='word_1_13' title='bbox 1081 478 1220 547; x_wconf 91' lang='lat' dir='ltr'><strong>apud</strong></span> <span class='ocrx_word' id='word_1_14' title='bbox 1264 479 1578 549; x_wconf 87' lang='lat' dir='ltr'><strong>prophetam</strong></span> <span class='ocrx_word' id='word_1_15' title='bbox 1620 481 1832 535; x_wconf 88' lang='lat' dir='ltr'><strong>crimini</strong></span> <span class='ocrx_word' id='word_1_16' title='bbox 1862 483 2071 537; x_wconf 47' lang='lat' dir='ltr'><strong>maximi</strong></span> 
     </span>
    </p>
   </div>
   <div class='ocr_carea' id='block_1_4' title="bbox 2173 478 3785 578">
    <p class='ocr_par' dir='ltr' id='par_1_4' title="bbox 2173 488 3785 578">
     <span class='ocr_line' id='line_1_4' title="bbox 2173 488 3785 578; baseline 0.008 -34"><span class='ocrx_word' id='word_1_17' title='bbox 2173 488 2399 554; x_wconf 80' lang='grc' dir='ltr'>αὐτὴν</span> <span class='ocrx_word' id='word_1_18' title='bbox 2454 493 2782 559; x_wconf 76' lang='grc' dir='ltr'><em>παιδίσκην</em></span> <span class='ocrx_word' id='word_1_19' title='bbox 2838 497 3314 564; x_wconf 74' lang='grc' dir='ltr'>εἰσεπορεύοντο.</span> <span class='ocrx_word' id='word_1_20' title='bbox 3358 501 3513 554; x_wconf 85' lang='grc' dir='ltr'>Πόσα</span> <span class='ocrx_word' id='word_1_21' title='bbox 3572 502 3627 555; x_wconf 74' lang='grc' dir='ltr'>δὲ</span> <span class='ocrx_word' id='word_1_22' title='bbox 3671 507 3785 578; x_wconf 76' lang='grc' dir='ltr'>εἴδη</span> 
     </span>
    </p>
   </div>
   <div class='ocr_carea' id='block_1_5' title="bbox 513 570 2071 666">
    <p class='ocr_par' dir='ltr' id='par_1_5' title="bbox 513 570 2071 640">
     <span class='ocr_line' id='line_1_5' title="bbox 513 570 2071 640; baseline 0.003 -16"><span class='ocrx_word' id='word_1_23' title='bbox 513 573 692 624; x_wconf 87' lang='lat' dir='ltr'><strong>datur.</strong></span> <span class='ocrx_word' id='word_1_24' title='bbox 735 570 910 625; x_wconf 76' lang='lat' dir='ltr'><strong>Filius</strong></span> <span class='ocrx_word' id='word_1_25' title='bbox 961 574 1122 636; x_wconf 86' lang='lat' dir='ltr'><strong>enim,</strong></span> <span class='ocrx_word' id='word_1_26' title='bbox 1181 573 1377 639; x_wconf 90' lang='lat' dir='ltr'><strong>inquit,</strong></span> <span class='ocrx_word' id='word_1_27' title='bbox 1439 579 1487 624; x_wconf 86' lang='lat' dir='ltr'><strong>et</strong></span> <span class='ocrx_word' id='word_1_28' title='bbox 1534 582 1682 640; x_wconf 77' lang='lat' dir='ltr'><strong>pater</strong></span> <span class='ocrx_word' id='word_1_29' title='bbox 1735 575 1804 625; x_wconf 86' lang='lat' dir='ltr'><strong>ad</strong></span> <span class='ocrx_word' id='word_1_30' title='bbox 1850 577 2071 629; x_wconf 78' lang='lat' dir='ltr'><strong>eamdeu</strong></span> 
     </span>
    </p>
   </div>
   <div class='ocr_carea' id='block_1_6' title="bbox 2173 570 3786 666">
    <p class='ocr_par' dir='ltr' id='par_1_6' title="bbox 2188 570 3786 666">
     <span class='ocr_line' id='line_1_6' title="bbox 2188 570 3786 666; baseline 0.013 -36"><span class='ocrx_word' id='word_1_31' title='bbox 2188 579 2296 632; x_wconf 83' lang='grc' dir='ltr'>τῶν</span> <span class='ocrx_word' id='word_1_32' title='bbox 2327 582 2664 654; x_wconf 76' lang='grc' dir='ltr'><strong>ἀκαθάρτων</strong></span> <span class='ocrx_word' id='word_1_33' title='bbox 2696 587 2884 640; x_wconf 83' lang='grc' dir='ltr'>παθῶν</span> <span class='ocrx_word' id='word_1_34' title='bbox 2917 589 3072 656; x_wconf 85' lang='grc' dir='ltr'>ἄλλα,</span> <span class='ocrx_word' id='word_1_35' title='bbox 3127 591 3189 644; x_wconf 87' lang='grc' dir='ltr'><strong>τὸ</strong></span> <span class='ocrx_word' id='word_1_36' title='bbox 3230 592 3332 663; x_wconf 85' lang='grc' dir='ltr'><strong>μὲν</strong></span> <span class='ocrx_word' id='word_1_37' title='bbox 3370 595 3481 648; x_wconf 83' lang='grc' dir='ltr'><strong>τῶν</strong></span> <span class='ocrx_word' id='word_1_38' title='bbox 3514 570 3786 666; x_wconf 54' lang='grc' dir='ltr'>δαιμῦνωτ</span> 
     </span>
    </p>
   </div>
   <div class='ocr_carea' id='block_1_7' title="bbox 513 662 2086 736">
    <p class='ocr_par' dir='ltr' id='par_1_7' title="bbox 513 662 2086 736">
     <span class='ocr_line' id='line_1_7' title="bbox 513 662 2086 736; baseline 0.003 -21"><span class='ocrx_word' id='word_1_39' title='bbox 513 663 747 732; x_wconf 75' lang='lat' dir='ltr'><strong>puellam</strong></span> <span class='ocrx_word' id='word_1_40' title='bbox 793 665 1224 734; x_wconf 79' lang='lat' dir='ltr'><strong>ingrediebantur</strong></span> <span class='ocrx_word' id='word_1_41' title='bbox 1254 665 1318 716; x_wconf 79' lang='grc'><strong>¹⁸.</strong></span> <span class='ocrx_word' id='word_1_42' title='bbox 1359 662 1501 729; x_wconf 86' lang='lat' dir='ltr'><strong>Quot</strong></span> <span class='ocrx_word' id='word_1_43' title='bbox 1523 675 1700 718; x_wconf 88' lang='lat' dir='ltr'><strong>autem</strong></span> <span class='ocrx_word' id='word_1_44' title='bbox 1738 667 1839 719; x_wconf 86' lang='lat' dir='ltr'><strong>alia</strong></span> <span class='ocrx_word' id='word_1_45' title='bbox 1871 668 2086 736; x_wconf 81' lang='lat' dir='ltr'><strong>cupidi-</strong></span> 
     </span>
    </p>
   </div>
   <div class='ocr_carea' id='block_1_8' title="bbox 515 755 2088 825">
    <p class='ocr_par' dir='ltr' id='par_1_8' title="bbox 515 755 2088 825">
     <span class='ocr_line' id='line_1_8' title="bbox 515 755 2088 825; baseline 0.005 -20"><span class='ocrx_word' id='word_1_46' title='bbox 515 763 688 806; x_wconf 88' lang='lat' dir='ltr'><strong>tatum</strong></span> <span class='ocrx_word' id='word_1_47' title='bbox 744 755 1078 823; x_wconf 86' lang='lat' dir='ltr'><strong>impnrarum</strong></span> <span class='ocrx_word' id='word_1_48' title='bbox 1108 769 1302 824; x_wconf 81' lang='lat' dir='ltr'><strong>genera</strong></span> <span class='ocrx_word' id='word_1_49' title='bbox 1351 755 1657 808; x_wconf 70' lang='lat' dir='ltr'><strong>daztnonutn</strong></span> <span class='ocrx_word' id='word_1_50' title='bbox 1714 757 1932 825; x_wconf 84' lang='lat' dir='ltr'><strong>quidem</strong></span> <span class='ocrx_word' id='word_1_51' title='bbox 1991 759 2088 813; x_wconf 88' lang='lat' dir='ltr'><strong>do-</strong></span> 
     </span>
    </p>
   </div>
   <div class='ocr_carea' id='block_1_9' title="bbox 516 846 2087 918">
    <p class='ocr_par' dir='ltr' id='par_1_9' title="bbox 516 846 2087 918">
     <span class='ocr_line' id='line_1_9' title="bbox 516 846 2087 918; baseline 0.003 -20"><span class='ocrx_word' id='word_1_52' title='bbox 516 847 687 899; x_wconf 89' lang='lat' dir='ltr'><strong>ctrina</strong></span> <span class='ocrx_word' id='word_1_53' title='bbox 721 847 1068 914; x_wconf 71' lang='lat' dir='ltr'><strong>excogitavit,</strong></span> <span class='ocrx_word' id='word_1_54' title='bbox 1090 846 1262 900; x_wconf 84' lang='lat' dir='ltr'><strong>tacuit</strong></span> <span class='ocrx_word' id='word_1_55' title='bbox 1288 860 1418 900; x_wconf 85' lang='lat' dir='ltr'><strong>vero</strong></span> <span class='ocrx_word' id='word_1_56' title='bbox 1453 847 1633 900; x_wconf 84' lang='lat' dir='ltr'><strong>divina</strong></span> <span class='ocrx_word' id='word_1_57' title='bbox 1666 846 1966 918; x_wconf 87' lang='lat' dir='ltr'><strong>Scriptura,</strong></span> <span class='ocrx_word' id='word_1_58' title='bbox 1991 850 2087 904; x_wconf 92' lang='lat' dir='ltr'><strong>ho-</strong></span> 
     </span>
    </p>
   </div>
   <div class='ocr_carea' id='block_1_10' title="bbox 515 938 2085 1008">
    <p class='ocr_par' dir='ltr' id='par_1_10' title="bbox 515 938 2085 1008">
     <span class='ocr_line' id='line_1_10' title="bbox 515 938 2085 1008; baseline 0.004 -19"><span class='ocrx_word' id='word_1_59' title='bbox 515 945 782 990; x_wconf 85' lang='lat' dir='ltr'><strong>nestatem</strong></span> <span class='ocrx_word' id='word_1_60' title='bbox 851 952 1004 990; x_wconf 90' lang='lat' dir='ltr'><strong>suam</strong></span> <span class='ocrx_word' id='word_1_61' title='bbox 1081 953 1262 991; x_wconf 90' lang='lat' dir='ltr'><strong>rerum</strong></span> <span class='ocrx_word' id='word_1_62' title='bbox 1332 938 1572 1008; x_wconf 84' lang='lat' dir='ltr'><strong>turpium</strong></span> <span class='ocrx_word' id='word_1_63' title='bbox 1630 940 2085 1008; x_wconf 75' lang='lat' dir='ltr'><strong>appellationibus</strong></span> 
     </span>
    </p>
   </div>
   <div class='ocr_carea' id='block_1_11' title="bbox 513 1029 2086 1102">
    <p class='ocr_par' dir='ltr' id='par_1_11' title="bbox 513 1029 2086 1102">
     <span class='ocr_line' id='line_1_11' title="bbox 513 1029 2086 1102; baseline 0.002 -19"><span class='ocrx_word' id='word_1_64' title='bbox 513 1029 720 1085; x_wconf 77' lang='lat' dir='ltr'><strong>ftedare</strong></span> <span class='ocrx_word' id='word_1_65' title='bbox 752 1031 962 1096; x_wconf 87' lang='lat' dir='ltr'><strong>nolens,</strong></span> <span class='ocrx_word' id='word_1_66' title='bbox 1013 1029 1108 1085; x_wconf 91' lang='lat' dir='ltr'><strong>sed</strong></span> <span class='ocrx_word' id='word_1_67' title='bbox 1154 1031 1452 1101; x_wconf 83' lang='lat' dir='ltr'><strong>generatim</strong></span> <span class='ocrx_word' id='word_1_68' title='bbox 1503 1033 1842 1098; x_wconf 87' lang='lat' dir='ltr'><strong>impuritates</strong></span> <span class='ocrx_word' id='word_1_69' title='bbox 1877 1033 2086 1102; x_wconf 80' lang='lat' dir='ltr'><strong>vitupe-</strong></span> 
     </span>
    </p>
   </div>
   <div class='ocr_carea' id='block_1_12' title="bbox 511 1119 2082 1188">
    <p class='ocr_par' dir='ltr' id='par_1_12' title="bbox 511 1119 2082 1188">
     <span class='ocr_line' id='line_1_12' title="bbox 511 1119 2082 1188; baseline 0.001 -15"><span class='ocrx_word' id='word_1_70' title='bbox 511 1121 682 1174; x_wconf 86' lang='lat' dir='ltr'><strong>ravit!</strong></span> <span class='ocrx_word' id='word_1_71' title='bbox 735 1121 886 1172; x_wconf 79' lang='lat' dir='ltr'><strong>Sit-ut</strong></span> <span class='ocrx_word' id='word_1_72' title='bbox 939 1127 988 1172; x_wconf 89' lang='lat' dir='ltr'><strong>et</strong></span> <span class='ocrx_word' id='word_1_73' title='bbox 1039 1120 1322 1188; x_wconf 82' lang='lat' dir='ltr'><strong>apostolus</strong></span> <span class='ocrx_word' id='word_1_74' title='bbox 1367 1119 1566 1173; x_wconf 88' lang='lat' dir='ltr'><strong>Paulus</strong></span> <span class='ocrx_word' id='word_1_75' title='bbox 1611 1121 1687 1173; x_wconf 85' lang='lat' dir='ltr'><strong>ait</strong></span> <span class='ocrx_word' id='word_1_76' title='bbox 1725 1138 1736 1172; x_wconf 93' lang='lat'><strong>:</strong></span> <span class='ocrx_word' id='word_1_77' title='bbox 1775 1119 2082 1174; x_wconf 84' lang='lat' dir='ltr'><strong>Fornicatio</strong></span> 
     </span>
    </p>
   </div>
   <div class='ocr_carea' id='block_1_13' title="bbox 511 1210 2083 1280">
    <p class='ocr_par' dir='ltr' id='par_1_13' title="bbox 511 1210 2083 1280">
     <span class='ocr_line' id='line_1_13' title="bbox 511 1210 2083 1280; baseline 0.001 -16"><span class='ocrx_word' id='word_1_78' title='bbox 511 1221 689 1264; x_wconf 84' lang='lat' dir='ltr'><strong>autent</strong></span> <span class='ocrx_word' id='word_1_79' title='bbox 713 1222 759 1263; x_wconf 86' lang='lat' dir='ltr'><strong>et</strong></span> <span class='ocrx_word' id='word_1_80' title='bbox 791 1211 959 1263; x_wconf 79' lang='lat' dir='ltr'><strong>omnis</strong></span> <span class='ocrx_word' id='word_1_81' title='bbox 992 1210 1331 1263; x_wconf 84' lang='lat' dir='ltr'><strong>immunditia</strong></span> <span class='ocrx_word' id='word_1_82' title='bbox 1371 1226 1434 1264; x_wconf 87' lang='lat' dir='ltr'><strong>ne</strong></span> <span class='ocrx_word' id='word_1_83' title='bbox 1456 1212 1756 1264; x_wconf 73' lang='lat' dir='ltr'><strong>nominetur</strong></span> <span class='ocrx_word' id='word_1_84' title='bbox 1782 1212 1993 1280; x_wconf 82' lang='lat' dir='ltr'><strong>quidem</strong></span> <span class='ocrx_word' id='word_1_85' title='bbox 2028 1213 2083 1266; x_wconf 85' lang='lat' dir='ltr'><strong>in</strong></span> 
     </span>
    </p>
   </div>
   <div class='ocr_carea' id='block_1_14' title="bbox 507 1302 2084 1366">
    <p class='ocr_par' dir='ltr' id='par_1_14' title="bbox 507 1302 2084 1366">
     <span class='ocr_line' id='line_1_14' title="bbox 507 1302 2084 1366; baseline 0.001 -9"><span class='ocrx_word' id='word_1_86' title='bbox 507 1304 671 1366; x_wconf 85' lang='lat' dir='ltr'><strong>vobis,</strong></span> <span class='ocrx_word' id='word_1_87' title='bbox 725 1304 860 1356; x_wconf 81' lang='lat' dir='ltr'><strong>sicut</strong></span> <span class='ocrx_word' id='word_1_88' title='bbox 915 1302 1054 1354; x_wconf 85' lang='lat' dir='ltr'><strong>decet</strong></span> <span class='ocrx_word' id='word_1_89' title='bbox 1089 1314 1300 1356; x_wconf 80' lang='lat' dir='ltr'><strong>sanctos</strong></span> <span class='ocrx_word' id='word_1_90' title='bbox 1334 1303 1410 1357; x_wconf 70' lang='lat' dir='ltr'><strong>Ie:</strong></span> <span class='ocrx_word' id='word_1_91' title='bbox 1459 1303 1818 1356; x_wconf 63' lang='lat' dir='ltr'><strong>irnmunditiai</strong></span> <span class='ocrx_word' id='word_1_92' title='bbox 1863 1304 2084 1358; x_wconf 89' lang='lat' dir='ltr'><strong>nomine</strong></span> 
     </span>
    </p>
   </div>
   <div class='ocr_carea' id='block_1_15' title="bbox 509 1395 2081 1450">
    <p class='ocr_par' dir='ltr' id='par_1_15' title="bbox 509 1395 2081 1450">
     <span class='ocr_line' id='line_1_15' title="bbox 509 1395 2081 1450; baseline -0.001 -1"><span class='ocrx_word' id='word_1_93' title='bbox 509 1403 625 1449; x_wconf 89' lang='lat' dir='ltr'><strong>tum</strong></span> <span class='ocrx_word' id='word_1_94' title='bbox 651 1395 894 1449; x_wconf 87' lang='lat' dir='ltr'><strong>virorum</strong></span> <span class='ocrx_word' id='word_1_95' title='bbox 927 1403 1039 1447; x_wconf 87' lang='lat' dir='ltr'><strong>tum</strong></span> <span class='ocrx_word' id='word_1_96' title='bbox 1067 1395 1353 1449; x_wconf 85' lang='lat' dir='ltr'><strong>mulierum</strong></span> <span class='ocrx_word' id='word_1_97' title='bbox 1378 1395 1636 1450; x_wconf 76' lang='lat' dir='ltr'><strong>obscmna</strong></span> <span class='ocrx_word' id='word_1_98' title='bbox 1663 1395 1901 1450; x_wconf 87' lang='lat' dir='ltr'><strong>facinora</strong></span> <span class='ocrx_word' id='word_1_99' title='bbox 1931 1412 2081 1450; x_wconf 82' lang='lat' dir='ltr'><strong>com-</strong></span> 
     </span>
    </p>
   </div>
   <div class='ocr_carea' id='block_1_16' title="bbox 506 1486 2080 1557">
    <p class='ocr_par' dir='ltr' id='par_1_16' title="bbox 506 1486 2080 1557">
     <span class='ocr_line' id='line_1_16' title="bbox 506 1486 2080 1557; baseline 0.001 -16"><span class='ocrx_word' id='word_1_100' title='bbox 506 1489 873 1557; x_wconf 78' lang='lat' dir='ltr'><strong>prehenderis.</strong></span> <span class='ocrx_word' id='word_1_101' title='bbox 903 1487 1084 1554; x_wconf 84' lang='lat' dir='ltr'><strong>Quare</strong></span> <span class='ocrx_word' id='word_1_102' title='bbox 1105 1503 1213 1540; x_wconf 91' lang='lat' dir='ltr'><strong>non</strong></span> <span class='ocrx_word' id='word_1_103' title='bbox 1244 1486 1466 1542; x_wconf 90' lang='lat' dir='ltr'><strong>omnino</strong></span> <span class='ocrx_word' id='word_1_104' title='bbox 1494 1488 1768 1541; x_wconf 87' lang='lat' dir='ltr'><strong>silentium</strong></span> <span class='ocrx_word' id='word_1_105' title='bbox 1806 1488 2080 1542; x_wconf 83' lang='lat' dir='ltr'><strong>licentiam</strong></span> 
     </span>
    </p>
   </div>
   <div class='ocr_carea' id='block_1_17' title="bbox 503 1579 2078 1648">
    <p class='ocr_par' dir='ltr' id='par_1_17' title="bbox 503 1579 2078 1648">
     <span class='ocr_line' id='line_1_17' title="bbox 503 1579 2078 1648; baseline -0.001 -13"><span class='ocrx_word' id='word_1_106' title='bbox 503 1579 598 1635; x_wconf 88' lang='lat' dir='ltr'><strong>dat</strong></span> <span class='ocrx_word' id='word_1_107' title='bbox 640 1580 985 1648; x_wconf 79' lang='lat' dir='ltr'><strong>voluptariis.</strong></span> <span class='ocrx_word' id='word_1_108' title='bbox 1043 1579 1153 1648; x_wconf 83' lang='lat' dir='ltr'><strong>Ego</strong></span> <span class='ocrx_word' id='word_1_109' title='bbox 1207 1587 1387 1632; x_wconf 88' lang='lat' dir='ltr'><strong>autem</strong></span> <span class='ocrx_word' id='word_1_110' title='bbox 1439 1594 1617 1647; x_wconf 90' lang='lat' dir='ltr'><strong>neque</strong></span> <span class='ocrx_word' id='word_1_111' title='bbox 1671 1580 1890 1633; x_wconf 81' lang='lat' dir='ltr'><strong>tacitam</strong></span> <span class='ocrx_word' id='word_1_112' title='bbox 1933 1579 2078 1634; x_wconf 87' lang='lat' dir='ltr'><strong>illam</strong></span> 
     </span>
    </p>
   </div>
   <div class='ocr_carea' id='block_1_18' title="bbox 504 1669 2083 1741">
    <p class='ocr_par' dir='ltr' id='par_1_18' title="bbox 504 1669 2083 1741">
     <span class='ocr_line' id='line_1_18' title="bbox 504 1669 2083 1741; baseline 0.001 -17"><span class='ocrx_word' id='word_1_113' title='bbox 504 1681 717 1741; x_wconf 87' lang='lat' dir='ltr'><strong>partem</strong></span> <span class='ocrx_word' id='word_1_114' title='bbox 747 1671 915 1724; x_wconf 86' lang='lat' dir='ltr'><strong>fuisse</strong></span> <span class='ocrx_word' id='word_1_115' title='bbox 949 1670 1110 1724; x_wconf 83' lang='lat' dir='ltr'><strong>dico:</strong></span> <span class='ocrx_word' id='word_1_116' title='bbox 1163 1669 1274 1723; x_wconf 88' lang='lat' dir='ltr'><strong>imo</strong></span> <span class='ocrx_word' id='word_1_117' title='bbox 1305 1670 1470 1724; x_wconf 83' lang='lat' dir='ltr'><strong>etiam</strong></span> <span class='ocrx_word' id='word_1_118' title='bbox 1504 1686 1533 1723; x_wconf 89' lang='lat' dir='ltr'><strong>a</strong></span> <span class='ocrx_word' id='word_1_119' title='bbox 1564 1670 1875 1741; x_wconf 85' lang='lat' dir='ltr'><strong>legislatore</strong></span> <span class='ocrx_word' id='word_1_120' title='bbox 1919 1672 2083 1726; x_wconf 83' lang='lat' dir='ltr'><strong>vehe-</strong></span> 
     </span>
    </p>
   </div>
   <div class='ocr_carea' id='block_1_19' title="bbox 502 1759 2078 1829">
    <p class='ocr_par' dir='ltr' id='par_1_19' title="bbox 502 1759 2078 1829">
     <span class='ocr_line' id='line_1_19' title="bbox 502 1759 2078 1829; baseline 0 -15"><span class='ocrx_word' id='word_1_121' title='bbox 502 1771 716 1814; x_wconf 87' lang='lat' dir='ltr'><strong>menter</strong></span> <span class='ocrx_word' id='word_1_122' title='bbox 757 1760 1050 1813; x_wconf 83' lang='lat' dir='ltr'><strong>admodum</strong></span> <span class='ocrx_word' id='word_1_123' title='bbox 1103 1759 1271 1814; x_wconf 86' lang='lat' dir='ltr'><strong>fuisse</strong></span> <span class='ocrx_word' id='word_1_124' title='bbox 1322 1760 1673 1829; x_wconf 84' lang='lat' dir='ltr'><strong>prohibitam.</strong></span> <span class='ocrx_word' id='word_1_125' title='bbox 1723 1760 1858 1815; x_wconf 86' lang='lat' dir='ltr'><strong>Illud</strong></span> <span class='ocrx_word' id='word_1_126' title='bbox 1906 1763 2078 1826; x_wconf 86' lang='lat' dir='ltr'><strong>enim,</strong></span> 
     </span>
    </p>
   </div>
   <div class='ocr_carea' id='block_1_20' title="bbox 2187 671 3780 760">
    <p class='ocr_par' dir='ltr' id='par_1_20' title="bbox 2187 671 3780 760">
     <span class='ocr_line' id='line_1_20' title="bbox 2187 671 3780 760; baseline 0.013 -37"><span class='ocrx_word' id='word_1_127' title='bbox 2187 671 2554 728; x_wconf 71' lang='grc' dir='ltr'><strong>διδασκαλεῖον</strong></span> <span class='ocrx_word' id='word_1_128' title='bbox 2577 677 2817 748; x_wconf 80' lang='grc' dir='ltr'><strong>ἐξεῦρεν,</strong></span> <span class='ocrx_word' id='word_1_129' title='bbox 2851 683 2884 752; x_wconf 80' lang='grc' dir='ltr'>ἡ</span> <span class='ocrx_word' id='word_1_130' title='bbox 2913 681 2970 734; x_wconf 77' lang='grc' dir='ltr'>δὲ</span> <span class='ocrx_word' id='word_1_131' title='bbox 3002 683 3120 736; x_wconf 83' lang='grc' dir='ltr'>θεία</span> <span class='ocrx_word' id='word_1_132' title='bbox 3156 684 3350 756; x_wconf 82' lang='grc' dir='ltr'>Γραφὴ</span> <span class='ocrx_word' id='word_1_133' title='bbox 3399 688 3780 760; x_wconf 69' lang='grc' dir='ltr'><strong>ἀπεσιώπησε,</strong></span> 
     </span>
    </p>
   </div>
   <div class='ocr_carea' id='block_1_21' title="bbox 2186 763 3778 848">
    <p class='ocr_par' dir='ltr' id='par_1_21' title="bbox 2186 763 3778 848">
     <span class='ocr_line' id='line_1_21' title="bbox 2186 763 3778 848; baseline 0.013 -34"><span class='ocrx_word' id='word_1_134' title='bbox 2186 763 2248 816; x_wconf 85' lang='grc' dir='ltr'>τὸ</span> <span class='ocrx_word' id='word_1_135' title='bbox 2281 767 2479 834; x_wconf 81' lang='grc' dir='ltr'>σεμνὸν</span> <span class='ocrx_word' id='word_1_136' title='bbox 2522 771 2721 839; x_wconf 73' lang='grc' dir='ltr'>ἑαυτῆς</span> <span class='ocrx_word' id='word_1_137' title='bbox 2752 774 2872 836; x_wconf 84' lang='grc' dir='ltr'>ταῖς</span> <span class='ocrx_word' id='word_1_138' title='bbox 2913 773 3018 827; x_wconf 87' lang='grc' dir='ltr'><strong>τῶν</strong></span> <span class='ocrx_word' id='word_1_139' title='bbox 3050 777 3295 847; x_wconf 83' lang='grc' dir='ltr'><strong>αἰσχρῶν</strong></span> <span class='ocrx_word' id='word_1_140' title='bbox 3333 779 3659 848; x_wconf 72' lang='grc' dir='ltr'><strong>ὀνομασίαις</strong></span> <span class='ocrx_word' id='word_1_141' title='bbox 3679 799 3778 834; x_wconf 79' lang='grc' dir='ltr'><strong>κα-</strong></span> 
     </span>
    </p>
   </div>
   <div class='ocr_carea' id='block_1_22' title="bbox 2184 859 3778 943">
    <p class='ocr_par' dir='ltr' id='par_1_22' title="bbox 2184 859 3778 943">
     <span class='ocr_line' id='line_1_22' title="bbox 2184 859 3778 943; baseline 0.011 -35"><span class='ocrx_word' id='word_1_142' title='bbox 2184 859 2574 929; x_wconf 74' lang='grc' dir='ltr'>ταρρυπαίνειν</span> <span class='ocrx_word' id='word_1_143' title='bbox 2603 864 2701 933; x_wconf 70' lang='grc' dir='ltr'><strong>οὐχ</strong></span> <span class='ocrx_word' id='word_1_144' title='bbox 2731 867 3030 938; x_wconf 77' lang='grc' dir='ltr'><strong>αἱρουμένη</strong></span> <span class='ocrx_word' id='word_1_145' title='bbox 3052 909 3066 931; x_wconf 90' lang='grc'><strong>,</strong></span> <span class='ocrx_word' id='word_1_146' title='bbox 3095 870 3232 924; x_wconf 84' lang='grc' dir='ltr'><strong>ἀλλά</strong></span> <span class='ocrx_word' id='word_1_147' title='bbox 3265 873 3507 938; x_wconf 81' lang='grc' dir='ltr'>γενικοίς</span> <span class='ocrx_word' id='word_1_148' title='bbox 3547 873 3778 943; x_wconf 75' lang='grc' dir='ltr'>ὀνόμασι</span> 
     </span>
    </p>
   </div>
   <div class='ocr_carea' id='block_1_23' title="bbox 2184 949 3784 1026">
    <p class='ocr_par' dir='ltr' id='par_1_23' title="bbox 2184 949 3784 1026">
     <span class='ocr_line' id='line_1_23' title="bbox 2184 949 3784 1026; baseline 0.012 -27"><span class='ocrx_word' id='word_1_149' title='bbox 2184 949 2283 1012; x_wconf 76' lang='grc' dir='ltr'>τὰς</span> <span class='ocrx_word' id='word_1_150' title='bbox 2305 951 2648 1020; x_wconf 78' lang='grc' dir='ltr'>ἀκαθαρσίας</span> <span class='ocrx_word' id='word_1_151' title='bbox 2699 955 2947 1010; x_wconf 78' lang='grc' dir='ltr'>διέϐαλεν</span> <span class='ocrx_word' id='word_1_152' title='bbox 2973 975 2984 988; x_wconf 90' lang='grc'><strong>·</strong></span> <span class='ocrx_word' id='word_1_153' title='bbox 3013 959 3087 1023; x_wconf 87' lang='grc' dir='ltr'>ὡς</span> <span class='ocrx_word' id='word_1_154' title='bbox 3111 963 3205 1014; x_wconf 72' lang='grc' dir='ltr'>καὶ</span> <span class='ocrx_word' id='word_1_155' title='bbox 3241 963 3269 1014; x_wconf 84' lang='grc' dir='ltr'><strong>ὁ</strong></span> <span class='ocrx_word' id='word_1_156' title='bbox 3308 963 3612 1026; x_wconf 77' lang='grc' dir='ltr'><strong>ἀπόστολος</strong></span> <span class='ocrx_word' id='word_1_157' title='bbox 3640 965 3784 1018; x_wconf 67' lang='lat' dir='ltr'><strong>[lab-</strong></span> 
     </span>
    </p>
   </div>
   <div class='ocr_carea' id='block_1_24' title="bbox 2183 1036 3785 1123">
    <p class='ocr_par' dir='ltr' id='par_1_24' title="bbox 2183 1036 3785 1123">
     <span class='ocr_line' id='line_1_24' title="bbox 2183 1036 3785 1123; baseline 0.012 -35"><span class='ocrx_word' id='word_1_158' title='bbox 2183 1036 2274 1101; x_wconf 86' lang='grc' dir='ltr'><strong>λος</strong></span> <span class='ocrx_word' id='word_1_159' title='bbox 2329 1043 2481 1111; x_wconf 76' lang='grc' dir='ltr'>φησὶ,</span> <span class='ocrx_word' id='word_1_160' title='bbox 2517 1046 2774 1111; x_wconf 80' lang='grc' dir='ltr'><strong>Πορνεία</strong></span> <span class='ocrx_word' id='word_1_161' title='bbox 2804 1045 2872 1099; x_wconf 83' lang='grc' dir='ltr'>δὲ</span> <span class='ocrx_word' id='word_1_162' title='bbox 2913 1051 3007 1102; x_wconf 79' lang='grc' dir='ltr'>καὶ</span> <span class='ocrx_word' id='word_1_163' title='bbox 3041 1051 3379 1119; x_wconf 78' lang='grc' dir='ltr'><strong>ἀκαθαρσία</strong></span> <span class='ocrx_word' id='word_1_164' title='bbox 3421 1052 3593 1109; x_wconf 82' lang='grc' dir='ltr'>πᾶσα</span> <span class='ocrx_word' id='word_1_165' title='bbox 3627 1052 3785 1123; x_wconf 82' lang='grc' dir='ltr'>μηδὲ</span> 
     </span>
    </p>
   </div>
   <div class='ocr_carea' id='block_1_25' title="bbox 2187 1128 3777 1214">
    <p class='ocr_par' dir='ltr' id='par_1_25' title="bbox 2187 1128 3777 1214">
     <span class='ocr_line' id='line_1_25' title="bbox 2187 1128 3777 1214; baseline 0.013 -37"><span class='ocrx_word' id='word_1_166' title='bbox 2187 1128 2562 1197; x_wconf 80' lang='grc' dir='ltr'><strong>ὀνομαζέσθω</strong></span> <span class='ocrx_word' id='word_1_167' title='bbox 2594 1133 2758 1201; x_wconf 80' lang='grc' dir='ltr'>ὑμῖν,</span> <span class='ocrx_word' id='word_1_168' title='bbox 2802 1137 2996 1203; x_wconf 84' lang='grc' dir='ltr'>καθὼς</span> <span class='ocrx_word' id='word_1_169' title='bbox 3029 1139 3241 1206; x_wconf 81' lang='grc' dir='ltr'><strong>πρέπει</strong></span> <span class='ocrx_word' id='word_1_170' title='bbox 3288 1141 3504 1210; x_wconf 77' lang='grc' dir='ltr'><strong>ἁγίοις,</strong></span> <span class='ocrx_word' id='word_1_171' title='bbox 3542 1143 3620 1214; x_wconf 79' lang='grc' dir='ltr'>τῷ</span> <span class='ocrx_word' id='word_1_172' title='bbox 3676 1143 3777 1213; x_wconf 77' lang='grc' dir='ltr'>τῆς</span> 
     </span>
    </p>
   </div>
   <div class='ocr_carea' id='block_1_26' title="bbox 2185 1221 3777 1306">
    <p class='ocr_par' dir='ltr' id='par_1_26' title="bbox 2185 1221 3777 1306">
     <span class='ocr_line' id='line_1_26' title="bbox 2185 1221 3777 1306; baseline 0.009 -32"><span class='ocrx_word' id='word_1_173' title='bbox 2185 1221 2526 1292; x_wconf 74' lang='grc' dir='ltr'>ἀκαθαρσίας</span> <span class='ocrx_word' id='word_1_174' title='bbox 2581 1226 2808 1296; x_wconf 84' lang='grc' dir='ltr'>ὀνόματι</span> <span class='ocrx_word' id='word_1_175' title='bbox 2855 1229 2955 1292; x_wconf 83' lang='grc' dir='ltr'><strong>τάς</strong></span> <span class='ocrx_word' id='word_1_176' title='bbox 2999 1247 3058 1282; x_wconf 83' lang='grc' dir='ltr'><strong>τε</strong></span> <span class='ocrx_word' id='word_1_177' title='bbox 3096 1231 3207 1284; x_wconf 83' lang='grc' dir='ltr'><strong>τῶν</strong></span> <span class='ocrx_word' id='word_1_178' title='bbox 3253 1233 3506 1304; x_wconf 77' lang='grc' dir='ltr'>ἀρρένων</span> <span class='ocrx_word' id='word_1_179' title='bbox 3533 1236 3777 1306; x_wconf 77' lang='grc' dir='ltr'>ἀρρητο-</span> 
     </span>
    </p>
   </div>
   <div class='ocr_carea' id='block_1_27' title="bbox 2184 1313 3776 1392">
    <p class='ocr_par' dir='ltr' id='par_1_27' title="bbox 2184 1313 3776 1392">
     <span class='ocr_line' id='line_1_27' title="bbox 2184 1313 3776 1392; baseline 0.009 -28"><span class='ocrx_word' id='word_1_180' title='bbox 2184 1313 2365 1377; x_wconf 84' lang='grc' dir='ltr'>ποιῖας</span> <span class='ocrx_word' id='word_1_181' title='bbox 2399 1318 2492 1368; x_wconf 69' lang='grc' dir='ltr'><strong>καὶ</strong></span> <span class='ocrx_word' id='word_1_182' title='bbox 2518 1317 2616 1379; x_wconf 75' lang='grc' dir='ltr'><strong>τὰς</strong></span> <span class='ocrx_word' id='word_1_183' title='bbox 2635 1319 2740 1369; x_wconf 83' lang='grc' dir='ltr'><strong>τῶν</strong></span> <span class='ocrx_word' id='word_1_184' title='bbox 2780 1319 3010 1388; x_wconf 80' lang='grc' dir='ltr'>θηλειῶν</span> <span class='ocrx_word' id='word_1_185' title='bbox 3043 1322 3497 1392; x_wconf 78' lang='grc' dir='ltr'>περιλαμϐάνων.</span> <span class='ocrx_word' id='word_1_186' title='bbox 3526 1327 3688 1378; x_wconf 78' lang='grc' dir='ltr'>Ὥστε</span> <span class='ocrx_word' id='word_1_187' title='bbox 3712 1328 3776 1380; x_wconf 78' lang='grc' dir='ltr'><strong>οὐ</strong></span> 
     </span>
    </p>
   </div>
   <div class='ocr_carea' id='block_1_28' title="bbox 2183 1401 3779 1483">
    <p class='ocr_par' dir='ltr' id='par_1_28' title="bbox 2183 1401 3779 1483">
     <span class='ocr_line' id='line_1_28' title="bbox 2183 1401 3779 1483; baseline 0.011 -32"><span class='ocrx_word' id='word_1_188' title='bbox 2183 1401 2400 1464; x_wconf 82' lang='grc' dir='ltr'>πάντως</span> <span class='ocrx_word' id='word_1_189' title='bbox 2439 1405 2470 1472; x_wconf 83' lang='grc' dir='ltr'>ἡ</span> <span class='ocrx_word' id='word_1_190' title='bbox 2504 1404 2680 1475; x_wconf 82' lang='grc' dir='ltr'>σιωπὴ</span> <span class='ocrx_word' id='word_1_191' title='bbox 2707 1406 2888 1460; x_wconf 81' lang='grc' dir='ltr'>ἄδειαν</span> <span class='ocrx_word' id='word_1_192' title='bbox 2920 1409 3074 1478; x_wconf 85' lang='grc' dir='ltr'>φέρει</span> <span class='ocrx_word' id='word_1_193' title='bbox 3115 1413 3225 1474; x_wconf 82' lang='grc' dir='ltr'>τοῖς</span> <span class='ocrx_word' id='word_1_194' title='bbox 3253 1412 3580 1482; x_wconf 81' lang='grc' dir='ltr'>φιληδόνοις.</span> <span class='ocrx_word' id='word_1_195' title='bbox 3633 1415 3779 1483; x_wconf 79' lang='grc' dir='ltr'><strong>Ἐγὼ</strong></span> 
     </span>
    </p>
   </div>
   <div class='ocr_carea' id='block_1_29' title="bbox 2181 1488 3780 1572">
    <p class='ocr_par' dir='ltr' id='par_1_29' title="bbox 2181 1488 3780 1572">
     <span class='ocr_line' id='line_1_29' title="bbox 2181 1488 3780 1572; baseline 0.012 -32"><span class='ocrx_word' id='word_1_196' title='bbox 2181 1488 2235 1542; x_wconf 80' lang='grc' dir='ltr'>δὲ</span> <span class='ocrx_word' id='word_1_197' title='bbox 2260 1491 2380 1542; x_wconf 80' lang='grc' dir='ltr'>οὐδὲ</span> <span class='ocrx_word' id='word_1_198' title='bbox 2405 1494 2785 1563; x_wconf 78' lang='grc' dir='ltr'>σεσιωπῆσθαι</span> <span class='ocrx_word' id='word_1_199' title='bbox 2813 1497 2874 1548; x_wconf 80' lang='grc' dir='ltr'><strong>τὸ</strong></span> <span class='ocrx_word' id='word_1_200' title='bbox 2910 1499 3077 1569; x_wconf 83' lang='grc' dir='ltr'>μέρος</span> <span class='ocrx_word' id='word_1_201' title='bbox 3120 1500 3278 1553; x_wconf 82' lang='grc' dir='ltr'>τοῦτο</span> <span class='ocrx_word' id='word_1_202' title='bbox 3318 1504 3487 1572; x_wconf 76' lang='grc' dir='ltr'>φημὶ,</span> <span class='ocrx_word' id='word_1_203' title='bbox 3528 1503 3664 1557; x_wconf 85' lang='grc' dir='ltr'><strong>ἀλλά</strong></span> <span class='ocrx_word' id='word_1_204' title='bbox 3687 1508 3780 1559; x_wconf 75' lang='grc' dir='ltr'><strong>καὶ</strong></span> 
     </span>
    </p>
   </div>
   <div class='ocr_carea' id='block_1_30' title="bbox 2179 1581 3774 1668">
    <p class='ocr_par' dir='ltr' id='par_1_30' title="bbox 2179 1581 3774 1668">
     <span class='ocr_line' id='line_1_30' title="bbox 2179 1581 3774 1668; baseline 0.013 -35"><span class='ocrx_word' id='word_1_205' title='bbox 2179 1581 2321 1634; x_wconf 81' lang='grc' dir='ltr'>πάνυ</span> <span class='ocrx_word' id='word_1_206' title='bbox 2350 1584 2593 1655; x_wconf 76' lang='grc' dir='ltr'><strong>σφοδρῶς</strong></span> <span class='ocrx_word' id='word_1_207' title='bbox 2626 1587 3068 1657; x_wconf 88' lang='grc' dir='ltr'>ἀπηγορευκέναι</span> <span class='ocrx_word' id='word_1_208' title='bbox 3092 1593 3182 1644; x_wconf 77' lang='grc' dir='ltr'>τὸν</span> <span class='ocrx_word' id='word_1_209' title='bbox 3219 1595 3540 1666; x_wconf 83' lang='grc' dir='ltr'>νομοθέτην”</span> <span class='ocrx_word' id='word_1_210' title='bbox 3564 1598 3623 1651; x_wconf 78' lang='grc' dir='ltr'><strong>τὸ</strong></span> <span class='ocrx_word' id='word_1_211' title='bbox 3643 1603 3774 1668; x_wconf 68' lang='grc' dir='ltr'>γὰρ,</span> 
     </span>
    </p>
   </div>
   <div class='ocr_carea' id='block_1_31' title="bbox 2183 1670 3780 1757">
    <p class='ocr_par' dir='ltr' id='par_1_31' title="bbox 2183 1670 3780 1757">
     <span class='ocr_line' id='line_1_31' title="bbox 2183 1670 3780 1757; baseline 0.013 -31"><span class='ocrx_word' id='word_1_212' title='bbox 2183 1670 2301 1727; x_wconf 80' lang='grc' dir='ltr'><strong>Οὐκ</strong></span> <span class='ocrx_word' id='word_1_213' title='bbox 2343 1678 2667 1745; x_wconf 62' lang='lat' dir='ltr'><strong>stat-2.1813013</strong></span> <span class='ocrx_word' id='word_1_214' title='bbox 2691 1679 2842 1748; x_wconf 85' lang='grc' dir='ltr'>πρὸς</span> <span class='ocrx_word' id='word_1_215' title='bbox 2881 1680 3082 1736; x_wconf 76' lang='grc' dir='ltr'>πάντα</span> <span class='ocrx_word' id='word_1_216' title='bbox 3126 1685 3350 1740; x_wconf 71' lang='grc' dir='ltr'>οἰκεῖον</span> <span class='ocrx_word' id='word_1_217' title='bbox 3389 1693 3620 1757; x_wconf 82' lang='grc' dir='ltr'>σαρκός</span> <span class='ocrx_word' id='word_1_218' title='bbox 3660 1707 3780 1746; x_wconf 85' lang='grc' dir='ltr'>σου</span> 
     </span>
    </p>
   </div>
   <div class='ocr_carea' id='block_1_32' title="bbox 2180 1765 3778 1851">
    <p class='ocr_par' dir='ltr' id='par_1_32' title="bbox 2180 1765 3778 1851">
     <span class='ocr_line' id='line_1_32' title="bbox 2180 1765 3778 1851; baseline 0.012 -32"><span class='ocrx_word' id='word_1_219' title='bbox 2180 1765 2572 1836; x_wconf 67' lang='grc' dir='ltr'>ἀποκαλύψαι</span> <span class='ocrx_word' id='word_1_220' title='bbox 2605 1769 3058 1842; x_wconf 80' lang='grc' dir='ltr'><strong>ἀσχημοσύνην</strong></span> <span class='ocrx_word' id='word_1_221' title='bbox 3097 1775 3319 1841; x_wconf 84' lang='grc' dir='ltr'>αὐτῶν,</span> <span class='ocrx_word' id='word_1_222' title='bbox 3349 1781 3778 1851; x_wconf 82' lang='grc' dir='ltr'>ὲμπεριεκτικὸν</span> 
     </span>
    </p>
   </div>
   <div class='ocr_carea' id='block_1_33' title="bbox 505 1849 2071 1946">
    <p class='ocr_par' dir='ltr' id='par_1_33' title="bbox 505 1849 2071 1924">
     <span class='ocr_line' id='line_1_33' title="bbox 505 1849 2071 1924; baseline 0.002 -20"><span class='ocrx_word' id='word_1_223' title='bbox 505 1849 630 1904; x_wconf 87' lang='lat' dir='ltr'><strong>Non</strong></span> <span class='ocrx_word' id='word_1_224' title='bbox 671 1852 977 1921; x_wconf 81' lang='lat' dir='ltr'><strong>ingredieris</strong></span> <span class='ocrx_word' id='word_1_225' title='bbox 1009 1851 1077 1903; x_wconf 82' lang='lat' dir='ltr'><strong>ad</strong></span> <span class='ocrx_word' id='word_1_226' title='bbox 1134 1867 1339 1904; x_wconf 85' lang='lat' dir='ltr'><strong>omnem</strong></span> <span class='ocrx_word' id='word_1_227' title='bbox 1388 1854 1564 1906; x_wconf 83' lang='lat' dir='ltr'><strong>carnis</strong></span> <span class='ocrx_word' id='word_1_228' title='bbox 1606 1864 1711 1906; x_wconf 68' lang='lat' dir='ltr'><strong>tua:</strong></span> <span class='ocrx_word' id='word_1_229' title='bbox 1762 1855 1963 1924; x_wconf 73' lang='lat' dir='ltr'><strong>afﬁnem</strong></span> <span class='ocrx_word' id='word_1_230' title='bbox 2004 1855 2071 1908; x_wconf 87' lang='lat' dir='ltr'><strong>ad</strong></span> 
     </span>
    </p>
   </div>
   <div class='ocr_carea' id='block_1_34' title="bbox 2173 1849 3778 1946">
    <p class='ocr_par' dir='ltr' id='par_1_34' title="bbox 2185 1849 3778 1946">
     <span class='ocr_line' id='line_1_34' title="bbox 2185 1849 3778 1946; baseline 0.014 -38"><span class='ocrx_word' id='word_1_231' title='bbox 2185 1857 2299 1909; x_wconf 83' lang='grc' dir='ltr'>ἐστι</span> <span class='ocrx_word' id='word_1_232' title='bbox 2326 1859 2421 1911; x_wconf 80' lang='grc' dir='ltr'>καὶ</span> <span class='ocrx_word' id='word_1_233' title='bbox 2442 1860 2631 1915; x_wconf 83' lang='grc' dir='ltr'>τούτου</span> <span class='ocrx_word' id='word_1_234' title='bbox 2653 1862 2748 1915; x_wconf 82' lang='grc' dir='ltr'>τοῦ</span> <span class='ocrx_word' id='word_1_235' title='bbox 2777 1864 2952 1929; x_wconf 80' lang='grc' dir='ltr'>εἴδους</span> <span class='ocrx_word' id='word_1_236' title='bbox 2980 1870 3080 1938; x_wconf 82' lang='grc' dir='ltr'><strong>τῆς</strong></span> <span class='ocrx_word' id='word_1_237' title='bbox 3104 1869 3458 1942; x_wconf 84' lang='grc' dir='ltr'>οἰκειότητος.</span> <span class='ocrx_word' id='word_1_238' title='bbox 3487 1849 3552 1926; x_wconf 74' lang='grc' dir='ltr'><strong>Τί</strong></span> <span class='ocrx_word' id='word_1_239' title='bbox 3576 1877 3685 1946; x_wconf 70' lang='grc' dir='ltr'><strong>γὰρ</strong></span> <span class='ocrx_word' id='word_1_240' title='bbox 3711 1878 3778 1931; x_wconf 84' lang='grc' dir='ltr'><strong>ἂν</strong></span> 
     </span>
    </p>
   </div>
   <div class='ocr_carea' id='block_1_35' title="bbox 503 1944 2072 2012">
    <p class='ocr_par' dir='ltr' id='par_1_35' title="bbox 503 1944 2072 2012">
     <span class='ocr_line' id='line_1_35' title="bbox 503 1944 2072 2012; baseline 0.002 -16"><span class='ocrx_word' id='word_1_241' title='bbox 503 1944 835 1998; x_wconf 83' lang='lat' dir='ltr'><strong>revelandam</strong></span> <span class='ocrx_word' id='word_1_242' title='bbox 901 1960 1081 1997; x_wconf 84' lang='lat' dir='ltr'><strong>eorum</strong></span> <span class='ocrx_word' id='word_1_243' title='bbox 1145 1944 1527 2012; x_wconf 81' lang='lat' dir='ltr'><strong>turpitudinem</strong></span> <span class='ocrx_word' id='word_1_244' title='bbox 1583 1944 1648 2008; x_wconf 88' lang='lat'><strong>&quot;’,</strong></span> <span class='ocrx_word' id='word_1_245' title='bbox 1706 1947 1845 2001; x_wconf 92' lang='lat' dir='ltr'><strong>hanc</strong></span> <span class='ocrx_word' id='word_1_246' title='bbox 1907 1947 2072 2000; x_wconf 86' lang='lat' dir='ltr'><strong>etiam</strong></span> 
     </span>
    </p>
   </div>
   <div class='ocr_carea' id='block_1_36' title="bbox 501 2035 2075 2106">
    <p class='ocr_par' dir='ltr' id='par_1_36' title="bbox 501 2035 2075 2106">
     <span class='ocr_line' id='line_1_36' title="bbox 501 2035 2075 2106; baseline 0.002 -16"><span class='ocrx_word' id='word_1_247' title='bbox 501 2035 784 2091; x_wconf 89' lang='lat' dir='ltr'><strong>afﬁnitatis</strong></span> <span class='ocrx_word' id='word_1_248' title='bbox 819 2038 1054 2106; x_wconf 86' lang='lat' dir='ltr'><strong>speciem</strong></span> <span class='ocrx_word' id='word_1_249' title='bbox 1100 2037 1498 2104; x_wconf 84' lang='lat' dir='ltr'><strong>complectitur.</strong></span> <span class='ocrx_word' id='word_1_250' title='bbox 1551 2037 1760 2091; x_wconf 86' lang='lat' dir='ltr'><strong>Etenim</strong></span> <span class='ocrx_word' id='word_1_251' title='bbox 1796 2039 1925 2106; x_wconf 92' lang='lat' dir='ltr'><strong>quid</strong></span> <span class='ocrx_word' id='word_1_252' title='bbox 1959 2039 2075 2093; x_wconf 90' lang='lat' dir='ltr'><strong>viro</strong></span> 
     </span>
    </p>
   </div>
   <div class='ocr_carea' id='block_1_37' title="bbox 503 2125 2070 2197">
    <p class='ocr_par' dir='ltr' id='par_1_37' title="bbox 503 2125 2070 2197">
     <span class='ocr_line' id='line_1_37' title="bbox 503 2125 2070 2197; baseline 0.001 -18"><span class='ocrx_word' id='word_1_253' title='bbox 503 2125 671 2180; x_wconf 89' lang='lat' dir='ltr'><strong>afﬁne</strong></span> <span class='ocrx_word' id='word_1_254' title='bbox 713 2127 884 2196; x_wconf 84' lang='lat' dir='ltr'><strong>magis</strong></span> <span class='ocrx_word' id='word_1_255' title='bbox 917 2135 998 2180; x_wconf 90' lang='lat' dir='ltr'><strong>est</strong></span> <span class='ocrx_word' id='word_1_256' title='bbox 1044 2140 1208 2195; x_wconf 89' lang='lat' dir='ltr'><strong>quam</strong></span> <span class='ocrx_word' id='word_1_257' title='bbox 1242 2141 1339 2179; x_wconf 89' lang='lat' dir='ltr'><strong>sua</strong></span> <span class='ocrx_word' id='word_1_258' title='bbox 1377 2127 1551 2195; x_wconf 87' lang='lat' dir='ltr'><strong>ipsius</strong></span> <span class='ocrx_word' id='word_1_259' title='bbox 1581 2141 1742 2191; x_wconf 76' lang='lat' dir='ltr'><strong>uxor,</strong></span> <span class='ocrx_word' id='word_1_260' title='bbox 1776 2127 1886 2181; x_wconf 82' lang='lat' dir='ltr'><strong>into</strong></span> <span class='ocrx_word' id='word_1_261' title='bbox 1907 2143 2070 2197; x_wconf 87' lang='lat' dir='ltr'><strong>quam</strong></span> 
     </span>
    </p>
   </div>
   <div class='ocr_carea' id='block_1_38' title="bbox 499 2214 2074 2288">
    <p class='ocr_par' dir='ltr' id='par_1_38' title="bbox 499 2214 2074 2288">
     <span class='ocr_line' id='line_1_38' title="bbox 499 2214 2074 2288; baseline 0 -15"><span class='ocrx_word' id='word_1_262' title='bbox 499 2233 598 2273; x_wconf 89' lang='lat' dir='ltr'><strong>sua</strong></span> <span class='ocrx_word' id='word_1_263' title='bbox 629 2217 802 2287; x_wconf 90' lang='lat' dir='ltr'><strong>ipsius</strong></span> <span class='ocrx_word' id='word_1_264' title='bbox 836 2217 998 2271; x_wconf 81' lang='lat' dir='ltr'><strong>caro?</strong></span> <span class='ocrx_word' id='word_1_265' title='bbox 1027 2214 1142 2271; x_wconf 85' lang='lat' dir='ltr'><strong>Non</strong></span> <span class='ocrx_word' id='word_1_266' title='bbox 1193 2218 1337 2271; x_wconf 90' lang='lat' dir='ltr'><strong>enim</strong></span> <span class='ocrx_word' id='word_1_267' title='bbox 1379 2219 1614 2288; x_wconf 84' lang='lat' dir='ltr'><strong>amplius</strong></span> <span class='ocrx_word' id='word_1_268' title='bbox 1647 2218 1769 2272; x_wconf 65' lang='lat' dir='ltr'><strong>duae</strong></span> <span class='ocrx_word' id='word_1_269' title='bbox 1799 2229 1948 2283; x_wconf 90' lang='lat' dir='ltr'><strong>sunt,</strong></span> <span class='ocrx_word' id='word_1_270' title='bbox 1979 2220 2074 2273; x_wconf 87' lang='lat' dir='ltr'><strong>scd</strong></span> 
     </span>
    </p>
   </div>
   <div class='ocr_carea' id='block_1_39' title="bbox 502 2307 2075 2378">
    <p class='ocr_par' dir='ltr' id='par_1_39' title="bbox 502 2307 2075 2378">
     <span class='ocr_line' id='line_1_39' title="bbox 502 2307 2075 2378; baseline 0 -16"><span class='ocrx_word' id='word_1_271' title='bbox 502 2324 608 2363; x_wconf 89' lang='lat' dir='ltr'><strong>una</strong></span> <span class='ocrx_word' id='word_1_272' title='bbox 643 2325 796 2363; x_wconf 89' lang='lat' dir='ltr'><strong>caro.</strong></span> <span class='ocrx_word' id='word_1_273' title='bbox 841 2309 1027 2378; x_wconf 85' lang='lat' dir='ltr'><strong>Itaque</strong></span> <span class='ocrx_word' id='word_1_274' title='bbox 1070 2323 1166 2378; x_wconf 90' lang='lat' dir='ltr'><strong>per</strong></span> <span class='ocrx_word' id='word_1_275' title='bbox 1213 2322 1439 2362; x_wconf 78' lang='lat' dir='ltr'><strong>uxorem</strong></span> <span class='ocrx_word' id='word_1_276' title='bbox 1471 2323 1627 2364; x_wconf 89' lang='lat' dir='ltr'><strong>soror</strong></span> <span class='ocrx_word' id='word_1_277' title='bbox 1653 2309 1719 2362; x_wconf 90' lang='lat' dir='ltr'><strong>ad</strong></span> <span class='ocrx_word' id='word_1_278' title='bbox 1763 2309 1864 2362; x_wconf 82' lang='lat' dir='ltr'><strong>viri</strong></span> <span class='ocrx_word' id='word_1_279' title='bbox 1896 2307 2075 2362; x_wconf 80' lang='lat' dir='ltr'><strong>afﬁni-</strong></span> 
     </span>
    </p>
   </div>
   <div class='ocr_carea' id='block_1_40' title="bbox 501 2399 2072 2464">
    <p class='ocr_par' dir='ltr' id='par_1_40' title="bbox 501 2399 2072 2464">
     <span class='ocr_line' id='line_1_40' title="bbox 501 2399 2072 2464; baseline 0.001 -10"><span class='ocrx_word' id='word_1_280' title='bbox 501 2412 664 2456; x_wconf 87' lang='lat' dir='ltr'><strong>tatem</strong></span> <span class='ocrx_word' id='word_1_281' title='bbox 700 2400 915 2455; x_wconf 78' lang='lat' dir='ltr'><strong>transit.</strong></span> <span class='ocrx_word' id='word_1_282' title='bbox 951 2399 1417 2464; x_wconf 85' lang='lat' dir='ltr'><strong>Quemadmodum</strong></span> <span class='ocrx_word' id='word_1_283' title='bbox 1451 2400 1596 2454; x_wconf 88' lang='lat' dir='ltr'><strong>enim</strong></span> <span class='ocrx_word' id='word_1_284' title='bbox 1625 2411 1854 2454; x_wconf 88' lang='lat' dir='ltr'><strong>matrem</strong></span> <span class='ocrx_word' id='word_1_285' title='bbox 1885 2401 2072 2456; x_wconf 79' lang='lat' dir='ltr'><strong>uxoris</strong></span> 
     </span>
    </p>
   </div>
   <div class='ocr_carea' id='block_1_41' title="bbox 499 2491 2072 2562">
    <p class='ocr_par' dir='ltr' id='par_1_41' title="bbox 499 2491 2072 2562">
     <span class='ocr_line' id='line_1_41' title="bbox 499 2491 2072 2562; baseline 0.001 -15"><span class='ocrx_word' id='word_1_286' title='bbox 499 2510 607 2547; x_wconf 89' lang='lat' dir='ltr'><strong>non</strong></span> <span class='ocrx_word' id='word_1_287' title='bbox 662 2504 926 2555; x_wconf 83' lang='lat' dir='ltr'><strong>assumet,</strong></span> <span class='ocrx_word' id='word_1_288' title='bbox 970 2506 1144 2562; x_wconf 89' lang='lat' dir='ltr'><strong>neque</strong></span> <span class='ocrx_word' id='word_1_289' title='bbox 1192 2491 1356 2545; x_wconf 89' lang='lat' dir='ltr'><strong>ﬁliam</strong></span> <span class='ocrx_word' id='word_1_290' title='bbox 1388 2492 1494 2562; x_wconf 78' lang='lat'><strong>16</strong></span> <span class='ocrx_word' id='word_1_291' title='bbox 1530 2493 1738 2558; x_wconf 78' lang='lat' dir='ltr'><strong>uxoris,</strong></span> <span class='ocrx_word' id='word_1_292' title='bbox 1787 2501 2072 2562; x_wconf 82' lang='lat' dir='ltr'><strong>prepterea</strong></span> 
     </span>
    </p>
   </div>
   <div class='ocr_carea' id='block_1_42' title="bbox 496 2583 2071 2654">
    <p class='ocr_par' dir='ltr' id='par_1_42' title="bbox 496 2583 2071 2654">
     <span class='ocr_line' id='line_1_42' title="bbox 496 2583 2071 2654; baseline 0.001 -18"><span class='ocrx_word' id='word_1_293' title='bbox 496 2583 637 2652; x_wconf 79' lang='lat' dir='ltr'><strong>quod</strong></span> <span class='ocrx_word' id='word_1_294' title='bbox 687 2599 860 2653; x_wconf 89' lang='lat' dir='ltr'><strong>neque</strong></span> <span class='ocrx_word' id='word_1_295' title='bbox 911 2597 1069 2636; x_wconf 86' lang='lat' dir='ltr'><strong>suam</strong></span> <span class='ocrx_word' id='word_1_296' title='bbox 1129 2583 1304 2652; x_wconf 90' lang='lat' dir='ltr'><strong>ipsius</strong></span> <span class='ocrx_word' id='word_1_297' title='bbox 1357 2596 1608 2646; x_wconf 86' lang='lat' dir='ltr'><strong>matrem,</strong></span> <span class='ocrx_word' id='word_1_298' title='bbox 1676 2599 1853 2654; x_wconf 90' lang='lat' dir='ltr'><strong>neque</strong></span> <span class='ocrx_word' id='word_1_299' title='bbox 1915 2599 2071 2639; x_wconf 87' lang='lat' dir='ltr'><strong>suam</strong></span> 
     </span>
    </p>
   </div>
   <div class='ocr_carea' id='block_1_43' title="bbox 496 2674 2072 2746">
    <p class='ocr_par' dir='ltr' id='par_1_43' title="bbox 496 2674 2072 2746">
     <span class='ocr_line' id='line_1_43' title="bbox 496 2674 2072 2746; baseline 0.002 -19"><span class='ocrx_word' id='word_1_300' title='bbox 496 2675 669 2743; x_wconf 75' lang='lat' dir='ltr'><strong>ipsius</strong></span> <span class='ocrx_word' id='word_1_301' title='bbox 718 2674 923 2738; x_wconf 87' lang='lat' dir='ltr'><strong>ﬁliam;</strong></span> <span class='ocrx_word' id='word_1_302' title='bbox 965 2675 1036 2728; x_wconf 89' lang='lat' dir='ltr'><strong>ita</strong></span> <span class='ocrx_word' id='word_1_303' title='bbox 1085 2688 1187 2729; x_wconf 89' lang='lat' dir='ltr'><strong>nec</strong></span> <span class='ocrx_word' id='word_1_304' title='bbox 1240 2675 1429 2729; x_wconf 82' lang='lat' dir='ltr'><strong>uxoris</strong></span> <span class='ocrx_word' id='word_1_305' title='bbox 1457 2690 1726 2740; x_wconf 89' lang='lat' dir='ltr'><strong>sororem,</strong></span> <span class='ocrx_word' id='word_1_306' title='bbox 1781 2687 2072 2746; x_wconf 86' lang='lat' dir='ltr'><strong>propterea</strong></span> 
     </span>
    </p>
   </div>
   <div class='ocr_carea' id='block_1_44' title="bbox 494 2763 2068 2834">
    <p class='ocr_par' dir='ltr' id='par_1_44' title="bbox 494 2763 2068 2834">
     <span class='ocr_line' id='line_1_44' title="bbox 494 2763 2068 2834; baseline 0.002 -18"><span class='ocrx_word' id='word_1_307' title='bbox 494 2765 638 2834; x_wconf 70' lang='lat' dir='ltr'><strong>quod</strong></span> <span class='ocrx_word' id='word_1_308' title='bbox 672 2778 848 2833; x_wconf 78' lang='lat' dir='ltr'><strong>neque</strong></span> <span class='ocrx_word' id='word_1_309' title='bbox 901 2778 1058 2816; x_wconf 90' lang='lat' dir='ltr'><strong>suam</strong></span> <span class='ocrx_word' id='word_1_310' title='bbox 1112 2764 1284 2832; x_wconf 91' lang='lat' dir='ltr'><strong>ipsius</strong></span> <span class='ocrx_word' id='word_1_311' title='bbox 1322 2778 1588 2819; x_wconf 87' lang='lat' dir='ltr'><strong>sororem.</strong></span> <span class='ocrx_word' id='word_1_312' title='bbox 1630 2763 1695 2818; x_wconf 82' lang='lat' dir='ltr'><strong>Et</strong></span> <span class='ocrx_word' id='word_1_313' title='bbox 1734 2766 1851 2819; x_wconf 86' lang='lat' dir='ltr'><strong>vice</strong></span> <span class='ocrx_word' id='word_1_314' title='bbox 1891 2781 2068 2830; x_wconf 79' lang='lat' dir='ltr'><strong>versa,</strong></span> 
     </span>
    </p>
   </div>
   <div class='ocr_carea' id='block_1_45' title="bbox 495 2853 2058 2928">
    <p class='ocr_par' dir='ltr' id='par_1_45' title="bbox 495 2853 2058 2928">
     <span class='ocr_line' id='line_1_45' title="bbox 495 2853 2058 2928; baseline 0.001 -19"><span class='ocrx_word' id='word_1_315' title='bbox 495 2871 668 2924; x_wconf 90' lang='lat' dir='ltr'><strong>nequc</strong></span> <span class='ocrx_word' id='word_1_316' title='bbox 701 2855 852 2908; x_wconf 82' lang='lat' dir='ltr'><strong>uxori</strong></span> <span class='ocrx_word' id='word_1_317' title='bbox 900 2854 1083 2908; x_wconf 79' lang='lat' dir='ltr'><strong>licebit</strong></span> <span class='ocrx_word' id='word_1_318' title='bbox 1111 2869 1232 2909; x_wconf 87' lang='lat' dir='ltr'><strong>sese</strong></span> <span class='ocrx_word' id='word_1_319' title='bbox 1258 2855 1358 2909; x_wconf 92' lang='lat' dir='ltr'><strong>viri</strong></span> <span class='ocrx_word' id='word_1_320' title='bbox 1413 2853 1675 2911; x_wconf 87' lang='lat' dir='ltr'><strong>afﬁnibus</strong></span> <span class='ocrx_word' id='word_1_321' title='bbox 1705 2857 2058 2928; x_wconf 82' lang='lat' dir='ltr'><strong>conjungere.</strong></span> 
     </span>
    </p>
   </div>
   <div class='ocr_carea' id='block_1_46' title="bbox 495 2947 2073 3018">
    <p class='ocr_par' dir='ltr' id='par_1_46' title="bbox 495 2947 2073 3018">
     <span class='ocr_line' id='line_1_46' title="bbox 495 2947 2073 3018; baseline 0.001 -18"><span class='ocrx_word' id='word_1_322' title='bbox 495 2948 636 3001; x_wconf 84' lang='lat' dir='ltr'><strong>Sunt</strong></span> <span class='ocrx_word' id='word_1_323' title='bbox 666 2948 808 3002; x_wconf 87' lang='lat' dir='ltr'><strong>enim</strong></span> <span class='ocrx_word' id='word_1_324' title='bbox 838 2947 1092 3016; x_wconf 90' lang='lat' dir='ltr'><strong>utrinque</strong></span> <span class='ocrx_word' id='word_1_325' title='bbox 1120 2949 1435 3002; x_wconf 89' lang='lat' dir='ltr'><strong>communia</strong></span> <span class='ocrx_word' id='word_1_326' title='bbox 1468 2947 1756 3004; x_wconf 88' lang='lat' dir='ltr'><strong>afﬁnitatis</strong></span> <span class='ocrx_word' id='word_1_327' title='bbox 1782 2949 1927 3018; x_wconf 89' lang='lat' dir='ltr'><strong>jura.</strong></span> <span class='ocrx_word' id='word_1_328' title='bbox 1962 2948 2073 3018; x_wconf 80' lang='lat' dir='ltr'><strong>Ego</strong></span> 
     </span>
    </p>
   </div>
   <div class='ocr_carea' id='block_1_47' title="bbox 491 3039 2067 3113">
    <p class='ocr_par' dir='ltr' id='par_1_47' title="bbox 491 3039 2067 3113">
     <span class='ocr_line' id='line_1_47' title="bbox 491 3039 2067 3113; baseline 0.004 -24"><span class='ocrx_word' id='word_1_329' title='bbox 491 3054 655 3108; x_wconf 90' lang='lat' dir='ltr'><strong>porro</strong></span> <span class='ocrx_word' id='word_1_330' title='bbox 681 3039 903 3094; x_wconf 85' lang='lat' dir='ltr'><strong>cuilibet</strong></span> <span class='ocrx_word' id='word_1_331' title='bbox 935 3039 1000 3092; x_wconf 92' lang='lat' dir='ltr'><strong>de</strong></span> <span class='ocrx_word' id='word_1_332' title='bbox 1032 3039 1237 3108; x_wconf 88' lang='lat' dir='ltr'><strong>nuptiis</strong></span> <span class='ocrx_word' id='word_1_333' title='bbox 1267 3040 1577 3095; x_wconf 85' lang='lat' dir='ltr'><strong>consulenti</strong></span> <span class='ocrx_word' id='word_1_334' title='bbox 1616 3042 1899 3107; x_wconf 74' lang='lat' dir='ltr'><strong>teatiﬁcor,</strong></span> <span class='ocrx_word' id='word_1_335' title='bbox 1926 3058 2067 3113; x_wconf 70' lang='grc' dir='ltr'>[ιι-ιε-</span> 
     </span>
    </p>
   </div>
   <div class='ocr_carea' id='block_1_48' title="bbox 493 3129 2064 3202">
    <p class='ocr_par' dir='ltr' id='par_1_48' title="bbox 493 3129 2064 3202">
     <span class='ocr_line' id='line_1_48' title="bbox 493 3129 2064 3202; baseline 0.003 -18"><span class='ocrx_word' id='word_1_336' title='bbox 493 3131 659 3184; x_wconf 91' lang='lat' dir='ltr'><strong>terire</strong></span> <span class='ocrx_word' id='word_1_337' title='bbox 691 3132 918 3200; x_wconf 86' lang='lat' dir='ltr'><strong>ﬁguram</strong></span> <span class='ocrx_word' id='word_1_338' title='bbox 955 3129 1121 3200; x_wconf 90' lang='lat' dir='ltr'><strong>hujus</strong></span> <span class='ocrx_word' id='word_1_339' title='bbox 1153 3131 1366 3196; x_wconf 89' lang='lat' dir='ltr'><strong>mundi,</strong></span> <span class='ocrx_word' id='word_1_340' title='bbox 1402 3142 1458 3185; x_wconf 90' lang='lat' dir='ltr'><strong>et</strong></span> <span class='ocrx_word' id='word_1_341' title='bbox 1492 3140 1709 3202; x_wconf 89' lang='lat' dir='ltr'><strong>tempus</strong></span> <span class='ocrx_word' id='word_1_342' title='bbox 1738 3133 1900 3189; x_wconf 84' lang='lat' dir='ltr'><strong>breve</strong></span> <span class='ocrx_word' id='word_1_343' title='bbox 1921 3149 2064 3199; x_wconf 88' lang='lat' dir='ltr'><strong>esse,</strong></span> 
     </span>
    </p>
   </div>
   <div class='ocr_carea' id='block_1_49' title="bbox 2181 1947 3779 2036">
    <p class='ocr_par' dir='ltr' id='par_1_49' title="bbox 2181 1947 3779 2036">
     <span class='ocr_line' id='line_1_49' title="bbox 2181 1947 3779 2036; baseline 0.014 -38"><span class='ocrx_word' id='word_1_344' title='bbox 2181 1947 2388 2012; x_wconf 82' lang='grc' dir='ltr'>γένοιτο</span> <span class='ocrx_word' id='word_1_345' title='bbox 2408 1949 2735 2023; x_wconf 83' lang='grc' dir='ltr'>οἰκειότερον</span> <span class='ocrx_word' id='word_1_346' title='bbox 2755 1953 2909 2025; x_wconf 73' lang='grc' dir='ltr'>ἀνδρὶ</span> <span class='ocrx_word' id='word_1_347' title='bbox 2927 1955 3027 2026; x_wconf 83' lang='grc' dir='ltr'>τῆς</span> <span class='ocrx_word' id='word_1_348' title='bbox 3049 1958 3242 2012; x_wconf 81' lang='grc' dir='ltr'>ἑαυτοῦ</span> <span class='ocrx_word' id='word_1_349' title='bbox 3262 1964 3515 2029; x_wconf 79' lang='grc' dir='ltr'>γυναικός</span> <span class='ocrx_word' id='word_1_350' title='bbox 3535 1981 3550 2029; x_wconf 90' lang='grc'>;</span> <span class='ocrx_word' id='word_1_351' title='bbox 3579 1968 3779 2036; x_wconf 80' lang='grc' dir='ltr'>μᾶλλον</span> 
     </span>
    </p>
   </div>
   <div class='ocr_carea' id='block_1_50' title="bbox 2186 2038 3780 2133">
    <p class='ocr_par' dir='ltr' id='par_1_50' title="bbox 2186 2038 3780 2133">
     <span class='ocr_line' id='line_1_50' title="bbox 2186 2038 3780 2133; baseline 0.016 -44"><span class='ocrx_word' id='word_1_352' title='bbox 2186 2038 2242 2133; x_wconf 65' lang='grc' dir='ltr'><strong>δε</strong></span> <span class='ocrx_word' id='word_1_353' title='bbox 2257 2038 2579 2133; x_wconf 4' lang='grc' dir='ltr'>τῆς-,ἑαυτοῦ</span> <span class='ocrx_word' id='word_1_354' title='bbox 2609 2046 2808 2110; x_wconf 84' lang='grc' dir='ltr'>σαρκός</span> <span class='ocrx_word' id='word_1_355' title='bbox 2832 2065 2846 2113; x_wconf 86' lang='lat'><strong>;</strong></span> <span class='ocrx_word' id='word_1_356' title='bbox 2881 2049 2955 2100; x_wconf 80' lang='grc' dir='ltr'><strong>Οὐ</strong></span> <span class='ocrx_word' id='word_1_357' title='bbox 2973 2049 3082 2120; x_wconf 83' lang='grc' dir='ltr'><strong>γὰρ</strong></span> <span class='ocrx_word' id='word_1_358' title='bbox 3099 2051 3179 2103; x_wconf 79' lang='grc' dir='ltr'><strong>ἔτι</strong></span> <span class='ocrx_word' id='word_1_359' title='bbox 3209 2054 3313 2106; x_wconf 76' lang='grc' dir='ltr'>εἰσὶ</span> <span class='ocrx_word' id='word_1_360' title='bbox 3340 2054 3455 2118; x_wconf 83' lang='grc' dir='ltr'>δύο,</span> <span class='ocrx_word' id='word_1_361' title='bbox 3474 2058 3610 2112; x_wconf 87' lang='grc' dir='ltr'><strong>ἁλλά</strong></span> <span class='ocrx_word' id='word_1_362' title='bbox 3643 2061 3780 2133; x_wconf 78' lang='grc' dir='ltr'>σὰρξ</span> 
     </span>
    </p>
   </div>
   <div class='ocr_carea' id='block_1_51' title="bbox 2179 2128 3764 2220">
    <p class='ocr_par' dir='ltr' id='par_1_51' title="bbox 2179 2128 3764 2220">
     <span class='ocr_line' id='line_1_51' title="bbox 2179 2128 3764 2220; baseline 0.016 -40"><span class='ocrx_word' id='word_1_363' title='bbox 2179 2128 2278 2220; x_wconf 81' lang='grc' dir='ltr'><strong>μία</strong></span> <span class='ocrx_word' id='word_1_364' title='bbox 2353 2131 2493 2184; x_wconf 83' lang='grc' dir='ltr'>ὥστε</span> <span class='ocrx_word' id='word_1_365' title='bbox 2522 2133 2608 2187; x_wconf 66' lang='lat' dir='ltr'><strong>sta</strong></span> <span class='ocrx_word' id='word_1_366' title='bbox 2636 2136 2734 2206; x_wconf 84' lang='grc' dir='ltr'>τῆς</span> <span class='ocrx_word' id='word_1_367' title='bbox 2766 2140 3024 2206; x_wconf 81' lang='grc' dir='ltr'>γυναικὸς</span> <span class='ocrx_word' id='word_1_368' title='bbox 3065 2142 3099 2212; x_wconf 83' lang='grc' dir='ltr'><strong>ή</strong></span> <span class='ocrx_word' id='word_1_369' title='bbox 3131 2142 3336 2215; x_wconf 82' lang='grc' dir='ltr'>ἀδελφὴ</span> <span class='ocrx_word' id='word_1_370' title='bbox 3369 2148 3506 2218; x_wconf 80' lang='grc' dir='ltr'>πρὸς</span> <span class='ocrx_word' id='word_1_371' title='bbox 3544 2151 3641 2220; x_wconf 85' lang='grc' dir='ltr'>τὴν</span> <span class='ocrx_word' id='word_1_372' title='bbox 3668 2128 3764 2206; x_wconf 78' lang='grc' dir='ltr'>τοῦ</span> 
     </span>
    </p>
   </div>
   <div class='ocr_carea' id='block_1_52' title="bbox 2174 2218 3779 2311">
    <p class='ocr_par' dir='ltr' id='par_1_52' title="bbox 2174 2218 3779 2311">
     <span class='ocr_line' id='line_1_52' title="bbox 2174 2218 3779 2311; baseline 0.014 -40"><span class='ocrx_word' id='word_1_373' title='bbox 2174 2218 2366 2290; x_wconf 80' lang='grc' dir='ltr'>ἀνδρὸς</span> <span class='ocrx_word' id='word_1_374' title='bbox 2431 2222 2738 2292; x_wconf 75' lang='grc' dir='ltr'>οἰκειότητα</span> <span class='ocrx_word' id='word_1_375' title='bbox 2817 2227 3151 2296; x_wconf 74' lang='grc' dir='ltr'>μεταϐαίνει.</span> <span class='ocrx_word' id='word_1_376' title='bbox 3234 2231 3323 2295; x_wconf 78' lang='grc' dir='ltr'>Ὠς</span> <span class='ocrx_word' id='word_1_377' title='bbox 3386 2235 3496 2306; x_wconf 76' lang='grc' dir='ltr'>γὰρ</span> <span class='ocrx_word' id='word_1_378' title='bbox 3566 2218 3779 2311; x_wconf 79' lang='grc' dir='ltr'>μητέρα</span> 
     </span>
    </p>
   </div>
   <div class='ocr_carea' id='block_1_53' title="bbox 2175 2312 3770 2397">
    <p class='ocr_par' dir='ltr' id='par_1_53' title="bbox 2175 2312 3770 2397">
     <span class='ocr_line' id='line_1_53' title="bbox 2175 2312 3770 2397; baseline 0.014 -35"><span class='ocrx_word' id='word_1_379' title='bbox 2175 2312 2432 2378; x_wconf 78' lang='grc' dir='ltr'>γυναικὸς</span> <span class='ocrx_word' id='word_1_380' title='bbox 2461 2315 2523 2366; x_wconf 84' lang='grc' dir='ltr'><strong>οὐ</strong></span> <span class='ocrx_word' id='word_1_381' title='bbox 2565 2313 2816 2386; x_wconf 76' lang='grc' dir='ltr'>λήψεται,</span> <span class='ocrx_word' id='word_1_382' title='bbox 2873 2319 3011 2388; x_wconf 67' lang='grc' dir='ltr'><strong>οὐδὲ¹</strong></span> <span class='ocrx_word' id='word_1_383' title='bbox 3043 2321 3320 2394; x_wconf 78' lang='grc' dir='ltr'>θυγατέρα</span> <span class='ocrx_word' id='word_1_384' title='bbox 3351 2327 3450 2397; x_wconf 81' lang='grc' dir='ltr'>τῆς</span> <span class='ocrx_word' id='word_1_385' title='bbox 3487 2332 3770 2396; x_wconf 85' lang='grc' dir='ltr'>γυναικὸς,</span> 
     </span>
    </p>
   </div>
   <div class='ocr_carea' id='block_1_54' title="bbox 2173 2401 3772 2492">
    <p class='ocr_par' dir='ltr' id='par_1_54' title="bbox 2173 2401 3772 2492">
     <span class='ocr_line' id='line_1_54' title="bbox 2173 2401 3772 2492; baseline 0.015 -38"><span class='ocrx_word' id='word_1_386' title='bbox 2173 2401 2307 2456; x_wconf 81' lang='grc' dir='ltr'><strong>διότι</strong></span> <span class='ocrx_word' id='word_1_387' title='bbox 2343 2405 2476 2476; x_wconf 79' lang='grc' dir='ltr'>μηδὲ</span> <span class='ocrx_word' id='word_1_388' title='bbox 2535 2405 2632 2476; x_wconf 79' lang='grc' dir='ltr'><strong>τὴν</strong></span> <span class='ocrx_word' id='word_1_389' title='bbox 2696 2409 2892 2463; x_wconf 76' lang='grc' dir='ltr'>ἑαυτοῦ</span> <span class='ocrx_word' id='word_1_390' title='bbox 2951 2415 3188 2484; x_wconf 79' lang='grc' dir='ltr'>μητέρα,</span> <span class='ocrx_word' id='word_1_391' title='bbox 3243 2417 3379 2489; x_wconf 84' lang='grc' dir='ltr'>μηδὲ</span> <span class='ocrx_word' id='word_1_392' title='bbox 3422 2421 3523 2492; x_wconf 84' lang='grc' dir='ltr'><strong>τὴν</strong></span> <span class='ocrx_word' id='word_1_393' title='bbox 3574 2423 3772 2477; x_wconf 80' lang='grc' dir='ltr'>ἑαυτοῦ</span> 
     </span>
    </p>
   </div>
   <div class='ocr_carea' id='block_1_55' title="bbox 2174 2493 3769 2585">
    <p class='ocr_par' dir='ltr' id='par_1_55' title="bbox 2174 2493 3769 2585">
     <span class='ocr_line' id='line_1_55' title="bbox 2174 2493 3769 2585; baseline 0.013 -39"><span class='ocrx_word' id='word_1_394' title='bbox 2174 2493 2470 2585; x_wconf 84' lang='grc' dir='ltr'>θυγατέρα,</span> <span class='ocrx_word' id='word_1_395' title='bbox 2503 2496 2677 2560; x_wconf 79' lang='grc' dir='ltr'>οὕτως</span> <span class='ocrx_word' id='word_1_396' title='bbox 2711 2500 2830 2555; x_wconf 80' lang='grc' dir='ltr'>οὐδὲ</span> <span class='ocrx_word' id='word_1_397' title='bbox 2859 2501 3094 2574; x_wconf 78' lang='grc' dir='ltr'>ἀδελφὴν</span> <span class='ocrx_word' id='word_1_398' title='bbox 3144 2509 3422 2576; x_wconf 82' lang='grc' dir='ltr'>γυναικὸς,</span> <span class='ocrx_word' id='word_1_399' title='bbox 3477 2512 3614 2566; x_wconf 83' lang='grc' dir='ltr'>διότι</span> <span class='ocrx_word' id='word_1_400' title='bbox 3659 2532 3769 2585; x_wconf 88' lang='grc' dir='ltr'>μη-</span> 
     </span>
    </p>
   </div>
   <div class='ocr_carea' id='block_1_56' title="bbox 2174 2584 3767 2680">
    <p class='ocr_par' dir='ltr' id='par_1_56' title="bbox 2174 2584 3767 2680">
     <span class='ocr_line' id='line_1_56' title="bbox 2174 2584 3767 2680; baseline 0.015 -44"><span class='ocrx_word' id='word_1_401' title='bbox 2174 2584 2233 2637; x_wconf 86' lang='grc' dir='ltr'>δὲ</span> <span class='ocrx_word' id='word_1_402' title='bbox 2275 2587 2510 2658; x_wconf 76' lang='grc' dir='ltr'>ἀδελφὴν</span> <span class='ocrx_word' id='word_1_403' title='bbox 2570 2590 2803 2644; x_wconf 78' lang='grc' dir='ltr'>ἑαυτοῦ·</span> <span class='ocrx_word' id='word_1_404' title='bbox 2859 2594 3151 2649; x_wconf 79' lang='grc' dir='ltr'>καὶτοῦτο</span> <span class='ocrx_word' id='word_1_405' title='bbox 3180 2599 3470 2667; x_wconf 80' lang='grc' dir='ltr'>ἀνάπαλιν,</span> <span class='ocrx_word' id='word_1_406' title='bbox 3522 2604 3645 2658; x_wconf 79' lang='grc' dir='ltr'>οὐδὲ</span> <span class='ocrx_word' id='word_1_407' title='bbox 3701 2611 3767 2680; x_wconf 80' lang='grc' dir='ltr'>τῇ</span> 
     </span>
    </p>
   </div>
   <div class='ocr_carea' id='block_1_57' title="bbox 2173 2679 3768 2763">
    <p class='ocr_par' dir='ltr' id='par_1_57' title="bbox 2173 2679 3768 2763">
     <span class='ocr_line' id='line_1_57' title="bbox 2173 2679 3768 2763; baseline 0.014 -35"><span class='ocrx_word' id='word_1_408' title='bbox 2173 2679 2395 2745; x_wconf 76' lang='grc' dir='ltr'>γυναικὶ</span> <span class='ocrx_word' id='word_1_409' title='bbox 2431 2679 2647 2744; x_wconf 81' lang='grc' dir='ltr'>ἐξέσται</span> <span class='ocrx_word' id='word_1_410' title='bbox 2672 2685 2786 2746; x_wconf 87' lang='grc' dir='ltr'>τοῖς</span> <span class='ocrx_word' id='word_1_411' title='bbox 2819 2685 3041 2750; x_wconf 76' lang='grc' dir='ltr'>οἰκείοις</span> <span class='ocrx_word' id='word_1_412' title='bbox 3087 2689 3182 2742; x_wconf 82' lang='grc' dir='ltr'>τοῦ</span> <span class='ocrx_word' id='word_1_413' title='bbox 3235 2692 3431 2761; x_wconf 63' lang='grc' dir='ltr'>ἀνδρὸς</span> <span class='ocrx_word' id='word_1_414' title='bbox 3475 2679 3768 2763; x_wconf 83' lang='grc' dir='ltr'>συνοικεῖν,</span> 
     </span>
    </p>
   </div>
   <div class='ocr_carea' id='block_1_58' title="bbox 2177 2771 3764 2850">
    <p class='ocr_par' dir='ltr' id='par_1_58' title="bbox 2177 2771 3764 2850">
     <span class='ocr_line' id='line_1_58' title="bbox 2177 2771 3764 2850; baseline 0.014 -30"><span class='ocrx_word' id='word_1_415' title='bbox 2177 2771 2327 2822; x_wconf 73' lang='grc' dir='ltr'>κοινὰ</span> <span class='ocrx_word' id='word_1_416' title='bbox 2361 2771 2468 2843; x_wconf 81' lang='grc' dir='ltr'>γὰρ</span> <span class='ocrx_word' id='word_1_417' title='bbox 2499 2774 2587 2825; x_wconf 76' lang='grc' dir='ltr'><strong>ἐπ’</strong></span> <span class='ocrx_word' id='word_1_418' title='bbox 2621 2775 2953 2845; x_wconf 85' lang='grc' dir='ltr'>ἀμφοτέροις</span> <span class='ocrx_word' id='word_1_419' title='bbox 2985 2778 3085 2846; x_wconf 87' lang='grc' dir='ltr'>τῆς</span> <span class='ocrx_word' id='word_1_420' title='bbox 3108 2784 3432 2850; x_wconf 71' lang='grc' dir='ltr'>συγγενείας</span> <span class='ocrx_word' id='word_1_421' title='bbox 3460 2786 3530 2840; x_wconf 86' lang='grc' dir='ltr'><strong>τά</strong></span> <span class='ocrx_word' id='word_1_422' title='bbox 3559 2788 3764 2843; x_wconf 82' lang='grc' dir='ltr'>δίκαια’</span> 
     </span>
    </p>
   </div>
   <div class='ocr_carea' id='block_1_59' title="bbox 2174 2860 3767 2952">
    <p class='ocr_par' dir='ltr' id='par_1_59' title="bbox 2174 2860 3767 2952">
     <span class='ocr_line' id='line_1_59' title="bbox 2174 2860 3767 2952; baseline 0.014 -40"><span class='ocrx_word' id='word_1_423' title='bbox 2174 2860 2286 2928; x_wconf 78' lang='grc' dir='ltr'>ἐγὼ</span> <span class='ocrx_word' id='word_1_424' title='bbox 2313 2863 2368 2915; x_wconf 83' lang='grc' dir='ltr'><strong>δὲ</strong></span> <span class='ocrx_word' id='word_1_425' title='bbox 2404 2864 2568 2917; x_wconf 74' lang='grc' dir='ltr'>παντὶ</span> <span class='ocrx_word' id='word_1_426' title='bbox 2615 2867 2693 2937; x_wconf 82' lang='grc' dir='ltr'>τῷ</span> <span class='ocrx_word' id='word_1_427' title='bbox 2730 2868 2860 2940; x_wconf 77' lang='grc' dir='ltr'>περὶ</span> <span class='ocrx_word' id='word_1_428' title='bbox 2903 2870 3084 2942; x_wconf 83' lang='grc' dir='ltr'>γάμου</span> <span class='ocrx_word' id='word_1_429' title='bbox 3122 2872 3435 2947; x_wconf 82' lang='grc' dir='ltr'>βουλομένῳ</span> <span class='ocrx_word' id='word_1_430' title='bbox 3459 2877 3767 2952; x_wconf 86' lang='grc' dir='ltr'>διαμαρτύ-</span> 
     </span>
    </p>
   </div>
   <div class='ocr_carea' id='block_1_60' title="bbox 2177 2954 3767 3039">
    <p class='ocr_par' dir='ltr' id='par_1_60' title="bbox 2177 2954 3767 3039">
     <span class='ocr_line' id='line_1_60' title="bbox 2177 2954 3767 3039; baseline 0.014 -36"><span class='ocrx_word' id='word_1_431' title='bbox 2177 2967 2362 3022; x_wconf 88' lang='grc' dir='ltr'>ρομαι,</span> <span class='ocrx_word' id='word_1_432' title='bbox 2396 2954 2478 3008; x_wconf 84' lang='grc' dir='ltr'><strong>ὅτι</strong></span> <span class='ocrx_word' id='word_1_433' title='bbox 2541 2958 2776 3028; x_wconf 81' lang='grc' dir='ltr'>παράγει</span> <span class='ocrx_word' id='word_1_434' title='bbox 2831 2960 2891 3012; x_wconf 79' lang='grc' dir='ltr'>τὸ</span> <span class='ocrx_word' id='word_1_435' title='bbox 2945 2962 3133 3033; x_wconf 85' lang='grc' dir='ltr'>σχῆμα</span> <span class='ocrx_word' id='word_1_436' title='bbox 3157 2965 3252 3017; x_wconf 83' lang='grc' dir='ltr'>τοῦ</span> <span class='ocrx_word' id='word_1_437' title='bbox 3306 2967 3510 3038; x_wconf 80' lang='grc' dir='ltr'>κόσμου</span> <span class='ocrx_word' id='word_1_438' title='bbox 3555 2972 3767 3039; x_wconf 86' lang='grc' dir='ltr'>τούτου,</span> 
     </span>
    </p>
   </div>
   <div class='ocr_carea' id='block_1_61' title="bbox 2176 3047 3764 3123">
    <p class='ocr_par' dir='ltr' id='par_1_61' title="bbox 2176 3047 3764 3123">
     <span class='ocr_line' id='line_1_61' title="bbox 2176 3047 3764 3123; baseline 0.013 -27"><span class='ocrx_word' id='word_1_439' title='bbox 2176 3047 2272 3098; x_wconf 68' lang='grc' dir='ltr'>καὶ</span> <span class='ocrx_word' id='word_1_440' title='bbox 2325 3047 2355 3098; x_wconf 82' lang='grc' dir='ltr'><strong>ὁ</strong></span> <span class='ocrx_word' id='word_1_441' title='bbox 2404 3049 2594 3118; x_wconf 82' lang='grc' dir='ltr'>καιρὸς</span> <span class='ocrx_word' id='word_1_442' title='bbox 2655 3052 3083 3123; x_wconf 82' lang='grc' dir='ltr'>συνεσταλμένος</span> <span class='ocrx_word' id='word_1_443' title='bbox 3142 3055 3331 3110; x_wconf 80' lang='grc' dir='ltr'>ἐστίν·</span> <span class='ocrx_word' id='word_1_444' title='bbox 3390 3060 3524 3114; x_wconf 85' lang='grc' dir='ltr'><strong>Ἵνα</strong></span> <span class='ocrx_word' id='word_1_445' title='bbox 3579 3064 3764 3117; x_wconf 82' lang='grc' dir='ltr'>καὶοὶ</span> 
     </span>
    </p>
   </div>
   <div class='ocr_carea' id='block_1_62' title="bbox 2175 3133 3767 3224">
    <p class='ocr_par' dir='ltr' id='par_1_62' title="bbox 2175 3133 3767 3224">
     <span class='ocr_line' id='line_1_62' title="bbox 2175 3133 3767 3224; baseline 0.013 -36"><span class='ocrx_word' id='word_1_446' title='bbox 2175 3133 2744 3206; x_wconf 66' lang='grc' dir='ltr'>ἕχοντεςγζυναῖκας,</span> <span class='ocrx_word' id='word_1_447' title='bbox 2771 3143 2852 3209; x_wconf 84' lang='grc' dir='ltr'>ὡς</span> <span class='ocrx_word' id='word_1_448' title='bbox 2865 3143 2953 3212; x_wconf 83' lang='grc' dir='ltr'>μὴ</span> <span class='ocrx_word' id='word_1_449' title='bbox 2971 3145 3216 3213; x_wconf 79' lang='grc' dir='ltr'>ἔχοντες</span> <span class='ocrx_word' id='word_1_450' title='bbox 3241 3147 3418 3204; x_wconf 87' lang='grc' dir='ltr'>ὦσιν.</span> <span class='ocrx_word' id='word_1_451' title='bbox 3444 3151 3579 3207; x_wconf 72' lang='grc' dir='ltr'><strong>Ἐὰν</strong></span> <span class='ocrx_word' id='word_1_452' title='bbox 3599 3153 3655 3207; x_wconf 85' lang='grc' dir='ltr'><strong>δέ</strong></span> <span class='ocrx_word' id='word_1_453' title='bbox 3679 3171 3767 3224; x_wconf 89' lang='grc' dir='ltr'><strong>μοι</strong></span> 
     </span>
    </p>
   </div>
   <div class='ocr_carea' id='block_1_63' title="bbox 497 3205 2071 3312">
    <p class='ocr_par' dir='ltr' id='par_1_63' title="bbox 497 3221 2065 3292">
     <span class='ocr_line' id='line_1_63' title="bbox 497 3221 2065 3292; baseline 0.002 -15"><span class='ocrx_word' id='word_1_454' title='bbox 497 3221 565 3277; x_wconf 89' lang='lat' dir='ltr'><strong>Ut</strong></span> <span class='ocrx_word' id='word_1_455' title='bbox 602 3223 898 3292; x_wconf 85' lang='lat' dir='ltr'><strong>quiltabent</strong></span> <span class='ocrx_word' id='word_1_456' title='bbox 928 3237 1120 3275; x_wconf 78' lang='lat' dir='ltr'><strong>uxores</strong></span> <span class='ocrx_word' id='word_1_457' title='bbox 1171 3232 1422 3291; x_wconf 85' lang='lat' dir='ltr'><strong>tanquam</strong></span> <span class='ocrx_word' id='word_1_458' title='bbox 1461 3239 1567 3276; x_wconf 83' lang='lat' dir='ltr'><strong>non</strong></span> <span class='ocrx_word' id='word_1_459' title='bbox 1606 3223 1849 3279; x_wconf 76' lang='lat' dir='ltr'><strong>habentes</strong></span> <span class='ocrx_word' id='word_1_460' title='bbox 1874 3227 2065 3280; x_wconf 79' lang='lat' dir='ltr'><strong>sint”.</strong></span> 
     </span>
    </p>
   </div>
   <div class='ocr_carea' id='block_1_64' title="bbox 2173 3205 3766 3312">
    <p class='ocr_par' dir='ltr' id='par_1_64' title="bbox 2173 3205 3766 3312">
     <span class='ocr_line' id='line_1_64' title="bbox 2173 3205 3766 3312; baseline 0.015 -35"><span class='ocrx_word' id='word_1_461' title='bbox 2173 3229 2634 3304; x_wconf 83' lang='grc' dir='ltr'>παραναγινώσκῃ</span> <span class='ocrx_word' id='word_1_462' title='bbox 2677 3205 2767 3299; x_wconf 73' lang='grc' dir='ltr'><strong>τὸ,</strong></span> <span class='ocrx_word' id='word_1_463' title='bbox 2807 3205 3158 3298; x_wconf 66' lang='grc' dir='ltr'><strong>Ᾱῦξὲιιὲὲσθε</strong></span> <span class='ocrx_word' id='word_1_464' title='bbox 3191 3205 3312 3293; x_wconf 50' lang='grc' dir='ltr'>’καὶ</span> <span class='ocrx_word' id='word_1_465' title='bbox 3358 3205 3766 3312; x_wconf 68' lang='grc' dir='ltr'>πληθύνεονθε,</span> 
     </span>
    </p>
   </div>
   <div class='ocr_carea' id='block_1_65' title="bbox 492 3314 2071 3384">
    <p class='ocr_par' dir='ltr' id='par_1_65' title="bbox 492 3314 2071 3384">
     <span class='ocr_line' id='line_1_65' title="bbox 492 3314 2071 3384; baseline 0.004 -18"><span class='ocrx_word' id='word_1_466' title='bbox 492 3315 649 3380; x_wconf 81' lang='lat' dir='ltr'><strong>Quod</strong></span> <span class='ocrx_word' id='word_1_467' title='bbox 683 3314 729 3369; x_wconf 89' lang='lat' dir='ltr'><strong>si</strong></span> <span class='ocrx_word' id='word_1_468' title='bbox 755 3314 886 3368; x_wconf 92' lang='lat' dir='ltr'><strong>mihi</strong></span> <span class='ocrx_word' id='word_1_469' title='bbox 921 3328 1202 3384; x_wconf 82' lang='lat' dir='ltr'><strong>perperam</strong></span> <span class='ocrx_word' id='word_1_470' title='bbox 1236 3314 1377 3384; x_wconf 82' lang='lat' dir='ltr'><strong>legat</strong></span> <span class='ocrx_word' id='word_1_471' title='bbox 1407 3315 1536 3370; x_wconf 92' lang='lat' dir='ltr'><strong>illud</strong></span> <span class='ocrx_word' id='word_1_472' title='bbox 1564 3333 1577 3369; x_wconf 89' lang='lat'><strong>:</strong></span> <span class='ocrx_word' id='word_1_473' title='bbox 1610 3314 1838 3372; x_wconf 82' lang='lat' dir='ltr'><strong>Crescite</strong></span> <span class='ocrx_word' id='word_1_474' title='bbox 1861 3328 1910 3372; x_wconf 88' lang='lat' dir='ltr'><strong>et</strong></span> <span class='ocrx_word' id='word_1_475' title='bbox 1935 3319 2071 3372; x_wconf 87' lang='lat' dir='ltr'><strong>mul-</strong></span> 
     </span>
    </p>
   </div>
   <div class='ocr_carea' id='block_1_66' title="bbox 493 3406 2072 3477">
    <p class='ocr_par' dir='ltr' id='par_1_66' title="bbox 493 3406 2072 3477">
     <span class='ocr_line' id='line_1_66' title="bbox 493 3406 2072 3477; baseline 0.003 -17"><span class='ocrx_word' id='word_1_476' title='bbox 493 3407 808 3476; x_wconf 83' lang='lat' dir='ltr'><strong>tiplicamini</strong></span> <span class='ocrx_word' id='word_1_477' title='bbox 861 3407 945 3460; x_wconf 71' lang='lat'><strong>‘9:</strong></span> <span class='ocrx_word' id='word_1_478' title='bbox 989 3407 1139 3461; x_wconf 89' lang='lat' dir='ltr'><strong>rideo</strong></span> <span class='ocrx_word' id='word_1_479' title='bbox 1176 3406 1354 3477; x_wconf 79' lang='lat' dir='ltr'><strong>legunt</strong></span> <span class='ocrx_word' id='word_1_480' title='bbox 1396 3416 1641 3477; x_wconf 88' lang='lat' dir='ltr'><strong>tempora</strong></span> <span class='ocrx_word' id='word_1_481' title='bbox 1693 3425 1804 3463; x_wconf 89' lang='lat' dir='ltr'><strong>non</strong></span> <span class='ocrx_word' id='word_1_482' title='bbox 1861 3409 2072 3465; x_wconf 81' lang='lat' dir='ltr'><strong>discer-</strong></span> 
     </span>
    </p>
   </div>
   <div class='ocr_carea' id='block_1_67' title="bbox 489 3496 2110 3574">
    <p class='ocr_par' dir='ltr' id='par_1_67' title="bbox 489 3496 2110 3574">
     <span class='ocr_line' id='line_1_67' title="bbox 489 3496 2110 3574; baseline 0.002 -22"><span class='ocrx_word' id='word_1_483' title='bbox 489 3509 735 3552; x_wconf 82' lang='lat' dir='ltr'><strong>nentem.</strong></span> <span class='ocrx_word' id='word_1_484' title='bbox 776 3496 1180 3552; x_wconf 81' lang='lat' dir='ltr'><strong>Fornicationis</strong></span> <span class='ocrx_word' id='word_1_485' title='bbox 1216 3498 1519 3553; x_wconf 87' lang='lat' dir='ltr'><strong>remedium</strong></span> <span class='ocrx_word' id='word_1_486' title='bbox 1553 3500 1757 3566; x_wconf 70' lang='lat' dir='ltr'><strong>nuptiae</strong></span> <span class='ocrx_word' id='word_1_487' title='bbox 1788 3501 2066 3562; x_wconf 76' lang='lat' dir='ltr'><strong>secundae,</strong></span> <span class='ocrx_word' id='word_1_488' title='bbox 2108 3572 2110 3574; x_wconf 93' lang='lat'><em>_</em></span> 
     </span>
    </p>
   </div>
   <div class='ocr_carea' id='block_1_68' title="bbox 490 3587 2067 3656">
    <p class='ocr_par' dir='ltr' id='par_1_68' title="bbox 490 3587 2067 3656">
     <span class='ocr_line' id='line_1_68' title="bbox 490 3587 2067 3656; baseline 0 -12"><span class='ocrx_word' id='word_1_489' title='bbox 490 3605 599 3644; x_wconf 91' lang='lat' dir='ltr'><strong>non</strong></span> <span class='ocrx_word' id='word_1_490' title='bbox 629 3588 846 3644; x_wconf 87' lang='lat' dir='ltr'><strong>occasio</strong></span> <span class='ocrx_word' id='word_1_491' title='bbox 875 3589 1133 3644; x_wconf 68' lang='lat' dir='ltr'><strong>laseiviat.</strong></span> <span class='ocrx_word' id='word_1_492' title='bbox 1172 3587 1229 3642; x_wconf 90' lang='lat' dir='ltr'><strong>Si</strong></span> <span class='ocrx_word' id='word_1_493' title='bbox 1263 3604 1322 3643; x_wconf 89' lang='lat' dir='ltr'><strong>se</strong></span> <span class='ocrx_word' id='word_1_494' title='bbox 1353 3603 1460 3643; x_wconf 91' lang='lat' dir='ltr'><strong>non</strong></span> <span class='ocrx_word' id='word_1_495' title='bbox 1491 3590 1797 3656; x_wconf 84' lang='lat' dir='ltr'><strong>continent,</strong></span> <span class='ocrx_word' id='word_1_496' title='bbox 1833 3592 2067 3653; x_wconf 87' lang='lat' dir='ltr'><strong>nubant,</strong></span> 
     </span>
    </p>
   </div>
   <div class='ocr_carea' id='block_1_69' title="bbox 493 3680 2067 3752">
    <p class='ocr_par' dir='ltr' id='par_1_69' title="bbox 493 3680 2067 3752">
     <span class='ocr_line' id='line_1_69' title="bbox 493 3680 2067 3752; baseline 0.003 -19"><span class='ocrx_word' id='word_1_497' title='bbox 493 3680 671 3750; x_wconf 81' lang='lat' dir='ltr'><strong>inquit</strong></span> <span class='ocrx_word' id='word_1_498' title='bbox 697 3681 766 3747; x_wconf 81' lang='grc'><strong>’⁸,</strong></span> <span class='ocrx_word' id='word_1_499' title='bbox 799 3692 904 3734; x_wconf 84' lang='lat' dir='ltr'><strong>non</strong></span> <span class='ocrx_word' id='word_1_500' title='bbox 935 3696 1067 3735; x_wconf 90' lang='lat' dir='ltr'><strong>vero</strong></span> <span class='ocrx_word' id='word_1_501' title='bbox 1090 3689 1145 3736; x_wconf 87' lang='lat' dir='ltr'><strong>et</strong></span> <span class='ocrx_word' id='word_1_502' title='bbox 1180 3681 1454 3736; x_wconf 88' lang='lat' dir='ltr'><strong>nubentes</strong></span> <span class='ocrx_word' id='word_1_503' title='bbox 1488 3682 1658 3752; x_wconf 80' lang='lat' dir='ltr'><strong>legem</strong></span> <span class='ocrx_word' id='word_1_504' title='bbox 1709 3682 1932 3738; x_wconf 85' lang='lat' dir='ltr'><strong>violent.</strong></span> <span class='ocrx_word' id='word_1_505' title='bbox 1975 3681 2067 3739; x_wconf 85' lang='lat' dir='ltr'><strong>Isti</strong></span> 
     </span>
    </p>
   </div>
   <div class='ocr_carea' id='block_1_70' title="bbox 489 3773 2066 3844">
    <p class='ocr_par' dir='ltr' id='par_1_70' title="bbox 489 3773 2066 3844">
     <span class='ocr_line' id='line_1_70' title="bbox 489 3773 2066 3844; baseline 0.003 -17"><span class='ocrx_word' id='word_1_506' title='bbox 489 3782 694 3839; x_wconf 86' lang='lat' dir='ltr'><strong>autem,</strong></span> <span class='ocrx_word' id='word_1_507' title='bbox 742 3788 978 3843; x_wconf 90' lang='lat' dir='ltr'><strong>quorum</strong></span> <span class='ocrx_word' id='word_1_508' title='bbox 1026 3773 1246 3828; x_wconf 89' lang='lat' dir='ltr'><strong>animus</strong></span> <span class='ocrx_word' id='word_1_509' title='bbox 1291 3773 1426 3828; x_wconf 92' lang='lat' dir='ltr'><strong>vitio</strong></span> <span class='ocrx_word' id='word_1_510' title='bbox 1473 3775 1832 3843; x_wconf 88' lang='lat' dir='ltr'><strong>turpitudinis</strong></span> <span class='ocrx_word' id='word_1_511' title='bbox 1887 3774 2066 3844; x_wconf 90' lang='lat' dir='ltr'><strong>lippus</strong></span> 
     </span>
    </p>
   </div>
   <div class='ocr_carea' id='block_1_71' title="bbox 489 3865 2066 3938">
    <p class='ocr_par' dir='ltr' id='par_1_71' title="bbox 489 3865 2066 3938">
     <span class='ocr_line' id='line_1_71' title="bbox 489 3865 2066 3938; baseline 0.003 -20"><span class='ocrx_word' id='word_1_512' title='bbox 489 3875 593 3930; x_wconf 86' lang='lat' dir='ltr'><strong>est,</strong></span> <span class='ocrx_word' id='word_1_513' title='bbox 631 3881 697 3919; x_wconf 93' lang='lat' dir='ltr'><strong>ne</strong></span> <span class='ocrx_word' id='word_1_514' title='bbox 737 3865 801 3919; x_wconf 89' lang='lat' dir='ltr'><strong>ad</strong></span> <span class='ocrx_word' id='word_1_515' title='bbox 851 3876 1104 3919; x_wconf 88' lang='lat' dir='ltr'><strong>naturam</strong></span> <span class='ocrx_word' id='word_1_516' title='bbox 1157 3865 1378 3934; x_wconf 88' lang='lat' dir='ltr'><strong>quidem</strong></span> <span class='ocrx_word' id='word_1_517' title='bbox 1435 3867 1757 3936; x_wconf 86' lang='lat' dir='ltr'><strong>respiciunt,</strong></span> <span class='ocrx_word' id='word_1_518' title='bbox 1795 3883 1916 3936; x_wconf 66' lang='lat' dir='ltr'><strong>qua:</strong></span> <span class='ocrx_word' id='word_1_519' title='bbox 1951 3868 2066 3938; x_wconf 88' lang='lat' dir='ltr'><strong>jam</strong></span> 
     </span>
    </p>
   </div>
   <div class='ocr_carea' id='block_1_72' title="bbox 487 3957 2070 4030">
    <p class='ocr_par' dir='ltr' id='par_1_72' title="bbox 487 3957 2070 4030">
     <span class='ocr_line' id='line_1_72' title="bbox 487 3957 2070 4030; baseline 0.003 -22"><span class='ocrx_word' id='word_1_520' title='bbox 487 3957 614 4010; x_wconf 90' lang='lat' dir='ltr'><strong>olim</strong></span> <span class='ocrx_word' id='word_1_521' title='bbox 640 3957 854 4026; x_wconf 84' lang='lat' dir='ltr'><strong>generis</strong></span> <span class='ocrx_word' id='word_1_522' title='bbox 881 3957 1106 4011; x_wconf 90' lang='lat' dir='ltr'><strong>nomina</strong></span> <span class='ocrx_word' id='word_1_523' title='bbox 1132 3957 1408 4012; x_wconf 79' lang='lat' dir='ltr'><strong>discrevit.</strong></span> <span class='ocrx_word' id='word_1_524' title='bbox 1444 3958 1523 4011; x_wconf 74' lang='lat' dir='ltr'><strong>Ex</strong></span> <span class='ocrx_word' id='word_1_525' title='bbox 1549 3973 1654 4026; x_wconf 81' lang='lat' dir='ltr'><strong>qua</strong></span> <span class='ocrx_word' id='word_1_526' title='bbox 1687 3959 1832 4012; x_wconf 89' lang='lat' dir='ltr'><strong>enim</strong></span> <span class='ocrx_word' id='word_1_527' title='bbox 1868 3974 2070 4030; x_wconf 77' lang='lat' dir='ltr'><strong>cogna-</strong></span> 
     </span>
    </p>
   </div>
   <div class='ocr_carea' id='block_1_73' title="bbox 487 4047 2066 4118">
    <p class='ocr_par' dir='ltr' id='par_1_73' title="bbox 487 4047 2066 4118">
     <span class='ocr_line' id='line_1_73' title="bbox 487 4047 2066 4118; baseline 0 -14"><span class='ocrx_word' id='word_1_528' title='bbox 487 4050 636 4104; x_wconf 86' lang='lat' dir='ltr'><strong>tione</strong></span> <span class='ocrx_word' id='word_1_529' title='bbox 684 4057 843 4104; x_wconf 86' lang='lat' dir='ltr'><strong>natos</strong></span> <span class='ocrx_word' id='word_1_530' title='bbox 874 4049 1268 4118; x_wconf 85' lang='lat' dir='ltr'><strong>appellabunt?</strong></span> <span class='ocrx_word' id='word_1_531' title='bbox 1309 4047 1623 4115; x_wconf 87' lang='lat' dir='ltr'><strong>Fratresne,</strong></span> <span class='ocrx_word' id='word_1_532' title='bbox 1667 4065 1735 4104; x_wconf 86' lang='lat' dir='ltr'><strong>an</strong></span> <span class='ocrx_word' id='word_1_533' title='bbox 1782 4051 2066 4106; x_wconf 89' lang='lat' dir='ltr'><strong>consobri-</strong></span> 
     </span>
    </p>
   </div>
   <div class='ocr_carea' id='block_1_74' title="bbox 487 4141 2067 4214">
    <p class='ocr_par' dir='ltr' id='par_1_74' title="bbox 487 4141 2067 4214">
     <span class='ocr_line' id='line_1_74' title="bbox 487 4141 2067 4214; baseline 0.003 -18"><span class='ocrx_word' id='word_1_534' title='bbox 487 4157 588 4196; x_wconf 88' lang='lat' dir='ltr'><strong>nos</strong></span> <span class='ocrx_word' id='word_1_535' title='bbox 626 4141 940 4196; x_wconf 88' lang='lat' dir='ltr'><strong>vocabunt?</strong></span> <span class='ocrx_word' id='word_1_536' title='bbox 992 4142 1263 4211; x_wconf 89' lang='lat' dir='ltr'><strong>siquidem</strong></span> <span class='ocrx_word' id='word_1_537' title='bbox 1316 4159 1516 4198; x_wconf 89' lang='lat' dir='ltr'><strong>nomen</strong></span> <span class='ocrx_word' id='word_1_538' title='bbox 1549 4153 1848 4214; x_wconf 90' lang='lat' dir='ltr'><strong>utrumque</strong></span> <span class='ocrx_word' id='word_1_539' title='bbox 1875 4145 1956 4200; x_wconf 88' lang='lat' dir='ltr'><strong>eis</strong></span> <span class='ocrx_word' id='word_1_540' title='bbox 1996 4145 2067 4200; x_wconf 90' lang='lat' dir='ltr'><strong>ob</strong></span> 
     </span>
    </p>
   </div>
   <div class='ocr_carea' id='block_1_75' title="bbox 485 4231 2064 4303">
    <p class='ocr_par' dir='ltr' id='par_1_75' title="bbox 485 4231 2064 4303">
     <span class='ocr_line' id='line_1_75' title="bbox 485 4231 2064 4303; baseline 0.003 -17"><span class='ocrx_word' id='word_1_541' title='bbox 485 4233 863 4288; x_wconf 89' lang='lat' dir='ltr'><strong>confusionem</strong></span> <span class='ocrx_word' id='word_1_542' title='bbox 890 4233 1164 4303; x_wconf 77' lang='lat' dir='ltr'><strong>congruit.</strong></span> <span class='ocrx_word' id='word_1_543' title='bbox 1193 4231 1273 4289; x_wconf 86' lang='lat' dir='ltr'><strong>Ne</strong></span> <span class='ocrx_word' id='word_1_544' title='bbox 1304 4233 1499 4300; x_wconf 89' lang='lat' dir='ltr'><strong>facias,</strong></span> <span class='ocrx_word' id='word_1_545' title='bbox 1545 4251 1579 4290; x_wconf 88' lang='lat'><strong>0</strong></span> <span class='ocrx_word' id='word_1_546' title='bbox 1605 4236 1792 4302; x_wconf 90' lang='lat' dir='ltr'><strong>homo,</strong></span> <span class='ocrx_word' id='word_1_547' title='bbox 1842 4237 2064 4292; x_wconf 86' lang='lat' dir='ltr'><strong>amitam</strong></span> 
     </span>
    </p>
   </div>
   <div class='ocr_carea' id='block_1_76' title="bbox 485 4325 2068 4396">
    <p class='ocr_par' dir='ltr' id='par_1_76' title="bbox 485 4325 2068 4396">
     <span class='ocr_line' id='line_1_76' title="bbox 485 4325 2068 4396; baseline 0.003 -17"><span class='ocrx_word' id='word_1_548' title='bbox 485 4341 776 4380; x_wconf 83' lang='lat' dir='ltr'><strong>novercam</strong></span> <span class='ocrx_word' id='word_1_549' title='bbox 829 4325 1160 4393; x_wconf 87' lang='lat' dir='ltr'><strong>infantium;</strong></span> <span class='ocrx_word' id='word_1_550' title='bbox 1202 4341 1305 4381; x_wconf 92' lang='lat' dir='ltr'><strong>nec</strong></span> <span class='ocrx_word' id='word_1_551' title='bbox 1327 4342 1450 4396; x_wconf 66' lang='lat' dir='ltr'><strong>quae</strong></span> <span class='ocrx_word' id='word_1_552' title='bbox 1490 4328 1546 4381; x_wconf 94' lang='lat' dir='ltr'><strong>in</strong></span> <span class='ocrx_word' id='word_1_553' title='bbox 1579 4328 1944 4384; x_wconf 52' lang='lat' dir='ltr'><strong>matrisvloeo</strong></span> <span class='ocrx_word' id='word_1_554' title='bbox 1988 4327 2068 4383; x_wconf 81' lang='lat' dir='ltr'><strong>fo-</strong></span> 
     </span>
    </p>
   </div>
   <div class='ocr_carea' id='block_1_77' title="bbox 483 4416 2061 4487">
    <p class='ocr_par' dir='ltr' id='par_1_77' title="bbox 483 4416 2061 4487">
     <span class='ocr_line' id='line_1_77' title="bbox 483 4416 2061 4487; baseline 0.003 -18"><span class='ocrx_word' id='word_1_555' title='bbox 483 4429 612 4471; x_wconf 87' lang='lat' dir='ltr'><strong>vere</strong></span> <span class='ocrx_word' id='word_1_556' title='bbox 638 4416 816 4482; x_wconf 86' lang='lat' dir='ltr'><strong>debet,</strong></span> <span class='ocrx_word' id='word_1_557' title='bbox 851 4431 974 4471; x_wconf 91' lang='lat' dir='ltr'><strong>eam</strong></span> <span class='ocrx_word' id='word_1_558' title='bbox 999 4416 1349 4471; x_wconf 56' lang='lat' dir='ltr'><strong>aemulatione</strong></span> <span class='ocrx_word' id='word_1_559' title='bbox 1377 4417 1706 4487; x_wconf 88' lang='lat' dir='ltr'><strong>implacabili</strong></span> <span class='ocrx_word' id='word_1_560' title='bbox 1739 4420 2061 4474; x_wconf 88' lang='lat' dir='ltr'><strong>armaveris.</strong></span> 
     </span>
    </p>
   </div>
   <div class='ocr_carea' id='block_1_78' title="bbox 482 4504 2060 4579">
    <p class='ocr_par' dir='ltr' id='par_1_78' title="bbox 482 4504 2060 4579">
     <span class='ocr_line' id='line_1_78' title="bbox 482 4504 2060 4579; baseline 0.002 -18"><span class='ocrx_word' id='word_1_561' title='bbox 482 4504 618 4561; x_wconf 80' lang='lat' dir='ltr'><strong>Nam</strong></span> <span class='ocrx_word' id='word_1_562' title='bbox 646 4507 820 4562; x_wconf 90' lang='lat' dir='ltr'><strong>solum</strong></span> <span class='ocrx_word' id='word_1_563' title='bbox 851 4523 1213 4563; x_wconf 84' lang='lat' dir='ltr'><strong>novercarum</strong></span> <span class='ocrx_word' id='word_1_564' title='bbox 1256 4523 1430 4578; x_wconf 83' lang='lat' dir='ltr'><strong>genus</strong></span> <span class='ocrx_word' id='word_1_565' title='bbox 1458 4509 1624 4564; x_wconf 88' lang='lat' dir='ltr'><strong>etiam</strong></span> <span class='ocrx_word' id='word_1_566' title='bbox 1657 4519 1782 4579; x_wconf 90' lang='lat' dir='ltr'><strong>post</strong></span> <span class='ocrx_word' id='word_1_567' title='bbox 1830 4519 2060 4566; x_wconf 89' lang='lat' dir='ltr'><strong>mortem</strong></span> 
     </span>
    </p>
   </div>
   <div class='ocr_carea' id='block_1_79' title="bbox 483 4599 2061 4658">
    <p class='ocr_par' dir='ltr' id='par_1_79' title="bbox 483 4599 2061 4658">
     <span class='ocr_line' id='line_1_79' title="bbox 483 4599 2061 4658; baseline 0.002 -5"><span class='ocrx_word' id='word_1_568' title='bbox 483 4599 667 4653; x_wconf 86' lang='lat' dir='ltr'><strong>odium</strong></span> <span class='ocrx_word' id='word_1_569' title='bbox 711 4613 775 4654; x_wconf 89' lang='lat' dir='ltr'><strong>ac</strong></span> <span class='ocrx_word' id='word_1_570' title='bbox 828 4599 1176 4654; x_wconf 90' lang='lat' dir='ltr'><strong>inimicitiam</strong></span> <span class='ocrx_word' id='word_1_571' title='bbox 1229 4600 1493 4656; x_wconf 84' lang='lat' dir='ltr'><strong>extendit.</strong></span> <span class='ocrx_word' id='word_1_572' title='bbox 1540 4601 1656 4655; x_wconf 89' lang='lat' dir='ltr'><strong>lmo</strong></span> <span class='ocrx_word' id='word_1_573' title='bbox 1707 4602 1799 4656; x_wconf 91' lang='lat' dir='ltr'><strong>alii</strong></span> <span class='ocrx_word' id='word_1_574' title='bbox 1849 4601 2061 4658; x_wconf 90' lang='lat' dir='ltr'><strong>inimici</strong></span> 
     </span>
    </p>
   </div>
   <div class='ocr_carea' id='block_1_80' title="bbox 484 4690 2064 4763">
    <p class='ocr_par' dir='ltr' id='par_1_80' title="bbox 484 4690 2064 4763">
     <span class='ocr_line' id='line_1_80' title="bbox 484 4690 2064 4763; baseline 0.003 -20"><span class='ocrx_word' id='word_1_575' title='bbox 484 4690 720 4745; x_wconf 90' lang='lat' dir='ltr'><strong>mortuis</strong></span> <span class='ocrx_word' id='word_1_576' title='bbox 758 4691 1213 4758; x_wconf 86' lang='lat' dir='ltr'><strong>reconciliantur;</strong></span> <span class='ocrx_word' id='word_1_577' title='bbox 1267 4707 1513 4748; x_wconf 76' lang='lat' dir='ltr'><strong>novercae</strong></span> <span class='ocrx_word' id='word_1_578' title='bbox 1570 4693 1694 4748; x_wconf 90' lang='lat' dir='ltr'><strong>odia</strong></span> <span class='ocrx_word' id='word_1_579' title='bbox 1737 4702 1864 4763; x_wconf 88' lang='lat' dir='ltr'><strong>post</strong></span> <span class='ocrx_word' id='word_1_580' title='bbox 1917 4708 2064 4748; x_wconf 91' lang='lat' dir='ltr'><strong>mor-</strong></span> 
     </span>
    </p>
   </div>
   <div class='ocr_carea' id='block_1_81' title="bbox 485 4781 2063 4854">
    <p class='ocr_par' dir='ltr' id='par_1_81' title="bbox 485 4781 2063 4854">
     <span class='ocr_line' id='line_1_81' title="bbox 485 4781 2063 4854; baseline 0.003 -20"><span class='ocrx_word' id='word_1_581' title='bbox 485 4789 594 4836; x_wconf 85' lang='lat' dir='ltr'><strong>tem</strong></span> <span class='ocrx_word' id='word_1_582' title='bbox 623 4782 914 4851; x_wconf 87' lang='lat' dir='ltr'><strong>incipiunt.</strong></span> <span class='ocrx_word' id='word_1_583' title='bbox 945 4781 1170 4837; x_wconf 86' lang='lat' dir='ltr'><strong>Summa</strong></span> <span class='ocrx_word' id='word_1_584' title='bbox 1219 4783 1492 4838; x_wconf 92' lang='lat' dir='ltr'><strong>dictorum</strong></span> <span class='ocrx_word' id='word_1_585' title='bbox 1527 4785 1642 4840; x_wconf 73' lang='lat' dir='ltr'><strong>haec</strong></span> <span class='ocrx_word' id='word_1_586' title='bbox 1685 4793 1808 4841; x_wconf 86' lang='lat' dir='ltr'><strong>est:</strong></span> <span class='ocrx_word' id='word_1_587' title='bbox 1848 4785 1906 4839; x_wconf 92' lang='lat' dir='ltr'><strong>Si</strong></span> <span class='ocrx_word' id='word_1_588' title='bbox 1937 4785 2063 4854; x_wconf 85' lang='lat' dir='ltr'><strong>quis</strong></span> 
     </span>
    </p>
   </div>
   <div class='ocr_carea' id='block_1_82' title="bbox 483 4874 2061 4948">
    <p class='ocr_par' dir='ltr' id='par_1_82' title="bbox 483 4874 2061 4948">
     <span class='ocr_line' id='line_1_82' title="bbox 483 4874 2061 4948; baseline 0.002 -20"><span class='ocrx_word' id='word_1_589' title='bbox 483 4874 724 4946; x_wconf 80' lang='lat' dir='ltr'><strong>legitime</strong></span> <span class='ocrx_word' id='word_1_590' title='bbox 774 4875 997 4944; x_wconf 88' lang='lat' dir='ltr'><strong>nuptias</strong></span> <span class='ocrx_word' id='word_1_591' title='bbox 1031 4876 1262 4945; x_wconf 84' lang='lat' dir='ltr'><strong>appetit,</strong></span> <span class='ocrx_word' id='word_1_592' title='bbox 1310 4884 1459 4931; x_wconf 90' lang='lat' dir='ltr'><strong>totus</strong></span> <span class='ocrx_word' id='word_1_593' title='bbox 1488 4878 1638 4932; x_wconf 88' lang='lat' dir='ltr'><strong>orbis</strong></span> <span class='ocrx_word' id='word_1_594' title='bbox 1663 4886 1935 4932; x_wconf 89' lang='lat' dir='ltr'><strong>terrarum</strong></span> <span class='ocrx_word' id='word_1_595' title='bbox 1965 4892 2061 4948; x_wconf 87' lang='lat' dir='ltr'><strong>pa-</strong></span> 
     </span>
    </p>
   </div>
   <div class='ocr_carea' id='block_1_83' title="bbox 485 4967 2060 5039">
    <p class='ocr_par' dir='ltr' id='par_1_83' title="bbox 485 4967 2060 5039">
     <span class='ocr_line' id='line_1_83' title="bbox 485 4967 2060 5039; baseline 0 -17"><span class='ocrx_word' id='word_1_596' title='bbox 485 4975 596 5022; x_wconf 82' lang='lat' dir='ltr'><strong>tet:</strong></span> <span class='ocrx_word' id='word_1_597' title='bbox 631 4970 716 5023; x_wconf 88' lang='lat' dir='ltr'><strong>sin</strong></span> <span class='ocrx_word' id='word_1_598' title='bbox 749 4968 975 5022; x_wconf 86' lang='lat' dir='ltr'><strong>libidine</strong></span> <span class='ocrx_word' id='word_1_599' title='bbox 1005 4967 1316 5036; x_wconf 89' lang='lat' dir='ltr'><strong>impellitur,</strong></span> <span class='ocrx_word' id='word_1_600' title='bbox 1359 4968 1428 5022; x_wconf 91' lang='lat' dir='ltr'><strong>ob</strong></span> <span class='ocrx_word' id='word_1_601' title='bbox 1462 4969 1514 5023; x_wconf 94' lang='lat' dir='ltr'><strong>id</strong></span> <span class='ocrx_word' id='word_1_602' title='bbox 1557 4970 1732 5039; x_wconf 85' lang='lat' dir='ltr'><strong>magis</strong></span> <span class='ocrx_word' id='word_1_603' title='bbox 1767 4969 1932 5023; x_wconf 89' lang='lat' dir='ltr'><strong>etiam</strong></span> <span class='ocrx_word' id='word_1_604' title='bbox 1963 4983 2060 5023; x_wconf 83' lang='lat' dir='ltr'><strong>ex-</strong></span> 
     </span>
    </p>
   </div>
   <div class='ocr_carea' id='block_1_84' title="bbox 478 5057 2063 5130">
    <p class='ocr_par' dir='ltr' id='par_1_84' title="bbox 478 5057 2063 5130">
     <span class='ocr_line' id='line_1_84' title="bbox 478 5057 2063 5130; baseline -0.001 -16"><span class='ocrx_word' id='word_1_605' title='bbox 478 5058 758 5125; x_wconf 77' lang='lat' dir='ltr'><strong>cludatur,</strong></span> <span class='ocrx_word' id='word_1_606' title='bbox 806 5057 873 5112; x_wconf 89' lang='lat' dir='ltr'><strong>Ut</strong></span> <span class='ocrx_word' id='word_1_607' title='bbox 895 5057 1067 5112; x_wconf 82' lang='lat' dir='ltr'><strong>discat</strong></span> <span class='ocrx_word' id='word_1_608' title='bbox 1116 5075 1206 5112; x_wconf 82' lang='lat' dir='ltr'><strong>vas</strong></span> <span class='ocrx_word' id='word_1_609' title='bbox 1247 5075 1401 5112; x_wconf 68' lang='lat' dir='ltr'><strong>suum</strong></span> <span class='ocrx_word' id='word_1_610' title='bbox 1425 5061 1689 5130; x_wconf 79' lang='lat' dir='ltr'><strong>possidere</strong></span> <span class='ocrx_word' id='word_1_611' title='bbox 1721 5061 1776 5114; x_wconf 85' lang='lat' dir='ltr'><strong>in</strong></span> <span class='ocrx_word' id='word_1_612' title='bbox 1817 5061 2063 5128; x_wconf 78' lang='lat' dir='ltr'><strong>sanctiﬁ-</strong></span> 
     </span>
    </p>
   </div>
   <div class='ocr_carea' id='block_1_85' title="bbox 482 5151 2065 5221">
    <p class='ocr_par' dir='ltr' id='par_1_85' title="bbox 482 5151 2065 5221">
     <span class='ocr_line' id='line_1_85' title="bbox 482 5151 2065 5221; baseline 0.001 -16"><span class='ocrx_word' id='word_1_613' title='bbox 482 5151 688 5205; x_wconf 86' lang='lat' dir='ltr'><strong>catione</strong></span> <span class='ocrx_word' id='word_1_614' title='bbox 717 5159 766 5204; x_wconf 84' lang='lat' dir='ltr'><strong>et</strong></span> <span class='ocrx_word' id='word_1_615' title='bbox 810 5151 1028 5217; x_wconf 81' lang='lat' dir='ltr'><strong>honore,</strong></span> <span class='ocrx_word' id='word_1_616' title='bbox 1064 5167 1167 5203; x_wconf 80' lang='lat' dir='ltr'><strong>non</strong></span> <span class='ocrx_word' id='word_1_617' title='bbox 1213 5151 1265 5203; x_wconf 84' lang='lat' dir='ltr'><strong>in</strong></span> <span class='ocrx_word' id='word_1_618' title='bbox 1295 5154 1538 5221; x_wconf 82' lang='lat' dir='ltr'><strong>passione</strong></span> <span class='ocrx_word' id='word_1_619' title='bbox 1584 5152 1832 5206; x_wconf 84' lang='lat' dir='ltr'><strong>desiderii</strong></span> <span class='ocrx_word' id='word_1_620' title='bbox 1861 5153 1929 5206; x_wconf 70' lang='grc' dir='ltr'><strong>η.</strong></span> <span class='ocrx_word' id='word_1_621' title='bbox 1981 5151 2065 5206; x_wconf 81' lang='lat' dir='ltr'><strong>Me</strong></span> 
     </span>
    </p>
   </div>
   <div class='ocr_carea' id='block_1_86' title="bbox 483 5243 2060 5314">
    <p class='ocr_par' dir='ltr' id='par_1_86' title="bbox 483 5243 2060 5314">
     <span class='ocr_line' id='line_1_86' title="bbox 483 5243 2060 5314; baseline 0 -18"><span class='ocrx_word' id='word_1_622' title='bbox 483 5244 641 5314; x_wconf 86' lang='lat' dir='ltr'><strong>plura</strong></span> <span class='ocrx_word' id='word_1_623' title='bbox 687 5244 868 5297; x_wconf 85' lang='lat' dir='ltr'><strong>dicere</strong></span> <span class='ocrx_word' id='word_1_624' title='bbox 944 5250 1222 5310; x_wconf 88' lang='lat' dir='ltr'><strong>parantem</strong></span> <span class='ocrx_word' id='word_1_625' title='bbox 1279 5243 1475 5298; x_wconf 88' lang='lat' dir='ltr'><strong>modus</strong></span> <span class='ocrx_word' id='word_1_626' title='bbox 1525 5243 1767 5314; x_wconf 64' lang='lat' dir='ltr'><strong>epistolae</strong></span> <span class='ocrx_word' id='word_1_627' title='bbox 1817 5243 2060 5298; x_wconf 89' lang='lat' dir='ltr'><strong>cohibet.</strong></span> 
     </span>
    </p>
   </div>
   <div class='ocr_carea' id='block_1_87' title="bbox 483 5334 2062 5404">
    <p class='ocr_par' dir='ltr' id='par_1_87' title="bbox 483 5334 2062 5404">
     <span class='ocr_line' id='line_1_87' title="bbox 483 5334 2062 5404; baseline 0 -16"><span class='ocrx_word' id='word_1_628' title='bbox 483 5335 688 5390; x_wconf 90' lang='lat' dir='ltr'><strong>Precor</strong></span> <span class='ocrx_word' id='word_1_629' title='bbox 715 5345 919 5397; x_wconf 88' lang='lat' dir='ltr'><strong>autem,</strong></span> <span class='ocrx_word' id='word_1_630' title='bbox 960 5343 1018 5388; x_wconf 91' lang='lat' dir='ltr'><strong>ut</strong></span> <span class='ocrx_word' id='word_1_631' title='bbox 1062 5334 1163 5404; x_wconf 80' lang='lat'><strong>17</strong></span> <span class='ocrx_word' id='word_1_632' title='bbox 1195 5336 1275 5388; x_wconf 85' lang='lat' dir='ltr'><strong>vel</strong></span> <span class='ocrx_word' id='word_1_633' title='bbox 1317 5346 1502 5389; x_wconf 83' lang='lat' dir='ltr'><strong>nostra</strong></span> <span class='ocrx_word' id='word_1_634' title='bbox 1534 5335 1836 5392; x_wconf 89' lang='lat' dir='ltr'><strong>admonitio</strong></span> <span class='ocrx_word' id='word_1_635' title='bbox 1868 5336 2062 5388; x_wconf 86' lang='lat' dir='ltr'><strong>vitium</strong></span> 
     </span>
    </p>
   </div>
   <div class='ocr_carea' id='block_1_88' title="bbox 485 5429 2063 5500">
    <p class='ocr_par' dir='ltr' id='par_1_88' title="bbox 485 5429 2063 5500">
     <span class='ocr_line' id='line_1_88' title="bbox 485 5429 2063 5500; baseline -0.001 -17"><span class='ocrx_word' id='word_1_636' title='bbox 485 5439 728 5500; x_wconf 85' lang='lat' dir='ltr'><strong>superet,</strong></span> <span class='ocrx_word' id='word_1_637' title='bbox 769 5430 849 5482; x_wconf 91' lang='lat' dir='ltr'><strong>vel</strong></span> <span class='ocrx_word' id='word_1_638' title='bbox 879 5444 986 5482; x_wconf 89' lang='lat' dir='ltr'><strong>non</strong></span> <span class='ocrx_word' id='word_1_639' title='bbox 1042 5439 1226 5497; x_wconf 88' lang='lat' dir='ltr'><strong>serpat</strong></span> <span class='ocrx_word' id='word_1_640' title='bbox 1256 5429 1309 5482; x_wconf 92' lang='lat' dir='ltr'><strong>in</strong></span> <span class='ocrx_word' id='word_1_641' title='bbox 1355 5441 1604 5483; x_wconf 89' lang='lat' dir='ltr'><strong>nostram</strong></span> <span class='ocrx_word' id='word_1_642' title='bbox 1646 5429 1920 5499; x_wconf 83' lang='lat' dir='ltr'><strong>regionem</strong></span> <span class='ocrx_word' id='word_1_643' title='bbox 1959 5430 2063 5482; x_wconf 85' lang='lat' dir='ltr'><strong>hoc</strong></span> 
     </span>
    </p>
   </div>
   <div class='ocr_carea' id='block_1_89' title="bbox 482 5518 2059 5589">
    <p class='ocr_par' dir='ltr' id='par_1_89' title="bbox 482 5518 2059 5589">
     <span class='ocr_line' id='line_1_89' title="bbox 482 5518 2059 5589; baseline 0 -17"><span class='ocrx_word' id='word_1_644' title='bbox 482 5520 800 5589; x_wconf 87' lang='lat' dir='ltr'><strong>piaculum;</strong></span> <span class='ocrx_word' id='word_1_645' title='bbox 841 5519 934 5574; x_wconf 88' lang='lat' dir='ltr'><strong>sed</strong></span> <span class='ocrx_word' id='word_1_646' title='bbox 985 5519 1038 5572; x_wconf 89' lang='lat' dir='ltr'><strong>in</strong></span> <span class='ocrx_word' id='word_1_647' title='bbox 1072 5518 1274 5587; x_wconf 83' lang='lat' dir='ltr'><strong>quibus</strong></span> <span class='ocrx_word' id='word_1_648' title='bbox 1318 5519 1618 5573; x_wconf 88' lang='lat' dir='ltr'><strong>admissum</strong></span> <span class='ocrx_word' id='word_1_649' title='bbox 1657 5529 1743 5575; x_wconf 87' lang='lat' dir='ltr'><strong>est</strong></span> <span class='ocrx_word' id='word_1_650' title='bbox 1796 5520 1952 5584; x_wconf 90' lang='lat' dir='ltr'><strong>locis,</strong></span> <span class='ocrx_word' id='word_1_651' title='bbox 2003 5519 2059 5573; x_wconf 91' lang='lat' dir='ltr'><strong>in</strong></span> 
     </span>
    </p>
   </div>
   <div class='ocr_carea' id='block_1_90' title="bbox 485 5610 940 5679">
    <p class='ocr_par' dir='ltr' id='par_1_90' title="bbox 485 5610 940 5679">
     <span class='ocr_line' id='line_1_90' title="bbox 485 5610 940 5679; baseline 0.002 -16"><span class='ocrx_word' id='word_1_652' title='bbox 485 5610 574 5664; x_wconf 84' lang='lat' dir='ltr'><strong>his</strong></span> <span class='ocrx_word' id='word_1_653' title='bbox 607 5619 940 5679; x_wconf 86' lang='lat' dir='ltr'><strong>permaneat.</strong></span> 
     </span>
    </p>
   </div>
   <div class='ocr_carea' id='block_1_91' title="bbox 560 5813 1503 5883">
    <p class='ocr_par' dir='ltr' id='par_1_91' title="bbox 560 5813 1503 5883">
     <span class='ocr_line' id='line_1_91' title="bbox 560 5813 1503 5883; baseline 0.006 -20"><span class='ocrx_word' id='word_1_654' title='bbox 560 5813 604 5844; x_wconf 76' lang='lat'><strong>&quot;</strong></span> <span class='ocrx_word' id='word_1_655' title='bbox 635 5813 797 5866; x_wconf 58' lang='lat' dir='ltr'><strong>Atrea</strong></span> <span class='ocrx_word' id='word_1_656' title='bbox 826 5830 884 5871; x_wconf 76' lang='lat' dir='ltr'><strong>‘ll,</strong></span> <span class='ocrx_word' id='word_1_657' title='bbox 917 5815 970 5869; x_wconf 87' lang='lat'><strong>7.</strong></span> <span class='ocrx_word' id='word_1_658' title='bbox 1052 5816 1094 5846; x_wconf 79' lang='grc'>¹⁶</span> <span class='ocrx_word' id='word_1_659' title='bbox 1125 5814 1324 5883; x_wconf 76' lang='lat' dir='ltr'><strong>Epllt‘s.</strong></span> <span class='ocrx_word' id='word_1_660' title='bbox 1359 5829 1412 5881; x_wconf 69' lang='grc' dir='ltr'><strong>ν,</strong></span> <span class='ocrx_word' id='word_1_661' title='bbox 1446 5814 1503 5869; x_wconf 78' lang='grc'><strong>5.</strong></span> 
     </span>
    </p>
   </div>
   <div class='ocr_carea' id='block_1_92' title="bbox 489 5883 1248 5950">
    <p class='ocr_par' dir='ltr' id='par_1_92' title="bbox 489 5883 1248 5950">
     <span class='ocr_line' id='line_1_92' title="bbox 489 5883 1248 5950; baseline 0.008 -14"><span class='ocrx_word' id='word_1_662' title='bbox 489 5898 584 5945; x_wconf 83' lang='lat' dir='ltr'><strong>vn,</strong></span> <span class='ocrx_word' id='word_1_663' title='bbox 615 5883 670 5937; x_wconf 79' lang='lat'><strong>9.</strong></span> <span class='ocrx_word' id='word_1_664' title='bbox 743 5884 781 5914; x_wconf 78' lang='lat'><strong>&quot;</strong></span> <span class='ocrx_word' id='word_1_665' title='bbox 819 5885 834 5937; x_wconf 90' lang='grc' dir='ltr'><strong>Ι</strong></span> <span class='ocrx_word' id='word_1_666' title='bbox 862 5884 1055 5942; x_wconf 79' lang='lat' dir='ltr'><strong>Thess.</strong></span> <span class='ocrx_word' id='word_1_667' title='bbox 1087 5902 1158 5950; x_wconf 80' lang='lat' dir='ltr'><strong>tv,</strong></span> <span class='ocrx_word' id='word_1_668' title='bbox 1194 5887 1248 5942; x_wconf 79' lang='grc'><strong>4.</strong></span> 
     </span>
    </p>
   </div>
   <div class='ocr_carea' id='block_1_93' title="bbox 1585 5811 3413 5886">
    <p class='ocr_par' dir='ltr' id='par_1_93' title="bbox 1585 5811 3413 5886">
     <span class='ocr_line' id='line_1_93' title="bbox 1585 5811 3413 5886; baseline -0.001 -18"><span class='ocrx_word' id='word_1_669' title='bbox 1585 5816 1630 5847; x_wconf 74' lang='grc'><strong>⁸⁷</strong></span> <span class='ocrx_word' id='word_1_670' title='bbox 1660 5813 1831 5870; x_wconf 86' lang='lat' dir='ltr'><strong>Levit.</strong></span> <span class='ocrx_word' id='word_1_671' title='bbox 1875 5831 2026 5880; x_wconf 73' lang='lat' dir='ltr'><strong>xvm,</strong></span> <span class='ocrx_word' id='word_1_672' title='bbox 2053 5814 2104 5868; x_wconf 84' lang='lat'><strong>6.</strong></span> <span class='ocrx_word' id='word_1_673' title='bbox 2185 5815 2227 5845; x_wconf 82' lang='grc'>¹⁸</span> <span class='ocrx_word' id='word_1_674' title='bbox 2258 5813 2278 5868; x_wconf 85' lang='grc'><strong>1</strong></span> <span class='ocrx_word' id='word_1_675' title='bbox 2313 5813 2439 5869; x_wconf 88' lang='lat' dir='ltr'><strong>Cor.</strong></span> <span class='ocrx_word' id='word_1_676' title='bbox 2485 5829 2582 5880; x_wconf 84' lang='lat' dir='ltr'><strong>vn,</strong></span> <span class='ocrx_word' id='word_1_677' title='bbox 2624 5813 2715 5871; x_wconf 68' lang='lat'><strong>29.</strong></span> <span class='ocrx_word' id='word_1_678' title='bbox 2796 5816 2837 5851; x_wconf 82' lang='grc'><strong>¹⁹</strong></span> <span class='ocrx_word' id='word_1_679' title='bbox 2868 5814 3003 5873; x_wconf 87' lang='lat' dir='ltr'><strong>Gen.</strong></span> <span class='ocrx_word' id='word_1_680' title='bbox 3036 5831 3076 5882; x_wconf 80' lang='grc' dir='ltr'><strong>ι,</strong></span> <span class='ocrx_word' id='word_1_681' title='bbox 3121 5813 3214 5886; x_wconf 73' lang='lat'><strong>28;</strong></span> <span class='ocrx_word' id='word_1_682' title='bbox 3251 5829 3326 5883; x_wconf 83' lang='lat' dir='ltr'><strong>Ix,</strong></span> <span class='ocrx_word' id='word_1_683' title='bbox 3362 5811 3413 5868; x_wconf 81' lang='lat' dir='ltr'><strong>l.</strong></span> 
     </span>
    </p>
   </div>
   <div class='ocr_carea' id='block_1_94' title="bbox 2170 3320 3767 3406">
    <p class='ocr_par' dir='ltr' id='par_1_94' title="bbox 2170 3320 3767 3406">
     <span class='ocr_line' id='line_1_94' title="bbox 2170 3320 3767 3406; baseline 0.013 -36"><span class='ocrx_word' id='word_1_684' title='bbox 2170 3320 2456 3388; x_wconf 83' lang='grc' dir='ltr'>καταγελῶ</span> <span class='ocrx_word' id='word_1_685' title='bbox 2503 3323 2593 3375; x_wconf 84' lang='grc' dir='ltr'>τοῦ</span> <span class='ocrx_word' id='word_1_686' title='bbox 2618 3324 2728 3377; x_wconf 84' lang='grc' dir='ltr'><strong>τῶν</strong></span> <span class='ocrx_word' id='word_1_687' title='bbox 2751 3327 3085 3396; x_wconf 85' lang='grc' dir='ltr'>νομοθεσιῶν</span> <span class='ocrx_word' id='word_1_688' title='bbox 3110 3331 3238 3395; x_wconf 79' lang='grc' dir='ltr'>τοὺς</span> <span class='ocrx_word' id='word_1_689' title='bbox 3268 3336 3496 3406; x_wconf 76' lang='grc' dir='ltr'>καιροὺς</span> <span class='ocrx_word' id='word_1_690' title='bbox 3539 3337 3617 3406; x_wconf 82' lang='grc' dir='ltr'>μὴ</span> <span class='ocrx_word' id='word_1_691' title='bbox 3647 3337 3767 3391; x_wconf 89' lang='grc' dir='ltr'>δια-</span> 
     </span>
    </p>
   </div>
   <div class='ocr_carea' id='block_1_95' title="bbox 2169 3412 3764 3498">
    <p class='ocr_par' dir='ltr' id='par_1_95' title="bbox 2169 3412 3764 3498">
     <span class='ocr_line' id='line_1_95' title="bbox 2169 3412 3764 3498; baseline 0.012 -36"><span class='ocrx_word' id='word_1_692' title='bbox 2169 3412 2466 3480; x_wconf 83' lang='grc' dir='ltr'>κρίνοντος.</span> <span class='ocrx_word' id='word_1_693' title='bbox 2513 3415 2775 3486; x_wconf 86' lang='grc' dir='ltr'>Πορνείας</span> <span class='ocrx_word' id='word_1_694' title='bbox 2817 3420 3140 3491; x_wconf 83' lang='grc' dir='ltr'>παραμυθία</span> <span class='ocrx_word' id='word_1_695' title='bbox 3188 3425 3217 3476; x_wconf 83' lang='grc' dir='ltr'><strong>ὁ</strong></span> <span class='ocrx_word' id='word_1_696' title='bbox 3245 3423 3495 3496; x_wconf 77' lang='grc' dir='ltr'>δεύτερος</span> <span class='ocrx_word' id='word_1_697' title='bbox 3547 3428 3764 3498; x_wconf 80' lang='grc' dir='ltr'>γάμος,</span> 
     </span>
    </p>
   </div>
   <div class='ocr_carea' id='block_1_96' title="bbox 2176 3505 3764 3590">
    <p class='ocr_par' dir='ltr' id='par_1_96' title="bbox 2176 3505 3764 3590">
     <span class='ocr_line' id='line_1_96' title="bbox 2176 3505 3764 3590; baseline 0.012 -34"><span class='ocrx_word' id='word_1_698' title='bbox 2176 3505 2298 3574; x_wconf 70' lang='grc' dir='ltr'>οὐχὶ</span> <span class='ocrx_word' id='word_1_699' title='bbox 2328 3505 2537 3573; x_wconf 80' lang='grc' dir='ltr'>ἐφόδιον</span> <span class='ocrx_word' id='word_1_700' title='bbox 2599 3509 2680 3571; x_wconf 82' lang='grc' dir='ltr'><strong>είς</strong></span> <span class='ocrx_word' id='word_1_701' title='bbox 2729 3511 3040 3579; x_wconf 83' lang='grc' dir='ltr'>ἀσέλγειαν.</span> <span class='ocrx_word' id='word_1_702' title='bbox 3081 3515 3143 3568; x_wconf 84' lang='grc' dir='ltr'><strong>Εἰ</strong></span> <span class='ocrx_word' id='word_1_703' title='bbox 3175 3517 3275 3569; x_wconf 81' lang='grc' dir='ltr'><strong>οὐκ</strong></span> <span class='ocrx_word' id='word_1_704' title='bbox 3310 3518 3764 3590; x_wconf 76' lang='grc' dir='ltr'>ἐγκρατεύονται,</span> 
     </span>
    </p>
   </div>
   <div class='ocr_carea' id='block_1_97' title="bbox 2169 3597 3762 3684">
    <p class='ocr_par' dir='ltr' id='par_1_97' title="bbox 2169 3597 3762 3684">
     <span class='ocr_line' id='line_1_97' title="bbox 2169 3597 3762 3684; baseline 0.013 -38"><span class='ocrx_word' id='word_1_705' title='bbox 2169 3597 2597 3666; x_wconf 82' lang='grc' dir='ltr'>γαμησάτωσαν,</span> <span class='ocrx_word' id='word_1_706' title='bbox 2647 3603 2834 3671; x_wconf 72' lang='grc' dir='ltr'>φησὶν,</span> <span class='ocrx_word' id='word_1_707' title='bbox 2890 3604 3012 3674; x_wconf 80' lang='grc' dir='ltr'>οὐχὶ</span> <span class='ocrx_word' id='word_1_708' title='bbox 3055 3605 3110 3659; x_wconf 81' lang='grc' dir='ltr'>δὲ</span> <span class='ocrx_word' id='word_1_709' title='bbox 3165 3609 3473 3680; x_wconf 80' lang='grc' dir='ltr'>γαμοῦντες</span> <span class='ocrx_word' id='word_1_710' title='bbox 3518 3629 3762 3684; x_wconf 88' lang='grc' dir='ltr'>παρανο-</span> 
     </span>
    </p>
   </div>
   <div class='ocr_carea' id='block_1_98' title="bbox 2170 3685 3759 3769">
    <p class='ocr_par' dir='ltr' id='par_1_98' title="bbox 2170 3685 3759 3769">
     <span class='ocr_line' id='line_1_98' title="bbox 2170 3685 3759 3769; baseline 0.013 -31"><span class='ocrx_word' id='word_1_711' title='bbox 2170 3685 2464 3754; x_wconf 85' lang='grc' dir='ltr'>μείτωσαν.</span> <span class='ocrx_word' id='word_1_712' title='bbox 2495 3691 2558 3743; x_wconf 73' lang='grc' dir='ltr'><strong>Οἱ</strong></span> <span class='ocrx_word' id='word_1_713' title='bbox 2591 3691 2646 3744; x_wconf 85' lang='grc' dir='ltr'>δὲ</span> <span class='ocrx_word' id='word_1_714' title='bbox 2673 3693 2794 3746; x_wconf 81' lang='grc' dir='ltr'>οὐδὲ</span> <span class='ocrx_word' id='word_1_715' title='bbox 2817 3694 2953 3764; x_wconf 83' lang='grc' dir='ltr'>πρὸς</span> <span class='ocrx_word' id='word_1_716' title='bbox 2985 3696 3084 3767; x_wconf 82' lang='grc' dir='ltr'>τὴν</span> <span class='ocrx_word' id='word_1_717' title='bbox 3126 3698 3288 3767; x_wconf 80' lang='grc' dir='ltr'>φύσιν</span> <span class='ocrx_word' id='word_1_718' title='bbox 3333 3702 3759 3769; x_wconf 77' lang='grc' dir='ltr'>ἀποϐλέπουσιν,</span> 
     </span>
    </p>
   </div>
   <div class='ocr_carea' id='block_1_99' title="bbox 2167 3778 3764 3862">
    <p class='ocr_par' dir='ltr' id='par_1_99' title="bbox 2167 3778 3764 3862">
     <span class='ocr_line' id='line_1_99' title="bbox 2167 3778 3764 3862; baseline 0.012 -33"><span class='ocrx_word' id='word_1_719' title='bbox 2167 3778 2216 3830; x_wconf 77' lang='grc' dir='ltr'><strong>οἱ</strong></span> <span class='ocrx_word' id='word_1_720' title='bbox 2237 3778 2334 3849; x_wconf 83' lang='grc' dir='ltr'>τὴν</span> <span class='ocrx_word' id='word_1_721' title='bbox 2361 3780 2540 3854; x_wconf 77' lang='grc' dir='ltr'>ψυχὴν</span> <span class='ocrx_word' id='word_1_722' title='bbox 2567 3781 2850 3853; x_wconf 84' lang='grc' dir='ltr'>λημῶντες</span> <span class='ocrx_word' id='word_1_723' title='bbox 2881 3786 2959 3856; x_wconf 82' lang='grc' dir='ltr'>τῷ</span> <span class='ocrx_word' id='word_1_724' title='bbox 2987 3787 3149 3841; x_wconf 86' lang='grc' dir='ltr'>πάθει</span> <span class='ocrx_word' id='word_1_725' title='bbox 3180 3789 3280 3859; x_wconf 84' lang='grc' dir='ltr'>τῆς</span> <span class='ocrx_word' id='word_1_726' title='bbox 3309 3792 3536 3862; x_wconf 79' lang='grc' dir='ltr'>ἀτιμίας</span> <span class='ocrx_word' id='word_1_727' title='bbox 3560 3833 3574 3856; x_wconf 93' lang='grc'><strong>,</strong></span> <span class='ocrx_word' id='word_1_728' title='bbox 3595 3794 3764 3849; x_wconf 78' lang='grc' dir='ltr'>παλαι</span> 
     </span>
    </p>
   </div>
   <div class='ocr_carea' id='block_1_100' title="bbox 2148 3867 3764 3952">
    <p class='ocr_par' dir='ltr' id='par_1_100' title="bbox 2148 3867 3764 3952">
     <span class='ocr_line' id='line_1_100' title="bbox 2148 3867 3764 3952; baseline 0.011 -33"><span class='ocrx_word' id='word_1_729' title='bbox 2148 3867 2521 3940; x_wconf 76' lang='grc' dir='ltr'>διακρίνασαν</span> <span class='ocrx_word' id='word_1_730' title='bbox 2547 3875 2647 3939; x_wconf 80' lang='grc' dir='ltr'><strong>τὰς</strong></span> <span class='ocrx_word' id='word_1_731' title='bbox 2679 3876 2772 3928; x_wconf 79' lang='grc' dir='ltr'>τοῦ</span> <span class='ocrx_word' id='word_1_732' title='bbox 2805 3877 2994 3945; x_wconf 87' lang='grc' dir='ltr'>γένους</span> <span class='ocrx_word' id='word_1_733' title='bbox 3019 3883 3419 3952; x_wconf 85' lang='grc' dir='ltr'>προσηγορίας.</span> <span class='ocrx_word' id='word_1_734' title='bbox 3469 3885 3564 3938; x_wconf 84' lang='grc' dir='ltr'><strong>Ἐκ</strong></span> <span class='ocrx_word' id='word_1_735' title='bbox 3604 3885 3764 3948; x_wconf 82' lang='grc' dir='ltr'>ποίας</span> 
     </span>
    </p>
   </div>
   <div class='ocr_carea' id='block_1_101' title="bbox 2168 3965 3759 4048">
    <p class='ocr_par' dir='ltr' id='par_1_101' title="bbox 2168 3965 3759 4048">
     <span class='ocr_line' id='line_1_101' title="bbox 2168 3965 3759 4048; baseline 0.013 -35"><span class='ocrx_word' id='word_1_736' title='bbox 2168 3965 2488 4032; x_wconf 84' lang='grc' dir='ltr'>συγγενείας</span> <span class='ocrx_word' id='word_1_737' title='bbox 2555 3967 2683 4031; x_wconf 75' lang='grc' dir='ltr'>τοὺς</span> <span class='ocrx_word' id='word_1_738' title='bbox 2755 3972 3116 4043; x_wconf 84' lang='grc' dir='ltr'>γεννηθέντας</span> <span class='ocrx_word' id='word_1_739' title='bbox 3184 3979 3759 4048; x_wconf 75' lang='grc' dir='ltr'>προσαγορεύσουσινς</span> 
     </span>
    </p>
   </div>
   <div class='ocr_carea' id='block_1_102' title="bbox 2169 4055 3759 4142">
    <p class='ocr_par' dir='ltr' id='par_1_102' title="bbox 2169 4055 3759 4142">
     <span class='ocr_line' id='line_1_102' title="bbox 2169 4055 3759 4142; baseline 0.01 -33"><span class='ocrx_word' id='word_1_740' title='bbox 2169 4055 2434 4124; x_wconf 79' lang='grc' dir='ltr'>ἀδελφοὺς</span> <span class='ocrx_word' id='word_1_741' title='bbox 2472 4059 2670 4121; x_wconf 75' lang='grc' dir='ltr'>αὐτοὺς</span> <span class='ocrx_word' id='word_1_742' title='bbox 2697 4062 2944 4134; x_wconf 83' lang='grc' dir='ltr'>ἀλλήλων</span> <span class='ocrx_word' id='word_1_743' title='bbox 2965 4107 2979 4129; x_wconf 96' lang='grc'><strong>,</strong></span> <span class='ocrx_word' id='word_1_744' title='bbox 3012 4066 3044 4136; x_wconf 81' lang='grc' dir='ltr'>ἢ</span> <span class='ocrx_word' id='word_1_745' title='bbox 3080 4066 3336 4138; x_wconf 72' lang='grc' dir='ltr'>ἀνεψιοὺς</span> <span class='ocrx_word' id='word_1_746' title='bbox 3366 4069 3759 4142; x_wconf 85' lang='grc' dir='ltr'>προσεροῦσιν;</span> 
     </span>
    </p>
   </div>
   <div class='ocr_carea' id='block_1_103' title="bbox 2166 4148 3764 4231">
    <p class='ocr_par' dir='ltr' id='par_1_103' title="bbox 2166 4148 3764 4231">
     <span class='ocr_line' id='line_1_103' title="bbox 2166 4148 3764 4231; baseline 0.009 -32"><span class='ocrx_word' id='word_1_747' title='bbox 2166 4148 2454 4218; x_wconf 77' lang='grc' dir='ltr'>ἀμφότερα</span> <span class='ocrx_word' id='word_1_748' title='bbox 2506 4150 2615 4220; x_wconf 71' lang='grc' dir='ltr'><strong>γὰρ</strong></span> <span class='ocrx_word' id='word_1_749' title='bbox 2668 4153 2854 4217; x_wconf 79' lang='grc' dir='ltr'>αὐτοῖς</span> <span class='ocrx_word' id='word_1_750' title='bbox 2908 4161 3285 4228; x_wconf 72' lang='grc' dir='ltr'>προσαρμόσει</span> <span class='ocrx_word' id='word_1_751' title='bbox 3341 4160 3429 4213; x_wconf 89' lang='grc' dir='ltr'><strong>διά</strong></span> <span class='ocrx_word' id='word_1_752' title='bbox 3481 4162 3579 4231; x_wconf 81' lang='grc' dir='ltr'><strong>τὴν</strong></span> <span class='ocrx_word' id='word_1_753' title='bbox 3628 4162 3764 4230; x_wconf 80' lang='grc' dir='ltr'>σύγ-</span> 
     </span>
    </p>
   </div>
   <div class='ocr_carea' id='block_1_104' title="bbox 2167 4241 3762 4324">
    <p class='ocr_par' dir='ltr' id='par_1_104' title="bbox 2167 4241 3762 4324">
     <span class='ocr_line' id='line_1_104' title="bbox 2167 4241 3762 4324; baseline 0.01 -33"><span class='ocrx_word' id='word_1_754' title='bbox 2167 4257 2344 4309; x_wconf 80' lang='grc' dir='ltr'>χυσιν.</span> <span class='ocrx_word' id='word_1_755' title='bbox 2378 4242 2469 4312; x_wconf 80' lang='grc' dir='ltr'><strong>Μὴ</strong></span> <span class='ocrx_word' id='word_1_756' title='bbox 2503 4245 2763 4315; x_wconf 78' lang='grc' dir='ltr'>ποιήσῃς,</span> <span class='ocrx_word' id='word_1_757' title='bbox 2797 4241 2842 4300; x_wconf 78' lang='grc' dir='ltr'><strong>ὦ</strong></span> <span class='ocrx_word' id='word_1_758' title='bbox 2872 4247 3128 4320; x_wconf 78' lang='grc' dir='ltr'>ἄνθρωπε</span> <span class='ocrx_word' id='word_1_759' title='bbox 3155 4291 3171 4316; x_wconf 87' lang='grc'><strong>,</strong></span> <span class='ocrx_word' id='word_1_760' title='bbox 3197 4253 3293 4322; x_wconf 77' lang='grc' dir='ltr'>τὴν</span> <span class='ocrx_word' id='word_1_761' title='bbox 3321 4251 3475 4306; x_wconf 86' lang='grc' dir='ltr'>θείαν</span> <span class='ocrx_word' id='word_1_762' title='bbox 3509 4255 3762 4324; x_wconf 83' lang='grc' dir='ltr'>μητρυὰν</span> 
     </span>
    </p>
   </div>
   <div class='ocr_carea' id='block_1_105' title="bbox 2165 4333 3762 4417">
    <p class='ocr_par' dir='ltr' id='par_1_105' title="bbox 2165 4333 3762 4417">
     <span class='ocr_line' id='line_1_105' title="bbox 2165 4333 3762 4417; baseline 0.009 -31"><span class='ocrx_word' id='word_1_763' title='bbox 2165 4333 2276 4388; x_wconf 85' lang='grc' dir='ltr'><strong>τῶν</strong></span> <span class='ocrx_word' id='word_1_764' title='bbox 2311 4337 2542 4405; x_wconf 87' lang='grc' dir='ltr'>νηπίων,</span> <span class='ocrx_word' id='word_1_765' title='bbox 2581 4339 2721 4408; x_wconf 82' lang='grc' dir='ltr'>μήτε</span> <span class='ocrx_word' id='word_1_766' title='bbox 2749 4340 2806 4393; x_wconf 83' lang='grc' dir='ltr'>δὲ</span> <span class='ocrx_word' id='word_1_767' title='bbox 2844 4341 2943 4411; x_wconf 80' lang='grc' dir='ltr'>τὴν</span> <span class='ocrx_word' id='word_1_768' title='bbox 2975 4344 3182 4414; x_wconf 72' lang='grc' dir='ltr'>μητρὸς</span> <span class='ocrx_word' id='word_1_769' title='bbox 3210 4345 3360 4410; x_wconf 81' lang='grc' dir='ltr'>τάξει</span> <span class='ocrx_word' id='word_1_770' title='bbox 3398 4347 3762 4417; x_wconf 78' lang='grc' dir='ltr'>περιθάλπειν</span> 
     </span>
    </p>
   </div>
   <div class='ocr_carea' id='block_1_106' title="bbox 2167 4424 3760 4510">
    <p class='ocr_par' dir='ltr' id='par_1_106' title="bbox 2167 4424 3760 4510">
     <span class='ocr_line' id='line_1_106' title="bbox 2167 4424 3760 4510; baseline 0.009 -33"><span class='ocrx_word' id='word_1_771' title='bbox 2167 4424 2511 4495; x_wconf 81' lang='grc' dir='ltr'>ὀφείλουσαν,</span> <span class='ocrx_word' id='word_1_772' title='bbox 2542 4430 2747 4502; x_wconf 79' lang='grc' dir='ltr'>ταύτην</span> <span class='ocrx_word' id='word_1_773' title='bbox 2774 4433 3074 4506; x_wconf 76' lang='grc' dir='ltr'>ὲφοπλίσῃς</span> <span class='ocrx_word' id='word_1_774' title='bbox 3098 4439 3219 4499; x_wconf 81' lang='grc' dir='ltr'>ταῖς</span> <span class='ocrx_word' id='word_1_775' title='bbox 3243 4437 3580 4507; x_wconf 85' lang='grc' dir='ltr'>ἁμειλίκτοις</span> <span class='ocrx_word' id='word_1_776' title='bbox 3601 4439 3760 4510; x_wconf 80' lang='grc' dir='ltr'>ζηλο-</span> 
     </span>
    </p>
   </div>
   <div class='ocr_carea' id='block_1_107' title="bbox 2166 4521 3763 4604">
    <p class='ocr_par' dir='ltr' id='par_1_107' title="bbox 2166 4521 3763 4604">
     <span class='ocr_line' id='line_1_107' title="bbox 2166 4521 3763 4604; baseline 0.01 -32"><span class='ocrx_word' id='word_1_777' title='bbox 2166 4521 2406 4585; x_wconf 83' lang='grc' dir='ltr'>τυπίαις.</span> <span class='ocrx_word' id='word_1_778' title='bbox 2463 4523 2640 4577; x_wconf 83' lang='grc' dir='ltr'>Μόνον</span> <span class='ocrx_word' id='word_1_779' title='bbox 2678 4527 2784 4598; x_wconf 80' lang='grc' dir='ltr'>γὰρ</span> <span class='ocrx_word' id='word_1_780' title='bbox 2839 4527 2900 4580; x_wconf 83' lang='grc' dir='ltr'><strong>τὸ</strong></span> <span class='ocrx_word' id='word_1_781' title='bbox 2962 4531 3116 4598; x_wconf 86' lang='grc' dir='ltr'>μῖσος</span> <span class='ocrx_word' id='word_1_782' title='bbox 3171 4530 3281 4584; x_wconf 80' lang='grc' dir='ltr'><strong>τῶν</strong></span> <span class='ocrx_word' id='word_1_783' title='bbox 3330 4533 3610 4604; x_wconf 84' lang='grc' dir='ltr'>μητρυῶν,</span> <span class='ocrx_word' id='word_1_784' title='bbox 3667 4535 3763 4589; x_wconf 75' lang='grc' dir='ltr'>καὶ</span> 
     </span>
    </p>
   </div>
   <div class='ocr_carea' id='block_1_108' title="bbox 2171 4612 3760 4694">
    <p class='ocr_par' dir='ltr' id='par_1_108' title="bbox 2171 4612 3760 4694">
     <span class='ocr_line' id='line_1_108' title="bbox 2171 4612 3760 4694; baseline 0.009 -31"><span class='ocrx_word' id='word_1_785' title='bbox 2171 4612 2308 4681; x_wconf 85' lang='grc' dir='ltr'><strong>μετά</strong></span> <span class='ocrx_word' id='word_1_786' title='bbox 2343 4613 2572 4667; x_wconf 83' lang='grc' dir='ltr'>θάνατον</span> <span class='ocrx_word' id='word_1_787' title='bbox 2605 4615 2818 4670; x_wconf 81' lang='grc' dir='ltr'>ἐλαύνει</span> <span class='ocrx_word' id='word_1_788' title='bbox 2847 4617 2946 4688; x_wconf 82' lang='grc' dir='ltr'>τὴν</span> <span class='ocrx_word' id='word_1_789' title='bbox 2975 4618 3200 4689; x_wconf 78' lang='grc' dir='ltr'>ἔχθραν,</span> <span class='ocrx_word' id='word_1_790' title='bbox 3246 4622 3448 4690; x_wconf 79' lang='grc' dir='ltr'>μᾶλλον</span> <span class='ocrx_word' id='word_1_791' title='bbox 3474 4622 3530 4674; x_wconf 87' lang='grc' dir='ltr'>δὲ</span> <span class='ocrx_word' id='word_1_792' title='bbox 3565 4623 3616 4676; x_wconf 81' lang='grc' dir='ltr'><strong>οἱ</strong></span> <span class='ocrx_word' id='word_1_793' title='bbox 3661 4625 3760 4694; x_wconf 82' lang='grc' dir='ltr'><strong>μὲν</strong></span> 
     </span>
    </p>
   </div>
   <div class='ocr_carea' id='block_1_109' title="bbox 2165 4702 3761 4778">
    <p class='ocr_par' dir='ltr' id='par_1_109' title="bbox 2165 4702 3761 4778">
     <span class='ocr_line' id='line_1_109' title="bbox 2165 4702 3761 4778; baseline 0.006 -22"><span class='ocrx_word' id='word_1_794' title='bbox 2165 4702 2342 4767; x_wconf 81' lang='grc' dir='ltr'>ἄλλως</span> <span class='ocrx_word' id='word_1_795' title='bbox 2391 4706 2661 4775; x_wconf 87' lang='grc' dir='ltr'>πολέμιοι,</span> <span class='ocrx_word' id='word_1_796' title='bbox 2713 4708 2825 4770; x_wconf 88' lang='grc' dir='ltr'>τοῖς</span> <span class='ocrx_word' id='word_1_797' title='bbox 2861 4707 3150 4778; x_wconf 77' lang='grc' dir='ltr'>τεθνηκόσι</span> <span class='ocrx_word' id='word_1_798' title='bbox 3187 4711 3544 4764; x_wconf 81' lang='grc' dir='ltr'>σπένδονται·</span> <span class='ocrx_word' id='word_1_799' title='bbox 3600 4714 3657 4766; x_wconf 77' lang='grc' dir='ltr'>αἱ</span> <span class='ocrx_word' id='word_1_800' title='bbox 3702 4713 3761 4766; x_wconf 73' lang='grc' dir='ltr'>δὲ</span> 
     </span>
    </p>
   </div>
   <div class='ocr_carea' id='block_1_110' title="bbox 2169 4797 3759 4874">
    <p class='ocr_par' dir='ltr' id='par_1_110' title="bbox 2169 4797 3759 4874">
     <span class='ocr_line' id='line_1_110' title="bbox 2169 4797 3759 4874; baseline 0.007 -27"><span class='ocrx_word' id='word_1_801' title='bbox 2169 4797 2429 4866; x_wconf 80' lang='grc' dir='ltr'>μητρυιαὶ</span> <span class='ocrx_word' id='word_1_802' title='bbox 2459 4797 2552 4850; x_wconf 84' lang='grc' dir='ltr'>τοῦ</span> <span class='ocrx_word' id='word_1_803' title='bbox 2601 4797 2792 4867; x_wconf 81' lang='grc' dir='ltr'>μίσους</span> <span class='ocrx_word' id='word_1_804' title='bbox 2812 4801 2951 4868; x_wconf 85' lang='grc' dir='ltr'><strong>μετά</strong></span> <span class='ocrx_word' id='word_1_805' title='bbox 2988 4800 3221 4854; x_wconf 87' lang='grc' dir='ltr'>Θάνατον</span> <span class='ocrx_word' id='word_1_806' title='bbox 3253 4802 3535 4872; x_wconf 81' lang='grc' dir='ltr'>ἄρχονται.</span> <span class='ocrx_word' id='word_1_807' title='bbox 3571 4805 3759 4874; x_wconf 81' lang='grc' dir='ltr'><strong>Κεφά-</strong></span> 
     </span>
    </p>
   </div>
   <div class='ocr_carea' id='block_1_111' title="bbox 2164 4886 3760 4965">
    <p class='ocr_par' dir='ltr' id='par_1_111' title="bbox 2164 4886 3760 4965">
     <span class='ocr_line' id='line_1_111' title="bbox 2164 4886 3760 4965; baseline 0.008 -27"><span class='ocrx_word' id='word_1_808' title='bbox 2164 4886 2314 4940; x_wconf 90' lang='grc' dir='ltr'>λαιον</span> <span class='ocrx_word' id='word_1_809' title='bbox 2345 4888 2402 4940; x_wconf 82' lang='grc' dir='ltr'><strong>δὲ</strong></span> <span class='ocrx_word' id='word_1_810' title='bbox 2432 4889 2548 4942; x_wconf 84' lang='grc' dir='ltr'><strong>τῶν</strong></span> <span class='ocrx_word' id='word_1_811' title='bbox 2577 4890 2907 4960; x_wconf 82' lang='grc' dir='ltr'>εἰρημένων,</span> <span class='ocrx_word' id='word_1_812' title='bbox 2949 4893 2999 4944; x_wconf 81' lang='grc' dir='ltr'><strong>εί</strong></span> <span class='ocrx_word' id='word_1_813' title='bbox 3022 4893 3121 4962; x_wconf 81' lang='grc' dir='ltr'><strong>μὲν</strong></span> <span class='ocrx_word' id='word_1_814' title='bbox 3150 4892 3301 4963; x_wconf 85' lang='grc' dir='ltr'>νόμῳ</span> <span class='ocrx_word' id='word_1_815' title='bbox 3339 4895 3579 4965; x_wconf 79' lang='grc' dir='ltr'>ὁρμᾶται</span> <span class='ocrx_word' id='word_1_816' title='bbox 3623 4895 3760 4965; x_wconf 78' lang='grc' dir='ltr'>πρὸς</span> 
     </span>
    </p>
   </div>
   <div class='ocr_carea' id='block_1_112' title="bbox 2163 4978 3760 5055">
    <p class='ocr_par' dir='ltr' id='par_1_112' title="bbox 2163 4978 3760 5055">
     <span class='ocr_line' id='line_1_112' title="bbox 2163 4978 3760 5055; baseline 0.006 -25"><span class='ocrx_word' id='word_1_817' title='bbox 2163 4978 2258 5032; x_wconf 83' lang='grc' dir='ltr'><strong>τὸν</strong></span> <span class='ocrx_word' id='word_1_818' title='bbox 2283 4979 2482 5050; x_wconf 85' lang='grc' dir='ltr'>γάμον,</span> <span class='ocrx_word' id='word_1_819' title='bbox 2514 4980 2764 5050; x_wconf 74' lang='grc' dir='ltr'>ἤνοικται</span> <span class='ocrx_word' id='word_1_820' title='bbox 2792 4982 2942 5034; x_wconf 80' lang='grc' dir='ltr'>πᾶσα</span> <span class='ocrx_word' id='word_1_821' title='bbox 2980 4983 3014 5053; x_wconf 80' lang='grc' dir='ltr'>ἡ</span> <span class='ocrx_word' id='word_1_822' title='bbox 3046 4985 3361 5055; x_wconf 84' lang='grc' dir='ltr'>οἰκουμένη.</span> <span class='ocrx_word' id='word_1_823' title='bbox 3397 4987 3460 5038; x_wconf 81' lang='lat' dir='ltr'><strong>Et</strong></span> <span class='ocrx_word' id='word_1_824' title='bbox 3489 4986 3546 5039; x_wconf 83' lang='grc' dir='ltr'><strong>δὲ</strong></span> <span class='ocrx_word' id='word_1_825' title='bbox 3581 4987 3760 5055; x_wconf 78' lang='grc' dir='ltr'>ἐμπα-</span> 
     </span>
    </p>
   </div>
   <div class='ocr_carea' id='block_1_113' title="bbox 2172 5070 3759 5144">
    <p class='ocr_par' dir='ltr' id='par_1_113' title="bbox 2172 5070 3759 5144">
     <span class='ocr_line' id='line_1_113' title="bbox 2172 5070 3759 5144; baseline 0.004 -21"><span class='ocrx_word' id='word_1_826' title='bbox 2172 5070 2306 5141; x_wconf 78' lang='grc' dir='ltr'>σθὴς</span> <span class='ocrx_word' id='word_1_827' title='bbox 2335 5072 2483 5142; x_wconf 85' lang='grc' dir='ltr'>αὐτῷ</span> <span class='ocrx_word' id='word_1_828' title='bbox 2513 5076 2544 5142; x_wconf 87' lang='grc' dir='ltr'><strong>ή</strong></span> <span class='ocrx_word' id='word_1_829' title='bbox 2585 5073 2788 5144; x_wconf 85' lang='grc' dir='ltr'>σπουδὴ</span> <span class='ocrx_word' id='word_1_830' title='bbox 2810 5074 2946 5137; x_wconf 86' lang='grc' dir='ltr'>,’διά</span> <span class='ocrx_word' id='word_1_831' title='bbox 2980 5075 3138 5130; x_wconf 80' lang='grc' dir='ltr'>τοῦτο</span> <span class='ocrx_word' id='word_1_832' title='bbox 3171 5078 3267 5130; x_wconf 78' lang='grc' dir='ltr'>καὶ</span> <span class='ocrx_word' id='word_1_833' title='bbox 3312 5078 3474 5132; x_wconf 84' lang='grc' dir='ltr'>πλέον</span> <span class='ocrx_word' id='word_1_834' title='bbox 3503 5079 3759 5133; x_wconf 85' lang='grc' dir='ltr'>ἀποκλει-</span> 
     </span>
    </p>
   </div>
   <div class='ocr_carea' id='block_1_114' title="bbox 2172 5161 3761 5236">
    <p class='ocr_par' dir='ltr' id='par_1_114' title="bbox 2172 5161 3761 5236">
     <span class='ocr_line' id='line_1_114' title="bbox 2172 5161 3761 5236; baseline 0.007 -23"><span class='ocrx_word' id='word_1_835' title='bbox 2172 5161 2356 5233; x_wconf 86' lang='grc' dir='ltr'>σθήτω</span> <span class='ocrx_word' id='word_1_836' title='bbox 2377 5180 2392 5196; x_wconf 74' lang='grc' dir='ltr'><strong>ο</strong></span> <span class='ocrx_word' id='word_1_837' title='bbox 2451 5163 2584 5220; x_wconf 81' lang='grc' dir='ltr'><strong>Ἵνα</strong></span> <span class='ocrx_word' id='word_1_838' title='bbox 2617 5166 2775 5233; x_wconf 79' lang='grc' dir='ltr'>μάθῃ</span> <span class='ocrx_word' id='word_1_839' title='bbox 2800 5165 2869 5218; x_wconf 88' lang='grc' dir='ltr'>τὸ</span> <span class='ocrx_word' id='word_1_840' title='bbox 2906 5167 3129 5222; x_wconf 83' lang='grc' dir='ltr'>ἑαυτοῦ</span> <span class='ocrx_word' id='word_1_841' title='bbox 3159 5169 3382 5236; x_wconf 79' lang='grc' dir='ltr'>σκεῦος</span> <span class='ocrx_word' id='word_1_842' title='bbox 3407 5171 3660 5226; x_wconf 80' lang='grc' dir='ltr'>κτᾶσθαι</span> <span class='ocrx_word' id='word_1_843' title='bbox 3693 5171 3761 5224; x_wconf 84' lang='grc' dir='ltr'><strong>ἐν</strong></span> 
     </span>
    </p>
   </div>
   <div class='ocr_carea' id='block_1_115' title="bbox 2171 5255 3760 5335">
    <p class='ocr_par' dir='ltr' id='par_1_115' title="bbox 2171 5255 3760 5335">
     <span class='ocr_line' id='line_1_115' title="bbox 2171 5255 3760 5335; baseline 0.004 -25"><span class='ocrx_word' id='word_1_844' title='bbox 2171 5255 2472 5326; x_wconf 78' lang='grc' dir='ltr'>ἁγιασμῷ,</span> <span class='ocrx_word' id='word_1_845' title='bbox 2525 5257 2611 5326; x_wconf 81' lang='grc' dir='ltr'>μὴ</span> <span class='ocrx_word' id='word_1_846' title='bbox 2675 5259 2745 5311; x_wconf 84' lang='grc' dir='ltr'><strong>ἐν</strong></span> <span class='ocrx_word' id='word_1_847' title='bbox 2788 5257 2964 5312; x_wconf 79' lang='grc' dir='ltr'>πάθει</span> <span class='ocrx_word' id='word_1_848' title='bbox 3013 5260 3355 5332; x_wconf 70' lang='grc' dir='ltr'>ἐπιθυμίας.</span> <span class='ocrx_word' id='word_1_849' title='bbox 3417 5264 3648 5318; x_wconf 79' lang='grc' dir='ltr'>Πλείονά</span> <span class='ocrx_word' id='word_1_850' title='bbox 3693 5281 3760 5335; x_wconf 85' lang='grc' dir='ltr'><strong>με</strong></span> 
     </span>
    </p>
   </div>
   <div class='ocr_carea' id='block_1_116' title="bbox 2172 5346 3762 5424">
    <p class='ocr_par' dir='ltr' id='par_1_116' title="bbox 2172 5346 3762 5424">
     <span class='ocr_line' id='line_1_116' title="bbox 2172 5346 3762 5424; baseline 0.003 -24"><span class='ocrx_word' id='word_1_851' title='bbox 2172 5346 2353 5415; x_wconf 82' lang='grc' dir='ltr'>λέγειν</span> <span class='ocrx_word' id='word_1_852' title='bbox 2383 5347 2738 5420; x_wconf 83' lang='grc' dir='ltr'>ὡρμημένον,</span> <span class='ocrx_word' id='word_1_853' title='bbox 2770 5351 2830 5402; x_wconf 87' lang='grc' dir='ltr'><strong>τὸ</strong></span> <span class='ocrx_word' id='word_1_854' title='bbox 2863 5351 3064 5423; x_wconf 89' lang='grc' dir='ltr'>μέτρον</span> <span class='ocrx_word' id='word_1_855' title='bbox 3095 5355 3283 5424; x_wconf 77' lang='grc' dir='ltr'>ἐπέχει</span> <span class='ocrx_word' id='word_1_856' title='bbox 3317 5353 3418 5424; x_wconf 84' lang='grc' dir='ltr'>τῆς</span> <span class='ocrx_word' id='word_1_857' title='bbox 3445 5355 3762 5424; x_wconf 72' lang='grc' dir='ltr'>ἐπιστολῆς.</span> 
     </span>
    </p>
   </div>
   <div class='ocr_carea' id='block_1_117' title="bbox 2170 5438 3770 5518">
    <p class='ocr_par' dir='ltr' id='par_1_117' title="bbox 2170 5438 3770 5518">
     <span class='ocr_line' id='line_1_117' title="bbox 2170 5438 3770 5518; baseline 0.003 -26"><span class='ocrx_word' id='word_1_858' title='bbox 2170 5438 2415 5510; x_wconf 81' lang='grc' dir='ltr'>Εὕχομαι</span> <span class='ocrx_word' id='word_1_859' title='bbox 2449 5441 2541 5506; x_wconf 80' lang='grc' dir='ltr'><strong>δὲ,</strong></span> <span class='ocrx_word' id='word_1_860' title='bbox 2601 5441 2766 5512; x_wconf 84' lang='grc' dir='ltr'>ἢτὴν</span> <span class='ocrx_word' id='word_1_861' title='bbox 2815 5443 3142 5513; x_wconf 87' lang='grc' dir='ltr'>παραίνεσιν</span> <span class='ocrx_word' id='word_1_862' title='bbox 3200 5445 3357 5514; x_wconf 78' lang='grc' dir='ltr'>ἡμῶν</span> <span class='ocrx_word' id='word_1_863' title='bbox 3405 5445 3770 5518; x_wconf 74' lang='grc' dir='ltr'>ἰσχυροτέραν</span> 
     </span>
    </p>
   </div>
   <div class='ocr_carea' id='block_1_118' title="bbox 2169 5529 3754 5608">
    <p class='ocr_par' dir='ltr' id='par_1_118' title="bbox 2169 5529 3754 5608">
     <span class='ocr_line' id='line_1_118' title="bbox 2169 5529 3754 5608; baseline 0.004 -26"><span class='ocrx_word' id='word_1_864' title='bbox 2169 5529 2263 5582; x_wconf 80' lang='grc' dir='ltr'>τοῦ</span> <span class='ocrx_word' id='word_1_865' title='bbox 2315 5531 2524 5594; x_wconf 80' lang='grc' dir='ltr'>πάθους</span> <span class='ocrx_word' id='word_1_866' title='bbox 2596 5533 3028 5605; x_wconf 78' lang='grc' dir='ltr'>ἀποδειχθῆναιο</span> <span class='ocrx_word' id='word_1_867' title='bbox 3072 5535 3106 5605; x_wconf 85' lang='grc' dir='ltr'>ἢ</span> <span class='ocrx_word' id='word_1_868' title='bbox 3168 5537 3242 5607; x_wconf 85' lang='grc' dir='ltr'>μὴ</span> <span class='ocrx_word' id='word_1_869' title='bbox 3296 5535 3638 5608; x_wconf 80' lang='grc' dir='ltr'>ἐπιδημῆσαι</span> <span class='ocrx_word' id='word_1_870' title='bbox 3687 5537 3754 5608; x_wconf 77' lang='grc' dir='ltr'>τῇ</span> 
     </span>
    </p>
   </div>
   <div class='ocr_carea' id='block_1_119' title="bbox 2168 5621 3758 5699">
    <p class='ocr_par' dir='ltr' id='par_1_119' title="bbox 2168 5621 3758 5699">
     <span class='ocr_line' id='line_1_119' title="bbox 2168 5621 3758 5699; baseline 0.003 -25"><span class='ocrx_word' id='word_1_871' title='bbox 2168 5623 2416 5696; x_wconf 73' lang='grc' dir='ltr'>ἡμετέρα</span> <span class='ocrx_word' id='word_1_872' title='bbox 2443 5624 2504 5676; x_wconf 82' lang='grc' dir='ltr'><strong>τὸ</strong></span> <span class='ocrx_word' id='word_1_873' title='bbox 2527 5623 2658 5693; x_wconf 87' lang='grc' dir='ltr'>ἄγος</span> <span class='ocrx_word' id='word_1_874' title='bbox 2676 5624 2854 5697; x_wconf 78' lang='grc' dir='ltr'>τοῦτο,</span> <span class='ocrx_word' id='word_1_875' title='bbox 2875 5627 2990 5680; x_wconf 83' lang='grc' dir='ltr'>ἀλλ’</span> <span class='ocrx_word' id='word_1_876' title='bbox 3011 5628 3070 5682; x_wconf 81' lang='grc' dir='ltr'><strong>ἐν</strong></span> <span class='ocrx_word' id='word_1_877' title='bbox 3088 5621 3168 5692; x_wconf 76' lang='grc' dir='ltr'>οἷς</span> <span class='ocrx_word' id='word_1_878' title='bbox 3191 5627 3258 5682; x_wconf 87' lang='grc' dir='ltr'><strong>ἂν</strong></span> <span class='ocrx_word' id='word_1_879' title='bbox 3282 5627 3554 5699; x_wconf 75' lang='grc' dir='ltr'>ἐτολμήθη</span> <span class='ocrx_word' id='word_1_880' title='bbox 3575 5627 3758 5688; x_wconf 85' lang='grc' dir='ltr'>τόποις</span> 
     </span>
    </p>
   </div>
   <div class='ocr_carea' id='block_1_120' title="bbox 2168 5716 2542 5785">
    <p class='ocr_par' dir='ltr' id='par_1_120' title="bbox 2168 5716 2542 5785">
     <span class='ocr_line' id='line_1_120' title="bbox 2168 5716 2542 5785; baseline 0.005 -19"><span class='ocrx_word' id='word_1_881' title='bbox 2168 5716 2542 5785; x_wconf 80' lang='grc' dir='ltr'>ὲναπομεῖναι.</span> 
     </span>
    </p>
   </div>
   <div class='ocr_carea' id='block_1_121' title="bbox 3491 5811 3816 5867">
    <p class='ocr_par' dir='ltr' id='par_1_121' title="bbox 3491 5811 3816 5867">
     <span class='ocr_line' id='line_1_121' title="bbox 3491 5811 3816 5867; baseline -0.006 -2"><span class='ocrx_word' id='word_1_882' title='bbox 3491 5812 3538 5845; x_wconf 74' lang='grc'><strong>⁸⁸</strong></span> <span class='ocrx_word' id='word_1_883' title='bbox 3571 5811 3751 5867; x_wconf 86' lang='lat' dir='ltr'><strong>lCor.</strong></span> <span class='ocrx_word' id='word_1_884' title='bbox 3811 5852 3816 5857; x_wconf 86' lang='lat'><strong>.</strong></span> 
     </span>
    </p>
   </div>
  </div>
