4122 6448
444 414 542 480 461

1256 412 1657 475 SYNTAGMA
1695 406 2082 470 CANONUM-
2127 430 2195 440 —
2232 405 2377 464 TIT.
2422 405 2468 477 Ι,
2513 404 2669 463 (ἋΡ.
2711 404 2825 462 III.

3603 401 3708 466 462

448 532 559 586 Τοῦ
587 528 775 584 αὐτοῦ
804 528 875 582 ἐκ
914 527 1019 583 τοῦ
1067 527 1148 592 κζ’
1204 527 1534 594 κεφαλαίου
1567 524 1686 579 τῶν
1736 522 1871 591 περὶ
1914 520 2019 594 τοῦ

2131 517 2383 588 Ejusdem
2411 533 2474 594 ea;
2500 517 2669 594 capite
2694 515 2774 594 27Δ
2801 530 2980 594 eor-um
3020 529 3135 594 quin
3179 514 3241 566 de
3285 512 3489 594 _Spi_ritu
3531 528 3713 570 sancto

512 601 685 669 ἁγίου
733 599 1081 666 Πνεύματος
1100 598 1249 665 πρὸς
1275 593 1388 651 τὸν
1414 596 1711 665 μακάριον
1745 593 2021 663 Ἀμφιλό-

512 687 652 738 χιον
688 668 1134 739 γεγραμμένων.

512 762 633 815 Τῶν
657 764 714 816 ἐν
742 765 809 833 τῇ
866 758 1161 831 Ἐκκλησία
1207 759 1645 828 πεφυλαγμένων
1702 755 2018 824 δογμάτων,

444 856 514 907 τά
548 853 645 923 μὲν
679 854 743 906 ἐκ
792 853 891 922 τῆς
943 851 1224 922 ἐγγράφου
1284 850 1637 913 διδασκαλίας
1692 848 1927 918 ἔχομεν⁹
1956 845 2025 897 τὰ.

442 944 499 998 δὲ
527 945 590 996 ἐκ
618 942 726 995 τῶν
748 940 1065 995 ἀποστόλων
1098 940 1449 1011 παραδόσεως
1486 938 1798 994 διαδοθέντα
1826 940 1883 990 ἐν
1917 952 2021 1005 μυ-

445 1033 649 1105 στηρίῳ
699 1032 1115 1103 παρεδεξάμεθα
1138 1049 1151 1062 ·
1184 1032 1328 1102 ἆπερ
1363 1032 1653 1103 ἀμφότερα
1691 1031 1791 1101 τὴν
1849 1031 2023 1103 αὐτὴν

448 1126 601 1196 ίσχὺν
638 1125 749 1194 ἔχει
785 1124 921 1195 πρὸς
970 1124 1068 1195 τὴν
1110 1124 1415 1178 εὐσέϐειαν.
1449 1124 1559 1177 Καὶ
1600 1124 1813 1186 τούτοις
1845 1125 2022 1188 οὐδεὶς

443 1219 678 1288 ἀντερεῖ,
703 1219 759 1279 ὃς
786 1218 870 1281 τίς
922 1233 1008 1285 γε,
1046 1216 1150 1270 κᾶν
1214 1218 1357 1271 κατά
1409 1219 1600 1288 μικρὸν
1633 1218 1763 1285 γοῦν
1805 1216 2022 1287 θεσμῶν

442 1308 915 1378 ἐκκλησιαπικῶν
956 1309 1308 1380 πεπείραται.
1341 1311 1405 1363 El
1434 1311 1542 1380 γὰρ
1564 1311 2022 1382 ἐπιχειρήσαιμεν

444 1401 513 1454 τὰ
558 1400 785 1471 ἄγραφα
818 1401 928 1453 τῶν
962 1400 1125 1466 ἐθῶν,
1158 1400 1235 1465 ὡς
1292 1402 1365 1471 μὴ
1404 1402 1648 1473 μεγάλην
1697 1402 1890 1473 ἔχοντα
1922 1402 2021 1474 τὴν

444 1492 671 1562 δύναμιν
726 1490 1161 1563 παραιτεῖσθαι,
1216 1491 1477 1563 λάθοιμεν
1511 1493 1576 1546 ἂν
1623 1494 1701 1556 είς
1758 1494 1895 1547 αὐτά
1950 1493 2020 1546 τά

446 1584 635 1655 καίρια
705 1581 1029 1655 ζημιοῦντες
1069 1584 1130 1637 τὸ
1185 1585 1516 1653 Εὑαγγέλιον
1547 1627 1563 1653 ,
1616 1586 1814 1656 μᾶλλον
1843 1585 1901 1639 δέ
1941 1589 2022 1649 είς

444 1677 614 1747 ὄνομα
670 1677 828 1746 ψιλὸν
870 1677 1262 1748 περιϊστῶντες
1298 1677 1361 1731 τὸ
1415 1681 1677 1750 κήρυγμα
1708 1694 1721 1708 ·
1752 1676 1886 1745 οἷον,
1926 1679 2015 1732 ἵνα

443 1769 537 1822 τοῦ
592 1768 813 1839 πρώτου
873 1769 969 1823 καὶ
1026 1769 1339 1823 κοινοτάτου
1390 1770 1611 1842 πρῶτον
1660 1770 1906 1843 μνησθῶ,
1940 1770 2019 1841 τῷ

441 1859 598 1930 τύπῳ
621 1860 715 1912 τοῦ
742 1859 978 1931 σταυροῦ
995 1860 1121 1924 τοὺς
1141 1863 1220 1924 είς
1248 1861 1309 1915 τὸ
1334 1862 1504 1931 ὄνομα
1525 1862 1616 1915 τοῦ
1640 1862 1844 1932 Κυρίου
1865 1862 2022 1933 ἡμῶν
2053 1870 2095 1925 Β

453 1952 630 2022 Ἰησοῦ
678 1952 919 2023 Χριστοῦ
973 1952 1275 2022 ὴλπικότας
1302 1954 1833 2024 κατασημαίνεσθαι,
1863 1952 1949 2018 τίς
1995 1955 2024 2006 ὁ

438 2042 532 2096 διὰ
545 2044 872 2114 γράμματος
899 2045 1114 2110 διδάξας
1136 2065 1150 2113 ;
1171 2046 1245 2099 Τὸ
1264 2046 1403 2119 πρὸς
1429 2047 1694 2112 ἀνατολὰς
1719 2049 2020 2119 τετράφθαι

444 2134 587 2189 κατὰ
618 2135 717 2207 τὴν
762 2136 1071 2208 προσευχὴν
1093 2181 1109 2203 ,
1142 2141 1293 2191 ποῖον
1326 2140 1475 2209 ἡμᾶς
1505 2139 1714 2204 ἐδίδαξε
1749 2141 2018 2211 γράμμα;

443 2224 528 2279 Τά
572 2225 669 2295 τῆς
711 2226 1051 2297 ἐπικλήσεως
1090 2228 1309 2299 ῥήματα
1340 2228 1436 2282 ἐπὶ
1483 2231 1551 2298 τῇ
1612 2228 1881 2295 ἀναδείξει
1927 2229 2023 2283 τοῦ

444 2314 609 2387 ἄρτου
636 2316 738 2386 τῆς
782 2318 1131 2390 εὐχαριστίας
1181 2319 1400 2373 καὶτοῦ
1443 2320 1708 2392 ποτηρίου
1736 2322 1833 2391 τῆς
1870 2322 2024 2374 εὐλο-

444 2407 587 2476 γίας,
617 2406 702 2470 τίς
728 2408 837 2459 τῶν
862 2408 1032 2475 ἁγίων
1064 2409 1355 2479 ἐγγράφως
1403 2412 1537 2482 ἡμῖν
1587 2411 1975 2466 καταλέλοιπεν
2005 2430 2020 2478 ;

449 2498 523 2551 Οὐ
557 2498 666 2571 γὰρ
701 2498 766 2570 δὴ
799 2500 1008 2564 τούτοις
1044 2498 1390 2571 ἀρκούμεθα,
1422 2497 1499 2557 ὧν
1545 2506 1573 2557 ὁ
1630 2505 1955 2568 Ἀπόστολος
1985 2504 2019 2577 ἢ

450 2588 510 2640 τὸ
542 2589 869 2657 Εύαγγέλιον
900 2592 1237 2663 ἐπεμνήσθη,
1269 2594 1404 2647 ἀλλά
1434 2595 1528 2648 καὶ
1555 2596 1893 2668 προλέγομεν
1928 2599 2024 2650 καὶ

451 2681 767 2753 ὲπιλέγομεν
808 2682 991 2754 ἕτερα,
1020 2683 1096 2747 ὡς
1115 2685 1358 2756 μεγάλην
1409 2685 1600 2756 ἔχοντα
1647 2690 1786 2758 πρὸς
1827 2690 1888 2743 τὸ
1919 2708 2021 2761 μυ-

452 2775 670 2843 στήριον
729 2774 827 2845 τὴν
868 2775 1042 2844 ἰσχὺν,
1091 2776 1158 2829 ἐκ
1201 2777 1301 2847 τῆς
1359 2778 1608 2848 ἀγράφου
1665 2780 2017 2844 διδασκαλίας

448 2867 875 2936 παραλαϐόντες.
905 2867 1249 2939 Εύλογοῦμεν
1279 2869 1337 2922 δὲ
1365 2868 1427 2923 τὸ
1476 2869 1622 2942 ὕδωρ
1665 2872 1757 2923 τοῦ
1796 2870 2023 2939 βαπτίσ-

451 2977 641 3030 ματος,
665 2962 759 3013 καὶ
792 2961 854 3014 τὸ
897 2960 1076 3014 ἔλαιον
1112 2962 1212 3031 τῆς
1238 2962 1494 3033 χρίσεως,
1527 2964 1621 3016 καὶ
1664 2964 1892 3032 προσέτι
1924 2965 2022 3017 αὐ-

448 3051 538 3104 τὸν
576 3052 668 3104 τὸν
700 3051 1094 3123 βαπτιζόμενον
1122 3069 1141 3085 ο
1192 3054 1301 3107 ἀπὸ
1347 3054 1518 3109 ποίων
1560 3057 1890 3126 ἐγγράφων;
1923 3058 2023 3111 οὐκ

449 3143 558 3197 ἀπὸ
578 3144 677 3213 τῆς
711 3147 1077 3215 σιωπωμένης
1109 3146 1204 3198 καὶ
1255 3148 1525 3215 μυστικῆς
1558 3148 1908 3218 παραδόσεως
1932 3165 1947 3215 ;
1969 3149 2023 3203 τί

448 3233 505 3287 δέ
528 3251 542 3299 ;
566 3236 737 3305 αὐτὴν
762 3236 856 3289 τοῦ
891 3235 1071 3289 ἐλαίου
1103 3236 1203 3307 τὴν
1255 3238 1435 3308 χρίσιν
1469 3239 1555 3301 τίς
1591 3238 1747 3307 λόγος
1776 3257 2027 3311 γεγραμ-
2053 3224 2096 3281 C

455 3324 613 3393 μένος
638 3325 843 3390 ἐδίδαξε
865 3343 879 3391 ;
913 3325 972 3378 τὸ
997 3326 1053 3380 δέ
1074 3328 1197 3395 τρὶς
1221 3326 1584 3396 βαπτίζεσῢαι
1610 3328 1701 3381 τὸν
1737 3328 2027 3399 ἄνθρωπον

450 3415 615 3470 πόθεν
645 3432 659 3480 ;
691 3416 825 3470 ἄλλα
858 3417 916 3470 δέ
944 3418 1044 3471 ὅσα
1064 3418 1193 3488 περὶ
1215 3418 1275 3470 τὸ
1296 3418 1597 3489 βάπτισμα,
1621 3421 2029 3475 ἁποτάσσεσθαι

450 3502 527 3580 τῷ
564 3510 783 3582 Σατανᾷ
820 3511 913 3563 καὶ
964 3513 1076 3574 τοῖς
1119 3510 1373 3579 ἀγγέλοις
1405 3512 1594 3579 αὐτοῦ,
1618 3515 1683 3565 ἐκ
1717 3512 1879 3577 ποίας
1912 3515 2030 3568 ἐστὶ

449 3605 701 3677 γραφῆς;
736 3606 835 3659 οὐκ
874 3607 938 3659 ἐκ
964 3605 1064 3676 τῆς
1080 3606 1477 3678 ἀδημοσιεύτου
1506 3609 1711 3682 ταύτης
1737 3611 1832 3664 καὶ
1858 3611 2030 3685 ἀπορο

452 3697 617 3767 ρήτου
674 3694 1023 3760 διδασκαλίας
1049 3738 1062 3761 ,
1120 3697 1189 3768 ἦν
1233 3697 1290 3750 ὲν
1334 3699 1886 3774 ἀπολυπραγμονήτῳ
1932 3705 2029 3759 καὶ

451 3786 874 3857 ἀπεριεργάστῳ
905 3790 1030 3859 σιγῇ
1060 3789 1109 3841 οἱ
1144 3790 1379 3861 πατέρες
1400 3794 1556 3862 ήμῶν
1581 3794 1895 3863 ἐφύλαξανς
1928 3815 2026 3851 κα·-

450 3876 554 3940 λῶς
583 3878 760 3931 ἐκεῖνο
807 3878 1202 3949 δεδιδαγμένοι,
1235 3883 1346 3935 τῶν
1392 3886 1708 3956 μυστηρίων
1747 3889 1816 3941 τὰ
1851 3892 2025 3959 σεμνὰ

452 3971 629 4039 σιωπῇ
674 3967 1035 4034 διασώζεσθαι
1069 3987 1081 4002 ⁸
1119 3972 1156 4026 ἃ
1196 3974 1306 4044 γὰρ
1347 3976 1467 4029 οὐδέ
1496 3978 1819 4033 ἐποπτεύειν
1846 3981 2022 4049 ἔξεστι

2404 588 2474 640 ad
2502 588 2711 640 beatum
2742 585 3163 653 Amphilochium
3190 585 3429 652 scripsit.

2197 740 2276 794 Ex
2316 738 2618 795 asservatis
2665 738 2720 792 in
2755 736 2994 793 Ecclesm
3029 738 3381 808 dogmatibus
3411 750 3471 795 et
3511 741 3715 812 praedi-

2125 827 2454 888 cationibus.
2492 825 2599 880 al-ia
2629 826 2848 896 quidem
2894 826 3163 881 habemus
3210 842 3241 882 e
3288 828 3545 884 doctrina
3574 830 3714 885 scri-

2124 929 2217 990 pto
2263 920 2510 988 prodita;
2568 918 2673 971 alia
2731 932 2862 972 vero
2917 918 3074 972 nobis
3105 918 3156 971 in
3197 920 3457 990 mysterio
3510 922 3715 976 tradita

2125 1006 2439 1075 recepimus
2496 1020 2563 1060 ex
2615 1005 2912 1059 traditione
2983 1007 3399 1076 apostolorum:
3476 1025 3715 1079 quorum

2125 1106 2357 1166 utraque
2397 1098 2505 1152 vim
2546 1096 2793 1151 eamdem
2840 1096 3044 1152 habent
3075 1098 3139 1152 ad
3176 1099 3430 1167 pietatem
3462 1118 3476 1163 ;
3514 1116 3615 1156 nec
3647 1100 3714 1157 iis

2131 1184 2426 1254 quisquam
2456 1183 2837 1240 eontradicet:
2882 1185 3067 1240 nullus
3109 1194 3278 1249 certe,
3311 1187 3404 1255 qui
3441 1189 3522 1243 vel
3566 1191 3718 1245 tenui

2126 1271 2467 1342 experientia
2517 1272 2732 1326 noverit
2792 1286 2913 1341 quas
2964 1272 3076 1327 sint
3125 1271 3382 1328 Ecclesiae
3437 1276 3711 1331 instituta.

2126 1361 2261 1418 Nam
2322 1362 2367 1419 si
2420 1364 2851 1419 consuetudines
2890 1380 3011 1433 quae
3064 1365 3269 1434 seript’o
3322 1368 3553 1436 proditae
3601 1384 3716 1422 non

2124 1462 2275 1515 sunt,
2306 1463 2565 1522 tanquam
2594 1455 2737 1509 haud
2769 1456 3002 1509 multum
3038 1456 3301 1512 habentes
3334 1459 3596 1514 momenti
3623 1475 3715 1529 ag-

2124 1547 2441 1616 grediamur
2492 1547 2740 1617 rejicere,
2804 1548 3180 1617 imprudentes
3230 1548 3584 1618 Evangelium
3653 1552 3709 1605 in

2121 1636 2258 1705 ipsis
2295 1636 2462 1691 rebus
2494 1637 2786 1707 praecipuis
2835 1637 3113 1703 laudemus,
3163 1640 3271 1693 imo
3304 1642 3487 1710 petius
3526 1642 3713 1710 praedi.

2121 1728 2393 1782 cationcm
2443 1729 2509 1783 ad
2563 1731 2772 1785 nudum
2817 1746 3015 1786 nomen
3076 1733 3491 1789 contrahemus.
3542 1730 3709 1790 Verbi

2124 1817 2323 1886 gratia,
2354 1824 2415 1870 ut
2450 1818 2570 1887 ejus
2613 1818 2759 1887 quod
2795 1819 3029 1888 primum
3077 1830 3158 1875 est
3184 1830 3239 1876 ct
3270 1822 3711 1891 vulgatissimum

2132 1906 2310 1975 primo
2357 1907 2479 1962 loco
2525 1922 2986 1965 commemorem:
3032 1923 3088 1965 ut
3120 1912 3276 1980 signo
3307 1914 3487 1969 crucis
3518 1929 3583 1968 co
3617 1917 3712 1983 qui

2132 2011 2283 2066 spem
2333 1999 2606 2053 collocant
2656 2001 2710 2054 in
2744 2001 2970 2057 Christo
3006 2003 3307 2075 signemus,
3352 2007 3477 2075 quis
3507 2008 3711 2076 scripto

2131 2086 2352 2140 docuit?
2399 2085 2469 2142 Ut
2502 2088 2569 2143 ad
2610 2091 2874 2146 orientem
2913 2092 3056 2146 versi
3114 2108 3420 2161 precemur,
3457 2110 3580 2164 qua).
3610 2110 3709 2149 nos

2130 2176 2315 2231 docuit
2343 2176 2625 2247 Scriptura
2648 2179 2671 2233 ί
2693 2178 3060 2237 Invocationis
3084 2183 3250 2238 verba
3275 2199 3398 2239 cum
3421 2185 3712 2241 coniicitur

2130 2269 2288 2339 panis
2338 2268 2703 2327 Eucharistize
2734 2282 2787 2328 et
2833 2276 3091 2344 poculum
3126 2276 3543 2344 benedictionis,
3582 2277 3710 2348 quis

2131 2368 2444 2414 sanctorum
2472 2360 2524 2414 in
2573 2364 2783 2431 scripto
2824 2364 2979 2420 nobis
3006 2365 3262 2435 reliquit?
3290 2365 3402 2423 Nec
3443 2369 3589 2423 enim
3623 2368 3710 2423 his

2130 2452 2371 2504 contenti
2423 2466 2638 2520 sumus,
2685 2470 2807 2525 quae
2848 2466 3243 2512 commemorat
3272 2459 3563 2529 Apostolus
3616 2468 3712 2514 aut

2130 2538 2510 2611 Evangelium,
2542 2558 2729 2597 verum
2756 2546 2860 2600 alia
2900 2562 3120 2618 quoque
3153 2559 3206 2602 et
3234 2558 3363 2604 ante
3402 2558 3455 2604 ct
3483 2560 3605 2619 post
3626 2550 3711 2605 di-

2131 2633 2327 2697 cimus,
2358 2643 2614 2705 tanquam
2655 2638 2887 2692 multum
2914 2639 3165 2694 habentia
3198 2641 3458 2695 momenti
3497 2642 3565 2696 ad
3590 2658 3711 2713 my-

2134 2725 2381 2790 sterium,
2430 2742 2552 2797 quae
2579 2742 2646 2781 ex
2686 2729 2980 2784 traditione
3010 2746 3116 2784 non
3147 2732 3345 2802 scripta
3377 2734 3708 2803 accepimus.

2133 2811 2511 2893 Benedic-imus
2537 2824 2716 2869 autem
2749 2824 2803 2870 et
2829 2832 3026 2886 aquam
3058 2818 3417 2886 baptismatis,
3448 2829 3503 2873 et
3529 2820 3711 2874 oleum

2133 2901 2428 2966 unctionis,
2478 2900 2589 2955 imo
2635 2902 2813 2971 ipsum
2861 2908 3025 2958 etiam
3057 2904 3149 2974 qui
3201 2906 3532 2973 baptismum
3564 2908 3713 2963 acci-

2132 2986 2230 3055 pit.
2263 2986 2342 3041 Ex
2372 2989 2572 3058 quibus
2631 2990 2885 3061 scriptis?
2916 2991 3105 3047 Nonne
3130 3008 3160 3046 a
3199 2994 3362 3048 tacita
3394 3006 3715 3065 secretaque

2138 3079 2244 3148 18
2286 3079 2621 3136 traditione?
2669 3081 2845 3151 Ipsam
2889 3099 3019 3138 vero
3047 3085 3152 3138 olei
3207 3089 3541 3152 unctionem,
3589 3088 3715 3157 quis

2133 3186 2315 3226 sermo
2364 3174 2568 3244 scripto
2617 3176 2868 3245 proditus
2901 3177 3127 3232 docuit?
3165 3177 3283 3232 iam
3328 3189 3413 3234 ter
3464 3180 3715 3249 immergi

2136 3263 2435 3331 hominem,
2466 3267 2612 3321 unde
2634 3268 2937 3325 haustum?
2968 3269 3197 3342 Reliqua
3226 3281 3407 3327 autem
3427 3288 3550 3341 qua:
3577 3272 3718 3327 ﬁunt

2134 3353 2190 3408 in
2222 3354 2519 3425 baptismo,
2557 3361 2722 3414 veluti
2788 3363 3108 3417 renuntiare
3155 3363 3370 3419 Satanze
3410 3374 3465 3419 et
3510 3367 3719 3433 angelis

2134 3444 2277 3513 ejus,
2307 3460 2372 3500 ex
2396 3462 2505 3517 qua
2536 3451 2806 3520 scriptura
2842 3452 3149 3508 habemus?
3175 3454 3371 3509 Nonne
3391 3471 3457 3509 ex
3490 3456 3719 3510 minime

2135 3536 2413 3602 publicata
2440 3549 2495 3591 et
2533 3555 2731 3595 arcana
2766 3543 2868 3597 hac
2901 3543 3175 3609 doctrina,
3200 3561 3363 3615 quam
3400 3556 3584 3615 patres
3615 3562 3717 3601 no-

2134 3626 2231 3680 stri
2262 3628 2481 3683 silentio
2508 3631 2694 3700 quieto
2728 3633 3062 3704 minimeque
3107 3637 3331 3692 curioso
3384 3639 3719 3692 servarunt?

2144 3715 2358 3788 Quippe
2402 3721 2533 3775 illud
2563 3725 2732 3793 probe
2773 3725 3098 3791 didicerant,
3134 3730 3522 3801 mysteriorum
3561 3746 3720 3784 reve-

2134 3811 2365 3865 rentiam
2422 3814 2641 3870 silentio
2682 3818 3022 3872 conservari.
3050 3818 3185 3874 Nam
3214 3836 3337 3890 qua:
3390 3836 3491 3875 nec
3520 3822 3721 3876 intueri

2136 3900 2218 3955 fas
2241 3913 2325 3958 est
2358 3920 2466 3959 non
2496 3907 2751 3975 initiatis,
2781 3911 2874 3980 qui
2898 3912 3259 3968 conveniebat
3282 3914 3477 3968 horum
3518 3914 3727 3971 doctris

2130 4008 2256 4047 nam
2288 3997 2512 4066 scriptis
2545 4001 2750 4071 vulgari
2774 4000 2797 4054 ?

450 4065 564 4127 τοῖς
598 4064 889 4136 ἀμυήτοις,
925 4065 1129 4120 τούτων
1157 4069 1274 4133 πῶς
1296 4070 1362 4123 ἂν
1390 4066 1459 4141 ἦν
1490 4073 1636 4137 εἰκὸς
1651 4075 1748 4145 τὴν
1772 4076 2122 4139 διδασκαλίαν
2149 4064 2506 4158 Θριαμϐεύειν
2530 4097 2586 4149 ἐν
2614 4064 2979 4167 γ-ράμμασικ

980 4159 1089 4213 Καὶ
1133 4160 1263 4230 μεθ’
1302 4161 1493 4230 ἕτερα.

522 4243 693 4314 Οὗτος
739 4252 769 4305 ό
797 4250 955 4320 λόγος
977 4253 1077 4323 τῆς
1124 4253 1231 4306 τῶν
1255 4253 1523 4325 ἀγράφων
1555 4260 1932 4331 παραδόσεως,
1951 4267 2027 4332 ὡς

456 4342 531 4415 μὴ
584 4344 1061 4415 καταμεληθεῖσαν
1101 4346 1212 4401 τῶν
1244 4347 1533 4419 δογμάτων
1566 4352 1668 4423 τὴν
1705 4355 1910 4423 γνῶσιν
1939 4361 2030 4412 εὑ-

2712 4187 2781 4241 Ει
2836 4198 2954 4258 post
3017 4191 3148 4245 alia.

2206 4272 2333 4331 Haec
2363 4283 2450 4331 est
2491 4275 2648 4341 ratio,
2682 4292 2783 4333 cur
2825 4280 3076 4349 quazdam
3129 4280 3267 4335 citra
3298 4283 3564 4352 scriptum
3603 4292 3718 4337 tra-

2134 4362 2247 4418 dita
2282 4364 2415 4429 sint,
2459 4380 2528 4420 ne
2572 4366 2887 4439 degmatum
2933 4370 3123 4424 noritia
3175 4372 3441 4442 neglecta,
3495 4384 3720 4444 propter

453 4435 864 4506 καταφρόνητον
886 4438 1002 4500 τοῖς
1030 4437 1245 4502 πολλοῖς
1288 4440 1544 4507 γενέσθαι
1580 4443 1670 4497 διὰ
1722 4447 2030 4518 συνήθειαν.

2139 4454 2548 4510 assuetudinem
2593 4435 2758 4528 vulgo
2792 4460 3002 4514 veniret
3040 4462 3092 4514 in
3128 4435 3522 4533 contemptum:
3555 4435 3719 4519 Aliud

456 4527 620 4580 Ἄλλο
669 4526 780 4597 γὰρ
821 4528 998 4599 δόγμα
1036 4529 1131 4584 καὶ
1174 4531 1304 4585 ἄλλο
1352 4534 1648 4606 κήρυγμα·
1679 4538 1750 4590 τὰ
1791 4540 1887 4609 μέν
1918 4543 2027 4612 γάρ

451 4618 700 4689 δόγματα
749 4622 1044 4686 σιωπᾶται,
1080 4621 1150 4675 τὰ
1182 4622 1239 4676 δὲ
1260 4624 1596 4695 κηρύγματα
1625 4628 2030 4700 δημοσιεύεται.

454 4710 672 4782 Σιωπῆς
711 4711 768 4765 δέ
799 4706 940 4775 εἶδος
979 4714 1074 4766 καὶ
1106 4716 1140 4785 ἡ
1169 4714 1433 4784 ἀσάφεια,
1530 4720 1727 4791 χρῆται
1750 4723 1784 4793 ή
1819 4724 2030 4797 Γρανξὴ,

452 4802 831 4874 δυσθεώρητον
880 4808 1374 4872 κατασκευάζουσα
1440 4810 1550 4863 τῶν
1605 4813 1897 4883 δογμάτων
1940 4820 2032 4870 τὸν

452 4892 599 4959 νοῦν,
628 4895 766 4966 πρὸς
798 4896 859 4949 τὸ
908 4896 1017 4950 τῶν
1042 4898 1514 4970 ξὲντυγχανόντων
1563 4903 1864 4969 λυσιτελές.
1896 4907 2033 4961 Τού-

452 5003 547 5039 του
593 4988 756 5059 χάριν
814 4988 1019 5053 πάντες
1052 4991 1149 5060 μὲν
1196 4991 1415 5063 ὁρῶμεν
1446 4994 1569 5047 κατ’
1615 4996 1881 5061 ἀνατολὰς
1938 5000 2033 5051 ἐπὶ

452 5080 561 5133 τῶν
608 5082 929 5152 προσευχῶν
965 5099 979 5114 ·
1017 5084 1190 5153 ὀλίγοι
1228 5085 1286 5140 δέ
1318 5084 1498 5157 ἴσμεν,
1528 5087 1611 5141 ὅτι
1650 5091 1748 5161 τὴν
1799 5093 2032 5163 ἀρχαίαν

451 5170 823 5242 ἐπιζητοῦμεν
862 5175 1098 5246 πατρίδα
1130 5175 1222 5232 τὸν
1256 5178 1610 5248 παράδεισον,
1641 5181 1701 5235 ὃν
1730 5183 2032 5252 ἐφύτευσεν

449 5264 479 5317 ό
502 5263 636 5327 Θεὸς
669 5267 729 5317 ἐν
773 5264 937 5335 Ἐδὲμ
959 5268 1101 5322 κατὰ
1124 5268 1413 5334 ἀνατολάς.
1440 5272 1550 5326 Καὶ
1580 5273 1733 5345 ὀρθοὶ
1768 5275 1869 5346 μὲν
1893 5276 2033 5346 πλη-

457 5354 658 5426 ροῦμεν
691 5358 789 5419 τὰς
834 5359 1000 5429 εὐχὰς
1027 5362 1085 5413 ἐν
1123 5364 1191 5433 τῇ
1225 5364 1323 5433 μιᾷ
1354 5363 1450 5417 τοῦ
1506 5366 1805 5432 σα66άτου,
1832 5370 1925 5423 τὸν
1975 5369 2032 5422 δὲ

454 5446 611 5515 λόγον
651 5449 712 5500 ού
745 5450 946 5512 πάντες
996 5451 1239 5523 οἴδαμεν.
1282 5455 1358 5507 Οὐ
1407 5455 1515 5527 γὰρ
1565 5457 1726 5528 μόνον
1769 5458 1845 5522 ὡς
1905 5478 2032 5514 συν-

452 5541 786 5607 αναστάντες
815 5544 1057 5615 Χριστῷ,
1074 5547 1168 5601 καὶ
1183 5546 1252 5602 τὰ
1271 5548 1384 5603 άνω
1410 5549 1596 5621 ζητεῖν
1626 5551 1953 5621 ὀφείλοντες,
1977 5558 2033 5610 ἐν

452 5632 521 5701 τῇ
576 5634 932 5705 ἁναστασίμῳ
962 5637 1147 5709 ἡμέρᾳ
1175 5639 1277 5708 τῆς
1313 5640 1607 5713 δεδομένης
1635 5644 1767 5713 ἡμῖν
1790 5648 2032 5717 χάριτος,

455 5722 543 5775 διὰ
557 5723 656 5792 τῆς
671 5725 809 5777 κατὰ
825 5727 921 5796 τὴν
935 5730 1246 5803 προσευχὴν
1283 5732 1547 5800 στάσεως,
1570 5736 1795 5801 ἑαυτοὺς
1832 5738 2034 5808 ύπομι·

527 5840 573 5871 ²¹
608 5840 745 5895 Gen.
779 5857 841 5907 tl,
877 5860 930 5899 ι.

2135 4546 2324 4616 utique
2365 4555 2450 4602 est
2479 4548 2697 4619 dogma,
2739 4550 2887 4605 aliud
2925 4553 3258 4617 praedicatio.
3291 4552 3426 4609 Nam
3461 4555 3720 4627 dogmata

2134 4637 2389 4705 silentur,
2420 4641 2845 4709 praedicationes
2880 4658 3014 4699 vero
3063 4645 3434 4714 publicantur.
3474 4646 3570 4703 Est
3622 4665 3721 4703 au-

2134 4736 2244 4784 tem
2296 4731 2500 4785 silentii
2552 4734 2769 4802 species
2814 4735 2980 4788 etiam
3026 4736 3340 4793 obscuritas
3385 4754 3494 4809 qua
3548 4741 3721 4795 utitur

2135 4817 2444 4891 Scriptura,
2519 4823 2793 4878 intellectu
2858 4824 3135 4881 dillicilcm
3194 4828 3432 4885 reddens
3495 4832 3722 4903 degrun-

2135 4920 2249 4966 tum
2300 4914 2654 4979 sententiam,
2711 4916 2876 4987 idque
2928 4917 2994 4971 ad
3053 4920 3349 4991 legentium
3404 4924 3717 4980 utilitatem.

2134 5001 2289 5057 lianc
2337 5004 2409 5060 ob
2462 5019 2689 5060 causam
2730 5022 2921 5062 onmes
2962 5018 3277 5078 spectamus
3311 5013 3377 5068 ad
3409 5015 3673 5069 orientem
3704 5056 3721 5078 ,

2133 5110 2257 5151 cum
2307 5112 2619 5167 precamur,
2685 5100 2843 5169 pauci
2902 5109 3083 5157 tamen
3135 5105 3409 5170 novimus,
3466 5110 3612 5177 quod
3666 5110 3721 5162 id

2134 5185 2401 5245 facientes
2443 5190 2728 5261 antiquam
2786 5193 3125 5263 requirimus
3166 5199 3422 5267 patriam,
3470 5201 3724 5256 videlicet

2134 5281 2473 5349 paradisum,
2500 5298 2660 5350 quem
2689 5285 2955 5354 plantavit
2983 5286 3129 5343 Deus
3156 5291 3209 5346 in
3240 5291 3387 5348 Eden
3429 5293 3493 5346 ad
3541 5294 3724 5349 orien-

2135 5382 2242 5427 tem
2293 5374 2357 5426 “.
2400 5376 2578 5429 Erecti
2629 5376 2813 5431 itidem
2856 5380 3175 5450 perﬁcimus
3224 5384 3634 5453 deprecationcs
3665 5386 3719 5438 in

2138 5481 2244 5520 una
2280 5464 2529 5534 Sabbali,
2582 5469 2675 5522 sed
2730 5471 2996 5526 rationem
3051 5490 3159 5529 non
3194 5490 3388 5533 omnes
3446 5477 3719 5531 novimus.

2136 5555 2256 5611 Non
2313 5557 2458 5611 enim
2515 5559 2691 5614 solum
2743 5563 2890 5631 quod
2925 5565 3088 5620 veluti
3130 5569 3294 5622 simul
3347 5581 3473 5623 cum
3503 5568 3725 5624 Christo

2138 5650 2473 5711 resuscitati,
2510 5667 2631 5721 qua:
2678 5668 2899 5710 sursum
2943 5668 3073 5711 sunt
3124 5675 3370 5728 quaerere
3399 5660 3721 5727 debeamus,

2141 5740 2195 5794 in
2256 5740 2345 5800 die
2404 5745 2826 5802 resurrectionis
2882 5747 3021 5804 datm
3071 5753 3226 5808 nobis
3285 5754 3475 5825 gratiae
3531 5759 3724 5808 sltlmin
