4122 6442
503 416 609 481 463

1651 416 1910 476 PHOTII
1945 417 2450 506 PATRI_.-\RCILE
2473 419 2581 478 ΟΡ.

3663 423 3765 484 464

505 536 789 596 precantes
820 526 1187 596 nosmetipsos
1215 524 1768 587 eommonel‘mimus,
1811 527 1902 581 sed
1938 527 2072 596 quod

2195 527 2535 596 μνήσκομεν,
2568 525 2679 578 ἀλλ’
2725 526 2806 578 ὅτι
2863 526 3009 580 δοκεῖ
3040 545 3154 591 πως
3183 529 3274 582 τοῦ
3312 531 3766 602 προσδοκωμένου

506 620 552 674 is
579 619 694 674 dies
754 619 1001 672 videnlur
1029 619 1209 688 aliquo
1235 619 1392 672 tuodo
1433 619 1608 685 imago
1637 617 1848 671 venturi
1878 620 2081 673 smeuli.

516 712 699 778 lioque
743 725 867 763 eum
894 711 975 764 .sit
1014 710 1342 778 principium
1376 710 1610 772 dierum,
1651 724 1759 761 non
1796 710 2006 776 primus
2054 726 2081 762 a

504 805 708 874 Moyse,
744 803 837 856 sed
865 816 1007 856 unus
1033 802 1335 870 appellatus
1367 809 1467 852 est.
1503 797 1673 851 Facta
1701 810 1774 852 est
1800 800 1959 866 enim,
2005 800 2086 852 in-

502 900 640 966 quit.
661 910 893 964 vespera,
923 905 969 947 et
991 895 1186 962 factum
1207 902 1283 945 est
1308 892 1412 961 19
1438 907 1607 953 mane,
1628 890 1737 943 dies
1772 908 1906 945 unus
1928 892 2044 922 '3'“
2067 908 2080 944 :

505 999 764 1058 tanquam
805 986 897 1058 qui
950 1000 1094 1054 saepe
1130 994 1399 1038 recurrat.
1443 982 1612 1052 Igitur
1638 1000 1777 1038 unus
1808 993 1891 1038 est
1940 984 2082 1038 idem

502 1089 558 1134 et
583 1088 830 1140 octavus,
868 1091 1034 1131 unum
1084 1076 1237 1128 illum
1291 1077 1622 1145 singularem
1657 1092 1720 1130 ac
1761 1092 1952 1130 verum
1997 1091 2084 1129 oc-

502 1157 708 1237 tavum,
754 1170 914 1239 cujus
946 1179 1000 1222 et;
1059 1169 1338 1237 psalmista
1391 1169 1442 1220 in
1476 1169 1799 1238 quibusdam
1845 1169 2083 1237 psalmo-

499 1280 620 1318 rum
654 1261 1107 1331 inscriptionibus
1143 1260 1393 1314 meminit
1424 1261 1497 1324 ",
1525 1276 1619 1329 per
1651 1275 1709 1314 se
1742 1259 2078 1328 signiﬁcans,

498 1363 695 1410 statum
777 1353 1033 1408 videlicet
1099 1352 1203 1407 hoc
1273 1363 1488 1421 tempus
1542 1362 1881 1412 secuturum,
1938 1352 2079 1406 diem

500 1463 611 1501 non
659 1445 989 1508 desiturum,
1031 1459 1272 1511 vesperae
1306 1444 1573 1509 nescium,
1627 1443 1964 1498 successoris
1987 1459 2083 1496 ex-

499 1544 729 1604 pertem,
775 1548 949 1587 :evum
1001 1532 1131 1585 illud
1177 1547 1454 1600 nunquam
1495 1531 1793 1584 ﬁniendum
1846 1547 1945 1584 nec
1981 1547 2082 1582 un-

498 1643 662 1697 quam
695 1641 1012 1682 senescens.
1063 1624 1388 1680 Necessario
1419 1624 1582 1694 igitur
1613 1624 1666 1677 in
1700 1624 1803 1678 hoc
1839 1623 1928 1676 die
1979 1620 2082 1676 Ec»

499 1719 662 1774 etesia
715 1734 846 1773 suos
902 1719 1155 1772 alumnos
1208 1717 1368 1770 docet
1416 1733 1608 1786 preces
1690 1732 1818 1770 suas
1885 1714 2081 1770 stando

500 1812 804 1874 absolvere,
857 1821 938 1877 ut,
980 1810 1202 1865 assidua
1259 1810 1686 1863 eommonitioue
1743 1811 1865 1863 vita:
1934 1809 2082 1863 illius

501 1921 778 1974 nunquam
812 1905 1088 1969 desituraz,
1134 1919 1240 1956 non
1273 1903 1612 1972 negligamus
1643 1904 1708 1956 ad
1750 1919 1868 1956 eam
1905 1903 2078 1955 demi-

498 1998 801 2068 grationcm
862 2011 1056 2067 parare
1106 1996 1388 2049 viaticum.
1431 1994 1572 2061 Quin
1624 2005 1676 2049 et
1733 2005 1904 2049 totum
1946 1995 2078 2049 illud

499 2089 895 2158 quinquaginta
949 2087 1158 2140 dierum
1201 2095 1416 2154 tempus
1448 2085 1754 2140 admonitio
1783 2095 1867 2140 est
1895 2100 2080 2140 resur-

497 2180 778 2243 rectionis,
837 2195 1000 2249 quam
1063 2179 1115 2233 in
1177 2179 1350 2233 altero
1419 2179 1620 2233 smculo
1673 2188 2076 2246 exspectamus.

495 2271 615 2326 Jam
663 2288 805 2327 unus
833 2271 923 2326 ille
955 2280 1011 2326 et
1050 2271 1262 2340 primus
1285 2270 1402 2324 dies
1433 2270 1635 2340 septies
1661 2271 2075 2338 multiplicatus,

497 2373 703 2434 septem
752 2379 923 2419 sacra:
1005 2371 1351 2433 pentecostes
1403 2362 1772 2417 hebdomadas
1822 2362 2075 2416 absolvit.

495 2458 541 2510 Δ
570 2457 746 2526 primo
780 2455 925 2510 enim
964 2454 1254 2524 incipiens,
1309 2453 1362 2506 in
1405 2454 1657 2508 eumdem
1717 2454 1939 2520 desinit,
1981 2469 2078 2524 per

495 2549 727 2610 similes,
769 2548 860 2617 qui
893 2548 944 2601 in
997 2545 1175 2600 medio
1225 2546 1592 2609 intercedunt,
1644 2545 1762 2600 dies
1801 2545 2074 2615 quinqua-

493 2643 609 2711 gies
655 2640 927 2694 evolutus.
987 2638 1142 2692 Unde
1201 2647 1256 2691 et
1309 2638 1667 2692 atternitatem
1722 2638 2078 2693 similitudine

491 2732 676 2797 refert,
705 2733 836 2786 dum
869 2731 1017 2784 velut
1051 2730 1104 2782 in
1140 2740 1286 2782 motu
1313 2729 1594 2794 circulari,
1645 2730 1716 2785 ab
1754 2731 1945 2784 iisdem
1980 2746 2074 2784 or-

492 2842 588 2880 sus
620 2826 791 2896 signis
835 2825 888 2877 in
925 2823 1115 2877 eadem
1167 2822 1386 2876 desiuit.
1435 2821 1555 2888 Quo
1589 2823 1643 2875 in
1685 2823 1795 2889 die,
1831 2824 2076 2894 corporis

490 2926 674 2972 erecto
739 2916 925 2971 habitu
975 2916 1184 2985 precari
1241 2915 1422 2984 potius
1477 2931 1577 2968 nos
1627 2915 1883 2970 Ecclesia:
1939 2917 2076 2970 ritus

490 3013 819 3074 docuerunt,
880 3008 1138 3061 nimirum
1191 3022 1289 3076 per
1332 3006 1638 3061 evidentem
1687 3008 2076 3061 commonitio-

489 3118 613 3155 nem
643 3101 799 3170 quasi
829 3098 1224 3154 transferentes
1251 3108 1488 3152 mentem
1514 3107 1755 3152 nostram
1778 3113 1808 3152 a
1840 3115 2076 3168 prazsen-

2189 619 2383 681 αἰῶνος
2407 617 2543 672 εἶναι
2569 618 2752 672 εἰκών.
2785 619 2874 672 Διὸ
2908 620 3002 672 καὶ
3036 622 3178 691 ἀρχὴ
3211 617 3346 675 οῦσα
3368 623 3612 692 ἡμερῶν,
3644 625 3767 693 οὐχὶ

2188 711 2377 782 πρώτη
2400 713 2548 783 παρὰ
2571 713 3010 776 δ’ίωῦσέως,ἀλλὰ
3034 714 3129 782 μία
3146 714 3484 785 ὠνόμασται.
3504 717 3556 767 Ἐ
3562 717 3767 785 γένετο

2188 804 2319 874 γὰρ,
2377 804 2563 875 φησὶν,
2620 805 2870 873 ἑσπέρα,
2923 807 3020 859 καὶ
3067 807 3303 875 ἐγένετο
3346 807 3514 874 πρωϊ,
3577 809 3766 877 ἡμέρα

2180 897 2312 963 μία,
2358 896 2434 958 ὡς
2473 897 2573 965 τῆς
2603 898 2770 967 αὐτῆς
2810 896 3290 967 ἀνακυκλουμένης
3334 899 3614 961 πολλάκις.
3657 901 3765 952 Καὶ

2189 991 2287 1058 μία
2315 989 2548 1060 τοίνυνή
2579 991 2714 1056 αὐτὴ
2741 994 2834 1043 καὶ
2863 991 3045 1060 ὀγδόη,
3066 990 3165 1060 τὴν
3193 991 3324 1059 μίαν
3353 990 3522 1053 ὅντως
3545 991 3765 1062 ἐκείνην

2186 1081 2279 1133 καὶ
2305 1081 2562 1151 ἀληθινὴν
2592 1083 2805 1152 ὀγδόην,
2835 1076 2900 1153 ἦς
2931 1083 3024 1136 καὶ
3041 1085 3068 1134 ὁ
3092 1082 3384 1152 ψαλμῳδδς
3405 1081 3462 1134 ἕν
3483 1100 3626 1135 τισιν
3639 1085 3763 1134 επι-

2184 1175 2424 1242 γραφαῖς
2463 1173 2570 1224 τῶν
2606 1173 2837 1242 ψαλμῶν
2870 1173 3189 1243 ἐπεμνήσθη
3223 1189 3236 1202 ·
3267 1174 3333 1226 δι’
3364 1175 3564 1243 ἑαυτῆς
3585 1175 3765 1243 ἐμφα-

2187 1263 2411 1327 νίζουσα
2432 1263 2531 1330 τὴν
2561 1265 2699 1334 μετὰ
2727 1264 2817 1318 τὸν
2842 1266 3032 1335 χρόνον
3059 1265 3247 1317 τοῦτον
3282 1263 3638 1326 κατάστασιν,
3664 1267 3763 1335 τὴν

2185 1353 2462 1407 ἄπαυστον
2495 1355 2726 1424 ἡμέραν,
2758 1355 2856 1424 τὴν
2881 1355 3203 1426 ἀνέσπερον,
3227 1354 3323 1425 τὴν
3345 1355 3646 1424 ἀδιάδοχον,
3672 1357 3763 1410 τὸν

2184 1445 2416 1514 ἄληκτον
2467 1447 2676 1498 ἐκεῖνον
2715 1448 2809 1498 καὶ
2853 1447 3050 1516 ἀγήρω
3086 1447 3295 1499 αἰῶνα·
3332 1447 3643 1513 ἀναγκαίως
3671 1441 3763 1499 οὖν

2183 1538 2282 1600 τὰς
2310 1539 2365 1588 ἐν
2399 1537 2537 1607 αὐτῇ
2585 1539 2893 1608 προσευχὰς
2941 1537 3180 1601 ἑστῶτας
3235 1537 3589 1608 ἀποπληροῦν
3636 1539 3762 1600 τοὺς

2185 1630 2382 1700 ἑαυτῆς
2443 1630 2746 1700 τροφίμους
2797 1633 2830 1700 ή
2877 1630 3176 1700 Ἐκκλησία
3237 1629 3504 1694 παιδεύει,
3551 1629 3638 1682 ἵνα
3690 1632 3758 1699 τῇ

2186 1723 2402 1790 συνεχεῖ
2424 1721 2724 1791 ὑπομνήσει.
2752 1722 2852 1791 τῆς
2883 1723 3240 1792 ἀτελευτήτου
3268 1721 3434 1790 ζωῆς,
3461 1721 3572 1774 τῶν
3624 1723 3758 1790 πρὸς

2183 1813 2279 1884 τὴν
2319 1814 2653 1884 μετάστασιν
2678 1814 2893 1884 ἐκείνην
2925 1815 3152 1882 ἐφοδίων
3196 1814 3269 1885 μὴ
3294 1813 3590 1884 ἁμελῶμεν
3618 1829 3631 1842 ⁵
3665 1814 3758 1866 καὶ

2185 1907 2330 1959 πᾶσα
2354 1906 2460 1978 δὲή
2491 1908 2832 1978 πεντηκοστὴ
2859 1908 2956 1976 τῆς
2983 1909 3037 1959 ἐν
3082 1907 3160 1977 τῷ
3188 1907 3343 1960 αἰῶνι
3369 1906 3758 1976 προσδοκωμέ-

2179 2017 2275 2070 νης
2319 2001 2687 2064 ἀναστάσεως,
2714 2000 2927 2070 ἀληθῶς
2965 2003 3112 2052 ἐστιν
3158 2000 3479 2070 ὑπόμνημα.
3542 2000 3605 2051 ΊΙ
3649 1997 3760 2067 γὰρ

2182 2091 2278 2161 μία
2306 2093 2490 2162 ἐκείνη
2530 2093 2624 2144 καὶ
2648 2091 2840 2162 πρώτη
2870 2093 3050 2162 ἡμέρα
3080 2093 3310 2154 ἑπτάκις
3381 2090 3758 2144 ὲπταπλασια-

2180 2183 2389 2247 σθεῖσα,
2426 2184 2524 2247 τὰς
2557 2184 2697 2237 ἑπτὰ
2727 2184 2826 2254 τῆς
2859 2185 3008 2253 ἱερᾶς
3039 2183 3413 2254 πεντηκοστῆς
3460 2182 3758 2252 ἑϐδομάδας

2179 2274 2452 2328 ἀποτελεῖ.
2494 2276 2588 2328 Ἐκ
2621 2276 2844 2346 πρώτης
2875 2276 2984 2347 γὰρ
3025 2275 3323 2346 ἀρχομένη,
3349 2276 3427 2338 είς
3452 2275 3550 2344 τὴν
3586 2274 3756 2344 αὐτὴν

2179 2368 2501 2438 καταλήγει,
2551 2367 2620 2421 δι’
2670 2367 2872 2438 ὁμοίων
2923 2367 3032 2420 τῶν
3096 2370 3153 2419 ἐν
3191 2366 3459 2436 τῷ,μὲσῳ
3488 2365 3755 2429 ἐξελιττο-

2181 2461 2317 2531 μένη
2363 2463 2826 2530 πεντηκοντάκις·
2883 2459 2962 2512 διὸ
3005 2461 3100 2512 καί¹
3156 2458 3327 2511 αίῶνα
3385 2460 3630 2528 μιμεῖται
3685 2459 3752 2527 τῇ

2175 2553 2475 2623 ὁμοιότητι,
2505 2553 2695 2622 ὥσπερ
2717 2555 2775 2606 ἐν
2801 2552 3031 2622 κυκλικῇ
3070 2550 3280 2620 κινήσει
3299 2551 3408 2603 ἀπὸ
3435 2550 3540 2601 τῶν
3575 2549 3756 2602 αὐτῶν

2175 2645 2452 2716 ἀρχομένη
2493 2645 2759 2715 σημείων,
2796 2646 2888 2698 καὶ
2929 2647 3010 2709 είς
3048 2644 3118 2697 τὰ
3171 2643 3310 2696 αὐτὰ
3344 2643 3753 2712 καταλήγουσα.

2190 2731 2340 2809 Ἐνῇ
2376 2736 2436 2789 τὸ
2486 2735 2668 2806 ὄρθιον
2724 2736 2909 2806 σχῆμα
2970 2736 3068 2805 τῆς
3129 2735 3437 2805 προσευχῆς
3483 2735 3753 2804 προτιμᾷν

2175 2830 2224 2882 οί
2246 2828 2438 2905 θεσμοὶ
2460 2829 2558 2899 τῆς
2604 2828 2932 2899 Ἑκκλησίας
2958 2829 3109 2898 ἡμᾶς
3128 2827 3539 2894 ὲξεπαίδευσαν,
3571 2829 3634 2878 ὲκ
3655 2827 3755 2896 τῆς

2175 2919 2438 2989 ἐναργοῦς
2470 2920 2828 2990 ὑπομνήσεως
2853 2920 3016 2972 οἱονεὶ
3049 2919 3450 2989 μετοικίζοντες
3481 2917 3636 2989 ήμῶν
3663 2917 3753 2969 τὶν

2175 3012 2302 3065 νοῦν
2334 3012 2441 3065 ἀπὸ
2456 3013 2564 3066 τῶν
2596 3014 2887 3084 παρόντων
2917 3015 3008 3064 ἐπὶ
3039 3012 3108 3066 τὰ
3145 3011 3412 3082 μέλλοντα
3445 3027 3457 3040 ⁸
3492 3012 3587 3063 καὶ
3629 3007 3752 3062 καθ’

2177 3103 2416 3173 ἑκάστην
2441 3103 2496 3155 δὲ
2541 3103 2891 3170 γονυκλισίαν
2923 3103 3016 3154 καὶ
3062 3100 3416 3154 διανάστασιν
3443 3098 3590 3172 ἔργῳ
3644 3098 3752 3150 δεί-

491 3197 636 3250 tibus
668 3195 732 3247 ad
763 3193 965 3246 futura.
999 3189 1229 3261 Insuper
1256 3199 1308 3243 et
1337 3190 1555 3258 quoties
1582 3205 1756 3260 genua
1779 3189 2068 3256 ﬂectimus,

2178 3209 2406 3260 κνυμεν,
2435 3193 2514 3244 ὅτι
2538 3194 2632 3246 καὶ
2655 3190 2739 3244 διὰ
2770 3191 2870 3261 τῆς
2905 3190 3178 3262 ἁμαρτίας
3202 3192 3280 3251 είς
3310 3191 3412 3261 γῆν
3448 3187 3752 3259 κατερρύη-

488 3298 542 3341 ct
586 3302 778 3340 rursus
826 3285 1106 3353 erigimur,
1159 3285 1278 3351 ipso
1329 3281 1474 3335 laeto
1513 3282 1872 3348 ostendimus,
1923 3283 2070 3353 quod

487 3381 559 3436 ob
599 3387 879 3447 peccatum
934 3377 986 3430 in
1042 3385 1242 3430 terram
1278 3375 1489 3443 delapsi
1520 3390 1730 3438 sumus,
1757 3387 1810 3428 et
1835 3390 1930 3444 per
1967 3375 2071 3429 hu-

490 3474 808 3526 manitatem
841 3470 959 3539 ejus
985 3469 1076 3537 qui
1113 3467 1318 3523 creavit
1367 3483 1467 3522 nos
1499 3467 1554 3520 in
1599 3467 1798 3521 caelum
1832 3467 2070 3521 revocati

486 3580 700 3618 sumus.
735 3562 958 3616 Deﬁciet
987 3575 1076 3615 me
1121 3561 1261 3624 dies,
1307 3559 1354 3613 si
1391 3557 1651 3613 Ecclesiae
1698 3560 1956 3628 mysteria
1993 3560 2072 3613 ei-

486 3665 570 3709 tra
631 3655 896 3723 set-iptum
957 3653 1149 3707 tradita
1209 3666 1433 3721 pergam
1493 3666 1799 3706 recensere.
1865 3651 2069 3706 Omitto

486 3755 722 3800 cmtera:
755 3745 927 3815 ipsam
959 3743 1081 3798 ﬁdei
1121 3742 1516 3813 professionem
1549 3744 1602 3798 in
1631 3743 1870 3809 Patrem,
1891 3753 1945 3798 et
1977 3744 2068 3798 Fi-

485 3840 712 3903 lium,et
744 3838 1008 3906 Spiritum
1042 3847 1315 3903 sanctum,
1349 3852 1381 3891 e
1418 3837 1618 3906 quibus
1648 3838 1910 3892 habemus
1939 3838 2071 3891 scri-

485 3931 633 3999 ptis?
680 3930 893 3985 Etenim
945 3931 989 3984 si
1038 3929 1296 3998 quoniam
1355 3945 1418 3982 ex
1473 3929 1728 3999 baptismi
1782 3930 2068 3984 traditione

481 4025 634 4093 juxta
680 4022 897 4092 pietatis
931 4021 1040 4091 20
1089 4023 1558 4088 consecutionem,
1613 4031 1672 4075 ut
1703 4021 2063 4091 baptizamur,

483 4117 558 4170 ita
596 4125 651 4169 et
680 4116 902 4170 credere
947 4115 1234 4180 debemus,
1273 4115 1508 4168 similem
1551 4114 1822 4184 baptismo
1860 4115 2068 4184 profes-

483 4208 696 4263 sionem
759 4201 1129 4261 exhibemuS-z
1182 4206 1485 4260 concedant
1540 4207 1706 4260 etiam
1764 4208 1944 4271 nobis,
2005 4217 2066 4260 ut

478 4301 631 4370 juxta
665 4299 912 4352 eamdem
957 4298 1406 4368 consequentiam
1449 4299 1900 4368 glorilicationem
1941 4300 2062 4354 ﬁdei

482 4391 822 4446 consimilem
867 4391 1266 4458 pet-solvamus.
1305 4389 1461 4456 Quod
1487 4391 1531 4445 si
1564 4391 1907 4460 gloriﬁcandi
1944 4409 2064 4445 mo-

480 4487 608 4539 dum
650 4483 815 4540 veluti
864 4483 1049 4553 scripti
1096 4499 1204 4536 non
1251 4481 1513 4536 traditum
1568 4481 1844 4550 rejieiunt,
1884 4481 2064 4551 profe-

2178 3301 2299 3354 μεν,
2337 3285 2430 3336 καὶ
2482 3284 2571 3336 διὰ
2601 3283 2699 3350 τῆς
2734 3284 3076 3353 ἁναμαρτίας
3108 3280 3200 3333 τοῦ
3259 3281 3541 3341 κτίσαντος
3581 3280 3747 3348 ἡμᾶς,

2173 3379 2253 3439 εἰς
2289 3375 2512 3446 οὐρανὸν
2553 3375 2954 3446 ἀνεκλήοημεν.
3003 3372 3301 3442 Ἐπιλείψει
3358 3389 3423 3440 με
3466 3371 3498 3440 ή
3543 3371 3748 3440 ἡμέρα,

2172 3465 2238 3520 τὰ
2269 3467 2490 3536 ἄγραφα
2518 3467 2614 3536 τῆς
2658 3466 2987 3535 Ἐκκλησίας
3025 3465 3303 3535 μυστήρια
3350 3461 3708 3530 διηγούμενον
3731 3476 3745 3489 ·

2171 3559 2245 3610 ἐῶ
2278 3559 2446 3612 τᾶλλα
2477 3574 2489 3585 ·
2527 3557 2695 3629 αὐτὴν
2717 3559 2772 3611 δὲ
2808 3558 2906 3627 τὴν
2936 3557 3228 3625 ὁμολογίαν
3251 3556 3350 3623 τῆς
3375 3555 3634 3616 πίστεως,
3662 3570 3751 3604 πι-

2171 3651 2384 3706 στεύειν
2422 3653 2501 3716 είς
2530 3653 2771 3722 Πατέρα,
2797 3651 2889 3705 καὶ
2921 3651 3068 3715 Υίὸν,
3093 3651 3184 3702 καὶ
3223 3649 3374 3717 ἅγιον
3407 3647 3651 3717 Πνεῦμα,
3686 3649 3750 3699 ὲκ

2178 3750 2345 3807 ποίων
2394 3746 2736 3815 γραμμάτων
2770 3744 2964 3814 ἔχομεν
2989 3759 3002 3806 ;
3029 3742 3090 3794 Ei
3130 3741 3229 3810 μὲν
3268 3741 3377 3811 γὰρ
3423 3741 3488 3792 ὲκ
3525 3740 3623 3808 τῆς
3653 3737 3749 3791 τοῦ

2173 3843 2546 3916 βαπτίσματος
2572 3837 2946 3908 παραδόσεως,
2972 3835 3112 3888 κατά
3132 3833 3190 3886 τὺ
3217 3833 3313 3900 τῆς
3332 3831 3752 3894 εὐσεϐείαςὰκό-

2169 3937 2377 3999 λουΟον,
2405 3935 2480 3997 ὡς
2514 3931 2907 4002 βαπτιζόμεοα,
2926 3928 3068 3981 οὕτω
3090 3927 3180 3979 καὶ
3217 3927 3492 3978 πιστεύειν
3511 3923 3749 3993 ὀφείλον-

2167 4045 2280 4093 τες,
2316 4026 2510 4096 ὁμοίαν
2552 4023 2628 4092 τῷ
2677 4021 3016 4091 βαπτίσματι
3050 4019 3147 4089 τὴν
3178 4018 3468 4087 ὁμολογίαν
3522 4033 3748 4069 κατατι-

2169 4117 2395 4188 Οὲμεθα,
2433 4116 2945 4184 συγχωρησάτωσαν
2972 4113 3104 4181 ἡμῖν
3149 4113 3212 4162 ὲκ
3254 4110 3352 4180 τῆς
3390 4109 3560 4176 αὐτῆς
3618 4111 3748 4162 ἁκο-

2167 4211 2403 4272 λουοίας,
2433 4208 2621 4278 ὁμοίαν
2658 4210 2724 4276 τῇ
2765 4203 2946 4257 πίστει
2982 4204 3080 4271 τήν
3127 4201 3283 4264 δόξαν
3327 4199 3655 4252 ἀποδιδόναι,
3685 4198 3747 4248 Et

2167 4303 2223 4356 δὲ
2252 4303 2342 4355 τὸν
2377 4300 2577 4369 τρόπον
2627 4298 2726 4367 τῆς
2785 4294 3096 4363 δνξολογίας
3146 4293 3220 4355 ὡς
3261 4292 3511 4362 ἄγραφον
3543 4307 3747 4361 παραι-

2167 4395 2406 4458 τοῦνται,
2440 4392 2678 4444 δότωσαν
2710 4391 2840 4459 ἡμῖν
2870 4389 2969 4454 τῆς
2992 4403 3052 4438 τε
3090 4385 3232 4438 κατὰ
3267 4385 3365 4453 τὴν
3397 4383 3580 4435 πίστιν
3612 4384 3744 4450 ὁμο-

2166 4485 2373 4556 λογίας,
2404 4484 2497 4536 καὶ
2523 4483 2629 4536 τῶν
2656 4483 2858 4534 λοιπῶν
2887 4473 2960 4533 ὧν
2987 4476 3519 4549 ἀπηριθμησάμεθα,
3549 4476 3750 4544 ἐγγρά-

478 4585 602 4628 rant
639 4575 796 4629 nobis
831 4583 885 4628 et
926 4572 1287 4643 professionis
1319 4573 1446 4626 lidei
1487 4583 1537 4626 et
1586 4583 1908 4627 ca'terorum
1941 4591 2064 4643 qua:

2177 4595 2302 4647 ρους
2328 4577 2426 4639 τὰς
2446 4575 2768 4640 ἀποδείξεις.
2809 4569 2940 4625 Εἶτα
2959 4571 3228 4624 τοσούτων
3265 4568 3434 4621 ὄντων
3458 4567 3743 4636 ἀγράφων,

478 4663 1028 4720 commemoravimus
1051 4662 1432 4731 probationem
1456 4679 1483 4716 e
1505 4663 1825 4729 Scripturis.
1850 4663 1928 4717 Ad
1949 4665 2063 4718 ham

477 4771 602 4810 cum
637 4765 742 4808 tant
775 4755 943 4807 multa
975 4755 1083 4807 sint
1111 4769 1230 4822 qua:
1266 4754 1471 4822 scripto
1521 4755 1732 4824 prodita
1769 4771 1876 4809 non
1910 4767 2059 4821 sunt,

476 4856 533 4900 et
573 4855 782 4900 tantum
827 4848 1028 4902 habent
1058 4847 1319 4901 momenti
1354 4847 1420 4902 ad
1473 4829 1691 4916 pietatis
1715 4851 2058 4918 mysterium,

478 4939 698 4992 unicam
728 4939 1121 4993 dictinneulam
1152 4955 1273 5008 quin
1322 4955 1350 4991 a
1389 4939 1687 5008 majoribus
1735 4941 1802 4993 ad
1835 4956 1936 4994 nos
1962 4943 2058 4995 de-

479 5031 645 5095 venit,
676 5047 779 5084 non
805 5033 1127 5096 concedent,
1157 5046 1321 5099 quam
1357 5046 1458 5084 nos
1483 5046 1546 5084 ex
1581 5032 1891 5088 inaﬁ'eetata
1926 5049 2059 5087 eon-

478 5124 769 5179 suetudine
808 5125 859 5178 in
913 5124 1189 5190 Ecclesiis,
1237 5140 1360 5192 quae
1399 5140 1671 5192 perversae
1698 5137 1751 5178 et
1784 5136 2061 5195 corruptze

475 5232 586 5271 non
631 5227 776 5280 sunt,
815 5227 1218 5286 permanentem
1266 5217 1597 5282 invenimus,
1643 5219 1784 5272 haud
1847 5222 2058 5273 rnedio-

475 5323 622 5363 erem
678 5309 941 5363 rationem
991 5309 1302 5370 habentem,
1358 5325 1536 5378 neque
1572 5311 1845 5365 mediocre
1893 5313 2048 5382 adju-

473 5409 718 5455 mentum
753 5401 818 5454 ad
855 5401 1094 5471 mysterii
1125 5403 1230 5454 vim
1266 5401 1580 5454 :tllerentem
1610 5401 1630 5453 ’ἰ

603 5518 858 5587 Ejusdem
891 5535 954 5573 ea:
980 5521 1149 5590 capite
1178 5518 1248 5572 ἐξ)
1277 5518 1340 5571 de
1365 5518 1546 5572 eodem
1584 5528 1917 5587 argumento.

544 5679 692 5736 Sane
717 5689 908 5738 contra
932 5679 982 5735 id
1015 5678 1160 5750 quod
1204 5677 1417 5742 dicunt,
1444 5676 1895 5746 gloriﬁcationcm
1928 5696 2045 5750 cum

545 5856 667 5891 nas
695 5859 826 5913 οοη,
873 5859 988 5926 1,:‘5,
1069 5860 1114 5891 ²⁰
1145 5857 1289 5914 Ρείιῐ.
1319 5876 1365 5913 \‘l
1402 5869 1451 5914 et
1485 5875 1578 5916 xu.

2170 4669 2265 4721 καὶ
2316 4665 2586 4735 τοσαύτην
2636 4663 2868 4735 ἑχόντων
2920 4663 3071 4732 ἰσχὺν
3107 4661 3184 4722 εἰς
3228 4660 3287 4711 τὸ
3323 4660 3420 4728 τῆς
3463 4656 3748 4718 εὐσεόείας

2173 4761 2491 4830 μυστήριον,
2531 4757 2658 4828 μίαν
2700 4755 2844 4820 λέξιν
2893 4755 3024 4823 ἡμῖν
3069 4755 3133 4806 ἐκ
3183 4751 3443 4820 Πατέρων
3480 4752 3559 4812 είς
3601 4751 3746 4820 ἡμᾶς

2169 4851 2428 4905 ἐλθοῦσαν
2470 4852 2529 4903 οὐ
2581 4850 3052 4918 συγχωρήσουσιν,
3088 4847 3152 4915 ἢν
3191 4847 3352 4914 ἡμεῖς
3402 4845 3467 4895 ὲκ
3499 4844 3599 4913 τῆς
3654 4844 3748 4894 ἁν-

2168 4942 2520 5010 επιτηδεύτου
2534 4940 2820 5009 συνηθείας
2837 4941 2953 5000 ταῖς
2984 4936 3363 5004 ἀδιαστρόφοις
3386 4932 3492 4986 τῶν
3512 4933 3743 5001 Ἐκκλη-

2169 5034 2299 5087 σιῶν
2351 5029 3060 5102 ἐναπομείνασανεῦρομεν,
3092 5027 3152 5080 οὐ
3207 5026 3401 5097 μικρδν
3443 5025 3537 5078 τὸν
3586 5023 3744 5090 λόγον

2167 5127 2393 5198 ἔχουσαν
2421 5127 2542 5179 οὐδὲ
2585 5125 2842 5195 βραχεῖαν
2880 5123 3214 5184 συντέλειαν,
3247 5122 3327 5182 εἰς
3356 5117 3454 5188 τὴν
3498 5117 3592 5171 τοῦ
3643 5133 3744 5187 μυ-

2168 5217 2387 5288 στηρίου
2415 5217 2640 5285 δύναμιν
2693 5212 3120 5284 είσιρερομένην;

2165 5523 2277 5576 Τοῦ
2322 5522 2511 5576 αὐτοῦ
2552 5523 2622 5576 ἐκ
2669 5521 2774 5575 τοῦ
2818 5525 2902 5575 κθ¹
2936 5521 3047 5644 ήῆς
3106 5521 3297 5589 αὐτῆς
3334 5519 3740 5590 πραγματείας

2777 5609 2944 5644 πείρα.
2976 5609 3131 5644 ιιιου.
3725 5625 3728 5628 ~

2777 5609 3131 5660 κεφαλαίου.
3725 5625 3728 5628 ~

2235 5683 2376 5754 Πρός
2407 5701 2471 5768 γε
2507 5683 2700 5764 μήντὸ
2727 5683 3042 5773 ἁμαρ-τυρον
3075 5681 3438 5769 καῖάγραφον
3462 5679 3604 5736 εἶναι
3637 5680 3736 5750 τήν
