4122 6440
362 335 462 404 465
1205 339 1606 402 ΞΥΝΤΛϐΜΑ
1643 337 1990 400 ΟΛΝΟΝΗΝ

1991 335 2034 395 ι.
2071 361 2140 374 —-
2178 339 2326 400 TIT-
2371 340 2421 414 I,
2462 341 2619 400 CAP-
2661 341 2760 402 1v.
3513 337 3619 402 466

363 458 456 506 συν
503 451 578 522 τῷ
619 452 898 522 Πνεύματι
947 453 1276 520 δοξολογίαν,
1321 458 1496 510 ἐκεῖνο
1537 456 1772 527 λέγομεν
1803 473 1818 487 ·
1852 458 1932 510 ὅτι
1959 455 1991 514 Α

1987 455 2016 512 ι
2041 453 2238 521 Spiritu
2270 471 2457 512 carere
2482 457 2814 518 testimonio,
2841 469 2939 508 nec
2975 453 3026 507 in
3057 453 3352 523 Scripturis
3378 465 3615 518 exstare,

363 546 530 611 εἰμὲν
567 545 732 614 μηδὲν
765 545 950 615 ἕτερον
996 547 1264 617 ἄγραφον,
1305 549 1437 618 μηδὲ
1491 548 1649 602 τοῦτο
1687 551 1927 619 παραδε-

2039 548 2170 602 illud
2215 549 2488 604 dicimus:
2523 551 2567 603 si
2603 549 2736 602 nihil
2777 547 2922 600 aliud
2958 555 3042 599 cst
3091 553 3370 614 receptum
3415 545 3623 614 absque

364 638 578 707 χθήτω·
605 639 654 689 εἰ
697 637 753 690 δὲ
797 637 866 690 τὰ
922 639 1146 692 πλεῖστα
1199 640 1308 692 τῶν
1364 641 1642 709 μυστικῶν
1669 641 1932 712 ἀγράφως

2041 640 2364 708 Scripturis,
2394 655 2462 693 ne
2498 640 2596 693 hoc
2619 639 2836 708 quidem
2877 637 3202 705 recipiatur;
3252 636 3334 688 sin
3385 635 3619 704 plurima

363 731 492 798 ἡμῖν
513 729 949 798 ὲμπολιτεύεται,
987 732 1124 800 μετὰ
1157 732 1368 786 πολλῶν
1396 734 1598 804 ἑτέρων
1628 735 1724 786 καὶ
1775 733 1936 786 τοῦτο

2039 747 2238 786 arcana
2263 733 2398 784 citra
2425 731 2689 800 scriptum
2731 738 2945 798 recepta
2979 737 3106 784 sunt
3145 727 3323 787 nobis,
3351 740 3475 780 cum
3502 724 3622 777 aliis

364 819 808 890 καταδεξὼμεοα.
844 823 1224 876 Ἀποστολικὸν
1269 825 1324 877 δὲ
1376 821 1528 895 οἶμαι
1575 830 1669 879 καὶ
1714 827 1774 878 τὸ
1817 829 1938 890 ταῖς

2041 823 2288 891 pluribus
2321 833 2374 878 et
2428 826 2528 877 hoc
2559 823 2909 890 recipiemus.
2953 823 3201 874 Arbitror
3247 831 3428 872 autem
3491 831 3623 885 apo-

363 911 631 978 ἀγράφοις
685 911 1016 975 παραδόσεσι
1071 916 1428 982 παραμένειν.
1490 917 1750 970 Ἐπαινῶ
1799 918 1933 985 γὰρ,

2042 917 2294 970 stolicum
2328 930 2470 974 esse.
2493 915 2654 967 etiam
2685 931 2788 966 non
2817 913 3036 981 scriptis
3097 911 3486 964 traditionibus
3542 910 3622 962 iu-

366 1001 548 1068 φησὶν,
575 1000 750 1069 ὑμᾶς,
775 1001 865 1055 ὅτι
898 1003 1092 1056 πάντα
1108 1023 1227 1070 μου
1251 1006 1585 1075 μέμνησθε,
1619 1010 1715 1062 καὶ
1742 1009 1938 1075 καθὼς

2043 1010 2268 1062 haerere.
2287 1007 2471 1060 Laudo
2513 1007 2674 1067 enim,
2717 1006 2914 1073 inquit,
2961 1021 3070 1067 vos,
3117 1003 3254 1072 quod
3285 1003 3464 1054 omnia
3508 1015 3624 1052 mea

363 1093 674 1160 παρέδωκα
705 1094 846 1162 ὑμῖν
868 1095 975 1159 τὰς
995 1096 1362 1163 παραδόσεις
1389 1099 1668 1168 κατέχετε
1691 1119 1705 1134 ·
1743 1103 1836 1154 καὶ
1857 1101 1938 1164 τὸ,

2043 1097 2376 1159 meministis,
2425 1105 2474 1148 et
2523 1093 2960 1162 quemadmodum
2998 1093 3198 1145 tradidi
3233 1091 3400 1154 vobis,
3453 1090 3624 1142 tradi-

366 1185 646 1251 Κρατεῒτε
675 1186 780 1250 τὰς
811 1187 1172 1254 παραδόσεις
1196 1189 1268 1254 ἂς
1288 1192 1673 1257 παρελάϐετε,
1696 1193 1815 1246 εἴτε
1844 1191 1942 1244 διὰ

2045 1189 2208 1240 tiones
2260 1187 2447 1240 tenetis
2496 1185 2559 1238 ³ο.
2593 1184 2660 1238 Ει
2698 1185 2853 1248 illud,
2911 1182 3098 1236 'l'euete
3133 1182 3444 1235 traditiones
3495 1195 3625 1248 quas

361 1280 574 1345 λόγου,
593 1279 712 1330 εἴτε
741 1277 815 1331 δι’
840 1280 1188 1348 ἐπιστολῆς·
1219 1277 1293 1334 ὧν
1317 1283 1550 1353 μάλιστα
1580 1285 1678 1353 μία
1704 1285 1820 1337 ἐστί
1844 1286 1942 1338 καὶ

2043 1279 2466 1348 accepistis,sive
2497 1294 2588 1346 per
2616 1293 2926 1338 sermonem,
2960 1276 3064 1328 sive
3105 1290 3197 1344 per
3234 1271 3508 1342 epistolam
3541 1271 3621 1324 δίε

365 1372 396 1437 ἡ
429 1371 681 1439 παροῦσα
717 1371 879 1440 αὕτη,
913 1372 980 1442 ἢν
1008 1375 1058 1425 οἱ
1087 1375 1142 1438 ἐξ
1167 1377 1342 1444 ἀρχῆς
1373 1378 1758 1444 διαταξάμενοι
1817 1396 1894 1430 πα
1916 1408 1937 1418 -

2045 1387 2276 1442 quarum
2307 1387 2412 1424 una
2445 1381 2529 1425 est
2565 1379 2618 1422 et
2649 1369 2764 1423 hate
2787 1369 2852 1422 de
2880 1383 2988 1436 qua
3025 1383 3173 1421 nunc
3191 1367 3426 1437 agimus,
3457 1379 3621 1432 quam

371 1461 674 1530 ραὸιδόντες
705 1465 816 1524 τοῖς
845 1464 1062 1532 ἐφεξῆς,
1099 1467 1510 1536 συμπροῖούσης
1537 1472 1624 1522 ἀεὶ
1657 1471 1732 1539 τῷ
1763 1471 1940 1540 χρόνῳ

2047 1464 2139 1531 qui
2169 1464 2237 1516 ab
2264 1461 2418 1516 initio
2459 1463 2933 1530 prtitScripsCl‘tlnt,
2966 1459 3419 1523 tradideruntque
3446 1465 3625 1525 poste-

365 1560 464 1626 τῆς
493 1559 763 1628 χρήσεως,
796 1559 884 1612 διὰ
913 1563 1130 1629 μακρᾶς
1155 1563 1254 1631 τῆς
1307 1563 1594 1633 συνηθείας
1646 1569 1766 1630 ταῖς
1817 1567 1944 1620 Ἐκ-

2047 1555 2146 1621 ris,
2181 1572 2280 1608 usu
2323 1571 2540 1623 semper
2577 1554 2738 1607 simul
2778 1567 2903 1607 cum
2940 1562 3182 1620 tempore
3223 1549 3621 1619 progrediente,

366 1650 620 1717 κλησίαις
671 1652 1183 1723 ἐγκατερῤίζωσαν·
1210 1648 1298 1724 ἆρ’
1341 1652 1454 1717 οὖν,
1487 1658 1535 1709 εἰ
1571 1657 1646 1718 ὡς
1695 1660 1751 1710 ἐν
1799 1658 1949 1712 δικα-

2049 1646 2224 1714 ipsam
2259 1647 2413 1713 longa
2444 1645 2844 1698 consuetudine
2868 1644 2918 1698 in
2955 1642 3211 1696 Eeclesiis
3237 1641 3623 1694 irradiearunt.

371 1742 578 1812 στηρίῳ
610 1742 710 1810 τῆς
743 1743 832 1795 διὰ
853 1745 960 1798 τῶν
995 1747 1288 1815 ἐγγράφων
1314 1748 1644 1813 ἀποδείξεως
1671 1751 1944 1822 ἀποροῦν·
1979 1790 1999 1850 1

2001 1740 2196 1849 3Ergo
2218 1737 2260 1791 si
2297 1740 2443 1792 velut
2489 1739 2540 1790 iu
2575 1736 2856 1798 tribunali,
2916 1734 3329 1803 probationibus
3363 1748 3392 1786 e
3425 1733 3629 1800 scripto

2072 1831 2291 1850 IA_-!.,,.2
2352 1847 2379 1850 μ
2413 1831 2550 1850 ,Al-,._
2591 1831 2675 1850 ___l
2703 1829 2744 1850 ξ-
2785 1838 2950 1850 ενι-ιι.-
3005 1829 3369 1850 ...ηιι.Ι.-ηλ.“-ιη
3447 1835 3629 1850 unm-‘1‘

365 1849 478 1898 τες,
511 1833 804 1904 μαρτύρων
837 1836 965 1904 ὑμῖν
995 1835 1198 1902 πλῆθος
1234 1839 1722 1908 παρεστησάμεοα,
1749 1841 1849 1893 οὐκ
1879 1840 1945 1893 ἂν
1981 1829 1993 1850 ⁸

2003 1829 2026 1848 ¹
2053 1831 2318 1894 destituti,
2351 1831 2553 1883 multos
2591 1829 2747 1882 vobis
2785 1838 2954 1882 testes
3005 1829 3393 1896 producamus,
3447 1835 3631 1876 nonne

365 1925 466 1991 τῆς
489 1925 739 1994 ἀφιείσης
775 1927 905 1997 παρ’
937 1928 1092 1996 ὑμῶν
1125 1929 1308 2000 ψήφου
1341 1930 1599 2000 τύχοιμεν
1626 1949 1640 1998 ;
1683 1932 1823 2000 Ἐγὼ
1848 1933 1948 2002 μὲν

2054 1922 2156 1991 21
2184 1923 2508 1977 sententiam
2539 1921 2909 1976 absolventem
2944 1934 2974 1972 a
3007 1918 3161 1971 vobis
3185 1912 3633 1983 consequemur?

365 2017 542 2081 οὕτως
561 2015 716 2089 οἶμαι
748 2037 763 2052 ⁸
797 2022 890 2074 ἐπὶ
922 2022 1193 2091 στόματος
1235 2025 1342 2095 γὰρ
1378 2025 1470 2076 δύο
1499 2029 1589 2078 καὶ
1611 2026 1780 2096 τριῶν
1806 2045 1948 2098 μαρσ-

2054 2015 2166 2084 Ego
2201 2014 2420 2084 quidem
2461 2014 2732 2068 arbitror:
2785 2011 2850 2064 In
2880 2027 2968 2065 ore
3011 2009 3268 2079 siquidem
3291 2008 3518 2060 duorum
3571 2021 3632 2058 ac

371 2109 554 2176 τύρων
607 2110 938 2180 σταθήσεται
984 2112 1092 2164 πᾶν
1125 2113 1295 2182 ῥῆμα.
1330 2115 1390 2166 Et
1435 2113 1492 2166 δὲ
1520 2117 1616 2167 καὶ
1662 2117 1753 2168 τὸν
1783 2117 1950 2169 πολὺν

2057 2111 2219 2162 trium
2251 2109 2462 2162 testium
2489 2107 2646 2160 stabit
2678 2121 2828 2159 omne
2853 2105 3067 2160 verbum
3095 2105 3160 2155 ³¹.
3197 2101 3352 2168 Quod
3393 2100 3436 2154 si
3467 2098 3631 2153 etiam

369 2199 562 2267 χρόνον
591 2201 728 2268 πρὸς
759 2201 915 2268 ἡμῶν
947 2200 1078 2253 ὄντα
1108 2203 1356 2272 ἐναργῶς
1383 2203 1512 2272 ὑμῖν
1539 2205 1949 2275 ὲπεδείκνυμεν,

2055 2201 2316 2268 temporis
2359 2198 2774 2253 diuturnitatem
2833 2211 2932 2266 pro
2960 2197 3116 2250 nobis
3157 2193 3448 2254 facientem
3481 2189 3636 2244 vobis

370 2290 470 2342 οὐκ
503 2289 572 2342 ἂν
609 2289 867 2358 ἐδόξαμεν
908 2291 1037 2360 ὑμῖν
1086 2292 1272 2346 εἰκότα
1301 2293 1501 2362 λέγειν,
1540 2294 1613 2362 μὴ
1649 2290 1790 2348 εἶναι
1831 2295 1953 2348 καθ’

2055 2297 2334 2350 evidenter
2362 2295 2736 2358 ostendamus,
2768 2308 2950 2345 annon
2985 2291 3292 2345 videbimur
3324 2287 3479 2342 vobis
3511 2299 3637 2354 pro-

372 2381 531 2450 ὴμῶν
580 2382 677 2451 τὴν
721 2384 876 2452 δίκην
923 2385 1298 2454 εἰσαγώγιμον
1331 2385 1955 2456 ταύτην;δυσωπητικὰ

2055 2387 2255 2442 babilia
2306 2387 2511 2450 dicere,
2563 2400 2670 2438 non
2723 2399 2884 2453 posse
2921 2383 3066 2436 litem
3119 2383 3277 2434 istam
3318 2381 3442 2449 jure
3475 2377 3635 2434 nobis

374 2471 482 2541 γὰρ
509 2472 623 2535 πῶς
652 2474 717 2524 τὰ
743 2473 947 2526 παλαιά
977 2474 1085 2525 τῶν
1127 2473 1436 2542 δογμάτων,
1465 2477 1629 2528 οἱονεὶ
1661 2475 1824 2546 πολιᾷ
1849 2493 1955 2529 τινι

2056 2477 2295 2534 intendi?
2325 2476 2642 2532 Veneranda
2671 2477 2817 2530 enim
2847 2484 2976 2529 sunt
2998 2472 3399 2545 quodammodo
3425 2477 3632 2523 vetusta

378 2567 440 2634 τῇ
469 2565 790 2636 ἀρχαιότητι
819 2567 880 2618 τὸ
913 2565 1196 2636 αἰδέσιμον
1223 2567 1436 2636 ἔχοντα.

2057 2573 2336 2643 dogmata,
2408 2587 2528 2640 quae
2614 2570 2684 2622 oh
2739 2568 3152 2638 antiquitatem,
3217 2581 3316 2620 ceu
3375 2562 3633 2617 canitiem

2060 2664 2374 2737 quamdam,
2405 2663 2603 2717 habent
2631 2661 2890 2731 quiddam
2923 2659 3301 2715 reverendum.

447 2745 560 2798 Καὶ
584 2746 678 2798 ἐπὶ
708 2746 804 2799 τοῦ
849 2747 1131 2802 πολιτικοῦ
1166 2750 1335 2820 νόμου
1379 2749 1441 2803 τὺ
1475 2751 1616 2817 ἔθος,
1655 2752 1730 2817 ὡς
1783 2753 1957 2823 ἄγρα-

2133 2755 2347 2809 Textus.
2383 2753 2445 2808 Et
2493 2753 2545 2806 in
2597 2752 2721 2820 jure
2780 2751 2924 2804 civili
2960 2747 3301 2804 consuetudo
3337 2743 3558 2814 quando
3585 2743 3636 2796 in

373 2852 474 2904 φος
505 2837 668 2906 νόμος
697 2837 890 2908 ἰσχύει,
921 2840 1010 2892 ὅτε
1037 2843 1092 2892 ὲν
1133 2843 1466 2914 δικαστηρίῳ
1487 2847 1520 2914 ἡ
1567 2845 1824 2915 συνήθεια
1865 2847 1956 2916 βε-

2053 2846 2262 2916 judicio
2324 2846 2644 2900 conlirmata
2675 2853 2777 2908 est,
2821 2855 2924 2897 nec
2957 2840 3174 2908 scriptae
3201 2838 3301 2906 legi
3352 2843 3636 2905 repugnat,

371 2926 612 3000 σαιωθῇ,
642 2930 736 2983 καὶ
764 2931 854 2984 ὅτε
897 2933 971 3004 μὴ
1001 2934 1264 3004 ἐγγράφῳ
1307 2936 1458 3006 νόμῳ
1503 2938 1865 2992 ἐναντιοῦται.
1897 2939 1958 2993 Ei

2060 2949 2120 2994 ut
2157 2941 2240 2993 lex
2273 2953 2380 2992 non
2411 2937 2612 3006 scripta
2639 2936 2800 2988 vaiet.
2835 2934 2909 2988 Ac
2933 2947 3060 2987 vero
3093 2929 3270 2986 sicubi
3296 2923 3639 3000 [proposita-l

371 3019 430 3072 δὲ
460 3019 520 3074 ἐν
566 3039 676 3076 τισι
705 3024 910 3088 τόποις,
948 3026 1082 3096 μήτε
1137 3029 1430 3097 συνήθειαν
1477 3028 1572 3081 τοῦ
1622 3029 1958 3101 ζητουμένου

2061 3028 2380 3099 qumstionis
2413 3027 2750 3082 consuetudo
2780 3040 2884 3076 non
2913 3022 3216 3083 invenitur,
3253 3031 3382 3072 tunc
3413 3031 3643 3069 consur-

373 3111 526 3166 ἔστιν
565 3115 767 3184 εὑρεῖν,
799 3118 922 3170 τότε
951 3117 1028 3188 τῷ
1054 3118 1166 3172 ἔθει
1218 3119 1439 3190 Ῥώμης
1475 3119 1701 3174 ἕπεσθαι
1747 3123 1846 3189 δεῖ,
1877 3123 1954 3187 ὡς
1987 3129 2001 3182 1

2013 3127 2029 3183 ζ
2066 3121 2305 3174 tudinem
2330 3117 2533 3188 [urbis]
2550 3116 2731 3170 Romae
2752 3115 2904 3183 sequi
2929 3119 3160 3181 oportet,
3185 3107 3641 3178 quemadmodum

369 3204 487 3257 τῶν
517 3207 790 3273 Διγὲστων
826 3208 968 3278 βιὸλ.
1001 3217 1050 3264 α’
1094 3211 1201 3264 τίτ.
1229 3219 1277 3281 γ’
1306 3214 1526 3282 Διγὲστ.
1560 3213 1637 3285 λβ¹
1669 3216 1749 3284 λγ’
1781 3215 1854 3269 λδ⁹
1881 3215 1956 3268 λε’

2063 3211 2196 3265 lib.t
2229 3209 2428 3281 Digest.
2480 3208 2561 3264 tit.
2601 3209 2657 3271 5,
2691 3205 2892 3275 Digest.
2959 3205 3011 3267 Ιι,
3061 3201 3150 3266 52,
3181 3200 3271 3264 55,
3311 3198 3401 3262 54,
3431 3197 3520 3260 53,
3552 3193 3643 3260 56,

369 3294 461 3362 λς’
499 3296 580 3359 λζ’
610 3299 712 3367 λη’,
749 3300 844 3352 καὶ
897 3297 1037 3371 βιϐλ.
1071 3309 1119 3372 η’
1161 3303 1255 3356 τοῦ
1283 3305 1438 3367 κώδ.,
1469 3322 1576 3360 τιτ.
1606 3305 1684 3375 νβ’
1728 3306 1868 3362 διατ.
1911 3304 1958 3358 α’

2065 3305 2152 3369 57,
2190 3303 2278 3356 58.
2313 3309 2367 3355 et
2415 3301 2512 3354 lib.
2565 3313 2662 3352 vm
2720 3296 2844 3351 cod.
2891 3294 2972 3348 tit.
3031 3292 3121 3355 52,
3186 3297 3365 3346 const.
3409 3287 3460 3352 l,
3489 3287 3545 3353 2,
3575 3287 3630 3349 5,

373 3389 418 3458 β’
489 3396 537 3474 γ’
560 3407 573 3420 ·
607 3391 822 3462 εἴρηται
855 3393 912 3445 δὲ
955 3395 1049 3447 καὶ
1087 3395 1228 3465 pter.
1263 3403 1327 3460 ν’,
1361 3398 1467 3450 τίτ.
1499 3398 1562 3462 ιζ’
1587 3398 1794 3466 διγέστ.
1834 3399 1962 3474 ρπβ(

2066 3390 2384 3463 [proditum
2407 3385 2542 3459 est].
2591 3385 2805 3440 Dictum
2846 3394 2930 3437 est
2979 3381 3144 3435 etiam
3176 3380 3285 3434 lib.
3334 3395 3387 3442 L,
3437 3378 3522 3431 tit.
3557 3377 3644 3436 17.

371 3481 456 3534 ὃτι
489 3481 765 3554 δυσχερῶς
787 3483 906 3554 μὲν,
943 3486 1094 3556 ὅμως
1113 3488 1170 3540 δὲ
1203 3487 1297 3540 τοῦ
1328 3489 1538 3544 δικαίου
1573 3472 1962 3558 ἀπαιτοῦντος,¹

2067 3481 2270 3552 Digest.
2303 3481 2427 3544 102,
2462 3478 2610 3550 quod
2634 3492 2776 3549 aegre
2811 3475 3068 3544 (aquitate
3109 3485 3290 3526 tamen
3313 3467 3647 3540 postulante.

371 3571 800 3644 παραϐαίνομεν
846 3577 946 3647 τὴν
974 3579 1290 3649 συνήθειαν.

2065 3573 2516 3631 consuetudinem
2547 3567 3000 3638 transgredimur.

443 3665 704 3721 ΚΕΦΑΛ.
725 3667 1006 3724 Δ’.-Ὅτι
1036 3673 1147 3739 οὐχ
1164 3673 1264 3741 ὑφ’
1285 3672 1424 3740 ἐνὸς
1443 3675 1802 3745 ἐπισκόπου,
1825 3679 1966 3734 ἀλλ’

2138 3666 2290 3722 CAP.
2327 3663 2416 3718 IV.
2452 3694 2519 3704 ——
2546 3661 2697 3728 Quod
2726 3678 2828 3714 non
2868 3659 2930 3713 ab
2967 3675 3068 3713 uno
3099 3657 3362 3727 episcopo,
3390 3652 3478 3706 sed
3499 3666 3649 3705 com-

371 3758 503 3815 ἀπὸ
561 3759 672 3829 τῆς
702 3765 1050 3830 κοινότητος
1075 3767 1130 3818 οὶ
1161 3766 1416 3834 κανόνες
1459 3767 1812 3824 ἐκτίθενται.

1726 3786 1812 3824 ἀι,
2067 3761 2214 3814 muni
2244 3758 2548 3813 antistitum
2582 3754 2809 3809 concilio
2844 3768 3068 3806 canones
3103 3750 3354 3804 eduntur.

811 3881 1132 3935 Βασιλείου
1177 3881 1378 3935 κανὼν
1426 3881 1536 3952 μζτ.

1491 3881 1536 3942 ξ’.
2582 3872 2773 3928 Basilii
2823 3887 2992 3924 canon
3034 3869 3119 3922 47.

479 3971 831 4042 Ἐγκρατῖται
876 3974 969 4027 καὶ
1025 3975 1363 4044 Σακκοφόροι
1421 3977 1516 4028 καὶ
1560 3977 1966 4044 Ἀποτακτῖταν,

2143 3970 2428 4026 Encratitu:
2464 4008 2478 4030 ,
2523 3976 2578 4019 et
2639 3965 2971 4034 Saccophori
3033 3972 3088 4017 et
3135 3958 3455 4029 Apotactitte
3523 3955 3655 4010 sub-

375 4065 454 4136 τῷ
478 4065 629 4135 αὐτῷ
655 4067 970 4120 ὑπόκεινται
995 4066 1137 4137 λόγῳ
1159 4060 1204 4134 ᾧ
1235 4069 1325 4120 καὶ
1341 4069 1674 4124 Ναυατιανοί
1704 4087 1716 4100 ’
1736 4072 1816 4124 ὅτι
1841 4071 1971 4142 περὶΙ

2069 4066 2334 4136 jieiunlur
2396 4060 2570 4116 eidem
2635 4057 2856 4120 rationi,
2912 4055 3000 4110 cui
3069 4061 3122 4107 et
3163 4049 3474 4116 Novatiani,
3527 4048 3654 4118 quia

379 4159 490 4228 μὲν
534 4157 780 4224 ἐκείνων,
815 4157 995 4210 κανὼν
1052 4159 1392 4230 ὲξεφωνήοη,
1443 4164 1491 4214 εἰ
1544 4163 1639 4215 καὶ
1689 4139 1966 4232 διάφορος,

2074 4158 2141 4212 de
2170 4157 2276 4210 illis
2307 4153 2489 4208 editus
2521 4163 2722 4211 canon,
2769 4147 2875 4203 etsi
2909 4146 3131 4211 varius;
3192 4160 3312 4215 quae
3357 4151 3542 4196 autem
3588 4139 3655 4192 ad

377 4251 449 4303 τὰ
487 4249 543 4302 δὲ
573 4251 714 4302 κατά
762 4251 982 4313 τούτους
1014 4252 1491 4322 ἁποσεσιὼπηται.
1525 4255 1718 4325 Ἡμεῖς
1757 4256 1968 4325 μέντοι,

2077 4251 2213 4306 istos
2244 4247 2534 4319 pertinent,
2568 4243 2790 4298 silentio
2823 4249 2952 4296 sunt
2986 4237 3376 4308 praetermissa.
3415 4233 3524 4287 Nos
3555 4247 3654 4286 au-

381 4343 468 4394 ἑνὶ
495 4341 639 4412 λόγῳ
684 4341 1126 4413 ἀναϐαπτίζομεν
1163 4345 1292 4407 τοὺς
1322 4345 1619 4410 τοιούτους.
1647 4347 1708 4399 Εἰ
1747 4347 1804 4400 δὲ
1837 4347 1970 4418 παρ’

2076 4352 2183 4396 tem
2223 4354 2329 4394 una
2357 4337 2570 4412 ratione
2619 4335 2754 4389 tales
2789 4333 3214 4401 rebaptizamns.
3248 4327 3400 4393 Quod
3430 4325 3476 4380 si
3511 4325 3657 4390 apud

383 4436 521 4505 ὑμῖν
555 4436 930 4506 ἀπηγόρευται
971 4437 1031 4488 τὸ
1061 4436 1156 4489 τοῦ
1193 4437 1632 4508 ἀναϐαπτισμοῦ,
1657 4439 1846 4512 ὥσπερ
1877 4437 1972 4495 οὖν
2005 4464 2011 4516 ῖ

2030 4451 2176 4516 )νο5
2208 4432 2482 4504 prohibita
2524 4439 2610 4486 est
2651 4427 3025 4496 rebaptizatio,
3076 4423 3220 4478 sicut.
3260 4429 3314 4475 et
3347 4419 3490 4489 apud
3547 4415 3658 4471 Ro-

383 4527 484 4582 καὶ
507 4527 660 4598 παρὰ
700 4529 991 4598 Ῥωμαίοις
1024 4531 1337 4600 οἰκονομίας
1379 4531 1526 4595 τινὸς
1565 4531 1728 4585 ἕνεκα
1763 4533 1971 4587 ἀθετεῖ-

2080 4542 2292 4589 manos,
2343 4523 2670 4580 oeconomia:
2708 4519 2945 4589 alicujus
2975 4517 3172 4588 gratia,
3233 4522 3422 4568 nostra
3473 4519 3654 4564 tamen

381 4638 478 4673 ται
499 4620 560 4672 τὸ
595 4620 879 4690 βάπτισμα
903 4621 1106 4685 αὐτῶν,
1130 4621 1245 4675 ἀλλ’
1275 4625 1302 4676 ὀ
1319 4624 1586 4693 ἡμέτερος
1609 4623 1768 4693 λόγος
1819 4627 1971 4696 ἰσχὺν

2076 4623 2246 4678 ratio‘
2273 4621 2382 4673 vim
2429 4617 2693 4672 obtineat.
2745 4613 3018 4680 Quoniam
3052 4609 3198 4664 enim
3233 4606 3396 4661 veluti
3429 4617 3657 4674 germen

383 4715 560 4782 ἐχέτω
579 4729 594 4744 ’
625 4716 706 4767 ὅτι
745 4714 1150 4786 ἐπειδηῶσπερ
1181 4716 1614 4785 Μαρκιωνιστῶν
1660 4720 1806 4772 ἐστὶν
1837 4721 1973 4772 ἁπο-

2077 4712 2524 4770 Marcionitarum
2559 4715 2644 4764 est
2674 4721 2863 4762 eorum
2901 4705 3006 4773 22
3046 4701 3292 4764 Incresis,
3328 4707 3386 4752 ut
3417 4697 3507 4766 qui
3557 4711 3661 4748 nu-

389 4807 686 4876 ϐλάστημα
719 4808 751 4876 ἡ
783 4808 902 4860 κατ’
930 4807 1127 4870 αὐτοὺς
1151 4808 1386 4877 αἵρεσις,
1411 4807 1848 4878 βδελυσσομένων
1881 4810 1972 4863 τὸν

2080 4809 2220 4878 ptias
2251 4805 2605 4865 abhorreant,
2651 4807 2706 4854 et
2747 4799 2938 4852 vinum
2991 4801 3334 4856 aversentur,
3385 4805 3448 4844 ac
3475 4787 3662 4842 dicant

385 4898 568 4966 γάμον
603 4899 698 4949 καὶ
723 4897 1220 4967 ἀποστρεφομένων
1251 4899 1343 4950 τὸν
1369 4894 1532 4962 οἶνον,
1560 4900 1653 4952 καὶ
1677 4899 1773 4971 τὴν
1796 4901 1974 4954 κτίσιν

2080 4877 2176 4951 Dei
2205 4904 2514 4952 creaturam
2559 4891 2903 4960 inquinatam
2958 4901 3099 4949 esse,
3151 4884 3354 4938 idcirco
3397 4881 3546 4949 ipsos
3603 4877 3661 4932 in

387 4989 486 5041 τοῦ
527 4987 664 5041 Θεοῦ
699 4991 1079 5060 μεμιασμένην
1111 4987 1251 5042 εἶναι
1283 4989 1572 5059 λεγόντων,
1601 4993 1660 5044 οὗ
1709 4991 1978 5062 δεχόμεθα

2077 4989 2374 5044 Ecclesiam
2409 5001 2516 5039 non
2543 4982 2904 5046 admittimus;
2939 4977 3048 5032 nisi
3104 4977 3158 5029 in
3205 4984 3452 5028 nostrqu
3485 4971 3663 5038 bapti-

391 5083 592 5144 αὐτοὺς
625 5085 704 5146 εἰς
735 5082 830 5152 τὴν
871 5083 1222 5153 Ἐκκλησίαν,
1251 5083 1347 5136 ἐὰν
1377 5082 1451 5154 μὴ
1493 5083 1872 5151 βαπτισοῶσιν
1899 5087 1978 5147 εἰς

2077 5095 2192 5132 sma
2221 5076 2422 5131 fuerint
2451 5073 2731 5142 baptizati.
2755 5070 2966 5124 Etenim
2991 5066 3252 5120 nedicant
3278 5082 3290 5114 :
3323 5061 3386 5115 In
3417 5059 3657 5118 Patrem,

391 5171 454 5222 τὸ
480 5169 750 5239 ἡμέτερον
794 5171 1104 5242 βάπτισμα·
1145 5175 1218 5242 μὴ
1265 5175 1372 5244 γὰρ
1427 5147 1734 5241 λεγέτωσαν
1762 5176 1848 5228 ὅτι
1877 5178 1980 5241 Εἰς

2077 5177 2123 5221 et
2149 5165 2373 5230 Filium,
2393 5172 2442 5217 et
2467 5161 2730 5230 Spiritum
2755 5167 2997 5212 sanctum
3025 5153 3283 5224 baptizati
3313 5167 3494 5204 sumus
3521 5187 3537 5212 ,
3565 5147 3660 5216 qui

395 5260 648 5328 Πατέρα,
665 5260 760 5312 καί
787 5241 1048 5324 Υἱὸι·,καὶ
1069 5241 1240 5331 ἅγιοι»
1256 5241 1371 5316 Urs
1381 5264 1498 5332 ῦμα
1513 5265 1978 5333 ἐϐαπτίσθημεν,

2083 5259 2334 5312 videlicet
2383 5255 2550 5310 Deum
2601 5269 2722 5308 esse
2779 5252 3046 5304 malorum
3107 5247 3420 5300 οἰΐυι-ιονοιιι
3469 5241 3663 5296 existi-

397 5351 451 5404 οἵ
501 5368 565 5416 γε
618 5351 807 5404 κακῶν
849 5353 1078 5424 ποιητὴν
1127 5353 1506 5424 ὑποτιθέμενοι
1539 5355 1630 5406 τὸν
1675 5355 1831 5418 Θεὸν,
1883 5357 1978 5423 ἐφ-

2084 5361 2254 5416 munt,
2289 5347 2542 5416 exemplo
2579 5343 2871 5398 Marcionis
2897 5349 2952 5394 et
2989 5339 3326 5407 reliquarum
3359 5335 3653 5388 hacresum.

401 5443 644 5511 αμίλλως
687 5443 764 5512 τῷ
797 5444 1086 5512 Μαρκίωνι
1117 5446 1356 5507 καὶτοῖς
1392 5446 1608 5508 λοιπαῖς
1655 5447 1934 5513 αἱρέσεσιν
1965 5465 1977 5475 ·

2082 5441 2477 5508 Quamobrem,
2523 5437 2567 5492 si
2629 5437 2730 5488 hoc
2775 5430 3058 5503 placuerit,
3105 5435 3323 5497 oportet
3370 5427 3655 5493 episcoms

397 5532 540 5586 ὥστε
593 5533 690 5586 ἐὰν
719 5533 894 5606 ἀρέσῃ
925 5533 1100 5596 τοῦτο,
1126 5534 1206 5586 δεῖ
1255 5533 1506 5598 πλείονας
1562 5536 1898 5598 ἐπισκόπους
1925 5535 1982 5586 ἐν

2083 5537 2265 5604 plures
2295 5533 2348 5586 in
2377 5545 2546 5587 unum
2587 5526 2901 5592 convenire,
2935 5533 2988 5579 et
3030 5521 3102 5574 ita
3125 5521 3344 5576 demum
3391 5527 3657 5570 canouem

479 5756 562 5814 ³⁸1
589 5758 714 5815 Cor.
749 5775 826 5828 XI,
867 5760 922 5814 2.
1041 5761 1082 5792 ³¹
1120 5759 1163 5813 ll
1197 5759 1392 5815 Thess.
1438 5775 1495 5824 ιι,
1526 5760 1609 5814 H.
1720 5760 1765 5791 ³⁸
1821 5758 1976 5814 Deut.
2015 5774 2130 5822 xxx,
2169 5756 2253 5812 15.
