4122 6512
463 352 566 415 467

1622 358 1881 419 PlIOTlI
1920 357 2420 419 PATRIARCIl/E
2454 361 2559 419 (ΣΡ.

3612 360 3722 424 463

464 470 650 533 eli-re,
708 476 769 522 ut
813 476 865 522 et
903 467 949 523 is
980 468 1071 538 qui
1120 469 1252 539 agit,
1309 467 1551 535 periculo
1601 475 1806 535 careat,
1850 477 1905 524 et
1946 485 2018 538 qu

2143 469 2323 539 ταυτῷ
2341 469 2599 537 γενέσθαι
2628 484 2640 497 ·
2675 466 2769 520 καὶ
2789 464 2963 529 οὓτως
2990 464 3245 519 ἐκθέσθαι
3271 466 3361 518 τὸν
3385 464 3600 529 κανόνα,
3625 469 3718 522 ἵνα

463 560 778 630 respondet,
806 561 858 615 in
883 569 1035 615 tanto
1068 561 1336 630 ejusmodi
1355 560 1748 630 quaastiouihus
1771 576 2035 631 responso

463 653 839 708 auctoritatem
877 654 1090 708 habeat.

533 831 686 885 (ZAP.
712 830 849 885 V.—
866 830 939 884 De
967 829 1306 899 patriarchis,
1338 838 1385 880 et
1417 828 1854 897 metropolitanis,
1888 836 1938 881 et
1972 828 2035 883 de

468 922 534 976 iis
570 923 660 991 qui
696 921 947 974 dicuntur
970 919 1219 988 primates
1251 918 1303 969 in
1331 917 1538 985 Africa.

902 1012 1270 1079 Apostolorum
1297 1024 1466 1061 canon
1496 1009 1583 1062 54.

530 1103 737 1176 54[55].
793 1103 1086 1172 Episcopos
1144 1100 1579 1169 uniuscujusque
1642 1095 1815 1167 gentis
1872 1110 2035 1150 nosse

460 1205 672 1266 Oportet
696 1210 817 1250 eum
849 1194 942 1265 qui
980 1194 1032 1247 in
1061 1194 1140 1248 eis
1171 1202 1255 1248 est
1283 1192 1515 1261 prius,
1548 1200 1602 1244 et
1633 1188 1946 1244 existimare
1976 1196 2037 1242 ut

458 1298 656 1357 caput:
688 1298 743 1343 et
776 1286 912 1341 nihil
947 1285 1146 1349 facere,
1186 1283 1335 1354 quod
1367 1283 1438 1338 sit
1465 1283 1695 1337 arduum
1726 1296 1822 1339 aut
1852 1282 2033 1350 magni

464 1378 749 1443 momenti,
786 1388 982 1447 praeter
1025 1376 1171 1430 illius
1213 1375 1575 1429 sententiam:
1608 1375 1696 1429 illa
1732 1382 1916 1428 autem
1950 1372 2033 1427 fa-

452 1484 576 1525 cere
608 1482 1079 1537 unumquemque,
1108 1481 1229 1536 qua:
1265 1465 1330 1519 ad
1369 1480 1523 1520 suam
1555 1466 1869 1534 parochiam
1907 1480 2033 1534 per-

450 1562 648 1625 tinent,
679 1569 735 1615 et
777 1575 946 1630 pagos
977 1558 1070 1628 qui
1116 1559 1166 1612 ei
1206 1558 1463 1613 subsunt.
1499 1557 1605 1611 Sed
1640 1572 1740 1613 nec
1780 1557 1871 1611 ille
1902 1556 2031 1610 abs-

450 1665 559 1721 que
581 1649 826 1705 omnium
857 1648 1127 1704 sententia
1177 1646 1385 1715 aliquid
1431 1652 1577 1717 agat.
1612 1646 1702 1701 Sic
1737 1647 1883 1701 enim
1928 1645 2034 1699 erit

450 1742 768 1805 concordia,
828 1750 882 1794 et
935 1738 1331 1809 gloriﬁeabitur
1384 1737 1529 1793 Deus
1584 1753 1678 1808 per
1733 1737 2028 1793 Dominum

448 1829 634 1887 Jesum
671 1830 970 1887 Christum.

735 1941 961 1997 Concilii
996 1940 1205 1996 Nicwni
1233 1957 1457 1995 canones
1506 1942 1559 2005 4,
1593 1941 1646 2006 6,
1690 1939 1741 1994 7.

520 2035 577 2089 4.
604 2033 930 2106 Episcopum
963 2035 1009 2066 ”
1036 2043 1249 2103 oportet
1279 2034 1516 2088 maxime
1556 2032 1773 2103 quidem
1812 2032 1881 2087 ab
1911 2046 2030 2085 om-

450 2129 614 2185 nibus
668 2128 763 2197 qui
812 2135 940 2182 sunt
977 2126 1030 2180 in
1067 2124 1368 2195 provincia,
1424 2124 1703 2179 constitui.
1736 2124 1794 2180 Si
1843 2134 2028 2179 autem

448 2222 522 2277 sit
554 2223 657 2276 hoc
678 2214 916 2283 dillicile,
951 2217 1034 2272 vel
1065 2228 1286 2287 propter
1316 2225 1595 2285 urgentem
1626 2216 2027 2283 necessitatem,

446 2312 533 2367 vel
550 2313 648 2367 viae
675 2309 1091 2381 longitudinem,
1116 2316 1223 2363 tres
1245 2306 1469 2361 omnino
1486 2306 1735 2362 eumdem
1765 2307 1818 2361 in
1848 2308 2028 2363 locum

445 2410 826 2472 congregatos,
879 2400 1197 2455 absentibus
1231 2413 1451 2469 quoque
1480 2396 1797 2466 suﬂragium
1849 2397 2030 2452 feren-

445 2495 614 2560 tibus,
649 2494 977 2563 scriptisque
1008 2491 1459 2557 assentientibus,
1492 2498 1621 2544 tunc
1651 2488 1758 2559 23
1793 2489 2031 2545 electio-

444 2602 570 2643 nem
606 2587 743 2650 tieri,
775 2601 964 2640 eorum
1004 2590 1187 2637 autem
1221 2598 1342 2653 quae
1365 2582 1522 2648 tiunt,
1558 2582 2027 2637 conﬁrmationem

452 2683 507 2735 in
539 2694 869 2748 unaquaque
894 2676 1174 2748 provincia
1213 2691 1241 2729 a
1276 2674 1699 2744 metropolitano
1728 2674 1865 2729 ﬁeri.

516 2771 570 2826 6.
603 2770 827 2841 Antiqui
846 2784 1025 2825 mores
1043 2774 1330 2824 serventur
1358 2768 1423 2833 ³⁸,
1442 2765 1533 2836 qui
1556 2765 2025 2837 suntinAEgypto,

443 2875 500 2921 et
520 2863 711 2935 Libya.
743 2875 795 2917 et
844 2860 1146 2933 Pentapoli,
1182 2870 1241 2915 ut
1285 2860 1689 2915 Alexandrinus
1738 2862 2026 2931 episcopus

447 2957 645 3011 horum
679 2955 926 3009 omnium
962 2954 1158 3008 haheat
1205 2962 1548 3023 potestatem,
1584 2954 2024 3025 quandoquidem

442 3060 498 3105 et
522 3050 778 3119 episcopo
813 3047 1062 3102 Romano
1097 3047 1201 3100 hoc
1249 3055 1327 3100 est
1383 3056 1729 3100 consuetum.
1764 3043 2026 3100 Similiter

441 3148 496 3192 et
529 3140 583 3193 in
622 3138 932 3202 Antiochia,
965 3146 1017 3191 et
1044 3137 1099 3190 in
1128 3136 1251 3190 aliis
1285 3136 1583 3205 provinciis
1609 3151 1707 3190 sua
1743 3135 2021 3205 privilegia
2050 3171 2094 3228 ο

442 3247 506 3286 ac
532 3248 645 3286 suae
690 3232 985 3301 dignitates
1020 3238 1074 3284 et
1100 3229 1455 3284 auctoritates
1493 3228 1753 3284 Ecclesiis
1787 3244 2011 3284 serven-

442 3329 549 3375 tur.
590 3320 726 3375 lllud
757 3328 940 3375 autem
988 3328 1072 3375 est
1111 3318 1336 3375 omnino
1367 3317 1742 3386 manifestum,
1783 3319 1927 3390 quod
1977 3322 2024 3376 si

440 3414 567 3483 quis
595 3414 803 3484 absque
838 3412 1245 3483 metropolitani
1276 3412 1549 3475 sententia
1575 3412 1749 3467 factus
1804 3414 1874 3468 sit
1905 3414 2021 3483 epi-

440 3522 664 3578 sc0pus,
714 3522 840 3561 eum
900 3521 1095 3576 magna
1143 3504 1388 3575 synodus
1436 3504 1682 3559 deﬁnivit
1734 3521 1846 3559 non
1900 3521 2025 3562 esse

439 3600 776 3670 episcopum.
816 3599 972 3666 Quod
1008 3598 1052 3631 ⁸⁸
1084 3598 1130 3653 si
1172 3598 1391 3667 quidem
1449 3598 1729 3652 communi
1772 3599 2021 3653 omnium

439 3690 719 3755 elcctioni,
750 3706 874 3761 qua:
900 3699 954 3745 et
986 3689 1184 3745 rationi
1223 3698 1617 3754 consentanea,
1645 3701 1699 3744 et
1726 3706 1793 3745 ex
1834 3692 2021 3761 regula

439 3782 812 3838 ecclesiastica
845 3781 987 3837 facta
1037 3788 1141 3847 est,
1179 3780 1288 3834 duo
1324 3779 1405 3833 vel
1452 3790 1561 3833 tres
1590 3788 1811 3849 propter
1841 3795 2021 3849 suam,

440 3892 548 3945 qua
595 3875 958 3936 delectantur,
1006 3872 1411 3928 contentionem
1450 3871 1850 3941 contradicant,
1905 3874 2022 3927 vin-

439 3977 566 4023 cant
591 3966 829 4035 plurium
870 3965 1152 4035 suifragia.

504 4062 559 4116 7.
590 4060 861 4128 Quoniam
893 4061 1130 4115 obtinuit
1172 4063 1514 4116 consuetudo
1554 4071 1607 4116 et
1651 4064 1878 4134 antiqua
1908 4073 2021 4117 tra-

440 4153 598 4218 ditio,
636 4163 697 4207 ut
740 4154 833 4223 qui
874 4162 956 4208 est
1004 4153 1056 4206 in
1093 4150 1242 4207 [Elia
1288 4154 1605 4224 episcopus,
1661 4155 1961 4210 honorelur
2004 4172 2016 4207 :

437 4244 639 4299 habeat
680 4242 906 4299 honoris
936 4244 1415 4313 consequentiam,
1463 4246 1749 4315 metropoli
1801 4247 2019 4316 propria

436 4334 700 4406 dignitate
737 4345 973 4390 servata.

791 4425 1016 4481 Concilii
1048 4426 1364 4480 Antiocheni
1409 4444 1577 4482 canon
1612 4429 1666 4484 9.

2141 559 2234 612 καὶ
2264 558 2344 625 τῷ
2370 561 2663 628 ποιήσαντι
2695 558 2757 610 τὸ
2812 552 3143 630 ἀκίνδυνονῇ
3174 573 3188 587 ο
3216 558 3310 609 καὶ
3350 557 3380 608 ό
3415 557 3714 627 ἀποκρινό-

2141 667 2299 720 μενος
2331 692 2346 715 ,
2389 650 2449 704 τὸ
2510 651 2822 717 ἀξιόπιστον
2885 648 2984 722 ἔχῃ
3036 650 3095 701 ἑν
3154 650 3219 718 τῇ
3279 647 3411 717 περὶ
3451 648 3713 704 τοιούτων

2137 742 2448 810 ἀποκρίσει.

2207 832 2458 883 ΚΕΦΑΛ.
2484 832 2644 885 Ε’.--
2660 830 2796 898 Περὶ
2823 827 3206 898 πατριαρχῶν
3226 830 3325 883 καὶ
3350 833 3714 899 μητροπολί-

2137 920 2273 987 τῶν,
2294 924 2392 976 καὶ
2430 922 2542 976 τῶν
2579 924 2649 976 ἐν
2680 920 2919 991 Ἀφρικῇ
2942 921 3284 990 λεγυμένων
3303 921 3622 992 πριμάτων.

2546 1015 2932 1069 Ἀποστόλων
2966 1015 3168 1068 κανὼν
3188 1015 3283 1069 λδν.

2204 1106 2269 1160 δ’,
2301 1106 2439 1169 Τοὺς
2474 1105 2807 1169 ἐπισκόπους
2847 1104 3078 1159 ἑκάστου
3108 1105 3296 1168 ἔθνους
3316 1144 3331 1170 ,
3361 1106 3560 1160 εἰδέναι
3608 1107 3713 1177 χρὴ

2133 1197 2225 1250 τὸν
2250 1198 2308 1250 ἑν
2324 1197 2506 1260 αὐτοῖς
2526 1197 2762 1267 πρῶτον,
2787 1197 2882 1250 καὶ
2898 1196 3148 1267 ἡγεῖσθαι
3162 1196 3325 1250 αὑτὸν
3347 1202 3423 1260 ώς
3440 1198 3708 1268 κεφαλὴν,

2134 1290 2225 1343 καὶ
2248 1289 2414 1360 μηδέν
2451 1306 2503 1341 τι
2552 1290 2812 1358 πράττειν
2860 1289 3115 1360 περιττὸν
3154 1288 3285 1343 ἄνευ
3340 1289 3443 1359 τῆς
3496 1290 3711 1342 ἐκείνου

2134 1382 2380 1451 γνώμης,
2417 1381 2600 1434 ἐκεῖνα
2628 1380 2686 1434 δὲ
2732 1380 2870 1451 μόνα
2909 1381 3173 1453 πράττειν
3219 1383 3473 1446 ἑκαστον,
3500 1382 3601 1435 ὅσα
3641 1385 3710 1453 τῇ

2132 1471 2297 1525 αὐτοῦ
2321 1472 2581 1542 παροικίᾳ
2606 1470 2885 1526 ἐπιϐάλλει
2916 1474 3010 1527 καὶ
3026 1476 3146 1537 ταῖς
3172 1474 3264 1526 ὑπ’
3285 1474 3456 1544 αὐτὴν
3478 1474 3711 1544 χώραις.

2146 1565 2306 1619 Ἀλλὰ
2340 1565 2476 1635 μηδὲ
2505 1567 2711 1629 ἐκεῖνος
2732 1565 2861 1618 ἄνευ
2882 1566 2981 1635 τῆς
3010 1567 3229 1619 πάντων
3246 1565 3472 1636 γνώμης
3488 1565 3714 1618 ποιείτω

2128 1671 2217 1708 τι·
2261 1654 2402 1707 οὕτω
2458 1654 2565 1726 γὰρ
2612 1655 2835 1725 ὁμόνοια
2886 1654 3059 1720 ἔσται,
3097 1656 3192 1709 καὶ
3243 1654 3633 1727 δοξασθήσεται
3682 1656 3713 1707 ὁ

2140 1747 2351 1818 Πατὴρ,
2388 1749 2415 1799 ό
2441 1746 2590 1812 Υἱὸς,
2619 1746 2796 1800 καὶτὸ
2826 1746 2979 1815 ἆγιον
3008 1746 3250 1815 Πνεῦμα.

2421 1918 2689 1973 Συνόδου
2715 1918 2964 1985 Νικαίας
2985 1918 3184 1972 κανὼν
3220 1916 3261 1971 δ’
3296 1918 3349 1984 ς’
3373 1916 3440 1982 ζ’.

2197 2011 2239 2064 δ’
2288 2009 2619 2064 Ἑπίσκοπον
2660 2011 2929 2082 προσήκει
2962 2011 3194 2082 μάλιστα
3226 2010 3324 2081 μὲν
3357 2009 3461 2064 ὑπὸ
3490 2012 3708 2065 πάντων

2128 2107 2237 2161 τῶν
2288 2110 2345 2161 ἑν
2393 2110 2459 2178 τῇ
2520 2107 2757 2178 ἐπαρχίᾳ
2815 2107 3192 2160 καθίστασθαι.
3223 2106 3284 2159 Et
3335 2106 3391 2159 δὲ
3448 2106 3708 2177 δυσχερὲς

2130 2201 2218 2270 εἴη
2261 2200 2322 2253 τὸ
2354 2200 2618 2264 τοιοῦτον,
2649 2200 2682 2267 ἦ
2734 2200 2825 2253 διὰ
2873 2200 3309 2267 κατεπείγουσαν
3366 2199 3639 2269 ἀνάγκην,
3669 2199 3704 2269 ἢ

2128 2290 2216 2345 διὰ
2268 2291 2444 2361 μῆκος
2479 2290 2600 2344 ὁδοῦ
2635 2291 2934 2357 ὲξάπαντος
2962 2293 3112 2361 τρεῖς
3140 2292 3233 2344 ἐπὶ
3265 2291 3326 2343 τὸ
3358 2291 3491 2345 αὐτὸ
3543 2307 3707 2343 συνα-

2128 2385 2416 2456 γομένους,
2450 2386 2760 2456 συμψήφων
2806 2385 3106 2456 γινομένων
3142 2386 3234 2437 καὶ
3268 2385 3378 2437 τῶν
3422 2384 3691 2447 ἀπόντων,

2129 2479 2223 2532 καὶ
2247 2478 2643 2548 συντιθεμένων
2670 2478 2757 2531 διὰ
2781 2478 3149 2547 γραμμάτων,
3175 2478 3295 2531 τότε
3319 2476 3417 2548 τὴν
3462 2494 3703 2547 χειροτο-

2129 2572 2249 2625 νίαν
2289 2572 2559 2625 ποιεῖσθαι
2590 2588 2603 2602 ·
2634 2570 2696 2624 τὸ
2722 2571 2778 2624 δὲ
2802 2572 2967 2642 κῦρος
2995 2570 3231 2624 δίδοσθαι
3256 2570 3365 2624 τῶν
3394 2570 3697 2641 γινομένων

2128 2664 2249 2718 καθ’
2284 2664 2523 2735 ἑκάστην
2552 2663 2821 2735 ἐπαρχίαν
2838 2663 2914 2734 τῷ
2948 2664 3345 2735 μητροπολίτῃ.

2199 2762 2275 2821 ς’.
2317 2757 2399 2811 Τὰ
2419 2756 2623 2826 ἀρχαῖα
2656 2754 2751 2826 ἔθη
2794 2756 3086 2825 κρατείτω,
3120 2754 3190 2807 τὰ
3224 2756 3282 2807 ὲν
3324 2752 3585 2821 Αἰγύπτῳ
3612 2751 3706 2803 καὶ

2128 2845 2303 2917 Λιδύῃ
2342 2848 2437 2899 καὶ
2472 2846 2828 2909 Πενταπόλει,
2859 2844 3001 2898 ὥστε
3054 2845 3145 2899 τὸν
3200 2846 3258 2899 ἑν
3324 2842 3704 2914 Ἀλεξανδρείᾳ

2127 2940 2428 2992 ἐπίσκοπον
2462 2977 2478 3003 ,
2530 2938 2752 2991 πάντων
2812 2937 3018 2991 τούτων
3066 2938 3210 3007 ἔχειν
3265 2940 3362 3008 τὴν
3410 2937 3701 3003 ἐξουσίαν,

2127 3030 2317 3100 ἐπειδὴ
2367 3029 2572 3099 καὶτῷ
2616 3031 2674 3083 ἑν
2718 3031 2784 3101 τῇ
2842 3029 3027 3101 Ῥώμῃ
3073 3030 3356 3100 ὲπισκόπῳ
3381 3028 3541 3082 τοῦτο
3580 3029 3705 3080 σύν-

2128 3124 2258 3194 ηθές
2312 3126 2458 3177 ἑστιν
2483 3139 2496 3155 ·
2525 3122 2728 3195 ὁμοίως
2764 3123 2821 3177 δὲ
2878 3124 2975 3177 καὶ
3012 3124 3088 3194 τῷ
3151 3124 3292 3177 κατὰ
3332 3122 3430 3194 τὴν
3493 3122 3700 3175 Ἀντιό-

2126 3232 2279 3287 χειαν
2306 3218 2439 3283 ,καὶ
2486 3219 2544 3270 ἑν
2599 3219 2722 3279 ταῖς
2755 3217 2945 3280 ἄλλαις
2991 3217 3300 3286 ἐπαρχίαις,
3320 3215 3389 3268 τὰ
3441 3214 3704 3286 πρεσϐεῖα

2126 3309 2391 3373 σώζεσθαι
2435 3311 2554 3373 ταῖς
2577 3309 2963 3380 Ἐκκλησίαις·
3029 3306 3257 3361 καθόλου
3324 3306 3382 3359 δὲ
3439 3305 3704 3377 πρόδηλον

2125 3402 2318 3464 ἐκεῖνο,
2349 3401 2433 3452 ὅτι
2462 3400 2515 3453 εί
2558 3417 2640 3463 τις
2668 3400 2837 3471 χωρὶς
2870 3398 3095 3471 γνώμης
3149 3398 3241 3452 τοῦ
3294 3397 3694 3469 μητροπολετου

2126 3492 2341 3559 γένοιτο
2383 3490 2703 3555 ἐπίσκοπος,
2757 3491 2847 3543 τὸν
2885 3490 3127 3543 τοιοῦτον
3166 3491 3199 3560 ἡ
3253 3488 3461 3560 μεγάλη
3487 3487 3704 3550 σύνοδος

2124 3584 2292 3653 ὦρισε
2324 3584 2399 3653 μὴ
2423 3583 2530 3635 δεῖν
2548 3580 3025 3637 εἷναιὲπίσκοπον.
3061 3581 3186 3634 Ἐὰν
3216 3582 3317 3652 μὲν
3350 3598 3433 3633 τοι
3454 3582 3520 3651 τῇ
3546 3582 3699 3649 κοινῇ

2126 3673 2343 3726 πάντων
2392 3668 2558 3742 ψήφῳ
2588 3671 2795 3741 εὐλόγῳ
2823 3669 2959 3743 οὔσῃ
2985 3671 3080 3723 καὶ
3104 3672 3244 3723 κατὰ
3280 3670 3480 3723 κανόνα
3503 3670 3702 3737 ἐκκλη-

2126 3760 2425 3824 σιαστικὸν,
2455 3759 2601 3829 δύοῆ
2635 3762 2785 3831 τρεῖς
2818 3758 2887 3812 δι’
2916 3758 3123 3813 οἰκείαν
3146 3758 3476 3827 φιλονεικίαν
3494 3758 3703 3812 ἀντιλέ-

2124 3869 2286 3922 γωσι,
2318 3851 2589 3924 κρατείτω
2614 3853 2649 3921 ἡ
2677 3851 2788 3905 τῶν
2836 3850 3099 3905 πλειόνων
3144 3851 3344 3921 ψῆφος.

2195 4074 2260 4137 ζ’.
2300 4071 2519 4142 Ἐπειδὴ
2545 4072 2801 4142 συνήθεια
2823 4073 3135 4144 κεκράτηκε
3168 4073 3261 4127 καὶ
3282 4071 3581 4140 παράδοσις
3602 4071 3701 4143 ἀρ-

2123 4167 2273 4237 χαία,
2302 4164 2443 4218 ὥστε
2469 4165 2559 4217 τὸν
2603 4166 2662 4217 ἑν
2702 4165 2862 4235 Αἰλίᾳ
2885 4166 3183 4218 ἐπίσκοπον
3215 4167 3503 4235 τιμᾶσθαι,
3532 4166 3701 4235 ἐχέτω

2121 4259 2219 4330 τὴν
2245 4255 2582 4312 ἀκολουθίαν
2602 4258 2701 4327 τῆς
2724 4258 2913 4327 τιμῆς,
2939 4261 3005 4329 τῇ
3031 4258 3366 4329 μητροπόλει
3388 4258 3698 4328 σωζομένου

2122 4351 2213 4406 τοῦ
2239 4350 2437 4404 οἰκείου
2468 4348 2795 4416 ἀξιώματος.

2406 4440 2675 4496 Συνόδου
2713 4442 3070 4511 Ἀντιοχείας
3110 4441 3315 4496 κανὼν
3345 4441 3411 4496 θ’.

508 4518 563 4573 9.
602 4516 897 4589 Episcopos
930 4519 1024 4589 qui
1065 4528 1195 4574 sunt
1242 4520 1296 4573 in
1339 4537 1668 4591 unaquaque
1710 4523 2014 4593 provincia,

2192 4534 2413 4598 θ’.Τοὺς
2447 4535 2567 4588 καθ’
2603 4534 2839 4604 ἑκάστην
2858 4508 3128 4605 ἐπαρχίαν
3148 4536 3478 4598 ἐπισκόπους
3505 4535 3699 4589 είδέναι

437 4610 581 4664 scire
630 4619 845 4679 oportet
906 4612 1248 4681 episcopum,
1304 4614 1397 4683 qui
1456 4624 1651 4683 praeest
1702 4616 2015 4687 metropoli,

437 4701 602 4755 ctiam
652 4716 841 4755 curam
889 4703 1169 4772 suscipere
1222 4703 1388 4759 totius
1427 4706 1745 4774 provinciae,
1777 4724 1842 4763 eo
1871 4709 2018 4777 quod

439 4794 495 4845 in
532 4794 876 4863 metropolim
914 4798 1279 4865 undequaque
1327 4808 1663 4852 concurrunt
1704 4814 1899 4855 omnes
1924 4802 2019 4870 qui

439 4884 641 4937 habent
671 4884 903 4953 negotia.
928 4883 1084 4940 Unde
1105 4887 1280 4941 visum
1310 4897 1395 4943 est
1419 4904 1541 4942 eum
1564 4905 1781 4960 quoque
1812 4896 2020 4950 honore

438 4976 775 5044 praecedere:
826 4976 1067 5047 reliquos
1121 4988 1299 5031 autem
1343 4980 1631 5049 episcopos
1658 4981 1793 5034 nihil
1830 4985 2011 5051 magni

440 5067 699 5120 momenti
731 5069 952 5137 aggredi
1004 5070 1125 5123 sine
1160 5071 1297 5138 ipso,
1331 5078 1390 5123 ut
1430 5070 1564 5135 vult,
1593 5071 1686 5140 qui
1729 5073 1798 5127 ab
1832 5073 2011 5139 initio,

437 5159 699 5225 ohtinnit,
750 5159 973 5215 Patrum
1008 5178 1182 5217 canon
1212 5181 1225 5218 :
1256 5166 1341 5218 vel
1377 5165 1511 5231 sola,
1564 5181 1687 5235 quae
1716 5167 1785 5220 ad
1816 5168 2010 5222 unius-

438 5249 711 5320 cujusque
744 5253 1056 5321 parochiam
1080 5254 1395 5321 conferunt,
1427 5266 1481 5311 et
1532 5259 1780 5328 regiones
1812 5276 1935 5329 quae
1963 5262 2015 5315 ei

438 5343 693 5399 subsunt.
739 5343 1196 5418 Unumquemque
1246 5349 1390 5402 enim
1445 5350 1762 5420 episcopum
1817 5353 2015 5407 habere

439 5452 551 5490 suae
582 5438 852 5505 parochim
890 5448 1235 5508 potestatem,
1261 5451 1313 5495 et
1340 5442 1725 5497 administrare
1765 5459 1860 5513 pro
1892 5445 2016 5498 uni-

439 5528 639 5594 cuique
691 5531 1054 5586 conveniente
1104 5532 1389 5602 religione,
1442 5543 1496 5587 et
1549 5535 1715 5589 totius
1773 5536 2014 5605 regionis

439 5634 629 5674 curam
675 5637 883 5691 gerere,
920 5639 1039 5691 qua:
1065 5641 1178 5679 suae
1203 5626 1320 5680 urbi
1352 5626 1563 5681 subest.
1610 5626 1678 5681 Ut
1726 5630 1885 5683 etiam
1921 5645 2012 5683 or-

510 5734 555 5810 ‘_’
582 5740 765 5810 Apost.
806 5741 826 5792 1
864 5755 875 5799 ;
928 5738 1094 5792 Laud.
1154 5740 1252 5797 1:2:
1289 5741 1542 5795 Antioch.
1583 5741 1678 5807 19;
1708 5743 2006 5810 Afric.16;
2052 5745 2225 5802 Tolct.
2260 5745 2342 5800 19.

439 5798 481 5835 ⁸⁸
512 5798 765 5861 Antioch.
820 5798 914 5875 l8;
968 5811 1147 5865 lnnoc.
1192 5812 1264 5877 8;
1303 5811 1480 5866 Bonii.
1518 5812 1578 5875 4;
1625 5798 1819 5869 L'conis
1856 5816 1937 5867 15.

2120 4625 2226 4695 χρὴ
2277 4624 2369 4677 τὸν
2404 4626 2461 4677 ὲν
2491 4626 2557 4693 τῇ
2610 4623 2937 4693 μητροπόλει
3000 4624 3318 4694 προεστῶτα
3383 4623 3695 4683 ἐπίσκοπον,

2129 4718 2225 4771 καὶ
2274 4716 2375 4786 τὴν
2424 4715 2684 4784 φροντίδα
2746 4715 3098 4785 ἀναδέχεσθαι
3157 4716 3338 4787 πάσης
3392 4717 3489 4786 τῆς
3538 4717 3699 4784 ἑπαρ-

2120 4806 2266 4877 χίας,
2288 4804 2375 4858 διὰ
2402 4804 2463 4856 τὸ
2480 4806 2537 4858 ὲν
2560 4806 2625 4874 τῇ
2657 4806 2989 4874 μητροπόλει
3021 4806 3362 4876 πανταχόθεν
3385 4806 3693 4876 συντρέχειν

2122 4898 2332 4956 πάντας
2364 4895 2489 4957 τοὺς
2520 4893 2590 4946 τὰ
2624 4894 2929 4963 πράγματα
2963 4896 3189 4963 ἔχοντας
3220 4909 3232 4923 °
3265 4893 3388 4948 ὅθεν
3422 4893 3569 4958 ἑδοξε
3604 4889 3694 4944 κα)⁸

2119 4994 2185 5061 τῇ
2218 4993 2351 5061 τιμῇ
2382 4987 2746 5061 προηγεῖσθαι
2792 4987 2953 5039 αὑτὸν
2974 5029 2987 5050 ,
3030 4988 3195 5058 μηδὲν
3230 5005 3287 5041 τε
3316 4988 3577 5057 πράττειν
3605 5001 3699 5038 πε-

2126 5085 2302 5154 ριττὸν
2323 5082 2448 5145 τοὺς
2477 5081 2695 5142 λοιποὺς
2722 5080 3051 5145 ἐπισκόπους
3077 5082 3204 5135 ἄνευ
3235 5079 3423 5144 αὐτοῦ,
3447 5078 3592 5132 κατὰ
3611 5076 3698 5130 τὸν

2123 5176 2347 5246 ἀρχαῖον
2377 5175 2728 5244 κρατήσαντα
2751 5174 2816 5226 ἑκ
2837 5172 2943 5225 τῶν
2985 5174 3129 5225 Πατέ
3138 5189 3245 5241 ρων
3277 5170 3434 5240 ἡμῶν
3460 5169 3660 5223 κανόνα
3683 5182 3697 5196 ⁸

2122 5268 2156 5336 ἢ
2189 5266 2364 5320 ταῦτα
2401 5265 2559 5335 μόνα,
2583 5266 2683 5319 ὅσα
2721 5267 2786 5334 τῇ
2833 5264 3064 5319 ἑκάστου
3106 5263 3388 5315 ἐπιϐάλλει
3412 5260 3698 5331 παροικίᾳ,

2124 5358 2217 5410 καὶ
2240 5358 2359 5418 ταῖς
2384 5357 2473 5407 ὑπ’
2493 5356 2664 5425 αὐτὴν
2692 5354 2919 5426 χώραις.
2948 5356 3221 5407 ’Έκαστον
3259 5352 3367 5422 γὰρ
3400 5353 3699 5405 ἐπίσκοπον

2121 5448 2372 5514 ἐξουσίαν
2398 5447 2543 5518 ἔχειν
2562 5448 2659 5518 τῆς
2680 5447 2876 5500 ἑαυτοῦ
2907 5446 3216 5517 παροικίας,
3242 5446 3463 5498 διοικεῖν
3478 5463 3534 5497 τε
3562 5442 3701 5499 κατὰ

2120 5540 2219 5610 τὴν
2264 5540 2479 5609 ἑκάστῳ
2513 5539 2911 5591 ἐπιϐάλλουσαν
2964 5536 3274 5599 εὐλάϐειαν,
3300 5535 3394 5587 καὶ
3443 5535 3700 5604 πρόνοιαν

2121 5631 2390 5685 ποιεῖσθαι
2416 5631 2594 5701 πάσης
2642 5632 2742 5700 τῆς
2768 5630 2949 5701 χώρας
2971 5633 3068 5699 τῆς
3095 5628 3200 5679 ὑπὸ
3236 5626 3333 5698 τὴν
3354 5625 3520 5679 αὐτοῦ
3549 5625 3700 5678 πόλιν

2454 5745 2499 5778 ⁸⁸
2546 5745 2738 5814 Apost.
2810 5744 2911 5812 '55;
2967 5741 3222 5799 Antioch.
3260 5744 3331 5810 9;
3384 5743 3578 5799 Const.
3643 5740 3699 5793 2.
