4122 6480
333 409 439 475 469

1300 418 1700 480 SYNTAGMA
1736 412 2128 482 CANONUM-
2170 421 2321 481 TlT.
2361 422 2410 494 Ῐ,
2453 422 2610 489 CAP-
2654 424 2751 483 IV.

3516 417 3621 479 4Ἱο

331 533 409 592 ὡς
451 532 553 583 καὶ
583 534 910 601 χειροτονεῖν
929 531 1336 603 πρεσϐυτέρους
1377 535 1471 588 καὶ
1493 537 1798 600 διακόνους,
1837 538 1930 590 καὶ

2040 538 2224 591 dincnt
2250 537 2368 608 24
2399 539 2749 608 presbyteros
2789 547 2844 591 ct
2872 539 3156 599 diaconos,
3194 548 3246 591 et
3278 551 3622 605 unaqureque

335 622 483 693 μετὰ
509 622 746 688 κρίσεως
788 622 995 676 ἕκαστα
1041 625 1431 696 διαλαμϐάνειν
1458 644 1473 658 ⁶
1512 629 1823 698 περαιτέρω
1869 629 1925 682 δὲ

333 711 509 781 μηδὲν
546 712 805 781 πράττειν
823 715 1120 786 ἐπιχειρεῖν
1139 717 1369 786 δίχατοῦ
1403 719 1504 788 τῆς
1533 721 1928 791 μητροπόλεως

333 803 676 866 ἐπισκόπου,
701 805 835 874 μηδέ
858 807 1022 860 αὐτὸν
1046 808 1176 861 ἄνευ
1205 808 1303 878 τῆς
1329 810 1438 862 τῶν
1451 811 1654 864 λοιπῶν
1673 811 1924 883 γνώμης.

405 895 684 950 Συνόδου
713 901 1408 966 Κωνσταντινουπόνίεως
1439 901 1644 955 κανὼν·
1677 904 1721 973 β’
1754 910 1825 972 γ’.

406 985 476 1054 β’.
511 988 652 1052 Τοὺς
685 989 824 1058 ὑπὲρ
856 988 1123 1059 διοίκησιν
1179 992 1512 1053 ἐπισκόπους
1554 996 1676 1056 ταῖς
1728 994 1931 1063 ὑπερο⁴

334 1077 477 1147 ρίοις
509 1077 862 1148 Ἐκκλησίαις
893 1081 968 1150 μὴ
999 1082 1208 1136 ἐπιέναι
1241 1084 1377 1152 μηδὲ
1411 1085 1658 1154 συγχέειν
1678 1085 1776 1148 τὰς
1808 1085 1933 1139 Ἐκ-

329 1165 570 1234 κλησίας
595 1184 608 1197 ·
641 1167 776 1222 ἀλλὰ
809 1171 949 1224 κατὰ
979 1171 1104 1232 τοὺς
1164 1174 1419 1237 κανόνας,
1451 1173 1543 1226 τὸν
1590 1173 1688 1243 μὲν
1747 1174 1928 1238 Ἀλεξ-

329 1257 594 1327 ανδρείας
644 1259 964 1325 ἐπίσκοπον,
1013 1262 1081 1315 τὰ
1127 1262 1186 1315 ἐν
1230 1264 1506 1334 Αἰγύπτῳ
1561 1266 1721 1336 μόνον
1785 1267 1931 1319 οἰκο-

329 1351 523 1416 νομεῖν
548 1365 560 1378 ’
581 1350 708 1414 τοὺς
733 1351 788 1403 δὲ
809 1351 906 1423 τῆς
933 1351 1225 1424 Ἀνατολῆς
1257 1357 1608 1422 ἐπισκόπους,
1634 1357 1734 1427 τὴν
1765 1355 1931 1411 Ἀνα-

326 1441 496 1511 τολὴν
559 1443 718 1512 μόνον
773 1446 994 1497 διοικεῖν
1026 1462 1042 1478 ⁸
1111 1447 1533 1517 φυλαττομένων
1573 1450 1682 1502 τῶν
1717 1453 1774 1503 ἐν
1819 1451 1931 1513 τοῖς

327 1533 525 1586 κανόσι
551 1537 666 1596 τοῖς
693 1535 834 1588 κατά
862 1537 1099 1591 Νίκαιαν
1127 1539 1445 1610 πρεσϐείων
1501 1543 1567 1611 τῇ
1616 1541 1929 1610 Ἀντιοχέων

340 1622 644 1695 Ἐκκλησία
663 1639 678 1654 ⁶
708 1627 802 1678 καὶ
839 1627 966 1688 τοὺς
992 1627 1093 1697 τῆς
1157 1630 1412 1701 Ἀσιανῆς
1463 1630 1783 1702 διοικήσεως
1804 1633 1926 1684 ἐπι-

328 1714 592 1777 σκόπους,
626 1716 691 1769 τὰ
723 1715 865 1768 κατὰ
893 1717 993 1788 τὴν
1043 1718 1228 1772 Ἀσίαν
1260 1720 1420 1789 μόνον
1455 1723 1758 1791 οἰκονομεῖν
1789 1737 1804 1752 ·
1835 1721 1930 1774 καὶ

324 1805 453 1868 τοὺς
478 1809 580 1876 τῆς
604 1809 888 1878 Ποντικῆς,
916 1810 983 1862 τὰ
1006 1812 1102 1878 τῆς
1137 1813 1403 1882 Ποντικῆς
1441 1814 1600 1881 μόνον
1621 1830 1636 1846 ο
1672 1815 1768 1866 καὶ
1799 1815 1927 1876 τοὺς

2040 643 2164 682 cum
2192 628 2402 694 judicio
2429 638 2682 694 tractent,
2735 638 2789 684 et
2820 629 2957 682 nihil
3016 630 3156 683 ultra
3213 629 3390 682 facere
3431 642 3620 696 aggre—

2038 718 2261 772 diantur
2295 719 2414 773 sine
2446 721 2768 789 meti-Opolis
2799 721 3096 790 episcopo:
3140 734 3320 789 neque
3350 722 3468 788 ipse
3499 717 3622 772 sine

2039 811 2376 876 reliquorum
2405 813 2693 868 sententia.

2180 903 2402 958 Coucilii
2461 905 3037 973 Constantinopolitani
3073 919 3298 957 canones
3326 902 3382 966 2,
3421 904 3478 957 3.

2110 995 2162 1047 2.
2199 993 2450 1065 Episcopi
2503 997 2572 1049 ad
2622 996 2895 1051 Ecclesias
2923 1011 3045 1066 quae
3094 1003 3222 1050 sunt
3272 995 3414 1048 ultra
3463 1007 3616 1047 suam

2039 1079 2322 1135 dioecesim
2358 1097 2600 1153 suosque
2632 1083 2832 1137 limites
2863 1100 2930 1136 ne
2961 1081 3222 1136 accedant
3255 1098 3268 1135 :
3300 1080 3391 1136 sed
3416 1094 3617 1134 secun-

2039 1169 2168 1223 dum
2251 1184 2517 1235 canones,
2590 1170 2937 1224 Alexandriae
3019 1169 3240 1239 quidem
3324 1168 3618 1236 episcopus

2040 1259 2339 1331 [Egyptum
2409 1261 2588 1316 solum
2647 1269 2816 1331 regat,
2872 1261 3112 1316 Orientis
3161 1270 3342 1313 autem
3374 1259 3621 1328 episcopi

2037 1349 2315 1405 Orientem
2366 1352 2542 1406 solum
2587 1351 2996 1414 administrent,
3039 1351 3269 1405 servatis
3319 1349 3618 1420 privilegiis

2037 1456 2099 1495 ac
2119 1443 2562 1510 prmeminentiis,
2603 1457 2723 1509 qtae
2765 1452 2894 1495 sunt
2929 1442 2983 1493 in
3031 1439 3232 1495 Niczeni
3283 1439 3501 1493 concilii
3527 1452 3620 1491 ca-

2039 1535 2275 1588 nonibus
2330 1535 2394 1599 ³⁸,
2465 1535 2820 1588 Antiochena:
2877 1533 3156 1589 Ecclesiae.
3221 1532 3334 1586 sola
3413 1533 3616 1584 Asiana

2037 1627 2418 1680 administrata
2450 1644 2465 1680 :
2494 1636 2548 1681 et
2588 1625 2838 1682 Thracia:
2869 1625 3114 1696 episcopi
3164 1624 3455 1679 Thraciam
3489 1634 3617 1676 tan-

2036 1728 2152 1771 tum
2180 1726 2374 1788 regant
2406 1727 2460 1772 et
2510 1717 2772 1772 Pontanze
2799 1717 3124 1773 Pontanam.
3155 1715 3274 1770 Non
3306 1714 3483 1769 vocati
3517 1729 3612 1766 au-

2037 1817 2146 1863 tem
2169 1809 2410 1878 episcOpi
2437 1809 2577 1864 ultra
2604 1810 2882 1865 dimeesim
2911 1824 2979 1862 ne
3002 1817 3282 1862 transeant
3305 1809 3372 1860 ad
3399 1806 3618 1860 ordina-

323 1897 425 1966 τῆς
455 1897 778 1968 Θρᾳκικῆς,
809 1899 877 1952 τὰ
926 1903 1024 1970 τῆς
1051 1901 1332 1973 Θρᾳκικῆς
1381 1904 1540 1973 μόνον
1590 1905 1895 1973 οἰκονομεῖν
1921 1921 1934 1936 ο

2042 1901 2243 1955 tionem
2277 1903 2358 1955 vel
2393 1903 2631 1970 aliquam
2678 1902 2840 1955 aliam
2878 1900 3414 1956 administrationem
3443 1898 3617 1951 ecclco

331 1989 612 2059 ἀκλήτους
641 1992 698 2044 δὲ
738 1993 1073 2058 ἐπισκόπους
1105 1997 1243 2065 ὑπὲρ
1275 1995 1546 2066 διοίκησιν
1585 1998 1659 2068 μὴ
1706 1998 1928 2052 ἐπιϐαί-

328 2099 441 2134 νειν
475 2082 572 2136 ἐπὶ
603 2083 904 2156 χειροτονίᾳ
931 2087 964 2156 ἧ
1001 2103 1140 2140 τισιν
1172 2087 1360 2150 ἄλλαις
1376 2087 1707 2158 οἰκονομίαις
1736 2089 1931 2158 ἐκκλη-

331 2176 663 2236 σιαστικαῖς.
696 2175 1104 2246 Φυλαττομένου
1163 2177 1220 2229 δὲ
1274 2178 1368 2230 τοῦ
1418 2179 1921 2249 προγεγραμμένου

333 2266 461 2330 περὶ
516 2265 628 2316 τῶν
697 2265 1018 2336 διοικήσεων
1090 2268 1314 2332 κανόνος
1351 2309 1365 2332 ,
1433 2268 1656 2339 εὔδηλον
1719 2269 1794 2333 ὡς
1861 2269 1932 2323 τὰ

337 2355 460 2408 καθ’
514 2357 757 2428 ἑκάστην
809 2359 1103 2430 ἐπαρχίαν,
1154 2361 1187 2429 ή
1243 2360 1344 2430 τῆς
1397 2362 1668 2432 ἐπαρχίας
1712 2361 1930 2426 σύνοδος

338 2447 601 2520 διοικήσει
646 2451 786 2505 κατὰ
840 2452 908 2504 τὰ
947 2455 1004 2505 ὲν
1050 2453 1258 2525 Νικαίᾳ
1283 2455 1602 2524 ὡρισμένα·
1635 2454 1734 2518 τὰς
1772 2455 1827 2507 δὲ
1870 2457 1929 2508 ἐν

341 2539 451 2600 τοῖς
499 2540 856 2611 βαρϐαρικοῖς
903 2541 1082 2595 ἔθνεσι
1139 2542 1234 2596 τοῦ
1273 2543 1408 2595 Θεοῦ
1474 2543 1799 2616 Ἐκκλησίας
1848 2547 1930 2598 οῖ-

346 2631 692 2700 κονομεῖσθαι
727 2633 835 2704 χρὴ
887 2633 1030 2688 κατὰ
1071 2633 1170 2706 τὴν
1221 2637 1578 2706 κρατήσασαν
1635 2635 1926 2708 συνήθειαν

341 2721 448 2775 τῶν
468 2724 750 2796 Πατέρων.

409 2813 476 2883 γ’.
507 2816 618 2870 Τὸν
650 2818 750 2888 μέν
782 2835 863 2872 τοι
919 2819 1552 2883 Κωνσταντινουπόλεως
1603 2821 1924 2887 ἐπίσκοπον,

338 2905 482 2976 ἔχειν
515 2908 591 2961 τὰ
635 2910 902 2980 πρεσϐεῖα
929 2909 1031 2980 τῆς
1059 2913 1246 2980 τιμῆς,
1278 2911 1418 2981 μετὰ
1448 2912 1540 2963 τὸν
1570 2911 1672 2981 τῆς
1710 2911 1929 2983 Ῥώμης

339 2997 662 3072 ἐπίσκοπον,
687 3001 774 3055 διὰ
808 3002 869 3055 τὸ
896 2997 1035 3056 εἶναι
1068 3003 1239 3073 αὐτὴν
1273 3004 1400 3054 νέαν
1447 3002 1686 3074 Ῥώμην.

335 3113 610 3170 Evr-(5601}
639 3114 1032 3181 Χαλκηδόνος
1055 3113 1260 3167 κανὼν
1285 3121 1396 3180 κη’.
1437 3113 1650 3182 Ψῆφος
1690 3113 1801 3181 τῆς
1822 3116 1930 3169 αὐ-

405 3185 518 3252 τῆς
581 3186 753 3251 ἀνίας
788 3187 1082 3249 συνόδου,
1132 3185 1553 3252 ἐκφωνηθεῖσα
1589 3183 1766 3253 χάριν
1806 3184 1926 3238 τῶν

2032 1991 2334 2047 siasticam.
2369 1993 2598 2048 SerVato
2622 2002 2804 2048 autem
2846 1997 3164 2064 praescripto
3192 1993 3258 2046 de
3281 1990 3615 2045 dioecesibus

2031 2099 2261 2148 canone,
2290 2086 2497 2140 clarum
2520 2095 2605 2140 est
2629 2088 2771 2155 quod
2799 2102 3246 2155 unamquamque
3279 2084 3612 2154 provinciam

2031 2174 2329 2243 provinciae
2361 2176 2604 2244 synodus
2640 2176 3044 2231 administravit
3073 2176 3373 2231 secundum
3405 2187 3470 2226 ca
3493 2186 3615 2240 qua:

2029 2263 2253 2319 fuerunt
2291 2264 2484 2319 Nirane
2525 2267 2569 2297 ³⁷
2623 2267 2865 2320 dellnita.
2903 2265 3035 2332 Quae
3060 2274 3242 2318 autem
3283 2261 3337 2315 in
3367 2257 3615 2315 barbaris

2029 2366 2158 2412 sunt
2189 2357 2468 2427 gentibus,
2500 2357 2593 2412 Dei
2642 2357 2916 2413 Ecclesias
2965 2357 3354 2412 administrare
3401 2358 3615 2421 oportet

2028 2448 2331 2504 secundum
2367 2447 2612 2515 Patrum,
2650 2463 2792 2520 quae,
2843 2455 3062 2504 servata
3105 2456 3210 2511 est,
3264 2441 3616 2500 consuetudi-

2029 2557 2179 2597 nem.

2099 2819 2825 2889 5.Constantinopolitanus
2872 2818 3169 2889 episcopus
3219 2817 3421 2871 habeat
3468 2814 3618 2885 prio-

2027 2929 2118 2969 res
2139 2913 2184 2945 ³⁸
2215 2911 2444 2966 honoris
2495 2919 2699 2981 partes,
2751 2919 2873 2980 post
2917 2910 3221 2966 Romanum
3273 2907 3618 2977 episcopum.

2028 3020 2095 3059 eo
2123 3002 2270 3074 quod
2299 3003 2374 3058 sit
2415 3003 2533 3072 ipsa
2576 3016 2712 3055 nova
2743 3000 2938 3056 Roma.

2029 3116 2254 3174 Concilii
2301 3115 2738 3171 Chalcedonensis
2792 3130 2959 3167 canon
3013 3113 3104 3168 28.
3160 3113 3432 3168 Decretum
3480 3111 3624 3181 ejus-

2101 3190 2218 3265 dem
2245 3196 2442 3265 sancta:
2465 3184 3074 3265 synodipromulgatunt
3106 3187 3175 3265 in.
3195 3185 3423 3264 gratiam
3447 3200 3623 3265 sacer-

400 3244 745 3324 πρἐσϐεἰόηἷ
770 3254 878 3308 τοῦ
917 3244 1135 3322 θρόνου
1167 3244 1274 3322 τῆς
1298 3244 1630 3324 afueram?
1663 3244 1924 3324 ςΕκκλη-

2102 3259 2284 3310 datum
2301 3257 2476 3309 throni
2499 3244 2851 3308 sanctissima;
2867 3244 3118 3309 Ecclesia:
3137 3244 3620 3324 Constantinopoli-

401 3330 553 3392 σίιις
579 3325 1305 3391 Κωνσταντινουπόλεως.

399 3417 510 3490 κη’.
542 3414 824 3486 Πανταχοῦ
854 3418 964 3480 τοῖς
1010 3415 1118 3468 τῶν
1159 3416 1328 3483 ἁγίων
1350 3415 1605 3487 Πατέρων
1633 3415 1779 3488 ὅροις
1801 3415 1929 3469 ἐπό-

337 3526 513 3579 μενοι,
552 3507 761 3561 καὶτὸν
790 3506 999 3578 ἀρτίως
1028 3507 1449 3575 ἀναγνωσθέντα
1485 3506 1691 3560 κανόνα
1719 3506 1827 3560 τῶν
1852 3513 1930 3576 ρν¹

335 3601 776 3672 θεοφιλεστάτων
831 3599 1150 3653 ἐπισκόπων
1183 3639 1197 3663 ,
1255 3598 1363 3651 τῶν
1411 3597 1794 3668 συναχθέντων
1836 3595 1934 3650 ἐπὶ

331 3695 422 3750 τοῦ
453 3696 565 3766 τῆς
614 3691 874 3756 εὐσεϐοῦς
929 3693 1156 3762 μνήμης
1202 3688 1442 3760 μεγάλου
1494 3689 1800 3755 Θεοδοσίου,
1834 3689 1930 3742 τοῦ

333 3786 635 3857 γενομένου
661 3783 946 3855 βασιλέως,
973 3784 1031 3836 ἐν
1048 3785 1114 3854 τῇ
1143 3781 1379 3852 βασιλίδι
1408 3781 1932 3835 Κωνσταντινουπό-

333 3878 418 3933 λει
443 3879 549 3950 νέᾳ
589 3877 800 3948 Ῥώμῃ,
837 3875 1219 3944 γνωρίζοντες,
1250 3873 1320 3926 τὰ
1345 3872 1486 3926 αὐτὰ
1506 3875 1600 3926 καὶ
1625 3875 1790 3944 ἡμεῖς
1816 3873 1934 3945 ὁρί-

334 3973 500 4044 ζομέν
531 3989 594 4025 τε
634 3972 731 4025 καὶ
779 3968 1154 4039 ψηφιζόμεθα,
1188 3968 1318 4036 περὶ
1345 3966 1458 4019 τῶν
1487 3966 1803 4037 πρεσϐείων
1833 3968 1934 4038 τῆς

337 4063 655 4134 ἁγιωτάτης
690 4061 1019 4130 Ἐκκλησίας
1055 4059 1156 4129 τῆς
1207 4059 1380 4128 αὐτῆς
1408 4059 1939 4112 Κωνσταντινουπός

336 4155 468 4220 λεως
496 4155 630 4218 νέας
669 4152 911 4224 Ῥώμης.
942 4153 1052 4205 Καὶ
1082 4153 1191 4220 γὰρ
1221 4149 1298 4221 τῷ
1333 4150 1508 4222 θρόνῳ
1553 4151 1653 4219 τῆς
1690 4151 1934 4222 πρεσϐυ-

336 4249 504 4317 τέρας
528 4247 773 4317 Ῥώμης,
795 4245 886 4299 διὰ
907 4244 967 4298 τὸ
994 4243 1308 4314 βασιλεύειν
1331 4241 1431 4313 τὴν
1455 4242 1610 4295 πόλιν
1634 4242 1936 4313 ἐκείνην,οῑ

340 4337 586 4408 Πατέρες
617 4336 858 4399 ζείκότως
895 4333 1224 4394 «ἀποδιδόασι
1275 4333 1345 4385 τὰ
1401 4331 1670 4402 πρεσϐεῖα
1695 4333 1772 4404 (4)
1803 4350 1815 4362 ·
1844 4335 1938 4386 καὶ

340 4426 416 4497 τῷ
440 4428 595 4496 αὐτῷ
630 4427 818 4496 σκοπῴ
842 4424 1154 4494 κινούμενοι
1186 4423 1236 4476 οἱ
1272 4428 1356 4493 ργ⁹
1387 4423 1793 4492 θεοφιλέστατοι
1816 4423 1939 4476 ἐπί-

345 4535 561 4581 σκοποι.
593 4519 663 4572 τὰ
719 4518 807 4571 ίσα
861 4516 1125 4587 πρεσϐεῖα
1165 4517 1476 4587 ἀπένειμαν
1524 4515 1604 4586 τῷ
1651 4516 1751 4586 τῆς
1812 4517 1938 4580 νέας

2105 3337 2264 3380 tame.

2100 3419 2188 3472 28.
2219 3418 2542 3474 Sanctorum
2581 3417 2802 3473 Patrum
2837 3419 3053 3473 decreta
3087 3417 3285 3487 ubique
3308 3426 3622 3488 sequentes,

2035 3510 2144 3580 25
2176 3520 2231 3565 et
2266 3526 2534 3565 canonem
2583 3510 2679 3580 qui
2723 3527 2896 3580 nuper
2937 3510 3110 3564 lectus
3163 3517 3268 3573 est,
3319 3518 3538 3564 centum
3569 3516 3627 3561 et

2039 3600 2440 3671 quinquaginta
2521 3600 2611 3654 Dei
2679 3600 3184 3654 amantissimorum
3242 3598 3628 3668 episcoporum

2040 3703 2430 3765 agnoscentes,
2467 3695 2656 3748 eadem
2685 3709 2908 3764 quoque
2955 3702 3010 3748 et
3050 3709 3151 3748 nos
3183 3693 3533 3747 decernimus
3566 3711 3629 3745 ac

2039 3787 2332 3842 Statuimus
2359 3787 2428 3840 de
2458 3787 2752 3856 privilegiis
2773 3786 3036 3858 [primatu
3057 3795 3105 3839 et
3137 3787 3214 3839 sic
3241 3783 3372 3857 inf.]
3397 3785 3632 3840 sanctis-

2038 3880 2194 3934 simaa
2227 3879 2487 3933 Ecclesia:
2530 3878 3037 3949 Constantinopolis
3067 3893 3222 3933 nova:
3254 3877 3462 3932 Romae.
3499 3877 3630 3932 Ete-

2041 3971 2152 4024 nim
2184 3971 2422 4040 antiquae
2456 3969 2641 4025 Romae
2676 3972 2874 4024 throno
2907 3972 3051 4040 quod
3089 3972 3218 4024 urbs
3265 3971 3354 4022 illa
3393 3971 3633 4039 impera-

2043 4069 2147 4125 ret,
2173 4064 2296 4131 jure
2323 4061 2512 4115 Patres
2541 4062 2820 4130 privilegia
2841 4063 3169 4117 tribuerunt.
3199 4061 3262 4114 Et
3281 4063 3629 4114 cadem-con-

2044 4153 2378 4208 sideratione
2404 4153 2537 4206 moti
2567 4163 2784 4207 centum
2814 4153 3217 4223 quinquaginta
3253 4153 3343 4206 Dei
3368 4151 3632 4205 amantis-

2041 4247 2163 4300 simi
2230 4246 2493 4315 episcopi,
2565 4247 2920 4301 sanctissilno
2974 4262 3125 4301 nova:
3187 4245 3376 4299 Eoum
3433 4246 3631 4298 throno

2044 4337 2277 4407 arqualia
2307 4337 2590 4407 privilegia
2629 4337 2963 4400 tribuerunt,
2999 4346 3147 4390 recte
3179 4334 3513 4403 iudicantes,
3543 4349 3632 4387 ur-

2045 4429 2166 4483 bem
2220 4444 2344 4498 qua:
2386 4441 2441 4482 et
2496 4428 2726 4497 imperio
2774 4437 2828 4481 et
2881 4439 3073 4482 senatu
3124 4428 3390 4482 honorata
3435 4426 3535 4486 sit.
3577 4433 3632 4479 ct

2040 4521 2345 4591 :equalibus
2384 4535 2509 4575 cum
2555 4520 2934 4590 antiquissima
2967 4521 3154 4589 regina
3187 4520 3358 4574 Roma
3402 4517 3627 4589 privile-

355 4608 578 4683 Ῥώμης
609 4611 902 4680 ἁγιωτάτῳ
941 4609 1117 4680 θρόνῳ
1141 4623 1154 4636 ο
1199 4607 1438 4676 εὐλόγως
1490 4606 1775 4677 κρίναντες
1835 4607 1934 4678 τὴν

2040 4615 2145 4684 giis
2192 4613 2427 4679 fruatur,
2463 4615 2626 4668 etiam
2659 4614 2710 4666 in
2770 4614 2934 4668 rebus
2971 4612 3376 4676 ecclesiasticis,
3431 4626 3631 4665 secun-

346 4701 592 4774 βασιλείᾳ.
631 4705 726 4756 καὶ
766 4701 1058 4773 συγκλήτῳ
1101 4698 1430 4770 τιμηθείσαν
1482 4698 1661 4765 πόλιν,
1690 4699 1784 4753 καὶ
1823 4699 1934 4754 τῶν

348 4793 476 4850 ῐσων
515 4795 896 4850 ἁπολαύουσαν
936 4792 1243 4864 πρεσϐείων
1291 4793 1357 4862 τῇ
1392 4790 1740 4864 πρεσϐυτέρᾳ
1779 4791 1936 4863 βασι-

2046 4706 2172 4760 dam
2226 4716 2350 4776 post
2399 4707 2546 4760 illam
2609 4707 3104 4761 exsislentemzut
3159 4715 3211 4760 et
3269 4706 3378 4776 26
3440 4702 3632 4757 Ponti-

2041 4813 2122 4854 ca:
2157 4807 2213 4852 et
2245 4799 2463 4853 Asiana:
2501 4810 2555 4854 et
2594 4798 2876 4854 Thracica:
2929 4798 3181 4854 dimeesis
3229 4799 3632 4868 metropolitani

416 4907 464 4942 ³⁸
492 4909 630 4964 (Jan.
653 4907 688 4964 6
707 4905 830 4963 Nic.
901 4907 944 4940 ³⁷
974 4905 1111 4962 Can.
1143 4905 1179 4962 5
1207 4904 1324 4961 Nic.
1401 4904 1448 4936 ⁸⁸
1474 4903 1605 4961 Vide
1635 4905 1693 4961 S.
1727 4906 1928 4964 Leonis

2040 4909 2128 4964 ist.
2167 4910 2255 4975 51,
2288 4910 2378 4974 52,
2410 4910 2499 4966 55.

1879 5057 2091 5114 ΝΟΤᾸΕ
2105 5097 2117 5112 .

421 5156 498 5225 (4)
533 5157 738 5232 Contra
781 5161 885 5218 hoc
932 5161 1189 5219 Gclasins
1235 5163 1289 5217 in
1330 5162 1579 5216 Romana
1615 5163 1828 5232 synodo
1861 5177 1948 5216 sc-

357 5229 645 5303 p_luaginta
676 5233 1217 5303 episcoporumujure
1254 5235 1558 5302 meritaque
1588 5229 1665 5285 ait
1703 5251 1715 5286 :
1749 5231 1950 5287 Sancta

365 5295 604 5378 Romam:
640 5295 1292 5378 et'apostolicaE'cclesia
1322 5295 1485 5357 nullis
1520 5303 1788 5373 synodicis
1823 5320 1953 5378 can-

356 5371 555 5444 uitatis
588 5374 794 5444 cmiteris
830 5373 1086 5444 Ecclesiis
1117 5375 1348 5444 praelata
1382 5384 1482 5438 est,
1533 5371 1623 5428 sed
1651 5374 1952 5444 evangelica

359 5451 478 5513 voce
509 5439 730 5513 Domini
753 5453 802 5497 et
838 5439 1146 5499 Saluatoris
1170 5446 1337 5498 nostri
1364 5446 1655 5513 primatum
1683 5439 1907 5498 obtinuit
1934 5463 1952 5497 :

367 5525 392 5587 ι.
415 5505 490 5587 Tu
520 5511 820 5587 es__l’e_trus,
841 5515 1152 5583 inquientis,
1185 5524 1233 5570 et
1259 5505 1416 5587 super
1437 5515 1577 5587 lianc
1595 5527 1796 5585 petram
1819 5514 1954 5587 trdi—

358 5578 846 5659 ﬁcttb0_ECC(e§!:tllti
877 5578 1076 5659 ineant,
1113 5578 1146 5636 ι’
1181 5596 1286 5640 etc.
1324 5578 1470 5659 tltem
1519 5578 1773 5659 Nicolaus
1815 5586 1853 5646 l,
1888 5586 1942 5638 in

361 5653 583 5725 epistola
619 5655 683 5706 ad
717 5655 1032 5725 lllichaelem
1066 5656 1200 5725 imp.
1233 5657 1424 5710 scribit
1459 5673 1470 5708 :
1504 5657 1944 5710 Animadverten-

363 5718 772 5796 dumest,quia
822 5741 925 5796 non
960 5718 1206 5790 Nirwna,
1252 5743 1356 5780 non
1392 5726 1628 5796 denique
1658 5727 1769 5778 ulla
1795 5742 1947 5796 syno-

366 5801 479 5851 aus,
506 5793 805 5866 ouidi/nant
849 5794 1099 5849 Romume
1130 5797 1351 5850 contulit
1380 5793 1630 5852 Ecclesia:
1656 5793 1939 5866 privilegii,

369 5873 476 5925 qua:
501 5863 552 5914 iu
583 5863 732 5918 beato
767 5863 929 5919 Petro
961 5879 1170 5921 novarat
1213 5882 1329 5921 eam
1371 5868 1532 5920 totius
1546 5863 1680 5935 jura
1714 5863 1943 5938 potesta-

2053 5164 2118 5215 tis
2167 5163 2392 5230 pleniter
2443 5163 2724 5226 meruisse,
2776 5170 2826 5215 et
2885 5171 3196 5214 cunctarum
3225 5158 3425 5214 Christi
3461 5159 3633 5230 ovium

2051 5228 2281 5302 regimen
2331 5233 2612 5301 accepisse,
2655 5241 2762 5285 etc.
2797 5232 3112 5285 Ambitione
3155 5247 3318 5297 prava
3349 5228 3634 5302 Byzantini

2050 5299 2202 5374 cli-ri,
2254 5313 2309 5357 et
2377 5299 2701 5374 patriarch
2747 5301 3006 5374 Anatolii,
3060 5317 3326 5374 canonum
3381 5299 3522 5352 nunc
3558 5299 3630 5352 ‘28

2051 5372 2556 5428 Chalcedonenscin
2610 5373 2784 5427 fuisse
2829 5372 3064 5436 editum,
3087 5372 3407 5424 absentibus
3437 5387 3466 5422 a
3501 5383 3635 5421 con-

2053 5461 2206 5514 sessu
2233 5443 2495 5498 Romanis
2519 5444 2708 5514 legatis
2746 5451 2800 5496 et
2821 5458 2948 5497 mox
2983 5442 3426 5514 reclamantibus,
3447 5437 3635 5514 Leone

2053 5513 2248 5583 Magno
2284 5514 2386 5567 PP.
2422 5510 2652 5582 negante
2686 5523 2874 5582 postea
2905 5528 3258 5575 consensum,
3287 5510 3631 5583 notissimum

2053 5577 2171 5640 est:
2205 5577 2957 5654 Legantur_doctissirnorum
2983 5583 3264 5654 hominum
3290 5579 3424 5654 Lupi
3449 5590 3500 5631 et
3527 5577 3635 5630 ϐας

2055 5660 2219 5710 talani
2248 5647 2484 5728 Scholia
2508 5655 2577 5728 ad
2606 5655 3079 5728 Aliunchca‘non‘cm,
3113 5652 3206 5722 qui
3237 5652 3290 5704 in
3330 5647 3633 5728 iiqmanam

2054 5736 2201 5780 certe
2245 5725 2716 5799 Dionysii-Exigui
2747 5719 3148 5781 Collectioneni
3191 5719 3434 5776 nonfuit
3483 5729 3639 5773 recc“

2053 5805 2198 5866 plus.
