4122 6448
526 341 626 404 471;

1684 342 1948 406 PHOTII
1988 324 2494 410 PATRIARCHE’
2539 351 2650 411 cr.

3695 355 3810 416 472

527 463 652 525 Si)”,
679 471 938 532 praetcrea
963 460 1201 532 episcOpi
1246 459 1624 530 prmdictarum
1659 458 1956 513 dimcesum
1994 474 2095 528 qua

2219 459 2319 513 λίδι
2362 459 2571 534 Ῥώμῃ,
2614 462 2707 516 καὶ
2731 462 2789 515 ἐν
2821 463 2932 526 τοῖς
2963 461 3455 530 ἐκκλησιαστικοῖς,
3486 461 3556 524 ὡς
3584 465 3806 534 ἐκείνην

526 564 657 609 sunt
686 554 826 608 inter
861 555 1150 616 Barbaros,
1177 570 1202 604 a
1236 555 1490 622 praedicto
1528 553 1724 606 throno
1750 551 2111 606 sanctissimre

525 631 1148 718 Constantinopolitaum
1175 646 1427 700 Ecclesia:
1456 645 1779 698 ordinentur
1808 661 1820 698 :
1855 657 2112 710 unoquo-

527 754 634 807 que
665 740 872 793 scilicet
912 739 1296 806 praedictarum
1343 736 1644 790 dioecesum
1691 734 2110 803 metropolitano

527 849 651 888 cum
686 835 982 903 provincia:
1022 833 1292 902 episc0pis
1324 832 1614 900 provinciae
1637 830 1928 898 episcopos
1959 829 2108 883 ordi-

523 932 710 983 nante,
753 921 1210 992 quemadmodum
1241 919 1441 974 divinis
1467 918 1770 972 canonibus
1807 926 1891 972 est
1921 918 2064 972 tradi
2086 945 2100 961 ε

521 1025 661 1070 tum.
685 1013 934 1068 Ordinari
957 1023 1158 1078 autem,
1187 1012 1328 1067 sicut
1352 1011 1557 1065 dictum
1578 1020 1684 1073 est,
1719 1010 2103 1077 prtedictarum

522 1107 820 1162 dioecesium
847 1105 1298 1174 metropolitanos
1342 1119 1371 1157 a
1394 1102 2000 1171 Constantinopolitano
2019 1116 2106 1154 ar-

503 1196 896 1266 ‘chiepiscopo,
930 1194 1385 1249 convenientibus
1415 1192 1482 1248 de
1505 1207 1660 1246 more
1695 1191 1852 1247 factis
1879 1190 2108 1243 electio-

521 1289 707 1349 nibus,
739 1297 791 1341 et
826 1288 893 1342 ad
920 1287 1098 1356 ipsum
1130 1287 1340 1341 relatis.

520 1379 624 1448 τῆς
711 1378 979 1449 ἐπαρχίας
1053 1379 1386 1441 ἐπισκόπους
1427 1417 1443 1442 ,
1491 1376 1674 1439 καθὼς
1742 1375 1856 1436 τοῖς

1933 1371 2102 1434 θείοις
2140 1371 2330 1423 κανόσι
2359 1370 2708 1443 διηγόρευται
2743 1390 2757 1403 ο

2221 554 2622 623 μεγαλύνεσθαι
2645 555 2957 625 πράγμασι,
2980 555 3236 624 δευτέραν
3265 556 3378 623 μετ’
3397 555 3610 626 ἐκείνην
3624 556 3810 627 ὑπάρ-

2215 660 2416 712 χουσαν
2437 662 2449 676 ο
2469 644 2562 697 καὶ
2579 643 2720 696 ὥστε
2753 645 2880 708 τοὺς
2902 645 2998 712 τῆς
3017 646 3283 714 Ποντικῆς
3303 645 3397 698 καὶ
3424 645 3525 713 τῆς
3549 645 3810 715 Ἀσιανῆς

2212 734 2308 786 καὶ
2335 734 2433 803 τῆς
2461 734 2740 806 Θρᾳκικῆς
2776 734 3099 804 διοικήσεως
3147 735 3551 805 μητροπολίτας
3582 738 3806 806 μόνους,

2213 825 2294 878 ἐτι
2327 825 2382 878 δὲ
2417 828 2510 878 καὶ
2543 829 2668 890 τοὺς
2687 830 2744 879 ἐν
2783 828 2896 890 τοῖς
2932 826 3288 898 βαρϐαρικοῖς
3319 829 3652 896 ἐπισκόπους
3683 833 3800 886 τῶν

2212 918 2627 985 προειρημένων
2706 917 3032 987 διοικήσεων
3067 920 3491 990 χειροτονεῖσθαι
3545 923 3651 974 ὑπὸ
3701 923 3804 976 τοῦ

2218 1005 2624 1074 προειρημένου
2661 1007 2968 1074 ἀγιωτάτου
2996 1006 3185 1078 θρόνου
3219 1011 3318 1078 τῆς
3348 1013 3488 1063 κατά
3504 1012 3804 1064 Κωνσταν-

2213 1096 2520 1148 τινούπολιν
2547 1098 2859 1170 ἁγιωτάτης
2926 1099 3253 1168 Ἐκκλησίας
3288 1120 3299 1130 ·
3325 1102 3526 1172 δηλαδὴ
3559 1104 3800 1156 ἑκάστου

2219 1190 2618 1258 μητροπολίτου
2654 1189 2763 1242 τῶν
2811 1191 3228 1261 προειρημένων
3272 1191 3590 1262 διοικήσεων
3656 1194 3803 1263 μετὰ

2213 1279 2323 1331 τῶν
2369 1280 2469 1348 τῆς
2505 1282 2773 1352 ἐπαρχίας
2827 1282 3146 1335 ἐπισκόπων
3188 1285 3622 1353 χειροτονοῦντος
3667 1287 3806 1349 τοὺς

2800 1375 3221 1444 χειροτονεῖσθαι
3268 1376 3325 1428 δέ
3384 1376 3566 1440 καθὼς
3643 1380 3802 1448 εἴρη-

516 1484 607 1523 ται
651 1472 779 1534 τοὺς
829 1469 1229 1541 μητροπολίτας
1274 1469 1382 1523 τῶν
1421 1467 1837 1540 προειρημένων
1879 1464 2225 1533 διοικήσεων,
2296 1461 2444 1531 παρά
2501 1463 2594 1515 τοῦ
2656 1465 3283 1528 Κωνσταντινουπόλεως
3331 1467 3796 1537 ἀρχιεπισκόπου,

515 1563 885 1634 ψηφισμάτων
931 1565 1236 1635 συμφώνων
1290 1564 1433 1618 κατά
1488 1563 1549 1616 τὸ
1596 1563 1714 1626 ἔθος
1766 1561 2089 1630 γινομένων,
2131 1556 2229 1610 καὶ
2255 1558 2343 1608 ἐπ’
2378 1559 2540 1609 αὑτὸν
2566 1560 3011 1630 ἀναφερομένων.

744 1653 968 1709 Comi/ii
997 1654 1328 1710 Sardicensis
1360 1673 1584 1710 canones
1614 1658 1667 1721 '5,
1701 1657 1756 1721 4,
1791 1656 1844 1709 5.

581 1748 637 1801 5.
667 1744 833 1802 Osius
865 1748 1156 1817 episcopus
1178 1749 1315 1803 dixit
1352 1766 1365 1802 :
1411 1748 1525 1802 Hoc
1549 1762 1768 1817 quoque
1789 1746 2102 1802 necessario

2416 1651 2686 1704 Συνόδου
2739 1651 3037 1721 Σαρδιχῆς
3097 1655 3297 1707 κανὼν
3331 1653 3380 1721 γ’
3416 1656 3456 1706 δ’
3492 1661 3554 1708 ε’.

2277 1746 2344 1806 γ’.
2389 1741 2572 1803 ’Ὀσιος
2602 1742 2899 1806 ἐπίσκοπος
2931 1740 3118 1795 εἶπεν·
3154 1745 3450 1812 ἀναγκαῖον
3491 1747 3587 1797 καὶ
3628 1745 3795 1800 τοῦτο

517 1849 601 1894 est
633 1838 1042 1909 adjiciendum,
1099 1851 1160 1894 ut
1205 1841 1388 1896 nullus
1437 1844 1821 1909 episcoporum
1882 1855 1949 1893 ex
2001 1853 2095 1893 sua

2208 1832 2594 1902 προστεθῆναι,
2635 1832 2721 1885 ἵνα
2745 1834 2934 1904 μηδεὶς
2967 1835 3285 1888 ἐπισκόπων
3319 1837 3426 1889 ἀπὸ
3452 1837 3552 1907 τῆς
3585 1838 3787 1892 ἐαυτοῦ

517 1930 805 1998 provincia
841 1929 894 1983 in
925 1930 1086 1984 aliam
1122 1929 1482 1998 pr0vinciam,
1535 1928 1588 1982 in
1644 1943 1750 1997 qua
1808 1936 1937 1980 sunt
1982 1925 2098 1995 epi-

519 2021 693 2090 scopi,
730 2029 1004 2087 trauseat;
1045 2020 1149 2074 nisi
1183 2022 1372 2089 utique
1411 2035 1442 2073 a
1481 2021 1595 2073 suis
1645 2017 1912 2072 fratribus
1937 2031 2098 2070 voce-

517 2124 638 2180 tur;
677 2129 744 2167 ne
768 2113 1054 2168 videamur
1098 2113 1407 2166 dilectionis
1459 2110 1603 2165 fores
1657 2109 1930 2164 claudere.
1985 2107 2099 2162 Hoc

518 2216 701 2259 autem
736 2206 902 2259 etiam
939 2204 1198 2259 similiter
1229 2203 1626 2272 providendum
1663 2211 1770 2266 est,
1821 2209 1881 2256 ut
1946 2203 1990 2255 si
2044 2201 2096 2253 iu

517 2299 700 2368 aliqua
753 2298 1031 2368 provincia
1073 2297 1454 2367 episcoporum
1505 2295 1773 2366 quispiam
1834 2295 2099 2348 adversus

515 2389 743 2445 fratrem
779 2407 940 2446 suum
991 2398 1046 2446 et
1104 2391 1488 2460 coepiscopum
1535 2389 1814 2459 negotium
1879 2387 2096 2453 habeat,

518 2493 713 2535 neuter
738 2497 926 2536 eorum
959 2479 1052 2554 [ne
1083 2496 1225 2535 unus
1255 2495 1286 2534 e
1315 2478 1555 2551 duobus]
1585 2496 1654 2534 ex
1678 2479 1783 2533 alia
1814 2479 2097 2549 provincia

519 2575 811 2644 episcopos
839 2573 1149 2642 cognitores
1176 2567 1390 2628 evocet'.
1418 2571 1473 2626 Si
1500 2574 1624 2643 quis
1661 2580 1844 2626 autem
1885 2573 2100 2642 cpisco-

516 2682 712 2736 porum
733 2668 783 2720 in
804 2667 987 2736 aliquo
1019 2667 1238 2736 negotio
1265 2665 1717 2721 condemnandus
1733 2664 1886 2720 visus
1910 2662 2094 2728 fuerit,

517 2769 572 2812 et
605 2759 885 2814 existimet
917 2775 976 2814 se
1028 2774 1136 2816 non
1183 2760 1409 2822 malam,
1473 2759 1567 2813 sed
1619 2757 1818 2818 bonam
1873 2770 2094 2810 causam

516 2850 739 2914 habere,
769 2858 829 2903 ut
868 2849 1030 2903 etiam
1088 2864 1281 2905 rursus
1335 2847 1606 2916 judicium
1667 2854 2007 2901 renovetur:
2049 2844 2097 2900 si

514 2951 711 2997 vestrae
741 2941 1018 2997 dilectioni
1053 2941 1289 3002 videtur,
1321 2939 1464 2994 l’etri
1499 2938 1731 3009 apostoli
1777 2939 2094 2993 memoriam

518 3035 871 3098 houoremus,
907 3041 968 3088 ut
999 3033 1066 3088 ab
1117 3033 1184 3088 iis
1229 3035 1322 3102 qui
1361 3032 1769 3102 judicaverunt,
1821 3032 2099 3087 scribatur

514 3127 660 3180 .lulio
705 3126 1082 3182 Romanorum
1144 3126 1434 3196 episcopo;
1486 3137 1538 3179 et
1603 3140 1700 3196 per
1759 3124 2095 3194 propinquos

2206 1923 2478 1994 ἐπαρχίας
2502 1925 2580 1985 είς
2599 1925 2791 1990 ἑτέραν
2813 1927 3104 1996 ἐπαρχίαν,
3135 1921 3245 2002 ἐν
3265 1929 3622 1998 τυγχάνουσιν
3636 1930 3792 1994 ὄντες

2205 2014 2517 2078 ἐπίσκοποι,
2543 2013 2829 2067 διαϐαίνοι’
2849 2018 2897 2067 εἰ
2912 2017 2985 2086 μή
3006 2033 3086 2069 τοι
3109 2018 3259 2088 παρά
3274 2018 3382 2070 τῶν
3406 2018 3650 2086 ἀδελφῶν
3676 2019 3792 2073 τῶν

2204 2102 2399 2157 ἐαυτοῦ
2435 2104 2684 2175 κληθείη,
2713 2105 2802 2158 διὰ
2824 2105 2884 2158 τὺ
2915 2107 2990 2177 μὴ
3009 2108 3184 2160 δοκεῖν
3224 2111 3371 2180 ἡμᾶς
3397 2109 3494 2173 τὰς
3522 2111 3619 2181 τῆς
3650 2111 3793 2179 ἀγά-

2203 2213 2310 2266 πης
2326 2196 2636 2249 ἀποκλείειν
2664 2197 2836 2262 πύλας
2862 2216 2877 2230 ο
2895 2200 3162 2253 καὶτοῦτο
3185 2201 3242 2254 δέ
3267 2201 3528 2266 ὡσαύτως
3551 2219 3791 2274 προνοη-

2202 2289 2344 2354 τέον,
2375 2289 2516 2342 ὥστε
2571 2290 2668 2343 ἐάν
2708 2307 2813 2343 τινι
2849 2292 3089 2364 ἐπαρχίᾳ
3137 2295 3453 2348 ἐπισκόπων
3497 2313 3579 2359 τις
3634 2296 3789 2348 ἄντι-

2202 2397 2340 2449 κρυς
2361 2379 2590 2449 ἀδελφοῦ
2627 2379 2820 2434 ἐαυτοῦ
2861 2385 3258 2438 συνεπισκόπου
3310 2389 3543 2457 πρᾶγμα
3605 2387 3788 2457 σχοίη,

2205 2470 2409 2540 μηδένα
2465 2469 2653 2540 ἓτερον
2719 2473 2784 2524 ἐκ
2853 2473 3057 2526 τούτων
3105 2477 3213 2528 ἀπὸ
3263 2476 3452 2549 ἐτέρας
3519 2478 3788 2549 ἐπαρχίας

2202 2563 2535 2625 ἐπισκόπους
2583 2563 2968 2634 ἐπιγνώμονας
3018 2567 3411 2622 ἐπικαλεῖσθαι.
3463 2569 3526 2621 Et
3565 2571 3621 2621 δὲ
3676 2571 3791 2640 ἄρα.

2201 2668 2285 2715 τις
2331 2653 2645 2706 ἐπισκόπων
2693 2654 2749 2706 ἐν
2800 2672 2905 2707 τινι
2961 2657 3244 2725 πράγματι
3293 2658 3430 2724 δόξει
3469 2659 3791 2730 κατακρίνει

2202 2745 2369 2811 σθαι,
2427 2745 2526 2797 καὶ
2582 2746 2956 2814 ὑπολαμϐάνει
3020 2749 3211 2801 ἐαυτὸν
3269 2749 3344 2819 μὴ
3402 2750 3603 2822 σαθρὸν
3648 2752 3786 2804 ἀλλὰ

2200 2836 2365 2890 καλὸν
2388 2835 2533 2908 ἔχειν
2567 2837 2627 2890 τὸ
2657 2840 2913 2909 πρᾶγμα,
2941 2838 3028 2893 ἵνα
3059 2839 3156 2893 καὶ
3183 2836 3340 2904 αὖθις
3371 2843 3404 2911 ή
3445 2843 3626 2912 κρίσις
3651 2844 3786 2896 ἀνα.-

2199 2927 2400 3000 νεωθῇ,
2438 2929 2487 2982 εὶ
2517 2929 2665 2983 δοκεῖ
2702 2930 2856 3000 ὑμῶν
2917 2933 2983 3001 τῇ
3015 2931 3225 3002 ἀγάπῃ,
3259 2933 3467 3003 Πέτρου
3503 2933 3596 2986 τοῦ
3652 2935 3788 2986 ἀπο-

2201 3021 2389 3073 στόλου
2411 3021 2511 3090 τὴν
2551 3023 2772 3092 μνήμην
2805 3023 3130 3093 τιμήσωμεν
3157 3041 3170 3054 ·
3198 3025 3291 3077 καὶ
3323 3026 3600 3096 γραφῆναι
3631 3025 3783 3096 παρά

2200 3112 2408 3166 τούτων
2441 3112 2551 3165 τῶν
2585 3113 2892 3183 κρινάντων
2947 3113 3153 3186 Ἰουλίῳ
3189 3115 3268 3186 τῷ
3315 3116 3603 3180 ἐπισκόπῳ
3647 3115 3785 3168 Ῥώ-

515 3219 811 3288 provincia:
839 3218 1150 3287 episcopos,
1197 3218 1240 3272 si
1281 3233 1418 3287 opus
1467 3219 1558 3280 sit,
1617 3215 1883 3287 judicium
1932 3231 2094 3270 reuo-

2202 3225 2306 3279 μης
2335 3225 2349 3239 ⁸
2379 3208 2522 3262 ὥστε
2543 3208 2634 3261 διὰ
2655 3207 2764 3263 τῶν
2801 3211 3160 3278 γειτνιώντων
3189 3213 3255 3280 τῇ
3290 3210 3528 3282 ἐπαρχία
3553 3209 3780 3262 ἐπισκό-

517 3317 704 3375 vctur;
737 3317 791 3364 et
819 3309 1130 3378 cognitores
1159 3309 1272 3378 ipse
1299 3308 1554 3377 praebeat.
1584 3306 1640 3362 Si
1664 3318 1845 3362 autem
1875 3309 2094 3378 probari

515 3416 624 3454 non
666 3408 844 3470 potest
896 3415 1116 3453 causam
1152 3400 1271 3467 ejus
1303 3414 1425 3453 esse
1497 3399 1656 3452 talem
1705 3408 1762 3452 ut
1817 3414 1936 3453 eam
1989 3400 2094 3469 27

515 3490 958 3561 rursusjudieari
993 3506 1133 3561 opus
1160 3493 1265 3554 sit,
1293 3507 1414 3560 quae
1467 3493 1633 3545 semel
1685 3501 1812 3545 sunt
1852 3492 2095 3563 judicata

514 3597 624 3637 non
656 3582 1019 3646 iuﬁrtneutur,
1051 3582 1146 3637 sed
1182 3591 1296 3636 rata
1328 3582 1400 3635 sit
1443 3582 1548 3635 lata
1582 3582 1873 3635 sententia.

588 3761 641 3812 4.
675 3758 1016 3812 Gaudentius
1057 3757 1346 3828 episcopus
1406 3759 1543 3812 dixit
1577 3776 1589 3811 :
1624 3757 1680 3812 Si
1729 3759 1944 3814 videtur
2000 3776 2095 3814 ne-

515 3865 668 3904 cesse
697 3865 819 3905 esse
844 3850 1004 3921 adjici
1036 3850 1166 3903 huic
1200 3850 1505 3913 sentcntiae,
1547 3852 1714 3918 qum
1760 3851 1972 3904 sincera
2007 3851 2094 3903 di-

513 3939 750 3994 lectione
791 3941 1006 4010 plenam
1063 3942 1361 4010 protulisti,
1419 3952 1477 3995 ut
1523 3943 1567 3996 si
1620 3943 1744 4008 quis
1802 3945 2095 4014 episcopus

512 4032 681 4086 fuerit
708 4033 989 4102 depositus
1019 4033 1227 4103 judicio
1270 4035 1647 4103 episcoporum
1714 4037 1806 4104 qui
1855 4046 1983 4090 sunt
2041 4037 2093 4090 iu

512 4122 736 4187 vicinia,
770 4133 823 4176 ct
859 4123 1008 4176 dicat
1038 4138 1230 4178 rursus
1270 4124 1374 4177 sibi
1418 4123 1755 4179 defensionis
1815 4127 2092 4194 negotium

512 4228 861 4284 competere;
897 4232 1002 4268 non
1036 4215 1188 4283 prius
1226 4215 1277 4268 in
1319 4217 1636 4270 cathedram
1689 4218 1832 4272 alius
1891 4219 2095 4272 substi-

510 4312 716 4368 tuatur,
766 4320 930 4374 quam
983 4303 1260 4360 Rullianus
1319 4307 1610 4376 episcOpus
1654 4324 1819 4364 causa
1874 4311 2091 4380 mgnita

510 4398 833 4453 sententiam
865 4400 1071 4453 tulerit.

585 4576 829 4635 5.0sius
867 4578 1159 4646 episcopus
1211 4579 1348 4633 dixit
1407 4597 1420 4632 :
1474 4579 1702 4642 Placuit,
1758 4590 1817 4635 ut
1869 4582 1916 4636 si
1966 4583 2090 4652 quis

510 4669 802 4738 episcOpus
837 4670 1051 4724 delatus
1079 4669 1262 4735 fuerit,
1301 4681 1357 4724 et
1383 4675 1694 4742 congregati
1726 4673 2090 4742 ejusdem're-

511 4761 690 4821 eionis
720 4761 960 4838 episcopi
992 4777 1116 4816 euut
1154 4763 1323 4831 gradu
1358 4767 1659 4831 moverint;
1707 4776 1761 4820 et
1796 4767 1958 4821 veluti
1990 4782 2087 4835 ap-

509 4849 720 4918 pellans
761 4850 1072 4918 confugerit
1115 4854 1180 4905 ad
1247 4854 1622 4909 beatissimum
1675 4854 1931 4911 Romana:
1989 4857 2089 4910 Ec-

511 4940 690 4994 clesiae
723 4941 1064 5010 episcopum,
1107 4953 1158 4998 et
1193 4946 1320 4999 Velit
1357 4948 1533 5016 ipsum
1557 4949 1768 5012 audire,
1804 4951 2088 5021 etjustum

509 5047 632 5085 esse
655 5032 1055 5088 existimaverit
1108 5036 1228 5105 ejus
1285 5039 1357 5091 rei
1408 5040 1870 5094 examinationem
1930 5057 2091 5096 reno-

507 5125 662 5190 vari;
695 5125 1034 5194 coepiscopis
1063 5127 1301 5182 scribere
1323 5129 1596 5199 dignetur,
1645 5132 1738 5200 qui
1770 5139 1904 5186 sunt
1960 5149 2089 5203 pro-

507 5217 700 5285 pinqui
732 5217 1050 5286 provinciae,
1083 5227 1142 5272 ut
1170 5219 1269 5288 ipsi
1303 5219 1594 5289 diligenter
1618 5230 1672 5277 et
1695 5232 1953 5278 accurate
1977 5225 2091 5278 siu-

510 5309 633 5377 gula
665 5319 1104 5379 perscruteutur,
1130 5320 1185 5364 et
1209 5327 1272 5364 ex
1306 5313 1554 5367 veritatis
1589 5313 1691 5368 ﬁde
1733 5316 1802 5370 de
1855 5332 1914 5370 re
1967 5330 2090 5369 sen-

511 5403 734 5454 tentiam
767 5401 960 5454 ferant.
994 5402 1046 5454 Si
1083 5402 1208 5470 quis
1234 5415 1413 5456 autem
1449 5407 1687 5473 postulet
1723 5423 1884 5461 suum
1935 5425 2092 5478 nego-

512 5501 645 5549 tium
689 5512 882 5550 ruisus
927 5497 1125 5558 audiri,
1188 5508 1242 5551 et
1291 5499 1358 5552 ad
1421 5515 1576 5554 suam
1635 5503 2088 5570 supplicationem

511 5586 627 5640 Ro:
657 5603 889 5643 auorum
920 5592 1236 5659 episcopum
1285 5590 1536 5657 judicare
1594 5590 1858 5664 [movere]
1913 5596 2087 5650 visum

511 5681 696 5748 fuerit,
741 5697 794 5740 ut
825 5686 1294 5758 apropriolaterc
1344 5690 1692 5759 presbyteros
1742 5693 1920 5747 mittat
1974 5712 1985 5746 :
2037 5701 2090 5746 et

513 5774 583 5828 sit
643 5776 696 5830 in
750 5788 1012 5846 potestate
1055 5781 1223 5851 ipsius
1275 5784 1640 5853 quodcunque
1693 5793 1838 5839 recte
1891 5785 2089 5840 habeer

2201 3320 2337 3371 πων,
2374 3307 2422 3357 εἰ
2456 3305 2566 3358 δέοι
2611 3306 3008 3376 ἀνανεωθῆναι,
3043 3306 3105 3359 τὸ
3137 3306 3494 3378 δικαστήριον
3529 3307 3625 3359 καὶ
3651 3306 3776 3358 ἐπι-

2198 3397 2484 3468 γνώμονας
2536 3398 2700 3462 αύτδς
2771 3401 3084 3469 παράσχοι·
3147 3401 3194 3452 εἰ
3250 3400 3306 3452 δὲ
3365 3399 3442 3470 μὴ
3518 3399 3781 3468 συστῆναι

2198 3485 2448 3552 δύναται,
2480 3489 2723 3543 τοιοῦτον
2755 3491 2919 3543 αὐτοῦ
2941 3485 3083 3544 εἶναι
3105 3491 3165 3543 τὸ
3200 3493 3441 3561 πρᾶγμα
3463 3491 3539 3553 ὡς
3581 3491 3778 3544 παλιν-

2197 3580 2378 3643 δικίας
2429 3579 2670 3651 χρῄζειν,
2694 3582 2763 3634 τὰ
2802 3583 2949 3648 ἅπαξ
2983 3586 3287 3653 κεκριμένα
3321 3584 3396 3656 μὴ
3427 3585 3776 3648 ἀναλύεσθαι,

2198 3673 2266 3724 τὰ
2295 3672 2350 3723 δὲ
2385 3672 2513 3726 ὄντα
2539 3672 2732 3742 βέϐαια
2758 3674 3070 3743 τυγχάνειν.

2266 3765 2327 3818 δ’.
2356 3765 2674 3828 Γαυδέντιος
2705 3766 3005 3828 ἐπίσκοπος
3027 3762 3180 3820 εἷπεν
3202 3782 3216 3796 ⁸
3251 3786 3269 3818 ι
3319 3768 3381 3820 El
3415 3769 3566 3821 δοκεῖ
3611 3771 3779 3838 ἀναγ-

2198 3859 2349 3911 καῖον
2371 3856 2733 3926 προστεθῆναι
2757 3857 2933 3931 ταύτῃ
2959 3861 3024 3929 τῇ
3065 3859 3360 3927 ἀποφάσει,
3385 3861 3452 3930 ἧν
3483 3878 3602 3913 τινα
3640 3862 3776 3929 ἀγά-

2198 3966 2307 4019 πης
2349 3948 2679 4020 εἰλικρινοῦς
2732 3950 2915 4020 πλήρη
2949 3951 3295 4022 ἐξενήνοχας,
3355 3953 3495 4005 ὥστε
3562 3955 3656 4006 ἐάν
3693 3969 3778 4015 τις

2197 4043 2492 4104 ἐπίσκοπος
2517 4041 2822 4114 καθαιρεθῇ
2854 4047 2918 4114 τῇ
2969 4043 3149 4114 κρίσει
3171 4044 3376 4096 τούτων
3411 4047 3518 4097 τῶν
3555 4045 3774 4098 ἐπισκό-

2199 4151 2316 4186 πων
2335 4134 2444 4187 τῶν
2487 4135 2545 4185 ἐν
2582 4134 2796 4204 γειτνίᾳ
2825 4135 3227 4204 τυγχανόντων,
3251 4139 3346 4188 καὶ
3373 4137 3559 4206 φάσκῃ
3611 4135 3773 4189 πάλιν

2199 4225 2381 4296 ἐαυτῷ
2413 4225 2714 4293 ἀπολογίας
2755 4227 2986 4296 πρᾶγμα
3027 4225 3361 4291 ἐπιϐάλλειν,
3394 4227 3469 4297 μὴ
3509 4228 3776 4296 πρότερον

2198 4319 2280 4380 είς
2320 4319 2417 4387 τὴν
2460 4317 2731 4387 καθέδραν
2761 4317 2927 4370 αὑτοῦ
2969 4318 3156 4389 ἓτερον
3187 4319 3652 4389 ὑποκαταστῆναι,
3676 4321 3770 4373 ἐὰν

2201 4408 2275 4478 μὴ
2327 4409 2356 4459 ό
2392 4411 2494 4478 τῆς
2532 4408 2819 4480 Ῥωμαίων
2838 4411 3133 4473 ἐπίσκοπος
3171 4411 3447 4479 ἐπιγνοὺς,
3484 4412 3615 4484 περὶ
3648 4410 3745 4465 τού

2195 4516 2288 4554 του
2313 4501 2436 4572 ὅρον
2465 4501 2745 4573 ἐξενέγκῃ.
2789 4521 2807 4554 ι

2267 4599 2330 4648 ε’.
2370 4593 2554 4656 "Octo;
2575 4593 2875 4656 ἐπίσκοπος
2908 4591 3097 4648 εἶπεν·
3142 4616 3160 4646 ι
3196 4596 3452 4665 Ἤρεσεν,
3480 4595 3546 4647 ἵν’
3595 4595 3650 4648 εἴ
3689 4610 3775 4657 τις

2195 4683 2494 4745 ἐπίσκοπος
2553 4684 2981 4755 καταγγελθείη,
3044 4687 3140 4740 καὶ
3194 4685 3682 4757 συναθροισθέντες
3723 4685 3774 4737 οἱ

2195 4776 2485 4828 ἐπίσκοποι
2506 4775 2608 4844 τῆς
2633 4777 2845 4848 ἐνορίας
2875 4777 2973 4847 τῆς
3003 4778 3195 4847 αὐτῆς,
3225 4779 3318 4831 τοῦ
3355 4777 3565 4848 βαθμοῦ
3613 4777 3774 4831 αὐτὸν

2194 4869 2593 4938 ἀποκινήσωσι,
2630 4869 2726 4922 καὶ
2760 4869 2818 4931 ὃς
2844 4882 2950 4940 περ
2987 4870 3430 4940 ἐκκαλεσάμενος
3478 4869 3771 4939 καταφύγῃ

2194 4963 2286 5014 ἐπὶ
2334 4960 2424 5013 τὸν
2489 4960 2906 5032 μακαριώτατον
2967 4962 3070 5029 τῆς
3131 4962 3418 5032 Ῥωμαίων
3440 4961 3772 5033 Ἑκκλησίας

2194 5053 2513 5118 ἐπίσκοπον,
2549 5054 2644 5107 καὶ
2678 5053 2966 5124 βουληθείη
3001 5054 3168 5108 αὐτοῦ
3217 5054 3526 5116 διακοῦσαι,
3561 5055 3770 5109 δίκαιόν

2193 5165 2252 5200 τε
2284 5141 2425 5200 εἶναι
2457 5146 2653 5216 νομίσῃ
2689 5144 3101 5199 ἀνανεώσασθαι
3153 5147 3321 5199 αὐτοῦ
3377 5147 3477 5214 τὴν
3526 5147 3772 5213 ἐξέτασιν

2192 5236 2286 5290 τοῦ
2340 5237 2686 5306 πράγματος,
2749 5236 2981 5306 γράφειν
3027 5236 3240 5301 τούτοις
3294 5241 3407 5302 τοῖς
3451 5239 3772 5302 ἐπισκόποις

2194 5329 2509 5400 καταξιώσῃ
2545 5331 2657 5392 τοῖς
2684 5331 3069 5399 ἀγχιστεύουσι
3095 5335 3162 5403 τῇ
3194 5332 3453 5404 ἐπαρχίᾳ,
3491 5334 3579 5386 ἵνα
3619 5332 3772 5386 αὐτοὶ

2193 5423 2468 5492 ἐπιμελῶς
2491 5425 2584 5474 καὶ
2609 5423 2748 5492 μετά
2778 5421 3082 5492 ἀκριϐείας,
3114 5425 3320 5477 ’ἑκαστα
3343 5425 3734 5496 διερευνήσωσι
3751 5441 3766 5456 ·

2194 5516 2286 5566 καὶ
2314 5513 2456 5567 κατά
2484 5515 2580 5584 τὴν
2611 5513 2711 5582 τῆς
2737 5515 2993 5593 ἀληθείας
3046 5517 3249 5578 πίστιν,
3282 5515 3461 5585 ψῆφον
3501 5516 3630 5586 περὶ
3677 5514 3768 5568 τοῦ

2195 5606 2521 5675 πράγματος
2559 5607 2941 5673 ἐξενέγκωσιν.
2983 5608 3046 5658 Εἰ
3078 5607 3132 5659 δέ
3161 5625 3244 5670 τις
3279 5607 3445 5670 ἀξιῶν
3483 5610 3577 5661 καὶ
3607 5609 3766 5661 πάλιν

2198 5697 2363 5749 αὑτοῦ
2419 5697 2478 5749 τὸ
2540 5699 2772 5767 πρᾶγμα
2811 5697 3167 5766 ἀκουσθῆναι,
3221 5699 3316 5752 καὶ
3365 5701 3433 5770 τῇ
3480 5700 3663 5770 δεήσει
3702 5701 3767 5768 τῇ

2196 5785 2391 5838 ἑαυτοῦ
2422 5788 2512 5840 τὸν
2545 5787 2834 5858 Ῥωμαίων
2871 5789 3169 5843 ἐπίσκοπον
3217 5792 3424 5860 κρίνειν
3453 5791 3613 5859 δόξει,
3662 5788 3770 5844 ἀπὸ
