4122 6442
345 341 445 406 4τ3

1173 339 1572 402 ΞΥΝΤΛΘΜΛ
1605 339 1994 402 εΑΝοΝυΜ.
2037 364 2108 376 -
2141 340 2288 400 ΤΙΤ-
2333 341 2382 414 Ι,
2421 341 2582 400 CAP-
2619 339 2716 401 IV-

3510 340 3612 404 474

343 454 438 508 τοῦ
465 452 598 506 ἰδίου
631 449 864 520 πλευροῦ
913 448 1320 518 πρεσϐυτέρους
1363 450 1694 512 ἁποστείλοι,
1727 451 1816 504 ἴνα
1863 449 1920 502 ὲν

2044 447 2375 512 irobaverit;
2407 455 2462 500 et
2493 447 2538 500 si
2571 443 2878 500 decreverit
2906 453 3160 514 oportere
3185 461 3284 502 eos
3315 446 3483 512 milli,
3513 451 3606 518 qui

337 551 400 619 τῇ
431 545 654 615 ἐξουσίᾳ
689 544 856 596 αὐτοῦ
910 544 1004 596 τοῦ
1065 545 1392 604 ἐπισκόπου,
1429 545 1568 613 ὅπερ
1619 543 1686 596 ἂν
1738 543 1919 606 καλῶς

341 640 480 708 ἔχειν
511 637 786 706 δοκιμάσῃ
833 636 928 688 καὶ
982 637 1141 706 ὁρίσῃ
1167 677 1182 700 ,
1221 637 1330 689 δεῖν
1381 637 1752 705 ἀποσταλῆναι
1795 636 1922 698 τοὺς

349 731 485 802 μετὰ
533 731 643 784 τῶν
697 729 1010 782 ἐπισκόπων
1059 730 1398 800 κρινοῦντας,
1429 727 1650 798 ἔχοντάς
1706 745 1766 780 τε

345 825 632 877 αὑθεντίαν
681 823 872 874 τούτου
919 821 1051 890 παρ’
1079 813 1140 872 οὗ
1168 821 1554 890 ἀπεστάλησαν
1579 837 1593 851 ·
1637 822 1732 872 καὶ
1759 818 1918 872 τοῦτο

1821 729 1919 796 τὴν

340 919 540 980 θετέον,
576 918 621 968 εί
661 916 716 968 δὲ
753 915 1003 980 ἐξαρκεῖν
1030 915 1238 984 νομίζοι
1281 914 1414 983 πρὸς
1465 913 1564 984 τὴν
1647 913 1739 965 τοῦ
1778 913 1924 984 πρά-

341 1025 546 1078 γματος
571 1008 862 1074 ἐπίγνωσιν
887 1012 977 1060 καὶ
1005 1008 1280 1074 ἀπόφασιν
1311 1005 1402 1058 τοῦ
1465 1007 1787 1070 ἐπισκόπου,
1807 1022 1924 1058 ποι-

339 1107 458 1172 ήσει
496 1101 633 1170 ὅπερ
675 1099 740 1152 ἂν
772 1103 838 1170 τῇ
889 1098 1300 1170 ἐμφρονεστὰτῃ
1328 1097 1492 1150 αὐτοῦ
1535 1097 1696 1168 βουλῇ
1741 1096 1926 1158 καλῶς

344 1195 487 1264 ἔχειν
509 1193 658 1263 δόξῃ.

549 1306 820 1361 Συνόδου
843 1305 1262 1374 Καρθαγέννης
1283 1306 1483 1358 κανὼν
1507 1307 1592 1368 ιζ’,
1619 1305 1719 1359 λθ’.

343 1401 521 1454 Ὥστε
569 1397 835 1464 ἑκάστην
877 1397 1174 1465 ἐπαρχίαν
1229 1396 1328 1450 διὰ
1368 1396 1433 1450 τὸ
1511 1394 1920 1464 μακροδαπὲς,

739 1469 1118 1536 πρωτεύοντα
1159 1467 1324 1536 ἔχειν
1353 1467 1530 1520 ἴδιον.

413 1559 496 1626 ιζ’.
529 1562 763 1631 ’Πρεσεν
787 1560 914 1629 ἵναή
935 1559 1280 1628 Μαυριτανία
1303 1558 1647 1628 Σιτιφένσης,
1669 1557 1742 1620 ὡς
1755 1557 1927 1629 ᾔτησε

341 1655 431 1707 τὸν
465 1652 816 1724 πρωτεύοντα
843 1651 940 1720 τῆς
969 1651 1306 1721 Νουμιδικῆς
1337 1649 1542 1721 χώρας,
1584 1646 1651 1722 ἦς
1678 1669 1824 1714 τινος
1859 1654 1926 1705 ἐκ

341 1749 436 1816 τῆς
493 1745 715 1798 συνόδου
769 1742 1128 1813 κεχώρισται,
1197 1741 1298 1795 ἵδιο
1351 1741 1485 1817 ἔχῃν
1555 1743 1924 1814 πρωτεύοντα.

343 1839 657 1893 Συναινέσει
681 1832 774 1890 οὖν
807 1837 1024 1890 πάντων
1045 1835 1152 1888 τῶν
1175 1835 1564 1906 πρωτευόντων
1605 1835 1714 1888 τῶν
1731 1836 1924 1904 ’Λφρι-
1955 1854 1996 1908 Β

343 1929 520 1984 κανῶν
561 1927 864 1998 ἐπαρχιῶν,
891 1926 988 1980 καὶ
1042 1925 1260 1979 πάντων
1293 1926 1403 1978 τῶν
1459 1927 1798 1990 ἐπισκόπων,
1836 1928 1928 1981 διὰ

342 2021 402 2074 τὺ
437 2019 791 2090 μακροδαπὲς
823 2018 968 2088 ἒχειν
999 2018 1310 2089 ἐπετράπη.

349 2141 484 2210 Περὶ
509 2139 622 2194 τοῦ
668 2139 776 2192 τὸν
823 2136 1058 2204 πρῶτον
1096 2137 1441 2191 ἐπίσκοπον
1483 2138 1577 2260 έιὴ
1639 2155 1942 2212 προσαγο-

641 2211 923 2260 οεὺεσθαι
953 2209 1214 2260 ἓεαογον
1245 2206 1365 2260 τῶν
1394 2212 1480 2260 leo
1515 2227 1615 2260 ων.

635 2211 923 2278 ρεύεσθαι
953 2209 1214 2275 ἔξαρχον
1245 2206 1365 2260 τῶν
1394 2206 1615 2276 Ιερέωιρ.

419 2302 519 2356 λθ’.
558 2303 730 2355 ’Ὥστε
765 2300 854 2352 τὸν
885 2301 981 2369 τῆς
1029 2302 1256 2370 πρώτης
1290 2301 1562 2371 καθέδρας
1615 2305 1935 2370 ἐπίσκοπον,

357 2395 428 2464 μὴ
459 2393 719 2462 λέγεσθαι
747 2393 974 2462 ἔξαρχον
997 2391 1106 2444 τῶν
1138 2391 1332 2462 ἱερέων
1356 2433 1371 2457 ,
1416 2393 1448 2462 ἢ
1475 2393 1643 2463 ἄκρον
1687 2397 1858 2468 ἱερέα,
1903 2398 1938 2468 ἢ

357 2483 760 2555 τοιουτότροπόν
817 2483 870 2535 τι
911 2499 1044 2535 ποτε
1073 2523 1088 2548 ,
1120 2483 1256 2536 ἀλλὰ
1299 2483 1458 2554 μόνον
1506 2487 1803 2542 ἐπίσκοπον
1842 2489 1942 2560 τῆς

363 2573 580 2645 πρώτης
605 2575 898 2642 καθέδρας.

483 2688 754 2741 Συνόδου
783 2685 1203 2754 οίκουμενικῆς
1231 2693 1284 2751 ς’
1310 2687 1510 2741 κανὼν
1552 2689 1662 2754 λς’,
1693 2689 1790 2744 λθν.

425 2781 528 2846 λς’.
575 2779 828 2832 Ἀνανεού
839 2795 989 2848 μενοι
1021 2780 1089 2831 τὰ
1107 2780 1256 2850 παρὰ
1283 2779 1392 2832 τῶν
1422 2785 1506 2850 ργ¹
1554 2781 1724 2850 ἁγίων
1759 2784 1938 2839 [Ιατέ-

360 2889 482 2943 ρων,
517 2871 632 2925 τῶν
655 2873 710 2926 ἐν
736 2874 801 2941 τῇ
833 2869 1184 2941 θεοφυλάκτῳ
1209 2875 1382 2945 ταύτῃ
1402 2874 1496 2926 καὶ
1519 2873 1750 2944 βασιλίδι
1783 2877 1936 2930 πόλει

359 2966 745 3030 συνελθόντων,
779 2965 875 3018 καὶ
927 2965 1036 3018 τῶν
1075 2967 1152 3034 χλ’
1192 2965 1300 3018 τῶν
1355 2967 1416 3020 ὲν
1463 2967 1766 3037 Χαλκηδόνι
1808 2986 1938 3022 συν-

355 3057 758 3128 αθροισθέντων
807 3056 1261 3127 νομοθετηθέντα,
1307 3057 1600 3128 ὁρίζομενο
1649 3058 1790 3112 ὥστε
1844 3059 1936 3113 τὸν

337 3148 976 3210 ,Κωνσταντινουπὸλεως
1023 3147 1212 3218 θρόνον
1281 3148 1390 3200 τῶν
1451 3149 1581 3201 ἴσων
1629 3149 1930 3202 ἀπολαύειν

355 3240 684 3309 πρεσϐείων,
726 3239 818 3292 τοῦ
875 3241 974 3309 τῆς
1003 3239 1380 3311 πρεσϐυτέρας
1439 3239 1658 3312 Ῥώμης
1707 3241 1934 3312 θρόνουο

355 3333 448 3384 καὶ
471 3335 526 3384 ἐν
554 3333 670 3394 τοῖς
693 3331 1165 3401 ἐκκλησιαστικοῖς
1191 3331 1266 3394 ὡς
1298 3333 1505 3386 ἐκεῖνον
1536 3331 1938 3401 μεγαλύνεσθαι

358 3424 672 3493 πράγμασι,
719 3421 974 3491 δεύτερον
1029 3422 1147 3490 μετ’
1193 3424 1402 3476 ἐκεῖνον
1429 3423 1782 3494 ὑπάρχοντα·
1818 3424 1938 3492 μεθ’

283 3545 286 3548 -
355 3514 414 3567 δν
458 3515 485 3566 ὁ
523 3514 628 3584 τῆς
681 3513 1078 3584 Ἀλεξανδρέων
1131 3515 1560 3584 μεγαλοπόλεως
1594 3513 1942 3586 ἀριθμείσθω

359 3603 554 3674 θρόνος
577 3619 590 3633 ·
643 3604 764 3656 εἶτα
805 3606 834 3656 ὁ
865 3606 964 3672 τῆς
1013 3604 1332 3675 Ἀντιοχέων
1361 3605 1780 3675 μεγαλοπόλεως
1801 3623 1816 3639 ·
1847 3606 1941 3662 καὶ

363 3695 500 3763 μετὰ
541 3694 753 3760 τοῦτον,
795 3697 822 3747 ὁ
856 3695 954 3762 τῆς
987 3695 1433 3765 Ἱεροσολυμιτῶν
1468 3696 1698 3760 πόλεως.

429 3786 530 3839 λθ’.
565 3785 672 3838 Τοῦ
698 3785 926 3854 ἀδελφοῦ
959 3787 1055 3837 καὶ
1082 3787 1499 3858 συλλειτουργοῦ
1541 3788 1702 3858 ἡμῶν
1749 3787 1934 3842 ’Ῑωὰν-

361 3896 452 3931 νου
483 3877 583 3931 τοῦ
637 3879 902 3948 Κυπρίων
937 3880 1102 3951 νήσου
1139 3879 1426 3950 προέδρου,
1477 3881 1592 3950 ἅμα
1636 3881 1714 3951 τῷ
1757 3883 1944 3953 οἰκείῳ

361 3969 476 4040 λαῷ
527 3969 622 4022 ἐπὶ
659 3970 757 4040 τὴν
811 3969 1224 4040 Ἑλλησπόντιον
1285 3971 1557 4042 ἐπαρχίαν
1586 3974 1674 4028 διά
1720 3991 1780 4027 τε
1841 3975 1945 4039 τὰς

365 4059 712 4132 βαρϐαρικὰς
751 4061 994 4130 ἐφόδους,
1035 4061 1122 4115 διὰ
1144 4079 1205 4115 τε
1237 4063 1298 4115 τὸ
1334 4063 1432 4133 τῆς
1463 4063 1688 4134 ὲθνικῆς
1727 4066 1947 4119 ἐλευθε-

367 4152 614 4221 ρωθῆναι
659 4151 892 4214 δουλίας,
913 4155 1004 4205 καὶ
1037 4153 1296 4224 καθαρῶς
1343 4155 1456 4217 τοῖς
1511 4156 1816 4226 σκήπτροις
1847 4157 1942 4209 τοῦ

363 4245 890 4313 χριστιανικωτάτου
927 4247 1166 4314 κράτους
1188 4246 1534 4315 ὑποταγῆναι
1567 4249 1666 4316 τῆς
1708 4249 1940 4318 εἰρημέ-

365 4351 465 4404 νης
494 4337 934 4405 μεταναστάντος
957 4337 1144 4407 νήσου,
1182 4337 1408 4409 προνοίᾳ
1433 4339 1530 4392 τοῦ
1560 4339 1947 4410 φιλανθρώπου

365 4425 530 4492 Θεοῦ,
559 4429 656 4481 καὶ
678 4429 865 4499 μόχθῳ
888 4429 982 4482 τοῦ
1011 4429 1357 4500 φιλοχρίστου
1388 4431 1481 4482 καὶ¹
1503 4430 1760 4494 εὐσεϐοῦς
1792 4429 1950 4500 ἡμῶν

2031 555 2156 596 cum
2199 541 2469 608 episcopis
2503 540 2614 594 sint
2651 537 2972 608 jndicaturi,
3005 538 3271 594 habentes
3309 541 3606 595 auctorita-

2031 639 2138 685 tem
2193 632 2311 700 ejus
2347 647 2376 685 a
2411 646 2520 700 quo
2549 632 2704 686 missi
2731 641 2889 696 sunt;
2919 639 2972 684 et
3008 631 3114 685 hoc
3157 631 3468 700 ponendum
3501 639 3604 686 est.

2034 717 2090 772 Si
2123 727 2302 772 autem
2327 719 2575 773 sullicerc
2602 719 2877 788 putaverit
2909 719 2978 772 ad
3011 719 3084 772 rei
3117 719 3510 786 cognitionem,
3555 729 3610 772 et

2029 809 2270 878 episcopi
2319 809 2697 874 sententiam,
2757 809 2916 864 faciet
2979 809 3122 878 quod
3177 809 3610 878 prudentissimo

2031 900 2151 968 ejus
2179 901 2411 954 consilio
2443 911 2585 955 recte
2613 901 2814 956 habere
2849 902 3142 954 videbitur.
3191 901 3614 972 Responderunt

2030 991 2272 1062 epiSCOpi
2309 991 2481 1058 :Quze
2507 993 2650 1046 dicta
2687 1003 2816 1048 sunt
2861 995 3205 1062 placuerunt.

2167 1343 2280 1414 28
2303 1342 2532 1398 Consilii
2561 1341 2990 1413 Carthaginensis
3029 1359 3198 1397 canon
3230 1343 3311 1406 l7,
3351 1345 3441 1399 59.

2038 1437 2106 1494 Ut
2161 1455 2490 1511 unaquaeque
2540 1440 2812 1511 provincia
2879 1450 3088 1508 propter
3156 1440 3618 1511 longinquitatem,

2412 1509 2690 1577 primatem
2716 1509 2903 1563 habeat
2933 1513 3225 1578 proprium.

2109 1601 2194 1654 17.
2251 1600 2457 1654 Placuit
2534 1601 2636 1671 (ιιο)
2707 1609 2766 1654 ut
2819 1599 3144 1655 Mauritania
3193 1601 3509 1666 Sitifensis,
3559 1610 3620 1654 ut

2037 1692 2351 1761 postulavit,
2392 1693 2680 1760 primatem
2723 1694 3016 1762 provinciae
3051 1694 3340 1755 Numidiae,
3368 1708 3430 1746 ex
3459 1692 3618 1760 cujus

2037 1795 2182 1838 coetu
2248 1795 2536 1855 separatur
2617 1785 2716 1856 (5),
2795 1800 2956 1840 suum
3039 1785 3237 1838 habeat
3291 1785 3616 1853 primatem:

2027 1891 2187 1944 quem
2219 1875 2692 1930 consentientibus
2718 1877 2976 1930 omnibus
3015 1875 3340 1944 primatibus
3388 1874 3613 1944 provin—

2046 1965 2254 2018 ciarum
2311 1963 2689 2018 Al’t'icanarum
2739 1965 2840 2035 (ὃ),
2893 1965 2976 2018 vel
3018 1965 3274 2018 omnibus
3327 1962 3620 2032 episcopis,

2046 2065 2265 2126 propter
2297 2058 2753 2128 longinquitatem
2791 2057 2991 2111 habere
3017 2057 3282 2126 permissa
3307 2065 3409 2110 est.

2049 2169 2117 2224 Ut
2175 2172 2455 2240 princeps:i
2483 2170 2814 2224 sacerdotum
2849 2245 2866 2311 (
2869 2188 2988 2310 ῧοη
3059 2170 3354 2238 appelletur
3423 2169 3626 2238 episco-

2708 2258 2804 2310 pus
2933 2282 2948 2294 .

2747 2258 2804 2295 us
2849 2258 2948 2295 HI.

2747 2258 2804 2295 us
2881 2258 2948 2294 ι.

2112 2332 2202 2386 59.
2247 2332 2320 2388 Ut
2361 2332 2547 2401 primae
2577 2333 2622 2365 ”
2677 2258 2826 2388 siidis
2849 2258 3146 2404 (episcopus
3187 2347 3294 2386 non
3323 2330 3626 2400 appelletur

2041 2425 2293 2494 princeps
2316 2426 2681 2490 sacerdotum,
2711 2437 2805 2480 aut
2832 2443 3080 2481 sumrnus
3103 2425 3378 2486 sacerdos,
3415 2433 3507 2478 aut
3527 2423 3627 2478 alia

2039 2516 2172 2587 quid
2243 2518 2556 2588 bujusmodi
2591 2562 2606 2586 ,
2666 2520 2762 2602 sed
2808 2529 3020 2574 tantum
3047 2519 3258 2590 {prima}
3307 2517 3452 2572 sedis
3507 2516 3630 2586 epi-

2039 2625 2262 2684 scopas.

2249 2724 2474 2779 Concilii
2507 2723 2810 2780 arrumenici
2855 2740 2904 2776 vi
2945 2741 3166 2779 canones
3209 2723 3308 2789 56,
3335 2723 3430 2778 39-
3561 2737 3586 2756 θ

2107 2814 2194 2868 56.
2217 2813 2562 2870 Renovautes
2593 2831 2712 2884 mue
2728 2831 2756 2869 a
2776 2817 2979 2870 sanctis
2995 2825 3210 2870 centum
3231 2811 3628 2884 quinquaginta

2037 2905 2292 2961 Patribus
2355 2908 2448 2976 qui
2515 2908 2572 2961 in
2619 2908 2721 2962 hac
2767 2923 2796 2962 a
2845 2907 2954 2961 Deo
2984 2906 3356 2962 conservanda
3401 2913 3455 2958 et
3483 2904 3628 2972 regia

2037 2998 2173 3052 urbe
2192 3009 2636 3064 convenerunt,e
2671 3007 3056 3054 sescentorum
3095 2997 3313 3062 triginta
3343 2997 3436 3065 qui
3471 2994 3632 3048 (thal-

2037 3091 2244 3144 cetloue
2296 3105 2602 3144 convenere
2628 3130 2644 3154 ,
2697 3092 2996 3145 constituta
3040 3097 3196 3152 sunt;
3235 3089 3587 3142 decernimus
3613 3125 3628 3146 ,

2040 3190 2100 3236 ut
2139 3182 2372 3237 thronus
2394 3182 3048 3252 Constantinopolitanus
3074 3181 3305 3250 aequalia
3349 3178 3630 3248 privilegia

2040 3287 2164 3325 cum
2211 3271 2449 3342 antiquae
2493 3271 2676 3327 Romae
2725 3273 2924 3326 throno
2967 3272 3244 3334 obtineat,
3282 3270 3419 3324 etin
3451 3269 3628 3323 eccle-

2041 3363 2300 3424 siasticis,
2320 3371 2380 3416 ut
2410 3363 2520 3426 ille,
2561 3363 3031 3433 rebuslmagniliat
3055 3405 3070 3424 ,
3119 3371 3178 3416 ut
3205 3363 3298 3431 qui
3329 3361 3400 3416 sit
3432 3376 3632 3414 securi-

2040 3451 2143 3506 dus
2172 3461 2298 3522 post
2329 3450 2654 3506 illum.Post
2682 3468 2844 3521 quem
2885 3469 3094 3522 magna:
3127 3451 3630 3505 Alexandrinorum

2041 3543 2276 3598 civitatis
2309 3558 2628 3598 numeretur
2658 3545 2926 3598 thronus:
2962 3545 3159 3599 deinde
3193 3542 3495 3598 Antiochia;
3518 3581 3534 3606 ,
3569 3551 3626 3596 et

2040 3647 2165 3706 post
2187 3651 2313 3690 eum
2345 3634 2852 3706 Hierosolymitanze
2878 3634 3138 3690 civitatis.

2111 3810 2200 3864 59.
2228 3799 2364 3863 Cum
2397 3807 2564 3862 frater
2583 3817 2637 3862 et
2659 3809 3034 3863 comminister
3057 3805 3496 3861 nosterJoannes
3529 3806 3618 3860 in-

2045 3903 2179 3956 sulto
2215 3901 2378 3970 Cypri
2417 3901 2636 3970 pracsul,
2675 3917 2782 3954 una
2814 3915 2936 3954 cum
2971 3916 3072 3955 suo
3103 3899 3302 3969 populo
3327 3899 3382 3953 in
3421 3899 3630 3954 llelles-

2045 3988 2321 4056 ponticam
2357 3987 2692 4056 provinciam
2722 3997 2776 4042 et
2819 4001 3042 4057 propter
3077 3990 3393 4043 barbaricas
3453 3988 3640 4042 incur-

2046 4079 2227 4132 siones
2245 4115 2259 4139 ,
2277 4086 2330 4130 et
2351 4087 2407 4132 ut
2423 4079 2744 4148 agentilium
2763 4079 3023 4134 servitute
3055 4080 3419 4134 liberarentur
3441 4121 3455 4145 ,
3487 4089 3553 4133 et
3579 4087 3640 4132 ut

2047 4169 2540 4224 Cln'istianissima:
2572 4171 2828 4239 potentia:
2858 4171 3095 4240 sceptris
3131 4187 3265 4241 puro
3301 4171 3642 4240 subjiceren-

2051 4269 2140 4312 tur
2164 4301 2178 4324 ,
2232 4259 2342 4329 29
2382 4275 2411 4314 a
2446 4259 2705 4329 prmdicta
2741 4261 2920 4314 insula
2951 4262 3322 4330 emigraverit,
3355 4259 3641 4314 clementis

2053 4349 2144 4402 Dei
2175 4351 2518 4418 providentia
2552 4360 2606 4405 ct
2649 4351 2722 4419 pii
2751 4349 2958 4420 Deique
3008 4353 3246 4405 amantis
3289 4352 3641 4419 imperatoris

2053 4441 2233 4496 nostri
2261 4441 2475 4504 labore,
2510 4441 2925 4506 constituimus,
2964 4442 3179 4495 utcitra
3211 4442 3376 4494 ullam
3413 4440 3641 4493 innova-

373 4515 658 4586 βασιλέως,
697 4519 1009 4590 συνορῶμεν
1065 4521 1204 4574 ὥστε
1245 4521 1656 4592 ἀκαινοτόμητα
1677 4522 1939 4591 διαφυλα-

2058 4537 2260 4589 tionem
2319 4546 2634 4598 serventur,
2689 4549 2811 4601 qua:
2859 4549 2888 4588 a
2931 4534 3132 4587 divinis
3191 4533 3484 4598 Patribus,
3543 4537 3636 4603 qui

373 4609 572 4679 χθῆναι
593 4612 660 4662 τὰ
687 4612 814 4680 περὶ
837 4612 943 4664 τῶν
967 4615 1024 4665 ἐν
1059 4613 1272 4684 Ἐφέσῳ
1303 4615 1363 4667 τὸ
1377 4615 1644 4685 πρότερον
1677 4615 1952 4669 συνελθόν·

379 4717 489 4752 των
514 4702 790 4770 θεοφόρων
827 4703 1106 4773 Πατέρων,
1156 4703 1230 4773 τῷ
1263 4703 1438 4776 θρόνῳ
1463 4703 1557 4758 τοῦ
1587 4717 1954 4777 ςπρογεγραμ-

379 4793 540 4861 μένου
591 4795 784 4862 ἀνδρὸς
833 4797 1254 4867 παρασχεθέντα
1317 4799 1620 4867 προνόμια·
1665 4797 1807 4850 ὥστε
1861 4797 1958 4869 τὴν

375 4883 504 4939 νέαν
531 4885 1068 4942 Ἰουστινιανούπολιν
1091 4888 1152 4941 τὸ
1178 4889 1386 4943 δίκαιον
1437 4889 1581 4960 ἔχειν
1637 4893 1735 4961 τῆς
1805 4891 1962 4943 Κων-

451 5085 492 5118 ³⁹
528 5085 696 5144 Cuuc.
750 5087 920 5143 Afrie.
948 5105 997 5143 c.
1027 5089 1080 5143 6.
1161 5087 1205 5122 ‘°
1235 5090 1404 5146 Cone.
1437 5089 1636 5160 Ephes.
1673 5105 1796 5144 can.
1824 5088 1877 5144 8.

2061 4626 2256 4695 Ephesi
2281 4623 2326 4655 ⁸ο
2357 4625 2591 4692 primum
2615 4634 3010 4688 convenerunt,
3031 4625 3272 4694 praedicti
3307 4625 3408 4678 viri
3442 4625 3642 4678 throno

2061 4715 2342 4784 privilegia
2377 4730 2640 4768 concessa
2687 4725 2848 4778 sunt,
2903 4727 2960 4768 ut
3010 4729 3148 4768 nova
3178 4713 3642 4782 Justinianopolis

2064 4801 2624 4870 Constantinopoleos
2647 4801 2738 4870 jus
2777 4802 2974 4855 habeat
2996 4803 3096 4870 (8),
3127 4813 3179 4856 et
3205 4803 3300 4870 qui
3331 4801 3384 4854 in
3417 4816 3481 4855 eo
3509 4817 3644 4854 cou-

2068 4892 2314 4946 stituitur
2347 4892 2472 4962 pius
2504 4907 2568 4946 ac
2601 4891 3051 4962 religiosissimus
3093 4892 3384 4963 episcopus
3407 4931 3422 4958 ,
3459 4891 3646 4962 praesit

1906 5270 2137 5327 ΝΟΤΛΕ.

461 5447 557 5520 μ’)
589 5445 850 5520 Ferrami.
879 5463 1000 5516 cap.
1033 5447 1124 5512 8‘2,
1165 5466 1227 5506 ex
1260 5451 1428 5505 Cone.
1461 5451 1719 5520 Carlhag.
1763 5452 1844 5506 tit.
1893 5451 1949 5516 θ,

389 5513 710 5592 Yide'etiam
744 5517 884 5592 intra
934 5513 1056 5573 can.
1089 5521 1178 5587 86,
1211 5523 1304 5576 ubi
1353 5522 1518 5592 hujus
1555 5513 1784 5578 canonis
1821 5513 1958 5576 Cari-

385 5585 532 5657 thag.
569 5589 626 5641 lit
653 5589 878 5642 mentio.
1166 5585 1171 5587 ⁷
1424 5585 1441 5592 ⁷

456 5657 532 5724 (5)
565 5657 794 5710 υνιρηιιιι
833 5659 1020 5712 vocula
1051 5671 1110 5712 ut
1135 5675 1152 5722 ;
1181 5660 1424 5714 abundat
1452 5660 1624 5714 enim.

483 5728 534 5792 6)
579 5727 666 5779 l'el
695 5743 791 5796 pro
826 5739 898 5792 et,
926 5730 1070 5785 unde
1098 5731 1284 5786 Grmee
1309 5739 1393 5784 est
1419 5730 1534 5784 καί.

485 5797 534 5867 7)
563 5797 818 5869 Carthag.
853 5815 944 5864 ιιι,
981 5815 1105 5854 can.
1136 5799 1227 5854 26.
1279 5799 1589 5856 Ferraudus
1623 5817 1742 5872 cap.
1771 5801 1858 5870 SI,
1893 5818 1960 5856 ex

2064 5469 2221 5507 conc.
2249 5453 2505 5522 Carthag.
2545 5453 2628 5507 tit.
2661 5454 2750 5508 54.

2139 5523 2214 5593 (8)
2251 5525 2304 5576 In
2339 5511 2822 5579 Ms.".-\merbaebii
2852 5566 2866 5588 ,
2915 5523 3015 5592 τῆς
3055 5513 3506 5575 Κωνσταντινέων
3545 5511 3642 5593 πό-

2064 5579 2222 5656 λιὼέ.
2259 5593 2400 5662 Lego
2431 5579 2893 5664 Κωνσταντιὲωνλ
2917 5579 3088 5648 υἰἐἰι
3119 5603 3333 5664 sensus,
3371 5597 3522 5664 nova:
3545 5579 3642 5664 In:

2067 5657 2416 5734 stiniannpoli
2435 5679 2696 5718 concessa
2723 5667 2840 5728 jura
2863 5661 3198 5719 Constantia:
3224 5657 3408 5728 Cypri,
3430 5665 3552 5724 quae
3588 5657 3644 5706 ct

2069 5735 2301 5789 Salamis
2335 5745 2438 5790 est.
2471 5734 2804 5791 llaanmuus.
