4122 6514
440 370 506 433 75
1560 372 1823 434 PllOTll
1862 375 2016 435 ΡΑΤ]

2115 372 2366 433 lRCHJE
2397 373 2487 433 (ΞΡ

3550 366 3655 430 476

401 483 660 540 cmnrbus
696 482 1185 556 Hellespontiorunt
1214 488 1503 559 provinciae
1528 491 1821 561 episcopis,
1853 503 1906 547 et
1936 506 1969 545 a
1999 496 2016 551 Α

2115 488 2585 553 ταντινουπόλεως,
2609 486 2702 540 καὶ
2736 484 2824 538 τὸν
2860 484 2945 537 ἐπ’
2963 486 3098 555 αὐτῇ
3125 482 3518 549 καθιστάμενον
3541 483 3657 536 θεο-

404 576 521 630 suis
563 576 837 648 episcopis
883 578 1115 650 eligatur
1161 595 1228 634 ex
1283 581 1506 650 antiqua
1557 587 1976 644 consuetudine.

405 665 584 723 Mores
616 672 785 737 enim,
814 670 909 740 qui
943 681 1072 726 sunt
1093 673 1143 725 in
1176 688 1501 742 unaquaque
1530 672 1979 736 Ecclesia.divini

407 760 573 814 etiam
608 762 782 815 nostri
832 762 1019 816 Patres
1071 763 1368 817 servandos
1427 776 1785 832 consuerunt,
1821 767 1981 839 Cyzi-

407 866 669 907 cenorum
702 855 944 909 civitatis
977 855 1232 923 episcopo
1268 855 1487 921 praesuli
1530 857 1688 911 dictae
1715 857 1982 915 Justinia-

411 945 674 1012 nopoleos
752 945 999 1013 subjecto
1082 945 1427 1011 exsistente,
1500 947 1567 1000 ad
1625 949 1981 1006 imitationem

414 1037 758 1107 reliquorum
822 1038 1065 1091 omnium
1122 1040 1549 1108 episcoporum,
1606 1043 1701 1111 qui
1752 1044 1986 1099 subsunt

410 1129 671 1197 praedicto
701 1127 793 1181 Dei
828 1127 1210 1182 amantissimo
1257 1131 1479 1198 prresuli
1509 1129 1706 1185 Joanni
1735 1149 1748 1196 ;
1788 1148 1817 1185 a
1853 1149 1982 1202 quo,

2082 582 2403 652 φιλέστατον
2437 580 2755 642 ἐπίσκοπον,
2798 579 3015 631 πάντων
3040 574 3528 647 προεδρεύειντῶν
3553 575 3655 643 τῆς

2094 672 2525 742 Ἑλλησποντίων
2541 672 2645 722 ὲπα
2656 669 2829 740 ρχίαςο
2856 670 2950 722 καὶ
2968 668 3072 720 ὑπὸ
3084 666 3193 719 τῶν
3206 666 3419 719 οἰκείων
3434 665 3626 717 ὲπισκό
3638 694 3659 707 ο

2085 781 2204 817 πων
2228 762 2649 834 χειροτονεῖσθαι
2678 760 2819 814 κατὰ
2834 760 2931 829 τὴν
2960 759 3193 827 ἀρχαίαν
3225 757 3535 828 συνήθειαν.
3577 756 3660 810 Τὰ

2085 856 2197 926 γὰρ
2236 858 2294 909 ἐν
2326 855 2530 924 ἑκάστῃ
2561 852 2859 921 Ἐκκλησία
2890 851 2983 921 ἔθη
3017 851 3110 903 καὶ
3152 850 3201 901 οἱ
3224 849 3473 917 θεοφόροι
3505 846 3661 917 ἡμῶν

2087 948 2330 1018 Πατέρες
2394 942 2917 1017 παραφυλάττεσθαι
2967 940 3327 1008 διεγνώκασι·
3398 938 3492 991 τοῦ
3557 937 3661 1007 τῆς

2090 1038 2412 1110 Κυζικηνῶν
2484 1036 2691 1098 πόλεως
2752 1032 3095 1096 ἐπισκόπου,
3152 1029 3518 1099 ὑποκειμένου
3581 1026 3661 1097 τῷ

2090 1130 2342 1201 προέδρῳ
2363 1130 2461 1198 τῆς
2480 1127 2772 1197 εἰρημένης
2800 1122 3409 1185 Ἰουστινιανουπόλεως,
3436 1120 3665 1188 μιμήσει

411 1229 538 1268 cum
570 1229 703 1267 usus
748 1214 1124 1283 postulaverit,
1158 1216 1322 1269 etiam
1381 1217 1561 1288 ipsius
1589 1217 1988 1288 Cyzicenorum

2115 1222 2197 1275 τῶν
2223 1220 2423 1273 λοιπῶν
2469 1219 2725 1272 ἁπάντων
2769 1214 3086 1269 ἐπισκόπων
3136 1214 3245 1266 τῶν
3286 1212 3391 1265 ὑπὸ
3447 1211 3539 1263 τὸν
3572 1210 3663 1261 λε-

410 1305 649 1359 civitatis
675 1306 964 1375 episcopus
990 1305 1354 1362 ordinabitur.

489 1571 703 1626 Textus.
741 1571 814 1627 De
841 1571 1030 1627 ordine
1062 1570 1523 1641 patriarcharum,
1549 1580 1601 1625 et
1637 1586 1759 1641 quae
1782 1570 1851 1625 ab
1886 1570 1996 1626 illis

412 1667 751 1737 reliquisque
789 1666 1060 1737 episcopis
1107 1680 1209 1736 pro
1240 1664 1586 1719 ordinatione
1619 1666 1817 1717 dentur
1849 1682 1863 1718 :
1898 1664 1997 1719 dc-

414 1760 581 1829 nique
606 1758 749 1828 quod
777 1758 1021 1812 omnium
1048 1755 1414 1810 Ecclesiarum
1440 1764 1603 1824 caput
1625 1755 1697 1810 sit
1723 1754 1997 1808 Constan-

2093 1312 2287 1383 χθέντα
2318 1310 2727 1378 θεοφιλέστατον
2794 1308 3060 1379 πρόεδρον
3119 1305 3394 1374 Ἰωάννην,
3458 1300 3549 1371 ὑφ’
3605 1294 3666 1355 οὗ

2094 1403 2280 1473 χρείας
2315 1401 2607 1470 καλούσης,
2639 1400 2732 1452 καὶ
2778 1401 2807 1452 ὁ
2836 1399 2934 1465 τῆς
2988 1394 3160 1464 αὐτῆς
3196 1394 3524 1464 Κυζικηνῶν
3562 1391 3664 1443 πό-

2095 1497 2231 1557 λεως
2264 1492 2561 1556 ἐπίσκοπος
2594 1489 3129 1562 χειροτονηθήσεται.

2169 1586 2307 1655 Περὶ⁹
2351 1584 2408 1637 δὲ
2460 1584 2559 1649 τῆς
2613 1582 2819 1647 τάξεως
2867 1582 2977 1632 τῶν
3011 1574 3389 1646 πατριάρχῶν,
3427 1575 3523 1628 καὶ
3560 1573 3672 1626 τῶν

2100 1678 2230 1748 παρ’
2256 1674 2456 1739 αὐτῶν,
2484 1675 2578 1728 καὶ
2626 1672 2733 1725 τῶν
2782 1671 2987 1724 λοιπῶν
3022 1670 3362 1725 ἐπισκόπων,
3406 1666 3546 1735 ὑπὲρ
3574 1666 3675 1734 τῆς

2102 1766 2280 1821 αὐτῶν
2304 1763 2641 1836 χειροτονίας
2688 1761 3009 1829 διδομένων,
3043 1760 3138 1811 καλ⁸
3184 1758 3267 1809 ὅτι
3319 1754 3515 1807 πασῶν
3552 1753 3675 1805 Ἐκ-

417 1827 699 1920 tin—opolis,
726 1850 843 1918 lege
869 1849 961 1902 lib.
997 1864 1013 1901 ι
1056 1848 1204 1910 cod.,
1237 1848 1316 1901 tit.
1356 1846 1408 1910 l,
1445 1854 1621 1900 const.
1653 1846 1708 1913 7,
1734 1854 1789 1900 et
1814 1846 1898 1900 tit.
1938 1844 1991 1910 2,

2115 1856 2339 1926 ιλησιῶν
2416 1853 2629 1921 κεφαλή
2708 1851 2857 1903 ἐστιν
2934 1850 2967 1917 ἡ
3020 1842 3675 1905 Κωνσταντινουπόλεως,

419 1951 597 1997 const.
627 1940 680 2005 6,
718 1940 808 2004 20,
843 1939 947 2004 24;
1000 1949 1054 1992 et
1083 1938 1163 1990 tit.
1202 1938 1225 1990 l
1262 1934 1605 1990 Novellarum
1636 1977 1650 2001 ,
1684 1937 1906 1990 constit.
1938 1934 1993 2001 2,

419 2044 476 2089 et
503 2034 583 2087 tit.
611 2032 665 2096 2,
700 2039 875 2086 const.
907 2031 960 2083 '5.
986 2028 1178 2084 Const.
1213 2042 1340 2082 vero
1366 2027 1452 2092 16,
1486 2027 1568 2080 tit.
1597 2026 1650 2088 2,
1701 2026 1738 2081 l.
1769 2042 1807 2080 ι.
1844 2026 1995 2092 dicit,

420 2126 565 2195 quod
627 2123 1261 2191 Constantinopolitanus
1322 2117 1529 2191 [supra]
1598 2120 1737 2173 alios
1798 2119 2001 2173 habeat

422 2211 905 2282 prmeminentiam.
935 2208 1000 2262 Et
1036 2220 1213 2262 const.
1259 2207 1326 2271 8,
1370 2206 1454 2260 tit.
1495 2207 1519 2258 1
1556 2207 2000 2269 Novellarum,et

422 2304 478 2368 3,
511 2303 593 2357 tit.
616 2302 671 2366 2,
703 2301 907 2354 faciunt
931 2301 1117 2369 primae
1148 2298 1471 2354 Justiniana:
1507 2299 1999 2368 archiepiscopum,

423 2409 490 2449 ac
524 2392 790 2464 [habent],
824 2392 969 2462 quod
1006 2392 1181 2461 major
1213 2392 1286 2446 sit
1308 2390 1748 2461 metropolitano,
1777 2400 1829 2444 et
1854 2391 1999 2459 quod

425 2504 456 2542 a
509 2503 607 2542 sua
668 2486 876 2557 synodo
909 2493 1129 2540 creetur
1170 2502 1184 2540 :
1231 2484 1488 2549 denioue,
1520 2498 1658 2539 ouas
1685 2482 1999 2545 provincias

425 2574 551 2647 [sub
580 2572 662 2645 se]
694 2573 910 2627 habeat.

482 2774 605 2843 ‘30
620 2772 771 2827 CAP.
793 2771 1184 2836 VL—Quiuam
1202 2789 1458 2841 quosnam
1486 2785 1533 2828 et
1551 2775 1638 2828 ubi
1667 2785 1715 2828 et
1743 2778 2001 2845 quomodo

424 2868 692 2937 episcopos
744 2876 834 2919 aut
893 2865 1108 2918 clericos
1164 2865 1422 2919 ordinent.
1484 2865 1623 2931 Quid
1676 2884 1793 2922 vero
1827 2871 1872 2923 si
1903 2871 2010 2925 ele-

428 2970 545 3014 ctus
578 2968 774 3014 recuset
803 2958 978 3013 oblato
1013 2956 1192 3012 libello
1215 2959 1624 3027 episcopatum?

737 3131 1112 3202 Apostolorum
1145 3148 1369 3186 canones
1408 3133 1459 3199 l,
1490 3132 1546 3198 2,
1575 3133 1664 3188 '55.

504 3226 558 3280 l.
598 3224 901 3295 Episcopus
932 3238 964 3277 a
993 3223 1210 3278 duobus
1244 3224 1325 3278 vel
1355 3224 1531 3279 tribus
1557 3224 1827 3297 episcopis
1859 3225 2013 3281 ordi-
2041 3229 2085 3287 C

433 3327 560 3372 netu
569 3331 617 3369 Γ.

500 3410 554 3463 ἰ.
592 3406 879 3476 Presbyter
922 3405 993 3459 ab
1030 3420 1142 3459 uno
1168 3404 1425 3476 episcopo
1459 3406 1771 3475 ordinetur,
1806 3416 1861 3465 et
1893 3408 2017 3465 dia-

436 3514 631 3563 conus,
663 3508 717 3553 et
751 3497 949 3566 reliqui
982 3497 1192 3552 clerici.

506 3591 578 3644 55
615 3587 750 3661 [54].
782 3587 1084 3659 Episcopus
1111 3589 1154 3621 “
1184 3604 1252 3642 ne
1287 3590 1485 3643 audeat
1520 3598 1675 3644 extra
1707 3604 1840 3647 suos
1883 3592 2021 3646 lines

438 3680 620 3735 facere
672 3678 1048 3734 ordinationes
1110 3679 1165 3732 in
1227 3678 1453 3734 urbibus
1501 3685 1557 3733 et
1604 3681 1759 3752 pagis
1811 3698 1920 3737 non
1970 3683 2019 3737 ei

440 3767 722 3836 subjectis.
762 3766 857 3820 Sin
898 3776 1077 3820 autem
1120 3765 1223 3819 hoc
1274 3764 1471 3820 fecisse
1530 3769 1816 3823 convictus
1863 3768 2025 3822 fuerit

446 3869 645 3930 praeter
695 3874 886 3912 eorum
952 3857 1277 3912 sententiam
1327 3857 1421 3927 qui
1457 3868 1641 3912 tenent
1682 3876 1851 3930 pagos
1899 3859 2023 3916 illos

444 3952 526 4007 vel
559 3951 805 4007 civitates
831 3990 846 4016 ,
883 3950 1183 4020 deponatur
1239 3959 1294 4004 et
1341 3952 1457 4019 ipse
1494 3961 1547 4004 et
1611 3950 1647 4005 ii
1691 3966 1831 4022 quos
1874 3952 2025 4007 οι·άὶ-

443 4042 612 4098 navit.

634 4135 861 4190 Concilii
892 4135 1205 4190 Antiocheni
1235 4151 1460 4189 canones
1494 4135 1585 4202 15,
1628 4135 1715 4202 19,
1757 4134 1849 4190 22.
1948 4121 1955 4126 ’

516 4227 604 4281 15.
634 4227 825 4283 Nullus
856 4230 1148 4298 episcopus
1176 4228 1373 4283 audeat
1419 4228 1488 4281 ab
1518 4242 1624 4281 una
1660 4228 1937 4296 provincia
1974 4227 2026 4281 in
2106 4238 2111 4241 ‘

448 4321 609 4374 aliam
637 4322 889 4388 transire,
942 4332 995 4376 et
1019 4322 1230 4391 aliquos
1265 4322 1316 4375 in
1353 4320 1615 4375 Ecclesiis
1646 4321 1910 4374 ordinare
1960 4320 2027 4375 ad

451 4427 732 4467 sacrorum
762 4414 1203 4477 celebrationem,
1229 4430 1328 4468 nec
1356 4414 1399 4469 si
1427 4415 1564 4469 alios
1594 4430 1700 4468 una
1731 4428 1917 4468 secum
1949 4413 2031 4466 in-

450 4499 637 4565 ducat,
676 4502 779 4557 nisi
816 4503 1025 4557 venerit
1048 4503 1244 4557 litteris
1277 4504 1575 4558 accersitus
1604 4502 2029 4572 metropolitani,

2099 1944 2374 2014 ἀνάγνωθι
2412 1942 2616 2013 βιϐλίον
2652 1946 2701 1992 α’
2744 1936 2838 1991 τοῦ
2897 1938 3154 2002 κώδικος,
3190 1934 3295 1987 τίτ.
3331 1932 3401 1997 α’,
3461 1929 3674 1995 διάταξ.

2100 2037 2142 2104 ζ’
2173 2038 2268 2091 καὶ
2299 2036 2403 2089 τίτ.
2440 2036 2505 2104 β’,
2529 2032 2668 2085 διάτ.
2701 2037 2754 2094 ς’
2794 2028 2894 2093 κδ’,
2929 2030 3024 2081 καὶ
3051 2028 3155 2081 τίτ.
3186 2024 3232 2079 α’
3260 2025 3369 2078 τῶν
3423 2022 3637 2093 νεαρῶν
3660 2062 3677 2087 ,

2099 2131 2240 2185 διάτ.
2274 2128 2338 2198 β’,
2372 2128 2463 2180 καὶ
2480 2124 2587 2177 τίτ.
2622 2124 2687 2194 β’.
2720 2122 2862 2187 διάτ,
2889 2127 2935 2189 γ’
2958 2138 2972 2151 ·
3004 2120 3113 2189 ἡδὲ
3164 2125 3238 2183 ις’
3292 2117 3433 2169 διίςιτ⁸
3486 2113 3580 2167 τοῦ
3634 2112 3679 2183 βι

2100 2223 2208 2278 τίτ.
2243 2218 2337 2274 τοῦ
2374 2225 2422 2273 α’
2472 2215 2582 2287 βι6.
2634 2215 2822 2283 φησὶν,
2875 2214 2958 2265 ὅτι
2991 2212 3019 2265 ό
3047 2206 3682 2269 Κωνσταντινουπόλεως

2103 2317 2216 2385 ἔχει
2238 2313 2348 2367 τῶν
2382 2311 2558 2366 ἄλλων
2583 2307 2896 2378 προεδρίαν,
2937 2304 3081 2375 καὶὴ
3110 2310 3158 2374 η’
3189 2302 3328 2355 διάτ.
3369 2298 3463 2353 τοῦ
3497 2306 3544 2351 α’
3573 2298 3679 2351 τίτ.

2102 2411 2210 2464 τῶν
2244 2406 2476 2477 νεαρῶν,
2515 2405 2610 2458 καὶ
2637 2405 2670 2472 ἡ
2698 2400 2746 2470 γ’
2780 2399 2871 2453 τοῦ
2910 2397 2952 2469 β’
2989 2398 3119 2461 τίτ.,
3155 2394 3377 2448 ποιοῦσι
3410 2394 3506 2446 τὸν
3555 2390 3684 2462 πρί-

2109 2520 2215 2574 μας
2256 2496 2643 2564 ἰουστινιανῆς
2690 2492 3124 2563 ἀρχιεπίσκοπον
3148 2506 3161 2519 ⁸
3214 2490 3311 2540 καὶ
3351 2488 3434 2539 ὅτι
3468 2482 3676 2554 μείζων

2107 2571 2224 2646 ἐστὶ
2259 2589 2352 2644 τοῦ
2417 2584 2839 2659 μητροπολίτου,
2891 2580 2988 2634 καὶ
3039 2580 3121 2633 ὅτι
3164 2577 3270 2630 ὑπὸ
3318 2576 3417 2646 τῆς
3463 2571 3683 2626 συνόδου

2106 2680 2273 2738 αὑτοῦ
2304 2680 2708 2750 χειροτονεῖται,
2742 2676 2837 2727 καὶ
2870 2673 3028 2735 ποίας
3056 2670 3325 2739 ἐπαρχίας
3350 2668 3485 2737 ἔχει.

2177 2774 2433 2827 ΚΕΦΑΛ.
2471 2772 2656 2837 εἷ’.-
2688 2767 2853 2831 Τίνες
2894 2765 3064 2829 τίνας
3112 2762 3209 2815 καὶ
3253 2758 3371 2813 ποῦ
3422 2758 3520 2812 καὶ
3561 2758 3687 2826 πῶς

2108 2863 2558 2936 χειροτονοῦσιν
2622 2859 2993 2921 ἐπισκόπους
3069 2852 3107 2922 ἢ
3166 2850 3527 2919 κληρικοὺς,
3584 2852 3681 2906 καὶ
3729 2930 3732 2937 Ι

2108 2960 2218 3012 ἐὰν
2259 2960 2291 3011 ό
2337 2951 2772 3025 χειροτονηθεὶς
2818 2948 2914 3003 διὰ
2956 2946 3264 3009 λιϐἐλλου,
3328 2942 3681 3012 παραιτῆται

2114 3048 2226 3116 τὴν
2252 3043 2614 3110 ἐπισκοπὴν.

2442 3136 2821 3190 Ἀποστόλων
2849 3133 3049 3187 κανὼν
3082 3140 3152 3199 α’,
3180 3134 3245 3203 β’,
3283 3132 3378 3187 λε’.

2186 3227 2254 3283 α’.
2294 3227 2623 3289 Ἐπίσκοπος
2651 3223 3067 3295 χειροτονείσθω
3100 3223 3206 3276 ὑπὸ
3246 3219 3560 3275 ἐπισκόπων
3600 3217 3692 3270 δύο

2118 3321 2151 3392 ἢ
2189 3319 2377 3391 τριῶν.

2193 3411 2262 3481 β’.
2322 3408 2708 3479 Πρεσϐύτερος
2771 3408 2875 3460 ὑπὸ
2928 3405 3047 3469 ἐνὸς
3096 3403 3399 3457 ἐπισκόπου
3453 3416 3696 3472 χειροτο-

2118 3501 2341 3568 νείσθω,
2368 3502 2465 3555 καὶ
2502 3501 2767 3564 διάκονος,
2800 3498 2895 3552 καὶ
2932 3499 2982 3550 οἱ
3015 3496 3196 3549 λοιποὶ
3238 3492 3512 3565 κληρικοί.

2190 3593 2282 3648 λε’.
2334 3593 2668 3647 Ἐπίσκοπον
2712 3592 2784 3662 μὴ
2804 3590 3012 3659 τολμᾷν
3036 3586 3141 3651 ἔξω
3173 3586 3281 3638 τῶν
3302 3584 3497 3637 ἑαυτοῦ
3536 3584 3699 3653 ὅρων,

2121 3686 2454 3758 χειροτονίας
2486 3683 2761 3738 ποιεῖσθαι
2792 3683 2873 3743 εἰς
2926 3680 3024 3741 τὰς
3050 3678 3123 3748 μὴ
3154 3676 3523 3747 ὑποκειμένας
3556 3674 3702 3742 αὐτῷ

2122 3779 2308 3841 πόλεις
2340 3778 2431 3831 καὶ
2452 3775 2639 3848 χώρας
2665 3793 2677 3805 ·
2703 3777 2751 3827 εἰ
2774 3773 2829 3825 δὲ
2847 3770 3130 3840 ἐλεγχθείη
3161 3767 3321 3821 τοῦτο
3366 3765 3705 3835 πεπιοιηκὼς

2124 3868 2277 3939 παρὰ
2306 3870 2401 3940 τὴν
2433 3868 2543 3921 τῶν
2577 3866 2917 3936 κατεχόντων
2969 3862 3067 3923 τὰς
3093 3860 3276 3922 πόλεις
3303 3858 3517 3920 ὲκείνας
3542 3858 3576 3928 ἢ
3608 3857 3703 3919 τὰς

2128 3961 2314 4033 χώρας
2361 3960 2610 4031 γνώμην,
2664 3957 3035 4029 καθαιρείσθω
3092 3954 3186 4007 καὶ
3246 3951 3410 4013 αὐτὸς
3463 3950 3559 4003 καὶ
3614 3947 3707 4010 οὓς

2129 4053 2563 4125 ἐχειροτόνησεν.

2282 4144 2553 4197 Συνόδου
2600 4142 2963 4210 Ἀντιοχείας
2990 4140 3190 4195 κανὼν
3224 4140 3315 4209 ιγ’,
3351 4136 3442 4201 ιθ’,

2204 4236 2295 4304 ιγ’.
2326 4236 2548 4303 Μηδένα
2573 4236 2872 4288 ἐπίσκοπον
2917 4234 3124 4304 τολμᾷν
3158 4234 3252 4303 ἀφ’
3296 4230 3487 4299 ἑτέρας
3535 4229 3710 4295 ἐπειρ-

2130 4327 2253 4399 χίας
2309 4330 2388 4391 είς
2420 4328 2611 4396 ἑτέραν
2636 4325 2981 4396 μεταϐαίνειν
3011 4324 3108 4377 καὶ
3146 4322 3469 4394 χειροτονεῖν
3499 4320 3556 4371 ὲν
3590 4316 3713 4369 Ἐκ-

2134 4417 2332 4487 κλησία
2360 4416 2513 4479 τινας
2551 4418 2633 4478 εἰς
2686 4416 3019 4483 προαγωγὴν
3055 4415 3425 4483 λειτουργίας,
3471 4407 3605 4480 μηδὲ
3662 4408 3713 4461 εἰ

2140 4506 2501 4575 συνεπάγοιτο
2562 4504 2740 4576 ἑαυτῴ
2798 4506 3043 4574 ἑτέρους,
3102 4506 3149 4556 εί
3206 4502 3282 4572 μὴ
3338 4497 3714 4571 παρακληθεὶς

451 4603 508 4648 et
534 4594 915 4663 episcoporum
947 4594 1043 4663 qui
1071 4604 1199 4649 sunt
1231 4612 1355 4650 cum
1389 4596 1506 4665 ipso
1534 4636 1549 4662 ,
1587 4597 1642 4651 in
1671 4612 1907 4666 quorum
1942 4611 2016 4649 re.

2139 4572 2394 4667 ἀφίκοιτο
2444 4597 2533 4651 διὰ
2562 4572 2912 4668 γραμμάτων
2940 4598 3033 4649 τοῦ
3082 4612 3141 4648 τε
3187 4592 3583 4665 μητροπολίτου
3622 4588 3718 4641 παὶ

453 4686 671 4756 gionem
703 4687 929 4741 accedit.
955 4686 1011 4739 Si
1044 4696 1222 4741 autem
1250 4689 1399 4742 nullo
1430 4698 1686 4755 vocante,
1716 4689 1783 4743 ad
1813 4690 2033 4758 aliquo-

456 4795 578 4833 rum
605 4781 1007 4834 ordinationem
1042 4790 1095 4835 et
1120 4780 1621 4835 ecclesiasticarum
1656 4797 1839 4835 rerum
1877 4782 1943 4835 ad
1978 4795 2037 4835 se

459 4887 567 4924 non
618 4872 1004 4941 pertinentium
1041 4872 1487 4925 constitutionem
1530 4870 1847 4926 inordinate
1877 4872 2028 4926 inso-

457 4962 737 5032 li'nterque
767 4963 1128 5032 processerit,
1184 4966 1295 5017 sint
1324 4963 1542 5032 quidem
1595 4964 1749 5017 irrita
1798 4979 1918 5034 quae
1967 4962 2036 5017 ab

459 5054 579 5121 ipso
610 5065 894 5121 geruntur,
928 5055 1042 5123 ipse
1064 5063 1245 5107 autem
1284 5069 1396 5107 suae
1428 5055 1732 5109 insolentia:
1762 5066 1816 5109 ct
1846 5063 2039 5125 praeter

460 5143 726 5197 rationem
766 5143 921 5198 factae
972 5143 1341 5215 aggressionis
1385 5145 1476 5199 det
1512 5161 1723 5216 premas,
1764 5163 1796 5202 a
1850 5156 2036 5201 sancta

460 5237 669 5291 scilicet
711 5237 917 5306 synodo
939 5239 1134 5292 exinde
1166 5235 1449 5307 depositus

530 5414 620 5469 l9.
644 5414 949 5486 EpiscOpus
973 5432 1040 5472 ne
1060 5417 1345 5473 ordinetur
1366 5420 1575 5489 absque
1596 5416 1806 5489 synodo
1828 5427 1884 5472 et
1904 5431 2041 5485 pra:-

464 5508 638 5563 seutia
667 5510 1068 5578 metropolitani
1098 5511 1411 5581 provinciae.
1449 5513 1526 5567 Eo
1556 5522 1736 5566 autem
1766 5511 1869 5580 31
1906 5525 2045 5578 pra:-

464 5608 638 5666 scnte,
666 5601 891 5656 omnino
917 5603 1117 5658 melius
1144 5611 1228 5657 est
1247 5619 1439 5659 omnes
1461 5621 1563 5659 una
1597 5621 1720 5659 cum
1745 5620 1810 5659 eo
1831 5604 2044 5669 adesse,

467 5692 559 5761 qui
596 5702 726 5748 sunt
779 5693 832 5747 in
887 5694 1168 5763 provincia
1208 5695 1451 5767 ejusdem
1489 5698 1733 5753 ntuneris
1769 5697 2039 5767 olliciique

539 5783 582 5813 “
615 5785 871 5841 Antioch.
902 5800 1025 5840 can.
1057 5787 1109 5842 9.

2139 4691 2246 4746 τῶν
2285 4692 2382 4743 σὺν
2416 4689 2565 4759 αὐτῷ
2587 4690 2907 4743 ἐπισκόπων
2932 4682 3007 4741 ὧν
3040 4690 3119 4750 εἰς
3146 4687 3246 4756 τὴν
3290 4683 3473 4755 χώραν
3508 4680 3717 4752 παρέρ-

2140 4804 2305 4858 χοιτο.
2333 4787 2393 4839 Et
2421 4787 2479 4840 δὲ
2533 4786 2762 4857 μηδενὸς
2788 4784 3079 4847 καλοῦντος
3104 4782 3327 4835 ἀπέλθοι
3356 4778 3610 4839 ἀτάκτως
3630 4776 3721 4828 ἐπὶ

2139 4876 2450 4947 χειροθεσίᾳ
2506 4876 2690 4939 τινῶν,
2740 4876 2835 4928 καὶ
2883 4873 3213 4928 καταστάσει
3283 4870 3391 4924 τῶν
3424 4868 3719 4937 ἐκκλησια-

2141 4968 2345 5022 στικῶν
2386 4966 2729 5037 πραγμάτων
2781 4967 2855 5036 μὴ
2884 4965 3272 5037 προσηκόντων
3334 4959 3504 5030 αὐτῷ,
3542 4959 3722 5028 ἄκυρα

2148 5064 2246 5134 μὲν
2278 5063 2347 5115 τὰ
2377 5063 2468 5115 ὑπ’
2498 5060 2663 5114 αὑτοῦ
2701 5059 3054 5130 πραττόμενα
3088 5057 3371 5128 τυγχάνει,
3426 5055 3521 5107 καὶ
3560 5053 3723 5106 αὑτὸν

2143 5156 2200 5209 δὲ
2239 5155 2464 5224 ὑπέχειν
2487 5154 2585 5223 τῆς
2620 5152 2847 5218 ἀταξίας
2888 5149 3075 5213 αὐτοῦ,
3104 5149 3199 5201 καὶ
3268 5148 3368 5216 τῆς
3413 5142 3724 5215 παραλόγου

2145 5248 2563 5317 ἐπιχειρήσεως,
2598 5244 2696 5314 τὴν
2733 5244 3121 5312 προσήκουσαν
3159 5240 3338 5308 δίκην,
3391 5232 3713 5307 καθῃρημέ-

2144 5354 2234 5390 νον
2264 5337 2512 5390 ὲντεῦθεν
2542 5336 2641 5407 ἤδη
2671 5335 2776 5388 ὑπὸ
2802 5335 2902 5403 τῆς
2934 5334 3098 5402 ἁγίας
3125 5330 3372 5383 συνόδου.

2219 5427 2305 5483 ιϐ’.
2358 5428 2684 5482 Ἐπίσκοπον
2740 5428 2815 5497 μὴ
2854 5422 3280 5495 χειροτονεῖσθαι
3336 5419 3460 5489 δίχα
3509 5415 3723 5470 συνόδου

2148 5520 2243 5573 καὶ
2272 5520 2573 5590 παρουσίας
2601 5518 2694 5572 τοῦ
2727 5521 2785 5570 εν
2816 5520 2883 5589 τῇ
2920 5514 3255 5587 μητροπόλει
3282 5511 3380 5579 τῆς
3412 5506 3679 5578 ἐπαρχίας
3707 5521 3722 5536 ο

2150 5611 2341 5664 τούτου
2364 5612 2421 5665 δὲ
2454 5612 2721 5682 παρόντος
2756 5610 3080 5677 ὲξάπαντος,
3118 5605 3327 5675 βέλτιον
3361 5602 3459 5672 μὲν
3488 5600 3726 5654 συνεῖναι

2152 5703 2302 5775 αὐτῷ
2336 5705 2541 5769 πάντας
2576 5705 2700 5767 τοὺς
2735 5705 2792 5757 ἐν
2838 5703 2907 5773 τῇ
2957 5700 3197 5770 ἐπαρχία
3258 5689 3725 5763 συλλειτουργοὺς,

904 6460 2413 6505 -—————-—————-———'—_————_'___‘"
1074 6482 1115 6485 ’ν
1172 6482 1219 6483 7
1332 6480 1361 6481 ψ
1486 6478 1507 6479 7
2166 6466 2207 6467 ἡ

1648 6486 2193 6495 ι--Ῠᾉῌ

1657 6494 1975 6506 fr

1436 6486 2193 6514 ____<—————:—_j———;4———
