4122 6438
309 357 376 419 '77
1135 353 1537 414 SYNTAGMA
1574 351 1895 412 CANONU]

2006 377 2074 387 -
2111 351 2261 412 TIT.
2301 351 2352 424 Ι,
2394 350 2553 410 CAP-
2592 350 2694 410 Ἦ·
3434 345 3542 410 478

278 469 366 530 0'3;
399 465 493 520 καὶ
533 465 803 537 προσήκει
851 463 919 517 δι’
953 464 1268 532 ἐπιστολῆς,
1305 463 1396 516 τὸν
1446 465 1506 515 ὲν
1553 464 1618 532 τῇ
1657 477 1895 532 μητροη

2000 462 2096 516 acii
2121 459 2643 528 (συλλειτουργοὺς),
2677 466 2733 511 et
2763 464 2977 525 oportet
3005 470 3100 525 per
3123 454 3405 525 epistolam
3430 472 3546 510 me-

280 561 430 614 πόλει
461 558 760 626 συγκαλεῖν
781 574 795 588 ·
829 555 922 610 καὶ
954 557 1003 608 εἰ
1057 555 1156 625 μὲν
1186 557 1480 608 ἁπαντοῖεν
1529 554 1581 606 οἱ
1633 554 1856 617 πάντες,

2000 553 2357 624 ropolitanum
2385 566 2481 606 eos
2511 565 2815 606 convocare
2837 590 2852 614 ,
2889 559 2943 603 et
2997 549 3043 604 si
3082 564 3276 604 omnes
3325 548 3544 618 quidem

281 656 510 727 βέλτιον.
545 652 608 706 Ei
638 652 694 706 δὲ
722 651 981 722 δυσχερὲς
1023 649 1112 720 εἴη
1146 649 1326 712 τοῦτο,
1360 647 1487 712 τούς
1531 664 1595 716 γε
1643 644 1862 709 πλείους

2000 643 2320 708 ccesserint,
2352 643 2489 698 bene
2510 651 2615 708 est;
2652 641 2737 696 sin
2769 651 2949 695 autem
2985 639 3089 694 hoc
3111 638 3278 693 fuerit
3305 638 3545 704 difﬁcile,

280 750 579 816 ὲξάπαντος
605 746 863 816 παρεῖναι
907 743 1022 795 δεῖ*
1056 743 1091 812 ἢ
1140 741 1229 794 διὰ
1261 739 1605 812 γραμμάτων
1652 735 1864 808 ὁμοψή-

2000 740 2153 794 lures
2176 737 2402 792 omnino
2427 735 2623 790 adesse
2653 742 2890 804 oportet,
2924 733 3007 787 vel
3049 733 3262 786 litteras
3285 747 3394 786 una
3426 747 3548 786 cum

284 857 417 909 φους
448 836 702 906 γενέσθαι
727 852 742 866 ·
789 836 885 888 καὶ
929 833 1076 887 οῦτω
1113 833 1255 902 μετὰ
1313 835 1412 903 τῆς
1464 831 1572 884 τῶν
1603 823 1866 882 πλειόνων

2000 832 2079 884 llis
2107 829 2426 899 suﬂ‘ragium
2468 826 2632 889 ferre,
2662 835 2716 880 et
2745 825 2825 880 sic
2864 841 2988 881 cum
3031 824 3270 894 plurium
3305 837 3550 893 praisen-

283 931 401 1002 ἦτοι
436 928 738 999 παρουσίας
771 928 805 998 ἢ
837 926 1314 999 ψήφου,γίνεσοαι
1357 924 1458 994 τὴν
1507 925 1864 977 κατάστασιν.

2000 926 2045 977 ia
2095 923 2182 978 vel
2227 921 2496 977 electione
2547 920 2661 974 ﬁeri
2705 919 3174 976 constitutionem.
3231 915 3328 971 Sin
3371 925 3551 969 autem

284 1023 350 1075 Et
403 1021 462 1072 δὲ
493 1019 669 1082 ἄλλως
717 1017 869 1088 παρὰ
911 1018 981 1070 τὰ
1030 1014 1316 1086 ὡρισμένα
1367 1013 1644 1082 γίγνοιτο,
1702 1009 1869 1080 μηδὲν

2009 1017 2131 1070 liter
2165 1016 2493 1085 praeterhac
2515 1028 2636 1083 qua:
2660 1013 2876 1068 decreta
2911 1021 3060 1076 sunt,
3096 1011 3210 1072 ﬁat,
3242 1025 3348 1063 non
3379 1008 3557 1061 valeat

290 1109 496 1181 ἰσχύειν
527 1110 624 1180 τὴν
657 1105 992 1178 χειροτονίαν
1015 1122 1029 1136 ·
1060 1107 1110 1158 εἰ
1141 1104 1199 1158 δὲ
1249 1103 1395 1158 κατὰ
1441 1103 1532 1155 τὸν
1565 1101 1872 1172 ὡρισμένον

2000 1105 2268 1160 n'dinatio.
2312 1103 2408 1158 Sin
2458 1111 2641 1157 autem
2690 1117 2757 1156 ex
2825 1100 3094 1170 prmﬁnito
3149 1113 3361 1154 canone
3413 1095 3557 1150 facta

287 1202 490 1256 κανόνα
517 1199 761 1268 γίγνοιτο
792 1199 826 1268 ὴ
859 1197 1220 1262 κατάστασις,
1259 1195 1595 1264 ἀντιλέγοιεν
1615 1193 1672 1246 δέ
1727 1208 1874 1254 τινες

2000 1199 2144 1254 uerit
2168 1197 2521 1263 constitutio,
2551 1195 2718 1265 aliqui
2761 1203 2944 1248 autem
2981 1198 3202 1262 propter
3233 1205 3394 1245 suum
3421 1204 3559 1247 con-

289 1294 357 1348 δι’
390 1292 600 1346 οἰκείαν
632 1289 989 1360 φιλονεικίαν,
1035 1294 1260 1363 κρατεῖν
1309 1289 1418 1342 τῶν
1466 1284 1732 1340 πλειόνων
1777 1281 1875 1354 τὴν

2000 1287 2243 1345 entionis
2287 1287 2528 1342 studium
2601 1283 3024 1346 contradicant,
3074 1281 3258 1335 vincat
3319 1279 3560 1350 plurium

290 1387 490 1457 ψῆφον.

364 1479 471 1549 κβ’.
518 1477 848 1532 Ἐπίσκοπον
881 1473 956 1546 μὴ
981 1471 1284 1526 ἐπιϐαίνειν
1314 1467 1574 1541 ἀλλοτρίᾳ
1605 1467 1759 1522 πόλει
1799 1464 1868 1536 τῇ

296 1570 370 1642 μὴ
411 1569 752 1640 ὑποκειμένῃ
787 1566 957 1636 αὐτῷ,
997 1564 1129 1636 μηδὲ
1159 1561 1312 1633 χώρᾳ
1339 1563 1406 1632 τῇ
1454 1559 1607 1630 αὐτῷ
1659 1558 1734 1629 μὴ
1761 1556 1879 1610 δια-

294 1661 558 1733 φερούσῃ,
587 1660 679 1712 ἐπὶ
708 1656 1015 1729 χειροτονίᾳ
1035 1657 1200 1718 τινὸς,
1234 1651 1373 1724 μηδὲ
1405 1650 1674 1721 καθιστᾷν
1703 1665 1880 1720 πρεσ-

293 1753 558 1823 ϐυτέρους
597 1749 942 1822 ῆδιακὸνους
990 1749 1070 1810 είς
1123 1745 1324 1808 τόπους
1370 1743 1546 1814 ἑτέρῳ
1597 1742 1884 1812 ὲπισκόπῳ

293 1843 719 1913 ὑποκειμένους,
751 1842 800 1893 εί
826 1839 902 1908 μὴ
934 1839 1045 1910 ἄρα
1079 1836 1217 1908 μετὰ
1262 1834 1491 1906 γνώμης
1537 1833 1633 1887 τοῦ
1672 1833 1881 1886 οἰκείου

273 1939 392 2006 τῆς
420 1935 608 2006 χώρας
632 1934 959 1988 ἐπισκόπου.
997 1932 1060 1984 Εἰ
1087 1931 1143 1984 δὲ
1165 1929 1461 2001 τολμήσειέ
1492 1946 1577 1992 τις
1611 1925 1878 1993 τοιοῦτον,

294 2028 502 2098 ἄκυρον
528 2023 669 2080 εἶναι
708 2027 809 2096 τὴν
842 2022 1208 2095 χειροθεσίαν,
1241 2022 1338 2076 καὶ
1369 2021 1549 2075 ἀὐτὸν
1599 2019 1883 2090 ἐπιτιμίας

297 2122 400 2176 ὑπὸ
419 2121 525 2191 τῆς
551 2120 771 2172 συνόδου
807 2117 1119 2188 τυγχάνειν.

535 2258 808 2313 Συνόδου
835 2255 1188 2321 Λαοδικείας
1219 2253 1421 2308 κανὼν
1442 2259 1503 2320 ε’,
1549 2251 1643 2324 ιβ’.

365 2359 428 2407 ε’.
451 2353 594 2423 Περὶ
621 2351 716 2404 τοῦ
743 2351 817 2422 μὴ
847 2349 956 2403 δεῖν
981 2349 1079 2412 τὰς
1109 2347 1440 2420 χειροτονίας
1474 2347 1569 2401 ἐπὶ
1607 2345 1886 2419 παρουσίᾳ

304 2447 673 2518 ἀκροωμένων
702 2445 973 2514 γίνεσθαι.

376 2539 461 2608 ιβ’.
499 2539 632 2608 Περὶ
657 2536 751 2590 τοῦ
775 2539 904 2600 τοὺς
927 2535 1264 2600 ἐπισκόπους
1307 2534 1490 2604 κρίσει
1539 2532 1633 2588 τοῦ
1680 2549 1885 2604 μητρο-

309 2629 529 2682 πολίτου
555 2629 648 2683 καὶ
685 2628 795 2682 τῶν
829 2627 990 2698 πέριξ
1018 2626 1354 2687 ἐπισκόπων,
1399 2624 1764 2678 καθίστασθαι
1802 2624 1884 2687 εἰς

306 2721 401 2791 τὴν
428 2720 890 2793 ὲκκλησιαστικὴν
917 2718 1115 2790 ἀρχὴν,
1143 2717 1304 2781 ὄντας
1334 2719 1397 2770 ὲκ
1427 2715 1626 2770 πολλοῦ
1679 2716 1885 2769 δεδοκι-

307 2813 650 2884 μασμένους·
679 2813 736 2865 έν
761 2829 818 2866 τε
839 2811 918 2881 τῷ
938 2811 1082 2882 λόγῳ
1103 2810 1202 2880 τῆς
1243 2808 1504 2873 πίστεως,
1534 2807 1631 2862 καὶ
1671 2809 1738 2878 τῇ
1790 2803 1886 2859 τοῦ

303 2907 508 2970 εὐθέως
530 2905 694 2976 λόγου
727 2905 996 2977 πολιτείᾳ.

301 3039 576 3096 Συνέδου
619 3039 872 3108 Ἑφέσου
911 3037 1113 3093 κανὼν
1139 3043 1213 3105 η’,
1251 3037 1348 3091 καὶ
1388 3035 1686 3108 ἐπιστολὴ
1736 3034 1890 3106 πρὸς

653 3106 769 3178 τῖὶιν
792 3111 862 3162 ἐν
893 3109 1222 3179 Παμφυλίᾳ
1257 3106 1550 3162 σύνοδον.

367 3211 438 3278 η’.
465 3203 614 3267 Τοὺς
641 3200 698 3256 δὲ
725 3201 1041 3272 τολμῶντας
1069 3201 1102 3273 ἢ
1136 3199 1438 3254 συντιθέναι
1467 3201 1648 3253 πίστιν
1679 3198 1891 3269 ἑτέραν,

300 3297 472 3368 ἧγουν
521 3293 877 3366 προκομίζειν
907 3294 940 3364 ἦ
973 3292 1276 3366 προφέρειν
1323 3294 1436 3354 τοῖς
1483 3289 1730 3345 θέλουσιν
1776 3292 1896 3342 ἐπι-

302 3390 564 3460 στρέφειν
596 3387 676 3450 είς
730 3387 1028 3454 ἐπίγνωσιν
1049 3385 1148 3455 τῆς
1177 3384 1456 3454 ἀληθείας,
1492 3383 1526 3456 ἢ
1573 3381 1634 3450 ἐξ
1687 3385 1897 3456 ἑλληνι-

302 3481 440 3550 σμοῦ
505 3479 539 3550 ἢ
576 3479 634 3545 ἐξ
671 3477 987 3550 ίουδαῖσμοῦ
1011 3517 1026 3542 ,
1059 3480 1225 3548 ἥγουν
1273 3476 1332 3542 ἐξ
1378 3478 1642 3549 αἱρέσεως
1680 3479 1898 3546 οἱασδη-

299 3573 532 3635 ποτοῦν,
565 3570 810 3636 τούτους,
846 3575 892 3623 εἰ
949 3570 1048 3641 μὲν
1101 3567 1210 3623 εἷεν
1250 3567 1541 3622 ἐπίσκοποι
1565 3569 1598 3640 ἢ
1623 3569 1896 3639 κληρικοὶ,

300 3663 624 3736 ἀλλοτρίους
649 3662 789 3718 εἶναι
816 3663 943 3724 τοὺς
967 3663 1301 3725 ἐπισκόπους
1328 3663 1775 3737 τῆςέπισκοπῆς,
1805 3661 1902 3714 καὶ

299 3758 426 3821 τοὺς
452 3756 760 3827 κληρικοὺς
790 3754 886 3808 τοῦ
909 3756 1114 3826 κλήρου
1140 3771 1153 3784 ·
1186 3756 1236 3807 εί
1288 3754 1346 3808 δὲ
1389 3755 1569 3807 λαῖκοὶ
1598 3749 1730 3816 εἷεν,
1773 3754 1902 3806 ἅνα-

303 3848 728 3920 θεματίζεσθαι,
761 3848 905 3902 κατὰ
933 3848 1026 3900 τὸν
1073 3848 1188 3900 ῐσον
1236 3847 1294 3901 δὲ
1350 3846 1556 3917 τρόπον
1610 3847 1661 3899 εί
1706 3863 1900 3917 φωρα-

304 3943 445 3996 θεῖέν
501 3957 668 4006 τινες,
745 3942 857 3994 εἴτε
925 3941 1234 4005 ἐπίσκοποι,
1289 3939 1401 3993 είτε
1455 3939 1750 4011 κληρικοὶ,
1790 3939 1901 3992 εἴτε

305 4032 517 4096 λα’ίκοὶ,
556 4029 588 4102 ἢ
622 4029 952 4101 φρονοῦντες
985 4031 1019 4101 ἢ
1053 4030 1402 4093 διδάσκοντες
1453 4029 1524 4083 τὰ
1555 4031 1615 4082 ὲν
1665 4031 1732 4100 τῇ
1767 4045 1904 4099 προ-

306 4124 644 4198 κομισθείσῃ
672 4124 887 4178 ἐκθέσει
906 4126 1056 4195 παρὰ
1081 4123 1346 4194 Χαρισίου
1383 4122 1478 4176 τοῦ
1504 4121 1901 4192 πρεσϐυτέρου,

307 4219 439 4291 περὶ
467 4217 579 4288 τῆς
615 4216 1084 4288 ὲνανθρωπήσεως
1111 4217 1208 4270 τοῦ
1257 4215 1586 4286 μονογενοῦς
1641 4214 1737 4268 τοῦ
1763 4214 1900 4268 Θεοῦ

310 4311 467 4377 Υἱοῦ,
509 4311 682 4381 ἤγουν
710 4311 780 4362 τὰ
811 4308 985 4380 μιαρὰ
1015 4310 1110 4362 καὶ
1140 4307 1554 4380 διεστραμμένα
1605 4306 1903 4376 Νεστορίου

307 4405 586 4475 δόγματα,
641 4401 678 4456 ἃ.
749 4402 844 4455 καὶ
894 4400 1284 4465 ὑποτέτακται,
1350 4397 1771 4452 ὑποκείσθωσαν
1834 4399 1903 4467 τῇ

1979 1382 2324 1452 suﬂragtum.

2048 1476 2144 1531 22.
2191 1473 2492 1544 Episcopus
2522 1470 2576 1524 in
2603 1469 2837 1524 alienam
2866 1466 3164 1530 civitatem,
3199 1479 3324 1534 quae
3351 1463 3401 1518 ei
3431 1462 3565 1518 sub-

1978 1567 2118 1637 jecta
2167 1579 2274 1619 non
2302 1571 2389 1617 est
2429 1575 2536 1614 non
2571 1557 2852 1621 ascendat,
2898 1571 3001 1610 nec
3035 1553 3088 1607 in
3137 1553 3412 1622 regionem
3443 1562 3566 1619 qua:

1985 1660 2053 1715 ad
2103 1673 2228 1714 eum
2281 1671 2388 1710 non
2433 1653 2690 1724 pertinet,
2744 1649 2810 1704 ad
2858 1647 3092 1718 alicujus
3137 1643 3564 1706 ordinationem,

1989 1767 2088 1806 nec
2120 1751 2498 1820 presbyterum
2543 1744 2624 1798 vel
2669 1742 2963 1796 diaconum
2995 1737 3297 1792 constituat
3344 1734 3397 1787 in
3430 1731 3568 1787 locis

1987 1845 2082 1900 alii
2116 1843 2375 1912 episcopo
2420 1837 2706 1906 subjectis,
2745 1832 2850 1888 ttisi
2894 1847 3018 1887 eum
3054 1829 3337 1883 voluntate
3364 1823 3566 1895 pr0prii

1987 1939 2134 1994 illius
2180 1935 2420 2006 regionis
2470 1931 2737 2002 episcopi.
2793 1928 2852 1982 Si
2902 1926 3028 1995 quis
3063 1931 3245 1978 autem
3285 1920 3394 1974 tale
3439 1916 3571 1987 quid

1987 2047 2155 2087 ausus
2182 2029 2363 2092 fuerit,
2397 2026 2612 2081 inﬁrma
2645 2023 2716 2080 sit
2747 2019 3042 2085 ordinatio,
3071 2026 3126 2073 et
3160 2016 3276 2086 ipse
3299 2029 3330 2068 a
3362 2009 3573 2084 synodo

1987 2123 2267 2193 puniatur.

2270 2248 2498 2306 Concilii
2537 2245 2823 2300 Laodiceni
2855 2256 3084 2296 canones
3114 2237 3169 2303 5,
3202 2236 3292 2293 12.

2058 2344 2112 2400 5.
2153 2341 2270 2397 Non
2318 2349 2574 2411 oportere
2619 2336 2998 2394 ordinationes
3031 2330 3146 2386 ﬁeri
3191 2329 3246 2384 in
3285 2323 3576 2398 praesentia

1986 2453 2179 2494 eorum
2210 2436 2302 2505 qui
2328 2434 2584 2489 audiunt.

2061 2532 2147 2588 12.
2193 2527 2263 2584 Ut
2292 2528 2534 2599 episcOpi
2567 2523 3115 2592 metropolitanorum
3147 2523 3203 2570 et
3233 2527 3447 2574 eorum,
3482 2508 3577 2578 qui

1989 2635 2119 2682 sunt
2165 2623 2550 2687 circumcirca,
2599 2619 2985 2689 episcoporum
3014 2608 3248 2681 judicio,
3299 2606 3353 2660 in
3397 2603 3576 2657 eccle-

1988 2717 2211 2773 siastico
2263 2716 2584 2785 magistratu
2631 2709 3054 2769 constituantur,
3101 2703 3195 2756 diu
3234 2695 3575 2757 examinati,

1987 2817 2042 2862 et
2087 2807 2142 2862 in
2175 2807 2390 2861 ratione
2432 2805 2586 2871 ﬁdei,
2632 2814 2686 2859 et
2720 2802 2776 2856 iu
2808 2808 2974 2854 recta:
3022 2791 3257 2850 rationis
3291 2789 3581 2859 dispensa-

1993 2905 2163 2958 tione.

1991 3043 2222 3099 Concilii
2265 3041 2518 3113 Ephesini
2565 3053 2738 3113 canon
2770 3026 3158 3113 8,et_.epistola
3204 3023 3274 3077 ad
3323 3017 3585 3090 synodum

2551 3113 2606 3165 in
2636 3103 2972 3176 Pamphylia.

2075 3207 2129 3264 8.
2154 3208 2257 3276 Qui
2286 3223 2417 3262 vero
2440 3203 2557 3259 ausi
2582 3200 2785 3256 fuerint
2813 3205 2905 3250 aut
2920 3201 3251 3260 componere.
3267 3183 3423 3238 ﬁdem
3447 3181 3586 3236 alte-

1999 3271 2267 3364 ram,vaut
2315 3293 2585 3367 proferre,
2614 3289 2698 3345 vel
2733 3287 2932 3342 oﬂ‘erre
2979 3277 3225 3336 converti
3271 3271 3588 3328 volentibus

1999 3395 2106 3465 32
2133 3363 2214 3446 ad
2263 3363 2600 3459 agnitionem
2675 3377 2945 3440 veritatis,
2986 3374 3102 3428 sive
3143 3385 3209 3424 ex
3266 3363 3588 3436 gentilitate,

2003 3457 2362 3558 ﬁtaganitate]
2389 3479 2503 3532 sive
2532 3490 2596 3528 ex
2625 3471 2926 3544 judaismo,
2955 3467 3070 3521 sive
3109 3478 3176 3518 ex
3219 3457 3592 3530 qualicunque

2005 3577 2236 3643 haeresi;
2281 3575 2383 3628 hos
2421 3568 2664 3641 quidem,
2704 3567 2752 3622 si
2799 3569 2927 3618 sunt
2974 3555 3214 3630 episcOpi
3260 3560 3354 3608 aut
3381 3546 3592 3613 clerici,

2003 3672 2210 3726 alienos
2241 3681 2364 3722 esse
2395 3666 2685 3733 episcopos
2730 3656 2798 3712 ab
2834 3654 3175 3724 episcopatu,
3215 3654 3271 3700 et
3300 3641 3532 3699 clericos
3558 3655 3592 3692 a

2003 3762 2265 3819 clericatu
2293 3730 2534 3813 decrevit
2557 3730 2655 3807 :Vsi
2681 3764 2809 3804 vero
2843 3745 2966 3800 laici
2991 3741 3215 3802 fuerint,
3255 3730 3593 3791 anathemati

2005 3855 2223 3927 subjici.
2272 3851 2449 3907 Simili
2483 3848 2649 3904 etiam
2691 3843 2854 3898 modo
2889 3837 3053 3907 siqui
3101 3832 3309 3888 inventi
3349 3825 3589 3889 fuerint,

2005 3950 2089 4005 vel
2107 3918 2375 4018 episcopi,
2409 3940 2494 3996 vel
2524 3936 2733 4001 clerici,
2761 3933 2844 3988 vel
2878 3931 3022 3992 laici,
3073 3927 3186 3981 sive
3221 3922 3450 3982 sentire,
3478 3918 3595 3973 sive

2004 4010 2204 4097 docere
2242 4010 2314 4090 ea.
2355 4048 2478 4103 quae
2523 4028 2876 4085 continentur
2924 4023 2980 4076 in
3017 4018 3199 4073 oblata
3249 4010 3595 4082 expositione

2005 4147 2034 4186 a
2063 4127 2313 4185 Charisio
2355 4122 2676 4195 presbytero
2715 4119 2782 4171 de
2828 4110 3091 4184 unigeniti
3122 4106 3248 4161 Filii
3281 4104 3371 4158 Dei
3406 4104 3592 4156 incar-

2009 4221 2248 4281 natione,
2269 4215 2384 4271 sive
2413 4211 2676 4268 scelerata
2707 4215 2762 4261 et
2783 4217 3034 4275 perversa
3060 4196 3295 4253 Nestorii
3315 4195 3592 4263 dogmata,

2006 4328 2128 4382 qu:e
2153 4320 2207 4364 et
2236 4308 2481 4364 subnexa
2513 4311 2662 4365 sunt,
2716 4298 3036 4365 suhjaceant
3067 4289 3353 4347 sententiae
3388 4293 3596 4340 saneta:

2008 4379 2174 4472 huius
2200 4409 2256 4454 et
2287 4395 2614 4452 universalis
2647 4389 2839 4462 synodi
2876 4406 2889 4442 :
2929 4397 2989 4442 ut
3021 4383 3277 4438 videlicet
3299 4379 3596 4448 episcopus

310 4467 588 4566 ἀποφάσει
613 4494 712 4564 τῆς
745 4493 908 4562 ἁγίας
934 4493 1136 4564 ταύτης
1171 4494 1265 4546 καὶ
1309 4491 1706 4562 οἰκούμενικῆς
1741 4488 1894 4542 συνό-

2009 4467 2229 4567 quidem
2261 4495 2608 4546 removeatur
2633 4485 2701 4539 ab
2719 4483 3060 4553 episcopatu,
3093 4486 3149 4530 et
3181 4473 3253 4528 sit
3281 4467 3592 4539 depositus;

311 4589 444 4641 δου·
497 4587 641 4641 ὥστε
683 4585 950 4658 δηλονότι,
995 4587 1086 4640 τὸν
1140 4586 1241 4656 μὲν
1301 4585 1605 4639 ἐπίσκοπον
1657 4581 1902 4638 ἀπαλλο-

313 4681 600 4753 τριοῦσθαι
624 4684 721 4752 τῆς
761 4679 1092 4750 ἐπισκοπῆς,
1138 4683 1232 4732 καὶ
1291 4675 1432 4732 εἶναι
1477 4677 1901 4749 καθῃρημένον·

313 4774 406 4826 τὸν
436 4774 495 4827 δὲ
531 4773 816 4845 κληρικδν,
861 4771 1064 4842 ὁμοίως
1116 4771 1411 4824 ἐκπίπτειν
1451 4769 1543 4823 τοῦ
1583 4769 1813 4840 κλήρου.
1839 4769 1902 4821 Εἰ

315 4865 371 4920 δὲ
425 4865 615 4929 tam;
669 4865 780 4936 εἴη,
837 4864 934 4918 καὶ
984 4855 1139 4928 οὗτος
1197 4863 1681 4934 ἁναθεματιζέσθω
1709 4903 1724 4926 ,
1759 4861 1902 4915 καθὰ

315 4959 666 5029 προείρηται.

329 5069 662 5137 Ἐπιστολὴ
679 5069 791 5138 τῆς
810 5069 997 5138 αὐτῆς
1031 5070 1100 5124 ἐν
1141 5070 1375 5139 Ἐφέσῳ
1397 5069 1573 5137 ἁγίας
1612 5068 1906 5134 συνόδου,

389 5141 544 5193 πρὸς
576 5141 694 5193 τὴν
720 5143 792 5193 ἐν
825 5142 1146 5193 Παμφυλία
1179 5139 1370 5193 εὐαγῆ
1411 5138 1705 5193 σύνοδον.
1770 5140 1906 5193 περὶ

389 5141 544 5209 πρὸς
576 5141 694 5208 τὴν
720 5143 792 5194 ἐν
825 5142 1146 5210 Παμφυλίᾳ
1179 5138 1370 5208 εὐαγῆ
1411 5138 1705 5203 σύνοδον,
1770 5140 1906 5205 περὶ

387 5213 730 5266 Εὐσταθίου
779 5213 885 5266 τοῦ
927 5213 1255 5281 γενομένου
1299 5210 1502 5266 αὐτῶν
1533 5210 1908 5280 μητροπολίο

389 5299 520 5336 του.

392 5395 556 5449 Μετὰ
577 5394 821 5462 ,βουλῆς
847 5394 1044 5448 πάντα
1077 5396 1233 5448 ποίει
1259 5394 1360 5464 τῆς
1409 5392 1771 5447 θεοπνεύστου
1823 5392 1911 5446 λε-

324 5488 531 5557 γούσης
573 5488 612 5540 Γ
621 5488 823 5558 ραιρῆς,
898 5487 1003 5558 χρὴ
1065 5486 1132 5556 δὴ
1197 5485 1432 5556 μάλιστα
1477 5487 1604 5551 τοὺς
1655 5484 1907 5556 ἱερᾶσθαι

327 5578 593 5650 λαχόντας
626 5581 766 5651 μετὰ
802 5581 982 5651 πάσης
1009 5579 1296 5652 ἀκριϐείας
1328 5579 1426 5652 τὴν
1472 5579 1560 5650 ἐφ’
1592 5579 1765 5634 ἅπασι
1803 5579 1918 5641 τοῖς

403 5781 449 5812 δ’
473 5779 634 5840 Eccli.
672 5800 846 5851 sxxii,
883 5783 974 5838 28.

2015 4589 2248 4646 clericus
2278 4601 2408 4640 vero
2451 4580 2709 4638 similiter
2737 4574 2956 4631 excidat
2994 4587 3024 4625 a
3047 4567 3310 4625 clericatu
3343 4581 3356 4614 :
3388 4560 3436 4614 si
3468 4573 3599 4611 vero

2015 4684 2188 4738 laicus
2214 4681 2339 4750 quis
2382 4677 2474 4743 sit,
2506 4681 2561 4728 et
2607 4672 2725 4742 ipse
2755 4663 3274 4724 anathematizetur,
3327 4655 3474 4711 sicut
3502 4665 3600 4707 su-

2017 4777 2201 4847 perius
2237 4772 2442 4827 dictum
2473 4773 2578 4822 est.

2020 5059 2277 5131 Ejusdem
2318 5066 2518 5131 sanctre
2566 5053 2858 5131 Ephesium
2897 5047 3088 5131 synodi
3128 5039 3471 5131 epli‘stoladnti

2089 5111 2527 5199 c'rnmsynodnm
2572 5111 2629 5199 ni,
2671 5111 3008 5199 Pamphylia,
3055 5119 3118 5173 de
3157 5111 3480 5176 'Eustalhio,
3510 5111 3601 5180 qui

2089 5195 2326 5273 ipsorum
2357 5198 2690 5266 metropotita
2716 5195 2917 5266 fuerat.

2089 5381 2226 5435 Cum
2273 5379 2539 5433 divinitus
2587 5375 2855 5444 inspirata
2902 5370 3188 5440 Scriptura
3246 5364 3440 5420 dicat:
3477 5359 3606 5414 Sine

2021 5474 2243 5530 consilio
2295 5471 2429 5526 nihil
2473 5470 2647 5540 facias
2670 5468 2715 5498 ⁸⁸
2744 5485 2756 5520 :
2788 5481 2884 5519 ros
2919 5463 2972 5517 in
3030 5460 3243 5532 primis,
3291 5454 3385 5524 qui
3439 5464 3603 5505 sacro

2021 5570 2209 5640 aliquo
2232 5567 2286 5622 in
2316 5579 2546 5621 munere
2579 5561 2789 5619 versari
2829 5557 3042 5621 volunt,
3079 5565 3277 5622 magna
3304 5542 3607 5616 diligentia,
