4122 6522
524 345 629 410 479

1701 349 1962 411 ΡΗΟΤΙΙ
1999 349 2506 410 PATRIARCII/E
2535 352 2644 412 CP.

3708 350 3826 414 480

525 461 788 532 omnique
834 463 1016 519 studio
1057 464 1112 519 in
1167 463 1216 519 id
1269 464 1587 520 incumbere
1643 471 1878 533 oportet,
1931 470 1992 516 ut
2055 462 2108 515 in

2222 463 2512 532 πρακτέοις
2535 464 2808 519 ποιεῖσθαι
2837 465 3124 535 διάσκεψιν
3142 482 3153 495 ·
3175 464 3422 518 διαϐιοῦν
3469 465 3574 537 γὰρ
3629 466 3822 530 οὕτως

525 556 785 611 omnibus
814 557 980 612 rebus
1031 558 1484 612 administrandis
1531 555 1864 627 agendisque
1893 569 2109 610 summa

527 646 857 701 adhibeatur
918 647 1310 702 consideratio.
1365 645 1500 700 Nam
1553 649 1620 701 iis
1661 647 1754 716 qni
1795 647 1876 701 sic
1925 646 2110 701 vivere

526 738 742 804 volunt,
794 739 850 792 in
911 739 1118 807 Optima
1169 755 1263 808 spe
1312 755 1400 793 res
1441 755 1629 792 em'um
1680 741 1814 793 sitas
1864 754 2007 804 esse,
2054 745 2109 793 et

529 830 696 883 veluti
732 832 973 885 secundo
1007 847 1193 895 cursu,
1239 847 1358 899 quze
1399 839 1608 898 optant,
1643 831 1936 886 succedere
1977 846 2110 884 con-

529 923 710 991 tingit.
749 923 813 976 Et
841 939 974 976 sane
1007 923 1118 975 haec
1149 939 1253 974 non
1286 937 1476 989 parum
1513 923 1707 975 rationi
1738 933 2108 976 consentanea

528 1023 613 1065 est
643 1013 837 1065 oratio.
881 1010 1072 1065 Verum
1106 1013 1324 1065 interim
1359 1015 1497 1066 solet
1535 1014 1778 1068 illCltlel'e
1811 1014 2108 1082 aliquando

528 1119 691 1173 asper
717 1120 781 1157 ac
816 1104 1193 1158 intolerandus
1215 1105 1391 1170 dolor,
1416 1107 1508 1174 qui
1542 1116 1776 1159 mentem
1812 1107 2107 1160 humanam

529 1199 711 1252 subito
741 1200 926 1267 aliquo
958 1200 1216 1266 percellat
1243 1201 1469 1268 impetu,
1516 1203 1698 1268 itaque
1745 1218 1862 1255 eam
1897 1213 2111 1270 pertur-

527 1291 707 1345 batam
735 1306 1158 1360 pcrversamque
1187 1295 1400 1358 reddat,
1431 1303 1488 1346 ut
1513 1301 1570 1348 et
1601 1295 1668 1347 ab
1694 1295 1907 1348 utilium
1944 1295 2111 1349 hone—

526 1392 850 1451 storumque
903 1383 1250 1454 indagatione
1301 1386 1627 1449 ahducatur,
1665 1397 1717 1440 et
1762 1387 1828 1441 ad
1874 1403 1956 1449 ea,
1989 1401 2110 1456 quae

523 1483 722 1528 natura
759 1474 828 1529 ad
879 1475 1180 1530 laedendum
1211 1486 1337 1530 sunt
1387 1489 1724 1547 comparata,
1754 1481 1932 1548 specie
1953 1481 2111 1534 boui-

526 1572 656 1625 tatis
689 1573 1062 1641 persequenda
1106 1575 1437 1641 impellatur.
1493 1576 1624 1630 Tale
1668 1577 1926 1645 quiddam
1978 1593 2109 1630 san-

524 1657 772 1711 ctissimo
829 1663 946 1712 viro
1002 1660 1290 1715 Eustathio
1355 1664 1650 1731 contigisse
1731 1666 2106 1735 cognovimus.

525 1746 632 1816 33
675 1745 795 1801 Rite
840 1749 985 1800 enim
1026 1764 1089 1803 ac
1135 1753 1434 1805 secundum
1474 1769 1736 1818 canones,
1770 1765 1828 1808 ut
1867 1756 2106 1810 omnium

2217 553 2514 621 ἐθέλουσιν,
2549 557 2782 628 ἐκκαλῷ
2817 560 2916 627 τῆς
2944 557 3158 621 ἐλπίδος
3193 559 3403 610 κεῖσθαί
3448 575 3507 610 τε
3546 559 3619 611 τὰ
3678 557 3818 610 κατ’

2216 645 2455 709 αὐτούς·
2521 649 2614 700 καὶ
2667 645 2779 701 οἷον
2807 651 2866 715 ἐξ
2920 649 3133 718 οὐρίας,
3187 651 3244 702 ἐν
3289 653 3405 712 τοῖς
3456 651 3575 702 κατ’
3634 647 3822 719 εὐχὴν

2218 736 2592 807 ἀποφέρεσθαι
2628 739 2956 808 συμϐαίνει·
3001 741 3098 792 καὶ
3147 741 3281 793 πολὺ
3337 741 3397 793 τό
3451 758 3514 808 γε
3561 741 3750 803 εἰκὸς,
3791 741 3823 792 ὁ

2215 826 2374 894 λόγος
2433 829 2575 898 ἔχει·
2615 831 2730 883 ἀλλ’
2770 827 2907 884 οῐδεν
2949 832 3062 884 ἔσθ’
3123 835 3211 885 ὅτε
3269 833 3488 902 δριμεῖα
3525 835 3619 885 καὶ
3665 832 3822 900 ἁφό-

2219 939 2381 991 ρητος
2431 921 2577 992 λύπη
2635 924 3038 992 κατασκήψασα
3093 925 3239 986 νοῦν,
3300 925 3688 977 καταθολῶσαί
3755 941 3822 976 τε

2216 1013 2404 1077 δεινῶς
2458 1013 2644 1077 αὑτὸν,
2700 1015 2794 1067 καὶ
2847 1017 2946 1083 τῆς
2991 1017 3100 1069 τῶν
3127 1017 3358 1069 δεόντων
3387 1015 3558 1085 θήρας
3592 1017 3823 1068 ἀποκο-

2221 1106 2396 1177 μίσαι,
2434 1106 2730 1159 ἀναπεῖσαί
2761 1125 2821 1158 τε
2846 1107 2905 1159 τὸ
2939 1107 3182 1175 πεφυκὸς
3229 1108 3457 1173 ἀδικεῖν,
3500 1107 3575 1170 ὥς
3604 1125 3658 1159 τι
3697 1107 3822 1158 τῶν

2217 1198 2556 1268 ὀνησιφόρων
2587 1199 2712 1251 ἰδεῖν
2739 1217 2750 1227 ·
2784 1198 3023 1252 τοιοῦτόν
3051 1217 3102 1251 τι
3133 1199 3444 1268 τεθεάμεθα
3489 1198 3822 1251 πεπονθότα

2216 1289 2306 1341 τὸν
2355 1288 2751 1341 εύλαϐέστατον
2830 1289 2924 1341 καὶ
2992 1287 3408 1341 θεοσεϐέστατον
3473 1285 3817 1350 Εὑστάθιον,

2218 1380 2656 1449 κεχειροτόνηται
2697 1379 2796 1448 μέν
2843 1379 2952 1448 γὰρ
2998 1379 3072 1440 ὡς
3108 1379 3532 1449 μεμαρτύρηται
3573 1396 3817 1432 κανονι-

2217 1472 2348 1535 κῶς,
2397 1471 2862 1542 τεθορυϐημέναις
2887 1471 2964 1533 δὲ,
3000 1469 3074 1533 ὣς
3100 1487 3254 1539 φησι,
3313 1471 3462 1540 παρά
3506 1489 3669 1523 τινων
3710 1470 3819 1523 καὶ

2216 1562 2500 1631 ἀδοκήτοις
2535 1563 2928 1631 περιστάσεσιν
2963 1561 3317 1631 ἐμϐεϐηκώς·
3357 1556 3476 1613 εἶτα
3509 1561 3573 1613 ἐκ
3596 1561 3818 1629 πολλῆς

2217 1655 2357 1722 ἄγαν
2380 1654 2836 1724 ἀπραγμοσύνης,
2879 1652 3202 1724 ἀπειρηκὼς
3227 1653 3322 1719 τὴν
3349 1654 3667 1706 ἀντίστασιν
3691 1653 3816 1705 τῶν

2219 1747 2669 1818 ἐπενηνεγμένων
2725 1745 2872 1816 αὐτῷ
2907 1747 3225 1816 φροντίδων,
3271 1747 3368 1799 καὶ
3411 1744 3817 1814 διακρούεσθαι

527 1839 847 1891 testimonio
891 1839 1175 1908 probatur,
1228 1842 1518 1897 ordinatus
1573 1853 1675 1898 est.
1721 1843 1914 1899 Postea
1959 1862 2110 1910 vero,

2222 1841 2318 1901 τὰς
2357 1842 2507 1909 παρὰ
2549 1839 2657 1891 τῶν
2713 1840 3094 1909 ἐπιφυομένων
3143 1838 3294 1908 αὐτῷ
3352 1838 3668 1907 δυσφημίας
3725 1837 3814 1908 μὴ

528 1943 654 1982 cum
686 1929 740 1982 iu
779 1932 1069 1985 tumultum
1113 1948 1143 1986 a
1172 1935 1474 2000 nonnullis,
1505 1944 1565 1989 ut
1605 1936 1758 2001 dicit,
1791 1947 2108 2007 pertractus

529 2031 699 2085 esset,
740 2023 1048 2092 subitisque
1095 2039 1160 2077 ac
1211 2026 1503 2096 insperatis
1536 2017 1778 2096 undique
1813 2029 1970 2081 malis
2004 2031 2114 2082 cir-

529 2124 849 2182 cumseptus
873 2115 1018 2185 (cum
1055 2133 1214 2169 usum
1245 2118 1296 2170 in
1334 2117 1497 2173 rebus
1530 2121 1781 2189 gerendis
1812 2121 2109 2173 admodum

529 2206 788 2276 exiguum
844 2207 1092 2275 haberet)
1146 2211 1420 2264 sustinere
1466 2220 1574 2264 tam
1622 2211 1842 2278 multas,
1893 2222 2114 2282 tamque

529 2315 746 2368 graves,
771 2308 892 2369 Quae
918 2300 966 2353 ei
1009 2301 1418 2365 incumbebant,
1457 2317 1618 2357 curas
1652 2318 1757 2356 non
1798 2304 1975 2368 vellet,
2010 2321 2112 2358 nec

530 2388 772 2445 refutare
816 2405 1034 2456 eorum,
1062 2391 1154 2460 qui
1189 2390 1363 2458 ipsum
1414 2392 1781 2457 adorirentur,
1822 2394 2111 2450 maledicta

531 2497 655 2536 cum
708 2491 926 2550 posset;
981 2483 1350 2538 recusationis
1407 2493 1461 2536 et
1513 2476 1878 2540 abdicationis
1917 2487 2113 2540 obtulit

529 2574 717 2629 nescio
751 2590 858 2645 quo
887 2585 1050 2644 pacto
1096 2575 1336 2629 libellum
1369 2594 1382 2629 :
1417 2592 1541 2630 eum
1579 2587 1769 2631 contra
1801 2579 2108 2648 oportebat,

527 2681 672 2728 eam,
717 2683 880 2736 quam
929 2667 1093 2721 semel
1139 2666 1260 2721 fidei
1309 2683 1423 2721 suae
1479 2670 1873 2722 sacerdOtalem
1921 2686 2112 2724 curam

529 2761 884 2813 commissam
933 2760 1222 2825 habuerat,
1263 2759 1587 2814 fortitudine
1633 2760 1866 2829 spiritali
1905 2770 2112 2825 tenere,

530 2850 745 2906 labores
812 2851 1022 2916 subire,
1055 2867 1117 2906 ac
1187 2851 1372 2905 animo
1442 2852 1646 2906 volenti
1717 2852 1997 2919 sudorem,
2027 2853 2113 2907 cui

531 2960 745 2999 merces
799 2945 1077 3014 proposita
1134 2955 1240 3011 est,
1295 2945 1591 3000 sustinere.
1645 2944 1777 3011 Quze
1834 2946 2115 3015 diligentia

528 3034 788 3104 quoniam
823 3036 878 3088 in
934 3036 1040 3090 hoc
1082 3045 1269 3105 aperte
1311 3036 1620 3091 desiderata
1661 3037 1784 3103 fuit,
1825 3037 1877 3091 id
1909 3038 2115 3104 (tamen

529 3142 595 3180 ex
637 3130 836 3196 exiguo
886 3143 1068 3181 rerum
1131 3144 1231 3182 usu
1289 3129 1495 3194 potius,
1552 3144 1715 3198 quam
1768 3145 1832 3183 ex
1888 3129 2118 3198 ignavia:

532 3219 867 3288 desidiaeque
921 3220 1072 3289 vitio)
1106 3220 1433 3275 necessitate
1477 3223 1670 3276 adarta
1715 3230 1892 3277 vestra
1943 3223 2119 3294 pietas

531 3317 635 3371 est,
685 3317 1046 3362 memoratum
1098 3308 1192 3364 Dei
1239 3312 1678 3366 amantissimum
1747 3311 1969 3368 fratrem
2024 3330 2122 3369 no-

533 3411 733 3468 strum,
768 3418 832 3456 ac
882 3403 935 3456 in
970 3403 1268 3473 episcopali
1305 3405 1566 3474 dignitate
1601 3405 1891 3475 collegam,
1941 3406 2122 3462 Theo-

531 3494 726 3549 dorum
775 3495 958 3565 elegit,
1005 3495 1099 3565 qui
1152 3511 1342 3549 curam
1374 3495 1633 3552 Ecclesiae
1685 3497 1916 3554 subiret.
1974 3499 2122 3554 ludi-

532 3602 701 3656 gnum
741 3590 942 3657 quippe
977 3587 1193 3652 fuisset,
1249 3588 1468 3642 viduam
1519 3603 1742 3644 manere
1769 3589 2116 3658 Ecclesiam;

534 3679 842 3747 iniignum,
884 3690 1104 3747 pastore
1131 3695 1323 3735 carere
1359 3680 1666 3735 Salvatoris
1719 3683 1892 3738 nostri
1927 3685 2117 3737 ovilia.

533 3771 807 3835 Quoniam
862 3785 992 3838 ergo
1056 3769 1192 3824 flens
1255 3781 1505 3841 rogatum
1553 3773 1704 3826 venit
1761 3772 2119 3839 Eustathius,

533 3880 658 3918 cum
694 3867 1041 3920 sanitissimo
1078 3863 1371 3919 Theodoro
1411 3867 1692 3935 episcopo,
1738 3883 1845 3920 non
1878 3868 1944 3921 de
1989 3868 2125 3922 civi-

536 3965 645 4009 tate
673 3957 1006 4026 recipienda,
1064 3974 1172 4012 non
1233 3960 1296 4011 de
1372 3956 1616 4012 Ecclesia
1667 3959 1974 4024 decertans,
2025 3959 2120 4014 sed

535 4049 714 4103 solum
741 4050 1072 4119 episcopalis
1103 4050 1344 4105 nominis
1380 4051 1646 4106 honorem
1684 4066 1748 4105 ac
1775 4053 2120 4107 vocationem

532 4151 795 4211 expetens
830 4162 842 4196 :
876 4143 1112 4197 hominis
1167 4159 1272 4198 nos
1325 4153 1584 4198 senectus
1638 4159 1769 4198 sane
1826 4147 2123 4199 commovit

534 4234 846 4295 universos,
885 4250 986 4288 nec
1021 4244 1080 4287 ut
1119 4234 1360 4302 privatas
1391 4233 1510 4304 ejus
1541 4235 1834 4306 lacrymas,
1872 4237 1966 4291 sed
2001 4247 2120 4290 tan-

535 4339 700 4392 quam
734 4339 1056 4380 cemmunes
1083 4334 1424 4394 reputantes,
1468 4326 1751 4395 inquirere
1781 4327 2117 4392 studuimus,

537 4415 910 4484 legitimamne
932 4433 1128 4486 passus
1153 4425 1299 4472 esset
1329 4425 1666 4472 memoratus
1703 4417 1788 4471 vir
1820 4417 2121 4487 depositio-

2215 1933 2534 2000 δυνάμενος,
2569 1932 2956 2002 παραιτήσεως
2993 1933 3094 1983 ούκ
3134 1930 3296 2000 ῐσμεν
3326 1931 3475 1993 ὅπως
3524 1927 3816 2000 προσεκό-

2220 2043 2345 2091 μισε
2386 2024 2607 2092 βιϐλίον.
2637 2024 2787 2076 Ἔδει
2828 2025 2958 2094 γὰρ,
2995 2023 3067 2086 ὼς
3101 2022 3250 2086 ἅπαξ
3304 2022 3813 2092 ἐγκεχειρισμένον

2219 2116 2502 2186 ἱερατικὴν
2531 2115 2808 2185 φροντίδα,
2849 2114 3054 2184 ταύτης
3076 2114 3297 2184 ἔχεσθαι
3337 2115 3454 2184 μετ’
3489 2113 3817 2184 εύρωστίας

2218 2208 2617 2278 πνευματικῆς,
2651 2209 2744 2260 καὶ
2783 2201 2894 2259 οἷον
2950 2206 3382 2259 ἁνταποδύεσθαι
3429 2208 3544 2267 τοῖς
3577 2205 3800 2268 πόνοις,

2222 2303 2318 2354 καὶ
2373 2301 2575 2370 ἱδρῶτα
2632 2300 2726 2352 τὸν
2787 2299 3059 2368 ἔμμισθον
3119 2297 3406 2370 ἐθελοντὴν
3475 2299 3808 2367 ὑπομεῖναι.

2233 2393 2454 2465 Ἐπειδὴ
2481 2395 2536 2447 δὲ
2562 2393 2709 2457 διπαξ
2751 2394 3033 2464 ὀλιγώρως
3071 2393 3265 2463 ἔχοντα
3319 2393 3638 2462 παρέδειξεν
3670 2394 3816 2445 ἐαυ-

2217 2488 2328 2552 τὸν,
2361 2488 2518 2541 τοῦτο
2549 2486 2737 2541 παθὼν
2767 2488 2824 2553 ἐξ
2856 2487 3292 2557 ἀπραγμοσύνης
3326 2487 3527 2556 μᾶλλον
3560 2487 3592 2554 ἢ
3624 2487 3802 2539 δκνου

2217 2584 2312 2636 καὶ
2345 2581 2640 2653 ῥᾳθυμίας,
2676 2579 3124 2648 κεχειροτόνηκεν
3153 2578 3472 2646 ἀναγκαίως
3499 2580 3530 2648 ή
3557 2578 3813 2648 ὑμετέρα

2219 2673 2498 2728 θεοσέϐεια
2564 2673 2656 2726 τὸν
2719 2671 3121 2725 εὐλαϐέστατον
3197 2673 3295 2723 καὶ
3377 2669 3811 2722 θεοσεϐέστατον

2217 2763 2448 2834 ἀδελφὸν
2498 2764 2655 2833 ἡμῶν
2707 2763 2801 2815 καὶ
2848 2762 3250 2814 συνεπίσκοπον
3291 2760 3566 2830 Θεόδωρον
3639 2775 3811 2829 φρον-

2219 2857 2441 2909 τιούντα
2502 2855 2603 2924 τῆς
2672 2853 3023 2922 Ἐκκλησίας.
3079 2853 3154 2906 Οὐ
3213 2852 3322 2922 γὰρ
3382 2847 3450 2923 ἦν
3502 2850 3808 2904 ἀκόλουθον

2219 2949 2476 3018 χηρεύειν
2505 2946 2700 3017 αὐτὴν,
2753 2947 2850 3000 καὶ
2883 2945 3178 2998 ἐπιστάτου
3213 2944 3338 3014 δίχα
3391 2942 3655 2996 διατελεῖν
3704 2939 3807 2995 τοῦ

2221 3041 2470 3111 Σωτῆρος
2504 3039 2574 3091 τὰ
2604 3038 2853 3108 ποίμνια.
2892 3037 3113 3107 Ἐπειδὴ
3148 3035 3208 3088 δὲ
3261 3035 3539 3106 προσῆλθε
3571 3032 3806 3099 κλαίων,

2222 3132 2283 3186 οὐ
2316 3135 2445 3202 περὶ
2479 3133 2578 3201 τῆς
2612 3131 2844 3194 πόλεως,
2896 3129 3020 3184 ούδέ
3069 3129 3169 3199 τῆς
3212 3127 3540 3197 Ἐκκλησίας
3570 3127 3804 3196 φιλονει-

2224 3223 2338 3276 κῶν
2390 3221 2470 3294 τῷ
2533 3221 2967 3293 μνημονευθέντι
3051 3219 3462 3288 θεοσεϐεστὰτῳ
3521 3219 3806 3287 ἐπισκόπῳ

2223 3313 2507 3386 Θεοδώρῳ,
2541 3313 2773 3379 ἐξαιτῶν
2793 3314 2850 3367 δὲ
2883 3313 3023 3376 τέως
3048 3311 3148 3384 τὴν
3175 3312 3268 3366 τοῦ
3306 3312 3609 3366 ἐπισκόπου
3637 3310 3807 3382 τιμὴν

2223 3408 2320 3462 καὶ
2348 3407 2564 3477 κλῆσιν,
2599 3408 2916 3477 συνηλγὴσα
2931 3424 3032 3477 μεν
3061 3407 3304 3469 ἅπαντες
3350 3409 3428 3476 τῷ
3479 3404 3760 3475 πρεσϐύτῃ
3787 3419 3802 3433 ·

2223 3499 2321 3553 καὶ
2384 3497 2565 3552 κοινὸν
2605 3493 2745 3551 εἶναι
2801 3497 3154 3567 λογισάμενοι
3188 3495 3249 3548 τδ
3318 3494 3481 3548 αὑτοῦ
3544 3495 3804 3563 δάκρυον,

2223 3590 2560 3661 ἐσπεύδομεν
2603 3590 2794 3660 μαθεῖν
2828 3592 2876 3642 εί
2910 3589 3232 3660 καθαίρεσιν
3257 3588 3483 3657 ἔννομον
3528 3587 3808 3655 ὑπομεμε-

2223 3698 2408 3752 νηκεν
2447 3683 2474 3734 ὁ
2517 3679 2932 3752 μνημονευθεὶς,
2973 3680 3140 3748 ἤγουν
3174 3681 3221 3730 εἱ
3255 3677 3347 3729 ἐπί
3400 3695 3510 3729 τισι
3540 3676 3650 3728 τῶν
3680 3675 3806 3728 ἀτό-

2224 3791 2342 3826 πων
2395 3771 2723 3841 ἐλὴλεγκται
2773 3772 2926 3840 παρά
2992 3787 3178 3834 τινων,
3232 3767 3806 3838 καταφλυαρησάντων

2224 3865 2390 3917 αὐτοῦ
2417 3864 2514 3933 τῆς
2551 3862 2895 3933 ὑπολήψεως.
2927 3861 3038 3914 Καὶ
3067 3861 3131 3930 δὴ
3164 3861 3444 3930 ἐμάθομεν
3485 3858 3803 3927 πεπρᾶχθαι

2228 3957 2328 4028 μὲν
2364 3955 2607 4009 τοιοῦτον
2633 3955 2814 4019 ούδέν,
2853 3952 3110 4021 γενέσθαι
3147 3952 3206 4005 δέ
3240 3951 3442 4022 μᾶλλον
3483 3950 3561 4019 τῷ
3595 3965 3806 4018 μνημο-

2223 4047 2469 4102 νευθέντι
2550 4047 2673 4100 ἀντὶ
2726 4047 3076 4116 ἐγκλήματος
3128 4045 3228 4114 τὴν
3277 4042 3646 4112 παραίτησιν·
3687 4040 3808 4093 ὅθεν

2223 4142 2345 4194 οὐδὲ
2389 4143 2457 4212 τῇ
2499 4140 2746 4210 ὑμετέρα
2799 4137 3083 4207 θεοσεϐείᾳ
3126 4133 3518 4204 ἐμεμψάμεθα,
3565 4148 3808 4204 χειροτο-

2222 4235 2435 4305 νησάσῃ
2473 4233 2700 4295 δεόντως
2735 4233 2814 4293 εἰς
2845 4230 2934 4283 τὸν
2967 4228 3133 4282 αὑτοῦ
3169 4227 3335 4280 τόπον
3373 4226 3465 4278 τὸν
3499 4243 3603 4295 μνη
3616 4241 3808 4294 μονευ-

2225 4327 2386 4381 θέντα
2446 4325 2841 4378 εύλαϐἐστατον
2897 4323 3198 4375 ἐπίσκοπον
3235 4320 3529 4390 Θεόδωρον.
3588 4315 3805 4388 Ἐπειδὴ

2225 4420 2281 4473 δὲ
2313 4421 2378 4489 τῇ
2425 4415 2829 4487 ἀπραγμοσύνῃ
2857 4414 2948 4466 τοῦ
2988 4413 3184 4483 ἀνδρὸς
3217 4411 3277 4463 ού
3330 4411 3537 4480 σφόδρα
3580 4409 3808 4476 φιλονει-

535 4523 686 4571 nem,
723 4523 791 4561 an
827 4509 1036 4564 scilicet
1066 4511 1133 4564 de
1176 4510 1434 4566 absurdis
1463 4510 1624 4565 factis
1657 4510 1888 4565 dictisve
1935 4511 2116 4565 convi-

2228 4511 2343 4562 κεῖν
2378 4507 2692 4567 ἀκόλουθον,
2733 4505 2842 4557 ἔδει
2876 4503 2932 4556 δὲ
2977 4503 3178 4571 μᾶλλον
3211 4502 3432 4571 ἐλεῆσαι
3491 4499 3807 4570 πρεσϐύτην

536 4610 659 4655 ctus
686 4611 835 4656 esset
879 4604 1315 4659 obtrectantibus
1340 4604 1620 4658 nonnullis
1649 4605 1915 4658 adversus
1948 4605 2119 4672 ipsius

536 4693 1020 4748 existimationem.
1084 4695 1272 4764 Itaque
1309 4697 1635 4765 reperimus,
1669 4697 1948 4749 hominem
1987 4695 2123 4748 nihil

537 4786 807 4854 ejusmodi
849 4799 1214 4855 perpetrasse,
1259 4788 1356 4842 sed
1391 4790 1577 4857 potius
1629 4788 1707 4841 illi
1745 4804 1841 4857 pro
1886 4788 2126 4842 crimine

539 4882 949 4930 recusationem
973 4878 1132 4932 ollirii
1159 4879 1291 4932 vitio
1317 4877 1500 4932 datam
1528 4879 1722 4934 fuisse.
1758 4879 1916 4935 Unde
1949 4895 2128 4949 neque

543 4965 632 5033 pio
659 4974 841 5019 vestro
869 4966 1051 5021 studio
1083 4968 1520 5032 succensuimus,
1551 4982 1660 5037 quo
1690 4969 1744 5021 in
1770 4967 1916 5021 illius
1941 4968 2123 5022 locum

541 5057 929 5111 convenienter
968 5059 1264 5127 praedictus
1302 5059 1797 5114 reverendissimus
1835 5059 2127 5129 episcopus

544 5150 865 5204 Theodorus
911 5151 1176 5206 suffectus
1216 5162 1302 5206 est
1330 5151 1463 5206 :scd
1512 5155 1639 5222 quia
1697 5151 1961 5208 adversus
2005 5154 2126 5221 ejus

544 5241 791 5297 animum
825 5258 855 5296 a
895 5245 1131 5313 negotiis
1163 5245 1416 5315 gerendis
1460 5255 1730 5300 remotum
1788 5262 1897 5299 non
1938 5246 2128 5298 admo-

542 5339 673 5395 dum
712 5337 996 5392 decertare
1041 5339 1318 5407 oportuit,
1347 5337 1456 5409 34,
1481 5340 1574 5393 sed
1639 5339 1889 5392 miserari
1945 5339 2124 5408 potius

546 5447 757 5493 senem,
791 5431 883 5500 qui
917 5432 1108 5498 procul
1146 5432 1213 5484 ab
1246 5432 1380 5486 urbe
1413 5434 1466 5484 in
1509 5447 1612 5500 qua
1646 5443 1804 5487 natus
1839 5431 2040 5496 fuerat,
2073 5440 2130 5485 et

547 5541 576 5577 a
611 5525 804 5593 patriis
831 5525 1041 5579 milibus
1077 5525 1263 5578 tandiu
1305 5524 1603 5593 abfuisset;
1637 5525 1846 5595 justum
1882 5535 2128 5579 rectum-

547 5633 654 5687 que
706 5633 830 5673 esse
871 5617 1242 5681 defiuivimus,
1297 5627 1355 5671 ut
1404 5619 1612 5688 absque
1663 5619 1811 5673 omni
1857 5617 2130 5672 contradi-

2226 4600 2331 4664 ἔξω
2361 4599 2455 4650 καὶ
2483 4599 2686 4660 πόλεως
2717 4597 2817 4663 τῆς
2838 4594 3169 4664 ἐνεγκούσης
3195 4594 3358 4647 αὑτὸν
3408 4595 3502 4647 καὶ
3541 4592 3808 4663 πατρῴων

2227 4690 2662 4758 ἐνδιαιτημάτων
2700 4690 2756 4742 ἐν
2798 4690 3030 4757 μακροῖς
3071 4686 3214 4739 οὕτω
3263 4685 3526 4752 γεγονότα
3574 4686 3806 4755 χρόνοις,

2228 4781 2749 4851 ἐδικαιώσαμενκαὶ
2779 4781 3060 4849 ὼρίσαμεν
3096 4779 3219 4846 δίχα
3272 4777 3455 4846 πάσης
3502 4775 3809 4842 ἀντιλογίας

2229 4874 2374 4945 ἔχειν
2405 4873 2590 4936 αὑτὸν,
2615 4872 2677 4923 τό
2705 4889 2766 4923 τε
2795 4871 2890 4941 τῆς
2940 4870 3246 4938 ἐπισκοπῆς
3300 4869 3494 4937 ὄνομα,
3562 4867 3653 4920 καὶ
3711 4864 3811 4934 τὴν

2232 4963 2419 5034 τιμὴν,
2459 4963 2552 5016 καὶ
2583 4963 2681 5032 τὴν
2711 4960 3018 5014 κοινωνίαν.
3051 4957 3208 5012 Οὖτω
3253 4959 3351 5029 μέν
3396 4975 3498 5023 τοι,
3553 4957 3693 5010 ὥστε
3740 4953 3816 5026 μὴ

2232 5055 2559 5126 χειροτονεῖν
2607 5051 2792 5115 αὑτὸν,
2841 5053 2979 5120 μήτε
3032 5051 3138 5122 μὴν
3197 5050 3525 5120 Ἐκκλησίαν
3577 5049 3819 5102 καταλα-

2235 5149 2395 5201 ϐόντα
2433 5147 2761 5216 ἱερουργεῖν,
2797 5143 2858 5209 ἐξ
2886 5144 3024 5208 ἰδίας
3073 5143 3383 5206 αὺθεντίας,
3436 5144 3552 5196 ἀλλ’
3606 5142 3639 5213 ἦ
3712 5141 3820 5212 ἄρα

2234 5237 2911 5309 συμπαραλαμϐανόμενον
2991 5237 3168 5290 εἵτουν
3231 5236 3688 5306 ἐπιτρεπόμενον,
3765 5235 3817 5286 εί

2233 5336 2385 5405 τύχοι
2416 5331 2569 5401 παρὰ
2624 5329 2858 5398 ἀδελφοῦ
2892 5330 2984 5382 καὶ
3027 5328 3464 5389 συνεπισκόπου,
3524 5328 3668 5380 κατὰ
3706 5324 3822 5376 διά-

2239 5431 2389 5483 θεσιν
2415 5426 2508 5479 καὶ
2539 5423 2763 5492 ἀγάπην
2789 5423 2887 5490 τὴν
2915 5424 2973 5474 ἐν
3015 5421 3265 5492 Χριστῴο
3297 5420 3361 5472 ἂν
3398 5419 3454 5472 δέ
3502 5437 3553 5472 τι
3597 5417 3822 5488 βουλεύ-

2241 5521 2408 5591 σησθε
2429 5517 2789 5589 χρηστότερον
2819 5513 2905 5567 ἐπ’
2951 5513 3098 5583 αὐτῷ
3138 5513 3296 5583 ῆνῦν
3352 5513 3384 5582 ἢ
3435 5513 3514 5575 εἰς
3563 5512 3622 5565 τὸ
3680 5510 3822 5583 μετὰ

2239 5613 2435 5677 ταῦτα,
2463 5611 2653 5681 ἀρέσει
2680 5609 2774 5661 καὶ
2808 5605 2967 5659 τοῦτο
2998 5609 3061 5675 τῇ
3090 5605 3221 5675 ἁγία
3249 5603 3471 5674 συνόδῳ.

552 5717 733 5768 ctione
761 5724 814 5768 et
843 5730 1038 5768 nomen
1077 5714 1309 5768 retineat
1345 5714 1607 5784 episcopi,
1660 5723 1713 5767 ct
1748 5718 2036 5775 honorem,
2074 5723 2128 5767 et
2159 5710 2606 5766 comtt'tuniouem
2642 5723 2655 5759 :
2689 5721 2750 5758 ea
2781 5714 2959 5756 tamen
2986 5702 3121 5772 lege,
3159 5711 3216 5753 ut
3284 5713 3461 5766 neque
3523 5693 3817 5752 ordinandi

552 5811 668 5881 ipse
693 5811 1076 5866 auctoritatem
1109 5808 1328 5876 habeat,
1359 5825 1533 5878 neque
1573 5809 1762 5864 inulla
1800 5807 2045 5864 Ecclesia
2076 5823 2142 5862 ex
2183 5803 2404 5876 propria
2447 5799 2720 5855 sacrificet
2753 5795 3113 5861 auctoritate;
3167 5793 3272 5848 nisi
3323 5791 3375 5846 id
3438 5791 3542 5846 sibi
3609 5790 3690 5845 vel
3727 5788 3824 5843 ad-
