4122 6474
343 418 450 482 ⁴181

1193 405 1592 466 SYNTAGMA
1630 401 2013 463 CANONUM-
2055 427 2124 436 --
2161 401 2306 460 TlT-
2347 401 2397 464 Ι.
2435 402 2590 460 CAP.
2626 402 2722 462 VI-

3525 401 3630 464 482

341 533 576 606 iuvandi
629 543 820 594 causa,
883 523 964 579 vel
1021 519 1396 578 concessionis
1439 518 1675 582 ratione,
1735 508 1930 570 affectu
1969 530 2267 586 amoreque
2335 514 2646 570 Christiano
2680 532 2710 570 a
2775 514 2944 570 l‘ratre
2976 525 3029 570 et
3069 517 3417 586 coepiscopo,
3465 519 3508 570 si
3555 522 3627 572 ita

347 605 666 694 Contigerit,
705 615 1004 673 liberaliter
1031 611 1327 666 deferatur.
1368 609 1526 674 Quod
1571 609 1616 662 si
1644 623 1741 661 vos
1773 605 1840 660 de
1869 623 1936 660 eo
1975 607 2169 661 melius
2193 605 2472 677 quidpiam
2545 607 2875 676 cogitabitis,
2913 615 3008 661 aut
3056 624 3222 674 nunc,
3268 617 3364 662 aut
3403 610 3459 662 in
3527 626 3628 680 po-

346 730 604 784 sterum,
660 721 882 788 gratum
933 709 988 763 id
1049 708 1215 761 etiam
1275 715 1678 774 acceptumque
1744 711 1948 758 saneta:
1983 705 2194 774 synodo
2227 703 2475 760 futurum
2505 713 2610 760 est.

673 825 946 884 Συνόδου
977 820 1279 891 Σαρδικῆς
1309 819 1512 873 κανὼν
1541 824 1618 882 ς’.

434 944 620 1005 Ὀσιος
641 940 936 1000 ἐπίσκοπος
996 932 1167 988 εἶπεν·
1191 932 1318 986 Ἐὰν
1371 931 1550 1002 συμϐῇ
1573 931 1631 982 ἐν
1653 931 1748 1000 μιᾷ
1775 930 1948 998 ἐπαρ-

353 1037 477 1108 χίᾳ,
509 1029 626 1106 ἐνῇ
661 1034 907 1085 πλεῖστοι
952 1027 1245 1080 ἐπίσκοποι
1275 1026 1658 1094 τυγχάνουσιν,
1690 1024 1786 1076 ἕνα
1829 1021 1950 1074 ἐπί-

358 1145 568 1183 σκοπον
597 1126 912 1193 ἀπομεῖναι,
961 1121 1212 1180 κάκεῖνος
1243 1119 1386 1172 κατά
1414 1133 1538 1168 τινα
1567 1116 1828 1186 ἀμέλειαν
1867 1113 1940 1184 μὴ

359 1219 600 1292 βουληθῇ
661 1213 934 1268 συνελθεῖν
972 1214 1066 1263 καὶ
1097 1210 1412 1263 συναινέσαι
1461 1211 1530 1279 τῇ
1597 1207 1938 1261 ,καταστάσει

357 1313 474 1366 τῶν
513 1308 848 1368 ἐπισκόπων,
882 1304 951 1356 τὰ
972 1303 1028 1355 δέ
1065 1301 1244 1372 πλήθη
1276 1299 1732 1370 συναθροισθέντα
1763 1315 1951 1368 παρα·

363 1403 584 1458 καλοῖεν
624 1397 907 1466 γίγνεσθαι
953 1393 1051 1464 τὴν
1100 1395 1433 1446 κατάστασιν
1468 1390 1563 1442 τοῦ
1605 1389 1733 1461 παρ’
1766 1388 1947 1443 αὐτῶν

369 1494 802 1565 ἐπιζητουμένου
834 1490 1159 1554 ἐπισκόπου,
1197 1487 1304 1559 χρὴ
1336 1488 1599 1557 πρότερον
1629 1487 1834 1538 ἐκεῖνον
1861 1482 1954 1536 τὸν

367 1587 802 1658 ὲναπομείναντα
821 1584 1116 1636 ἐπίσκοπον
1135 1579 1650 1650 ύπομιμνήσκεσθαι
1665 1577 1754 1629 διὰ
1781 1592 1957 1644 γραμ-

373 1681 562 1752 μάτων
584 1677 676 1730 τοῦ
706 1675 937 1746 ἐξάρχου
966 1675 1063 1743 τῆς
1091 1671 1382 1741 ἐπαρχίας,
1414 1670 1558 1736 λέγω
1587 1668 1651 1737 δὴ
1677 1665 1771 1717 τοῦ
1830 1667 1954 1716 ἐπι-

375 1771 586 1824 σκόπου
614 1770 712 1836 τῆς
742 1764 1122 1836 μητροπόλεως
1157 1763 1240 1814 ὃτι
1268 1761 1408 1825 ἀξιοῖ
1435 1759 1502 1812 τὰ
1529 1758 1708 1829 πλήθη
1727 1755 1958 1824 ποιμένα

373 1865 557 1924 αὐτοῖς
583 1860 823 1930 δοθῆναι,
853 1857 1092 1928 ἡγοῦμαι
1117 1852 1296 1916 καλῶς
1344 1853 1488 1922 ἔχειν
1519 1851 1615 1903 καὶ
1643 1848 1830 1900 τοῦτον
1860 1848 1952 1898 ἐκ-

372 1955 628 2025 δέχεσθαι
661 1953 750 2007 ἵνα
785 1949 1160 2020 παραγένηται
1182 1964 1196 1978 '
1227 1947 1274 1998 εί
1303 1946 1360 1998 δὲ
1390 1945 1464 2016 μὴ
1497 1943 1586 1995 διὰ
1616 1937 1960 2012 γραμμάτων

375 2048 627 2114 ἀξιωθεὶς
691 2044 1090 2114 παραγένηται,
1147 2040 1283 2110 μήτε
1336 2036 1442 2108 μὴν
1490 2032 1844 2103 ἀντιγράφοι,
1897 2029 1959 2080 τὸ

2404 816 2631 872 Concilii
2664 815 2994 871 Sardicensis
3025 833 3196 872 canon
3221 819 3277 874 6.

2116 930 2278 986 Osius
2317 929 2605 1000 episcopus
2656 928 2824 983 dixit:
2857 928 2915 982 Si
2972 930 3258 1000 contigerit
3291 932 3344 985 in
3381 949 3488 987 una
3508 949 3632 1002 pro-

2047 1021 2249 1084 vincia,
2277 1021 2330 1074 in
2360 1037 2465 1088 qua
2497 1031 2626 1076 sunt
2655 1020 2878 1088 plurimi
2912 1021 3182 1090 episcOpi,
3221 1040 3389 1077 unum
3415 1027 3634 1092 episco-

2049 1129 2178 1182 pum
2214 1113 2506 1168 conventui
2533 1127 2638 1166 non
2669 1113 2952 1178 interesse,
2984 1123 3040 1167 et
3067 1115 3162 1168 ille
3199 1129 3294 1182 per
3333 1115 3632 1184 quamdam

2052 1207 2435 1274 negligentiam
2471 1205 2604 1258 nolit
2636 1206 2954 1269 convenire,
2981 1216 3036 1260 et
3061 1208 3446 1276 episcoporum
3473 1208 3632 1262 insti-

2055 1298 2253 1352 tutioni
2277 1307 2332 1350 et
2352 1295 2608 1352 electioui
2640 1297 2932 1360 assentire,
2961 1311 3285 1368 congregata
3324 1311 3503 1354 autem
3539 1316 3638 1368 po-

2053 1390 2167 1460 puli
2199 1371 2493 1444 multitudo
2525 1390 2710 1452 instet,
2745 1399 2802 1442 ut
2833 1390 2924 1442 liat
2949 1390 3220 1444 institutio
3244 1393 3512 1460 episcopi,
3539 1393 3632 1461 qui

2055 1483 2124 1536 ab
2157 1483 2236 1537 eis
2267 1483 2596 1552 postulatur,
2625 1491 2840 1552 oportet
2871 1482 3022 1536 illum
3063 1484 3240 1552 prius,
3267 1483 3362 1554 qui
3395 1500 3501 1538 non
3540 1485 3634 1538 ad-

2057 1573 2238 1637 fuerit,
2271 1573 2590 1643 episcopum
2629 1574 2916 1628 admoneri
2981 1589 3076 1642 per
3133 1574 3340 1629 litteras
3393 1575 3642 1643 primatis

2057 1666 2389 1735 provinciae,
2456 1681 2652 1734 nempe
2707 1666 2952 1735 episcopi
3003 1667 3438 1735 metropolitani,
3493 1669 3640 1737 quod

2061 1766 2216 1826 rogat
2247 1758 2481 1827 populus
2505 1757 2609 1812 sibi
2637 1767 2908 1825 pastorem
2938 1759 3055 1812 dari
3097 1778 3109 1812 :
3143 1767 3196 1812 et
3219 1760 3472 1813 existimo
3497 1769 3643 1814 recte

2062 1845 2264 1898 habere
2295 1846 2442 1899 hunc
2475 1860 2696 1916 quoque
2724 1847 3053 1916 exspectari,
3085 1857 3145 1902 ut
3177 1848 3340 1904 adsit.
3372 1847 3426 1902 Si
3457 1859 3642 1903 autem

2063 1937 2258 1991 litteris
2293 1947 2518 2008 rogatus
2569 1955 2676 1992 non
2725 1938 2990 2004 adfuerit,
3052 1955 3116 1994 ac
3181 1955 3246 1994 uc
3302 1942 3648 2010 rescripserit

2065 2030 2308 2098 quidem,
2347 2032 2534 2102 p0puli
2566 2033 2834 2087 voluntati
2883 2033 3138 2089 satisﬁat.
3190 2032 3416 2104 Oportet
3464 2045 3648 2090 autem

381 2141 564 2194 ἱκανὸν
614 2142 674 2208 τῇ
711 2137 870 2208 βουλῇ
932 2135 1024 2188 τοῦ
1077 2132 1314 2203 πλήθους
1363 2131 1468 2200 χρὴ
1523 2126 1804 2196 γενέσθαι.
1835 2123 1957 2194 Χρὴ

2073 2137 2130 2175 ex
2162 2124 2338 2177 vicina
2371 2141 2588 2194 quoque
2637 2127 2918 2195 provincia
2963 2127 3224 2182 accersiri
3266 2127 3552 2196 episcopos
3583 2127 3648 2180 ad

377 2234 437 2286 δὲ
477 2233 570 2284 καὶ
615 2226 1038 2300 μετακαλεῖσθαι
1079 2225 1329 2286 καὶτοὺς
1363 2222 1470 2275 ἀπὸ
1521 2219 1621 2289 τῆς
1647 2216 1960 2285 πλησιοχὼ-

384 2341 478 2395 ρου
529 2321 803 2392 ἐπαρχίας
857 2317 1189 2380 ἐπισκόπους
1243 2315 1381 2386 πρὸς
1435 2314 1538 2382 τὴν
1615 2310 1957 2364 κατάστασιν

383 2415 474 2468 τοῦ
535 2415 634 2484 τῆς
683 2411 1071 2482 μητροπόλεως
1120 2407 1452 2462 ἐπισκόπου·
1522 2404 1598 2476 μὴ
1659 2401 1860 2468 ἐξεῖναι
1905 2401 1963 2454 δὲ

389 2506 569 2568 ἁπλῶς
607 2504 872 2574 καθιστᾷν
919 2502 1218 2554 ἐπίσκοπον
1266 2498 1426 2570 κώμῃ
1472 2499 1577 2550 τινί
1626 2495 1658 2565 ἢ
1722 2492 1954 2565 βραχείᾳ

389 2598 560 2663 πόλει,
700 2614 808 2648 τινι
853 2597 944 2648 καὶ
968 2588 1048 2654 εἷς
1084 2593 1243 2663 μόνος
1293 2591 1662 2662 πρεσϐύτερος
1708 2589 1960 2656 ἐπαρκεῖ.

390 2693 503 2742 Οὐκ
524 2691 819 2758 ἀναγκαῖον
853 2689 962 2757 γὰρ
999 2686 1331 2746 ἐπισκόπους
1353 2685 1534 2736 ἐκεῖσε
1567 2679 1957 2740 καθίστασθαι,

390 2783 476 2834 ἵνα
511 2782 586 2850 μὴ
619 2777 1070 2847 κατευτελίζηται
1090 2775 1150 2828 τὸ
1194 2774 1288 2828 τοῦ
1321 2773 1626 2827 ἐπισκόπου
1675 2771 1846 2838 ὄνομα
1872 2769 1968 2821 καὶ

384 2878 420 2946 ἡ
450 2873 740 2927 αὐθεντία’
800 2871 918 2925 ἀλλ’
972 2872 1020 2923 οἱ
1069 2869 1168 2938 τῆς
1216 2865 1508 2937 ἐπαρχίας,
1547 2864 1622 2927 ὡς
1678 2865 1965 2932 προεῖπον,

387 2969 699 3028 ἐπίσκοποι,
733 2967 790 3017 ἐν
837 2963 1061 3026 ταύταις
1105 2963 1226 3022 ταῖς
1267 2959 1454 3012 πόλεσι
1525 2955 1791 3024 καθιστᾷν
1848 2956 1968 3006 ἐπι-

402 3059 644 3120 σκόπους
689 3055 1019 3123 ὀφείλουσιν,
1053 3053 1180 3105 ἔνθα
1229 3051 1322 3103 καὶ
1368 3050 1628 3120 πρότερον
1678 3045 1974 3115 ἐτύγχανον

390 3151 676 3219 γεγονότες
707 3147 1028 3200 ἐπίσκοποι·
1062 3147 1110 3196 εί
1159 3143 1216 3195 δὲ
1247 3141 1561 3212 εὑρίσκοιτο
1614 3137 1788 3197 οὕτως
1823 3135 1965 3204 πλη-

2067 2215 2470 2284 metropolitani
2522 2217 2764 2286 episcopi
2829 2217 3252 2272 institutionem.
3313 2217 3430 2274 Non
3489 2219 3652 2274 lit-ere

2069 2315 2247 2358 autem
2295 2307 2620 2375 simpliciter
2669 2309 2990 2379 episcopum
3044 2293 3542 2382 constituere-35
3596 2311 3652 2366 in

2068 2398 2252 2467 aliquo
2277 2413 2414 2469 pago
2452 2399 2536 2453 vel
2566 2415 2732 2471 parva
2770 2403 2924 2468 urbe,
2957 2404 3046 2456 eui
3075 2404 3161 2458 vel
3191 2420 3334 2460 unus
3367 2405 3656 2475 presbyter

2071 2490 2269 2545 suilicit
2305 2509 2318 2545 :
2359 2508 2466 2546 non
2525 2509 2753 2548 necesse
2807 2505 2895 2550 est
2951 2496 3098 2550 enim
3153 2496 3266 2552 illic
3334 2499 3654 2568 episcopum

2069 2584 2351 2649 constitui,
2385 2601 2454 2638 ne
2484 2586 2720 2655 episcopi
2753 2603 2954 2642 nomen
2990 2597 3046 2643 et
3089 2591 3393 2646 auctoritas
3421 2591 3654 2661 vilipen-

2071 2673 2253 2728 datur.
2295 2675 2398 2729 Sed
2437 2675 2731 2743 provinciae
2765 2677 2850 2750 (ut
2882 2679 3036 2748 prius
3079 2681 3211 2751 dixi)
3258 2682 3502 2752 episcopi
3553 2682 3654 2737 dc-

2071 2765 2200 2820 bent
2235 2767 2288 2820 in
2312 2766 2380 2820 iis
2408 2767 2632 2822 urbibus
2665 2769 2952 2837 episcopos
2983 2773 3341 2839 constituere,
3363 2773 3458 2827 ubi
3487 2773 3652 2827 etiam

2071 2857 2225 2926 prius
2253 2859 2496 2928 episcopi
2550 2858 2791 2914 fuerunt.
2832 2859 2886 2914 Si
2925 2872 3106 2916 autem
3163 2863 3474 2918 inveniatur
3523 2867 3656 2922 urbs

2073 2949 2277 3018 aliqua,
2317 2964 2440 3018 quae
2470 2949 2603 3005 adeo
2633 2952 2894 3019 populosa
2924 2953 3138 3017 evadat,
3180 2962 3240 3008 ut
3289 2956 3407 3025 ipsa
3441 2954 3660 3024 episco-

2079 3047 2210 3106 patu
2265 3038 2423 3106 digna
2465 3039 2762 3108 judicetur,
2808 3042 3060 3110 accipiat.
3118 3046 3199 3097 An
3243 3046 3349 3099 hoc
3399 3046 3660 3102 omnibus

2083 3128 2297 3198 placet?
2321 3129 2740 3198 Responderunt
2778 3147 2972 3188 omnes
3005 3153 3018 3188 :
3055 3134 3261 3188 Placet.

391 3245 628 3300 θύνουσά
650 3262 733 3306 τις
758 3245 815 3296 ἐν
842 3242 1022 3313 πολλῷ
1061 3238 1277 3310 ἀριθμῷ
1317 3236 1449 3290 λαοῦ
1489 3235 1663 3306 πόλις,
1702 3233 1777 3297 ὡς
1815 3231 1970 3296 ἀξίαν
2009 3227 2176 3300 αὐτὴν
2219 3229 2528 3298 ἐπισκοπῆς
2599 3227 2944 3299 νομίζεσθαι,
2993 3229 3341 3300 λαμϐανέτω,
3375 3232 3424 3285 εἰ
3493 3234 3660 3285 πᾶσιν

391 3337 620 3406 ἀρέσκει
657 3335 837 3388 τοῦτο.

391 3432 664 3488 Συνόδου
697 3428 1121 3499 Καρθαγέννιης
1148 3425 1356 3479 κανὼν
1395 3431 1462 3491 ιγ’
1521 3423 1585 3493 ιη’
1616 3423 1700 3491 μθ’
1751 3420 1824 3474 νε¹
1862 3419 1963 3491 νη’.

2109 3416 2333 3472 Concilii
2363 3411 2789 3481 Cartltaginensis
2813 3427 3036 3466 canones
3067 3415 3151 3479 15,
3185 3415 3269 3480 l8,
3299 3415 3388 3482 49,
3417 3417 3502 3480 55,
3527 3419 3616 3474 58,

399 3525 538 3590 Περὶ
587 3523 692 3576 τοῦ
740 3522 822 3592 μὴ
879 3521 1102 3592 ἐξεῖναι
1158 3519 1654 3592 ἐπίσκοποκηεὶ-
1703 3513 1790 3583 μὴ
1852 3513 1972 3592 iure

467 3585 754 3655 ἕτολλῶνξ
775 3585 1275 3660 χειροτονεῖσθαι·
1327 3591 1377 3640 εἰ
1427 3588 1494 3638 δὲ
1541 3586 1772 3660 ἀνάγκη
1805 3585 1981 3649 γένη-

469 3680 582 3728 ται,
615 3662 730 3715 κᾶν
759 3657 878 3716 ὖξτὸ
935 3662 1112 3713 τοιὼν
1147 3660 1518 3720 ἐπισκόπων,
1566 3658 1598 3708 ὁ
1646 3657 1979 3716 ἐπίσκοπος

467 3733 935 3804 χειροτονηθείη.

475 3844 561 3914 ιγ’.
584 3845 846 3916 Αὐρήλιος
869 3843 1163 3903 ἐπίσκοπος
1187 3837 1338 3892 εἶπεν
1363 3857 1376 3869 ·
1399 3839 1440 3890 Τ
1447 3839 1462 3888 ί
1487 3839 1620 3907 πρὸς
1640 3837 1810 3890 ταῦτα
1831 3834 1982 3902 λέγει

399 3941 436 4010 ἡ
487 3939 728 4006 ὑμετέρα
773 3934 1085 4005 ἁγιωσύνης
1157 3934 1289 3985 Ἀπὸ
1346 3933 1564 3985 πάντων
1612 3930 1721 3982 τῶν
1764 3928 1984 3980 ἐπισκό-

399 4049 519 4084 πων
553 4030 744 4099 ἐλέχθη
763 4047 776 4060 ’
813 4027 1048 4096 Ὀφείλει
1067 4028 1161 4079 καὶ
1180 4025 1307 4094 παρ’
1341 4025 1498 4095 ἡμῶν
1518 4024 1586 4075 τὰ
1606 4021 1891 4092 ὁρισθέντα
1917 4022 1982 4072 ἐκ
2031 4019 2037 4024 ’

400 4123 510 4176 τῶν
537 4122 642 4192 πρὸ
670 4121 828 4190 ἡμῶν
849 4118 1208 4188 φυλαχθῆναι,
1228 4113 1301 4169 ὧν
1321 4134 1480 4169 τινων
1512 4115 1586 4177 ὡς
1612 4115 1800 4182 ἔτυχεν
1820 4111 1984 4165 ἀϐού-

401 4217 510 4279 λως
535 4218 580 4268 οἱ
615 4214 986 4285 πρωτεύοντες
1030 4211 1129 4280 τῆς
1162 4211 1484 4279 οἰασδήποτε
1511 4206 1799 4277 ἐπαρχίας,
1840 4207 1979 4275 ἀμε-

401 4309 514 4360 λεῖν
542 4306 918 4375 κατατολμῶσι
942 4321 956 4336 ·
979 4305 1161 4356 πολλοὶ
1183 4301 1274 4354 οὖν
1289 4301 1575 4354 ἐπίσκοποι
1604 4298 1982 4369 συναχθέντες,

405 4403 705 4453 ἐπίσκοπον
753 4399 1228 4469 χειροτονήσουσιν
1254 4412 1266 4424 ·
1295 4396 1343 4446 εί
1377 4395 1432 4446 δὲ
1481 4394 1694 4462 ἀνάγκη
1731 4393 1978 4462 γένηται,

406 4491 556 4560 τρεῖς
589 4487 876 4540 ἐπίσκοποι
905 4487 961 4538 ἐν
992 4485 1288 4555 οἰῳὸήποτε
1321 4483 1386 4536 ἂν
1428 4482 1576 4550 τόπῳ
1607 4475 1731 4544 ὦσι,
1771 4479 1847 4549 τῷ
1887 4479 1982 4531 τοῦ

407 4579 782 4652 πρωτεύοντος
805 4578 1254 4647 παραγγέλματι,
1290 4576 1726 4646 χειροτονήσουσι
1753 4573 1844 4626 τὸν
1869 4571 1984 4624 ἐπί-

412 4687 648 4724 σκοπονο
700 4672 796 4726 καὶ
852 4670 947 4724 ἐάν
992 4687 1075 4731 τις
1130 4667 1186 4720 ἐν
1238 4685 1344 4719 τινι
1396 4665 1693 4733 ἐναντιωθῇ
1755 4667 1820 4734 τῇ
1879 4664 1986 4733 ἰδίει

2083 3509 2152 3564 Ut
2203 3525 2308 3561 non
2353 3506 2508 3558 liceat
2557 3506 2852 3573 episcopum
2895 3508 2998 3560 nisi
3034 3526 3066 3561 α
3094 3510 3336 3577 plurimis
3365 3513 3608 3567 ordinari
3637 3527 3657 3566 :

2153 3587 2244 3661 sed
2303 3579 2686 3660 sintecessitas
2741 3577 2924 3647 fuerit,
2965 3579 3040 3632 vel
3084 3597 3115 3632 a
3165 3583 3330 3636 tribus
3386 3585 3663 3640 ordinetur

2153 3665 2428 3720 episwpis.

2158 3849 2245 3902 l5.
2271 3846 2524 3901 Aurelius
2552 3848 2838 3917 episcopus
2870 3847 3008 3902 dixit
3029 3849 3074 3881 “
3105 3850 3278 3916 :Quitl
3299 3852 3364 3905 ad
3395 3853 3508 3908 haec
3535 3856 3668 3912 dicit

2085 3941 2342 3994 sanctitas
2363 3940 2574 3992 vestra?
2603 3940 2684 3992 Ab
2713 3941 2983 3996 universis
3003 3943 3274 4012 episcopis
3299 3946 3502 4000 dictum
3533 3961 3617 4003 est
3651 3967 3668 4002 ;

2087 4032 2126 4081 A
2167 4030 2323 4082 nobis
2353 4040 2593 4082 veterum
2628 4039 2830 4084 statuta
2858 4032 3054 4085 debere
3102 4035 3330 4098 servari,
3384 4038 3544 4092 sicuti
3611 4049 3667 4094 et

2087 4119 2397 4175 inconsulto
2429 4121 2658 4188 primate
2696 4123 2990 4190 cujuslibet
3020 4127 3334 4194 pruritu-ire,
3369 4139 3478 4182 tam
3512 4132 3672 4187 facile

2089 4228 2193 4266 non
2229 4221 2560 4282 praesumant
2617 4215 2769 4268 multi
2801 4218 3110 4284 congregati
3157 4219 3398 4287 episcopi
3452 4222 3670 4290 episco-

2088 4321 2214 4374 pum
2247 4303 2498 4358 ordinarc
2529 4323 2541 4358 :
2576 4305 2680 4360 nisi
2738 4306 2781 4358 si
2819 4303 2886 4377 [si
2929 4323 3075 4368 vero,
3106 4310 3182 4361 ita
3214 4319 3266 4362 rt
3295 4309 3451 4382 l.uc.]
3483 4329 3674 4369 ncces-

2089 4398 2225 4451 sitas
2260 4396 2442 4460 fuerit,
2474 4403 2582 4450 tres
2610 4399 2867 4468 episcopi,
2911 4399 2962 4452 in
2999 4416 3348 4469 quocumque
3386 4403 3508 4458 loco
3539 4406 3672 4470 sint,

2089 4489 2208 4557 ejus
2249 4501 2520 4559 przrcepto
2548 4491 2802 4544 ordinare
2837 4491 3110 4545 debebunt
3142 4495 3458 4564 episcopum
3496 4515 3508 4550 :
3549 4501 3672 4554 etsi

2091 4581 2216 4649 quis
2243 4591 2428 4633 contra
2473 4597 2628 4634 suam
2655 4583 3054 4651 professionem
3095 4586 3178 4638 vel
3211 4587 3672 4656 subscriptionem

2091 4671 2304 4723 venerit
2337 4670 2390 4722 in
2424 4671 2632 4739 aliquo.
2673 4672 2788 4738 ipse
2833 4687 2892 4726 se
2942 4673 3154 4728 honore
3203 4675 3457 4743 privabit.
3517 4675 3674 4748 [.llss.

407 4764 666 4835 ὁμολογίᾳ
719 4764 754 4835 ἢ
812 4764 879 4832 τῇ
921 4763 1236 4848 ὑπογραφῇ,
1279 4759 1439 4811 αὐτὸν
1481 4758 1848 4828 ἀποστερήσει
1888 4755 1969 4824 τῆς

2095 4757 2210 4811 iose
2241 4757 2450 4812 ltonore
2487 4756 2832 4828 privabitur.]

409 4856 596 4927 τιμῆς.

494 4967 636 5022 Ἐάν
663 4985 754 5035 τις
789 4967 1074 5035 κληρικὸς
1121 4962 1552 5034 χειροτονῆται,
1586 4961 1810 5031 ὀφείλει
1840 4963 1991 5014 ὐπο-

407 5061 856 5130 μιμνήσκεσθαι
887 5059 1030 5124 τοὺς
1057 5059 1234 5125 ὄρους
1256 5055 1604 5126 φυλάττειν,
1627 5054 1722 5108 καὶ
1747 5054 1846 5106 ἵνα
1870 5052 1996 5118 τοῖς

409 5159 646 5227 σώμασι
671 5157 789 5210 τῶν
819 5158 1250 5210 ἀποθανόντων
1272 5152 1665 5220 εὐχαριστίαν
1718 5149 1805 5218 μὴ
1828 5149 1995 5201 δίδω-

411 5267 527 5314 ται,
549 5250 695 5318 μηδὲ
729 5247 1068 5316 βιίπτισμαο
1097 5245 1194 5298 καὶ
1227 5245 1328 5298 ἵνα
1352 5243 1478 5296 καθ’
1502 5243 1762 5295 ἕκαστον
1790 5241 1992 5292 ἐνιαυ-

413 5341 520 5394 τὸν
552 5343 640 5407 είς
686 5339 889 5405 πάσας
938 5339 1046 5403 τὰς
1097 5337 1388 5405 ἐπαρχίας
1441 5335 1594 5403 πρὸς
1638 5331 1905 5387 σύνοδον
1938 5334 1991 5384 οἱ

411 5431 838 5504 μητροπολῖται
871 5431 1178 5499 ἔρχωνται.

483 5573 530 5604 ⁸³
569 5573 828 5646 Carthag.
857 5587 919 5640 ll,
947 5585 1068 5640 cap.
1104 5570 1193 5622 ll.

502 5830 596 5900 (8‘;
628 5827 726 5884 Ms.
759 5825 1244 5896 metropolitanum.

2165 4973 2275 5043 36
2300 4971 2360 5029 Si
2388 4976 2504 5044 quis
2533 4975 2750 5030 clericus
2773 4975 3072 5036 ordinatus.
3093 4979 3294 5030 mom‘ri
3311 4976 3456 5030 debet
3488 4981 3679 5032 consti-

2099 5073 2214 5119 tuta
2241 5082 2448 5119 servare
2478 5082 2496 5119 :
2533 5077 2582 5121 et
2626 5077 2682 5120 ut
2733 5071 3040 5136 corporibus
3077 5069 3442 5138 defunctormn
3477 5073 3678 5125 eucha—

2099 5157 2254 5211 ristia
2294 5175 2396 5210 non
2431 5161 2602 5224 detur,
2650 5177 2741 5212 nec
2800 5161 3102 5236 baptisma:
3131 5172 3178 5214 et
3213 5173 3266 5214 ut
3315 5179 3406 5230 per
3447 5165 3680 5233 singulos

2097 5267 2264 5303 annos
2297 5267 2387 5320 per
2413 5268 2588 5305 omnes
2625 5253 2920 5321 provincias
2956 5251 3024 5304 ad
3053 5255 3333 5307 concilium
3359 5255 3461 5326 (8‘)
3491 5265 3680 5309 θηεῖτο.

2095 5343 2319 5412 politani
2347 5346 2688 5398 conveniatur
2721 5343 3098 5416 [conveniant].

2005 5700 2243 5759 NOTAE.
