4122 6440
307 364 408 427 485

1124 355 1523 419 SYNTAGMA
1560 350 1948 415 CANONUM.
1983 374 2054 385 —
2091 347 2240 408 TIT-
2283 345 2333 420 Ι,
2374 345 2533 406 CAP.
2572 343 2675 406 VI.

3461 336 3568 402 486

312 476 631 551 ὁρισθέντων
681 470 892 536 τούτοις
948 470 1174 540 ἕπομαι,
1205 469 1346 522 ὥστε
1399 468 1670 521 συνελθεῖν
1703 485 1770 539 με
1808 465 1888 537 τῷ
1917 499 1927 527 Α

2014 463 2042 518 d
2075 475 2297 530 sequor,
2339 466 2398 514 ut
2427 457 2747 514 conveniam
2781 453 3094 524 episcopum
3142 452 3282 521 ejus,
3314 459 3478 524 atque
3516 455 3565 507 ei

309 567 588 636 ἐπισκόπῳ
620 563 788 618 αὑτοῦ
808 563 901 618 τοῦ
933 561 1268 633 ζητουμένου
1287 559 1573 631 κληρικοῦ,
1597 561 1691 612 καὶ
1713 557 1887 611 ταῦτα.

309 659 444 714 αὐτὰ
491 655 786 726 ἐμφανίσαι
833 653 914 706 ὃτι
961 651 1220 721 κληρικὺν
1272 649 1439 703 αὐτοῦ
1490 648 1772 704 αἰτοῦνται.
1836 645 1887 698 οἱ

307 746 406 814 τῆς
440 742 760 812 οἱασδήποτε
820 739 1163 809 Ἐκκλησίας.
1208 739 1337 792 Ἰδοὺ
1367 737 1459 792 οὖν
1500 738 1595 792 ἐπὶ
1623 737 1714 790 τοῦ
1743 751 1888 806 παρ-

311 841 460 900 όντος
503 836 604 888 οὐκ
635 834 1002 902 ἀντιλέγουσι,
1028 833 1118 886 διὰ
1154 833 1211 886 δέ
1253 831 1314 884 τὸ
1360 833 1498 901 μήτε
1541 829 1680 899 μετά
1715 827 1888 880 ταῦτα

311 927 600 999 συμϐῆναι,
631 924 908 977 τουτέστιν
946 922 1336 991 ἐναντιωθῆναί
1361 938 1450 990 μοι
1471 920 1596 983 τοὺς
1623 921 1680 971 ἐν
1713 919 1890 986 τούτῳ

312 1017 386 1088 τῷ
427 1015 715 1086 πράγματι
762 1014 892 1085 παρ’
921 1013 1056 1082 ἐμοῦ
1089 1014 1464 1081 αἰτουμένους,
1487 1012 1674 1080 ἐπειδὴ
1711 1010 1890 1062 οῖδατε

315 1107 522 1162 πολλῶν
581 1105 887 1176 ἐκκλησιῶν
953 1106 1048 1158 καὶ
1101 1104 1447 1175 χειροτονιῶν
1510 1102 1766 1174 φροντίδα
1826 1117 1892 1170 με

317 1198 623 1271 βαστάζειν,
650 1185 698 1264 ᾧ
719 1215 828 1250 τινι
856 1197 1058 1267 δήποτε
1097 1198 1207 1250 τῶν
1251 1197 1441 1266 ἱερέων
1474 1194 1716 1247 συνέλθω
1752 1192 1892 1263 μετὰ

313 1290 403 1344 δύο
431 1289 464 1358 ἢ
492 1287 658 1358 τριῶν
687 1287 978 1358 μαρτύρων
992 1289 1089 1357 τῆς
1110 1289 1388 1358 ἡμετέρας
1418 1285 1712 1356 συγκληρώ
1727 1300 1890 1345 σεως,

316 1383 406 1436 ἐὰν
437 1381 809 1443 ἀκαθοσίωτος
852 1381 1099 1451 εὑρεθείη
1128 1420 1142 1442 ,
1175 1380 1381 1433 δίκαιόν
1425 1381 1540 1432 ἐστι
1581 1381 1762 1448 κρῖναι
1800 1374 1896 1442 τὴν

318 1473 585 1544 ὑμετέραν
615 1471 857 1545 ἀγάπην,
878 1472 926 1522 τί
949 1471 1028 1523 δεῖ
1047 1472 1288 1541 ποιῆσαι.
1327 1469 1466 1538 Ἐγὼ
1492 1469 1600 1539 γὰρ
1622 1508 1637 1531 ,
1669 1468 1741 1530 ώς
1761 1467 1896 1530 ἴστε,

317 1565 552 1628 ἀδελφοὶ,
587 1567 728 1617 κατὰ
762 1563 1107 1634 συγχώρησιν
1145 1562 1301 1627 Θεοῦ,
1331 1561 1538 1616 πολλῶν
1565 1559 1900 1628 Ἐκκλησιῶν

319 1656 594 1726 φροντίδος
626 1655 1018 1724 ἀντέχομαι.--
1038 1654 1342 1722 Νουμήδιος
1390 1654 1686 1712 ἐπίσκοπος
1726 1645 1898 1702 εἶπεν

330 1749 438 1801 Ἀεὶ
477 1747 720 1817 ὑπῆρξεν
750 1749 782 1816 ἡ
814 1746 1068 1801 αύθεντία
1093 1748 1170 1817 τῷ
1201 1747 1376 1819 θρόνῳ
1423 1747 1617 1816 τούτῳ,
1649 1746 1739 1798 ’ίνα
1779 1744 1900 1798 ὅθεν

317 1839 472 1912 ¹ἤθελε
503 1840 745 1910 καὶπερὶ
767 1811 1079 1910 οίουδήποτε
1095 1811 1419 1910 προετράπη
1438 1811 1724 1910 ὀνόματος,
1752 1839 1894 1892 κατὰ
1924 1811 1972 1870 Β

316 1927 412 1998 τὴν
442 1928 741 1997 ἐπιθυμίαν
771 1929 1009 1998 ἑκάστης
1052 1930 1378 1999 Ἐκκλησίας
1426 1931 1750 2000 ἐχειροτόνει
1778 1930 1899 1982 ἐπί-

319 2037 612 2073 σκοπον.-
629 2020 930 2088 Ἐπιγόνιος
959 2021 1257 2085 ἐπίσκοπος
1280 2020 1450 2074 εἶπεν-
1470 2023 1531 2074 Ἠ
1547 2021 1900 2088 ἀγαθοθέλεια

325 2110 548 2178 μεσάζει
574 2111 672 2178 τὴν
708 2110 985 2176 ἐξουσίαν·
1020 2107 1182 2184 ἦττον
1209 2112 1317 2183 γὰρ
1351 2113 1553 2182 τολμᾷς
1575 2114 1718 2182 ἥπερ
1744 2111 1897 2183 δύνῃ,

325 2199 538 2267 ἀδελφέ,
566 2201 622 2250 ἐν
643 2198 721 2268 τῷ
749 2203 913 2252 πᾶσιν
939 2200 1129 2254 ἐαυτὸν
1156 2203 1532 2255 ἀποδεικνύειν
1566 2202 1768 2270 ἀγαθὸν
1805 2205 1899 2254 καὶ

328 2289 730 2360 φιλάνθρωπον.
768 2291 954 2361 Ἔχεις
999 2292 1107 2362 γάρ
1152 2295 1311 2345 τοῦτο
1350 2297 1408 2347 ἐν
1458 2297 1523 2364 τῇ
1556 2296 1736 2366 κρίσει
1786 2311 1904 2360 σου,

326 2381 384 2435 τὸ
421 2381 871 2452 ἀποθεραπεῦσαι
909 2384 1027 2447 ἐνὸς
1062 2385 1293 2439 ἑκάστου
1325 2387 1626 2441 ἐπισκόπου
1647 2389 1709 2441 τὸ
1733 2389 1904 2457 πρόσ-

329 2492 469 2528 ωπον
494 2491 506 2504 ·
549 2477 607 2528 ἐν
645 2475 837 2549 πρώτῃ
875 2476 933 2530 δὲ
972 2478 1067 2530 καὶ
1126 2480 1262 2550 μόνῃ
1321 2481 1651 2543 συνελεύσει,
1693 2483 1740 2534 εἰ
1787 2499 1909 2534 συν-

337 2567 476 2632 ίδοις,
515 2568 578 2621 τὸ
611 2567 698 2620 ἐπ’
727 2568 977 2633 ἐξουσίας
1014 2570 1187 2643 ταύτῃ
1216 2576 1282 2642 τῇ
1321 2573 1567 2644 καθέδρᾳ
1595 2573 1734 2626 εἶναι
1757 2575 1905 2626 ἐκδι-

330 2661 544 2730 κητέον,
603 2661 792 2731 ἐπειδὴ
844 2663 1090 2734 ἀνάγκην
1161 2665 1305 2734 ἔχεις
1360 2666 1524 2729 αὐτὸς
1573 2667 1755 2730 πάσας
1808 2667 1908 2728 τὰς

329 2752 654 2822 Ἐκκλησίας
703 2754 1110 2824 ύποστηρίζειν.
1146 2755 1309 2809 Ὅθεν
1352 2756 1599 2822 ἐξουσίαν
1634 2774 1716 2810 σοι
1749 2759 1910 2827 ἡμεῖς

325 2844 384 2898 ού
440 2845 729 2915 διδοῦμεν,
801 2845 916 2898 ἀλλ’
955 2847 1428 2918 ἐπισφραγίζομεν
1473 2849 1677 2919 ταύτην
1729 2851 1794 2919 τῇ
1842 2851 1910 2919 σῇ

326 2938 678 3008 προαιρέσει,
713 2939 853 2991 ὥστε
913 2939 1111 3005 ἐξεῖναι
1159 2944 1380 3012 κρατεῖν
1409 2940 1468 2993 ὃν
1496 2941 1562 2994 ἂν
1595 2940 1786 3011 θέλῃς,
1818 2939 1913 2993 καὶ

328 3029 772 3100 προχειρίζεσθαι
787 3031 1130 3101 προεστῶτας
1149 3036 1266 3094 ταῖς
1283 3032 1654 3102 Ἐκκλησίαις.
1675 3033 1768 3086 καὶ
1794 3036 1914 3096 ταῖς

326 3121 536 3185 λοιπαῖς
573 3123 696 3185 τοὺς
727 3121 1091 3192 ζητουμένους
1114 3164 1130 3186 ,
1164 3126 1256 3177 καὶ
1280 3125 1400 3178 ὅθεν
1434 3125 1686 3190 συνίδοις.
1718 3157 1787 3166 -—
1812 3127 1891 3179 Πο

331 3214 729 3283 στουμητιανὸς
764 3215 1062 3278 ἐπίσκοπος
1087 3211 1260 3266 εἶπεν·
1300 3212 1430 3266 Εἶτα
1459 3214 1552 3267 ἐάν
1582 3231 1664 3277 τις
1697 3215 1793 3268 ἕνα
1829 3216 1923 3268 καὶ

331 3304 490 3375 μόνον
519 3308 627 3375 σχῇ
652 3306 1043 3378 πρεσϐύτερον,
1081 3307 1155 3376 μὴ
1190 3306 1394 3375 ὀφείλει
1415 3308 1506 3360 καὶ
1523 3307 1684 3370 αὐτὸς
1709 3309 1736 3360 ὁ
1765 3295 1845 3369 εἷς
1865 3305 1925 3371 ἐξ

329 3397 494 3458 αὐτοῦ
512 3397 882 3468 ἀφαιρεθῆναι
899 3399 1065 3464 ;-Αύ
1076 3397 1254 3468 ρήλιος
1271 3398 1568 3458 ἐπίσκοπος
1578 3393 1749 3450 εἶπεν
1771 3397 1927 3449 Κατὰ

333 3489 687 3561 συγχώρησιν
739 3489 896 3552 Θεοῦ,
927 3489 1203 3542 δύναταιιὸ
1227 3484 1308 3551 εἷς
1351 3487 1648 3551 ἐπίσκοπος
1698 3486 1926 3548 πολλοὺς

326 3583 660 3651 χειροτονεῖν
681 3579 1086 3650 πρεσϐυτέρους
1119 3595 1134 3610 ⁶
1156 3579 1529 3649 πρεσϐύτερος
1547 3578 1603 3631 δέ
1636 3577 1773 3648 πρὸς
1807 3577 1929 3628 ἐπι-

329 3671 546 3740 σκοπὴν
570 3671 892 3740 ἐπιτήδειος,
928 3670 1207 3740 δυσχερῶς
1247 3670 1579 3741 εὑρίσκεται.
1607 3669 1697 3722 Διὺ
1720 3669 1814 3721 ἐάν
1832 3683 1915 3730 τις

328 3761 532 3834 εὑρεθῇ
569 3762 706 3832 ἔχων
728 3762 825 3815 ἐνα
857 3763 1016 3832 μόνον
1047 3761 1440 3832 πρεσϐύτερον,
1465 3762 1560 3815 καὶ
1587 3761 1752 3813 αὐτὸν
1798 3762 1920 3813 ἐπι-

327 3855 547 3926 τήδειον
575 3857 638 3925 τῇ
693 3856 992 3924 ἐπισκοπῇ,
1051 3854 1148 3907 καὶ
1200 3855 1365 3907 αὐτὸν
1418 3855 1511 3908 τὸν
1555 3853 1654 3906 ἕνα.
1712 3852 1922 3920 ὀφείλει

329 3945 515 4000 δοῦναι
551 3946 688 4017 πρὸς
737 3945 1647 4018 χειροτονίαν.-Ποστουμητιανὺς
1702 3945 1924 3996 ἐπίσκο-

333 4056 433 4102 πος
471 4036 654 4092 εἶπεν
682 4039 894 4092 Οὐκοῦν
925 4041 1022 4093 ἐὰν
1059 4040 1216 4113 ἄλλος
1253 4041 1354 4113 ἔχῃ
1389 4039 1594 4110 πλῆθος
1623 4037 1923 4108 κληρικῶν,

333 4128 546 4197 ὀφείλοι
595 4147 686 4200 μοι
717 4132 778 4182 τὸ
821 4132 1012 4201 ἕτερον
1033 4131 1234 4202 πλῆθος
1269 4132 1545 4185 συνελθεῖν
1563 4147 1654 4170 ⁸-
1668 4130 1937 4200 Αὐρήλιος

1986 554 2292 618 inculcem,
2324 549 2470 621 quod
2514 549 2637 618 ejus
2671 547 2906 602 clericus
2950 560 2978 599 a
3027 544 3271 615 qualibet
3325 543 3567 600 Ecclesia

1988 645 2220 715 regenda
2257 642 2566 713 postuletur
2603 659 2617 694 :
2649 640 2742 695 sed
2785 636 2928 692 forte
2956 636 3010 691 in
3044 635 3308 690 hodierno
3329 651 3435 689 non
3485 649 3570 689 re-

1987 739 2177 794 luetati
2203 744 2353 802 sunt,
2393 743 2538 790 etne
2569 731 2788 802 quando
2811 728 3091 798 contingat
3124 736 3185 781 ut
3215 728 3571 792 reluctentur,

1989 848 2112 888 cum
2144 829 2349 885 fuerint
2385 843 2416 882 a
2449 841 2537 880 me
2578 826 2633 880 in
2699 825 2802 877 hac
2851 836 3018 876 causa
3071 820 3350 890 postulati,
3405 834 3568 888 quem

1991 924 2143 980 scitis
2196 916 2899 983 multarum,Eeclesiarum
2931 922 2986 968 et
3013 911 3440 967 ordinandorum
3479 926 3579 964 cu-

1993 1029 2109 1068 ram
2137 1013 2428 1067 sustinere.
2467 1007 2682 1061 Justnm
2703 1014 2790 1060 est
2810 1019 2961 1075 ergo,
2999 1012 3055 1057 ιιι
3083 1003 3383 1072 quemlibet
3441 1015 3578 1055 con-

1995 1106 2346 1162 sacerdotum
2397 1099 2721 1154 conveniam
2763 1113 2886 1150 eum
2937 1095 3154 1150 duobus
3211 1109 3242 1148 e
3297 1093 3578 1147 consortio

1997 1206 2206 1258 nostro,
2235 1193 2322 1248 vel
2358 1191 2531 1245 tribus
2554 1189 2804 1244 testibus.
2827 1186 2921 1240 Sin
2949 1201 3077 1240 vero
3098 1185 3387 1239 inilevotus
3411 1183 3580 1237 exsti—

1997 1290 2146 1352 terit,
2177 1285 2306 1356 quid
2341 1292 2529 1338 censet
2568 1282 2811 1334 eharitas
2844 1287 3022 1332 vestra
3077 1277 3428 1330 faciendum?
3469 1275 3581 1345 Ego

1998 1382 2143 1436 enim
2191 1385 2514 1434 cunctarum
2550 1371 2937 1435 Ecclesiarum,
2985 1369 3299 1438 dignatione
3357 1366 3472 1427 Dei,
3519 1374 3582 1419 ut

2000 1471 2174 1534 scitis,
2206 1468 2422 1531 fratres,
2464 1462 2882 1520 sollicitudinem
2901 1460 3169 1515 sustineo.
3203 1486 3270 1496 -—
3295 1457 3585 1511 Numidius

2000 1566 2290 1635 episcopus
2308 1561 2445 1616 dixit
2475 1557 2856 1626 :Fuitsemper
2887 1557 3000 1610 hanc
3028 1553 3243 1608 licentia
3273 1553 3401 1604 huic
3445 1548 3584 1609 sedi,

2003 1665 2062 1710 ut
2096 1656 2238 1708 unde
2268 1652 2379 1722 38
2408 1650 2584 1714 vellet,
2623 1657 2676 1702 et
2706 1647 2773 1700 de
2802 1645 2959 1714 cujus
2989 1643 3210 1697 nomine
3235 1641 3423 1694 luisset
3451 1653 3588 1693 con-

2005 1756 2219 1808 ventus,
2261 1760 2361 1814 pro
2395 1741 2673 1797 desiderio
2707 1738 2978 1808 cujusque
3011 1735 3268 1789 Ecclesia:
3310 1733 3592 1787 ordinaret

1999 1839 2335 1907 episcopum.
2359 1862 2430 1874 —
2467 1832 2768 1904 Epigouius
2788 1831 3078 1900 episcopus
3103 1827 3241 1881 dixit
3296 1843 3310 1879 :
3368 1821 3592 1877 Bonitas

2001 1936 2305 2000 sequestrat
2345 1926 2764 1999 possibilitatem
2803 1945 2816 1977 ;
2854 1921 3036 1976 minus
3077 1918 3225 1973 enim
3281 1913 3592 1986 prarsumis,

2000 2024 2188 2088 frater,
2221 2037 2345 2076 cum
2381 2029 2434 2074 te
2465 2020 2666 2073 bonum
2709 2024 2764 2070 et
2808 2014 3133 2069 clementem
3174 2008 3438 2063 omnibus
3471 2003 3596 2059 red-

2001 2117 2130 2170 dis:
2171 2116 2338 2168 hahes
2363 2112 2507 2167 enim
2538 2111 2643 2164 hoc
2675 2108 2728 2161 in
2765 2106 3015 2168 arbitrio,
3051 2102 3186 2156 satis
3226 2109 3313 2153 est
3361 2097 3475 2168 (16)
3539 2104 3597 2149 ιιι

2003 2208 2232 2263 satisﬁat
2285 2219 2531 2276 persona:
2565 2198 3000 2267 uniuscujusque
3032 2191 3271 2263 episcopi
3318 2189 3371 2242 in
3422 2187 3596 2256 prima

2006 2297 2382 2352 tantunnnodo
2415 2291 2796 2347 conventione.
2833 2287 2892 2340 Si
2947 2293 3127 2338 autem
3161 2282 3272 2350 (l7)
3316 2276 3599 2348 quodlibet

2009 2389 2135 2442 huic
2195 2387 2306 2442 sedi
2337 2382 2719 2438 vindicandum
2763 2378 2866 2434 sibi
2921 2352 3081 2430 fuerit
3127 2372 3463 2429 arbitratus,
3510 2383 3608 2422 nc-

2011 2495 2165 2536 cesse
2210 2479 2378 2534 habes
2430 2487 2485 2531 tu
2547 2489 2740 2530 omnes
2787 2469 3066 2526 Ecclesias
3102 2466 3382 2522 sull‘ulcire
3415 2479 3429 2514 :
3462 2461 3608 2515 unde

2013 2572 2108 2631 tibi
2142 2585 2246 2625 non
2280 2576 2602 2640 potestatem
2630 2565 2846 2628 damus,
2881 2562 2974 2615 sed
3007 2570 3096 2614 tua
3140 2556 3514 2626 assignamus,
3548 2558 3610 2603 ut

2011 2653 2172 2720 Iiceat
2212 2661 2476 2715 voluntati
2521 2671 2628 2713 tuae
2683 2665 2738 2710 et
2773 2667 2987 2722 semper
3014 2658 3201 2705 tenere
3230 2660 3393 2716 quem
3420 2643 3568 2697 voles
3591 2681 3608 2707 ,

2016 2761 2078 2806 ut
2105 2750 2427 2820 praepositos
2472 2734 2720 2816 plebibus
2751 2741 2835 2794 vel
2865 2737 3124 2793 Ecclesiis
3152 2733 3480 2792 constituas,
3512 2732 3606 2798 qui

2013 2840 2268 2914 postulati
2300 2838 2519 2904 fuerint,
2544 2845 2598 2890 et
2631 2835 2773 2888 unde
2803 2824 3425 2886 velis.——Postumianus
3446 2820 3610 2893 [Pos-

2015 2932 2371 3004 tumetianus]
2415 2932 2707 3001 episcopus
2740 2924 2878 2980 dixit
2913 2940 2926 2974 :
2965 2919 3206 2983 Deinde,
3254 2916 3346 2986 qui
3376 2956 3392 2979 ,
3440 2929 3612 2967 unum

2028 3029 2300 3090 habuerit,
2355 3021 2604 3090 nunquid
2641 3018 2800 3073 debet
2848 3014 2924 3068 illi
2965 3027 3110 3066 unus
3160 3008 3448 3078 presbyter
3510 3018 3613 3057 au-

2028 3117 2156 3173 ferri
2170 3112 2519 3170 ?—Aurelius
2537 3110 2827 3179 episcopus
2849 3103 3018 3158 dixit:
3041 3098 3144 3154 Sed
3164 3097 3451 3166 episcopus
3473 3107 3614 3146 unus

2028 3226 2152 3266 esse
2177 3215 2378 3278 potest,
2414 3219 2508 3272 per
2534 3215 2696 3271 quem
2729 3195 3050 3266 dignatione
3082 3189 3268 3244 divina
3305 3181 3613 3257 presbyteri

2033 3273 2192 3355 multi
2221 3293 2482 3352 constitui
2510 3292 2753 3362 possint;
2784 3299 2928 3340 unus
2967 3292 3148 3336 autem
3194 3278 3489 3349 episcopus
3512 3273 3610 3329 dil-

2033 3392 2174 3448 ﬁcile
2201 3388 2472 3444 invenitur
2495 3379 2933 3439 constituendus.
2957 3377 3301 3442 Quapropter
3354 3369 3400 3423 si
3427 3382 3616 3422 ncces-

2037 3486 2245 3540 sarium
2274 3477 2613 3550 episcopatui
2647 3473 2770 3542 quis
2820 3467 3070 3522 habuerit
3117 3463 3517 3534 presbyterum,
3564 3465 3616 3511 et

2038 3592 2230 3637 unum,
2261 3549 2321 3626 ut
2343 3570 2554 3631 dixisti,
2589 3567 2792 3626 frater,
2827 3559 3099 3623 habuerit,
3136 3557 3298 3610 etiam
3339 3553 3517 3622 ipsum
3550 3549 3616 3603 ad

2025 3667 2419 3739 promotionem
2448 3662 2576 3716 dare
2599 3650 3300 3713 debebit.—Postumianus
3328 3645 3619 3716 episcopus

2026 3738 2166 3817 dixit
2204 3776 2217 3812 :
2254 3757 2396 3827 Ergo
2460 3756 2508 3808 si
2577 3753 2740 3806 habet
2783 3749 2925 3803 alius
2970 3745 3310 3800 abundantes
3363 3738 3615 3801 clericos,

2029 3854 2190 3909 debet
2249 3848 2381 3902 mihi
2409 3847 2513 3899 alia
2539 3844 2692 3914 plebs
2719 3833 3363 3896 subvenires—Aurelius
3401 3829 3619 3900 episco-

2033 3958 2137 4012 pus
2172 3939 2305 3993 dixit
2343 3954 2358 3991 :
2402 3937 2547 3990 Sane
2573 3931 2792 4002 quando
2824 3940 2878 3984 tu
2916 3927 3170 3982 Ecclesia:
3213 3921 3372 3977 alteri
3421 3921 3621 3974 subve-

2034 4033 2205 4097 neris,
2233 4028 2658 4100 persuadebitur
2685 4025 2759 4078 illi
2791 4022 2884 4092 qui
2919 4021 3104 4090 plures
3157 4016 3321 4070 habet
3365 4013 3618 4074 clericos,

2044 4136 2104 4178 ut
2131 4139 2300 4176 unum
2330 4120 2426 4174 tibi
2463 4116 2831 4173 ordinandum
2870 4113 3150 4181 largiatur.

335 4224 642 4287 ἐπίσκοπος
699 4221 872 4278 εἶπεν
954 4200 1164 4296 Δηλαδῇ
1212 4227 1272 4280 ὃν
1331 4227 1532 4300 τρόπον
1602 4227 1665 4278 σὺ
1736 4227 1799 4296 τῇ
1855 4222 2014 4292 ἐτέρᾳ
2063 4215 2359 4285 Ἐκκλησία
2406 4211 2706 4281 συνῆλθες,
2752 4205 3227 4278 συνωοησθήσεται
3289 4201 3386 4254 καὶ
3427 4201 3455 4253 ὁ
3495 4200 3621 4263 τοίς

337 4320 598 4385 πλείονας
632 4318 770 4390 ἔχων
816 4321 1130 4393 κληρικοὺς,
1163 4321 1260 4374 ἕνα
1294 4322 1354 4387 ἐξ
1396 4322 1577 4375 αὐτῶν
1621 4322 1702 4385 εἰς
1730 4316 2064 4391 χειροτονίαν
2097 4329 2179 4364 σοι
2205 4306 2658 4380 δαψιλεύσασθαι.

337 4433 482 4502 Περὶ
521 4432 646 4486 τῶν
664 4431 831 4486 ,λαῶν
862 4433 981 4486 τῶν
999 4433 1303 4520 μηδέποτε
1330 4434 1706 4499 ἐπισκόπους
1735 4433 1919 4503 ἐσχη-

1027 4521 1238 4556 κοτων.

407 4597 514 4660 νη’.
537 4590 744 4660 Ἤρεσε
769 4590 992 4644 κάκεῖνο
1022 4592 1109 4644 ἵνα
1132 4593 1179 4644 οἱ
1200 4591 1366 4662 ὄχλοι,
1389 4593 1439 4646 οἱ
1464 4593 1732 4662 μηδέποτε
1765 4593 1928 4658 ἰδίους

339 4684 642 4754 ἐσχηκότες
671 4684 1026 4748 ἐπισκόπους,
1064 4686 1113 4737 εἰ
1142 4686 1217 4755 μὴ
1264 4687 1327 4739 ἐκ
1361 4686 1544 4755 πάσης
1576 4685 1676 4756 τῆς
1708 4687 1930 4740 συνόδου

339 4774 587 4844 ἑκάστης
645 4775 934 4844 ἐπαρχίας,
981 4775 1074 4828 καὶ
1102 4774 1194 4826 τοῦ
1237 4776 1635 4844 πρωτεύοντος,
1673 4776 1932 4848 ψήφισμα

343 4863 595 4930 γένηται,
634 4863 890 4916 καὶκατὰ
927 4865 1231 4917 συναίνεσιν
1284 4865 1519 4928 ἐκείνου,
1553 4860 1615 4918 οὗ
1646 4884 1790 4930 τινος
1830 4869 1936 4920 ὑπὸ

342 4953 446 5022 τὴν
476 4953 745 5022 διοίκησιν
763 4952 1058 5006 καθίστατο
1090 4955 1123 5024 ἡ
1155 4951 1293 5023 αὐτὴ
1315 4953 1634 5024 Ἐκκλησία,
1671 4955 1936 5027 μηδαμῶς

345 5042 628 5110 δέξωνται.

505 5137 778 5191 Συνόδου
805 5138 1226 5206 οίκουμεινκῆς
1265 5145 1318 5204 ς’
1345 5138 1666 5207 κανὼιηλγν,
1693 5137 1792 5204 λζ’.

419 5227 526 5298 λγ’.
567 5228 896 5300 Ἐπειδήπερ
937 5229 1186 5300 ἔγνωμεν
1235 5232 1294 5282 ἐν
1323 5234 1386 5300 τῇ
1453 5230 1753 5301 Ἀρμενίων
1785 5231 1938 5302 χώρᾳ.

352 5319 552 5389 μόνους
578 5323 634 5373 ἐν
660 5321 846 5391 κλήρῳ
868 5321 994 5382 τοὺς
1028 5323 1091 5373 ἐκ
1125 5322 1316 5390 γένους
1356 5322 1632 5392 ἱερατικοῦ
1664 5325 1934 5375 κατατάτ-

349 5413 564 5474 τεσθαι,
597 5412 882 5475 ἱουδαῖκοῖς
911 5413 1088 5466 ἔθεσιν
1120 5414 1402 5484 ἑπομένων
1427 5413 1535 5466 τῶν
1564 5413 1722 5468 τοῦτο
1757 5414 1934 5484 πράτ-

352 5522 466 5558 τειν
493 5504 935 5575 ἐπιχειρούντων,
963 5506 1114 5568 τινας
1147 5506 1203 5559 δὲ
1245 5506 1422 5559 αὐτῶν
1450 5507 1544 5560 καὶ
1610 5505 1683 5575 μὴ
1709 5506 1935 5558 ἀποκει-

358 5597 620 5668 ρομένους
646 5595 966 5668 ἱεροψάλταις
980 5596 1074 5649 καὶ
1103 5596 1454 5667 ἀναγνώστας
1481 5594 1574 5651 τοῦ
1599 5594 1744 5651 θείου
1767 5595 1932 5666 νόμου

429 5770 496 5804 ⁸⁸⁸
533 5772 700 5828 Cone.
734 5770 907 5827 Alric.
941 5786 1060 5842 cap.
1089 5769 1180 5824 65.

2175 4426 2284 4497 39
2320 4423 2394 4478 De
2425 4419 2661 4497 plebibus
2688 4433 2822 4497 qua:
2863 4429 3134 4497 nuit-quam
3181 4412 3447 4478 episcopos

2609 4486 2905 4542 habuerunt
2941 4486 3029 4537 ⁵⁸⁸.

2103 4594 2138 4648 5
2153 4591 2192 4648 ἰ.
2222 4586 2440 4644 Placuit
2453 4591 2506 4639 et
2521 4582 2676 4648 illud,
2703 4591 2759 4634 ut
2778 4579 2960 4648 plebes
2974 4590 3096 4646 quae
3115 4587 3394 4642 nunquam
3415 4569 3622 4624 habue-

2035 4696 2165 4742 runt
2195 4679 2450 4754 proprios
2475 4677 2764 4748 episcopos
2822 4671 2928 4726 nisi
2976 4685 3042 4724 ex
3088 4668 3325 4723 concilio
3376 4665 3622 4735 plenario

2041 4776 2485 4842 uniuscujusque
2524 4765 2838 4839 provincia,
2886 4771 2940 4816 et
2985 4759 3237 4831 primatis
3288 4766 3447 4827 atque
3495 4771 3626 4810 con-

2041 4885 2206 4926 sensu
2239 4866 2382 4935 ejus,
2416 4862 2481 4916 ad
2515 4860 2673 4929 cujus
2708 4855 2995 4911 diteccsim
3026 4852 3214 4907 eadem
3239 4849 3479 4905 Ecclesia
3503 4863 3626 4918 pcr-

2045 4962 2273 5022 tinebat,
2306 4957 2586 5011 decretum
2619 4950 2810 5014 fuerit,
2842 4947 3068 5001 minime
3095 4943 3388 5012 accipiant.

2277 5129 2505 5184 Concilii
2533 5124 2838 5181 mcumenici
2868 5139 2918 5175 Vl
2949 5135 3174 5174 canones
3200 5118 3290 5180 55,
3318 5117 3410 5172 57.

2114 5227 2203 5280 55.
2231 5223 2502 5290 Quoniam
2528 5218 2886 5290 cognovimus
2913 5215 2966 5268 in
2989 5212 3374 5267 Armeniorum
3407 5207 3627 5274 regione

2041 5333 2139 5374 eos
2167 5317 2344 5370 solum
2383 5315 2435 5366 in
2473 5311 2604 5365 cieri
2643 5309 2896 5363 ordinem
2927 5303 3115 5359 referri
3144 5302 3237 5371 qui
3273 5307 3401 5354 sunt
3433 5313 3498 5350 ex
3528 5313 3624 5367 ges

2043 5426 2174 5466 nere
2208 5405 2554 5468 sacerdotali,
2603 5404 2670 5456 iis
2695 5400 2788 5469 qui
2833 5403 2933 5453 hoc
2979 5396 3157 5450 facere
3205 5391 3625 5463 aggrediuntur,

2043 5502 2226 5555 mores
2282 5497 2536 5566 judaicos
2605 5493 3008 5562 sequentibus;
3073 5485 3366 5541 nonnullos
3438 5487 3622 5534 autem

2041 5607 2255 5656 eorum,
2289 5589 2453 5645 etiam
2476 5602 2584 5641 non
2611 5595 2820 5652 tensos,
2853 5596 3042 5639 sacros
3071 5587 3323 5635 cantores
3354 5582 3406 5630 ct
3428 5571 3627 5626 divinre
