4122 6470
551 367 657 430 487

1682 365 1945 427 ΡΗΟΤΙΙ
1984 362 2490 425 PATRIARCH
2527 368 2636 428 (ΣΡ.

3697 376 3794 445 688

552 479 688 550 legis
728 480 962 536 lectores
999 480 1302 536 constitui:
1351 481 1716 544 decernimus,
1762 471 1823 533 ut
1869 478 2107 548 deincep:

2235 475 2617 548 καθίστασθαι,
2663 484 2979 555 συνείδομεν
3009 485 3147 538 ὥστε
3179 487 3288 540 ἀπὸ
3311 487 3404 541 τοῦ
3428 489 3518 542 νῦν
3551 493 3622 560 μὴ
3663 495 3793 558 ὲξεί-

551 583 661 622 non
704 567 869 622 liceat
911 569 979 624 iis
1014 569 1107 638 qui
1137 569 1324 623 volunt
1359 569 1573 637 aliquos
1604 567 1669 620 ad
1709 566 1914 620 clerum
1954 567 2125 621 addu-

551 674 698 724 cere,
723 660 787 714 ad
805 661 923 730 ejus
941 662 1028 714 cui
1058 675 1255 714 manus
1281 661 1602 729 imponitur,
1625 677 1794 726 genus
1819 661 2120 729 respicere:

551 749 646 802 sed
692 749 1070 802 examinantes
1116 764 1182 802 an
1227 748 1376 818 digni
1429 749 1536 804 sint
1579 751 1736 820 juxta
1785 753 2027 821 exposita
2068 752 2121 805 in

549 839 724 893 sacris
747 839 1049 894 rationibus
1076 841 1314 905 decreta,
1337 842 1387 894 in
1417 843 1546 896 cleri
1573 844 1879 912 catalogum
1908 843 2119 910 referri,

551 939 610 983 ut
643 946 738 985 eos
765 932 1138 985 ecclesiastice
1168 945 1544 999 promoveant,
1577 936 1693 989 sive
1717 937 1828 990 sint
1853 952 1918 990 ex
1952 933 2121 1002 majo-

547 1021 698 1075 ribus
733 1023 849 1074 suis
890 1023 1288 1086 sacerdotibns,
1334 1025 1446 1078 sive
1487 1041 1616 1079 non.
1674 1026 1778 1081 Sed
1820 1029 2006 1091 etiam,
2062 1036 2120 1080 ut

544 1113 677 1166 nnl'li
715 1129 777 1165 ex
817 1114 1073 1167 omnibus
1104 1116 1437 1182 permittant,
1471 1117 1621 1182 juxta
1651 1119 1897 1172 ordinem
1929 1133 2117 1172 eorum

543 1201 637 1269 qui
679 1211 806 1255 sunt
855 1202 906 1254 in
945 1204 1270 1257 clericorum
1306 1207 1552 1260 ordinem
1596 1209 1771 1275 relati,
1821 1210 2022 1279 populo
2064 1211 2117 1263 in

544 1301 799 1359 suggestu
831 1293 1044 1346 divinas
1077 1293 1392 1362 Scripturas
1423 1298 1676 1361 recitare,
1714 1299 1814 1352 nisi
1843 1298 1888 1354 is
1929 1315 2116 1354 sacer-

543 1380 711 1433 dotali
752 1391 976 1434 tonsura
1011 1399 1140 1437 usus
1179 1384 1363 1449 fuerit,
1406 1397 1457 1440 ct
1490 1388 1920 1442 benedictionem
1954 1405 1980 1440 a
2015 1404 2115 1444 suo

538 1479 766 1537 pastore
803 1471 1071 1525 canonice
1102 1475 1425 1542 susceperit.
1458 1475 1512 1528 Si
1545 1476 1669 1545 quis
1701 1487 1880 1529 autem
1920 1489 2115 1546 praeter

537 1561 653 1613 haec
682 1560 865 1614 facere
887 1562 1262 1631 deprehensus
1295 1564 1478 1626 fuerit,
1515 1577 1844 1636 segregetnr.

607 1653 696 1707 57.
732 1653 1001 1718 Quoniam
1033 1656 1264 1712 diversis
1297 1659 1634 1727 temporibus
1677 1659 1980 1714 barbarica:
2033 1659 2114 1712 in-

537 1747 824 1799 cursiones
866 1745 1050 1810 fuere,
1093 1757 1145 1801 et
1176 1764 1240 1801 ex
1277 1765 1341 1802 eo
1392 1750 1640 1818 plurima:
1687 1751 1936 1805 civitates
1988 1752 2112 1804 inli-

533 1837 750 1892 delibus
781 1839 1079 1908 subjugatze
1131 1840 1315 1906 fuere,
1372 1852 1430 1894 ut
1477 1843 1598 1895 ideo
1639 1857 1746 1895 non
1781 1843 1952 1911 possit
1991 1843 2111 1911 ejus

531 1929 769 1983 civitatis
803 1931 997 1998 pl‘iﬁSlll
1041 1942 1322 2000 postquam
1373 1933 1660 1987 ordinatus
1707 1933 1903 1996 fuerit,
1952 1950 2111 1987 suum

533 2019 790 2072 tiu-onum
840 2021 1281 2087 apprehendere,
1331 2031 1380 2075 et
1444 2021 1497 2074 in
1550 2038 1615 2076 eo
1669 2022 1720 2075 in
1780 2023 2109 2076 sacerdotali

532 2111 925 2164 constitutione
956 2112 1210 2164 collocari
1237 2151 1251 2173 ,
1299 2121 1348 2165 et
1394 2112 1473 2166 sic
1505 2128 1602 2181 pro
1633 2129 1696 2166 ea
1723 2129 1844 2183 quae
1880 2113 2114 2167 invaluit

529 2201 927 2256 consuetudine
985 2203 1096 2274 40
1135 2204 1508 2259 ordinationes
1560 2215 1613 2258 et
1650 2207 1861 2270 onmia,
1892 2222 2013 2274 quae
2045 2207 2110 2260 ad

530 2295 845 2364 episcopum
878 2296 1176 2362 pertinent,
1209 2310 1369 2364 agere
1399 2305 1452 2348 et
1484 2307 1715 2350 tractare
1742 2315 1754 2352 :
1787 2314 1909 2363 nos,
1941 2297 2113 2352 hono-

530 2400 644 2438 rem
679 2401 742 2438 ac
774 2386 1184 2438 venerationem
1219 2386 1530 2440 sacerdotio
1560 2397 1866 2449 servantes,
1904 2397 1957 2441 et
1987 2403 2111 2457 gen-

529 2476 680 2530 tilem
747 2475 1005 2544 injuriam
1068 2491 1414 2544 nequaquam
1481 2478 1546 2530 ad
1608 2479 2107 2533 ecclesiasticarum

525 2567 734 2637 jurinm
792 2567 1088 2636 perniciem
1151 2568 1392 2622 exerceri
1458 2569 1696 2623 volentes
1725 2610 1738 2633 ,
1782 2587 1877 2624 eos
1907 2571 1997 2638 qui
2031 2572 2111 2625 sic

527 2660 764 2713 ordinati
797 2669 956 2724 sunt,
989 2669 1042 2712 et
1069 2670 1286 2728 prepter
1312 2661 1620 2729 praedictam
1656 2678 1876 2715 causam
1911 2663 1962 2716 in
1994 2664 2110 2718 suis

527 2766 637 2805 non
684 2763 814 2806 sunt
844 2752 1130 2805 constituti
1160 2793 1173 2815 ,
1212 2763 1271 2805 ut
1307 2753 1516 2821 absque
1551 2753 1662 2805 ullo
1691 2770 1753 2805 ex
1788 2769 1849 2806 ca
1882 2769 1937 2808 re
1970 2770 2108 2823 pra:-

521 2840 728 2910 jndicio
761 2850 1175 2906 conserventur,
1209 2842 1580 2908 decrevimus;
1611 2852 1667 2895 nt
1693 2852 1747 2896 ct
1771 2843 2106 2898 diversorum

525 2932 854 2985 clericorum
894 2930 1270 2984 ordinationes
1299 2933 1566 2985 canonice
1604 2931 1847 2995 faciant,
1881 2942 1934 2987 et
1967 2949 2107 3002 prir-

526 3021 774 3075 sidentiae
829 3021 1153 3075 auctoritate
1205 3022 1507 3076 secundum
1559 3024 1836 3093 proprium
1900 3033 2104 3079 statum

528 3119 782 3173 utantur,
815 3118 871 3164 et
900 3112 970 3165 sit
1013 3111 1167 3165 ﬁrma
1203 3127 1266 3164 ac
1300 3111 1540 3181 legitima
1565 3128 1904 3182 quaecunque
1929 3115 1996 3166 ab
2027 3115 2107 3168 eis

526 3203 774 3272 procedit
795 3202 1222 3255 administratio.
1252 3200 1371 3256 Non
1403 3203 1549 3257 enim
1583 3220 1612 3257 a
1643 3216 1888 3274 tempore
1919 3220 2110 3260 neces-

528 3295 706 3348 sitatis
759 3303 947 3347 exat-ta
998 3292 1141 3361 juris
1199 3293 1584 3348 observatione
1651 3295 2107 3365 circumscripta,

527 3385 954 3456 dispensationis
986 3384 1253 3439 terminus
1284 3385 1788 3442 circumscribetur.

530 3656 733 3729 Synodi
792 3654 1398 3729 Constantinopolitath
1432 3672 1548 3729 qme
1605 3656 1800 3729 dicitur
1839 3657 2010 3723 prima
2059 3665 2109 3709 et

598 3728 827 3781 secunda
852 3729 905 3778 in
929 3727 1118 3787 templo
1153 3726 1469 3779 Sanctorum
1496 3726 1867 3794 Apostolorum
1892 3742 2110 3794 congre-

601 3811 751 3868 gata,
787 3813 954 3848 canon
1002 3797 1085 3849 16.

602 3912 688 3965 16.
734 3912 961 3978 Propter
1000 3911 1377 3965 contentiones
1399 3921 1448 3964 et
1480 3912 1762 3974 tumultus,
1799 3912 1888 3981 qui
1927 3913 1980 3965 in
2015 3911 2109 3966 Dei

529 4003 772 4060 Ecclesia
795 4005 1142 4072 contingunt,
1169 4004 1274 4057 hoc
1304 4019 1520 4072 quoque
1549 4014 1629 4058 est
1662 4005 1886 4058 delinire
1917 4019 2107 4058 neces-

531 4100 761 4164 sarium,
803 4107 861 4151 ut
906 4103 1198 4166 cpiscopus
1241 4096 1392 4148 nullo
1436 4098 1598 4150 modo
1645 4098 2010 4152 constituatur
2051 4097 2106 4150 in

528 4192 792 4256 Ecclesia,
831 4190 915 4244 cni
956 4190 1049 4258 qui
1087 4196 1284 4258 praeest
1335 4188 1515 4241 adhuc
1547 4187 1695 4250 vivit,
1729 4197 1782 4241 et
1806 4196 1889 4241 est
1929 4189 2107 4241 adhuc

529 4286 584 4340 in
616 4287 835 4355 proprio
865 4285 1075 4337 honore
1109 4281 1465 4342 constitutus,
1501 4281 1604 4334 nisi
1643 4280 1976 4350 episc0patui
2007 4296 2103 4334 sua

528 4388 723 4447 sponte
769 4375 1185 4430 renuntiaverit.
1234 4375 1460 4442 Oportet
1498 4373 1644 4426 enim
1693 4386 1913 4426 causam
1960 4371 2099 4440 ejus,

2235 587 2321 623 ναι
2349 575 2462 635 τοῖς
2493 576 2572 637 είς
2603 573 2802 646 κλῆρον
2842 576 3187 646 βουλομένοις
3233 580 3496 649 προάγειν
3523 583 3690 647 τινάς,
3717 594 3793 652 εἰς

2229 660 2291 714 τὸ
2335 665 2488 730 γένος
2531 667 2945 732 ἀποϐλέποντας
2991 669 3085 722 τοῦ
3121 672 3622 743 προχειριζομένου,
3664 679 3794 735 ἀλλά

2225 750 2616 819 δοκιμάζοντας
2643 758 2690 807 εί
2710 756 2848 822 ἄξιοι
2876 753 2985 810 εἷεν
3013 759 3153 810 κατὰ
3182 763 3309 823 τοὺς
3337 764 3586 828 τεθέντας
3609 767 3664 819 ἐν
3687 773 3794 834 τοῖς

2227 841 2393 910 ἱεροῖς
2415 845 2644 897 κανόσιν
2673 848 2829 916 ὅρους
2858 849 2916 900 ὲν
2951 849 3137 920 κλήρῳ
3169 854 3553 923 καταλεγῆναι,
3583 859 3793 924 τούτους

2223 933 2691 1005 ἐκκλησιαστικῶς
2715 941 3180 1011 προχειρίζεσθαι,
3214 945 3321 996 εἴτε
3375 947 3471 998 καὶ
3502 949 3566 1001 ἐκ
3600 954 3791 1021 προγό-

2221 1043 2328 1079 νων
2349 1028 2637 1095 γεγόνασιν
2673 1031 2881 1101 ἱερέων,
2917 1034 3024 1085 εἴτε
3078 1035 3170 1085 καὶ
3213 1037 3317 1105 μή·
3348 1036 3484 1089 ἀλλὰ
3515 1039 3646 1108 μηδέ
3679 1059 3791 1097 τινα

2219 1115 2326 1172 τῶν
2360 1118 2615 1172 ἁπάντων
2643 1125 2944 1191 συγχωρεῖν
2992 1123 3077 1174 ἐπ’
3113 1126 3366 1193 ἄμϐωνος
3389 1130 3528 1182 κατὰ
3564 1131 3661 1200 τὴν
3689 1133 3792 1186 τῶν

2218 1213 2277 1264 ὲν
2306 1209 2490 1282 κλήρῳ
2523 1211 2973 1283 καταλεγομένων
3015 1215 3169 1278 τάξιν
3199 1221 3323 1279 τοὺς
3351 1217 3526 1282 θείους
3575 1221 3652 1290 τῷ
3679 1222 3789 1293 λαῷ

2217 1303 2406 1370 λόγους
2434 1305 2760 1372 ὑποφωνεῖν,
2790 1307 2838 1356 εί
2864 1306 2938 1374 μή
2970 1323 3021 1357 τι
3064 1307 3131 1358 ἂν
3168 1308 3416 1378 ἱερατικῇ
3450 1315 3622 1383 κουρᾷ
3653 1319 3783 1385 χρή-

2219 1413 2383 1465 σηται
2425 1399 2452 1450 6
2482 1398 2746 1463 τοιοῦτος,
2787 1399 2881 1450 καὶ
2916 1400 3013 1468 τὴν
3051 1399 3304 1467 εὐλογίαν
3347 1403 3448 1454 ὑπὸ
3472 1405 3564 1457 τοῦ
3594 1409 3785 1462 οἰκείου

2215 1489 2473 1556 ποιμένος
2535 1491 2835 1552 κανονικῶς
2887 1491 3214 1559 ὑποδέξηται
3248 1508 3261 1522 ·
3286 1493 3333 1544 εἰ
3370 1494 3426 1545 δέ
3484 1511 3566 1558 τις
3605 1513 3785 1565 φωρα-

2220 1577 2339 1648 θείη
2394 1581 2544 1650 παρὰ
2590 1580 2658 1633 τά
2708 1582 3163 1651 προστεταγμένα
3203 1582 3394 1646 ποιῶν,
3429 1585 3783 1654 ἀφοριςὲσθω.

2283 1669 2383 1732 λζ’.
2438 1672 2653 1740 Ἐπειδὴ
2693 1672 2834 1724 κατά
2867 1671 3158 1742 διαφόρους
3203 1676 3426 1743 καιροὺς
3461 1674 3784 1747 βαρὸαρικαί

2213 1763 2499 1829 γεγόνασιν
2517 1763 2715 1832 ἔφοδοι,
2745 1765 2839 1817 καὶ
2873 1763 3120 1816 πλεῖσται
3154 1765 3334 1828 πόλεις
3368 1767 3619 1820 ἐντεῦθεν
3657 1770 3786 1823 (πο-

2216 1855 2410 1924 χείριοι
2453 1858 2564 1916 τοῖς
2593 1856 2816 1925 ἀνόμοις
2874 1857 3239 1922 κατέστησαν,
3285 1858 3358 1920 ὡς
3418 1859 3665 1911 ἐντεῦθεν
3713 1864 3785 1931 μὴ

2214 1946 2509 2016 δυνηθῆναι
2540 1948 2630 2001 τὸν
2659 1949 2755 2016 τῆς
2788 1948 3046 2018 τοιαύτης
3103 1951 3310 2012 πόλεως
3342 1951 3604 2022 πρόεδρον
3650 1955 3782 2023 μετά

2213 2038 2312 2108 τὴν
2343 2037 2429 2090 ἐπ’
2460 2039 2606 2107 αὐτῷ
2641 2039 2992 2109 χειροτονίαν,
3035 2039 3125 2093 τὸν
3159 2043 3356 2094 οἰκεῖον
3387 2043 3576 2111 θρόνον
3620 2061 3779 2097 κατα-

2213 2129 2430 2192 λαϐεῖν,
2466 2131 2559 2182 καὶ
2589 2132 2646 2181 ἐν
2697 2130 2847 2200 αὐτῷ
2899 2132 3143 2202 ἱερατικῇ
3181 2133 3513 2186 καταστάσει
3547 2134 3782 2205 ὲνιδρυν-

2215 2221 2395 2289 θῆναι,
2431 2223 2523 2274 καὶ
2575 2222 2716 2275 οὕτω
2765 2223 2908 2275 κατὰ
2936 2223 2992 2275 τὸ
3019 2225 3302 2293 κρατῆσαν
3341 2224 3462 2285 ἔθος
3488 2227 3585 2288 τὰς
3615 2243 3781 2296 χειρο-

2212 2315 2415 2376 τονίας,
2442 2316 2534 2367 καὶ
2565 2315 2742 2368 πάντα
2772 2315 2806 2369 ἃ
2848 2317 2924 2386 τῷ
2955 2316 3238 2385 ὲπισκόπῳ
3297 2317 3492 2388 ἀνήκει
3527 2318 3782 2390 πράττειν

2213 2422 2270 2458 τε
2298 2406 2390 2458 καὶ
2423 2407 2917 2475 μεταχειρίζεσθαι,
2950 2409 3112 2477 ἡμεῖς
3139 2407 3199 2460 τὸ
3248 2409 3428 2478 τίμιον
3482 2412 3575 2462 καὶ
3630 2411 3782 2464 σεϐά-

2216 2515 2372 2567 σμιον
2406 2501 2470 2568 τῇ
2503 2499 2771 2570 ἱερωσύνῃ
2822 2500 3198 2567 φυλάττοντες.
3239 2502 3332 2553 καὶ
3365 2502 3632 2573 μηδαμῶς
3656 2504 3784 2572 πρὸς

2212 2587 2388 2657 λύμην
2451 2589 2559 2640 τῶν
2607 2589 3078 2658 ἐκκλησιαστικῶν
3127 2590 3370 2652 δικαίων,
3416 2595 3517 2661 τὴν
3571 2593 3784 2663 ὲθνικὴν

2212 2680 2474 2748 ἐπήρειαν
2509 2680 2847 2749 ἐνεργεῖσθαι
2880 2681 3221 2752 βουλόμενοι,
3253 2686 3366 2746 τοῖς
3428 2685 3571 2737 οὕτω
3616 2703 3785 2755 χείρο-

2209 2772 2497 2840 τονηθεῖσι,
2532 2773 2624 2823 καὶ
2652 2772 2736 2826 διὰ
2769 2774 2868 2840 τὴν
2923 2776 3299 2845 προκειμένην
3354 2775 3537 2828 αἰτίαν
3577 2777 3633 2828 ὲν
3675 2779 3783 2839 τοῖς

2213 2863 2422 2916 ἑαυτῶν
2455 2863 2529 2931 μὴ
2571 2864 2940 2929 ἐγκαταστᾶσι
2985 2865 3216 2930 θρόνοις,
3247 2868 3313 2918 τὸ
3364 2867 3660 2936 ἀπόκριτον
3689 2883 3782 2936 τη-

2215 2956 2422 3026 ρεῖσθαι
2454 2954 2878 3025 συνεωράκαμεν
2917 2971 2931 2986 ⁸
2967 2956 3106 3010 ὥστε
3155 2959 3249 3012 καὶ
3288 2960 3622 3030 χειροτονίας
3659 2960 3785 3032 κλη-

2213 3046 2381 3116 ρικῶν
2407 3045 2680 3113 διαφόρων
2715 3047 3018 3110 κανονικῶς
3063 3051 3256 3115 ποιεῖν,
3300 3050 3395 3103 καὶ
3425 3053 3494 3121 τῇ
3530 3051 3626 3120 τῆς
3658 3068 3787 3122 προ-

2137 3152 2179 3210 ο
2213 3135 2392 3204 εδρίας
2417 3132 2670 3204 αὑθεντίᾳ
2703 3134 2844 3188 κατὰ
2882 3135 2972 3188 τὸν
3003 3137 3132 3190 ἴδιον
3162 3139 3286 3208 ὅρον
3319 3140 3644 3210 κεχρῆσθαι.
3695 3142 3786 3194 καὶ

2215 3226 2438 3297 βεϐαίαν
2498 3228 2593 3280 καὶ
2645 3231 3042 3301 νενομισμένην
3089 3227 3228 3283 εἷναι
3269 3233 3448 3285 πᾶσαν
3483 3233 3576 3285 ὑπ’
3612 3232 3786 3286 αὐτῶν

2213 3320 2512 3390 προϊοῦσαν
2557 3323 2842 3393 διοίκησιν.
2896 3324 2969 3376 Οὐ
3014 3322 3124 3394 γὰρ
3156 3323 3261 3375 ὑπὸ
3286 3323 3379 3376 τοῦ
3409 3321 3512 3393 τῆς
3550 3325 3784 3393 ἀνάγκης

2217 3413 2410 3480 καιροῦ
2441 3416 2878 3486 περιγραφείσης
2912 3417 3009 3484 τῆς
3047 3415 3356 3485 ἀκριϐείας,
3390 3418 3418 3469 6
3454 3417 3554 3487 τῆς
3585 3418 3784 3471 οἰκονο-

2217 3507 2349 3574 μίας
2371 3507 2493 3577 ὅρος
2516 3508 3016 3578 περιορισθήσεται.

2210 3645 2483 3699 Συνόδου
2517 3652 2567 3698 α’
2613 3643 2710 3697 καὶ
2730 3644 2792 3708 ,ϐ’
2820 3643 3335 3713 συγκροτηθείσης
3371 3643 3441 3696 ἐν
3472 3647 3784 3697 Κωνσταν-

2281 3717 2623 3769 τινουπόλει
2651 3715 2720 3766 ἐν
2737 3713 2816 3778 τῷ
2843 3713 2982 3782 ιναῷ
3024 3713 3143 3768 τῶν
3177 3714 3784 3781 ἈγίωνἈποστόλων

2281 3785 2484 3838 κανὼν
2517 3791 2613 3849 ις’.

2287 3915 2369 3961 ις.
2406 3896 2504 3949 Διὰ
2519 3896 2617 3959 τὰς
2645 3895 2975 3963 φιλονεικίας
2998 3912 3057 3947 τε
3089 3897 3182 3947 καὶ
3203 3895 3466 3965 ταραχὰς,
3493 3897 3593 3960 τὰς
3631 3899 3687 3950 ὲν
3718 3899 3781 3967 τῇ

2209 3989 2302 4043 τοῦ
2342 3988 2475 4042 Θεοῦ
2518 3987 2815 4056 Ἐκκλησία
2840 3986 3260 4056 συμϐαινούσας,
3286 3988 3380 4039 καὶ
3407 3987 3567 4039 τοῦτο
3607 3989 3779 4059 ὁρίσαι

2208 4081 2505 4149 ἀναγκαῖόν
2542 4081 2658 4131 ἐστι
2684 4095 2699 4110 ’
2733 4077 2826 4131 τοῦ
2856 4078 3044 4148 μηδενὶ
3064 4079 3250 4148 τρόπῳ
3287 4079 3587 4132 ἐπίσκοπον
3617 4097 3779 4132 κατα-

2209 4179 2399 4247 στῆναι
2426 4177 2481 4228 ὲν
2520 4179 2586 4246 τῇ
2617 4175 2936 4244 Ἐκκλησία,
2968 4169 3034 4244 ἧς
3065 4174 3143 4225 ἔτι
3173 4174 3200 4224 ὁ
3230 4173 3513 4244 προεστὼς
3560 4175 3648 4245 ζῇ,
3690 4176 3780 4226 καὶ

2207 4271 2266 4321 ὲν
2287 4273 2351 4339 τῇ
2391 4269 2496 4339 ἰδίᾳ
2526 4269 2841 4320 συνίσταται
2877 4268 3033 4336 τιμῇ,
3061 4265 3137 4334 μὴ
3166 4266 3327 4326 αὐτὸς
3357 4265 3498 4317 ἑκὼν
3528 4265 3625 4336 τὴν
3663 4267 3777 4317 ἐπι-

2209 4363 2416 4428 σκοπὴν
2449 4361 2844 4429 παραιτήσεται
2875 4374 2888 4387 ’
2922 4357 3026 4427 χρὴ
3043 4356 3152 4425 γάρ
3179 4357 3444 4426 πρότερον
3474 4356 3574 4426 τὴν
3604 4357 3777 4409 αἰτίαν

529 4446 624 4536 qui
659 4475 742 4519 est
769 4465 1085 4534 episcopatu
1120 4461 1496 4531 expellendus,
1527 4461 1791 4514 canonice
1821 4461 2102 4514 examina-

2210 4451 2298 4504 τοῦ
2332 4451 2613 4521 μέλλοντος
2644 4451 2743 4518 τῆς
2797 4447 3101 4516 ἐπισκοπῆς
3149 4446 3534 4509 ὲκδιώκεσθαι,
3567 4462 3776 4499 κανονι-

533 4565 640 4608 tam
678 4557 742 4608 ad
771 4556 929 4608 tinem
957 4554 1107 4622 prius
1136 4553 1328 4606 deduci
1369 4569 1384 4605 :
1422 4551 1617 4604 deinde
1641 4560 1761 4620 post
1791 4551 1909 4620 ejus
1937 4552 2102 4620 depo-

529 4647 806 4708 sitionem,
840 4649 1068 4700 alterum
1104 4647 1156 4698 in
1204 4647 1323 4713 ejus
1353 4644 1721 4713 episcopatum
1763 4644 2005 4713 prmehi.
2045 4641 2103 4696 Si

531 4735 654 4804 quis
675 4746 853 4787 autem
879 4736 1168 4800 episcopus
1191 4733 1241 4784 in
1272 4731 1495 4799 proprio
1521 4731 1726 4783 honore
1750 4732 2099 4792 constitutus,

529 4842 630 4880 nec
671 4827 787 4878 vult
823 4827 1158 4889 remintiare,
1207 4841 1306 4877 nec
1347 4825 1623 4893 proprium
1682 4823 1939 4893 popululll
1984 4839 2102 4892 pas-

527 4929 672 4976 cere,
710 4914 805 4967 sed
838 4929 865 4965 a
891 4928 991 4965 suo
1026 4913 1340 4980 episcopatu
1370 4909 1649 4974 recedens,
1684 4911 1969 4979 plusquam
2006 4927 2101 4965 sex

528 5005 814 5058 mensibus
844 5003 895 5055 in
927 5004 1034 5056 alio
1066 5002 1184 5054 loco
1213 5001 1390 5070 degat,
1427 5016 1525 5054 nec
1553 5003 1700 5069 regio
1725 5002 1886 5070 jussu
1915 5005 2100 5056 deten-

531 5105 639 5158 tus,
659 5110 758 5147 nee
788 5095 870 5148 soi
892 5094 1212 5161 patriarchae
1234 5091 1535 5145 ministerio
1563 5094 1894 5156 deserviens,
1925 5109 2100 5162 neque

528 5203 556 5240 a
590 5187 740 5254 gravi
769 5187 980 5246 morbo,
1012 5195 1065 5239 et
1096 5185 1188 5253 qui
1223 5191 1279 5236 ut
1311 5185 1534 5237 omnino
1562 5183 1764 5236 moveri
1796 5199 1902 5236 non
1929 5185 2101 5252 possit

525 5278 738 5340 elliciat,
774 5284 1035 5338 retentus,
1074 5278 1118 5328 is
1150 5275 1291 5327 nulla
1323 5291 1389 5328 ex
1424 5291 1586 5342 supra
1617 5274 1720 5344 41
1753 5274 1908 5328 dictis
1935 5290 2098 5328 causa

527 5371 856 5440 prohibitus,
885 5379 938 5422 et
964 5383 993 5422 a
1028 5383 1129 5422 suo
1153 5367 1470 5436 episcopatu
1500 5367 1719 5430 absens,
1752 5375 1804 5418 et
1838 5365 1978 5417 ultra
2010 5382 2097 5418 se—

524 5472 725 5516 mestre
759 5470 972 5529 tempus
1005 5460 1059 5512 in
1091 5459 1200 5512 alio
1239 5459 1360 5512 loco
1390 5457 1611 5524 degens,
1641 5459 1709 5511 ab
1745 5457 1985 5525 episcopi
2013 5456 2099 5509 di-

524 5553 727 5622 gnitate
764 5560 818 5605 et
854 5553 1061 5605 honore
1097 5552 1322 5604 oninino
1375 5548 1719 5601 alienahitur.
1766 5547 1902 5599 Eum
1950 5547 2094 5600 enim

521 5645 613 5712 qui
639 5660 750 5698 sua:
779 5645 898 5698 ﬁdei
932 5644 1294 5697 Commissum
1327 5656 1541 5710 gregem
1579 5640 1799 5708 negligit
1831 5648 1883 5691 et
1907 5640 1959 5690 in
1988 5639 2095 5694 alio

522 5736 641 5792 lico
673 5753 838 5808 supra
881 5745 1146 5793 semestre
1184 5745 1399 5804 tempus
1448 5733 1634 5801 degit,
1664 5730 1862 5786 statuit
1904 5739 2091 5784 sancta

2206 4543 2314 4605 κῶς
2359 4542 2749 4611 ἐξεταζομένην
2794 4543 2872 4602 εἰς
2921 4539 3094 4608 πέρας
3145 4537 3374 4605 ἄγεσθαι
3411 4554 3424 4568 ⁸
3467 4534 3568 4590 εἷθ’
3607 4537 3777 4597 οὕτως

2207 4635 2348 4703 μετά
2378 4635 2476 4703 τὴν
2513 4633 2678 4686 αὐτοῦ
2731 4630 3072 4700 καθαίρεσιν,
3112 4630 3299 4698 ἕτερον
3353 4629 3470 4681 ἀντ’
3500 4628 3667 4683 αὐτοῦ
3699 4628 3776 4687 εἰς

2200 4729 2298 4798 τὴν
2348 4725 2651 4794 ἐπισκοπὴν
2698 4719 3145 4795 προὸιῦάζεσθαι.
3183 4722 3246 4772 Εἰ
3286 4721 3341 4774 δέ
3365 4739 3450 4782 τις
3509 4722 3616 4774 τῶν
3663 4723 3776 4772 ἐπι-

2205 4820 2422 4871 σκόπων
2463 4820 2519 4871 ἐν
2549 4820 2616 4886 τῇ
2652 4817 2758 4886 ἰδία
2790 4817 3175 4882 συνιστάμενος
3209 4815 3362 4883 τιμῇ,
3403 4815 3538 4884 μήτε
3583 4830 3776 4882 παραι-

2200 4906 2406 4957 τεῖσθαι
2437 4905 2697 4974 βούλοιτο,
2736 4904 2875 4973 μήτε
2925 4905 3017 4954 τὸν
3074 4903 3275 4955 οἰκεῖον
3317 4902 3492 4954 ἐθέλοι
3555 4902 3775 4970 ποιμαί-

2201 5015 2312 5050 νειν
2354 4997 2502 5059 λαὸν,
2545 4996 2676 5048 ἀλλὰ
2735 4997 2833 5065 τῆς
2902 4994 3108 5056 οἰκείας
3170 4994 3412 5054 ἀποστὰς
3451 4993 3773 5054 ἐπισκοπῆς,

2201 5090 2342 5160 ὑπὲρ
2382 5089 2443 5140 τὺ
2475 5089 2744 5156 ἑξάμηνον
2792 5089 2850 5140 ὲν
2903 5087 3073 5156 ἑτέρῳ
3127 5087 3390 5154 διατρίϐοι
3428 5086 3598 5156 τόπῳ,
3642 5088 3772 5154 μήτε

2198 5183 2318 5241 ταῖς
2373 5179 2467 5230 τοῦ
2512 5178 2710 5231 οἰκείου
2767 5179 3108 5248 πατριάρχου
3165 5179 3532 5246 λειτουργίαις
3577 5178 3778 5246 ὑπηρε-

2199 5272 2480 5340 τούμενος,
2528 5270 2664 5340 μήτε
2698 5272 2802 5338 μὴν
2836 5270 2939 5322 ὑπὸ
2975 5271 3134 5322 νόσου
3163 5269 3417 5340 χαλεπῶς
3449 5287 3504 5321 τε
3541 5269 3635 5320 καὶ
3665 5269 3776 5321 ἀκι-

2198 5364 2389 5430 νησίαν
2411 5360 2744 5430 ἐμποιούσης
2785 5361 3024 5432 πάντελῆ
3061 5362 3418 5430 συνεχόμενος
3441 5399 3455 5422 ,
3490 5361 3516 5411 6
3540 5357 3776 5419 τοιοῦτος

2199 5451 2289 5507 οῦν
2317 5455 2345 5504 ὁ
2378 5452 2516 5505 κατά
2547 5451 2818 5522 μηδεμίαν
2843 5450 2953 5505 τῶν
2989 5453 3293 5522 εἰρημένων
3324 5451 3649 5521 προφάσεων
3679 5464 3778 5500 κω-

2198 5545 2476 5612 λυόμενος,
2509 5544 2609 5612 τῆς
2661 5542 2870 5604 οἰκείας
2913 5544 3280 5613 ἀφιστάμενος
3328 5543 3652 5610 ἐπισκοπῆς,
3685 5540 3775 5590 καὶ

2200 5633 2356 5706 ύπὲρ⁹
2386 5637 2477 5690 τὸν
2523 5636 2882 5706 ἑξαμηνιαῖον
2934 5637 3124 5708 χρόνον
3154 5637 3210 5688 ὲν
3265 5636 3435 5704 ἑτέρῳ
3489 5630 3774 5700 διατρίϐων

2199 5730 2374 5800 τύπῳ,
2406 5730 2504 5800 τῆς
2544 5727 2638 5783 τοῦ
2669 5729 2973 5786 ἐπισκόπου
3004 5730 3169 5802 τιμῆς
3214 5747 3272 5783 τε
3306 5728 3398 5785 καὶ
3430 5725 3582 5792 ἀξίας
3617 5720 3765 5778 dif/.6.
