4122 6442
322 282 414 345 489
1144 266 1546 334 SYNTAGMA
1579 269 1877 335 CANONU

2024 295 2092 311 --
2129 269 2279 333 TIT.
2322 273 2372 347 Ι,
2401 276 2561 337 (ΑΡ.
2604 279 2703 340 VI.

3466 286 3572 351 490

322 388 669 464 τριωθήτεται
716 383 996 447 παντελῶς
1031 397 1047 414 ·
1077 382 1169 435 τὸν
1198 383 1305 452 γὰρ
1364 381 1466 451 τῆς
1500 380 1877 451 ἐμπιστευθεί.

1995 383 2255 451 synodus,
2286 393 2341 437 ut
2376 401 2403 437 a
2430 388 2759 453 sacerdotio,
2791 405 2888 459 per
2915 394 3056 461 quod
3092 410 3315 464 pascere
3347 401 3567 456 ordina-

328 499 415 552 σης
444 478 583 548 αὑτῷ
608 476 1017 546 καταμελοῦντα
1039 475 1297 545 ποίμνης,
1333 475 1428 527 καὶ
1460 475 1519 526 ἐν
1545 475 1722 544 ἐτέρῳ
1744 473 1885 543 ὑπὲρ

323 574 380 626 τὸ
416 570 679 640 ἑξάμηνον
729 566 1183 638 χρονοτριεοῠντα
1234 567 1407 635 τόπῳ,
1447 565 1646 637 ὥρισεν
1685 568 1718 636 ἡ
1755 565 1887 632 ἁγία

1997 484 2082 528 tus
2131 483 2237 537 est,
2294 477 2502 531 alienus
2543 480 2770 533 omnino
2820 486 3205 549 constituatur.
3259 500 3310 544 et
3356 491 3411 544 in
3453 493 3572 561 ejus

1995 562 2345 633 episcopatus
2374 567 2577 633 locum,
2608 571 2747 625 alius
2772 588 2870 641 pro
2900 574 3021 645 ipso
3053 593 3459 646 promoveatur.

322 664 526 721 σύνοδος
576 660 673 714 καὶ
704 659 805 730 τῆς
857 657 1269 729 ἀρχιερωσύνης
1323 659 1391 712 δι’
1444 648 1515 729 ἦς
1565 658 1880 727 ποιμαίνειν
1956 653 2184 724 ἐτάχθη,
2242 656 2524 719 παντελῶς
2597 662 2874 735 ἀλλότριον
2930 667 3281 737 καθεστάναι,
3336 677 3431 729 καὶ
3488 678 3571 731 είς

317 758 403 811 τὸν
426 750 584 808 αὑτοῦ
615 751 717 822 τῆς
764 751 1073 821 ἐπισκοπῆς
1122 752 1309 817 τόπον,
1339 750 1527 822 ἕτερον
1563 752 1679 806 ἀντ’
1720 747 1886 802 αὑτοῦ
1926 746 2392 818 προχειρίζεσθαι.

319 892 626 953 Βασιλείου
646 887 943 957 ἐπιστολὴ
971 887 1121 955 πρὸς
1158 886 1302 954 τοὺς
1350 888 1878 957 χωρεπισκόπους.

319 986 487 1042 Ὥστε
511 983 595 1054 μὴ
635 982 906 1053 γίνεσθαι
947 980 1127 1048 χωρὶς
1150 978 1362 1044 αὑτοῦ,
1393 978 1698 1047 ὑπηρέτας
1725 978 1885 1045 παρὰ

864 1071 1010 1137 τοὺς
1028 1073 1313 1137 κανόνας.

379 1169 521 1221 Πάνυ
550 1184 617 1237 με
640 1165 805 1219 λυπεῖ
832 1165 915 1218 ὅτι
940 1164 1319 1218 ἐπιλελοίπασι
1339 1162 1528 1216 λοιπὸν
1553 1163 1600 1215 οἱ
1633 1160 1742 1215 τῶν
1772 1159 1883 1212 Πα-

312 1262 476 1330 τέρων
519 1258 761 1320 κανόνες,
805 1258 899 1309 καὶ
927 1258 1077 1309 πᾶσα
1117 1255 1371 1327 ἀκρίϐεια
1399 1255 1507 1307 τῶν
1544 1250 1883 1323 Ἐκκλησιῶν

310 1350 660 1420 ἀπελήλαται,
715 1349 811 1400 καὶ
862 1346 1140 1416 φοϐοῦμαι
1198 1346 1271 1416 μὴ
1326 1346 1468 1398 κατά
1518 1344 1713 1415 μικρὸν
1779 1344 1884 1412 τῆς

311 1438 623 1506 ἀδιαφορίας
646 1437 850 1507 ταύτης
882 1437 986 1507 ὁδῷ
1016 1437 1332 1508 προϊούσης,
1359 1439 1440 1499 εἰς
1481 1436 1723 1506 παντελῆ
1751 1436 1882 1499 σύγ⁴

310 1548 457 1601 χυσιν
486 1529 615 1602 ἔλθῃ
648 1532 715 1582 τά
746 1529 845 1599 τῆς
894 1529 1220 1598 Ἐκκλησίας
1250 1529 1572 1600 πράγματα.
1602 1528 1743 1590 Τοὺς
1776 1527 1881 1579 ὑπ-

2283 888 2479 945 Basilii
2506 894 2731 962 epistola
2759 898 2830 950 ad
2863 898 3283 971 chorepiscopos.

1986 972 2141 1040 Quod
2177 978 2297 1046 ﬁeri
2330 995 2433 1034 non
2464 993 2667 1051 oportet
2695 989 2827 1051 sine,
2876 988 3015 1057 ipso,
3064 994 3339 1051 ministros
3381 1016 3569 1055 comm

2642 1091 2886 1133 canones.

2058 1157 2458 1218 Permolestum
2512 1166 2641 1219 mihi
2676 1179 2777 1235 est,
2823 1173 2970 1240 quod
3019 1174 3131 1245 jam
3174 1193 3418 1239 canones
3465 1185 3568 1240 Pa-

1984 1259 2131 1305 trum
2166 1253 2482 1322 defecerint,
2533 1274 2598 1314 ac
2635 1263 2924 1333 disciplina
2958 1271 3140 1326 omnis
3188 1288 3254 1327 ex
3304 1274 3565 1335 Ecclesiis

1986 1342 2176 1398 abat-ta
2202 1346 2309 1412 sit;
2336 1355 2390 1402 et
2416 1350 2583 1405 timeo
2636 1369 2703 1407 ne
2734 1359 3017 1424 paulatim,
3063 1364 3164 1417 hac
3204 1366 3563 1426 indifferentia

1985 1434 2386 1503 pregrediente,
2438 1454 2526 1495 res
2560 1444 2944 1503 ecclesiastica:
2974 1451 3028 1505 in
3066 1468 3335 1511 summam
3367 1460 3563 1514 confu-

1986 1526 2195 1580 sionem
2217 1529 2561 1587 delabantur.
2592 1534 2891 1595 Observata
2925 1544 3055 1598 olim
3080 1546 3135 1600 in
3171 1547 3262 1603 Dei
3302 1551 3563 1610 Eeelesiis

309 1619 627 1692 ηρετοῦντας
652 1621 718 1689 τῇ
735 1616 1052 1689 Ἑκκλησίᾳ,
1082 1619 1115 1689 ὴ
1140 1617 1306 1671 πάλαι
1331 1622 1448 1681 ταῖς
1468 1616 1563 1670 τοῦ
1591 1616 1725 1670 Θεοῦ
1758 1616 1877 1669 Ἐκ-

1982 1622 2342 1687 consuetudo,
2367 1625 2622 1682 Ecclesia:
2651 1631 2932 1691 ministros
2952 1639 3100 1692 omni
3127 1641 3402 1712 diligentia
3433 1663 3563 1716 pro-

308 1688 551 1782 κλησίαις
604 1688 1073 1782 ἐμπολιτευομένη
1108 1688 1111 1689 ν
1146 1712 1408 1782 συνήθεια
1499 1710 1640 1783 μετά
1684 1710 1871 1780 πάσης

2884 1688 2927 1691 η
3433 1688 3563 1716 ,ην-

1985 1709 2145 1766 batos
2180 1713 2547 1773 admittebat:
2598 1734 2663 1775 ac
2706 1722 2758 1776 in
2796 1740 3016 1782 omnem
3056 1745 3245 1787 eorum
3279 1737 3443 1791 vitam
3478 1754 3566 1793 se-

304 1801 585 1872 ἀκριϐείας
630 1802 998 1873 δοκιμάζουσα
1053 1803 1403 1873 παρεδέχετο,
1436 1804 1531 1856 καὶ
1568 1801 1882 1873 ἐπολυπρα-

301 1895 553 1964 γμονείτο
574 1895 723 1947 πᾶσα
739 1894 919 1948 αὐτῶν
940 1896 973 1963 ἡ
989 1894 1303 1965 ἀναστροφὴ
1322 1895 1370 1945 εἰ
1391 1895 1464 1965 μὴ
1480 1892 1708 1964 λοίδοροι
1720 1894 1879 1955 εἰσιν,

301 1986 349 2035 εί
387 1984 459 2054 μὴ
511 1984 765 2055 μέθυσοι,
793 1986 841 2037 ει
872 1986 946 2056 μὴ
981 1984 1262 2055 πρόχειροι
1285 1984 1419 2055 πρὸς
1454 1984 1554 2048 τὰς
1607 1983 1809 2054 μάχας,
1831 1983 1879 2036 εί

306 2075 748 2143 παιδαγωγοῦσιν
780 2076 985 2129 ἑαυτῶν
1003 2075 1101 2147 τὴν
1131 2075 1380 2145 νεότητα,
1409 2073 1549 2127 ὥστε
1578 2073 1880 2144 κατορθοῦν

305 2165 566 2218 δύνασθαι
610 2166 700 2220 τὸν
736 2166 1029 2234 άγιασμὸν,
1056 2158 1118 2218 οὗ
1148 2167 1321 2236 χωρὶς
1363 2165 1536 2228 οὐδεὶς
1570 2164 1759 2234 ὄψεται
1788 2163 1881 2217 τὸν

304 2255 505 2325 Κύριον
540 2272 555 2285 ·
596 2256 690 2308 καὶ
736 2255 897 2307 τοῦτο
922 2253 1184 2324 ἐξήταζον
1231 2253 1328 2323 μὲν
1387 2251 1751 2323 πρεσὸύτεροι
1785 2249 1881 2301 καὶ

300 2350 560 2412 διάκονοι,
590 2350 637 2401 οἱ
674 2348 1049 2409 συνοικοῦντες
1086 2346 1290 2412 αὐτοῖς,
1318 2343 1653 2414 ἐπανέφερον
1683 2342 1740 2394 δὲ
1768 2342 1881 2402 τοῖς

296 2439 765 2511 χωρεπισκὸποις,
790 2436 839 2490 οἳ
887 2437 986 2499 τὰς
1012 2436 1164 2503 παρά
1196 2435 1306 2488 τῶν
1352 2434 1625 2503 ἀληθινῶς
1675 2447 1880 2503 μαρτυει

296 2533 539 2603 ρούντων
580 2530 867 2600 δεξάμενοι
913 2529 1150 2599 ψήφους,
1181 2529 1276 2582 καὶ
1324 2528 1739 2626 ὑπομνησαντες
1789 2522 1881 2626 τδν

293 2625 618 2688 ἐπίσκοπον,
663 2615 835 2685 οὕτως
887 2621 1214 2692 ἐνηρίθμουν
1246 2620 1337 2672 τὸν
1362 2619 1643 2690 ὑπηρέτην
1671 2615 1749 2682 τῷ
1782 2614 1878 2667 τά·-

298 2734 466 2788 γματι
506 2714 593 2784 τῷ
624 2711 884 2785 ἱερατικῷ
913 2726 927 2742 ’
966 2712 1060 2765 νῦν
1087 2712 1147 2764 δὲ
1177 2712 1396 2782 πρῶτον
1426 2711 1526 2781 μὲν
1553 2709 1701 2779 ᾑμᾶς
1741 2724 1881 2777 παρφ

288 2810 591 2879 ωσάμενοι,
611 2806 705 2859 καὶ
731 2805 866 2876 μηδέ
880 2804 1245 2875 ἐπαναφέρειν
1269 2804 1402 2872 ἡμῖν
1425 2798 1874 2869 καταδεχόμενοι,

290 2903 367 2964 εἰς
384 2898 621 2962 ἑαυτοὺς
643 2897 741 2968 τὴν
760 2896 890 2965 ὅλην
910 2896 1307 2966 περιεστήσατε
1330 2891 1616 2946 αὑθεντίαν
1645 2906 1659 2920 ·
1688 2889 1879 2941 ἔπειτα

290 2991 859 3065 καταρῤᾳθυμοῦντες
885 2987 980 3043 τοῦ
1007 2983 1757 3060 πράγματος,πρεσ6υτέροις
1779 2980 1874 3035 καὶ

286 3086 562 3148 διακόνοις
590 3086 924 3156 ἐπετρέψατε
948 3084 1041 3147 οὓς
1069 3084 1135 3138 ἂν
1170 3082 1427 3135 ἐθέλωσιν
1450 3077 1559 3132 ἀπὸ
1582 3076 1875 3144 ἀνεξετάσ-

286 3190 378 3230 ’του
409 3175 528 3247 βίου
566 3176 710 3228 κατὰ
736 3175 1135 3245 προσπάθειαν,
1163 3173 1197 3244 ἢ
1228 3174 1327 3243 τὴν
1350 3172 1459 3225 ἀπὸ
1482 3167 1873 3239 συγγενείας,ῆ

283 3267 381 3339 τὴν
407 3268 469 3333 ἐξ
498 3267 671 3337 ἄλλης
704 3267 847 3331 τινὸς
882 3266 1087 3335 φιλίας,
1121 3264 1437 3333 ἐπεισάγειν
1463 3265 1531 3334 τῇ
1577 3259 1877 3329 Ἐκκλησία

283 3362 410 3425 τοὺς
459 3360 723 3425 ἀναξίους
758 3375 774 3390 ·
822 3359 902 3413 διὸ
945 3359 1132 3412 πολλοὶ
1171 3357 1271 3428 μὲν
1330 3356 1599 3427 ὑπηρέται
1647 3369 1875 3425 καταρι-

280 3451 559 3523 θμοῦνται
612 3452 733 3504 καθ’
761 3451 1000 3521 ἑκάστην
1034 3450 1247 3519 κώμην,
1279 3448 1427 3513 ἄξιος
1448 3447 1505 3501 δέ
1532 3444 1875 3516 λειτουργίας

283 3542 690 3613 θυσιαστηρίου
741 3542 936 3608 οὐδεὶς,
975 3542 1052 3604 ὼς
1102 3542 1261 3611 ὑμεῖς
1313 3540 1467 3641 αὐτοὶ
1522 3538 1872 3641 μαρτυρεῖτε,

279 3634 624 3705 ἀποροῦντες
656 3634 866 3704 ἀνδρῶν
896 3635 954 3685 ἐν
982 3634 1104 3695 ταῖς
1142 3629 1540 3701 ψηφηφορίαις.
1584 3628 1739 3681 Ἐπεὶ
1782 3628 1875 3680 οὖν

281 3727 391 3796 ὁρῶ
422 3727 486 3779 τὸ
514 3726 754 3796 πρᾶγμα
774 3725 960 3777 λοιπὸν
981 3726 1061 3787 εἰς
1085 3725 1383 3793 ἀνήκεστον
1406 3721 1614 3793 προϊὸν,
1642 3722 1876 3789 μάλιστα

278 3817 375 3870 νῦν
411 3818 529 3871 τῶν
562 3816 826 3871 πλείστων
855 3816 1005 3887 φόϐῳ
1022 3816 1123 3885 τῆς
1161 3813 1545 3885 στρατολογίας
1573 3811 1875 3864 είσποιούν-

277 3925 386 3962 των
427 3908 664 3971 ἑαυτοὺς
724 3910 789 3978 τῇ
857 3905 1149 3977 ὑπηρεσίᾳ,
1216 3903 1529 3971 ἀναγκαίως
1590 3898 1753 3974 ἦλθον
1795 3904 1874 3965 είς

276 4001 340 4053 τὸ
382 3998 809 4055 ἀνανεώσασθαι
854 4002 981 4062 τοὺς
1024 3999 1132 4052 τῶν
1187 3998 1446 4068 Πατέρων
1498 3997 1748 4062 κανόνας,
1779 3998 1874 4049 καὶ

277 4093 589 4146 ἐπιστέλλω
613 4093 741 4162 ὑμῖν
769 4092 1087 4145 ἀποστεῖλαί
1141 4109 1231 4163 μοι
1262 4092 1361 4163 τὴν
1400 4092 1725 4163 ἀναγραφὴν
1747 4091 1874 4145 ἐκά-

282 4202 426 4255 στης
468 4184 671 4255 κώμης
704 4185 811 4239 τῶν
835 4185 1271 4257 ὑπηρετούντων,
1309 4184 1403 4238 καὶ
1433 4185 1538 4237 ὑπὸ
1564 4185 1706 4247 τίνος
1733 4184 1878 4255 είσῆ-

276 4293 402 4330 κται
438 4278 678 4340 ἕκαστος
712 4279 807 4329 καὶ
829 4278 885 4329 ἐν
917 4278 1057 4348 ποίῳ
1103 4278 1203 4348 βίῳ
1246 4278 1415 4331 ἐστίν.
1450 4278 1642 4347 Ἔχετε
1685 4277 1742 4329 δὲ
1779 4276 1874 4329 καὶ

1985 1799 2115 1854 dulo
2144 1802 2563 1872 inquirebatur:
2590 1825 2777 1867 annon
2825 1827 3007 1873 essent
3063 1823 3333 1885 maledici.
3376 1844 3559 1885 annon

1983 1888 2209 1957 ebriosi,
2245 1908 2447 1950 annon‘
2472 1903 2707 1971 prompti
2738 1905 2805 1958 ad
2858 1923 3093 1979 pugnas,
3128 1928 3194 1967 an
3218 1915 3558 1983 iuventutem

1984 1996 2141 2037 suam
2190 1984 2490 2056 frenarent,
2554 1992 2630 2047 ita
2680 2003 2740 2049 ut
2787 2004 3234 2072 sanctimoniam,
3288 2012 3405 2065 sine
3451 2029 3563 2083 qua

1985 2072 2158 2130 Deum
2214 2094 2375 2135 nemo
2422 2083 2627 2140 videbit
2676 2087 2743 2153 δ’,
2777 2103 3037 2149 exercere
3085 2108 3330 2165 possent.
3382 2072 3563 2173 Atque

1992 2164 2097 2220 hoc
2130 2170 2509 2227 examinabaut
2540 2176 2761 2244 quidem
2793 2164 3101 2255 presbyteri
3128 2196 3182 2242 et
3207 2190 3444 2253 diaconi,
3468 2164 3561 2264 qui

1981 2272 2090 2312 una
2140 2272 2263 2315 cum
2320 2264 2455 2333 ipsis
2493 2266 2812 2326 habitabant
2856 2293 2869 2329 :
2908 2276 3221 2335 referebant
3264 2294 3445 2339 autem
3492 2288 3559 2341 ad

1983 2350 2432 2424 cliorepiscopos,
2461 2360 2553 2426 qui
2586 2376 2711 2416 cum
2737 2365 2996 2437 suil‘ragia
3028 2372 3250 2427 testium
3283 2378 3559 2433 veracium

1980 2445 2339 2513 accepissent.
2377 2463 2440 2504 ac
2464 2451 2780 2523 cpiscomtm
2810 2459 3245 2532 adinonuissent,
3265 2468 3346 2523 sic
3375 2485 3560 2525 sacra-

1981 2542 2163 2589 torum
2192 2552 2422 2594 numero
2454 2543 2764 2601 ministrum
2796 2553 3165 2610 ascribebant.
3198 2558 3353 2614 Nunc
3376 2572 3557 2618 autem

1980 2627 2222 2694 primum
2262 2632 2483 2700 quidem
2515 2654 2613 2693 nos
2639 2642 2974 2709 excluentes,
3000 2662 3064 2701 ac
3094 2663 3163 2704 ne
3192 2650 3395 2708 referre
3434 2659 3559 2724 qui-

1980 2718 2103 2773 dem
2156 2723 2222 2776 ad
2252 2740 2354 2781 nos
2399 2728 2625 2798 dignati,
2680 2748 2896 2789 omnem
2937 2737 2991 2792 in
3042 2745 3402 2813 vosmetipsos
3448 2718 3558 2821 ιε

1980 2815 2363 2872 auctoritatem
2398 2824 2797 2883 traustulistis:
2826 2829 3023 2886 deinde
3054 2850 3167 2888 rem
3195 2815 3555 2908 negligentes.

1979 2906 2319 2979 presbyteris
2345 2922 2399 2966 et
2421 2914 2669 2972 diaconis
2705 2920 3052 2990 permisistis,
3087 2935 3147 2979 ιιι
3167 2906 3303 2996 quos
3333 2906 3555 2998 vellent,

1978 2996 2090 3050 vita
2136 3014 2244 3055 non
2290 3006 2625 3072 examinata,
2657 3011 2959 3068 secundum
2986 3018 3155 3072 animi
3191 3020 3556 3090 affectionem,

1982 3098 2077 3143 aut
2122 3105 2190 3145 ex
2239 3100 2714 3167 consanguinitate
2755 3114 3077 3172 ortam,ant
3105 3125 3171 3164 ex
3222 3113 3326 3168 alia
3373 3115 3554 3186 aliqua

1984 3179 2248 3246 amicitia,
2267 3183 2319 3236 in
2345 3183 2645 3244 Ecclesiam
2676 3192 2933 3264 indignos
2960 3198 3387 3259 introducerent.
3416 3204 3559 3271 Qua-

1978 3281 2204 3341 propter
2227 3277 2379 3332 mnlti
2418 3281 2637 3349 quidem
2673 3285 2912 3342 ministri
2956 3289 3011 3344 in
3044 3307 3373 3363 unoquoque
3418 3314 3560 3370 pago

1977 3376 2377 3423 numerantur:
2434 3374 2526 3425 sed
2564 3374 2761 3443 dignus
2814 3380 3122 3437 ministerio
3178 3388 3430 3443 altarium
3487 3407 3557 3445 n-e

1976 3469 2121 3510 unus
2162 3458 2404 3527 quidem,
2452 3472 2511 3517 ut
2538 3479 2637 3521 vos
2689 3467 2789 3537 ipsi
2838 3473 3227 3543 testificamini,
3264 3478 3551 3538 hominum

1975 3548 2203 3613 penuria
2234 3550 2546 3610 laborantes
2585 3557 2637 3611 in
2676 3559 3057 3620 electionibus.
3087 3568 3356 3633 Quoniam
3386 3574 3556 3644 igitur

1975 3639 2134 3693 video
2168 3656 2280 3695 rem
2314 3643 2367 3696 in
2398 3648 2600 3704 malum
2629 3651 2741 3720 jam
2772 3655 3076 3713 insanabile
3099 3665 3373 3732 progredi,
3409 3682 3554 3723 nunc

1975 3732 2301 3798 praesertim,
2342 3750 2468 3791 cum
2517 3740 2738 3807 plurimi
2788 3745 2994 3801 militia-
3038 3762 3205 3815 metu,
3237 3754 3448 3824 seipsos
3496 3757 3554 3813 in

1978 3820 2349 3881 ministerium
2392 3830 2713 3898 conjiciant,
2759 3838 3072 3893 necessario
3105 3844 3312 3898 accessi
3353 3847 3420 3900 ad
3449 3846 3552 3902 Pa-

1978 3920 2122 3969 trum
2166 3933 2406 3975 canones
2464 3925 2851 3991 renovandos;
2918 3943 2981 3983 ac
3029 3932 3185 3986 vobis
3235 3936 3437 4002 scribo,
3497 3952 3557 3995 ut

1978 4008 2208 4064 mittatis
2265 4012 2400 4066 mihi
2470 4015 2781 4087 catalogum
2858 4020 3236 4080 ministrorum
3288 4030 3557 4102 cujusque

1975 4103 2122 4172 pagi,
2150 4114 2204 4156 et
2234 4120 2265 4158 a
2296 4122 2407 4172 quo
2442 4109 2677 4177 quisque
2702 4110 3051 4169 introductus
3082 4117 3173 4180 sit,
3207 4128 3262 4173 et
3287 4136 3407 4189 quae
3434 4124 3556 4193 ejus

1975 4194 2047 4247 sit
2086 4196 2301 4250 vivendi
2348 4200 2511 4254 ratio.
2562 4199 2766 4255 Habete
2796 4213 2975 4258 autem
3007 4215 3062 4261 et
3109 4209 3213 4278 ipsi
3264 4214 3409 4282 apud
3457 4232 3556 4272 vos

1978 4288 2309 4358 catalogutn,
2347 4301 2405 4344 ut
2435 4308 2558 4346 cum
2594 4294 2814 4364 scriptis
2850 4297 2992 4367 apud
3034 4315 3136 4354 nos
3171 4305 3425 4372 repositis
3460 4325 3553 4364 ve-

275 4371 435 4424 αὐτοὶ
476 4369 614 4440 παρ’
662 4372 879 4433 ἑαυτοῖς
913 4371 1013 4441 τὴν
1066 4372 1411 4443 ἀναγραφὴν,
1452 4371 1594 4424 ὥστε
1644 4370 1872 4440 συγκρί-

1980 4386 2089 4432 stra
2123 4380 2495 4448 conferantur,
2531 4400 2629 4441 nec
2657 4390 2916 4458 cuiquam
2954 4392 3112 4447 liceat
3134 4396 3395 4461 seipsum,
3426 4416 3551 4456 cum

275 4463 469 4516 νεσθαι
528 4465 644 4524 τοῖς
674 4464 805 4533 παρ’
856 4465 988 4534 ἡμῖν
1034 4464 1417 4533 ἀποκειμένοις
1452 4464 1745 4534 γράμμασι
1801 4461 1872 4515 τὰ

277 4553 554 4622 ὑμέτερα,
580 4554 675 4605 καὶ
695 4554 887 4625 μηδενὶ
906 4555 1312 4621 ἐξεῖναιὲαυτὸν
1339 4556 1428 4608 ὅτε
1454 4554 1703 4626 βούλεται
1723 4571 1884 4633 παρα,

296 4647 606 4715 εγγράφειν
630 4662 645 4676 ο
684 4644 828 4699 οὕτω
868 4647 967 4715 μέν
1006 4664 1088 4699 τοι
1144 4647 1282 4716 μετά
1308 4648 1409 4717 τὴν
1446 4650 1669 4719 πρώτην
1695 4647 1866 4700 ἐπινέ-

292 4754 489 4807 μησιν,
527 4735 583 4788 εἴ
619 4753 763 4800 τινες
817 4738 922 4790 ὑπὸ
967 4738 1355 4809 πρεσϐυτέρων
1390 4740 1742 4809 εἰσήχθησαν,
1780 4740 1876 4793 ἐπὶ

276 4828 407 4890 τοὺς
429 4826 659 4891 λαῖκοὺς
683 4828 1068 4899 ἁπορῤιφῶσιν
1089 4848 1103 4861 ο
1135 4829 1343 4884 ἄνωθεν
1368 4829 1426 4882 δὲ
1449 4831 1673 4900 γένηται
1695 4831 1875 4886 αὑτῶν

277 4921 413 4990 παρ’
442 4919 603 4988 ὑμῶν
631 4919 879 4984 ἐξέτασις
913 4938 927 4951 ο
965 4924 1070 4974 κᾶν
1098 4921 1195 4989 μὲν
1211 4921 1352 4983 ἄξιοι
1379 4916 1503 4986 ὦσι,
1533 4926 1599 4994 τῇ
1632 4925 1875 4997 ὑμετέρᾳ

277 5011 450 5082 ψήφῳ
482 5012 986 5083 παραδεχθήτωσαν
1025 5031 1038 5044 ·
1068 5016 1194 5068 ἐπεὶ
1228 5016 1564 5085 καθαρίσατε
1606 5015 1705 5086 τὴν
1748 5016 1874 5070 Ἐκ-

279 5101 545 5172 κλησίαν,
575 5103 700 5165 τοὺς
730 5104 983 5169 ἀναξίους
1010 5106 1178 5173 αὐτῆς
1208 5105 1605 5171 ἀπελαύνοντες
1627 5122 1643 5140 ο
1665 5108 1871 5162 καὶτοῦ

280 5192 505 5251 λοιποῦ.
539 5194 820 5258 ἐξετάζετε
858 5197 956 5266 μὲν
982 5197 1107 5260 τοὺς
1140 5197 1322 5262 ἀξίους
1356 5201 1451 5252 καὶ
1480 5200 1876 5271 παραδέχεσθε.

281 5285 378 5353 Μὴ
426 5286 791 5357 ἐπαριθμεῖτε
820 5289 876 5343 δὲ
917 5291 1047 5360 πρὶν
1094 5292 1174 5352 εἰς
1221 5290 1367 5360 ἡμᾶς
1391 5293 1776 5362 ἐπανενεγκεῖν

281 5378 614 5445 γινώσκετε,
643 5382 726 5435 ὅτι
755 5381 943 5446 λαῖκὸς
981 5384 1135 5437 ἔσται
1159 5387 1184 5437 ὁ
1204 5384 1329 5436 ἄνευ
1350 5387 1626 5457 ἡμετέρας
1650 5389 1875 5460 γνώμης

283 5468 368 5531 εἰς
409 5471 717 5543 ὑπηρεσίαν
752 5474 1134 5547 παραδεχθείς.

360 5644 411 5675 δ’
443 5644 605 5700 llclir.
640 5666 737 5714 xu,
774 5653 858 5707 Η.

588 5766 864 5831 Panum.
898 5773 1015 5831 (in.
1048 5768 1189 5832 CIV.

1975 4471 2231 4535 voluerit,
2265 4475 2589 4531 inscribere.
2622 4477 2698 4533 Ita
2739 4496 2893 4545 sane,
2942 4482 2989 4537 si
3039 4486 3133 4552 qui
3166 4497 3291 4555 post
3320 4492 3552 4557 primam

1978 4561 2330 4620 indictionem
2361 4582 2393 4621 a
2438 4569 2772 4640 presbyteris
2818 4572 3112 4631 introducti
3159 4578 3383 4645 fuerint,
3419 4584 3559 4639 inter

1980 4655 2151 4710 laicos
2204 4658 2544 4728 rejiciantur.
2586 4662 2785 4720 Eorum
2825 4680 3009 4726 autent
3041 4688 3268 4729 examen
3305 4677 3372 4731 de
3419 4680 3559 4735 inte.

1981 4761 2079 4816 gro
2110 4751 2356 4817 repetite,
2392 4760 2445 4806 et
2502 4753 2547 4807 si
2600 4755 2747 4825 digni
2795 4761 3014 4822 fuerint.
3066 4764 3326 4836 suifragio
3375 4780 3559 4824 vestro

1980 4836 2374 4904 suscipiantur.
2407 4837 2715 4912 Expurgate
2748 4844 3071 4917 Ecclesiatn,
3114 4852 3367 4920 indignos
3398 4872 3461 4909 ex
3494 4874 3557 4912 ea

1978 4926 2280 4996 ejicientes.
2332 4932 2511 5001 Atque
2546 4934 2600 4988 in
2647 4947 2925 5004 posterum
2959 4944 3269 4999 examinate
3312 4950 3556 5016 quidem,

1978 5021 2073 5090 qui
2105 5022 2254 5092 digni
2282 5023 2411 5088 sint,
2442 5034 2496 5079 et
2532 5041 2629 5082 eos
2660 5029 2968 5087 admittite:
2999 5036 3093 5089 sed
3137 5037 3291 5106 prius
3322 5057 3427 5094 non
3474 5059 3562 5096 as-

1980 5114 2195 5180 cribite,
2225 5131 2386 5184 quam
2411 5118 2479 5172 ad
2513 5135 2615 5175 nos
2640 5124 2976 5193 retuleritis;
3011 5138 3105 5183 aut
3138 5132 3330 5187 scit0te
3358 5136 3558 5190 laicunt

1981 5206 2227 5262 futurum
2264 5224 2407 5276 esse,
2438 5213 2533 5280 qui
2578 5214 2702 5272 sine
2750 5229 2940 5275 nostro
2966 5221 3173 5291 judicio
3221 5225 3273 5281 in
3309 5229 3560 5286 ministe-

1980 5299 2123 5354 rium
2161 5299 2327 5357 fuerit
2350 5304 2645 5363 admissus.

3257 5796 3328 5854 16
