4122 6450
563 285 662 349 491

705 393 890 464 Cyrilli
927 408 987 446 ex
1015 393 1234 460 cpistola
1266 392 1332 444 ad
1365 390 1492 443 Dum
1515 404 1621 441 tum
1667 402 1888 439 canones
1919 383 2042 448 1,5.

638 552 663 604 l
677 593 689 604 .
712 552 1061 622 Unaquaeque
1094 567 1181 605 res
1207 557 1412 610 nostra,
1432 544 1651 615 quando
1666 543 1853 597 ordine
1867 515 2132 595 canonico

563 653 714 697 recta
741 643 1005 712 procedit,
1043 643 1248 696 nullum
1281 639 1498 708 quidem
1531 639 1584 690 in
1643 635 1803 689 nubis
1838 633 2128 686 tumultum

563 733 871 804 ingencra',
906 743 958 787 et
986 749 1014 786 a
1063 732 1450 786 nonnullorum
1490 727 1866 781 maledicentia
1910 726 2127 788 liberat,

562 826 652 880 vel
708 825 890 893 potius
925 823 1032 894 43
1085 837 1271 876 eorum
1323 820 1415 889 qui
1462 821 1681 886 sapiunt
1719 818 1930 870 laudent
1973 818 2131 871 nobis

563 917 838 971 conciliat.
868 914 999 980 Quis
1031 913 1173 965 enim
1198 927 1304 964 non
1342 911 1536 972 obviis,
1566 919 1625 961 ut
1659 909 1834 973 aiunt,
1870 907 2013 961 ulnis
2036 923 2130 960 ex-

563 1010 732 1078 cipiat
761 1007 826 1060 de
858 1003 1132 1072 aliquibus
1161 1001 1427 1071 prolatam
1479 1000 1830 1064 sententiam,
1864 1014 1984 1065 qua:
2031 1013 2130 1050 nec

563 1099 668 1151 line
697 1111 795 1149 nec
833 1094 960 1147 illuc
992 1090 1322 1146 inclinetur?
1369 1089 1463 1142 Vel
1492 1088 1765 1156 quomodo
1803 1103 1908 1139 nun
1943 1087 2013 1139 sit
2060 1085 2128 1138 ab

559 1190 706 1243 omni
781 1184 1205 1254 reprehensione
1282 1182 1558 1245 alienum,
1615 1179 1697 1233 vel
1775 1178 1954 1247 potius
2013 1194 2129 1230 ma-

507 1274 515 1282 ’
558 1294 794 1350 guopere
853 1274 1209 1338 laudandum,
1259 1275 1305 1327 si
1358 1282 1504 1326 recte
1559 1269 1784 1339 etjuste
1814 1268 2130 1338 judieetur?

559 1372 625 1424 Et
679 1378 794 1422 lucc
849 1367 1072 1436 quidem
1133 1380 1281 1418 nunc
1334 1364 1517 1418 scribo
1575 1363 1640 1416 ad
1697 1361 1950 1430 pietatem
1983 1369 2126 1412 tuam

556 1478 676 1530 qua:
732 1461 784 1512 in
852 1456 1046 1511 litteris
1111 1456 1177 1509 ad
1235 1469 1322 1508 me
1379 1463 1433 1507 et
1479 1451 1948 1522 religiosissimum
2015 1449 2125 1503 fia-

556 1563 696 1606 trcm
733 1559 983 1603 nostrum
1041 1556 1097 1600 ct
1147 1547 1532 1614 coepiscopum
1616 1542 1866 1596 Prol-lum
1921 1541 2124 1604 missis,

553 1645 871 1712 episc0putn
935 1641 1156 1711 quidem
1216 1637 1482 1700 nominet,
1546 1636 1812 1704 imprimis
1853 1638 1998 1703 piqu
2063 1647 2126 1684 ac

1712 275 1966 338 PIIUTII
2015 274 2515 335 PATRIARCH/E
2547 273 2654 334 CP.

2168 399 2210 444 Α
2241 382 2541 449 Κυρίλλου
2587 382 2654 434 ἐκ
2694 378 2804 446 τῆς
2849 380 2999 448 πρὸς
3036 381 3264 448 Δόμνον
3313 381 3652 455 ἐπιστολῆς
3709 409 3807 444 κα-

3721 282 3815 346 49⁵2

2878 476 3000 525 νων
3016 479 3064 524 α’
3107 479 3155 540 γ’

2295 569 2353 614 α’
2376 562 2625 616 Ἕκαστα
2648 561 2752 614 τῶν
2792 563 2912 615 καθ’
2947 564 3090 631 ἡμᾶς
3118 565 3482 634 πραγμάτων,
3513 566 3643 620 ὅταν
3677 570 3802 624 εὐθὺ

2237 654 2511 724 φέρωνται
2535 654 2825 723 κανονικῆς
2851 655 3128 719 εὐταξίας,
3154 657 3347 709 οὐδένα
3383 656 3481 724 μὲν
3507 659 3636 728 ἡμῖν
3658 662 3800 714 ὲντί-

2234 764 2358 835 XTSt.
2373 747 2619 817 θόρυϐον,
2647 746 2978 800 ἀπαλλάττει
2999 747 3055 799 δὲ
3080 749 3170 801 καὶ
3196 751 3295 818 τῆς
3325 750 3476 819 παρά
3503 768 3665 805 τινων
3689 754 3810 806 δυσ-

2234 841 2464 908 φημίας,
2507 838 2706 908 μᾶλλον
2729 839 2785 890 δὲ
2814 839 2906 891 καὶ
2935 839 3031 902 τὰς
3064 841 3212 910 παρά
3242 842 3348 894 τῶν
3386 838 3445 894 εὖ
3478 844 3808 912 φρονούντων

2231 930 2506 999 εὐφημίας
2533 931 2662 999 ἡμῖν
2694 929 2962 1000 προξενεῖ.
2996 930 3092 991 Τίς
3125 931 3231 1000 γὰρ
3262 932 3359 984 οὑκ
3387 932 3451 985 ἂν
3499 935 3809 998 ἀποδέξαιτο

2231 1023 2408 1091 ψῆφον
2430 1021 2783 1090 ἀπροσκλινῆ,
2801 1023 2944 1094 ἥπερ
2968 1023 3031 1074 ἂν
3062 1023 3269 1088 γένοιτο
3293 1023 3418 1092 περί
3440 1041 3598 1076 τινων
3619 1042 3632 1088 ;
3651 1027 3680 1094 ἢ
3697 1019 3807 1088 πῶς

2230 1111 2290 1162 τὸ
2312 1112 2512 1180 κρίνειν
2529 1110 2702 1179 ὀρθῶς
2726 1113 2819 1162 καὶ
2837 1113 3074 1180 ἐννόμως
3101 1111 3201 1163 οὑκ
3216 1112 3618 1180 ἀνεπίπληκτον
3638 1115 3806 1180 furat,

2235 1202 2433 1270 μᾶλλον
2455 1201 2510 1253 δὲ
2532 1201 2730 1263 παντὸς
2751 1201 2974 1254 ἐπαίνου
3009 1201 3230 1270 μεστόν.
3259 1203 3367 1253 Καὶ
3392 1204 3563 1255 ταῦτα
3614 1207 3804 1274 γράφω

2230 1291 2342 1343 νυνί
2375 1308 2387 1320 ·
2419 1292 2516 1360 τῆς
2552 1290 2651 1360 σῆς
2705 1289 3012 1353 θεοσεϐείας
3037 1292 3093 1342 ἐν
3124 1294 3235 1353 τοῖς
3287 1292 3480 1343 ἑαυτοῦ
3526 1293 3807 1362 γράμμασι

2229 1386 2340 1446 τοῖς
2377 1383 2616 1435 σταλεῖσι
2651 1381 2785 1452 πρὸς
2817 1382 2918 1450 ἐμέ
2967 1398 3026 1433 τε
3063 1384 3158 1434 καὶ
3180 1383 3272 1434 τὸν
3309 1384 3602 1435 ὁσιώτατον
3628 1402 3684 1436 τε
3709 1387 3800 1438 καὶ

2231 1473 2638 1541 θεοφιλέστατον
2682 1473 2906 1540 ἀδελφὸν
2927 1472 3082 1542 ἡμῶν
3112 1474 3206 1524 καὶ
3251 1473 3643 1526 συνεπίσκοπον
3665 1476 3804 1545 Πρό-

2229 1565 2375 1624 κλον,
2405 1563 2701 1615 ἐπίσκοπον
2754 1561 2854 1631 μὲν
2886 1560 3280 1629 ὀνομαζούσης,
3311 1560 3400 1612 τὸν
3425 1561 3810 1612 εύλαὸέστατον

2233 1655 2327 1704 καὶ
2359 1650 2784 1702 θεοσεϐέστατον
2832 1650 3036 1718 Πέτρον
3063 1666 3075 1679 ·
3103 1649 3264 1702 αὐτοῦ
3301 1649 3355 1702 δὲ
3389 1649 3684 1713 κλαίοντος,
3718 1652 3806 1702 καὶ

555 1735 868 1803 religiosum
913 1732 1130 1786 Petrum
1167 1748 1180 1783 :
1214 1744 1341 1783 cum
1397 1729 1517 1796 ipse
1564 1726 1910 1785 lamentetur,
1963 1739 2131 1790 seque

2232 1745 2329 1813 τῆς
2351 1743 2745 1812 ἐκνεμηθείσης
2774 1740 3099 1809 Ἐκκλησίας
3130 1740 3275 1810 αὐτῷ
3301 1741 3626 1809 παραλόγως
3662 1757 3813 1810 κεκι.⁸

555 1822 624 1876 ab
656 1821 896 1876 Ecclesia
925 1820 1028 1875 sibi
1055 1818 1317 1872 attributa
1347 1826 1540 1884 praeter
1570 1815 1836 1866 rationein
1888 1813 2124 1880 ejectum

560 1928 687 1967 esse
716 1913 880 1968 dicat.
917 1910 1044 1964 Erat
1073 1921 1252 1963 autem
1281 1915 1716 1962 consentaneum
1746 1912 1804 1957 ut
1824 1904 1904 1956 vel
1943 1917 2128 1957 sacer-

556 2005 690 2059 dotii
721 2019 919 2058 nomen
947 2017 1070 2056 cum
1097 2017 1154 2054 re
1178 2001 1420 2064 haberet,
1453 1998 1555 2059 vel,
1587 1997 1632 2052 si
1665 2011 1774 2049 non
1797 1994 2128 2061 eratdignus

558 2105 616 2151 ut
643 2095 803 2149 altari
833 2101 1121 2162 prmesset,
1152 2105 1251 2144 nec
1283 2089 1399 2157 ipsa
1431 2087 1648 2157 quidem
1705 2085 1997 2154 episcopus
2031 2099 2128 2137 vo-

556 2191 770 2242 catione
797 2187 994 2254 dignus
1027 2184 1341 2237 haberetur.
1376 2179 1480 2233 Sed
1513 2179 1567 2232 id
1604 2177 1835 2231 fortasse
1869 2176 2013 2245 quod
2041 2175 2126 2228 di-

556 2295 644 2345 co,
675 2279 873 2332 durtnn
899 2291 1020 2330 esse
1043 2285 1095 2328 et
1126 2272 1414 2327 cliuritatis
1456 2285 1650 2338 expers
1689 2267 1982 2323 videbitur.
2022 2265 2128 2320 Res

557 2379 740 2424 autem
783 2381 970 2420 revela
1027 2379 1135 2418 non
1180 2365 1254 2416 ita
1286 2378 1346 2414 se
1402 2362 1581 2414 liabet.
1633 2357 1746 2412 Nos
1781 2357 1924 2410 enim
1983 2355 2127 2409 senis

560 2463 746 2530 utique
786 2457 1032 2513 misereri
1076 2466 1352 2526 putamus,
1391 2455 1434 2507 si
1460 2451 1635 2507 solum
1694 2449 1744 2503 ei
1773 2464 1969 2502 nomen
2004 2446 2130 2500 reli-

562 2548 1004 2621 queritnus;sed
1060 2546 1232 2599 multo
1289 2543 1482 2597 melius
1539 2549 1656 2595 erat
1707 2539 1850 2592 aliud
1910 2551 2127 2607 quoque

559 2642 930 2698 considerare.
983 2638 1130 2694 Dicit
1165 2639 1309 2691 enim
1369 2651 1426 2689 se
1476 2649 1632 2688 suam
1690 2631 1912 2700 quidem
1969 2644 2131 2698 posse

559 2749 780 2788 causam
824 2732 1076 2802 probare,
1124 2737 1179 2782 at
1216 2726 1548 2781 delensionis
1603 2737 1816 2790 tempus
1849 2719 1957 2773 sibi
2023 2735 2128 2771 non

562 2840 685 2880 esse
717 2826 924 2886 datum,
961 2835 1061 2875 nec
1102 2817 1436 2872 auditionem
1473 2813 1792 2868 canonicam
1828 2810 1931 2862 sibi
1963 2809 2132 2862 fuisse

565 2929 906 2971 concessam.
940 2912 1036 2966 Sin
1062 2919 1246 2966 autem
1279 2909 1382 2962 tale
1407 2907 1533 2976 quid
1565 2905 1770 2958 factum
1814 2910 1979 2967 esset,
2016 2901 2132 2968 ipsa

562 3016 812 3060 actorum
852 3002 1136 3073 productio
1161 3014 1288 3054 eum
1321 2996 1651 3053 convieisset
1715 3008 1868 3047 reum
1904 2989 2132 3059 imposi-

565 3109 743 3153 torum
773 3095 877 3166 ipsi
932 3094 1251 3151 criminum,
1287 3106 1382 3143 nec
1434 3095 1577 3142 esset
1610 3084 1754 3154 quod
1809 3100 1868 3138 se
1931 3082 2133 3150 injuria
2161 3075 2202 3129 C

565 3188 824 3243 allectum
854 3192 1173 3255 quereretur
1198 3199 1212 3248 ;
1234 3181 1316 3234 vel
1351 3187 1498 3232 certe
1528 3175 1837 3230 absolutum
1877 3187 2001 3225 eum
2035 3171 2133 3224 de-

567 3281 809 3343 elarans,
838 3291 1029 3330 rursus
1081 3274 1406 3328 concederet
1464 3277 1522 3322 ut
1569 3276 1825 3338 prmesset
1878 3261 2136 3317 Ecclesia:

566 3386 689 3440 quae
714 3369 788 3422 illi
821 3367 1063 3436 subjecta
1092 3363 1215 3418 fuit.
1243 3363 1380 3416 Cum
1412 3369 1594 3414 autem
1643 3356 1779 3410 nihil
1810 3353 2012 3409 factum
2065 3351 2137 3406 sit

569 3459 857 3530 ejusmodi,
890 3460 956 3512 de
984 3473 1040 3510 re
1059 3457 1274 3524 quidem
1305 3455 1410 3506 alta
1446 3466 1573 3505 voce
1600 3448 1867 3517 queritur,
1895 3454 1948 3499 et
1994 3445 2137 3496 into-

569 3554 853 3612 lerabiletn
915 3551 1166 3621 injuriaiu
1215 3563 1274 3602 se
1330 3545 1462 3599 dicit
1512 3543 1810 3610 accepisse,
1851 3548 1906 3591 et
1949 3538 2136 3603 inique

565 3647 798 3715 ejectum
864 3657 1006 3705 esse,
1064 3639 1325 3708 adjiciens
1390 3649 1504 3688 rem
1544 3647 1760 3685 onmem
1816 3628 2134 3681 familiarem

569 3752 725 3792 suam
760 3735 1065 3802 ademptam
1098 3731 1200 3784 sibi
1232 3729 1424 3781 fuisse.
1468 3723 1585 3777 Tua
1617 3723 1798 3790 itaque
1848 3721 2132 3779 sanctitas,

567 3821 924 3876 considerans
953 3818 1176 3887 etquod
1210 3813 1318 3886 44.
1359 3813 1560 3867 divinis
1607 3810 1906 3863 canonibus
1960 3806 2136 3861 Sanci-

569 3927 681 3970 tum
703 3923 806 3978 est,
831 3913 1048 3982 etquod
1090 3910 1348 3963 Erclesia:
1379 3904 1657 3966 convenit,
1694 3902 1867 3971 iisque
1897 3901 1988 3968 qui
2009 3905 2136 3951 sunt

568 4009 621 4060 in
653 4019 813 4061 sacro
855 4003 1160 4058 ministerio
1186 3999 1406 4061 initiati,
1448 4007 1501 4049 et
1534 4005 1848 4049 nostrarum
1876 4003 2134 4060 praeterea

564 4098 870 4153 litterarum
901 4095 1168 4149 rationem
1196 4092 1423 4151 ducens,
1454 4088 1614 4142 sistat
1650 4085 1797 4139 senis
1826 4073 2131 4151 lacrynias;

563 4191 686 4244 etsi
712 4189 841 4242 velit
899 4187 1116 4256 quidem
1173 4198 1296 4236 cum
1327 4181 1394 4234 iis
1424 4179 1630 4249 judicio
1683 4174 2011 4230 contendete
2042 4171 2135 4238 qui

565 4281 796 4337 crimina
827 4279 1024 4332 incum
1050 4276 1368 4338 intendunt,
1409 4271 1550 4341 apud
1585 4269 1934 4324 sanctitatem
1986 4276 2131 4318 tuam

569 4388 664 4440 μεο
703 4386 858 4423 more
887 4369 1078 4439 litiget,
1125 4382 1234 4420 una
1262 4364 1469 4419 scilicet
1495 4358 1875 4416 assistentibus
1901 4356 1993 4426 qui
2040 4355 2131 4408 tibi

565 4466 800 4519 subsunt
852 4459 1128 4530 episcopis
1200 4456 1303 4512 nisi
1345 4455 1486 4508 forte
1545 4453 1757 4520 aliquos
1812 4457 2028 4502 recusat
2076 4457 2132 4499 ut

563 4559 874 4619 suspector.
902 4545 1122 4600 Nullum
1154 4543 1298 4598 enim
1336 4539 1875 4610 religiosissimorum
1916 4536 2127 4602 episeo-

567 4655 757 4710 porum
809 4640 862 4690 in
921 4637 1145 4688 l'ratrrm
1194 4631 1418 4685 inimico
1452 4643 1576 4683 esse
1617 4629 1800 4681 animo
1833 4624 2131 4678 credimus.

567 4727 644 4782 Ne
677 4736 860 4780 autem
891 4725 977 4778 liic
1027 4730 1318 4792 prwtextus
1367 4719 1610 4772 futurum
1667 4716 1733 4769 de
1770 4731 1835 4768 eo
1865 4713 2134 4784 judicium

565 4821 849 4882 dissolvat,
883 4824 944 4870 ut
993 4830 1101 4867 non
1140 4812 1259 4882 jure
1291 4811 1647 4864 factumesse
1702 4806 1970 4868 videatur,
2025 4818 2133 4855 non

567 4925 727 4979 grave
759 4917 841 4963 est
889 4923 918 4960 a
973 4919 1236 4960 consessu
1295 4903 1488 4957 abesse
1529 4915 1718 4954 eorum
1761 4898 1855 4968 qui
1896 4895 2132 4966 suspecti

568 5008 694 5055 sunt
731 4999 963 5067 aliquos.

638 5162 692 5214 ὖ.
716 5154 1347 5211 Rcuuntiationisautcm
1369 5149 1578 5204 libellos
1609 5163 1714 5202 non
1738 5161 1836 5202 sua
1860 5143 2136 5198 voluntate

569 5252 666 5306 sed
699 5249 862 5304 veluti
896 5249 943 5302 vi
977 5263 1040 5300 ac
1076 5253 1244 5310 metu,
1285 5252 1339 5297 et
1382 5242 1690 5310 aliquorum
1741 5235 1904 5292 minis
1928 5250 1984 5289 se
2023 5247 2134 5286 tra-

569 5343 775 5397 didisse
805 5340 955 5394 dicit.
985 5336 1104 5392 Jaui
1142 5352 1268 5391 vero
1292 5336 1395 5389 alia
1416 5349 1635 5404 quoque
1664 5347 1753 5385 res
1780 5337 2020 5396 est,quw
2041 5342 2133 5380 cc-

566 5432 887 5489 clesiasticze
917 5429 1301 5486 consuetudini
1347 5444 1455 5481 non
1490 5427 1683 5495 placet,
1727 5423 1922 5477 oﬂ'erre
1952 5436 2134 5476 sacer.

563 5523 718 5577 dotes
754 5521 967 5589 aliquos
1025 5515 1445 5573 renuntiationis
1478 5513 1712 5567 libellos.
1761 5509 1896 5564 Nam
1927 5509 1972 5562 si
2007 5515 2135 5563 sunt

561 5611 711 5679 digni
741 5610 833 5678 qui
883 5622 1036 5662 sacra
1085 5604 1347 5673 iuystetia
1380 5601 1601 5662 obeant,
1629 5600 1682 5652 in
1733 5599 1801 5653 iis
1833 5606 2128 5658 maneant;

563 5705 644 5754 sin
667 5711 842 5754 autem
875 5696 1104 5769 indigni,
1130 5711 1229 5751 nec
1265 5710 1360 5764 per
1414 5690 1875 5747 renuntiatiouem
1909 5687 2130 5758 quidem

2234 1836 2428 1906 νῆσθαι
2461 1837 2732 1902 λέγοντος.
2761 1828 2868 1885 Ἦν
2890 1833 2932 1885 δ’
2957 1832 3268 1896 ἀκόλουθον,
3299 1831 3332 1901 ἢ
3362 1832 3420 1884 τὸ
3451 1831 3550 1900 τῆς
3587 1831 3805 1901 ἱερωσύ-

2234 1952 2328 2003 νης
2360 1933 2532 2001 ὄνομα
2567 1919 2706 2001 μετά
2737 1930 2831 1982 τοῦ
2859 1931 3180 2001 πράγματος
3206 1928 3348 1998 ἔχειν
3392 1928 3576 1991 αὑτὸν,
3611 1928 3643 1996 ἢ
3681 1926 3807 1994 γοῦν

2235 2027 2392 2094 εἰπερ
2425 2019 2492 2093 ἦν
2522 2024 2672 2088 ἄξιος
2711 2022 2804 2074 τοῦ
2857 2024 2930 2090 μὴ
2968 2022 3297 2092 προεστάναι
3327 2018 3471 2070 θείου
3524 2016 3806 2086 θυσιαστη-

2240 2115 2378 2186 ρίου,
2410 2115 2530 2184 μηδ’
2558 2113 2692 2183 αὐτῇ
2723 2112 2986 2181 τιμᾶσθαι
3024 2114 3088 2182 τῇ
3117 2110 3307 2180 κλήσει
3335 2110 3432 2178 τῆς
3454 2107 3761 2176 ἐπισκοπῆς
3788 2123 3800 2138 ·

2235 2206 2348 2262 ἀλλ’
2379 2207 2507 2269 ἴσως
2547 2207 2746 2270 δόξειέν
2782 2206 2847 2258 ἂν
2874 2207 2939 2274 τῇ
2971 2207 3036 2274 σῇ
3067 2201 3369 2270 θεοσεϐείᾳ,
3401 2198 3638 2268 σκληρὸς
3669 2194 3805 2250 εἷναί

2233 2317 2317 2362 τις
2343 2298 2438 2352 καὶ
2471 2295 2830 2366 ἀφιλάλληλος
2855 2299 2883 2348 ὁ
2917 2296 3048 2366 παρ’
3070 2293 3203 2364 ἐμοῦ
3230 2293 3407 2359 λόγος.
3433 2292 3588 2360 Ἔχει
3629 2291 3685 2344 δὲ
3712 2291 3806 2359 οὐχ

2235 2391 2376 2444 οὕτω
2399 2390 2540 2443 κατά
2565 2389 2625 2441 τὸ
2656 2388 2878 2456 ἀληθές.
2923 2387 3171 2457 Ἐλεῆσαι
3205 2385 3312 2454 γὰρ
3343 2383 3484 2452 τάχα
3514 2399 3620 2435 που
3654 2381 3804 2450 νομί-

2237 2482 2400 2552 ζομεν
2431 2480 2520 2533 τὸν
2558 2479 2892 2549 πρεσϐύτην,
2929 2479 3096 2548 μόνην
3131 2476 3398 2544 αὐτῷτὴν
3431 2473 3625 2544 κλῆσιν
3647 2471 3808 2539 ἀφέν-

2235 2591 2326 2636 τες
2360 2591 2373 2605 °
2415 2572 2610 2642 μακρῷ
2642 2566 2789 2642 δὲῆν
2826 2570 3048 2641 ἄμεινον
3083 2568 3335 2637 ἐννοῆσαι
3369 2568 3463 2618 καὶ
3494 2565 3555 2617 τὸ
3577 2563 3761 2632 ἕτερον
3785 2576 3799 2590 ⁸

2238 2667 2436 2736 φάσκει
2459 2665 2590 2732 γὰρ,
2621 2661 2882 2716 δύνασθαι
2929 2660 3028 2732 μὲν
3064 2660 3329 2727 συστῆναι
3355 2659 3423 2728 τῇ
3453 2655 3635 2726 οίκεία
3672 2655 3808 2706 ὑπο-

2235 2757 2416 2827 λήψει,
2453 2755 2513 2808 οὐ
2534 2754 2715 2807 λαϐεῖν
2737 2754 2792 2807 δὲ
2823 2752 3011 2822 καιρὸν
3043 2750 3340 2824 ἀπολογίας
3369 2765 3383 2778 ·
3412 2747 3539 2803 οὔτε
3567 2747 3674 2816 μὴν
3719 2746 3808 2796 ἀκ-

2241 2851 2423 2918 ρόασιν
2455 2847 2602 2917 αύτῷ
2650 2845 2993 2914 προτεθεῖναι
3040 2841 3350 2911 κανονικήν.
3390 2840 3454 2892 Εἰ
3485 2839 3545 2892 δὲ
3571 2835 3808 2905 ἐγεγόνει

2237 2957 2290 2992 τι
2311 2937 2570 3003 τοιοῦτον,
2594 2935 2732 3006 αὑτὴ
2758 2937 2865 2989 τῶν
2894 2935 3301 3005 ὑπομνημάτων
3339 2932 3373 3001 ἡ
3427 2945 3690 2990 συστασις
3729 2926 3809 2978 δι-

2244 3027 2471 3100 ήλεγξεν
2512 3027 2576 3081 ἂν
2610 3027 2792 3090 αὑτὸν,
2826 3025 2860 3096 ἢ
2895 3026 3088 3079 ἁλόντα
3136 3026 3249 3088 τοῖς
3281 3023 3602 3091 αἰτιάμασιν
3635 3020 3812 3088 ἔνοχον

2240 3116 2718 3187 ἀποπεφασμένον,
2752 3117 2845 3168 καὶ
2884 3115 3035 3168 οὐδὲν
3058 3113 3252 3184 ἔχοντα
3296 3112 3483 3165 λοιπὸν
3527 3112 3701 3164 εἰπεῖν
3735 3109 3808 3170 ὡς

2237 3210 2560 3280 ἠδικημένον
2590 3224 2603 3238 ε
2631 3209 2665 3278 ἢ
2697 3206 2826 3275 γοῦν
2848 3205 3131 3275 ἐλεύθερον
3172 3204 3520 3273 ἀποφήνασα,
3556 3201 3631 3265 ὡς
3655 3201 3814 3253 πάλιν

2238 3299 2407 3353 ἐδίδου
2458 3300 2518 3351 τὸ
2563 3299 2894 3369 προεστάναι
2943 3297 3041 3365 τῆς
3098 3294 3446 3364 Ἰἰκκλησίας,
3482 3293 3517 3362 ἢ
3578 3294 3674 3345 καὶ
3715 3289 3818 3342 ὑπὸ

2237 3394 2395 3462 χεῖρα
2450 3392 2639 3459 γέγονε
2693 3390 2792 3458 τὴν
2837 3387 3000 3440 αὑτοῦ
3048 3402 3062 3416 ο
3119 3386 3330 3447 οὐδενὸς
3375 3384 3433 3437 δὲ
3483 3379 3819 3453 πεπραγμέ-

2237 3499 2327 3534 νου
2346 3480 2585 3533 τοιούτου
2619 3519 2635 3545 ,
2702 3477 2945 3546 καταϐοᾷ
3005 3475 3100 3528 τοῦ
3169 3476 3494 3546 πράγματος
3533 3515 3552 3540 ,
3607 3472 3818 3526 ἀδικίαν

2236 3573 2506 3643 ἀφόρητον
2546 3569 2841 3640 ὑποστῆναί
2897 3584 3050 3639 φησι,
3101 3567 3197 3620 καὶ
3244 3568 3499 3632 ἀθέσμους
3557 3563 3818 3631 έκδΕδλῆ⁶

2241 3666 2410 3729 σθαι,
2455 3663 2817 3733 προσεπάγων
2883 3662 2962 3714 ὄτι
3029 3661 3122 3713 καὶ
3179 3658 3437 3730 ἡρπάσθη
3502 3659 3689 3711 πάντα
3750 3655 3816 3707 τά

2239 3756 2389 3825 αὑτῷ
2431 3754 2779 3824 προσήκοντα
2807 3753 3088 3822 χρήματα.
3123 3751 3189 3802 'll
3219 3752 3284 3821 σὴ
3333 3749 3631 3819 τοιγαροῦν
3675 3745 3814 3800 ὁσιό-

2234 3863 2334 3916 της
2385 3845 2637 3898 ἐννοοῦσα
2667 3843 2760 3896 καὶ
2788 3843 2848 3894 τὸ
2878 3843 2990 3904 τοῖς
3044 3839 3209 3901 θείοις
3255 3837 3443 3892 κανόσι
3484 3837 3700 3900 δοκοῦν,
3726 3835 3815 3886 καὶ

2234 3939 2296 3991 τὸ
2327 3937 2535 4006 πρέπον
2591 3933 2885 4004 Ἐκκλησία
2912 3932 3006 3984 καὶ
3039 3932 3151 3992 τοῖς
3174 3928 3525 3997 τεταγμένοις
3557 3930 3640 3991 εἰς
3669 3924 3814 3996 ἱερὰν

2236 4028 2600 4096 λειτουργίαν,
2629 4024 2708 4075 ἔτι
2738 4040 2797 4075 τε
2839 4022 2973 4091 πρὶς
3014 4019 3225 4082 τούτοις
3259 4024 3353 4071 καὶ
3380 4019 3446 4071 τὰ
3480 4019 3616 4088 παρ’
3659 4016 3812 4086 ἡμῶν

2234 4119 2616 4190 δυσωπηθεῖσα
2672 4118 2995 4188 γράμματα,
3049 4115 3300 4184 στησάτω
3352 4113 3446 4165 τοῦ
3502 4111 3810 4182 πρεσϐύτου

2234 4217 2294 4270 τὸ
2319 4217 2569 4286 δάκρυον.
2611 4215 2720 4266 Καὶ
2747 4215 2794 4265 εἰ
2831 4211 2927 4282 μὲν
2953 4211 3126 4263 ἕλοιτο
3157 4207 3483 4262 δικάσασθαι
3521 4209 3662 4278 πρὸς
3690 4205 3810 4265 τοὺς

2237 4307 2543 4374 ἐπάγοντας
2571 4303 2719 4374 αύτῴ
2748 4304 2844 4365 τὰς
2869 4300 3066 4363 αἰτίας,
3101 4298 3403 4362 δικαζέσθω
3429 4299 3574 4350 κατὰ
3597 4298 3656 4350 τὸ
3687 4297 3808 4348 εἰω-

2166 4411 2210 4467 ι)
2240 4398 2328 4460 Ob;
2363 4397 2456 4448 ἐπὶ
2481 4397 2577 4466 τῆς
2607 4396 2705 4463 σὴς
2760 4393 3087 4456 θεοσεϐείας,
3139 4390 3535 4460 συμπαρόντων
3571 4387 3806 4459 δηλονότι

2233 4488 2340 4541 τῶν
2365 4489 2469 4541 ὑπὸ
2489 4488 2587 4556 τὴν
2614 4486 2782 4555 αὐτῆς
2809 4486 2967 4555 χεῖρα
2989 4482 3430 4535 θεοσεϐεστάτων
3449 4479 3766 4532 ἐπισκόπων
3789 4489 3804 4504 ⁸

2235 4581 2413 4644 ἐκτὸς,
2452 4582 2500 4632 εἰ
2535 4579 2608 4650 μὴ
2635 4576 2953 4647 παραιτοίτό
2980 4591 3132 4636 τινας
3161 4572 3234 4636 ὡς
3266 4572 3542 4633 ὑπόπτους
3582 4587 3598 4603 ο
3624 4567 3807 4621 οὐδένα

2211 4673 2339 4742 ’μὲν
2373 4671 2481 4742 γὰρ
2522 4671 2628 4723 τῶν
2651 4668 3084 4721 θεοσεϐεστάτων
3122 4665 3435 4718 ἐπισκόπων
3468 4661 3639 4734 ἐχθρὰ
3681 4675 3807 4729 φρο-

2235 4767 2345 4816 νεῖν
2381 4761 2595 4831 ἀδελφῷ
2628 4759 2975 4829 πιστεύομεν.
3003 4758 3122 4811 Ἵνα
3162 4757 3217 4809 δὲ
3246 4757 3320 4826 μὴ
3352 4755 3622 4825 πρόφασις
3671 4750 3805 4818 αὕτη

2235 4857 2461 4924 γένηται
2500 4854 2596 4928 τὴν
2621 4851 2887 4921 ἐσομένην
2914 4850 2999 4902 ἐπ’
3028 4850 3177 4918 αὐτῷ
3212 4849 3393 4919 κρίσιν
3425 4864 3500 4898 πα
3513 4844 3804 4916 ραλύουσα,

2236 4946 2374 5016 πρὸς
2404 4946 2465 4998 τὸ
2498 4945 2574 5015 μὴ
2606 4945 2663 4996 ὲν
2703 4944 2825 5012 δὲκῃ
2859 4940 3190 5008 πεποιῆσθαι
3239 4939 3440 5001 δοκεῖν,
3489 4937 3642 4990 οὐδέν
3693 4937 3805 4987 ἐστι

2235 5038 2298 5090 τὸ
2321 5036 2524 5090 λυποῦν
2549 5037 2766 5088 ἀπεῖναι
2786 5032 2879 5085 τοῦ
2905 5031 3178 5099 συνεδρίου
3197 5030 3308 5083 τῶν
3329 5033 3386 5082 ἐν
3408 5027 3614 5098 ὑποψίᾳ
3635 5025 3804 5086 τινάς.

2305 5136 2353 5198 γ’
2389 5129 2530 5190 Τοὺς
2575 5126 2630 5179 δὲ
2663 5127 2762 5195 τῆς
2807 5125 3192 5194 παραιτήσεως
3221 5119 3518 5185 λιϐέλλους,
3551 5119 3608 5171 οὺ
3667 5116 3808 5170 κατὰ

2234 5220 2554 5293 προαίρεσιν
2584 5217 2810 5282 οἰκείαν,
2856 5216 2970 5270 ἀλλ’
3013 5215 3088 5277 ὡς
3123 5214 3181 5280 ἐξ
3229 5213 3475 5281 ἀνάγκης
3502 5209 3594 5263 καὶ
3643 5206 3805 5278 φόϐου

2236 5313 2450 5383 καὶτῆς
2482 5328 2641 5365 τινων
2663 5309 2914 5376 ἀπειλῆς,
2951 5305 3225 5360 ἐπιδοῦναί
3262 5321 3395 5374 φησι
3425 5317 3439 5332 °
3472 5302 3567 5356 καὶ
3608 5300 3808 5366 ἑτέρως

2234 5409 2316 5471 δὲ,
2347 5405 2582 5478 πρᾶγμά
2606 5405 2752 5456 ἐστιν
2771 5401 2897 5454 οὗτε
2933 5402 3044 5464 τοῖς
3069 5399 3169 5468 τῆς
3213 5393 3540 5466 Ἐκκλησία;
3574 5391 3806 5462 ἀρέσκον

2235 5499 2477 5570 θεσμοῖς,
2510 5497 2572 5549 τὸ
2599 5495 2875 5557 λιϐέλλους
2911 5493 3298 5562 παραιτήσεως
3323 5485 3623 5558 προσάγειν
3650 5480 3807 5538 τινὰς

2231 5590 2341 5644 τῶν
2366 5586 2686 5660 ἱερουργῶν.
2715 5585 2778 5640 Εἰ
2819 5585 2927 5654 γάρ
2954 5586 3090 5637 εἰσιν
3117 5581 3258 5648 ἄξιοι
3313 5577 3407 5633 τοῦ
3447 5575 3804 5644 λειτουργεῖν,

2234 5685 2477 5738 ἔστωσαν
2508 5683 2565 5735 ἐν
2592 5679 2765 5750 τούτῳ
2795 5692 2809 5708 ⁸
2847 5680 2895 5731 εἰ
2930 5677 2989 5730 δὲ
3034 5673 3242 5738 ἀνάξιοι
3275 5671 3350 5744 μὴ
3388 5669 3497 5724 ἀπὸ
3536 5664 3807 5736 παραιτή-
