4122 6504
365 367 468 432 493

1106 370 1514 432 SYNTAGMA
1552 371 2031 432 CANONUM.-—
2069 373 2217 434 TIT.
2249 373 2298 448 Ι,
2336 374 2494 434 CAP.
2539 375 2636 451 VI,
2679 376 2811 438 VII.

3523 382 3629 447 4θά

364 497 502 544 σεως
534 479 821 548 ἐξίτωσαν,
847 483 1288 552 κατεγνωσμένοι
1325 485 1384 537 δὲ
1425 484 1628 555 μᾶλλον
1675 487 1770 538 ἐπὶ
1801 484 1941 556 πρά-
1968 539 1970 546 ι

2051 495 2267 552 exeant,
2311 490 2404 544 sed
2441 491 2628 560 potius
2685 501 2905 561 propter
2945 503 3094 564 gesta
3151 497 3527 572 condemnati,
3560 505 3629 558 de

363 589 573 644 γμασιν
610 589 625 604 ·
656 566 732 626 ὧν
761 573 827 627 ἄν
853 591 938 637 τις
970 572 1170 642 πολλὴν
1205 577 1494 646 ποιήσαιτο
1524 576 1624 646 τὴν
1653 575 1948 648 καταβοὴν,

357 665 436 728 ὡς
465 665 569 730 ἔξω
599 667 904 736 τρεχόντων
936 665 1116 731 πάσης
1153 667 1499 731 ἀκολουθίας.
1547 667 1820 738 Πρόσειπε
1849 668 1950 738 τὴν

359 755 510 826 παρὰ
541 757 625 809 σοὶ
650 756 1009 828 ἀδελφότητα·
1039 759 1098 810 σὲ
1119 759 1153 828 ἡ
1176 757 1273 811 σὺν
1301 759 1435 828 ἡμῖν
1464 761 1523 812 ἐν
1551 758 1741 829 Κυρίῳ
1775 775 1948 828 προσ-

360 847 642 920 αγορεύει.

366 940 476 994 Τοῦ
532 939 718 994 αὐτοῦ
765 940 834 993 ἐκ
889 931 999 1006 τῆς
1040 938 1190 1006 πρὸς
1231 938 1302 992 ἐν
1348 939 1532 1007 Λιϐύῃ
1585 939 1682 992 καὶ
1725 943 1948 995 Πεντα-

464 1033 640 1085 πόλει
666 1032 1042 1096 ἐπισκόπους
1073 1031 1430 1100 ἐπιστολῆς,
1469 1033 1672 1086 κανὼν
1717 1041 1767 1086 α’
1791 1041 1841 1102 γ’

432 1132 501 1178 α’.
541 1126 758 1178 Νεωστὶ
802 1126 1188 1199 γεγαμηκότες
1220 1123 1388 1188 τινὲς,
1421 1124 1514 1176 καὶ
1538 1119 1649 1177 οἷον
1676 1125 1736 1190 ἐξ
1765 1125 1945 1182 αὐτῶν

353 1215 693 1280 καταϐάντες
728 1215 835 1286 τῶν
858 1216 1184 1286 νυμφώνων,
1211 1215 1621 1285 συναρπάζουσί
1653 1234 1807 1279 τινας
1839 1216 1946 1270 τῶν

356 1309 789 1376 θεοφιλεστάτων
817 1310 1157 1373 ἐπισκόπων,
1194 1308 1287 1360 καὶ
1325 1307 1540 1371 οὐδενὸς
1570 1309 1712 1378 τάχα
1744 1326 1847 1362 που
1879 1317 1948 1364 τα

353 1402 479 1453 κατ’
531 1402 730 1465 αὐτοὺς
781 1402 1250 1472 ἀπαγγέλλοντος,
1286 1400 1720 1473 χειροτονοῦνται
1756 1401 1946 1474 κληρι-

355 1495 444 1545 κοὶ
476 1493 643 1564 ἤγουν
668 1493 1061 1564 πρεσϐύτεροι.

429 1592 496 1653 γ’.
535 1586 753 1656 Ἐπειδὴ
789 1588 974 1639 τοίνυν
1020 1589 1157 1659 πρὸς
1195 1587 1504 1658 οἰκοδομὴν,
1531 1587 1607 1651 ὡς
1642 1587 1798 1659 ἔφην,
1836 1588 1946 1641 τῶν

353 1677 502 1731 λαῶν
528 1680 708 1732 πάντα
740 1681 846 1751 χρὴ
877 1679 1216 1750 πράττεσθαι
1245 1682 1376 1750 παρ’
1408 1682 1586 1751 ἡμῶν,
1614 1682 1945 1754 ἐπιτηρείτω

352 1768 530 1823 ταῦτα
565 1771 598 1840 ἡ
628 1770 910 1824 θεοσέϐεια
945 1773 1120 1840 ὑμῶν,
1153 1773 1247 1825 καὶ¹
1279 1774 1328 1824 εί
1367 1773 1554 1843 μέλλοι
1585 1791 1667 1838 τις
1701 1791 1945 1845 χειροτο-

353 1839 896 1933 νεῖσθαιγκληρικὸς,
950 1839 1401 1934 περιεργαζέσθω
1447 1864 1539 1918 τὸν
1581 1839 1941 1935 βίον-ναθτοῦ,
1977 1839 2018 1895 Β

357 1955 454 2006 καὶ
483 1954 712 2025 πότερόν
746 1972 876 2008 ποτε
907 1956 1156 2026 γαμετὴν
1181 1956 1346 2027 ἕχειῆ
1378 1956 1462 2021 οὒ,
1487 1958 1580 2009 καὶ
1607 1959 1722 2021 πῶς
1749 1959 1781 2028 ἢ
1815 1959 1944 2012 πότε

350 2041 614 2114 ἠγάγετο,
633 2046 728 2099 καὶ
759 2048 806 2099 εἰ
829 2047 1122 2118 ἀπέσχετο,
1151 2049 1246 2101 καὶ¹
1276 2049 1325 2100 εί
1361 2049 1436 2118 μή
1465 2065 1550 2112 τις
1577 2049 1698 2101 ἐστὶ
1720 2050 1828 2102 τῶν
1855 2053 1946 2102 ἐκ·

351 2137 732 2210 ϐεϐλημένων,
772 2139 805 2210 ἢ
843 2140 974 2210 παρ’
1009 2142 1200 2210 ἐτέρου
1254 2140 1682 2194 θεοσεϐεστόιτου
1718 2143 1943 2196 ἐπισκόο

353 2233 550 2304 που,ἢ
600 2233 667 2286 ἐκ
731 2234 1114 2304 μοναστηρίων
1147 2251 1160 2264 ·
1215 2234 1313 2287 καὶ
1361 2233 1484 2286 τότε
1546 2235 1945 2304 χειροτονείτω,

351 2327 678 2397 ἀδιάϐλητον
713 2326 1030 2396 εὑρεθέντα.
1067 2326 1414 2398 Τηρήσωμεν
1445 2324 1554 2395 γὰρ
1582 2324 1726 2379 οὕτω
1772 2327 1944 2380 καθα-

355 2417 448 2486 pou
469 2417 561 2470 καὶ
587 2417 647 2469 τὸ
675 2416 885 2470 ἑαυτῶν
911 2416 1172 2481 συνειδὸς,
1200 2417 1298 2471 καὶ
1317 2414 1646 2488 ἀδιάϐλητον
1669 2417 1768 2488 τὴν
1797 2418 1947 2490 ἱερὰν

351 2509 448 2561 καὶ
481 2508 684 2580 σεπτὴν
711 2508 1080 2580 λειτουργίαν.

453 2622 746 2688 Θεοφίλου
785 2621 854 2675 ἐκ
888 2621 994 2676 τοῦ
1030 2623 1492 2694 ὺπομνηστικοῦ
1539 2624 1744 2681 κανὼν
1773 2632 1849 2690 ς’.

424 2710 502 2776 ς’.
535 2712 669 2778 Περὶ
727 2711 838 2765 τῶν
895 2713 1226 2782 ὀφειλόντων
1278 2719 1741 2787 χειροτονεῖσθαι,
1793 2709 1948 2780 οὗτος

351 2804 494 2857 ἔστω
527 2804 694 2868 τύπος
716 2820 730 2835 ⁸
763 2805 839 2870 ὥς
875 2823 938 2858 τε
969 2808 1078 2860 πᾶν
1108 2807 1170 2860 τὸ
1213 2808 1477 2878 ίερατεῖον
1509 2811 1820 2881 συμφωνεῖν
1857 2811 1950 2862 καὶ

352 2896 648 2968 αἱρεῖσθαι,
692 2897 788 2951 καὶ⁹
820 2898 944 2952 τότε
998 2900 1090 2955 τὸν
1138 2900 1440 2955 ἐπίσκοπον
1477 2902 1828 2972 δοκιμάζεινο
1855 2902 1950 2955 καὶ

352 2990 732 3054 συιδαινοῦντος
785 2990 936 3062 αὐτῷ
997 2992 1093 3046 τοῦ
1157 2995 1463 3065 ίερατείου,
1510 2997 1838 3067 χειροτονεῖν
1891 2995 1950 3048 ἐν

354 3081 499 3154 μέσῃ
538 3085 602 3153 τῇ
652 3082 940 3153 ἐκκλησίᾳ,
973 3083 1247 3153 παρόντος
1274 3083 1369 3137 τοῦ
1401 3084 1532 3138 λαοῦ
1561 3087 1656 3139 καὶ
1686 3102 1949 3157 προσερω-

2054 579 2255 648 quibus
2282 580 2575 650 quisquam
2599 592 2935 652 conquestus
2970 585 3135 639 fuerit
3183 587 3258 640 uti
3291 602 3321 640 a
3356 599 3506 644 recto
3539 607 3632 645 or-

2052 675 2183 728 dine
2219 674 2624 732 aberrantibus.
2663 676 2850 733 Saluta
2890 678 3288 734 fraternitatem
3322 699 3444 752 quae
3486 689 3631 756 apud

2054 771 2104 818 te
2155 773 2238 820 est
2279 785 2295 834 ;
2336 783 2460 836 qua:
2497 776 2581 824 est
2635 770 2778 840 apud
2837 785 2962 838 nos,
3007 780 3058 827 te
3095 773 3153 827 in
3194 773 3424 830 Domino
3487 777 3635 832 salu-

2052 864 2153 911 tat.

2054 947 2313 1017 Ejusdem
2341 953 2579 1020 epistolw
2611 952 2681 1006 ad
2715 955 2984 1023 episcopos
3015 955 3107 1024 qui
3145 966 3266 1008 sunt
3290 957 3345 1010 in
3374 956 3543 1028 Libya
3585 968 3636 1014 et

2489 1045 2795 1115 Pentapoli,
2822 1064 3048 1101 canones
3082 1051 3134 1114 1,
3168 1049 3221 1104 5.

2123 1136 2175 1191 1.
2211 1137 2443 1203 Quidam
2473 1139 2569 1206 qui
2611 1154 2812 1193 uxores
2840 1150 3088 1194 recenter
3121 1141 3412 1208 duxerunt,
3448 1153 3504 1197 et
3567 1159 3635 1198 ex

2053 1229 2191 1299 ipsis
2221 1229 2388 1283 veluti
2450 1230 2710 1285 thalamis
2752 1233 2980 1301 egressi,
3010 1233 3225 1302 aliquos
3250 1248 3318 1288 ex
3347 1237 3635 1291 sanctissi-

2050 1320 2155 1374 mis
2179 1320 2452 1390 episcopis
2489 1321 2782 1390 arripiunt,
2831 1331 2886 1376 et
2923 1323 3073 1376 nullo
3102 1325 3168 1377 de
3193 1324 3273 1378 eis
3327 1325 3517 1394 utique
3541 1342 3634 1381 re—

2049 1415 2362 1478 nuntiante,
2395 1413 2726 1468 ordinantur
2759 1412 2946 1469 clerici
2979 1429 3074 1469 seu
3116 1415 3417 1487 presbyteri

2119 1588 2170 1642 1.
2193 1587 2464 1654 Quoniam
2495 1605 2627 1660 ergo
2659 1590 2725 1645 ad
2752 1583 3272 1657 tediﬁcationiemmt
3292 1593 3426 1656 dixi,
3463 1610 3636 1666 popu-

2046 1680 2249 1748 lorum,
2276 1683 2458 1736 omnia
2490 1682 2648 1754 45³
2685 1684 2846 1740 nobis
2890 1685 3137 1740 facienda
3172 1695 3299 1740 sunt
3321 1727 3334 1746 .
3371 1687 3486 1741 haec
3539 1704 3633 1740 ve-

2048 1785 2159 1826 stra
2197 1775 2452 1831 observet
2482 1778 2675 1846 pietas,
2712 1786 2767 1832 et
2805 1779 2852 1832 si
2910 1787 2996 1834 est
3025 1777 3244 1847 quidem
3300 1779 3634 1834 ordinandus

2048 1867 2304 1934 clericus,
2332 1868 2399 1923 de
2430 1869 2538 1924 vita
2564 1870 2683 1939 ejus
2737 1870 2998 1939 inquirat,
3035 1879 3092 1924 et
3127 1885 3196 1925 an
3248 1887 3472 1925 uxorem
3532 1871 3633 1927 ha-

2049 1958 2191 2025 beat,
2223 1975 2430 2026 annon,
2481 1971 2535 2016 et
2584 1977 2824 2032 quonam
2851 1963 3012 2017 modo
3041 1964 3218 2026 duxit,
3251 1974 3306 2018 et
3345 1964 3630 2028 abstinuit,

2047 2057 2101 2102 et
2127 2050 2172 2103 si
2201 2065 2309 2105 non
2335 2059 2420 2104 est
2446 2051 2648 2120 aliquis
2677 2066 2744 2106 ex
2769 2053 2836 2108 iis
2866 2053 2958 2122 qui
2978 2054 3138 2122 ejecti
3164 2064 3290 2109 sunt
3327 2070 3360 2110 a
3389 2055 3629 2110 sanctis-

2047 2138 2188 2192 sitno
2219 2139 2484 2210 episcopo
2539 2141 2624 2194 vel
2672 2156 2739 2196 ex
2772 2144 3109 2198 monasterio
3154 2161 3167 2198 :
3205 2154 3334 2199 tunc
3357 2145 3405 2200 si
3454 2145 3634 2200 iucul-

2047 2239 2206 2301 palus
2243 2233 2499 2289 iuventus
2527 2233 2715 2302 fuerit,
2749 2236 2987 2291 ordinet.
3026 2237 3104 2291 Ita
3126 2238 3273 2292 enim
3307 2248 3361 2293 et
3387 2248 3632 2293 nostram

2049 2325 2442 2380 conscientiam
2481 2341 2675 2395 puram
2700 2328 3178 2394 conservabimus,
3211 2338 3266 2385 et
3298 2329 3636 2400 inculpatum

2048 2430 2268 2472 sacrum
2301 2433 2368 2473 ac
2397 2420 2714 2475 venerabile
2742 2424 3095 2492 mysterium.

2365 2615 2639 2688 Theophili
2669 2623 3059 2676 commonitorii
3079 2639 3250 2677 canon
3275 2623 3327 2678 6.

2126 2705 2178 2761 6.
2211 2705 2284 2762 De
2312 2708 2381 2763 iis
2408 2711 2499 2779 qui
2535 2712 2828 2767 ordinandi
2861 2722 2989 2769 sunt
3010 2715 3126 2770 haec
3153 2715 3258 2768 erit
3300 2713 3476 2768 forma
3509 2732 3524 2768 ε
3561 2713 3634 2769 Ut

2051 2799 2316 2869 quidquid
2343 2811 2427 2855 est
2477 2805 2836 2858 sacerdotalis
2873 2804 3086 2859 ordinis
3118 2807 3426 2859 consentiat
3455 2815 3508 2859 et
3533 2805 3639 2859 eli-

2052 2899 2174 2960 gat;
2212 2901 2265 2944 et
2296 2899 2426 2946 tunc
2446 2893 2738 2963 cpiscopus
2757 2887 3052 2958 examinet,
3077 2895 3160 2949 vel
3182 2894 3232 2949 ei
3255 2896 3419 2949 etiam
3446 2911 3638 2950 asseu-

2054 2983 2222 3037 tiente
2241 2985 2566 3038 sacerdotali
2595 2987 2790 3041 ordine
2838 2989 2890 3039 in
2923 2987 3101 3042 media
3127 2988 3361 3043 ecclesia
3397 2989 3637 3054 ordinet,

2052 3086 2318 3144 praesente
2364 3076 2582 3144 p0pulo,
2617 3077 2667 3131 cl
2698 3079 2959 3146 episcopo
2989 3079 3323 3149 alloquentc,
3355 3095 3422 3134 an
3464 3084 3632 3136 etiam

349 3153 570 3238 νοῦντος
618 3175 713 3228 τοῦ
763 3176 1090 3240 ἐπισκόπου,
1119 3178 1169 3230 εἰ
1200 3177 1295 3230 καὶ
1325 3177 1354 3230 ὁ
1390 3176 1519 3241 λαὸς
1539 3153 1762 3231 δύναται
1798 3153 1948 3248 αὖτῷ

2054 3168 2227 3236 possit
2253 3169 2300 3222 ei
2334 3153 2569 3238 populus
2602 3169 2744 3225 ferre
2776 3172 3173 3230 testimonium.
3222 3171 3508 3229 Ordinatio
3536 3188 3638 3228 au-

352 3269 659 3339 μαρτυρεῖν
700 3270 1009 3340 χειροτονία
1043 3270 1099 3323 δὲ
1131 3269 1406 3341 λαθραίως
1439 3271 1515 3342 μὴ
1553 3271 1786 3339 γινέσθω
1808 3288 1822 3301 ·
1849 3272 1948 3339 τῆς

347 3361 464 3430 γὰρ
508 3360 837 3431 Ἐκκλησίας
890 3363 1115 3433 εἰρήνην
1171 3362 1435 3432 ἐχούσης,
1471 3363 1674 3434 πρέπει
1727 3364 1948 3417 πάντων

345 3449 460 3502 τῶν
490 3450 662 3518 ἁγίων
696 3451 796 3514 τὰς
833 3453 1169 3523 χειροτονίας
1200 3454 1292 3506 ἐπὶ
1321 3453 1420 3523 τῆς
1466 3453 1763 3524 ἐκκλησίας
1803 3455 1954 3522 γίνε-

350 3542 500 3597 σθαι.
557 3543 647 3596 Ἐν
690 3543 748 3596 δὲ
793 3546 860 3616 τῇ
908 3545 1115 3614 ἐνορίᾳ,
1142 3545 1191 3596 εί
1238 3545 1337 3614 μὲν
1369 3546 1804 3615 κοινωνήσαντες
1841 3544 1950 3597 εἰσί

345 3651 497 3697 τινες
529 3639 649 3697 ταῖς
688 3634 798 3688 τῶν
847 3636 1297 3706 κοινωνησᾰντων
1358 3635 1631 3706 γνώμαις,
1681 3637 1755 3707 μὴ
1799 3636 1952 3690 ἄλλοι

348 3726 892 3797 χειροτονείσθωσαν,
926 3725 1062 3780 ἀλλὰ
1101 3727 1212 3780 τῶν
1238 3727 1454 3798 ἀληθῶς
1480 3728 1778 3798 ὀρθοδόξων
1813 3728 1948 3798 κληο

348 3821 525 3888 ρικῶν
571 3821 1007 3892 δογματιζόντων
1031 3861 1046 3884 ,
1081 3821 1349 3890 παρόντος
1393 3821 1555 3874 πάλιν
1588 3820 1681 3872 τοῦ
1723 3821 1951 3872 ἐπισκό-

348 3930 480 3975 που,
510 3913 605 3966 καὶ
636 3912 1088 3984 προσφωνοῦντος
1126 3911 1394 3981 παρόντος
1426 3910 1522 3964 τοῦ
1568 3910 1698 3966 λαοῦ
1739 3910 1901 3980 μόνον
1932 3951 1948 3977 ,

349 4005 440 4058 ἵνα
468 4005 541 4074 μὴ
585 4005 892 4076 περιδρομή
926 4021 1010 4067 τις
1040 4003 1279 4074 γίνηται.

425 4095 640 4147 Βιδλίον
686 4101 755 4148 α’.
798 4096 905 4148 τίτ.
936 4093 1007 4162 γ’.
1035 4093 1176 4148 διάτ.
1220 4094 1308 4164 ιβ’,
1344 4094 1387 4148 λ’
1437 4095 1546 4166 μβ’,
1579 4096 1686 4166 μζη
1722 4096 1821 4167 νβ’.
1855 4097 1948 4149 καὶ

345 4173 458 4228 τίτ.
489 4171 535 4226 α’
583 4175 690 4226 τῶν
724 4174 958 4246 νεαρῶν,
999 4174 1142 4228 διάτ.
1171 4171 1239 4239 α’,
1275 4175 1343 4244 β’,
1382 4175 1466 4239 ιζ’.
1505 4176 1674 4248 νεαρὰ
1707 4182 1782 4240 ς’,
1815 4174 1947 4246 ρλζ’.

423 4265 562 4334 Περὶ
620 4265 716 4318 τοῦ
779 4268 855 4337 μὴ
900 4267 1098 4338 χρῆναι
1138 4269 1250 4331 τοῖς
1279 4267 1456 4337 ὄχλοις
1483 4267 1800 4338 ἐπιτρέπειν
1838 4267 1948 4321 τῶν

347 4359 544 4428 ἱερέων
576 4358 858 4430 ἐπιλογήν.

423 4452 674 4504 ΚΕΦΑΛ.
705 4450 780 4506 -Ζ’.
818 4481 886 4492 --
924 4451 1198 4506 Eva-(560v
1237 4451 1590 4517 Λαοδικείας
1617 4453 1820 4505 κανὼν
1850 4457 1942 4520 ιγ’.

2060 3267 2166 3312 tem
2204 3277 2308 3314 non
2347 3261 2442 3315 ﬁat
2471 3263 2806 3318 clanculum.
2836 3263 3078 3320 Ecclesia
3112 3265 3259 3320 enim
3313 3281 3503 3335 pacem
3537 3267 3641 3321 lia-

2056 3353 2220 3407 bente
2264 3356 2419 3408 decet
2455 3356 2824 3423 praesentibus
2853 3358 3059 3413 sanctis
3103 3359 3481 3415 ordinationes
3525 3359 3640 3414 lieri

2054 3445 2108 3498 in
2139 3445 2408 3500 ecclesiis.
2435 3446 2494 3500 lu
2529 3448 2750 3516 regione
2777 3458 2960 3502 autem
3001 3449 3046 3506 si
3076 3451 3169 3518 qui
3201 3451 3334 3513 sint.
3361 3453 3456 3522 qui
3490 3467 3644 3506 com-

2054 3536 2456 3592 municantiqu
2486 3539 2685 3592 animis
2719 3539 3291 3607 communicaveriut;
3326 3557 3432 3596 non
3483 3543 3644 3596 aliter

2052 3630 2398 3692 ordinentur,
2423 3645 2587 3699 quam
2623 3630 2714 3691 iis,
2741 3631 2835 3700 qui
2875 3641 3009 3686 sunt
3031 3648 3156 3687 vere
3188 3633 3481 3687 orthodoxi
3527 3635 3644 3689 cle-

2053 3723 2175 3788 rici,
2206 3723 2674 3787 examinautibus,
2705 3732 2976 3792 prinsente
3029 3740 3220 3779 rursus
3241 3725 3525 3794 episcopo,
3587 3733 3644 3778 et

2055 3825 2387 3885 praesentem
2418 3818 2678 3886 populum
2709 3818 3045 3888 allaquente,
3089 3833 3156 3872 ne
3192 3818 3492 3872 intercedat
3537 3817 3643 3871 ali-

2017 3925 2021 3930 '
2053 3925 2159 3979 qua
2193 3909 2615 3964 circumventio.

2127 4089 2343 4142 Textus.
2403 4088 2526 4143 Lib.
2594 4089 2719 4144 cod.
2751 4088 2803 4147 1.
2836 4089 2920 4144 ιὶι.
2974 4090 3029 4152 5,
3063 4089 3284 4144 constit.
3320 4089 3406 4153 12,
3435 4088 3526 4152 50,
3549 4088 3640 4157 42,

2053 4177 2278 4240 47,-52,
2318 4186 2371 4230 et
2409 4178 2494 4232 tit.
2547 4177 2569 4230 l
2609 4177 2956 4232 Novellarum
2985 4178 3211 4232 constit.
3238 4178 3291 4238 1,
3329 4175 3365 4228 2
3393 4187 3445 4230 et
3480 4176 3566 4231 17.

2124 4267 2458 4322 Electionem
2491 4269 2837 4323 sacerdotum
2872 4269 3203 4338 promiscua:
3245 4267 3382 4336 plebi
3416 4267 3645 4337 pennit-

2052 4361 2268 4414 tcndam
2313 4376 2418 4413 non
2452 4375 2596 4415 esse.

2105 4451 2216 4522 46
2241 4453 2394 4507 CAP.
2450 4451 2563 4506 Vll.
2592 4481 2661 4490 ———
2692 4450 2920 4506 Cantilii
2966 4451 3254 4506 Laodiceni
3300 4467 3470 4504 canon
3505 4451 3594 4505 15.

350 4551 442 4614 ιγ’.
507 4545 651 4613 Περὶ
700 4543 808 4598 τοῦ
853 4544 940 4614 μὴ
1001 4544 1127 4611 τοῖς
1186 4544 1396 4613 ὄχλοις
1441 4543 1784 4611 ἐπιτρέπειν
1843 4544 1949 4610 τὰς

2053 4543 2140 4596 15.
2188 4541 2377 4596 Turbis
2427 4559 2530 4596 non
2566 4558 2679 4596 esse
2721 4542 3154 4611 permittendum,
3190 4558 3371 4596 eorum
3395 4543 3486 4612 qui
3519 4550 3641 4596 sunt

340 4639 606 4707 ἐκλογὰς
673 4637 970 4692 ποιεῖσθαι
1045 4637 1168 4692 τῶν
1247 4637 1604 4707 μελλόντων
1665 4637 1948 4692 καθίστω-

338 4734 488 4786 σθαι
518 4734 604 4796 εἷς
624 4731 937 4798 ίερατεΙαν.

456 4820 729 4874 Συνόδου
773 4821 1022 4886 Νικαίας
1060 4818 1126 4872 τὸ
1165 4818 1449 4888 δεύτερον
1494 4819 1698 4873 κανὼν
1738 4825 1806 4888 γ’.

417 4914 488 4976 γ’.
525 4910 712 4962 Πᾶσαν
741 4908 924 4978 ψῆφον
953 4909 1250 4980 γινομένην
1291 4909 1444 4980 παρὰ
1491 4910 1790 4982 ἀρχόντων.
1820 4912 1943 4964 ἐπι-

341 5001 577 5066 σκόπου,
620 4999 654 5069 ἣ
705 5001 1102 5071 πρεσϐυτέρου,
1135 5001 1168 5070 ἢ
1213 5000 1484 5068 διακόνου,
1516 5001 1721 5073 ἄκυρον
1758 5003 1945 5072 μένειν

339 5093 486 5156 κατὰ
528 5093 622 5145 τὸν
672 5093 876 5146 κανόνα
904 5093 994 5146 τὸν
1028 5092 1291 5161 λέγοντα·
1325 5093 1392 5146 Εἴ
1418 5110 1502 5156 τις
1523 5093 1824 5156 ἐπίσκοπος
1855 5111 1948 5146 κο-

339 5187 563 5254 σμικοῖς
612 5184 844 5254 ἄρχουσι
893 5187 1262 5256 χρησάμενος,
1290 5171 1371 5237 ’δι’
1415 5184 1597 5238 αὐτῶν
1641 5183 1943 5255 ἐκκλησίας

337 5275 609 5344 γένηται,
655 5273 1060 5345 καθαιρείσθωο
1096 5275 1190 5327 καλ⁵
1237 5273 1686 5345 ἀφοριςέσθωσαν
1745 5275 1840 5326 καὶ
1894 5275 1942 5326 oi

337 5367 733 5430 κοινωνοῦντες
779 5365 930 5436 αὐτῷ
981 5366 1206 5429 πάντες.
1242 5368 1335 5418 Δεῖ
1380 5365 1490 5436 γὰρ
1535 5366 1626 5418 τὸν
1678 5364 1944 5436 μέλλοντα

338 5458 774 5529 προὸιὸάζεσθαι
804 5462 885 5523 εἰς
911 5459 1240 5530 ἐπισκοπὴν,
1280 5457 1385 5511 ὑπὸ
1419 5459 1739 5512 ἐπισκόπων
1772 5455 1942 5527 ψηφίο

336 5553 570 5618 ζεσθαι,
625 5550 810 5616 καθὼς
864 5552 1016 5622 παρὰ
1057 5552 1168 5605 τῶν
1209 5551 1383 5620 ἁγίων
1429 5549 1693 5620 Πατέρων
1741 5548 1852 5602 τῶν
1883 5551 1941 5601 ἐν

338 5642 552 5715 Νικαίᾳ
584 5643 817 5715 ὥρισται
849 5645 907 5696 ἐν
937 5642 1017 5714 τῷ
1049 5643 1235 5697 κανόνι
1271 5640 1351 5714 τῷ
1379 5641 1630 5710 λέγοντι,
1682 5640 1937 5694 Ἐπίσκοο

334 5751 443 5790 πον
470 5737 766 5806 προσήκει,
798 5754 853 5790 κ.
879 5753 929 5790 τ.
961 5735 1013 5793 λ.

409 5841 460 5874 ⁸ο
496 5841 637 5898 Can.
675 5845 736 5898 51
775 5847 1005 5914 apostol.
1096 5846 1141 5878 “
1183 5845 1320 5900 Cau.
1350 5847 1402 5900 4.

2053 4637 2108 4690 in
2133 4636 2428 4690 sacerdotio
2467 4636 2822 4691 constituendi
2857 4635 3164 4689 electionem
3196 4635 3390 4705 facere.

2413 4811 2641 4867 Concilii
2687 4810 2896 4865 Nic-teni
2934 4827 2996 4874 ιι,
3031 4828 3201 4866 canon
3230 4813 3284 4867 5.

2126 4903 2178 4956 5.
2222 4901 2453 4957 Omnem
2501 4900 2824 4955 electionem
2855 4918 2979 4971 qua:
3017 4903 3077 4956 lit
3123 4919 3152 4956 a
3205 4901 3642 4972 magistratibus,

2056 4995 2324 5063 episc0pi,
2359 4994 2441 5047 vel
2497 4993 2821 5064 presbyteri,
2860 4995 2944 5048 vel
2976 4994 3217 5061 diaconi,
3267 4995 3477 5050 irritam
3522 5011 3644 5049 ma-

2057 5101 2211 5148 nere,
2266 5101 2331 5139 ex
2394 5100 2605 5140 canone
2660 5085 2876 5140 dicente
2923 5104 2939 5141 :
2995 5086 3051 5140 Si
3093 5088 3220 5156 quis
3286 5088 3643 5158 cpiscopus“

2057 5177 2420 5232 saecularibus
2447 5177 2871 5248 magistratibus
2905 5194 3062 5244 usus,
3091 5195 3187 5249 per
3215 5194 3311 5235 eos
3349 5179 3640 5235 ecclesiam

2056 5266 2382 5331 obtinuerit,
2442 5265 2755 5336 deponatur
2811 5275 2867 5322 et
2923 5280 3262 5337 segregctur,
3326 5278 3383 5322 et
3447 5281 3642 5322 omnes

2052 5359 2148 5429 qui
2183 5375 2309 5414 cum
2358 5375 2423 5414 eo
2453 5360 2884 5416 communicant.
2923 5359 3151 5433 Oportet
3198 5361 3346 5416 enim
3387 5376 3512 5416 eum
3547 5363 3640 5429 qui

2048 5461 2134 5507 est
2189 5453 2602 5522 promovendus
2666 5454 2734 5507 ad
2790 5455 3170 5526 episcoliatutn
3240 5455 3309 5509 ab
3365 5455 3641 5525 episcopis

2045 5546 2194 5616 elisi.
2255 5545 2721 5614 quemadmodum
2781 5561 2812 5601 a
2867 5547 3075 5601 sanctis
3128 5547 3381 5601 Patribus
3443 5543 3640 5598 Nicarn

2045 5637 2326 5690 decretum
2362 5644 2448 5690 est
2495 5636 2550 5690 in
2609 5651 2845 5700 canone,
2882 5637 2974 5707 qui
3025 5636 3250 5702 dicit“;
3304 5634 3631 5705 Episcopum

2048 5738 2286 5797 oportet,
2319 5739 2450 5794 οἱα,
2485 5739 2541 5783 ut
2572 5747 2693 5800 pag.
2728 5729 2851 5783 467.
