4122 6474
559 400 664 465 495

1719 393 1976 457 ΙἾΙΟΤῘΙ
2015 395 2515 456 ΡΛΤΠΙΑΒΟΗΕ
2558 398 2664 457 CP.

3708 405 3805 469 496

621 512 774 567 CAP.
812 512 952 578 Vill.
982 544 1050 554 -—
1094 512 1231 578 Quid
1286 512 1330 565 si
1375 512 1595 565 exsistat
1656 510 2009 563 contradictio
2072 510 2121 561 in

2249 580 2255 591 Ι
2303 510 2548 591 tantum.
2594 513 2658 565 ll.
2696 542 2762 591 -—_
2795 510 2930 591 Περξ
2979 511 3088 591 τῆς
3128 513 3442 591 γινομένης
3476 515 3801 589 ἀντιλογίας

548 588 776 655 episcopi
810 587 1138 638 ordinatione
1162 586 1187 637 Ρ

867 678 1094 733 Coucilii
1130 676 1462 740 Aulioclteui,
1501 690 1669 727 canon
1720 672 1807 727 l9.

622 766 711 821 19.
748 765 1049 835 Ερὶεεοιιιιε
1096 781 1165 818 ne
1202 764 1509 825 ordinetur,
1551 773 1656 817 etc.
1680 800 1696 825 ,
1738 773 1798 815 ut
1838 777 1962 833 pag.
1999 761 2125 817 475.

809 858 1033 914 Coucilii
1078 856 1527 925 Cartliagineusis,
1577 871 1747 908 canon
1791 854 1879 909 50.

554 952 693 1019 Quot
734 952 861 1003 addi
916 950 1133 1003 debeant
1197 947 1427 1016 episcopi
1473 961 1687 999 numero
1736 945 2128 1010 ordinaturum,

622 1045 668 1097 si
698 1044 761 1096 de
799 1041 1095 1095 ordinando
1124 1040 1363 1109 episcopo
1391 1038 1550 1107 fuerit
1579 1038 1985 1092 contradictum.

627 1219 716 1274 50.
753 1216 857 1272 Sed
880 1226 933 1272 et
958 1216 1088 1271 illud
1110 1224 1194 1272 est
1216 1216 1561 1271 statuendum
1579 1218 1623 1248 ⁵³
1657 1214 1794 1286 (l6),
1822 1224 1881 1270 ut
1909 1213 2133 1285 quando

550 1312 616 1366 ad
664 1309 974 1379 eligendum
1029 1309 1348 1378 episcopum
1408 1308 1875 1375 convenerimus,
1928 1308 1974 1362 si
2021 1321 2133 1377 qua

550 1399 908 1454 contradictio
943 1397 1109 1454 fuerit
1144 1399 1357 1463 oborta,
1392 1399 1521 1468 quia
1553 1397 1680 1452 talia
1734 1406 1961 1452 tractata
2004 1404 2136 1451 sunt

550 1493 696 1562 apud
730 1506 855 1556 nos,
888 1504 997 1544 non
1029 1499 1365 1561 praesumant
1392 1488 1499 1560 47
1527 1489 1594 1543 ad
1617 1488 1962 1559 purgandum
2005 1502 2132 1543 eum

553 1584 645 1655 qui
662 1582 1002 1637 ordinandus
1018 1592 1122 1648 est,
1140 1591 1249 1638 tres
1264 1582 1501 1653 episc0pi
1522 1582 1779 1636 sufﬁcere
1799 1598 1813 1635 :
1833 1580 1927 1636 sed
1951 1588 2136 1651 postu-

556 1677 698 1728 letur
726 1674 791 1727 ad
825 1688 1116 1727 numerum
1146 1671 1590 1743 supradictorum
1626 1684 1766 1724 unus
1807 1669 1890 1723 vel
1924 1670 2055 1734 duo,
2079 1676 2135 1722 et

556 1765 611 1817 in
645 1763 838 1817 eadem
890 1763 1044 1832 plebe
1092 1762 1183 1817 cui
1223 1759 1564 1815 ordinandus
1619 1767 1721 1822 est,
1772 1757 2136 1813 discutiantur

2232 580 2328 630 ἐπὶ
2358 578 2429 647 τῇ
2470 583 2799 649 χειροτονίᾳ
2829 578 2935 634 τοῦ
2965 578 3320 636 ἐπισκόπιῖυ.

2449 672 2723 726 Συνόδου
2791 674 3142 741 Ἀντιοχείας
3225 673 3429 728 κανὼν
3518 676 3603 731 ιθ¹.

2307 764 2396 821 ιϐ’.
2442 766 2770 818 Ἐπίσκοπον
2794 766 2870 834 μὴ
2888 765 3334 836 χειροτονεῖσθαι,
3358 784 3412 820 κ.
3445 783 3499 821 τ.
3526 767 3577 820 λ.

2304 856 2575 912 Συνόδου
2594 857 3014 927 Καρθαγέννης
3046 857 3246 912 κανὼν
3266 876 3322 914 ν.

2232 947 2417 1001 Πόσοι
2437 947 2757 1001 ἐπίσκοποι
2770 947 3168 1015 προστεθῆναι
3183 949 3497 1018 ὀφείλουσι
3512 952 3591 1017 τῷ
3604 952 3819 1024 ἀριθμῷ

2303 1033 2423 1088 τῶν
2450 1035 2975 1103 χειροτονούντων,
3019 1036 3127 1088 ἐὰν
3169 1036 3304 1105 περὶ
3350 1037 3457 1091 τοῦ
3491 1037 3820 1108 μέλλοντος

2305 1124 2766 1193 χειροτονεῖσθαι
2785 1126 3123 1180 ἐπισκόπου
3141 1127 3452 1197 ἀντιλογία
3484 1128 3744 1197 γένηται.

2302 1217 2346 1269 ν’
2382 1218 2588 1271 Ἐκεῖνο
2622 1218 2678 1271 δὲ
2709 1217 2891 1289 ὁρίσαι
2911 1218 3021 1271 δεῖ·
3058 1218 3201 1272 ὥστε
3229 1220 3323 1273 ἐάν
3363 1236 3495 1273 ποτε
3543 1222 3678 1292 πρὸς
3707 1225 3823 1277 ἐπι-.

2232 1309 2396 1381 λογὴν
2432 1311 2736 1363 ἐπισκόπου
2786 1310 3148 1381 συνέλθωμεν,
3196 1313 3289 1364 καὶ
3311 1313 3527 1385 ἁναφυῇ
3563 1331 3645 1378 τις
3674 1318 3822 1370 ἀντισ-

2233 1402 2614 1470 λογία,ἐπειδὴ
2648 1403 2718 1455 τὰ
2745 1402 2973 1456 τοιαῦτα
3008 1405 3139 1475 παρ’
3167 1405 3300 1474 ἡμῖν
3330 1405 3819 1477 ἐτρακταῒσθησαν,

2232 1495 2500 1566 τολμηρὸν
2528 1489 2670 1549 εἶναι
2699 1494 2885 1549 λοιπὸν
2913 1499 3061 1567 τρεῖς
3115 1498 3308 1566 μόνους
3336 1498 3471 1569 πρὸς
3491 1498 3553 1549 τὸ
3586 1501 3822 1571 καθᾶραι

2231 1587 2323 1640 τὸν
2344 1588 2929 1659 χειροτονηθησόμενον
2972 1588 3262 1659 εὑρεθῆναι
3282 1604 3295 1618 ·
3329 1589 3467 1642 ἀλλὰ
3496 1589 3573 1660 τῷ
3601 1591 3823 1660 προλεχ-

2235 1680 2380 1735 θέντι
2413 1680 2635 1751 ἀριθμῷ
2652 1680 2924 1752 προστεθῇ
2940 1675 3019 1744 εἷς
3046 1682 3143 1735 καὶ
3181 1681 3294 1734 δύο·
3314 1683 3408 1734 καὶ
3422 1684 3514 1734 ἐπὶ
3530 1681 3697 1735 αὑτοῦ
3729 1684 3825 1736 τοῦ

2236 1772 2364 1825 λασῦ
2406 1772 2572 1826 αὐτοῦ
2620 1766 2686 1826 οὗ
2733 1773 2918 1844 μέλλει
2983 1773 3444 1845 χειροτονεῖσθαι,
3491 1774 3823 1840 ἐξετασθῶσι

556 1861 734 1930 primo
770 1870 1017 1929 persona:
1062 1852 1580 1909 contradicentium.
1638 1850 1924 1905 Postremo
1966 1849 2133 1903 etiam

2249 1865 2457 1935 πρῶτον
2505 1866 2574 1918 τὰ
2605 1866 2875 1936 πρόσωπα
2910 1866 3019 1918 τῶν
3064 1865 3484 1934 ἀντιλεγόντων·
3513 1867 3573 1929 ἐς
3602 1866 3824 1937 ὓστερον

553 1954 643 2007 illa
664 1967 787 2021 qua:
816 1949 1172 2019 objiciuntur,
1201 1954 1604 2015 pertractentur
1638 1962 1651 1997 :
1682 1951 1737 1997 et
1783 1956 1907 1996 eum
1945 1955 2138 2010 purga-

554 2057 642 2099 tus
674 2042 843 2098 fuerit
870 2042 924 2096 in
953 2047 1249 2109 conspectu
1277 2036 1519 2107 publico,
1584 2035 1657 2088 ita
1715 2033 1938 2087 demum
1991 2030 2140 2086 ordi-

554 2147 731 2191 ni-tur.
788 2133 846 2189 Si
893 2133 999 2187 hoc
1039 2146 1167 2187 cum
1200 2138 1396 2185 vestrae
1424 2125 1732 2184 sanctitatis
1783 2124 1970 2177 animo
2000 2137 2137 2176 eon-

554 2230 743 2284 curdnt
775 2267 790 2295 ,
879 2226 1166 2282 roboretur
1238 2231 1431 2277 vestrae
1510 2216 1842 2290 dignationis
1907 2230 2138 2285 respon-

556 2327 731 2377 sione.

625 2416 707 2469 Ab
774 2413 1048 2469 universis
1110 2408 1383 2479 episcopis
1457 2407 1664 2461 dictqu
1736 2419 1819 2463 est
1898 2428 1909 2462 :

557 2510 755 2577 placet.

631 2596 848 2650 Tactus.
885 2595 996 2649 Tit.
1034 2597 1086 2650 1.
1114 2593 1466 2651 Νογιιιιιτυιιι
1519 2604 1699 2650 const.
1728 2593 1755 2647 1
1785 2592 1822 2646 2
1844 2600 1898 2648 et
1964 2590 2051 2656 l7,
2086 2592 2138 2646 in

1994 2408 2141 2465 Satis

553 2692 753 2759 quibus
780 2690 945 2742 etiam
981 2687 1050 2743 de
1107 2688 1413 2757 objectione
1442 2688 1704 2743 adversus
1735 2684 2139 2740 ordinationem

552 2782 883 2837 clericorum
912 2791 966 2835 et
991 2781 1283 2851 praesulum
1312 2778 1652 2852 [tractatum]
1681 2778 1863 2833 Prima
1907 2791 2143 2846 namque

553 2884 734 2931 const.
764 2874 850 2930 tit.
888 2874 909 2929 l
950 2872 1295 2928 Novellarum
1319 2913 1334 2940 ,
1362 2872 1518 2944 jubet
1562 2873 1941 2942 episcoporum
1998 2870 2143 2925 ordi-

554 2966 805 3021 nationes
829 2980 1015 3020 coram
1046 2965 1197 3020 omni
1227 2965 1430 3034 pepulo
1461 2963 1709 3019 ecclesiae
1738 2963 1878 3028 ﬁeri,
1920 2962 2145 3031 insuper

554 3066 610 3112 et
638 3072 1020 3128 quemcunque
1076 3057 1489 3112 contradicendi
1549 3055 1865 3110 facultatem
1919 3054 2141 3109 habere.

558 3146 628 3201 Et
661 3148 704 3200 si
741 3146 964 3216 quidem
1022 3154 1149 3201 ante
1196 3146 1602 3221 ordinationem
1636 3144 1996 3201 contradictio
2026 3144 2140 3209 ﬁat,

2237 1956 2368 2027 γὰρ,
2405 1956 2501 2010 καὶ
2542 1955 2612 2010 τὰ
2651 1956 3051 2028 προτεθειμένα
3077 1956 3450 2028 συζευχθῶσι·
3486 1956 3581 2009 καὶ
3606 1957 3694 2010 ὅτε
3726 1976 3824 2010 κα-

2240 2045 2405 2117 θαρὸς
2463 2046 2662 2118 φανείη
2710 2048 2805 2101 ἐπὶ
2836 2046 3107 2118 δημοσίας
3154 2047 3493 2119 προσόψεως,
3536 2041 3827 2110 εῐθόῢτως

2239 2137 2681 2212 χειροτονηθείη·
2731 2138 2829 2191 ἐὰν
2882 2138 3041 2192 τοῦτο
3100 2139 3434 2210 ἀποδέχηται
3494 2140 3528 2210 ἡ
3592 2140 3832 2209 ὑμετέρα

2242 2230 2545 2301 ἀγιωσύνη,
2570 2233 2637 2302 τῇ
2684 2229 3014 2301 ὁμονοητικῇ
3072 2230 3360 2302 ἀποκρίσει
3415 2229 3509 2282 τοῦ
3567 2228 3830 2299 ὑμετέρου

2240 2320 2552 2391 ἀξιώματος
2590 2320 2940 2391 βεϐαιωθείη.

2324 2409 2457 2465 Ἀπὸ
2478 2411 2697 2465 πάντων
2730 2410 2838 2463 τῶν
2897 2410 3216 2464 ἐπισκόπων
3259 2409 3476 2481 ἐλέχθη,
3508 2410 3661 2465 Πάνυ
3702 2410 3833 2480 ἀρέ-

2244 2516 2388 2553 σκει.

2312 2596 2502 2658 Τίτλος
2534 2594 2581 2649 α’
2634 2593 2743 2650 τῶν
2776 2595 3017 2667 νεαρῶν,
3049 2595 3190 2649 διάτ.
3218 2601 3290 2663 α’,
3324 2594 3390 2666 β’,
3428 2594 3514 2660 ιζ’,
3540 2595 3601 2649 ἐν
3634 2590 3716 2659 οἷς
3743 2593 3836 2648 καὶ

2244 2688 2373 2759 περὶ
2424 2688 2734 2757 ἀντιλογίας
2779 2686 3113 2759 χειροτονίας
3155 2686 3438 2758 κληρικῶν
3470 2687 3569 2741 καὶ
3596 2686 3836 2758 ἡγουμέ-

2246 2796 2378 2834 νων·
2418 2781 2454 2851 ἡ
2483 2780 2582 2848 μὲν
2619 2781 2730 2851 γὰρ
2759 2777 2807 2833 α’
2839 2778 3105 2844 διάταξις,
3134 2778 3229 2832 τοῦ
3255 2776 3302 2831 α’
3334 2778 3440 2832 τίτ·
3476 2779 3594 2832 τῶν
3628 2779 3836 2848 νεαρῶν

2244 2870 2685 2945 παρακελεύεται
2725 2873 2823 2935 τὰς
2852 2871 2961 2926 τῶν
2995 2871 3312 2924 ἐπισκόπων
3350 2870 3716 2942 χειροτονίας,
3747 2870 3836 2921 ἐπὶ

2246 2964 2447 3028 παντὸς
2480 2962 2575 3017 τοῦ
2614 2962 2743 3017 λαοῦ
2791 2964 2889 3034 τῆς
2929 2961 3225 3032 ἐκκλησίας
3272 2961 3548 3030 γίνεσθαι,
3592 2962 3731 3033 πρὸς
3778 2960 3838 3014 τὸ

2246 3059 2436 3111 ἄδειαν
2466 3056 2613 3127 ἔχειν
2664 3056 2844 3111 πάντα
2884 3055 2978 3109 τὸν
3014 3054 3342 3125 βουλόμενον
3374 3052 3716 3122 ἀντιλέγειν·
3746 3055 3836 3105 καὶ

2248 3150 2298 3201 εί
2328 3164 2391 3216 γε
2422 3148 2529 3220 πρὸ
2568 3148 2668 3219 τῆς
2711 3148 3047 3219 χειροτονίας
3089 3146 3298 3216 γένοιτο
3326 3148 3359 3217 ἡ
3390 3146 3733 3218 ἀντίρρησις,
3761 3144 3835 3215 μὴ

559 3256 629 3295 ne
675 3240 827 3309 prius
873 3238 1149 3293 ordinatio
1189 3239 1470 3310 procedat,
1528 3253 1692 3309 quam
1739 3236 2144 3293 examinatione

2250 3240 2515 3311 πρότερον
2543 3238 2977 3311 χειροτονείσθω,
3004 3241 3134 3309 πρὶν
3169 3238 3236 3293 ἂν
3259 3241 3292 3308 ἡ
3318 3238 3565 3303 ἐξέτασις
3590 3237 3836 3306 γένηται,

560 3331 743 3385 habita
794 3332 1022 3385 omnino
1065 3331 1218 3384 illum
1269 3331 1615 3385 innocentem
1644 3344 1767 3385 esse
1811 3336 2041 3383 constet.
2083 3326 2140 3381 Si

561 3437 693 3476 vero
724 3430 849 3474 ante
879 3421 1343 3475 examinationem
1376 3420 1662 3474 ordinatus
1686 3417 2027 3490 [quisquam]
2052 3418 2143 3482 sit,

562 3517 610 3571 is
643 3531 749 3569 una
784 3530 909 3568 cum
939 3530 1004 3568 eo
1033 3514 1126 3584 qui
1178 3514 1478 3578 ordinavit,
1539 3516 1851 3571 sacerdotio
1904 3515 2144 3569 excidat.

561 3610 632 3662 At
674 3608 721 3662 si
763 3608 859 3676 qui
917 3614 1043 3660 ante
1092 3606 1494 3660 ordinationem
1545 3605 1900 3672 contradixit,
1944 3605 2147 3660 calum-

566 3699 754 3754 niandi
796 3699 979 3753 animo
1009 3714 1134 3752 eum
1173 3698 1225 3753 id
1276 3698 1472 3753 fecisse
1512 3708 1791 3769 appareat,
1824 3709 1915 3752 aut
1943 3696 2148 3770 [reum]

566 3804 674 3843 non
742 3789 963 3843 damnet
1015 3803 1079 3842 ac
1132 3787 1440 3851 convincat,
1475 3788 1545 3841 ab
1571 3803 1635 3841 eo
1665 3788 1757 3857 qui
1811 3787 2147 3842 ordinationi

565 3889 786 3947 pricest,
818 3877 872 3931 in
902 3884 1223 3947 perpetuum
1272 3892 1303 3930 a
1325 3887 1513 3931 sancta
1545 3877 1933 3931 communione
1963 3892 2149 3942 segre-

567 3979 748 4042 getur,
788 3978 950 4040 atque
980 3970 1254 4023 ordinatio
1285 3980 1597 4039 peragatur.
1633 3969 1886 4024 Secunda
1916 3968 2149 4041 [autem]

566 4072 746 4118 eonst.
801 4063 1047 4133 ejusdem
1092 4065 1178 4116 tit.
1236 4064 1355 4117 ait:
1407 4062 1463 4117 Si
1532 4062 1895 4118 contradictio
1952 4062 2047 4117 liat
2080 4063 2151 4117 ob

568 4154 788 4228 [taleml
824 4171 1070 4220 causam,
1109 4171 1232 4226 qua:
1267 4156 1573 4211 secundum
1603 4159 1747 4227 leges
1777 4166 1869 4212 aut
1905 4171 2150 4213 canones

566 4249 973 4304 ordinationem
1034 4248 1303 4320 impedire
1335 4250 1544 4320 possit;
1594 4260 1648 4305 et
1688 4270 1700 4305 :
1734 4250 1887 4317 Quod
1920 4262 2151 4322 utraque

566 4352 721 4411 parte
766 4351 1051 4412 praesente,
1098 4353 1194 4397 aut
1224 4343 1316 4397 ubi
1353 4352 1645 4398 accusator
1675 4345 1743 4398 ad
1793 4355 1902 4401 tres
1938 4360 2152 4401 menses

568 4435 972 4489 accusationem
1003 4433 1305 4504 adimplere
1343 4435 1638 4498 distulerit,
1670 4437 2005 4491 examinatio
2035 4437 2153 4492 ﬁeri

571 4525 843 4599 [debeat];
901 4538 998 4582 et:
1040 4527 1197 4593 Quod
1233 4527 1281 4581 si
1335 4537 1628 4581 accusator
1673 4536 1765 4581 aut
1800 4542 1907 4581 non
1936 4529 2150 4596 probet,

2249 3337 2342 3389 καὶ
2372 3338 2515 3407 φανῇ
2541 3334 2877 3404 πανταχόθεν
2896 3332 3187 3397 ἀνεύθυνος
3204 3348 3218 3362 ·
3246 3333 3295 3385 εί
3313 3331 3371 3383 δὲ
3395 3331 3506 3401 πρὸ
3532 3332 3633 3400 τῆς
3652 3329 3835 3407 ἐξετά-

2251 3441 2390 3488 σεως
2434 3426 2864 3495 χειροτονηθείη,
2906 3422 3000 3476 καὶ
3051 3423 3152 3491 τῆς
3192 3421 3466 3493 ίερατείας
3524 3423 3835 3474 ἐκπεσεῖται

2251 3517 2348 3570 σὺν
2376 3517 2525 3587 αὐτῷ
2549 3516 2626 3587 τῷ
2661 3516 3118 3590 χειροτονήσαντι.
3148 3514 3211 3567 Et
3248 3514 3347 3585 μέν
3384 3531 3468 3567 τοι
3509 3516 3539 3567 ὁ
3583 3513 3719 3585 πρὸς
3742 3515 3836 3582 τὴν

2250 3607 2586 3682 χειροτονίαν
2614 3606 2909 3675 ἀντειπὼν,
2951 3606 3294 3676 συκοφάντης
3319 3604 3540 3676 φανείη,
3568 3606 3602 3676 ἢ
3637 3606 3711 3677 μὴ
3737 3607 3835 3657 ἐπ-

2251 3699 2480 3765 εξέλθοι,
2505 3698 2821 3770 χωριζέσθω
2868 3697 3131 3767 διηνεκῶς
3173 3699 3272 3767 τῆς
3311 3696 3472 3764 ἁγίας
3527 3694 3837 3757 κοινωνίας,

2254 3789 2406 3860 παρὰ
2439 3789 2534 3842 τοῦ
2574 3788 2671 3860 τὴν
2717 3787 3050 3859 χειροτονίαν
3097 3787 3408 3849 ποιοῦντος·
3440 3786 3475 3855 ἡ
3506 3784 3565 3838 δὲ
3596 3800 3835 3855 χειροτο-

2254 3880 2341 3934 νία
2366 3880 2600 3949 γινέσθω
2620 3897 2634 3911 ·
2660 3882 2691 3951 ἡ
2741 3880 2799 3933 δέ
2832 3880 2876 3950 β’
2907 3879 3149 3944 διάταξις
3186 3877 3281 3931 τοῦ
3312 3878 3477 3932 αὐτοῦ
3515 3878 3623 3932 τίτ.
3656 3878 3837 3948 φησὶν,

2252 3973 2333 4026 ὅτι
2364 3973 2459 4026 ἐὰν
2494 3974 2528 4044 ὴ
2558 3972 2878 4045 ἀντίρρησις
2925 3974 3018 4026 ἐπὶ
3072 3973 3224 4044 αἰτίᾳ
3268 3972 3520 4042 γένηται,
3550 3969 3842 4043 ἐμποδίσαι

2252 4065 2318 4133 τῇ
2349 4064 2656 4135 χειροτονίᾳ
2713 4063 2989 4135 δυναμένῃ
3032 4064 3174 4119 κατὰ
3221 4062 3346 4126 τοὺς
3377 4062 3582 4132 νόμους
3628 4062 3662 4133 ἢ
3718 4061 3841 4123 τοὺς

2254 4155 2484 4218 κανόνας
2505 4170 2521 4185 ·
2552 4158 2645 4210 καὶ
2701 4159 2783 4212 ὅτι
2820 4158 3088 4229 παρόντος
3141 4158 3402 4229 ἐκατέρου
3446 4157 3674 4227 μέρους,
3706 4156 3740 4226 ἡ
3761 4156 3844 4223 ἔξω

2254 4246 2439 4311 έτασις
2486 4246 2693 4315 γίνεται
2746 4249 2780 4319 ἡ
2820 4247 2915 4302 τοῦ
2968 4251 3300 4320 κατηγόρου,
3340 4252 3433 4305 ἐπὶ
3471 4256 3627 4324 τρεῖς
3671 4251 3842 4322 μῆνας

2256 4338 2686 4409 ὑπερτιθεμένου
2746 4339 3035 4411 πληρῶσαι
3063 4344 3163 4413 τὴν
3214 4345 3588 4414 κατηγορίαν·
3618 4344 3718 4397 καὶ
3765 4343 3843 4395 ὅτι

2260 4431 2336 4503 μὴ
2363 4432 2578 4492 δεικνὺς
2622 4436 2651 4487 ό
2695 4434 3003 4505 κατήγορος
3056 4435 3089 4505 ἢ
3138 4435 3491 4505 ἀποφεύγων,
3521 4436 3844 4490 ἐκϐάλλεται

2257 4523 2357 4591 τῆς
2413 4525 2680 4595 ἐπαρχίας
2708 4527 2765 4579 ἐν
2869 4530 3027 4581 οἰκεῖ.
3060 4528 3357 4598 Γινομένης
3386 4528 3445 4582 δέ
3474 4528 3575 4599 τῆς
3606 4545 3844 4601 χειροτο-

570 4629 664 4672 aut
690 4619 956 4689 aufugiat,
986 4617 1405 4688 ejiciaturextra
1431 4620 1796 4687 provinciam,
1834 4619 1887 4673 in
1916 4636 2024 4689 qua
2060 4620 2144 4673 lia-

2262 4616 2377 4680 νίας
2408 4617 2515 4689 πρδ
2529 4620 2629 4689 τῆς
2652 4618 2971 4684 ἐξετάσεως,
3002 4620 3030 4672 ὁ
3060 4619 3159 4689 μὲν
3190 4620 3595 4690 χειροτονηθεὶς
3624 4619 3845 4685 ἐξωθεί-

572 4710 730 4764 bitat.
778 4712 847 4765 At
877 4712 921 4766 si
952 4711 1227 4765 ordinatio
1264 4719 1393 4764 ante
1422 4711 1886 4766 exanimationem
1925 4715 2037 4777 liat,
2072 4728 2155 4767 or-

572 4803 793 4855 dinatus
859 4800 1215 4874 [sacerdotio]
1269 4802 1382 4873 [.8
1440 4803 1743 4871 expellatur
1801 4821 1814 4857 :
1874 4805 2156 4859 ordinatur

575 4904 754 4952 autem
786 4897 841 4951 in
872 4912 1077 4951 annum
1106 4914 1135 4951 a
1171 4913 1330 4952 sacro
1371 4898 1672 4952 ministerio
1723 4910 1997 4962 arceatur,
2031 4899 2157 4952 uni-

574 5004 839 5058 versaque
863 4990 1039 5060 ipsius
1073 4989 1381 5045 substantia
1411 4991 1531 5059 ejns
1548 4990 1804 5045 Ecclesiae
1833 4992 2150 5061 applicetur.

576 5083 753 5150 Atque
793 5081 981 5135 eadem
1020 5079 1183 5152 [haec]
1211 5081 1557 5145 constitutio,
1611 5083 1774 5135 etiam
1816 5084 1870 5134 in
1926 5081 2151 5136 ordina-

574 5175 725 5227 tione
786 5173 1109 5227 clericorum
1166 5174 1355 5229 eadem
1416 5174 1531 5228 vult
1576 5174 1846 5228 obtinere.
1917 5174 2148 5229 Constit.

576 5270 756 5316 autem
792 5264 856 5316 l7
884 5263 1128 5332 ejusdem
1158 5264 1244 5319 tit.
1275 5264 1409 5318 dicit
1446 5283 1459 5318 :
1495 5262 1550 5317 Si
1575 5265 1698 5332 quis
1732 5280 2063 5333 quacunque
2090 5266 2155 5319 de

576 5370 741 5409 causa
784 5356 1148 5410 ordinandum
1180 5366 1420 5420 accuset,
1480 5357 1715 5425 primum
1762 5368 2073 5421 accusator,
2106 5356 2155 5409 si

578 5445 1016 5499 criminationem
1048 5455 1428 5515 persequetur,
1462 5447 1806 5501 examinator
1842 5465 1855 5499 :
1896 5448 1979 5501 sin
2005 5446 2153 5501 desi-

648 5584 692 5613 “
720 5583 1025 5637 Concilium
1056 5584 1224 5637 Al'rie.
1259 5600 1377 5654 cap.
1417 5584 1501 5637 l7.

2260 4726 2389 4761 ται·
2422 4712 2450 4763 ὁ
2498 4710 2555 4764 δὲ
2618 4713 3024 4783 χειροτονήσας,
3053 4713 3146 4765 ἐπὶ
3176 4712 3419 4764 ἐνιαυτὸν
3446 4712 3722 4766 κωλύεται
3750 4711 3846 4779 τῆς

2265 4800 2415 4866 θείας
2444 4802 2809 4874 λειτουργίας,
2842 4807 2937 4857 καλ⁸
2966 4806 3114 4857 πᾶσα
3140 4807 3173 4875 ἡ
3204 4805 3364 4858 οὐσία
3403 4804 3574 4857 αὑτοῦ
3609 4821 3844 4875 προσιιυ⁴

2266 4895 2455 4966 ροῦται
2506 4898 2573 4967 τῇ
2626 4897 2750 4949 κατ’
2798 4896 2960 4950 αὑτὸν
3018 4896 3334 4967 Ἐκκλησία.
3385 4896 3447 4949 Ἢ
3477 4897 3621 4968 αὑτὴ
3654 4898 3709 4949 δὲ
3736 4896 3844 4948 διά-

2263 4987 2414 5051 ταξις
2461 4988 2602 5041 θέλει
2636 4989 2706 5041 τὰ
2739 4989 2879 5042 αὐτὰ
2927 4991 3150 5060 κρατεῖν
3204 4990 3297 5042 καὶ
3330 4992 3423 5042 ἐπὶ
3453 4994 3577 5053 ταῖς
3612 5003 3852 5060 χειροτοσ

2266 5078 2406 5141 νίαις
2428 5079 2536 5131 τῶν
2572 5078 2877 5148 κληρικῶν·
2901 5081 2933 5149 ἡ
2961 5079 3019 5133 δὲ
3053 5080 3115 5144 ιζ’
3148 5078 3386 5145 διάταξις
3414 5079 3508 5130 τοῦ
3544 5078 3713 5130 αὐτου
3744 5076 3845 5126 τίτ.

2267 5173 2452 5241 φησὶν,
2475 5171 2557 5223 ὅτι
2580 5174 2721 5235 τινὸς
2749 5171 3212 5242 κατηγοροῦντος,
3243 5172 3326 5241 ἐφ’
3356 5171 3651 5242 οἱᾳδήποτε
3680 5169 3847 5237 αἰτία,

2266 5262 2360 5315 τοῦ
2409 5264 2696 5331 μέλλοντος
2734 5264 3177 5334 χειροτονεῖσθαι,
3223 5264 3458 5332 γινέσθω
3501 5264 3770 5333 πρότερον
3816 5261 3847 5329 ἡ

2266 5354 2548 5419 ἐξέτασις,
2588 5353 2683 5408 τοῦ
2719 5357 3026 5425 κατηγόρου
3058 5355 3385 5419 ἐπεξιόντος.
3432 5357 3497 5407 Εἰ
3545 5356 3601 5406 δέ
3630 5355 3848 5407 ἀπολει-

2266 5447 2454 5517 φθῇ,ἢ
2491 5446 2878 5513 ἀναϐάλλεται,
2918 5447 3140 5500 ποιείτω
3180 5448 3275 5513 τὴν
3311 5448 3541 5518 ζήτησιν
3579 5449 3607 5500 ὁ
3644 5445 3850 5517 μέλλων

2094 5698 2326 5755 NOTAE.

657 5810 767 5881 (16)
798 5808 967 5863 Cone.
994 5811 1250 5879 (Iartbag.
1285 5827 1365 5876 ιιι,
1406 5827 1519 5881 ρῳ.
1562 5811 1650 5864 40.
1700 5810 1765 5865 Et
1820 5812 2131 5868 Ferrnndus

2249 5829 2290 5882 ρ.
2325 5813 2381 5878 5,
2414 5830 2479 5870 ex
2513 5814 2687 5871 Cone.
2723 5814 3003 5886 Cartliag.,
3033 5817 3114 5871 tit.
3143 5817 3198 5871 l.
