4122 6442
408 377 506 442 497

1171 376 1571 440 SYNTAGMA
1610 377 1997 439 CANONUM.
2019 402 2089 412 ·-
2108 378 2254 438 ΤΙΤ.
2284 379 2335 453 Ι,
2365 380 2522 441 CAP.
2556 382 2721 458 VIII,
2758 385 2863 445 XI.

3573 396 3676 460 498

412 493 767 567 χειροτονεῖν,¹
794 490 931 546 εἵσω
972 490 1141 561 τριῶν
1180 491 1368 561 μηνῶν
1393 508 1408 522 ’
1445 492 1542 544 καὶ
1567 490 1664 543 ἐὰν
1698 489 1993 552 ἀνεύθυνος

2096 495 2223 551 stat.
2289 499 2386 546 aut
2432 491 2667 558 diﬂ'erat,
2709 495 3068 555 ordinaturus
3127 501 3266 555 intra
3301 512 3414 561 tres
3456 478 3677 566 menses

410 591 573 658 φανῇ,
603 584 871 654 παρόντος
896 582 930 654 ἢ
958 582 1375 651 ἀπολειφθέντος
1395 581 1489 636 τοῦ
1512 580 1844 651 κατηγόρου,
1874 596 1989 649 χει-

412 678 765 754 ροτονείσθω”
800 677 895 732 καὶ
928 676 958 730 ό
985 676 1308 748 κατήγορος,
1340 676 1389 728 εί
1423 673 1521 744 μὲν
1554 672 1813 743 κληρικός
1842 673 1990 725 ἐστιν

411 771 729 827 ἐκϐάλλεται
756 769 847 824 τοῦ
876 769 1089 841 βαθμοῦ
1128 768 1325 823 αὐτοῦ·
1362 770 1411 822 εί
1438 768 1495 822 δὲ
1527 766 1738 832 λαῖκδς,
1771 783 1990 837 σωφρο-

412 861 635 927 νίζεται.
662 861 773 931 Τῆς
794 861 853 915 δὲ
870 860 1200 933 χειροτονίας
1215 860 1506 931 γινομένης
1538 859 1645 931 πρὸ
1663 858 1985 925 ἐξετάσεως,

411 958 509 1025 τῆς
553 953 852 1024 ἱερωσύνης
884 955 912 1007 ὁ
946 952 1344 1024 χειροτονηθεὶς
1384 951 1479 1006 καὶ
1525 953 1553 1005 ὁ
1603 951 1989 1022 χειροτονήσας

411 1045 779 1100 ἐκϐάλλονται.
811 1044 975 1113 Λέγει
1012 1046 1069 1099 δὲ
1097 1044 1166 1098 τά
1196 1043 1336 1098 αύτά
1366 1046 1587 1115 κρατεῖν
1624 1043 1719 1097 καὶ
1746 1042 1838 1096 ἐπὶ
1867 1059 1983 1113 χει-

413 1135 621 1207 ροτονίᾳ
651 1136 989 1202 ἐπισκόπων,
1024 1137 1119 1189 καὶ
1153 1135 1465 1207 κληρικῶν,
1513 1135 1609 1188 καὶ
1641 1133 1982 1205 ἡγουμένων.

472 1229 719 1285 ΚΕΦΑΛ.
751 1227 1031 1295 Θ.-Περί
1061 1227 1167 1282 τοῦ
1199 1230 1424 1297 χρόνου
1441 1223 1512 1285 οὗ
1532 1226 1703 1296 ἐντὸς
1727 1226 1820 1281 δεῖ
1841 1225 1984 1296 τοὺς

403 1320 773 1387 ἐπισκόπους
791 1319 1281 1389 χειροτονεῖσθαι.

654 1412 928 1467 Συνόδου
962 1411 1350 1479 Χαλκηδόνος
1376 1411 1578 1467 κανὼν
1604 1410 1701 1467 κε’.

469 1513 569 1561 κε’.
617 1504 947 1577 Ἐπειδήπερ
993 1504 1138 1569 τινὲς
1171 1504 1280 1559 τῶν
1322 1504 1740 1575 μητροπολιτῶν
1777 1502 1853 1567 ὡς
1882 1520 1981 1556 πε-

401 1596 763 1671 ριηχήθημεν,
812 1595 1077 1666 ἀμελοῦσι
1110 1594 1219 1648 τῶν
1250 1593 1748 1665 ἐγκεχειρισμένων
1797 1593 1979 1656 αὐτοῖς

396 1690 696 1760 ποιμνίων,
757 1687 855 1742 καὶ
894 1686 1288 1741 ἀναϐάλλονται
1335 1685 1434 1750 τὰς
1483 1684 1820 1756 χειροτονίας
1870 1683 1980 1739 τῶν

2096 590 2362 649 praesente
2392 590 2489 637 aut
2521 584 2745 641 absente
2769 597 3093 643 accusatore
3123 603 3404 659 appireat,
3445 594 3677 672 [ipsum]

2093 670 2366 725 ordinato.
2420 672 2723 729 Accusator
2768 686 2954 730 autem
3002 679 3049 733 si
3094 680 3329 737 clericus
3368 684 3461 747 sit,
3503 670 3675 755 gradu

2090 760 2355 830 cjicitor:
2410 763 2456 819 si
2506 765 2698 829 laicus,
2748 768 3068 839 castigator.
3119 770 3173 825 Si
3226 775 3504 830 ordinatio
3549 789 3677 833 ante

2090 855 2552 912 examinationem
2599 860 2712 924 ﬁat,
2755 862 3063 917 sacerdotio
3092 875 3145 919 et
3188 867 3471 923 ordinator
3498 881 3551 924 ct
3583 886 3675 925 or-

2088 947 2310 1005 dinatus
2371 950 2684 1020 ejiciuntor.
2718 954 2897 1024 Atque
2934 956 3072 1012 dicit
3099 958 3287 1015 eadem
3335 965 3585 1019 obtinere
3616 966 3670 1020 in

2088 1042 2437 1098 ordinatione
2465 1046 2816 1115 clericorum,
2842 1049 3250 1122 episcoporum,
3288 1063 3343 1109 et
3373 1058 3669 1125 praesulnm

2088 1131 2627 1209 [monasteriorum].

2156 1225 2312 1281 CAP.
2343 1227 2432 1281 IX.
2467 1258 2537 1268 —
2566 1228 2720 1284 Intra
2740 1231 2881 1300 quod
2902 1242 3101 1305 tempus
3125 1237 3354 1307 episcopi
3382 1240 3670 1293 ordinandi

2087 1317 2221 1371 sint.

2366 1405 2595 1462 Concilii
2619 1407 3057 1468 Chalcedonensis
3084 1432 3253 1471 canou
3281 1417 3373 1473 25.

2161 1497 2253 1551 25.
2283 1496 2550 1564 Quoniam
2580 1500 2831 1556 nonnulli
2857 1506 3304 1574 metropolitani,
3336 1516 3397 1563 ut
3430 1524 3575 1579 smpe
3634 1527 3662 1564 ιι

2082 1588 2242 1644 nobis
2266 1589 2511 1644 auditum
2542 1600 2645 1657 est,
2686 1601 2741 1648 et
2776 1609 2971 1664 greges
3004 1597 3108 1652 sibi
3140 1600 3466 1657 commissos
3493 1603 3664 1673 negli-

2082 1691 2235 1751 gunt,
2274 1690 2329 1736 et
2358 1683 2740 1754 episcoporum
2798 1689 3170 1747 ordinationes
3232 1691 3507 1759 diﬂ’erunt,
3537 1712 3666 1752 sau-

394 1781 732 1843 ἐπισκόπων,
757 1778 905 1843 ἔδοξε
927 1780 993 1849 τῇ
1015 1776 1151 1849 ἁγίᾳ.
1182 1776 1408 1845 συνόδῳ,
1435 1776 1585 1839 ἐντὸς
1607 1774 1775 1846 τριῶν
1794 1774 1980 1845 μηνῶν

2082 1784 2183 1827 ctzc
2215 1774 2426 1847 synodo
2460 1776 2664 1846 placuit
2691 1787 2752 1833 ut
2780 1779 2922 1835 intra
2971 1790 3080 1837 tres
3120 1798 3335 1841 menses
3378 1789 3664 1857 episcopo-

392 1872 641 1941 γίνεσθαι
679 1871 779 1934 τάς
802 1870 1138 1941 χειροτονίας
1157 1868 1266 1923 τῶν
1300 1868 1615 1922 ἐπισκόπων
1633 1883 1648 1898 ⁶
1672 1866 1720 1920 εί
1745 1871 1819 1938 μή
1848 1884 1978 1921 ποτε

2076 1880 2202 1917 rum
2242 1865 2617 1921 ordinationes
2669 1867 2841 1935 ﬁant,
2892 1870 3001 1926 nisi
3053 1872 3411 1931 inexorabilis
3477 1878 3669 1947 utique

390 1962 500 2033 ἄρα
528 1961 910 2032 ἀπαραίτητος
936 1961 1175 2031 ἀνάγκη,
1204 1962 1619 2031 παρασκευάσοι
1653 1959 1978 2027 ἐπιταθῆναι

388 2054 480 2106 τὸν
521 2052 627 2117 τῆς
675 2051 947 2123 ἀναϐολῆς
990 2051 1215 2122 χρόνον.
1259 2052 1322 2105 Εί
1347 2050 1404 2103 δὲ
1436 2050 1510 2123 μή
1536 2052 1696 2105 τοῦτο
1740 2053 1976 2123 ποιήσοι,

390 2142 713 2198 ὑποκεῖσθαι
755 2144 923 2198 αὑτὸν
951 2142 1391 2214 ἐκκλησιαστικῷ
1425 2142 1706 2214 ἐπιτιμίῳ,
1735 2142 1835 2213 τὴν
1878 2142 1977 2213 μέν

387 2254 466 2289 τοι
509 2236 777 2307 πρόσοδον
810 2235 912 2306 τῆς
941 2235 1282 2307 χηρευούσης
1319 2234 1619 2306 ἐκκλησίας
1647 2233 1795 2289 σώαν
1824 2235 1977 2306 παρά

384 2327 461 2396 τῷ
485 2327 761 2397 οἰκονόμῳ
782 2326 881 2396 τῆς
912 2327 1085 2396 αὐτῆς
1110 2325 1410 2396 ἐκκλησίας
1440 2325 1831 2394 φυλάττεσθαι.

762 2417 1036 2472 Συνόδαυ
1067 2417 1251 2484 ἕκτης
1289 2416 1490 2471 κανὼν
1522 2416 1605 2471 ιδ’.

455 2509 540 2564 ιδ’.
586 2509 647 2562 '0
669 2508 777 2562 τῶν
820 2508 993 2577 ἁγίων
1027 2506 1120 2561 καὶ
1169 2507 1453 2578 θεοφόρων
1505 2506 1667 2578 ήμῶν
1713 2506 1975 2578 Πατέρων

383 2600 662 2671 κρατείτω
712 2604 893 2655 κανὼν
910 2599 1004 2653 καὶ
1054 2600 1113 2652 ἐν
1158 2599 1353 2669 τούτῳ,
1409 2598 1552 2652 ὥστε
1600 2598 1974 2669 πρεσϐύτερον

382 2693 488 2763 πρὸ
512 2692 565 2746 λ’
594 2691 752 2758 ἐτῶν,
797 2692 872 2762 μὴ
903 2691 1353 2762 χειροτονεῖσθαι,
1384 2690 1489 2745 κᾶν
1518 2693 1661 2745 πάνυ
1688 2687 1722 2763 ᾗ
1757 2690 1907 2756 ἄξιος
1945 2692 1975 2746 ὀ

380 2783 694 2853 ἄνθρωπος,
712 2782 1272 2855 ἀλλ’ἀποτηρεῖσθαι.
1295 2782 1355 2837 Ὀ
1389 2782 1498 2853 γάρ
1527 2781 1733 2853 Κύριος
1766 2780 1974 2853 Ἰησοῦς

379 2877 622 2948 Χριστὸς
656 2879 713 2930 ἐν
744 2874 821 2947 τῷ
849 2874 1159 2946 τριακοστῷ
1206 2874 1318 2929 έτει
1370 2874 1697 2945 ἐϐαπτίσθη,
1731 2876 1827 2929 καὶ
1870 2876 1972 2946 ἧρ-

381 2969 506 3034 ξατο
528 2968 833 3023 διδάσκειν·
869 2966 1073 3038 ὁμοίως
1122 2966 1262 3038 μήτε
1295 2967 1544 3021 διάκονον
1577 2968 1686 3039 πρὸ
1725 2968 1835 3022 τῶν
1892 2978 1971 3022 κε’

377 3061 541 3127 ἐτῶν,
582 3060 615 3132 ἢ
645 3061 991 3116 διακόνισσαν
1022 3058 1129 3127 πρὸ
1168 3058 1279 3113 τῶν
1317 3065 1368 3131 μ’
1391 3060 1600 3132 χρόνων
1631 3064 1968 3133 χειροτονεῖ-

378 3155 525 3210 σθαι.

452 3250 522 3303 Ἦ
581 3249 631 3320 β’
672 3249 915 3315 διάταξις
944 3248 1040 3304 τοῦ
1073 3256 1122 3305 α’
1152 3269 1260 3308 τιτ.
1304 3252 1412 3305 τῶν
1436 3250 1648 3322 νεαρῶν
1677 3268 1864 3320 φησιν,
1887 3251 1965 3304 ὅτι

378 3344 472 3397 ἐὰν
519 3341 870 3414 ὑπέρθωνται
909 3345 959 3395 οί
983 3344 1083 3415 τῆς
1114 3343 1321 3409 πόλεως
1372 3344 1466 3398 ἐπὶ
1486 3342 1546 3409 ἒξ
1583 3344 1756 3414 μῆνας
1803 3343 1971 3411 ψηφί-

377 3437 582 3490 σασθαι
607 3436 699 3489 τὸν
722 3435 1038 3501 ἐπίσκοπον,
1060 3436 1282 3490 ποιείτω
1308 3437 1405 3507 τὴν
1440 3437 1775 3507 χειροτονίαν
1802 3428 1846 3503 ᾦ
1867 3454 1971 3489 τινι

374 3528 651 3600 ἁρμόζει,
688 3527 919 3600 κινδύνῳ
964 3530 1064 3599 τῆς
1116 3527 1315 3583 ἑαυτοῦ
1360 3527 1575 3600 ψυχῆς,
1634 3527 1743 3581 τῶν
1794 3527 1971 3581 ἄλλων

376 3620 602 3673 πάντων
630 3620 1229 3692 παραφυλαττομένων.
1312 3692 1315 3693 ν

445 3733 707 3787 ΚΕΦΔΛ.
742 3734 783 3786 I.
812 3764 884 3774 —
906 3732 1044 3801 Περὶ
1074 3734 1181 3788 τοῦ
1203 3733 1290 3803 μὴ
1322 3732 1788 3803 χειροτονεῖσθαι
1836 3748 1972 3787 τινα

374 3824 723 3878 ἐπίσκοπον
759 3824 798 3892 ἢ
841 3825 1248 3891 πρεσϐύτερον
1290 3823 1329 3893 ἣ
1374 3822 1677 3888 διάκονον,
1728 3822 1873 3891 πρὶν
1928 3824 1967 3892 ἢ

376 3917 616 3982 πάντας
670 3915 814 3983 τοὺς
846 3916 915 3970 ἐν
950 3915 1031 3982 τῷ
1091 3917 1233 3983 οἴκῳ
1299 3916 1513 3983 αὐτοῦ,
1574 3915 1970 3985 Χριστιανοὺς

377 4008 748 4076 ὀρθοδόξους
786 4009 1050 4077 ποιήσει.

640 4164 913 4219 Συνόδου
942 4163 1323 4232 Καρθαγένης
1358 4162 1562 4217 κανὼν
1594 4162 1704 4229 λς’.

446 4275 543 4342 λς’
560 4276 725 4330 Ὥστε
755 4276 1108 4339 ἐπισκόπους,
1135 4278 1230 4330 καὶ
1264 4276 1693 4349 πρεσϐυτέρους,
1722 4278 1816 4332 καὶ
1848 4277 1967 4332 δια-

378 4370 573 4432 κόνους
602 4368 677 4439 μὴ
699 4369 1142 4441 χειροτονεῖσθαι,
1178 4370 1309 4439 πρὶν
1343 4368 1376 4438 ἢ
1412 4368 1621 4432 πάντας
1648 4370 1776 4432 τοὺς
1808 4369 1867 4422 έν
1887 4368 1969 4441 τῷ

379 4461 514 4531 οἴκῳ
540 4459 742 4525 αὐτῶν,
780 4462 1137 4532 Χριστιανοὺς
1176 4460 1492 4530 ὀρθοδόξους
1522 4461 1864 4529 ποιήσουσιν.

2078 1956 2378 2011 necessitas
2409 1956 2652 2014 eﬂ'ccerit
2676 1968 2739 2015 ut
2762 1961 3045 2019 dilationis
3078 1972 3294 2034 tempus
3315 1979 3660 2039 prorOgetur.

2080 2047 2135 2101 Si
2167 2058 2351 2103 autem
2383 2050 2487 2105 hoc
2516 2066 2627 2106 non
2653 2052 2904 2120 fecerint,
2928 2070 3025 2111 eos
3059 2059 3447 2116 ecclesiasticae
3488 2078 3667 2131 poena;

2077 2141 2299 2208 subjici.
2332 2141 2521 2197 Vidua;
2551 2160 2683 2199 vero
2719 2148 2967 2203 ecclesia
3019 2152 3275 2217 reditum,
3314 2156 3456 2224 apud
3489 2157 3662 2213 eccle~

2078 2231 2172 2285 sia:
2211 2246 2559 2287 (Bconomum
2590 2235 2803 2291 salvum
2830 2238 3122 2295 custodiri.

2289 2431 2401 2504 5.9
2433 2432 2659 2490 Concitii
2685 2438 2991 2493 arrumenici
3022 2455 3074 2495 vr
3124 2458 3293 2497 canon
3336 2444 3425 2498 M.

2149 2525 2235 2580 14.
2273 2523 2601 2583 Sanctorum
2628 2528 3050 2602 divinorumque
3068 2533 3294 2589 Patrum
3339 2544 3657 2592 nostrorum

2076 2628 2254 2669 canon
2287 2616 2341 2670 in
2375 2616 2462 2673 his
2492 2633 2711 2689 quoque
2735 2619 2935 2684 valeat,
2977 2633 3039 2677 ut
3065 2624 3349 2696 presbyter
3392 2638 3522 2682 ante
3561 2630 3661 2683 tri-

2074 2707 2224 2777 ginta
2259 2721 2436 2761 annos
2473 2722 2584 2762 non
2623 2708 2930 2777 ordinetur,
2977 2712 3191 2768 etiamsi
3219 2716 3290 2770 sit
3323 2717 3485 2771 homo
3506 2720 3661 2773 valde

2073 2796 2293 2865 dignus,
2351 2797 2447 2852 sed
2496 2808 2810 2854 reservetur
2842 2801 2911 2858 ".
2971 2800 3237 2860 Dominus
3297 2808 3445 2861 cnim
3498 2806 3663 2863 Jesus

2072 2887 2324 2942 Christus
2376 2887 2653 2944 tricesimo
2683 2905 2827 2945 anno
2873 2891 3183 2961 baptizatus
3229 2904 3332 2961 est,
3386 2907 3441 2953 et
3492 2903 3661 2970 cmpit

2072 2979 2288 3034 docere.
2338 2979 2599 3036 Similiter
2646 2998 2747 3039 nec
2802 2984 3066 3043 diaconus
3112 2997 3240 3045 ante
3290 2991 3655 3062 quadraginta

2073 3087 2249 3128 annos
2272 3073 2557 3129 ordinetur
2582 3074 2651 3129 “.

2148 3248 2364 3305 Textus.
2398 3250 2587 3308 Const.
2614 3251 2671 3319 2,
2700 3251 2785 3307 tit.
2816 3253 2843 3307 1
2890 3252 3238 3310 Novellarum
3282 3259 3399 3315 ait:
3432 3259 3489 3314 Si
3521 3261 3660 3316 civi-

2073 3343 2201 3398 tatis
2226 3342 2439 3414 [clerici
2477 3351 2531 3398 et
2557 3343 2850 3417 primores]
2884 3344 3027 3401 ultra
3056 3361 3152 3402 sex
3190 3362 3410 3406 menses
3440 3350 3657 3420 episco-

2070 3450 2199 3505 pum
2232 3434 2530 3491 decernere
2555 3435 2829 3503 diﬂ‘erant,
2859 3437 2904 3493 is
2927 3438 3020 3508 qui
3047 3438 3336 3495 ordinandi
3355 3442 3447 3511 jus
3471 3443 3661 3508 habet,

2070 3526 2313 3597 periculo
2339 3528 2535 3581 anima:
2570 3542 2686 3583 suae
2714 3526 3085 3602 [episcopum]
3113 3530 3405 3589 ordinato:
3440 3532 3656 3607 {atque}

2071 3620 2175 3673 alia
2208 3619 2393 3673 omnia
2423 3630 2733 3675 servantur.

2142 3730 2294 3787 CAP.
2320 3730 2391 3786 Χ.
2444 3763 2489 3772 -
2520 3732 2673 3798 Quod
2707 3750 2857 3789 nemo
2881 3738 2953 3789 sit
2981 3737 3253 3805 episcopus
3281 3735 3358 3791 vel
3393 3736 3659 3807 presbyter

2072 3824 2149 3877 vel
2220 3825 2475 3879 diaconus
2551 3826 2879 3882 ordinandus
2990 3839 3273 3900 antequam
3338 3829 3655 3885 domesticos

2070 3933 2248 3971 omnes
2281 3918 2461 3986 fecerit
2486 3918 2830 3976 orthodoxos.

2352 4177 2580 4231 Concitii
2606 4177 3040 4249 Carthaginensis
3067 4194 3240 4231 canon
3278 4178 3367 4231 36.

2142 4268 2229 4324 56.
2268 4266 2338 4324 Ut
2360 4269 2600 4340 episcopi
2636 4270 2704 4335 ⁸⁸,
2735 4279 2790 4325 et
2816 4270 3160 4341 presbyteri,
3204 4278 3257 4325 et
3284 4268 3502 4323 diaconi
3547 4285 3655 4322 non

2069 4361 2395 4417 ordinentur
2427 4362 2749 4434 priusquam
2784 4377 2978 4419 omnes
2999 4363 3090 4431 qui
3116 4371 3247 4417 sunt
3278 4362 3334 4416 in
3366 4362 3533 4417 domo
3560 4378 3655 4416 eo-

2072 4469 2216 4515 rum,
2244 4453 2590 4510 Christianos
2614 4454 2914 4510 catholicos
2938 4455 3189 4509 fecerint.

450 4518 565 4606 K'al.
595 4552 628 4622 ή
663 4518 983 4622 η”διάταξις
1006 4551 1101 4604 τοῦ
1119 4518 1171 4603 γε’
1192 4518 1295 4604 τίτ.
1329 4518 1424 4604 τοῦ
1462 4518 1511 4605 α’
1542 4518 1768 4621 βιϐλίου,
1801 4552 1897 4607 καὶ
1923 4555 1958 4625 ή
1991 4519 2000 4577 1

2148 4544 2367 4599 Textus.
2389 4542 2565 4597 Etiam
2593 4553 2773 4599 const.
2806 4544 2889 4609 18,
2922 4544 3003 4600 ιὶι.
3028 4545 3083 4608 5,
3112 4545 3203 4600 lib.
3227 4561 3265 4607 ι,
3290 4552 3541 4599 elconst.
3564 4544 3651 4607 10,

377 4644 472 4697 τοῦ
550 4644 618 4697 ια’
668 4644 796 4709 τίτ.,
831 4643 1202 4714 τιμωροῦνται
1279 4643 1405 4707 τοὺς
1463 4643 1811 4713 Σαμαρείτας
1864 4645 1959 4698 καὶ

379 4732 650 4803 ’Έλληνας
700 4732 1123 4803 βαπτιζομένους
1181 4734 1274 4787 καὶ
1311 4734 1387 4803 μὴ
1435 4735 1813 4804 προσάγοντας
1862 4736 1961 4798 τὰς

377 4825 627 4895 γαμετὰς
687 4825 868 4879 αὐτῶν
932 4826 1025 4878 καὶ
1066 4825 1263 4889 παῖδας
1285 4824 1529 4889 καὶτοὺς
1550 4826 1609 4878 ἐν
1647 4828 1761 4889 τοῖς
1790 4826 1960 4889 οἴκοις

377 4916 582 4981 αὐτῶν,
609 4915 687 4987 τῷ
720 4917 861 4987 ἁγίῳ
888 4915 1245 4988 βαπτίσματι.

454 5027 703 5081 ΚΕΦΑΛ.
726 5024 834 5082 lA'.
866 5028 1008 5097 Περὶ
1056 5027 1175 5082 τῶν
1212 5028 1333 5083 ἀπὸ
1376 5030 1604 5084 λαῑκῶν
1644 5029 1970 5101 γινομένων

376 5118 745 5174 ἐπισκόπων.

712 5212 987 5269 Συνόδου
1020 5211 1323 5283 Σαρδικῆς
1352 5215 1554 5269 κανὼν
1587 5222 1641 5269 ι’.

452 5304 486 5357 ι’
511 5304 787 5369 Ἅπαντες
813 5305 864 5358 oi
885 5304 1175 5359 ἐπίσκοποι
1201 5305 1566 5378 ἀπεκρίναντο
1587 5308 1844 5380 ἀρέσκειν
1867 5308 1960 5361 αύ-

378 5398 513 5463 τοῖς,
560 5397 656 5452 καὶ
702 5397 1161 5470 πρεπωδεστάτην
1198 5394 1337 5453 εἶναι
1368 5399 1466 5471 τὴν
1493 5400 1804 5471 συμϐουλὴν
1828 5401 1961 5455 ταύ-

380 5506 502 5556 την.
529 5491 717 5554 "Octo;
760 5490 1058 5554 ἐπίσκοπος
1102 5485 1247 5557 εἷπε,
1304 5493 1415 5545 Καὶ
1473 5493 1632 5546 τοῦτο
1654 5493 1958 5564 ἀναγκαῖον

383 5576 519 5635 εἶναι
568 5582 806 5653 νομίζωο
846 5584 896 5637 εί
930 5583 1068 5653 μετά
1111 5583 1292 5655 πάσης
1336 5584 1623 5653 ἀκριϐείας
1644 5587 1736 5639 καὶ
1766 5588 1960 5656 ἐπιμεο

382 5672 529 5738 λείας
558 5674 885 5742 ἐξετάζοιτο,
919 5676 1059 5730 ὥστε
1084 5676 1178 5731 ἐάν
1207 5694 1291 5741 τις
1321 5676 1575 5739 πλούσιος
1600 5678 1633 5749 ἢ
1675 5678 1955 5748 σχολαστι-

454 5786 495 5817 ³³
524 5787 762 5845 Ncoczes.
805 5804 927 5845 can.
967 5790 1052 5847 11.
1131 5792 1175 5824 ⁸⁵
1206 5791 1461 5848 Chalccd.
1494 5810 1611 5849 can.
1648 5793 1730 5849 15.

2067 4631 2149 4685 tit.
2178 4632 2235 4692 2,
2262 4630 2496 4700 puniunt
2519 4629 2894 4687 Samaritanos
2916 4641 2969 4686 et
2990 4647 3233 4702 paganos
3255 4632 3577 4701 baptizatos.
3604 4633 3650 4687 si

2066 4738 2269 4778 uxores
2300 4738 2430 4778 suas
2466 4732 2519 4777 et
2545 4722 2745 4779 liberos
2774 4739 2915 4793 quos
2933 4725 3082 4779 domi
3117 4724 3341 4791 habent,
3367 4726 3433 4778 ad
3462 4739 3653 4778 sacro-

2070 4825 2323 4870 sanctum
2351 4814 2618 4885 baptisma
2642 4828 2750 4868 non
2783 4814 3080 4869 adducant.

2144 5028 2252 5101 50
2277 5027 2428 5082 CAP.
2460 5026 2706 5083 XL—De
2736 5030 2802 5084 iis
2832 5031 2921 5099 qui
2944 5030 3006 5084 de
3022 5029 3163 5084 laico
3199 5032 3494 5087 conditione
3517 5034 3657 5101 [iant-

2063 5119 2327 5191 episcopi.-

2407 5212 2631 5270 Concilii
2670 5212 3000 5268 Sardiccnsis
3034 5231 3205 5269 canon
3240 5217 3321 5270 10.

2143 5306 2229 5361 10.
2257 5303 2461 5361 Omnes
2488 5305 2729 5375 episcopi
2774 5305 3033 5360 dixerunt
3067 5307 3146 5360 eis
3179 5308 3414 5377 placere,
3454 5318 3654 5363 etesse

2064 5398 2643 5454 convenientissimum
2665 5399 2768 5453 hoc
2797 5399 3109 5453 consilium.
3130 5400 3330 5456 IIosius
3362 5400 3654 5471 episcopus

2064 5492 2239 5547 dixit:
2286 5490 2401 5547 Hoc
2430 5506 2647 5561 quoque
2700 5491 3069 5546 necessarium
3100 5493 3375 5556 existimo,
3432 5503 3490 5547 ut
3525 5509 3652 5547 cum

2074 5584 2222 5638 omni
2248 5598 2379 5637 cura
2429 5593 2482 5637 et
2511 5582 2790 5653 diligentia
2818 5585 3201 5650 exatninetur;
3249 5594 3306 5639 ut
3337 5584 3383 5639 si
3425 5585 3549 5655 quis
3580 5600 3648 5643 ex

2068 5678 2186 5730 loro
2236 5675 2350 5728 sive
2406 5674 2579 5741 dives,
2631 5675 2744 5730 sive
2769 5674 3134 5730 scholasticus
3159 5714 3173 5741 ,
3198 5675 3491 5746 episcopus
3532 5673 3653 5729 lieti

1810 5793 1853 5826 ³³
1896 5793 2063 5849 Cone.
2093 5792 2349 5865 Curtbag.
2398 5806 2455 5845 ιιι
2484 5829 2497 5855 ,
2529 5806 2651 5864 cap.
2684 5789 2779 5859 l8;
2812 5789 3109 5846 concilium
3140 5790 3308 5847 Afric.
3354 5806 3475 5863 cap.
3507 5790 3571 5853 3.
