4122 6440
529 407 636 469 49-9

1696 407 1956 468 PIIOTII
1997 409 2500 472 PATRIARCIL’E
2529 412 2640 473 CP.

3699 404 3804 466 500

531 516 733 587 «lignus
756 514 1041 579 habeatur,
1060 529 1173 569 non
1205 515 1356 584 prius
1379 515 1750 570 constituatur
1777 555 1792 579 ,
1819 531 1985 585 quam
2041 517 2108 571 le-

2222 517 2338 580 κὸς,
2376 519 2483 571 ἀπὸ
2504 518 2607 587 τῆς
2638 517 2845 587 ἀγορᾶς
2873 515 3078 580 ἀξιοῖτο
3107 514 3407 579 ἐπίσκοπος
3432 513 3706 582 γίνεσθαι,
3729 515 3806 586 μὴ

531 621 563 662 c
587 607 701 661 oris
738 615 793 660 et
834 606 1049 661 diaconi
1081 614 1134 659 et
1166 606 1465 675 presbyteri
1488 604 1850 659 n‘tinistcrinm
1894 621 2118 675 perege-

530 701 640 751 rit:
676 698 816 751 utin
851 713 1180 768 unoquoque
1217 699 1412 766 gra'lu,
1465 698 1509 752 si
1541 698 1738 767 dignus
1772 699 2119 753 existimatus

535 788 722 852 fuerit,
753 790 820 842 ad
851 791 1197 860 epi~copatus
1230 790 1506 860 fastigium
1534 806 1628 860 per
1658 791 2107 859 progressionem

533 883 705 950 possit
735 881 1052 936 ascendere.
1092 881 1320 934 llabebit
1349 891 1529 935 autem
1557 881 1992 951 uniuscujusque
2022 895 2112 934 0r-

531 970 676 1024 dinis
701 971 904 1038 gradus
926 985 1037 1023 non
1068 969 1278 1023 minimi
1316 970 1527 1024 seilic--t
1576 974 1839 1039 temporis
1881 970 2118 1039 longitu-

533 1061 735 1126 dinem,
773 1075 869 1131 per
917 1061 1061 1130 quod
1102 1071 1157 1116 et
1203 1062 1358 1127 ﬁdes,
1402 1073 1457 1115 et
1508 1078 1720 1118 morum
1753 1064 2016 1132 probitas,
2063 1073 2117 1118 et

533 1150 863 1214 constantia,
898 1159 953 1203 et
1005 1151 1310 1205 moderatio
1358 1152 1531 1221 possit
1556 1153 1816 1222 cognosci
1869 1163 1966 1208 :et
2001 1155 2116 1223 ipse

530 1242 718 1296 divino
780 1243 1085 1296 sacerdotio
1131 1245 1331 1312 dignus
1383 1245 1754 1308 existimatus,
1812 1246 2111 1299 maximum

532 1334 798 1388 honorem
834 1347 1177 1406 asscqnetur.
1221 1337 1408 1406 Neque
1451 1339 1596 1391 enim
1627 1339 1903 1403 convenit,
1937 1354 2114 1408 neque

531 1424 758 1479 scientia
783 1434 837 1479 et
881 1427 1022 1482 bona
1042 1431 1387 1481 conversatio
1429 1429 1532 1481 hoc
1568 1428 1780 1498 recipit,
1821 1439 1880 1482 ut
1908 1437 2114 1482 temere

529 1526 586 1571 et
624 1517 815 1571 leviter
839 1518 906 1571 ad
962 1519 1012 1573 id
1055 1519 1368 1583 accedatur,
1423 1531 1477 1573 ut
1508 1523 1816 1588 epismpns,
1863 1522 1944 1574 vel
1989 1535 2114 1589 pre-

530 1607 739 1680 sbyter,
761 1610 844 1663 Vel
873 1611 1140 1664 diaconus
1163 1622 1411 1680 prompte
1438 1626 1503 1664 ac
1531 1609 1688 1664 facile
1715 1611 2110 1664 constituatur.

532 1699 625 1754 Sic
664 1700 810 1754 enim
847 1699 1044 1754 merito
1095 1702 1405 1772 neopltytus
1450 1701 1815 1766 existimetur,
1853 1703 2109 1770 quando-

527 1792 749 1861 quidem
807 1803 861 1846 et
905 1793 1258 1847 beatissimus
1299 1793 1617 1862 Apostolus,
1669 1793 1763 1862 qui
1799 1792 1901 1846 fuit
1946 1794 2108 1846 etiam

526 1882 720 1936 doctor
763 1886 1028 1952 gentium,
1063 1886 1412 1953 prohibuisse
1450 1886 1606 1954 plane
1640 1885 1880 1948 videtur,
1922 1899 1989 1938 ne
2017 1900 2104 1939 ce-
2135 1869 2184 1928 Β

528 1975 671 2031 leres
724 1977 856 2031 [iant
894 1977 1266 2033 ordinationes
1313 1980 1381 2031 ³⁸.
1424 1977 1750 2047 Longissimi
1783 1977 1928 2030 enim
1966 1984 2102 2030 tem-

527 2070 677 2138 poris
707 2071 960 2138 probatio
982 2080 1036 2124 et
1061 2071 1555 2136 conversationem,
1588 2080 1641 2124 et
1666 2070 2104 2140 uniuscujusque

527 2178 709 2219 mores
739 2180 847 2217 non
881 2164 1311 2233 itnprobabiliter
1335 2163 1644 2233 exprimere
1670 2162 1886 2233 poterit.

526 2465 632 2540 51
659 2464 857 2540 Synodt'
883 2464 1483 2540 Constantinopolitqnm
1507 2468 1691 2535 primm
1711 2475 1760 2521 ct
1795 2471 2034 2520 secunda:
2054 2465 2110 2518 in

600 2537 801 2659 nemp]?
839 2545 1144 2590 sanctorum
1191 2538 1546 2607 apostolorum
1591 2547 1956 2608 congregata},
2016 2553 2109 2589 ca-

595 2622 699 2658 non
807 2645 823 2659 .

597 2713 685 2767 17.
700 2711 756 2766 In
774 2714 1180 2785 omnibus:boni
1199 2715 1554 2771 ecclesiastici
1575 2715 1784 2770 ordinis
1799 2729 1989 2770 curam
2011 2729 2103 2785 ge-

522 2813 726 2870 rentes,
758 2808 860 2860 hoc
893 2823 1117 2876 quoque
1147 2807 1373 2862 delinire
1413 2810 1782 2864 necessarium
1821 2807 2101 2869 duximus,

523 2908 583 2950 ut
610 2897 792 2953 nullus
827 2899 1082 2970 deinceps
1111 2901 1304 2968 laicus,
1334 2902 1418 2956 vel
1448 2903 1750 2957 monachus
1779 2911 1998 2971 repente
2033 2900 2102 2954 ad

520 2989 884 3057 episcopalem
929 2991 1271 3046 altitudinem
1315 2993 1658 3057 eveheretur,
1697 2993 1790 3046 sed
1828 2992 1881 3044 in
1925 2991 2101 3045 eccle-

519 3080 754 3135 siasticis
801 3081 1078 3159 gradibus
1107 3085 1344 3152 primum
1376 3083 1743 3146 examinatus,
1773 3082 1853 3136 sic
1888 3082 2104 3150 cpisco-

521 3172 660 3240 palis
683 3174 964 3244 dignitatis
994 3176 1396 3229 ordinationem
1439 3175 1762 3249 susciperet.
1803 3174 1916 3230 Etsi
1954 3175 2100 3229 enim

2222 609 2487 680 πρότερον
2535 607 2927 672 καθίστασθαι,
2955 606 3051 660 ἐὰν
3093 605 3169 677 μὴ
3203 605 3300 658 καὶ
3328 604 3683 674 ἀναγνώστου
3713 606 3810 660 καὶ

2219 697 2469 750 διακόνου
2519 698 2614 751 καὶ
2668 697 3081 768 πρεσϐυτέρου,
3138 695 3445 766 ὑπηρεσίαν
3497 695 3803 748 ἐκτελέσοι·

2223 790 2309 843 ἵνα
2333 791 2454 843 καθ’
2482 791 2710 844 ἕκαστον
2741 791 2970 860 βαθμὸν,
3003 791 3098 844 ἐάν
3144 806 3249 859 περ
3297 788 3444 852 ἄξιος
3491 788 3806 858 νομισθείη,

2223 885 2303 946 είς
2338 884 2437 954 τὴν
2472 884 2636 953 άψίδα
2669 884 2767 952 τῆς
2797 885 3102 953 ἐπισκοπῆς
3133 882 3272 935 κατὰ
3301 881 3588 952 προκοπὴν
3617 880 3810 949 διαδῆ-

2218 992 2307 1028 ναι
2353 975 2632 1046 δυνηθείη.
2663 975 2816 1040 Ἐξει
2861 975 2920 1028 δὲ
2959 975 3192 1026 ἑκάστου
3223 974 3502 1043 τάγματος
3541 975 3570 1025 ό
3601 972 3812 1042 βαθμὸς

2217 1065 2318 1118 ούκ
2339 1065 2621 1135 ἐλαχίστου
2651 1064 2889 1134 δηλονότι.
2919 1064 3110 1134 χρόνου
3142 1063 3347 1132 μῆκος⁶
3378 1063 3447 1115 δι’
3474 1058 3537 1116 οὗ
3565 1064 3599 1131 ή
3629 1061 3812 1123 πίστις

2217 1156 2524 1219 αὐτοῦ,καὶ
2573 1158 2605 1226 ἡ
2663 1156 2772 1209 τῶν
2820 1155 3164 1226 πραγμάτων
3221 1153 3622 1221 καλοκαγαθία,
3658 1153 3811 1223 καὶὴ

2219 1251 2536 1320 στερρότης,
2566 1251 2659 1302 καὶ
2687 1251 2720 1320 ὴ
2745 1251 3038 1313 ἐπιείκεια,
3056 1247 3333 1318 γνώριμος
3363 1245 3622 1314 γενέσθαι
3653 1245 3810 1313 δυνή-

2217 1356 2392 1404 σεται,
2423 1341 2515 1393 καὶ
2538 1341 2700 1404 αὐτὸς
2742 1339 2892 1405 ἄξιος
2929 1339 3029 1409 τῆς
3081 1339 3230 1402 θείας
3292 1337 3599 1408 ἱερωσύνης
3652 1352 3812 1406 νομι-

2217 1431 2394 1497 σθεὶς,
2415 1433 2513 1502 τῆς
2547 1432 2812 1503 μεγίστης
2838 1431 3133 1484 ἀπολαύσει
3162 1429 3351 1499 τιμῆς.
3369 1428 3507 1481 Οὕτε
3536 1429 3649 1497 γὰρ
3675 1443 3813 1495 προ-

2217 1523 2384 1593 σῆκόν
2445 1525 2614 1587 ἐστιν,
2649 1522 2772 1576 οὔτε
2808 1525 2841 1594 ή
2876 1526 3179 1595 ἐπιστήμη,
3220 1521 3345 1575 οὕτε
3376 1524 3409 1592 ἡ
3438 1519 3625 1589 ἀγαθὴ
3675 1521 3811 1573 ἀνα-

2215 1616 2446 1684 στροφὴ,
2479 1615 2786 1684 ἐπιδέχεται
2812 1615 3100 1685 τολμηρῶς
3145 1616 3241 1668 καὶ
3272 1613 3491 1683 κούφως
3527 1612 3625 1664 ἐπὶ
3651 1611 3813 1664 τοῦτο

2218 1705 2377 1772 ίέναι,
2411 1705 2550 1758 ὥστε
2590 1707 2624 1778 ἣ
2675 1707 2972 1760 ἐπίσκοπον
3003 1708 3035 1778 ἢ
3071 1707 3446 1777 πρεσϐύτερον
3493 1705 3526 1775 ἢ
3559 1703 3812 1756 διάκονον

2214 1799 2522 1868 προχείρως
2567 1799 2948 1852 καθίστασθαι.
2982 1799 3137 1852 Οὕτω
3170 1799 3277 1868 γάρ
3305 1798 3370 1852 ἂν
3422 1798 3655 1859 εἰκότως
3689 1796 3810 1848 νεό-

2215 1907 2382 1958 φυτος
2405 1892 2712 1962 νομισθείη,
2734 1893 2920 1963 ἐπειδὴ
2955 1894 3191 1962 μάλιστα
3219 1893 3312 1945 καὶ
3329 1894 3357 1945 ὁ
3379 1895 3809 1962 μακαριώτατος

2223 1982 2562 2047 ’Λπόστολο;,
2590 1984 2646 2046 ὃς
2684 1985 2776 2036 καὶ
2802 1985 2908 2036 τῶν
2951 1984 3122 2037 ἐθνῶν
3151 1985 3443 2053 γεγένηται
3469 1980 3811 2046 διδάσκαλος,

2212 2074 2458 2142 φαίνεται
2492 2077 2739 2139 κωλύσας
2757 2076 2978 2145 ταχείας
3009 2075 3258 2143 γίνεσθαι
3283 2077 3380 2139 τὰς
3416 2073 3803 2131 καταστάσεις-

2210 2163 2316 2216 Τοῦ
2342 2164 2450 2234 γὰρ
2483 2166 2748 2235 μηκίστου
2774 2166 2965 2235 χρόνου
2995 2167 3026 2235 ὴ
3050 2165 3362 2234 δοκιμασία,
3412 2166 3512 2234 τὴν
3541 2165 3809 2228 ἀναστρο-

2223 2255 2328 2326 φὴν
2376 2258 2470 2310 καὶ
2500 2259 2588 2310 τὸν
2633 2260 2864 2312 ἑκάστου
2893 2260 3098 2328 τρόπον
3119 2302 3132 2325 ,
3163 2260 3262 2313 οὐκ
3295 2258 3608 2320 ἀπεικότως
3639 2258 3804 2310 ἐκτυο

2221 2348 2359 2402 ποῦν
2389 2350 2695 2421 δυνήσεται.

2287 2464 2555 2521 Συνόδου
2600 2466 2651 2520 α’
2683 2467 2744 2531 β’
2768 2466 3288 2535 συγκροτηθείσης
3319 2466 3388 2519 ἐν
3412 2463 3494 2530 τῷ
3535 2463 3660 2532 ναῷ
3690 2464 3808 2519 τῶν

2521 2537 2707 2606 ἁγίων
2746 2538 3108 2592 ἀποστόλων
3145 2536 3347 2590 κανὼν
3379 2536 3466 2600 ιζ’.

2289 2711 2358 2776 ιζ’
2400 2713 2488 2766 Ἑν
2526 2716 2658 2768 πᾶσι
2685 2715 2786 2784 τῆς
2817 2712 3284 2784 ἐκκλησιαστικῆς
3333 2711 3590 2777 εὐταξίας
3647 2728 3805 2782 φρον-

2209 2806 2476 2872 τίζοντες,
2513 2808 2607 2860 καὶ
2625 2810 2784 2860 τοῦτο
2813 2808 2996 2878 ὁρίσαι
3023 2807 3319 2875 ἀναγκαῖον
3346 2805 3590 2874 ἐθέμεθα
3612 2819 3625 2833 ⁸
3664 2804 3802 2857 ὥστε

2209 2897 2301 2950 τοῦ
2333 2897 2547 2962 λοιποῦ,
2595 2899 2802 2969 μηδένα
2827 2900 2936 2952 τῶν
2965 2899 3169 2952 λαῖκῶν
3200 2898 3232 2970 ἥ
3272 2897 3524 2968 μοναχῶν
3545 2937 3558 2959 ,
3592 2895 3802 2965 ἀθρόως

2210 2987 2292 3050 εἰς
2353 2988 2415 3040 τὸ
2454 2989 2552 3057 τῆς
2606 2988 2912 3058 ἐπισκοπῆς
2960 2988 3090 3058 ὕψος
3117 2985 3455 3056 ἀνάγεσθαι,
3494 2987 3635 3039 ἀλλὰ
3689 2987 3798 3047 τοῖς

2210 3078 2685 3148 ἐκκλησιαστικοίς
2759 3079 2990 3150 βαθμοῖς
3058 3079 3445 3149 ἐξεταζόμενον
3500 3079 3802 3148 πρότερον,

2208 3171 2352 3225 οὕτω
2399 3174 2498 3242 τῆς
2546 3175 2854 3244 ἐπισκοπῆς
2888 3175 2986 3242 τὴν
3020 3173 3356 3244 χειροτονίαν
3413 3171 3797 3241 ὑποδέχεσθαι.

523 3264 832 3333 hucusque
864 3266 1086 3334 quidam
1127 3282 1191 3319 ex
1223 3266 1509 3319 monachis
1547 3279 1602 3319 et
1640 3265 1821 3330 laicis,
1855 3267 2103 3334 exigente

2212 3263 2270 3315 Εί
2305 3265 2412 3334 γὰρ
2445 3265 2536 3317 καὶ
2578 3267 2741 3335 μέχρι
2771 3264 2864 3316 τοῦ
2899 3265 3014 3329 νῦν,
3045 3265 3154 3319 ἀπὸ
3183 3263 3293 3317 τῶν
3338 3263 3545 3316 λαῖκῶν
3573 3263 3606 3334 ἢ
3635 3279 3793 3332 μονα-

522 3356 878 3422 necessitate,
940 3357 1235 3427 episcopali
1283 3357 1493 3412 honore
1543 3357 1726 3412 statim
1780 3357 1928 3426 digni
1978 3356 2108 3410 facti

519 3457 669 3512 sunt,
700 3447 792 3517 qui
820 3457 874 3503 et
901 3450 1099 3503 virtute
1133 3451 1420 3503 excellenti
1449 3449 1621 3513 luere,
1661 3459 1714 3505 et
1745 3466 1898 3505 suam
1931 3451 2110 3505 eccle-

521 3539 658 3593 siam
690 3541 742 3593 in
779 3540 950 3595 altum
975 3543 1242 3605 extulere,
1274 3542 1324 3595 id
1364 3551 1544 3596 tamen
1572 3542 1716 3610 quod
1751 3557 1876 3596 raro
1901 3543 2105 3606 evenit,

519 3633 768 3688 ecclesize
798 3634 970 3703 legem
995 3650 1343 3704 nequaquam
1373 3645 1697 3700 statuentes,
1731 3637 2103 3702 decernimus,

520 3736 581 3779 ut
611 3727 662 3780 id
695 3725 953 3798 deinceps
973 3728 1196 3782 minimc
1224 3729 1316 3782 ﬁat
1347 3729 1452 3782 nisi
1475 3728 1520 3783 is
1548 3731 1641 3798 qui
1668 3732 1770 3784 rite
1793 3729 2104 3796 ordinatur,

521 3833 617 3886 per
639 3822 842 3887 gradus
873 3820 1242 3874 sacerdotales
1281 3820 1630 3888 processerit,
1675 3820 1728 3874 in
1770 3834 2106 3891 unoquoque

519 3910 714 3966 ordine
747 3919 959 3981 teu'tpus
991 3913 1357 3981 praestitutum
1384 3913 1711 3983 adimplens.

589 4093 808 4159 Textus.
834 4091 1023 4153 Const.
1043 4093 1200 4160 2,tit.
1226 4093 1240 4146 I
1264 4092 1637 4160 Novellarum,
1675 4109 1786 4148 non
1835 4094 2106 4164 permittit

515 4186 863 4256 cxlaicorum
903 4185 1413 4258 [statu]confestim
1445 4187 1734 4260 [aliquem]
1781 4189 2100 4258 episcopum

513 4279 687 4333 creari
709 4300 722 4334 :
743 4281 834 4334 sed
861 4264 1140 4354 [requirit]
1163 4292 1221 4336 ut
1240 4284 1390 4353 prius
1417 4284 1650 4339 clericus
1678 4284 1791 4348 ﬁat,
1825 4293 1878 4337 et
1906 4283 1970 4336 ad
1995 4293 2104 4337 tres

516 4387 732 4428 nienses
759 4361 1073 4443 Scripturas
1091 4385 1145 4431 et
1179 4393 1422 4431 canones
1441 4378 1639 4432 discat.
1675 4377 1866 4432 Const.
1917 4389 2099 4431 autem

513 4461 758 4533 ejusdem
797 4463 894 4532 lib.
929 4473 984 4520 et
1019 4467 1109 4536 tit.
1139 4466 1274 4532 vult,
1308 4473 1368 4520 ut
1411 4483 1517 4519 non
1552 4467 1736 4521 minus
1767 4483 1858 4522 sex
1891 4467 2099 4521 mensi-

512 4554 617 4607 bus
642 4553 880 4609 clericus
905 4555 1060 4624 prius
1089 4565 1187 4610 aut
1213 4557 1520 4612 monachus
1552 4556 1738 4612 fuerit.

2208 3354 2319 3425 χῶν
2371 3373 2550 3418 τινες.
2600 3356 2940 3428 ἀπαιτούσης
2997 3356 3204 3426 χρείας,
3260 3357 3577 3428 παραυτίκα
3634 3356 3798 3426 τιμῆς

2207 3443 2351 3507 ἄξιοι
2380 3445 2671 3512 γεγόνασιν
2705 3445 3034 3515 ἐπισκοπῆς,
3071 3447 3240 3517 ἀρετῇ
3271 3463 3332 3498 τε
3353 3445 3756 3517 διαπρέψαντες
3775 3483 3794 3507 ,

2208 3536 2302 3588 καὶ
2337 3537 2436 3606 τὴν
2466 3536 2585 3589 κατ’
2616 3537 2815 3600 αὐτοὺς
2863 3537 3160 3607 ἐκκλησίαν
3192 3535 3536 3606 ύψώσαντες,
3573 3537 3707 3590 ἀλλὰ
3734 3535 3797 3588 τό

2206 3644 2270 3696 γε
2304 3629 2531 3681 σπάνιον
2557 3627 2796 3697 οὐδαμοῦ
2821 3629 2982 3698 νόμον
3008 3629 3107 3698 τῆς
3140 3629 3467 3699 Ἐκκλησίας
3498 3629 3794 3698 τιθέμενοι,

2205 3721 2463 3792 ὁρίζομεν
2510 3723 2605 3775 τοῦ
2652 3722 2841 3775 λοιποῦ
2882 3723 3078 3792 μηκέτι
3115 3721 3273 3775 τοῦτο
3321 3723 3614 3790 γίνεσθαι⁹
3646 3723 3693 3774 εί
3721 3719 3795 3791 μὴ

2206 3815 2350 3869 κατὰ
2387 3815 2543 3882 λόγον
2577 3817 2607 3868 ὁ
2635 3816 3136 3886 χειροτονούμενος,
3165 3816 3257 3867 τὸν
3282 3815 3557 3884 ἱερατικὸν
3597 3813 3790 3884 προέλ-

2207 3910 2289 3961 θοι
2331 3907 2575 3977 βαθμὸν,
2611 3909 2668 3961 ἐν
2716 3909 2932 3979 ἑκάστῳ
2959 3907 3202 3979 τάγματι
3255 3908 3348 3961 τὸν
3401 3907 3792 3978 νενομισμένον

2203 4001 2396 4071 χρόνον
2425 4002 2644 4072 άποπλη
2653 4003 2783 4072 ρῶν.

2290 4093 2354 4147 Ἦ
2388 4094 2434 4163 β’
2462 4093 2707 4160 διάταξις
2736 4095 2827 4148 τοῦ
2856 4102 2902 4148 α’
2929 4095 3037 4158 τίτ.
3068 4095 3177 4148 τῶν
3213 4093 3444 4166 νεαρῶν,
3476 4096 3539 4147 ού
3577 4108 3789 4163 συγχω-

2207 4185 2290 4250 ρεῖ
2313 4183 2420 4233 απὸ
2437 4182 2639 4234 λαῐκῶν
2661 4181 2861 4245 εὐθέως
2885 4182 3179 4234 ἐπίσκοπον
3202 4179 3792 4251 χειροτονεῖσθαι,ἁλλά

2204 4274 2472 4344 πρότερον
2509 4274 2790 4344 κληρικὺν,
2824 4274 2916 4326 καὶ
2954 4273 3137 4343 μένειν
3164 4275 3253 4326 ἐπὶ
3287 4276 3436 4344 τρεῖς
3470 4274 3668 4343 μῆνας,
3693 4270 3788 4330 τὰς

2202 4365 2426 4436 Γραφὰς
2459 4365 2844 4436 διδασκόμενον
2875 4365 2967 4418 καὶ
2996 4366 3123 4429 τοὺς
3145 4367 3407 4429 κανόνας·
3449 4367 3481 4436 ἡ
3525 4366 3582 4418 δὲ
3613 4370 3660 4417 α’
3681 4361 3790 4415 διά·

2203 4454 2357 4519 ταξις
2405 4455 2500 4507 τοῦ
2561 4454 2728 4509 αὐτοῦ
2783 4455 2886 4506 τίτ.
2926 4452 3174 4523 βούλεται
3217 4453 3377 4505 αὑτὸν
3410 4454 3511 4524 οὐχ
3546 4447 3704 4524 ἦττον
3734 4447 3788 4513 ἓξ

2213 4546 2399 4617 μηνῶν
2434 4546 2896 4618 προκληρωθῆναι
2926 4545 2958 4615 ἢ
2995 4547 3357 4615 προμονάσαι.

584 4639 736 4696 CAP.
768 4641 884 4696 XII.
919 4674 988 4684 -—
1019 4644 1294 4709 Quomodo
1332 4648 1375 4699 is
1402 4648 1490 4716 qui
1521 4661 1586 4700 ea:
1615 4649 1920 4716 paganitale
1951 4663 2099 4700 vene-

2289 4656 2541 4710 ΚΕΦΛΛ.
2577 4654 2675 4708 1Β’.
2703 4684 2773 4693 —
2801 4653 2933 4720 Πῶς
2956 4655 2987 4706 ὀ
3019 4653 3329 4721 ἐθνικὸς,ἣ
3367 4654 3484 4707 ὁὲν
3498 4656 3678 4720 νόσῳ,
3697 4650 3733 4718 ἢ
3751 4651 3783 4703 ό

514 4733 606 4796 fit,
653 4733 730 4788 rel
792 4737 846 4788 in
893 4738 1074 4790 morbo
1110 4737 1185 4789 vel
1220 4750 1449 4803 rctentpr
1483 4739 1780 4806 baptizatus
1819 4740 1999 4808 fuerit,
2035 4737 2111 4792 υιιι

530 4844 748 4897 pravam
798 4829 960 4880 vitam
1029 4830 1277 4896 duxerit,
1341 4833 1614 4884 ordinetur
1675 4834 1945 4902 episcopus
2013 4840 2106 4883 aut

525 4918 767 4974 rlericus.

953 5011 1329 5079 Apostolorum
1354 5030 1522 5066 canon
1559 5014 1648 5069 80.

583 5099 654 5153 80
693 5098 827 5171 [79].
869 5099 1006 5156 Eum
1060 5103 1153 5172 qui
1189 5119 1254 5159 ex
1306 5106 1412 5158 vita
1464 5107 1647 5175 gentili
1703 5107 2000 5162 accesserit
2044 5113 2098 5162 et

514 5192 824 5261 baptizatus
874 5193 1058 5257 fuerit,
1097 5197 1178 5250 vel
1214 5214 1278 5251 ex
1321 5199 1566 5268 improba
1603 5199 1819 5254 vivendi
1857 5201 2094 5266 ratione,

511 5299 624 5338 non
663 5294 748 5339 est
779 5303 996 5355 aequum
1031 5289 1135 5358 52
1171 5295 1421 5357 protinus
1457 5292 1773 5360 episcopum
1809 5291 1945 5345 fieri.
1984 5292 2096 5345 lni-

511 5388 681 5440 quum
709 5384 792 5426 est
825 5375 996 5440 enim,
1046 5386 1102 5428 ut
1149 5379 1241 5446 qui
1284 5379 1365 5431 sui
1422 5380 1665 5433 nondum
1698 5381 2092 5449 experientiam

511 5462 834 5529 ostenderit,
881 5464 954 5518 sit
982 5465 1217 5520 aliorum
1247 5467 1522 5536 magister,
1559 5467 1666 5522 nisi
1708 5466 1852 5522 forte
1877 5467 1980 5522 hoc
2004 5467 2092 5521 di-

514 5554 634 5608 vina
661 5556 831 5624 gratia
862 5557 974 5609 liat.

917 5668 1143 5723 Concilit'
1169 5669 1376 5724 Nicwui
1409 5687 1580 5725 canon
1613 5672 1666 5725 2.

581 5760 634 5822 2.
667 5759 939 5824 Quoniam
981 5763 1177 5828 multa,
1225 5763 1310 5817 vel
1342 5764 1689 5831 necessitate,
1731 5764 1819 5818 vel
1847 5765 2091 5836 urgenti-

584 5877 626 5916 δε
661 5874 680 5927 1
721 5875 862 5930 Tini.
903 5881 1035 5944 In,l
1083 5897 1232 5953 seqq.
1264 5899 1276 5946 ;
1306 5897 1356 5948 γ,
1380 5881 1413 5936 9
1448 5896 1599 5951 δαιτι-

2214 4743 2431 4796 νεωστί
2480 4741 2860 4808 βαπτισθεὶς,
2906 4740 3003 4794 καὶ
3030 4752 3061 4792 0
3101 4741 3169 4793 ἐκ
3199 4743 3439 4810 φαύλης
3468 4739 3777 4813 διαγωγῆς,

2213 4835 2635 4906 χειροτονεῖται
2663 4836 2998 4900 ἐπίσκοπος
3028 4834 3066 4904 ἢ
3108 4836 3415 4903 κληρικός.

2631 5013 3016 5067 Ἀποστόλων
3041 5012 3242 5065 κανὼν
3275 5019 3356 5065 π’.

2277 5106 2352 5163 π’.
2403 5107 2507 5159 Τὸν
2558 5106 2617 5174 ἐξ
2658 5105 2874 5160 ἐθνικοῦ
2913 5105 3030 5175 βίου
3063 5105 3431 5174 προσελθόντα
3461 5107 3555 5158 καὶ
3588 5105 3778 5174 βαπτι-

2201 5195 2498 5265 σθέντα,ῆ
2550 5196 2615 5246 ἑκ
2678 5194 2888 5262 φαύλης
2946 5193 3244 5261 διαγωγῆς,
3299 5193 3360 5245 οὐ
3415 5193 3620 5246 δίκαιόν
3668 5193 3780 5243 ἐστι

2206 5288 2458 5360 παραυτά
2493 5287 2938 5356 προχειρίζεσθαι
2963 5287 3291 5338 ἐπίσκοπον·
3325 5285 3510 5338 ἄδικον
3531 5285 3658 5354 γὰρ,
3691 5281 3777 5332 τὸν

2207 5377 2433 5448 μηδέπω
2462 5381 2655 5445 πεῖραν
2681 5375 3108 5444 ἐπιδειξάμενον,
3135 5373 3336 5442 ἑτέρων
3361 5370 3500 5426 εἶναι
3532 5373 3775 5425 διδάσκα-

2202 5468 2319 5521 λον·
2358 5469 2405 5520 εἰ
2437 5468 2511 5538 μή
2547 5484 2647 5519 που
2677 5466 2820 5518 κατὰ
2850 5465 3000 5517 θείαν
3033 5465 3191 5534 χάριν
3211 5463 3372 5516 τοῦτο
3400 5465 3642 5534 γένηται.

2545 5666 2818 5723 Συνόδου
2849 5667 3095 5733 Νικαίας
3117 5665 3319 5720 κανὼν
3344 5666 3412 5736 β’.

2271 5763 2316 5835 β’
2388 5760 2614 5831 Ἐπειδὴ
2645 5759 2816 5813 πολλὰ
2835 5760 2954 5832 ἤτοι
2984 5759 3089 5812 ὑπὸ
3108 5759 3374 5830 ἀνάγκης,
3392 5758 3424 5829 ἦ
3445 5757 3616 5820 ἄλλως
3631 5753 3774 5807 ἐπει-

1681 5881 1723 5912 υτ
1762 5879 1932 5949 Laod.
1965 5884 2032 5952 3;
2064 5883 2216 5938 Sard.
2259 5882 2352 5947 l5;
2388 5878 2605 5935 Ctelest.
2640 5877 2729 5933 τι.
