4122 6442
334 422 426 486 ιοι
1070 422 1469 484 SYNTAGMA
1507 425 1895 487 CANONUM.
1927 453 1952 463 -

2050 428 2159 487 'lT.
2191 427 2242 489 ῐ.
2283 427 2444 490 CAP.
2478 424 2767 485 Χῐ-ΧΙΙῘ.

3507 429 3608 492 502

343 531 579 604 γομένων
626 530 738 585 τῶν
781 528 1104 600 ἀνθρώπων,
1153 530 1379 598 ἐγένετο
1401 531 1554 602 παρὰ
1585 531 1679 585 τὸν
1707 543 1908 587 κανονα
1940 545 1952 590 Α

2052 549 2116 588 us
2140 531 2344 600 alioqui
2373 529 2705 589 hominibus.
2738 534 2933 597 praeter
2971 543 3236 584 canonem
3276 531 3609 588 ecclesiasti—

339 625 424 679 τὸν
474 622 952 694 ἐκκλησιαστικὸν,
995 620 1138 675 ὥστε
1180 622 1503 694 ἀνθρώπους
1555 623 1664 678 ἀπὸ
1702 623 1914 677 ἐθνικοῦ

2050 640 2138 679 um
2175 623 2316 678 facta
2351 631 2500 687 sunt,
2535 631 2595 676 ut
2638 620 2914 676 homines.
2953 622 3046 690 qui
3074 635 3105 676 e
3154 622 3262 676 vita
3303 624 3492 693 gentili
3537 628 3604 680 ad

338 717 452 789 βίου
498 715 626 786 ἄρτι
677 711 1076 785 προσελθόντας
1121 715 1188 782 τῇ
1234 712 1452 778 πίστει,
1487 714 1584 767 καὶ
1635 715 1693 767 ἐν
1751 714 1916 786 ὀλίγῳ

2050 718 2178 773 .dem
2216 730 2393 786 nuper
2441 723 2816 779 accesserunt,
2868 723 2926 768 et
2953 714 3154 783 exiguo
3187 723 3431 783 tempore
3461 726 3610 772 cate-

340 805 513 876 χρόνῳ
557 803 1001 874 κατηχηθέντας,
1057 801 1222 866 εὐθὺς
1282 802 1376 857 ἐπὶ
1428 804 1490 856 τὸ
1550 805 1920 875 πνευματικὸν

2054 805 2303 872 humeni,
2350 806 2403 859 id
2439 813 2542 870 est,
2574 804 2771 859 initiati
2810 803 2985 870 tuere,
3015 805 3199 859 statim
3232 808 3298 858 ad
3329 806 3609 862 lavacrum

340 897 556 968 λουτρὸν
580 896 756 962 ἄγειν,
784 895 879 948 καὶ
907 895 1021 965 ἅμα
1051 895 1131 966 τῷ
1161 894 1811 966 βαπτισθῆναιπροάγειν
1841 900 1921 962 είς

2052 900 2267 970 piritale
2315 898 2608 954 deducant.
2651 897 2718 952 Et
2761 898 2923 953 simul
2968 913 3032 954 ac
3084 898 3342 968 baptizati
3381 898 3608 967 fuerint,

341 988 660 1059 ἐπισκοπὴν,
686 988 718 1059 ἢ
755 987 836 1050 είς
864 985 1277 1057 πρεσϐυτέριον,
1304 987 1486 1051 καλῶς
1531 987 1711 1054 ἔδοξεν
1750 988 1918 1058 ἐχειν,

2050 995 2089 1046 nl
2113 992 2490 1062 episcopatum
2521 991 2606 1046 vel
2637 989 3071 1060 presbyteratum
3097 990 3422 1058 provehant,
3465 1001 3612 1046 recte

342 1080 429 1134 τοῦ
475 1078 660 1133 Αοιποῦ
707 1079 873 1150 μηδὲν
925 1078 1168 1132 τοιοῦτον
1213 1077 1484 1146 γίνεσθαι.
1516 1080 1626 1134 Καὶ
1663 1079 1774 1150 γὰρ
1821 1080 1923 1131 καὶ

2050 1085 2225 1138 κλῦθι-ο
2254 1084 2434 1138 visum
2471 1092 2574 1148 est,
2611 1090 2670 1137 ιιι
2699 1083 2959 1151 deinceps
3009 1081 3146 1134 nihil
3187 1082 3295 1136 tale
3325 1081 3438 1136 ﬁat.
3472 1081 3608 1135 Nam

339 1172 530 1242 χρόνου
568 1170 648 1224 δεῖ
671 1169 748 1238 τῷ
773 1169 1168 1239 κατηχουμένῳ
1186 1185 1200 1201 ⁸
1227 1169 1328 1223 καὶ
1354 1170 1493 1240 μετὰ
1519 1170 1582 1224 τὸ
1613 1169 1922 1240 βάπτισμα,

2050 1176 2499 1232 :tcatechumeno
2546 1183 2793 1244 tempore
2853 1190 2991 1242 opus
3038 1183 3142 1238 est,
3171 1183 3382 1243 etpost
3432 1175 3611 1245 bapti-

340 1261 660 1332 δοκιμασίας
677 1261 944 1323 πλείονος.
958 1261 1136 1329 Σαφές
1153 1261 1262 1332 γὰρ
1283 1261 1342 1314 τὸ
1368 1261 1728 1315 ἁποστολικὺν
1744 1262 1926 1331 γράμ-

2050 1282 2206 1320 unum
2260 1265 2580 1335 probatione
2608 1265 2837 1335 majore.
2861 1266 3122 1336 Apertum
3165 1268 3311 1322 enim
3353 1277 3437 1323 est
3473 1270 3612 1323 seri--

344 1372 419 1425 μα
453 1353 513 1407 τὸ
539 1353 696 1421 λέγον
721 1369 736 1384 ο
761 1353 857 1421 Μὴ
900 1355 1226 1421 νεόφυτον
1260 1355 1359 1406 ἵνα
1386 1353 1472 1422 μὴ
1507 1355 1816 1423 τυφωθεὶς,
1842 1357 1929 1420 είς

2050 1365 2180 1412 itum
2215 1355 2596 1426 apostolicum,
2627 1356 2772 1425 quod
2819 1356 2990 1410 dicit:
3048 1355 3172 1410 Non
3195 1358 3512 1428 neophytum
3541 1360 3610 1418 ⁸³.

342 1443 517 1513 κρῖμα
569 1445 806 1514 ἐμπέσῃ
858 1446 954 1498 καὶ
1009 1444 1232 1514 παγίδα
1289 1444 1398 1499 τοῦ
1449 1445 1753 1499 διαϐόλου.
1787 1445 1846 1498 Et
1875 1445 1930 1498 δὲ

2054 1450 2082 1501 d
2111 1458 2214 1510 est,
2259 1462 2452 1502 recens
2495 1447 2796 1516 plantatum
2834 1463 2847 1499 :
2894 1447 2976 1502 Ne
3007 1449 3226 1518 inﬂatus
3259 1453 3312 1504 in
3342 1451 3612 1518 judicium

343 1536 626 1607 προϊόντος
654 1535 748 1588 τοῦ
778 1536 968 1606 χρόνου
995 1535 1224 1605 ψυχικόν
1247 1553 1297 1588 τι
1325 1535 1636 1606 ἁμάρτημα.
1668 1534 1926 1606 εὑρεθείη

2056 1535 2234 1588 nridat
2295 1546 2343 1588 et
2394 1533 2595 1588 diaboli
2632 1534 2900 1603 laqueum.
2948 1534 3004 1588 Si
3051 1547 3233 1590 autem
3286 1539 3613 1606 procedente

343 1628 472 1696 περὶ
524 1627 586 1681 τὸ
636 1627 950 1698 πρόσωπον,
1001 1628 1096 1680 καὶ
1145 1627 1424 1698 ἐλέγχοιτο
1442 1627 1548 1680 ὑπὸ
1581 1627 1733 1697 δύοῆ
1763 1626 1930 1697 τριῶν

2050 1642 2297 1696 ,cmporc,
2340 1625 2577 1682 animale
2630 1626 2848 1695 aliquod
2902 1637 3185 1695 peccatum
3228 1629 3372 1683 circa
3424 1645 3615 1699 perso-

345 1717 666 1788 μαρτύρων,
708 1717 1010 1772 πεπαύσθω
1041 1720 1068 1771 ό
1097 1717 1341 1780 τοιοῦτος
1386 1717 1480 1771 τοῦ
1512 1719 1742 1788 κλήρου.
1779 1719 1839 1770 Ὀ
1875 1717 1931 1770 δέ

2050 1733 2161 1772 nam
2211 1718 2491 1771 inventum
2542 1716 2726 1781 fuerit,
2768 1725 2820 1771 et
2850 1732 2878 1771 a
2909 1718 3122 1771 duobus
3151 1719 3232 1771 vel
3273 1720 3448 1773 tribus
3491 1735 3612 1787 per-

341 1809 492 1878 παρὸ.
513 1809 687 1863 ταῦτα
717 1810 909 1874 ποιῶν,
951 1809 1025 1872 ὡς
1056 1809 1355 1863 ὑπεναντία
1381 1813 1449 1880 τῇ
1485 1809 1701 1881 μεγάλῃ
1729 1810 1932 1878 συνόδῳ

2050 1811 2189 1865 sonis
2219 1811 2613 1865 convincatur:
2641 1816 2840 1873 cesset,
2879 1809 3009 1878 quia
3061 1807 3187 1862 talis
3237 1816 3341 1872 est,
3381 1824 3410 1861 a
3443 1809 3610 1862 clero.

343 1899 777 1970 θρασυνόμενος,
831 1899 994 1962 αὐτὸς
1065 1898 1404 1954 κινδυνεύσει
1456 1901 1587 1970 περὶ
1649 1899 1742 1951 τὸν
1800 1898 1930 1951 ῐδιον

2050 1902 2137 1969 Qui
2172 1910 2353 1956 autem
2387 1911 2584 1970 praeter
2615 1900 2730 1954 haec
2762 1899 2911 1965 facit,
2939 1908 2999 1953 ut
3033 1899 3127 1968 qui
3159 1913 3369 1968 magna:
3401 1899 3614 1970 synodo

344 1992 567 2060 κλῆρον.
2037 1993 2299 2048 adversus
2342 2005 2463 2046 esse
2511 1991 2732 2052 audeat,
2770 1990 2886 2060 ipse
2913 1990 2979 2046 de
3005 1991 3270 2046 clericatu
3309 1992 3360 2045 in
3398 1994 3616 2061 perieu-

2037 2089 2147 2140 lum
2182 2085 2384 2136 veniet.

583 2169 849 2224 Συνόδου
877 2168 1346 2236 Νεοκαισαρείας
1370 2167 1574 2222 κανὼν
1608 2165 1698 2240 ιβ’.

2317 2172 2542 2228 Concilii
2571 2171 3006 2225 Neocwsariensis
3031 2187 3199 2224 canon
3230 2171 3318 2224 12.

415 2259 505 2333 ιβ’.
553 2263 680 2316 Ἐὰν
735 2262 909 2316 νοσῶν
944 2279 1028 2326 τις
1087 2261 1355 2332 φωτισθῇ,
1407 2262 1487 2324 είς
1537 2257 1939 2332 πρεσϐυτέριον

2111 2266 2196 2319 I2.
2237 2263 2292 2318 Si
2323 2265 2447 2334 quis
2491 2273 2762 2332 aegrotans
2802 2263 2847 2294 ⁵⁹
2892 2263 3055 2316 fuerit
3099 2263 3462 2326 illuminatns,
3510 2278 3618 2315 non

343 2355 582 2424 ἄγεσθαι
623 2355 685 2409 οὐ
721 2354 966 2410 δύναται.
1019 2355 1135 2408 Οὐκ
1183 2356 1249 2407 ἐκ
1299 2353 1677 2426 προαιρέσεως
1738 2351 1848 2421 γὰρ
1901 2351 1936 2421 ἡ

2050 2365 2216 2427 potest
2261 2356 2315 2410 in
2349 2354 2726 2424 presbyterum
2774 2353 2953 2408 evehi.
2985 2353 3144 2408 Fides
3178 2354 3328 2406 enim
3360 2353 3480 2421 ejus
3510 2369 3618 2404 non

345 2445 530 2508 πίστις
556 2443 722 2498 αὑτοῦ
742 2483 758 2507 ,
788 2444 902 2497 ἀλλ’
939 2442 997 2508 ἐξ
1033 2444 1278 2512 ἀνάγκης
1297 2459 1310 2472 ·
1349 2443 1396 2494 εί
1431 2442 1506 2512 μὴ
1535 2442 1677 2512 τάχα
1713 2440 1806 2494 διὰ
1837 2438 1936 2509 τὴν

2050 2460 2211 2504 estex
2247 2447 2522 2508 instituto,
2551 2442 2668 2500 sed
2696 2460 2760 2500 ex
2797 2444 3125 2500 necessitate
3169 2443 3276 2499 nisi
3320 2443 3456 2498 forte
3490 2459 3622 2514 pro-

349 2536 486 2604 μετὰ
514 2534 689 2588 ταῦτα
723 2535 890 2588 αὑτοῦ
919 2534 1156 2604 σπουδὴν
1185 2534 1282 2588 καὶ
1309 2535 1494 2588 πίστιν
1516 2535 1610 2587 καὶ
1627 2533 1716 2588 διὰ
1742 2531 1938 2585 σπάνιν

351 2627 689 2684 ἀνθρώπων.

2050 2550 2158 2610 pter
2187 2553 2528 2608 consequens
2560 2537 2680 2606 ejus
2711 2536 2950 2592 studium
2990 2545 3042 2592 et
3077 2536 3202 2600 ﬁde,
3232 2536 3624 2604 hominumque

2050 2633 2341 2684 raritatem.

392 2633 450 2682 νΘ
457 2633 689 2700 ρώπων.

2050 2633 2341 2688 raritatem.

655 2719 926 2774 Συνόδου
946 2717 1298 2782 Λαοδικείας
1329 2715 1530 2769 κανὼν
1556 2713 1626 2782 γ’.

2431 2724 2674 2779 ϐοηεὶίίίι
2693 2722 2978 2776 Laodiceni
3019 2737 3185 2774 canon
3214 2721 3264 2774 5.

412 2817 482 2881 γ’.
525 2811 666 2883 Περὶ
685 2810 779 2864 τοῦ
811 2811 1016 2881 μὴβεῖν
1039 2809 1369 2878 προσφάτως
1391 2805 1937 2876 φωτισθέντα,προσ-

346 2905 584 2973 άγεσθαι
615 2905 673 2956 ἐν
738 2903 979 2972 τάγματι
1019 2899 1304 2972 ίερατικῷ.

420 2997 676 3050 ΚΕΦΑΛ.
718 2995 894 3051 ῙΓ¹.-
922 2993 1053 3059 Πῶς
1069 2990 1382 3061 σχολάζων
1413 2990 1746 3054 ἐπίσκοπος
1780 2986 1940 3053 τίνε-

356 3106 448 3146 ται
475 3091 565 3156 εις
605 3085 1034 3159 σχολάζουσαν
1063 3081 1428 3148 ἐπισκοπήν.

645 3179 916 3235 Συνόὸου
961 3176 1326 3245 Ἀντιοχείας
1349 3171 1552 3228 κανὼν
1582 3179 1676 3238 ις’,

419 3274 519 3340 ις’.
560 3274 625 3327 Εἴ
653 3290 738 3336 τις
761 3271 1060 3334 ἐπίσκοπος
1096 3267 1396 3338 σχολάζων,
1441 3265 1534 3318 ἐπὶ
1563 3263 1936 3335 σχολάζουσαν

347 3365 657 3438 ἐκκλησίαν
695 3365 888 3416 ἐαυτὸν
927 3359 1246 3432 ἐπιρῤίψας,
1277 3356 1590 3428 ὑφαρπάζοι
1627 3356 1718 3409 τὸν
1748 3353 1940 3424 θρόνον

347 3457 470 3528 δίχα
506 3455 732 3509 συνόδου
783 3452 1016 3516 τελείας,
1046 3449 1236 3503 τοῦτον
1283 3447 1590 3518 ἀπόϐλητον
1631 3440 1793 3508 εἶναι,
1835 3443 1941 3499 κᾶν

347 3552 398 3604 εί
428 3551 546 3613 πᾶς
585 3547 760 3611 ὁλαδς
801 3547 862 3600 ὃν
891 3545 1214 3616 ὑφήρπασεν
1257 3542 1434 3594 ἕλοιτο
1471 3539 1632 3594 αὐτόν
1657 3555 1672 3570 ·
1727 3536 1943 3591 τελείαν

347 3643 404 3697 δὲ
441 3640 667 3710 ἐκείνην
709 3634 852 3693 εἶναι
893 3628 1194 3708 σύνοδον,ᾕ
1244 3631 1590 3704 συμπάρεστι
1633 3629 1729 3684 καὶ
1767 3628 1798 3681 ὁ
1843 3627 1943 3698 τῆς

353 3732 753 3806 μητροπόλεως
782 3732 1102 3792 ἐπίσκοπος.

418 3871 680 3926 ΚΕΦΔΛ.
709 3869 806 3922 1Δ’.
829 3897 896 3909 -
923 3865 1073 3920 Πότε
1096 3863 1346 3918 δύναται
1386 3860 1665 3930 γενέσθαι
1695 3858 1946 3913 ἐπίσκο-

350 3980 466 4032 πος
500 3964 544 4033 ἢ
579 3961 864 4032 κληρικὸς
881 3958 1195 4028 εὐνοῦχος,
1221 3955 1260 4026 ἣ
1305 3955 1507 4021 ἄλλως
1561 3953 1834 4024 ἐμπαθὴς
1877 3952 1944 4006 τὸ

352 4056 553 4127 σῶμα.
708 4125 710 4128 ι
1531 4119 1573 4128 _
1822 4075 1824 4078 ·

610 4125 988 4202 Ἀποστόλων
1021 4143 1221 4199 κανὼν
1258 4143 1341 4198 κα⁹
1371 4139 1452 4212 κβ⁹
1492 4119 1700 4210 οξόηκ

422 4240 535 4296 κα’.
581 4237 851 4308 Εὑνοῦχος
881 4239 929 4290 εί
965 4237 1064 4306 μὲν
1093 4237 1153 4300 ἐξ
1200 4234 1461 4304 ἐπηρείας
1496 4231 1800 4302 ἀνθρώπων
1825 4231 1947 4298 ἐγέ-

353 4333 476 4387 νετό
509 4347 620 4397 τις,
646 4329 681 4400 ἢ
715 4331 771 4382 ἐν
813 4328 1040 4398 διωγμῷ
1072 4325 1322 4397 ἀφῃρέθη
1375 4324 1442 4378 τὰ
1485 4323 1594 4377 τῶν
1640 4322 1874 4394 ἀνδρῶν,
1913 4321 1946 4392 ἣ

354 4425 532 4487 οὕτως
561 4422 687 4491 ἔφυ,
715 4422 810 4476 καὶ
834 4421 980 4476 ἐστιν
1009 4421 1160 4487 ἄξιος
1183 4417 1515 4486 ἐπισκοπῆς,
1546 4415 1802 4484 γινέσθω.

423 4513 535 4585 etp"
580 4513 640 4566 '0
681 4512 1105 4582 ἀκρωτηριάσας
1133 4509 1347 4571 ἐαυτὸν,
1379 4508 1454 4578 μὴ
1487 4505 1722 4575 γινέσθω
1751 4506 1942 4575 κληριρ
1977 4540 2022 4598 D

357 4606 451 4670 κός
475 4621 492 4637 ο
547 4605 950 4675 αὑτοφονευτὴς
990 4603 1099 4673 γάρ
1133 4604 1281 4654 ἐστιν
1329 4599 1549 4662 ἑαυτοῦ,
1580 4599 1676 4653 καὶ
1723 4598 1824 4666 τῆς
1849 4596 1944 4650 τοῦ

358 4697 498 4752 Θεοῦ
536 4697 902 4766 δημιουργίας
942 4694 1135 4765 ἐχθρός
1149 4737 1160 4748 .

429 4791 529 4853 οξ.
565 4787 636 4842 Εἴ
661 4805 744 4851 τις
767 4788 1049 4858 ἀνάπηρος
1150 4786 1242 4838 τὸν
1265 4780 1627 4853 ὀφθαλμὸν,ῆ
1661 4780 1723 4833 τὸ
1759 4777 1952 4840 σκέλος

361 4880 772 4950 πεπληγμένος,
816 4879 965 4943 ἄξιος
997 4879 1054 4932 δέ
1093 4879 1240 4930 ἐστιν
1291 4877 1617 4945 ἐπισκοπῆς,
1647 4870 1952 4941 γιγνέσθω·

364 4973 424 5026 οὐ
456 4972 567 5042 γὰρ
612 4971 760 5042 λώϐη
813 4970 1064 5041 σώματος
1116 4969 1278 5022 αὑτὸν
1329 4967 1552 5038 μιαίνει,
1599 4962 1732 5017 ἀλλὰ
1772 4961 1950 5031 ψυχῆς

371 5063 676 5134 μολυσμός.

438 5152 539 5222 οη’.
575 5149 772 5218 Κωφὺς
795 5149 852 5202 δὲ
898 5149 974 5202 ὣν
1022 5149 1117 5203 καὶ
1152 5148 1372 5217 τυφλὸς,
1423 5147 1498 5217 μὴ
1551 5145 1788 5214 γινέσθω
1831 5143 1958 5196 ἐπί-

373 5261 572 5306 σκοπος
592 5259 606 5272 ·
645 5243 743 5312 οὐχ
771 5242 850 5305 ὡς
873 5241 1275 5312 μεμιαμμένος,
1310 5240 1423 5294 ἀλλ’
1454 5240 1539 5292 ἵνα
1570 5238 1646 5310 μὴ
1664 5238 1733 5292 τὰ
1758 5236 1956 5304 ἐκκλη-

376 5334 632 5392 σιαστικὰ
661 5331 1148 5404 παρεμποδίζοιτο.

2109 2815 2163 2870 '5.
2194 2813 2308 2869 Non
2340 2824 2590 2884 oportere
2613 2829 2710 2868 eos
2739 2813 2831 2883 qui
2861 2822 2990 2868 sunt
3017 2810 3538 2874 recensilluminati,
3571 2810 3623 2863 in

2041 2907 2289 2960 ordinem
2326 2905 2723 2960 sacerdotalem
2766 2902 3100 2972 promoveri.

2113 2996 2217 3068 53
2246 2995 2398 3050 CAP.
2428 2995 2568 3050 XIII.
2602 3003 2671 3036 —-4
2704 2994 2976 3060 Quomodo
3000 3009 3191 3048 vacans
3231 2993 3505 3062 episcopus
3535 3007 3628 3045 va-

2048 3098 2254 3145 cantem
2285 3090 2641 3157 episcopatum
2667 3095 2903 3154 occupet.

2379 3179 2603 3236 Concilit‘
2639 3178 2950 3234 Antiocheni
3003 3193 3170 3231 canon
3208 3175 3299 3231 IG.

2115 3273 2202 3329 16.
2253 3272 2310 3326 Si
2341 3273 2464 3342 quis
2495 3287 2696 3327 vacans
2730 3271 2844 3341 (l7)
2895 3270 3188 3339 episcopus
3229 3269 3284 3321 in
3345 3271 3628 3320 vacantem

2040 3365 2324 3421 ecclesiam
2365 3363 2700 3432 irrumpens,
2735 3361 2916 3416 sedem
2947 3359 3241 3429 arripuerit
3267 3357 3476 3426 absque
3504 3370 3631 3426 per-

2042 3457 2182 3511 fecta
2212 3454 2443 3526 synodo,
2475 3452 2521 3508 is
2545 3453 2618 3506 sit
2645 3451 2877 3521 ejectus.
2911 3449 3126 3504 etiamsi
3157 3448 3339 3504 omnis
3367 3448 3630 3517 populus,

2042 3561 2204 3616 quem
2234 3545 2453 3609 invasit,
2488 3558 2612 3598 eum
2652 3542 2896 3614 elegerit.
2933 3541 3017 3595 Sit
3047 3548 3231 3596 autem
3267 3539 3357 3593 illa
3388 3536 3629 3608 perfecta

2044 3639 2328 3710 synodus,
2391 3637 2480 3692 cui
2550 3651 2659 3692 una
2717 3649 2938 3705 quoque
3014 3635 3171 3690 adest
3249 3633 3628 3702 metropolita-

2053 3748 2182 3788 IIIIS.

2116 3865 2268 3921 CAP.
2315 3862 2456 3919 XIV.
2499 3893 2572 3905 —
2602 3862 2876 3928 Quomodo
2919 3860 3184 3915 eunuchus
3235 3858 3314 3912 vel
3361 3857 3520 3912 aliter
3579 3855 3636 3909 in

2047 3973 2262 4026 corpore
2298 3957 2539 4019 vitiatus,
2561 3955 2679 4022 ﬁeri
2711 3954 2982 4021 episcopus
3010 3959 3103 4005 aut
3132 3949 3354 4004 clericus
3383 3948 3569 4018 possit.

2272 4131 2647 4201 Apostolorum
2677 4145 2906 4183 canones
2936 4127 3028 4193 Ἡ,
3059 4126 3153 4190 2‘2,
3194 4126 3282 4189 77,
3314 4124 3404 4177 78.

2114 4226 2174 4278 ‘zl
2199 4221 2706 4296 [20].Eunuchus‘°
2728 4221 2774 4275 si
2803 4236 2864 4274 ex
2899 4220 3181 4274 hominum
3199 4215 3415 4286 quidem
3437 4212 3637 4282 injuria

2049 4316 2226 4371 factus
2248 4315 2338 4380 sit,
2380 4313 2464 4367 vel
2492 4312 2546 4366 in
2569 4311 2946 4380 persecutione
2971 4307 3224 4362 virilibus
3261 4305 3508 4375 privatus
3541 4303 3632 4366 sit,

2050 4409 2135 4464 vel
2167 4409 2246 4463 sic
2273 4417 2435 4461 natus
2463 4413 2567 4470 est,
2587 4412 2642 4458 et
2665 4403 2864 4472 dignus
2894 4408 3000 4464 est,
3029 4400 3143 4453 fiat.

2119 4501 2190 4554 2‘2
2219 4497 2354 4572 [21].
2395 4496 2498 4564 Qui
2530 4495 2770 4564 seipsum
2810 4492 3102 4554 mutilavit,
3137 4505 3204 4544 ne
3247 4489 3317 4544 sit
3360 4487 3632 4544 clericus:

2049 4600 2133 4648 est
2165 4591 2248 4646 sui
2284 4587 2580 4648 homicida.
2611 4595 2664 4642 et
2698 4583 2792 4639 Dei
2815 4582 3020 4653 opiﬁcii
3061 4580 3256 4636 hostis.

2130 4771 2196 4824 77
2233 4767 2370 4842 [76].
2405 4764 2462 4820 Si
2490 4765 2616 4835 quis
2645 4763 2687 4794 “
2711 4760 2794 4816 vel
2835 4758 2994 4814 oculo
3025 4757 3274 4818 orbatus,
3307 4755 3391 4808 vel
3434 4750 3643 4842 femore

2060 4835 2689 4922 obtusum—episcopatu
2745 4856 2927 4902 autem
2979 4844 3180 4915 dignus
3233 4843 3324 4905 sit,
3371 4840 3483 4894 ﬁat.
3523 4835 3642 4892 Non

2056 4953 2205 5008 enim
2262 4945 2515 5018 corporis
2573 4945 2837 5000 damnum
2889 4955 3014 4996 eum
3070 4938 3290 5010 polluit,
3322 4935 3418 4992 sed
3447 4935 3644 4990 anima!

2056 5041 2386 5112 inquinatio.

2131 5136 2198 5190 78
2229 5133 2366 5206 [77].
2399 5129 2504 5197 Qui
2531 5138 2711 5184 autem
2751 5135 2837 5182 est
2867 5124 3073 5180 surdus
3124 5133 3178 5178 et
3225 5137 3425 5184 οπεος,
3474 5135 3542 5172 ne
3574 5119 3646 5174 sit

2055 5230 2347 5300 episcopus
2388 5243 2401 5278 :
2440 5239 2548 5278 non
2597 5231 2658 5276 ut
2708 5220 2970 5291 pollutus,
3026 5217 3119 5273 sed
3158 5229 3226 5270 ne
3273 5210 3642 5270 ecclesiastica

2059 5319 2451 5391 impediantur.

446 5499 492 5532 ⁸⁸
534 5499 580 5554 ιι
614 5498 761 5556 Tim.
785 5514 870 5563 ltl,
902 5497 955 5552 6.
1035 5496 1080 5528 ⁸³
1114 5493 1364 5548 Distinet.
1393 5493 1456 5544 77
1491 5492 1552 5547 Si
1609 5493 1726 5559 quis
1768 5492 1819 5543 in
1851 5505 1952 5557 a’gr

2050 5488 2184 5541 dine.
2263 5486 2308 5517 °°
2345 5481 2596 5536 Distinet.
2632 5479 2687 5532 ’5.
2763 5479 2805 5508 ⁶¹
2841 5473 3095 5530 Antioch.
3124 5487 3174 5526 c.
3199 5470 3290 5524 25.

1905 5619 2136 5676 ΝΟΤᾸΞ.

456 5789 562 5853 (19)
596 5788 698 5844 llic
722 5798 777 5844 et
808 5803 1041 5859 sequens
1080 5803 1254 5843 canon
1285 5787 1524 5859 citantur
1555 5783 1769 5859 aclLlI
1825 5797 1954 5859 cnn-

2062 5777 2461 5845 ecclesiastici,
2514 5775 2580 5832 de
2634 5789 2742 5844 quo
2794 5770 2950 5842 plura
3005 5760 3265 5822 Justellus
3317 5759 3410 5830 qui
3454 5757 3645 5820 edidit,

384 5849 1392 5931 ciliiCItaIcedonetisis,dicunturun
1418 5857 1488 5912 95
1541 5864 1592 5912 ct
1642 5853 1710 5909 96
1751 5852 1964 5908 codicis
2075 5849 2297 5925 aliique.
