4122 6438
561 422 664 485 503
1711 414 1971 475 ΡΗΟΤΙΙ
2015 414 2189 472 PATF

2201 415 2514 478 LKARCHAE
2554 422 2667 486 CP.
3726 423 3829 487 504

970 540 1197 596 Concilii
1230 538 1437 593 Nicwni
1465 553 1635 592 canon
1666 537 1716 589 1.
2156 541 2202 595 Α
2584 545 2598 594 1

2156 541 2202 595 Α
2584 542 2852 596 Συνόδου
2881 543 3125 607 Νικαίας
3156 540 3357 595 κανὼν
3392 548 3459 597 α’.

628 633 738 706 54
785 630 837 687 1.
866 632 921 688 Si
946 632 1072 703 quis
1108 647 1138 686 a
1168 630 1392 686 medicis
1425 630 1479 681 in
1506 628 1698 682 morbo
1726 626 1965 689 exclsus.
1986 626 2070 681 vel
2100 642 2130 681 ιι

2306 637 2377 684 α’.
2411 629 2479 682 Et
2506 648 2589 696 τις
2623 634 2682 685 ὲν
2727 632 2866 703 νόσῳ
2914 631 3020 686 ὖπδ
3073 632 3273 703 ἰτηρῶν
3319 632 3748 704 ἔκειρουργήθη’
3792 637 3825 705 ἢ

558 726 815 781 Barbaris
863 734 1116 780 euectus
1146 732 1249 785 est,
1287 724 1335 777 is
1370 722 1424 776 in
1459 720 1609 775 clero
1650 727 1889 773 maneat.
1921 718 1977 773 Si
2005 719 2130 788 quis

2237 721 2341 774 ὑπὸ
2363 721 2653 792 βαρϐάρων
2674 721 2967 792 ὲξετμήθη,
2995 714 3150 785 οὗτος
3182 722 3391 792 μενέτω
3414 723 3471 774 ἐν
3492 722 3576 792 τῷ
3610 724 3824 793 κλήρῳ·

560 825 743 869 autem
778 830 902 869 cum
949 821 1092 867 esset
1151 827 1340 874 sanus,
1389 810 1629 879 seipsum
1677 808 1945 875 exsecuit,
2003 823 2128 863 eum

2236 815 2285 866 εί
2311 815 2369 868 δέ
2396 832 2477 879 τις
2506 816 2764 883 ὑγιαίνων
2794 816 2987 869 ἑαυτὸν
3019 815 3265 885 ἐξέτεμε,
3294 816 3483 869 τοῦτον
3529 816 3631 870 καὶ
3659 818 3719 870 ὲν
3749 818 3828 887 τῷ

557 906 723 960 etiam
770 905 825 959 in
881 904 1027 959 clero
1058 903 1429 957 examinatum
1483 915 1703 956 cessare
1746 900 2025 963 convenit,
2075 910 2131 956 et

2237 904 2423 975 κλήρῳ
2472 904 2881 975 ἐξεταζόμενον,
2915 903 3227 957 πεπαῦσθαι
3266 906 3568 973 προσῆκεν
3627 904 3727 956 xui.
3761 904 3827 957 ἐκ

558 996 814 1063 deinceps
846 994 1054 1047 nullum
1088 991 1247 1046 talem
1286 1001 1501 1061 oportet
1552 990 1881 1061 promoveri.
1927 990 2129 1057 Quem-

2236 994 2330 1047 τοῦ
2360 993 2539 1065 δεῦρο,
2579 994 2779 1065 μηδένα
2806 994 2911 1046 τῶν
2940 992 3199 1046 τοιούτων
3224 994 3421 1064 χρῆναι
3449 993 3825 1063 προάγεσθαι.

557 1085 847 1138 admodum
889 1092 1070 1136 autem
1108 1083 1209 1135 boc
1233 1081 1587 1136 manifestum
1629 1091 1735 1147 est,
1760 1081 1905 1151 quod
1937 1082 2003 1136 de
2036 1081 2125 1147 iis,

2237 1087 2446 1155 Ὠσπερ
2474 1087 2532 1141 δὲ
2556 1087 2714 1140 τοῦτο
2745 1085 3031 1156 πρόδηλον,
3060 1087 3142 1139 δτι
3178 1086 3309 1156 περὶ
3332 1085 3441 1138 τῶν
3461 1084 3826 1155 ἐπιτηδευόνσ

556 1176 649 1245 qui
680 1178 745 1230 de
782 1175 1050 1229 industria
1079 1174 1180 1228 hoc
1214 1184 1398 1243 agant,
1431 1182 1485 1228 et
1532 1189 1591 1228 se
1623 1173 1773 1243 ipsos
1800 1174 2003 1227 audent
2033 1188 2127 1227 ex-

2234 1194 2342 1230 των
2365 1176 2427 1229 τὸ
2452 1178 2707 1247 πρᾶγμα,
2757 1177 2853 1230 καὶ
2881 1174 3208 1245 τολμώντων
3252 1177 3480 1239 ἑαυτοὺς
3528 1176 3825 1244 ἐκτέμνειν

554 1265 755 1328 cidere,
786 1264 987 1319 dictum
1038 1275 1119 1319 est
1155 1281 1169 1318 :
1224 1265 1351 1318 item
1393 1264 1440 1318 si
1470 1263 1637 1332 aliqui
1688 1279 1718 1316 a
1758 1261 2015 1317 Barbaris
2045 1261 2129 1314 vel

2235 1266 2451 1334 εἴρηται
2474 1282 2489 1298 ο
2522 1265 2696 1329 οὕτως
2741 1265 2795 1318 εί
2817 1282 2961 1329 τινες
3002 1265 3107 1319 ὑπὸ
3137 1265 3430 1337 βαρϐάρων
3470 1266 3503 1334 ἢ
3535 1265 3826 1321 δεσποτῶν

555 1356 792 1410 dominis
844 1357 1069 1412 castrati
1125 1357 1234 1410 sint
1288 1357 1637 1410 inveniantur
1693 1365 1875 1411 autem
1910 1365 1964 1410 et
1995 1356 2132 1410 alio-

2233 1357 2676 1427 εὐνουχίσθησαν,
2734 1358 3073 1425 εὑρίσκοιντο
3121 1357 3177 1410 δὲ
3226 1356 3400 1420 ἄλλως
3453 1356 3641 1423 ἄξιοι,
3690 1358 3821 1419 τοὺς

553 1447 647 1519 qui
678 1447 852 1517 digni,
886 1448 1024 1502 tales
1056 1448 1110 1500 in
1133 1447 1341 1503 clerum
1370 1447 1611 1503 admittit
1634 1464 1832 1503 canon.

1819 1490 1832 1503 .
2230 1448 2506 1511 τοιούτους
2540 1450 2619 1512 εις
2650 1448 2849 1519 κλῆρον
2874 1448 3158 1519 προσίεται
3185 1451 3213 1502 ό
3242 1449 3441 1503 κανών.

619 1536 833 1592 Textus.
849 1537 1039 1593 Civilis
1060 1538 1141 1591 lex
1164 1552 1261 1593 eos
1281 1538 1374 1608 qui
1394 1539 1468 1593 sei
1478 1553 1603 1607 psos
1618 1547 1712 1592 aut
1728 1539 1865 1593 alios
1884 1548 2129 1594 castrant

2313 1540 2372 1595 '0
2400 1540 2675 1604 πολιτικὸς
2701 1542 2862 1609 νόμος
2891 1541 3016 1604 τοὺς
3048 1541 3327 1610 ἑαυτοὺςῆ
3360 1541 3586 1611 ἑτέρους
3628 1540 3816 1594 εύνου-

552 1626 918 1682 diversimode
963 1626 1156 1696 punit:
1191 1627 1324 1680 alias
1376 1628 1551 1695 capite
1578 1668 1593 1689 ,
1627 1627 1763 1681 alias
1802 1626 2123 1700 [bonorum]

2230 1632 2480 1703 χίζοντας
2506 1632 2774 1704 διαφόρως
2804 1635 3149 1703 τιμωρεῖται,
3182 1633 3312 1686 ποτὲ
3345 1633 3445 1703 μὲν
3470 1630 3815 1701 κεφαλικῶς,

552 1713 927 1783 publicatione
954 1722 1008 1767 et
1035 1713 1251 1779 exsilio,
1288 1714 1425 1769 alias
1458 1712 1683 1768 talione.
1711 1714 1950 1769 Omnino
1979 1716 2122 1769 enim

2232 1725 2361 1779 ποτὲ
2387 1725 2442 1778 δὲ
2468 1725 2727 1795 δημεύσει
2760 1724 2854 1778 καὶ
2898 1725 3100 1796 ὲξορίᾳ,
3139 1725 3269 1777 ποτὲ
3299 1725 3356 1778 δὲ
3386 1722 3779 1793 ταυτοπαθείᾳ
3800 1739 3816 1755 ·

552 1800 609 1856 in
642 1812 828 1857 nostra
863 1801 1138 1871 republica
1191 1800 1463 1855 neminem
1505 1801 1816 1855 eunuchum
1856 1802 1970 1857 ﬁeri
2001 1819 2126 1872 per-

2230 1817 2457 1870 καθόλου
2488 1818 2597 1887 γὰρ
2631 1819 2689 1870 ὲν
2714 1819 2779 1887 τῇ
2814 1814 3061 1886 πολιτεία
3088 1816 3267 1884 ἡμῶν,
3299 1816 3490 1869 οὐδένα
3538 1816 3822 1884 συγχωρεί

552 1894 722 1950 mittit
749 1911 764 1949 :
803 1894 897 1949 sed
921 1894 1062 1964 apud
1090 1893 1359 1949 Barbaros
1394 1892 1569 1948 solum
1594 1892 1886 1951 Barbaros.
1913 1895 1971 1949 Si
2000 1895 2125 1964 quis
2154 1882 2180 1937 ῐ

2187 1886 2197 1935 ί
2227 1882 2634 1982 εὑνουχίζενσθ-αι
2658 1926 2671 1941 ·
2704 1882 2841 1963 ἀλλὰ
2871 1882 3348 1980 παρὰ-βαρϐάροις
3379 1910 3565 1979 μόνοις
3602 1882 3815 1979 βαρϐά-

552 1999 735 2043 tamen
779 1988 922 2056 apud
952 2002 1051 2042 nos
1096 1995 1370 2042 eastratus
1416 1988 1511 2050 sit,
1552 1986 1692 2040 liber
1724 1987 1800 2047 lit.
1857 1988 1902 2043 si
1932 2004 2125 2043 servus

2229 2021 2377 2075 ρους.
2412 2005 2473 2056 Εἰ
2502 2004 2559 2057 δέ
2585 2021 2667 2065 τις
2696 2002 2824 2073 παρ’
2858 2004 2991 2073 ἡμῖν
3024 2002 3367 2072 εὐνουχισθῇ,
3404 2001 3815 2072 ἐλευθεροῦται,

553 2078 741 2142 fuerit,
779 2079 942 2132 etiam
987 2077 1033 2131 si
1070 2087 1292 2148 propter
1325 2077 1575 2131 morbum
1606 2087 1881 2132 casti-atus
1919 2077 2029 2132 sit:
2068 2088 2127 2132 ut

2226 2094 2387 2165 εἴπερ
2410 2090 2477 2166 ἦν
2504 2094 2709 2160 δοῦλος,
2739 2094 2842 2147 κᾶν
2869 2094 2958 2147 διὰ
2986 2094 3139 2147 νόσον
3182 2093 3499 2163 εὑνουχισθῇ
3524 2108 3541 2125 ·
3577 2092 3655 2155 dt;
3700 2094 3813 2161 βισ,

553 2167 649 2221 lib.
684 2183 736 2220 tv
766 2174 886 2220 cod.
908 2168 989 2223 tit.
1008 2166 1097 2228 42,
1118 2172 1295 2219 const.
1329 2163 1476 2230 1,2;
1524 2175 1578 2217 et
1603 2164 1697 2219 lib.
1732 2180 1923 2226 ιιιίιι,
1963 2165 2048 2218 tit.
2068 2165 2123 2229 8,

2226 2163 2382 2238 δ’τού
2598 2184 2704 2237 τίτ.
2760 2182 2848 2253 μβ¹
2879 2184 3019 2240 διά-ε.
3069 2190 3116 2236 α’
3147 2184 3238 2237 καὶ
3288 2182 3355 2252 β’,
3395 2184 3492 2236 καὶ
3546 2182 3659 2251 βιὸ.
3700 2189 3811 2253 μη¹,

552 2255 823 2325 digestum
852 2252 905 2317 4,
929 2252 985 2317 5,
1017 2252 1070 2317 6,
1108 2252 1196 2319 ll,
1239 2262 1291 2306 et
1327 2253 1380 2306 in
1412 2252 1629 2307 novella
1679 2254 1963 2308 sanctione
1998 2253 2124 2319 149.,

2226 2295 2333 2333 τιτ.
2362 2284 2433 2348 η’,
2464 2277 2605 2331 διάτ.
2645 2274 2692 2345 γ’
2717 2252 2819 2329 δ’ῗεί
2858 2275 2912 2341 ς’
2947 2283 3014 2330 ια’
3035 2291 3049 2307 °
3092 2276 3187 2330 καὶ
3230 2275 3288 2328 ὲν
3320 2276 3389 2345 τῇ
3421 2274 3555 2345 περὶ
3584 2258 3695 2327 τῶν
3721 2252 3814 2326 εύ-

551 2318 734 2400 de'b'ts
755 2342 847 2410 qui
872 2341 1152 2396 eunuchos
1184 2318 1416 2395 iaciunt.
2109 2318 2114 2319 ί

1329 2348 1416 2393 int.
1470 2430 1482 2441 .
1591 2431 1602 2441 .
1997 2435 2007 2441 _
2052 2435 2063 2441 _
2227 2318 2582 2438 νουχιῖζδντων
2609 2318 2736 2441 ρμβο
2765 2318 2957 2439 νεαρᾷ.

636 2432 787 2489 CAP.
827 2432 941 2487 XV.
967 2464 1039 2473 —
1067 2431 1438 2486 Dwmoniacus
1464 2430 1520 2486 in
1552 2431 1748 2488 clerum
1773 2448 1875 2487 non
1906 2435 2127 2504 recipia-

2288 2430 2543 2517 ΙέῖξάιΑΛ.
2574 2430 2885 2530 Ιίῑίέ-Περί
2908 2430 3011 2515 τοῦ
3039 2456 3526 2528 δαιμονιζόμενον
3546 2455 3635 2527 μὴ
3666 2459 3812 2524 κλη-

555 2534 663 2579 tttr.
686 2524 1057 2594 Apostolorum
1093 2540 1262 2578 canon
1286 2523 1374 2578 78.

867 2524 1057 2578 ﬂorum
1093 2540 1262 2578 canon
1286 2523 1374 2578 78.
1481 2614 1493 2621 Α
1550 2614 1564 2621 _
2219 2553 2495 2621 ροῦσθαι,

625 2616 695 2672 79
725 2614 863 2688 [78,].
898 2616 956 2670 Si
987 2616 1114 2685 quis
1143 2615 1446 2673 daemonem
1478 2614 1699 2683 habeat,
1740 2631 1809 2671 ne
1842 2616 1936 2671 fiat
1967 2616 2127 2671 cleri-
2221 2614 2237 2621 '

1763 2631 1809 2671 ’θ
1842 2616 1936 2671 ΗΜ
1967 2616 2127 2671 Cleri'
2221 2614 2237 2621 ⁷
2645 2643 3031 2697 Ἀποστόλων
3065 2642 3268 2697 κανὼν
3296 2641 3391 2697 οθ’.

551 2725 673 2776 cus,
709 2710 805 2765 sed
856 2725 1032 2780 neque
1060 2725 1187 2766 cum
1228 2709 1481 2767 ﬁdelibus
1524 2720 1800 2783 precetur.
1851 2712 2127 2783 Purgatus

2294 2734 2390 2788 οθ’.
2433 2733 2560 2789 Ἐάν
2582 2752 2663 2799 τις
2690 2734 2921 2806 δαίμονα
2965 2734 3087 2807 ἔχῃ,
3130 2734 3391 2807 κληρικδς
3428 2733 3507 2807 μὴ
3547 2732 3808 2803 γινέσθω,

549 2813 733 2860 autem
765 2804 1100 2874 recipiatur;
1131 2812 1186 2860 et
1212 2805 1260 2860 si
1291 2805 1367 2861 sit
1397 2804 1617 2877 dignus,
1652 2804 1771 2861 liat.

2225 2825 2362 2885 ἀλλὰ
2396 2827 2471 2897 μὴ
2514 2826 2574 2880 δὲ
2610 2828 2724 2890 τοῖς
2774 2804 3408 2897 πιστοϊςγσυνευχέσθω·
3431 2804 3814 2897 ⁷καθιιρισθεὶς

2225 2916 2304 2985 δὲ,
2338 2917 2719 2989 προσδεχέσθω
2740 2934 2754 2949 ⁸
2787 2918 2884 2973 καὶ
2918 2918 3072 2991 ἐὰνῇ
3105 2918 3273 2985 ἄξιος,
3297 2917 3556 2987 γινέσθω.

755 2989 909 3044 CAP.
946 2989 1087 3046 XVI.
1116 3022 1188 3033 —-
1212 2992 1287 3047 De
1320 3007 1381 3047 eo
1406 2992 1497 3062 qui
1535 3006 1642 3045 non
1668 2990 1987 3059 obtemperat
2011 2989 2128 3059 epi-

2300 2988 2569 3065 KEoAA.
2591 3012 2705 3078 ιφ.
2728 3042 2797 3053 -
2818 3010 2957 3079 περι
2986 2988 3091 3063 tot:
3116 3008 3202 3079 μὴ
3230 3008 3705 3078 πειθαρχοῦντος
3735 3002 3814 3069 τῷ

549 3098 707 3152 scopo
733 3082 926 3138 valenti
955 3085 1129 3153 ipsum
1162 3084 1234 3138 ad
1255 3084 1507 3155 majorem
1536 3084 1759 3155 gradum
1785 3082 2055 3136 ordinare.

2230 3101 2359 3167 ιδίῳ
2412 3104 2756 3170 ὲπισκόπῳ,
2805 3103 3162 3174 ,ϐουλομένῳ
3214 3101 3582 3172 χειροτονεῖν
3626 3098 3813 3156 αὑτὸν

2230 3195 2319 3261 εὶς
2339 3193 2580 3266 μείζονα
2605 3197 2865 3265 βαθμόν.

834 3277 1063 3333 Concilii
1102 3279 1534 3351 Carthaginensis
1564 3296 1733 3334 canon
1754 3280 1845 3336 51.
2156 3258 2199 3317 C
2294 3258 2308 3261 ⁷
2339 3258 2357 3266 ⁷

2156 3258 2199 3317 c
2294 3258 2308 3261 ⁷
2339 3258 2357 3266 ⁷
2478 3258 2749 3345 Συνοδού
2780 3288 3200 3359 Καρθαγέννης
3229 3287 3429 3341 κανὼν
3458 3286 3564 3340 λα’.

624 3368 714 3424 31.
744 3367 801 3423 Si
835 3371 929 3440 qui
958 3369 1146 3425 clerici
1174 3370 1243 3424 ab
1279 3370 1553 3441 episcopis
1592 3372 1707 3426 suis
1738 3374 1972 3441 promoti
1999 3386 2133 3427 con~

2303 3378 2405 3438 λα’.
2449 3382 2576 3438 Ἐάν
2618 3398 2702 3443 τις
2733 3379 2995 3451 κληρικὸς
3042 3380 3107 3432 ὲκ
3137 3378 3247 3431 τῶν
3296 3377 3441 3430 ἰδίων
3494 3373 3814 3430 ἐπισκόπων

557 3464 900 3535 tempserint.
962 3480 1063 3521 nec
1098 3464 1212 3520 illic
1261 3474 1541 3531 maneant,
1578 3467 1721 3522 unde
1748 3465 2004 3521 recedere
2032 3482 2132 3520 no-

2232 3474 2700 3547 προδιϐαζόμενος
2743 3475 3086 3545 καταψρονῇ,
3136 3471 3271 3543 μηδὲ
3311 3471 3431 3524 ἐκεῖ
3476 3470 3639 3542 μείνῃ
3688 3466 3812 3523 ὅθεν

549 3580 794 3628 luerunt.

2234 3566 2587 3637 ἀναχωρῆσαι
2616 3565 2716 3617 οὐκ
2744 3564 3030 3635 ἠθέλησεν.

624 3661 758 3717 Item
792 3662 999 3733 placuit
1032 3663 1098 3728 υ,
1137 3668 1195 3711 ιιι
1223 3654 1535 3725 quicunque
1576 3654 1778 3718 clerici,
1807 3653 1890 3709 vel
1917 3651 2132 3707 diaconi

2314 3655 2545 3726 Ὁμοίως
2572 3655 2789 3726 ήρεσεν,
2827 3655 2913 3710 ἵνα
2945 3654 3247 3726 οίοιδήποτε
3274 3654 3531 3725 κληρικοὶ
3566 3654 3663 3708 καὶ
3691 3651 3812 3707 διά·

550 3771 650 3826 pro
681 3755 1107 3811 necessitatibus
1142 3752 1506 3809 Ecclesiarum
1559 3762 1669 3801 non
1716 3747 2133 3816 obtemperave-

2233 3766 2401 3815 κονοι,
2444 3748 2537 3802 ἐὰν
2571 3749 2646 3818 μὴ
2700 3747 3036 3819 πειθαρχῶσι
3070 3749 3182 3811 τοῖς
3232 3748 3555 3810 ἐπισκόποις
3608 3747 3804 3811 αὐτῶν,

551 3847 663 3901 rint
697 3846 972 3915 episcopis
1002 3846 1139 3911 suis,
1160 3846 1469 3901 volentibus
1506 3853 1603 3893 COS
1633 3837 1701 3891 ad
1728 3838 1992 3892 honorem
2016 3850 2134 3889 am-

2234 3840 2574 3911 βουλομένοις
2596 3839 2685 3893 διά
2698 3857 2852 3902 τινας
2886 3838 3291 3907 ἀναγκαστικὰς
3330 3839 3511 3902 αἰτίας
3541 3840 3649 3892 τῶν
3685 3839 3806 3891 Ἐκ-

551 3938 780 4007 pliorem
809 3936 960 4009 [mss.
994 3934 1300 4007 meliorem]
1334 3937 1387 3990 in
1413 3951 1512 3991 sua
1536 3929 1765 3987 ecclesia
1788 3942 2128 3998 promovere,

2232 3934 2474 4002 κλησιῶν
2514 3931 2695 3985 αὐτῶν
2724 3931 2947 3995 τούτους
2989 3933 3125 4002 πρὸς
3177 3932 3429 4003 μείζονας
3478 3932 3805 3986 ἀναϐιϐάσαι

554 4046 655 4086 nec
703 4030 813 4084 illic
858 4030 1172 4086 ministrent
1221 4030 1275 4084 in
1325 4030 1492 4101 gradu
1530 4044 1655 4094 suo,
1701 4021 1842 4076 unde
1874 4021 2133 4077 recedere

2228 4024 2396 4093 τιμὰς
2436 4023 2494 4076 ἐν
2530 4025 2604 4101 τῇ,
2636 4022 2937 4095 Ἐκκλησία
2984 4023 3186 4087 αὐτῶν,
3232 4024 3367 4093 μηδὲ
3402 4024 3461 4075 ὲν
3510 4023 3702 4090 ἐκείνῳ
3730 4020 3804 4089 τῷ

549 4122 862 4177 Lolucrunt.

2230 4116 2425 4187 βαθμῷ
2474 4100 2893 4188 διακῖνήσωσιν,
2934 4116 2993 4183 ἐξ
3030 4111 3090 4170 οὗ
3139 4116 3495 4187 ἀναχωρῆσαι
3546 4117 3645 4169 οὐκ
3683 4114 3805 4183 ἠθέ-

2228 4210 2293 4279 λη
2302 4226 2420 4264 σαν.

1083 4320 1275 4374 Rasilii
1295 4336 1466 4375 canon
1516 4321 1602 4377 l0.
2699 4304 2711 4355 λ

2699 4301 3025 4355 Βασιλείου
3051 4300 3252 4353 κανὼν
3275 4307 3325 4354 ι’.

617 4413 706 4470 to.
737 4412 841 4478 Qui
869 4413 1057 4482 jurant
1089 4430 1149 4468 se
1195 4414 1597 4469 ordinationem
1630 4430 1737 4471 non
1779 4428 2121 4487 accepturos,

2297 4404 2349 4454 t'.
2376 4398 2439 4454 Οἱ
2465 4392 2760 4467 ὀμνύοντες
2788 4392 2863 4462 μὴ
2895 4392 3294 4462 καταδέχεσθαι
3323 4390 3422 4463 τὴν
3444 4390 3798 4461 χειροτονίαν,

545 4500 843 4571 ciurantes,
872 4480 961 4557 ine
1006 4510 1271 4570 cogantur
1309 4500 1571 4571 peierare.
1598 4501 1713 4557 Etsi
1738 4504 1883 4558 enim
1908 4480 2126 4559 videtur

2224 4487 2583 4558 ἐξομνύμενοι
2625 4485 2699 4557 μὴ
2740 4482 3243 4553 ἁναγκαζέσθωσαν
3280 4485 3578 4553 ἐπιορκεῖν.
3607 4484 3667 4536 Ei
3696 4480 3802 4551 γὰρ

546 4594 747 4663 aliquis
770 4609 894 4649 esse
930 4609 1133 4659 canon,
1157 4593 1249 4663 qui
1273 4592 1545 4662 ejusmodi
1582 4594 1900 4650 hominibus
1927 4609 2124 4649 conce-
2153 4613 2174 4671 ι

2173 4617 2200 4667 )
2226 4578 2321 4631 καὶ
2352 4578 2499 4629 δοκεῖ
2547 4593 2631 4638 τις
2657 4569 2798 4628 εἶναι
2838 4572 3017 4627 κανὼν
3062 4574 3097 4626 ό
3143 4572 3440 4643 συγχωρῶν
3487 4576 3601 4635 τοῖς
3632 4569 3801 4623 τοιού-

546 4661 682 4749 dat;
712 4686 1052 4754 experientia
1096 4661 1279 4741 tamen
1306 4661 1689 4753 cognovimus
1711 4700 1806 4740 eos
1834 4686 1929 4757 qui
1973 4688 2121 4756 peje-
2155 4661 2174 4671 ’

2170 4661 2190 4668 ⁷
2226 4680 2362 4727 τοις,
2392 4662 2531 4716 ἀλλὰ
2585 4664 2751 4734 πείρᾳ
2784 4661 3124 4731 ἐγνώκαμεν,
3160 4664 3242 4715 ὅτι
3285 4664 3385 4731 οὐκ
3415 4663 3724 4717 εὐοδοῦνται
3752 4661 3798 4713 οἱ

546 4788 762 4839 rarum,
815 4775 1001 4831 felices
1052 4777 1231 4831 exitus
1276 4792 1382 4829 non
1420 4776 1643 4831 habere.
1701 4777 2118 4832 Consideranda

2228 4757 2698 4825 παρορκήσαντες.
2753 4754 2983 4806 Σκοπεῖν
3040 4754 3095 4806 δὲ
3153 4753 3233 4806 δεῖ
3278 4755 3375 4807 καὶ
3429 4755 3491 4807 τὸ
3518 4751 3656 4817 εἶδος
3708 4750 3796 4805 τοῦ

548 4880 728 4920 autem
775 4876 905 4923 sunt
960 4876 1014 4920 et
1057 4867 1267 4936 species
1309 4867 1693 4936 jurisjurandi,
1736 4880 1791 4923 et
1833 4870 2020 4932 verba,
2068 4881 2123 4923 et

2228 4848 2416 4915 ὅρκου,
2458 4845 2552 4898 καὶ
2577 4845 2645 4896 τὰ
2671 4845 2917 4914 ῥήματα,
2943 4844 3038 4896 καὶ
3058 4845 3157 4913 τὴν
3185 4844 3426 4903 διάθεσιν
3454 4847 3549 4914 ἀφ’
3572 4841 3639 4916 ἦς
3660 4846 3799 4912 ὀμω-

548 4958 766 5011 animus
817 4972 926 5025 quo
968 4958 1313 5028 iuraverunt,
1356 4967 1407 5011 et
1445 4958 1720 5027 sigillatim
1769 4974 1893 5028 quae.
1943 4960 2123 5015 verbis

2234 4939 2461 5005 μόκασι,
2494 4936 2590 4989 καὶ
2618 4935 2720 4998 τὰς
2756 4936 2899 4987 κατὰ
2928 4935 3123 4988 λεπτὸν
3161 4938 3223 4993 ὲν
3250 4938 3363 4998 τοῖς
3393 4936 3599 5006 ῥήμασι
3634 4948 3796 5003 προσ-

547 5050 728 5102 addita
752 5048 993 5113 fuerunt,
1031 5048 1169 5102 adeo
1198 5056 1257 5101 ut
1297 5048 1345 5102 si
1374 5048 1522 5102 nulla
1564 5064 1792 5117 prorsus
1830 5050 1903 5103 sit
1934 5050 2009 5104 rei
2038 5049 2119 5104 le-

2224 5030 2421 5096 θήκας·
2442 5028 2516 5089 ὡς
2538 5028 2633 5078 ἐὰν
2666 5023 2952 5097 μηδεμίαῇ
2982 5026 3296 5097 μηδαμόθεν
3316 5027 3665 5096 παραμυθία,
3691 5022 3793 5094 χρὴ

547 5136 760 5191 ιιίειιάιε
791 5136 951 5201 ratio,
1002 5136 1137 5191 tales
1171 5136 1397 5190 omnino
1432 5136 1737 5191 dimittendi
1782 5137 1911 5191 sint.
1964 5136 2119 5203 Quod

2224 5121 2503 5184 παντελῶς
2524 5121 2620 5191 ὲᾷν
2642 5121 2767 5183 τοὺς
2781 5119 3076 5184 τοιούτους.
3098 5120 3172 5173 Τὸ
3189 5121 3288 5191 μέν
3305 5138 3387 5174 τοι
3408 5122 3549 5175 κατὰ
3564 5122 3793 5190 Σεὸῆρον

546 5232 727 5277 autem
759 5221 955 5277 attinet
986 5224 1051 5277 ad
1080 5222 1269 5278 Severi
1301 5223 1600 5292 negotium,
1626 5223 1875 5277 videlicet
1899 5224 1964 5277 ad
1994 5240 2119 5293 pre-

2223 5216 2476 5285 πρᾶγμα,
2503 5213 2623 5283 ἢτοι
2641 5212 2731 5265 τὸν
2750 5213 2855 5265 ὑπὸ
2873 5212 3063 5266 τούτου
3086 5214 3532 5284 χειροτονηθέντα
3563 5210 3795 5285 πρεσϐύ-

547 5311 828 5380 shyterum
860 5309 928 5363 ab
954 5311 1077 5380 ipso
1105 5311 1443 5378 ordinatum,
1470 5311 1686 5368 videtur
1720 5310 1836 5364 nihi
1869 5326 1956 5364 res
1982 5319 2119 5364 tem-

2223 5324 2281 5360 τε
2293 5323 2404 5377 ρον,
2434 5305 2691 5375 τοιαύτην
2712 5305 2835 5359 τινά
2860 5322 2948 5375 μοι
2996 5306 3146 5359 δοκεῖ
3176 5306 3534 5377 παραμυθίαν
3554 5306 3715 5376 ἔχειν,
3747 5301 3792 5354 εί

546 5407 919 5468 peramentum
964 5398 1234 5463 ejusmodi
1276 5399 1498 5463 habere,
1536 5398 1581 5453 si
1624 5399 1768 5452 idem
1803 5405 1858 5451 et
1905 5397 2001 5459 tibi
2038 5398 2120 5451 vi-

2216 5401 2313 5455 καὶ
2327 5400 2411 5452 σοὶ
2433 5398 2680 5451 συνδοκεῖ
2702 5412 2717 5427 ο
2743 5397 2835 5450 τὸν
2867 5398 3039 5469 ἀγρὸν
3085 5400 3295 5452 ἐκεῖνον
3326 5400 3419 5452 τὸν
3449 5399 3796 5465 ἐπικείμενον

544 5489 760 5543 deatur.
784 5486 987 5556 Agrum
1012 5489 1162 5543 illum
1185 5488 1416 5543 Misthite
1439 5488 1772 5557 subjectum,
1796 5487 1884 5542 cui
1914 5487 2005 5542 ille
2039 5489 2122 5541 vir

2218 5495 2287 5564 τῇ
2338 5491 2567 5561 Μισθίᾳ,
2602 5485 2647 5557 ᾧ
2711 5490 3119 5561 ὲπεκηρύχθηό
3187 5490 3498 5561 ἄνθρωπος,
3547 5490 3791 5543 κέλευσον

547 5579 796 5634 addictus
830 5579 952 5644 fuit,
999 5582 1133 5650 jube
1172 5579 1406 5635 Vasodis
1436 5581 1683 5635 subesse.
1721 5579 1813 5645 Sic
1849 5580 1996 5635 enim
2024 5595 2126 5635 nec

2221 5583 2514 5645 Οὑασόδοις
2570 5582 2871 5636 ὑποτελεῖν.
2899 5580 3057 5635 Οὕτω
3096 5581 3205 5651 γὰρ
3238 5585 3487 5646 κάκεῖνος
3507 5583 3566 5635 οὐ
3589 5594 3790 5649 παρορ-

550 5668 817 5741 peierabit
854 5671 943 5724 ille
972 5685 1006 5725 a
1043 5671 1163 5725 loco
1190 5686 1301 5723 non
1351 5670 1637 5743 recedens,
1683 5686 1785 5727 nec
1815 5672 2120 5742 Longinus,

2222 5676 2401 5745 κήσει,
2428 5673 2502 5743 μὴ
2527 5672 2824 5741 ἀναχωρῶν
2852 5671 2946 5725 τοῦ
2972 5671 3136 5724 τόπου
3156 5686 3170 5701 ·
3201 5672 3337 5725 καὶὸ
3365 5672 3621 5740 Λογγῖνος
3661 5668 3790 5735 ἔχων

547 5774 727 5828 sxum
762 5761 971 5817 habens
1020 5763 1332 5830 Cyriacum,
1365 5762 1417 5815 in
1455 5777 1619 5817 causa
1648 5763 1751 5817 erit
1775 5780 1874 5818 cur
1906 5765 2122 5827 deserta

2224 5763 2316 5816 τὸν
2345 5762 2621 5829 Κυριακδν
2645 5762 2758 5829 μεθ’
2786 5759 3005 5827 ἑαυτοῦ,
3022 5761 3121 5813 οὐκ
3146 5760 3424 5831 ἐρημώσει
3443 5761 3547 5831 τὴν,
3569 5756 3756 5821 Ἐκκλιῄ

619 5868 669 5915 1³
693 5868 949 5943 Cartbag.
985 5889 1064 5938 ιιι,
1101 5886 1217 5944 cap.
1256 5873 1326 5928 49
1360 5884 1413 5928 et
1442 5872 1525 5939 12,
1553 5882 1746 5946 (ιιιαξδι.
1784 5875 1839 5939 5,
1883 5890 2005 5945 cap.
2052 5875 2110 5936 l;
2154 5875 2247 5931 Cat

1920 5890 2005 5945 ap.
2052 5875 2110 5936 l;
2154 5875 2411 5945 Carlhag.
2456 5890 2536 5942 ιιι,
2574 5888 2693 5944 Cap.
2729 5872 2795 5925 69
2826 5881 2877 5926 et
2914 5874 2997 5937 12,
3034 5881 3224 5942 quaest.
3254 5874 3308 5939 ‘5,
3342 5887 3461 5942 cap.
3500 5871 3548 5927 1.
