4122 6442
321 444 418 509 505

1019 432 1426 497 SYNTAGMA
1468 429 1858 493 CANONUM.
1887 455 1957 469 -
1985 430 2134 494 ΤΙΤ.
2166 431 2217 507 Ι,
2257 434 2412 495 CAP.
2453 435 2575 511 Π,
2617 438 2771 501 XVI.

3464 436 3569 499 506

320 554 456 617 σίαν,
479 549 594 604 οὐδὲ
620 548 719 618 τὴν
745 546 939 601 ἑαυτοῦ
969 546 1145 617 ψυχὴν
1180 545 1270 599 διὰ
1299 546 1398 615 τῆς
1429 544 1630 616 ἀργίας
1657 542 1883 597 καταδι-

2006 545 2098 615 56
2129 545 2199 601 sit
2223 547 2479 613 ecclesia,
2534 564 2710 620 neque
2760 550 3004 605 animam
3041 564 3198 606 suam
3254 562 3352 618 per
3393 549 3567 603 otium

321 647 474 700 κάσει
492 660 507 675 ο
535 642 629 696 καὶ
650 642 810 710 ἡμεῖς
836 639 1061 708 δόξομεν
1094 639 1169 708 μὴ
1193 637 1345 708 παρά
1366 638 1601 699 κανόνας
1629 637 1806 689 ποιεῖν
1832 634 1887 688 τί

322 733 846 807 συμπεριφερόμενοι
880 731 957 800 τῷ
985 728 1269 800 Κυριακῷ,
1301 729 1560 797 ὀμόσαντι
1597 727 1695 796 μὲν
1746 743 1887 795 συμ-

322 826 646 897 παραμένειν
688 822 999 885 Μινδάνοις,
1046 820 1468 889 καταδεξαμένῳ
1500 818 1557 871 δὲ
1596 818 1694 888 τὴν
1725 817 1891 887 μετά-

322 922 483 974 θεσιν.
516 919 581 972 Ἦ
607 919 715 987 γὰρ
743 915 1003 977 ἐπάνοδος
1032 913 1245 983 φυλακὴ
1292 912 1444 966 ἔσται
1481 911 1577 964 τοῦ
1601 913 1763 981 ὅρκου
1784 925 1798 940 ο
1829 909 1891 962 τὸ

321 1016 375 1068 δὲ
401 1013 535 1079 εἶξαι
577 1011 740 1068 αὐτὸν
777 1014 843 1082 τῇ
878 1008 1183 1080 οἰκονομίᾳ,
1220 1009 1301 1070 είς
1345 1007 1609 1078 ἐπορκίαν
1654 1006 1802 1076 αὐτῷ
1828 1005 1887 1057 ού

321 1101 711 1172 λογισθήσεται,
741 1099 829 1153 διὰ
853 1100 916 1153 τὸ
952 1100 1026 1171 μὴ
1059 1096 1418 1169 προσκεῖσθαι
1450 1096 1528 1167 τῷ
1556 1097 1726 1168 ὅρκῳ,
1755 1093 1892 1166 μηδὲ

323 1194 456 1264 πρὸς
486 1193 655 1263 βραχὺ
678 1192 1032 1261 ἀναχωρῆσαι
1056 1189 1360 1252 Μινδάνων,
1386 1187 1521 1241 ἀλλά
1552 1187 1891 1257 παραμένειν

323 1288 396 1349 είς
425 1286 485 1340 τὸ
514 1284 733 1354 ἐφεξῆς.
764 1284 990 1355 Σεὸήρῳ
1013 1282 1068 1336 δὲ
1095 1279 1550 1355 προφασιζομένῳ
1576 1279 1674 1349 τὴν
1698 1278 1889 1349 λήθην,

324 1379 478 1448 ἡμεῖς
507 1377 930 1447 συγχωρήσομεν
987 1375 1253 1439 εἰπόντες,
1306 1375 1387 1428 ὅτι
1417 1375 1445 1427 ὁ
1496 1372 1605 1426 τῶν
1633 1370 1892 1443 κρυπτῶν

324 1469 583 1541 γνώστης,
610 1470 671 1523 οὐ
701 1470 1019 1541 περιόψεται
1059 1469 1158 1538 τὴν
1193 1468 1386 1522 ἐαυτοῦ
1431 1466 1760 1537 Ἐκκλησίαν
1786 1464 1891 1517 ὑπὸ

322 1561 555 1615 τοιούτου
568 1560 631 1614 λυ
640 1561 994 1631 μαινομένην,
1014 1561 1296 1623 ποιοῦντος
1327 1559 1425 1629 μὲν
1452 1559 1818 1620 ἀκανονίστως
1832 1558 1892 1611 τὸ

323 1653 584 1724 ἐξάρχῆς,
613 1653 763 1723 ὅρκῳ
784 1652 840 1705 δὲ
872 1652 1343 1722 καταδεσμοῦντος
1371 1651 1524 1721 παρά
1542 1652 1612 1705 τὰ
1642 1649 1893 1717 Εὐαγγέ-

322 1747 427 1809 ita,
461 1748 761 1816 παρορκεῖν
791 1745 848 1798 δέ
872 1745 1215 1807 διδάσκοντος
1240 1744 1307 1798 δι’
1337 1740 1414 1797 ὧν
1451 1744 1737 1813 μετετέθη,
1759 1742 1895 1811 ψευ-

321 1836 541 1905 δομένου
592 1836 649 1888 δὲ
707 1834 803 1889 νῦν
832 1835 901 1888 δι’
943 1829 1018 1890 ὧν
1080 1834 1179 1905 τὴν
1242 1834 1412 1906 λήθην
1472 1834 1890 1905 σχηματίζεται.

1991 636 2292 692 damnabit.
2334 636 2522 708 Neque
2563 656 2665 696 nos
2705 641 2909 711 aliquid
2962 650 3160 709 przcter
3186 654 3426 694 canones
3457 637 3570 692 elli-

1990 743 2115 783 cere
2148 729 2471 796 videbimur,
2508 733 3011 787 accommodatione
3046 739 3260 785 utentes
3286 730 3340 783 in
3381 730 3571 800 Cyria—

1992 838 2136 884 cum,
2175 825 2266 893 qui
2301 839 2425 877 cum
2453 840 2513 880 se
2542 824 2811 879 Mindanis
2846 840 3271 894 permansurum
3300 824 3565 891 jurasset,

1993 924 2172 969 tamen
2225 916 2637 971 translationem
2689 918 2952 986 suscepit.
3001 915 3232 969 lleditus
3280 914 3426 967 enim
3464 913 3569 965 erit

1988 1007 2351 1078 jurisjurandi
2392 1008 2722 1062 observatio.
2757 1007 3108 1061 UEconomize
3164 1015 3349 1059 autem
3383 1020 3412 1056 a
3454 1004 3568 1057 dis—

1993 1100 2310 1169 pensatione
2345 1098 2391 1152 si
2420 1098 2669 1160 cesserit,
2700 1096 2754 1151 id
2797 1097 2845 1151 ei
2880 1096 3105 1166 perjurii
3162 1096 3285 1149 loco
3326 1107 3434 1147 non
3468 1091 3570 1145 im-

1995 1190 2312 1261 putabitur,
2345 1190 2544 1260 quippe
2593 1189 2717 1260 quia
2759 1188 3107 1259 jnrijurando
3157 1187 3427 1255 adjectum
3458 1198 3567 1237 non

1992 1290 2076 1338 est
2109 1297 2177 1337 ne
2206 1282 2486 1352 paululum
2515 1281 2732 1351 quidem
2768 1279 3039 1334 Mindanis
3067 1292 3432 1337 recessurum,
3473 1273 3568 1329 sed

1993 1373 2251 1444 deinceps
2290 1388 2729 1444 permansurum.
2754 1370 2865 1426 Nos
2892 1380 3073 1425 autem
3101 1372 3303 1425 Severo
3334 1367 3569 1424 oblivio-

1994 1482 2119 1522 nem
2150 1466 2397 1521 causanti
2442 1465 2523 1519 sic
2564 1464 2935 1533 ignoscemus,
2960 1469 3021 1517 ut
3056 1477 3181 1516 eum
3227 1475 3570 1523 moueamus,

1994 1558 2333 1614 occultorum
2370 1555 2702 1625 cognitorem
2735 1570 2887 1609 suam
2932 1554 3105 1623 ipsius
3133 1552 3428 1606 Eeclesiam
3460 1566 3570 1603 non

1996 1664 2285 1720 passurum
2331 1648 2399 1702 ab
2450 1646 2719 1717 ejusmodi
2774 1645 2996 1700 homine
3050 1643 3408 1698 labefactari:
3477 1642 3571 1711 qui

1996 1751 2192 1811 praeter
2210 1754 2449 1795 canones
2485 1738 2729 1793 abinitio
2768 1736 2917 1801 fecit,
2952 1751 3020 1791 ne
3049 1734 3409 1806 jurejurando
3435 1749 3572 1788 con-

2002 1846 2081 1889 tra
2150 1834 2443 1904 Evangelia
2510 1834 2783 1903 astringit,
2872 1841 2928 1888 et
2985 1830 3288 1901 perjurium
3334 1826 3568 1881 transfe—

334 1927 547 1997 Ἐπειδὴ
578 1927 634 1979 δέ
681 1927 780 1981 οὐκ
822 1927 990 1997 ἐσμὲν
1037 1928 1275 1998 καρδιῶν
1304 1930 1511 1999 κριταὶ,
1563 1926 1678 1980 ἀλλ’
1710 1926 1767 1992 ἐξ
1816 1919 1892 1979 ὧν

2006 1927 2168 1981 rendo
2194 1927 2403 1989 edocet,
2442 1940 2505 1979 ac
2535 1935 2836 1995 postremo,
2866 1924 2997 1978 dum
3042 1922 3375 1977 oblivionem
3408 1919 3578 1974 simu-

319 2017 587 2087 ακούομεν
613 2018 891 2088 κρίνομεν,
920 2017 1099 2088 δῶμεν
1131 2017 1209 2089 τῷ
1236 2018 1427 2087 Κυρίῳ
1459 2017 1560 2088 τὴν
1588 2016 1893 2086 ἐκδίκησιν,

320 2108 469 2160 αὐτοὶ
519 2108 579 2161 δὲ
618 2107 944 2178 ἁδιακρίτως
992 2107 1155 2162 αὐτὸν
1201 2106 1516 2180 δεξώμεθα,
1567 2108 1898 2178 συγγνώμην

318 2200 496 2264 δόντες
528 2199 855 2270 ἀνθρωπίνῳ
886 2198 1050 2255 πάθει
1082 2202 1151 2271 τῇ
1187 2199 1354 2271 λήθῃ.

389 2458 643 2512 ΚΕΦΑΛ.
677 2457 991 2526 ΙΖ’.-Περὶ
1019 2458 1362 2512 ἐπισκόπου
1394 2457 1434 2528 ἣ
1464 2456 1752 2527 κλτιρικοῦ
1779 2473 1901 2525 χει-

318 2547 759 2617 ροτονηθέντα*
809 2547 907 2601 καί
961 2546 1047 2616 μὴ
1114 2546 1433 2617 ὃεχθέντος
1487 2547 1606 2602 ὑπὸ
1647 2545 1758 2614 τῆς
1786 2561 1901 2599 πα·

322 2639 573 2705 σοικίας,
612 2638 652 2707 ἢ
697 2637 785 2709 μὴ
830 2639 1335 2710 καταδεξαμένου,
1361 2640 1400 2709 ἢ
1428 2638 1509 2707 μὴ
1532 2639 1901 2708 δυνηθέντος

323 2730 630 2787 ἀπελθεῖν.

740 2823 1129 2879 ’Δποστόλων
1155 2823 1357 2878 κανὼν
1376 2824 1488 2889 λς’.

388 2914 496 2979 λς’.
530 2914 607 2969 Et
638 2931 724 2978 τις
760 2914 1156 2986 χειροτονηθεὶς
1203 2916 1521 2981 ἐπίσκοπος,
1552 2915 1627 2986 μὴ
1673 2914 1903 2969 καταδέ-

322 3023 466 3075 χοιτο
491 3006 599 3078 τὴν
630 3006 973 3074 λειτουργίαν
996 3007 1093 3060 καὶ
1115 3008 1215 3072 τὴν
1244 3007 1497 3077 φροντίδα
1519 3008 1615 3061 τοῦ
1646 3007 1777 3061 λαοῦ
1803 3007 1903 3079 τὴν

323 3096 754 3168 ἐγχειρισθεῖσαν
771 3097 940 3168 αὐτῷ,
967 3097 1154 3152 τοῦτον
1181 3099 1564 3170 ἀφωρισμένον
1589 3099 1900 3169 τυγχάνειν,

1998 2017 2098 2079 lat,
2148 2017 2429 2072 mentitur.
2479 2016 2585 2072 Sed
2616 2017 2877 2086 quoniam
2921 2014 3171 2070 cordinm
3209 2012 3425 2082 judices
3462 2025 3573 2064 non

2001 2124 2215 2174 sumus,
2253 2109 2347 2164 sed
2383 2124 2448 2163 ex
2484 2109 2551 2163 iis
2599 2124 2722 2178 qum
2778 2107 3061 2170 audimus,
3108 2106 3444 2175 judicamus,
3483 2102 3578 2155 de-

2001 2216 2126 2256 mus
2159 2200 2389 2254 Domino
2417 2200 2735 2265 vindictam,
2769 2213 3006 2269 eumque
3039 2196 3175 2251 citra
3216 2210 3446 2250 examen
3479 2208 3579 2247 su-

2003 2292 2323 2363 spiciamus,
2376 2294 2614 2347 humano
2654 2292 2810 2358 vitio,
2852 2290 3116 2346 oblivioni
3165 2289 3393 2351 scilicet,
3422 2286 3579 2357 igno-

2002 2401 2128 2441 seen
2136 2394 2238 2441 tes.

2071 2476 2224 2533 CAP.
2252 2475 2547 2532 XVl.—De
2567 2475 2804 2545 episcopo
2837 2484 2930 2529 aut
2978 2474 3166 2530 clerico
3192 2472 3433 2526 ordinato
3468 2468 3583 2538 qui-

2001 2571 2140 2633 dem,
2198 2569 2288 2623 sed
2328 2569 2416 2640 qui
2474 2586 2506 2622 a
2556 2585 2652 2622 suo
2684 2569 2893 2622 ἀίοισεεὶ
2921 2567 3001 2621 vel
3028 2566 3261 2635 parwcia
3298 2580 3401 2616 non
3444 2560 3581 2613 reci-

2001 2664 2183 2733 pitur,
2243 2661 2322 2715 vel
2384 2660 2735 2713 ministerium
2798 2659 3022 2728 recipere
3080 2662 3328 2716 recusat,
3387 2650 3467 2705 vel
3523 2650 3579 2703 in

2001 2755 2281 2809 stationem
2304 2768 2456 2806 suam
2486 2751 2666 2821 nequit
2698 2750 2862 2804 abire.

2441 2842 2812 2911 Apostolorum
2841 2856 3009 2894 canon
3038 2838 3128 2892 56.

2072 2933 2141 2989 '56
2170 2932 2304 3005 ['57].
2339 2932 2394 2987 Si
2443 2936 2568 3002 quis
2609 2932 2898 2987 ordinatus
2938 2929 3231 2997 episcopus
3265 2939 3374 2979 non
3404 2921 3583 2978 susci-

2003 3028 2117 3097 piat
2140 3025 2505 3080 ministerium
2541 3027 2630 3088 (η’,
2661 3034 2715 3079 et
2746 3038 2933 3077 curam
2962 3022 3066 3077 sibi
3100 3017 3475 3078 commissam,
3508 3012 3584 3068 sit

2009 3128 2343 3190 segregatus,
2412 3118 2586 3173 donec
2646 3134 2768 3173 eam
2820 3113 3123 3183 susceperit
3176 3108 3480 3169 :similiter
3529 3113 3586 3160 et

323 3188 425 3252 ἕως
453 3189 522 3243 ἂν
553 3189 916 3260 καταδέξηται
935 3204 951 3218 °
982 3188 1248 3253 ὡσαύτως
1283 3190 1378 3244 καὶ
1408 3189 1779 3261 πρεσϐύτερος
1804 3189 1901 3244 καὶ

2006 3213 2309 3285 presbyter,
2339 3222 2393 3268 et
2433 3213 2724 3266 diaconus.
2769 3209 2863 3263 Sin
2902 3216 3087 3262 autem
3136 3201 3449 3266 recesserit,
3481 3213 3585 3253 nec

323 3279 593 3344 διάκονος.
630 3278 692 3333 Et
728 3281 785 3335 δὲ
830 3280 1085 3335 ἀπελθὼν
1122 3281 1197 3353 μὴ
1243 3283 1454 3355 δεχθείη
1503 3284 1563 3338 ού
1617 3282 1770 3355 παρὰ
1803 3282 1901 3356 τὴν

323 3372 509 3429 ἑαυτοῦ
546 3373 793 3447 γνώμην,
815 3376 953 3431 ἀλλά
978 3373 1131 3448 παρὰ
1159 3374 1259 3447 τὴν
1289 3376 1384 3430 τοῦ
1414 3376 1542 3431 λαοῦ
1575 3377 1900 3447 μοχθηρίαν,

320 3468 481 3532 αὐτὸς
521 3468 628 3539 μὲν
658 3469 798 3523 ἔστω
830 3471 1147 3536 ἐπίσκοπος,
1180 3474 1208 3525 ὁ
1234 3470 1292 3525 δὲ
1320 3472 1521 3541 κλῆρος
1564 3472 1662 3541 τῆς
1695 3469 1906 3533 πόλεως

322 3560 692 3631 ἀφοριζέσθω,
726 3560 807 3613 ὅτι
828 3560 1069 3614 τοιούτου
1097 3560 1227 3614 λαοῦ
1269 3562 1644 3616 άνυποτάκτου
1676 3562 1905 3615 παιδευο

323 3654 408 3706 ταὶ
435 3653 542 3707 οὐκ
571 3651 839 3706 ἐγένοντο.

648 3743 921 3799 Συνόδου
955 3743 1245 3813 Ἀγκύρας
1265 3745 1466 3799 κανὼν
1495 3750 1585 3816 ιη’.

392 3842 483 3905 ιη’.
512 3834 588 3889 Οἵ
614 3852 758 3899 τινες
790 3834 1081 3889 ἐπίσκοποι
1114 3835 1545 3900 κατασταθέντες
1577 3836 1673 3891 καὶ
1716 3837 1791 3908 μὴ
1820 3837 1908 3891 δε-

325 3927 548 3997 χθέντες
580 3926 685 3979 ὑπὸ
711 3926 814 3997 τῆς
863 3927 1156 3996 παροικίας
1195 3927 1412 3998 ἐκείνης
1468 3930 1548 3991 είς
1576 3928 1645 3999 ἢν
1689 3929 1908 3999 ὠνομά-

328 4019 559 4087 σθησαν,
587 4016 800 4087 ἑτέραις
849 4015 1122 4087 βούλοιντο
1170 4017 1487 4086 παροικίαις
1532 4019 1763 4084 ἐπιέναι,
1814 4022 1911 4074 καὶ

330 4109 618 4179 βιάζεσθαι
642 4109 768 4171 τοὺς
797 4107 1168 4173 καθεστῶτας,
1202 4109 1295 4161 καὶ
1331 4109 1549 4172 στάσεις
1582 4113 1753 4163 κινεῖν
1784 4113 1911 4165 κατ’

328 4203 528 4268 αὐτῶν,
565 4201 785 4263 τούτους
830 4199 1213 4271 ἀφορίζεσθαιο
1246 4200 1341 4255 ἐὰν
1389 4201 1489 4268 μέν
1521 4219 1605 4255 τοι
1641 4202 1915 4273 βούλοιντο

328 4298 407 4360 είς
438 4296 499 4349 τὸ
557 4295 951 4364 πρεσϐυτέριον
983 4293 1331 4361 καθέζεσθαι,
1364 4295 1494 4349 ἔνθα
1534 4291 1674 4367 ἦσαν
1714 4296 1913 4367 πρότεο

332 4405 422 4460 ρον
452 4385 844 4459 πρεσϐύτεροι,
882 4386 959 4456 μὴ
1006 4384 1410 4440 ἀποϐάλλεσθαι
1462 4386 1659 4451 αὐτοὺς
1704 4386 1804 4457 τῆς
1833 4404 1916 4440 τι-

334 4480 462 4551 μῆς.
507 4481 642 4534 Ἐὰν
684 4479 742 4534 δὲ
769 4479 1195 4545 διαστασιάζουσι
1221 4479 1360 4550 πρὸς
1394 4480 1523 4544 τοὺς
1566 4479 1916 4543 καθεστῶτας

331 4575 449 4627 ἐκεῖ
476 4571 1220 4643 ἐπισκόπους,-ἀφαιρε¹ίσθαι
1260 4572 1459 4636 αὐτοὺς
1486 4572 1581 4627 καὶ
1608 4573 1708 4644 τὴν
1746 4573 1914 4644 τιμὴν

332 4665 426 4720 τοῦ
460 4664 877 4737 πρεσϐυτερίου,
899 4665 993 4718 καὶ
1014 4664 1258 4733 γίνεσθαι
1291 4665 1487 4728 αὐτοὺς
1515 4665 1913 4735 ἐκκηρύκτους.

550 4752 821 4809 Συνόδου
866 4754 1231 4822 Ἀντιοχείας
1270 4753 1471 4808 κανὼν
1504 4754 1569 4820 ιζ’
1602 4761 1695 4826 ιη’.

410 4847 498 4911 ις’.
530 4845 599 4899 Ei
626 4862 709 4909 τις
759 4844 1060 4909 ἐπίσκοπος
1105 4846 1442 4917 χειροθεσίαν
1493 4847 1793 4902 ἐπισκόπου
1822 4847 1919 4903 λα-

338 4937 469 5003 ϐὼν,
514 4937 608 4989 καὶ
646 4936 884 5007 ὁρισθεὶς
917 4938 1249 5007 προεστᾶναι
1282 4935 1435 5003 λαοῦ,
1474 4937 1550 5008 μὴ
1576 4936 1920 5003 καταδέξοιτο

337 5028 437 5098 τὴν
459 5025 819 5098 λειτουργίαν,
846 5026 978 5097 μηδὲ
1003 5027 1226 5081 ἀπιέναι
1250 5027 1488 5081 πείθοιτο
1515 5029 1595 5091 είς
1622 5027 1721 5100 τὴν
1747 5031 1923 5099 ἐγχει-

345 5120 623 5192 ρισθεῖσαν
669 5118 818 5189 αὐτῷ
869 5118 1219 5190 Ἐκκλησίαν,
1251 5118 1438 5174 τοῦτον
1462 5114 1602 5173 εἶναι
1624 5120 1920 5190 ἀκοινώνη-

341 5228 435 5265 τον
453 5226 473 5243 ⁶
506 5212 611 5275 ἓως
639 5211 686 5264 τ’
718 5210 786 5265 ἂν
814 5211 1183 5280 ἀναγκασθεὶς
1217 5211 1586 5277 καταδέξοιτο,
1615 5210 1649 5283 ἢ
1680 5213 1842 5286 ὁρίσῃ
1867 5230 1922 5267 τι

345 5304 478 5373 περὶ
504 5301 670 5357 αὑτοῦ
695 5303 730 5374 ἡ
761 5303 942 5357 τελεία
971 5302 1187 5368 σύνοδος
1214 5302 1326 5359 τῶν
1354 5302 1498 5358 κατά
1524 5303 1623 5375 τὴν
1649 5305 1925 5377 ἐπαρχίαν

345 5396 682 5452 ἐπισκόπων.

420 5486 509 5556 ιη’.
547 5488 615 5541 El
658 5506 744 5552 τις
789 5489 1089 5552 ἐπίσκοπος
1143 5487 1543 5560 χειροτονηθεὶς
1597 5490 1679 5552 είς
1728 5505 1925 5559 παροι-

351 5580 496 5646 κίαν,
534 5582 607 5653 μὴ
635 5583 860 5636 ἁπέλθοι
888 5584 968 5646 είς
1012 5584 1082 5653 ἣν
1109 5581 1511 5652 ἐχειροτονήθη,
1551 5581 1613 5633 ού
1647 5579 1799 5651 παρὰ
1827 5580 1925 5651 τὴν

350 5671 546 5734 ἑαυτοῦ
593 5673 792 5738 αἰτίαν,
827 5674 940 5728 ἀλλ’
965 5674 1085 5747 ἦτοι
1111 5673 1201 5727 διὰ
1225 5673 1323 5745 τὴν
1363 5674 1457 5727 τοῦ
1488 5673 1618 5727 λαοῦ
1651 5673 1927 5745 παραίτη-

351 5778 457 5827 σιν,
516 5762 639 5833 ἢδι’
680 5765 873 5836 ἑτέραν
923 5767 1103 5820 αἰτίαν
1146 5766 1247 5820 οὐκ
1281 5765 1341 5830 ἐξ
1393 5764 1558 5820 αὑτοῦ
1604 5766 1925 5836 γενομένην,

422 5854 491 5896 ⁸⁸⁸
516 5856 689 5915 Cenc.
724 5857 1083 5929 Ephesinum.

2006 3313 2294 3376 susceptus
2346 3302 2529 3367 fuerit,
2568 3317 2677 3355 non
2734 3315 2836 3355 sua
2869 3297 3090 3368 quidem
3124 3294 3430 3354 voluntate,
3487 3287 3582 3343 sed

2005 3404 2227 3467 propter
2253 3394 2357 3465 57
2386 3392 2574 3462 populi
2617 3390 3045 3461 improbitatem,
3075 3386 3190 3456 ipse
3216 3383 3435 3453 quidem
3467 3394 3587 3433 ma-

2006 3497 2134 3543 neat
2161 3488 2470 3557 eplscopus,
2503 3484 2738 3538 clericus
2764 3493 2946 3535 autem
2977 3476 3221 3532 civitatis
3247 3478 3585 3542 segregetur,

2006 3578 2152 3651 quod
2188 3576 2452 3648 ejusmodi
2490 3573 2710 3629 rebellis
2738 3580 2792 3627 et
2821 3568 3109 3625 insolentis
3147 3563 3328 3638 populi
3366 3560 3589 3616 institu-

2008 3682 2156 3728 tores
2191 3685 2299 3725 non
2329 3668 2555 3723 fuerint.

2383 3759 2612 3815 Concilii
2655 3753 2924 3825 Ancyrani
2940 3768 3108 3806 canon
3127 3749 3216 3805 18.

2082 3856 2168 3911 l8.
2194 3854 2254 3910 Si
2309 3853 2403 3925 qui
2461 3850 2744 3908 constituti
2782 3846 3050 3918 episcopi,
3082 3852 3137 3899 et
3184 3841 3252 3897 ab
3298 3840 3385 3894 illa
3426 3850 3593 3907 paro-

2010 3948 2156 4014 chia,
2211 3947 2264 4001 in
2317 3961 2481 4016 quam
2522 3940 2789 3998 nominati
2850 3939 3111 4001 fuerunt,
3166 3950 3273 3989 non
3329 3928 3593 3996 suscepti,

2010 4042 2147 4096 alias
2180 4038 2349 4094 velint
2400 4035 2692 4105 parochias
2722 4031 3003 4091 invadere,
3050 4037 3104 4081 et
3133 4026 3199 4080 iis
3232 4024 3325 4093 qui
3387 4020 3593 4075 conati-

2013 4134 2115 4188 tuti
2153 4138 2302 4194 sunt,
2360 4128 2469 4181 vim
2520 4125 2736 4187 aﬂ‘erre,
2792 4131 2847 4177 et
2884 4120 3179 4176 seditiones
3232 4116 3495 4168 adversus
3526 4112 3596 4163 il.

2019 4225 2106 4279 los
2144 4222 2408 4283 excitare,
2443 4234 2540 4273 eos
2574 4215 2869 4287 segregari.
2934 4211 3030 4265 Sin
3078 4219 3259 4262 autem
3297 4204 3464 4258 velint
3534 4200 3592 4257 in

2014 4313 2353 4386 presbyterio
2391 4310 2656 4375 residere,
2689 4309 2743 4362 in
2764 4320 2874 4375 quo
2909 4304 3063 4374 prius
3114 4306 3271 4353 erant
3303 4293 3598 4365 presbylea

2014 4409 2085 4473 ri,
2112 4407 2260 4477 ipsos
2290 4405 2497 4459 honore
2524 4417 2631 4456 non
2666 4398 2895 4454 moveri.
2927 4394 3082 4461 Quod
3113 4392 3158 4448 si
3191 4390 3453 4444 adversus
3475 4397 3602 4445 eos,

2018 4501 2111 4571 qui
2134 4474 2254 4553 illic
2277 4493 2563 4553 constituti
2596 4499 2751 4557 sunt,
2786 4488 3078 4558 episcopos
3110 4480 3408 4537 seditiones
3447 4474 3599 4529 (κείς

2020 4569 2276 4654 taverint,
2332 4591 2598 4644 honorem
2632 4596 2854 4655 quoque
2898 4575 3220 4649 presbyterii
3270 4572 3339 4626 ab
3369 4569 3451 4625 eis
3497 4582 3603 4622 au-

2019 4685 2172 4753 lerri,
2212 4693 2267 4741 et
2293 4681 2415 4736 illos
2440 4679 2717 4733 abdicatos
2741 4672 2899 4729 eilici.

2278 4769 2503 4826 Concilii
2532 4763 2841 4822 Antiocheni
2873 4774 3098 4813 canones
3136 4755 3225 4819 17,
3256 4752 3346 4809 l8.

2084 4866 2173 4920 17.
2206 4863 2265 4919 Si
2295 4864 2420 4934 quis
2442 4861 2733 4930 episcopus
2764 4862 2986 4922 accepta
3018 4847 3362 4904 ordinatione
3391 4853 3446 4898 et
3479 4855 3603 4895 maa

2020 4972 2191 5014 nuum
2212 4932 2563 5024 impositione
2592 4946 2856 5018 episcopi,
2884 4952 2937 4998 et
2967 4940 3167 5011 popqu
3200 4951 3434 5006 praeesse
3472 4932 3600 5003 jus-

2021 5067 2137 5118 sus,
2171 5063 2371 5104 munus
2395 5060 2504 5100 non
2530 5041 2855 5111 susceperit,
2890 5050 2990 5090 nec
3038 5043 3099 5087 ut
3146 5031 3214 5085 ad
3244 5028 3348 5085 sibi
3377 5038 3604 5080 concre-

2023 5116 2190 5202 ditam
2217 5139 2502 5197 ecclesiam
2542 5133 2928 5205 proﬁciscatur
2960 5123 3265 5198 permoveri
3320 5118 3522 5190 possit,
3555 5116 3609 5171 is

2023 5237 2096 5294 sit
2120 5231 2650 5291 excommunicatus,
2692 5225 2869 5280 donec
2908 5231 3136 5277 coactus
3183 5214 3487 5283 suscipiat,
3520 5208 3607 5264 vel

2024 5327 2263 5400 perlecta
2327 5321 2571 5395 synodus
2621 5320 3009 5389 episcoporum
3058 5306 3479 5382 provincialium
3535 5303 3606 5357 de

2025 5421 2144 5491 ipso
2170 5416 2381 5487 aliquid
2411 5416 2693 5470 decernat.

2095 5511 2182 5565 18.
2228 5485 2441 5580 Siquis
2504 5502 2794 5557 ordinatus
2848 5513 2955 5552 non
2995 5495 3120 5550 ierit
3168 5494 3221 5547 in
3266 5485 3606 5561 parochiam,

2028 5600 2093 5654 ad
2128 5613 2289 5670 quam
2320 5576 2405 5651 est
2435 5594 2744 5655 ordinatus,
2778 5604 2887 5645 non
2919 5604 3019 5644 sua
3045 5585 3264 5655 quidem
3295 5580 3473 5648 culpa,
3504 5576 3611 5670 sed

2027 5700 2251 5762 prepter
2292 5687 2481 5760 populi
2541 5683 2943 5741 recusationem
2969 5720 2985 5746 ,
3023 5679 3110 5733 vel
3149 5676 3386 5745 aliquam
3443 5669 3607 5723 aliam

2030 5800 2276 5849 causam,
2316 5798 2437 5853 qua:
2475 5796 2507 5835 a
2562 5796 2620 5835 se
2650 5794 2758 5835 non
2793 5776 2972 5831 oritur
3051 5772 3099 5827 is
3130 5769 3200 5825 sit
3224 5778 3278 5823 et
3306 5764 3531 5819 honoris
3559 5770 3613 5816 et
