4122 6474
511 414 613 480 507
1033 459 1038 465 .
1661 409 1924 471 ΡΗΟΤΙΙ
1961 409 2139 470 PATF

2223 411 2469 472 lRCHrE
2508 409 2618 473 CP.
3733 405 3851 468 508

511 527 761 583 muneris
788 527 1088 598 particeps,
1119 523 1422 581 dummodo
1458 523 1662 578 nullam
1713 523 1880 578 rebus
1908 523 2098 578 Eccle-
2129 559 2139 584 ε

2222 523 2394 577 ;οὖτον
2441 524 2686 594 μετέχειν
2715 522 2816 593 τῆς
2862 523 3031 596 τιμῆς
3077 521 3173 577 καὶ
3219 517 3592 592 λειτουργίας
3645 517 3850 587 μόνον.

513 623 629 686 site,
669 622 723 676 in
749 637 854 691 qua
884 619 1157 685 convenit,
1211 617 1524 673 molestiam
1564 615 1775 670 aﬂ‘erat.
1821 615 1873 670 Is
1912 623 2097 670 autem

2222 616 2376 684 ιηδέν
2407 615 2844 687 παρενοχλοῦντα
2865 619 2978 680 τοῖς
2999 617 3290 687 πράγμασι
3315 615 3418 684 τῆς
3455 609 3850 679 Ἐκκλησίας

516 716 569 770 id
605 715 892 783 suscipiat,
941 712 1086 782 quod
1124 710 1364 782 perfecta
1411 708 1709 779 provincia:
1739 708 2004 778 synodus,
2033 721 2099 761 eo

2235 707 2335 760 νθα
2367 707 2434 760 ἂν
2466 707 2782 774 συνάγοιτο·
2814 707 3132 777 ἐκδέχεσθαι
3161 706 3219 760 δέ
3247 704 3435 759 τοῦτον
3471 703 3508 756 ὃ
3549 703 3632 757 ἂν
3675 701 3715 772 ἡ
3745 703 3858 770 τῆς·

516 805 660 878 quod
691 806 759 860 ad
783 823 840 861 se
865 806 1091 860 allatum
1117 813 1199 857 est
1233 802 1502 869 iudicato,
1541 799 1816 854 statuerit.

2220 797 2476 868 ἐπαρχίας
2521 797 2705 851 τελεία
2759 797 2976 862 σύνοδος
3008 797 3242 867 κρίνασα
3289 795 3352 849 τὸ
3377 793 3848 867 παριστάμενον

514 903 516 906 ’
2209 890 2390 942 ὁοίση.

2209 907 2218 940 l

590 986 699 1055 58
726 984 879 1039 CAP.
919 981 1106 1037 XVIII.
1146 1011 1217 1021 —
1251 980 1406 1048 Quod
1458 979 1704 1034 morienti
1729 979 1968 1050 episcopo
1997 996 2103 1035 non

2227 906 2238 941 ›
2281 907 2332 942 ισ
2376 928 2390 942 .

2241 906 2534 1036 PKnEtbAA.
2564 982 2886 1051 IlI'.—Hepl
2913 981 3017 1035 τοῦ
3041 981 3127 1050 μὴ
3147 981 3442 1035 δύνασθαι
3466 979 3600 1032 τὸν
3629 980 3855 1030 τελευ-

521 1077 640 1131 licet
683 1077 848 1130 altum
885 1091 981 1144 pro
1029 1091 1083 1127 se
1117 1075 1388 1127 ordinare.

2224 1072 2320 1129 rei»
2331 1091 2404 1128 τα
2419 1073 3001 1139 ἐπίσκοπον-,ἓτερον
3038 1071 3165 1124 ἀντ’
3186 1068 3374 1123 αὑτοῦ
3410 1065 3852 1139 χειροτονεῖν.

952 1165 1333 1234 Apostolorum
1363 1181 1532 1218 canon
1564 1164 1658 1220 76.

2614 1165 3000 1219 Ἀποστόλων
3029 1159 3230 1214 κανὼν
3257 1159 3362 1225 σις’.

587 1253 658 1309 76
697 1253 836 1327 [78].
873 1253 1034 1321 Quod
1067 1269 1178 1308 non
1208 1262 1425 1323 Oportet
1455 1253 1774 1323 episcopum
1809 1253 1987 1321 fratri,
2021 1255 2106 1311 vel

2285 1265 2392 1323 og’.
2427 1260 2550 1312 Ὅτι
2582 1256 2657 1330 μὴ
2685 1256 2792 1327 χρὴ
2830 1255 2921 1308 τὸν
2967 1253 3268 1307 ἐπίσκοπον
3294 1250 3374 1322 τῷ
3414 1249 3664 1320 ἀδελφῷ
3693 1248 3730 1318 ἢ
3769 1246 3853 1316 τῷ

519 1344 653 1409 filio,
684 1347 768 1402 vel
815 1347 906 1402 alii
974 1357 1210 1418 cognato
1259 1346 1678 1416 gratiﬁcantem,
1714 1347 1947 1400 humana
1975 1347 2108 1402 affe-

2226 1351 2315 1421 δὶᾧ
2344 1351 2376 1421 ἦ
2406 1351 2577 1421 ἑτέρῳ
2629 1349 2886 1416 συγγενεῖ
2933 1343 3296 1417 χαριζόμενον
3338 1343 3400 1396 τὸ
3441 1341 3700 1410 ἀξίωμα
3745 1340 3854 1408 τῆς

518 1441 698 1498 ctione
727 1441 795 1496 ad
841 1441 1196 1513 episc0patus
1235 1441 1582 1511 dignitatem,
1619 1457 1781 1510 quem
1836 1443 1968 1505 vult,
2011 1443 2110 1496 eli-

2225 1443 2544 1512 ἐπισκοπῆς,
2593 1441 2922 1511 χειροτονεῖν
2977 1438 3036 1490 ὃν
3086 1434 3360 1505 βούλεται.
3411 1431 3853 1503 Κληρονόμους

521 1550 668 1605 gere.
701 1533 1060 1604 Episcopatus
1091 1535 1236 1590 enim
1271 1535 1515 1589 haeredcs
1547 1534 1727 1588 facere
1749 1534 1960 1602 justum
1997 1551 2107 1588 non

2221 1536 2324 1605 γὰρ
2351 1535 2453 1604 τῆς
2503 1531 2808 1600 ἐπισκοπῆς
2855 1529 3149 1590 ποιεῖσθαι,
3202 1526 3264 1578 οὐ
3317 1524 3560 1586 δίκαιον,
3608 1522 3693 1574 τὰ
3744 1519 3849 1572 τοῦ

522 1637 627 1689 εςι,
683 1641 748 1680 ea
805 1642 927 1695 quae
963 1627 1060 1680 Dei
1107 1637 1236 1682 sunt
1273 1626 1620 1695 largientem.
1669 1624 1725 1679 Si
1759 1627 1883 1695 quis
1923 1637 2107 1680 autem

2222 1627 2351 1679 Θεοῦ
2383 1625 2744 1696 χαριζόμενον
2772 1621 2935 1675 πάθει
2963 1618 3319 1689 ἀνθρωπίνῳ·
3353 1617 3414 1670 οὑ
3441 1616 3566 1686 γὰρ
3601 1615 3720 1685 τὴν
3748 1609 3850 1665 τοῦ

524 1715 630 1769 Ιιοε
663 1714 874 1780 fecerit,
918 1715 1071 1767 irrita
1102 1715 1327 1783 quidem
1361 1714 1559 1769 electio
1594 1722 1837 1780 maneat,
1871 1715 1987 1784 ipse
2013 1732 2110 1769 au-

2219 1720 2354 1774 Θεοῦ
2415 1719 2739 1788 Ἐκκλησίαν
2772 1716 2879 1768 ὑπὸ
2917 1712 3282 1784 κληρονομίαν
3323 1710 3536 1778 ὀφείλει
3586 1707 3847 1760 τιθέναι.

523 1814 633 1860 lem
673 1806 1050 1877 ὅθενοεῢιίοηθ
1082 1807 1366 1860 ιιιυιῑοῑυΐο
2223 1815 2283 1866 Ei
2313 1813 2369 1865 δέ
2394 1829 2477 1874 τις
2499 1811 2657 1864 τοῦτο
2695 1809 2933 1878 ποιήσει,
2962 1807 3163 1875 ἄκυρος
3196 1803 3294 1873 μὲν
3329 1801 3470 1855 ἔστω
3499 1802 3541 1870 ἠ
3574 1813 3850 1870 χειροτο-

2142 1888 2186 1944 Β
2215 1907 2327 1970 νία,
2359 1905 2522 1966 αὐτὸς
2553 1903 2609 1956 δέ
2642 1899 2991 1971 ἐπιτιμάσθω
3021 1894 3336 1966 ἀφορισμῷ.

864 1983 1089 2037 Concilii
1119 1985 1432 2039 Amice/teni
1466 2002 1638 2038 canon
1675 1986 1766 2040 25.
2476 1999 2492 2048 1

2476 1993 2747 2048 Συνόδου
2789 1989 3156 2058 Ἀντιοχείας
3188 1986 3392 2040 κανὼν
3419 1991 3533 2054 κγ’.

594 2073 686 2128 25.
713 2073 821 2130 Nec
847 2075 1005 2129 liceat
1033 2077 1290 2146 episcopo
1321 2077 1489 2130 alium
1531 2093 1628 2146 pro
1647 2093 1703 2132 se
1727 2093 2106 2133 successorem

2280 2093 2387 2155 κγ’.
2429 2086 2760 2139 Ἐπίσκοπον
2805 2082 2878 2153 μὴ
2909 2083 3130 2148 ἐξεῖναι,
3173 2076 3287 2130 ἀντ’
3321 2075 3488 2129 αὐτοῦ
3546 2074 3844 2142 καθιστᾷν

525 2169 881 2235 constituere,
915 2170 1128 2224 etiamsi
1166 2170 1238 2226 sit
1273 2170 1324 2222 in
1357 2169 1462 2223 fine
1496 2171 1638 2224 vitai.
1683 2169 1739 2223 Si
1765 2171 1892 2240 quid
1925 2179 2107 2224 autem

2213 2181 2397 2249 ἕτερον
2448 2175 2644 2231 ἑαυτοῦ
2695 2175 2968 2244 διάδοχονο
2999 2171 3100 2225 κᾶν
3151 2169 3287 2239 πρὸς
3340 2171 3407 2238 τῇ
3439 2166 3697 2236 τελευτῇ
3738 2163 3841 2217 τοῦ

527 2259 621 2313 flat
646 2259 939 2328 ejusmodi,
969 2261 1123 2314 irrita
1156 2262 1224 2316 sit
1259 2263 1604 2317 constitutio.
1637 2264 1895 2317 Servetur
1928 2275 2106 2317 autem

2214 2272 2325 2343 βίου
2348 2270 2616 2339 τυγχάνῃ·
2648 2268 2694 2319 εί
2724 2267 2781 2320 δέ
2808 2283 2860 2318 τι
2886 2263 3095 2317 τοιοῦτο
3129 2261 3392 2330 γίγνοιτο,
3430 2259 3663 2328 ἄκυρον
3693 2253 3842 2309 εῖναι

524 2349 665 2404 ritus
690 2350 1128 2414 ecclesiasticus,
1160 2351 1254 2420 qui
1299 2352 1562 2416 continet,
1599 2367 1705 2406 non
1735 2353 1891 2407 aliter
1914 2354 2110 2409 debere

2213 2365 2314 2434 τὴν
2350 2364 2710 2416 κατάστασιν·
2746 2355 3114 2426 φυλάττεσθαι
3147 2353 3203 2406 δέ
3233 2352 3325 2406 τὸν
3361 2349 3577 2421 θεσμὸν
3608 2348 3715 2401 τδν
3741 2348 3841 2399 ἐκ·-

525 2441 668 2503 fieri,
709 2456 873 2510 quam
916 2457 1042 2495 cum
1087 2443 1294 2514 synodo
1346 2453 1400 2498 et
1443 2443 1650 2512 judicio
1698 2444 2106 2515 episcoporum,

2213 2453 2628 2527 κλησιαστικδν,
2663 2451 2986 2521 περιέχοντα
3023 2447 3096 2517 μὴ
3127 2446 3236 2498 δεῖν
3257 2444 3434 2506 άλλως
3467 2439 3768 2510 γίνεσθαι,
3801 2437 3836 2506 ἣ

524 2532 621 2600 qui
654 2541 777 2601 post
818 2531 1060 2588 defuncti
1107 2534 1492 2589 dormitionem
1542 2543 1864 2615 potestatem
1909 2539 2113 2593 habent

2217 2547 2357 2618 μετὰ
2405 2543 2626 2596 συνόδου
2658 2542 2752 2594 καὶ
2795 2538 3128 2607 ἐπικρίσεως
3171 2534 3489 2588 ἐπισκόπων
3524 2531 3652 2583 τῶν
3691 2528 3842 2599 μετὰ.

526 2624 750 2693 dignum
782 2626 1140 2694 provehendi.

2212 2642 2311 2712 τὴν
2342 2640 2599 2710 κοίμησιν
2623 2636 2718 2690 τοῦ
2749 2631 3211 2703 ἀναπαυσαμένου
3242 2629 3341 2683 τὴν
3371 2625 3639 2692 ἐξουσίαν
3674 2623 3835 2694 ἐχόν-

2214 2750 2322 2786 των
2350 2731 2444 2784 τοῦ
2475 2727 2812 2801 προάγεσθαι
2838 2726 2935 2779 τὸν
2968 2725 3138 2790 ἀξιον.

595 2805 746 2858 CAP.
776 2805 994 2860 Xl.\'.—
1028 2806 1216 2863 Parrw
1242 2808 1360 2863 urbi
1387 2811 1462 2864 vel
1482 2827 1616 2882 pago
1636 2828 1851 2882 prorsus
1885 2831 1990 2869 non
2019 2815 2112 2870 de-

2287 2824 2535 2877 ΚΕΦΑΛ.
2562 2823 2663 2878 1Θ’.
2688 2849 2758 2861 -
2803 2817 2942 2885 Περὶ
3000 2815 3108 2869 τοῦ
3133 2817 3218 2884 μὴ
3247 2812 3456 2877 ἁπλῶς
3498 2811 3579 2865 ὲν
3639 2809 3823 2862 πόλει

528 2906 617 2950 ων
647 2899 939 2969 ευεεευριιε-
1531 2912 1534 2913 ⁷
2210 2915 2471 2986 ,ϐραχείᾳ
2495 2914 2532 2982 ἢ
2559 2913 2722 2982 κώμῃ
2757 2911 3029 2981 τίνεσθαι
3065 2907 3422 2960 ἐπίσκοπον.

871 2990 1098 3046 Concilii
1137 2992 1447 3048 Antiocheni
1471 3011 1640 3050 canon
1669 2997 1758 3052 57.
2495 3050 2499 3060 ,

2495 3005 2762 3060 Συνόδου
2793 3002 3146 3064 Λαοδικείας
3188 2997 3404 3052 κανὼν
3432 2993 3535 3058 νζ⁹.

600 3080 691 3137 57.
730 3080 888 3147 Quod
917 3097 1028 3136 non
1051 3093 1267 3153 oportet
1297 3085 1349 3138 in
1383 3086 1519 3140 vicis
1553 3094 1606 3140 et
1640 3088 1794 3156 pagis
1827 3088 2115 3159 episcopos

2289 3100 2389 3163 νζ’.
2420 3098 2545 3152 Ὅτι
2565 3097 2626 3149 οὐ
2655 3095 2734 3148 δεῖ
2763 3096 2820 3147 ἐν
2851 3095 2972 3156 ταῖς
3001 3091 3218 3161 κώμαις
3245 3091 3346 3142 καὶ
3375 3089 3434 3141 ἐν
3456 3088 3585 3149 ταῖς
3615 3085 3834 3155 χώραις

532 3175 815 3238 constitui,
842 3176 942 3228 sed
972 3175 1339 3243 periodeutas,
1368 3177 1472 3232 hoc
1518 3188 1622 3244 cst,
1655 3179 2117 3237 circumcursato-
2146 3225 2160 3277 ε

2223 3186 2585 3244 καθίστασθαι
2617 3185 2951 3248 ἐπισκόπους
2979 3182 3116 3236 ἀλλά
3144 3179 3524 3252 περιοδευτάς,
3555 3178 3693 3240 τοὺς
3727 3175 3825 3244 μέν

532 3277 625 3317 res
658 3279 674 3316 :
709 3277 804 3318 eos
840 3276 1026 3317 autem
1060 3265 1154 3335 qui
1194 3265 1302 3336 59
1337 3267 1488 3336 prius
1539 3270 1826 3344 constituti
1872 3271 2120 3336 fuerunt,
2149 3265 2160 3277 ’

2226 3301 2308 3336 τοι
2357 3281 2460 3351 ἤδη
2511 3277 3084 3350 προκατασταθέντας,
3143 3273 3312 3345 μηδὲν
3364 3271 3642 3342 πράττειν
3699 3267 3831 3320 ἄνευ

534 3353 670 3407 nihil
698 3369 858 3418 agere
891 3351 1012 3410 sine
1041 3367 1223 3411 mente
1246 3358 1492 3428 episcopi
1536 3359 1630 3429 qui
1661 3369 1746 3415 est
1798 3361 1851 3415 in
1880 3363 2120 3420 civitate.

2226 3372 2452 3443 γνώμης
2483 3371 2578 3424 τοῦ
2614 3370 2918 3424 ἐπισκόπου
2947 3369 3042 3421 τοῦ
3065 3369 3122 3419 ἐν
3145 3368 3211 3436 τῇ
3245 3364 3397 3417 πόλει
3423 3380 3434 3392 ·
3465 3360 3746 3420 ὡσαύτως
3773 3355 3828 3407 δὲ

541 3445 812 3500 Similiter
867 3457 1048 3501 autem
1097 3457 1153 3503 et
1204 3451 1556 3521 presbyteros
1599 3451 1736 3508 nihil
1797 3469 1959 3524 agere
2005 3456 2124 3512 sine

2227 3464 2471 3526 καὶτοὺς
2493 3461 2926 3533 πρεσϐυτέρους,
2956 3458 3124 3530 μηδὲν
3151 3457 3412 3528 πράττειν
3433 3454 3568 3508 ἄνευ
3598 3450 3829 3521 γνώμης

537 3549 723 3593 mente
750 3539 1016 3610 episcopi.

2228 3557 2323 3613 τοῦ
2355 3558 2682 3612 ἐπισκόπου.

855 3630 1082 3692 Consilii
1116 3631 1445 3688 Sardicensis
1509 3652 1677 3692 canon
1708 3637 1762 3693 6.

2537 3645 2808 3701 Συνόδου
2849 3641 3148 3711 Σαρδικῆς
3186 3638 3387 3694 κανὼν
3416 3642 3491 3702 ς’.

611 3719 810 3777 Ilosius
848 3722 1139 3793 episcopus
1157 3725 1294 3779 dixit
1322 3743 1336 3780 τ
1366 3725 1421 3780 Si
1449 3728 1738 3798 contigerit
1780 3729 1836 3784 in
1867 3746 1974 3786 una
2003 3745 2129 3800 pro-

2302 3742 2489 3803 'Ooto;
2517 3738 2812 3800 ἐπίσκοπος
2835 3731 2989 3789 εἶπεν
3007 3752 3021 3765 ο
3071 3733 3194 3786 Ἐὰν
3224 3748 3286 3784 συ
3297 3730 3406 3801 μόῇ
3434 3731 3490 3782 ἐν
3514 3727 3622 3799 μιᾷ
3651 3725 3821 3792 ἐπαρ-

536 3812 741 3878 vincia,
764 3821 894 3878 etc.,
925 3825 982 3868 ut
1011 3832 1133 3886 pag.
1157 3816 1280 3871 481.
1301 3816 1536 3872 Additur
1561 3819 1646 3873 hic
1666 3837 1684 3874 :
1707 3819 2130 3891 Responderunt

1999 3830 2130 3876 ιὐηῑ
2229 3831 2344 3905 χίᾳ,
2373 3848 2425 3884 κ.
2458 3847 2510 3886 τ.
2549 3828 2600 3882 λ.
2647 3829 3037 3898 Ἀπεκρίναντο
3074 3823 3297 3890 πάντες,
3341 3821 3621 3892 Ἀρέσκει.

539 3917 732 3960 omm-s
767 3923 780 3958 :
816 3904 1020 3960 Placet.

613 3995 766 4055 CAP.
795 3998 916 4052 ΧΧ.
945 4029 1017 4038 -
1052 3997 1234 4070 Neque
1279 4002 1335 4054 in
1369 4019 1475 4056 una
1513 4005 1783 4073 provincia
1816 4006 2128 4069 metropoli-

2305 4011 2560 4065 ΚΕΦΛΛ.
2597 4008 2682 4062 K'.
2729 4037 2786 4047 —
2818 4006 2956 4075 "cpi
2986 4004 3091 4060 τοῦ
3133 4005 3216 4074 μὴ
3242 3999 3395 4059 εἷναι
3421 4000 3493 4056 ἐν
3506 3998 3621 4070 μιᾷ
3653 3998 3823 4062 ἐπαρ-

551 4091 666 4144 tani
689 4089 815 4152 duo,
851 4107 1014 4160 neque
1038 4093 1092 4145 in
1124 4109 1232 4146 una
1261 4095 1387 4148 urbe
1409 4095 1514 4148 duo
1546 4098 1772 4167 epis-capi
1804 4100 1930 4165 sint,
1967 4117 2128 4172 neque

2230 4103 2334 4172 χίᾳ
2409 4101 2519 4156 δύο
2569 4099 3036 4170 μητροπολίτας,
3101 4097 3139 4164 ἢ
3191 4097 3260 4149 ἐν
3327 4093 3436 4164 μιᾷ
3483 4094 3662 4147 πόλει
3713 4089 3819 4142 δύο

540 4181 748 4235 duabus
771 4182 989 4236 urbibus
1021 4200 1155 4237 unus
1181 4184 1403 4240 clericus
1427 4187 1726 4257 deputetur.

2237 4193 2633 4257 ἐπισκόπους,
2665 4191 2703 4260 ἢ
2747 4191 2816 4244 ὲν
2852 4190 2961 4244 δύο
2991 4189 3248 4242 πόλεσιν
3289 4187 3398 4241 ἕνα
3435 4184 3747 4254 κληρικόγ.

932 4272 1159 4329 Concilii
1209 4274 1424 4330 Nicwni
1477 4295 1649 4332 canon
1682 4279 1737 4334 8.

2581 4284 2856 4338 Συνὸδου
2881 4283 3129 4347 Νικαίας
3157 4279 3360 4334 κανὼν
3385 4286 3455 4350 η’.

612 4369 665 4424 8.
698 4367 774 4422 De
805 4368 892 4422 his
921 4369 966 4400 ⁸³
998 4371 1093 4438 qui
1142 4385 1202 4424 se
1229 4372 1511 4435 catharos,
1538 4371 1589 4424 id
1623 4380 1708 4426 est
1753 4389 1923 4443 puros
1955 4390 2130 4445 quan-

2299 4386 2369 4450 η’.
2404 4378 2542 4445 Περὶ
2565 4377 2673 4430 τῶν
2699 4375 3074 4443 ὀνομαζόντων
3117 4372 3213 4444 μὲν
3248 4372 3481 4433 ἑαυτοὺς
3519 4366 3812 4437 καθαροὺς,

539 4462 721 4531 doque
755 4461 1064 4523 nominant,
1102 4462 1167 4514 ad
1202 4462 1529 4516 catholicam
1586 4470 1769 4518 autem
1818 4476 1876 4520 et
1909 4477 2130 4536 aposto-

2233 4467 2695 4539 προσερχομένων
2723 4465 2779 4518 δὲ
2802 4467 2868 4535 τῇ
2910 4464 3171 4534 καθολικῇ
3200 4465 3293 4516 καὶ
3317 4461 3651 4530 ἀποστολικῇ
3698 4457 3815 4508 Ἐκο

540 4554 701 4608 licam
736 4552 1034 4609 Eeclesiam
1080 4555 1370 4621 accedunt,
1423 4566 1628 4610 sanctae
1677 4572 1886 4627 magna:
1917 4555 2168 4630 synodo]

2183 4557 2452 4632 )κλησὶᾳ,
2501 4559 2648 4623 ἔδοξε
2693 4562 2762 4630 τῇ
2813 4556 2946 4628 ἁγίᾳ.
2992 4556 3086 4610 καὶ⁸
3139 4555 3354 4626 μεγάλῃ
3402 4552 3627 4623 συνόδῳ,
3677 4548 3811 4600 ὥστε

540 4646 723 4701 visum
759 4654 862 4708 est,
907 4654 969 4700 ut
1017 4647 1286 4715 impositis
1342 4648 1424 4703 eis
1475 4649 1731 4703 manibus
1761 4650 1841 4704 sic
1885 4651 1938 4704 in
1978 4652 2127 4706 clero

2228 4651 2738 4724 χειροθετουμένους
2764 4647 2960 4710 αὐτοὺς
2986 4687 2998 4706 ,
3028 4648 3206 4716 μένειν
3232 4645 3404 4707 οὕτως
3424 4646 3481 4697 ἐν
3498 4644 3577 4713 τῷ
3610 4640 3809 4708 κλήρῳ,

544 4747 823 4792 maneant.
861 4741 1002 4792 Ante
1031 4741 1217 4794 omnia
1265 4751 1448 4796 autem
1490 4743 1595 4798 hoc
1625 4742 1678 4796 in
1729 4744 1949 4813 scriptis
1984 4745 2129 4813 ipsos

2229 4744 2335 4814 πρὸ
2367 4744 2582 4796 πάντων
2616 4742 2674 4819 qs
2707 4739 2865 4794 τοῦτο
2910 4738 3244 4808 ὁμολογῆσαι
3278 4737 3479 4799 αὐτοὺς
3521 4732 3806 4805 ἐγγράφως

544 4829 788 4900 profiteri
815 4833 1091 4897 convenit,
1138 4834 1286 4903 quod
1338 4835 1697 4890 adlimrebunt
1725 4845 1780 4890 et
1825 4845 2130 4906 sequentur

2234 4836 2525 4906 προσήκει,
2556 4834 2636 4888 ὅτι
2687 4831 3044 4901 συνθήσονται
3089 4827 3184 4882 καὶ
3236 4827 3662 4897 ἀκολουθήσουσι
3704 4821 3809 4878 τοῖς

548 4920 837 4976 catholica:
885 4922 1131 4977 ecclesiae
1165 4925 1406 4993 decreta,
1454 4926 1508 4980 id
1537 4936 1769 4996 estquae
1798 4937 1853 4982 et
1895 4944 2018 4983 cum
2046 4929 2132 4982 di-

2231 4929 2327 4997 τῆς
2354 4925 2648 4995 καθολικῆς
2673 4924 2768 4976 καὶ
2789 4922 3153 4991 ἀποστολικῆς
3193 4918 3522 4989 Ἐκκλησίας
3546 4918 3771 4984 δόγμασι
3789 4924 3802 4939 ⁸

550 5011 725 5078 gamis
765 5014 1271 5081 communicabunt,
1297 5025 1352 5071 et
1385 5034 1510 5073 cum
1565 5020 1633 5073 iis
1666 5021 1758 5089 qui
1791 5020 1843 5073 in
1873 5036 2134 5090 persecu-

2231 5017 2481 5071 τουτέστι
2541 5017 2634 5069 καὶ
2685 5015 2935 5085 διγάμοις
2987 5015 3287 5077 κοινωνεῖν,
3335 5013 3431 5064 καὶ
3477 5013 3590 5071 τοῖς
3640 5007 3695 5056 ἐν
3737 4998 3807 5067 τῷ

549 5101 700 5157 tione
724 5103 860 5173 lapsi
909 5115 1057 5171 sunt,
1100 5107 1152 5160 in
1196 5109 1397 5176 quibus
1447 5118 1501 5164 et
1532 5119 1747 5180 tempus
1773 5113 2130 5167 constitutum

2231 5107 2459 5178 διωγμῷ
2487 5105 3008 5177 παραπεπτωκόσιν,
3032 5102 3117 5173 ἐφ’
3141 5094 3217 5157 ὧν
3240 5103 3333 5156 καὶ
3355 5101 3544 5172 χρόνος
3562 5098 3802 5152 τέτακται

551 5203 657 5255 est,
683 5203 738 5248 et
767 5199 1146 5265 opportunitas
1180 5201 1469 5268 praefinita,
1505 5211 1566 5256 ut
1615 5203 1720 5272 ipsi
1745 5211 2048 5273 sequantur
2077 5205 2130 5259 in

2233 5199 2423 5269 καιρὸς
2481 5197 2752 5266 ὥρισται·
2794 5196 2935 5250 ὥστε
2988 5195 3185 5257 αὐτοὺς
3233 5192 3545 5246 ἀκολουθεῖν
3577 5191 3634 5241 ἐν
3682 5183 3803 5237 πᾶσι

553 5285 810 5340 omnibus
841 5285 1095 5342 Ecclesiae
1125 5289 1366 5345 decreta.
1398 5289 1505 5346 Uni
1555 5308 1684 5363 ergo
1723 5309 1916 5349 onmes
1940 5295 2054 5349 sive
2077 5296 2132 5349 in

2231 5294 2344 5354 τοῖς
2377 5291 2609 5361 δόγμασι
2642 5290 2744 5358 τῆς
2795 5287 3087 5359 καθολικῆς
3127 5285 3491 5355 Ἐκκλησία*
3541 5281 3664 5336 ἔνθα
3714 5273 3800 5344 μὲν

553 5377 712 5440 vicis,
745 5379 860 5432 sive
889 5377 943 5431 in
967 5380 1214 5445 urbibus,
1243 5382 1345 5451 ipsi
1372 5384 1476 5438 soli
1500 5384 1855 5439 inveniuntur
1873 5386 2131 5454 ordinati,

2233 5379 2325 5436 οὖν
2365 5384 2587 5446 πάντες,
2620 5381 2729 5434 εἴτε
2779 5381 2836 5432 ἐν
2868 5379 3101 5448 κώμαις,
3132 5377 3243 5430 εἴτε
3287 5377 3346 5432 ἐν
3385 5377 3624 5438 πόλεσιν,
3661 5363 3799 5422 αὐτοὶ

554 5467 653 5536 qui
683 5469 1042 5525 inveniuntur
1089 5471 1142 5526 in
1179 5473 1347 5538 clero,
1381 5482 1542 5529 erunt
1588 5475 1644 5530 in
1674 5477 1866 5532 eodem
1919 5477 2132 5533 ordine.

2239 5476 2387 5546 μόνοι
2408 5473 2745 5546 εὑρίσκοιντο
2766 5471 3255 5544 χειροτονηθέντες,
3281 5470 3330 5522 οἱ
3360 5466 3724 5539 εὑρισκόμενοι
3745 5457 3793 5548 ἐξ

556 5561 616 5616 Si
646 5571 828 5617 autem
847 5565 1140 5620 catholicae
1159 5567 1405 5622 ecclesia:
1424 5568 1682 5639 episcopo
1708 5570 1790 5624 vel
1822 5572 2136 5642 presbytero

2234 5568 2312 5639 τῷ
2339 5569 2546 5638 κλήρῳ,
2595 5567 2806 5620 ἔσονται
2846 5567 2903 5618 ἐν
2942 5563 3020 5634 τῷ
3060 5563 3207 5633 αὖτῷ
3244 5563 3502 5633 σχήματι.
3535 5559 3596 5612 Ei
3631 5553 3790 5642 ob?”

554 5655 855 5709 exsistente
888 5658 1154 5712 accedunt
1186 5658 1376 5728 aliqui,
1411 5658 1619 5715 clarum
1652 5670 1758 5726 est,
1789 5665 1933 5731 quod
1959 5640 2136 5718 eccle-

2235 5660 2336 5724 τῆς
2363 5657 2659 5726 καθολικῆς
2700 5655 3027 5726 Ἐκκλησίας
3054 5654 3354 5708 ἐπισκόπου
3379 5651 3411 5722 ἦ
3445 5640 3787 5731 πρεσϐυτέρου

558 5742 656 5797 siue
684 5743 906 5813 quidem
958 5747 1203 5819 episcOpi
1249 5726 1572 5822 dignitatem
1601 5726 1822 5807 babebii
1853 5767 1867 5804 :
1898 5750 1992 5822 qui
2040 5765 2138 5806 au-

2237 5751 2411 5815 δντος,
2461 5744 2856 5820 προσέρχονταί
2888 5763 3050 5812 τινες,
3101 5744 3366 5816 πρόδηλον
3395 5742 3471 5804 ὡς
3503 5742 3530 5795 ό
3560 5738 3654 5812 μὲν
3684 5726 3788 5784 ὲπε⁶

633 5853 680 5887 ⁸³
705 5855 872 5911 Leon.
904 5857 992 5911 14.
