4122 6440
269 405 368 467 539

967 409 1368 472 SYNTAGMA
1399 415 1787 478 CANONUM.
1819 443 1893 455 —
1921 419 2070 484 TIT.
2121 425 2170 498 I,
2214 421 2370 487 CAP.
2406 427 2727 491 XVI-XXI.

3407 431 3516 498 510

269 531 465 579 σκοπος
500 516 600 588 τῆς
626 516 925 589 ἐκκλησίας
966 521 1077 586 ἕξει
1111 521 1174 576 τὸ
1219 524 1437 597 ἀξίωμα
1470 530 1564 583 τοῦ
1614 531 1840 584 ἐπισκό-

1946 546 2053 592 tem
2085 541 2227 608 apud
2279 558 2406 606 eos,
2447 546 2540 614 qui
2591 547 2796 602 cathari
2849 548 3146 615 dicuntur,
3195 551 3516 606 nominatur

267 625 367 660 που
385 622 401 639 ·
432 608 460 660 ὁ
487 608 544 660 δέ
575 610 976 680 ὀνομαζόμενος
1004 616 1153 684 παρὰ
1180 619 1293 680 τοῖς
1315 617 1629 687 λεγομένοις
1663 623 1837 676 καθα-

270 702 381 770 ροῖς
429 700 746 767 ἐπίσκοπος,
776 704 876 773 τῆν
922 704 1017 757 τοῦ
1063 707 1435 779 πρεσϐυτέρου
1479 713 1646 782 τιμὴν
1694 713 1838 778 ἐξει-

268 791 404 862 πλὴν
445 793 497 844 εί
544 792 620 864 μὴ
650 794 757 865 ἄρα
783 795 964 866 δοκοίη
1003 797 1082 867 τῷ
1115 799 1400 870 ἐπισκόπῳ
1429 802 1528 870 τῆς
1558 804 1722 874 τιμῆς
1747 804 1841 858 τοῦ

267 883 526 951 ὀνόματος
558 884 722 949 αὐτὸν
768 885 1036 956 μετέχειν.
1080 888 1143 941 El
1167 888 1224 942 δέ
1246 889 1406 944 τοῦτο
1433 893 1580 963 αὐτῷ
1606 893 1680 964 μὴ
1708 894 1840 965 ἀρέ-

269 989 406 1037 σκοι,
450 974 728 1044 ἐπινοήσει
766 977 932 1030 τόπον
976 976 1008 1047 ἢ
1036 983 1453 1048 χωρεπισκόπου
1478 984 1510 1054 ἢ
1537 986 1843 1057 πρεσϐυτέ-

269 1079 382 1132 ρου,
408 1063 545 1134 ὑπὲρ
566 1065 660 1118 τοῦ
688 1068 745 1119 ἐν
774 1066 850 1136 τῷ
885 1067 1074 1139 κλήρῳ
1100 1069 1234 1134 ὅλως
1257 1073 1435 1127 δοκεῖν
1461 1071 1621 1143 εῖναι,
1653 1078 1738 1132 ἵνα
1764 1081 1844 1152 μὴ

264 1156 324 1206 ἐν
355 1157 418 1226 τῇ
453 1157 604 1209 πόλει
639 1157 733 1211 δύο
765 1159 1059 1213 ἐπίσκοποι
1087 1156 1241 1220 ὦσιν.

501 1250 774 1304 Συνόδου
817 1253 1209 1321 Χαλκηδόνος
1241 1256 1440 1325 κανῲν
1471 1259 1555 1329 ιβ’.

335 1334 422 1405 ιβ’.
453 1333 657 1391 Ἦλθεν
709 1341 788 1402 είς
818 1343 986 1412 ἡμᾶς,
1030 1343 1106 1404 ὥς
1135 1362 1280 1409 τινες
1310 1347 1464 1417 παρὰ
1501 1349 1601 1412 τὰς
1637 1351 1840 1422 ἐκκλη-

268 1427 549 1490 σιαστικ-ὰς
599 1427 834 1498 θεσμοὺς
881 1434 1323 1506 προσδραμόντες
1365 1438 1723 1506 δυναστείαις,
1752 1442 1842 1495 διὰ

268 1519 668 1586 πραγματικῶν
699 1521 798 1590 τὴν
828 1523 960 1592 μίαν
983 1527 1252 1597 ἐπαρχίαν
1285 1531 1364 1590 εἰς
1396 1530 1489 1582 δύο
1516 1533 1838 1601 κατέτεμον,

263 1608 338 1672 ὡς
382 1612 446 1662 ἐκ
494 1610 686 1664 τούτου
716 1613 810 1666 δύο
859 1618 1262 1687 μητροπολίτας
1313 1617 1452 1674 εἶναι
1489 1623 1549 1676 ἐν
1585 1626 1651 1694 τῇ
1703 1626 1838 1696 αὐτῇ

263 1700 505 1772 ἐπαρχίᾳ
526 1717 539 1730 ·
586 1702 753 1774 ὥρισε
791 1707 972 1761 τοίνυν
1004 1711 1036 1779 ή
1068 1710 1196 1778 ἁγία
1229 1711 1448 1774 σύνοδος
1485 1713 1580 1766 τοῦ
1627 1715 1838 1781 λοιποῦ,

266 1793 436 1860 μηδὲν
459 1795 672 1849 τοιοῦτο
694 1797 995 1868 τολμᾶσθαι
1039 1803 1188 1872 παρὰ
1215 1804 1308 1854 τοῦ
1341 1805 1641 1858 ἐπισκόπου
1665 1823 1677 1835 ·
1717 1808 1839 1859 ἐπεὶ

260 1883 351 1934 τὸν
375 1885 536 1937 τοῦτο
562 1887 964 1958 ἐπιχειροῦντα,
995 1893 1282 1946 ἐκπίπτειν
1311 1894 1404 1947 τοῦ
1437 1896 1568 1949 ἰδίου
1598 1897 1805 1967 βαθμοῦ
1824 1914 1837 1928 ·

259 1974 380 2027 ὅσαι
429 1975 484 2028 δὲ
514 1977 613 2047 1ήδη
652 1980 836 2043 πόλεις
885 1982 971 2034 διὰ
1025 1987 1369 2055 γραμμάτιον
1425 1987 1719 2058 βασιλικῶν
1765 1989 1842 2060 τῷ

259 2065 356 2132 τῆς
407 2068 796 2138 μητροπόλεως
841 2072 1182 2143 ἐτιμήθησαν
1223 2076 1468 2147 ὀνόματι,
1505 2079 1676 2150 μόνης
1706 2081 1842 2133 ἁπο-

258 2155 574 2211 λαυέτωσαν
621 2161 720 2230 τῆς
751 2163 935 2234 τιμῆς,
972 2167 1067 2218 καὶ
1099 2166 1127 2217 ὁ
1167 2168 1265 2238 τὴν
1311 2170 1644 2240 Ἐκκλησίαν
1673 2173 1844 2242 αὐτῆς

258 2247 476 2300 διοικῶν
529 2250 865 2315 ἐπίσκοπος·
916 2254 1159 2324 δηλονότι
1211 2258 1534 2329 σωζομένων
1584 2264 1650 2333 τῇ
1701 2263 1844 2316 κατὰ

260 2341 527 2409 ἀλήθειαν
564 2345 895 2415 μητροπόλει
933 2348 1041 2400 τῶν
1069 2350 1285 2403 οἰκείων
1308 2351 1554 2407 δικαίων.

389 2437 441 2488 Σ
447 2435 665 2508 ηνίξδου
687 2437 934 2508 Νικαίας
962 2439 1028 2491 τὸ
1062 2439 1365 2508 δεύτερον,
1394 2443 1597 2496 κανὼν
1626 2451 1707 2498 ιε’.

260 2501 388 2557 Ὀτι
420 2505 493 2558 οὐ
525 2504 621 2558 δεῖ
643 2501 936 2574 κληρικὸν
960 2509 1032 2561 ἐν
1064 2501 1250 2564 δυσὶν
1281 2501 1637 2581 ἐκκλησίαις
1670 2533 1843 2570 κατα·

885 2577 1226 2634 τάττεσθαι.

329 2671 414 2720 ιε’.
445 2663 720 2736 Κληρικὺς
741 2667 849 2720 ἀπὸ
867 2668 962 2721 τοῦ
987 2671 1276 2740 παρόντος,
1316 2672 1390 2742 μὴ
1420 2674 1842 2730 καταταττέσθω

256 2755 314 2807 ἐν
343 2756 502 2808 δυσὶν
537 2756 890 2828 ἐκκλησίαις·
937 2760 1209 2830 ἐμπορίας
1230 2763 1340 2832 γὰρ
1379 2765 1472 2815 καὶ
1516 2765 1844 2834 αἰσχροκερ-

255 2846 402 2909 δείας
439 2847 568 2900 ἴδιον
599 2846 776 2913 τοῦτο,
807 2851 900 2902 καὶ
921 2850 1200 2922 ἀλλότριον
1219 2853 1687 2924 ἐκκλησιαστικῆς
1716 2872 1843 2908 συν-

255 2937 471 3005 ηθείας.
551 2935 892 3009 Ἠκούσαμεν
943 2941 1054 3010 γὰρ
1090 2942 1148 3006 ἐξ
1203 2943 1375 3011 αὐτῆς
1425 2943 1524 3012 τῆς
1561 2945 1844 3015 κυριακῆς

258 3029 471 3098 φωνῆς,
489 3032 571 3083 ὅτι
599 3031 658 3084 οὐ
687 3030 911 3086 δύναταί
939 3050 1022 3096 τις
1050 3034 1170 3086 δυσὶ
1198 3034 1406 3102 κυρίοις
1434 3034 1704 3088 δουλεύειν
1725 3049 1739 3065 ·
1774 3037 1846 3091 Ἠ

257 3122 365 3189 γὰρ
379 3123 495 3176 τὸν
506 3122 615 3176 ἕνα
625 3123 876 3192 μισήσει
911 3125 1006 3178 καὶ
1045 3128 1154 3178 τὸν
1172 3125 1377 3194 ἕτερον
1388 3127 1710 3196 ἀγαπήσει,
1735 3130 1841 3184 τοῦ

258 3213 394 3279 ἑνὸς
408 3213 742 3278 ἀνθέξεται,
761 3216 860 3268 καὶ
881 3213 988 3269 τοῦ
1006 3216 1211 3284 ἑτέρου
1231 3218 1696 3286 καταφρονήσει·
1714 3221 1844 3274 ἕκα-
1872 3205 1915 3264 C

253 3321 400 3372 στος
418 3301 554 3372 οὖν,
576 3306 716 3360 κατὰ
729 3307 825 3377 τὴν
845 3309 1206 3379 ἀποστολικὴν
1224 3310 1424 3381 φωνὴν,
1444 3305 1572 3379 ἐνῷ
1585 3311 1837 3380 ἐκλήθη,

254 3398 532 3462 ἐντούτῳ
565 3399 790 3468 ὀφείλει
813 3400 1022 3469 μένειν
1047 3402 1146 3457 καὶ
1176 3403 1606 3472 προσεδρεύειν
1632 3404 1703 3457 ἐν
1731 3404 1841 3474 μιᾷ

253 3489 577 3558 ἐκκλησίᾳ.
617 3492 700 3544 Τὰ
725 3491 835 3562 γὰρ
868 3492 934 3546 δι’
965 3493 1408 3564 αἰσχροκέρδειαν
1457 3496 1718 3564 γινόμενα
1749 3498 1841 3550 ἐπὶ

251 3581 867 3652 τῶν“ἐκκλησιαστικῶν
903 3586 1266 3656 πραγμάτων,
1299 3587 1552 3659 ἀλλότρια
1582 3588 1676 3642 τοῦ
1703 3589 1839 3644 Θεοῦ

256 3674 633 3745 καθεστήκασι
659 3691 672 3708 ’
711 3677 848 3746 πρὸς
893 3676 950 3730 δὲ
987 3676 1085 3747 τὴν
1113 3678 1206 3731 τοῦ
1263 3678 1381 3748 βίου
1406 3680 1598 3734 τούτου
1627 3682 1837 3752 χρείαν,

252 3764 667 3836 ἐπιτηδεύματα
713 3767 820 3819 εἰσὶ
849 3767 1117 3840 διάφορα·
1165 3769 1225 3834 ἐξ
1277 3770 1457 3826 αὐτῶν
1495 3773 1550 3826 εί
1593 3792 1677 3838 τις
1715 3774 1840 3843 βού-

253 3857 420 3920 λοιτο,
473 3858 542 3910 τὰ
589 3857 822 3928 χρειώδη
876 3859 970 3912 τοῦ
1022 3859 1274 3929 σώματος
1319 3861 1652 3931 ποριζέσθω.
1693 3866 1840 3937 Ἔφη

254 3950 362 4020 γὰρ
392 3951 426 4002 ὁ
470 3949 811 4016 ’Δπόστολος,
870 3952 1003 4018 Ταῖς
1025 3954 1252 4022 χρείαις
1277 3973 1396 4023 μου
1422 3957 1520 4010 καὶ
1548 3957 1674 4024 τοῖς
1698 3954 1841 4013 οὖσι

254 4043 380 4109 μετ’
399 4042 574 4112 ἐμοῦ,
600 4043 991 4110 ὑπηρέτησαν
1014 4047 1075 4097 αἱ
1095 4044 1291 4113 χεῖρες
1314 4043 1509 4103 αὗται·
1541 4050 1634 4102 καὶ
1667 4049 1840 4103 ταῦτα

257 4135 354 4204 μὲν
382 4136 450 4186 ἐν
489 4133 662 4204 ταύτῃ
693 4137 760 4204 τῇ
791 4134 1141 4206 θεοφυλάκτῳ
1171 4137 1360 4189 πόλει·
1407 4141 1464 4192 ἐν
1491 4138 1548 4192 δὲ
1595 4143 1706 4205 τοῖς
1735 4141 1840 4206 ἔξω

255 4227 481 4297 χωρίοις
507 4225 599 4279 διὰ
635 4225 733 4297 τὴν
773 4225 1007 4295 ἔλλειψιν
1049 4227 1162 4280 τῶν
1205 4229 1530 4300 ἀνθρώπων,
1578 4250 1839 4304 παροιχω⁴

256 4317 482 4388 ρείσθω.

337 4423 402 4479 Ἦ
453 4423 831 4489 Ἐλενόποντος
872 4425 965 4480 δύο
997 4429 1390 4499 μετροπολίτας
1422 4429 1534 4500 ἔχει
1567 4430 1641 4495 ὡς
1671 4432 1704 4502 ἡ
1751 4425 1841 4502 κη’

245 4516 450 4586 νεαρὰ·
491 4517 526 4586 ή
569 4516 922 4585 Παφλαγονία
959 4518 1267 4592 διαιρόρους,
1317 4521 1392 4584 ὡς
1445 4524 1478 4592 ἡ
1512 4521 1591 4575 κθ¹
1643 4523 1833 4592 νεαρά·

256 4603 350 4657 καὶ
373 4605 410 4673 ή
436 4603 646 4674 Φρυγία
677 4606 1029 4680 Καπατιανὴ,
1060 4609 1154 4662 καὶ
1199 4612 1233 4680 ἠ
1274 4610 1500 4682 δευτέρα
1531 4614 1831 4682 Καππαδο-

257 4695 375 4748 κία·
409 4694 541 4748 οὔτε
568 4695 624 4748 δέ
648 4695 742 4749 δύο
770 4697 980 4752 πόλεών
1016 4717 1101 4762 τις
1155 4696 1296 4753 εἶναι
1347 4701 1569 4756 δύναται
1623 4705 1844 4758 ἐπίσκο-

257 4801 380 4850 πος·
405 4785 669 4856 ἐξῄρηται
695 4789 722 4840 ὁ
751 4789 996 4858 Τομέως,
1027 4791 1190 4854 αὐτὸς
1236 4792 1346 4863 γὰρ
1375 4795 1470 4847 καὶ
1499 4797 1610 4847 τῶν
1637 4795 1841 4849 λοιπῶν

257 4877 566 4948 ἐκκλησιῶν
595 4877 830 4943 Σκυθίας
842 4885 1077 4952 προνοεῖ·
1103 4883 1198 4936 καὶ
1219 4887 1251 4955 ἡ
1274 4886 1630 4950 Λεοντόπολις
1673 4888 1846 4941 Ἰσαυο

261 4970 403 5037 ρίας,
447 4969 553 5022 ὑπὸ
577 4970 672 5022 τὸν
720 4971 1022 5026 ἐπίσκοπόν
1081 4976 1232 5028 ἐστιν
1288 4977 1835 5048 Ἰσαυροπόλεως,ώς

260 5059 467 5130 βιῦλ.α¹
495 5061 590 5114 τοῦ
621 5062 775 5125 κώδ.,
798 5063 903 5116 τίτ.
926 5062 974 5117 α’
1007 5065 1246 5120 διάτ.λε’·
1278 5067 1400 5122 οΰτε
1456 5070 1512 5122 δὲ
1546 5071 1847 5142 ἡγούμενος

259 5152 472 5216 γίνεται
515 5151 610 5205 δύο
659 5153 1056 5225 μοναστηρίων,
1116 5156 1194 5220 ὡς
1244 5159 1386 5213 διὰτ.
1436 5159 1514 5214 λθ²
1549 5161 1645 5212 τοῦ
1679 5160 1845 5214 αὑτοῦ

260 5243 465 5296 τίτλου.

332 5332 587 5386 ΚΕΦΔΛ.
635 5334 764 5388 KA'.
791 5364 862 5375 —
891 5337 1047 5408 Uepl;
1068 5337 1187 5391 τῶν
1217 5341 1717 5410 χειροτονούντων
1784 5342 1853 5396 ἐν

266 5425 396 5492 ταῖς
411 5426 496 5496 μὴ
522 5425 736 5491 οὔσαις
764 5426 866 5480 ὑπ’
893 5429 1116 5494 αὐτοὺς
1139 5433 1396 5486 πόλεσιν
1447 5433 1484 5502 ἣ
1511 5433 1846 5504 ἐπαρχίαις.

657 5519 1048 5572 Ἀποστόλων
1085 5521 1296 5576 κανὼν
1333 5523 1441 5578 λε’.

335 5607 436 5664 λε’.
475 5608 799 5664 Ἐπίσκοπον
839 5612 914 5682 μὴ
943 5614 1149 5686 τολμᾷν
1178 5616 1284 5680 ἔξω
1313 5617 1430 5671 τῶν
1461 5617 1658 5672 ἐαυτοῦ
1691 5618 1852 5689 ὅρων,

266 5715 326 5758 κ.
348 5718 402 5757 τ.
427 5700 478 5757 λ.

345 5845 393 5884 '-'*
418 5846 615 5921 Aucyr.
647 5847 735 5918 12,
765 5847 1002 5904 Νοοοαξε.
1037 5846 1288 5903 Antioch.
1319 5847 1405 5901 l0.
1449 5848 1493 5882 ⁸³
1527 5846 1776 5904 Distinet.
1811 5844 1899 5902 41.

1943 630 2240 700 episcopus
2270 634 2399 703 ϐο,
2443 637 2743 707 presbyteri
2781 638 3044 695 honorem
3099 641 3319 695 habebit
3354 659 3368 695 :
3405 642 3512 696 nisi

1943 721 2134 791 utique
2154 725 2407 792 episcopo
2429 728 2636 795 placeat
2667 729 2841 798 ipsum
2862 733 3101 787 nominis
3123 735 3379 788 honorem
3410 734 3516 788 im-

1945 812 2166 881 pertire.
2201 812 2257 867 Si
2287 827 2464 869 autcm
2498 818 2544 849 “
2578 817 2681 873 hoc
2707 819 2780 872 illi
2808 836 2914 873 non
2947 822 3175 889 placeat,
3210 823 3292 876 vel
3349 823 3514 876 clior--

1947 903 2210 973 episcopi,
2247 906 2330 959 vel
2373 908 2672 979 presbyteri
2718 909 2896 964 locum
2920 915 3269 983 excogiiahit,
3309 922 3368 968 ut
3391 929 3512 969 esse

1943 996 2168 1051 omnino
2197 997 2252 1051 in
2292 999 2438 1054 clero
2493 1000 2763 1069 videatur,
2809 1019 2880 1059 ne
2902 1005 2957 1059 in
3009 1005 3228 1060 civitate
3260 1005 3371 1061 duo
3402 1006 3516 1060 sint

1942 1087 2204 1160 episcolii.

2225 1273 2444 1328 Concilii
2471 1273 2911 1330 Chalcedonensis
2935 1293 3106 1331 canon
3135 1277 3224 1331 12.

2014 1367 2100 1422 19..
2144 1365 2398 1422 Pervenit
2422 1367 2488 1422 ad
2515 1383 2614 1423 nos
2643 1368 2708 1434 ⁸⁵,
2744 1369 2890 1439 quod
2942 1369 3185 1438 quidam,
3214 1383 3337 1423 cum
3371 1381 3514 1438 prte-

1943 1459 2172 1515 territus
2208 1459 2616 1513 ecclesiasticos
2650 1459 2714 1511 ad
2748 1468 3067 1528 potentatus
3128 1459 3512 1519 accessissent,

1943 1564 2039 1620 per
2062 1548 2424 1619 pragmaticas
2475 1563 2640 1601 uuam
2674 1548 3012 1617 provinciam
3050 1549 3103 1601 in
3139 1548 3278 1602 duas
3315 1549 3517 1602 divise-

1945 1651 2068 1696 runt
2098 1659 2110 1695 :
2155 1642 2324 1695 ut'ex
2355 1655 2421 1693 eo
2449 1640 2558 1692 duo
2579 1649 2762 1694 essent
2792 1640 3190 1709 metropolitani
3221 1640 3274 1694 in
3325 1640 3515 1693 eadem

1943 1733 2241 1802 provincia.
2276 1731 2479 1784 Statuit
2511 1746 2639 1800 ergo
2661 1746 2816 1785 sacra
2850 1732 3112 1802 synodus,
3139 1747 3206 1784 ne
3227 1731 3517 1800 episcopus

1944 1826 2197 1892 deinceps
2221 1822 2324 1876 taie
2357 1821 2487 1891 quid
2515 1823 2709 1875 audeat
2749 1814 2761 1874 ἐ
2795 1823 3056 1889 quoniam
3091 1823 3136 1875 is
3165 1822 3256 1889 qui
3294 1821 3395 1874 hoc
3427 1836 3520 1891 ag-

1945 1915 2212 1985 greditur,
2254 1928 2280 1967 a
2308 1928 2410 1966 suo
2463 1913 2632 1982 gradu
2685 1913 2908 1965 excidit.
2955 1912 3305 1980 Qumcunque
3335 1919 3516 1964 autem

1943 2008 2192 2062 civitates
2225 2020 2320 2074 per
2357 2005 2575 2058 litteras
2605 2003 2991 2072 imperatorias
3035 2003 3353 2072 metropolis
3419 2017 3520 2055 no-
3607 2040 3609 2042 -

1945 2099 2092 2152 mine
2119 2099 2397 2151 honoratae
2438 2106 2584 2158 sunt,
2615 2097 2734 2150 solo
2767 2097 2977 2149 honore
3017 2094 3292 2160 fruantur,
3323 2104 3376 2147 et
3422 2094 3514 2162 qui

1944 2190 2064 2260 ejus
2141 2188 2440 2243 Ecclesiam
2505 2187 2853 2240 administrat
2908 2187 3219 2256 episcopus,
3300 2194 3518 2240 servato

1945 2281 2154 2338 scilicet
2177 2295 2318 2335 verte
2354 2278 2672 2348 metrOpolis
2705 2294 2807 2333 suo
2834 2278 2982 2347 jure.

2228 2438 2454 2493 Concilii
2483 2437 2688 2490 Nicmni
2716 2436 2932 2488 secundi
2961 2451 3129 2486 canon
3161 2433 3244 2487 15.

2051 2511 2286 2568 Clericus
2317 2511 2367 2561 in
2395 2508 2597 2560 duabus
2630 2507 2862 2559 ecclesiis
2899 2521 2998 2557 non
3029 2505 3280 2557 collocari
3318 2502 3489 2556 debet.

2016 2691 2104 2755 15,
2140 2689 2382 2744 Clericus
2413 2686 2481 2741 ab
2511 2686 2613 2739 hoc
2632 2684 2888 2752 deinceps
2917 2689 3158 2752 tempore
3207 2681 3260 2734 in
3309 2681 3522 2734 duabus

1945 2783 2190 2837 ecclesiis
2220 2797 2326 2834 non
2353 2780 2669 2834 collocetur.
2697 2773 2811 2828 Hoc
2841 2774 2988 2828 enim
3023 2782 3107 2828 est
3129 2772 3520 2842 negotiationis

1947 2885 2002 2931 et
2033 2875 2206 2944 turpis
2264 2873 2401 2927 lucri
2447 2871 2750 2940 proprium,
2789 2869 2936 2922 etab
2967 2864 3341 2920 ecclesiastica
3389 2877 3524 2917 con-

1948 2968 2236 3029 Suetudine
2263 2966 2522 3019 alienum.
2549 2964 2628 3017 Ab
2653 2963 2768 3033 ipsa
2792 2959 2936 3015 enim
2959 2957 3173 3011 Domini
3202 2971 3334 3009 voce
3363 2953 3521 3007 audi-

1949 3059 2130 3112 vimus
2155 3071 2262 3110 non
2296 3069 2458 3124 posse
2505 3053 2818 3122 quempiam
2882 3048 3096 3103 duobus
3126 3044 3362 3100 dominis
3402 3058 3523 3096 ser-

1949 3152 2064 3204 vire
2098 3166 2111 3201 :
2161 3148 2249 3202 Vel
2277 3149 2419 3202 enim
2448 3163 2609 3201 unum
2661 3147 2781 3198 odio
2812 3143 3040 3204 habebit,
3077 3149 3126 3193 et
3157 3139 3382 3191 alterum
3433 3135 3522 3187 di—

1949 3242 2104 3312 liget:
2127 3249 2219 3294 aut
2256 3256 2419 3292 unum
2453 3237 2766 3302 sustinebit,
2795 3244 2841 3289 et
2866 3234 3094 3288 alterum
3132 3236 3422 3284 contemnet
3452 3227 3518 3279 ⁸⁵.

1952 3333 2319 3404 Unusquisque
2375 3347 2520 3400 ergo,
2558 3337 2617 3383 ut
2671 3345 2774 3383 vox
2805 3336 2888 3382 est
2915 3325 3232 3396 apostolica,
3268 3323 3324 3375 in
3349 3337 3430 3384 eo,
3465 3319 3521 3372 in

1945 3440 2046 3496 quo
2072 3433 2286 3477 vocatus
2309 3429 2407 3486 est,
2443 3419 2592 3473 debet
2615 3434 2846 3481 manere,
2880 3425 2928 3470 et
2961 3417 3015 3469 in
3040 3431 3145 3468 una
3172 3412 3388 3467 ecclesia
3432 3425 3522 3464 as-

1946 3517 2114 3571 sidere
2142 3514 2210 3568 ".
2264 3511 2397 3580 Quae
2429 3513 2575 3567 enim
2604 3519 2826 3581 propter
2859 3518 3017 3577 turpe
3056 3507 3266 3560 lucrum
3296 3511 3427 3558 sunt
3466 3501 3522 3554 in

1946 3608 2332 3665 ecclesiasticis
2380 3606 2634 3677 negotiis,
2702 3620 2765 3659 ea
2829 3619 2859 3658 a
2894 3604 3006 3656 Deo
3051 3611 3180 3656 sunt
3207 3599 3400 3653 aliena.
3436 3595 3520 3648 Ad

1949 3702 2110 3772 hujus
2127 3710 2307 3755 autem
2333 3699 2458 3753 vitae
2477 3698 2581 3769 61
2610 3711 2769 3751 usum
2804 3703 2932 3750 sunt
2961 3694 3173 3749 diversa
3203 3689 3378 3746 studia
3404 3704 3418 3740 :
3454 3701 3522 3740 ex

1947 3793 2014 3849 iis
2059 3807 2226 3862 ergo,
2286 3791 2332 3846 si
2379 3790 2504 3860 quis
2538 3790 2688 3851 velit,
2723 3803 2788 3842 ea
2849 3801 2972 3856 quae
3002 3793 3130 3839 sunt
3177 3779 3426 3850 corporis
3453 3776 3523 3832 ad

1947 3888 2107 3937 u'sum
2142 3879 2450 3936 necessaria
2481 3885 2783 3947 comparet.
2820 3875 2965 3930 Dixit
2988 3873 3132 3928 enim
3166 3869 3464 3940 Apostolus
3506 3885 3520 3920 :

1951 3972 2082 4030 Usui
2111 3989 2222 4026 meo
2257 3981 2305 4025 et
2331 3972 2395 4024 iis
2440 3969 2531 4040 qui
2585 3985 2788 4023 mecum
2820 3976 2943 4020 sunt
2988 3964 3527 4019 subministraverunt

1946 4083 2135 4120 manus
2171 4081 2300 4119 mea:
2329 4065 2394 4119 ⁸⁸.
2424 4062 2490 4117 Ει
2513 4063 2620 4117 hoc
2646 4061 2868 4131 quidem
2901 4061 2953 4113 in
2981 4059 3082 4113 hac
3113 4073 3143 4112 a
3177 4056 3287 4110 Deo
3336 4063 3523 4109 custo-

1923 4159 2058 4231 qdita
2088 4158 2322 4213 civitate.
2344 4157 2398 4209 ln
2427 4156 2494 4210 iis
2509 4162 2690 4208 autem
2711 4167 2834 4223 quae
2863 4159 3016 4204 extra
3043 4156 3172 4204 sunt
3201 4146 3361 4211 locis,
3388 4160 3520 4213 pro-

1945 4259 2065 4322 pter
2090 4249 2372 4305 hominum
2404 4247 2671 4316 inopiam,
2701 4242 3073 4314 permittatur.

2020 4430 2236 4488 Textus.
2260 4428 2668 4497 llelenopontus
2688 4425 2825 4479 duos
2847 4419 3302 4488 metrOpolitanos
3329 4414 3522 4478 habet,

1948 4519 2096 4576 ut28
2132 4517 2354 4572 Novella
2383 4513 2644 4588 [tradit]:
2696 4508 3068 4580 Paphlagonia
3097 4507 3320 4562 multos.
3368 4510 3430 4556 ut
3455 4502 3526 4556 29

1945 4606 2169 4661 Novella
2197 4622 2211 4658 :
2243 4602 2370 4676 [sic]
2403 4602 2568 4657 etiam
2605 4600 2837 4673 Phrygia
2867 4596 3187 4666 Capatiana,
3225 4601 3280 4645 et
3313 4592 3527 4657 (lappa-

1947 4693 2106 4750 docia
2148 4693 2410 4748 secunda.
2445 4689 2634 4759 Neque
2670 4688 2723 4741 in
2759 4686 2977 4740 duabus
3005 4679 3320 4737 civitatibus
3347 4685 3530 4745 potest

1949 4784 2073 4854 quis
2100 4799 2224 4838 esse
2247 4781 2562 4852 episcopus.
2593 4777 2871 4846 Excipitur
2899 4774 3190 4843 episcopus
3213 4765 3527 4821 Tomensis.

1949 4875 2043 4929 Ille
2073 4873 2218 4927 enim
2273 4871 2611 4939 reliquarum
2657 4866 3021 4921 ecclesiarum
3071 4859 3308 4930 Scythia:
3340 4871 3528 4910 curam

1952 4968 2108 5040 gerit.
2151 4963 2339 5039 [Tum]
2390 4975 2444 5019 et
2477 4961 2825 5032 Leontopolis
2855 4956 3079 5012 Isauria:
3112 4953 3216 5008 sub
3268 4952 3532 5020 episcopo

1955 5058 2278 5128 lsauropolis
2298 5065 2402 5120 est,
2429 5064 2488 5109 ut
2522 5054 2615 5108 lib.
2649 5069 2666 5107 t
2698 5052 2819 5107 cod.
2860 5051 2942 5103 tit.
2975 5048 3028 5100 '5.
3062 5053 3240 5101 const.
3277 5042 3348 5097 55
3408 5040 3530 5112 [ha-

1954 5150 2090 5224 bet].
2141 5151 2329 5220 Neque
2371 5147 2572 5218 pracsul
2610 5140 2952 5217 [quisquam]
2985 5141 3221 5194 duorum
3255 5142 3532 5190 monaste-

1952 5247 2159 5300 riorum
2189 5244 2269 5306 ﬁt,
2307 5251 2364 5296 ut
2394 5250 2570 5296 const.
2595 5241 2662 5294 '59
2689 5238 2932 5306 ejusdem
2963 5235 3046 5288 tit.

2021 5337 2175 5393 CAP.
2209 5334 2508 5389 XXl.-De
2531 5335 2597 5388 iis
2626 5334 2716 5403 qui
2737 5330 3091 5386 ordinationes
3120 5324 3324 5397 faciunt
3345 5321 3398 5375 in
3437 5335 3533 5372 ur-

1957 5431 2106 5486 bibus
2145 5428 2490 5499 provim'iisve
2512 5443 2615 5479 non
2641 5425 2774 5478 suis.

2399 5518 2770 5585 Apostolorum
2803 5530 2970 5567 canon
2990 5511 3081 5566 35.

2031 5615 2119 5671 55.
2141 5613 2449 5682 Episcopus
2472 5628 2538 5666 ne
2570 5611 2767 5664 audeat
2791 5616 2945 5663 extra
2963 5619 3092 5661 suos
3117 5603 3274 5664 llncs,
3307 5607 3437 5660 etc.,
3474 5604 3534 5649 ut

1961 5726 2082 5781 pag.
2115 5707 2243 5763 475.

1951 5847 1996 5881 ⁸⁸
2032 5844 2218 5901 Matth.
2256 5857 2333 5909 vt,
2367 5842 2460 5897 21.
2498 5841 2542 5873 θ’
2573 5840 2592 5896 l
2625 5840 2754 5897 Cor;
2787 5853 2884 5905 vn,
2915 5834 3006 5891 ‘20.
3082 5837 3130 5871 ”
3163 5833 3283 5890 Act.
3311 5847 3404 5898 xx,
3438 5827 3528 5885 5i.
