4122 6472
592 403 697 470 511
1726 409 1995 471 ΡῙΙΟΤΙΙ
2032 409 2220 472 ΡΑΤΗ

2270 410 2545 474 ARCH/E
2568 413 2679 476 CP.
3782 424 3898 483 5l2

833 526 1059 581 Concilii
1094 526 1403 581 Antiocheni
1434 542 1662 581 canones
1694 528 1782 587 13.
1811 528 1903 581 22.
2192 533 2241 589 Α
2446 533 2461 584 ὲ

2192 533 2241 589 Α
2446 530 2717 585 Συνόδου
2760 531 3125 601 Ἀντιοχείας
3163 536 3365 591 κανὼν
3401 537 3502 609 ιγ’,
3534 541 3667 595 κθ.

661 618 750 673 15.
768 616 960 673 Nullus
982 617 1265 688 episcopus
1283 620 1478 673 audeat
1494 618 1562 673 ab
1585 634 1688 674 una
1709 620 2014 690 provincia,
2035 628 2163 685 etc.,

2339 622 2431 693 ιγ’.
2457 624 2681 695 Μηδένα
2725 628 3022 684 ἐπίσκοπον
3054 630 3267 703 ,τολμᾷν
3310 632 3404 703 ἀφ’
3433 635 3663 708 ἑτέρας
3708 635 3901 707 ἐπαρ-

590 710 944 779 ηιροθ.475.

2267 716 2412 787 χίας,
2444 734 2499 771 κ.
2526 734 2581 770 τ.
2611 717 2662 773 λ.

659 803 961 874 Episcopus
996 803 1048 855 in
1081 802 1242 856 aliam
1273 802 1572 867 civitatem,
1608 811 1739 867 etc.,
1770 811 1826 854 ut
1855 819 1977 872 pag.
2009 802 2135 856 4⁸75.

2335 808 2441 864 κδ’.
2461 810 2787 865 Ἐπίσκοπον
2803 811 2874 882 μὴ
2887 800 3131 867 ἐπιϐαίνε
3140 832 3187 868 ιν
3196 814 3450 889 ἀλλοτρίᾳ
3466 817 3681 884 πόλει,
3701 837 3763 875 κ.
3779 837 3836 874 τ.
3848 820 3903 875 λ.

957 893 1183 946 Concilii
1211 894 1516 947 Antioclteni
1543 910 1709 946 canon
1750 894 1802 948 8.

2619 906 2891 960 Συνόδου
2925 906 3179 975 Ἐφέσου
3217 910 3419 963 κανὼν
3442 929 3485 979 η

660 984 751 1038 22.
792 983 895 1050 Qui
926 999 1055 1038 vero
1098 985 1214 1037 ausi
1254 983 1453 1040 fuerint
1501 994 1596 1041 aut
1645 1001 1973 1056 componere
2004 986 2163 1042 tidem

2338 994 2479 1059 Τοὺς
2524 995 2584 1050 δὲ
2641 996 2955 1067 τολμῶντας
2986 997 3020 1067 ἢ
3063 1000 3369 1056 συντιθέναι
3394 1003 3601 1057 πίστιν
3657 1003 3901 1075 ἑτέραν,

593 1077 837 1139 alteram,
874 1087 1000 1140 etc.,
1041 1086 1100 1129 ut
1131 1092 1255 1147 pag.
1291 1076 1418 1132 478.

1302 1076 1418 1132 ι78.
2270 1104 2326 1141 κ.
2365 1104 2417 1141 τ.
2459 1087 2509 1142 λ.
2928 1134 2930 1147 .

662 1169 768 1238 62
802 1169 951 1222 CAP.
984 1168 1149 1223 XXII.
1187 1199 1257 1208 —
1295 1169 1369 1223 De
1405 1170 1472 1224 iis
1523 1170 1613 1240 qui
1642 1172 2050 1241 magistratuum
2071 1189 2169 1240 pa-

2339 1179 2587 1234 ΚΕΦΑΛ.
2625 1180 2753 1235 ΚΒ’.
2786 1209 2858 1222 -
2883 1180 3023 1249 Περὶ
3059 1179 3179 1234 τῶν
3203 1182 3301 1237 διὰ
3333 1184 3754 1251 προστασίας
3787 1186 3901 1255 ἀρ-

592 1259 810 1311 trocinio
840 1258 1087 1312 ecclesias
1109 1259 1360 1316 obtinent.

2270 1272 2520 1339 χόντων,
2545 1274 2875 1345 γινομένων
2909 1273 3212 1344 ἐμβατῶν
3241 1276 3630 1345 ἐκκλησιῶν.

1045 1350 1419 1418 Apostolorum
1449 1367 1617 1405 canon
1649 1351 1737 1408 50.

2716 1365 3103 1420 Ἀποστόλων
3134 1368 3332 1422 κανὼν
3359 1368 3422 1424 λ’.

657 1441 726 1496 30
749 1438 887 1512 [ειη.
920 1441 977 1496 Si
1004 1443 1130 1513 quis
1185 1443 1477 1513 episcopus
1523 1445 1878 1500 saecularibus
1909 1445 2169 1516 principi-

2342 1451 2387 1506 λ¹
2421 1453 2492 1507 Et
2520 1471 2605 1517 τις
2639 1454 2939 1519 ἐπίσκοπος
2969 1458 3255 1527 κοσμικοῖς
3285 1457 3523 1528 ἄρχουσι
3584 1460 3901 1530 χρησάμε-

588 1534 691 1588 bus
723 1548 855 1589 usus
891 1549 988 1605 per
1022 1550 1117 1588 eos
1150 1537 1438 1590 ecclesiam
1468 1537 1700 1607 adeptus
1734 1538 1824 1603 sit,
1858 1538 2169 1608 deponatur

2274 1564 2377 1610 νος,
2400 1547 2658 1600 διἀὑτῶν
2674 1548 2948 1619 ἐγκρατὴς
2962 1547 3289 1618 Ἐκκλησίας
3308 1550 3575 1619 γένηται,
3593 1550 3902 1620 καθαιρεί-

588 1632 642 1679 et
669 1635 1006 1696 segregetur,
1034 1638 1087 1679 et
1113 1642 1305 1681 omnes
1338 1627 1430 1696 qui
1461 1628 1537 1680 illi
1572 1631 2002 1683 communicant.

2272 1638 2383 1693 σθω
2396 1640 2486 1693 καὶ
2502 1638 2869 1711 ἀφοριζέσθω,
2888 1640 2981 1693 καὶ⁵
2997 1641 3046 1693 οἱ
3067 1640 3452 1706 κοινωνοῦντες
3467 1642 3644 1711 αὐτῷ
3660 1642 3900 1707 πάντες.

901 1720 1128 1775 Concilii
1155 1718 1365 1773 Nicrrm’
1386 1720 1597 1773 secundi
1625 1736 1794 1773 canon
1816 1721 1868 1773 5.
2406 1735 2529 1787 Συν-

2406 1732 2679 1787 Συνόδου
2699 1734 2948 1801 Νικαίας
2974 1734 3041 1787 τὸ
3068 1733 3351 1803 δεύτερον
3380 1736 3602 1789 κανὼν
3639 1741 3722 1802 γ’.

663 1812 716 1867 5.
737 1811 967 1869 Omnem
982 1812 1305 1868 electionem
1323 1827 1445 1882 quae
1462 1813 1519 1866 fit
1534 1827 1564 1866 a
1590 1812 2022 1883 magistratibus,
2036 1824 2165 1874 etc..
2198 1875 2240 1931 Β

679 1924 709 1931 μ
720 1924 743 1931 -
755 1924 779 1931 -
838 1907 855 1931 ι
865 1906 897 1931 n
910 1906 927 1931 ι

2345 1832 2418 1894 γ’.
2434 1826 2622 1880 Πᾶσαν
2645 1825 2826 1897 ψῆφον
2847 1824 3137 1897 γινομένην
3165 1825 3317 1897 παρὰ
3336 1826 3662 1897 ἀρχόντων,
3686 1843 3748 1882 κ.
3769 1843 3825 1881 τ.
3845 1826 3896 1883 λ.

591 1915 649 1960 ιιι
678 1924 798 1977 pag.
828 1906 953 1962 494.
2201 1906 2219 1931 ⁸

664 1999 818 2054 CAP.
852 1997 1197 2053 XXIll.—De
1225 1999 1292 2053 iis
1321 1999 1409 2069 qui
1428 1998 1489 2053 ob
1524 2000 1928 2053 matrimonium
1951 1999 2026 2053 vel
2051 2016 2173 2053 con-

2341 2003 2591 2058 ΚΕΦΔΛ.
2620 2002 2748 2059 KI".
2769 2032 2843 2043 —
2860 2002 2998 2073 Περὶ
3017 2001 3127 2057 τῶν
3155 2002 3253 2057 διὰ
3276 2002 3466 2073 γάμον
3495 2003 3541 2073 ἢ
3578 2008 3899 2059 nullaru-

594 2088 899 2144 cubinatum
919 2105 1020 2141 non
1035 2089 1170 2158 ﬁunt
1186 2088 1413 2159 episcopi
1430 2098 1522 2141 aut
1544 2087 1742 2142 clerici.

2271 2095 2469 2166 σμὸν’,
2507 2093 2590 2165 μὴ
2643 2094 3186 2165 χειροτονουμένων
3240 2096 3607 2151 ἐπισκόπων
3655 2097 3698 2165 ἢ
3745 2101 3898 2165 κλη-

2311 2204 2476 2241 ικων.

665 2273 1038 2343 Apostolorum
1066 2289 1291 2327 canones
1321 2272 1407 2337 l'l,
1440 2270 1529 2338 18,
1562 2271 1649 2327 l9.
2266 2206 2293 2257 l

2266 2206 2476 2257 ρικων.

2357 2279 2746 2335 Ἀποστόλων
2779 2281 2983 2335 κανὼν
3011 2280 3075 2345 ιζ’
3102 2279 3172 2351 ιη’
3206 2279 3292 2335 ιθ’.

669 2364 737 2416 17
767 2362 903 2436 [16].
940 2363 1042 2427 Qui
1078 2371 1199 2433 post
1228 2372 1481 2417 sanctum
1510 2362 1554 2395 “
1587 2360 1919 2432 baptismum
1957 2362 2174 2419 duobus

2349 2367 2435 2433 ιζ’.
2475 2368 2534 2422 '0
2567 2367 2689 2421 δυσὶ
2717 2369 2918 2438 γάμοις
2948 2368 3291 2441 συμπλακεὶς
3326 2372 3467 2441 μετά
3486 2376 3561 2429 τὸ
3592 2375 3894 2446 βάπτισμα

594 2456 870 2527 conjugiis
901 2455 1067 2511 fuerit
1114 2455 1436 2525 implicitus,
1493 2457 1581 2511 vel
1614 2455 1874 2511 habuerit
1903 2457 2172 2512 concubi-

2274 2460 2307 2530 ἢ
2333 2458 2614 2528 παλλακὴν
2630 2457 2992 2528 κτησάμενος,
3014 2460 3075 2513 οὐ
3104 2458 3325 2514 δύναται
3360 2456 3500 2516 εῖναι
3517 2466 3888 2537 ἐπίσκοποςῆ

599 2564 752 2615 nam,
791 2564 900 2604 non
940 2555 1120 2619 potest
1151 2563 1275 2604 esse
1301 2549 1590 2619 episcopus
1612 2550 1659 2581 ⁷⁸
1685 2589 1702 2615 ,
1756 2550 1839 2606 vel
1868 2550 2173 2621 presbyter,

2276 2549 2643 2621 πρεσϐύτερος
2692 2550 2726 2621 ἢ
2780 2549 3027 2615 διάκονος
3099 2550 3236 2616 ὅλως
3271 2553 3367 2606 τοῦ
3407 2556 3743 2628 καταλόγου
3791 2558 3890 2612 τοῦ

599 2643 683 2698 vel
714 2643 996 2707 diaconus,
1032 2641 1117 2697 vel
1148 2640 1374 2696 omnino
1402 2655 1471 2696 ex
1503 2657 1734 2697 numero
1764 2642 2115 2699 sacerdotali.
2278 2647 2574 2720 ἱερατικοῦ.

673 2734 739 2788 18
769 2732 904 2804 [l7].
935 2732 1039 2798 Qui
1078 2732 1299 2788 viduam
1331 2733 1537 2804 accepit
1568 2734 1640 2800 τι,
1679 2733 1767 2788 vel
1805 2734 2058 2804 ejectam,
2095 2734 2177 2789 vel

2355 2748 2422 2813 ιη’
2467 2741 2525 2796 '0
2554 2740 2728 2813 χήραν
2759 2740 2960 2806 λαϐὼν,
2987 2740 3020 2813 ἢ
3048 2740 3281 2811 ὲκϐεϐλη
3292 2741 3483 2813 μένην,
3504 2741 3541 2813 ἢ
3571 2742 3817 2813 ἑταίραν
3853 2740 3888 2813 ἢ

600 2825 943 2879 meretricem
962 2826 1029 2889 ⁷³,
1056 2825 1138 2880 vel
1157 2840 1394 2891 servam,
1418 2825 1501 2880 vel
1524 2826 1745 2879 mimam
1764 2841 1861 2882 seu
1881 2827 2177 2893 scenciam,

2277 2836 2499 2901 οἰκέτιν,
2529 2835 2563 2905 ἢ
2598 2834 2705 2888 τῶν
2732 2833 2826 2887 ἐπὶ
2883 2837 3109 2905 σκηνῆς,
3171 2835 3233 2888 οὐ
3273 2834 3499 2888 δύναται
3552 2830 3708 2888 εἶναι
3764 2835 3887 2887 έπί-

604 2931 711 2969 non
745 2926 922 2986 potest
956 2931 1080 2972 esse
1113 2918 1421 2989 presbyter,
1460 2918 1546 2973 vel
1576 2918 1901 2989 episcopus,
1946 2919 2029 2974 vel
2061 2920 2179 2975 dia-

2281 2943 2484 2990 σκοπος
2507 2926 2540 2995 ἢ
2572 2925 2940 2997 πρεσϐύτερος
2968 2925 3285 2998 ἢδιάκονος,
3307 2926 3496 2997 ἢὸλως
3524 2925 3627 2980 τοῦ
3650 2925 3888 2980 καταλό-

601 3024 798 3072 conus,
827 3010 913 3065 vel
947 3011 1173 3064 omnino
1198 3026 1263 3066 ex
1296 3027 1527 3066 numero
1551 3012 1895 3067 sacerdotali.

1198 3026 1263 3066 ex
1296 3027 1527 3066 numero
1551 3012 1895 3067 sacerdotali.
2280 3035 2379 3086 γου
2416 3015 2509 3070 τοῦ
2529 3015 2824 3087 ἱερατικοῦ.

672 3096 738 3152 19
768 3096 907 3169 [18].
936 3097 1039 3163 Qui
1062 3098 1200 3152 duas
1226 3114 1444 3154 sorores
1468 3099 1643 3165 duxit,
1664 3099 1743 3152 vel
1771 3098 2178 3162 consobrinam,

2357 3109 2421 3163 ιϐ’
2459 3108 2517 3162 '0
2537 3108 2629 3161 δύο
2643 3108 2876 3178 ἀδελφὰς
2899 3107 3217 3180 ἀγόμενοςῆ
3236 3109 3551 3181 ἀδελφιδῆν,
3570 3110 3637 3165 ού
3660 3109 3886 3165 δύναται

603 3204 711 3244 non
748 3198 926 3259 potest
949 3203 1069 3243 esse
1097 3189 1353 3244 clericus.
2209 3210 2231 3272 (

1101 3189 1353 3244 clericus.
2209 3209 2255 3272 C
2287 3196 2426 3259 εἶναι
2448 3200 2729 3272 κληρικός.

796 3279 1023 3335 Concilii
1051 3283 1352 3335 wcumenici
1378 3282 1516 3336 sexti
1547 3298 1772 3338 canones
1805 3283 1860 3350 5,
1901 3283 1987 3338 l2.
2406 3298 2424 3350 ;

2406 3295 2677 3350 Συνόδου
2715 3291 3141 3364 οὶκουμενικῆς
3167 3292 3347 3359 ἕκτης
3378 3292 3591 3348 κανὼν
3638 3300 3715 3364 γ’,
3754 3292 3842 3364 ιβ’.

1011 3374 1086 3428 De
1115 3374 1433 3445 presbyteris
1463 3386 1511 3429 et
1538 3376 1745 3432 clericis

2663 3385 2801 3455 Περὶ
2832 3385 3034 3454 ἱερέων
3058 3383 3157 3439 καὶ
3176 3384 3503 3453 κληρικῶν.

669 3467 726 3520 ’5.
756 3463 1025 3531 Quoniam
1061 3481 1191 3522 vero
1238 3468 1359 3536 pius
1410 3466 1726 3538 Christique
1761 3478 1977 3523 amator
2008 3468 2182 3537 impe-

2356 3485 2403 3547 γ’
2444 3478 2662 3549 Ἐπειδὴ
2686 3478 2742 3531 δὲ
2770 3478 2799 3531 ό
2824 3477 3054 3549 εὐσεϐὴς
3079 3477 3174 3531 καὶ
3204 3476 3553 3548 φιλόχριστος
3583 3477 3754 3549 ἡμῶν
3793 3475 3886 3547 βα-

605 3566 756 3612 rator
786 3558 1159 3627 nostemhanc
1177 3567 1422 3613 sanctam
1447 3568 1498 3613 et
1522 3560 1884 3616 universalem
1916 3560 2186 3632 synodum

2289 3569 2467 3631 σιλεὺς
2490 3571 2556 3639 τῇ
2579 3568 2712 3638 ἀγίᾳ
2743 3566 2921 3641 ταύτῃ
2958 3567 3055 3621 καὶ
3098 3568 3451 3638 οίκουμενικῇ
3481 3564 3883 3637 προσεφώνησε

607 3650 879 3705 allocutus
906 3657 1008 3715 est,
1038 3658 1095 3703 ut
1125 3664 1220 3704 eos
1239 3649 1345 3720 63
1371 3650 1465 3721 qui
1502 3650 1554 3704 in
1584 3652 1789 3706 clerum
1834 3653 1991 3706 relati
2035 3658 2186 3716 sunt,

2292 3660 2519 3731 συνόδῳ,
2553 3660 2694 3714 ὥστε
2728 3661 2854 3724 τοὺς
2904 3662 2963 3715 ὲν
3019 3659 3211 3731 κλήρῳ
3262 3658 3767 3729 καταλεγομένους,
3797 3657 3886 3710 καὶ

609 3742 733 3796 aliis
772 3742 955 3797 divina
989 3742 1401 3807 transmittunt,
1439 3758 1608 3813 puros
1638 3755 1692 3799 et
1724 3759 1754 3798 a
1794 3745 1953 3814 culpa
1986 3759 2051 3800 ac
2100 3759 2193 3798 re-

2291 3754 2474 3817 ἄλλοις
2536 3752 2606 3807 τὰ
2680 3752 2801 3806 θεῖα
2855 3750 3383 3822 διαπορθμεύοντας,
3417 3749 3707 3822 καθαροὺς
3753 3749 3883 3802 ἀπο-

608 3834 975 3905 prehensione
1012 3834 1222 3889 alienos
1277 3835 1564 3892 ministros
1615 3836 1886 3903 elliciant;
1943 3846 1998 3892 et
2045 3836 2192 3906 quod

2294 3843 2460 3913 φῆναι
2490 3842 2586 3897 καὶ
2616 3842 2964 3914 λειτουργοὺς
2991 3840 3280 3913 ἀμώμους,
3314 3840 3409 3896 καὶ
3441 3844 3547 3912 τῆς
3575 3841 3777 3911 νοερᾶς
3795 3834 3882 3891 τοῦ

610 3929 965 3999 intelligentia
999 3929 1320 3999 percipitur,
1348 3929 1530 3997 magni
1561 3929 1677 3995 Dei,
1710 3931 1803 4001 qui
1834 3938 1990 3985 estet
2016 3930 2193 3985 sacri-

2296 3932 2533 4003 μεγάλου
2561 3932 2698 3985 Θεοῦ
2748 3932 2841 3986 καὶ
2898 3931 3138 4003 θύματος
3187 3932 3283 3986 καὶ
3328 3932 3641 4003 ἀρχιερέως
3698 3929 3883 3990 θυσίας

613 4023 797 4076 tit-ium
857 4030 912 4078 et
971 4022 1211 4093 pontifex
1240 4063 1255 4088 ,
1313 4023 1587 4079 sacrificio
1617 4023 1850 4095 dignos;
1884 4031 1941 4079 et
1975 4039 2100 4095 quae
2128 4038 2194 4079 ex

2293 4023 2498 4089 ἀξίους,
2520 4022 2869 4094 ἀνακαθᾶραι
2888 4040 2949 4077 τε
2982 4025 3051 4077 τὰ
3081 4024 3139 4089 ἐξ
3169 4023 3425 4095 ἀθέσμων
3445 4024 3650 4092 γάμων
3678 4022 3882 4080 τούτοις

611 4113 837 4171 nefariis
864 4115 1067 4184 nuptiis
1091 4116 1156 4170 iis
1200 4116 1383 4171 inusta
1413 4124 1543 4171 sunt
1572 4118 1773 4185 probra
1811 4130 1875 4171 ac
1903 4116 2195 4181 dedecora,

2297 4118 2647 4188 ὲπιτριϐέντα
2678 4117 2847 4188 μύση·
2878 4118 3014 4189 πρὸς
3044 4115 3221 4188 τούτῳ
3240 4134 3300 4171 τε
3330 4116 3438 4171 τῶν
3480 4116 3588 4186 μὲν
3616 4116 3719 4186 τῆς
3756 4112 3881 4165 Ῥω-

613 4215 910 4276 repurgent
942 4223 955 4259 :
991 4215 1043 4260 et
1073 4216 1334 4276 praeterea
1381 4207 1476 4277 qui
1526 4217 1658 4263 sunt
1690 4193 2056 4263 sanctissimae
2086 4205 2200 4263 Ro-

2300 4212 2478 4281 μαίων
2531 4210 2846 4279 ἁγιωτάτης
2912 4207 3263 4276 Ἐκκλησίας,
3317 4208 3409 4262 τὸν
3434 4210 3539 4275 τῆς
3598 4202 3883 4277 ἀκριϐείας

612 4314 904 4352 manorum
958 4299 1203 4354 ecclesi'e
1265 4309 1473 4355 exacta:
1526 4298 1881 4369 perfectionis
1931 4315 2196 4355 canonem

2298 4302 2604 4372 τηρηθῆναι
2637 4299 2841 4353 κανόνα
2899 4297 3339 4370 προτιθεμένων,
3389 4297 3499 4351 τῶν
3555 4296 3615 4350 δὲ
3656 4294 3762 4350 ὑπὸ
3796 4290 3882 4344 τὸν

608 4391 942 4446 servandum
972 4398 1315 4462 proponant;
1340 4391 1433 4461 qui
1455 4407 1582 4447 vero
1604 4393 1707 4448 sub
1728 4392 1833 4447 hoc
1860 4398 1894 4447 a‘
1923 4391 2036 4447 Deo
2063 4407 2200 4448 con-

2298 4394 2397 4462 τῆς
2425 4390 2790 4459 θεοφυλάκτου
2820 4386 3025 4457 ταύτης
3068 4386 3164 4441 καὶ
3194 4385 3465 4457 βασιλίδος
3522 4385 3732 4446 πόλεως
3762 4377 3880 4451 θρόσ

614 4483 899 4539 servandze
933 4483 1250 4553 imperantis
1280 4484 1434 4540 urbis
1468 4485 1690 4552 throno,
1715 4485 1861 4555 quod
1887 4492 1972 4539 est
2001 4484 2200 4539 huma-
2230 4549 2242 4555 _

2252 4550 2267 4555 _
2301 4501 2412 4548 νον,
2436 4482 2530 4536 τὸν
2566 4483 2667 4553 τῆς
2712 4478 3125 4550 φιλανθρωπίας
3180 4477 3276 4532 καὶ
3318 4476 3689 4549 συμπαθείας,
3712 4474 3793 4536 είς
3826 4468 3880 4527 ἓν

618 4574 806 4628 uitatis
840 4583 893 4628 et
928 4576 1353 4641 misericordiae;
1378 4574 1668 4645 utriusque
1694 4584 1919 4645 paterne
1947 4582 2001 4628 et
2032 4574 2196 4629 simul
2228 4549 2246 4609 Ι

2246 4549 2277 4608 D
2302 4574 2590 4646 ἀμφότερα
2624 4549 2897 4643 ’μίξαντες
2957 4568 3243 4641 πατρικῶς
3270 4568 3407 4641 ὁμοῦ
3447 4570 3541 4623 καὶ
3598 4560 3874 4635 θεοφιλῶς,

618 4656 875 4737 religiose
903 4666 1101 4733 mistis,
1137 4674 1196 4721 ut
1224 4682 1401 4738 neque
1422 4668 1567 4737 quod
1592 4675 1677 4722 est
1708 4666 1840 4720 mite
1864 4681 1928 4720 ac
1947 4680 2199 4720 mansue-

2302 4667 2377 4729 ὼς
2413 4666 2551 4736 μήτε
2581 4664 2643 4717 τὸ
2662 4665 2835 4735 πρᾶον
2870 4662 3115 4726 ἔκλυτον,
3149 4662 3285 4732 μήτε
3341 4661 3542 4729 στῦφον
3574 4659 3637 4713 τὸ
3684 4656 3880 4720 αὐστη-

618 4768 761 4825 tum,
799 4760 1126 4816 dissolutum
1163 4779 1179 4816 :
1211 4777 1389 4831 neque
1415 4762 1562 4832 quod
1589 4770 1672 4817 est
1698 4770 2003 4825 austerum,
2037 4760 2200 4815 astri-

2304 4760 2395 4830 ρὸν
2421 4756 2864 4826 καταλείψοιμεν,
2893 4756 2988 4811 καὶ
3022 4757 3258 4826 μάλιστα
3285 4750 3379 4805 τοῦ
3402 4752 3463 4816 ἐξ
3492 4749 3716 4821 ἀγνοίας
3738 4741 3875 4799 πτώ-

619 4852 824 4905 ctivum
852 4852 1264 4922 relinquamus;
1296 4862 1350 4907 et
1376 4853 1616 4907 maxime
1645 4867 1770 4908 cum
1795 4868 1861 4907 ex
1888 4850 2197 4922 ignorantia

2304 4868 2473 4922 ματος
2500 4852 2579 4913 εις
2608 4850 2709 4903 ούκ
2740 4848 2936 4916 ὀλίγων
2979 4846 3189 4919 ἀνδρῶν
3219 4845 3427 4916 πλῆθος
3452 4844 3733 4915 διήκοντος
3767 4849 3878 4889 συν·

620 4943 811 5011 lapsus
847 4944 900 4997 in
923 4959 1030 4998 non
1048 4944 1300 5014 exiguam
1332 4945 1616 4999 horninum
1648 4944 2049 5000 multitudinem
2073 4959 2200 5014 per-

2309 4944 2545 5015 ορῶμεν,
2577 4941 2716 4996 ὥστε
2750 4941 2880 5005 τοῦς
2928 4940 3029 5012 μὲν
3064 4939 3187 4993 δυσὶ
3227 4939 3427 5008 γάμοις
3457 4930 3872 5007 περιπαρέντας.

624 5036 806 5098 vadat,
843 5034 1211 5100 decernimus,
1266 5042 1328 5089 ut
1375 5034 1468 5105 qui
1516 5034 1730 5090 duobus
1760 5035 1981 5105 quidem
2015 5032 2206 5088 matri-

2312 5036 2406 5090 καὶ
2437 5036 2599 5107 μέχρι
2639 5036 2739 5105 τῆς
2777 5031 3268 5087 πεντεκαιδεκάτου
3299 5028 3393 5083 τοῦ
3427 5022 3878 5123 διελθόντοςίιαν-

625 5132 829 5187 moniis
858 5132 1117 5203 implicati
1142 5132 1314 5199 fuere,
1349 5141 1406 5189 et
1433 5148 1609 5203 usque
1637 5132 1705 5187 ad
1738 5131 2012 5188 decimum
2039 5131 2204 5201 quin-

2310 5127 2562 5199 νουαρίου
2614 5125 2817 5196 μηνὸς,
2868 5124 2970 5194 τῆς
3031 5119 3409 5194 παρελθούσης
3459 5116 3502 5173 δ’
3539 5116 3872 5203 ίνδικτιῶνος,

629 5235 740 5279 ιιιιιι
774 5225 1036 5295 praeteriti
1095 5227 1302 5282 mensis
1348 5226 1591 5282 Januarii
1648 5226 1939 5298 praeteritae
1997 5231 2208 5295 quartae

2312 5197 2464 5289 ἔτους
2501 5221 2661 5294 ςργθ’
2689 5219 2823 5291 (l9),
2852 5217 3217 5279 δουλωθέντας
3258 5216 3326 5285 τῇ
3353 5212 3599 5285 ἁμαρτίᾳ
3620 5250 3634 5275 ,
3681 5205 3772 5261 καὶ
3807 5197 3875 5270 μὴ

703 5342 748 5371 ⁸⁸
784 5342 916 5465 υίεῖ
948 5343 1020 5423 ζὴ
1059 5340 1121 5396 Si
1160 5343 1277 5413 quis
1308 5354 1444 5415 post.
1506 5344 1552 5376 '°
1581 5345 1638 5397 S.
1669 5344 1836 5399 Basil.
1864 5358 1990 5399 can.
2029 5341 2116 5404 l9...
2160 5338 2229 5394 ad
2270 5337 2469 5408 Amph.
2531 5336 2577 5368 '”
2615 5334 2751 5391 Dist.
2779 5334 2814 5389 4
2849 5333 2910 5390 Si
2946 5333 3062 5403 quis
3091 5332 3281 5385 (luam.
3364 5330 3412 5361 τί
3444 5326 3578 5383 Vide
3613 5325 3712 5393 leg.
3740 5320 3792 5382 5,
3814 5314 3873 5368 άϐ

703 5429 844 5465 mma
920 5429 1024 5465 rm.

630 5427 844 5467 summa
872 5427 1024 5466 ἰἸΊη.

2140 5498 2369 5555 NOTAE.

709 5624 819 5693 (l8)
848 5622 987 5714 Aonni
1021 5622 1225 5714 CliLristi
1440 5623 1503 5714 Et
1532 5622 1610 5703 sic
1648 5623 1852 5714 conditi
1880 5622 1933 5676 hi
1970 5636 2212 5714 cano’nes

2380 5615 2485 5687 (19)
2507 5616 2797 5685 Perperam
2819 5614 2958 5683 apud
2983 5607 3336 5679 Beveregium
3358 5606 3508 5677 ςρθν.
3536 5601 3747 5659 Scilicet
3774 5602 3868 5645 tam

2325 5688 2462 5714 Α---ηι
2496 5685 2771 5714 num-Mn
2806 5684 3108 5714 unum...“
3183 5694 3348 5714 mm.“
3388 5678 3527 5714 nm“.
3565 5674 3868 5714 Nnmnmno.

636 5674 1567 5779 mbula"Sé‘p‘teiﬁbrivaLOurobu-i
1590 5674 1863 5779 annos
1887 5674 2047 5746 sum;
2071 5691 2214 5773 .Vide
2323 5674 2772 5779 auud'Bevégesii
2806 5674 3132 5779 Pandectals.
3157 5674 3867 5779 ἰξξυθιὲιηξξρξξίξὶ

631 5749 1023 5848 ’ζίιιιιηιιιιιιιὲιιι
1071 5778 1224 5844 ⁸ιιιιιιο
1413 5749 1769 5848 ‘L‘onstantiui
1826 5764 2107 5833 Pogonali,
2168 5771 2220 5814 et

2327 5749 2451 5813 nem
2486 5773 2610 5811 cum
2637 5749 2979 5809 Balsamonis
3019 5749 3266 5848 scholiisr.
3310 5749 3866 5848 numerorumitne'lm:

2335 5847 2339 5848 ,
2480 5828 2625 5848 ΔΑ»-.-
2652 5837 2664 5848 ι
2749 5824 2873 5848 l)...-.
2899 5841 2953 5848 η..
3007 5833 3184 5848 “unum.
3266 5835 3322 5848 ιιη
3375 5835 3469 5848 ιιι-η
3514 5831 3657 5848 erunt
3686 5824 3741 5848 IIQ

638 5810 1240 5890 Διί-ι,ιιιιιιίθζιῖίειίιιιιιιμ
1277 5810 1628 5888 lla'rtluinus.“
1674 5810 1769 5818 mn
1826 5810 1846 5819 ’
1904 5810 1966 5833 ον
1995 5810 2042 5817 ’κ
2095 5810 2107 5825 ’
2332 5846 2438 5883 non
2472 5828 2691 5882 desum.
2749 5824 2955 5893 Krause
3005 5833 3185 5875 autem
3216 5817 3473 5872 Trullana
3514 5810 3741 5885 synodus
3775 5814 3837 5854 "0
