4122 6484
342 362 453 426 513

984 362 1381 423 SYNTAGMA
1434 361 1823 423 CANONUM.
1852 387 1920 396 —
1945 360 2094 421 TIT.
2137 357 2188 434 Ι,
2226 359 2381 421 CAP.
2414 360 2605 435 XXII,
2647 360 2873 421 XXIII.

3508 362 3611 427 5M

340 473 577 540 ἑκνῆψαι
607 470 807 540 ταύτης
838 472 1238 540 προελομένους
1261 511 1274 535 ,
1320 470 1636 541 καθαιρέσει
1676 473 1930 543 κανονικῇ

2038 470 2350 526 indictionls
2394 470 2550 541 (18),
2591 470 2719 523 anni
2775 469 2874 533 [πί.
2905 469 3068 541 6197]
3125 472 3302 527 sexies
3338 474 3609 530 millesimi

341 563 656 616 ὑποϐαλεῖν·
687 564 813 625 τοὺς
845 561 901 613 δὲ
930 561 1007 631 τῷ
1032 561 1259 632 τοιούτῳ
1291 562 1388 633 μὲν
1421 563 1519 633 τῆς
1550 563 1807 633 διγαμίας
1835 564 1932 616 πά-

341 655 426 707 θει
470 652 889 725 περιπεσόντας,
925 653 1031 719 πρὸ
1072 653 1127 706 δὲ
1164 653 1263 724 τῆς
1290 654 1450 724 ἡμῶν
1481 653 1831 722 ἐπιγνώσεως
1867 654 1929 706 τὸ

343 744 624 814 συμφέρον
656 742 1052 817 ἐπεγνωκότας,
1080 745 1175 797 καὶ
1201 744 1262 796 τὸ
1293 744 1463 797 κακὸν
1494 742 1553 809 ἐξ
1583 744 1794 798 ἑαυτῶν
1831 763 1928 798 πε-

344 833 693 905 ρικόψαντας,
738 833 825 885 καλ
858 834 1048 903 πόρρω
1080 834 1179 902 τὴν
1210 832 1367 903 ξένην
1388 834 1597 905 ταύτην
1637 836 1732 886 καὶ
1776 833 1929 887 νόθον

342 924 666 996 συμπλοκὴν
700 922 1083 989 ἐκδιώξαντας·
1118 925 1151 994 ἦ
1185 926 1278 977 καὶ
1301 918 1376 978 ὧν
1400 926 1456 979 αἱ
1496 926 1636 978 κατὰ
1677 924 1929 996 δεύτερον

342 1017 524 1087 γάμον
551 1018 806 1083 γυναῖκες
822 1016 923 1087 ἤδη
952 1016 1424 1086 τετελευτήκασιν,
1447 1016 1480 1088 ἢ
1510 1021 1604 1071 καὶ
1627 1018 1785 1071 αὐτοὶ
1806 1021 1928 1070 ἐπι-

342 1108 587 1179 στροφὴν
614 1102 774 1169 εἶδον,
809 1107 1218 1177 μεταμαθόντες
1260 1107 1357 1179 τὴν
1398 1109 1784 1180 σωφροσύνην,
1836 1109 1929 1162 καὶ

340 1201 453 1253 τῶν
484 1196 673 1270 πρώην
701 1199 883 1261 αὐτοῖς
909 1198 1409 1270 παρανομηθέντων
1435 1201 1649 1271 ταχέως
1681 1201 1930 1255 ἐπιλαθό-

345 1307 524 1360 μενοι,
580 1288 689 1341 εἴτε
725 1288 1087 1361 πρεσϐύτεροι
1118 1292 1229 1343 εἴτε
1260 1290 1498 1344 διάκονοι
1537 1291 1690 1355 ὄντες
1728 1294 1929 1362 τυγχά·

342 1399 508 1446 νοιεν,
526 1380 747 1443 τούτους
764 1380 908 1445 ἔδοξε
937 1381 1246 1436 πεπαῦσθαι
1290 1384 1388 1453 μὲν
1435 1383 1617 1453 πάσης
1649 1384 1927 1454 ἱερατικῆς

342 1474 710 1544 λειτουργίας,
735 1474 854 1543 ἤτοι
874 1474 1176 1543 ἐνεργείας,
1211 1474 1312 1544 ἤδη
1344 1475 1437 1526 ἐπὶ
1465 1476 1625 1544 ῥητόν
1651 1492 1773 1526 τινα
1803 1475 1928 1545 χρό-

342 1583 434 1618 νον
464 1565 912 1635 ἐπιτιμηθέντας·
955 1568 1053 1635 τῆς
1090 1564 1148 1617 δὲ
1197 1565 1365 1634 τιμῆς
1389 1566 1487 1635 τῆς
1536 1565 1681 1619 κατὰ
1710 1567 1807 1635 τὴν
1834 1584 1929 1619 κα-

344 1657 547 1724 θέδραν
601 1657 696 1707 καὶ
730 1656 918 1707 στάσιν
971 1654 1240 1724 μετέχειν,
1283 1654 1651 1724 ἀρκουμένους
1695 1659 1755 1723 τῇ
1796 1672 1931 1725 προ-

341 1748 499 1817 εδρίᾳ
553 1749 647 1799 καὶ
688 1747 1121 1816 προσκλαίοντας
1168 1747 1246 1816 τῷ
1288 1748 1478 1818 Κυρίῳ
1510 1748 1929 1818 συγχωρηθῆναι

340 1840 529 1902 αὐτοῖς
579 1839 640 1891 τὸ
669 1840 734 1892 ὲκ
777 1839 876 1908 τῆς
910 1838 1135 1906 ἀγνοίας
1192 1837 1473 1908 ἀνόμημα.
1526 1838 1789 1907 Εύλογεῖν
1819 1838 1928 1909 γὰρ

340 1929 551 2000 ἕτερον,
586 1929 676 1982 τὸν
708 1929 776 1983 τὰ
804 1931 979 1982 οἰκεῖα
1013 1927 1268 1999 τημελεῖν
1299 1929 1587 1998 ὀφείλοντα
1613 1929 1927 1999 τραύματα,

338 2024 725 2078 ἀνακόλουθονο
762 2025 890 2088 τοὺς
922 2024 1019 2093 μέν
1043 2041 1124 2076 τοι
1150 2026 1363 2094 γαμετῇ
1388 2023 1487 2092 μὲν
1513 2027 1611 2096 μιᾷ
1636 2023 1932 2091 συναφθέν-

339 2115 545 2183 τας,χή
557 2131 623 2184 ρα
646 2114 704 2166 δὲ
728 2115 760 2183 ἡ
781 2113 1195 2185 προσληφθεῖσα
1219 2112 1513 2182 ἐτύγχανεν
1534 2114 1567 2184 ἢ
1591 2112 1931 2183 ἐκϐεϐλημέ-

341 2221 428 2273 νη,
448 2203 716 2266 ὡσαύτως
738 2204 793 2256 δὲ
818 2205 910 2257 καὶ
934 2206 1058 2266 τοὺς
1087 2204 1224 2275 μετὰ
1260 2204 1359 2275 τὴν
1409 2204 1740 2276 χειροτονίαν
1766 2205 1931 2274 γάμῳ

343 2294 423 2347 ἑνὶ
444 2294 750 2364 παρανόμῳ
772 2295 1302 2366 προσομιλήσαντας,
1330 2298 1579 2351 τουτέστι
1629 2295 1933 2366 πρεσϐυτέ-

344 2407 495 2461 ρους,
515 2389 615 2442 καὶ
629 2389 930 2457 διακόνους,
949 2389 1043 2443 καὶ
1061 2391 1469 2455 ὑποδιακόνους,
1488 2390 1589 2460 ἥδη
1610 2391 1701 2440 ἐπὶ
1726 2387 1929 2458 βραχύν

340 2498 461 2534 τινα
508 2480 704 2550 χρόνον
737 2479 1052 2550 εἱρχθέντας
1084 2481 1179 2550 τῆς
1220 2481 1371 2552 ἱερᾶς
1424 2477 1800 2549 λειτουργίας,
1838 2477 1931 2529 καὶ

342 2572 791 2643 ἐπιτιμηθέντας,
821 2570 974 2634 αὖθις
997 2572 1191 2635 αὐτοὺς
1210 2573 1269 2625 ἐν
1286 2574 1398 2633 τοῖς
1413 2571 1634 2633 οἰκείοις
1651 2571 1932 2622 ἀποκατα-

344 2668 537 2734 στῆναι
577 2664 827 2734 βαθμοῖς,
888 2665 1153 2735 μηδαμῶς
1184 2667 1240 2717 ὲν
1274 2664 1459 2735 ἑτέρῳ
1491 2663 1696 2733 μείζονι
1732 2661 1933 2732 προκό-

344 2772 583 2819 πτοντας
632 2754 845 2824 βαθμῷ·
909 2754 1193 2825 προδήλως
1227 2754 1575 2815 διαλυθέντος
1624 2751 1811 2814 αὐτοῖς
1837 2750 1932 2803 τοῦ

345 2846 592 2916 ἀθέσμου
650 2845 1007 2901 συνοικεσίου.
1041 2846 1231 2899 Ταῦτα
1259 2847 1317 2899 δὲ
1366 2848 1480 2909 τοῖς
1529 2846 1932 2915 καταληφθεῖσι

349 2939 505 3008 μέχρι
536 2938 639 3008 τῆς
670 2937 1159 2991 πεντεκαιδεκάτου
1208 2938 1284 3001 ὡς
1311 2939 1522 3009 εἴρηται
1543 2937 1635 2991 τοῦ
1699 2938 1936 2991 Ἰανουα-

351 3031 463 3100 ρίου
520 3028 786 3100 μηνὸς,δ’
849 3030 1199 3096 ἱνδικτιῶνος,
1256 3032 1313 3083 ὲν
1368 3034 1482 3094 τοῖς
1540 3031 1935 3103 προδηλωθείσι

344 3122 659 3203 πταίσμασι
713 3123 808 3174 καὶ
867 3121 1049 3192 μόνον,
1098 3123 1388 3193 ἱερατικῶς
1434 3122 1509 3197 (1)
1549 3123 1931 3192 ὲτυπώσαμεν,

350 3219 634 3290 ὁρίζοντες
689 3218 798 3272 ἀπὸ
850 3217 945 3270 τοῦ
1006 3219 1272 3290 παρόντος
1307 3219 1403 3272 καὶ
1426 3218 1812 3289 ἀνανεούμενοι
1844 3218 1935 3270 τὸν

348 3311 551 3364 κανόνα
582 3310 674 3363 τὸν
708 3309 1113 3379 διαγορεύοντα,
1145 3309 1237 3363 τὸν
1280 3310 1401 3363 δυσὶ
1439 3312 1638 3379 γάμοιν
1688 3309 1937 3379 συμπλα-

350 3402 509 3455 κέντα
541 3402 683 3472 μετὰ
703 3401 762 3454 τὸ
785 3400 1087 3471 βάπτισμα,
1108 3401 1141 3471 ἢ
1174 3401 1455 3472 παλλακὴν
1477 3401 1840 3472 κτησάμενον,
1862 3400 1936 3470 μὴ

348 3494 609 3547 δύνασθαι
633 3490 769 3546 εἶναι
789 3492 1088 3545 ἐπίσκοπον
1109 3492 1141 3562 ἢ
1170 3493 1541 3564 πρεσϐύτερον
1563 3493 1595 3564 ἢ
1614 3493 1881 3557 διάκονον,
1902 3492 1933 3563 ἢ

350 3586 483 3648 ὅλως
500 3584 601 3637 τοῦ
642 3584 946 3652 καταλόγου
972 3583 1066 3637 τοῦ
1118 3583 1418 3653 ἱερατικοῦ.
1460 3582 1736 3645 Ὡσαύτως
1761 3582 1816 3633 δὲ
1844 3584 1937 3634 καὶ

350 3677 435 3727 τὸν
453 3678 633 3746 χήραν
660 3675 912 3739 λαϐόντα,
936 3675 969 3746 ἢ
1001 3674 1434 3746 ἐκϐεϐλημένην,
1458 3675 1491 3745 ἢ
1525 3675 1770 3745 ἑταίραν,
1797 3674 1829 3742 ἥ
1862 3674 1935 3725 οξ-

351 3771 519 3833 κέτιν,
546 3769 581 3838 ἢ
602 3768 708 3819 τῶν
742 3770 835 3821 ἐπ)⁸
862 3768 1090 3837 σκηνῆς,
1134 3767 1209 3838 μὴ
1238 3766 1503 3821 δύνασθαι
1534 3763 1674 3820 εἶναι
1706 3765 1932 3817 ἐπίσκο-

352 3877 449 3912 πον
474 3861 507 3931 ἢ
564 3859 934 3931 πρεσϐύτερον
964 3859 998 3930 ἢ
1028 3858 1296 3924 διάκονον,
1324 3857 1359 3929 ἢ
1391 3857 1527 3921 ὅλως
1574 3855 1669 3910 τοῦ
1701 3855 1933 3910 καταλό-

350 3969 447 4020 γου
466 3953 566 4006 τοῦ
601 3951 898 4021 ἱερατικοῦ.

422 4042 484 4095 ιϐ’
526 4043 639 4096 Καὶ
668 4041 824 4095 τοῦτο
882 4041 939 4095 δὲ
969 4042 1050 4105 εἱς
1076 4041 1277 4110 γνῶσιν
1328 4039 1602 4112 ἡμετέραν
1633 4034 1829 4111 ἦλθεν,
1856 4038 1933 4101 ὡς

350 4134 406 4188 ὲν
433 4138 495 4207 τῇ
540 4135 774 4204 Ἀφρικῇ
808 4133 905 4185 καὶ
934 4132 1108 4204 Λιϐύῃ
1143 4133 1236 4185 καὶ
1265 4131 1468 4202 ἑτέροις
1497 4130 1704 4196 τόποις,
1749 4131 1799 4181 οἱ
1823 4128 1932 4181 τῶν

323 4227 528 4296 μὲιείσε
563 4226 972 4295 θεοφιλέστατοι
1009 4224 1284 4295 πρόεδροι,
1316 4224 1585 4276 συνοικεῖν
1624 4223 1745 4285 ταῖς
1775 4219 1931 4283 ἰδίαις

351 4319 614 4389 γαμεταῖς
644 4318 740 4370 καὶ
769 4317 907 4386 μετὰ
936 4316 1035 4386 τὴν
1064 4316 1151 4368 ἐπ’
1186 4316 1367 4377 αὐτοῖς
1404 4311 1774 4385 προελθοῦσαν
1817 4328 1929 4382 χει-

357 4412 597 4479 ροτονίαν
617 4408 678 4461 οὐ
721 4404 1133 4477 παραιτοῦνται,
1188 4404 1523 4473 πρόσκομμα
1586 4404 1697 4464 τοῖς
1750 4400 1930 4464 ἄλλοις

352 4502 590 4564 τιθέντες
620 4498 852 4553 ἐνταῦθα
891 4498 984 4551 καὶ
1042 4496 1364 4550 σκάνδαλον.
1398 4494 1609 4564 Πολλῆς
1659 4488 1753 4547 οῦν
1795 4494 1928 4564 ἡμῖν

2040 559 2325 615 centesimi
2358 560 2512 623 noni,
2548 569 2773 628 peccato
2828 560 3174 625 servierunt,
3223 571 3277 615 et
3307 580 3417 617 non
3449 566 3518 618 ab
3547 583 3614 620 ro

2034 652 2358 721 resipiscere
2384 652 2701 714 voluerunt,
2757 652 3085 722 depositioni
3113 654 3393 709 canonica:
3432 657 3551 725 subj
3565 660 3610 710 i-

2031 759 2189 809 cere;
2227 758 2320 798 eos
2348 752 2553 809 autem,
2579 744 2672 812 qui
2710 729 2833 799 talis
2867 746 3087 813 quidem
3128 746 3378 812 bigamiaz
3411 750 3612 817 probro

2030 848 2095 886 ac
2144 831 2400 887 dedecori
2437 832 2700 901 implicati
2760 833 2911 887 luere
2934 873 2950 899 ,
2987 843 3114 890 ante
3144 847 3391 890 nostrum
3427 848 3608 892 autem

2030 922 2310 976 decretum
2339 922 2391 977 id
2422 923 2567 992 quod
2601 922 2730 978 utile
2758 933 2840 979 est
2864 936 3225 995 agnoverunt,
3254 935 3307 980 et
3338 930 3540 983 malum
3580 946 3611 983 a

2030 1026 2090 1066 se
2120 1012 2492 1080 absciderunt,
2546 1024 2599 1069 et
2653 1014 2794 1069 hanc
2844 1016 3211 1070 adulterinam
3269 1027 3324 1072 et
3376 1019 3609 1074 alienant

2031 1105 2475 1175 congressionem
2523 1107 2708 1175 procul
2743 1108 3076 1178 abegerunt;
3139 1110 3223 1163 vel
3282 1124 3378 1164 eos
3420 1113 3609 1175 etiam,

2030 1212 2269 1266 quorum
2298 1211 2500 1252 uxores
2549 1199 2603 1251 in
2651 1200 2905 1255 secundis
2962 1202 3166 1270 nuptiis
3209 1203 3323 1271 jam
3378 1215 3611 1259 mortua:

2030 1300 2197 1355 sunt;
2229 1289 2317 1343 vel
2350 1289 2454 1359 ipsi
2482 1289 2646 1343 etiam
2674 1290 2740 1344 ad
2777 1293 3187 1347 conversionem
3230 1307 3609 1364 respexcrmit,

2029 1392 2083 1436 et
2151 1381 2547 1435 continentiam
2583 1382 2930 1450 didicerunt,
2998 1395 3052 1439 et
3083 1387 3326 1454 priorum
3381 1404 3609 1444 suorunt

2032 1473 2382 1542 iniquitatum
2412 1475 2564 1528 obliti
2606 1482 2756 1538 sunt,
2811 1476 2923 1531 sive
2973 1478 3444 1550 sintpresbyteri,
3494 1482 3611 1537 site

2029 1565 2267 1628 diaconi,
2293 1580 2387 1620 eos
2421 1566 2490 1620 ab
2516 1567 2665 1619 omni
2702 1568 2917 1636 quidem
2946 1571 3268 1625 sacerdotali
3301 1573 3610 1628 ministerio

2030 1654 2141 1727 64
2184 1658 2299 1710 sive
2356 1658 2616 1712 exercitio
2650 1658 2762 1727 jam
2824 1675 3073 1724 cessare,
3114 1663 3380 1731 praeﬁnito
3425 1665 3614 1735 aliquo

2034 1757 2277 1817 tempore
2317 1750 2560 1818 punitos.
2611 1750 2879 1803 honorum
2913 1762 3091 1805 autem
3140 1753 3193 1805 in
3246 1755 3504 1810 cathedra
3554 1765 3611 1810 ιιι

2033 1840 2273 1894 statione
2300 1840 2652 1909 participare,
2678 1841 2855 1910 prima
2888 1843 3016 1895 sede
3041 1852 3358 1909 contentos;
3397 1854 3451 1898 ct
3484 1862 3607 1899 cum

2033 1928 2157 1983 ﬂetu
2184 1944 2215 1983 a
2238 1930 2462 1985 domino
2505 1933 2865 2001 postulantes,
2920 1942 2977 1987 ut
3005 1934 3084 1988 eis
3115 1935 3453 1988 condonetur
3484 1952 3611 2005 pet--

2031 2031 2213 2076 catum
2236 2022 2578 2094 ignorantiae.
2606 2021 2794 2095 Neque
2826 2024 2971 2077 enim
2995 2026 3277 2087 convenit,
3304 2038 3362 2079 ut
3389 2027 3433 2080 is
3454 2028 3608 2081 alteri

2031 2112 2342 2179 benedicat,
2376 2114 2469 2184 qui
2522 2115 2680 2170 debet
2729 2118 2947 2187 propria
3000 2133 3195 2173 curare
3226 2119 3474 2175 vulnera.
3507 2120 3617 2176 Eos

2033 2219 2186 2269 vero,
2219 2206 2312 2274 qui
2348 2207 2439 2259 uni
2479 2206 2699 2275 quidem
2736 2208 2894 2261 uxori
2925 2209 3161 2276 c0pulati
3191 2219 3341 2275 sunt,
3369 2211 3413 2264 si
3453 2209 3613 2265 vidua

2032 2303 2172 2359 erat,
2205 2312 2326 2366 quae
2360 2306 2584 2366 accepta
2611 2307 2696 2353 est
2725 2316 2738 2353 :
2772 2298 3023 2353 similiter
3076 2307 3132 2355 et
3162 2315 3257 2355 eos
3282 2340 3298 2365 ,
3344 2302 3439 2371 qui
3489 2317 3614 2372 pust

2033 2387 2434 2442 ordinationem
2465 2389 2560 2443 uni
2614 2393 2966 2445 matrimonio
3013 2406 3073 2445 se
3116 2393 3479 2463 applicarunt,
3511 2395 3614 2449 hoc

2033 2490 2137 2544 est,
2171 2480 2542 2551 presbyteros,
2574 2480 2858 2549 diaconos,
2894 2494 2946 2537 et
2980 2484 3406 2553 hypodiaconos,
3462 2487 3611 2542 brevi

2038 2568 2226 2639 aliquo
2264 2577 2512 2639 tempore
2545 2586 2573 2624 a
2608 2586 2767 2626 sacro
2800 2572 3104 2627 ministerio
3142 2577 3450 2642 prohibitos
3479 2617 3494 2642 ,
3559 2587 3614 2632 ri.

2034 2661 2280 2731 punitos,
2308 2678 2503 2718 rursus
2532 2664 2767 2733 propriis
2791 2665 3049 2735 gradibus
3074 2667 3311 2732 restitui,
3346 2668 3412 2721 ad
3447 2669 3613 2722 alium

2035 2752 2264 2824 gradum
2298 2770 2643 2825 nequaquam
2675 2757 3094 2825 promovendos,
3130 2759 3209 2813 eis
3234 2759 3443 2814 nefario
3470 2761 3622 2816 vidc-

2034 2845 2161 2900 licet
2199 2844 2466 2901 dissoluto
2496 2846 2775 2918 conjugio.
2817 2846 2941 2903 Haec
2968 2858 3149 2902 autem
3182 2850 3236 2902 in
3277 2851 3361 2904 his
3396 2852 3488 2920 qui
3518 2852 3615 2906 de-

2034 2937 2289 3007 prehensi
2315 2949 2443 2993 sunt
2459 2954 2633 3009 usque
2655 2940 2723 2994 ad
2749 2941 3017 2996 decimum
3041 2941 3314 3010 quintum,
3335 2953 3393 2996 ut
3412 2943 3616 2997 dictum

2034 3041 2139 3095 est,
2174 3032 2380 3085 mensis
2426 3028 2676 3086 Januarii
2708 3042 2919 3102 quartae
2976 3032 3312 3099 indictionis,
3354 3035 3407 3089 in
3466 3036 3619 3104 prius

2035 3120 2326 3176 declaratis
2362 3122 2597 3185 delictis,
2628 3124 2802 3179 solum
2836 3126 3017 3179 valere
3052 3125 3372 3191 statuimus;
3421 3126 3620 3182 abhinc

2037 3210 2354 3266 deﬁnientes
2385 3219 2440 3266 et
2469 3223 2799 3269 renovanles
2821 3229 3087 3268 canonem
3113 3215 3181 3279 ⁷³,
3216 3214 3311 3284 qui
3336 3215 3468 3269 dicit
3493 3233 3618 3270 eum

2040 3303 2132 3373 qui
2169 3304 2385 3359 duobus
2419 3306 2787 3361 matrimoniis
2816 3317 2937 3376 post
2956 3307 3282 3377 baptismum
3311 3307 3625 3377 implicatus

2040 3393 2223 3457 fuerit,
2253 3396 2337 3449 vel
2371 3396 2737 3450 concubinam
2775 3397 3070 3463 habuerit,
3134 3412 3242 3451 non
3297 3413 3456 3466 posse
3497 3413 3622 3454 esse

2038 3487 2355 3556 episcopum
2382 3526 2398 3552 ,
2448 3488 2530 3542 vel
2584 3489 2969 3560 presbyterum
3000 3530 3016 3554 ,
3069 3490 3155 3544 vel
3188 3490 3502 3552 diaconum,
3534 3492 3621 3545 vel

2039 3578 2265 3633 omnino
2292 3594 2355 3633 ex
2380 3580 2705 3634 sacerdotali
2731 3580 2999 3651 catalogo.
3027 3581 3290 3635 Similiter
3314 3590 3369 3636 et
3406 3582 3499 3651 qui
3540 3584 3621 3635 vi-

2038 3668 2201 3720 duam
2232 3662 2464 3736 accepit,
2497 3669 2582 3723 vel
2605 3667 2910 3733 dimissam,
2957 3668 3039 3722 vel
3092 3670 3470 3733 meretricem,
3536 3671 3622 3724 vel

2036 3772 2273 3823 servam,
2311 3759 2396 3812 vel
2426 3758 2726 3824 scenicam,
2787 3774 2896 3813 non
2930 3773 3093 3828 posse
3130 3772 3251 3813 esse
3279 3758 3621 3827 episcopum,

2036 3847 2119 3900 vel
2144 3848 2546 3919 presbyterum,
2574 3850 2661 3905 vel
2689 3849 3007 3918 diaconum,
3035 3849 3119 3906 vel
3158 3850 3385 3906 omnino
3431 3868 3495 3907 ex
3531 3867 3622 3907 sa-

2034 3940 2298 3996 cerdotali
2328 3943 2599 4012 catalogo.

2106 4030 2192 4084 12.
2228 4030 2413 4086 Porro
2439 4032 2544 4087 hoc
2570 4032 2619 4064 ⁷⁵
2641 4046 2863 4103 quoque
2885 4033 2950 4087 ad
2974 4039 3221 4087 nostram
3252 4033 3620 4103 cognitionem

2032 4126 2302 4193 pervenit,
2334 4125 2480 4195 quod
2510 4127 2564 4179 in
2597 4124 2784 4179 Africa
2807 4133 2862 4179 et
2883 4124 3052 4195 Libya
3085 4134 3141 4179 et
3172 4124 3295 4178 aliis
3326 4124 3463 4179 loeis
3491 4126 3617 4195 qui-

2031 4215 2156 4269 dam
2187 4232 2252 4270 ex
2294 4216 2383 4280 iis,
2420 4215 2535 4286 qui.
2566 4216 2680 4271 illic
2709 4225 2863 4281 sunt,
2906 4214 3311 4284 religiosissimi
3354 4217 3622 4284 przcsulvs

2031 4324 2155 4363 cum
2186 4308 2424 4378 pr0priis
2481 4307 2747 4363 uxoribus
2776 4346 2793 4372 ,
2846 4307 3009 4361 etiam
3059 4315 3348 4374 postquam
3398 4304 3505 4374 65
3550 4306 3618 4359 ad

2029 4416 2126 4456 eos
2150 4400 2422 4470 processit
2448 4400 2743 4464 ordinatio,
2772 4415 2879 4453 una
2912 4399 3157 4453 habitare
3188 4413 3298 4451 non
3329 4408 3608 4463 recusant,

2029 4508 2097 4548 ex
2118 4508 2184 4548 eo
2214 4493 2429 4564 populis
2458 4492 2849 4548 oﬂ‘endiculum
2876 4500 2930 4546 et
2949 4490 3270 4546 scandalum
3294 4489 3600 4545 afferentes.

355 4593 585 4665 σπουδῆς
616 4591 803 4661 οὔσης,
835 4590 928 4643 τοῦ
975 4589 1156 4643 πάντα
1208 4588 1345 4659 πρὸς
1372 4586 1638 4655 ὠφέλειαν
1687 4585 1794 4638 τῶν
1825 4583 1929 4637 ὑπὸ

2032 4585 2169 4641 Cum
2199 4586 2385 4657 itaque
2418 4586 2661 4642 studium
2689 4594 2939 4639 nostrum
2966 4584 3021 4638 in
3053 4597 3119 4637 eo
3146 4597 3476 4651 magnopere
3516 4582 3609 4635 la—

353 4691 504 4759 χείρα
528 4687 798 4756 ποιμνίων
824 4682 1275 4757 διαπράττεσθαι,
1294 4681 1472 4746 ἔδοξεν
1495 4680 1635 4733 ὥστε
1659 4678 1929 4751 μηδαμῶς

356 4793 406 4829 τι
430 4777 669 4831 τοιοῦτον
697 4776 804 4829 ἀπὸ
832 4776 926 4828 τοῦ
971 4773 1066 4829 νῦν
1096 4771 1400 4842 γίγνεσθαι.
1433 4769 1604 4822 Τοῦτο
1632 4768 1690 4821 δέ
1724 4784 1926 4837 φαμεν,

356 4870 450 4922 οὐκ
472 4870 560 4924 ἐπ’
588 4869 845 4940 ἁθετήσει
875 4867 908 4939 ἢ
936 4868 1214 4937 ἀνατροπῇ
1240 4864 1348 4917 τῶν
1376 4861 1750 4923 ἁποστολικῶς
1781 4876 1928 4912 νενο-

362 4963 770 5033 μοθετημένων,
799 4960 935 5015 ἀλλὰ
966 4962 1068 5031 τῆς
1130 4957 1404 5028 σωτηρίας
1454 4956 1549 5009 καὶ
1604 4954 1705 5023 τῆς
1733 4955 1826 5006 ἐπὶ
1867 4953 1929 5005 τὸ

359 5059 596 5123 κρεῖττον
647 5054 933 5127 προκοπῆς
972 5052 1084 5105 τῶν
1132 5050 1278 5103 λαῶν
1316 5045 1761 5119 προμηθούμενοι
1794 5084 1809 5109 ,
1835 5044 1928 5097 καὶ

359 5147 447 5199 τοῦ
489 5152 561 5220 μὴ
592 5148 775 5202 δοῦναι
808 5148 996 5218 μῶμον
1024 5144 1146 5198 τινὰ
1185 5143 1328 5197 κατὰ
1373 5143 1471 5213 τῆς
1507 5140 1785 5210 ἱερατικῆς
1827 5153 1928 5190 κα-

361 5241 684 5303 ταστάσεως.
722 5239 860 5306 Φῆσὶ
912 5237 1021 5305 γὰρ
1073 5236 1101 5287 ό
1160 5234 1304 5295 θεῖος
1341 5230 1696 5292 Ἀπόστολος·
1726 5227 1928 5281 Πάντα

364 5330 435 5392 εὶς
465 5329 648 5396 δόξαν
679 5330 827 5385 Θεοῦ
855 5328 1095 5391 ποιεῖτε,
1138 5327 1518 5394 ἀπρόσκοποι
1549 5324 1788 5395 γίνεσθε
1827 5319 1925 5373 καὶ

376 5418 677 5491 Ἰουδαίοις
699 5424 799 5478 καὶ
818 5423 1077 5489 ’Ἑλληοί
1100 5420 1200 5475 καὶ
1219 5420 1292 5489 τῇ
1310 5420 1643 5487 Ἐκκλησία
1654 5415 1760 5470 τοῦ
1780 5414 1927 5469 Θεοῦ

433 5555 475 5588 ⁷⁸
499 5557 630 5614 Can.
661 5567 839 5629 apost.
870 5558 934 5611 l7
964 5558 1049 5614 18.

2033 4677 2213 4744 boret,
2232 4686 2294 4731 ut
2320 4677 2505 4731 omnia
2539 4676 2605 4731 ad
2644 4676 2822 4747 gregis
2859 4674 2912 4728 in
2945 4689 3140 4728 manus
3168 4680 3386 4728 nostras
3426 4673 3608 4727 traditi

2028 4769 2298 4839 nobisque
2347 4768 2632 4825 commissi
2670 4768 2958 4822 utilitatem
3002 4765 3171 4830 ﬁant,
3222 4764 3381 4819 nobis
3428 4764 3607 4819 visunt

2027 4873 2131 4925 est,
2153 4868 2213 4915 ιιι
2241 4860 2378 4915 nihil
2408 4860 2681 4930 ejusmodi
2717 4861 2977 4929 deinceps
3006 4858 3117 4912 ullo
3151 4857 3316 4911 modo
3348 4855 3459 4911 ﬁat.
3494 4855 3610 4910 Hoc

2027 4965 2209 5009 autem
2241 4954 2478 5010 dicimus
2505 4994 2518 5019 ,
2561 4969 2669 5006 non
2721 4952 2788 5006 ad
2833 4968 2897 5006 ea
2928 4951 3190 5005 abolenda
3231 4962 3287 5003 et
3316 4952 3609 5004 evertenda

2029 5063 2151 5115 quae
2185 5045 2481 5115 apostolice
2504 5053 2662 5098 antea
2702 5045 3007 5099 constituta
3047 5051 3176 5098 sunt
3209 5042 3275 5107 ⁷⁵,
3310 5043 3407 5098 sed
3437 5058 3613 5112 popu-

2030 5137 2205 5189 lorum
2258 5133 2452 5189 salutis
2504 5141 2558 5187 et
2600 5132 2669 5186 ad
2703 5134 2931 5187 meliora
2984 5131 3387 5203 progressionis
3420 5146 3609 5185 curam

2029 5234 2299 5296 gerentes,
2334 5236 2478 5278 etne
2502 5232 2680 5277 status
2706 5224 3111 5279 ecclesiasticus
3142 5223 3235 5277 illo
3261 5224 3460 5291 probro
3490 5222 3608 5275 alli-

2028 5316 2223 5369 ciatur.
2272 5312 2413 5367 Dicit
2460 5314 2604 5367 enim
2660 5314 2879 5368 divinus
2933 5314 3269 5383 Apostolus:
3308 5311 3497 5366 Omnia
3538 5311 3608 5363 ad

2028 5406 2127 5460 Dei
2152 5405 2378 5476 gloriam
2398 5405 2557 5475 facile
2580 5419 2599 5459 :
2621 5406 2735 5460 sine
2756 5406 3073 5474 o/fendiculo
3098 5415 3281 5474 estote,
3304 5414 3351 5459 ct
3375 5403 3608 5466 Judwir,

1152 5556 1200 5591 "
1230 5554 1429 5611 Confer
1458 5570 1583 5609 can.
1610 5559 1784 5622 apost.
1825 5549 1879 5605 9.
1948 5550 1992 5581 ⁷⁸
2023 5547 2160 5604 Can.
2195 5558 2375 5619 apost.
2401 5550 2455 5605 5.

1839 5656 2071 5714 NUT/E.

374 5795 505 5839 anno
556 5784 673 5857 ςρθ¹
707 5786 845 5841 6100
873 5800 995 5840 ειη-ρο
1024 5783 1465 5853 Constantinop.,
1486 5781 1577 5837 sed
1615 5779 1776 5853 ςριρ,θ’
1809 5778 1930 5835 διθε

2032 5776 2043 5829 I
2075 5784 2155 5831 cst
2182 5771 2389 5828 Christi
2424 5771 2547 5839 69l,
2578 5774 2848 5828 celebrata
2883 5774 2997 5827 fuit.
3052 5774 3174 5829 Mai.
