4122 6478
507 309 614 373 Σῐ5

1657 304 1921 367 ΡΙΙΟΤΙΙ
1949 300 2450 364 PATRIARCILE
2491 302 2599 364 CP.

3703 294 3817 360 516

503 428 555 474 et
584 416 816 480 ercis,
849 426 900 472 et
938 418 1034 472 Dei
1077 415 1358 481 Ecclesiae,
1413 417 1853 487 quemadmodum
1888 424 1935 467 et
1992 429 2083 483 ego

2205 410 2380 476 ιαθὼς
2418 411 2576 479 κάτω
2610 409 2809 464 πάντα
2828 408 3400 481 πᾶσιν-(Ηάρέσκω,
3454 409 3556 480 μὴ
3605 408 3820 478 ζητῶν·

505 509 746 562 omnibus
779 510 835 561 in
866 509 1107 562 omnibus
1133 508 1340 577 placeo,
1372 525 1476 561 non
1507 521 1742 577 quterens
1769 518 1932 555 nteant
1972 504 2083 556 uti-

505 597 734 660 litatem,
757 598 846 650 sed
877 598 1187 663 multorum,
1217 607 1270 649 ut
1305 606 1589 649 serventur.
1633 593 1939 647 Imitatores
1983 593 2112 646 mei'

505 697 689 752 estote,
717 688 852 741 sicut
881 697 932 742 et
954 705 1046 758 ego
1083 687 1366 740 Christi".
1398 686 1456 738 Si
1478 687 1599 754 quis
1616 695 1795 738 autem
1825 685 1930 739 tale
1953 686 2082 754 quid

512 794 674 848 agere
708 779 1081 848 deprehensus
1113 777 1296 842 fuerit,
1332 775 1656 844 deponatur.

586 964 670 1016 i2.
701 962 890 1016 Canon
917 962 1138 1016 omnino
1178 961 1423 1031 digamos
1447 975 1478 1014 a
1504 959 1811 1014 ministerio
1833 959 2082 1013 exclusit.

585 1135 801 1190 Textus.
845 1135 982 1207 Lege
1017 1137 1098 1190 tit.
1144 1137 1166 1190 1
1215 1137 1582 1203 Novellarum,
1614 1149 1790 1192 const.
1821 1139 1872 1201 1,
1903 1139 1959 1201 2,
1998 1138 2082 1203 l7,

513 1227 566 1282 in
600 1228 804 1296 quibus
847 1227 1083 1292 dicitur,
1133 1245 1258 1282 eum
1291 1230 1384 1298 qui
1420 1232 1730 1299 episcopus,
1785 1233 2084 1302 presbyter,

512 1320 799 1383 diaconus,
835 1329 931 1372 aut
975 1321 1388 1388 bypodiacouus
1423 1321 1695 1376 creandus
1732 1331 1848 1386 est,
1888 1323 2088 1376 debere

512 1426 633 1463 esse
658 1411 948 1480 virginem.
988 1423 1083 1464 aut
1110 1427 1174 1464 ex
1216 1412 1528 1481 virginitate
1560 1429 1720 1465 unam
1775 1411 2085 1485 [duntaxat]

515 1515 737 1554 uxorem
774 1502 1041 1571 virginem
1080 1503 1326 1556 (luxisse.

579 1589 736 1645 CAP.
773 1589 962 1644 XXIV.
999 1621 1064 1630 —
1096 1591 1172 1644 De
1212 1593 1279 1645 iis
1324 1593 1412 1660 qui
1442 1594 1666 1661 pecunia
1699 1593 2087 1651 ordinationem

510 1681 588 1734 cel
613 1682 834 1750 oﬁicium
866 1684 1168 1750 impetrant,

933 1773 1310 1840 Apostolorum
1353 1789 1520 1826 canon
1569 1775 1660 1829 29.

581 1863 652 1916 ‘29
680 1861 818 1934 [9.8].
853 1861 909 1917 Si
940 1867 1065 1933 quis
1094 1867 1384 1934 episcopus
1419 1882 1511 1934 per
1544 1867 1806 1934 pecunias
1851 1867 1992 1923 hanc
2015 1870 2087 1923 s'rt

510 1954 830 2023 dignitatem
878 1965 1183 2020 assecutus,
1216 1956 1298 2008 vel
1332 1956 1631 2024 presbyter,
1670 1959 1755 2011 vel
1800 1959 2086 2024 diaconus,

512 2044 819 2112 depOuatur
849 2045 958 2114 63
990 2056 1044 2098 et
1083 2047 1216 2114 ipse,
1254 2056 1307 2099 et
1343 2049 1433 2115 qui
1468 2061 1593 2100 eum
1624 2048 1918 2112 ordinavit,
1959 2059 2014 2102 et
2056 2063 2088 2101 a

512 2137 899 2190 communione
929 2139 1157 2193 omnino
1190 2140 1563 2207 exsciudatur,
1597 2152 1656 2197 ut
1680 2142 1869 2198 Simon
1900 2143 2088 2216 Magus

513 2244 546 2283 a
573 2245 658 2284 me
692 2228 856 2285 Petro
881 2231 946 2286 ".

817 2319 1043 2375 Concilii
1071 2321 1505 2379 Chalcedonensis
1533 2341 1701 2380 canon
1729 2327 1784 2382 2.

584 2407 640 2462 2.
685 2409 742 2463 Si
779 2411 905 2479 quis
945 2414 1255 2482 episcopus,
1300 2426 1524 2486 propter
1564 2419 1828 2487 pecunias
1873 2421 2092 2475 ordina—

517 2500 723 2555 tionem
753 2501 964 2569 fecerit,
1011 2515 1066 2558 et
1113 2520 1220 2558 non
1254 2509 1498 2561 venalem
1535 2512 1765 2580 gratiam
1813 2512 1864 2564 in
1901 2514 2092 2567 vendi-

515 2593 716 2646 tionem
748 2594 1056 2661 deduxerit,
1104 2607 1157 2649 et
1195 2607 1417 2667 propter
1458 2602 1721 2669 pecunias
1759 2603 2093 2658 ordinaverit

520 2685 863 2755 episcopum,
916 2688 997 2740 vel
1045 2689 1522 2760 cliorcpiscopum,
1563 2695 1644 2747 vel
1689 2697 2088 2767 presbyterum,

523 2779 608 2832 vel
667 2781 985 2844 diaconum,
1030 2784 1113 2833 vel
1176 2783 1414 2851 aliquem
1463 2799 1654 2839 eorum
1696 2790 1788 2858 qui
1843 2791 1896 2842 in
1945 2791 2094 2844 clero

527 2879 991 2934 annumerantur,
1043 2871 1124 2922 vel
1185 2884 1407 2941 propter
1465 2877 1727 2944 pecunias
1786 2880 2095 2946 promoveri

520 2972 900 3027 (economum,
951 2961 1033 3015 vel
1079 2962 1450 3030 defensorem,
1499 2969 1584 3021 vel
1634 2971 2085 3037 paramonarium

515 3051 601 3106 Vel
648 3053 875 3105 omnino
931 3053 1170 3122 aliquem
1223 3071 1289 3110 ex
1344 3072 1580 3119 canone,
1633 3059 1805 3127 turpis
1853 3068 2094 3128 quaestus

516 3142 688 3211 gratia
721 3159 736 3196 :
769 3144 861 3210 qui
897 3142 1002 3197 boc
1049 3154 1292 3201 tentasse
1332 3149 1614 3202 convictus
1653 3149 1834 3213 fuerit,
1865 3150 1931 3202 de
1967 3166 2094 3218 pro-

520 3234 641 3301 prio
671 3235 840 3303 gradu
887 3233 940 3287 in
982 3237 1283 3302 periculum
1336 3242 1517 3294 veniat
1546 3258 1558 3294 :
1587 3249 1640 3294 et
1673 3243 1765 3310 qui
1815 3251 1898 3294 est
1947 3243 2094 3296 ordi-

521 3331 706 3387 natus,
741 3339 807 3376 ex
856 3327 1198 3380 ordinatione
1245 3329 1327 3381 vel
1371 3330 1712 3397 promotione
1759 3345 1882 3399 qum
1922 3331 2096 3384 instar

525 3429 884 3469 mercatorum
938 3420 1301 3483 venuudalur,
1355 3422 1490 3474 nihil
1520 3421 1780 3490 juvetur:
1815 3423 1908 3476 sed
1951 3424 2021 3477 sit
2065 3438 2095 3476 a

524 3513 794 3584 dignitate
823 3511 905 3564 vel
935 3512 1218 3564 curatione
1258 3512 1467 3567 alienus
1497 3529 1660 3580 quam
1698 3513 1942 3582 pecuniis
1969 3513 2095 3566 ade-

526 3614 650 3672 ptus
693 3614 795 3659 cst.
849 3601 904 3656 Si
947 3605 1070 3671 quis
1111 3613 1292 3656 autem
1348 3613 1628 3672 sequester
1670 3615 1723 3658 ct
1757 3607 2096 3663 intercessor

524 3699 662 3750 adeo
714 3695 965 3762 turpibus
1025 3702 1079 3746 et
1141 3694 1366 3748 nefariis
1436 3696 1600 3750 lueris
1661 3696 1952 3765 apparuit,
2011 3698 2098 3748 liie

524 3803 742 3855 quoque
760 3788 803 3838 si
823 3787 893 3839 sit
921 3786 1138 3854 quidem
1164 3787 1395 3841 clericus
1421 3789 1639 3857 proprio
1657 3790 1823 3857 gradu
1848 3789 2093 3841 excidat:

527 3880 572 3931 si
602 3880 675 3932 sit
705 3886 885 3930 autem
907 3878 1098 3941 laicus,
1125 3878 1206 3929 vel
1235 3879 1554 3943 monachus,
1586 3881 2094 3936 auatbematizetur.

577 3975 588 3982 '
757 3969 979 4023 Consilii
1009 3970 1313 4023 meumenici
1344 3986 1390 4024 vl
1418 3988 1637 4027 canones
1669 3973 1758 4036 22,
1785 3973 1873 4028 25.

595 4062 689 4117 22.
725 4061 831 4117 Eos
862 4064 954 4131 qui
988 4063 1235 4131 pecuniis
1267 4063 1613 4131 ordinantur,
1650 4067 1763 4119 sive
1793 4067 2096 4136 episcopos,

525 4152 643 4208 sive
688 4152 1098 4221 qualescunque
1128 4153 1378 4216 clericos,
1419 4165 1471 4207 et
1530 4169 1637 4207 non
1691 4171 1787 4224 per
1817 4157 2098 4209 examina-

527 4243 728 4295 tiouem
761 4257 825 4295 ac
855 4242 979 4296 vita:
1018 4243 1364 4308 electionem,
1389 4242 1896 4314 deponi‘jubemus,
1926 4248 2021 4301 sed
2045 4255 2100 4301 et

523 4333 690 4386 etiam
717 4333 810 4400 qui
832 4332 1227 4386 ordinaverunt
1255 4331 1319 4385 ⁷³.

603 4423 694 4476 25.
734 4421 802 4477 Ut
831 4423 1014 4477 nullus
1041 4425 1356 4493 episcopus,
1393 4423 1510 4478 sive
1534 4423 1818 4495 presbyter
1843 4425 1958 4479 sive
1981 4425 2099 4480 dia-

2182 503 2250 555 τὸ
2276 501 2535 569 ἐμαυτοῦ
2552 501 2888 569 συμφέρον,
2929 499 3092 554 ἀλλὰ
3120 500 3187 552 τὸ
3219 499 3336 553 τῶν
3375 497 3689 562 πολλῶν,
3711 499 3820 553 ἵνα

2183 589 2444 644 σωθῶσι·
2467 593 2715 659 μιμηταί
2749 609 2866 660 μου
2923 593 3186 660 γίνεσθε,
3215 591 3416 656 καθὼς
3447 591 3635 659 κάγὼ
3665 591 3810 656 Χρι-

2183 680 2354 734 στοῦ.
2379 683 2444 734 Ei
2489 681 2556 734 δέ
2584 700 2676 748 τις
2700 683 2998 752 φωραθείη
3026 681 3107 752 ςτύ
3143 683 3427 737 τοιοῦτον
3482 681 3818 752 πράττων,

2185 775 2601 840 καθαιρείσθω.

2636 865 2956 919 Βασιλείου
2997 863 3198 918 κανὼν
3225 864 3313 919 ιϐ’.

2259 953 2492 1018 ιῦ’.Τοὺς
2507 956 2769 1026 διγάμους
2787 955 3066 1020 παντελῶς
3083 964 3112 1008 o
3133 956 3335 1024 κανὼν,
3350 958 3455 1028 τῆς
3478 957 3606 1026 ὗπη
3618 955 3820 1026 ρεσίας

2185 1044 2526 1098 ἀπέκλεισεν.

2256 1137 2372 1190 Τίτ.
2423 1135 2471 1189 α’
2498 1136 2604 1188 τῶν
2633 1136 2864 1207 νεαρῶν,
2909 1137 3048 1192 διάτ.
3093 1142 3144 1192 α’
3178 1136 3224 1208 β’
3256 1138 3341 1204 ιζ’,
3385 1139 3452 1189 ἐν
3503 1131 3607 1200 αἷς
3658 1138 3822 1207 εἴρῃ-

2186 1243 2273 1278 ται
2333 1226 2413 1278 δτι
2473 1229 2501 1279 6
2554 1230 3026 1296 χειροτονούμενος
3090 1229 3385 1292 ἐπίσκοπος
3451 1227 3491 1297 ἢ
3551 1227 3820 1297 πρεσϐύ-

2186 1335 2339 1388 τερος
2363 1318 2395 1373 ἦ
2429 1318 2672 1382 διάκονος
2701 1321 2734 1390 ἦ
2760 1321 3133 1382 ὑποδιάκονος,
3166 1319 3369 1387 ὀφείλει
3400 1315 3562 1371 εἶναι
3590 1320 3818 1389 παρθέ-

2188 1425 2284 1472 νος
2314 1409 2347 1478 ἢ
2375 1409 2440 1460 ἐκ
2468 1410 2738 1480 παρθένου
2775 1413 3165 1482 μονογαμήσας
3196 1411 3500 1481 παρθένον.

2259 1592 2508 1645 ΚΕΦΑΛ.
2541 1594 2665 1647 ΚΔ’.
2693 1622 2763 1632 -
2794 1594 2929 1661 Περί
2971 1594 3108 1663 τῶν-ξ
3135 1594 3234 1648 ἐπί
3282 1595 3573 1663 χρή-μασι
3605 1612 3816 1665 χειροί-

2187 1682 2565 1752 τονουμένων
2594 1684 2628 1750 ἢ
2653 1685 3082 1753 λαμϐανόντων
3111 1687 3410 1754 ὀρφίκιον.

2625 1773 3012 1827 Ἀποστόλων
3040 1776 3243 1829 κανὼν
3260 1776 3363 1830 κθ’.

2257 1861 2339 1916 κθ¹
2358 1863 2425 1915 Et
2445 1881 2527 1928 τις
2550 1865 2843 1929 ἐπίσκοπος
2875 1867 2964 1920 διὰ
2985 1869 3303 1938 χρημάτων,
3331 1869 3432 1939 τῆς
3462 1867 3641 1934 ἀξίας
3667 1870 3814 1924 ταύ-

2186 1970 2286 2022 της
2314 1955 2588 2026 ἐγκρατὴς
2625 1957 2872 2027 γένηται,
2935 1958 2967 2027 ἢ
3015 1959 3406 2031 πρεσϐύτερος,
3449 1963 3486 2032 ἢ
3518 1962 3811 2028 διάκονος,

2189 2044 2558 2115 καθαιρείσθω
2587 2047 2681 2099 καὶ
2712 2048 2874 2110 αὐτὸς
2909 2049 3004 2101 καὶ
3031 2051 3059 2101 6
3099 2052 3520 2122 χειροτονήσας,
3572 2053 3676 2105 καὶ
3713 2054 3811 2105 ἐκ⁶

2197 2138 2483 2190 κοπτέσθω
2533 2141 2848 2192 παντάπασι
2889 2141 2987 2210 τῆς
3041 2143 3346 2206 κοινωνίας,
3391 2143 3473 2207 ὠς
3541 2145 3742 2216 Σίμων
3779 2145 3810 2196 6

2189 2226 2374 2295 Μάγος
2409 2227 2503 2280 ὑπ’
2543 2228 2678 2298 ἐμοῦ
2711 2230 2940 2300 Πέτρου.

2467 2321 2731 2375 Συνόδου
2757 2321 3140 2389 Χαλκηδόνος
3165 2322 3365 2375 κανὼν
3395 2322 3463 2391 β’.

2263 2409 2311 2482 β’
2344 2410 2409 2464 Ei’
2436 2428 2520 2474 τις
2553 2413 2844 2476 ἐπίσκοπος
2868 2414 2959 2465 ἐπὶ
2976 2416 3218 2484 χρήμασι
3248 2415 3604 2486 χειροτονίαν
3635 2416 3771 2487 ποιή
3797 2446 3805 2456 ·

2193 2517 2367 2565 σαιτο,
2405 2503 2498 2554 καὶ
2549 2502 2626 2566 εἰς
2689 2507 2888 2574 πρᾶσιν
2936 2503 3241 2572 καταγάγοι
3260 2507 3356 2576 τὴν
3385 2506 3653 2576 ἄπρατον
3705 2509 3808 2577 χὰρ

2196 2611 2279 2665 ριν
2303 2635 2318 2659 ,
2373 2595 2468 2646 καὶ
2506 2596 2874 2665 χειροτονήσοι
2915 2597 3006 2648 ἐπὶ
3054 2596 3328 2667 χρήμασιν
3389 2598 3735 2663 ἐπίσκοπον,
3768 2598 3800 2666 ἢ

2192 2683 2682 2755 χωρεπίσκοπον,ῆ
2709 2687 2974 2756 πρεσϐυτέ
2985 2703 3131 2758 ρους,
3152 2689 3182 2757 ἢ
3205 2688 3514 2754 διακόνους,
3535 2691 3570 2760 ἢ
3603 2691 3801 2760 ἔτερόν

2193 2793 2315 2828 τινα
2346 2774 2454 2828 τῶν
2486 2776 2543 2828 ἐν
2573 2777 2650 2847 τῷ
2699 2778 2883 2848 κλήρῳ
2929 2780 3476 2848 καταριθμουμένων,
3509 2783 3543 2852 ἢ
3581 2783 3801 2852 προσά-

2193 2867 2337 2920 λοιτο
2393 2868 2488 2922 ἐπὶ
2528 2869 2805 2938 χρήμασιν
2852 2871 3151 2940 οἰκονόμον,
3189 2871 3494 2941 ἢέκδικον,
3541 2873 3576 2944 ἢ
3615 2891 3804 2942 παραυ

2199 2961 2475 3032 μονάριον,
2500 2961 2532 3032 ἢ
2567 2961 2702 3023 ὅλως
2730 2961 2849 3014 τινὰ
2865 2961 2957 3014 τοῦ
2977 2963 3198 3025 κανόνος
3230 2962 3299 3015 δι’
3321 2964 3796 3036 αἰσχροκέρδειαν

2197 3053 2426 3105 οἰκείαν.
2457 3053 2521 3104 'O
2538 3052 2692 3104 τοῦτο
2713 3053 3065 3123 ἐπιχειρήσας
3085 3053 3382 3123 ἐλεγχθεὶς.
3411 3056 3790 3108 κινδυνευέτω

2200 3145 2329 3212 περὶ
2359 3143 2450 3194 τὸν
2491 3145 2688 3196 οἰκεῖον
2723 3144 2950 3213 βαθμὸν,
2985 3145 3079 3198 καὶ
3107 3146 3134 3196 6
3178 3147 3667 3218 χειροτονούμενος
3693 3168 3800 3219 μη-

2198 3235 2287 3287 δὲν
2318 3237 2382 3287 ἐκ
2430 3237 2529 3305 τῆς
2564 3237 2686 3287 κατ’
2729 3237 2996 3306 ἐμπορίαν
3028 3236 3345 3305 ὡφελείσθω
3379 3243 3731 3309 χειροτονίας
3763 3241 3796 3309 ἥ

2199 3325 2492 3396 προϐολῆςο
2527 3326 2642 3379 ἀλλ’
2669 3325 2809 3378 ἔστω
2839 3327 3118 3396 ἀλλότριος
3137 3329 3238 3396 τῆς
3271 3329 3426 3396 ἀξίας
3453 3331 3606 3402 ἢτοῦ
3631 3349 3800 3402 φρον-

2196 3418 2478 3486 τίσματος,
2503 3412 2674 3489 οὗπερ
2704 3419 2801 3470 ἐπὶ
2829 3420 3107 3490 χρήμασιν
3147 3419 3356 3491 ἔτυχεν.
3390 3423 3452 3475 Εἰ
3498 3423 3560 3475 δέ
3589 3441 3678 3487 τις
3701 3423 3797 3477 καὶ

2201 3509 2501 3577 μεσιτεύων
2535 3511 2729 3580 φανείη
2762 3514 2877 3574 τοῖς
2907 3511 3079 3574 οὓτως
3109 3514 3352 3583 αἰσχροῖς
3380 3513 3476 3567 καὶ
3503 3515 3795 3585 ἀθεμίτοις

2197 3599 2467 3670 λήμμασι,
2511 3603 2603 3655 καὶ
2628 3598 2782 3665 οὗτος
2811 3603 2858 3654 εἰ
2896 3603 2994 3672 μὲν
3028 3602 3288 3674 κληρικὸς
3312 3607 3419 3674 εἴη,
3455 3607 3555 3658 τοῦ
3587 3607 3794 3659 οἰκείου

2199 3692 2516 3745 ἐκπιπτέτω
2549 3693 2780 3764 βαθμοῖν
2815 3694 2863 3747 εἰ
2897 3695 2954 3747 δὲ
2984 3693 3170 3757 λαῖκὸς
3209 3694 3242 3764 ἢ
3290 3696 3564 3766 μονάςων,
3595 3697 3793 3749 availa-

2203 3781 2540 3850 ματιζέσθω.

2273 3957 2545 4010 Evr-(560v
2576 3957 3000 4026 οἰκουμενικῆς
3030 3957 3215 4026 ἕκτης
3236 3957 3438 4012 κανὼν
3461 3961 3571 4025 κδ’,
3605 3957 3714 4029 κγ’.

2273 4051 2358 4100 κε’
2389 4051 2527 4111 Τοὺς
2550 4051 2642 4102 ἐπὶ
2673 4052 2918 4121 χρήμασι
2943 4052 3471 4121 χειροτονουμένους,
3497 4052 3615 4106 εἴτε
3662 4055 3788 4104 ἑπι-

2202 4141 2460 4209 σκόπους,
2486 4143 2517 4212 ἢ
2547 4145 2895 4212 οἰουσδηποτε
2923 4145 3237 4214 κληρικοὺς,
3267 4145 3441 4196 καὶού
3467 4146 3612 4220 κατᾲ
3649 4145 3788 4197 δοκι·

2211 4233 2416 4303 μασίαν
2443 4237 2537 4287 καὶ
2569 4235 2664 4287 τοῦ
2693 4236 2807 4305 ρίου
2833 4236 3063 4306 αἵρεσιν,
3088 4236 3469 4304 καθαιρεῖσθαι
3506 4237 3787 4308 προστάσ-

2203 4338 2388 4395 σομεν,
2419 4327 2554 4380 ἀλλὰ
2583 4329 2678 4380 καὶ
2715 4329 2852 4397 τοὺς.
2886 4329 3390 4398 χειροτονήσαντας.

2274 4425 2359 4486 κγ’
2390 4419 2524 4489 Περὶ
2550 4418 2644 4470 τοῦ
2685 4419 2892 4489 μηδένα
2920 4420 3027 4471 τῶν
3056 4420 3167 4471 εἴτε
3210 4419 3546 4485 ἐπισκόπων,
3587 4419 3620 4490 ἦ
3655 4435 3787 4489 πρε-

527 4528 721 4578 conus,
765 4512 1176 4567 immaculatum
1211 4514 1458 4582 praebens
1495 4515 1968 4578 communionem,
2032 4516 2097 4568 ab

2207 4510 2499 4580 σϐυτέρων,
2522 4511 2554 4582 ἢ
2577 4510 2858 4574 διακόνων,
2881 4511 2980 4580 τῆς
3001 4511 3266 4581 ἀχράντου
3297 4512 3646 4581 μεταδιδόντα
3672 4528 3785 4562 xor.-

523 4623 591 4660 eo
610 4607 702 4676 qui
734 4609 1131 4672 communicat,
1174 4607 1294 4675 ejus
1320 4608 1751 4677 participationis
1770 4609 1940 4678 gratia
1968 4607 2101 4662 obo-

526 4701 648 4763 los,
706 4699 791 4752 vel
833 4701 1083 4767 quamvis
1145 4700 1307 4753 aliam
1348 4701 1581 4768 speciem
1636 4701 1837 4770 exigat.
1870 4700 1986 4754 Non
2017 4708 2102 4754 est

525 4792 674 4844 enim
700 4789 908 4843 venalis
942 4791 1138 4858 gratia,
1174 4805 1272 4843 nec
1301 4805 1398 4857 pro
1433 4792 1681 4860 pecuniis
1715 4792 1950 4859 Spiritus
1973 4805 2103 4844 san-

529 4881 918 4935 ctillcationem
949 4881 1331 4949 impartimur:
1362 4885 1452 4935 sed
1481 4897 1541 4935 ea
1572 4883 1638 4937 iis
1663 4885 1755 4952 qui
1785 4883 2098 4952 dignisunt,

530 4973 741 5041 absque
773 4971 880 5025 ulla
915 4981 999 5026 est
1030 4971 1323 5026 calliditate
1363 4975 1839 5030 communicanda.
1881 4974 1937 5028 Si
1979 4975 2103 5044 quis

530 5074 712 5118 autem
747 5078 960 5128 eorum,
989 5064 1083 5133 qui
1113 5073 1241 5118 sunt
1265 5065 1315 5116 in
1348 5065 1478 5119 cleri
1510 5067 1778 5137 catalogo,
1809 5068 1917 5138 67
1946 5069 2016 5122 ab
2038 5082 2103 5121 eo

533 5155 624 5211 cui
668 5155 1073 5209 immaculatam
1135 5156 1376 5224 impertit
1421 5159 1889 5221 comi'nuniouem,
1941 5159 2103 5213 ullam

533 5247 772 5316 speciem
806 5247 1026 5316 exigere
1081 5246 1234 5301 visus
1269 5248 1449 5311 fuerit,
1480 5247 1806 5316 deponatur,
1837 5258 1898 5302 ut
1937 5250 2109 5303 simo-

533 5340 676 5393 niaei
704 5353 919 5393 errores
947 5349 1000 5392 et
1031 5339 1281 5393 maleﬁcii
1310 5341 1592 5394 zeumlator
1619 5339 1684 5394 '9.

533 5433 761 5488 Concilii
810 5430 1021 5486 Νίσαιιὶ
1071 5433 1288 5484 secundi
1337 5447 1560 5484 canones
1608 5433 1662 5497 4,
1701 5432 1754 5498 5,
1810 5433 1896 5488 19.
1959 5432 2112 5498 Quod

695 5503 922 5572 episcopi
951 5503 1016 5555 ab
1051 5504 1194 5555 oumi
1234 5503 1464 5556 simonia
1501 5517 1680 5556 cavere
1707 5502 1949 5557 debeant.

603 5663 660 5719 4.
691 5659 876 5717 Pra-co
890 5661 1135 5718 veritatis
1153 5658 1356 5716 Paulus
1381 5658 1600 5714 divinus
1617 5658 1898 5729 apostolus
1915 5674 2109 5731 quem-
2173 5713 2178 5716 .

607 5811 655 5843 '"
683 5807 704 5864 1
729 5809 860 5866 Cor.
889 5809 1053 5878 ηδε,
1087 5809 1177 5866 35.
1252 5810 1298 5843 '"
1325 5807 1445 5864 Act.
1479 5823 1592 5875 vm,
1628 5807 1693 5866 i8
1726 5823 1882 5880 seqq.
1959 5809 2004 5844 ⁷⁸
2032 5809 2287 5867 Cbalced.
2320 5824 2442 5865 can.
2467 5810 2523 5864 2.

2208 4605 2423 4668 γωνίας,
2462 4605 2612 4673 παρὰ
2645 4604 2738 4656 τοῦ
2770 4606 3088 4674 μετέχοντος
3131 4605 3500 4676 εἰσπράττειν,
3533 4607 3635 4671 τῆς
3674 4617 3783 4656 1o:-

2209 4694 2382 4762 αύτης
2413 4694 2766 4765 μεταλήψεως
2794 4697 2974 4765 χάριν,
3015 4695 3286 4763 ὀϐολοὺςῆ
3322 4693 3461 4757 εἶδος
3483 4697 3542 4749 τὸ
3556 4693 3777 4747 οἰονοῡν.

2209 4787 2344 4839 Οὐδὲ
2398 4789 2508 4856 γὰρ
2559 4787 2887 4860 πεπραμένη
2919 4789 2953 4856 ἡ
3003 4788 3181 4856 χάρις,
3237 4786 3356 4838 οὐδὲ
3401 4787 3649 4858 χρήμασι
3692 4783 3780 4834 τὸν

2217 4876 2494 4945 ἁγιασμὸν
2540 4876 2635 4928 τοῦ
2693 4874 3007 4946 ιΙνεύματος
3059 4877 3465 4946 μεταδιδόαμεν,
3494 4877 3630 4930 ἀλλὰ
3672 4878 3779 4933 τοῖς

2205 4966 2376 5030 ἀξίοις
2404 4967 2497 5019 τοῦ
2529 4967 2700 5037 δώρου
2757 4967 3212 5037 ἁπανουργεύτως
3265 4967 3603 5038 μεταδοτέον.
3634 4969 3695 5019 Εἰ
3728 4967 3780 5016 δὲ

2211 5059 2408 5128 φανείη
2434 5076 2518 5122 τις
2547 5060 2654 5112 τῶν
2675 5061 2732 5112 ἐν
2761 5063 2949 5130 κλήρῳ
3008 5059 3480 5130 καταλεγομένων,
3534 5057 3780 5113 ἀπαιτῶν

2211 5151 2302 5203 τὸν
2333 5145 2377 5218 ᾧ
2413 5152 2734 5220 μεταδίδωσι
2794 5152 2890 5222 τῆς
2929 5151 3198 5222 ἀχράντου
3252 5153 3536 5215 κοινωνίας
3565 5151 3628 5203 16
3675 5150 3778 5201 οἱυο

2213 5239 2338 5294 νοῦν
2369 5237 2529 5306 εἶδος,
2583 5240 2971 5311 καθαιρείσθω,
3003 5241 3078 5303 ὡς
3120 5240 3220 5310 τῆς
3253 5240 3496 5310 Σίμωνος
3538 5237 3777 5310 ζηλωτὴῖ

2216 5333 2425 5401 πλάνης
2458 5333 2550 5386 καί⁸
2575 5332 2931 5401 κακουργίας.

2221 5427 2493 5482 Xvir-660v
2533 5428 2785 5492 Νικαίας
2815 5428 2881 5481 τὸ
2922 5427 3207 5494 δεύτερον
3257 5426 3461 5481 κανὼν
3490 5427 3552 5492 δ’,
3588 5431 3647 5491 ε’,
3697 5423 3775 5475 ιθ’.

2291 5498 2431 5565 Περὶ
2459 5499 2566 5551 τοῦ
2607 5497 2942 5568 ἀπέχεσθαι
2984 5498 3126 5564 τοὺς
3168 5498 3543 5564 ἐπισκόπους
3583 5495 3778 5558 πάσης

2290 5569 2697 5636 δωροληψίας.

2286 5657 2329 5713 δ’
2377 5660 2436 5712 Ὀ
2483 5658 2661 5729 κῆρυξ
2710 5657 2811 5728 τῆς
2834 5658 3091 5730 ἀληθείας
3121 5659 3349 5727 ⁸Παῦλος
3408 5659 3438 5712 6
3487 5657 3625 5719 θεῖος
3652 5648 3776 5708 ἀπό·

2604 5811 2647 5845 ⁷⁸
2678 5808 2846 5866 Cone.
2882 5807 3232 5864 Laodicensis
3266 5822 3389 5863 ean.
3419 5807 3506 5861 5i.
