4122 6442
309 305 418 372 517

1087 298 1492 359 SYNTAGMA
1527 289 1917 356 CANONUM.
1941 313 2012 324 --
2043 287 2191 348 TIT.
2220 287 2271 363 Ι,
2293 287 2456 348 CAP.
2483 285 2705 347 XXIV.

3479 285 3585 350 518

310 418 520 478 στολος,
556 413 720 467 οίονεὶ
768 411 968 465 κανόνα
1005 409 1180 472 τιθεὶς
1224 410 1338 470 τοῖς
1405 405 1672 473 Ἐφεσίων
1713 417 1888 472 πρεσ-

2004 399 2122 454 dam
2155 398 2324 454 veluti
2380 411 2648 451 canoucm
2680 393 3046 465 Ephesiorum
3105 395 3439 466 presbyteris
3473 413 3581 451 iur

308 507 586 576 6υτέροις,
647 486 855 571 μᾶλλον
901 499 958 552 δὲ
1011 499 1107 552 καὶ
1166 497 1334 551 παντὶ
1379 493 1640 565 ἱερατικῷ
1679 491 1902 562 πληρώ-

311 617 444 670 ματι
473 639 489 662 ,
534 594 708 656 οὕτως
755 590 1174 662 ὲπαρῤησιάσθη
1215 585 1385 642 είπὼν
1411 604 1426 620 ⁸
1473 585 1805 654 “Ἀργυρίου
1859 583 1900 651 ἢ

305 690 569 760 χρυσίου
599 687 636 754 ἢ
666 681 985 754 ἱματισμοῦ
1011 680 1260 746 οὐδενὸς
1280 678 1630 746 ἐπεθύμησα
1655 691 1670 705 ·
1705 675 1902 728 πάντα

305 777 596 842 ὑπέδειξα
619 775 783 844 ὑμῖν,
819 773 908 826 ὅτι
933 772 1121 836 οὕτως
1148 768 1507 833 κοπιῶντας,
1538 762 1900 832 ἀντιλαμϐά-

305 876 520 928 νεσθαι
564 869 659 922 δεῖ
677 866 796 920 τῶν
828 863 1278 925 ἀσθενούντων,
1300 858 1596 930 μακάριον
1649 856 1902 925 ’ἡγούμε-

309 983 415 1020 νοι
447 963 512 1016 τὸ
541 960 790 1014 διδόναι.
809 956 907 1010 Διό
930 956 1027 1008 καὶ
1052 953 1220 1022 ἡμεῖς
1255 948 1734 1020 μαθητευθέντες
1761 946 1898 1014 παρ’

307 1051 518 1112 αὐτοῦ,
551 1045 819 1115 ὁρίζομεν
835 1043 1118 1112 μηὸόλως
1160 1037 1608 1108 αἰσχροκερδῶς
1641 1035 1892 1089 ἐπινοεῖ-

306 1147 451 1198 σθαι
483 1141 844 1201 ἐπίσκοπον,
868 1131 1390 1203 προφασιζόμενον
1446 1130 1776 1200 προφάσεις
1829 1127 1898 1180 ἐν

307 1233 638 1306 ἁμαρτίαις,
670 1227 946 1285 ἀπαιτεῖν
991 1227 1224 1296 χρυσὸν
1251 1223 1289 1290 ἢ
1322 1221 1584 1292 ἄργυρον
1614 1221 1652 1289 ἢ
1695 1219 1899 1286 ἕτερον

307 1325 494 1390 εἶδος,
521 1322 662 1386 τοὺς
693 1321 796 1374 ὑπ’
830 1317 1018 1372 αὐτὸν
1045 1316 1376 1380 τελοῦντας
1425 1313 1823 1376 ἐπισκόπους,
1852 1311 1892 1378 ἢ

310 1411 658 1482 κληρικοὺς,
685 1409 724 1478 ἢ
753 1407 1084 1478 μοναχούς.
1119 1405 1256 1474 Φησὶ
1299 1405 1406 1474 γὰρ
1440 1403 1469 1455 ὁ
1525 1399 1848 1461 Ἀπόστολος
1879 1413 1894 1428 ·

315 1505 538 1559 ’Λδικοι
565 1500 896 1568 βασιλείαν
936 1496 1086 1551 Θεοῦ
1110 1498 1181 1549 οὺ
1199 1492 1763 1562 κληρονομήσουσιε
1797 1490 1896 1544 καὶ

311 1601 425 1654 οὑκ
458 1596 686 1665 ὀφείλει
709 1593 780 1646 τὰ
813 1592 996 1646 τέκνα
1029 1590 1154 1654 τοῖς
1205 1586 1454 1657 γονεῦσι
1484 1583 1882 1652 θησαυρίζειν,

309 1686 448 1742 ἀλλ’
490 1688 544 1738 oi
566 1681 766 1753 γονεῖς
818 1681 943 1744 τοῖς
973 1680 1226 1744 τέκνοις.
1261 1677 1326 1729 EE
1349 1694 1432 1739 τις
1457 1670 1550 1728 οὖν
1612 1674 1677 1727 δι’
1720 1675 1890 1728 ἀπαί-

2006 507 2238 562 ponens,
2269 490 2356 544 vel
2384 490 2649 542 universae
2670 491 2852 558 potius
2875 487 3208 542 sacerdotali
3235 489 3584 544 multitudini

2005 584 2085 640 sic
2113 583 2284 638 libere
2317 581 2456 636 dixit
2485 598 2498 633 :
2533 584 2822 650 Argentum
2841 583 2918 634 vel
2937 596 3128 632 aurum
3151 579 3232 633 vel
3255 591 3440 634 vestem
3468 581 3588 634 nul-

2003 677 2108 730 lius
2134 676 2426 744 concupiui,
2463 675 2642 726 omnia
2680 673 2820 726 vobis
2847 673 3070 734 ostendi,
3103 673 3240 741 quod
3273 683 3476 740 oportet
3508 674 3586 726 sic

2002 767 2303 822 laborantes
2339 757 2578 834 inﬁrmos
2619 767 2882 834 suscipere
2909 806 2922 828 ,
2961 765 3091 818 dare
3153 764 3362 818 beatum
3400 766 3587 818 existi-

2003 878 2154 914 mans
2183 862 2272 914 ⁸⁰·.
2312 861 2582 927 Quocirca
2601 861 2668 914 ab
2695 875 2758 914 eo
2779 859 2952 914 cdocti
2971 859 3284 922 statuimus,
3315 875 3382 914 ne
3413 861 3586 928 turpis

2003 953 2142 1007 lucri
2179 953 2356 1023 gratia
2391 954 2654 1022 episcopo
2685 952 2739 1006 in
2792 963 3026 1007 mentem
3067 955 3273 1017 veniat,
3322 953 3586 1022 quaerenti

2001 1044 2389 1098 excusationes
2421 1044 2474 1098 in
2513 1045 2776 1114 peccatis,
2811 1061 3003 1098 aurum
3039 1046 3122 1098 vel
3154 1055 3462 1115 argentum,
3499 1045 3587 1098 vel

2003 1134 2170 1188 ullam
2199 1134 2362 1188 aliam
2402 1136 2640 1204 speciem
2665 1135 2830 1192 abiis
2857 1135 2948 1204 qui
2985 1135 3083 1190 sibi
3109 1135 3344 1190 subsunt
3365 1137 3584 1203 episco-

2005 1225 2115 1293 pis,
2150 1224 2236 1277 vel
2271 1224 2508 1289 clericis,
2543 1224 2627 1276 vel
2675 1225 2958 1278 monachis
2992 1225 3228 1290 exigere.
3269 1222 3406 1276 Dicit
3435 1224 3584 1278 enim

1999 1317 2334 1386 Apostolus:
2367 1313 2568 1384 Injusti
2601 1331 2813 1384 regnum
2845 1314 2938 1366 Dei
2969 1331 3067 1367 non
3120 1313 3458 1382 possidebunt
3486 1314 3528 1344 ⁸¹
3567 1331 3582 1368 :

1999 1421 2104 1462 nec
2155 1405 2357 1461 debent
2409 1405 2563 1458 liberi
2619 1405 2938 1474 parentibus
2997 1405 3312 1457 thesaurum
3365 1417 3582 1472 parare,

1999 1498 2095 1555 sed
2138 1508 2396 1568 parentes
2430 1496 2636 1550 liberis.
2673 1494 2727 1549 Si
2750 1497 2873 1564 quis
2897 1509 3026 1564 ergo
3063 1511 3159 1565 per
3189 1495 3306 1548 auri
3339 1494 3582 1548 exactio-

1999 1605 2126 1644 nem
2165 1589 2252 1644 vel
2291 1587 2530 1656 alicujus
2581 1587 2806 1640 alterius
2837 1585 3069 1654 speciei,
3104 1585 3188 1640 vel
3227 1595 3448 1654 propter
3480 1583 3584 1638 ali-

1999 1695 2164 1749 quam
2209 1679 2487 1747 propriam
2545 1676 2892 1730 affectionem
2950 1690 2980 1729 a
3039 1675 3346 1729 ministerio
3395 1688 3584 1728 arcere

309 1795 469 1850 τησιν
500 1775 706 1848 χρυσοῦ
733 1775 767 1845 ἢ
802 1773 992 1843 ἐτέρου
1037 1769 1180 1833 τινὸς
1228 1769 1424 1831 εἴδους,
1459 1768 1569 1820 εἴτε
1633 1765 1724 1820 διά
1775 1783 1895 1820 τινα

2009 1771 2269 1826 inventus
2317 1769 2502 1832 fuerit,
2554 1769 2635 1823 vel
2667 1783 2956 1838 Segregare
3004 1781 3228 1822 suorum
3257 1765 3582 1821 clericorum

312 1869 670 1932 ίδιοπάθειαν,
703 1863 950 1934 εὑρεθείη
976 1861 1258 1930 ἀπείργων
1285 1859 1387 1929 τῆς
1411 1856 1775 1928 λειτουργίας,
1801 1857 1898 1908 καὶ

309 1959 586 2032 ἀφορίζων
615 1958 740 2012 τινὰ
795 1956 903 2009 τῶν
941 1955 1031 2006 ὑπ’
1061 1953 1224 2006 αὑτὸν
1282 1949 1582 2020 κληρικῶν,
1615 1948 1649 2019 ἢ
1703 1948 1898 2001 σεπτὸν

310 2056 439 2110 ναὸν
475 2051 695 2118 κλείων,
723 2049 800 2113 ὡς
833 2048 908 2120 μὴ
945 2046 1194 2116 γίνεσθαι
1232 2047 1291 2098 ὲν
1319 2043 1471 2115 αὐτῷ
1501 2043 1602 2106 τὰς
1633 2042 1728 2096 τοῦ
1761 2039 1899 2094 Θεοῦ

311 2145 681 2218 λειτουργίας,
717 2143 796 2205 είς
829 2139 1136 2208 ἀναίσθητα
1167 2137 1265 2204 τὴν
1303 2135 1500 2188 ἑαυτοῦ
1548 2135 1748 2205 μανίαν
1775 2136 1896 2186 ὲπι-

313 2239 574 2308 πέμπων,
609 2233 933 2304 ἀναίσθητος
971 2229 1140 2291 ὅντως
1187 2227 1326 2292 ἐστὶ,
1359 2227 1453 2279 καὶ
1500 2229 1566 2296 τῇ
1621 2241 1898 2278 ταυτοπα-

315 2329 440 2400 θείᾳ
497 2325 872 2388 ὑποκείσεται,
909 2321 1007 2376 καὶ
1058 2317 1378 2388 ἐπιστρέψει
1433 2319 1461 2370 ὁ
1515 2317 1676 2380 πόνος
1733 2313 1899 2368 αὑτοῦ

317 2421 412 2472 ἐπὶ
440 2419 541 2490 τὴν
565 2415 808 2486 κεφαλὴν
843 2411 1030 2476 αὑτοῦ,
1071 2410 1148 2476 ὡς
1185 2407 1508 2480 παραϐἁτου
1548 2406 1650 2476 τῆς
1684 2405 1902 2475 ἐντολῆς

313 2509 453 2566 Θεοῦ
493 2509 590 2563 καὶ
616 2507 726 2561 τῶν
753 2503 1132 2560 ἀποστολικῶν
1161 2498 1481 2565 διατάξεων.
1519 2497 1902 2570 Παραγγέλλει

313 2605 426 2676 γὰρ
457 2602 555 2656 καὶ
587 2602 790 2672 Πέτρος
813 2601 847 2670 ἡ
874 2597 1150 2668 κορυφαῖα
1169 2595 1278 2648 τῶν
1300 2592 1615 2648 ἀποστόλων
1638 2591 1898 2659 ἀκρότης,

317 2695 670 2766 Ποιμαίνετε
705 2692 772 2745 τὸ
807 2691 877 2744 ἐν
919 2688 1065 2758 ὑμῖν
1106 2688 1390 2755 ποίμνιον
1431 2683 1538 2737 τοῦ
1572 2680 1741 2747 Θεοῦ,
1773 2681 1901 2733 ἐπι-

317 2787 700 2850 σκοποῦντες
722 2782 807 2852 μὴ
828 2778 1247 2850 ἀναγκαστῶς,
1279 2775 1420 2830 ἀλλ’
1439 2773 1734 2838 ἑκουσίως
1751 2770 1904 2825 κατὰ

321 2881 508 2935 Θεόν·
556 2875 641 2946 μὴ
687 2869 1154 2944 αἰσχροκερδῶς,
1205 2867 1365 2922 ἀλλὰ
1402 2865 1716 2934 προθύμως
1748 2878 1763 2893 ο
1812 2866 1900 2932 μὴ

319 2975 403 3039 ὠς
435 2969 972 3038 κατακυριεύοντες
993 2963 1114 3017 τῶν
1149 2960 1412 3028 κλήρων,
1449 2959 1586 3010 ἀλλ’
1618 2955 1698 3020 ὡς
1725 2955 1902 3008 τύποι

321 3064 626 3134 γινόμενοι
664 3057 772 3112 τοῦ
819 3053 1101 3122 ποιμνίου
1127 3068 1142 3082 ο
1176 3048 1276 3102 καὶ
1313 3041 1760 3116 φανερωθέντος
1795 3039 1902 3093 τοῦ

321 3131 768 3221 ἀρχιποίμενος,
831 3141 1132 3213 κομιεῖσθε
1181 3140 1287 3192 τὸν
1343 3139 1747 3206 ἀμαράντινον
1790 3132 1900 3202 τῆς
1929 3131 1972 3190 C

319 3243 510 3309 δόξης
529 3240 856 3309 στέφανον.

317 3359 456 3412 Ὀτι
524 3359 578 3410 οί
659 3350 1046 3417 ὀνειδίζοντες
1081 3349 1220 3414 τοὺς
1280 3346 1656 3417 καίηρικοίιὶνς,Δ
1689 3342 1786 3395 διὰ
1836 3340 1904 3417 τὸ

389 3411 668 3492 τετάχθαι
699 3426 768 3478 ἐν
807 3411 1138 3488 Ἐκκλησία
1155 3411 1334 3489 χωρίς
1353 3411 1608 3481 δῦσεων,
1634 3411 1905 3482 ἐπιτιμίῳ

389 3499 765 3553 ὑπόκεινται.

384 3596 432 3643 ε’
473 3585 742 3657 Ἀμαρτία
773 3582 910 3655 πρὸς
943 3581 1176 3635 θάνατον
1213 3580 1383 3642 ἐστὶν,
1406 3578 1535 3631 ὅταν
1561 3575 1705 3636 τινὲς
1728 3575 1906 3644 ἁμαρ-

314 3684 600 3744 τάνοντες,
632 3676 954 3748 ἀδιόρθωτοι
989 3673 1236 3744 μείνωσι.
1270 3671 1343 3723 Τὸ
1381 3669 1437 3722 δὲ
1461 3668 1654 3720 τούτου
1701 3669 1902 3737 χεῖρον,

313 3778 420 3847 sev
441 3773 535 3825 καὶ
555 3768 956 3842 τραχηλιῶντες
986 3763 1472 3827 κατεξανίστανται
1497 3759 1598 3829 τῆς
1624 3757 1906 3820 εὐσεϐείας

313 3869 417 3920 καὶ
465 3865 564 3932 τῆς
607 3860 887 3930 ἀληθείας,
922 3855 1334 3926 προτιμώμενοι
1384 3853 1476 3904 τὸν
1514 3852 1779 3919 μαμωνᾶν
1808 3851 1906 3918 τῆς

311 3955 412 4010 τοῦ
455 3954 591 4008 Θεοῦ
640 3951 908 4020 ὑπακοῆς,
939 3949 1037 4000 καὶ
1090 3946 1198 3998 τῶν
1237 3943 1539 3998 κανονικῶν
1574 3941 1740 3994 αὐτοῦ
1791 3941 1906 3993 δια-

313 4049 532 4116 τάξεων
561 4047 636 4117 μὴ
687 4044 1057 4113 ἀντεχόμενοι.
1107 4040 1195 4092 Ἐν
1239 4037 1451 4097 τούτοις
1497 4036 1598 4087 οὐκ
1649 4034 1765 4086 ἐστι
1795 4034 1906 4084 Κύ-

317 4157 444 4212 ριος
491 4141 520 4190 ὁ
582 4136 734 4200 Θεὸς,
786 4137 834 4186 εί
895 4133 1061 4203 μήπω
1123 4129 1572 4193 ταπεινωθέντες,
1629 4127 1722 4180 τοῦ
1775 4126 1904 4178 ἰδίου

318 4229 646 4300 σφάλματος
706 4221 1065 4291 ἁνανήψουσι.
1121 4219 1246 4288 Χρὴ
1295 4218 1405 4288 γὰρ
1455 4215 1658 4285 μᾶλλον
1711 4213 1908 4274 αὐτοὺς

316 4315 724 4392 προσέρχεσθαι
773 4313 852 4383 τῷ
899 4311 1038 4381 Θεῷ,
1093 4312 1186 4362 καὶ
1241 4310 1380 4379 μετὰ
1439 4305 1907 4375 συντετριμμένης

317 4411 576 4483 καρδίας,
607 4409 706 4478 τὴν
731 4407 926 4475 ἄφεσιν
949 4403 1142 4456 τούτου
1163 4401 1257 4454 τοῦ
1282 4399 1678 4470 ἁμαρτήματος
1695 4399 1788 4450 καὶ
1807 4397 1906 4466 τὴν

2001 1865 2265 1934 aliquem,
2310 1863 2396 1918 vel
2431 1864 2803 1918 venerandum
2831 1860 3090 1930 templum
3122 1860 3394 1922 claudere,
3425 1876 3494 1913 ne
3528 1859 3582 1912 in

2001 1972 2065 2012 eo
2115 1956 2298 2010 divina
2327 1955 2460 2009 [iant
2490 1952 2818 2016 ministeria,
2841 1952 2907 2006 ad
2935 1952 2986 2005 id
3011 1951 3156 2020 quod
3187 1960 3397 2004 nonest
3418 1965 3583 2004 sensu

2001 2046 2287 2118 praeditum
2316 2060 2472 2100 suam
2505 2043 2774 2098 insaniam
2803 2041 3124 2108 immittens,
3142 2049 3225 2096 est
3251 2054 3440 2094 revera
3466 2039 3586 2092 sine

2003 2155 2191 2204 sensu,
2225 2148 2278 2193 et
2315 2135 2532 2191 talionis
2555 2136 2659 2190 erit
2683 2133 2787 2203 legi
2816 2133 3110 2198 obnoxius,
3144 2141 3200 2188 et
3233 2132 3386 2186 labor
3411 2132 3584 2200 ipsius

2003 2231 2058 2285 in
2093 2237 2258 2297 caput
2293 2227 2414 2297 ejus
2446 2225 2686 2292 redibit,
2731 2233 2790 2278 ut
2835 2226 2930 2294 qui
2983 2226 3055 2280 sit
3087 2223 3326 2278 mandati
3379 2223 3474 2277 Dei
3531 2231 3586 2278 ct

2003 2316 2427 2386 apostolicarum
2467 2313 2822 2368 traditionum
2874 2323 3268 2383 transgressor.
3321 2313 3586 2382 Praecepit

2007 2409 2152 2464 enim
2187 2417 2240 2462 et
2278 2407 2473 2463 Petrus
2519 2423 2776 2477 suprema
2815 2407 3189 2477 apostolorum
3241 2408 3531 2460 summitas
3567 2423 3583 2460 :

2003 2500 2221 2556 Pascite
2268 2517 2476 2572 gregem
2507 2501 2745 2566 Domini,
2777 2502 3137 2570 episcopatum
3179 2508 3444 2570 gerentes,
3481 2516 3586 2552 non

2001 2611 2094 2663 per
2121 2594 2245 2659 vim,
2287 2593 2378 2648 sed
2411 2604 2595 2664 sponte
2623 2611 2686 2648 ac
2722 2593 3038 2660 voluntarie,
3067 2595 3354 2648 secundant
3388 2593 3586 2648 Deum°

2004 2701 2166 2755 neque
2197 2685 2367 2754 turpis
2405 2684 2545 2737 lucri
2567 2685 2768 2754 gratia,
2804 2685 2897 2738 sed
2935 2694 3170 2754 prompte
3202 2693 3250 2737 et
3281 2685 3533 2738 alacriter
3565 2698 3585 2739 :

2005 2793 2096 2830 nec
2126 2787 2182 2830 ut
2206 2777 2320 2847 68
2349 2776 2682 2829 dominatum
2703 2777 2758 2828 in
2781 2775 2978 2830 clerum
3005 2776 3316 2842 obtinentes,
3347 2777 3436 2830 sed
3465 2793 3587 2846 gre-

2004 2867 2082 2937 gis
2116 2865 2444 2935 exemplaria
2475 2865 2780 2919 exsistentes
2808 2882 2830 2930 ;
2887 2875 2936 2919 et
2988 2881 3107 2920 cum
3138 2883 3374 2920 summus
3405 2875 3589 2935 pastor

2005 2961 2332 3030 apparuerit,
2364 2974 2482 3029 qua:
2503 2973 2595 3010 nec
2630 2959 2899 3028 corrumpi
2927 2975 3020 3013 nec
3047 2973 3367 3013 marcescere
3390 2965 3586 3028 potest,

2007 3051 2188 3123 gloria:
2217 3069 2466 3108 coronam
2489 3055 2724 3124 referetis
2747 3053 2817 3109 ⁸³.

2013 3319 2078 3375 Ut
2111 3321 2150 3374 ii
2175 3321 2264 3390 qui
2293 3319 2510 3373 clericos
2534 3318 2736 3390 injuria
2767 3317 2998 3386 afﬁciunt
3022 3317 3159 3390 quod
3183 3317 3294 3370 sine
3343 3316 3463 3368 auri
3495 3316 3594 3390 da-

2073 3388 2212 3444 tione
2236 3391 2449 3460 fuerunt
2500 3389 2556 3442 in
2589 3389 2824 3442 Ecclesia
2872 3389 3144 3440 constituti
3197 3403 3360 3455 poena:
3401 3388 3590 3456 subja~

2079 3479 2204 3515 cean
2215 3471 2253 3514 t.

2081 3553 2133 3606 5'.
2165 3551 2262 3605 Est
2291 3559 2578 3618 peccatum
2617 3547 2685 3602 ad
2733 3556 2992 3612 mortem,
3046 3545 3267 3616 quando
3297 3553 3592 3614 peccantes

2011 3646 2183 3714 aliqui
2211 3633 2436 3698 manent
2455 3642 2880 3711 ineorrigibiles.
2906 3640 3021 3694 lloc
3039 3650 3220 3694 autem
3237 3639 3591 3706 estdeterius,

2007 3739 2228 3808 quando
2261 3746 2315 3791 et
2351 3745 2531 3791 erecta
2565 3736 2776 3790 cervice
2806 3736 3072 3790 adversus
3099 3735 3357 3804 pietatem
3396 3745 3450 3786 et
3500 3749 3594 3788 ve-

2007 3831 2222 3884 ritatem
2261 3831 2589 3899 insurgunt,
2624 3841 2936 3881 mammona
2965 3827 3061 3880 Dei
3093 3826 3415 3880 obcdientiaa
3448 3841 3590 3894 prte-

2008 3924 2269 3988 ferentes,
2306 3931 2360 3976 et
2409 3922 2530 3991 ejus
2582 3921 2881 3976 canonicas
2916 3920 3338 3974 constitutiones
3371 3935 3480 3972 non
3511 3919 3593 3974 fe-

2006 4025 2208 4072 rentes.
2247 4012 2302 4066 In
2357 4014 2425 4068 iis
2477 4028 2609 4082 ergo
2657 4028 2766 4066 non
2808 4022 2892 4066 est
2937 4011 3205 4066 Dominus
3245 4011 3426 4075 Deus,
3480 4012 3592 4066 nisi

2007 4107 2149 4161 forte
2176 4105 2470 4158 humilitati
2503 4121 2530 4157 a
2565 4119 2666 4158 suo
2719 4103 2915 4158 delicto
2963 4103 3312 4172 resipuerint.
3360 4099 3592 4170 Oportet

2007 4199 2153 4253 enim
2196 4213 2260 4252 eo
2298 4197 2474 4268 magis
2501 4195 2614 4249 Deo
2641 4196 2974 4264 supplicare,
3013 4205 3066 4248 et
3100 4209 3224 4248 cum
3255 4196 3420 4248 corde
3454 4209 3590 4248 con-

2007 4293 2140 4346 trito
2166 4291 2330 4360 hujus
2360 4290 2574 4360 peccati
2619 4289 3006 4342 remissionem
3041 4295 3097 4340 et
3129 4286 3586 4340 condonationem

2009 4397 2222 4456 petere,
2280 4395 2337 4439 et
2393 4399 2504 4438 non
2561 4382 2627 4436 de
2667 4380 2854 4434 illicita
2885 4379 3180 4434 donatione
3219 4392 3278 4431 se
3330 4377 3580 4446 jactare:

319 4464 678 4572 σῦγχὼρησιν
703 4464 992 4558 αἰτεῖσθαι,
1017 4493 1138 4562 οὐχὶ
1161 4464 1560 4561 ἀναϐρύνεσθαι
1588 4493 1654 4560 τῇ
1680 4464 1904 4557 ἀθέσμιρ

2011 4476 2148 4529 Deus
2178 4476 2317 4528 enim
2354 4489 2512 4543 prope
2541 4481 2619 4525 est
2669 4471 2735 4523 iis
2765 4469 2856 4540 qui
2901 4475 3022 4520 sunt
3065 4467 3296 4520 contrito
3327 4465 3483 4519 corde
3515 4464 3584 4518 ⁸³.

315 4596 492 4648 δόσει.
536 4590 730 4660 Ἐγγὺς
759 4591 868 4659 γὰρ
901 4586 1106 4655 Κύριος
1133 4587 1242 4647 τοῖς
1293 4581 1775 4652 συντετριμμένοις
1805 4580 1902 4650 τὴν

319 4687 579 4760 καρδίαν.
613 4685 750 4744 Τοὺς
781 4680 874 4734 οῦν
911 4679 1376 4748 ὲγκαυχωμένους
1408 4675 1496 4728 διὰ
1539 4675 1738 4736 δόσεως
1770 4689 1903 4743 χρυ·

322 4780 444 4833 σίου
501 4773 763 4842 τετάχθαι
825 4771 882 4823 ὲν
937 4769 1274 4838 Ἐκκλησία,
1339 4765 1434 4818 καὶ
1479 4763 1652 4834 ταύτῃ
1692 4766 1758 4834 τῇ
1807 4780 1902 4815 πο-

322 4869 468 4940 νηρᾷ
514 4863 775 4934 συνηθείᾳ
816 4860 1212 4924 ὲπελπίζοντας
1266 4859 1333 4927 τῇ
1384 4853 1740 4925 ἀλλοτριοὺσῃ
1794 4851 1902 4906 ἀπὸ

319 4959 460 5015 Θεοῦ
511 4958 606 5011 καὶ
643 4955 822 5024 πάσης
873 4950 1196 5024 ἱερωσύνης,
1229 4949 1325 5002 καὶ
1379 4949 1443 5000 ὲκ
1471 4945 1662 4998 τούτου
1693 4944 1904 4998 ἀναιδεῖ

2009 4567 2118 4622 Eos
2153 4581 2304 4636 ergo,
2332 4566 2422 4636 qui
2449 4580 2544 4634 per
2565 4563 2686 4616 auri
2716 4562 2992 4615 dationem
3021 4573 3081 4614 se
3113 4557 3285 4612 fuisse
3318 4560 3370 4610 in
3398 4556 3586 4612 Eccle-

2009 4660 2088 4713 sia
2117 4657 2450 4712 constitutos
2481 4653 2812 4726 gloriantur,
2827 4661 2880 4706 et
2917 4651 2971 4704 in
2993 4665 3056 4705 ea
3082 4650 3325 4720 improba
3350 4663 3589 4704 consue-

2009 4751 2196 4808 tudine
2224 4765 2374 4819 spem
2407 4749 2628 4811 hahent,
2665 4762 2788 4816 qua:
2813 4761 2843 4800 a
2869 4743 2980 4798 Deo
3013 4753 3067 4798 et
3103 4743 3173 4797 ab
3207 4743 3356 4798 omni
3403 4756 3588 4797 sacer-
3675 4765 3678 4768 -

2006 4839 2158 4892 «lotio
2188 4839 2428 4902 alienat;
2482 4844 2538 4890 et
2590 4835 2714 4890 ideo
2747 4834 3063 4904 impudente
3115 4833 3310 4898 vultu,
3371 4841 3428 4886 et
3490 4847 3586 4886 oro

2005 4943 2224 5000 aperto,
2254 4927 2542 5000 probrosis
2581 4936 2636 4982 et
2670 4925 3088 4982 contumeliosis
3126 4925 3307 4980 verbis
3343 4939 3459 4990 eos,
3491 4924 3585 4993 qui

325 5050 607 5123 προσώπῳ
637 5047 732 5100 καὶ
759 5041 1193 5114 ἁπερικαλύπτῳ
1229 5037 1479 5108 στὸματι,
1523 5035 1904 5098 ὀκιειδιστικοίς

2004 5033 2229 5094 propter
2260 5031 2441 5078 actam
2473 5037 2538 5076 ex
2594 5020 2798 5076 virtute
2851 5019 3017 5074 vitam
3055 5033 3085 5071 a
3139 5025 3331 5074 sancto
3377 5017 3586 5088 Spiritu

323 5107 504 5209 λέγοις
532 5107 658 5201 τοὺς
688 5135 755 5190 δι’
784 5107 986 5207 ἀρετῆς
1011 5131 1126 5202 βίου
1159 5107 1264 5184 ὑπὸ
1279 5107 1372 5181 τοῦ
1399 5125 1566 5196 ἁγίου
1594 5125 1907 5196 [Ινεύματος

2004 5117 2194 5171 selecti
2227 5114 2578 5184 ordinatique
2602 5119 2730 5168 sunt
2757 5120 2954 5180 praeter
2977 5109 3098 5164 auri
3127 5107 3427 5171 dationem,
3459 5108 3586 5160 vili—

325 5199 674 5301 ὲκλεγέντας,
734 5199 836 5281 καὶ.
877 5199 1289 5291 καταταγέντας
1335 5220 1494 5282 ἐκτὸς
1544 5219 1742 5280 δόσεως
1784 5233 1911 5286 χρυ-

2004 5210 2249 5283 pendunt
2279 5223 2345 5264 ac
2363 5207 2681 5278 negligunt;
2715 5203 2954 5274 primum
2981 5201 3200 5272 quidem
3231 5215 3326 5256 eos
3355 5200 3449 5269 qui
3479 5199 3588 5254 hoc

329 5326 445 5378 σίου
478 5322 862 5393 ἀτιμάζοντας,
893 5317 1088 5390 πρῶτα
1126 5314 1225 5386 μὲν
1261 5313 1420 5367 τοῦτο
1479 5313 1788 5374 ποιοῦντας,
1818 5309 1909 5362 τὸν

2006 5303 2218 5359 faciunt
2245 5299 2501 5355 ultimum
2548 5293 2758 5366 proprii
2797 5291 3010 5349 ordinis
3043 5289 3271 5360 gradum
3316 5299 3582 5342 sumere:

329 5415 555 5486 ἔσχατον
585 5412 794 5484 βαθμὸν
829 5407 1133 5479 λαμϐάνειν
1179 5403 1274 5458 τοῦ
1330 5403 1534 5458 οἰκείου
1589 5404 1905 5471 τάγματος·

331 5511 380 5562 ei
433 5509 493 5562 δὲ
535 5507 866 5578 ὲπιμένοιεν,
893 5503 960 5557 δι’
1011 5498 1288 5569 ἐπιτιμίου
1335 5495 1703 5570 διορθοῦσθαι.
1735 5495 1798 5548 El
1845 5493 1906 5547 δέ

330 5615 413 5662 τις
444 5599 536 5652 ἐπὶ
567 5599 875 5670 χειροτονίᾳ
913 5595 1055 5664 φανῇ
1105 5590 1263 5648 τοῦτό
1288 5605 1418 5643 ποτε
1451 5586 1789 5661 πεποιηκὼς,
1820 5603 1906 5658 γι-

403 5711 472 5744 ⁷³⁶
507 5713 631 5770 Act.
670 5729 762 5778 xx,
802 5713 872 5768 35
905 5727 1086 5782 seqq,
1167 5707 1211 5744 "
1255 5707 1436 5765 [COP-
1471 5723 1548 5770 Vl»
1587 5704 1641 5760 9-

2007 5399 2092 5454 siu
2125 5403 2306 5452 autem
2337 5388 2850 5463 perseveraverint,
2903 5384 3110 5439 inﬂicta
3155 5394 3372 5454 quoque
3423 5393 3586 5450 poma

2009 5489 2216 5560 corrigi
2249 5485 2616 5543 decernimus.
2669 5481 2726 5536 Si
2759 5480 2884 5551 quis
2917 5487 3101 5533 autem
3134 5478 3188 5532 in
3241 5473 3588 5531 ordinatione

2010 5584 2117 5640 hoc
2146 5580 2480 5653 quandoque
2533 5574 2732 5630 fecisse
2779 5572 2931 5628 visus
2969 5569 3172 5634 fuerit,
3225 5566 3318 5620 tiat
3365 5571 3426 5618 ut
3473 5566 3587 5619 vult

1755 5703 1802 5736 ⁷³
1837 5701 1858 5756 l
1887 5702 2030 5759 Petr.
2074 5716 2130 5767 v,
2174 5699 2298 5754 2-4.
2372 5697 2420 5729 ’⁸
2451 5692 2596 5752 Psal.
2625 5703 2783 5755 χχιιι,
2819 5687 2905 5745 19.
