4122 6442
587 253 689 318 1519

1729 254 1994 313 ΡΠΠΤΙΙ
2041 253 2548 316 ΡΑΤΒΙΛΠΕΠᾸΕ
2582 254 2688 316 CP.

3762 259 3863 323 520

587 382 767 422 canon
808 366 1171 438 apostolicus,
1211 366 1305 437 qui
1330 366 1464 421 dicit
1504 383 1517 419 :
1562 364 1617 420 Si
1649 367 1773 436 quis
1806 365 1855 398 ⁸⁸
1883 368 2159 436 episeopu:

2278 368 2453 422 νέσθω
2484 369 2625 421 κατὰ
2657 368 2750 421 τὸν
2801 368 3161 425 ἀποστολικδν
3202 372 3403 426 κανόνα
3440 374 3540 426 τὸν
3593 374 3822 443 λέγοντα
3851 389 3865 408 ⁸

584 475 683 529 per
719 461 987 529 pecunias
1018 460 1161 513 hanc
1218 460 1289 514 sit
1349 460 1671 528 dignitatem
1710 469 2028 523 assecutus,
2086 460 2172 514 vel

583 552 894 623 presbyter,
921 554 1008 607 vel
1041 553 1331 616 diaconus,
1380 552 1687 620 deponatur
1729 562 1786 605 et
1841 552 1957 621 ipse
1988 560 2043 606 et
2075 552 2171 622 qui

582 646 884 713 ordinavit,
924 655 980 700 et
1016 647 1373 701 exscindatur
1407 646 1635 699 omnino
1676 660 1705 698 a
1753 648 2170 713 communione,

583 744 645 790 ut
672 736 785 807 69
821 736 1011 791 Simo"
1045 736 1244 807 Magus
1283 752 1313 790 a
1348 751 1435 791 me
1464 735 1645 791 Petro.
1681 735 1746 790 Et
1772 738 2050 793 secundus
2077 752 2172 791 ca-

585 844 690 883 non
716 840 1033 884 sanctorum
1054 828 1395 896 Patrum,qui
1410 826 1755 882 Chalcedone
1771 837 2169 888 convenerunt.

581 922 676 990 qui
715 921 849 974 dicit
879 940 892 974 :
924 922 981 974 Si
1013 920 1139 989 quis
1165 920 1209 951 ⁷⁸
1250 921 1543 989 episcopus
1580 921 1832 990 pecuniis
1864 920 2171 973 ordinatio-

581 1024 709 1063 nem
738 1008 951 1073 fecerit,
992 1017 1045 1062 et
1080 1024 1186 1062 non
1218 1010 1465 1062 venalem
1496 1011 1727 1079 gratiam
1760 1011 1812 1063 in
1835 1012 2166 1081 emptionem

581 1100 890 1163 deduxerit,
948 1108 1003 1153 et
1043 1100 1293 1168 pecuniis
1326 1102 1671 1157 ordinaverit
1700 1104 2045 1173 episcopum,
2085 1104 2169 1158 vel

579 1192 1066 1259 chorepiscupum,
1105 1192 1190 1245 vel
1244 1194 1647 1263 presbyterum,
1706 1194 1794 1248 vel
1848 1196 2166 1260 diaconum,

578 1281 663 1333 vel
692 1280 929 1346 aliquem
964 1294 1152 1334 eorum
1186 1283 1281 1350 qui
1316 1282 1369 1335 in
1419 1283 1568 1337 clero
1598 1293 1998 1338 enumerantur
2023 1323 2038 1349 ,
2083 1284 2167 1338 vel

579 1369 828 1438 pecuniis
853 1373 1191 1439 promoverit
1230 1387 1581 1426 (economum
1606 1412 1621 1436 ,
1674 1374 1761 1428 vel
1796 1375 2166 1439 defensorem,

578 1462 660 1514 vel
684 1463 1153 1530 paramouarium,
1190 1467 1275 1519 vel
1311 1467 1539 1519 omnino
1565 1465 1804 1535 aliquem
1851 1482 1915 1521 ex
1958 1482 2168 1521 canone

580 1553 757 1621 turpis
797 1554 931 1605 lucri
966 1556 1141 1623 gratia
1176 1574 1189 1608 :
1225 1555 1319 1624 qui
1350 1555 1453 1611 hoc
1485 1572 1778 1626 aggressus
1818 1571 1940 1610 esse
1969 1556 2164 1611 convi-

577 1654 699 1697 ctus
752 1643 938 1710 fuerit,
998 1646 1204 1715 proprii
1238 1647 1439 1715 gradus
1489 1648 1541 1700 id
1577 1648 1741 1701 faciat
1790 1648 2075 1717 periculo:
2109 1658 2165 1702 et

576 1736 671 1805 qui
708 1737 1029 1800 ordinatur,
1082 1753 1145 1791 ex
1197 1752 1258 1792 ea
1293 1739 1641 1794 ordinatione
1675 1741 1759 1794 vel
1792 1740 2161 1809 promotione,

575 1841 701 1895 qua:
732 1830 913 1895 pretio
952 1827 1078 1881 dato
1105 1826 1280 1881 instar
1316 1837 1641 1883 mercaturae
1675 1828 1820 1883 facta
1866 1838 1985 1893 est,
2026 1829 2161 1883 nihil

576 1918 796 1988 juvetur
826 1934 840 1972 :
874 1918 967 1971 sed
1002 1920 1075 1972 sit
1104 1919 1321 1975 alienus
1360 1935 1389 1973 a
1429 1920 1692 1990 dignitate
1714 1962 1730 1987 ,
1775 1920 1858 1974 vel
1912 1935 2159 1985 munere,

579 2026 675 2065 seu
704 2012 991 2065 curatione
1020 2051 1036 2075 ,
1074 2026 1239 2079 quam
1278 2013 1529 2080 pecuniis
1583 2022 1869 2067 assecutus
1926 2023 2032 2066 est.
2103 2011 2160 2065 Si

578 2104 705 2175 quis
736 2113 921 2157 autem
972 2103 1138 2157 rebus
1184 2103 1323 2157 adeo
1359 2103 1609 2172 turpibus
1637 2113 1691 2157 et
1740 2104 1907 2158 lucris
1959 2103 2160 2156 illicitis

578 2198 911 2253 intercassor
944 2211 1040 2251 seu
1082 2208 1366 2265 εειιιιυειοι⁸
1414 2196 1754 2266 apparuerit,
1786 2196 1876 2250 hic
1916 2210 2158 2264 quoque,

582 2289 630 2343 si
685 2289 757 2342 sit
792 2288 1014 2357 quidem
1045 2289 1281 2342 clericus
1307 2329 1322 2353 ,
1383 2303 1413 2340 a
1452 2288 1669 2357 proprio
1702 2289 1871 2355 gradu
1904 2287 2156 2351 excidat;

579 2379 666 2435 sin
699 2386 882 2433 autem
914 2377 1114 2444 laicus,
1141 2379 1227 2433 vel
1260 2379 1591 2444 monachus,
1623 2384 1959 2447 segregetur.

581 2653 650 2710 Ut
684 2656 798 2709 sine
822 2654 1124 2709 muneribus
1157 2654 1290 2723 ﬁant
1334 2655 1712 2708 monachorum
1741 2670 1806 2708 ac
1847 2654 2158 2709 moniaiium

1163 2749 1571 2803 nominationes.

646 2840 737 2895 19.
780 2836 955 2893 Tanta
1002 2837 1362 2893 exsecrabilis
1423 2838 1667 2893 avaritiae
1704 2838 1854 2892 labes
1884 2836 2158 2893 Ecclesia-

582 2946 705 2985 rum
727 2929 1015 3000 praefectos
1040 2928 1265 2992 invasit,
1306 2938 1367 2983 ut
1412 2930 1661 2984 nonnulli
1695 2944 1885 2984 eorum
1912 2928 2154 2982 virorum

577 3038 643 3079 ac
674 3023 991 3087 mulierum,
1020 3022 1110 3090 qui
1145 3022 1216 3090 pii
1248 3036 1313 3076 ac
1353 3021 1600 3092 religiosi
1625 3021 1907 3086 dicuntur,
1940 3021 2155 3074 Domini

2276 461 2351 514 El
2377 478 2467 526 τις
2496 461 2832 522 ἐπίσκοπος
2862 460 2963 516 διὰ
3010 463 3333 533 χρημάτων
3379 464 3492 535 τῆς
3519 467 3703 533 ἀξίας
3730 468 3861 522 ταύ-

2272 567 2381 617 της
2394 549 2687 619 ἐγκρατὴς
2705 555 2969 620 γένηται,
2992 554 3029 620 ἡ
3053 556 3480 621 πρεσϐύτερος,
3498 556 3538 623 ἢ
3557 556 3862 622 διάκονος,

2272 644 2664 709 καθαιρείσθω
2697 648 2794 695 καὶ
2819 645 3004 709 αὐτὸς
3034 644 3132 697 καὶ
3176 646 3210 697 ό
3263 646 3734 713 χειροτονήσας,
3764 649 3865 699 καὶ

2271 735 2789 791 ἐκκοπτέσθωσαν
2846 739 3198 793 παντάπασι
3254 741 3352 793 καὶ
3401 742 3737 805 κοινανάς
3782 740 3861 805 ὡς

2269 828 2470 897 Σίμων
2483 830 2516 882 ό
2524 828 2719 899 μάγος
2736 830 2837 883 ὑπ’
2856 828 3005 899 ἐμοῦ
3024 831 3275 899 Πέτρου.
3305 830 3587 894 Ὡσαύτως
3610 830 3865 884 καὶκατὰ

2270 919 2361 973 τὸν
2388 917 2639 991 δεύτερον
2672 919 2873 973 κανόνα
2911 919 3022 972 τῶν
3074 922 3133 973 ὲν
3165 921 3470 992 Χαλκηδόνι
3509 921 3684 973 ὁσίων
3746 920 3860 971 Πα-

2269 1010 2444 1081 τέρων
2478 1011 2636 1082 ἡμῶν
2686 1009 2778 1064 τὸν
2830 1008 3059 1077 λέγοντα
3090 1027 3103 1041 ·
3138 1012 3209 1063 ει
3240 1027 3333 1076 τις
3380 1012 3728 1075 ἐπίσκοπος
3763 1010 3864 1062 ἐπὶ

2269 1101 2534 1170 χρήμασι
2566 1106 2944 1171 χειροτονίαν
2992 1102 3332 1167 ποιήσοιτο,
3365 1101 3463 1155 καὶ
3499 1102 3593 1167 είς
3632 1099 3861 1169 πράσιν

2268 1194 2589 1264 καταγάγοι
2618 1194 2732 1263 τὴν
2762 1197 3035 1264 ἄπρατον
3068 1194 3266 1264 χάριν,
3298 1194 3398 1248 καὶ
3435 1193 3863 1264 χειροτονήσοι

2266 1284 2362 1337 ἐπὶ
2414 1286 2720 1354 χρήμασιν
2781 1287 3121 1341 ἐπίσκοπον
3184 1287 3223 1354 ἢ
3294 1287 3769 1354 χωρεπίσκοπον
3821 1283 3858 1351 ἦ

2268 1378 2673 1443 πρεσϐύτερον
2701 1417 2717 1443 ,
2760 1378 2798 1445 ἢ
2846 1377 3133 1431 διάκονον
3174 1377 3213 1445 ἤ
3280 1393 3414 1430 τινα
3474 1376 3602 1429 τῶν
3651 1376 3725 1428 ἐν
3778 1374 3858 1439 τῷ

2268 1467 2471 1534 κλήρῳ
2503 1469 3082 1537 καταριθμουμένων,
3108 1471 3146 1536 ἢ
3186 1471 3553 1535 προϐάλοιτο
3585 1468 3686 1520 ἐπὶ
3717 1466 3859 1535 χρή-

2260 1574 2454 1627 μασιν
2485 1561 2806 1629 οἰκονόμον
2848 1562 2886 1628 ἣ
2928 1560 3171 1614 έκδικον
3220 1560 3256 1630 ἢ
3300 1559 3777 1629 παραμονὰριον,
3818 1559 3855 1626 ἢ

2270 1649 2427 1716 ὅλως
2456 1653 2587 1706 τινὰ
2618 1653 2725 1705 τοῦ
2779 1656 3052 1717 κανόνος,
3105 1653 3179 1706 δι’
3229 1652 3736 1721 αἰσχροκέρδειαν
3778 1654 3857 1704 cl-

2199 1719 2238 1776 Β
2271 1744 2462 1796 κείαν.
2511 1742 2574 1795 '0
2605 1744 2783 1797 τοῦτο
2834 1743 3224 1813 ἐπιχειρήσας
3270 1719 3604 1813 ἐλεγχθεὶς,
3647 1743 3853 1797 κινδυ-

2268 1830 2490 1885 νευέτω
2521 1835 2605 1898 εὶς
2646 1833 2755 1886 τὸν
2787 1832 2942 1886 ἴδιον
2981 1833 3244 1902 βαθμὸν,
3275 1834 3373 1887 καὶ
3408 1837 3441 1887 ό
3472 1832 3855 1902 χειροτονού-

2263 1937 2448 1989 μενος
2484 1920 2684 1989 μηδὲν
2726 1922 2795 1974 ἐκ
2843 1922 2952 1987 τῆς
2984 1925 3111 1976 κατ’
3159 1924 3452 1991 ἐμπορίαν
3501 1924 3853 1992 ὠφελείσθω

2269 2014 2643 2080 χειροτονίας
2694 2015 2733 2081 ἢ
2783 2014 3117 2083 προβολῆς,
3150 2015 3287 2069 ἀλλ’
3315 2015 3472 2068 ἕστω
3532 2016 3852 2083 ἀλλότριος

2267 2102 2379 2169 τῆς
2408 2104 2582 2170 ἀξίας
2615 2104 2652 2170 ἢ
2678 2105 2783 2159 τοῦ
2823 2108 3285 2175 φροντίσματος,
3329 2103 3522 2171 εὖτ-τερ
3555 2110 3657 2159 ἐπὶ
3710 2128 3729 2174 ;
3742 2106 3850 2174 ρήο

2260 2207 2455 2260 μασιν
2494 2194 2819 2261 ἕτυχεν.Εί
2855 2196 2923 2248 δέ
2969 2213 3059 2261 τις
3089 2200 3182 2249 xa‘
3234 2197 3578 2265 μεσιτεύων
3633 2196 3848 2265 φανείη

2266 2282 2391 2348 τοῖς
2414 2284 2603 2351 οὕτως
2639 2285 2917 2353 αισχροῖς
2949 2287 3050 2340 καὶ
3091 2289 3393 2354 ἀθεμίτοις
3425 2286 3727 2355 λήμμασι,
3753 2285 3848 2338 καί

2264 2369 2444 2439 οὗτος
2471 2377 2524 2428 εί
2550 2377 2668 2444 μὲν
2698 2378 2987 2445 κληρικὸς
3027 2378 3143 2444 ειη,
3173 2378 3243 2431 ἐκ
3278 2378 3385 2432 τοῦ
3423 2381 3655 2432 οἰκείου
3685 2378 3848 2430 ἐκπιφ

2264 2464 2457 2519 πτέτω
2508 2468 2749 2538 ,βαθμοῦ
2779 2486 2794 2501 ·
2822 2473 2874 2524 εί
2932 2470 3002 2523 δὲ
3044 2470 3262 2537 λαῖκὸς
3306 2470 3344 2539 ἢ
3380 2470 3846 2541 μοναχύς,ἁφο·

2204 2624 2207 2629 Ι
2260 2554 2525 2623 ριζέσθω.

2264 2649 2405 2715 Περὶ
2436 2649 2542 2703 τοῦ
2567 2649 2741 2718 ἐκτὸς
2763 2651 2994 2707 δόσεων
3023 2656 3129 2721 τὰς
3157 2656 3495 2726 κατατατὰς
3543 2656 3664 2710 τῶν
3694 2659 3844 2727 lepa-

2334 2738 2515 2792 τικῶν
2533 2742 2817 2813 μοναχῶν
2841 2762 2901 2798 τε
2934 2746 3029 2799 καί
3047 2747 3428 2816 μοναστριῶν
3480 2749 3775 2819 γίνεσθαι.

2338 2828 2424 2882 ιϐ’.
2439 2829 2703 2883 Τοσοῦτον
2720 2834 3066 2904 κατενεμήθη
3092 2834 3189 2903 τῆς
3207 2836 3575 2906 φιλαργυρίας
3602 2835 3662 2887 τὸ
3681 2833 3844 2905 μῦσος

2264 2921 2344 2984 εἰς
2370 2923 2498 2985 τοὺς
2552 2924 2826 2996 ἡγήτορας
2858 2926 2970 2979 τῶν
3018 2925 3553 2998 Ἐκκλησιῶν,ὦστε
3608 2927 3701 2980 καί
3758 2944 3840 2980 τι·-

2266 3028 2361 3074 νας
2406 3012 2515 3065 τῶν
2568 3012 2877 3084 λεγομένων
2936 3016 3182 3068 εὐλαϐῶν
3235 3016 3447 3087 ἀνδρῶν
3495 3034 3559 3070 τε
3606 3017 3701 3070 καὶ
3743 3033 3839 3084 γυ-

582 3111 990 3166 mandatiobliti
1015 3079 1294 3177 fallantur,
1316 3118 1371 3165 et
1411 3079 1506 3165 eos
1531 3113 1622 3181 qui
1668 3111 1733 3165 ad
1766 3110 2158 3165 sacerdotalem

2265 3103 2469 3156 ναικῶν
2498 3143 2513 3169 ,
2585 3106 3014 3176 ἐπιλαθομένους
3062 3106 3171 3160 τῶν
3226 3108 3456 3163 ἐντολῶν
3490 3108 3589 3162 τοῦ
3641 3108 3840 3179 Κυρίου

576 3204 827 3257 ordinem
879 3212 932 3256 et
967 3204 1135 3255 vitam
1186 3202 1546 3256 monasticam
1584 3204 1882 3266 accedunt,
1914 3202 2161 3271 pecuniis

578 3297 1000 3349 admittan'2et
1054 3307 1292 3361 quorum
1350 3294 1643 3363 reprobum
1700 3303 1784 3347 est
1810 3294 2160 3363 principium,

579 3386 897 3441 universum
961 3399 1183 3454 quoque
1244 3386 1603 3453 rejiciendum
1660 3384 1912 3447 ellicitur,
1974 3394 2033 3438 ut
2082 3384 2161 3439 ait

579 3496 811 3550 magnus
834 3477 1107 3532 Basilius:
1147 3492 1246 3531 nec
1275 3477 1419 3531 enim
1454 3475 1565 3530 Deo
1600 3477 1725 3530 licet
1754 3486 1808 3530 et
1833 3492 2161 3532 mammonae

575 3575 781 3628 servire
808 3572 874 3625 ⁸⁸.
926 3572 983 3624 Si
1016 3585 1139 3638 quis
1168 3584 1299 3639 ergo
1346 3569 1596 3624 iuventus
1640 3570 1802 3623 fuerit
1833 3571 1933 3624 hoc
1955 3568 2158 3638 facere,

574 3667 668 3737 qui
696 3666 800 3719 hoc
843 3665 994 3729 facit,
1034 3677 1081 3715 SI
1126 3663 1199 3716 sit
1256 3663 1474 3731 quidem
1510 3664 1821 3733 episcopus,
1846 3665 1928 3719 vel
1971 3681 2158 3719 mona-

576 3757 729 3810 sterii
760 3755 1071 3824 praefectus,
1107 3756 1189 3806 vel
1223 3769 1289 3806 ex
1322 3754 1658 3807 sacerdotali
1685 3755 1902 3819 ordine,
1930 3756 2009 3809 vel
2033 3771 2156 3811 ces-

575 3858 682 3915 set,
736 3850 817 3903 vel
874 3850 1179 3917 deponatur
1212 3858 1270 3901 ut
1302 3848 1419 3900 vult
1466 3862 1643 3901 canon
1694 3847 2158 3905 Chalcedonensis

577 3940 794 4011 synodi.
825 3936 920 3990 Sin
962 3948 1140 3991 autem
1167 3937 1481 3990 monasterii
1515 3937 1827 4006 pra-fectus,
1848 3938 1954 4007 70
1974 3953 2001 3990 a
2037 3952 2156 3992 mo-

584 4031 831 4085 nastez-io
855 4034 1203 4096 extrudatur,
1234 4038 1287 4082 et
1318 4029 1410 4082 alii
1444 4030 1777 4083 monasterio
1809 4031 2053 4083 tradatur
2087 4029 2155 4083 ad

575 4126 997 4195 subjectionem.
1042 4122 1307 4177 Similiter
1356 4131 1409 4175 et
1473 4121 1791 4176 monasterii
1841 4120 2153 4191 praefectus,

574 4222 667 4291 qui
692 4219 1018 4291 presbyterii
1068 4217 1470 4271 ordinationem
1529 4215 1711 4269 habet.
1754 4214 1827 4269 De
1878 4214 1945 4269 iis
1970 4225 2152 4268 autem

575 4330 697 4383 quae
742 4314 941 4366 dantur
986 4310 1173 4364 liberis
1216 4324 1247 4362 a
1277 4308 1597 4377 parentibus
1625 4307 1802 4361 instar
1855 4306 2036 4361 dotis:
2068 4308 2151 4361 vel

2261 3194 2691 3266 ἐξαπατηθῆναι,
2726 3198 2821 3250 καὶ
2870 3198 2957 3252 διά
2996 3199 3220 3269 χρυσίου
3278 3200 3376 3263 τὰς
3424 3201 3678 3271 εισδοχάς
3735 3199 3839 3251 τῶν

2261 3286 2718 3357 προσερχομένων
2751 3288 2830 3358 τῷ
2861 3305 2919 3341 τε
2954 3289 3216 3360 ἱερατικῷ
3244 3291 3483 3359 τάγματι
3513 3290 3612 3343 καὶ
3640 3288 3717 3360 τῷ
3743 3306 3837 3360 p.0-

2260 3381 2417 3448 νήρει
2472 3379 2571 3448 βίῳ
2626 3380 2935 3433 ποιεῖσθαν
2972 3381 3064 3433 καὶ
3093 3381 3304 3449 γίνεται
3350 3375 3426 3434 ὧν
3458 3383 3493 3452 ή
3534 3380 3679 3454 ἀρχὴ
3723 3380 3837 3435 ιΞιδό⁴

2261 3484 2422 3536 κιμος
2468 3468 2562 3521 καὶ
2615 3468 2674 3521 τὸ
2729 3471 2838 3522 πᾶν
2887 3469 3215 3540 ἀπόϐλητον,
3255 3470 3330 3534 ὣς
3374 3488 3543 3541 φησιν
3591 3475 3619 3526 ὁ
3673 3471 3838 3542 μέγας

2261 3559 2562 3623 Βασίλειος.
2615 3561 2750 3615 Οὐδὲ
2796 3562 2906 3633 γὰρ
2955 3562 3074 3632 Θεῷ
3128 3563 3218 3617 διὰ
3276 3566 3517 3633 μαμωνᾶ
3569 3564 3835 3617 δουλεύειν

2260 3650 2489 3715 ἔξεστιν.
2517 3652 2586 3707 Εἴ
2609 3670 2691 3715 τις
2721 3651 2813 3707 οὖν
2868 3653 3066 3725 εὐρεθῇ
3092 3654 3248 3707 τοῦτο
3286 3655 3479 3717 ποιῶν,
3504 3657 3556 3708 εἰ
3591 3655 3690 3727 μὲν
3719 3654 3836 3706 ,ἐι-εί⁴

2262 3760 2463 3806 σκοπος
2488 3744 2521 3815 ἢ
2554 3745 2855 3815 ἡγούμενος
2877 3748 2912 3817 ἦ
2944 3764 3027 3810 τις
3045 3746 3140 3799 τοῦ
3169 3747 3446 3817 ἱερατικοῦ
3483 3748 3765 3817 τυγχάνει,
3797 3744 3828 3813 ἢ

2258 3835 2560 3889 παυσάσθω
2578 3836 2611 3904 ἢ
2632 3838 3002 3909 καθαιρείσθω
3034 3854 3048 3870 ο
3079 3840 3218 3893 κατὰ
3249 3840 3339 3892 τὸν
3366 3840 3620 3912 δεύτερον
3643 3839 3833 3893 κανόνα

2259 3924 2361 3992 τῆς
2397 3926 2455 3977 ὲν
2486 3927 2790 3997 Χαλκηδόνι
2826 3929 2988 3995 ἁγίας
3031 3930 3270 3986 συνόδου.
3299 3931 3363 3983 Εἰ
3390 3930 3447 3983 δὲ
3512 3931 3827 4001 ἡγούμενος.

2258 4017 2615 4088 ὲκδιωχθήτω
2643 4022 2709 4074 ὲκ
2735 4020 2826 4073 τοῦ
2853 4039 3092 4091 μοναστη
3104 4023 3240 4091 ρίου,
3265 4024 3359 4076 καὶ
3387 4024 3747 4095 παραδοθήτω
3775 4024 3829 4073 ἐν

2258 4106 2429 4177 ἑτέρῳ
2482 4112 2831 4181 μοναστηρίῳ
2882 4112 3019 4182 πρὸς
3064 4114 3368 4185 ὑποταγήν.
3429 4116 3703 4179 Ὡσαύτως
3740 4116 3829 4167 καὶ

2256 4198 2558 4268 ἡγούμενος
2609 4201 2683 4272 μὴ
2741 4202 2880 4273 ἔχων
2938 4206 3279 4275 χειροτονίαν
3315 4209 3710 4280 πρεσϐυτέρου,
3740 4206 3827 4260 ἐπὶ

2253 4289 2311 4343 δὲ
2337 4291 2449 4344 τῶν
2479 4292 2631 4363 παρὰ
2665 4296 2861 4360 γονέων
2893 4295 3186 4367 διδομένων
3215 4298 3371 4369 δίκην
3407 4301 3695 4371 προικῲων
3719 4300 3826 4358 τοῖς

578 4382 741 4459 rebus
766 4406 881 4459 suis
905 4402 1145 4473 propriis
1166 4401 1388 4462 oblatis,
1444 4399 1825 4467 profitentibus
1854 4400 1915 4452 iis
1945 4400 2038 4467 qui
2086 4414 2149 4451 ea

2261 4382 2484 4446 τέκνοις,
2512 4384 2545 4452 ἢ
2568 4384 2881 4454 ἱδιοκτήτων
2906 4388 3086 4440 αὐτῶν
3115 4390 3454 4459 πραγμάτων
3482 4390 3825 4462 προσαγομέ-

572 4498 829 4561 offerunt,
864 4511 987 4549 esse
1053 4496 1163 4548 Deo
1213 4503 1554 4555 consecrata,
1594 4491 1885 4544 statuimus
1930 4499 1988 4543 ut
2034 4490 2148 4543 sive

572 4596 791 4652 exeant,
825 4602 887 4640 ea
917 4588 971 4639 in
1006 4586 1340 4638 monasterio
1362 4592 1634 4646 maneant,
1662 4591 1722 4635 ut
1765 4582 1866 4635 fuit
1904 4582 2149 4651 ipsorum

573 4679 877 4750 professio;
908 4680 1011 4733 nisi
1041 4680 1084 4733 is
1123 4679 1214 4749 qui
1239 4685 1433 4747 praeest
1458 4675 1515 4728 in
1531 4674 1685 4744 culpa
1719 4674 1903 4729 fuerit.

574 4942 768 4997 Basilii
812 4958 877 4997 ex
944 4942 1185 5012 Epistoia
1225 4942 1294 4995 ad
1363 4942 1777 5010 chorepiscopos.
1828 4941 1983 5007 Quod
2042 4957 2151 4995 non

869 5046 1107 5103 oporteat
1138 5038 1302 5104 pretio
1336 5052 1521 5089 manus
1562 5036 1848 5104 imponere.

647 5126 746 5181 Rei
778 5131 1081 5197 turpitudo,
1120 5127 1186 5181 de
1228 5144 1333 5197 qua
1376 5129 1577 5193 scribo,
1622 5128 1724 5180 hoc
1757 5128 1875 5195 ipso
1904 5123 2048 5194 quod
2095 5123 2151 5175 in

574 5217 948 5286 suspicionem
1000 5218 1226 5270 omnino
1271 5220 1417 5271 venit
1460 5232 1525 5270 ac
1574 5231 1906 5279 sermonem,
1966 5213 2152 5269 dolore

572 5310 817 5363 animum
863 5323 1042 5361 meum
1097 5307 1372 5377 implevit:
1430 5309 1694 5361 hactenus
1739 5320 1871 5359 sane
1919 5304 2035 5358 visa
2071 5312 2155 5357 est

574 5400 707 5453 mihi
735 5398 1090 5452 incredibilis.
1123 5397 1280 5463 Quod
1310 5413 1441 5467 ergo
1462 5398 1528 5451 dc
1560 5397 1650 5451 illa
1680 5394 1887 5459 scribo,
1916 5396 2008 5463 qui
2044 5394 2147 5448 sibi

573 5488 688 5555 ipse
723 5485 978 5539 conscius
1009 5494 1114 5551 est,
1159 5485 1391 5553 accipiat
1415 5494 1472 5538 ut
1517 5483 1816 5549 medelam;
1844 5480 1938 5550 qui
1962 5490 2142 5535 autem

643 5668 689 5698 ‘“
718 5666 853 5721 Can.
919 5664 1007 5719 '50.
1072 5664 1116 5693 ⁸⁵
1161 5663 1292 5718 Con.
1325 5662 1377 5713 ει.

2256 4490 2382 4540 νων,
2443 4475 2849 4543 ὁμολογούντων
2896 4477 3003 4531 τῶν
3040 4483 3425 4549 προσαγόντων
3466 4483 3640 4537 ταῦτα
3692 4478 3823 4535 εἶναι

2255 4564 2609 4633 ἁφιερωμένα
2642 4566 2721 4637 τῷ
2749 4566 2890 4637 Θεῷ,
2917 4568 3173 4639 ὁρίζομεν
3195 4572 3298 4625 κᾶν
3324 4588 3383 4624 τε
3410 4574 3612 4643 μείναι,
3645 4572 3743 4625 κάν
3767 4587 3824 4622 τε

2257 4652 2483 4717 ἐξέλθοι,
2522 4656 2710 4724 μένειν
2741 4658 2880 4711 αὐτὰ
2931 4659 2989 4711 ἐν
3036 4659 3115 4729 τῷ
3161 4664 3510 4734 μοναστηρίῳ
3558 4665 3698 4718 κατὰ
3731 4661 3823 4731 τὴν

2254 4747 2549 4818 ὑπόσχεσιν
2583 4750 2749 4803 αὐτοῦ
2772 4767 2787 4783 ο
2821 4753 2870 4804 εἰ
2921 4753 2996 4824 μὴ
3030 4749 3118 4827 ᾖὴ
3153 4756 3303 4810 αἰτία
3331 4758 3426 4812 τοῦ
3463 4758 3818 4830 προεστῶτος,

2250 4840 2346 4892 τοῦ
2373 4841 2608 4907 ἐξελθεῖν
2636 4843 2799 4897 αὑτὸν
2828 4844 3090 4915 δηλονότι.

2255 4934 2582 4986 Βασιλείου
2606 4934 2674 4986 ἐκ
2731 4932 2840 5003 τῆς
2895 4937 3047 5005 πρὸς
3096 4940 3241 5006 τοὺς
3283 4940 3659 5005 ἐπισκόπους
3703 4938 3822 4993 sm-

2326 5023 2559 5092 στολῆς
2580 5024 2737 5078 ὥστε
2773 5028 2859 5095 μὴ
2892 5031 3255 5097 χειροτονεῖν
3282 5032 3381 5086 ἐπὶ
3430 5034 3750 5101 χρήμασιν.

2328 5113 2400 5167 Τὸ
2426 5116 2519 5168 τοῦ
2550 5116 2874 5187 πράγματος
2916 5119 3116 5173 ἄτοπον
3152 5122 3283 5192 περὶ
3310 5116 3370 5176 οὗ
3397 5124 3612 5192 γράφω,
3641 5121 3725 5173 διὰ
3769 5115 3818 5167 τί

2260 5206 2358 5274 μὲν
2405 5207 2542 5271 ὅλως
2590 5210 2921 5282 ὑπωπτεύθη
2969 5215 3063 5265 καὶ
3110 5213 3369 5285 ἐλαλήθη,
3413 5217 3603 5285 ὀδύνης
3656 5208 3818 5277 ὲπλὴ·

2264 5298 2405 5366 ρωσέ
2437 5316 2539 5367 μου
2564 5300 2665 5371 τὴν
2693 5300 2892 5372 ψυχὴν,
2923 5302 3059 5366 τέως
3078 5303 3135 5357 δὲ
3170 5307 3343 5375 ἐφάνη
3372 5324 3459 5377 μοι
3485 5309 3723 5363 ἄπιστον.
3751 5296 3816 5349 Τὸ

2256 5388 2349 5442 οὖν
2379 5392 2511 5461 περὶ
2559 5392 2722 5446 αὐτοῦ
2768 5396 3025 5466 γράμμα,
3051 5396 3081 5447 ὀ
3125 5398 3225 5467 μὲν
3261 5399 3613 5467 συνεγνωκὼς
3649 5388 3817 5458 ἐαυτῷ

2252 5483 2497 5549 δεξάσθω
2526 5484 2603 5548 ὡς
2654 5486 2810 5557 ἴαμα,
2841 5489 2869 5541 ὁ
2899 5487 2957 5541 δὲ
3004 5488 3080 5559 μὴ
3132 5493 3485 5559 συνεγνωκὼς
3517 5493 3591 5553 ὡς
3621 5499 3813 5557 προφυ·
