4122 6446
335 271 434 337 521

1137 279 1538 340 SYNTAGMA
1569 281 1954 342 CANONUM.
1993 305 2062 314 —
2089 282 2238 342 TIT.
2287 283 2336 356 Ι,
2381 284 2538 346 CAP.
2576 287 2783 349 XXIV.

3477 293 3588 360 522

335 385 648 456 λακτήριον,
682 387 710 438 ὀ
755 385 812 438 δὲ
845 386 1135 458 ἀδιάφορος
1162 391 1301 462 ὅπερ
1325 393 1633 463 ἀπεύχομαι
1659 395 1742 462 ἐφ’
1778 395 1906 463 ὑμῖν

2011 407 2120 446 non
2149 397 2426 462 conscius,
2465 407 2520 451 nt
2543 397 3012 466 prmmnnitionem
3040 417 3056 466 ;
3087 400 3403 458 indiﬂ'ercns
3431 420 3582 467 vero.

333 475 624 546 εὑρεθῆναι
653 474 728 537 ὡς
777 475 864 528 διὰ
912 479 1240 547 μαρτυρίαν.
1275 481 1420 533 Τίδὲ
1467 483 1673 534 ἐστινὸ
1725 484 1904 553 λέγοις

333 567 468 635 φασί
501 565 648 628 τινές
679 583 834 629 τινας
863 567 1020 636 ὑμῶν
1047 569 1198 638 ποιρά
1241 569 1350 622 τῶν
1409 574 1905 643 χειροτονουμένων

331 657 633 728 λαμϐάνειν
685 661 974 729 χρήματα,
1043 661 1386 723 ἐπισκιάζειν
1438 663 1496 716 δὲ
1547 665 1768 734 ὀνόματι
1817 667 1911 719 εύ-

331 750 572 813 σεϐείας.
608 751 778 802 Τοῦτο
802 751 858 804 δὲ
886 752 1065 821 χεῖρόν
1097 754 1265 810 ἐστιν.
1311 755 1436 808 Ἐὰν
1461 757 1568 825 γάρ
1597 775 1680 819 τις
1708 759 1768 811 τὸ
1811 777 1913 813 κα-

331 842 428 894 κὸν
449 845 506 894 ἐν
533 845 880 913 προσχήματι
911 845 1004 897 τοῦ
1035 846 1239 914 ἀγαθοῦ
1275 853 1424 920 ποιῇ,
1456 851 1799 915 διπλασίονος
1828 871 1912 906 τι-

338 931 550 1000 μωρίας
597 933 742 982 ὲστὶν
781 933 930 997 ἄξιος
963 950 976 964 ·
1010 934 1146 988 διότι
1201 938 1331 990 αὐτό
1379 957 1438 990 τε
1479 940 1539 992 τὸ
1574 941 1674 993 οὐκ
1711 943 1913 1010 ἀγαθὸν

333 1021 650 1091 ἐργάζεται,
681 1023 774 1074 καὶ¹
817 1025 1080 1094 κέχρηται
1111 1029 1192 1091 εἰς
1239 1029 1298 1080 τὸ
1336 1031 1551 1084 τελέσαι
1591 1033 1688 1102 τὴν
1732 1036 1914 1105 ἁμαρ⁴

331 1115 473 1178 τίαν,
508 1115 584 1176 ὡς
615 1115 682 1168 ἂν
717 1116 862 1170 εἴποι
901 1135 1006 1180 τις,
1040 1120 1118 1191 τῷ
1165 1122 1314 1193 καλῷ
1346 1127 1611 1194 συνεργῷ.
1650 1128 1835 1181 Ταῦτα
1863 1131 1913 1182 εἰ

331 1202 504 1266 οὕτως
565 1204 697 1274 ἕχει,
733 1207 826 1258 τοῦ
877 1207 1064 1261 λοιποῦ
1105 1211 1178 1280 μὴ
1217 1213 1472 1280 γινέσθω,
1504 1217 1636 1270 ἀλλά
1685 1218 1914 1288 διορθω-

337 1293 485 1365 ὓήτω
519 1312 533 1325 ο
570 1298 692 1349 ἐπεὶ
732 1299 946 1371 ἀνάγκη
997 1302 1177 1370 λέγειν
1217 1306 1351 1376 πρὸς
1385 1307 1475 1359 τὸν
1529 1309 1816 1380 δεχόμενον
1853 1312 1914 1364 τὸ

334 1387 616 1456 ἀργύριον,
647 1389 785 1460 ὅπερ
834 1392 1034 1462 ἐρρέθη
1075 1397 1226 1466 παρά
1265 1399 1374 1450 τῶν
1411 1400 1720 1454 ἀποστόλων
1775 1403 1912 1472 πρὸς

333 1481 424 1532 τὸν
462 1481 684 1534 θέλοντα
719 1484 926 1550 δοῦναι,
953 1486 1038 1538 ἵνα
1085 1488 1402 1559 Πνεύματος
1437 1492 1592 1560 ἁγίου
1622 1495 1913 1562 μετουσίαν

333 1572 610 1644 ὠνήσηται
630 1593 642 1604 ·
669 1576 740 1629 Τὸ
757 1578 1040 1646 ἀργύριόν
1064 1596 1180 1634 σου
1204 1583 1326 1636 σὺν
1354 1585 1453 1637 σοι
1478 1588 1562 1650 εἰς
1583 1586 1910 1644 ἀπώλειαν.

335 1666 678 1737 Κουφότερος
706 1671 814 1741 γάρ
835 1674 861 1723 ὁ
893 1672 960 1724 δι’
990 1674 1247 1744 ἀπειρίαν
1267 1676 1585 1749 ὠνήσασθαι
1607 1679 1852 1750 θέλων,ῆ
1885 1684 1912 1734 ὀ

335 1759 664 1828 πιπράσκων
695 1762 792 1830 τὴν
831 1763 926 1816 τοῦ
958 1767 1094 1818 Θεοῦ
1124 1766 1332 1838 δωρεάν
1363 1785 1378 1800 ο
1405 1771 1606 1842 πράσις
1634 1772 1740 1844 γὰρ
1785 1774 1906 1841 ὲγέ-

333 1863 488 1900 νετο’
513 1851 605 1902 καὶ
626 1849 654 1902 ὃ
685 1853 748 1904 σὺ
777 1853 989 1924 δωρεάν
1023 1857 1214 1920 ἔλαϐες
1248 1859 1344 1912 ἐὰν
1373 1863 1577 1932 πωλῇς,
1606 1865 1807 1916 ὡσανεὶ
1825 1882 1911 1916 πε-

333 1944 616 2010 πραμένος
649 1943 728 2013 τῷ
757 1946 970 2017 Σατανᾷ
996 1988 1010 2011 ,
1042 1950 1390 2026 ἀφαιρεθήσῃ
1416 1955 1508 2006 τοῦ
1539 1956 1874 2026 χαρίσματος
1894 1974 1908 1987 ·

333 2033 638 2102 καπηλείαν
669 2037 776 2107 γὰρ
809 2039 1128 2109 ὲπεισάγεις
1159 2045 1270 2102 τοῖς
1297 2047 1684 2114 πνευματικοῖς
1724 2047 1816 2099 καὶ
1843 2049 1909 2118 τῇ

345 2125 645 2198 Ἐκκλησία
676 2169 690 2193 ,
749 2131 878 2184 ἔνθα
927 2134 1342 2204 πεπιστεύμεθα
1387 2137 1546 2206 σῶμα
1610 2141 1702 2192 καὶ
1773 2134 1911 2209 αἷμα

331 2217 572 2284 Χριστοῦ
605 2236 618 2249 ·
650 2223 823 2276 ταῦτα
845 2223 1018 2288 οὕτως
1051 2226 1296 2293 γίνεσθαι
1325 2228 1384 2280 ού
1427 2231 1554 2299 χρή.
1590 2231 1655 2283 Ὃ
1687 2229 1744 2282 δέ
1792 2233 1910 2283 ἐστι

329 2309 392 2360 τὸ
435 2310 719 2382 τέχνασμα
771 2313 956 2382 λέγω·
1050 2315 1334 2386 νομίζουσι
1393 2321 1468 2389 μὴ
1542 2322 1905 2391 ἁμαρτάνειν·

327 2401 408 2471 τῷ
453 2403 526 2472 μὴ
553 2404 670 2472 ἃμα
697 2407 1166 2476 προσλαμϐάνειν,
1195 2411 1331 2464 ἀλλά
1366 2413 1505 2482 μετά
1534 2413 1633 2483 τήν
1667 2431 1910 2484 χειροτο-

328 2493 451 2545 νίαν
487 2494 784 2564 λαμϐάνειν
818 2513 833 2526 ·
865 2499 1054 2552 λαϐεῖν
1093 2501 1150 2553 δέ
1200 2503 1348 2556 ἐστιν
1383 2505 1678 2574 ὁτεδήποτε
1713 2507 1768 2559 τὸ
1816 2505 1911 2558 λα-

330 2584 468 2639 ϐεῖν.
505 2588 818 2657 Παρακαλῶ
870 2587 962 2643 οὖν
1002 2593 1206 2664 ταύτην
1241 2596 1340 2666 τὴν
1389 2597 1668 2667 πρόσοδον,
1707 2599 1908 2668 μᾶλλον

327 2679 386 2731 δὲ
418 2679 518 2750 τὴν
549 2683 918 2752 προσαγωγὴν
940 2684 1036 2753 τὴν
1069 2687 1162 2736 ἐπὶ
1192 2687 1418 2754 γέενναν
1449 2689 1746 2742 ἀποθέσθαι
1774 2708 1786 2722 ·
1815 2694 1909 2744 καὶ

331 2773 407 2844 μὴ
459 2773 557 2835 τὰς
611 2777 796 2844 χεῖρας
859 2777 1190 2845 μολύνειντες
1247 2780 1512 2844 τοιούτοις
1588 2781 1906 2852 λήμμασιν,

329 2866 560 2929 ἑαυτοὺς
625 2867 877 2932 ἀναξίους
937 2872 1202 2941 ποιήσητε
1268 2871 1362 2925 τοῦ
1427 2875 1693 2930 ἐπιτελεῖν
1776 2877 1909 2945 ἆγια

334 2959 632 3028 μυστήρια.
659 2959 944 3028 Σύγγνωτε
985 2963 1039 3014 δέ
1080 2979 1170 3032 μοι
1203 2979 1217 2992 ·
1246 2964 1464 3034 πρῶτον
1526 2965 1625 3036 μὲν
1657 2968 1732 3030 ὡς
1786 2969 1910 3021 ἁπι-

2013 483 2158 552 quod
2184 485 2402 554 quidem
2428 487 2690 556 deprecor
2719 503 2786 542 ne
2814 489 2868 542 in
2897 491 3052 546 vobis
3070 493 3390 562 reperiatur,
3415 504 3472 550 ut
3495 513 3591 567 per

2013 569 2457 627 obtestationem.
2491 574 2632 638 Quid
2663 585 2844 629 autem
2877 586 2982 638 est,
3013 579 3156 648 quod
3185 581 3346 635 dico?
3387 582 3592 638 Dicun-

2019 669 2106 714 tur
2143 664 2385 718 nonnulli
2419 679 2482 718 ex
2516 666 2671 720 vobis
2701 667 2770 720 ab
2805 667 2870 724 iis
2911 669 3008 738 qui
3051 671 3397 738 ordinantur,
3423 689 3587 742 pecu-

2015 749 2134 806 nias
2175 752 2460 822 accipere,
2507 755 2669 824 idque
2722 756 2934 825 pietatis
2979 759 3200 814 nomine
3253 761 3588 818 inumbrare.

2015 837 2130 892 lloc
2181 849 2360 893 autem
2415 841 2569 910 pejus
2599 853 2703 898 est.
2753 845 2964 898 Etenim
3016 846 3060 901 si
3094 848 3218 916 quis
3255 849 3454 902 malum
3488 851 3593 904 sub

2015 926 2196 992 specie
2224 926 2350 980 boni
2375 929 2606 997 perficit,
2635 947 2793 995 pmna
2825 933 3024 1002 duplici
3053 935 3249 1003 dignus
3279 945 3388 990 est:
3415 953 3593 1006 quan-

2013 1013 2306 1081 doquidem
2361 1023 2415 1068 et
2443 1017 2584 1085 quod
2637 1034 2744 1071 non
2774 1019 2976 1072 bonum
3008 1029 3114 1085 est,
3148 1020 3300 1086 facil,
3337 1031 3391 1077 et
3421 1025 3592 1078 utitur

2015 1107 2082 1158 ad
2122 1117 2404 1175 peccatum
2457 1111 2906 1166 committendum
2955 1113 3119 1178 bono,
3173 1124 3231 1168 ut
3283 1115 3353 1170 ita
3388 1117 3588 1182 dicam,

2015 1196 2288 1264 adiutore.
2327 1196 2453 1251 "me
2480 1199 2524 1252 si
2560 1201 2630 1252 ita
2662 1215 2720 1254 se
2751 1201 2975 1268 habent,
3009 1203 3268 1274 deinecps
3294 1221 3400 1259 non
3434 1206 3588 1272 ﬁant,

2015 1288 2108 1341 sed
2153 1289 2516 1342 emendentur
2545 1309 2557 1344 :
2609 1291 2880 1361 siquidem
2923 1309 3150 1350 necesse
3177 1305 3258 1351 est
3287 1297 3471 1352 dicere
3498 1313 3592 1352 ar-

2014 1387 2235 1448 gentum
2267 1380 2577 1448 accipienti.
2609 1385 2758 1452 quod
2785 1385 2854 1438 ab
2881 1386 3147 1454 apostolis
3173 1387 3378 1442 dictum
3403 1397 3488 1444 est
3514 1391 3589 1452 ei,

2015 1474 2108 1544 qui
2144 1475 2276 1529 dare
2301 1475 2538 1542 volebat,
2569 1485 2626 1530 nt
2651 1476 2886 1546 Spiritus
2909 1481 3082 1534 sancti
3113 1483 3590 1553 participationem

2015 1576 2252 1620 emeret:
2290 1567 2522 1622 Pecunia
2563 1578 2652 1621 tua
2678 1579 2846 1623 tecum
2883 1571 2952 1624 sit
2980 1572 3034 1624 in
3063 1573 3406 1638 perditionem
3449 1576 3588 1630 ⁸⁸⁸³⁸⁸.

2018 1655 2152 1710 Nam
2187 1658 2362 1712 levius
2391 1659 2660 1728 delinquit
2703 1661 2795 1728 qui
2833 1675 2944 1730 prze
2993 1661 3212 1716 inscitia
3239 1678 3424 1719 emere
3455 1667 3590 1730 vult,

1941 1728 1986 1786 Β
2019 1765 2182 1819 quam
2228 1751 2319 1819 qui
2359 1750 2450 1804 Dei
2501 1753 2702 1806 donum
2745 1728 2950 1808 vendit.
2993 1752 3243 1809 Venditio
3267 1755 3414 1812 enim
3450 1728 3591 1812 facta

2014 1855 2132 1909 est;
2164 1855 2218 1897 et
2255 1845 2398 1913 quod
2433 1853 2488 1898 tu
2539 1847 2709 1914 gratis
2755 1846 3036 1915 accepisti,
3081 1846 3132 1902 id
3163 1848 3208 1902 si
3247 1849 3589 1916 vendideris,

2017 1938 2278 2000 tanquam
2337 1933 2439 2002 71
2501 1931 2717 1988 Satanae
2767 1935 3018 1988 venditus
3072 1937 3242 2004 gratia
3283 1936 3590 2004 privabere.

2013 2022 2153 2075 Nam
2185 2023 2576 2092 eauponariam
2607 2025 2910 2080 introducis
2943 2025 2996 2079 in
3033 2041 3121 2081 res
3165 2027 3502 2096 spirituales,
3537 2037 3593 2084 et

2014 2116 2066 2170 in
2103 2117 2276 2186 ipsam
2308 2115 2632 2186 Ecclesiam,
2677 2119 2766 2172 ubi
2800 2133 2999 2188 eorpus
3034 2127 3088 2173 et.
3115 2121 3354 2190 gsanguis
3387 2119 3590 2177 Christi

2016 2209 2330 2263 concredita
2383 2210 2543 2265 nobis
2587 2219 2734 2265 sunt.
2785 2211 2908 2266 Haec
2940 2213 3012 2266 ita
3045 2212 3161 2266 fieri
3214 2227 3321 2268 non
3353 2223 3588 2285 oportet.

2015 2295 2184 2360 Quale
2212 2307 2394 2350 autem
2431 2295 2502 2350 sit
2548 2297 2862 2364 artiﬁcium,
2903 2298 3103 2353 dicam.
3149 2297 3348 2356 Putant
3377 2317 3436 2356 se
3467 2303 3592 2358 ideo

2012 2403 2122 2442 non
2175 2403 2427 2458 peccare,
2475 2390 2623 2458 quod
2659 2405 2764 2445 non
2812 2399 2940 2446 ante
2967 2391 3261 2460 accipiant,
3314 2393 3410 2448 sed
3469 2404 3594 2464 post

2013 2481 2412 2534 ordinationem
2446 2482 2736 2550 accipiant.
2771 2483 3030 2552 Accipere
3066 2493 3246 2540 autem
3281 2496 3366 2540 est
3417 2502 3595 2556 quan-

2014 2571 2305 2640 docunque
2354 2572 2622 2640 accipere.
2675 2572 2824 2643 Rogo
2880 2574 3082 2644 itaque,
3133 2577 3368 2630 reditum
3417 2579 3592 2642 illum,

2013 2662 2125 2717 imo
2152 2663 2328 2731 potius
2355 2663 2496 2717 viam
2538 2665 2590 2716 in
2623 2665 2923 2734 gehennam
2959 2668 3242 2722 ducentem
3279 2669 3592 2740 relinquite,

2015 2769 2112 2807 nec
2170 2769 2364 2809 manus
2420 2755 2694 2824 ejusmodi
2747 2759 3070 2812 muneribus
3134 2759 3592 2825 cantaminantes,

2021 2845 2279 2915 indignos
2321 2863 2417 2902 vos
2471 2849 2736 2912 efficiatis,
2791 2849 2880 2918 qui
2937 2852 3193 2921 mysteria
3223 2862 3412 2906 sancta
3453 2853 3594 2908 cele-

2015 2937 2203 2992 bretis.
2239 2939 2505 3008 Ignoscite
2539 2953 2721 2994 autem
2759 2943 2914 2996 mihi.
2947 2942 3192 2996 Primum
3217 2945 3436 3012 quidem
3469 2955 3593 2999 tan-

333 3049 542 3116 στήσας
570 3091 582 3114 ,
613 3045 728 3102 εἶτα
764 3049 822 3102 δὲ
867 3050 942 3114 ὡς
989 3051 1233 3116 πεισθεὶς
1280 3053 1510 3119 ἀπειλῶ,
1563 3054 1618 3107 εί
1654 3073 1738 3118 τις
1769 3058 1906 3126 μετᾶ

2016 3047 2180 3100 quam
2228 3048 2336 3086 non
2393 3035 2639 3098 credens,
2677 3035 2870 3088 deinde
2921 3045 3180 3106 tanquam
3239 3039 3398 3092 tidem
3433 3039 3592 3094 adhi-

335 3139 539 3208 ταύτην
568 3157 668 3210 μου
707 3141 803 3210 τὴν
831 3143 1118 3212 ἐπιστολήν
1162 3143 1388 3217 πράξειέ
1430 3163 1482 3197 τι
1507 3145 1768 3211 τοιοῦτον,
1801 3149 1909 3200 τῶν

335 3227 439 3296 μὲν
469 3229 700 3282 ἐνταῦθα
733 3230 1136 3301 θυσιαστηρίων
1173 3233 1539 3304 ἀναχωρήσει,
1572 3234 1796 3305 ζητήσει
1855 3237 1911 3290 δὲ

330 3317 464 3370 ἔνθα
502 3318 600 3389 τὴν
650 3319 742 3371 τοῦ
793 3319 930 3372 Θεοῦ
961 3321 1182 3392 ,δωρεὰν
1223 3323 1531 3394 ἀγοράζων,
1568 3326 1908 3394 μεταπωλεῖν

325 3409 579 3462 δύναται.
637 3411 826 3480 Ἡμεῖς
877 3412 986 3481 γὰρ
1029 3415 1123 3465 καὶ
1166 3415 1220 3466 αἱ
1263 3415 1582 3485 Ἐκκλησίαι
1633 3416 1724 3468 τοῦ
1773 3416 1908 3469 Θεοῦ

326 3504 592 3573 τοιαύτην
637 3505 924 3574 συνήθειαν
965 3506 1067 3557 οὐκ
1122 3505 1339 3576 ἔχομεν.
1377 3509 1473 3560 ’Ἑν
1530 3509 1588 3561 δὲ
1651 3509 1910 3578 προσθεὶς

325 3594 614 3664 παύσομαι
647 3611 662 3624 ·
711 3597 799 3650 διά
859 3598 1224 3668 φιλαργυρίαν
1267 3599 1477 3666 γίνεται
1534 3599 1706 3652 ταῦτα
1731 3615 1744 3629 ⁸
1781 3602 1812 3670 ή
1853 3601 1910 3653 δὲ

323 3689 670 3758 φιλαργυρία
718 3691 812 3741 καὶ
863 3689 986 3759 ῥίζα
1035 3691 1252 3743 πάντων
1281 3692 1391 3744 τῶν
1438 3692 1624 3745 κακῶν
1647 3695 1786 3757 ἐστι,
1815 3693 1910 3745 καὶ

320 3780 654 3852 ὀνομάζεται
688 3781 1088 3852 εἰδωλολατρία.
1119 3783 1210 3852 Μὴ
1241 3779 1332 3836 οὖν
1362 3784 1456 3837 τοῦ
1484 3785 1724 3856 Χριστοῦ
1771 3803 1908 3856 προ-

318 3877 598 3944 τιμήσητε
650 3875 720 3926 τὰ
777 3875 994 3940 εἴδωλα,
1035 3877 1121 3929 διὰ
1159 3878 1352 3948 μικρὶν
1404 3878 1670 3948 ἀργύριον
1702 3897 1717 3911 ·
1775 3881 1908 3951 μηδὲ

320 3967 493 4022 πάλιν
523 3967 616 4019 τὸν
663 3967 862 4019 Ἰούδαν
907 3969 1243 4038 μιμήσησθε,
1278 3970 1524 4040 λήμματι
1569 3971 1908 4041 προδιδόντες

318 4061 603 4130 δεύτερον,
637 4059 730 4111 τὸν
780 4059 928 4123 ἅπαξ
955 4060 1094 4130 ὑπὲρ
1135 4060 1292 4130 ήμῶν
1318 4063 1700 4132 σταυρωθέντα
1736 4079 1750 4096 ·
1783 4065 1908 4116 ἐπεὶ

319 4155 420 4207 καὶ
441 4154 508 4206 τὰ
539 4153 715 4224 χωρία
742 4153 835 4206 καὶ
862 4155 918 4207 αἱ
967 4156 1143 4223 χεῖρες
1185 4153 1292 4206 τῶν
1329 4155 1458 4218 τοὺς
1486 4157 1732 4225 καρποὺς
1781 4157 1906 4210 τού-ν

317 4263 451 4310 τους
476 4247 801 4316 δεχομένων,
842 4245 1147 4315 Ἀκελδαμά
1169 4245 1551 4316 κληθήσονται.

319 4335 660 4411 Γεγναδίοο
689 4336 789 4389 καὶ
838 4336 951 4411 τῆς
987 4338 1112 4411 σὺν
1149 4339 1308 4403 αὐτῷ
1337 4341 1625 4404 συνόδου,
1665 4342 1734 4395 ἐκ
1793 4342 1904 4411 τῆς

387 4405 722 4479 ἐγκυκλίου
743 4408 892 4479 πρὸς
908 4407 1047 4472 τοὺς
1065 4411 1430 4475 ὁσιωτάτους
1453 4405 1903 4479 μητροπολίτάξ·
1929 4419 1983 4479 D

387 4475 752 4543 ἐπιστολῆς,
781 4475 934 4529 ὥστε
957 4479 1040 4546 μὴ
1065 4481 1428 4547 χειροτονεῖν
1447 4475 1548 4534 ἐπὶ
1573 4475 1900 4551 χρήμασινξ

323 4565 414 4633 Τῷ
465 4569 903 4636 θεοφιλεστάτῳ
947 4571 1045 4624 καὶ
1111 4572 1410 4638 ὀσιωτάτῳ
1459 4572 1908 4644 συλλειτουργῷ

387 4661 543 4726 τῷδε
599 4663 944 4730 Γεννάὸιος,
995 4665 1092 4718 καὶ
1147 4667 1186 4733 ἡ
1231 4665 1576 4734 ἐνδημοῦσα
1616 4665 1690 4734 τῇ
1736 4670 1907 4736 φιλο-

389 4757 620 4824 κρίστφ
651 4757 749 4809 καὶ
796 4757 1072 4821 βασιλίδι
1117 4761 1751 4813 Κωνσταντινουπόλει
1798 4761 1906 4827 νέᾳ

407 4847 600 4919 Ῥώμῃ
631 4852 770 4922 ἁγία
788 4854 1070 4920 σύνοδος.

403 4941 465 4995 ’0
509 4945 787 5014 Δεσπότης
833 4946 988 5017 ήμῶν
1017 4944 1112 4998 καὶ
1157 4944 1288 5008 Θεὸς
1319 4945 1412 4998 καὶ
1450 4945 1640 5014 Σωτὴρ
1674 4943 1901 5013 Ἰησοῦς,

313 5037 635 5106 ἐγχειρίσας
663 5039 775 5100 τοῖς
797 5037 973 5105 ἁγίοις
1021 5037 1188 5092 αὑτοῦ
1235 5038 1506 5108 μαθηταῖς
1535 5037 1627 5089 τοῦ
1659 5037 1905 5106 Εύαγγε-

313 5123 434 5178 λίου
455 5126 517 5177 τὸ
547 5127 825 5198 κήρυγμα,
853 5128 1202 5191 διδασκάλους
1237 5129 1445 5190 τούτοις
1472 5131 1584 5190 τοῖς
1603 5129 1706 5182 ἁνά
1722 5131 1903 5182 πᾶσαν

313 5221 416 5292 τὴν
453 5221 778 5292 οἰκουμένην
831 5223 1140 5294 ἀνθρώποις
1187 5223 1610 5288 ἐξαποστείλας.
1667 5240 1902 5294 παρεκε-

317 5312 549 5366 λεύσατο
582 5314 880 5388 διαρρήδην
910 5317 977 5388 ἢν
1011 5318 1265 5387 εἰλήφασι
1305 5318 1436 5388 παρ’
1473 5311 1636 5370 αὑτοῦ
1671 5317 1898 5387 δωρεάν,

315 5402 521 5472 ταύτης
535 5403 630 5456 καὶ
645 5407 840 5469 αὐτοὺς
857 5409 966 5470 τοῖς
983 5407 1293 5477 ἀνθρώποις
1317 5407 1652 5476 μεταδιδόναι
1668 5408 1897 5478 δωρεὰν,

323 5491 400 5561 μὴ
422 5495 733 5565 κτωμένους
755 5499 894 5570 ὑπὲρ
909 5499 1078 5570 αὐτῆς
1095 5500 1126 5570 ἢ
1143 5500 1386 5571 χαλκδνῆ
1411 5500 1670 5572 ἄργυρον,
1701 5501 1733 5572 ἢ
1770 5519 1901 5572 χρυ-

319 5585 432 5647 σὸν,
447 5587 480 5656 ή
495 5605 616 5642 τινα
628 5591 942 5660 περιουσίαν
962 5592 1126 5663 ἄλλην
1147 5593 1282 5656 ὅλως
1305 5593 1492 5665 ὑλικὴν
1519 5593 1550 5663 ἢ
1574 5595 1770 5665 γεώδη.
1809 5593 1899 5666 Μὴ

393 5677 508 5712 ⁸⁸⁵⁸⁵
537 5683 656 5737 Act.
697 5699 790 5736 \‘lll
811 5725 824 5747 ,
855 5683 944 5738 “2.0.

638 5782 910 5842 l’A'I'nOL.
947 5783 1064 5840 (in.
1116 5783 1268 5842 CIV.

2021 3123 2174 3189 hens,
2219 3123 2558 3179 interminor.
2601 3125 2658 3178 Si
2693 3127 2816 3194 quis
2856 3137 2978 3195 post
3007 3127 3150 3182 hanc
3183 3144 3360 3182 meam
3386 3132 3592 3199 episto-

2018 3213 2124 3268 lam
2157 3217 2262 3268 tale
2289 3216 2493 3286 aliquid
2528 3217 2833 3282 admiserit,
2871 3219 2938 3272 ab
2974 3219 3060 3274 his
3091 3219 3313 3288 quidem
3349 3237 3470 3288 quae
3505 3223 3596 3280 hic

2018 3316 2147 3360 sunt
2192 3307 2456 3360 altaribus
2495 3309 2745 3362 secedet:
2775 3321 2985 3378 quaeret
3021 3319 3200 3366 autem
3235 3314 3326 3368 ubi
3365 3313 3460 3368 Dei
3495 3316 3597 3369 do-

2017 3414 2148 3452 num
2180 3415 2371 3453 emens
2414 3400 2594 3454 denuo
2642 3401 2936 3457 divendere
2962 3412 3146 3472 queat.
3194 3403 3305 3459 Nos
3351 3405 3496 3460 enim
3529 3421 3594 3461 ac

2017 3489 2111 3544 Dei
2160 3491 2418 3547 Ecclesia:
2463 3495 2916 3548 consuetudinem
2953 3497 3112 3550 talem
3163 3513 3270 3551 non
3302 3497 3592 3554 habemus.

2015 3579 2284 3636 Caeterum
2338 3599 2448 3638 uno
2489 3584 2674 3638 addito
2715 3585 2996 3656 desinam.
3037 3586 3268 3657 Propter
3302 3590 3590 3646 avaritiam

2018 3671 2119 3726 ista
2149 3673 2307 3726 linnt.
2334 3675 2570 3728 Avaritia
2593 3685 2776 3730 autem
2803 3687 2854 3730 et
2879 3677 3030 3730 radix
3051 3680 3319 3733 malorum
3343 3683 3592 3736 omnium

2016 3772 2120 3828 est,
2146 3773 2198 3818 et
2217 3775 2446 3818 vocatur
2473 3765 2806 3821 idololatria.
2826 3751 3004 3822 Nolite
3025 3769 3188 3838 igitur
3215 3771 3430 3827 Clu-isto
3450 3789 3592 3842 prte-

2015 3853 2161 3910 ferre
2185 3857 2481 3912 simulacra
2505 3860 2575 3914 ob
2606 3861 2880 3915 modicum
2911 3875 3232 3931 argentum;
3269 3879 3368 3920 nec
3399 3881 3593 3920 rursus

2012 3947 2208 4002 Judam
2260 3950 2480 4017 imitari,
2531 3960 2776 4021 quaestus
2821 3969 2984 4009 causa
3055 3954 3256 4010 iterum
3312 3959 3593 4014 tradentes

2013 4058 2162 4108 eum,
2187 4043 2310 4113 'qui
2348 4045 2512 4098 semel
2545 4061 2644 4114 pro
2671 4047 2830 4102 nobis
2859 4047 3156 4102 cruciﬁxus
3185 4061 3286 4103 est.
3333 4051 3590 4120 Alioquin

2012 4147 2065 4191 et
2095 4137 2209 4206 agri
2245 4147 2300 4192 et
2323 4153 2517 4194 manus
2535 4155 2747 4203 eorum,
2775 4137 2867 4208 qui
2891 4139 2992 4195 hos
3022 4139 3226 4194 fructus
3259 4141 3588 4211 percipiunt,

2015 4227 2300 4282 Aceldama
2337 4231 2695 4283 vocabuntur.

2017 4319 2280 4374 Gennadii
2327 4323 2648 4387 patriarchae
2701 4331 2751 4376 et
2798 4323 2988 4392 synodi
3033 4340 3151 4375 cum
3191 4324 3302 4392 ipso
3362 4325 3589 4392 cpistola

2083 4393 2349 4460 cncyclica
2415 4393 2484 4443 ad
2538 4409 2713 4446 omnes
2778 4395 3142 4446 sanctissimos
3205 4399 3586 4464 mctropotitas,

2082 4462 2221 4529 quod
2249 4477 2352 4514 non
2383 4472 2618 4528 Oporteat
2653 4467 2821 4530 pretio
2853 4479 3040 4516 naeuus
3071 4465 3355 4525 imponere.

2007 4552 2425 4624 Religiosissimo
2463 4564 2512 4608 et
2554 4557 2892 4608 sanctissimo
2926 4557 2979 4608 in
3019 4559 3188 4608 sacris
3227 4555 3590 4611 comministro

2081 4646 2156 4700 Ν.
2190 4646 2518 4715 Gennadius,
2550 4658 2597 4701 et
2633 4665 2748 4718 qua:
2783 4649 2835 4702 in
2867 4649 3069 4704 Christi
3098 4659 3312 4702 amante
3344 4651 3487 4720 regia
3513 4653 3589 4703 (τί-

2079 4739 2244 4792 vitate
2264 4737 2728 4810 Constantinopoli
2744 4757 2874 4794 nova
2889 4739 3077 4805 Roma,
3102 4751 3285 4794 coacta
3303 4750 3379 4794 est
3401 4751 3589 4795 sancta

2077 4832 2308 4902 synodus

2077 4927 2212 4978 Cum
2265 4925 2528 4980 Dominus
2577 4935 2631 4980 et
2675 4925 2818 4982 Dens
2878 4926 3128 4980 Salvator
3181 4935 3368 4979 noster
3427 4921 3589 4976 .Iesus

2006 5017 2260 5073 Christus
2319 5019 2424 5088 72
2479 5019 2598 5074 suis
2647 5019 2933 5088 discipulis
2987 5017 3262 5086 Evangelii
3319 5015 3587 5085 praedica-

2007 5110 2210 5164 tionem
2237 5111 2579 5176 credidisset,
2611 5127 2812 5180 eosque
2843 5127 2939 5180 per
2965 5110 3278 5163 universum
3313 5119 3584 5161 terrarum

2005 5203 2190 5254 orbem
2221 5203 2361 5256 inter
2397 5203 2648 5256 homines
2679 5203 2746 5256 ad
2771 5201 3076 5256 docendum
3104 5201 3366 5262 misisset,
3396 5207 3587 5268 aperte

2001 5291 2184 5362 jussit,
2210 5305 2266 5347 ut
2297 5296 2442 5364 quod
2473 5297 2642 5364 gratis
2675 5295 3034 5364 accepissent,
3065 5293 3146 5346 eis
3175 5305 3394 5361 quoilue
3414 5289 3584 5358 gratis

2003 5387 2215 5448 darent,
2243 5402 2347 5440 non
2376 5401 2593 5450 aurum,
2619 5386 2699 5438 vel
2723 5395 3032 5454 argentum,
3059 5389 3155 5436 aut
3187 5383 3322 5434 alias
3357 5379 3586 5432 ontnino

2003 5479 2314 5534 maleriales
2332 5493 2384 5534 et
2403 5490 2646 5535 terrenas
2675 5477 2962 5532 facultates
2989 5493 3084 5546 pro
3103 5478 3182 5528 eis
3209 5471 3578 5542 acquircntcs.

2001 5570 2329 5627 leestibus
2379 5571 2523 5626 enim
2579 5579 2633 5625 et
2675 5569 3060 5637 spit'itu..lil.aus
3109 5565 3271 5620 donis
3319 5560 3466 5615 nulla
3499 5565 3583 5612 est

3218 5771 3290 5829 17
