4122 6438
383 301 493 367 525

1205 305 1601 366 SYNTAGMA
1656 306 2043 368 CANONUM.
2080 337 2147 345 —-
2185 310 2333 369 Tl'l‘.
2370 312 2418 384 Ῐ,
2453 314 2607 373 CAP.
2656 316 2862 375 Χοχιν.

3543 320 3650 382 526

381 422 572 492 φωνὴν
617 418 713 473 τοῦ
746 420 1100 492 κηρύγματος
1123 460 1140 486 ,
1186 423 1279 474 καὶ
1306 423 1426 493 οὐχὶ
1458 424 1799 478 συστέλλεται
1833 427 1971 496 μᾶλ-

2077 441 2289 493 conus,
2334 428 2415 482 vel
2463 429 2643 499 quivis
2695 432 2837 485 alius
2880 447 2944 485 ex
2986 446 3197 489 canone
3228 433 3313 491 vel
3349 449 3420 493 ex
3466 436 3643 505 laicis,

379 516 534 584 λονή
570 514 665 567 τοῦ
726 515 881 583 ἁγίου
908 516 1228 582 Πνεύματος
1262 518 1442 586 χάρις.
1509 517 1648 569 Ἴσοι
1670 518 1849 570 τοίνυν
1893 519 1961 571 τὰ

381 610 562 661 πάντα
583 646 597 671 ,
630 608 1016 661 θεοσεϐέστατε
1039 624 1050 637 ’
1094 609 1273 663 πάντα
1298 609 1387 663 τὸν
1409 609 1648 663 ὁντινοῦν
1675 609 1966 681 ἁλισκόμε-

380 718 473 751 νον
510 701 599 751 ἐπὶ
635 700 861 770 τοιούτῳ
903 701 1011 753 τινὶ
1058 701 1442 772 ἑπίσκοπον,ἢ
1502 703 1877 774 περιοδευτὴν,
1933 704 1965 772 ἢ

382 791 773 862 πρεσϐύτερον,
805 792 837 863 ἦ
868 794 1133 859 διάκονον,
1168 794 1201 863 ἢ
1248 794 1403 848 ἄλλον
1458 794 1581 848 τινὰ
1618 794 1817 866 δήποτε
1870 796 1966 848 τοῦ

381 884 607 946 κανόνος
654 883 687 952 ἢ
740 885 968 950 λαῑκὺν,
1032 887 1195 956 κοινῷ
1241 887 1471 956 δόγματι
1504 887 1614 939 τῶν
1668 888 1968 959 ἀρχιερέων

382 974 816 1044 κατακεκρίσθαι
848 975 943 1026 καὶ
994 978 1147 1046 κοινῇ
1176 976 1362 1046 ψήφῳ
1392 977 1575 1039 καθὼς
1610 977 1738 1047 περὶ
1777 975 1967 1029 τούτου

381 1066 530 1117 καὶὸ
561 1066 669 1118 τῶν
717 1066 889 1134 ἁγίων
930 1068 1189 1137 Πατέρων
1218 1068 1401 1122 κανὼν
1436 1069 1648 1138 φθάσας
1695 1068 1962 1124 διαλαλεῖ.

381 1160 476 1209 Δεῖ
528 1159 634 1227 γὰρ
673 1152 813 1211 εἶναι
852 1160 1011 1229 χάριν
1049 1159 1148 1229 τὴν
1188 1159 1367 1230 χάριν,
1404 1162 1498 1212 καὶ
1544 1160 1795 1231 μηδαμοῦ
1835 1162 1966 1230 παρ’

381 1252 523 1321 αὑτῇ
580 1250 889 1322 μεσιτεύειν
930 1250 1210 1321 ἀργύριον.
1241 1252 1425 1304 Ἔστω
1468 1249 1649 1303 τοίνυν
1696 1250 1792 1304 καὶ
1818 1249 1965 1304 ἐστιν

380 1347 791 1417 ἀποκήρυκτος,
823 1348 920 1400 καὶ
947 1346 1130 1417 πάσης
1169 1346 1450 1417 ἱερατικῆς
1464 1346 1621 1410 ἀξίας
1650 1364 1709 1399 τε
1736 1346 1829 1399 καὶ
1858 1346 1968 1399 λει-

379 1440 638 1510 τουργίας
674 1440 972 1510 ἀλλότριος,
1013 1440 1107 1491 καὶ
1138 1441 1203 1509 τῇ
1230 1438 1446 1510 κατάρᾳ
1470 1439 1563 1492 τοῦ
1622 1439 1966 1509 ἀναθέματος

384 1533 767 1603 ὑποκείμενος,
799 1533 826 1585 ὅ
871 1550 931 1584 τε
992 1531 1222 1585 κτᾶσθαι
1274 1530 1480 1600 ταύτην
1531 1530 1620 1583 διὰ
1664 1530 1964 1601 χρημάτων

379 1626 652 1695 οἰόμενος,
690 1624 788 1677 καὶ
818 1625 845 1677 ὁ
877 1623 1083 1693 ταύτην
1127 1622 1388 1693 παρέχειν
1416 1622 1506 1674 ἐπὶ
1552 1624 1827 1693 χρήμασιν
1858 1622 1962 1674 ὑπ-

380 1716 753 1788 ισχνούμενος,
813 1716 924 1769 εἴτε
984 1715 1243 1785 κληρικὸς
1287 1714 1397 1768 εἴτε
1454 1715 1643 1778 λαῖκδς
1684 1715 1801 1784 εἴη,
1859 1715 1963 1769 κᾶν

2081 520 2365 573 communi
2395 522 2701 576 antistitum
2737 522 2977 587 decreto,
3004 527 3393 596 communique
3422 539 3645 584 senten-

2074 610 2145 663 tia
2170 611 2567 667 condemnatus
2588 621 2691 677 est,
2712 613 2851 667 sicut
2878 614 2945 668 de
2967 615 3066 668 hoc
3088 630 3307 685 quoque
3325 627 3642 674 sanctorum

2072 702 2296 756 Patrum
2332 705 2650 771 praecedens
2693 719 2869 759 canon
2912 706 3175 775 loquitur.
3224 706 3450 778 Oportet
3496 711 3642 764 enim

2072 794 2302 864 gratiam
2352 810 2570 865 semper
2617 811 2740 851 esse
2784 798 3034 865 gratiam,
3073 809 3125 852 ct
3170 809 3453 869 argentum
3502 803 3645 871 apud

2072 900 2193 940 eam
2237 901 2583 956 nequaquam
2628 888 2988 943 intercedere.
3026 888 3111 945 Sit
3155 906 3284 960 ergo
3307 891 3457 946 etab
3495 894 3643 946 omni

2073 979 2397 1032 sacerdotali
2433 979 2699 1046 dignitate
2722 990 2776 1033 et
2811 980 3120 1037 ministerio
3159 984 3398 1049 alienus,
3427 993 3481 1038 et
3511 999 3645 1037 ana—

2072 1069 2327 1125 thematis
2378 1070 2500 1123 loco
2541 1070 2842 1139 subjectus,
2896 1073 2991 1141 qui
3035 1082 3087 1127 ct
3135 1090 3194 1128 se
3236 1089 3335 1143 per
3377 1078 3645 1145 pecunias

2071 1161 2361 1229 acquirere
2395 1161 2699 1225 existimat,
2750 1172 2803 1217 ct
2852 1166 2945 1234 qui
2993 1180 3113 1219 eam
3164 1167 3411 1235 pecuniis
3442 1168 3646 1222 habere

2069 1250 2378 1319 pollicetur,
2423 1251 2538 1306 sive
2572 1254 2646 1308 sit
2686 1254 2938 1321 clericus,
2986 1258 3103 1311 sive
3150 1258 3343 1325 laicus,
3392 1260 3507 1315 sive
3538 1260 3644 1314 hoc

2068 1339 2247 1395 facere
2281 1341 2660 1405 convincatur,
2689 1343 2805 1397 sive
2828 1359 2931 1397 non
2959 1362 2972 1398 :
3006 1346 3133 1415 quia
3162 1346 3275 1400 ﬁeri
3306 1363 3410 1402 non
3437 1360 3639 1417 potesr,

2068 1439 2128 1485 ut
2172 1433 2500 1487 conveniant
2544 1450 2665 1503 qua:
2711 1437 3004 1491 convenire
3061 1448 3380 1507 nequeunt,
3442 1456 3542 1494 nec
3583 1451 3641 1496 ut

2069 1540 2379 1579 mammona
2416 1524 2523 1580 Deo
2561 1528 2901 1593 consentiat;
2932 1529 3014 1583 vel
3060 1538 3120 1583 ut
3152 1531 3245 1600 qui
3279 1533 3326 1586 ei
3372 1534 3637 1600 serviunt,

2068 1614 2179 1669 Deo
2207 1617 2469 1671 serviant.
2504 1616 2717 1672 Domini
2763 1629 2847 1673 est
2885 1622 3179 1684 sententia,
3216 1623 3302 1676 cui
3335 1626 3639 1682 contradici

2067 1723 2175 1761 non
2196 1718 2377 1777 potest
2399 1726 2412 1762 :
2432 1705 2556 1761 Non
2574 1710 2791 1778 pateslis
2809 1708 2919 1763 Deo
2944 1712 3137 1765 servire
3160 1721 3208 1765 et
3232 1729 3546 1770 mammona:
3571 1717 3637 1769 ⁸³.

377 1781 673 1879 ἐλέγχοιτο,
739 1807 842 1861 κᾶν
883 1807 958 1878 μὴ
988 1781 1264 1877 ἐλέγχοιτο
1298 1805 1456 1859 τοῦτο
1502 1808 1695 1862 ποιεῖν.
1715 1781 1792 1859 0νὺ
1847 1806 1955 1874 γὰρ

2064 1796 2175 1853 Nos
2246 1799 2299 1852 in
2336 1799 2423 1854 his
2464 1815 2563 1869 pro
2603 1800 2809 1856 viribus
2850 1802 3224 1867 conﬁdentes,
3288 1813 3341 1858 et
3403 1806 3482 1859 eis
3523 1821 3641 1859 cre-

376 1895 487 1952 οἷόν
512 1917 573 1952 τε
605 1898 1040 1969 συμϐιϐασθῆναί
1066 1915 1197 1951 ποτε
1235 1897 1304 1951 τὰ
1342 1897 1651 1968 ἁσύμὸατα,
1681 1897 1801 1950 οὑδὲ
1834 1896 1952 1968 Θεῷ

377 1992 741 2061 συμφωνῆσαι
781 1991 875 2044 τὸν
903 1992 1190 2061 μαμωνᾶν,
1220 1989 1254 2061 ἥ
1286 1992 1413 2053 τοὺς
1439 1989 1615 2061 τούτῳ
1666 1988 1949 2042 δουλεύον-

375 2100 471 2145 τας
497 2083 777 2136 δουλεῦσαι
812 2083 951 2153 Θεῷ.
984 2084 1289 2154 Δεσποτικὴ
1332 2083 1424 2136 καὶ
1455 2082 1593 2152 αῦτη
1641 2083 1790 2135 ἐστὶν
1819 2080 1955 2134 ἀπό·-

376 2192 539 2242 φασις
560 2174 963 2245 ἀναμφίλεκτος
994 2192 1008 2205 ·
1040 2176 1122 2229 Οὐ
1157 2175 1424 2229 δύνασθε
1465 2174 1586 2240 Θεῷ
1639 2174 1953 2228 δουλεύειν

373 2265 471 2317 καὶ
520 2264 791 2334 μαμωνᾷ.
842 2264 1063 2327 Τούτοις
1119 2264 1545 2336 ἐπιθαρροῦντες
1606 2266 1767 2335 ἡμεῖς
1813 2264 1953 2317 κατὰ

372 2353 623 2425 δύναμιν,
664 2356 757 2408 καὶ
804 2355 1015 2419 τούτοις
1057 2355 1375 2419 ὑπείκοντες
1438 2358 1575 2427 μετὰ
1626 2354 1720 2408 τοῦ
1780 2354 1952 2415 ταῦτα

373 2447 650 2515 φήσαντος
706 2446 850 2500 κατὰ
902 2446 1012 2499 τῶν
1074 2446 1248 2500 ταῦτα
1296 2446 1757 2519 παρανομούντων
1786 2487 1800 2509 ,
1850 2445 1950 2517 τὴν

369 2538 645 2605 ἀπόφασιν
690 2536 1059 2607 πεποιήμεθα.
1083 2538 1429 2609 Φροντισάτω
1457 2538 1512 2590 δὲ
1538 2538 1633 2590 καὶ
1657 2539 1690 2607 ἡ
1718 2536 1784 2606 σὴ
1810 2538 1952 2589 ὁσιό-

369 2645 465 2697 της
493 2627 671 2681 ταῦτα
700 2628 788 2681 διὰ
816 2628 996 2699 πάσης
1022 2629 1424 2699 παραφυλακῆς
1464 2628 1783 2698 ποιουμένη,
1813 2628 1949 2697 δῆλα

368 2721 711 2790 καταστῆσαι
747 2720 813 2773 δι’
837 2721 1207 2792 ἀντιγράφων,
1231 2722 1326 2775 καὶ
1351 2723 1461 2783 τοῖς
1490 2721 1593 2773 ὑπὸ
1613 2721 1671 2773 σὲ
1704 2719 1948 2789 θεοφιλε-

370 2814 589 2877 στάτοις
614 2814 937 2877 ἐπισκόποις
964 2813 1058 2867 καὶ
1085 2813 1477 2883 περιοδευταῖς,
1512 2812 1604 2865 καὶ
1630 2814 1741 2875 τοῖς
1770 2812 1946 2874 ἄλλοις

367 2903 572 2957 ἅπασιν
596 2918 611 2932 ⁸
644 2903 729 2956 ἵνα
762 2906 818 2957 ὲν
851 2904 928 2956 ἑνὶ
978 2904 1249 2973 πνεύματι
1292 2902 1387 2957 καὶ
1429 2904 1528 2974 μιᾷ
1569 2902 1714 2974 ψυχῇ
1742 2903 1945 2965 πάντες

2062 1889 2274 1955 dentes,
2302 1906 2428 1946 cum
2462 1908 2529 1947 eo
2554 1895 2647 1962 qui
2679 1894 2795 1947 haec
2823 1893 2982 1957 dixit,
3030 1895 3297 1949 adversus
3327 1910 3422 1951 eos
3457 1897 3548 1965 qui
3581 1899 3634 1950 in

2060 1983 2130 2039 iis
2163 1992 2411 2054 peccant,
2462 1984 2787 2039 sententiam
2829 1984 3178 2054 protulimus.
3212 1985 3327 2041 Tua
3370 1988 3638 2045 sanctitas

2059 2088 2248 2128 curam
2274 2085 2447 2145 gerat,
2495 2076 2644 2130 omni
2689 2076 2929 2131 adhibita
2983 2077 3283 2148 diligentia,
3311 2090 3369 2134 ut
3395 2079 3509 2134 lucc
3540 2096 3638 2151 per

2062 2167 2393 2238 transcripta
2424 2168 2764 2237 exemplaria
2798 2169 3155 2224 innotescant
3193 2181 3245 2224 et
3270 2171 3635 2227 sanctissimis

2061 2260 2334 2328 episcopis
2357 2260 2449 2330 qui
2484 2260 2578 2313 tibi
2619 2260 2875 2327 subsunt,
2925 2270 2978 2316 et
3008 2262 3401 2332 περιοδευταῖς,
3432 2274 3480 2317 ct
3512 2264 3634 2319 aliis

2060 2351 2319 2405 omnibus
2352 2370 2365 2405 :
2396 2361 2454 2405 ut
2487 2351 2540 2405 in
2575 2366 2689 2405 uno
2743 2354 2938 2422 spiritu
2975 2363 3028 2407 et
3063 2370 3170 2408 una
3214 2354 3395 2408 anima
3439 2368 3634 2409 omnes

2059 2442 2225 2496 simul
2271 2443 2564 2512 constipati
2605 2444 2904 2498 Christiani
2961 2446 3226 2501 adversus
3279 2460 3629 2501 communem

2061 2533 2372 2602 inimicum,
2406 2535 2499 2591 Dei
2529 2538 2757 2601 auxilio,
2784 2538 3059 2607 possimus
3091 2538 3338 2592 avaritiae.
3371 2539 3630 2604 radicem,

2056 2642 2177 2696 qua:
2198 2627 2266 2681 ab
2296 2628 2388 2682 illo
2414 2629 2467 2681 in
2501 2629 2661 2683 nobis
2692 2630 2850 2683 insita
2871 2637 2975 2691 est,
3006 2645 3131 2683 cum
3159 2630 3417 2683 omnibus
3438 2644 3628 2683 eorum

2054 2720 2326 2773 malorum
2393 2720 2732 2790 germinibns
2802 2722 3145 2776 exscindere.
3210 2720 3440 2774 Omnem
3508 2738 3631 2791 qua:

2055 2821 2235 2866 tecum
2258 2822 2343 2867 est
2367 2812 2421 2865 in
2441 2812 2661 2867 Christo
2680 2812 3075 2866 fraternitatem
3100 2814 3425 2868 salutamus.
3452 2812 3631 2868 Fortis

2051 2904 2321 2959 exsistens
2336 2905 2389 2958 in
2407 2904 2643 2969 Christo,
2664 2920 2757 2958 ora
2775 2919 2871 2974 pro
2892 2905 3067 2969 nobis,
3081 2906 3424 2960 sanctissime
3438 2905 3626 2960 frater.

363 2994 495 3063 ὁμοῦ
532 2995 847 3066 Χριστιανοὶ
897 2987 1350 3066 συμφράξάμενοι
1388 2994 1532 3047 κατὰ
1581 2995 1678 3047 τοῦ
1730 2994 1912 3048 κοινοῦ
1959 2994 2277 3064 δυσμενοῦς,
2331 2996 2639 3066 ἰσχύσωμεν
2680 2997 2775 3049 σὺν
2810 2995 2927 3066 Θεῷ
2971 2997 3071 3066 τὴν
3123 2997 3213 3049 ὑπ’
3270 2998 3479 3050 ἐκείνου
3526 3016 3630 3067 φυ-

362 3088 646 3142 τευθεῖσαν
667 3088 724 3141 ἐν
746 3090 876 3159 ἡμῖν
901 3090 997 3159 τῆς
1026 3088 1390 3160 φιλαργυρίας
1409 3089 1586 3161 ῥίζαν,
1609 3088 1727 3159 ἅμα
1743 3089 1909 3141 πᾶσιν
1932 3088 2099 3159 αὑτῆς
2131 3089 2237 3142 τῶν
2255 3090 2441 3143 κακῶν
2474 3092 2586 3152 τοῖς
2624 3089 3000 3159 βλάστημασιν
3032 3091 3304 3159 ἐκτεμεῖν.
3328 3092 3514 3143 Πᾶσαν
3528 3093 3628 3159 τὴν

364 3186 457 3239 σὺν
481 3188 571 3238 σοὶ
594 3187 651 3240 ἐν
670 3186 891 3257 Χριστῷ
916 3186 1249 3257 ἀδελφότητα
1270 3183 1773 3257 προσαγορεύομεν.
1807 3182 2148 3253 Ἐῥρωμένος
2176 3183 2232 3234 ἐν
2250 3181 2439 3253 Κυρίῳ
2466 3184 2565 3235 ύπε
2576 3182 2766 3253 ρεύχου
2792 3184 2823 3251 ὴ
2832 3181 2966 3250 μῶν,
3000 3181 3379 3250 θεοφιλέστατε
3407 3183 3625 3253 ἀδελφέ.

429 3276 717 3341 Γεννάδιος
768 3280 1071 3342 ἐπίσκοπος
1119 3276 1781 3341 Κωνσταντινουπόλεως,
1818 3273 1946 3336 νέας

374 3368 599 3441 Ῥώμης
629 3368 943 3441 ὑπέγραψα.

441 3546 804 3612 ’Δναστάσιος
860 3547 1157 3612 ἐπίσκοπος
1215 3547 1618 3620 μητροπολίτης
1670 3547 1943 3620 Ἀγκύρας

361 3638 434 3691 ὑπ

427 3731 697 3802 Εὑνόμιος
729 3731 1129 3803 μητροπολίτης
1151 3732 1522 3803 Νικομηδείας
1560 3731 1656 3784 ὑπ.

424 3912 637 3981 Πέτρος
678 3911 1083 3984 μητροπολίτης
1107 3912 1345 3977 Νικαίας
1378 3914 1473 3967 ὑπ.

430 4024 755 4095 Περγάμιος
814 4025 1221 4097 μητροπολίτης
1271 4024 1600 4094 Ἀντιοχείας
1636 4025 1737 4095 τῆς
1780 4026 1936 4079 Πισι-

357 4114 469 4178 δίας
498 4116 595 4168 ὑπ.

428 4206 650 4271 Παῦλος
691 4208 1097 4280 μητροπολίτης
1124 4206 1657 4279 Μαρκιανουπόλεως
1680 4207 1773 4263 ὑπ.

440 4392 739 4464 Νουνέχιος
776 4392 1180 4463 μητροπολίτης
1207 4392 1530 4456 Λαοδικείας
1570 4393 1664 4446 ὑπ.

422 4576 633 4648 Πέτρος
667 4575 1071 4647 μητροπολίτης
1113 4576 1378 4648 Γαγγρῶν
1411 4577 1505 4631 ὑπ.

429 4780 735 4852 Καρτέριος
766 4781 1173 4853 μητροπολίτης
1194 4780 1674 4846 Κλαυδιουπόλεως
1711 4783 1803 4839 ὑπ,

437 4964 748 5035 Ἀγαπητὸς
783 4964 1186 5036 μητροπολίτης
1224 4964 1403 5018 Ῥόδου
1426 4965 1519 5018 ὑπ.

420 5163 762 5235 Ἐλευθέριος
794 5163 1199 5235 μητροπολίτης
1222 5163 1563 5235 Χαλκηδόνος
1597 5164 1691 5217 ὑπ.

424 5348 694 5417 Στέφανος
731 5348 1135 5420 μητροπολίτης
1174 5348 1528 5419 Ἱεραπόλεως
1578 5348 1676 5420 τῆς
1708 5348 1925 5418 Εὐφρα-

361 5440 536 5508 ιησίας
557 5443 651 5496 ὑπ.

424 5532 718 5605 Γρηγόριος
752 5532 1156 5604 μητροπολίτης
1196 5532 1689 5604 Ἀδριανουπόλεως
1719 5536 1810 5589 ὑπ.

422 5715 720 5780 Λουκιανὸς
752 5717 1157 5789 μητροπολίτης
1191 5716 1367 5788 Βύζης
1395 5718 1489 5773 ὑπ.

420 5803 463 5834 ⁸³
503 5802 690 5861 Matth.
733 5822 806 5868 vl.
847 5807 938 5862 24.

2130 3275 2237 3346 76
2258 3274 2571 3330 Gennadius
2589 3276 2877 3345 episeOpus
2898 3272 3448 3344 Constantinopoleos
3474 3292 3628 3332 novae

1972 3353 2015 3409 α
2050 3366 2238 3420 Romae
2270 3365 2599 3435 subscripsi.

2097 3457 2335 3513 Joannes
2347 3459 2634 3529 episcopus
2647 3456 3283 3527 metropoleoslleracleze
3299 3462 3622 3531 subscripsi.

2110 3550 2432 3605 Anastasius
2476 3550 2769 3620 episcopus
2815 3550 3182 3620 metropoleos
3233 3554 3461 3622 Ancyrae
3489 3552 3624 3607 sub-

2040 3642 2254 3711 scripsi.

2112 3732 2412 3787 Eunomins
2440 3733 2732 3803 cpiscopus
2764 3734 3132 3805 metropoleos
3152 3734 3623 3793 Nicomedimsub-

2047 3829 2269 3898 scripsi.
2638 3876 2641 3877 ν

2116 3921 2307 3974 Petrus
2330 3918 2623 3988 episcopus
2658 3919 3024 3989 metropoleos
3050 3920 3242 3977 Nicaea:
3268 3923 3588 3994 subscripsi.

2116 4011 2433 4081 Pergamius
2467 4011 2758 4080 episcopus
2789 4013 3155 4082 metrOpoleos
3179 4014 3483 4071 Antiochiae
3524 4015 3618 4071 Pi-

2045 4104 2198 4158 sidim
2227 4102 2552 4171 subscripsi.

2111 4194 2315 4250 Paulus
2337 4194 2626 4264 cpisc0pus
2652 4192 3020 4262 metropoleos
3044 4192 3457 4265 MarcianOpolis
3482 4197 3611 4251 sub-

2042 4287 2259 4356 scripsi.

2112 4379 2432 4435 Nunechius
2470 4380 2761 4449 episcopus
2793 4374 3152 4444 metropoleos
3174 4375 3456 4431 Laodicea:
3484 4378 3611 4431 sub-

2040 4488 2259 4540 scrtpst.

1958 4531 2013 4589 D
2109 4531 2301 4615 Petrus
2341 4561 2634 4630 episcopus
2674 4558 3045 4630 metropoleos
3088 4556 3432 4626 Gangrorum
3478 4558 3581 4612 sub

2036 4673 2252 4725 scnpsr.

2106 4771 2386 4855 Carterjus
2434 4769 2723 4838 cpiscopus
2762 4764 3131 4834 metropoleos
3178 4762 3611 4834 Claudiopolita-

2033 4882 2226 4922 norum
2260 4862 2581 4932 subscripsi.

2100 4956 2377 5024 Agapetus
2436 4952 2728 5023 cpiscopus
2796 4946 3165 5017 metropoleos
3236 4946 3411 5001 lthodi
3479 4948 3609 5002 sub-

2034 5062 2249 5103 SCI'IDSI.

2108 5064 2139 5100 ΓΙ
2182 5064 2249 5101 SI.

2108 5064 2465 5195 Elieutherius
2518 5135 2815 5207 episcopus
2847 5129 3217 5200 metropoleos
3245 5126 3607 5184 Chalcedonis

2199 5249 2353 5288 I‘IDSI.

2199 5250 2241 5287 τι
2317 5249 2353 5288 I.

2029 5234 2414 5394 sugizplisnus
2434 5320 2727 5390 episcopus
2759 5315 3127 5385 metropoleos
3155 5309 3459 5381 Hierapolis
3492 5309 3602 5365 Eu-

2026 5416 2316 5489 phratesia:
2346 5411 2668 5480 subscripsi.

2102 5508 2399 5578 Gregorius
2451 5505 2739 5576 episcopus
2792 5496 3155 5568 metrorioleos
3216 5491 3602 5561 Adrianopolis

2024 5600 2340 5668 subscripsi.

2093 5693 2369 5751 Lucianus
2389 5693 2680 5765 cpiscopus
2702 5692 3066 5764 metropoleos
3083 5692 3237 5764 Byzae
3272 5688 3596 5761 subscripsi.
