4122 6438
365 447 472 512 529

440 565 703 630 Φωτεινδς
736 565 1036 630 ἐπίσκοπος
1055 567 1375 632 Βαϐυλῶνος
1395 569 1491 622 ὑπ.

440 658 801 727 Αὑγουστῖνος
829 657 1128 721 ἐπίσκοπος
1159 655 1288 721 νέας
1317 655 1647 728 Μαρκιανῆς
1678 655 1774 709 ὑπ.

455 838 709 906 Ἰωάννης
733 837 1033 900 ἐπίσκοπος
1058 837 1405 902 Νικοπόλεως
1452 835 1748 908 Ἀρμενίας
1785 835 1880 888 ὑπ.

459 927 745 989 Ἰουλιανὸς
773 927 1071 989 ἐπίσκοπος
1101 927 1262 980 Κώου
1291 926 1388 982 ὑπ.

443 1104 745 1168 Σαϐϐἁτιος
777 1103 1082 1168 ἐπίσκοπος
1131 1103 1470 1175 Ἀγχιάλεως
1498 1103 1596 1157 ὑπ.

447 1197 790 1268 Στρατοκλῆς
821 1197 1124 1261 ἐπίσκοπος
1161 1198 1544 1268 Προκοννήσου
1587 1197 1682 1251 ὑπ.

463 1289 714 1354 Ἰωάννης
749 1289 1050 1353 ἐπίσκοπος
1081 1290 1508 1361 Τρανουπόλεως
1542 1289 1640 1342 ὑπ.

450 1443 702 1538 Μάξιμος
729 1468 1033 1534 ἐπίσκοπος
1061 1470 1269 1540 Λιϐύης
1297 1471 1393 1526 ὑπ.

450 1561 734 1626 Θεόδουλος
753 1562 1052 1628 ἐπίσκοπος
1090 1564 1574 1636 Τραϊανουπόλεως
1601 1565 1697 1618 ὑπ.

451 1744 695 1813 Μαρῖνος
738 1745 1038 1812 ἐπίσκοπος
1083 1745 1437 1816 Ἐπιφανείας
1468 1747 1564 1801 ὑπ.

450 1836 728 1903 Βασίλειος
754 1837 1052 1901 ἐπίσκοπος
1079 1839 1485 1912 Ἀλεξανδρείας
1502 1843 1595 1896 ὑπ.

462 1928 711 2001 Ἰωάννης
741 1931 1039 1995 ἐπίσκοπος
1064 1931 1467 2002 Γερμανικείας
1501 1937 1598 1990 ὑπ.

453 2022 690 2093 Ἰνδιμος
724 2021 1026 2086 ἐπίσκοπος
1052 2024 1499 2095 Εἰρηνουπόλεως
1527 2027 1623 2081 ὑπ.

447 2113 712 2184 Τιμόθεος
740 2114 1040 2178 ἐπίσκοπος
1082 2115 1310 2187 Δολιχῆς
1340 2118 1435 2172 ὑπ.

445 2291 736 2358 Ποντιανὸς
765 2293 1064 2359 ἐπίσκοπος
1107 2293 1443 2365 Ἀγαλασσοῢ
1468 2296 1562 2351 ὑπ.

442 2467 772 2540 Δοκιμάσιος
802 2468 1100 2532 ἐπίσκοπος
1131 2468 1457 2541 Μαρωνείας
1480 2469 1578 2526 ὑπ.

443 2565 674 2628 Νοϐἰνος
706 2563 1004 2628 ἐπίσκοπος
1033 2563 1288 2618 Διϐελτοῦ
1314 2565 1413 2619 ὑπ.

380 2678 465 2746 Τῷ
499 2679 572 2733 τὰ
595 2677 793 2732 πάντα
834 2678 1135 2748 ἁγιωτάτῳ
1152 2679 1252 2733 καί
1271 2680 1700 2749 μακαριωτάτῳ
1718 2681 1962 2753 ἀδελφῷ

448 2770 550 2824 καί
602 2767 1053 2839 συλλειτουργῷ
1097 2767 1257 2836 κυρῷ
1299 2769 1584 2838 Ἀδριανῷ
1634 2771 1804 2840 adesa
1850 2773 1962 2842 τῆς

443 2861 857 2943 πρεσϐυτέρας
889 2861 1117 2929 Ῥώμης
1133 2861 1422 2930 Ταράσιος
1445 2862 1697 2929 ἀνάξιος
1721 2864 1962 2920 ἐπίσκο-

441 2969 561 3019 πος
586 2954 1287 3020 Κωνσταντινουπόλεως
1310 2952 1457 3020 νέας
1472 2954 1723 3024 Ῥώμης,
1746 2956 1815 3011 ἐν
1844 2961 1962 3011 liv-

435 3047 556 3115 ρίῳ
585 3045 836 3115 χαίρειν.

441 3139 780 3209 Πολυμερῶς
807 3138 904 3192 καὶ
958 3138 1337 3208 πολυτρόπως,
1389 3138 1789 3210 εὑατγελικῶς,
1822 3141 1932 3195 ἀπο

1163 449 1569 512 SYNTAGMA
1603 444 1994 510 CANONUM.
2030 471 2097 482 -
2131 444 2280 507 TlT.
2306 445 2355 517 Ῑ,
2391 446 2550 506 CAP.
2592 446 2802 507 XXIV.

1980 563 2034 622 A

3529 442 3636 506 530

2128 560 2357 616 Photius
2387 561 2678 631 cpiscopus
2705 559 2996 632 Babylonis
3029 557 3350 628 subscripsi.

2127 654 2474 724 Augustinus
2546 654 2844 725 episcopus
2911 669 3065 708 nova:
3131 650 3438 706 Marciana:
3499 651 3634 707 sub-

2060 748 2275 817 scripsi.

2128 836 2366 894 Joannes
2385 853 2671 908 cprscopus
2689 836 3006 906 Nicopoleos
3029 836 3297 889 Armenia:
3315 834 3634 904 subscripsi.
3689 873 3697 880 .

2132 928 2315 1001 [Forte
2343 928 2712 998 Scarplriensis
2763 935 2819 982 et
2867 926 3056 982 Graec
3101 926 3409 995 Σκαρφίων.
3438 921 3637 995 ΙΙΑιιο.]

2060 1021 2310 1076 Julianus
2343 1022 2632 1090 episcopus
2657 1020 2889 1074 Coensis
2919 1017 3249 1086 subscripsi.

2132 1112 2426 1167 Sabbatius
2464 1113 2754 1182 episcopus
2780 1111 3030 1166 Anchiali
3064 1109 3392 1178 subscripsi.

2129 1197 2429 1250 Stratocles
2461 1197 2758 1266 episcopus
2788 1193 3126 1249 Proconnesi
3161 1191 3496 1260 subscripsi.

2127 1284 2371 1340 Joannes
2398 1283 2688 1353 episcopus
2715 1281 2914 1354 [Leun.
2955 1277 3396 1350 Trajanapoleos]
3445 1277 3641 1332 Trani-

2064 1377 2251 1445 poleos
2275 1371 2603 1441 subscripsi.

2136 1464 2405 1519 Maximus
2433 1464 2725 1534 episc0pus
2750 1460 2934 1531 Libyas
2968 1460 3297 1529 subscripsi.

2138 1551 2480 1606 Theodosius
2523 1550 2811 1619 episcopus
2839 1546 3038 1619 [Lcuu.
3088 1545 3384 1601 Theodotus
3442 1544 3648 1600 Tranoo

2064 1638 2262 1711 poleos]
2287 1637 2714 1710 Trajanopoleos
2741 1635 3059 1704 subscripsi.

2136 1729 2378 1784 Marinus
2408 1730 2696 1798 episcopus
2727 1725 3048 1794 Epiphania)
3077 1726 3404 1793 subscripsi.

2139 1821 2377 1876 Basilius
2406 1821 2698 1890 episcopus
2732 1818 3077 1872 Alexandria:
3107 1819 3430 1885 subscripsi.

1995 1906 2037 1960 Β
2134 1912 2373 1969 Joannes
2402 1914 2694 1982 episcopus
2722 1910 3082 1966 Germanicias
3116 1909 3448 1978 subscripsi.

2138 2004 2377 2062 ludimus
2402 2007 2695 2076 episcopus
2716 2005 3069 2074 [renOpoleos
3103 2001 3434 2072 subscripsi.

2138 2094 2459 2150 Timrtheus
2491 2096 2786 2165 cpiscopus
2820 2092 3018 2166 [Leni].
3071 2089 3371 2162 Deliae/tite]
3401 2088 3654 2146 Dolichos

2065 2183 2393 2252 subscripsi.

2137 2275 2427 2348 [Photinus
2468 2271 2766 2346 Agalassi.]
2800 2273 3136 2330 Fontcianus
3164 2273 3456 2343 episcopus
3483 2270 3654 2342 Saga:-

2067 2368 2197 2423 lassi
2224 2367 2550 2436 subscripsi.

2134 2459 2481 2515 Docimasius
2511 2459 2801 2527 episcopus
2833 2454 3095 2510 Maronis:
3128 2453 3433 2522 subscripsi
3454 2477 3468 2493 ο

2135 2553 2246 2622 78
2275 2549 2502 2606 Jovinus
2528 2550 2817 2618 episcopus
2849 2547 3055 2602 Debelti
3093 2545 3418 2614 subscripsi.

2070 2666 2177 2721 Per
2218 2666 2397 2719 omnia
2434 2663 2771 2719 sanctissimo
2801 2671 2851 2718 et
2887 2661 3192 2717 beatissimo
3225 2660 3385 2729 fratri
3421 2665 3473 2713 et
3507 2672 3655 2711 com-

2137 2755 2383 2808 ministro
2437 2751 2676 2806 Adriano
2715 2765 2867 2821 papa:
2914 2749 3140 2803 senioris
3177 2746 3358 2801 Romae
3397 2745 3652 2798 Tarasius

2140 2843 2389 2912 indignus
2425 2840 2696 2908 episcopus
2722 2837 3270 2907 Constantinopoleos,
3309 2849 3454 2888 nova:
3478 2831 3655 2886 Roma:

2143 2932 2196 2984 in
2229 2929 2454 2984 Domino
2478 2927 2726 2982 salutent.

2147 3123 2437 3181 Mnltifarie
2466 3123 2767 3194 multisque
2806 3121 3006 3191 modis,
3042 3117 3356 3188 evangelica
3395 3119 3559 3174 simul
3602 3126 3659 3174 ct

373 3231 668 3294 στολικῶς,
699 3232 794 3284 καὶ
835 3230 1158 3302 πατριακῶς
1212 3231 1605 3303 διδασκόμεθα,
1649 3234 1963 3308 ἀφιλάργυ-
1997 3269 2001 3296 ι

2077 3219 2369 3289 apostolica
2392 3226 2563 3288 atque
2592 3215 3125 3288 paternedocemur,
3161 3213 3280 3268 sine
3307 3213 3541 3266 avaritia
3567 3213 3651 3266 ha-

377 3342 472 3396 ρον
498 3323 591 3376 τὸν
616 3322 819 3394 τρόπον
843 3321 990 3392 ἐχειν
1021 3325 1078 3376 ἐν
1117 3324 1183 3395 τῇ
1217 3323 1318 3394 τῆς
1345 3325 1650 3397 ἱερωσύνης
1685 3327 1962 3399 ἁγιστείᾳ,

373 3419 473 3472 καὶ
525 3416 601 3486 μὴ
650 3414 1003 3486 χρυσίζεσθαι
1050 3415 1514 3489 ἥὰργυρίζεσθαι
1545 3419 1579 3490 ἦ
1607 3437 1661 3473 τι
1705 3426 1964 3492 σφετερί-

377 3509 573 3574 ζεσθαι
593 3509 686 3560 ἐπὶ
718 3507 1024 3580 χειροτονίᾳ
1053 3509 1256 3573 παντὸς
1300 3510 1581 3580 ίερατικοῦ
1633 3513 1851 3583 ἀνδρὸς,
1887 3515 1965 3578 ὡς

376 3596 738 3667 ὑποδείξομεν
767 3599 825 3649 ἐν
870 3599 991 3660 ταῖς
1039 3598 1625 3669 καθυποτεταγμέναις
1676 3603 1963 3673 χρήσεσιν,

376 3689 492 3744 ἀπό
511 3707 571 3742 τε
599 3689 888 3760 γραφικῶν
913 3688 1236 3760 θεηγοριῶν,
1265 3692 1358 3744 καὶ
1400 3694 1686 3762 πατρικῶν
1712 3695 1970 3750 διδασκα-

378 3781 536 3836 λιῶν.
597 3783 660 3834 Οἱ
713 3781 822 3853 γὰρ
870 3781 1213 3846 ἐπιτιθέντες
1267 3787 1478 3855 χεῖρας,
1538 3788 1813 3858 ὑπηρέται
1876 3788 1969 3842 τοῦ

381 3872 704 3944 Πνεὺματός
735 3877 896 3941 εἰσιν,
932 3875 1053 3946 οὐχὶ
1107 3876 1313 3946 πράται
1342 3877 1437 3930 τοῦ
1473 3878 1822 3950 Πνεὺματος.
1856 3886 1968 3934 Δω-

383 3967 519 4034 ρεὰν
539 3967 649 4038 γὰρ
700 3967 1072 4038 λαμϐάνοντες
1111 3968 1210 4039 τὴν
1246 3969 1406 4041 χάριν
1455 3970 1548 4023 τοῦ
1615 3973 1962 4042 Πνεύματος,

377 4058 595 4130 δωρεὰν
623 4059 863 4112 δίδοσθαι
886 4062 1000 4122 τοῖς
1054 4061 1184 4132 παρ’
1215 4061 1398 4116 αὑτῶν
1446 4064 1965 4136 μεταλαμϐάνουσιν

380 4150 757 4220 ἀπεφήναντο,
805 4154 871 4206 ἐκ
921 4154 1020 4222 τῆς
1051 4153 1341 4224 Κυριακῆς
1391 4155 1576 4225 φωνῆς
1614 4157 1823 4227 ταύτην
1868 4159 1969 4228 τὴν

379 4241 802 4314 ἐλευθεριότητα
830 4244 1134 4316 εἰληφότες.
1158 4245 1220 4298 Εἰ
1247 4245 1304 4298 δέ
1334 4263 1419 4309 τις
1444 4247 1730 4319 ἐλεγχθείη
1757 4251 1968 4322 χρυσίῳ

380 4335 592 4403 ταύτην
618 4334 992 4405 ὠνησάμενος,
1026 4336 1412 4409 ἀποκήρυκτον
1438 4339 1822 4414 διαγορεὺουσι
1871 4345 1965 4396 τὺν

379 4427 630 4481 τοιοῦτον
659 4427 758 4489 τῆς
788 4427 1067 4498 ἱερατικῆς
1095 4427 1302 4493 τάξεως
1323 4445 1337 4459 ’
1369 4431 1464 4483 καὶ
1494 4432 1542 4484 εί
1588 4431 1686 4485 καὶ
1732 4433 1963 4504 ὀνόματι

379 4521 484 4590 τὴν
512 4518 817 4590 ἱερωσύνην
849 4519 1216 4591 κεκλήρωται,
1271 4521 1386 4574 ἀλλ’
1417 4518 1511 4577 οὖν
1556 4523 1906 4593 διαψεύδεται
1940 4530 1968 4581 ὁ

380 4609 544 4679 λόγος
561 4609 653 4662 ἐπὶ
680 4607 758 4678 τῷ
783 4609 1093 4680 πράγματι.
1122 4609 1333 4678 Οὐδεὶς
1353 4610 1462 4681 γὰρ
1489 4609 1610 4676 Θεῷ
1642 4613 1967 4670 δουλεύειν

382 4701 638 4756 δύναται
683 4701 782 4755 καί
807 4700 1081 4771 μαμωνᾷ,
1130 4702 1206 4766 ὼς
1238 4703 1616 4772 εὑαγγελικῶς
1667 4707 1968 4780 ἐμάθομεν.

384 4797 497 4854 Καὶ
519 4795 705 4866 ἐπειδὴ
739 4793 1057 4865 ἠκούσαμεν
1088 4797 1446 4868 προφητικῶς
1491 4799 1586 4852 τοῦ
1631 4800 1766 4853 Θεοῦ
1802 4801 1970 4872 βοῶν-

383 4904 476 4953 τος
508 4902 522 4915 '
567 4882 791 4956 Ἰερεῖς,
827 4888 1143 4954 λαλήσατε
1166 4889 1255 4952 είς
1293 4887 1408 4957 τὴν
1452 4891 1706 4959 καρδίαν
1747 4894 1969 4963 Ἰερου-

385 4977 597 5047 σαλήμ
621 4996 637 5012 ο
674 4974 831 5041 αὖθίς
891 4995 952 5031 τε
986 4979 1412 5044 ἐπαπειλοῦντος
1451 4983 1548 5037 καὶ
1599 4983 1872 5054 λέγοντος,
1916 4987 1980 5041 Ὀ

387 5069 625 5136 σκοπὸς
657 5069 764 5125 ἐὰν
805 5070 904 5138 ιδῃ
943 5069 1060 5140 τὴν
1114 5072 1424 5142 ῥομφαίαν
1469 5074 1826 5146 ἐρχομένην,
1881 5080 1980 5133 καὶ

386 5161 473 5232 μὴ
503 5160 747 5230 σημάνῃ
776 5160 850 5231 τῇ
880 5161 1191 5232 σάλπιγγι,
1261 5162 1360 5216 καὶ
1392 5167 1427 5218 ό
1454 5166 1608 5233 ,λαὸς
1637 5167 1724 5236 μὴ
1777 5169 1976 5238 φυλὰ-

391 5255 588 5321 ξηται,
613 5253 713 5308 καί
741 5253 1010 5310 ἐλθοῦσα
1041 5255 1081 5322 ἠ
1130 5255 1400 5324 ῥομφαία
1454 5256 1610 5327 λάϐῃ
1653 5259 1724 5324 ἐξ
1775 5261 1978 5316 αὐτῶν

389 5347 626 5418 ψυχὴν,
662 5347 730 5401 τὸ
752 5342 896 5418 αἷμα
923 5347 992 5401 ἐκ
1025 5347 1137 5414 τῆς
1179 5349 1381 5419 χειρὸς
1403 5351 1510 5407 τοῦ
1534 5352 1774 5407 σκοποῦ
1813 5351 1979 5422 ἐκζη-

395 5438 563 5507 τιὶσω
598 5454 612 5469 ο
637 5439 789 5508 φόϐῳ
814 5441 910 5493 τοῦ
940 5442 1039 5512 τῆς
1090 5444 1304 5512 σιωπῆς
1335 5443 1772 5513 κατακρίματος,
1805 5445 1974 5511 ἀναγ-

396 5529 658 5600 γέλλομεν
684 5533 792 5595 τοῖς
822 5533 1104 5606 προέδροις
1123 5535 1257 5588 πᾶσι
1285 5533 1394 5586 τῶν
1419 5533 1540 5587 καθ’
1564 5534 1712 5603 ἡμᾶς
1745 5532 1978 5604 Ἐκκλη-

401 5621 551 5690 σιιῖιν,
579 5624 668 5678 ἵνα
686 5626 825 5696 μετᾶ
855 5627 1170 5698 παρρησίας
1208 5628 1350 5680 κατὰ
1384 5627 1477 5680 τὸν
1535 5628 1679 5680 θεῖον
1724 5627 1978 5680 ’Λπόστο-

398 5711 487 5768 λον
507 5715 750 5786 εἴπωμεν
774 5733 789 5750 θ
822 5717 1066 5788 Καθαροί
1100 5719 1266 5787 ἐσμεν
1305 5718 1412 5771 ἀπὸ
1451 5717 1546 5770 τοῦ
1593 5717 1825 5787 αἵματος
1872 5715 1982 5769 τῶν

468 5895 516 5930 ⁸⁵
547 5895 832 5973 Matth.vr,
860 5899 949 5955 24.
1028 5900 1071 5932 ⁸⁵
1104 5897 1206 5955 lsa.
1242 5916 1329 5966 xc,
1354 5898 1407 5952 '2.
1476 5901 1519 5931 ⁸⁵
1553 5897 1748 5954 Ezech.
1797 5910 1988 5960 χχχιιι,
2021 5893 2073 5948 6.

2075 3313 2203 3368 bere
2248 3326 2429 3366 mores
2476 3311 2530 3364 in
2567 3306 2862 3365 sacerdotii
2913 3304 3370 3371 sanctiﬁcatione,
3439 3313 3493 3358 et
3549 3319 3659 3357 non

2045 3420 2293 3467 aurum,
2329 3417 2435 3456 non
2475 3408 2788 3472 argentum,
2836 3405 2930 3451 aut
2960 3395 3167 3466 aliquid
3201 3394 3350 3448 aliud
3391 3409 3659 3463 usurpare

2073 3511 2238 3566 super
2265 3509 2464 3549 manus
2495 3491 2845 3562 imposilione
2869 3488 3051 3543 omnis
3082 3486 3282 3541 sacrati
3313 3485 3435 3551 viri,
3469 3500 3662 3554 quem-

2072 3586 2366 3640 admodum
2413 3583 2767 3640 ostendemus
2821 3580 2874 3633 in
2915 3577 3185 3633 ordinatis
3233 3576 3463 3630 inferius
3508 3579 3662 3629 testi-

2076 3676 2296 3736 moniis,
2351 3682 2460 3729 tam
2511 3689 2574 3727 ex
2621 3672 2920 3741 Scriptum
2969 3668 3172 3722 divina:
3232 3667 3661 3730 assertionibus,

2074 3782 2234 3837 quam
2283 3781 2352 3821 ex
2387 3765 2628 3835 paternis
2664 3759 2994 3832 magisteriis
3027 3758 3350 3828 assumptis.
3378 3757 3480 3823 Qui
3515 3758 3662 3812 enim

2075 3875 2272 3913 manus
2300 3858 2612 3927 imponunt,
2643 3854 2882 3908 ministri
2911 3864 3038 3907 sunt
3073 3851 3334 3920 Spiritus,
3374 3865 3479 3904 non
3539 3865 3624 3902 vrt
3649 3881 3665 3890 -

2073 3951 2279 4005 dilorcs
2308 3949 2585 4019 Spiritus;
2619 3947 2790 4017 gratis
2821 3945 3025 4016 quippe
3059 3945 3397 4012 accipientes
3432 3943 3661 4012 gratiam

2076 4037 2336 4107 Spiritus.
2371 4036 2543 4107 gratis
2571 4033 2657 4087 his
2695 4035 2786 4101 qui
2839 4047 2865 4086 a
2909 4046 2970 4086 se
3001 4031 3333 4100 percipiunt,
3372 4031 3502 4084 dare
3525 4045 3668 4099 pra:-

2073 4130 2374 4199 cipiuntur,
2423 4143 2488 4182 cx
2520 4124 2714 4178 Domin
2735 4125 2816 4178 ica
2854 4137 2987 4178 voco
3031 4123 3174 4176 hanc
3211 4123 3514 4176 libertatem
3546 4118 3664 4191 [(ἷν.

2077 4218 2480 4291 liberalitatem]
2506 4217 2708 4287 adepti.
2743 4215 2800 4270 Si
2827 4216 2952 4287 quis
2980 4223 3162 4270 autem
3185 4214 3468 4269 convictus
3498 4213 3666 4267 fuerit

2075 4315 2310 4389 pecunia
2362 4314 2505 4368 hanc
2538 4310 2869 4375 obtinuisse,
2916 4309 3187 4378 abiectum
3229 4306 3346 4362 fore
3371 4307 3440 4361 ab
3473 4305 3667 4360 ordine

2075 4419 2265 4465 sancto
2304 4407 2653 4478 promulgant
2701 4400 3019 4472 huiusmodi
3081 4418 3096 4455 :
3155 4409 3212 4455 et
3265 4399 3394 4454 licet
3448 4398 3668 4452 nomine

2080 4496 2448 4553 sacerdotium
2481 4494 2765 4554 sortiatur,
2805 4488 2901 4542 sed
2935 4485 3139 4540 fallitur
3167 4499 3351 4541 sermo
3401 4485 3458 4538 iu
3493 4497 3666 4537 causa

2003 4587 2049 4644 D
2086 4590 2164 4664 [in
2203 4586 2310 4660 re].
2377 4583 2547 4641 Nemo
2586 4584 2727 4638 enim
2788 4581 2980 4635 servire
3031 4585 3203 4648 potest
3249 4574 3359 4629 Deo
3399 4586 3448 4629 et
3497 4589 3670 4627 mant-

2083 4698 2275 4746 monaz,
2319 4681 2459 4736 sicut
2511 4692 2575 4732 ex
2606 4675 2898 4746 Evangeiio
2929 4671 3220 4727 didicimus
3246 4669 3313 4722 ³⁵.
3364 4667 3503 4735 Quia
3541 4682 3668 4721 vero

2083 4773 2401 4846 prophetica
2439 4769 2752 4824 audivimus
2802 4765 2912 4820 Duo
2966 4765 3239 4819 clamante
3281 4782 3293 4816 :
3328 4759 3664 4823 Sacerdotes,

2085 4865 2361 4936 loquimini
2422 4863 2491 4916 ad
2542 4877 2632 4915 cor
2685 4856 2988 4911 Jerusalem
3030 4857 3113 4920 5;
3155 4867 3457 4922 rursusque
3512 4865 3666 4906 com-

2087 4961 2328 5014 minante
2377 4965 2540 5024 atque
2581 4953 2830 5007 dicente:
2886 4946 3198 5017 Speculator
3246 4947 3292 5000 si
3319 4944 3506 4998 viderit
3553 4941 3668 5012 gla-

2085 5052 2234 5105 dium
2254 5048 2560 5112 venientem,
2594 5053 2642 5098 et
2690 5060 2793 5097 nou
2844 5039 3140 5095 insonuerit
3170 5037 3319 5103 tuba,
3366 5045 3415 5091 et
3442 5033 3668 5105 populus

2082 5158 2136 5197 se
2168 5157 2271 5195 non
2324 5135 2673 5198 custodierit;
2713 5143 2763 5187 et
2804 5133 3014 5187 veniens
3061 5129 3269 5199 gladius
3303 5128 3562 5196 acceperit
3605 5141 3671 5179 ex

2083 5235 2160 5290 eis
2199 5233 2458 5295 animum,
2510 5227 2820 5298 sanguinem
2873 5225 2937 5278 de
2973 5239 3136 5277 manu
3189 5219 3538 5288 speculatoris
3589 5233 3672 5270 re-

2082 5326 2292 5396 quiram
2336 5323 2418 5387 3°;
2469 5321 2722 5375 timorem
2767 5332 2833 5371 ex
2882 5315 3096 5370 silentio
3148 5309 3520 5366 damnationis
3579 5307 3673 5361 dc-

2082 5416 2400 5471 nuntiamus
2449 5410 2775 5482 praesulibus
2814 5406 3074 5462 omnibus
3123 5403 3490 5458 Ecrlcsiarum
3549 5413 3672 5466 qua:

2085 5508 2228 5578 apud
2256 5521 2356 5561 nos
2388 5513 2538 5570 sunt,
2569 5512 2629 5557 ut
2667 5517 2792 5556 cum
2830 5499 3027 5554 ﬁducia
3061 5495 3362 5552 secundum
3422 5492 3668 5546 divinum

2087 5596 2412 5671 Apostolum
2435 5595 2480 5627 ⁸⁷
2503 5594 2750 5649 dicamus
2775 5609 2787 5644 :
2811 5588 2998 5644 Mundi
3018 5601 3212 5643 sumus
3231 5585 3338 5655 79
3359 5599 3386 5636 a
3405 5581 3673 5649 sanguine

2091 5670 2565 5763 praevaricantium
2598 5681 2891 5739 canonicas
2942 5675 3355 5748 dispositioncs.
3406 5681 3459 5728 et
3503 5670 3676 5725 multo

2160 5892 2202 5924 ⁸⁷
2238 5893 2358 5947 Act.
2411 5905 2502 5954 xx,
2534 5887 2627 5953 26,
2651 5885 2736 5939 27.
