4122 6438
501 425 599 490 531

1634 427 1750 485 Plit
1766 425 1893 484 lTIl
1940 425 2444 490 PATllIARCH/E
2504 433 2612 494 CP.

3669 429 3779 496 5'2Q

3709 475 3779 496 υω

3695 475 3779 502 γυι-

500 535 676 608 magis
702 550 892 592 eorum
927 536 1023 607 qui
1058 551 1154 608 per
1181 535 1446 606 pecunias
1478 549 1674 589 manus
1701 535 2084 605 imposuerunt

2206 542 2636 612 ταραϐαινόντων
2664 542 2761 607 τὰς
2789 541 3080 606 κανονικάς
3113 541 3404 607 διατάξεις,
3470 540 3569 596 καὶ
3628 543 3776 600 πάνυ

499 631 582 685 vel
617 631 910 699 imponunt
956 627 1074 702 [Gn
1107 629 1190 684 vel
1226 644 1423 684 manus
1461 628 1870 698 impositionem
1921 643 2082 684 acce-

502 719 762 792 perunt];
818 721 979 776 Petro
1019 720 1205 775 divino
1244 719 1515 790 apostolo,
1568 719 1729 789 cujus
1761 719 2081 774 cathedram

501 814 694 868 sortita
745 821 831 868 est
872 812 1111 867 fraterna
1147 812 1408 866 sanctitas
1436 818 1643 873 vestra,
1679 811 1780 866 hos
1823 820 2082 881 tanquam

505 906 787 960 Simonem
861 903 1076 976 Magum
1141 902 1469 972 deponente.
1532 903 1710 972 Hujus
1778 903 1859 957 rei
1912 903 2086 974 gratia

507 1011 614 1050 non
661 993 1116 1064 subter-fugimus,
1150 1009 1262 1064 quo
1295 994 1480 1049 minus
1520 993 1913 1049 annuntiemus
1941 995 2088 1049 veri-

506 1096 693 1149 tatem,
729 1084 1102 1140 custodientes
1153 1093 1208 1138 et
1254 1093 1505 1140 tenentes
1535 1101 1658 1155 quae
1710 1101 1740 1138 a
1793 1087 2000 1140 sanctis
2035 1093 2090 1140 et

506 1176 896 1231 laudatissimis
936 1175 1202 1245 apostolis
1233 1185 1287 1230 et
1332 1177 1785 1231 memorabilibus
1830 1176 2089 1231 Patribus

508 1267 708 1323 nostris
738 1267 1004 1322 canonice
1037 1276 1167 1322 sunt
1197 1267 1405 1335 prolata
1432 1285 1446 1321 :
1498 1279 1551 1322 et
1577 1268 1678 1322 hos
1705 1269 1799 1338 qui
1827 1269 1958 1339 quid
1991 1269 2090 1323 ho-

509 1376 624 1412 rum
654 1359 1111 1429 contempserint,
1160 1359 1566 1413 abominamur.
1625 1360 1795 1430 Igitur
1849 1360 2092 1414 fraterna

504 1461 557 1507 et
587 1467 805 1508 summo
833 1451 1144 1508 saerrdotio
1170 1452 1428 1505 decorata
1450 1451 1714 1506 sanctitas
1738 1462 1940 1516 vestra,
1968 1453 2092 1520 jure

506 1560 572 1600 ac
601 1545 906 1600 secundum
935 1543 1027 1600 Dei
1057 1544 1393 1599 voluntatem
1427 1545 1794 1614 pontiﬁcalem
1826 1546 2092 1602 ordinans

507 1637 760 1705 pietatem
796 1634 916 1708 [Gn
960 1651 1182 1692 sacrum
1229 1636 1634 1695 hierarchicum
1666 1637 1978 1706 gubernans
2001 1652 2094 1690 or-

507 1728 739 1802 dinem],
782 1728 1222 1799 opinatissimam
1260 1729 1422 1782 habet
1474 1728 1724 1798 gloriam.
1764 1729 1912 1782 Dixit
1945 1730 2092 1783 enim

508 1836 605 1892 per
631 1821 950 1891 prophetam
985 1821 1198 1892 primus
1224 1828 1279 1875 et
1303 1835 1530 1889 magnus
1562 1835 1811 1874 summus
1831 1821 2090 1875 sacerdos

507 1913 763 1970 Christus
799 1912 944 1967 Deus
978 1923 1196 1967 noster:
1263 1911 1387 1967 Vivo
1437 1929 1551 1983 ego,
1603 1913 1692 1966 sed
1737 1912 2094 1983 gloriﬁcantes
2128 1898 2168 1953 Β

509 2023 592 2060 me
646 2005 960 2076 gloriﬁcabo
1000 2005 1068 2060 ⁸⁸.
1120 2003 1274 2060 Nosti
1331 2005 1502 2069 enim,
1564 2005 1647 2058 vir
1701 2005 2094 2059 desideriorum

511 2098 772 2168 Spiritus,
807 2097 935 2167 quia
975 2097 1317 2152 tolerabilior
1349 2106 1434 2152 est
1458 2097 1758 2151 Macedonii
1803 2104 1858 2151 et
1901 2111 2097 2150 eorum

511 2184 605 2252 qui
632 2184 778 2238 circa
807 2184 986 2253 ipsqu
1017 2192 1168 2248 sunt,
1197 2181 1436 2252 Spiritus
1460 2183 1905 2252 impugnatorum
1929 2181 2097 2251 impia

511 2277 760 2332 haeresis.
818 2276 931 2332 lllis
1003 2277 1149 2330 enim
1203 2283 1510 2330 creaturam
1591 2284 1646 2330 et
1705 2290 1924 2330 servum
2002 2273 2098 2329 Dei

512 2382 579 2424 ac
647 2366 826 2424 Patris
885 2367 1148 2437 Spiritum
1209 2367 1379 2422 delire
1443 2365 1786 2431 fatentibus,
1864 2366 1954 2421 isti
2012 2364 2100 2422 sui

515 2462 691 2532 ipsius
753 2476 903 2528 eum,
988 2471 1051 2516 ut
1128 2468 1446 2525 autumant,
1539 2475 1757 2515 servum
1833 2458 2096 2514 eﬂiciunt.

514 2551 709 2608 Omnis
741 2552 889 2608 enim
934 2550 1193 2606 dominus
1241 2552 1388 2621 quod
1427 2549 1700 2616 habuerit,
1748 2551 1793 2606 si
1841 2551 2098 2616 voluerit,

513 2646 834 2711 venumdat,
889 2644 1009 2701 sive
1049 2660 1294 2710 servum,
1349 2645 1466 2700 sive
1511 2645 1659 2700 aliud
1716 2643 1850 2715 quid
1906 2660 2099 2700 eorum

513 2757 639 2812 qua:
665 2740 927 2812 possidet.
963 2740 1230 2796 Similiter
1267 2748 1320 2793 et
1349 2739 1443 2809 qui
1483 2739 1636 2804 emit,
1691 2738 1948 2793 dominus
2000 2752 2100 2794 vo-

517 2833 640 2888 lens
684 2847 805 2888 csse
851 2831 974 2902 ejus
1002 2831 1151 2902 quod
1191 2831 1409 2892 emerit,
1441 2847 1537 2900 per
1569 2831 1803 2900 pretium
1859 2832 2105 2899 pecuniae

515 2926 650 2982 illud
681 2926 937 2996 acquirit.
973 2925 1048 2980 lta
1094 2935 1148 2980 et
1180 2925 1274 2994 qui
1324 2925 1487 2989 hanc,
1525 2925 1794 2994 iniquam,
1830 2926 2103 2979 actionem

516 3027 842 3087 cperantur,
912 3017 1210 3073 detrahunt
1264 3015 1494 3087 Spiritui
1558 3026 1772 3082 sancto,
1820 3019 2106 3086 :equaliter

517 3121 807 3182 peccantes
857 3112 940 3167 his
978 3113 1071 3182 qui
1109 3111 1513 3180 blasphemant,
1551 3111 1797 3166 dicentes
1849 3111 1900 3164 in
1948 3110 2106 3166 Dei-l-

2188 655 2251 706 γε
2282 638 2484 704 μᾶλλον
2515 636 2626 692 τῶν
2652 636 2746 690 ἐπὶ
2777 637 3024 708 χρήμασι
3057 633 3562 706 χειροτονησάντων
3592 634 3626 700 ἢ
3659 651 3776 704 χει·

2192 731 2606 802 ροτονηοὲντων,
2661 729 2874 799 Πέτρου
2911 727 3005 782 τοῦ
3041 727 3186 781 θείου
3227 726 3554 792 ἀποστόλου,
3585 717 3648 779 οῦ
3683 729 3779 780 καὶ

2188 827 2288 898 τὴν
2318 825 2585 896 καθέδραν
2611 820 2963 894 ἐκληρώσατο
2985 823 3017 892 ἠ
3046 820 3307 890 ἀδελφικὴ
3342 819 3496 889 ὑμῶν
3519 819 3779 889 ἁγιότης,

2190 919 2266 983 ὡς
2298 918 2518 988 Σίμωνα
2548 916 2641 970 τὸν
2669 916 2864 984 Μάγον
2908 913 3104 966 τούτου
3158 913 3506 976 καθελόντος.
3570 912 3780 965 τούτου

2189 1012 2379 1064 ἕνεκεν
2405 1009 2504 1079 οὐχ
2532 1005 2974 1076 ὑποστελλόμεοα
2996 1003 3090 1057 τοῦ
3122 1004 3476 1072 άναγγέλλειν
3503 1002 3609 1073 τὴν
3642 1003 3780 1070 ἀλή-

2192 1102 2366 1164 οειαν,
2413 1098 2774 1169 φυλάττοντες
2817 1096 2914 1150 καὶ
2969 1094 3302 1166 κρατοῦντες
3339 1096 3408 1149 τὰ
3456 1093 3618 1164 παρὰ
3670 1093 3783 1144 τῶν

2191 1195 2364 1263 ἁγίων
2386 1194 2481 1247 καί
2525 1189 2906 1260 πανευφήμων
2941 1189 3281 1248 ἀποστόλων,
3314 1188 3410 1242 καὶ
3461 1187 3573 1240 τῶν
3609 1185 3784 1238 ἀοιδί-

2197 1305 2313 1358 μων
2338 1283 2599 1355 Πατὲρων
2631 1283 2794 1354 ἡμῶν
2833 1279 3134 1342 κανονικῶς
3158 1278 3464 1332 ἐκδοθέντα.
3496 1277 3612 1330 Καὶ
3650 1277 3704 1329 εί
3729 1293 3782 1327 τι

2194 1379 2400 1433 τούτων
2425 1375 2712 1447 παρεϐάοη
2759 1374 2865 1428 ὑπό
2898 1389 3082 1435 τινων,
3135 1368 3554 1440 βδελυττόμεθα.
3593 1367 3659 1420 Ἦ
3689 1366 3784 1419 οὖν

2195 1469 2458 1540 ἀδελφικὴ
2488 1469 2642 1538 ὑμῶν
2673 1462 3123 1538 ἀρχιεροπρεπὴς
3157 1459 3463 1529 ἁγιωσύνη,
3497 1458 3784 1528 ἐνοέσμως

2197 1563 2292 1618 καὶ
2321 1562 2464 1616 κατὰ
2515 1561 2650 1614 Θεοῦ
2684 1559 2957 1630 βούλησιν,
2995 1554 3413 1626 πρυτανεύουσα
3445 1553 3546 1624 τὴν
3596 1555 3785 1622 ίεραρ-

2198 1656 2358 1729 χικὴν
2393 1653 2697 1723 ἁγιστείαν,
2732 1651 3018 1721 διαϐόητον
3050 1648 3160 1719 ἔχει
3190 1649 3290 1716 τὴν
3349 1645 3530 1710 δόξαν.
3577 1643 3784 1716 Εἴρηκε

2198 1752 2308 1820 γὰρ
2328 1749 2414 1802 διά
2435 1746 2529 1801 τοῦ
2558 1745 2840 1816 προφήτου
2871 1745 2898 1796 ὁ
2935 1740 3147 1812 πρῶτος
3173 1739 3268 1793 καὶ
3291 1738 3462 1809 μέγας
3489 1737 3787 1808 ἀρχιερεὺς

2202 1841 2438 1912 Χριστὸς
2466 1840 2494 1892 ὁ
2525 1838 2678 1901 Θεὸς,
2700 1836 2796 1890 καὶ
2829 1834 2925 1888 νῦν
2951 1849 3106 1902 φησι,
3132 1831 3224 1885 Ζῶ
3246 1831 3381 1901 ἐγὼ,
3412 1830 3551 1884 ἀλλ’
3577 1828 3616 1896 ἢ
3648 1827 3787 1892 τοὺς

2199 1926 2559 1993 δοξάζοντάς
2583 1942 2661 1996 με
2685 1923 2948 1988 δοξάσω.
2980 1917 3142 1986 Οἶδας
3165 1919 3293 1991 γὰρ,
3325 1920 3456 1990 ἆνερ
3476 1918 3787 1988 ἐπιθυμιῶν

2198 2019 2310 2072 τῶν
2359 2016 2454 2070 τοῦ
2506 2015 2844 2086 Πνεύματος,
2883 2015 2966 2067 δτι
3008 2011 3354 2082 φορητοτέρα
3404 2009 3612 2080 μᾶλλόν
3667 2010 3786 2061 ἐστι

2199 2107 2538 2165 Μακεδονίου
2571 2106 2800 2161 καὶτῶν
2833 2104 2978 2175 ἀμφὶ
3021 2101 3186 2158 αὐτὸν
3241 2101 3724 2170 πνευματομάχων
3755 2097 3787 2166 ἡ

2199 2199 2470 2270 δυσσεϐὴς
2503 2198 2716 2268 αἵρεσις
2737 2213 2752 2228 ·
2785 2196 3012 2250 ἐκείνων
3041 2191 3150 2264 γάρ
3202 2191 3433 2260 κτίσμα,
3462 2190 3562 2242 καὶ
3597 2187 3784 2241 δοῦλον

2200 2292 2296 2346 τοῦ
2318 2287 2454 2344 Θεοῦ
2486 2289 2583 2344 καὶ
2605 2285 2840 2358 Πατρὺς,
2885 2285 2947 2337 τὸ
2987 2284 3141 2352 ἅγιον
3199 2281 3427 2350 Πνεῦμα
3475 2277 3790 2348 ληρῳδούν-

2202 2402 2333 2448 των,
2359 2376 2505 2438 οὗτοι
2538 2379 2751 2436 ἑαυτῶν
2778 2379 2853 2440 ὼς
2879 2374 3101 2430 δοκοῦσι
3122 2374 3308 2427 δοῦλον
3356 2371 3486 2425 αὐτὸ
3535 2367 3786 2422 ποιοῦσι·

2199 2477 2314 2538 ¹πᾶς
2337 2451 2446 2544 γάρ
2469 2471 2754 2541 δεσπότης,
2771 2469 2800 2522 ὃ
2819 2485 2872 2520 τι
2897 2467 2962 2520 ἂν
2985 2465 3095 2536 ἔχοι
3123 2465 3172 2517 ει
3203 2462 3441 2533 βούλοιτο
3463 2458 3786 2529 πιπράσκει,

2203 2571 2318 2626 εἴτε
2364 2567 2582 2638 οἰκέτην
2611 2564 2721 2618 εἴτε
2769 2563 2957 2634 ἓτερον
2991 2559 3020 2612 ὃ
3055 2559 3317 2628 κέκτηται
3342 2573 3356 2586 ο
3387 2554 3654 2616 ὡσαύτως
3698 2549 3792 2603 καὶ

2203 2666 2232 2718 ό
2263 2657 2574 2732 ἀγοράζων,
2625 2656 2892 2724 δεσπότης
2929 2651 3253 2722 βουλόμενος
3295 2643 3437 2700 εἷναι
3465 2644 3562 2698 τοῦ
3591 2645 3791 2732 ἡγοραξ

2207 2731 2430 2824 σμένου,
2459 2749 2550 2803 διὰ
2594 2747 2762 2818 τιμῆς
2791 2743 3056 2815 ἀργυρίου
3087 2740 3245 2794 τοῦτο
3275 2739 3494 2792 κτᾶται.
3527 2733 3715 2794 Οῦτως
3743 2731 3792 2782 οἱ

2206 2844 2414 2913 ταύτην
2442 2843 2544 2907 τὴν
2578 2839 2818 2909 ἀοεσμον
2869 2835 3070 2906 πρᾶξιν
3095 2829 3453 2902 ἐργαζόμενοι
3490 2824 3790 2880 καταϐιϐά-

2209 2938 2364 3003 ζουσι
2392 2934 2454 2986 es
2494 2931 2720 3000 Πνεῦμα
2771 2927 2832 2980 τὸ
2865 2928 3043 2994 ἆγιον,
3104 2923 3195 2976 ίσα
3225 2919 3640 2992 ἁμαρτάνοντες
3684 2916 3792 2974 τοῖς

2211 3023 2628 3100 βλασφημοῦσιν
2658 3027 2714 3076 ἐν
2744 3017 3074 3082 Βεελζεϐοὺλ
3109 3014 3394 3070 ἐκϐάλλειν
3423 3011 3490 3064 τά
3545 3006 3792 3077 δαιμόνια

2209 3121 2300 3177 τὸν
2337 3117 2572 3192 Χριστόν
2593 3131 2607 3146 ⁶
2637 3115 2670 3186 ἢ
2696 3114 2758 3168 τό
2788 3131 2853 3182 γε
2885 3111 3248 3182 ἀληθέστερον
3273 3108 3467 3168 εἰπεῖν,
3491 3101 3790 3172 παρεοίκα-

517 3202 694 3258 zebub
741 3201 940 3270 ejicere
985 3200 1255 3255 dazmonia
1290 3199 1570 3254 Christum
1602 3199 1669 3253 ⁸ο.
1698 3199 1879 3268 Atque
1913 3209 1972 3254 ut
2009 3216 2103 3252 ve-

2212 3230 2299 3267 σιν
2337 3210 2508 3282 Ἰούδᾳ
2533 3209 2612 3280 τῷ
2637 3206 2893 3278 προδότῃ.
2942 3203 3000 3267 ὃς
3029 3204 3144 3266 τοῖς
3177 3198 3478 3260 Θεοκτόνοις
3522 3192 3793 3252 Ἰουδαίοις

518 3295 637 3348 rius
688 3293 958 3358 dicamus,
1019 3291 1170 3346 Juda:
1207 3299 1603 3360 comparantur
1676 3290 1950 3351 traditori.
2011 3290 2106 3358 qui

518 3386 614 3441 Dei
645 3385 987 3440 oceisoribus
1021 3382 1224 3439 ludatis
1250 3383 1427 3453 pretio
1457 3383 1667 3452 argenti
1693 3381 1978 3436 Christum
2013 3397 2108 3434 ve-

518 3475 821 3530 nuutdcdit.
855 3474 990 3530 Cum
1029 3489 1162 3542 ergo
1202 3483 1426 3529 sanctus
1461 3473 1701 3544 Spiritus
1742 3474 2110 3528 consubstan-

520 3569 669 3624 tialis
713 3568 787 3623 sit
838 3567 1057 3622 Christo
1094 3567 1202 3620 Deo
1241 3575 1454 3631 nostro,
1485 3565 1734 3636 ejusdem
1773 3566 2002 3620 omnino
2056 3574 2111 3620 et

519 3660 622 3730 ipsi
641 3660 909 3730 portionis
928 3668 1111 3724 erunt,
1134 3659 1316 3728 sont
1338 3667 1621 3713 ostensum
1645 3667 1751 3712 est.
1774 3657 1828 3713 Si
1851 3673 1980 3712 vero
2002 3672 2108 3712 non

519 3751 776 3807 venditur
804 3751 1177 3819 (perspicuum
1211 3748 1358 3804 enim
1389 3756 1495 3814 est,
1531 3748 1676 3818 quod
1707 3737 1861 3803 nullo
1893 3748 2102 3814 modo),

521 3859 630 3897 non
665 3850 753 3895 est
779 3841 970 3909 procul
1004 3839 1170 3896 dubio
1227 3841 1282 3894 in
1314 3839 1395 3894 eis
1425 3840 1600 3909 gratia
1653 3839 1892 3910 Spiritus
1930 3837 2108 3893 sancti

520 3933 576 3988 id
619 3937 727 3996 est,
758 3930 1051 3986 sacerdOtii
1085 3931 1372 3986 sanctitas.
1405 3930 1538 3984 Nam
1578 3929 1723 4000 quod
1753 3946 1858 3983 non
1885 3943 2111 3999 accepe-

521 4034 673 4089 ruut,
710 4038 819 4078 non
853 4023 1076 4078 habent.
1109 4024 1384 4078 Memores
1417 4037 1548 4092 ergo
1589 4023 1700 4075 sint
1723 4022 1896 4076 sancti
1936 4021 2108 4086 Petri,

520 4116 589 4170 ad
616 4132 742 4172 eum
783 4116 876 4186 qui
920 4116 1024 4170 hoc
1054 4115 1308 4170 studebat
1357 4114 1430 4168 ita
1479 4114 1826 4170 dicentibus:
1873 4114 1996 4169 Non
2030 4124 2110 4169 est

522 4207 620 4265 tibi
667 4223 816 4277 pars,
870 4222 1034 4277 neque
1086 4221 1202 4260 sors
1255 4207 1309 4258 in
1348 4220 1587 4259 sermone
1619 4205 1715 4258 hoc
1741 4205 1808 4258 9°.
1865 4203 1923 4258 Si
1960 4205 2108 4260 enim

520 4299 890 4354 venuimlatur
929 4296 1224 4353 sacerdotii
1253 4295 1514 4365 dignitas,
1555 4311 1687 4366 ergo
1722 4295 1997 4366 superﬂua
2026 4304 2113 4352 est

522 4390 667 4460 apud
713 4391 865 4460 ipsos
916 4388 1042 4444 vitae
1082 4387 1386 4459 probabilis
1420 4387 1585 4453 actio,
1645 4395 1698 4442 et
1753 4387 1807 4441 in
1857 4388 2112 4442 castitate

522 4483 758 4553 aliisque
814 4482 1115 4537 virtutibus
1185 4480 1557 4536 conversatio.
1637 4478 1960 4550 Superlluus
2027 4487 2112 4535 est

2210 3302 2380 3373 τιμῆς
2406 3278 2673 3372 ἀργυρίου
2698 3297 2790 3351 τον
2820 3295 3054 3368 Χριστὸν
3093 3291 3544 3363 άπεμπολήσατο.
3587 3287 3674 3348 Ὠς
3704 3278 3792 3373 οῦν

2210 3394 2272 3449 τὸ
2299 3393 2454 3461 ἅγιον
2479 3389 2705 3459 Πνεῦμα
2747 3385 3034 3460 ὁμοούσιόν
3090 3386 3208 3436 ἐστι
3275 3379 3499 3453 Χριστῷ
3554 3377 3633 3446 τῷ
3673 3372 3788 3444 Θεῷ

2209 3485 2390 3558 ἡμῶν,
2431 3485 2534 3555 τῆς
2567 3481 2740 3551 αὐτῆς
2767 3479 2930 3534 παντί
2963 3494 3065 3530 που
3107 3475 3265 3544 δῆλον
3299 3474 3518 3526 ἔσονται
3557 3469 3790 3541 μερίδος.

2209 3578 2286 3641 ὡς
2314 3577 2714 3632 ἀποδέδεικται.
2765 3574 2828 3626 Εἰ
2875 3573 2929 3625 δὲ
2973 3572 3034 3625 οὑ
3068 3572 3444 3638 πιπράσκεται
3501 3562 3788 3636 (πρόδηλον

2211 3670 2322 3741 γὰρ
2358 3668 2658 3740 οὐδαμῶς),
2682 3664 3104 3736 ἀναμφιλέκτως
3131 3663 3232 3717 οὐκ
3285 3661 3432 3714 ἐστιν
3463 3661 3522 3713 ὲν
3547 3658 3728 3718 αὐτοῖς
3761 3653 3792 3722 ἠ

2213 3764 2374 3836 χάρις
2408 3760 2504 3814 τοῦ
2531 3760 2688 3829 ἁγίου
2739 3756 3082 3827 Πνεύματος,
3141 3755 3316 3824 ἧτοιὴ
3370 3752 3472 3822 τῆς
3515 3747 3792 3818 ἁγιστείας

2214 3853 2510 3925 ἱερωσύνη,
2545 3853 2642 3906 καὶ
2673 3851 2701 3903 ὃ
2729 3850 2828 3902 οὐκ
2869 3847 3064 3901 ἔλαϐον
3093 3847 3213 3899 οὐδὲ
3251 3844 3437 3915 ἔχουσι
3461 3860 3475 3874 ·
3511 3838 3790 3912 μνησοῶσι

2211 3945 2305 4000 τοῦ
2359 3944 2516 4014 ἁγίου
2578 3943 2786 4013 Πέτρου
2824 3941 2961 4012 πρὸς
3015 3938 3106 3993 τὸν
3155 3937 3313 3992 τοῦτο
3365 3933 3792 4005 ἐπιτηδεύσαντα

2213 4037 2358 4091 οὕτω
2377 4035 2649 4104 λέγοντος’
2677 4034 2798 4086 Οὐκ
2823 4032 2955 4085 ἐστι
2988 4044 3087 4083 σοι
3112 4027 3282 4098 μερὶς
3310 4025 3453 4080 οὐδὲ
3474 4023 3702 4092 κλῆρος
3727 4017 3794 4070 ἐν

2215 4127 2297 4192 τῷ
2327 4129 2490 4197 λόγῳ
2520 4126 2731 4190 τούτῳ.
2765 4123 2829 4175 El
2863 4121 2973 4192 γὰρ
3005 4118 3406 4190 ἁπεμπολεῖται
3440 4119 3472 4186 ὴ
3502 4116 3605 4185 τῆς
3638 4115 3791 4181 ἱερω-

2217 4220 2383 4291 σύνης
2430 4218 2578 4284 ἀξία,
2632 4217 2740 4288 ἄρα
2771 4214 3002 4287 περιττὴ
3035 4213 3165 4284 παρ’
3198 4213 3384 4274 αὐτοῖς
3429 4211 3464 4282 ἡ
3521 4207 3662 4263 κατά
3707 4202 3792 4256 τὸν

2217 4312 2333 4384 βίον
2367 4310 2543 4382 σεμνὴ
2567 4309 2837 4374 πολιτεία,
2867 4307 2962 4363 καὶ
2985 4308 3018 4378 ἡ
3044 4309 3104 4360 ὲν
3138 4304 3332 4374 ἁγνείᾳ
3365 4303 3460 4356 καὶ
3472 4302 3651 4372 ἀρετῇ
3670 4300 3792 4352 ἀναο

2221 4403 2430 4475 στροφή
2450 4419 2464 4432 ο
2495 4403 2750 4472 περιττὸς
2800 4401 2922 4455 κατ’
2958 4398 3158 4462 αὐτοὺς
3220 4397 3316 4449 καὶ
3359 4394 3572 4457 Παῦλος
3603 4394 3632 4445 ὁ
3657 4391 3792 4450 Θεῖος

2215 4494 2517 4557 ἀπόστολος
2541 4493 2808 4547 διδάσκων
2830 4510 2844 4525 ·
2886 4492 2987 4545 Δεῖ
3005 4491 3110 4544 τὸν
3143 4489 3486 4542 ἐπίσκοπον
3511 4483 3726 4540 ἁνεπίλ
3736 4496 3794 4546 η·

523 4575 832 4632 secundum
891 4574 1042 4644 ipsos
1093 4575 1260 4628 etiam
1309 4575 1515 4629 Paulus
1567 4573 1788 4630 divinus
1831 4577 2103 4642 apostolus

2220 4601 2374 4638 πτον
2408 4580 2586 4647 εἶναι,
2622 4583 2928 4653 σώφρονα,
2960 4584 3248 4650 κόσμιον,
3294 4577 3640 4633 διδακτικόν
3661 4617 3675 4638 ,
3711 4572 3794 4638 ἐγ·-

531 4671 722 4725 diceus
750 4708 766 4731 ,
797 4677 1038 4737 oportere
1065 4669 1368 4736 episcopum
1424 4666 1933 4735 irrepreltensibilem
1960 4683 2072 4721 esse
2097 4707 2116 4731 ,

525 4763 834 4829 prudentem
869 4801 885 4826 ,
955 4771 1203 4814 ornatum
1240 4798 1255 4823 ,
1331 4759 1598 4814 doctorem
1633 4797 1649 4822 ,
1707 4761 2056 4813 continentem
2096 4800 2111 4821 ,

527 4855 784 4919 sobrium,
841 4851 1240 4920 amplectentem
1291 4867 1409 4905 eum
1452 4852 1543 4921 qui
1581 4853 1871 4906 secundum
1916 4853 2117 4906 doctri-

526 4963 653 5003 nam
673 4958 751 5000 est
800 4946 1009 5016 ﬁdelem
1049 4961 1363 5008 sermonem,
1399 4954 1454 4997 nt
1503 4953 1684 5013 potens
1714 4947 1785 5000 sit
1842 4946 2117 4999 exhortari

525 5042 584 5095 in
627 5039 877 5093 doctrina
921 5055 1079 5103 sana,
1130 5049 1179 5092 et
1229 5054 1318 5091 eos
1374 5038 1464 5107 qui
1503 5039 1880 5091 contradicunt
1920 5055 2112 5108 argue-

526 5149 584 5186 re
633 5132 704 5184 ⁹¹.
753 5129 1107 5185 Proferentur
1167 5127 1554 5201 [evanescunt]
1608 5130 1772 5200 igitur
1829 5131 1946 5184 haec
1990 5146 2112 5182 mn-

529 5223 618 5276 nia
655 5221 722 5277 dc
751 5221 1036 5276 venditore
1070 5237 1134 5276 ac
1172 5230 1426 5290 emptore
1459 5221 1705 5276 beneﬁcii
1745 5221 2112 5296 [sacerdotii].

527 5313 702 5368 Porro
729 5312 973 5384 subjecta
1027 5323 1342 5369 sanctorum
1380 5311 1692 5366 testimonia
1726 5313 1964 5365 alienum
1996 5328 2116 5366 om-

528 5407 663 5462 nino
685 5422 714 5461 a
744 5405 1060 5463 sacerdotio
1094 5407 1451 5476 pronuntiant
1475 5420 1600 5459 eum
1646 5406 1738 5476 qui
1773 5405 1984 5460 dederit
2013 5405 2116 5459 ali-

527 5501 751 5569 quando
785 5501 869 5556 vel
906 5500 1182 5571 accepcrit
1213 5500 1266 5553 iu
1299 5501 1484 5570 aliquo
1520 5509 1787 5568 tempore,
1820 5500 1933 5554 sive
1972 5500 2115 5554 scili-

2217 4669 2431 4740 κρατῆ,
2460 4671 2794 4739 νηφιιλέον,
2830 4669 3238 4736 ἀντεχόμενον
3259 4665 3365 4718 τοῦ
3397 4662 3546 4716 κατὰ
3576 4661 3688 4727 τὴν
3720 4655 3794 4708 δι-

2217 4762 2420 4833 δαχὴν
2465 4761 2688 4817 πιστοῦ
2741 4763 2953 4832 λόγου,
2981 4761 3081 4813 ἵνα
3103 4758 3365 4820 δυνατὸς
3394 4752 3435 4829 ᾗ
3492 4754 3591 4809 καὶ
3618 4765 3793 4818 παραυ

2218 4853 2433 4907 καλεῖν
2475 4855 2546 4908 ἐν
2585 4853 2659 4923 τῇ
2686 4854 3048 4923 ὑγιαινούσῃ
3081 4850 3468 4916 διδασκαλίᾳ,
3514 4846 3613 4902 καὶ
3658 4840 3792 4902 τοὺς

2217 4948 2648 5018 ἀντιλέγοντας
2663 4949 2955 5016 ἐλέγχειν.
2976 4946 3198 5016 Οίχεται
3213 4945 3394 4998 τοίνυν
3427 4941 3601 4997 ταῦτα
3626 4937 3793 4990 πάντα

2216 5043 2284 5097 ἐκ
2328 5039 2422 5094 τοῦ
2463 5041 2671 5112 πράτου
2734 5039 2831 5093 καὶ
2880 5037 3190 5108 άγοραστοῦ
3213 5038 3312 5108 τῆς
3367 5034 3684 5108 ἱερωσύνης.
3731 5025 3789 5078 ΑΞ

2220 5128 2312 5184 οῦν
2339 5131 3027 5201 ὑποκείμεναιὰγιόλεκτοι
3053 5130 3302 5200 χρήσεις,
3326 5129 3606 5196 ἀλλότριον
3622 5123 3784 5186 πάντη

2220 5224 2318 5294 τῆς
2351 5223 2650 5293 ἱερωσύνης
2701 5223 3101 5292 ἀποφαίνονται
3132 5222 3226 5275 τόν
3271 5238 3402 5274 ποτε
3453 5222 3612 5274 δόντα
3637 5215 3669 5287 ἢ
3697 5214 3790 5264 λα-

2222 5317 2385 5370 ϐόντα
2411 5318 2470 5371 ὲν
2495 5317 2795 5388 οίῳδήποτε
2861 5317 3060 5388 χρόνῳ.
3129 5315 3295 5369 Ἀλλά
3353 5315 3449 5368 καὶ
3503 5315 3678 5370 πάσας
3702 5304 3791 5364 τὰς

2222 5409 2495 5478 προϐολάς
2517 5409 2617 5472 τὰς
2648 5410 3102 5477 ἐκκλησιαστικάς
3129 5406 3457 5480 ἀφαιροῦσιν
3483 5405 3575 5458 ἐπὶ
3599 5402 3663 5470 τῇ
3693 5393 3792 5447 τῶν

2221 5503 2522 5572 χρημάτων
2539 5501 2702 5556 δόσει.

529 5601 618 5648 cet
653 5604 782 5650 ante
849 5610 1051 5650 manus
1101 5593 1534 5670 itnpositiouem,
1600 5594 1716 5649 sive
1779 5596 1830 5648 in
1883 5610 2079 5648 manus
2143 5594 2516 5665 impositione,
2575 5596 2689 5652 sive
2744 5605 2868 5667 post
2919 5611 3116 5650 manus
3165 5593 3595 5665 impositionem.
3641 5575 3787 5638 Acci-

531 5705 662 5758 pere
729 5699 817 5746 est
869 5692 1016 5746 enim
1089 5691 1338 5760 accipere
1388 5691 1845 5762 quandocunque.
1898 5691 2002 5746 Sed
2057 5699 2111 5745 et
2150 5706 2340 5749 omnes
2373 5693 2753 5762 promotioucs
2817 5691 3225 5749 ecclesiasticas
3277 5687 3538 5744 auferunt
3599 5682 3652 5738 iu
3695 5674 3782 5730 dal-

533 5779 680 5836 lione
715 5783 1094 5850 pecuniarum.

621 5874 666 5904 "
703 5874 837 5946 ιιι-ε.
866 5891 926 5943 ιι,
956 5877 1047 5933 50.
1131 5879 1176 5911 ⁸³
1235 5878 1366 5934 Luc.
1404 5893 1461 5946 ιι,
1499 5881 1581 5935 15.
1665 5880 1710 5913 ⁸³⁸
1735 5881 1835 5936 Act
1893 5895 2012 5946 vui,
2048 5879 2137 5933 9.1.

2228 5881 2268 5908 τη
2298 5878 2316 5931 l
2343 5875 2484 5933 Tim.
2523 5892 2599 5942 Ill,
2630 5876 2694 5940 2;
2729 5875 2833 5931 Tit.
2866 5895 2900 5933 ι.
