4122 6442
329 413 438 480 533

543 529 755 586 Κανῶν
786 527 905 582 τῶν
941 526 1124 596 ἁγίων
1172 527 1556 590 ἀποστόλων,
1590 525 1694 582 κο’.

407 625 504 679 κο’.
549 625 613 676 Et
641 640 721 686 τις
749 621 1043 683 ἐπίσκοπος
1073 618 1161 673 διὰ
1193 619 1514 690 χρημάτων,
1544 636 1596 674 κ.
1633 637 1683 672 τ.
1706 618 1758 672 λ.

449 717 542 768 Ἐκ
580 713 699 768 τῶν
731 711 1011 780 Πράξεων
1039 709 1157 764 τῶν
1190 711 1374 781 ἁγίων
1420 711 1802 765 ἀποστόλων.

417 806 558 859 Ἰδὼν
584 805 639 858 δὲ
668 806 695 858 6
730 803 913 874 Σίμων
965 804 1048 857 ὅτι
1079 803 1167 857 διὰ
1202 803 1302 873 τῆς
1333 801 1635 865 ἐπιθέσεως
1664 801 1774 854 τῶν
1805 817 1916 872 χει-

329 901 441 970 ρῆν
467 898 577 952 τῶν
602 897 918 951 ἀποστόλων
978 896 1180 950 δίδοται
1218 896 1280 949 τὸ
1333 894 1561 966 Πνεῦμα
1610 895 1672 947 τὸ
1733 893 1912 963 ἆγιον,

327 992 708 1063 προσήνεγκεν
741 989 926 1052 αὐτοῖς
958 989 1220 1059 χρήματα
1242 987 1438 1057 λέγων,
1470 987 1600 1041 Δότε
1628 986 1796 1057 κάμοὶ
1819 985 1916 1058 τὴν

326 1083 579 1150 ἐξουσίαν
606 1082 813 1152 ταύτην
833 1098 846 1113 ·
869 1081 954 1134 ἵνα
980 1074 1024 1149 ᾧ
1047 1080 1112 1134 ἂν
1131 1080 1303 1134 ἐπιθῶ
1322 1079 1423 1144 τὰς
1443 1081 1632 1152 χεῖρας
1661 1078 1915 1152 λαμϐάνῃ

329 1174 559 1245 Πνεῦμα
591 1175 767 1243 ἅγιον.
794 1172 1003 1246 Πέτρος
1058 1174 1116 1228 δέ
1155 1171 1278 1226 εἷπε
1308 1173 1446 1246 πρὸς
1484 1173 1667 1239 αὑτὸν,
1701 1172 1776 1226 Τὸ
1812 1173 1917 1244 ἀρα

326 1266 519 1336 γύριὸν
550 1283 643 1319 σου
675 1267 774 1321 σὺν
805 1266 890 1320 σοὶ
917 1266 1004 1338 εἴη
1049 1267 1129 1329 είς
1157 1265 1432 1320 ἀπώλειαν
1472 1267 1555 1320 ὅτι
1578 1265 1676 1336 τὴν
1702 1265 1916 1336 δωρεὰν

327 1359 425 1414 τοῦ
457 1360 594 1414 Θεοῦ
623 1360 882 1430 ἐνόμισας
911 1359 1002 1413 διὰ
1042 1363 1346 1430 χρημάτων
1385 1359 1642 1425 κτᾶσθαι,
1671 1359 1773 1413 οὐκ
1798 1358 1915 1413 ἐστι.

329 1470 414 1507 σοι
434 1453 590 1525 μερὶς
606 1453 728 1508 οὐδὲ
751 1453 951 1524 κλῆρος
971 1454 1030 1506 ἐν
1051 1452 1130 1522 τῷ
1159 1451 1302 1523 λόγῳ
1320 1451 1514 1522 τούτῳ·
1533 1454 1566 1523 ἡ
1593 1450 1700 1523 γὰρ
1718 1452 1916 1522 καρδία

328 1563 425 1598 σου
462 1547 563 1599 οὐκ
589 1545 736 1598 ἔστιν
766 1544 949 1598 εὐθεῖα
970 1543 1199 1598 ἐνώπιον
1229 1543 1325 1597 τοῦ
1363 1543 1524 1597 Θεοῦ.
1567 1543 1916 1614 Μετανόησον

323 1634 423 1690 οὖν
444 1637 554 1690 ἀπὸ
579 1637 681 1706 τῆς
711 1635 910 1700 κακίας
938 1635 1164 1707 ταύτης,
1191 1636 1288 1689 καὶ
1311 1635 1537 1707 δεήθητι
1565 1634 1661 1689 τοῦ
1685 1634 1844 1700 Θεοῦ,
1866 1637 1916 1689 εί

325 1726 438 1797 ἄρα
462 1726 795 1798 ἀφεθήσεταί
815 1743 895 1780 σοι
916 1729 949 1797 ή
969 1728 1180 1781 ἐπίνοια
1201 1725 1302 1796 τῆς
1325 1726 1553 1797 καρδίας
1573 1742 1690 1790 σου,
1714 1725 1792 1789 είς
1807 1726 1916 1798 γὰρ

325 1820 492 1892 χολὴν
522 1821 748 1892 πικρίας
777 1822 873 1872 καὶ
906 1819 1201 1891 σύνδεσμον
1221 1817 1437 1883 ἀδικίας
1463 1818 1574 1889 ὁρῶ
1607 1835 1665 1872 σε
1687 1818 1842 1874 ὄντα.

623 2001 720 2054 Ἐκ
750 1997 860 2066 τῆς
886 1998 1092 2066 τρίτης
1113 1994 1235 2050 τῶν
1269 1993 1626 2052 Βασιλειῶν.

402 2093 513 2148 Καὶ
539 2093 640 2147 οὒκ
670 2090 1004 2161 ἐπέστρεψεν
1060 2089 1344 2160 Ἱεροϐοὰμ
1399 2090 1507 2144 ἀπὸ
1551 2090 1653 2160 τῆς
1711 2088 1914 2155 κακίας

329 2185 502 2240 αὐτοῦ
529 2201 542 2215 ·
581 2184 681 2238 καὶ
706 2182 1011 2254 ἐπέστρεψε
1058 2182 1152 2235 καὶ
1194 2182 1452 2252 ἐποίησεν
1490 2181 1552 2235 ἐκ
1595 2181 1795 2252 μέρους
1817 2181 1912 2235 τοῦ

325 2277 464 2331 λαοῦ
495 2278 659 2348 ἱερεῖς
690 2275 912 2347 ὑψηλῶν
928 2292 942 2306 ·
968 2277 996 2329 6
1018 2274 1342 2346 βουλόμενος
1370 2273 1612 2344 ἐπλήρου
1637 2273 1734 2344 τὴν
1757 2276 1915 2345 χεῖρα

327 2370 522 2432 αὐτοῦ,
551 2370 644 2423 καὶ
675 2369 891 2438 ἐγένετο
916 2367 1100 2438 ἱερεὺς
1136 2368 1217 2430 εἰς
1249 2365 1318 2420 τὰ
1347 2365 1546 2436 ὑψηλὰ,
1573 2366 1668 2420 καὶ
1701 2366 1918 2436 ἐγένετο

333 2463 490 2532 ρἧα
518 2460 673 2514 τοῦτο
712 2461 792 2523 είς
821 2458 1096 2530 ἁμαρτίαν
1142 2455 1220 2528 τῷ
1276 2456 1413 2528 οἴκῳ
1477 2457 1781 2528 Ίεροϐοὰμ,
1823 2460 1919 2512 καὶ

329 2555 414 2618 εἰς
445 2553 690 2625 ὀλεθρον,
720 2551 816 2605 καὶ
857 2553 937 2616 εἰς
964 2549 1275 2622 ἀφανισμὸν
1329 2549 1438 2604 ἀπὸ
1469 2549 1765 2622 προσώπου
1820 2550 1920 2621 τῆς

331 2646 462 2717 γῆς·

596 2736 693 2792 Ἐκ
721 2738 832 2807 τῆς
858 2735 1141 2806 τετάρτης
1173 2735 1292 2792 τῶν
1319 2735 1672 2792 Βασιλειῶν.

405 2830 522 2884 Καὶ
552 2829 853 2900 ἐπέστρεψε
887 2829 1111 2900 Νεεμὰν
1140 2831 1276 2902 πρὸς
1315 2830 1606 2896 Ἐλισσαιέ,
1641 2830 1802 2894 αὐτὸς
1827 2829 1923 2883 καὶ

331 2924 493 2976 πᾶσα
519 2921 895 2994 ἡπαρεμϐολὴ
925 2921 1111 2986 αὐτοῦ,
1141 2923 1236 2976 καὶ
1255 2918 1386 2994 ἦλθε
1416 2923 1511 2976 καὶ
1558 2922 1762 2992 ἕστηκε
1793 2921 1924 2974 ἐνώ-

335 3029 465 3064 πιον
498 3012 682 3077 αὐτοῦ,
706 3012 798 3065 καὶ
829 3010 1010 3065 εἶπεν·
1052 3012 1188 3066 Ἰδοὺ
1219 3011 1282 3084 δὴ
1305 3011 1526 3078 ἔγνωκα
1571 3012 1653 3066 ὅτι
1679 3015 1778 3065 οὐκ
1806 3013 1922 3066 ἔστι

331 3103 472 3165 Θεὸς
495 3104 553 3155 ἐν
587 3105 735 3176 πάσῃ
768 3105 834 3173 τῇ
868 3104 962 3174 γῇ,
992 3103 1108 3156 ἀλλ’
1141 3103 1259 3174 ἢέν
1303 3102 1381 3173 τῷ
1419 3102 1658 3174 Ἰσραήλ.
1693 3103 1800 3156 Καὶ
1832 3103 1926 3157 νῦν

1119 410 1520 472 SYNTAGMA
1553 411 1947 473 CANONUM.
1990 439 2059 447 -
2093 412 2238 473 Ti'i‘.
2283 415 2329 488 1,
2363 415 2520 476 CAP.
2555 417 2761 478 XXIV.
3491 421 3595 488 534

1941 530 1989 586 Δ

2293 528 2479 585 Conon
2501 541 2803 585 sanctorum
2837 533 3194 602 apostolorum
3219 536 3311 593 29.

2085 618 2173 675 29.
2209 619 2265 675 Si
2305 621 2429 690 quis
2457 623 2742 693 episcopus
2774 627 3040 694 pecuniis,
3065 635 3194 692 etc.,
3230 638 3285 682 ut
3312 644 3435 700 pag.
3466 627 3592 687 5l5.

2272 711 2349 766 De
2383 713 2601 768 Actibus
2634 725 2937 768 sanctorum
2970 718 3352 786 apostolorum.

2087 805 2225 862 Cum
2275 806 2503 862 vidisset
2549 816 2728 862 autem
2782 805 2998 874 Simon,
3050 809 3180 878 quia
3230 826 3330 881 per
3368 810 3598 883 imposi-

2019 898 2223 953 tionem
2244 913 2438 953 manus
2453 898 2826 968 apostolorum
2849 899 3073 954 daretur
3087 898 3327 970 Spiritus
3349 913 3594 967 sanctus,

2017 990 2218 1044 obtulit
2265 990 2346 1045 eis
2396 989 2708 1060 pecuniam,
2742 991 2965 1046 dicens:
3032 991 3165 1046 Date
3204 1001 3260 1048 et
3287 994 3422 1048 mihi
3456 995 3598 1048 hanc

2017 1089 2365 1152 potestatem,
2412 1090 2474 1135 ut
2501 1081 2813 1151 cuicunque
2851 1082 3166 1152 imposuero
3196 1100 3416 1148 manus,
3449 1086 3596 1140 acci-

2017 1173 2134 1245 piat
2178 1172 2443 1243 Spiritum
2512 1183 2782 1229 sanctum.
2848 1174 3042 1231 Petrus
3099 1184 3279 1230 autem
3334 1176 3472 1231 dixit
3530 1178 3596 1230 ad

2016 1280 2143 1322 eum
2183 1282 2197 1318 :
2233 1264 2465 1320 Pecunia
2492 1273 2585 1320 tua
2610 1274 2790 1320 tecum
2845 1267 2916 1321 sit
2950 1268 3002 1320 in
3039 1267 3396 1338 perditionem
3423 1285 3437 1328 :
3468 1268 3598 1337 quia

2019 1358 2226 1414 donum
2275 1357 2370 1413 Dei
2411 1358 2734 1412 existimasti
2789 1359 3019 1427 pecunia
3052 1359 3344 1427 possideri,
3374 1377 3480 1414 non
3514 1370 3600 1415 est

2019 1452 2119 1508 tibi
2163 1467 2311 1523 pars,
2368 1466 2545 1521 neque
2575 1466 2697 1506 sors
2726 1451 2779 1504 in
2823 1466 3078 1505 sermone
3109 1455 3254 1506 isto:
3307 1467 3404 1506 cor
3447 1453 3593 1506 enim

2019 1556 2173 1601 tuum
2229 1559 2338 1601 non
2392 1553 2477 1600 est
2521 1552 2731 1598 rectum
2790 1557 2976 1597 coram
3017 1541 3146 1597 Deo.
3202 1542 3596 1598 Paenitentiam

2019 1634 2204 1706 itaque
2235 1649 2335 1704 age
2381 1635 2449 1690 ab
2477 1633 2580 1690 hac
2633 1633 2874 1704 nequitia
2901 1641 3018 1696 tua,-
3049 1643 3105 1689 et
3145 1647 3280 1702 roga
3312 1633 3506 1698 Deum,
3549 1633 3595 1688 si

2021 1731 2160 1786 forte
2204 1729 2515 1782 remittatur
2568 1728 2664 1781 tibi
2719 1727 2834 1782 haec
2864 1726 3124 1795 cogitatio
3173 1726 3358 1782 cordis
3401 1725 3501 1780 lui.
3537 1723 3596 1778 lu

2023 1823 2145 1878 felle
2181 1821 2329 1876 enim
2381 1818 2764 1875 amaritudinis
2807 1828 2862 1874 et
2904 1818 3239 1888 obligatione
3293 1817 3600 1888 iniquitatis

2016 1915 2173 1970 video
2202 1923 2256 1969 te
2280 1927 2403 1968 esse
2427 1911 2492 1964 θ’.

2398 2003 2483 2058 Ea:
2513 2003 2649 2058 libro
2681 2002 2832 2058 tertio
2858 1999 3178 2072 Regnorum.

2086 2098 2204 2156 Non
2235 2108 2320 2155 est
2365 2113 2620 2154 reversus
2649 2095 2942 2151 Jeroboam
2981 2095 3049 2150 de
3075 2095 3161 2150 via
3195 2109 3294 2149 sua
3336 2092 3600 2164 pessima.

2017 2195 2111 2253 sed
2152 2210 2183 2250 e
2235 2192 2514 2248 contrario
2562 2190 2692 2246 fecit
2741 2190 2810 2244 de
2845 2188 3166 2244 novissimis
3200 2187 3388 2258 populi
3418 2201 3602 2241 sacer-

2017 2288 2172 2343 dotes
2215 2283 2580 2341 excelsorum.
2651 2281 2978 2352 Quicunque
3038 2280 3280 2345 volebat,
3341 2277 3604 2347 implebat

2021 2393 2242 2433 manum
2299 2391 2451 2432 suam
2508 2384 2562 2430 et
2612 2374 2773 2429 ﬁebat
2820 2373 3078 2429 sacerdos
3130 2371 3499 2437 excelsorum,
3546 2377 3606 2426 et

2021 2481 2244 2542 propter
2295 2471 2439 2524 hanc
2487 2482 2711 2524 causam
2760 2466 3009 2537 peccavit
3061 2465 3261 2520 domus
3287 2462 3602 2530 Jeroboam,

2021 2572 2076 2619 et
2111 2577 2301 2618 eversa
2332 2570 2443 2626 est,
2474 2570 2530 2617 et
2562 2560 2737 2615 deleta
2771 2561 3006 2629 desuper
3039 2556 3178 2613 facie
3207 2565 3369 2612 terrae
3393 2556 3459 2611 ".

2398 2734 2481 2788 Ea:
2508 2734 2641 2789 libro
2679 2744 2870 2804 quarto
2902 2734 3220 2803 Regnorum.

2093 2829 2474 2897 Reversusque
2515 2824 2761 2880 Naaman
2812 2826 2880 2881 ad
2931 2828 3113 2882 virum
3163 2827 3256 2882 Dei
3311 2841 3437 2882 cum
3486 2824 3612 2880 uni—

2024 2938 2182 2981 verso
2230 2919 2494 2978 comitatu
2546 2933 2671 2985 suo,
2705 2919 2855 2974 venit
2908 2927 2964 2974 et
3014 2919 3167 2975 stetit
3199 2935 3383 2974 coram
3418 2933 3504 2978 eo.
3555 2926 3612 2974 et

2026 3018 2139 3072 ait:
2172 3013 2310 3071 Vere
2342 3015 2460 3071 scio
2490 3013 2640 3085 quod
2666 3028 2776 3068 non
2809 3013 2882 3067 sit
2922 3011 3066 3068 Deus
3099 3013 3236 3067 alius
3268 3013 3321 3066 in
3356 3012 3609 3065 universa

2029 3119 2172 3164 terra
2205 3149 2219 3170 ,
2273 3108 2382 3164 nisi
2424 3117 2637 3163 tantum
2682 3105 2737 3161 in
2784 3104 2974 3161 Israel.
3028 3102 3271 3160 Obsecro
3321 3105 3505 3174 itaque
3551 3111 3615 3158 ut

328 3197 473 3250 λάϐε
503 3195 602 3267 τὴν
632 3196 885 3265 εὐλογίαν
915 3197 1069 3267 παρὰ
1102 3196 1197 3250 τοῦ
1241 3196 1432 3250 δούλου
1461 3213 1574 3250 σου.
1614 3197 1724 3251 Καὶ
1769 3193 1924 3252 εἶπεν

2030 3203 2266 3272 accipias
2291 3199 2725 3256 benedictionem
2763 3212 2792 3250 a
2828 3211 2989 3252 servo
3019 3204 3132 3250 tuo.
3161 3197 3228 3249 At
3262 3195 3356 3249 ille
3386 3208 3618 3263 respon-

345 3289 621 3342 Ἐλισσαιέ
644 3291 739 3360 ’Ζῇ
769 3288 974 3360 Κύριος
1001 3281 1045 3357 ᾧ
1079 3289 1359 3361 παρέστην
1392 3289 1625 3343 ἐνώπιον
1651 3289 1842 3354 αὑτοῦ,
1877 3293 1924 3344 εί

2029 3295 2134 3350 dit:
2169 3291 2313 3347 Vivit
2344 3291 2634 3354 Dominus,
2668 3297 2796 3344 ante
2824 3303 2985 3358 quem
3023 3297 3132 3351 sto,
3165 3285 3295 3356 quia
3323 3301 3433 3340 non
3465 3285 3617 3339 acci-

329 3383 622 3453 λήψομαι·
653 3382 748 3434 καὶ
793 3380 1167 3451 παρεϐιάσατο
1197 3382 1360 3434 αὑτὸν
1393 3381 1602 3448 λαϐεῖν,
1644 3382 1736 3435 καὶ
1771 3382 1924 3452 ὴπεί-

330 3475 498 3537 οησε.
529 3472 637 3528 Καὶ
670 3474 798 3544 μετ’
828 3474 1024 3544 ὀλίγα·
1056 3474 1165 3527 Καὶ
1193 3467 1312 3526 εἷπε
1343 3474 1492 3538 negt
1532 3474 1594 3527 τὸ
1641 3474 1929 3545 παιδάριον

343 3565 628 3618 Ἐλισσαιέ
650 3581 665 3596 ⁶
700 3565 832 3618 Ἰδοὺ
869 3564 1125 3633 ἐφείσατο
1153 3567 1180 3619 ὁ
1223 3565 1412 3635 κύριός
1444 3583 1544 3634 μου
1575 3564 1668 3618 τοῦ
1709 3567 1929 3636 Νεεμὰν

331 3656 436 3712 τοῦ
475 3657 650 3727 Σύρου
669 3657 763 3710 τοῦ
790 3657 976 3711 λαϐεῖν
995 3659 1059 3710 ἐκ
1089 3657 1267 3727 χειρὸς
1289 3655 1453 3709 αὑτοῦ
1473 3648 1547 3708 ὧν
1579 3657 1823 3726 ἐνήνοχε.
1853 3659 1927 3728 Ζῇ

337 3750 576 3820 Κύριος,
614 3751 662 3802 εί
695 3749 770 3820 μὴ
799 3748 1114 3820 δραμοῦμαι
1143 3749 1317 3801 ὀπίσω
1348 3747 1536 3812 αὐτοῦ,
1563 3748 1659 3801 καὶ
1686 3748 1929 3819 λήψομαι

335 3841 478 3912 παρ’
506 3841 672 3895 αὐτοῦ
704 3857 794 3893 τι·
814 3840 910 3893 καὶ
936 3840 1121 3906 ἐδίωξε
1157 3839 1308 3902 Γιεζὶ
1342 3839 1517 3892 ὀπίσω
1547 3840 1789 3908 Νεεμάν.
1818 3840 1926 3894 Kal

331 3934 493 4005 μετὰ
519 3935 772 4002 βραχέα.
807 3933 914 3986 Καὶ
945 3929 1063 3985 εἷπε
1093 3932 1333 4002 Νεεμᾶν,
1359 3931 1506 3984 Λάϐε
1558 3931 1622 4002 δὴ
1672 3932 1932 3986 τάλαντον

337 4026 614 4097 ἀργυρίου
635 4042 648 4058 ·
675 4024 770 4080 καὶ
797 4025 956 4079 ἔλαϐε
979 4024 1073 4077 δύο
1101 4025 1336 4078 τάλαντα
1378 4023 1646 4094 ἀργυρίου
1700 4026 1756 4076 ὲν
1813 4024 1931 4077 δυσί

341 4119 627 4181 θυλάκοις.
663 4116 872 4171 καὶδύο
928 4117 1338 4187 ἀλλασσομένας
1383 4115 1599 4176 στολάς.
1641 4113 1746 4168 Kal
1800 4115 1936 4184 μετ’

338 4211 540 4279 ἕτερα·
568 4211 676 4262 Καὶ
698 4205 818 4262 εἷπε
845 4208 980 4280 πρὸς
1000 4209 1160 4261 αὐτὸν
1192 4206 1484 4260 Ἐλισσαιέο
1523 4207 1718 4270 Πόθεν,
1746 4205 1931 4274 negt;

342 4304 445 4357 καὶ
475 4296 598 4355 εἷπε
636 4302 802 4366 Γιεζὶ,
831 4303 904 4355 Οὐ
932 4301 1264 4370 πεπόρευται
1294 4299 1322 4351 ὀ
1354 4298 1541 4361 δοῦλός
1569 4316 1659 4352 σου
1683 4298 1810 4352 ἔνθα
1842 4299 1934 4351 καὶ

344 4394 510 4446 ἔνθα·
545 4391 642 4445 καὶ
663 4386 783 4444 εἷπε
812 4391 946 4462 πρὸς
969 4391 1131 4443 αὐτὸν
1177 4389 1471 4442 Ἐλισσαιὲ·
1505 4389 1638 4459 Οὐχὶ
1670 4390 1703 4460 ἡ
1735 4389 1934 4461 καρδία

351 4501 458 4555 μου
487 4480 762 4553 ἐπορεύθη
795 4480 934 4550 μετὰ
971 4479 1062 4532 σοῦ
1091 4496 1105 4546 ;
1152 4479 1247 4533 καλ⁹
1279 4475 1396 4532 οἶδα
1425 4479 1516 4532 ὅτε
1548 4480 1882 4549 ἐπέστρεψεν
1906 4482 1934 4533 6

2031 3389 2196 3457 piam.
2245 3384 2496 3456 Cumque
2537 3384 2649 3438 vim
2699 3381 2926 3449 faceret,
2975 3383 3196 3451 penitus
3246 3394 3354 3434 non
3387 3376 3616 3447 acquie-

2031 3479 2108 3534 vit
2167 3478 2234 3532 ³⁸.
2307 3479 2379 3531 Et
2451 3483 2567 3546 post
2627 3489 2801 3544 pauca
2854 3492 2872 3528 :
2945 3470 3202 3541 Dixitque
3268 3469 3417 3524 Giezi
3481 3483 3619 3538 puer

2033 3571 2132 3626 viri
2178 3570 2302 3625 ῡιιίε
2350 3569 2598 3639 Pepereit
2639 3567 2898 3622 dominus
2967 3579 3124 3619 mens
3188 3561 3432 3617 Naaman
3481 3562 3619 3632 Syro

2034 3662 2144 3728 isti,
2179 3669 2238 3714 ut
2279 3676 2387 3714 non
2422 3659 2697 3727 acciperet
2741 3657 2809 3710 ab
2839 3672 2905 3711 eo
2933 3671 3056 3725 quae
3090 3655 3291 3708 attulit.
3337 3650 3481 3706 Vivit
3517 3652 3624 3705 Do-

2033 3755 2240 3820 minus,
2277 3755 2405 3823 quia
2446 3767 2666 3807 enrram
2717 3759 2844 3820 post
2873 3765 3025 3811 enin,
3067 3756 3122 3800 et
3151 3746 3415 3815 accipiam
3459 3744 3528 3798 ab
3555 3759 3625 3797 eo

2033 3849 2260 3919 aliquid.
2322 3847 2387 3900 Et
2446 3854 2665 3902 secutus
2715 3851 2798 3898 est
2855 3841 3005 3896 Giezi
3045 3850 3168 3911 post
3204 3852 3416 3909 tergum
3473 3835 3618 3891 Naa-

2035 3956 2161 3996 man
2227 3939 2298 3993 ⁸⁸.
2363 3938 2430 3992 Et
2500 3945 2616 4006 post
2692 3951 2904 4004 pauca:
2979 3932 3046 3986 Et
3115 3932 3253 3987 dixit
3334 3929 3620 3984 Naaman:

2035 4029 2234 4100 Accipe
2257 4028 2514 4083 talentum
2546 4024 2792 4096 argenti;
2829 4031 2883 4078 et
2927 4022 3106 4093 coegit
3152 4036 3298 4086 eum,
3329 4019 3624 4088 ligavilqlte

2034 4119 2144 4174 dno
2194 4117 2394 4171 talenta
2428 4111 2639 4184 argenti
2687 4111 2741 4166 in
2780 4110 2995 4165 duobus
3027 4108 3226 4174 saccis,
3282 4114 3335 4160 et
3381 4104 3622 4173 duplicia

2036 4210 2359 4265 vestimenta
2408 4207 2474 4261 '°.
2529 4206 2600 4260 Et
2646 4212 2762 4272 post
2806 4201 2960 4256 alia:
3025 4199 3092 4254 Et
3139 4199 3281 4253 dixit
3337 4195 3564 4251 Elisaeus
3603 4211 3618 4248 :

2037 4302 2192 4358 Unde
2235 4304 2387 4357 venit
2417 4299 2612 4354 Giezi?
2640 4297 2742 4366 Qui
2789 4295 3107 4364 respondit:
3143 4293 3256 4345 Non
3295 4289 3389 4343 ivit
3431 4302 3624 4342 servus

2039 4407 2167 4451 tuus
2215 4407 2515 4463 quoquam.
2572 4392 2641 4444 At
2694 4389 2785 4441 ille
2818 4388 2929 4441 ait:
2970 4383 3165 4438 Nonne
3204 4397 3299 4436 cor
3331 4396 3512 4435 meum
3566 4379 3620 4432 in

2040 4485 2298 4556 praesenti
2327 4491 2465 4548 erat,
2496 4480 2718 4550 quando
2765 4491 3021 4531 reversus
3050 4483 3136 4530 est
3168 4474 3332 4528 homo
3359 4473 3423 4525 de
3456 4485 3621 4525 curru

348 4574 496 4643 ἀνὴρ
523 4573 631 4625 ἀπὸ
663 4571 757 4625 τοῦ
814 4572 1063 4643 ἅρματος
1098 4572 1177 4635 είς
1210 4571 1534 4642 συνάντησίν
1563 4587 1679 4636 σου,
1717 4572 1810 4625 καὶ
1837 4571 1924 4627 νῦν

2039 4592 2141 4635 suo
2181 4576 2236 4631 in
2261 4588 2554 4630 occursum
2587 4571 2702 4626 tui?
2733 4568 2891 4624 Nunc
2920 4568 3082 4638 igitur
3112 4563 3371 4633 accepisti
3398 4562 3507 4632 32
3537 4578 3626 4614 ar-

347 4661 547 4726 ἐλαϐες
570 4663 631 4716 τὺ
663 4663 944 4734 ἀργύριον,
978 4665 1071 4718 καὶ
1101 4665 1196 4719 νῦν
1227 4665 1418 4730 ἔλαϐες
1460 4666 1530 4720 τὰ
1596 4668 1806 4738 ἱμάτια,
1841 4669 1924 4723 καί

2040 4675 2289 4739 gentum,
2342 4675 2398 4722 et
2441 4663 2704 4734 accepisti
2745 4670 2958 4714 vestes:
3010 4667 3067 4711 ut
3101 4671 3255 4711 emas
3289 4653 3510 4719 oliveta,
3560 4659 3607 4706 et

349 4754 501 4827 λήψῃ
535 4758 592 4808 ἐν
622 4756 802 4820 αὐτοῖς
829 4757 1062 4826 κήπους,
1087 4759 1181 4810 καὶ
1205 4757 1461 4826 statam,
1490 4758 1584 4813 καὶ
1612 4759 1924 4830 ἀμπελῶνα1

2043 4763 2252 4829 vineas,
2313 4771 2367 4814 et
2427 4772 2580 4823 oves,
2649 4761 2704 4808 et
2751 4751 2942 4816 boves,
3004 4756 3058 4804 et
3133 4761 3346 4811 servos,
3403 4752 3458 4799 et
3529 4758 3598 4796 an

353 4849 448 4899 καί
467 4844 736 4916 πρόϐατα,
757 4847 849 4898 καὶ
882 4845 1029 4915 βόας,
1045 4851 1138 4899 καὶ
1155 4849 1368 4915 παῖδας,
1399 4849 1493 4904 καὶ
1508 4851 1820 4916 παιδίσκας,
1843 4855 1924 4908 και

2040 4855 2224 4911 eillas:
2277 4852 2374 4908 sed
2427 4853 2579 4919 lepra
2617 4847 2864 4902 Naaman
2921 4840 3224 4897 adhaerebit
3270 4838 3367 4893 tibi
3427 4846 3482 4894 et
3538 4851 3628 4891 se-

350 4939 385 5010 ἡ
416 4937 597 5008 λέπρα
624 4936 842 5007 Νεεμὰν
870 4937 1260 5009 κολληθήσεται
1285 4942 1341 4994 ἐν
1372 4943 1454 4994 σοὶ
1466 4942 1560 4996 καὶ
1580 4943 1638 4996 ἐν
1666 4942 1744 5012 τῷ
1773 4946 1924 5017 σπέρ-

2043 4947 2176 5002 mini
2207 4955 2302 5001 tuo
2334 4945 2386 4999 in
2442 4942 2856 5009 sempiternum.
2912 4937 2979 4992 Et
3026 4947 3284 5007 egressus
3313 4937 3398 4987 est
3448 4928 3517 4984 ab
3562 4942 3629 4982 eo

355 5027 486 5097 ματί
516 5045 608 5078 σου
642 5028 720 5090 είς
736 5027 828 5078 τὸν
849 5027 1045 5094 αίῶηα.
1082 5029 1189 5082 Καὶ
1213 5028 1434 5100 ἐξῆλθεν
1465 5032 1529 5085 ἐκ
1560 5030 1656 5084 τοῦ
1713 5035 1924 5104 προσώ-

2041 5041 2295 5111 leprosus
2319 5036 2480 5109 quasi
2508 5035 2598 5089 nix
2631 5033 2698 5086 9'.

355 5136 459 5170 πἰυ
509 5115 673 5170 αὐτοῦ
699 5115 1108 5188 λελεπρωμενος
1131 5119 1264 5172 ὡσεὶ
1290 5119 1442 5190 χιών.

397 5211 508 5264 Τοῦ
540 5208 712 5280 ἁγίου
755 5211 1083 5280 Βασιλείου
1114 5211 1184 5264 ἐκ
1219 5210 1330 5278 τῆς
1369 5215 1455 5279 εἰς
1505 5215 1609 5268 τὸν
1649 5217 1900 5273 Ἡσαΐαν

978 5279 1316 5348 ἑρμηνείας.

429 5367 630 5435 [νόμον
650 5367 835 5424 ἔδωκε
855 5371 942 5436 είς
956 5370 1271 5440 βοήθειαν,
1295 5373 1395 5426 ἵνα
1419 5375 1690 5430 εἴπωσιν-ο
1716 5382 1840 5449 Οὐχ
1863 5383 1942 5444 ὡς

359 5459 426 5511 τὸ
445 5459 610 5529 ῥῆμα
630 5463 830 5525 τοῦτο,
856 5464 988 5533 περὶ
1012 5461 1084 5521 οὗ
1108 5467 1217 5519 οὐκ
1237 5465 1369 5520 ἔστι
1396 5467 1551 5536 δῶρα
1573 5470 1782 5527 δοῦναι
1805 5477 1941 5544 περὶ

361 5549 548 5604 αὐτοῦ
566 5568 579 5583 ·
610 5546 908 5616 οὗτοςδέιὸ
936 5555 1100 5625 νόμος
1125 5556 1226 5610 οὐκ
1254 5556 1400 5611 ἔστιν
1423 5559 1497 5622 ὡς
1519 5561 1580 5613 τὸ
1605 5564 1755 5633 ῥῆμα
1785 5566 1943 5620 τοῦτο

363 5639 424 5690 τὸ
443 5642 898 5716 ἐγγαστρίμυθον’
933 5647 994 5700 οὐ
1024 5647 1132 5718 γὰρ
1159 5649 1294 5718 πρὸς
1324 5649 1538 5723 ἀπάτην
1568 5655 1934 5728 ἐπινενόηται,

2185 5215 2370 5272 Sancti
2404 5210 2598 5267 Basilii
2641 5225 2707 5263 ea:
2733 5203 3117 5261 commentario
3166 5202 3222 5254 in
3257 5197 3484 5254 Isaiam.

2111 5375 2301 5445 Legem
2332 5371 2498 5441 igitur
2533 5368 2678 5421 dedit
2722 5367 2776 5419 in
2819 5362 3108 5423 auxilium,
3146 5367 3202 5412 ut
3247 5355 3426 5445 dicunt
3456 5369 3474 5406 :
3503 5348 3624 5445 Non

2050 5470 2186 5522 sicut
2223 5473 2431 5525 verbum
2460 5467 2577 5523 hoc,
2623 5461 2687 5512 de
2723 5474 2826 5526 quo
2865 5471 2967 5509 non
3011 5462 3086 5506 est
3135 5463 3357 5504 munera
3386 5443 3515 5497 dare
3561 5443 3626 5494 de

2048 5583 2108 5620 eo
2129 5568 2196 5620 ⁸⁸.
2229 5565 2354 5619 Haec
2385 5571 2564 5616 autem
2599 5559 2684 5611 lex
2726 5569 2832 5607 non
2873 5565 2931 5605 se
2961 5548 3125 5601 habet
3157 5544 3301 5599 sicut
3336 5539 3439 5592 hoc
3493 5550 3629 5590 ven-

2052 5659 2270 5729 triloqni
2320 5654 2566 5711 verbum.
2612 5648 2727 5703 Non
2773 5643 2920 5700 enim
2975 5639 3042 5695 ad
3083 5635 3271 5690 fucum
3319 5627 3629 5685 iaciendum

443 5779 490 5864 ’.’.
514 5779 813 5864 Aea-311'.“
871 5781 1098 5864 itif-1.
1147 5784 1193 5815 ”
1232 5783 1298 5864 ιη.
1331 5784 1478 5864 ,ηυδε
1513 5811 1628 5860 xm.
1655 5793 1743 5862 δι»
1784 5798 1872 5861 δ4ι

2065 5794 2128 5850 ιν
2186 5793 2319 5864 Reg.
2380 5808 2432 5859 v,
2498 5789 2581 5853 l5,
2643 5787 2724 5841 16.
2834 5782 2879 5814 ⁸³
2922 5777 3055 5835 ibid.
3111 5775 3200 5828 ‘20.
3289 5771 3334 5804 ”
3360 5768 3494 5826 ibid.
3538 5765 3628 5821 25.

367 5846 411 5877 μ

2065 5794 2128 5850 ιν
2186 5793 2319 5866 Reg.
2380 5808 2432 5859 v,
2498 5789 2581 5853 l5,
2643 5787 2724 5841 16.
