4122 6438
549 409 657 476 535

1713 404 1975 466 PIIOTlI
2009 404 2512 466 P.\'l.‘RIAllCil.’l'J
2546 409 2653 470 (ΞΡ.

3715 414 3819 477 536

547 524 862 595 excogitata
907 530 1012 589 est,
1053 521 1134 577 uti
1181 520 1272 576 illa
1328 520 1450 590 ejus
1502 518 1665 572 verba
1708 532 1721 568 :
1758 517 1849 572 sed
1883 517 2132 572 veritatis

2241 517 2425 593 ὥσπερ
2462 524 2670 588 ἐκεῖνα,
2707 523 2819 576 ἀλλ’
2851 523 3107 593 ἀληθείας
3141 523 3257 576 ἐστὶ
3305 522 3646 588 διδάσκαλος.
3702 527 3820 579 Κά-

545 621 634 667 est
680 612 970 681 magistra.
1020 609 1201 679 Atque
1246 609 1324 663 illi
1377 607 1597 678 quidem
1647 606 2020 661 vaticinanlur
2063 607 2134 660 ob

549 717 862 775 argentum.
903 703 1020 758 Hoc
1067 719 1304 772 namque
1353 702 1648 757 ridiculum
1697 709 1803 765 est,
1849 700 1994 770 quod
2038 699 2132 769 qui

550 797 927 865 decipiuntur,
957 795 1246 866 pecuniam
1269 793 1432 847 etiam
1458 808 1556 861 pro
1580 791 1847 846 mendacii
1883 791 2134 846 mercede

552 888 634 942 eis
664 890 899 944 solvant.
947 885 1063 940 lloc
1090 893 1274 939 autem
1318 883 1569 949 verbum,
1600 883 1733 952 legis
1767 882 1996 947 Scilicet,
2029 882 2134 936 tale

555 997 662 1036 non
706 991 812 1044 est,
850 987 909 1034 ut
951 993 1179 1032 munera
1228 977 1428 1031 dentur
1474 991 1573 1046 pro
1622 991 1708 1030 eo.
1750 974 1885 1030 Nam
1917 976 2008 1045 qui
2041 974 2134 1030 Dei

553 1073 785 1144 gratiam
816 1071 1036 1135 vendat,
1071 1085 1233 1124 nemo
1256 1080 1359 1124 est.
1393 1067 1576 1123 Gratis
1605 1069 1904 1136 arcepistis,
1935 1068 2132 1138 inquit,

552 1165 722 1234 gratis
763 1162 885 1217 date
907 1163 976 1216 9°.
1014 1162 1176 1218 Vides
1210 1161 1503 1232 quomodo
1545 1160 1742 1216 Petrus
1780 1161 1986 1214 Simoai
2038 1176 2137 1229 pro

552 1254 923 1324 comparando
970 1253 1211 1323 Spiritus
1261 1253 1443 1309 sancti
1475 1253 1624 1307 dono
1670 1253 1956 1322 pecuniam
2002 1253 2136 1306 olfe-

553 1346 692 1400 t'enti
723 1345 1139 1400 suc-censuerit?
1167 1345 1403 1399 Pecunia
1427 1345 1572 1398 enim
1607 1355 1719 1406 tua,
1745 1345 1939 1412 inquit,
1969 1354 2135 1397 tecum

553 1439 619 1492 sit
651 1439 707 1490 in
739 1437 1111 1506 perditionem,
1157 1438 1409 1507 quoniam
1458 1437 1776 1490 existimasti
1806 1437 2002 1488 donum
2041 1436 2136 1490 Dei

549 1530 781 1597 pecuniis
822 1529 1070 1598 parari‘.
1130 1527 1320 1597 Itaque
1366 1526 1642 1597 Evangelii
1676 1543 1860 1583 sermo
1900 1544 2006 1582 non
2055 1536 2139 1582 cst

552 1623 695 1677 sicut
747 1623 913 1676 verba
964 1638 995 1676 a
1061 1622 1424 1690 ventriloquis
1476 1621 1719 1676 vendita.
1765 1620 1938 1686 Quam
1988 1620 2134 1674 enim

554 1712 728 1780 possit
776 1713 902 1779 quis
949 1710 1249 1780 rependere
1303 1711 1796 1764 rcmuncratiouen'i
1858 1710 2134 1778 Evangelii

552 1804 734 1857 verbis
777 1803 1036 1874 dignam?
1078 1802 1336 1857 Davidem
1388 1803 1511 1857 audi
1559 1803 1742 1855 animo
1789 1803 2130 1871 pendentem,

553 1909 617 1949 ac
653 1895 920 1950 dicentem
957 1911 970 1946 :
1001 1894 1140 1959 Quid
1172 1895 1461 1947 retribuam
1497 1892 1723 1946 Domino
1764 1908 1859 1961 pro
1890 1893 2132 1946 omnibus

553 2002 672 2056 qua:
714 1987 956 2041 retribuit
1003 1987 1218 2041 mihi’?
1254 1984 1371 2041 Non
1415 1993 1500 2041 est
1547 1987 1710 2057 igitur
1743 2002 1970 2041 munera
2002 1987 2134 2040 dare

555 2079 624 2135 de
659 2095 746 2140 eo.
779 2096 900 2150 qua:
925 2079 1045 2149 ejus
1076 2080 1222 2135 douo
1254 2081 1464 2150 possint
1497 2080 1756 2133 conferri.
1794 2079 1971 2133 Unum
2014 2093 2135 2132 mu-

559 2187 666 2226 nus
691 2173 913 2243 dignum
947 2172 1134 2238 fuerit,
1165 2174 1212 2226 si
1248 2173 1300 2226 id
1327 2171 1474 2242 quod
1509 2172 1602 2226 dat
1637 2171 2000 2226 custodiatur.
2029 2168 2134 2236 Qui

554 2266 650 2321 tibi
687 2265 834 2320 hunc
861 2266 1181 2320 thesaurum
1227 2267 1523 2327 concessit,
1557 2265 1674 2319 dari
1718 2264 1950 2334 pretium
1987 2262 2137 2318 haud

553 2357 744 2426 exigit,
785 2357 880 2412 sed
913 2357 1222 2411 custodiam
1257 2372 1315 2411 re
1345 2357 1468 2410 data
1501 2357 1742 2427 dignam.

552 2449 664 2520 83
694 2448 946 2518 Ejusdem
969 2466 1034 2503 ex
1062 2448 1285 2528 cpistola
1317 2449 1386 2500 ad
1415 2449 1833 2528 clior-episcopos,
1865 2450 2003 2517 quod
2032 2465 2137 2504 non

868 2530 1101 2586 oporteat
1139 2522 1306 2587 pretio
1337 2535 1521 2572 manus
1554 2522 1832 2588 imponere.

630 2673 828 2730 Putant
853 2693 912 2730 se
953 2677 1072 2731 ideo
1107 2692 1212 2730 non
1266 2691 1514 2744 peccare,
1550 2677 1695 2746 quod
1745 2695 1854 2733 non
1891 2687 2016 2734 ante
2045 2695 2136 2735 ac-

555 2772 780 2840 cipiant,
829 2770 925 2827 sed
985 2780 1106 2840 post
1157 2770 1561 2824 ordinationem
1606 2771 1900 2841 accipiant.
1974 2772 2138 2828 Acci-

555 2881 683 2934 pere
703 2873 882 2918 autem
911 2872 989 2918 est
1015 2864 1456 2933 quandocunquc
1477 2863 1745 2932 accipere.
1764 2865 1913 2935 Rogo
1932 2867 2134 2934 itaque,

558 2957 791 3012 reditum
835 2957 1009 3022 illum,
1049 2958 1162 3010 sive
1201 2958 1381 3026 potius
1421 2957 1561 3011 viam
1598 2957 1649 3010 in
1685 2958 1991 3025 gehennam
2033 2961 2138 3014 du-

556 3058 767 3104 centem
798 3050 1107 3119 relinquite,
1133 3066 1233 3104 nec
1269 3065 1466 3103 manus
1489 3049 1761 3117 ejusmodi
1813 3051 2138 3106 muneribus

557 3144 1015 3209 contamiuautcs,
1051 3144 1301 3215 indignos
1338 3161 1436 3199 vos
1469 3144 1715 3199 efﬁciatis
1743 3143 1838 3212 qui
1875 3143 2134 3214 mysteria

559 3242 750 3290 sancta
773 3235 1073 3290 celebretis.
1108 3235 1196 3290 Sic
1224 3238 1383 3290 etiam
1410 3255 1530 3306 paq.
1568 3237 1696 3292 522.

811 3329 894 3381 Ea:
922 3329 1027 3382 vita
1048 3329 1463 3383 sanctiJoannis
1495 3329 1873 3401 Chrysostomi.

636 3490 884 3544 Accessit
908 3490 974 3544 ad
1004 3506 1106 3545 nos
1134 3489 1443 3558 episc0pus,
1480 3490 1676 3558 prolixi
1705 3492 1975 3548 sermonis
2007 3507 2140 3547 eau-

563 3600 644 3649 sa,
664 3583 931 3638 Eusebius
964 3593 1250 3638 accusator
1273 3598 1365 3638 sex
1389 3583 1723 3651 reliquorum
1742 3584 2138 3653 episcoporum,

573 3692 768 3747 regalis
795 3686 854 3729 ut
882 3679 946 3729 ad
979 3676 1421 3730 communionem
1458 3675 1858 3729 admitteretur.
1909 3677 2143 3730 Corma-

563 3770 755 3824 dicunt
820 3770 1040 3838 quidam
1084 3767 1346 3838 episcopi,
1388 3767 1723 3834 adduntque,
1776 3768 2142 3822 Calumniator

565 3877 691 3914 cum
728 3869 894 3924 esset,
930 3875 1037 3914 non
1084 3867 1334 3928 oportere
1364 3858 1542 3927 ipsum
1570 3859 1804 3913 admitti.
1841 3858 1972 3912 Post
2029 3860 2142 3913 lucc

565 3953 890 4022 supplicavit
941 3953 1130 4007 dicens
1169 3969 1182 4006 :
1219 3953 1490 4018 Quoniam
1530 3968 1698 4007 causa
1761 3955 1865 4007 ista
1920 3952 2141 4007 biennio

564 4045 801 4099 maxima
835 4060 898 4098 ex
924 4053 1076 4113 parte
1097 4046 1408 4099 examinata
1446 4051 1552 4110 est,
1578 4054 1633 4099 et
1664 4045 1730 4099 ad
1764 4045 1984 4100 testium
2041 4044 2142 4098 ad-

561 4149 781 4193 ventum
830 4137 971 4193 l'acta
1018 4147 1100 4193 est
1141 4138 1350 4204 dilatio,
1403 4155 1536 4211 rogo
1573 4140 1826 4210 pietatem
1877 4148 2139 4204 vestram,

562 4240 622 4285 ut
653 4232 811 4286 hodie
845 4231 1071 4300 jamjam
1105 4239 1274 4287 testes
1312 4235 1638 4302 producam.
1693 4231 1811 4288 Etsi
1848 4233 1992 4287 enim
2028 4233 2142 4285 Au-

563 4323 786 4378 touiuus
839 4333 1091 4378 mortuus
1119 4333 1225 4390 est,
1254 4324 1348 4394 qui
1377 4339 1633 4380 nummos
1662 4324 1872 4395 accepit
1904 4333 1958 4378 et
1989 4324 2138 4377 ordi-

565 4417 734 4480 navit,
779 4425 1018 4470 attamen
1072 4426 1369 4486 supersunt
1398 4426 1454 4471 et
1499 4417 1592 4487 qui
1627 4419 1916 4484 dederunt,
1965 4429 2018 4472 et
2047 4417 2140 4486 qui

2237 617 2404 667 κεῖνοι
2438 615 2538 683 μὲν
2568 616 2654 666 ἐπ’
2686 615 2937 686 ἀργυρίῳ
2971 614 3347 684 μαντεύονται·
3374 617 3530 670 τοῦτο
3556 617 3674 688 γάρ
3699 620 3820 672 ἐστι

2233 706 2295 758 τὸ
2331 705 2735 773 καταγέλαστον
2799 707 2880 758 ὅτι
2925 707 3016 759 καὶ
3063 706 3326 776 ἀργύριον
3383 709 3562 771 αὐτοῖς
3597 708 3822 763 τελοῦσι

2237 798 2424 868 μισθὸν
2448 797 2540 850 τοῦ
2561 797 2788 867 ψεύδους
2811 799 2858 850 οἱ
2877 795 3246 867 ἀπατώμενοι.
3277 798 3448 851 Τοῦτο
3473 801 3530 852 δὲ
3555 799 3710 869 τὸ’ρῆ
3721 819 3819 870 μα,

2232 889 2472 943 τοιοῦτόν
2498 891 2614 942 ἐστι
2647 888 2740 942 τοῦ
2777 887 3091 959 νομοθέτου,
3131 889 3230 942 ούκ
3260 889 3374 942 ἔστι
3403 889 3649 943 τοιοῦτον
3679 889 3824 943 ὥστε

2232 985 2380 1054 δῶρα
2414 983 2597 1037 δοῦναι
2659 983 2789 1053 περὶ
2841 979 3048 1034 αὐτοῦ·
3109 981 3283 1045 οὐδεὶς
3348 982 3455 1053 γὰρ
3504 983 3606 1053 τὴν
3659 984 3824 1055 χάριν

2233 1077 2326 1130 τοῦ
2358 1077 2490 1129 Θεοῦ
2516 1076 2856 1130 ἀποδίδοταιο
2882 1075 3136 1142 Δωρεὰν,
3173 1075 3341 1143 φησὶν
3362 1116 3376 1136 ,
3409 1075 3684 1139 ἐλάϐετε,
3716 1074 3827 1128 δω-

2228 1169 2377 1236 ρεὰν
2403 1169 2560 1222 δότε.
2611 1168 2775 1240 Ὁρᾷς
2805 1168 2921 1232 πῶς
2945 1167 3297 1238 ἠγανάκτησε
3347 1166 3548 1236 Πέτρος
3590 1166 3690 1219 ἐπὶ
3744 1166 3824 1237 τῷ

2236 1264 2462 1333 Σίμωνι,
2494 1261 2755 1332 ἀργύριον
2789 1261 2927 1331 ὑπὲρ
2961 1261 3058 1330 τῆς
3084 1260 3177 1313 τοῦ
3226 1260 3542 1330 Πνεύματος
3599 1259 3827 1329 χάριτος

2237 1353 2709 1426 προσκομίσαντι;
2749 1353 2818 1406 Τὸ
2850 1354 2959 1422 γὰρ
3006 1353 3290 1420 ἀργύριόν
3336 1367 3475 1414 σου,
3506 1353 3668 1422 φησὶ,
3705 1351 3824 1404 σὺν

2237 1447 2336 1501 σοὶ
2370 1447 2464 1514 εἴη
2503 1450 2588 1510 εὶς
2617 1445 2944 1508 ἀπώλειαν,
2976 1445 3065 1498 ὅτι
3096 1444 3384 1512 ἐνόμισας
3423 1444 3536 1511 τὴν
3593 1443 3826 1511 δωρεὰν

2237 1536 2344 1588 τοῦ
2377 1536 2524 1588 Θεοῦ
2552 1533 2649 1588 διὰ
2677 1534 2996 1603 χρημάτων
3048 1533 3322 1589 κτᾶσθαι.
3366 1535 3481 1586 υύκ
3544 1533 3698 1587 ἔστιν
3731 1531 3825 1587 οὖν

2238 1627 2266 1679 ὁ
2315 1626 2410 1678 τοῦ
2452 1626 2784 1694 Εὐαγγελίου
2819 1626 2976 1692 λόγος
3010 1627 3086 1688 ὡς
3121 1625 3189 1678 τὰ
3240 1625 3568 1695 πωλούμενα
3602 1626 3826 1696 ῥήματα

2238 1719 2344 1770 τῶν
2368 1717 2843 1788 ἐγγαστριμύθων.
2873 1718 2938 1769 Τί
2967 1717 3074 1788 γὰρ
3100 1717 3164 1770 ἄν
3194 1735 3276 1780 τις
3301 1717 3411 1790 δῴη
3453 1718 3605 1784 ἀξιον
3643 1716 3824 1770 αὐτῶν

2241 1811 2628 1878 ἀντάλλαγμας
2683 1809 2846 1862 ἄκουε
2906 1809 2998 1862 τοῦ
3035 1809 3197 1862 Δαϐὶδ
3244 1809 3581 1879 ἀποροῦντος
3613 1812 3709 1863 καὶ
3739 1808 3826 1861 λέ-

2239 1918 2424 1970 γοντος
2448 1919 2462 1932 ο
2500 1905 2560 1955 TI
2580 1901 2983 1957 ἀνταποδώσω
3003 1903 3082 1968 τῷ
3099 1903 3293 1969 Κυρίῳ
3312 1901 3444 1970 περὶ
3464 1901 3715 1954 πάντων
3740 1895 3826 1954 ὧν

2237 1994 2615 2050 ἀνταπέδωκέ
2653 2012 2786 2063 μοι;
2829 1997 2939 2048 Οὐκ
2973 1994 3117 2047 ἔστιν
3150 1994 3242 2047 οὖν
3291 1993 3438 2064 δῶρα
3476 1993 3670 2046 δοῦναι
3698 1993 3825 2064 περὶ

2235 2087 2449 2154 τούτου,
2487 2087 2715 2152 ἀντάξια
2744 2088 2843 2156 τῆς
2895 2087 2990 2140 ἀπ’
3036 2085 3203 2155 αύτοῦ
3237 2085 3482 2155 χάριτος.
3517 2085 3619 2137 Ἓν
3653 2084 3823 2155 δῶρον

2237 2182 2387 2247 ἀξιον
2417 2183 2448 2252 ἡ
2485 2181 2699 2252 φυλακὴ
2729 2179 2824 2234 τοῦ
2860 2179 3197 2250 δωρηθέντος
3219 2195 3231 2208 ⁸
3267 2180 3295 2230 ὁ
3323 2176 3445 2241 δούς
3495 2194 3580 2229 σοι
3611 2176 3704 2229 τὸν
3731 2175 3824 2245 θη·-

2239 2275 2460 2346 σαυρον,
2495 2277 2614 2346 ούχὶ
2644 2275 2810 2345 τιμὴν
2841 2274 3065 2327 ἀπαιτεῖ
3106 2270 3200 2324 τοῦ
3245 2271 3512 2338 δοθέντος,
3550 2269 3690 2324 ἀλλὰ
3718 2286 3819 2338 φυ-

2239 2369 2410 2440 λακὴν
2439 2369 2592 2432 ἀξίαν
2617 2367 2711 2420 τοῦ
2732 2365 3038 2436 δεδομένου.

2245 2463 2356 2517 Τοῦ
2385 2461 2573 2515 αὐτοῦ
2611 2460 2679 2514 ἑκ
2713 2458 2822 2526 τῆς
2858 2455 3188 2521 ἐπιστολῆς
3219 2453 3328 2526 τῆς
3359 2455 3509 2522 πρὸς
3541 2452 3687 2526 τοὺς

2309 2533 2528 2586 ἑαυτὸν
2563 2522 2938 2595 ἐπισκόπους
2959 2570 2974 2594 ,
3014 2527 3172 2581 ὥστε
3201 2525 3286 2595 μὴ
3328 2524 3700 2594 χειροτονεῖν
3725 2522 3823 2577 ἐπί

2309 2618 2531 2672 χρημα·

2312 2696 2613 2767 Νομίξουσι
2641 2695 2716 2765 μὴ
2748 2693 3080 2764 ἁμαρτάνειν
3114 2690 3190 2760 τῷ
3219 2689 3293 2760 μὴ
3323 2689 3440 2758 ἅμα
3463 2685 3823 2758 προσλαμὸάο

2241 2807 2372 2853 νειν,
2416 2788 2550 2841 ἀλλὰ
2583 2785 2722 2858 μετὰ
2754 2787 2855 2856 τὴν
2894 2784 3232 2855 χειροτονίαν
3267 2780 3590 2851 λαμϐάνειν.
3625 2778 3822 2832 Aufier

2240 2884 2298 2938 δέ
2341 2886 2458 2935 ἐστι
2492 2881 2550 2934 τὸ
2579 2879 2766 2933 λαϐεῖν
2796 2878 3107 2944 ότεδήποτε.
3145 2873 3453 2946 Παρακαλῶ
3483 2867 3579 2924 οὗ]
3616 2869 3818 2938 ταύτην

2239 2976 2342 3044 τὴν
2373 2973 2654 3037 πρόσοδον,
2691 2971 2897 3042 μᾶλλον
2944 2969 3001 3022 δὲ
3040 2968 3136 3038 τὴν
3181 2962 3548 3036 προσαγωγὴν
3589 2960 3686 3032 τὴν
3732 2958 3822 3012 ἐπὶ

2241 3065 2466 3134 γέενναν
2498 3061 2833 3116 ἀποθέσθαιο
2879 3060 2973 3112 καὶ
3006 3057 3080 3128 μὴ
3107 3055 3207 3118 τὰς
3249 3056 3438 3125 χεῖρας
3489 3051 3821 3122 μολύνειντας

2243 3157 2508 3216 τοιούτοις
2542 3155 2847 3225 λήμμασιν,
2883 3151 3109 3214 ἑαυτοὺς
3141 3147 3396 3213 ἀναξίους
3428 3146 3698 3217 ποιήσητε
3729 3139 3819 3195 τοῦ

2243 3245 2511 3300 ἐπιτελεῖν
2551 3244 2680 3311 ’ἅγια
2712 3243 3001 3314 μυστήρια.

2257 3341 2352 3394 Ἐκ
2398 3337 2508 3392 τοῦ
2544 3338 2689 3402 ,ϐίου
2737 3336 2843 3389 τοῦ
2881 3337 3054 3458 dri?)
3102 3330 3384 3386 Ἰωάννου
3426 3327 3536 3382 τοῦ
3590 3327 3820 3395 Χρυσο-

2912 3423 2988 3458 στ
3025 3422 3160 3458 nov.

2912 3422 3160 3474 στομου.

2315 3504 2626 3578 Προσῆλθεν
2677 3505 2706 3556 ὁ
2747 3502 2843 3570 τῆς
2892 3496 3267 3569 μακρηγορίας
3316 3495 3447 3566 ἡμῖν
3496 3493 3670 3553 αἴτιος
3714 3488 3820 3548 τοῖς

2243 3597 2565 3657 ἐπισκόποις
2600 3594 2765 3647 πᾶσιν
2800 3591 3060 3652 Εὐσέϐιος
3087 3592 3113 3641 ὁ
3144 3588 3448 3657 κατήγορος
3474 3585 3585 3637 τῶν
3616 3582 3676 3647 ἐξ
3718 3581 3820 3632 λοι-

2244 3687 2363 3739 πῶν
2421 3684 2768 3746 ἐπισκόπων,
2828 3680 2996 3744 ἀξιῶν
3063 3677 3318 3748 δεχθῆναι
3379 3677 3460 3738 είς
3519 3671 3819 3728 κοινωνίαν.

2245 3775 2734 3848 Προσαντιλέγουσί
2769 3790 2912 3835 τινες
2955 3769 3063 3824 τῶν
3093 3769 3425 3830 ἐπισκόπων,
3463 3766 3538 3835 μὴ
3582 3766 3691 3818 δεῖν
3725 3761 3820 3814 αύ-

2243 3869 2337 3922 τὸν
2369 3867 2620 3938 δεχθῆναι
2661 3867 2735 3928 ὡς
2780 3863 3138 3931 συκοφάντην.
3189 3858 3314 3911 Ἐπὶ
3365 3856 3570 3918 τούτοις
3615 3851 3818 3905 ἱκέτευε

2243 3963 2416 4030 λέγων
2442 3975 2455 3988 '
2487 3959 2704 4028 Ἐπειδὴ
2731 3959 2763 4026 ἡ
2793 3956 2916 4024 δίκη
2948 3955 3010 4007 τὸ
3040 3952 3289 4005 πλεῖστον
3317 3948 3480 4020 μέρος
3502 3947 3594 3999 ἐπὶ
3612 3945 3704 4013 ἔτη
3731 3941 3818 3994 δύο

2244 4050 2601 4119 ἐϐασανίσθη,
2631 4049 2709 4110 είς
2733 4048 3014 4116 μάρτυρας
3037 4043 3092 4094 δε
3125 4042 3414 4110 γεγένηται
3443 4041 3474 4108 ἡ
3508 4034 3815 4106 ὑπέρθεσις.

2243 4145 2438 4214 δέομαι
2475 4141 2576 4212 τῆς
2633 4138 2905 4209 ὑμετέρας
2957 4134 3233 4202 θεοφιλίας
3281 4133 3522 4202 σήμερον
3569 4122 3818 4196 παραυτά

2243 4235 2425 4291 δοῦναί
2464 4252 2532 4304 με
2575 4233 2702 4294 τοὺς
2749 4231 3054 4301 μάρτυρας.
3105 4227 3168 4279 Εἰ
3213 4225 3322 4294 γάρ
3359 4224 3454 4276 καὶ
3513 4221 3817 4277 Ἀντωνῖνος

2244 4330 2634 4397 τετελεύτηκεν
2656 4324 2973 4386 ἐπίσκοπος,
3001 4322 3030 4373 ὁ
3053 4319 3234 4371 λαϐὼν
3262 4317 3322 4370 τὸ
3347 4315 3573 4386 χρυσίον
3607 4312 3700 4366 καὶ
3720 4324 3818 4380 χει-

2249 4418 2581 4495 ροτονήσας,
2629 4416 2745 4471 ἀλλ’
2779 4411 2872 4470 οὖν
2914 4431 2978 4483 γε
3023 4413 3273 4484 μένουσιν
3305 4410 3356 4462 οἱ
3392 4406 3684 4467 δεδωκότες
3730 4400 3818 4454 καὶ

562 4509 797 4564 ordinati
841 4520 987 4564 sunt.
1017 4507 1236 4565 Justum
1265 4509 1441 4564 visum
1483 4520 1567 4564 est
1620 4511 1870 4580 praiseuti
1926 4513 2136 4581 synodo

2248 4509 2742 4586 χειροτονηθέντες.
2782 4506 3104 4561 Ἐδικαίωσε
3139 4503 3318 4556 τοίνυν
3347 4503 3379 4571 ἡ
3417 4498 3665 4571 παροῦσα
3695 4491 3816 4546 σύν-

564 4619 677 4656 rem
706 4605 969 4673 perquiri.
997 4605 1193 4674 Incipit
1215 4620 1381 4661 causa
1403 4619 1431 4657 a
1462 4605 1692 4659 lectione
1720 4617 1995 4669 actorum,
2019 4619 2142 4673 qua:

565 4696 714 4765 prius
752 4695 892 4752 facta
912 4697 1151 4751 fuerant.
1175 4697 1412 4768 lngressi
1440 4706 1567 4752 sunt
1612 4705 1797 4762 testes,
1830 4696 2061 4768 ingressi
2087 4706 2144 4751 et

565 4803 656 4843 sex
696 4788 770 4840 illi
802 4789 896 4856 qui
930 4789 1214 4856 pecuniam
1245 4789 1530 4852 dederant,
1559 4789 1866 4842 etordiuati
1897 4788 2136 4842 fuerant.

567 4878 631 4929 Et
659 4876 813 4930 initio
867 4876 1089 4945 quidem
1126 4876 1418 4944 negabant.
1453 4875 1792 4930 lustantibus
1838 4886 2017 4931 autem
2059 4886 2140 4931 te-

561 4968 740 5024 stibus
793 4968 991 5037 partim
1052 4968 1228 5032 Iaicis,
1269 4967 1464 5036 partim
1521 4969 1888 5036 presbyteris,
1939 4969 2142 5039 quibus

563 5061 839 5116 conlidere
891 5060 1239 5123 videbantur,
1291 5075 1500 5114 necnon
1558 5061 1884 5116 mulieribus
1912 5063 2142 5132 quibus-

561 5156 714 5218 dam,
758 5155 853 5225 qui
903 5154 1069 5208 etiam
1105 5154 1395 5223 pignorum
1463 5169 1560 5208 seu
1611 5170 1899 5209 munerum
1933 5157 2143 5225 species

562 5248 839 5312 dicebant,
885 5258 939 5302 et
963 5247 1106 5304 loca.
1135 5254 1188 5301 et
1230 5257 1510 5315 tempora,
1547 5256 1601 5302 et
1625 5249 1986 5318 quantitatem
2015 5265 2138 5305 eum

561 5357 750 5396 eorum
809 5339 1143 5395 conscientia
1191 5351 1340 5398 recta
1389 5360 1498 5398 non
1540 5352 1724 5407 esset,
1795 5344 1940 5398 ultro
2011 5359 2142 5397 con-

564 5437 807 5498 ﬁtentur,
837 5434 939 5487 levi
999 5433 1244 5488 adhibita
1285 5434 1612 5491 necessitate
1649 5453 1662 5489 :
1699 5434 1973 5500 Dedimus,
2010 5451 2141 5489 con-

564 5525 769 5580 fessum
799 5535 903 5592 est,
931 5535 984 5580 ct
1014 5528 1250 5583 ordinati
1289 5543 1481 5582 sumus
1513 5545 1527 5582 :
1563 5528 1722 5582 talem
1757 5537 2010 5596 putantes
2030 5526 2143 5598 8E

567 5633 688 5674 esse
720 5619 1198 5683 consuetudinem,
1229 5628 1287 5673 ut
1317 5619 1626 5672 videremur
1649 5635 1676 5672 ιι
1700 5621 1853 5674 curia
1904 5621 2139 5672 liberati.

567 5706 633 5762 Et
664 5723 810 5762 nunc
830 5725 1072 5777 oramus,
1101 5710 1146 5764 si
1177 5709 1261 5765 fas
1287 5718 1391 5776 est,
1425 5711 1594 5765 simus
1619 5711 1670 5764 iu
1706 5711 2008 5766 ministerio
2043 5713 2142 5767 Ec-

638 5864 683 5899 ”
710 5864 900 5922 Matth.
933 5886 984 5932 κ,
1019 5871 1072 5924 8.
1152 5873 1312 5928 ‘Act.
1351 5886 1467 5929 vui.
1494 5871 1585 5925 ‘28.
1631 5872 1648 5901 ³
1676 5869 1816 5926 Psal.
1854 5888 1972 5927 ειν.
2016 5873 2096 5926 ΙΞ.

2244 4582 2362 4671 οδος
2397 4605 2700 4676 ζητηθῆναι
2731 4601 2792 4654 τὸ
2822 4602 3073 4672 πρᾶγμα·
3116 4598 3340 4666 ἄρχεται
3390 4595 3422 4663 ἡ
3473 4591 3726 4647 ὑπόθεσις
3761 4582 3817 4646 ὲξ

2243 4696 2690 4766 ἀναγνωσμάτων
2728 4692 2836 4746 τῶν
2879 4690 3074 4761 πρώην
3121 4686 3472 4758 πραχθέντων
3499 4676 3814 4751 ὑπομνημάο

2243 4809 2372 4846 των.
2406 4788 2667 4857 Εἰσῆλθον
2697 4787 2747 4838 οἱ
2783 4785 3082 4854 μάρτυρες,
3115 4782 3207 4833 καὶ
3245 4777 3492 4846 είσῆλθον
3536 4776 3584 4828 oi
3615 4773 3672 4837 ἓξ
3714 4766 3814 4819 τῶν

2243 4882 2554 4938 δεδωκότων
2582 4880 2677 4933 καὶ
2703 4874 3207 4947 χειροτονηθέντων.
3253 4874 3338 4924 Ἑν
3368 4873 3509 4941 ἀρχῇ
3542 4864 3812 4937 ἠρνοῦντοο

2249 4972 2624 5043 ἐπιμενόντων
2679 4969 2735 5021 δὲ
2772 4966 2883 5021 τῶν
2940 4962 3258 5036 μαρτύρων,
3305 4961 3417 5014 τῶν
3470 4961 3569 5031 μὲν
3597 4952 3808 5013 λαῖκῶν,

2243 5066 2352 5120 τῶν
2383 5065 2438 5118 δὲ
2465 5062 2874 5134 πρεσϐυτέρων,
2907 5055 2986 5122 οἷς
3031 5057 3174 5120 ἔδοξε
3201 5053 3597 5126 τεθαρρηκέναι
3619 5091 3632 5114 ,
3662 5044 3812 5100 τινῶν

2243 5161 2300 5214 δὲ
2320 5156 2730 5228 καὶγυναικῶν,
2753 5155 2850 5208 καὶ
2869 5153 2937 5206 τὰ
2961 5152 3073 5218 εἴδη
3095 5150 3203 5202 τῶν
3234 5147 3506 5218 ἐνεχύρων
3532 5141 3808 5211 λεγόντων,

2247 5253 2342 5307 καὶ
2362 5251 2488 5314 τοὺς
2511 5249 2729 5314 τόπους,
2757 5247 2850 5300 καὶ
2877 5247 3002 5308 τοὺς
3025 5245 3270 5316 καιροὺς,
3297 5241 3391 5294 καὶ
3415 5241 3510 5310 τὴν
3530 5234 3806 5299 ποσότητα,

2243 5344 2305 5397 ού
2337 5344 2480 5396 πάνυ
2517 5340 2698 5403 καλῶς
2727 5339 2906 5392 αὐτῶν
2933 5335 3280 5406 διακειμένης
3311 5336 3408 5403 τῆς
3445 5329 3806 5396 συνειδήσεως,

2247 5437 2560 5506 αὐθαίρετοι
2594 5433 2915 5504 ὁμολογοῦσι
2940 5431 3062 5500 δίχα
3091 5429 3289 5498 πολλῆς
3315 5428 3577 5496 ἀνάγκης,
3611 5422 3689 5473 ὅτι
3718 5416 3805 5465 Δε-

2249 5531 2502 5600 δὼκαμεν
2550 5531 2645 5582 καὶ
2684 5528 3008 5596 γεγόναμεν·
3041 5523 3296 5592 τοιαύτην
3339 5521 3651 5590 νομίσαντες
3682 5510 3805 5562 ἀκο¹

2245 5598 2462 5677 λουθίαν
2493 5619 2652 5684 εἶναι,
2681 5621 2770 5673 ἵνα
2794 5619 3034 5687 δόξωμεν
3060 5616 3158 5685 τῆς
3195 5615 3392 5685 βουλῆς
3429 5611 3529 5680 τῆς
3553 5598 3803 5675 δημοσίας

2247 5714 2686 5785 ἐλευθεροῦσθαι·
2728 5713 2822 5767 καὶ
2851 5711 2945 5765 νῦν
2971 5708 3224 5778 δεόμεθα,
3265 5708 3312 5759 εί
3349 5704 3451 5775 μέν
3485 5704 3626 5755 ἐστιν
3646 5695 3800 5749 ὅσιον,
