4122 6458
359 393 461 457 537
1166 404 1511 466 SYNTAGM
1521 409 1560 466 Α
1583 408 1970 470 ΟΑΝΟΝΗΜο

2011 435 2044 445 ~-
2069 437 2082 446 -
2105 413 2252 474 TlT.
2275 415 2322 489 Ι,
2367 417 2524 478 car.
2561 419 2769 482 XXIV.

3520 427 3626 490 538

357 509 500 574 ἡμᾶς
525 504 661 563 εἶναι
679 510 736 562 ἐν
753 513 818 580 τῇ
843 511 1151 585 λειτουργίᾳ
1175 515 1278 584 τῆς
1317 517 1666 586 Ἐκκλησίας,
1689 521 1810 573 ἐπεὶ
1837 522 1942 573 κᾶν

2067 525 2225 581 :lcsia:
2258 545 2271 580 :
2309 529 2390 581 sin
2427 530 2628 592 minus,
2662 548 2886 596 aurum,
2915 535 3060 601 quod
3093 536 3370 602 dedimus,
3396 537 3626 604 recipia-

359 599 418 650 t‘.
449 598 668 667 χρυσίον
696 598 724 652 ὃ
753 600 1066 671 δεδώκαμεν
1097 603 1184 655 ἵνα
1227 605 1502 674 λάϐωμενσ
1547 609 1656 661 τῶν
1694 610 1802 678 γὰρ
1837 627 1934 677 γυ-

359 688 560 741 ναικῶν
599 691 753 759 ἡμῶν
785 691 1096 762 δεδώκαμέν
1123 711 1267 758 τινες
1299 697 1489 768 σκεύη.
1543 699 1601 751 Ὀ
1647 699 1703 752 δὲ
1760 701 1939 754 Ἰωάν-

359 795 458 845 νης
483 778 619 848 πρὸς
664 777 834 832 ταῦτα
869 781 1134 852 ὑπέσχετο
1185 787 1250 854 τῇ
1305 786 1528 856 συνόδῳ.
1567 789 1649 840 ὅτι
1696 788 1803 841 Τοῦ
1839 790 1938 857 μὲν

364 867 743 939 βυυλευτηρίου
783 870 894 938 ἐγὼ
922 873 1119 935 αὐτοὺς
1151 875 1245 926 σὺν
1271 875 1390 944 Θεῷ
1417 877 1748 932 ἀπαλλάσσω
1774 879 1938 941 ἀξιώ-

363 978 463 1023 σλξ
493 961 584 1014 τδν
613 961 857 1030 βασιλέα,
885 963 1042 1032 ὑμεῖς
1069 965 1125 1016 δὲ
1155 967 1496 1034 προστάξατε
1530 968 1728 1032 αὐτοὺς
1755 969 1941 1022 λαϐεῖν

362 1053 391 1103 ὃ
412 1052 699 1114 δεδώκασι,
728 1055 880 1124 παρὰ
903 1055 1010 1108 τῶν
1025 1055 1337 1109 ’Λντωνίνου
1367 1058 1738 1128 κληρονόμων.
1764 1059 1940 1130 Προσο

363 1144 551 1206 έταξεν
597 1145 630 1214 ἡ
684 1142 937 1207 σύνοδος,
995 1145 1056 1198 τὸ
1103 1147 1204 1216 μὲν
1248 1149 1471 1217 χρυσίον
1508 1151 1707 1212 αὐτοὺς
1756 1151 1940 1204 λαϐεῖν

364 1237 515 1306 παρᾶ
543 1235 650 1288 τῶν
693 1239 1006 1292 ’Λντωνίνου
1041 1238 1417 1308 κληρονόμων,
1450 1243 1726 1294 κοινωνεῖν
1755 1241 1812 1294 δὲ
1855 1241 1941 1294 ἕν-

364 1328 453 1379 δον
479 1326 571 1380 τοῦ
615 1327 1002 1398 θυσιαστηρίου
1023 1344 1037 1357 °
1084 1326 1225 1382 εἶναι
1267 1331 1323 1384 δὲ
1351 1332 1458 1383 ἀπὸ
1501 1333 1715 1401 ἱερέων,
1749 1332 1835 1385 ἵνα
1866 1332 1942 1402 μὴ

365 1419 569 1472 τούτων
621 1421 1120 1491 συγχωρηθέντων,
1150 1423 1267 1486 ἔθος
1312 1423 1536 1493 γένηται
1578 1424 1865 1477 Ἰουδαϊκὸν
1908 1423 1942 1496 ἢ

365 1510 661 1576 Αἰγύπτιον
690 1511 782 1564 τοῦ
812 1513 1010 1565 πωλεῖν
1037 1515 1130 1566 καὶ
1154 1515 1445 1584 ἀγοράζειν
1485 1517 1583 1585 τὴν
1615 1516 1942 1587 ἱερωσύνην.

365 1602 503 1654 Φασὶ
529 1603 638 1674 γὰρ
679 1603 769 1656 τὸν
797 1602 1055 1670 λυμεῶνα
1086 1607 1180 1657 καὶ
1216 1605 1569 1676 ψευδώνυμον
1596 1609 1944 1679 πατριάρχην

366 1696 476 1748 τῶν
520 1695 814 1758 Ἰουδαίων.
848 1699 968 1750 κατ’
998 1698 1114 1762 ἔτος
1148 1700 1396 1768 ἀμείϐειν
1427 1701 1459 1770 ἦ
1496 1704 1626 1770 παρ’
1655 1702 1774 1766 ἔτος
1817 1705 1946 1766 τοὺς

367 1790 562 1859 ἀρχισυ
574 1788 868 1856 ναγώγους,
894 1791 983 1842 ἐπὶ
1009 1791 1241 1861 συλλογῇ
1269 1793 1360 1845 τοῦ
1386 1794 1673 1862 ἀργυρίου.
1716 1794 1946 1863 Ὁμοίως

2042 632 2166 670 mus
2203 639 2213 671 :
2250 618 2471 685 quidam
2511 622 2655 674 enim
2687 638 2715 675 e
2749 624 2906 679 nobis
2949 641 3181 680 uxorum
3231 627 3624 696 supellcctilem

2040 705 2310 760 dedimus.
2351 708 2430 760 Ad
2464 709 2580 762 luce
2620 708 2864 766 Joannes
2911 715 3121 784 synodo
3171 715 3446 783 pollicitus
3487 722 3572 769 est
3608 731 3623 768 :

2041 795 2195 860 Quod
2224 797 2289 850 ad
2334 799 2544 853 curiam
2581 801 2799 870 quidem
2857 804 3068 865 attinet,
3103 818 3203 870 ego
3239 819 3357 866 eos,
3392 803 3499 857 Deo
3538 804 3628 871 ju-

2044 894 2223 949 raute,
2277 886 2539 951 liberabo,
2589 900 2818 944 exorato
2867 890 3198 961 imperatore
3262 907 3403 946 :vos
3445 901 3625 944 autent

2041 978 2316 1042 mandate,
2361 991 2418 1031 ιιι
2447 980 2515 1033 ab
2549 982 2854 1036 Ineredibus
2901 985 3162 1037 Antonini
3198 984 3302 1054 ipsi
3331 985 3624 1054 accipiant,

2040 1081 2163 1135 qua:
2217 1067 2502 1122 dederunt.
2561 1069 2822 1141 Prazcrpit
2853 1075 3113 1143 synodus,
3147 1085 3208 1128 ut
3257 1089 3447 1127 aurum
3487 1074 3632 1128 acci-

2043 1169 2235 1226 perent
2286 1161 2355 1213 ab
2396 1161 2706 1217 haeredibus
2751 1166 3036 1228 Antonini,
3073 1176 3127 1220 et
3157 1167 3633 1220 communicarent

2045 1251 2190 1305 intra
2217 1253 2390 1307 altare
2452 1273 2464 1308 :
2512 1266 2698 1311 essent
2737 1268 2921 1312 autem
2971 1259 3082 1326 jam
3146 1275 3252 1312 non
3285 1259 3622 1322 sacerdotes,

2045 1359 2139 1396 sex
2202 1360 2269 1398 ex
2325 1346 2723 1413 sacerdotibus,
2784 1365 2889 1412 ne,
2925 1351 2969 1403 si
3019 1350 3121 1404 ista
3180 1351 3630 1413 concederentur,

2046 1450 2167 1489 mos
2202 1436 2354 1490 lieret
2391 1436 2654 1494 .ludaicus
2685 1450 2777 1493 aut
2802 1440 3092 1511 AZgyptius
3116 1484 3130 1508 ,
3164 1441 3430 1496 vendendi
3467 1450 3632 1510 atque

2047 1529 2262 1580 emendi
2312 1529 2701 1584 sacerdotium.
2758 1533 2958 1587 Dicunt
2988 1534 3133 1587 enim
3181 1533 3548 1602 pestilentem,
3580 1541 3637 1586 ct

2055 1619 2255 1674 falsum
2277 1619 2594 1677 Juda-orum
2622 1625 2987 1692 patriarcbam
3011 1667 3025 1690 ,
3057 1625 3288 1694 singulis
3321 1625 3502 1686 annis,
3540 1633 3638 1678 aut

2049 1730 2196 1767 anno
2254 1714 2576 1781 interjecto,
2636 1731 2921 1785 synagoga:
2974 1715 3249 1785 principes
3299 1725 3514 1768 mutare
3569 1714 3636 1767 ad

2051 1801 2439 1854 rorradendam
2469 1804 2778 1870 pecuniam,
2807 1803 3058 1856 similiter
3082 1813 3136 1856 ct
3162 1803 3322 1870 hujus
3357 1801 3636 1862 mundum,

369 1884 464 1935 καὶ
487 1881 578 1936 τὸν
601 1881 850 1952 ζηλωτὴν
879 1881 1084 1935 τούτων
1116 1884 1204 1936 τὸν
1237 1885 1550 1952 Αἰγυπτίων
1581 1887 1945 1957 πατριάρχην·

2067 1891 2426 1962 ίῈεγριίοιύιιι
2487 1894 2848 1960 patriarcham
2877 1935 2890 1957 ,
2928 1905 2986 1947 ut
3035 1867 3321 1962 impleatur
3351 1892 3482 1946 illud
3517 1908 3640 1961 pro-

368 1975 455 2028 ἴια
494 1973 754 2044 πληρωθῇ
783 1975 845 2027 τὸ
879 1976 1234 2056 προφητικόν·
1272 1979 1337 2028 Οἱ
1367 1977 1542 2044 ἱερεῖς
1580 1977 1770 2044 αὐτῆς
1807 1979 1951 2046 μετὰ

369 2065 574 2132 δώρων
599 2066 1032 2134 ἀπεκρίναντο,
1065 2067 1162 2120 καὶ
1184 2068 1238 2120 οἱ
1265 2067 1564 2137 προφῆται
1593 2069 1786 2139 αὐτῆς
1803 2071 1953 2139 μετὰ

371 2159 659 2228 ἀργυρίου
682 2158 1098 2226 ἐμαντεύοντο.

388 2254 486 2306 Ἐκ
517 2250 636 2306 τῶν
656 2251 931 2306 κανόνων
962 2252 1082 2304 τῶν
1111 2256 1204 2319 χλ¹
1234 2253 1419 2322 ἁγίων
1450 2253 1726 2322 Πατέρων
1748 2253 1866 2308 τῶν
1885 2253 1957 2307 ἐν

590 2322 929 2390 Χαλκηδόνι
960 2327 1402 2389 συνελθόντων,
1437 2326 1639 2378 κανὼν
1668 2323 1735 2394 β’.

445 2409 513 2465 6'.
542 2413 704 2475 Εῖτις
725 2413 1020 2476 ἐπίσκοπος
1053 2413 1145 2466 ἐπὶ
1175 2415 1420 2485 χρήμασι
1445 2416 1776 2486 χειροτονίαν
1794 2416 1953 2484 ποιήο

377 2522 553 2570 σαιτο,
582 2522 637 2560 κ.
667 2522 718 2559 τ.
744 2503 797 2558 λ.

385 2596 491 2650 Ἐκ
529 2595 641 2664 τῆς
682 2596 1010 2666 ἐγκυκλίου
1043 2595 1379 2663 ἐπιστολῆς
1425 2597 1757 2652 Γενναδίου
1790 2601 1956 2651 Κωνσ-

864 2671 1446 2734 σταντινουπόλεως.

452 2759 610 2812 Ἔστι
640 2760 818 2813 τοίνυν
849 2760 1254 2830 ἁποκήρυκτος,
1289 2778 1344 2814 κ.
1385 2778 1436 2814 τ.
1469 2763 1519 2815 λ.
1554 2778 1719 2828 usque
1747 2761 1817 2815 ad
1847 2780 1955 2832 μα-

378 2853 561 2924 μωνᾷ.

389 2947 496 3000 Ἐκ
557 2944 674 2999 τῶν
699 2945 972 2999 κανόνων
1034 2945 1144 3013 τῆς
1203 2944 1376 3014 ἁγίας
1433 2944 1613 3013 ἕκτης
1666 2947 1956 3012 συνόδου,

1051 3016 1252 3069 κανὼν
1284 3016 1389 3086 κβ’.

453 3107 560 3163 κδ’.
593 3107 733 3172 Τοὺς
763 3107 855 3160 ἐπὶ
885 3108 1128 3179 χρήμασι
1157 3107 1667 3180 χειροτονουμένους
1689 3149 1702 3172 ,
1734 3126 1790 3162 κ.
1820 3128 1871 3162 τ.
1906 3109 1956 3165 λ.

2055 1984 2272 2052 pheth
2329 1983 2636 2038 Sacerdotes
2687 1986 2800 2054 ejus
2839 2003 2960 2039 cum
3008 1985 3310 2040 muneribus
3361 1986 3640 2054 responde-

2054 2078 2202 2143 bant,
2231 2091 2278 2132 et
2307 2077 2575 2148 propheta:
2604 2078 2720 2147 ejus
2745 2095 2866 2133 cum
2896 2081 3119 2149 pecunia
3140 2079 3566 2134 vaticinabantur
3597 2079 3637 2130 ³.

2056 2265 2141 2320 Ea:
2179 2267 2465 2320 canonibus
2496 2275 2861 2321 sexcentarum
2892 2266 3115 2320 Patrum
3151 2264 3483 2322 Chalcedone
3518 2279 3648 2316 con-

2552 2347 2886 2408 gregatarum
2918 2354 3087 2390 canon
3117 2337 3174 2391 2.

2128 2433 2181 2487 ἓ.
2226 2433 2282 2487 Si
2315 2433 2440 2502 quis
2471 2432 2758 2502 episcopus
2795 2441 3012 2501 propter
3057 2431 3316 2501 pecunias
3346 2425 3646 2483 ordinatio-

2059 2541 2181 2580 nem
2221 2524 2428 2587 fecerit,
2465 2533 2570 2578 etc.
2597 2534 2652 2576 ut
2683 2540 2806 2593 pag.
2839 2523 2964 2577 515.

2115 2615 2216 2700 Ἐκ
2268 2615 2494 2683 epistola
2542 2616 2806 2684 encyclica
2851 2611 3110 2695 Gennadit’
3158 2606 3646 2675 Constantinopoli-

2805 2695 2939 2738 tam.

2131 2776 2213 2832 Sit
2242 2759 2391 2848 ergo,
2415 2782 2547 2841 etc.,
2571 2789 2732 2844 usque
2771 2771 2839 2825 ad
2875 2771 3217 2832 Mammome,
3245 2777 3303 2821 ut
3334 2783 3460 2837 pag.
3484 2764 3613 2822 526.

2132 2949 2218 3005 Ea:
2270 2947 2558 3003 canonibus
2616 2953 2816 3000 sancire
2883 2941 3070 3067 ἕνέοάὶ
3122 2939 3454 2994 ωειιιιιεηίσω
3500 2953 3578 3004 γι,

2691 3031 2861 3067 canon
2967 3053 2980 3065 .

2691 3031 2861 3068 canon
2888 3031 2980 3067 ‘ZZ.

2120 3111 2214 3167 29..
2235 3109 2340 3163 Eos
2353 3108 2442 3178 qui
2457 3105 2596 3161 datis
2613 3105 2856 3176 pecuniis
2874 3103 3214 3164 ordinantur,
3229 3109 3359 3164 etc.,
3378 3109 3433 3152 ut
3452 3114 3503 3168 ρ.
3523 3097 3651 3152 515.

469 3199 819 3269 Ἀκούσωμεν
862 3199 1035 3252 ταῦτα
1083 3199 1260 3252 πάντα
1307 3201 1403 3253 καὶ
1445 3201 1861 3269 ἐνωτισὼμεθα,
1898 3203 1959 3255 οὐ

2135 3199 2404 3269 Agedum,
2437 3195 2664 3251 auribus
2703 3193 3086 3261 mentibusque
3132 3193 3252 3244 haec
3300 3187 3464 3241 verba
3503 3201 3655 3240 reco-

381 3293 548 3362 μόιον
576 3293 853 3363 ἀρχιερεῖς
899 3290 992 3344 καὶ
1037 3292 1227 3361 ἱερεῖς,
1273 3293 1369 3345 καὶ
1400 3293 1450 3344 οἱ
1480 3293 1557 3362 τῷ
1598 3293 1784 3364 κλήρῳ
1829 3311 1963 3346 κατ-

379 3385 775 3456 ηριθμημένοι,
815 3383 951 3437 ἀλλά
980 3385 1074 3438 καὶ
1105 3383 1307 3446 πάντες
1343 3385 1392 3436 οἱ
1440 3383 1824 3448 κατοικοῦντες
1871 3386 1970 3456 τὴν

379 3477 735 3548 οἰκουμένην.
784 3477 878 3528 Δεῖ
909 3475 1017 3546 γὰρ
1057 3477 1458 3546 περισσοτέρως
1500 3478 1648 3546 ἡμᾶς
1683 3478 1973 3548 προσέχειν

381 3569 499 3629 τῖς
533 3565 880 3632 ἀκουσθεῖσι,
945 3565 1018 3635 μή
1076 3582 1207 3618 ποτε
1271 3567 1712 3636 παραρρυῶμενο
1771 3568 1852 3619 ὅτι
1909 3568 1970 3620 οὐ

383 3659 650 3729 φθαρτοῖς
697 3657 946 3729 ἀργυρίῳ
990 3658 1022 3728 ἢ
1075 3656 1282 3728 χρυσίῳ
1316 3657 1704 3728 ἡγοράσθημεν
1759 3660 1823 3711 ἐκ
1875 3659 1974 3728 τῆς

386 3753 630 3818 ματαίας
659 3748 964 3818 παραδότου
995 3746 1376 3817 ἀναστροφῆς,
1413 3747 1548 3800 ἀλλὰ
1573 3749 1740 3817 τιμίῳ
1773 3748 1970 3817 αἵματι

383 3841 434 3895 ὼ
501 3839 673 3911 ἀμνοῦ
704 3839 937 3909 ἀμώμου
967 3839 1062 3892 καὶ
1093 3839 1322 3892 ἀσπίλου
1366 3839 1536 3909 Ἰησοῦ
1572 3839 1830 3910 Χριστοῦ.
1869 3841 1975 3892 Οὖ-

383 3951 500 3994 τως
530 3934 676 4002 ἡμᾶς
702 3931 929 3996 δίδαξον,
965 3931 1096 4001 ἄνερ
1122 3930 1405 4001 ἱερώτατε,
1436 3932 1662 3984 ἕπεσθαι
1694 3935 1806 3994 τοῖς
1845 3950 1980 4002 γρα-

388 4029 576 4094 φικοῖς
607 4026 703 4079 καὶ
726 4025 1102 4092 εύαγγελικοῖς
1143 4025 1238 4077 καί¹
1275 4024 1652 4088 ἁποστολικοίς
1677 4028 1980 4087 κανονικοῖς

385 4137 453 4172 τε
478 4117 571 4170 καὶ
602 4119 890 4186 πατρικοῖς
913 4116 1362 4187 παραγγέλμασι.
1391 4115 1702 4186 Πειθὸμεθα
1727 4116 1834 4186 γὰρ
1868 4117 1981 4179 τοῖς

392 4209 608 4280 ῥήμασι
642 4207 737 4260 τοῦ
775 4207 1038 4278 στόματος
1075 4208 1254 4276 ὑμῶν.
1286 4207 1411 4260 Ἐπὶ
1443 4207 1553 4260 τῶν
1594 4207 1817 4277 ὑψηλῶν
1851 4207 1982 4260 ἀνά-

391 4299 548 4370 6ηθι,
581 4297 799 4367 ῦψωσον
826 4301 882 4350 ἐν
918 4299 1061 4368 ἰσχύϊ
1089 4297 1188 4368 τὴν
1224 4299 1410 4368 φωνήν
1451 4313 1567 4350 σου·
1597 4298 1894 4368 πορεύθητι
1925 4299 1982 4350 ἐν

392 4389 704 4460 πλατυσμῷ
726 4430 741 4454 ,
772 4389 1007 4462 κήρυξον
1053 4389 1192 4459 μετά
1221 4391 1556 4461 παρρησίας*
1585 4389 1734 4452 ὅπως
1780 4389 1982 4460 ἐξαρθῇ

394 4483 496 4537 καὶ
525 4485 605 4546 εἰς
628 4483 957 4553 ἀφανισμόν·
989 4484 1271 4553 οἰχήσεται
1303 4483 1336 4551 ἡ
1363 4482 1450 4534 διὰ
1476 4483 1774 4552 χρημάτων
1805 4499 1983 4552 χειρο-

2075 3295 2272 3354 lamus,
2305 3289 2398 3344 sed
2427 3304 2534 3342 non
2570 3287 2746 3343 solum
2801 3280 3258 3352 archipresbyteri
3299 3294 3363 3334 ac
3395 3277 3657 3333 sacerdo-

2072 3395 2177 3449 tes,
2209 3385 2652 3451 clericorumque
2711 3380 2765 3433 in
2815 3391 3044 3432 numero
3087 3373 3372 3438 accensiti,
3413 3374 3505 3428 sed
3539 3387 3660 3425 om-

2075 3494 2172 3534 nes
2218 3486 2487 3532 terrarum
2542 3472 2768 3540 incolas;
2802 3471 2966 3541 idque
3013 3482 3080 3522 eo
3120 3467 3296 3537 magis
3324 3482 3435 3535 quo
3479 3465 3660 3518 minus

2073 3574 2234 3644 plane
2286 3568 2714 3626 confundamur.
2770 3561 2890 3620 Non
2953 3563 3096 3617 enim
3151 3559 3246 3614 vili
3303 3558 3659 3613 denariorum

2077 3663 2251 3734 pretio
2296 3671 2421 3732 post
2474 3674 2672 3715 vanam
2727 3654 3006 3712 traditoris
3077 3650 3493 3723 pteniteutiam,
3564 3648 3662 3704 sed

2077 3755 2318 3826 pretioso
2369 3751 2637 3824 sanguine
2682 3747 2810 3804 Jesu
2857 3745 3084 3811 Christi,
3143 3742 3267 3814 agni
3323 3739 3664 3794 innocentis-

2077 3847 2198 3901 simi
2236 3855 2289 3899 ct
2324 3841 2680 3906 immaculati,
2731 3838 2999 3907 redempti
3032 3851 3249 3891 sumus.
3287 3831 3546 3901 Dignarc,
3579 3830 3666 3884 vir

2082 3937 2453 4000 sanctissime,
2509 3935 2666 3989 nobis
2705 3941 3016 3987 monstrare
3065 3929 3230 3995 viam,
3265 3942 3375 3997 qua
3419 3924 3667 3995 Scriptu-

2082 4046 2268 4085 rarum
2297 4070 2311 4093 ,
2346 4027 2752 4097 evangeliorum
2783 4067 2797 4090 ,
2842 4023 3269 4095 apostolicorum
3309 4033 3580 4075 canonum
3612 4026 3667 4072 et

2082 4130 2395 4178 sanctorum
2442 4120 2663 4173 Patrum
2723 4116 3014 4186 prmccptis
3076 4114 3394 4168 insistentes
3443 4122 3666 4180 progre-

2081 4215 2318 4269 diamur.
2357 4209 2557 4266 Vestra:
2603 4222 2843 4276 namque
2887 4205 3153 4261 doctrinm
3194 4203 3424 4257 docilem
3474 4215 3663 4253 aurem

2082 4305 2324 4376 prmbere
2383 4300 2540 4356 nobis
2601 4298 2753 4353 cordi
2815 4305 2916 4351 cst.
2985 4294 3234 4350 Ascende
3296 4308 3488 4346 versus
3551 4305 3668 4344 cce-

2083 4397 2237 4458 lum,
2279 4397 2388 4449 alta
2449 4407 2584 4448 voce
2642 4391 2858 4454 clama;
2909 4389 3049 4442 viam
3118 4386 3308 4440 insiste
3367 4399 3396 4438 a
3452 4381 3667 4452 populis

2088 4488 2309 4554 tritam;
2372 4500 2496 4541 cum
2568 4481 2719 4538 omni
2793 4481 3045 4535 libertate
3112 4475 3505 4546 evangelizato.
3573 4471 3669 4525 Sic

396 4575 559 4627 ῡεσία
578 4615 594 4642 ,
622 4574 716 4627 καὶ
746 4573 854 4626 πᾶν
878 4572 930 4626 εἰ
960 4591 1012 4625 τι
1036 4571 1208 4644 ταύτῃ
1243 4572 1332 4624 διὰ
1375 4574 1742 4643 φιλαργυρίαν
1767 4573 1965 4626 ἀδικίαι

2087 4578 2232 4634 enim
2273 4553 2390 4631 auri
2459 4573 2630 4627 fames
2671 4586 2795 4627 cum
2845 4567 3102 4622 omnibus
3147 4581 3268 4634 quae
3321 4563 3445 4618 inde
3492 4562 3671 4616 ﬂuunt

395 4679 463 4715 τε
493 4663 587 4714 καὶ
626 4662 894 4733 ἐμπορίαν
941 4661 1344 4732 αἰσχροκερδῶς
1391 4663 1732 4732 παρέπεται⁹
1780 4663 1985 4733 ταύτης

409 4756 513 4824 γὰρ
548 4755 684 4824 μετὰ
713 4754 822 4807 τῶν
859 4754 1284 4824 συστοιχούντων
1314 4755 1449 4826 αὐτῇ
1486 4755 1882 4826 ἐξαιρουμένης
1919 4757 1985 4808 ἐκ

399 4843 498 4898 τοῦ
540 4843 1066 4914 περιουοίουολαοῦ,
1099 4844 1191 4896 τοῦ
1231 4845 1307 4914 τῷ
1350 4845 1576 4914 ὀνόματι
1611 4845 1848 4915 Χριστοῦ
1893 4863 1988 4898 κει-

403 4938 702 5007 κλημένου,
736 4939 830 4989 καὶ
870 4936 1080 5006 δωρεὰν
1113 4935 1368 5006 τυχόντος
1392 4935 1489 5004 τῆς
1523 4933 1951 5004 ἀπολυτρώσεως
1971 4974 1987 4999 ,

404 5031 588 5083 πάντα
616 5031 685 5082 τὰ
711 5031 776 5099 τῇ
814 5029 982 5099 κακίᾳ
1013 5027 1352 5096 συνεπόμενα
1385 5028 1667 5096 μιάσματα
1695 5026 1989 5096 πρόρριζον

409 5121 970 5193 συνεκτμηθήσονταισ
1006 5121 1098 5173 καὶ
1118 5123 1164 5172 οἰ
1190 5122 1353 5191 ἱερεῖς
1374 5121 1446 5184 ὡς
1476 5121 1652 5188 φοίνιξ
1675 5121 1988 5190 ἀνθήσουσι,

409 5216 647 5287 Χριστοῦ
686 5215 916 5268 εὐωδίαν
950 5219 1064 5276 τοῖς
1098 5213 1427 5283 σωζομένοις
1475 5215 1840 5283 ἐμπνέοντες,
1889 5215 1984 5266 καὶ

409 5313 478 5379 τῇ
527 5308 825 5377 Ἐκκλησία
859 5305 1143 5369 ὲπινικίως
1167 5307 1526 5376 προσᾴδοντες
1547 5323 1561 5336 ·
1594 5306 1859 5372 Περιεῑλε
1888 5305 1992 5360 Κύ-

419 5419 530 5470 ριος
580 5400 649 5454 ἐκ
694 5400 810 5454 σοῦ
847 5399 918 5453 τὰ
955 5397 1289 5469 ἀδικήματίὶ
1323 5414 1461 5453 σου·
1517 5399 1597 5451 ἔτι
1629 5399 1686 5451 δὲ
1736 5399 1830 5452 καὶ
1867 5399 1994 5461 τοὺς

414 5491 778 5562 δρεπομένους
835 5489 1235 5557 γλυκάζοντες,
1287 5489 1650 5559 πληθύνοντές
1698 5507 1758 5542 τε
1794 5490 1993 5554 αὐτούς

420 5584 478 5634 ἐν
529 5582 693 5651 γήρει
738 5580 918 5644 πίονι,
964 5581 1064 5647 τῆς
1103 5580 1379 5650 μακαρίας
1405 5580 1546 5649 λέγω
1577 5583 1672 5635 καὶ
1717 5581 1994 5654 ἀκηράτου

423 5671 562 5739 ζωῆς
593 5669 962 5740 κληρονόμους
992 5669 1457 5733 ἀναδεικνύοντες.

409 5855 420 5864 ·
497 5830 514 5858 ³
537 5828 699 5884 .llich.
733 5845 810 5894 Ill,
837 5828 921 5882 ll.

2088 4673 2446 4743 cupiditatum
2520 4667 2680 4720 undis
2733 4679 2950 4734 pessum
3014 4662 3131 4715 ibit.
3193 4658 3302 4713 Fac
3368 4666 3425 4711 ut
3481 4666 3669 4727 gentes

2086 4781 2209 4834 qua:
2269 4779 2298 4817 a
2357 4761 2578 4815 Christo
2642 4772 2840 4810 nomen
2903 4755 3112 4806 ducunt
3170 4761 3224 4805 et
3279 4766 3400 4819 qua:
3454 4750 3660 4803 redeun-

2089 4857 2291 4928 ptionis
2352 4853 2612 4908 beneﬁcio
2672 4851 2835 4926 salva:
2883 4854 3219 4910 evaserunt,
3294 4845 3362 4897 ab
3415 4841 3671 4896 omnibus

2091 4947 2295 5019 peccati
2344 4943 2601 4999 sordibus
2655 4940 2969 4994 abluantur.
3027 4937 3118 4990 Sic
3165 4934 3310 4987 enim
3362 4931 3674 4985 sacerdotes

2090 5039 2236 5092 sicut
2280 5036 2458 5106 palma
2501 5031 2795 5092 ﬂorebunt,
2844 5027 3158 5095 Christique
3208 5026 3408 5078 bonum
3445 5021 3671 5075 odorem

2093 5129 2343 5182 li-lelibus
2400 5125 2740 5179 insulllantcs
2789 5119 3086 5173 Ecclesium
3137 5124 3303 5168 cantu
3353 5127 3454 5166 suo
3501 5110 3675 5179 reple-

2092 5222 2228 5276 bunt
2251 5219 2550 5274 clatuantes
2583 5230 2597 5268 :
2631 5213 2885 5267 Dominus
2919 5225 2965 5263 te
2987 5227 3020 5262 a
3053 5207 3281 5278 peccatis
3311 5204 3416 5256 tuis
3446 5201 3673 5255 munda-

2093 5311 2187 5365 vit.
2227 5309 2317 5363 Sic
2345 5306 2502 5360 electi
2535 5305 2853 5374 gaudebunt
2882 5301 3010 5370 quia
3048 5307 3304 5354 senectus
3333 5307 3523 5348 eorum
3557 5291 3675 5343 feli-

2093 5400 2274 5455 citatis
2315 5397 2436 5451 oleo
2486 5403 2653 5448 uncta
2682 5401 2786 5459 est,
2815 5400 2870 5446 et
2894 5390 3008 5461 jam
3039 5389 3161 5442 vita:
3193 5394 3408 5440 mter-nte
3439 5380 3674 5436 beatitu-

2094 5493 2275 5548 dinem
2312 5488 2581 5562 praelibat.
