4122 6446
494 420 597 482 Ξ31

1671 418 1927 476 ΡΠΟΤΙΙ
1963 417 2464 479 ΡᾹΤΒΙΑΠΠΠΕ
2505 422 2613 481 CP.

3678 415 3783 477 540

570 526 788 579 Textm.
822 523 964 595 Lege
989 525 1087 581 lib.
1124 540 1161 588 I,
1200 523 1291 578 tit.
1320 524 1375 590 5,
1409 530 1584 578 consl.
1615 524 1704 587 50,
1732 524 1820 589 4t;
1852 532 1906 579 et
1934 526 2013 578 tit.
2044 525 2064 575 l

2248 526 2397 582 Βιϐλ.
2434 529 2509 585 Λ’.
2540 544 2643 580 τιτ.
2672 526 2741 591 α’,
2764 526 2899 579 διάτ.
2932 525 2997 586 λ’,
3029 531 3135 594 μανι
3163 524 3252 578 καὶ
3277 540 3383 577 τιτ.
3420 530 3471 575 α’
3508 522 3627 575 τῶν
3658 542 3788 578 νεαο

493 618 865 682 Novellarum,
889 627 1067 674 const.
1101 617 1154 682 ‘l,
1180 617 1234 682 2,
1263 617 1351 680 ll,
1381 617 1434 670 in
1466 616 1664 686 quibus
1684 617 1847 670 etiam
1870 617 2073 671 dicitur

493 714 561 766 de
594 713 968 776 insinuativis,
1001 727 1120 781 qua}
1150 709 1219 763 ab
1243 709 1512 778 episcopis
1537 718 1591 763 ct
1610 708 1824 763 clericis
1849 708 2068 772 dantur,

493 816 567 864 et,
593 804 735 873 quod
767 803 1006 873 Byzantii
1041 800 1487 873 [solum]Magna:
1506 800 1770 862 ecclesiae,
1802 815 1913 853 non
1945 814 2072 853 vero

494 894 661 947 etiam
696 895 925 947 aliarum
984 890 1409 964 [ecclesiarum]
1459 892 1642 946 clerici
1699 891 1817 945 lucc
1846 892 2071 961 collegis

496 982 613 1035 suis
645 984 795 1036 dant.
830 982 930 1047 Qui
968 997 1095 1036 vero
1129 982 1219 1035 illa
1250 982 1381 1035 dant
1408 1021 1422 1043 ,
1476 998 1581 1035 non
1636 982 1767 1037 dare
1812 984 2070 1052 amplius,

494 1088 661 1141 quam
687 1075 846 1128 unius
873 1074 1000 1127 anni
1036 1074 1232 1127 diaria.
1270 1072 1448 1143 [Quod
1464 1071 1651 1144 etiam]
1674 1089 1849 1143 neque
1882 1090 2070 1127 curam

494 1166 957 1232 qualemcunque,
984 1178 1160 1232 neque
1186 1164 1716 1219 administrationem
1743 1165 2075 1219 ecclesiasti-

496 1269 616 1306 cam
644 1267 739 1319 per
774 1253 1181 1323 [quarumpiam
1238 1253 1445 1325 rerum]
1509 1255 1782 1309 dationem
1835 1272 2069 1320 sumere,

496 1343 575 1391 vel
606 1354 904 1408 pauperum
932 1341 1207 1405 domibus,
1248 1342 1621 1404 xcnodocltiis,
1650 1344 1902 1398 domuive
1936 1343 2077 1414 [etr-

497 1430 663 1501 piam]
727 1447 897 1485 sacrre
946 1433 1147 1501 prmlici
1180 1433 1470 1502 quisquam
1503 1444 1701 1502 potest.
1755 1434 1886 1501 Qum
1944 1451 2075 1489 vero

496 1535 713 1593 propter
746 1527 860 1579 haec
892 1526 1091 1579 dantur
1116 1534 1211 1579 aut
1237 1527 1653 1596 promittuntur,
1683 1542 1744 1581 ca
1772 1528 1959 1581 omnia
1984 1544 2074 1581 cc-

494 1618 717 1671 clesiam
753 1632 1035 1671 sacramve
1064 1618 1286 1671 domum
1311 1618 1604 1673 vindicare.
1647 1619 1945 1688 Episcopos
1977 1636 2073 1673 an-

497 1719 600 1761 tem
630 1709 943 1763 facultatem
1000 1710 1222 1771 habere,
1261 1720 1319 1764 ut
1359 1721 1453 1764 aut
1491 1723 1616 1764 ante
1648 1720 1740 1764 aut
1771 1721 1891 1781 post
1922 1713 2074 1767 ordi-

495 1802 772 1856 nationem
799 1802 1048 1869 ecclesiis
1078 1800 1388 1875 [quidlibet]
1423 1803 1676 1856 oll‘erant.

563 1891 715 1947 CAP.
759 1891 850 1946 XX
863 1890 998 1947 V.—
1015 1892 1094 1946 Ne
1117 1894 1475 1947 ordinationes
1506 1894 1781 1947 iterantur.

920 2072 959 2125 Α
972 2072 1295 2139 postolorum
1337 2090 1507 2128 canon
1542 2073 1638 2130 63.

566 2162 655 2218 68.
681 2162 737 2217 Si
760 2164 883 2233 quis
904 2166 1211 2235 episcopus,
1248 2167 1329 2220 vel
1352 2169 1654 2239 presbyter,
1691 2168 1773 2222 vel
1811 2165 2075 2223 diaconus

497 2255 795 2310 secundam
851 2257 1251 2311 ordinationem
1285 2259 1355 2312 ab
1401 2259 1509 2312 alio
1546 2262 1876 2329 susceperit,
1909 2261 2076 2327 depo—

498 2349 872 2417 ttaturetipsc,
902 2359 957 2403 et
984 2350 1073 2417 qui
1097 2350 1392 2415 ordinavit,
1422 2352 1522 2406 nisi
1546 2352 1732 2420 utique
1748 2353 2073 2415 constiterit,

497 2440 643 2509 quod
692 2440 759 2493 ab
799 2440 1068 2495 ltzereticis
1098 2441 1498 2495 ordinationem
1544 2444 1760 2497 habeat.
1792 2442 1895 2509 Qui
1927 2445 2075 2498 cnim

497 2532 567 2584 ab
613 2530 694 2585 eis
743 2530 1000 2599 baptizati
1054 2539 1103 2584 et
1162 2531 1400 2584 ordinati
1454 2541 1615 2597 sunt,
1668 2542 1727 2588 ut
1765 2534 1950 2589 lidelcs
1994 2535 2077 2588 vel

496 2622 682 2678 clerici
711 2622 850 2689 sint,
880 2622 998 2676 ﬁeri
1037 2638 1145 2675 non
1176 2632 1355 2692 potest
1383 2622 1615 2693 (ὅθ-21).

707 2798 934 2856 Concilii
961 2800 1396 2872 Cartltaginenst's
1430 2802 1543 2871 (22)
1579 2820 1749 2857 canon
1776 2804 1867 2859 48.

501 2886 578 2944 De
616 2887 1115 2958 rebaptizationibus
1154 2898 1203 2941 et
1254 2889 1734 2944 reordinationibua
1785 2894 1859 2946 vel
1907 2900 2084 2948 trana-

956 2959 1242 3012 lationibus
1276 2960 1659 3029 episcoporum.

569 3052 659 3105 48.
697 3052 836 3106 lllud
870 3062 1051 3106 autem
1086 3052 1439 3121 suggerimus
1465 3052 1485 3085 ⁸
1542 3053 1859 3108 mandatum
1902 3056 2083 3123 nobis,

498 3144 645 3214 quod
678 3144 841 3197 etiam
879 3144 932 3197 in
978 3142 1250 3212 Capuensi
1302 3145 1547 3213 plenaria
1598 3147 1807 3214 synodo
1866 3148 2082 3202 videtur

500 3242 794 3299 statutum,
837 3244 896 3288 ut
930 3249 1037 3288 non
1068 3235 1225 3289 liccat
1267 3235 1383 3290 ﬁeri
1416 3235 1898 3306 rebaptizationes,
1928 3256 2080 3294 reor-

502 3328 834 3389 dinationes,
886 3328 968 3380 Vel
1020 3328 1412 3385 translationes
1467 3329 1878 3399 episcoporum.
1938 3330 2073 3386 Nam

502 3420 829 3475 Cresconius
855 3420 993 3473 Villae
1044 3419 1370 3491 Rhegiensis
1416 3422 1710 3491 episcopus
1740 3462 1755 3487 ,
1792 3422 1950 3493 plebe
1980 3440 2079 3479 sua

503 3510 784 3575 derelicta,
836 3510 1167 3567 Tubieuscm
1228 3514 1340 3582 (25)
1396 3514 1596 3567 invasit
1651 3511 1977 3577 Ecclesiam,
2030 3526 2087 3570 et

507 3619 681 3673 usque
710 3603 871 3659 hodie
893 3604 1281 3670 commonitus,
1317 3607 1616 3660 secundum
1653 3607 1797 3677 quod
1823 3616 2084 3662 slatutmn

506 3701 703 3761 fuerat,
737 3697 1045 3767 relinquere
1072 3698 1318 3751 eamdem
1343 3714 1504 3768 quam
1538 3700 1817 3753 invaserat
1849 3699 2083 3769 plebem,

506 3791 855 3858 contempsit.
887 3791 1165 3846 Adversus
1202 3792 1364 3845 istum
1416 3807 1537 3861 quae
1579 3794 1932 3861 pronuntiata
1979 3792 2089 3847 fue-

510 3888 652 3942 rant,
685 3882 1005 3935 conlirmata
1045 3881 1264 3951 quidem
1297 3882 1607 3937 audivimus
1644 3900 1658 3936 :
1693 3885 1786 3937 sed
1827 3885 2085 3954 petimus,

511 3973 811 4025 secundum
848 3974 991 4042 quod
1025 3974 1185 4027 nobis
1217 3974 1534 4028 mandatum
1572 3982 1677 4037 est,
1705 3984 1763 4030 ιιι
1787 3976 2086 4043 dignemini

512 4063 644 4116 dare
678 4061 954 4124 liduciam,
990 4062 1229 4131 quojam
1261 4063 1589 4118 necessitate
1618 4063 1733 4134 ipsa
1766 4075 1994 4135 cogente
2020 4065 2088 4118 li-

509 4153 703 4207 berum
737 4153 893 4208 nobis
924 4154 992 4207 sit
1017 4162 1285 4208 rectorem
1313 4154 1607 4224 provincia:
1645 4156 1947 4209 secundum
1978 4156 2087 4226 87

510 4254 713 4301 statuta
744 4246 1267 4315 gloriOsissimorum
1298 4247 1603 4316 principum
1644 4248 1908 4305 adversus
1936 4250 2087 4303 illum

510 4338 661 4391 a.lire
695 4355 709 4391 :
746 4347 800 4390 ut
830 4337 923 4406 qui
970 4337 1087 4390 miti
1138 4336 1515 4391 admonitione
1559 4339 1867 4393 sanctitatis
1897 4349 2089 4395 vestra:

510 4429 860 4497 acquiescere
891 4429 1085 4493 noluit,
1131 4438 1185 4482 et
1212 4429 1503 4483 emendare
1558 4429 1839 4495 illicitum,
1899 4441 2088 4486 aucto—

515 4522 671 4575 ritate
692 4520 980 4589 judiciaria
1024 4521 1278 4590 protinus
1311 4522 1656 4576 excludatur.

584 4612 835 4666 Aurelius
866 4612 1156 4681 episcopus
1188 4612 1325 4666 dixit
1360 4629 1373 4665 :
1416 4612 1640 4666 Servata
1696 4612 1869 4667 forma
1921 4612 2091 4669 disci-

514 4706 676 4775 plinze
718 4720 825 4759 non
876 4705 1241 4759 aestimabitur
1290 4708 1562 4776 appetitus
1587 4708 1723 4776 (2t),
1753 4708 1798 4763 si
1838 4723 1867 4761 a
1909 4716 2090 4763 vestra

516 4797 780 4851 charitate
803 4797 1045 4849 modeste
1068 4807 1370 4851 conventus
1407 4800 1657 4854 recedere
1684 4800 2088 4863 detrectavcrit,

515 4904 641 4943 cum
686 4886 869 4953 fuerit,
896 4906 993 4943 suo
1019 4898 1335 4958 contemptu
1370 4899 1424 4943 et
1454 4891 1797 4944 contumaria
1836 4890 2089 4953 faciente,

516 4982 682 5035 etiam
740 4984 1062 5036 auctoritate
1104 4982 1397 5052 judiciaria
1449 4991 1753 5038 conventus
1798 4982 1896 5055 [αι.
1953 5000 2087 5039 con-

519 5070 740 5143 victus].

590 5163 904 5218 Honoratus
941 5172 996 5219 ct
1029 5162 1284 5219 Urbanus
1341 5164 1580 5233 episcOpi
1635 5166 1891 5219 dixerunt
1925 5183 1937 5218 :
1977 5164 2094 5221 lloc

518 5267 647 5320 ergo
670 5252 925 5307 omnibtts
950 5254 1162 5323 placet?
1188 5255 1266 5309 Ab
1289 5254 1560 5309 universis
1591 5255 1862 5325 episcopis
1880 5255 2088 5311 dictum

517 5353 606 5400 est
637 5362 650 5398 :
685 5345 889 5411 Placet,
921 5356 973 5402 et
994 5346 1202 5415 justum
1234 5354 1340 5403 est.

569 5438 612 5523 ,⁸
639 5437 940 5494 Concilium
972 5439 1144 5496 Afric.
1186 5457 1312 5497 can.
1342 5441 1428 5496 15.

2181 618 2288 686 ρῶν
2305 618 2444 672 διάτ.
2475 619 2542 683 α’,
2563 618 2628 688 β’,
2661 625 2749 682 ια’,
2782 621 2839 671 ὲν
2868 613 2954 681 αἷς
2984 618 3198 687 εἴρηται
3223 616 3473 686 καὶπερὶ
3498 616 3616 668 τῶν
3649 615 3789 668 διδο-

2183 707 2359 777 μένων
2389 708 2796 776 ὲμφανιστικῶν
2826 709 2975 779 παρὰ
2998 710 3311 761 ἐπισκόπων
3337 708 3437 760 καὶ
3468 705 3787 775 κληρικῶν·

2178 799 2271 850 καὶ
2300 799 2382 850 ὅτι
2405 801 2462 851 ὲν
2479 797 2760 868 Βυζαντίῳ
2792 800 2940 869 μόνοι
2963 800 3010 851 οί
3034 800 3130 867 τῆς
3154 798 3416 867 Μεγάλης
3447 795 3789 865 ἐκκλησίας,

2175 890 2236 942 οὑ
2272 891 2378 961 μὴν
2407 891 2458 944 οἱ
2497 891 2606 944 τῶν
2633 891 2808 946 ἄλλων
2841 890 3091 960 κληρικοὶ
3112 929 3127 952 ,
3158 890 3270 951 τοῖς
3312 889 3505 941 αὐτῶν
3541 887 3793 955 συγκλη-

2180 985 2349 1053 ρικοῖς
2386 982 2560 1036 ταῦτα
2587 983 2822 1036 διδόασιν
2844 998 2856 1012 ·
2886 982 2935 1033 οἱ
2967 982 3023 1034 δὲ
3053 981 3382 1050 παρέχοντες
3410 1022 3427 1046 ,
3478 981 3546 1032 οὑ
3578 980 3792 1032 διδόασι

2178 1074 2337 1126 πλέον
2378 1075 2495 1138 ἐνὸς
2529 1073 2777 1127 ἐνιαυτοῦ
2806 1073 3011 1144 διάριαο
3052 1070 3175 1124 οὔτε
3205 1072 3261 1123 δὲ
3290 1072 3621 1141 φρόντισμα
3648 1072 3794 1123 οἱον-

2176 1163 2394 1232 δήποτε,
2428 1164 2459 1232 ἢ
2493 1162 2757 1231 διοίκησιν
2787 1158 3247 1229 ὲκκλησιαστικὴν
3277 1160 3369 1211 ἐπὶ
3397 1160 3559 1212 δόσει
3584 1176 3674 1221 τις
3705 1158 3793 1210 δύο

2176 1271 2334 1305 ναται
2358 1253 2561 1317 λαϐεῖν,
2592 1253 2624 1323 ἢ
2649 1255 2739 1306 ἐπὶ
2765 1254 2872 1305 τῶν
2895 1252 3127 1322 πτωχῶν
3148 1251 3415 1320 γίνεσθαι,
3444 1252 3479 1322 ἦ
3521 1252 3785 1315 ξενῶνος,

2179 1346 2209 1413 ἢ
2241 1345 2469 1413 εὑαγοῦς
2505 1348 2655 1399 οἴκου
2688 1346 2990 1416 προστῆναι
3019 1363 3032 1376 ·
3067 1346 3243 1398 πάντα
3273 1344 3334 1395 δὲ
3363 1344 3436 1396 τὰ
3470 1344 3572 1397 ἐπὶ
3605 1343 3791 1414 τούτῳ

2177 1436 2484 1508 διδόμεναῆ
2515 1438 2952 1507 ὑπισχνούμενα,
2980 1439 3014 1509 ή
3061 1436 3355 1507 Ἐκκλησία
3377 1479 3391 1502 ,
3433 1438 3469 1506 ἦ
3501 1438 3532 1489 ὁ
3574 1436 3788 1505 εὑαγὴς

2177 1529 2354 1595 οἶκος,
2392 1532 2617 1585 ὲκδικεῖ.
2667 1530 2945 1595 Ἐξουσίαν
2993 1530 3051 1582 δὲ
3102 1530 3315 1600 ἔχουσιν
3351 1530 3400 1583 οἱ
3440 1528 3785 1592 ἐπίσκοποι,

2177 1622 2273 1675 καὶ
2300 1624 2406 1693 πρὸ
2430 1624 2528 1691 τῆς
2556 1621 2910 1693 χειροτονίας,
2949 1621 3044 1675 κα1⁵
3074 1621 3213 1692 μετὰ
3242 1620 3413 1674 ταῦτα
3438 1660 3455 1687 ,
3486 1622 3616 1684 ταῖς
3660 1620 3788 1673 Ἐκ-

2180 1716 2428 1786 κ).ησίσις
2460 1715 2637 1767 αὑτῶν
2677 1714 3027 1786 προσφέρειν.

2102 1865 2144 1919 Β
2244 1891 2494 1946 ΚΕΦΑΛ.
2534 1890 2663 1946 KE'.
2698 1890 2836 1959 Περὶ
2864 1888 2972 1944 τοῦ
2996 1888 3082 1959 μὴ
3129 1889 3401 1958 τίνεσθαι
3450 1888 3785 1958 ἀναχωρο-

2169 1998 2467 2048 toruo-sic.

2604 2072 2978 2127 Ἀποστόλων
3009 2068 3209 2125 κανὼν
3234 2070 3332 2141 Eq’.

2244 2164 2342 2235 ξη’.
2380 2165 2447 2219 Ei’
2471 2182 2551 2228 τις
2582 2165 2897 2231 ἐπίσκοπος,
2938 2164 2972 2233 ἢ
3004 2162 3395 2233 πρεσϐύτερος,
3429 2161 3466 2232 ἢ
3499 2160 3780 2221 διάκονος.

2172 2258 2427 2328 δευτέραν
2459 2256 2788 2327 χειροτονίαν
2817 2255 3030 2320 δέξεται
3067 2255 3221 2325 παρά
3249 2271 3395 2317 τινος
3417 2294 3433 2320 ,
3471 2253 3777 2323 καθαιρεί-

2178 2354 2290 2403 σθω
2342 2352 2431 2402 καὶ
2478 2350 2637 2412 αὐτὸς
2672 2349 2765 2401 καὶ
2808 2349 2836 2401 ὁ
2878 2348 3299 2418 χειροτονήσας,
3335 2347 3383 2399 εί
3437 2346 3516 2415 μή
3558 2362 3626 2411 γε
3660 2344 3771 2412 ἄρα

2178 2442 2407 2511 συσταίη
2433 2482 2448 2505 ,
2480 2441 2561 2493 ὅτι
2610 2439 2760 2509 παρὰ
2802 2438 3095 2508 αἱρετικῶν
3127 2437 3241 2507 ἔχει
3275 2437 3373 2503 τὴν
3397 2433 3771 2505 χειροτονίαν·

2177 2534 2301 2594 τοὺς
2335 2531 2441 2602 γάρ
2476 2532 2603 2601 περὶ
2630 2530 2736 2582 τῶν
2762 2529 3019 2581 τοιούτων
3061 2526 3551 2597 χειροτονηθέντας
3600 2524 3634 2594 ἢ
3675 2524 3778 2593 βα-

2181 2621 2534 2687 πτισθέντας,
2572 2620 2696 2673 οὕτε
2728 2620 2954 2684 πιστοὺς
2997 2617 3121 2673 οὔτε
3157 2617 3459 2689 κληρικοῦς
3502 2613 3652 2670 εῖναι
3682 2616 3775 2668 δυ·

2180 2716 2358 2771 νατόν.

2428 2806 2696 2861 Συνόὸου
2723 2806 3141 2878 Καρθαγὲννης
3174 2804 3376 2861 κανὼν
3405 2810 3518 2875 μην.

2255 2900 2393 2969 Περὶ
2450 2900 2991 2966 ἀναϐαπτισμάτων
3044 2898 3142 2954 καὶ
3194 2892 3710 2967 ἀναχειροτονιῶν
3737 2892 3780 2961 ἢ

2555 2969 2938 3032 μεταϐάσεων
2969 2972 3338 3026 ἐπισκόπων.

2261 3068 2373 3133 μη’.
2416 3060 2623 3113 Ἐκεῖνο
2656 3060 2712 3113 δὲ
2736 3060 3085 3130 ἀναφέρομεν
3109 3058 3363 3111 ἐνταλθὲν
3393 3058 3561 3126 ἡμῖν,
3594 3053 3658 3103 τὸ
3684 3049 3775 3102 καὶ

2190 3158 2248 3210 ὲν
2284 3158 2350 3225 τῇ
2383 3154 2582 3223 συνόδῳ
2609 3155 2673 3224 τῇ
2702 3154 2758 3205 ὲν
2789 3153 2991 3223 Καπύῃ
3017 3151 3254 3222 ὁρισθὲν,
3279 3150 3418 3203 ὥστε
3456 3151 3540 3220 μὴ
3575 3144 3779 3214 ἐξεῖναι

2182 3246 2425 3316 γίνεσθαι
2463 3244 2851 3307 ἀναδαπτίσεις
2873 3286 2888 3310 ,
2929 3244 2961 3314 ἢ
2994 3244 3507 3314 ἀναχειροτονήσεις
3539 3245 3571 3315 ἢ
3611 3261 3779 3314 μετα-

2182 3345 2423 3413 κινήσεις
2456 3342 2791 3395 ὲπισκόπων.
2830 3337 3178 3411 Κρεσκὼνιος
3211 3335 3301 3393 οὖν
3337 3339 3432 3391 τοῦ
3475 3339 3779 3407 Ῥεκένσης

2182 3435 2351 3505 ἀγροῦ
2385 3434 2681 3495 ἐπίσκοπος
2715 3434 3136 3502 καταφρονήσας
3165 3430 3258 3483 τοῦ
3316 3431 3447 3483 ἰδίου
3480 3429 3623 3484 λαοῦ
3650 3470 3665 3496 ,
3709 3432 3775 3500 τῇ

2182 3528 2275 3581 τοῦ
2309 3526 2504 3597 Βικένη
2551 3525 2720 3596 ἐπέϐη
2758 3523 3056 3594 Ἐκκλησία
3085 3539 3099 3552 ·
3134 3523 3230 3576 καὶ
3258 3522 3360 3585 ἓως
3397 3524 3494 3587 τῆς
3533 3525 3778 3591 σήμερον

2184 3618 2443 3680 πολλάκις
2496 3615 2868 3686 ὑπομνησθεὶς
2905 3614 3045 3668 κατὰ
3081 3614 3142 3667 τὸ
3168 3613 3383 3683 ὁρισθὲν
3438 3612 3772 3665 καταλιπεῖν

2185 3712 2282 3780 τὴν
2322 3710 2489 3778 αὐτὴν
2539 3702 2932 3779 Ἐκκλησίανῇ
2981 3724 3087 3760 τινι
3130 3706 3383 3774 ἐπῆλθεν,
3426 3704 3529 3775 οὑχ
3576 3704 3776 3757 εἵλετο.

2187 3803 2323 3872 Περὶ
2344 3801 2533 3854 τούτου
2565 3800 2620 3853 δὲ
2646 3800 2712 3852 τὰ
2736 3798 3180 3869 προαγγελθὲντα
3211 3797 3404 3866 βέϐαια
3424 3796 3797 3867 ὴκοὺσαμεν,·

2188 3895 2279 3948 καὶ
2313 3893 2565 3963 αἰτοῦμεν
2592 3892 2732 3945 κατᾶ
2761 3892 2820 3943 τι
2846 3890 3063 3944 ὲνταλὲν
3091 3890 3243 3959 ἡμῖν,
3273 3889 3358 3941 ἵνα
3390 3889 3774 3958 καταξιὼσητε

2187 3986 2366 4042 δοῦναι
2396 3985 2708 4055 παρρησίαν
2733 3984 2817 4035 ἐπ’
2845 3980 3030 4044 ἁδείας
3057 3983 3187 4051 ἡμῖν
3212 3980 3484 4048 γενέσθαι·
3521 3982 3608 4034 ὅτι
3636 3978 3773 4045 αὓτη

2190 4080 2221 4147 ἡ
2248 4077 2461 4145 ἀνάγκη
2494 4072 2904 4145 παρασκευάζει
2939 4070 3018 4141 τῷ
3058 4070 3280 4141 ἄρχοντι
3309 4069 3411 4139 τῆς
3439 4069 3628 4140 χώρας
3657 4065 3780 4121 κατ’

2190 4167 2397 4219 ἐκείνου
2432 4162 2774 4235 προσελθεῖν,
2803 4160 2945 4215 κατὰ
2972 4160 3071 4224 τὰς
3103 4160 3395 4225 διαστίξεις
3424 4160 3533 4212 τῶν
3567 4158 3774 4222 ἐνδοξο-

2189 4257 2368 4310 τάτων
2396 4255 2689 4325 βασιλέων·
2720 4253 2855 4307 ῖναὸ
2889 4254 2956 4323 τῇ
2987 4252 3144 4321 πράῳ
3178 4251 3483 4321 ὑπομνήσει
3512 4252 3614 4320 τῆς
3646 4250 3777 4318 ὑμε-

2189 4349 2353 4416 τέρας
2382 4344 2692 4415 ἁγιωσύνης
2720 4344 3088 4413 πειθαρχῆσαι
3118 4340 3193 4412 μὴ
3231 4340 3485 4410 θελήσας,
3516 4342 3613 4393 καὶ
3636 4340 3776 4408 διορ-

2192 4437 2469 4491 θώσασθαι
2525 4436 2584 4489 τὸ
2653 4433 3087 4505 ἀσυγχώρητον,
3156 4426 3411 4502 αὑθεντίᾳ
3478 4430 3774 4501 ἀρχοντικῇ

2114 4537 2159 4593 ι)
2188 4529 2531 4600 παραχρῆμα
2562 4526 2802 4595 κωλυθῇ.

2260 4621 2527 4694 Αὐρήλιος
2553 4618 2848 4678 ἐπίσκοπος
2875 4610 3046 4668 εἶπεν·
3080 4612 3451 4683 Φυλαχθέντος
3480 4612 3575 4667 τοῦ
3602 4611 3772 4665 τύπου

2190 4720 2289 4787 τῆς
2324 4712 2747 4773 καταστάσεως,
2789 4708 2862 4780 μὴ
2894 4707 3061 4778 κριθῇ
3110 4707 3208 4776 τῆς
3241 4706 3459 4759 συνόδου
3492 4706 3771 4775 ὑπάρχων,

2191 4808 2285 4861 ἐὰν
2329 4804 2585 4867 ἐπιεικῶς
2624 4801 2869 4873 αἰτηθεὶς
2911 4799 3063 4869 παρὰ
3106 4799 3205 4867 τῆς
3235 4798 3509 4868 ὑμετέρας
3554 4797 3774 4865 ἀγάπης

2191 4900 2492 4967 ἀποστῆναι
2522 4894 2901 4965 παρῃτήσατο,
2922 4890 3109 4960 ἐπειδὴ
3143 4892 3207 4943 ἐκ
3235 4889 3333 4957 τῆς
3365 4888 3574 4951 οἰκείας
3599 4902 3767 4940 κατα·

2200 4988 2513 5059 φρονήσεως
2567 4985 2661 5039 καὶ
2709 4982 3019 5055 μονοτονίας
3070 4980 3362 5052 περιῆλθεν
3414 4981 3494 5043 είς
3523 4979 3772 5049 ἄρχοντι-

2200 5080 2300 5152 κὴν
2328 5078 2598 5144 ἐξουσίαν.

2281 5171 2583 5240 Ὁνωράτος
2611 5167 2705 5221 καὶ
2721 5165 2999 5238 Οὐρϐανδς
3024 5166 3074 5219 οἱ
3094 5164 3382 5218 ἐπίσκοποι
3404 5157 3578 5216 εἶπον·
3605 5156 3770 5213 Τοῦτο

2199 5265 2333 5317 πᾶσι
2374 5264 2600 5335 ἀρέσκει
2630 5279 2643 5293 ο
2675 5261 2782 5316 άπὸ
2821 5260 3042 5316 πάντων
3072 5258 3388 5312 ἐπισκόπων
3418 5253 3615 5327 ἐλέχθη
3638 5269 3654 5287 ο
3683 5249 3771 5304 Δί·

2198 5358 2351 5410 καιόν
2379 5360 2547 5423 ἐστιν,
2576 5357 2825 5427 ἀρέσκει.

2067 5539 2298 5598 NOTAE.

596 5630 1156 5721 Evtltttelliﬂtur
1284 5631 1739 5721 (gataplltrygibus,
1774 5642 1833 5687 ut
1857 5648 1978 5704 cap.
2026 5635 2093 5691 19

523 5701 720 5773 concil.
749 5701 893 5773 Ne,
924 5713 978 5757 et
1003 5703 1072 5757 95
1102 5714 1269 5757 sexta:
1297 5702 1512 5773 synodi.

528 5770 903 5895 qnﬁaggnc.
929 5774 1183 5845 Cartltag.
1208 5789 1288 5839 ιιι,
1314 5770 1436 5828 can.
1464 5772 1555 5840 '58;
1586 5772 1871 5843 Capuense
1892 5775 2094 5832 concil.

2274 5641 2383 5707 (~23)
2423 5640 2532 5693 MS.
2575 5661 2591 5691 ι
2628 5639 3106 5695 Tubunienscm...
3136 5647 3184 5690 et
3233 5628 3708 5707 usque_in_ltodie_.
3744 5641 3759 5673 ι

2272 5702 2385 5788 (εί)
2439 5711 2549 5766 Hoc
2588 5720 2689 5775 est,
2745 5730 2763 5761 ι
2814 5724 2923 5764 ιιοιι
2984 5702 3343 5764 aestimabitur
3388 5704 3436 5761 ei
3490 5702 3628 5758 facta
3687 5702 3763 5749 in-

2224 5795 2357 5833 ιιι-ιιι.
2408 5800 2423 5832 Ι
