4122 6470
314 447 412 512 5H

1105 446 1508 508 SYNTAGMA
1539 446 1932 508 CANONUM.
1963 472 2034 483 —
2061 447 2208 507 TIT.
2251 448 2298 521 1,
2334 448 2492 507 CAP.
2537 446 2724 506 XXVI

3471 443 3579 507 542

383 558 633 616 ΚΕΦΔΛ.
673 559 819 626 κεῖν.
843 589 912 598 —-
937 559 1073 627 Περί
1105 558 1210 613 τοῦ
1234 560 1320 629 μὴ
1344 560 1609 629 μετιέναι
1639 559 1887 614 ἐπίσκο-
1913 609 1916 620 ,

2066 558 2218 614 CAP.
2259 557 2448 614 XXVI.
2480 589 2552 600 —-
2584 557 2668 612 Ne
2707 558 2978 626 episcopus
3006 555 3082 610 vel
3119 555 3340 610 clericus
3366 553 3430 609 de
3469 569 3578 608 una

310 669 432 706 πον
469 652 507 720 ἢ
527 649 820 718 κληρικὸν
843 647 961 703 ἀπὸ
996 651 1228 715 πόλεως
1262 652 1348 716 εἰς
1376 651 1578 705 πόλιν.

592 783 863 838 Συνόδου
899 783 1146 850 Νικαίας
1174 782 1375 838 κανὼν
1403 790 1484 850 ιε’,
1513 790 1608 850 ις’.

384 915 468 970 ιε’.
517 915 615 969 Διὰ
643 915 734 968 τὸν
764 915 931 969 πολὺν
977 914 1216 984 τάραχον
1259 917 1484 980 καὶτὰς
1531 917 1750 982 στάσεις
1791 917 1893 981 τὰς

311 1010 647 1078 γινομένας.
712 1007 857 1072 ἔδοξε
934 1007 1250 1061 παντάπασι
1316 1009 1739 1079 περιαιρεθῆναι
1791 1011 1890 1080 τὴν

315 1099 602 1170 συνήθειαν
633 1098 733 1169 τὴν
781 1098 934 1170 παρὰ
974 1099 1064 1151 τὸν
1098 1099 1298 1152 κανόνα
1331 1099 1654 1170 εὑρεθεῖσαν
1693 1099 1752 1154 ἐν
1777 1118 1891 1154 τισι

319 1191 567 1262 μέρεσιν,
617 1189 758 1244 ὥστε
811 1188 922 1244 ἀπὸ
971 1191 1182 1253 πόλεως
1231 1191 1312 1254 εἰς
1370 1191 1528 1244 πόλιν
1587 1193 1663 1264 μὴ
1725 1210 1894 1264 μετα-

314 1282 541 1346 ϐαίνειν,
590 1283 725 1350 μήτε
760 1278 1079 1342 ἐπίσκοπον,
1126 1281 1266 1349 μήτε
1312 1280 1704 1352 πρεσϐύτερον,
1752 1284 1893 1353 μήτε

313 1373 582 1428 διάκονον.
613 1373 674 1424 Εἰ
702 1371 761 1425 δέ
788 1389 894 1434 τις,
937 1371 1075 1441 μετὰ
1105 1371 1193 1424 τὸν
1213 1372 1311 1441 τῆς
1330 1373 1492 1440 ἁγίας
1526 1375 1619 1427 καὶ
1647 1374 1895 1445 μεγάλης

318 1465 538 1519 συνόδου
565 1465 710 1534 ὅρον,
745 1463 969 1534 τοιούτῳ
1013 1465 1119 1518 τινὶ
1149 1465 1574 1536 ἐπιχειρήσειεν,
1611 1469 1644 1537 ἢ
1679 1467 1891 1541 ἐπιδοίη

317 1557 508 1611 ἑαυτὸν
537 1557 826 1624 πράγματι
851 1554 1099 1625 τοιούτῳ,
1130 1557 1548 1627 ἁκυρωθήσεται
1594 1557 1896 1622 ἐξάπαντος

314 1646 376 1700 τὸ
405 1645 837 1715 κατασκεύασμα
857 1684 873 1709 ,
903 1645 994 1697 καὶ
1024 1645 1610 1716 ἀποκατασταθήσεται
1643 1649 1708 1718 τῇ
1771 1648 1896 1702 Ἐκ-

314 1738 513 1809 κλησίᾳ
600 1739 628 1791 ὁ
657 1739 1008 1808 ἐπίσκοποςῆ
1039 1742 1066 1792 ὁ
1091 1739 1460 1808 πρεσδύτερος
1489 1742 1892 1813 ἐχειροτονήθη.

387 1827 484 1892 ις’.
510 1830 666 1882 ὐσοι
695 1828 1101 1900 ῥιψοκινδύνως,
1141 1829 1279 1900 μήτε
1309 1830 1400 1883 τὸν
1440 1831 1603 1901 φόϐον
1629 1831 1722 1885 τοῦ
1757 1833 1892 1886 Θεοῦ

2009 651 2060 704 in
2084 652 2249 705 aliam
2272 651 2537 705 civitatem
2567 651 2984 720 transferantur.

2302 781 2502 851 Synodt'
2531 780 2768 834 Nica’na:
2801 795 3023 832 canones
3053 779 3139 846 15,
3176 777 3264 832 16.

2072 915 2160 970 15.
2199 914 2470 985 Propter'
2532 913 2762 968 multum
2822 911 3115 967 tumultum
3165 920 3219 964 et
3282 906 3580 964 seditiones

2000 1023 2123 1078 quae
2159 1008 2317 1072 liunt,
2359 1006 2584 1060 omnino
2614 1007 2792 1060 visum
2827 1015 2912 1059 est
2945 1011 3006 1058 ut
3054 1001 3423 1068 consuetudo,
3457 1015 3581 1069 qua:

2000 1107 2198 1170 praeter
2237 1113 2503 1153 canonem
2555 1099 2608 1151 in
2659 1098 2937 1153 nonnullis
2975 1097 3224 1166 partibus
3276 1095 3577 1157 invenitur,

2001 1189 2224 1244 tollatur
2257 1205 2272 1241 :
2307 1196 2366 1241 ut
2403 1202 2434 1240 a
2464 1187 2682 1241 civitate
2721 1187 2777 1239 in
2807 1187 3080 1240 civitatem
3128 1200 3229 1238 nec
3263 1185 3579 1254 episcopus,

2002 1295 2105 1334 nec
2140 1278 2449 1349 presbyter,
2483 1293 2584 1332 nec
2625 1279 2894 1331 diaconus
2929 1286 3193 1330 transeat.
3226 1276 3283 1329 Si
3315 1275 3440 1345 quis
3482 1290 3583 1328 au-

2003 1379 2113 1427 tem
2139 1379 2263 1440 post
2293 1378 2500 1424 sanctae
2529 1378 2583 1422 et
2607 1384 2814 1437 magna:
2853 1369 3046 1438 synodi
3070 1367 3440 1422 deﬁnitionem
3474 1366 3582 1420 tale

2002 1461 2279 1533 quidpiam
2309 1477 2601 1531 aggressus
2637 1461 2821 1525 fuerit,
2861 1461 2946 1514 vel
2988 1476 3047 1515 se
3076 1461 3153 1514 rei
3189 1460 3457 1528 ejusmodi
3487 1460 3583 1513 de-

2002 1552 2162 1616 derit,
2211 1551 2356 1620 quod
2410 1550 2614 1604 factum
2655 1551 2778 1614 erit,
2821 1551 3049 1604 omnino
3100 1549 3487 1612 infirmahitur,
3525 1557 3581 1600 et

2002 1641 2260 1697 Ecclesiae
2301 1641 2635 1706 restituetur,
2681 1641 2770 1696 cui
2829 1640 3119 1710 episc0pus
3163 1641 3244 1694 vel
3298 1640 3582 1710 presbyter

2002 1737 2287 1792 ordinatus
2321 1736 2488 1790 fuerit

2074 1828 2162 1884 16.
2208 1829 2577 1896 Quicunque‘I
2621 1836 2826 1881 temere
2877 1835 2933 1880 et
2980 1824 3420 1888 inconsiderate,
3477 1836 3580 1878 nec

315 1921 422 1991 πρὸ
465 1919 764 1990 ὀφθαλμῶν
810 1921 1047 1991 ἔχοντες,
1103 1923 1240 1992 μήτε
1294 1921 1388 1975 τὸν
1435 1923 1894 1994 ἐκκλησιαστικὸν

2001 1923 2095 1978 Dei
2143 1924 2394 1978 timorem
2431 1938 2542 1992 pra:
2577 1922 2753 1976 oculis
2788 1923 3069 1986 habentes,
3119 1937 3218 1975 nec
3246 1920 3580 1975 ecclesiasti-

315 2012 519 2066 κανόνα
558 2013 782 2077 εἰδότες,
815 2014 1229 2084 ἀναχωρήσουσι
1259 2013 1360 2084 τῆς
1403 2014 1732 2083 Ἐκκλησίας
1762 2034 1900 2088 πρε-

315 2104 570 2173 σϐύτεροι
600 2105 633 2176 ἢ
665 2105 923 2172 διάκονοι,
959 2107 992 2176 ἢ
1028 2107 1164 2171 ὅλως
1210 2110 1269 2162 ἐν
1307 2107 1384 2178 τῷ
1416 2110 1603 2162 κανόνι
1655 2108 1904 2174 ἑξεταζό·

316 2214 491 2268 μενοι,
519 2192 664 2252 οὗτοι
689 2197 938 2269 οὐδαμῶς
957 2199 1137 2252 δεκτοὶ
1165 2200 1470 2268 ὀφείλουσιν
1491 2196 1630 2255 εἶναι
1654 2202 1711 2254 ἐν
1735 2202 1900 2272 ἑτέρα

312 2289 580 2361 ἐκκλησίᾳ
599 2308 614 2322 ο
650 2291 786 2346 ἀλλὰ
817 2293 998 2346 πᾶσαν
1036 2292 1218 2355 αὐτοῖς
1248 2293 1494 2362 ἀνάγκην
1523 2293 1754 2347 ἕπεσθαι
1791 2294 1898 2365 χρὴ

312 2381 679 2452 ἀναστρέφειν
707 2385 788 2446 εἰς
813 2382 911 2446 τὰς
948 2384 1157 2438 ἑαυτῶν
1196 2387 1508 2454 παροικίας,
1544 2387 1577 2458 ἦ
1611 2388 1899 2458 ἐπιμένον-

312 2490 410 2536 τας
445 2474 848 2543 ἀκοινωνήτους
877 2470 1016 2528 εῖναι
1056 2478 1344 2546 προσήκει.
1392 2478 1454 2529 Εἰ
1483 2478 1542 2531 δὲ
1567 2478 1660 2531 καὶ
1692 2479 1898 2549 τολμή-

314 2564 425 2618 σειέ
468 2581 557 2629 τις
605 2566 926 2636 ὑφαρπάσαι
966 2565 1058 2618 τὸν
1103 2567 1182 2636 τῷ
1221 2567 1396 2638 ἑτέρῳ
1430 2568 1754 2640 διαφέροντα
1805 2568 1899 2623 καὶ

311 2657 695 2728 χειροτονῆσαι
732 2658 790 2710 ἐν
817 2660 884 2729 τῇ
924 2659 1090 2711 αὐτοῦ
1145 2659 1442 2732 Ἐκκλησία
1465 2704 1476 2720 ,
1520 2661 1594 2731 μὴ
1623 2678 1900 2730 συγκατα⁴

310 2745 599 2814 τιθεμένου
632 2746 725 2800 τοῦ
758 2747 890 2800 ἰδίου
923 2748 1227 2802 ἐπισκόπου
1269 2741 1329 2802 οὗ
1375 2750 1721 2822 ἀνεχώρησεν
1768 2753 1797 2805 ὀ
1841 2753 1898 2806 tv

311 2837 387 2910 τῷ
417 2840 606 2893 κανόνι
636 2839 1046 2909 ἐξεταζόμενος,
1082 2841 1285 2912 ἄκυρος
1317 2842 1458 2895 ἔστω
1485 2844 1518 2912 ή
1546 2843 1870 2915 χειροτονία.

569 2929 843 2984 Συνόδου
897 2925 1266 3000 Ἀντιοχείας
1303 2933 1506 2986 κανὼν
1540 2939 1648 2987 κα’.

379 3019 494 3074 κα’.
528 3020 857 3075 Ἐπίσκοπον
872 3023 977 3075 ἀπὸ
997 3025 1284 3094 παροικίας
1297 3024 1490 3095 ἐτέρας
1505 3025 1582 3089 εἰς
1603 3027 1796 3095 ἑτέραν
1820 3027 1895 3098 μὴ

313 3111 696 3182 μεθίστασθαι,
733 3114 872 3185 μήτε
902 3115 1240 3187 αὐθαιρέτως
1257 3117 1649 3188 ἐπιρρίπτοντα
1679 3118 1894 3182 ἑαυτὸν,

313 3205 451 3277 μήτε
501 3206 605 3259 ὑπὸ
635 3206 783 3261 λαῶν
815 3207 1226 3278 ἐκϐιαζόμενον,
1273 3210 1410 3280 μήτε
1444 3210 1548 3262 ὑπὸ
1578 3192 1895 3263 ἐπισκόπων

308 3298 776 3370 ἀηιιαγκαζόμενον⁸
813 3300 996 3372 μένειν
1041 3301 1098 3354 δὲ
1131 3301 1209 3364 εἰς
1242 3301 1309 3372 ἢν
1336 3301 1624 3372 ἐκληρώθη
1663 3302 1768 3356 ὑπὸ
1797 3302 1872 3355 eoi

309 3391 445 3444 Θεοῦ
481 3390 541 3456 ἐξ
571 3391 747 3464 ἀρχῆς
771 3391 1057 3464 ἐκκλησία,
1082 3394 1178 3445 καὶ
1210 3394 1284 3464 μὴ
1315 3392 1672 3461 μεθίστασθαι
1701 3395 1894 3464 αὐτῆς,

309 3481 457 3536 κατὰ
511 3482 602 3536 τὸν
653 3483 754 3555 ῆδη
808 3484 1071 3556 πρότερον
1125 3485 1256 3555 περὶ
1307 3483 1498 3537 τούτου
1545 3484 1897 3557 ἐξενεχθέντα

307 3572 458 3645 ὅρον.

493 3668 765 3723 Συνόδου
794 3666 1179 3735 Χαλκηδόνος
1203 3665 1406 3722 κανὼν
1441 3675 1505 3733 ε’,
1547 3667 1602 3735 ι’,
1631 3674 1703 3722 κ’.

375 3769 441 3817 ε’.
483 3762 620 3833 Περὶ
649 3759 757 3814 τῶν
789 3759 1224 3830 μεταϐαινόντων
1253 3759 1361 3813 ἀπὸ
1388 3760 1596 3824 πόλεως
1625 3761 1705 3825 είς
1736 3760 1894 3815 πόλιν

307 3854 632 3909 ἐπισκόπων
660 3853 693 3924 ἢ
729 3852 1027 3923 κληρικῶν,
1061 3851 1207 3916 ἔδοξε
1235 3853 1361 3915 τοὺς
1392 3851 1521 3916 περὶ
1559 3852 1768 3906 τούτων
1806 3870 1898 3906 τε-

309 3947 506 4011 θέντας
531 3945 764 4008 κανόνας
792 3945 944 4016 παρὰ
972 3944 1082 3998 τῶν
1118 3944 1291 4014 ἁγίων
1323 3944 1582 4015 Πατέρων
1627 3944 1773 4015 ἔχειν
1799 3945 1898 4017 τὴν

311 4041 447 4094 ἰδίαν
480 4039 656 4110 ἰσχύν.

381 4132 434 4188 ι’.
480 4135 572 4203 Μὴ
611 4132 810 4200 ἐξεῖναι
839 4129 1097 4201 κληρικὸν
1127 4132 1186 4185 ἐν
1227 4131 1320 4185 δύο
1350 4131 1560 4185 πόλεων
1590 4131 1734 4185 κατὰ
1763 4149 1900 4185 ταυ-

307 4228 397 4282 τὸν
437 4224 844 4294 καταλέγεσθαι
908 4223 1248 4294 ἐκκλησίαις,
1289 4225 1348 4276 ἐν
1471 4242 1529 4278 τε
1575 4224 1675 4296 τὴν
1727 4225 1901 4296 ἀρχὴν

309 4318 716 4389 ἐχειροτονήθη,
743 4315 837 4369 καὶ
866 4316 922 4368 tv
1011 4315 1352 4386 προσέφυγεν
1379 4316 1454 4378 ὡς
1486 4315 1693 4384 μείζονι
1717 4316 1898 4384 δῆθεν,

309 4412 397 4465 διὰ
422 4410 588 4480 δόξης
619 4413 779 4480 κενῆς
807 4408 1121 4479 ἐπιθυμίαν.
1157 4408 1296 4471 Τοὺς
1313 4407 1370 4460 δέ
1400 4425 1464 4475 γε
1494 4409 1652 4461 τοῦτο
1676 4407 1897 4462 ποιοῦν-

311 4522 443 4570 τας,
501 4501 974 4556 ἀποκαθίστασθαι
1029 4503 1096 4572 τῇ
1153 4501 1258 4572 ἰδίᾳ
1319 4500 1584 4571 ἐκκλησία
1641 4503 1698 4554 ἐν
1844 4499 1902 4567 ἐξ

1863 3267 1968 3356 ῦϐ

2000 2033 2124 2073 cum
2156 2033 2420 2073 canonem
2463 2019 2705 2072 scientes
2738 2017 3042 2088 presbyteri
3083 2016 3166 2070 vel
3212 2015 3450 2077 diaconi,
3499 2013 3582 2068 vel

1999 2108 2114 2180 88
2138 2109 2455 2178 quicunque
2484 2108 2711 2162 omnino
2748 2107 2802 2161 in
2838 2121 3051 2163 canone
3081 2114 3458 2170 recensentur,
3512 2104 3583 2158 ab

1999 2203 2248 2258 ecclesiis
2295 2203 2648 2268 secesserint,
2696 2202 2733 2256 ii
2789 2201 2846 2255 in
2899 2201 3078 2255 aliena
3139 2199 3374 2253 ecclesia
3429 2196 3582 2250 nullo

2001 2293 2164 2348 modo
2194 2293 2365 2363 recipi
2400 2293 2622 2358 debent,
2671 2293 2767 2348 sed
2818 2292 3050 2346 omnino
3085 2289 3312 2360 cogendi
3351 2295 3480 2343 sunt
3525 2289 3580 2342 in

2001 2400 2134 2441 suas
2191 2384 2438 2453 ipsorum
2493 2384 2788 2454 parochias
2843 2382 3185 2452 redirezvel
3236 2380 3281 2434 si
3328 2393 3583 2449 perseve-

1999 2485 2143 2538 rent,
2188 2490 2283 2529 eos
2325 2489 2356 2529 a
2404 2475 2796 2529 communione
2852 2481 3134 2542 separatos
3180 2485 3302 2526 esse
3344 2478 3578 2538 oportet.

2003 2567 2100 2622 Sin
2139 2573 2320 2620 autem
2352 2566 2516 2620 etiam
2559 2581 2728 2620 ausus
2753 2565 2774 2596 '
2805 2565 2971 2619 fuerit
3002 2563 3272 2634 quisliiam
3307 2576 3455 2623 eum,
3483 2559 3580 2629 qui

2001 2661 2066 2716 ad
2101 2660 2269 2714 alium
2300 2657 2536 2727 pertinet
2563 2660 2867 2728 subripere,
2890 2667 2946 2713 et
2972 2658 3228 2713 ordinare
3250 2655 3304 2710 in
3345 2654 3578 2709 ecclesia

1999 2770 2106 2809 non
2135 2754 2510 2808 consentiente
2543 2754 2763 2823 proprio
2795 2753 3051 2822 episcopo
3078 2789 3094 2814 ,
3143 2765 3174 2804 a
3202 2763 3313 2818 quo
3352 2752 3582 2804 recessit

1999 2852 2092 2921 qui
2128 2850 2180 2905 in
2223 2866 2432 2908 canone
2472 2859 2761 2916 censetur,
2805 2848 2958 2902 irrita
2991 2847 3058 2901 sit
3087 2845 3384 2903 ordinatio.

2336 2945 2564 3001 Coneilii
2597 2943 2910 2998 Amice/teni
2943 2958 3112 2995 canon
3148 2941 3241 2994 ‘21.

2069 3040 2160 3095 2|.
2211 3041 2514 3111 Episcopus
2571 3037 2640 3091 ab
2699 3036 2803 3090 alia
2863 3035 3122 3104 parochia
3187 3033 3241 3087 iu
3292 3032 3452 3086 aliam
3509 3045 3582 3084 nc

2001 3142 2261 3196 transeat,
2305 3147 2404 3185 nec
2450 3146 2510 3185 se
2539 3144 2637 3184 sua
2668 3135 2862 3197 sponte
2898 3127 3174 3194 ingerens,
3205 3140 3303 3178 nec
3337 3141 3363 3176 a
3407 3138 3584 3192 popu-

2002 3226 2068 3279 lis
2095 3226 2143 3278 vi
2197 3225 2450 3286 adactus,
2507 3236 2604 3275 nec
2641 3221 2713 3272 ah-
2750 3217 3024 3288 episcopis
3067 3225 3332 3270 coactus:
3367 3225 3584 3267 maneat

2000 3326 2180 3372 autem
2217 3317 2268 3370 iu
2309 3331 2373 3370 ca
2418 3329 2583 3384 quam
2617 3329 2646 3367 a
2682 3311 2794 3366 Deo
2839 3313 3070 3367 sortitus
3119 3319 3202 3364 est
3234 3308 3490 3367 ecclesia.
3526 3313 3584 3359 et

1999 3411 2068 3464 ah
2116 3425 2179 3463 ea
2228 3425 2334 3462 non
2373 3405 2615 3470 recedat,
2664 3404 2968 3461 secundum
3000 3403 3278 3458 decretum
3329 3402 3483 3472 prius
3514 3400 3583 3454 de

1999 3516 2064 3556 ea
2094 3514 2151 3554 re
2182 3499 2408 3552 editum.

2157 3675 2382 3732 Concilii
2403 3671 2843 3728 Chalcedonensis
2881 3657 3108 3725 canones
3136 3670 3188 3732 5,
3227 3670 3315 3734 10,
3343 3669 3437 3726 ‘20.

2073 3768 2125 3823 5.
2159 3767 2233 3822 De
2262 3767 2556 3836 episcOpis,
2595 3763 2678 3818 vel
2706 3763 2943 3826 clericis,
2977 3763 3066 3832 qui
3099 3779 3129 3816 a
3164 3764 3382 3816 civitate
3413 3763 3465 3814 in
3501 3761 3579 3815 ci-

2001 3862 2219 3916 vitatem
2263 3866 2567 3920 transeunt,
2601 3855 2806 3926 placuit
2831 3869 2928 3909 eos
2957 3855 3049 3923 qui
3080 3853 3206 3907 editi
3235 3861 3363 3908 sunt
3387 3867 3417 3905 a
3449 3867 3581 3906 sau-

2001 3956 2103 4009 ctis
2127 3953 2385 4007 Patribus
2417 3966 2679 4014 canones,
2709 3950 2856 4005 vires
2897 3948 3167 4002 obtinere.

2075 4137 2160 4191 i0.
2197 4137 2318 4191 Non
2363 4136 2528 4189 licere
2591 4133 2792 4190 clerico
2819 4131 2872 4186 in
2907 4131 3140 4185 duarum
3180 4129 3461 4183 civitatum
3493 4143 3586 4183 ec-

2002 4230 2182 4286 clesiis
2213 4229 2402 4283 eodem
2453 4236 2699 4296 tempore
2741 4224 2796 4278 in
2843 4223 3150 4291 catalogum
3203 4220 3415 4283 referri,
3440 4228 3494 4274 et
3529 4220 3582 4272 in

2001 4338 2064 4376 ea
2099 4323 2153 4375 iu
2220 4335 2329 4391 qua
2363 4334 2394 4374 a
2447 4317 2720 4389 principio
2787 4317 3076 4371 ordinatus
3101 4324 3204 4378 est,
3240 4324 3293 4368 et
3337 4313 3389 4366 in
3415 4320 3500 4374 ea,
3528 4311 3582 4364 in

2005 4427 2170 4482 quam
2204 4420 2462 4479 tanquam
2493 4408 2560 4462 ad
2601 4406 2888 4476 majorem,
2919 4404 3182 4474 confugit,
3216 4413 3436 4473 propter
3468 4401 3588 4454 ina-

2007 4504 2092 4559 nis
2129 4489 2313 4573 g'loria:
2347 4501 2698 4571 cupiditatem
2726 4517 2739 4552 :
2767 4515 2863 4554 eos
2891 4506 3072 4552 autem
3099 4497 3189 4566 qui
3218 4498 3320 4550 hoc
3347 4495 3581 4559 facium,

315 4597 490 4666 ἀρχῆς
520 4595 1027 4666 ἐχειροτονήθησαν,
1061 4595 1156 4647 καὶ
1185 4595 1302 4646 ἐκεῖ
1344 4593 1505 4661 μόνον
1535 4593 1895 4663 λειτουργεῖν.

2006 4597 2242 4667 pr0prize
2268 4595 2516 4651 ecclesiae
2545 4593 2781 4657 restitui,
2826 4593 2879 4646 in
2925 4607 3030 4661 qua
3061 4591 3129 4644 ab
3169 4590 3327 4644 initio
3349 4589 3584 4641 ordinati

316 4687 377 4738 Et
429 4687 532 4756 μέν
573 4703 656 4738 τοι
702 4685 801 4756 ἤδη
851 4703 935 4749 τις
981 4684 1244 4754 μετετέθη
1296 4683 1354 4750 ἐξ
1394 4685 1560 4756 ἄλλης
1608 4686 1688 4749 εἰς
1731 4685 1900 4756 ἄλλην

315 4774 634 4841 ἐκκλησίαν,
691 4773 858 4844 μηδὲν
920 4775 1033 4836 τοῖς
1081 4777 1182 4844 τῆς
1233 4774 1504 4846 προτέρας
1567 4775 1898 4844 ἐκκλησίας,

316 4863 434 4934 ῆτοι
490 4864 598 4916 τῶν
654 4865 744 4917 ὑπ’
808 4864 977 4936 αὐτὴν
1028 4866 1372 4936 μαρτυρείων
1425 4867 1458 4938 ἢ
1525 4868 1806 4939 πτωχείων
1867 4868 1898 4939 ἧ

321 4955 660 5026 ξενοδοχείων
685 4959 1056 5010 ἐπικοινωνεῖν
1086 4959 1375 5027 πράγμασι
1395 4976 1410 4988 ο
1442 4960 1569 5023 τοὺς
1594 4960 1650 5013 δέ
1685 4978 1750 5030 γε
1780 4961 1903 5014 τολο

324 5049 572 5116 μιῖιντας,
624 5049 760 5118 μετὰ
801 5047 891 5100 τὸν
926 5048 1050 5118 ὅρον
1107 5049 1210 5119 τῆς
1268 5051 1514 5122 μεγάλης
1565 5053 1659 5105 καὶ
1715 5054 1898 5105 οἰκουο

323 5138 551 5209 μενικῆς
595 5139 794 5210 ταύτης
835 5140 1077 5206 συνόδου,
1112 5142 1374 5212 πράττειν
1411 5161 1463 5196 τι
1497 5145 1608 5198 τῶν
1660 5145 1754 5196 νῦν
1789 5147 1899 5199 ἁπ-

321 5231 723 5300 ηγορευμένων,
753 5233 951 5304 ὥρισεν
980 5235 1013 5303 ἡ
1044 5233 1174 5302 ἁγία
1218 5234 1434 5299 σύνοδος
1476 5237 1764 5293 ἐκπίπτειν
1803 5238 1899 5292 τοῦ

322 5321 524 5374 οἰκείου
558 5321 792 5392 βαθμοῦ.

392 5419 461 5465 κ’.
516 5415 828 5486 Κληρικοὺς
869 5417 948 5480 εἰς
998 5417 1296 5490 ἐκκλησίαν
1347 5420 1669 5487 τελοῦντας,
1708 5421 1893 5487 καθὼς

329 5503 429 5573 ῆδη
455 5504 756 5577 ὡρίσαμεν,
796 5508 870 5578 μὴ
900 5507 1100 5572 ἐξεῖναι
1153 5511 1230 5573 εἰς
1270 5510 1439 5583 ἄλλης
1465 5513 1676 5577 πόλεως
1704 5515 1895 5568 τάττε-

332 5592 451 5648 σθαι
477 5597 790 5669 ἐκκλησίαν,
818 5599 955 5653 ὰλλὰ
982 5602 1228 5673 στέργειν
1259 5603 1473 5675 ἐκείνην
1500 5607 1557 5661 ἐν
1655 5606 1898 5678 λειτουρ-

437 5789 798 5874 prost._l£i;
838 5797 1056 5874 sardic:
1096 5800 1160 5874 l;
1200 5799 1392 5858 Leonis
1422 5803 1510 5860 38,

338 5861 500 5921 Afr-ie.
525 5861 628 5936 ειη
674 5861 861 5926 lunoc.
892 5870 986 5938 l-l;
1019 5861 1204 5928 Gel-as.
1247 5874 1331 5928 25.

1621 5803 1640 5835 ⁶
1661 5805 1851 5878 Apost.
1887 5808 1951 5863 15
1980 5819 2033 5866 οι
2064 5810 2167 5877 55;
2208 5811 2466 5869 Antioch.
2493 5811 2561 5880 5;
2593 5811 2784 5868 Chalc.
2885 5821 2937 5870 et
2959 5812 3050 5868 20.

2001 4699 2153 4754 sunt,
2188 4698 2247 4742 ut
2293 4689 2402 4742 illic
2428 4688 2607 4742 solum
2665 4686 3020 4741 ministrent:
3058 4684 3151 4738 sed
3182 4683 3227 4738 si
3283 4681 3398 4751 jam
3430 4682 3586 4750 quis-

1999 4783 2142 4853 piam
2167 4798 2234 4836 ex
2260 4782 2364 4836 alia
2385 4781 2436 4835 in
2467 4782 2628 4835 aliam
2653 4779 2942 4834 ecclesiam
2973 4777 3268 4832 translatus
3310 4783 3414 4839 cst,
3453 4773 3586 4826 nihil

1998 4873 2198 4945 prioris
2223 4874 2467 4928 ecclesia:
2497 4874 2579 4928 vel
2601 4887 2792 4927 eorum
2825 4886 2945 4941 quae
2971 4869 3072 4924 sub
3099 4883 3161 4922 ea
3189 4876 3317 4922 sunt
3376 4876 3586 4937 marty-

2001 4969 2232 5030 riorum,
2262 4965 2346 5020 vel
2384 4965 2950 5035 plochotrophim-um,
2983 4963 3062 5016 vel
3086 4961 3298 5015 xenodo
3335 4961 3586 5014 chiorum

2007 5060 2170 5114 rebus
2224 5058 2650 5113 communicare.
2707 5058 2812 5113 Eos
2848 5035 3025 5111 autem
3070 5053 3162 5124 qui
3215 5053 3332 5108 ausi
3388 5053 3591 5106 fuerint

2007 5161 2131 5222 post
2155 5168 2366 5223 magna:
2382 5153 2542 5223 hujus
2557 5160 2611 5206 et
2631 5150 2955 5205 universalis
2980 5149 3174 5219 synodi
3194 5147 3586 5210 deﬁnitionem,

2008 5247 2214 5316 aliquid
2271 5263 2462 5302 eorum
2511 5245 2624 5316 89
2655 5260 2776 5314 qua:
2823 5252 2955 5298 sunt
3011 5242 3284 5312 prohibita
3311 5281 3325 5305 ,
3365 5239 3544 5293 facere
3570 5278 3586 5301 ,

2007 5341 2194 5396 statuit
2217 5348 2403 5394 sancta
2440 5339 2680 5409 synodus
2705 5353 2800 5392 eos
2843 5336 3064 5406 proprio
3111 5334 3278 5404 gradu
3313 5332 3583 5386 excidere.

2079 5430 2169 5484 20.
2204 5430 2442 5485 Clericos
2491 5430 2544 5483 iu
2595 5429 2843 5484 ccclesiis
2907 5426 3214 5479 ministerio
3268 5424 3584 5492 fungentes,

2005 5524 2465 5593 quemadmodum
2501 5523 2613 5591 jam
2645 5521 2958 5584 statuimus,
3005 5535 3112 5572 non
3158 5518 3320 5572 licere
3354 5516 3408 5570 in
3447 5516 3588 5569 alius

2006 5613 2241 5667 civitatis
2269 5613 2498 5668 ecclesia
2530 5613 2771 5668 ordinari
2809 5629 2821 5666 :
2851 5611 2944 5667 sed
2988 5611 3078 5664 illa
3112 5623 3233 5664 esse
3271 5615 3582 5673 contentos,

3184 5811 3206 5844 ⁷
3228 5809 3418 5881 Apost.
3484 5807 3582 5874 16;
