4122 6438
599 405 703 470 543

1756 415 2018 476 ΡΠΟΤΙΙ
2066 417 2568 480 I‘ATRIARCHJE
2604 423 2711 482 (ΖΡ.

3770 433 3865 497 541

603 519 657 572 in
690 529 793 584 qua
829 516 900 571 ab
928 516 1088 572 initio
1117 525 1179 572 ut
1202 517 1604 585 ministrarent,
1641 519 1787 591 digni
1819 523 1986 579 babiti
2019 538 2175 581 sunt:

2293 534 2412 599 γεῖν
2447 532 2508 596 ἐξ
2541 533 2714 603 ἀρχῆς
2756 531 3088 604 ἠξιώθησανο
3137 534 3291 600 ἐκτὸς
3332 536 3588 605 ἐκείνων,
3633 540 3687 593 οἵ
3732 560 3864 606 τινες

600 619 800 677 praeter
824 609 946 663 illos
985 609 1077 679 qui
1118 611 1320 664 amissa
1354 626 1452 664 sua
1487 612 1680 680 patria,
1717 613 1769 665 in
1811 614 1972 667 aliain
2007 619 2182 672 eccle-

601 700 739 751 siam
789 699 1102 753 necessario
1169 699 1524 753 transierunt.
1574 697 1630 752 Si
1680 701 1772 770 qui
1831 713 2012 756 autem
2068 706 2184 773 epi-

602 791 752 857 scopi
799 801 922 860 post
953 792 1054 846 hoc
1088 791 1389 854 decretum,
1438 791 1698 845 clericum
1754 794 1846 863 qui
1903 796 1968 849 ad
2014 797 2182 852 alium

602 884 917 950 episcopum
980 881 1230 950 pertinet,
1267 881 1630 950 susceperim,
1688 882 2040 951 plaeuitcsse
2084 903 2183 942 ex-

602 973 1062 1035 eommunicatos,
1095 987 1329 1039 eumque
1371 973 1462 1040 qui
1499 984 1786 1042 susceptus
1818 987 1921 1039 est,
1952 988 2005 1030 et
2031 993 2179 1046 eum,

601 1063 690 1130 qui
721 1060 959 1131 suscepit
989 1104 1004 1127 ,
1036 1064 1209 1117 donec
1238 1063 1473 1118 clericus
1499 1065 1592 1133 qui
1627 1065 1899 1134 migravit,
1935 1067 1990 1121 in
2026 1083 2181 1124 suain

599 1153 885 1225 et'clesiant
912 1155 1114 1209 redeat.

808 1265 1032 1321 Concilii
1061 1266 1393 1321 Sardicensis
1420 1283 1643 1321 canones
1677 1271 1726 1331 1,
1754 1267 1810 1334 2,
1846 1267 1934 1324 15.

601 1332 802 1388 Sancta
873 1337 1106 1404 synodus
1166 1337 1407 1391 Sardicw
1468 1332 1804 1408 congregatur
1843 1354 1908 1391 ex
1961 1339 2182 1394 diversis

845 1408 1154 1474 prorinctis,
1193 1409 1430 1476 deﬁnivit
1463 1425 1579 1477 qua:
1608 1419 1924 1478 sequuntur.

670 1493 904 1550 LOsius
938 1498 1090 1551 urbis
1111 1498 1380 1552 Cordubae
1405 1500 1982 1569 (25)episcopusdixit
2014 1519 2028 1556 :
2063 1499 2181 1556 Non

597 1597 704 1639 tam
744 1588 886 1642 mala
919 1591 1277 1653 consuetudo,
1316 1606 1478 1658 quam
1511 1592 1974 1660 perniciosissima
1996 1607 2180 1646 rerum

596 1679 931 1745 corruptela,
958 1689 1042 1732 est
1081 1695 1143 1733 cx
1176 1681 1308 1750 ipsis
1341 1681 1711 1736 fundamentis
1744 1686 1958 1751 penitus
1979 1686 2180 1738 exstir-

595 1769 772 1836 panda
817 1786 830 1821 :
871 1785 936 1822 ne
965 1770 1052 1823 cui
1081 1771 1340 1840 episcopo
1372 1772 1535 1826 liceat
1563 1788 1592 1826 a
1635 1789 1803 1841 parva
1844 1775 2066 1828 civitate
2121 1774 2177 1828 in

595 1856 758 1908 aliam
808 1858 1066 1927 migrare.
1120 1859 1254 1928 Ejus
1305 1861 1453 1913 enim
1506 1876 1688 1915 causae
1737 1873 2034 1930 prretextus
2092 1874 2176 1918 est
2207 1881 2252 1938 Β

597 1931 945 2012 manifestus,
975 1958 1197 2018 propter
1234 1965 1396 2018 quem
1449 1951 1580 2004 talia
1625 1959 1931 2004 tentantur.
1987 1950 2179 2008 Nullus

593 2038 741 2090 enim
772 2039 1064 2108 episcopus
1087 2041 1265 2095 adhuc
1294 2041 1526 2095 inveniri
1559 2042 1758 2112 potuit,
1784 2043 1875 2112 qui
1921 2059 1950 2097 a
1984 2045 2176 2113 majori

596 2129 816 2185 civitate
847 2132 899 2186 in
933 2134 1199 2188 minorem
1237 2135 1469 2188 transire
1515 2135 1809 2190 studuerit.
1846 2133 2002 2190 Unde
2044 2153 2180 2189 cou-

595 2231 705 2276 stat
751 2238 849 2278 eos
877 2225 1088 2279 ardenti
1117 2225 1266 2294 plura
1295 2227 1528 2281 habendi
1566 2229 1864 2298 cupiditate
1897 2229 2175 2293 succendi,

594 2319 651 2366 et.
682 2317 854 2382 magis
885 2317 1212 2385 arrogantia:
1242 2317 1472 2383 servire,
1507 2328 1568 2371 ut
1603 2318 1888 2373 videantur
1913 2321 2177 2390 majorem

597 2403 801 2458 habere
836 2413 1186 2473 potestatem.
1215 2405 1472 2460 Placetne
1500 2407 1601 2461 hoc
1627 2407 1910 2474 omnibus,
1947 2418 2006 2462 ut
2029 2408 2178 2477 ejus-

596 2496 744 2549 n;odi
801 2497 1120 2566 improbitas
1183 2499 1435 2553 acerbius
1492 2500 1850 2554 vindicetur?
1913 2499 2178 2554 Existimo

591 2585 740 2638 enim
778 2601 874 2640 eos
905 2602 974 2642 ne
1009 2589 1274 2642 laicorum
1309 2589 1528 2658 quidem
1560 2589 1756 2645 debere
1787 2591 1986 2646 habere
2029 2606 2178 2646 com-

592 2680 938 2734 munionem.

659 2903 866 2961 Omnes
897 2906 1137 2978 episcopi
1171 2909 1430 2964 dixerunt.
1461 2929 1474 2965 :
1507 2909 1692 2966 Placet
1717 2912 1993 2969 omnibus.

658 3084 716 3137 2.
746 3084 911 3140 Osius
939 3086 1230 3156 episcopus
1258 3087 1428 3141 dixit:
1466 3087 1523 3142 Si
1544 3091 1669 3158 quis
1695 3099 1876 3144 autem
1905 3089 2038 3144 adeo
2064 3090 2174 3161 90

589 3177 836 3244 insanus,
875 3181 956 3232 vel
985 3181 1164 3234 audax
1196 3181 1533 3242 inveniatur,
1579 3192 1640 3235 ut
1690 3183 1758 3236 de
1804 3183 1871 3237 iis
1921 3184 2170 3238 videatur

589 3269 828 3337 aliquam
857 3269 1054 3325 afferre
1085 3272 1500 3327 excusationem
1523 3315 1538 3338 ,
1571 3288 1824 3329 asserens
1869 3275 1968 3329 sibi
2002 3296 2032 3329 a
2067 3291 2168 3346 po-

589 3361 719 3430 pulo
749 3361 944 3416 allatas
973 3377 1095 3416 esse
1128 3362 1370 3428 litteras;
1401 3364 1609 3418 clarum
1641 3376 1723 3418 est
1745 3364 1988 3433 potuisse
2029 3382 2170 3435 pau-

588 3469 683 3508 eos
719 3454 936 3523 aliquos
977 3455 1229 3509 mercede
1278 3464 1332 3509 et
1386 3457 1563 3525 pretio
1621 3467 1910 3526 corruptos
1958 3459 2014 3511 in
2070 3457 2172 3514 Ec-

587 3545 750 3598 clesia
787 3546 1109 3600 seditionem
1145 3561 1384 3618 movere,
1420 3557 1478 3601 ut
1527 3549 1779 3602 eumdem
1833 3550 2025 3618 utique
2070 3565 2170 3618 po-

589 3635 793 3688 tstulent
823 3636 1024 3690 habere
1056 3613 1394 3706 episdopum.
1423 3637 1659 3694 Omnino
1677 3655 1807 3708 ergo
1832 3640 1931 3694 bas
1951 3639 2170 3696 fraudes

587 3736 642 3781 et
672 3738 816 3780 artes
849 3729 1156 3797 puniendus
1185 3744 1308 3784 esse
1335 3731 1626 3797 existimo;
1660 3741 1718 3786 ut
1766 3748 1926 3786 nemo
1975 3734 2170 3802 possit,

587 3819 680 3888 qui
729 3828 815 3873 est
862 3820 1154 3889 ejusmodi,
1202 3837 1268 3876 ne
1323 3823 1377 3876 in
1432 3822 1536 3875 fine
1567 3822 1784 3891 quidem
1828 3823 1964 3877 laiea
2017 3839 2171 3879 com-

588 3910 851 3963 munione
875 3911 1074 3980 dignus
1103 3911 1317 3966 haberi.
1353 3913 1436 3968 An
1470 3927 1601 3984 ergo
1633 3915 1750 3971 haec
1793 3915 2001 3985 placeat
2044 3931 2169 3972 sen-

587 3999 783 4066 tentia,
823 4002 1168 4069 respondete.

655 4176 1074 4248 ltesponderunt
1105 4197 1118 4234 :
1147 4178 1375 4236 Placent
1412 4195 1535 4250 qua:
1565 4181 1710 4236 dicta
1741 4189 1890 4236 sunt.

658 4271 746 4326 15.
787 4271 952 4327 Osius
998 4273 1291 4342 episcopus
1341 4273 1481 4328 dixit
1515 4291 1528 4328 :
1559 4272 1671 4328 lloc
1697 4289 1920 4345 quoque
1974 4289 2167 4332 omnes

581 4367 942 4434 deliniamus,
986 4375 1045 4420 ut
1086 4367 1133 4422 si
1159 4367 1285 4436 quis
1330 4369 1622 4438 episcopus
1662 4385 1729 4423 ex
1764 4369 1870 4423 alia
1905 4368 2165 4438 parocliia

581 4458 712 4512 Velit
770 4460 1007 4514 alienum
1061 4461 1374 4516 tninistrum
1436 4461 1556 4516 sine
1623 4476 1904 4517 consensu
1958 4461 2165 4531 proprii

579 4551 820 4619 episcOpi
861 4552 914 4606 iu
956 4551 1141 4621 aliquo
1176 4553 1346 4623 gradu
1384 4553 1740 4616 constituere,
1793 4553 1947 4608 irrita
1973 4561 2030 4608 et
2075 4554 2162 4608 in-

583 4641 739 4695 firma
775 4644 1047 4712 ejusmodi
1073 4646 1395 4699 constitutio
1435 4646 1800 4700 exiStimetur.
1839 4645 1894 4698 Si
1926 4646 2019 4712 qui
2059 4661 2162 4700 au-

582 4741 690 4784 tem
755 4732 858 4786 hoc
906 4735 1010 4788 sibi
1069 4735 1204 4803 ipsis
1265 4734 1648 4803 permiserint,
1701 4751 1730 4788 a
1789 4734 2048 4790 fratribus
2107 4744 2162 4790 et

581 4822 914 4893 coepiscttpis
942 4833 996 4879 et
1029 4826 1314 4879 admoueri
1346 4834 1400 4879 et
1437 4827 1633 4895 corrigi
1674 4826 1894 4880 debent.

653 5023 856 5080 ()mnes
911 5026 1166 5080 dixerunt
1208 5045 1223 5082 :
1260 5026 1373 5083 Hoc
1433 5045 1653 5099 quoque
1715 5031 1998 5084 decretum
2053 5040 2158 5086 stet

581 5115 796 5168 liriuum
831 5123 887 5169 et
920 5116 1216 5171 immobile.

770 5206 996 5261 Concilii
1027 5208 1464 5280 Carllzaginensis
1493 5231 1715 5269 canones
1747 5218 1834 5284 54,
1867 5220 1958 5274 90.

656 5294 725 5350 Ut
804 5299 1008 5354 alienus
1090 5299 1311 5424 εἰει-ἔσωζε
1379 5305 1605 5442 (inanima
1684 5309 2015 5378 suscipiatur
2086 5312 2151 5365 ab

1238 5388 1346 5425 ato
1401 5375 1514 5442 ι’).

1238 5375 1346 5425 alio
1379 5375 1514 5443 (9.6).

2285 623 2651 687 ἀπολέσαντες
2693 626 2792 688 τὰς
2848 627 2985 688 ἰδίας
3021 627 3306 698 πατρίδας,
3357 631 3474 683 ἀπὸ
3520 631 3766 703 ἀνάγκης
3794 639 3865 700 εἰς

2284 712 2452 782 ἄλλην
2476 715 2770 786 ἐκκλησίαν
2805 717 3092 787 μετῆλθον.
3129 721 3188 771 Ei
3211 721 3269 773 δέ
3298 739 3380 783 τις
3406 723 3714 790 ἐπίσκοπος
3740 730 3866 796 μετά

2283 805 2374 858 τὸν
2407 807 2532 877 ὅρον
2553 807 2764 870 τοῦτον,
2798 808 2943 879 ἄλλῳ
2975 811 3260 881 ἐπισκὸπῳ
3290 815 3652 884 προσήκοντα
3677 816 3867 882 δέξοιτο

2283 897 2563 968 κληρικὸν,
2589 899 2766 965 ἔδοξεν
2796 901 3159 970 ἀκοινώνητον
3196 900 3333 958 εἶναι
3367 908 3467 960 καὶ
3497 908 3591 962 τὸν
3623 911 3867 980 δεχθέντα

2283 989 2378 1041 καὶ
2434 989 2524 1042 τὸν
2571 990 2900 1061 δεξάμενον·
2953 993 3062 1058 ἕως
3106 994 3171 1048 ἂν
3207 998 3235 1049 ὀ
3289 999 3574 1066 μεταστὰς
3616 1003 3866 1074 κληρικὺς

2282 1080 2362 1144 είς
2383 1081 2482 1151 τὴν
2515 1081 2654 1136 ίδίαν
2683 1083 2954 1155 ἐπανέλθῃ
2978 1087 3294 1159 ἐκκλησίαν.

2527 1323 2798 1405 Evr-669v
2827 1327 3347 1405 Eapé‘qgﬁgxmfc‘or
3371 1334 3447 1398 α’,
3478 1335 3548 1405 β’,
3579 1335 3662 1392 ιε’.

2295 1387 2535 1473 'H‘drt'a.
2553 1395 2814 1473 σύνοδος
2835 1399 2872 1464 ἠ
2996 1387 3258 1473 {decimi}
3293 1387 3780 1473 avrz'cﬁo'trjbst'o'a
3798 1410 3860 1466 ἐκ

2353 1460 2654 1529 διαφόρων
2678 1460 2981 1536 ἐπαρχιῶν
3015 1460 3194 1538 ῶρισε
3217 1460 3290 1526 ἒὰ
3317 1460 3791 1547 ὑάοξεταξξιιέια.

2353 1557 2420 1604 α’.
2458 1553 2639 1617 "Octo;
2670 1556 2967 1622 ἐπίσκοπος
2999 1561 3205 1626 πόλεως
3235 1564 3558 1636 Κορδούϐης
3587 1562 3756 1622 εἶπεν·
3793 1570 3862 1623 Οὐ

2281 1642 2601 1714 τοσοῦτονή
2652 1646 2832 1718 φαύλη
2882 1651 3166 1721 συνήθεια,
3219 1655 3343 1708 ὅσον
3392 1657 3427 1726 ἡ
3479 1658 3859 1733 βλαϐερωτάτη

2281 1735 2389 1788 τῶν
2420 1738 2760 1806 πραγμάτων
2789 1741 3090 1814 διαφθορὰ,
3143 1745 3200 1811 ἐξ
3230 1747 3409 1801 αύτῶν
3447 1750 3560 1803 τῶν
3608 1751 3862 1822 θεμελίων

2283 1827 2428 1880 ἐστὶν
2458 1830 2778 1900 ἐκριζωτέα·
2815 1833 2902 1887 ἵνα
2933 1836 3124 1905 μηδενὶ
3153 1839 3260 1892 τῶν
3283 1843 3608 1899 ἐπισκόπων
3638 1844 3732 1917 ἐξῇ
3760 1847 3860 1900 ἀπὸ

2283 1918 2487 1981 πόλεως
2537 1923 2740 1991 μικρᾶς
2789 1925 2869 1986 είς
2918 1926 3112 1997 ἐτέραν
3160 1930 3314 1983 πόλιν
3352 1933 3744 2002 μεθίστασθαι.
3799 1937 3858 1990 Ἦ

2281 2010 2388 2079 γὰρ
2423 2012 2517 2080 τῆς
2565 2011 2742 2076 αίτίας
2775 2015 2977 2086 ταύτης
3026 2019 3300 2089 πρόφασις
3342 2024 3560 2094 φανερὰ
3589 2025 3657 2078 δι’
3687 2026 3754 2096 ἣν
3796 2027 3858 2080 τὰ

2278 2100 2501 2153 τοιαῦτα
2532 2103 2915 2173 ἐπιχειρεῖται,
2951 2108 3137 2173 Οὐδεὶς
3169 2112 3278 2182 γὰρ
3321 2114 3551 2168 πώποτε
3583 2117 3858 2188 εὑρεθῆναι

2279 2190 2577 2256 ἐπίσκοπος
2617 2195 2938 2266 δεδύνηται,
2970 2198 3027 2262 ὃς
3073 2201 3180 2252 ἀπὸ
3230 2203 3483 2272 μείζονος
3529 2207 3740 2271 πόλεως
3783 2209 3857 2271 εἰς

2279 2284 2696 2355 ἐλαχιστοτέραν
2746 2288 2900 2342 πόλιν
2946 2289 3246 2346 ἐσπούδασε
3313 2297 3693 2367 μεταστῆναι·
3745 2300 3857 2354 ὅθεν

2281 2379 2577 2446 συνέστηκε
2610 2377 2857 2450 διαπύρῳ
2891 2381 3207 2449 πλεονεξίας
3237 2387 3424 2454 τρόπῳ
3465 2389 3854 2444 ὑπεκκαίεσθαι

2277 2466 2403 2530 τοὺς
2434 2468 2708 2533 τοιούτους
2727 2511 2739 2533 ,
2773 2473 2868 2524 καὶ
2901 2474 3102 2542 μᾶλλον
3131 2478 3199 2547 τῇ
3234 2478 3536 2549 ἀλαζονείᾳ
3567 2480 3849 2545 δουλεύειν,

2277 2560 2424 2624 ὅπως
2454 2560 2701 2624 ἐξουσίαν
2747 2564 2954 2618 δοκοῖεν
3000 2568 3225 2636 μείζονα
3256 2571 3586 2639 κεκτῆσθαι.
3638 2575 3700 2626 Ei
3733 2575 3852 2627 πᾶσι

2274 2652 2454 2706 τοίνυν
2486 2654 2642 2708 τοῦτο
2674 2656 2923 2726 ἀρέσκει,
2958 2657 3096 2713 ὥστε
3143 2662 3242 2732 τὴν
3272 2664 3534 2736 τοιαύτην
3567 2667 3852 2737 σκαιότητα

2275 2745 2672 2816 αὐστηρότερον
2700 2749 3089 2820 ἐκδικηθῆναι,
3135 2753 3375 2824 ἡγοῦμαι
3424 2759 3538 2828 γὰρ
3573 2757 3710 2827 μηδὲ
3741 2757 3851 2810 λαῖ-

2274 2834 2388 2889 κῶν
2415 2835 2558 2905 ἔχειν
2585 2838 2710 2901 τοὺς
2735 2840 3008 2904 τοιούτους
3038 2845 3234 2912 χρῆναι
3262 2845 3576 2898 κοινωνίαν.

2345 2928 2620 2993 ’Ἀπαντες
2665 2930 2714 2983 oi
2783 2933 3072 2988 ἐπίσκοποι
3131 2931 3322 2990 εἷπονο
3393 2937 3570 2993 Τοῦτο
3638 2939 3848 3012 ἀρέσκει

2272 3022 2460 3076 πᾶσιν.

2345 3131 2411 3203 β’.
2453 3134 2640 3198 Ὅσιος
2686 3136 2984 3202 ἐπίσκοπος
3033 3134 3206 3193 εἶπενο
3257 3141 3322 3194 Εί
3369 3141 3428 3196 δέ
3478 3161 3567 3207 τις
3622 3143 3849 3206 τοιοῦτος

2196 3233 2239 3295 α
2271 3223 2582 3296 εὑρίσκοιτο
2610 3227 2884 3298 μανιώδης
2907 3228 2940 3300 ἢ
2967 3229 3259 3301 τολμηρὸς,
3282 3233 3357 3297 ὡς
3379 3238 3514 3308 περὶ
3543 3235 3654 3289 τῶν
3688 3234 3850 3288 τοιού-

2273 3332 2382 3368 των
2416 3315 2566 3380 δόξαι
2593 3317 2714 3369 τινὰ
2761 3319 2948 3388 φέρειν
2983 3321 3336 3393 παραίτησιν,
3379 3324 3850 3397 διαϐεϐαιούμενον

2271 3408 2380 3460 ἀπὸ
2406 3408 2500 3462 τοῦ
2533 3409 2768 3478 πλήθους
2798 3412 2991 3464 ἑαυτὸν
3022 3416 3350 3484 κεκομίσθαι
3383 3420 3693 3489 γράμματα
3716 3458 3731 3482 9
3763 3417 3850 3485 δῆ·

2271 3499 2363 3553 λόν
2391 3501 2538 3554 ἐστιν
2562 3501 2778 3570 ὀλίγους
2804 3504 2956 3568 τινας
2986 3504 3325 3576 δεδυνῆσθαι,
3366 3511 3549 3582 μισθῷ
3581 3511 3674 3564 καὶ
3697 3510 3848 3579 τιμή-

2275 3608 2407 3660 ματι
2438 3591 2870 3662 διαφθαρέντας,
2901 3597 2958 3648 ἐν
2986 3599 3052 3667 τῇ
3095 3599 3360 3671 ἐκκλησίᾳ
3397 3602 3736 3666 στασιάζειν,
3778 3599 3847 3662 ὡς

2270 3683 2436 3752 δῆθεν
2481 3685 2574 3738 τὸν
2619 3688 2780 3742 αὐτὸν
2818 3688 2961 3759 ἐχειν
2995 3691 3294 3746 ἐπίσκοπον
3335 3694 3646 3758 ἀξιοῦντας.
3706 3693 3845 3746 Καο-

2271 3775 2420 3842 ἀπαξ
2458 3773 2551 3830 οὖν
2593 3780 2692 3843 τὰς
2737 3782 2996 3845 τοιαύτας
3048 3784 3399 3855 ῥᾳδιουργίας
3433 3789 3530 3842 καὶ
3568 3787 3755 3857 τέχνας
3788 3783 3842 3835 ού

2268 3869 2513 3932 δεκτέας,
2538 3871 2674 3924 ἀλλὰ
2709 3873 2910 3942 μᾶλλον
2939 3874 3238 3939 κολαστὲας
3274 3873 3414 3932 εἷναι
3443 3879 3671 3950 νομίζω,
3713 3877 3844 3929 ὥστε

2275 3960 2478 4031 μηδένα
2506 3963 2746 4017 τοιοῦτον
2771 3966 2903 4037 μηδὲ
2925 3967 2982 4018 ἐν
3007 3968 3086 4038 τῷ
3109 3968 3252 4023 τέλει
3283 3969 3482 4040 λαῖκῆς
3515 3970 3646 4040 γοῦν
3674 3967 3845 4033 ἀξιοῦο

2272 4054 2397 4108 σθαι
2434 4056 2737 4119 κοινωνίας.
2779 4058 2842 4110 Ei
2871 4058 3052 4113 τοίνυν
3095 4061 3322 4131 ἀρέσκει
3370 4061 3513 4133 αὕτη
3564 4059 3840 4134 ήγνὼμην

2271 4143 2661 4213 ἀποκρίνασθε.

2350 4236 2780 4307 Ἀπεκρίναντοξ⁹
2812 4237 2894 4291 Τά
2922 4238 3184 4310 λεχθέντα
3217 4241 3436 4312 ἤρεσεν.

2343 4334 2425 4384 ιε’.
2462 4327 2651 4390 Ὅσιος
2694 4328 2994 4394 ἐπίσκοπος
3042 4326 3184 4384 εἶπε·
3224 4334 3336 4387 Καὶ
3369 4335 3532 4390 τοῦτο
3565 4336 3620 4389 δέ
3651 4335 3838 4394 πάντες

2266 4418 2562 4490 ὁρίσωμεν,
2593 4420 2678 4473 ἵνα
2711 4420 2766 4473 εῐ
2788 4437 2873 4485 τις
2903 4423 3205 4488 ἐπίσκοπος
3243 4425 3301 4491 ἐξ
3333 4427 3527 4498 ἐτέρας
3557 4425 3839 4498 παροικίας

2270 4511 2505 4584 βουληθῇ
2551 4512 2832 4584 ἀλλότριον
2903 4514 3215 4586 ὑπηρέτην,
3269 4519 3440 4588 χωρὶς
3483 4523 3583 4592 τῆς
3647 4533 3837 4585 συγκα-

2186 4584 2240 4645 Ῑ)
2265 4607 2539 4671 ταθέσεως
2586 4608 2680 4661 τοῦ
2751 4608 2882 4662 ἰδίου
2941 4584 3301 4678 ἐπισκόπου
3341 4584 3421 4678 εἷς
3467 4584 3588 4669 τινα
3640 4611 3838 4685 βαθμὸν

2267 4700 2626 4768 καταστῆσαι,
2657 4698 2860 4769 ἂκυρος
2886 4700 2981 4753 καὶ
3029 4701 3284 4765 ἀϐέϐαιος
3333 4707 3365 4775 η
3430 4708 3754 4766 κατάστασις
3803 4703 3833 4770 ή

2265 4789 2487 4860 τοιαύτη
2536 4789 2842 4859 νομίζοιτο’
2879 4791 2932 4844 εἴ
2976 4809 3123 4856 τινες
3165 4794 3223 4847 δὲ
3263 4795 3424 4848 τοῦτο
3473 4795 3831 4870 ἐπιτρέψειαν,

2270 4881 2420 4950 παρά
2481 4881 2590 4934 τῶν
2635 4881 2881 4951 ἀδελφῶν
2927 4884 3022 4936 καὶ
3073 4889 3493 4942 συνεπισκόπων
3547 4889 3696 4961 ἡμῶν
3744 4886 3830 4939 καὶ

2269 4973 2783 5043 ὑπομιμνήσκεσθαι
2821 4977 2915 5030 καλ⁸
2943 4976 3285 5048 διορθοῦσθαι
3317 4981 3644 5049 ὀφείλουσιν.

2334 5065 2609 5129 ’Ἅπαντες
2656 5067 2950 5138 εἰρήκασιο
3015 5069 3126 5123 Καὶ
3190 5063 3348 5135 οὗτος
3412 5076 3440 5127 ὁ
3481 5076 3606 5145 ὅρος
3663 5070 3828 5139 στήτω

2260 5156 2578 5220 ἀσάλευτος.

2473 5252 2520 5302 Σ
2528 5247 2744 5302 υνόδου
2766 5253 3183 5321 Καρθαγέννης
3209 5252 3414 5308 κανὼν
3441 5254 3533 5321 νδ’,
3557 5253 3627 5322 LL'.

2260 5335 2401 5404 Περὶ
2443 5337 2548 5414 τοᾷ
2587 5337 2962 5414 ᾀλλοτρίους-
2994 5342 3322 5414 κληρικοὺς
3366 5343 3650 5414 μηδαμῶς
3697 5333 3822 5406 παρ’

2522 5407 2738 5477 ἐτέρων
2758 5409 3176 5480 ὑποδέχεσθαι
3204 5407 3575 5472 mmmam.

2081 5584 2316 5642 NOT/E.

650 5666 763 5744 (ἰεῦ)
791 5665 1057 5744 pauones
1096 5669 1248 5737 istos,
1295 5689 1411 5744 non
1459 5690 1618 5729 serus
1667 5686 1827 5744 atque
1872 5676 2158 5734 Africanos

579 5735 770 5816 Latine
785 5736 954 5816 fuisse
983 5741 1216 5816 primum
1238 5735 1414 5816 editos
1436 5746 1590 5798 docet
1613 5735 1899 5814 Dionysius
1921 5747 2159 5816 Exiguus

577 5805 632 5858 in
665 5803 995 5864 Pratfatione
1033 5809 1098 5864 ad
1160 5812 1492 5882 Stephanum
1541 5817 1708 5883 t'pib‘t‘.
1751 5803 2155 5873 Salonitaziuni.

2341 5684 2456 5753 (26)
2496 5683 2706 5760 concil.
2756 5685 3012 5760 Cartliag.
3070 5704 3154 5754 ιιι,
3206 5705 3326 5760 cap.
3373 5693 3462 5755 44,
3510 5705 3560 5749 et
3610 5693 3819 5748 Ferran-c

2268 5753 2367 5807 dus
2394 5771 2515 5824 cap.
2547 5756 2636 5820 :27,
2670 5771 2733 5811 ex
2764 5753 3250 5831 conciliCarlbag.
3276 5753 3366 5816 Itit.
3403 5753 3490 5820 53.
