4122 6470
315 309 413 376 5L5

302 514 438 576 όδοις
467 514 630 564 τοῦτο
673 509 911 580 ὁρισθὲν,
949 509 1044 562 καὶ
1079 510 1174 563 νῦν
1209 510 1290 563 ἔτι
1321 512 1429 581 μὴν
1460 513 1523 564 ἐκ
1556 513 1656 580 τῆς
1688 511 1886 582 ὑμετέ-

303 621 401 673 ρας
456 601 730 672 βεϐαιωοῇ
793 601 1097 665 συνέσεως,
1156 603 1573 672 μακαριώτατοι
1626 603 1884 672 ἀδελφοὶ,

302 695 442 748 ὥστε
476 693 682 764 μηδένα
711 692 1011 745 ἐπίσκοπον
1046 692 1422 748 ίδιοποιεῖσθαι
1448 695 1730 766 ἀλλότριον
1755 696 1889 766 κλη-

303 785 456 854 ρικδν
496 785 646 853 παρὰ
675 783 774 854 τὴν
804 782 986 853 κρίσιν
1017 783 1108 836 τοῦ
1157 786 1426 857 προτέρου
1458 785 1624 839 αὑτοῦ
1659 787 1887 840 ἐπισκό-

301 892 428 928 που.
476 875 760 946 Ἀναφέρω
804 875 860 927 δέ
920 874 1206 929 Ἰουλιανδν
1247 877 1562 946 ἀχαρίστως
1593 876 1888 946 ἀνεχθέντα

303 967 430 1036 περὶ
462 966 562 1030 τὰς
589 966 676 1019 διὰ
705 967 802 1036 τῆς
831 967 973 1036 ἐμῆς
1008 967 1347 1039 βραχύτητος
1375 969 1454 1032 είς
1491 969 1654 1023 αὐτὸν
1681 986 1888 1038 σωρευ-

304 1059 493 1121 θείσας
541 1057 804 1120 τοσαύτας
848 1059 943 1110 τοῦ
989 1058 1124 1112 Θεοῦ
1173 1060 1532 1128 εὐεργεσίας,
1578 1061 1674 1114 καὶ
1715 1059 1889 1124 οὕτως

304 1150 596 1219 προπετῶς
625 1152 716 1202 καὶ
747 1149 1037 1220 τολμηρῶς
1062 1151 1465 1220 διαγενόμενον,
1490 1152 1630 1206 ὥστε
1659 1153 1752 1206 τὸν
1780 1153 1889 1206 ἀπὸ

303 1243 504 1311 νηπίας
552 1241 767 1311 ἡλικίας
807 1243 898 1295 ὑπ’
924 1243 1060 1312 ἐμοῦ
1101 1243 1477 1313 βαπτισθέντα
1499 1286 1514 1311 ,
1545 1245 1637 1299 τὸν
1681 1245 1777 1299 καὶ¹
1801 1245 1890 1300 διὰ

307 1335 510 1401 πολλὴν
558 1335 764 1388 ἔνδειαν
797 1335 856 1398 ἐξ
899 1336 1064 1389 αὐτοῦ
1107 1338 1488 1407 παρατεθέντα
1520 1356 1634 1408 μοι,
1666 1339 1764 1392 καὶ
1793 1337 1890 1391 ἐπὶ

307 1424 476 1479 πολλὰ
507 1424 602 1494 ἔτη
644 1423 703 1488 ἐξ
729 1422 864 1492 ἐμοῦ
895 1426 1171 1495 τραφέντα
1197 1425 1291 1478 καὶ
1323 1427 1650 1496 αὐξηθέντα,
1686 1429 1778 1480 τὸν
1811 1425 1888 1490 ώς

305 1512 458 1570 εἷπον
492 1517 551 1568 ἐν
582 1519 647 1586 τῇ
680 1518 787 1585 ἐμῇ
816 1515 1083 1587 ἐκκλησία
1109 1519 1174 1588 τῇ
1203 1519 1346 1588 χειρὶ
1372 1518 1469 1587 τῆς
1497 1519 1636 1589 ἐμῆς
1668 1521 1884 1589 μετριό-

305 1625 463 1678 τητος
494 1607 862 1677 βαπτισθέντα
881 1647 897 1672 ,
932 1609 1026 1660 καὶ
1057 1610 1407 1679 δεικνύμενον
1436 1613 1494 1663 ἐν
1521 1613 1586 1681 τῇ
1617 1610 1724 1663 τῶν
1759 1611 1884 1664 Μαι

308 1699 546 1752 παλιτῶν
602 1701 867 1771 παροικίᾳ
908 1701 1268 1772 ἀναγνώστην
1315 1703 1629 1772 γενόμενον,
1666 1705 1763 1757 καὶ
1794 1703 1886 1756 ἐπὶ

304 1791 394 1844 δύο
421 1791 514 1861 ἔτη
546 1794 726 1845 ἐκεῖσε
769 1792 1235 1861 ἀναγινώσκοντα,
1266 1795 1455 1848 τοῦτον
1487 1795 1585 1849 οὐκ
1611 1792 1726 1848 οἴδα
1754 1795 1884 1868 ποίᾳ

306 1884 708 1953 καταφρονήσει
765 1885 866 1954 τῆς
927 1885 1071 1955 ἐμῆς
1121 1887 1510 1957 μετριότητος,
1557 1889 1883 1959 ἀφαρπάσαι

302 1973 392 2025 τὸν
415 1973 575 2026 αὑτὸν
635 1974 938 2039 Ἰουλιανὸν,
972 1976 1068 2028 καὶ
1095 1976 1278 2044 λέγειν
1309 1977 1534 2048 πολίτην
1571 1980 1664 2032 τοῦ
1693 1979 1881 2048 διαφέ-

307 2077 486 2129 ροντος
515 2061 665 2132 αὐτῷ
690 2062 1062 2131 Βαζαριτανοῦ
1087 2065 1275 2132 τόπου,
1302 2067 1398 2118 καὶ
1430 2066 1583 2136 παρὰ
1610 2065 1710 2136 τὴν
1741 2066 1881 2139 ἐμὴν

304 2151 526 2219 γνώμην
558 2153 732 2224 τούτῳ
757 2154 1224 2226 κατακεχρῆσθαιο
1257 2156 1352 2209 καὶ
1378 2155 1487 2228 γὰρ
1519 2156 1614 2208 καὶ
1635 2156 1883 2212 διάκονον

305 2240 486 2293 τοῦτον
517 2245 919 2314 ἐχειροτόνησε.
961 2247 1131 2299 Τοῦτο
1169 2247 1217 2298 εί
1245 2244 1460 2311 ἔξεστι,
1501 2247 1720 2317 γνωσθῇ
1754 2247 1882 2316 ὑμῖν

1085 301 1483 364 SYNTAGMA
1531 301 1922 365 CANONUM.
1959 328 2026 338 -
2065 301 2218 363 TlT.
2273 303 2322 376 Ι,
2365 305 2520 366 CAP.
2564 308 2774 370 XXVI.

371 419 466 474 νδ’.
523 416 826 484 Ἐπιγόνιος
853 416 1151 479 ἐπισκοπος
1183 411 1356 469 εἶπενο
1395 419 1482 469 Ἐν
1517 417 1739 479 πολλαῖς
1771 434 1893 469 συν-
1919 421 1967 480 Α

2068 419 2159 472 ﬁll.
2205 419 2501 489 Epigonius
2535 423 2827 493 episcopus
2860 425 3035 479 dixit:
3075 426 3132 479 lu
3163 425 3349 482 multis
3389 430 3578 484 conci-

1992 511 2079 565 liis
2110 514 2212 565 hoc
2249 523 2510 568 statutum
2544 525 2626 569 est
2648 515 2691 580 ³,
2729 521 2894 572 etiam
2929 534 3073 573 nunc
3107 519 3208 573 hoc
3249 519 3579 579 confirmau-

1990 603 2121 658 dum
2163 614 2247 660 est
2275 621 2303 658 a
2343 615 2520 662 vestra
2555 610 2864 678 prudentia,
2906 612 3202 666 beatissimi
3256 611 3472 676 fratres,
3521 625 3581 668 ut

1991 695 2253 750 clericum
2300 698 2539 751 alienum
2595 701 2782 755 nullus
2821 702 2928 756 sibi
2965 703 3243 772 prazripiat
3287 705 3580 774 eplS('0leS

1990 798 2188 858 praeter
2224 788 2344 859 ejus
2378 791 2686 858 arbitrium,
2723 793 2883 861 cujus
2939 792 3106 847 fuerit
3148 795 3401 850 clericus.
3452 796 3580 850 Dico

1990 889 2172 934 autem
2209 880 2483 937 Julianum
2517 883 2655 953 (27),
2687 886 2775 954 qui
2809 885 3057 954 ingratus
3091 896 3176 940 est
3228 886 3320 940 Dei
3369 887 3579 941 benefi-

1990 971 2092 1025 ciis
2121 987 2216 1041 per
2243 988 2419 1026 meam
2461 975 2780 1042 parvitatem
2823 973 2875 1028 in
2918 990 2978 1030 se
3011 977 3247 1040 collatis,
3298 979 3372 1032 ita
3407 987 3580 1032 teme-

1989 1061 2197 1115 rariutn
2251 1071 2304 1116 et
2356 1063 2616 1117 audacem
2669 1065 2968 1131 exstitisse,
3019 1068 3355 1137 ut91euin
3405 1071 3498 1140 qui
3545 1087 3575 1124 a

1992 1167 2079 1206 me
2127 1152 2434 1220 baptizatus
2481 1163 2585 1218 est,
2631 1171 2754 1209 cum
2793 1165 2942 1211 esset
2985 1173 3120 1226 puer
3167 1159 3575 1228 egentissimus,

1992 1241 2124 1295 mihi
2179 1243 2248 1296 ab
2317 1242 2507 1296 eodem
2565 1245 3021 1306 commendatus;
3090 1263 3336 1318 cumque
3390 1250 3577 1304 multis

1991 1332 2151 1386 annis
2198 1347 2230 1386 a
2271 1347 2358 1386 me
2398 1332 2638 1386 aleretur
2681 1343 2844 1404 alque
2895 1335 3257 1404 incresceret;
3305 1340 3470 1403 hunc,
3517 1349 3576 1394 ut

1989 1424 2103 1478 dixi
2126 1462 2141 1486 ,
2172 1424 2501 1492 baptizatum
2533 1440 2655 1479 esse
2685 1425 2739 1480 in
2784 1427 3014 1484 ecclesia
3055 1445 3174 1484 mea
3206 1446 3300 1499 per
3347 1447 3572 1486 manum

1990 1517 2278 1585 parvitatis
2302 1532 2435 1570 mea:
2458 1526 2696 1573 constat.
2725 1517 2870 1573 Idem
2897 1519 2949 1573 in
2971 1519 3192 1576 dioecesi
3219 1521 3572 1593 Mappalieusi

1990 1608 2161 1662 lector
2190 1624 2311 1664 esse
2343 1619 2604 1680 coeperat,
2639 1611 2750 1667 imo
2783 1612 2944 1667 annis
2973 1613 3141 1668 ferme
3175 1616 3389 1672 duobus
3427 1617 3572 1688 lege-

1990 1709 2094 1754 rat.
2127 1700 2317 1756 Nescio
2363 1718 2474 1772 quo
2514 1713 2829 1774 contemptu
2879 1705 3208 1761 humilitatis
3257 1723 3390 1762 meae
3431 1709 3569 1764 idem

1987 1788 2242 1844 Julianus
2273 1807 2396 1845 ettm
2438 1791 2697 1858 abripuit,
2737 1809 2900 1862 quem
2937 1793 3068 1848 dicit
3098 1798 3255 1863 quasi
3290 1800 3567 1860 [imprium

1992 1883 2167 1936 civem
2218 1883 2301 1936 sui
2355 1883 2461 1937 loci
2510 1881 2844 1946 Vazaritani,
2906 1898 2993 1936 me
3049 1880 3360 1933 ineonsulto
3409 1888 3568 1928 usur-

1988 1986 2121 2042 pare
2155 1991 2169 2028 :
2201 1989 2329 2028 nam
2362 1982 2418 2030 et
2460 1974 2755 2028 diaconum
2800 1973 2956 2028 illum
3009 1969 3301 2025 ordinavit.
3361 1966 3474 2020 lloc
3515 1963 3566 2017 si

1988 2067 2134 2129 licet,
2179 2075 2363 2137 pateat
2400 2068 2515 2122 haec
2555 2065 2772 2119 licentia
2819 2080 2848 2117 a
2883 2063 3063 2129 vobis,
3114 2059 3419 2114 beatissimi
3453 2056 3566 2110 fra-

1990 2165 2147 2219 tres;
2186 2157 2270 2208 sin
2307 2156 2509 2217 minus,
2560 2161 2668 2206 tam
2716 2152 3005 2220 impudens
3045 2151 3388 2214 cohibeatur,
3420 2163 3487 2202 ne
3513 2161 3571 2200 se

1990 2248 2217 2299 misceat
2247 2245 2621 2298 communioni
2653 2243 3006 2313 cujusquam.

307 2331 336 2398 ἡ
379 2332 603 2401 τοιαύτη
652 2335 837 2397 ἄδεια,
889 2336 1297 2406 μακαριώτατοι
1339 2336 1595 2406 ἀδελφοί·
1631 2337 1766 2389 εἰδὲ
1800 2337 1874 2407 μή
1913 2352 2010 2404 γε,
2068 2336 2130 2389 τὸ
2173 2337 2346 2400 οὔτως
2391 2336 2607 2400 ἀναιδὲς
2648 2334 2940 2405 κωλυθείη,
3005 2335 3092 2388 ἱνα
3135 2333 3211 2404 μὴ
3284 2334 3312 2386 ὁ
3359 2329 3572 2403 λεχθεὶς

318 2414 596 2487 Ἰουλιανὸς
635 2427 959 2496 ἐπικοινωνῇ
991 2427 1293 2496 ἀλλοτρίοις

372 2515 678 2585 Νουμήδιο;
700 2519 996 2579 ἐπίσκοπος
1027 2513 1199 2570 εἶπεν·
1236 2519 1384 2580 Ἐὰν,
1411 2520 1485 2590 μὴ
1513 2517 1882 2589 ἐρωτηθείσης

310 2606 439 2676 μηδέ
466 2606 781 2676 αἰτηθείσης
806 2608 905 2678 τῆς
926 2609 1024 2678 σῆς
1054 2609 1231 2675 ἀξίας,
1258 2609 1452 2679 φανείη
1475 2609 1631 2662 τοῦτο
1669 2609 1884 2679 πράξας

319 2697 603 2761 Ἰουλιανὸς
625 2739 641 2763 ,
691 2699 954 2770 κρίνομεν
989 2701 1192 2764 πάντες
1222 2700 1424 2764 ἀδίκως
1469 2701 1758 2771 γενόμενον
1791 2699 1886 2752 καὶ

312 2789 382 2862 μὴ
413 2789 602 2854 ἀξίως.
636 2791 726 2842 Διὸ
751 2793 800 2844 εί
830 2791 906 2862 μὴ
933 2793 960 2844 ὁ
1003 2792 1164 2857 αὐτὸς
1204 2793 1491 2856 Ἰουλιανὸς
1520 2791 1886 2862 διορθώσηται

308 2881 401 2951 τὴν
437 2882 647 2936 οἰκείαν
693 2882 923 2952 πλάνην,
958 2889 1050 2938 καὶ
1098 2885 1235 2955 μετὰ
1269 2884 1766 2955 ἀποθεραπεύσεως
1807 2886 1886 2957 τῷ

309 2973 558 3046 ὑμετέρῳ
584 2974 700 3045 λαῷ
734 2976 822 3027 τὸν
852 2976 1014 3030 αὐτὸν
1046 2980 1491 3048 ἀποκαταστήσει
1520 2978 1800 3049 κληρικὸν,
1829 2977 1887 3030 ὃν

309 3064 572 3136 ἐτόλμησε
623 3067 1033 3136 χειροτονῆσαι,
1092 3068 1233 3122 κατὰ
1293 3069 1400 3121 τῶν
1447 3070 1775 3139 ὁρισθέντων
1823 3072 1888 3140 τῇ

311 3155 509 3226 συνόδῳ
543 3157 824 3226 πράττων,
877 3159 970 3212 καὶ
1011 3160 1298 3230 χωρισθεὶς
1329 3163 1421 3229 ἀφ’
1455 3161 1636 3232 ήμῶν,
1681 3163 1780 3231 τῆς
1811 3164 1890 3215 ol-

312 3245 458 3310 κείας
487 3249 804 3318 μονοτονίας
838 3251 1118 3322 ἀπενέγκῃ
1148 3252 1245 3322 τὴν
1273 3253 1474 3323 κρίσιν.

2055 2511 2348 2566 Numidius
2387 2513 2677 2581 episcopus
2726 2510 2865 2564 dixit
2911 2527 2925 2563 :
2971 2510 3028 2565 Si
3093 2524 3199 2563 non
3260 2507 3572 2576 postulata,

1988 2623 2166 2676 neque
2201 2606 2451 2660 ronsulta
2505 2614 2595 2659 tua
2646 2604 2962 2674 dignatione
3013 2603 3064 2656 id
3113 2603 3328 2655 videtur
3371 2599 3573 2656 fecisse

1989 2697 2237 2752 Julianus
2267 2737 2282 2760 ,
2321 2698 2632 2766 judicamus
2681 2710 2873 2749 euntes
2931 2695 3117 2763 inique
3152 2692 3354 2746 factum
3408 2703 3575 2762 atquc

1991 2791 2228 2859 indigne.
2273 2789 2615 2858 Quapropter
2682 2787 2789 2842 nisi
2844 2787 2984 2840 idem
3021 2786 3274 2840 Julianus
3322 2799 3573 2838 correxe-

1995 2883 2066 2936 rit
2110 2899 2351 2937 errorem
2395 2897 2578 2945 suum,
2639 2890 2692 2933 et
2737 2895 2862 2933 cum
2905 2880 3280 2934 sdisfactione
3320 2877 3570 2931 eumdem

1996 2977 2279 3040 clericum,
2313 2991 2473 3045 quem
2505 2976 2683 3028 fuerat
2712 2989 2879 3028 ausus
2908 2973 3188 3037 ordinare,
3235 2971 3577 3026 revocaverit

1996 3078 2102 3123 tu:e
2147 3068 2312 3138 ple-bi,
2355 3076 2543 3122 contra
2585 3074 2784 3120 statuta
2845 3064 3064 3118 concilii
3097 3063 3327 3124 faciens,
3375 3071 3576 3116 contu-

1999 3159 2190 3214 mania:
2225 3175 2358 3222 sum,
2399 3167 2686 3228 separatus
2719 3171 2750 3210 a
2797 3156 2977 3221 nobis,
3011 3154 3250 3224 excipiet
3280 3153 3577 3223 judicium.

390 3339 696 3408 Ἐπιγόνιος
746 3340 1044 3404 ἐπίσκοπος
1076 3337 1230 3396 εἶπεν
1255 3357 1270 3373 °
1316 3345 1374 3396 Ὀ
1406 3344 1550 3397 κατὰ
1583 3344 1681 3415 τὴν
1712 3345 1888 3415 κήραν

2062 3335 2362 3407 Epigouius
2389 3335 2680 3404 episcopus
2705 3332 2844 3387 dixit
2873 3350 2884 3385 :
2915 3331 3100 3385 {Etate
3130 3329 3290 3384 Pater
3313 3369 3328 3390 ,
3379 3338 3434 3382 et
3464 3328 3579 3397 ipsa

314 3430 518 3503 Πατὴρ,
556 3433 648 3484 καὶ
680 3432 817 3503 αὐτῇ
846 3435 912 3504 τῇ
945 3438 1197 3506 προκοπῇ
1225 3436 1579 3506 ἀρχαιότατος
1609 3427 1892 3494 ἐπαινετὸς

311 3519 464 3591 ἀνὴρ,
490 3524 519 3574 ό
550 3520 780 3591 ἀδελφὸς
809 3524 902 3574 καὶ
926 3523 1344 3596 συλλειτουργὸς
1371 3527 1529 3599 ἡμῶν
1554 3526 1767 3598 Βίκτωρ
1797 3527 1894 3598 τὴν

313 3611 522 3682 αἴτησιν
550 3613 756 3682 ταύτην
803 3616 1026 3687 γενικὴν
1055 3616 1304 3688 βούλεται
1349 3619 1443 3672 ἐπὶ
1479 3621 1644 3672 πᾶσιν
1679 3619 1896 3672 ἐκτελε-

316 3702 526 3771 σθῆναι.

380 3793 446 3862 ιε.
488 3797 724 3868 Ὁμοίως
755 3800 952 3870 ἤρεσεν
977 3801 1064 3852 ἵνα
1113 3801 1464 3870 όστισδήποτε
1499 3800 1557 3852 ἐν
1607 3799 1892 3869 ἐκκλησίᾳ,

315 3887 410 3941 κᾶν
435 3890 587 3955 ἅπαξ
607 3891 837 3960 ἀνέγνω,
856 3893 946 3946 ὑπ’
967 3893 1132 3964 ἄλλης
1151 3893 1447 3962 ἐκκλησίας
1466 3893 1597 3963 πρὸς
1621 3893 1720 3961 κλή
1731 3908 1896 3962 ρωσιν

319 3983 388 4055 μὴ
421 3986 742 4055 κατέχηται.
775 3989 884 4041 Καὶ
907 3987 1257 4058 ὑπέγραψαν.
1294 3988 1565 4058 Αὐρήλιος
1599 3987 1897 4050 ἐπίσκοπος

316 4076 407 4144 τῆς
437 4078 494 4129 ἐν
524 4077 835 4147 Καρχηδόνι
876 4079 1175 4149 Ἐκκλησία
1220 4078 1296 4146 τῷ
1329 4078 1560 4147 παρόντι
1582 4077 1894 4146 ψηφίσματι

320 4167 604 4239 συνῄνεσα,
635 4171 730 4222 καὶ
773 4169 1178 4239 ἀναγνωσθέντι
1226 4170 1540 4242 ὑπέγραψα·
1571 4168 1771 4241 ὁμοίως
1800 4168 1898 4222 καὶ

318 4261 362 4311 οἱ
388 4261 568 4314 λοιποὶ
597 4261 885 4316 ἐπίσκοποι
912 4263 1258 4335 ὑπέγραψαν.

351 4354 622 4407 Eua-c5600
651 4355 1074 4424 οὶκοινμενικῆς
1101 4355 1282 4424 ἕκτης
1315 4355 1515 4410 κανὼν
1549 4355 1636 4422 ιζ’,
1679 4361 1768 4427 ιη’,
1802 4361 1872 4408 κ’.

388 4444 470 4508 ιζ’.
533 4446 866 4517 Ἐπειδήπερ
931 4447 1204 4519 διαφόρων
1259 4447 1565 4519 ἐκκλησιῶν
1621 4447 1894 4518 κληρικοὶ,

323 4527 412 4590 τὰς
446 4531 583 4594 ἰδίας
615 4532 673 4584 ἐν
719 4527 804 4596 αἷς
855 4535 1347 4607 ἐχειροτονήθησαν
1401 4535 1699 4606 ἐκκλησίας
1734 4554 1898 4590 καταο

324 4617 566 4684 λιπόντες
585 4663 598 4684 ,
628 4623 766 4693 πρὸς
791 4624 1012 4694 ἐτέρους
1040 4627 1378 4698 συνέδραμον
1422 4627 1774 4693 ἐπισκόπους,
1805 4629 1897 4681 καὶ

325 4710 544 4781 γνώμης
573 4711 695 4782 δίχα
727 4713 821 4767 τοῦ
863 4715 1062 4769 οἰκείου
1100 4717 1425 4782 ἐπισκόπου,
1473 4721 1532 4771 ἐν
1574 4721 1693 4782 ταῖς
1741 4719 1898 4772 ἁλλο-

327 4801 492 4870 τρίαις
522 4805 902 4876 κατετὰγησαν
933 4810 1271 4879 ἐκκλησίαις,
1300 4811 1365 4864 ἐκ
1391 4811 1580 4864 τούτου
1615 4829 1672 4863 τε
1700 4811 1897 4881 συνέϐη

330 4891 729 4961 ἁνυποτάκτους
777 4899 975 4963 αὐτοὺς
1033 4903 1395 4969 καταστῆναι,
1447 4901 1702 4972 ὁρίζομεν
1757 4901 1897 4954 ὥστε

331 4983 429 5037 ἀπὸ
458 4988 552 5041 τοῦ
580 4989 711 5055 νῦν,
742 4992 861 5062 ἦτοι
912 4993 1020 5046 ἀπὸ
1066 4993 1162 5046 τοῦ
1216 4995 1545 5064 Ἰανουαρίου
1594 4993 1761 5064 μηνὸς
1800 4993 1901 5062 τῆς

333 5078 706 5151 παρελθούσης
755 5083 1024 5153 τετάρτης
1071 5087 1494 5155 ἐπινεμήσεως,
1541 5085 1750 5156 μηδένα
1798 5085 1906 5138 τῶν

336 5165 584 5224 ἁπάντων
600 5172 897 5243 κληρικῶν,
919 5175 1022 5228 κᾶν
1040 5177 1096 5228 ἐν
1109 5177 1407 5248 οἱῳδήποτε
1427 5177 1667 5248 τυγχάνῃ
1694 5175 1792 5246 suo
1802 5174 1909 5246 μῷ,

336 5255 512 5314 ἄδειαν
533 5261 676 5334 ἔχειν
691 5265 846 5329 ἐκτὸς
863 5266 960 5336 τῆς
975 5267 1068 5320 τοῦ
1085 5269 1286 5320 οἰκείου
1309 5268 1609 5321 ἐπισκόπου
1635 5268 1912 5338 ἐγγράφου

1996 3427 2343 3498 promotionc
2379 3423 2820 3494 antiquissimus,
2857 3424 2939 3476 vir
2972 3421 3287 3484 laudabilis,
3331 3418 3498 3473 frater
3529 3429 3585 3473 et

1997 3519 2203 3589 collega
2241 3525 2430 3572 noster
2466 3515 2653 3571 Victor
2693 3517 2808 3570 vult
2841 3515 2982 3569 banc
3010 3513 3325 3585 petitionem
3353 3527 3584 3581 genera-

1998 3610 2104 3666 lem
2137 3609 2394 3666 omnibus
2423 3607 2583 3664 ellici.

2069 3786 2160 3840 90.
2202 3787 2334 3841 ltem
2387 3786 2595 3856 placuit
2642 3787 2664 3818 θ
2694 3825 2708 3850 ,
2766 3793 2827 3839 ιιι
2878 3783 3193 3854 quicunque
3241 3781 3295 3835 in
3350 3780 3584 3836 ecclesia

1999 3877 2084 3932 vel
2107 3877 2276 3932 semel
2302 3877 2517 3945 legerit,
2546 3876 2614 3930 ab
2645 3875 2750 3929 alia
2777 3874 3009 3928 ecclesia
3035 3873 3100 3925 ad
3130 3872 3448 3926 clericatum
3476 3887 3584 3923 nun

2003 3979 2275 4025 teneatur.
2301 3969 2384 4038 KEt
2414 3971 2862 4038 subscripserunt
2892 3985 2904 4020 :
2932 3965 3040 4035 92
3073 3965 3327 4018 Aurelius
3367 3963 3585 4033 episco-

2002 4079 2102 4131 pus
2136 4061 2396 4117 Ecclesize
2428 4061 2881 4127 Carthaginensis
2913 4059 3038 4112 huic
3061 4059 3280 4113 decreto
3301 4058 3583 4118 consensi.

2001 4165 2054 4210 et
2089 4156 2344 4224 praelecto
2378 4154 2702 4221 subscripsi.
2732 4152 2994 4227 Similiter
3029 4161 3084 4206 et
3123 4149 3304 4205 caeteri
3337 4150 3583 4220 episcopi

2003 4247 2453 4318 subscripserunt
2478 4246 2612 4316 (‘28).

2111 4344 2339 4400 Concilii
2369 4342 2672 4397 azcumenici
2701 4342 2839 4395 sexti
2873 4356 3097 4394 canones
3134 4340 3221 4406 l7,
3246 4338 3334 4404 l8,
3358 4337 3449 4393 20.

2075 4443 2164 4496 l7.
2208 4443 2480 4509 Quoniam
2521 4442 2862 4495 diversarmn
2917 4437 3276 4492 ecclesiarum
3316 4433 3358 4465 ¹⁰
3400 4434 3581 4488 clerici

2005 4537 2262 4607 propriis,
2297 4535 2348 4587 in
2376 4534 2573 4602 quibus
2605 4529 2839 4585 ordinati
2886 4536 3035 4591 sunt,
3067 4526 3274 4580 relictis
3313 4524 3582 4586 ecclesiis,

2006 4630 2070 4684 ad
2110 4628 2246 4682 alios
2299 4627 2587 4696 episcopos
2622 4640 2679 4678 se
2712 4622 3089 4683 contulerunt,
3123 4630 3178 4673 et
3222 4619 3340 4672 sine
3374 4618 3582 4687 proprii

2006 4717 2248 4789 episcopi
2312 4715 2581 4770 sententia
2635 4711 2688 4766 iu
2741 4709 2936 4762 alienis
2989 4706 3237 4761 ecclesiis
3300 4706 3582 4760 constituti

2009 4816 2160 4872 sunt,
2196 4812 2250 4859 et
2278 4819 2344 4856 ex
2377 4817 2443 4855 eo
2467 4801 2620 4869 ipsos
2655 4799 2804 4852 reddi
2851 4795 3150 4850 insolentes
3179 4809 3242 4848 ac
3271 4792 3591 4848 inobedieu-

2007 4911 2089 4956 tes
2116 4897 2299 4952 evenit
2339 4913 2353 4946 :
2383 4893 2697 4955 statuimus,
2741 4899 2802 4944 ut
2831 4904 2858 4941 a
2889 4902 3073 4942 mense
3101 4885 3363 4941 Januario
3394 4895 3592 4955 przrte-

2012 4993 2130 5047 rita:
2155 4997 2366 5060 quarta:
2398 4984 2742 5049 indictionis,
2770 4981 2956 5035 nullus
2989 4978 3216 5034 omnino
3244 4977 3500 5041 clericus,
3536 4978 3590 5030 in

2005 5095 2332 5152 quocunque
2376 5078 2446 5132 sit
2480 5076 2685 5146 gradu,
2716 5079 3042 5142 potestatem
3079 5071 3273 5123 habeat
3315 5068 3433 5122 sine
3463 5083 3592 5136 pro-

2009 5172 2110 5241 prii
2140 5169 2380 5238 episcopi
2419 5168 2621 5235 scripta
2653 5161 2988 5225 dimissoria,
3025 5161 3080 5213 in
3113 5159 3306 5213 aliena:
3347 5157 3594 5212 ecclesia:

2016 5263 2327 5332 catalogmn
2363 5258 2573 5314 referri.
2623 5257 2722 5322 Qui
2752 5255 2855 5308 hoc
2893 5253 3040 5306 enim
3071 5268 3100 5305 a
3157 5249 3407 5322 prmsenti
3449 5264 3595 5301 nurc

338 5346 664 5425 ἀπολυτικῆς
685 5395 701 5419 ,
733 5357 792 5409 ἐν
823 5357 988 5428 ἐτέρᾳ
1013 5356 1448 5411 κατατάττεσθαι
1472 5357 1761 5428 ἐκκλ.ησίᾳ’
1793 5355 1912 5408 ἐπεὶ

2013 5365 2260 5425 tempore
2313 5369 2420 5406 non
2462 5350 2784 5412 servaverit,
2815 5347 2909 5404 sed
2940 5347 3085 5416 quod
3118 5346 3171 5399 iu
3223 5359 3281 5399 se
3311 5352 3415 5407 est,
3465 5357 3591 5395 eum

339 5439 366 5490 6
407 5444 480 5515 μὴ
511 5446 669 5500 τοῦτο
713 5449 822 5501 ἀπὸ
846 5447 942 5501 τοῦ
980 5449 1076 5504 νῦν
1133 5450 1690 5520 παραφυλαττόμενος
1714 5488 1729 5514 ,
1774 5448 1912 5502 ἀλλὰ

2021 5447 2116 5517 qui
2149 5445 2224 5499 illi
2251 5459 2448 5498 manus
2477 5441 2760 5511 imposuit,
2794 5439 3066 5492 dedecore
3114 5433 3376 5499 all‘ecerit,
3423 5430 3593 5500 depo-

408 5555 428 5586 ³
449 5558 752 5615 Concilium
782 5560 952 5617 Afric.
985 5577 1106 5632 cap.
1140 5562 1232 5616 21.

1345 5563 1366 5593 θ
1393 5559 1697 5616 Concilium
1729 5559 1904 5615 Afric.
1939 5574 2061 5629 cap.
2099 5558 2189 5612 57.

2296 5557 2338 5589 ¹⁰
2380 5554 2642 5610 Cbalced.
2673 5553 2810 5608 Can.
2837 5553 2892 5616 6,
2926 5551 3015 5618 10,
3049 5550 3142 5605 20.

1841 5651 2076 5710 ΝΟΤιΕ.

413 5745 520 5816 (27)
560 5747 888 5818 Episcopum
928 5748 1329 5803 Vazarilannm.

2093 5744 2207 5814 (‘28)
2252 5743 2381 5798 Vide
2412 5741 2639 5810 August.
2672 5739 2828 5807 epist.
2858 5738 2962 5793 9.10
2989 5747 3037 5791 ct
3075 5736 3200 5790 253i.
