4122 6442
591 293 699 357 547

1760 281 2018 342 ΡΠΟΤΙῙ
2047 282 2179 341 PA'I

2279 280 2552 341 ARCIL’E
2591 281 2701 342 ΟΡ.
3761 285 3865 346 ὓέὃ

591 408 755 453 natur
798 405 853 452 et
895 397 1030 468 ipse,
1069 404 1124 452 et
1163 393 1256 463 qui
1309 407 1431 448 eum
1484 401 1679 464 praeter
1741 394 2004 446 rationein
2063 407 2179 448 sus-

2283 394 2686 465 καταισχύνων,
2720 395 2782 448 τό
2807 411 2868 462 γε
2918 392 3200 463 ἐπάύτῷ,
3247 395 3338 449 τὸν
3380 396 3480 468 τὴν
3531 404 3866 470 χειροτονίαν

591 490 756 559 οιῚιίι.

671 671 761 725 18.
801 669 911 724 Eos
935 668 1028 739 qui
1059 665 1364 722 barbaricae
1417 663 1747 719 incursionis
1779 670 2064 731 prmtextu,
2095 661 2180 714 wl

596 766 785 832 aliquo
815 763 925 816 alio
967 760 1131 814 modo
1171 769 1392 830 prepter
1419 757 1657 827 aliquam
1704 755 2177 809 circumstantiam

597 855 959 924 emigrarunt,
995 853 1248 918 clericos,
1280 860 1566 919 postquam
1613 847 1810 901 modus
1842 847 1931 900 ille
1971 861 2033 899 ac
2073 849 2182 900 eir—

599 946 935 1000 cumstautia
995 944 1244 1005 cessarit,
1315 943 1394 994 v«-l
1449 941 1750 995 barbarica:
1813 939 2178 998 incursiones.

600 1047 820 1106 propter
857 1049 1004 1104 quas
1041 1040 1402 1096 recesserant,
1437 1045 1631 1083 rursus
1681 1030 1734 1082 in
1769 1043 1898 1082 suas
1925 1028 2182 1096 jnbemus

604 1128 861 1182 ecclesias
897 1123 1130 1186 reverti,
1162 1138 1260 1176 nec
1309 1137 1401 1176 eas
1449 1121 1540 1174 diu
1593 1121 1802 1189 absque
1831 1120 1978 1188 justa
2015 1133 2180 1172 causa

603 1219 920 1284 relinquere.
957 1215 1010 1266 Si
1039 1213 1164 1282 quis
1192 1222 1375 1266 autern
1421 1227 1551 1274 non,
1587 1220 1642 1262 ut
1675 1225 1916 1279 praesens
1943 1209 2052 1262 vult
2083 1223 2177 1262 ca-

599 1325 728 1374 non,
762 1309 975 1371 adierit,
1010 1319 1346 1375 segregetnr,
1379 1305 1555 1358 donec
1605 1305 1670 1357 ad
1706 1319 1858 1358 suam
1895 1302 2183 1356 ecclesiam

599 1400 801 1454 redeat.
838 1401 952 1452 lloe
989 1398 1166 1467 ipsum
1191 1405 1373 1450 autent
1401 1395 1562 1449 etiam
1595 1394 1650 1448 in
1679 1409 1747 1448 eo
1779 1394 1872 1448 ﬁat
1900 1393 2182 1463 episcopo,

599 1493 692 1562 qui
726 1493 881 1547 illuni
909 1491 1139 1545 detinet.

666 1692 756 1745 9.0.
792 1689 870 1746 Ne
898 1690 1060 1744 liccat
1087 1689 1344 1759 episcopo
1392 1686 1448 1740 in
1480 1685 1584 1740 alia
1609 1685 1676 1750 “,
1708 1700 1829 1755 quae
1881 1684 1946 1740 ad
1986 1699 2046 1740 se
2077 1700 2183 1739 non

2279 486 2430 556 αύτῷ
2480 487 2876 550 ἐπιτεθεικότα,
2932 488 3303 559 καθαιρείσθω
3343 491 3433 544 καὶ
3485 490 3658 554 αὐτὸς
3706 495 3801 546 καὶ
3839 495 3867 548 ό

2282 577 2616 648 παραλόγως
2640 579 2799 630 αὑτὸν
2826 581 3279 650 προσδεξάμενος.

2356 669 2446 739 ιη’.
2514 670 2655 732 Τοὺς
2712 670 2985 740 προφάσει
3035 671 3374 742 βαρϐαρικῆς
3424 671 3782 744 ἐπιδρομῆς,
3832 679 3862 746 ἢ

2280 762 2457 825 ἄλλως
2487 780 2604 826 πως
2633 765 2697 816 ἐκ
2722 762 3096 832 περιστάσεως
3119 804 3133 826 ,
3175 764 3515 832 μετανάστας
3539 768 3866 835 γενομένους

2283 854 2610 923 κληρικοῦς,
2646 855 2808 925 ἡνίκα
2837 854 2882 907 δ’
2930 855 2996 908 ἂν
3029 856 3058 907 ό
3090 855 3290 924 τρόπος
3326 857 3513 918 αὐτοῖς
3541 857 3866 927 ἀπο-παύση-

2281 963 2406 1010 ται,
2439 947 2470 1015 ἢ
2502 947 2556 998 at
2592 947 2698 999 τῶν
2733 946 3022 1017 βαρϐάρων
3060 947 3384 1016 ἐπιδρομαὶ,
3426 948 3496 1000 δι’
3534 948 3572 1002 ἃ
3610 949 3711 1019 τὴν
3743 950 3869 1002 ἀνα-

2282 1035 2525 1108 χώρησιν
2554 1040 2913 1107 ἐποιήσαντο,
2949 1038 3105 1102 αὖθις
3149 1040 3208 1092 ἐν
3247 1042 3366 1102 ταῖς
3402 1041 3643 1103 οἰκείαις
3675 1042 3866 1111 ἐκκλη-

2286 1130 2430 1193 σίαις
2463 1130 2874 1199 προστάσσομεν
2898 1130 3327 1201 ἐπανέρχεσθαι,
3367 1133 3462 1183 καὶ
3500 1134 3578 1201 μὴ
3609 1132 3705 1182 ἐπὶ
3738 1135 3864 1187 πολὺ

2283 1223 2487 1287 ταύτας
2522 1224 2945 1294 ἀπροφασίστως
2981 1222 3430 1292 καταλιμπάνειν.
3478 1224 3546 1275 Et
3581 1223 3640 1275 δέ
3672 1242 3755 1286 τις
3796 1225 3865 1296 μὴ

2285 1314 2428 1366 κατά
2474 1313 2566 1366 τὸν
2614 1313 2860 1383 παρόντα
2897 1311 3213 1381 διαγένηται
3246 1311 3479 1375 κανόνα,
3518 1312 3865 1382 ἀφοριζέσθω

2288 1406 2484 1474 μέχρις
2521 1403 2587 1458 ἂν
2613 1405 2749 1474 πρὸς
2772 1405 2870 1474 τὴν
2897 1405 3105 1456 οἰκείαν
3137 1404 3432 1472 ἐκκλησίαν
3464 1405 3862 1475 ἐπαναδράμοι.

2287 1499 2362 1551 Τὸ
2389 1499 2519 1552 αὐτὸ
2567 1499 2626 1552 δὲ
2663 1497 2822 1551 τοῦτο
2865 1499 2960 1550 καὶ
2999 1498 3091 1550 ἐπὶ
3120 1496 3200 1567 τῷ
3239 1497 3531 1568 κατέχοντι
3561 1499 3726 1552 αὑτὸν
3749 1501 3864 1551 ἐπι-

2287 1590 2476 1661 σκόπῳ
2508 1590 2760 1659 γινέσθω.

2362 1688 2430 1738 κ’.
2465 1683 2556 1754 Μὴ
2587 1681 2789 1748 ἐξέστω
2819 1683 3101 1754 ἐπισκόπῳ
3129 1683 3210 1746 είς
3241 1682 3435 1754 ἑτέραν
3479 1683 3586 1753 τὴν
3619 1682 3695 1752 μὴ
3723 1681 3862 1752 αὕτῷ

601 1786 853 1854 pertinet,
899 1782 1118 1836 civitate
1147 1780 1360 1850 publice
1393 1779 1612 1832 docere.
1638 1777 1694 1831 Si
1718 1777 1841 1848 quis
1877 1787 2055 1830 autem
2087 1778 2179 1831 hoc

2288 1777 2673 1845 προσήκουσαν
2707 1776 2858 1828 πόλιν
2883 1777 3119 1848 δημοσίᾳ
3142 1776 3416 1831 διδάσκειν
3436 1793 3449 1807 ·
3484 1775 3621 1844 εῂδέ
3650 1792 3735 1837 τις
3762 1793 3867 1843 φω-

602 1875 781 1928 facere
823 1873 1192 1943 deprehensus
1222 1869 1417 1934 fuerit,
1470 1872 1538 1924 ab
1577 1870 1890 1938 episcopatu
1920 1867 2183 1935 desistat,

601 1965 898 2036 presbyteri
932 1974 1112 2018 autem
1147 1977 1372 2017 munere
1405 1961 1687 2031 fungatur.

669 2059 778 2131 93
804 2058 1018 2113 Textus.
1037 2058 1226 2112 Const.
1243 2058 1274 2112 9
1296 2065 1350 2111 et
1381 2056 1467 2120 10,
1495 2057 1574 2110 tit.
1599 2057 1620 2108 l
1643 2054 1984 2109 Novellarum
2007 2056 2182 2120 aiunt,

603 2150 744 2218 quod
800 2148 855 2202 in
905 2148 1150 2216 Magnam
1199 2145 1480 2200 ecclesiam
1528 2144 2182 2214 Constantinopolitanam

603 2242 832 2294 aliarum
864 2239 983 2308 cj'us
1011 2238 1366 2291 ecclesiarum
1404 2235 1589 2290 clerici
1619 2234 2042 2290 transferantur.

677 2415 830 2473 CAP.
881 2414 1092 2470 XXVII.
1126 2445 1194 2455 ——
1245 2415 1320 2468 De
1352 2430 1412 2468 eo
1451 2415 1539 2482 qui
1570 2415 1770 2483 peccati
1817 2430 1957 2480 reus,
1991 2414 2184 2470 nihilo-

603 2510 778 2562 minus
818 2509 1093 2562 ordinatus
1121 2507 1244 2574 fuit.

907 2598 1135 2652 Concitii
1173 2595 1386 2650 Νίτητιιί
1436 2613 1661 2650 canones
1694 2595 1746 2660 9,
1783 2598 1870 2653 iO.

671 2689 725 2746 9.
751 2690 810 2744 Si
863 2690 955 2758 qtti
1000 2692 1135 2744 citra
1183 2687 1643 2742 cxaminationem
1705 2690 1748 2719 "
1787 2687 2020 2758 promOIi
2056 2693 2185 2741 sunt

600 2781 922 2854 presbyteri,
959 2781 1039 2834 vel
1065 2777 1362 2833 examinati
1383 2793 1480 2832 sua
1513 2786 1734 2848 peccata
1762 2777 1999 2832 confessi
2035 2786 2180 2842 sunt,

597 2874 786 2942 eisque
832 2872 1121 2935 confessis,
1175 2882 1376 2938 praeter
1425 2884 1689 2924 canonctn
1750 2868 1882 2922 moti
1937 2870 2183 2922 homines

600 2982 794 3018 manus
823 2964 1220 3033 imposuerunt.
1261 2977 1358 3016 eos
1392 2975 1567 3015 canon
1595 2975 1700 3014 nou
1732 2961 1989 3014 admittit.
2027 2960 2180 3021 Quod

2289 1864 2480 1936 ραθείη
2501 1864 2660 1918 τοῦτο
2695 1865 2884 1930 ποιῶν,
2915 1867 3012 1935 τῆς
3042 1864 3348 1935 ἐπισκοπῆς
3375 1861 3678 1928 παυέσθω,
3714 1861 3780 1914 τὰ
3812 1859 3862 1912 δὲ

2284 1955 2380 2009 τοῦ
2411 1955 2783 2027 πρεσϐυτέρου
2812 1958 3122 2028 ἐνεργείτω.

2370 2046 2434 2101 'H
2469 2048 2522 2101 δὲ
2548 2047 2594 2101 θ’
2629 2050 2725 2102 καὶ
2757 2055 2788 2102 ι’
2820 2049 2961 2104 διάτ.
2990 2049 3084 2102 τοῦ
3118 2049 3284 2103 α’τίτ.
3315 2049 3426 2103 τῶν
3459 2046 3677 2118 νεαρῶν
3703 2045 3859 2113 λέγει,

2285 2138 2404 2201 πῶς
2472 2141 2553 2204 εἰς
2603 2138 2704 2210 τὴν
2758 2140 3017 2212 Μεγάλην
3077 2141 3372 2212 ἐκκλησίαν
3424 2142 3861 2192 Κωνσταντινου-

2285 2229 2494 2292 πόλεως
2545 2229 2597 2282 οῑ
2639 2228 2748 2284 τῶν
2790 2229 2964 2284 ἀλλων
3027 2231 3196 2302 αὐτῆς
3247 2229 3562 2300 ἐκκλησιῶν
3619 2226 3860 2299 κληρικοὶ

2285 2321 2685 2391 μετατίθενται.

2353 2415 2606 2470 ΚΕΦΔΛ.
2638 2415 2764 2470 KZ'.
2782 2445 2851 2456 —
2877 2416 3016 2483 Περὶ
3043 2415 3150 2470 τοῦ
3172 2414 3575 2486 ὑποκειμένου
3605 2410 3857 2482 ἁμαρτή-

2280 2521 2439 2576 ματι,
2473 2506 2570 2559 καὶ
2605 2509 3148 2577 χειροτονηθέντος.

2597 2602 2866 2657 Συνόδου
2890 2602 3137 2668 Νικαίας
3164 2600 3366 2654 κανὼν
3391 2599 3438 2652 θ’
3461 2637 3478 2663 ,
3519 2603 3572 2653 ι’.

2354 2696 2416 2750 θ’.
2459 2695 2678 2761 Εἴτινες
2708 2692 3079 2758 ἀνεξετάστως
3097 2691 3453 2763 προήχθησαν
3474 2687 3854 2760 πρεσϐύτεροι,

2283 2791 2317 2861 ἢ
2344 2790 2760 2861 ἀνακρινόμενοι
2792 2786 3147 2857 ὡμολόγησαν
3171 2785 3240 2836 τά
3265 2783 3638 2854 ἡμαρτημένα
3662 2782 3854 2844 αὐτοῖς,

2283 2881 2376 2932 καὶ
2397 2880 2846 2951 ὁμολογησάντων
2869 2877 3069 2942 αὐτῶν,
3104 2879 3255 2948 παρά
3297 2876 3503 2929 κανόνα
3558 2873 3856 2944 κινούμενοι

2282 2970 2332 3022 οἱ
2367 2970 2666 3040 ἄνθρωποι,
2705 2972 2818 3032 τοῖς
2835 2969 3095 3031 τοιούτοις
3121 2971 3279 3039 χεῖρα
3315 2967 3718 3031 ἐπιτεθείκασι,
3742 2962 3858 3017 τού-

600 3066 686 3113 est
706 3058 850 3112 enim
871 3072 902 3111 a
926 3055 1346 3126 reprehensione
1367 3053 1624 3119 alienum,
1648 3051 1889 3108 defendit
1912 3052 2177 3107 Ecclesia.

2279 3081 2407 3126 τους
2456 3065 2484 3116 ὁ
2518 3063 2697 3116 κανὼν
2751 3063 2812 3116 ού
2852 3062 3173 3134 προσίεται·
3214 3062 3276 3116 τὸ
3325 3059 3435 3132 γὰρ
3493 3059 3854 3128 ἀνεπίληπτον

673 3251 762 3306 ιο.
803 3251 1121 3320 Quicunque
1151 3267 1216 3306 ex
1250 3251 1316 3306 iis
1341 3251 1434 3321 qui
1459 3250 1595 3320 lapsi
1623 3258 1773 3312 sunt,
1791 3249 1872 3304 vel
1899 3265 1994 3319 per
2026 3249 2180 3321 igno-

601 3342 859 3404 rantiam,
887 3341 969 3395 vel
1004 3341 1305 3395 scientibus
1341 3340 1409 3393 iis
1439 3340 1531 3410 qui
1554 3349 1988 3410 promoverunt,
2026 3339 2177 3393 ordi-

605 3433 714 3488 nati
746 3441 894 3497 sunt,
927 3433 1028 3485 hoc
1059 3430 1432 3485 ecclesiastico
1456 3429 1652 3485 eanoni
1693 3440 1803 3481 non
1839 3426 2174 3496 praeiudicat.

601 3526 642 3582 ii
675 3527 817 3582 enim
845 3526 1044 3596 eogniti
1074 3526 1442 3594 deponuntur.

775 3616 997 3672 Concilii
1024 3615 1228 3670 Nicami
1268 3613 1715 3668 Neoca'sarieusis
1746 3629 1914 3666 canon
1949 3611 2002 3666 9.

673 3706 730 3761 Si
785 3707 1109 3777 presbyter,
1167 3708 1260 3776 qui
1319 3721 1548 3775 corpore
1598 3706 1751 3774 prius
1813 3710 2176 3774 peccaverat,

600 3808 884 3869 promotus
922 3797 1103 3862 fuerit,
1138 3807 1191 3852 et
1228 3797 1272 3852 si
1319 3808 1446 3850 ante
1478 3796 1878 3851 ordinationem
1925 3810 2180 3862 peccasse

600 3891 886 3947 confessus
929 3888 1111 3953 fuerit,
1146 3907 1212 3943 ne
1253 3890 1464 3956 offerat,
1510 3904 1739 3944 manens
1778 3888 1832 3942 in
1864 3887 2004 3952 aliis,
2055 3903 2181 3956 pro-

602 3994 721 4054 pter
748 3985 891 4038 aliud
931 3983 1052 4053 ejus
1102 3987 1254 4036 bona:
1285 3983 1406 4037 vita:
1448 3983 1710 4037 studium.
1760 3979 1988 4050 Reliqua
2032 3978 2178 4033 enim

601 4085 821 4144 pecrata
884 4074 1072 4128 dicunt
1120 4074 1266 4128 multi
1331 4089 1589 4127 manuum
1635 4072 1982 4141 impositione
2039 4070 2175 4124 tolli.

600 4165 754 4232 Quod
793 4165 838 4220 si
879 4165 992 4235 ipsa
1037 4181 1144 4218 non
1193 4164 1538 4226 conﬁteatur,
1591 4172 1774 4233 aperte
1822 4172 2001 4216 autezn
2039 4177 2175 4215 eon-

603 4260 746 4313 vinci
782 4274 890 4312 non
926 4258 1184 4328 poluerit,
1221 4257 1367 4311 illius
1402 4272 1617 4326 quoque
1646 4256 1694 4310 ei
1724 4256 1817 4310 ﬁat
1846 4262 2103 4326 potestas.

1096 4349 1290 4402 Basilii
1352 4365 1519 4400 canon
1573 4347 1662 4400 ‘27.

2279 3157 2538 3227 ἐκδικεῖὴ
2569 3155 2829 3227 καθολικὴ
2867 3155 3185 3226 Ἐκκλησία.

2352 3254 2404 3301 ι’.
2450 3246 2606 3301 Ὀσοι
2633 3247 3126 3320 προεχειρίσθησαν
3161 3246 3273 3301 τῶν
3308 3242 3852 3317 παραπεπτωκότων,

2278 3339 2420 3393 κατὰ
2441 3340 2687 3408 ἄγνοιαν,
2727 3340 2876 3411 ἧκαὶ
2913 3340 3244 3413 προειδότων
3277 3339 3386 3394 τῶν
3427 3334 3855 3410 προχειρισαμέ-

2279 3448 2420 3496 νων,
2451 3432 2607 3486 τοῦτο
2653 3434 2716 3487 οὐ
2758 3433 3040 3505 προκρίνει
3083 3433 3161 3504 τῷ
3201 3433 3387 3488 κανόνι
3440 3431 3527 3504 τῷ
3577 3429 3857 3500 ἐκκλησια-

2281 3520 2450 3592 στικῷ
2479 3537 2493 3552 ⁸
2525 3522 2861 3590 γνωσθέντες
2888 3517 2998 3593 γάρ
3022 3521 3432 3593 καθαιροῦνται.

2496 3614 2766 3668 Συνόδου
2823 3614 3288 3683 Νεοκαισαρείας
3324 3611 3534 3666 κανὼν
3590 3625 3613 3665 1

2352 3711 2730 3783 Πρεσϐύτερος
2788 3709 2884 3762 ἐὰν
2949 3705 3394 3779 προημαρτηκὼς
3455 3703 3675 3774 σώματι
3730 3715 3851 3770 προσ

2279 3803 2441 3873 αχθῇ,
2481 3803 2574 3856 καὶ
2607 3802 2916 3872 ὁμολογήσῃ
2951 3801 3033 3854 ὅτι
3077 3800 3293 3870 ἥμαρτε
3332 3798 3438 3868 πρὸ
3465 3797 3570 3868 τῆς
3620 3807 3849 3864 χειροτο·

2279 3895 2418 3961 νίας,
2456 3893 2532 3964 μὴ
2581 3893 2979 3965 προσφερέτω,
3037 3892 3210 3962 μένων
3237 3893 3294 3943 ἐν
3334 3892 3447 3952 τοῖς
3492 3888 3719 3950 λοιποῖς,
3765 3882 3848 3936 διὰ

2277 3985 2377 4056 τὴν
2432 3984 2599 4056 ἄλλην
2653 3985 2910 4054 σπουδήν.
2970 3983 3052 4036 Τά
3105 3985 3213 4054 γὰρ
3270 3981 3432 4034 λοιπά
3484 3979 3847 4050 ἁμαρτήματα

2278 4076 2487 4145 ἔφασαν
2517 4077 2564 4129 οἱ
2603 4075 2788 4129 πολλοὶ
2817 4077 2914 4128 καὶ
2941 4074 3040 4145 τὴν
3075 4073 3414 4145 χειροθεσίαν
3445 4072 3688 4142 ἀφιέναι.
3729 4066 3848 4120 Ἐὰν

2278 4167 2334 4222 δὲ
2369 4168 2531 4230 αὐτὸς
2587 4167 2664 4238 μὴ
2718 4165 2977 4237 ὁμολογῇ,
3025 4163 3346 4235 ἐλεγχθῆναι
3391 4163 3448 4216 δὲ
3499 4159 3744 4232 φανερῶς
3777 4155 3846 4227 μὴ

2277 4259 2503 4329 δυνηθῇ,
2536 4257 2623 4312 ἐπ’
2654 4257 2805 4327 αὑτῷ
2835 4259 3028 4328 ἐκείνῳ
3057 4256 3324 4310 ποιεῖσθαι
3348 4255 3448 4326 τὴν
3478 4252 3743 4320 ἐξουσίαν.

2703 4353 2954 4406 Βασιλεί
2959 4370 3029 4406 ου
3067 4351 3270 4404 κανὼν
3296 4348 3398 4413 κζ’.

667 4443 757 4498 27.
814 4442 886 4498 De
926 4441 1239 4512 presbytero
1264 4481 1278 4505 ,
1321 4439 1414 4508 qui
1451 4439 1687 4492 insciens
1733 4437 1930 4492 illicitis
1971 4435 2176 4505 nuptiis

2351 4445 2454 4510 κζ’.
2474 4445 2609 4518 Περὶ
2626 4444 2719 4499 τοῦ
2741 4463 2844 4516 πρε
2853 4446 3013 4499 σϐυτέ
3022 4462 3112 4514 ρου
3130 4444 3224 4497 τοῦ
3241 4443 3380 4497 κατά
3395 4443 3616 4511 ἄγνοιαν
3632 4437 3842 4506 ἁθέσμῳ

598 4533 907 4602 implicatus
963 4543 1065 4599 est,
1126 4532 1289 4586 statui
1345 4545 1465 4599 qua:
1517 4531 1823 4599 oportebat,
1885 4527 2172 4583 cathedrae

597 4629 814 4696 quidem
849 4627 1163 4696 participem
1196 4640 1335 4689 esse,
1374 4625 1466 4678 sed
1500 4639 1530 4678 τι
1567 4624 1790 4693 reliquis
1821 4623 2022 4678 tnuniis
2053 4622 2179 4675 abs-

601 4719 792 4771 tinere.
835 4715 967 4769 Nam
1001 4716 1132 4770 satis
1175 4727 1256 4769 est
1303 4715 1578 4782 ejusmodi
1617 4716 1822 4769 homini
1864 4714 2044 4768 venia.
2113 4711 2179 4766 Ut

599 4817 782 4862 autem
811 4810 975 4862 alium
1020 4808 1324 4874 bcnedicat,
1370 4807 1462 4878 qui
1511 4808 1731 4878 propria
1780 4821 1978 4861 curare
2017 4806 2176 4860 debet

598 4899 846 4964 Vulnera,
902 4897 1127 4953 minimc
1179 4909 1630 4953 consentaneum.
1677 4897 1988 4951 Benedictio
2029 4899 2174 4951 enim

599 4991 1050 5045 sanctiﬁcationis
1093 4990 1204 5061 94
1233 4991 1656 5046 communicatio
1701 4999 1812 5044 est.
1869 4990 2042 5055 Quam
2083 4991 2176 5059 qui

599 5099 706 5136 non
738 5083 916 5148 habet,
947 5092 1226 5152 propterea
1253 5083 1395 5152 quod
1429 5083 1664 5139 insciens
1695 5083 1881 5152 lapsus
1917 5092 2174 5152 cst,quo-

597 5175 760 5228 tnodo
786 5175 906 5228 aliis
942 5175 1248 5241 impertiet?
1293 5175 1479 5244 Itaque
1523 5189 1623 5228 nec
1670 5175 1886 5244 publice
1928 5190 2027 5229 nec
2059 5175 2175 5244 pri-

598 5266 760 5318 vatim
800 5265 1102 5331 benetlicat,
1134 5282 1232 5322 nec
1257 5282 1457 5336 corpus
1481 5266 1677 5321 Christi
1710 5267 2000 5321 distribuat
2023 5268 2168 5332 aliis,

596 5371 694 5410 nec
729 5357 961 5425 quodvis
1000 5357 1151 5411 aliud
1202 5372 1420 5413 sacrum
1457 5373 1655 5413 munus
1684 5359 1867 5424 obeat,
1905 5357 2022 5420 sed,
2069 5359 2170 5413 bo-

594 5447 819 5502 oorilica
846 5447 974 5502 sede
1007 5455 1318 5513 contentus,
1350 5457 1501 5515 roget
1529 5461 1656 5501 cum
1689 5447 1947 5518 lacrymis
1983 5446 2170 5502 Domi-

596 5555 747 5603 num,
779 5549 837 5593 ut
859 5539 962 5594 sibi
984 5539 1310 5609 ignorantia:
1345 5544 1626 5607 peccatum
1656 5539 1985 5594 remittatur.

664 5703 702 5732 ί·
733 5701 919 5773 Apost.
957 5716 1080 5757 ean.
1108 5700 1208 5769 lt;
1241 5699 1497 5757 Antioch.
1529 5715 1652 5758 can.
1687 5701 1772 5758 16.
1844 5701 1885 5737 ¹²
1919 5701 2157 5760 Neocazs.
2191 5704 2242 5759 9.

2276 4535 2440 4606 γάμῳ
2504 4536 2942 4606 περιπαρέντος,
3005 4534 3178 4602 ῶρισα
3238 4533 3275 4587 ἃ
3321 4533 3536 4605 ἐχρῆν,
3587 4528 3840 4596 καθέδρας

2279 4625 2379 4696 μὲν
2430 4626 2696 4696 μετέχειν,
2730 4626 2838 4679 τῶν
2867 4626 2923 4678 δὲ
2952 4625 3151 4679 λοιπῶν
3182 4625 3472 4695 ἐνεργειῶν
3503 4620 3796 4692 ἀπέχεσθαι
3823 4630 3835 4644 ⁸

2273 4715 2506 4788 ἀρκετὸν
2547 4716 2658 4786 γὰρ
2709 4716 2787 4787 τῷ
2840 4715 3067 4786 τοιούτῳ
3125 4717 3158 4786 ὴ
3217 4714 3558 4785 συγγνώμη·
3609 4709 3837 4777 εὐλογεῖν

2272 4805 2328 4859 δὲ
2374 4806 2562 4878 ἓτερον
2606 4807 2698 4860 τὸν
2739 4809 2808 4861 τὰ
2853 4810 3029 4862 οἰκεῖα
3063 4807 3322 4878 τημελεῖν
3369 4807 3650 4876 ὀφείλοντα
3679 4797 3838 4871 τραύ-

2278 4914 2424 4968 ματα
2480 4899 2860 4955 ἀνακόλουθον.
2910 4899 3144 4968 Εὐλογία
3191 4900 3298 4969 γὰρ
3354 4895 3627 4968 ἀγιασμοῦ
3677 4888 3834 4963 μετά·

2273 4990 2417 5054 δοσίς
2463 4993 2630 5044 ἐστιν.
2697 4989 2758 5045 '0
2807 4991 2863 5044 δὲ
2925 4991 3087 5044 τοῦτο
3147 4991 3222 5062 μὴ
3268 4991 3406 5062 ἔχων
3449 4990 3535 5044 διά
3567 4987 3627 5040 τὸ
3657 4985 3719 5036 ἐκ
3744 4980 3834 5048 τῆς

2271 5083 2494 5150 ἀγνοίας
2537 5085 2910 5154 παράπτωμα,
2959 5083 3078 5148 πῶς
3112 5084 3282 5154 ἑτέρῳ
3311 5081 3641 5154 μεταδώσει;
3690 5076 3831 5142 Μήτε

2270 5173 2449 5227 τοίνυν
2477 5174 2731 5246 δημοσία,
2778 5176 2914 5246 μήτε
2945 5173 3050 5246 ἰδίᾳ
3080 5174 3385 5243 εὐλογείτω,
3425 5175 3562 5246 μήτε
3587 5171 3646 5224 τὸ
3683 5165 3832 5234 σῶμα

2270 5264 2364 5318 τοῦ
2397 5266 2635 5337 Χριστοῦ
2669 5267 3024 5338 κατανεμέτω
3055 5267 3282 5338 ἑτέροις,
3312 5266 3450 5336 μήτε
3477 5281 3530 5318 τι
3565 5261 3689 5319 ἀλλο
3739 5255 3829 5307 λει-

2268 5359 2608 5427 τουργείτω·
2652 5359 2769 5413 ἀλλ’
2817 5358 3157 5431 ἀρκούμενος
3215 5361 3282 5430 τῇ
3335 5356 3614 5428 προεδρίᾳ,
3671 5361 3828 5420 πρ⁰⁵⁶

2271 5447 2505 5502 κλαιέτω
2531 5446 2611 5518 τῷ
2645 5449 2837 5522 Κυρίῳ
2877 5448 3301 5522 συγχωρηθῆναι
3329 5448 3480 5520 αὐτῷ
3515 5447 3575 5500 τὸ
3629 5445 3692 5496 ὲκ
3733 5436 3824 5505 τῆς

2268 5537 2489 5607 ἀγνοίας
2514 5537 2686 5610 ἀνόμη
2696 5556 2794 5610 μα.
