4122 6440
345 269 447 332 519

409 471 472 524 δ’.
510 469 643 538 Περὶ
671 466 727 518 δὲ
775 466 995 530 Πανοὺφ
1041 462 1137 514 τοῦ
1166 461 1534 522 καταστάντος
1586 460 1836 512 διακόνου
1866 459 1925 509 ἐν

342 565 408 632 τῇ
440 559 602 627 Λυκῷ
639 557 876 627 ζητῆσαι
909 573 920 584 ·
950 554 1045 608 καὶ
1098 554 1148 607 εἰ
1202 554 1300 623 μὲν
1347 552 1599 624 εὑρεθείη
1635 544 1790 611 οὗτος
1842 551 1924 602 ἔτι

345 647 748 721 κατηχούμενος
775 647 1079 715 τυγχάνων,
1109 644 1208 713 τὴν
1230 644 1520 712 ἀδελφιδῆν
1559 641 1754 695 ἑαυτοῦ
1788 640 1924 711 πρὸς

346 744 520 812 γάμου
548 739 833 793 κοινωνίαν
861 738 1174 807 δεξάμενος,
1238 735 1378 806 μετά
1414 735 1470 787 δὲ
1527 735 1589 786 τὸ
1636 734 1922 803 βάπτισμα

347 836 425 895 εἰς
455 831 652 901 κλῆρον
671 829 878 900 ἀχθεὶς,
919 829 1126 898 μενέτω
1156 830 1212 881 ὲν
1248 827 1326 894 τῷ
1357 826 1565 896 κλήρῳ,
1592 827 1646 879 εἴ
1659 841 1723 892 γε
1745 826 1926 878 κεκοίι-

351 943 516 996 μηται
553 923 758 993 ἐκείνη,
813 923 905 974 καὶ
933 921 1073 991 μετά
1123 921 1184 972 τὸ
1234 920 1519 991 βάπτισμα
1546 921 1607 972 οὐ
1663 917 1924 973 κεκοινώ-

347 1035 510 1086 νηκεν
562 1016 720 1086 αὐτῇ.
779 1015 840 1066 Εἰ
910 1014 967 1066 δὲ
1019 1011 1211 1075 πιστὸς
1273 1013 1559 1081 τυγχάνων
1609 1010 1709 1082 τὴν
1757 1011 1926 1081 αὐτὴν

347 1107 628 1176 ἀδελφιδῆν
694 1103 886 1158 ἑαυτοῦ
942 1103 1078 1171 πρὸς
1127 1103 1308 1174 γάμου
1352 1103 1635 1156 κοινωνίαν
1687 1101 1924 1166 ἐδέξατο,

349 1200 486 1250 ἔστω
515 1195 606 1250 τοῦ
649 1195 854 1265 κλήρου
905 1192 1213 1260 ἀλλότριος.
1264 1194 1338 1247 Οὐ
1379 1194 1489 1263 γὰρ
1522 1193 1806 1262 πρόκριμα
1849 1191 1927 1263 τῷ

347 1288 626 1355 ὲπισκόπῳ
698 1285 854 1356 φέρει
928 1283 1248 1350 Ἀπόλλωνι,
1312 1285 1359 1336 εί
1418 1280 1476 1348 ἐξ
1536 1283 1762 1352 ἀγνοίας
1793 1301 1926 1336 κατ-

348 1380 574 1448 ἑστησεν
613 1379 794 1430 αὐτόν.

411 1470 475 1522 ε’.
513 1469 650 1540 Περὶ
708 1467 901 1522 Ἰακὼϐ
957 1468 1192 1537 ζητῆσαι
1226 1484 1240 1500 ο
1311 1469 1358 1520 εί
1420 1465 1778 1534 ἁναγνώστης
1827 1465 1925 1529 ὢν,

346 1563 648 1632 ἐγκλήματι
706 1560 960 1632 πορνείας
1001 1559 1301 1622 ὑπεύθυνος
1342 1558 1553 1629 ἐδείχθη
1582 1599 1595 1622 ,
1640 1559 1733 1612 καὶ
1778 1559 1930 1628 παρὰ

344 1653 448 1706 τῶν
499 1652 882 1724 πρεσϐυτέρων
938 1649 1224 1720 ἐξεϐλήθη,
1277 1646 1396 1703 εἶτα
1457 1651 1923 1720 κεχειροτόνηται,

1082 261 1479 323 5ΥΝΤΑ6ΜΛ
1517 254 1906 317 CANONUM.
1955 279 2024 290 —
2057 253 2204 316 ΤΙΤ.
2244 256 2292 330 Ῑ,
2330 259 2487 319 CAP.
2522 261 2794 326 XXVIII.

393 377 686 449 θεοφίλου
710 374 776 428 ἐκ
800 373 906 427 τοῦ
935 371 1397 440 ’ὑπομνηστικοῦ
1417 369 1618 422 κανὼν
1649 369 1711 430 δ’,
1745 373 1807 433 ε’,
1831 373 1904 436 η’.
1971 376 2016 427 Α

3519 267 3625 332 550

2263 367 2540 439 Theophili
2566 376 2954 430 commonitorii
2983 393 3153 433 canon
3179 380 3232 446 4,
3260 381 3318 447 5,
3355 381 3412 437 8.

2102 456 2157 510 4.
2195 457 2271 513 De
2299 459 2550 532 Panupb,
2578 464 2671 532 qui
2720 466 2773 520 in
2807 465 2951 538 Lyco
2983 469 3250 526 diaconus
3280 473 3624 528 constitutus

2032 558 2136 616 est,
2187 566 2433 620 quaarere
2487 565 2749 625 oportet;
2806 568 2861 613 et
2916 560 2962 614 si
3008 561 3054 617 is
3113 564 3330 633 quidem
3374 567 3628 622 inventus

2037 644 2224 711 fuerit,
2271 662 2392 700 cum
2415 659 2561 702 esset
2590 651 3040 718 catechumenos,
3091 654 3276 710 fratris
3323 657 3404 710 sui
3459 657 3626 711 tiliam

2035 734 2089 788 in
2122 736 2453 792 matrimonii
2478 740 2798 796 societatem
2824 745 3123 814 accepisse,
3148 757 3273 816 post
3295 749 3625 815 baptismum

2036 824 2090 879 in
2124 825 2329 881 clerum
2375 839 2681 896 promotus,
2709 833 2760 886 in
2818 835 2965 889 clero
3019 848 3259 901 maneat,
3323 840 3368 894 si
3433 841 3523 895 illa
3559 859 3623 894 ex

2035 918 2143 972 vita
2171 917 2442 989 migraril,
2468 929 2522 976 et
2553 931 2674 991 post
2727 924 3055 994 baptismum
3085 945 3210 983 cum
3261 947 3324 984 ea
3354 948 3466 985 rem
3523 951 3630 987 non

2038 1008 2313 1066 habuerit.
2363 1013 2459 1067 Sin
2515 1026 2697 1069 autem
2759 1032 2883 1072 cum
2936 1030 3082 1074 esset
3147 1023 3321 1076 ﬁdelis
3371 1027 3622 1077 eamdem

2047 1099 2236 1153 lratris
2267 1102 2353 1155 sui
2397 1101 2563 1156 tiliam
2597 1105 2649 1159 in
2684 1108 3020 1162 matrimonii
3070 1113 3387 1166 societatem
3443 1115 3627 1179 duxit,

2037 1189 2107 1243 sit
2157 1207 2185 1244 a
2217 1193 2362 1248 clero
2403 1195 2638 1252 alicuus.
2697 1199 2813 1253 Non
2846 1213 2934 1257 est
2974 1203 3120 1257 enim
3165 1206 3424 1274 episcopo
3452 1207 3624 1276 Apol-

2038 1276 2132 1331 lini
2195 1281 2573 1350 praejudicium
2634 1287 2678 1341 si
2738 1304 2862 1343 eum
2920 1307 3016 1360 per
3079 1296 3443 1364 ignorantiam
3500 1313 3632 1352 eon-

2036 1369 2239 1424 stituit.

2109 1461 2164 1516 5.
2199 1461 2274 1517 De
2296 1465 2468 1521 Jacob
2491 1484 2739 1537 qutercre
2765 1484 3000 1542 Oper-tet.
3036 1477 3092 1531 Si
3116 1483 3260 1534 enim
3292 1484 3459 1539 lector
3487 1496 3627 1550 erat,

2037 1564 2091 1607 et
2120 1555 2338 1610 crimini
2381 1557 2762 1618 fornicationis
2815 1565 2984 1624 fui-se
3023 1585 3150 1624 eum
3191 1575 3490 1629 obnoxium
3539 1595 3630 1631 os-

2040 1652 2253 1698 tensum
2287 1647 2376 1710 sit,
2423 1657 2476 1702 ct
2517 1665 2547 1703 a
2582 1653 2913 1724 presbyteris
2952 1657 3024 1711 sit
3068 1661 3291 1728 ejectus,
3326 1666 3522 1720 deinde
3585 1670 3630 1721 is

342 1741 494 1807 οὗτος
525 1745 903 1810 ὲκϐαλλέσθω,
957 1744 1220 1816 ἀκριϐοῦς
1271 1744 1571 1809 ἐξετάσεως
1604 1744 1920 1814 γινομένης,

2036 1745 2109 1790 est
2162 1739 2486 1807 ordinatus,
2544 1744 2835 1812 ejiciatur,
2894 1763 3147 1807 accurata
3223 1758 3632 1816 examinatione

345 1835 435 1887 καὶ
465 1835 539 1905 μὴ
573 1835 731 1904 μόνον
767 1836 832 1887 ἐκ
862 1834 1213 1904 ψιθυρισμῶν
1248 1835 1281 1906 ἢ
1309 1835 1652 1904 κακολογιῶν
1687 1834 1926 1904 ὑποψίας

344 1929 419 1989 εἰς
436 1926 597 1980 αὐτὸν
627 1929 945 1999 γενομένης.
993 1929 1054 1981 Εἰ
1080 1929 1137 1981 δὲ
1171 1928 1246 1998 μὴ
1298 1927 1547 2000 εὑρεθείη
1598 1928 1924 1994 ὑπεύθυνος,

347 2017 554 2087 μενέτω
587 2018 645 2068 ἐν
672 2017 748 2088 τῷ
783 2017 970 2088 κλήρῳ
993 2031 1007 2046 °
1042 2017 1102 2070 οὐ
1129 2017 1237 2089 γὰρ
1263 2017 1344 2071 δεῖ
1371 2021 1490 2080 ταῖς
1521 2016 1780 2088 ματαίαις
1808 2016 1928 2070 δια-

344 2106 523 2169 ίολαῖς
548 2107 857 2176 προσέχειν.

412 2203 479 2264 η’.
539 2198 757 2269 Ἐπειδὴ
803 2198 977 2270 Ἱέραξ
1008 2200 1156 2253 τόνδε
1194 2201 1395 2254 ὡσανεὶ¹
1426 2203 1516 2255 ἐπὶ
1547 2203 1769 2273 πορνείᾳ
1809 2205 1929 2256 δια-

342 2282 690 2354 ϐαλλόμενον,
725 2285 824 2338 ούκ
853 2287 1091 2354 ὀφείλειν
1140 2291 1198 2340 ἐν
1227 2289 1304 2358 τῷ
1352 2291 1539 2362 κλήρῳ
1585 2288 1746 2357 εἶναι,
1807 2295 1834 2345 ὀ
1873 2292 1930 2344 δὲ

343 2373 639 2438 ἐπίσκοπος
712 2377 984 2433 Ἀπόλλων
1037 2379 1441 2451 διῖσχυρίσατο,
1507 2384 1568 2436 τὸ
1627 2385 1931 2454 τηνικαῦτα

345 2468 550 2537 μηδένα
581 2470 886 2541 κατήγορον
929 2473 987 2524 ὲν
1030 2473 1180 2543 μέσῳ
1203 2473 1521 2542 ἐληλυθέναι
1571 2478 1692 2529 κατ’
1741 2477 1928 2539 αὑτοῦ,

342 2560 679 2625 ἐξεταζέσθω
723 2565 817 2616 καὶ
855 2557 1031 2626 οὗτος,
1090 2567 1200 2620 Καὶ
1255 2568 1306 2618 εἰ
1344 2568 1443 2637 μὲν
1505 2572 1810 2640 κατήγορός
1846 2588 1931 2634 τις

345 2653 650 2721 ἀναφύεται
706 2656 941 2720 πίσῖεως
991 2657 1159 2723 ἄξιος,
1210 2659 1303 2713 καὶ
1367 2662 1428 2713 τὸ
1480 2661 1735 2732 ἔγκλημα
1797 2666 1933 2718 ἀπο-

342 2744 670 2812 δείκνυνται,
730 2750 1045 2819 φερομένων
1087 2752 1379 2824 μαρτύρων
1430 2755 1793 2822 ἀξιοπίστων,
1834 2757 1932 2828 τῆς

343 2835 639 2906 ἐκκλησίας
673 2839 1019 2894 ἐκϐαλλέσθω
1040 2858 1054 2872 ·
1078 2845 1126 2895 εί
1152 2845 1207 2896 δὲ
1237 2845 1330 2897 τοῦ
1375 2846 1577 2917 κλήρου
1615 2847 1763 2912 ἄξιός
1793 2850 1930 2913 ἐστι,

345 2928 437 2977 καὶ
501 2927 598 2980 ἐπὶ
679 2930 1004 3005 σωφροσύνῃ
1075 2938 1475 3006 μαρτυρεῖται,
1557 2939 1770 3008 μενέτω
1861 2943 1922 2994 ὲν

345 3016 539 3088 τούτῳ.

412 3109 667 3164 ΚΕΦΑΛ.
705 3109 838 3167 κη’.
873 3143 945 3153 —
979 3114 1119 3184 Περὶ
1151 3114 1255 3184 τῆς
1303 3117 1541 3186 ἡλικίας
1575 3119 1694 3174 τῶν
1738 3137 1931 3190 χειρου-

342 3201 724 3270 τονουμένων
760 3203 1029 3272 ἀρρένων
1073 3207 1172 3260 καὶ
1199 3209 1476 3275 θηλειῶν.

561 3295 832 3350 Συνόδου
879 3299 1346 3368 Νεοκαισαρείας
1380 3303 1583 3356 κανὼν
1627 3311 1718 3359 ια’.

409 3385 501 3440 ια’.
536 3387 812 3457 Πρεσϐύτε
823 3406 912 3460 ρος
935 3391 1040 3464 πρὸ
1062 3392 1169 3444 τῶν
1186 3393 1228 3445 λ’
1244 3395 1379 3446 ἐτῶν
1399 3396 1474 3465 μὴ
1498 3397 1927 3468 χειροτονείσθω,

344 3479 435 3530 ἐὰν
488 3479 590 3530 καὶ
634 3480 775 3532 πάνυ
835 3480 920 3552 εἴη
977 3482 1006 3533 ὁ
1065 3484 1350 3554 ἄνθρωπος
1413 3486 1580 3554 ἄξιος,
1634 3489 1750 3542 ἀλλ’
1789 3489 1928 3543 ἀπο-

342 3570 640 3640 τηρείσθω.
694 3571 753 3624 '0
783 3573 891 3644 γὰρ
928 3573 1131 3644 Κύριος
1177 3577 1387 3646 Ἰησοῦς
1445 3579 1680 3649 Χριστὸς
1733 3583 1792 3635 ὲν
1849 3582 1932 3654 τῷ

340 3663 652 3735 τριακοστῷ
687 3663 796 3717 ἔτει
824 3667 1100 3738 ἐφωτίσθη
1137 3670 1233 3722 καὶ
1262 3671 1464 3742 ἤρξατο
1491 3672 1786 3729 διδάσκειν.

625 3759 896 3813 Συνόδου
919 3762 1312 3830 Χαλκηδόνος
1344 3764 1544 3818 κανὼν
1569 3773 1648 3820 ιε’.

414 3856 497 3902 ιε’.
520 3849 881 3904 Διακὸνισσαν
898 3853 972 3923 μὴ
989 3855 1412 3924 χειροτονεῖσθαι
1425 3861 1658 3924 γυναῖκα
1675 3859 1780 3929 πρὸ
1795 3858 1932 3916 ὲτῶν

341 3939 774 4010 τεσσαράκοντα,
805 3943 898 3995 καὶ
920 3944 1121 4014 ταύτην
1145 3947 1281 4015 μετά
1303 3947 1565 4018 ἀκριϐοῦς
1589 3949 1929 4021 δοκιμασίας.

344 4031 404 4082 Εἰ
441 4031 499 4083 δέ
544 4047 607 4098 γε
637 4031 904 4105 δεξαμένη
932 4037 1029 4105 τὴν
1057 4035 1426 4108 χειροθεσίαν,
1469 4040 1562 4094 καὶ
1591 4042 1784 4111 χρόνον
1814 4044 1935 4097 τινὰ

341 4123 738 4194 παραμείνασα
786 4129 850 4197 τῇ
914 4127 1250 4200 λειτουγρίᾳ,
1294 4131 1490 4202 ἑαυτὴν
1523 4133 1693 4204 ἐπιδῷ
1746 4134 1930 4205 γάμῳ,

343 4215 620 4284 ὑϐρίσασα
650 4217 751 4287 τὴν
803 4218 896 4271 τοῦ
938 4220 1072 4272 Θεοῦ
1110 4223 1292 4291 χάριν,
1325 4225 1358 4294 ἡ
1401 4225 1626 4296 τοιαύτη
1657 4227 1934 4299 ἀναθεμα-

343 4308 578 4371 τιςέσθω
615 4310 752 4378 μετὰ
799 4309 892 4362 τοῦ
942 4312 1079 4384 αὐτῇ
1133 4314 1516 4384 συναφθέντος.

561 4535 835 4592 Συνοδου
878 4539 1297 4608 Καρθαγέννης
1351 4541 1554 4597 κανὼν
1619 4542 1716 4609 ις’.

413 4626 596 4681 Ὥστε
662 4628 898 4696 μηδένα
966 4631 1306 4686 ἐπίσκοπον
1359 4635 1397 4702 ἢ
1448 4639 1856 4705 πρεσϐύτερον
1893 4640 1930 4707 ἢ

341 4717 629 4772 διάκονον
682 4720 946 4790 Emme-ir
1001 4740 1136 4776 τινα
1187 4725 1519 4793 λαμϐάνειν
1547 4744 1563 4759 ⁸
1621 4730 1721 4782 καὶ
1779 4731 1936 4785 ὥστε

346 4810 482 4876 τοὺς
543 4809 931 4880 ἀναγνώστας
986 4816 1241 4883 γαμετὰς
1280 4817 1610 4886 λαμϐάνειν
1637 4834 1651 4848 ·
1693 4821 1790 4874 καὶ
1837 4824 1939 4876 ἵνα

344 4900 398 4952 cl
446 4902 721 4967 κληρικοὶ
789 4903 1092 4971 γυναικῶν
1154 4906 1254 4958 καὶ
1307 4910 1500 4961 τόκων
1540 4910 1878 4979 ἀπέχωνται
1915 4928 1929 4943 ’

2032 1825 2212 1892 facta;
2248 1844 2356 1883 non
2407 1843 2585 1888 autem
2632 1852 2696 1889 ex
2745 1842 2988 1896 susurris
3027 1845 3111 1898 vel
3164 1848 3462 1906 maledictis
3513 1863 3632 1906 orta

2031 1915 2084 1969 in
2121 1933 2244 1972 eum
2278 1923 2612 1990 suspicione.
2665 1929 2758 1981 Sin
2789 1943 2971 1985 autem
3026 1915 3135 1989 non
3175 1937 3340 1992 fuerit
3379 1941 3634 1998 iuventus

2031 2008 2251 2062 crimini
2318 2013 2614 2080 obnoxius,
2656 2031 2877 2075 maneat
2908 2022 2959 2076 in
3008 2025 3156 2082 clero
3194 2046 3207 2082 :
3259 2044 3437 2098 neque
3483 2034 3630 2088 enim

2033 2099 2188 2152 \anis
2222 2101 2513 2158 calumniis
2534 2106 2779 2162 animum
2807 2110 3067 2169 adbibere
3098 2128 3329 2186 Oportet.

2105 2191 2159 2245 3.
2203 2189 2474 2256 Quoniam
2510 2193 2710 2252 llierax
2749 2199 2882 2254 dicit
2928 2205 3217 2272 quemdam
3264 2225 3371 2264 non
3436 2211 3635 2268 debere

2031 2296 2153 2336 esse
2192 2283 2246 2336 in
2297 2285 2464 2353 clero,
2508 2300 2568 2343 ut
2611 2292 2706 2359 qui
2761 2295 2833 2348 sit
2864 2294 3247 2354 fornicationis
3297 2318 3631 2376 accusatus;

2033 2374 2226 2444 Apollo
2285 2390 2468 2434 autem
2531 2383 2824 2455 episcopus
2890 2398 3019 2444 tunc
3077 2392 3365 2450 aﬂlrmavit
3424 2374 3632 2454 nullum

2033 2479 2410 2525 accusatorem
2442 2475 2710 2534 adversus
2732 2496 2855 2534 eum
2890 2483 2944 2536 in
2993 2486 3229 2540 medium
3271 2494 3632 2558 processisse,

2036 2562 2124 2616 hic
2149 2579 2369 2633 quoque
2398 2569 2744 2624 exatniuetur
2770 2588 2784 2637 ;
2819 2575 2939 2629 etsi
2976 2576 3175 2647 aliquis
3219 2584 3438 2650 quidem
3467 2601 3633 2641 accu—

2036 2666 2187 2708 sator
2218 2657 2321 2709 ti.le
2344 2659 2546 2728 dignus
2581 2655 2876 2727 cxoritur,’
2907 2676 2963 2720 ct
2986 2670 3190 2726 crimen
3222 2675 3481 2740 probatur
3508 2694 3637 2748 pro-

2035 2743 2214 2800 ductis
2266 2747 2370 2802 lide
2415 2750 2594 2821 dignis
2649 2755 2901 2824 testibus,
2934 2761 3162 2816 ecclesia
3208 2763 3316 2834 95
3348 2743 3630 2838 ejiciatur;

2037 2837 2122 2892 sin
2158 2849 2340 2894 autem
2372 2842 2572 2911 dignus
2629 2855 2714 2901 est
2746 2848 2916 2916 clero,
2942 2861 2996 2905 et
3041 2853 3108 2908 de
3139 2854 3260 2924 ejus
3295 2862 3634 2916 continentia

2040 2931 2419 2986 testimonium
2449 2933 2676 3001 feratur,
2711 2939 2763 2992 in
2793 2955 2860 2994 co
2888 2953 3129 3001 maneat.

2105 3146 2257 3202 CAP.
2330 3149 2573 3208 XXVII].
2629 3186 2698 3195 —
2736 3157 2809 3212 De
2882 3161 3302 3217 ordinamlorum
3364 3169 3635 3241 utriusque

2032 3255 2186 3294 sexus
2219 3253 2396 3297 (etate.

2313 3334 2540 3392 Concilit'
2576 3337 3032 3399 Neocwsariensis
3069 3363 3233 3402 canon
3271 3351 3356 3404 11.

2108 3423 2194 3479 11.
2225 3427 2515 3499 Presbyter
2552 3430 2594 3462 "
2651 3443 2776 3489 ante
2809 3436 3029 3506 triginta
3061 3455 3235 3495 annos
3270 3457 3375 3496 non
3411 3445 3633 3500 ordine-

2037 3524 2146 3583 tur,
2183 3519 2395 3573 etiamsi
2431 3519 2595 3576 fuerit
2653 3527 2818 3579 homo
2855 3529 3016 3584 valde
3063 3531 3278 3602 dignus,
3311 3535 3405 3589 sed
3449 3553 3629 3591 rescr-

2033 3622 2208 3664 vetur.
2264 3610 2531 3668 Dominus
2559 3615 2704 3669 enim
2752 3617 2910 3675 Jcsus
2950 3621 3206 3679 Christus
3248 3626 3302 3679 in
3357 3629 3635 3685 tricesimo

2032 3718 2174 3758 anno
2200 3704 2508 3775 baptizatus
2532 3718 2616 3763 est
2645 3710 2710 3775 ‘5,
2746 3721 2800 3767 et
2829 3715 2996 3783 cmpit
3028 3717 3249 3773 docere.

2333 3795 2560 3850 Concilii
2582 3797 3022 3859 Chalcedonensis
3055 3823 3226 3860 canon
3262 3808 3351 3864 15.

2110 3886 2199 3943 15.
2234 3887 2608 3946 Diaconissam
2640 3908 2746 3947 non
2795 3911 2918 3951 esse
2954 3899 3234 3956 mulierem
3278 3903 3633 3960 ordinandam

2035 3989 2163 4035 ante
2189 3996 2394 4036 annum
2430 3985 2936 4055 quadragesimum,
2971 3999 3025 4044 et
3055 4007 3176 4046 eam
3218 4008 3346 4048 cum
3373 4007 3636 4052 accurata

2035 4074 2469 4128 examinatione.
2513 4074 2569 4130 Si
2601 4086 2784 4131 autem
2813 4091 3102 4151 postquam
3131 4084 3473 4141 ordinatione
3506 4103 3635 4141 sus-

2038 4178 2195 4233 cepta
2231 4164 2539 4222 ministerio
2573 4167 2760 4238 aliquo
2812 4177 3060 4239 tempore
3105 4177 3430 4243 permansit,
3492 4179 3638 4246 seip-

2038 4266 2154 4306 sam
2184 4253 2540 4310 matrimonio
2571 4258 2876 4323 tradiderit,
2909 4260 3001 4316 Dei
3028 4263 3218 4333 gratia:
3262 4264 3520 4334 iujuriam
3555 4268 3638 4319 l'a-

2036 4345 2210 4410 ciens,
2238 4362 2301 4400 ea
2335 4361 2441 4400 una
2457 4362 2582 4403 cum
2611 4349 2706 4404 illo
2734 4353 2828 4420 qui
2854 4351 2901 4406 ei
2931 4355 3260 4424 conjunctus
3281 4364 3389 4423 est,
3408 4357 3638 4412 anathe-

1965 4423 2010 4479 Ι)
2043 4438 2353 4494 matizctur.

2237 4550 2464 4606 Concilii
2499 4554 2937 4612 Chalcedonensis
2977 4559 3092 4631 (29)
3131 4577 3300 4616 canon
3342 4565 3430 4618 1ο.

2114 4638 2181 4693 Ut
2207 4643 2386 4697 nullus
2417 4646 2713 4715 episcopus,
2751 4650 3037 4721 presbyter,
3068 4661 3118 4706 et
3145 4653 3403 4710 diaconus
3441 4659 3638 4710 condu-

2041 4740 2156 4784 ctor
2181 4735 2421 4800 exsistat,
2446 4747 2492 4790 et
2515 4747 2572 4790 ut
2603 4739 2821 4794 lectores
2844 4758 3033 4797 uxores
3056 4747 3344 4814 accipiant,
3375 4760 3422 4802 et
3457 4751 3635 4804 clerici

2043 4825 2342 4880 abstineant
2372 4829 2436 4881 ab
2460 4833 2636 4885 usuris
2659 4849 2677 4886 :
2707 4845 2754 4889 et
2780 4852 2881 4905 quo
2914 4847 3139 4906 tempore
3165 4840 3240 4893 vel
3271 4842 3390 4910 ipsi,
3419 4845 3493 4896 rel
3527 4861 3636 4898 vir-

2039 4917 2185 4984 gines
2213 4931 2605 4989 consecrentnr,
2638 4933 2687 4977 et
2720 4925 2784 4978 de
2808 4943 2910 4980 non
2942 4929 3230 4984 salutando
3251 4935 3459 5002 populo.

345 4995 439 5047 καὶ
496 4995 646 5059 ποίῳ
685 4993 777 5048 δεῖ
812 4996 994 5064 καιρῷ
1044 4997 1082 5067 ἢ
1110 4999 1330 5066 αὐτοὺς
1375 5000 1414 5069 ἣ
1461 5001 1571 5067 τὰς
1608 5003 1945 5071 παρθένους
1983 5010 2401 5077 καθιεροῦσθαι
2437 5014 2568 5070 ’καί
2634 5019 2767 5086 περὶ
2799 5018 2907 5074 τοῦ
2959 5021 3047 5090 μὴ
3099 4993 3470 5091 προσίκύνεῖν
3530 5029 3638 5080 τὸν

344 5088 559 5158 δῆμον.

417 5183 514 5247 ις’.
551 5183 782 5253 Ὁμοίως
809 5185 1004 5254 ἤρεσεν
1025 5185 1112 5239 ἵνα
1139 5188 1428 5242 ἐπίσκοποι
1451 5189 1546 5244 καὶ
1569 5190 1931 5263 πρεσϐύτεροι

348 5276 440 5326 καὶ
470 5275 727 5343 διάκονοι,
777 5278 1114 5350 ὲκλήπτορες
1148 5280 1224 5351 μὴ
1266 5283 1524 5351 γίνωνται
1553 5283 1586 5354 ἢ
1613 5286 1927 5356 προκουρά·

422 5476 468 5507 ⁸³
507 5476 755 5533 Distinet.
778 5479 868 5534 78.
950 5478 993 5510 "
1030 5479 1160 5535 Luc.
1198 5496 1275 5547 ιιι,
1303 5480 1393 5536 25.

2112 5194 2197 5248 16.
2250 5194 2378 5251 Item
2412 5198 2455 5229 “'
2506 5199 2733 5270 placuit,
2770 5211 2831 5258 ut
2881 5204 3145 5275 episcopi,
3213 5207 3538 5277 presbyteri,
3583 5215 3636 5260 rt

2037 5287 2253 5345 diaconi
2309 5304 2418 5344 non
2475 5292 2587 5348 sint
2638 5293 3003 5354 conductores
3057 5305 3152 5353 aut
3209 5307 3626 5367 procuratores,

1473 5482 1516 5513 ⁸⁸
1548 5482 1807 5555 Cartliag.
1836 5499 1897 5547 ιι,
1926 5500 2048 5556 cap.
2089 5487 2172 5542 Ιὸ.

1560 5668 1561 5671 γ
1815 5595 2048 5653 norm.

423 5703 536 5777 (29)
591 5703 902 5767 Ferrandus
950 5725 1071 5781 cap.
1137 5710 1224 5779 70,
1283 5727 1348 5766 ex
1423 5711 1620 5767 concil.
1669 5712 1930 5786 Cartliag.
1970 5715 2055 5770 tit.
2103 5716 2196 5772 ‘24.
