4122 6446
542 274 646 340 551

1709 273 1972 335 ΡΠΟἹΊΙ
2026 269 2528 332 ΡΛΤΒῘΛΠΩΙῘᾹΞ
2562 269 2669 329 CP.

3729 268 3828 330 552

536 398 716 454 neque
742 381 855 438 ullo
881 381 1027 452 turpi
1059 380 1278 451 negotio
1303 389 1355 436 et
1387 381 1678 436 inhonesto
1707 385 1908 436 victum
1963 397 2110 448 qua:-

2215 394 2390 445 τορες,
2421 377 2554 448 μηδὲ
2611 377 2672 428 ἐκ
2713 393 2859 440 τινος
2888 377 3116 448 αἰσχροῦ
3169 377 3200 448 ἦ
3252 378 3463 449 ἀτίμου
3497 379 3831 448 πράγματτλς

537 485 682 541 rant,
714 476 841 544 quia
872 475 1147 543 respicere
1183 474 1386 527 debent
1420 475 1681 541 Scriptum
1733 489 1880 526 esse:
1915 470 2111 524 Nullus

538 569 778 620 militans
853 565 963 618 Deo
1013 565 1253 633 implicat
1301 582 1354 618 se
1401 566 1617 633 negotiis
1666 565 2007 618 srrcularibus
2047 565 2109 616 ‘°.

534 659 670 713 item
708 660 747 689 ”
783 658 1287 726 (47-’5οΗι1ιιοιιίιιιι
1322 656 1549 711 lectores
1569 672 1692 710 cum
1719 657 1784 709 ad
1815 670 1988 709 annos
2015 671 2113 724 pu-

535 748 765 801 bertatis
792 747 902 817 96
933 747 1298 815 pervenerint,
1351 752 1618 814 cogantur
1659 753 1754 796 aut
1787 757 1982 796 uxores
2013 742 2115 794 du-

535 857 678 904 cere,
712 849 806 893 aut
852 841 1245 894 continentiam
1299 839 1560 907 proliteri.
1616 838 1743 890 ltem
1796 837 2016 905 placuit,
2053 844 2115 887 ut

535 932 790 991 clericus.
828 932 872 984 si
910 929 1341 984 commodaverit
1381 929 1670 996 pecuniam
1697 928 1936 995 accipiat
1970 926 2106 994 (51),

535 1023 581 1077 si
616 1023 849 1091 speciem
881 1031 1144 1089 quantam
1177 1020 1388 1074 dederit
1411 1019 1681 1088 accipiat:
1721 1027 1774 1072 et
1800 1027 1857 1070 ut
1881 1027 2008 1070 ante
2039 1017 2111 1069 25

533 1130 707 1168 annos
758 1112 931 1167 aetatis
974 1111 1019 1143 ¹⁸
1055 1125 1154 1165 nec
1197 1110 1414 1166 diaconi
1461 1111 1789 1166 ordinentur
1822 1109 1959 1178 (52),
1996 1111 2113 1169 fnec

531 1208 767 1276 virgines
796 1207 909 1277 (33)
947 1215 1377 1261 consecrantur:
1416 1214 1472 1259 et
1495 1216 1553 1258 ut
1587 1205 1822 1259 lectores
1848 1203 2109 1273 populum

530 1314 635 1352 non
673 1299 928 1353 salutent.

705 1389 930 1446 Concilii
969 1389 1276 1446 azcumenici
1317 1405 1369 1443 Vl
1391 1404 1638 1454 canones,
1667 1388 1753 1452 14,
1797 1389 1887 1443 15.

600 1484 689 1537 14.
731 1482 1058 1538 Sanctorum
1084 1483 1508 1550 divinorumque
1532 1480 1757 1536 Patrum
1787 1491 2108 1536 nostrorum

525 1592 701 1630 canon
748 1577 800 1630 in
834 1576 920 1631 bis
949 1591 1170 1646 quoque
1208 1575 1406 1639 valeat,
1443 1585 1503 1628 ut
1542 1575 1825 1645 presbyter
1854 1585 1978 1628 ante
2015 1575 2111 1627 tri-

527 1669 679 1738 ginta
733 1682 910 1721 annos
961 1682 1068 1720 non
1115 1665 1419 1726 ordinetur,
1475 1663 1640 1718 etiam
1695 1663 1740 1717 si
1807 1665 1875 1718 sit
1943 1665 2106 1716 bomo

527 1759 686 1812 valde
725 1759 945 1828 dignus,
981 1757 1074 1811 sed
1107 1765 1436 1810 reservetur.
1469 1754 1736 1807 Dominus
1770 1755 1914 1807 enim
1944 1753 2105 1808 Jesus
2134 1741 2180 1800 Β

526 1850 781 1905 Christus
823 1849 1104 1903 tricesimo
1149 1864 1294 1902 anno
1330 1845 1638 1916 baptizatus
1695 1853 1800 1909 est,
1843 1855 1897 1898 ct
1945 1847 2109 1914 carpit

525 1943 741 1998 docere.
791 1943 1053 1996 Similiter
1090 1957 1191 1995 nec
1240 1940 1506 1993 diaconus
1544 1950 1670 1993 ante
1713 1939 1900 2009 viginti
1942 1941 2109 2006 qnin-

525 2046 633 2098 que
663 2045 858 2095 annos,
909 2046 1008 2084 nec
1036 2027 1348 2084 diaconissa
1380 2037 1506 2082 ante
1535 2026 1895 2096 quadraginta
1937 2023 2120 2079 annos'

527 2123 832 2176 ordinetur.

597 2215 686 2268 15.
738 2212 1117 2268 Subdiaconus
1163 2226 1232 2266 ne
1285 2211 1466 2264 minor
1519 2208 1709 2280 viginti
1758 2210 1916 2264 annis
1963 2209 2112 2262 ordi-

527 2317 702 2360 netur.
747 2305 800 2358 Si
839 2305 962 2374 quis
1017 2313 1198 2358 autem
1247 2304 1300 2357 in
1333 2303 1530 2372 quovis
1583 2302 1880 2357 sacerdotii
1935 2303 2107 2371 gradu

528 2409 725 2468 praeter
768 2398 1030 2468 prmlinita
1079 2407 1325 2467 tempora
1376 2396 1658 2452 ordinatus
1701 2394 1896 2460 fuerit,
1938 2396 2109 2466 depo-

527 2502 708 2544 natur.

603 2605 820 2660 Texms.
866 2603 1056 2660 Const.
1094 2603 1146 2669 9,
1195 2603 1280 2659 tit.
1311 2604 1364 2669 1,
1406 2603 1502 2659 lib.
1532 2619 1572 2669 ι,
1605 2604 1729 2659 cod.
1762 2617 1870 2658 non
1909 2616 2108 2658 conce-

525 2696 606 2749 dit
626 2696 995 2751 diaconlssam
1029 2696 1164 2758 fieri,
1194 2711 1315 2764 qua:
1346 2695 1743 2765 sexagesimum
1773 2712 1974 2749 annum
2001 2710 2107 2748 non

528 2787 824 2854 superavit.
861 2785 1097 2840 Constit.
1123 2801 1251 2839 vero
1280 2785 1333 2850 1,
1364 2787 1449 2840 tit.
1476 2787 1528 2852 1,
1568 2785 1918 2840 Novellarum
1953 2785 2105 2851 dicit,

530 2879 688 2950 [satis
713 2894 853 2944 esse,
885 2877 956 2950 si]
983 2879 1378 2948 quinquaginta
1405 2894 1674 2932 annorum
1711 2879 1798 2934 sit.
1828 2878 1891 2930 Et
1918 2880 1960 2933 si
1987 2893 2112 2946 pro-

529 2980 647 3038 pter
692 2968 1059 3022 necessariam
1101 2966 1340 3036 aliquam
1383 2981 1607 3021 causam
1663 2966 1766 3020 bac
1798 2973 1956 3019 :etate
1986 2963 2110 3035 [ali-

531 3059 660 3132 qua]
702 3061 877 3114 minor
911 3061 1160 3114 ordinata
1194 3059 1378 3123 fuerit,
1408 3056 1604 3131 [illam]
1643 3059 1692 3112 in
1716 3058 2108 3112 monasterium
2139 3092 2181 3148 ϐ

530 3153 744 3207 detrudi
773 3153 908 3216 vult,
946 3152 999 3204 in
1031 3167 1140 3221 quo
1179 3151 1283 3204 viri
1319 3150 1710 3204 commercium
1747 3165 1853 3202 non
1886 3148 2108 3213 habent,

532 3261 634 3299 nec
674 3245 840 3298 libera
871 3243 1084 3297 vivendi
1119 3243 1258 3295 ratio
1293 3251 1393 3295 est.
1427 3241 1626 3295 Verum
1659 3249 1835 3294 const.
1888 3239 1922 3292 2
1967 3239 2116 3308 ejus-

533 3339 654 3392 dem
689 3337 773 3389 tit.
823 3335 1068 3389 ecclesia:
1106 3334 1478 3388 diaconissam
1516 3332 1630 3384 ﬁeri
1678 3346 1786 3383 non
1830 3331 1963 3393 vult,
1994 3345 2116 3398 qua:

533 3429 892 3500 quadraginta
926 3429 1087 3482 annis
1141 3428 1322 3481 minor
1359 3425 1448 3479 sit.
1487 3423 1683 3478 Eadem
1735 3439 1898 3492 porro
1931 3429 2113 3478 const.

533 3523 660 3577 ait:
733 3520 1105 3576 Ordinandum
1162 3519 1538 3588 presbyterum
1593 3531 1700 3568 non
1748 3515 1945 3568 debere
1995 3529 2116 3567 esse

534 3617 802 3670 minorem
845 3614 1004 3668 annis
1059 3613 1318 3681 triginta,
1372 3611 1656 3664 diaconum
1709 3606 1800 3667 25.
1856 3608 2111 3659 lectorem

533 3708 838 3761 octodecnn
871 3747 886 3771 ,
923 3705 1239 3773 episcopum
1274 3698 1553 3774 [denique]
1592 3699 1812 3768 triginta
1847 3698 2110 3766 quinque.

535 3797 641 3851 Sed
682 3803 860 3850 const.
914 3796 980 3850 17
1027 3795 1271 3864 ejusdem
1309 3794 1390 3846 tit.
1446 3791 1563 3844 vult
1598 3799 1656 3844 ut
1684 3789 1971 3858 episc0pus
2018 3786 2116 3842 tri-

535 3890 803 3959 gesimntn
835 3903 1037 3941 annttm
1063 3886 1382 3941 excesserit.

597 3981 706 4051 97
729 3981 882 4033 CAP.
916 3977 1263 4033 XXIX-De
1308 3977 1792 4046 cliorcpiscoporum
1829 3977 2112 4039 creatione,

533 4082 582 4124 et
641 4075 850 4140 quando
903 4087 966 4122 ac
1013 4069 1272 4138 quomodo
1328 4068 1556 4137 offerant
1609 4067 1970 4135 vel|tradant
2031 4081 2111 4118 res

532 4183 738 4231 sacras,
773 4174 820 4219 et
843 4181 1096 4234 quosnam
1124 4180 1187 4216 ca:
1205 4163 1277 4216 eis
1311 4162 1558 4215 ordinare
1585 4160 1740 4214 liceat
1766 4177 1858 4213 nec
1886 4175 1967 4213 ne.

890 4256 1117 4310 Concilii
1147 4254 1418 4325 Ancyrani
1451 4269 1620 4306 canon
1654 4253 1744 4305 15.

606 4352 694 4406 1⁵5.
729 4348 1167 4416 Cborepiscopos
1195 4361 1299 4398 non
1329 4344 1490 4397 licere
1522 4342 1865 4411 presbyteros
1887 4340 1970 4394 vel
1996 4341 2114 4395 dia-

535 4461 708 4502 conos
745 4443 1025 4504 ordinare,
1079 4439 1174 4492 sed
1212 4451 1389 4506 neque
1431 4436 1583 4490 urbis
1619 4435 1984 4503 presbyteros,
2017 4435 2115 4488 nisi

2225 4433 2415 4499 κόνους
2471 4443 2798 4508 χειροτονεῖν
2852 4456 2868 4472 ⁶

537 4554 660 4592 cum
696 4535 895 4589 litteris
911 4533 980 4588 ab
1001 4532 1258 4601 episc0po
1281 4530 1611 4600 permissum
1641 4525 1824 4589 fuerit,
1857 4525 1910 4579 in
1937 4525 2113 4582 aliena

537 4627 815 4696 parochia.

821 4739 1048 4793 Concilii
1071 4736 1512 4792 Neocwsaricnsis
1544 4753 1713 4790 canon
1742 4737 1829 4792 15.

608 4835 698 4888 15.
735 4832 935 4887 Vicarii
964 4841 1146 4886 autem
1191 4830 1495 4900 presbyteri
1534 4843 1643 4883 non
1678 4838 1909 4898 possunt
1941 4827 1993 4880 in
2021 4825 2120 4880 (lo-

536 4926 739 4979 minico
778 4923 974 4979 oﬂerre
1009 4931 1275 4992 praesente
1303 4921 1582 4990 episc0po,
1607 4919 1688 4974 vel
1714 4919 1864 4974 urbis
1897 4918 2120 4988 presby-

536 5019 668 5074 teris
701 5036 713 5072 :
751 5032 925 5086 neque
980 5031 1175 5086 panem
1212 5016 1344 5069 dare
1389 5011 1745 5082 precationis,
1781 5026 1958 5079 neque
1984 5010 2120 5062 cali-

533 5127 671 5165 cem.
709 5111 802 5164 Sin
831 5120 1009 5164 autem
1036 5109 1242 5176 absint,
1273 5116 1329 5164 et
1356 5107 1507 5164 solus
1533 5106 1598 5161 ad
1627 5103 1995 5176 precationem
2027 5116 2122 5154 vo-

533 5212 689 5259 catus
716 5204 900 5271 fuerit,
931 5205 1045 5259 dat.

587 5315 630 5346 “‘
660 5315 701 5369 ll
753 5315 896 5371 Tim.
926 5334 987 5383 ιι,
1017 5317 1073 5372 4.
1148 5318 1188 5349 ¹⁷
1214 5317 1473 5388 Carthag.
1503 5331 1581 5382 tn,
1607 5329 1727 5383 cap.
1758 5313 1841 5367 19.

2215 469 2421 538 τροφὴν
2450 467 2796 536 πορίζωνται.
2834 470 3136 538 Ὀφείλουσι
3165 469 3274 538 γὰρ
3294 469 3628 536 ἀποϐλέψαι
3661 471 3740 531 εἰς
3774 471 3834 522 τὸ

2215 558 2620 626 γεγραμμένον·
2703 557 2914 622 Οὐδεὶς
2979 561 3472 627 στρατευόμενος
3534 557 3620 623 τῷ
3690 561 3831 622 Θεῷ,

2213 650 2497 716 ἐμπλέκει
2559 650 2778 702 ἑαυτὸν
2825 650 3130 718 πράγμασι
3190 650 3558 718 κοσμικοῖςο
3636 651 3836 719 ἦρεσ;ν

2213 741 2352 794 ὥστε
2381 743 2507 804 τοὺς
2534 741 2906 808 ἀναγνώστας,
2966 744 3045 805 εἰς
3108 742 3199 794 τὸν
3265 743 3468 811 καιρὸν
3520 743 3625 810 τῆς
3692 742 3834 810 ἥϐης

2214 834 2545 901 ἐρχομένους
2606 833 3012 899 ἀναγκάζεσθαι
3069 834 3099 902 ἢ
3154 835 3422 903 συμϐίους
3493 835 3832 900 ἀγαγέσθαι,

2213 928 2244 996 ἢ
2287 927 2614 997 ἐγκράτειαν
2655 928 2962 996 ὁμολογεῖν.
3028 929 3260 998 Ὁμοίως
3317 930 3535 998 ἤρεσεν
3569 928 3664 979 ἵνα
3697 929 3831 996 xli-‘-

2213 1019 2382 1089 ρικος,
2407 1020 2500 1072 ἐὰν
2535 1019 2793 1088 χρήματα
2814 1021 2887 1090 δῷ
2921 1022 2978 1073 ὲν
2995 1022 3210 1090 χρήσει,
3237 1020 3303 1072 τὰ
3326 1023 3608 1090 χρήματα
3642 1020 3786 1088 λάϐῃ
3817 1037 3833 1050 ο

2211 1112 2305 1163 ἐὰν
2341 1112 2395 1164 δὲ
2435 1107 2592 1176 εἶδος,
2619 1113 2742 1164 ὅσον
2772 1113 2968 1166 δέδωκε
2997 1113 3136 1181 λάϐῃ
3165 1153 3178 1178 ,
3216 1113 3312 1166 καὶ
3343 1113 3439 1165 ἴνα
3470 1112 3586 1181 πρὸ
3611 1111 3726 1164 τῶν
3759 1118 3834 1164 κε’

2210 1203 2492 1269 ἐνιαυτῶν,
2521 1205 2660 1273 μήτε
2701 1205 2937 1258 διάκονοι
2972 1206 3390 1275 χειροτονῶνται
3417 1222 3433 1234 ·
3471 1203 3618 1258 ἀλλὰ
3651 1205 3752 1258 καὶ
3785 1205 3834 1258 οι

2209 1293 2552 1362 ἀναγνῶσται
2581 1295 2672 1348 τὸν
2700 1295 2870 1366 δῆμον
2921 1297 2996 1367 μὴ
3029 1296 3446 1367 προσκυνῶσιν.

2316 1406 2586 1461 Συνόδου
2613 1407 3031 1477 οὶκουμενικῆς
3059 1410 3242 1476 ἕκτης
3271 1411 3486 1462 κανὼν
3519 1409 3606 1470 ιδ’,
3640 1409 3726 1463 ιε’.

2281 1495 2360 1549 ιδ’.
2406 1498 2464 1549 ὐ
2495 1498 2604 1550 τῶν
2652 1500 2822 1567 ἁγίων
2873 1501 2968 1553 καὶ
3029 1501 3305 1571 θεοφόρων
3355 1501 3528 1569 ἡμῶν
3564 1503 3831 1573 Πατέρων

2208 1588 2482 1658 κρατείτω
2519 1590 2698 1642 κανὼν
2729 1593 2822 1642 καὶ
2873 1594 2930 1644 ἐν
2989 1593 3180 1661 τούτῳ,
3221 1591 3362 1645 ὥστε
3433 1593 3826 1663 πρεσϐύτερον

2208 1680 2316 1748 πρὸ
2353 1681 2394 1731 λ’
2427 1681 2563 1733 ἐτῶν
2601 1682 2674 1753 μὴ
2704 1684 3148 1752 χειροτονεῖσθαι,
3204 1685 3306 1737 κᾶν
3339 1686 3492 1737 πάνυ
3622 1685 3774 1748 ἄξιος
3802 1687 3829 1738 ὁ

2210 1773 2538 1842 ἄνθρωπος,
2612 1776 2727 1826 ἀλλ’
2801 1776 3222 1846 ἀποτηρείσθαι.
3305 1777 3365 1828 Ὀ
3410 1777 3531 1844 γὰρ
3623 1777 3830 1846 Κύριος

2225 1866 2436 1934 Ἰησοῦς
2465 1868 2696 1936 Χριστὸς
2753 1870 2810 1920 ὲν
2839 1869 2917 1939 τῷ
2974 1870 3281 1940 τριακοστῷ
3325 1871 3442 1923 ἔτει
3486 1869 3825 1938 ἐϐαπτίσθη,

2210 1954 2303 2006 καὶ
2350 1955 2554 2024 ἤρξατο
2606 1955 2878 2010 διδάσκειν
2907 1977 2920 1990 ι
2957 1959 3156 2028 ὁμοίιος
3220 1961 3358 2029 μήτε
3417 1959 3684 2012 δ.ἀκονον
3722 1959 3828 2028 πρὸ

2208 2045 2317 2096 τῶν
2354 2053 2428 2098 κε’
2461 2046 2634 2112 ἐτῶν,
2697 2049 2730 2118 ἢ
2789 2049 3132 2102 διακόνισσαν
3184 2052 3291 2122 πρὸ
3323 2051 3435 2103 τῶν
3499 2057 3557 2120 μ’
3609 2052 3826 2121 χρόνων

2212 2138 2648 2206 χειροτονείσθω.

2285 2229 2366 2282 ιε’.
2406 2229 2794 2294 ’Υποδιάκονος
2823 2232 2896 2304 μὴ
2929 2234 3106 2304 ἥττων
3141 2235 3252 2286 τῶν
3286 2241 3362 2287 κε’
3394 2232 3826 2304 χειροτονείσῖω

2211 2317 2496 2372 ἐνιαυτῶν.
2528 2322 2588 2373 Εἰ
2635 2322 2691 2373 δέ
2746 2340 2828 2385 τις
2859 2326 2967 2376 τᾶν
2997 2326 3053 2376 ὲν
3091 2324 3274 2395 οἱᾳοῦν
3333 2327 3598 2395 ἱερατικῇ
3659 2341 3827 2375 κατα-

2217 2410 2407 2462 στάσει
2444 2414 2593 2482 παρᾶ
2620 2413 2745 2476 τοὺς
2765 2416 3083 2485 ὁρισθέντας
3115 2418 3529 2489 χειροτονηθείη
3572 2417 3820 2488 χρόνους,

2213 2501 2604 2571 καθαιρείσθω.

2297 2594 2362 2645 Ἢ
2395 2594 2438 2646 θ’
2472 2595 2716 2660 διάταξις
2743 2598 2834 2650 τοῦ
2867 2597 2913 2651 α’
2940 2599 3044 2652 τίτ.
3077 2600 3171 2653 τοῦ
3207 2608 3257 2654 α’
3287 2603 3433 2671 βιϐλ.
3476 2603 3577 2656 τοῦ
3604 2604 3737 2657 mas.
3764 2605 3823 2657 οὐ

2213 2691 2490 2755 συγχωρεῖ
2517 2688 2761 2754 γίνεσθαι
2792 2690 3155 2754 διακονισσαν,
3207 2693 3305 2763 τὴν
3349 2695 3425 2764 μὴ
3483 2696 3815 2764 ὑπερϐἄῑαν

2211 2777 2302 2830 τὸν
2332 2777 2374 2841 ξ’
2394 2781 2638 2833 ἐνιαυτόν
2667 2798 2681 2812 ο
2723 2783 2755 2851 ἡ
2781 2782 2837 2834 δὲ
2870 2783 3068 2838 α’διὰτ.
3099 2785 3192 2837 τοῦ
3218 2793 3267 2838 α’
3293 2789 3396 2841 τίτ.
3421 2789 3539 2842 τῶν
3570 2790 3815 2861 νεαρῶν,

2214 2869 2352 2920 ὲτῶν
2379 2870 2551 2942 αὐτὴν
2585 2869 2723 2925 εἶναι
2755 2874 2896 2927 θέλει
2922 2883 2983 2940 ν’,
3010 2877 3086 2940 ὡς
3113 2879 3166 2930 εἴ
3200 2895 3284 2946 γε,
3319 2880 3409 2933 διὲι
3446 2899 3576 2934 τινα
3628 2885 3808 2935 αἰτίαν

2215 2961 2537 3029 ἀναγκαίαν,
2573 2964 2810 3018 ἐλάττων
2843 2966 2976 3018 οὖσα
3027 2969 3230 3041 ταύτης
3272 2972 3371 3041 τῆς
3408 2973 3639 3042 ἡλικίας
3670 2977 3812 3042 ἐχει-

2219 3052 2501 3122 ροτονήθη,
2570 3054 2815 3124 βούλεται
2854 3063 3200 3128 μοναστηρέῳ
3240 3062 3616 3133 ἐμϐληθῆναι,
3659 3068 3718 3116 ἐν
3775 3056 3818 3131 ᾧ

2216 3144 2424 3214 ἀνδρῶν
2456 3147 2706 3217 ἐπιμιξία
2729 3149 2826 3201 οὐκ
2854 3150 3020 3215 ἔστιν,
3054 3150 3174 3205 οὔτε
3204 3155 3559 3219 αὐτεξούσιος
3590 3157 3772 3210 δίαιτα
3800 3173 3817 3188 θ

2214 3237 2246 3305 ή
2287 3236 2387 3305 μέν
2429 3255 2511 3290 τοι
2557 3239 2601 3308 β’
2641 3239 2781 3295 διάτ.
2825 3242 2917 3293 τοῦ
2954 3244 3118 3297 αὑτοῦ
3152 3245 3260 3300 τίτ.
3309 3249 3370 3300 οὐ
3421 3248 3571 3302 θέλει
3630 3249 3817 3302 διακόσ-

2215 3344 2402 3381 νισσαν
2431 3330 2725 3401 ἐκκλησίας
2773 3333 3042 3400 γίνεσθαι,
3084 3338 3192 3389 τῶν
3222 3345 3274 3408 μ’
3298 3341 3440 3394 ἑτῶν
3468 3343 3700 3413 ἥττονα.
3751 3341 3814 3394 ἸΙ

2215 3420 2352 3489 αὐτὴ
2399 3421 2456 3472 δὲ
2515 3422 2654 3476 διὰτ.
2708 3427 2976 3492 φησὶ,τὸν
3023 3431 3502 3501 χειροτονούμενον
3571 3433 3814 3503 πρεσϐύ-

2213 3529 2370 3581 τερον
2406 3513 2478 3584 μὴ
2512 3515 2746 3582 ὀρείλειν
2783 3514 2920 3570 εἶναι
2944 3521 3140 3589 ἥττονα
3173 3523 3281 3575 τῶν
3317 3523 3361 3575 λ’
3393 3526 3560 3591 ὲτῶν,
3614 3526 3711 3577 καὶ
3739 3511 3814 3576 κε’

2214 3604 2308 3656 τὸν
2341 3605 2606 3670 διάκονον,
2640 3609 2730 3660 τὸν
2778 3611 2833 3663 δὲ
2866 3613 3220 3684 ἀναγνώστην
3275 3615 3366 3685 ιη’,
3410 3617 3508 3670 καὶ
3546 3617 3640 3670 τὸν
3695 3616 3815 3669 ιπε-

2219 3713 2416 3750 σκοπον
2457 3700 2529 3752 λε’
2549 3717 2562 3732 σ
2595 3704 2628 3772 ἡ
2665 3703 2720 3755 δὲ
2748 3704 2812 3768 ιζ’
2847 3705 2987 3759 διάτ.
3029 3707 3120 3759 τοῦ
3145 3708 3308 3761 αὑτοῦ
3337 3710 3442 3766 τίτ.
3477 3710 3624 3765 θέλει
3653 3707 3811 3764 αὑτὸν

2217 3792 2654 3864 ὑπερϐεϐηκέναι
2693 3796 2761 3848 τὰ
2794 3796 2834 3848 λ’
2875 3798 2992 3867 ἐτη.

2288 3973 2537 4031 ΚΕΦΑΛ.
2564 3976 2690 4031 KG’.
2725 4008 2794 4018 ——
2824 3981 2958 4048 Περὶ
2994 3982 3289 4049 ποιήσεως
3312 3989 3803 4054 χωρεπισκόπων,

2215 4064 2313 4116 καὶ
2345 4066 2508 4129 πότε,
2553 4068 2650 4121 καὶ
2685 4070 2811 4137 πῶς
2830 4075 3282 4142 προσφέρουσιν
3317 4078 3355 4146 ἢ
3391 4079 3800 4148 μεταδιδόασι,

2215 4157 2313 4210 καὶ
2343 4159 2511 4225 τινας
2547 4165 3000 4229 χειροτονοῦσιν
3026 4167 3063 4235 ἣ
3096 4170 3188 4222 οὔ.

2505 4255 2776 4309 Συνόὸου
2847 4258 3126 4328 Ἀγκύρας
3172 4266 3375 4319 κανὼν
3403 4273 3492 4336 ιγ’.

2290 4351 2376 4411 ι“ί’-
2397 4345 2848 4417 Χωρεπισκὸποις
2877 4354 2952 4424 μὴ
2979 4353 3176 4419 ἐξεῖναι
3201 4360 3603 4433 πρεσϐυτέρους
3627 4361 3660 4433 ἢ
3686 4360 3800 4412 δια-

2924 4445 3060 4498 me
3123 4447 3229 4518 μὴν
3282 4449 3417 4519 μηδὲ
3483 4451 3802 4509 ἐπισκόποις

2220 4527 2451 4594 πόλεως,
2479 4533 2646 4601 χωρὶς
2677 4534 2767 4585 τοῦ
2801 4536 3169 4607 ἐπιτραπῆναι
3206 4540 3310 4594 ὑπὸ
3353 4543 3448 4595 τοῦ
3490 4543 3794 4597 ἐπισκόπου

2222 4622 2358 4691 μετὰ
2391 4627 2752 4694 γραμμάτων,
2784 4630 2842 4681 ὲν
2865 4630 3027 4702 ἑτέρᾳ
3057 4635 3339 4705 παροικίᾳ.

2392 4737 2664 4793 Συνόδου
2731 4744 3196 4813 Νεοκιιισαρείας
3266 4749 3466 4803 κανὼν
3529 4758 3617 4821 ιγ’.

2289 4825 2377 4895 ιγ’.
2416 4830 2728 4902 Ἐπιχώριοι
2757 4835 3116 4908 πρεσϐύτεροι
3141 4839 3198 4891 ἐν
3223 4840 3300 4910 τῷ
3319 4845 3569 4914 κυριακῷ
3592 4844 3685 4912 τῆς
3703 4842 3795 4893 πό·

2215 4918 2351 4982 λεως
2385 4925 2716 4992 προσφέρειν
2747 4926 2808 4978 οὐ
2834 4927 3108 4996 δύνανται,
3144 4933 3413 5001 παρόντος
3439 4933 3786 5002 ἐπισκόποιλῆ

2217 5011 2604 5084 πρεσϐυτέρων
2640 5016 2846 5082 πόλεως
2877 5059 2894 5085 ,
2946 5020 3069 5072 οὔτε
3129 5022 3234 5092 μὴν
3273 5021 3438 5095 ἄρτον
3490 5027 3690 5082 διδόναι
3738 5029 3790 5075 ἐν

2217 5102 2351 5172 εὐχῇ
2408 5103 2528 5156 οὐδὲ
2577 5107 2834 5175 ποτήριον
2862 5125 2876 5139 ’
2921 5109 3017 5163 ἐὰν
3055 5111 3111 5164 δὲ
3152 5113 3355 5182 ἀπῶσι,
3386 5119 3481 5170 καὶ
3513 5120 3593 5180 εἰς
3632 5118 3789 5186 εὐχὴν

2219 5192 2416 5264 κληθῇ,
2449 5196 2610 5263 μόνος
2644 5197 2878 5256 δίδωσιν.

1926 5309 1968 5339 ¹⁸
1999 5306 2258 5375 (Iartbag.
2291 5323 2372 5372 tn,
2401 5325 2521 5379 cap.
2555 5311 2640 5368 16.

2041 5396 2276 5452 NOTAE.

534 5497 815 5621 l_l(-l;-730)
860 5499 924 5553 Et
951 5497 1262 5554 Ferrandus
1283 5514 1405 5569 cap.
1437 5499 1561 5563 129,
1588 5510 1641 5554 et
1667 5514 1824 5554 conc.
1855 5493 2109 5562 Cartbag.

557 5585 568 5620 l
589 5607 612 5620 Δο
745 5609 755 5620 .

557 5585 612 5620 ιι.
667 5585 755 5620 'Zl.

603 5639 847 5718 ιδιγιιε.
878 5639 937 5694 Si
976 5639 1381 5694 commodaverit
1415 5641 1690 5708 pecuniam
1711 5682 1724 5707 ,
1754 5652 1801 5696 ct
1837 5642 2110 5711 pecuniam

533 5721 778 5774 accrpml.

2294 5495 2654 5579 (δὲξηίξοηοίιι
2702 5500 2960 5579 Carlltag.
2995 5523 3080 5569 tn,
3112 5524 3233 5579 cap.
3271 5512 3325 5576 4,
3375 5521 3428 5566 et
3463 5508 3780 5568 Ferrandus.

2221 5567 2600 5648 cap_._l°.2.‘l,_ex
2626 5573 2821 5648 congii.
2849 5567 3102 5648 Cartbag.
3137 5567 3217 5633 ιὶὶ.
3252 5581 3305 5634 9.

2251 5637 2694 5720 ,βφβίςιιοι-ιιιε
2734 5643 2961 5699 liberae.
2999 5637 3080 5702 tit:
3121 5649 3212 5716 9|,
3257 5652 3407 5707 addit
3443 5671 3455 5708 :
3507 5671 3526 5706 ι
3555 5648 3670 5703 Nisi
3701 5661 3778 5697 ιά-

2222 5709 2462 5762 tionabili
2494 5715 2800 5766 necessitate
2825 5728 3053 5785 cogente.
3091 5739 3108 5771 ι
