4122 6464
378 382 492 446 553

647 490 922 544 Συνόδου
989 487 1357 559 Ἀντιοχείας
1408 488 1611 544 κανὼν
1642 497 1696 545 ι’.

459 580 512 635 ι’.
536 582 673 645 Τοὺς
706 583 765 635 ὲν
811 582 933 643 ταῖς
965 578 1180 650 κώμαις
1211 581 1243 653 ἦ
1276 580 1506 652 χώραις,
1546 582 1580 652 ἢ
1629 583 1756 646 τοὺς
1782 581 1972 637 καλου-

374 674 576 743 μένους
642 673 1128 745 χωρεπισκόπους,
1198 675 1248 726 ειί
1307 673 1403 725 καὶ
1458 674 1801 744 χειροθεσίαν
1859 670 1971 727 εἷεν

374 766 697 819 ἐπισκόπων
747 765 1051 836 εἰληφότες,
1084 764 1232 830 ἔδοξε
1276 768 1342 835 τῇ
1374 766 1507 837 ἁγία
1543 766 1747 836 συνόδῳ
1769 765 1969 819 εἰδέναι

372 858 449 910 τά
500 856 706 909 ἑαυτῶν
761 855 957 927 μέτρα,
997 856 1107 909 ’καὶ
1160 856 1387 910 διοικεῖν
1439 858 1540 921 τὰς
1598 858 1968 927 ὑποκειμένας

372 949 564 1009 αὐτοῖς
589 947 907 1018 ἐκκλησίας,
944 947 1038 1000 καὶ
1066 949 1131 1018 τῇ
1154 947 1363 1001 τούτων
1392 948 1680 1019 ἀρκεῖσθαι
1724 948 1968 1019 φροντίδι

374 1040 477 1092 καὶ
503 1038 820 1110 κηδεμονίᾳ,
874 1037 1140 1109 καθιστᾷν
1196 1056 1259 1092 τε
1305 1039 1658 1108 ἀναγνώστας
1695 1042 1791 1094 καὶ
1831 1042 1966 1095 ὐπο-

372 1130 658 1194 διακόνους
704 1131 800 1184 καὶ
831 1130 1174 1201 ἑξορκιστάς,
1203 1133 1298 1187 καὶ
1336 1134 1403 1203 τῇ
1436 1131 1642 1186 τούτων
1676 1132 1966 1205 ἀρκεῖσθαι

374 1224 703 1293 προαγωγῇ,
763 1222 905 1293 μήτε
952 1221 1011 1274 δὲ
1071 1223 1445 1294 πρεσϐύτερον
1503 1225 1643 1296 μήτε
1708 1225 1959 1279 διάκονον

372 1315 703 1384 χειροτονεῖν
724 1313 933 1385 τολμᾷν
964 1313 1089 1383 δίχα
1118 1314 1211 1368 τοῦ
1240 1316 1299 1367 ὲν
1336 1318 1404 1387 τῇ
1438 1314 1593 1369 πόλει
1639 1317 1963 1385 ἐπισκόπου,

372 1399 410 1476 ᾖ
439 1404 727 1459 ὑπόκειται
755 1404 921 1469 αὐτός
944 1422 1005 1458 τε
1044 1406 1139 1459 καὶ
1165 1406 1200 1477 ἡ
1235 1404 1409 1479 χώρα.
1460 1407 1522 1460 Ei
1569 1407 1627 1462 δὲ
1673 1409 1967 1480 τολμήσειέ

370 1513 463 1558 τις
514 1495 827 1567 παραϐῆναι
879 1498 950 1551 τά
999 1497 1305 1569 ὁρισθέντα,
1368 1497 1752 1570 καθαιρεῖσθαι
1801 1502 1966 1557 αὑτὸν

371 1587 473 1640 καὶ
520 1582 585 1658 ἧς
618 1586 837 1659 μετέχει
880 1588 1086 1659 τιμῆς’
1127 1590 1552 1660 χωρεπίσκοπον
1598 1590 1658 1644 δὲ
1717 1591 1964 1661 γίνεσθαι

369 1677 481 1732 ὑπὸ
510 1678 604 1731 τοῦ
634 1679 733 1751 τῆς
763 1678 967 1743 πόλεως
993 1674 1334 1753 ᾗύπόκειται
1359 1680 1679 1737 ἐπισκόπου.

447 1769 774 1824 Βασιλείου
834 1770 904 1824 ἐκ
944 1770 1054 1839 τῆς
1101 1772 1253 1842 πρὸς
1286 1771 1428 1838 τοὺς
1465 1777 1963 1844 χωρεπισκόπους

1131 380 1530 443 SYNTAGMA
1568 380 1957 443 CANONUM.
1979 406 2046 416 -
2062 382 2212 441 TIT.
2236 382 2285 440 Ι.
2305 381 2461 440 CAP.
2501 381 2907 443 XXIX-XXX.

2000 498 2047 551 A

3544 384 3649 445 ἶςῦί

2430 490 2654 546 Concilii
2685 490 2995 543 Antiocheni
3017 504 3184 542 canon
3210 489 3294 542 10.

2150 583 2234 637 10.
2253 582 2293 636 li
2313 582 2403 653 qui
2422 592 2549 637 sunt
2569 582 2621 635 in
2642 582 2776 636 vicis
2808 582 2889 634 vel
2916 580 3191 649 βοαῖς,ηυὶ
3212 580 3470 635 dicuntur
3491 581 3651 635 clior-

2070 673 2338 743 episcOpi,
2379 672 2595 728 etiamsi
2633 672 2872 741 episcopi
2895 672 3295 725 ordinationem
3318 686 3652 726 manunmve

2072 766 2471 837 impositionem
2510 764 2841 833 acceperint,
2880 765 3055 817 visum
3087 771 3194 824 est.
3236 771 3296 816 ut
3335 776 3496 817 suum
3529 778 3651 817 mo-

2069 856 2198 910 dum
2252 857 2450 920 sciant,
2509 866 2564 909 et
2612 855 2715 910 sibi
2763 855 3042 923 snbjectas
3098 854 3362 909 ecclesias
3413 855 3650 907 admini—

2070 956 2266 1011 strent,
2285 962 2587 1016 earumque
2614 962 2746 1002 cura
2772 955 2826 1000 et
2848 945 3221 1002 sollicitudine
3251 947 3489 1015 gerenda
3511 962 3649 1000 con-

2072 1039 2205 1093 tenti
2248 1039 2396 1094 sint:
2431 1040 2771 1094 constituant
2817 1048 3000 1092 autem
3062 1038 3317 1103 lectores,
3381 1038 3646 1109 liypodia—

2067 1144 2240 1186 conos
2267 1140 2322 1185 et
2342 1131 2734 1195 exorcistas,et
2759 1145 2947 1184 eorum
2968 1131 3370 1199 promotionem
3396 1130 3648 1185 sulliccre

2067 1219 2409 1284 existiment,
2451 1233 2555 1274 nec
2598 1218 2996 1289 presbyterum,
3040 1234 3139 1274 nec
3162 1219 3452 1273 diaconum
3493 1219 3644 1273 ordi-

2068 1326 2201 1365 nare
2231 1310 2469 1365 audeant
2499 1310 2708 1380 absque
2738 1311 2889 1366 urbis
2911 1310 3188 1380 episcopo,
3221 1311 3308 1365 cui
3353 1308 3645 1381 subjicitur

2065 1403 2184 1472 ipse
2214 1412 2269 1457 et
2300 1403 2474 1474 regio.
2528 1403 2585 1457 Si
2615 1404 2742 1472 quis
2769 1412 2952 1458 autem
2987 1418 3051 1458 ea
3095 1419 3217 1471 quae
3240 1403 3463 1458 deﬁnita
3512 1410 3644 1457 sunt

2067 1496 2375 1566 transgredi
2434 1496 2654 1560 audeat,
2703 1496 2820 1566 ipse
2847 1510 3069 1566 quoque
3118 1497 3421 1566 deponatur
3469 1495 3537 1550 ab
3573 1509 3643 1549 eo

2066 1586 2276 1643 honore
2298 1602 2460 1658 quem
2494 1589 2677 1643 habet.
2716 1587 2838 1643 Fiat
2865 1601 3048 1643 autem
3091 1588 3519 1659 chorepiscopus
3570 1589 3643 1642 ab

2062 1680 2323 1750 episcOpo
2355 1680 2616 1748 civitatis,
2651 1681 2741 1736 cui
2770 1679 3078 1749 subjicitur.

2140 1770 2254 1841 98
2276 1771 2477 1825 Basilii
2503 1787 2570 1826 ea:
2591 1772 2814 1841 epistola
2835 1772 2904 1825 ad
2933 1773 3344 1843 dturepiscopos,
3365 1771 3518 1837 Quod
3539 1788 3641 1827 non

367 1859 732 1931 ἐπιστολῆς,
756 1860 933 1917 ὥστε
981 1865 1070 1934 μὴ
1104 1865 1377 1934 τίνεσθαι
1424 1864 1600 1934 χωρὶς
1627 1866 1815 1923 αὑτοῦ
1846 1872 1956 1926 ὐπ-

2062 1870 2300 1930 oporteat
2326 1862 2442 1929 ﬁeri
2480 1863 2750 1917 ministros
2775 1872 2959 1917 contra
2981 1879 3226 1918 canones.

370 1952 592 2022 ηρέτας
614 1956 776 2023 παρὰ
799 1955 943 2024 τοὺς
972 1957 1259 2024 κανόνας.

447 2044 596 2099 Πάνυ
623 2063 692 2115 με
720 2046 881 2101 λυπεῖ
899 2049 981 2104 ὅτι
1001 2048 1376 2103 ὲπιλελοίπασι
1406 2049 1614 2121 λοιπὸν,
1646 2073 1701 2110 κ.
1741 2072 1796 2109 τ.
1818 2055 1866 2107 λ.

445 2136 701 2193 ΚΕΦΔΛ.
733 2135 815 2192 A'.
847 2167 921 2178 --
943 2139 1084 2209 Περὶ
1110 2140 1219 2195 τοῦ
1253 2140 1406 2197 ἑπτὰ
1442 2145 1540 2199 καὶ
1557 2148 1786 2216 μόνους
1813 2142 1966 2201 εἶναι

367 2227 695 2297 διακόνους
723 2231 1008 2301 ὀφείλειν,
1041 2234 1156 2289 κᾶν
1182 2236 1221 2305 ἡ
1253 2238 1431 2305 πόλις
1468 2240 1703 2313 μεγάλη
1745 2237 1809 2314 ᾖ.

554 2322 830 2378 Συνόδου
857 2327 1329 2396 Νεοκαισαρείας
1355 2332 1559 2387 κανὼν
1593 2334 1673 2402 ιδ’,
1702 2342 1783 2390 ιε’.

443 2412 529 2468 ιδ’.
557 2414 621 2467 Oi
655 2414 712 2468 δὲ
735 2416 1141 2487 χωρεπίσκοποι
1178 2421 1287 2475 εἰσὶ
1321 2423 1421 2494 μὲν
1449 2427 1529 2490 είς
1556 2427 1728 2482 τύπον
1762 2428 1872 2483 τῶν
1896 2436 1959 2495 o',

367 2503 445 2568 ὡς
473 2504 534 2558 δὲ
582 2505 1009 2579 συλλειτουργοὶ,
1056 2508 1145 2566 διὰ
1172 2512 1273 2582 τὴν
1325 2516 1561 2589 σπουδὴν
1598 2517 1696 2590 τὴν
1726 2521 1806 2584 είς
1832 2521 1959 2584 τοὺς

367 2595 625 2665 πτωχοὺς
638 2637 654 2660 ,
679 2598 1045 2669 προσφέρουσι
1065 2601 1392 2672 τιμώμενοι.

444 2696 532 2743 ιε’.
555 2691 803 2745 Διάκονοι
826 2691 967 2747 έπτά
990 2693 1295 2764 ὀφείλουσιν
1315 2693 1454 2751 εἶναι
1468 2699 1610 2753 κατά
1624 2699 1716 2753 τὸν
1732 2703 1955 2769 κανόνα,

368 2780 476 2833 κᾶν
513 2781 656 2834 πάνυ
704 2783 916 2854 μεγάλη
962 2778 997 2859 ᾖ
1034 2785 1068 2856 ὴ
1114 2785 1269 2851 πόλις
1292 2802 1307 2818 ο
1336 2789 1605 2860 πεισθήσῃ
1637 2790 1694 2845 δὲ
1726 2792 1835 2846 ἀπὸ
1858 2797 1955 2866 τῆς

365 2870 560 2944 βίϐλου
587 2873 696 2927 τῶν
720 2874 1001 2946 Πράξεων.

525 2964 793 3020 Συνόδου
818 2968 1239 3037 οἱκουμενικῆς
1270 2970 1452 3037 ἕκτης
1486 2973 1687 3027 κανὼν
1712 2972 1810 3038 ις’.

440 3052 541 3120 ις’.
558 3056 777 3127 Ἐπειδὴ
797 3059 852 3110 αἱ
883 3058 995 3112 τῶν
1018 3059 1276 3129 Πράξεων
1298 3060 1493 3131 βίϐλοι,
1513 3062 1652 3117 έπτά
1673 3064 1953 3128 διακόνους

367 3146 476 3201 ὑπὸ
508 3147 620 3200 τῶν
645 3148 958 3203 ἀποστόλων
983 3152 1323 3223 καταστῆναι
1365 3155 1775 3224 παραδιδόασιν,
1811 3159 1860 3210 οἱ
1894 3158 1950 3210 δὲ

365 3240 468 3311 τῆς
523 3242 666 3295 κατὰ
709 3240 1144 3316 Νεοκαισάρειαν
1215 3247 1439 3299 συνόδου
1515 3248 1689 3311 οὕτως
1735 3251 1795 3303 ὲν
1837 3252 1948 3314 τοῖς

364 3331 637 3385 ὲκτεθεῖσι
663 3334 793 3403 παρ’
811 3334 991 3388 αὐτῶν
1049 3337 1239 3391 κανόσι
1277 3338 1465 3407 σαφῶς
1516 3340 1794 3411 διεξῆλθον
1818 3386 1832 3409 ,
1870 3344 1953 3396 ὅτι

363 3421 605 3476 διάκονοι
625 3424 769 3478 ἑπτά
795 3425 1102 3496 ὀφείλουσιν
1137 3426 1279 3483 εἶναι
1303 3431 1444 3484 κατά
1479 3432 1572 3484 τὸν
1606 3434 1825 3499 κανόνα,
1851 3434 1954 3487 κᾶν

366 3516 511 3569 πάνυ
545 3517 755 3587 μεγάλη
787 3518 821 3587 ἡ
853 3518 1005 3581 πόλις
1027 3519 1134 3591 εἴη,
1160 3520 1430 3592 πεισθήσῃ
1455 3522 1513 3576 δὲ
1543 3523 1606 3575 ὲκ
1636 3525 1733 3594 τῆς
1770 3524 1953 3595 βίϐλου

364 3607 474 3659 τῶν
501 3606 780 3679 Πράξεων·
810 3610 970 3685 ἡμεῖς
1012 3610 1091 3682 τῷ
1141 3612 1482 3685 ἀποστολικῷ
1534 3616 1682 3688 ῥητῷ
1707 3617 1798 3671 τὸν
1831 3618 1956 3671 νοῦν

366 3699 782 3770 ὲφαρμόσαντες
831 3700 939 3754 τῶν
1000 3704 1285 3774 Πατέρων,
1319 3703 1557 3776 εὕρομεν
1604 3706 1681 3772 ὡς
1736 3709 1764 3761 6
1796 3709 1954 3773 λόγος

364 3792 554 3854 αὐτοῖς
585 3791 646 3844 οὐ
675 3793 806 3864 περὶ
846 3793 956 3846 τῶν
986 3796 1098 3858 τοῖς
1150 3798 1473 3868 μυστηρίοις
1519 3797 1954 3870 διακονουμένων

363 3881 579 3953 ἀνδρῶν
642 3879 733 3955 ἦν,
790 3884 925 3938 άλλά
976 3886 1105 3956 περὶ
1165 3886 1265 3959 τῆς
1316 3889 1375 3941 ὲν
1435 3889 1557 3951 ταῖς
1601 3890 1810 3960 χρείαις
1843 3891 1952 3944 τῶν

364 3971 656 4042 τραπεζῶν
712 3974 1015 4048 ὑπουργίας
1046 3993 1062 4011 ο
1122 3977 1226 4049 τῆς
1268 3979 1378 4033 τῶν
1442 3980 1701 4051 Πράξεων
1771 3982 1951 4055 βίϐλου

363 4062 541 4128 οὕτως
578 4065 844 4137 ἐχούσης·
890 4069 996 4122 Ἐν
1037 4070 1168 4135 ταῖς
1196 4070 1445 4140 ἡμέραις
1491 4073 1753 4142 ἐκείναις
1797 4078 1955 4143 πλη-

364 4157 675 4211 θυνόντων
702 4157 821 4212 τῶν
838 4158 1139 4229 μαθητῶν,
1173 4162 1409 4232 ἐγένετο
1441 4166 1783 4235 γογγυσμὸς
1833 4165 1954 4220 τῶν

375 4245 790 4317 Ἑλληνιστῶν
835 4251 980 4319 πρὸς
1006 4253 1149 4321 τοὺς
1176 4253 1505 4323 Ἐϐραίους,
1537 4258 1628 4312 ὅτι
1659 4261 1953 4327 παρεθεω-

358 4340 580 4406 ροῦντο
623 4340 696 4395 ἐν
722 4341 797 4411 τῇ
825 4343 1099 4415 διακονίᾳ
1142 4345 1220 4416 τῇ
1269 4348 1641 4419 καθημερινῇ
1683 4354 1742 4405 at
1772 4350 1954 4419 χῆραι

362 4431 564 4486 αὐτῶν
585 4447 600 4463 ο
631 4434 1196 4505 προσκαλεσάμενοι
1230 4439 1299 4491 δὲ
1327 4441 1382 4493 οἱ
1418 4439 1649 4494 δώδεκα
1683 4440 1751 4495 τὸ
1789 4440 1952 4509 πλῆ-

2137 2039 2531 2097 Permolestum
2566 2040 2720 2107 mihi,
2739 2050 2847 2097 etc.
2884 2039 2952 2095 Ut
2977 2055 3100 2111 pag.
3134 2040 3261 2097 490.

2134 2130 2288 2187 CAP.
2318 2130 2489 2187 XXX.
2529 2161 2600 2176 —
2652 2130 2722 2186 Ut
2766 2132 2818 2185 in
2850 2148 3166 2202 unaquaque
3219 2132 3368 2195 urbe,
3431 2132 3643 2187 etiamsi

2065 2239 2258 2293 magna
2286 2223 2392 2289 sit,
2420 2239 2522 2277 non
2558 2224 2663 2277 sint
2686 2222 2898 2276 diaconi
2922 2223 3040 2292 plus
3068 2239 3228 2293 quam
3247 2230 3463 2291 septem.

2281 2312 2507 2370 Concilii
2534 2314 2960 2370 Neocwsarensis
2981 2331 3204 2370 canones
3239 2314 3322 2379 l4,
3356 2314 3442 2369 15.

2135 2405 2221 2461 14.
2276 2406 2661 2478 Chorepisc0pi
2715 2417 2899 2462 autem
2934 2417 3063 2462 sunt
3110 2407 3332 2477 quidem
3376 2408 3429 2461 in
3472 2407 3641 2479 lignra

2061 2498 2401 2567 septuaginta
2439 2514 2451 2551 :
2493 2510 2553 2553 ut
2597 2509 2777 2554 autem
2818 2500 3208 2563 comministri,
3253 2510 3477 2569 promer
3523 2511 3641 2555 stu-

2059 2589 2211 2644 dium
2239 2590 2293 2644 in
2321 2605 2612 2661 pauperes,
2643 2591 2880 2647 oderunt
2911 2593 3183 2647 honorati.

2129 2681 2217 2737 15.
2238 2680 2458 2736 Diaconi
2480 2692 2688 2753 septem
2713 2698 2836 2739 esse
2856 2684 3058 2738 debent
3088 2700 3155 2740 ex
3195 2700 3426 2752 canone,
3454 2686 3644 2741 etiam-

2044 2775 2102 2835 ,εἰ
2155 2775 2228 2830 sit
2271 2790 2467 2846 magna
2500 2775 2722 2832 civitas.
2774 2776 2905 2847 Ejus
2935 2786 3117 2833 autem
3156 2780 3234 2834 rei
3291 2780 3449 2834 ﬁdem
3479 2780 3640 2836 faciet

2057 2866 2193 2920 liber
2220 2866 2502 2922 Actorum.

2354 2961 2580 3018 Concilii
2600 2960 2901 3017 aecumenici
2930 2976 2983 3015 vt
3022 2977 3193 3017 canon
3226 2962 3315 3018 16.

2131 3060 2215 3115 l6.
2254 3057 2528 3125 Quoniam
2560 3056 2794 3111 Aetuum
2829 3054 2968 3109 liber
3012 3062 3221 3123 septem
3257 3054 3518 3112 diaconos
3568 3058 3638 3110 ab

2056 3151 2343 3223 apostolis
2391 3147 2724 3205 constitutos
2780 3160 2904 3202 esse
2956 3146 3148 3210 tradit,
3200 3146 3638 3203 Neocaesarensis

2056 3255 2236 3299 antem
2268 3239 2567 3313 synodus”
2595 3238 2677 3295 sic
2703 3240 2754 3293 in
2788 3254 2819 3293 a
2855 3254 2915 3295 se
2943 3238 3101 3293 editis
3123 3239 3423 3294 canonihns
3453 3250 3639 3307 aperte

2055 3336 2351 3401 disseruit;
2392 3333 2536 3405 quod
2566 3342 2773 3403 septem
2800 3331 3000 3387 debent
3039 3347 3164 3387 esse
3198 3332 3413 3387 diaconi
3440 3350 3505 3387 ex
3548 3349 3639 3389 ca-

2057 3444 2218 3493 none,
2248 3426 2462 3483 etiamsi
2491 3425 2563 3482 sit
2588 3424 2740 3479 valde
2772 3438 2966 3493 magna
3012 3423 3228 3486 civitas,
3258 3439 3324 3478 ex
3355 3424 3497 3477 libro
3535 3440 3636 3478 an-

2055 3532 2164 3577 tem
2202 3520 2431 3575 Actunm
2477 3518 2939 3589 persnadeberis:
2983 3532 3083 3573 nos
3144 3532 3270 3573 cum
3314 3518 3459 3572 dicto
3501 3534 3639 3587 apo-

2054 3613 2251 3669 stolico
2297 3611 2519 3667 Patrum
2552 3619 2788 3666 mentem
2851 3610 3288 3680 adaptassemns,
3329 3609 3641 3667 invenimus

2055 3721 2150 3761 eos
2182 3720 2304 3763 esse
2332 3706 2544 3760 locutos
2573 3718 2683 3758 non
2712 3704 2778 3758 de
2803 3703 2959 3767 viris,
3005 3702 3099 3773 qui
3145 3702 3467 3758 ministrant
3513 3720 3636 3775 my-

2054 3796 2238 3851 sreriis
2265 3837 2279 3863 ,
2323 3796 2418 3853 sed
2452 3797 2520 3852 de
2550 3794 2856 3850 ministerio
2911 3793 3057 3863 quod
3089 3794 3142 3847 in
3187 3808 3292 3850 usu
3325 3808 3639 3847 mensarum

2055 3892 2434 3956 adhibebatur,
2489 3905 2617 3944 cum
2669 3888 2806 3943 liber
2844 3889 3080 3942 Actuum
3137 3886 3218 3942 sic
3268 3887 3466 3941 habeat
3516 3904 3529 3939 :
3572 3886 3641 3939 In

2055 3982 2402 4044 diebusjllis
2469 3996 2589 4035 cum
2647 3978 3035 4049 discipulorum
3096 3978 3380 4032 multitudo
3426 3995 3641 4033 cresce-

2056 4086 2170 4137 ret,
2234 4074 2339 4144 fuit
2385 4071 2692 4127 Graecorum
2746 4088 2991 4125 murmur
3048 4072 3298 4125 adversus
3351 4071 3638 4135 Hebrwas,

2053 4164 2192 4235 quod
2222 4161 2645 4232 despiciebantur
2673 4178 2852 4215 eorum
2883 4160 3059 4215 vidua:
3088 4160 3145 4213 in
3172 4160 3469 4214 ministerio
3506 4178 3641 4227 quo-

2054 4258 2279 4312 tidiano.
2310 4255 2422 4326 99
2452 4254 2742 4308 Duodecim
2770 4269 2917 4324 ergo,
2950 4252 3214 4306 accersita
3255 4253 3641 4319 discipulorum

2055 4348 2393 4402 multitudine
2418 4347 2664 4400 dixerunt
2690 4358 2709 4399 :
2738 4344 2860 4398 Non
2889 4344 3080 4413 placet,
3114 4352 3171 4396 ut
3218 4345 3370 4398 verba
3406 4345 3504 4399 Dei
3551 4360 3639 4397 re-

2054 4442 2181 4496 licto
2211 4441 2402 4495 mensis
2429 4439 2751 4503 serviamus;
2776 4437 3040 4507 providete
3068 4452 3190 4505 ergo
3209 4475 3224 4499 ,
3249 4436 3466 4505 fratres,
3497 4439 3637 4492 viros

365 4524 464 4588 θος
489 4520 611 4575 τῶν
623 4523 923 4591 μαθητῶν,
945 4520 1137 4579 εἷπον·
1175 4528 1297 4581 Οὐκ
1325 4527 1584 4596 ἀρεστόν
1598 4530 1770 4583 ἐστιν
1795 4529 1953 4599 ἡμᾶς

2056 4546 2121 4587 ex
2149 4531 2318 4597 vobis,
2348 4531 2412 4585 de
2435 4529 2625 4600 quibus
2651 4528 2844 4582 bonum
2869 4531 2935 4582 sit
2970 4529 3331 4583 testimonium
3351 4571 3366 4595 ,
3415 4540 3634 4607 septem,

364 4614 847 4682 καταλείψαντας
860 4616 966 4669 τὸν
975 4617 1162 4685 λόγον
1174 4618 1278 4672 τοῦ
1297 4619 1467 4682 Θεοῦ,
1489 4620 1793 4676 διακονεῖν
1817 4638 1952 4691 τρα-

365 4702 563 4770 πέζαις
585 4718 602 4737 ο
631 4704 1048 4773 ἐπισκέψασθε
1075 4702 1189 4762 οὖν
1214 4748 1228 4772 ,
1259 4708 1511 4777 ἀδελφοὶ
1534 4748 1550 4774 ,
1605 4709 1831 4778 ἄνδρας
1878 4712 1948 4775 ἐξ

363 4793 531 4862 ὑμῶν
556 4796 1080 4866 μαρτυρουμένους
1107 4799 1278 4865 ἑπτὰ,
1323 4801 1580 4870 πλήρεις
1602 4804 1949 4872 Πνεύματος

364 4886 535 4954 ἁγίου
586 4888 686 4941 καὶ
721 4890 962 4957 σοφίας,
1015 4890 1126 4955 οὓς
1184 4893 1653 4963 καταστήσομεν
1693 4895 1794 4948 ἐπὶ
1835 4894 1947 4964 τῆς

365 4980 568 5045 χρείας
620 4981 843 5049 ταύτης
870 4996 884 5010 ο
927 4982 1102 5051 ἡμεῖς
1156 4983 1225 5036 δὲ
1273 4984 1348 5054 τῇ
1376 4985 1694 5057 προσευχῇ
1733 4987 1833 5041 καὶ
1871 4985 1948 5055 τῇ

363 5066 638 5137 διακονίᾳ
706 5071 816 5125 τοῦ
871 5072 1061 5139 λόγου
1132 5075 1767 5145 προσκαρτερήσομεν.
1837 5068 1952 5131 Καὶ

365 5156 585 5227 ἤρεσεν
612 5164 646 5216 ό
678 5164 863 5232 λόγος
904 5164 1004 5218 ἐπὶ
1051 5167 1281 5233 παντὸς
1324 5169 1433 5222 τοῦ
1480 5170 1761 5236 πλήθους
1787 5185 1802 5200 ·
1853 5170 1951 5223 καὶ

364 5249 719 5318 ἐξελέξαντο
742 5253 1048 5325 Στέφανον
1074 5258 1265 5327 ἄνδρα
1302 5259 1505 5329 πλήρη
1541 5262 1803 5329 πίστεως
1849 5262 1950 5316 καὶ

368 5344 710 5413 Πνεύματος
730 5346 924 5417 ἁγίου,
955 5348 1055 5401 καὶ
1093 5349 1416 5417 Φίλιππον,
1468 5351 1569 5404 καί
1617 5353 1945 5421 Πρόχορον,

369 5435 462 5489 καὶ
483 5437 801 5504 Νικάνορα,
832 5438 932 5491 καὶ
988 5440 1215 5509 Τίμωνα
1237 5482 1252 5507 ,
1291 5442 1387 5495 καί
1447 5442 1785 5512 Παρμενᾶν,
1843 5446 1944 5499 καὶ

369 5528 657 5583 Νικόλαον
710 5530 1106 5597 προσήλυτον
1138 5533 1467 5602 Ἀντιοχέα,
1520 5535 1627 5602 οὓς
1670 5535 1949 5603 ἔστησαν

371 5617 618 5675 ἐνώπιον
672 5622 791 5676 τῶν
849 5623 1235 5679 ἀποστόλων.
1272 5625 1461 5680 Ταῦτα
1512 5626 1885 5698 διερμηνεὺων
1918 5629 1947 5682 6

371 5709 462 5780 τῆς
478 5712 801 5785 Ἐκκλησίας
836 5715 1154 5780 διδάσκαλος
1197 5718 1450 5788 Ἰωάννης
1483 5720 1512 5771 6
1539 5718 1943 5789 Χρυσόστομος,

445 5828 485 5860 ¹⁹
519 5830 653 5885 (Ian.
689 5832 778 5888 15.
858 5832 903 5864 ¹⁰
935 5832 1058 5887 Act.
1090 5849 1165 5897 vi,
1202 5835 1317 5889 1-7.
1396 5835 1438 5866 ¹¹
1472 5833 1673 5891 llomil.
1702 5834 1767 5889 15
1793 5835 1844 5889 in
1878 5835 2030 5889 Acta.

572 5928 845 5988 PATROL.
894 5929 1013 5988 Gn.
1061 5929 1217 5991 CIV.

2050 4623 2258 4693 Spiritu
2287 4632 2472 4677 sancto
2502 4631 2551 4676 et
2586 4621 2855 4691 sapientia
2900 4620 3103 4691 plenos,
3149 4638 3279 4692 quos
3307 4623 3361 4675 in
3408 4625 3506 4677 hoc
3535 4640 3638 4678 usu

2048 4719 2426 4772 constituemus
2451 4727 2471 4768 :
2502 4731 2594 4769 nos
2624 4723 2804 4768 autem
2836 4714 2893 4767 in
2915 4715 3158 4769 oratione
3188 4725 3238 4769 et
3298 4717 3437 4770 verbi
3477 4719 3638 4771 mini-

2047 4810 2211 4864 sterio
2247 4808 2459 4879 fortiter
2487 4805 2956 4876 perseverabimus.
3008 4804 3079 4861 Et
3115 4807 3499 4876 placuitsermo
3543 4826 3636 4863 co-

2046 4918 2163 4957 ram
2198 4901 2344 4955 omni
2397 4897 2759 4962 multitudine,
2801 4898 3137 4969 etelegerunt
3184 4898 3508 4968 Siep/ianum
3558 4904 3635 4957 vi-

2050 5005 2170 5043 rum
2205 4987 2416 5058 plenum
2465 4988 2571 5057 ﬁde
2596 4996 2646 5041 et
2705 4986 2915 5057 Spiritu
2950 4997 3158 5051 sancto,
3191 4986 3521 5059 Philippum,
3583 5002 3635 5045 et

2052 5077 2399 5142 Prae/torum,
2424 5085 2474 5131 et
2508 5076 2854 5142 Nicanorem,
2894 5087 2945 5131 et
2995 5076 3290 5143 Timonem,
3333 5089 3382 5133 et
3414 5079 3634 5136 Parme-

2052 5187 2196 5234 nam,
2245 5179 2293 5225 et
2350 5168 2641 5223 Nicolath
2678 5168 3005 5238 proselytum
3060 5170 3467 5236 Antiochenum,
3502 5189 3632 5242 quos

2050 5272 2349 5317 statuerunt
2377 5278 2560 5316 coram
2592 5260 2848 5330 apostolis
2872 5261 2940 5313 ’°.
2974 5259 3100 5315 Haec
3128 5260 3495 5331 interpretans
3526 5264 3631 5317 Ec-

2056 5351 2236 5407 clesiae
2264 5352 2457 5407 doctor
2480 5349 2720 5405 Joannes
2762 5348 3192 5421 Chrysostomus
3208 5350 3277 5417 υ,
3329 5351 3409 5406 sic
3443 5367 3633 5421 prose-

2046 5443 2236 5513 quitur
2264 5460 2276 5497 :
2314 5442 2411 5497 Est
2433 5455 2614 5512 operae
2646 5440 2883 5510 pretium
2909 5441 3487 5511 admirari,qnomodo
3522 5460 3631 5499 non

2044 5546 2128 5593 est
2172 5536 2349 5591 scissa
2402 5534 2698 5589 multitudo
2740 5535 2795 5589 in
2840 5534 3087 5588 virorum
3147 5533 3430 5592 electione.
3495 5550 3633 5605 qun-

2044 5627 2209 5684 modo
2254 5644 2362 5682 non
2396 5636 2526 5683 sunt
2577 5626 2646 5680 ab
2691 5627 2823 5696 ipsis
2854 5626 3037 5695 rejecti
3074 5640 3139 5680 ac
3193 5625 3464 5693 reprobati
3491 5643 3624 5695 apo-

2046 5718 2195 5773 stoli.
2239 5716 2547 5783 Quamnam
2583 5725 2765 5772 autem
2810 5716 3082 5771 habebant
3137 5714 3189 5769 hi
3222 5716 3627 5783 auctoritatem,

3156 5932 3227 5991 18
