4122 6440
494 384 598 446 555

1651 376 1915 437 ΡΠΟΊἹΙ
1954 375 2460 436 PATRIARCﬂ/E
2480 375 2602 437 GP.

3655 378 3759 443 556

492 505 545 551 et
570 509 735 565 quam
769 497 1101 561 acceperunt
1145 486 1569 550 ordinationem.
1601 486 1743 541 scire
1765 494 1849 541 est
1880 499 2071 539 neces-

2175 482 2347 546 οὕτως
2381 484 2629 548 διέξεισι·
2658 483 2951 553 Θαυμάσαι
2976 483 3130 549 ἄξιον
3160 484 3277 547 πῶς
3298 478 3399 539 οὑκ
3436 485 3673 558 ἐσχίσθη
3702 491 3760 542 τὸ

492 588 722 642 sarium.
767 582 1046 653 Numquid
1077 578 1470 635 diaconorutni
1493 576 1657 647 Atqui
1692 576 1798 630 ltoc
1838 590 1946 629 non
1986 582 2071 629 est

492 678 545 729 in
590 674 862 729 ecclesiis.
916 672 1023 726 Sed
1074 677 1158 724 est
1201 668 1640 737 presbyterorum
1689 662 2071 734 dispensatio?

490 762 655 831 Atqui
696 762 881 814 nullus
910 758 1092 811 adhuc
1131 765 1251 810 erat
1283 754 1591 822 cpiscopus,
1650 751 1745 805 sed
1788 750 1890 804 soli
1940 765 2071 820 apo-

490 850 636 904 stoli.
670 847 822 902 Unde
846 862 945 900 nec
968 846 1346 905 diaconornm,
1378 856 1475 894 nec
1498 840 1938 909 presbyterorum
1972 852 2072 892 no-

494 933 1013 988 menexistimamus
1028 936 1274 997 apertum
1306 940 1428 979 esse
1455 939 1519 977 ac
1541 923 1913 978 manifestum.
1940 920 2074 977 Pro—

491 1035 614 1093 pter
644 1023 745 1076 hoc
778 1034 909 1089 ergo
939 1034 1037 1072 nos
1074 1030 1287 1085 quoque
1319 1014 1701 1081 praedicamus,
1746 1022 1805 1066 ut
1832 1011 2074 1081 praedicti

491 1124 697 1185 septem
732 1110 948 1167 diaconi
990 1124 1096 1163 non
1120 1109 1187 1161 de
1236 1107 1304 1161 iis
1336 1106 1699 1174 accipiantur,
1744 1104 1839 1174 qui
1874 1114 2076 1174 mystc-

491 1208 587 1260 riis
623 1205 891 1266 serviunt,
922 1210 979 1255 ut
1034 1198 1297 1268 estprius
1336 1197 1583 1266 exposita
1639 1195 1913 1259 doctrina,
1975 1195 2070 1250 sed

487 1311 582 1350 eos
616 1293 958 1363 essc;quibus
976 1291 1078 1345 fuit
1099 1289 1411 1345 concredita
1434 1305 1497 1343 ac
1516 1289 1713 1343 tradita
1734 1289 2068 1357 dispensatio

487 1385 768 1441 communi
797 1399 981 1438 eorum
1006 1397 1130 1446 usu,
1164 1381 1259 1450 qui
1287 1389 1417 1435 tunc
1434 1380 1646 1434 collecti
1668 1379 1886 1433 fuerant
1919 1381 2062 1451 (54),

487 1480 578 1549 qui
619 1479 778 1532 nobis
815 1478 870 1531 in
912 1477 1017 1531 hoc
1063 1489 1281 1544 quoque
1316 1474 1489 1528 forma
1527 1472 1679 1527 fuere
1708 1473 2066 1529 humanitatis

486 1582 540 1626 et
565 1572 729 1627 studii
771 1572 825 1624 in
849 1585 943 1624 eos
974 1570 1069 1639 qui
1094 1569 1361 1638 indigent.

2175 575 2380 645 πλῆθος
2416 575 2508 627 ἐπὶ
2541 578 2606 646 τῇ
2640 576 2849 647 αἱρέσει
2877 574 2987 628 τῶν
3002 577 3238 647 ἀνδρῶν,
3260 577 3376 640 πῶς
3415 572 3520 631 οὑκ
3570 580 3761 633 ἀπεδο-

2176 666 2526 737 κιμάσθησαν
2557 666 2652 719 ὑπ’
2679 667 2859 720 αὑτῶν
2890 669 2939 719 οἱ
2964 668 3253 721 ἀπόστολοι
3289 685 3305 699 θ
3337 669 3524 722 ὁποῖον
3552 669 3612 721 δὲ
3656 671 3764 744 ἄρα

2175 757 2393 828 ἀξίωμα
2424 753 2569 827 εἶχον
2606 750 2772 824 οὗτοι,
2799 758 2895 811 καὶ
2926 760 3088 813 ποίαν
3117 760 3367 826 ἐδέξαντο
3399 762 3761 831 χειροτονίαν,

2176 852 2477 919 ἀναγκαῖον
2508 850 2702 921 μαθεῖν
2725 866 2745 883 ⁸
2772 846 2884 924 ἆρα
2908 853 3008 924 τὴν
3030 854 3139 907 τῶν
3173 853 3434 907 διακόνων
3457 871 3473 920 ;
3502 855 3599 909 καὶ
3656 857 3762 926 μὴν

2177 940 2338 994 τοῦτο
2374 941 2432 995 ἐν
2472 943 2598 1004 ταῖς
2627 942 2948 1013 ἐκκλησίαις
2982 943 3083 997 οὐκ
3119 943 3287 996 ἐστιν’
3318 942 3457 997 ἀλλὰ
3483 944 3597 996 τῶν
3634 962 3765 1015 πρε-

2176 1035 2455 1107 σϐυτέρων
2490 1036 2642 1089 ἐστὶν
2670 1037 2704 1105 ὴ
2739 1036 3021 1106 οἰκονομία
3055 1051 3069 1101 ;
3097 1036 3206 1088 Καί
3231 1054 3312 1089 τοι
3338 1038 3557 1092 ούδέπω
3591 1038 3766 1102 οὐδεὶς

2170 1126 2467 1191 ἐπίσκοπος
2524 1123 2613 1197 ἦν,
2654 1127 2769 1181 ἀλλ’
2817 1128 2867 1181 oi
2901 1128 3188 1182 ἀπόστολοι
3240 1129 3399 1199 μόνον
3434 1147 3449 1161 ο
3478 1130 3604 1184 ὅθεν
3642 1128 3765 1182 οὕτε

2168 1218 2449 1285 διακόνων,
2504 1218 2629 1273 οὔτε
2680 1220 3070 1291 πρεσϐυτέρων
3105 1217 3245 1275 εἶναι
3275 1221 3338 1273 τὸ
3373 1220 3552 1290 δνομα
3608 1220 3764 1289 δῆλον

2169 1310 2431 1379 φανερόν.
2475 1309 2599 1363 Ἐπὶ
2638 1310 2846 1374 τούτοις
2879 1306 2973 1365 οὖν
3031 1310 3387 1382 κηρύσσομεν
3429 1312 3528 1363 καὶ
3579 1312 3765 1381 ήμεξ,

2173 1397 2315 1450 ὥστε
2344 1399 2470 1461 τοὺς
2488 1400 2925 1470 προειρημένους
2948 1400 3089 1453 ἐπτὰ
3109 1400 3415 1465 διακόνους,
3442 1399 3521 1472 μὴ
3545 1402 3638 1452 ἐπὶ
3659 1400 3765 1453 τῶν

2174 1486 2287 1546 τοῖς
2318 1486 2635 1556 μυστηρίοις
2694 1486 3131 1557 διακονουμένων
3180 1488 3585 1558 λαμϐάνεσθαι,
3625 1491 3765 1543 κατά

2176 1576 2275 1647 τὴν
2306 1579 2846 1649 προερμηνευθεῖσαν
2898 1580 3270 1647 διδασκαλίαν,
3317 1580 3455 1635 ἀλλὰ
3488 1582 3619 1645 τοὺς
3670 1579 3768 1651 τὴν

485 1664 799 1733 οἰκονομίαν
862 1663 962 1732 τῆς
1001 1661 1187 1729 κοινῆς
1260 1658 1449 1729 χρείας
1496 1656 1608 1711 τῶν
1670 1658 1791 1711 τότε
1843 1661 2325 1735 συνηθροισμένων
2362 1670 2825 1741 ἐγχειρισθέντας,
2868 1672 3094 1735 τούτους
3143 1672 3433 1743 ὑπάρχειν,
3504 1672 3557 1725 οἳ
3599 1671 3765 1735 τύπος

486 1760 621 1830 ἡμῖν
673 1755 774 1808 κάν
833 1753 1009 1821 τούτῳ
1045 1753 1305 1821 γεγόνασι
1337 1752 1439 1820 τῆς
1466 1752 1594 1821 περὶ
1620 1751 1745 1813 τοὺς
1778 1750 2069 1821 δεομένους
2108 1759 2518 1831 φιλανθρωπίας
2567 1776 2629 1815 τε
2684 1763 2781 1816 καὶ
2828 1764 3085 1834 σπουδῆς.

561 1847 779 1902 Textus.
817 1846 1012 1900 Const.
1065 1860 1104 1909 ι,
1140 1845 1226 1899 tit.
1265 1846 1289 1899 l
1326 1845 1676 1900 Novellarum
1707 1844 1872 1908 dicit,
1919 1845 2065 1914 quod
2097 1853 2141 1909 Β

486 1954 683 1993 eorum
719 1953 1030 2003 numerum,
1063 1937 1230 2007 quiin
1254 1952 1583 2007 unaquaque
1611 1938 1848 1992 ecclesia
1907 1938 2074 1992 mini-

486 2040 684 2095 strant,
734 2031 1010 2084 redituum
1083 2029 1243 2099 100
1300 2030 1585 2098 quantitas
1642 2037 1697 2082 et
1772 2028 2070 2083 inveterata

487 2121 829 2176 consuetudo
891 2121 1132 2176 deﬁniat.
1187 2122 1379 2176 Const.
1428 2136 1558 2175 vero
1608 2120 1644 2173 9
1682 2118 1929 2189 ejusdem
1983 2121 2067 2174 tit.

483 2215 672 2284 jubet,
716 2225 778 2269 ut
830 2214 884 2268 in
921 2214 1112 2284 Magna
1179 2213 1407 2269 ecclesia
1459 2211 2067 2282 Constantinopolitana

487 2310 598 2362 sint
630 2307 935 2378 presbyteri
978 2306 1284 2376 sexaginta,
1339 2306 1558 2360 diaconi
1594 2313 1850 2371 centum,
1881 2305 2069 2359 diaco-

488 2399 653 2455 nissae
692 2400 903 2469 viginti,
938 2398 1261 2454 subdiaconi
1311 2398 1610 2467 nonaginta
1634 2439 1649 2463 ,
1682 2396 1916 2451 lectores
1945 2411 2077 2451 cen-

487 2497 601 2542 tum
633 2496 687 2542 et
727 2488 911 2541 decem
935 2526 951 2551 ,
995 2496 1246 2541 cantores
1282 2486 1474 2556 viginti
1539 2486 1815 2555 quinque,
1864 2486 2075 2541 ostiarii

486 2590 733 2634 centum.
789 2578 1047 2649 Ejusdem
1095 2588 1279 2634 autem
1336 2579 1420 2633 tit.
1464 2588 1639 2633 const.
1692 2577 1781 2640 10,
1831 2579 1983 2647 vult,
2016 2590 2079 2634 ut

486 2670 543 2724 in
572 2670 694 2723 aliis
719 2668 967 2723 ecclesiis
992 2675 1239 2722 servetur
1278 2666 1347 2720 ab
1391 2666 1546 2719 initio
1579 2664 1861 2719 deﬁnitum
1899 2676 2076 2721 statu-

487 2772 623 2816 tum.
672 2760 943 2815 Cancrum
991 2775 1087 2829 per
1140 2758 1369 2812 formam
1412 2757 1617 2813 domini
1678 2755 1913 2811 Heraclii
1950 2773 2109 2812 con--

2251 1851 2385 1905 Ἥδέ
2410 1859 2459 1905 α’
2481 1853 2723 1920 διάταξις
2741 1855 2836 1909 τοῦ
2867 1862 2916 1908 α’
2943 1855 3049 1910 τίτ.
3082 1855 3195 1908 τῶν
3222 1854 3452 1922 Νεαρῶν
3480 1854 3617 1926 φησὶ
3640 1895 3655 1921 ,
3684 1852 3765 1909 ὅτι

2174 1941 2266 1995 τὸν
2289 1943 2524 2015 άριθμδν
2543 1946 2653 1999 τῶν
2676 1949 2732 1999 ἐν
2758 1948 2964 2019 ἑκάστῃ
2986 1947 3252 2018 ἐκκλησίᾳ
3276 1948 3765 2019 λειτουργούντων.

2175 2034 2475 2107 ἠποσότης
2517 2038 2619 2107 τῆς
2664 2038 2928 2109 προσόδου
2968 2038 3066 2092 καὶ
3120 2040 3155 2109 ἡ
3213 2040 3543 2110 κρατήσασα
3593 2038 3764 2111 ὁρίζει

2176 2124 2456 2194 συνήθεια.
2502 2126 2569 2178 Ἦ
2595 2124 2651 2178 δέ
2704 2125 2751 2179 θ’
2779 2125 2874 2179 τοῦ
2926 2125 3089 2179 αὑτοῦ
3124 2125 3333 2191 τίτλου,
3379 2126 3570 2180 τάττει
3601 2126 3659 2177 ἐν
3698 2126 3770 2194 τῇ,

2172 2215 2403 2288 Μεγάλῃ
2457 2217 2726 2289 ἐκκλησίᾳ
2788 2217 3421 2280 Κωνσταντινουπόλεως
3460 2217 3764 2288 πρεσϐυτέ-

2174 2323 2302 2376 ρους
2322 2306 2386 2373 ξ’,
2416 2308 2699 2373 διακόνους
2721 2308 2790 2380 ρ’,
2810 2308 3153 2373 διακονίσσας
3171 2316 3245 2379 μ’,
3279 2308 3670 2372 ὑποδιακόνους
3692 2307 3765 2375 ις,

2173 2396 2526 2466 ἀναγνώστας
2559 2406 2649 2469 ρι’,
2678 2400 2888 2470 ψάλτας
2920 2408 3019 2465 κε’,
3052 2400 3338 2472 θυρωροὺς
3363 2406 3430 2470 ρ⁹ο
3457 2403 3493 2471 ἡ
3520 2400 3580 2454 δὲ
3613 2407 3643 2453 ι’
3671 2400 3765 2453 τοῦ

2174 2483 2341 2538 αὑτοῦ
2370 2485 2476 2541 τίτ.
2502 2487 2643 2542 διάτ.
2673 2488 2925 2557 βούλεται
2944 2490 3002 2541 ἐν
3038 2491 3159 2552 ταῖς
3198 2487 3389 2551 ἄλλαις
3438 2487 3762 2559 ἐκκλησίαις

2176 2575 2538 2643 φυλάττεσθαι
2562 2578 2623 2630 τὸ
2663 2579 2723 2643 ἐξ
2759 2579 2933 2650 ἀρχῆς
2964 2580 3183 2651 ὁρισθὲν
3240 2578 3562 2633 πατοῦτον.
3628 2578 3763 2632 Ἀπὸ

2172 2666 2230 2720 δὲ
2252 2666 2424 2722 τύπου
2445 2668 2541 2721 τοῦ
2563 2669 2827 2724 δεσπότου
2866 2671 3187 2742 Ἡρακλείου
3241 2670 3565 2742 ῶρίσθησαν
3591 2671 3651 2723 ἐν
3696 2672 3765 2741 τῇ

2176 2759 2315 2830 αὑτῇ
2340 2760 2569 2833 Μεγάλῃ
2594 2762 2861 2833 ἐκκλησίᾳ
2889 2763 3253 2834 πρεσϐύτεροι
3284 2760 3363 2827 π’,
3397 2761 3639 2816 διάκονοι
3664 2768 3760 2831 ρν’,

486 2855 661 2910 stituti
718 2864 842 2908 sunt
895 2852 949 2905 in
998 2851 1191 2907 eadem
1252 2849 1445 2919 Magna
1503 2850 1735 2905 ecclesia
1778 2850 2074 2921 presbyteri

2177 2850 2516 2904 διακόνισσαι
2536 2858 2614 2922 μ’,
2653 2853 2995 2908 ὑποδιάκονοι
3022 2853 3091 2920 ο’,
3127 2854 3475 2924 άναγνῶσται
3509 2848 3762 2924 ρξ’,ψάλ·

486 2947 785 3015 octoginta,
821 2943 1041 2998 diaconi
1081 2942 1520 3012 quinquaginta,
1567 2940 1893 2996 diaeonissaa
1942 2956 2082 3012 qua-

2179 2960 2269 2997 ται
2298 2948 2400 3011 κε’,
2434 2944 2675 3018 θυρωροὶ
2708 2952 2804 3001 οε’.

486 3039 765 3110 draginta,
814 3036 1138 3092 subdiaconi
1169 3036 1538 3106 septuagiuta,
1582 3035 1817 3091 lectores
1844 3046 2065 3092 centum
2109 3038 2417 3109 sexaginta,
2447 3048 2700 3097 cantores
2723 3039 2913 3113 viginti
2942 3039 3212 3111 quinque,
3272 3042 3487 3098 ostiarii
3540 3052 3763 3114 septua-

487 3140 635 3211 ginta
669 3138 937 3206 quinque.

558 3228 713 3284 CAP.
763 3226 959 3281 XXXI.
1006 3258 1072 3266 —
1101 3225 1333 3291 Quinam
1381 3223 1485 3277 sint
1529 3223 1743 3288 clerici,
1797 3223 1903 3277 sive
1948 3223 2071 3293 qui-

2249 3218 2501 3275 ΚΕΦΛΛ.
2546 3216 2675 3271 AA'.
2726 3248 2797 3260 -—
2829 3219 2997 3284 Τίνες
3044 3208 3167 3273 εἰσὶ
3212 3217 3532 3286 κληρικοί,
3582 3218 3621 3287 ἣ
3658 3216 3766 3285 τῆς

492 3339 613 3377 nam
648 3322 716 3374 ad
746 3320 1159 3374 ecclesiasticum
1194 3317 1431 3370 ordinent
1463 3316 1820 3384 pertinentes?

837 3411 1066 3467 Concilii
1110 3407 1395 3463 Laodiceni
1436 3423 1603 3460 canon
1633 3406 1724 3460 24.

557 3506 648 3561 24.
670 3503 825 3572 Quod
866 3517 974 3558 non
1005 3510 1225 3571 Oportet
1254 3507 1517 3564 sacratos,
1550 3514 1579 3551 a
1620 3495 1951 3567 presbyteris
1979 3510 2073 3549 us-

488 3609 597 3663 que
642 3595 706 3647 ad
754 3594 1034 3657 diaconos,
1087 3598 1141 3645 et
1191 3588 1449 3657 deinceps
1478 3586 1776 3657 quemlibet
1810 3585 2071 3641 ecclesia-

490 3685 612 3741 stici
640 3685 850 3739 ordinis
898 3697 1074 3753 usque
1122 3682 1188 3736 ad
1233 3682 1540 3745 ministros,
1581 3680 1666 3733 vel
1706 3680 1958 3743 lectores,
1988 3677 2073 3730 vel

491 3788 770 3843 cantores,
796 3777 882 3831 vel
915 3775 1340 3831 exercitatorum
1376 3772 1620 3839 ordines,
1667 3770 1722 3826 in
1767 3784 2073 3841 cauponam

494 3869 727 3937 ingredi.

563 3959 780 4013 Textus.
836 3957 1026 4013 Const.
1074 3972 1151 4024 tt,
1192 3956 1281 4011 tit.
1326 3957 1348 4011 l
1399 3954 1788 4020 Novellarum,
1846 3954 2075 4024 presby-

2174 3308 2686 3380 exunamatmﬁc
2712 3309 2937 3376 τάξεως
2968 3326 2988 3375 ;

2414 3405 2685 3459 Συνόδου
2732 3403 3085 3469 Λαοδικείας
3146 3402 3349 3456 κανὼν
3400 3400 3505 3459 κδ’.

2244 3497 2345 3553 κδ’.
2375 3499 2499 3551 Ὀτι
2529 3497 2590 3549 οὑ
2622 3497 2702 3550 δεῖ
2749 3495 3058 3566 ίερατικοὺς
3093 3495 3205 3547 άπὸ
3237 3493 3631 3564 πρεσϐυτέρων
3662 3493 3761 3555 ἕως

2173 3592 2458 3655 διακόνων,
2487 3590 2582 3643 καὶ
2611 3586 2738 3658 ἑξῆς
2765 3588 2867 3658 τῆς
2886 3585 3350 3657 ἐκκλησιαστικῆς
3379 3585 3617 3651 τάξεως,
3654 3586 3759 3645 ἕως

2176 3682 2486 3753 ὑπηρετῶν,
2532 3680 2566 3751 ἢ
2612 3679 2997 3750 ἀναγνωστῶν,
3050 3679 3084 3749 ἢ
3128 3678 3370 3748 ψαλτῶν,
3433 3680 3471 3750 ἢ
3512 3680 3759 3749 ἐπιορκι-

2180 3775 2344 3838 στῶν,
2376 3774 2410 3844 ἢ
2437 3771 2720 3844 θυρωρῶν,
2738 3771 2777 3843 ἢ
2802 3770 2895 3824 τοῦ
2926 3771 3207 3841 τάγμακτος
3236 3771 3349 3825 τῶν
3370 3771 3653 3844 ἀσκητῶν,
3682 3770 3761 3831 είς

2176 3864 2472 3935 καπηλεῖον
2522 3863 2767 3915 εἰσιέναι.

2256 3958 2324 4010 Ἦ
2356 3958 2400 4026 β’
2430 3954 2674 4019 διάταξις
2709 3954 2808 4008 τοῦ
2838 3952 2886 4007 α’
2910 3954 3017 4007 τίτ.
3045 3954 3161 4008 τῶν
3180 3953 3410 4024 Νεαρῶν
3457 3952 3756 4025 κληρικοὺς

492 4062 661 4117 teros,
683 4051 973 4116 diaconos,
1001 4050 1254 4114 lectores,
1281 4059 1534 4103 cantores
1560 4088 1575 4115 ,
1641 4047 1872 4101 clericos
1910 4044 2074 4117 [esse]

2179 4048 2317 4118 ἔχει,
2351 4046 2783 4118 πρεσϐυτέρους,
2826 4045 3129 4111 διακόνους,
3170 4046 3582 4113 ὑποδιακόνους,
3630 4047 3757 4101 ἁνα-

490 4142 640 4198 dicit.
701 4142 843 4208 Quin
906 4142 1306 4197 exorcistarum
1379 4140 1544 4194 etiam
1608 4148 1663 4193 et
1721 4137 2076 4193 ostiariorum

491 4242 666 4287 const.
703 4232 758 4291 6.
786 4234 869 4287 tit.
901 4232 954 4296 '5,
990 4232 1083 4287 lib.
1122 4247 1162 4286 t.
1193 4231 1316 4286 cod.
1344 4230 1617 4285 meminit.

557 4412 712 4467 CAP.
744 4410 965 4467 XXXII.
1004 4439 1075 4449 —
1094 4409 1175 4465 Ne
1221 4410 1273 4464 is
1291 4410 1560 4463 ordinetur
1586 4408 1737 4476 cujus
1758 4422 1893 4461 uxor
1917 4406 2080 4475 fuerit

487 4508 754 4561 adultera.
824 4504 964 4570 Quid
1016 4513 1193 4558 autem
1246 4501 1294 4557 si
1348 4500 1533 4555 clerici
1574 4514 1710 4552 uxor
1758 4498 2078 4552 adulterium

487 4598 812 4651 committat?

784 4686 1008 4743 Concilii
1042 4684 1490 4739 Neocmariensis
1517 4698 1685 4735 canon
1713 4680 1768 4736 8.

558 4782 617 4834 8.
651 4778 707 4834 Si
748 4779 985 4848 alicujus
1014 4792 1173 4842 uxor,
1204 4792 1330 4831 cum
1364 4784 1512 4831 esset
1542 4776 1737 4836 laicus.
1767 4772 2073 4828 adulterata

486 4873 660 4926 fuisse
689 4872 939 4926 convicta
968 4870 1154 4935 fuerit,
1188 4869 1235 4923 is
1270 4884 1375 4922 non
1405 4876 1584 4937 potest
1610 4866 1678 4921 ad
1706 4866 2069 4922 ministerium

487 4962 766 5017 accedere.
803 4962 955 5031 101
1003 4962 1103 5015 Sin
1157 4968 1340 5015 autem
1389 4960 1554 5013 etiam
1596 4967 1718 5027 post
1773 4957 2063 5013 ordinatio

486 5066 612 5107 nem
666 5051 971 5105 adulterata
1005 5049 1191 5113 fuerit,
1231 5047 1392 5103 debet
1417 5064 1536 5103 eam
1587 5048 1885 5102 dimittere.
1912 5046 2071 5113 Quod

486 5145 534 5198 si
565 5144 861 5208 coltabitet,
905 5158 1012 5198 non
1046 5150 1228 5209 potest
1280 5142 1387 5197 sibi
1426 5140 1785 5197 commissum
1818 5140 2070 5193 ministe-

483 5236 628 5291 rium
650 5236 899 5305 exsequi.

558 5326 777 5383 Tenus.
834 5325 1010 5381 Etiam
1067 5326 1246 5381 civilis
1298 5326 1419 5391 lex,
1465 5337 1822 5395 quoscunque
1868 5337 2071 5378 uxores

487 5433 616 5473 suas
646 5419 922 5474 adulteras
947 5435 1055 5473 non
1107 5418 1419 5489 repudiant,
1453 5418 1629 5489 punit.
1658 5417 1853 5473 Const.
1884 5425 2064 5471 autem

490 5510 546 5575 2,
578 5510 663 5566 tit.
696 5512 752 5577 9,
784 5511 881 5566 lib.
910 5528 963 5565 rx
1013 5509 1137 5565 cod.
1182 5510 1432 5565 lenonem
1462 5524 1583 5563 esse
1612 5508 1744 5567 dicit
1784 5521 1935 5570 eum,
1971 5506 2065 5576 qui

487 5620 713 5661 uxorem
748 5620 904 5662 suam
936 5606 991 5661 in
1025 5602 1295 5658 adulterio
1322 5602 1746 5672 deprehensam,
1778 5600 1834 5656 in
1871 5597 2067 5655 matri-

2178 4138 2449 4207 γνώστας,
2464 4137 2696 4207 ψάλτας.
2736 4137 2802 4189 Ἦ
2819 4136 3001 4204 μέντοι
3027 4136 3236 4201 ς’διάτ.
3258 4136 3353 4189 τοῦ
3376 4143 3431 4205 γ’
3450 4138 3557 4191 τίτ.
3595 4138 3686 4191 τοῦ
3707 4134 3755 4191 α’

2182 4229 2328 4299 βιϐλ.
2384 4228 2480 4282 τοῦ
2538 4228 2670 4282 κώδ.
2724 4230 2820 4282 καὶ
2864 4227 3196 4299 ἐξορκιστῶν
3225 4229 3322 4282 καὶ
3357 4228 3628 4301 πυλωρῶν
3659 4229 3755 4299 μέ-

2182 4340 2405 4393 μνηται.

2251 4414 2505 4468 ΚΕΦΑΔ.
2529 4410 2726 4467 ΔΒ’.-
2748 4410 2887 4481 Περὶ
2922 4412 3030 4466 τοῦ
3050 4410 3136 4481 μὴ
3163 4411 3631 4481 χειροτονεῖσθαι
3657 4405 3751 4465 οὗ·

2180 4524 2346 4573 τινος
2378 4506 2416 4573 ἡ
2441 4504 2597 4576 γυνὴ
2630 4506 2948 4575 ἐμοιχεύθη
2978 4521 2993 4535 ³
3023 4505 3123 4559 καί
3152 4504 3262 4558 ἐὰν
3286 4505 3441 4574 γυνὴ
3463 4502 3750 4574 κληρικοῦ

2113 4597 2156 4652 D
2176 4596 2489 4667 μοιχευθῇ.

2370 4686 2641 4742 Συνόδου
2700 4690 3169 4755 Νεοκαισαρειας
3212 4686 3418 4741 κανὼν
3473 4691 3546 4757 η’.

2245 4777 2467 4851 η’.Γυνή
2490 4796 2634 4843 τινος
2654 4779 3000 4849 μοιχευθεῖσα
3017 4777 3205 4832 λαῖκοῦ
3218 4779 3391 4843 ὄντος,
3415 4777 3511 4833 ἐὰν
3527 4772 3749 4845 ἐλεγχθῇ

2173 4871 2450 4942 φανερῶς,
2484 4873 2513 4925 ό
2549 4870 2790 4934 τοιοῦτος
2843 4873 2924 4936 είς
2976 4871 3282 4942 ὑπηρεσίαν
3340 4870 3515 4924 ἐλθεῖν
3562 4869 3625 4921 οὑ
3658 4866 3747 4919 δύ-

2172 4980 2333 5018 ναται
2366 4980 2380 4994 ·
2438 4962 2534 5017 ἐὰν
2599 4963 2658 5017 δὲ
2728 4966 2869 5035 μετὰ
2919 4962 3018 5033 τὴν
3066 4963 3404 5035 χειροτονίαν
3467 4959 3744 5033 μοιχευθῇ,

2171 5055 2377 5125 ὀφείλει
2406 5056 2677 5111 ἀπολῦσαι
2717 5058 2888 5128 αὑτήν
2912 5073 2927 5089 ’
2981 5056 3078 5110 ἐὰν
3128 5056 3187 5110 δέ
3227 5055 3386 5127 συζῇ,
3436 5056 3497 5108 ού
3529 5054 3746 5108 δύναται

2171 5147 2392 5218 ἔχεσθαι
2410 5148 2512 5219 τῆς
2536 5147 2975 5221 ἐγχειρισθείσης
3003 5144 3154 5217 αύτῷ
3176 5145 3504 5218 ὑπηρεσίας.

2241 5324 2352 5377 Καὶ
2384 5324 2413 5377 ό
2454 5322 2730 5387 πολιτικὸς
2757 5323 2922 5393 νόμος
2969 5322 3178 5386 πάντας
3206 5320 3335 5386 τοὺς
3363 5320 3463 5383 τὰς
3488 5314 3743 5388 γυναῖκας

2169 5417 2377 5469 ἑαυτῶν
2406 5414 2821 5487 μοιχευομένας,
2848 5416 2923 5487 μὴ
2958 5412 3298 5477 άπολύοντας
3326 5410 3649 5483 τιμωρεῖται
3670 5418 3683 5434 °
3710 5402 3741 5471 ἠ

2164 5510 2222 5562 δὲ
2257 5508 2302 5578 β’
2335 5509 2475 5562 διάτ.
2516 5508 2611 5562 τοῦ
2643 5508 2687 5560 θ’
2713 5508 2819 5564 τίτ.
2858 5508 2960 5562 τοῦ
2996 5507 3040 5561 θ’
3072 5506 3213 5580 βιβλ.
3258 5505 3353 5560 τοῦ
3388 5504 3518 5559 κώδ.
3576 5498 3739 5565 λέγειν

2164 5603 2247 5655 ὅτι
2273 5603 2598 5671 προαγωγὸς
2637 5602 2784 5655 ἐστιν
2815 5603 2844 5655 ό
2884 5602 2985 5672 τὴν
3026 5599 3195 5655 αὑτοῦ
3235 5600 3484 5673 γαμετὴν
3527 5602 3737 5667 μοιχευ-

561 5780 676 5849 (34)
705 5800 722 5832 ι
755 5782 858 5848 Qui
891 5797 1017 5840 cum
1046 5781 1315 5853 apostolis
1336 5778 1649 5852 congregati
1676 5789 1858 5843 erant,
1884 5786 1938 5833 et
1960 5776 2356 5845 crediderant,»
2383 5777 2560 5849 inquit
2589 5777 3042 5835 Zonaraleard.
