4122 6454
416 460 516 539 551

1106 466 1506 529 SYNTAGMA
1548 461 2172 524 CANONUM.-—'I‘IT.
2203 459 2252 519 Ι.
2285 462 2445 522 CAP.
2485 452 2966 523 XXXI'XXXVI.

3560 469 3664 530 553

413 564 596 616 θεῖσαν
629 557 706 629 μὴ
747 555 1023 620 ἀπολύσας
1050 571 1066 587 θ
1105 558 1169 609 οὐ
1198 556 1304 625 μὴν
1332 556 1361 607 ὁ
1401 553 1574 622 ψιλῶς
1625 550 1991 611 ὑποπτεύσας.

2097 549 2281 602 monio
2311 551 2642 604 detinuerit:
2673 567 2781 604 non
2808 561 3016 612 autem,
3047 550 3210 604 etiam
3238 552 3334 622 qui
3362 551 3666 610 adulteram

413 654 658 723 Σήμερον
687 650 746 702 δὲ
780 649 877 703 καὶ
903 647 1044 718 μετὰ
1085 647 1242 715 δίκην
1267 645 1494 697 δύναται
1544 645 1572 694 ό
1603 641 1742 710 ἀνὴρ
1783 641 1987 693 ἀναλα-

413 748 524 798 ϐεῖν
555 748 619 797 ἐκ
666 743 760 795 τοῦ
812 739 1174 810 μοναστηρίου
1225 737 1326 806 τὴν
1390 734 1768 805 μοιχευθεῖσαν
1819 730 1986 784 αὐτοῦ

412 837 662 903 γυναῖκα,
686 833 829 885 κατὰ
850 831 948 901 τὴν
988 830 1372 902 παρατήρησιν
1404 828 1501 897 τῆς
1525 827 1655 897 περὶ
1711 824 1985 892 repudium

415 922 499 997 ρμ¹
521 925 740 993 νεαρᾶς.

482 1017 731 1069 ΚΕΦΑΛ.
790 1015 914 1068 ΛΓ.
955 1044 1020 1057 -ο
1068 1013 1207 1079 Περὶ
1247 1010 1355 1065 τοῦ
1383 1011 1469 1080 μὴ
1518 1007 1986 1079 χειροτονεῖσθαι

402 1106 738 1174 κληρικοὺς
809 1103 1277 1173 ἀπολελυμένως
1309 1101 1539 1169 ,ἀλλὰ
1593 1099 1833 1166 πάντως
1900 1101 1987 1162 εὶς

409 1198 747 1266 ἐκκλησίαν
770 1197 808 1265 ἢ
839 1199 925 1263 εἰς
946 1196 1380 1265 μοναστήριον.

689 1288 960 1359 Συνόδου
991 1287 1376 1355 Χαλκηδόνος
1400 1288 1600 1342 κανὼν
1630 1293 1704 1350 ς’.

483 1381 782 1452 ς’.Μηδένα
799 1380 1216 1450 ἁπολελυμένως
1232 1378 1675 1450 χειροτονεῖσθαι.
1695 1377 1834 1448 μήτε
1856 1391 1990 1446 πρε-

413 1474 696 1541 σϐύτερον,
733 1473 872 1543 μήτε
919 1471 1188 1536 διάκονον,
1215 1472 1352 1544 μήτε
1404 1473 1542 1535 ὅλως
1591 1472 1714 1524 τινὰ
1767 1468 1876 1521 τῶν
1933 1467 1991 1520 ἐν

410 1569 488 1635 τῷ
515 1564 948 1637 ἐκκλησιαστικῷ
969 1564 1231 1636 τάγματι,
1259 1567 1305 1617 εί
1336 1564 1410 1636 μὴ
1440 1563 1622 1626 ίδικῶς
1646 1565 1704 1615 ἐν
1723 1561 1991 1631 ἐκκλησίᾳ

411 1660 618 1721 πόλεως
672 1658 704 1728 ἢ
750 1655 964 1728 κώμης,
1005 1657 1038 1727 ἦ
1073 1656 1390 1727 μαρτυρείῳ
1438 1656 1471 1726 ἣ
1531 1653 1899 1726 μοναστηρίῳ,
1960 1652 1990 1705 ὀ

412 1748 887 1819 χειροτονούμενος
930 1747 1388 1819 ἐπικηρύττοιτοο
1436 1748 1562 1810 τοὺς
1600 1746 1658 1800 δέ
1703 1744 1990 1806 ἀπολύτως

2091 642 2438 696 solummodo
2480 652 2794 712 suspectam
2837 642 3110 697 habuerit.
3147 642 3320 699 Hodie
3345 660 3477 698 vero
3501 649 3670 702 etiam

2088 743 2211 800 post
2234 733 2747 788 condemnationem
2777 741 2958 802 potest
2986 734 3215 789 maritus
3258 750 3484 790 uxorem
3513 753 3670 792 suam

2087 824 2388 877 adulteram
2450 838 2481 878 e
2529 825 2863 879 monasterio
2913 824 3196 892 recipere:
3235 824 3446 897 [idque]
3483 843 3672 883 secun-

2088 918 2217 969 dum
2253 917 2688 971 observationem
2723 915 2970 971 Novella:
3003 918 3125 980 154,
3162 920 3229 973 de
3261 919 3523 986 repudiis.

2161 1010 2316 1064 CAP.
2339 1008 2582 1064 XXXIII.
2609 1042 2680 1049 —
2717 1010 2796 1062 [Ve
2817 990 2992 1063 clerici
3027 1012 3186 1064 libere
3215 1011 3554 1078 ordinentur,
3580 1012 3670 1064 sed

2092 1104 2304 1156 omnino
2345 1102 2424 1154 vel
2455 1111 2609 1156 certa:
2637 1102 2872 1156 ecclesia:
2921 1104 3001 1155 vel
3049 1105 3373 1157 monasterio
3417 1105 3671 1173 deputen—

2089 1205 2196 1247 tur.

2371 1287 2594 1341 Concilii
2621 1286 3064 1342 Chalcedonensis
3102 1305 3272 1344 canon
3300 1287 3353 1342 6.

2162 1383 2216 1434 6.
2236 1379 2453 1435 Nullum
2477 1380 2724 1435 absolute
2740 1381 3003 1447 ordinari,
3019 1396 3119 1436 nec
3145 1381 3543 1452 presbyterum,
3568 1396 3672 1435 nec

2091 1475 2406 1539 diaconum,
2441 1487 2542 1527 nec
2577 1473 2806 1527 omnino
2833 1473 3071 1543 aliquem
3095 1489 3288 1528 eorum
3321 1474 3416 1544 qui
3456 1484 3585 1528 sunt
3614 1474 3669 1527 in

2091 1567 2282 1620 ordine
2307 1565 2700 1631 ecclesiastico,
2737 1565 2842 1620 nisi
2873 1567 3184 1635 specialiter
3235 1567 3289 1620 in
3334 1567 3564 1622 ecclesia
3593 1568 3671 1620 ci-

2093 1659 2299 1725 vitatis,
2359 1658 2444 1713 vel
2495 1659 2641 1729 pagi,
2685 1659 2771 1714 vel
2810 1660 3094 1730 martyrio,
3146 1659 3228 1714 vel
3261 1661 3595 1717 monasterio
3624 1659 3672 1715 is

2092 1751 2187 1821 qui
2236 1749 2545 1814 ordinatur,
2577 1751 2909 1821 designetur.
2941 1750 3047 1805 Eos
3077 1761 3255 1805 autem
3294 1751 3387 1821 qui
3420 1750 3670 1807 absolute

409 1838 942 1910 χειροτονουμὲνους,
993 1838 1193 1910 ὥρισεν
1248 1839 1282 1909 ἡ
1336 1838 1470 1907 ἁγία
1507 1838 1726 1901 σύνοδος
1780 1837 1986 1906 ἄκυρον

2097 1843 2440 1908 ordinantur,
2465 1843 2704 1897 decrevit
2735 1851 2926 1897 sancta
2954 1842 3198 1913 synodus
3230 1843 3442 1897 irritam
3475 1857 3539 1898 ac
3586 1843 3670 1897 in-

407 1931 554 2000 ἔχειν
587 1930 686 2000 τὴν
733 1929 992 2001 τοιαύτην
1043 1929 1407 2001 χειροθεσίαν,
1444 1929 1542 1982 καὶ⁵
1593 1926 1848 2000 μηδαμοῦ
1905 1925 1993 1981 δύέ-

2099 1934 2330 1988 validam
2396 1933 2599 1988 habere
2634 1932 2905 2003 ejusmodi
2943 1948 3204 1987 manuum
3242 1931 3672 2002 impositiouem,

406 2019 603 2074 νασθαι
627 2024 892 2092 ἐνεργεῖν,
919 2021 1007 2092 ἐφ’
1039 2021 1196 2093 ὕϐρει
1227 2020 1322 2075 τοῦ
1354 2021 1852 2094 χειροτονήσαντος.

486 2225 737 2279 ΚΕΦΑΛ.
765 2224 888 2282 ΛΔ’.
917 2257 986 2268 -
1007 2225 1148 2296 Περὶ
1175 2223 1575 2296 περιοδευτῶν
1614 2222 1716 2279 καὶ
1763 2221 1885 2277 τῶν
1929 2224 1999 2276 ἐν

402 2317 539 2385 ταῖς
589 2318 808 2388 κώμαις
851 2319 1212 2387 ἐκκλησιῶν.

698 2435 972 2490 Συνόδου
1005 2433 1360 2500 Λαοδικείας
1383 2433 1585 2488 κανὼν
1615 2437 1692 2498 νζν

481 2521 580 2589 vC'.
605 2523 729 2578 Ὀτι
751 2526 810 2578 ού
835 2525 915 2578 δεῖ
942 2526 1002 2579 ἐν
1033 2527 1155 2591 ταῖς
1184 2525 1398 2596 κώμαις
1429 2527 1522 2580 καὶ
1542 2530 1598 2580 ἐν
1618 2528 1736 2589 ταῖς
1767 2525 1996 2596 χώραις,

403 2615 772 2670 καθίστασθαι
816 2617 1191 2684 ἐπισκόπους,
1243 2617 1382 2670 ἀλλὰ
1426 2617 1780 2687 περιοδευτάς
1809 2632 1822 2647 ·
1871 2619 1999 2679 τοὺς

407 2709 599 2778 μέντοι
651 2707 752 2779 ἤδη
782 2708 1357 2779 προκατασταθέντας,
1393 2708 1561 2778 μηδὲν
1587 2708 1847 2778 πράττειν
1869 2706 1997 2760 ἄνευ

403 2799 637 2869 γνώμης
665 2799 760 2852 τοῦ
788 2799 1086 2853 ἐπισκόπου
1114 2798 1209 2852 τοῦ
1239 2801 1298 2854 ἐν
1326 2802 1392 2872 τῇ
1420 2799 1574 2853 πόλει
1604 2813 1621 2829 ⁸
1656 2798 1919 2863 ὡσαύτως
1938 2797 1998 2853 δὲ

407 2891 665 2952 καὶτοὺς
708 2889 1138 2960 πρεσϐυτέρους,
1173 2889 1340 2960 μηδὲν
1394 2890 1660 2960 πράττειν
1712 2889 1846 2944 ἄνευ
1896 2891 1997 2962 τῆς

404 2982 633 3052 γνώμης
664 2981 758 3035 τοῦ
786 2982 1108 3036 ἐπισκόπου.

497 3074 558 3126 Ἦ
587 3073 644 3126 δὲ
672 3079 739 3126 ια’
766 3072 1007 3137 διάταξις
1032 3071 1130 3126 τοῦ
1166 3077 1216 3142 γ’
1237 3072 1344 3128 τίτ.
1366 3072 1460 3127 τοῦ
1481 3073 1529 3127 α’
1557 3072 1698 3144 βιϐλ.
1735 3074 1905 3144 λέγει,
1935 3075 1998 3126 ἐκ

403 3166 521 3219 τῶν
545 3167 761 3235 χωρίων
796 3166 892 3218 καὶ
906 3167 1014 3219 τῶν
1043 3165 1269 3236 κωμῶν,
1304 3167 1400 3219 καὶ
1430 3168 1530 3220 οὐκ
1560 3167 1760 3230 ἔξωθεν
1791 3168 1870 3226 είς
1898 3166 1998 3230 τὰς

2097 2036 2153 2080 et
2178 2039 2452 2094 nusquam
2477 2037 2734 2079 exercere
2761 2038 2828 2078 ac
2868 2024 3083 2100 operari
3110 2038 3272 2092 posse
3308 2023 3374 2078 ad
3409 2023 3529 2095 ejus
3581 2028 3677 2095 qui

2098 2115 2370 2169 ordinavit
2398 2114 2682 2184 injuriam.

2173 2225 2324 2283 CAP.
2357 2226 2601 2284 XXXlV.
2644 2257 2712 2269 —
2759 2227 2837 2283 De
2885 2230 3212 2300 periodeutis
3249 2239 3298 2283 et
3349 2231 3413 2284 de
3443 2229 3678 2284 ecclesiis

2099 2318 2405 2374 rusticanis.

2447 2432 2672 2489 Coucilii
2709 2433 2994 2489 Laodiceni
3039 2450 3209 2489 canon
3235 2434 3324 2491 57.

2169 2527 2260 2582 57.
2294 2527 2453 2594 Quod
2507 2543 2615 2582 non
2657 2528 2712 2582 in
2755 2528 2893 2584 vicis
2939 2538 2993 2584 et
3037 2530 3190 2600 pagis
3227 2531 3519 2601 episcopos
3547 2547 3684 2586 con-

2100 2617 2290 2682 stitui,
2342 2617 2436 2671 sed
2479 2617 2637 2687 102
2684 2618 3053 2688 periodentas,
3110 2620 3216 2674 hoc
3261 2628 3387 2685 est,
3444 2622 3680 2676 circnm-

2099 2718 2556 2774 cursatores;eos
2584 2711 2766 2764 autem
2799 2711 2892 2780 qui
2923 2710 3075 2780 prius
3118 2711 3403 2766 constituti
3438 2711 3682 2779 fuerunt,

2100 2799 2234 2853 nihil
2264 2814 2424 2869 agere
2455 2800 2576 2856 sine
2604 2808 2786 2855 mente
2825 2799 3064 2871 episcopi
3098 2802 3191 2872 qui
3227 2811 3311 2857 est
3343 2803 3398 2856 in
3435 2804 3680 2859 civitate.

2101 2891 2366 2947 Similiter
2411 2900 2595 2948 autem
2647 2900 2702 2948 et
2752 2894 3105 2964 presbyteros
3153 2895 3290 2949 nihil
3337 2911 3497 2966 agere
3559 2898 3680 2951 sine

2099 2991 2277 3037 mente
2308 2983 2571 3054 episcopi.

2172 3073 2387 3129 Textus.
2435 3076 2624 3131 Const.
2674 3076 2858 3139 n,tit.
2896 3078 2950 3140 5,
2981 3077 3078 3132 lib.
3105 3094 3120 3130 ι
3147 3099 3162 3140 ,
3187 3078 3359 3143 dicit,
3393 3093 3456 3132 ex
3496 3077 3685 3149 [ipsis]

2101 3165 2544 3233 possessionibus
2586 3177 2643 3222 et
2686 3168 2862 3234 vicis,
2915 3183 3026 3222 non
3068 3178 3252 3222 autem
3316 3169 3572 3232 aliunde,
3631 3169 3683 3221 in

401 3256 707 3326 ἐκκλησίας
741 3255 923 3309 αὐτῶν
951 3256 1398 3326 χειροτονεῖσθαι,
1423 3256 1567 3311 ὥστε
1596 3257 1871 3311 συντελεῖν
1897 3257 1993 3329 τὴν

2101 3257 2364 3312 ecclesias
2409 3258 2652 3327 ipsorum
2699 3257 2944 3314 ordinari
2991 3257 3260 3331 [debere],
3297 3269 3358 3313 ut
3405 3260 3682 3330 propriam

404 3349 551 3402 ἰδίαν
585 3347 946 3402 καπιτατιόνα
979 3348 1075 3402 καὶ
1121 3347 1185 3400 τὸ
1229 3347 1512 3418 δημόσιον.
1561 3348 1625 3401 Ἦ
1649 3349 1706 3401 δὲ
1742 3355 1814 3414 ις’
1842 3348 1986 3403 διάτ.

400 3443 507 3495 τοῦ
547 3441 712 3494 αὑτοῦ
748 3442 951 3506 τίτλου,
988 3441 1086 3495 καὶ
1117 3443 1152 3512 ή
1183 3440 1229 3513 β’
1256 3441 1352 3495 τοῦ
1389 3447 1438 3494 α’
1471 3440 1576 3495 τίτ.
1607 3439 1716 3492 τῶν
1740 3439 1988 3511 Νεαρῶν,

403 3535 544 3602 φασὶ
572 3536 698 3597 τοὺς
729 3535 1165 3606 ἐναπογράφους,
1183 3535 1278 3587 καῖ¹
1304 3534 1547 3587 ἀκόντων
1564 3533 1672 3586 τῶν
1693 3532 1991 3597 δεσποτῶν,

400 3631 472 3681 ἐν
503 3630 620 3690 ταῖς
648 3630 768 3680 κατ’
822 3628 1020 3691 αὐτοὺς
1051 3627 1276 3697 κτήσεσι
1324 3626 1785 3698 χειροτονεῖσθαι·
1835 3626 1922 3694 ἐφ’
1950 3617 1994 3693 ᾧ

398 3720 500 3774 διὰ
528 3720 638 3772 τῶν
656 3719 930 3773 δεσποτῶν
957 3719 1055 3790 τὴν
1085 3718 1447 3772 καπ-ιτατιόνα
1479 3718 1776 3784 συντελεῖν,
1808 3720 1904 3772 καὶ
1925 3717 1993 3770 δι’

405 3808 866 3864 ὐπκαταστάτου
896 3809 1250 3882 λειτουργεῖν.

485 3989 736 4044 ΚΕΦΑΛ.
779 3989 903 4044 ΛΕ’.
944 4020 1014 4031 —
1047 3990 1184 4058 Περὶ
1222 3989 1330 4044 τοῦ
1369 3990 1486 4046 ὑπὸ
1523 3990 1631 4046 τὸν
1659 3992 1996 4044 ἐπίσκοπον

406 4075 524 4148 τῆς
562 4082 793 4146 πόλεως
817 4076 969 4134 εἶναι
994 4082 1135 4147 τοὺς
1173 4081 1502 4150 κληρικοὺς
1544 4081 1662 4135 τῶν
1693 4081 1997 4151 πτωχείων

405 4171 513 4228 καὶ
547 4172 966 4243 μοναστηρίων
1016 4175 1114 4228 καί
1152 4176 1542 4245 μαρτυρείων.

695 4284 966 4339 Συνόὸου
999 4284 1390 4352 Χαλκηδόνος
1426 4285 1628 4339 κανὼν
1660 4292 1708 4356 η’

480 4374 556 4447 η’.
573 4378 636 4431 Oi
662 4377 914 4447 κληρικοὶ
937 4377 1046 4431 τῶν
1068 4379 1355 4449 πτωχείων
1371 4378 1466 4432 καὶ
1484 4379 1864 4448 μοναστηρίων
1902 4380 1998 4432 καὶ

409 4469 781 4540 μαρτυρείων,
804 4469 910 4521 ὑπὸ
935 4470 1035 4541 τὴν
1058 4470 1308 4537 ἐξουσίαν
1332 4470 1441 4523 τῶν
1480 4471 1538 4524 ἐν
1583 4472 1791 4542 ἑκάστη
1841 4471 1997 4524 πόλει

409 4563 728 4616 ἐπισκόπων
757 4563 896 4616 κατὰ
922 4563 1021 4634 τὴν
1048 4561 1158 4617 τῶν
1187 4563 1358 4632 ἁγίων
1390 4563 1652 4634 Πατέρων
1699 4565 1997 4635 παράδοσιν

408 4654 836 4725 διαμενέτωσαν,
875 4655 970 4707 καὶ
1003 4655 1078 4725 μὴ
1114 4653 1257 4707 κατὰ
1277 4653 1568 4708 αὐθάδειαν
1608 4655 1996 4725 ἀφηνιάτωσαν

409 4743 506 4797 τοῦ
532 4742 659 4796 ἰδίου
686 4743 1006 4796 ἐπισκόπου.
1058 4744 1122 4797 Oi
1143 4743 1200 4796 δὲ
1219 4743 1528 4814 τολμῶντες
1551 4745 1881 4816 ἀνατρέπειν
1896 4747 1997 4817 τὴν

420 4835 666 4904 τοιαύτην
691 4835 1025 4890 διατύπωσιν
1051 4835 1174 4889 καθ’
1197 4837 1512 4907 οἱανδήποτε
1543 4839 1768 4907 τρόπον,
1802 4842 1897 4893 καὶ
1921 4841 1996 4914 μὴ

419 4929 841 5001 δποταττόμενοι
888 4930 965 4999 τῷ
1021 4930 1135 5000 ίδίῳ
1175 4930 1480 5001 ἐπισκόπῳ,
1516 4932 1691 5000 εἰμὲν
1726 4929 1835 4986 εἷεν
1866 4932 1998 5002 κλη-

419 5019 605 5090 ρικοὶ,
662 5021 774 5082 τοῖς
832 5020 941 5073 τῶν
998 5021 1242 5073 κανόνων
1326 5020 1745 5075 ὑποκείσθωσαν
1824 5024 1998 5076 ἐπιτι-

417 5111 561 5182 μίοις
589 5126 602 5140 ·
645 5114 694 5167 εί
724 5113 782 5166 δὲ
839 5113 1162 5184 μονάζοντες
1215 5114 1249 5183 ἢ
1301 5113 1502 5180 λαῐκοὶ,
1559 5115 1804 5171 ἔστωσαν
1848 5117 1993 5170 ἀκοι-

412 5221 659 5275 νωνητοι.

486 5320 737 5374 ΚΕΦΔΛ.
768 5316 910 5387 AG’.
945 5349 1036 5374 .—
1081 5319 1223 5388 Περὶ
1260 5319 1498 5375 δούλων
1551 5323 1995 5394 κληρουμένων.

836 5413 1224 5467 Ἀποστόλων
1283 5414 1486 5468 κανὼν
1521 5415 1633 5486 πβ’.

487 5505 595 5574 πβ’.
628 5504 859 5567 Οἰκέτας
916 5507 997 5568 εἰς
1026 5505 1226 5576 κλῆρον
1255 5507 1699 5578 προχειρίζεσθαι
1734 5509 1861 5562 ἄνευ
1899 5512 1999 5580 τῆς

417 5599 522 5652 τῶν
554 5599 826 5652 δεσποτῶν
857 5599 1104 5669 γνώμης,
1147 5600 1248 5652 οὐκ
1307 5601 1674 5670 ἐπιτρέπομεν
1713 5603 1806 5654 ἐπὶ
1852 5602 1998 5676 λύπῃ

417 5691 522 5745 τῶν
540 5691 920 5762 κεκτημένων·
960 5690 1126 5745 οῐκων
1153 5692 1277 5763 ξγὰρ
1308 5692 1620 5762 ἀνατροπὴν
1671 5695 1730 5746 τὸ
1788 5693 1999 5747 τοιοῦτο

419 5782 727 5853 ἐργάζεται.
764 5785 824 5837 Ei
854 5784 911 5836 δέ
933 5801 1064 5836 ποτε
1088 5783 1184 5837 καὶ
1210 5783 1359 5848 ἄξιος
1389 5783 1585 5855 φανείη
1614 5785 1829 5854 οἰκέτης
1858 5785 1996 5857 πρὸς

420 5877 746 5949 χειροτονίαν
783 5873 1015 5954 βαθμοῦ.
1046 5868 1156 5933 οἷος
1194 5878 1291 5949 καὶ
1313 5879 1354 5951 ,ὁ
1395 5875 1677 5957 ἡμέτερος.
1705 5877 1995 5947 Ὀνήσιμος

2093 3347 2485 3417 capitationem
2518 3363 2583 3404 ac
2609 3349 2839 3419 vectigal
2871 3350 3247 3406 contribuant.
3291 3351 3527 3406 Constit.
3553 3369 3687 3408 vero

2096 3439 2162 3494 l6
2194 3440 2438 3510 ejusdem
2474 3441 2562 3495 tit.
2593 3451 2648 3497 et
2682 3443 2753 3506 2,
2801 3444 2887 3497 tit.
2938 3442 3289 3499 Novellarum
3325 3445 3512 3508 aiunt,
3548 3460 3684 3500 cen-

2095 3531 2248 3588 sibus
2300 3541 2629 3600 annotatos,
2675 3534 2840 3589 etiam
2889 3535 3076 3591 invitis
3108 3533 3272 3606 [agri]
3308 3535 3566 3599 dominis,
3627 3535 3682 3589 in

2097 3623 2162 3676 iis
2184 3621 2322 3678 vicis
2349 3622 2404 3677 in
2429 3624 2633 3692 quibus
2663 3625 2984 3688 mansitant,
3009 3626 3289 3682 ordinari:
3322 3625 3423 3698 [ita
3447 3626 3682 3697 tamen,]

2096 3724 2156 3769 ut
2207 3714 2594 3784 capitationem
2652 3717 3039 3784 contribuere,
3101 3729 3158 3773 et
3209 3733 3306 3788 per
3359 3719 3684 3775 substitutos

2099 3806 2306 3861 ruralia
2335 3807 2603 3876 obsequia
2647 3808 2897 3879 exsequi,
2927 3824 3022 3880 per
3057 3809 3314 3865 dominos
3343 3810 3683 3881 compellan-

2100 3909 2207 3951 lllr.

2166 3987 2319 4043 CAP.
2346 3986 2568 4046 XXXV.
2597 4021 2666 4031 —-
2697 3989 2768 4045 Ut
2792 3991 3033 4060 episcopo
3072 3992 3216 4046 urbis
3259 3993 3465 4047 subsint
3501 3993 3685 4047 clerici

2098 4088 2206 4130 tam
2241 4078 2298 4130 in
2341 4080 2636 4146 hospitibus
2677 4096 2992 4150 pauperum,
3031 4098 3190 4151 quam
3213 4082 3270 4135 in
3320 4085 3683 4153 monasteriis,

2099 4169 2176 4223 vel
2213 4168 2346 4223 locis
2373 4185 2490 4240 quae
2517 4172 2773 4225 dicuntur
2795 4174 3061 4243 martyrio
3091 4183 3376 4228 versantes.

2171 4281 2403 4337 Concilii
2437 4282 2886 4339 Chalcedonensis
2925 4299 3100 4339 canon
3124 4284 3179 4338 8.

2172 4376 2226 4432 8.
2262 4375 2460 4431 Clerici
2511 4375 3076 4445 ptochotrophiorum,
3129 4376 3590 4430 monasteriorum
3629 4392 3685 4430 et

2101 4470 2422 4539 templorum
2473 4477 2796 4538 martyrum,
2832 4467 2934 4521 sub
2974 4475 3243 4536 potestate
3275 4470 3680 4537 episcoporum.

2101 4562 2195 4632 qui
2219 4571 2348 4617 sunt
2383 4561 2438 4614 in
2461 4574 2794 4629 unaquaque
2825 4559 3049 4614 civitate
3069 4600 3084 4624 ,
3115 4574 3182 4614 ex
3222 4569 3536 4614 sanctorum
3576 4558 3682 4612 Pa-

2103 4665 2246 4709 trum
2298 4653 2610 4716 traditione,
2647 4663 3024 4721 permaneant,
3059 4663 3114 4706 et
3149 4667 3256 4706 non
3293 4667 3385 4719 per
3420 4666 3684 4721 arrogan-

2104 4751 2230 4801 tiam
2262 4759 2324 4801 se
2381 4761 2410 4800 a
2453 4747 2677 4816 proprio
2716 4743 2997 4815 episcopo,
3030 4744 3320 4815 imperium
3352 4745 3470 4816 ejus
3504 4747 3685 4800 detre-

2101 4847 2336 4902 ctantes,
2384 4838 2714 4893 subducant.
2752 4837 2857 4903 Qui
2916 4839 3058 4893 hanc
3091 4847 3274 4894 autem
3327 4841 3683 4894 constitutio-

2103 4949 2223 4986 nem
2260 4941 2505 4986 avertere
2527 4931 2648 4985 ausi
2690 4929 2919 4995 fuerint,
2975 4931 3021 4985 si
3061 4943 3244 4988 autem
3287 4933 3567 4998 monachi,
3601 4934 3682 4987 vel

2101 5023 2247 5090 laici,
2281 5025 2389 5080 sint
2415 5025 2898 5080 excommunicati.

2172 5315 2324 5372 CAP.
2344 5311 2746 5369 XXXVl.——De
2761 5318 2921 5370 servis
2933 5317 3022 5386 qui
3047 5318 3102 5370 in
3119 5317 3318 5370 clerum
3332 5319 3678 5386 recipiuntur.

2542 5409 2914 5479 Apostolorum
2943 5427 3113 5464 canon
3151 5411 3238 5465 82.

2171 5508 2240 5562 82
2276 5506 2416 5580 [Si].
2452 5507 2651 5562 Servos
2686 5506 2739 5560 in
2768 5506 2974 5560 clerum
3005 5505 3231 5575 provehi
3261 5504 3381 5558 sine
3402 5503 3681 5556 voluntate

2104 5603 2260 5672 103
2296 5601 2671 5664 dominorum,
2706 5614 2812 5652 non
2853 5596 3241 5666 permittimus,
3271 5595 3340 5650 ad
3368 5609 3557 5648 eorum
3586 5593 3681 5661 qui

2100 5695 2384 5764 possident
2429 5694 2755 5749 molestiam.
2809 5692 3104 5746 Domorum
3144 5691 3292 5746 enim
3338 5689 3679 5745 eversionem

2103 5789 2227 5842 talia
2257 5786 2518 5842 emciunt.
2559 5786 2616 5840 Si
2648 5785 2868 5856 quando
2903 5794 3082 5839 autem
3115 5783 3278 5838 etiam
3319 5783 3518 5852 dignus
3561 5796 3682 5838 ser-

2102 5895 2203 5932 vus
2234 5877 2385 5933 visus
2417 5876 2510 5945 sit,
2538 5877 2630 5946 qni
2660 5876 2724 5930 ad
2753 5875 2979 5945 gradum
3007 5874 3259 5945 eligatur,
3288 5871 3470 5944 qualis
3498 5878 3680 5928 noster
