4122 6458
479 466 584 530 559

1632 451 1894 515 ΡΗΟΤΙῙ
1931 451 2437 515 PATRIARCIIIE
2463 453 2576 517 (ΞΡ.

3615 454 3715 518 560

476 589 697 647 quoque
727 571 1023 628 Onesimus
1074 569 1227 625 visus
1271 575 1375 633 est,
1415 575 1469 622 et
1513 565 1723 621 domini
1765 578 2052 621 concesse-

2154 564 2349 635 ἐφάνη,
2372 566 2469 617 καὶ
2516 534 2965 633 συγχωρήσουσιν
3025 560 3076 615 οἱ
3122 561 3377 616 δεσπόται
3428 561 3522 617 καὶ
3578 566 3721 620 ἐλευ-

476 671 590 725 rint
616 683 681 724 ac
709 665 1083 729 liberaverint,
1112 672 1166 720 et
1200 662 1413 717 aedibus
1436 661 1742 727 emiserint,
1776 660 1891 713 ﬁat.

546 841 737 897 Const.
774 838 864 905 56,
900 840 983 894 ιῖι.
1023 836 1091 892 '59
1121 836 1214 891 lib.
1246 851 1286 903 ι,
1329 835 1447 891 ced.
1480 836 1558 890 ait
1603 850 2052 891 servum-nevo-

474 930 852 1001 lente;quidem
871 930 1090 984 domino
1110 928 1362 982 clericum
1387 926 1527 989 ﬁeri,
1550 927 1652 982 nisi
1677 927 1830 997 prius
1862 942 2055 981 manu-

480 1021 748 1077 mittatur.
802 1019 992 1075 Const.
1045 1017 1121 1083 2,
1175 1017 1261 1071 tit.
1318 1017 1344 1070 1
1396 1015 1740 1071 Novellarnm
1795 1018 1869 1071 ait
1913 1032 1929 1073 :
1993 1015 2051 1071 Si

478 1119 687 1173 sciente
734 1128 911 1184 neque
945 1111 1355 1168 contradicente
1405 1109 1627 1164 domino
1686 1109 1923 1164 clericus
1968 1108 2053 1162 fa-

477 1218 599 1262 ctus
628 1207 807 1269 fuerit,
840 1202 1013 1277 [eum]
1045 1204 1274 1257 liberum
1311 1217 1454 1265 esse,
1486 1216 1548 1255 ac
1588 1201 1700 1255 ﬁeri
1733 1201 2051 1271 ingenuum.

479 1296 536 1351 Si
568 1311 695 1351 vero
747 1292 1055 1366 {dominus}
1091 1309 1214 1348 cum
1256 1292 1612 1362 ignorasset,
1654 1291 1796 1345 intra
1845 1306 2052 1345 annum

478 1385 785 1458 Eillisuam]
811 1385 1087 1439 fortunam
1133 1384 1409 1449 ostendat,
1465 1383 1613 1455 [eum
1656 1383 1811 1438 illum
1866 1380 2051 1454 posse]

474 1480 740 1550 recipere.
775 1476 1070 1549 [Denique]
1112 1476 1345 1531 liberum
1384 1474 1613 1537 factum,
1661 1474 1708 1529 si
1747 1474 2054 1528 mundanus

473 1574 588 1640 ﬁat,
625 1572 848 1628 domino
884 1585 985 1626 suo
1015 1570 1070 1624 in
1101 1568 1419 1624 servitutem
1450 1567 1611 1621 tradi.
1644 1565 1844 1620 Eadem
1872 1572 2052 1620 const.

472 1666 603 1721 dicit
650 1665 1024 1734 episcopatum
1096 1677 1128 1716 a
1171 1660 1352 1715 servili
1410 1668 1573 1730 atque
1622 1658 2053 1729 ascriptitiorum

473 1759 805 1824 conditione,
832 1765 886 1811 et
914 1771 944 1810 a
976 1756 1153 1824 patria
1194 1761 1461 1823 potestate
1509 1752 1761 1807 liberare.
1790 1749 1946 1817 Quod
1970 1749 2055 1818 ip-

473 1872 598 1913 sum
644 1870 777 1910 sane
824 1854 985 1908 etiam
1018 1847 1237 1903 Novella
1281 1848 1369 1907 8|,
1393 1861 1517 1916 qua:
1554 1845 1740 1912 tradit,
1786 1860 1883 1911 per
1915 1859 2054 1914 quas

2154 653 2474 726 θερώσουσι,
2526 655 2622 707 καὶ
2674 653 2772 707 τοῦ
2821 654 2972 706 οίκου
3030 653 3238 708 ἑαυτῶν
3286 653 3721 725 ἐξαποστείλωσι,

2151 747 2404 813 γινέσθω.

2176 856 2177 859 ‘
2234 836 2299 891 Ἦ
2332 838 2389 890 δὲ
2408 837 2495 902 λς’
2526 836 2769 904 διάταξις
2783 835 2879 890 τοῦ
2904 836 2955 905 γ’
2980 836 3087 891 τίτ.
3111 837 3206 891 τοῦ
3230 843 3278 891 α’
3301 837 3442 909 βιϐλ.
3466 838 3559 893 τοῦ
3574 840 3724 906 κὼδ..

2152 927 2338 999 φησὶν,
2369 928 2450 980 ὅτι
2480 927 2683 992 δοῦλος,
2717 925 2842 979 οὔτε
2870 927 3011 981 κατὰ
3048 925 3277 997 γνώμην
3329 926 3424 980 τοῦ
3470 928 3725 983 δεσπότου

2154 1018 2475 1087 κληροῦται,
2500 1019 2549 1070 εί
2584 1018 2658 1088 μὴ
2686 1018 2953 1089 πρότερον
2982 1017 3341 1089 ἐλευθερωθῇ.
3371 1017 3438 1071 Ἢ
3458 1018 3513 1071 δὲ
3534 1019 3723 1090 β’διάτ.

2152 1108 2246 1161 τοῦ
2273 1115 2323 1161 α’
2350 1110 2454 1163 τίτ.
2488 1109 2596 1162 τῶν
2625 1109 2877 1179 Νεαρῶν,
2919 1109 3086 1178 φησὶν
3119 1108 3203 1162 ὅτι
3236 1109 3332 1162 ἐὰν
3371 1108 3729 1177 γινώσκοντος

2153 1199 2250 1251 καὶ
2281 1197 2356 1268 μὴ
2388 1197 2763 1265 ἀντιλέγοντος
2799 1197 2894 1251 τοῦ
2923 1197 3188 1250 δεσπότου
3213 1198 3489 1269 κληρωθῇ,
3522 1200 3730 1253 ἐλευθεο

2158 1292 2342 1364 ροῦται
2391 1293 2482 1347 καὶ
2534 1293 2760 1365 εὐγενὴς
2806 1293 3041 1363 γίνεται.
3088 1294 3155 1348 El
3183 1293 3241 1347 δὲ
3298 1294 3565 1365 ἠγνόησεν
3604 1297 3731 1349 εἵσω

2153 1385 2396 1440 ἐνιαυτοῦ
2422 1387 2634 1449 δεικνὺς
2671 1389 2772 1457 τὴν
2824 1387 3014 1460 τύχην,
3060 1387 3331 1457 λαμϐάνει
3378 1389 3563 1442 αὐτόν.
3598 1390 3656 1442 '0
3675 1390 3730 1442 δὲ

2154 1477 2625 1549 ἐλευθερούμενος,
2668 1479 2764 1532 ἐὰν
2790 1478 3053 1550 κοσμικὸς
3094 1479 3341 1550 γένηται,
3382 1481 3731 1551 παραδίδοται

2152 1569 2233 1632 είς
2255 1568 2499 1622 δουλείαν
2526 1568 2606 1640 τῷ
2634 1567 2871 1641 δεσπότῃ
2917 1567 3103 1621 αὐτοῦ.
3144 1568 3208 1620 Ἦ
3236 1568 3295 1621 δὲ
3326 1568 3463 1637 αὐτὴ
3491 1567 3731 1632 διάταξις

2153 1659 2322 1729 λέγει,
2347 1661 2429 1714 ὅτι
2455 1662 2490 1731 ἡ
2524 1661 2819 1732 ἐπισκοπῇ,
2843 1661 2936 1714 καὶ
2959 1660 3212 1731 δουλικῆς
3236 1661 3329 1714 καὶ
3351 1661 3731 1731 ἐναπογράφου

2152 1751 2322 1823 τύχης
2344 1752 2627 1823 ἐλευθεροῖ
2660 1754 2753 1805 καὶ⁸
2792 1751 3243 1823 ύπεξουσιότητος
3268 1768 3283 1782 ⁸
3310 1752 3377 1805 τὸ
3410 1751 3618 1805 αὑτὸδὲ
3641 1753 3733 1805 καὶ

2153 1843 2187 1913 ἡ
2211 1850 2281 1896 οε¹
2309 1846 2479 1916 νεαρά
2516 1845 2551 1916 ἡ
2578 1843 3020 1915 διαλαμϐάνουσα
3061 1844 3153 1898 διὰ
3202 1844 3372 1897 ποίων
3409 1843 3736 1913 ἀξιωμάτων

473 1949 766 2019 dignitates
809 1947 977 2002 curiae
1029 1940 1221 2014 [nexu]
1265 1938 1549 2009 patriaque
1602 1945 1875 2009 potestate
1925 1935 2051 2006 quis

2154 1937 2538 2010 βουλευτηρίου
2572 1956 2657 2003 τις
2691 1938 3073 2009 ἐλευθεροῦται
3102 1939 3197 1993 καὶ
3225 1938 3677 2008 ύπεξουσιότητος
3714 1952 3729 1967 °

473 2042 757 2098 liberetur.

545 2152 700 2209 CAP.
734 2147 979 2206 XXXVI.
1011 2178 1078 2191 -
1102 2145 1181 2202 De
1213 2144 1554 2210 diaconissis,
1595 2151 1647 2198 et
1687 2139 1828 2212 quod
1860 2138 2052 2194 mulier

472 2243 878 2318 presbyteralem
906 2241 1219 2312 dignitatem
1246 2254 1348 2293 non
1375 2237 1630 2292 obtineat.

857 2353 1083 2409 Concilii
1126 2352 1336 2406 Nicwni
1379 2366 1549 2405 canon
1582 2347 1669 2402 l9.

546 2449 636 2504 l9.
663 2446 739 2502 De
771 2444 1147 2507 Paulianistis,
1166 2443 1261 2513 qui
1287 2442 1483 2496 deinde
1508 2438 1573 2493 ad
1602 2436 1886 2494 ecclesiam
1914 2448 2049 2490 con-

472 2540 765 2611 fugerunt,
816 2545 1079 2592 statutum
1127 2542 1255 2599 est,
1306 2540 1368 2587 ut
1426 2530 1465 2585 ii
1528 2530 1755 2585 omnino
1803 2527 2049 2596 rebapti-

471 2640 689 2688 zentur.
729 2627 787 2683 Si
821 2627 917 2696 qui
965 2640 1095 2680 vero
1135 2634 1377 2693 tempore
1417 2620 1695 2691 praeterito
1727 2622 1780 2675 in
1821 2619 2053 2675 clerico-

470 2739 593 2780 rum
630 2734 863 2776 numero
895 2724 1074 2781 erant,
1105 2716 1149 2771 si
1171 2714 1390 2786 quidem
1415 2728 1446 2766 a
1479 2712 1636 2781 culpa
1667 2719 1723 2765 et
1752 2710 2050 2781 reprehen-

470 2818 628 2870 sione
650 2813 817 2880 aliqui
842 2811 944 2865 visi
968 2808 1192 2876 l'uerint,
1224 2804 1885 2875 rebaptizati‘ordinentur
1905 2818 1933 2855 a
1958 2817 2051 2857 ca-

470 2900 1133 2974 tholiczIMEcclesiae
1162 2900 1439 2969 episcopo.
1478 2897 1533 2953 Si
1561 2912 1691 2952 vero
1713 2896 2051 2951 examinatio

470 3012 567 3052 eos
614 3010 723 3055 non
758 3008 881 3048 esse
926 3000 1083 3061 aptos
1113 2988 1498 3059 deprehendit,
1534 2986 1731 3057 deponi
1760 3001 1857 3040 eos
1882 3000 2051 3055 opor-

472 3096 570 3143 tet.
610 3084 877 3140 Similiter
915 3089 1181 3137 autemet
1224 3082 1292 3135 de
1343 3079 1695 3143 diaconissis,
1743 3085 1798 3132 et
1825 3077 2052 3132 omnino

472 3180 542 3232 de
581 3174 843 3231 omnibus
870 3171 966 3242 qui
999 3172 1143 3226 inter
1188 3170 1421 3225 clericos
1469 3176 1921 3231 annumerantur,
1961 3181 2052 3221 ea-

2155 2032 2189 2101 ἡ
2220 2033 2331 2101 γὰρ
2360 2037 2403 2084 o'
2432 2031 2605 2101 νεαρὰ
2629 2031 2949 2085 ἐπισκόπων
2989 2031 3053 2085 ού
3100 2031 3395 2102 μέμνηται.

2220 2141 2477 2197 ΚΕΦΑΛ.
2533 2140 2657 2198 ΛΖ’.
2706 2172 2777 2183 -
2825 2142 2964 2212 Περὶ
3009 2142 3438 2205 διακονισσῶν,
3491 2140 3592 2197 καὶ
3646 2140 3733 2194 ὅτι

2152 2233 2305 2303 γυνὴ
2336 2236 2409 2291 οὐ
2446 2234 2672 2307 γίνεται
2704 2233 3099 2306 πρεσϐυτέρα.

2483 2347 2756 2402 Συνόδου
2800 2348 3051 2414 Νικαίας
3096 2345 3301 2401 κανὼν
3347 2344 3434 2400 ιϐ’.

2222 2435 2309 2495 ιϐ’.
2338 2438 2478 2511 Περὶ
2504 2439 3133 2504 τῶνσΠαυλιανισάντων,
3166 2434 3287 2493 εἶτα
3316 2435 3734 2509 προσφυγόντων

2149 2534 2217 2605 τῇ
2249 2533 2514 2604 καθολικῇ
2561 2532 2858 2603 Ἐκκλησία
2877 2573 2892 2598 ,
2922 2532 3047 2602 ὄρος
3093 2530 3392 2584 ἐκτέθειται
3423 2527 3736 2598 ,ἀναϐαπτί-

2150 2621 2342 2688 ζεσθαι
2384 2622 2581 2679 αὐτοὺς
2603 2621 2922 2686 ἐξάπαντος.
2956 2620 3018 2673 Εἰ
3065 2619 3123 2673 δέ
3148 2636 3292 2683 τινες
3332 2619 3411 2689 τῷ
3434 2617 3735 2689 παρεληλυ-

2152 2714 2287 2768 θότι·
2326 2714 2503 2785 χρόνῳ
2553 2714 2614 2767 ἐν
2681 2712 2761 2779 τῷ
2812 2712 3000 2783 κλήρῳ
3077 2710 3477 2782 ἐξητάσθησαν,
3537 2712 3587 2764 εί
3640 2710 3735 2779 μὲν

2151 2811 2434 2882 ἄμεμπτοι
2464 2808 2556 2862 καὶ
2592 2805 2950 2876 ἀνεπίληπτοι
2982 2808 3221 2875 φανεῖεν,
3236 2805 3735 2867 ἀναϐαπτισθέντες

2152 2900 2665 2974 χειροτονείσθωσαν
2695 2897 2799 2953 ὑπὸ
2826 2898 2919 2952 τοῦ
2942 2899 3045 2968 τῆς
3074 2898 3371 2968 ωθολικῆς
3409 2898 3736 2971 Ἐκκλησίας

2154 2992 2474 3047 ἐπισκόπου.
2506 2993 2569 3043 Ei
2596 2990 2653 3044 δὲ
2685 2992 2721 3060 ἠ
2769 2992 3060 3061 ἀνάκρισις
3090 2989 3503 3061 ἀνεπιτηδείους
3536 2991 3734 3055 αὐτοὺς

2152 3084 2421 3155 εὑρίσκει,
2479 3081 2864 3151 καθαιρεῖσθαι
2889 3081 3087 3144 αὐτοὺς
3126 3082 3415 3152 προσήκει.
3463 3080 3735 3145 Ὡσαύτως

2152 3175 2207 3228 δὲ
2238 3176 2475 3245 καὶπερὶ
2507 3174 2617 3227 τῶν
2650 3175 3029 3239 διακονισσῶν,
3061 3176 3154 3228 καί
3190 3176 3329 3240 ὅλως
3365 3176 3497 3247 περὶ
3540 3176 3649 3228 τῶν
3676 3176 3734 3227 ἐν

472 3270 596 3324 dem
630 3266 803 3321 forma
839 3264 1165 3319 servabitur.
1212 3262 1660 3316 Diaconissarum
1703 3269 1885 3314 autem
1935 3273 2052 3311 me-

2158 3266 2238 3337 τῷ
2272 3267 2456 3320 κανόνι
2494 3265 2919 3337 ἐξεταζομένων,
2971 3268 3000 3319 ό
3030 3267 3192 3331 αὐτὸς
3222 3269 3394 3332 τύπος
3427 3269 3737 3340 περιφυλα-

476 3359 736 3413 minimus
779 3370 903 3425 qua:
949 3354 1005 3409 in
1055 3354 1247 3408 habitu
1284 3351 1507 3423 quidem
1559 3358 1875 3411 censentur,
1922 3363 2054 3418 quo-

476 3451 624 3505 niam
660 3462 762 3503 nec
802 3447 968 3502 ullam
1003 3445 1207 3500 habent
1233 3457 1496 3500 manuum
1531 3441 1958 3510 impositioncm,
1994 3447 2055 3493 ut

475 3541 700 3598 omnino
739 3540 885 3595 inter
918 3538 1092 3593 laicos
1122 3538 1255 3607 ipsa:
1285 3542 1774 3591 connumerentur.

835 3719 1063 3774 Concilii
1100 3717 1384 3772 Laudiceni
1413 3732 1583 3771 canon
1606 3716 1700 3770 Η.

544 3814 635 3868 Il.
660 3810 781 3867 Non
809 3822 1063 3881 oportere
1088 3824 1184 3867 eas
1206 3825 1328 3879 quae
1359 3810 1614 3864 dicuntur
1645 3806 1977 3879 presbyter».
1999 3815 2053 3863 et

473 3904 850 3975 praesidentes,
875 3904 930 3957 in
954 3903 1206 3958 ecclesiis
1235 3900 1516 3957 constitui.

766 4013 992 4068 Concilii
1020 4011 1462 4068 Chalcedonensis
1485 4028 1656 4066 canon
1678 4011 1767 4067 15.

547 4100 631 4156 l5.
673 4100 1053 4160 Diaconissam
1102 4119 1213 4159 non
1259 4118 1383 4159 esse
1431 4105 1739 4169 mulierem,
1793 4113 1927 4169 etc.,
1986 4112 2048 4156 ut

474 4208 598 4263 pag.
631 4192 757 4248 550.

722 4282 950 4338 Concilii
977 4284 1283 4339 meumenici
1309 4284 1445 4337 sexti
1477 4300 1647 4338 canon
1675 4284 1765 4338 M.

542 4373 631 4427 14.
694 4372 1022 4431 Sanctorum
1060 4375 1486 4445 divinorumque
1523 4374 1767 4443 Patrum,
1820 4381 1953 4441 etc.,
1989 4382 2048 4428 ut

468 4481 593 4535 pag.
616 4466 742 4521 551.

539 4557 695 4614 CAP.
733 4557 1023 4614 XXXVIII.
1071 4589 1143 4601 —
1181 4561 1455 4628 Quatenus
1510 4577 1603 4632 per
1638 4561 2047 4631 :ordinationem

473 4660 686 4719 peccata
715 4650 1005 4705 solvantur.

769 4763 996 4819 Consilii
1020 4762 1469 4820 Neoemariensis
1494 4782 1663 4821 canon
1686 4767 1741 4823 9.

548 4858 602 4913 9.
624 4857 682 4913 Si
704 4860 1006 4932 presbyter,
1020 4860 1111 4931 qui
1129 4875 1363 4931 corpore
1375 4862 1527 4931 prius
1553 4870 1896 4932 peccaverat,
1912 4870 2046 4930 etc.,

476 4958 535 5004 ut
561 4965 680 5021 pag.
711 4950 837 5007 547.

2161 3355 2442 3426 χθήσεται,
2482 3356 2835 3427 ἐμνήσθημεν
2852 3357 2911 3411 δὲ
2933 3359 3043 3412 τῶν
3067 3359 3426 3415 διακονισσῶν
3447 3362 3561 3416 τῶν
3577 3365 3635 3416 ἐν
3659 3361 3734 3433 τῷ

2161 3448 2399 3519 σχήματι
2431 3448 2841 3515 ἐξετασθεισῶν,
2893 3451 3017 3503 ἐπεὶ
3072 3452 3206 3523 μηδέ
3252 3453 3594 3525 χειροθεσίαν
3615 3453 3733 3507 τινὰ

2158 3540 2374 3612 ἔχουσιν
2397 3557 2412 3573 ·
2477 3540 2620 3596 ὥστε
2671 3541 2974 3609 ἐξάπαντος
3032 3544 3092 3596 ἐν
3142 3546 3255 3608 τοῖς
3305 3544 3521 3611 λαῖκοῖς
3567 3546 3733 3610 αὑτὰς

2159 3632 2531 3698 ἐξετάζεσθαι.

2459 3727 2729 3782 Συνόδου
2757 3726 3110 3795 Λαοδικείας
3130 3729 3330 3781 κανὼν
3362 3736 3455 3783 ια’.

2231 3814 2323 3871 ια’.
2350 3817 2486 3889 Περὶ
2515 3819 2610 3871 τοῦ
2646 3818 2724 3888 μὴ
2743 3818 2853 3871 δεῖν
2882 3816 2983 3880 τὰς
3008 3818 3309 3888 λεγομένας
3347 3818 3729 3890 πρεσϐύτιδας,

2158 3910 2274 3979 ἦτοι
2292 3910 2740 3981 προκαθημένας,
2765 3910 2826 3961 ἐν
2849 3909 3115 3980 ἐκκλησία
3146 3910 3529 3967 καθίστασθαι.

2422 4023 2694 4078 Συνόδου
2727 4022 3116 4091 Χαλκηδόνος
3158 4022 3361 4076 κανὼν
3387 4022 3471 4078 ιε’.

2230 4115 2315 4171 ιε’.
2332 4117 2692 4173 Διακόνισσαν
2718 4117 2794 4189 μὴ
2819 4116 3505 4187 χειροτονεῖσθαιγυναῖκα,
3523 4134 3649 4174 stur.
3674 4115 3725 4172 λ.

2270 4295 2545 4351 Συνόδου
2593 4294 3013 4365 οὶκουμενικῆς
3049 4294 3229 4366 ἕκτης
3274 4296 3479 4351 κανὼν
3522 4296 3607 4353 ιδ’.

2226 4390 2310 4443 ιδ’.
2358 4389 2417 4441 ’0
2445 4388 2555 4441 τῶν
2584 4388 2756 4456 ἁγίων
2801 4388 2898 4441 καὶ
2945 4388 3222 4459 θεοφόρων
3257 4388 3414 4461 ἡμῶν
3443 4389 3726 4461 Πατέρων,

2154 4498 2210 4536 κ.
2239 4498 2290 4535 τ.
2315 4479 2367 4535 λ.

2224 4572 2477 4626 ΚΕΦΑΛ.
2520 4569 2653 4625 Aﬂ'.
2683 4601 2742 4610 —
2784 4570 2926 4639 Περὶ
2946 4569 3069 4627 τῶν
3104 4570 3203 4627 διὰ
3222 4569 3329 4640 τῆς
3356 4574 3726 4643 χειροτονίας

2154 4663 2468 4735 λυομένων
2503 4664 2951 4733 ἁμαρτημάτων.
3024 4696 3025 4699 η

2402 4776 2674 4831 Συνόδου
2702 4777 3170 4845 Νεοκαισαρείας
3206 4776 3407 4831 κανὼν
3431 4777 3499 4832 θ’.

2230 4868 2295 4926 θ’.
2312 4868 2689 4942 Πρεσϐύτερος
2707 4868 2803 4923 ὲάν
2822 4869 3265 4941 προημαρτηκὼς
3280 4870 3516 4941 σώματι,
3535 4887 3591 4926 κ.
3608 4887 3659 4925 τ.
3676 4867 3724 4922 λ.
