4122 6434
440 348 543 414 561

455 491 2156 522 W

1317 346 1721 407 SYNTAGMA
1751 345 2088 406 CANONUD

2132 392 2142 405 .
2172 367 2236 381 ·-
2276 344 2425 405 ΤΙΤ.
2459 343 2543 404 II.
2579 343 2738 403 CAP.
2769 345 2817 404 Ι.
3597 340 3702 405 562

1767 648 2189 742 ’ΤΙΤΛΟΣ
2262 648 2383 737 B’.

443 858 601 912 ΠΕΡΙ
634 858 972 913 ΠΟΙΗΣΕΩΣ
986 856 1394 913 ΕΚΚΑΗΣΙΩΝ
1425 860 1544 910 ΚΑΙ
1571 858 1733 911 ΠΕΡΙ
1753 859 1956 911 ΙΕΡΩΝ
1984 858 2259 912 ΣΚΕΥΩΝ
2294 859 2413 910 ΚΑΙ
2440 856 2941 924 ΛΝΛΘΗΜΑΤΩΝ,
2978 856 3101 911 ΚΑΙ
3128 854 3492 909 ΚΛΗΡΙΚΩΝ
3520 852 3701 907 ΠΑΡΑ

1248 929 1292 984 Γ
1293 928 1546 988 ΝΩΜΗΝ
1587 928 1986 984 ΕΠΙΣΚΟΠΩΝ
2015 927 2365 982 ΙΣΤΩΝΤΩΝ
2396 927 2879 983 ΘΥΣΙΑΣΤΗΡΙΑ.

1586 1235 1744 1309 105
1791 1252 2315 1346 TITULUS
2408 1253 2544 1341 ιι.

442 1452 531 1508 DE
558 1447 1091 1509 EXSTRUCTIONE
1125 1447 1642 1514 ECCLESIARUM,
1669 1448 1756 1502 ET
1789 1447 1877 1501 DE
1921 1445 2169 1502 SACRIS
2225 1444 2425 1501 VASIS
2461 1444 2696 1511 ATQUE
2740 1443 3103 1515 DONARllS,
3145 1444 3234 1501 ET
3269 1444 3356 1500 DE
3392 1439 3709 1499 CLERICIS

1072 1520 1377 1577 PRASTER
1421 1518 1868 1577 SENTENTIAM
1894 1514 2205 1575 EPISCOPI
2240 1515 2547 1574 ALTARIA
2573 1514 3061 1572 ERIGENTIBUS.

434 1832 457 1875 Γ
504 1830 907 1885 ΚΕΦΑΛΑΙΟΝ
934 1829 1304 1887 ΠΡΩΤΟΝ.-
1321 1830 1462 1895 Περὶ
1500 1831 1903 1899 καθιερώσεως
1926 1830 2023 1886 ἐκ·
2049 1839 2088 1894 Α

2195 1828 2429 1887 CAPUT
2482 1826 2776 1884 PRIMUM.
2819 1858 2885 1866 —
2912 1826 2985 1879 De
3028 1826 3420 1880 consecratione
3460 1826 3711 1880 ecclesia~

435 1922 711 1990 κλησιῶν
761 1924 860 1977 καὶ
910 1924 1279 1993 μαοτυρείων
1317 1922 1405 1993 μὴ
1459 1922 1726 1992 ἐχόντων
1758 1924 2025 1993 λείψανα

432 2016 642 2086 ἁγίων.

599 2106 873 2161 Συνόδου
925 2106 1353 2177 Καρθαγέννης
1386 2106 1590 2162 κανὼν
1624 2113 1701 2175 ς’,
1732 2107 1848 2175 πγ’.

511 2197 691 2251 Ὥστε
722 2197 950 2267 χρίσμα
990 2198 1110 2253 ἀπὸ
1168 2199 1585 2269 πρεσϐυτέρων
1614 2198 1701 2268 μὴ
1731 2198 2022 2269 τίνεσθαι.

511 2288 587 2353 ς’.
617 2290 1018 2361 Φουρτουνάτος
1040 2292 1339 2355 ἐπίσκοπος
1380 2287 1555 2345 εἶπεν*
1593 2290 1684 2344 Ἐν
1728 2294 1851 2356 ταῖς
1890 2309 2023 2363 προ·

435 2379 732 2443 λαϐούσαις
764 2382 1004 2448 συνόδοις
1041 2383 1376 2455 μεμνήμεθα
1414 2384 1484 2437 τὰ
1518 2382 1823 2454 ὁρισθέντα,
1844 2382 2023 2441 τρῶστε

440 2471 670 2543 χρίσμα,
708 2473 1115 2546 ἢκαταλλαγὴν
1145 2475 1570 2546 μετανοούντων,
1618 2476 1652 2547 ἢ
1688 2477 1889 2547 κορῶν,
1930 2477 2026 2530 καὶ

440 2566 643 2631 τόπων,
668 2567 763 2620 καὶ
789 2570 931 2621 ναῶν
980 2568 1309 2637 καθιέρωσιν
1362 2569 1470 2623 ἀπὸ
1527 2569 1919 2641 πρεσϐυτέρων
1948 2569 2026 2640 μὴ

443 2658 690 2727 γίνεσθαι
715 2677 728 2690 °
777 2661 873 2715 ὲάν
905 2661 961 2713 δέ
998 2678 1082 2725 τις
1111 2662 1325 2732 ἁναφυῇ
1361 2662 1519 2715 τοῦτο
1546 2662 1822 2730 πράττων,
1860 2661 1915 2715 τί
1944 2662 2027 2716 δεῖ

443 2752 576 2820 περὶ
602 2751 792 2805 τούτου
838 2753 1055 2824 opimi;
1096 2754 1364 2825 Αὐρήλιος
1392 2754 1693 2817 ἐπίσκοπος
1719 2751 1897 2807 εἷπενο
1949 2754 2026 2807 Τὸ

442 2844 708 2915 ὑμέτερον
761 2845 979 2913 ἀξίωμα
1032 2847 1235 2918 ἤκουσε
1284 2846 1346 2900 τὸ
1395 2846 1680 2916 ἀνενεχθὲν
1725 2847 1879 2917 παρά
1928 2845 2023 2899 τοῦ

439 2932 669 3002 ἀδελφοῦ
696 2936 790 2988 καὶ
845 2935 1259 3008 συλλειτουργοῦ
1303 2937 1464 3008 ἡμῶν
1502 2938 1933 3007 Φουρτουνάτου,
1969 2938 2024 2991 τί

440 3027 579 3097 πρὸς
603 3026 778 3081 ταῦτα
825 3026 1049 3096 λέγετε;
1092 3029 1225 3082 Ἀπδ
1271 3031 1490 3084 πάντων
1544 3029 1654 3083 τῶν
1704 3032 2023 3084 ἐπισκόπων

441 3117 660 3190 ἐλέχθη·
696 3119 1013 3191 Χρίσματος
1056 3121 1294 3191 ποίησις,
1319 3121 1414 3177 καὶ
1447 3121 1624 3191 κορῶν
1672 3121 2021 3193 καθιέρωσις,

2130 1940 2249 1979 rum
2276 1933 2326 1979 et
2356 1924 2733 1995 martyriorum
2760 1937 2878 1992 qum
2910 1930 3217 1975 sanctorum
3246 1920 3474 1990 reliquiis
3508 1927 3711 1974 carent.

2371 2100 2596 2157 Concilii
2625 2100 3060 2173 Carthaginensis
3091 2116 3259 2154 canon
3293 2099 3347 2166 6,
3387 2100 3475 2155 85.

2205 2194 2274 2250 Ut
2302 2195 2532 2250 chrisma
2562 2211 2596 2249 a
2620 2194 2939 2264 presbyteris
2968 2211 3073 2249 non
3101 2194 3197 2263 ﬁat
3224 2195 3290 2249 ²¹.

2203 2289 2255 2344 6.
2289 2288 2624 2344 Fortunatus
2644 2288 2937 2359 episcopus
2967 2288 3139 2343 dixit:
3170 2286 3227 2341 lu
3258 2285 3553 2359 przcteritis
3583 2298 3719 2340 con-

2130 2381 2275 2436 ciliis
2300 2389 2570 2437 statutum
2611 2379 2768 2453 [mss.
2816 2377 3140 2450 constituta]
3171 2379 3525 2434 meminimus
3555 2394 3715 2445 esse,

2130 2482 2193 2530 ut
2228 2475 2469 2530 chrisma
2508 2474 2593 2530 vel
2623 2473 3001 2529 reconciliatio
3045 2472 3431 2543 poenitentium
3452 2512 3467 2537 ,
3501 2486 3715 2528 necnon

2129 2577 2183 2625 et
2207 2568 2512 2638 puellarum
2544 2566 2920 2633 consecratio,
2959 2582 2992 2621 a
3035 2565 3370 2637 presbyteris
3399 2580 3509 2619 non
3536 2564 3671 2619 ﬂant
3701 2583 3715 2619 :

2132 2662 2179 2717 si
2218 2661 2343 2731 quis
2376 2671 2560 2716 autem
2588 2660 2877 2717 emerserit
2919 2662 3021 2715 hoc
3070 2659 3313 2726 faciens,
3363 2659 3494 2728 quid
3542 2658 3609 2713 de
3650 2674 3719 2714 eo

2134 2735 2285 2826 [ηιδε.
2320 2755 2387 2808 de
2417 2753 2544 2825 hoc]
2596 2752 2947 2809 statu’endnm
2981 2752 3102 2807 sit?
3140 2751 3400 2806 Aurelius
3428 2750 3715 2820 episcopus

2130 2844 2307 2899 dixit:
2347 2844 2567 2899 Audivit
2609 2844 2851 2913 dignatio
2875 2854 3053 2900 vestra
3086 2844 3489 2913 suggestionem
3530 2840 3719 2896 fratris

2135 2947 2189 2992 et
2233 2938 2537 3007 eoepiscopi
2587 2937 2758 2993 nostri
2804 2934 3124 3003 Fortunali;
3171 2936 3303 3007 quid
3339 2936 3403 2990 ad
3436 2934 3553 2990 haec
3577 2934 3716 2989 dici-

2130 3032 2245 3087 tis?
2266 3032 2349 3086 Ab
2381 3032 2653 3087 universis
2675 3032 2944 3101 episcopis
2982 3031 3187 3087 dictum
3223 3039 3309 3086 est
3339 3048 3353 3086 :
3389 3028 3718 3085 Chrismatis

2133 3122 2273 3197 (ms.
2323 3120 2612 3195 chrisma]
2646 3123 2936 3189 confectio,
2968 3132 3022 3178 et
3042 3120 3351 3192 puellarum
3376 3121 3719 3176 consecratio

441 3208 550 3261 ἀπὸ
583 3210 977 3282 πρεσϐυτέρων
1020 3212 1098 3285 μὴ
1137 3213 1383 3283 γένηται,
1428 3215 1566 3285 μήτε
1595 3213 1652 3267 δὲ
1690 3213 2025 3278 καταλλάξαι
2059 3200 2088 3255 Ε

2132 3232 2161 3271 a
2203 3218 2533 3289 presbyteris
2580 3232 2690 3272 n0n
2741 3219 2833 3272 fiat
2866 3217 2988 3272 :vel
3015 3216 3367 3271 reconciliare
3385 3229 3716 3285 quemquam

442 3300 567 3353 τινά
594 3301 674 3364 είς
690 3299 955 3372 δημοσίαν
987 3301 1331 3374 λειτουργίαν
1368 3302 1727 3376 πρεσϐυτέρῳ
1782 3303 2024 3375 team,-

442 3392 601 3446 τοῦτο
632 3396 795 3448 πᾶσιν
840 3395 1086 3466 ἀρέσκει.

514 3487 652 3555 Περὶ
681 3486 799 3541 τῶν
836 3490 1131 3544 πλαστῶν
1150 3490 1458 3560 μνημείων
1493 3488 1614 3543 τῶν
1623 3490 1960 3558 μαρτύρων.

518 3586 630 3646 σῖγ’.
672 3579 907 3650 Ὁμοίως
955 3582 1150 3654 ήρεσεν
1180 3584 1267 3636 ἴνα
1318 3583 1386 3636 τὰ
1430 3580 1706 3651 πανταχοῦ
1764 3581 1868 3636 ἀνά
1906 3585 2034 3645 τοὺς

444 3670 649 3739 ἀγροὺς
687 3672 782 3725 καὶ
840 3673 967 3736 τοὺς
1020 3673 1354 3744 ἀμπελῶνας
1409 3674 1794 3745 θυσιαστήρια,
1828 3672 2033 3727 ὡσανεὶ

444 3764 524 3826 είς
555 3762 778 3833 μνήμην
841 3763 1136 3836 μαρτύρων
1184 3766 1580 3837 καθιστάμενα,
1628 3767 1686 3820 ὲν
1710 3760 1793 3829 οἷς
1817 3765 1937 3819 οὐδὲ
1975 3767 2033 3821 ἓν

447 3853 608 3923 σῶμα
656 3855 691 3926 ἢ
735 3855 963 3926 λείψανα
1000 3858 1297 3930 μαρτύρων
1352 3862 1693 3930 ἀποκείμενα
1735 3861 2029 3931 δείκνυται,

444 3946 553 3999 ἀπὸ
598 3947 706 3999 τῶν
736 3949 1000 4002 ἐντοπίων
1034 3951 1351 4006 ἐπισκόπων
1399 3954 1447 4007 εί
1509 3956 1624 4009 ἔστι
1661 3957 1886 4011 δυνατὸν
1928 3976 2030 4012 κα-

446 4039 876 4109 ταστρέφωνται.
920 4042 982 4095 El
1031 4042 1087 4097 at
1125 4043 1285 4098 τοῦτο
1335 4045 1587 4118 θορύϐοις
1621 4050 1939 4121 δημοτικοῖς
1969 4051 2029 4104 ού

448 4133 835 4200 συγχωρείται,
878 4133 1028 4202 ὅμως
1056 4135 1127 4188 τὰ
1162 4134 1344 4219 πλήθοη
1393 4139 1761 4211 νουθετηθῶσι
1798 4141 1875 4213 μὴ
1905 4143 2031 4213 ὀχλ-

445 4225 684 4291 αγωγείν
736 4226 862 4288 τοὺς
890 4227 1091 4291 τόπους
1134 4228 1379 4292 ἐκείνους
1407 4246 1422 4261 ·
1468 4232 1565 4285 καὶ
1594 4232 1683 4285 ἴνα
1712 4235 1759 4287 οἱ
1794 4232 1863 4287 τὰ
1896 4234 2033 4304 ὀρθὰ

444 4316 771 4387 φρονοῦντες
834 4317 1077 4389 μηδεμιᾷ
1141 4319 1535 4393 δεισιδαιμονίᾳ
1595 4321 1703 4375 τῶν
1774 4323 2031 4378 τοιούτων

442 4408 626 4462 τόπων
660 4410 1148 4480 καταδεσμῶνται·
1192 4413 1285 4467 καὶ
1327 4415 1608 4477 παντελῶς
1654 4417 1791 4487 μηδὲ
1840 4418 2029 4489 μνήμη

446 4504 742 4577 μαρτύρων
775 4507 1114 4580 ἐπιτελεσθῇ,
1181 4512 1231 4564 εί
1281 4512 1355 4583 μή
1414 4529 1515 4564 που
1560 4512 1593 4581 ἢ
1632 4511 1859 4584 σῶμαῆ
1907 4530 2030 4567 τινα

443 4599 673 4669 λείψανα
717 4594 870 4667 ὦσιν,
902 4601 934 4671 ἢ
965 4603 1321 4673 ἀρχαιογονία
1349 4605 1492 4668 τινὸς
1520 4607 1812 4678 οίκήσεως,
1842 4608 2027 4678 ῆ-κτί-

446 4708 605 4755 σεως,
671 4693 703 4764 ἢ
775 4693 985 4757 πάθους
1034 4698 1203 4767 πιστῇ
1256 4698 1579 4769 ἀρχαιότητι
1634 4676 2026 4768 παραδίδοταιο

442 4784 545 4839 ὅσα
585 4786 695 4857 γὰρ
736 4785 805 4840 δι’
853 4787 1124 4842 ἐνυπνίων
1176 4788 1273 4842 καὶ
1328 4791 1579 4859 ματαίων
1624 4792 2028 4862 ἀποκαλύψεων

442 4876 747 4948 ἀνθρώπων
791 4879 958 4934 τινῶν
1015 4882 1355 4953 ὁπουδήποτε
1413 4882 1769 4937 καθίστανται
1827 4884 2025 4939 θυσια-

446 4972 683 5111 σὲήρια,
738 4971 903 5023 παντὶ
989 4973 1176 5043 τρόπῳ
1243 4973 1314 5027 τὰ
1394 4974 1618 5029 τοιαῦτα
1686 4977 2024 5050 ἀποδοκιμα-

447 5074 478 5111 c
513 5075 671 5111 ωσιν.

447 5074 671 5113 συωσιν.

652 5153 927 5207 Σνυνόδου
949 5154 1194 5221 Νικαίας
1217 5156 1286 5213 τὸ
1312 5157 1396 5225 β’,
1416 5160 1619 5213 νιανὼν
1652 5160 1816 5226 ζ’,ιζ’.

512 5244 646 5298 Ὅτι
688 5245 831 5312 τοὺς
874 5248 1371 5318 ἐγκαινισθέντας
1407 5254 1594 5320 ναοὺς
1620 5255 1796 5322 ἐκτὸς
1845 5274 2030 5312 κατα·-

442 5334 663 5401 θέσεως
740 5338 925 5408 ἁγίων
1002 5342 1315 5410 ,λειψάνων
1337 5384 1353 5411 ,
1443 5344 1587 5399 δέον
1666 5348 2028 5417 ἀναπληρω-

441 5427 637 5496 θῆναι.

512 5519 579 5583 ζ’.
606 5523 751 5594 Ἔφη
781 5523 993 5589 Παῦλος
1017 5528 1045 5579 ὁ
1074 5525 1217 5590 θεῖος
1238 5528 1556 5594 ἀπόστολοςσ
1591 5530 1773 5584 Ιινῶν
1800 5532 2029 5601 ἀνθρώ-

444 5623 572 5663 πων
630 5615 689 5666 αἱ
734 5614 1011 5684 ἁμαρτίαι
1068 5618 1362 5688 πρόδηλοί
1414 5622 1532 5675 εἱσι
1558 5663 1573 5690 ,
1633 5622 1756 5677 τισί
1804 5622 1874 5675 δὲ
1928 5625 2024 5678 καὶ

518 5764 565 5795 ³³
596 5764 816 5839 Cartag.
850 5786 888 5827 ιι
911 5812 925 5836 ,
958 5788 1081 5828 can.
1115 5776 1166 5831 3.

2131 3308 2185 3364 in
2204 3309 2423 3380 publica
2455 3310 2622 3365 missa
2647 3309 2965 3380 presbytero
2995 3322 3101 3362 non
3125 3307 3309 3374 licere,
3328 3307 3434 3361 hoc
3462 3304 3724 3361 omnibus

2134 3404 2331 3475 placet.

2384 3496 2459 3547 De
2490 3494 2840 3548 monumentis
2873 3501 3167 3563 martyrum
3200 3492 3449 3561 factitiis.

2199 3587 2288 3642 85.
2338 3584 2469 3642 Item
2500 3586 2570 3652 “,
2626 3595 2685 3640 ut
2716 3585 2905 3639 altaris
2936 3600 3057 3654 qua:
3095 3586 3302 3654 passim
3346 3598 3440 3653 per
3469 3598 3632 3652 agros
3667 3591 3722 3637 et

2133 3694 2230 3750 per
2258 3679 2374 3733 vias
2412 3687 2674 3749 tanquam
2709 3676 2992 3731 memoriae
3024 3683 3327 3747 martyrum
3371 3675 3721 3730 constituun-

2134 3779 2243 3837 tur,
2275 3768 2331 3823 in
2354 3769 2556 3840 quibus
2571 3768 2782 3825 nullum
2806 3782 3010 3837 corpus
3040 3776 3137 3821 aut
3155 3765 3398 3837 reliquiae
3421 3775 3721 3838 martyrum

2133 3861 2369 3919 conditae
2407 3860 2733 3930 probantur,
2784 3857 2855 3913 ab
2898 3857 3175 3927 episeOpis
3214 3857 3309 3927 qui
3338 3855 3477 3912 locis
3515 3856 3721 3912 eisdem

2132 3964 2376 4025 praesunt
2420 3953 2580 4025 106
2598 3994 2612 4017 ,
2634 3954 2677 4009 si
2708 3951 2825 4008 fieri
2852 3959 3054 4020 potest,
3080 3957 3422 4007 evertantur.
3454 3950 3511 4007 Si
3538 3961 3723 4005 autem

2134 4042 2241 4095 hoc
2272 4056 2369 4111 per
2402 4041 2668 4095 tumultus
2692 4037 2987 4110 populares
3021 4054 3129 4093 non
3157 4038 3378 4101 sinitur,
3420 4039 3607 4108 plebes
3638 4048 3722 4094 ta-

2133 4146 2259 4186 men
2290 4130 2714 4195 admoneantnr,
2749 4146 2817 4185 ne
2850 4128 2942 4184 illa
2974 4129 3097 4185 loca
3134 4128 3508 4200 frequentent,
3544 4138 3603 4184 ut
3628 4130 3723 4200 qui

2134 4232 2279 4277 recte
2296 4222 2541 4290 sapiunt,
2560 4220 2710 4277 nulla
2733 4222 2804 4277 ibi
2828 4221 3222 4292 superstitione
3239 4221 3475 4278 devincti
3502 4228 3725 4277 tenean-

2135 4323 2245 4368 tur.
2271 4314 2338 4369 Et
2376 4313 2607 4369 omnino
2637 4314 2787 4369 nulla
2821 4314 3090 4369 memoria
3127 4323 3428 4385 martyrum
3461 4314 3721 4386 probabi-

2133 4405 2257 4461 liter
2287 4416 2619 4477 acceptetur,
2645 4406 2752 4462 nisi
2773 4405 2865 4460 ubi
2889 4421 3095 4475 corpus
3125 4412 3218 4462 aut
3246 4405 3446 4476 aliquae
3470 4405 3721 4475 reliquize

2134 4508 2284 4560 sunt,
2314 4499 2471 4569 origo
2508 4498 2745 4569 alicujus
2773 4498 3129 4555 habitationis
3167 4500 3247 4553 vel
3281 4499 3554 4568 passionis
3589 4499 3719 4554 lide-

2133 4588 2346 4645 lissima
2392 4588 2611 4658 origine
2646 4587 2899 4643 traditur.
2943 4586 3079 4641 Nam
3121 4602 3245 4657 quae
3273 4602 3367 4657 per
3408 4587 3621 4639 somnia
3663 4595 3720 4641 et

2130 4694 2229 4750 per
2272 4682 2466 4735 inanes
2498 4680 2657 4750 quasi
2699 4680 3067 4735 revelationes
3111 4678 3485 4750 quorumlibet
3535 4678 3715 4732 homi-

2131 4789 2265 4827 num
2306 4772 2625 4844 ubicunque
2660 4773 3077 4829 constituuntur
3112 4772 3329 4839 altaria,
3373 4771 3523 4826 omni
3556 4770 3719 4827 modo

2133 4865 2535 4936 improbentur.

2383 5162 2614 5218 Concilii
2646 5161 2857 5217 Nica’ni
2888 5179 2923 5216 Il
2958 5176 3185 5215 canones
3214 5160 3245 5211 7
3277 5170 3329 5214 et
3369 5158 3453 5211 17.

2208 5253 2437 5323 Templis
2452 5269 2568 5324 qua:
2585 5254 2780 5321 absque
2804 5253 3129 5319 depositione
3164 5265 3441 5303 sacrarum
3464 5249 3717 5320 reliquia-

2134 5365 2254 5402 rum
2290 5349 2501 5418 fuerunt
2532 5347 2800 5413 dedicata,
2828 5347 2947 5416 ﬁeri
2977 5344 3125 5399 debet
3166 5342 3443 5413 depositio.

2211 5531 2264 5585 7.
2298 5531 2389 5587 Ait
2416 5530 2616 5585 Paulus
2639 5530 2859 5584 divinus
2876 5528 3161 5598 apostolus
3189 5544 3201 5579 :
3231 5521 3595 5589 Quorumdam
3628 5521 3717 5573 ho-

2136 5626 2338 5678 minum
2368 5632 2582 5692 peccata
2606 5630 2727 5676 sunt
2755 5621 3061 5691 manifesta,
3087 5617 3365 5674 nonnullos
3389 5625 3567 5669 autem
3593 5629 3691 5668 catt

1249 5777 1291 5809 ³³
1329 5777 1638 5834 Concilium
1668 5780 1929 5852 Cat-tliag.
1956 5798 2007 5849 ν,
2035 5798 2083 5837 c.
2115 5781 2174 5837 ll
2202 5800 2216 5849 ;
2242 5780 2537 5839 concilium
2566 5779 2822 5846 Mric.,c.
2857 5780 2949 5835 50.
