4122 6434
418 0 1729 28 Μ

448 297 557 363 563

1607 295 1869 357 PHOTII
1901 293 2408 355 PATRIARCHEE
2445 293 2553 352 ΕΡ.

3603 293 3705 357 564

447 414 738 475 sequuntur
763 404 829 459 "’.
872 402 1317 461 Praecedentibus
1366 412 1549 458 autem
1602 402 1881 471 peccatis,
1922 400 2029 455 alia

2135 400 2677 455 ἐπακολουθοῦσιν.
2750 398 3061 471 Ἀμαρτιῶν
3107 396 3201 453 οὖν
3249 400 3708 473 προκαταλαμϐα-

448 512 672 567 quoque
686 511 748 552 ea
769 508 1098 567 sequuntur.
1132 495 1360 565 impiam
1389 510 1520 565 ergo
1538 493 1790 549 haeresim
1815 506 2028 554 eorum,

448 588 545 659 qui
576 588 926 644 Christianos
969 598 1253 651 accusant,
1304 587 1411 641 alia
1445 600 1665 655 quoque
1702 584 1870 654 impia
1901 598 2022 637 con-

450 689 640 737 secuta
694 690 843 738 sunt.
900 678 1371 747 Quemadmodum
1429 678 1573 732 enim
1635 674 2029 731 venerabilium

450 772 754 841 imaginum
786 780 1067 840 aspectum
1099 786 1165 824 ex
1212 768 1447 825 ecclesia
1491 766 1853 831 sustulerunt,
1893 765 2033 820 alios

452 877 671 931 quoque
723 874 905 915 mores
960 861 1337 928 reliquerunt,
1378 872 1519 927 quos
1549 856 1771 927 quidem
1818 866 2035 926 oportet

454 952 754 1015 renovari,
808 961 863 1005 et
914 959 1024 1005 tam
1072 964 1140 1004 ex
1168 948 1294 1019 jure
1337 949 1543 1019 scripto
1604 946 1686 1003 sic
1727 946 2032 1002 observari.

454 1039 823 1111 Quaecumque
857 1054 991 1110 ergo
1032 1038 1235 1107 templa
1267 1047 1595 1093 consecrata
1645 1047 1775 1094 sunt
1825 1036 2034 1105 absque

454 1133 626 1188 sacris
657 1131 903 1202 reliquiis
937 1138 1268 1201 martyrum,
1295 1129 1350 1185 in
1378 1130 1446 1186 iis
1474 1130 1592 1186 ﬁeri
1619 1129 1914 1185 statuimus
1943 1143 2033 1183 re-

452 1222 1177 1295 liquiarumdepositionem
1234 1236 1360 1277 cum
1418 1220 1699 1277 consuetis
1752 1220 2030 1291 precibus.

454 1316 752 1387 Episcopus
784 1323 965 1369 autem
1004 1314 1235 1384 posthac
1263 1313 1526 1383 templum
1552 1327 1889 1368 eonsecrans
1915 1313 2034 1368 sine

450 1408 657 1465 salictis
714 1407 964 1477 reliquiis
993 1448 1008 1473 ,
1039 1408 1367 1477 deponatur,
1415 1404 1590 1476 utqui
1630 1405 2033 1475 ecclesiasticas

449 1499 771 1555 traditiones
802 1508 1182 1567 transgressus
1211 1499 1301 1554 sit.

522 1588 607 1644 Ne
633 1591 749 1660 quis
781 1606 900 1643 cum
930 1605 1034 1643 non
1056 1590 1245 1643 habeat
1275 1606 1393 1661 qua:
1425 1591 1495 1644 ad
1521 1590 1889 1661 perfectionem
1910 1606 2027 1657 per-

450 1689 616 1736 tinent
642 1681 882 1735 oratoria
912 1682 1180 1748 wdiﬁcare
1203 1681 1571 1751 aggrediatur.

518 1772 606 1829 i7.
633 1771 866 1838 Quidam
897 1742 1149 1828 monachi
1183 1742 1299 1829 suis
1330 1772 1488 1843 107
1530 1772 1878 1828 monasteriis
1905 1772 2033 1825 rell-
2064 1742 2107 1798 Β

446 1864 572 1929 etis,
601 1874 662 1918 ut
681 1864 774 1934 qui
797 1865 1071 1936 imperare
1096 1864 1430 1931 desiderent,
1462 1874 1515 1920 et
1536 1880 1729 1935 parere
1751 1875 2032 1930 recusant,

447 1958 691 2011 oratoria
729 1956 999 2013 mdilicare
1042 1956 1458 2027 aggrediuntur,
1510 1971 1636 2013 cum
1701 1970 1765 2011 ea
1791 1970 1899 2008 non
1934 1957 2031 2009 ha-

449 2048 613 2101 beant
656 2063 778 2117 qua:
807 2046 873 2102 ad
900 2045 1287 2116 perfectionem
1317 2048 1617 2119 pertinent.
1663 2046 1721 2102 Si
1748 2046 1875 2117 quis
1903 2062 2034 2118 ergo

450 2139 556 2193 hoc
579 2137 759 2195 facere
816 2154 1109 2211 aggressus
1166 2137 1357 2207 fuerit,
1420 2139 1779 2209 prohibeatur
1812 2139 1882 2193 ab
1906 2138 2031 2209 ejus

449 2231 552 2286 loci
586 2232 864 2303 episcOpo.
895 2232 951 2285 Si
984 2232 1107 2303 quis
1138 2241 1320 2286 autem
1360 2246 1422 2286 ea
1453 2231 1618 2285 habet
1646 2246 1769 2301 qua:
1805 2229 1873 2284 ad
1905 2244 2033 2300 per-

450 2326 737 2380 iei-tionem
771 2325 1067 2397 sufﬁciunt,
1099 2340 1223 2394 quae
1268 2325 1337 2380 ab
1372 2324 1493 2395 ipso
1522 2324 1824 2380 deliberata
1878 2334 2030 2390 sunt,

448 2417 515 2470 ad
545 2417 706 2471 tinem
740 2416 1098 2471 deducantur.
1130 2414 1279 2471 Idem
1313 2426 1496 2471 autem
1528 2422 1779 2471 servetur
1832 2412 1890 2469 in
1926 2411 2030 2469 lai-

446 2508 527 2563 eis
553 2518 606 2563 et
640 2507 875 2563 clericis.

522 2600 739 2655 Textus.
779 2599 837 2655 in
866 2616 986 2672 cap.
1016 2602 1105 2666 Η,
1138 2600 1221 2655 tit.
1248 2600 1283 2655 3
1333 2600 1619 2670 praesentis
1654 2596 1836 2669 operis
1879 2606 2032 2652 tran-

450 2695 673 2764 scripsi,
724 2694 1002 2763 quomodo
1055 2693 1147 2748 fiat
1190 2691 1445 2748 ecclesia.
1504 2688 1647 2745 Dicit
1696 2703 1828 2743 vero
1865 2687 2033 2744 etiam

448 2798 629 2843 const.
665 2787 750 2852 i5,
784 2789 865 2843 tit.
898 2788 955 2854 Ξ,
987 2787 1083 2842 lib.
1113 2803 1130 2842 ι
1157 2786 1282 2842 cod.
1313 2787 1458 2857 quod
1490 2785 1537 2840 si
1581 2786 1707 2855 quis
1737 2798 1854 2838 rem
1904 2797 2027 2838 mo-

450 2881 636 2946 bilem,
686 2880 1050 2949 immobilem,
1096 2891 1193 2935 aut
1244 2880 1483 2949 seipsam
1536 2884 1869 2943 moventem,
1904 2889 2034 2945 per-

448 2986 599 3026 sona:
661 2968 1019 3043 [cujuspiam]
1084 2967 1367 3038 martyris,
1428 2974 1525 3022 aut
1582 2964 1886 3036 prophetae,
1936 2972 2034 3019 aut

2134 490 2362 556 νουσῶν,
2398 493 2495 546 καὶ
2542 491 2728 563 ἕτεραι
2754 494 3022 564 ἁμαρτίαι
3075 494 3414 564 παρέπονται
3436 495 3658 561 ταύταις
3688 514 3705 530 ⁶

2131 589 2199 657 τῇ
2240 583 2333 641 οὖν
2356 586 2543 639 ἀσεϐεῖ
2570 585 2778 658 αἱρέσει
2800 586 2909 638 τῶν
2939 585 3581 658 Χριστιανοκατηγόρων,
3617 592 3711 644 καὶ

2132 678 2269 733 ἀλλα
2296 678 2622 748 ἀσεϐήματα
2653 676 3060 747 συνηκολούθει.
3088 678 3307 747 Ὠσπερ
3338 681 3446 749 γὰρ
3473 680 3571 750 τὴν
3601 681 3712 737 τῶν

2135 770 2349 825 σεπτῶν
2376 771 2602 825 εἰκόνων
2653 768 2776 839 ὖψιν
2824 768 3111 838 ἀφείλοντο
3140 770 3206 823 ἐκ
3252 773 3351 842 τῆς
3394 772 3710 841 ἐκκλησίας,

2134 863 2230 917 καὶ
2252 863 2419 934 ἐτερά
2449 879 2571 915 τινα
2609 860 2705 931 ἐθη
2736 860 2857 914 ἀντὶ
2887 860 2982 914 τοῦ
3010 861 3422 931 ἀπεδοκίμασαν
3468 866 3714 935 παραλε-

2133 954 2404 1020 λοίπασιν,
2437 952 2474 1008 ἃ
2496 952 2602 1024 χρὴ
2621 952 3015 1023 ἀνανεωθῆναι,
3035 955 3126 1007 καὶ
3150 954 3292 1008 κατά
3314 955 3412 1026 τὴν
3437 956 3714 1026 ἔγγραφον

2135 1048 2231 1102 καλ⁵
2261 1049 2507 1118 ἄγραφον
2540 1046 2900 1115 θεσμοθεσίαν
2928 1044 3101 1109 οὕτως
3150 1050 3374 1117 κρατεῖν
3399 1064 3413 1078 ο
3456 1050 3573 1103 ὅσοι
3617 1049 3714 1105 οὖν

2137 1139 2324 1191 σεπτοὶ
2373 1138 2493 1192 ναοὶ
2551 1135 2985 1208 καθιερώθησαν,
3025 1137 3181 1200 ἐκτὸς
3240 1138 3412 1206 ἁγίων
3445 1139 3715 1209 λειψάνων

2138 1229 2455 1301 μαρτύρων,
2497 1227 2831 1300 ὀρίξομενέν
2864 1230 3050 1293 αὐτοῖς
3108 1229 3405 1283 κατάθεσιν
3456 1230 3714 1298 γενέσθαι

2134 1321 2428 1391 λειψάνων,
2495 1320 2634 1391 μετά
2697 1320 2795 1390 τῆς
2838 1320 3103 1391 συνήθους
3148 1320 3335 1391 εὐχῆς.
3374 1321 3436 1375 '0
3480 1320 3538 1374 δέ
3586 1322 3714 1376 ἄνευ

2136 1412 2309 1485 ἀγίων
2346 1411 2614 1481 λειψάνων
2675 1411 2948 1483 καθιερῶν
3004 1411 3154 1478 ναὸν,
3219 1411 3613 1483 καθαιρείσθω,
3641 1414 3717 1479 ὡς

2136 1501 2534 1575 παραϐεϐηκὼς
2556 1502 2657 1566 τὰς
2684 1502 3145 1571 ἐκκλησιαστικὰς
3184 1504 3535 1575 παραδόσεις.

2209 1596 2337 1649 Ὀτι
2352 1594 2440 1663 μὴ
2464 1594 2621 1662 ἔχων
2648 1610 2738 1658 τις
2761 1592 2833 1645 τὰ
2857 1591 3006 1660 πρὸς
3043 1592 3445 1664 ἀπαρτισμὸν,
3473 1593 3564 1663 μὴ
3593 1593 3718 1647 ἐπι-

2136 1686 2361 1757 χειροίη
2395 1682 2608 1745 κτίζειν
2626 1683 2944 1751 εὐκτήριον
2973 1684 3161 1741 οἷκον.

2212 1778 2299 1842 ιζ’.
2356 1777 2480 1830 Ὅτι
2534 1775 2676 1839 τινὲς
2716 1774 2826 1829 τῶν
2876 1776 3129 1846 μοναχῶν
3195 1775 3591 1839 καταλιπόντες
3650 1774 3719 1828 τὰ

2138 1868 2348 1925 ἑαυτῶν
2384 1868 2746 1941 μοναστήρια,
2789 1866 2865 1930 ὡς
2894 1866 3171 1937 ἐφιέμενοι
3196 1868 3386 1940 ἄρχειν
3410 1867 3506 1920 καὶ
3530 1867 3593 1920 τὸ
3614 1867 3718 1921 ὑπκ

2136 1960 2358 2016 ἀκούειν
2403 1961 2855 2031 ἀπαναινόμενοι,
2887 1960 3202 2031 ἐγχειροῦσι
3262 1959 3470 2022 κτίζειν
3517 1959 3717 2028 εύκτηο

2136 2055 2287 2125 ρίους
2311 2052 2514 2119 οίκους,
2539 2055 2606 2108 τὰ
2645 2055 2781 2128 πρὸς
2801 2053 3147 2127 ἀπαρτισμὸν
3180 2052 3257 2123 μὴ
3280 2050 3517 2121 ἔχοντες.
3545 2048 3616 2102 El
3636 2064 3719 2112 τις

2134 2144 2401 2199 οὖντοῦτο
2422 2148 2767 2219 ἐπιχειρήσοι
2793 2149 2993 2211 ποιεῖν,
3015 2144 3311 2200 κωλυέσθω
3333 2143 3439 2196 ὑπὸ
3461 2140 3559 2194 τοῦ
3582 2141 3720 2194 κατά

2134 2236 2226 2289 τὸν
2254 2238 2419 2291 τόπον
2470 2239 2771 2291 ἐπισκόπου
2805 2254 2821 2270 ’
2850 2239 2899 2292 εί
2955 2237 3013 2291 δὲ
3061 2236 3131 2289 τὰ
3174 2236 3315 2306 πρὸς
3370 2233 3721 2305 ἀπαρτισμὸν

2134 2328 2270 2407 ἔχοι,
2301 2328 2371 2381 τά
2402 2327 2802 2399 βεϐουλευμένα
2840 2329 2991 2401 αὐτῷ
3029 2331 3110 2392 είς
3158 2327 3337 2397 πέρας
3373 2325 3716 2395 ἀγέσθωσαν.

2134 2421 2211 2475 Τὸ
2240 2421 2374 2476 αὐτὸ
2416 2421 2474 2476 δέ
2531 2421 2888 2492 φυλαττέσθω
2936 2423 3031 2475 καὶ
3082 2422 3177 2474 ἐπὶ
3226 2418 3431 2473 λαῖκῶν
3458 2418 3560 2473 καὶ
3590 2417 3720 2489 κλη-

2136 2510 2327 2583 ρικῶν.

2216 2606 2304 2659 Ἐν
2332 2601 2411 2676 τῷ
2443 2602 2503 2659 ιδ’
2532 2602 2815 2675 κεφαλαίῳ
2844 2602 2935 2657 τοῦ
2960 2610 3008 2672 γ’
3036 2601 3143 2657 τίτ.
3174 2600 3269 2656 τοῦ
3298 2601 3571 2671 παρόντος
3595 2615 3719 2653 συν-

2138 2696 2447 2768 τάγματος,
2479 2695 2813 2768 παρέγραψα
2848 2695 2965 2760 πῶς
3006 2695 3214 2764 γίνεται
3238 2692 3525 2764 ἐκκλησία.
3560 2693 3721 2761 Λέγει

2132 2790 2189 2846 δὲ
2220 2790 2312 2845 καὶ
2334 2791 2473 2845 διάτ.
2506 2795 2566 2843 ιε’
2594 2789 2689 2843 τοῦ
2733 2788 2779 2859 β’
2808 2790 2913 2842 τίτ.
2946 2788 3043 2841 τοῦ
3073 2785 3119 2841 α’
3161 2787 3304 2858 βιϐλ.
3335 2786 3429 2841 τοῦ
3460 2786 3597 2840 κώδ.
3649 2785 3724 2849 ὡς

2132 2883 2230 2938 ἐάν
2248 2900 2331 2947 τις
2350 2881 2661 2954 δωρήσηται
2683 2883 2917 2953 πρᾶγμα
2935 2880 3154 2952 κινητὸν
3175 2880 3207 2951 ἢ
3232 2879 3493 2950 ἀκίνητον
3508 2877 3545 2949 ἢ
3569 2876 3723 2930 αύτο-

2132 2976 2396 3047 κίνητονῆ
2416 2976 2624 3030 δίκαιον
2640 2977 2720 3038 είς
2741 2976 3035 3045 πρόσωπον
3050 2974 3350 3046 μάρτυρος,
3367 2972 3397 3043 ἢ
3415 2972 3719 3044 προφήτου,

450 3065 655 3135 angeli,
690 3073 951 3133 tanquam
1000 3062 1105 3132 ipsi
1148 3060 1450 3115 oratorium
1499 3068 1883 3115 exstructurus
1932 3060 2032 3113 do-

2135 3068 2168 3139 ἢ
2190 3068 2421 3137 ἀγγέλου
2437 3110 2454 3132 ,
2481 3066 2557 3130 ὡς
2584 3066 2749 3121 αὑτοῦ
2794 3066 3002 3137 μέλλων
3023 3068 3309 3137 εύκτήριον
3333 3063 3685 3136 οἰκοδομῆσαι
3703 3100 3721 3128 ,

451 3156 684 3222 naverit,
725 3155 1193 3222 donationemque
1246 3151 1341 3205 ubi
1398 3159 1639 3220 oportet,
1673 3149 1727 3203 in
1771 3157 1892 3203 acta
1944 3164 2032 3203 re-

449 3247 640 3304 tulerit
671 3266 683 3301 :
714 3258 942 3317 cogatur
975 3260 1137 3315 opus,
1171 3257 1488 3314 quanquam
1521 3250 1761 3311 emptum
1795 3257 1904 3296 non
1938 3242 2031 3304 sit,

448 3356 574 3397 cum
636 3339 944 3394 barredibus
1000 3336 1340 3406 adimplere,
1397 3332 1511 3407 [eo]
1566 3350 1675 3405 que
1737 3335 2034 3404 adimpleto

447 3433 807 3487 donationem
859 3428 1138 3487 conferre.
1206 3428 1470 3498 Idemque
1520 3428 1589 3482 de
1650 3427 2031 3495 xenodocbio,

449 3524 770 3579 nosocomio
791 3564 805 3589 ,
853 3533 1019 3593 atque
1049 3520 1273 3593 ptochio
1308 3519 1487 3593 [dicit.
1524 3518 1664 3574 Tum
1695 3518 1885 3592 etiam]
1915 3519 2031 3589 epi-

448 3616 630 3686 scopis
646 3624 703 3671 et
730 3614 1056 3679 meonomis,
1081 3620 1142 3669 ut
1164 3612 1263 3667 hos
1290 3620 1528 3683 urgeret,
1551 3610 1866 3665 facultatem
1888 3626 2030 3665 esse.

450 3708 741 3763 Postremo
776 3706 891 3761 lucc
923 3705 1220 3775 completa,
1264 3712 1429 3773 prout
1456 3701 1821 3757 donatoribus
1852 3700 2032 3755 visum

448 3808 552 3864 est,
609 3815 675 3855 ac
732 3797 1036 3854 secundum
1089 3795 1368 3865 injunclas
1414 3793 1808 3865 praeeeptiones
1854 3791 2035 3845 admi-

453 3891 694 3946 nistrari.
726 3892 804 3944 Ac
833 3897 1009 3945 const.
1044 3888 1134 3952 45,
1164 3888 1247 3943 tit.
1278 3887 1334 3951 3,
1363 3885 1611 3955 ejusdem
1644 3900 1658 3939 ι
1705 3883 1801 3939 lib.
1836 3882 1971 3938 dicit
2016 3898 2031 3936 :

450 3982 608 4049 Quod
644 3983 692 4037 si
737 3982 862 4051 quis
901 3990 996 4037 aut
1035 3995 1132 4052 per
1182 3979 1606 4042 institutionem,
1646 3986 1742 4032 aut
1768 3976 2031 4047 legatum,

452 4075 1034 4139 ﬁdeicommissumve,
1069 4081 1165 4127 aut
1195 4071 1388 4127 mortis
1420 4085 1586 4126 causa
1619 4068 1975 4125 donationem
2016 4106 2032 4132 ,

451 4168 593 4237 piam
625 4166 1038 4236 dispositionem
1071 4162 1281 4231 fecerit,
1312 4173 1539 4234 cogatur
1566 4177 1663 4231 per
1713 4161 2033 4231 episcopum

448 4258 857 4323 mandatarius,
887 4258 1052 4312 etiam
1085 4256 1130 4312 si
1160 4256 1419 4326 episcopo
1465 4270 1495 4308 a
1543 4262 1819 4309 testatore,
1851 4250 2034 4322 prohi-

458 4354 633 4408 bitum
690 4353 782 4417 sit,
827 4367 895 4406 ne
935 4359 1112 4413 curet,
1165 4356 1224 4405 ut
1267 4348 1314 4404 si
1360 4347 1649 4403 ecclesiam
1702 4345 1888 4400 facere
1932 4344 2033 4413 ipsi

2135 3160 2231 3213 καὶ
2269 3158 2370 3231 τὴν
2414 3159 2625 3229 δωρεὰν
2666 3156 2946 3229 ἐμφανίσῃ
2981 3157 3067 3228 ἐφ’
3107 3150 3184 3210 ὧν
3213 3155 3515 3224 ἀναγκαῖόν
3554 3155 3721 3215 ἐστιν,

2136 3250 2507 3320 ἀναγκάζεται
2536 3248 2597 3303 τὺ
2639 3249 2800 3321 ἔργον
2845 3249 2949 3303 κᾶν
2979 3248 3052 3320 μὴ
3083 3246 3262 3319 ἧρχθη
3308 3244 3557 3317 πληροῦν
3586 3252 3723 3316 μετα

2136 3343 2515 3413 κληρονόμων,
2550 3342 2644 3394 καὶ
2680 3340 3020 3411 πληρωθέντι
3049 3339 3233 3393 δοῦναι
3255 3337 3324 3391 τὰ
3360 3337 3462 3407 τῆς
3489 3336 3719 3406 δωρεᾶς.

2136 3435 2211 3489 Τὸ
2236 3434 2367 3488 αὐτὸ
2392 3434 2449 3486 δὲ
2477 3434 2572 3488 καὶ
2598 3434 2690 3487 ἐπὶ
2718 3433 2826 3486 τῶν
2860 3432 3203 3503 ξενοδοχείων
3232 3430 3329 3485 καὶ
3356 3428 3721 3499 νοσοκομείων

2136 3527 2230 3580 καὶ
2266 3526 2575 3596 πτωχείων·
2610 3525 2795 3589 ἀδείας
2819 3524 2987 3595 οῦσης
3015 3526 3127 3588 τοῖς
3158 3522 3478 3586 ἐπισκόποις
3517 3521 3612 3575 καὶ
3642 3523 3721 3574 οί-

2137 3618 2388 3689 κονόμοις
2412 3618 2626 3687 ἐνάγειν
2650 3616 2867 3675 αὐτούς.
2906 3615 3125 3671 Τούτων
3153 3615 3211 3669 δὲ
3241 3614 3653 3685 πληρουμένων,
3686 3614 3721 3682 ὴ

2135 3705 2399 3776 διοίκησις
2444 3705 2587 3757 κατὰ
2639 3705 2709 3758 τὰ
2751 3704 2982 3771 δόξαντα
3029 3706 3142 3767 τοῖς
3194 3704 3719 3774 φιλοτιμησαμένοις

2137 3800 2230 3852 καὶ
2258 3797 2383 3861 τοὺς
2413 3796 2758 3862 ἐπιτεθέντας
2793 3798 2952 3868 ὅρους
2987 3796 3224 3865 γίνεται,
3260 3796 3355 3849 καὶ
3386 3797 3421 3868 ἠ
3457 3803 3543 3867 με’
3579 3795 3718 3849 διάτ.

2135 3889 2229 3943 τοῦ
2261 3896 2308 3958 γ’
2332 3889 2441 3943 τίτ.
2482 3888 2575 3943 τοῦ
2600 3889 2764 3942 αὑτοῦ
2805 3896 2851 3944 α’
2884 3889 3023 3960 βιϐλ.
3063 3892 3249 3960 φησὶν,
3285 3889 3365 3942 ὃτι
3397 3888 3495 3942 ἐάν
3524 3906 3607 3952 τις
3630 3888 3721 3941 εὖ·

2139 3981 2274 4051 σεϐῆ
2304 3982 2583 4052 ποιήσοιτο
2624 3981 2983 4048 διατύπωσιν,
3026 3984 3085 4036 ἐν
3124 3981 3438 4051 ἐνστάσειῆ
3476 3980 3717 4052 ληγάτῳ,

2136 4074 2169 4145 ἢ
2200 4075 2325 4144 ﬁdei
2359 4074 2638 4129 commisso
2673 4076 2858 4129 mortis
2884 4092 3046 4128 causa
3086 4074 3297 4145 δωρεᾷ,
3332 4074 3580 4144 ἀνάγκην
3609 4071 3719 4142 ἔχει

2136 4167 2164 4219 ὁ
2195 4163 2510 4227 κελευσθεὶς
2540 4164 2629 4217 διὰ
2667 4164 2762 4216 τοῦ
2813 4165 3149 4227 ἐπισκόπου,
3190 4164 3293 4217 κᾶν
3322 4163 3572 4234 ἐκωλύθη
3620 4163 3721 4216 ὑπὸ

2138 4256 2231 4309 τοῦ
2293 4256 2614 4327 διαθεμένου
2671 4258 2991 4327 προνοῆσαι,
3037 4259 3086 4309 εἰ
3132 4256 3231 4327 μὲν
3278 4256 3579 4327 ἐκκλησίαν
3626 4260 3719 4308 ἐπ-

2139 4348 2355 4419 ετράπη
2392 4348 2641 4418 ποιῆσαι,
2665 4348 2908 4419 πληροῦν
2933 4350 3103 4420 αὐτὴν
3123 4350 3255 4402 είσω
3284 4349 3529 4419 τριετίας
3546 4367 3560 4380 ⁸
3585 4349 3632 4402 εἰ
3664 4347 3720 4402 δὲ

448 4447 756 4516 injunctum
810 4444 999 4510 fuerit,
1042 4443 1187 4497 intra
1221 4441 1523 4497 triennium
1556 4438 1705 4493 illam
1748 4437 2029 4493 absolvat:

2141 4442 2380 4509 ξενῶνα,
2414 4443 2547 4496 είσω
2584 4442 2868 4496 ἐνιαυτοῦο
2913 4442 3136 4496 δυνατὸν
3167 4442 3277 4513 γάρ
3312 4443 3407 4496 καὶ
3445 4440 3595 4496 οἷκον
3641 4443 3719 4504 είς

449 4540 493 4595 si
530 4553 662 4593 vero
701 4536 1166 4605 xeuonem,,intra
1197 4549 1424 4589 annum.
1471 4531 1686 4587 Etenim
1734 4530 1865 4585 dum
1893 4545 2033 4600 opus

448 4640 889 4693 consummetur,
930 4627 1261 4695 recipiendis
1286 4624 1506 4697 aegrotis
1550 4620 1763 4695 [aliam]
1806 4622 2030 4676 domum

450 4722 686 4778 c.mduci
718 4737 902 4788 posse.
936 4720 1139 4774 Deinde
1178 4734 1244 4773 eo
1271 4728 1514 4786 tempore
1560 4718 1770 4788 elapso,
1817 4714 2035 4784 episco-

450 4830 581 4882 pum
626 4812 809 4868 relicta
861 4809 1117 4883 [pariter]
1155 4827 1279 4865 cum
1325 4809 1596 4866 fructibus
1645 4821 1809 4880 atque
1847 4821 2036 4862 acces-

452 4905 703 4961 sionibus
748 4920 777 4958 a
825 4913 1072 4973 tempore
1118 4902 1312 4956 mortis
1347 4900 1626 4956 testatoris
1668 4902 1885 4967 exigere
1920 4916 1932 4951 :
1970 4913 2036 4952 ac

452 4996 738 5062 ecclesias,
778 4995 940 5064 108
980 5009 1242 5056 xenoues,
1276 4994 1706 5063 gerontocnmia,
1756 4993 2037 5061 orphano-

452 5086 699 5157 tropltia,
739 5086 1083 5150 nosceomia,
1116 5095 1209 5139 aut
1258 5085 1475 5155 ptochia
1510 5086 1780 5139 a'dilieare
1811 5102 1824 5137 :
1870 5079 2043 5154 {tum}

451 5182 617 5237 etiam
652 5179 1126 5235 administratores
1156 5179 1287 5248 ipsis
1317 5178 1616 5249 praeficere,
1653 5178 1760 5233 nisi
1784 5186 2033 5242 testator,

452 5273 578 5343 quis
609 5272 1002 5329 administrare
1040 5269 1254 5331 debeat,
1298 5283 1560 5338 expresse
1590 5268 1831 5324 dixerit:
1864 5277 1921 5323 et
1950 5276 2034 5320 ta-

448 5367 610 5423 metsi
670 5363 1199 5438 [administratorem
1249 5360 1505 5433 testator]
1563 5362 1883 5427 nominarit,
1938 5375 2031 5430 po-

453 5468 699 5517 tt‘SlaiCln
756 5452 988 5531 [tamen]
1029 5453 1229 5507 habere
1278 5452 1593 5522 episcopum
1632 5491 1646 5514 ,
1694 5461 1753 5506 ut
1794 5452 1839 5506 si
1892 5452 2035 5505 male

452 5559 544 5611 ille
567 5551 938 5615 administret,
970 5544 1201 5619 [ipsum]
1235 5553 1534 5609 removeat,
1564 5553 1619 5599 et
1650 5542 1814 5598 alium
1846 5544 2030 5597 faciat:

457 5651 501 5704 si
536 5663 665 5701 vero
705 5643 798 5714 qui
834 5641 1036 5708 jussus
1063 5648 1168 5701 est,
1221 5637 1290 5691 ab
1338 5635 1598 5704 episc0p0
1656 5637 2033 5706 interpellatus

458 5738 875 5806 magistratuum
924 5726 1137 5801 [etiam]
1218 5726 1643 5783 admonitionem
1718 5738 2025 5799 exspectet,

2137 4534 2423 4588 ἀνάκλισιν
2444 4535 2552 4589 τῶν
2571 4532 2872 4607 ἀρρώστων
2890 4535 3234 4606 μισθοῦσθαι,
3256 4536 3363 4600 ἕως
3391 4530 3453 4590 οὗ
3476 4536 3538 4590 τὸ
3562 4536 3719 4607 ἔργον

2137 4628 2424 4700 πληρωθῇ.
2478 4627 2584 4681 Τοῦ
2636 4628 2695 4681 δὲ
2745 4628 2989 4682 τοιούτου
3036 4630 3229 4701 χρόνου
3281 4630 3715 4702 παρερχομένου,

2136 4722 2359 4775 ἀπαιτεῖ
2400 4720 2463 4772 τὺ
2508 4720 2872 4788 καταλειφθὲν
2911 4720 2940 4773 ὁ
2976 4721 3278 4785 ἐπίσκοπος
3314 4724 3454 4787 μετά
3492 4719 3717 4792 καρπῶν

2138 4810 2233 4862 καὶ
2266 4810 2545 4879 αὑξήσεων
2578 4809 2687 4862 ἀπὸ
2728 4810 2823 4862 τοῦ
2870 4808 3064 4879 καιροῦ
3117 4811 3215 4880 τῆς
3259 4810 3354 4864 τοῦ
3401 4810 3715 4879 διαθεμένου

2134 4901 2392 4971 τελευτῆς
2414 4943 2428 4967 ,
2458 4901 2553 4953 καὶ
2578 4904 2815 4955 ποιεῖται
2840 4902 2937 4964 τὰς
2960 4901 3249 4971 οἰκοδομὰς
3275 4903 3384 4956 τῶν
3411 4900 3714 4962 ἐκκλησιῶν

2137 4995 2230 5048 καὶ
2256 4996 2363 5047 τῶν
2388 4994 2651 5060 ξενώνων,
2681 4998 2715 5065 ἢ
2742 4994 2851 5048 τῶν
2892 4996 3292 5067 γηροκομείων,
3320 4996 3352 5067 ἢ
3382 4997 3711 5067 ὀρφανοτρο-

2136 5085 2328 5153 φείων,
2361 5086 2394 5155 ἢ
2424 5085 2810 5155 νοσοκομείων,
2847 5085 2881 5155 ἢ
2916 5085 3225 5156 πτωχείων,
3254 5086 3346 5138 καὶ
3378 5082 3713 5156 προχειρίζε-

2134 5192 2225 5229 ται
2250 5176 2377 5239 τοὺς
2400 5174 2677 5245 διοικητὰς
2703 5175 2903 5228 αὐτῶν·
2928 5173 2984 5227 εί
3009 5190 3072 5241 γε
3099 5174 3174 5244 μὴ
3203 5175 3383 5246 ῥητῶς
3407 5178 3437 5229 ό
3463 5175 3712 5245 τελευτή-

2137 5283 2236 5329 σας
2259 5262 2381 5319 εῐπε
2419 5269 2511 5321 τὸν
2543 5267 2841 5335 ξόφείλοντα
2883 5269 3125 5323 διοικεῖν·
3176 5272 3223 5323 εί
3269 5270 3365 5323 καὶ
3415 5269 3709 5338 ὠνόμασεν,

2134 5359 2319 5413 ἄδειαν
2350 5359 2382 5409 ὁ
2420 5360 2719 5423 ἐπίσκοπος
2756 5361 2868 5432 ἔχει
2899 5363 3088 5425 κακῶς
3125 5362 3286 5415 αὑτὸν
3318 5361 3709 5429 διαγινόμενον,

2134 5455 2439 5514 ἀποκινεῖν,
2470 5454 2564 5506 καὶ
2600 5458 2774 5508 ποιεῖν
2818 5455 2999 5509 ἄλλον.
3036 5455 3097 5508 Ei
3126 5454 3183 5507 δὲ
3213 5455 3240 5506 ὁ
3273 5453 3586 5519 κελευσθεὶς
3616 5452 3707 5505 καὶ

2137 5547 2289 5616 παρά
2319 5545 2410 5598 τοῦ
2442 5547 2741 5600 ἐπισκόπου
2776 5547 3057 5621 ὀχληθεὶς,
3122 5546 3358 5618 ἀρχικὴν
3408 5546 3707 5615 ὑπόμνησιν

2134 5638 2425 5707 ἀναμείνῃ,
2456 5638 2635 5689 δίδωσι
2664 5638 2886 5692 διπλοῦν
2914 5638 2975 5691 τὸ
3003 5638 3378 5707 καταλειφθὲν’
3408 5635 3704 5707 ῥᾳθυμοῦν·

2141 5747 2229 5792 τος
2254 5730 2310 5782 δὲ
2346 5728 2437 5782 τοῦ
2468 5731 2791 5797 ἐπισκίπου,
2826 5731 3123 5798 ἀναγκάζει
3159 5729 3511 5799 πληρωθῆναι
3540 5727 3598 5781 τὸ
3620 5726 3700 5779 δια
