4122 6434
421 326 527 389 5θ5
1278 333 1672 397 SYNTAGMA
1714 340 2019 403 CANONU

2142 370 2210 379 -·
2248 348 2394 408 ΤΙΤ.
2439 350 2520 410 lI.
2565 353 2721 413 CAP.
2765 356 2814 414 Ι.
3589 365 3692 427 5m

416 432 667 485 τυπωοὲν
690 432 717 484 ὁ
742 432 1165 506 μητροπολίτης,
1199 436 1231 506 ἢ
1261 440 1291 491 6
1314 439 1415 509 τῆς
1444 441 1763 514 διοικήσεως
1790 446 2006 515 ἐκείνης

2126 450 2345 526 ξῖρειιιιι]
2379 460 2525 526 quod
2576 462 2821 517 relictum
2859 474 2963 530 est,
3021 465 3357 536 duplicatum
3403 468 3534 524 dare
3578 472 3674 526 :si

415 524 883 595 ἁρχιεπίσκοπος,
929 527 1024 578 καὶ
1072 528 1183 592 πᾶς
1236 529 1564 601 βουλόμενος
1609 534 1719 589 τῶν
1770 537 2006 591 πολιτῶν

2126 545 2406 616 rpiscopus
2451 552 2817 622 negligentius
2858 563 3003 627 agat,
3041 524 3547 628 metropolitanum,
3595 571 3691 616 aut

416 620 575 671 κινεῖ.
605 618 668 671 Εἰ
694 618 753 671 δὲ
799 619 940 688 μετά
966 619 1064 690 τὴν
1103 621 1242 675 ἰδίαν
1272 622 1556 695 τελευτὴν,
1590 627 1641 678 οἰ
1678 626 2005 699 κληρονόμοι

2126 642 2318 689 ταοιυε
2348 634 2503 692 istius
2526 618 3031 714 archiepiscopum,
3074 654 3135 700 ut
3172 618 3319 716 quod
3362 618 3688 718 praeceptum

415 709 817 781 ἐκελεύσθησαν
854 709 1038 765 δοῦναι
1086 711 1120 784 ἢ
1170 715 1435 784 ποιῆσαι,
1489 718 1518 770 6
1563 719 2005 791 προδηλούμενος

2126 729 2193 774 εει
2242 722 2625 793 adimpleatur,
2680 709 2897 799 cogere,
2949 709 3022 787 et
3061 709 3447 803 quemcunque
3487 709 3689 790 civium

414 800 605 871 χρόνος
642 802 781 871 μετὰ
806 804 905 872 τὴν
938 803 1239 859 ἁποϐίωσιν
1268 806 1450 860 αὐτῶν
1491 808 1838 879 ἀριθμεῖται,
1870 812 1919 865 οἰ
1944 812 2002 866 δὲ

2126 808 2301 877 posse
2329 812 2714 886 quaestionem]
2750 832 3004 874 movere:
3041 820 3089 875 si
3120 832 3242 891 pust
3272 832 3503 877 mortem
3532 838 3688 877 suam

412 892 671 963 ἄρχοντες
699 893 1073 963 ἀναγκάζουσι
1105 896 1281 951 ταῦτα
1317 898 1677 970 πληροῦσθαι.

2126 896 2350 951 raeredes
2380 898 2587 969 aliquid
2616 901 2749 958 dare
2787 914 2883 959 aut
2915 906 3095 962 facere
3122 908 3264 977 jussi
3297 909 3523 976 fuerint,
3558 926 3690 980 pra:-

414 990 622 1046 dictum
653 1000 870 1061 tempus
896 999 1021 1060 post
1060 989 1281 1046 illorum
1312 992 1600 1051 decessum
1633 996 1944 1069 computari
1979 1013 1993 1051 :
2037 992 2346 1067 [denique,]
2389 1006 2447 1051 ut
2479 998 2594 1053 haec
2661 997 3010 1069 impleantur,
3059 1000 3259 1075 [ipsos]
3325 1003 3689 1073 magistratus

412 1101 612 1156 cogere
648 1085 922 1159 [debere.]

497 1178 561 1231 'ﬂ
595 1185 645 1248 γ’
673 1179 818 1233 διάτ.
851 1180 948 1233 τοῦ
986 1179 1037 1233 α’
1069 1180 1176 1235 τίτ.
1203 1181 1314 1235 τῶν
1341 1182 1570 1254 Νεαρῶν
1606 1182 1763 1257 φησί,
1796 1181 1885 1237 διὰ
1910 1182 2010 1252 δη-

417 1270 624 1340 μοσίων
659 1270 967 1341 προσώπων
1011 1272 1095 1338 δὶς
1138 1274 1465 1346 ὀχλούμενον
1506 1278 1599 1331 τὸν
1644 1276 2008 1330 κελευσθέντα

415 1364 569 1433 παρὰ
594 1364 689 1418 τοῦ
728 1366 1031 1419 ἐπισκόπου
1060 1369 1152 1420 καὶ
1179 1368 1273 1421 τοῦ
1303 1370 1589 1441 οἰκονόμου
1607 1411 1623 1437 ,
1658 1370 1753 1423 καὶ
1776 1371 1876 1423 ύπε
1888 1368 2008 1433 ρθέο

420 1474 601 1526 μενον,
651 1459 941 1512 ἐκπίπτειν
989 1460 1190 1525 παντὸς
1238 1461 1485 1532 κέρδους·
1546 1464 1640 1516 καὶ
1684 1462 1785 1533 τὴν
1822 1463 2011 1515 οὐσίαν

418 1554 601 1605 πᾶσαν
626 1550 768 1621 μετὰ
802 1551 914 1605 τῶν
961 1553 1019 1605 ἐν
1067 1554 1219 1623 μέσῳ
1250 1554 1607 1624 ἐπαυξήσεων
1638 1556 1668 1607 6
1708 1554 2010 1616 ἐπίσκοπος

416 1644 631 1711 δαπανᾷ
658 1645 738 1707 είς
783 1644 852 1697 τὰ
880 1643 1311 1710 διατυπωθέντα,
1360 1646 1435 1715 μὴ
1479 1644 2008 1716 παρακρατουμένου

2188 1175 2405 1231 Textus.
2457 1176 2647 1232 Const.
2680 1179 2734 1244 5,
2785 1180 2869 1235 tit.
2912 1180 2937 1234 l
2972 1179 3323 1239 Novellarum
3357 1187 3432 1241 ait
3458 1186 3693 1260 [aliquid

2113 1269 2297 1324 facere
2319 1279 2412 1324 aut
2442 1270 2594 1342 dare]
2613 1266 2851 1338 jussum,
2884 1273 2927 1327 si
2956 1275 3026 1328 ab
3047 1276 3302 1347 episcopo
3327 1288 3378 1333 et
3404 1295 3696 1336 (nconomo

2114 1376 2210 1429 per
2242 1361 2491 1430 publicas
2526 1377 2793 1430 personas
2831 1363 2913 1417 bis
2938 1365 3251 1421 admonitus
3285 1368 3465 1424 adhuc
3490 1370 3695 1438 dill‘ert,

2114 1453 2184 1507 ab
2210 1452 2360 1506 omni
2398 1453 2551 1507 lucro
2580 1454 2856 1521 excidere,
2885 1463 2941 1507 et
2966 1458 3279 1527 episcopum
3310 1474 3527 1514 onmem
3564 1465 3696 1515 sub-

2117 1547 2375 1603 stantiam
2426 1563 2552 1601 cum
2606 1548 2767 1601 medii
2808 1550 3066 1616 temporis
3109 1552 3544 1617 accessionibus,
3590 1570 3697 1607 non

2118 1649 2327 1695 retenta
2377 1640 2470 1712 [ab
2503 1640 2618 1712 illo]
2654 1641 2874 1696 falcidia
2900 1682 2914 1705 ,
2970 1643 3024 1697 in
3067 1660 3189 1713 quae
3212 1649 3567 1701 constitutum
3618 1657 3701 1701 est

420 1735 725 1803 φαλκιδίου.
768 1735 843 1787 Τὸ
888 1736 1020 1788 αὐτό
1071 1736 1208 1800 ἐστι,
1251 1736 1355 1789 κᾶν
1400 1737 1694 1808 προσάπαξ
1735 1753 1789 1788 τι
1833 1734 2008 1806 ληγασ-

2126 1734 2397 1788 insumere
2442 1751 2455 1786 :
2494 1743 2543 1787 et
2593 1734 2640 1788 si
2682 1733 3067 1789 universaliter
3115 1737 3394 1806 quippiam
3454 1739 3697 1809 legetur,

418 1825 604 1897 τευθῇ.
643 1825 710 1879 Ἦ
740 1826 796 1879 δέ
817 1832 865 1895 γ’
891 1826 1034 1881 διάτ.
1069 1826 1165 1880 τοῦ
1193 1826 1236 1897 β’
1274 1826 1380 1881 τίτ.
1424 1827 1535 1880 τῶν
1570 1826 1801 1897 Νεαρῶν
1824 1828 2012 1897 φησὶν,

420 1919 551 1971 εἵσω
582 1917 642 1983 ἒξ
672 1918 857 1989 μηνῶν
885 1921 1025 1989 μετὰ
1065 1919 1162 1991 τὴν
1189 1920 1491 1990 ἐμφάνειαν
1519 1920 1621 1991 τῆς
1646 1920 1919 1990 διαθήκης
1956 1920 2016 1985 ἐξ

422 2007 767 2079 ὑπερθέσεως
784 2049 796 2073 ,
825 2010 1070 2079 καρποὺς
1091 2010 1185 2062 καὶ
1212 2010 1405 2074 τόκους
1431 2010 1524 2063 καὶ
1550 2009 1881 2079 ἐπαυξήσεις
1906 2008 2016 2063 ἀπὸ

420 2102 680 2173 τελευτῆς
726 2101 823 2157 τοῦ
872 2103 1263 2167 καταλιπόντος
1309 2102 1681 2158 ἀπαιτεῖσθαι.
1744 2102 1812 2155 ῚΙ
1863 2101 1922 2154 δὲ
1964 2100 2016 2169 γ’

419 2194 561 2249 διάτ.
611 2197 706 2249 τοῦ
757 2193 801 2266 β’
856 2196 961 2251 τίτ.
1022 2195 1117 2250 τοῦ
1164 2195 1329 2250 αὑτοῦ
1379 2198 1486 2249 τῶν
1540 2195 1769 2266 Νεαρῶν
1821 2194 2017 2249 συντά·

424 2306 632 2357 γματος
674 2289 861 2358 φησὶν,
895 2288 1028 2341 εἴσω
1052 2290 1375 2353 πενταετίας
1404 2289 1503 2358 τὴν
1534 2288 1832 2359 ἐκκλησίαν
1872 2288 2019 2356 ὀφεί-

424 2381 539 2432 λειν
589 2379 963 2451 πληροῦσθαι·
1010 2382 1137 2445 τοὺς
1189 2382 1248 2435 δέ
1290 2382 1485 2445 ἄλλους
1526 2382 1747 2449 εὐαγεῖς
1797 2378 2014 2442 οἴκους»

423 2473 559 2527 εἴσω
593 2476 864 2530 ἐνιαυτοῦ.
919 2475 1074 2530 Εἰδέ
1115 2478 1192 2547 μὴ
1238 2476 1390 2539 ἐντὸς
1436 2476 1529 2528 τοῦ
1559 2474 1809 2529 ἐνιαυτοῦ
1862 2473 2019 2543 ποιή-

427 2584 612 2621 σουσιν
644 2569 695 2621 οἰ
738 2569 1104 2640 κληρονόμοι,
1151 2569 1654 2637 ἀναγκαζέσθωσαν
1694 2562 1843 2619 οἷκον
1887 2566 2017 2632 ἁγον

428 2664 616 2733 ράςειν
645 2662 678 2731 ἢ
711 2662 1072 2732 μισθοῦσθαι,
1112 2662 1243 2715 ἔνθα
1273 2662 1503 2716 δύναται
1547 2660 1618 2713 τὰ
1659 2657 2021 2713 κελευσθέντα

426 2754 788 2825 πληροῦσθαι.
840 2755 923 2809 Τὰ
983 2756 1040 2809 δὲ
1099 2757 1229 2826 περὶ
1279 2758 1379 2827 τῆς
1432 2755 1756 2824 διοικήσεως
1817 2749 2019 2821 ὁμοίως

425 2850 492 2917 τῇ
522 2846 873 2921 προλαόούσῃ
903 2848 1057 2901 διατυ
1066 2852 1176 2902 ποῖ.

497 2940 663 3007 Λέγει
686 2940 741 2992 δέ
760 2939 898 3010 βιϐλ.
932 2947 980 2993 α’
1008 2940 1117 2994 τῶν
1132 2939 1394 3007 διγέστων
1417 2940 1522 2993 τίτ.
1544 2947 1584 2992 ν
1612 2939 1752 3011 βιὸλ.
1777 2947 1807 2993 ι’
1833 2942 1927 2994 καὶ
1946 2948 2016 3005 α’,

426 3028 511 3081 ὅτι
529 3026 596 3081 τὰ
614 3028 734 3098 ἱερὰ
753 3028 895 3081 θείου
916 3028 1124 3082 δικαίου
1144 3031 1267 3091 εἰσὶ,
1285 3030 1378 3083 καὶ
1400 3031 1490 3083 ὑπ’
1509 3030 1719 3094 οὐδενὸς
1735 3032 2021 3097 δεσπόζον-

2120 1824 2264 1877 idem
2295 1838 2437 1879 esse.
2477 1822 2680 1879 Eadem
2710 1836 2892 1880 const.
2922 1827 2974 1891 5,
3013 1827 3097 1882 tit.
3133 1828 3169 1881 2
3206 1827 3553 1887 Novellarum
3603 1833 3699 1898 ait,

2120 1917 2260 1970 intra
2284 1931 2376 1970 sex
2410 1932 2626 1972 menses
2656 1926 2781 1987 post
2801 1925 3443 1989 aperturamtestamenti
3476 1924 3703 1996 [relictis

2121 2026 2229 2063 non
2254 2009 2445 2081 datis],
2482 2021 2704 2083 propter
2734 2013 3051 2068 dilationem
3095 2015 3331 2083 fructus,
3380 2032 3578 2074 usuras
3614 2028 3701 2072 at-

2119 2117 2228 2171 que
2265 2105 2616 2185 accessiones
2665 2120 2695 2160 a
2736 2116 2911 2159 morte
2943 2108 3060 2175 ejus
3103 2108 3197 2177 qui
3246 2109 3485 2179 reliquit,
3538 2110 3701 2181 exigi.

2120 2194 2323 2251 Eadem
2360 2206 2536 2251 const.
2569 2198 2622 2262 '5,
2665 2199 2747 2253 tit.
2779 2199 2813 2251 2
2852 2198 3199 2253 Novellarum
3239 2201 3336 2265 ait,
3367 2204 3506 2255 intra
3537 2204 3705 2272 quin-

2120 2290 2425 2354 quennium
2465 2290 2755 2345 ecclesiam
2791 2291 2991 2347 debere
3042 2292 3224 2361 perﬁci
3254 2310 3265 2344 :
3294 2294 3430 2349 alias
3482 2309 3707 2348 venera-

2123 2380 2258 2433 biles
2306 2381 2505 2436 domus
2552 2382 2697 2437 intra
2748 2399 2974 2437 annum.
3024 2385 3079 2438 Si
3126 2401 3252 2439 vero
3308 2386 3448 2439 intra
3499 2403 3704 2442 annqu

2124 2473 2365 2528 lueredes
2393 2473 2534 2546 [eas]
2560 2491 2666 2529 non
2704 2474 2933 2530 fecerint
2954 2476 3156 2549 [ipsos]
3177 2480 3298 2546 cogi
3330 2479 3555 2534 domum
3584 2479 3705 2538 [ali--

2120 2580 2287 2635 quam
2317 2564 2435 2636 aut]
2466 2581 2649 2621 emere
2675 2574 2771 2621 aut
2811 2569 3142 2632 conducere,
3188 2569 3279 2623 ubi
3312 2569 3467 2638 jussa
3500 2582 3706 2642 queant

2120 2657 2367 2726 exsequi.
2411 2657 2858 2712 Procuratiouem
2892 2670 3075 2714 autem
3104 2662 3331 2731 perinde
3371 2671 3538 2733 atque
3570 2681 3707 2736 pra:-

2123 2754 2289 2807 missa
2321 2761 2502 2807 eoust.
2531 2754 2793 2808 instituit.

2196 2939 2354 3009 109
2371 2938 2584 2994 Texlus.
2610 2939 2866 2995 Lib.vero
2889 2941 3134 3013 I,digest.
3154 2942 3333 3009 til.50,
3355 2944 3451 2998 lib.
3474 2960 3534 3008 η,
3552 2942 3705 3009 dicit,

2126 3047 2213 3085 res
2239 3045 2428 3085 sacras
2455 3030 2628 3085 divini
2653 3030 2817 3101 juris,
2841 3046 2907 3086 ac
2932 3033 2985 3086 in
3020 3033 3219 3088 nullius
3242 3034 3402 3087 bonis
3428 3050 3571 3088 esse.
3604 3032 3710 3089 Res

426 3133 538 3170 ταιο
575 3092 719 3188 ίερδν
747 3117 804 3170 δὲ
834 3120 1068 3189 πρᾶγμά
1089 3120 1228 3183 ἐστι,
1259 3120 1321 3173 τὸ
1345 3119 1641 3190 ἀνιερωθέν
1664 3092 2021 3192 δημοσίᾳξΤὰ

2128 3132 2310 3177 autem
2352 3138 2505 3178 sacra
2533 3133 2635 3190 est,
2670 3139 2793 3193 qua:
2831 3124 3049 3193 publice
3083 3136 3403 3181 consecrata
3438 3136 3542 3181 est.
3571 3126 3707 3180 Nam

428 3210 538 3279 γὰρ
563 3210 806 3264 ἰδιωτικὰ
820 3211 921 3264 οὐκ
942 3211 1093 3265 εἰσὶν,
1110 3213 1250 3283 ἰερὰ,
1272 3212 1407 3267 ἀλλὰ
1437 3212 1659 3284 βέϐηλα’
1690 3215 1739 3265 εί
1763 3213 1819 3266 δέ
1846 3230 2020 3267 κατα-

431 3303 573 3374 πέσῃ
606 3302 666 3355 τὸ
691 3304 1033 3375 οἰκοδόμημα
1051 3346 1066 3369 ,
1103 3306 1254 3376 μένει
1298 3307 1328 3358 6
1356 3307 1521 3369 τόπος
1569 3306 1711 3377 ἰερδς
1734 3346 1749 3372 ,
1779 3305 1855 3369 ὡς
1882 3305 2024 3376 βιϐλ.

430 3393 539 3462 δίγ.
563 3392 635 3459 ς’·
675 3396 1058 3465 καθιεροῦνται
1097 3398 1153 3452 δὲ
1182 3400 1276 3451 καὶ
1308 3401 1365 3453 ἐν
1388 3398 1575 3451 πόλεσι
1594 3399 1688 3452 καὶ
1704 3400 1761 3452 ἐν
1779 3397 2022 3471 χωρίοις.

428 3488 699 3559 Δημόσιος
716 3489 771 3543 δὲ
788 3490 951 3552 τόπος
972 3490 1123 3560 παρὰ
1153 3490 1399 3543 κέλευσιν
1424 3489 1711 3560 βασιλέως,
1734 3491 1794 3542 ού
1814 3490 2024 3559 γίνεται

431 3582 582 3652 ἱερὸς
601 3623 613 3644 ,
645 3581 719 3644 ὡς
742 3581 988 3651 δίγεστον
1019 3578 1067 3652 η’
1095 3583 1189 3633 καὶ
1228 3581 1271 3633 θ’
1281 3600 1291 3611 ·
1335 3581 1690 3652 ἀδιατίμητον
1717 3581 1774 3635 δέ
1815 3582 1935 3635 ἐστι
1962 3582 2023 3634 τὸ

435 3673 599 3741 ἱερὸν,
625 3672 701 3733 ὼς
725 3673 969 3741 δίγεστον
993 3679 1044 3725 ι”
1070 3674 1163 3726 καὶ
1179 3671 1646 3726 Ίνστιτουτιώνων
1676 3672 1816 3742 βιὸλ.
1844 3674 1949 3729 τίτ.
1975 3671 2024 3726 α’

434 3764 621 3833 φησὶν,
660 3764 743 3816 ὅτι
780 3763 927 3834 ἰερόν
970 3766 1120 3829 ἐστι,
1148 3764 1208 3816 τὸ
1237 3763 1416 3835 ὀρθῶς
1458 3764 1556 3817 κα)⁵
1581 3764 1673 3816 διὰ
1696 3766 1791 3818 τοῦ
1830 3764 2023 3835 ἱερέως

432 3857 512 3926 τῷ
542 3857 660 3925 Θεῷ
685 3856 1075 3928 ἁνιερωμένονο
1105 3856 1182 3919 ὡς
1222 3857 1274 3909 οἰ
1311 3857 1432 3911 ναοὶ
1468 3856 1660 3911 καὶτὰ
1702 3856 1893 3925 σκεύη*
1929 3856 2025 3909 καὶ

435 3948 529 4001 τοῦ
559 3948 689 4002 ναοῦ
739 3949 1178 4014 καταπεσόντος,
1210 3948 1367 4020 μένει
1410 3950 1438 4001 ὁ
1482 3949 1647 4012 τόπος
1694 3949 1863 4020 ἱερός.
1908 3949 2023 4002 Οὐκ

434 4042 551 4096 ἔστι
596 4042 654 4095 δέ
695 4041 860 4113 ίερὸν,
902 4042 1041 4112 ὅπερ
1081 4060 1165 4106 τις
1210 4044 1332 4095 κατ’
1364 4042 1574 4095 οἰκείαν
1613 4040 1903 4095 αὑθεντίαν
1948 4041 2024 4104 ὡς

435 4136 583 4208 ἱερὸν
608 4136 847 4208 ποιήσει·
876 4135 971 4188 καὶ
1008 4135 1113 4191 τίτ.
1141 4142 1215 4201 ς¹ο
1240 4136 1325 4189 ὅτι
1367 4135 1429 4188 οὺ
1456 4134 1652 4189 κτᾶταί
1677 4152 1763 4197 τις
1791 4134 1863 4187 τὰ
1902 4134 2025 4205 ἱερά

435 4230 524 4284 διὰ
570 4230 670 4300 τῆς
713 4230 936 4303 χρονίας
971 4230 1163 4301 νομῆς·
1209 4229 1335 4284 οὔτε
1381 4230 1618 4301 ἰσχυρῶς
1646 4247 1729 4294 τις
1769 4230 2024 4300 ἐπερωτᾷ

437 4321 622 4374 λαϐεῖν
655 4322 823 4394 ἱερὸν,
859 4322 1330 4377 Ίνστιτουτιώνων
1362 4323 1431 4391 ιγ’
1453 4323 1560 4376 τίτ.
1588 4322 1648 4377 ιε’
1662 4324 1756 4375 καὶ
1779 4320 1883 4375 τίτ.
1914 4327 2022 4387 xy"

2125 3232 2248 3286 quze
2299 3217 2580 3271 hominum
2632 3218 2969 3287 privatorum
3002 3228 3150 3283 sunt,
3209 3236 3317 3273 non
3366 3236 3525 3275 sacra
3556 3231 3706 3284 sunt,

2124 3308 2217 3363 sed
2248 3308 2500 3377 profana.
2531 3309 2591 3363 Si
2625 3324 2754 3364 vero
2787 3309 3074 3365 aedilicium
3100 3310 3368 3383 [sacrum]
3404 3313 3707 3383 collapsum

2128 3400 2314 3465 fuerit,
2348 3402 2503 3458 locus
2527 3418 2684 3457 sacer
2710 3416 2914 3470 manet,
2950 3414 3009 3458 ut
3038 3404 3248 3475 digesto
3281 3405 3337 3459 6.
3363 3405 3707 3460 Consecrau-

2126 3500 2215 3547 tur
2258 3508 2389 3548 vero
2435 3492 2602 3567 [loca]
2634 3503 2689 3550 et
2742 3495 3062 3551 civitatibus
3122 3503 3179 3551 et
3211 3497 3267 3550 in
3318 3498 3487 3566 agris.
3531 3496 3712 3552 Locus

2124 3584 2376 3653 publicus
2408 3586 2546 3640 citra
2594 3587 2813 3655 jussum
2867 3587 3130 3657 principis
3177 3602 3287 3641 non
3336 3590 3393 3641 tit
3439 3604 3619 3653 sacer,
3652 3599 3711 3643 ut

2123 3679 2336 3749 digesto
2365 3680 2419 3746 8,
2448 3688 2502 3735 et
2520 3682 2574 3736 9.
2603 3680 2709 3736 Res
2736 3698 2893 3736 sacra
2921 3697 3027 3734 non
3050 3682 3242 3751 recipit
3265 3682 3707 3747 arstirnationem,

2124 3780 2185 3827 ut
2222 3772 2434 3841 digesto
2468 3774 2555 3829 10.
2591 3772 2651 3826 Et
2686 3773 2833 3845 [lib.]
2868 3773 3045 3829 lnstit.
3078 3790 3139 3840 tr,
3174 3776 3257 3829 tit.
3292 3777 3316 3829 1
3356 3775 3574 3831 :Sacra:
3604 3777 3712 3846 (in-

2124 3864 2266 3935 quit)
2293 3881 2381 3921 rcs
2408 3875 2558 3931 sunt,
2604 3882 2727 3935 qua:
2778 3866 2881 3921 rite
2929 3883 3024 3936 per
3058 3868 3342 3936 pontiﬁces
3376 3867 3485 3923 Deo
3518 3883 3713 3923 conse-

2124 3959 2290 4005 crata:
2320 3962 2451 4006 sunt
2481 3971 2493 4007 :
2528 3954 2691 4008 veluti
2726 3953 2869 4008 aedes
2896 3968 3089 4020 sacrzc,
3120 3965 3175 4011 et
3217 3973 3366 4012 vasa.
3403 3958 3468 4012 Et
3503 3959 3714 4013 {edibus

2125 4042 2298 4098 Sacris
2335 4044 2558 4109 dirutis,
2597 4055 2780 4101 manet
2818 4047 2972 4101 locus
3021 4063 3197 4103 sacer.
3231 4047 3349 4103 Non
3395 4059 3479 4106 est
3528 4061 3713 4105 autem

2125 4150 2367 4199 sacrum,
2399 4137 2543 4207 quod
2563 4137 2835 4208 quispiam
2855 4154 2950 4195 sua
2969 4141 3294 4197 auctoritate
3319 4143 3475 4211 quasi
3492 4159 3710 4198 sacrum

2129 4227 2505 4280 constituerit.
2542 4227 2605 4282 Et
2645 4228 2729 4282 tit.
2760 4228 2813 4291 9,
2859 4230 3133 4283 neminem
3174 4231 3544 4300 possessionis
3600 4234 3715 4287 suf-

2130 4315 2303 4382 fragio
2343 4332 2429 4372 res
2469 4334 2659 4375 sacras
2695 4336 3019 4390 usucapere.
3066 4320 3238 4375 Nemo
3272 4322 3475 4375 utiliter
3505 4339 3592 4377 res
3622 4342 3709 4377 sa-

436 4418 521 4470 ὂτι
550 4415 725 4479 οὐδεὶς
748 4417 805 4468 ἐν
832 4415 1033 4488 εἰδησει
1063 4414 1325 4485 ἀγοράζει
1368 4416 1532 4487 ἱερόν·
1562 4416 1690 4469 εἰδὲ
1719 4414 2021 4486 ἀπατηθεὶς

2134 4424 2257 4464 cras
2285 4411 2599 4480 stipulatur,
2630 4422 2687 4467 ut
2718 4413 2897 4468 [nstit.
2926 4416 2980 4479 5,
3015 4415 3098 4470 tit.
3132 4415 3218 4468 19.
3251 4415 3315 4469 Et
3350 4415 3432 4469 tit.
3458 4415 3530 4469 25
3561 4434 3574 4470 :
3606 4415 3714 4470 Ne-

436 4509 711 4579 ὴγόρασεν
735 4509 811 4573 ὡς
838 4509 1124 4574 ἰδιωτικὸν,
1155 4510 1298 4562 κινεῖ
1323 4510 1418 4561 ἐπὶ
1451 4509 1529 4578 τῷ
1566 4509 1900 4580 διαφέροντι*
1930 4508 2027 4561 καὶ

454 4601 1005 4670 Ἰνστιτουτιώνωνῖιδ
1021 4604 1128 4658 τίτ.
1157 4609 1241 4669 ιε’,
1278 4604 1361 4657 ὅτι
1391 4603 1747 4656 ἐπιϐλέπουσι
1788 4604 1857 4656 τὰ
1901 4603 2024 4675 ἱερὰ

443 4693 537 4746 καί⁸
566 4692 1082 4765 παρασκευάζουσιν
1108 4694 1250 4747 αὐτὰ
1292 4692 1725 4763 φιλοκαλεῖσθαι.
1759 4691 1912 4749 Βιόλ.
1961 4692 2027 4761 β’,

441 4783 546 4837 τίτ.
576 4783 658 4848 ιδ’,
677 4783 817 4852 scex.
852 4790 952 4850 ις’,
983 4784 1047 4851 ξ’·
1078 4785 1141 4837 οὐ
1174 4785 1357 4847 καλῶς
1378 4803 1463 4848 τις
1490 4786 1757 4840 πακτεύει
1795 4787 1869 4859 μὴ
1895 4788 2029 4842 καθ-

444 4875 621 4946 ιεροῦν
650 4876 739 4928 τὸν
768 4877 899 4930 ῑδιον
924 4878 1107 4931 τόπονο
1138 4877 1280 4947 βιϐλ.
1311 4884 1387 4941 ς’,
1420 4877 1525 4932 τίτ.
1558 4885 1629 4944 α’,
1650 4879 1895 4947 δίγεστον
1921 4887 2027 4948 κγ’·

439 4970 509 5021 τὰ
538 4969 659 5040 ίερὰ
697 4969 773 5032 ὠς
800 4970 1045 5040 ἡμέτερα
1070 4970 1311 5023 ἐκδικεῖν
1349 4971 1410 5023 ού
1449 4971 1748 5042 δυνάμεθα’
1784 4973 1925 5044 βιὸλ.
1956 4981 2026 5045 η’,

441 5063 546 5115 τίτ.
565 5069 637 5129 α’,
671 5063 811 5133 βιδλ.
841 5070 936 5130 ις’,
959 5065 1038 5117 ιδ’·
1062 5064 1209 5135 ίεροῦ
1229 5063 1397 5118 τόπου
1424 5064 1907 5136 παρεντιθεμένου,
1934 5071 2030 5122 καὶ

444 5156 478 5224 ἡ
521 5154 589 5207 δι’
624 5154 790 5208 αὑτοῦ
821 5157 1055 5227 πάροδος
1090 5158 1171 5220 εἰς
1201 5158 1471 5212 ἰδιωτικὸν
1516 5158 1888 5229 ἐμποδίζεται·
1915 5160 2032 5214 δου-

444 5245 565 5299 λεία
590 5246 701 5318 γάρ
722 5249 784 5302 οὐ
818 5247 1133 5302 συνίσταται
1158 5249 1245 5304 διὰ
1268 5248 1362 5303 τοῦ
1388 5249 1628 5304 τοιούτου
1658 5252 1847 5305 τόπουο
1886 5253 2026 5323 βιὸλ.

447 5347 543 5405 ια’,
562 5341 667 5397 τίτ.
684 5340 748 5409 ζ’,
766 5341 906 5413 βιϐλ.
931 5342 1029 5410 ις’,
1046 5343 1155 5408 λς·”
1170 5343 1241 5398 τὰ
1262 5344 1382 5415 ἰερὰ
1403 5344 1667 5415 γινόμενα
1680 5345 1785 5399 ὑπὸ
1804 5347 1930 5410 τοὺς
1941 5363 2033 5400 πο·

448 5432 691 5505 λεμίους,
719 5434 983 5490 παύονται
1010 5433 1312 5509 είναιξίερά·
1349 5436 1538 5509 ὥσπερ
1569 5439 1901 5511 όςέλεύθερος
1921 5440 2033 5493 δου-

446 5525 659 5591 λωθείς*
684 5527 1024 5582 ἀπολυθέντα
1049 5529 1108 5583 δέ
1131 5530 1559 5601 τῆςῐσυμφορᾶς,
1586 5529 2032 5601 ἀναλαμϐάνουσι

450 5619 547 5689 τὴν
577 5619 850 5693 προτέραν
874 5621 1228 5676 κατάστασινο
1254 5623 1347 5675 καὶ
1366 5622 1505 5691 βι6λ.
1532 5621 1620 5689 ιζ’,
1652 5622 1759 5676 τίτ.
1791 5623 1858 5693 β’,
1885 5624 2028 5693 βιὸλ.

452 5717 552 5775 ις’,
571 5713 670 5783 ξγ”
693 5716 775 5770 ὅτι
799 5716 896 5771 ἐὰν
920 5717 1189 5789 ἁνιερωθῇ
1213 5718 1274 5770 τὸ
1295 5717 1474 5770 κοινὸν
1505 5717 1758 5787 πρᾶγμα,
1784 5716 1971 5771 λύεται
1998 5720 2031 5787 ὴ

454 5808 537 5858 ἐπ’
565 5807 713 5880 αὐτῷ
740 5809 1011 5865 κοινωνία.
1042 5810 1191 5881 Βιβλ.
1219 5816 1310 5880 ιη’,
1334 5808 1437 5864 τίτ.
1458 5816 1527 5875 α’,
1552 5809 1694 5878 βιὸλ.
1720 5808 1817 5879 ις’,
1871 5809 1932 5875 ε’,
1954 5810 2023 5876 ς’.

2140 4516 2232 4553 mo
2258 4500 2441 4557 sciens
2477 4502 2671 4575 [recte]
2702 4504 2833 4559 emit
2862 4521 2973 4561 rem
3011 4522 3247 4562 sacram.
3280 4505 3337 4561 Si
3382 4522 3515 4561 vero
3552 4507 3714 4561 dece-

2138 4602 2263 4661 ptus
2295 4594 2427 4648 emit
2455 4597 2611 4664 quasi
2642 4598 2931 4666 privatam,
2977 4600 3087 4669 agit
3117 4598 3183 4652 ad
3212 4600 3262 4653 id
3285 4599 3431 4668 quod
3465 4600 3711 4655 interest.

2134 4684 2201 4738 Et
2228 4684 2360 4739 Inst.
2392 4701 2464 4749 tv,
2493 4688 2576 4741 tit.
2610 4688 2697 4753 15,
2732 4689 2783 4742 in
2818 4688 2990 4760 [loco]
3034 4705 3195 4744 sacro
3226 4690 3499 4745 aediﬁcare
3528 4690 3717 4760 prohi-

2137 4777 2348 4832 Iremur.
2401 4778 2519 4834 Lib.
2561 4779 2719 4852 [dig]
2759 4796 2797 4846 ι,
2849 4782 2930 4836 tit.
2974 4783 3074 4847 16,
3106 4782 3215 4852 dig.
3255 4783 3287 4835 7
3318 4801 3330 4837 :
3364 4781 3717 4853 Magistratus

2133 4870 2277 4925 aedes
2306 4886 2494 4928 sacras
2520 4873 2841 4944 inspiciunt,
2867 4891 2929 4930 ac
2962 4878 3240 4931 ornandas
3257 4884 3474 4929 curant.
3503 4873 3623 4929 Lib.
3653 4890 3714 4940 ιι,

2135 4966 2218 5019 lit.
2253 4963 2343 5034 H,
2392 4966 2591 5039 digest.
2634 4963 2723 5021 60.
2758 4964 2877 5021 Non
2921 4977 3067 5020 recte
3104 4967 3230 5035 quis
3275 4966 3598 5034 paciscitur,
3650 4979 3721 5017 ne

2134 5063 2313 5117 locum
2345 5077 2507 5117 suum
2525 5062 2761 5116 dedicet.
2790 5059 2911 5114 Lib.
2937 5075 3012 5126 vr,
3050 5062 3134 5114 tit.
3168 5059 3238 5112 23
3270 5077 3282 5112 :
3313 5057 3505 5130 [Loca]
3538 5073 3715 5121 sacra,

2133 5155 2291 5225 quasi
2323 5164 2533 5219 nostra,
2569 5154 2625 5207 in
2654 5167 2768 5208 rem
2795 5154 3015 5209 actione
3041 5162 3222 5223 petere
3254 5168 3363 5207 non
3387 5168 3710 5223 possumus.

2132 5248 2253 5304 Lib.
2286 5263 2404 5314 vnt,
2439 5247 2523 5301 tit.
2557 5243 2606 5313 ’l,
2641 5246 2753 5316 dig.
2788 5246 2856 5299 14
2889 5264 2901 5299 :
2938 5243 3108 5301 Sacro
3132 5246 3255 5300 loco
3298 5244 3717 5306 interveniente,

2135 5343 2239 5397 iter
2276 5358 2373 5413 per
2396 5342 2574 5412 ipsum
2607 5341 2660 5394 in
2690 5340 2961 5411 privatum
2994 5339 3226 5412 [locum]
3250 5339 3564 5408 impeditur.
3594 5335 3722 5390 Ser-

2133 5434 2281 5487 vitus
2297 5433 2442 5487 enim
2462 5447 2557 5501 per
2575 5430 2886 5487 istiusmodi
2906 5430 3084 5483 locum
3105 5444 3210 5483 non
3229 5427 3502 5483 consistit.
3523 5427 3643 5481 Lib.
3664 5441 3720 5479 ιι

2136 5526 2278 5590 tit.7,
2298 5525 2513 5589 lib.xvr,
2535 5524 2731 5593 digest.
2750 5521 2819 5577 56
2834 5540 2847 5553 ·
2867 5522 3013 5577 Loca
3038 5537 3192 5577 sacra
3208 5522 3277 5576 ab
3292 5520 3544 5575 hostibus
3560 5528 3718 5587 capta

2134 5619 2391 5674 desinunt
2411 5633 2535 5674 esse
2561 5633 2742 5683 sacra,
2772 5617 2912 5672 sicut
2934 5613 3148 5688 [homo]
3170 5612 3376 5669 liberiu
3397 5607 3715 5663 servitutem

2138 5719 2463 5781 pertractus.
2500 5708 2752 5781 Ab[|tac]
2788 5708 3099 5763 calamitate
3144 5707 3371 5761 liberata
3420 5695 3713 5762 pristinum

2139 5814 2340 5862 statum
2392 5804 2685 5875 recipiunt.
2714 5803 2834 5860 Lib.
2869 5817 3000 5869 xvu,
3037 5800 3120 5855 tit.
3156 5802 3190 5856 2
3254 5796 3345 5853 lib.
3376 5808 3490 5860 xvr,
3512 5792 3709 5862 digest.
