4122 6458
523 322 631 384 567

1686 342 1952 404 ΡΗΟΤΙΙ
1984 346 2488 411 PATlUARClLE
2517 354 2631 416 ΟΡ.

3674 372 3778 434 568

518 437 607 491 63.
644 436 702 492 Si
745 455 832 496 res
861 446 1171 502 comm-unis
1213 460 1531 505 consecrata
1570 450 1774 521 fuerit,
1810 456 1864 512 in
1902 456 1990 512 illa
2016 474 2082 515 so

2208 454 2323 531 ξβ”·
2357 464 2452 518 τοῦ
2502 466 2653 537 ἱεροῦ
2678 468 3005 540 πράγματος
3038 472 3308 544 ἀγορασία
3327 476 3659 544 συνίσταται,
3683 482 3781 536 ἐὰν

515 530 963 639 ei‘etasnsolvitur.
997 537 1117 594 Lib.
1154 554 1309 606 xvm,
1340 543 1423 597 tit.
1465 543 1519 608 1,
1547 543 1739 616 digest,
1775 548 1829 611 5,
1857 548 1912 615 6,
1940 550 2082 622 110

2199 553 2366 625 ἀγνοῇ
2401 556 2430 606 6
2461 530 2775 633 ἀγοραστής
2808 530 2965 629 ’ἱερὸν
2986 530 3317 631 -αὑτὸιεῖναι,
3367 567 3462 620 καὶ
3495 530 3782 639 ἔχει-κατδ

516 622 588 678 69.
626 642 638 677 :
672 623 853 682 Sacrae
896 630 977 684 rei
1014 632 1217 700 emptio
1263 635 1545 701 consistit,
1595 638 1642 692 si
1691 638 1838 694 illam
1882 658 2096 699 sacram

515 730 640 770 esse
664 727 876 787 emptor
899 720 1111 791 ignoret
1142 741 1154 776 :
1185 724 1455 795 habetque
1477 727 1739 784 adversus
1759 732 2095 790 venditorem

520 803 843 880 [actionem]
885 812 1074 880 quanti
1112 812 1231 880 ejus
1264 814 1526 879 interfuit,
1553 834 1619 874 ne
1662 817 1748 890 [ea
1783 821 1890 894 res]
1922 823 2097 879 vindi-

515 908 756 954 caretur.
777 901 833 955 Si
859 916 988 956 vero
1012 904 1396 974 sciatemptor,
1421 922 1527 962 non
1551 911 1804 966 consistit
1827 914 2094 968 venditio.

515 988 583 1044 Et
626 991 821 1062 digest.
874 992 942 1047 75
975 1032 989 1058 ,
1044 994 1289 1064 ejusdem
1325 997 1389 1052 tit
1440 1017 1454 1053 :
1505 998 1644 1056 IEde
1686 1017 1842 1058 sacra
1887 1003 2095 1072 diruta,

514 1081 670 1139 locus
724 1098 831 1140 non
875 1085 934 1140 ﬁt
989 1102 1188 1143 sacer:
1243 1088 1388 1145 unde
1434 1106 1612 1162 neque
1665 1094 1863 1150 vmnire
1891 1104 2091 1165 potest.

588 1269 808 1326 Τρωίας.
859 1270 925 1327 Ει
968 1273 1064 1329 lib.
1086 1273 1179 1341 24,
1201 1275 1285 1330 tit.
1311 1275 1504 1345 1,dist.
1528 1277 1615 1346 16,
1645 1278 1701 1334 5.
1745 1277 1911 1335 Recte
1946 1280 2095 1351 dono

516 1361 675 1416 uxori
714 1377 849 1418 meae
882 1363 1089 1433 locum,
1127 1376 1186 1421 ut
1220 1367 1274 1421 in
1303 1367 1422 1438 ipso
1450 1368 1621 1425 aedem
1660 1384 1873 1425 sacram
1903 1368 2087 1438 faciat,

513 1462 679 1521 atque
711 1454 864 1511 locus
894 1457 953 1511 lit
982 1472 1160 1513 sacer.
1191 1458 1315 1514 Lib.
1340 1474 1510 1524 xxv",
1536 1461 1617 1515 tit.
1639 1461 1727 1529 lO,
1752 1462 1953 1533 digest.
1980 1463 2086 1517 i2:

511 1542 726 1600 Furiosi
775 1555 999 1602 curator
1059 1562 1174 1603 rem
1227 1547 1358 1619 ejus
1418 1549 1674 1607 dedicare
1731 1567 1839 1607 non
1887 1542 2085 1623 potest.

512 1632 631 1689 Lib.
669 1637 762 1701 '50,
796 1636 993 1707 digest.
1026 1638 1094 1695 ’59
1129 1640 1273 1706 :Qui
1316 1656 1430 1696 rem
1464 1657 1675 1697 sacram
1712 1643 1874 1714 legat,
1906 1643 2086 1699 furere

510 1728 761 1784 videtur:
794 1744 971 1799 neque
994 1731 1261 1787 mstimato
1291 1731 1453 1805 [ejus]
1476 1744 1795 1805 praestatur;
1823 1738 2081 1805 quoniam

509 1820 659 1875 nullo
690 1836 917 1891 prorsus
963 1823 1128 1878 modo
1175 1804 1519 1881 distrahitur.
1561 1825 1681 1882 Lib.
1721 1804 1873 1892 xxxx,
1900 1830 1987 1883 tit.
2027 1830 2080 1897 l;
2116 1804 2155 1858 Β

506 1913 706 1983 digest.
751 1914 776 1970 1
822 1932 836 1967 :
871 1913 1006 1970 Novi
1037 1916 1217 1987 operis
1266 1919 1533 1973 nuntiatio
1567 1920 1746 1974 locum
1794 1920 1982 1990 habet,
2017 1939 2086 1978 ne

509 2013 702 2058 contra
735 2004 881 2076 leges
908 2006 965 2061 in
999 2021 1155 2061 sacro
1194 2008 1315 2062 loco
1341 2024 1479 2078 opus
1508 2009 1621 2064 ﬁat.
1662 2010 1766 2065 Tit.
1801 2011 1854 2077 5,
1885 2012 2080 2082 digest.

507 2098 574 2150 17
600 2114 614 2150 :
650 2095 821 2153 Sacro
874 2101 995 2154 loco
1033 2100 1425 2157 interveniente
1454 2104 1688 2159 servitus
1715 2103 1870 2178 [non]
1897 2108 2083 2162 consi-

503 2189 621 2247 stit.
664 2189 780 2245 Lib.
811 2207 920 2257 xu,
958 2194 1042 2248 tit.
1073 2192 1128 2260 ἓ,
1174 2194 1369 2265 digest.
1413 2196 1474 2251 3i
1516 2215 1529 2253 :
1568 2196 1878 2256 Desinimus
1908 2201 2084 2271 possi-

505 2281 633 2337 dere
661 2282 866 2349 locum,
893 2284 986 2339 ubi
1018 2285 1107 2341 ille
1135 2300 1297 2341 sacer
1340 2285 1519 2343 factus
1553 2298 1638 2345 est
1670 2308 1684 2344 :
1718 2291 1933 2346 tametsi
1971 2307 2080 2346 non

502 2381 564 2427 ut
608 2374 790 2439 talem,
824 2375 919 2430 sed
949 2383 1009 2430 ut
1055 2377 1329 2447 privatum
1370 2394 1496 2435 eum
1544 2379 1831 2446 habemus,
1861 2380 1971 2438 Tit.
2021 2382 2078 2446 3,

501 2465 698 2535 digest.
760 2467 836 2522 9:
868 2466 975 2523 Res
1008 2482 1197 2525 sacras
1244 2484 1351 2523 non
1408 2470 1747 2540 acquirimus
1793 2487 1888 2541 per
1934 2472 2079 2545 longi

505 2557 768 2626 temporis
811 2558 1241 2627 possessionem.
1272 2558 1389 2614 Lib.
1423 2575 1578 2627 me,
1615 2562 1698 2617 tit.
1731 2564 1754 2617 l
1782 2561 1890 2618 et2
1916 2582 1931 2621 :
1958 2564 2079 2620 Non

501 2649 665 2705 debet
687 2648 893 2719 aliquid
924 2649 1036 2703 lieri
1067 2649 1120 2704 in
1151 2665 1310 2705 sacro
1338 2651 1479 2715 loco,
1507 2652 1721 2721 etquod
1745 2652 1947 2709 factum
1973 2666 2077 2721 est,

501 2742 823 2797 restituitur.
866 2739 975 2795 Tit.
1009 2741 1042 2796 6
1078 2741 1325 2812 ejusdem
1365 2743 1460 2799 lib.
1497 2744 1702 2815 Digest.
1731 2762 1769 2801 ι.
1798 2745 1919 2801 Νοιι
1954 2748 2081 2804 licet

500 2834 705 2906 aliquid
732 2834 914 2890 facere
940 2834 991 2889 in
1027 2834 1146 2889 loco
1178 2850 1359 2901 sacro,
1390 2836 1447 2890 in
1487 2852 1613 2891 eum
1644 2837 1728 2892 vel
1764 2839 2076 2908 immittere,

498 2929 644 3002 quod
679 2927 1084 2985 deformitatem
1111 2929 1211 2996 illi,
1238 2939 1294 2985 et
1320 2945 1429 2984 non
1448 2939 1830 2985 ornamentum
1866 2932 2076 2989 aﬂ‘erat.

500 3023 615 3079 Hoc
635 3032 817 3077 autem
850 3023 914 3077 ad
941 3022 1150 3093 privata
1169 3036 1324 3076 sacra
1342 3037 1450 3076 non
1486 3022 1738 3092 pertinet.
1757 3024 1923 3080 Plane
1946 3042 2077 3080 cura

2196 650 2291 701 τοῦ
2323 651 2555 721 πράτου,
2588 655 2672 717 είς
2704 655 2841 724 ὅπερ
2879 655 3029 726 αὐτῷ
3055 657 3269 730 διέφερε
3299 661 3374 732 μὴ
3406 662 3778 734 ἀπατηθῆναι·

2197 740 2247 791 εἰ
2277 738 2334 791 δὲ
2355 741 2618 811 γινώσκει,
2642 744 2672 795 6
2697 745 3025 816 ἀγοραστὴς,
3057 749 3117 802 o6
3142 750 3456 806 συνίσταται
3486 754 3521 823 ἡ
3552 756 3777 825 πράσις.

2195 829 2348 886 Βιϐλ.
2400 833 2466 898 ζ’,
2502 840 2603 902 ογ’,
2657 833 2750 887 τοῦ
2781 836 2946 890 αὑτοῦ
2978 837 3085 894 τίτ.
3106 839 3200 892 τοῦ
3256 841 3403 911 ἱεροῦ
3457 849 3714 908 πεσόντος
3754 849 3783 899 ό

2194 922 2356 986 τόπος
2383 924 2445 976 o6
2484 925 2697 993 γίνεται
2732 925 2978 996 βέϐηλος·
3008 928 3131 983 ὅθεν
3159 931 3280 984 οὐδὲ
3306 932 3586 988 πωλεῖται.
3624 934 3775 990 Βιϐλ.

2195 1011 2294 1080 κδ’,
2332 1014 2438 1070 τίτ.
2462 1022 2510 1071 α’
2545 1017 2795 1086 δίγεστον
2830 1024 2927 1084 ις’,
2951 1025 3013 1072 ε’·
3046 1020 3229 1084 καλῶς
3259 1021 3537 1094 δωροῦμαι
3572 1027 3641 1095 τῇ
3674 1042 3777 1093 γα-

2196 1109 2334 1178 μετῇ
2370 1125 2473 1178 μου
2504 1109 2669 1163 τόπον
2701 1110 2787 1179 ἐφ’
2809 1102 2854 1177 ᾧ
2884 1112 3108 1183 ποιῆσαι
3137 1113 3262 1168 ναὸν
3292 1116 3349 1167 ἐν
3368 1114 3538 1186 αὐτῷ,
3568 1118 3665 1171 καὶ
3695 1119 3779 1187 γί-

2190 1214 2341 1253 νεται
2375 1199 2404 1253 6
2449 1200 2616 1265 τόπος
2659 1202 2825 1273 ἱερός.

2262 1286 2413 1343 Βιϐλ.
2459 1289 2575 1357 κζ’,
2620 1291 2724 1347 τίτ.
2793 1290 2864 1359 ι’,
2896 1292 3004 1362 δίγ.
3058 1292 3163 1365 ιβ’·
3208 1295 3238 1349 6
3295 1296 3390 1349 τοῦ
3446 1299 3775 1367 μαινομένου

2189 1380 2477 1455 κουράτωρ
2492 1384 2552 1436 οὐ
2582 1383 2809 1438 δύναται
2838 1388 3071 1457 πρᾶγμα
3100 1387 3262 1441 αὐτοῦ
3292 1388 3599 1459 καθιεροῦν·
3631 1391 3771 1461 βιϐλ.

2193 1471 2259 1536 λ’,
2290 1471 2398 1541 δίγ.
2458 1474 2557 1528 λθ’·
2589 1477 2618 1529 6
2676 1475 2821 1547 ἱερὸν
2877 1477 3211 1546 ληγατεύων,
3264 1480 3548 1550 μαίνεσθαι
3595 1481 3772 1549 δοκεῖ,

2187 1562 2285 1616 καὶ
2332 1563 2457 1619 οὔτε
2510 1567 2573 1620 τὸ
2631 1567 2853 1637 τίμημα
2921 1567 3151 1636 δίδοται,
3198 1571 3385 1643 ἐπειδὴ
3444 1573 3564 1626 οὐδὲ
3636 1575 3773 1639 ὅλως

2186 1655 2471 1711 πωλεῖται.
2529 1656 2802 1725 Βιϐλ.λθ’,
2864 1659 2976 1715 τίτ.
3017 1666 3086 1726 α’,
3119 1661 3225 1731 δίγ.
3286 1669 3356 1717 α’·
3397 1664 3431 1733 ἡ
3488 1664 3620 1735 περὶ
3671 1666 3774 1736 τῆς

2185 1748 2533 1817 καινοτομίας
2567 1751 2947 1820 παραγγελία,
2989 1752 3173 1824 χώραν
3212 1753 3363 1825 ἔχει,
3402 1755 3488 1808 ἴνα
3552 1757 3629 1827 μὴ
3679 1757 3773 1826 γέ-

2195 1857 2357 1910 νηται
2401 1841 2553 1912 παρὰ
2600 1842 2694 1895 τὸν
2749 1844 2913 1912 νόμον
2960 1844 3121 1914 ἔργον
3173 1848 3233 1899 ὲν
3273 1846 3403 1917 ἱερῷ
3449 1849 3622 1918 τόπῳ·
3662 1850 3766 1904 τίτ.

2184 1937 2255 2000 γ’,
2278 1932 2418 2001 βιϐλ.
2439 1931 2537 1996 ις’,
2569 1933 2653 1998 ιζ’·
2689 1934 2833 2004 ἱεροῦ
2860 1934 3027 1988 τόπου
3050 1937 3528 2008 παρεντιθεμένου,
3556 1940 3772 1995 δουλεία

2183 2023 2246 2077 οὐ
2308 2024 2650 2080 συνίσταται.
2708 2025 2858 2081 Βιϐλ.
2913 2032 3024 2097 μα’,
3075 2028 3181 2081 τίτ.
3228 2029 3296 2100 β’,
3353 2030 3622 2100 βιϐλ.ις·’,
3666 2032 3769 2086 λα’·

2186 2116 2474 2185 παυόμεθα
2511 2116 2775 2187 νέμεσθαι
2818 2120 3002 2184 τόπον,
3053 2121 3340 2191 γινομένου
3386 2123 3553 2177 αὐτοῦ
3598 2124 3769 2195 ἱεροῦ,

2184 2207 2289 2260 κᾶν
2319 2206 2394 2278 μὴ
2422 2207 2498 2272 ὡς
2524 2208 2765 2263 τοιοῦτον
2791 2210 2906 2262 ἀλλ’
2932 2211 3008 2274 ὠς
3041 2212 3308 2266 ἰδιωτικὸν
3341 2214 3500 2269 αὑτὸν
3531 2216 3767 2288 ἔχωμεν·

2181 2300 2287 2354 τίτ.
2326 2307 2397 2367 γ’,
2430 2300 2571 2371 βιϐλ.
2616 2299 2713 2367 ις’,
2749 2299 2815 2353 θ’·
2865 2302 2935 2355 τὰ
2961 2303 3087 2374 ίερὰ
3138 2304 3199 2356 o6
3241 2304 3501 2375 κτώμεθα
3552 2308 3643 2361 διὰ
3670 2308 3771 2378 τῆς

2181 2393 2400 2464 χρονίας
2419 2393 2609 2463 νομῆς.
2631 2394 2778 2447 Βιϐλ.
2802 2392 2912 2464 μγ’,
2929 2392 3031 2450 τίτ.
3056 2401 3126 2460 α’,
3153 2395 3399 2466 βιϐλ.ι.ς’,
3420 2405 3489 2464 α’,
3514 2399 3582 2469 β’·
3611 2401 3672 2454 o6
3694 2402 3773 2454 δεῖ

2180 2482 2425 2553 γίνεσθαί
2451 2500 2505 2536 τι
2531 2483 2673 2538 κατὰ
2701 2482 2849 2554 ἱεροῦ
2878 2484 3066 2547 τόπου,
3092 2486 3185 2539 καὶ
3210 2488 3500 2556 γενόμενον
3523 2491 3769 2544 ἀποκαθ-

2184 2576 2417 2630 ίσταται·
2454 2574 2559 2631 τίτ.
2592 2574 2648 2639 ς’
2675 2574 2770 2628 τοῦ
2803 2574 2967 2628 αὑτοῦ
2995 2574 3200 2645 βιϐλίου
3221 2616 3236 2641 ,
3265 2576 3404 2645 βιϐλ.
3439 2576 3535 2642 ις’,
3572 2585 3642 2632 α’·
3672 2581 3772 2634 οὐκ

2180 2670 2358 2738 ἔξεστί
2391 2685 2444 2723 τι
2467 2669 2694 2740 ποιεῖνῆ
2732 2669 3025 2740 ἐμϐάλλειν
3060 2669 3189 2740 ίερῷ
3221 2670 3390 2740 τόπῳ,
3419 2671 3560 2741 ὅπερ
3597 2674 3770 2745 69.09-

2180 2756 2310 2823 (ρίαν
2349 2760 2445 2811 καὶ
2491 2758 2552 2811 o6
2585 2758 2788 2830 κόσμον
2822 2758 2971 2829 αὐτῷ
3002 2760 3180 2829 φέρει·
3224 2759 3383 2813 τοῦτο
3427 2762 3485 2814 δὲ
3527 2764 3671 2833 πρὸς
3704 2764 3776 2818 τὰ

2180 2849 2303 2921 ἱερὰ
2330 2850 2430 2903 οὐκ
2459 2851 2653 2921 ἀνήκει
2679 2850 2750 2903 τὰ
2782 2850 3047 2905 ἰδιωτικὰ·
3076 2854 3109 2921 ή
3133 2853 3190 2905 δὲ
3218 2852 3435 2924 φυλακὴ
3466 2853 3579 2909 τῶν
3614 2856 3774 2925 ίερῶν

2176 2944 2290 3005 τοῖς
2325 2943 2664 3013 προεστῶσιν
2712 2942 2890 2995 αὐτῶν
2924 2944 3342 3017 ἐπιτέτραπται·
3368 2944 3474 3001 τίτ.
3510 2953 3587 3017 η’,
3624 2948 3767 3017 βιϐλ.

2183 3040 2279 3099 ις’,
2313 3033 2380 3103 β’·
2420 3035 2521 3088 οὐκ
2566 3035 2745 3101 ἔξεστι
2794 3035 2937 3090 κατὰ
2974 3036 3138 3089 τόπου
3188 3036 3333 3108 ίεροῦ
3355 3038 3589 3107 κτίζειν,
3638 3042 3769 3097 ἀλλὰ

498 3130 780 3170 sacrorum
806 3115 1049 3169 locorum
1078 3113 1335 3167 mandata
1355 3121 1442 3168 est
1462 3114 1546 3169 his
1575 3115 1669 3184 qui
1691 3114 1797 3171 illis
1814 3125 2076 3185 praesunt.

2185 3127 2279 3178 καὶ
2326 3123 2387 3177 τὸ
2416 3123 2634 3177 κτισθὲν
2660 3124 3009 3179 καταλύεται.
3041 3124 3193 3182 Βιϐλ.
3237 3126 3340 3197 μδ¹,
3361 3127 3469 3182 τίτ.
3514 3135 3570 3194 ς’
3591 3170 3606 3195 ,
3628 3130 3765 3200 βιϐλ.

497 3207 608 3264 Tit.
639 3208 694 3272 8,
729 3206 922 3277 digest.
955 3204 990 3258 2
1011 3222 1024 3260 :
1048 3202 1167 3259 Non
1193 3204 1318 3259 licet
1348 3205 1401 3259 in
1431 3205 1552 3260 loco
1580 3222 1737 3261 sacro
1757 3206 2026 3264 aediﬁcare
2058 3228 2072 3264 :

498 3299 593 3357 sed
640 3307 693 3354 et
748 3297 896 3369 quod
936 3296 1259 3352 aediﬁcatum
1310 3304 1414 3362 est,
1465 3298 1719 3352 diruitur.
1753 3297 1873 3355 Lib.
1912 3316 2076 3367 κων,

500 3392 587 3446 tit.
621 3390 676 3458 6,
723 3390 918 3461 digest.
952 3390 985 3443 '5
1015 3406 1029 3443 :
1065 3387 1185 3442 Non
1218 3388 1345 3443 licet
1377 3404 1489 3444 rem
1521 3388 1811 3460 litigiosam
1846 3392 1954 3448 Deo
1983 3392 2080 3449 de-

497 3483 681 3538 dicare
712 3500 726 3539 :
758 3492 812 3538 et
840 3481 935 3553 qui
978 3481 1083 3537 hoc
1111 3480 1301 3536 fecerit
1324 3522 1339 3547 ,
1370 3490 1590 3551 praestat
1622 3483 1847 3553 duplum
1882 3485 2077 3539 adver-

494 3577 673 3643 sario,
697 3591 762 3631 eo
780 3574 927 3646 quod
951 3573 1268 3629 adversario
1291 3575 1520 3629 traditus
1541 3575 1613 3630 sit
1643 3575 1734 3631 illo
1761 3577 2076 3647 potentiori.

571 3670 789 3725 Textus.
816 3668 937 3724 Lib.
970 3683 1092 3734 ην,
1112 3667 1196 3722 tit.
1232 3683 1246 3720 l
1275 3666 1467 3737 digest.
1491 3667 1560 3722 '58
1582 3686 1595 3722 :
1618 3667 1781 3724 Recte
1802 3670 1956 3739 111
1980 3669 2079 3724 abs

497 3776 551 3819 te
590 3764 845 3832 stipulor,
878 3769 936 3814 ut
968 3759 1137 3813 aedem
1186 3773 1400 3812 sacram
1427 3759 1682 3815 mdiﬁces.
1736 3760 1803 3815 Et
1832 3761 1886 3815 in
1917 3760 2079 3816 istius

495 3855 640 3913 modi
682 3852 792 3927 [re]
820 3852 1020 3908 locatio
1051 3851 1213 3906 valet.
1248 3850 1528 3921 Digestum
1557 3851 1658 3907 85:
1694 3851 1828 3907 Rem
1864 3868 2077 3908 sacram

492 3948 743 4018 stipulari
770 3962 878 4001 non
905 3959 1219 4015 possumus,
1250 3944 1500 4014 quamvis
1562 3943 1790 4015 profana
1816 3946 1929 4001 ﬂeri
1955 3960 2083 4015 pos-

491 4042 589 4097 sit.
619 4040 756 4096 Nam
776 4037 993 4095 tametsi
1014 4038 1194 4093 locum
1220 4035 1513 4107 profanum
1541 4037 1865 4108 promisero,
1896 4038 2079 4093 illum-

491 4150 600 4206 que
620 4134 757 4191 citra
769 4133 953 4189 dolum
985 4146 1167 4187 meum
1192 4130 1501 4188 consecrari
1521 4133 1822 4203 contingat,
1838 4133 2075 4188 liberor:

488 4243 592 4284 nec
622 4227 669 4283 si
700 4227 857 4282 locus
888 4239 1084 4280 rursus
1121 4223 1240 4295 lege
1266 4223 1450 4294 aliqua
1501 4238 1658 4280 sacer
1681 4238 1802 4279 esse
1828 4225 2077 4293 coeperit,

490 4320 544 4374 in
579 4318 962 4388 obligationem
988 4331 1236 4372 revocor.
1278 4313 1469 4386 Neque
1506 4332 1621 4371 rem
1661 4332 1876 4372 sacram
1902 4317 2077 4389 stipu-

487 4412 592 4466 lari
624 4426 849 4481 possum
874 4409 980 4465 sub
1002 4408 1336 4476 conditione,
1390 4408 1614 4479 quando
1677 4408 1907 4479 profana
1953 4425 2077 4466 esse

2183 3223 2281 3285 ις’,
2314 3222 2383 3287 τ’·
2415 3217 2518 3271 οὐκ
2549 3216 2728 3284 ἔξεστι
2746 3216 2807 3271 τὺ
2830 3217 3072 3271 ἐπίδικον
3100 3218 3178 3289 τῷ
3197 3218 3314 3291 Θεῷ
3328 3219 3649 3292 καθιεροῦν·
3676 3224 3769 3277 καὶ

2178 3310 2208 3363 6
2240 3310 2399 3365 τοῦτο
2429 3310 2692 3381 ποιήσας,
2717 3310 2898 3364 δίδωσι
2926 3310 2987 3365 τὸ
3013 3310 3237 3364 διπλοῦν
3269 3310 3348 3381 τῷ
3379 3312 3640 3384 ἀντιδίκῳ
3671 3314 3768 3367 αὑ-

2177 3404 2294 3471 τοῦ,
2333 3405 2473 3476 ὑπὲρ
2502 3400 2578 3461 ὧν
2610 3404 2969 3476 δυνατωτέρῳ
2993 3404 3159 3460 αὑτοῦ
3181 3405 3438 3478 ἀντιδίκῳ
3471 3405 3764 3479 παρεδόθη.

2250 3675 2402 3731 Βιϐλ.
2438 3675 2668 3746 με’,τίτ.
2709 3673 2781 3741 α’,
2822 3675 2963 3745 βιϐλ.
3018 3683 3116 3741 ις’,
3159 3675 3265 3748 λη’·
3325 3677 3511 3741 καλῶς
3558 3678 3768 3749 ἐπερω-

2177 3767 2255 3821 τῶ
2285 3784 2345 3821 σε
2401 3768 2585 3822 κτίσαι
2628 3768 2805 3837 ἱερόν·
2863 3769 2959 3822 καὶ
3002 3770 3035 3839 ἡ
3100 3768 3196 3822 ἐπὶ
3241 3767 3319 3840 τῷ
3366 3768 3599 3841 τοιούτῳ
3660 3770 3799 3839 γὰρ·

2181 3860 2445 3930 μίσθωσις
2468 3861 2732 3932 ἔρρωται.
2771 3860 2924 3914 Βιϐλ.
2974 3866 3071 3925 ις’,
3102 3867 3214 3929 πγ’·
3262 3860 3325 3914 o6
3368 3860 3597 3914 δυνατὸν
3625 3860 3767 3932 ἱερὸν

2177 3950 2483 4020 ἐπερωτᾷν,
2524 3950 2627 4004 κᾶν
2654 3951 2701 4003 εί
2723 3949 2950 4004 δύναται
2971 3950 3225 4020 γενέσθαι
3257 3952 3550 4005 ίδιωτικόν·
3578 3953 3627 4005 εί
3660 3952 3766 4022 γὰρ

2179 4041 2275 4094 καὶ
2308 4040 2575 4095 ἰδιωτικὸν
2621 4042 2959 4113 ἐπερωτηθῶ
2993 4043 3177 4108 τόπον,
3231 4044 3326 4097 καὶ
3373 4045 3559 4115 συμϐῇ
3607 4044 3768 4097 αὐτὸν

2178 4133 2349 4203 χωρὶς
2371 4132 2523 4185 δόλου
2561 4148 2666 4204 μου
2705 4134 3106 4205 καθιερωθῆναι
3139 4133 3554 4206 ὲλευθεροῦμαι·
3592 4137 3685 4189 καὶ
3716 4133 3765 4187 εί

2180 4224 2363 4296 συμϐῇ
2393 4223 2458 4277 ἐκ
2488 4242 2634 4289 τινος
2666 4224 2833 4294 νόμου
2864 4224 3117 4293 γενέσθαι
3151 4225 3421 4279 ἰδιωτικὸν
3459 4225 3555 4278 τὸν
3582 4226 3759 4285 τόπον,

2177 4317 2279 4370 οὐκ
2320 4317 2600 4388 ὲνέχομαι.
2646 4319 2720 4370 U6
2763 4317 2997 4388 δύναμαι
3036 4318 3093 4371 δὲ
3140 4318 3286 4388 ἱερὸν
3336 4319 3622 4390 ἐπερωτᾷν
3665 4317 3766 4370 ὑπὸ

2178 4409 2392 4479 αἵρεσιν
2414 4409 2514 4480 τὴν
2541 4410 2671 4463 ὅταν
2712 4408 2980 4463 ἰδιωτικὸν
3005 4409 3252 4480 γένηται·
3291 4411 3479 4490 ἐκεῖνα
3511 4409 3621 4480 γὰρ
3666 4410 3763 4462 ἐπ-

487 4502 739 4573 crperit.
773 4502 871 4556 Illa
897 4501 1043 4556 enim
1086 4498 1400 4572 [duntaxat|
1449 4500 1698 4571 stipulari
1754 4515 2073 4571 possumus,

2184 4503 2392 4573 ερωτᾷν
2416 4502 2713 4573 δυνάμεθα,
2740 4502 2841 4556 ὅσα
2868 4502 3009 4557 κατὰ
3034 4502 3126 4557 τὸν
3150 4483 3342 4574 καιρὸν
3369 4502 3469 4573 τῆς
3485 4503 3764 4575 ἐπερωτή-

488 4605 613 4660 quze
649 4600 894 4659 tempore
923 4589 1295 4659 stipulationis
1329 4589 1524 4659 subjici
1553 4590 1746 4646 usibus
1796 4592 2074 4647 dominio-

489 4698 598 4751 que
627 4690 817 4737 nostro
839 4687 1094 4750 possunt.
1121 4679 1327 4751 Digest.
1348 4680 1412 4735 91
1447 4698 1463 4734 z
1492 4680 1552 4735 Si
1566 4696 1654 4737 res
1687 4681 1740 4736 in
1766 4682 2076 4753 stipulatio-

491 4791 617 4831 nem
642 4774 872 4830 deducta
890 4775 945 4829 in
962 4775 1126 4829 rebus
1147 4775 1405 4829 humanis
1429 4775 1521 4840 sit,
1552 4775 1647 4830 sed
1669 4775 1787 4831 dari
1808 4792 1917 4832 non
1952 4793 2078 4848 pos-

491 4867 585 4930 sit,
617 4866 763 4935 quod
784 4865 923 4921 forte
939 4881 1093 4922 sacra
1127 4865 1265 4921 facta
1296 4866 1369 4920 sit
1397 4882 1410 4919 :
1438 4875 1493 4920 et
1525 4881 1654 4920 vero
1701 4876 1947 4938 tempore
1975 4868 2079 4924 sti-

493 4954 788 5026 putationis
814 4955 895 5011 vel
917 4965 1106 5026 postea
1124 4956 1495 5026 promissoriis
1517 4954 1654 5029 [illa]
1680 4956 1868 5024 fuerit,
1907 4967 1961 5013 et
1987 4960 2080 5013 ile-

491 5047 621 5102 inde
642 5061 797 5103 sacra
833 5046 971 5101 facta
1002 5046 1094 5111 sit,
1127 5056 1342 5101 tenetur
1369 5045 1717 5119 [promissor]
1754 5065 1767 5104 :
1814 5049 2080 5120 quemad-

498 5138 726 5193 modum
740 5138 1155 5209 etiam,quando
1169 5136 1278 5211 [res
1298 5138 1369 5194 ab
1382 5138 1523 5211 ipso]
1541 5139 1777 5195 alienata
1798 5156 1896 5210 per
1908 5141 2076 5197 alium

492 5244 654 5286 sacra
702 5229 843 5285 facta
886 5239 995 5285 est.
1048 5228 1105 5284 Si
1136 5246 1264 5284 vero
1317 5246 1410 5285 res
1446 5231 1622 5287 aliena
1670 5230 1858 5296 fuerit,
1914 5245 1969 5287 et
2010 5232 2080 5288 ab

493 5323 602 5378 alio
630 5338 751 5379 eam
782 5338 993 5378 sacram
1023 5322 1139 5377 ﬁeri
1171 5322 1483 5392 contigerit,
1514 5338 1624 5377 non
1678 5332 1896 5378 tenetur
1948 5340 2078 5394 pro-

493 5416 697 5472 missor
736 5416 881 5471 :nisi
905 5427 1260 5486 posteaquam
1307 5430 1515 5468 moram
1569 5414 1721 5480 fecit,
1786 5430 1876 5470 res
1918 5432 2075 5471 sacra

492 5508 660 5564 tracta
690 5509 872 5564 fuerit.
903 5508 1021 5580 Dig,
1050 5510 1151 5563 157
1180 5527 1193 5563 :
1226 5506 1491 5562 inutiliter
1520 5507 1748 5577 stipulor
1769 5508 1872 5562 sub
1893 5510 2082 5564 condi-

493 5603 640 5668 ione,
666 5618 787 5672 quae
806 5618 837 5656 a
865 5602 979 5673 lege
1008 5601 1279 5671 prohibita
1308 5610 1392 5654 est
1416 5618 1430 5654 :
1458 5609 1514 5653 ut
1542 5618 1556 5656 :
1615 5600 1811 5666 Dabis,
1862 5604 1907 5655 si
1959 5603 2076 5673 quis

496 5711 605 5747 rem
650 5712 865 5749 sacram
913 5695 1226 5749 vendiderit.
1286 5692 1530 5747 Tametsi
1589 5693 1705 5747 ticri
1758 5696 1946 5764 possit,
2019 5704 2077 5750 ut

495 5788 840 5856 postmodum
865 5789 982 5860 ejus
1001 5787 1091 5858 jus
1117 5796 1381 5844 mutetur.

2183 4614 2351 4662 σεως,
2382 4596 2485 4667 τῆς
2514 4598 2765 4667 χρήσεως
2793 4597 2889 4650 καὶ
2933 4597 3034 4667 τῆς
3065 4597 3385 4660 δεσποτείας
3431 4596 3589 4667 ἡμῶν
3629 4590 3763 4648 εἶναι

2181 4687 2425 4742 δύναται.
2463 4686 2617 4741 Βιϐλ.
2649 4687 2746 4752 ις’,
2772 4691 2879 4754 ha"
2923 4687 3018 4741 ἐὰν
3058 4687 3120 4741 τὸ
3149 4686 3499 4757 ἑπερωτηθὲν
3538 4688 3764 4757 πρᾶγμα

2183 4778 2299 4831 ἔστι
2333 4778 2432 4849 μὲν
2456 4780 2516 4831 ὲν
2538 4777 2720 4848 φύσει,
2751 4779 2812 4831 o6
2832 4778 3061 4832 δύναται
3086 4778 3144 4832 δὲ
3166 4777 3387 4849 δοθῆναι
3415 4777 3502 4832 διὰ
3527 4776 3588 4830 τὸ
3608 4774 3764 4845 τυχὸν

2185 4872 2318 4925 αὐτὸ
2350 4872 2605 4940 γενέσθαι
2654 4870 2817 4942 ἱερὸν,
2873 4873 2922 4925 εί
2954 4875 3054 4942 μὲν
3089 4872 3150 4924 ὲν
3182 4870 3362 4942 καιρῷ
3407 4870 3510 4940 τῆς
3558 4871 3764 4938 ἐπερω-

2183 4964 2480 5035 τήσεως,ἢ
2525 4966 2665 5035 μετὰ
2692 4962 2889 5025 ταῦτα,
2933 4963 3030 5017 τοῦ
3070 4962 3509 5035 ὲπερωτηθὲντος
3550 4956 3641 5030 ἦν,
3675 4956 3762 5010 καὶ

2186 5054 2357 5118 οὕτως
2380 5054 2603 5124 γέγονεν
2649 5053 2813 5125 ἱερὸν,
2857 5054 3125 5125 ἐνέχεται·
3171 5052 3361 5124 ὥσπερ
3412 5052 3507 5105 καὶ
3557 5050 3645 5102 ὅτε
3697 5043 3761 5099 δι’

2187 5145 2377 5216 ἐτέρου
2412 5146 2788 5216 πωλήσαντος,
2832 5146 2968 5200 αὐτὸ
2996 5144 3224 5215 γέγονεν
3272 5143 3441 5213 ἱερόν.
3469 5141 3532 5194 Εἰ
3577 5139 3633 5192 δὲ
3670 5134 3759 5189 τοῦ

2186 5237 2515 5310 πράγματος
2543 5238 2697 5301 ὄντος
2743 5236 3049 5307 ἀλλοτρίου,
3083 5235 3262 5306 συμϐῇ
3306 5236 3375 5288 δι’
3405 5234 3594 5302 ἑτέρου
3633 5224 3760 5282 αὐτὸ

2189 5331 2332 5401 ἱερὸν
2362 5329 2652 5399 γενέσθαι,
2687 5330 2787 5382 οὐκ
2830 5329 3076 5400 ἐνέχεται
3106 5329 3134 5381 6
3178 5324 3581 5397 ἐπερωτηθεὶς,
3614 5318 3755 5388 εἰμὴ

2188 5422 2328 5493 μετὰ
2350 5422 2410 5475 τὸ
2432 5423 2657 5492 ποιῆσαι
2684 5421 2847 5476 αὑτὸν
2875 5420 3189 5491 ὑπέρθεσιν,
3219 5419 3412 5488 γέγονε
3439 5417 3498 5470 τὸ
3532 5415 3756 5485 πρᾶγμα

2189 5515 2354 5586 ἱερόν.
2393 5513 2544 5567 Βιϐλ.
2594 5518 2690 5576 ις’,
2730 5512 2859 5583 ρλζ·
2906 5511 3214 5583 ἀνισχύρως
3254 5506 3514 5581 ἐπερωτῶ
3537 5505 3637 5557 ὑπὸ
3672 5498 3753 5554 αἵ·

2190 5621 2337 5677 ρεσιν
2365 5602 2469 5654 ὑπὸ
2507 5601 2602 5655 τοῦ
2642 5602 2808 5673 νόμου
2851 5602 3267 5672 κεκωλυμένην·
3314 5597 3426 5689 οἷον
3468 5597 3623 5656 δίδως
3665 5589 3752 5643 ἐάν

2184 5715 2266 5759 τις
2299 5695 2525 5766 πωλήσῃ
2559 5694 2615 5748 τὸ
2641 5695 2806 5765 ἱερὸν,
2830 5696 2880 5747 εί
2904 5695 2999 5747 καὶ
3026 5694 3100 5766 μὴ
3123 5686 3511 5751 δυνατόν’ὲστιν
3535 5686 3750 5752 ὕστερον

2188 5785 2543 5857 ἐναλλαγῆναι
2570 5787 2628 5840 :6
2651 5786 2855 5841 δίκαιον
2877 5784 3065 5841 αὑτοῦ.
