4122 6492
409 349 511 413 .769

1254 361 1654 427 SYNTAGMA
1686 369 2081 433 CANONUM.
2109 398 2177 409 --
2207 373 2359 433 ΤΙΤ.
2394 375 2477 437 ΙΙ.
2513 377 2670 438 CAP.
2712 379 2762 440 Ι.

3556 378 3661 440 570

480 463 629 518 Βιϐλ.
657 463 766 555 μζ,
788 462 893 518 τίτ.
920 464 1025 536 κβ⁹,
1045 464 1184 537 βιϐλ.
1212 459 1307 535 ις’,
1349 472 1417 542 β’·
1449 475 1499 528 οἱ
1530 476 1627 530 σὺν
1653 477 1837 542 ὅπλοις
1864 497 1989 534 κατ-

2165 484 2380 539 Tertius.
2422 485 2542 541 Lib.
2573 502 2743 555 XLVII,
2784 492 2868 543 tit.
2905 486 2995 552 32,
3026 494 3081 541 et
3116 486 3211 541 lib.
3254 500 3442 551 vam,
3483 487 3571 541 tit.
3604 492 3657 551 4,

408 553 626 624 έχοντες
652 553 816 607 τόπον
850 555 1028 625 ἱερὸν,
1058 556 1373 613 ὑπόκεινται
1410 565 1589 634 ποινῇ·
1625 567 1854 621 κινεῖται
1880 568 1989 639 γὰρ

408 646 535 696 κατ’
562 643 740 697 αὐτῶν
778 646 807 697 ὁ
832 646 959 716 περὶ
992 647 1409 715 καθοσιώσεως,
1435 652 1511 717 ὡς
1542 654 1688 724 βιϐλ.
1721 662 1835 727 μη’,
1879 661 1986 714 τὶτ.

411 736 493 800 ιδ’,
521 734 662 805 βιϐλ.
696 735 791 801 ις’,
809 742 877 801 α’,
901 736 1228 806 βιϐλ.ν’,τίτ.
1254 742 1508 813 ις’,βι6λ.
1538 742 1636 811 ις’,
1665 745 1750 809 ιζ’·
1776 745 1846 799 τὰ
1869 748 1992 818 ἱερὰ

410 828 510 881 οὐκ
535 830 642 881 εἱσὶ
660 830 914 900 δημόσια.
1616 904 1619 907 ἰ

483 920 636 974 Βιϐλ.
658 920 759 987 λγ’,
788 923 895 979 τίτ.
938 920 1008 990 α’,
1028 924 1137 993 δίγ.
1171 925 1264 978 καὶ
1291 931 1362 988 κ’,
1381 925 1478 980 ἐάν
1517 926 1840 997 ληγατεύσω
1878 932 1992 995 τοῖς

413 1013 728 1083 ἱεροφύλαξι
748 1014 879 1068 δέκα
895 1017 1206 1087 νομίσματα
1216 1017 1456 1073 δίδοσθαι
1470 1018 1548 1089 τῷ
1565 1020 1743 1090 καιρῷ
1753 1020 1854 1091 τῆς
1866 1023 1991 1093 ἐορ-

409 1104 531 1172 τῆς,
549 1104 698 1175 αὐτῷ
708 1106 786 1175 τῷ
804 1107 934 1177 ἱερῷ
956 1107 1098 1161 δοκῶ
1118 1108 1381 1180 διηνεκῶς
1402 1112 1470 1165 τά
1487 1112 1846 1167 ι’καταλιπεῖν
1863 1114 1992 1186 ἐτή-

412 1212 524 1248 σια.
547 1197 693 1251 Βιϐλ.
712 1198 905 1255 λδ¹τὶτ.
923 1206 971 1253 α’
986 1200 1095 1269 δίγ.
1118 1200 1205 1264 ιζ’·
1225 1202 1349 1255 Ἐἀν
1367 1205 1633 1274 ἀφορίσας
1647 1205 1866 1271 δούλους
1888 1224 1990 1278 μου

413 1289 494 1351 εἰς
529 1289 929 1360 παραφυλακὴν
960 1290 1053 1344 τοῦ
1088 1294 1217 1362 παρ’
1266 1293 1399 1364 ἐμοῦ
1434 1294 1755 1365 κτιζομένου
1809 1298 1990 1367 ἱεροῦ,

413 1378 738 1450 ληγατεύσω
770 1381 955 1444 αὐτοῖς
988 1383 1182 1453 ἐτήσια
1228 1385 1365 1454 πρὸς
1399 1385 1736 1457 ἀποτροφὴν,
1768 1389 1863 1441 καὶ
1900 1388 1987 1458 βε.⁸

414 1472 658 1540 στιάριον
687 1471 1056 1540 λαμϐάνουσιν
1100 1474 1207 1527 ἀπὸ
1236 1474 1495 1545 τελευτῆς
1542 1494 1642 1548 μου
1694 1479 1888 1549 μέχρις
1930 1473 1992 1533 οὗ

414 1560 677 1633 πληρωθῇ
708 1564 736 1614 ὁ
759 1564 908 1629 ναὸς,
943 1563 1121 1618 δοῦλοι
1151 1565 1209 1618 δέ
1246 1567 1468 1637 μένουσι
1501 1568 1595 1621 τοῦ
1626 1570 1988 1640 κληρονόμου,

411 1652 506 1716 οὓς
603 1654 921 1724 διαθέμενος
968 1658 1050 1722 εἱς
1083 1661 1464 1733 περιφυλακήν
1520 1664 1614 1718 τοῦ
1665 1666 1830 1719 αὐτοῦ
1875 1683 1994 1719 κτι-

414 1746 634 1810 σθέντος
667 1748 816 1817 ἱεροῦ
859 1748 1161 1820 ἀφώρισεν,
1187 1754 1234 1805 εί
1268 1754 1342 1824 μὴ
1367 1756 1564 1820 αὐτοὺς
1591 1756 1987 1828 ⁴ὴλευθέρωσεν,

2091 578 2290 648 digest.
2320 580 2343 632 1
2377 598 2391 634 :
2424 578 2529 645 Qui
2559 596 2683 635 cum
2713 582 2883 635 armis
2913 581 3092 635 locum
3125 594 3340 633 sacrum
3367 593 3658 647 occupant,

2092 670 2317 725 obnoxii
2347 686 2521 739 poma!
2558 679 2711 726 sunt.
2743 671 2991 726 Movetur
3014 671 3163 726 enim
3214 670 3481 725 adversus
3512 670 3662 738 ipsos

2090 762 2179 817 lex
2217 761 2409 834 [Julia]
2439 763 2765 833 majestatis.
2800 762 2922 817 Lib.
2962 778 3015 827 ι,
3059 761 3146 816 tit.
3193 759 3283 824 16,
3329 758 3522 828 digest.
3557 758 3660 812 l7:

2092 853 2258 909 Sacra
2290 870 2396 908 non
2422 864 2550 911 sunt
2578 856 2819 925 publica.

2164 943 2382 998 Tactus.
2408 944 2529 999 Lib.
2551 961 2749 1011 xxxiii,
2777 944 2860 999 tit.
2886 946 2940 1009 1,
2970 944 3169 1014 digest.
3191 942 3262 997 20
3295 960 3308 997 :
3339 940 3394 995 Si
3414 941 3664 1011 legavero

2093 1050 2384 1090 sacrarum
2438 1051 2621 1091 rerum
2653 1036 2975 1090 custodibus
3022 1034 3247 1090 denaria
3282 1032 3492 1096 decem,
3539 1030 3663 1103 [ita]

2094 1130 2154 1176 ut
2186 1122 2385 1176 dentur
2415 1123 2503 1176 die
2548 1123 2728 1180 festo:
2770 1122 2959 1177 videor
2992 1124 3179 1177 decem
3226 1120 3447 1175 denaria
3485 1134 3665 1174 annua

2093 1209 2427 1278 relinquere.
2461 1208 2581 1263 Lib.
2615 1224 2800 1271 xxxiv,
2824 1208 2906 1263 tit.
2944 1208 2997 1275 1,
3028 1208 3224 1278 digest.
3252 1207 3317 1260 17
3347 1225 3360 1259 :
3390 1205 3449 1261 Si
3489 1206 3666 1261 servis

2093 1300 2233 1356 meis
2272 1302 2339 1355 ad
2367 1300 2675 1355 custodiam
2710 1303 2894 1371 templi
2940 1317 2972 1355 a
3010 1316 3097 1356 me
3139 1300 3444 1355 aadilicandi
3493 1298 3663 1354 desti-

2094 1388 2258 1454 natis,
2299 1387 2554 1457 legavero
2604 1402 2787 1441 annua
2835 1388 3043 1442 cibaria
3072 1396 3127 1443 et
3172 1388 3330 1455 112
3357 1386 3612 1441 vestiaria
3647 1403 3662 1440 :

2093 1482 2317 1551 capiunt
2352 1480 2454 1551 (illi
2488 1480 2617 1553 ista]
2648 1496 2679 1534 a
2709 1490 2884 1535 morte
2906 1496 3051 1546 mea,
3081 1482 3351 1550 tantisper
3370 1481 3501 1535 dum
3524 1491 3663 1543 tem-

2094 1572 2245 1642 plum
2271 1583 2712 1630 consummatnm
2745 1573 2836 1627 sit.
2870 1572 3023 1627 Servi
3052 1580 3254 1638 tamen,
3276 1587 3416 1641 quos
3436 1580 3664 1626 testator

2093 1665 2159 1717 ad
2189 1664 2376 1732 templi
2402 1679 2431 1717 a
2454 1678 2514 1719 se
2542 1664 2847 1718 aediﬁcandi
2879 1663 3182 1721 custodiam
3210 1662 3525 1725 destinavit,
3557 1661 3663 1716 nisi

2098 1748 2622 1820 ipsos'manumisit,
2654 1752 2887 1806 haeredis
2913 1761 3135 1806 manent
3164 1769 3180 1808 :
3215 1760 3273 1805 ut
3311 1752 3406 1805 lib.
3449 1767 3538 1816 XL,
3577 1752 3662 1805 tit.

410 1838 489 1900 ὡς
507 1838 649 1907 βιϐλ.
672 1839 745 1909 μ’,
772 1841 877 1895 τὶτ.
906 1841 992 1912 ιβ’,
1020 1843 1128 1912 δίγ.
1161 1844 1253 1909 λε’,
1275 1844 1415 1914 βιϐλ.
1449 1848 1547 1911 κδ’,
1576 1848 1683 1903 τίτ.
1709 1826 1904 1919 α’,ήδίγ.
1924 1856 1988 1902 ε’·

2095 1844 2187 1911 12,
2220 1845 2330 1914 dig.
2362 1845 2453 1899 35.
2485 1844 2605 1900 Lib.
2638 1861 2789 1909 xxnv,
2841 1846 2925 1900 tit.
2961 1859 3005 1911 ι,
3047 1846 3158 1913 dig.
3191 1845 3264 1899 5'.
3310 1843 3478 1899 Recte
3519 1843 3666 1897 dono

410 1931 590 1996 καλῶς
618 1933 895 2006 δωροῦμαι
928 1942 993 2007 τῇ
1033 1942 1243 2010 γαμετῇ
1298 1957 1398 2010 μου
1430 1942 1685 2011 πρᾶγμα,
1721 1942 1807 2011 ἐφ’
1840 1934 1884 2009 ᾧ
1911 1942 1991 2014 τῷ

408 2024 529 2095 Θεῷ
560 2033 930 2097 προσαγαγεῖν
977 2031 1132 2084 αὐτό.
1184 2030 1337 2086 Βιϐλ.
1368 2033 1461 2097 λδ’,
1508 2033 1615 2085 τίτ.
1657 2034 1724 2102 β’,
1746 2033 1854 2103 δίγ.
1887 2035 1988 2099 λς’·

422 2115 548 2171 Ἐὰν
573 2120 711 2172 εἴπω
741 2122 993 2188 γενέσθαι
1025 2122 1414 2193 σταυροὺςάπὸ
1441 2122 1633 2176 ἐκατὸν
1662 2125 1877 2196 λιτρῶν,
1896 2126 1990 2179 καὶ

409 2209 732 2280 ἀνατεθῆναι
779 2212 838 2263 ἐν
885 2211 1024 2282 τῷδε
1069 2211 1148 2282 τῷ
1196 2212 1361 2282 ἱερῷ,
1395 2214 1596 2275 πάντες
1627 2213 1683 2265 δὲ
1730 2215 1780 2267 οἱ
1822 2215 1880 2267 ἐν
1912 2214 1990 2285 τῷ

409 2299 557 2369 αὐτῷ
584 2300 713 2370 ἱερῷ
740 2300 911 2363 ὄντες,
943 2303 1177 2371 ἀργυροῖ
1197 2302 1293 2356 καὶ
1317 2304 1510 2372 χαλκοῖ
1531 2304 1691 2368 είσιν,
1714 2302 1991 2374 ἀργυροῦς

405 2394 434 2445 ὁ
463 2392 799 2463 κληρονόμος
831 2394 1205 2462 ἀναγκάζεται
1232 2398 1424 2448 ποιεῖν.

477 2484 832 2548 Βιϐλ.λε’,τὶτ.
843 2485 909 2554 β’,
929 2485 1110 2553 δὶγ.α’,
1125 2486 1319 2539 καὶέπὶ
1333 2488 1445 2550 τοῖς
1461 2485 1539 2557 τῷ
1555 2485 1673 2556 Θεῷ
1692 2486 1990 2555 ληγατευο-

409 2577 591 2644 μένοις
609 2576 761 2645 χώρα
777 2576 852 2647 τῷ
874 2577 1156 2647 φαλκιδίῳ·
1181 2577 1324 2647 βιϐλ.
1342 2576 1517 2645 ν’,τίτ.
1545 2578 1632 2647 ιβ’,
1662 2579 1767 2647 δίγ.
1791 2580 1991 2650 β’.Ἐάν

406 2684 489 2730 τις
504 2669 738 2738 πρᾶγμα
759 2685 823 2721 κα
833 2668 1177 2739 ρποφορήσῃ,
1191 2667 1400 2735 γίνεται
1417 2668 1577 2732 αὐτὸς
1589 2669 1792 2738 ένοχος,
1807 2670 1867 2723 οὐ
1884 2671 1991 2741 μὴν

403 2758 465 2812 τὸ
491 2760 753 2830 πρᾶγμα·
782 2760 871 2811 ὅτε
901 2758 958 2812 δὲ
992 2759 1051 2812 τὸ
1080 2761 1314 2830 πρᾶγμα
1348 2759 1686 2832 καταϐληθῇ,
1723 2762 1855 2815 αὐτὸ
1890 2764 1990 2832 μὲν

406 2852 552 2923 ἱερὸν
581 2854 642 2906 οὐ
678 2853 921 2921 γίνεται,
951 2850 1329 2921 ἐλευθεροῦται
1358 2852 1415 2904 δέ
1443 2855 1470 2906 ὁ
1494 2852 1988 2923 ἐπαγγειλάμενος*

405 2945 471 2997 ἐκ
494 2946 549 2997 δὲ
578 2945 677 3015 τῆς
703 2944 960 3014 τοιαύτης
986 2944 1320 3013 ἐπαγγελίας
1345 2944 1621 3014 ἐνέχονται
1652 2945 1990 3012 αὐτεξούσιον.

406 3034 623 3104 ἔφηϐοι,
663 3034 724 3087 οὐ
757 3034 864 3105 μὴν
891 3034 1203 3099 ὐπεξούσιοι
1239 3034 1388 3106 παρὰ
1416 3035 1641 3105 γνώμην
1673 3035 1782 3089 τῶν
1821 3036 1991 3091 πατέ-

407 3144 519 3201 ρων
564 3126 597 3196 ἦ
647 3126 756 3180 τῶν
799 3126 1095 3183 δεσποτῶν.
1135 3128 1199 3202 Ei
1246 3128 1307 3181 δέ
1340 3144 1424 3191 τις
1465 3128 1528 3181 τὸ
1567 3128 1792 3181 δέκατον
1822 3129 1989 3201 μέρος
2016 3154 2062 3216 c

405 3222 825 3290 καρποφορήσει
864 3220 975 3271 τῶν
1022 3218 1189 3273 αὐτοῦ
1223 3220 1588 3291 πραγμάτων,
1630 3219 1736 3284 ἕως
1764 3220 1831 3275 ἂν
1859 3220 1990 3274 αὐτὸ

406 3311 617 3384 χωρίσῃ
639 3351 654 3374 ,
698 3312 758 3365 οὐ
801 3310 1036 3365 παύεται
1076 3306 1217 3365 εῖναι
1253 3314 1355 3382 τῆς
1388 3314 1577 3377 οὐσίας
1608 3313 1807 3366 αὐτοῦ·
1838 3314 1888 3365 εἱ
1932 3311 1990 3365 δέ

405 3404 723 3473 τελευτήσει
770 3404 845 3473 μὴ
890 3404 1165 3473 χωρίσας,
1218 3405 1499 3475 ἐνέχονται
1544 3406 1592 3459 οἱ
1637 3406 1988 3477 κληρονόμοι·

404 3494 671 3549 διαϐαίνει
710 3496 818 3565 γὰρ
862 3498 941 3558 εἱς
974 3495 1342 3566 κληρονόμους
1388 3499 1421 3567 ή
1471 3497 1572 3567 τῆς
1613 3499 1992 3569 καρποφορίας

407 3588 588 3658 ἐνοχή.
617 3586 772 3640 Βιϐλ.
794 3592 843 3640 α’
884 3586 978 3640 τοῦ
1010 3587 1169 3654 κώδ.,
1193 3588 1300 3642 τίτ.
1328 3586 1394 3660 β’,
1419 3588 1561 3642 διάτ.
1593 3595 1665 3643 α’·
1701 3589 1876 3655 ἔξεστι
1912 3590 1991 3662 τῷ

409 3678 716 3750 βουλομένῳ
758 3680 1193 3750 καταλιμπάνειν
1248 3683 1308 3734 ἐν
1365 3682 1653 3754 τελευταία
1706 3683 1988 3755 βουλήσει·

406 3769 506 3842 τῆς
532 3772 696 3841 ἁγίας
738 3772 1064 3844 Ἐκκλησίας
1092 3774 1205 3844 γάρ
1248 3769 1389 3828 εἶναι
1432 3775 1514 3828 δεῖ
1537 3775 1636 3839 τάς
1663 3776 1774 3830 τῶν
1804 3776 1993 3830 τελευ-

404 3859 623 3915 τώντων
653 3861 971 3934 βουλήσεις·
1021 3863 1163 3919 διάτ.
1202 3862 1291 3933 ιγ’·
1344 3866 1632 3936 ἐρρωμένη
1670 3866 1903 3940 διαθήκῃ
1956 3866 1990 3938 ἢ

404 3952 715 4024 κωδικέλλῳ
753 3954 785 4023 ἦ
825 3953 1059 4024 ἀγράφῳ
1100 3953 1384 4024 βουλήσει,
1421 3954 1597 4019 ἔξεστι
1632 3958 1754 4019 ταῖς
1792 3957 1992 4027 χήραις

404 4046 501 4097 καὶ
522 4048 643 4108 ταῖς
675 4044 1080 4107 διακονίσσαις,
1123 4045 1219 4098 καὶ
1247 4047 1367 4107 ταῖς
1396 4036 1582 4109 ἄλλαις
1616 4047 1788 4115 ἱεραῖς
1825 4063 1992 4101 κατα-

403 4138 695 4208 λιμπάνειν
725 4137 1063 4207 ἐκκλησίαις·
1096 4138 1191 4189 καὶ
1236 4136 1482 4207 κληρικῷ
1515 4137 1611 4191 καὶ
1639 4137 1858 4208 μοναχῷ
1897 4138 1992 4192 καὶ

404 4226 608 4299 πτωχῷ
636 4227 693 4279 ἐν
724 4226 974 4279 ἐνστάσει
1000 4225 1096 4279 καὶ
1119 4224 1581 4291 ὐποκαταστάσει,
1610 4226 1705 4279 καὶ
1733 4226 1993 4297 ληγάτοις

401 4317 502 4372 καὶ
551 4316 1028 4389 φειδικομμίσσοις
1078 4317 1265 4381 ἱδικοῖς
1290 4317 1384 4371 καὶ
1419 4317 1543 4372 καθ’
1563 4318 1764 4389 ὁμάδα.

2095 1931 2249 1987 uxori
2302 1947 2437 1987 mea:
2489 1947 2626 1997 rem,
2672 1948 2837 2001 quam
2892 1932 3002 1987 Deo
3055 1930 3272 1986 offerat.
3310 1929 3429 1983 Lib.
3476 1947 3663 1993 xxxw,

2094 2020 2179 2075 tit.
2210 2020 2267 2084 2,
2297 2020 2495 2089 digesl.
2528 2020 2596 2073 57
2633 2038 2646 2073 :
2688 2020 2743 2074 Si
2769 2019 3020 2082 dixerim,
3065 2027 3124 2073 ut
3174 2021 3304 2072 liant
3358 2033 3553 2072 cruces
3595 2032 3665 2070 ex

2092 2121 2311 2167 centum
2349 2112 2522 2177 libris,
2559 2121 2612 2165 et
2653 2111 2707 2165 in
2757 2111 2846 2165 illa
2880 2126 3036 2166 sacra
3069 2112 3184 2166 atde
3216 2118 3566 2165 statuantur:
3600 2122 3668 2161 ac

2092 2218 2221 2258 vero
2248 2218 2370 2273 qua:
2415 2202 2469 2257 in
2517 2217 2578 2256 ea
2619 2200 2857 2274 [cruces]
2903 2211 3031 2256 sunt
3071 2216 3261 2255 omnes
3306 2209 3572 2270 argentea:
3613 2210 3669 2254 et

2092 2310 2247 2349 terea:
2271 2294 2380 2350 sint
2416 2312 2429 2348 :
2464 2304 2752 2364 argenteas
2787 2293 2967 2349 facere
2997 2295 3172 2350 haeres
3195 2304 3439 2363 cogetur.

2167 2478 2384 2534 Textus.
2421 2477 2543 2533 Lib.
2580 2493 2749 2543 xxxv,
2792 2476 2875 2532 tit.
2908 2477 2964 2543 ἓ,
2995 2476 3194 2547 digest.
3227 2476 3251 2529 1
3283 2493 3297 2530 :
3332 2474 3389 2528 In
3437 2474 3506 2528 iis
3544 2488 3667 2541 quae

2093 2571 2202 2625 Deo
2233 2571 2408 2638 legata
2437 2578 2587 2635 sunt,
2619 2570 2774 2623 locus
2818 2568 2946 2641 [est]
2990 2568 3267 2623 Falcidian.
3310 2567 3429 2621 Lib.
3476 2582 3528 2629 ι,
3578 2567 3664 2621 tit.

2093 2662 2181 2727 12,
2208 2662 2403 2731 digest.
2434 2663 2469 2715 2
2509 2679 2524 2715 :
2563 2661 2619 2717 Si
2653 2661 2776 2730 quis
2803 2676 2913 2715 rem
2939 2659 3226 2732 [aliquam]
3266 2659 3497 2722 voverit,
3548 2658 3669 2727 ipse

2092 2756 2388 2826 obligatur,
2416 2770 2524 2808 non
2555 2764 2739 2809 autem
2765 2770 2876 2810 res.
2899 2754 3128 2819 Quando
3154 2767 3281 2808 vero
3309 2768 3394 2806 res
3412 2751 3663 2814 solvitur,

2093 2847 2211 2915 ipsa
2241 2860 2399 2901 sacra
2435 2860 2545 2899 non
2573 2844 2824 2907 elﬁcitur,
2868 2844 2963 2899 sed
3008 2842 3331 2912 promissori
3376 2842 3664 2895 liberatur.

2093 2933 2171 2987 Ex
2202 2934 2296 2988 tali
2327 2941 2509 2988 autem
2539 2933 2907 3001 promissione
2952 2932 3038 2985 sui
3076 2929 3220 2998 juris
3260 2930 3491 2999 puberes
3527 2929 3668 2982 obli-

2092 3033 2313 3095 gantur,
2340 3040 2449 3079 non
2476 3035 2660 3078 autem
2697 3024 2888 3077 alienat
2936 3023 3155 3077 obnoxii
3201 3022 3321 3077 sine
3369 3020 3538 3091 patris
3569 3020 3667 3074 do-

2094 3117 2296 3170 minive
2354 3115 2697 3170 auctoritate.
2752 3114 2810 3167 Si
2877 3113 3148 3169 decimam
3214 3113 3342 3182 quis
3394 3112 3664 3167 bonorum

2094 3213 2309 3273 voveat,
2337 3221 2445 3260 non
2480 3206 2636 3276 prius
2669 3204 2808 3277 [illa]
2844 3206 2897 3259 in
2924 3205 3045 3272 ejus
3084 3204 3243 3259 bonis
3282 3219 3403 3259 esse
3439 3203 3665 3269 desinit,

2091 3313 2255 3367 quam
2288 3298 2464 3367 ipsam
2500 3306 2757 3367 separet:
2788 3298 2832 3353 si
2864 3312 2994 3351 vero
3024 3312 3087 3352 ea
3128 3297 3369 3351 nondum
3414 3308 3667 3367 separata

2091 3388 2412 3453 decesserit,
2448 3389 2870 3457 obstringuntur
2898 3388 3143 3443 haeredes
3176 3388 3316 3459 ejus.
3356 3385 3480 3440 Voti
3516 3386 3664 3440 enim

2092 3483 2357 3552 obligatio
2397 3482 2463 3535 ad
2509 3481 2758 3536 literedes
2800 3483 3023 3536 transit.
3067 3480 3187 3535 Lib.
3240 3480 3410 3535 tcod.
3463 3480 3550 3532 tit.
3605 3478 3663 3543 2,

2089 3582 2269 3628 const.
2313 3573 2339 3627 1
2375 3590 2391 3629 :
2439 3570 2591 3627 Licet
2642 3572 2943 3642 unicuique
2985 3572 3040 3625 in
3084 3585 3340 3641 suprema
3383 3569 3668 3624 voluntate

2090 3666 2299 3722 sanctis
2343 3664 2593 3727 ecclesiis
2624 3664 2955 3733 relinquere.
2996 3662 3211 3717 Firmas
3244 3661 3389 3716 enim
3424 3660 3665 3715 morien-

2092 3756 2227 3811 tium
2250 3756 2560 3811 voluntates
2602 3770 2725 3810 esse
2752 3765 2989 3824 oportet.
3032 3753 3222 3809 Const.
3259 3753 3361 3807 l3:
3393 3751 3547 3808 Licet
3582 3752 3666 3807 vi-

2090 3846 2237 3914 duis,
2281 3848 2644 3915 diaconissis,
2691 3848 2997 3917 virginibus
3039 3846 3151 3902 Deo
3200 3845 3420 3910 dicatis,
3462 3846 3669 3900 sancti-

2091 3941 2445 4007 monialibus,
2477 3948 2532 3996 et
2565 3940 2689 3995 aliis
2712 3940 2980 4009 religiosis
3005 3938 3295 4011 [ietninis],
3331 3948 3390 3993 ut
3414 3942 3495 3993 vel
3517 3940 3668 4006 justo

2089 4041 2444 4099 testamento,
2475 4033 2557 4087 vel
2586 4031 2861 4097 codicillo,
2890 4032 2975 4086 vel
3002 4032 3281 4086 voluntate
3302 4046 3412 4085 non
3441 4032 3668 4099 scripta,

2090 4123 2207 4178 sive
2251 4121 2621 4187 institutione,
2665 4122 2782 4177 sive
2826 4121 3253 4190 subslitutione,
3304 4124 3419 4177 sive
3465 4122 3667 4191 legato,

2089 4214 2175 4269 vel
2223 4212 2688 4279 ﬁdeicommisso,
2746 4227 2842 4269 seu
2894 4211 3119 4283 speciali
3170 4230 3269 4269 seu
3335 4214 3667 4278 universali,

2091 4302 2344 4377 [aliquid]
2398 4304 2714 4374 relinquant
2743 4303 3013 4369 ecclesiis,
3060 4305 3297 4371 clericis,
3354 4304 3665 4363 monachis.

2088 4381 2186 4448 aut
2213 4392 2567 4462 pauperibus.

466 4495 618 4550 Διάτ.
641 4496 726 4549 ιθ’·
746 4496 800 4549 αἱ
816 4495 1096 4565 γινόμεναι
1112 4494 1275 4567 μέχρι
1292 4502 1343 4565 φ’
1366 4497 1588 4553 σολίδων
1600 4498 1989 4569 ἀνεμφάνιστοι

2167 4484 2583 4539 Tcxtus.Const.
2604 4482 2693 4539 19.
2712 4484 2841 4548 Quae
2855 4482 3178 4539 donationes
3198 4485 3240 4552 1
3254 4483 3354 4554 13
3370 4484 3503 4538 citra
3524 4493 3667 4538 acto-

398 4588 600 4659 δωρεαὶ
619 4589 699 4651 εἱς
718 4586 1036 4659 ἐκκλησίαν,
1063 4588 1096 4658 ἢ
1126 4587 1469 4658 ξενοδοχεῖον,
1503 4589 1536 4661 ἢ
1561 4593 1926 4661 νοσοκομεῖον,
1946 4591 1981 4663 ἢ

397 4679 882 4749 ὀρφανοτροφεῖον,
906 4679 939 4751 ἢ
967 4682 1252 4750 πτωχεῖον,
1282 4679 1574 4751 ἔρρωνται.
1597 4682 1664 4735 Αἱ
1690 4682 1746 4736 δέ
1773 4681 1982 4750 λοιπαὶ,

397 4769 502 4824 κᾶν
533 4772 613 4834 εἱς
642 4771 888 4835 εὐσεϐεῖς
916 4772 1092 4835 αἰτίας
1125 4772 1422 4840 γένωνται,
1454 4773 1747 4845 χρῄζουσιν
1798 4777 1982 4845 ἐμφα-

395 4864 581 4927 νείας·
610 4864 706 4917 καί¹
736 4865 789 4918 αἱ
829 4865 1101 4936 λεχθεῖσαι
1156 4863 1295 4934 ὑπὲρ
1330 4866 1458 4929 τοὺς
1494 4872 1546 4935 φ’
1604 4864 1787 4936 φόλεις
1825 4862 1983 4920 οῦσαι

397 4955 749 5028 ἐξῃρημένων
770 4956 880 5011 τῶν
909 4955 1205 5029 βασιλικῶν
1243 4956 1481 5028 δωρεῶν·
1515 4957 1657 5013 διάτ.
1684 4956 1791 5028 κβ¹.

468 5131 549 5186 Τά
584 5132 665 5195 είς
688 5132 907 5201 εὐαγεῖς
934 5133 1118 5196 οἴκους
1147 5133 1255 5186 ἀπὸ
1280 5131 1636 5203 βουλευτικῆς
1669 5131 1981 5203 φιλοτιμίας

394 5224 703 5293 ἐρχόμενα,
753 5226 852 5295 οὐχ
889 5226 1209 5278 ὑπόκεινται
1256 5228 1323 5296 τῇ
1362 5225 1471 5278 τῶν
1518 5222 1821 5295 ἐπικερδῶν
1862 5224 1980 5277 δια-

395 5316 604 5385 γραφῇ·
634 5315 774 5369 διάτ.
803 5321 908 5383 κγ’.
966 5316 1094 5370 Ἐάν
1119 5333 1174 5369 τι
1198 5315 1414 5387 δωρηθῇ
1437 5357 1452 5380 ,
1479 5316 1512 5388 ἢ
1547 5316 1879 5387 κληρονομία
1900 5355 1914 5379 ,
1942 5316 1975 5387 ἢ

394 5402 630 5472 ληγάτον
685 5407 878 5473 εὐαγεῖ
922 5405 1073 5475 τόπῳ
1123 5402 1498 5474 καταλειφθῇ,
1556 5404 1635 5466 εἱς
1678 5404 1979 5473 ἀνάρρυσιν

395 5495 779 5563 αἰχμαλώτων,
811 5495 1085 5568 κινητὸνῆ
1118 5496 1394 5565 ἀκίνητον,
1434 5497 1768 5567 ἀρμόζουσιν
1796 5514 1978 5565 perso-

396 5588 543 5641 nalia
571 5590 665 5642 καὶ
689 5591 743 5642 in
783 5605 891 5642 rem
924 5590 1019 5642 mi.
1060 5588 1451 5661 ὐποθηκαρίαι,
1481 5591 1576 5644 καὶ
1608 5591 1742 5661 μόνῃ
1773 5593 1837 5661 τῇ
1869 5593 1977 5643 τῶν

396 5679 591 5733 ἑκατὸν
619 5679 883 5733 ἐνιαυτῶν
910 5680 1264 5736 ἐκϐάλλονται
1302 5684 1665 5752 παραγραφῇ·
1693 5675 1847 5744 οὗτος
1868 5682 1977 5753 γὰρ

399 5772 427 5822 ὁ
470 5770 657 5841 χρόνος
698 5771 815 5824 ἐστὶ
846 5769 941 5824 τοῦ
988 5772 1288 5843 μακροϐίου
1334 5771 1644 5844 ἀνθρώπου·
1690 5773 1830 5829 διάτ.
1874 5771 1971 5829 κε’.

2094 4592 2216 4631 rum
2254 4575 2655 4632 confectionem
2690 4591 2866 4644 usque
2892 4575 2961 4630 ad
2992 4576 3325 4645 quingentos
3351 4576 3555 4631 solidos
3610 4579 3663 4631 in

2090 4671 2402 4735 ecclesiam,
2425 4669 2857 4734 xenodocliium,
2877 4668 3280 4732 nosocomium,
3299 4670 3665 4739 orphanotro-

2089 4762 2277 4834 phiam
2305 4802 2320 4828 ,
2352 4761 2437 4817 vel
2474 4762 2753 4833 ptochium
2789 4762 2963 4825 ﬁunt,
3002 4760 3203 4816 valent.
3238 4760 3481 4831 Reliquae
3509 4776 3663 4827 vero,

2088 4854 2305 4910 tametsi
2325 4855 2380 4910 in
2406 4855 2522 4925 pias
2543 4870 2740 4910 causas
2760 4855 2910 4919 ﬁant,
2936 4870 3170 4924 quaeque
3190 4855 3470 4924 amplioris
3500 4856 3666 4924 quin-

2087 4949 2264 5020 gentis
2309 4948 2500 5003 solidis
2550 4948 2871 5017 quantitatis
2922 4964 3045 5004 esse
3098 4949 3373 5014 dicuntur,
3418 4949 3663 5017 exceptis

2087 5042 2465 5112 imperialibus
2511 5040 2807 5095 donatione
2853 5056 2993 5110 opus
3048 5040 3273 5096 habent.
3319 5039 3514 5095 Const.
3568 5040 3659 5096 29..

2158 5135 2292 5201 Quae
2337 5149 2405 5190 ex
2456 5134 2779 5189 liberalitate
2819 5133 3048 5190 curialis
3094 5134 3161 5189 ad
3191 5135 3527 5189 venerabiles
3561 5136 3661 5188 do-

2085 5242 2209 5282 mus
2265 5226 2647 5295 perveniunt,;
2678 5242 2709 5280 a
2762 5225 3165 5281 lucratitiorum
3212 5227 3663 5297 inscriptionibus

2084 5320 2354 5375 immunia
2409 5330 2557 5376 sunt.
2611 5319 2803 5375 Const.
2843 5319 2934 5375 9.5.
2975 5318 3032 5374 Si
3080 5320 3209 5390 quid
3248 5321 3532 5384 donatum,
3566 5330 3661 5374 aut

2085 5412 2374 5467 bmreditas
2423 5413 2729 5483 legatumve
2777 5428 2960 5467 rerum
2998 5412 3279 5466 mobilium
3323 5412 3405 5467 vel
3463 5414 3662 5466 immo-

2081 5501 2275 5555 hilinm
2336 5502 2390 5556 in
2447 5501 2875 5569 redemptionem
2945 5502 3283 5571 captivorum
3363 5502 3658 5555 venerabili

2084 5593 2400 5667 [cuipiam]
2455 5594 2576 5649 loco
2619 5596 2867 5648 relictum
2915 5593 3007 5659 sit,
3066 5592 3279 5668 [actio]
3336 5595 3661 5663 personalis,

2085 5687 2137 5739 in
2168 5703 2302 5753 rem,
2337 5695 2392 5740 et
2426 5685 2815 5756 hypothecaria
2855 5688 3137 5755 competit,
3182 5697 3236 5739 et
3278 5686 3396 5739 sola
3437 5695 3657 5740 centnin

2085 5793 2355 5835 annorum
2379 5777 2790 5851 praescriptione
2818 5776 2937 5849 [qui
2962 5778 3158 5833 horum
3185 5778 3465 5849 quippiam
3489 5778 3644 5834 vituli
