4122 6500
523 318 618 383 57⁸

1686 315 1942 377 ΡΗΟΤΙΙ
1985 311 2490 373 ΡΑΤΒΙᾹΗΟῘῙΕ
2510 312 2617 371 CP.

3710 307 3834 370 572

521 434 671 505 eant]
717 436 1058 505 rejicluutur.
1104 433 1218 489 [loc
1253 435 1399 488 enim
1426 442 1640 502 tempus
1674 434 1943 487 diuturnae
1974 431 2096 486 vita:

2210 427 2335 480 Ἐάν
2367 444 2451 490 τις
2481 425 2666 497 γράψῃ
2708 424 3043 495 κληρονόμον
3081 423 3171 476 τὸν
3212 422 3485 495 Δεσπότην
3520 424 3830 494 Χριστὸν,

525 523 763 577 hominis
789 531 890 577 est.
915 522 1105 576 Const.
1139 522 1233 577 25.
1257 522 1314 576 Si
1339 522 1464 591 quis
1497 523 1772 577 Christum
1799 520 2093 576 Dominum

522 610 796 665 haeredcm
845 610 1147 679 scripserit,
1190 623 1366 679 neque
1404 610 1630 663 oratorii
1677 608 2093 679 appellationem

523 702 794 756 addiderit
819 720 832 756 :
859 701 1092 756 ecclesia
1120 701 1248 765 loci,
1270 703 1323 754 in
1348 716 1457 771 quo
1474 701 1764 755 defunctus
1795 701 2093 768 habitabat,

525 790 726 859 scripta
751 790 983 843 videtur.
1012 791 1157 844 Idem
1186 790 1350 843 etiam
1393 789 1444 843 in
1475 789 1671 860 legato.
1698 788 1951 844 Procedit
1995 806 2095 845 au-

526 889 634 930 tem
660 875 834 947 [quod
858 875 1217 945 relinquitur]
1247 875 1298 928 in
1327 876 1642 929 alimoniam
1684 892 2007 946 pauperum.
2038 877 2096 932 Si

529 979 658 1017 vero
687 963 922 1032 cuipiam
950 971 1268 1015 sanctorum
1316 962 1633 1031 angelorum
1665 971 1761 1015 aut
1794 974 2096 1033 martyrum

527 1052 829 1121 reliquerit,
890 1066 1065 1119 neque
1133 1052 1466 1105 mentionem
1524 1050 1713 1106 fecerit
1762 1052 2095 1117 idomuum:

529 1142 690 1213 [tum]
737 1143 783 1197 si
834 1142 1052 1211 quidem
1110 1142 1161 1195 in
1207 1143 1296 1196 illa
1347 1143 1568 1197 civitate
1606 1143 1789 1207 ejusve
1826 1145 2100 1199 territorio

530 1230 837 1283 istiusmodi
870 1230 1068 1283 domus
1093 1230 1183 1295 sit,
1225 1230 1314 1283 illa
1345 1233 1492 1299 capit
1522 1250 1533 1286 :
1570 1231 1655 1285 sin
1691 1231 1895 1296 minus,
1931 1231 2098 1304 [:edes

526 1314 853 1385 sacra]qtt:£
885 1317 937 1369 in
975 1318 1262 1383 metropoli
1303 1326 1407 1381 est,
1452 1319 1673 1385 accipit.
1719 1321 1786 1372 At
1830 1320 1876 1373 si
1923 1336 2102 1388 neque

531 1402 641 1455 illic
682 1404 994 1457 istiusmodi
1043 1403 1189 1457 :edes
1235 1404 1326 1468 sit,
1378 1405 1481 1459 loci
1524 1407 1789 1470 ecclesiae,
1824 1407 1935 1462 illis
1976 1408 2100 1463 aliis

524 1489 698 1543 sacris
741 1490 950 1543 aedibus
994 1490 1351 1554 cedentibus,
1390 1491 1491 1545 ista
1540 1494 1801 1560 capiunt:
1850 1494 1894 1547 si
1941 1496 2101 1548 modo

525 1580 847 1633 defunctum
887 1597 997 1634 non
1041 1582 1189 1635 aliud
1229 1584 1517 1648 cogitasse,
1560 1599 1623 1637 ac
1662 1584 1809 1638 aliud
1856 1586 2097 1639 locutum

2201 518 2277 589 μὴ
2320 518 2577 589 προσθεὶς
2622 517 2913 587 εὐκτηρίου
2960 517 3334 588 προσηγορίαν
3369 555 3385 580 ,
3430 519 3463 588 ή
3515 516 3835 585 ἐκκλησία

2195 610 2485 675 τοῦ,τόπου
2507 650 2523 674 ,
2570 608 2691 663 καθ’
2728 607 2787 660 δν
2818 605 2885 678 ἦν
2915 608 3011 660 καὶ
3050 610 3079 661 6
3104 609 3444 679 τελευτήσας
3463 654 3476 671 ,
3508 608 3695 661 δοκεῖ
3720 623 3831 670 γε-

2196 705 2472 774 γράφθαι·
2514 703 2576 757 τὸ
2611 702 2745 756 αὐτὸ
2788 701 2886 756 καὶ
2933 701 3026 756 ἐπὶ
3061 701 3331 771 ληγάτουο
3376 703 3471 756 καὶ
3500 700 3838 771 προχωρεῖ

2199 794 2281 857 είς
2310 792 2624 865 ἀποτροφὴν
2655 793 2906 863 πτωχῶν.
2955 794 3017 846 Et
3047 791 3103 844 δέ
3132 810 3236 845 τινι
3264 792 3372 846 τῶν
3412 793 3604 859 ἁγίων
3640 790 3833 857 ἀγγέ-

2197 887 2305 942 λων
2328 887 2362 957 ἢ
2394 886 2687 959 μαρτύρων
2717 886 3005 942 καταλίποι
3030 923 3047 950 ,
3077 885 3152 956 μὴ
3186 886 3581 956 μνημονεύσας
3614 884 3828 950 οῐκου,

2199 981 2248 1031 εί
2282 978 2383 1048 μὲν
2412 978 2559 1031 ἔστιν
2584 978 2642 1030 ἐν
2665 977 2852 1047 ἐκείνῃ
2890 979 2956 1047 τῇ
2997 976 3183 1042 πόλει,
3213 976 3247 1047 ἢ
3287 978 3352 1047 τῇ
3395 975 3596 1047 ἐνορίᾳ
3632 974 3833 1043 αὐτῆς

2198 1069 2437 1132 τοιοῦτος
2465 1065 2643 1135 οἶκος,
2678 1068 2841 1131 αὐτὸς
2864 1067 3156 1137 λαμϐάνει·
3198 1068 3247 1120 εί
3287 1067 3347 1121 δέ
3373 1067 3447 1136 μὴ
3472 1066 3670 1131 ἐστιν,
3700 1067 3734 1119 6
3762 1066 3832 1119 ἐν

2198 1164 2265 1231 τῇ
2321 1161 2650 1231 μητροπόλει
2693 1159 2983 1227 λαμϐάνειο
3021 1160 3070 1211 εί
3115 1157 3173 1213 δέ
3211 1158 3349 1228 μήτε
3394 1159 3510 1210 ἐκεῖ
3544 1154 3829 1217 τοιοῦτός

2202 1251 2349 1303 ἐστιν
2372 1246 2518 1312 οἳκος
2537 1288 2551 1311 ,
2577 1248 2632 1301 αί
2673 1247 2816 1299 κατὰ
2839 1246 2931 1300 τὸν
2955 1247 3119 1299 τόπον
3145 1245 3431 1315 ἐκκλησίαι
3468 1244 3829 1315 λαμϐάνου-

2203 1356 2285 1391 σιν
2312 1337 2463 1399 αὐτὸ,
2503 1337 2609 1388 τῶν
2636 1336 2810 1388 ἄλλων
2835 1336 2999 1389 οἴκων
3037 1334 3513 1407 παραχωρούντων
3540 1334 3774 1397 αὐταῖς
3805 1373 3824 1398 ,

2202 1432 2255 1483 εἷ
2277 1446 2340 1496 γε
2383 1428 2458 1499 μὴ
2492 1428 2675 1498 δειχθῇ
2713 1430 2741 1481 6
2779 1427 3132 1495 τελευτήσας,
3177 1427 3365 1495 ἐτερον
3412 1424 3782 1494 ἐνθυμηθεὶς
3805 1464 3823 1489 ,

2202 1522 2295 1574 καὶ
2320 1522 2505 1591 ἕτερον
2536 1520 2725 1573 εἰπών’
2760 1520 2881 1572 τότε
2910 1518 3019 1589 γὰρ
3049 1518 3112 1571 τὸ
3149 1518 3346 1588 ἀληθὲς
3376 1517 3471 1570 καὶ
3499 1517 3569 1570 οὐ
3612 1518 3688 1571 τὸ
3719 1534 3825 1586 γε-

2202 1612 2521 1682 γραμμένον
2550 1614 2763 1682 κρατεῖ.
2814 1613 2876 1664 Et
2916 1611 2973 1663 δὲ
3013 1611 3177 1663 τόπον
3218 1612 3362 1664 εῖποι
3402 1610 3597 1680 ῥητὸν,
3652 1609 3828 1680 εὕρε-

524 1683 645 1720 esse
667 1667 1005 1721 ostendatur.
1029 1667 1181 1722 Tunc
1209 1670 1353 1722 enim
1379 1671 1527 1739 quod
1549 1686 1760 1731 verum,
1786 1688 1892 1725 non
1918 1682 2098 1725 autem

2210 1667 2339 1756 θῖῦσι
2363 1667 2433 1755 ’δὲ
2466 1667 2651 1755 πολλοὶ
2683 1701 2776 1755 τοῦ
2812 1700 2977 1761 αύτοῦ
3000 1701 3263 1770 ὀνόματος
3308 1703 3366 1755 ἐν
3402 1667 3479 1771 .τῆ
3538 1667 3745 1754 πόλει,
3785 1702 3822 1770 ἢ

527 1754 672 1823 quod
709 1755 973 1823 scriptum
998 1764 1103 1816 est,
1130 1755 1357 1809 obtinet.
1391 1756 1660 1815 Cancrum
1702 1760 1745 1812 si
1775 1770 1980 1813 certum
2016 1760 2102 1813 lo-
2134 1760 2177 1818 Β

526 1861 652 1897 cum
700 1844 922 1903 dixerit.
974 1844 1323 1899 inveniantur
1372 1857 1550 1901 autem
1590 1849 1641 1901 in
1686 1849 1938 1913 civitate,
1992 1851 2108 1905 sive

532 1934 694 2005 114
727 1934 924 1990 vicinis
974 1936 1113 1991 locis
1156 1939 1327 1991 multa
1374 1938 1618 2007 ejusdem
1676 1940 1957 1995 nominis:
1989 1950 2104 1995 tum

528 2023 575 2075 si
604 2038 730 2093 erga
760 2025 953 2079 horum
980 2028 1289 2096 quempiam
1325 2027 1587 2096 majorem
1622 2029 1982 2093 _atl'ectionem
2010 2031 2110 2085 ha—

530 2114 727 2178 lmcrit,
757 2118 1028 2186 saepiusve
1072 2119 1392 2181 accesserit,
1416 2119 1511 2185 {illi
1538 2120 1830 2191 reliquisse
1866 2121 2103 2177 videtur.

530 2203 728 2260 Verum
757 2208 801 2262 si
845 2210 951 2265 tale
980 2210 1115 2263 nihil
1152 2210 1494 2276 inveniatur;
1526 2227 1650 2281 qure
1692 2226 1761 2268 ex
1798 2214 2106 2270 istiusmodi

529 2299 738 2353 adibus
773 2302 948 2371 magis
983 2303 1210 2372 indiget,
1247 2304 1446 2373 accipit
1479 2306 1753 2360 relictum.
1872 2300 1875 2307 ’

606 2417 818 2468 Toxlus.
839 2414 903 2468 Et
930 2417 1010 2471 tit.
1039 2416 1073 2470 3
1094 2417 1336 2487 ejusdem
1364 2420 1457 2472 lib.
1482 2429 1660 2475 const.
1686 2420 1779 2489 21,
1803 2424 1899 2488 ait,
1925 2433 2105 2479 ratum

533 2506 864 2575 ﬁrmumque
925 2523 1083 2574 esse,
1158 2508 1303 2577 quod
1366 2510 1699 2579 pauperibus
1757 2514 2105 2585 relinquitur.

529 2597 718 2651 Const.
754 2598 824 2653 98
846 2599 1087 2669 ejusdem
1112 2600 1194 2655 tit.
1222 2600 1392 2660 Valet.
1419 2603 1565 2671 quod
1599 2604 1653 2658 in
1676 2606 2104 2677 redemptionem

530 2689 873 2757 captivorum
948 2692 1298 2760 relinquitur.
1364 2694 1429 2746 Et
1498 2695 1546 2749 si
1600 2696 1821 2765 quidem
1880 2707 2108 2755 testator

528 2781 746 2847 dixerit,
790 2782 913 2852 quis
965 2783 1100 2856 [isti]
1148 2785 1227 2838 rei
1263 2801 1485 2854 operam
1530 2802 1734 2843 navare
1782 2791 1979 2846 debeat
2013 2810 2026 2847 :
2060 2792 2108 2849 is

526 2872 716 2942 exigit,
745 2882 800 2928 et
834 2890 929 2942 pro
975 2891 1072 2930 sua
1124 2876 1461 2932 conscientia
1512 2887 1775 2934 statutum
1822 2882 2104 2953 adimplet.

529 2961 626 3015 Sin
658 2973 839 3018 autem
872 2980 1162 3033 personam
1197 2982 1305 3021 non
1338 2968 1559 3034 dixerit,
1612 2968 1810 3042 [illius]
1842 2972 2104 3039 civitatis,

528 3052 583 3104 in
616 3067 724 3121 qua
757 3062 990 3108 testator
1019 3065 1180 3110 natus
1220 3065 1322 3117 est,
1352 3056 1648 3126 episcopus
1692 3058 1941 3113 relictum
1976 3075 2100 3129 per-

529 3144 663 3213 cipit
696 3163 709 3198 :
741 3144 887 3198 dono
923 3145 1067 3214 apud
1117 3148 1401 3215 praesidem
1432 3148 1485 3201 in
1515 3158 1636 3204 acta
1685 3148 1970 3206 referendo
2003 3151 2103 3206 da-

530 3244 710 3288 tarum
731 3236 834 3290 sibi
861 3238 1210 3305 pecuniarum
1233 3239 1614 3306 quantitatem,
1646 3256 1710 3295 ac
1743 3249 1865 3309 post
1900 3257 2105 3297 annum

530 3328 939 3396 redemptorum
984 3344 1273 3384 numerum
1329 3340 1382 3385 ct
1434 3331 1559 3386 data
1614 3347 1715 3401 pro
1760 3334 1843 3388 his
1884 3332 2106 3407 [pretia]

534 3419 823 3473 manifesta
867 3419 1134 3475 facturus.
1171 3420 1326 3487 Quod
1370 3421 1415 3477 si
1453 3432 1679 3477 testator
1717 3424 1964 3479 barbarae
2008 3443 2106 3481 na-

532 3512 701 3566 tionis
753 3512 937 3574 fuerit,
981 3520 1036 3565 et
1064 3512 1133 3566 de
1181 3512 1300 3581 ejus
1349 3516 1523 3582 patria
1560 3515 1743 3583 aliqua
1782 3517 2111 3586 ambiguitas

530 3604 836 3668 emerserit,
866 3605 1159 3673 episcopus
1190 3605 1294 3659 loci
1323 3605 1377 3660 in
1408 3622 1515 3675 quo
1544 3606 1837 3665 defunctus
1878 3624 1983 3673 est,
2016 3629 2111 3682 pe—

532 3696 726 3749 cunias
764 3695 985 3764 accipit,
1020 3705 1072 3750 et
1102 3696 1247 3764 quod
1284 3698 1662 3765 prmscriptum
1696 3707 1780 3753 est
1828 3700 2106 3771 adimplet.

531 3785 637 3850 Qui
669 3801 799 3839 vero
836 3785 1083 3857 [aliquid]
1124 3786 1370 3840 relictum
1405 3785 1573 3859 [esse]
1614 3789 1743 3854 scit,
1777 3801 1926 3847 recte
1960 3793 2111 3862 facit,

533 3878 579 3928 si
615 3874 719 3946 [id]
771 3878 972 3930 rectori
1025 3877 1317 3945 provinciae
1350 3888 1405 3932 et
1452 3882 1711 3948 episcopo
1735 3880 1903 3944 dicat,
1936 3900 2112 3955 neque

532 3963 793 4036 [idcirco]
826 3966 1036 4019 delator
1064 3966 1312 4020 cili-:itur.
1361 3969 1548 4022 COIISI.
1598 3972 1651 4033 5,
1698 3972 1781 4025 tit.
1809 3972 1865 4038 '2,
1912 3972 2110 4028 Now-l-

538 4058 714 4110 larum
748 4056 899 4119 dicit,
930 4056 1125 4129 [illius]
1153 4058 1413 4123 civitatis,
1453 4060 1507 4114 in
1544 4076 1653 4130 quo
1679 4071 1908 4120 testator
1935 4067 2112 4121 domi-

538 4149 726 4202 cilium
761 4148 968 4211 habuit,
1005 4150 1323 4219 episcopum
1361 4153 1623 4221 pecunias
1649 4170 1866 4225 capere,
1904 4166 1958 4212 et
1990 4176 2113 4230 quae

535 4241 834 4293 constituta
859 4250 987 4294 sunt
1012 4239 1211 4296 facere.
1230 4243 1419 4296 Const.
1442 4243 1529 4297 45.
1557 4241 1612 4297 Si
1636 4260 1876 4302 annuum
1901 4247 2112 4324 [idque]

534 4338 864 4397 perpetuum
925 4330 1163 4399 legatum
1211 4338 1307 4385 aut
1348 4346 1550 4386 munus
1583 4334 1666 4387 vel
1710 4338 2114 4395 venerabilibus

2207 1796 2273 1864 τῇ
2310 1793 2621 1862 περιοικίδι,
2649 1794 2697 1845 εί
2728 1793 2828 1861 μὲν
2867 1793 3001 1864 πρός
3029 1811 3150 1847 τινα
3177 1792 3382 1845 τούτων
3408 1791 3523 1861 εἶχε
3567 1790 3823 1861 μείζονα

2210 1884 2606 1955 προσπάθειαν,
2647 1884 2680 1955 ἢ
2730 1883 2969 1953 συνεχῶς
3002 1886 3180 1938 ἐκεῖσε
3213 1882 3426 1952 ἐφοίτα,
3460 1881 3626 1952 αύτῷ
3656 1881 3823 1935 δοκεῖ

2211 1974 2651 2042 καταλελεῖφθαι.
2704 1975 2961 2027 Τοιούτου
2995 1973 3053 2027 δέ
3082 1992 3227 2038 τινος
3262 1973 3336 2045 μὴ
3365 1972 3819 2043 εὑρισκομένου,

2206 2068 2237 2120 6
2271 2065 2471 2136 μᾶλλον
2500 2068 2566 2119 ἐκ
2592 2066 2698 2120 τῶν
2726 2066 2983 2121 τοιούτων
3006 2065 3173 2121 οἴκων
3204 2066 3387 2137 ἐνδεὴς
3426 2064 3718 2136 λαμϐάνει
3753 2065 3821 2117 τὸ

2210 2153 2590 2223 καταλειφθέν.

2282 2419 2391 2472 Καὶ
2417 2416 2522 2472 τίτ.
2555 2413 2603 2487 Υ
2631 2412 2726 2470 τοῦ
2759 2414 2923 2470 αὐτοῦ
2955 2415 3279 2487 βιϐλ.,διάτ.
3311 2414 3409 2482 κδ’,
3432 2414 3815 2486 φησὶνέρῤὦ-

2210 2508 2337 2564 σθαι
2365 2510 2427 2563 τὸ
2454 2511 2567 2579 τοῖς
2609 2511 2847 2579 πτωχοῖς
2897 2509 3462 2579 καταλιμπανόμενον·
3514 2508 3669 2561 διάτ.
3724 2516 3815 2574 κη’

2209 2598 2301 2653 τοῦ
2335 2599 2500 2653 αὐτοῦ
2546 2598 2751 2651 τίτλου’
2795 2598 3073 2670 Ἐῤῥωται
3124 2598 3184 2651 τὸ
3239 2599 3813 2669 καταλιμπανόμενον

2209 2695 2289 2756 εἰς
2321 2692 2620 2763 ἀνάρρυσιν
2649 2691 3043 2761 αἰχμαλώτωνο
3081 2690 3175 2744 καὶ
3209 2693 3258 2742 εί
3298 2690 3396 2760 μὲν
3432 2686 3592 2742 εἶπεν
3628 2693 3660 2743 6
3690 2690 3809 2742 δια-

2210 2783 2436 2853 θέμενος
2484 2782 2574 2835 τὸν
2619 2782 2905 2851 ὀφείλοντα
2951 2782 3295 2853 ὑπουργῆσαι
3345 2783 3425 2853 τῷ
3467 2784 3808 2852 πράγματι,

2210 2876 2369 2939 αὐτὸς
2426 2876 2679 2941 ἀπαιτεῖ,
2731 2875 2828 2928 καὶ
2879 2874 3021 2928 κατά
3077 2874 3177 2945 τὴν
3225 2875 3430 2927 οἰκείαν
3486 2874 3810 2945 συνείδησιν

2210 2968 2411 3036 πληροῖ
2448 2967 2548 3037 τὴν
2573 2966 2920 3021 διατύπωσιν.
2955 2967 3016 3019 El
3040 2966 3095 3019 δὲ
3127 2965 3203 3037 μὴ
3234 2962 3354 3019 εἷπε
3383 2966 3442 3018 τὸ
3474 2967 3807 3037 πρόσωπον,

2211 3058 2239 3111 6
2269 3059 2362 3127 τῆς
2396 3056 2604 3119 πόλεως
2642 3057 2967 3118 ἐπίσκοπος,
3008 3057 3067 3108 ἐν
3172 3057 3201 3107 6
3227 3053 3547 3123 διαθέμενος
3572 3054 3805 3124 ἐτέχθη,

2209 3149 2476 3220 λαμϐάνει
2499 3148 2559 3201 τὸ
2583 3146 2939 3214 καταλειφθὲν
2966 3147 3195 3216 φανερὸν
3219 3147 3309 3199 ἐπὶ
3344 3144 3602 3216 πράξεως
3630 3147 3809 3216 δῶρον

2212 3241 2364 3310 παρὰ
2400 3238 2476 3309 τῷ
2506 3238 2726 3309 ἄρχοντι
2754 3238 3152 3308 συνισταμένης
3178 3237 3239 3289 τὸ
3273 3237 3438 3290 ποσὸν
3469 3237 3585 3289 τῶν
3614 3236 3802 3290 δοθέν-

2209 3350 2317 3387 των
2341 3331 2490 3402 αὐτῷ
2529 3331 2852 3401 χρημάτων,
2890 3330 2984 3383 καὶ
3016 3331 3132 3399 μετ’
3161 3328 3409 3382 ἐνιαυτὸν
3432 3328 3527 3381 τὸν
3559 3328 3806 3400 ἀριθμὸν

2210 3422 2319 3475 τῶν
2348 3421 2814 3493 ἀναῤῥυσθέντων,
2856 3420 2951 3472 καὶ
2979 3418 3087 3471 τῶν
3122 3417 3263 3489 ὑπὲρ
3292 3418 3472 3470 αὐτῶν
3504 3418 3799 3471 δοθέντων.

2213 3517 2275 3570 Et
2300 3515 2356 3569 δὲ
2386 3512 2658 3585 βάρϐαρος
2686 3507 2756 3580 ἦν
2782 3512 2810 3562 6
2836 3510 3151 3581 διαθέμενος
3171 3549 3186 3574 ,
3220 3509 3315 3561 καὶ
3339 3509 3468 3579 περὶ
3497 3509 3603 3580 τῆς
3634 3506 3803 3562 αὐτοῦ

2212 3607 2419 3669 πόλεως
2433 3602 2855 3675 ἀμφιϐάλλεται,
2881 3603 2908 3654 6
2933 3599 3233 3663 ἐπίσκοπος
3255 3597 3348 3652 τοῦ
3374 3598 3567 3665 τόπου,
3588 3598 3716 3652 καθ’
3743 3598 3802 3651 ὃν

2212 3697 2572 3765 ἐτελεύτησε,
2616 3692 2884 3763 λαμϐάνει
2929 3691 2998 3745 τὰ
3044 3692 3303 3761 χρήματα
3344 3690 3437 3742 καὶ
3489 3690 3697 3761 πληροῖ
3741 3689 3803 3740 τὸ

2212 3786 2575 3843 διατυπωθέν·
2605 3788 2633 3839 6
2660 3785 2716 3837 δὲ
2743 3783 3029 3853 γινώσκων
3072 3782 3135 3835 τὸ
3178 3782 3566 3849 καταλειφθὲν,
3619 3780 3798 3844 καλῶς

2213 3882 2358 3933 ποιεῖ
2383 3881 2554 3947 λέγων
2589 3876 2665 3947 τῷ
2709 3877 2931 3946 ἄρχοντι
2970 3874 3064 3927 καὶ
3104 3874 3181 3944 τῷ
3213 3874 3527 3943 ἐπισκόπῳ,
3579 3874 3673 3927 καὶ
3702 3873 3800 3925 οὐκ

2213 3973 2332 4025 ἐστι
2354 3970 2620 4042 δηλάτωρ.
2660 3968 2724 4020 Ἡ
2758 3967 2813 4020 δὲ
2840 3972 2886 4033 γ’
2912 3965 3051 4018 διάτ.
3078 3965 3168 4017 τοῦ
3199 3964 3243 4036 β’
3264 3964 3369 4020 τίτ.
3404 3966 3512 4018 τῶν
3542 3964 3794 4034 Νεαρῶν,

2214 4061 2333 4116 εἷπε
2375 4062 2467 4114 τὸν
2511 4059 2809 4112 ἐπίσκοπον
2834 4058 2933 4127 τῆς
2980 4057 3223 4122 πόλεως,
3254 4058 3313 4109 ἐν
3356 4050 3389 4130 ᾖ
3435 4057 3537 4128 τὴν
3581 4057 3798 4126 οἴκησιν

2213 4150 2359 4224 εἶχεν
2409 4154 2439 4206 6
2484 4150 2840 4221 διαθέμενος,
2896 4148 3195 4218 λαμϐάνειν
3237 4146 3308 4200 τὰ
3358 4150 3656 4219 χρήματα,
3705 4145 3795 4200 καὶ

2215 4247 2392 4299 ποιεῖν
2442 4243 2511 4297 τὰ
2558 4240 3002 4295 διατοπωθέντα·
3047 4239 3187 4293 διάτ.
3241 4244 3343 4309 με’.
3405 4239 3531 4292 Ἐὰν
3585 4239 3796 4309 ἐτήσιον

2214 4333 2461 4404 διηνεκὲς
2492 4331 2798 4402 ληγατευθῇ
2822 4369 2835 4393 ,
2877 4328 2910 4399 ἢ
2962 4328 3182 4399 δωρηθῇ
3224 4329 3410 4392 τόποις
3441 4329 3720 4398 εύαγέσιν,
3760 4324 3793 4395 ἢ

534 4422 691 4487 locis,
717 4423 801 4477 vel
831 4423 996 4489 clero,
1028 4425 1111 4479 vel
1136 4425 1440 4489 monachis,
1468 4427 1551 4481 vel
1578 4430 2109 4499 sanctitnonialibus,

2218 4425 2424 4494 κλήρῳ,
2461 4422 2495 4492 ἢ
2530 4423 2783 4491 μοναχοῖς
2804 4458 2818 4484 ,
2850 4420 2882 4490 ἢ
2917 4418 3301 4489 μοναστρίαις,
3328 4418 3362 4491 ἢ
3393 4421 3634 4490 πτωχοῖς
3654 4459 3670 4484 ,
3704 4416 3794 4471 καὶ

536 4516 621 4569 vel
667 4517 1020 4585 pauperibus,
1054 4516 1138 4570 vel
1176 4517 1410 4572 breviter
1451 4521 1859 4577 venerabilibus
1908 4530 1963 4576 et
2002 4538 2113 4578 non

537 4608 832 4676 prohibitis
865 4609 1131 4679 collegiis,
1181 4610 1430 4665 relictum
1476 4621 1573 4666 aut
1622 4614 1887 4668 donatum
1925 4614 2112 4685 fuerit,

540 4713 648 4752 non
681 4698 809 4753 licet
833 4700 900 4752 de
921 4700 1025 4755 illis
1061 4702 1399 4772 tra‘1sigere:
1431 4702 1538 4758 nisi
1568 4703 1615 4758 si
1648 4704 1803 4769 uber,
1837 4707 2117 4777 nullisque

540 4789 776 4858 publicis
836 4787 1320 4863 [praestationibus]
1372 4804 1630 4849 oneratus
1676 4796 1884 4852 reditus
1936 4797 2115 4854 detur.

542 4879 759 4951 [Detur]
795 4880 919 4933 item
951 4897 1230 4952 nunquam
1258 4884 1544 4939 alienanda
1568 4888 1835 4953 accessio,
1861 4904 1982 4958 qua:
2006 4905 2115 4944 non

545 4972 731 5026 minus
782 4973 1084 5040 quadrante
1133 4976 1253 5043 puri
1299 4974 1653 5051 [integrique]
1698 4981 1908 5039 reditus
1942 4984 2121 5039 conti-

547 5071 693 5115 neat.
722 5063 949 5133 Oportet
1003 5072 1184 5118 autem
1223 5065 1290 5120 de
1321 5066 1406 5120 his
1435 5067 1591 5137 115
1637 5079 1795 5139 pacta
1844 5079 1900 5125 et
1941 5080 2121 5128 trans-

546 5152 792 5207 aetlones
833 5153 1066 5222 scriptas
1116 5154 1257 5220 ﬁeri,
1297 5170 1497 5225 easque
1549 5157 1607 5211 in
1655 5157 1954 5233 [actorum]
1998 5178 2120 5218 mo-

546 5253 811 5297 numenta
844 5243 1057 5299 referri.
1089 5244 1145 5299 Si
1194 5256 1383 5301 contra
1419 5248 1793 5322 Inechactum
1830 5253 1947 5326 sit],
1994 5256 2121 5310 dato

544 5348 687 5388 auro
727 5337 818 5403 qui
865 5337 1294 5391 transactionem
1346 5336 1498 5402 fecit,
1528 5341 1753 5408 excidit,
1795 5351 1958 5413 atque
2005 5360 2119 5400 rem

552 5428 882 5481 venerabilis
916 5426 1111 5482 domus
1137 5429 1400 5496 vindieat,
1435 5432 1758 5501 hypothecaa
1789 5437 2008 5492 nomine
2036 5452 2122 5493 res

544 5517 671 5583 ejus
696 5519 788 5587 qui
828 5518 1071 5586 reliquit,
1105 5519 1161 5572 in
1208 5518 1496 5588 fructibus,
1535 5525 1820 5591 reditibus,
1864 5527 2124 5598 omnique

552 5605 794 5674 legitima
825 5608 1148 5663 accessione
1177 5606 1305 5677 [sibi
1332 5610 1646 5685 obstrictas]
1677 5614 1902 5671 habens.
1935 5614 2123 5686 Neque

550 5692 709 5755 ivero
752 5696 894 5768 ejus]
927 5696 1130 5752 actioni
1176 5697 1319 5765 longi
1356 5700 1613 5769 temporis
1660 5701 2000 5775 praseriptio
2028 5704 2124 5759 ad-

2217 4515 2403 4577 ἁπλῶς
2434 4514 2705 4580 εὐαγέσιν,
2740 4512 2773 4583 ἢ
2801 4512 2901 4565 οὐκ
2932 4512 3402 4581 ἀπηγορευμένοις
3431 4514 3789 4583 συστήμασιν,

2214 4607 2316 4660 οὐκ
2349 4606 2558 4672 ἔξεστιν
2591 4604 2678 4657 ἐπ’
2717 4603 2866 4673 αὐτῷ
2896 4603 3232 4671 διαλύεσθαι,
3272 4605 3321 4657 εί
3360 4603 3436 4675 μὴ
3462 4602 3591 4675 δοθῇ
3624 4601 3790 4672 πρόσ-

2215 4698 2333 4760 οδος
2357 4695 2586 4765 εὐθαλὴς
2610 4694 2744 4764 μηδὲ
2760 4694 3113 4767 βεϐαρημὲνη
3145 4695 3429 4767 δημοσίοις
3451 4736 3467 4762 ,
3498 4696 3594 4749 καὶ
3624 4707 3785 4763 προσο

2218 4791 2391 4861 θήκην
2428 4789 2527 4857 οὐχ
2569 4783 2732 4857 ἧττον
2773 4786 2867 4839 τοῦ
2894 4786 3156 4857 τετάρτου
3203 4786 3305 4856 τῆς
3351 4786 3600 4856 καθαρᾶς
3636 4798 3791 4855 προσ·

2217 4880 2338 4931 όδου
2372 4878 2570 4948 μέρους
2612 4876 2810 4945 ἔχουσα
2832 4916 2846 4941 ,
2883 4876 3149 4945 μηδέποτε
3179 4876 3657 4949 ἐκποιηθησομένη
3677 4891 3689 4903 ·
3713 4874 3791 4925 δεῖ

2217 4968 2275 5022 δὲ
2309 4969 2403 5021 καὶ
2430 4967 2702 5036 συνθήκας
2732 4968 2824 5018 καὶ
2854 4965 3127 5030 διαλύσεις
3154 4968 3468 5037 ἐγγράφους
3499 4969 3592 5020 ἐπὶ
3624 4965 3788 5033 τούτῳ

2220 5057 2497 5125 γίνεσθαι,
2546 5056 2641 5108 καὶ
2681 5056 2739 5109 ἐν
2778 5055 3164 5126 ὑπομνήμασιν
3197 5057 3606 5127 ἐμφανίζεσθαι.
3639 5056 3698 5108 Εἰ
3731 5052 3783 5104 δὲ

2221 5152 2373 5219 παρὰ
2409 5148 2581 5203 ταῦτα
2615 5147 2872 5200 ἐκπίπτει
2900 5146 2996 5200 τοῦ
3025 5146 3270 5211 δοθέντος
3306 5149 3531 5217 χρυσίου
3562 5149 3589 5201 6
3618 5144 3787 5199 διαλυ-

2223 5240 2475 5308 σάμενος,
2501 5238 2595 5291 καὶ
2623 5237 2825 5290 ἐκδικεῖ
2848 5237 2910 5290 τὸ
2931 5238 3163 5308 πρᾶγμα
3190 5237 3219 5289 6
3242 5238 3446 5309 εὐαγής
3468 5233 3633 5301 οἶκος,
3655 5234 3786 5305 ἔχων

2222 5332 2302 5395 είς
2328 5330 2608 5400 ὑποθήκην
2647 5329 2717 5381 τὰ
2762 5329 3063 5398 πράγματα
3095 5328 3191 5382 τοῦ
3237 5328 3653 5392 καταλιπόντος,
3697 5321 3785 5377 καὶ

2223 5425 2316 5477 ἐπὶ
2339 5425 2571 5495 καρποῖς
2598 5420 2692 5476 καὶ
2728 5421 3012 5492 προσόδοις
3053 5425 3149 5473 καὶ
3179 5420 3326 5490 πάσῃ
3365 5420 3581 5491 νομίμῳ
3627 5419 3784 5469 ἐπαυ-

2225 5516 2399 5586 ξήσει,
2429 5516 2522 5569 καὶ
2563 5515 2663 5567 οὐκ
2700 5513 3003 5569 ἀντίκειται
3037 5514 3104 5584 τῇ
3146 5512 3338 5582 ἀγωγῇ
3384 5512 3572 5583 χρονία
3612 5523 3779 5578 παρα-

2224 5612 2430 5683 γραφή·
2462 5609 2580 5665 κατ’
2611 5608 2854 5663 ἐνιαυτὸν
2887 5607 2998 5677 γὰρ
3033 5607 3299 5661 τίκτεται.
3342 5608 3433 5678 Τῷ
3477 5607 3655 5678 μέντοι
3703 5603 3779 5654 δε-

2226 5703 2510 5759 δωκότι.τδ
2537 5703 2783 5774 χρυσίον,
2820 5699 3101 5755 ὑπόκειται
3128 5702 3155 5755 6
3198 5699 3475 5756 συλλαϐὼν
3503 5698 3629 5756 αὐτὸ
3650 5692 3778 5767 μετά
