4122 6438
245 314 347 379 573

1109 309 1509 370 SYNTAGMA
1549 306 1940 371 CANONUM.
1974 334 2041 344 —
2082 308 2229 368 TIT.
2268 307 2351 370 ΙΙ.
2389 307 2550 371 CAP.
2597 308 2650 371 I.

3395 318 3501 382 571

242 417 610 491 κληρονόμων,
644 415 737 469 καὶ
762 413 975 467 οἴκοθεν
1000 415 1135 469 αὐτὸ
1153 416 1389 482 δίδωσιν,
1416 416 1491 478 ὼς
1512 417 1546 485 ἠ
1582 421 1652 469 νε⁹
1676 414 1816 468 διάτ.

1930 428 2198 469 versatur.
2235 415 2478 486 Singulis
2508 415 2654 470 enim
2691 414 2853 471 annis
2893 416 3163 474 nascitur.
3196 418 3339 476 Sane
3369 438 3499 478 vero

239 508 331 564 τοῦ
361 506 525 563 αὑτοῦ
555 505 661 559 τίτ.

319 773 385 827 Ἥ
418 773 474 826 δὲ
514 777 562 840 τ
598 770 738 827 διάτ.
782 767 878 823 τοῦ
926 768 973 839 β’
998 768 1104 826 τετ.
1144 768 1256 824 τῶν
1290 770 1541 843 Νεαρῶν,
1587 770 1680 823 ἐπὶ
1725 772 1820 825 τοῦ

237 867 476 921 τοιούτου
519 864 755 935 ληγάτου
789 861 973 932 φησὶν,
1003 863 1085 915 ὅτι
1111 863 1159 916 εἰ
1192 862 1290 932 μὲν
1311 864 1359 916 oi.
1390 863 1690 934 λαμϐάνειν
1723 866 1819 917 καὶ

238 962 287 1013 οἱ
314 959 509 1012 διδόναι
549 954 1030 1025 κελευσθέντες,ἦ
1078 957 1107 1008 6
1150 956 1313 1018 τόπος
1357 955 1419 1024 ἐξ
1460 955 1525 1009 οὗ
1567 957 1821 1028 ἐτυπώθη

237 1052 505 1115 δίδοσθαι,
535 1052 593 1103 ἐν
636 1051 702 1119 τῇ
731 1049 868 1119 αὐτῇ
905 1047 939 1117 ἢ
982 1049 1049 1118 τῇ
1089 1048 1291 1116 γείτονι
1322 1048 1565 1120 ἐπαρχίᾳ
1608 1051 1822 1119 εἴησαν,

243 1144 433 1214 μηδενὶ
469 1143 653 1212 τρόπῳ
678 1141 739 1193 τὸ
768 1141 1005 1211 ληγάτον
1030 1139 1392 1196 ἐκποιεῖσθαι.
1423 1142 1484 1194 El
1512 1140 1571 1194 δὲ
1600 1143 1823 1213 πορρω-

237 1234 383 1303 τέρω
422 1225 578 1301 ὦσινι
620 1231 831 1295 ἔξεστιν
864 1231 1128 1301 ἐκατέρου
1175 1231 1375 1302 μέρους
1408 1231 1820 1298 συναινοῦντος,

242 1324 467 1394 πλησίον
510 1322 650 1393 ὑπὲρ
686 1320 852 1375 αὐτοῦ
912 1321 1214 1392 λαμϐάνειν
1261 1322 1521 1392 πρόσοδον
1566 1320 1822 1394 εὔπορον,

242 1416 337 1468 καὶ
369 1413 506 1484 μετὰ
535 1414 855 1483 προσθήκης
878 1411 974 1465 τοῦ
999 1413 1261 1484 τετάρτου
1298 1412 1407 1475 τῆς»
1441 1413 1825 1483 καταλειφθεί-

243 1522 342 1575 σης
372 1506 666 1574 ποσότητος
696 1504 771 1575 μὴ
797 1502 1184 1574 βεϐαρημένης
1211 1504 1428 1567 πολλοῖς
1460 1505 1819 1576 τελέσμασιν.

240 1600 304 1653 Εἰ
335 1598 394 1652 δὲ
424 1597 679 1666 πωλῆσαι
722 1596 785 1650 τὸ
832 1596 1068 1669 ληγάτον
1100 1596 1376 1667 βούλοιντο
1396 1636 1412 1661 ,
1445 1598 1521 1668 μὴ
1547 1596 1823 1668 λαμϐανέ-

239 1708 417 1743 τωσαν
449 1691 651 1761 ἥττονα
688 1690 854 1761 τιμὴν
886 1690 981 1743 τοῦ
1012 1691 1379 1760 συναγομένου
1405 1690 1501 1743 ἐπὶ
1541 1690 1617 1742 λε’
1644 1691 1825 1743 ἐνιαυ-

237 1784 386 1846 τοὺς,
416 1783 524 1835 ἀπὸ
551 1781 649 1834 τοῦ
680 1781 937 1851 ληγάτου’
970 1781 1113 1834 ὥστε
1176 1782 1363 1851 μέντοι
1403 1780 1465 1836 τδ
1494 1782 1713 1852 τίμημα
1744 1783 1823 1845 εἰς

237 1874 300 1926 τὸ
326 1873 605 1944 συμφέρον
628 1872 724 1926 τοῦ
753 1873 1053 1944 σεϐασμίου
1076 1872 1232 1927 οἴκου
1255 1865 1300 1942 ᾧ
1326 1872 1661 1943 κατελείφθη
1684 1890 1822 1944 προσ

238 1969 510 2036 χωρῆσαι.

322 2058 387 2111 Ἦ
412 2057 469 2109 δὲ
500 2056 592 2129 μη¹
613 2056 754 2113 διάτ.
782 2054 876 2110 τοῦ
912 2064 959 2126 γ’
996 2056 1102 2112 τίτ.
1133 2056 1229 2111 τοῦ
1269 2064 1317 2110 α’
1353 2057 1498 2128 βιϐλ.
1528 2056 1716 2127 φησὶν,
1740 2056 1824 2110 ὅτι

237 2150 569 2220 ἐρρωμένως
597 2167 682 2213 τις
724 2149 926 2220 γράφει
967 2151 1093 2213 τοὺς
1136 2150 1519 2221 αἰχμαλώτους
1566 2148 1826 2220 κληρονό-

240 2259 405 2310 μους,
439 2242 532 2293 καὶ
558 2240 827 2310 λαμϐάνει
865 2241 964 2311 τὴν
1004 2240 1373 2311 κληρονομίαν
1418 2244 1445 2293 6
1487 2242 1822 2307 ἐπίσκοπος,

237 2333 331 2385 καὶ
367 2334 397 2385 6
440 2332 536 2402 τῆς
564 2332 772 2396 πόλεως
810 2333 1094 2402 οἰκονόμος
1132 2333 1189 2386 ὲν
1234 2326 1266 2405 ᾖ
1306 2331 1403 2401 τὴν
1426 2330 1641 2401 οἴκησιν
1678 2326 1822 2401 εἶχε,

237 2426 327 2479 καὶ
371 2424 688 2478 δαπανῶσιν
732 2426 814 2487 εἰς
858 2425 1165 2496 ἀνάρρυσιν
1212 2422 1600 2494 αἰχμαλώτων,
1654 2422 1688 2494 ἢ
1726 2421 1825 2484 τὰς

235 2520 403 2587 τιμὰς
453 2517 561 2571 τῶν
610 2518 975 2587 πραγμάτων,
1004 2516 1038 2587 ἢ
1069 2517 1175 2580 τάς.
1210 2516 1506 2587 προσόδους
1549 2516 1662 2569 τῶν
1700 2515 1823 2568 ἀκι-

236 2613 435 2678 νήτων.
463 2610 536 2680 μὴ
561 2609 1047 2681 παρακρατοῢντες
1079 2608 1380 2679 φαλκίδιον·
1414 2608 1509 2663 καὶ
1536 2609 1824 2675 ὲνάγονται

237 2704 327 2756 ἐπὶ
389 2706 502 2766 τοῖς
567 2704 753 2773 χρέεσι
781 2717 794 2732 ·
856 2703 951 2754 καὶ
1024 2703 1151 2765 τοὺς
1204 2699 1456 2770 πτωχούς
1508 2716 1593 2762 τις
1644 2697 1826 2760 καλῶς

236 2798 444 2865 γράφει
513 2794 917 2865 κληρονόμους,
977 2794 1073 2847 καὶ
1132 2793 1230 2847 ἐὰν
1308 2793 1384 2863 μὴ
1464 2790 1828 2863 προσδιορίσῃ

237 2888 428 2950 ποίους
455 2927 469 2952 ,
528 2889 557 2942 6
601 2886 875 2957 ξενοδόχος
930 2886 1031 2955 τῆς
1070 2885 1243 2954 αὐτῆς
1290 2885 1497 2947 πόλεως
1557 2882 1826 2952 λαμϐάνει

236 2979 305 3032 τὰ
336 2978 678 3049 πράγματα,
715 2979 816 3032 καὶ
864 2978 930 3031 ἐκ
959 2977 1061 3047 τῆς
1097 2976 1447 3046 διαπράσεώς
1484 2973 1665 3027 αὐτῶν
1698 2973 1828 3041 ἀγο-

241 3071 394 3141 ράζει
451 3071 731 3141 πρόσοδον.
768 3071 831 3123 El
863 3070 921 3124 δὲ
966 3069 1149 3123 πολλοὶ
1198 3067 1424 3133 ξενῶνές
1467 3068 1610 3120 εἰσιν
1654 3066 1713 3119 ἐν
1759 3066 1826 3134 τῇ
1857 3093 1900 3151 c

238 3162 418 3228 πόλει,
449 3163 478 3214 6
502 3160 853 3234 ἀπορώτερος
881 3162 1023 3216 αὐτὰ
1052 3160 1343 3232 λαμϐάνει,
1371 3159 1440 3213 τὸ.
1474 3159 1604 3230 περὶ¹
1635 3156 1827 3211 τούτου

234 3255 628 3326 δοκιμάζοντοες
652 3254 744 3309 τοῦ
779 3255 1079 3309 ἐπισκόπου
1106 3254 1200 3307 καὶ
1230 3253 1341 3307 τῶν
1372 3250 1465 3306 ὑπ’
1505 3251 1668 3305 αὑτὸν
1698 3250 1830 3321 κλη-

240 3347 451 3419 ρικῶν·
493 3347 629 3400 εἰδὲ
664 3347 739 3417 μὴ
772 3347 883 3417 ἔχει
929 3344 1136 3412 ξενῶνα
1182 3345 1216 3413 ἡ
1267 3343 1448 3405 πόλις,
1486 3341 1832 3410 διανέμονται

236 3440 305 3494 τὰ
338 3438 648 3510 πράγματα
679 3439 785 3493 ὑπὸ
808 3438 902 3492 τοῦ
933 3438 1232 3492 ἐπισκόπου
1263 3435 1297 3506 ἢ
1324 3434 1419 3489 τοῦ
1441 3433 1729 3501 οἰκονόμου
1753 3432 1833 3494 εἰς

236 3534 362 3597 τοὺς
392 3534 644 3603 πτωχοὺς
662 3533 700 3603 ἢ
732 3532 908 3595 ἄλλως
934 3531 1161 3593 ἐνδεεῖς,
1197 3530 1272 3601 μὴ
1301 3524 1830 3600 παρακρατουμένου

238 3626 552 3695 φαλκιδῑου.
586 3627 649 3679 Εἰ
679 3625 736 3678 δὲ
760 3622 1081 3695 πρόδηλονῆ
1113 3623 1307 3692 ἄδηλον
1336 3621 1509 3691 ὄνομα
1534 3617 1832 3690 ἐκκλησίας

237 3720 272 3792 ἢ
322 3718 561 3787 εὐαγοῦς
616 3716 766 3771 οἴκου
814 3716 1025 3770 ἀπιδὼν
1081 3714 1397 3781 κατέλιπεν,
1447 3712 1613 3775 αὐτὸς
1668 3710 1829 3781 μόνος

238 3815 545 3886 λαμϐάνει,
583 3814 658 3884 μὴ
688 3812 1055 3881 ὑφιστάμενος
1085 3808 1386 3878 φαλκίδιονο
1423 3808 1457 3877 ti)
1499 3806 1557 3859 δὲ
1604 3810 1653 3873 γ’
1685 3804 1826 3857 διάτ.

236 3907 333 3961 τοῦ
360 3907 412 3977 β’
433 3909 540 3959 τίτ.
569 3905 676 3959 τῶν
700 3902 932 3974 Νεαρῶν
954 3902 1123 3971 λέγει,
1154 3900 1236 3953 ὅτι
1264 3900 1375 3962 τοῖς
1403 3897 1600 3968 πένησι
1624 3894 1715 3949 διὰ
1733 3892 1828 3947 τοῦ

238 3999 547 4054 ἐπισκόπου
576 3996 943 4066 διανέμονται.

308 4094 429 4149 Καὶ
461 4093 495 4163 ή
528 4089 607 4161 νβ’
634 4090 772 4143 διάτ.
803 4088 897 4142 τοῦ
934 4086 977 4157 β’
1006 4085 1113 4139 τίτ.
1150 4083 1245 4139 τοῦ
1289 4088 1336 4137 α’
1371 4081 1515 4153 βιϐλ.
1560 4084 1655 4137 τοῦ
1694 4081 1824 4136 κὼδ.

239 4186 433 4257 φησὶν,
466 4183 549 4237 ὅτι
598 4182 694 4237 ἐάν
718 4198 803 4245 τις
838 4179 1050 4251 βαρηθῇ
1086 4177 1531 4231 ἁποκαταστάσει
1560 4176 1593 4246 ἢ
1624 4176 1829 4229 ὐποκαο

235 4278 504 4332 ταστάσει
531 4274 589 4342 ἐξ
621 4274 910 4337 ἀπαιδίας,
952 4272 1047 4325 καὶ
1088 4269 1164 4341 μὴ
1197 4267 1432 4339 βουληθῇ
1460 4270 1712 4339 γαμῆσαι
1759 4266 1828 4320 δι’

1922 506 2016 577 qui
2041 522 2237 561 aurum
2266 507 2437 575 dedit,
2460 508 2566 562 sibi
2597 507 2896 563 obnoxium
2917 509 3079 564 habet
3104 526 3228 565 eum
3253 513 3346 582 qui
3372 531 3500 570 cum

1924 600 2045 671 ipso
2091 600 2392 666 contraxit,
2445 600 2677 671 ejusque
2724 601 2988 669 haeredes,
3041 613 3101 657 ut
3131 603 3376 674 ejusdem
3411 607 3498 661 tit.

1922 700 2099 749 const.
2128 693 2219 748 55.
2249 691 2487 766 [tradit.]

1998 786 2218 843 Τρωίας.
2251 786 2443 843 Const.
2486 801 2614 841 vero
2640 785 2693 848 5,
2731 786 2813 840 tit.
2843 785 2879 839 2
2903 784 3253 841 Novellarum
3294 788 3361 842 de
3388 789 3499 842 hu-

1918 877 2165 947 iusmodi
2214 877 2392 948 legato
2434 877 2609 931 dicit:
2651 874 2709 930 Si
2760 876 2854 946 qui
2905 873 3006 947 [id]
3052 890 3247 945 capere
3287 886 3341 930 et
3370 878 3504 932 dare

1921 968 2064 1037 jussi
2098 976 2249 1033 sunt,
2285 977 2379 1021 aut
2405 968 2562 1022 locus
2604 983 2667 1022 ex
2704 982 2814 1037 quo
2848 967 3205 1022 constitutum
3243 976 3326 1020 est
3359 968 3501 1029 dari,

1928 1060 1987 1115 in
2017 1059 2208 1114 eadem
2240 1069 2337 1114 aut
2361 1059 2541 1113 vicina
2591 1058 2873 1128 provincia
2904 1060 3035 1124 sint,
3069 1074 3137 1113 ne
3180 1074 3290 1129 quo
3339 1060 3502 1114 modo

1926 1152 2060 1206 illud
2095 1153 2399 1215 alienetur;
2434 1152 2519 1206 sin
2568 1151 2623 1205 in
2668 1152 3055 1206 remotioribus
3089 1152 3199 1205 sint
3232 1151 3498 1220 partibus,

1927 1244 2056 1300 licet
2085 1253 2322 1314 utroque
2354 1244 2729 1299 consentiente
2772 1243 3011 1297 vicinum
3043 1242 3324 1314 [aliquem]
3357 1244 3501 1297 redi-

1927 1343 2044 1397 tum
2076 1339 2302 1391 uberem
2350 1351 2531 1404 neque
2564 1336 2753 1390 multis
2782 1336 3227 1405 praestationibus
3261 1352 3498 1404 praegra-

1926 1437 2138 1490 vatum,
2165 1441 2291 1481 cum
2321 1428 2641 1481 accessione
2665 1425 2987 1495 quadrantis
3031 1426 3234 1480 relictae
3278 1426 3513 1495 quanti--

1926 1518 2079 1583 tatis,
2110 1533 2207 1587 pro
2238 1518 2333 1571 illo
2361 1517 2504 1586 capi.
2535 1516 2591 1570 Si
2623 1530 2754 1572 vero
2784 1518 3020 1571 vendere
3049 1516 3283 1587 legatum
3310 1516 3497 1581 velint,

1928 1624 1998 1661 ne
2043 1607 2227 1663 minus
2276 1608 2436 1678 pretii
2467 1608 2692 1662 nomine
2734 1607 2980 1677 capiant,
3011 1623 3174 1677 quam
3209 1623 3276 1662 ex
3322 1607 3500 1677 legato

1932 1713 2028 1767 per
2065 1698 2290 1768 triginta
2317 1698 2564 1767 quinque
2610 1713 2785 1751 annos
2814 1698 3141 1767 colligatur:
3187 1698 3262 1750 ita
3293 1705 3497 1758 tamen,

1930 1798 1991 1846 ut
2038 1791 2277 1860 pretium
2330 1789 2400 1844 ad
2449 1789 2743 1844 utilitatem
2797 1789 3125 1845 venerabilis
3158 1788 3375 1856 domus,
3410 1789 3499 1843 cui

1925 1883 2175 1939 relictum
2204 1891 2308 1945 est,
2349 1880 2625 1951 procedat.

1998 2037 2224 2093 Textus.
2258 2035 2453 2091 Const.
2493 2034 2586 2101 48,
2617 2035 2704 2089 tit.
2736 2034 2793 2101 5,
2827 2034 2924 2090 lib.
2952 2050 2991 2100 ι,
3024 2034 3100 2088 ait
3130 2052 3145 2089 :
3189 2032 3345 2099 Quod
3377 2033 3503 2103 quis

1925 2139 2079 2187 recte
2135 2128 2384 2200 captivos
2424 2128 2688 2198 [heredes
2730 2128 2965 2194 scribat,
3022 2127 3505 2197 hereditatemque

1924 2223 2220 2294 episcopus
2249 2230 2304 2277 et
2329 2236 2655 2277 (economus
2688 2220 2947 2282 civitatis,
2992 2221 3045 2273 in
3081 2234 3188 2289 qua
3227 2218 3503 2291 [testator]

1926 2316 2098 2371 larem
2141 2314 2297 2382 fovit,
2330 2314 2661 2382 suscipiant,
2698 2313 2794 2382 qui
2830 2320 2924 2366 aut
2953 2326 3139 2366 rerum
3175 2312 3371 2380 pretia,
3410 2321 3507 2365 aut

1930 2409 2300 2464 immobilium
2352 2408 2564 2463 reditus
2615 2407 2668 2459 in
2701 2404 3129 2473 redemptionem
3160 2404 3504 2474 captivorum

1928 2510 2296 2556 consumant:
2329 2509 2384 2554 et
2416 2496 2575 2569 [non]
2606 2504 2817 2551 retenta
2842 2495 3079 2550 Falcidia
3111 2495 3509 2549 convenianlur

1928 2600 2153 2664 propter
2187 2591 2391 2645 debita.
2424 2588 2515 2652 Et,
2540 2586 2736 2659 [quod]
2768 2601 3036 2655 pauperes
3070 2596 3220 2640 recte
3246 2586 3368 2655 quis
3397 2584 3509 2639 bae-

1929 2687 2086 2739 reiles
2116 2684 2343 2746 scribat,
2376 2698 2439 2735 ac
2472 2679 2633 2752 [tum]
2667 2682 2711 2735 si
2745 2695 2851 2732 non
2893 2679 3138 2738 deliniat,
3179 2693 3319 2747 quns
3370 2676 3507 2748 [hae-

1929 2776 2088 2829 redes
2122 2789 2244 2828 esse
2285 2770 2439 2843 velit]
2479 2771 2833 2825 xcnodorhus
2873 2771 3033 2840 116
3067 2771 3313 2839 ejusdem
3357 2769 3508 2826 urbis

1931 2867 2227 2921 facultates
2262 2863 2467 2933 capiat,
2510 2871 2564 2917 et
2591 2877 2657 2916 ex
2696 2862 3011 2916 venditione
3057 2861 3270 2914 illarum
3302 2861 3509 2914 reditus

1931 2966 2237 3029 comparet.
2278 2955 2335 3010 St
2364 2970 2495 3010 vero
2536 2954 2695 3008 multi
2731 2968 2973 3008 renones
3018 2954 3071 3007 in
3103 2952 3329 3005 civitate
3374 2952 3507 3011 sint.

1931 3049 2320 3122 pauperrimus
2372 3048 2497 3103 illas
2537 3046 2762 3116 capiat:
2800 3060 2922 3099 eam
2974 3042 3205 3115 [autem]
3249 3059 3363 3097 rem
3397 3045 3513 3112 epi-

1934 3159 2134 3214 scopus
2168 3151 2226 3198 et
2251 3144 2356 3198 sub
2388 3143 2511 3212 ipso
2544 3138 2829 3196 constituti
2860 3137 3046 3192 clerici
3080 3137 3397 3191 discutiant.
3439 3137 3510 3188 At

1933 3234 1980 3292 si
2012 3236 2213 3290 civitas
2246 3248 2518 3289 xenonem
2553 3248 2661 3285 non
2694 3232 2914 3294 habeat,
2951 3245 3039 3283 res
3070 3244 3167 3299 per
3193 3230 3509 3298 episcopum

1932 3340 2029 3385 aut
2060 3344 2409 3386 oeconomum
2439 3327 2491 3381 in
2528 3340 2796 3397 pauperes
2829 3325 3102 3394 alioquive
3153 3339 3355 3393 egenos
3402 3338 3511 3377 non

1932 3426 2145 3475 retenta
2176 3415 2422 3471 Falcidia
2444 3414 2870 3470 distribuantur.
2896 3414 2991 3467 Sin
3018 3421 3201 3467 autem
3225 3412 3278 3466 in
3303 3422 3509 3467 certam

1932 3525 2259 3584 personam,
2313 3506 2758 3564 venerabilemve
2805 3513 3013 3560 certam
3064 3505 3286 3560 domum
3334 3506 3512 3573 respi-

1932 3609 2087 3662 ciens
2116 3603 2443 3674 reliquerit:
2479 3602 2569 3655 illa
2610 3600 2725 3654 sola
2762 3600 2932 3670 capit,
2977 3614 3085 3652 non
3130 3599 3355 3652 subiens
3384 3597 3513 3651 Fal-

1931 3700 2157 3755 cidiam.
2223 3696 2457 3753 Constit.
2525 3708 2676 3747 vero.
2727 3692 2781 3745 5.
2835 3694 2923 3748 tit.
2970 3693 3007 3746 2
3059 3692 3406 3747 Novellarum
3458 3690 3510 3744 id

1932 3806 2199 3863 pauperes
2232 3805 2329 3861 per
2358 3790 2676 3860 episcopum
2706 3785 2965 3843 distribui
2984 3785 3084 3839 ait.

2004 4068 2070 4123 Et
2098 4075 2279 4124 const.
2305 4067 2394 4132 52,
2427 4065 2513 4119 tit.
2537 4064 2594 4131 2,
2622 4064 2717 4118 lib.
2752 4079 2793 4127 ι,
2829 4062 2957 4117 cod;
2989 4062 3088 4127 ait,
3129 4060 3275 4131 quod
3311 4058 3357 4114 si
3387 4058 3515 4129 quis

1935 4167 2197 4230 gravetur
2246 4157 2647 4212 substitutione
2691 4162 2789 4208 aut
2827 4153 3211 4217 restitutione,
3259 4150 3303 4204 si
3356 4152 3512 4203 liberi

1934 4266 2045 4307 non
2076 4250 2367 4313 exsistant,
2393 4262 2458 4301 ac
2494 4247 2689 4301 nolens
2733 4245 3151 4299 matrimonium
3190 4245 3516 4299 contrahere

239 4371 499 4441 ἄσκησιν,
530 4335 679 4438 μένει
702 4364 840 4435 ἔχων
863 4335 934 4416 τά
952 4335 1275 4433 πράγματα,
1301 4335 1627 4429 καὶ-δαπανᾷ
1652 4356 1827 4411 ταῦτα

1938 4342 2207 4413 suscipiat
2236 4344 2402 4396 vitam
2437 4339 2821 4402 monasticam,
2862 4352 2950 4391 res
2983 4335 3249 4409 [relictas]
3294 4336 3346 4388 in
3384 4350 3513 4405 per-

238 4428 543 4532 ﬂspthV,"d
580 4428 1089 4526 καταλιμπάνει-ὼς
1112 4428 1288 4517 θέλει,
1317 4451 1558 4515 εὐσεϐῶς
1604 4428 1822 4521 μέντοι.

1936 4446 2161 4507 petuutn
2197 4433 2432 4497 retineat
2463 4449 2477 4486 :
2522 4446 2588 4486 ac
2626 4431 2757 4485 dum
2796 4437 3069 4498 superest,
3104 4428 3368 4492 insumat,
3418 4436 3517 4481 aut

242 4558 305 4611 Εἰ
336 4555 397 4609 δὲ
425 4553 520 4606 καὶ
540 4551 644 4605 ὑπὸ
665 4551 875 4620 αἵρεσιν
894 4545 1237 4609 παιδοποιίας
1261 4543 1595 4614 καταλειφθῇ
1620 4543 1825 4610 αὐτοῖς,

241 4651 464 4719 ἔχουσιν
493 4643 624 4697 αὐτὸ
668 4643 763 4695 καὶ
812 4640 886 4710 μὴ
924 4636 1391 4699 παιδοποιοῦντες.
1438 4636 1512 4688 Τὸ
1566 4634 1698 4687 αὐτὸ
1734 4634 1830 4687 καὶ

242 4742 337 4794 ἐπὶ
375 4732 836 4808 παρθενευούσαις
858 4729 953 4784 καὶ
981 4730 1073 4782 ἐπὶ
1101 4731 1214 4791 τοῖς
1236 4728 1436 4797 γαμεῖν
1460 4725 1828 4794 κωλυομένοις

241 4828 551 4897 κληρικοῖς·
591 4825 623 4893 ἡ
652 4823 708 4875 δὲ
740 4822 782 4891 β’
815 4821 954 4875 διάτ.
988 4818 1083 4872 τοῦ
1114 4817 1164 4871 α’
1193 4819 1300 4871 τίτ.
1340 4816 1449 4869 τῶν
1484 4815 1714 4887 Νεαρῶν
1743 4813 1832 4866 λέ-

244 4937 331 4990 γει
355 4961 372 4986 ,
404 4919 486 4971 ὅτι
526 4917 555 4969 6
600 4914 976 4986 βεϐαρημένος
1017 4911 1239 4982 ληγάτῳ
1278 4909 1312 4982 ἢ
1350 4908 1828 4973 ἀποκαταστάσει,

243 5011 355 5066 ὑπὸ
386 5010 596 5079 αἵρεσιν
632 5007 811 5076 γάμου
837 5006 871 5075 ἦ
900 5003 1160 5067 ἀπαιδίας
1183 5040 1200 5067 ,
1232 5002 1267 5071 ἢ
1307 5000 1404 5054 ἐὰν
1442 4999 1586 5054 οὕτω
1607 4999 1828 5071 δωρηθῇ

242 5103 279 5172 ἢ
325 5100 463 5171 ἐαθῇ
504 5116 644 5162 τινι,
695 5097 790 5151 καὶ
835 5095 1061 5165 γένηται
1106 5092 1402 5164 κληρικὸς,
1436 5091 1470 5162 ἢ
1501 5091 1768 5161 μοναχὸς,
1796 5090 1831 5162 ἢ

245 5192 599 5255 ὃιακόνισσα,
633 5188 666 5260 ἢ
698 5188 1009 5258 ἁσκήτρια’,
1059 5184 1344 5239 σϐέννυται
1374 5185 1411 5255 ἡ
1441 5183 1832 5237 ἀποκατάσταο

250 5299 376 5347 σις’
425 5282 539 5336 ἀλλ’
583 5282 676 5333 ἐπὶ
725 5280 823 5349 μὲν
855 5277 964 5331 τῶν
1011 5275 1292 5347 κληρικῶν
1335 5276 1433 5331 καὶ
1477 5274 1832 5328 διακονισσῶν

246 5375 361 5430 τῶν
390 5374 715 5446 ἐκκλησιῶν,
747 5372 836 5424 ὅτε
864 5371 1023 5441 μέχρι
1051 5370 1151 5439 τῆς
1187 5368 1325 5432 ιδίας
1351 5367 1498 5437 ζωῆς
1527 5369 1637 5430 τοῖς
1661 5366 1835 5420 τοιού-

249 5484 369 5531 τοις
396 5466 724 5535 ὲπιμένοιεν,
766 5462 860 5514 κα)⁹
890 5461 960 5515 τὰ
989 5459 1094 5513 ὑπὸ
1130 5457 1387 5527 τοιαύτην
1419 5457 1631 5527 αἵρεσιν
1654 5455 1834 5526 δωρη‹

252 5559 419 5612 θέντα
457 5557 492 5629 ἢ
536 5551 967 5621 καταλειφθέντα
994 5589 1010 5617 ,
1059 5549 1298 5612 εὐσεϐῶς
1341 5548 1748 5618 δαπανήσουσιν
1799 5545 1833 5617 ἢ

255 5647 669 5703 καταλίπουσιν.
703 5645 768 5697 Οἱ
812 5643 921 5713 γάρ
952 5642 1178 5712 μοναχοὶ
1209 5641 1303 5693 καὶ
1345 5640 1644 5709 άσκήτριαι
1671 5676 1690 5709 ,
1730 5638 1838 5690 κᾶν

253 5741 370 5793 τῶν
396 5735 976 5810 μοναστηρίωναὺτῶν
1004 5732 1313 5799 ὲξέλθωσιν,
1339 5732 1487 5802 ὅμως
1515 5730 1584 5784 τὰ
1615 5728 1837 5783 τοιαῦτα

1932 4524 2208 4594 relinquat
2238 4521 2518 4592 quomodo
2546 4520 2683 4583 vult,
2729 4518 3030 4573 dummodo
3076 4519 3131 4571 in
3182 4518 3302 4587 pios
3358 4533 3513 4572 usus.

1933 4613 2137 4688 [Quod]
2177 4614 2389 4669 etiamsi
2437 4612 2543 4667 sub
2587 4612 2899 4666 conditione
2934 4610 3409 4679 suscipiendorum
3450 4609 3517 4663 li-

1933 4712 2193 4787 berorum
2224 4710 2333 4763 illis
2357 4708 2607 4762 relictum
2640 4708 2710 4760 sit
2734 4704 2987 4777 [aliquid]
3037 4704 3091 4759 id
3141 4704 3395 4769 habeant,
3435 4712 3516 4757 ta-

1934 4804 2097 4859 metsi
2141 4803 2343 4858 liberos
2376 4817 2489 4856 non
2526 4801 2855 4868 suscipiant.
2886 4797 2974 4868 [Et
3000 4796 3170 4868 quod]
3201 4797 3304 4851 hoc
3334 4796 3514 4866 ipsum

1938 4894 2237 4969 [obtineat]
2269 4901 2324 4949 et
2357 4894 2412 4947 in
2440 4891 2743 4963 virginitati
2776 4891 3060 4945 servandae
3093 4888 3371 4943 obstrictis
3404 4903 3519 4941 mu-

1936 4988 2186 5055 lieribus,
2218 4997 2273 5043 et
2313 4987 2370 5041 itt
2420 4984 2834 5041 matrimonium
2870 4982 3197 5037 contrahere
3225 4979 3525 5050 prohibitis

1935 5082 2172 5137 clericis.
2211 5079 2443 5136 Constit.
2480 5077 2537 5140 2,
2584 5076 2683 5132 lib.
2712 5092 2731 5131 ι
2770 5072 3118 5129 Novellarum
3158 5072 3313 5137 dicit,
3348 5072 3521 5141 quod,

1938 5172 1984 5227 si
2016 5171 2221 5242 legato,
2250 5178 2345 5225 aut
2376 5167 2725 5223 restitutione
2754 5174 3014 5237 gravatus
3058 5165 3161 5219 sub
3201 5163 3522 5217 conditione

1938 5263 2275 5332 nuptiarum,
2320 5261 2403 5314 vel
2458 5260 2505 5314 si
2559 5258 2717 5312 liberi
2771 5272 2881 5311 non
2923 5257 3211 5321 exsistant,
3259 5255 3525 5320 clericus,

1939 5352 2266 5416 monachus,
2298 5350 2638 5412 diaconissa,
2674 5346 2756 5401 vel
2807 5345 3039 5401 ascetria
3083 5342 3201 5409 ﬁat,
3241 5341 3529 5397 restitutio

1937 5450 2347 5519 exstinguatur.
2400 5442 2467 5497 Et
2498 5441 2688 5514 [quod]
2732 5440 2916 5495 clerici
2960 5454 3026 5493 ac
3067 5436 3393 5492 diaeonissa:
3434 5448 3531 5487 eor

1938 5541 2256 5604 clesiarum,
2286 5537 2507 5608 quando
2540 5550 2716 5606 usque
2757 5533 2822 5587 ad
2857 5532 3019 5587 linem
3048 5530 3173 5584 vita:
3215 5544 3329 5584 sua:
3359 5527 3414 5581 in
3450 5526 3532 5580 iis»

1940 5632 2370 5704 permanserint,
2409 5630 2514 5685 sub
2550 5628 2650 5682 hac
2695 5625 3014 5681 conditione
3057 5622 3260 5677 donata
3302 5619 3387 5673 vel
3432 5632 3517 5672 re-

1942 5726 2093 5791 licta,
2124 5724 2180 5779 in
2212 5726 2334 5794 pios
2369 5738 2502 5778 usus
2548 5722 2824 5777 insumere
2868 5723 2964 5774 aut
3010 5714 3320 5783 relinquere
3369 5719 3520 5780 pote:
