4122 6484
320 406 429 472 577

1175 403 1580 466 SYNTAGMA
1623 401 2015 467 CANONUM.
2053 427 2119 438 -
2160 401 2309 466 ΤΙΤ.
2348 403 2432 466 ΙΙ.
2468 403 2627 465 CAP.
2674 404 2758 465 II.

3497 408 3606 473 578

317 523 523 595 ὁρᾶται
574 520 950 593 πραττόμενον
1016 520 1277 593 σήμερον.
1342 523 1501 586 Τινές
1568 522 1678 594 γὰρ
1744 523 1914 592 ὄνομα

2020 519 2245 591 geritur.
2273 519 2528 577 Nonnulli
2568 521 2714 577 enim
2767 518 2883 575 suis
2914 516 3119 588 copiis,
3161 526 3216 573 et
3249 517 3602 575 facultatibus

328 613 701 685 μοναστηρίου
738 616 860 679 ταῖς
884 615 1114 678 οἰκείαις
1151 617 1497 691 περιουσίαις
1525 617 1621 669 καὶ
1652 616 1921 687 ὑπάρξεσι

317 705 702 777 περιθέμενοι,
741 707 836 761 καὶ
868 707 987 778 Θεῷ
1010 708 1367 778 καθαγιάζειν
1393 707 1597 772 ταύτας
1644 707 1920 778 ἐπαγγελ-

318 795 579 865 λόμενοι,
630 797 856 867 κυρίους
916 815 977 852 τε
1035 799 1147 855 τῶν
1218 801 1640 873 ἀφιερωθέντων
1694 804 1922 867 ἐαυτοὺς

318 888 731 959 ἀναγράφουσι,
773 891 871 944 καὶ
935 891 1072 963 μόνῃ
1121 894 1189 965 τῇ
1252 895 1598 966 προσηγορίᾳ
1642 895 1705 949 τὸ
1763 895 1920 949 Θεῖον

318 976 586 1044 ἀφοσιοῦν
617 978 1039 1047 ἐκμηχανᾶσθαι
1070 978 1420 1050 διεγνώκασι*
1466 981 1566 1053 τὴν
1614 980 1723 1052 γὰρ
1748 978 1921 1051 αὐτὴν

318 1068 615 1136 ἐξουσίαν,
661 1070 757 1123 καὶ
803 1071 953 1142 μετὰ
993 1072 1094 1143 τὴν
1136 1074 1440 1142 ἀφιέρωσιν
1483 1074 1585 1126 οὐκ
1622 1073 1921 1146 ἐρυθριῶσι

323 1160 766 1231 σφετερίζεσθαι,
806 1162 987 1234 ἥνπερ
1067 1163 1213 1234 ἔχειν
1238 1165 1339 1219 οὐκ
1382 1166 1686 1219 ἐκωλύοντο
1715 1167 1917 1237 πρότε-

320 1268 445 1322 ρον.
502 1252 616 1307 Καὶ
666 1252 901 1325 τοσαύτη
948 1255 1217 1325 καπηλεία
1251 1257 1588 1327 προσετρίθη
1646 1256 1914 1329 τῷξπρά·

318 1356 521 1411 γματι,
555 1341 698 1396 ὥστε
736 1344 909 1399 πολλά
947 1343 1058 1399 τῶν
1090 1346 1527 1418 ἀφιερωθέντων,
1567 1348 1700 1420 παρ’
1737 1349 1916 1403 αὐτῶν

318 1450 386 1501 γε
446 1432 556 1489 τῶν
612 1436 1040 1507 ἀφιερωσάντων
1108 1438 1411 1510 καθορᾶται
1461 1442 1912 1513 πιπρασκόμενα,

321 1523 538 1593 θάμϐος
559 1525 695 1596 ὁμοῦ
736 1527 834 1580 καὶ
860 1529 1019 1597 μῖσος
1041 1530 1155 1593 τοῖς
1182 1530 1386 1601 ὁρῶσιν
1412 1534 1791 1604 παρεχόμενα·
1817 1535 1915 1589 καὶ

318 1616 382 1669 οὗ
417 1616 580 1686 μόνον
611 1617 713 1672 οὐκ
760 1618 912 1672 ἐστιν
957 1620 1143 1685 αὐτοῖς
1183 1623 1538 1693 μεταμέλεια,
1572 1625 1659 1694 ἐφ’
1698 1620 1781 1689 οἷς
1801 1625 1913 1681 τῶν

320 1701 475 1769 ἅπαξ
535 1704 976 1777 ἀνατεθειμένων
1038 1708 1159 1779 Θεῷ
1217 1710 1318 1782 τὴν
1385 1712 1638 1779 ἐξουσίαν
1695 1716 1909 1778 ἑαυτοῖς

318 1795 892 1866 ἐπιτρέπουσιν,ἀλλὰ
915 1800 1012 1854 καὶ
1040 1802 1252 1873 ἐτέροις
1278 1804 1486 1875 ταύτην
1518 1805 1695 1870 ἀδεῶς
1732 1824 1910 1876 παρα-

318 1885 656 1957 πέμπουσιν.
694 1888 923 1960 Ὠρισεν
956 1890 1050 1946 οὖν
1097 1892 1187 1947 διὰ
1230 1894 1400 1949 ταῦτα
1433 1897 1466 1966 ἡ
1499 1896 1631 1965 ἁγία
1675 1896 1910 1962 σύνοδος,

321 1980 518 2053 μηδενὶ
545 1979 746 2047 ἐξεῖναι
778 1984 1140 2056 μοναστήριον
1173 1986 1500 2057 οἰκοδομεῖν,
1532 1987 1660 2041 ἄνευ
1688 1991 1791 2060 τῆς
1818 1990 1912 2042 τοῦ

319 2073 625 2128 ἐπισκόπου
657 2074 882 2147 γνώμης
904 2078 1003 2131 καὶ
1032 2078 1247 2150 βουλῆςο
1273 2080 1488 2134 ἐκείνου
1522 2082 1581 2135 δέ
1615 2084 1914 2148 συνειδότος

319 2167 417 2220 καὶ
443 2166 858 2238 ἐπιτρέποντος,
889 2168 985 2223 καί
1009 2168 1109 2239 τὴν
1139 2170 1500 2242 ὀφειλομένην
1537 2172 1915 2237 ἐπιτελοῦντος

319 2256 490 2329 εὐχὴν
523 2257 602 2321 ώς
626 2259 752 2321 τοῖς
789 2258 960 2314 πάλαι
989 2259 1257 2330 θεοφιλῶς
1293 2262 1732 2335 νενομοθέτηται,
1769 2264 1912 2318 οἰκο-

316 2347 606 2420 δομεῐσθαι
627 2348 729 2419 μὲν
751 2347 812 2403 τδ
843 2351 1209 2422 μοναστήριον
1234 2368 1250 2381 °
1291 2352 1434 2423 μετά
1467 2354 1688 2409 πάντων
1720 2355 1778 2409 δέ
1803 2354 1913 2408 τῶν

316 2438 473 2511 αὐτῷ
520 2440 905 2512 προσηκόντων
944 2442 1043 2495 σὺν
1092 2442 1242 2515 αὐτῷ
1283 2444 1481 2517 ἐκείνῳ
1513 2445 1716 2518 βρεϐίῳ
1748 2447 1914 2515 ἐγκα-

316 2531 728 2603 ταγρᾴφεσθαι,
752 2533 847 2587 καὶ
882 2535 998 2597 τοῖς
1020 2535 1400 2600 ἐπισκοπικοτς
1435 2536 1680 2609 ἀρχείοις
1715 2540 1914 2593 ἐναπο-

316 2623 589 2678 τίθεσθαι⁶
625 2624 890 2695 μηδαμῶς
932 2625 1118 2680 ἄδειαν
1155 2627 1373 2698 ἔχοντος
1403 2630 1499 2683 τοῦ
1537 2629 1911 2700 ἀφιεροῦντος,

316 2712 477 2784 παρά
499 2712 726 2786 γνώμην
747 2714 841 2770 τοῦ
864 2716 1186 2783 ἐπισκόπου,
1203 2718 1394 2773 ἐαυτδν
1411 2719 1713 2790 ἡγούμενον
1736 2720 1769 2791 ἢ
1795 2721 1911 2774 ἀνθ’

317 2804 518 2859 ἐαυτοῦ
549 2805 737 2877 ἕτερον
786 2807 1068 2879 καθιστᾷν.
1100 2810 1162 2862 Εἰ
1191 2810 1299 2880 γὰρ
1320 2810 1465 2881 ἅπερ
1506 2828 1591 2875 τις
1643 2811 1913 2883 ἀνθρώπῳ

317 2895 633 2966 χαρίζεται,
657 2897 864 2952 τούτων
901 2899 1088 2955 οὐκέτι
1122 2900 1313 2972 κύριος
1352 2899 1490 2957 εἰναι
1513 2903 1756 2971 δύναται,
1794 2904 1913 2969 πῶς

318 2986 469 3060 ἅπερ
506 3006 592 3051 τις
637 2988 758 3061 Θεῷ
802 2990 1128 3059 καθαγιάζει
1174 2994 1270 3047 καὶ
1333 2996 1652 3066 ἀνατίθησι,
1706 2997 1913 3052 τούτων

319 3078 672 3152 ὑφαρπάζειν
699 3083 799 3155 τὴν
848 3084 1150 3156 κυριότητα
1195 3088 1770 3161 παραχωρηθήσεται;

1938 1850 1987 1911 Β

2027 629 2222 668 nomen
2256 613 2573 668 monasterii
2604 613 2969 683 iinponentes,
3004 621 3057 666 et
3090 626 3183 665 eas
3217 611 3329 665 Deo
3353 613 3601 667 sanetiti—

2024 721 2151 761 care
2194 706 2534 775 proﬁtentes,
2588 719 2648 760 se
2687 718 2879 758 eorum
2934 718 3056 773 quae
3097 712 3226 757 sunt
3276 714 3599 759 consecrata

2023 798 2282 852 dominos
2318 813 2443 853 esse
2474 798 2803 862 inscribunt,
2836 804 2891 851 et
2926 796 3043 851 sola
3086 798 3453 866 appellatione
3490 798 3604 853 Deo

2022 887 2273 941 dedicare
2304 886 2607 941 machinari
2625 887 3004 940 decreverunt.
3044 884 3301 940 Eamdem
3329 887 3476 941 enim
3501 903 3601 957 po-

2025 987 2275 1034 testatem
2308 981 2472 1034 etiam
2515 987 2639 1048 post
2677 979 3149 1033 consecrationem
3187 979 3289 1031 sibi
3329 994 3600 1049 usurpare

2024 1085 2133 1126 non
2165 1072 2522 1136 erubescunt,
2568 1086 2731 1140 quam
2776 1072 2929 1140 prius
2968 1070 3165 1124 habere
3196 1084 3305 1124 non
3332 1071 3597 1125 vetaban-

2022 1170 2114 1216 tur
2148 1176 2166 1215 :
2198 1171 2253 1218 et
2280 1171 2429 1217 tanta
2468 1162 2547 1216 rei
2580 1162 2908 1231 cauponatio
2938 1161 3179 1214 adhibita
3211 1170 3316 1224 est,
3342 1170 3403 1215 ut
3425 1163 3597 1217 multa

2021 1269 2215 1310 eorum
2249 1269 2368 1323 qua:
2394 1262 2524 1309 sunt
2564 1262 2906 1317 consecrata,
2939 1253 3007 1306 ab
3043 1253 3127 1307 his
3161 1254 3296 1321 ipsis
3326 1256 3421 1322 qui
3461 1269 3596 1309 eon-

2020 1354 2315 1401 secrarunt
2352 1346 2569 1401 vendita
2611 1354 2926 1410 cernantur,
2964 1354 3021 1399 et
3065 1346 3509 1411 admirationem,
3543 1354 3597 1399 et

2016 1440 2201 1493 odium
2235 1439 2305 1494 iis
2330 1439 2428 1509 qui
2459 1455 2522 1494 ea
2547 1440 2734 1494 vident
2763 1438 3044 1493 aﬂ'erentia
3077 1455 3090 1491 :
3124 1448 3175 1493 et
3204 1447 3413 1493 tantum
3439 1439 3596 1493 abest

2016 1541 2077 1584 ut
2114 1531 2281 1585 ullam
2333 1540 2497 1600 agant
2541 1531 2920 1599 paenitentiam
2970 1530 3041 1584 ob
3092 1529 3166 1593 id,
3211 1531 3358 1599 quod
3401 1546 3594 1585 eorum

2014 1639 2139 1693 qua:
2166 1624 2274 1677 Deo
2301 1623 2462 1692 119
2485 1623 2734 1677 dedicata
2766 1633 2915 1687 sunt,
2945 1622 3048 1677 sibi
3081 1631 3404 1691 potestatem
3436 1620 3595 1675 attri-

2014 1713 2205 1778 buant,
2237 1720 2298 1766 ut
2321 1713 2486 1767 etiam
2517 1727 2640 1769 eam
2686 1712 2752 1767 ad
2786 1713 2923 1768 alios
2956 1713 3078 1768 sine
3120 1724 3267 1766 metu
3314 1710 3597 1766 transmit-

2014 1810 2151 1857 tant.
2202 1803 2497 1872 Propterea
2546 1818 2678 1875 ergo
2731 1814 2919 1859 sancta
2970 1804 3177 1859 deliniit
3225 1804 3486 1875 synodus,
3534 1811 3596 1855 ut

2016 1895 2221 1948 nemini
2272 1894 2434 1950 liccat
2467 1896 2868 1951 monasterium
2914 1896 3184 1951 aediﬁcare
3228 1896 3435 1965 absque
3473 1894 3591 1963 epi-

2016 1986 2168 2055 scopi
2200 1986 2499 2051 sententia,
2545 1997 2599 2042 et
2637 1987 2888 2041 consilio.
2921 1986 3020 2041 Illo
3063 1995 3244 2041 autem
3281 1987 3509 2048 sciente,
3537 1993 3593 2037 et

1970 2120 1973 2123 λ
2014 2076 2381 2145 permittente,
2422 2085 2478 2131 et
2519 2092 2640 2132 eam
2672 2092 2836 2147 quam
2871 2077 3033 2131 debet
3080 2076 3384 2131 orationem
3427 2089 3592 2144 pera-

2015 2175 2198 2237 gente,
2228 2177 2289 2224 ut
2332 2168 2402 2223 ab
2440 2168 2682 2237 antiquis
2707 2168 2797 2238 pie
2836 2183 2901 2223 ac
2946 2169 3200 2239 religiose
3234 2178 3455 2222 cautum
3486 2174 3594 2229 est.

2015 2259 2417 2315 monasterium
2444 2258 2668 2328 quidem
2693 2259 2995 2314 aediﬁcetur
3019 2276 3033 2313 :
3056 2259 3241 2313 omnia
3264 2268 3445 2313 autem
3470 2274 3595 2328 qua:

2014 2351 2082 2405 ad
2127 2351 2307 2421 ipsum
2334 2351 2634 2422 pertinent,
2673 2365 2797 2405 cum
2829 2351 2922 2405 illo
2956 2351 3076 2420 ipso
3119 2350 3173 2404 in
3210 2350 3361 2405 brevi
3394 2349 3592 2404 inscri-

2014 2443 2235 2509 bantur,
2283 2451 2337 2498 et
2393 2443 2449 2498 in
2498 2442 2907 2513 episcopalibus
2953 2442 3193 2496 archivis
3236 2450 3595 2510 reponantur,

2014 2535 2166 2591 nullo
2203 2535 2368 2590 modo
2403 2544 2734 2605 potestatem
2778 2534 3012 2589 habente
3050 2548 3116 2588 eo
3146 2534 3238 2603 qui
3284 2544 3594 2596 consecrat,

2014 2643 2074 2683 se
2099 2626 2280 2698 ipsqu
2312 2626 2654 2696 praefectum,
2678 2627 2765 2681 vel
2807 2641 2907 2697 pro
2936 2642 2996 2682 se
3037 2627 3201 2685 alium
3232 2625 3591 2680 constituere.

2016 2717 2073 2773 Si
2100 2717 2247 2772 enim
2273 2731 2465 2771 eorum
2504 2730 2628 2786 quae
2669 2717 2794 2786 quis
2827 2715 3037 2771 homini
3070 2716 3301 2785 largitur
3334 2715 3592 2770 dominus

2014 2809 2252 2880 amplius
2281 2822 2404 2864 esse
2424 2821 2533 2861 non
2555 2816 2755 2876 potest,
2790 2807 3065 2876 quomodo
3090 2821 3280 2861 eorum
3314 2820 3435 2875 quae
3464 2806 3593 2875 quis

2013 2897 2128 2952 Deo
2160 2896 2494 2961 sanctiﬁcat,
2527 2906 2579 2951 et
2606 2895 2849 2961 dedicat,
2876 2894 2979 2951 sibi
3009 2894 3316 2949 dominium
3346 2894 3591 2964 arripere

2013 2990 2226 3044 siuetur
2245 2988 2270 3043 ?

387 3171 450 3227 t'.
501 3174 566 3226 Οἰ
597 3175 714 3237 τοῖς
772 3174 1006 3229 πάθεσιν
1058 3177 1287 3242 ἑαυτοὺς
1321 3179 1573 3244 ἐκδότους
1617 3181 1909 3252 παραστή-

2086 3197 2175 3253 10.
2216 3195 2317 3263 Qui
2350 3196 2567 3267 seipsos
2599 3194 2830 3250 tradunt
2861 3194 3029 3249 animi
3055 3191 3590 3263 perturbationibus,

319 3279 538 3330 σαντες,
595 3263 658 3318 οὐ
717 3264 878 3335 μόνον
905 3266 1004 3338 τὴν
1035 3266 1144 3320 ἀπὸ
1174 3270 1282 3322 τῶν
1337 3271 1496 3342 ἰερῶν
1554 3273 1797 3328 κανόνων
1828 3291 1911 3327 τι·

321 3354 542 3426 μωρίαν
576 3355 639 3409 οὐ
662 3356 1000 3427 φρίττουσιν,
1029 3359 1166 3413 ἀλλά
1197 3362 1291 3414 καὶ
1310 3362 1489 3416 αὐτῶν
1515 3364 1743 3418 ἐκείνων
1771 3382 1907 3419 κατ-

316 3446 603 3518 ορχεῖσθαι
687 3450 1074 3521 τετολμήκασι.
1136 3451 1463 3523 Στρεὸλοῦσι
1526 3458 1635 3527 γὰρ
1687 3457 1908 3522 αὐτοὺς,

318 3538 415 3592 καὶ
476 3538 613 3609 πρὸς
661 3539 724 3592 τὸ
781 3541 1027 3611 ἐμπαθὲς
1073 3542 1255 3598 αὐτῶν
1302 3546 1788 3617 ἀποκιὸδηλεύουσι
1812 3549 1908 3600 τοῦ

320 3625 652 3698 θελήματος,
702 3628 789 3683 ἵνα
833 3632 901 3701 τῇ
933 3633 1215 3706 φιλοτιμίᾳ
1261 3636 1361 3705 τῆς
1404 3636 1735 3706 ἐμπαθείας,
1764 3639 1909 3693 κατὰ

318 3717 413 3773 τὸν
447 3717 709 3788 Θεολόγον
738 3719 1061 3791 Γρηγόριον,
1094 3723 1170 3794 μὴ
1208 3724 1369 3794 μόνον
1395 3726 1687 3781 ἀνεύθυνον
1724 3728 1911 3792 αὐτοῖς

317 3804 443 3885 ᾗτδ
470 3808 663 3877 κακὸν,
704 3809 840 3867 ἀλλά
873 3812 968 3866 καὶ
998 3812 1140 3867 θεῖον
1172 3816 1469 3885 νομίζοιτο.
1503 3818 1608 3873 Τὸν
1630 3819 1737 3891 γὰρ
1769 3821 1909 3875 ἀπο-

322 3900 572 3955 στολικὸν
600 3902 804 3955 κανόνα
833 3904 926 3957 τὸν
966 3904 1216 3975 λέγοντα,
1248 3908 1448 3974 Σκεῦος
1480 3911 1715 3981 χρυσοῦν
1746 3911 1779 3983 ἢ
1813 3912 1911 3984 ἀρ-

320 3990 531 4063 γυροῦν
581 3992 862 4062 ἅγιασθέν,
899 3994 932 4066 ἢ
971 3995 1183 4067 ὀθόνην,
1232 3999 1418 4070 μηδεὶς
1453 3999 1534 4054 ἔτι
1584 4003 1665 4065 εἰς
1700 4004 1910 4059 οἰκείαν

291 4084 514 4157 ’χρείαν
546 4084 951 4157 σφετεριζέσθω
976 4102 991 4119 ο
1026 4091 1341 4162 παράνομον
1368 4093 1495 4163 γάρ’
1520 4095 1568 4147 εἰ
1602 4095 1661 4148 δέ
1684 4112 1769 4158 τις
1794 4113 1911 4165 φω-

298 4175 518 4248 ραθείη
542 4215 557 4241 ,
589 4177 939 4249 ἐπιτιμᾶσθω
977 4181 1287 4255 ἀφορισμῷ·
1316 4184 1505 4241 τοῦτον
1541 4186 1634 4241 οὖν
1664 4189 1745 4252 εἰς
1790 4205 1912 4243 συν-

319 4267 555 4338 ηγορίαν
590 4267 700 4323 τῶν
745 4271 964 4326 οἰκείων
1009 4278 1497 4345 παρανομημάτων
1536 4278 1911 4350 ἐκλαμϐάνον-

320 4375 434 4424 τες,
468 4359 531 4413 οὐ
555 4359 689 4429 φασὶ
721 4360 832 4415 δεῖν
856 4362 1231 4434 καθαιρέσεως
1260 4366 1445 4431 ἀξίους
1475 4368 1757 4440 κρίνεσθαι
1781 4372 1907 4435 τοὺς

320 4446 424 4518 τὴν
489 4448 793 4521 σεϐασμίαν
840 4452 941 4523 τῆς
978 4453 1145 4522 ἁγίας
1177 4456 1462 4529 τραπέζης
1519 4459 1771 4530 ἐνδυτὴν,
1827 4463 1910 4523 εἰς

321 4537 528 4593 οἰκεῖον
586 4540 791 4610 χιτῶνα
858 4542 892 4613 ἤ
961 4545 1042 4607 εἰς
1102 4545 1289 4616 ἐτερόν
1346 4565 1400 4601 τι
1427 4550 1536 4603 τῶν
1556 4551 1778 4622 ἀμφίων
1812 4570 1908 4623 με·

321 4628 858 4696 τασχηματίζοντας.
891 4630 968 4684 Οὐ
1017 4633 1124 4703 μὴν
1176 4633 1294 4687 ἀλλ’
1332 4636 1456 4691 οὐδὲ
1487 4638 1616 4702 τοὺς
1651 4639 1713 4691 τὸ
1750 4641 1907 4710 ἆγιον

324 4720 611 4791 ποτήριον,
662 4720 708 4774 ὣ
749 4722 847 4792 τῆς
876 4723 1133 4789 ἀσεϐείας
1166 4726 1181 4780 l
1216 4725 1366 4797 ἢτὸν
1399 4727 1596 4783 σεπτὸν
1621 4730 1825 4798 δίσκον,
1871 4732 1907 4806 ἢ

324 4810 395 4865 τὰ
428 4810 659 4876 ,τούτοις
704 4816 1087 4886 παραπλήσια,
1145 4816 1227 4881 εἰς
1285 4818 1424 4873 ἰδίαν
1478 4820 1907 4888 ἐκδαπανῶντας

325 4903 539 4976 χρείαν,
572 4903 606 4976 ἢ
637 4906 1124 4977 καταχραίνονταςο
1177 4911 1207 4963 ὁ
1248 4910 1358 4982 γὰρ
1386 4911 1567 4966 κανών
1616 4931 1751 4984 φησι
1780 4915 1907 4980 τοὺς

326 4997 408 5059 εἰς
442 4996 604 5050 τοῦτο
635 4998 1084 5068 περιπίπτοντας,
1114 5001 1405 5074 ἀφορισμῷ
1448 5005 1903 5073 καθυποϐἀλλειν,

325 5086 440 5141 ἀλλ’
468 5088 532 5141 οὐ
577 5087 895 5161 καθαιρέσει
939 5091 1276 5149 ἐδικαίωσεν.
1326 5095 1488 5150 Ἀλλά
1528 5097 1610 5163 τίς
1642 5098 1709 5154 ἂν
1772 5101 1905 5155 ἀνά-

329 5192 509 5248 σχοιτο
535 5179 632 5251 τῆς
659 5180 928 5253 τοσαύτης
960 5186 1362 5257 περιποιήσεως
1390 5188 1485 5242 καὶ
1502 5188 1819 5256 δυσσεϐείας
1844 5192 1907 5248 τὸ

332 5269 596 5339 μέγεθος;
646 5270 766 5335 τοῦςῗ
797 5273 907 5344 γὰρ
928 5274 1152 5339 κανόνος
1181 5277 1295 5340 τοῖς
1337 5277 1399 5332 τὸ
1431 5278 1594 5349 μόνον
1619 5281 1902 5350 ἀγιασθέν,

333 5361 412 5425 εἰς
436 5361 633 5434 χρῆσιν
661 5363 775 5417 ἀλλ’
803 5365 904 5418 οὐκ
928 5365 1008 5429 εἰς
1054 5366 1269 5422 τελείαν
1295 5368 1556 5442 ἁρπαγὴν
1586 5373 1904 5445 σφετεριζο-

334 5453 534 5523 μένοις,
589 5453 683 5509 τὸν
743 5455 1048 5528 ἀφορισμὸν
1099 5458 1549 5529 ἐπιπέμποντος,
1600 5464 1756 5518 αὐτοὶ
1812 5467 1907 5519 καὶ

330 5544 458 5611 τοὺς
510 5544 965 5618 καθαρπάζοντας
1035 5550 1130 5604 καὶ
1205 5551 1617 5623 ἱεροσυλοῦντας
1680 5557 1749 5612 τὰ
1799 5559 1909 5613 τῶν

336 5624 711 5707 ἀγίων,’Δγια,
730 5639 1074 5712 ἐλευθεροῦσι
1100 5642 1200 5712 τῆς
1226 5643 1623 5718 καθαιρέσεωςο
1654 5650 1749 5703 καὶ
1776 5653 1906 5713 τοὺς

338 5726 415 5791 εἰς
456 5727 761 5801 βρωμάτων
807 5731 1134 5805 ὑπηρεσίαν,
1174 5736 1297 5790 ὅσον
1340 5753 1404 5806 γε
1457 5740 1524 5810 τῇ
1575 5741 1661 5810 ἐφ’
1692 5742 1908 5807 ἑαυτοῖς

439 5841 486 5874 ³⁸
511 5842 670 5917 Greg.
697 5845 831 5903 Naz.
863 5857 1002 5905 orat.
1036 5848 1125 5917 54,
1158 5868 1211 5906 n.
1245 5851 1368 5906 54b.

2013 3304 2124 3343 non
2155 3287 2334 3342 solum
2361 3286 2509 3356 quod
2533 3301 2564 3339 a
2596 3285 2770 3340 sacris
2800 3283 3103 3339 canonibus
3136 3283 3434 3336 intentatur
3462 3297 3590 3351 sup-

2011 3378 2238 3449 plicium
2270 3391 2379 3431 non
2419 3377 2671 3439 horrent,
2713 3375 2807 3430 sed
2840 3375 2923 3429 eis
2961 3374 3125 3428 etiam
3171 3372 3436 3427 insultare
3467 3372 3589 3425 ausi

2012 3478 2163 3525 sunt.
2196 3468 2348 3538 Ipsos
2373 3467 2521 3521 enim
2561 3472 2860 3535 torquent:
2893 3474 2948 3519 et
2972 3463 3038 3519 ad
3075 3479 3231 3519 suam
3262 3462 3430 3517 animi
3464 3476 3589 3530 per-

1982 3574 1989 3582 '
2012 3558 2381 3613 turbationem
2407 3571 2598 3611 eorum
2624 3569 2843 3624 quoque
2868 3554 3205 3608 voluntatem
3230 3551 3540 3606 adulterant
3570 3569 3586 3606 :

2012 3656 2073 3702 ut
2104 3655 2324 3718 propter
2359 3644 2531 3699 animi
2554 3643 2640 3699 sui
2675 3650 2858 3697 motus
2890 3640 3378 3705 contentationem,
3410 3646 3471 3691 ut
3502 3638 3589 3691 in-

2010 3737 2132 3808 quit
2175 3734 2472 3805 Gregorius
2503 3732 2812 3808 Theplogus
2841 3729 2912 3796 “,
2941 3745 3049 3784 non
3082 3730 3261 3785 solum
3300 3729 3374 3783 sit
3395 3744 3587 3783 eorum

2010 3830 2217 3884 malum
2269 3825 2598 3883 correctioni
2650 3838 2761 3878 non
2818 3822 3140 3889 obnoxium,
3193 3822 3287 3877 sed
3340 3820 3575 3874 divinum

2012 3932 2231 3989 quoque
2276 3917 2648 3972 existimetur.
2695 3914 3073 3984 Apostolicum
3106 3914 3252 3967 enim
3295 3926 3589 3985 canonem,

2011 4012 2105 4082 qui
2132 4010 2267 4067 dicit
2302 4026 2317 4064 :
2352 4007 2463 4064 Vas
2488 4008 2742 4073 aureum,
2782 4007 2865 4061 vel
2899 4013 3241 4077 argenteum,
3280 4003 3594 4059 sanctiﬁca-

2011 4112 2151 4167 tum,
2185 4101 2273 4157 vel
2302 4099 2486 4156 velum
2518 4100 2750 4163 lineum,
2782 4112 2945 4153 nemo
2977 4098 3033 4150 i'n
3062 4112 3225 4152 suum
3257 4111 3416 4150 usum
3446 4096 3594 4165 acci-

2010 4196 2127 4267 piat
2153 4211 2168 4250 :
2193 4201 2277 4250 est
2301 4194 2446 4247 enim
2484 4201 2680 4262 praater
2710 4191 2880 4262 leges.
2916 4190 2974 4244 Si
3009 4190 3136 4259 quis
3176 4198 3358 4242 autem
3393 4188 3592 4256 depre-

2012 4288 2221 4343 hensus
2247 4283 2435 4346 fuerit,
2472 4282 2851 4353 segregatione
2880 4281 3162 4335 multetur.
3192 4278 3328 4332 Eum
3363 4278 3429 4331 ad
3458 4293 3589 4330 suo-

2012 4394 2136 4434 rum
2190 4377 2515 4432 delictorum
2562 4374 2932 4445 patrocinium
2981 4380 3348 4434 assumentes,
3398 4370 3589 4424 dicunt

2012 4485 2109 4525 eos
2152 4486 2261 4524 non
2303 4479 2558 4537 oportere
2597 4466 2831 4538 iudicari
2863 4463 3203 4533 depositione
3236 4462 3451 4532 dignos,
3493 4461 3587 4531 qui

2013 4562 2385 4619 venerandum
2404 4568 2606 4618 sanetae
2619 4572 2820 4614 mensae
2836 4557 3214 4611 indumentum
3238 4554 3291 4608 in
3310 4554 3587 4623 prapriam

2010 4659 2279 4721 tunicam,
2315 4655 2402 4711 vel
2437 4655 2492 4708 in
2527 4652 2749 4721 aliquod
2788 4649 2937 4704 aliud
2977 4646 3363 4702 vestimentum
3405 4654 3589 4699 trans-

2008 4748 2270 4804 formant.
2317 4745 2427 4802 Sed
2468 4757 2649 4812 neque
2691 4756 2788 4796 eos
2829 4738 2924 4809 qui
2959 4747 3208 4793 sanctum
3238 4735 3489 4801 calicem,
3517 4734 3590 4805 (ο

2007 4836 2410 4910 impietatem),
2440 4834 2525 4889 vel
2556 4832 2718 4902 120
2750 4830 3115 4885 venerabilem
3141 4827 3377 4893 discum,
3409 4826 3494 4881 vel
3520 4841 3586 4882 ea

2007 4944 2130 5002 quae
2152 4936 2283 4985 sunt
2308 4928 2376 4983 iis
2407 4925 2629 4991 similia,
2664 4924 2719 4978 in
2759 4921 3041 4993 proprium
3083 4934 3247 4975 usum
3278 4920 3585 4984 insumunt,

2008 5023 2090 5079 vel
2151 5019 2384 5092 pollunt.
2430 5016 2622 5071 Canon
2668 5015 2839 5079 enim,
2891 5013 3181 5083 inquiunt,
3234 5027 3329 5067 eos
3371 5012 3467 5083 qui
3528 5014 3583 5067 in

2009 5115 2113 5169 hoc
2131 5111 2404 5176 incidunt,
2427 5123 2550 5163 esse
2569 5106 2939 5176 segregationi
2963 5120 3072 5160 non
3099 5104 3428 5174 depositioni
3456 5105 3586 5161 sub-

2003 5201 2279 5276 jiciendos
2308 5214 2525 5270 equum
2558 5197 2796 5252 censuit.
2830 5195 2937 5251 Sed
2971 5195 3096 5266 quis
3124 5204 3286 5250 tanta:
3310 5196 3591 5266 perversi-7

2008 5294 2158 5359 tatis,
2189 5302 2245 5348 et
2270 5290 2566 5361 impietatis
2597 5287 3030 5358 magnitudinem
3068 5286 3241 5343 ferat?
3269 5287 3406 5343 Cum
3438 5288 3585 5343 enim

2007 5399 2210 5451 canon,
2240 5397 2337 5438 eos
2357 5382 2451 5452 qui
2477 5379 2626 5450 quod
2658 5379 2725 5433 ad
2764 5394 2925 5435 usum
2959 5378 3137 5435 solum
3173 5388 3254 5433 est
3277 5379 3588 5434 sanctiﬁca-

2009 5485 2223 5543 tum,et
2263 5475 2316 5530 id
2360 5488 2470 5528 non
2515 5470 2584 5526 ad
2620 5469 2916 5541 perfectam
2958 5471 3205 5541 rapinam
3245 5470 3349 5525 sibi
3410 5470 3587 5525 vindi-

2009 5577 2159 5634 cant,
2207 5564 2574 5638 segregationi
2620 5562 2913 5632 subjiciat,
2970 5562 3074 5632 ipsi
3119 5577 3213 5617 eos
3258 5561 3353 5631 qui
3398 5572 3588 5617 sancta

2011 5668 2331 5717 sanctorum
2363 5656 2605 5726 rapiunt,
2635 5664 2691 5711 et
2712 5654 2996 5720 sacrilegis
3032 5653 3285 5708 manibus
3309 5650 3585 5719 auferunt,

2012 5751 2354 5822 depositione
2389 5749 2624 5805 liberant
2657 5767 2670 5805 :
2701 5756 2878 5805 et°eos
2904 5747 2996 5818 qui
3023 5746 3093 5802 ad
3120 5746 3367 5802 ciborum
3396 5744 3593 5800 minis-
