4122 6484
583 426 688 489 579

1742 424 2006 487 ΡΠΟΤΙΙ
2044 426 2548 492 PATRIARCHE
2579 435 2688 497 CP.

3757 454 3861 517 580

585 534 809 597 tet-ium,
837 545 940 587 suo
980 532 1206 603 quidem
1244 541 1395 588 certe
1422 532 1653 602 judicio,
1691 536 2029 589 venerabiles
2064 535 2174 591 dis-

2279 542 2483 610 κρίσει,
2526 546 2653 609 τοὺς
2686 546 3019 618 σεϐασμίους
3041 550 3259 617 δίσκους
3296 553 3425 625 ἢτά
3469 553 3590 626 ίερά
3622 559 3858 629 ποτήρια

584 639 684 679 eos
724 631 780 678 et
818 638 1007 680 sacros
1043 625 1242 679 calices
1278 626 1604 694 inquinant,
1643 626 2000 695 deponendos
2026 626 2175 697 judi-

584 727 735 781 cant,
769 732 901 784 non,
938 718 1190 787 quamvis
1231 718 1303 772 sit
1342 728 1591 787 apertum
1625 718 1929 788 piaculum.
1969 729 2025 772 et
2067 719 2179 774 cla-

588 827 710 864 rum
735 818 839 875 est,
865 809 1009 880 quod
1026 810 1121 883 qui
1155 809 1268 862 baac
1295 807 1524 873 faciunt,
1558 824 1668 863 non
1702 809 1880 864 solum
1911 809 1968 863 in
2007 810 2176 878 depo—

584 904 875 967 sitionem,
912 902 1004 956 sed
1044 904 1099 955 in
1128 911 1387 955 extremae
1414 902 1578 955 etiam
1623 901 1925 972 impietatis
1967 901 2175 955 crimen

588 992 858 1047 incidunt.
894 991 961 1045 Et
995 990 1137 1044 idem
1175 990 1366 1044 statuit
1410 1001 1597 1045 sancta
1640 991 1906 1061 synodus,
1948 1006 2043 1047 eos
2079 990 2174 1061 qui

586 1083 842 1146 calicem,
890 1089 981 1135 aut
1013 1080 1253 1141 discum,
1305 1089 1399 1133 aut
1428 1080 1785 1148 fuscinulam,
1832 1091 1927 1143 aut
1968 1082 2173 1146 velum,

587 1184 682 1230 aut
705 1191 873 1230 unum
898 1175 1120 1242 aliquod
1155 1174 1209 1227 in
1238 1174 1397 1229 altari
1437 1187 1728 1230 sacrorum
1758 1181 1814 1228 et
1858 1183 2174 1229 sanctorum

588 1292 866 1343 vasorum,
911 1277 993 1332 vel
1043 1278 1523 1343 vestimentorum,
1569 1277 1637 1332 ad
1675 1276 1960 1348 proprium
2012 1292 2174 1331 usum

585 1368 835 1436 capiunt,
870 1366 953 1422 vel
1001 1368 1067 1420 ad
1108 1366 1403 1437 profanum
1438 1382 1597 1422 usum
1630 1375 1979 1434 convertunt,
2007 1366 2175 1422 abso-

584 1472 712 1528 luta:
743 1473 1072 1543 depositioni
1110 1473 1330 1542 subjici.
1371 1471 1487 1528 Hoc
1518 1475 1665 1528 enim
1706 1480 1790 1529 est
1829 1474 2119 1545 profanare
2159 1495 2173 1531 :

583 1564 718 1619 illud
746 1580 876 1619 vero
913 1565 1213 1634 surripere.
1249 1564 1359 1618 Eos
1398 1565 1620 1634 quidem
1651 1574 1835 1632 certe,
1875 1566 1971 1635 qui
2012 1578 2172 1620 extra

584 1658 790 1727 altarej,
820 1672 946 1712 vasa
986 1657 1237 1727 quaedam
1269 1663 1577 1728 segregata,
1605 1658 1687 1712 vel
1720 1666 1921 1723 vestes,
1955 1658 2059 1713 sibi
2088 1658 2174 1713 vel

584 1750 710 1804 aliis
740 1751 1005 1819 praebent,
1040 1763 1137 1803 eos
1169 1763 1346 1802 canon
1398 1763 1622 1819 quoque
1652 1758 1904 1820 segregat
1938 1766 1953 1804 :
1987 1758 2042 1804 et
2070 1766 2171 1806 nos

584 1859 693 1897 una
726 1858 943 1913 quoque
972 1858 1339 1913 segregamus.
1366 1842 1474 1896 Eos
1510 1851 1691 1895 autem
1722 1841 1813 1911 qui
1852 1841 2012 1911 plane
2044 1856 2170 1897 sur-

586 1932 814 2003 l-ipiunt,
837 1934 1227 2003 sacrilegorum
1261 1931 1703 1988 condemnationi
1726 1930 2075 1999 subiicimus.

2279 640 2752 709 καταμολύνοντας
2780 640 2813 713 ἦ
2854 642 3226 710 καταλύοντας
3246 689 3261 712 ,
3295 644 3689 718 ἀκαθαιρέτους
3750 652 3859 703 elc-

2279 730 2496 800 ἀγουσι,
2520 734 2697 787 καίτοι
2731 735 2966 805 φανεροῦ
2989 735 3392 806 καθεστηκότος
3421 738 3513 790 τοῦ
3532 738 3857 809 μιάσματοςε

2279 825 2374 879 καὶ
2422 825 2584 896 δῆλον
2618 826 2695 891 ὡς
2721 827 2772 880 οί
2800 826 2869 881 τά
2894 826 3124 882 τοιαῦτα
3172 830 3537 900 πράσσοντες,
3584 830 3645 883 οὺ
3699 830 3860 900 μόνον

2278 919 2674 992 καθαιρέσεως,
2717 918 2856 973 ἀλλά
2895 920 2993 974 καὶ
3028 921 3129 991 τῆς
3164 922 3402 992 ἐσχάτης
3442 921 3763 985 δυσσεϐείας
3786 922 3860 993 τῷ

2278 1012 2589 1083 ἐγκλήματι
2648 1011 3063 1083 περιπίπτουσι.
3140 1013 3342 1083 Διόπερ
3391 1012 3593 1084 ῶρισεν
3641 1014 3676 1084 ή
3733 1014 3862 1082 ἁγία

2280 1102 2516 1166 σύνοδος,
2548 1101 2677 1166 τοὺς
2697 1103 2759 1156 τὸ
2787 1102 2943 1171 ἅγιον
2970 1102 3254 1173 ποτήριον,
3288 1102 3322 1174 ἢ
3345 1102 3437 1155 τὸν
3459 1102 3641 1155 δίσκον
3662 1142 3679 1166 ,
3707 1101 3742 1173 ἢ
3767 1101 3861 1172 τὴν

2275 1192 2493 1258 λαϐίδα,
2524 1192 2558 1265 ἢ
2605 1194 2704 1265 τὴν
2733 1192 3039 1263 σεϐασμίαν
3088 1194 3333 1264 ἐνδυτὴν,
3368 1193 3401 1263 ἢ
3432 1192 3525 1246 τὸν
3569 1193 3863 1263 λεγόμενον

2276 1286 2436 1357 ἀέρα,
2467 1285 2499 1357 ἢ
2531 1287 2722 1349 ἁπλῶς
2750 1287 2878 1350 τοὺς
2906 1286 2965 1339 ἐν
3007 1304 3061 1339 τι
3098 1285 3208 1339 τῶν
3270 1286 3329 1339 ἐν
3369 1285 3448 1355 τῷ
3490 1284 3863 1357 θυσιαστηρίῳ

2281 1379 2443 1449 ίερῶν
2476 1380 2571 1432 καὶ
2605 1379 2778 1447 ἀγίων
2820 1378 3033 1432 σκευῶν
3066 1378 3102 1448 ἢ
3126 1378 3562 1448 ἀμφιασμάτων,
3604 1378 3685 1441 είς
3733 1377 3862 1430 ίδιον

2276 1472 2469 1543 κέρδος
2513 1473 2959 1543 ὑφαρπάζοντας,
3009 1471 3045 1542 ἢ
3082 1472 3163 1534 είς
3198 1473 3396 1542 χρῆσιν
3436 1468 3863 1541 ἀποχρωμένους

2276 1565 2531 1635 ἀνίερον,
2583 1565 2838 1618 παντελεῖ
2888 1563 3205 1634 καθαιρέσει
3247 1560 3775 1616 καθυποϐάλλεσθαιο
3803 1561 3864 1613 τὺ

2279 1657 2382 1727 μὲν
2431 1658 2541 1729 γάρ
2576 1658 2693 1710 ἐστι
2741 1656 3073 1727 βεϐηλῶσαι,
3101 1656 3163 1709 τὸ
3219 1654 3277 1708 δὲ
3326 1652 3662 1725 συλῆσαιτά
3710 1651 3861 1718 ἅγια.

2276 1747 2417 1812 Τοὺς
2474 1750 2657 1819 μέντοι
2715 1749 2783 1801 τὰ
2838 1748 3039 1815 ἔξωθεν
3086 1745 3181 1800 τοῦ
3247 1734 3636 1815 θυσιαστηρίου
3685 1743 3864 1812 ἀμφια

2276 1842 2678 1912 ἀφωρισμένα,
2737 1840 2771 1911 ἢ
2824 1840 2995 1911 σκεύη
3052 1839 3210 1906 τινὰ,
3257 1840 3340 1903 εἰς
3391 1839 3587 1909 χρῆσιν
3647 1836 3863 1907 ἀνίερον

2276 1932 2486 1996 ἑαυτοῖς
2520 1931 2554 2003 ἢ
2590 1932 2799 2003 ἑτέροις
2844 1930 3221 2001 παρέχονταςι,
3251 1929 3476 1993 τούτους
3498 1928 3594 1984 καὶ
3622 1930 3652 1982 ὑ
3684 1924 3862 1981 κανὼν

585 2024 862 2096 ἀφορίζει,
910 2024 1004 2077 καὶ
1055 2026 1221 2096 ἡμεῖς
1270 2022 1744 2095 συναφορίζομενο
1786 2023 1920 2087 τοὺς
1970 2021 2029 2076 δέ
2084 2021 2364 2088 παντελῶς
2416 2024 2881 2096 ἀφαρπάζοντας,
2927 2026 2995 2095 τῇ
3052 2022 3166 2078 τῶν
3218 2023 3514 2095 ἱεροσύλων
3578 2020 3847 2091 καταδίκῃ

587 2119 1097 2190 καθυποϐάλλομεν.

763 2209 956 2280 Cyrilli
975 2225 1039 2264 ea:
1069 2209 1305 2279 epistola:
1352 2208 1422 2263 ad
1456 2208 1721 2264 Damnum
1751 2226 1871 2280 cap.
1902 2208 1959 2263 2.

657 2301 955 2358 Pecuniam
1004 2312 1184 2357 autem
1221 2317 1345 2372 qua:
1370 2318 1466 2372 per
1512 2301 1771 2372 injuriam
1825 2302 1928 2372 ipsi
1977 2308 2167 2371 erepta

587 2402 691 2460 est,
721 2394 923 2464 duplici
957 2395 1183 2449 nomine
1213 2395 1262 2449 ei
1309 2394 1461 2449 reddi
1508 2410 1727 2465 aequum
1766 2402 1874 2451 est.
1917 2384 2163 2449 Primum

589 2487 808 2557 quidem
827 2486 973 2557 quod
1003 2502 1105 2543 nec
1135 2487 1241 2541 tale
1266 2488 1424 2556 121
1452 2487 1587 2557 quid
1619 2487 1848 2541 omnino
1869 2487 1983 2542 ﬁeri
2004 2501 2170 2557 opor-

591 2578 739 2630 tebat
790 2594 804 2630 :
835 2584 891 2629 et
920 2577 1065 2646 quod
1118 2575 1274 2631 valde
1300 2578 1441 2632 male
1472 2577 1636 2632 habet
1663 2592 1973 2647 magnaque
2001 2577 2169 2633 tristi-

587 2667 664 2722 tia
695 2667 860 2722 allicit
926 2667 1305 2724 sanctissimos
1334 2669 1624 2739 episcopos
1671 2670 1765 2739 qui
1808 2679 1937 2724 sunt
1968 2669 2172 2740 ubique

593 2768 892 2824 terrarum,
944 2759 1090 2829 quod
1131 2768 1453 2829 sumptuum
1487 2760 1583 2830 qui
1618 2759 1726 2813 illis
1754 2761 2016 2815 eveniunt
2058 2761 2173 2816 dis-

585 2851 927 2922 pensationis
961 2850 1102 2906 ratio
1130 2852 1199 2906 ab
1231 2852 1311 2907 eis
1339 2851 1613 2921 exigatur,
1646 2852 1762 2907 sive
1787 2868 1852 2907 ex
1879 2852 2173 2909 ecclesias-

589 2944 712 2999 ticis
740 2944 1071 3009 redditibus,
1112 2944 1228 3001 sive
1260 2960 1325 2998 ex
1361 2944 1549 3001 fructu
1608 2946 1832 3001 aliunde
1892 2956 2170 3017 percepto.

588 3037 989 3107 Unusquisque
1040 3039 1188 3093 enim
1230 3047 1481 3093 nostrum
1513 3038 1668 3093 dabit
1723 3053 1951 3095 suorum
2000 3040 2174 3093 malo—

588 3144 713 3183 rum
744 3130 1017 3184 rationem
1051 3129 1302 3183 omnium
1331 3129 1528 3198 judici.
1568 3128 1715 3186 Vasa
1754 3131 1900 3185 enim
1931 3132 2172 3202 pretiosa

587 3228 647 3275 et
677 3220 1060 3289 possessiones
1091 3220 1401 3275 immobiles
1431 3228 1647 3291 oportet
1715 3223 1923 3276 servari
1983 3219 2174 3276 Eccle-

591 3310 1031 3381 siis;episcopis
1074 3321 1254 3366 autem
1311 3312 1404 3381 qui
1440 3320 1573 3367 tunc
1622 3312 1889 3382 temporis
1926 3312 2172 3368 divinum

594 3402 969 3457 sacerdotium
1005 3404 1419 3468 administrant,
1461 3404 1818 3461 incidentium
1852 3417 2171 3477 sumptuum

591 3494 1063 3565 dispensationem
1090 3510 1283 3550 secure
1312 3495 1483 3550 credi.

665 3589 857 3645 Const.
894 3586 980 3652 17,
1008 3589 1092 3643 tit.
1149 3588 1206 3654 ‘2,
1243 3589 1337 3643 lib.
1375 3588 1498 3644 cod.
1531 3588 1628 3643 ait.
1661 3591 1806 3661 quod
1860 3590 1992 3647 dum
2024 3599 2178 3646 extra
2202 3585 2247 3647 C

591 3692 750 3734 sacra
785 3694 913 3733 vasa
949 3676 1117 3749 [alite]
1144 3694 1233 3733 res
1262 3677 1493 3732 mobiles
1523 3685 1675 3744 sunt,
1704 3695 1886 3734 rerum
1929 3696 2183 3737 necessa-

592 3770 798 3824 riarum
830 3769 1190 3824 immobilium
1222 3769 1277 3824 et
1316 3784 1598 3825 sacrorum
1634 3787 1892 3827 vasorum
1922 3773 2179 3829 alienatio

592 3868 760 3930 atque
794 3861 1098 3931 hypotbeca
1138 3870 1339 3916 cessat.
1375 3861 1439 3915 Et
1479 3871 1656 3918 const.
1683 3863 1775 3929 21,
1809 3863 2056 3935 ejusdem
2086 3865 2174 3919 tit.

592 3953 691 4014 ait,
724 3950 870 4020 quod
894 3951 985 4021 qui
1030 3968 1137 4006 non
1166 3967 1262 4022 per
1291 3968 1513 4008 causam
1555 3952 2002 4011 redimendorum
2042 3972 2181 4025 cap-

592 4045 828 4097 tivornm
863 4059 1017 4098 sacra
1047 4060 1177 4100 vasa
1207 4046 1289 4099 vel
1321 4042 1549 4101 donaria
1580 4048 1732 4113 emit,
1760 4058 1854 4103 aut
1901 4048 1955 4102 in
2003 4046 2179 4119 hypo-

587 4138 805 4191 thecam
860 4136 1126 4207 pignusve
1188 4138 1383 4207 capit,
1453 4139 1617 4193 etiam
1670 4140 1847 4208 pretio
1900 4140 2176 4195 excidat:

587 4240 761 4295 caque
794 4241 890 4296 per
916 4228 1230 4297 episcopos.
1281 4242 1619 4295 oeconomos,
1683 4234 1737 4284 et
1773 4246 2027 4285 vasorum
2078 4245 2178 4284 cu-

589 4318 785 4373 stodes
818 4318 1186 4384 vindicantur,
1220 4318 1436 4373 etiamsi
1465 4320 1701 4375 conﬂata
1736 4320 1845 4375 sint
1884 4337 1897 4373 :
1929 4329 2024 4375 aut
2054 4321 2179 4375 illo-

588 4424 708 4461 rum
741 4408 1032 4479 exigantur
1056 4410 1256 4478 pretia,
1285 4411 1330 4465 si
1372 4426 1477 4464 non
1505 4420 1879 4481 compareant.
1910 4411 2051 4467 Dicit
2080 4413 2174 4468 lib.

589 4514 743 4565 xvnt,
772 4500 853 4564 tit,
888 4500 938 4565 1,
966 4500 1077 4571 dig.
1108 4501 1198 4564 62,
1229 4502 1372 4572 quod
1408 4503 1499 4572 qui
1530 4506 1785 4559 nesciens
1816 4519 1933 4559 rem
1961 4520 2174 4559 sacram

588 4608 688 4661 pro
711 4592 922 4660 privata
959 4603 1264 4662 comparat,
1312 4593 1443 4649 licet
1490 4596 1731 4650 venditio
1785 4610 1894 4650 non
1965 4604 2167 4663 teneat,

590 4695 770 4738 tamen
812 4683 1129 4757 [actionem]
1160 4686 1424 4741 adversus
1452 4687 1801 4741 venditorem
1859 4687 2077 4752 habeat,
2116 4686 2172 4741 in

592 4785 819 4844 qantum
880 4776 1000 4844 ejus
1047 4776 1316 4839 interluit,
1383 4793 1452 4832 ne
1501 4778 1866 4847 deciperetur.
1908 4776 1975 4832 Et
2024 4776 2172 4850 [lib.]

591 4866 727 4920 Inst.
764 4882 819 4929 ιι,
856 4867 940 4921 tit.
981 4868 1036 4935 Ι,
1083 4868 1228 4933 dicit,
1256 4869 1401 4938 quod
1435 4885 1590 4925 sacra
1647 4885 1779 4925 vasa
1826 4880 1999 4938 nerine
2042 4869 2174 4923 alie-

594 4969 820 5018 nentur.
858 4973 1034 5027 neque
1064 4960 1396 5028 obligentur,
1423 4960 1529 5014 nisi
1572 4967 1793 5030 propter
1842 4959 2172 5030 redemptio-

588 5062 712 5101 nem
740 5048 1103 5116 captivorum.
1146 5048 1339 5105 Const.
1386 5057 1570 5104 autem
1617 5051 1664 5115 ι,
1722 5051 1805 5105 tit.
1834 5051 1871 5103 2
1918 5048 2173 5106 Novella-

589 5156 711 5193 rum
743 5140 918 5210 poenis
950 5140 1173 5209 subjicit
1211 5155 1329 5206 eos,
1365 5141 1455 5211 qui
1493 5156 1646 5195 sacra
1676 5156 1809 5196 vasa
1865 5154 2054 5197 contra
2095 5143 2175 5198 le-

588 5248 711 5303 gem
752 5244 974 5303 propter
1002 5232 1428 5305 redemptionem
1459 5234 1821 5304 captivorum.

664 5407 880 5463 Textus.
919 5409 1114 5465 Const.
1150 5412 1207 5477 2,
1228 5412 1471 5482 ejusdem
1499 5413 1585 5468 tit.
1612 5412 1767 5477 dicit,
1816 5423 1875 5467 ut
1915 5429 1981 5469 ne
2014 5428 2168 5469 sacra

585 5516 714 5559 vasa
749 5503 906 5573 122
950 5501 1210 5559 Ecclesiae
1240 5505 1886 5578 Constantinopolitanae,
1918 5517 2013 5562 aut
2056 5508 2173 5561 ubi-

583 5609 802 5665 cunque
823 5596 1246 5652 constitutorum
1275 5600 1642 5654 oratoriorum
1667 5599 1823 5654 aliter
1842 5600 2168 5664 vendantur,

585 5696 1037 5759 opponanturque
1057 5689 1461 5760 pignori,quam
1482 5707 1578 5761 pro
1598 5692 1939 5761 captivorum
1960 5693 2171 5746 redem-

585 5779 789 5847 ptione.
830 5778 973 5836 Sane
995 5781 1049 5836 si
1083 5782 1238 5852 plura
1273 5796 1400 5837 vasa
1446 5782 1589 5849 sint,
1632 5799 1754 5852 quae
1801 5784 2168 5837 necessarium

584 5869 678 5940 [de
708 5871 793 5942 se]
829 5888 987 5929 usum
1018 5891 1124 5931 non
1151 5875 1447 5945 praebcant,
1476 5884 1531 5931 et
1560 5876 1872 5944 usuveniat,
1906 5886 1965 5931 ut
1994 5876 2169 5945 aliqua

2206 2221 2253 2281 Β
2281 2206 2587 2275 Κυρίλλου
2614 2204 2683 2259 ἐκ
2708 2202 2817 2273 τῆς
2846 2202 2998 2287 πρὸς
3020 2202 3255 2273 Δόμνον
3274 2201 3608 2271 ἐπιστολῆς
3632 2218 3767 2272 κεφ.
3795 2202 3858 2275 β’.

2345 2300 2427 2354 Τά
2476 2298 2534 2352 δέ
2584 2298 2787 2360 ἀδίκως
2847 2294 3123 2367 ληφθέντα
3186 2286 3317 2364 παρ⁵
3348 2292 3513 2348 αὑτοῦ
3581 2295 3858 2365 χρήματα,

2274 2391 2602 2462 ἀναδοθῆναι
2654 2390 2864 2444 δίκαιον
2900 2389 3043 2443 κατὰ
3068 2388 3163 2442 δύο
3197 2386 3466 2457 τρόπους·
3504 2386 3727 2457 πρῶτον
3767 2386 3861 2456 μὲν

2274 2485 2356 2539 ὅτι
2378 2484 2497 2537 οὐδέ
2523 2484 2690 2555 ἐχρῆν
2706 2483 2844 2545 ὅλως
2862 2480 3114 2549 γενέσθαι
3130 2497 3183 2533 τι
3204 2478 3466 2543 τοιοῦτον,
3493 2479 3685 2532 καθότι
3706 2477 3861 2532 λυπεῖ

2279 2578 2521 2648 σφόδρα,
2567 2577 2663 2631 καὶ
2710 2576 2791 2639 είς
2840 2574 3080 2645 ἐσχάτην
3121 2573 3352 2643 ἀκηδίαν
3397 2571 3703 2643 καταφέρει
3741 2573 3861 2635 τοὺς

2277 2669 2628 2740 ἁπανταχόσε
2680 2667 2785 2737 γῆς
2818 2666 2980 2730 ὄντας
3014 2665 3470 2728 θεοσεϐεστάτους
3507 2664 3858 2729 ἐπισκόπους,

2275 2764 2337 2817 τὸ
2362 2761 2714 2817 ἀπαιτεῖσθαι
2737 2759 2929 2829 λόγους
2955 2759 3057 2829 τῆς
3099 2755 3413 2827 οἰκονομίας
3460 2758 3571 2812 τῶν
3623 2774 3861 2829 παραπι-

2280 2856 2530 2910 πτόντων
2590 2853 2778 2917 αὐτοῖς
2836 2849 3229 2921 ἀναλωμάτων,
3297 2853 3407 2905 εἴτε
3466 2852 3532 2904 ἐκ
3589 2851 3859 2922 προσόδων

2279 2945 2771 3017 ἐκκλησιαστικῶν,
2820 2942 2921 2996 εἴτ’
2967 2939 3061 2999 οὖν
3096 2944 3192 2999 καὶ
3237 2944 3345 2998 ἀπὸ
3365 2943 3468 3013 τῆς
3525 2960 3696 2996 τινων
3730 2959 3861 3013 καρ-

2280 3042 2581 3113 ποφορεαςο
2633 3040 2866 3103 ἕκαστος
2918 3038 3029 3110 γὰρ
3082 3036 3240 3109 ήμῶν
3283 3035 3394 3089 τῶν
3450 3035 3609 3089 ίδίων’
3693 3033 3863 3107 καιρῷ

2279 3134 2441 3187 δώσει
2494 3133 2649 3203 λόγον
2687 3133 2765 3204 τῷ
2802 3132 3023 3186 πάντων
3071 3131 3257 3201 κριτῇ.
3301 3126 3580 3199 Κειμήλια
3631 3128 3737 3197 μὲν
3764 3128 3862 3196 γὰρ

2290 3227 2384 3281 καὶ
2412 3227 2634 3298 κτήσεις
2659 3225 2972 3297 ἀκινήτους,
2994 3223 3372 3294 ἀνεκποιήτως
3396 3222 3518 3286 ταῖς
3549 3221 3862 3293 ἐκκλησίαις

2283 3315 2555 3381 σώζεσθαι
2594 3318 2701 3388 χρή
2723 3332 2738 3347 ·
2770 3313 3088 3387 θαρσεῖσθαι
3131 3312 3189 3367 δὲ
3220 3312 3348 3375 τοὺς
3374 3310 3519 3365 κατὰ
3544 3311 3744 3380 καιρὸν
3772 3310 3863 3381 τήν

2281 3409 2433 3463 θείαν
2488 3409 2774 3472 διέποντας
2833 3405 3173 3477 ἱερωσύνην,
3225 3403 3338 3457 τῶν
3404 3403 3863 3475 παραπιπτόντων

2280 3502 2652 3570 ἀναλωμάτων
2670 3500 2772 3571 τὴν
2793 3498 3128 3568 οἰκονομίαν.

2364 3591 2429 3645 Ἦ
2461 3590 2525 3655 ιζ’
2562 3589 2804 3654 διάταξις
2846 3588 2942 3642 τοῦ
2991 3587 3036 3659 β’
3091 3588 3198 3642 τίτ.
3227 3585 3321 3641 τοῦ
3352 3594 3403 3640 α’
3434 3585 3581 3656 βιϐλ.
3606 3586 3707 3640 τοῦ
3736 3585 3857 3641 κὼδ.

2283 3684 2470 3755 φησὶν,
2538 3683 2623 3738 ὅτι
2674 3681 2911 3752 κινητῶν
2980 3680 3227 3734 ὑπόντων
3286 3679 3489 3744 ἔξωθεν
3552 3679 3668 3734 τῶν
3712 3679 3862 3751 ίερῶν

2283 3774 2517 3837 σκευῶν,
2582 3773 2743 3843 ἀργεῖ
2799 3773 2909 3826 τῶν
2953 3771 3271 3840 ἀναγκαίων
3318 3771 3595 3841 ἀκινήτων
3630 3770 3860 3824 καὶτῶν

2281 3866 2463 3938 ἀρτων
2490 3869 2524 3936 ή
2559 3864 2846 3935 ἐκποίησις
2871 3863 2966 3917 καὶ
3016 3864 3049 3933 ή
3086 3862 3334 3934 ὑποθήκη
3360 3876 3375 3891 ⁶
3412 3863 3507 3916 καὶ
3537 3864 3569 3934 ή
3594 3869 3687 3916 κα¹
3729 3860 3858 3916 διάτ.

2279 3960 2375 4013 τοῦ
2412 3958 2580 4014 αὐτοῦ
2622 3959 2728 4012 τίτ.
2763 3957 2950 4029 φησὶν,
2979 3957 3060 4011 ὅτι
3085 3958 3115 4011 ό
3141 3956 3217 4028 μὴ
3243 3956 3311 4009 δι’
3353 3957 3662 4029 ἀνάρρυσιν
3709 3958 3861 4027 αίχμ-

2280 4052 2503 4106 αλώτων
2527 4053 2812 4122 ἀγοράζων
2857 4051 2981 4121 ίερά
3009 4051 3202 4121 σκεύη,
3234 4050 3267 4122 ἢ
3307 4050 3635 4121 ἀπλὼματα,
3672 4051 3705 4121 ἦ
3734 4050 3860 4119 λαμ-

2281 4138 2458 4193 ϐάνων
2489 4139 2570 4200 είς
2595 4138 2876 4208 ὑποθήκην
2919 4138 2953 4209 ἢ
2980 4140 3261 4210 ἐνέχυρον,
3292 4138 3385 4193 καὶ
3412 4139 3525 4193 τῶν
3553 4140 3734 4211 τιμῶν
3773 4138 3859 4193 καὶ

2278 4230 2372 4285 τοῦ
2402 4231 2600 4302 χρέους
2643 4231 2923 4296 ἐκπίπτει,
2966 4230 3061 4284 καὶ
3090 4228 3432 4283 ἐκδικοῦνται
3470 4229 3557 4283 διὰ
3597 4230 3709 4284 τῶν
3751 4231 3858 4283 ἐπι-

2281 4324 2499 4377 σκόπων
2541 4322 2637 4376 καὶ
2687 4322 2988 4391 οἰκονόμων
3027 4322 3123 4375 καὶ
3170 4320 3615 4391 σκευοφυλάκων,
3673 4322 3722 4375 εί
3773 4320 3858 4374 καὶ

2278 4415 2692 4485 ἐχωνεύθησαν’
2736 4412 2770 4485 ἢ
2812 4416 2908 4467 καὶ
2952 4413 3010 4467 αἱ
3055 4413 3213 4482 τιμαὶ⁵
3259 4412 3440 4466 αὐτῶν
3479 4413 3854 4474 ἀπαιτοῦνται.

2278 4504 2328 4557 εί
2384 4504 2460 4573 μὴ
2515 4503 2817 4572 φαίνονται.
2875 4503 3045 4572 Φησὶν
3070 4501 3213 4573 βιϐλ.
3262 4508 3331 4570 ιη’
3358 4501 3465 4556 τίτ.
3506 4488 3555 4556 αδ
3588 4503 3729 4558 διάτ.
3762 4502 3852 4572 ξβ’,

2274 4595 2358 4648 ὅτι
2380 4594 2481 4648 όέν
2510 4594 2706 4666 ἀγνοίᾳ
2731 4593 2792 4647 τὸ
2812 4593 2955 4665 ἱερὸν
2983 4592 3340 4655 ὡςίδιωτικδν
3368 4590 3680 4663 ἀγοράζων,
3698 4596 3744 4647 εί
3769 4594 3853 4646 καὶ

2280 4690 2355 4759 μὴ
2395 4687 2707 4742 συνίσταται
2748 4690 2782 4757 ή
2812 4687 3035 4757 πράσις,
3067 4688 3217 4756 ὅμως
3234 4686 3348 4756 ἔχει
3370 4687 3510 4740 κατά
3529 4685 3624 4739 τοῦ
3657 4689 3851 4759 πρᾶτον

2276 4780 2355 4842 είς
2376 4780 2513 4850 ὅπερ
2534 4778 2682 4849 αύτῷ
2701 4778 2917 4850 διέφερε
2939 4778 3014 4849 μὴ
3039 4778 3407 4850 ἀπατηθῆναιο
3430 4780 3525 4832 καὶ
3554 4779 3846 4833 Ἰνστιτουτ.

2277 4870 2365 4935 ιβ’,
2383 4868 2485 4922 τίτ.
2504 4872 2553 4921 α’
2570 4866 2854 4936 φησὶν,;ὅτι
2887 4867 2957 4921 τά
2980 4866 3099 4938 ίερά
3124 4866 3316 4938 σκεύη,
3338 4867 3463 4921 οὔτε
3492 4869 3849 4940 πιπράσκεται

2207 4938 2249 4993 D
2277 4953 2400 5007 οὔτε
2432 4953 2768 5021 ὑποτίθεται,
2789 4955 2835 5007 εί
2861 4954 2935 5024 μὴ
2957 4954 3043 5008 διὰ
3064 4954 3219 5008 λύσιν
3239 4938 3611 5027 αἰχμαλώτων
3630 4975 3643 4989 ⁸
3671 4959 3704 5029 ή
3731 4956 3782 5009 δὲ
3805 4946 3848 5008 α’

2274 5043 2413 5097 διάτ.
2445 5041 2540 5095 τοῦ
2584 5043 2631 5114 β’
2658 5044 2764 5097 τίτ.
2795 5044 2903 5097 τῶν
2933 5043 3163 5116 Νεαρῶν
3186 5086 3202 5112 ,
3231 5045 3528 5116 ἐπιτιμίοις
3570 5048 3849 5101 ὑποϐάλλει

2274 5136 2401 5199 τοὺς
2437 5134 2505 5189 τὰ
2529 5137 2649 5208 ίερά
2679 5136 2848 5209 σκεύη
2871 5135 3024 5209 παρά
3058 5137 3152 5191 τὸν
3190 5138 3359 5209 νόμον
3405 5139 3845 5211 ἐνεχυράζοντας,

2273 5229 2307 5299 ἢ
2333 5228 2671 5294 πωλοῦντας,
2706 5229 2738 5299 ἢ
2766 5230 3139 5300 χωνεύοντας,
3188 5230 3222 5302 ἢ
3273 5232 3651 5298 ἐκποιοῦντας,
3698 5233 3745 5285 εί
3777 5229 3845 5301 μὴ

2273 5321 2360 5374 διὰ
2390 5321 2947 5393 λύσινζαίχμαλὼτων.

2356 5412 2421 5466 Ἥ
2446 5414 2501 5468 δὲ
2525 5414 2570 5485 β’
2598 5415 2740 5469 διάτ.
2772 5417 2866 5470 τοῦ
2898 5416 3065 5469 αὑτοῦ
3088 5416 3195 5473 τίτ.
3241 5418 3428 5488 φησὶν,
3473 5417 3616 5471 ὥστε
3639 5416 3707 5469 τά
3732 5414 3842 5485 ἱερὰ

2278 5506 2445 5577 σκεύη
2472 5508 2570 5576 τῆς
2598 5509 2925 5579 Ἐκκλησίας
2958 5510 3603 5575 Κωνσταντινουπόλεως,
3634 5506 3841 5562 καὶτῶν

2274 5600 2606 5671 ὁπουδήποτε
2677 5603 2946 5673 κειμένων
2975 5603 3302 5674 εύκτηρίων,
3335 5603 3411 5674 μὴ
3435 5603 3608 5666 ἄλλως
3649 5599 3841 5672 πιπρά·

2278 5692 2499 5746 σκεσθαι
2546 5692 2580 5764 ἢ
2616 5694 2984 5762 ὑποτίθεσθαι,
3027 5696 3078 5748 εί
3110 5695 3185 5767 μή
3214 5697 3294 5760 είς
3336 5696 3633 5767 ἀνάρρυσιν
3684 5693 3835 5760 αίχμ-

2277 5783 2499 5839 αλώτων
2523 5800 2537 5815 ·
2568 5786 2691 5839 είδέ
2726 5785 2948 5841 πλείονα
2984 5782 3097 5842 εἷεν
3144 5787 3335 5859 σκεύη,
3371 5787 3639 5860 μηδεμίαν
3679 5783 3836 5848 ἀναγε-

2279 5875 2439 5930 καίαν
2481 5876 2739 5931 ποιοῦντα
2767 5878 2986 5949 χρῆσιν,
3023 5879 3204 5951 συμϐῇ
3232 5878 3290 5933 δέ
3336 5895 3460 5933 τινα
3486 5877 3592 5932 τῶν
3636 5871 3834 5941 εὑαγῶν
