4122 6452
311 372 413 439 581

1167 366 1572 427 SYNTAGMA
1617 365 2009 429 CANONUM.
2042 388 2112 401 -
2153 365 2301 427 ΤΙΤ.
2332 365 2417 427 II.
2448 365 2609 425 CAP.
2653 366 2737 425 II.

3490 363 3597 427 582

310 485 477 537 οἴκων
526 477 857 549 βαρύνεσθαι
913 476 1149 546 χρέεσιν,
1216 480 1265 531 εἱ
1326 478 1402 548 μὴ
1446 478 1688 545 ξῦπεστιν
1735 478 1896 549 ἕτερα
1924 520 1938 545 λ

2023 480 2396 534 venerabilium
2445 481 2709 534 domuum
2744 492 2852 532 mro
2884 476 3063 531 alieno
3096 486 3369 547 gravetur,
3405 494 3587 550 neque

311 573 512 644 κινητὰ
541 571 866 641 πράγματα,
909 568 969 632 ἐξ
1016 561 1091 621 ὧν
1128 568 1335 637 ὀφείλει
1376 568 1596 639 δοθῆναι
1625 569 1695 622 τὰ
1742 570 1904 640 χρέα,

309 665 469 721 ἄδεια
514 664 667 716 ἔσται
712 660 1111 729 συνισταμένης
1160 660 1415 731 πράξεως
1459 658 1735 730 ἀζημίως,
1782 663 1907 714 ὲπι-

311 758 519 811 σκόπου
572 756 670 825 μὲν
721 751 1073 815 ὲκποιοῦντος
1133 752 1291 821 παρὰ
1353 750 1435 822 τῷ
1506 751 1906 827 μητροπόλει-ῃ,

312 844 717 917 μητροπολίτου
745 842 803 896 δὲ
840 840 991 913 παρὰ
1037 839 1116 911 τῷ
1157 841 1272 911 ἰδίῳ
1307 841 1647 913 πατριάρχῃ,
1678 842 1750 897 τὰ
1786 843 1909 914 ἱερὰ

312 936 490 1006 σκεύη
531 934 602 988 τὰ
667 932 901 1004 περιττὰ
948 931 1126 994 ἄλλοις
1179 930 1438 1001 εὐαγέσιν
1495 934 1666 997 οἴκοις
1718 936 1910 1007 χρείαν

309 1026 500 1096 έχουσι
523 1025 729 1078 πωλεῖν
757 1023 789 1094 ἢ
818 1022 1081 1094 χωνεύειν
1127 1023 1223 1076 καὶ
1249 1024 1615 1094 πιπράσκειν,
1663 1026 1762 1080 καὶ
1808 1025 1910 1098 τὴν

311 1117 500 1171 αὐτῶν
532 1115 700 1186 τιμὴν
764 1116 845 1178 εἱς
902 1115 965 1169 τὸ
1026 1114 1190 1188 χρέος
1232 1116 1520 1189 παρέχειν,
1565 1116 1707 1173 ὥστε
1740 1120 1817 1192 μὴ
1841 1120 1911 1174 τὰ

311 1209 554 1279 ἀκίνητα
582 1207 945 1263 ὲκποιεῖσθαι.

389 1388 554 1455 Λέγει
583 1387 639 1439 δὲ
674 1386 816 1458 βιϐλ.
847 1385 919 1451 α’,
947 1387 1052 1442 τίτ.
1097 1388 1189 1460 ιη’,
1214 1389 1355 1443 διάτ.
1396 1394 1487 1456 ιγ’,
1527 1388 1611 1441 ὅτι
1644 1388 1694 1441 οἱ
1720 1389 1915 1459 ἄρχον.

311 1498 410 1544 τες
439 1479 774 1550 ἀναζητοῦσι
796 1480 925 1543 τοὺς
956 1480 1273 1552 ἱεροσύλους
1297 1498 1310 1512 ·
1337 1481 1430 1534 καὶ
1458 1480 1600 1551 βιϐλ.
1635 1480 1806 1546 ι’,τίτ.
1840 1481 1910 1551 β’,

313 1573 427 1642 δίγ.
459 1572 523 1635 δ’,
550 1573 635 1625 ὅτι
661 1572 730 1625 τὰ
767 1571 826 1638 ἐξ
853 1572 1159 1644 ἱεροσυλίας
1203 1574 1497 1644 κτηθέντα,
1527 1573 1587 1626 οὗ
1624 1572 1907 1644 διαιροῦν-

316 1682 412 1718 ται
436 1667 484 1717 οἱ
514 1663 878 1735 κληρονόμοι*
914 1664 1010 1717 καὶ
1034 1664 1173 1727 βιϐλ.
1198 1671 1249 1730 ι’,
1274 1665 1382 1719 τίτ.
1421 1671 1490 1728 α’,
1533 1663 1641 1733 δίγ.
1680 1671 1796 1730 κς¹,
1829 1665 1914 1719 ὃτι

317 1754 631 1825 ἀνισχύρως
661 1770 746 1817 τις
778 1754 1032 1825 ὁμολογεί
1057 1756 1381 1827 ἱεροσυλεῖν,
1413 1755 1512 1810 καὶ
1538 1755 1639 1826 οὐχ
1677 1756 1911 1827 ἁρμόζει

2015 579 2317 639 suppetant
2355 570 2478 624 alia:
2512 585 2600 624 res
2635 568 2889 633 mobiles,
2918 583 2982 621 ex
3022 568 3221 636 quihus
3248 582 3322 621 aes
3353 568 3592 624 alienum

2011 662 2147 716 solvi
2182 661 2378 717 debeat
2415 679 2430 717 :
2463 661 2698 715 facultas
2747 660 2873 726 erit,
2899 666 2957 713 ut
2987 666 3235 713 actorum
3272 674 3600 714 monumen-

2015 750 2084 804 tis
2114 748 2374 819 episcopo
2428 750 2721 815 alienantc,
2765 749 2907 818 apud
2967 749 3373 818 metropolitam
3413 765 3427 800 :
3484 765 3599 803 me-

2012 839 2269 909 tropolita
2298 854 2451 904 vero,
2487 838 2632 909 apud
2667 840 2836 908 ipsius
2868 840 3239 909 patriarcham
3270 840 3406 894 citra
3448 839 3603 894 dam-

2012 947 2143 987 num
2177 929 2465 996 confectis,
2502 931 2781 1002 superﬂua
2809 932 2933 987 aliis
2976 932 3384 988 venerabilibus
3429 932 3607 988 domi-

2016 1021 2139 1085 bus,
2181 1038 2303 1092 quae
2331 1020 2467 1093 [his]
2496 1037 2638 1090 opus
2688 1022 2914 1085 habent,
2946 1022 3276 1088 vendantur,
3326 1030 3423 1077 aut
3466 1037 3604 1077 con-

2012 1112 2212 1168 ﬂentur
2235 1154 2251 1180 ,
2285 1128 2349 1167 ac
2385 1109 2630 1186 [deinde]
2667 1113 2994 1177 vendantur,
3025 1114 3367 1183 pretiumque
3414 1128 3606 1169 eorum

2015 1213 2082 1268 ad
2121 1209 2530 1266 dissolvendum
2575 1225 2651 1265 tes
2688 1210 2927 1264 alienum
2982 1208 3321 1276 conleratur,
3372 1225 3443 1265 ne
3488 1210 3609 1264 illa-

2016 1319 2137 1359 rum
2176 1318 2267 1358 res
2298 1302 2610 1357 immobiles
2643 1302 2971 1355 alienentur.

2096 1395 2241 1450 Dicit
2278 1409 2443 1465 porro
2474 1393 2550 1449 lib
2590 1410 2630 1460 ι,
2667 1394 2749 1448 tit.
2798 1393 2886 1459 18,
2917 1393 3114 1464 digest.
3152 1392 3241 1456 15,
3280 1392 3424 1462 quod
3464 1407 3607 1461 prm-

2016 1487 2161 1543 sides
2186 1486 2514 1557 conquirere
2536 1486 2770 1540 debeant
2799 1486 3116 1556 sacrilegos.
3141 1484 3208 1538 Et
3233 1484 3328 1540 lib.
3355 1500 3412 1547 x,
3460 1483 3545 1538 Iit.
3572 1484 3609 1536 2

2015 1580 2210 1651 digest.
2245 1579 2301 1642 ι,
2341 1578 2490 1647 quod
2526 1593 2649 1647 quae
2687 1577 2975 1647 sacrilegio
3005 1579 3233 1647 quaesita
3285 1587 3435 1642 sunt,
3495 1578 3612 1631 ha!—

2015 1668 2177 1725 redes
2237 1666 2406 1741 [inter
2438 1664 2523 1739 se]
2575 1682 2684 1721 non
2716 1668 2979 1722 dividant.
3027 1665 3095 1721 Et
3146 1667 3245 1721 lib.
3279 1683 3403 1730 va,
3436 1667 3519 1721 tit.
3555 1666 3609 1733 1,

2016 1759 2217 1830 digest.
2257 1756 2355 1824 26,
2383 1758 2530 1828 quod
2562 1757 2805 1813 invalide
2830 1756 3107 1827 quispiam
3163 1772 3223 1812 se
3256 1756 3609 1826 sacrilegium

318 1848 389 1900 ἐκ
419 1846 611 1900 τούτου
640 1848 856 1918 ἀγωγή’
879 1846 976 1900 καὶ
996 1846 1137 1917 βιϐλ.
1178 1854 1294 1917 μη’,
1316 1847 1421 1902 τίτ.
1450 1847 1513 1914 δ’,
1549 1847 1692 1901 διάτ.
1725 1854 1795 1915 α’,
1826 1849 1910 1902 ὅτι

2023 1851 2285 1906 laetorum
2330 1850 2652 1921 promittat],
2686 1861 2849 1919 atque
2878 1849 3018 1919 |inde
3062 1851 3208 1903 actio
3247 1864 3356 1903 non
3388 1864 3612 1916 compe-

316 1938 508 2008 ὅμοιόν
540 1939 658 1991 ἐστι
683 1938 745 1991 τὸ
770 1938 1026 2009 ἔγκλημα
1062 1939 1163 2009 τῆς
1209 1938 1618 2004 καθοσιώσεως,
1651 1939 1731 2011 τῷ
1781 1941 1912 2011 περὶ

316 2031 421 2100 τῆς
454 2029 773 2099 ἱεροσυλίαςο
806 2032 903 2083 καὶ
933 2031 1037 2086 τίτ.
1071 2037 1139 2099 ιγ’
1164 2031 1259 2085 τοῦ
1284 2031 1449 2086 αὐτοῦ
1469 2030 1637 2101 βιϐλ.,
1667 2032 1805 2086 διάτ.
1836 2038 1910 2097 α’,

317 2123 349 2173 ὁ
377 2122 507 2192 περὶ
567 2122 665 2192 τῆς
719 2121 1023 2194 ἱεροσυλίας
1078 2122 1244 2193 νόμος
1296 2126 1565 2190 κινεῖται,
1624 2108 1911 2179 κατατοῦ

320 2214 658 2286 ὑφελομένου
697 2214 765 2267 ὲκ
795 2213 904 2268 τῶν
953 2213 1117 2285 ἱερῶν
1159 2213 1541 2285 χρημάτων,ἢ
1580 2213 1914 2284 στρέψαντος

320 2307 405 2369 εἱς
428 2306 565 2370 ιδίας
594 2305 804 2377 χρείας,
836 2305 871 2377 ἢ
897 2305 1423 2376 παρασκευάσαντος
1465 2305 1608 2359 κατὰ
1638 2305 1792 2359 δόλον
1815 2322 1912 2374 γε-

322 2398 513 2455 νέσθαι
572 2398 779 2453 τούτων
805 2413 880 2453 τι’
942 2398 1083 2454 διάτ.
1139 2398 1204 2463 δ’,
1248 2399 1299 2454 οἱ
1362 2399 1633 2469 ἱερόσυλοι
1684 2397 1823 2470 πρὸς
1853 2398 1916 2451 τὸ

324 2494 483 2547 ποιὸν
505 2492 597 2546 τοῦ
623 2494 1031 2565 ἁμαρτήματος
1055 2491 1425 2564 τιμωροῦνται
1448 2511 1463 2524 ι
1498 2493 1641 2550 διάτ.
1670 2500 1723 2558 ς’
1763 2493 1826 2547 τὸ
1854 2492 1919 2558 ἐξ

325 2584 477 2656 ἱεροῦ
520 2585 762 2639 ἱδιωτικὰ
790 2585 1052 2655 χρήματα
1081 2582 1396 2652 ὑφελέσθαι,
1426 2583 1529 2637 οὐκ
1554 2582 1671 2636 ἔστι
1700 2584 1916 2654 ἱεροσυ-

324 2678 419 2731 λία
474 2676 610 2731 ἀλλὰ
663 2677 874 2747 κλοπή·
934 2678 993 2730 ὲν
1038 2676 1095 2730 δὲ
1123 2674 1203 2745 τῷ
1235 2679 1308 2739 ις’
1341 2674 1677 2745 διατάγματι
1717 2672 1814 2727 τοῦ
1848 2671 1916 2725 ιθ⁹

322 2768 434 2826 τὶτ.
460 2767 558 2821 τοῦ
586 2767 681 2839 μη¹
714 2767 943 2839 βιϐλίου,
988 2765 1140 2836 λέγει
1163 2765 1254 2819 τὸν
1302 2765 1468 2819 τόπον
1498 2764 1803 2835 διακρίνειν
1823 2764 1919 2818 τὸν

325 2859 576 2930 κλέπτην
594 2858 704 2913 ἀπὸ
730 2859 826 2913 τοῦ
874 2857 1159 2930 ἱεροσύλου
1182 2874 1199 2889 ·
1231 2857 1327 2911 καὶ
1361 2856 1505 2927 βιϐλ.
1545 2854 1599 2922 ς’
1624 2856 1721 2911 τοῦ
1756 2855 1919 2920 κώδ..,

325 2951 435 3004 τίτ.
467 2950 534 3020 β’,
589 2950 730 3005 διάτ.
792 2955 864 3020 γ’,
920 2950 1003 3003 ὅτι
1046 2952 1077 3004 ὁ
1120 2950 1370 3005 κλέπτων
1400 2949 1462 3003 τὸ
1494 2948 1667 3021 μήπω
1687 2947 1770 3020 τῷ
1797 2946 1919 3018 Θεῷ

327 3042 684 3113 καθιερωθὲν,
716 3042 794 3107 ὡς
826 3042 1069 3113 κλέπτης
1093 3043 1373 3112 ἑνόιγεται.

2015 1950 2114 1998 tat.
2161 1942 2377 1998 Textus.
2441 1942 2510 1997 Et
2545 1942 2641 1997 lib.
2705 1957 2898 2009 XLVIII,
2943 1942 3028 1996 tit.
3061 1941 3116 2007 4,
3150 1941 3346 2011 digest.
3378 1942 3433 2007 1,
3466 1941 3614 2010 quod

2014 2033 2223 2089 crimen
2262 2032 2405 2088 laesae
2458 2032 2767 2101 majestatis
2816 2032 3109 2101 sacrilegio
3157 2031 3337 2087 simile
3394 2031 3485 2086 sit.
3547 2030 3617 2084 Et

2016 2124 2104 2179 tit.
2148 2123 2217 2178 15
2249 2122 2493 2192 ejusdem
2537 2123 2637 2189 lib,
2670 2123 2930 2194 digest.l,
2963 2124 3155 2197 [quod]
3210 2123 3482 2193 sacrilegii
3515 2138 3613 2178 ac—

2017 2216 2094 2271 tio
2125 2225 2412 2271 moveatur
2436 2215 2703 2271 adversus
2733 2232 2883 2280 eum,
2918 2217 3010 2287 qui
3038 2232 3104 2271 ex
3137 2214 3312 2271 sacris
3364 2216 3625 2285 pecuniis

2018 2307 2349 2381 [quippiam]
2389 2309 2642 2375 abstulit,
2671 2310 2757 2363 vel
2790 2308 2845 2364 in
2896 2325 3013 2363 rem
3065 2323 3223 2363 suam
3271 2309 3453 2372 vertit,
3483 2307 3617 2362 dolo

2018 2399 2169 2466 fecit,
2210 2415 2321 2470 quo
2349 2401 2543 2455 herum
2575 2399 2707 2470 quid
2757 2400 2928 2454 ﬁeret.
2972 2399 3180 2469 Digest.
3210 2396 3268 2462 1,
3305 2398 3372 2450 tit
3414 2397 3485 2462 4,
3525 2411 3621 2451 ιιι-

2018 2494 2205 2565 crilegi
2240 2508 2338 2563 pro
2374 2492 2640 2563 qualitate
2672 2492 2854 2546 dilecti
2896 2490 3225 2561 puniuntur.
3271 2488 3377 2543 Jus
3430 2490 3621 2560 positi-

2018 2603 2155 2641 vum.
2208 2586 2411 2657 Digest.
2454 2584 2510 2639 6.
2549 2585 2625 2639 Ex
2681 2598 2839 2639 sacra
2898 2584 3014 2638 aede
3066 2584 3309 2654 privatas
3354 2582 3625 2653 pecunias

2019 2679 2352 2750 Subripere,
2404 2678 2527 2733 non
2550 2677 2939 2749 sacrilegium,
2990 2677 3087 2731 sed
3131 2674 3336 2730 furtum
3397 2681 3501 2730 est.
3559 2673 3621 2729 lu

2018 2773 2212 2843 digest.
2241 2771 2343 2837 16,
2376 2772 2458 2826 tit.
2502 2771 2591 2837 19,
2627 2771 2720 2826 lib.
2765 2769 2967 2840 vaml,
2998 2768 3201 2825 dicitur
3224 2767 3410 2822 locum
3442 2767 3620 2822 furem

2022 2880 2053 2920 a
2083 2864 2347 2933 sacrilego
2372 2864 2704 2919 discernere.
2745 2861 2813 2915 Et
2846 2861 2938 2915 lib.
2962 2876 3036 2925 vi,
3067 2860 3192 2914 cod.
3221 2860 3302 2914 tit.
3336 2859 3372 2912 2
3391 2898 3406 2924 ,
3436 2871 3619 2913 const.

2020 2958 2077 3019 5,
2111 2972 2237 3012 eum
2281 2956 2374 3027 qui
2423 2954 2638 3010 furatur
2675 2954 2822 3024 quod
2873 2952 3120 3006 nondum
3152 2948 3264 3005 Deo
3309 2948 3623 3005 dedicatum

2021 3058 2123 3115 est,
2165 3059 2226 3103 ut
2255 3048 2429 3103 furem
2461 3045 2540 3119 [in
2583 3043 2809 3117 judicio]
2838 3042 3138 3099 conveniri.

407 3136 558 3191 Βιϐλ.
595 3141 709 3207 μη’,
746 3136 855 3191 τίτ.
891 3132 979 3204 ιγ’,
1005 3134 1297 3205 διάτ.ζ⁹,¹ὴ
1324 3134 1421 3188 τοῦ
1451 3133 1731 3207 ἱεροσύλου
1757 3135 1917 3206 ποινὴ

2097 3141 2255 3212 123
2278 3140 2492 3195 Textus.
2518 3137 2639 3192 Lib.
2660 3146 2848 3200 XLVIII,
2873 3136 3054 3202 tit.l5,
3070 3135 3319 3191 const.7.
3338 3134 3625 3207 Sacrilegii

329 3228 442 3283 ἀπὸ
471 3228 569 3297 τῆς
605 3227 889 3298 ποιότητος
925 3226 1034 3281 τῶν
1069 3225 1401 3297 προσώπων,
1425 3227 1521 3281 καὶ
1548 3225 1643 3280 τοῦ
1672 3227 1925 3298 ἁμαρτή-

333 3339 529 3391 ματος,
566 3322 661 3375 καὶ¹
685 3321 781 3374 τοῦ
813 3318 1032 3390 καιροῦ,
1058 3320 1154 3373 acati.
1183 3319 1284 3390 τῆς
1309 3318 1546 3389 ἡλικίας,
1571 3319 1667 3372 καὶ
1694 3319 1797 3390 τῆς
1819 3320 1923 3388 φύε

330 3429 505 3478 σεως,
535 3414 568 3484 ἦ
625 3412 900 3483 βαρυτέρα
934 3412 967 3483 ἦ
1002 3411 1341 3483 ἐλαφροτέρα
1376 3411 1717 3482 ἐπιφέρεται.
1764 3411 1925 3475 Τινὲς

330 3507 442 3577 γὰρ
472 3506 681 3577 θηρίοις
707 3501 1278 3575 παραδίδονται,τινὲς
1307 3501 1576 3566 καίονται,
1593 3500 1740 3566 τινὲς
1760 3518 1927 3574 φουρ-

332 3598 608 3664 κίξονταιο
642 3596 1036 3670 μεμετρημένη
1066 3597 1124 3650 δὲ
1152 3596 1311 3666 ποινή
1342 3596 1481 3662 ἐστι,
1513 3595 1575 3649 τὸ
1610 3594 1926 3667 παραδοθῆ-

332 3709 427 3745 ναι
453 3690 663 3762 θηρίοις
692 3690 784 3744 τδν
827 3689 1139 3758 νυκτερινὸν
1173 3688 1482 3759 ἱερόσυλονο
1529 3687 1620 3741 τὸν
1666 3684 1927 3758 ἡμερινὸν

332 3784 395 3839 δὲ
429 3782 651 3853 μέτριόν
699 3798 755 3835 τι
807 3779 1191 3852 ἱεροσυλοῦντα
1247 3778 1699 3850 μεταλλίζεσθαι⁶
1733 3777 1826 3832 τὸν
1869 3776 1927 3830 δὲ

330 3874 519 3943 τίμιον
550 3871 1077 3944 δεπορτατεύεσθαι’
1101 3871 1210 3939 δίγ.
1254 3877 1341 3936 ια’,
1373 3872 1423 3924 oi
1455 3870 1722 3943 ἱερόσυλοι
1752 3887 1926 3939 κεφα-

335 3968 508 4031 λικῶς
558 3966 900 4030 κολάζονται.
943 3964 1236 4036 Ἰερόσυλοι
1273 3964 1330 4017 δέ
1388 3964 1552 4024 εἰσιν,
1576 3964 1629 4016 οἱ
1664 3963 1791 4027 τοὺς
1829 3962 1929 4032 δη-

338 4058 564 4129 μοσίους
608 4057 773 4120 ναοὺς
813 4056 1173 4120 κλέπτοντεςο
1208 4057 1262 4108 οἱ
1296 4054 1353 4108 δὲ
1382 4055 1452 4109 τὰ
1497 4054 1744 4108 ἱδιωτικά
1784 4054 1926 4123 ἱερὰ,

336 4149 436 4203 καὶ
462 4150 593 4213 τοὺς
633 4149 865 4221 μικροὺς
895 4148 1058 4212 ναοὺς
1090 4147 1440 4217 ἀφυλάκτους
1473 4146 1634 4211 ὄντας
1668 4146 1931 4199 κλέπτον-

333 4260 453 4306 τες,
484 4237 649 4314 ἦττον
710 4242 810 4313 μὲν
859 4240 971 4294 τῶν
1022 4239 1344 4311 ἱεροσύλων,
1371 4238 1536 4292 πλέον
1560 4238 1619 4290 δὲ
1664 4236 1774 4290 τῶν
1803 4237 1930 4290 κλε-

338 4336 493 4389 πτῶν
528 4332 934 4405 τιμωροῦνταιο
970 4333 1004 4386 ὁ
1042 4332 1100 4385 δὲ
1144 4331 1405 4397 ὲξωτικδς
1447 4330 1814 4384 ῦποκλέπτων
1862 4328 1932 4383 τὰ

339 4429 485 4499 ἱερὰ,
523 4426 809 4479 ὑπόκειται
862 4422 942 4494 τῷ
983 4422 1086 4492 τῆς
1134 4421 1446 4493 ἱεροσυλίας
1491 4420 1826 4491 ἐγκλήματι.
1869 4420 1931 4473 '0

2026 3248 2188 3304 poena
2229 3248 2327 3303 pro
2355 3232 2619 3303 qualitate
2655 3245 3050 3300 personarum,
3079 3230 3265 3285 delicti
3288 3270 3303 3293 ,
3333 3232 3625 3300 temporis,

2024 3329 2222 3391 aetatis,
2246 3334 2303 3380 et
2330 3341 2515 3392 sexus,
2561 3323 2779 3394 gravior
2808 3331 2904 3376 aut
2935 3322 3109 3377 levior
3147 3321 3431 3392 inﬂigitur.
3467 3321 3622 3377 Non-

2026 3420 2162 3474 nulli
2205 3419 2349 3473 enim
2414 3417 2606 3473 bestiis
2646 3416 2957 3479 traduntur,
2989 3414 3235 3469 nonnulli
3288 3425 3627 3481 exuruntur,

2027 3510 2199 3582 aliqui
2233 3511 2285 3564 in
2311 3508 2495 3564 furcas
2524 3508 2961 3578 suspenduntur.
2990 3506 3270 3560 Moderata
3302 3522 3431 3562 vero
3456 3523 3625 3577 ptena

2027 3611 2133 3668 est,
2158 3600 2203 3655 si
2240 3612 2550 3656 nocturnus
2585 3600 2886 3670 sacrilegus
2920 3598 3113 3654 bestiis
3138 3599 3425 3653 tradatur:
3470 3599 3622 3654 diur-

2028 3706 2304 3759 nus,vero,
2352 3692 2443 3761 qui
2494 3690 2777 3745 modicum
2840 3689 3047 3759 aliquid
3104 3704 3172 3743 ex
3222 3688 3427 3759 templo
3473 3690 3620 3751 tulit,

2029 3784 2234 3839 metalli
2269 3799 2429 3854 poena
2481 3793 2801 3839 coerceatur
2834 3799 2855 3834 ε
2886 3791 2982 3837 aut
3025 3782 3093 3848 si;
3136 3782 3451 3838 honestiore
3499 3782 3630 3836 loco

2029 3885 2188 3931 natus
2226 3875 2319 3941 sit,
2351 3875 2691 3944 deportetur.
2745 3873 2950 3945 Digest.
3007 3875 3095 3929 11.
3132 3874 3399 3944 Sacrilegi
3444 3875 3622 3946 capite

2028 3967 2353 4037 puniuntur.
2393 3967 2535 4022 Sunt
2567 3975 2749 4021 autem
2793 3966 3072 4035 sacrilegi,
3098 3967 3190 4035 qui
3222 3966 3438 4035 publica
3464 3980 3620 4021 sacra

2031 4062 2327 4131 compilant
2358 4079 2371 4115 :
2405 4072 2461 4115 at
2490 4062 2583 4131 qui
2612 4061 2818 4131 privata
2851 4076 3009 4116 sacra
3032 4060 3431 4129 tedisculasque
3457 4059 3620 4113 incu-

2030 4155 2260 4210 stoditae
2310 4154 2575 4224 spoliant,
2617 4154 2800 4209 minus
2839 4169 3011 4222 quam»
3063 4151 3335 4220 sacrilegi,
3380 4150 3621 4219 amplius

2031 4262 2196 4318 quam
2256 4245 2407 4303 fures
2441 4247 2767 4317 puniuntur.
2802 4245 2933 4301 Item
2980 4248 3075 4316 qui
3123 4243 3407 4315 peregrina
3459 4257 3622 4296 sacra

2032 4338 2356 4401 sull'uratur.
2401 4337 2675 4407 sacrilegii
2713 4337 2934 4393 crimini
2988 4334 3261 4390 obnoxius
3310 4341 3412 4387 est.
3444 4332 3625 4386 Caete-

2032 4447 2159 4486 rum
2191 4431 2236 4485 si
2273 4431 2320 4485 is
2351 4431 2440 4487 cui
2477 4445 2762 4485 sacrorum
2795 4429 3045 4484 custodia
3068 4425 3380 4481 concredita
3414 4432 3520 4487 est,
3549 4438 3616 4477 ex

334 4520 451 4588 γὰρ
477 4517 579 4589 τὴν
609 4515 791 4569 αὐτῶν
821 4513 1070 4584 φυλακὴν
1100 4513 1561 4583 πεπιστευμένος,
1596 4512 1699 4563 κᾶν
1726 4512 1928 4582 ὑφέλη-

2035 4521 2140 4575 illis
2196 4521 2401 4591 aliquid
2433 4520 2815 4591 subripuerit,
2875 4518 2979 4590 legi
3034 4517 3308 4573 obnoxius
3364 4529 3471 4569 non
3514 4525 3622 4569 est.

333 4611 428 4664 ταί
457 4625 511 4662 τι
538 4608 599 4674 ἐξ
626 4604 828 4671 αὐτῶν,
864 4605 968 4675 οὐχ
990 4604 1273 4658 ὑπόκειται
1301 4602 1476 4673 τούτῳ
1500 4601 1581 4671 τῷ
1611 4602 1787 4672 νόμῳ·
1819 4602 1927 4669 δίγ.

339 4697 951 4773 ιβ’,δεπορτατεύεταιό
977 4696 1230 4768 ἐμϐαλὼν
1260 4695 1546 4767 ἄνθρωπον
1582 4694 1640 4747 ἐν
1672 4694 1931 4765 κιϐωτίῳ,

336 4795 436 4846 καὶ
487 4790 892 4862 παρενθέμενος
949 4789 1195 4844 αὑτὸνὲν
1225 4787 1361 4859 ναῷ,
1396 4788 1493 4841 ἐὰν
1526 4788 1737 4850 ἐκεῖνος
1772 4786 1934 4852 ἐξιὼν

335 4885 440 4955 τῆς
466 4882 727 4948 κιϐωτοῦ,
767 4882 940 4954 κλέψῃ
964 4881 1087 4935 τινὰ
1109 4880 1203 4935 τοῦ
1237 4880 1385 4951 ἱεροῦ
1405 4896 1421 4910 ο
1464 4879 1572 4948 δὶγ.
1602 4877 1709 4943 ις’,
1748 4878 1933 4950 τὸςτῆς

340 4977 649 5049 ἱεροσυλίας
680 4978 776 5030 καὶ
800 4974 942 5029 κατὰ
980 4973 1333 5045 κληρονόμων
1376 4971 1627 5044 ἁρμόζει·
1660 4987 1728 5024 πε
1738 4971 1792 5041 pi
1823 4969 1938 5041 γὰρ

338 5070 640 5141 χρημάτων
665 5064 1075 5138 ὑφαιρεθέντων
1095 5064 1243 5118 ἔστιν
1270 5063 1422 5134 αὖτῷ
1448 5064 1482 5135 ὴ
1526 5062 1663 5135 ζήτη
1674 5079 1779 5126 σις.

486 5158 758 5214 Συνόδου
788 5153 1209 5227 οἱκουμενικῆς
1235 5154 1418 5223 ἕκτης
1440 5155 1644 5209 κανὼν
1682 5150 1792 5223 eq’.

417 5251 519 5325 ξη’.
550 5252 687 5323 Περὶ
716 5250 812 5304 τοῦ
853 5248 931 5320 μὴ
962 5247 1159 5315 ἐξεῖναί
1191 5264 1300 5300 τινι
1326 5247 1435 5301 τῶν
1458 5248 1696 5311 πάντων,
1730 5243 1935 5314 βιϐλίον

336 5347 445 5418 τῆς
478 5341 721 5405 Παλαιᾶς
746 5339 843 5394 καὶ
856 5337 1066 5408 Καινῆς
1094 5335 1371 5407 Διαθήκης
1404 5335 1515 5389 τῶν
1542 5352 1601 5388 τε
1634 5334 1810 5404 ἁγίων
1840 5333 1934 5387 καὶ

340 5434 619 5506 ἐκκρίτων
649 5431 808 5504 ἡμῶν
838 5430 1099 5501 κηρύκων
1116 5428 1209 5482 καὶ
1227 5428 1562 5482 διδασκάλων
1592 5425 1934 5496 διαφθείρειν

340 5530 380 5602 ἢ
412 5526 795 5597 κατατέμνειν,
822 5523 858 5595 ἢ
892 5525 1005 5587 τοῖς
1027 5520 1516 5592 (βιϐλιοκαπήλοις,
1549 5520 1583 5591 ἢ
1616 5522 1729 5583 τοῖς
1771 5518 1934 5586 λεγο-

348 5622 535 5693 μένοις
588 5616 873 5691 μυρεψοῖς,
910 5615 945 5687 ἢ
999 5614 1144 5685 ἄλλῳ
1200 5613 1309 5666 τινὶ
1347 5612 1455 5665 τῶν
1500 5612 1756 5665 ἁπάντων
1791 5611 1934 5679 πρὸς

345 5712 658 5783 ἀφανισμὸν
706 5710 995 5775 ἐκδιδόναι,
1026 5708 1074 5761 εἱ
1115 5706 1190 5778 μή
1229 5724 1282 5760 τι
1307 5705 1417 5777 ἄρα
1442 5704 1646 5770 τέλεον,
1676 5704 1787 5758 εἴτε
1821 5701 1934 5761 ὑπὸ

350 5804 551 5875 mnino,
592 5805 629 5875 ἢ
656 5803 873 5869 ὓδατος,
891 5802 932 5873 ἦ
958 5801 1129 5872 ἑτέρῳ
1157 5799 1349 5872 τρόπῳ
1364 5796 1659 5870 ἁχρειωθῇ.
1708 5797 1765 5852 '0
1793 5797 1860 5855 δέ.
1878 5812 1930 5849 τι

2035 4614 2240 4683 Digest.
2298 4613 2391 4669 12.
2440 4612 2770 4683 Deportatur
2801 4613 2895 4682 qui
2951 4612 3227 4665 hominem
3277 4610 3331 4663 in
3374 4607 3621 4663 arculam

2034 4706 2283 4769 includit,
2318 4706 2553 4776 eamque
2598 4706 2654 4759 in
2686 4705 2891 4775 templo
2941 4704 3184 4774 deponit,
3220 4702 3265 4755 si
3301 4701 3392 4754 ille
3427 4700 3495 4754 de
3528 4699 3627 4753 illa

2033 4798 2221 4853 exiens
2253 4798 2515 4852 nonnulla
2554 4799 2627 4852 de
2660 4798 2862 4866 templo
2902 4795 3220 4852 sull‘uretur.
3277 4792 3476 4862 Digest.
3530 4789 3623 4849 16.

2036 4888 2323 4961 Sacrilegii
2346 4889 2622 4961 judicium
2650 4890 2815 4944 etiam
2864 4889 3129 4944 adversus
3162 4886 3429 4941 haaredem
3461 4901 3621 4939 com-

2035 4982 2167 5052 petit
2196 4999 2214 5050 ;
2242 4998 2366 5037 nam
2403 4981 2471 5037 de
2516 4982 2748 5037 sublatis
2774 4981 3022 5053 pecuniis
3065 4980 3119 5033 in
3156 4995 3221 5034 eo
3256 4986 3341 5033 est
3366 4977 3623 5048 quaestio.

2258 5153 2486 5209 Consilii
2522 5151 2824 5206 acumenici
2878 5149 3015 5203 sexti
3072 5162 3245 5201 canon
3290 5144 3393 5201 68..

2107 5246 2196 5302 68.
2232 5245 2375 5299 Nulli
2410 5260 2477 5299 ex
2517 5244 2775 5299 omnibus
2806 5242 2968 5297 licere
3007 5239 3221 5295 Veteris
3248 5248 3304 5293 et
3349 5236 3487 5291 Novi
3518 5234 3624 5289 Te-

2035 5336 2291 5391 stamenti
2327 5337 2559 5402 librum,
2579 5350 2681 5389 nec
2712 5342 3027 5388 sanctorum
3061 5341 3375 5386 nostrorum
3419 5342 3630 5399 pramo-

2037 5446 2169 5485 num
2232 5444 2296 5484 ac
2352 5429 2641 5483 doctorum
2700 5440 3053 5495 corrumpere
3107 5424 3190 5478 vel
3238 5420 3633 5485 censi-indere,

2037 5524 2121 5578 vel
2152 5524 2419 5578 librorum
2469 5518 2960 5589 cauponatoribus,
2996 5517 3082 5571 vel
3122 5516 3190 5569 iis
3223 5515 3317 5585 qui
3361 5514 3633 5567 dicuntur

2038 5614 2411 5687 unguentarii.
2454 5612 2618 5666 alicui
2651 5612 2744 5665 alii
2778 5627 2843 5665 ex
2874 5610 3137 5665 omnibus
3175 5608 3241 5662 ad
3272 5621 3397 5660 eum
3429 5604 3623 5658 delen-

2036 5706 2166 5759 dum
2201 5705 2413 5760 tradere
2445 5722 2458 5758 :
2489 5702 2593 5757 nisi
2627 5703 2816 5772 utique
2842 5700 2925 5755 vel
2956 5716 2987 5755 a
3021 5699 3202 5765 tineis,
3231 5698 3316 5752 vel
3346 5698 3412 5750 ab
3452 5711 3623 5763 aqua,

2023 5779 2120 5852 'vel
2155 5796 2224 5851 ab
2285 5794 2473 5865 aliquo
2531 5791 2695 5848 modo
2734 5790 2981 5846 redditus
3051 5788 3219 5844 fuerit
3249 5787 3479 5842 inutilis.
3515 5784 3627 5851 Qui
