4122 6494
528 385 639 447 583
1686 385 1945 446 ΡΗΟΤΙΙ
1984 387 2488 449 PATlllARCl’I/E
2527 388 2635 448 (ΞΡ.
3694 378 3808 441 ξιὸἇι

528 485 710 532 autem
735 474 840 530 tale
864 474 992 545 quid
1018 473 1195 529 facere
1223 474 1479 546 deinceps
1508 474 1879 544 deprehensus
1914 475 2097 540 fuerit,
2127 520 2137 536 λ

2237 479 2408 531 ato-31:0
2439 480 2612 529 ποιεῖν
2629 473 2738 533 ἀπὸ
2764 472 2865 526 τοῦ
2890 471 2984 526 νῦν
3010 470 3387 540 ἁλισκόμενος,
3414 468 3508 521 ἐπὶ
3543 469 3813 521 ἐνιαυτὸν

526 582 674 621 anno
712 581 823 619 uno
853 576 1179 635 segregetur.
1214 566 1479 621 Similiter
1515 575 1569 620 et
1601 566 1693 635 qni
1738 566 1909 620 libros
1942 566 2103 638 124

2237 566 2578 635 ιφοριζέσθω·
2628 562 2828 633 ὁμοίως
2884 563 2979 613 καὶ
3029 562 3059 614 ὁ
3106 558 3204 623 τὰς
3259 556 3519 621 τοιαύτας
3574 557 3814 627 βίϐλους

526 658 573 711 si
610 672 705 711 eos
753 657 971 726 quidem
1013 657 1127 725 ipse
1160 671 1269 710 non
1320 658 1388 711 ad
1426 672 1582 710 suam
1625 657 1915 710 utilitatem
1971 658 2103 710 reti-

2237 657 2533 726 )νούμενος,
2556 656 2604 708 εί
2630 656 2767 725 μήτε
2790 653 2951 709 αὐτὸς
2971 651 3167 712 ταύτας
3192 648 3412 717 κατέχει
3432 649 3567 717 πρὸς
3586 647 3817 701 οἰκείαν

528 757 674 810 neat.
707 764 806 802 nec
827 749 998 803 altera
1030 749 1096 801 ad
1142 748 1261 814 ejus
1315 748 1635 802 beneficium
1694 758 1749 803 et
1798 759 1859 804 ut
1913 748 1950 803 ii
1978 763 2103 819 per-

2237 748 2531 816 ισφάλειαν,
2574 747 2711 815 μήτε
2740 744 2912 813 ἑτέρῳ
2943 742 3082 812 πρὸς
3108 740 3431 811 εὐεργεσίαν
3471 740 3566 791 καὶ
3591 738 3658 790 τὸ
3687 739 3815 792 δια.-

532 851 791 895 maneant
813 841 925 907 dat,
956 849 1290 910 segregetnr.

2237 840 2394 890 ιεῐναι
2410 835 2704 901 ἀποδῶται,
2723 833 2860 888 ἀλλά
2881 831 3052 887 ταῦτα
3074 830 3409 902 διαφθείρειν
3436 830 3814 900 ἐπιχειρήσοι,

2212 926 2574 998 ἀφοριζέσθω.

2285 1021 2536 1073 ΚΕΦΑΛ.
2556 1020 2705 1074 Γ¹.-
2729 1015 2869 1085 Περὶ
2896 1012 3205 1083 κληρικῶν
3225 1009 3687 1080 ἁποσχιζόντων
3713 1007 3817 1061 καί

2213 1110 2373 1181 παρὰ
2392 1110 2637 1181 γνώμην
2658 1110 2766 1164 τοῦ
2788 1110 3127 1163 ἐπισκόπου
3149 1103 3453 1160 ιστώντων
3475 1099 3817 1167 θυσιαστή-

2208 1216 2332 1267 pta.

603 1006 757 1065 CAP.
792 1007 883 1063 Ill.
914 1037 981 1048 -—-
1015 1007 1088 1061 De
1131 1008 1336 1060 clericis
1383 1008 1473 1077 qui
1498 1008 1731 1063 scliisma
1775 1009 2003 1077 faciunt,
2054 1018 2107 1065 et

533 1110 725 1170 praeter
741 1100 1054 1153 sententiam
1078 1098 1309 1167 episcopi
1339 1099 1539 1152 altaria
1566 1108 1831 1153 statuunt.

974 1276 1348 1343 Apostolorum
1375 1292 1543 1329 canon
1576 1277 1636 1331 5|
1651 1318 1665 1333 .

2638 1284 3029 1339 Ἀποστόλων
3053 1278 3255 1333 κανὼν
3287 1278 3377 1333 λά.

604 1368 670 1423 51
705 1364 843 1441 [50].
894 1365 952 1420 Si
1005 1366 1130 1435 quis
1162 1366 1469 1436 presbyter.
1518 1360 1835 1438 contempto
1888 1368 2111 1439 proprio

2290 1373 2393 1430 λα’.
2437 1377 2505 1431 Et
2533 1393 2618 1438 τις
2646 1372 3018 1443 πρεσϐύτερος
3074 1370 3495 1442 καταφρονήσας
3536 1366 3632 1420 τοῦ
3674 1366 3817 1420 ίδίου

535 1459 813 1529 episeopo,
846 1472 1097 1513 seorsum
1144 1458 1628 1528 congregationem
1676 1458 1888 1525 fecerit,
1940 1470 1994 1514 et
2027 1462 2110 1513 al-

2237 1470 2517 1523 ;πισκόπου
2536 1510 2550 1533 ,
2565 1466 2733 1537 χωρὶς
2756 1462 3063 1532 συναγάγῃ,
3083 1462 3178 1514 καὶ
3206 1460 3470 1528 θυσιαστή
3480 1475 3591 1529 ριον
3616 1458 3818 1530 ἕτερον

539 1556 717 1601 terum
757 1546 933 1600 altare
981 1545 1181 1609 fixerit,
1210 1546 1468 1615 episcopo
1515 1561 1615 1601 suo
1660 1547 1715 1601 in
1759 1548 2019 1617 religione
2048 1565 2112 1602 ac

2237 1562 2403 1632 πήξει,
2432 1560 2598 1631 μηδὲν
2625 1555 2990 1625 κατεγνωκὼς
3017 1554 3109 1608 τοῦ
3140 1552 3442 1606 ἐπισκόπου
3467 1551 3525 1603 ὲν
3547 1550 3819 1621 εύσεϐείιι⁸

535 1636 749 1709 jostitia
780 1637 929 1691 nulla
966 1637 1020 1690 in
1055 1651 1115 1689 re
1148 1651 1178 1691 a
1203 1651 1262 1690 se
1287 1638 1672 1703 condemnato,
1703 1637 2029 1709 deponatur,
2056 1650 2114 1692 ut

2237 1656 2314 1707 ιαὶ
2335 1650 2673 1721 δικαιοσύνῃ,
2692 1646 3062 1717 καθαιρείσθω
3113 1646 3189 1705 ὼς
3222 1642 3481 1713 φίλαρχος
3502 1658 3517 1672 ·
3541 1641 3820 1711 τύραννος

540 1727 831 1797 imperium
880 1726 1159 1781 obtinendi
1207 1728 1475 1795 cupidus:
1508 1736 1594 1782 est
1621 1729 1764 1781 enim
1820 1738 2109 1800 tyrannus.

2237 1743 2328 1809 {dp
2353 1741 2468 1791 ἐστι
2487 1754 2500 1766 ·
2529 1737 2791 1799 ὡσαύτως
2814 1736 2871 1788 δὲ
2906 1732 3084 1787 λαῖκοὶ
3110 1730 3593 1801 ἀφοριζέσθωσανιο
3632 1730 3817 1782 ταῦτα

542 1818 808 1873 Similiter
835 1827 891 1873 et
918 1818 1115 1888 reliqui
1150 1818 1359 1881 clerici,
1410 1830 1465 1873 et
1490 1829 1759 1890 quotquot
1788 1821 1839 1876 ei
1878 1838 2126 1878 accesse-

2237 1833 2284 1884 5ὲ
2335 1829 2474 1901 μετά
2522 1828 2649 1900 μίαν
2686 1828 2780 1882 καὶ
2818 1828 3077 1897 δευτέραν
3108 1825 3204 1879 καὶ
3234 1824 3425 1895 τρίτην
3456 1822 3821 1895 παράκλησιν

541 1919 692 1966 runt.
729 1909 877 1964 Laiei
924 1919 1106 1963 autem
1146 1922 1525 1981 segregentur,
1558 1928 1733 1981 eaque
1780 1924 1905 1983 post
1954 1930 2122 1969 unam

2237 1916 2317 1971 τοῦ
2338 1918 2642 1972 ἐπισκόπου
2672 1915 2929 1986 γινέσθω.

541 2003 880 2072 alteramque
916 2017 981 2057 ac
1017 2003 1229 2057 tertiam
1262 2004 1692 2061 admonitionem
1720 2007 1873 2062 fiant.

896 2092 1121 2149 Concilii
1157 2094 1472 2149 Antiocheni
1501 2114 1671 2152 canon
1704 2098 1759 2153 5.

622 2189 677 2243 5.
723 2186 782 2242 Si
827 2190 953 2257 quis
996 2186 1110 2257 (35)
1149 2187 1437 2259 presbyter
1475 2190 1556 2245 vel
1587 2191 1851 2246 diaconus
1903 2190 2126 2262 preprio

546 2288 861 2349 contempto
888 2279 1167 2349 episcopo,
1203 2282 1272 2335 ab
1311 2279 1555 2336 Ecclesia
1587 2283 1831 2352 seipsum
1873 2300 2129 2355 segrega-

546 2372 707 2434 verit,
737 2380 791 2425 et
806 2372 1060 2441 privatim
1077 2373 1557 2442 congregationem
1582 2373 1845 2441 effecerit,
1874 2384 1927 2430 et
1957 2375 2130 2431 altare

545 2462 805 2528 erexerit,
849 2470 905 2516 et
929 2462 1189 2531 episcopo
1215 2472 1531 2517 accersente
1561 2478 1671 2517 non
1702 2464 1991 2529 obedierit,
2031 2478 2130 2517 nec

548 2554 682 2610 velit
734 2553 784 2607 ei
841 2568 1055 2623 parere,
1086 2568 1189 2608 nec
1244 2569 1453 2608 morem
1497 2570 1687 2625 gerere
1731 2556 1911 2625 primo
1944 2564 1998 2609 et
2037 2570 2128 2609 se-

547 2644 735 2701 cundo
767 2644 1007 2707 vocanti,
1041 2643 1089 2699 is
1129 2644 1355 2698 omnino
1409 2643 1739 2714 deponatur,
1767 2653 1823 2698 et
1871 2661 1978 2697 non
2013 2660 2131 2697 am-

551 2736 694 2807 plius
712 2736 1052 2791 curationem
1078 2736 1320 2805 assequi,
1349 2749 1448 2789 nec
1477 2751 1637 2789 suum
1663 2736 1839 2806 possit
1870 2738 2130 2790 honorem

548 2843 767 2897 capere.
805 2826 900 2881 Sin
937 2835 1120 2881 autem
1159 2834 1479 2896 perseverat
1508 2828 1829 2895 perturbare
1860 2835 1912 2881 et
1946 2824 2133 2880 Eccle—

553 2925 695 2978 siam
725 2930 993 2984 evertere,
1029 2922 1076 2976 is
1103 2935 1198 2991 per
1228 2928 1517 2976 externam
1551 2920 1853 2990 potentiam
1888 2926 1949 2973 ut
1984 2917 2131 2973 sedi-

554 3018 730 3072 tiosus
763 3014 1081 3084 eastigetur.

824 3192 1047 3250 Concilii
1083 3189 1511 3260 Carthaginensis
1568 3204 1739 3242 canon
1778 3187 1867 3241 10.

630 3284 708 3339 De
755 3282 1092 3354 presbyteris,
1128 3279 1220 3349 qui
1268 3296 1303 3331 a
1334 3279 1562 3349 propriis
1614 3278 1964 3344 corripienlur
1999 3274 2140 3341 cpis-

559 3378 725 3446 copis.

632 3469 721 3523 10.
748 3466 974 3538 Alypius
1003 3465 1291 3535 episcopus
1310 3464 1378 3529 ’⁸,
1430 3462 1641 3532 legatus
1681 3458 1976 3529 provincia
2022 3458 2143 3511 Nu-

564 3562 769 3627 midia),
796 3559 933 3614 dixit
968 3576 983 3611 :
1016 3557 1125 3612 Nec
1158 3557 1291 3610 illud
1324 3555 1436 3625 (56)
1483 3552 2004 3623 praetermittendum
2035 3558 2139 3615 est,

561 3661 625 3708 ut
662 3652 708 3706 si
740 3650 866 3720 quis
897 3647 1037 3702 forte
1069 3646 1227 3716 125
1274 3646 1555 3715 presbyter
1615 3644 1683 3697 ab
1735 3642 1993 3712 episeopo
2037 3654 2139 3696 suo

462 3808 463 3811 η
563 3750 867 3811 correptus,
900 3748 1115 3794 tumore
1152 3737 1235 3791 vel
1287 3735 1541 3805 superbia
1598 3733 1819 3788 inflatus
1870 3734 2140 3802 putaverit

564 3832 856 3905 separatim
908 3828 1175 3885 sacriﬁcia
1223 3826 1332 3881 Deo
1375 3825 1672 3888 olferenda,
1709 3825 1796 3879 vel
1831 3824 1977 3878 aliud
2030 3824 2139 3879 eri-

564 3923 800 3995 gendum
832 3921 1003 3975 altare
1028 3928 1220 3975 contra
1272 3917 1701 3973 ecclesiasticam
1757 3917 1915 3970 fidem
1973 3916 2140 3971 disci-

564 4014 880 4087 plinamque
904 4012 1217 4076 crediderit,
1244 4025 1352 4065 non
1378 4019 1536 4064 exeat
1582 4009 1907 4077 impunitus.
1945 4006 2139 4063 Valen-

565 4104 717 4157 tinus
749 4102 937 4172 prima:
976 4101 1122 4156 sedis
1158 4098 1453 4170 provinciae
1493 4096 1784 4163 Numidiae,
1819 4097 1955 4151 dixit
1987 4114 1999 4150 :
2033 4095 2143 4151 Nc-

565 4193 810 4250 cessario
840 4193 1144 4263 disciplinae
1174 4189 1567 4247 ecclesiasticae
1618 4198 1672 4244 et
1723 4188 1847 4245 fidei
1898 4204 2142 4260 congrua

2523 2093 2795 2149 Συνόδου
2840 2092 3192 2162 Ἀντιοχείας
3223 2090 3423 2147 κανὼν
3448 2096 3509 2145 ε’.

2301 2193 2366 2241 ε’.
2401 2185 2470 2238 Et
2501 2203 2586 2251 τις
2619 2186 2987 2259 πρεσϐύτερος
3023 2186 3057 2257 ἢ
3090 2186 3357 2253 διάκονος,
3387 2184 3820 2254 καταφρονήσας

2227 2277 2320 2330 τοῦ
2372 2276 2504 2330 ἰδίου
2538 2278 2858 2343 ἑπισκόπου,
2893 2278 3170 2348 ἀφώρισεν
3210 2278 3401 2330 ἑαυτὸν
3437 2275 3538 2345 τῆς
3576 2276 3819 2343 Ἐκκλη-

2230 2369 2372 2434 σίας,
2420 2369 2515 2423 καὶ
2555 2369 2660 2439 ίδίᾳ
2700 2370 2994 2439 συνήγαγε,
3025 2370 3121 2424 καὶ
3159 2369 3543 2439 θυσιαστήριον
3588 2368 3819 2437 ἔστησε,

2229 2460 2326 2513 καὶ
2398 2460 2492 2513 τοῦ
2564 2459 2866 2513 ἐπισκόπου
2936 2460 3451 2530 προσκαλεσαμένου
3515 2458 3815 2528 ἀπειθοίη,

2230 2552 2326 2605 καὶ
2398 2552 2474 2621 μὴ
2562 2551 2805 2621 βούλοιτο
2881 2552 3033 2622 αὐτῷ
3105 2550 3390 2605 πείθεσθαι
3426 2591 3442 2617 ,
3513 2551 3654 2621 μηδὲ
3714 2551 3795 2603 ύπ

2230 2642 2470 2707 ακούειν,
2504 2641 2601 2696 καὶ
2641 2643 2857 2712 πρῶτον
2906 2640 3163 2695 καλοῦντι
3192 2642 3286 2695 καὶ
3324 2641 3597 2711 δεύτερον,
3629 2642 3821 2695 τοῦτον

2231 2733 2609 2804 καθαιρεῖσθαι
2643 2735 2943 2799 παντελῶς,
2978 2736 3073 2789 καὶ
3114 2736 3312 2806 μηκέτι
3357 2733 3659 2805 θεραπείας
3688 2750 3821 2801 τυγ-

2231 2828 2437 2896 χάνειν,
2471 2826 2607 2898 μηδὲ
2641 2826 2902 2881 δύνασθαι
2945 2827 3247 2895 λαμϐάνειν
3272 2829 3371 2897 τὴν
3404 2825 3602 2880 ἑαυτοῦ
3627 2826 3818 2897 τιμήν.

2232 2923 2296 2975 Εἰ
2315 2923 2370 2976 δὲ
2397 2921 2705 2992 παραμένοι
2729 2922 2974 2993 θορυϐῶν
3006 2922 3099 2975 καὶ
3127 2921 3446 2976 ἀναστατῶν
3462 2920 3560 2989 τὴν
3586 2917 3824 2986 Ἐκκλη-

2234 3014 2357 3066 σίαν
2398 3014 2488 3067 διά
2528 3014 2627 3085 τῆς
2680 3014 2880 3082 ἔξωθεν
2926 3014 3199 3081 ἐξουσίας,
3245 3013 3320 3077 ὡς
3355 3012 3629 3084 στασιώδη
3661 3009 3825 3066 αὑτὸν

2235 3102 2704 3173 ἀποστρέφεσθαι.

2514 3194 2784 3249 Συνόδου
2816 3197 3235 3266 Καρθαγέννης
3266 3196 3468 3251 κανὼν
3485 3194 3535 3251 ι’.

2317 3285 2454 3353 Περὶ
2491 3287 2909 3356 πρεσϐυτέρων
2936 3288 3056 3342 τῶν
3083 3289 3200 3343 ἀπὸ
3228 3288 3347 3342 τῶν
3372 3290 3611 3342 οἰκείων
3645 3304 3828 3342 κατα-

2246 3379 2704 3449 γινωσκομένων
2729 3381 3099 3436 ἐπισκόπων.

2318 3472 2369 3525 ι’.
2389 3470 2639 3535 Ἀλόπιος
2656 3472 2953 3537 ἐπίσκοπος
2970 3462 3171 3545 τοποτη
3179 3474 3349 3548 ρητὴς
3359 3476 3458 3546 τῆς
3474 3476 3525 3532 Ν
3528 3492 3587 3529 ου
3597 3474 3829 3545 μηδικῆς

2245 3561 2429 3635 χώρας
2476 3557 2629 3614 εἶπεν
2656 3577 2672 3595 ο
2710 3563 2785 3614 Ού
2809 3562 2853 3615 δ’
2874 3565 3053 3615 ὲκεῖνο
3074 3562 3154 3615 δεῖ
3179 3565 3478 3631 παρεᾶσαι,
3499 3562 3585 3614 ἵνα
3626 3562 3723 3615 ἐάν
3748 3575 3829 3619 τις

2245 3654 2406 3725 τυχὸν
2443 3654 2816 3725 πρεσϐύτερος
2851 3657 2957 3710 ἀπὸ
3011 3657 3106 3711 τοῦ
3137 3657 3265 3711 ίδίου
3306 3656 3612 3709 ἐπισκόπου
3660 3670 3828 3708 κατα-

2244 3747 2542 3815 γνωσθεὶς,
2579 3748 2863 3818 φυσιότητί
2910 3767 3013 3801 τινι
3040 3750 3133 3802 καὶ
3156 3748 3505 3820 ὑπερηφανίᾳ
3530 3748 3793 3818 ἐπαρθεὶς
3810 3784 3825 3809 ,

2244 3837 2520 3905 ἡγήσηται
2546 3836 2782 3905 ὀφείλειν
2810 3840 3232 3909 κεχωρισμένως
3262 3839 3392 3908 ἂγια
3419 3839 3497 3909 τῷ
3514 3838 3637 3900 Θεῷ
3657 3853 3824 3906 προσ-

2245 3926 2521 3998 φέρειν,ἢ
2559 3927 2688 3982 ἄλλο
2730 3930 2991 4001 ἀνορθοῦν
3029 3930 3414 4003 Θυσιαστήριον
3441 3930 3657 4001 οἰηθείη
3690 3926 3825 3981 κατὰ

2243 4018 2343 4087 τῆς
2394 4020 2856 4090 ἐκκλησιαπικῆς
2908 4022 3143 4085 πίστεως
3192 4025 3287 4076 καὶ
3332 4022 3748 4085 καταστάσεως,
3798 4020 3826 4072 ό

2238 4110 2477 4175 τοιοῦτος
2505 4113 2853 4185 ἀτιμώρητος
2883 4116 2958 4188 μὴ
2986 4116 3199 4187 ἐξέλθῃ.

566 4296 721 4352 sunt,
754 4301 876 4356 qure
902 4284 1072 4341 frater
1108 4294 1293 4340 noster
1332 4284 1561 4355 Alypius
1612 4281 1778 4355 [Mss.
1810 4281 1976 4339 frater
2018 4282 2267 4356 Alypius]
2293 4295 2617 4355 prosecutus
2671 4296 2757 4343 est
2782 4330 2797 4347 ,
2867 4288 3092 4359 proinde
3131 4287 3261 4377 quid
3329 4287 3578 4343 videatur
3635 4283 3825 4341 ve.le

566 4380 868 4445 dilectioni,
894 4380 1091 4434 edicite
1117 4377 1274 4450 [Mss.
1307 4378 1513 4449 dicite].

842 4488 1071 4543 Concilii
1096 4490 1409 4543 wcumenici
1434 4490 1570 4544 sexti
1605 4505 1772 4544 canon
1803 4489 1894 4546 51.
1986 4488 1997 4498 “

635 4580 993 4647 3l.Clericos,
1012 4582 1107 4650 qui
1131 4581 1184 4635 in
1209 4582 1472 4637 oratoriis
1492 4582 1564 4645 ",
1593 4596 1715 4652 quae
1739 4582 2033 4650 suntjntra
2051 4583 2147 4639 do-

572 4690 715 4739 mos,
747 4690 903 4730 sacra
936 4675 1164 4739 faciunt,
1190 4676 1274 4729 vel
1322 4676 1637 4746 baptizant,
1681 4676 1786 4731 hoc
1810 4676 1985 4734 ,illius
2042 4677 2148 4732 loci

2167 4492 2221 4553 D

2387 4492 2657 4547 Συνόδου
2684 4492 3099 4561 οῑκουμενικῆς
3122 4492 3303 4559 ἕκτης
3339 4492 3543 4547 κανὼν
3577 4490 3684 4546 λα’.

2316 4584 2415 4641 λα’.
2462 4587 2601 4649 Τοὺς
2639 4588 2697 4639 ὲν
2739 4588 2852 4649 τοῖς
2880 4587 3195 4656 εὐκτηρίοις
3235 4586 3407 4647 οἴκοις
3462 4583 3609 4637 ἔνδον
3650 4580 3821 4640 οἰκίας

2244 4679 2570 4748 τυγχάνουσι
2634 4677 3086 4749 λειτουργοῦντας
3130 4678 3427 4746 κληρικοὺς
3471 4676 3575 4729 ὑπὸ
3601 4675 3822 4746 γνώμην

574 4767 812 4836 episcopi
836 4768 1102 4821 sententia
1132 4766 1313 4823 facere
1347 4768 1547 4823 debere
1568 4768 1937 4824 decernimus.
1969 4769 2137 4835 Quare

2244 4772 2404 4825 τοῦτο
2441 4771 2700 4843 πράττειν
2722 4771 2816 4824 τοῦ
2845 4771 2988 4825 κατὰ
3019 4770 3112 4823 τὸν
3134 4771 3300 4824 τόπον
3328 4770 3629 4823 ἐπισκόπου
3648 4765 3822 4839 ὁρίζοο

575 4856 624 4909 si
651 4854 777 4924 quis
802 4854 1038 4910 clericus
1068 4855 1172 4912 hoc
1198 4872 1307 4912 non
1335 4857 1416 4913 sic
1442 4858 1762 4925 servaverit,
1789 4859 2117 4929 deponatur.

573 5056 777 5135 Synotli
825 5061 1284 5135 Constantinopoli
1339 5065 1396 5118 in
1423 5063 1614 5132 templo
1637 5062 1738 5120 SS.
1768 5065 2145 5135 Apostolorum

646 5130 860 5256 ςιὲὺὶἇιέ,
879 5134 1197 5258 Zﬁwipsrima
1211 5144 1259 5189 et
1279 5136 1512 5189 secunda
1528 5130 1893 5203 nuncupatur,
1920 5152 2144 5190 canones

721 5241 735 5264 ν
768 5240 850 5265 Au,
893 5240 976 5265 ιιι,
1009 5240 1094 5256 avo

656 5293 745 5346 12.
784 5293 923 5347 Cum
960 5301 1171 5358 sancta,
1199 5303 1256 5348 et
1293 5292 1617 5349 universalis
1643 5305 1835 5351 sancta
1878 5296 2146 5366 synodus,

646 5454 692 5485 ³⁸
720 5452 976 5522 Cartliag.
1009 5468 1072 5518 ll,
1104 5466 1227 5522 cap.
1262 5452 1317 5507 8.
1393 5455 1441 5485 “
1474 5451 1701 5510 Laudic.
1728 5469 1852 5509 can.
1881 5454 1972 5509 58.

2250 4880 2382 4933 μεν*
2421 4862 2562 4917 ὥστε
2605 4864 2659 4917 εί
2678 4880 2762 4928 τις
2790 4863 3051 4934 κληρικδς
3086 4862 3164 4934 μὴ
3189 4861 3345 4916 τοῦτο
3372 4861 3544 4925 οὕτως
3568 4859 3819 4931 φυλάξοι,

2249 4954 2636 5028 καθαιρείσθω.

2249 5068 2522 5122 Συνόδου
2546 5068 2601 5122 α’
2637 5068 2733 5123 καὶ
2769 5068 2830 5133 ,β’
2864 5069 3378 5139 συγκροτηθείσης
3404 5068 3474 5121 έν
3493 5070 3820 5139 Κωνσῖᾳβ

2321 5140 2666 5210 τινουπόλει
2719 5140 2790 5210 ἐν
2830 5139 2909 5210 τῷ
2938 5136 3061 5205 ναῷ
3089 5138 3208 5192 τῶν
3244 5140 3431 5210 ἁγίων
3472 5136 3821 5191 ἀποστόλων

2262 5278 2263 5281 η
2320 5208 2522 5261 κανὼν
2547 5210 2635 5279 ιβ’,
2672 5208 2763 5278 ιγ’,
2797 5209 2877 5275 ιδ’,
2913 5216 2993 5263 ιε’.

2323 5299 2411 5370 ιβ’.
2428 5301 2542 5371 Τῆς
2572 5302 2732 5371 ἀγίας
2751 5303 2846 5356 καὶ
2860 5302 3239 5373 οἰκουμενικῆς
3261 5300 3428 5372 ἕκτης
3454 5299 3688 5363 συνόδου,
3702 5294 3820 5353 τοὺς

2075 5567 2310 5624 NOTAE.

648 5697 759 5768 (35)
798 5694 936 5768 Vide
962 5696 1230 5768 actionem
1267 5712 1393 5751 mox
1441 5699 1662 5753 citatam
1699 5698 1931 5753 Concilii
1977 5699 2138 5754 Chal.

577 5767 897 5821 cedoncnsis
928 5767 1017 5821 ubi
1049 5782 1114 5821 ex
1152 5782 1506 5822 numerorum
1543 5772 1687 5824 serie
1716 5770 1917 5823 dicitur
1950 5771 2044 5831 84,
2089 5780 2146 5825 et

490 5856 491 5859 η
579 5834 753 5907 Vigilii
800 5839 961 5907 epist.
1014 5840 1081 5893 ad
1137 5837 1421 5894 Rusticum
1496 5849 1551 5895 et
1595 5839 1979 5896 Sebastianum
2032 5842 2149 5895 dia-

2252 5720 2445 5845 cogi;
2463 5772 2772 5832 Ferrandus
2821 5790 2944 5847 cap.
2969 5774 3094 5843 ιοι,
3129 5791 3193 5831 ex
3225 5789 3379 5831 conc.
3412 5774 3601 5829 Carth.
3652 5769 3730 5825 tit.
3758 5762 3808 5819 7.
