4122 6444
316 339 424 402 585

1169 328 1569 390 SYNTAGMA
1610 327 2002 390 CANONUM.
2036 353 2104 366 -
2129 327 2283 388 TlT.
2324 327 2408 388 II.
2452 330 2613 393 CAP.
2644 330 2761 391 III.

3475 338 3580 402 585

310 452 373 502 ὲν
401 449 513 509 τοῖς
535 444 849 517 εὖπςηρίοις
874 444 1043 505 οίκοις
1064 442 1211 495 ἔνδον
1243 442 1422 506 οἰκίας
1449 441 1904 514 λειτουργοῦντας

2007 441 2257 508 clericos,
2299 443 2393 513 qui
2439 442 2493 496 in
2521 444 2801 506 oratoriis,
2836 458 2958 513 qua:
2990 453 3120 500 sunt
3162 447 3304 503 intra
3337 454 3585 525 domum,

308 542 341 612 ἢ
376 540 738 611 βαπτίζοντας
767 537 1083 608 κληρικοὺς.
1108 534 1260 605 παρά
1296 535 1524 607 γνώμην
1548 535 1644 589 τοῦ
1676 536 1900 590 ἐπισκό-

308 649 436 699 που,
462 630 786 698 καθαιρέσει
826 630 1378 700 καθυποόαλλούσης,
1406 630 1501 683 καὶ
1543 631 1707 700 ἡμεῖς
1738 630 1901 685 τοῦτο

311 721 807 799 συμψῃφιζόμεθω
835 722 938 792 τῆς
978 723 1088 795 γὰρ
1116 724 1282 793 ἁγίας
1322 723 1648 794 Ἐκκλησίας
1679 723 1899 795 ὀρθοτο-

313 814 553 883 μούσης,
588 815 685 867 καὶ
713 814 803 868 τδν
843 816 1023 887 ἀληθῆ
1059 816 1475 887 πρεσϐευούσης
1503 816 1682 885 λόγον,
1712 817 1807 871 καὶ
1839 817 1900 870 τὸ

311 904 508 975 σεμνὸν
558 906 658 975 τῆς
698 906 976 969 πολιτείας
1016 906 1389 978 συντηρούσης
1434 924 1494 959 τε
1537 906 1634 960 καὶ
1684 906 1899 960 ἐκδιδα-

310 977 569 1065 σκούσης,
600 994 812 1065 ἀπηχὲς
840 997 936 1048 καὶ
962 977 1177 1049 ἀνόσιον
1200 977 1556 1068 παραχωρεῖν
1586 997 1711 1059 τοὺς
1735 996 1903 1050 ἀπαι-

306 1083 496 1155 δευσίᾳ
543 1085 637 1137 καὶ
680 1086 922 1157 ἀναρχίᾳ
958 1086 1259 1153 συζῶντας,
1300 1090 1383 1151 εἰς
1413 1088 1514 1153 τὰς
1558 1089 1738 1153 οἰκίας
1768 1088 1901 1143 ὐπο-

307 1175 621 1247 δυομένους,
660 1176 759 1247 τὴν
789 1178 995 1249 ταύτης
1019 1179 1275 1246 εὐταξίαν
1300 1180 1554 1253 διασπᾷν,
1572 1179 1666 1235 καὶ
1696 1179 1901 1251 πολλῆς

305 1268 557 1339 ταραχῆς
591 1270 687 1322 καὶ
733 1265 1051 1326 σκανδάλων
1087 1272 1463 1344 ἀποπληροῦν.
1500 1274 1699 1347 Διόπερ
1731 1275 1766 1345 ἡ
1804 1273 1900 1328 νῦν

311 1358 432 1430 ἱερὰ
470 1359 565 1413 καὶ
598 1359 1023 1435 θεοσυνέργητος
1052 1362 1292 1430 σύνοδος,
1324 1368 1389 1436 τῇ
1418 1366 1774 1437 οἱκουμενικῇ
1804 1366 1901 1419 καὶ

308 1452 443 1521 ἁγίᾳ
486 1452 618 1525 ἕκτῃ
664 1454 872 1525 συνόδῳ
919 1456 1292 1525 συμφωνοῦσα
1332 1456 1901 1528 ἀποκεκληρωμένους

308 1539 453 1596 εἶναι
485 1545 611 1609 τοὺς
633 1546 692 1598 έν
717 1548 826 1609 τοῖς
852 1546 1164 1618 εὐκτηρίοις
1190 1548 1359 1613 οἴκοις
1384 1548 1531 1602 ἔνδον
1563 1550 1739 1614 οἰκίας
1777 1545 1901 1605 οὖσι

306 1634 759 1707 λειτουργοῦντας
776 1639 1088 1711 διωρίσατο,
1123 1640 1224 1710 τῆς
1245 1640 1457 1714 ἀποκλη
1468 1641 1687 1711 ρώσεως
1713 1642 1900 1713 δηλον-

306 1726 412 1790 ότι,
431 1729 581 1800 παρά
602 1729 697 1783 τοῦ
725 1731 863 1793 κατά
890 1732 983 1784 τὸν
994 1732 1159 1786 τόπον
1183 1733 1483 1787 ἐπισκόπου
1503 1735 1683 1799 αὐτοῖς
1704 1739 1901 1792 ἀπονε-

2003 535 2304 597 celebrant.
2345 536 2430 590 vel
2462 536 2778 605 baptizant,
2816 547 3013 608 praeter
3050 541 3291 611 episcopi
3336 544 3591 600 volunta-

2004 638 2135 691 tem,
2168 628 2495 699 dcpositioni
2531 630 2808 698 subjiciat,
2843 645 2942 685 nos
2970 646 3189 701 quoque
3220 633 3362 688 idem
3400 637 3591 691 decer-

2004 723 2207 777 nimus.
2244 723 2377 777 Cum
2410 724 2557 777 enim
2589 732 2780 779 saneta
2816 724 3055 780 Ecclesia
3085 734 3233 780 recte
3275 726 3587 797 dispertiat,

2004 824 2304 881 veramque
2351 811 2621 866 rationem
2669 810 2944 873 defendat,
2996 820 3055 866 et
3097 814 3468 870 venerabilem
3526 832 3590 871 ac

2005 902 2295 957 honestam
2344 902 2503 959 bona;
2546 904 2909 961 institutionis
2966 904 3201 960 formam
3259 906 3478 973 doceat,
3537 916 3593 963 et

2004 1004 2314 1057 conservet,
2350 995 2745 1051 ineoncinnum
2785 1006 2890 1060 est,
2921 1006 2975 1052 et
3005 998 3273 1068 ineptum,
3310 1008 3372 1054 ut
3407 1001 3501 1071 qui
3534 1000 3590 1055 in

2003 1084 2329 1155 petulantia,
2371 1094 2427 1141 et
2471 1087 2761 1143 insolentia
2810 1103 2874 1143 ac
2913 1089 2968 1143 in
3008 1090 3379 1147 inubedientia
3421 1094 3588 1147 vitam

2004 1185 2194 1244 agunt,
2228 1174 2425 1230 domos
2446 1175 2767 1239 subeuntes,
2787 1177 2993 1232 bonum
3022 1178 3142 1249 ejus
3182 1179 3430 1234 ordinem
3457 1196 3591 1236 con-

2004 1266 2227 1332 vellant,
2278 1274 2333 1321 et
2377 1267 2546 1321 multa
2595 1268 3046 1337 perturbatione,
3096 1279 3151 1325 et
3192 1270 3589 1327 offensionibus

2006 1354 2289 1424 impleant.
2335 1353 2400 1409 Et
2439 1354 2561 1409 ideo
2598 1370 2757 1410 sacra
2806 1370 2984 1424 nunc,
3019 1364 3074 1411 et
3111 1357 3376 1414 divinitus
3397 1369 3586 1413 coacta

2004 1446 2270 1518 synodus,
2315 1446 2613 1502 universali
2650 1455 2815 1501 sextae
2855 1448 3063 1520 synodo
3094 1452 3464 1516 consentiens,
3491 1468 3589 1506 eos

2004 1539 2097 1602 qui
2134 1538 2188 1593 in
2225 1538 2507 1605 oratoriis,
2544 1555 2667 1610 qua-
2696 1548 2827 1594 sunt
2855 1540 2999 1595 intra
3029 1540 3246 1608 domos,
3280 1543 3583 1607 celebrant,

2003 1631 2149 1686 clero
2187 1640 2401 1688 amotos
2441 1645 2565 1688 esse
2605 1632 2818 1696 statuit,
2867 1648 2899 1688 a
2946 1633 3095 1688 clero
3130 1634 3385 1689 videlicet
3430 1650 3588 1689 amo-

2006 1722 2154 1779 tione
2181 1724 2263 1780 eis
2304 1724 2372 1779 ab
2398 1723 2517 1794 ejus
2551 1724 2655 1780 loci
2685 1724 2945 1795 episcopo
2983 1724 3149 1779 edita.
3183 1724 3241 1780 Si
3280 1726 3373 1796 qui
3403 1737 3584 1781 autem

310 1819 601 1892 μηθείσης.
647 1823 711 1875 Ei
756 1822 813 1875 δέ
860 1841 1007 1888 τινες
1040 1823 1193 1896 παρά
1230 1824 1480 1891 τούτους,
1537 1825 1633 1881 τοῦ
1681 1829 1905 1883 ἐπισκό-

2010 1823 2206 1885 practer
2238 1831 2354 1879 eos,
2389 1832 2500 1872 non
2548 1818 2931 1873 consentiente
2970 1820 3247 1888 episcopo,
3292 1818 3347 1873 in
3392 1817 3587 1873 domos

306 1932 413 1968 που
466 1917 540 1987 μὴ
579 1916 961 1983 εὐδοκοῦντος,
1007 1919 1087 1981 είς
1122 1920 1220 1982 τὰς
1264 1919 1444 1982 οἰκίας
1484 1921 1895 1989 εἱσπίπτοντες,

308 2008 582 2063 ἅπτεσθαι
618 2010 718 2081 τῆς
756 2010 1099 2084 λειτουργίας
1128 2010 1509 2083 ἀποτολμῶσι,
1540 2012 1765 2078 τούτους
1798 2015 1899 2086 μὲν

309 2100 734 2173 καθαιρεῖσθαι·
783 2103 911 2167 τοὺς
964 2102 1023 2157 δὲ
1056 2103 1159 2173 τῆς
1192 2104 1373 2157 αὐτῶν
1415 2104 1701 2170 κοινωνίας
1729 2123 1898 2178 μετα-

309 2192 560 2264 σχόντας,
590 2193 670 2265 τῷ
695 2194 990 2267 ἀφορισμῷ
1019 2195 1549 2253 καθυποὸἀλλεσθαι.

382 2288 474 2350 ιγ’.
525 2284 637 2344 Τάς
690 2284 800 2338 τῶν
845 2286 1144 2356 αἱρετικῶν
1200 2283 1461 2350 ζιζανίων
1503 2285 1812 2356 ὲπισποράς
1841 2287 1899 2340 ἐν

306 2375 488 2447 τῇτοῦ
521 2376 758 2447 Χριστοῦ
788 2377 1088 2450 Ἐκκλησία
1117 2379 1145 2432 ὁ
1163 2379 1525 2449 παμπόνηρος
1555 2379 1897 2446 καταϐαλὼν,

305 2468 404 2522 καὶ
435 2467 641 2531 ταύτας
680 2468 824 2538 ὀρῶν
858 2473 925 2541 τῇ
956 2470 1206 2542 μαχαίρᾳ
1236 2469 1331 2525 τοῦ
1360 2471 1683 2543 Πνεύματος
1708 2489 1903 2543 τεμνο-

310 2560 481 2632 μένας
524 2562 843 2633 πορῤίζους,
893 2563 982 2632 ἐφ’
1034 2564 1231 2634 ἑτέραν
1282 2558 1415 2637 ἦλθε
1453 2564 1730 2635 μεθοδεὶας
1759 2565 1897 2630 ὁδὸν,

308 2655 372 2725 τῇ
414 2653 527 2706 τῶν
587 2654 964 2723 σχισματικῶν
1017 2657 1185 2728 μανίᾳ
1233 2656 1295 2710 τὸ
1340 2657 1434 2711 τοῦ
1468 2657 1706 2728 Χριστοῦ
1741 2659 1901 2729 σῶμα

310 2744 566 2815 μερίζειν
589 2746 886 2815 ἐπιχειρῶν
905 2761 919 2775 ³
952 2746 1089 2800 ἀλλὰ
1116 2747 1211 2801 καὶ
1235 2749 1439 2818 ταύτην
1470 2748 1633 2802 αὐτοῦ
1655 2748 1755 2820 τὴν
1780 2750 1900 2802 ἐπι-

308 2834 511 2906 ϐουλὴν
534 2838 567 2907 ἡ
598 2837 731 2906 ἁγία
760 2836 976 2903 σύνοδος
993 2839 1396 2894 ἀναστέλλουσα
1415 2841 1713 2907 παντελῶς,
1732 2841 1901 2912 ῶρισε

306 2929 402 2983 τοῦ
448 2930 660 2996 λοιποῦ,
701 2930 789 2985 ἵνα
836 2933 888 2984 εἱ
922 2949 1006 2996 τις
1054 2933 1428 3006 πρεσϐύτερος
1478 2934 1800 3005 ῆδιάκονος,
1825 2934 1902 2999 ὡς

306 3020 477 3090 δῆθεν
524 3022 614 3073 ἐπ’
655 3021 973 3091 ἐγκλήμασὶ
1008 3039 1120 3075 τισι
1157 3022 1254 3075 τοῦ
1300 3022 1500 3076 οἰκείου
1540 3022 1903 3092 κατεγνωκὼς

308 3113 638 3178 ἐπισκόπου,
670 3114 779 3184 πρὸ
813 3114 1098 3184 συνοδικῆς
1130 3113 1431 3182 ὲξετάσεώς
1455 3132 1513 3168 τε
1544 3116 1637 3168 καὶ
1665 3113 1904 3185 ,διαγνώ-

2000 1906 2297 1971 irruentes,
2330 1908 2726 1966 celebrationis
2768 1908 3138 1964 miniSterium
3179 1909 3447 1979 attingere
3487 1924 3588 1963 au-

2000 2000 2186 2067 deant,
2216 2000 2254 2057 ii
2278 2001 2501 2071 quidem
2521 2002 2899 2072 deponantur:
2925 2000 3017 2072 qui
3041 2013 3174 2055 vero
3207 2000 3370 2071 126
3396 2016 3587 2055 eorum

2000 2091 2406 2147 communionis
2452 2100 2582 2147 sunt
2635 2092 3361 2165 participes,segregationi
3416 2092 3591 2162 subji-

2001 2184 2181 2236 ciantu
2192 2199 2235 2236 r.

2074 2275 2161 2330 15.
2200 2274 2591 2333 Haereticorum
2640 2278 2980 2335 zizaniorum
3012 2281 3225 2337 semina
3260 2281 3313 2336 in
3346 2279 3439 2335 Dei
3483 2279 3589 2333 Ec-

2002 2366 2167 2422 clesia
2201 2369 2474 2439 malignus
2512 2370 2797 2439 dejiciens,
2823 2380 2879 2426 et
2909 2387 3004 2427 eas
3041 2372 3233 2428 videns
3264 2371 3445 2442 gladio
3472 2369 3587 2440 spi-

2001 2459 2145 2514 ritus
2181 2460 2429 2515 exscindi
2469 2462 2758 2527 radicitus,
2786 2462 2855 2517 ad
2893 2464 3055 2517 aliam
3073 2464 3220 2518 venit
3261 2463 3584 2517 insidiarum

2002 2550 2171 2616 viam,
2204 2552 2681 2607 schismaticorum
2720 2554 2936 2610 insania
2972 2554 3176 2610 Christi
3208 2569 3411 2625 corpus
3446 2555 3587 2608 divi-

2002 2642 2132 2697 dere
2180 2645 2521 2715 aggrediens.
2566 2645 2672 2701 Sed
2714 2655 2768 2702 et
2812 2649 2913 2702 has
2960 2648 3079 2717 ejus
3122 2646 3351 2701 insidias
3395 2654 3585 2699 saneta

2003 2736 2247 2806 synodus
2286 2739 2613 2808 reprimens,
2648 2741 2874 2795 omnino
2903 2739 3115 2795 deﬁniit
3139 2739 3397 2807 deinceps
3432 2737 3583 2801 ut,°si

2001 2829 2129 2898 quis
2177 2830 2487 2902 presbyter,
2534 2833 2620 2887 vel
2672 2833 2961 2896 diaconus,
3006 2839 3067 2885 ut
3117 2830 3211 2900 qui
3274 2830 3466 2899 utique
3517 2830 3589 2883 ob

2004 2921 2186 2990 aliqua
2218 2921 2455 2977 crimina
2506 2921 2789 2992 preprium
2831 2921 3146 2991 episcOpum
3184 2921 3585 2979 eondemnarit.

2006 3022 2131 3066 ante
2161 3012 2477 3084 synodalem
2505 3014 2901 3084 cognitionem,
2926 3023 2978 3069 et
3015 3013 3501 3075 examinationem,
3535 3021 3591 3066 et

2005 3102 2305 3172 perfectam
2329 3104 2451 3175 ejus
2480 3106 3019 3171 condemnationem,
3054 3107 3125 3159 ab
3158 3105 3306 3159 illius
3339 3119 3589 3159 commu-

310 3220 477 3267 σεως,
506 3204 602 3257 καὶ
646 3204 748 3274 τῆς
780 3203 869 3257 ἐπ’
898 3205 1048 3277 αὐτῷ
1086 3205 1297 3268 τελείας
1326 3206 1724 3277 κατακρίσεως,
1769 3208 1905 3258 ἀποο

2010 3194 2171 3248 nione
2188 3193 2470 3252 discedere
2495 3211 2666 3252 ausus
2688 3194 2872 3262 fuerit,
2894 3205 2948 3251 et
2972 3196 3089 3265 ejus
3112 3211 3311 3251 nomen
3335 3196 3387 3250 in
3412 3195 3591 3250 sacris

310 3294 509 3363 στῆναι
556 3294 820 3365 τολμήσοι
862 3298 962 3368 τῆς
994 3296 1159 3350 αὑτοῦ
1193 3298 1498 3363 κοινωνίας,
1523 3298 1618 3352 καὶ
1649 3298 1709 3351 τὸ
1732 3297 1905 3368 ὄνομα

309 3386 483 3441 αὑτοῦ
529 3388 587 3441 έν
628 3390 749 3451 ταῖς
807 3389 978 3456 ἱεραῖς
1006 3390 1115 3443 τῶν
1146 3390 1501 3461 λειτουργιῶν
1536 3390 1744 3460 εὐχαῖς,
1762 3389 1905 3443 κατά

308 3477 369 3530 τὸ
395 3477 839 3548 παραδεδομένον
868 3482 932 3550 τῇ
971 3477 1291 3552 Ἐκκλησία,
1308 3482 1382 3551 μὴ
1404 3480 1689 3551 ἀναφέροι,
1713 3478 1905 3533 τοῦτον

310 3568 639 3624 ὑποκεῖσθαι
662 3571 1002 3642 καθαιρέσει,
1028 3572 1125 3626 κα)⁸
1155 3573 1336 3641 πάσης
1367 3574 1644 3641 ἱερατικῆς
1668 3573 1904 3626 ἀποστε-

313 3660 533 3734 ρεῖσθαι
565 3663 755 3733 τιμῆς.
803 3662 865 3717 '0
903 3665 1013 3735 γὰρ
1045 3665 1102 3715 ὲν
1129 3664 1504 3734 πρεσϐυτέρου
1552 3662 1705 3729 τάξει
1746 3678 1904 3716 τετα-

316 3753 546 3824 γμένος,
578 3755 674 3807 καὶ
705 3754 815 3808 τῶν
847 3754 1261 3825 μητροπολιτῶν
1284 3755 1544 3826 ἁρπάζων
1572 3756 1670 3824 τὴν
1699 3752 1903 3824 κρίσιν,

319 3848 415 3900 καὶ
456 3845 564 3916 πρὸ
593 3846 831 3917 κρίσεως
865 3846 1028 3910 αὐτὸς
1061 3846 1429 3917 κατακρίνων,
1456 3847 1580 3899 ὅσον
1605 3846 1665 3898 τὸ
1689 3846 1776 3898 ἐπ’
1807 3845 1907 3899 αύ-

315 3938 411 4009 τῷ,
443 3939 536 3991 τὸν
561 3939 759 3992 οἰκεῖον
778 3938 992 4010 πατέρα
1015 3941 1109 3991 καὶ
1136 3940 1458 4002 ἐπίσκοπον,
1485 3930 1642 4001 οὗτος
1662 3936 1783 3990 οὐδὲ
1802 3936 1907 4006 τῆς

316 4031 409 4084 τοῦ
428 4030 803 4102 πρεσὸυτέρου
827 4032 976 4084 ἐστὶν
996 4031 1144 4096 ἄξιος
1163 4031 1329 4101 τιμῆς
1357 4029 1390 4102 ἢ
1419 4030 1738 4100 ὀνομασίας.
1764 4030 1828 4082 Οἱ
1849 4029 1906 4082 δὲ

315 4123 534 4186 τούτοις
587 4125 980 4194 συνεπόμενοι,
1028 4124 1077 4176 εἱ
1128 4123 1228 4195 μὲν
1276 4123 1385 4176 τῶν
1433 4121 1746 4193 ἱερωμένων
1795 4116 1906 4175 εἶέν

314 4231 489 4279 τινες,
513 4214 610 4268 καὶ
642 4215 796 4268 αὐτοὶ
823 4216 924 4286 τῆς
951 4214 1158 4279 οἰκείας
1188 4215 1353 4285 τιμῆς
1380 4214 1795 4267 ὲκπιπτέτωσαν
1813 4229 1830 4245 ν
1856 4214 1905 4265 εἱ

315 4300 372 4360 δὲ
428 4307 656 4378 μοναχοὶ
703 4306 737 4379 ἢ
791 4307 991 4370 λαῖκοὶ,
1017 4307 1468 4378 ἀφοριζέσθωσαν
1493 4304 1773 4368 παντελῶς
1803 4304 1906 4374 τῆς

318 4400 679 4471 Ἑκκλησίας,
718 4400 910 4472 μέχρις
943 4400 1009 4454 ἂν
1045 4400 1143 4472 τὴν
1172 4400 1309 4472 πρὸς
1341 4400 1468 4461 τοὺς
1510 4396 1905 4468 σχισματικοὺς

319 4494 624 4563 συνᾶφειαν
681 4493 1097 4558 διαπτύσαντες,
1131 4494 1269 4566 πρὸς
1294 4492 1389 4546 τὸν
1434 4493 1634 4545 οίκεῖον
1677 4490 1901 4543 ἐπίσκοι-
1930 4528 1983 4588 D

319 4603 421 4640 πον
447 4586 861 4657 ἐπιστραφεῖεν.

385 4681 470 4734 ιδ’.
498 4678 569 4733 EI
590 4696 675 4743 τις
703 4679 1001 4743 ἐπίσκοπος
1040 4676 1385 4749 ἐγκλήματος
1423 4674 1696 4746 πρόφασιν
1722 4675 1907 4729 ποιού-

323 4790 509 4843 μενος,
542 4774 686 4827 κατὰ
709 4773 805 4826 τοῦ
829 4773 1033 4826 οἰκείου
1066 4770 1460 4842 μητροπολίτου
1489 4770 1593 4841 πρὸ
1622 4769 1908 4839 συνοδικῆς

320 4864 666 4934 διαγνώσεως
698 4866 999 4935 ἀποστήσει
1041 4864 1234 4920 ἑαυτὸν
1262 4866 1363 4935 τῆς
1409 4862 1545 4934 πρὸς
1596 4862 1758 4915 αὑτὸν
1789 4878 1907 4915 κοι-

322 4960 555 5022 νωνίας,
585 4960 680 5012 καὶ
734 4959 810 5030 μὴ
872 4958 1136 5029 ἀναφέροι
1174 4957 1234 5011 τὸ
1275 4956 1447 5026 ὄνομα
1482 4954 1648 5009 αὐτοῦ
1683 4955 1824 5009 κατά
1850 4953 1909 5008 τὸ

324 5048 636 5119 εἰθισμένον
667 5048 725 5100 ἐν
763 5051 830 5119 τῇ
865 5047 986 5120 θείᾳ.
1019 5046 1400 5119 μυσταγωγίᾳ,
1432 5045 1619 5098 τοῦτον
1646 5044 1845 5115 ὥρισεν
1875 5045 1909 5114 ἡ

328 5141 459 5207 ἁγία
494 5138 712 5202 σύνοδος
752 5139 1134 5211 καθῃρημένον
1162 5133 1323 5204 εἶναι,
1346 5139 1395 5191 εἰ
1434 5136 1593 5207 μόνον
1627 5133 1907 5206 ἐλεγχθείη

329 5231 572 5294 ἀποστὰς
595 5230 690 5284 τοῦ
718 5233 921 5283 οἰκείου
954 5228 1372 5301 μητροπολίτου,
1396 5231 1490 5280 καὶ
1520 5227 1723 5297 σχίσμα
1752 5226 1912 5295 ποιή-

332 5340 450 5384 σας.
481 5325 572 5375 Δεῖ
597 5323 706 5392 γὰρ
735 5323 964 5375 ἕκαστον
992 5322 1062 5376 τὰ
1081 5323 1257 5376 οἰκεῖα
1285 5322 1461 5393 μέτρα
1484 5318 1793 5387 γινώσκειν,
1818 5318 1914 5370 καὶ

335 5416 473 5484 μήτε
533 5416 629 5467 τὸν
698 5414 1070 5484 πρεσϐύτερον
1154 5415 1518 5483 καταφρονεῖν
1562 5410 1657 5465 τοῦ
1710 5408 1913 5463 οἱκείου

334 5508 658 5571 ἐπισκόπου,
694 5510 831 5579 μήτε
863 5509 953 5560 τὸν
994 5509 1295 5561 ἐπίσκοπον
1331 5505 1427 5559 τοῦ
1456 5505 1658 5559 οἰκείου
1706 5519 1914 5576 μητρο-

335 5600 579 5668 πολίτου,
616 5603 755 5673 μήτε
785 5602 875 5655 τὸν
910 5602 1312 5675 μητροπολίτην
1339 5600 1433 5654 τοῦ
1470 5599 1675 5654 οἰκείου
1714 5616 1914 5670 πατρι-

338 5690 530 5762 ἀρχου.

412 5785 493 5839 ιε’.
517 5788 597 5840 Τὰ
624 5787 913 5856 ὁρισθέντα
941 5788 1033 5842 ἐπὶ
1064 5786 1453 5859 πρεσϐυτέρων
1476 5786 1569 5840 καὶ
1605 5784 1919 5839 ἐπισκόπων

660 5887 929 5948 ΡΑτςιοι..
968 5887 1086 5945 Gn.
1138 5885 1291 5945 CIV.

2007 3284 2432 3341 celebrationum
2465 3289 2717 3357 precibus
2738 3329 2753 3355 ,
2792 3297 2852 3342 ut
2887 3287 3144 3343 Ecclesiae
3182 3288 3443 3343 traditum
3481 3296 3587 3352 est,

2011 3390 2120 3430 non
2146 3376 2375 3439 referat.
2428 3380 2476 3436 is
2502 3381 2833 3451 depositioni
2863 3383 3211 3454 subjiciatur,
3241 3392 3295 3436 et
3320 3381 3469 3437 omni
3501 3397 3590 3435 sa-

2008 3467 2273 3523 cerdotali
2310 3468 2522 3526 honore
2568 3471 2834 3541 privetur.
2868 3470 2974 3539 Qui
3015 3472 3159 3526 enim
3201 3481 3286 3527 est
3316 3471 3368 3526 in
3410 3485 3595 3525 sacer-

2007 3560 2175 3617 d0tali
2216 3561 2411 3617 ordine
2450 3563 2770 3631 collocatus,
2813 3574 2868 3619 et
2908 3564 3455 3635 metropolitanorum
3502 3564 3596 3631 ju-

2006 3656 2208 3710 dicium
2237 3656 2503 3727 praeripit,
2534 3668 2589 3712 et
2617 3656 3055 3728 antejudicium,
3092 3657 3210 3726 ipse
3236 3666 3502 3726 quantum
3538 3656 3594 3709 in

2007 3765 2067 3805 se
2101 3760 2209 3815 est,
2237 3754 2520 3822 pr0prium
2551 3761 2763 3823 patrem
2790 3763 2847 3809 et
2889 3755 3206 3824 episcopum
3241 3752 3594 3810 condemnat.

2007 3840 2053 3893 is
2087 3854 2190 3894 nec
2233 3840 2537 3913 presbyteri
2580 3842 2811 3907 honore,
2855 3858 2957 3897 nec
2992 3842 3213 3897 nomine
3248 3841 3447 3911 dignus
3487 3848 3594 3895 est.

2008 3930 2114 3999 Qui
2145 3942 2327 3987 autem
2360 3947 2457 3988 eos
2497 3944 2939 4004 consequuntur,
2974 3933 3019 3989 si
3048 3935 3162 3988 sint
3189 3934 3408 4004 quidem
3438 3948 3505 3988 ex
3531 3934 3598 3987 iis

2006 4024 2101 4096 qui
2132 4033 2264 4079 sunt
2292 4027 2467 4082 sacris
2495 4026 2720 4094 initiati,
2771 4026 2875 4097 ipsi
2917 4041 3138 4097 quoque
3170 4042 3200 4081 a
3246 4025 3469 4096 proprio
3497 4025 3596 4078 bo-

2007 4132 2141 4171 nore
2179 4117 2437 4172 excidant
2481 4136 2496 4173 :
2532 4119 2619 4173 sin
2651 4128 2834 4173 autem
2878 4119 2988 4173 sint
3025 4118 3149 4172 laici
3197 4117 3280 4171 vel
3313 4117 3594 4179 monachi,

2006 4221 2070 4261 ex
2112 4205 2356 4261 Ecclesia
2389 4209 2614 4262 omnino
2640 4216 3017 4277 scgregentur,
3059 4206 3236 4259 donec
3269 4218 3393 4256 cum
3449 4203 3597 4255 schi-

2007 4298 2253 4355 smaticis
2296 4300 2743 4369 conjunctionem
2776 4306 3121 4369 respuentes,
3180 4296 3249 4352 ad
3304 4294 3588 4366 proprium

2006 4391 2323 4462 episcopum
2351 4391 2556 4449 reversi
2592 4390 2816 4447 fuerint.

2089 4688 2177 4744 14.
2216 4689 2273 4744 Si
2307 4690 2434 4759 quis
2457 4690 2751 4761 episcopus
2780 4688 3185 4759 metropolitani
3215 4676 3422 4744 crimen
3461 4702 3598 4757 prte-

2013 4788 2225 4845 texens,
2271 4788 2399 4833 ante
2441 4779 2762 4850 synodalem
2804 4777 3201 4848 cognitionem,
3239 4776 3478 4845 seipsum
3530 4777 3598 4829 ab

2013 4870 2136 4940 ejus
2176 4869 2566 4925 communione
2597 4870 2941 4933 subduxerit,
2980 4877 3033 4923 et
3065 4883 3263 4923 nomen
3288 4867 3429 4938 ejus,
3464 4883 3597 4932 non,

2015 4971 2179 5033 prout
2228 4961 2397 5017 divini
2445 4962 2689 5034 mysterii
2740 4962 2899 5032 127
2941 4961 3290 5017 celebrationi
3342 4971 3428 5016 est
3464 4977 3602 5017 con-

2015 5063 2258 5121 suetum,
2312 5054 2531 5119 referat,
2586 5064 2777 5109 sancta
2826 5053 3067 5124 synodus
3106 5070 3232 5109 eum
3290 5054 3600 5123 depositum

2015 5160 2141 5203 esse
2174 5146 2386 5212 statuit,
2425 5147 2470 5201 si
2508 5155 2724 5201 tantum
2765 5150 3053 5203 convictus
3100 5148 3267 5204 fuerit
3301 5162 3330 5200 a
3381 5150 3604 5218 preprio

2019 5238 2443 5309 metropolitano
2467 5240 2783 5306 recessisse,
2812 5246 2868 5295 et
2899 5240 3143 5296 schisma
3178 5240 3394 5296 fecisse.
3429 5242 3605 5312 OpOr-

2020 5339 2097 5386 tet
2151 5331 2331 5400 enim]
2361 5346 2809 5402 unumquemque
2860 5333 3111 5402 preprias
3159 5342 3342 5403 partes
3396 5350 3604 5405 cogno-

2020 5434 2194 5483 scere,
2220 5429 2395 5475 etnec
2420 5425 2793 5491 presbyterum
2814 5424 3096 5493 proprium
3129 5424 3443 5491 episcopum
3466 5440 3604 5478 con-

2023 5526 2303 5581 temnere,
2358 5529 2458 5569 nec
2520 5515 2835 5585 episcopum
2898 5514 3177 5585 proprium
3226 5515 3605 5582 metropolita-

2023 5623 2179 5662 num.

2101 5781 2190 5836 15.
2233 5782 2362 5849 Quae
2402 5782 2468 5838 de
2503 5784 2860 5855 presbyteris,
2892 5792 2945 5839 ct
2981 5781 3278 5855 episcopis.
3312 5792 3365 5839 et
3404 5796 3601 5842 metro-

3178 5884 3251 5943 13
