4122 6448
555 371 665 437 587

1717 362 1979 423 PHO'I‘II
2007 360 2519 424 PATRIARCH/E
2548 364 2659 425 (ΞΡ.

3696 374 3795 436 588

556 488 817 558 petitante
838 484 1135 544 constituta
1170 491 1320 548 sunt,
1352 480 1526 536 multo
1550 478 1725 549 magis
1751 477 1915 533 etiam
1952 476 2007 530 in
2034 492 2127 546 pa-

2235 476 2329 529 καί¹
2363 475 2797 548 μητροπολιτῶν,
2831 472 3012 547 πολλῷ
3043 474 3243 546 μᾶλλον
3271 476 3366 531 καὶ
3399 476 3519 529 ἐπὶ*
3540 494 3796 555 πατριαρ-

557 580 818 637 triarchis
838 578 1199 636 conveniunt.
1225 575 1586 641 Quamobrem
1608 571 1653 626 si
1680 570 1805 640 quis
1828 569 2133 640 presbyter,

559 670 647 727 vel
683 673 998 741 episcopus,
1027 667 1111 722 vel
1151 666 1604 734 metrOpolitanus
1636 676 1665 714 a
1700 660 1785 714 sui
1811 658 2137 729 patriarcha:

559 763 949 819 communione
979 758 1237 816 recedere
1269 772 1437 814 ausus
1470 754 1655 818 fuerit,
1695 762 1749 807 et
1789 766 1990 806 nomen
2018 751 2137 821 ejus

560 868 694 920 non,
727 864 784 908 ut
817 853 871 907 in
907 851 1075 906 divini
1107 848 1351 921 mysterii
1382 846 1746 903 celebratione
1775 844 2135 900 constitutum

560 954 667 1007 est,
696 953 750 999 et
779 942 1107 1008 ordinatum,
1133 941 1355 1003 referat,
1381 940 1473 994 sed
1499 946 1626 992 ante
1656 934 1918 1007 synodale
1947 936 2137 991 decre-

561 1044 702 1102 tum,
733 1044 788 1091 et
829 1034 1126 1105 perfectam
1168 1033 1288 1102 ejus
1322 1030 1859 1095 condemnationem,
1893 1028 2140 1085 schisma

560 1127 769 1193 fecerit,
812 1127 1003 1182 statuit
1044 1133 1231 1179 sancta
1272 1123 1517 1196 synodus
1556 1137 1682 1178 eum
1723 1136 1849 1177 esse
1878 1122 1950 1177 ab
1987 1120 2139 1178 omni

560 1218 872 1275 sacerdotio
894 1217 1154 1281 alienum,
1187 1215 1233 1271 si
1259 1216 1316 1270 in
1342 1216 1446 1270 hoc
1477 1214 1655 1270 solum
1689 1214 1992 1284 deliquisse
2013 1227 2141 1269 eon-

559 1311 737 1366 victus
776 1310 963 1365 fuerit.
1000 1309 1066 1363 Et
1106 1310 1221 1363 haec
1262 1306 1481 1377 quidem
1530 1307 1853 1372 constituta,
1890 1313 1947 1360 et
1987 1306 2141 1361 obsi-

559 1412 721 1473 gnata
743 1412 891 1467 sunt,
917 1402 985 1456 de
1010 1401 1077 1456 iis
1099 1401 1193 1470 qui
1215 1400 1524 1468 aliquorum
1545 1398 1838 1453 criminum
1870 1406 2137 1467 prazlextu

559 1512 590 1548 a
610 1494 847 1564 propriis
876 1493 1205 1563 prmsulibus
1234 1490 1517 1555 recedunt,
1549 1498 1604 1545 et
1632 1490 1873 1545 scbisma
1902 1489 2135 1554 faciunt,

558 1593 616 1637 ct
640 1583 898 1638 Ecclesiae
933 1584 1192 1638 unionem
1226 1580 1559 1636 convellunt.
1596 1581 1701 1647 Qui
1738 1581 1883 1636 enim
1915 1588 2138 1651 pr0pter

560 1676 811 1731 haeresim
865 1675 1102 1744 aliquam
1145 1688 1176 1727 a
1225 1672 1431 1727 sanctis
1477 1669 1735 1727 Patribus
1775 1672 1860 1727 vel
1914 1672 2136 1743 synodis

559 1768 1003 1831 condemnatam,
1036 1781 1094 1821 se
1126 1781 1155 1819 a
1176 1766 1426 1836 praesulis
1452 1764 1839 1820 communione
1858 1773 2132 1834 separant,

563 1859 656 1913 illo
687 1857 935 1912 haeresim
986 1856 1197 1911 scilicet
1238 1855 1454 1925 publice
1490 1854 1843 1924 prmdicante,
1887 1863 1943 1908 et
1984 1854 2134 1909 nudo

556 1951 736 2019 capite
764 1950 820 2003 in
857 1948 1087 2004 ecclesia
1120 1948 1374 2012 docente,
1410 1946 1447 2001 ii
1486 1960 1595 2000 non
1636 1946 1813 2000 solum
1857 1946 2134 2001 canonica:

555 2055 732 2111 poenae
760 2056 869 2095 non
908 2040 1282 2110 subjicientur,
1332 2048 1457 2094 aute
1501 2038 1819 2110 synodalem
1867 2039 2135 2106 coanitio-

557 2147 704 2198 nem,
756 2134 971 2201 seipsos
1014 2146 1045 2186 a
1096 2132 1480 2187 communione
1514 2130 1657 2200 ejus,
1703 2130 1798 2201 qui
1841 2132 2135 2201 episcopus

554 2222 778 2289 dicitur,
830 2223 1177 2295 sejungentes
1212 2240 1226 2278 :
1259 2224 1356 2278 sed
1385 2232 1440 2278 et
1464 2224 1668 2278 honore
1694 2222 1791 2293 qui
1814 2224 2135 2281 orthodoxis

555 2316 843 2382 convenit,
882 2316 1028 2386 digni
1074 2315 1439 2371 habebuntur.
1479 2313 1597 2369 Non
1640 2316 1786 2371 enim
1825 2316 2132 2388 episcopos,

554 2408 650 2461 sed
701 2407 1163 2478 pseudepiscopos
1200 2415 1254 2461 et
1291 2406 1753 2477 pseudodoctores
1804 2408 2136 2462 condemna-

555 2508 683 2554 runt
712 2517 726 2554 :
753 2510 804 2554 et
827 2515 933 2554 non
956 2500 1249 2555 schismate
1267 2498 1521 2554 Ecclesia:
1558 2500 1814 2553 unionem
1846 2499 2131 2555 conscide-

555 2599 703 2655 runt,
731 2590 825 2647 sed
848 2604 878 2645 a
912 2590 1321 2655 schismatibus,
1357 2599 1412 2645 et
1436 2588 1801 2646 divisionibus
1831 2588 2131 2645 Ecclesiam

553 2685 786 2741 liberare
813 2684 1165 2743 studuerunt.

2236 566 2351 639 χῶν
2370 568 2598 637 ἁρμόζει
2615 582 2631 600 ο
2658 567 2802 620 ὥστε
2828 568 2983 631 είτις
3010 567 3406 639 πρεσϐύτερος,
3431 569 3464 640 ἢ
3494 570 3798 640 ἐπίσκοπος,

2238 658 2271 728 ἢ
2322 658 2747 730 μητροπολίτης,
2804 658 3132 729 τολμήσειεν
3178 657 3483 730 ἀποστῆναι
3525 662 3622 730 τῆς
3676 665 3803 735 πρὸς

2235 752 2329 804 τὸν
2360 752 2560 805 οίκεῖον
2588 750 2933 821 πατριάρχην
2971 751 3278 819 κοινωνίας,
3317 752 3413 806 καὶ
3448 752 3523 825 μὴ
3557 754 3806 830 ἀναφέροι

2237 841 2298 894 τὸ
2331 840 2502 912 ὄνομα
2534 840 2725 907 αὐτοῦ,
2756 842 2899 895 κατὰ
2931 840 2995 894 τδ
3024 841 3329 912 ὡρισμένον
3362 844 3455 898 καὶ
3485 848 3802 915 τεταγμένον

2238 931 2301 986 ἐν
2346 936 2412 1004 τῇ
2450 933 2572 1003 θείᾳ
2609 933 2995 1003 μυσταγωγίᾳ,
3029 932 3166 987 ἀλλά
3208 932 3314 1003 πρὸ
3354 934 3649 1005 ἐμφανείας
3688 956 3804 993 συν-

2237 1022 2448 1096 οδικῆς,
2470 1025 2564 1080 καὶ
2581 1025 2792 1089 τελείας
2816 1024 2980 1079 αὑτοῦ
3002 1026 3401 1096 κατακρίσεως,
3429 1028 3629 1099 σχίσμα
3663 1031 3807 1102 ποιήο

2240 1132 2356 1184 σει,
2384 1116 2573 1171 τοῦτον
2598 1117 2799 1189 ὥρισεν
2837 1118 2872 1188 ὴ
2907 1116 3041 1185 ἁγία
3066 1116 3307 1183 σύνοδος,
3338 1117 3518 1190 πάσης
3546 1121 3805 1191 ἱερατείας

2238 1211 2516 1274 παντελῶς
2541 1211 2820 1282 ἀλλότριον
2848 1206 3013 1277 εἶναι,
3048 1212 3098 1265 εί
3140 1212 3302 1282 μόνον
3333 1212 3615 1284 ἐλεγχθείη
3650 1215 3801 1268 τοῦτο

2238 1305 2664 1375 παρανομήσαςο
2699 1303 2991 1357 καὶταῦτα
3023 1304 3124 1375 μέν
3160 1304 3393 1375 ὥρισται
3428 1306 3523 1358 καὶ
3550 1307 3803 1376 ἐσφράγι-

2239 1413 2365 1453 σται
2408 1396 2691 1467 περὶτῶν,
2737 1397 3014 1467 προφάσει
3075 1396 3236 1451 τινῶν
3287 1397 3676 1468 ἐγκλημάτων,
3705 1401 3807 1453 τῶν

2236 1486 2452 1541 οἰκείων
2481 1487 2871 1556 ἀφισταμένων
2908 1487 3207 1559 προέδρων,
3242 1488 3337 1541 καὶ
3372 1489 3577 1558 σχίσμα
3605 1490 3809 1544 ποιούν-

2236 1597 2375 1647 των,
2408 1580 2506 1634 nati.
2534 1582 2632 1651 τὴν
2652 1580 2846 1633 ἐνωσιν
2874 1580 2975 1649 τῆς
3011 1581 3336 1650 Ἑκκλησίας
3362 1580 3724 1636 διασπώντων.
3748 1584 3808 1635 υἱ

2237 1672 2349 1744 γὰρ
2398 1672 2465 1726 δι’
2513 1674 2725 1744 αἵρεσίν
2772 1691 2891 1728 τινα
2950 1675 3103 1744 παρὰ
3149 1672 3260 1726 τῶν
3297 1673 3470 1741 ἁγίων
3510 1674 3735 1728 συνόδων
3774 1675 3809 1745 ἢ

2242 1765 2503 1833 Πατέρων
2548 1764 3035 1835 κατεγνωσμένην,
3084 1765 3184 1836 τῆς
3241 1765 3378 1836 πρὸς
3401 1766 3494 1818 τὸν
3558 1765 3817 1837 πρόεδρον

2237 1858 2524 1920 κοινωνίας
2545 1859 2769 1921 ἑαυτοὺς
2785 1858 3209 1923 διαστέλλοντες,
3238 1859 3447 1911 ἐκείνου
3475 1857 3574 1929 τὴν
3608 1857 3811 1927 αἵρεσιν

2237 1951 2477 2021 δηλονότι
2503 1951 2741 2022 δημοσίᾳ
2772 1952 3155 2021 κηρύττοντος.
3185 1950 3278 2003 καὶ
3304 1952 3483 2020 γυμνῇ
3511 1966 3578 2020 τῃ
3610 1952 3808 2020 κεφαλῇ

2236 2044 2324 2097 ἐπ’
2376 2042 2671 2112 ἐκκλησίας
2713 2043 3077 2107 διδάσκοντος,
3106 2043 3155 2095 oi
3191 2040 3427 2095 τοιοῦτοι
3458 2042 3520 2094 οὐ
3572 2040 3725 2110 μόνον
3746 2042 3816 2111 τῇ

2237 2136 2498 2204 κανονικῇ
2530 2133 2845 2203 ἐπιτιμήσει
2867 2134 2967 2202 οὐχ
2991 2132 3374 2185 ὑποκείσονται
3407 2129 3514 2199 πρὸ
3543 2128 3809 2198 συνοδικῆς

2235 2224 2578 2295 διαγνώσεως
2613 2226 2840 2288 ἑαυτοὺς
2881 2225 2983 2294 τῆς
3017 2224 3153 2295 πρὸς
3191 2223 3281 2277 τὸν
3330 2222 3663 2292 καλούμενον
3696 2220 3810 2273 ἐπί-

2238 2332 2441 2371 σκοπον
2472 2317 2757 2378 κοινωνίας
2787 2316 3243 2386 ἀποτειχίζοντες,
3268 2315 3404 2369 ἀλλά
3432 2316 3528 2369 καὶ
3555 2314 3652 2386 τῆς
3684 2331 3810 2386 πρε-

2237 2406 2447 2477 πούσης
2471 2406 2640 2477 τιμῆς
2672 2405 2974 2479 ὀρθοδὸξοις
3007 2406 3404 2477 ἀξιωθήσονται
3424 2423 3439 2438 ⁸
3469 2407 3529 2459 οὑ
3562 2406 3668 2478 γὰρ
3694 2406 3811 2458 ἐπι-

2238 2500 2494 2566 σκόπων,
2532 2498 2668 2554 ἀλλά
2704 2499 3157 2569 ψευδεπισκόπων
3193 2500 3285 2552 καὶ
3320 2499 3810 2569 ψευδοδιδασκάλων

2232 2586 2586 2655 κατέγνωσαν
2603 2603 2619 2619 ⁸
2649 2588 2744 2642 καὶ
2771 2588 2832 2641 οὐ
2862 2588 3121 2659 σχίσματι
3140 2587 3241 2658 τὴν
3260 2587 3453 2643 ἕνωσιν
3475 2588 3575 2658 τῆς
3595 2587 3812 2656 Ἐκκλη-

2240 2679 2364 2742 σίας
2410 2679 2749 2750 κατέτεμον,
2808 2680 2946 2734 ἁλλά
3001 2681 3316 2752 σχισμάτων
3366 2681 3463 2734 καὶ
3514 2679 3811 2752 μερισμῶν,

2238 2768 2338 2840 τὴν
2383 2770 2712 2841 Ἐκκλησίαν
2740 2772 3079 2826 ἐσπούδασαν
3112 2771 3407 2843 ῥύσασθαι.

1895 3113 2299 3202 ΤΙΤΛΟΣ
2372 3110 2490 3202 Γ’.

617 3295 777 3351 ΠΕΡΙ
822 3296 1078 3365 ΕΥΧΩΝ,
1111 3294 1235 3352 ΚΑΙ
1279 3296 1716 3368 ΨΑΛΜῼΔΙΩΝ,
1759 3296 1883 3352 ΚΑΙ
1921 3293 2393 3359 ΑΝΑΓΝΩΣΕΩΣ,
2436 3294 2557 3348 ΚΑΙ
2608 3294 2994 3361 ΑΝΑΦΟΡΑΣ,
3029 3295 3151 3347 ΚΑΙ
3188 3295 3592 3362 ΚΟΙΝΩΝΙΛΣ,
3635 3297 3757 3352 ΚΑΙ

1011 3392 1365 3459 ΦΟΡΕΣΙΔΣ,
1399 3391 1524 3445 ΚΑΙ
1551 3389 1943 3446 ΥΠΟΥΡΓΙΑΣ
1969 3386 2447 3452 ΔΝΔΓΝΩΣΤΩΝ,
2484 3388 2771 3442 ΨΑΛΤΩΝ
2802 3390 2924 3444 ΚΑΙ
2954 3387 3354 3443 ΥΠΗΡΕΤΩΝ.

1685 3721 1853 3798 128
1901 3718 2421 3811 TITULUS
2492 3694 2697 3813 111'.

625 3908 715 3966 DE
737 3909 1102 3979 PRECIBUS,
1125 3911 1219 3968 ET
1246 3910 1680 3979 PSALMODllS,
1706 3908 2074 3976 LECTIONE,
2091 3907 2506 3976 OBLATIONE,
2535 3908 2626 3965 ET
2660 3908 3152 3981 COMMUNIONE,
3179 3913 3269 3969 ET
3294 3914 3384 3970 DE
3419 3912 3743 3981 VESTITU,

1111 4004 1350 4074 ATQUE
1387 4004 1661 4061 OFFICLO
1696 4001 2100 4072 LECTORUM,
2135 4000 2547 4069 CANTORUM,
2591 3989 2679 4056 ΕΤ
2728 4002 3246 4065 MINISTRORUM.

622 4315 850 4373 CAPUT
887 4316 1181 4375 PRIMUM.
1207 4344 1276 4361 -—
1305 4319 1503 4387 Quales
1533 4336 1711 4391 preces
1752 4320 1980 4393 populus
2026 4338 2130 4376 au-

2301 4318 2701 4374 ΚΕΦΑΛΔΙΟΝ
2738 4318 3038 4373 ΠΡΩΤΟΝ.
3058 4302 3133 4358 ζ-
3153 4317 3348 4372 Ποίων
3383 4317 3584 4387 εὐχῶν
3610 4319 3643 4371 δ
3662 4315 3805 4381 λαὸς

547 4402 698 4472 diat,
743 4414 795 4458 et
844 4414 1165 4475 quapropter
1213 4407 1268 4460 in
1310 4408 1566 4463 orientem
1597 4412 1978 4480 prospicientes
2015 4426 2137 4480 pre-

548 4512 747 4552 cemur.

833 4586 1060 4643 Concilii
1098 4589 1385 4645 Laodicem’
1411 4609 1636 4647 canones
1666 4593 1720 4660 5,
1755 4594 1845 4650 19.

621 4698 676 4753 5.
717 4696 834 4755 Non
864 4711 1117 4771 oportere
1165 4704 1544 4763 ordinationes
1580 4707 1697 4763 ﬁeri
1745 4707 1799 4763 in
1842 4710 2133 4779 praesentia

552 4804 745 4844 eorum
776 4790 871 4858 qui
905 4792 1154 4847 audiunt.

630 4880 715 4935 l9.
756 4878 1020 4951 Oportere
1069 4899 1318 4941 seorsum
1364 4887 1623 4955 primum,
1675 4897 1801 4957 post
1847 4889 2135 4959 episcopo-

553 4987 676 5025 rum
701 4987 1002 5041 sermones,
1025 4977 1545 5033 catecbumenorum
1570 4982 1873 5036 orationem
1906 4983 2090 5053 peragi
2113 5002 2129 5049 ;

552 5071 608 5118 et
635 5073 923 5133 postquam
947 5068 1185 5122 exierint
1213 5072 1618 5139 catechumeni,
1658 5088 1853 5128 eorum
1887 5075 1980 5145 qui
2010 5091 2131 5145 pte-

554 5154 841 5209 nitentiam
895 5167 1083 5226 agunt,
1138 5158 1256 5214 ﬁeri
1299 5159 1649 5214 orationem:
1682 5170 1890 5216 etcum
1942 5162 1981 5216 ii
2028 5162 2132 5218 sub

552 5259 776 5301 manum
816 5249 1167 5312 accesserint,
1201 5261 1256 5305 et
1281 5252 1627 5319 secesserint,
1664 5254 1904 5309 ﬁdelium
1938 5269 2131 5324 preces

550 5338 633 5393 sic
670 5344 754 5392 ter
798 5337 916 5393 ﬁeri
945 5357 960 5394 :
992 5356 1156 5394 unam
1191 5342 1435 5411 quidem,
1488 5344 1700 5399 scilicet
1748 5347 2005 5416 primam,
2061 5348 2134 5403 si-

550 5426 756 5496 lentio;
787 5430 1081 5485 secundam
1122 5439 1305 5489 autem
1335 5445 1391 5487 et
1422 5434 1639 5488 tertiam
1675 5450 1773 5505 per
1798 5440 2128 5507 pronuntia-

548 5521 753 5576 tionem
810 5523 1047 5592 impleri,
1097 5524 1294 5580 deinde
1330 5526 1411 5581 sic
1456 5541 1644 5595 pacem
1693 5530 1834 5585 dari.
1869 5529 1938 5585 Et
1979 5541 2131 5602 post-

550 5626 714 5680 quam
760 5615 1066 5688 presbyteri
1116 5633 1306 5689 pacem
1356 5619 1618 5691 episcopo
1671 5621 1948 5690 dederint,
1999 5631 2127 5680 tunc

545 5702 717 5761 laicus
755 5706 919 5763 etiam
954 5724 1140 5779 pacem
1183 5711 1359 5767 dare:
1388 5720 1443 5769 et
1479 5711 1560 5768 sic
1588 5724 1834 5771 sanctam
1881 5717 2119 5774 oblatio—

2233 4409 2541 4480 ἀκροᾶταυ
2579 4410 2680 4465 καὶ
2719 4410 2817 4467 διὰ
2840 4411 2898 4465 τι
2933 4411 3083 4479 πρὸς
3112 4411 3415 4477 ἀνατολὰς
3434 4409 3689 4479 ὁρῶντες
3712 4411 3804 4461 εὐ·

2234 4504 2481 4573 χόμεθα.

2482 4592 2754 4649 Συνόδου
2790 4594 3141 4661 Λαοδικείας
3168 4592 3371 4647 κανὼν
3397 4600 3460 4660 ε’,
3491 4594 3576 4649 tO'.

2307 4712 2370 4761 ε’.
2401 4708 2538 4778 Περὶ
2567 4707 2661 4761 τοῦ
2693 4708 2768 4779 μὴ
2792 4710 2900 4763 δεῖν
2924 4707 3023 4772 τὰς
3045 4710 3384 4780 χειροτονίας
3420 4709 3516 4763 ἐπὶ
3542 4723 3806 4780 παρουσιᾳ

2232 4797 2601 4868 ἀκροωμένων
2628 4799 2893 4867 γίνεσθαι.

2308 4888 2392 4943 ιθ’.
2429 4887 2567 4958 Περὶ
2591 4889 2684 4942 τοῦ
2726 4889 2834 4943 δεῖν
2870 4889 2979 4959 ἰδίᾳ
3020 4888 3260 4961 πρῶτον,
3299 4892 3438 4961 μετά
3469 4891 3571 4955 τὰς
3603 4890 3807 4961 ὁμιλίας

2222 4978 2342 5033 τῶν
2374 4980 2712 5047 ἐπισκόπων,
2746 4982 2854 5035 τῶν
2895 4984 3319 5054 κατηχουμένων
3342 4984 3506 5055 εὐχὴν
3546 4983 3806 5037 ἐπιτελεῖ-

2235 5071 2394 5124 σθαιο
2430 5071 2522 5125 καὶ
2579 5074 2718 5142 μετά
2758 5073 2821 5126 τὸ
2861 5073 3100 5137 ἐξελθεῖν
3164 5076 3291 5139 τοὺς
3350 5075 3808 5147 κατηχουμένους,

2232 5162 2341 5216 τῶν
2376 5165 2435 5216 ἐν
2468 5164 2727 5235 μετανοίᾳ
2768 5165 2869 5237 τὴν
2919 5166 3086 5237 εὐχὴν
3137 5167 3414 5235 γίνεσθαι·
3464 5169 3561 5221 καὶ
3612 5166 3809 5219 τούτων

2232 5256 2642 5328 προσελθόντων
2672 5257 2777 5311 ὑπὸ
2806 5264 2962 5329 χεῖρα
2990 5260 3089 5312 καὶ
3116 5261 3614 5332 ὑποχωρησάντων,
3642 5258 3808 5319 οὕτως

2230 5350 2340 5401 τῶν
2375 5348 2587 5402 πιστῶν
2614 5348 2713 5413 τὰς
2740 5350 2904 5420 εὐχάς
2930 5352 3179 5419 γίνεσθαι
3207 5355 3357 5424 τρεῖς
3379 5366 3392 5382 ’
3433 5351 3565 5423 μίαν
3594 5353 3691 5421 μὲν
3715 5350 3808 5417 τὴν

2231 5440 2455 5512 πρώτην
2487 5440 2575 5493 διὰ
2601 5443 2835 5512 σιωπῆς,
2870 5444 2969 5513 τὴν
2996 5443 3052 5497 δὲ
3081 5444 3343 5515 δευτέραν
3375 5444 3471 5499 καὶ
3504 5444 3695 5515 τρίτην
3728 5441 3809 5495 διὰ

2231 5537 2673 5607 προσφωνήσεως
2724 5536 3090 5610 πληροῦσθαι·
3133 5536 3233 5593 εἷθ’
3255 5539 3428 5604 οὕτως
3460 5538 3564 5611 τὴν
3593 5539 3809 5608 εἰρήνην

2230 5627 2488 5691 δίδοσθαι,
2517 5628 2615 5682 καὶ
2653 5629 2796 5699 μετά
2831 5631 2893 5685 τὸ
2927 5619 3333 5704 πρεσϐυτέρους
3361 5633 3545 5687 δοῦναι
3578 5631 3657 5701 τῷ
3697 5632 3808 5681 ἐπι-

2232 5720 2422 5792 σκόπῳ
2453 5720 2552 5793 τὴν
2585 5723 2835 5796 είρήνην,
2880 5726 3002 5781 τότε
3031 5726 3157 5791 τοὺς
3198 5726 3422 5791 λαῖκοὺς
3462 5724 3563 5795 τὴν
3592 5724 3807 5794 εἰρήνην
