4122 6430
421 369 520 431 589

1188 367 1591 428 SYNTAGMA
1625 364 2018 435 CANONUM.
2057 392 2125 404 -
2158 367 2305 428 TIT.
2348 368 2463 428 IIl.
2503 370 2665 430 CAP.
2704 371 2756 445 Ι,
2790 373 2877 433 ΙΙ.

3593 382 3700 443 590

419 483 617 539 διδόναι
637 497 651 513 ⁶
681 480 777 536 καὶ
799 479 943 534 οὕτω
958 479 1057 553 τὴν
1071 480 1237 549 ἀγίαν
1256 479 1580 551 προσφορὰν
1603 463 1995 544 ὲπιτελὲῖσθαις

2114 497 2233 534 nem
2268 482 2479 551 perlici,
2509 491 2566 537 et
2592 482 2727 538 solis
2761 483 2929 539 licere
2972 485 3203 541 sacratis
3235 486 3301 541 ad
3331 487 3500 542 altare
3540 504 3699 544 acri--

422 577 511 629 καὶ
535 574 719 644 μόνοις
754 574 875 638 ἐξὸν
905 568 1045 628 εἶναι
1072 576 1185 637 τοῖς
1217 574 1517 645 ἱερατικοῖς
1546 573 1773 627 εἰσιέναι
1812 573 1893 636 είς
1943 572 2005 624 τὸ

421 670 801 738 θυσιαστήριον
834 667 929 720 καὶ
955 670 1258 723 κοινωνεῖν.

489 760 810 814 Βασιλείου
848 760 917 813 ἐκ
949 759 1058 814 τοῦ
1090 762 1170 825 κζ’
1199 778 1334 830 nega.
1366 760 1485 814 τῶν
1513 759 1646 828 περὶ
1678 758 1788 811 τοῦ
1821 756 1998 826 ἁγίου

422 851 763 918 Πνεύματος
796 850 947 918 πρὸς
988 850 1099 904 τὸν
1135 849 1432 920 μακάριον
1474 850 1863 919 Ἀμεριλόχιον
1910 861 2006 913 τε·

420 940 789 1011 mappa-rain

484 1034 764 1105 waﬁv'cﬁ
796 1032 1092 1104 Ἐκκλησία
1110 1033 1545 1105 πεφυλαγμένων
1565 1032 1875 1103 δογμάτων,
1894 1042 2002 1097 etc,

418 1143 584 1197 usque
614 1127 681 1180 ad
712 1126 945 1196 δύναμιν
979 1126 1400 1197 εἰσφερομένην,
1429 1142 1482 1179 κ.
1509 1143 1560 1180 τ.
1595 1124 1647 1182 λ.

495 1219 557 1271 Ἡ
590 1219 654 1283 ιζ’
680 1217 921 1282 διάταξις
967 1218 1064 1271 τοῦ
1114 1225 1163 1271 α’
1185 1218 1291 1271 τίτ.
1319 1216 1429 1271 τῶν
1453 1218 1685 1288 Νεαρῶν
1729 1217 1878 1287 λέγει
1906 1218 2006 1290 τὴν

416 1310 577 1381 εὐχὴν
606 1310 706 1380 τῆς
730 1310 894 1378 ἁγίας
924 1311 1214 1375 κοινωνίας
1254 1311 1349 1364 καὶ
1379 1310 1475 1363 τοῦ
1506 1310 1664 1379 ἁγίου
1695 1310 2006 1383 βαπτίσμα-

415 1416 527 1462 τος,
554 1398 796 1467 ὀφείλειν
833 1399 1191 1464 ἐξακούεσθαι
1221 1398 1300 1470 τῷ
1333 1398 1465 1470 λαῷ.

486 1493 741 1546 ΚΕΦΑΛ.
794 1492 868 1547 B'.
900 1522 969 1534 -—
995 1492 1135 1561 Περὶ
1177 1494 1284 1545 τοῦ
1329 1493 1520 1558 τινας,
1562 1491 1661 1546 καὶ
1708 1492 1857 1559 πῶς,
1904 1493 2005 1546 καὶ

414 1584 556 1640 ποῖα
583 1584 678 1641 δεῖ
708 1585 995 1655 ψάλλειν,
1023 1585 1062 1655 ἢ
1100 1586 1411 1655 εὔχεσθαι,
1452 1584 1491 1655 ἢ
1538 1585 2000 1656 ἀναγινώσκειν.

807 1679 1161 1734 Ἀπστόλων
1176 1680 1379 1734 κανὼν
1414 1677 1480 1745 ξ’,
1514 1685 1619 1732 πε’.

2108 572 2237 626 dere
2290 582 2345 626 et
2377 578 2816 630 communicare.

2186 750 2348 821 129
2366 750 2562 807 Basilii
2592 769 2712 823 cap.
2742 754 2814 807 27
2836 770 3020 809 eorum
3050 773 3169 827 quae
3185 756 3250 813 de
3282 756 3490 827 Spiritu
3516 768 3701 811 sancto

2110 841 2179 893 ad
2220 842 2430 895 beatum
2456 844 2888 913 Amphilochium
2921 847 3156 917 scripsit.

2180 1024 2256 1080 Ex
2287 1028 2585 1083 asservatis
2627 1028 2682 1083 in
2725 1029 2970 1086 Ecclesia
3000 1030 3371 1101 dogmatibus,
3412 1048 3577 1102 usque
3632 1035 3699 1087 ad

2108 1116 2217 1171 vim
2249 1114 2563 1173 allerentem
2592 1157 2607 1182 ,
2638 1130 2770 1187 ete.,
2798 1130 2856 1174 ut
2881 1137 3005 1191 pag.
3036 1122 3161 1177 462.

2184 1206 2400 1262 Textus.
2428 1209 2619 1264 Const.
2651 1210 2738 1275 17,
2773 1214 2856 1266 ιὶι.
2897 1212 2919 1265 1
2965 1211 3313 1270 Novellarum
3340 1216 3478 1272 dicit
3511 1231 3703 1285 preces

2108 1308 2473 1355 sacrosanctae
2503 1302 2913 1358 communionis
2942 1311 2998 1358 et
3032 1307 3371 1362 sacrosancti
3399 1307 3703 1376 baptisma-

2108 1393 2178 1446 tis
2209 1406 2237 1446 a
2270 1393 2471 1462 populo
2507 1393 2756 1449 exaudiri
2788 1394 3009 1451 debere.

2182 1481 2341 1539 CAP.
2372 1481 2437 1537 ll.
2451 1513 2523 1523 —
2539 1482 2770 1550 Quinam
2786 1495 2835 1539 et
2851 1488 3114 1556 quomodo
3139 1499 3189 1543 et
3213 1506 3457 1561 quamam
3476 1490 3701 1558 psallere

2106 1572 2350 1639 debeant,
2400 1581 2495 1627 aut
2556 1574 2790 1643 precari,
2823 1585 2917 1629 aut
2976 1577 3165 1646 legere.

2463 1666 2837 1735 Apostolorum
2870 1682 3095 1721 canones
3126 1668 3215 1734 60,
3248 1669 3335 1725 85.

488 1774 556 1839 ξ’.
586 1772 654 1827 El
672 1789 758 1837 τις
788 1772 859 1824 τὰ
891 1771 1314 1842 ψευδεπίγραφα
1336 1772 1446 1825 τῶν
1475 1771 1688 1826 ἀσεϐῶν
1720 1772 1902 1843 βιϐλία
1930 1772 2007 1835 ὼς

2185 1755 2255 1810 60
2284 1754 2423 1827 [59].
2477 1755 2535 1811 Si
2567 1755 2693 1827 quis
2748 1756 2888 1813 falso
2933 1758 3235 1827 inscriptos
3286 1760 3584 1830 impiorum
3630 1765 3701 1819 li-

414 1865 545 1933 ἆγια
567 1866 661 1918 ἐπὶ
684 1866 782 1935 τῆς
805 1862 1106 1934 ἐκκλησίας
1127 1863 1191 1932 δη
1201 1861 1446 1934 μοσιεύοι
1476 1861 1571 1917 ἐπὶ
1592 1861 1737 1934 λύμῃ
1761 1861 1856 1916 τοῦ
1876 1861 2004 1916 λαοῦ

413 1961 507 2013 καὶ
538 1958 636 2012 τοῦ
666 1958 893 2029 κλήρου.
919 1955 1311 2026 καθαιρείσθω.

480 2047 593 2106 πε⁹.
637 2050 821 2103 Ἔστω
862 2048 920 2102 δὲ
967 2048 1100 2119 ὑμῖν
1133 2042 1269 2103 πᾶσι
1320 2046 1607 2119 κληρικοῖς
1645 2046 1739 2100 καὶ
1793 2044 2005 2111 λαῖκοῖς

412 2142 597 2213 βιϐλία
637 2140 911 2212 σεϐάσμια
940 2141 1035 2194 καὶ
1061 2140 1196 2209 ἀγια
1216 2154 1233 2170 ⁶
1262 2140 1364 2212 τῆς
1396 2138 1496 2208 μὲν
1524 2138 1770 2201 Παλαιᾶς
1803 2135 2007 2207 Διαθή-

412 2252 537 2305 κης,
576 2232 824 2296 Μωσέως
868 2232 1052 2297 πέντε,
1088 2232 1333 2296 Γένεσις,
1398 2230 1642 2295 Ἔξοδος,
1693 2230 2003 2296 Λευῖτικὸν,

424 2326 697 2398 Ἀριθμοὶ,
728 2324 1172 2395 Δευτερονόμιον’
1215 2322 1390 2395 Ἰησοῦ
1415 2321 1532 2377 υίοῦ
1563 2322 1725 2393 Ναυῆ
1761 2321 1839 2385 ἓν,
1864 2322 2006 2391 Κρι-

408 2419 520 2472 τῶν
548 2416 628 2483 ἓν,
670 2416 827 2471 Ῥοὺθ
857 2422 927 2483 α’,
958 2415 1259 2470 Βασιλειῶν
1282 2414 1347 2479 δ’,
1372 2414 1878 2487 Παραλειπομένων
1904 2413 2008 2484 τῆς

412 2510 600 2581 βίϐλου
634 2508 742 2563 τῶν
771 2508 997 2581 ἡμερῶν
1036 2507 1103 2579 β’,
1135 2507 1344 2579 Ἔσδρα
1382 2506 1449 2577 β’,
1496 2506 1701 2578 Ἐσθὴρ
1736 2503 1816 2569 ἓν,
1849 2506 2008 2559 Μακ-

413 2600 660 2654 καϐαίων
682 2604 753 2668 γ’,
789 2599 910 2652 Ἰὼϐ
932 2598 1012 2661 ἒν,
1036 2598 1372 2669 Ψαλτήριον,
1393 2596 1741 2666 Σολομῶντος
1759 2603 1827 2662 γ’,
1855 2596 2007 2667 Παρ-

412 2690 614 2761 οιμίαι,
653 2689 1107 2762 Ἐκκλησιαστὴς,
1148 2685 1342 2762 τᾼσμα
1385 2690 1669 2761 ᾀσμάτων,
1700 2688 2007 2758 Προφητῶν

410 2781 664 2847 δεκαδύο,
693 2780 752 2835 ἓν
793 2781 1040 2847 Ἡσαΐου,
1075 2782 1134 2835 ἓν
1178 2782 1459 2852 Ἰεζεκιὴλ,
1488 2780 1546 2835 ἓν
1574 2781 1797 2853 Δανιήλ.
1830 2782 2005 2849 ’Ἐξω-

412 2873 502 2927 θεν
527 2872 587 2926 δὲ
637 2873 767 2944 ύμῖν
798 2874 1270 2946 προσιστορείσθω
1325 2872 1622 2944 μανθάνειν
1670 2873 1798 2936 τοὺς
1851 2873 2007 2936 νέους

412 2963 569 3034 ὑμῶν
611 2963 707 3017 τοῦ
741 2963 1093 3035 πολυμαθοῦς
1135 2962 1307 3035 Σιρὰχ
1339 2962 1439 3036 τὴν
1484 2961 1678 3031 σοφίαν
1705 2978 1718 2992 ·
1761 2960 2007 3031 ἡμέτερα

411 3057 487 3123 δὲ,
521 3057 774 3110 τουτέστι
822 3058 923 3128 τῆς
971 3056 1182 3127 Καινῆς
1212 3057 1509 3127 Διαθήκης,
1545 3054 1851 3123 Εύαγγέλια
1885 3054 2008 3107 τέσ-

414 3166 581 3218 σαρα,
613 3148 920 3211 Ματθαίου,
945 3148 1196 3221 Μάρκου,
1232 3148 1440 3215 Λουκᾶ,
1489 3146 1758 3211 Ἰωάννου,
1787 3147 2005 3201 Παύλου

412 3240 702 3295 ἄπιστολαὶ
752 3241 830 3304 ιδ’,
887 3241 1099 3312 Πέτρου
1149 3241 1434 3295 ἐπιστολαὶ
1483 3239 1597 3307 δύο,
1657 3239 1905 3293 Ἰωάννου
1936 3235 2007 3308 γ’,

424 3332 686 3387 Ἰακώϐου
734 3340 806 3400 α’,
854 3333 1026 3387 Ἰούδα
1066 3340 1137 3400 α’,
1193 3334 1513 3403 Κλήμεντος
1564 3331 1849 3385 ἐπιστολαὶ
1891 3330 2004 3393 δύο,

412 3426 507 3478 καὶ
537 3426 596 3480 αἱ
623 3424 873 3493 διαταγαὶ
906 3425 1034 3495 ὑμῖν
1070 3428 1183 3487 τοῖς
1233 3423 1552 3486 ἐπισκόποις
1592 3422 1661 3476 δι’
1696 3422 1831 3493 ἐμοῦ
1862 3422 2011 3492 Κλή-

416 3533 616 3586 μεντος
642 3516 700 3569 ὲν
747 3515 893 3569 ὀκτὼ
939 3516 1168 3585 βιϐλίοις
1215 3514 1776 3586 προσπεφωνημέναι,
1827 3512 1895 3577 ἂς
1946 3515 2009 3568 ού

414 3606 523 3679 χρὴ
552 3604 902 3676 δημοσιεύειν
931 3607 1026 3660 ἐπὶ
1074 3606 1316 3671 πάντων,
1353 3606 1442 3659 διὰ
1470 3608 1537 3659 τὰ
1580 3606 1638 3658 ὲν
1682 3605 1873 3668 αὐταῖς
1906 3622 2010 3675 μυ-

417 3697 581 3753 στικά
600 3716 614 3728 ·
646 3700 741 3753 καὶ
773 3701 829 3752 αἱ
865 3700 1100 3769 Πράξεις
1126 3698 1288 3770 ἡμῶν
1320 3697 1427 3750 τῶν
1458 3696 1774 3751 ἀποστόλων
1794 3712 1807 3725 ·
1835 3696 2010 3749 ταῦτα

416 3791 514 3844 καὶ
566 3791 697 3863 περὶ
746 3791 985 3844 κανόνων
1022 3789 1359 3861 διατετάχθω
1411 3790 1541 3860 ὑμῖν
1585 3788 1718 3861 παρ’
1748 3788 1929 3859 ἡμῶν,
1965 3780 2012 3841 ὧ

417 3885 731 3940 ἐπίσκοποι.
776 3885 965 3955 Ὑμεῖς
994 3884 1051 3938 δὲ
1082 3884 1415 3955 ἐμμένοντες
1454 3882 1661 3946 αὐτοῖς,
1696 3880 2011 3953 σωθήσεσθε

416 3981 512 4033 καὶ
541 3980 769 4050 εἰρήνην
814 3977 993 4042 ἕξετε·
1046 3975 1405 4040 ἀπειθοῦντες
1454 3976 1532 4039 δὲ,
1581 3974 2010 4045 κολασθήσεσθε,

418 4074 514 4125 καὶ
548 4071 785 4141 πόλεμον
840 4071 958 4141 μετ’
997 4068 1243 4140 ἀλλήλων
1288 4068 1460 4122 ἀΐδιον
1506 4067 1680 4132 ἕξετε,
1721 4066 1879 4137 δίκην
1912 4067 2013 4137 τῆς

415 4164 683 4233 ἀνηκοΐας
711 4163 809 4233 τὴν
844 4163 1231 4234 προσήκουσαν
1283 4162 1578 4224 τιννύντες.
1626 4160 1687 4213 Ὀ
1732 4160 1864 4222 Θεὸς
1888 4159 1945 4212 δὲ
1986 4160 2014 4212 ό

419 4258 583 4330 μόνος
611 4258 782 4321 ἀΐδιος
808 4256 905 4310 καὶ
954 4256 1060 4309 τῶν
1090 4254 1229 4308 ὅλων
1272 4254 1526 4323 ποιητὴς,
1580 4254 1829 4316 ἅπαντας
1866 4253 2011 4322 ὑμᾶς

415 4349 505 4404 διὰ
529 4349 633 4419 τῆς
676 4350 897 4419 εἰρήνης
925 4350 981 4401 ἐν
1017 4346 1296 4416 Πνεύματι
1348 4346 1487 4416 ἁγίῳ
1516 4343 1716 4398 ἐνώσαι
1758 4343 1852 4396 καὶ
1883 4359 2012 4396 κατ-

2118 1851 2269 1918 bros,
2304 1859 2569 1920 tanquam
2594 1860 2841 1916 sanctos,
2871 1850 2926 1905 in
2958 1851 3189 1907 ecclesia
3224 1854 3469 1923 publicat
3496 1856 3564 1911 ad
3599 1872 3699 1927 p0-

2111 1943 2227 2014 puli
2261 1952 2315 1998 et
2344 1942 2476 1999 cleri
2513 1943 2833 2013 perniciem,
2869 1944 3201 2013 deponatur.

2178 2035 2249 2091 85
2280 2033 2418 2108 [84].
2452 2034 2573 2090 Sint
2596 2036 2750 2091 vobis
2777 2035 3033 2091 omnibus
3062 2035 3276 2091 clericis
3304 2047 3361 2093 et
3380 2037 3537 2093 laicis
3577 2038 3701 2093 libri

2110 2130 2405 2185 venerandi
2423 2129 2905 2197 etsanctiﬂeteris
2919 2133 3137 2202 quidem
3157 2132 3516 2202 Testamenti,
3536 2134 3703 2191 Mosis

2116 2226 2385 2295 quinque,
2410 2223 2664 2289 Genesis,
2693 2224 2939 2293 Exodus,
2964 2226 3262 2295 Leviticus,
3287 2227 3536 2297 Numeri,
3560 2230 3703 2285 Deu-

2110 2319 2508 2386 teronomium;
2547 2317 2671 2375 lesu
2700 2317 2851 2375 Nave
2866 2320 3318 2389 unus;.ludicum
3343 2339 3487 2379 unus
3511 2341 3527 2387 ;
3556 2323 3701 2379 Ruth

2111 2427 2289 2478 unus;
2330 2412 2645 2481 Regnorum
2679 2421 2951 2482 quatuor;
3000 2412 3486 2485 Paralipomenon,
3537 2417 3591 2472 id
3620 2427 3705 2473 est

2113 2500 2507 2556 derelictorum
2561 2500 2690 2557 libri
2754 2501 2993 2566 dierum,
3030 2502 3180 2571 duo;
3213 2505 3399 2562 Esdra:
3431 2508 3560 2562 duo.
3607 2508 3706 2564 Es-

2112 2588 2236 2642 ther
2266 2603 2445 2654 unus;
2484 2586 2924 2645 Machabteorum
2953 2600 3102 2647 tres:
3142 2588 3246 2648 Job
3271 2610 3455 2660 unus;
3491 2595 3702 2651 Psalte-

2114 2680 2255 2734 rium
2278 2695 2443 2735 unus.
2471 2679 2786 2738 Salomonis
2813 2690 2947 2749 tres,
2972 2683 3292 2750 Proverbia,
3318 2684 3703 2742 Ecclesiastes.

2112 2772 2341 2827 Cantica
2423 2774 2808 2841 canticorum;
2900 2774 3301 2846 Prophetarum
3411 2779 3701 2835 duodecim

2120 2884 2299 2937 unus;
2335 2868 2488 2925 Isaite
2535 2885 2702 2937 unus,
2749 2870 3005 2927 Jcremiaa
3039 2886 3205 2936 unus,
3242 2871 3495 2927 Ezechiel
3536 2890 3704 2936 tinus.

2114 2962 2301 3018 Daniel
2350 2978 2517 3019 unus.
2576 2962 2931 3020 Extrinsecus
2970 2973 3152 3021 autem
3186 2981 3215 3020 a
3248 2966 3403 3022 vobis
3436 2967 3707 3039 intelliga—

2114 3065 2223 3121 tur,
2255 3057 2455 3112 debere
2486 3066 2700 3112 vestros
2725 3056 3101 3113 adolescentes
3130 3058 3345 3113 discere
3377 3059 3705 3128 sapientiam

2113 3149 2473 3205 eruditissimi
2528 3148 2745 3205 Sirach.
2800 3148 3003 3206 Nostra
3057 3160 3265 3218 autem,
3318 3153 3369 3206 id
3410 3161 3517 3217 est,
3570 3152 3705 3207 Novi

2115 3240 2479 3309 Tcstamenti,
2541 3242 2839 3313 Evangelia
2893 3252 3152 3314 quatuor,
3198 3242 3465 3308 Matthxi,
3512 3243 3706 3310 Marci,

2113 3334 2295 3400 Lucra,
2332 3334 2591 3403 Joannis;
2631 3334 2786 3391 Pauli
2826 3336 3083 3407 Epistola:
3114 3337 3562 3407 quatuordecim,
3608 3336 3710 3391 Pe-

2113 3425 2183 3479 tri
2238 3425 2493 3495 Epistolaa
2531 3427 2672 3493 duae,
2714 3425 2946 3483 Joannis
2983 3436 3117 3493 tres,
3159 3427 3350 3482 Jacobi
3383 3444 3486 3482 nna
3534 3427 3711 3501 [Iudae

2114 3514 2270 3587 una].
2296 3514 2596 3573 Clementis
2624 3519 2873 3588 epistolae
2898 3519 3041 3583 duae,
3070 3527 3126 3572 et
3148 3518 3527 3573 ordinationes
3551 3520 3709 3575 vobis

2112 3610 2387 3679 episcopis
2435 3625 2534 3681 per
2568 3626 2659 3666 me
2707 3611 3042 3667 Clementem
3088 3613 3141 3666 in
3171 3620 3297 3666 octo
3341 3611 3501 3666 libris
3525 3612 3708 3677 editae,

2114 3717 2237 3772 qua:
2284 3718 2396 3758 non
2452 3713 2585 3758 sunt
2628 3705 2891 3760 omnibus
2945 3705 3314 3775 divulgandaa,
3367 3713 3592 3775 prontcr
3644 3721 3707 3765 ea

2115 3808 2239 3861 quae
2276 3805 2407 3849 sunt
2446 3795 2501 3849 in
2532 3796 2614 3852 eis
2663 3797 2894 3868 mystica
2926 3815 2939 3851 :
2980 3808 3035 3852 et
3076 3797 3249 3852 Actus
3281 3797 3452 3852 nostri
3491 3806 3713 3867 aposto-

2115 3886 2318 3941 lorum.
2363 3887 2489 3943 llaec
2531 3903 2661 3943 vero
2713 3889 2829 3962 (57)
2868 3890 2935 3945 de
2962 3891 3167 3961 regulis
3194 3890 3501 3945 constituta
3552 3889 3713 3943 vobis

2115 3981 2229 4036 sint
2264 3981 2426 4052 130
2458 3996 2554 4051 per
2590 3997 2712 4047 nos,
2745 3996 2779 4038 0
2821 3982 3085 4053 episCOpi.
3123 3981 3236 4038 Vos
3274 3991 3458 4037 autem
3500 3980 3713 4035 obtemo

2117 4086 2398 4143 perantes,
2446 4073 2817 4139 salvabimini,
2871 4084 2927 4129 et
2983 4090 3173 4144 pacem
3207 4074 3501 4130 habebitis.
3554 4073 3625 4127 At
3665 4072 3711 4127 si

2116 4179 2223 4218 non
2249 4165 2908 4235 parueritis.puniemini,
2947 4175 3002 4220 et
3042 4166 3246 4221 bellum
3306 4173 3499 4220 mutuo
3518 4180 3715 4234 perpe-

2116 4268 2272 4314 tuum
2334 4258 2625 4325 habebitis,
2680 4272 2905 4329 poenam
2954 4258 3345 4313 inobedientiae
3403 4272 3711 4325 congruam

2118 4352 2322 4408 daturi.
2351 4350 2497 4408 Deus
2528 4367 2718 4422 porro,
2753 4352 2849 4423 qni
2890 4352 3044 4408 solus
3072 4359 3157 4407 cst
3194 4360 3435 4406 :eternus
3480 4365 3545 4404 ac
3591 4350 3715 4403 uni-

418 4444 647 4516 αρτίσαι
690 4443 770 4505 είς
814 4444 925 4495 πᾶν
980 4441 1143 4513 ἔργον
1189 4440 1417 4509 ἀγαθὸν,
1462 4437 1796 4508 ἀτρέπτους,
1831 4438 2014 4507 ἀμέμ-

2123 4460 2407 4501 versorum
2441 4452 2681 4509 creator,
2715 4460 2815 4500 vos
2849 4460 3041 4499 omnes
3071 4458 3206 4515 pace
3254 4444 3311 4498 in
3345 4441 3551 4513 Spiritu
3581 4459 3716 4497 sanu

418 4553 612 4603 πτους,
660 4535 1050 4605 ἀνεγκλήτους,
1107 4533 1201 4587 καὶ
1253 4529 1591 4597 καταξιῶσαι
1644 4531 1744 4598 τῆς
1791 4528 2015 4582 αἰωνίου

2120 4549 2212 4599 cto
2254 4536 2613 4603 confortabit,
2689 4548 2741 4594 et
2786 4546 2948 4609 aptos
3004 4538 3193 4593 reddet
3224 4536 3291 4591 ad
3352 4551 3515 4592 omne
3574 4551 3715 4606 opus

417 4629 568 4701 ζωῆς
599 4629 697 4682 σὺν
736 4624 1023 4700 ἡμῖν,’διὰ
1062 4627 1163 4696 τῆς
1214 4625 1493 4697 μεσιτείας
1530 4622 1622 4676 τοῦ
1650 4621 2015 4693 ἠγαπημένον

2119 4638 2350 4702 bonum,
2396 4632 2809 4697 immutabiles;
2862 4627 3391 4699 irrepreliensibiles,
3438 4626 3559 4683 sine
3604 4629 3714 4681 cri-

417 4724 611 4787 παιδὸς
640 4723 805 4776 αὑτοῦ
848 4721 1025 4793 Ἰησοῦ
1061 4720 1301 4792 Χριστοῦ
1345 4719 1438 4771 τοῦ
1472 4717 1607 4771 Θεοῦ
1639 4718 1734 4770 καὶ
1763 4715 2017 4786 Σωτῆρος

2122 4731 2293 4797 mine,
2336 4730 2642 4799 dignosque
2696 4726 2863 4781 faciet
2890 4733 3095 4780 aeterna
3128 4722 3238 4776 vita
3274 4721 3587 4785 nobiscum,
3620 4736 3716 4791 per

418 4817 602 4888 ἡμῶν,
649 4815 767 4887 μεθ’
791 4811 852 4870 οὗ
880 4818 913 4885 ή
948 4813 1076 4879 δόξα
1115 4812 1266 4883 αὐτῷ
1293 4810 1371 4882 τῷ
1400 4810 1495 4865 ἐπὶ
1528 4809 1745 4863 πάντων
1778 4807 1897 4877 Θεῷ
1922 4807 2018 4859 καὶ

2122 4824 2569 4879 intercessionem
2600 4821 2787 4875 dilecti
2818 4818 2941 4874 Filii
2974 4817 3061 4873 sui
3089 4815 3217 4872 Jesu
3249 4814 3479 4879 Christi,
3520 4813 3615 4869 Dei
3662 4825 3717 4869 ιιι

419 4909 600 4980 Πατρὶ
638 4910 737 4962 σὺν
781 4910 924 4979 ἁγίῳ
960 4905 1241 4976 Πνεύματι
1272 4906 1350 4976 τῷ
1395 4901 1753 4972 παρακλήτῳ,
1797 4898 1892 4953 νῦν
1923 4898 2019 4952 καὶ

2122 4916 2423 4972 Salvatoris
2477 4914 2692 4979 nostri;
2737 4927 2863 4967 rum
2898 4927 3006 4982 quo
3042 4910 3213 4978 gloria
3261 4909 3333 4964 sit
3390 4908 3491 4978 ipsi
3546 4922 3713 4977 supra

418 5001 510 5056 ἀεὶ
543 5001 639 5054 καὶ
663 5002 743 5064 είς
770 5001 898 5065 τοὺς
924 5000 1129 5062 αἰῶνας
1160 4997 1269 5051 τῶν
1292 4995 1527 5050 αἰώνων.
1575 4994 1772 5064 Ἀμήν.

2119 5008 2305 5063 omnia
2332 5007 2443 5062 Deo
2473 5005 2622 5061 Patri
2678 5020 2805 5061 cum
2844 5014 3037 5059 sancto
3087 5002 3297 5073 Spiritu
3340 4999 3712 5063 consolatore,

2125 5114 2275 5154 nunc
2301 5108 2355 5153 et
2382 5112 2622 5168 semper,
2663 5107 2719 5152 et
2744 5098 2797 5150 in
2840 5095 3039 5151 saecula
3068 5094 3420 5150 saeculorum.
3446 5094 3639 5145 Amen.

2122 5211 2348 5269 Conrilii
2397 5209 2687 5265 Laodiceni
2730 5224 2957 5262 canones
2997 5206 3085 5272 15,
3130 5206 3221 5273 17,
3256 5204 3345 5272 18,
3376 5203 3461 5269 19,
3491 5203 3582 5268 25,
3620 5203 3711 5257 59.

2192 5327 2282 5383 15.
2339 5326 2457 5380 Non
2514 5334 2771 5396 Oportere
2823 5334 3018 5394 praeter
3066 5319 3364 5377 canonicos
3415 5330 3710 5381 cantores,

462 5225 737 5280 Συνὸδου
758 5223 1118 5290 Λαοδικείας
1135 5220 1338 5275 κανὼν
1355 5225 1437 5283 ιε’,
1454 5218 1542 5285 ιζ’,
1569 5222 1661 5285 ιη’,
1687 5215 1774 5281 ιϐ’,
1793 5211 1901 5283 κγ’,
1916 5211 2015 5268 νθ’.

499 5346 581 5393 ιε’.
612 5342 749 5410 Περὶ
781 5337 878 5391 τοῦ
930 5338 1006 5408 μὴ
1055 5336 1169 5389 δεῖν
1201 5335 1342 5406 πλὴν
1390 5333 1498 5386 τῶν
1535 5330 1841 5384 κανονικῶν
1885 5327 2022 5398 ψαλ-

422 5431 557 5495 τῶν,
591 5432 702 5486 τῶν
753 5432 846 5484 ἐπὶ
871 5430 962 5483 τὸν
1012 5428 1242 5499 ἀμϐωνα
1294 5423 1718 5485 ἀναϐαινόντων,
1768 5421 1864 5473 καὶ
1911 5416 2020 5471 ἀπὸ

2120 5420 2215 5491 qui
2243 5428 2559 5489 suggestum
2599 5417 2927 5482 ascendunt,
2963 5425 3016 5469 et
3050 5430 3116 5470 ex
3149 5414 3467 5470 membrana
3501 5411 3708 5479 legunt,

422 5524 685 5595 διφθέρας
737 5522 1073 5592 ψαλλόντων,
1119 5520 1339 5591 ἐτέρους
1378 5516 1531 5579 τινὰς
1569 5513 1796 5585 ψάλλειν
1838 5512 1897 5564 ἐν
1928 5514 2024 5563 ὲκ-

2125 5514 2341 5583 aliquos
2370 5511 2509 5566 alios
2540 5525 2741 5567 canere
2771 5511 2824 5564 in
2862 5508 3115 5564 ecclesia.

425 5618 649 5690 κλησίᾳ.

1950 5717 2184 5775 NOTAE.

500 5829 610 5897 (57)
644 5827 721 5883 Ex
776 5826 1020 5885 editione
1075 5822 1280 5880 Crabbi
1322 5821 1377 5877 in
1409 5820 1545 5878 alias
1598 5819 1860 5887 deinceps
1919 5814 2221 5888 permeavit
2258 5811 2365 5867 ista
2400 5809 2671 5882 appendix
2704 5808 2819 5865 sive
2846 5804 3091 5871 coronis,
3122 5811 3182 5858 ut
3215 5808 3390 5853 vocat.
