4122 6442
460 386 558 449 ἷιθί
1628 394 1889 458 ΡΗΟΤῙΙ
1915 396 2088 458 ΡΑἸἸ

2096 396 2424 458 MARCIUS
2464 397 2574 459 ΟΡ.
3592 398 3593 401 “
3624 388 3724 455 502

532 499 619 553 l7.
660 494 782 554 Non
815 510 1068 570 oportere
1115 501 1357 572 psalmos
1403 502 1457 558 in
1505 508 1868 562 conventibus
1902 524 2037 562 con-
2077 510 2122 567 A

2095 510 2122 565 λ
2224 507 2313 572 ιζ’.
2342 508 2477 580 Περὶ
2509 505 2605 562 τοῦ
2670 506 2747 579 μὴ
2782 506 2895 561 δεῖν
2934 501 3326 559 ἐπισυνάπτειν
3355 502 3415 555 ἐν
3450 502 3569 566 ταῖς
3611 522 3723 560 συν-

458 599 667 658 texere,
699 592 794 647 sed
824 592 876 646 in
924 608 1255 666 unoquoque
1278 594 1493 665 psalmo
1528 596 1815 667 interjecto
1842 600 2042 669 spatio,

2150 598 2304 665 ἀξεσι
2364 600 2493 665 τοὺς
2536 598 2808 671 ψαλμοὺς,
2849 597 2985 652 ἀλλά
3031 595 3121 650 διά
3157 595 3326 649 μέσου
3362 593 3483 649 καθ’
3510 594 3734 653 ἕκαστον

457 683 753 740 κεῑίοηθῐη
782 685 921 739 ﬁel‘i-
2148 693 2364 765 ψαλμὸν
2390 694 2636 763 γίνεσθαι
2668 694 2996 763 ἀνάγνωσιν.

531 775 622 830 18.
664 773 810 829 Idem
864 791 1087 845 precum
1148 776 1513 832 ministerium
1567 778 1795 834 omnino
1844 781 2047 835 debere

2227 788 2320 855 ιη’.
2355 785 2495 855 Περὶ
2535 782 2631 837 τοῦ
2671 781 2771 853 τὴν
2819 782 2988 850 αὐτὴν
3033 777 3379 848 λειτουργίαν
3426 777 3535 833 τῶν
3562 780 3732 852 εὐχῶν

459 864 576 918 ﬁeri
621 864 675 918 in
715 864 888 918 NOIIiS
925 873 979 918 ει
1002 865 1277 934 νεερθιίὶε.
2154 875 2410 940 πάντοτε,
2431 874 2526 929 καὶ
2557 877 2615 928 ἐν
2641 876 2763 938 ταῖς
2795 873 3041 934 Ἐνάταις
3062 869 3158 924 καὶ
3178 871 3237 923 ὲν
3270 872 3389 934 ταῖς
3429 867 3736 944 Ἐσπέραις,

2155 967 2393 1038 ὀφείλειν
2420 966 2691 1037 γίνεσθαι.

532 1043 618 1095 19.
660 1039 926 1110 Oportere
976 1056 1220 1096 seorsum
1271 1044 1532 1112 primum,
1583 1055 1707 1115 post
1758 1046 2049 1117 episcopo-

2228 1060 2317 1114 ιθ’.
2348 1061 2485 1131 Περὶ
2527 1059 2623 1114 τοῦ
2648 1060 2761 1114 δεῖν
2808 1057 2915 1130 ίδίᾳ
2947 1055 3167 1128 πρῶτον
3217 1055 3360 1129 μετά
3389 1057 3490 1121 τὰς
3528 1058 3738 1129 ὁμιλίας

459 1149 580 1187 rum
607 1148 906 1197 sermones,
943 1140 1076 1197 etc.,
1112 1145 1168 1186 ut
1203 1150 1325 1204 pag.
1365 1135 1492 1189 587.

1261 1151 1325 1204 ιθ·
1365 1135 1492 1189 587-
2153 1150 2265 1205 τῶν
2292 1152 2635 1219 ἐπισκόπων,
2667 1169 2723 1205 κ.
2761 1168 2814 1205 τ.
2840 1150 2889 1203 λ.

530 1224 623 1279 25.
664 1224 820 1290 Quod
852 1239 959 1278 non
991 1234 1207 1293 oportet
1241 1227 1477 1282 lectores
1506 1228 1588 1283 vel
1616 1237 1876 1285 cantores
1907 1229 2053 1286 ferre

2227 1242 2333 1315 κγ’.
2369 1246 2495 1299 Ὀτι
2546 1246 2607 1299 οὐ
2646 1246 2730 1299 δεῖ
2773 1241 3126 1312 ἀναγνώστας
3176 1243 3210 1316 ἢ
3250 1242 3463 1314 ψάλτας
3509 1240 3740 1316 ὠράριον

458 1317 765 1378 horarium,
793 1326 847 1370 et
872 1318 951 1372 sic
979 1317 1154 1389 legere
1181 1319 1263 1373 vel
1299 1335 1518 1376 canere.

2157 1338 2366 1409 φορεῖν,
2397 1337 2492 1390 καὶ
2520 1334 2696 1398 οὕτως
2739 1336 3139 1405 ἀναγινώσκειν
3168 1333 3201 1403 ἢ
3232 1334 3477 1403 ψάλλειν.

529 1410 617 1465 εξ).
650 1410 805 1475 Quod
835 1426 942 1464 non
967 1420 1181 1479 oportet
1206 1412 1445 1481 privatos
1468 1423 1523 1468 et
1556 1416 1812 1488 vulgares
1839 1416 2055 1486 aliquos

2230 1428 2327 1483 νϐ’.
2360 1430 2484 1483 Ὅτι
2515 1428 2576 1482 οὐ
2598 1428 2680 1481 δεῖ
2709 1428 3013 1491 ίδιωτικοὺς
3038 1428 3287 1498 ψαλμοὺς
3316 1427 3569 1495 λέγεσθαι
3593 1427 3647 1479 ἐν
3676 1430 3737 1499 τῇ

458 1504 702 1573 psalmos
733 1504 839 1558 dici
889 1503 942 1556 in
972 1502 1227 1568 ecclesia,
1262 1504 1417 1575 131
1453 1522 1556 1562 nec
1586 1508 1760 1564 libros
1800 1524 1908 1562 non
1959 1523 2055 1561 ca-

2158 1522 2450 1593 ἐκκλησίᾳ,
2479 1520 2601 1575 οὐδὲ
2635 1520 2964 1575 ἀκανόνιστα
2993 1520 3195 1591 βιϐλία,
3226 1520 3362 1573 ἀλλά
3396 1519 3532 1590 μόνα
3555 1520 3622 1573 τὰ
3648 1538 3741 1573 κα-

458 1595 709 1656 nonicos,
750 1594 844 1648 sed
871 1593 1020 1647 solos
1051 1593 1353 1649 canonicos
1384 1592 1595 1653 Veteris
1618 1605 1671 1651 et
1696 1595 1830 1651 Novi
1862 1595 2057 1650 Testa-

2157 1611 2347 1667 νονικά
2405 1592 2507 1683 τῆς
2553 1612 2763 1683 Καινῆς
2800 1612 2896 1666 καὶ
2950 1611 3195 1676 Παλαιᾶς
3248 1609 3547 1682 Διαθήκης,
3590 1610 3739 1665 ἀτινά

458 1689 653 1743 ntenti.

2158 1702 2276 1757 ἐστι
2303 1702 2498 1759 ταῦτα·

528 1782 657 1836 "ac
697 1793 826 1836 sum
882 1798 1004 1853 (ιιιθε
1062 1784 1161 1854 legi
1231 1792 1445 1854 οΡοηθι
1492 1797 1558 1837 ex
1622 1780 1803 1836 νοῑθτί
1865 1779 2057 1836 Τθεῑ³’
2090 1860 2126 1866 _
2232 1801 2302 1850 α’.
2331 1794 2554 1860 Γένεσις
2580 1794 2810 1864 κόσμου.
2850 1795 2916 1866 β’.
2958 1794 3199 1861 Ἐξοδος.
3240 1792 3311 1861 γ’.
3344 1794 3649 1850 Λευῖτικόν.
3682 1794 3741 1849 δ’.

458 1884 680 1929 mento:
712 1874 763 1928 1.
787 1874 1018 1930 Genesis
1038 1892 1052 1940 ;
1072 1876 1127 1930 2.
1150 1874 1394 1941 Exodus,
1420 1874 1471 1929 id
1494 1882 1595 1937 est,
1617 1873 1796 1927 exitus
1812 1887 1875 1927 ex
1893 1870 2062 1943 [Egy—

2115 1862 2133 1914 ;
2175 1888 2445 1962 Ἀριθμοί.
2496 1894 2560 1943 ε’.
2607 1860 3054 1959 Δευτερονόμιον.
3105 1894 3180 1955 ς’.
3245 1888 3420 1959 Ἰησοῦ
3461 1888 3639 1957 Ναυῆ.
3678 1887 3743 1953 ζ’.

459 1976 552 2037 pto
585 1967 681 2032 ;5.
727 1966 1034 2033 Leviticus;
1094 1967 1145 2020 ι.
1181 1966 1425 2033 Numeri;
1458 1966 1511 2019 5.
1547 1964 2056 2021 Deuteronomium:

2160 1981 2384 2052 Κριταί.
2424 1982 2606 2036 Ῥούθ.
2643 1988 2716 2055 η’.
2760 1982 2985 2053 Ἐσθήρ.
3020 1981 3086 2037 θ’.
3130 1982 3432 2036 Βασιλειῶν
3463 1985 3521 2036 A'
3550 1982 3644 2036 καὶ
3671 1982 3742 2036 B'.

460 2058 515 2115 6.
537 2056 696 2113 Jesus
722 2056 906 2123 Nave;
937 2058 991 2111 7.
1023 2055 1267 2114 Judices.
1294 2058 1437 2112 Ruth
1464 2075 1478 2124 ;
1529 2057 1581 2110 8.
1610 2056 1837 2123 Esther;
1872 2054 1925 2110 9.
1959 2052 2065 2109 Re-

2166 2081 2218 2127 t'.
2252 2074 2549 2128 Βασιλειῶν
2564 2076 2642 2142 Γι,
2669 2052 2747 2129 λ’.
2782 2082 2870 2129 ια’.
2909 2052 3410 2147 Παραλειπομένων
3440 2076 3523 2139 A',
3554 2072 3629 2129 B'.
3659 2072 3744 2145 ιβ’.

460 2166 692 2220 gnorum
719 2149 737 2203 I
763 2159 815 2203 et
838 2150 913 2217 ll;
940 2149 1024 2203 ιο.
1052 2148 1363 2220 Regnorum
1386 2148 1456 2202 111
1480 2160 1532 2204 et
1554 2147 1645 2215 1V;
1674 2147 1760 2202 11.
1780 2147 2065 2217 Paralipo-

2167 2166 2403 2238 Ἔσδρας
2432 2168 2511 2233 A',
2545 2168 2621 2221 B'.
2655 2166 2742 2235 ιγ’.
2785 2166 2964 2221 Βίϐλοι
2992 2166 3237 2237 Ψαλμῶν
3271 2164 3397 2221 PN'.
3432 2166 3515 2219 ιδ’.
3552 2166 3748 2236 Παροι-

460 2257 661 2297 menon
694 2242 714 2296 Ι
743 2250 798 2295 et
821 2242 867 2295 II
892 2258 905 2307 ;
939 2241 1025 2295 12.
1052 2241 1257 2295 Esdras
1286 2239 1384 2296 let
1412 2240 1488 2308 ll;
1519 2240 1606 2293 15.
1646 2239 1800 2293 Libri
1820 2238 2066 2293 Psalmo-

2169 2257 2308 2330 μιῶν
2351 2258 2722 2328 Σολομῶντος.
2777 2257 2860 2311 ιε’.
2920 2257 3377 2329 Ἐκκλησιαστής.
3425 2263 3522 2321 ις’.
3565 2251 3747 2327 Ἀσμα

462 2350 586 2410 rutn
603 2336 718 2401 CL;
750 2336 838 2389 14.
867 2334 1159 2389 Proverbia
1188 2333 1526 2399 Salomonis;
1564 2333 1653 2387 15.
1684 2332 2063 2397 Ecclesiastes;

2165 2349 2446 2420 ᾀσμάτων.
2465 2349 2554 2414 ιζ’.
2572 2350 2712 2404 Ἰώϐ.
2738 2357 2829 2421 ιη’.
2846 2350 3369 2420 Δωδεκαπρόφητον.
3395 2346 3483 2402 ιθ’.
3503 2349 3745 2410 Ἡσαΐας.

463 2430 552 2485 16.
569 2430 793 2485 Cantica
813 2427 1184 2495 canticorum;
1220 2428 1301 2482 17.
1328 2426 1467 2493 Job;
1498 2425 1587 2480 18.
1616 2424 1915 2480 Duodecim
1938 2438 2067 2493 pro.

2166 2444 2237 2492 κ’.
2277 2437 2570 2509 Ἱερεμίας.
2603 2440 2839 2512 Βαρούχ.
2893 2439 3097 2512 Θρῆνοι
3136 2440 3230 2494 καὶ
3270 2438 3601 2492 Ἐπιστολαί.
3646 2437 3745 2493 κα’.

461 2523 675 2592 phette;
703 2520 789 2574 19.
820 2518 1019 2585 Isaias;
1047 2518 1140 2573 20.
1171 2517 1438 2574 Jeremias
1460 2526 1514 2573 et
1536 2517 1775 2581 Baruch,
1802 2516 2070 2571 lamenta-

2180 2528 2460 2603 ’ίεζεκιήλ.
2489 2532 2595 2603 κβ’.
2627 2532 2848 2604 Δανιήλ.
2890 2532 3100 2602 Καινῆς
3129 2530 3419 2603 διαθήκης,
3449 2529 3750 2599 Εὑαγγέλια

464 2616 642 2668 tiones
665 2622 719 2668 et
736 2612 1012 2682 epistolae;
1035 2612 1126 2665 Ἣ.
1155 2611 1439 2678 Ezechiel;
1463 2610 1555 2663 22.
1580 2606 1941 2665 Daniel.Novi
1968 2622 2071 2661 au-

2167 2623 2232 2688 δ’,
2284 2622 2427 2678 κατά
2476 2623 2779 2690 Ματθαίον,
2837 2624 2981 2679 κατὰ
3038 2624 3296 2694 Μάρκον,
3337 2621 3750 2690 κατάΛουκᾶν,

463 2713 572 2758 tem
608 2701 943 2757 Testamenti
966 2703 1082 2757 haec
1114 2718 1129 2756 :
1161 2700 1453 2773 Evangelia
1486 2710 1747 2772 quatuor,
1764 2698 2067 2756 secundum

2169 2714 2314 2769 κατά
2357 2716 2637 2787 Ἰωάννην.
2672 2716 2907 2787 Πράξεις
2926 2717 3264 2772 ἀποστόλων.
3293 2716 3604 2770 Ἐπιστολαὶ
3628 2715 3754 2769 καθ-

461 2799 807 2863 Matthmum,
845 2796 1149 2850 secundum
1191 2794 1458 2860 Marcum,
1492 2794 1792 2849 secundum
1839 2791 2067 2854 Lucam.

2168 2806 2350 2860 ολικαὶ
2394 2805 2445 2871 ζ’
2468 2804 2644 2870 οὕτως
2677 2821 2690 2835 '
2747 2805 3008 2860 Ἰακώϐου
3050 2814 3118 2872 α’,
3155 2807 3362 2877 Πέτρου
3399 2807 3467 2877 β’,
3513 2807 3752 2861 Ἰωάννου

464 2892 764 2948 secundum
814 2888 1106 2944 Joannem.
1154 2890 1324 2943 Actus
1368 2889 1767 2959 apostolorum.
1815 2883 2072 2955 Epistolas

2169 2896 2241 2966 γ’,
2302 2894 2475 2951 Ἰούδα
2525 2902 2595 2950 α’.
2654 2897 2968 2949 Ἐπιστολαὶ¹
3021 2894 3237 2950 Παύλου
3294 2896 3377 2963 ιδ’,
3431 2895 3573 2966 «pb;
3625 2897 3754 2949 Ῥω-

463 2984 743 3039 catbolicze
792 2992 1021 3053 septem,
1056 2981 1304 3035 videlicet
1342 2978 1529 3034 Jacobi
1577 2994 1704 3044 una,
1740 2978 1884 3034 Petri
1914 2981 2064 3047 dua},

2173 2988 2368 3060 μαίους
2401 2995 2471 3054 α’,
2525 2989 2664 3061 «pb;
2725 2987 3048 3062 Κορινθίους
3097 2988 3165 3059 β’,
3214 2987 3353 3059 πρὸς
3404 2988 3651 3053 Γαλάτας
3686 2987 3753 3052 α’,

463 3078 694 3134 Joannis
725 3085 855 3140 tres,
890 3073 1045 3128 Judze
1103 3089 1232 3127 una.
1288 3072 1549 3142 Epistulae
1605 3070 1762 3126 Pauli
1806 3081 2074 3142 quatuor.

2172 3079 2311 3150 «pb;
2350 3079 2635 3150 Ἐφεσίους
2665 3079 2735 3147 α’,
2776 3079 2913 3151 πρὸς
2941 3080 3342 3150 Φιλιππησίους
3370 3086 3442 3146 α’,
3485 3080 3622 3151 «pb;
3653 3080 3757 3133 Κο-

466 3176 643 3229 decim
673 3190 687 3227 :
716 3180 781 3227 ad
806 3170 1087 3224 Romanos
1111 3185 1241 3233 una,
1264 3168 1334 3223 ad
1358 3168 1677 3223 Corinthios
1702 3168 1844 3230 dum,
1866 3167 1930 3221 ad
1963 3165 2069 3220 Ga-

2129 3172 2390 3264 ⁵λασσεῖς
2432 3182 2503 3236 α’,
2550 3172 2688 3244 πρὸς
2738 3172 3153 3243 Θεσσαλονικείς
3195 3172 3261 3243 β’,
3297 3172 3434 3244 πρὸς
3478 3170 3757 3242 Ἐϐραίους

464 3267 610 3321 latas
642 3280 775 3328 una,
819 3262 885 3316 ad
920 3260 1188 3331 Ephesios
1232 3275 1366 3323 una,
1406 3258 1472 3311 ad
1512 3256 1895 3327 Philippenses
1930 3272 2065 3320 una,

2178 3270 2243 3329 α’,
2296 3264 2434 3335 πρὸς
2472 3265 2735 3334 Τιμόθεον
2782 3261 2850 3335 β’,
2896 3263 3036 3337 πρὸς
3088 3264 3247 3318 Τίτον
3293 3269 3367 3332 α’,
3416 3262 3558 3336 «pb;
3605 3262 3759 3332 Φιλῆ-
3804 3260 3806 3263 ’

466 3364 533 3417 atl
595 3360 951 3416 Colosscnses
1007 3372 1138 3418 una,
1184 3355 1249 3409 ad
1309 3349 1845 3407 Thessalonicenses
1908 3348 2052 3408 duae,
2178 3372 2318 3427 μονα
2350 3362 2420 3411 αν,

467 3453 537 3508 ad
576 3451 835 3507 Hebraeos
879 3464 1009 3513 una,
1059 3447 1126 3502 ad
1160 3446 1515 3501 Timotheum
1567 3444 1709 3508 dote,
1766 3441 1832 3495 ad
1877 3436 2064 3493 Titum

468 3561 600 3611 una,
633 3544 699 3600 ad
726 3542 1109 3598 Philemonem
1142 3554 1276 3595 una.

604 3632 837 3689 Concilii
869 3628 1305 3699 Carthaginensis
1326 3641 1550 3679 canones
1576 3622 1669 3690 24,
1693 3620 1784 3684 42,
1818 3618 1944 3674 105.

2278 3628 2549 3684 Συνόδου
2582 3628 3005 3701 Καρθαγέννης
3033 3628 3236 3684 κανὼν
3265 3629 3366 3696 κδ’,
3401 3629 3513 3701 μβθ,
3555 3629 3656 3703 py’.

547 3723 615 3790 Ut
649 3734 844 3793 prmter
876 3722 1187 3791 Scripturas
1221 3719 1506 3772 canonicas
1540 3715 1701 3789 [mss.
1741 3705 2069 3780 catholicas]

2245 3719 2431 3774 Ὠστε
2454 3719 2629 3785 ἐκτὸς
2669 3717 2790 3773 τῶν
2846 3719 3186 3775 καθολικῶν
3239 3720 3523 3790 Γραφῶν,
3565 3712 3755 3792 μηδὲν

469 3816 608 3871 nihil
639 3816 695 3869 in
721 3814 971 3869 ecclesias
998 3812 1205 3881 legatur
1228 3811 1371 3880 (38).

2170 3809 2241 3864 ἐν
2276 3810 2351 3881 τῇ
2377 3812 2679 3881 ἐκκλησίᾳ
2703 3811 3244 3882 ἀναγινώσκεσθαι.

528 3905 633 3959 24.
668 3905 798 3958 Item
842 3902 1048 3972 placuit
1069 3899 1187 3931 '7'“
1217 3906 1483 3968 utpraater
1511 3894 1822 3964 Scripturas
1846 3889 2073 3946 canoni-

2243 3902 2342 3958 κδ’.
2379 3903 2612 3972 Ὁμοίως
2635 3904 2834 3974 ἤρεσεν
2856 3904 2946 3957 ἵνα
2978 3904 3133 3967 ἐκτὸς
3156 3905 3263 3957 τῶν
3292 3904 3599 3957 κανονικῶν
3624 3902 3759 3975 Γρα-

472 4015 566 4055 t-as
599 3998 737 4053 nihil
767 3998 823 4051 in
857 3994 1089 4050 ecclesia
1126 3995 1337 4065 legatur
1365 3990 1467 4046 sub
1499 3989 1722 4045 nomine
1754 3986 2068 4042 divinarum

2171 3993 2310 4063 φῶν,
2347 3993 2512 4065 μηδὲν
2549 3994 2608 4048 ἐν
2637 3996 2703 4065 τῇ
2742 3994 3011 4066 ἐκκλησίᾳ
3038 3993 3484 4065 ἀναγινώσκηται
3520 3996 3607 4047 ἐπ’
3649 3994 3760 4046 ὀνό-

473 4089 909 4158 Scripturarum.
947 4083 1303 4157 Suntautem
1337 4079 1624 4134 canonica).
1661 4077 1980 4147 Scriptum,
2015 4073 2069 4127 id

2174 4104 2304 4157 ματι
2346 4085 2507 4140 θείων
2537 4086 2797 4159 Γραφῶν.
2847 4087 2969 4141 Εἰσὶ
3023 4087 3081 4139 δὲ
3129 4089 3185 4140 αἱ
3237 4088 3521 4142 κανονικαὶ
3553 4087 3759 4159 Γραφαὶ

469 4193 575 4247 est,
605 4178 856 4242 Genesis,
889 4176 1137 4242 Exodus,
1175 4173 1476 4239 Leviticus,
1513 4170 1766 4238 Numeri,
1807 4171 2070 4224 Deutero-

2178 4174 2363 4236 αὗται·
2390 4180 2636 4247 Γένεσις,
2673 4180 2916 4246 Ἐξοδος,
2960 4181 3267 4244 Λευῖτικὸν,
3315 4181 3587 4252 Ἀριθμοὶ,
3637 4184 3762 4234 Δευ-

470 4276 742 4340 nomium,
788 4270 951 4327 Jesus
980 4270 1148 4335 Nave,
1182 4267 1428 4333 Judices,
1476 4264 1646 4331 Ruth,
1698 4264 1905 4335 Regum
1942 4258 2069 4315 libri

2168 4272 2511 4345 τερονόμιον,
2550 4273 2773 4343 Ἰησοῦς
2803 4273 2832 4326 ό
2857 4273 2951 4327 τοῦ
2982 4274 3167 4343 Ναυῆ,
3193 4274 3415 4343 Κριταὶ,
3452 4274 3634 4341 Ῥοὺθ,
3656 4274 3760 4327 τῶν

469 4377 726 4437 quatuor.
753 4364 1209 4434 Paralipomenon
1240 4360 1367 4415 libri
1388 4358 1519 4414 duo.
1556 4356 1678 4419 Job,
1706 4355 2065 4417 Psalterium,

2170 4367 2473 4421 Βασιλειῶν
2527 4366 2830 4438 τέσσαρες,
2881 4366 2988 4420 τῶν
3031 4366 3537 4437 Παραλειπομένων
3596 4367 3760 4438 βίϐλοι

473 4457 788 4513 Salomonis
817 4457 945 4511 libri
973 4455 1234 4525 quinque.
1259 4450 1414 4507 Libri
1445 4449 1738 4505 duodecim
1768 4447 2070 4519 propheta-

2169 4458 2284 4525 δύο,
2355 4458 2500 4524 Ἰὼϐ,
2552 4459 2887 4528 1ίιίάλτήριον,
2945 4459 3297 4530 Σολομῶντος
3354 4461 3527 4531 βίϐλοι
3582 4461 3758 4522 πέντε,

472 4563 616 4612 rum,
659 4548 853 4613 Isaias,
904 4544 1192 4609 Jetemias,
1261 4541 1542 4607 Ezechiel,
1596 4538 1811 4604 Daniel,
1866 4536 2068 4592 Tobias

2130 4551 2284 4615 »τῶν
2316 4550 2621 4623 Προφητῶν
2672 4552 2843 4622 βίϐλοι
2887 4551 3117 4615 δώδεκα,
3165 4552 3415 4619 Ἡσαΐας,
3470 4553 3758 4625 Ἱερεμίας,

469 4642 691 4707 ιυύὶιιι,
726 4642 944 4707 Esther,
999 4640 1184 4696 Esdras
1236 4639 1361 4693 libri
1420 4639 1551 4693 duo.
1626 4635 2069 4691 Machabaaorum

2188 4643 2469 4714 Ἰεζεκιὴλ,
2506 4645 2728 4716 Δανιὴλ,
2764 4643 3000 4707 Τωϐεας,
3040 4644 3250 4707 Ἰουδὶθ.
3304 4644 3522 4717 Ἐσθὴρ,
3560 4646 3761 4714 Ἔσδρα

473 4736 597 4792 libri
622 4736 752 4789 duo.
782 4731 917 4787 Novi
943 4732 1304 4795 Testamenti,
1333 4728 1753 4800 Evangeliorum
1787 4728 1911 4782 libri
1934 4742 2074 4796 qua-

2180 4735 2353 4808 βίϐλοι
2386 4735 2502 4789 δύο.
2528 4736 2642 4806 Τῆς
2666 4736 2814 4799 Νέας
2840 4737 3136 4807 Διαθήκης,
3164 4738 3476 4806 Εὐαγγέλια
3507 4738 3758 4809 τέσσαρα,

475 4837 619 4881 tuor.
653 4826 889 4880 Actuum
936 4823 1093 4894 132
1136 4821 1513 4893 apostolorum
1560 4820 1699 4875 liber
1752 4835 1913 4875 unus.
1946 4818 2074 4889 Epi-

2180 4825 2440 4895 Πράξεων
2456 4825 2566 4878 τῶν
2587 4826 2899 4880 ἀποστόλων
2926 4825 3109 4896 βίϐλος
3137 4827 3257 4898 μία,
3276 4827 3591 4882 Ἐπιστολαὶ
3618 4829 3762 4882 Παύ-

472 4912 2072 4987 slolzel’auliqualttordecitn.Petriapostolicpistoltntluaa.
2178 4918 2275 4972 λου
2309 4919 2391 4981 ιδ’,
2434 4918 2643 4989 Πέτρου
2675 4919 2977 4971 ἀποστόλου
3024 4917 3137 4984 δύο,
3180 4919 3430 4979 Ἰωάννου
3469 4920 3762 4974 ἀποστόλου

473 5012 703 5068 Joannis
752 5010 983 5079 apostoli
1030 5020 1162 5064 tres.
1208 5007 1400 5063 Jacobi
1448 5007 1682 5077 apostoli
1741 5022 1869 5061 una.
1914 5004 2068 5060 Judte

2172 5012 2345 5079 τρεῖς,
2388 5008 2561 5063 Ἰούδα
2584 5010 2885 5063 ἀποστόλου
2912 5010 3030 5081 μία,
3069 5009 3491 5078 Ἀποκαλύψεως
3517 5011 3760 5065 Ἰωάννου

475 5104 709 5175 apostoli
763 5119 893 5157 una.
945 5100 1311 5172 Apocalypsis
1355 5098 1587 5154 Joannis
1640 5099 1873 5168 apostoli
1927 5097 2067 5152 liber

2174 5104 2358 5175 βίϐλος
2392 5102 2512 5175 μία.
2547 5103 2718 5156 Τοῦτο
2761 5102 2817 5155 δὲ
2857 5103 2936 5175 τῷ
2983 5102 3198 5174 ἀδελφῷ
3233 5103 3392 5174 ἡμῶν
3429 5106 3524 5157 καὶ
3557 5103 3762 5157 συλλει-

474 5211 640 5252 unus.
676 5193 793 5251 Hoc
823 5195 987 5248 etiam
1018 5191 1170 5247 l‘ratri
1193 5203 1249 5247 et
1271 5189 1652 5247 consacerdoti
1681 5198 1868 5243 nostro
1895 5187 2066 5241 Boni-

2169 5195 2390 5268 τουργῷ
2439 5194 2767 5266 Βονιφατίῳ,
2800 5196 2896 5248 καὶ
2940 5197 3053 5259 τοῖς
3088 5194 3269 5259 ἄλλοις
3305 5186 3415 5251 τῶν
3462 5197 3642 5251 αὐτῶν
3673 5213 3763 5266 με-

476 5290 641 5355 facio,
682 5288 770 5343 vel
808 5286 931 5343 aliis
968 5300 1159 5339 earum
1201 5284 1439 5355 partium
1466 5281 1761 5353 episcopis,
1794 5297 1893 5351 pro
1929 5294 2067 5335 con-

2176 5288 2286 5361 ρῶν
2336 5291 2658 5352 ἐπισκόποις
2704 5288 2843 5360 πρὸς
2904 5287 3200 5359 βεϐαίωσιν
3253 5289 3349 5342 τοῦ
3402 5288 3760 5361 προκειμένου

477 5382 747 5438 ﬁrmando
784 5382 889 5436 isto
923 5393 1136 5434 canone
1172 5380 1505 5441 innotescat,
1554 5374 1687 5445 quia
1733 5389 1765 5429 a
1809 5371 2069 5429 Patribus

2178 5382 2404 5446 κανόνος
2430 5380 2709 5451 γνωρισθῇ
2731 5395 2743 5409 ·
2774 5380 2967 5452 ἐπειδὴ
3001 5380 3154 5451 παρά
3175 5379 3285 5434 τῶν
3309 5380 3565 5450 Πατέρων
3594 5377 3762 5433 ταῦτα

476 5477 580 5532 ista
610 5476 922 5547 accepimus
954 5473 1007 5526 in
1035 5471 1268 5526 ecclesia
1309 5468 1560 5542 legenda.

2176 5476 2235 5530 ἐν
2272 5477 2341 5547 τῇ
2369 5474 2635 5546 ἐκκλησία
2665 5473 3134 5545 ἀναγινώσκεσθαι
3167 5473 3571 5545 παρελάϐομεν.

546 5620 664 5652 ³⁷⁸³³
707 5619 967 5688 Carthag.
996 5632 1079 5682 ut,
1107 5630 1227 5685 caP-
1259 5613 1350 5668 4⁷·

1989 5727 2221 5783 NOTAE.

518 5846 629 5911 (58)
662 5847 728 5903 Et
768 5844 1080 5902 Ferrandus
1116 5858 1237 5914 cap.
1274 5840 1381 5896 298
1412 5857 1474 5895 ex
1528 5838 1728 5897 concil.
1783 5840 2046 5909 Carthag.
2091 5841 2176 5896 tit.
2232 5839 2321 5894 45.
