4122 6494
490 368 592 432 593

1333 369 1736 431 SY‘NTAGMA
1765 368 2160 431 CANONUM.
2191 395 2261 404 —
2297 369 2445 428 TIT.
2489 368 2605 428 IlI.
2647 370 2807 431 CAP.
2850 370 2931 431 II.

3646 371 3750 434 591

561 477 696 548 Περί
756 479 863 535 τοῦ
896 478 982 550 μὴ
1030 480 1344 550 συμπόσια
1394 481 1465 535 ἐν
1514 481 1645 549 ταῖς
1701 481 2099 552 ἐκκλησίαις-η

2211 482 2279 538 Ut
2327 486 2391 554 in.
2416 482 2649 538 ecclesiis
2702 470 2949 537 convivii
2978 484 3193 537 minime
3213 481 3539 538 celebrentur
3573 484 3708 557 (39).

487 570 912 627 ἐπιτελεῖσθαι.

563 663 671 735 μβ⁹.
706 664 868 717 Ὥστε
897 664 1286 736 ἐπισκόπουςῆ
1314 665 1607 737 κληρικοὺς
1652 668 1710 720 ἐν
1736 669 1853 732 ταῖς
1879 667 2072 739 ἐκκλη-

490 758 629 818 σίαις
660 755 735 827 μὴ
764 757 1238 826 συμποσιὰζεσθαι
1262 772 1277 786 ο
1306 758 1356 811 εί
1390 760 1463 830 μή
1487 759 1540 828 γ’
1570 759 1637 813 ἂν
1662 759 1820 829 τυχὸν
1853 761 2068 832 ἀνάγκη

489 847 669 914 ξενίας
701 847 1010 915 διαϐάντες,
1047 850 1163 902 ἐκεῖ
1211 850 1560 904 καταλύσωσι
1582 867 1597 880 ⁴
1642 853 1737 905 καὶ
1770 854 1819 906 οι
1863 853 1985 907 λαοὶ
2013 853 2069 906 δὲ

490 940 595 992 ἀπὸ
639 939 749 993 τῶν
795 942 1226 1013 τοιουτοτρόπων
1279 945 1616 1015 συμποσίων,
1670 946 1793 1001 ὅσον
1844 946 2070 1002 δυνατόν

490 1032 627 1088 ἐστι.
668 1031 1006 1088 κωλυθῶσιν.

558 1120 697 1188 Περὶ
729 1120 850 1176 τῶν
898 1125 1048 1192 πρὸς
1096 1127 1169 1181 τὸ
1216 1126 1651 1197 θυσιαστήριον
1694 1127 2072 1199 ὀφειλουσῶν

486 1208 771 1279 λέγεσθαι
817 1213 1080 1268 ικεσιῶν.

556 1305 666 1368 ργ’.
701 1301 905 1372 Ἥρεσε
940 1303 1034 1356 καὶ
1065 1304 1243 1373 τοῦτο,
1274 1305 1416 1361 ὥστε
1446 1307 1545 1373 τὰς
1578 1311 1975 1381 κεκυρωμένας
2013 1312 2073 1365 ἐν

484 1392 551 1461 τῇ
585 1391 786 1463 συνόδῳ
824 1394 1055 1461 ἱκεσίας,
1093 1399 1204 1450 εἴτε
1236 1399 1522 1470 προοίμια,
1555 1402 1666 1454 εἴτε
1713 1400 2069 1472 παραθέσεις,

485 1482 596 1534 εἴτε
620 1482 719 1546 τὰς
754 1485 854 1554 τῆς
883 1486 1066 1556 χειρὸς
1094 1489 1393 1554 ἐπιθέσεις,
1420 1492 1529 1546 ἀπὸ
1553 1494 1770 1548 πάντων
1802 1494 2072 1546 ἐπιτελεῖ-

486 1574 637 1627 σθαι·
665 1576 757 1629 καὶ
783 1577 1062 1644 παντελῶς
1102 1580 1267 1645 ἄλλας
1314 1583 1458 1637 κατὰ
1498 1584 1597 1655 τῆς
1630 1585 1868 1649 πίστεως
1904 1587 2073 1658 μηδέ-

490 1682 624 1718 ποτε
659 1670 1122 1740 προσενεχθῆναι·
1180 1673 1295 1727 ἀλλ’
1339 1675 1546 1739 αἵτινες
1589 1678 1790 1747 δήποτε
1820 1677 1929 1732 ἀπὸ
1962 1678 2072 1733 τῶν

484 1761 867 1832 συνετωτέρων
902 1764 1270 1834 συνήχθησαν,
1314 1766 1691 1837 λεχθήσονται.

2246 663 2337 719 42.
2370 662 2441 720 Ut
2480 663 2613 719 nulli
2651 664 2696 695 ³¹
2746 663 2989 733 episcopi
3038 664 3124 718 vel
3173 663 3358 720 clerici
3414 664 3467 719 in
3517 665 3749 721 ecclesia

2171 758 2533 812 conviventur
2564 796 2581 820 ,
2633 756 2739 811 nisi
2796 756 2937 811 forte
2992 765 3342 812 transeuntes
3392 756 3753 827 hospitiorum

2170 849 2499 905 necessitate
2532 848 2645 904 illic
2672 848 2915 903 reﬁciant
2951 866 2965 902 :
3019 849 3205 918 populi
3247 849 3412 902 etiam
3459 849 3526 902 ab
3557 848 3756 919 hujus-

2173 940 2321 995 modi
2345 940 2646 1004 conviviis,
2695 951 2963 1012 quantum
3007 938 3124 995 ﬁeri
3171 949 3389 1011 potest,
3428 940 3760 1010 prohibean-

2170 1040 2283 1088 tur.

2243 1125 2325 1182 De
2351 1126 2590 1197 precibus
2623 1129 2692 1181 ad
2722 1128 2896 1184 altare
2925 1128 3184 1183 dicendis.

2245 1310 2370 1365 105.
2408 1308 2688 1364 Placuit”
2719 1308 2882 1363 etiam
2935 1309 3041 1364 hoc
3096 1307 3233 1380 (40),
3294 1316 3354 1363 ut
3406 1292 3599 1379 preces
3634 1323 3759 1377 qua:

2174 1402 2416 1473 probatae
2444 1400 2649 1455 fuerint
2683 1399 2737 1454 in
2773 1399 3027 1465 concilio,
3077 1402 3191 1455 sive
3232 1398 3602 1469 praefationes,
3640 1402 3758 1455 sive

2174 1491 2704 1556 commendationes,
2734 1506 2831 1546 seu
2869 1505 3063 1545 manus
3088 1491 3471 1561 impositiones
3520 1492 3588 1546 ab
3635 1505 3756 1545 om-

2175 1585 2339 1639 nibus
2364 1584 2736 1648 celebrentur,
2769 1598 2871 1637 nec
2914 1583 3034 1637 aliae
3077 1583 3302 1638 omnino
3345 1594 3537 1666 contra
3592 1584 3756 1638 ﬁdem

2176 1676 2537 1745 praeferantur
2564 1693 2577 1729 :
2611 1675 2709 1730 sed
2746 1690 3089 1746 quaecunque
3110 1691 3139 1729 a
3161 1675 3609 1746 prudentioribus
3640 1676 3752 1747 (41)

2176 1768 2381 1822 fuerint
2403 1768 2662 1833 collectae,
2687 1767 2962 1823 dicantur.

479 1852 525 1901 Σ
530 1852 751 1906 υνόὸου
767 1854 1185 1925 οἱκουμενικῆς
1209 1857 1386 1927 ἕκτης
1400 1860 1602 1913 κανὼν
1615 1860 1715 1931 λγ’,
1734 1860 1835 1930 ξγ¹,
1848 1868 1942 1929 οεθ,
1957 1870 2067 1923 πα’,

2215 1861 2441 1917 Concilii
2468 1861 2776 1915 wcumenici
2804 1861 2941 1914 sexti
2969 1878 3193 1918 canones
3236 1865 3337 1928 55,
3372 1868 3463 1931 65,
3505 1867 3594 1930 75,
3630 1866 3719 1922 81.

548 1941 653 2012 λγ.
695 1946 1024 2020 Ἐπειδήπερ
1058 1947 1305 2021 ἔγνωμεν
1340 1952 1399 2005 ὲν
1434 1955 1500 2024 τῇ
1550 1952 1855 2024 Ἀρμενίων
1885 1953 2070 2027 χώρᾳ,

480 2054 606 2090 κ.τ.
633 2038 686 2092 λ.

551 2128 654 2197 ξγ’.
694 2130 772 2183 Τὰ
808 2130 1022 2200 ψευδῶς
1077 2133 1182 2185 ὑπὸ
1235 2132 1345 2188 τῶν
1392 2135 1494 2206 τῆς
1554 2137 1811 2209 ἀληθείας
1858 2141 2072 2213 ἐχθρῶν

480 2221 901 2275 ἀναπλασθέντα
956 2225 1382 2296 μαρτυρολόγια,
1417 2227 1495 2292 ὡς
1540 2228 1606 2283 ἂν
1640 2232 1768 2295 τοὺς
1794 2231 1890 2285 τοῦ
1939 2235 2072 2304 Χρι-

481 2317 612 2370 στοῦ
649 2317 932 2389 μάρτυρας
972 2319 1315 2390 ἀτιμάζοιεν,
1366 2324 1461 2377 καὶ
1507 2312 1647 2396 πρὺς
1692 2328 1953 2382 ἀπιστίαν
1981 2330 2069 2382 ἐν-

436 2460 445 2469 ,
482 2408 674 2477 ἄγοιεν
700 2411 827 2475 τοὺς
843 2411 1164 2477 ἀκούοντας,
1188 2413 1263 2483 μὴ
1280 2414 1367 2467 ἐπ’
1394 2414 1714 2485 ἐκκλησίαις
1744 2419 2070 2489 δημοσιεύε-

482 2502 606 2555 σθαι
637 2504 1076 2575 προστάσσομεν,
1102 2505 1239 2559 ἀλλὰ
1258 2506 1433 2562 ταῦτα
1473 2511 1608 2581 πυρὶ⁵
1643 2512 2068 2583 παραδίδοσθαι·

478 2595 611 2658 τοὺς
629 2596 688 2650 δέ
707 2596 883 2651 ταῦτα
910 2601 1408 2672 παραδεχομένους,
1436 2603 1470 2674 ἢ
1494 2602 1567 2669 ὡς
1600 2604 1826 2677 ἀληθέσι
1857 2606 2071 2674 τούτοις

480 2687 944 2757 προσανέχοντας,
978 2690 1477 2763 ἀναθεματίζομεν.

549 2777 648 2832 οε’.
675 2780 815 2843 Τοὺς
846 2780 941 2833 ἐπὶ
965 2780 1026 2834 τὸ
1052 2780 1278 2851 ψάλλειν
1306 2786 1364 2837 ἐν
1394 2786 1518 2847 ταῖς
1544 2785 1867 2856 ἐκκλησίαις
1888 2804 2071 2862 παρα-

480 2869 804 2939 γινομένους
834 2870 1138 2943 βουλόμεθα
1189 2875 1326 2945 μήτε
1372 2874 1524 2945 βοαῖς
1567 2877 1827 2941 ἀτάκτοις
1868 2880 2071 2953 κεχρῆ-

480 2963 630 3025 σθαι,
682 2962 778 3015 καὶ
825 2964 926 3035 τὴν
983 2964 1148 3034 φύσιν
1206 2966 1352 3037 πρὸς·
1391 2967 1639 3039 κραυγὴν
1692 2969 2068 3039 ἐκϐιάζεσθαι,

483 3054 626 3123 μήτε
648 3070 700 3106 τι
732 3054 1010 3123 ἐπιλέγειν
1038 3056 1149 3110 τῶν
1180 3057 1255 3127 μὴ
1286 3058 1553 3130 ἐκκλησίᾳ
1583 3059 1858 3132 ἀρμοδίων
1883 3081 1942 3118 τε
1974 3067 2070 3120 καὶ

480 3144 737 3199 οἰκείων·
774 3145 911 3200 ἀλλὰ
948 3148 1086 3218 μετὰ
1112 3148 1313 3220 πολλῆς
1356 3151 1630 3222 προσοχῆς
1662 3169 1722 3205 τε
1762 3154 1858 3208 καὶ
1902 3173 2070 3210 κατα-

2242 1952 2331 2006 55.
2396 1950 2671 2018 Quoniam
2720 1955 3078 2023 cognovimus
3141 1957 3196 2010 in
3245 1959 3634 2013 Armeniorum
3680 1974 3760 2012 re-

2174 2048 2355 2117 gione,
2387 2056 2517 2111 etc.,
2554 2055 2610 2099 ut
2643 2062 2761 2116 pag.
2782 2046 2908 2101 486.

2244 2139 2333 2193 65.
2363 2136 2495 2204 Quae
2523 2153 2554 2193 a
2595 2139 2844 2194 veritatis
2878 2139 3127 2194 hostibus
3159 2138 3299 2195 falso
3338 2139 3587 2195 conﬁctae
3632 2147 3761 2195 sunt

2174 2240 2478 2301 martyrum
2506 2230 2775 2295 historiae,
2812 2238 2874 2285 ut
2903 2230 2999 2285 Dei
3034 2242 3301 2302 martyres
3327 2229 3624 2299 ignominia
3642 2231 3761 2285 alli-

2174 2331 2393 2387 cerent;
2422 2332 2473 2377 et
2512 2323 2608 2392 qui
2648 2336 2743 2377 eas
2780 2322 3024 2377 audituri
3054 2329 3260 2388 essent,
3288 2323 3351 2376 ad
3382 2321 3759 2376 inﬁdelitatem

2174 2414 2539 2482 deducerent;
2573 2415 2627 2468 in
2655 2415 2887 2470 ecclesia
2912 2430 3019 2469 non
3056 2415 3323 2484 publicari
3350 2414 3633 2484 jubemus,
3666 2416 3759 2470 sed

2174 2522 2268 2564 eas
2296 2507 2407 2578 igni
2440 2507 2605 2562 tradi.
2634 2506 2741 2573 Qui
2775 2522 2869 2563 eas
2911 2518 3094 2562 autem
3141 2507 3457 2574 admittunt,
3501 2508 3585 2562 vel
3636 2516 3761 2561 tan-

2172 2615 2338 2671 quam
2368 2598 2514 2655 veris
2570 2598 2639 2654 iis
2682 2609 2919 2655 mentem
2973 2599 3271 2665 adhibent,
3336 2599 3763 2654 anathematiza-

2173 2708 2317 2748 mus.

2247 2783 2405 2855 133
2443 2784 2534 2840 75.
2573 2784 2681 2840 Eos
2709 2784 2803 2855 qui
2831 2784 2884 2838 in
2912 2785 3159 2840 ecclesiis
3194 2782 3260 2838 ad
3292 2783 3629 2853 psallendum
3664 2797 3757 2835 ac-

2172 2876 2393 2941 cedunt,
2430 2876 2685 2932 volumus
2738 2891 2837 2931 nec
2886 2875 3216 2930 inordinatis
3270 2866 3755 2928 voCii'erationibus

2173 2971 2274 3036 uti,
2316 2978 2371 3024 et
2401 2977 2654 3024 naturam
2687 2968 2754 3023 ad
2780 2969 3080 3023 clamorem
3127 2982 3361 3036 urgere;
3405 2981 3505 3020 nec
3548 2965 3756 3035 aliquid

2172 3074 2388 3123 eorum,
2421 3074 2546 3129 quae
2574 3058 2821 3113 ecclesia:
2856 3073 2963 3113 non
2998 3056 3355 3124 conveniunt,
3403 3065 3457 3110 et
3493 3070 3614 3125 apta
3647 3071 3754 3109 non

2180 3158 2328 3214 sunt,
2398 3149 2703 3216 asciscere;
2769 3149 2865 3204 sed
2920 3164 3043 3204 cmu
3111 3164 3307 3217 magna
3356 3149 3656 3202 attentione
3706 3155 3759 3199 et

480 3236 686 3304 νύξεως
710 3237 809 3300 τὰς
840 3240 1098 3305 τοιαύτας
1144 3241 1469 3312 ψαλμῳδίας
1512 3244 1814 3313 προσάγειν
1852 3246 1930 3318 τῷ
1959 3248 2070 3302 τῶν

2179 3242 2600 3312 oompunctione
2650 3240 2983 3311 psalmodias
3047 3241 3176 3305 Deo,
3234 3239 3330 3310 qui
3382 3247 3467 3295 est
3516 3239 3759 3293 occulto—

478 3328 743 3400 κρυπτῶν
789 3330 971 3402 ἐφόρῳ
1019 3330 1174 3403 Θεῷ*
1226 3333 1473 3397 εὐλαϐεῖς
1517 3334 1625 3405 γὰρ
1667 3333 1886 3391 ἔσεσθαι
1942 3340 2071 3405 τοὺς

481 3423 635 3486 υἱοὺς
679 3424 895 3496 Ἰσραὴλ
920 3425 981 3477 τὸ
1015 3426 1160 3495 ἱερὸν
1196 3425 1402 3491 ἐδίδαξε
1435 3426 1639 3495 λόγιον.

550 3524 667 3573 na’.
710 3518 1038 3591 Ἐπειδήπερ
1078 3519 1135 3573 ἐν
1169 3536 1279 3574 τισι
1306 3519 1514 3593 χώραις
1556 3524 1983 3597 μεμαθήκαμεν,
2012 3526 2071 3581 ἐν

479 3609 559 3681 τῷ
588 3612 871 3683 Τρισαγίῳ
899 3612 1075 3683 ὕμνῳ,
1103 3630 1159 3668 κ.
1192 3631 1242 3666 τ.
1274 3614 1325 3668 λ.

600 3702 875 3758 Συνόδου
904 3704 1158 3770 Νικαίας
1188 3704 1256 3758 τὸ
1286 3704 1587 3774 δεύτερον,
1622 3707 1823 3762 κανὼν
1853 3710 1919 3763 ιδ’
1925 3752 1938 3765 .

550 3796 684 3849 Ὀτι
711 3800 782 3850 οὺ
808 3796 926 3867 χρὴ
977 3797 1152 3863 ἐκτὸς
1200 3801 1576 3868 χειροθεσίας
1630 3802 2073 3873 ἀναγινώσκειν

479 3886 549 3940 ἐν
580 3886 653 3956 τῇ
682 3888 943 3951 συνάξει
972 3889 1071 3942 ἐπὶ
1096 3888 1386 3958 ἅμϐωνος.

553 3981 637 4036 ιδ’.
669 3983 791 4035 Ὀτι
825 3983 978 4047 τάξις
1013 3982 1432 4053 ἐμπολιτεύεται
1468 3988 1525 4039 ἐν
1575 3988 1866 4063 ίερωσὺνῃ,
1902 3992 2071 4045 πᾶσιν

480 4072 733 4144 ἀρίδηλόν
773 4075 912 4139 ἐστι,
937 4075 1031 4128 καλ⁵
1071 4076 1168 4129 σὺν
1198 4077 1454 4148 ἀκριβείᾳ
1469 4078 1748 4150 διατηρεῖν
1776 4083 1877 4154 τῆς
1905 4083 2067 4154 ἱερω-

482 4164 651 4236 σύνης
683 4166 1052 4236 ἐγχειρήσεις,
1096 4168 1215 4240 Θεῷ
1245 4171 1540 4243 εὐάρεστόν
1578 4172 1720 4240 ἐστι,
1750 4176 1844 4227 καὶ
1881 4175 2069 4247 ἐπειδὴ

480 4256 718 4326 ὁρῶμεν,
752 4258 908 4320 ἐκτὸς
941 4260 1282 4330 χειροθεσίας
1314 4262 1573 4331 νηπιόθεν
1609 4262 1707 4334 τὴν
1742 4264 1947 4335 κουρὰν
1972 4264 2068 4318 τοῦ

480 4350 685 4421 κλήρου
724 4350 1103 4421 λαμϐάνοντάς
1151 4372 1325 4419 τινας,
1373 4355 1540 4425 μήπω
1569 4354 1625 4409 δὲ
1681 4356 1810 4425 παρ’
1840 4358 2070 4410 ἐπισκό-

483 4461 584 4497 που
626 4444 971 4513 χειροθεσίαν
1017 4446 1303 4510 λαϐόντας,
1336 4448 1431 4501 καὶ
1492 4448 1969 4516 ἀναγινώσκοντας
2012 4452 2068 4504 ἐν

2175 3350 2296 3391 rum
2326 3335 2623 3407 inspector,
2649 3333 2866 3389 oﬂ'erre.
2908 3331 3033 3387 Pios
3072 3332 3217 3387 enim
3260 3342 3317 3389 et
3360 3341 3581 3388 sanctos
3636 3331 3757 3387 fore

2176 3429 2318 3485 ﬁlios
2348 3428 2536 3492 Israel,
2570 3443 2790 3484 sacrum
2840 3425 3027 3481 docuit
3060 3426 3370 3482 oraculum.

2244 3522 2333 3579 8L
2375 3521 2648 3588 Quoniam
2719 3521 2771 3574 in
2824 3519 3107 3573 nonnullis
3158 3508 3296 3573 locis
3357 3519 3650 3575 didicimus
3705 3519 3758 3573 in

2173 3616 2378 3689 hymno
2399 3630 2510 3685 quo
2539 3622 2621 3670 ter
2651 3622 2874 3668 sanctus
2901 3611 3140 3693 canitur,
3166 3621 3297 3677 etc.,
3323 3623 3379 3667 ut
3418 3628 3541 3681 pag.
3578 3611 3705 3665 M7.

2442 3697 2674 3755 Concilii
2706 3696 2917 3751 Nicwni
2941 3696 3180 3762 secundi,
3214 3713 3383 3749 canon
3415 3696 3504 3751 14.

2246 3786 2372 3842 Νοη
2412 3795 2618 3857 oportet
2666 3786 2863 3856 absque
2918 3800 3171 3837 manuum
3202 3784 3539 3851 impositione
3593 3784 3761 3855 legere

2174 3879 2231 3932 in
2257 3878 2664 3949 congregatione
2684 3892 2842 3946 super
2871 3877 3167 3929 ambonem.

2247 3972 2333 4028 14.
2355 3970 2511 4037 Quod
2528 3971 2665 4025 ordo
2684 3970 2736 4023 in
2765 3969 3076 4025 sacerdotio
3100 3979 3376 4034 versatur,
3396 3977 3483 4025 est
3504 3970 3763 4025 omnibus

2175 4062 2531 4119 manifestum
2567 4083 2581 4119 :
2612 4070 2667 4116 et
2700 4060 2997 4118 sacerdotii
3028 4076 3258 4118 munera
3290 4078 3482 4119 exacw
3538 4077 3763 4118 servare

2176 4154 2284 4209 Deo
2312 4165 2526 4225 gratum
2560 4164 2664 4211 est.
2703 4156 2977 4223 Quoniam
3007 4172 3138 4226 ergo
3173 4157 3424 4211 videmus
3471 4156 3762 4211 nonnullos

2177 4276 2208 4315 a
2237 4260 2422 4332 pueris
2450 4260 2581 4316 cleri
2621 4271 2907 4317 tonsuram
2964 4261 3321 4332 accipientes,
3348 4261 3594 4315 nondum
3630 4276 3761 4315 vero

2175 4364 2396 4423 accepta
2427 4355 2671 4424 episcopi
2704 4370 2967 4409 manuum
3001 4355 3373 4424 impositionc,
3432 4355 3485 4407 in
3531 4368 3764 4423 congre-

2174 4446 2393 4517 gatione
2456 4446 2510 4499 in
2557 4455 2816 4517 suggestu
2877 4447 3141 4517 legentes,
3173 4456 3224 4501 et
3278 4446 3330 4500 id
3356 4462 3465 4500 non
3496 4446 3763 4501 canonice

478 4539 545 4608 τῇ
580 4536 799 4601 συνάξει
832 4540 918 4592 ἐπ’
952 4540 1225 4610 ἄμϐωνος,
1259 4540 1629 4603 ἀκανονίστως
1657 4542 1816 4595 τοῦτο
1850 4543 2065 4596 ποιοῦν·
2095 4556 2099 4611 ς

2176 4537 2459 4601 facientes,
2488 4536 2593 4591 hoc
2623 4552 2652 4589 a
2678 4537 2934 4606 praesenti
2971 4551 3183 4593 canone
3214 4536 3331 4592 ﬁeri
3382 4552 3492 4591 non
3536 4536 3763 4606 permit-

478 4645 600 4694 τας,
630 4630 1001 4702 ἐπιτρέπομεν
1037 4632 1146 4685 ἀπὸ
1184 4630 1279 4685 τοῦ
1324 4634 1592 4703 παρόντος
1625 4632 1784 4687 τοῦτο
1816 4634 1891 4706 μὴ
1925 4637 2071 4705 γίνε-

483 4720 638 4773 σθαι·
704 4722 766 4774 τὸ
817 4722 951 4775 αὐτὸ
985 4723 1043 4776 δέ
1094 4724 1461 4791 φυλάττεσθαι
1496 4728 1588 4780 καὶ
1645 4728 1739 4781 ἐπὶ
1793 4729 2066 4800 μοναχῶν.

491 4812 866 4881 ’Δναγνώστου
892 4815 948 4868 δὲ
978 4815 1342 4886 χειροθεσίαν,
1374 4817 1528 4873 ἀδειά
1556 4819 1704 4872 ἐστιν
1733 4821 1793 4874 ἐν
1827 4821 1942 4893 ἰδίῳ
1975 4840 2074 4892 μο-

481 4907 759 4979 ναστηρίῳ
814 4907 908 4961 καὶ
968 4910 1114 4981 μόνῳ
1171 4910 1387 4983 ἑκάστῳ
1445 4913 1733 4984 ἡγουμένῳ
1783 4916 1980 4978 ποιεῖν,
2022 4915 2069 4966 εί

480 4998 629 5070 αὐτῷ
654 4999 732 5071 τῷ
761 5002 1053 5073 ἡγουμένῳ
1082 5003 1313 5074 ἐπετέθη
1341 5004 1653 5075 χειροθεσία
1680 5005 1812 5075 παρ’
1840 5006 2063 5060 ἐπισκό-

480 5108 605 5158 που,
638 5093 775 5164 πρὸς
808 5094 1101 5166 προεδρίαν
1133 5097 1461 5168 ἡγουμένου,
1495 5094 1740 5168 δηλονότι
1768 5097 1922 5163 ὄντος
1959 5099 2061 5152 αὑ-

552 5301 597 5335 ³⁸
626 5301 796 5362 Conc.
827 5305 1002 5363 Afric.
1034 5321 1156 5376 cap.
1189 5307 1278 5363 10.
1355 5307 1401 5341 ³³
1434 5307 1743 5364 Concilium
1774 5308 1949 5363 Afr-ie.
1986 5324 2037 5362 ο.
2070 5308 2167 5364 70.

2175 4629 2341 4685 timus
2369 4646 2383 4681 :
2411 4629 2513 4682 hoc
2534 4627 2712 4697 ipsum
2747 4639 2932 4683 autem
2969 4630 3204 4684 etiamin
3231 4630 3500 4685 monacho
3525 4630 3756 4695 servari,

2173 4722 2420 4777 Lecturis
2477 4733 2659 4777 autem
2718 4738 2982 4777 manuum
3036 4723 3444 4793 impositionem
3506 4723 3633 4778 licet
3705 4726 3760 4777 in

2174 4817 2397 4884 proprio
2456 4815 2795 4870 monasterio
2850 4826 3061 4871 tantum
3093 4816 3395 4885 unicuique
3436 4817 3761 4872 monasterii

2172 4906 2427 4976 praefecto
2483 4906 2681 4972 facere,
2748 4916 2804 4963 et
2848 4908 2951 4979 ipsi
2983 4908 3242 4980 prtefecto
3299 4909 3507 4966 scilicet
3545 4910 3615 4965 ab
3653 4910 3762 4979 cpi-

2174 5016 2341 5072 scopo
2363 5017 2558 5057 manus
2579 5012 2665 5058 est
2694 5001 2948 5072 imposita
2974 5002 3040 5057 ad
3060 5002 3440 5072 praefecturam
3468 5002 3759 5074 hegnmeni

2174 5097 2308 5151 dum
2331 5095 2403 5152 sit
2434 5105 2489 5151 et
2518 5096 2634 5168 ipse
2672 5096 2983 5168 presbyter.
3010 5095 3275 5154 Similiter
3298 5106 3354 5153 ct
3400 5111 3468 5150 ex
3531 5095 3761 5166 antiqua

1992 5482 2223 5541 ΝΟΤιΕ.

554 5597 666 5669 (39)
710 5596 777 5652 Et
807 5597 1119 5654 Fcrrandus
1153 5612 1275 5667 cap.
1309 5600 1371 5654 7i
1403 5640 1419 5663 ,
1476 5614 1747 5669 exnconc.
1801 5597 2059 5669 Cartltag.

482 5667 567 5723 tit.
598 5667 699 5740 58_;
730 5684 888 5724 conc.
918 5669 1105 5724 Carth.
1136 5685 1220 5737 III,
1249 5684 1372 5724 can.
1410 5670 1498 5724 50.
1539 5668 1670 5725 Vide
1696 5671 1929 5740 August.
1964 5667 2060 5725 lib.

482 5752 601 5794 VIII.
638 5738 713 5793 De
748 5740 891 5795 civit.
924 5755 1045 5805 cap.
1076 5740 1167 5806 27,
1207 5750 1259 5794 et
1287 5741 1415 5794 alibi
1445 5741 1667 5808 passim.

554 5808 670 5879 (40)
690 5811 902 5867 Citatur
918 5810 987 5866 ab
1004 5809 1322 5868 Innocentio
1339 5811 1427 5878 ΙΙΙ,
1448 5814 1567 5869 loco
1585 5821 1744 5869 antea
1767 5810 2024 5868 aduotato
2044 5827 2057 5867 :

2174 5599 2302 5654 item
2334 5598 2402 5654 ab
2424 5606 2649 5653 auctore
2672 5597 2951 5668 Micrologi
2979 5614 3099 5667 cap.
3123 5598 3174 5657 5.
3202 5598 3293 5652 ubi
3322 5599 3464 5668 hunc
3488 5609 3754 5668 rationem

2172 5671 2412 5740 appellat
2461 5670 2753 5739 capitulum
2805 5665 3196 5740 άιιοᾘιτιιηιιηι,
3253 5667 3381 5740 quia
3432 5666 3486 5719 in
3548 5665 3758 5721 Milevi-

2169 5738 2300 5795 taIio
2326 5757 2385 5805 ιι,
2414 5750 2476 5795 ιιι
2501 5738 2646 5796 nunc
2675 5749 2802 5795 sunt
2829 5756 3067 5795 canones
3086 5779 3100 5798 .
3134 5738 3493 5793 dumlccimus
3526 5744 3625 5790 est.

2244 5810 2357 5884 (ii)
2392 5811 2495 5869 Ms.
2535 5831 2554 5865 ι
2591 5828 2715 5867 cum
2750 5810 3197 5881 prudentioribus
3236 5808 3697 5865 fuerintcollatc.
3731 5826 3751 5860 ι
