4122 6504
392 321 497 384 595

1548 333 1812 392 ΡΗΟΊῚΙ
1842 336 2347 398 ΡΑΤΒΙΑΒΕΗᾸΞ
2385 340 2492 400 CP.

3548 350 3654 416 596

388 431 782 487 consuetudine
799 433 1221 508 chorepiscopos
1251 439 1486 512 episcopi
1513 442 1783 510 permissu
1808 458 1959 513 opor-

2070 446 2165 498 τοῦ
2222 450 2632 523 πρεσϐυτέρου·
2681 450 2946 517 ὡσαύτως
2988 454 3085 508 καὶ
3132 453 3278 509 κατά
3324 456 3388 509 τδ
3422 457 3658 528 ἀρχαῖον

388 531 463 576 tet
487 523 726 581 lectores
760 527 1040 585 ordinare.

461 730 622 803 134
646 732 800 789 CAP.
834 733 920 788 Ill.
945 733 1188 800 —Quod
1239 736 1296 789 in
1352 734 1588 792 Sabbato
1642 735 1745 807 legi
1780 734 1968 791 debeat

390 820 739 894 Evangelium
762 842 887 880 cum
912 827 1037 881 aliis
1060 826 1379 896 Scripturis.

742 1001 969 1055 Concilii
990 1000 1280 1057 Laodicem'
1308 1018 1477 1057 canon
1509 1004 1595 1058 i6.

460 1091 546 1146 16.
578 1090 644 1147 Ut
669 1092 722 1147 in
760 1092 999 1148 Sabbato
1026 1092 1380 1164 Evangelium
1408 1111 1534 1151 cum
1565 1095 1689 1153 aliis
1718 1096 1967 1169 Scriptu-

387 1183 466 1239 ris
500 1184 730 1251 legatur.

455 1274 611 1331 CAP.
649 1275 738 1335 IV.
767 1307 833 1319 —
862 1276 938 1333 De
961 1294 1116 1333 sacra
1141 1279 1409 1336 oblatione
1440 1292 1488 1337 et
1513 1287 1897 1341 communione.

714 1459 1087 1530 Apostolorum
1121 1477 1347 1516 canones
1382 1462 1438 1527 5,
1463 1464 1516 1529 4,
1546 1462 1637 1518 51.

456 1550 512 1606 5.
546 1550 603 1605 Si
635 1552 764 1621 quis
792 1553 1109 1622 episcopus,
1130 1552 1214 1608 vel
1232 1554 1516 1623 presbyter
1534 1567 1732 1624 praeter
1749 1555 1965 1614 Domini

384 1657 452 1697 ne
493 1644 771 1698 sacrificio
802 1644 1231 1709 ordinationem,
1263 1645 1371 1700 alia
1416 1648 1666 1716 quaedam
1699 1649 1765 1704 ad
1793 1650 1966 1706 altare

384 1736 649 1801 attulerit,
678 1736 782 1791 mel
818 1738 902 1792 vel
947 1737 1054 1804 lac,
1091 1737 1175 1792 vel
1230 1754 1331 1808 pro
1359 1739 1488 1793 vino
1544 1741 1779 1796 siceram
1808 1782 1823 1805 ,
1880 1744 1963 1799 vel

382 1827 656 1893 confecta,
693 1829 779 1883 vel
814 1844 966 1893 aves,
1003 1829 1088 1884 vel
1135 1829 1316 1899 aliqua
1347 1831 1630 1895 animalia,
1668 1833 1749 1887 vel
1803 1833 1960 1902 legu-

384 1921 535 1987 mina
588 1930 787 1992 praeter
831 1922 1235 1978 ordinationem
1271 1964 1289 1991 ,
1340 1923 1685 1995 deponatur,
1740 1936 1967 1995 praeter-

380 2031 545 2083 quam
578 2031 716 2070 nova
782 2015 1074 2087 legumina.
1134 2026 1380 2087 tempore
1460 2027 1770 2087 opportuno
1827 2018 1965 2089 (42).

380 2105 462 2163 Ne
509 2106 674 2163 liceat
747 2116 926 2164 autem
999 2108 1204 2179 aliquid
1253 2109 1402 2165 aliud
1442 2109 1510 2165 ad
1548 2110 1721 2166 altare
1747 2110 1965 2177 offerre,

378 2217 547 2271 quam
600 2203 780 2256 oleum
831 2202 898 2258 ad
955 2203 1247 2269 luminare,
1281 2211 1337 2258 et
1378 2202 1663 2260 incensum
1720 2212 1968 2275 tempore

382 2302 587 2349 sanctm
616 2293 936 2350 oblationis.

454 2387 510 2441 4.
549 2386 743 2442 Omnis
774 2396 958 2443 autem
996 2387 1138 2443 alius
1171 2386 1387 2446 fructus
1432 2390 1661 2447 domum
1690 2390 1962 2457 mittatur,

381 2478 639 2546 primitias
662 2478 922 2548 episcopo
945 2487 999 2533 et
1024 2478 1380 2551 presbyteris.
1413 2480 1637 2536 Clarum
1657 2491 1839 2537 autem
1856 2490 1963 2547 est,

378 2572 528 2642 quod
560 2574 856 2644 episcopus
895 2582 951 2630 et
994 2575 1300 2646 presbyteri
1332 2575 1582 2631 diaconis
1624 2584 1680 2632 et
1736 2576 1965 2646 reliquis

378 2666 740 2722 distribuunt.

445 2846 538 2900 5|.
593 2844 650 2899 Si
706 2846 831 2916 quis
889 2846 1171 2919 presbyter
1236 2858 1597 2920 contempto,
1678 2862 1830 2918 etc.,
1900 2863 1963 2909 ut

374 2955 497 3010 pag.
531 2939 657 2995 585.

765 3032 995 3088 Consilii
1027 3032 1239 3089 Niccni
1264 3050 1435 3089 canon
1473 3034 1563 3090 18.

2071 538 2195 603 ἔθος
2218 542 2347 606 τοὺς
2394 546 2846 614 χωρεπισκόπους
2877 546 2999 600 κατ’
3047 548 3353 622 ἐπιτροπὴν
3394 551 3490 604 τοῦ
3534 554 3658 607 ὲπι-

2072 633 2280 686 σκόπσυ
2306 632 2388 686 δεῖ
2419 636 2864 706 προχειρίζεσθαι
2888 639 3269 707 ἀναγνώστας.

2143 726 2397 780 ΚΕΦΑΛ.
2420 728 2495 783 Γ’.
2526 758 2597 767 ——
2623 728 2765 797 Περὶ
2792 729 2899 783 τοῦ
2926 730 3143 800 χρῆναι
3171 735 3324 788 κατά
3350 735 3660 791 Σαϐϐαῖον

2069 816 2437 887 Εὐαηέλιον
2493 818 3015 889 ἀναγινώσκεσθαι
3042 826 3192 892 μετὰ
3238 825 3457 895 ἐτέρων
3496 830 3660 897 Γρα-

2071 923 2220 975 sator.

2346 999 2617 1055 Συνόδου
2654 1000 3005 1068 Λαοδικείας
3040 1003 3243 1056 κανὼν
3272 1011 3370 1069 ις’.

2144 1101 2240 1160 ις’.
2279 1092 2417 1163 Περὶ
2442 1091 2537 1147 τοῦ
2566 1093 2625 1147 ἐν
2654 1092 2917 1164 Σαϐϐάτῳ
2950 1094 3255 1163 Εὑαγγέλια
3280 1094 3420 1165 μετὰ
3447 1095 3657 1168 ἑτέρων

2068 1186 2302 1259 Γραφῶν
2328 1183 2818 1255 ἀναγινώσκεσθαι.

2140 1280 2391 1333 ΚΕΦΑΛ.
2423 1277 2498 1336 A'.
2536 1309 2607 1322 —
2637 1278 2778 1346 Περὶ
2831 1276 2942 1347 τῆς
2992 1278 3167 1349 ἁγίας
3210 1278 3523 1351 ἀναφορᾶς
3558 1280 3656 1338 καὶ

2069 1374 2405 1438 κοινωνίας.

2410 1462 2788 1517 Ἀποστόλων
2812 1460 3016 1517 κανὼν
3052 1459 3123 1529 γ’,
3154 1462 3218 1531 δ’,
3263 1461 3367 1517 λα’.

2139 1555 2210 1624 γ’.
2246 1554 2313 1609 Et
2356 1571 2440 1618 τις
2479 1555 2777 1618 ἐπίσκοπος
2826 1554 2859 1625 ἢ
2916 1553 3309 1626 πρεσϐύτερος,
3352 1556 3507 1627 παρὰ
3554 1554 3663 1627 τὴν

2066 1648 2162 1700 τοῦ
2191 1647 2401 1718 Κυρίου
2434 1646 2678 1714 διάταξιν
2724 1646 2825 1717 τὴν
2862 1649 2958 1702 ἐπὶ
2997 1650 3063 1719 τῇ
3091 1646 3267 1719 θυσίᾳ,
3304 1650 3654 1719 προσενέγκῃ

2070 1740 2234 1810 ἕτερὰ
2262 1756 2384 1791 τινα
2410 1738 2506 1793 ἐπὶ
2548 1738 2611 1791 τὸ
2644 1738 3048 1811 θυσιαστήριον,
3090 1739 3122 1809 ἢ
3173 1740 3320 1809 μέλι,
3357 1741 3389 1811 ἢ
3423 1740 3591 1807 γάλα,
3619 1740 3654 1811 ἢ

2068 1832 2191 1885 ἀντὶ
2226 1829 2373 1884 οἴνου
2401 1830 2595 1899 σίκερα
2624 1830 2975 1900 ἐπιτηδευτὰ,
3006 1830 3039 1900 ἦ
3076 1829 3274 1901 ὄρνεις,
3299 1833 3332 1899 ἢ
3357 1829 3475 1893 ζῶά
3506 1847 3653 1894 τινα,

2068 1924 2102 1995 ἢ
2143 1924 2347 1995 ὄσπρια
2396 1924 2552 1994 παρὰ
2603 1924 2703 1995 τὴν
2752 1922 3017 1989 διάταξιν,
3050 1922 3463 1992 καθαιρείσθω’
3513 1923 3655 1994 πλὴν

2068 2020 2202 2071 νέων
2236 2017 2433 2088 χίδρων
2470 2016 2503 2087 ἢ
2553 2016 2861 2085 σταφυλῶν,
2892 2016 2973 2087 τῷ
3014 2016 3191 2087 καιρῷ
3218 2015 3296 2086 τῷ
3328 2016 3525 2071 δέοντι.
3560 2016 3654 2084 Μὴ

2066 2112 2188 2179 ἐξὸν
2215 2110 2271 2165 δὲ
2301 2110 2441 2164 ἔστω
2472 2109 2845 2180 προσάγεσθαί
2889 2126 2942 2163 τι
2974 2108 3162 2179 ἕτερον
3204 2109 3341 2180 πρὸς
3363 2108 3425 2161 τὸ
3463 2108 3653 2162 θυσια-

2067 2205 2310 2275 στήριον,
2334 2202 2453 2257 ἀλλ’
2478 2205 2511 2272 ἢ
2552 2201 2732 2255 ἔλαιον
2762 2204 2843 2265 είς
2874 2203 2974 2272 τὴν
3002 2202 3247 2273 λυχνίαν,
3276 2203 3371 2257 καὶ
3396 2202 3654 2272 θυμίαμα

2065 2295 2143 2367 τῷ
2168 2294 2345 2364 καιρῷ
2371 2296 2470 2363 τῆς
2495 2292 2654 2361 ἁγίας
2680 2292 3016 2362 προσφορᾶς.

2135 2389 2199 2443 δ’.
2241 2388 2305 2442 'H
2339 2386 2473 2458 άλλη
2512 2388 2663 2440 πᾶσα
2693 2383 2886 2455 ὀπώρα
2928 2386 3009 2447 εἰς
3033 2378 3184 2437 οἶκον
3227 2383 3654 2438 ἀποστελλέσθω

2064 2480 2289 2551 ἀπαρχὴ
2316 2479 2396 2551 τῷ
2432 2478 2720 2549 ὲπισκόπῳ
2761 2478 2855 2531 καὶ
2898 2478 3012 2539 τοῖς
3055 2476 3470 2547 πρεσϐυτέροις,
3515 2476 3653 2530 ἀλλὰ

2068 2574 2144 2646 μὴ
2172 2573 2312 2646 πρὸς
2340 2572 2403 2625 τὸ
2452 2570 2859 2641 θυσιαστήριον.
2891 2567 3062 2638 Δῆλον
3089 2568 3147 2622 δὲ
3176 2569 3253 2633 ὡς
3294 2570 3322 2622 ὁ
3348 2568 3653 2630 ἐπίσκοπος

2063 2668 2159 2721 καί
2186 2669 2236 2719 oi
2289 2661 2653 2736 πρεσϐύτεροι
2698 2659 3044 2732 ὲπιμεριοῦσι
3091 2664 3204 2725 τοῖς
3245 2659 3518 2724 διακόνοις
3555 2657 3652 2713 καὶ

2061 2760 2174 2820 τοῖς
2204 2757 2413 2820 λοιποῖς
2448 2754 2752 2825 κληρικυίς.

2132 2847 2235 2907 λα’.
2272 2848 2340 2903 Et
2361 2865 2447 2914 τις
2480 2848 2850 2919 πρεσϐύτερος
2878 2845 3321 2917 καταφρονήσας,
3354 2860 3408 2898 κ.
3441 2860 3497 2899 τ.
3525 2841 3578 2897 λ.

2400 3047 2677 3104 Συνόδου
2704 3045 2955 3112 Νικαίας
2981 3044 3184 3099 κανὼν
3217 3051 3307 3115 ιη’.

449 3124 535 3180 18.
579 3124 833 3180 Pervenit
858 3125 923 3179 ad
953 3135 1198 3182 sanctam
1227 3129 1521 3198 synodum,
1550 3128 1697 3199 quod
1723 3129 1777 3184 in
1811 3144 1954 3185 non-

2138 3132 2441 3207 ιη’.’Ἦλθεν
2469 3138 2549 3200 εἰς
2576 3138 2677 3207 τὴν
2708 3136 2871 3205 ἁγίαν
2895 3136 2990 3189 καὶ
3024 3135 3269 3206 μεγάλην
3299 3133 3539 3199 σύνοδον,
3567 3134 3649 3189 ὅτι

376 3219 545 3274 nullis
577 3218 717 3273 [Oris
752 3226 808 3272 et
843 3218 1159 3274 civitatibus
1197 3219 1415 3273 diaconi
1456 3220 1589 3275 dant
1620 3222 1957 3296 presbyteris

374 3308 802 3372 Eucharistiam,
832 3309 979 3379 quod
1018 3325 1118 3365 nec
1164 3325 1342 3365 canon
1394 3324 1574 3381 neque
1615 3317 1961 3373 consuetudo

379 3400 621 3463 tradidit,
655 3410 718 3454 ut
743 3401 836 3470 qui
865 3399 1128 3455 oii‘erendi
1154 3410 1479 3471 potestatem
1502 3417 1613 3458 non
1643 3403 1866 3473 habent,
1891 3407 1961 3462 iis

376 3493 469 3563 qui
490 3491 647 3563 135
663 3491 922 3558 offerunt,
938 3492 1069 3547 dent
1084 3507 1283 3563 corpus
1296 3493 1522 3551 Christi.
1538 3494 1657 3551 Jam
1674 3512 1806 3553 vero
1826 3498 1959 3555 illud

379 3585 544 3639 etiam
596 3585 871 3654 cognitum
905 3598 1009 3651 est,
1044 3588 1186 3655 quod
1212 3585 1325 3655 jam
1358 3587 1579 3657 quidam
1612 3604 1681 3643 ex
1712 3589 1960 3646 diaconis

375 3678 541 3732 etiam
570 3688 698 3732 ante
723 3678 1011 3747 episcopos
1054 3676 1458 3733 Eucharistiam
1506 3679 1800 3750 attingunt.
1832 3680 1959 3735 Haec

375 3783 508 3838 ergo
536 3768 721 3823 omnia
759 3767 1108 3832 auferantur,
1134 3777 1189 3823 et
1217 3767 1434 3824 diaconi
1469 3768 1612 3825 intra
1640 3786 1771 3826 suas
1805 3787 1961 3826 men-

380 3876 542 3917 suras
600 3869 961 3931 pcrmaneant
1006 3861 1295 3917 :scieutes
1362 3864 1509 3932 quod
1549 3871 1677 3918 sunt
1735 3864 1955 3933 quidem

374 3954 620 4024 episcopi
658 3954 923 4019 ministri,
956 3954 1292 4025 presbyteris
1332 3969 1463 4009 vero
1502 3954 1763 4032 minores.
1794 3956 1958 4011 Acci-

374 4049 532 4118 piant
564 4056 747 4102 autem
779 4062 881 4102 suo
910 4046 1103 4102 ordine
1131 4045 1534 4103 Eucharistiam
1566 4059 1690 4118 post
1727 4049 1955 4120 presby-

375 4150 542 4205 teros,
579 4140 659 4196 eis
697 4140 973 4210 praebente
1001 4140 1258 4210 cpiscOpo
1284 4139 1369 4195 vel
1397 4138 1719 4211 presbytero
1742 4139 1816 4192 ³³.
1849 4138 1955 4194 Sed

375 4251 477 4290 nec
511 4236 564 4289 in
599 4234 781 4289 medio
832 4232 1054 4304 quidem
1086 4233 1530 4304 presbyterorum
1566 4233 1729 4288 liceat
1770 4233 1958 4289 diaco-

374 4326 459 4382 nis
483 4326 695 4382 sedere.
726 4326 783 4381 Id
814 4325 873 4381 ﬁt
900 4326 1046 4381 enim
1079 4335 1278 4395 praeter
1310 4340 1575 4381 canonem
1604 4334 1658 4380 et
1680 4325 1952 4382 ordinem.

372 4418 429 4473 Si
466 4417 593 4489 quis
639 4427 819 4473 autem
854 4433 966 4473 non
998 4418 1114 4473 vult
1149 4417 1371 4474 obedire
1392 4428 1516 4489 post
1546 4417 1648 4476 has
1686 4420 1955 4476 constitu-

368 4509 579 4577 tiones,
599 4524 631 4564 a
662 4509 960 4566 diaconatu
990 4509 1245 4567 desistat.

739 4690 971 4747 Concitii
996 4691 1276 4763 Ancyrani
1323 4708 1495 4747 canon
1529 4695 1583 4748 1.

442 4782 495 4836 1.
542 4781 923 4852 Presbyteros,
973 4784 1067 4853 qui
1102 4784 1506 4851 sacriﬁcarunt,
1537 4784 1733 4840 deinde
1764 4793 1956 4841 contra

370 4874 625 4929 rcluctati
661 4885 813 4939 sunt,
847 4890 956 4930 non
989 4874 1365 4931 fraudulenter
1410 4887 1465 4930 et
1511 4876 1796 4940 insidiose,
1862 4876 1957 4932 sed

369 4977 518 5028 vere,
560 4977 661 5017 nec
701 4963 806 5018 hoc
832 4966 988 5035 prius
1028 4965 1326 5019 machinati
1354 4973 1503 5031 sunt,
1538 4980 1639 5020 nec
1701 4967 1957 5027 consulto

368 5068 438 5108 oc
468 5055 536 5109 de
578 5054 848 5111 industria
901 5056 955 5111 id
1012 5056 1281 5122 fecerunt,
1308 5068 1363 5112 et
1416 5066 1831 5126 persuaserunt,
1899 5067 1958 5112 ut

372 5147 662 5203 tormentis
688 5148 887 5218 subjici
920 5150 1259 5216 viderentur,
1295 5165 1419 5205 cum
1440 5164 1505 5205 ea
1534 5150 1716 5219 specie
1748 5160 1803 5205 et
1835 5151 1954 5220 opi-

371 5236 537 5290 nione
567 5245 776 5292 tantum
806 5237 1141 5294 inferrentur
1178 5258 1191 5295 :
1225 5241 1401 5297 visum
1435 5250 1522 5295 est
1551 5257 1646 5296 eos
1682 5241 1957 5296 cathedrze

373 5329 597 5398 quidam
628 5331 856 5387 honoris
890 5348 1013 5388 esse
1045 5332 1358 5404 participes,
1396 5349 1504 5388 non
1555 5334 1721 5389 licere
1772 5343 1953 5388 autem

447 5463 497 5495 ³⁸
518 5464 687 5521 Laod.
722 5465 829 5533 20;
866 5466 1078 5523 Valent.
1115 5468 1218 5536 58;
1253 5469 1432 5526 (ielas.
1460 5472 1514 5523 7.

2061 3229 2120 3283 ἐν
2156 3246 2265 3284 τισι
2286 3229 2471 3293 τόποις
2494 3228 2590 3283 καὶ
2619 3227 2806 3281 πόλεσι
2838 3229 2949 3290 τοῖς
2975 3226 3367 3298 πρεσϐυτέροις
3412 3224 3515 3295 τὴν
3544 3225 3650 3279 Εὑ-

2061 3318 2348 3391 χαριστίαν
2381 3318 2431 3372 οἱ
2483 3317 2720 3371 διάκονοι
2772 3315 3030 3381 διδόασιν,
3064 3315 3203 3383 ὅπερ
3233 3312 3355 3367 οὔτε
3392 3316 3420 3367 ὁ
3466 3313 3650 3368 κανὼν

2062 3408 2187 3464 οὔτε
2220 3411 2255 3480 ἡ
2310 3407 2575 3479 συνήθεια
2599 3407 2908 3479 παρέδωκε,
2938 3406 3067 3470 τοὺς
3109 3405 3360 3470 ἐξουσίαν
3392 3405 3471 3476 μὴ
3501 3405 3649 3476 ἔχον-

2059 3519 2160 3566 τας
2187 3498 2543 3572 προσφέρειν,
2576 3501 2692 3561 τοῖς
2735 3497 3105 3568 προσφέρουσι
3148 3496 3348 3550 διδόναι
3386 3498 3447 3549 τὸ
3490 3497 3648 3565 σῶμα

2058 3592 2154 3647 τοῦ
2205 3590 2476 3663 Χριστοῦ⁶
2513 3591 2736 3643 κάκεῖνο
2775 3589 2829 3641 δὲ
2862 3588 3190 3659 ἐγνωρίσθη,
3227 3589 3309 3641 ὅτι
3354 3587 3460 3659 ἤδη
3505 3587 3648 3649 τινὲς

2058 3684 2167 3739 τῶν
2195 3683 2460 3738 διακόνων
2494 3681 2588 3735 καὶ¹
2626 3680 2734 3751 πρὸ
2773 3680 2882 3732 τῶν
2916 3680 3231 3733 ἐπισκόπων
3279 3678 3381 3748 τῆς
3419 3678 3646 3747 εὐχαριο

2062 3775 2213 3838 στίας
2242 3772 2527 3827 ἅπτονται.
2557 3771 2744 3825 Ταῦτα
2773 3769 2865 3825 οὖν
2901 3771 3083 3824 πάντα
3125 3769 3489 3842 περιῃρήσθω
3508 3810 3521 3833 ,
3553 3768 3646 3822 καὶ

2060 3864 2447 3935 ὲμμενέτωσαν
2473 3863 2523 3914 οἱ
2555 3862 2790 3916 διάκονοι
2827 3863 2940 3924 τοῖς
2975 3861 3124 3924 ἰδίοις
3172 3861 3411 3931 μέτροις,
3444 3860 3647 3921 εἰδότες

2056 3958 2140 4012 ὅτι
2166 3956 2259 4010 τοῦ
2290 3956 2391 4026 μὲν
2419 3955 2720 4008 ἐπισκόπου
2743 3954 3013 4025 ὑπηρέται
3036 3955 3163 4019 εἰσὶ,
3194 3953 3301 4005 τῶν
3322 3952 3380 4006 δὲ
3405 3951 3646 4024 πρεσϐυ-

2056 4049 2231 4118 τέρων
2263 4047 2517 4111 ἐλάττους
2548 4046 2880 4117 τυγχάνουσι
2906 4063 2919 4079 ·
2949 4046 3378 4115 λαμϐανέτωσαν
3415 4044 3477 4097 δὲ
3504 4043 3644 4097 κατὰ

2055 4140 2156 4212 τὴν
2189 4139 2343 4205 τάξιν
2367 4140 2467 4211 τὴν
2493 4138 2862 4210 Εὐχαριστίαν
2898 4138 3035 4208 μετὰ
3057 4137 3184 4199 τοὺς
3210 4134 3640 4207 πρεσϐυτέρους.

2062 4232 2229 4286 Ἀλλά
2287 4232 2424 4303 μηδὲ
2476 4230 2749 4301 καθῆσθαι
2804 4232 2864 4285 ὲν
2914 4231 3064 4301 μέσῳ
3091 4230 3203 4283 τῶν
3252 4228 3643 4300 πρεσϐυτέρων

2054 4323 2259 4389 ἐξέστω
2297 4328 2409 4388 τοῖς
2449 4322 2752 4385 διακόνοις·
2798 4321 2952 4393 παρὰ
2992 4321 3192 4376 κανόνα
3221 4320 3328 4390 γὰρ
3371 4321 3465 4374 καὶ
3496 4316 3645 4387 παρὰ

2054 4415 2208 4481 τάξιν
2239 4416 2357 4469 ἐστὶ
2383 4414 2447 4469 τὸ
2481 4415 2788 4484 γινόμενον.
2826 4415 2890 4467 El
2925 4413 2983 4468 δέ
3038 4430 3123 4479 τις
3170 4412 3245 4484 μὴ
3297 4411 3441 4464 θέλει
3493 4409 3647 4463 πειθ-

1982 4493 2028 4549 D
2058 4509 2245 4579 αρχείν
2277 4509 2371 4561 καὶ
2405 4507 2546 4578 μετὰ
2582 4505 2805 4568 τούτους
2838 4507 2965 4571 τοὺς
2993 4506 3172 4579 ὅρους,
3203 4502 3512 4558 πεπαύσθω
3544 4501 3643 4571 τῆς

2056 4600 2353 4664 διακονίας.

2386 4693 2658 4749 Συνόδου
2699 4692 2991 4763 Ἀγκύρας
3020 4689 3223 4748 κανὼν
3251 4697 3323 4744 α’.

2127 4796 2196 4843 α’.
2225 4787 2640 4860 Πρεσϐυτέρους
2669 4785 2797 4848 τοὺς
2838 4784 3227 4847 ὲπιθύσαντας,
3272 4778 3392 4836 εἶτα
3428 4781 3638 4835 ἀναπα-

2055 4882 2373 4944 λαίσαντας,
2406 4882 2543 4951 μήτε
2572 4881 2638 4932 ὲκ
2678 4877 2902 4947 μεθόδου
2932 4876 3076 4939 τινὸς
3113 4874 3227 4929 ἀλλ’
3267 4874 3328 4941 ἐξ
3361 4872 3636 4944 ἀληθείας,

2057 4973 2198 5043 μήτε
2241 4968 2871 5042 προκατασκευάσαντας
2915 4966 3010 5019 καὶ
3055 4963 3514 5035 ὲπιτηδεύσαντας
3545 4958 3637 5013 καὶ

2054 5066 2374 5129 πείσαντας,
2402 5063 2490 5116 ἵνα
2534 5060 2731 5126 δόξωσι
2778 5060 2877 5132 μὲν
2920 5058 3179 5129 βασάνοις
3216 5055 3635 5114 ὑποϐάλλεσθαι,

2052 5157 2258 5222 ταύτας
2287 5157 2345 5210 δὲ
2369 5155 2447 5226 τῷ
2473 5156 2652 5209 δοκεῖν
2696 5155 2791 5208 καὶ
2828 5151 2904 5224 τῷ
2952 5153 3192 5222 σχήματι
3236 5148 3634 5221 προσαχθῆναι,

2053 5248 2279 5313 τούτους
2308 5248 2453 5314 ἔδοξε
2475 5251 2573 5317 τῆς
2615 5248 2714 5318 μὲν
2746 5247 2911 5317 τιμῆς
2938 5246 3038 5316 τῆς
3072 5244 3211 5297 κατά
3240 5245 3341 5315 τὴν
3371 5241 3634 5309 καθέδραν

2058 5342 2307 5411 μετέχειν
2334 5359 2349 5373 θ
2401 5342 2736 5412 προσφέρειν
2780 5340 2837 5394 δὲ
2884 5340 3080 5402 αὐτοὺς
3117 5338 3151 5409 ἢ
3203 5335 3471 5409 ὀμιλεῖνῆ
3502 5331 3634 5391 ὅλως

1890 5653 2123 5710 NOTAE.

452 5768 561 5839 ΜΞ)
590 5768 838 5826 Genliani
878 5774 1155 5841 exeritle
1187 5789 1289 5827 non
1324 5772 1512 5827 habuit
1541 5771 1581 5843 ἡ
1618 5773 1920 5844 σταφυλῆς,
1948 5774 1959 5828 i

2059 5782 2129 5839 st,
2164 5788 2338 5827 uvam.
