4122 6500
400 379 509 442 597

1228 379 1635 442 SYNTAGMA
1666 380 2059 441 CANONUM.
2100 404 2169 415 ·-
2195 383 2352 445 ΤΙΤ.
2390 385 2511 445 ῙΠ.
2559 390 2719 450 CAP.
2758 391 2875 467 III,
2912 394 3013 457 IV.

3584 394 3692 461 598

402 491 753 565 λειτουργεῖν
796 508 852 546 τι
881 492 991 545 τῶν
1041 491 1335 563 ίερατικῶν
1384 492 1755 565 λειτουργιῶν,
1807 493 1883 565 μὴ
1914 490 2004 557 ὲξ-

2117 494 2249 565 ipsis
2278 496 2498 566 offerre,
2534 515 2631 556 seu
2656 517 2965 559 sermonem
3003 504 3277 573 conferre,
3330 507 3413 561 vel
3468 522 3694 564 omnmo

402 585 582 640 εῖναι.

640 682 911 736 Evn-660v
938 684 1410 752 Νεοκαισαρείας
1435 685 1639 738 κανὼν
1672 690 1764 756 ιγ’.

481 774 584 843 ιγ’.
624 774 939 846 Ἐπιχώριοι
978 776 1365 849 πρεσϐύτεροι,
1387 795 1442 830 κ.
1478 795 1531 831 τ.
1563 778 1614 832 λ,

630 868 903 922 Συνόδου
942 867 1298 936 Λαοδικείας
1323 869 1525 925 κανὼν
1555 870 1641 937 ιϐ’,
1682 871 1791 941 μθ’.

482 958 578 1015 ιϐ’.
614 958 749 1030 Περὶ
804 957 900 1014 τοῦ
950 959 1064 1015 δεῖν
1103 959 1211 1032 ίδίᾳ
1262 958 1485 1032 πρῶτον
1540 962 1685 1032 μετά
1733 960 1837 1026 τὰς
1883 964 2007 1034 ὀμι-

404 1047 561 1112 λίας,
590 1067 643 1103 κ.
670 1066 722 1104 τ.
755 1051 807 1105 λ.

484 1140 599 1211 μθ’.
633 1142 755 1196 Ὀτι
788 1142 850 1196 οὐ
878 1143 961 1197 δεῖ
996 1144 1056 1196 ὲν
1078 1146 1145 1215 τῇ
1166 1143 1592 1217 Τεσσαρακοστῇ
1622 1146 1788 1219 ἄρτον
1833 1166 2006 1221 προσ-

407 1232 629 1301 φέρειν,
660 1233 710 1285 εί
739 1233 813 1304 μὴ
842 1232 902 1286 ὲν
932 1234 1198 1304 Σαϐϐάτῳ
1226 1235 1324 1288 καὶ
1353 1235 1606 1309 κυριακῇ
1642 1238 1828 1307 μόνον.

516 1322 794 1378 Συνόδου
824 1325 1251 1394 Καρθατέννης
1274 1325 1477 1380 κανὼν
1500 1326 1600 1392 λζ’,
1641 1333 1752 1397 μα’,
1786 1328 1897 1400 μξ’.

481 1418 629 1485 Περὶ
659 1418 763 1472 τοῦ
775 1418 862 1489 μὴ
893 1418 1117 1483 ἐξεῖναι
1147 1419 1469 1487 περαιτέρω
1488 1420 1671 1488 ἄρτου
1699 1422 1799 1476 καὶ
1834 1422 2007 1477 οῑνου

403 1509 588 1565 ὕδατι
605 1512 994 1582 μεμιγμένου,
1017 1512 1077 1566 τί
1100 1525 1247 1566 ποτε
1270 1512 1340 1566 ἐν
1372 1510 1497 1578 τοῖς
1517 1511 1710 1583 ἁγίοις
1738 1514 2007 1584 προσφέ-

396 1620 562 1670 ρειν.

474 1696 583 1760 λζ’.
614 1697 732 1751 Ἵνα
770 1698 830 1751 ὲν
853 1697 966 1761 τοῖς
1006 1696 1184 1765 ἁγίοις
1218 1697 1387 1769 μηδὲν
1416 1696 1581 1751 πλέον
1625 1696 1718 1751 τοῦ
1755 1698 2009 1768 σώματος

404 1790 505 1843 καὶ
535 1789 633 1841 τοῦ
662 1790 894 1860 αἵματος
920 1789 1016 1843 τοῦ
1043 1790 1277 1862 Κυρίου,
1303 1790 1454 1855 ξένον
1484 1790 1896 1862 προσενεχθείη,
1929 1790 2007 1854 ὡς

403 1882 504 1936 καὶ
538 1882 705 1945 αὐτὸς
728 1884 758 1936 ὁ
787 1882 990 1954 Κύριος
1032 1882 1353 1954 παρέδωκε·
1386 1883 1610 1955 ἀπαρχὴ
1645 1882 1702 1936 δὲ
1738 1883 1850 1936 εἴτε
1879 1882 2000 1953 μέλι

400 1975 518 2027 εἴτε
572 1974 734 2042 γάλα,
773 1975 849 2038 ὡς
897 1974 1079 2038 εἴωθε,
1124 1975 1523 2047 προσφερέσθω
1578 1978 1636 2029 ὲν
1676 1977 1778 2046 μιᾷ
1815 1975 2001 2048 ἡμέρα

399 2068 588 2139 ὲθίμῳ
614 2069 697 2130 είς
730 2066 790 2121 τὸ
829 2066 938 2120 τῶν
966 2067 1178 2137 νηπίων
1215 2069 1534 2139 μυστήριον.
1576 2069 1641 2122 Ei
1681 2071 1775 2124 καὶ
1802 2071 1871 2124 τὰ
1900 2069 2002 2140 μά·-

402 2160 569 2213 λιστα
602 2159 714 2230 γὰρ
736 2161 793 2213 ἐν
831 2160 1204 2231 θυσιαστηρίῳ
1229 2162 1620 2233 προσφέρεται,
1654 2162 1805 2234 ὅμως
1829 2163 2003 2234 ἐχέτω

406 2252 553 2305 ἰδίαν
606 2252 814 2323 κυρίως
844 2252 1117 2321 εὐλογίαν,
1146 2253 1221 2315 ὡς
1264 2255 1328 2307 ἐκ
1365 2252 1461 2306 τοῦ
1516 2254 1862 2326 ἀγιὰσματος
1902 2255 2001 2309 τοῦ

406 2346 701 2417 Κυριακοῦ
742 2345 995 2416 σώματος
1033 2347 1127 2400 καὶ
1162 2347 1397 2418 αἵματος
1433 2344 1779 2401 διίστασθαι·
1828 2348 1998 2419 μηδὲν

396 2438 463 2492 δὲ
498 2437 667 2492 πλέον
698 2439 755 2492 ὲν
782 2440 901 2502 ταῖς
923 2439 1203 2510 ἀπαρχαῖς
1237 2440 1657 2512 προσφερέσθω,
1682 2442 1716 2513 ἦ
1748 2441 2002 2513 ἀπδεστα-

407 2530 602 2599 φυλῶν
646 2532 740 2585 καὶ
773 2531 944 2586 σίτου.

484 2623 627 2694 Περὶ
658 2624 765 2679 τοῦ
798 2624 919 2679 ἀπὸ
958 2625 1270 2694 νηστικῶν
1297 2625 1381 2693 τῷ
1419 2625 1544 2693 Θεῷ
1591 2626 2005 2699 προσάγεσθαι

406 2720 653 2784 θυσίας.

483 2816 599 2879 μα’.
630 2809 794 2863 Ὥστε
818 2808 956 2879 ἀγια
984 2808 1466 2881 Θυσιαστηρίου,εί
1494 2810 1569 2881 μὴ
1599 2810 1708 2864 ἀπὸ
1731 2813 2006 2883 νηστικῶν

408 2900 742 2971 ἀνθρώπων,
781 2900 857 2973 μὴ
903 2901 1295 2966 ἐπιτελεῖσθαι,
1326 2901 1672 2975 ἐξῃρημένης
1704 2907 1835 2975 μιᾶς
1875 2908 2004 2975 ἐτη-

411 2994 538 3057 σίας
571 2993 789 3064 ἡμέρας
818 2995 877 3047 ὲν
965 2992 1028 3047 τὸ
1057 2995 1338 3065 Κυριακδν
1375 2996 1592 3051 δεῖπνον
1629 2997 1960 3052 ἐπιτελεῖται
1988 3014 2001 3027 ⁸

411 3087 511 3141 ἐὰν
545 3087 605 3140 δέ
636 3104 801 3141 τινων
840 3086 981 3142 κατὰ
1014 3086 1105 3140 τὸν
1148 3086 1377 3143 δειλινὸν
1425 3090 1617 3159 καιρὸν
1645 3091 2006 3163 τελευτησάν-

2112 591 2459 647 sacerdotale
2497 594 2723 664 aliquod
2751 612 2953 652 munus
2989 598 3168 656 obire.

2385 684 2614 740 Concilii
2636 686 3093 746 Neocmsareensis
3124 709 3295 747 canon
3324 695 3412 749 i5.

2179 777 2268 833 l3.
2304 777 2499 834 Vicani
2523 789 2707 835 autem
2742 783 3068 854 presbyteri,
3100 796 3232 849 etc.,
3264 798 3320 840 ut
3348 802 3470 856 pag.
3499 786 3628 845 551.

2382 869 2608 924 Concilii
2634 869 2924 928 Laodiceni
2947 891 3174 930 canones
3208 876 3295 942 19,
3330 877 3421 931 49.

2180 960 2268 1018 l9.
2303 962 2570 1033 Oportere
2599 979 2847 1021 seorsum
2884 965 3125 1037 primum
3163 978 3287 1039 post
3310 971 3696 1040 episcoporum

2105 1069 2410 1119 sermones,
2443 1064 2573 1117 etc...
2611 1063 2670 1110 ut
2700 1073 2827 1127 pag.
2858 1058 2985 1113 587.

2178 1146 2269 1203 49.
2307 1146 2461 1212 Quod
2505 1163 2617 1202 non
2660 1158 2874 1219 oportet
2928 1151 2982 1204 in
3027 1151 3459 1226 Quadragesima
3500 1170 3697 1226 panem

2107 1237 2306 1294 offerre
2326 1279 2341 1303 ,
2377 1240 2482 1296 nisi
2515 1239 2762 1297 Sabbato
2794 1254 2848 1298 et
2889 1243 3024 1299 solis
3056 1246 3375 1302 Dominicis.

2135 1332 2296 1403 136
2338 1331 2562 1389 Concilii
2613 1332 3046 1406 Carthaginensis
3068 1355 3290 1392 canones
3318 1339 3407 1402 37,
3438 1338 3502 1393 41
3529 1382 3542 1402 ,
3572 1339 3663 1394 47.

2180 1424 2335 1491 Quod
2374 1434 2569 1495 praeter
2607 1442 2799 1497 panem
2838 1435 2889 1480 et
2920 1445 3121 1483 merum
3160 1430 3377 1485 aristam
3403 1447 3541 1500 aqua
3566 1429 3698 1485 nihil

2108 1517 2163 1571 in
2199 1518 2549 1572 sacramentis
2595 1519 2778 1587 offerri
2816 1518 3023 1575 debeat.

2180 1700 2271 1755 57.
2305 1699 2380 1756 Ut
2424 1699 2478 1755 in
2508 1702 2873 1758 sacramentis
2907 1702 3027 1734 ""7
3064 1703 3385 1772 corporiset
3413 1700 3698 1773 sanguinis

2111 1792 2329 1848 Domini
2378 1793 2516 1848 nihil
2565 1794 2806 1862 amplius
2846 1793 3147 1861 offeratur,
3177 1809 3343 1865 quam
3383 1795 3527 1864 quod
3582 1795 3700 1864 ipse

2111 1883 2377 1939 Dominus
2422 1884 2690 1951 tradidit,
2740 1886 2843 1940 hoc
2890 1894 2974 1940 est
3002 1885 3160 1955 panis
3202 1895 3258 1941 et
3317 1886 3505 1940 vinum
3558 1900 3699 1954 aqua

2103 1978 2355 2033 mistum.
2400 1976 2667 2033 Primitiae
2689 1993 2837 2045 vero,
2870 1995 2967 2034 seu
2997 1981 3103 2035 mel
3128 1988 3181 2034 et
3210 1980 3317 2043 lac,
3346 1991 3399 2033 et
3420 1978 3566 2050 quod
3590 1994 3701 2033 uno

2105 2069 2194 2123 die
2227 2070 2637 2126 solemnissimo
2669 2072 2720 2125 in
2761 2070 3031 2126 infantum
3064 2070 3324 2143 mysterio
3347 2069 3500 2142 [mss.
3538 2070 3702 2125 mini-

2105 2162 2293 2234 sterio]
2310 2164 2450 2218 solet
2467 2162 2670 2229 oﬂ‘erri,
2690 2164 2941 2233 quamvis
2957 2165 3012 2218 in
3028 2163 3187 2218 altari
3203 2161 3446 2235 [altario]
3464 2161 3703 2217 offeran-

2106 2263 2196 2309 tur
2234 2254 2279 2285 ³⁸
2308 2252 2329 2325 [
2355 2253 2430 2309 al.
2465 2270 2575 2309 non
2616 2254 2917 2309 offerantur
2940 2252 2983 2327 ],
3021 2269 3178 2310 suam
3222 2259 3413 2308 tamen
3465 2253 3706 2308 habeant

2107 2348 2385 2417 propriam
2416 2346 2876 2412 benedictionem,
2897 2356 2957 2401 ut
2988 2362 3018 2401 a
3045 2353 3404 2403 sacramento
3432 2345 3704 2403 Dominici

2106 2440 2454 2508 corporiset
2508 2440 2795 2510 sanguinis
2838 2439 3286 2509 distinguantur;
3330 2452 3432 2493 nec
3468 2436 3705 2507 amplius

2105 2533 2162 2588 in
2208 2532 2461 2602 primitiis
2508 2530 2787 2593 offeratur.
2820 2547 2986 2602 quam
3022 2532 3090 2587 de
3127 2530 3250 2587 uvis
3297 2540 3354 2586 et
3386 2530 3699 2586 frumentis.

2178 2625 2251 2682 Ut
2305 2642 2338 2679 a
2368 2625 2579 2695 jejunio
2613 2623 2722 2679 Deo
2756 2624 3031 2695 sacriﬁcia
3072 2622 3421 2680 celebrentur.

2176 2807 2268 2863 4i.
2300 2805 2374 2863 Ut
2401 2813 2746 2863 sacramenta
2789 2802 2835 2834 ³⁸
2891 2801 3086 2858 altaris
3120 2800 3345 2856 nonnisi
3418 2814 3450 2853 a
3475 2796 3705 2869 jejuniis

2108 2898 2430 2954 hominibus
2458 2879 2831 2961 celebrentur,
2868 2902 3099 2961 excepto
3129 2907 3240 2947 uno
3266 2892 3355 2947 die
3380 2892 3707 2945 anniversa-

2112 2994 2222 3060 rio,
2254 3007 2366 3064 quo
2401 3006 2559 3047 coena
2598 2988 2886 3044 Dominica
2914 2987 3089 3060 [ηιεδ.
3129 3002 3285 3042 caena
3320 2984 3577 3057 Domini]
3614 2999 3708 3039 ce-

2110 3087 2377 3142 lebratur.
2431 3081 2567 3137 Nam
2627 3082 2673 3138 si
2728 3082 3044 3151 aliquorum
3099 3080 3480 3150 pomeridiano
3531 3078 3702 3151 [mam

409 3198 544 3245 των,
588 3183 701 3236 είτε
755 3181 1071 3235 ἐπισκόπων
1114 3180 1225 3234 εἴτε
1275 3181 1383 3235 τῶν
1428 3182 1655 3245 λοιπῶν,
1703 3183 2007 3256 παράθεσις

2117 3173 2565 3249 promeridiano}
2598 3183 2842 3243 tempore
2887 3170 3273 3227 defunctorum
3296 3211 3311 3236 ,
3345 3172 3461 3225 sive
3490 3171 3709 3240 episco-

410 3276 667 3347 γένηται,
709 3274 899 3344 μόναις
951 3274 1142 3345 εὐχαῖς
1195 3274 1511 3347 ἐκτελεσθῇ,
1566 3277 1661 3331 ἐὰν
1693 3278 1744 3331 οι
1800 3278 2007 3350 ταύτην

412 3370 720 3434 ποιοῦντες,
753 3368 1153 3441 ἀριστήσαντες
1183 3367 1503 3441 εὑρεθῶσιν.

486 3550 631 3621 Περὶ
659 3548 1037 3604 Δονατιστῶν
1072 3547 1328 3602 παιδίων
1347 3545 1468 3601 τῶν
1493 3548 1655 3618 παρὰ
1677 3548 1802 3617 τοῖς
1832 3551 2010 3606 Δονα-

413 3644 649 3711 τισταῖς
681 3640 1156 3712 βαπτιζομένων.

488 3740 600 3809 μζν,
636 3740 879 3809 Ἤρεσεν
923 3737 1011 3789 ἵνα
1042 3736 1414 3807 ὲρωτήσωμεν
1446 3734 1575 3798 τοὺς
1614 3735 1879 3805 ἀδελφοὺς
1913 3737 2011 3792 καὶ

418 3834 691 3902 συνιερεῖς
720 3830 876 3901 ἡμῶν
906 3828 1146 3900 Σιρίκιον
1175 3829 1271 3882 καὶ
1301 3828 1716 3899 Σιμπλικιανὸν,
1748 3831 1878 3901 περὶ
1911 3831 2009 3902 μό-

412 3942 524 3979 ⁴νων
540 3926 652 3979 τῶν
668 3923 894 3978 παιδίων
904 3922 1017 3974 τῶν
1026 3920 1179 3990 παρὰ
1189 3912 1299 3985 τοῖς
1311 3921 1661 3985 Δονατισταῖς
1678 3920 2010 3992 βαπτιζομὲ-

418 4036 546 4084 νων,
584 4018 658 4087 μή
690 4034 804 4079 πως
826 4013 984 4068 τοῦτο
1006 4015 1145 4086 ὅπερ
1178 4013 1356 4084 οἰκείᾳ
1394 4013 1652 4084 προθέσει
1693 4015 1794 4068 οὐκ
1821 4016 2011 4087 ἐποίη-

420 4128 540 4172 σαν,
574 4111 641 4180 τῇ
663 4108 719 4161 δὲ
745 4108 854 4162 τῶν
886 4107 1088 4175 γονέων
1126 4105 1306 4177 πλάνῃ
1341 4104 1610 4178 ὲμποδίσῃ
1637 4106 1838 4173 αὐτοῖς,
1873 4107 2009 4177 πρὸς

418 4202 480 4255 τὸ
514 4201 593 4273 μὴ
642 4199 974 4271 προκόπτειν
1002 4198 1083 4261 εἰς
1136 4196 1439 4264 ὑπουργίαν
1482 4195 1577 4249 τοῦ
1614 4196 1771 4265 ἁγίου
1820 4198 2011 4252 θυσια-

422 4294 671 4366 στηρίου,
710 4293 838 4345 ὅταν
862 4291 1000 4362 πρὸς
1034 4290 1134 4361 τὴν
1160 4290 1253 4344 τοῦ
1294 4290 1431 4343 Θεοῦ
1471 4289 1801 4360 Ἐκκλησίαν
1831 4307 2012 4362 σωτη-

421 4387 607 4457 ριιῦδει
636 4384 895 4457 προθέσει
933 4384 1360 4454 ἐπιστρέψωσιν.

421 4481 695 4536 Συνόδου
734 4476 1156 4611 οὶκουμενικζῆς
1179 4476 1378 4544 ἕκτης,
1402 4475 1604 4530 κανὼν
1631 4482 1740 4545 κγ’,
1764 4482 1871 4547 κη’,
1906 4476 2008 4548 λβ’,

1031 4566 1060 4601 ν
1096 4554 1131 4611 ’,
1161 4555 1265 4611 νηί,
1297 4553 1398 4611 ρα’.

1031 4553 1131 4615 νζ’,
1161 4555 1265 4618 νηί,
1297 4553 1398 4617 ρα’.

496 4650 601 4713 κγ’.
637 4644 775 4714 Περὶ
797 4643 892 4697 τοῦ
924 4642 1128 4714 μηδένα
1169 4640 1276 4693 τῶν
1302 4639 1414 4693 εἴτε
1445 4635 1842 4709 ὲπισκόπων,ἢ
1885 4655 2019 4709 πρε-

426 4737 727 4807 σϐυτέριον,
761 4753 817 4791 κ.
846 4754 899 4790 τ.
927 4737 978 4790 λ.

496 4836 606 4901 κη’.
646 4829 867 4900 Ἐπειδὴ
904 4830 964 4883 ἐν
1008 4827 1292 4899 διαφόροις
1337 4824 1658 4897 ἐκκλησίαις
1692 4823 2023 4897 μεμαθήκα-

429 4938 551 4991 μεν,
591 4920 869 4991 σταφυλῆς
906 4920 965 4974 ὲν
1002 4919 1083 4991 τῷ
1118 4917 1493 4989 θυσιαστηρίῳ
1543 4916 2019 4988 προσφερομένης,

430 5013 573 5065 κατά
606 5028 661 5063 τι
708 5008 994 5082 κρατῆσαν
1023 5007 1166 5072 ἔθος,
1223 5007 1351 5070 τοὺς
1388 5006 1740 5076 λειτουργοὺς
1791 5001 2019 5073 ταῦτην,

429 5105 496 5175 τῇ
540 5102 869 5174 ἀναιμάκτῳ
912 5101 1015 5172 τῆς
1063 5100 1383 5173 προσφορᾶς
1416 5097 1579 5168 θυσίᾳ
1626 5096 2021 5159 συνάπτοντας,

429 5194 605 5259 οὓτως
635 5196 752 5267 ἅμα
776 5195 854 5267 τῷ
887 5195 1004 5266 λαῷ
1035 5194 1314 5264 διανέμειν
1348 5190 1636 5261 ἀμφότερα
1681 5187 2020 5256 συνείδομεν,

432 5287 574 5342 ὥστε
604 5288 805 5360 μηκέτι
839 5287 999 5341 τοῦτο
1021 5287 1148 5341 τινὰ
1175 5287 1288 5340 τῶν
1336 5281 1654 5356 ἱερωμένων
1683 5281 1878 5342 ποιεῖν,
1906 5279 2023 5332 ἀλλ’

436 5383 515 5444 εἰς
570 5380 904 5453 ζωοποίησιν
951 5381 1048 5435 καὶ
1095 5377 1382 5452 ἁμαρτιῶν
1430 5375 1627 5445 ἄφεσιν
1658 5371 1737 5444 τῷ
1774 5369 1888 5442 λαῷ
1923 5370 2023 5442 τῆς

484 5502 599 5535 παπ
625 5499 980 5558 Conc.Afric.
1004 5516 1055 5557 c.
1089 5501 1144 5556 ι.
1223 5498 1268 5531 ³⁸
1297 5496 1427 5553 Lac.
1454 5495 1735 5553 efferatur.
1810 5489 1858 5523 "
1888 5490 2005 5546 (non

2117 5490 2266 5547 Urio.
2296 5506 2346 5548 ο.
2375 5490 2440 5560 ὃς
2459 5490 2715 5562 Carthag.
2748 5504 2831 5555 ιιι,
2856 5505 2977 5545 can.
3007 5488 3098 5546 29.

439 5586 560 5629 can.
595 5570 682 5627 Η.

2118 3284 2336 3342 porum,
2371 3266 2486 3322 sive
2517 3273 2839 3320 caeterorum
2873 3261 3279 3318 commendatio
3308 3260 3557 3316 facienda
3582 3269 3705 3325 est,

2117 3363 2251 3419 solis
2302 3360 2651 3416 orationibus
2712 3356 2847 3423 liat,
2900 3355 2948 3410 si
2996 3355 3076 3409 illi
3130 3353 3225 3424 qui
3286 3353 3539 3419 faciunt,
3593 3354 3707 3426 jam

2114 3454 2303 3527 pransi
2336 3450 2695 3507 inveniuntur
2726 3446 2847 3520 [αι.
2884 3444 3296 3518 invenientur].

2172 3565 2251 3623 De
2264 3564 2625 3637 parvulis,qui
2650 3561 2787 3632 apud
2809 3559 3120 3615 Domfistas
3147 3557 3407 3628 baptizali
3424 3566 3547 3611 sunt
3570 3557 3702 3628 (45).

2188 3744 2278 3798 47.
2310 3742 2387 3795 De
2418 3738 2718 3795 Donatistis
2746 3735 3194 3811 placuitf°°“,ut
3223 3734 3579 3789 consulamus
3597 3731 3709 3788 fra-

2119 3850 2230 3894 tres
2256 3846 2311 3891 et
2337 3833 2765 3889 consacerdotes
2798 3838 3017 3885 nostros
3054 3827 3315 3883 Siricium
3376 3836 3430 3882 et
3486 3825 3710 3896 Simpli-

2117 3933 2338 3988 cianum
2364 3929 2429 3982 de
2460 3926 2594 3983 solis
2626 3923 2955 3982 infantibus.
2987 3922 3085 3992 qui
3140 3921 3493 3989 baptizantur
3541 3937 3708 3991 penes

2113 4023 2337 4079 eosdem
2367 4038 2381 4074 :
2415 4035 2484 4074 ne
2516 4017 2662 4088 quod
2696 4031 2799 4072 suo
2842 4031 2955 4069 non
2987 4016 3240 4069 fecerunt
3286 4013 3521 4082 judicio,
3578 4029 3709 4067 cum

2118 4114 2185 4168 ad
2213 4108 2517 4165 Ecclesiam
2564 4106 2659 4161 Dei
2711 4105 2918 4160 salubri
2966 4103 3246 4174 proposito
3314 4102 3520 4158 fuerint
3580 4118 3701 4158 con-

2119 4200 2285 4267 versi,
2324 4208 2615 4271 parentum
2652 4195 2777 4249 illos
2819 4210 2973 4248 error
3017 4193 3299 4263 impediat,
3359 4207 3429 4247 ne
3477 4208 3707 4262 promo-

2117 4302 2353 4352 veantur
2377 4289 2518 4347 sacri
2544 4288 2736 4344 altaris
2768 4286 3032 4342 ministri.

2125 4470 2282 4543 137
2315 4466 2541 4525 Concilii
2567 4464 3291 4599 mcumggicégseig‘canoues
3330 4459 3422 4526 25,
3474 4460 3567 4527 28,
3613 4461 3702 4528 52,

2190 4635 2284 4687 ‘25.
2308 4630 2381 4686 Ut
2403 4630 2587 4685 nullus
2608 4629 2725 4685 sive
2750 4628 3065 4698 episcopus,
3096 4626 3210 4683 sive
3233 4629 3545 4698 preslwter,
3572 4638 3706 4695 etc...

2120 4737 2178 4781 ut
2210 4742 2333 4795 pag.
2367 4724 2493 4779 515.

2190 4817 2281 4871 28.
2323 4815 2594 4883 Quoniam
2646 4814 2702 4871 in
2759 4814 2992 4871 diversis
3034 4814 3289 4871 ecclesiis
3314 4815 3708 4882 intelleximus,

2125 4926 2228 4966 uva
2250 4911 2318 4965 ad
2343 4910 2517 4965 altare
2558 4909 2741 4975 allata,
2780 4924 2846 4963 ex
2877 4908 3116 4978 quadam
3144 4925 3269 4979 qua:
3296 4908 3529 4963 invaluit
3579 4924 3713 4965 con-

2127 5003 2441 5067 suetudine,
2474 5002 2764 5057 ministros
2796 5001 2939 5056 hanc
2963 5004 3250 5057 incruento
3289 5002 3587 5057 oblationis
3617 5018 3711 5057 sa-

2126 5097 2338 5153 crificio
2384 5096 2804 5167 coniungentes,
2824 5104 3066 5165 utraque
3094 5094 3260 5149 simul
3300 5096 3501 5165 populo
3529 5094 3716 5151 distri-

2126 5188 2293 5246 buere
2318 5205 2332 5242 :
2360 5185 2733 5251 decernimus,
2765 5194 2825 5239 ut
2846 5185 3032 5239 nullus
3061 5186 3323 5241 sacerdos
3352 5185 3457 5241 hoc
3479 5185 3714 5254 amplius

2127 5280 2295 5336 faciat
2327 5297 2341 5335 :
2375 5279 2471 5335 sed
2505 5278 2574 5334 ad
2602 5278 3031 5333 vivilieationem
3057 5289 3115 5333 et
3144 5286 3494 5348 peccatorum
3518 5277 3714 5333 remis-

2128 5373 2339 5427 sionem
2400 5371 2575 5427 solam
2620 5369 2956 5426 oblationem
2992 5370 3196 5440 populo
3230 5368 3509 5439 impertiat
3544 5386 3557 5423 :
3591 5377 3716 5423 tan-

3180 5489 3299 5521 ⁸⁸’δι
3330 5487 3501 5543 Cone.
3542 5486 3710 5543 Afric.

1976 5684 2210 5743 ΝΟΤΛΕ.

516 5785 627 5855 (i3)
646 5788 816 5841 Cone.
834 5785 1092 5855 Cartliag.
1111 5801 1326 5854 uu,cap.
1348 5783 1416 5839 48
1456 5782 1630 5853 Hujus
1649 5785 2025 5839 canonistitu-

442 5855 529 5912 ωδ
558 5859 638 5915 sic
666 5858 862 5929 legitur
892 5857 949 5912 in
982 5856 1230 5927 Epitomc
1263 5872 1534 5912 canonum
1565 5856 1788 5911 Adriani
1818 5871 1967 5927 papae
1999 5872 2015 5911 :

2150 5802 2169 5834 ι
2203 5781 2270 5836 llt
2294 5783 2364 5836 ab
2394 5782 2697 5852 apostolica
2731 5778 2860 5835 sedc
2896 5778 3230 5852 inquiratur,
3263 5775 3307 5831 si
3329 5773 3542 5852 possint.
3569 5772 3721 5852 ordi-

2139 5856 2281 5921 nari,
2311 5854 2405 5924 qui
2433 5846 2586 5925 apud
2608 5853 2898 5907 luel‘cticos
2921 5846 3223 5904 in’ilnfantia
3252 5856 3381 5901 sunt
3401 5846 3716 5915 ικψιιιιιιί.»
