4122 6490
394 374 502 440 601

1141 373 1543 436 SYNTAGMA
1567 373 1953 437 CANONUM.
1988 399 2059 410 —
2094 376 2245 438 TIT.
2282 378 2395 442 III.
2436 382 2594 445 CAP.
2630 384 2695 457 ν,
2740 388 2869 449 VII.

3531 396 3635 457 802

471 486 576 554 νζ.
604 487 725 542 Ὀτι
752 486 814 540 οὐ
852 485 958 559 χρὴ
1006 488 1064 542 ἐν
1096 490 1208 553 τοῖς
1244 490 1652 565 θυσιαστηρίοις
1705 493 1827 564 μέλι
1876 492 1972 547 καὶ

2142 494 2232 550 57.
2265 493 2421 562 Quod
2451 498 2520 553 ad
2536 500 2708 556 altare
2735 504 2843 560 mel
2866 514 2919 560 et
2945 506 3029 563 lac
3060 507 3253 564 offerre
3274 524 3382 564 non
3409 524 3645 581 oportet.

396 582 545 649 γάλα
580 581 1008 652 προσφέρεσθαι.
1084 635 1086 638 ,

469 678 579 741 νηθ.
607 670 811 739 Μηδεὶς
837 671 946 724 τῶν
972 673 1030 724 ἐν
1061 671 1270 735 λαῖκοῖς
1293 674 1648 744 τεταγμένων
1669 675 1847 744 ἑαυτῷ
1869 674 1976 730 τῶν

396 762 567 816 θείων
601 762 914 832 μυστηρίων
964 764 1313 831 μεταδιδότω,
1351 766 1616 835 παρόντος
1652 767 1974 832 ἐπισκόπου,

394 856 431 927 ἢ
469 856 865 928 πρεσΰυτέρου,
890 856 923 926 ἢ
945 856 1217 912 διακόνου.
1264 857 1320 909 Ὀ
1349 857 1407 910 δέ
1430 875 1484 911 τι
1507 857 1718 911 τοιοῦτο
1739 859 1974 930 τολμῶν,

393 948 474 1011 ὡς
499 947 652 1019 παρά
678 948 740 999 τὸ
761 948 1185 1018 διατεταγμένον
1211 947 1404 1014 ποιῶν,
1431 949 1524 1003 ἐπὶ
1546 948 1817 1021 ἑϐδομάδα
1846 952 1976 1021 μίαν

394 1041 766 1111 ἀφοριζὲσθω,
802 1040 1055 1094 ἐντεῦθεν
1089 1039 1602 1112 παιδαγωγούμενος
1642 1042 1718 1113 μὴ
1757 1044 1975 1112 φρονεῖν

396 1135 533 1204 παρ’
567 1134 595 1186 ὃ
617 1133 697 1185 δεῖ
727 1136 965 1204 φρονεῖν.

470 1224 581 1296 pa’.
614 1225 784 1294 Σῶμα
812 1225 1051 1295 Χριστοῦ
1077 1226 1170 1279 καὶ
1203 1227 1331 1280 ναὸν
1358 1226 1449 1281 τὸν
1477 1229 1597 1281 κατ’
1626 1228 1811 1282 εἰκόνα
1841 1229 1975 1282 Θεοῦ

396 1316 690 1371 κτισθέντα
718 1317 1026 1388 ἄνθρωπον,
1059 1318 1088 1371 ὁ
1128 1318 1270 1381 θεῖος
1308 1319 1629 1383 Ἀπόστολος
1661 1320 1978 1391 μεγαλοφώ-

395 1427 505 1472 νως
539 1408 826 1462 ἀποκαλεῖ.
876 1409 1064 1480 Πάσης
1110 1404 1203 1463 οὖν
1244 1409 1512 1482 αἰσθητῆς
1536 1411 1765 1477 κτίσεως
1815 1413 1979 1484 ὑπερο

395 1501 673 1569 κείμενος,
706 1503 733 1554 ὁ
776 1499 854 1571 τῷ
884 1503 1137 1570 σωτηρίῳ
1183 1500 1345 1553 πάθει
1386 1499 1481 1554 τοῦ
1519 1503 1769 1573 οὐρανίου
1796 1504 1977 1574 τυχὼν

396 1592 737 1659 ἀξιώματος,
782 1592 976 1645 ἐσθίων
1025 1594 1120 1645 καὶ
1156 1594 1327 1645 πίνων
1364 1594 1621 1664 Χριστὸν,
1650 1595 1786 1665 πρὸς
1830 1595 1975 1665 ζωὴν

396 1683 487 1736 διὰ
552 1683 753 1745 παντὸς
808 1682 1216 1754 μεθαρμόξεται
1265 1682 1363 1755 τὴν
1420 1684 1610 1748 ἀΐδιον,
1656 1684 1834 1756 ψυχὴν
1880 1688 1975 1739 καὶ

398 1773 566 1843 σῶμα
615 1776 683 1844 τῇ
735 1776 934 1844 μετοχῇ
968 1773 1069 1843 τῆς
1113 1772 1263 1836 θείας
1318 1774 1675 1845 άγιαζόμενος
1709 1777 1929 1846 χάριτος
1955 1792 1970 1807 ·

2142 652 2232 708 58.
2268 652 2439 710 Nemo
2475 671 2693 723 eorum,
2729 660 2823 730 qui
2858 672 2988 716 sunt
3037 663 3093 718 in
3136 664 3330 719 ordine
3362 665 3647 731 laicoruin,

2076 742 2258 797 divina
2288 746 2393 799 sibi
2433 748 2690 817 mysteria
2747 752 3027 820 impertiat
3081 766 3348 824 prmsente
3393 758 3649 827 episcopo

2075 836 2158 889 vel
2190 837 2509 908 presbytero
2539 840 2624 895 vel
2666 840 2922 899 diacono.
2978 847 3079 911 Qui
3136 857 3312 902 autem
3360 848 3468 903 tale
3520 851 3647 919 quid

2076 940 2242 981 ausus
2273 928 2455 997 fuerit,
2487 941 2547 987 ut
2568 933 2765 1004 praeter
2804 952 2866 992 ea
2908 955 3030 1020 qua:
3062 949 3191 995 sunt
3226 942 3520 995 constituta
3568 942 3649 997 fa-
3744 954 3751 957 ‘

2077 1017 2249 1083 ciens,
2278 1034 2383 1074 una
2415 1022 2719 1090 septimana
2748 1017 3101 1097 segregetur;
3142 1038 3193 1083 et
3217 1044 3281 1083 ex
3304 1045 3369 1084 eo
3388 1030 3648 1086 doceatur

2075 1122 2186 1162 non
2217 1111 2451 1180 amplius
2476 1129 2690 1183 sapere,
2722 1131 2887 1185 quam
2915 1132 3110 1186 sapere
3135 1130 3365 1190 oportet.

2147 1200 2504 1273 iOl.Corpus
2529 1204 2733 1261 Christi
2784 1217 2841 1262 et
2892 1211 3177 1278 templum,
3240 1212 3514 1269 hominem
3580 1213 3648 1269 ad

2075 1290 2367 1361 imaginem
2400 1292 2494 1348 Dei
2525 1307 2787 1361 creatum,
2820 1298 3037 1356 divinus
3068 1317 3267 1372 magna
3307 1319 3439 1359 voce
3461 1306 3650 1375 appel-

2076 1382 2151 1437 lat
2170 1383 2747 1454 Apostolus.'0mnem
2791 1405 2923 1461 ergo
2976 1395 3287 1449 sensibilem
3335 1409 3647 1452 creaturam

2074 1489 2362 1543 superans,
2387 1476 2432 1531 is
2466 1478 2816 1547 qui‘salutari
2849 1483 3103 1552 passione
3131 1486 3406 1541 caelestem
3468 1489 3647 1557 «ligni-

2076 1576 2239 1623 tatem
2270 1577 2355 1623 est
2383 1579 2688 1632 assecutus,
2724 1572 2979 1630 Christus
3009 1576 3201 1631 bibens
3226 1578 3310 1631 vel
3358 1580 3647 1634 comedens

2075 1672 2291 1717 aeternae
2316 1663 2438 1716 vitae
2467 1669 2779 1734 adaptatam
2826 1667 3067 1720 animam
3112 1679 3167 1721 et
3192 1684 3390 1738 corpus
3451 1670 3648 1725 divina:

2073 1753 2261 1822 gratiae
2314 1755 2728 1824 participatione
2769 1756 3139 1812 sanctiﬁcans.
3186 1758 3366 1823 Quare
3418 1760 3465 1815 si
3519 1762 3647 1831 quis

396 1862 539 1917 ὥστε
571 1865 625 1917 εἴ
651 1882 732 1927 τις
762 1864 857 1917 τοῦ
905 1864 1172 1935 ἀχράντου
1206 1863 1456 1935 σώματος
1484 1870 1774 1936 μετασχεῖν
1806 1868 1866 1920 ἐν
1894 1868 1973 1937 τῷ

2079 1846 2412 1901 immaculati
2460 1850 2707 1917 corporis
2746 1849 2802 1903 in
2856 1850 3078 1919 synaxis
3108 1859 3351 1920 tempore
3378 1867 3498 1907 esse
3522 1869 3650 1922 par-

394 1956 494 2023 τῆς
535 1953 808 2019 συνάξεως
862 1955 1147 2027 βουληθείη
1199 1956 1395 2027 καιρῷ,
1432 1958 1526 2010 καὶ
1572 1958 1630 2011 ἓν
1662 1958 1798 2025 πρὸς
1842 1959 1974 2012 αὐτὸ

394 2051 462 2117 τῇ
515 2048 779 2118 μετουσίᾳ
820 2048 1092 2116 γενέσθαι,
1143 2048 1239 2112 τὰς
1283 2052 1470 2120 χεῖρας
1500 2050 1849 2119 σχηματίζων
1895 2053 1974 2114 εἰς

393 2137 568 2190 τύπον
603 2137 857 2209 σταυροῦ,
889 2138 1030 2190 οὕτω
1059 2139 1299 2207 προσίτω
1336 2140 1429 2192 καὶ
1457 2141 1699 2211 δεχέσθω
1737 2141 1835 2213 τὴν
1862 2159 1977 2195 κοι-

394 2228 598 2281 νωνίαν
646 2230 744 2299 τῆς
798 2231 1040 2299 χάριτος.
1088 2229 1227 2293 Τοὺς
1270 2229 1379 2300 γάρ
1426 2232 1489 2283 ἐκ
1516 2231 1718 2302 χρυσοῦ
1748 2233 1780 2301 ἦ
1810 2232 1976 2303 ἄλλης

396 2316 553 2387 ὕλης,
584 2318 705 2371 ἀντὶ
730 2317 931 2388 χειρὸς,
956 2317 1077 2371 τινὰ
1104 2318 1283 2388 δοχεῖα
1308 2321 1816 2384 κατασκευάζοντας
1839 2323 1977 2392 πρὸς
2041 2368 2053 2379 .

393 2408 493 2479 τὴν
521 2407 621 2462 τοῦ
672 2409 815 2462 θείου
865 2410 1039 2481 δώρου
1083 2409 1370 2480 ὑποδοχὴν,
1415 2412 1511 2465 καὶ
1542 2411 1608 2465 δι’
1658 2413 1835 2466 αὐτῶν
1879 2415 1976 2483 τῆς

395 2501 673 2570 άχράντου
726 2503 1010 2566 κοινωνίας
1060 2502 1450 2573 ἀξιουμένους,
1509 2503 1759 2574 οὐδαμῶς
1810 2521 1977 2574 προσ-

400 2592 597 2663 ιέμεθα
623 2608 636 2622 ⁸
670 2592 747 2656 ὡς
783 2593 1165 2664 προτιμῶντας
1190 2596 1288 2665 τῆς
1316 2593 1409 2647 τοῦ
1452 2593 1589 2647 Θεοῦ
1621 2595 1849 2661 εἰκόνος,
1878 2597 1977 2666 τὴν

395 2684 608 2755 ἄψυχον
637 2683 768 2754 ὕλην
786 2686 879 2737 καὶ
902 2684 1231 2756 ὑποχείριον.
1258 2686 1320 2738 Εἰ
1340 2686 1398 2739 δέ
1415 2704 1497 2750 τις
1521 2686 1632 2756 ἁλῷ
1651 2687 1750 2757 τῆς
1777 2688 1979 2759 ἀχράν-

395 2792 490 2827 του
522 2776 813 2839 κοινωνίας
854 2777 1166 2846 μεταδιδοὺς
1190 2778 1301 2841 τοῖς
1334 2778 1561 2831 τοιαῦτα
1588 2778 1773 2848 δοχεῖα
1807 2795 1977 2849 προσ-

397 2869 683 2938 φέρουσιν,
742 2866 1084 2937 άφοριζέσθω
1120 2868 1216 2921 καὶ
1264 2869 1425 2933 αὐτὸς
1460 2870 1555 2922 καὶ
1596 2872 1624 2923 ὁ
1652 2871 1826 2925 ταῦτα
1852 2873 1975 2924 ὲπι-

398 2958 721 3028 φερόμενος.

469 3049 723 3102 ΚΕΦΑΛ.
760 3044 836 3102 Ε’.
854 3048 1063 3116 -Πῶς
1083 3050 1316 3104 διδόασι
1336 3051 1585 3121 εἰρήνην
1606 3056 1659 3107 οἱ
1675 3056 1971 3123 κληρικοί.

678 3142 949 3196 Συνόδου
982 3141 1333 3210 Λαοδικείας
1373 3145 1573 3199 κανὼν
1600 3146 1686 3201 ιϐ’.

473 3231 561 3288 ιθ’.
595 3234 732 3304 Περὶ
762 3234 853 3287 τοῦ
875 3234 985 3288 δεῖν
1032 3235 1139 3306 ἰδίᾳ
1172 3232 1412 3307 πρῶτον,
1458 3238 1599 3309 μετὰ
1626 3238 1723 3303 τὰς
1763 3239 1977 3311 ὁμιλίας

398 3325 507 3378 τῶν
530 3324 867 3392 ἐπισκόπων,
904 3342 959 3380 κ.
982 3344 1033 3381 τ.
1060 3326 1110 3379 λ.

470 3419 728 3473 ΚΕΦΑΛ.
754 3416 844 3485 (τ’.
875 3448 945 3459 -
971 3418 1113 3488 Περὶ
1134 3419 1251 3473 τῶν
1283 3420 1749 3493 διακρινομένων
1772 3441 1979 3478 κοινω-

398 3508 530 3564 νεῖν
556 3510 679 3566 dm)
704 3512 1111 3580 πρεσϐυτέρου
1146 3518 1573 3583 γεγαμηκότος.

724 3602 994 3656 Συνόδου
1020 3603 1303 3675 Γαγγερῶν
1335 3606 1538 3661 κανὼν
1577 3605 1640 3663 δ’.

473 3692 536 3749 δ’.
562 3696 629 3748 Εἰ
653 3711 736 3758 τις
761 3695 1089 3765 διακρίνοιτο
1134 3697 1286 3768 παρὰ
1317 3700 1689 3771 πρεσϐυτέρου
1726 3718 1979 3772 γεγαμη-

402 3787 581 3851 κότος,
621 3786 695 3856 μὴ
726 3785 924 3855 χρῆναι
951 3785 1432 3856 λειτουργήσαντος
1474 3787 1637 3841 αὑτοῦ
1666 3792 1980 3859 προσφορᾶς

405 3878 865 3948 μεταλαμϐάνειν,
897 3877 1143 3947 ἀνάθεμα
1171 3876 1329 3931 ἔστω.

475 3969 725 4023 ΚΕΦΑΛ.
758 3968 830 4024 Z'.
854 4000 928 4009 —
958 3970 1098 4038 Περὶ
1141 3969 1247 4023 τοῦ
1271 3969 1483 4039 μόνοις
1520 3970 1645 4036 τοῖς
1670 3972 1980 4041 ἱερατικοῖς

403 4062 627 4125 ἐξεῖναι
664 4062 971 4115 κοινωνεῖν
1013 4063 1083 4115 ἐν
1112 4062 1190 4127 τῷ
1242 4064 1666 4130 θυσιαστηρίω,
1701 4064 1799 4117 καὶ
1847 4066 1980 4134 περὶ

404 4155 511 4209 τοῦ
545 4155 633 4225 μὴ
666 4154 918 4208 εὶσιέναι
948 4153 1200 4224 γυναῖκα
1225 4156 1313 4220 εἰς
1345 4157 1412 4209 τὸ
1454 4156 1907 4225 θυσιαστήριον.

635 4246 898 4302 Συνόδου
931 4246 1284 4313 Λαοδικείας
1317 4247 1515 4302 κανὼν
1540 4248 1627 4316 ιϐ’,
1659 4248 1761 4320 μδ¹.

482 4340 567 4394 ιϐ’.
604 4339 740 4410 Περὶ
774 4339 866 4392 τοῦ
897 4339 1007 4394 δεῖν
1054 4340 1162 4412 ἰδίᾳ
1187 4340 1424 4414 πρῶτον,
1457 4341 1599 4412 μετὰ
1638 4340 1738 4406 τὰς
1764 4340 1981 4413 ὁμιλίας

406 4432 513 4486 τῶν
543 4431 879 4500 ἐπισκόπων,
913 4449 967 4487 κ.
997 4449 1049 4487 τ.
1084 4432 1138 4487 λ.

2076 1938 2244 2007 liceps
2274 1939 2520 2005 voluerit,
2551 1939 2710 2010 140
2736 1949 2790 1994 et
2812 1941 3006 1995 oll'erre
3027 1957 3085 1995 se
3104 1943 3171 1997 ad
3188 1944 3646 2009 communionem,

2073 2044 2271 2085 manus
2299 2031 2353 2084 in
2403 2033 2583 2085 crucis
2624 2033 2854 2086 formam
2893 2031 3133 2103 ﬁgurans
3177 2035 3258 2090 sic
3309 2038 3553 2101 accedat,
3596 2046 3652 2091 et

2075 2123 2260 2191 gratiae
2288 2122 2731 2177 communionem
2764 2126 3016 2194 accipiat.
3067 2124 3176 2180 Eos
3225 2126 3370 2180 enim
3422 2128 3514 2195 qui
3570 2143 3637 2181 ex

2075 2224 2231 2273 auro,
2258 2211 2341 2264 vel
2362 2226 2424 2264 ex
2448 2212 2549 2263 alia
2579 2213 2804 2267 materia
2828 2229 2950 2283 quae
2971 2214 3088 2270 loco
3115 2230 3310 2270 manus
3336 2225 3653 2285 receptacu-

2076 2301 2125 2354 la
2157 2301 2396 2356 alliciunt
2418 2302 2484 2356 ad
2514 2303 2680 2357 divini
2708 2306 2955 2360 muneris
2982 2306 3410 2375 susceptionem,
3437 2316 3493 2361 et
3556 2323 3653 2377 per

2076 2394 2192 2464 ipsa
2225 2394 2633 2450 immaculatum
2676 2398 3117 2453 communionem
3164 2402 3449 2470 recipiunt,
3485 2402 3652 2454 mini-

2077 2504 2164 2543 me
2188 2489 2553 2553 admittimus,
2583 2491 2753 2559 utqui
2809 2491 3166 2546 inanimatam
3240 2494 3653 2563 subjectanique

2076 2581 2359 2634 materiam
2384 2582 2476 2633 llei
2508 2581 2733 2650 imagini
2759 2580 3078 2650 praeferant.
3115 2582 3169 2636 Si
3202 2584 3325 2653 quis
3353 2593 3531 2638 autem
3556 2584 3652 2637 de-

2076 2671 2379 2739 prehensus
2411 2672 2572 2727 fuerit
2618 2674 3028 2728 immaculatam
3084 2676 3524 2729 communionem
3584 2675 3651 2729 iis

2076 2760 2413 2829 impertiens,
2473 2761 2567 2830 qui
2603 2761 2866 2830 ejusmodi
2918 2762 3253 2831 receptacula
3303 2761 3556 2827 allen-unt,
3597 2768 3651 2813 tt

2075 2849 2193 2921 ipse
2213 2859 2631 2921 segregeturnet
2659 2850 2705 2905 is
2723 2852 2814 2920 qui
2847 2853 3021 2906 all‘ert.

2141 3052 2293 3109 CAP.
2328 3050 2741 3116 V.——Quomodo
2767 3050 2945 3104 clerici
2974 3058 3024 3103 et
3057 3050 3180 3103 laici
3209 3065 3393 3119 pacem
3431 3050 3577 3104 dent.

2430 3145 2653 3199 Concilii
2682 3144 2969 3198 Laudiceni
3008 3160 3179 3196 canon
3212 3144 3297 3199 19.

2151 3237 2237 3292 19.
2272 3236 2535 3307 Oportere
2557 3252 2807 3291 seorsum
2834 3236 3094 3306 primum,
3120 3245 3243 3306 post
3271 3234 3648 3305 episcoporum

2078 3346 2381 3392 sermones,
2406 3340 2538 3395 etc.,
2570 3341 2625 3383 ut
2662 3347 2784 3398 pag.
2811 3329 2934 3383 587.

2152 3424 2303 3479 CAP.
2338 3424 2507 3478 Vl.—
2539 3424 2610 3476 De
2644 3424 2711 3477 iis
2753 3439 2869 3492 qua
2900 3423 3262 3491 indi/ferenter
3291 3438 3324 3475 a
3354 3420 3651 3492 presbytero

2079 3517 2361 3587 conjugato
2395 3515 2808 3568 communionem
2843 3531 2946 3568 non
2976 3515 3263 3583 accipiunt.

2433 3606 2657 3662 Concilii
2694 3606 3015 3676 Gangrensis
3042 3623 3211 3660 canon
3243 3606 3298 3661 4.

2151 3702 2207 3756 4.
2238 3700 2294 3756 Si
2325 3701 2453 3771 quis
2484 3702 2549 3755 de
2579 3700 2901 3770 presbytero
2942 3698 3037 3768 qui
3069 3712 3295 3753 uxorem
3322 3697 3497 3760 duxit,
3522 3712 3655 3753 con-

2083 3794 2288 3858 tendat,
2317 3808 2422 3847 non
2463 3802 2714 3861 oportere
2765 3806 2831 3845 eo
2872 3804 3028 3845 sacra
3056 3787 3365 3843 celebrante
3391 3788 3653 3843 oblationi

2082 3885 2508 3949 communicare,
2540 3885 2612 3939 sit
2644 3885 2954 3937 anathema.
3626 3938 3631 3941 _

2150 3971 2304 4027 CAP.
2346 3970 2456 4027 Vll.
2496 4002 2560 4013 —
2612 3970 2764 4035 Quod
2816 3970 3016 4023 ordinis
3066 3979 3272 4022 tantum
3310 3966 3652 4022 sacerdotalis

2080 4064 2206 4118 viris
2228 4064 2615 4117 communicare
2640 4062 2797 4115 liceat
2824 4065 2879 4116 in
2924 4060 3111 4126 altari,
3144 4070 3193 4115 et
3217 4060 3354 4130 quod
3388 4059 3517 4112 illuc
3541 4074 3656 4110 tnu-

2080 4156 2197 4210 lieri
2229 4156 2431 4224 ingredi
2466 4171 2567 4207 non
2592 4153 2767 4207 liceat.

2327 4246 2551 4302 Concilii
2590 4245 2874 4300 Laodiceni
2903 4262 3126 4299 canones
3176 4244 3265 4309 19,
3314 4242 3405 4296 44.

2157 4338 2241 4393 19.
2256 4338 2259 4343 ’
2276 4336 2537 4409 Oportere
2566 4353 2813 4391 seorsum
2840 4340 3095 4407 primum,
3126 4345 3249 4407 post
3269 4335 3650 4405 episcoporum

2084 4445 2386 4493 sermones,
2410 4441 2535 4495 etc.,
2572 4439 2628 4482 ut
2668 4446 2788 4499 pag.
2826 4430 2949 4485 587.

481 4525 588 4595 μδθ.
623 4524 745 4577 Ὀτι
777 4524 836 4577 οὐ
877 4525 957 4579 δεῖ
988 4528 1251 4594 γυναῖκας
1281 4525 1340 4579 ὲν
1365 4525 1443 4597 τῷ
1473 4517 1840 4598 θυσιαστηρίῳ
1872 4526 1981 4579 είσ-

2158 4522 2249 4576 44.
2281 4521 2435 4587 Quod
2467 4536 2575 4575 non
2623 4531 2838 4590 oportet
2889 4520 3174 4575 mulierem
3232 4519 3299 4573 ad
3350 4519 3521 4574 altare
3571 4516 3654 4571 in-

411 4614 689 4685 έρχεσθαι.

511 4710 559 4760 Σ
564 4707 783 4762 υνόδου
812 4707 1231 4778 οὶκουμενικῆς
1262 4708 1442 4776 ἕκτης
1467 4706 1669 4764 κανὼν
1699 4710 1795 4776 ξθ’,
1814 4717 1877 4766 ο’.

483 4798 578 4863 ξδ’.
610 4800 699 4871 Μὴ
726 4799 927 4866 ἐξέστω
968 4800 1076 4853 τινὶ
1103 4799 1211 4853 τῶν
1242 4800 1497 4855 ἁπάντων
1536 4803 1592 4854 ἐν
1636 4801 1845 4865 λαῖκοῖς
1895 4818 1984 4854 τε-

410 4888 610 4955 λοῦντι,
638 4890 781 4943 ἔνδον
815 4890 960 4960 ἱεροῦ
992 4891 1216 4944 εἰσιέναι
1264 4890 1678 4963 θυσιαστηρίου’
1720 4893 1984 4966 μηδαμῶς

412 4981 504 5033 ἐπὶ
529 4981 686 5033 τοῦτο
713 4982 811 5049 τῆς
839 4980 1123 5050 βασιλικῆς
1157 4982 1483 5054 είργομένης
1507 4983 1755 5048 ἐξουσίας
1777 4987 1870 5038 καὶ
1886 4987 1982 5038 αὐ-

414 5070 646 5135 θεντίας,
689 5073 851 5143 ἡνίκα
897 5072 942 5125 δ’
993 5071 1058 5126 ἂν
1086 5072 1371 5143 βουληθείη
1409 5073 1557 5143 δῶρα
1602 5074 1868 5145 προσάξαι
1904 5074 1983 5145 τῷ

414 5161 698 5227 πλάσαντι,
729 5162 872 5216 κατά
897 5180 1021 5216 τινα
1049 5163 1416 5235 ἀρχαιοτάτην
1448 5164 1768 5235 παράδοσιν.

484 5254 546 5311 o'.
561 5256 652 5327 Μὴ
673 5255 875 5319 ἐξέστω
890 5259 1007 5319 ταῖς
1030 5257 1275 5325 γυναιξὶν
1296 5261 1352 5310 ἐν
1374 5256 1550 5328 καιρῴ
1576 5258 1674 5327 τῆς
1704 5256 1855 5321 θείας
1870 5257 1982 5311 λει-

414 5364 505 5401 του
515 5350 669 5417 ργίας
684 5349 883 5413 λαλεῖν,
902 5349 1037 5402 ἀλλά
1054 5350 1194 5403 κατὰ
1211 5351 1308 5420 τὴν
1326 5350 1508 5420 φωνὴν
1530 5348 1742 5404 Παύλου
1758 5351 1849 5403 τοῦ
1863 5350 1994 5402 ἀπο-

422 5442 605 5494 στόλου
624 5440 992 5510 Σιγάτωσαν.
1018 5443 1099 5495 Οὐ
1116 5443 1221 5509 γὰρ
1238 5441 1652 5509 ἐπιτέτραπται
1670 5442 1993 5506 αίὺταῖςλιι-

418 5533 565 5599 λεῖν,
588 5535 725 5588 ἀλλ’
742 5533 1197 5601 ὑποτάττεσθαι,
1216 5533 1411 5599 καθὼς
1431 5535 1527 5587 καὶ
1550 5538 1583 5589 ό
1599 5536 1782 5604 νόμος
1805 5536 1990 5605 λέγει·

426 5627 577 5692 Πρὸς
600 5626 708 5679 τὸν
751 5624 941 5694 ἄνδρα
986 5641 1103 5681 σου
1150 5627 1281 5697 γὰρ,
1324 5626 1537 5695 φησιν,
1571 5626 1609 5694 ἡ
1638 5626 1991 5697 ἀποστροφή

2086 4614 2260 4686 gredi.

2267 4708 2494 4763 Concilii
2528 4708 2827 4761 mcumenici
2860 4706 2992 4759 sexti
3023 4720 3245 4758 canones
3274 4703 3363 4771 69,
3392 4702 3481 4757 70.

2155 4799 2246 4855 69.
2295 4800 2437 4853 Nulli
2489 4799 2733 4854 omnium
2800 4799 2980 4862 liceat,
3042 4798 3136 4867 qui
3193 4797 3414 4866 quidem
3476 4794 3548 4850 sit
3600 4795 3656 4849 in

2091 4891 2359 4947 laicorum
2415 4907 2663 4954 numero,
2719 4888 2874 4961 14],
2913 4891 3053 4942 intra
3088 4899 3237 4958 septa
3278 4887 3417 4942 sacri
3472 4887 3658 4942 altaris

2091 4984 2324 5054 ingredi,
2350 4998 2693 5053 nequaquam
2718 4993 2896 5036 tamen
2916 4983 2984 5035 ab
3013 4996 3080 5035 eo
3103 4981 3370 5050 prohibita
3396 4988 3660 5050 potestate

2090 5086 2145 5132 et
2201 5075 2523 5131 anetoritate
2578 5072 2869 5143 imperiali,
2934 5071 3374 5141 quandoquidem
3425 5071 3661 5125 voluerit

2090 5169 2333 5226 Creatori
2371 5166 2511 5220 dona
2542 5165 2757 5230 oll‘crre,
2774 5180 2842 5218 ex
2862 5164 3243 5233 antiquissima
3266 5162 3577 5217 traditione.

2161 5261 2246 5316 70.
2287 5259 2364 5315 Ne
2399 5260 2558 5313 liceat
2586 5258 2903 5311 mulieribus
2930 5256 2985 5310 in
3026 5256 3196 5311 divini
3236 5253 3489 5309 sacriﬁcii
3517 5262 3656 5307 Lem-

2088 5368 2220 5424 pore
2250 5352 2420 5421 loqui,
2453 5352 2548 5405 sed
2582 5360 2640 5404 ut
2664 5365 2768 5404 vox
2795 5358 2881 5405 est
2910 5350 3140 5419 apostoli
3190 5347 3365 5412 Pauli,
3416 5344 3658 5406 Sileant;

2090 5462 2194 5499 non
2236 5445 2374 5498 enim
2415 5444 2491 5497 eis
2521 5442 2665 5511 loqui
2701 5441 3014 5511 permissum
3062 5448 3163 5502 est,
3206 5442 3295 5491 sed
3340 5434 3552 5505 subjici,
3583 5433 3659 5486 si-

2090 5547 2178 5590 cut
2213 5537 2350 5589 dixit
2397 5534 2478 5588 lea:
2502 5534 2570 5587 ⁸³.
2604 5533 2661 5588 Si
2692 5536 2814 5601 quid
2852 5543 3027 5586 autent
3065 5530 3241 5585 volunt
3273 5528 3487 5591 discere,
3519 5525 3659 5578 domi

2094 5628 2339 5697 proprios
2368 5628 2588 5679 maritos
2617 5627 2937 5694 interrogent
2968 5624 3038 5676 “.

425 5733 559 5784 σου,
588 5717 688 5773 καὶ
722 5720 905 5785 αὑτός
932 5732 1049 5775 σου
1086 5718 1408 5787 κυριεύσει.
1432 5719 1506 5773 Εἴ
1533 5736 1587 5772 τι
1619 5719 1686 5772 δὲ
1705 5720 1916 5790 μαθεῖν
1951 5720 2257 5787 θέλουσιν,
2276 5720 2345 5774 ἐν
2371 5720 2512 5785 οἴκῳ
2540 5718 2678 5785 τοὺς
2704 5716 2891 5784 ιδιόυς
2928 5715 3149 5785 ἄνδρας
3174 5708 3658 5782 ἐπερωτάτωσαν,

513 5814 558 5845 ³³
586 5812 717 5869 Cen.
752 5831 834 5882 tu,
868 5816 955 5869 16.
1047 5813 1135 5869 “1
1167 5814 1292 5869 Cor.
1322 5829 1430 5877 xui,
1461 5813 1550 5883 54,
1580 5814 1671 5869 55.
