4122 6476
452 354 566 417 ῦο3

1618 354 1881 417 ΡΗΟΤΠ
1914 352 2424 417 ΡΛΤΒΙΑΒΕΗΕ
2448 355 2567 418 GP.

3641 357 3744 429 60!

518 464 680 521 CAP.
717 463 857 522 “ii.
886 494 963 507 -—
986 467 1347 534 Quasdam
1374 468 1607 538 aferant
1644 469 1873 540 dentque
1901 484 2049 522 cont-

2230 469 2486 523 ΚΕΦΑΛ.
2513 463 2597 524 H’.
2632 496 2703 511 —-
2746 468 2897 523 Πότε
2928 471 3348 542 προσφέρουσι
3381 470 3478 529 καὶ
3505 473 3747 533 διδόασι

452 561 758 613 munionem
787 561 1169 632 chorepiscopi.

732 671 966 728 Concilii
992 672 1443 728 Neoctesariensis
1482 687 1654 725 canon
1686 672 1773 725 i3.

530 780 619 833 i3.
663 778 854 834 Vicani
887 793 1068 836 autem
1098 781 1420 853 presbyteri,
1455 789 1585 842 etc.,
1618 789 1674 833 ut
1699 794 1822 848 pag.
1851 776 1980 832 551.

532 873 688 927 CAP.
729 872 1167 927 lX.—Diaconus
1198 888 1360 944 neque
1389 872 1607 942 offerat,
1641 887 1806 942 neque
1841 870 2061 940 presby-

468 975 578 1019 tero
613 965 701 1019 det
734 965 1176 1019 communionem.

865 1059 1088 1117 Concilii
1122 1060 1333 1117 Νίεωηὶ
1362 1078 1535 1116 canon
1580 1060 1666 1119 18.

538 1156 625 1210 18.
653 1154 904 1210 Pervenit
931 1156 997 1209 ad
1027 1165 1271 1209 sanctam
1295 1155 1513 1226 synod.,
1537 1165 1668 1219 etc.,
1700 1165 1761 1210 ut
1786 1172 1910 1227 pag.
1928 1155 2057 1214 595.

541 1245 698 1318 142
728 1246 883 1301 CAP.
914 1246 982 1300 X.
1007 1278 1079 1288 —
1107 1246 1183 1300 De
1214 1248 1404 1301 vestitu
1462 1257 1510 1301 et
1559 1248 1727 1317 ofﬁcio
1776 1248 2056 1314 lectorum,

2162 560 2490 613 κοινωνίαν
2516 561 2571 613 οἱ
2598 558 3061 628 χωρεπίσκοποι.

2398 673 2671 728 Συνόδου
2698 675 3171 744 Νεοκαισαρείας
3202 678 3405 733 κανὼν
3432 685 3523 749 ιγ’.

2233 784 2324 854 ιγ’.
2368 785 2683 857 Ἐπιχώριοι
2713 786 3096 858 πρεσῦύτεροι,
3132 808 3187 844 κ.
3212 808 3264 845 τ.
3290 793 3343 848 λ.

2236 878 2488 932 ΚΕΦΛΛ.
2518 878 2595 931 8‘.
2624 905 2697 918 —
2717 877 2856 947 Περὶ
2891 879 3000 933 τοῦ
3034 879 3121 950 μὴ
3156 885 3525 955 προσφέρειν
3558 887 3756 944 διάκο-

2163 987 2296 1034 νον,
2318 968 2473 1039 μήτε
2494 968 2725 1023 διδόναι
2745 970 3131 1040 πρεσϐυτέρῳ
3166 978 3507 1032 κοινωνίαν,

2506 1059 2780 1116 Συνόδου
2810 1062 3065 1129 Νικαίας
3092 1064 3296 1120 κανὼν
3329 1072 3418 1135 ιη’.

2229 1158 2318 1224 ιη’.
2335 1147 2540 1205 Ἦλθεν
2555 1154 2635 1216 είς
2656 1152 2753 1223 τὴν
2764 1152 2925 1221 ἀγίαν
2937 1154 3033 1208 καὶ
3054 1155 3298 1227 μεγάλην
3322 1157 3561 1225 σύνοδον,
3576 1178 3689 1215 κ.τ.
3705 1161 3753 1217 λ.

2235 1246 2489 1300 ΚΕΦΑΛ.
2525 1243 2588 1301 ι’.
2628 1277 2700 1288 -—
2728 1246 2867 1314 Περὶ
2926 1248 3217 1318 φορεσίας
3268 1250 3367 1303 καὶ
3427 1252 3760 1321 ὑπουργίας

467 1341 768 1408 psattarum
794 1349 843 1394 et
869 1341 1278 1405 ministrorum;
1308 1349 1358 1394 et
1388 1342 1528 1411 quod
1550 1341 1793 1396 minister
1818 1356 1910 1395 nec
1932 1342 2061 1411 pani

2184 1338 2596 1408 ὶναγνωστῶν,
2636 1339 2905 1407 ψαλτῶν,
2938 1340 3039 1395 καὶ
3073 1341 3408 1409 ὑπηρετῶν,
3442 1345 3541 1398 καὶ
3568 1345 3659 1399 ὅτι
3687 1350 3759 1400 οὑ

470 1451 562 1487 nec
593 1434 748 1488 calici
776 1434 1077 1487 benedicere
1104 1442 1284 1503 queat.

541 1526 769 1581 Concilii
807 1526 1094 1580 Laodiceni
1128 1542 1355 1579 canones
1382 1524 1474 1591 21,
1508 1523 1602 1590 2‘2,
1647 1525 1742 1593 ‘25,
1773 1526 1866 1591 25,
1897 1526 1987 1583 43.

539 1619 630 1672 91.
665 1618 820 1684 Quod
856 1634 964 1672 non
992 1626 1208 1685 oportet
1245 1617 1529 1680 ministros
1559 1617 1741 1672 locum
1776 1619 1978 1675 habere
2008 1621 2062 1676 in

472 1711 725 1766 diaconis
759 1720 813 1766 et
844 1727 999 1766 sacra
1038 1726 1168 1773 vasa
1197 1720 1442 1777 tangere.

2162 1431 2259 1485 δεῖ
2275 1428 2584 1499 ὑπηρέτην
2613 1430 2796 1500 ἄρτον
2827 1430 3056 1485 διδόναι
3079 1432 3117 1501 ἢ
3150 1432 3438 1501 ποτήριον
3460 1436 3758 1505 εὐλογεῖν.

2163 1522 2435 1578 Συνόδου
2465 1521 2815 1587 Λαοδικείας
2846 1522 3047 1575 κανὼν
3076 1529 3181 1589 καθ,
3223 1523 3331 1593 κβ⁹,
3367 1523 3476 1592 κγ’,
3511 1524 3612 1593 κε’,
3649 1535 3757 1597 μγ’.

2225 1614 2334 1671 κα’.
2396 1615 2522 1668 Ὀτι
2562 1614 2625 1667 οὐ
2664 1614 2746 1668 δεῖ
2779 1614 3056 1685 ὑπηρέτας
3089 1615 3234 1687 ἔχειν
3264 1618 3322 1671 ἐν
3349 1618 3428 1688 τῷ
3442 1618 3762 1689 διακονικῷ,

2165 1709 2260 1763 καὶ
2300 1706 2569 1762 ἅπτεσθαι
2602 1707 2954 1761 Δεσποτικῶν
2982 1707 3215 1763 σκευῶν.

543 1804 635 1858 22.
667 1804 825 1871 Quod
858 1820 965 1858 non
1002 1812 1216 1874 oportet
1245 1802 1558 1860 ministrum
1588 1800 1737 1859 ferre
1760 1803 2064 1873 horarium,

2238 1798 2475 1870 κβ’.”οτι
2500 1798 2564 1853 οὐ
2602 1798 2683 1852 δεῖ
2709 1799 2991 1871 ὑπηρέτην
3023 1800 3260 1873 ῶράριον
3289 1802 3638 1875 φορεῖν,οὐδὲ
3666 1803 3765 1867 τάς

482 1909 663 1963 neque
703 1892 850 1948 iores
878 1893 1212 1964 relinquere.

549 1989 641 2043 25.
673 1990 831 2054 Quod
866 2005 972 2044 non
1002 1996 1218 2059 oportet
1247 1988 1482 2045 lectores
1523 1989 1608 2045 vel
1641 2000 1899 2047 cantores
1924 1990 2070 2048 ferre

478 2078 759 2132 horarium
784 2088 839 2132 et
856 2078 938 2132 sic
968 2078 1145 2148 legere
1166 2075 1251 2130 vel
1276 2092 1498 2132 canere.

546 2168 639 2222 ‘25.
674 2167 830 2234 Quod
863 2184 971 2222 non
1002 2177 1220 2238 oportet
1249 2167 1533 2225 ministros
1562 2184 1760 2240 panem
1790 2170 1944 2239 dare,
1985 2171 2073 2227 vel

479 2261 706 2314 calicem
744 2259 1092 2314 benedicere.

555 2353 644 2407 43.
677 2352 834 2419 Quod
869 2368 975 2406 non
1012 2362 1229 2423 oportet
1262 2354 1546 2411 ministros
1588 2355 1673 2409 vel
1727 2355 1875 2410 brevi
1928 2364 2072 2412 teni-

480 2460 614 2517 pore
642 2444 788 2500 iores
812 2445 1123 2515 relinquere
1151 2459 1203 2501 et
1226 2448 1467 2502 orationi
1502 2464 1717 2504 vacare.

777 2537 1007 2593 Concilii
1046 2540 1354 2593 meumenici
1397 2556 1448 2595 v1
1485 2556 1655 2593 canon
1682 2540 1775 2595 27.

542 2632 641 2688 27.
676 2630 875 2687 Nullus
906 2647 1097 2687 eorum
1126 2674 1141 2698 ,
1173 2634 1266 2702 qui
1304 2633 1357 2687 in
1390 2633 1522 2688 cieri
1558 2634 1865 2705 catalogum
1919 2635 2074 2689 relati

481 2734 634 2790 sunt,
664 2733 871 2779 vestem
901 2723 1007 2779 sibi
1046 2738 1157 2779 non
1187 2727 1609 2780 convenientem
1645 2726 1859 2789 induat,
1900 2741 2077 2797 neque

485 2816 785 2871 incivitate
813 2816 1039 2887 degens,
1078 2833 1255 2887 neque
1280 2817 1385 2872 iter
1415 2817 1734 2888 ingrediens
1768 2838 1782 2874 :
1816 2819 1913 2875 sed
1951 2830 2075 2874 uta-

480 2918 575 2964 tur
605 2910 873 2975 vestibus,
919 2926 1041 2980 quaa
1073 2910 1163 2976 iis,
1204 2911 1298 2981 qui
1355 2911 1410 2965 in
1451 2912 1659 2966 clerum
1722 2911 1876 2966 relati
1924 2922 2075 2977 sunt,

484 3001 761 3056 attributae
786 3001 958 3056 fuere.
987 3002 1043 3056 Si
1070 3004 1196 3073 quis
1221 3011 1409 3058 autem
1439 3002 1547 3059 tale
1569 3002 1703 3073 quid
1726 3002 1941 3072 fecerit,
1965 3021 2073 3059 una

485 3090 794 3160 septimana
826 3101 1161 3160 segregetur.

844 3180 1075 3236 Concilii
1108 3180 1325 3236 Nicwni
1352 3198 1392 3238 ιι
1430 3200 1602 3238 canon
1632 3184 1717 3239 16.

560 3267 715 3333 Quod
744 3269 824 3322 vir
851 3269 1241 3324 ecclesiasticus
1276 3282 1442 3325 vestes
1475 3273 1738 3341 pretiosas
1783 3288 1886 3326 non
1925 3272 2076 3328 debet

485 3352 726 3406 induere.

564 3444 653 3499 16.
691 3443 883 3498 Omnis
911 3444 1076 3499 luxus
1110 3452 1165 3499 et
1200 3454 1431 3501 ornatus
1462 3461 1763 3517 corporeus
1791 3456 1876 3503 est
1924 3463 1955 3503 a
1987 3463 2080 3504 sa-

488 3536 756 3592 cerdotali
808 3544 955 3590 statu
1011 3537 1246 3592 alienus.
1302 3536 1605 3608 Episcopos
1625 3554 1757 3610 ergo
1804 3541 2081 3598 velcleri—

491 3643 614 3693 eos,
639 3628 732 3697 qui
757 3643 817 3682 se
857 3628 1160 3697 splendidis
1192 3638 1248 3683 et
1278 3629 1585 3699 insignibus
1638 3632 1883 3689 vestibus
1921 3650 2085 3688 exor-

496 3730 648 3786 nant,
702 3736 761 3775 se
809 3722 1083 3792 corrigere
1128 3732 1346 3791 oportet
1400 3738 1414 3775 :
1467 3723 1719 3779 similiter
1749 3738 1804 3780 et
1864 3740 1961 3781 eos
1986 3727 2084 3795 qui

496 3822 626 3867 sunt
653 3814 946 3882 unguentis
975 3813 1130 3885 143
1154 3814 1404 3871 delibuti.
1442 3815 1715 3883 Quoniam
1768 3826 1952 3873 autem
1988 3835 2085 3874 ra-

493 3907 586 3961 dix
619 3907 932 3962 acerbitatis
960 3923 1181 3963 sursum
1214 3908 1515 3978 pullulans.
1543 3908 1646 3962 iuit
1673 3918 1874 3966 nostrae
1897 3910 2087 3967 Eccle-

494 4000 594 4053 siae
625 4000 1121 4067 inquinamentum,
1164 3998 1510 4056 Christianos
1563 4002 1773 4057 scilicet
1814 4019 2087 4059 accusan-

497 4091 635 4146 tium
703 4092 950 4159 haeresis,
1005 4102 1059 4147 et
1117 4093 1214 4162 qui
1265 4109 1327 4147 ea
1354 4104 1718 4164 susceperunt
1761 4110 1867 4150 non
1904 4097 2083 4152 solum

498 4184 799 4254 imaginum
832 4184 1074 4254 picturas
1104 4187 1343 4240 aversati
1373 4195 1523 4251 sunt,
1553 4188 1647 4243 sed
1671 4203 1891 4243 omnem
1919 4191 2085 4245 etiam

496 4274 753 4344 pietatem
796 4290 861 4329 ac
891 4276 1208 4347 religionem
1236 4285 1616 4343 extruserunt,
1650 4281 1702 4334 in
1738 4295 1836 4335 eos
1873 4284 1967 4351 qui
1997 4283 2087 4353 pie

496 4377 551 4421 et
593 4368 824 4423 honeste
879 4369 1071 4425 vivunt
1104 4371 1462 4439 invehentes;
1499 4382 1553 4428 et
1596 4372 1651 4427 in
1682 4374 1764 4429 eis
1799 4375 2085 4446 impletum

496 4458 605 4514 fuit
650 4462 798 4530 quod
845 4463 1111 4531 scriptum
1168 4472 1295 4519 est:
1330 4463 1642 4520 Exsecratio
1694 4468 1958 4536 peccatori
1988 4466 2089 4522 Dei

494 4551 713 4606 cultura
748 4553 817 4608 ⁸⁸.
872 4552 927 4608 Si
978 4555 1187 4610 inventi
1236 4556 1422 4627 itaque
1460 4555 1672 4612 iuerint
1711 4559 1961 4613 nonnulli
1990 4575 2087 4616 eos

498 4645 813 4710 irridentes,
846 4649 941 4717 qui
982 4649 1145 4703 vilem
1176 4658 1231 4703 et
1267 4651 1575 4705 modestum
1607 4653 1871 4706 amictum
1912 4652 2089 4709 induti

501 4747 653 4802 sunt,
722 4754 885 4808 paena
949 4741 1318 4812 corrigantur.
1374 4743 1419 4794 Α
1491 4743 1870 4813 superioribus
1937 4745 2085 4800 enim

496 4844 678 4899 usque
702 4832 1041 4901 temporibus
1088 4834 1270 4889 omnis
1293 4835 1375 4889 vir
1406 4836 1768 4891 sacerdotalis
1799 4852 1925 4891 cum
1972 4853 2089 4892 mo-

502 4923 692 4977 derato
716 4931 771 4978 et
796 4922 1027 4979 honesto
1051 4924 1374 4981 indumento
1429 4930 1776 4983 versabatur.
1805 4928 2087 4999 Quidquid

497 5015 647 5069 enim
695 5030 803 5070 non
846 5026 1068 5086 prOpter
1115 5030 1300 5084 usum,
1345 5020 1442 5074 sed
1466 5020 1886 5074 ostentatorium
1922 5035 2088 5074 orna-

498 5116 620 5159 tum
640 5107 959 5173 assumitur,
984 5108 1035 5162 in
1055 5109 1313 5178 nequitia:
1330 5112 1808 5180 reprehensionem
1832 5112 2084 5179 incurrit,

501 5206 564 5251 ut
595 5197 671 5251 ait
697 5214 926 5269 magnus
949 5198 1204 5256 Basilius.
1241 5199 1346 5256 Sed
1381 5217 1482 5257 nec
1512 5218 1576 5258 ex
1602 5203 1824 5259 sericeis
1848 5203 2083 5259 texturis

502 5290 779 5346 «ariatum
818 5292 942 5363 quis
966 5294 1357 5351 vestimentum
1394 5294 1649 5363 habebat,
1680 5312 1857 5367 neque
1915 5297 1971 5352 in
1996 5312 2093 5351 ex-

499 5383 700 5438 tremis
732 5385 1077 5441 vestimentis
1111 5386 1323 5457 adjecta
1350 5395 1510 5442 erant
1551 5389 1711 5444 alieni
1741 5389 1945 5444 coloris
1989 5388 2089 5443 ad-

500 5483 834 5529 mtamenla.
865 5475 942 5529 Ex
978 5476 1162 5530 divina
1193 5478 1339 5532 enim
1378 5478 1564 5549 lingua
1604 5480 1919 5548 audierunt,
1946 5479 2093 5553 quod

502 5579 603 5632 qui
637 5564 821 5620 mollia
845 5563 1029 5621 ferunt
1050 5575 1182 5624 sunt
1210 5568 1266 5623 in
1295 5567 1507 5625 aedibus
1545 5584 1735 5641 regum
1781 5570 1848 5625 ⁸⁸.

580 5784 631 5814 *δ”
656 5782 824 5839 Eccli.
851 5802 889 5851 t,
915 5787 1004 5841 59.
1088 5786 1129 5817 ⁵⁸
1152 5787 1345 5844 Matth.
1382 5804 1435 5855 ιι,
1473 5790 1521 5842 7.

2172 1894 2343 1963 θύρας
2374 1892 2903 1962 ἐγκαταλιμπάνειν.

2243 1983 2350 2053 κγ’.
2373 1985 2498 2038 Ὅτι
2522 1985 2582 2037 ού
2607 1984 2689 2037 δεῖ
2714 1984 3121 2058 ἀναγνώσταςῆ
3146 1986 3367 2055 ιψάλτας
3395 1986 3637 2060 ώράριον
3668 2005 3765 2058 φο-

2172 2081 2312 2151 ρεῖν,
2346 2080 2443 2132 καὶ
2474 2078 2647 2141 οὕτως
2674 2077 3068 2146 ἀναγινώσκειν
3098 2080 3131 2147 ἢ
3162 2079 3408 2151 ψάλλειν.

2244 2167 2347 2226 κε’.
2391 2172 2517 2224 Ὀτι
2545 2170 2606 2223 οὐ
2642 2170 2723 2224 δεῖ
2744 2171 3029 2243 ὑπηρέτας
3058 2172 3222 2244 ἄρτον
3249 2173 3474 2241 διδόναι,
3502 2174 3627 2229 οὐδέ
3662 2192 3756 2229 πο-

2172 2265 2362 2336 τήριον
2390 2262 2655 2331 εὐλογεῖν.

2251 2352 2365 2427 μγ’.
2407 2354 2531 2407 Ὅτι
2561 2354 2622 2407 οὐ
2667 2353 2749 2407 δεῖ
2781 2354 3086 2424 ὑπηρέτας,
3118 2355 3223 2409 κᾶν
3251 2354 3451 2428 βραχὺ,
3476 2358 3577 2423 τάς
3601 2356 3768 2431 θύρας

2177 2445 2622 2518 ἐγκαταλείπειν,
2656 2446 2752 2499 καὶ
2782 2448 2849 2516 τῇ
2880 2446 3015 2517 εὐχῇ
3044 2446 3348 2517 σχολάζειν.

2321 2539 2595 2595 Συνόδου
2626 2538 3051 2610 οῐκουμενικῆς
3071 2539 3254 2608 ἕκτης
3278 2541 3487 2596 κανὼν
3520 2543 3626 2608 κζ’,

2247 2625 2349 2696 κζ’.
2369 2629 2574 2700 Μηδεὶς
2590 2627 2699 2682 τῶν
2722 2630 2778 2681 ἐν
2802 2628 2992 2699 κλήρῳ
3012 2628 3488 2700 καταλεγομένων,
3505 2632 3767 2686 ἀνοίκειον

2178 2720 2383 2791 ἐσθῆτα
2428 2717 2839 2790 ἀμφιεννύσθω,
2905 2718 3044 2789 μήτε
3090 2720 3149 2773 ἐν
3179 2720 3334 2773 πόλει
3368 2722 3598 2791 διάγων,
3635 2726 3769 2795 μήτε

2179 2812 2237 2863 ἐν
2261 2809 2366 2880 ὁδῷ
2419 2807 2650 2877 βαδίζων
2680 2824 2695 2837 ’
2743 2806 2882 2861 ἀλλά
2923 2808 3142 2873 στολαῖς
3195 2812 3488 2882 κεχρήσθω
3517 2817 3639 2878 ταῖς
3667 2814 3766 2886 ήδη

2176 2904 2290 2966 τοῖς
2324 2903 2383 2955 ὲν
2426 2903 2612 2971 κλήρῳ
2663 2900 3126 2971 καταλεγομένοις
3173 2903 3643 2975 ἀπονεμηθείσαις
3675 2922 3689 2936 ο
3721 2908 3768 2960 εἰ

2176 2995 2235 3049 δέ
2280 3011 2367 3049 τις
2395 2990 2751 3063 διαπράξοιτό
2777 3010 2830 3046 τι
2877 2992 3145 3062 τοιοῦτον,
3184 2996 3278 3049 ἐπὶ
3309 2997 3591 3068 ἑϐδομάδα
3641 2998 3767 3068 μίαν

2177 3083 2541 3157 ἀφοριζέσθω.

2310 3170 2581 3226 Συνόδου
2612 3172 2862 3240 Νικαίας
2885 3173 2953 3228 τὸ
2986 3172 3287 3243 δεύτερον,
3319 3176 3527 3232 κανὼν
3549 3184 3645 3242 ις’.

2258 3262 2390 3316 Ὀτι
2423 3263 2497 3317 οὐ
2538 3262 2635 3317 δεῖ
2660 3265 2956 3333 ἱερατικὸν
2984 3264 3175 3336 ἄνδρα
3208 3266 3407 3336 ἱμάτια
3453 3269 3758 3339 πολυτελῆ

2179 3352 2645 3423 ἀμφιέννυσθαι.

2255 3445 2352 3513 ις’.
2380 3448 2540 3501 Πᾶσα
2576 3447 2802 3518 βλακεία
2830 3450 2925 3503 καὶ
2956 3450 3227 3522 κόσμησις
3276 3454 3592 3526 σωματικὴ,
3619 3455 3770 3509 ἀλλόο

2181 3540 2312 3612 τριά
2336 3542 2443 3593 είσι
2476 3541 2577 3610 τῆς
2606 3540 2888 3612 ἱερατικῆς
2915 3543 3300 3608 καταστάσεώς
3334 3562 3395 3597 τε
3427 3547 3529 3599 καὶ
3551 3547 3767 3613 τάξεως.

2182 3632 2323 3692 Τοὺς
2352 3628 2445 3683 οῦν
2473 3631 2698 3695 ἑαυτοὺς
2752 3632 3095 3701 κοσμοῦντας
3139 3635 3476 3700 ἐπισκόπους
3523 3638 3554 3709 ἢ
3585 3639 3768 3709 κληρι-

2182 3723 2335 3787 κοὺς,
2358 3721 2427 3774 δι’
2458 3722 2702 3792 ἐσθήτων
2729 3723 3001 3794 λαμπρων
3038 3725 3134 3778 καὶ
3173 3727 3522 3796 περιφανῶν,
3555 3729 3770 3792 τούτους

2183 3810 2525 3884 διορθοῦσθαι
2555 3815 2660 3885 χρὴ
2688 3830 2702 3845 ·
2730 3816 2779 3868 εἰ
2825 3814 2883 3868 δὲ
2924 3816 3260 3886 ἐπιμένοιεν,
3287 3818 3558 3891 ἐπιτιμίῳ
3596 3838 3771 3891 παρα-

2183 3905 2423 3960 δίδοσθαι
2457 3922 2474 3939 ο
2504 3904 2770 3970 ὡσαύτως
2802 3907 2899 3960 καὶ
2929 3908 3055 3972 τοὺς
3105 3909 3175 3962 τά
3236 3910 3385 3981 μύρα
3428 3914 3767 3984 χρωμένους.

2198 3996 2502 4069 Ἐπειδὴδέ
2552 3998 2677 4069 ῥίζα
2737 3998 2964 4069 πικρίας
2999 4000 3111 4053 ἄνω
3146 4000 3378 4070 φύουσα,
3436 4006 3655 4075 μίασμα
3684 4005 3773 4072 γέ-

2184 4107 2311 4159 γονε
2340 4091 2406 4161 τῇ
2443 4088 2706 4160 καθολικῇ
2739 4090 3056 4162 Ἐκκλησία,
3095 4094 3127 4163 ἠ
3173 4093 3282 4145 τῶν
3341 4094 3770 4166 Χριστιανοκατ-

2186 4182 2407 4254 ηγόρων
2446 4181 2683 4253 αἵρεσις,
2716 4182 2811 4235 καὶ
2840 4184 2891 4235 oi
2923 4183 3127 4255 ταύτην
3179 4184 3463 4255 δεξάμενοι
3521 4188 3581 4242 οὐ
3620 4189 3772 4259 μόνον

2186 4275 2288 4337 τὰς
2346 4274 2625 4337 εἰκονικάς
2652 4273 3147 4346 ἀναζωγραφήσεις
3200 4277 3582 4345 ἐϐδελύξαντο,
3641 4279 3773 4334 ἀλλὰ

2190 4366 2287 4419 καὶ
2324 4366 2505 4419 πᾶσαν
2557 4364 2850 4436 εὐλάϐειαν
2904 4365 3217 4431 ἀπώσαντο,
3269 4370 3382 4431 τοῖς
3426 4368 3641 4439 σεμνῶς
3684 4368 3771 4422 καὶ

2190 4457 2431 4522 εὐσεϐῶς
2483 4456 2662 4528 βιοῦσι
2717 4457 3171 4529 προσοχθίςοντες
3207 4476 3222 4491 ο
3260 4462 3357 4514 καὶ
3416 4461 3771 4532 πεπλήρωται

2120 4539 2164 4595 Ι)
2192 4550 2281 4602 ἐπ’
2307 4549 2493 4613 αὐτοῖς
2519 4549 3013 4620 τὸίγεγραμμένον,
3077 4550 3400 4621 Βδέλυγμα
3444 4550 3766 4623 ἁμαρτωλῷ

2194 4642 2531 4698 θεοσέϐειαο
2566 4643 2615 4695 εί
2657 4641 2922 4712 εὑρεθῶσι
2960 4641 3142 4696 τοίνυν
3174 4643 3513 4711 ἐγγελῶντες
3538 4646 3649 4708 τοῖς
3679 4642 3772 4712 τὴν

2193 4734 2387 4803 εὐτελῆ
2415 4733 2509 4787 καί
2537 4734 2743 4804 σεμνὴν
2774 4733 3048 4803 ἀμφίασιν
3099 4735 3532 4806 περικειμένοις,
3560 4735 3625 4789 δι’
3653 4737 3771 4787 ἐπι-

2192 4825 2376 4896 τιμίου
2418 4824 2874 4896 διορθούσθωσαν.
2912 4826 3007 4879 Ἐκ
3049 4826 3159 4897 γὰρ
3190 4826 3301 4880 τῶν
3329 4826 3536 4881 ἀνωθεν
3574 4826 3773 4899 χρόνων

2194 4921 2301 4985 πᾶς
2347 4918 2622 4991 ίερατικὸς
2681 4918 2846 4990 ἀνὴρ,
2880 4917 3021 4988 μετά
3043 4917 3251 4991 σεμνῆς
3289 4918 3385 4972 καὶ
3414 4919 3640 4990 μετρίας
3672 4918 3774 4987 ἀμ·

2194 5012 2435 5081 φιάσεως
2463 5010 2830 5065 ἐπολιτεύετο.
2866 5012 2982 5065 Πᾶν
3015 5010 3124 5083 γὰρ
3157 5011 3184 5064 ὃ
3220 5011 3296 5082 μὴ
3317 5011 3404 5065 διὰ
3424 5012 3612 5083 χρείαν
3645 5009 3773 5062 ἀλλά

2194 5104 2281 5158 διὰ
2311 5103 2701 5174 καλλωπισμὸν
2746 5104 3260 5176 παραλαμϐάνεται,
3313 5104 3645 5176 περπερείας
3664 5102 3772 5172 ἔχει

2198 5194 2552 5267 κατηγορίαν,
2585 5195 2662 5258 ὡς
2707 5198 2737 5249 ὁ
2791 5196 2962 5268 μέγας
2992 5195 3097 5267 ἔφη
3150 5194 3429 5260 Βασίλειος
3468 5209 3481 5223 ⁸
3516 5192 3630 5248 ἀλλ’
3657 5190 3773 5245 οὐδὲ

2191 5289 2257 5341 ἐκ
2303 5287 2546 5359 σηρικῶν
2580 5288 2921 5361 ὑφασμάτων
2961 5288 3397 5358 πεποικιλμένην
3429 5287 3635 5359 ἐσθῆτα-
3684 5286 3769 5338 ἐνι

2193 5378 2379 5433 δέδυτό
2417 5397 2519 5444 τις,
2545 5381 2667 5434 οὐδὲ
2692 5382 3086 5453 προσετίθεσαν
3120 5384 3411 5455 ἑτερόχροα
3436 5380 3774 5451 ἐπιϐλήματα

2200 5474 2259 5525 ἐν
2282 5474 2397 5537 τοῖς
2423 5474 2614 5543 ἄκροις
2652 5473 2764 5529 τῶν
2795 5477 3051 5547 ἱματίων.
3108 5476 3390 5531 Ἤκουσαν
3413 5476 3522 5547 γὰρ
3559 5476 3622 5527 ἐκ
3677 5470 3770 5539 τῆς

2201 5566 2535 5636 θεοφθόγγου
2570 5566 2842 5638 γλώττης,
2873 5569 2955 5621 ὅτι
2992 5569 3042 5621 oi
3095 5569 3166 5623 τὰ
3201 5570 3424 5641 μαλακά
3462 5565 3767 5639 φοροῦντες.

2202 5659 2263 5713 ἐν
2298 5659 2412 5724 τοῖς
2439 5658 2608 5724 οἴκοις
2648 5658 2759 5714 τῶν
2786 5658 3053 5732 βασιλέων
3086 5661 3244 5717 είσίν.
