4122 6452
252 350 345 414 6Ἱ5

919 349 1321 414 SYNTAGMA
1366 351 1756 418 CANONUM.
1812 377 1850 387 -

1952 352 2067 412 .‘IT.
2110 352 2226 415 III.
2259 353 2418 415 CAP.
2477 355 2647 425 VIII,
2682 356 2821 418 XII.

3413 357 3521 421 606

315 461 567 516 ΚΕΦΑΔ.
602 459 709 516 IA'.
741 488 812 506 -ορ
842 463 982 524 Περὶ
1004 463 1125 519 τῶν
1158 457 1492 534 διαγόντων
1516 464 1589 519 ἐν
1628 464 1824 527 πόλει,

2000 461 2156 518 CAP.
2185 462 2279 519 XI.
2309 496 2377 507 ——-
2397 464 2474 520 De
2501 466 2592 529 iis;
2616 468 2707 536 qui
2734 483 2855 519 cum
2885 466 2940 519 in
2968 464 3095 521 urbe
3123 477 3414 531 versentur,
3435 480 3519 522 ta-

249 553 341 610 καὶ
364 546 463 609 sit
500 553 654 625 τρεῖς
677 555 1018 624 ἑϐδομάδας
1058 557 1148 626 μὴ
1176 557 1658 612 κοινωνούντων.

550 644 825 702 Συνόδου
849 646 1149 718 Σαρδικῆς
1184 646 1392 702 κανὼν
1420 654 1513 703 ια’.

318 739 409 798 ια’.
450 741 640 807 Ὀσιος
667 743 967 807 ἐπίσκοπος
1013 738 1135 797 εῐπε
1163 758 1179 774 ⁸
1211 743 1324 798 Καὶ
1365 744 1527 798 τοῦτο
1566 743 1623 797 δὲ
1650 743 1833 815 ὁρίσαι

250 836 558 905 ὀφείλομεν,
588 835 676 888 ἴνα
702 837 731 889 ό
767 834 1071 899 ἐπίσκοπος
1116 837 1249 890 ὅταν
1287 836 1348 901 ἐξ
1392 836 1585 907 ἐτέρας
1626 835 1834 898 πόλεως

252 927 624 997 παραγένηται
646 929 727 989 εἰς
750 926 944 998 ἐτέραν
961 926 1139 992 πόλῖν,
1163 927 1197 999 ἢ
1220 927 1329 982 ἀπὸ
1348 928 1542 999 ἐτέρας
1564 927 1836 1001 ἐπαρχίας

254 1019 329 1079 εἰς
370 1017 561 1086 ἑτέραν
604 1017 875 1088 ἐπαρχίαν
926 1020 1145 1089 κόμπου
1196 1018 1381 1089 χάριν,
1435 1019 1733 1090 ἐγκωμίοις
1759 1019 1836 1071 οἰ-

258 1108 414 1171 κείοις
449 1108 918 1179 ύπηρετούμενος,
951 1109 985 1180 ἢ
1016 1109 1320 1180 θρησκείας
1345 1110 1700 1173 καθοσιώσει,
1736 1110 1838 1166 καλ⁸

258 1200 469 1254 πλείονα
521 1199 713 1270 χρόνον
741 1199 988 1270 βούλοιτο
1020 1200 1254 1270 διάγειν,
1308 1202 1406 1255 καὶ
1430 1202 1505 1273 μὴ
1543 1203 1572 1255 δ
1595 1203 1695 1272 τῆς
1738 1204 1840 1256 πό-

256 1297 385 1358 λεως
422 1293 639 1364 ἐκείνης
666 1293 968 1358 ἐπίσκοπος
995 1292 1261 1365 ἔμπειρος
1352 1293 1729 1358 διδασκαλίας,
1765 1293 1842 1366 μὴ

259 1386 569 1456 καταφρονῇ
603 1384 841 1449 ἐκείνου,
885 1385 980 1438 καὶ
1009 1385 1400 1457 συνεχέστερον
1424 1386 1611 1457 ὁμιλῇ,
1646 1403 1843 1440 καται-

262 1477 467 1549 σχύνειν
510 1477 609 1532 καὶ
667 1476 1053 1541 κατευτελίζεν
1079 1477 1141 1531 τδ
1166 1477 1464 1549 πρόσωπον
1515 1476 1612 1531 τοῦ
1654 1477 1845 1531 αὐτόθι

264 1569 557 1623 ἐπισκόπου
588 1569 929 1634 σπουδάζων.
962 1568 1111 1641 Αὕτη
1151 1570 1261 1642 γὰρ
1303 1571 1338 1641 ἡ
1377 1570 1654 1642 πρόφασις
1685 1569 1846 1623 εἴωθε

260 1661 524 1730 ταράχους
559 1660 824 1731 παρέχειν
853 1676 867 1691 ·
894 1661 989 1715 καὶ
1010 1662 1074 1715 ἐκ
1090 1662 1190 1731 τῆς
1217 1662 1476 1732 τοιαύτης
1506 1661 1847 1733 πανουργίας

260 1749 349 1819 τὴν
376 1750 669 1821 ἀλλοτρίαν
698 1750 974 1821 καθέδραν
997 1750 1175 1822 ἐαυτῷ
1205 1751 1721 1824 προμνηστεύεσθαι
1751 1752 1845 1805 καὶ

1933 568 2052 609 men
2078 570 2176 626 per
2196 564 2302 611 tres
2327 550 2685 612 hebdomadas’
2708 574 2815 611 non
2844 558 3263 614 communicant.

2287 646 2515 703 Concilii
2550 648 2883 705 Sardicenm
2911 666 3079 705 canon
3110 651 3197 705 ll.

2004 738 2095 795 Il.
2138 737 2344 795 Hosius
2387 741 2681 813 episc0pus
2702 742 2875 797 dixit:
2902 742 3019 797 Hoc
3048 757 3265 813 quoque
3300 742 3528 797 deﬁnire

1934 828 2235 897 debemus;
2291 839 2353 887 ut
2384 834 2606 903 quando
2646 836 2941 907 episcopus
2963 851 3030 891 ex
3087 836 3192 892 alia
3215 835 3435 891 civitate
3470 836 3526 889 in

1935 923 2098 979 aliam
2130 925 2424 993 civitatem,
2448 928 2534 982 vel
2557 944 2623 983 ex
2654 929 2759 984 alia
2788 929 3074 999 provincia
3114 930 3169 984 in
3205 928 3367 982 aliam
3399 943 3529 997 pro-

1933 1018 2178 1073 vinciam
2206 1021 2529 1086 accesserit,
2558 1021 2877 1091 iactationis
2910 1024 3084 1093 gratia
3124 1022 3370 1092 propriis
3404 1022 3523 1075 lan-

1938 1110 2102 1166 dibus
2124 1112 2372 1167 serviens
2404 1121 2500 1167 aut
2526 1114 2813 1182 religionis
2840 1130 3031 1180 causa,
3058 1123 3113 1169 et
3138 1115 3269 1168 velit
3292 1114 3532 1184 longiori

1940 1211 2187 1270 tempore
2228 1201 2340 1256 illic
2369 1218 2562 1274 agere;
2620 1205 2765 1260 illius
2804 1213 2988 1261 autem
3020 1206 3265 1261 civitatis
3314 1206 3532 1274 cpisco-

1944 1306 2050 1361 pus
2099 1292 2365 1348 doctrina:
2400 1295 2518 1351 ‘non
2556 1294 2720 1351 fuerit
2755 1298 3006 1366 peritus:
3051 1312 3121 1354 ne
3165 1298 3319 1351 illum
3351 1297 3534 1367 despi-

1945 1384 2076 1447 ciat,
2102 1392 2157 1438 et
2201 1382 2543 1454 frequentius
2582 1389 2963 1455 concionetur,
3002 1391 3230 1446 studens
3266 1389 3535 1443 dedecore

1943 1472 2159 1529 allicere
2183 1483 2238 1530 et
2259 1476 2594 1545 vilipendere
2641 1493 2933 1547 personam
2959 1478 3205 1549 episcopi
3237 1477 3397 1549 1M
3420 1477 3536 1546 (hic

1944 1567 2089 1620 enim
2116 1576 2413 1637 prmtextus
2430 1568 2571 1624 solet
2592 1569 2783 1625 turbas
2807 1570 3098 1641 excitare),
3128 1587 3230 1627 nec
3259 1569 3534 1640 ejusmodi

1946 1658 2249 1713 calliditate
2268 1660 2506 1714 alienam
2535 1660 2722 1715 sedem
2751 1661 2853 1715 sibi
2879 1663 3175 1717 conciliare
3194 1662 3537 1716 etattrahere

1949 1749 2187 1816 studeat,
2227 1766 2338 1805 non
2382 1751 2645 1806 dubitans
2678 1752 2784 1806 sibi
2821 1752 3075 1807 traditam
3104 1753 3397 1808 ecclesiam
3446 1767 3535 1806 re-

261 1844 551 1914 παρασπᾷν
582 1844 897 1911 σπουδάζει,
938 1845 1015 1914 μὴ
1049 1844 1319 1909 διστάζων
1349 1844 1450 1917 τὴν
1485 1843 1638 1915 αύτῷ
1660 1862 1842 1916 παρα-

1952 1843 2217 1910 linquere,
2250 1851 2303 1897 et
2333 1842 2389 1896 in
2416 1840 2575 1895 aliam
2603 1843 2861 1897 transire.
2886 1843 2968 1896 Ad
3010 1843 3117 1897 hoc
3155 1859 3289 1914 ergo
3321 1853 3537 1911 tempus

268 1933 504 1987 δοθεῖσαν
553 1935 850 2005 ἐκκλησίαν
891 1936 1356 2007 καταλιμπάνειν,
1412 1937 1508 1990 καὶ
1540 1938 1620 2000 εἰς
1649 1937 1846 2006 ἐτέραν

264 2027 634 2097 μεθίστασθαι.
677 2027 960 2099 Ὀριστέον
1015 2029 1198 2083 τοίνυν
1259 2030 1353 2083 ἐπὶ
1407 2028 1585 2101 τούτῳ
1642 2029 1842 2100 χρόνῳ,

260 2116 437 2188 ἐπειδὴ
463 2120 562 2172 καὶ
590 2119 652 2171 τὸ
684 2119 759 2189 μὴ
785 2118 1145 2190 ὑποδέχεσθαι
1187 2119 1506 2184 ἐπίσκοπον,
1532 2118 1643 2173 τῶν
1665 2121 1843 2172 ἁπαν-

260 2206 485 2275 θρώπων
518 2208 619 2262 καὶ
676 2208 882 2263 σκαιῶν
911 2204 1052 2263 εἶναι
1090 2210 1424 2279 νενόμισται.
1458 2209 1756 2280 Μέμνησθε
1782 2209 1839 2263 δέ

262 2301 313 2352 ἐν
338 2299 414 2369 τῷ
443 2301 747 2370 προάγοντι
775 2302 954 2373 χρόνῳ
984 2303 1111 2365 τοὺς
1136 2302 1411 2374 ;Ι]ατέρας
1452 2301 1614 2373 ἡμῶν
1652 2319 1846 2374 κεκρι-

258 2389 425 2455 κέναι,
482 2391 575 2445 ἴνα
608 2393 660 2445 εί
683 2410 768 2456 τις
814 2392 999 2456 λαῐκὸς
1044 2394 1102 2446 ἐν
1137 2392 1290 2445 πόλει
1312 2394 1519 2462 διάγων
1558 2396 1709 2466 τρεῖς
1730 2396 1844 2449 Κυ-

262 2484 449 2553 ριακάς
473 2484 713 2555 ἡμέρας,
755 2485 813 2537 ἐν
857 2486 1038 2555 τρισὶν
1076 2484 1360 2557 ἑϐδομάσι,
1395 2486 1471 2557 μὴ
1508 2487 1843 2559 συνέρχοιτο,

257 2576 571 2630 ἁποκινοίτο
590 2577 685 2646 τῆς
715 2575 1025 2640 κοινωνίας.
1066 2576 1133 2631 Et
1168 2578 1348 2631 τοίνυν
1381 2580 1511 2649 περὶ
1568 2578 1679 2633 τῶν
1716 2580 1842 2632 λαῖ-

257 2667 364 2721 κῶν
393 2666 559 2721 τοῦτο
605 2668 983 2736 τεθέσπισται,
1042 2669 1104 2724 οὺ
1162 2670 1269 2741 χρὴ
1308 2670 1431 2723 οὐδὲ
1464 2670 1671 2742 πρέπει
1730 2670 1844 2725 ἀλλ’

257 2759 371 2813 οὐδὲ
429 2761 711 2831 συμφέρει
766 2761 1092 2828 ἐπίσκοπον,
1134 2764 1185 2816 εί
1241 2761 1513 2833 μηδεμίαν
1540 2762 1847 2833 βαρυτέραν

257 2852 492 2923 ἀνάγκην
546 2852 684 2923 ἔχοι,
736 2854 771 2925 ἢ
827 2856 1063 2927 πρᾶγμα
1103 2854 1390 2927 δυσχερὲς,
1448 2856 1547 2910 ἐπὶ
1596 2857 1847 2910 πλεῖστον

258 2944 651 2999 ἀπολείπεσθαι
710 2947 808 3016 τῆς
849 2947 1047 3001 ἐαυτοῦ
1091 2947 1444 3019 ςέκκλησίας,
1502 2948 1598 3001 καὶ
1656 2948 1850 3002 λυπεῖν

1942 1934 2310 1991 deﬁniendum
2352 1942 2459 1989 est.
2488 1931 2624 1988 Nam
2664 1934 2982 2005 episcopum
3015 1949 3125 1989 non
3156 1934 3346 2004 recipi,
3375 1933 3540 1987 inhu-

1944 2042 2170 2082 manum
2218 2036 2275 2082 et
2310 2026 2531 2082 incivile
2572 2026 2949 2082 existimatum
2993 2038 3097 2084 est.
3152 2026 3539 2083 Recordemini

1942 2128 2147 2184 autem,
2172 2129 2353 2189 patres
2383 2127 2603 2174 nostros
2634 2119 2689 2173 in
2712 2128 2963 2190 tempore
3006 2121 3282 2191 praterito
3317 2120 3540 2190 judica-

1944 2210 2112 2277 visse,
2144 2218 2206 2264 ut
2233 2211 2281 2266 si
2306 2212 2433 2281 quis
2461 2210 2638 2267 laicus
2670 2211 2723 2265 in
2751 2212 2937 2282 aliqua
2959 2213 3095 2268 urbe
3134 2228 3325 2284 agens,
3364 2212 3541 2267 tribus

1944 2304 2140 2358 diebus
2165 2304 2461 2359 dominicis
2485 2304 2539 2358 in
2580 2305 2761 2359 tribus
2794 2304 3228 2359 hebdomadibus
3272 2319 3380 2359 non
3404 2319 3544 2359 con-

1948 2393 2152 2458 veniat,
2198 2394 2246 2449 is
2300 2393 2693 2448 communione
2728 2403 3032 2449 moveatur.
3072 2393 3130 2448 Si
3162 2395 3267 2448 hoc
3303 2409 3433 2463 ergo
3473 2394 3544 2448 de

1944 2487 2104 2543 laicis
2135 2496 2403 2543 statutum
2443 2496 2547 2551 est,
2582 2503 2689 2542 non
2722 2495 2957 2557 oportet,
2997 2502 3101 2541 nec
3123 2486 3405 2549 convenit,
3440 2484 3540 2540 sed

1948 2596 2126 2650 neque
2148 2589 2231 2635 est
2264 2580 2399 2634 utile
2437 2580 2782 2649 episcopum,
2813 2582 2857 2635 si
2885 2580 3090 2635 nullam
3129 2577 3292 2632 habet
3318 2576 3537 2646 gravio-

1953 2689 2069 2728 rem
2111 2672 2520 2736 necessitatem,
2564 2674 2650 2727 vel
2686 2672 2966 2742 negotium
3007 2669 3310 2733 diﬁicilius,
3358 2684 3389 2722 a
3441 2682 3543 2722 sua

1952 2764 2186 2819 ecclesia
2216 2764 2426 2819 diutius
2482 2764 2700 2829 abesse,
2741 2773 2795 2818 et
2844 2763 2947 2819 sibi
2978 2763 3337 2817 commissum
3367 2775 3544 2830 popu-

1955 2858 2069 2912 lum
2119 2858 2468 2913 contristare.
2519 2856 2724 2913 Omnes
2774 2857 3019 2927 episcopi
3074 2855 3355 2918 dixerunt,
3402 2853 3546 2906 hanc

1956 2966 2179 3021 quoque
2199 2950 2526 3006 sententiam
2553 2965 2675 3005 esse
2697 2948 3298 3003 convenientissimam.

258 3037 344 3089 τὸν
400 3039 922 3111 ἐμπεπιστευμένον
956 3040 1108 3112 αύτῷ
1159 3039 1312 3096 λαόν.
1347 3041 1622 3107 ’Δπαντες
1646 3044 1695 3096 οἰ
1763 3044 2058 3099 ἐπίσκοποι
2109 3044 2340 3117 εἴρηκαν
2369 3062 2385 3077 ο
2447 3044 2557 3098 Καὶ
2628 3043 2835 3113 ταύτην
2894 3042 2992 3115 τὴν
3070 3040 3297 3111 γνώμην
3339 3039 3548 3112 σφόδρα

258 3124 389 3185 εἶναι
412 3131 884 3204 πρεπωδεστάτην
906 3133 1225 3205 όριζόμεθα.

417 3227 699 3283 Συνόδου
730 3230 1151 3300 οίκουμενικῆς
1177 3229 1360 3298 ἕκτης
1390 3232 1592 3286 κανὼν
1621 3239 1696 3289 π’.

329 3326 401 3375 π’.
433 3322 501 3375 Εἰ
556 3339 641 3384 τις
667 3321 988 3385 ἐπίσκοπος,
1020 3322 1054 3393 ἢ
1091 3323 1487 3394 πρεσϐύτερος,
1518 3324 1552 3397 ἢ
1591 3325 1859 3393 διάκονος,

263 3412 424 3485 ἢτῶν
459 3418 521 3469 ἐν
554 3416 745 3488 κλήρῳ
813 3417 1296 3487 καταλεγομένων,
1343 3417 1379 3489 ἢ
1428 3416 1638 3484 λαῖκὸς,
1675 3421 1725 3474 εἰ
1756 3436 1862 3493 μη·

262 3507 448 3577 δεμίαν
486 3509 742 3579 ἀνάγκην
770 3508 1076 3580 βαρυτέραν
1123 3510 1259 3580 ἔχει,
1294 3510 1327 3582 ἦ
1379 3512 1616 3582 πρᾶγμα
1658 3512 1860 3585 δυσχεο

266 3600 374 3669 ρὲς,
429 3600 578 3654 ὥστε
644 3602 737 3654 ἐπί
795 3602 1049 3656 πλεῖστον
1097 3602 1493 3657 ἀπολείπεσθαι
1539 3604 1638 3675 τῆς
1692 3606 1861 3660 αὐτοῦ

278 3691 628 3764 Ἐκκλησίας,
678 3694 795 3747 ἀλλ’
831 3696 890 3748 ἐν
947 3695 1104 3749 πόλει
1137 3695 1343 3765 διάγων
1376 3698 1527 3769 τρεῖς
1572 3697 1863 3769 Κυριακὰς

265 3786 492 3856 ἡμέρας,
526 3789 588 3840 ἐν
611 3787 790 3858 τρισὶν
814 3787 1102 3859 ἑϐδομάσι,
1159 3787 1235 3861 μὴ
1284 3790 1627 3860 συνέρχοιτο,
1670 3791 1719 3843 εί
1763 3791 1862 3862 μὲν

267 3879 518 3950 κληρικὸς
554 3882 662 3951 εἴη,
690 3880 1081 3955 καθαιρείσθωο
1108 3883 1155 3936 εἰ
1175 3884 1232 3938 δὲ
1259 3883 1469 3949 λαῖκὸς,
1492 3884 1862 3938 ἀποκινείσθω

268 3974 361 4043 τῆς
389 3974 700 4037 κοινωνίας.

332 4066 587 4119 ΚΕΦΑΛ.
633 4064 731 4121 IB'.
764 4097 834 4109 ——
862 4066 1002 4136 Περὶ
1024 4065 1146 4122 τῶν
1182 4066 1534 4122 ἀκουόντων
1564 4064 1683 4122 τῶν
1706 4069 1861 4135 Γραο

268 4155 414 4224 φῶν,
445 4157 551 4212 καὶ
586 4158 1203 4228 προσκαρτερούντων
1238 4158 1315 4230 τῇ
1343 4160 1661 4228 τελευταίᾳ
1684 4157 1861 4229 εὐχῇ,

269 4249 363 4304 καί
377 4253 987 4321 μεταλαμϐανόντων.

680 4344 1069 4398 Ἀποστόλων
1101 4342 1304 4398 κανὼν
1325 4328 1397 4416 η’,
1423 4343 1489 4400 θ’.

334 4435 404 4508 η’.
434 4438 503 4492 Εἴ
522 4455 606 4501 τις
629 4438 949 4500 ἐπίσκοπος,
976 4437 1010 4509 ἢ
1050 4435 1445 4509 πρεσϐύτερος,
1474 4436 1507 4509 ἦ
1540 4434 1861 4508 διάκονος,ἢ

271 4526 332 4580 ἐκ
354 4527 450 4581 τοῦ
500 4528 814 4597 καταλόγου
868 4527 965 4582 τοῦ
1017 4528 1316 4601 ἱερατικοῦ,
1366 4531 1686 4600 προσφορᾶς
1712 4545 1864 4598 γενο⁸

276 4618 438 4691 μένης
490 4619 570 4692 μὴ
626 4619 949 4691 μεταλάϐοι,
1005 4619 1106 4693 τὴν
1138 4621 1320 4676 αἰτίαν
1355 4621 1567 4675 εἰπάτω
1598 4637 1613 4652 °
1645 4622 1740 4675 καὶ
1769 4621 1863 4676 ἐὰν

271 4707 303 4785 ᾖ
331 4712 576 4784 εὔλογος,
608 4713 946 4785 συγγνώμης
972 4714 1293 4785 τυγχανέτω
1321 4730 1335 4745 ·
1388 4715 1438 4768 εἰ
1474 4714 1531 4768 δὲ
1587 4714 1663 4786 μὴ
1691 4715 1861 4785 λέγει,

274 4799 635 4871 ἁφοριζέσθω,
668 4802 743 4866 ὡς
802 4804 976 4867 αἴτιος
1034 4802 1245 4874 βλάϐης
1291 4804 1587 4875 γενόμενος
1614 4803 1692 4874 τῷ
1724 4804 1861 4876 λαῷ,

275 4893 364 4946 καὶ
404 4895 666 4950 ὑπόνοιαν
702 4898 1011 4968 ἐμποιήσας
1045 4896 1188 4950 κατὰ
1239 4897 1334 4952 τοῦ
1373 4897 1861 4968 προσενεγκόντος,

275 4983 346 5049 ὡς
373 4986 445 5059 μὴ
480 4988 653 5057 ὑγιῶς
681 4988 1098 5056 ἁνενὲγκαντος.

343 5077 406 5132 θ’.
431 5080 648 5144 Πάντας
667 5080 796 5143 τοὺς
824 5079 1096 5144 εἰσιόντας
1129 5080 1357 5144 πιστοὺς
1377 5079 1472 5135 καὶ
1499 5079 1609 5133 τῶν
1630 5080 1865 5154 Γραφῶν

277 5172 594 5239 ἀκούοντας,
624 5173 700 5245 μὴ
719 5174 1142 5245 παραμένοντας
1173 5173 1230 5225 δὲ
1255 5176 1322 5245 τῇ
1350 5176 1627 5245 προσευχῇ
1654 5174 1752 5228 καὶ
1799 5176 1865 5247 τῇ

281 5264 407 5338 ἁγίᾳ
454 5267 779 5338 μεταλήψει,
825 5267 901 5331 ὡς
962 5266 1193 5334 ἀταξίαν
1236 5266 1603 5330 ἐμποιοῦντας
1627 5269 1693 5338 τῇ
1739 5267 1869 5322 Ἐκ-

282 5358 496 5431 κλησίᾳ,
527 5358 885 5430 ἀφορίζεσθαι
912 5361 1042 5430 χρή.

578 5451 851 5506 Συνόδου
901 5450 1258 5521 Ἀντιοχείας
1285 5448 1487 5504 κανὼν
1520 5449 1585 5520 β’.

352 5542 420 5613 β’.
450 5544 667 5609 Πάντας
708 5545 834 5609 τοὺς
867 5544 1135 5608 εἰσιόντας
1188 5546 1268 5608 είς
1311 5542 1412 5613 τὴν
1450 5541 1747 5614 ἐκκλησίαν
1775 5542 1869 5597 τοῦ

287 5632 440 5703 Θεοῦ,
504 5640 598 5691 καὶ
644 5637 756 5692 τῶν
813 5637 975 5710 ἱερῶν
1009 5635 1243 5709 Γραφῶν
1273 5633 1595 5701 ἀκούοντας,
1647 5635 1722 5708 μὴ
1756 5653 1870 5690 κοι-

363 5816 407 5848 ⁵⁷
441 5816 517 5869 De
550 5833 772 5874 conscc.
800 5818 926 5874 dist.
971 5819 1024 5884 l,
1051 5833 1171 5886 cap.
1210 5816 1399 5871 Omnes
1428 5814 1633 5883 ﬁdeles.

2236 3228 2466 3286 Concilii
2515 3228 2821 3283 azcumenici
2866 3242 2919 3282 vr
2966 3242 3138 3281 canon
3186 3224 3276 3279 80.

2036 3323 2127 3381 80.
2164 3321 2222 3378 Si
2279 3323 2403 3394 quis
2439 3321 2769 3391 cpiscopus,
2820 3318 2906 3373 vel
2956 3318 3259 3389 presbyter,
3311 3315 3396 3371 vel
3430 3314 3553 3371 dia-

1964 3430 2161 3483 conus,
2208 3416 2294 3470 vel
2324 3430 2517 3470 eorum
2566 3414 2660 3483 qui
2707 3412 2762 3466 in
2799 3411 2949 3467 clero
2999 3419 3416 3473 enumerantur,
3465 3406 3554 3461 vel

1965 3510 2141 3564 laicus
2168 3508 2374 3562 nullam
2422 3506 2732 3577 graviorem
2790 3503 2955 3558 habet
3004 3502 3413 3566 necessitatem,
3468 3502 3554 3555 vel

1963 3599 2242 3670 negotium
2276 3597 2513 3661 diﬁicile,
2552 3605 2611 3652 ut
2645 3611 2677 3651 a
2728 3610 2827 3650 sna
2878 3593 3111 3649 ecclesia
3166 3591 3313 3647 absit
3347 3591 3553 3646 diutis-

1965 3692 2149 3747 sime:
2189 3690 2284 3746 sed
2330 3690 2384 3743 in
2418 3690 2642 3745 civitate
2687 3703 2877 3759 agens,
2918 3687 3097 3742 tribus
3126 3685 3320 3741 diebus
3368 3684 3556 3738 Domi—

1966 3785 2105 3841 nicis
2137 3784 2191 3838 in
2227 3783 2404 3838 tribus
2454 3781 2778 3853 septimanis
2824 3796 2932 3835 una
2983 3795 3096 3834 non
3149 3778 3461 3844 conveniat,
3508 3777 3558 3833 si

1967 3875 2038 3931 sit
2062 3873 2283 3945 quidem
2331 3873 2590 3939 clericus,
2622 3875 2931 3942 deponatur
2957 3888 2971 3926 :
3000 3870 3048 3925 si
3078 3884 3210 3925 vero
3240 3869 3437 3936 laicus,
3466 3883 3565 3923 se-

1968 3976 2245 4039 gregetur.

2035 4060 2190 4116 CAP.
2228 4058 2345 4113 XII.
2394 4088 2465 4099 —
2506 4058 2583 4113 De
2638 4059 2707 4111 iis
2759 4060 2851 4129 qui
2907 4058 3095 4113 audita
3154 4056 3567 4127 Scripturarum

1968 4154 2208 4219 lectione,
2240 4167 2403 4221 usque
2447 4150 2516 4203 ad
2550 4160 2813 4205 extremas
2856 4168 3033 4222 preces
3061 4167 3166 4205 non
3211 4156 3563 4220 permanent,

1964 4258 2129 4314 neque
2179 4242 2596 4296 communicant.

2348 4333 2728 4403 Apostolorum
2761 4351 2985 4388 canones
3020 4335 3075 4400 8,
3117 4334 3175 4388 9.

2038 4425 2094 4483 8.
2129 4425 2187 4481 Si
2214 4426 2340 4498 quis
2363 4426 2678 4495 episcopus,
2707 4427 3010 4498 presbyter,
3039 4427 3121 4481 vel
3149 4426 3437 4492 diaconus,
3468 4424 3565 4480 vel

1966 4534 2033 4575 ex
2064 4518 2393 4575 sacerdotali
2425 4518 2697 4589 catalogo,
2732 4516 2890 4589 145
2937 4517 3083 4572 facta
3127 4516 3405 4571 oblatione
3445 4532 3558 4571 non

1897 4601 1940 4656 D
1974 4610 2470 4666 communicaverit
2496 4651 2512 4677 ,
2575 4626 2798 4666 causam
2853 4612 3001 4666 dicat
3038 4625 3053 4664 :
3085 4619 3138 4665 et
3169 4610 3214 4664 si
3262 4609 3573 4679 probabilis

1974 4702 2160 4769 fuerit,
2194 4702 2412 4757 veniam
2446 4711 2823 4773 consequatur
2867 4720 2880 4756 :
2920 4700 3006 4754 sin
3038 4715 3168 4755 vero
3203 4699 3411 4765 minus,
3468 4714 3562 4753 se-

1972 4806 2246 4868 gregetur,
2307 4806 2367 4852 ut
2421 4797 2513 4867 qui
2568 4797 2769 4867 populo
2804 4794 3131 4850 oﬁensionis
3159 4809 3328 4849 causa
3360 4793 3470 4859 sit,
3508 4803 3566 4850 et

1972 4892 2340 4962 suspicionem
2369 4892 2580 4947 dederit
2608 4890 2877 4946 adversus
2900 4904 3027 4944 eum
3057 4890 3151 4961 qui
3185 4887 3406 4953 obtulit,
3440 4897 3567 4941 tan-

1970 5000 2134 5055 quam
2170 4999 2278 5039 non
2301 4984 2463 5055 digne
2495 4982 2777 5037 obtulerit.

2041 5076 2093 5131 9.
2127 5074 2454 5142 Quicunque
2471 5072 2656 5129 ﬁdeles
2673 5073 3053 5143 ingrediuntur
3074 5072 3141 5141 ³⁸⁷,
3161 5081 3218 5129 et
3248 5071 3577 5143 Scripturas

1971 5168 2225 5235 audiunt,
2262 5168 2315 5221 in
2338 5168 2655 5237 precatione
2692 5176 2876 5221 autem
2903 5176 2957 5221 et
2978 5182 3136 5222 sacra
3169 5166 3567 5221 communione

1973 5279 2084 5319 non
2110 5271 2450 5332 permanent,
2471 5267 2530 5315 ut
2547 5259 2810 5317 Ecclesia:
2836 5259 3224 5316 confusionem
3248 5259 3568 5325 aﬁerentes,

1978 5355 2254 5427 segregari
2286 5362 2519 5424 oportet.

2332 5443 2561 5500 Concilii
2594 5445 2911 5501 Antiocheni
2932 5460 3102 5499 canon
3135 5442 3192 5496 2.

2050 5536 2105 5592 2.
2139 5536 2344 5593 Omnes
2377 5538 2471 5609 qui
2508 5538 2562 5593 in
2604 5539 2894 5595 ecclesiam
2946 5535 3348 5609 ingrediuntur,
3380 5542 3436 5587 et
3466 5547 3567 5587 sa-

1978 5645 2104 5688 cras
2140 5628 2454 5702 Scripturas
2509 5630 2764 5699 audiunt,
2808 5628 3043 5687 orationi
3086 5635 3270 5683 autem
3304 5636 3431 5680 cum
3466 5637 3571 5693 po-
