4122 6490
577 359 684 423 δῖὶΊ

1732 354 1993 419 ΡΗΟΤΗ
2032 356 2535 419 ΡΑΤΒΙΑΙὶΟΗΑΞ
2569 359 2676 421 CP.

3740 357 3851 421 6'38

579 476 711 541 pulo
745 488 853 529 non
904 474 1335 539 communicant,
1384 472 1467 528 vel
1501 483 1745 527 sanctam
1782 472 2148 529 Euebaristia

2257 475 2557 540 νωνοῦντας
2600 477 2657 530 δέ
2695 475 2858 547 εὐχῆς
2892 475 3008 547 ἅμα
3056 475 3133 548 τῷ
3172 475 3307 546 λαῷ,
3354 475 3389 547 ἢ
3418 475 3855 545 ἀποστρεφομέο

579 566 1054 637 participationem
1085 577 1306 637 propter
1346 565 1581 636 aliquam
1614 565 1959 619 insolentiam
1993 580 2152 619 aver-

578 668 790 725 santur,
842 676 938 717 eos
983 661 1053 716 ab
1100 660 1329 715 ecclesia
1377 659 1595 729 expelli,
1634 659 1811 713 donec
1860 667 2152 727 postquam

577 751 821 807 confessi
877 753 1098 818 fuerint,
1154 751 1472 820 fructusque
1519 751 1853 821 paenitentiae
1896 750 2153 806 ostende-

579 850 792 909 rint,et
817 844 1245 914 imploraverint,
1273 842 1488 897 veniam
1522 843 1737 912 assequi
1772 842 2003 913 possint.
2034 840 2151 896 Non

581 934 749 988 licere
799 945 981 989 autem
1028 934 1438 987 communicare
1488 948 1613 986 cum
1644 933 2154 1000 excommunicatis,

581 1041 757 1096 neque
808 1027 860 1079 in
908 1024 1163 1080 domibus
1194 1024 1584 1079 convenientes
1624 1038 1783 1078 orare
1813 1039 1913 1094 pro
1941 1024 2008 1079 iis
2057 1025 2152 1096 qui

578 1118 633 1174 in
674 1119 904 1173 ecclesia
962 1134 1069 1172 non
1109 1117 1560 1172 communicant:
1602 1130 1782 1186 neque
1820 1117 1876 1171 in
1922 1117 2027 1171 alia
2060 1132 2153 1171 ec-

574 1212 741 1267 clesia
766 1227 876 1264 non
914 1210 1279 1265 conveniunt.
1308 1209 1365 1263 Si
1395 1224 1557 1276 quem
1589 1216 1770 1264 autem
1790 1222 1857 1263 ex
1879 1208 2153 1278 episcOpis

576 1303 656 1357 vel
704 1303 1054 1373 presbyteris,
1106 1302 1193 1356 vel
1224 1302 1496 1364 diaconis,
1542 1302 1626 1355 vel
1659 1301 1910 1371 quemvis
1958 1317 2024 1355 ex
2054 1316 2149 1355 ca-

572 1409 716 1449 none
762 1392 1281 1460 ex'communicatis,
1338 1394 1748 1448 communicare
1813 1393 2148 1463 apparuerit,

569 1500 695 1541 eum
731 1501 946 1555 quoque
990 1500 1112 1540 esse
1152 1485 1716 1549 excommttnicatum,
1753 1493 1811 1547 ut
1836 1484 1931 1554 qui
1982 1500 2151 1540 eano-

570 1592 695 1632 nem
722 1577 984 1632 Ecclesiae
1016 1576 1339 1632 confundat.

638 1751 770 1807 CAP.
827 1751 965 1807 Xlll.
1021 1781 1093 1793 —
1142 1750 1332 1808 Utrum
1373 1754 1688 1809 daemoniaci
1736 1756 2146 1822 communicent,

566 1860 747 1900 necne.

948 1934 1321 2003 Apostolorum
1348 1951 1515 1989 canon
1551 1934 1619 1988 79
1651 1934 1788 2009 [78].

643 2024 712 2081 79
734 2022 866 2096 [78].
889 2024 943 2077 Si
964 2027 1086 2095 quis
1101 2027 1397 2081 daemonem
1423 2027 1637 2092 habeat,
1662 2036 1792 2095 etc.,
1814 2036 1870 2080 ut
1891 2027 2145 2099 pag.505.

783 2114 941 2185 146
978 2115 1235 2170 Timothei
1290 2116 1646 2171 Alexandrini
1681 2134 1851 2173 canon
1879 2119 1935 2173 3.

640 2203 1018 2277 Interrogatio.
1047 2210 1099 2263 5.
1129 2207 1185 2263 Si
1213 2209 1358 2278 quis,
1380 2225 1504 2264 cum
1529 2211 1601 2265 sit
1623 2211 1818 2277 lidelis,
1851 2227 1883 2267 a
1902 2212 2149 2267 daamone

569 2297 910 2366 corripiatur,
948 2298 1178 2355 debetne
1229 2314 1353 2356 esse
1394 2309 1714 2357 sanctorum
1757 2304 2147 2373 mysteriorum

568 2390 861 2460 particeps,
899 2406 968 2445 an
1000 2406 1105 2444 non
1124 2391 1148 2444 ’ί

637 2480 944 2551 Responsio.
990 2481 1046 2537 Si
1076 2484 1396 2553 mysterium
1444 2498 1552 2537 non
1586 2484 1854 2550 enuntiet,
1902 2500 2001 2540 nec
2033 2485 2144 2540 ullo

565 2570 675 2625 alio
707 2572 867 2625 modo
898 2572 1255 2641 blaspltetnet,
1313 2573 1385 2627 sit
1409 2573 1680 2642 particeps
1714 2592 1727 2628 :
1755 2574 1846 2629 sed
1882 2590 1991 2629 non
2027 2576 2149 2629 sin-

564 2664 707 2733 gulis
737 2664 952 2720 diebus.
986 2662 1197 2719 Sullicit
1227 2666 1397 2732 enim,
1448 2666 1495 2721 si
1529 2666 1687 2721 statis
1715 2669 1895 2721 solum
1940 2675 2145 2736 tempo-

564 2755 739 2808 ribus.

633 2845 786 2900 CAP.
826 2845 967 2902 XIV.
1000 2877 1070 2887 —
1099 2847 1177 2902 De
1198 2848 1266 2903 iis
1294 2849 1385 2919 qui
1419 2858 1573 2904 extra
1609 2850 1887 2906 ecclesiam
1916 2850 2145 2920 o/ferunt

561 2939 641 2993 vel
671 2948 1078 3009 congregantur.

1020 3031 1399 3099 Apostolorum
1429 3048 1598 3086 canon
1636 3032 1696 3085 5|
1712 3071 1727 3085 .

2254 584 2378 630 νους
2422 567 2520 639 τὴν
2557 567 2719 636 ἁγίαν
2773 566 3077 637 μετάληψιν
3138 568 3237 638 τῆς
3283 566 3669 637 Εὐχαριστίας
3713 567 3855 620 κατά

2252 675 2375 711 τινα
2426 658 2672 723 ἀταξίαν,
2700 658 2923 723 τούτους
2967 658 3306 730 ἁποϐλήτους
3330 656 3598 727 γίνεσθαι
3632 656 3751 725 τῆς⁹
3766 658 3855 709 ἐκ-

2254 751 2503 821 κλησίας,
2542 751 2648 815 ἕως
2701 752 2768 804 ἂν
2822 750 3371 821 ἐξομολογησάμενοι,
3420 750 3523 805 καὶ
3574 748 3853 815 δείξαντες

2253 842 2500 914 καρποὺς
2557 841 2866 912 μετανοίας,
2929 843 3025 897 καὶ
3083 842 3605 911 παρακαλέσαντες,
3664 840 3852 909 τυχεῖν

2252 934 2523 1005 δυνηθῶσι
2545 932 2878 1004 συγγνώμης
2907 950 2924 967 ο
2978 933 3054 1005 μὴ
3102 932 3301 1000 ἐξεῖναι
3327 933 3383 987 δὲ
3404 933 3704 986 κοινωνεῖν
3736 932 3853 995 τοῖς

2252 1026 2657 1095 ἁκοινωνήτοις,
2722 1025 2857 1095 μηδὲ
2908 1024 3033 1079 κατ’
3088 1024 3276 1088 οἴκους
3311 1022 3683 1085 συνελθόντας
3720 1037 3850 1073 συν-

2251 1115 2507 1187 εύχεσθαι
2541 1118 2657 1179 τοῖς
2687 1114 2763 1186 μὴ
2786 1117 2853 1187 τῇ
2888 1114 3154 1187 ἐκκλησίᾳ
3196 1114 3627 1185 συνευχομένοις
3657 1127 3675 1144 ο
3713 1110 3848 1182 μηδὲ

2252 1209 2310 1261 ἐν
2342 1208 2503 1278 ἑτέρα
2528 1206 2793 1278 ἐκκλησία
2820 1205 3179 1276 ὑποδέχεσθαι
3205 1207 3332 1268 τοὺς
3357 1206 3415 1257 ἐν
3448 1203 3627 1274 ἑτέρᾳ
3648 1202 3849 1271 ἐκκλη-

2255 1300 2347 1371 σία
2380 1299 2455 1370 μὴ
2482 1297 2904 1369 συναγομένους.
2939 1298 3002 1350 Εἰ
3039 1298 3097 1351 δὲ
3127 1298 3323 1367 φανείη
3355 1313 3441 1359 τις
3471 1294 3591 1349 τῶν
3618 1293 3847 1347 ἐπισκό-

2253 1411 2371 1447 πων
2406 1392 2441 1462 ἢ
2466 1389 2853 1462 πρεσϐυτέρων
2883 1388 2916 1460 ἢ
2946 1388 3229 1456 διακόνων,
3261 1390 3296 1460 ἣ
3329 1404 3415 1450 τις
3446 1386 3548 1440 τοῦ
3604 1384 3845 1446 κανόνος

2249 1486 2362 1547 τοῖς
2395 1483 2781 1551 ἀκοινωνήτοις
2813 1480 3112 1545 κοινωνῶν,
3170 1482 3266 1535 καὶ
3302 1479 3503 1533 τοῦτον
3534 1476 3845 1546 ἀκοινώνη-

2247 1588 2339 1624 τον
2365 1566 2527 1634 εἶναι,
2556 1568 2633 1632 ώς
2663 1565 2729 1621 ἂν
2754 1567 3054 1639 συγχέοντα
3084 1567 3179 1622 τὸν
3211 1568 3415 1622 κανόνα
3454 1570 3563 1639 τῆς
3606 1565 3843 1633 Ἐκκλη-

2248 1679 2389 1727 σιας.

2319 1759 2569 1813 ΚΕΦΑΛ.
2593 1758 2695 1815 ll".
2725 1788 2795 1802 —
2824 1755 2966 1827 Περὶ
3009 1751 3535 1824 δαιμονιζομένων,
3563 1746 3696 1815 πῶς
3721 1763 3846 1801 κοι-

2140 1900 2143 1903 .
2179 1853 2223 1881 ⁸³
2250 1853 2553 1909 νωνοῦσιν
2580 1853 2620 1922 ἢ
2649 1853 2745 1907 οὔ.

2670 1942 3062 1997 Ἀποστόλων
3089 1936 3291 1992 κανὼν
3312 1934 3410 1990 οθ’.

2319 2034 2416 2091 οθ’.
2461 2036 2585 2090 Ἐάν
2614 2051 2700 2098 τις
2734 2033 2962 2103 δαίμονα
2990 2030 3110 2100 ἔχῃ,
3137 2046 3191 2082 κ.
3226 2045 3277 2081 τ.
3308 2028 3356 2081 λ.

2484 2127 2760 2196 Τιμοθέου
2802 2120 3254 2189 Ἀλεξανδρείας
3300 2115 3507 2171 κανὼν
3533 2116 3612 2184 γ’.

2314 2220 2651 2290 Ἐρώτησις.
2683 2217 2771 2288 γ’.’
2793 2217 2919 2271 Ἐάν
2981 2231 3067 2278 τις
3103 2212 3291 2275 πιστὸς
3322 2210 3397 2265 ὣν
3428 2207 3843 2280 δαιμονίζηται,

2250 2315 2300 2369 εί
2316 2314 2527 2385 ὀφείλει
2561 2309 2997 2385 μεταλαμϐάνειν
3028 2306 3139 2360 τῶν
3158 2304 3328 2374 ἁγίων
3350 2299 3726 2375 μυστηρίωνῆ
3746 2298 3839 2366 ob;

2343 2494 2713 2561 Ἀπόκρισις.
2763 2489 2890 2543 Ἐὰν
2922 2486 2996 2559 μὴ
3045 2482 3346 2556 ἐξαγορεύῃ
3396 2480 3461 2534 τὸ
3520 2478 3840 2550 μυστήριον,

2256 2588 2397 2659 μήτε
2425 2586 2600 2647 ἄλλως
2632 2582 2751 2646 πῶς
2807 2581 3124 2652 βλασφημῇ,
3191 2572 3669 2647 μεταλαμϐανέτω
3694 2585 3709 2601 ο
3766 2569 3840 2639 μὴ

2252 2680 2437 2752 μέντοι
2466 2675 2813 2746 καθεκάστην
2846 2688 2861 2728 3
2902 2673 3064 2745 ἀρκεῖ
3109 2669 3217 2741 γὰρ
3267 2665 3414 2738 αὑτῷ
3446 2663 3599 2720 κατὰ
3631 2663 3837 2732 Κυρια-

2251 2772 2352 2840 κὴν
2386 2770 2568 2840 μόνον.

2322 2859 2572 2917 ΚΕΦΑΛ.
2620 2858 2717 2910 1Δ’.
2775 2885 2847 2897 ο-
2900 2850 3041 2921 napi
3086 2849 3208 2904 τῶν
3235 2849 3462 2914 ἔξωθεν
3508 2842 3839 2915 ἐκκλησίας

2251 2950 2733 3021 προσφερόντων,
2755 2948 2794 3016 ἣ
2815 2947 2925 3001 ἐκκ
2938 2942 3355 3012 λησιαζόντων.

2688 3039 3061 3095 Ἀποστόλων
3084 3032 3284 3088 κανὼν
3314 3032 3417 3087 λα’.

632 3120 721 3174 51.
750 3120 809 3173 Si
833 3120 957 3190 quis
980 3122 1257 3192 presbyter
1274 3131 1610 3192 contempto,
1636 3134 1766 3187 etc.,
1786 3132 1843 3175 ut
1866 3138 1991 3193 pag.
2019 3121 2144 3177 583.

2318 3132 2419 3189 λα’.
2446 3133 2515 3187 Et
2539 3149 2623 3196 τις
2654 3129 3026 3202 πρεσϐύτερος
3056 3124 3505 3194 καταφρονήσας,
3538 3137 3597 3177 κ.
3632 3137 3685 3174 τ.
3716 3118 3765 3174 λ.

920 3212 1147 3268 Concilii
1186 3212 1501 3282 Gangrcnsis
1534 3230 1702 3268 canon
1740 3213 1793 3268 6.

633 3298 686 3355 6.
724 3300 779 3355 Si
816 3303 942 3372 quis
974 3314 1172 3372 praeter
1198 3303 1497 3359 Ecclesiam
1539 3307 1762 3373 habere,
1799 3314 1853 3361 et
1898 3313 2159 3361 contem-4

565 3407 704 3448 nens
732 3391 1054 3459 Eeclesiam,
1086 3395 1201 3450 vult
1241 3411 1303 3450 ea
1334 3411 1456 3463 quae
1507 3406 1636 3452 sunt
1666 3395 1925 3452 Ecclesia:
1965 3413 2146 3467 agere,

565 3498 675 3538 non
704 3487 1061 3540 conveniente
1104 3486 1418 3557 presbytero
1473 3487 1540 3543 de
1580 3489 1821 3560 episcopi
1856 3490 2149 3555 sententia,

564 3577 639 3631 sit
684 3578 994 3632 anathema.

838 3667 1068 3721 Concilii
1100 3667 1416 3722 Antioclteni
1443 3684 1674 3723 canones
1704 3670 1739 3722 2
1761 3707 1777 3732 ,
1817 3671 1872 3724 5.

634 3759 690 3821 2.
731 3756 934 3812 Omnes
979 3759 1072 3827 qui
1119 3760 1173 3813 in
1222 3758 1509 3813 ecclesiam
1554 3758 1977 3828 ingrediuntur,
2020 3771 2149 3826 etc.,

567 3856 624 3900 ut
652 3863 811 3916 supra
840 3865 961 3918 pag.
993 3849 1120 3903 616.

617 3941 669 3994 5.
717 3940 870 4012 147
908 3940 964 3995 Si
1009 3942 1135 4010 quis
1180 3940 1466 4012 presbyter
1498 3940 1583 3995 vel
1629 3939 1903 3995 diaconus
1930 3941 2152 4010 proprio

566 4041 880 4101 contempto
923 4032 1215 4102 episcopo,
1267 4032 1335 4087 ab
1384 4032 1661 4098 Ecclesia,
1695 4041 1827 4098 etc.,
1886 4041 1942 4085 ut
1978 4049 2145 4103 supra

566 4138 690 4193 pag.
733 4121 857 4176 585.

933 4212 1161 4268 Concilii
1188 4214 1471 4269 Laodiceni
1499 4232 1669 4269 canon
1703 4215 1792 4269 58.

637 4304 729 4360 58.
766 4302 921 4371 Quod
953 4319 1063 4357 non
1086 4312 1302 4373 oportet
1331 4305 1383 4359 in
1412 4307 1670 4363 domibus
1701 4309 1815 4363 ﬁeri
1847 4306 2152 4363 oblationes

566 4394 637 4448 ab
665 4394 942 4463 episcOpis
971 4394 1053 4447 vel
1088 4395 1440 4471 presbyteris.

770 4483 993 4538 Concilii
1024 4478 1328 4538 wcuinenici
1359 4502 1409 4539 v1
1443 4504 1666 4542 canones
1694 4489 1753 4542 5|
1787 4529 1801 4553 ,
1843 4489 1933 4544 59.

637 4577 727 4631 5|.
761 4576 1004 4633 Clericos
1032 4579 1196 4647 quiin
1219 4579 1495 4641 oratoriis,
1520 4590 1649 4644 etc.,
1681 4590 1736 4633 ut
1758 4597 1918 4649 supra
1941 4597 1992 4649 ρ.
2018 4580 2143 4635 585.

640 4664 730 4718 59.
765 4664 825 4717 In
857 4667 969 4719 aede
999 4666 1258 4730 oratoria,
1292 4682 1415 4734 quae
1457 4675 1538 4721 est
1579 4667 1721 4720 intra
1762 4666 2010 4731 domum,
2049 4668 2146 4721 ba-

569 4755 807 4826 ptismus
838 4773 1183 4826 nequaquam
1210 4769 1500 4828 peragatur
1544 4777 1557 4812 :
1602 4762 1696 4814 sed
1738 4761 1830 4827 qui
1874 4760 2149 4813 illumina-

533 4849 719 4900 ~tione
764 4847 832 4901 ab
885 4849 1139 4902 omnibus
1200 4849 1455 4903 sordibus
1498 4850 1672 4903 aliena
1716 4851 1862 4922 digni
1914 4850 2143 4905 habendi

570 4948 718 4999 sunt,
746 4939 811 4992 ad
845 4941 1148 4994 catholicas
1177 4941 1437 4996 ecclesias
1473 4942 1754 5011 accedant,
1801 4953 1856 4997 et
1890 4944 1996 4998 hoc
2039 4943 2149 4997 illic

571 5043 798 5083 munere
827 5029 1198 5098 perfruantur.
1240 5030 1297 5084 Si
1328 5032 1454 5100 quis
1496 5042 1677 5088 autem
1732 5050 1853 5104 qua:
1904 5050 1933 5088 a
1988 5034 2147 5088 nobis

570 5120 867 5173 Constituta
897 5128 1046 5183 sunt,
1086 5136 1192 5174 non
1238 5136 1457 5176 servare
1481 5124 1763 5179 convictus
1794 5123 1979 5189 fuerit,
2004 5124 2050 5180 si
2077 5123 2147 5178 sit

573 5210 795 5278 quidem
828 5210 1083 5274 clericus,
1114 5210 1421 5281 deponatur
1452 5228 1467 5267 :
1498 5212 1543 5267 si
1587 5224 1767 5269 autem
1804 5214 2000 5281 laicus,
2059 5221 2154 5269 se-‘

570 5309 847 5371 gregetur.
2138 5315 2143 5320 ‘

651 5394 870 5448 Textus.
912 5393 1104 5449 Const.
1144 5394 1195 5460 7,
1235 5395 1317 5449 tit.
1349 5395 1404 5450 2.
1439 5397 1785 5454 Novellarum
1812 5408 1865 5454 et
1890 5402 1943 5465 '5,
1973 5401 2055 5455 tit.
2089 5401 2143 5465 ἓ,

574 5485 747 5549 aiunt,
788 5485 931 5554 quod
954 5500 1077 5538 cum
1110 5486 1203 5555 qui
1229 5489 1527 5542 oratorium
1562 5500 1657 5545 aut
1694 5492 1982 5546 ecclesiam
2011 5491 2144 5545 sedi-

578 5579 741 5632 licare
775 5578 920 5642 velit,
953 5592 1016 5631 ea
1050 5578 1117 5633 de
1148 5594 1206 5632 re
1243 5594 1368 5633 cum
1404 5580 1639 5637 civitatis
1682 5583 1941 5653 episcOpo
1983 5583 2145 5637 verba

581 5669 760 5723 lacere
788 5676 1058 5737 oporteat,
1089 5679 1142 5724 et
1169 5670 1499 5727 sullicientes
1524 5671 1821 5747 [sumptus]
1856 5673 1923 5730 ad
1957 5676 2146 5731 incen-

576 5759 752 5815 denda
785 5761 1099 5830 luminaria,
1133 5763 1198 5819 ad
1238 5779 1455 5821 sacrum
1498 5767 1879 5832 ministerium,
1926 5769 1991 5823 ad
2026 5783 2145 5823 sar-

2582 3221 2850 3278 Συνόδου
2883 3216 3173 3287 Γαγτρῶν
3194 3213 3393 3268 κανὼν
3428 3219 3511 3277 ς’.

2325 3312 2400 3380 ς’.
2431 3314 2497 3368 EE
2522 3330 2606 3376 τις
2639 3310 2788 3381 παρὰ
2815 3308 2912 3379 τὴν
2950 3303 3279 3375 Ἐκκλησίαν
3323 3302 3427 3372 ἰδίᾳ
3464 3298 3833 3370 ἐκκλησιάζοι,

2251 3407 2345 3459 καὶ
2374 3401 2732 3474 καταφρονῶν
2760 3399 2857 3470 τῆς
2879 3391 3349 3464 Ἐκκλησίας,ξτῶν
3366 3390 3474 3460 τῆς
3514 3386 3831 3457 Ἐκκλησίας

2238 3496 2428 3567 ,ἐθέλοι
2454 3512 2509 3548 τι
2543 3493 2825 3565 πράττειν,
2878 3489 2951 3561 μὴ
2985 3487 3236 3550 συνόντος
3273 3481 3657 3555 πρεσϐυτέρου
3698 3477 3830 3532 κατὰ

2252 3585 2477 3657 γνώμην
2501 3583 2596 3638 τοῦ
2638 3581 2966 3646 ἐπισκόπου,
3007 3579 3255 3649 ἀνάθεμα
3281 3576 3441 3628 ἔστω.

2517 3674 2787 3730 Συνόδου
2820 3672 3173 3740 Ἀντιοχείας
3211 3667 3412 3723 κανὼν
3434 3665 3507 3736 β’,
3532 3671 3591 3719 ε’.

2320 3767 2386 3826 θ’.
2415 3767 2628 3832 Πάντας
2644 3768 2769 3831 τοὺς
2788 3764 3052 3826 εἰσιόντας
3075 3764 3155 3827 είς
3176 3762 3274 3832 τὴν
3293 3758 3615 3830 ἐκκλησίαν,
3638 3772 3691 3808 κ.
3714 3770 3763 3806 τ.
3782 3750 3827 3802 λ.

2327 3947 2387 4002 ε’.
2420 3947 2486 4001 El
2512 3961 2596 4009 τις
2625 3941 3015 4013 πρεσϐύτερος,
3045 3939 3079 4011 ἢ
3112 3939 3377 3999 διάκονος,
3409 3928 3826 4001 καταφρονήσας

2254 4039 2347 4093 τοῦ
2382 4040 2513 4093 ἰδίου
2540 4036 2861 4100 ἐπισκόπου,
2893 4031 3170 4102 ἀφώρισεν
3214 4026 3405 4082 ἐαυτὸν
3459 4023 3564 4094 τῆς
3606 4017 3827 4087 Ἐκκλη-

2258 4135 2400 4200 σίας,
2430 4150 2486 4187 κ.
2516 4149 2567 4185 τ.
2596 4130 2647 4184 λ.

2539 4220 2815 4276 Συνόδου
2834 4217 3185 4281 Λαοδικείας
3210 4211 3413 4269 κανὼν
3433 4210 3536 4282 νη’.

2324 4313 2427 4387 νη’.
2449 4316 2573 4368 Ὅτι
2601 4312 2660 4366 οὐ
2693 4311 2775 4364 δεῖ
2812 4312 2871 4363 ἐν
2896 4312 3006 4372 τοῖς
3038 4307 3208 4371 οἴκοις
3241 4303 3555 4376 προσφορὰς
3589 4294 3825 4369 γίνεσθαι

2256 4407 2407 4479 παρὰ
2437 4404 2735 4459 ἐπισκόπου
2771 4402 2806 4473 ἢ
2842 4398 3235 4471 πρεσϐυτέρου.

2360 4497 2628 4554 Συνόδου
2650 4491 3070 4564 οίκουμενικῆς
3085 4492 3263 4557 ἕκτης
3278 4488 3482 4543 κανὼν
3507 4487 3610 4550 λα’,
3629 4479 3723 4533 νϐ’.

2316 4594 2417 4647 λα’.
2449 4590 2588 4653 Τοὺς
2618 4591 2675 4643 ἐν
2695 4590 2807 4650 τοῖς
2831 4583 3140 4655 εὐκτηρίοις
3167 4583 3355 4646 οἴκοις,
3384 4598 3440 4635 κ.
3482 4596 3533 4634 τ.
3562 4575 3613 4630 λ.

2322 4684 2417 4740 νϐ’.
2450 4683 2653 4754 Μηδεὶς
2682 4683 2738 4733 ἐν
2765 4680 3038 4749 εὐκτηρίῳ
3066 4677 3199 4747 οἴκῳ
3234 4674 3378 4728 ἔνδον
3416 4674 3595 4737 οἰκίας
3630 4684 3822 4739 τυγχα-

2249 4795 2392 4833 νοντι
2423 4775 2706 4847 βάπτισμα
2734 4768 3103 4832 ἐπιτελείσθω,
3124 4767 3236 4819 ἀλλ’
3260 4767 3308 4819 εἰ
3342 4764 3625 4835 μέλλοντες
3651 4757 3823 4826 ἀξιοῦ-

2252 4866 2483 4923 σθαιτοῦ
2502 4867 2769 4936 ἁχράντου
2792 4858 3185 4933 βαπτίσματος.
3198 4861 3317 4923 ταῖς
3334 4858 3646 4919 καθολικαίς
3666 4867 3825 4922 προσ-

2252 4957 2598 5032 ερχέσθωσαν
2634 4953 2972 5024 ἐκκλησίαις,
3004 4952 3227 5005 κάκεῖσε
3265 4950 3362 5019 τῆς
3389 4950 3596 5021 δωρεᾶς
3630 4943 3822 5032 totum;

2253 5031 2674 5103 ἀπολαυέτωσαν
2698 5061 2713 5076 ·
2754 5044 2801 5096 εἰ
2838 5043 2896 5096 δέ
2932 5059 3018 5105 τις
3051 5039 3166 5111 ὁ.λῷ
3222 5038 3290 5092 τὰ
3326 5039 3457 5110 παρ’
3504 5036 3661 5107 ήμῶν
3710 5031 3821 5100 ὁρι-

2255 5139 2449 5193 σθέντα
2513 5134 2589 5207 μὴ
2615 5133 2923 5204 φυλάττων,
2970 5134 3019 5185 εί
3062 5131 3160 5201 μὲν
3209 5129 3473 5201 κληρικὸς
3498 5127 3608 5197 εἴη,
3637 5121 3821 5178 καθαι-

2254 5230 2452 5303 ρείσθω
2484 5245 2501 5261 ·
2531 5229 2579 5280 εἰ
2617 5225 2674 5280 δὲ
2703 5224 2907 5289 λαῖκὸς,
2945 5220 3177 5293 ἀφοριζέ
3195 5221 3327 5275 σθω.

2325 5403 2398 5456 Ἥ
2445 5401 2488 5466 ξ’
2526 5399 2770 5463 διάταξις
2819 5397 2912 5451 τοῦ
2954 5395 3001 5450 α’
3035 5396 3141 5449 τίτ.
3182 5396 3291 5449 τῶν
3322 5393 3569 5466 Νεαρῶν,
3598 5388 3741 5453 καὶὴ
3773 5396 3818 5448 γ’

2250 5492 2344 5547 τοῦ
2371 5492 2416 5563 β’
2464 5493 2569 5546 τίτ.
2604 5491 2759 5560 φασὶ,
2801 5490 2884 5543 ὅτι
2909 5490 2991 5542 δεῖ
3036 5488 3129 5541 τὸν
3187 5487 3412 5541 θέλοντα
3479 5466 3811 5549 ἕύκτήριονῆ

2251 5562 2549 5653 ἐκκλησίαν
2580 5582 2783 5646 κτίσαι,
2838 5579 3183 5648 διαλέγεσθαι
3240 5580 3367 5648 περὶ
3402 5577 3590 5630 τούτου
3618 5568 3692 5638 τῷ
3720 5562 3821 5630 τῆξ

2254 5666 2464 5740 πόλεως
2494 5677 2800 5745 ἐπισκόπῳ,
2831 5674 2925 5727 καὶ
2965 5672 3255 5744 δωρεῖσθαι
3288 5671 3357 5725 τὰ
3388 5666 3660 5742 ἀρκοῦντα
3684 5653 3811 5745 ττρᾷ

2252 5767 2348 5841 τὴν
2378 5767 2726 5839 λυχνοκαῗαν,
2752 5744 2856 5820 καὶ
2886 5764 2987 5837 τὴν
3016 5764 3167 5837 ἱερὰν
3208 5763 3572 5834 λειτουργίαν,
3604 5751 3693 5808 καὶ
3720 5744 3811 5813 τὴν
