4122 6500
284 390 409 456 609

998 379 1403 446 SYNTAGMA
1440 371 1831 436 CANONUM.
1852 396 1903 409 -

2006 371 2105 433 IT.
2149 374 2265 435 ΠΙ.
2293 376 2454 437 CAP.
2493 376 2666 451 X-IlI,
2700 377 2857 441 XVI.

3496 379 3605 446 610

299 497 641 571 ἀδιάφθορον
661 497 758 552 τοῦ
790 495 958 551 τόπου
984 494 1241 563 τήρησιν,
1292 488 1389 543 καὶ
1437 485 1537 556 τὴν
1578 482 1895 555 ἁποτροςρὴν

2006 491 2115 536 tam
2149 490 2350 538 tectam
2386 484 2488 541 loci
2521 487 3029 553 conservationem,
3055 494 3110 542 et
3136 486 3203 543 ad
3232 492 3594 545 sustentatio-

295 591 406 643 τῶν
477 587 951 662 προσεδρευόντων
987 600 1002 615 ⁸
1045 583 1140 636 καὶ
1189 580 1314 634 τότε
1370 577 1463 632 τὸν
1494 577 1796 630 ἐπίσκοπον
1834 573 1896 627 τὸ

297 682 546 752 πρᾶγμα
574 681 711 733 πᾶσι
734 676 1075 747 φανεροῦντα
1100 671 1339 745 δημοσίᾳ
1377 670 1557 722 ἐκεῖσε
1585 666 1894 736 προσιέναι,

296 773 397 825 καὶ
430 773 534 826 σὺν
565 772 701 842 εὐχῇ
729 768 1007 840 πηγνύναι
1042 764 1300 837 σταυρὸν,
1355 762 1452 815 καὶ
1504 759 1626 813 τότε
1651 758 1713 811 τὸ
1737 758 1898 829 ἔργον

296 865 710 938 ἄρχεσθαιηκαὶ
739 865 823 919 ὅτι
847 863 878 916 ό
899 860 1209 932 ἀρξάμενος
1239 856 1358 911 νέον
1386 854 1644 924 κτίζεινῆ
1667 852 1900 906 παλαιὸν

295 954 590 1023 ἀνανεοῦν,
641 952 1013 1023 ἀναγκάζεται
1075 949 1215 1023 μετὰ
1302 946 1663 1018 κληρονόμων
1717 942 1885 997 αὐτοῦ

299 1049 459 1121 παρὰ
486 1048 582 1102 τοῦ
605 1046 909 1101 ἐπισκόπου
941 1044 1037 1099 καὶ
1066 1042 1162 1098 τοῦ
1191 1041 1479 1112 οἰκονόμου
1530 1038 1627 1093 καὶ
1653 1037 1749 1091 106
1772 1037 1899 1107 ζᾶρ-

296 1157 518 1213 χοντος,
552 1139 617 1193 τὸ
645 1137 847 1210 άρχθὲν
877 1136 1189 1208 πληρῶσαι.

369 1231 437 1285 Εἰ
460 1231 522 1285 δέ
540 1247 627 1292 τις
650 1233 709 1283 ἐν
734 1229 988 1299 ἰδιωτικῷ
1008 1228 1162 1298 οῐκῳ,
1184 1222 1516 1297 προαστείῳ,
1535 1221 1567 1293 ἢ
1585 1221 1794 1293 χωρίῳ,
1823 1222 1902 1274 ἰε-

303 1322 403 1395 ρὰν
432 1322 712 1376 ἐκτελέσει
740 1318 1163 1390 λειτουργίαν,ἧ
1192 1333 1334 1370 τισιν
1364 1315 1649 1369 ἐκτελέσαι
1683 1330 1902 1384 συγχω-

304 1415 487 1485 ρήσει,
517 1411 641 1483 δίχα
661 1411 942 1482 κληρικῶν
961 1408 1377 1480 ἀφοριζομένων
1399 1407 1553 1476 παρὰ
1569 1404 1661 1458 τοῦ
1683 1404 1792 1457 τῶν
1810 1404 1903 1457 τό-

301 1522 421 1557 πων
445 1504 816 1567 ἐπισκόπου,ό
845 1502 1010 1565 τόπος
1039 1502 1096 1555 ἐν
1112 1494 1155 1568 ᾧ
1175 1500 1335 1553 τοῦτο
1354 1499 1601 1567 γέγονεν,
1624 1498 1682 1549 ἐν
1700 1496 1903 1568 εἰδήσει

299 1594 394 1648 106
421 1594 715 1660 δεσπότου,
733 1592 1142 1665 προσκυροῢται
1163 1593 1230 1663 τῇ
1248 1590 1537 1661 ἐκκλησία,
1558 1588 1647 1642 διὰ
1669 1587 1762 1641 τοῦ
1784 1589 1906 1640 ἐπι-

302 1688 513 1742 σκόπου
544 1687 754 1741 καὶτοῦ
777 1687 1066 1758 οἰκονόμου
1095 1686 1191 1740 καὶ⁴
1209 1686 1305 1739 τοῦ
1329 1684 1609 1755 ἄρχοντος,
1631 1682 1777 1736 κατὰ
1804 1680 1905 1750 τὴν

300 1779 349 1849 γ’
377 1780 526 1835 διάτ.
549 1779 645 1834 τοῦ
678 1778 721 1851 β’
754 1781 859 1834 τίτ.
890 1778 1000 1832 τῶν
1036 1777 1287 1849 Νεαρῶν.
1324 1777 1388 1830 Ἦ
1416 1778 1525 1847 γὰρ
1554 1774 1608 1839 ς’
1630 1773 1772 1828 διάτ.
1807 1770 1903 1826 106

2004 589 2127 628 nem
2176 589 2368 631 eorum
2410 577 2504 647 qui
2541 576 2705 651 [illic]
2762 578 3068 645 assideant,
3122 581 3345 636 donare.
3395 581 3602 637 Deinde

2003 680 2137 721 vero
2164 667 2492 738 episcopum
2528 686 2639 723 rem
2671 670 2934 725 omnibus
2967 670 3317 725 manifestam
3350 675 3600 740 reddere,

2003 759 2222 828 publice
2257 759 2388 814 illuc
2418 761 2736 830 procedere,
2786 771 2841 815 et
2872 761 3132 817 adhibitis
3170 763 3426 831 precibus
3469 780 3602 819 cru-

2004 865 2121 905 cem
2147 850 2333 922 ﬁgere,
2374 860 2558 906 actum
2598 850 2869 925 [demum]
2889 867 3027 922 opus
3053 852 3306 907 inchoari
3329 853 3600 927 [debere].

2004 940 2093 1009 Et,
2116 942 2266 1012 quod
2294 943 2390 1012 qui
2425 957 2635 996 novum
2665 942 3023 1015 [oratorium]
3052 954 3362 1013 exstruere,
3387 948 3473 1002 vel
3504 963 3604 1003 ve-

2007 1042 2091 1088 tus
2117 1048 2380 1089 revocare
2429 1036 2683 1104 coeperit,
2711 1046 2951 1106 emptum
2984 1036 3250 1107 perlicere
3277 1038 3346 1093 ab
3378 1053 3603 1094 (nconc-

2004 1125 2130 1190 mis,
2146 1126 2427 1196 episcopo,
2442 1136 2493 1181 et
2513 1128 2841 1197 magistratu
2861 1144 2987 1182 cum
3006 1129 3317 1185 ltmredibus
3342 1142 3597 1202 cogatur.

2080 1215 2297 1272 Textus.
2333 1218 2490 1285 Quod
2517 1222 2563 1277 si
2598 1222 2723 1291 quis
2759 1223 2922 1295 148
2949 1226 3001 1279 in
3032 1227 3247 1296 privato
3279 1228 3601 1283 suburbano

2006 1316 2103 1362 aut
2140 1310 2347 1379 praedio
2398 1312 2520 1366 sine
2554 1314 2772 1369 clericis
2801 1331 2832 1368 a
2868 1317 3112 1372 locorum
3144 1318 3403 1389 episcopo
3429 1322 3602 1389 depu-

2007 1399 2155 1463 tatis,
2191 1416 2411 1456 sacrum
2466 1404 2837 1460 ministerium
2886 1416 3130 1478 peragat,
3186 1410 3270 1463 vel
3313 1409 3596 1479 aliquibus

2007 1507 2275 1563 peragere
2319 1496 2585 1551 concedat
2617 1516 2631 1552 :
2666 1498 2844 1565 locus,
2893 1502 2946 1552 in
2984 1516 3095 1570 quo
3146 1500 3199 1555 id
3250 1503 3458 1558 sciente
3495 1504 3597 1558 ἀοι

2007 1588 2159 1640 mino
2212 1585 2419 1643 factum
2467 1599 2574 1655 est,
2622 1604 2722 1658 per
2764 1591 3112 1662 episcopum,
3156 1609 3506 1650 tecouomum
3543 1606 3599 1651 et

2008 1679 2389 1749 magistratum
2446 1679 2725 1736 addicitur
2765 1683 3043 1749 Ecclesiae,
3108 1688 3412 1742 secundum
3465 1704 3601 1744 con-

2008 1769 2121 1825 stit.
2176 1771 2234 1837 5,
2268 1772 2351 1826 tit.
2383 1771 2418 1825 2
2453 1770 2827 1829 Novellarum.
2860 1774 3096 1831 Constit.
3132 1788 3314 1833 autem
3356 1780 3411 1846 6,
3446 1780 3530 1835 tit.
3565 1781 3593 1835 1

300 1878 348 1925 α’
370 1873 478 1925 τίτ.
500 1873 613 1925 τῶν
648 1872 829 1925 αὐτῶν
867 1869 1115 1941 Νεαρῶν,
1152 1865 1306 1925 εἶπεν
1334 1868 1501 1923 αὐτὸν
1530 1864 1856 1937 φισκοῦσθαι
1889 1879 1902 1892 °

2009 1860 2383 1929 Novellarum,
2415 1865 2567 1919 illum
2603 1867 2897 1922 conﬁscari
2954 1870 3108 1927 dicit.
3149 1869 3215 1923 Et
3243 1874 3462 1926 constit.
3508 1874 3595 1939 15,

299 1964 393 2017 καὶ
422 1964 457 2034 ή
499 1969 563 2016 ιε’
601 1963 738 2016 διάτ.
770 1961 864 2015 τοῦ
899 1960 949 2029 γ’
978 1961 1083 2013 τίτ.
1114 1960 1209 2013 τοῦ
1242 1958 1290 2013 α’
1322 1959 1466 2030 βιϐλ.
1503 1958 1599 2011 106
1657 1955 1789 2011 κώδ.
1840 1955 1905 2008 Εἰ

300 2056 356 2111 δὲ
388 2056 633 2127 ἠγνόησε
680 2053 742 2108 τὸ
772 2054 1060 2126 γινόμενον
1090 2056 1119 2107 ὁ
1149 2053 1440 2123 δεσπότης,
1472 2051 1533 2103 οὐ
1566 2046 1858 2121 ζημιοῦται
1888 2063 1903 2079 ·

301 2146 417 2200 ἀλλ’
477 2147 532 2197 οἰ
582 2146 945 2213 γινώσκοντες
1006 2144 1330 2216 φροντισταί
1359 2140 1458 2194 καὶ
1512 2138 1787 2206 μισθωταὶ
1812 2136 1907 2190 καὶ

303 2239 655 2310 ἐμφυτευταὶ
686 2237 1023 2311 ἐξορίζονται
1051 2238 1150 2308 τῆς
1176 2235 1470 2308 ἐπαρχίας,
1501 2230 1907 2303 τῶν.·πραγμά-

303 2348 412 2384 των
461 2330 653 2384 αὐτῶν
699 2329 1201 2401 προσκυρουμένων
1265 2330 1331 2399 τῇ
1386 2325 1662 2397 ἐκκλησίᾳ
1703 2339 1719 2356 ⁸
1770 2324 1821 2375 οἱ
1847 2322 1908 2376 δέ

303 2424 548 2493 ὕπαρχοι
600 2420 774 2476 ταῦτα
835 2421 1190 2492 παρορῶντες
1248 2420 1307 2474 ἐν
1361 2414 1658 2489 εἰδήσει,ν’
1716 2413 1906 2486 λίτρας

305 2510 638 2582 ζημιοῦνται
672 2527 686 2542 ο
758 2511 855 2564 καὶ
894 2512 930 2582 ἠ
980 2508 1136 2576 τάξις
1184 2513 1227 2563 ν’
1259 2525 1275 2540 ο
1318 2506 1500 2574 ἔξεστι
1553 2503 1741 2574 μέντοι
1791 2503 1905 2566 τοῖς

304 2603 527 2673 ἔχουσιν
553 2603 613 2655 ὲν
634 2602 749 2667 τοῖς
781 2602 952 2665 οἴκοις
987 2600 1167 2654 αὐτῶν
1221 2599 1489 2671 εὐκτήρια
1520 2594 1805 2668 εὔχεσθαι,
1841 2596 1904 2648 οὐ

307 2698 414 2769 μὴν
446 2698 550 2751 καὶ
568 2697 916 2768 λειτουργίαν
944 2697 1100 2767 παρὰ
1130 2694 1201 2747 τὰ
1237 2693 1506 2765 εἰρημένα
1529 2693 1726 2748 ποιεῖν.

371 2812 636 2867 ΚΕΨΑΛ.
683 2808 783 2865 IE'.
824 2811 1055 2878 -Περί
1090 2808 1443 2862 ἐπισκόπων
1496 2808 1536 2878 ἣ
1575 2806 1900 2877 κληρικῶν,

304 2904 886 2973 συγκοινωνούντων
913 2900 952 2971 ἢ
982 2898 1450 2970 συνευχομένων
1490 2900 1828 2969 αἱρετικοῖς,
1862 2901 1901 2970 ἢ

317 2995 663 3063 Ἰουδαίοις,
700 2995 740 3064 ἢ
776 2995 1220 3064 ἐπιτρεπόντων
1273 2992 1482 3059 αὐτοῖς
1531 2993 1817 3065 ἐνεργεῖν,
1860 2994 1901 3063 ἢ

304 3086 654 3159 δεχομένων
679 3085 879 3142 αὐτῶν
916 3086 1160 3143 θυσίαν.

602 3203 990 3258 Ἀποστόλων
1021 3202 1223 3255 κανὼν
1254 3207 1309 3267 ι’,
1333 3199 1440 3270 με’,
1468 3207 1585 3272 pg’.

375 3293 428 3350 t'.
467 3294 543 3348 Εῐ
566 3312 649 3359 τις
674 3296 1023 3366 ἀκοινωνήτῳ
1057 3295 1163 3348 κᾶν
1194 3294 1252 3346 ἐν
1285 3295 1421 3365 οίκῳ
1446 3291 1784 3360 συνεύξεται,
1814 3283 1906 3345 06-

302 3406 392 3453 τος
420 3386 797 3458 ἀφοριξέσθω.

375 3480 491 3552 με’.
508 3482 838 3544 Ἐπίσκοπος
855 3479 889 3552 ἢ
908 3477 1181 3551 πρεσϐύτε
1190 3494 1279 3547 ρος
1298 3476 1332 3548 ἢ
1348 3476 1594 3540 διάκονος
1609 3477 1908 3547 αἰρετικοῖς

306 3574 731 3645 συνευξάμενος,
793 3572 955 3643 μόνον
1008 3570 1353 3642 ἀφοριζέσθω
1387 3586 1403 3599 ·
1470 3570 1520 3622 εἰ
1572 3568 1631 3621 δέ
1670 3568 1765 3621 καὶ
1809 3569 1906 3622 ἐπ-

307 3665 772 3738 ἐτρεψεναύτοῖς
807 3665 884 3728 ὠς
937 3664 1224 3735 κληρικοῖς
1262 3661 1560 3734 ἐνεργῆσαί
1590 3677 1669 3728 τι,
1709 3659 1907 3713 καθαι-

307 3759 537 3832 ρείσθω.

379 3851 505 3924 μς’.
543 3851 873 3905 Ἐπίσκοπον
902 3852 935 3923 ἢ
958 3848 1331 3922 πρεσϐύτερον
1354 3852 1651 3923 αἰρετικῶν
1677 3853 1906 3927 δεξαμέ-

307 3959 431 4007 νους
468 3942 759 4014 βάπτισμα
781 3942 816 4013 ἧ
838 3941 1047 4007 θυσίαν,
1066 3939 1449 4013 καθαιρεῖσθαι
1467 3944 1903 4016 προστάσσομεν.

312 4037 411 4103 Τίς
445 4035 565 4106 γὰρ
585 4035 986 4105 συμφώνησις
1022 4034 1256 4103 Χριστῷ
1283 4036 1435 4104 πρὸς
1461 4036 1717 4107 Βελίαρ;
1744 4038 1785 4109 ἢ
1815 4040 1907 4106 τίς

304 4127 481 4197 μερὶς
509 4125 705 4193 πιστῷ
735 4128 885 4195 μετά
914 4126 1217 4189 ἀπίστους

596 4215 871 4271 Συνόδου
906 4215 1276 4285 Ἀντιοχείας
1319 4215 1524 4271 κανὼν
1553 4216 1619 4288 β’.

381 4310 447 4367 B’.
480 4310 697 4373 Πάντας
723 4310 850 4373 τοὺς
880 4309 1149 4373 εἰσιόντας
1168 4310 1249 4373 εἰς
1266 4307 1365 4381 τὴν
1381 4309 1677 4381 ἐκκλησίαν
1712 4326 1830 4363 κ.τ.
1850 4308 1901 4365 λ.

597 4485 870 4541 Συνόδου
895 4485 1253 4553 Λαοδικείας
1280 4485 1483 4541 κανὼν
1513 4485 1617 4555 λγ’.

381 4579 488 4649 λγ’.
523 4580 647 4633 Ὅτι
681 4579 742 4631 οὔ
774 4578 856 4632 δεῖ
896 4579 1257 4650 αἱρετικοῖςῆ
1300 4581 1682 4650 σχισματικοῖς
1710 4580 1902 4633 συνεύ-

314 4671 528 4743 χεσθαι.

395 4767 461 4819 Ἠ
487 4764 531 4819 δ’
565 4764 810 4829 διάταξις
850 4762 945 4817 τοῦ
969 4759 1019 4833 γ’
1050 4760 1153 4816 τίτ.
1192 4761 1302 4815 τῶν
1334 4760 1585 4834 Νεαρῶν,
1617 4762 1782 4834 φησιν
1822 4763 1910 4817 ὅτι

317 4858 646 4928 συνάγοντες
671 4858 721 4909 οἱ
754 4856 1025 4926 αἰρετικοὶ
1062 4855 1159 4908 καὶ
1189 4855 1239 4909 οἰ
1284 4852 1422 4926 πρὸς
1448 4855 1647 4918 αὐτοὺς
1677 4856 1910 4923 συναγό-

320 4967 492 5021 μενοι,
523 4948 621 5012 τὰς
652 4948 763 5002 ἀπὸ
806 4947 917 5001 τῶν
956 4946 1256 5013 διατάξεων
1305 4946 1496 5009 ποινὰς
1536 4946 1904 5017 ὑπομένουσι·

316 5041 413 5095 καὶ
437 5042 486 5093 οἰ
524 5035 687 5103 οἶκοι,
721 5041 780 5092 ἐν
804 5034 886 5102 οἷς
909 5037 1288 5110 ἁμαρτάνεται
1314 5035 1495 5102 τοῦτο,
1524 5039 1592 5108 τῇ
1618 5037 1753 5108 ἁγίᾳ
1782 5038 1908 5091 Ἐκ-

318 5132 521 5203 κλησίᾳ
552 5129 1025 5202 προσκυροῦνται.’

387 5222 640 5275 ΚΕΦΑΛ.
674 5216 792 5287 ις’.
813 5248 884 5259 --
905 5216 1043 5287 Περὶ
1061 5216 1168 5272 τοῦ
1193 5216 1280 5286 μὴ
1306 5216 1435 5271 δεῖν
1462 5216 1534 5272 τὰ
1559 5216 1716 5286 ἅγια,
1748 5219 1909 5291 λόγῳ

321 5312 633 5384 εὐλοτιῶν,
660 5315 750 5380 εἰς
788 5311 895 5378 τὰς
924 5311 1241 5381 παροικίας
1265 5310 1628 5379 πέμπεσθαι.

602 5404 874 5459 Συνόδου
906 5400 1259 5467 Λαοδικείας
1304 5400 1508 5455 κανὼν
1534 5401 1619 5455 ιδ’.

393 5495 475 5549 ιδ’.
506 5495 640 5567 Περὶ
671 5496 767 5549 106
798 5495 874 5566 μὴ
910 5496 981 5549 τὰ
1005 5495 1137 5564 ἅγια
1171 5495 1251 5557 εἰς
1283 5493 1441 5562 λόγον
1469 5493 1733 5563 εὐλογιῶν
1763 5495 1905 5550 κατὰ

324 5587 423 5659 τῆν
458 5590 644 5661 ἑορτὴν
671 5588 768 5642 106
800 5589 1009 5660 Πάσχα,
1032 5588 1113 5653 εἰς
1140 5588 1333 5661 ἐτέρας
1362 5587 1652 5658 παροικίας
1675 5588 1909 5661 διαπέμ-

327 5681 542 5736 πεσοαι.

400 5799 446 5831 ⁸⁸
478 5803 515 5857 ll
547 5804 674 5860 Cor.
699 5822 772 5873 vt,
804 5806 891 5862 14.

2012 1954 2095 2009 tit.
2126 1956 2184 2020 5,
2219 1956 2313 2010 lib.
2348 1974 2384 2023 ι,
2416 1958 2541 2014 cod.
2582 1958 2643 2012 Si
2675 1974 2806 2014 vero
2840 1975 2956 2015 rem
3000 1962 3149 2015 illam
3185 1964 3460 2033 ignoravit
3497 1966 3599 2021 do-

2008 2045 2214 2112 minus,
2267 2063 2376 2103 non
2427 2050 2741 2106 multatur:
2772 2052 2867 2107 sed
2915 2053 3154 2112 scientes
3186 2064 3598 2125 procuratores,

2007 2145 2062 2193 et
2085 2139 2466 2206 conductores,
2508 2146 2878 2214 emphyteutaz
2929 2145 3094 2200 rebus
3138 2146 3383 2216 ipsorum
3422 2149 3600 2203 eccle-

2008 2227 2104 2283 sia:
2126 2224 2383 2296 addictis,
2429 2242 2585 2288 extra
2634 2235 2974 2305 provinciam
3029 2238 3323 2305 mittuntur
3352 2241 3404 2293 in
3451 2242 3601 2296 exsi-

2007 2320 2165 2376 lium.
2203 2320 2453 2379 Prael'ecti
2484 2340 2617 2380 vero
2664 2328 2758 2397 qui
2795 2328 3034 2384 scientes
3089 2330 3211 2387 haec
3252 2333 3599 2401 permittunt,

2007 2414 2410 2487 quinquaginta
2446 2419 2606 2474 libris
2634 2421 2963 2487 multantur,
2996 2432 3049 2478 et
3078 2423 3277 2479 cohors
3311 2425 3599 2480 tantidem.

2008 2505 2162 2562 Licet
2205 2509 2452 2578 interim,
2500 2521 2562 2566 ut
2592 2512 2687 2581 qui
2734 2512 2788 2567 in
2836 2514 3048 2569 azdibus
3094 2516 3331 2569 oratoria
3372 2516 3597 2581 habent,

2010 2599 2196 2673 [inibi]
2248 2612 2547 2672 precentur
2578 2621 2593 2660 :
2622 2620 2732 2661 non
2772 2622 2906 2661 vero
2943 2608 3109 2662 etiam
3153 2608 3387 2681 [divina]
3436 2609 3601 2665 mini-

2008 2690 2175 2746 steria
2204 2703 2393 2746 contra
2426 2690 2557 2765 [iam
2599 2693 2744 2749 dicta
2780 2694 3198 2768 exsequantur.]

2075 2801 2205 2859 CAP.
2240 2801 2362 2858 XV.
2387 2834 2457 2847 —
2488 2805 2562 2860 De
2603 2808 2858 2877 episcopis
2900 2809 2981 2861 vel
3016 2809 3220 2863 clericis
3251 2810 3342 2878 qui
3365 2826 3602 2863 commu-

2004 2892 2182 2947 nicant
2218 2895 2294 2949 vel
2345 2909 2499 2951 orant
2548 2914 2665 2952 cum
2724 2899 2982 2954 Itwreticis
3032 2913 3123 2954 aut
3162 2902 3387 2965 Judwis,
3416 2903 3494 2956 cel
3523 2903 3600 2955 eis

2004 2983 2290 3039 concedunt
2318 3002 2427 3039 rem
2455 3003 2664 3040 sacram
2691 2989 3086 3058 administrare,
3118 2989 3198 3045 vel
3227 3006 3408 3045 eorum
3429 2992 3602 3045 sacri-

2001 3077 2186 3149 ﬁcium
2214 3079 2526 3136 admittunt.

2298 3185 2673 3264 Apostolorum
2717 3213 2945 3252 canones
2993 3197 3080 3264 10,
3107 3199 3197 3264 45,
3228 3198 3318 3254 46.

2084 3284 2171 3341 10.
2218 3285 2275 3340 Si
2310 3286 2436 3356 quis
2467 3303 2592 3342 cum
2646 3291 3150 3358 excommunicato,
3195 3292 3278 3345 vel
3312 3292 3366 3345 in
3410 3290 3597 3356 domo,

2010 3392 2116 3431 una
2142 3384 2396 3446 precatus
2427 3375 2613 3441 fuerit,
2642 3378 2690 3433 is
2723 3388 3064 3448 segregetur.

2077 3468 2169 3523 45.
2201 3469 2525 3539 Episc0pus,
2564 3469 2646 3523 vel
2692 3470 3001 3540 presbyter,
3042 3469 3127 3524 vel
3176 3469 3464 3526 diaconus.
3501 3468 3599 3538 qui

2009 3575 2133 3615 cum
2161 3559 2434 3614 hmreticis
2464 3558 2548 3613 vel
2578 3560 2755 3614 solum
2785 3568 3167 3629 comprecatus
3200 3569 3302 3625 est,
3338 3573 3597 3629 segrege-

2008 3659 2116 3705 tur.
2151 3647 2246 3704 Sin
2270 3661 2453 3705 autem
2477 3652 2557 3705 eis
2595 3658 2858 3720 tanquam
2890 3650 3105 3705 clericis
3132 3649 3337 3719 aliquid
3377 3649 3597 3719 operari

2007 3743 2341 3813 permiserit,
2365 3742 2696 3814 deponatur.

2077 3837 2168 3893 46.
2195 3837 2545 3909 Episcopum,
2563 3838 2645 3891 vel
2672 3838 3065 3909 presbyterum,
3084 3836 3174 3905 qui
3210 3833 3598 3889 hmreticorum

2006 3931 2341 4002 baptismum
2383 3930 2468 3986 vel
2518 3930 2847 3985 sacriﬁcium
2894 3930 3201 3995 admiserit,
3258 3929 3455 3998 deponi
3502 3927 3600 3996 ju-

2007 4022 2240 4078 betnus:
2273 4022 2407 4088 Qua:
2455 4031 2533 4077 est
2591 4024 2729 4076 enim
2777 4025 3047 4075 conventio
3084 4020 3288 4076 Christi
3343 4036 3464 4074 cum
3499 4020 3602 4074 Be-

2008 4114 2146 4169 lial?
2170 4117 2249 4169 vel
2284 4132 2402 4185 qua:
2429 4131 2555 4183 pars
2579 4123 2655 4168 est
2685 4114 2833 4182 ﬁdeli
2864 4130 2983 4167 cnm
3008 4114 3211 4182 inﬁdeli
3243 4112 3310 4167 ⁸⁸.

2284 4206 2444 4278 149
2470 4205 2700 4261 Concilii
2732 4206 3047 4259 Antioclteni
3071 4222 3242 4258 canon
3265 4204 3320 4257 2.

2076 4296 2132 4353 2.
2171 4297 2377 4353 Omnes
2426 4299 2516 4366 qui
2570 4298 2624 4351 in
2669 4295 2976 4352 Ecclesiam
3022 4295 3431 4365 ingrediuntur,
3462 4303 3597 4361 ctc.,

2008 4405 2069 4448 ut
2102 4411 2290 4465 supra,
2319 4410 2446 4464 pag.
2482 4392 2617 4448 616.

2369 4485 2598 4541 Concilii
2624 4484 2915 4539 Laodiceni
2946 4499 3118 4538 canon
3142 4483 3233 4537 55.

2078 4577 2168 4634 55.
2209 4576 2364 4644 Quod
2416 4592 2525 4631 non
2572 4584 2786 4646 oportet
2832 4591 2938 4630 una
3011 4590 3136 4629 cum
3195 4571 3401 4628 haeretit
3422 4572 3469 4627 is
3514 4574 3601 4629 vel

2008 4670 2383 4725 schismaticis
2422 4682 2604 4722 orare.

2084 4760 2305 4816 Textus.
2353 4760 2549 4816 Const.
2575 4760 2629 4825 4,
2666 4758 2756 4812 tit.
2801 4757 2856 4819 6,
2908 4755 3253 4811 Novellarum
3287 4756 3399 4811 ait:
3442 4755 3599 4822 Quod

2011 4857 2101 4927 qui
2140 4854 2380 4911 haeretici
2418 4862 2594 4909 cattus
2623 4861 2852 4923 cogunt,
2884 4852 3090 4922 quique
3117 4850 3261 4921 apud
3297 4851 3421 4905 illos
3451 4868 3591 4906 cou-

2011 4956 2329 5018 gregantur,
2355 4945 2409 5000 in
2430 4944 2658 5015 digestis
2688 4945 2996 5013 descriptas
3025 4958 3216 5012 pmnas
3252 4942 3597 4998 sustineant:

2007 5049 2063 5093 et
2088 5041 2307 5101 domus,
2338 5038 2391 5092 in
2439 5037 2647 5106 quibus
2696 5036 2801 5092 hoc
2832 5034 3185 5105 delinquitur,
3239 5045 3445 5090 sancta:
3494 5033 3603 5088 Ec-

2008 5131 2190 5187 clesiae
2222 5130 2572 5187 addicantur.

2077 5222 2230 5279 CAP.
2255 5222 2392 5279 XVI.
2418 5251 2481 5263 —-
2507 5222 2662 5288 Quod
2681 5238 2785 5275 non
2811 5230 3046 5292 oporteat
3078 5219 3394 5274 oblationem
3420 5235 3603 5274 conse-

2008 5328 2218 5372 cratam
2240 5356 2257 5383 ,
2297 5315 2523 5386 eulogia:
2560 5315 2737 5367 instar
2769 5317 2839 5368 ad
2868 5314 3127 5383 parmcias
3156 5314 3383 5367 mittere.

2369 5406 2597 5462 Concilii
2625 5405 2916 5460 Laodiceui
2952 5423 3121 5460 canon
3156 5406 3243 5460 H.

2086 5501 2171 5555 14.
2215 5498 2292 5555 Nc
2321 5509 2512 5556 sancta
2545 5500 2717 5555 instar
2747 5498 3186 5554 benedictiouum
3232 5498 3284 5552 in
3327 5495 3465 5553 festo
3497 5496 3602 5552 Pa-

2012 5595 2193 5663 scltze,
2235 5595 2287 5650 in
2321 5594 2458 5651 alias
2491 5595 2780 5666 parochias
2810 5594 3275 5650 transmittautur.
