4122 6470
627 366 728 432 διι
1806 359 2068 421 ruo'ru
2105 357 2613 421 PATRIARCILE
2643 359 2753 421 cp.
3778 373 3869 438 ιιι

695 475 852 535 CA‘P.
892 473 1061 531 XVII.
1096 494 1166 517 -ι
1196 473 1278 531 Ne
1314 474 1690 545 defunctorum
1728 472 2035 543 corporibus
2077 488 2219 526 com-
2244 472 2299 533 Α

2244 472 2299 533 Α
2393 471 2646 527 ΚΕΦΑΛ.
2693 468 2792 525 1Ζ’.
2826 500 2895 512 -
2935 472 3078 542 Περὶ
3116 472 3229 528 τοῦ
3253 472 3345 543 μὴ
3383 472 3610 531 διδόναι
3641 480 3756 548 τοῖς
3773 500 3869 539 σω-

627 570 807 627 munio
846 570 1023 625 detur.

2314 577 2467 633 μασι
2492 561 2613 617 τῶν
2638 563 3059 618 τελευτώντων
3093 568 3439 624 κοινωνίαν.

915 660 1142 717 Concilii
1173 660 1608 731 Carthaginensis
1645 673 1815 712 canon
1845 657 1935 714 18.

2566 654 2841 710 Συκόδου
2871 660 3302 728 Καρθαγώννης
3330 661 3532 717 κανὼν
3564 667 3651 735 ιη’.

702 756 791 812 18.
813 754 872 809 Si
888 755 1010 824 quis
1027 755 1259 809 clericus
1276 754 1581 817 ordinatus,
1600 761 1732 817 etc.,
1749 758 1811 804 ut
1827 767 1991 820 supra
2004 765 2058 821 p.
2087 750 2213 805 482.

2114 750 2213 805 :82.
2394 744 2484 816 ιη’.
2526 746 2655 801 Ἐάν
2686 765 2773 813 τις
2803 748 3066 821 κληρικδς
3098 753 3489 824 χειροτονῆται,
3521 773 3578 811 κ.
3616 775 3665 813 τ.
3692 758 3742 813 λ.

839 846 1000 915 150
1037 844 1263 900 Concilii
1293 843 1606 897 tecumenici
1646 858 1702 897 vt
1732 858 1903 897 canon
1933 840 2023 895 85.
2449 842 2467 892 J

2449 839 2726 895 Συνόδου
2764 842 3190 911 οὶκουμενικῆς
3227 844 3408 912 ἕκτης
3435 846 3636 902 κανὼν
3662 855 3764 918 πγ’.

699 940 790 995 85.
850 937 1023 991 Nemo
1074 936 1120 967 δ’
1159 942 1503 989 mortuorum
1565 934 1896 1003 corporibus
1952 932 2217 987 Euchari-

2392 936 2504 1000 πγ’.
2536 931 2745 1001 Μηδεὶς
2766 935 2879 996 τοῖς
2901 933 3119 1003 σώμασι
3135 935 3245 989 τῶν
3269 937 3664 1001 τελευτώντων,
3678 943 3769 1011 τῆς
3788 942 3874 996 Εὐ-

631 1034 793 1089 stiam
823 1029 1195 1085 communicet
1232 1046 1246 1081 :
1285 1029 1552 1097 scriptum
1593 1037 1677 1081 est
1726 1027 1874 1082 enim
1910 1044 1925 1081 :
1980 1026 2219 1095 Accipite

2320 1022 2609 1093 χαριστίας
2632 1022 2992 1092 μεταδιδότωο
3018 1024 3335 1097 γέγραπται
3363 1027 3491 1097 γάρ·
3524 1028 3756 1093 Λάϐετε,
3782 1034 3874 1101 φά-

552 1194 555 1203 ,
629 1134 679 1179 ει
699 1122 948 1177 comedite
990 1122 1057 1173 '°.
1085 1120 1426 1175 Mortuorum
1463 1130 1646 1175 autem
1683 1135 1916 1191 corpora
1947 1134 2058 1174 non
2088 1133 2180 1189 pos

2319 1132 2477 1185 τετε·
2508 1115 2579 1167 τὰ
2609 1114 2666 1167 δὲ
2689 1113 2799 1169 τῶν
2828 1116 3041 1187 νεκρῶν
3073 1116 3327 1189 σώματα,
3365 1119 3485 1173 οὐδὲ
3508 1119 3687 1174 λαϐεῖν
3707 1122 3872 1178 δύναν-

627 1226 754 1273 sunt
784 1216 1055 1284 accipere,
1098 1230 1200 1270 nec
1233 1214 1543 1269 comedere.

1178 1230 1200 1270 Β
1233 1214 1543 1269 comedere.
2320 1224 2413 1260 ται
2438 1205 2559 1259 οὐδὲ
2592 1207 2806 1275 φαγεῖν.

695 1307 848 1363 CAP.
880 1306 1149 1362 XVIll.——
1172 1305 1254 1360 Ne
1278 1305 1469 1359 mulier
1482 1321 1575 1376 per
1597 1305 1928 1377 purgationis
1951 1305 2063 1362 dies
2079 1322 2221 1360 com-

2395 1297 2646 1351 ΚΕΦΑΛ.
2690 1297 2799 1351 lH'.
2833 1326 2903 1336 —
2945 1297 3084 1366 Περὶ
3124 1299 3231 1354 τοῦ
3271 1300 3359 1370 μὴ
3397 1300 3615 1371 χρῆναι
3651 1308 3871 1374 γυναῖκα

625 1403 875 1456 munitet.
2321 1389 2390 1441 ἐν
2418 1388 2547 1454 ταῖς
2576 1388 2825 1458 ἡμέραις
2852 1389 2965 1459 τῆς
2982 1392 3329 1461 καθάρσεως
3354 1396 3545 1464 αὐτῆς
3573 1402 3870 1458 κοινωνεῖν.

844 1493 1086 1564 Dionysii
1122 1491 1347 1562 epistola
1376 1490 1445 1545 ad
1467 1489 1762 1546 Basilidem
1795 1508 1913 1563 cap.
1948 1493 2007 1548 2.
2320 1483 2472 1535 Διοντ

2320 1482 2642 1537 Διονυσίου
2672 1482 2742 1535 ἐκ
2782 1481 2896 1552 τῆς
2936 1486 3090 1553 πρὸς
3130 1488 3502 1625 Egon/Islng
3539 1490 3869 1564 ἐπιστολῆς,

3001 1573 3133 1625 κεφ.
3218 1595 3234 1610 .

694 1650 751 1706 2.
790 1649 866 1705 De
897 1650 1222 1706 mulieribus
1248 1657 1428 1704 autem
1463 1664 1586 1720 quae
1620 1658 1751 1705 sunt
1785 1652 1839 1704 in
1873 1650 2214 1715 abcessu,an

2395 1641 2461 1712 β’.
2512 1644 2647 1714 Περὶ
2690 1643 2801 1697 τῶν
2845 1645 2905 1698 ὲν
2956 1647 3172 1718 ἀφέδρῳ
3211 1650 3509 1717 γυναικῶν,
3552 1652 3601 1705 εἰ
3628 1656 3873 1727 προσῆκεν

622 1758 722 1799 eas
748 1743 829 1798 sic
870 1743 1092 1797 aﬂ'ectas
1139 1751 1391 1811 oporteat
1433 1744 1657 1797 domum
1712 1742 1804 1796 Dei
1857 1742 2086 1812 ingredi,
2124 1758 2219 1797 su-

2324 1732 2496 1796 αὺτὰς
2535 1734 2681 1790 οὕτω
2725 1736 3103 1808 διακειμένας,
3141 1742 3222 1803 εἰς
3247 1741 3340 1794 τὸν
3383 1736 3534 1796 οἶκον
3558 1745 3770 1799 εἰσιέναι
3794 1751 3870 1804 τοῦ

623 1844 1021 1904 pervacaneum
1050 1832 1135 1885 vel
1170 1832 1509 1901 interrogare
1538 1830 1815 1886 existimo.
1850 1829 2035 1901 Neque
2061 1834 2207 1887 enim
2238 1824 2251 1883 ]

2242 1824 2285 1883 Β
2314 1825 2471 1892 Θεοῦ,
2506 1828 2761 1898 περιττὸν
2786 1830 2962 1884 καὶτὸ
2988 1831 3353 1887 πυνθάνεσθαι
3379 1834 3604 1904 νομίζω.
3638 1838 3763 1891 Οὐδὲ
3782 1840 3870 1912 γὰρ

620 1940 721 1980 eas
750 1923 1026 1988 existimo,
1053 1924 1099 1977 si
1128 1924 1237 1978 sint
1262 1923 1366 1993 piae
1395 1932 1450 1978 et
1477 1922 1685 1989 ﬁdeles,
1722 1924 1802 1979 sic
1834 1923 2081 1990 all‘ectas,
2110 1940 2214 1979 au-

2323 1919 2496 1982 αὐτὰς
2530 1921 2731 1985 πιστὰς
2775 1922 2948 1987 οὖσας
2989 1921 3142 1995 οἶμαι
3188 1926 3285 1978 καὶ
3328 1926 3577 1992 εὐλασείς
3616 1930 3872 2002 τολμήσειν

623 2031 787 2072 suras
821 2016 903 2071 vel
956 2016 1024 2070 ad
1060 2024 1307 2071 sanctam
1345 2031 1593 2070 mensam
1649 2017 1931 2083 accedere,
1961 2017 2045 2070 vel
2086 2031 2212 2071 cor-

2316 2010 2460 2065 οῦτω
2487 2013 2859 2085 διακειμένας,
2884 2016 2919 2086 ἢ
2952 2020 3018 2087 τῇ
3052 2018 3298 2090 τραπέζῃ
3325 2023 3392 2091 τῇ
3414 2022 3547 2093 ἁγίᾳ
3569 2025 3871 2094 προσελθεῖν,

623 2126 727 2181 pus
764 2118 819 2166 et
871 2110 1197 2181 sanguinem
1240 2108 1456 2163 Domini
1503 2108 1794 2180 attingere.
1835 2108 2022 2179 Neque
2042 2110 2211 2176 enim,

2315 2101 2350 2173 ἢ
2374 2102 2468 2156 τοῦ
2500 2102 2754 2174 σώματος
2788 2105 2883 2159 καὶ
2913 2106 3006 2159 τοῦ
3054 2107 3286 2177 αἵματος
3316 2109 3410 2162 τοῦ
3456 2111 3689 2181 Χριστοῦ
3731 2132 3871 2185 προσ-

620 2217 746 2272 quae
776 2201 1063 2257 duodecim
1096 2216 1365 2255 annorum
1395 2200 1603 2255 ﬂuxum
1642 2201 1881 2255 habebat
1928 2201 1995 2268 ",
2030 2202 2212 2271 ipsum

2318 2194 2581 2265 ἅψασθαι.
2629 2196 2763 2250 Οὐδὲ
2800 2198 2909 2267 γὰρ
2949 2200 2982 2270 ἡ
3014 2200 3112 2270 τὴν
3140 2201 3450 2273 δωδεκαετῆ
3486 2203 3641 2274 ῥύσιν
3679 2206 3869 2277 ἔχουσα,

621 2296 689 2349 ad
743 2294 1069 2349 medicinam
1133 2295 1329 2365 tetigit,
1375 2294 1470 2350 sed
1516 2294 1692 2349 solam
1752 2294 1872 2365 ejus
1918 2294 2213 2352 ﬁmbriam.

2317 2288 2457 2359 πρὸς
2484 2288 2583 2359 τὴν
2615 2288 2760 2343 ἴασιν
2789 2290 2973 2359 ἔθιγεν
3009 2292 3200 2359 αὐτοῦ,
3237 2294 3374 2350 ἀλλὰ
3397 2296 3565 2364 μόνου
3602 2297 3694 2353 τοῦ
3720 2318 3863 2370 κρασ-

621 2385 791 2442 Orare
818 2388 963 2441 enim
1001 2387 1500 2457 quomodocunque
1542 2402 1603 2442 se
1652 2386 1853 2441 habeat
1898 2386 2121 2456 aliquis,
2156 2393 2212 2441 et

2320 2380 2506 2434 πέδου.
2537 2382 2948 2453 Προσεύχεσθαι
2982 2384 3082 2456 μὲν
3112 2387 3222 2458 γὰρ
3253 2388 3401 2453 ὅπως
3431 2389 3500 2442 ἂν
3556 2390 3654 2464 ἔχῃ
3683 2409 3776 2456 τις,
3794 2395 3871 2446 καὶ

622 2490 902 2551 utcunque
941 2479 1095 2549 151
1126 2480 1197 2535 sit
1240 2478 1471 2535 aﬂ‘ectus
1508 2477 1725 2532 Domini
1779 2478 2118 2545 meminisse,
2157 2486 2215 2534 et

2316 2470 2392 2533 ὡς
2437 2471 2503 2524 ἂν
2550 2472 2816 2528 διάκειται
2852 2478 3163 2548 μεμνῆσθαι
3197 2480 3291 2532 τοῦ
3320 2482 3614 2547 Δεσπότου,
3650 2486 3735 2538 καὶ
3777 2487 3867 2538 δεῖ·

617 2573 885 2628 auxilium
919 2573 1248 2642 implorare,
1304 2587 1412 2626 non
1441 2580 1527 2627 est
1557 2570 2085 2642 reprehendendum.
2128 2570 2213 2626 Ad

2319 2563 2442 2617 σθαι
2475 2563 2728 2635 βοηθείας
2759 2571 2966 2638 τυχεῖν,
3012 2571 3373 2640 ἀνεπίφθονον
3399 2589 3411 2602 ·
3452 2576 3535 2638 εἰς
3567 2576 3622 2629 δὲ
3649 2576 3716 2631 τὰ
3760 2577 3867 2645 ἆγια

620 2665 826 2721 Sancta
863 2677 1044 2721 autem
1082 2674 1424 2731 sanctorum,
1459 2667 1553 2736 qui
1601 2680 1710 2721 non
1756 2664 1986 2720 omnino
2026 2664 2211 2717 anima

2318 2655 2412 2707 καὶ
2447 2656 2516 2709 τὰ
2549 2657 2719 2726 ’Ἅγια
2768 2660 2877 2714 τῶν
2925 2662 3116 2730 ἁγίων,
3146 2666 3174 2717 6
3207 2665 3282 2735 μὴ
3320 2666 3501 2737 πάντη
3531 2669 3759 2740 καθαρὸς
3780 2674 3869 2738 ὲκαὶ

617 2759 823 2830 pariter
844 2768 899 2813 et
921 2774 1154 2829 corpore
1185 2774 1358 2829 purus
1383 2767 1489 2823 est,
1519 2758 1780 2813 accedere
1806 2755 2211 2828 prohibebitur.

1988 2755 2211 2813 )ebimr,
2313 2747 2461 2821 ψυχῇ
2499 2750 2593 2803 καὶ
2624 2748 2839 2822 σώματι
2872 2757 3179 2825 προσιέναι,
3216 2760 3616 2827 κωλυθήσεται.

918 2851 1181 2906 Timothei
1225 2850 1575 2905 Alexandrini
1604 2868 1771 2905 canon
1804 2850 1857 2906 7.

2557 2844 2838 2913 Τιμοθέου
2885 2846 3351 2919 Ἀλεξανδρείας
3373 2854 3577 2909 κανὼν
3607 2852 3671 2920 ζ’.

688 2943 1046 3015 Interrogatio
1073 2946 1127 2999 7.
1159 2943 1218 2997 Si
1252 2943 1449 2999 mulier
1477 2952 1739 2999 consueta
1782 2943 1886 2997 sibi
1920 2940 2209 2997 muliebria

2400 2932 2742 3005 Ἐρώτησις.
2768 2935 2835 3001 ζ’.
2873 2939 2999 2992 Ἐὰν
3029 2942 3169 3010 γυνὴ
3186 2942 3269 3014 ῐδῃ
3296 2943 3364 2996 τὰ
3384 2945 3507 2998 κατ’
3525 2944 3641 3009 ἔθος
3669 2945 3765 2999 τῶν
3788 2962 3867 3014 γυ-

616 3036 882 3093 accidisse
899 3036 1114 3103 viderit,
1154 3036 1385 3092 debetne
1418 3037 1486 3090 ad
1521 3046 1711 3091 sancta
1749 3036 2011 3107 mysteria
2048 3049 2209 3090 acce-

2314 3026 2571 3080 ναικείων
2604 3028 2795 3100 αὐτῆς,
2821 3031 2870 3083 εἰ
2900 3032 3105 3101 ὀφείλει
3136 3036 3540 3109 προσέρχεσθαι
3569 3043 3676 3104 τοῖς
3698 3059 3868 3112 pus-cq-

616 3127 744 3181 dere
776 3142 845 3180 an
881 3127 1018 3181 non?
2239 3189 2244 3197 λ

2239 3176 2281 3197 Α
2319 3117 2476 3187 ρίοις,
2514 3118 2651 3192 αὐτῇ
2683 3124 2750 3193 τῇ
2788 3122 2993 3195 ἡμέρᾳ,
3029 3125 3061 3197 ἢ
3091 3125 3184 3194 οὖς

1032 3216 1154 3273 Non
1186 3219 1345 3274 debet
1379 3234 1552 3289 usque
1580 3219 1710 3274 dum
1737 3228 2022 3291 purgetur.
2236 3176 2282 3237 c

2236 3176 2282 3237 C
2319 3176 2331 3187 ’
2792 3176 2913 3269 ὅὺιέ
2938 3176 3305 3286 δὲείλειίἓως
3330 3219 3397 3275 ἂν
3424 3224 3746 3296 καθαρισθῇ.

682 3308 837 3365 CAP.
856 3308 1000 3364 XIX.
1022 3308 1104 3364 Ne
1133 3309 1225 3364 fiat
1257 3327 1413 3365 sacra
1438 3310 1637 3365 oblatio
1663 3321 1920 3381 prtesente
1942 3311 2208 3369 hwretico.

2384 3304 2637 3359 ΚΕΦΑΛ.
2674 3304 2777 3360 ιε’.
2807 3338 2878 3349 -
2906 3312 3047 3379 Περὶ
3096 3322 3202 3368 του
3239 3316 3329 3386 μὴ
3371 3317 3645 3385 γίνεσθαι
3683 3322 3868 3391 drago-

2305 3394 2445 3464 ρὰν,
2474 3397 2777 3466 παρόντος
2807 3404 3132 3470 αἱρετικοῦ.

889 3485 1152 3542 Timothei
1181 3487 1533 3543 Alexandrini
1563 3506 1734 3545 canon
1767 3491 1821 3548 9.

2551 3491 2830 3560 Τιμοθέου
2867 3495 3328 3569 Ἀλεξανδρείας
3358 3505 3564 3559 κανὼν
3594 3505 3657 3563 θ’.

686 3578 1046 3650 Interrogatio
1080 3579 1134 3635 9.
1190 3581 1271 3634 An
1325 3582 1486 3636 debet
1542 3582 1801 3648 clericus,
1836 3586 2205 3655 praesentibus

2396 3581 2718 3651 Ἐρώτησις
2747 3582 2813 3641 θ’.
2866 3588 2930 3640 El
2961 3590 3165 3660 ὀφείλει
3188 3592 3447 3666 κληρικὸς
3470 3597 3719 3669 εὔχεσθαι
3751 3618 3866 3671 παρ·

614 3671 866 3737 Arianis,
894 3670 980 3725 vel
1020 3670 1142 3725 aliis
1178 3672 1471 3736 haereticis,
1500 3687 1699 3742 orare;
1736 3686 1789 3729 ct
1818 3691 1886 3731 au
1916 3694 2043 3733 eum
2075 3680 2207 3735 nihil

2308 3674 2478 3729 όντων
2527 3677 2827 3747 ’Λρειανῶν
2869 3682 2903 3753 ἢ
2952 3683 3130 3739 ἄλλων
3182 3689 3524 3761 αἱρετικῶνς
3579 3694 3698 3766 ἢεί
3739 3670 3866 3748 οὐδὲν

613 3766 763 3820 laedit
793 3764 1011 3835 quando
1041 3763 1131 3818 ille
1159 3762 1291 3819 facit
1332 3766 1658 3835 orationem,
1714 3783 1809 3824 seu
1832 3770 2206 3828 oblationem?

2309 3766 2473 3821 αὐτὸν
2499 3766 2728 3839 βλάπτει
2754 3774 2958 3829 ὁπόταν
2998 3778 3163 3844 αὐτὸς
3210 3784 3339 3855 ποιῇ
3371 3785 3476 3855 τὴν
3517 3762 3698 3858 εὐχὴν,
3727 3788 3865 3858 ἤγουν

1642 3858 1651 3864 ’
2307 3858 2405 3931 τὴν
2438 3865 2788 3936 προσφοράν;

684 3939 996 4005 Responsio.
1053 3939 1113 3995 In
1171 3941 1357 3996 divina
1414 3942 1693 4000 oblatione
1744 3945 2016 4003 diaconus
2079 3959 2207 4006 ante

2390 3952 2757 4023 Ἀπόκρισις.
2830 3959 2921 4014 Ἐν
2980 3962 3044 4035 τῇ
3100 3962 3222 4036 θείᾳ
3278 3966 3529 4041 ἀναφορᾷ
3573 3972 3601 4024 6
3650 3971 3864 4033 διάκονος

610 4032 1003 4088 salutationem
1030 4033 1230 4100 edicit;
1263 4034 1359 4104 qui
1384 4051 1492 4089 non
1525 4039 1975 4108 communicatis,
2007 4042 2205 4097 ambu-

2304 4050 2622 4117 προσφωνεῖ
2643 4051 2750 4121 πρὸ
2772 4053 2863 4106 τοῦ
2888 4055 3201 4127 ἀσπασμοῦ·
3240 4060 3301 4112 ΟΞ
3327 4062 3703 4134 ἀκοινώνητοι,
3732 4081 3863 4135 περι-

609 4124 737 4180 late.
775 4122 895 4180 Non
926 4126 1124 4181 debent
1171 4142 1301 4195 ergo
1351 4126 1639 4193 interesse,
1692 4130 1797 4203 nisi
1837 4132 2203 4202 proﬁteantur

2304 4141 2615 4211 πατήσατε.
2663 4145 2777 4198 Οὐκ
2825 4146 3134 4217 ὀφείλουσιν
3177 4152 3272 4207 οὖν
3312 4159 3592 4225 παρεῖναι,
3625 4161 3671 4211 el
3702 4159 3769 4229 μὴ
3810 4158 3863 4210 ἂν

607 4231 669 4273 se
698 4217 1076 4286 paenitentiam
1116 4227 1359 4285 acturos,
1392 4228 1448 4273 et
1476 4220 1728 4276 haeresim
1760 4224 2052 4281 vitaturos.

2300 4232 2754 4307 ὲπαγγέλλωνταιι
2767 4244 3067 4309 μετανοεῖν,
3099 4245 3194 4299 καὶ
3223 4217 3514 4316 expedire-tv
3538 4217 3636 4319 ripa
3658 4217 3857 4320 αέρεσιν.

671 4309 825 4365 CAP.
860 4309 980 4364 XX.
1010 4343 1083 4354 —-
1108 4310 1298 4365 Utrum
1321 4321 1438 4382 post
1456 4312 1760 4369 illusionem
1778 4326 2092 4373 nocturnam
2108 4319 2200 4391 qui

2144 4319 2200 4373 ui
2373 4326 2625 4383 ΚΕΦΑΛ.
2660 4328 2746 4383 Κ’.
2779 4359 2846 4371 --
2881 4333 3015 4400 Πῶς
3042 4337 3076 4389 ό
3098 4309 3467 4408 ὀνείρασθεις
3493 4309 3770 4396 κοινωνεῖ.

599 4405 971 4459 communicet.
2130 4428 2137 4433 '

760 4494 1010 4566 Dionysii
1040 4511 1107 4550 ex
1144 4497 1371 4566 epistola
1404 4498 1474 4552 ad
1503 4498 1801 4555 Basiliden:
1836 4516 1954 4571 cap.
1986 4502 2021 4557 4
2226 4542 2272 4600 D
2305 4505 2388 4561 Διί

2230 4542 2272 4600 D
2305 4505 2625 4564 Διονυσίου
2665 4508 2738 4567 ἐκ
2789 4511 2899 4583 τῆς
2947 4517 3099 4585 πρὸς
3138 4521 3511 4593 Βασιλείδην
3554 4523 3858 4592 ἐπιστολῆς

674 4676 729 4731 4.
760 4675 896 4741 Quis
927 4688 1111 4731 autem
1148 4677 1203 4732 in
1252 4694 1359 4732 non
1389 4679 1697 4734 voluntario
1726 4690 1998 4735 nocturno
2044 4681 2194 4735 lluxu

2978 4626 3069 4662 κε·
3098 4651 3112 4665 .
3148 4614 3212 4669 δ’.

2352 4690 2426 4755 ,δ’.
2461 4694 2525 4748 Cl
2559 4694 2617 4748 δὲ
2645 4696 2702 4749 ὲν
2746 4628 3097 4773 ἀπροαιρὲτῗ)
3129 4711 3422 4782 νυκτερινῇ
3470 4710 3626 4781 ῥύσει
3653 4711 3857 4779 γενόμε-

601 4765 829 4831 fuerint,
880 4767 917 4821 ii
966 4784 1186 4837 quoque
1218 4770 1495 4839 propriam
1528 4772 1923 4827 conscientiam
1963 4790 2199 4842 sequan-

2295 4802 2397 4848 νοι,
2436 4786 2530 4839 καὶ
2558 4804 2706 4841 ουτοι
2738 4790 2819 4860 τῷ
2850 4791 2964 4861 ἰδίῳ
2994 4797 3254 4863 συνειδότι
3280 4802 3854 4856 κατακολουθείτωσαν·

604 4868 716 4923 tur,
733 4869 787 4914 et
805 4860 1013 4931 seipsos
1036 4878 1102 4916 an
1122 4862 1189 4917 de
1206 4878 1272 4917 eo
1295 4864 1543 4919 dubitent
1574 4880 1644 4918 an
1676 4866 2197 4923 non.considerent.

2298 4878 2392 4930 καὶ
2436 4877 2686 4946 ἑαυτοὺς,
2720 4882 2832 4936 εἴτε
2870 4883 3235 4957 διακρίνονται
3268 4893 3395 4962 περὶ
3431 4893 3609 4959 τοῦτο,
3639 4895 3743 4947 εἴτε
3768 4894 3851 4963 μὴ.

599 4949 1076 5017 Quemadmodum
1105 4954 1157 5007 in
1187 4953 1348 5017 cibis,
1375 4956 1465 5025 qui
1508 4955 1760 5010 discernit
1787 4957 1968 5028 152,
2000 4958 2197 5029 inquit,

2300 4968 2696 5027 σκοπείτωσαν.
2735 4975 2825 5037 Ὠς
2854 4976 2962 5048 γὰρ
2994 4949 3087 5032 ἐπὶ
3120 4980 3226 5036 τῶν
3256 4949 3565 5055 βρωμάτων
3593 4949 3625 5041 ἐς
3652 4949 3853 5055 dmi/1t:

599 5043 648 5096 si
675 5044 982 5108 comederit,
1011 5045 1391 5098 condemnatus
1411 5046 1587 5112 est”;
1622 5047 1674 5101 in
1695 5048 1779 5103 his
1800 5064 2019 5120 quoque
2053 5051 2196 5105 bona

2292 5077 2442 5130 νμεν
2443 5078 2513 5129 ος
2539 5065 2726 5135 φησίνο
2771 5043 2914 5123 Ἐάν
2927 5043 3112 5142 έράγη,
3156 5043 3589 5148 κατακέκριται·
3620 5079 3753 5136 οὕτω
3772 5043 3854 5132 καὶ

600 5134 673 5190 sit
703 5135 1066 5195 conscientio,
1111 5145 1167 5189 et
1212 5136 1383 5191 libere
1423 5137 1681 5208 loquatur
1723 5141 2026 5196 secundum
2068 5157 2198 5212 pro-

2291 5155 2351 5206 ὲν
2379 5154 2589 5216 τούτοις
2640 5159 3016 5233 εὐσυνείόητος
3070 5164 3211 5220 ἔστω
3263 5171 3358 5223 καὶ
3404 5171 3854 5244 εὐπαρρησίαστος

600 5230 775 5300 priam
815 5230 1225 5301 cogitationem,
1263 5230 1443 5287 omnis
1473 5237 1567 5302 qui
1598 5234 1663 5286 ad
1695 5232 1867 5289 Deum
1892 5235 2130 5290 accedit.

2076 5236 2130 5290 it.
2290 5243 2433 5297 κατὰ
2460 5244 2520 5298 τὸ
2554 5246 2683 5299 [διον
2713 5230 2970 5321 ἐνθύμιον
3004 5256 3115 5319 πᾶς
3138 5258 3164 5309 6
3192 5260 3435 5328 προσιὼν
3463 5230 3704 5334 τῷιὸεξ).

1101 5323 1362 5379 Timothei
1384 5344 1553 5381 canon
1604 5326 1692 5381 19..

1849 5420 1859 5423 _
1939 5420 1949 5423 _
2774 5344 3055 5412 Τιμοθέου
3097 5351 3301 5404 κανὼν
3326 5351 3413 5423 ιβ’,

668 5413 1024 5487 Interrogatio
1054 5417 1140 5472 12.
1172 5418 1257 5474 .Si
1302 5419 1497 5484 laicus,
1548 5422 1641 5490 qui
1684 5420 1999 5487 somniavit,
2034 5424 2194 5478 cleri-

2332 5517 2345 5520 Α
2380 5428 2723 5499 Ἐρώτησις.
2769 5436 2856 5505 ιβ’.
2896 5438 3023 5493 Ἐὰν
3051 5413 3596 5512 ὀνειρασθείςνλαῖκὸς
3626 5446 3847 5520 ἐρωτήσῃ

593 5524 720 5564 cum
750 5511 1167 5582 interrogaverit
1191 5529 1259 5568 an
1282 5514 1441 5570 debet
1462 5515 1511 5572 ei
1534 5514 1850 5586 permittere
1875 5532 2053 5572 comm
2064 5519 2186 5573 uni-

2297 5517 2579 5591 κληρικὸν,
2624 5525 2677 5578 τί
2717 5527 2920 5598 ὀφείλει
2970 5533 3261 5608 ἐπιτρέψαι
3313 5538 3465 5611 αὐτῷ
3511 5542 3843 5613 κοινωνῆσαιι

593 5616 740 5669 care,
775 5616 843 5657 an
879 5606 1033 5660 non?
2292 5610 2440 5681 nos;

665 5788 710 5819 ⁶⁹
744 5785 1001 5862 Carthag.
1042 5789 1130 5847 18.
1206 5792 1253 5825 '°
1283 5791 1474 5849 Matth.
1508 5812 1655 5867 xxvi,
1685 5798 1775 5855 26.
1853 5800 1898 5834 "
1933 5801 2101 5858 Marc.
2132 5821 2182 5873 v,
2212 5808 2293 5864 24,

1283 5791 1474 5849 Matth.
1508 5812 1655 5867 xxvi,
1685 5798 1775 5855 26.
1853 5800 1898 5834 "
1933 5801 2101 5858 Marc.
2132 5821 2182 5873 ν,
2212 5808 2302 5865 24,
2381 5810 2427 5842 δ’
2462 5808 2619 5869 Rom.
2654 5829 2763 5881 xw,
2801 5814 2890 5870 25.
