4122 6482
328 342 450 418 513
970 347 1371 410 SYNTAGMA
1410 348 1805 411 CANONUM.
1840 374 1909 387 --
1949 348 2101 411 TIT.
2137 350 2254 414 III.
2283 348 2443 414 CAP.
2473 351 2663 427 XVII,
2697 346 2893 413 XXII.
3527 353 3635 418 6M

419 460 776 529 Ἀπόκρισις.
803 461 868 516 Ei
902 460 1003 533 μὲν
1033 460 1324 516 ὑπόκειται
1353 462 1623 533 ἐπιθυμίᾳ
1644 463 1916 531 γυναικὸς,

2104 462 2420 530 Responsio.
2448 463 2502 516 Si
2524 465 2715 519 subest
2747 466 2968 535 quidem
2993 464 3244 518 mulieris
3273 464 3635 531 desiderium,

322 551 435 607 οὐκ
459 552 682 622 ὀφείλειο
711 554 760 606 εί
794 553 852 607 δὲ
889 555 918 607 6
947 554 1196 619 Σατανᾶς
1226 554 1484 623 πειράζει
1518 556 1682 609 αὑτὸν
1714 557 1803 609 ἵνα
1838 556 1916 610 διὰ

2041 569 2152 608 non
2182 555 2343 610 debet
2374 574 2387 608 :
2429 557 2515 611 sin
2550 565 2736 611 autem
2769 566 2946 612 tcntat
2999 572 3124 612 eum
3160 556 3415 622 Satanas,
3450 567 3509 612 ut
3537 574 3637 627 per

316 645 430 717 τῆς
471 645 799 715 προφάσεως
834 646 1042 717 ταύτης
1088 647 1449 718 ἀλλοτριῶται
1491 647 1596 717 τῆς
1641 648 1916 712 κοινωνίας

2038 646 2186 705 hanc
2224 646 2578 701 occasionem
2628 661 2659 700 a
2686 647 3004 702 divinorum
3054 647 3443 718 mysteriorum
3479 662 3635 701 com-

316 737 440 791 τῶν
479 737 640 791 θείων
682 738 1024 809 μυστηρίων,
1052 739 1261 808 ὀφείλει
1298 740 1660 810 κοινωνῆσαν
1705 742 1829 794 ἐπεὶ
1861 742 1923 794 οὐ

319 828 565 882 παύεται
610 831 638 883 ὀ
686 828 965 901 πειράζων
1008 832 1131 884 κατ’
1186 832 1395 885 ἐκεῖνον
1447 830 1541 887 τὸν
1585 832 1800 905 καιρὸν,
1833 833 1925 886 ὅτε

317 919 536 989 ὀφείλει
566 926 870 988 κοινωνεῖν,
904 925 1284 996 ἐπιτιθέμενος
1322 924 1495 998 αὐτῷ.

396 1012 653 1081 ΚΕΦΔΛ.
682 1012 813 1072 KA'.
846 1045 921 1055 —-
955 1018 1107 1071 Πότε
1129 1016 1223 1072 δεῖ
1242 1017 1353 1087 τῆς
1386 1018 1653 1089 γαμετῆς
1682 1018 1781 1074 διὰ
1808 1019 1925 1089 τὴν

318 1099 654 1152 κοινωνίαν
682 1100 1040 1171 ἀπέχεσθαι.

318 1191 651 1246 Διονυσίου
692 1192 761 1246 ἐκ
811 1194 924 1263 τῆς
968 1195 1122 1263 πρὸς
1165 1196 1539 1264 Βασιλείδην
1587 1196 1924 1265 ἐπιστολῆς

998 1283 1135 1333 κεφ.
1160 1272 1232 1334 γ’.

394 1358 473 1419 γ’.
500 1353 811 1425 Αύτάρκεις
843 1354 900 1407 δὲ
936 1357 1031 1409 καὶ
1058 1358 1109 1409 οἱ
1138 1357 1521 1428 γεγαμηκότες
1548 1358 1760 1411 ἑαυτῶν
1781 1359 1926 1429 ὀφεί-

323 1443 516 1499 λουσιν
558 1443 696 1501 εἶναι
737 1448 946 1518 κριταί.
975 1449 1100 1502 Ὅτι
1142 1450 1254 1519 γὰρ
1290 1449 1591 1520 ἀπέχεσθαι
1638 1451 1921 1521 προσῆκον

324 1539 577 1608 ἀλλήλων
607 1540 671 1592 ὲκ
714 1543 1006 1612 συμφώνου
1050 1541 1188 1614 πρὸς
1234 1540 1445 1613 καιρὸν,
1477 1542 1566 1595 ἵνα
1613 1542 1921 1613 σχολάσωσι

324 1633 394 1701 τῇ
430 1633 734 1702 προσευχῇ,
767 1635 860 1685 καὶ
892 1633 1055 1688 πάλιν
1081 1634 1176 1687 ἐπὶ
1208 1634 1271 1687 τὸ
1300 1633 1435 1687 αὐτὸ
1460 1628 1617 1701 ὦσιν,
1648 1636 1920 1707 ἀκηκόασι

326 1722 552 1776 Παύλου
582 1723 907 1796 γράφοντος.

760 1817 1046 1887 Τιμοθέου
1077 1817 1278 1874 κανὼν
1307 1825 1368 1884 ε’,
1390 1825 1480 1888 ιγ’.

405 1908 753 1978 Ἐρώτησις.
795 1916 857 1967 ε’.
910 1911 1037 1963 Ἐὰν
1068 1912 1208 1982 γυνὴ
1256 1912 1587 1983 συγγένηται
1633 1912 1772 1983 μετὰ
1813 1914 1909 1968 τοῦ

321 2001 523 2073 ἀνδρὸς
552 2002 719 2073 αὐτῆς
758 2003 857 2074 τὴν
885 2003 1078 2067 νύκτα,
1110 2004 1281 2074 ἤγουν
1313 2004 1455 2076 ἀνὴρ
1502 2006 1643 2075 μετᾶ
1677 2008 1779 2076 τῆς
1807 2024 1909 2076 γυ-

323 2093 536 2158 ναικὸς,
566 2094 662 2149 καὶ
707 2093 935 2167 γένηται
985 2094 1227 2161 σύναξις,
1258 2097 1308 2149 εί
1359 2096 1633 2166 ὀφείλουσι
1683 2104 1921 2168 μεταλα-

323 2184 464 2250 ϐεῖν,
494 2185 528 2256 ἢ
564 2184 627 2239 οὗ
655 2202 672 2251 ;

405 2277 783 2346 Ἀπόκρισις.
816 2276 931 2330 Οὐκ
974 2274 1254 2344 ὀφείλουσι
1285 2277 1543 2345 παραυτά
1566 2294 1580 2309 ·
1610 2277 1706 2332 τοῦ
1753 2280 1918 2333 Ἀπο-

324 2368 522 2422 στόλου
547 2369 801 2440 βοῶντος·
828 2369 924 2437 Μὴ
948 2368 1334 2437 ἀποστερεῖτε
1354 2369 1672 2438 ἀλλήλους
1694 2375 1747 2425 εί
1756 2372 1844 2443 μή
1865 2390 1921 2426 τι

322 2461 400 2516 ἂν
420 2462 495 2515 ἐκ
532 2460 865 2531 συμφώνου
896 2460 1048 2530 πρὸς
1075 2461 1306 2528 καιρὸν,
1343 2461 1444 2514 ἵνα
1464 2463 1819 2532 σχολάσητε
1842 2463 1918 2533 τῇ

322 2553 671 2624 προσευχῇ,
690 2554 787 2608 καὶ
814 2554 1000 2608 πάλιν
1027 2552 1125 2607 ἐπὶ
1149 2553 1214 2606 τὸ
1239 2553 1387 2607 αὐτὸ
1409 2554 1801 2623 συνέρχεσθε,
1817 2557 1919 2613 ἵνα

321 2649 404 2717 μὴ
420 2646 669 2716 πειράζῃ
682 2646 839 2716 ὑμᾶς
852 2649 885 2701 ὀ
897 2642 1167 2712 Σατανᾶς
1178 2645 1275 2698 διὰ
1285 2645 1400 2713 τὴν
1413 2646 1715 2715 ἀκρασίαν
1724 2647 1913 2718 ὑμῶν.

406 2740 759 2811 Ἐρώτησις.
787 2747 877 2810 ιγ’.
908 2741 1035 2804 Τοῖς
1055 2739 1449 2809 ζευγνυμένοις
1477 2741 1558 2803 είς
1586 2739 1768 2810 γάμου
1800 2758 1919 2794 κοι-

322 2850 548 2897 νωνιαν,
584 2834 712 2902 περὶ
742 2835 912 2885 ποίων
946 2831 1171 2902 ἡμερῶν
1200 2829 1300 2899 τῆς
1342 2828 1642 2900 ἑϐδομάδος
1676 2831 1917 2902 παρατίο

324 2922 523 2977 θεσθαι
547 2922 681 2995 χρὴ,
701 2921 1005 2994 ἀπέχεσθαι
1037 2920 1137 2991 τῆς
1156 2918 1293 2991 πρὸς
1321 2917 1586 2990 ἀλλήλους
1610 2922 1918 2988 κοινωνίας,

322 3017 417 3070 καὶ
447 3016 611 3078 ποίας
639 3016 787 3087 ἔχειν
816 3015 904 3068 ἐπ’
924 3014 1211 3082 ὲξουσίαςς

404 3107 769 3175 Ἀπόκρισις.
808 3108 872 3161 '0
898 3107 1208 3179 προείρηκα
1236 3112 1334 3168 καὶ
1361 3111 1457 3167 νῦν
1484 3109 1659 3180 λέγω·
1684 3109 1713 3163 6
1756 3106 1919 3162 Ἀπό-

323 3202 519 3262 στολος
544 3199 723 3268 λέγει*
755 3200 851 3268 Μὴ
892 3200 1280 3272 ἀποστερεῖτε
1310 3204 1647 3271 ἀλλήλους,
1689 3202 1743 3256 εί
1766 3201 1913 3273 μήτι

2025 3180 2171 3236 Dicit
2236 3183 2534 3253 Apostolus
2584 3202 2599 3238 :

321 3292 398 3348 ἂν
420 3292 499 3346 ἐκ
526 3290 856 3361 συμφώνου
876 3293 1028 3360 πρὸς
1049 3294 1278 3362 καιρὸν,
1318 3295 1421 3350 ἵνα
1451 3293 1799 3363 σχολάσητε
1841 3293 1917 3363 τῇ

322 3383 667 3456 προσευχῇ,
725 3385 825 3440 καὶ
865 3385 1053 3441 πάλιν
1080 3387 1180 3441 ἐπὶ
1231 3388 1297 3441 τὸ
1344 3390 1489 3443 αὐτὸ
1526 3384 1653 3459 ἦτε,
1690 3389 1791 3442 ἵνα
1826 3387 1915 3457 μὴ

322 3477 573 3548 πειράζῃ
604 3476 762 3548 ὑμᾶς
793 3481 827 3532 ὁ
855 3478 1128 3543 Σατανᾶς
1149 3478 1247 3533 διὰ
1268 3478 1385 3547 τὴν
1396 3480 1702 3548 ἀκρασίαν
1726 3478 1916 3550 ὑμῶν.

320 3570 416 3639 Ἐξ
432 3572 682 3643 ἁνάγκης
701 3572 764 3626 τὸ
787 3572 1065 3627 Σάϐϐατον
1082 3574 1177 3628 καὶ
1192 3573 1291 3645 τὴν
1311 3572 1591 3645 Κυριακὴν
1616 3573 1919 3646 ἀπέχεσθαι

319 3663 420 3730 δεῖ,
468 3664 558 3720 διὰ
587 3665 649 3719 τὸ
690 3665 750 3719 ὲν
786 3666 980 3730 αὑταῖς
1008 3666 1112 3739 τὴν
1151 3667 1532 3742 πνευματικὴν
1563 3668 1760 3723 θυσίαν
1781 3671 1919 3724 ἀνα-

322 3758 593 3831 φέρεσθαι
624 3759 704 3830 τῷ
731 3759 869 3832 Θεῷ.

393 3853 442 3904 Κ
454 3850 655 3907 ENA.
678 3852 882 3907 KB'.-
900 3851 1033 3920 Πῶς
1059 3852 1283 3925 γίνεται
1305 3854 1622 3925 προσφορὰ
1636 3853 1788 3924 ὑπὲρ
1805 3853 1916 3910 τοῦ

322 3943 548 3999 ἑαυτὸν
574 3944 926 4012 ἀνελόντος.

811 4039 1090 4107 Τιμοθέου
1108 4040 1310 4095 κανὼν
1342 4041 1422 4096 ιδ’.

406 4125 757 4197 Ἐρώτησις.
787 4126 873 4185 ιδ’.
919 4130 1045 4185 Ἐάν
1075 4149 1159 4196 τις
1194 4131 1271 4204 μὴ
1308 4131 1469 4204 ἔχων,
1497 4132 1692 4187 ἑαυτὸν
1722 4133 1914 4206 χειρώ-

327 4238 493 4294 σηται
527 4222 562 4293 ἢ
596 4222 900 4295 κρημνίσῃ,
925 4226 973 4278 εί
1003 4224 1213 4294 γίνεται
1232 4226 1524 4299 προσφορὰ
1554 4226 1696 4298 ὑπὲρ
1718 4226 1909 4295 αὐτοῦ,

324 4313 491 4387 ἢοῦς

408 4406 778 4476 Ἀπόκρισις.
825 4407 1112 4479 Διακρίναι
1150 4408 1356 4479 ὀφείλει
1398 4410 1426 4464 6
1465 4410 1726 4482 κληρικὺς
1757 4413 1805 4466 εί
1852 4414 1913 4467 τὸ

2033 739 2297 795 munione
2361 738 2655 806 alienatur,
2725 740 2886 795 debet
2937 742 3377 796 communicare.
3441 739 3633 809 Neque

2030 835 2182 888 enim
2222 833 2464 891 cessabit
2521 843 2759 893 tentator
2814 852 2881 892 eo
2920 846 3186 908 tempore,
3217 839 3441 907 quando
3470 839 3632 893 debet

2028 927 2467 996 communicare,
2498 930 2649 984 illum
2681 930 2959 986 invadere.

2003 1056 2022 1066 ο
2094 1018 2247 1073 CAP.
2274 1018 2419 1075 XXI.
2453 1051 2525 1062 -—
2553 1021 2911 1087 Quandonam
2962 1022 3043 1076 vel
3082 1023 3322 1093 quandiu
3392 1038 3632 1076 commu-

2028 1110 2206 1165 nionis
2239 1128 2429 1175 causa,
2456 1113 2829 1168 abstinendum
2862 1116 2931 1168 sit
2968 1115 3034 1168 ab
3076 1132 3265 1169 uxore.

2167 1204 2414 1274 Dionysii
2456 1222 2521 1260 ea:
2552 1207 2781 1277 epistola
2832 1210 2901 1262 ad
2932 1209 3246 1274 Basilidem,
3275 1226 3396 1278 mp.
3430 1210 3486 1265 5.

2096 1357 2152 1411 '5.
2184 1355 2358 1413 Porro
2382 1358 2477 1429 qui
2513 1359 2646 1414 satis
2667 1360 2736 1414 ad
2769 1359 2822 1414 id
2855 1361 3107 1415 instructi
3151 1372 3281 1416 sunt
3327 1371 3382 1416 et
3429 1376 3627 1416 conse-

2024 1460 2283 1516 nuerunt,
2312 1451 2515 1506 debent
2553 1466 2676 1506 esse
2714 1452 2799 1506 sui
2846 1452 3081 1522 judices.
3112 1453 3267 1519 Quod
3328 1454 3475 1507 enim
3506 1470 3535 1509 a
3566 1469 3629 1509 se

2024 1539 2260 1595 invicem
2308 1557 2377 1596 ex
2424 1558 2701 1598 consensu
2752 1544 3031 1598 abstinere
3076 1545 3387 1608 conveniat,
3442 1556 3501 1598 ut
3554 1544 3626 1597 ad

2022 1641 2240 1703 tempus
2261 1636 2750 1701 vacentorationi,
2784 1646 2839 1690 et
2873 1652 3067 1692 rursus
3100 1638 3453 1703 conveniant,
3475 1636 3625 1690 Pau-

2019 1721 2135 1780 lum
2171 1726 2443 1781 dicentem
2470 1728 2817 1783 audiverant.

2457 1818 2719 1874 Timothei
2746 1836 2918 1873 canon
2957 1820 3011 1884 5,
3036 1819 3126 1874 I3.

2098 1908 2461 1983 Interrogatio
2500 1912 2553 1966 5.
2588 1912 2645 1967 Si
2699 1929 2841 1967 uxor
2900 1929 3026 1967 cum
3069 1928 3172 1967 suo
3206 1914 3402 1969 marito
3460 1923 3627 1971 noctu

2024 2004 2379 2072 cohabitavit,
2410 2006 2494 2061 vel
2522 2007 2757 2061 maritus
2801 2022 2926 2060 cum
2961 2021 3152 2073 uxore,
3184 2016 3238 2063 et
3286 2008 3380 2062 ﬁat
3433 2009 3624 2073 coitio,

2022 2096 2295 2154 debentnc
2322 2100 2757 2164 communicare,
2788 2117 2856 2154 an
2887 2102 3022 2155 non?

2096 2251 2409 2324 Responsio.
2440 2254 2558 2312 Non
2587 2255 2767 2319 debet,
2799 2271 2925 2312 cum
2951 2258 3153 2313 clamet
3172 2258 3469 2328 Apostolus
3494 2279 3507 2315 :
3541 2259 3629 2315 Ne

2024 2342 2275 2413 fraudate
2298 2364 2387 2401 vos
2419 2349 2664 2415 invicem,
2700 2351 2804 2403 nisi
2834 2366 2900 2403 ea:
2930 2366 3186 2403 consensu
3211 2353 3281 2404 ad
3308 2361 3529 2420 tempus,
3563 2361 3623 2406 ut

2021 2438 2216 2491 vacetis
2260 2442 2528 2505 orationi;
2571 2451 2621 2495 et
2661 2458 2868 2507 rursus,
2911 2444 2981 2495 ad
3011 2443 3150 2497 idem
3190 2446 3511 2498 conveniatis
3558 2461 3629 2499 ne

2023 2536 2181 2585 tentet
2208 2548 2296 2585 vos
2327 2531 2563 2588 Satanas
2580 2547 2794 2604 propter
2821 2534 3259 2588 incontinentiam
3281 2547 3507 2590 vestram
3526 2538 3622 2591 δ”.

2096 2720 2255 2793 153
2294 2717 2655 2791 Interrogatio
2692 2721 2778 2777 l3.
2816 2717 2908 2787 Iis,
2958 2723 3052 2794 qui
3099 2722 3451 2777 matrimonio
3490 2722 3623 2793 jun-

2020 2823 2244 2884 guntur,
2274 2813 2328 2867 in
2362 2813 2691 2883 quibusnam
2723 2815 3042 2885 septimana:
3093 2816 3289 2870 diebus
3319 2831 3629 2885 proponere

2019 2912 2260 2973 oportet,
2286 2914 2348 2959 ut
2383 2920 2413 2960 a
2443 2914 2638 2960 mutuo
2669 2920 2969 2977 congressu
3003 2906 3346 2973 abstineant,
3380 2914 3434 2962 et
3490 2908 3615 2977 qui-

2020 2995 2254 3052 busnam
2289 3006 2618 3067 potestatem
2656 2997 2935 3053 habeant?
3368 3058 3373 3061 _

2091 3088 2400 3159 Responsio.
2452 3089 2612 3157 Quod
2644 3100 2771 3145 ante
2800 3091 2935 3156 dixi,
2975 3106 3123 3147 nunc
3172 3108 3399 3163 quoque
3462 3097 3611 3152 dico.

2652 3183 2734 3237 Ne
2782 3185 3036 3253 fraudate
3074 3202 3164 3240 vos
3224 3188 3468 3252 invicem.
3513 3193 3620 3247 nisi

2031 3275 2167 3344 forte
2218 3292 2283 3329 ex
2333 3291 2590 3330 consensu
2639 3278 2708 3331 ad
2754 3288 2997 3348 tempus;
3049 3290 3107 3332 ut
3136 3283 3330 3336 vacetis
3357 3285 3623 3352 orationi;

2026 3376 2076 3422 et
2132 3384 2317 3422 rursus
2374 3369 2446 3422 ad
2497 3369 2636 3423 idem
2682 3372 3028 3438 conveniatis,
3082 3383 3144 3425 ne
3179 3389 3266 3429 vos
3318 3383 3476 3429 tentet
3509 3378 3620 3431 Sa-

2027 3468 2182 3515 tanas
2234 3471 2449 3533 propter
2508 3463 2947 3517 incontinentiam
3000 3475 3245 3520 vestram.
3294 3464 3632 3523 NeCessario

2026 3563 2208 3608 autem
2248 3554 2492 3609 Sabbato
2522 3563 2578 3609 et
2602 3554 2692 3609 die
2720 3554 3006 3611 Dominico
3045 3559 3319 3616 abstinere
3372 3572 3620 3633 oportet,

2025 3645 2170 3716 quod
2196 3646 2483 3717 spirituale
2522 3647 2856 3703 sacrificium
2888 3649 2942 3703 in
2965 3649 3045 3705 eis
3077 3649 3309 3707 Domino
3330 3653 3615 3712 otl‘eratur.

2098 3844 2254 3901 CAP.
2283 3846 2452 3903 XXII.
2485 3875 2558 3890 —-
2591 3845 2784 3903 Utrum
2813 3848 3013 3903 oblatio
3050 3849 3150 3918 ﬁat
3183 3866 3278 3920 pro
3308 3867 3367 3907 eo
3405 3854 3495 3924 qui
3533 3872 3621 3910 se-

2024 3948 2129 3995 met
2160 3942 2449 4001 interemit.

2528 4030 2790 4086 Timothei
2818 4048 2987 4085 canon
3020 4031 3113 4087 Η.

2095 4122 2563 4193 Interrogatio”.
2598 4122 2653 4177 Si
2687 4123 2834 4192 quis,
2859 4138 2984 4177 cum
3003 4124 3088 4177 sui
3123 4140 3349 4194 compos
3381 4140 3622 4194 nonest,

2021 4218 2125 4273 sibi
2158 4232 2381 4271 manum
2423 4216 2688 4280 attulerit,
2722 4215 2807 4269 vel
2850 4216 3017 4270 etiam
3073 4231 3135 4271 se
3165 4218 3610 4287 praecipitaverit,

2021 4311 2169 4366 sitne
2225 4309 2447 4374 oblatio,
2478 4325 2547 4362 an
2581 4309 2734 4363 non?

2091 4401 2404 4472 Responsio.
2440 4399 2554 4456 Hoc
2579 4399 2740 4455 debet
2768 4398 3000 4455 clericus
3028 4397 3448 4462 discernere.an
3480 4417 3619 4458 cum

323 4495 549 4566 ἀληθὲς,
582 4497 855 4568 ὲκφρενὴς
887 4496 964 4551 ὢν
991 4499 1259 4573 πεποίηκε
1293 4500 1469 4555 τοῦτο.
1513 4502 1779 4567 Πολλάκις
1804 4504 1913 4574 γὰρ

2021 4508 2210 4548 revera
2245 4491 2446 4546 mentis
2469 4504 2695 4559 compos
2724 4503 2834 4542 non
2867 4496 3030 4552 esset,
3068 4489 3173 4544 hoc
3218 4488 3426 4545 fecerit.
3453 4492 3619 4561 διευς

326 4591 373 4643 oi
404 4561 760 4661 διαφέροντες
779 4561 858 4662 τῷ
892 4561 1204 4658 πεπονθότι,
1234 4594 1481 4659 θέλοντες
1503 4561 1782 4667 ἐπιτυχεῖν

2021 4585 2163 4640 enim
2203 4584 2264 4650 ii,
2301 4584 2394 4654 qui
2424 4582 2501 4638 ad:
2526 4598 2651 4638 eum
2680 4582 2768 4637 cui
2791 4582 2899 4636 hoc
2929 4580 3132 4636 accidit
3184 4582 3481 4652 pertinent,
3511 4600 3609 4640 vo-

327 4683 649 4753 προσφορᾶς
669 4681 770 4751 τῆς
813 4683 954 4755 ὑπὲρ
981 4683 1177 4751 αὑτοῦ,
1206 4686 1493 4755 ψεύδονται
1522 4688 1618 4742 καὶ
1655 4687 1919 4757 λέγουσιν

323 4773 406 4827 ὅτι
436 4773 539 4826 οὐκ
563 4769 709 4844 εἶχεν
730 4774 945 4833 ἑαυτόν.
983 4776 1185 4829 Ἐνίοτε
1207 4777 1264 4830 δὲ
1287 4776 1396 4830 ἀπὸ
1415 4778 1681 4850 ἐπηρείας
1703 4778 1914 4851 ἀνθρώ-

327 4882 467 4930 πων,
507 4864 540 4935 ἢ
582 4865 757 4930 ἄλλως
787 4883 907 4930 πως
948 4867 1057 4924 ἀπὸ
1093 4867 1389 4941 ὀλιγωρίας
1437 4872 1707 4943 πεποίηκε
1733 4871 1912 4939 τοῦτο,

326 4959 423 5010 καὶ
453 4957 513 5009 ού
539 4957 644 5028 χρὴ
680 4959 998 5030 προσφορὰν
1032 4961 1218 5015 ἐπάνω
1237 4961 1405 5015 αὑτοῦ
1435 4963 1718 5032 γενέσθαι·
1750 4965 1913 5018 αύτο-

327 5050 594 5119 φονευτὴς
625 5051 736 5121 γὰρ
774 5049 973 5104 ἑαυτοῦ
1015 5052 1152 5111 ἐστι.
1188 5055 1281 5107 Δεῖ
1302 5053 1396 5109 οὖν
1421 5056 1639 5121 πάντως
1668 5057 1758 5110 τὸν
1782 5060 1914 5127 κλη-

329 5140 483 5211 ρικὸν
512 5142 649 5210 μετὰ
680 5142 971 5213 ἀκριϐείας
1012 5144 1397 5218 ἀνερευνῆσαι,
1424 5147 1511 5203 ἴνα
1541 5147 1617 5220 μὴ
1649 5148 1755 5203 ὑπὸ
1789 5149 1914 5220 κρί-

330 5250 461 5303 ματι
490 5233 654 5306 πέσῃ.

407 5324 468 5377 '0
497 5324 776 5391 πολιτικὸς
798 5328 963 5399 νόμος
990 5329 1082 5383 τὸν
1103 5329 1299 5385 ἑαυτὸν
1327 5332 1610 5400 ἀνελόντα,
1633 5334 1666 5407 ἢ
1699 5334 1910 5388 ἀνελεῖν

328 5413 755 5489 ἐπιχειρήσαντα
804 5420 891 5475 διὰ
946 5422 1111 5492 φόϐον
1146 5424 1516 5497 ἐγκλήματος,
1558 5427 1621 5480 οὐ
1678 5427 1788 5498 μὴν
1825 5428 1913 5481 διὰ

330 5508 483 5564 νόσον
551 5511 584 5582 ῆ
657 5515 816 5582 μῖσος
876 5516 977 5586 τῆς
1041 5516 1221 5589 ζωῆς,
1296 5523 1623 5593 τιμωρεῖται
1684 5521 1760 5584 ὡς
1820 5521 1913 5575 τὸν

330 5600 515 5674 ἓτερον
570 5605 851 5675 ἀνελόντα,
898 5609 995 5663 καὶ
1023 5608 1256 5681 δημεύει
1312 5612 1413 5684 τὴν
1475 5613 1665 5669 οὐσίαν
1709 5615 1908 5670 αὑτοῦ·

332 5693 404 5758 ὡς
435 5693 576 5764 βισλ.
608 5702 698 5766 μην
729 5697 841 5753 τίτ.
879 5705 988 5767 καθ,
1028 5702 1126 5756 καὶ
1149 5700 1293 5773 βιὸλ.
1322 5700 1367 5757 θ’
1406 5703 1503 5759 τοῦ
1544 5704 1676 5760 κώδ.
1713 5705 1819 5763 τίτ.
1845 5705 1908 5762 ν’.

407 5874 475 5905 ⁸⁸⁵
504 5872 672 5930 lCor.
711 5892 805 5946 vn,
834 5877 900 5933 5.

2015 4677 2188 4732 lentes
2239 4676 2462 4747 assequi
2501 4676 2835 4731 oblationem
2893 4684 2948 4730 ct
2980 4675 3290 4730 orationem
3320 4693 3419 4746 pro
3450 4678 3608 4749 ipso,

2016 4770 2376 4833 mentiuntur,
2426 4777 2481 4824 et
2537 4769 2729 4824 dicunt
2773 4784 2899 4823 cum
2963 4784 3073 4824 non
3114 4768 3288 4826 fuisse
3318 4773 3462 4841 apud
3498 4788 3558 4827 sc
3591 4791 3616 4827 τ,

2019 4876 2417 4932 nonnunquam
2476 4872 2656 4916 autem
2716 4871 2944 4933 propter
3014 4862 3432 4919 insultationem
3511 4864 3614 4917 lio-

2019 4954 2254 5018 minum,
2285 4954 2369 5007 vel
2404 4953 2589 5021 aliquo
2627 4954 2737 5009 alio
2764 4954 2930 5010 modo
2956 4970 3055 5025 per
3086 4955 3473 5026 negligentiam
3506 4955 3621 5011 hoe

2019 5050 2234 5105 fecisse.
2291 5048 2399 5103 Pro
2435 5047 2754 5118 huiusmodi
2798 5048 3007 5103 oblatio
3041 5062 3150 5102 non
3183 5056 3267 5103 est
3293 5047 3542 5102 facienda
3590 5067 3616 5103 τ

2015 5154 2100 5200 cst
2129 5143 2276 5199 enim
2303 5142 2387 5198 sui
2406 5142 2705 5197 homicida.
2741 5140 2969 5215 Oportet
2993 5156 3123 5212 ergo
3151 5142 3413 5197 clericum
3436 5156 3610 5197 accu-

2015 5246 2133 5292 rate
2162 5234 2454 5299 sciscitari,
2498 5249 2568 5288 ne
2600 5234 2652 5288 in
2680 5233 2952 5303 judicium
2983 5233 3212 5289 incidat.

2092 5325 2310 5381 Textus.
2363 5324 2479 5380 Lex
2510 5324 2694 5381 civilis
2738 5341 2865 5380 eum
2903 5325 2999 5395 qui
3035 5326 3138 5380 sibi
3186 5334 3417 5380 mortem
3464 5340 3611 5380 con-

2017 5420 2198 5481 scivit,
2232 5426 2326 5473 aut
2368 5420 2718 5474 consciscere
2776 5428 3009 5474 conatus
3059 5428 3145 5474 est
3180 5417 3393 5491 [idque]
3452 5429 3612 5475 metu

2015 5511 2290 5577 criminis,
2337 5526 2443 5565 non
2482 5520 2665 5566 autem
2696 5518 2921 5581 propter
2964 5510 3219 5565 morbum
3263 5509 3609 5564 autta'diuns

2018 5604 2181 5676 154
2220 5603 2367 5669 vitae,
2398 5603 2591 5673 punit,
2618 5612 2676 5657 ut
2721 5604 2811 5673 qui
2856 5602 3023 5657 alium
3054 5600 3347 5667 interfecit,
3373 5601 3612 5671 ejusquc

2016 5699 2157 5752 bona
2186 5696 2455 5752 conﬁscat
2482 5713 2498 5750 :
2539 5694 2999 5765 quemadmodum
3034 5693 3129 5749 lib.
3160 5708 3352 5760 sum,
3394 5693 3478 5748 tit.
3505 5693 3607 5761 2i,

2016 5791 2115 5848 lib.
2152 5804 2229 5857 is,
2259 5790 2383 5848 cod.
2427 5790 2509 5847 tit.
2541 5790 2632 5846 50.
