4122 6468
536 328 646 391 615

1695 323 1922 383 PHOTI
1932 323 1955 381 Ι
1997 322 2503 385 ΡΑΤΠῘΑΗΟΠΑἳ
2532 324 2643 386 CP.

3681 330 3780 395 ῆὶϐ

1878 629 2282 718 ΤΙΤΛΟΣ
2358 630 2473 718 Δν.

1246 811 1421 883 ΑΠΕΡΙ
1451 812 2034 869 ΚΑἸἪΧΟΥΜΕΝΩΝ
2069 814 2189 866 κΑι
2222 810 2360 866 ΤΟΥ
2391 815 2599 870 ΑΓΙΟΥ
2632 814 3139 875 ΒΔΠΤΙΣΜΑΤΟΣ.

2132 998 2199 1008 -ο

1776 1140 2303 1232 TITULUS
2380 1145 2546 1232 IV.

1306 1331 1391 1385 DE
1432 1326 1974 1387 CATECHUMENIS
2009 1329 2097 1384 ET
2136 1329 2224 1385 DE
2262 1332 2536 1391 SANCTO
2573 1335 3035 1398 BAPTISMATE.

601 1553 832 1613 CAPUT
894 1551 1188 1608 PRIMUM.
1229 1551 1451 1607 —Non
1509 1563 1751 1623 oportere
1804 1563 1923 1624 post
1986 1553 2110 1611 dua:

2298 1559 2549 1617 ΚΕΦΑΛ.
2579 1562 2625 1615 Δ
2648 1602 2661 1615 .
2684 1593 2755 1602 —
2776 1565 2915 1633 Περὶ
2947 1566 3054 1621 τοῦ
3080 1568 3167 1637 μὴ
3198 1569 3465 1638 ὀφείλειν
3504 1578 3653 1641 μετὰ
3686 1577 3787 1633 δύο

530 1648 965 1716 Quadragesima:
1030 1646 1387 1700 hebdomadas
1455 1663 1772 1718 quemquam
1828 1646 1899 1699 ad
1948 1646 2120 1715 bapti-

533 1753 708 1790 smum
740 1736 1040 1788 admittere.

887 1824 1113 1879 Concilit’
1147 1822 1432 1878 Laodicem’
1464 1840 1636 1878 canon
1672 1825 1763 1881 45.

602 1918 693 1974 45.
745 1917 900 1984 Quod
929 1933 1035 1971 non
1091 1926 1345 1986 oporteat
1375 1916 1445 1971 ad
1479 1917 1750 1985 baptisma
1782 1935 2117 1991 quemquam

529 2017 655 2079 post
693 2012 827 2062 duas
858 2006 1301 2074 Quadragesimae
1340 2006 1715 2064 hebdomadas
1739 2009 1970 2066 admitti.

603 2098 758 2155 CAP.
794 2099 860 2152 ll.
896 2128 965 2138 -—
994 2096 1069 2149 De
1096 2097 1497 2166 adjurantibus.

899 2185 1126 2240 Concilii
1158 2185 1449 2240 Laodiceni
1473 2204 1642 2242 canon
1671 2188 1762 2244 26.

597 2280 689 2334 26.
726 2278 879 2345 Quod
918 2280 971 2332 hi
1020 2281 1112 2349 qui
1145 2295 1255 2333 non
1286 2289 1413 2334 sunt
1459 2284 1528 2335 ab
1557 2282 1830 2353 episcopis
1858 2285 2113 2348 ordinati,

530 2384 638 2427 tam
673 2374 727 2426 in
777 2372 1022 2428 ecclesiis
1052 2387 1217 2442 (luam
1267 2371 1324 2426 in
1358 2372 1613 2429 domibus
1659 2378 1972 2433 exorcizare
2006 2396 2114 2434 non

528 2465 763 2535 pos~int.

599 2554 752 2609 CAP.
786 2553 878 2609 Ill.
909 2584 981 2594 —
1005 2552 1282 2617 Quomodo
1307 2562 1551 2622 oporteat
1581 2556 1872 2623 baptizare.

896 2643 1272 2713 Apostolorum
1308 2660 1531 2697 canones
1562 2645 1653 2711 49,
1682 2646 1773 2704 50.

596 2735 668 2789 49
699 2733 838 2806 [48].
873 2732 928 2787 Si
967 2735 1090 2804 quis
1118 2735 1430 2806 episcogius,
1464 2737 1547 2790 vel
1574 2738 1861 2808 presbyter
1888 2747 2019 2804 etc.,
2055 2750 2115 2793 ut

524 2842 686 2895 supra
712 2841 832 2896 pag.
852 2825 977 2879 442.

602 2918 761 2989 155
792 2920 859 2974 50
893 2916 1032 2990 [49].
1092 2919 1149 2973 Si
1183 2919 1308 2989 quis
1376 2918 1666 2990 episcopus
1704 2922 1791 2975 vel
1824 2920 2113 2993 presbyter
2147 2902 2191 2958 Β

527 3029 637 3067 non
666 3012 773 3066 tria
803 3012 971 3067 unius
1011 3013 1258 3083 mysterii
1291 3013 1639 3083 baptismata,
1672 3023 1803 3078 etc.,
1834 3022 1891 3067 ut
1926 3030 2114 3083 supra,

525 3118 651 3173 pag.
674 3101 803 3156 442.

828 3190 1055 3244 Concilii
1086 3190 1392 3243 meumenici
1432 3206 1486 3244 v1
1524 3208 1693 3245 canon
1725 3192 1816 3249 59.

601 3289 690 3343 59.
720 3286 779 3339 ln
815 3286 928 3339 aede
950 3282 1209 3348 oratoria,
1231 3290 1361 3345 etc.,
1396 3292 1452 3334 ut
1476 3299 1597 3352 pag.
1629 3284 1754 3338 6l7.

598 3379 752 3435 CAP.
785 3376 877 3431 lV.
907 3404 977 3416 —
1006 3373 1161 3441 Quod
1188 3383 1393 3442 oportet
1423 3374 1719 3443 baptizatos
1763 3376 1890 3446 ﬁdei
1914 3376 2120 3446 formu-

524 3476 635 3529 lam
674 3471 941 3543 proﬁteri.

791 3562 1017 3617 Concitii
1056 3560 1342 3614 Laodiceni
1366 3576 1590 3614 canones
1623 3558 1714 3623 46,
1748 3559 1839 3614 47.

598 3657 689 3712 46.
730 3657 889 3723 Quod
923 3664 1176 3727 Oporteat
1210 3670 1305 3710 eos
1336 3654 1428 3724 qui
1461 3653 1528 3707 ad
1561 3653 1834 3721 baptisma
1863 3654 2113 3719 veniunt,

526 3748 687 3803 ﬁdem
723 3748 959 3809 discere,
1010 3754 1066 3800 et
1115 3746 1307 3814 quinta
1343 3743 1476 3799 feria
1528 3744 1849 3812 septimanae
1887 3746 2116 3816 majoris

523 3840 788 3912 episcopo
816 3848 906 3892 aut
944 3838 1277 3907 presbyteris
1310 3836 1557 3891 reddere.

595 3932 687 3987 4'1.
722 3929 879 3996 Quod
931 3937 1185 3998 oporteat
1228 3944 1322 3983 eos
1351 3927 1444 3997 qui
1503 3927 1557 3982 in
1590 3928 1911 3997 mgritudine
1937 3928 2115 4000 perci-

522 4023 679 4093 piunt
713 4021 1003 4091 baptisma,
1036 4028 1323 4089 postquam
1355 4019 1755 4081 convaluerint,
1791 4018 1949 4074 ﬁdem
1985 4035 2113 4090 per-

523 4115 755 4179 discere,
792 4122 848 4169 ct
895 4113 1059 4181 scire,
1097 4112 1258 4181 cujus
1316 4110 1563 4165 muneris
1626 4111 1924 4181 participes
1982 4112 2110 4168 facti

800 4295 1025 4350 Concilii
1059 4293 1363 4349 azcumenici
1402 4308 1455 4347 v1
1499 4309 1670 4347 canon
1719 4293 1787 4347 78

593 4392 683 4447 78.
737 4390 893 4457 Quod
921 4398 1134 4459 Oportet
1164 4403 1260 4443 eos
1286 4387 1334 4419 ⁸³
1378 4386 1472 4456 qui
1524 4386 1905 4441 illuminantur
1946 4384 2106 4439 fidem

521 4486 757 4547 discere,
779 4493 833 4537 et
863 4485 1056 4552 quinta
1083 4482 1402 4550 septimana:
1424 4480 1561 4535 feria
1592 4479 1845 4550 episcopo
1866 4492 1962 4532 seu
1992 4492 2113 4548 pre-

522 4578 760 4648 sbyteris
792 4577 1129 4631 renuntiare.

595 4668 811 4723 Textus.
848 4666 1081 4720 Constit.
1131 4664 1219 4725 10,
1248 4664 1333 4718 tit.
1376 4664 1429 4731 8,
1458 4663 1558 4717 lib.
1598 4676 1638 4726 ι,
1666 4661 1789 4717 cod.
1826 4659 2002 4730 jubet,
2047 4667 2108 4713 ut

519 4758 741 4830 pagani,
779 4756 871 4825 qui
913 4756 1062 4823 parvi
1117 4754 1322 4827 [adhuc
1369 4765 1423 4809 et
1457 4753 1640 4825 pueri]
1678 4762 1828 4814 sunt,
1862 4753 1997 4808 citra
2025 4751 2108 4805 di-

523 4852 782 4905 lationem
813 4850 1204 4918 baptizentur:
1241 4849 1335 4918 qui
1369 4864 1500 4902 vero
1547 4848 1909 4911 adoleverint,
1949 4847 2105 4917 prius

524 4941 841 5010 Scripturas
896 4950 952 4993 et
1023 4950 1405 4995 sacrosanctos
1472 4954 1711 4994 canones
1777 4940 2100 4995 doceantur.

524 5030 820 5086 Sciendum
856 5037 941 5083 est
990 5038 1171 5084 autem
1231 5045 1331 5083 nos
1378 5044 1484 5082 non
1524 5029 1768 5082 invenire
1811 5043 2101 5090 eanonem,

521 5124 615 5193 qui
634 5122 1031 5192 talequidpiam
1052 5122 1265 5176 doceat.
1283 5120 1485 5176 Verum
1510 5130 1686 5176 const.
1714 5120 1768 5186 ’5,
1797 5121 1926 5175 tit.'5
1945 5120 2104 5190 156

521 5211 893 5279 Novellarum,
933 5226 1057 5282 quae
1098 5211 1338 5267 secunda
1368 5221 1453 5266 est
1496 5211 1562 5266 de
1606 5212 1989 5276 Samaritanis,
2039 5227 2103 5263 ac

522 5307 577 5360 in
610 5314 760 5361 textu
787 5306 1056 5361 librorum
1077 5306 1130 5359 in
1156 5304 1533 5359 Patriarcbico
1560 5305 1944 5359 exsistcntium
1976 5303 2097 5369 l'o'5,

520 5397 718 5463 sancit,
764 5413 831 5452 ne
864 5396 1153 5452 confestim
1202 5395 1531 5451 Samaritani
1576 5395 1643 5451 ad
1685 5403 2098 5449 sacrosanctum

520 5491 790 5563 baptisma
848 5490 1220 5559 recipiantur:
1279 5487 1371 5542 sed
1420 5487 1512 5557 qui
1554 5486 1753 5543 bonam
1786 5486 2095 5541 doctrinam

522 5579 782 5654 Πρω-ρει·
812 5578 1052 5653 aetat-cm]
1086 5581 1365 5652 percipere
1390 5590 1642 5651 possunt,
1685 5594 1787 5650 per
1814 5579 2095 5634 biennium

589 5718 636 5751 ⁵³
673 5717 897 5775 Laodic.
930 5735 1059 5775 can.
1091 5717 1187 5773 46.

2220 1649 2558 1719 ἑϐδομάδας
2590 1652 2702 1722 τῆς
2755 1659 3261 1731 Τεσσαρακοστῆς
3306 1662 3589 1731 δέχεσθαι
3646 1672 3786 1739 πρὸς

2222 1739 2290 1793 τὸ
2314 1742 2612 1811 φώτισνμα.

2504 1834 2775 1890 Συνόδου
2804 1839 3154 1907 Λαοδικείας
3180 1844 3382 1899 κανὼν
3411 1853 3517 1917 με’.

2295 1927 2401 2011 μεέ.
2432 1922 2554 1977 Ὀτι
2581 1926 2642 1979 ού
2674 1927 2758 1981 δεῖ
2800 1932 2939 1999 μετὰ
2973 1933 3066 1986 δύο
3092 1936 3393 2006 ἑϐδομάδας
3421 1938 3690 2011 δέχεσθαι,
3716 1944 3790 2007 είς

2221 2009 2279 2061 τὸ
2312 2010 2591 2084 φώτισμα,
2618 2019 2715 2085 τῆς
2748 2021 3227 2096 Τεσσαρακοστῆς.

2292 2102 2544 2162 ΚΕΦΑΛ.
2575 2109 2726 2162 B'.--
2749 2114 2888 2181 Περὶ
2914 2114 3036 2168 τῶν
3062 2118 3514 2186 ἐφορκιζόντων.

2501 2203 2773 2257 Συνόδου
2804 2206 3155 2276 Λαοδικείας
3183 2212 3385 2265 κανὼν
3412 2221 3503 2280 κς¹

2291 2299 2403 2358 κς’.
2432 2295 2557 2348 Ὅτι
2584 2297 2644 2349 ού
2674 2298 2757 2351 δεῖ
2787 2300 3099 2371 ἐφορκίζειν
3140 2304 3265 2365 τοὺς
3308 2307 3383 2376 μὴ
3429 2309 3789 2378 προαχθέντας

2220 2384 2327 2437 ὑπὸ
2370 2387 2709 2453 ἐπισκόπων,
2755 2392 2894 2460 μήτε
2931 2394 2988 2446 ἐν
3019 2397 3138 2457 ταῖς
3183 2396 3524 2467 ἐκκλησίαις,
3564 2402 3698 2472 μήτε
3734 2402 3788 2454 ὲν

2219 2478 2336 2540 ταῖς
2369 2478 2593 2543 οἰκίαις.
3366 2525 3375 2532 .

2470 2570 2721 2626 ΚΕΦΔΛ.
2752 2569 2827 2625 Γ’.
2844 2603 2915 2612 -
2932 2574 3064 2641 Πῶς
3092 2575 3191 2630 δεῖ
3216 2578 3551 2641 βαπτίζειν.

2590 2666 2978 2721 Ἀποστόλων
3005 2671 3208 2724 κανὼν
3247 2672 3357 2741 μθ’,
3379 2671 3443 2727 ν’.

2292 2758 2400 2827 μθ’.
2437 2758 2603 2822 Εἷτις
2638 2758 2939 2823 ἐπίσκοπος
2973 2760 3006 2831 ἢ
3046 2763 3436 2835 πρεσϐύτερος,
3476 2784 3533 2824 κ.
3556 2784 3607 2821 τ.
3637 2767 3685 2823 λ.

2292 2946 2355 2993 ν’.
2392 2939 2458 2992 EE
2480 2956 2562 3002 τις
2592 2938 2891 3005 ἐπίσκοπος
2923 2940 2957 3015 ἢ
2994 2941 3383 3016 πρεσϐύτερος,
3428 2946 3505 3019 μὴ
3545 2947 3667 3020 τρία
3697 2948 3788 3019 βα-

2219 3029 2525 3098 πτίσματα,
2557 3047 2613 3085 κ.
2639 3047 2692 3084 τ.
2715 3030 2766 3085 λ.

2357 3188 2629 3242 Συνόδου
2655 3190 3077 3260 οικουμενικῆς
3101 3192 3303 3261 ἕκτης,
3329 3197 3532 3251 κανὼν
3558 3200 3654 3254 νΘ’.

2298 3280 2390 3333 νίν.
2423 3280 2629 3344 Μηδεὶς
2661 3282 2719 3334 ἐν
2745 3282 3020 3352 εύκτηρίῳ
3047 3285 3201 3355 οἴκῳ,
3232 3304 3284 3339 κ.
3318 3306 3365 3340 τ.
3391 3288 3441 3344 λ.

2288 3372 2542 3426 ΚΕΦΑΛ.
2568 3370 2719 3447 Δ’.--έ
2749 3374 2889 3442 Περὶ
2918 3376 3025 3429 τοῦ
3061 3377 3279 3445 χρῆναι
3312 3381 3453 3447 τοὺς
3487 3382 3789 3454 φωτιζομέ-

2218 3478 2364 3531 νους
2384 3464 2794 3535 ἀπαγγέλλειν
2822 3467 2938 3533 τὴν
2962 3469 3190 3522 πίστιν.

2424 3554 2696 3610 Συνόδου
2732 3557 3080 3623 Λαοδικείας
3106 3558 3307 3612 κανὼν
3336 3567 3451 3629 pg’,
3475 3564 3581 3632 μζ’.

2288 3652 2408 3715 μςδ.
2448 3647 2569 3699 Ὅτι
2605 3647 2687 3700 δεῖ
2721 3649 2849 3711 τοὺς
2886 3648 3313 3718 φωτιζομένονς,
3350 3652 3447 3722 τὴν
3487 3656 3667 3709 πίστιν
3697 3658 3786 3710 ἐκ-

2218 3739 2542 3808 μανθάνειν*
2576 3741 2670 3793 καὶ
2691 3743 2758 3810 τῇ
2788 3741 3011 3811 πέμπτῃ
3046 3743 3144 3812 τῆς
3172 3743 3485 3814 ἐϐδομάδος,
3512 3751 3783 3819 ἀπαγγέλ-

2214 3829 2327 3882 λειν
2355 3828 2435 3900 τῷ
2468 3829 2751 3901 ὲπισκόπῳ
2778 3830 2810 3902 ἦ
2851 3835 2963 3895 τοῖς
2989 3834 3403 3905 πρεσϐυτέροις.

2287 3918 2396 3990 με.
2425 3920 2547 3973 Ὀτι
2584 3920 2665 3973 δεῖ
2707 3922 2834 3984 τοὺς
2868 3923 2925 3974 ἐν
2970 3924 3109 3993 νόσῳ
3155 3926 3681 3997 παραλαμϐάνοντας
3726 3931 3783 3985 τὸ

2214 4008 2494 4081 φώτισμα,
2547 4011 2640 4065 καὶ
2697 4008 2817 4065 εἶτα
2872 4014 3231 4080 ἀναστάντας,
3285 4018 3646 4087 ἐκμανθάνειν
3688 4022 3781 4092 τὴν

2214 4101 2419 4170 πίστιν,
2460 4105 2556 4158 καὶ
2587 4104 2880 4172 γινώσκειν
2914 4107 2999 4159 ὅτι
3029 4106 3179 4171 Θείας
3210 4108 3419 4179 δωρεᾶς
3450 4112 3780 4184 κατηξιώθη-

2217 4210 2337 4249 σαν.

2353 4288 2625 4342 Συνόδου
2653 4290 3071 4359 οἰκουμενικῆς
3104 4291 3283 4361 ἕκτης
3312 4294 3515 4349 κανὼν
3542 4295 3642 4367 οη’.

2280 4386 2382 4450 οην.
2411 4380 2536 4433 Ὅτι
2564 4381 2643 4434 δεῖ
2668 4382 2797 4446 τοὺς
2825 4384 3228 4453 φωτιζομένους
3251 4388 3350 4457 τὴν
3375 4386 3561 4441 πίστιν
3586 4390 3781 4458 ἐκμαν-

2210 4473 2415 4537 θάνειν,
2450 4476 2543 4529 καὶ
2578 4477 2644 4547 τῇ
2686 4477 2914 4550 πέμπτῃ
2952 4477 3052 4548 τῆς
3082 4478 3376 4549 ἑϐδομάδος
3420 4480 3777 4551 ἀπαγγέλλειν

2206 4567 2284 4637 τῷ
2310 4569 2597 4639 ἐπισκόπῳ
2621 4569 2653 4640 ἢ
2676 4572 2789 4632 τοῖς
2812 4570 3220 4641 πρεσϐυτέροις.

2291 4659 2355 4713 Ἢ
2389 4666 2418 4713 ι’
2455 4660 2695 4728 διάταξις
2733 4660 2827 4715 τοῦ
2869 4659 2921 4733 η’
2958 4663 3061 4714 τίτ.
3109 4662 3201 4715 τοῦ
3242 4667 3289 4715 α’
3332 4662 3471 4734 βιϐλ.
3517 4665 3612 4718 τοῦ
3653 4665 3774 4719 κώδ.

2207 4753 2651 4823 παρακελεύεται
2681 4755 2808 4817 τοὺς
2853 4754 3141 4825 Ἕλληνας,
3190 4758 3419 4826 μικροὺς
3454 4757 3554 4826 μὲν
3600 4758 3774 4823 ὄντας,

2206 4846 2376 4915 χωρὶς
2409 4845 2681 4916 ἀναϐολῆς
2719 4845 3076 4915 βαπτίζεσθαι
3095 4860 3109 4873 θ
3143 4848 3267 4910 τοὺς
3287 4848 3342 4901 δὲ
3365 4849 3620 4915 τελείους,
3651 4851 3777 4920 πρό-

2205 4954 2364 5006 τερον
2406 4936 2505 5000 τὰς
2539 4937 2764 5008 Γραφὰς
2804 4938 2945 4991 κατὰ
2983 4937 3105 5000 τοὺς
3139 4938 3327 5005 ἁγίους
3368 4941 3599 5004 κανόνας
3636 4940 3775 4994 διδα-

2209 5031 2530 5100 σκομένους.
2567 5030 2881 5100 Καὶλίστέον
2920 5030 3002 5083 ὅτι
3048 5032 3145 5101 ούχ
3178 5032 3503 5101 εὑρίσκομεν
3552 5034 3773 5095 κανόνας

2204 5123 2444 5177 τοιοῦτόν
2484 5140 2537 5177 τι
2582 5123 3083 5196 διαγορεύονταςοή
3131 5124 3186 5176 δὲ
3219 5124 3261 5193 β’
3284 5125 3424 5177 διάτ.
3463 5124 3557 5178 τοῦ
3601 5124 3651 5191 γ’
3672 5123 3772 5176 τίτ.

2202 5212 2312 5264 τῶν
2351 5212 2600 5282 Νεαρῶν,
2634 5212 2679 5283 β’
2713 5211 2845 5265 οὖσα
2888 5212 3015 5281 περὶ
3047 5213 3422 5285 Σαμαρειτῶν,
3456 5218 3689 5284 σκειμένη
3722 5212 3775 5264 δὲ

2203 5306 2262 5356 ὲν
2310 5303 2389 5375 τῷ
2426 5304 2575 5376 ῥητῷ
2616 5305 2723 5358 τῶν
2756 5306 2813 5357 ἐν
2860 5305 2938 5375 τῷ
2972 5306 3347 5375 πατριαρχείῳ
3388 5305 3606 5374 βιϐλίων
3640 5303 3767 5375 ρλγκ

2202 5394 2449 5459 θεσπίζει
2478 5395 2552 5464 μὴ
2579 5395 2884 5466 προχείρως
2909 5395 3034 5458 τοὺς
3060 5395 3404 5466 Σαμαρείτας
3432 5397 3521 5449 ἐπὶ
3542 5395 3602 5447 τὸ
3627 5395 3773 5469 ἅγιον

2201 5488 2451 5558 δέχεσθαι
2479 5486 2779 5557 βάπτισμα,
2818 5487 2954 5540 ἀλλὰ
2977 5489 3101 5551 τοὺς
3131 5488 3229 5558 μὲν
3258 5488 3498 5559 χρηστῆς
3525 5487 3770 5540 διδασκα-

2203 5579 2325 5644 λίας
2377 5578 2824 5650 αἰσθανομένους,
2857 5580 2952 5634 ἐπὶ
2992 5579 3195 5634 διετίαν
3253 5578 3632 5651 κατηχεῖσθαι,
3680 5574 3769 5628 καὶ
