4122 6438
600 402 707 467 619

668 600 762 655 20.
805 555 1160 661 Quaacunqu'e
1192 582 1470 642 mulieres,
1503 587 1627 629 cum
1655 572 1839 623 essent
1873 564 1928 617 in
1956 555 2173 621 haeresi,

601 689 971 761 virginitatem
1025 677 1284 749 professa:
1335 679 1482 731 sunt,
1516 663 1607 720 sed
1656 669 1843 731 postea
1893 652 2178 709 matrimo-

1026 737 1039 749 _

603 784 758 839 nium
804 773 1175 848 prmtulerunt,
1229 779 1335 818 non
1381 758 1613 813 arbitror
1664 766 1758 806 eas
1830 737 2181 801 condemnari

607 882 881 945 oportere.
909 866 1245 931 Quaecunque
1290 853 1426 909 enim
1464 848 1591 901 dicit
1624 845 1726 908 lex,
1756 841 1820 894 iis
1856 835 1945 907 qui
1990 834 2041 886 in
2073 831 2183 899 lege

1453 942 1461 945 -
1943 925 2180 945 “dam

610 925 733 1022 struit
771 958 987 1015 dicit“.
1030 925 1168 1019 Quae
1214 956 1397 1003 autem
1446 942 1634 1011 jugum
1688 931 1892 989 Christi
1943 925 2184 981 nondum

613 1058 916 1113 subierunt.
959 1062 1023 1102 ea
1058 1058 1159 1098 nec
1200 1036 1412 1095 Domini
1452 1035 1596 1101 leges
1641 1028 1962 1096 agnoscunt.
2005 1016 2188 1081 Quare

610 1156 738 1204 sunt
764 1146 819 1198 in
847 1136 1148 1195 Ecclesium
1194 1125 1519 1199 recipiendae
1562 1134 1685 1174 eum
1719 1112 1993 1172 omnibus,
2019 1106 2183 1161 etiam

612 1241 809 1294 horum
860 1230 1236 1288 remissionem
1270 1220 1535 1275 habentes
1566 1228 1629 1267 ex
1658 1209 1762 1263 title
1791 1206 1846 1259 in
1882 1200 2186 1257 Christum.

610 1332 690 1384 Ac
720 1326 941 1381 omnino
973 1334 1097 1392 qua:
1150 1317 1204 1370 in
1233 1304 1681 1368 eateehumeniea
1720 1299 1829 1352 vita
1864 1294 2007 1348 facta
2036 1297 2181 1351 sunt,

613 1422 666 1475 in
698 1416 967 1488 judicium
1016 1425 1123 1464 non
1166 1414 1457 1459 vorantur.
1496 1396 1656 1450 Tales
1709 1398 1891 1444 autem
1940 1382 2189 1437 videlicet

614 1478 735 1568 sine
776 1506 1100 1575 baptismate
1147 1494 1387 1551 Ecclesia
1420 1504 1527 1543 non
1566 1484 1776 1552 recipit.
1804 1478 1985 1545 Quare
2027 1486 2192 1544 gene-

618 1600 847 1657 rationis
867 1599 989 1669 jura
1017 1591 1222 1649 suntin
1254 1585 1388 1657 ipsis
1423 1580 1661 1635 maxime
1686 1569 2019 1629 necessaria.

865 1768 1139 1841 Theophili
1178 1781 1241 1820 ex
1262 1753 1663 1817 commonitorio
1702 1763 1866 1803 canon
1904 1743 1958 1798 4.

692 1872 749 1926 4.
794 1869 866 1921 De
892 1862 1168 1933 Panuph.,
1200 1869 1329 1921 etc.,
1366 1861 1422 1905 ut
1449 1865 1570 1919 pag.
1604 1841 1729 1898 530.

626 1963 815 2038 Cyrilli
837 1976 903 2017 ex
930 1954 1150 2028 epistola
1161 1950 1250 2038 ἱρά
1271 1947 1548 2038 lepispopos
1593 1936 1682 2006 qui
1718 1939 1843 1986 sunt
1877 1936 1892 1982 i

1152 2015 1432 2085 Pentapoli
1471 2024 1663 2064 canon.

696 2126 789 2181 44.
813 2123 909 2178 Sin
943 2129 1124 2175 autem
1166 2083 1594 2181 segregationem
1628 2093 1794 2164 aliqui
1848 2083 2208 2145 sustinuerint

1902 1945 1931 1979 ιι
1957 1924 2123 1995 Libya
2153 1932 2202 1977 et

633 2404 722 2458 nis
752 2390 1224 2463 excedantgratia:
1255 2400 1364 2439 non
1413 2375 1728 2451 participes,
1781 2365 1990 2423 scilicet
2058 2373 2211 2414 com-

634 2493 898 2549 munione
926 2494 1194 2541 carentes.
1244 2476 1473 2531 Videtur
1510 2469 1656 2524 enim
1710 2463 1815 2516 hoc
1850 2468 2069 2527 quoque
2108 2448 2215 2503 Ec-

633 2582 818 2641 clesiae
860 2570 1244 2633 consuetudini
1307 2565 1607 2620 adhaerere.
1658 2552 1906 2609 Salutate
1937 2558 2058 2599 eam
2092 2554 2215 2609 qua:

633 2685 721 2733 est
747 2671 891 2743 apud
919 2683 1016 2722 vos
1056 2660 1450 2718 fraternitatem
1482 2671 1496 2721 ;
1533 2663 1656 2721 qua:
1695 2642 1982 2700 nobiscum
2010 2644 2099 2690 est
2120 2648 2217 2687 vos

636 2771 692 2824 in
727 2764 958 2821 Domino
980 2760 1199 2815 salutat.

711 2861 931 2916 Toxlus.
964 2854 1155 2909 Const.
1188 2848 1238 2914 1,
1285 2845 1371 2898 tit.
1405 2840 1493 2902 12,
1524 2836 1623 2892 lib.
1657 2853 1696 2891 ι.
1742 2833 1868 2889 cod.
1900 2832 2012 2886 ait:
2063 2823 2219 2893 Quod

642 2950 741 3031 [si]
777 2949 1024 3011 Judaaus,
1058 2950 1117 2996 ut
1155 2939 1362 2995 crimen
1404 2941 1500 2988 aut
1537 2930 1776 2985 debitum
1834 2924 2019 2987 evitet,
2065 2915 2227 2974 Chri-

1580 3022 1591 3031 .
1638 3020 1648 3030 .
2127 3008 2189 3031 ,Α

654 3008 690 3031 L‘
718 3008 741 3028 .l
1009 3008 1018 3011 —

654 3047 871 3103 stianus
909 3037 1025 3093 ﬁeri
1049 3033 1201 3096 velit,
1239 3030 1417 3099 ipsum
1449 3020 1651 3090 suscipi
1685 3033 1795 3072 non
1832 3019 2098 3083 oporteat,
2124 3008 2224 3060 do-

646 3151 747 3191 nec
806 3135 1073 3189 innocens
1129 3126 1413 3193 appareat,
1478 3113 1567 3167 vel
1627 3110 1866 3164 debitum
1921 3101 2219 3175 persolvat.

644 3228 836 3284 Const.
886 3235 1017 3276 vero
1056 3216 1146 3280 £0,
1188 3213 1269 3267 tit.
1312 3226 1372 3271 ιι,
1412 3206 1547 3271 vult,
1585 3210 1647 3256 ut
1696 3199 1888 3270 pagani
1949 3193 2225 3262 baptizen-

650 3330 761 3382 tur,
796 3330 861 3370 ac
884 3325 1073 3367 eorum
1100 3299 1367 3379 [quidem]
1391 3296 1571 3357 liberi,
1596 3293 1642 3347 si
1679 3289 1891 3362 parvuli
1929 3288 2056 3349 sint,
2090 3283 2227 3337 citra

650 3408 1012 3466 dilationem:
1050 3401 1097 3456 si
1133 3410 1260 3453 vero
1294 3386 1655 3449 adoleverint,
1703 3383 1855 3453 prius
1886 3390 2127 3432 canones
2175 3379 2231 3426 et

654 3502 970 3571 Scripturas
993 3494 1316 3549 doceantur.
1342 3483 1547 3539 Verum
1605 3485 1783 3531 eonst.
1803 3475 1856 3537 5,
1883 3468 2043 3540 159
2063 3466 2143 3521 tit.
2175 3464 2229 3527 5,

654 3592 1024 3652 Novellarum,
1060 3598 1160 3654 per
1190 3576 1473 3636 biennium
1514 3570 1730 3627 adultos
1756 3563 2140 3619 Samaritanos
2178 3554 2233 3609 in

660 3690 764 3742 ιίιιθ
795 3680 1005 3739 institui
1033 3677 1171 3731 vult.

735 3787 891 3845 CAP.
922 3783 1038 3839 Vlll
1069 3812 1137 3823 -—
1168 3781 1242 3835 De
1274 3774 1528 3848 episcopis
1554 3779 1644 3824 aut
1684 3764 1887 3822 clericis
1920 3762 2239 3831 baptismum

664 3881 1032 3938 hereticorum
1059 3869 1482 3927 admittentibus.

1110 3963 1481 4035 Apostolorum
1511 3972 1674 4010 canon
1709 3951 1797 4005 46.

735 4066 828 4121 46.
875 4061 1018 4136 [45]
1047 4060 1412 4130 Episcopum,
1466 4050 1549 4105 vel
1585 4046 1963 4118 presbyterum
1994 4035 2087 4107 qui
2134 4035 2245 4087 ha:-

666 4159 961 4211 retieorum
989 4129 1317 4221 baptismum
1343 4155 1474 4207 etc.,
1507 4150 1562 4194 ut
1591 4153 1755 4207 supra
1786 4149 1905 4204 pag.
1936 4129 2062 4184 610.

737 4250 889 4311 CAP.
915 4248 1010 4308 IX.
1034 4278 1105 4290 -—
1134 4246 1211 4300 De
1242 4240 1522 4313 baptizatis
1541 4238 1594 4291 in
1626 4234 1826 4287 morbo.

954 4428 1180 4487 Concilii
1211 4414 1653 4479 Neoca'sariensis
1686 4426 1854 4465 canon
1881 4406 1966 4461 1'2.

743 4528 869 4585 502.
903 4523 961 4581 Si
996 4523 1121 4593 quis
1157 4524 1426 4587 aegrotans
1451 4508 1615 4565 fuerit
1654 4502 2017 4563 illuminatus,
2041 4502 2125 4549 etc
2156 4498 2248 4557 ,ut

672 4598 907 4674 pag.52.

1029 4677 1257 4735 Concilii
1285 4668 1571 4728 Laodiceni
1609 4680 1777 4718 cauon
1814 4661 1901 4715 47.

752 4780 843 4835 47.
890 4773 1046 4842 Quod
1091 4776 1344 4841 oporteat
1386 4781 1484 4821 eos
1526 4761 1619 4832 qui
1672 4758 1726 4811 in
1780 4748 2098 4824 aegritudine
2128 4751 2258 4809 etc.,

682 4880 739 4926 ut
772 4886 895 4940 pag.
932 4864 1059 4921 6l5.

966 4954 1194 5013 Concilii
1218 4944 1651 5017 Cartltaginensis
1680 4953 1849 4993 canon
1877 4932 1969 4989 45.

692 5054 763 5109 De
823 5044 1201 5122 aegrotantibus
1268 5042 1357 5112 qui
1408 5054 1503 5105 pro
1546 5053 1600 5089 se
1634 5030 1946 5101 respondere
1992 5040 2093 5078 non
2139 5034 2261 5091 pos—

1407 5135 1543 5179 sunt.

758 5232 847 5289 45.
892 5228 966 5286 Ut
1014 5231 1374 5296 argrotantes,
1427 5218 1472 5273 si
1522 5231 1619 5286 pro
1669 5226 1728 5267 se
1773 5203 2107 5275 respondere
2154 5214 2264 5253 non

690 5330 965 5394 possunt,
1011 5330 1137 5372 cum
1180 5308 1479 5367 voluntatis
1522 5318 1714 5359 eorum
1757 5291 2133 5352 testimonium
2182 5288 2267 5342 sui

688 5413 932 5485 periculo
964 5406 1185 5480 proprio
1211 5403 1480 5462 dixerint,
1520 5394 1879 5461 baptizentur.
1917 5385 1988 5440 Ut
2011 5377 2263 5442 scenicis,

1758 362 2018 429 PHOTlI
2058 352 2562 421 PATRIARCHIE
2594 350 2703 412 CP.

1039 496 1201 570 158
1235 491 1425 548 Basilii
1453 499 1621 541 canon
1650 480 1741 536 20.
2207 476 2256 528 Α

3734 336 3831 399 6ἓο

2742 450 3065 510 Βασιλείου
3098 446 3297 501 κανὼν
3326 448 3394 504 κ’.

2352 553 2421 607 κ’.
2474 551 2636 605 Ὅσαι
2672 547 2927 617 γυναῖκες
2975 543 3033 593 ὲν
3085 536 3292 608 αἱρέσει
3342 526 3498 586 οὖσαι
3550 530 3834 601 παρθενίαν

2282 644 2663 715 ὡμολόγησαν,
2726 633 2844 690 εἶτα
2893 631 3033 706 μετὰ
3082 628 3255 681 ταῦτα
3301 624 3479 694 γάμον
3525 621 3834 683 ἀνθείλοντο,

2284 736 2382 804 οὐχ
2419 732 2660 804 ἠγοῦμαι
2699 728 2898 797 χρῆναι
2942 715 3398 776 καταδικάζεσθαι
3425 712 3646 773 ταύτας.
3692 710 3839 763 'Oca

2428 800 2677 891 drdﬁoc
2701 815 2899 881 λαλεῖ,
2921 812 3045 877 τοῖς
3071 811 3143 863 ἐν
3177 807 3259 871 τῷ
3288 805 3451 872 νόμῳ
3471 800 3664 855 λαλεῖ·
3702 801 3756 852 αἱ
3784 801 3835 853 δὲ

2290 890 2454 989 μήπω
2497 890 2826 968 ὑπελθοῦσαι
2856 907 2948 960 τὸν
2977 904 3139 970 ζυγὸν
3181 899 3276 952 τοῦ
3305 894 3561 967 Χριστοῦ,
3599 892 3718 945 οὐδὲ
3751 890 3840 961 τὴν

2286 1006 2608 1079 νομοθεσίαν
2662 998 3084 1069 ὲπιγινώσκουσι
3142 991 3234 1044 τοῦ
3300 986 3570 1039 Δεσπότου
3631 998 3645 1011 ο
3713 982 3842 1033 ὥστε

2285 1073 2470 1154 δείιταί
2508 1100 2613 1150 είσι
2638 1098 2704 1166 τῇ
2738 1088 3036 1160 Ἐκκλησία¹
3069 1083 3206 1155 μετὰ
3232 1081 3470 1141 πάντων,
3513 1074 3607 1129 καὶ
3634 1073 3728 1142 τὴν
3755 1074 3843 1124 ἐπὶ

2287 1192 2498 1254 τούτοις
2549 1164 2742 1257 ἄφεσιν
2790 1184 3012 1253 ἔχουσαι
3070 1180 3135 1230 ὲκ
3184 1173 3284 1242 τῆς
3310 1172 3545 1230 πίστεως
3566 1164 3790 1236 Χριστόν
3828 1177 3843 1194 ·

2290 1286 2384 1338 καὶ
2416 1282 2642 1336 καθόλου
2688 1278 2755 1330 τὰ
2796 1278 2852 1327 ἐν
2879 1273 2957 1341 τῷ
2999 1265 3389 1336 κατηχουμένῳ
3434 1261 3535 1330 βίῳ
3574 1257 3845 1327 γενόμενα,

2292 1378 2371 1438 είς
2416 1373 2646 1433 εὐθύνας
2700 1370 2800 1422 οὐκ
2837 1365 3052 1431 ἄγεται.
3101 1358 3338 1416 Τούτους
3362 1355 3419 1407 δὲ
3464 1349 3702 1422 δηλονότι
3731 1349 3847 1400 ἄνευ

2296 1465 2695 1537 βαπτίσματος,
2746 1460 2779 1528 ἡ
2843 1450 3139 1522 Ἐκκλησία
3176 1449 3237 1500 οὐ
3286 1444 3690 1514 παραδέχεταιο
3720 1438 3849 1491 ὥστε

2294 1526 2701 1622 αναγκαιότατα
2727 1526 2852 1621 Ral.
2889 1543 3099 1603 τούτοις
3151 1536 3222 1591 τὰ
3272 1534 3538 1606 πρεσϐεῖα
3564 1530 3663 1599 τῆς
3708 1526 3851 1596 γενέ-

2298 1663 2455 1707 σεως.

2388 1738 2683 1806 Θεοφίλου
2713 1733 2781 1787 ἐκ
2808 1730 2915 1785 τοῦ
2946 1719 3455 1794 Ὑπομνηστικοῦ,
3486 1715 3686 1770 κανὼν
3719 1713 3778 1767 δ’.

2233 1810 2274 1864 Β
2376 1832 2438 1884 δ’.
2464 1829 2599 1899 Περὶ
2632 1827 2688 1879 δὲ
2715 1826 2959 1888 Helvetia,
2996 1836 3050 1871 κ.
3085 1815 3203 1871 τ.λ.

2306 1898 2605 1989 Κυρίλλου
2630 1919 2697 1971 ἐκ
2728 1916 2835 1981 τῆς
2859 1912 3007 1989 πρὸς
3039 1908 3179 1989 τοὺς
3206 1902 3494 1989 autem
3529 1898 3624 1985 zeal
3654 1899 3862 1989 [ξενω-

2450 1968 3022 2047 Ῠέξπιοίφξόσέουξ
3058 1968 3387 2040 ἐπιοτολῆς
3408 2012 3423 2038 ,
3454 1968 3650 2024 κανὼν
3675 1968 3735 2019 δ’.

2377 2087 2443 2140 δ’.
2489 2083 2614 2136 Ἐὰν
2651 2080 2708 2132 δὲ
2749 2072 3029 2147 χωρισμὸν
3059 2064 3395 2139 ὑπομείνωσι
3443 2078 3589 2124 τινες
3619 2060 3860 2125 ἐπιτιμη-

2136 2176 2210 2229 Ῑε-
2307 2179 2495 2239 θέντες
2556 2168 2915 2238 πταισμάτων
2968 2163 3130 2215 ἓνεκα
3156 2199 3171 2225 ,
3208 2153 3329 2211 εἶτα
3362 2154 3599 2225 μέλλωσι
3627 2149 3867 2216 τελευτᾷν

2194 2293 2212 2304 -
2309 2265 2707 2337 κατηχούμενοι
2740 2260 2891 2321 ὄντες
2914 2298 2928 2323 ,
2956 2250 3429 2326 βαπτιζέσθωσαν,
3460 2245 3553 2298 καὶ
3586 2243 3658 2313 μὴ
3685 2239 3870 2306 ἀποδη-

2316 2332 2588 2431 μείτωσαν
2646 2352 2755 2407 τῶν
2788 2346 3145 2420 ἀνθρωπίνων
3201 2341 3459 2411 ἀμέτοχοι
3500 2334 3602 2404 τῆς
3644 2332 3869 2403 χάριτος,

2312 2421 2481 2524 ἤγουν
2529 2444 2882 2514 ἀχοινὼνητοι
2909 2456 2923 2470 ·
2956 2438 3105 2492 δοκεῖ
3131 2435 3239 2503 γὰρ
3286 2428 3577 2500 προσέχειν
3604 2425 3699 2478 καὶ
3728 2421 3871 2475 τοῦτο

2317 2546 2430 2605 τοῖς
2454 2541 2555 2609 τῆς
2595 2511 2925 2605 Ἐκκλησίας
2965 2529 3187 2598 θεσμοῖς
3224 2541 3239 2556 ο
3274 2522 3608 2594 προσείπατε
3638 2516 3731 2585 τὴν
3756 2511 3874 2580 παρ’

2317 2638 2447 2706 ὑμῖν
2478 2608 2847 2700 ἀδελφότητα*
2880 2624 3024 2694 ὑμᾶς
3048 2622 3083 2691 ή
3114 2620 3210 2673 σὺν
3234 2617 3364 2687 ἡμῖν
3398 2615 3458 2665 ὲν
3491 2608 3679 2681 Κυρίῳ
3712 2618 3871 2675 προσ-

2327 2723 2607 2795 αγορεύει.

2495 2820 2543 2868 α’
2578 2807 2819 2872 διάταξις
2868 2802 2963 2858 τοῦ
2991 2800 3059 2872 ιβ’
3108 2798 3214 2853 τίτ.
3249 2795 3341 2851 τοῦ
3387 2799 3436 2847 α’
3471 2791 3611 2863 βιῦλ.
3640 2785 3729 2841 τοῦ
3760 2780 3875 2837 κώδ.

2325 2908 2510 2980 φησὶν,
2556 2906 2637 2958 ὅτι
2680 2902 2776 2955 ἐὰν
2817 2895 3070 2957 Ἰουδαῖος
3111 2890 3198 2945 διὰ
3242 2889 3302 2941 τὸ
3348 2888 3541 2957 φυγεῖν
3593 2874 3879 2949 ἐγκλημαῆ

2325 2966 2507 3072 ἆρ’έος,
2535 2995 2737 3066 θελήσῃ
2764 2987 3154 3062 χριστιανίσαι,
3184 2983 3243 3035 ού
3274 2980 3354 3033 δεῖ
3392 2977 3553 3031 αὑτὸν
3574 2966 3885 3042 προσδεχθῆ-

2327 3109 2435 3151 ναι,
2462 3087 2565 3149 ἓως
2596 3085 2661 3137 ἂν
2679 3082 2969 3141 ἀνεύθυνος
2997 3077 3161 3146 φανῇ,
3190 3072 3283 3124 καὶ
3310 3068 3370 3122 τὸ
3402 3067 3563 3136 χρέος
3587 3057 3881 3125 καταϐάλῃ·

2326 3184 2360 3253 ἡ
2385 3146 2440 3232 δέ
2469 3184 2499 3231 t'
2521 3146 2664 3229 διάτ.
2689 3171 2785 3225 τοῦ
2805 3175 2874 3224 ια’
2898 3168 3003 3222 τίτ.
3026 3164 3120 3218 τοῦ
3152 3166 3200 3214 α’
3224 3158 3364 3231 βιῦλ.
3396 3156 3541 3209 θέλει
3558 3152 3679 3214 τοὺς
3705 3146 3886 3213 Ἐλλη-

2328 3286 2423 3330 νας
2455 3263 2812 3337 βαπτίζεσθαι
2841 3257 2937 3313 καὶ
2966 3256 3032 3308 τὰ
3069 3252 3234 3307 τέκνα
3263 3247 3468 3308 αὐτῶν,
3500 3244 3665 3314 χωρὶς
3701 3236 3888 3293 ἀναϐοα

2328 3326 2653 3433 λῆξμικρά
2683 3355 2811 3409 δντα
2835 3369 2848 3383 ·
2880 3350 2949 3404 τὰ
2991 3348 3047 3401 δὲ
3077 3344 3257 3398 τέλεια
3291 3332 3745 3411 προδιδάσκεσθαι
3769 3326 3891 3382 κατὰ

2330 3422 2456 3518 τοὺς
2481 3422 2722 3513 ’κανόνας
2755 3446 2854 3508 τὰς
2892 3442 3117 3514 Γραφάς
3139 3456 3152 3470 ⁸
3186 3439 3220 3507 ἠ
3242 3435 3298 3488 δὲ
3340 3438 3391 3502 γ’
3430 3431 3573 3484 διάτ.
3604 3426 3697 3480 τοῦ
3724 3422 3768 3491 γ’
3797 3422 3889 3473 τίτ.

2331 3509 2818 3610 τῶνννεαρῶνίὲπὶ
2838 3509 3039 3588 διετίαν
3060 3528 3202 3582 θέλει
3227 3524 3352 3587 τοὺς
3381 3519 3621 3579 τελείους
3644 3509 3894 3584 Σαμαρεί-

2334 3654 2447 3700 τας
2462 3630 2841 3703 κατηχεῖσθαι.

2410 3691 2660 3781 ίὶΕΦΑΧ.
2694 3724 2775 3777 Η¹.
2800 3751 2869 3761 -—
2886 3717 3026 3785 Περὶ
3050 3712 3399 3770 ἐπισκόπων
3428 3707 3469 3775 ἢ
3498 3697 3791 3770 κληρικῶν
3815 3691 3896 3746 δε-

2340 3820 2612 3894 χομένων
2636 3816 2955 3883 ,βάπτισμα
2992 3806 3321 3877 αἱρετικῶν.

2758 3904 3145 3961 Ἀποστόλων
3169 3893 3372 3950 κανὼν
3404 3896 3529 3961 μς¹.

2420 4012 2542 4077 μςδ.
2578 4002 2908 4055 Ἐπίσκοπον
2958 3996 2992 4065 ἢ
3032 3987 3406 4062 πρεσϐύτερον
3439 3973 3733 4052 αίρετικῶν
3763 3968 3899 4034 δεξα-

2350 4101 2546 4170 μένους
2576 4096 2885 4166 βάπτισμα,
2930 4105 2983 4141 κ.
3017 4103 3068 4140 τ.
3097 4087 3149 4136 λ.

2418 4151 2670 4247 ΚΕίίιᾹΛ.
2698 4151 2880 4240 of;
2920 4176 3057 4247 Περὶ
3092 4175 3211 4228 τῶν·
3255 4170 3325 4225 ἐν
3366 4167 3534 4230 νόσῳ
3576 4151 3902 4229 βιιπτιζομέσ

2347 4302 2490 4342 νων.

2587 4367 2859 4424 Συνόδου
2883 4354 3349 4423 Νεοκαισαρείας
3376 4348 3579 4402 κανὼν
3606 4340 3689 4414 ιβ’.

2281 4499 2326 4553 ι)
2430 4468 2520 4537 ιβ’.
2564 4463 2689 4517 Ἐὰν
2727 4458 2898 4513 νοσῶν
2924 4472 3007 4516 τις
3043 4448 3311 4520 φωτισθῇ,
3345 4462 3398 4497 κ.
3424 4460 3476 4494 τ.
3509 4441 3559 4494 λ.

2638 4643 2907 4703 Συνόδου
2935 4634 3283 4697 Λαοδικείας
3317 4626 3516 4682 κανὼν
3546 4622 3651 4695 μζν.

2427 4745 2538 4816 με’.
2576 4741 2697 4795 Ὅτι
2729 4738 2810 4791 δεῖ
2833 4734 2958 4796 τοὺς
2983 4732 3041 4783 ὲν
3070 4727 3235 4795 νόσῳ,
3259 4740 3315 4776 κ.
3342 4738 3393 4773 τ.
3425 4719 3475 4772 λ.

2606 4915 2877 4974 Συνόδου
2906 4904 3325 4977 Καρθαγέννης
3352 4895 3554 4952 κανὼν
3590 4894 3689 4962 με’.

2430 5012 2569 5082 Περὶ
2596 5010 2716 5065 τῶν
2760 5002 3179 5060 ἀσθενούντων
3196 5035 3211 5061 ,
3245 4992 3338 5047 καὶ
3368 4988 3518 5056 ὑπὲρ
3543 4982 3764 5039 ἑαυτῶν
3788 4975 3915 5028 ἁπο-

2362 5107 2673 5177 κρίνεσθαι
2705 5097 2790 5169 μὴ
2821 5092 3193 5162 δυναμένων.

2439 5150 2479 5161 ’⁷
2500 5150 2672 5158 ""’""'
2705 5150 2789 5169 σπι
2975 5150 2990 5162 σ

2439 5204 2541 5269 με’.
2573 5196 2732 5247 Ὥστε
2764 5190 2889 5250 τοὺς
2936 5180 3316 5241 ἀσθενοῦντας,
3344 5174 3537 5231 οἵτινες
3563 5164 3700 5233 ὑπὲρ
3730 5150 3918 5211 ἑαυτῶν

3237 5267 3243 5269 .
3347 5265 3364 5269 _
3495 5258 3542 5269 η,
3612 5254 3634 5269 ἢ
3753 5248 3829 5269 ,1“
3858 5240 3914 5269 Α

2439 5240 2541 5269 κί’-’-
2599 5240 2731 5247 --νη
2777 5240 2886 5250 -η-
3306 5240 3309 5241 ,

2369 5282 2765 5357 ἀποκρίνεσθαι
2801 5278 2861 5333 ού
2881 5277 3159 5335 δύνανται,
3188 5267 3309 5320 τότε
3344 5254 3724 5332 βαπτίζεσθαι,
3750 5248 3831 5300 ὅτε
3858 5240 3915 5307 τῇ

2370 5334 2403 5345 "
2416 5334 2545 5357 "'"r
2560 5334 2571 5338 *
2588 5334 2595 5339 ν
2614 5334 2629 5336 -
2650 5334 2658 5335 ί
3148 5334 3151 5335 ,

2370 5383 2550 5439 αὐτῶν
2572 5373 2892 5449 προαιρέσει
2920 5370 3021 5440 τὴν
3059 5365 3187 5436 περὶ
3214 5358 3391 5416 αὐτῶν
3423 5348 3729 5428 μαρτυρίαν
3762 5334 3921 5395 κινδύ-

691 5517 853 5576 atque
876 5498 1239 5557 histrionibus
1263 5490 1582 5560 eaaterisque
1616 5480 1929 5555 hujusmodi
1953 5471 2203 5548 personis

2370 5494 2448 5548 νῳ
2480 5474 2596 5543 ίδίῳ
2624 5471 2871 5524 εἴπωσιν.

693 5595 1066 5656 reconciliatio
1091 5606 1199 5646 non
1234 5595 1475 5658 negetur.

767 5800 814 5833 "
856 5798 1095 5851 Rom.nt
1154 5788 1241 5844 19.
1319 5786 1361 5816 ⁸⁷
1394 5784 1504 5838 Aut
1532 5770 1792 5846 apostatis
1841 5763 2231 5838 paenitentibus
2281 5767 2336 5814 et
2381 5755 2449 5811 ad
2488 5753 2656 5807 Deum
2692 5741 2996 5803 conversis.
