4122 6476
402 345 500 414 621

871 459 1150 530 Τιμοθέου
1191 460 1394 514 κανὼν
1415 458 1474 513 δ’.
2000 463 2044 516 Δ

475 554 810 625 Ἐρώτησις.
860 554 983 610 Ἐάν
1023 571 1106 617 τις
1144 553 1551 623 κατηχούμενος
1583 550 1828 605 ἀσθενῶν
1879 550 1971 618 γέ·-

397 667 544 722 νηται
581 647 874 719 ὲκφρενὴς,
907 646 1003 699 καὶ
1054 645 1130 716 μὴ
1156 644 1382 714 δύνηται
1409 643 1589 714 ἐαυτῷ
1638 641 1970 712 ὁμολογῆσαι

399 746 489 813 τὴν
516 741 720 807 πίστιν,
754 740 849 794 καὶ⁹
869 737 1282 810 παρακαλοῦσιν
1308 737 1358 789 οἱ
1393 735 1516 788 ῑδιοι
1551 733 1718 788 αὑτοῦ
1751 737 1838 788 ἵνα
1864 733 1971 788 -λά-

400 834 463 904 6η
503 831 562 885 τὸ
607 832 764 898 ἅγιον
810 829 1092 900 βάπτισμα
1132 826 1238 890 ἓως
1289 826 1378 898 ζῇ,
1411 827 1460 878 εί
1501 824 1709 894 ὀφείλει
1748 823 1969 888 λαϐεῖν,

457 941 556 990 ου;

400 928 430 997 ἢ
457 942 837 1083 (abruptam.
880 1012 1114 1082 Ὀερείλει
1143 1012 1346 1080 λαϐεῖν,
1366 1012 1462 1067 ἐὰν
1487 1011 1562 1084 μὴ
1598 1008 1702 1066 ὑπὸ
1727 1007 1975 1079 πνεύμα-

401 1124 484 1170 τος
509 1105 821 1176 ἀκαθάρτου
854 1122 944 1157 πει
952 1105 1210 1177 ράξηται.
1684 1105 1688 1113 “

464 1197 714 1251 ΚΕΦΑΛ.
775 1198 833 1249 l'.
864 1225 934 1236 ——
968 1195 1107 1262 Περὶ
1137 1192 1243 1260 τῆς
1267 1194 1487 1263 ἐγκύου
1510 1190 1973 1262 βαπτιζομένης.

627 1288 902 1342 Evr-660v
929 1287 1400 1354 Νεοκαισαρείας
1432 1287 1634 1340 κανὼν
1662 1293 1736 1350 ς’.

468 1387 543 1446 ς’.
593 1381 731 1452 Περῖ¹
769 1379 1145 1451 κυοφορούσης
1187 1381 1270 1433 ὅτι
1311 1381 1390 1434 δεῖ
1442 1379 1774 1450 φωτίζεσθαι
1802 1378 1978 1448 ,ὁπότε

405 1471 646 1542 βούλεται
681 1487 696 1500 ·
734 1471 889 1524 οὐδὲν
918 1469 1030 1540 γὰρ
1061 1472 1120 1523 ὲν
1153 1469 1327 1540 τούτῳ
1361 1471 1610 1523 κοινωνεῖ
1643 1471 1675 1540 ή
1718 1469 1982 1522 τίκτουσα

402 1564 475 1635 τῷ
509 1562 840 1633 τικτομένῳ,
875 1561 1050 1615 διὰτὸ
1083 1562 1316 1617 ἑκάστου
1354 1561 1490 1615 ἰδίαν
1524 1561 1624 1633 τὴν
1655 1561 1980 1634 προαίρεσιν

357 1699 360 1701 .
403 1655 494 1727 τὴν
529 1655 624 1708 ἐπὶ
661 1657 728 1725 τῇ
769 1653 1033 1725 ὁμολογίᾳ
1059 1653 1394 1707 δείκνυσθαι.

1278 341 1678 405 SYNTAGMA
1713 339 2103 401 CANONUM.
2140 366 2207 376 —
2232 341 2381 401 Tl'l‘.
2421 339 2518 414 1v,
2557 342 2715 401 CAP.
2755 343 2857 404 v1.
3536 345 3648 409 δερ

2617 455 2737 511 Tim
2750 455 2877 509 ithei
2909 474 3075 510 canon
3110 459 3161 512 4.

2144 547 2522 618 Interrogatio.
2585 549 2640 602 Si
2691 550 2817 618 quis
2849 550 3301 614 catechumrnus,
3354 567 3476 606 cum
3512 566 3659 610 οδες-ι

2077 633 2346 700 inlirmus,
2387 644 2582 689 emotae
2617 636 2820 691 montis
2864 635 3044 691 factus
3073 637 3165 700 sit,
3205 653 3304 692 nec
3343 641 3512 708 possit
3545 643 3662 712 ipse

2077 727 2234 781 tidem
2292 728 2562 792 contiteri,
2631 729 2829 797 suique
2874 729 3165 790 suadeant,
3223 739 3284 783 ut
3335 730 3660 787 donccvirit

2075 828 2324 873 sanctum
2353 818 2684 889 baptismum
2707 820 2962 889 accipiat,
2998 820 3228 876 debctne
3268 823 3535 892 accipere,
3566 840 3665 878 an-

2078 926 2184 963 non
2210 911 2232 964 ί

2154 1002 2312 1073 160
2331 1001 2643 1070 Responsio.
2679 1004 2846 1059 Debet
2880 1007 3152 1075 accipere,
3203 1007 3248 1059 si
3293 1021 3401 1061 non
3450 1007 3519 1061 ab
3560 1008 3666 1061 im-

2078 1097 2285 1147 mundo
2321 1095 2516 1162 spiritu
2557 1103 2818 1150 tentetur.

2150 1185 2301 1240 CAP.
2336 1186 2403 1242 Χ.
2439 1219 2510 1228 -
2542 1193 2616 1242 De
2647 1190 2920 1256 baptizata
2947 1192 3074 1244 dum
3103 1201 3309 1245 uterum
3343 1193 3499 1264 gerit.

2409 1279 2634 1334 Concilii
2659 1280 3082 1338 Neocazsarensis
3104 1302 3272 1337 canon
3302 1286 3356 1338 6.

2153 1371 2206 1425 6.
2238 1369 2312 1426 De
2347 1387 2406 1427 ea
2437 1389 2557 1443 qua:
2603 1383 2816 1428 uterum
2859 1379 3019 1446 gerit,
3072 1379 3214 1447 quod
3248 1395 3366 1432 eam
3421 1387 3672 1447 oporteat

2085 1458 2386 1514 illuminari
2415 1464 2635 1530 quando
2679 1466 2807 1518 velit
2837 1484 2848 1518 :
2885 1482 3062 1535 neque
3085 1469 3232 1521 cnim
3263 1485 3322 1521 ea
3351 1484 3471 1537 quae
3505 1470 3667 1538 parit,

2083 1567 2208 1604 cum
2242 1552 2351 1606 ictu
2383 1554 2475 1622 qui
2514 1554 2746 1623 paritur,
2785 1571 2846 1610 ea
2898 1556 2951 1609 in
2990 1571 3046 1608 re
3083 1557 3242 1613 habet
3287 1559 3492 1628 aliquid
3525 1576 3675 1613 com-

2084 1660 2270 1712 mune,
2306 1646 2450 1715 quod
2486 1648 2764 1718 proprium
2810 1650 3246 1720 uniuscujusque
3275 1653 3584 1707 institutum
3612 1669 3677 1708 ac

2086 1735 2430 1804 pr0positum
2464 1739 2518 1790 in
2552 1737 2901 1793 confessione
2937 1740 3277 1796 ostendatur.

471 1834 667 1890 Καίτοι
707 1833 766 1886 ὲν
819 1831 897 1902 τῷ
928 1839 975 1886 α’
1008 1832 1114 1900 διγ.
1144 1831 1238 1884 τοῦ
1272 1831 1312 1884 δ’
1344 1832 1450 1886 τίτ.
1477 1829 1571 1885 τοῦ
1606 1831 1686 1884 κε’
1713 1830 1855 1900 βι6λ.
1875 1831 1983 1883 τῶν

2166 1801 2384 1881 Tcxtus.
2417 1828 2745 1899 Quanquam
2779 1831 2833 1883 in
2871 1831 3086 1901 Digesto
3118 1832 3169 1898 1,
3205 1836 3290 1888 tit.
3317 1835 3369 1900 4,
3413 1836 3507 1888 lib.
3546 1851 3676 1899 xxv,

404 1927 508 1994 διγ.
577 1924 773 1996 φησὶ,
813 1923 904 1977 τὸν
964 1923 1402 1994 κυοφορούμενον
1465 1923 1630 1994 μέρος
1688 1918 1827 1976 εἶναι
1883 1923 1983 1993 τῆς

405 2017 639 2088 ἐγκύου·
685 2019 742 2071 ὲν
793 2017 850 2070 δὲ
902 2014 933 2070 ι’
980 2018 1090 2086 διγ.
1125 2017 1218 2069 τοῦ
1249 2015 1298 2084 γ’
1320 2016 1426 2071 τίτ.
1467 2014 1562 2068 τοῦ
1615 2012 1705 2086 μα’
1748 2013 1890 2084 βιὸλ.
1940 2013 1983 2066 ν’

403 2110 506 2165 τίτ.
535 2115 612 2172 ις’
648 2108 755 2177 δίγ.
791 2113 903 2173 xg',
947 2107 1028 2160 ὅτι
1053 2104 1114 2159 τὸ
1142 2104 1580 2176 κυοφορούμενον
1612 2105 1713 2158 οὐκ
1738 2104 1854 2158 ἔστι
1884 2105 1983 2175 μέο

405 2219 494 2273 ρος
538 2203 641 2272 τῆς
672 2201 880 2271 μητρός
918 2217 930 2230 ·
958 2198 1052 2254 καὶ
1079 2197 1217 2254 ἄλλα
1263 2199 1322 2252 δὲ
1355 2198 1588 2268 διάφορα
1611 2197 1821 2269 νόμιμα
1855 2198 1986 2268 περὶ

404 2295 593 2349 τούτου
623 2297 930 2364 συνήγαγον
960 2293 1018 2346 ὲν
1038 2291 1114 2364 τῷ
1141 2295 1362 2361 φανέντι
1389 2307 1478 2361 μοι
1503 2291 1632 2365 περὶ
1663 2292 1986 2359 ὲναντιοφα-

404 2387 505 2441 ἰιῶν
548 2385 870 2457 μονοϐίϐλῳ.

473 2481 730 2534 ΚΕΦΑΛ.
787 2480 891 2532 ΙΑ’.
942 2509 1011 2518 —
1062 2476 1201 2544 Περὶ
1251 2477 1358 2532 τοῦ
1409 2479 1677 2546 ὀφείλειν
1726 2476 1872 2547 μετὰ
1921 2476 1988 2531 τὸ

407 2574 580 2645 ἅγιον
602 2573 921 2640 ,ϐάπτισμα
949 2572 1242 2640 χρίεσθαι.

690 2663 964 2717 Συνόδου
987 2662 1336 2728 Λαοδικείας
1360 2661 1561 2715 κανὼν
1592 2667 1704 2731 μη’.

477 2760 595 2825 μη’.
632 2753 752 2808 Ὅτι
782 2753 864 2807 δεῖ
909 2753 1034 2816 τοὺς
1073 2752 1512 2824 φωτιζομένους,
1544 2753 1685 2823 μετὰ
1712 2751 1773 2807 τὸ
1800 2751 1996 2823 βάπτι-

409 2863 520 2916 σμα
583 2844 832 2917 χρίεσθαι
883 2846 1148 2916 χρίσματι
1203 2845 1540 2917 ἐπουρανίῳ,
1587 2845 1684 2901 καὶ
1730 2845 1994 2917 μετόχους

405 2936 544 2995 εἶναι
570 2940 667 3010 τῆς
700 2940 980 3010 βασιλείας
1009 2940 1104 2995 τοῦ
1128 2941 1388 3012 Χριστοῦ.

477 3032 735 3088 ΚΕΦΑΛ.
767 3030 868 3088 IB'.
910 3063 978 3074 —
1010 3033 1152 3104 Περὶ
1190 3032 1302 3103 τῆς
1340 3033 1642 3104 ποιήσεως
1685 3035 1794 3091 τοῦ
1821 3036 1995 3106 ἁγίου

410 3125 772 3194 χρίσματος.

695 3217 964 3272 Συνόδου
993 3219 1415 3290 Καρθαγέννης
1452 3219 1652 3274 κανὼν
1674 3219 1749 3282 ς’.

480 3316 558 3372 ς’.
599 3309 778 3364 Ὥστε
810 3312 1038 3380 χρίσμα
1084 3312 1204 3367 ἀπὸ
1253 3313 1676 3382 πρεσϐυτέρων
1715 3311 1801 3383 μὴ
1840 3315 2002 3382 γίνε-

406 3405 578 3460 σθαι.

486 3494 567 3562 ς’.
595 3494 962 3566 Φορτουνάτος
998 3495 1297 3560 ἐπίσκοπος
1330 3492 1502 3561 εἶπεν,
1523 3514 1576 3551 κ.
1597 3513 1648 3550 τ.
1671 3497 1719 3550 λ.
1750 3513 1911 3567 usque
1932 3495 2004 3551 ad

412 3592 584 3644 πᾶσιν
608 3589 853 3662 ἀρέσκει.

483 3686 742 3738 ΚΕΦΑΛ.
797 3684 893 3738 II".
925 3713 996 3724 —
1031 3685 1170 3754 Περὶ
1217 3685 1339 3739 τῶν
1376 3685 1471 3751 δὶς
1523 3686 1562 3754 ἢ
1607 3686 1693 3758 μὴ
1746 3685 2008 3756 δεόντως

406 3773 881 3845 βαπτιζομένων,
914 3775 1013 3830 καί
1039 3775 1160 3829 τῶν
1183 3777 1325 3844 τοὺς
1345 3777 1585 3844 ἀσεϐεῖς
1595 3778 2010 3848 μὴβαπτιζόν-

416 3885 556 3924 των.

702 3942 709 3948 ’
752 3937 1130 3994 Ἅποστόλων
1153 3941 1355 3996 κανὼν
1385 3942 1496 4013 μὲν,
1527 3941 1640 4012 μη’,
1674 3949 1734 3996 ν’.

489 4030 604 4104 μζ.
624 4031 956 4097 Ἐπίσκοπος
981 4033 1013 4104 ἢ
1040 4035 1433 4105 πρεσϐύτερος,
1460 4035 1552 4088 τὸν
1577 4037 1721 4091 κατὰ
1748 4036 2009 4110 ἀλήθειαν

413 4125 613 4195 ἔχοντα
647 4124 948 4196 βάπτισμα,
979 4126 1074 4179 ἐὰν
1103 4126 1311 4181 ἄνωθεν
1337 4127 1578 4202 βαπτίσῃ
1603 4171 1617 4194 ,
1652 4128 1685 4198 ἢ
1710 4128 1803 4182 τὸν
1835 4147 2008 4202 μεμο-

412 4217 691 4288 λυσμένον
744 4217 898 4288 παρὰ
958 4213 1066 4271 τῶν
1122 4218 1358 4284 ἀσεϐῶν,
1407 4219 1504 4272 ἐὰν
1537 4222 1612 4292 μὴ
1637 4221 2007 4294 ἁναδαπτίσῃ,

413 4309 814 4380 καθαιρείσθω,
836 4309 912 4375 ὡς
942 4311 1116 4379 γελῶν
1138 4311 1228 4365 τὸν
1263 4312 1500 4382 σταυρὸν
1526 4315 1623 4367 καὶ
1650 4314 1744 4367 τὸν
1771 4313 1865 4368 τοῦ
1900 4315 2014 4368 Κυ-

415 4405 536 4474 ρίου
566 4403 820 4470 θὰνατον,
875 4404 966 4456 καὶ
995 4404 1069 4476 μὴ
1090 4404 1388 4476 διακρίνων
1433 4405 1615 4476 ἱερέας
1653 4406 2008 4478 ψευδιερέων.

2090 1919 2201 1990 dig.
2253 1921 2470 1976 dicatur
2533 1932 2750 1991 partum
2791 1939 2914 1978 esse
2950 1925 3257 1992 portionem
3308 1929 3675 1998 praegnantis:

2089 2009 2141 2062 in
2192 2009 2415 2080 Digesto
2470 2021 2652 2065 tamen
2707 2014 2792 2066 10.
2830 2013 2912 2066 tit.
2953 2012 3006 2078 5,
3055 2014 3148 2068 l-i-b.
3196 2033 3364 2070 xxxxr
3401 2027 3453 2072 et
3496 2019 3588 2073 lib.
3625 2036 3680 2084 L,

2090 2102 2174 2155 tit.
2216 2102 2304 2169 16,
2339 2103 2538 2173 digest.
2566 2105 2660 2168 9.6,
2688 2106 2833 2175 quod
2862 2115 3053 2175 partus
3081 2124 3209 2176 pars
3231 2111 3423 2165 matris
3449 2127 3556 2166 non
3584 2116 3677 2168 sit.

2094 2193 2295 2249 Verum
2333 2197 2441 2250 alia
2467 2196 2632 2252 etiam
2668 2199 2774 2254 ltac
2795 2199 2862 2253 de
2896 2199 3003 2272 [re]
3027 2201 3241 2255 diversa
3269 2203 3393 2272 jum
3446 2204 3500 2258 iu
3534 2205 3678 2260 libro

2091 2302 2236 2354 meo,
2273 2287 2341 2343 de
2373 2289 2427 2343 in
2458 2291 2700 2361 speciem
2735 2293 3052 2358 contrariis,
3086 2295 3352 2364 singulari
3377 2297 3592 2370 collegi.

2164 2487 2318 2543 CAP.
2351 2488 2442 2543 XI.
2475 2521 2542 2531 —-
2576 2490 2730 2556 Quod
2763 2503 2881 2562 post
2901 2494 3220 2564 baptismum
3248 2497 3369 2566 ﬁeri
3391 2498 3569 2551 unctio
3595 2500 3686 2553 de-

2094 2578 2233 2632 beat.

2459 2673 2692 2728 Concitii
2723 2674 3010 2730 Laodiceni
3036 2695 3207 2733 canon
3238 2679 3329 2734 48.

2167 2767 2257 2822 48.
2283 2767 2512 2837 Oportet
2533 2784 2628 2824 eos
2663 2771 2756 2840 qui
2808 2770 3210 2837 illuminantur,
3251 2783 3375 2842 post
3415 2772 3689 2842 baptisma

2098 2861 2283 2932 inungi
2317 2877 2484 2931 super
2511 2861 2723 2918 coelesti
2755 2862 3054 2918 chrismate
3085 2877 3141 2920 et
3183 2880 3304 2920 esse
3342 2867 3497 2938 regni
3528 2865 3690 2922 Chri-

2099 2954 2168 3009 sti
2202 2954 2517 3024 participes.

2171 3043 2324 3101 CAP.
2363 3045 2476 3101 XII.
2507 3075 2580 3086 --
2609 3047 2688 3102 De
2714 3049 2885 3102 sancti
2907 3049 3215 3104 chrismatis
3249 3051 3596 3121 confectione.

2403 3223 2630 3281 Concitii
2673 3226 3108 3298 Cartltaginensis
3143 3247 3314 3285 canon
3352 3233 3406 3286 6.

2347 3317 2415 3373 Ut
2450 3319 2678 3373 chrisma
2721 3338 2755 3374 a
2807 3322 3126 3392 presbyteris
3173 3340 3277 3378 non
3304 3326 3426 3395 ﬁat.

2176 3495 2232 3551 6.
2266 3495 2602 3551 Fortunatus
2629 3495 2923 3566 cpiscopus
2942 3498 3099 3566 dixit,
3121 3509 3253 3568 ctc.,
3277 3519 3443 3573 usque
3468 3505 3540 3558 ad
3569 3519 3695 3560 om-

2109 3584 2273 3641 nibus
2308 3586 2504 3655 placet,
2536 3595 2593 3639 ut
2630 3602 2752 3656 pag.
2785 3585 2908 3643 562.

2191 3683 2344 3754 161
2373 3681 2523 3738 CAP.
2554 3681 2768 3736 Xlll.—-
2789 3681 2866 3737 De
2893 3684 2961 3738 iis
2979 3685 3068 3755 qui
3094 3685 3195 3752 bis,
3227 3687 3305 3742 vel
3324 3705 3426 3742 non
3450 3690 3550 3744 rite
3577 3691 3696 3760 fue-

2111 3785 2234 3828 runt
2277 3775 2562 3844 baptizati,
2592 3783 2641 3828 et
2677 3775 2740 3830 de
2769 3775 2838 3829 iis
2874 3778 2963 3846 qui
2999 3778 3267 3849 impietate
3307 3783 3696 3838 contaminatos

2113 3881 2216 3918 non
2249 3866 2546 3933 baptizant.

2403 3959 2770 4027 Apostolorum
2803 3976 3028 4016 canones
3069 3962 3161 4026 47,
3208 3964 3299 4030 48,
3325 3965 3416 4020 50.

2181 4053 2273 4108 47.
2312 4050 2428 4125 [46]
2462 4051 2791 4124 Episcopus,
2844 4056 2932 4110 vel
2971 4058 3252 4130 presbyter
3291 4075 3417 4114 eum
3451 4060 3544 4130 qui
3611 4076 3702 4114 ve-

2114 4159 2172 4198 re
2195 4144 2359 4199 habet
2397 4124 2754 4215 baptismum,
2783 4147 2828 4201 si
2863 4147 2932 4202 de
2956 4124 3172 4220 integro
3209 4124 3590 4220 baptizaverit,
3615 4153 3700 4205 τοι
3745 4124 3757 4166 ¹

2115 4235 2161 4288 si
2189 4251 2313 4291 eum
2343 4237 2434 4309 qui
2456 4237 2526 4292 ab
2565 4237 2752 4309 impiis
2780 4239 3022 4308 pollutus
3043 4250 3147 4306 est,
3175 4257 3283 4296 non
3315 4242 3697 4312 baptizaverit,

2114 4327 2439 4398 deponatur,
2463 4338 2524 4385 ut
2572 4331 2666 4400 qui
2707 4331 2934 4387 irrideat
2972 4343 3203 4389 mortem
3256 4342 3310 4387 et
3341 4347 3557 4389 crucem
3589 4335 3701 4390 Do—

2115 4421 2276 4485 mini,
2331 4429 2386 4476 et
2444 4437 2552 4476 non
2587 4422 2866 4478 discernat
2909 4439 3068 4480 veros
3102 4424 3416 4480 sacerdotes
3455 4441 3487 4481 a
3542 4425 3702 4483 falsis

414 4497 516 4563 (Τὸ
550 4495 797 4550 τοιοῦτον
852 4496 928 4559 ὡς
975 4497 1050 4566 μὴ
1075 4495 1152 4567 τῷ
1183 4515 1308 4566 κεφ.
1346 4500 1575 4571 συνᾷδον
1598 4543 1612 4566 ,
1665 4501 1766 4554 οὐκ
1805 4501 1995 4569 ὀφείλει

2119 4513 2522 4569 sacerdotibus.

411 4587 910 4656 ἀναγινώσκεσθαι.
940 4586 1036 4642 Est
1061 4590 1342 4645 minutiore
1375 4591 1553 4646 littera
1582 4593 1637 4646 in
1663 4593 1803 4664 cod.)

485 4677 602 4749 μη’.
640 4679 708 4731 Εἴ
745 4695 828 4742 τις
862 4679 1048 4744 λα’ίκδς
1075 4682 1178 4751 τὴν
1210 4683 1406 4737 ἑαυτοῦ
1447 4687 1683 4752 γυναῖκα
1739 4684 2007 4751 ἐκϐαλὼν,

413 4771 617 4843 ἑτέραν
647 4771 822 4839 λάϐοι,
850 4773 882 4844 ἦ
917 4773 1068 4844 παρὰ
1100 4773 1260 4829 ἄλλου
1290 4776 1721 4849 ἀπολελυμένην,
1754 4777 2012 4848 άφοριζέ-

415 4864 556 4918 σθω.

491 4963 560 5013 ν’.
587 4957 660 5011 Et
681 4973 766 5021 τις
791 4957 1092 5024 ἐπίσκοπος
1119 4961 1152 5031 ἦ
1184 4961 1579 5034 πρεσϐύτερος,
1624 4961 1764 5016 κατὰ
1789 4962 1886 5032 τὴν
1915 4960 2008 5014 τοῦ

413 5050 631 5120 Κυρίου
683 5049 948 5115 διάταξιν,
1007 5053 1082 5123 μὴ
1114 5052 1366 5123 βαπτίσει
1414 5056 1495 5117 είς
1526 5053 1766 5124 Πατέρα,
1794 5072 1846 5109 κ.
1872 5071 1924 5108 τ.
1953 5056 2004 5109 λ.

412 5158 584 5212 usque
622 5141 691 5194 ad
720 5141 813 5196 τοῦ
841 5144 997 5212 ἁγίου
1022 5143 1360 5214 Πνεύματος,
1392 5164 1445 5200 κ.
1477 5165 1529 5200 τ.
1566 5146 1617 5205 λ.

488 5234 634 5303 Περὶ
665 5232 774 5287 τῶν
811 5234 1294 5301 ἀναδαπτιζόντων
1347 5237 1443 5293 καὶ
1484 5237 2007 5309 ἀναδαπτιζομένων

411 5325 782 5397 διαλαμϐάνει
831 5329 864 5399 ἠ
909 5328 958 5380 α’
1002 5329 1094 5382 καὶ
1138 5331 1171 5399 ή
1203 5329 1247 5399 β’
1295 5329 1434 5385 διάτ.
1485 5330 1580 5384 τοῦ
1622 5331 1806 5395 ς’τίτ.
1832 5332 1927 5385 τοῦ
1962 5332 2011 5386 α’

415 5419 567 5490 βιδλ.
598 5418 693 5472 τοῦ
725 5418 960 5492 κώδῆἹί
993 5422 1090 5491 μὲν
1121 5421 1230 5492 γὰρ
1272 5423 1349 5494 τῷ
1380 5425 1664 5494 ὲπισκόπῳ
1691 5425 2010 5498 καθαίρεσιν

413 5513 646 5582 ἐπάγει,
691 5514 724 5584 ἡ
759 5514 816 5567 δὲ
859 5514 1097 5584 ἐσχάτην
1131 5517 1406 5587 τιμωρίαν
1439 5517 1516 5588 τῷ
1555 5518 1884 5588 βαπτίσαντι
1915 5520 2011 5573 καὶ

413 5603 494 5673 τῷ
548 5602 924 5674 βαπτισθέντι,
985 5606 1037 5660 εί
1103 5624 1168 5676 γε
1226 5607 1446 5678 ἡλικίας
1504 5609 1621 5662 ἐστὶ
1678 5609 2008 5682 δεκατικῆς,

413 5696 797 5767 ὲγκ).ἡματος’
853 5698 1092 5770 γίνωσκε
1136 5700 1193 5754 δὲ
1236 5701 1318 5755 ὅτι
1362 5703 1391 5757 ὁ
1424 5705 1490 5774 τῇ
1532 5702 1643 5776 ἥϐῃ
1671 5703 2008 5775 πλησιάζων,

414 5789 508 5844 ἐπ’
546 5789 775 5862 οὐδεμιᾷ
823 5793 973 5865 αἰτίᾳ
1017 5793 1324 5865 βοηθεῖται,
1377 5793 1453 5860 ὡς
1501 5794 1644 5866 βιόλ.
1693 5795 1776 5849 κθ¹
1814 5796 1918 5851 τίτ.
1971 5804 2012 5850 ε’

2191 4692 2264 4746 48
2320 4692 2436 4766 [ιη
2491 4693 2548 4747 Si
2596 4693 2719 4763 quis
2761 4693 2937 4750 laicus
2987 4711 3086 4751 sua
3121 4695 3294 4764 ejecta
3331 4711 3504 4752 uxore
3541 4697 3703 4754 aliam

2120 4788 2505 4858 acceperit,vcl
2541 4787 2614 4842 ab.
2643 4787 2752 4842 alio
2779 4788 3037 4854 solutam,
3068 4796 3405 4860 segregetur.

2189 4967 2258 5022 50
2289 4965 2432 5040 [49].
2467 4966 2523 5022 Si
2553 4965 2680 5038 quis
2705 4965 2998 5035 cpiscopus
3025 4973 3154 5027 ctc.,
3179 4980 3342 5034 usque
3363 4964 3432 5018 ad
3464 4962 3700 5033 Spiritus

2118 5064 2311 5128 sancti,
2351 5069 2410 5114 ut
2438 5077 2604 5130 supra
2632 5076 2755 5129 pag.
2786 5057 2912 5113 442.

2195 5245 2409 5296 Textus.
2439 5240 2515 5297 De
2544 5240 2610 5295 iis
2649 5238 2740 5309 qui
2780 5237 3118 5308 rebaptizant
3162 5246 3216 5292 et
3273 5237 3704 5308 rebaptizantur,

2121 5334 2440 5400 tractanti,
2475 5342 2529 5388 et
2553 5333 2610 5396 2,
2648 5339 2826 5386 const.
2863 5329 2972 5402 [tiL
3012 5328 3093 5403 6.]
3120 5329 3214 5384 lib.
3239 5345 3279 5394 ι,
3313 5330 3432 5386 cod.
3465 5345 3700 5400 quarum

2120 5426 2211 5482 illa
2243 5425 2504 5495 episcopo
2537 5424 2899 5494 dejectionem
2931 5421 2985 5494 [ε
3013 5421 3383 5494 sacerdotio]:
3419 5421 3535 5475 lucc
3574 5437 3706 5475 vero

2122 5517 2389 5590 [utrique]
2432 5528 2485 5572 et
2533 5518 2628 5588 qui
2681 5516 3000 5586 baptizavit,
3041 5524 3098 5570 ot
3127 5516 3220 5586 qui
3261 5513 3569 5584 baptizatus
3598 5521 3704 5578 est,

2121 5613 2168 5666 si
2198 5620 2380 5666 tamen
2439 5611 2688 5666 criminis
2720 5625 2817 5680 per
2851 5617 3066 5664 aetatem
3095 5623 3265 5677 capax
3315 5607 3408 5669 sit,
3450 5603 3707 5660 ultimum

2121 5704 2450 5776 supplicium
2483 5704 2714 5759 inducit.
2743 5702 2902 5758 Scias
2938 5717 3088 5764 vero,
3125 5699 3268 5771 quod
3299 5699 3394 5768 qui
3429 5696 3706 5768 pubertati

2124 5797 2553 5870 appropinquat,
2603 5797 2654 5854 ci
2699 5797 2754 5852 in
2800 5795 2950 5851 nulla
2989 5809 3157 5852 causa
3194 5792 3592 5849 subveniatur:
3646 5800 3706 5844 ut
