4122 6440
469 304 574 365 (323

1620 297 1877 355 PIIOTII
1915 297 2412 355 PATRIARCIIrE
2448 297 2556 358 (ΣΡ.

3598 298 3697 361 624

468 414 559 466 lib.
600 427 748 474 uix,
786 410 866 464 tit.
911 410 964 474 5,
998 408 1195 478 digest.
1248 409 1333 461 H.
1372 406 1675 478 [traditum]
1730 408 1823 461 Est
1858 417 2030 461 autem

2141 407 2250 475 δίγ.
2314 408 2410 459 ιδ’·
2469 408 2585 459 ἔστι
2622 407 2679 459 δὲ
2716 407 2847 478 ἥϐη,
2897 407 2991 460 ἐπὶ
3034 408 3132 477 μὲν
3173 405 3266 460 τοῦ
3312 407 3555 479 ἄρρενος,
3585 414 3612 464 ὁ
3640 410 3697 464 ιδ’

465 508 720 576 pubertas
755 506 807 559 in
840 503 1084 558 masculo
1129 502 1375 555 decimus
1410 510 1639 568 quartus
1672 515 1850 552 annus
1877 514 2031 551 com-

467 598 665 663 pletus,
715 598 766 650 in
823 594 1025 648 femina
1076 609 1205 645 vero
1258 592 1413 661 162
1462 591 1572 643 duo
1629 589 1913 643 decimus:
1976 596 2035 641 nt

467 692 559 741 lib.
592 704 782 750 uvm,
823 688 905 741 tit.
946 686 997 747 1,
1034 687 1229 753 digest.
1267 685 1319 744 5,
1363 692 1415 735 et
1459 682 1551 735 lib.
1594 682 1714 735 t-od.
1745 682 1799 743 5,
1830 682 1909 734 tit.
1943 680 2030 744 60,

463 787 637 832 const.
671 778 727 841 5,
764 776 838 847 [et
863 774 981 845 lib.]
1016 774 1187 826 instit.
1221 773 1272 833 1,
1309 772 1389 825 tit.
1435 772 1525 833 (ἐξ,
1560 768 1825 842 [docent.]
1879 770 2033 835 Quod

464 869 507 923 si
538 868 833 937 aliquibus,
870 866 1044 919 donec
1094 864 1326 932 puberes
1355 861 1507 927 liant,
1552 861 1811 914 alimenta
1855 860 2033 929 legata

462 959 609 1012 sint:
643 957 942 1018 masculus,
981 954 1153 1007 donec
1206 953 1476 1005 decimum
1527 960 1779 1005 octavum
1829 964 2032 1004 annum

461 1049 850 1118 compleverit:
910 1046 1129 1107 feuiiua,
1182 1045 1357 1098 donec
1404 1043 1686 1097 decimum
1752 1053 2032 1111 quartum,

462 1140 724 1209 percipit:
772 1148 830 1191 ut
864 1137 959 1189 lib.
1006 1151 1191 1195 xxxn',
1223 1136 1304 1189 tit.
1338 1135 1390 1187 1.
1440 1132 1662 1204 [digcsL
1702 1134 1789 1187 14.
1826 1131 2033 1203 habet.]

461 1232 709 1305 lmpubes
734 1228 930 1283 falsum
955 1244 1058 1281 non
1076 1228 1393 1281 committit:
1419 1238 1476 1279 ut
1502 1227 1594 1280 lib.
1616 1242 1808 1289 XLVIII,
1834 1226 1917 1279 tit.
1946 1225 2033 1290 10,

460 1325 651 1391 digest.
685 1321 777 1373 2'2.
822 1321 1163 1373 Adulterium
1206 1332 1328 1387 post
1362 1319 1702 1387 pubertatem
1741 1316 2036 1369 cmninitti-

462 1427 588 1471 tur:
624 1424 683 1468 ut
732 1416 926 1483 digest.
962 1414 1051 1475 56,
1087 1413 1171 1466 tit.
1208 1411 1263 1475 5,
1289 1411 1532 1479 ejusdem
1576 1409 1889 1472 vani,lib.
1925 1406 2034 1462 No-

459 1507 595 1559 vella
649 1520 854 1564 XXXVII,
888 1520 1010 1573 quae
1062 1504 1128 1557 de
1174 1502 1433 1557 Ecclesiis
1488 1499 1765 1553 Africanis
1813 1509 2033 1563 tractat,

460 1599 536 1652 ait
605 1598 972 1667 rebaptizatos
1029 1596 1265 1649 militare
1303 1594 1522 1663 quidem
1564 1608 1673 1648 non
1705 1607 1888 1662 posse,
1941 1591 2038 1647 sed

460 1702 640 1744 tamen
691 1689 1021 1759 pmnitentia:
1050 1688 1229 1741 locum
1254 1686 1478 1741 habere.

2135 500 2377 562 ἐνιαυτὸς
2407 500 2837 570 πεπληρωμένος
2872 515 2885 528 ·
2917 502 3009 552 ἐπὶ
3034 498 3091 551 δὲ
3115 502 3213 569 τῆς
3235 498 3475 568 θηλείας,
3506 502 3539 570 ἡ
3570 517 3700 571 συμ-

2136 593 2415 663 πλήρωσις
2443 594 2536 646 τοῦ
2568 592 2634 662 ιβ’
2674 592 2919 645 ἐνιαυτοῦ
2943 633 2957 656 ,
2989 594 3064 655 ὡς
3102 592 3241 662 βιὸλ.
3277 600 3362 662 κη’
3389 592 3492 647 τὶτ.
3526 600 3571 646 α’
3598 594 3698 662 δίγ.

2135 692 2198 749 ε’,
2229 685 2323 736 καὶ
2357 684 2496 753 βιϐλ.
2524 684 2617 737 τοῦ
2651 684 2778 738 κώδ.
2803 684 2841 736 ε’
2866 685 2971 737 τίτ.
3006 683 3045 749 ξ’
3076 684 3215 737 διάτ.
3238 684 3309 751 γ’,
3336 685 3431 736 καὶ
3455 686 3678 736 ίνστιτου

2134 778 2285 830 τίων.
2323 776 2371 828 α’
2418 778 2523 830 τίτ.
2564 776 2648 845 κβ¹
2674 792 2687 805 ⁸
2744 778 2792 829 εἰ
2818 777 2875 829 δέ
2903 793 3012 828 τισι
3066 776 3375 846 ληγατευθῇ
3424 776 3701 846 horrori

2135 866 2240 930 ἕως
2288 861 2350 920 οὗ
2390 869 2528 919 εἰσιν
2558 868 2767 937 ἄνηϐοι,
2793 870 2821 921 ὁ
2858 867 2955 936 μὲν
2984 868 3160 937 ἄρρην
3202 867 3486 936 λαμϐάνει,
3516 867 3615 928 ἕως
3647 859 3706 920 οὗ

2136 958 2405 1029 πληρώσῃ
2426 958 2518 1011 τὸν
2543 966 2612 1028 ιη’
2638 960 2907 1023 ἐνιαυτὸν,
2935 962 2968 1029 ἡ
2998 960 3055 1011 δὲ
3077 959 3264 1028 Θήλεια
3295 958 3387 1011 τὸν
3416 960 3496 1019 ιδ’,
3531 957 3601 1017 ὡς
3630 958 3708 1025 βι-

2136 1050 2222 1103 6λ.
2260 1050 2331 1103 λδ¹
2356 1050 2459 1103 τίτ.
2496 1056 2544 1101 α’
2568 1066 2582 1080 ’
2616 1050 2813 1117 ἄνηϐος
2843 1050 2898 1102 δὲ
2940 1050 3000 1102 τὸ
3034 1049 3269 1103 πλαστὸν
3293 1049 3353 1101 οὐ
3385 1048 3707 1117 πλημμελεῖ,

2145 1142 2220 1206 ὡς
2244 1142 2382 1213 βιὸλ.
2419 1149 2508 1212 μη¹
2534 1143 2639 1195 τίτ.
2681 1148 2710 1194 ι’
2729 1142 2832 1210 δίγ.
2867 1142 2950 1211 κβ⁹
2975 1157 2991 1174 ο
3013 1142 3108 1194 καὶ⁵
3137 1142 3169 1211 ἡ
3212 1139 3426 1209 μοιχεία
3455 1139 3589 1209 μετὰ
3613 1139 3709 1208 τὴν

2136 1236 2280 1305 ἥϐην
2316 1233 2739 1305 πλημμελεῖται,
2769 1234 2842 1296 ὡς
2871 1234 2979 1301 διγ.
3007 1232 3205 1296 λς’τοῦ
3240 1232 3271 1284 ι’
3289 1232 3395 1284 τίτ.
3428 1230 3521 1283 τοῦ
3550 1228 3706 1282 αὑτοῦ

2139 1338 2229 1402 μη¹
2264 1332 2405 1401 βιόλ.
2446 1334 2477 1402 ἡ
2507 1331 2564 1385 δὲ
2596 1331 3040 1399 διαλαμόἀνουσα
3068 1332 3196 1399 περ).
3228 1328 3335 1382 τῶν
3378 1326 3708 1397 Ἐκκλησιῶν

2149 1424 2414 1494 Ἀφρικῆς
2450 1424 2525 1489 λζ’
2548 1425 2741 1495 νεαρὰ,
2782 1423 2969 1493 φησὶν,
3002 1424 3084 1475 ὅτι
3118 1423 3167 1475 οἱ
3196 1419 3707 1485 ἀναόαπτισθέντες,

2140 1518 2541 1588 στρατεύεσθαι
2579 1517 2679 1581 μὲν
2710 1517 2769 1569 οὑ
2805 1514 3080 1580 δύνανται,
3119 1511 3427 1583 μεταμέλου
3449 1510 3505 1563 δὲ
3532 1509 3709 1582 χώραν

2137 1606 2373 1676 ἔχουσιν.

525 1751 873 1837 CAR-XIV.
908 1810 978 1819 —
1016 1780 1246 1844 Quinam
1299 1794 1363 1832 ea:
1420 1778 1676 1831 Ita'reticis
1724 1777 1792 1829 ad
1855 1776 2030 1829 ori/w-

2212 1780 2461 1834 ΚΕΦΑΛ.
2508 1781 2566 1833 ΙΔ
2590 1819 2603 1833 .
2630 1810 2701 1821 -
2732 1780 2896 1844 Τίνες
2920 1778 2989 1843 ἐξ
3018 1776 3327 1848 αίρετικῶν
3360 1778 3447 1843 εις
3480 1775 3597 1844 τὴν
3621 1776 3713 1845 ὀρ-

458 1875 671 1926 (ίωεὶαηι
718 1883 1046 1927 transeuntes
1079 1872 1444 1942 baptizcntur,
1487 1881 1535 1926 et
1578 1873 1795 1941 quinam
1829 1880 2035 1924 tantum

460 1976 746 2036 unguntur.

848 2054 1075 2109 Concilii
1106 2052 1315 2109 Nicwni
1344 2070 1516 2108 canon
1550 2054 1636 2109 19.

538 2175 625 2229 19.
669 2173 743 2225 De
770 2170 1150 2233 Paulianistis,
1183 2179 1315 2233 etc.,
1351 2179 1408 2223 ut
1439 2186 1560 2239 pag.
1597 2168 1722 2223 559.

762 2262 985 2316 Concilii
1016 2260 1301 2313 Luodiceni
1326 2276 1550 2313 canones
1589 2259 1641 2323 7,
1669 2260 1721 2313 8.

524 2356 577 2409 7.
622 2352 727 2408 Eos
781 2353 873 2421 qui
924 2368 986 2404 ex
1045 2350 1364 2411 lueresihus,
1416 2349 1519 2403 huc
1568 2356 1671 2411 est,
1713 2345 2035 2401 Novatianis

458 2449 567 2500 sive
596 2445 956 2507 Photiuiauis,
979 2444 1060 2497 vel
1080 2441 1590 2496 Tessuresdeeatitis
1616 2449 2030 2505 convertuntur,

457 2540 570 2593 sive
598 2540 1044 2601 catechumenos,
1089 2535 1203 2589 sive
1237 2535 1328 2603 qui
1370 2534 1513 2601 apud
1562 2533 1686 2587 illos
1734 2532 1917 2587 ﬁdeles
1948 2532 2033 2583 di-

455 2639 677 2694 cuntur,
717 2644 823 2681 non
870 2627 1086 2681 admitti
1139 2627 1455 2695 priusquam
1506 2638 1727 2677 onmem
1778 2623 2030 2677 haeresim

456 2720 1064 2782 auathematizaverint,
1110 2726 1164 2772 et
1197 2718 1465 2786 praecipue
1494 2732 1615 2771 eam
1654 2717 1708 2769 in
1749 2732 1855 2783 qua
1892 2714 2033 2769 deti-

459 2815 757 2873 nebantur;
791 2821 844 2864 et
867 2823 994 2865 tunc
1018 2810 1275 2879 deinceps
1306 2824 1424 2872 eos,
1452 2808 1543 2878 qui
1574 2810 1713 2877 apud
1748 2808 1867 2862 illos
1896 2808 2029 2861 lide-

456 2908 535 2960 lus
576 2905 919 2965 dicebautur,
970 2904 1094 2957 ﬁdei
1144 2903 1388 2973 symbola
1436 2902 1700 2965 dicentes,
1744 2910 1799 2955 et
1841 2910 2033 2955 sancto

457 2998 753 3051 chrismate
788 2995 1067 3059 iuunctos,
1119 2994 1199 3048 sic
1246 3002 1438 3048 sancto
1481 2993 1741 3063 mysterio
1782 3006 2029 3046 commu-

458 3089 660 3143 nicare.

531 3182 585 3235 8.
625 3180 732 3235 Ens
759 3179 853 3249 qui
887 3179 955 3233 ab
984 3193 1174 3233 eorum
1212 3176 1405 3233 liaaresi
1436 3177 1530 3247 qui
1559 3178 1800 3247 Phryges
1839 3175 2034 3229 dicun-

463 3284 572 3339 tur,
603 3281 1020 3335 convertuntur,
1057 3272 1170 3324 sive
1200 3274 1309 3324 sint
1339 3270 1391 3322 in
1424 3270 1573 3323 clero
1600 3269 1693 3337 qui
1728 3267 1870 3335 apud
1914 3267 2035 3319 illos

458 3366 845 3419 existimantur
859 3363 973 3417 sive
1007 3361 1231 3414 maximi
1253 3360 1541 3425 dicantur,
1569 3373 1760 3411 oumes
1791 3373 1884 3411 ens
1907 3372 2033 3411 cum

457 3458 606 3511 omni
638 3457 818 3511 studio
846 3455 1172 3509 catechizari
1208 3470 1302 3508 seu
1341 3452 1547 3506 initiari
1580 3460 1636 3506 et
1666 3449 1933 3520 baptizari
1961 3450 2031 3504 ab

456 3533 712 3606 Ecdest
743 3550 1014 3621 episcopis
1046 3558 1100 3603 et
1129 3548 1479 3619 presbyteris.

590 3750 817 3807 Concilii
855 3748 1431 3817 Constantinopolitaui
1456 3762 1622 3800 canon
1662 3745 1694 3799 'l
1728 3743 1861 3817 (ᾼΞὶ).

532 3846 581 3899 7.
625 3846 731 3900 Eos
772 3844 866 3913 qui
900 3853 1061 3897 recta:
1107 3842 1229 3895 lidei
1273 3840 1626 3910 adjiciuntur,
1667 3847 1721 3893 et
1756 3836 1897 3908 parti
1941 3848 2037 3889 eo-

456 3954 578 3991 rum
609 3938 701 4007 qui
740 3951 808 3990 ex
843 3934 1109 3989 haereticis
1142 3944 1450 3995 servantur,
1484 3932 1802 4001 recipimus,
1840 3944 2035 3984 secun-

457 4031 586 4083 dum
629 4028 785 4100 163
820 4029 1122 4096 subjectam
1170 4027 1258 4081 hic
1302 4026 1749 4095 consequentiam
1799 4034 1853 4078 et
1903 4039 2033 4076 eun-

455 4119 821 4176 snctudinem.
896 4116 1128 4169 Atiauos
1184 4114 1403 4185 quidem
1467 4121 1519 4167 et
1566 4110 2028 4172 Macedonianos,

454 4223 507 4267 et
545 4211 907 4265 Sabbatiauos
940 4207 1075 4277 (46),
1113 4216 1167 4261 et
1216 4206 1567 4271 Novatianos,
1599 4205 1690 4274 qui
1740 4204 1930 4257 dicunt
1972 4215 2031 4254 se

458 4307 605 4375 ipsos
636 4303 910 4358 Catliaros
940 4310 992 4355 et
1020 4301 1319 4361 Aristeros,
1356 4300 1484 4369 (hoc
1512 4308 1615 4362 est,
1651 4297 1905 4361 mundos,
1948 4293 2030 4346 vel

456 4397 750 4467 sinistros),
781 4404 833 4449 et
892 4392 1406 4455 Tessaresdectitas,
1447 4390 1563 4443 sive
1597 4387 1924 4450 Tetraditas,
1976 4393 2028 4438 et

2137 1871 2420 1934 θοδοξίαν
2454 1871 2789 1937 μετιόντες,
2816 1870 3212 1935 βαπτίζονται
3236 1885 3251 1900 ·
3298 1870 3395 1947 καὶ
3427 1870 3589 1936 τίνες
3607 1870 3713 1939 μό-

2140 1978 2248 2014 νον
2280 1963 2573 2030 χρίονται.

2472 2052 2744 2107 Συιεόδου
2782 2054 3034 2118 Νικαίας
3057 2052 3262 2108 κανὼν
3285 2053 3376 2109 ιθ’.

2207 2166 2295 2220 ιϐ’.
2326 2166 2462 2235 Περὶ
2494 2164 2601 2217 τῶν
2622 2164 3124 2230 Παυλιανισάντων,
3160 2185 3216 2220 κ.
3243 2184 3295 2221 τ.
3336 2168 3389 2222 λ.

2397 2255 2669 2323 Συνόδου
2698 2256 3051 2324 Λαοδικείας
3081 2257 3285 2311 κανὼν
3314 2259 3360 2323 ζ’
3381 2264 3453 2329 η’.

2206 2346 2271 2411 ζ’.
2327 2346 2465 2417 Περὶ
2507 2346 2601 2399 τοῦ
2657 2348 2787 2410 τοὺς
2830 2348 2893 2400 ὲκ
2938 2350 3045 2401 τῶν
3089 2349 3388 2419 αἱρέσεων,
3436 2351 3713 2406 τουτέστιν

2134 2438 2514 2503 Ναυατιανῶν,
2555 2440 2673 2509 ἤτοι
2697 2440 3092 2505 Φωτεινιανῶν,
3122 2443 3713 2513 Τεσσαρεσκαιδεκατιο

2134 2530 2241 2583 τῶν
2281 2532 2806 2601 ἐπιστρεφομένους,
2859 2532 3043 2585 εῖτουν
3091 2537 3564 2605 κατηχουμένους,
3604 2538 3712 2591 εἴτε

2136 2624 2383 2687 πιστοὺς,
2437 2624 2564 2686 τοὺς
2596 2625 2724 2693 παρ’
2774 2625 3001 2706 ἐκείνοις
3034 2627 3106 2697 μὴ
3167 2628 3560 2698 προσδέχεσθαι
3587 2629 3713 2699 πρὶν

2135 2715 2201 2768 ἂν
2222 2716 2660 2785 ἀναθεματίσωσι
2691 2719 2871 2770 πᾶσαν
2894 2719 3127 2788 αἵρεσιν,
3150 2719 3445 2789 ἐξαιρέτως
3480 2719 3539 2773 δὲ
3584 2722 3641 2773 ὲν

2134 2806 2451 2876 κατείχοντο
2483 2821 2496 2836 °
2539 2808 2633 2859 καὶ
2674 2808 2796 2859 τότε
2823 2808 3009 2860 λοιπὸν
3055 2812 3179 2872 τοὺς
3212 2810 3537 2880 λεγομένους
3584 2816 3714 2884 παρ’

2134 2899 2316 2961 αὐτοῖς
2347 2900 2568 2961 πιστοὺς
2596 2899 3035 2969 ἐκμανθάνοντας
3071 2901 3139 2954 τὰ
3168 2905 3267 2972 τῆς
3296 2902 3531 2968 πίστεως
3582 2903 3715 2975 σύμ-

2135 2992 2286 3052 ϐολα,
2324 2992 2644 3062 χρισθέντας
2674 3009 2735 3044 τε
2764 2994 2842 3064 τῷ
2875 2994 3015 3064 ἁγίῳ
3040 2995 3324 3066 χρίσματι,
3355 2995 3498 3049 οὕτω
3526 3014 3717 3051 κοινω-

2059 3108 2102 3161 C
2137 3089 2249 3140 νεῖν
2276 3088 2383 3139 τῶν
2415 3088 2731 3159 μυστηρίων
2761 3087 2870 3141 τῶν
2897 3089 3087 3158 ἁγίων.

2207 3185 2280 3249 η’.
2304 3179 2437 3249 Περὶ
2458 3179 2552 3232 τοῦ
2582 3182 2708 3241 τοὺς
2729 3180 2837 3233 ἀπὸ
2859 3182 2958 3247 τῆς
2985 3180 3253 3249 αἱρέσεως
3280 3180 3388 3234 τῶν
3407 3179 3716 3251 λεγομένων

2135 3271 2365 3341 Φρυγῶν
2391 3272 2838 3341 ἐπιστρέφοντας,
2859 3275 2907 3327 εί
2944 3274 3038 3327 καὶ
3071 3276 3127 3326 ἑν
3153 3276 3338 3344 κλήρῳ
3367 3274 3715 3344 νομιζομένῳ

2138 3364 2270 3435 παρ’
2314 3366 2497 3427 αὐτοῖς
2543 3366 2884 3435 τυγχάνοιεν,
2932 3368 2980 3419 εί
3020 3368 3114 3420 καὶ
3163 3369 3411 3438 μέγιστοι
3449 3369 3711 3436 λέγοιντο,

2136 3456 2265 3519 τοὺς
2315 3457 2593 3520 τοιούτους
2624 3458 2763 3527 μετὰ
2788 3460 2967 3527 πάσης
3007 3459 3325 3527 ἐπιμελείας
3358 3461 3713 3531 κατηχεῖσθαί

2136 3568 2195 3603 τε
2231 3550 2323 3603 καὶ
2359 3549 2715 3620 βαπτίζεσθαι
2753 3551 2857 3603 ὑπὸ
2881 3550 2989 3603 τῶν
3031 3554 3124 3621 τῆς
3160 3551 3453 3621 ἐκκλησίας
3486 3553 3711 3606 ἐπισκό-

2142 3661 2255 3695 πων
2281 3660 2339 3697 τε
2366 3644 2460 3697 καὶ
2488 3643 2899 3715 πρεσϐύτερων.

2244 3761 2288 3811 Σ
2295 3756 2514 3809 υνόδου
2567 3758 3260 3822 Κωνσταντινουπόλεως
3286 3757 3488 3810 κανὼν
3520 3759 3588 3822 ζ’.

2206 3848 2271 3913 ζ’.
2309 3848 2449 3911 Τοὺς
2483 3850 2943 3920 προστιθεμένους
2968 3852 3035 3921 τῇ
3075 3849 3355 3923 ὀρθοδοξίᾳ
3386 3850 3483 3903 καὶ
3508 3854 3574 3921 τῇ
3619 3869 3715 3922 με-

2137 3942 2242 4012 ρίδι
2272 3941 2377 3994 τῶν
2404 3940 2726 4008 σωζομένων
2756 3941 2863 3994 ἀπὸ
2908 3943 3200 4012 αἱρετικῶν
3236 3942 3501 4012 δεχόμεθα
3529 3984 3543 4005 ,
3571 3944 3712 3997 κατὰ

2134 4035 2232 4101 τὴν
2301 4032 2748 4101 ὑποτεταγμένην
2824 4033 3145 4086 ἀκολουθίαν
3210 4036 3305 4087 καὶ
3392 4035 3705 4103 συνήθειαν.

2148 4126 2458 4195 ’Λρειανοὺς
2510 4124 2609 4194 μὲν
2641 4125 2735 4176 κα).
2777 4125 3228 4188 Μακεδονιανοὺς,
3276 4124 3710 4184 καὶ,Σα66ατια-

2134 4219 2276 4279 νοῦς,
2299 4217 2393 4268 καὶ
2418 4215 2814 4278 Ναυατιανοὺς,
2848 4215 2972 4277 τοὺς
2994 4215 3249 4284 λέγοντας
3275 4217 3499 4280 ἑαυτοὺς
3526 4218 3713 4271 Καθα-

2136 4309 2261 4375 ροὺς
2300 4305 2395 4358 καὶ
2422 4305 2773 4376 ’Λριστεροὺς
2813 4305 2906 4357 καὶ
2947 4306 3074 4367 τοὺς
3110 4306 3709 4372 Τεσσαρεσκαιδεκατί-

2135 4415 2231 4459 τας
2260 4398 2431 4467 ἤγουν
2465 4396 2813 4467 Τετραδίτας,
2854 4398 2947 4451 κα).
2977 4396 3451 4467 Ἀπολιναριστὰς,
3481 4398 3711 4469 δεχόμε-

455 4488 872 4559 Apollinaristas
904 4486 1219 4553 recipimus,
1248 4484 1440 4535 dantes
1469 4480 1689 4549 quidem
1714 4478 1942 4539 libellus,
1977 4486 2030 4531 et

2136 4489 2203 4542 θα
2251 4489 2492 4553 διδόντας
2533 4488 2809 4551 λιόἐλλους
2843 4490 2939 4542 κα)¹
2988 4489 3486 4559 ἀναθεματίζοντας
3530 4494 3710 4544 πᾶσαν

457 4595 673 4635 onmem
709 4577 957 4632 ltaaresim
998 4573 1543 4634 anathematizautes,
1578 4587 1698 4640 quae
1730 4588 1835 4623 non
1872 4569 2030 4623 sentit

2136 4580 2346 4647 αἰρεσιν
2381 4579 2455 4649 μὴ
2482 4576 2783 4648 φρονοῦσαν
2821 4578 2896 4639 ὡς
2939 4578 3126 4646 φρονεῖ
3174 4578 3206 4645 ὴ
3264 4576 3397 4643 ἁγία
3426 4577 3520 4629 τοῦ
3572 4575 3707 4629 Θεοῦ

460 4682 518 4728 ιιι
547 4681 735 4725 sancta
766 4669 861 4721 Dei
911 4668 1178 4722 catholica
1228 4675 1281 4719 et
1330 4665 1627 4734 apostolica
1660 4661 1933 4728 Ecclesia;
1981 4673 2028 4715 et

456 4764 723 4833 signatos,
755 4760 872 4814 sive
902 4770 1097 4812 unctos
1126 4757 1362 4826 primum
1410 4765 1600 4810 sant-to
1626 4754 1942 4816 chrismate,
1977 4763 2032 4805 et

454 4855 709 4916 frentem,
746 4860 800 4905 et
844 4850 1053 4913 oculos,
1102 4860 1157 4903 et
1192 4862 1373 4911 nares,
1424 4856 1477 4899 et
1511 4862 1592 4910 os,
1630 4854 1684 4898 et
1729 4860 1912 4897 aures.
1966 4844 2028 4897 Et

454 4960 551 5001 eos
588 4946 866 5015 signantes
906 4943 1163 5005 dicimus,
1214 4940 1565 5007 Signaculnm
1613 4940 1738 4993 doni
1791 4939 2031 5008 Spiritus

456 5038 651 5095 sancti.
689 5032 849 5103 Atqui
881 5031 1276 5095 Eunomiauos,
1314 5030 1404 5100 qui
1438 5031 1491 5082 in
1536 5046 1697 5084 unam
1732 5030 2033 5083 demet-sio-

457 5148 581 5186 nem
612 5129 991 5199 baptizantur;
1028 5133 1079 5178 et
1118 5123 1498 5185 Moutanistas,
1528 5124 1618 5193 qui
1659 5123 1746 5176 hic
1775 5124 2032 5176 dicuntur

456 5224 716 5292 Phryges,
744 5231 795 5274 ct
825 5218 1163 5272 Sabellianus
1213 5218 1307 5286 qui
1356 5217 1608 5271 eumdem
1657 5230 1779 5270 esse
1812 5215 2029 5269 Patrem

530 5403 643 5467 (45)
684 5400 801 5454 Non
853 5412 936 5453 est
971 5399 1059 5454 hic
1100 5413 1273 5453 canun
1322 5394 1635 5467 in_Arabica
1683 5394 2025 5467 paraphrasi,

459 5491 555 5527 nec
604 5464 655 5526 in
702 5471 1032 5525 Concilione
1065 5484 1335 5521 canonum
1369 5464 1594 5517 Joannis
1644 5466 1899 5517 Antioch.
1932 5465 2023 5533 qui

457 5557 507 5596 νι
555 5543 927 5597 Seliulasticus
957 5541 1135 5593 dictus
1171 5548 1272 5600 est,
1324 5536 1633 5605 patriarcha
1670 5534 1799 5598 CP.,
1832 5551 1929 5588 nec
1969 5536 2021 5587 in

462 5614 704 5682 l-Ipitume
764 5626 1036 5665 canonum
1101 5604 1388 5677 Symeonis
1441 5604 1684 5673 magistri
1717 5644 1749 5682 ,_
1797 5618 2026 5682 uterque

458 5676 600 5735 enim
657 5698 749 5736 sex
792 5690 1000 5733 talltum
1046 5676 1256 5749 prietes
1301 5676 1829 5749 ρίιιιωιιυε.ιιιιρειιίοιΔ
1861 5676 2023 5749 liuins

460 5753 691 5806 concilii.
726 5754 815 5806 Est
857 5744 1078 5805 totidem
1110 5747 1288 5803 verbis
1331 5762 1505 5801 canon
1546 5744 1606 5796 lt
1642 5746 1832 5817 synodi
1865 5744 2020 5798 Trul-

2135 4668 2399 4737 καθολικὴ
2424 4669 2518 4720 καὶ
2546 4666 2881 4738 ἁποστολικὴ
2898 4665 3210 4735 Ἐκκλησία,
3244 4665 3715 4734 σφραγιζομένους

2133 4762 2252 4831 ἤτοι
2288 4761 2611 4831 χριομένους
2645 4760 2860 4829 πρῶτον
2890 4758 2966 4827 τῷ
3001 4758 3140 4827 ἁγίῳ
3178 4758 3333 4829 μύρῳ
3362 4760 3421 4812 τό
3456 4776 3528 4817 τε
3584 4760 3710 4829 μέτ-

2135 4869 2304 4915 ωπον,
2330 4854 2421 4904 καὶ
2445 4851 2570 4912 τοὺς
2589 4850 2918 4918 ὀφθαλμοὺς,
2945 4852 3155 4912 καὶτὰς
3188 4852 3359 4919 ῥῖνας,
3388 4852 3477 4902 καὶ
3504 4851 3566 4902 τὸ
3588 4849 3708 4902 στὸο

2143 4962 2239 5014 μα,
2271 4945 2363 4995 καὶ
2401 4944 2471 4995 τὰ
2493 4937 2627 4995 throw
2664 4942 2760 4993 καί
2791 4941 3180 5011 σφραγίζοντες
3229 4942 3425 5003 αὐτοὺς
3456 4941 3705 5010 λέγομενο

2144 5036 2386 5105 Σφραγὶς
2409 5035 2617 5106 δωρεᾶς
2643 5032 2953 5102 Πνεύματος
2978 5032 3158 5098 ἁγίου·
3190 5032 3554 5098 Εὑνομιανοῦς
3586 5031 3711 5099 μέν·

2132 5144 2214 5180 τοι
2264 5130 2388 5190 τοὺς
2444 5129 2524 5189 εἰς
2579 5128 2710 5197 μίαν
2768 5125 3061 5177 κατάδυσιν
3122 5123 3571 5193 βαπτιζομένους,
3619 5124 3712 5175 καὶ

2132 5220 2505 5283 Μοντανιστάς
2540 5220 2665 5282 τοὺς
2703 5217 2936 5271 ἐνταῦθα
2979 5217 3307 5285 λεγομένους
3347 5216 3581 5287 Φρύγας,
3620 5217 3713 5269 καὶ

2129 5394 2288 5448 lanzc.
2319 5392 2455 5447 Vide
2481 5393 2642 5446 etiam
2680 5394 2965 5462 epistolam
3004 5393 3067 5447 ad
3111 5392 3424 5462 Martyrium
3455 5389 3708 5462 Antioch.

2130 5468 2269 5533 apud
2306 5460 2794 5519 Lennclavium'in
2826 5464 2961 5518 lure
2997 5464 3182 5517 Graeco
3214 5460 3370 5516 Rom.
3421 5477 3541 5531 pag.
3581 5460 3705 5524 ‘290,

2131 5535 2272 5587 unde
2298 5536 2395 5588 'hic
2429 5550 2603 5587 canon
2643 5536 2952 5602 descriptus
2984 5535 3158 5589 videri
3194 5544 3391 5600 potest.

2203 5606 2312 5674 (46)
2358 5604 2473 5657 Non
2508 5605 2721 5657 videtur
2751 5598 2892 5673 apud
2929 5598 3208 5658 Socratem
3252 5598 3709 5674 sabbatianurum

2127 5672 2327 5730 nomen
2358 5683 2684 5744 usurpatum
2720 5672 2845 5730 ante
2881 5692 2974 5730 an.
3004 5675 3230 5730 circiter
3259 5672 3383 5729 392.
