4122 6432
430 402 533 462 ϐέὸ

1295 410 1698 473 ΞΥΝΤΑΘΜᾹ
1734 411 2121 473 CANONUM.
2151 438 2221 447 —
2248 413 2394 473 TIT.
2433 414 2529 487 IV,
2570 415 2709 473 CAP
2765 415 2918 475 XIV.

3579 424 3681 488 (:26

430 515 816 600 Σαῦξελλιανοὺς
844 521 969 584 τοὺς
996 521 1350 594 υἱοπατορίαν
1375 525 1742 595 διδάσκοντας,
1770 524 1863 583 καὶ
1883 530 1997 581 ἓτε-

2102 537 2153 581 et
2178 528 2385 594 ,Filium
2418 530 2732 599 opinantur,
2771 538 3070 600 utrumque
3118 533 3281 587 simul
3334 536 3684 593 confunden-

430 609 498 674 ρά
526 589 651 659 Στινα
706 609 919 679 χαλεπὰ
979 589 1285 678 ποιοῦντας,
1320 618 1415 670 zeal
1465 619 1564 682 τὰς
1595 589 1763 683 ἄλλοις
1818 624 1998 685 πάσας

424 697 660 767 αἱρέσεις
695 716 709 730 ο
763 701 952 772 ἐπειδὴ
1004 705 1188 758 πολλοί
1248 709 1396 761 εἱσιν
1421 711 1655 764 ἐνταῦθα
1689 714 1920 781 μάλιστα
1948 716 1997 767 οἱ

423 789 531 843 ἀπὸ
571 789 679 857 τῆς
722 791 980 845 Γαλατῶν
1015 795 1200 865 χώρας
1248 798 1554 869 ἐρχόμενοι,
1614 803 1822 867 πάντας
1871 808 1996 867 τοὺς

421 880 517 933 ἀπ’
572 882 752 935 αὐτῶν
779 882 1031 948 θέλοντας
1059 887 1444 955 προστίθεσθαι
1492 896 1556 962 τῇ
1584 895 1883 967 ὀρθοδοξίᾳ,
1920 898 1996 961 ὡς

423 970 691 1041 Ἕλληνας
755 974 1023 1045 δεχόμεθα
1053 993 1067 1008 ·
1105 979 1200 1031 καὶ
1254 980 1354 1051 τὴν
1392 984 1616 1054 πρώτην
1658 986 1757 1054 μὲν
1784 988 1995 1059 ἡμέραν

420 1062 679 1133 ποιοῦμεν
709 1065 904 1129 αὐτοὺς
933 1068 1293 1138 Χριστιανοὺς
1317 1112 1332 1137 ,
1365 1073 1463 1144 τὴν
1497 1076 1553 1127 δὲ
1573 1076 1830 1149 δευτέραν
1860 1098 1995 1134 κατ-

418 1156 790 1224 ηχουμένους·
831 1153 950 1210 εἶτα
1006 1163 1074 1230 τῇ
1133 1162 1289 1232 τρίτῃ
1352 1163 1702 1237 ὲξορκίζομεν
1773 1172 1990 1238 αὐτοὺς,

421 1244 555 1312 μετὰ
588 1244 682 1297 τοῦ
727 1248 980 1319 ἐμφυσᾷν
1016 1250 1199 1319 τρίτον
1234 1253 1316 1315 εἱς
1338 1253 1399 1305 τὸ
1428 1255 1719 1325 πρόσωπον
1741 1300 1756 1324 ,
1785 1261 1879 1312 καὶ
1914 1262 1994 1325 είς

417 1334 484 1387 τὰ
510 1328 646 1399 ὦτα,
682 1337 776 1389 zeal
804 1336 977 1400 οὕτως
999 1340 1345 1409 κατηχοῦμεν
1368 1344 1584 1409 αὐτοὺς,
1619 1348 1713 1401 zeal
1737 1350 1993 1421 ποιοῦμεν

418 1427 687 1495 χρονίζειν
732 1430 811 1490 είς
853 1428 951 1499 τὴν
999 1431 1333 1501 ἐκκλησίαν,
1388 1439 1480 1489 καὶ
1530 1439 1830 1510 ἀκροᾶσθαι
1880 1442 1992 1496 τῶν

416 1516 457 1568 Γ
458 1517 668 1585 pagatim,
701 1519 796 1572 καὶ
828 1520 949 1572 τότε
977 1522 1175 1587 αὐτοὺς
1211 1524 1565 1597 βαπτίζομεν.

551 1607 822 1661 Συνόὸου
860 1612 1281 1681 οὶκουμενικῆς
1307 1614 1488 1683 ἕκτης
1514 1618 1716 1671 κανὼν
1744 1622 1845 1685 ηεν.
1866 1636 1871 1641 ‘

478 1700 581 1763 ιιε’.
614 1699 753 1763 Τοὺς
783 1702 1239 1771 προστιθεμένους
1272 1710 1338 1777 τῇ
1365 1710 1645 1782 ὀρθοδοξίᾳ
1674 1714 1769 1765 zeal.
1790 1717 1855 1786 τῇ
1899 1732 1989 1784 με·

2101 626 2202 679 tes,
2235 628 2288 672 et
2319 620 2425 673 alia
2452 621 2637 690 gravia
2670 629 2723 675 et
2760 621 2983 691 indigna
3019 622 3226 678 faciunt
3259 642 3272 678 :
3301 632 3355 678 et
3388 626 3525 681 alias
3565 644 3684 683 om-

2068 724 2195 763 ‘nes
2224 710 2455 767 hazrcses
2489 730 2502 765 :
2534 713 2795 781 quoniam
2846 715 2933 767 hic
2970 715 3121 769 mulli
3179 724 3309 770 sunt
3335 717 3596 779 hmretici,
3630 730 3681 774 et

2098 799 2335 853 maxime
2374 800 2467 868 qui
2494 816 2562 854 ex
2618 801 2934 855 Galatarum
2996 804 3218 873 regione
3256 804 3513 869 veniunt;
3558 808 3681 873 qui-

2097 903 2315 957 cunque
2339 905 2403 943 ex
2441 891 2524 944 his
2560 901 2705 945 recte
2738 893 2863 946 tidei
2900 893 3099 947 ascribi
3129 894 3341 956 volunt,
3376 905 3433 949 ut
3462 894 3679 950 Grzccos

2096 978 2434 1034 admittimus
2468 998 2481 1034 :
2516 993 2569 1035 et
2601 982 2778 1047 primo
2822 985 3043 1052 quidem
3092 983 3183 1039 die
3230 986 3378 1053 ipsos
3411 986 3679 1040 Christia-

2095 1086 2199 1125 nos
2242 1070 2510 1137 facimus;
2544 1076 2787 1127 secundo
2842 1076 3298 1142 catechumenos;
3336 1078 3536 1134 deinde
3570 1090 3677 1133 ter-

2094 1162 2172 1215 tio
2198 1164 2583 1217 exercizamus
2609 1164 2723 1219 sive
2753 1165 3071 1234 adjnramns
3108 1167 3275 1236 ipsos,
3312 1178 3395 1222 ter
3424 1170 3587 1223 simul
3621 1172 3670 1224 in

2094 1250 2287 1306 faciem
2320 1267 2509 1307 eorum
2550 1262 2605 1307 et
2643 1270 2805 1309 aures
2847 1257 3191 1311 insulilando.
3229 1258 3294 1313 Et
3324 1261 3405 1315 sic
3447 1276 3542 1314 eos
3582 1278 3672 1314 ca-

2093 1343 2434 1398 techizamus
2477 1344 2593 1399 sive
2635 1346 2939 1412 initiamus,
2990 1358 3045 1402 et
3093 1365 3353 1404 curamus
3408 1362 3467 1404 ut
3512 1354 3671 1423 longo

2093 1442 2338 1503 tempore
2367 1445 2657 1490 versentur
2689 1437 2741 1489 in
2774 1438 3025 1503 ecclesia,
3076 1448 3131 1495 et
3164 1441 3388 1495 audiant
3420 1441 3669 1511 Scriptu-

2092 1540 2220 1588 ras;
2257 1535 2311 1580 et
2347 1534 2477 1580 tunc
2511 1541 2605 1581 eos
2638 1527 2997 1596 baptizamus.

2400 1617 2625 1670 Concilii
2651 1621 2954 1673 cecumenici
2984 1637 3031 1674 Vl
3065 1638 3232 1675 canon
3269 1624 3357 1677 95.

2160 1707 2250 1762 95.
2289 1707 2398 1764 Eos
2431 1709 2524 1778 qui
2558 1726 2623 1763 ex
2665 1710 2939 1767 haereticis
2972 1714 3039 1767 ad
3080 1724 3282 1768 rectam
3320 1716 3478 1770 fidem
3506 1731 3664 1771 acce-

414 1786 517 1856 ρίδι
548 1787 659 1843 τῶν
693 1790 1020 1859 σωζομένων
1050 1794 1158 1846 ἀπὸ
1194 1797 1489 1866 αίρετικῶν
1514 1801 1811 1872 δεχόμεθα,
1846 1806 1987 1859 κατὰ

2089 1798 2247 1863 dunt,
2285 1809 2337 1853 et
2377 1801 2519 1868 parti
2548 1814 2739 1854 eorum
2778 1802 2870 1871 qui
2908 1804 3209 1867 salvantur,
3241 1807 3484 1876 subjecta
3533 1823 3663 1862 con-

409 1878 510 1948 τὴν
559 1879 1008 1957 ὑποτεταγμένην
1048 1861 1368 1943 ἀκολουθίαν
1415 1909 1473 1944 τε
1502 1861 1609 1946 zeal
1646 1861 1945 1965 συνήθειαν
1969 1913 1983 1928 ·

2090 1888 2371 1955 sequentia
2438 1898 2493 1943 et
2540 1895 2937 1947 consuetudine
2989 1895 3348 1963 recipientes,
3430 1898 3666 1953 Arianos

421 1970 732 2040 Ἀρειανοὺς
756 1974 857 2043 μὲν
877 1976 968 2027 καὶ
989 1978 1444 2046 Μακεδονιανοὺς,
1471 1984 1564 2036 καὶ
1591 1985 1985 2053 Ναυατιανοὺς,

413 2062 507 2114 καὶ
533 2062 959 2132 Σαῦὸατιανοὺς,
988 2067 1116 2132 τοὺς
1147 2069 1404 2136 λέγοντας
1433 2075 1662 2140 ἑαυτοὺς
1697 2079 1987 2148 Καθαροὺς

411 2154 504 2204 καὶ
580 2152 949 2225 ’Δριστεροὺς,
1011 2159 1107 2212 zeal
1149 2161 1274 2225 τοὺς
1323 2164 1986 2236 Τεσσαρεσκαιδεκατίτας

407 2244 581 2311 ἧγουν
634 2246 988 2317 Τετραδίτας,
1043 2252 1136 2304 zeal
1198 2244 1659 2327 Ἀπολιναριστὰς
1694 2262 1982 2333 δεχόμεθα,

404 2335 646 2401 διδόντας
670 2338 947 2404 λιὸέλλους
977 2344 1071 2395 καὶ
1099 2345 1595 2416 ἀναθεματίζοντας
1634 2356 1812 2408 πᾶσαν
1836 2357 1985 2425 αἴρε-

406 2444 506 2495 σιν,
525 2429 602 2501 μὴ
634 2432 931 2501 φρονοῦσαν
962 2433 1037 2497 ὡς
1060 2439 1245 2505 φρονεί
1276 2440 1459 2509 ὴὰγία
1480 2442 1574 2495 τοῦ
1605 2443 1739 2495 Θεοῦ
1770 2446 1984 2499 καθολι-

404 2522 473 2592 κὴ
505 2522 603 2574 καὶ
634 2524 967 2596 ἀποστολικὴ
1010 2528 1330 2599 Ἐκκλησία,
1358 2534 1833 2605 σφραγιζομένους
1860 2538 1981 2608 ἦτοι

400 2614 726 2683 χριομένους
769 2617 985 2689 πρῶτον
1008 2619 1085 2690 τῷ
1126 2622 1265 2692 ἁγίῳ
1317 2624 1475 2695 μύρῳ
1499 2626 1560 2679 τὸ
1588 2627 1858 2697 μέτωπον,
1887 2632 1983 2685 zeal

399 2704 525 2767 τοὺς
550 2704 883 2774 ὀφθαλμοὺς,
918 2708 1012 2761 zeal
1033 2709 1132 2773 τὰς
1160 2713 1334 2781 ῥῖνας,
1367 2712 1463 2766 zeal
1486 2715 1545 2767 τὸ
1572 2716 1768 2786 στόμα,
1796 2718 1892 2770 zeal
1912 2720 1979 2774 τὰ

399 2787 533 2860 ὦτα,
566 2796 661 2849 zeal
688 2798 1081 2869 σφραγίζοντες
1107 2801 1306 2866 αὐτοὺς
1326 2802 1577 2875 λέγομεν·
1604 2808 1846 2878 Σφραγὶς
1879 2810 1980 2863 δω-

402 2889 530 2956 ρεᾶς
553 2888 871 2960 Πνεύματος
896 2892 1072 2959 ἁγίου.
1100 2894 1235 2965 Περὶ
1263 2896 1320 2948 δὲ
1338 2895 1448 2951 τῶν
1477 2899 1975 2969 Παυλιανισάντων,

2089 1979 2313 2046 quidem
2378 1986 2433 2034 et
2484 1979 2925 2047 Macedonianos,
2969 1993 3024 2039 et
3074 1984 3427 2052 Novatianos,
3452 1990 3547 2058 qui
3606 2004 3667 2043 se

2087 2069 2262 2124 Puros
2294 2072 2590 2140 appellant,
2647 2083 2702 2127 et
2756 2072 3051 2141 Aristeros,
3084 2086 3137 2131 et
3179 2077 3339 2149 164
3374 2078 3662 2133 Tessares-

2084 2161 2443 2218 kaidecatitas
2497 2179 2592 2219 seu
2622 2164 2961 2234 Tetraditas;
2995 2177 3048 2221 et
3072 2167 3494 2237 Apollinaristas
3524 2170 3666 2223 rcci-

2099 2254 2280 2324 pimus
2314 2255 2505 2310 dantes
2539 2256 2768 2321 libellos,
2807 2266 2860 2312 et
2888 2273 3109 2313 omnem
3150 2261 3407 2315 hmresim
3438 2262 3666 2316 anathe-

2086 2347 2434 2411 matizantes,
2490 2363 2613 2417 quae
2668 2364 2776 2403 non
2836 2360 2967 2404 sunt
3013 2360 3073 2406 ut
3109 2352 3275 2407 sentit
3325 2364 3514 2407 sancta
3567 2351 3665 2407 Dei

2084 2438 2412 2494 universalis
2443 2449 2495 2493 et
2526 2441 2824 2509 apostolica
2877 2440 3153 2509 Ecclesia;
3184 2453 3376 2498 sancto
3422 2444 3661 2513 primum

2082 2532 2382 2587 chrismate
2409 2533 2736 2601 inungentes
2765 2544 2819 2589 et
2855 2533 3112 2600 frontem,
3139 2546 3191 2591 et
3219 2537 3430 2599 oculos,
3468 2545 3519 2590 et
3565 2553 3664 2590 na-

2084 2639 2194 2690 res,
2227 2636 2281 2678 et
2302 2640 2386 2689 os,
2416 2633 2471 2679 et
2497 2639 2699 2689 aures;
2726 2627 3111 2695 consignantes
3144 2638 3323 2681 autem
3374 2627 3611 2682 dicimus
3642 2642 3657 2681 :

2082 2717 2440 2787 Signaculum
2501 2718 2628 2771 doni
2662 2716 2899 2786 Spiritus
2920 2718 3147 2788 Isaucti.
3205 2719 3280 2774 De
3309 2720 3659 2776 Paulianistis

2084 2816 2267 2862 autem
2294 2823 2323 2861 a
2350 2809 2617 2862 catholica
2641 2808 2881 2863 Ecclesia
2913 2818 3178 2864 statutum
3207 2818 3311 2874 est,
3337 2810 3446 2863 utii
3479 2810 3660 2865 omni-

2078 2915 2151 2954 no
2172 2901 2599 2970 rebaptizentur.
2621 2900 2996 2956 Eunomianos
3021 2917 3260 2971 quoque,
3290 2902 3384 2971 qui
3410 2903 3461 2955 in
3490 2916 3657 2955 unam

399 2973 519 3032 εἶτα
569 2981 975 3051 προσελθόντων
1027 2986 1093 3055 τῇ
1149 2985 1408 3058 καθολικῇ
1473 2988 1792 3062 Ἐκκλησία,
1851 2994 1976 3064 ὄρος

2083 2999 2476 3054 demersionem
2517 2998 2811 3068 baptizant,
2838 3008 2890 3053 et
2925 2999 3300 3063 Montanistas,
3327 2998 3420 3067 qui
3463 2998 3551 3052 hic
3570 2998 3660 3052 di-

398 3071 705 3126 ὲκτέθειται
748 3074 1214 3146 ἀναϐαπτίζεσθαι
1253 3079 1453 3143 αὐτοὺς
1475 3081 1783 3147 ἐξάπαντος
1820 3100 1835 3115 ο
1869 3086 1973 3137 Εύ-

2075 3106 2274 3150 cuntur
2315 3094 2581 3166 Phryges,
2625 3103 2680 3149 et
2703 3094 3066 3158 Sabellianos,
3119 3095 3211 3164 qui
3268 3092 3467 3147 Filium
3502 3108 3659 3147 eum-

397 3162 691 3231 νομιανοὺς
746 3164 930 3233 μέντοι
967 3167 1093 3229 τοὺς
1131 3168 1211 3230 είς
1240 3168 1371 3237 μίαν
1404 3172 1696 3226 κατάδυσιν
1718 3175 1975 3245 βαπτιζο-

2083 3188 2206 3242 dem
2238 3201 2361 3241 esse
2570 3185 2733 3241 Patre
2772 3186 3115 3249 existimant,
3138 3162 3204 3239 vet
3249 3185 3356 3239 alia
3409 3184 3657 3253 queedam

400 3252 600 3320 μένους
655 3253 750 3306 zeal
805 3256 1183 3321 Μοντσνιστὰς
1213 3259 1341 3322 τοὺς
1379 3262 1614 3316 ἐνταῦθα
1652 3264 1978 3336 λεγομένους

396 3343 641 3413 Φρύγας,
665 3343 759 3397 zeal
779 3345 1170 3411 Σαϐελλιανοὺς
1196 3350 1321 3415 τοὺς
1346 3353 1697 3424 υίοπατορίαν
1724 3356 1974 3424 δοξάζον-

394 3446 516 3496 τας,
564 3435 659 3487 καὶ
698 3435 863 3506 ἐτερά
896 3453 1020 3491 τινα
1065 3441 1278 3510 χαλεπὰ
1311 3444 1596 3509 ποιοῦντας
1618 3486 1633 3511 ,
1664 3449 1761 3501 zeal
1799 3449 1979 3514 πάσας

395 3525 493 3586 τὰς
542 3524 711 3589 ἄλλας
753 3527 1032 3597 αἱρέσειςο
1094 3533 1282 3604 ἐπειδὴ
1322 3535 1508 3589 πολλοί
1551 3540 1692 3592 εἰσιν
1742 3540 1978 3595 ἐνταῦθα

400 3614 639 3684 μάλιστα
694 3618 743 3670 οἱ
796 3619 905 3672 ἀπὸ
961 3622 1062 3693 τῆς
1116 3624 1373 3681 Γαλατῶν
1430 3629 1613 3699 χώρας
1668 3632 1974 3703 ἐρχόμενοι,

377 3708 611 3777 πάντας
648 3710 777 3771 τοὺς
821 3711 918 3764 ἀπ’
950 3714 1129 3768 αὐτῶν
1179 3716 1430 3783 θέλοντας
1472 3723 1859 3793 προστίθεσθαι
1909 3730 1975 3794 τῇ

394 3798 680 3872 ὀρθοδοξίᾳ
704 3801 780 3866 ὡς
809 3804 1078 3873 ’Έλληνας
1107 3808 1375 3880 δεχόμεθα
1409 3828 1421 3841 ·
1448 3815 1541 3866 zeal
1574 3815 1673 3885 τὴν
1700 3817 1797 3887 μὲν
1824 3818 1976 3889 πρώ-

393 3907 493 3960 την
513 3893 734 3963 ἡμέραν
788 3895 1050 3966 ποιοῦμεν
1088 3900 1286 3965 αὐτοὺς
1338 3903 1719 3973 Χριστιανοὺς,
1767 3910 1869 3978 τὴν
1921 3909 1976 3961 δὲ

393 3981 659 4053 δευτέραν
696 3989 1159 4059 κατηχουμένους,
1204 3987 1320 4045 εἶτα
1341 3992 1440 4064 τὴν
1474 3995 1665 4067 τρίτην
1696 3998 1975 4068 ἐξορκίζο-

396 4089 500 4141 μεν
531 4074 734 4138 αὐτοὺς
777 4078 914 4146 μετὰ
948 4078 1041 4132 τοῦ
1067 4082 1319 4153 ὲμφυσᾷν
1341 4084 1524 4154 τρίτον
1552 4088 1633 4149 εἱς
1686 4088 1747 4141 τὸ
1790 4090 1977 4157 πρόσ-

392 4182 547 4219 ωπον
578 4168 674 4219 zeal
704 4169 784 4232 εἱς
809 4172 877 4224 τὰ
915 4163 1050 4236 ὦτα,
1084 4174 1178 4227 καὶ
1218 4173 1360 4229 οὕτω
1397 4179 1747 4250 κατηχοῦμεν
1779 4183 1977 4246 αὐτοὺς

391 4258 487 4309 zeal
525 4257 795 4330 ποιοῦμεν
850 4264 1120 4332 χρονίζειν
1177 4266 1258 4328 εἱς
1318 4267 1418 4333 τὴν
1484 4270 1831 4341 Ἐκκλησίαν,
1884 4275 1977 4327 zeal

389 4349 701 4421 ἀκροᾶσθαι
740 4353 848 4407 τῶν
903 4356 1156 4425 Γραφῶν,
1198 4359 1291 4413 zeal
1314 4360 1438 4413 τότε
1476 4362 1674 4427 αὐτοὺς
1716 4364 1976 4434 βαπτίζο-

394 4457 529 4509 μενο
591 4443 687 4498 zeal
740 4446 867 4510 τοὺς
914 4448 1250 4519 Μανιχαίους
1304 4451 1362 4503 δὲ
1415 4454 1510 4507 zeal
1567 4457 1694 4519 τοὺς
1748 4459 1976 4511 Οὑαλεν·

2080 3280 2265 3349 gravia
2298 3279 2529 3344 faciunt,
2586 3288 2640 3333 et
2670 3294 2865 3334 omnes
2899 3279 3034 3333 alias
3096 3278 3354 3341 haereses,
3394 3277 3657 3345 quoniam

2080 3370 2233 3424 multi
2260 3370 2348 3424 hic
2387 3379 2537 3437 sunt,
2592 3380 2645 3425 et
2671 3370 2911 3424 maxime
2940 3370 3033 3440 qui
3080 3385 3144 3424 ex
3200 3368 3518 3424 Galatarum
3570 3384 3660 3422 re-

2079 3461 2239 3531 gione
2268 3460 2495 3531 profecti
2523 3468 2674 3526 sunt,
2714 3476 2905 3515 omnes
2932 3477 2997 3516 ex
3024 3461 3091 3515 iis
3112 3460 3203 3529 qui
3227 3461 3291 3513 ad
3349 3471 3552 3513 rectam
3587 3459 3657 3512 de

2079 3554 2183 3607 ﬁde
2215 3554 2548 3608 sententiam
2586 3554 2779 3607 volunt
2810 3553 3094 3613 accedere.
3122 3561 3183 3606 ut
3249 3551 3479 3621 gentiles
3516 3551 3659 3604 reci-

2077 3642 2259 3710 pimus
2320 3659 2333 3694 :
2360 3650 2414 3695 et
2444 3640 2622 3709 primo
2656 3641 2874 3710 quidem
2918 3640 3005 3693 die
3022 3655 3116 3693 eos
3148 3638 3491 3694 Christianos
3523 3636 3659 3691 faci-

2078 3744 2236 3796 mus;
2269 3730 2512 3783 secundo
2542 3738 2718 3783 autem
2747 3730 3176 3784 catechumenos
3212 3746 3226 3782 :
3252 3727 3448 3781 deinde
3492 3727 3656 3811 tertio

2079 3816 2422 3885 adjuramus,
2457 3817 2621 3871 simul
2650 3816 2815 3870 etiam
2852 3825 2931 3870 ter
2962 3817 3015 3870 in
3048 3814 3242 3869 faciem
3271 3824 3327 3870 et
3354 3830 3515 3868 aures
3570 3814 3657 3867 in-

2078 3907 2388 3976 spirantes;
2419 3916 2474 3961 et
2508 3908 2586 3962 sic
2619 3907 2920 3968 iuitiamus.
2954 3918 3009 3961 et
3047 3908 3138 3961 diu
3173 3906 3227 3960 in
3266 3907 3494 3961 ecclesia
3522 3920 3651 3959 ver-

2079 4000 2190 4054 sari
2208 4008 2261 4052 et
2296 3996 2612 4068 Scripturas
2646 4045 2649 4050 .
2680 3999 2876 4053 audire
2912 3997 3185 4064 facimus;
3234 4006 3288 4052 et
3339 4007 3467 4052 tunc
3504 3997 3656 4067 ipsos

2078 4089 2445 4158 baptizamus.
2498 4088 2642 4154 Quin
2688 4092 2854 4143 etiam
2910 4089 3263 4155 Manichaeos,
3299 4097 3353 4142 et
3407 4086 3654 4142 Valenti-

2078 4179 2297 4241 nianos,
2322 4191 2377 4235 et
2410 4179 2809 4245 Marcionistas,
2843 4188 2898 4234 et
2938 4180 3147 4235 similes
3179 4182 3462 4234 haereticos
3491 4194 3655 4248 opor-

2082 4280 2155 4327 tet
2194 4271 2406 4327 libellos
2442 4272 2648 4336 facere,
2694 4280 2749 4326 et
2789 4272 3039 4326 haeresim
3070 4286 3226 4326 suam
3283 4272 3653 4326 anathemati-

2080 4379 2223 4427 zare,
2254 4372 2309 4418 et
2352 4361 2692 4427 Nestorium,
2730 4372 2784 4418 et
2840 4362 3160 4430 Eutychem,
3194 4371 3247 4417 et
3298 4361 3649 4427 Dioscorum,

2078 4465 2133 4510 et
2161 4453 2447 4519 Severum,
2470 4463 2525 4509 et
2556 4455 2798 4526 reliquos
2819 4456 3010 4509 talium
3042 4454 3319 4509 hazrcseon
3352 4455 3649 4525 principes,

388 4530 624 4600 τίνους,
686 4535 785 4588 zeal
839 4537 1309 4609 Μαρκιωνιστὰς,
1372 4544 1468 4596 zeal
1535 4546 1663 4610 τοὺς
1739 4548 1804 4600 ὲκ
1862 4550 1971 4601 τῶν

2083 4556 2133 4603 et
2165 4546 2260 4617 qui
2318 4546 2508 4601 eadem
2554 4521 2689 4615 quae:
2739 4548 2816 4602 illi
2872 4549 3134 4613 sentiunt,
3182 4557 3237 4603 et
3264 4521 3454 4602 omnes
3493 4521 3651 4617 165

387 4624 597 4693 ὁμοίων
654 4627 919 4697 αἱρέσεων
990 4634 1496 4703 προσερχομένους,
1570 4637 1647 4700 ὡς
1706 4639 1972 4710 Ἕλληνας

2083 4639 2368 4709 praedictas
2396 4638 2633 4693 hzereses
2666 4656 2682 4693 :
2714 4650 2767 4693 et
2799 4638 2880 4694 sic
2900 4640 3017 4694 ﬁeri
3060 4648 3262 4694 sancta:
3304 4640 3647 4694 communio-

388 4714 672 4786 δεχόμενοι
740 4719 1180 4791 ἀναϐαπτίζομεν
1215 4739 1230 4754 ο
1299 4724 1703 4797 Νεστοριανοὺς
1754 4730 1811 4782 δὲ
1880 4734 1973 4785 καὶ

2083 4733 2165 4786 nis
2194 4730 2510 4801 participes.

389 4806 826 4877 Εὐτυχιανιστὰς
893 4814 989 4865 zeal
1066 4816 1434 4886 Σεὸηριανοὺς
1462 4856 1478 4881 ,
1548 4819 1643 4872 zeal
1708 4822 1836 4885 τοὺς
1906 4826 1971 4878 ὲκ
2007 4824 2116 4879 τῶν
2144 4822 2356 4893 ,ὁμοίων
2397 4820 2664 4890 αἱρέσεων
2697 4821 2803 4893 χρὴ
2841 4822 3014 4873 ποιεῖν
3048 4821 3346 4887 λιὸέλλους,
3397 4823 3491 4876 zeal
3518 4823 3653 4875 ἀνα-

390 4898 706 4967 θεματίζειν
724 4900 822 4972 τὴν
850 4904 1081 4974 αἵρεσιν,
1115 4906 1211 4958 zeal
1236 4907 1551 4981 Νεστόριον,
1593 4912 1688 4964 zeal
1729 4911 1994 4981 Εὐτυχέα,
2038 4911 2134 4966 zeal
2195 4910 2506 4977 Διόσκορον,
2534 4910 2627 4960 zeal
2665 4909 2924 4979 Σεεῆρον,
2956 4910 3052 4961 zeal
3080 4912 3202 4973 τοὺς
3234 4910 3453 4974 λοιποὺς
3485 4912 3649 4982 ἐξάρ-

389 5007 520 5060 χους
559 4991 671 5046 τῶν
700 4993 956 5049 τοιούτων
996 4996 1298 5066 αἱρέσεων,
1331 5000 1425 5052 zeal
1492 5001 1618 5064 τοὺς
1669 5003 1999 5071 φρονοῦντας
2072 5005 2144 5056 τὰ
2191 5000 2412 5065 αὐτῶν,
2476 5000 2570 5052 zeal
2630 5001 2807 5064 πάσας
2854 5003 2954 5064 τὰς
3001 5005 3522 5074 προαναφερομένας
3570 5009 3655 5059 ai-

392 5078 595 5151 pécee;,
640 5083 736 5137 zeal
788 5083 931 5138 οὕτω
983 5085 1419 5154 μεταλαμϐάνειν
1476 5090 1574 5159 τῆς
1620 5091 1783 5158 ἁγίας
1846 5092 2151 5156 κοινωνίας.

531 5175 806 5231 Συνόδου
830 5180 1081 5245 Νικαίας
1110 5182 1177 5234 τὸ
1204 5182 1506 5251 δεύτερον,
1537 5187 1737 5239 κανὼν
1751 5193 1822 5257 η’.

392 5284 527 5339 Ὀτι
546 5272 1028 5366 ,ξοὺςςΕϐραίους
1058 5293 1131 5345 οὐ
1157 5292 1273 5366 χρὴ
1302 5294 1606 5363 δέχεσθαι,
1637 5300 1687 5351 εὶ
1708 5298 1795 5366 μή
1825 5316 1970 5355 ποτε

532 5356 603 5420 ἐξ
635 5360 1000 5427 είλικρινοῦς
1037 5356 1285 5429 καρδῖαξ
1316 5356 1817 5434 ἐφὶὶστρέεριουὰιῦ.

461 5452 537 5517 η’.
578 5448 793 5521 Ἐπειδὴ
840 5451 1183 5522 πλανώμενοι
1227 5455 1277 5507 οἱ
1322 5456 1386 5508 ἐκ
1427 5456 1528 5526 τῆς
1561 5457 1667 5509 τῶν
1703 5458 1971 5529 Ἐϐραίων

396 5537 694 5609 θρησκείας
718 5581 733 5602 ,
768 5544 1126 5613 μυκτηρίζειν
1164 5544 1348 5611 ἔδοξαν
1398 5547 1635 5618 Χριστὸν
1681 5549 1775 5601 τὸν
1813 5550 1968 5614 Θεὸν,

394 5632 855 5703 προσποιούμενοι
900 5636 997 5705 μὲν
1028 5637 1438 5706 χριστιανίζειν,
1466 5639 1626 5693 αὐτὸν
1654 5640 1711 5693 δὲ
1736 5642 1966 5711 ἀρνοῦν-

391 5736 503 5784 τες,
571 5724 814 5793 κρύϐδην
868 5729 962 5781 zeal
1018 5727 1290 5799 λαθραίως
1360 5732 1815 5799 σαϐϐατῐξοντες,
1873 5736 1965 5788 καὶ

393 5812 559 5884 ἕτερα
580 5814 847 5872 Ἰουδαϊκὰ
874 5819 1173 5888 ποιοῦντες,
1196 5823 1450 5896 ὁρίζομεν
1470 5825 1691 5890 τούτους
1719 5831 1854 5898 μήτε
1884 5831 1959 5890 εἰς

2452 5184 2679 5239 Concilii
2706 5185 2920 5240 Nica'm'
2950 5202 2986 5241 ll
3022 5204 3191 5241 canon
3226 5190 3279 5245 8.

2070 5297 2224 5363 Quod
2276 5291 2529 5371 Hebraeos
2563 5313 2664 5350 non
2695 5305 2898 5364 oportet
2937 5298 3162 5366 recipere
3194 5302 3295 5352 nisi
3333 5318 3398 5355 ex
3434 5320 3569 5371 pura
3600 5317 3649 5359 et

2440 5368 2647 5421 sincera
2680 5378 2851 5421 mente
2887 5379 3280 5422 convertantur.

2124 5468 2176 5522 8.
2192 5466 2462 5533 Quoniam
2488 5464 2842 5520 Hebrmorum
2870 5466 3147 5535 religionis
3164 5468 3382 5535 quidam
3400 5479 3650 5522 errantes

2072 5560 2351 5615 Christum
2385 5561 2554 5615 Deum
2585 5568 2835 5615 nostrum
2865 5559 3203 5614 subsannare
3233 5562 3329 5613 visi
3357 5573 3502 5625 sunt,
3529 5580 3649 5617 sese

2072 5649 2422 5705 Christianos
2447 5666 2567 5704 esse
2598 5650 2881 5717 tingentes,
2915 5650 3089 5717 ipsum
3124 5660 3303 5704 autem
3337 5654 3647 5708 clanculum

2073 5751 2128 5795 et
2161 5743 2371 5795 occulte
2402 5752 2619 5811 negant,
2652 5744 2886 5798 Sabhata
2921 5747 3297 5812 observantes,
3344 5759 3397 5802 et
3426 5750 3527 5802 alia
3555 5748 3652 5801 Ju-

2072 5835 2228 5891 daica
2261 5833 2544 5902 facientes,
2588 5836 2898 5902 statuimus,
2933 5845 2987 5891 ut
3014 5854 3187 5908 neque
3219 5841 3281 5891 ad
3309 5844 3650 5896 connnuuiu-
