4122 6434
499 416 599 477 627

1606 410 1867 471 PHOTII
1900 409 2403 472 PATRIARCH/E
2436 413 2545 474 CP.

3639 412 3745 473 θὶὸ

496 543 644 589 nem,
682 542 857 595 neque
887 526 950 579 ad
981 528 1265 583 ecclesiam
1303 526 1690 587 admittantur,
1743 526 1837 580 sed
1886 535 2070 594 aperte

2176 528 2477 592 κοινωνίαν,
2523 530 2660 598 μήτε
2693 530 2771 591 είς
2802 529 3000 599 εὐχὴν,
3035 529 3174 597 μήτε
3212 528 3291 591 είς
3336 526 3635 595 ἐκκλησίαν
3663 526 3748 579 δέ·

495 618 933 675 sintsecundum
972 635 1127 674 suam
1152 618 1467 689 religionem
1500 618 1747 675 Hebraei:
1800 626 1855 671 et
1891 633 2070 685 neque

498 711 638 764 ﬁlios
663 726 851 765 earum
887 712 1179 781 baptizari,
1212 726 1387 780 neque
1416 726 1633 765 servum
1660 710 1727 763 ab
1747 709 1828 763 eis
1853 710 1957 763 emi
1984 710 2069 763 vel

494 803 791 872 possideri.
826 804 920 857 Sin
953 815 1132 857 autem
1168 818 1231 855 ex
1273 818 1406 870 pura
1442 809 1495 855 et
1532 801 1743 855 sincera
1798 800 1903 854 ﬁde
1945 801 2070 869 quis

492 908 682 947 eorum
710 910 1029 958 conversus,
1050 903 1101 947 et
1127 910 1192 946 cx
1231 902 1342 946 toto
1374 893 1537 945 corde
1567 890 1855 945 confessus
1884 889 2067 959 fuerit,

491 1000 685 1037 eorum
724 985 967 1038 moribus
997 994 1049 1037 et
1086 984 1250 1037 rebus
1291 984 1562 1037 insultans
1586 1023 1601 1049 ,
1653 982 1818 1035 Veluti
1873 982 2068 1036 trium-

492 1079 660 1146 phum
698 1092 884 1146 agens.
922 1085 980 1130 ut
1018 1085 1072 1130 et
1123 1076 1212 1130 alii
1245 1077 1566 1130 refellantur
1593 1084 1647 1128 et
1681 1075 2066 1143 corrigantur;

490 1184 615 1220 eum
653 1168 820 1235 recipi
853 1176 905 1221 et
931 1167 1192 1234 baptizari
1220 1175 1273 1221 ct
1311 1167 1429 1232 ejus
1482 1166 1723 1228 liberos,
1772 1174 1825 1219 et
1874 1175 2069 1220 cautos

491 1257 691 1320 reddi,
746 1266 807 1310 ut
851 1272 910 1311 se
962 1258 1031 1310 ab
1076 1256 1428 1311 Hebrzeorum
1462 1255 1658 1311 studiis
1698 1263 1751 1307 et
1796 1254 2070 1309 institutis

491 1348 820 1401 abstineant.
852 1346 905 1401 Si
938 1357 1117 1403 autem
1170 1362 1279 1402 non
1321 1346 1395 1401 ita
1437 1362 1495 1401 se
1540 1348 1750 1417 gerant,
1787 1360 1883 1401 eos
1915 1348 2069 1401 nullo

490 1439 652 1493 modo
682 1438 914 1493 admitti.

996 1612 1191 1668 Basilii
1232 1630 1401 1668 canon
1440 1616 1530 1670 47.

487 1706 575 1758 47.
612 1703 903 1760 Encratitaa
926 1713 980 1760 et
1015 1705 1371 1776 Saccophori.
1398 1717 1503 1765 etc.
1532 1718 1591 1764 ut
1608 1727 1771 1781 supra
1788 1730 1911 1786 pag.
1940 1714 2062 1771 446.

557 1796 685 1851 CAP.
736 1796 855 1851 XV.
887 1826 955 1839 -κ
1010 1796 1199 1851 Utrum
1245 1800 1603 1857 da'inoniacus
1643 1802 1724 1858 vel
1781 1805 1839 1858 in
1885 1807 2065 1860 morbo

487 1888 720 1941 delirans
745 1889 1058 1959 baptizetur.

913 1980 1171 2036 Timothei
1204 2000 1424 2038 canones
1471 1984 1526 2053 2,
1558 1987 1610 2040 Δ.

560 2071 944 2141 Interrogatio.
1001 2072 1053 2127 Si
1094 2078 1519 2131 catechumenos
1550 2093 1580 2131 a
1614 2077 1860 2134 daemone
1888 2081 2063 2135 corri-

489 2165 692 2236 piatur,
731 2172 788 2220 et
820 2165 1049 2220 voluerit
1084 2165 1199 2235 ipse
1234 2167 1321 2222 vel
1362 2168 1472 2233 sui,
1500 2177 1557 2223 ut
1585 2178 1837 2225 sanetum
1889 2172 2065 2242 bapti-

492 2273 671 2312 smum
702 2257 951 2327 accipiat,
987 2257 1212 2313 debetne
1238 2260 1485 2330 accipere
1508 2276 1717 2327 annon,
1747 2270 1802 2319 et
1827 2265 2066 2322 maxime

490 2350 539 2404 si
580 2352 742 2404 morti
774 2348 1120 2419 propinquus
1165 2350 1363 2407 fuerit?

566 2440 727 2510 166
755 2439 1059 2508 Responsio.
1089 2439 1145 2493 Si
1177 2440 1246 2502 is,
1287 2441 1435 2511 quia
1477 2441 1724 2497 daemone
1749 2444 2063 2516 corripitur,

491 2546 597 2585 non
624 2530 786 2585 fuerit
808 2529 878 2585 ab
910 2530 1194 2585 immundo
1215 2530 1409 2599 spiritu
1433 2531 1867 2597 mundatus,non
1890 2543 2067 2603 potest

491 2630 741 2676 sanctum
778 2620 1107 2690 baptismum
1158 2623 1443 2691 accipere;
1476 2621 1570 2677 sed
1605 2622 1663 2676 in
1700 2622 1849 2678 exitu
1879 2638 1911 2679 e
1955 2624 2067 2679 vita

488 2715 817 2781 baptizatur.

557 2805 934 2878 Interrogatio.
963 2808 1018 2863 Si
1047 2808 1171 2877 quis
1224 2810 1674 2875 catechumenus,
1732 2824 1859 2865 eum
1921 2818 2069 2865 esset

488 2896 762 2964 inﬁrmus,
795 2910 987 2955 emota:
1006 2902 1205 2956 mentis
1234 2900 1409 2957 factus
1428 2901 1516 2967 sit,
1551 2910 1682 2968 etc.,
1708 2910 1766 2954 ut
1791 2918 1913 2972 pag.
1938 2901 2065 2957 622.

557 2988 714 3044 CAP.
762 2989 906 3047 XVI.
930 2990 1030 3045 lNe
1081 2992 1268 3046 mulier
1311 2993 1641 3063 purgationis
1685 3009 1797 3047 sua:
1842 3001 2071 3061 tempore

488 3083 818 3154 baptizetur.

668 3190 671 3193 ‘
1000 3176 1258 3232 Timothei
1293 3194 1462 3233 canon
1496 3178 1549 3233 6.

563 3263 941 3339 Interrogatio.
975 3269 1033 3323 Si
1075 3271 1268 3325 mulier
1293 3272 1685 3325 catechumena
1719 3271 1934 3328 dederit
1963 3288 2067 3329 no-
2094 3258 2138 3317 (ἶ

491 3373 615 3412 men
644 3374 827 3425 suum,
855 3368 915 3415 ut
936 3362 1264 3432 baptizetur,
1294 3375 1346 3418 et
1367 3365 1454 3419 die
1488 3362 1834 3433 baptismatis
1884 3365 1961 3419 illi
1998 3366 2070 3419 sit

491 3448 791 3502 secundum
815 3452 1263 3506 consuetudinem
1314 3453 1627 3520 mulierum,
1664 3453 1898 3509 debetne
1953 3455 2060 3509 hac

489 3539 580 3595 die
611 3539 896 3610 baptizari,
926 3558 994 3598 an
1025 3542 1264 3609 diﬂ'erre,
1296 3555 1351 3600 et
1371 3554 1633 3617 quantum
1659 3547 1883 3602 differre
1902 3547 1929 3601 ἲ

559 3719 870 3790 Responsio.
893 3721 1009 3779 Non
1037 3722 1197 3779 debet
1224 3723 1398 3780 donec
1434 3737 1661 3796 purgata
1721 3725 1906 3781 fuerit.

558 3899 687 3955 CAP.
722 3899 884 3955 XVII.
924 3932 998 3943 —
1042 3903 1185 3969 Quid
1219 3904 1267 3958 si
1302 3903 1699 3958 catechumenus
1737 3914 1861 3959 ante
1894 3904 2069 3977 bapti-

494 4008 663 4047 smum
696 3994 1176 4050 communicaverit.

1013 4086 1273 4143 Timothei
1294 4105 1464 4143 canon
1495 4089 1547 4145 1.

563 4176 942 4248 Interrogatio.
995 4178 1052 4233 Si
1103 4180 1317 4249 puellus
1362 4183 1825 4247 catechumenos,
1879 4189 2069 4252 utpote

493 4283 761 4323 annorum
810 4279 1041 4340 septem,
1074 4273 1159 4327 vel
1213 4273 1381 4328 homo
1412 4274 1575 4329 etiam
1629 4276 1905 4345 perfectus
1936 4276 2064 4330 dum

494 4359 647 4412 ﬁeret
674 4359 881 4415 oblatio
918 4373 1227 4432 opportune
1269 4364 1527 4430 adfuerit,
1564 4364 1793 4435 ejusque
1844 4365 2067 4421 nescius

492 4450 766 4519 particeps
806 4450 979 4507 factus
1010 4454 1100 4521 sit,
1137 4454 1267 4523 quid
1306 4456 1373 4510 de
1402 4471 1467 4511 eo
1498 4456 1613 4509 lieri
1654 4454 1855 4510 debet?

567 4540 877 4612 Responsio.
910 4544 1077 4600 Debet
1116 4546 1416 4601 illuminari
1449 4565 1463 4602 ε
1495 4562 1529 4601 a
1566 4547 1677 4602 Deo
1716 4546 1862 4603 enim
1902 4560 2067 4602 voca-

499 4640 592 4688 tus
628 4642 733 4688 est.

2173 617 2381 687 χεσθαι,
2428 619 2565 672 ἀλλὰ
2615 621 2861 690 φανερῶς
2902 621 3145 673 εστωσαν
3191 618 3337 672 κατὰ
3386 618 3485 688 τὴν
3535 617 3748 670 ἑαυτῶν

2174 707 2471 778 θρησκείαν
2511 709 2777 779 Ἑϐραῖοι,
2834 712 2972 779 μήτε
3018 711 3144 772 τοὺς
3187 709 3383 771 παῖδας
3429 708 3614 761 αὐτῶν
3649 708 3747 781 βα-

2172 798 2405 863 πτίζειν,
2443 801 2581 870 μήτε
2629 800 2815 853 δοῦλον
2868 799 3181 869 ὠνήσασθαι
3211 798 3244 868 ἢ
3277 797 3533 852 κτᾶσθαι.
3584 799 3646 851 El
3688 799 3746 852 δὲ

2172 888 2269 942 καὶ
2307 890 2627 959 ἐπιστρέψει
2673 908 2757 952 τις
2792 889 2971 943 αὐτῶν
3001 890 3060 956 ἐξ
3110 888 3435 960 εἰλικρινοῦς
3480 889 3741 953 πίστεως,

2170 981 2266 1034 καὶ
2321 981 2645 1050 ὁμολογήσει
2695 980 2756 1045 ἐξ
2800 982 2928 1050 ὅλης
2975 980 3236 1052 καρδίας,
3273 980 3623 1049 θριαμϐεύων
3674 982 3743 1034 τὰ

2172 1071 2293 1126 κατ’
2322 1072 2499 1124 αὐτῶν
2530 1072 2624 1143 ἔθη
2652 1072 2745 1125 καὶ
2784 1072 3106 1141 πράγματα,
3142 1071 3277 1141 πρὸς
3317 1072 3377 1124 τὸ
3426 1072 3519 1124 καὶ
3550 1070 3744 1133 ἄλλους

2170 1163 2493 1233 ἐλεγχθῆναι
2524 1164 2620 1217 καὶ
2647 1162 3063 1233 διορθώσασθαι,
3124 1162 3313 1215 τοῦτον
3346 1161 3742 1232 προσδέχεσθαι

2172 1254 2266 1306 καὶ
2298 1253 2600 1323 βαπτίζειν,
2626 1253 2721 1307 καὶ
2748 1252 2875 1315 τοῦς
2903 1252 3101 1314 παῖδας
3142 1251 3329 1316 αὑτοῦ,
3370 1251 3463 1304 καὶ
3506 1250 3741 1319 ἀσφαλί-

2170 1341 2360 1406 ζεσθαι
2408 1342 2607 1404 αὐτοὺς
2635 1341 2939 1410 ἀποστῆναι
2978 1340 3085 1393 τῶν
3124 1339 3431 1409 Ἑϐραϊκῶν
3460 1339 3743 1409 ἐπιτηδευ-

2172 1434 2389 1504 μάτων·
2444 1435 2492 1486 εί
2540 1433 2595 1486 δὲ
2646 1432 2720 1503 μὴ
2768 1432 2940 1495 οὔτως
2988 1431 3180 1502 ἔχοιεν,
3230 1430 3496 1501 μηδαμῶς
3544 1430 3740 1494 αὐτοὺς

2175 1523 2586 1595 προσδέχεσθαι.

2589 1617 2916 1670 Βασιλείου
2955 1613 3157 1668 κανὼν
3195 1611 3280 1681 μετ’
3292 1652 3306 1666 .

2242 1706 2351 1779 μζ’.
2395 1708 2745 1778 Ἐγκρατῖται
2776 1708 2870 1762 καὶ
2893 1708 3251 1777 Σακκοφόροι,
3280 1724 3335 1761 κ.
3369 1723 3419 1761 τ.
3451 1707 3503 1761 λ.

2237 1800 2489 1855 ΚΕΦΑΛ.
2536 1798 2639 1853 IE'.
2669 1831 2738 1843 -—-
2761 1799 2894 1865 Πῶς
2922 1802 2955 1854 ό
2976 1796 3479 1867 δαιμονιζόμενος,
3512 1796 3553 1864 ἢ
3595 1800 3626 1850 ό
3673 1796 3743 1851 ἐν

2098 1922 2140 1982 Β
2167 1890 2333 1956 νόσῳ
2358 1890 2761 1982 παραφρονῶν
2785 1891 3153 1982 βαπτίζεται.

2596 1980 2875 2051 Τιμοθέου
2914 1981 3113 2036 κανὼν
3150 1982 3216 2051 β’,
3251 1982 3316 2037 δ’.

2250 2076 2589 2146 Ἐρώτησις.
2619 2074 2685 2144 β’.
2722 2075 2848 2128 Ἐὰν
2883 2073 3324 2144 δαιμονιζόμενός
3350 2089 3436 2135 τις
3464 2070 3740 2142 κατηχού-

2170 2189 2331 2242 μενος
2414 2211 2430 2237 ,
2476 2170 2574 2224 καὶ
2601 2167 2745 2222 θέλοι
2777 2166 2937 2229 αὐτὸς
2967 2167 3000 2237 ἢ
3040 2167 3090 2219 οί
3127 2165 3247 2218 ῐδιοι
3278 2162 3441 2218 αὑτοῦ
3483 2165 3574 2217 ἵνα
3600 2162 3737 2232 λάϐῃ

2165 2266 2227 2319 τὸ
2258 2263 2420 2333 ἅγιον
2453 2262 2759 2333 βάπτισμα,
2793 2260 2844 2312 εἰ
2866 2259 3068 2327 ὀφείλει
3094 2257 3276 2311 λαϐεῖν
3304 2256 3338 2329 ἢ
3367 2256 3448 2322 οὒ,
3502 2257 3601 2310 καὶ
3633 2256 3737 2327 μά-

2164 2352 2323 2406 λιστα
2346 2350 2442 2404 ἐὰν
2470 2349 2601 2418 περὶ
2628 2347 2722 2400 τὸν
2755 2346 2984 2401 θάνατόν
3019 2347 3203 2411 ὲστιν;

2249 2444 2605 2511 Ἀπόκρισις.
2637 2439 2762 2494 Ἐὰν
2788 2441 2816 2493 ὀ
2842 2438 3280 2509 δαιμονιζόμενος
3309 2438 3381 2509 μὴ
3428 2436 3735 2509 καθαρισθῇ

2167 2536 2278 2593 ἀπὸ
2303 2535 2397 2589 τοῦ
2424 2532 2737 2603 ἀκαθάρτου
2766 2530 3097 2601 πνεύματος,
3123 2530 3184 2582 οὐ
3208 2530 3431 2583 δύναται
3461 2530 3653 2582 λαϐεῖν
3679 2529 3740 2581 τὸ

2166 2629 2321 2698 ἅγιον
2350 2626 2660 2697 βάπτισμαο
2691 2623 2819 2693 περὶ
2845 2621 2902 2676 δὲ
2927 2621 3025 2693 τὴν
3054 2620 3251 2687 ἔξοδον,
3285 2620 3611 2691 βαπτίζεται

2250 2802 2567 2874 Ἐρώτησις
2628 2802 2692 2856 δ’.
2734 2801 2858 2855 Ἐάν
2910 2816 2996 2863 τις
3037 2798 3441 2870 κατηχούμενος
3492 2794 3738 2850 ἀσθενῶν

2167 2896 2396 2967 γένηται
2423 2894 2717 2964 ὲκφρενὴς,
2742 2910 2799 2950 κ.
2828 2909 2879 2946 τ.
2911 2891 2986 2954 λ.,
3016 2906 3178 2961 usque
3215 2890 3282 2943 ad
3307 2890 3663 2961 πειράζηται.

2237 2991 2493 3045 ΚΕΦΑΔ.
2525 2992 2641 3057 ις’.
2660 3021 2729 3032 —-
2750 2986 2889 3056 Περὶ
2912 2987 3019 3042 τοῦ
3046 2986 3127 3056 μὴ
3152 2985 3369 3056 χρῆναι
3400 2985 3658 3055 γυναῖκα
3675 2984 3743 3037 ἐν

2169 3082 2296 3149 ταῖς
2320 3082 2570 3154 ἡμέραις
2596 3080 2704 3149 τῆς
2738 3078 3079 3149 καθάρσεως
3104 3078 3293 3146 αὐτῆς
3305 3074 3737 3144 βαπτισθῆναι.

2652 3169 2937 3240 Τιμοθέου
2959 3168 3158 3223 κανὼν
3188 3176 3263 3234 ς¹.

2254 3263 2576 3333 Ἐρώτησις
2627 3270 2701 3329 ς’.
2762 3262 2887 3316 Ἐὰν
2925 3262 3061 3331 γυνὴ
3116 3258 3497 3331 κατηχουμένη
3547 3256 3741 3311 δέδωκε

2173 3358 2234 3411 τὺ
2259 3357 2429 3426 ὄνομα
2453 3356 2621 3426 αὐτῆς
2649 3357 2739 3409 ἵνα
2773 3353 3041 3424 φωισθῇ,
3077 3354 3172 3407 καὶ
3208 3352 3338 3422 περὶ
3382 3351 3479 3421 τὴν
3525 3348 3743 3419 ἡμέραν

2172 3446 2268 3503 τοῦ
2303 3446 2679 3517 βαπτίσματος
2698 3445 2920 3514 γέγονεν
2946 3445 3082 3513 αὐτῇ
3106 3442 3167 3496 τὸ
3193 3443 3315 3496 κατ’
3346 3440 3466 3503 ἔθος
3495 3439 3611 3491 τῶν
3644 3454 3743 3505 γυ-

2174 3538 2402 3605 ναικῶν,
2451 3539 2501 3591 εί
2534 3538 2742 3607 ὀφείλει
2771 3536 3104 3607 φωτισθῆναι
3152 3534 3292 3604 αὐτῇ
3345 3536 3414 3603 τῇ
3462 3527 3743 3602 ήμέρᾳ,ῆ

2176 3630 2529 3703 ὑπερθέσθαι,
2554 3629 2649 3684 καὶ
2681 3628 2846 3681 πόσον
2864 3626 3195 3697 ὑπερθέσθαι
3219 3643 3233 3690 ;

2258 3722 2631 3789 Ἀπόκρισις.
2672 3716 3040 3789 ’Υπερθέσθαι
3108 3714 3350 3785 ὀφείλει,
3395 3712 3502 3777 ἕως
3541 3714 3608 3767 ἂν
3648 3729 3744 3764 κα-

2179 3809 2435 3880 θαρισθῇ.

2248 3899 2505 3953 ΚΕΦΔΛ.
2537 3897 2636 3952 IZ’.
2664 3928 2729 3940 -—
2765 3896 2903 3951 Ἐὰν
2934 3899 2968 3951 ό
3003 3894 3453 3965 κατηχούμενος
3486 3892 3600 3961 πρὸ
3636 3890 3742 3945 τοῦ

2170 3993 2594 4062 βαπτίσματος
2624 3990 2990 4058 κοινωνήσῃ.

2668 4084 2945 4152 Τιμοθέου
2972 4080 3172 4136 κανὼν
3202 4087 3271 4134 α’.

2254 4174 2578 4245 Ἐρώτησις
2615 4173 2684 4229 α’.
2749 4175 2873 4227 Ἐὰν
2921 4172 3129 4226 παιδίον
3183 4170 3590 4241 κατηχούμενον
3668 4167 3741 4228 ὡς

2174 4268 2316 4323 emax
2348 4269 2506 4335 ὲτῶν,
2530 4268 2697 4338 ἣγουν
2727 4266 3012 4337 ἄνθρωπος
3040 4264 3269 4329 τέλειος,
3306 4264 3608 4333 εὐκαιρήσῃ
3639 4276 3742 4313 που

2175 4360 2493 4433 προσφορᾶς
2541 4360 2866 4430 γινομένης,
2921 4359 3015 4411 καὶ
3063 4357 3273 4425 ἀγνοῶν
3319 4356 3634 4428 μεταλάϐοι,
3692 4352 3745 4404 τί

2174 4455 2378 4524 ὀφείλει
2407 4454 2650 4522 γίνεσθαι
2676 4451 2804 4525 περὶ
2832 4452 3032 4521 αὑτοδῖ

2261 4548 2629 4615 Ἀπόκρισις.
2661 4546 2999 4617 Φωτισθῆναι
3032 4546 3257 4617 ὀφείλει·
3290 4544 3442 4617 παρὰ
3470 4542 3607 4598 Θεοῦ
3638 4538 3743 4609 γὰρ

2094 4610 2148 4670 D
2173 4638 2462 4709 κέκληται.

1814 4816 2216 4903 ΤΙΤΛΟΣ
2290 4818 2364 4903 Ε
2382 4881 2400 4900 .

497 4930 658 4985 IIEPI
696 4931 835 4986 ΤΩΝ
872 4932 1529 5005 κΑτΑφΡοΝρΥινῖοΝ
1590 4933 1729 4987 τοΝ
1776 4935 2204 4999 ΕΚΚΑΗΣΙΩΝ,
2247 4937 2370 4991 ΚΑΙ
2436 4935 2821 4998 ΣΥΝΑΞΕΩΝ.
2863 4936 2983 4990 κΑι
3040 4937 3371 5005 MNnmaN,
3410 4939 3530 4995 ΚΑΙ
3586 4935 3740 4990 ΠΕΡι

1233 5003 1369 5056 ΤΩΝ
1408 5003 1791 5058 ΕΘΙΖΟΝΤΩΝ
1832 5005 1921 5058 EN
1961 5006 2320 5061 ΕΚΚΑΗΣΙΑ
2356 5007 2479 5061 ΚΑΙ
2515 5008 2675 5060 ΠΕΡΙ
2712 5007 3007 5062 ΑΓΑΠΩΝ.

1718 5181 1877 5253 167
1921 5199 2387 5278 TITULUS
2421 5204 2515 5280 v-

495 5310 584 5365 us
620 5308 708 5365 ns
745 5308 864 5375 om
900 5306 1376 5366 CONTEMNUNT
1418 5308 1813 5384 sgcptssms,
1854 5314 1943 5369 ET
2004 5316 2326 5371 SYNAXES
2363 5317 2599 5384 ATQUE
2639 5317 3017 5383 MEMORIAS,
3062 5317 3152 5373 ET
3194 5318 3282 5372 DE
3334 5312 3743 5375 MANDUCAN-

1463 5379 1667 5437 TIBUS
1705 5384 1772 5438 IN
1800 5379 1806 5382 ⁷
1831 5385 2205 5453 ECCLESIIS,
2248 5387 2335 5441 ET
2390 5379 2782 5443 DE'AGAPIS.

558 5492 790 5549 CAPUT
828 5492 1124 5549 PRIMUM.
1151 5519 1221 5531 —
1255 5492 1327 5545 De
1350 5492 1414 5546 iis
1442 5494 1531 5563 qui
1558 5494 1781 5562 docent,
1815 5498 1909 5553 Dei
1963 5502 2062 5553 do-

492 5600 635 5637 mum
671 5594 720 5638 et
755 5600 983 5655 synaxes
1031 5594 1080 5639 et
1113 5585 1395 5637 memorias
1438 5582 1671 5639 ludibrio
1709 5605 1822 5643 esse
1867 5592 2064 5647 haben-

490 5679 607 5730 das.

720 5771 944 5826 Coneilii
1013 5771 1333 5842 Gangrensis
1383 5790 1606 5829 canones
1654 5775 1709 5839 5,
1758 5775 1850 5831 20.

567 5862 615 5919 5.
647 5862 701 5917 Si
729 5865 854 5934 quis
878 5865 1033 5922 docet
1061 5866 1283 5923 domum
1312 5867 1405 5923 Dei
1435 5883 1556 5924 esse
1584 5868 2061 5936 contemnendam,

2241 5501 2643 5554 ΚΕΦΔΛΑΙΟΝ
2677 5501 2971 5554 ΠΡΩΤΟΝ.
3001 5531 3070 5542 —
3101 5501 3240 5569 Περὶ
3278 5501 3397 5555 τῶν
3425 5496 3741 5555 διδασκόν-

2170 5594 2419 5657 των-,τὸν
2440 5591 2609 5647 οἷκον
2636 5594 2742 5648 τοῦ
2763 5594 2933 5658 Θεοῦ,
2961 5594 3180 5660 καὶτὰς
3203 5591 3494 5660 συνάξεις
3516 5591 3611 5646 καὶ
3638 5587 3739 5649 τὰς
3793 5638 3808 5655 .

2171 5689 2428 5759 μνήμας,
2461 5690 3023 5758 εὐκαταφρονήτους
3063 5688 3236 5744 εἶναι.

2446 5778 2717 5833 Συνόδου
2758 5779 3041 5848 Γιιγγρῶν
3072 5781 3272 5834 κανὼν
3300 5781 3361 5846 ε’,
3400 5781 3466 5834 κ’.

2244 5870 2302 5926 ε’.
2331 5873 2398 5926 Εἴ
2425 5889 2506 5936 τις
2537 5872 2772 5926 διδάσκει
2803 5873 2892 5926 τὸν
2912 5869 3061 5929 οἷκον
3092 5876 3182 5929 τοῦ
3243 5874 3377 5928 Θεοῦ
3403 5862 3739 5936 εὐκαταφρό-
