4122 6426
312 304 421 385 629

1197 313 1596 387 ΞΥΝΤΛῧΜΛ
1630 316 2014 377 CANONUM.
2045 339 2115 349 -
2146 315 2294 377 ΤΙΤ.
2325 317 2390 387 V,
2427 315 2583 375 CAP.
2624 315 2673 387 Ι,
2709 314 2788 372 ΙΙ.

3464 311 3569 371 630

314 434 473 487 νητοθ
516 411 691 485 εἶναι,
740 421 835 474 καὶ
880 421 976 487 τὰς
1017 423 1075 476 ὲν
1123 424 1273 496 αύτῷ
1322 427 1592 496 συνάξεις,
1638 430 1921 500 ἀνάθεμα,

1995 435 2046 482 et
2074 443 2197 498 qua:
2223 427 2360 481 ﬁunt
2400 428 2451 482 in
2500 442 2562 480 ea
2602 422 3087 495 congregationes,
3144 419 3216 474 sit
3252 422 3566 476 anathema.

316 508 480 565 ἔστω.

388 606 457 653 κ’.
489 600 558 653 El’
584 617 670 665 τις
694 603 915 673 αἰτιῷτο
960 605 1293 676 ὑπερηφάνῳ
1339 609 1576 665 διαθέσει
1610 614 1890 684 κεχρημέ-

316 709 427 756 νος,
446 692 541 745 καὶ
571 692 997 764 βδελυσσόμενος
1024 698 1123 760 τὰς
1151 699 1400 764 συνάξεις
1432 702 1541 755 τῶν
1571 704 1887 777 μαρτύρων,

318 783 352 854 ἢ
401 783 498 845 τὰς
549 786 607 837 ὲν
667 787 856 849 αὐταῖς
900 790 1190 859 γινομένας
1240 791 1607 864 λειτουργίας,
1664 798 1893 862 καὶτὰς

324 875 539 944 μνήμας
570 875 773 940 αὐτῶν,
804 877 1047 947 ἀνάθεμα
1082 880 1240 936 ἔστω.

320 967 590 1020 Συνόδου
611 969 1031 1037 οίκουμενικῆς
1059 971 1241 1040 ἕκτης
1271 974 1472 1029 κανὼν
1494 974 1603 1042 ος’,
1632 985 1748 1047 πη’,
1782 978 1889 1051 hc.

395 1065 507 1123 og'.
540 1060 664 1113 Ὅτι
700 1061 760 1113 οὑ
788 1062 892 1131 χρὴ
924 1062 1071 1115 ἔνδον
1117 1065 1227 1118 τῶν
1274 1066 1433 1135 ίερῶν
1464 1070 1765 1139 περιϐόλων
1800 1087 1896 1123 κα-

324 1147 543 1217 πηλεῖον
565 1149 598 1217 ἢ
630 1150 700 1201 τά
728 1149 816 1202 διὰ
854 1150 1161 1221 βρωμάτων
1188 1154 1300 1226 εἴδη
1342 1156 1681 1226 προτιθέναι,
1713 1160 1746 1228 ἢ
1773 1160 1893 1212 ἐτέ-

326 1257 424 1309 ρας
450 1241 679 1309 πράσεις
710 1242 1075 1306 ποιεῖσθαι,τὸ
1109 1245 1403 1315 σεϐάσμιον
1430 1250 1548 1312 ταῖς
1575 1249 1896 1320 ἐκκλησίαις

325 1330 716 1398 φυλάσσοντας.
758 1332 816 1385 Ὀ
846 1334 958 1405 γὰρ
989 1336 1181 1407 Σωτὴρ
1210 1338 1367 1407 ήμῶν
1396 1341 1489 1392 καὶ
1514 1340 1769 1405 Θεὸς,διά
1796 1343 1896 1412 τῆς

326 1423 383 1473 ἐν
414 1423 579 1493 σαρκὶ
602 1424 881 1489 πολιτείας
910 1428 1276 1498 παιδαγωγῶν
1305 1433 1471 1501 ἡμᾶς,
1498 1432 1572 1503 μὴ
1600 1438 1774 1487 ποιεῖν
1803 1435 1895 1488 τὸν

325 1511 471 1569 οἷκον
503 1518 598 1571 τοῦ
645 1521 863 1591 Πατρός
894 1524 1081 1588 αὐτοῦ,
1126 1528 1389 1595 ἐμπορίου
1432 1524 1601 1593 οἷκον,
1653 1547 1894 1599 παρεκε-

325 1608 541 1664 λεύετο·
573 1610 632 1675 ὃς
676 1612 770 1665 κα)⁵
814 1612 924 1665 τῶν
954 1615 1326 1669 κολλυϐιστῶν
1355 1618 1415 1670 τὸ
1463 1620 1645 1691 κέρμα
1688 1621 1892 1693 ἐξέχεε,

325 1699 419 1751 καὶ
456 1700 583 1763 τοὺς
610 1701 670 1753 τὸ
712 1702 853 1771 ίερδν
907 1706 1345 1771 κοινοποιοῦντας
1382 1710 1683 1779 ἀπήλασεν.
1720 1713 1789 1765 Εἴ
1812 1731 1897 1778 τις

323 1788 416 1843 οὖν
439 1790 535 1842 ἐπὶ
575 1791 653 1862 τῷ
698 1798 1045 1865 προκειμένῳ
1076 1797 1188 1868 ἁλῷ
1220 1797 1675 1872 πλημμελήματι,
1701 1805 1895 1876 ἀφορι-

324 1878 520 1943 ζέσθω.

392 1977 506 2041 πη’.
538 1972 744 2041 Μηδεὶς
783 1973 932 2028 ἔνδον
979 1976 1127 2045 ἱεροῦ
1175 1978 1327 2041 ναοῦ,
1374 1980 1571 2050 κτῆνος
1605 1980 1665 2034 τδ
1691 1983 1897 2036 οίονοῦν

321 2061 619 2131 εἰσαγέτω·
678 2065 836 2130 ἐκτὸς
883 2067 931 2118 εί
987 2068 1062 2137 μή
1114 2084 1199 2131 τις
1253 2070 1572 2139 ὁδοιπορῶν,
1634 2074 1897 2144 μεγίστης

321 2152 736 2226 καταλαϐούσης
781 2157 1065 2227 ἀνάγκης,
1113 2159 1360 2213 οίκίσκου
1420 2164 1513 2214 καὶ
1563 2167 1897 2234 καταγωγῆς

320 2244 560 2315 ἀπορῶν,
586 2247 643 2298 ὲν
669 2246 748 2317 τῷ
780 2248 1007 2318 τοιούτῳ
1039 2250 1333 2305 καταλύσει
1364 2252 1499 2322 ναῷ.
1543 2256 1640 2307 Διά
1673 2256 1782 2324 γὰρ
1805 2257 1896 2310 τοῦ

322 2336 397 2407 μὴ
428 2336 489 2388 τὸ
519 2337 714 2407 κτῆνος
746 2339 892 2392 ἔνδον
922 2342 1315 2413 εἰσενεχθῆναι,
1337 2345 1469 2398 αὐτὸ
1501 2345 1599 2415 μὲν
1633 2348 1780 2401 ἔστιν
1808 2350 1897 2402 ὅτε

317 2425 770 2497 διαφθαρήσεται,
807 2431 834 2481 ὁ
865 2429 922 2482 δὲ
969 2434 1035 2501 τῇ
1077 2431 1172 2484 τοῦ
1210 2434 1504 2501 ὑποζυγίου
1536 2435 1772 2508 ἀποϐολῇ
1807 2438 1899 2491 καὶ

317 2517 397 2585 τῷ
426 2517 680 2571 ἐντεῦθεν
722 2521 914 2590 ἀπόρῳ
958 2522 1058 2591 τῆς
1085 2523 1179 2575 ἐπὶ
1207 2523 1306 2594 τὴν
1352 2524 1659 2597 ὁδοιπορίαν
1697 2528 1895 2598 ὁρμῆς,

320 2603 556 2657 θανάτου
599 2606 831 2679 κινδύνῳ
866 2611 1324 2681 παραδοθήσεται.
1361 2615 1435 2666 Τὸ
1481 2616 1590 2686 γὰρ
1621 2617 1899 2672 Σάϐϐατον

317 2694 404 2749 διὰ
439 2697 529 2750 τὸν
558 2697 842 2769 ἄνθρωπον
873 2702 1123 2769 γενέσθαι
1146 2704 1571 2776 ὲκδιδασκόμεθα
1595 2723 1610 2738 ’
1639 2708 1779 2761 ὥστε
1810 2710 1898 2765 διὰ

319 2787 540 2842 πάντων
584 2795 958 2863 προτιμητέαν
1017 2795 1269 2863 ἡγεῖσθαι
1319 2797 1418 2868 τὴν
1457 2797 1550 2853 τοῦ
1608 2800 1897 2871 ἀνθρώπου

320 2882 598 2951 σωτηρίαν
626 2900 685 2936 τε
716 2886 810 2938 καὶ
838 2886 1130 2941 ἀπάθειαν.
1179 2889 1245 2941 El
1279 2888 1333 2941 δέ
1364 2906 1449 2952 τις
1478 2892 1758 2963 φωραθείη
1788 2910 1897 2962 χω-

321 2969 407 3040 ρὶς
450 2972 717 3044 ἀνάγκης,
746 2975 945 3045 κτῆνος
998 2979 1236 3047 εἰσάγων
1274 2982 1334 3033 ὲν
1379 2979 1458 3051 τῷ
1506 2983 1656 3052 ἱερῷ,
1702 2986 1750 3037 εί
1797 2985 1897 3054 μὲν

316 3059 583 3130 κληρικδς
626 3064 736 3135 είη,
792 3065 1198 3138 καθαιρείσθω·
1236 3072 1285 3124 εί
1328 3070 1387 3124 δὲ
1431 3072 1651 3139 λαῖκὸς,
1698 3077 1895 3148 ἁιρορι·

317 3147 521 3214 ζέσθω.

385 3328 497 3399 ιις.
546 3333 687 3396 Τοὺς
721 3335 754 3406 ἢ
796 3338 1011 3407 γαμετῇ
1043 3337 1427 3400 συνοικοῦντας
1470 3340 1502 3410 ἢ
1546 3340 1721 3405 άλλως
1753 3340 1901 3396 ἀδια-

316 3423 527 3491 κρίτως
580 3424 708 3487 τοὺς
771 3426 950 3495 ἱεροὺς
1005 3427 1207 3488 τόπους
1260 3429 1741 3496 κοινοποιοῦντας,
1803 3433 1900 3484 καὶ

315 3517 810 3585 καταφρονητικῶς
839 3519 968 3591 περὶ
997 3521 1195 3584 αὐτοὺς
1232 3520 1475 3591 ἔχοντας,
1509 3524 1601 3577 καὶ
1640 3522 1810 3587 οὕτως
1842 3525 1900 3577 ὲν

315 3606 505 3668 αὐτοῖς
532 3609 960 3677 καταμένοντας,
992 3612 1087 3664 καὶ
1115 3614 1178 3665 ὲκ
1206 3613 1316 3667 τῶν
1339 3614 1397 3667 ὲν
1428 3615 1540 3676 τοῖς
1580 3614 1900 3685 σεϐασμίοις

314 3699 469 3760 ναοῖς
501 3702 926 3770 κατηχουμένων
970 3702 1286 3767 ἐξωθεῖσθαι
1346 3705 1782 3775 προστάσσομεν.
1834 3707 1899 3760 Ei

312 3788 370 3842 δέ
397 3806 488 3852 τις
523 3791 597 3861 μὴ
627 3792 788 3846 τοῦτο
829 3795 1229 3865 παραφυλάξει,
1262 3796 1312 3848 εί
1348 3796 1449 3865 μὲν
1495 3797 1756 3869 κληρικὺς
1785 3798 1896 3871 εἴη,

314 3881 693 3953 καθαιρείσθω
713 3901 728 3916 ο
760 3885 810 3938 εί
839 3886 896 3939 δὲ
933 3886 1143 3955 λαῖκὸς,
1180 3887 1548 3959 ἀφοριξέσθω.

386 4147 644 4205 ΚΕΦΑΔ.
677 4147 753 4206 B’.
776 4182 844 4193 —
870 4152 1011 4220 Περὶ
1056 4151 1163 4207 τοῦ
1205 4152 1290 4223 μὴ
1330 4154 1525 4210 ποιεῖν
1561 4156 1632 4210 ἐν
1677 4158 1898 4228 ἐκκλη-

312 4236 483 4303 σίαις
514 4236 772 4307 ἀγάπας.

600 4330 873 4385 Συνόδου
897 4332 1250 4400 Λαοδικείας
1277 4335 1479 4389 κανὼν
1507 4345 1614 4408 κη’.

379 4419 495 4488 κη’.
521 4420 645 4474 Ὅτι
677 4423 738 4475 ού
769 4422 850 4475 δεῖ
872 4424 930 4475 ὲν
958 4427 1070 4488 τοῖς
1097 4427 1416 4495 Κυριακοῖς,
1442 4428 1479 4499 ἢ
1527 4431 1586 4483 ὲν
1634 4432 1753 4494 ταῖς
1802 4432 1897 4484 ὲκ-

312 4511 570 4583 κλησίαις
596 4514 692 4575 τὰς
722 4514 1022 4584 λεγομένας
1049 4519 1269 4585 ἁγάπας
1300 4523 1473 4573 ποιεῖν
1492 4561 1508 4586 ,
1538 4522 1632 4575 καὶ
1657 4523 1804 4577 ἔνδον
1836 4525 1895 4578 ὲν

312 4604 391 4675 τῷ
423 4604 560 4674 οἴκῳ
588 4604 792 4657 ἐσθίειν
824 4608 917 4659 καὶ
944 4607 1211 4662 ἀκούϐιτα
1241 4611 1590 4680 στρωννύειν.

556 4692 828 4747 Συνόδου
859 4695 1280 4764 Καρθαγέννης
1314 4697 1517 4752 κανὼν
1547 4700 1656 4771 μβ’.

389 4780 501 4851 μβ’.
521 4784 658 4850 Περὶ
697 4783 804 4838 τοῦ
818 4782 905 4853 μὴ
942 4787 1257 4854 συμπόσια
1277 4788 1347 4841 ἐν
1383 4789 1513 4856 ταῖς
1536 4791 1894 4861 ἐκκλησίαις

310 4871 739 4930 ἐπιτελεῖσθαι.

384 4966 551 5019 ’Ὥστε
582 4968 968 5041 ἐπισκόπουςῆ
996 4970 1312 5042 κληρικοὺς,
1344 4976 1402 5027 ἐν
1428 4978 1548 5041 ταῖς
1573 4978 1892 5050 ἐκκλησίαις

316 5058 393 5129 μὴ
419 5061 915 5128 συμποσιάζεσθαι,
950 5065 998 5116 εί
1029 5066 1102 5135 μή
1128 5068 1179 5134 γ’
1205 5065 1271 5119 ἂν
1292 5068 1453 5138 τυχὸν
1478 5069 1689 5143 ἀνάγκῃ
1717 5070 1893 5136 ξενίας

313 5150 601 5213 διαϐάντες
631 5153 747 5205 ἐκεῖ
778 5154 1158 5209 καταλύσωσι·
1204 5160 1297 5209 καὶ
1335 5160 1382 5211 ol
1418 5160 1537 5214 λαοὶ
1566 5162 1622 5214 δὲ
1652 5164 1761 5217 ἀπὸ
1786 5165 1895 5218 τῶν

311 5244 742 5312 τοιουτοτρόπων
793 5248 1133 5318 συμποσίων,
1161 5249 1282 5303 ὅσον
1332 5251 1556 5307 δυνατόν
1595 5257 1733 5322 ἐστι,
1788 5274 1895 5310 κω-

316 5334 571 5389 λυθῶσιν.
1539 5406 1544 5410 .

316 5428 586 5484 Συνόδου
612 5431 1031 5501 οίκουμενικῆς
1060 5434 1242 5503 ἕκτης
1266 5437 1468 5492 κανὼν
1502 5439 1593 5501 οδ’,
1636 5439 1742 5505 σις’,
1788 5441 1894 5508 L3".

386 5518 477 5571 (ιδ’.
510 5520 633 5572 Ὅτι
658 5522 719 5574 οὐ
754 5524 834 5576 δεῖ
858 5525 915 5578 ἐν
940 5528 1051 5590 τοῖς
1084 5528 1436 5598 Κυριακοίςῆ
1462 5531 1517 5584 ἐν
1548 5534 1667 5595 ταῖς
1695 5533 1893 5603 ἐκκλη-

389 5716 432 5747 "
459 5718 636 5774 Mane.
664 5736 739 5788 tu,
770 5721 853 5775 17.

2059 606 2151 660 20.
2182 606 2240 661 Si
2268 608 2390 676 quis
2421 605 2732 675 arrogantia
2778 612 2959 667 utens,
3005 611 3058 655 et
3092 609 3392 670 martyrum
3433 614 3569 655 eon-

1992 697 2335 767 gregationes
2368 697 2695 757 abhorrens,
2729 703 2783 749 et
2833 708 2988 747 sacra
3028 708 3150 762 qua:
3207 691 3261 743 in
3305 691 3386 745 eis
3430 691 3573 744 cele-

1992 787 2243 853 brantur,
2302 798 2357 843 et
2409 803 2601 843 eorum
2661 786 2958 841 memorias
3023 790 3246 839 accuset
3323 783 3396 838 sit
3441 798 3574 838 ana-

1994 878 2196 932 thema.

2099 968 2326 1022 Concilii
2348 969 2649 1023 wrumenici
2673 969 2809 1023 sexti
2842 984 3086 1031 canones,
3118 967 3206 1031 76,
3244 967 3336 1033 88,
3371 967 3464 1021 97.

2066 1059 2152 1115 76.
2225 1060 2380 1126 Quod
2405 1076 2512 1115 non
2577 1070 2793 1130 op0rtct
2851 1061 2992 1114 intra
3054 1068 3274 1115 sanctos
3336 1059 3573 1114 ambitus

1995 1151 2387 1221 cauponariam
2428 1151 2720 1217 ollicinam,
2752 1151 2836 1205 vel
2894 1151 3144 1205 ciborum
3196 1151 3404 1219 species
3443 1164 3575 1219 pro-

1994 1259 2221 1313 ponere,
2250 1245 2334 1298 vel
2372 1244 2509 1299 alias
2538 1244 2885 1299 venditiones
2923 1245 3128 1308 lacere,
3160 1258 3315 1296 suam
3341 1256 3577 1296 venera-

1997 1334 2203 1387 tionem
2232 1333 2480 1387 ecclesiis
2525 1344 2830 1387 servantes.
2874 1333 3128 1387 Salvator
3169 1336 3314 1386 enim
3361 1344 3572 1396 noster,

1996 1431 2050 1478 et
2080 1422 2243 1486 Deus,
2279 1438 2376 1492 per
2408 1438 2566 1477 suam
2618 1423 2672 1476 in
2722 1438 2889 1477 carne
2917 1422 3135 1477 vivendi
3178 1424 3445 1477 rationem
3478 1438 3576 1477 nos

2000 1513 2317 1576 instituens,
2355 1528 2465 1567 non
2500 1512 2680 1567 facere
2729 1516 2950 1567 domum
2978 1513 3164 1568 Patris
3216 1515 3299 1567 sui
3347 1514 3575 1568 domum

1998 1604 2386 1673 negotiationis
2406 1605 2633 1673 jussit“
2655 1622 2669 1671 ;
2693 1606 2786 1675 qui
2854 1607 3018 1660 etiam
3083 1606 3575 1659 nummulariorum

2000 1709 2220 1750 mensas
2267 1694 2480 1764 eﬂudit,
2524 1704 2579 1749 et
2616 1711 2712 1752 eos
2778 1697 2874 1767 qui
2935 1696 3111 1750 forum
3156 1711 3444 1751 commune
3493 1697 3573 1749 fa-

1929 1778 1971 1832 B
1999 1785 2172 1852 ciunt,
2214 1785 2396 1856 ejccit.
2432 1786 2491 1839 Si
2521 1787 2645 1856 quis
2693 1802 2823 1857 ergo
2863 1786 2919 1840 in
2963 1786 3223 1856 praedicto
3253 1786 3449 1841 delicto
3480 1785 3577 1841 de-

1998 1876 2304 1947 prehensus
2333 1876 2519 1942 fuerit,
2566 1888 2896 1948 scgregetur.

2075 1967 2238 2037 168
2268 1966 2374 2036 {88.
2440 1966 2613 2023 Nemo
2657 1968 2799 2023 intra
2848 1968 3019 2023 :edem
3075 1984 3288 2025 sacram
3342 1969 3579 2040 quodvis

1994 2057 2305 2127 iumentum
2363 2059 2715 2127 introducat;
2745 2060 2847 2114 nisi
2894 2060 3037 2115 torte
3069 2061 3247 2115 viator
3279 2060 3576 2131 quispiam,

1998 2148 2235 2202 maxima
2274 2158 2501 2219 urgente
2527 2152 2876 2214 necessitate,
2911 2151 3258 2208 domuncula:
3284 2153 3369 2207 vel
3402 2153 3579 2207 diver-

1998 2239 2398 2315 soriiittdigens
2439 2242 2494 2295 itt
2538 2242 2587 2294 id
2622 2243 2884 2312 templum
2928 2243 3231 2298 diverterit.
3264 2243 3378 2298 Nisi
3433 2244 3578 2297 enim

1994 2330 2305 2400 jumentum
2334 2333 2704 2388 introductum
2748 2335 2937 2402 fuerit,
2971 2337 3151 2405 ipsum
3182 2338 3402 2406 quidem
3439 2352 3580 2390 non-

2000 2436 2281 2491 nunquam
2312 2424 2529 2492 peribit,
2566 2426 2653 2479 hic
2688 2440 2817 2480 vero
2858 2436 3079 2495 propter
3108 2427 3344 2496 jumenti
3393 2428 3564 2481 amis-

1999 2514 2231 2579 sionem,
2273 2522 2328 2567 et
2386 2514 2663 2571 facultatis
2706 2516 2775 2570 ad
2830 2516 2935 2571 iter
2988 2517 3358 2588 peragendum
3391 2534 3457 2572 ex
3514 2533 3579 2572 eo

2001 2602 2299 2671 profectam
2330 2604 2594 2673 inopiam,
2635 2607 2829 2660 mortis
2871 2608 3115 2676 periculo
3140 2608 3401 2663 tradetur.
3438 2608 3574 2663 Sab-

1998 2694 2185 2748 batum
2238 2695 2382 2749 enim
2433 2706 2655 2766 propter
2681 2698 2960 2752 hominem
3011 2698 3215 2754 factum
3246 2715 3372 2755 esse
3411 2701 3580 2754 doce-

1998 2800 2125 2839 mur
2198 2803 2211 2839 :
2266 2786 2627 2855 quamobrem
2676 2796 2729 2841 et
2795 2804 2892 2857 per
2949 2790 3131 2843 omnia
3179 2790 3578 2859 praeferendam

1998 2893 2121 2935 esse
2145 2880 2461 2934 existimare
2508 2879 2745 2933 hominis
2776 2880 3004 2935 salutem
3030 2890 3084 2935 et
3121 2881 3576 2936 incolumitatem.

1999 2969 2270 3036 Quocirca
2309 2969 2355 3024 si
2406 2971 2531 3039 quis
2570 2970 2945 3039 deprehensus
2978 2970 3140 3025 fuerit
3192 2972 3309 3027 sine
3343 2975 3581 3029 necessi-

1999 3070 2109 3115 tate
2132 3060 2443 3130 jumentum
2488 3061 2541 3114 in
2574 3061 2837 3130 templum
2869 3060 3247 3126 introducens,
3273 3062 3317 3117 si
3354 3062 3425 3116 sit
3454 3062 3579 3132 qui-

2001 3151 2125 3206 dem
2155 3151 2411 3215 clericus,
2452 3150 2793 3221 deponatur;
2847 3152 2893 3206 si
2917 3167 3048 3205 vero
3095 3152 3291 3219 laicus,
3329 3166 3580 3222 segrege-

2002 3251 2113 3298 ῑιιτ.

2073 3334 2163 3389 97.
2200 3333 2309 3390 Eos
2333 3336 2426 3405 qui
2462 3335 2545 3391 vel
2577 3351 2700 3392 cum
2736 3350 2906 3391 uxore
2946 3336 3283 3400 cohabitant,
3320 3334 3405 3389 vel
3439 3333 3579 3390 alio-

2000 3426 2093 3496 qui
2126 3426 2602 3482 iudiscriminatim
2629 3443 2785 3483 sacra
2820 3428 2937 3483 loca
2965 3430 3281 3483 communia
3311 3429 3519 3484 faciunt
3558 3447 3571 3483 :

1999 3523 2053 3569 et
2077 3518 2427 3586 contemptim
2457 3518 2510 3571 in
2543 3518 2625 3573 eis
2654 3518 2980 3583 adiciuntur,
3018 3528 3074 3573 et
3107 3520 3187 3575 sic
3218 3521 3271 3574 in
3306 3521 3387 3575 eis
3448 3534 3577 3589 pcr-

1999 3613 2262 3670 maneut;
2296 3605 2460 3659 etiam
2496 3606 2679 3671 exiis,
2717 3622 2839 3676 qua:
2890 3617 3017 3662 sunt
3074 3607 3129 3661 in
3181 3608 3582 3662 venerabilibus

2001 3696 2239 3765 templis,
2272 3696 2790 3752 catechumenorum
2828 3699 3213 3754 mansionibus
3243 3701 3457 3755 extrudi
3485 3701 3583 3770 ju-

1999 3785 2214 3843 bemus.
2245 3785 2303 3839 Si
2333 3787 2457 3856 quis
2481 3798 2661 3843 autem
2688 3790 2805 3844 bare
2838 3805 2949 3844 non
2983 3792 3243 3859 servavit,
3275 3792 3319 3847 si
3354 3792 3425 3847 sit
3449 3793 3579 3861 qui-

1998 3876 2125 3930 dem
2154 3876 2407 3946 clericus,
2440 3876 2777 3949 deponatur;
2812 3881 2856 3936 si
2886 3896 3018 3936 vero
3076 3881 3275 3952 laicus,
3329 3896 3581 3954 segrege-

2000 3975 2055 4021 tu
2064 3983 2108 4021 r.

2068 4166 2221 4223 CAP.
2257 4170 2320 4229 ΙΙ.
2353 4196 2421 4211 --
2456 4171 2533 4227 Ne
2566 4188 2621 4225 tn
2652 4172 2884 4234 ecclesiis
2915 4176 3050 4242 ﬁant
3088 4191 3292 4245 agaptc.

2356 4354 2586 4411 Consilii
2608 4354 2905 4410 Laodiceni
2924 4372 3098 4410 canon
3134 4355 3225 4409 28.

2071 4444 2139 4498 28
2162 4445 2315 4512 Quod
2350 4462 2457 4500 non
2484 4455 2696 4516 oportet
2719 4446 2771 4499 in
2802 4446 2936 4500 locis
2963 4445 3284 4510 Dominicis,
3314 4446 3393 4500 vel
3415 4444 3468 4499 in
3491 4461 3581 4500 ee-

2002 4538 2208 4604 clesiis,
2237 4554 2331 4593 cas
2352 4554 2474 4607 quae
2499 4539 2758 4593 dicuntur
2780 4553 2979 4609 agapas
3017 4537 3215 4606 facere,
3239 4549 3292 4594 et
3315 4540 3370 4593 in
3415 4538 3579 4592 domo

2001 4626 2097 4683 Dei
2126 4630 2431 4695 comedere,
2459 4640 2513 4685 et
2535 4630 2819 4684 accubitus
2847 4639 3113 4685 sternere.

2253 4720 2475 4775 Concilt‘i
2532 4719 2967 4790 Carthaginensis
3018 4738 3188 4775 canon
3235 4720 3325 4775 42.

2071 4812 2141 4865 42
2177 4813 2238 4869 Ut
2266 4814 2322 4866 in
2346 4814 2577 4869 ecclesiis
2612 4814 2851 4868 convivia
2884 4814 3097 4867 minime
3122 4814 3463 4867 celebrentur.

2072 4983 2142 5039 Ut
2179 4986 2313 5040 nulli
2343 4986 2582 5056 episcopi
2618 4985 2700 5040 vel
2723 4985 2910 5040 clerici
2940 4985 2994 5039 in
3026 4986 3257 5041 ecclesia
3284 4986 3579 5040 conviven-

1998 5087 2107 5138 tur.
2146 5079 2252 5132 nisi
2280 5078 2417 5133 forte
2445 5087 2794 5134 transeuntes
2847 5078 3213 5148 hospitiorum
3256 5078 3580 5133 necessitate

1998 5169 2107 5224 illic
2150 5169 2313 5240 169
2364 5170 2611 5225 reﬁciant
2648 5189 2663 5225 :
2696 5171 2884 5241 populi
2920 5172 3087 5226 etiam
3140 5172 3210 5225 ab
3263 5171 3577 5241 bujusmodi

1997 5261 2285 5327 conviviis,
2315 5270 2580 5331 quantum
2612 5262 2728 5316 ﬁeri
2758 5269 2940 5331 potest
2964 5261 3377 5332 prohibeantur.

2105 5437 2331 5493 Concilii
2365 5443 2670 5496 tecumenici
2698 5443 2834 5496 sexti
2866 5457 3090 5497 canones
3119 5442 3204 5505 74,
3252 5439 3338 5504 76,
3378 5439 3466 5494 97.

2076 5532 2159 5585 7-5.
2216 5532 2372 5597 Quod
2405 5550 2513 5589 non
2542 5544 2754 5605 oportet
2782 5534 2835 5592 in
2878 5534 3175 5591 Dominicis
3206 5532 3340 5588 locis
3378 5530 3458 5586 vel
3487 5544 3579 5584 ec-
