4122 6482
566 332 665 396 631
1754 340 2016 400 ΡΗΟΤΙΙ
2052 342 2193 403 ΡΑΤ

2249 343 2557 404 .lARCILE
2580 345 2689 407 (ΖΡ.
3763 349 3877 414 632

566 443 751 498 etesiis
781 458 875 500 cas
902 459 1025 514 qua
1055 444 1316 500 dicuntur
1354 460 1573 516 agapas,
1610 447 1659 501 id
1694 458 1798 511 est,
1844 451 2141 506 charitates
2170 458 2194 511 Α

2250 454 2413 518 σίαις,
2444 455 2543 517 τὰς
2586 453 2885 524 λεγομένας
2926 454 3148 523 άγάπας
3192 458 3387 521 ποιεῖν,
3442 458 3553 513 καὶ
3599 458 3766 513 ἔνδον
3817 465 3878 515 ὲν

567 532 768 597 facere,
799 543 853 588 et
910 534 1058 589 intus
1108 535 1162 588 in
1222 534 1340 589 aede
1394 537 1701 601 comedere,
1752 546 1807 592 et
1859 540 2144 594 accubitus

2249 544 2327 615 τῷ
2364 546 2499 616 οῐκῳ
2537 545 2760 612 ἐσθίειν,
2803 545 2898 599 καὶ
2939 546 3206 599 άκούόιτα
3248 549 3621 617 στρωννύειν.
3695 551 3769 603 Oi
3817 552 3877 606 δὲ

562 633 831 679 sternere.
871 624 975 692 Qui
1006 636 1187 682 autem
1228 627 1332 683 hoc
1357 627 1476 682 ausi
1529 625 1753 691 fuerint,
1796 631 1879 683 vel
1907 640 2144 698 cessent,

2248 634 2405 688 τοῦτο
2437 638 2611 691 ποιεῖν
2643 636 2972 707 τολμῶντες,
3022 636 3056 707 ἢ
3091 638 3533 707 παυσάσθωσαν,
3586 641 3627 711 ἢ
3670 640 3876 713 ἀφορι-

565 720 650 771 vel
678 729 1056 788 segregentur.

923 729 1056 774 itur.
2248 721 2551 786 ζέσθωσαν.

630 805 893 873 76.0uod
927 823 1033 864 non
1068 812 1294 877 ‘oportet
1325 808 1463 863 intra
1490 818 1711 865 sanctos
1736 811 2141 877 ambitus,etc.,

2259 888 2275 897 _
2314 814 2557 878 ος’.Ὅτι
2584 814 2644 868 ού
2669 815 2774 887 χρὴ
2796 814 2943 869 ἔνδον
2958 814 3068 869 τῶν
3100 817 3263 888 ιερῶν
3294 820 3645 889 περιϐόλων,
3664 838 3724 877 κ.
3743 823 3868 878 τ.λ.

564 910 622 951 ut
662 915 825 965 supra
848 916 969 971 pag.
1005 899 1132 954 650.

634 989 723 1044 97.
757 988 865 1044 Eos
914 991 1008 1060 qui
1042 991 1123 1045 vel
1168 1006 1293 1047 cum
1346 1004 1516 1047 uxore
1555 991 1895 1059 cohabitant,
1925 1004 2058 1061 etc.,
2086 1004 2145 1049 ut

1962 1004 2058 1061 tc.,
2086 1004 2145 1049 ut
2316 988 2420 1057 κζ’.
2450 990 2589 1074 Τοὺς
2621 990 2655 1060 ἢ
2685 993 2899 1062 γαμετῇ
2935 988 3332 1057 συνοικοῦντας,
3358 1009 3413 1046 κ.
3438 1009 3499 1046 τ.
3531 993 3587 1046 λ.

560 1095 682 1151 pag.
714 1080 841 1137 650.

634 1171 699 1226 Et
728 1179 906 1226 const.
943 1172 997 1238 5,
1056 1172 1139 1227 ιῑι.
1173 1173 1261 1240 η,
1334 1173 1431 1228 lib.
1463 1172 1514 1227 l.
1564 1171 1689 1228 cod.
1718 1181 1889 1239 vetat,
1926 1189 1994 1230 ne
2045 1176 2141 1246 qui

2320 1169 2501 1241 Καὶή
2552 1175 2601 1237 γ’
2641 1169 2880 1236 διάταξις
2929 1169 3025 1225 τοῦ
3069 1169 3135 1241 ιβ’
3169 1169 3276 1223 τίτ.
3326 1168 3420 1222 τοῦ
3447 1175 3502 1222 α’
3555 1168 3715 1239 βισλ.
3766 1169 3864 1223 τοῦ

561 1259 628 1313 ad
664 1261 862 1329 templa
902 1261 1246 1333 confugiunt,
1279 1263 1331 1317 in
1374 1264 1442 1318 iis
1469 1264 1634 1317 edant
1681 1273 1778 1319 aut
1824 1265 2141 1321 dormiam:

2246 1260 2404 1327 κώδ.,
2425 1260 2623 1315 κωλύει
2654 1262 2781 1326 τοὺς
2812 1262 3261 1332 προσφεύγοντας
3282 1300 3299 1327 ,
3333 1262 3553 1314 ἐσθίειν
3579 1260 3627 1330 ἦ,
3654 1262 3865 1315 καθεύα

562 1350 656 1405 sed
707 1365 898 1405 secure
950 1352 1004 1406 in
1053 1353 1361 1422 vestibulis,
1418 1356 1596 1419 atriis,
1640 1356 1965 1425 porticibus,
2026 1358 2144 1413 bal-

2244 1351 2356 1405 δειν
2400 1351 2553 1415 ὲντδς
2597 1352 2691 1404 τοῦ
2737 1352 2892 1418 ναοῦ,
2934 1351 3072 1405 ἀλλὰ
3104 1353 3315 1418 διάγειν
3367 1350 3650 1419 ἀσφαλῶς
3705 1351 3865 1415 ἐντὸς

560 1444 697 1510 neis,
737 1452 793 1498 et
817 1442 993 1501 hortis
1034 1445 1256 1516 degant.

2246 1443 2354 1496 τῶν
2382 1442 2614 1513 πρώτων
2647 1443 2852 1513 θυρῶν,
2882 1444 2941 1495 ἐν
2973 1443 3188 1509 αὐλαῖς,
3218 1442 3312 1495 καὶ
3345 1441 3566 1502 στοαῖς,
3598 1439 3705 1493 καὶ
3733 1439 3862 1492 λου-

2244 1538 2415 1606 τροῖς,
2453 1539 2548 1588 καὶ
2573 1536 2795 1605 κήποις.

629 1622 785 1680 CAP.
809 1624 900 1679 Ill.
935 1655 1006 1667 --
1036 1626 1113 1682 De
1146 1628 1508 1697 spernentibus
1529 1649 1747 1704 agapas,
1777 1633 1991 1705 etquod
2027 1633 2146 1689 inde

2306 1622 2570 1683 'KEQAA.
2620 1628 2694 1683 I".
2720 1657 2790 1668 —
2819 1627 2961 1697 Περὶ
2999 1628 3117 1682 τῶν
3156 1625 3601 1688 εὐτελιζόντων
3628 1626 3743 1691 τὰς
3780 1642 3864 1693 τι·

556 1723 733 1783 partes
761 1716 973 1781 auferre
1006 1734 1109 1771 non
1135 1728 1374 1789 oporteat

2249 1718 2510 1787 νομένας
2538 1718 2797 1787 ἀγάπης,
2829 1718 2926 1773 καὶ
2956 1718 3046 1772 ὅτι
3091 1720 3163 1772 οὺ
3192 1716 3285 1771 δεῖ
3311 1717 3464 1787 μέρη
3506 1717 3861 1785 λαμϐάνειν

2178 1791 2222 1845 Β
2248 1810 2336 1875 εις
2364 1808 2622 1879 ἀγάπην.

894 1892 1121 1947 Concilii
1151 1892 1473 1965 Gangrensis
1505 1912 1671 1951 canon
1704 1898 1791 1953 ll.

2551 1901 2823 1957 Συνόόου
2860 1902 3151 1972 Γαηρῶν
3182 1901 3384 1956 κανὼν
3420 1908 3518 1956 ια’.

631 1975 721 2032 Η.
757 1976 813 2032 Si
836 1980 961 2049 quis
988 1989 1302 2037 contemnat
1321 1998 1418 2039 eos
1441 1984 1535 2055 qui
1589 2000 1792 2055 agapas
1818 2000 1884 2042 ex
1926 1986 2031 2042 tlde
2062 1986 2143 2042 fa-

2327 2003 2418 2052 ια’.
2447 1995 2516 2051 Εἴ
2541 2013 2627 2060 τις
2657 1996 3025 2066 καταφρονοίη
3076 1995 3186 2047 τῶν
3232 1996 3295 2048 ὲκ
3341 1994 3597 2061 πίστεως
3632 1996 3858 2065 άγάπας

446 2114 447 2117 η
561 2068 737 2133 ciunt,
766 2079 817 2125 et
842 2081 1065 2141 propter
1080 2071 1176 2128 Dei
1208 2072 1476 2129 honorem
1498 2073 1699 2131 fratres
1728 2086 2056 2144 convocant,

2239 2086 2656 2153 ποιούντων,καὶ
2668 2088 2754 2141 διὰ
2764 2086 2927 2157 τιμὴν
2946 2085 3040 2140 τοῦ
3057 2087 3263 2160 Κυρίου
3279 2087 3709 2156 συγκαλούντων
3726 2086 3856 2150 τοὺς

562 2159 700 2214 nolit
748 2161 1132 2218 vacationibus
1161 2165 1594 2233 communicare,
1626 2166 1774 2236 quod
1808 2166 1862 2221 id
1897 2168 2043 2237 quod
2075 2167 2137 2222 iit

2242 2178 2529 2248 ἀδελφοὺς,
2572 2180 2666 2233 καὶ
2707 2178 2784 2250 μὴ
2814 2178 2989 2232 ἐθέλοι
3025 2159 3302 2232 κοινωνεῖν
3323 2181 3446 2241 ταῖς
3474 2178 3721 2248 κλήσεσι
3762 2178 3850 2230 διὰ

561 2247 881 2318 νίιίροηάδιυ
900 2250 972 2305 δίε
996 2252 1309 2307 analhema-
2250 2270 2312 2323 τὸ
2333 2247 2689 2337 ἔξευτελίζειν
2709 2247 2786 2322 ντδ
2814 2268 3122 2340 γινόμενον,
3151 2267 3401 2337 ἀνάθεμα
3433 2247 3608 2321 ἔστω.
3720 2292 3725 2295 >

900 2344 1128 2401 Concilii
1148 2345 1434 2402 Laodicem'
1458 2365 1626 2404 canon
1657 2349 1747 2407 27.

2536 2360 2807 2416 Συνόδου
2840 2360 3191 2426 Λαοδικείας
3218 2359 3418 2412 κανὼν
3443 2357 3556 2422 κζ’.

629 2432 720 2489 27.
747 2435 901 2502 Quod
935 2454 1042 2493 non
1075 2448 1290 2509 oportet
1310 2455 1407 2496 eos
1459 2443 1552 2513 qui
1582 2441 1783 2499 sacrati
1813 2450 1942 2497 sunt
1991 2442 2141 2498 ordi-

2319 2450 2424 2515 κζ’.
2462 2450 2587 2504 Ὅτι
2619 2450 2680 2503 ού
2723 2449 2806 2502 δεῖ
2838 2449 3183 2519 ίερατικοὺς,
3216 2449 3248 2519 ῆ
3284 2447 3618 2516 κληρικοῦς,
3657 2447 3692 2515 ἦ
3735 2446 3848 2499 λαι-

560 2528 667 2589 nis,
718 2528 803 2582 vel
849 2529 1080 2588 clericos
1130 2533 1214 2588 vel
1271 2534 1461 2603 laicos,
1520 2536 1590 2591 ad
1639 2552 1842 2607 agapas
1893 2548 2139 2605 vocatos,

2249 2542 2401 2606 κοὺς,
2438 2538 2808 2610 καλουμένους
2852 2540 2932 2601 εἰς
2980 2537 3204 2607 ἀγάπην
3236 2537 3379 2606 μέρη
3421 2536 3634 2606 αῐρειν,
3672 2536 3765 2588 διὰ
3790 2536 3849 2589 τὸ

559 2626 744 2687 partes
774 2621 985 2688 tollere,
1025 2638 1093 2678 co
1124 2626 1274 2695 quod
1334 2626 1634 2698 ignominia
1678 2629 1932 2685 inuratur
1960 2631 2141 2687 ordini

560 2711 907 2769 sacerdotali.

2253 2630 2329 2703 μὴ
2394 2629 2554 2702 ὓϐριν
2599 2632 2668 2702 τῇ
2717 2630 2870 2695 τάξει
2925 2627 3355 2701 προστρίϐεσθαι
3408 2629 3481 2697 τῇ
3538 2626 3842 2697 ἐκκλησια-

2251 2726 2434 2797 στικῇ.

889 2751 907 2769 ⁸
2251 2742 2434 2780 στικη.

1934 3088 2340 3176 ΤΙΤΛΟΣ
2418 3090 2551 3190 C,".

1849 3272 2010 3326 ΠΕΡΙ
2045 3270 2554 3328 ΚΑΡΠΟΦΟΡῙΩΝ.

1757 3581 1917 3652 Ῑ⁷⁰
1974 3596 2442 3676 TlTULUS
2498 3596 2635 3675 Vl-

1658 3772 1748 3830 DE
1786 3774 2173 3833 FRUCTUUM
2204 3772 2729 3833 OBLATIONIBUS.

3840 3857 3872 3870 ρ

634 3949 864 4009 CAPUT
901 3948 1887 4021 PRlMUM.-—Apostolorumcanones
1908 3950 2031 4017 5,4,
2056 3949 2142 4003 7|.
2174 3956 2217 4014 ο

2200 3956 2217 4012 1
2319 3945 2723 4005 ΚΕΦΑΛΔΙΟΝ
2751 3945 3053 4001 ΠΡΩΤΟΝ.
3096 3977 3164 3987 -
3198 3945 3596 4001 Ἀποστόλων
3633 3942 3828 3998 κανὼν

2248 4052 2318 4115 γ’,
2335 4044 2401 4107 δ’,
2427 4048 2526 4097 οα⁹.

668 4131 739 4186 ’54
758 4131 815 4187 Si
836 4130 959 4202 quis
985 4131 1274 4203 episcopus
1294 4131 1379 4186 vel
1413 4130 1697 4201 presbyter
1718 4140 1910 4200 praeter
1930 4130 2141 4185 Domini

2316 4142 2390 4204 γ’,
2420 4135 2483 4189 δ’.
2519 4131 2589 4187 El’
2614 4148 2700 4196 τις
2733 4130 3034 4191 ἐπίσκοπος
3074 4128 3109 4199 ἢ
3140 4125 3516 4200 πρεσϐύτερος
3551 4126 3701 4196 παρὰ
3730 4123 3822 4193 τὴν

562 4222 1126 4287 ordinationem,etc.,
1146 4232 1203 4276 ut
1232 4237 1393 4291 supra
1417 4236 1540 4291 pag.
1574 4221 1701 4275 442.

2244 4225 2339 4280 τοῦ
2373 4224 2575 4297 Κυρίου
2602 4221 2864 4285 διάταξιν,
2892 4236 3054 4291 usque
3082 4220 3152 4273 ad
3174 4220 3472 4292 κληρικοῖς.

638 4314 700 4370 Ἡ
745 4313 861 4389 [70]
904 4314 962 4369 Si
1019 4314 1145 4386 quis
1180 4313 1530 4377 Christianus
1588 4313 1769 4368 oleum
1823 4312 2035 4367 deferat
2086 4312 2142 4366 in

2314 4322 2416 4371 οα’.
2454 4316 2521 4369 Et
2546 4331 2631 4379 τις
2654 4312 3003 4385 Χριστιανὸς,
3036 4311 3215 4364 ἔλαιον
3250 4312 3549 4380 ἀπενέγκοι
3572 4310 3653 4370 είς
3685 4308 3821 4375 ίερον

563 4409 828 4479 templum
881 4408 1149 4479 gentium,
1203 4405 1287 4461 vel
1330 4406 1385 4461 in
1440 4421 1776 4477 synagogam
1829 4404 2141 4460 Judteorum

2244 4406 2415 4461 ὲθνῶν
2464 4407 2498 4478 ἢ
2542 4407 2623 4469 εἰς
2667 4403 2991 4475 συναγωγὴν
3032 4403 3301 4457 Ἰουδαίων
3347 4404 3406 4456 ὲν
3449 4403 3574 4464 ταῖς
3613 4400 3818 4469 ἑορταῖς

562 4501 617 4556 iu
646 4515 837 4557 eorum
871 4499 1054 4567 festis,
1082 4505 1144 4553 ut
1172 4497 1453 4554 lucernam
1484 4497 1775 4561 accendat,
1798 4505 2137 4566 segregetur.

1808 4505 2137 4566 segregetur.
2248 4497 2451 4561 αὐτῶν,
2483 4497 2518 4568 ἢ
2551 4496 2779 4568 λύχνους
2815 4495 3034 4563 άνάψοι,
3067 4491 3436 4564 άφοριζέσθω.

633 4589 1192 4647 Οοηείίὶἱωεωηεηίεὶ
1217 4604 1269 4643 v1
1320 4604 1543 4643 canones
1592 4587 1687 4654 28,
1729 4588 1820 4655 57,
1857 4587 1945 4652 79,
1979 4589 2071 4643 99.
2247 4594 2261 4644 ὲ

2247 4590 2520 4645 Συνόδου
2579 4585 3002 4709 οικουμενικὲῑς
3027 4586 3233 4722 ιιῗῦθιτης
3303 4582 3508 4639 κανὼν
3566 4586 3676 4652 κη’,
3720 4576 3811 4639 νξ⁹ι

2881 4674 2910 4710 ο
2944 4662 2978 4721 ’,
3099 4661 3132 4709 ’.

632 4768 727 4825 28.
762 4768 1034 4837 Quoniam
1088 4771 1142 4825 in
1189 4768 1426 4825 diversis
1465 4768 1716 4826 ecclesiis
1750 4768 2142 4832 intelleximus,

2316 4749 2422 4820 κη’.
2470 4747 2690 4817 Ἐπειδὴ
2728 4749 2787 4801 ὲν
2815 4744 3092 4816 διαφόροις
3144 4742 3465 4813 ἐκκλησίαις
3500 4736 3812 4811 μεμαθήκα-

560 4874 692 4927 una,
719 4869 849 4925 elc.,
881 4868 939 4913 ut
956 4876 1077 4932 pag.
1103 4859 1227 4915 598.

2248 4859 2368 4911 μεν,
2401 4840 2698 4911 σταφυλῆς,
2720 4858 2776 4893 κ.
2804 4855 2857 4892 τ.
2889 4837 2939 4891 λ.

2314 4932 2391 4998 νίζ’
2398 4972 2413 4987 ο
2443 4934 2566 4987 ’Ὁτι
2620 4910 2681 4984 οὐ
2710 4930 2819 5002 χρὴ
2861 4930 2921 4983 ἐν
2967 4929 3080 4991 τοῖς
3114 4924 3523 4997 θυσιαστηρίοις
3570 4919 3689 4992 μέλι
3721 4910 3810 4968 καὶ

2245 5025 2387 5093 γάλα
2416 5023 2845 5095 προσφέρεσθαι.

631 5112 721 5168 79.
778 5112 1001 5182 Absque
1045 5112 1173 5170 ullis
1221 5114 1538 5170 secundinis
1567 5130 1633 5170 ex
1667 5115 1885 5185 virgine
1923 5123 2141 5184 partum

2315 5117 2411 5171 οϐ’.
2455 5116 2766 5187 Ἀλόχευτον
2812 5115 2906 5169 τὸν
2942 5116 3008 5168 ἐκ
3045 5113 3147 5183 τῆς
3174 5110 3454 5182 Παρθένου
3481 5106 3621 5161 θεῖον
3647 5099 3806 5154 Τόκον

558 5220 680 5262 esse
709 5206 1035 5263 conﬁtentes
1061 5220 1121 5264 ut
1144 5209 1239 5278 qui
1277 5208 1396 5264 sine
1448 5207 1658 5262 semine
1687 5207 2020 5262 constitutus
2050 5207 2141 5268 sit,

2247 5209 2661 5280 ὁμολογοῦντες,
2686 5209 2761 5271 ὡς
2790 5208 2885 5262 καὶ
2911 5206 3167 5277 ἀσπὸρως
3200 5203 3494 5261 συστάντα,
3527 5197 3619 5251 καὶ
3653 5187 3806 5245 παντὶ

559 5298 726 5367 idque
770 5297 866 5353 toti
932 5298 1084 5369 gregi
1140 5299 1560 5363 annuntiantes,
1619 5313 1715 5353 eos
1769 5299 1861 5367 qui
1918 5308 2139 5367 propter
2174 5292 2215 5346 D
2244 5302 2321 5373 τῷ
2348 5301 2583 5373 ποιμνίῳ
2608 5300 2980 5372 κηρύσσοντες
3005 5339 3019 5363 ,
3053 5298 3181 5360 τοὺς
3205 5294 3265 5359 ἐξ
3301 5292 3526 5362 ἀγνοίας
3554 5285 3804 5354 πράττον·

556 5387 924 5457 ignorantiam
970 5389 1174 5458 aliquid
1218 5389 1427 5445 faciunt
1457 5389 1607 5460 quod
1652 5405 1758 5444 non
1799 5388 1973 5453 decet,
2016 5403 2140 5443 cor~

2247 5394 2346 5457 τάς
2375 5410 2429 5446 τι
2473 5392 2583 5445 τῶν
2612 5392 2670 5445 ού
2702 5392 2952 5455 δεόντων,
2998 5390 3283 5461 διορθώσει
3315 5377 3800 5445 καθυποϐάλλομεν.

558 5480 788 5535 rectioni
848 5480 1197 5548 subiicimus.
1252 5480 1436 5547 Quare
1485 5481 1748 5552 quoniam
1804 5480 1973 5549 aliqui
2016 5488 2139 5550 post

2250 5484 2415 5539 Ὀθεν
2441 5483 2627 5553 ἐπειδή
2669 5500 2814 5545 τινες
2844 5483 2983 5554 μετὰ
3006 5483 3107 5553 τὴν
3137 5481 3350 5553 ἡμέραν
3372 5480 3469 5549 τῆς
3497 5473 3653 5541 ἁγίας
3676 5469 3798 5533 Χρι·

559 5582 765 5628 sanctae
792 5571 997 5628 Christi
1031 5573 1136 5629 Dei
1171 5575 1344 5630 nostri
1389 5574 1687 5631 nativitatis
1721 5574 1864 5629 diem
1897 5573 2134 5628 similam

2246 5574 2375 5629 στοῦ
2406 5576 2500 5629 τοῦ
2525 5574 2661 5628 Θεοῦ
2688 5575 2846 5645 ἡμῶν
2882 5575 3187 5643 γεννήσεως
3216 5571 3520 5625 δείκνυνται
3544 5554 3800 5631 σεμίδαλιν

560 5678 798 5732 coquere
825 5666 1213 5733 ostenduntur,
1261 5674 1316 5722 et
1350 5681 1470 5723 eam
1512 5668 1616 5723 sibi
1647 5667 1883 5724 invicem
1936 5668 2139 5737 imper-

2245 5667 2490 5735 ἒψοκκτες,
2522 5664 2615 5718 καὶ
2644 5664 2851 5736 ταύτης
2879 5663 3130 5733 ἀλλήλοις
3157 5660 3523 5732 μεταδιδόντες
3546 5645 3795 5725 προφάσει

570 5754 681 5819 tiri,
711 5756 935 5815 honoris
980 5759 1187 5815 scilicet
1234 5766 1499 5831 praetextu
1558 5758 1985 5816 secundinarum
2031 5759 2135 5816 im-

2245 5759 2407 5829 τιμῆς
2430 5758 2593 5832 δῆθεν
2626 5757 2851 5828 λοχείων
2882 5756 2983 5827 τῆς
3009 5754 3281 5826 ἁχράντου
3307 5743 3792 5821 Παρθενομὴτοροςν

632 4950 724 5005 57.
756 4950 913 5017 Quod
942 4953 1007 5007 ad
1031 4952 1204 5009 altare
1219 4952 1327 5008 mcl
1354 4957 1410 5006 et
1430 4952 1517 5008 lac
1542 4953 1739 5009 oﬂ'erre
1768 4969 1877 5008 non
1907 4964 2139 5025 oportet.
