4122 6462
401 375 504 439 633

1266 375 1665 437 SYNTAGMA
1694 369 2063 432 CANONUM
2100 395 2169 405 -
2193 366 2341 427 ΤΙΤ.
2392 365 2493 438 VI,
2546 364 2705 425 CAP.
2736 360 2902 423 I-VI.

3564 347 3669 411 634

400 485 660 556 ὁρίζομεν
695 483 863 555 μηδὲν
900 484 1143 538 τοιοῦτον
1175 483 1280 537 ὑπὸ
1301 485 1411 538 τῶν
1442 485 1650 539 πιστῶν
1673 484 1944 537 τελεῖσθαι
1964 498 1978 513 ο
2010 541 2018 553 ι

2092 479 2301 547 pollutae
2330 476 2558 546 virginis
2588 474 2799 539 matris,
2841 468 3159 529 statuimus,
3188 472 3249 519 ut
3290 462 3548 530 deinceps
3579 460 3667 513 ni-

402 577 464 630 ού
495 576 608 646 γὰρ
635 575 767 645 τιμή
794 591 857 642 γε
883 574 1042 628 τοῦτο
1069 576 1133 645 τῇ
1160 574 1443 646 Παρθένῳ,
1474 578 1541 646 τῇ
1574 575 1714 646 ύπέρ
1739 573 1865 629 νοῦν
1888 573 1982 627 κοιλ⁸

402 664 567 734 λόγον
600 666 691 719 τὸν
722 664 1009 735 ἀχώρητον
1040 664 1277 737 τεκούσῃ
1307 666 1484 734 Λόγον
1536 666 1722 736 σαρκὶ,
1772 666 1837 718 ἐκ
1872 664 1982 717 τῶν

405 757 604 811 κοινῶν
630 774 687 810 τε
717 757 812 810 καὶ
838 756 962 811 καθ’
988 758 1155 827 ἡμᾶς,
1190 757 1259 811 τὰ
1295 757 1438 812 κατά
1465 757 1557 810 τὸν
1581 758 1859 826 ἄφραστον
1887 755 1984 808 αύ-

402 852 506 920 τῆς
533 852 692 905 τόκον
738 851 943 921 ὁρίζειν
979 852 1343 922 ὑπογράφειν.
1378 851 1444 906 Εί
1481 868 1568 914 τις
1600 846 1695 903 οὖν
1736 848 1846 903 ἀπὸ
1887 847 1981 902 τοῦ

404 940 502 995 νῦν
530 942 789 1012 πράττων
827 942 1070 996 τοιοῦτον
1110 943 1388 1014 φωραθείη
1412 982 1427 1007 ,
1476 944 1525 996 εί
1575 942 1676 1012 μὲν
1722 939 1980 1012 κληρικὺς

405 1034 493 1104 εἴη
520 1033 890 1105 καθαιρείσθω
909 1051 925 1066 ο
960 1037 1008 1088 εί
1030 1036 1086 1088 δέ
1112 1036 1319 1103 λαῖκὸς,
1344 1034 1713 1105 ἀφοριζέσθω.

478 1296 585 1365 ιιθκ
621 1297 731 1351 Καὶ
757 1296 914 1351 τοῦτο
942 1298 998 1351 δὲ
1028 1300 1085 1351 ἐν
1118 1302 1185 1371 τῇ
1212 1300 1518 1370 ’Λρμενίων
1543 1300 1699 1373 χώρᾳ
1733 1300 1982 1370 γίνεσθαι

411 1390 831 1461 μεμαθήκαμεν,
864 1388 939 1454 ὥς
969 1408 1114 1454 τινες
1154 1393 1302 1448 ἔνδον
1345 1396 1405 1448 ἐν
1444 1396 1557 1459 τοῖς
1590 1395 1752 1466 ἱεροῖς
1792 1393 1982 1447 θυσια-

410 1482 654 1551 στηρίοις
681 1481 814 1552 μέλη
844 1482 1024 1552 κρεῶν
1076 1483 1319 1553 ἕψοντες,
1353 1485 1722 1554 προσάγουσιν
1750 1484 1983 1554 ἀφαιρέ-

411 1590 559 1644 ματα
602 1577 715 1636 τοῖς
766 1574 1003 1644 ἱερεῦσιν
1049 1576 1361 1640 Ἰουδαϊκῶς
1393 1579 1784 1647 ἀπονέμοντες.
1818 1578 1983 1631 Ὅθεν

408 1667 571 1736 ἡμεῖς
615 1666 675 1719 τὸ
724 1667 825 1737 τῆς
867 1668 1164 1738 ἐκκλησίας
1218 1669 1578 1738 φυλάττοντες
1625 1669 1979 1740 ἀκηλίδωτον,

407 1757 683 1827 ὁρίζομεν,
733 1758 808 1830 μὴ
844 1759 1045 1824 ἐξεῖναί
1092 1778 1198 1814 τινι
1230 1763 1339 1814 τῶν
1385 1762 1576 1831 ἱερέων
1621 1760 1983 1832 ἀφωρισμένσ.

2083 571 2160 626 hil
2192 571 2301 626 tale
2325 570 2424 625 ﬂat.
2468 583 2499 623 a
2531 568 2801 623 ﬁdelibus.
2846 564 3034 632 Neque
3069 560 3215 615 enim
3250 559 3355 611 hoc
3382 556 3558 609 honor
3583 558 3668 605 est

2082 661 2330 731 virginis,
2362 675 2486 731 quae
2515 675 2681 729 supra
2731 665 2968 723 mentem
3022 661 3076 707 et
3125 661 3459 711 sermonem,
3517 643 3664 713 quod

2084 751 2472 820 comprehendi
2511 766 2622 805 non
2660 757 2841 818 potest
2870 745 3098 801 verbum
3130 739 3342 812 peperit
3369 750 3554 799 carne,
3594 749 3664 787 ex

2082 844 2466 900 communibus
2488 854 2543 897 et
2596 843 2666 897 iis
2697 858 2820 911 qua:
2858 840 2910 893 in
2942 837 3097 914 171
3134 832 3293 889 nobis
3330 833 3488 893 liunt,
3513 826 3666 891 {ine-

2082 934 2413 991 narrabilem
2456 933 2577 1003 ejus
2623 941 2837 1002 partum
2897 929 3151 994 delinire,
3214 921 3420 986 metiri,
3457 933 3522 973 ac
3569 918 3664 971 de-

2083 1027 2344 1081 scribere.
2370 1027 2427 1080 Si
2460 1025 2585 1095 quis
2620 1041 2749 1090 ergo
2781 1024 3037 1091 deinceps
3078 1020 3183 1074 hoc
3226 1016 3410 1071 facere
3448 1025 3666 1081 aggres-

2084 1134 2181 1174 sus
2213 1116 2397 1182 luerit,
2443 1117 2488 1172 si
2520 1116 2589 1171 sit
2635 1117 2854 1186 quidem
2917 1112 3173 1176 clericus,
3213 1110 3563 1178 deponatur:
3615 1100 3663 1155 si

2083 1225 2213 1263 vero
2250 1208 2443 1273 laicus,
2484 1217 2819 1276 segregetur.

2152 1298 2242 1354 99.
2268 1299 2440 1354 Porro
2470 1298 2575 1351 hoc
2625 1311 2844 1365 quoque
2904 1294 2959 1348 in
2992 1291 3381 1348 Armeniorum
3435 1284 3663 1355 regione

2083 1392 2199 1447 lieri
2229 1390 2543 1454 didicimus,
2575 1390 2719 1458 quod
2745 1386 2969 1456 quidam
3005 1385 3153 1438 intus
3190 1383 3245 1435 in
3283 1379 3456 1434 sacris
3525 1376 3664 1429 alta-

2085 1480 2237 1535 ribus
2264 1478 2513 1534 carnium
2567 1476 2808 1531 membra
2855 1481 3149 1543 coquentes
3174 1470 3375 1525 frustra
3436 1465 3664 1519 oll'crent

2085 1571 2466 1627 sacerdotibus
2493 1567 2718 1623 Judaice
2741 1566 3151 1621 distribuentes.
3179 1560 3445 1627 Quocirca
3472 1554 3665 1610 Eccle-

2084 1665 2221 1720 siam
2254 1661 2661 1717 immaculatam
2692 1666 2992 1722 servantes,
3052 1654 3348 1711 statuimus
3401 1647 3534 1703 nulli
3599 1645 3665 1698 li-

2083 1769 2206 1810 cere
2234 1752 2501 1810 sacerdoti
2531 1758 2777 1820 separata
2801 1749 3045 1803 carnium
3076 1743 3314 1799 membra
3334 1740 3401 1794 ab
3431 1738 3666 1792 oﬂ‘eren-

409 1848 587 1920 κρεῶν
615 1851 752 1922 μέλη
782 1829 935 1924 παρά
960 1852 1070 1906 τῶν
1099 1829 1483 1925 προσαγόντων
1512 1829 1979 1923 λαμϐάνειν,άλλ’
2017 1887 2018 1890 η

2092 1848 2230 1903 tibus
2255 1846 2531 1914 accipere;
2561 1844 2629 1898 iis
2654 1843 2763 1897 sint
2801 1841 3064 1900 contenti,
3110 1851 3232 1905 qua:
3269 1831 3518 1887 oll'erenti
3548 1829 3665 1881 visa

408 1934 491 2002 οἷς
518 1941 723 2012 ἀρεσϐῇ
755 1944 785 1996 ὁ
818 1944 1132 2015 προσάγων,
1181 1945 1395 2009 τούτοις
1437 1945 1834 2016 ἀρκείσθωσαν,
1878 1944 1984 2009 ἔξω

407 2032 508 2102 τῆς
536 2033 830 2104 ἐκκλησίας
858 2035 960 2105 τῆς
988 2036 1248 2108 τοιαύτης
1276 2038 1572 2108 γινομένης
1591 2037 1979 2109 προσαγωγῆς

408 2123 458 2177 εί
485 2123 540 2176 δέ
562 2141 647 2187 τις
676 2124 751 2195 μὴ
780 2125 940 2179 τοῦτο
968 2126 1110 2181 οὕτω
1140 2132 1290 2199 ποιῇ,
1332 2127 1697 2200 ἀφοριζέσθω.

442 2215 749 2283 Κυρίλλου
807 2215 877 2270 ἐκ
935 2216 1046 2282 τῆς
1084 2220 1541 2339 καέἓὸςϐιΔόμνον
1612 2219 1945 2288 ἐπιστολῆς

477 2374 561 2429 Τὰ
588 2376 645 2430 δὲ
677 2377 877 2441 ἀδίκως
900 2305 1211 2450 haesit-:3,
1401 2381 1451 2435 λ.

489 2560 554 2612 Ἦ
586 2560 668 2629 λη’
695 2560 938 2625 διάταξις
968 2561 1063 2615 τοῦ
1090 2563 1140 2631 γ’
1162 2563 1265 2618 τίτ.
1294 2562 1387 2617 τοῦ
1423 2570 1472 2619 α’
1513 2565 1653 2636 βιϐλ.
1688 2568 1874 2638 φησὶν,
1901 2568 1984 2622 ὅτι

409 2650 472 2704 οὐ
506 2650 590 2703 δεῖ
611 2651 737 2713 τοὺς
767 2652 1104 2715 ἐπισκόπους
1143 2654 1174 2722 ἢ
1207 2654 1335 2716 τοὺς
1376 2655 1695 2725 κληρικοὺς,
1735 2660 1985 2725 ἀναγκά-

409 2743 522 2808 ζειν
546 2742 700 2806 τινὰς
725 2741 1117 2814 καρποφορεῖν,
1163 2744 1195 2815 ἢ
1243 2746 1546 2817 ἀγγαρείας
1578 2748 1803 2815 διδόναι,
1835 2749 1868 2819 ἢ
1896 2748 1986 2803 διά

406 2833 577 2887 ταῦτα
602 2834 904 2906 ἀφορίζειν,
938 2836 970 2905 ἢ
997 2836 1443 2907 ἀναθεματίζειν,
1478 2839 1511 2907 ἢ
1536 2840 1611 2909 μὴ
1641 2839 1841 2893 διδόναι
1867 2858 1984 2893 κοιο

408 2926 628 2990 νωνίαν,
667 2925 701 2997 ἢ
746 2926 819 2996 μὴ
859 2926 1165 2997 βαπτίζειν,
1212 2930 1306 2981 καὶ
1336 2928 1457 2992 ἔθος
1499 2930 1774 3001 ἐκράτησε
1806 2931 1984 2985 τοιοῦ-

409 3034 522 3072 τον.
539 3016 598 3070 '0
624 3017 680 3070 δὲ
714 3018 1090 3089 παραϐαίνων,
1127 3019 1384 3074 ἐκπίπτει
1410 3021 1510 3094 τῆς
1540 3022 1865 3093 Ἐκκλησίας
1890 3024 1986 3077 καὶ

411 3110 511 3178 τῆς
570 3107 889 3179 διοικήσεως
941 3110 1132 3179 αὐτῆς,
1188 3110 1283 3163 καὶ
1334 3110 1521 3165 δίδωσι
1581 3112 1715 3166 δέκα
1772 3112 1981 3182 λίτρας.

414 3198 602 3254 Ταῦτα
630 3200 688 3254 δὲ
718 3207 913 3270 κρατεῖ
937 3204 995 3254 ἐν
1022 3204 1159 3275 μόνῃ
1189 3206 1254 3274 τῇ
1289 3202 1647 3276 βασιλευούσῃ
1679 3204 1771 3257 καὶ
1797 3206 1863 3276 τῇ
1895 3206 1986 3257 ἐν·
2010 3193 2054 3255 C

414 3293 538 3365 ορίᾳ
574 3295 764 3364 αὐτῆς,
796 3296 890 3348 καὶ
940 3300 1049 3359 τοῖς
1092 3298 1357 3365 ἀνήκουσι
1388 3296 1575 3360 τόποις
1605 3298 1717 3359 τοῖς
1758 3297 1863 3350 ὑπὸ
1891 3295 1986 3349 τοῦ

417 3383 757 3453 πατριάρχου
786 3385 1283 3455 χειροτονουμένοις
1317 3386 1738 3457 μητροπολίταις
1759 3426 1773 3449 ,
1815 3387 1849 3458 ἢ
1878 3390 1991 3452 τοῖς

414 3473 475 3539 ἐξ
528 3473 751 3527 ἐκείνων
807 3475 1118 3544 γινομένοις
1179 3476 1533 3539 ἐπισκόποις·
1586 3476 1864 3544 ἀνάγνωθι
1923 3477 1993 3531 τὰ

416 3566 930 3636 παραγεγραμμένα
962 3568 1021 3619 ἐν
1063 3565 1142 3637 τῷ
1166 3573 1215 3621 α’
1252 3585 1377 3636 κεφ.
1417 3566 1511 3620 τοῦ
1548 3567 1594 3638 β’
1641 3568 1750 3626 τίτ.
1798 3567 1992 3624 τούτου

416 3657 511 3711 τοῦ
541 3657 920 3727 συντάγματος
969 3660 1100 3728 περὶ
1144 3659 1494 3730 προσφορῶν,
1526 3660 1620 3713 καὶ
1650 3659 1760 3713 τῶν
1784 3660 1992 3730 δωρου-

422 3751 599 3822 μένων
625 3752 658 3822 ἢ
693 3750 1262 3823 καταλιμπανομένων
1291 3751 1545 3822 εύαγέσιν
1570 3755 1762 3818 οἴκοις.

490 3930 739 3983 ΚΕΦΔΛ.
772 3931 847 3985 B'.
876 3960 946 3972 —
975 3931 1151 3997 Τίνας
1182 3929 1279 3983 δεῖ
1304 3928 1637 3999 λαμϐάνειν
1682 3928 1721 3998 ἢ
1766 3928 1996 3981 διδόναι

419 4022 855 4091 καρποφορίαν,
890 4023 990 4075 καὶ
1041 4022 1177 4091 περὶ
1228 4022 1350 4076 τῶν
1396 4023 1826 4092 λαμϐανόντων
1877 4020 1998 4074 ἀπὸ

419 4114 757 4181 ἐκκλησίας
796 4114 987 4181 κηρὸν
1014 4113 1053 4181 ἢ
1091 4114 1318 4168 ἔλαιον.

833 4206 1214 4260 Ἀποστόλων
1243 4206 1446 4260 κανὼν
1476 4203 1575 4278 οβ’.

491 4298 590 4369 οβ’.
627 4298 697 4351 Ei
716 4316 796 4362 τις
832 4298 1096 4370 κληρικὸς
1122 4298 1155 4369 ἢ
1183 4299 1389 4365 λαῖκδς,
1416 4300 1525 4354 ἀπὸ
1552 4299 1654 4370 τῆς
1697 4298 1859 4367 ἁγίας
1908 4299 2002 4351 ἐκ-

420 4389 653 4461 κλησίας
681 4390 950 4460 ἀφέληται
979 4390 1149 4461 κηρὸν
1175 4389 1208 4461 ἦ
1241 4390 1445 4455 ἔλαιον,
1501 4391 1877 4460 ἀφοριζέσθω,
1906 4389 2001 4444 καὶ

421 4482 483 4536 τὸ
512 4482 863 4552 ἐπίπεμπτον
892 4481 1230 4553 προστιθέτω
1263 4483 1382 4552 μεθ’
1411 4474 1473 4536 οὗ
1503 4482 1718 4537 ἐλαϐεν.

702 4574 973 4628 Συνόδου
1003 4572 1293 4643 Γαγγρῶν
1313 4573 1517 4628 κανὼν
1540 4573 1606 4639 ζ’,
1638 4574 1712 4645 η’.

493 4664 564 4729 ζ’.
606 4664 680 4721 Εί
732 4680 819 4727 τις
877 4665 1256 4734 καρποφορίας
1286 4665 1781 4736 ξέκκλησιαστικάς
1826 4665 1997 4719 ἐθέλοι

420 4755 744 4828 λαμϐάνειν,
778 4756 813 4828 ἣ
842 4756 1041 4809 διδόναι
1063 4754 1168 4822 ἐξω
1193 4756 1295 4825 τῆς
1319 4757 1625 4827 ἐκκλησίας
1657 4757 1809 4827 παρὰ
1852 4756 1998 4826 γνώ-

424 4866 535 4918 μην
588 4846 684 4900 τοῦ
743 4845 1067 4911 ἐπισκόπου,
1129 4844 1163 4916 ἢ
1224 4845 1319 4899 τοῦ
1379 4848 1865 4918 ἐγκεχειρισμένου
1931 4849 2001 4903 τὰ

420 4937 667 5001 τοιαῦτα,
702 4938 798 4990 καὶ
847 4937 922 5007 μὴ
957 4936 1097 5005 μετά
1130 4934 1353 5008 γνώμης
1385 4937 1551 4991 αὑτοῦ
1606 4939 1782 4992 ἐθέλοι
1822 4940 2001 5010 πράτ-

420 5048 558 5098 τειν,
592 5030 843 5100 ἀνάθεμα
873 5032 1036 5084 ἔστω.

493 5130 567 5194 η’.
619 5124 688 5177 Εί
727 5140 813 5187 τις
846 5122 983 5176 διδοῖ
1030 5124 1063 5195 ἦ
1110 5124 1381 5195 λαμϐάνει
1424 5127 1809 5196 καρποφορίαν
1861 5143 2003 5197 παρ-

424 5218 579 5282 εκτὸς
606 5217 701 5273 τοῦ
739 5218 1066 5285 ἐπισκόπου,
1095 5218 1128 5284 ἥ
1159 5218 1254 5271 τοῦ
1287 5219 1719 5290 ἐπιτεταγμένον
1748 5221 1830 5283 είς
1858 5221 2005 5273 οίκο-

422 5310 618 5380 νομίαν
648 5311 920 5376 εὐποιίας,
953 5310 1049 5364 καὶ
1079 5311 1107 5362 ὁ
1134 5309 1308 5374 διδοὺς
1346 5312 1441 5364 καὶ
1470 5313 1499 5364 ὁ
1531 5311 1828 5382 λαμϐάνων
1863 5311 2000 5366 ἀνά-

426 5402 485 5456 θε
493 5419 568 5473 μα
596 5401 759 5456 ἔστω.

531 5496 829 5565 Θεοφίλου
850 5496 919 5549 ἐκ
948 5494 1054 5549 τοῦ
1086 5495 1571 5565 ’Υπομνηστικοῦ
1599 5495 1805 5549 κανὼν
1826 5494 1895 5559 ζ’.

493 5584 562 5650 ζ’.
594 5582 678 5640 Τὰ
702 5588 1125 5658 προσφερόμενα
1168 5588 1250 5651 εἰς
1294 5586 1454 5655 λόγον
1501 5587 1729 5653 θυσίας,
1768 5587 1908 5656 μετὰ
1937 5587 2007 5641 τὰ

424 5679 831 5749 ἀναλισκόμενα
876 5682 956 5743 είς
1004 5680 1101 5748 τὴν
1151 5680 1262 5735 τῶν
1315 5680 1632 5752 μυστηρίων
1690 5679 1901 5751 χρείαν,
1953 5681 2004 5733 οί

424 5770 677 5844 κληρικοὶ
706 5772 1149 5845 διανεμέσθωσαν
1169 5789 1184 5806 °
1212 5773 1307 5829 καὶ
1342 5774 1477 5847 μήτε
1511 5771 1919 5845 κατηχούμενος
1943 5775 2006 5827 ἐκ

2091 1938 2313 2003 fuerint,
2344 1934 2614 2006 ejusmodi
2666 1933 2938 1988 oblatione
2967 1929 3109 1984 facta
3142 1936 3295 1982 extra
3358 1920 3665 1979 ecclesiam.

2092 2029 2149 2085 Si
2179 2029 2302 2100 quis
2330 2037 2513 2083 autem
2536 2028 2639 2082 hoc
2661 2042 2769 2080 non
2798 2024 3008 2088 fecerit,
3041 2028 3381 2091 segregetur.

2264 2204 2457 2277 Cyrilli
2481 2218 2546 2257 ea:
2577 2200 2803 2271 epistola
2848 2199 2917 2253 ad
2974 2197 3239 2251 Damnum
3271 2206 3391 2261 cap.
3423 2190 3483 2244 2.

2161 2386 2456 2442 Pecuniam
2514 2391 2698 2437 autem
2742 2393 2865 2449 quae
2900 2392 2997 2447 per
3033 2373 3291 2446 injuriam
3347 2369 3454 2441 ipsi
3487 2376 3669 2437 erepta

2089 2489 2194 2543 est,
2221 2487 2351 2543 etc.,
2384 2485 2442 2528 ut
2468 2490 2590 2544 pag.
2626 2471 2750 2527 579.

2159 2571 2351 2625 Const.
2398 2567 2487 2632 58,
2524 2566 2607 2620 tit.
2642 2564 2698 2629 5,
2730 2562 2825 2617 lib.
2868 2559 3063 2622 Leod.
3094 2558 3188 2620 ait,
3218 2553 3363 2625 quod
3395 2568 3501 2607 non
3538 2566 3670 2606 cou-

2089 2665 2276 2719 veniat
2321 2660 2613 2730 episcopos
2655 2664 2748 2710 aut
2799 2653 3032 2710 clericos
3070 2663 3264 2719 cogere
3312 2647 3551 2715 aliquos,
3610 2652 3671 2697 ut

2090 2754 2306 2811 fructus
2354 2750 2607 2814 oﬁ‘erant,
2663 2754 2757 2801 aut.
2800 2743 3052 2814 angarias
3098 2747 3379 2811 praestent,
3410 2739 3494 2792 vel
3546 2752 3671 2805 pro-

2090 2857 2279 2917 pterea
2310 2838 2811 2899 excommunicare,
2855 2835 2939 2890 vel
2969 2833 3317 2888 anathemate
3364 2829 3545 2893 ferire,
3583 2829 3670 2882 vel

2090 2934 2454 2993 Eucharistiae
2488 2937 2900 2988 sacramentum
2936 2940 3042 2980 non
3079 2924 3378 2994 porrigere,
3431 2920 3517 2976 vel
3563 2934 3668 2975 non

2092 3029 2413 3100 baptizare,
2470 3024 2689 3079 tametsi
2754 3018 3151 3076 consuetudine
3212 3015 3264 3069 id
3354 3012 3667 3068 iuvaluerit.

2092 3121 2583 3189 Transgressorem
2614 3124 2797 3169 autem
2835 3113 2904 3167 ab
2931 3110 3194 3172 Ecclesia,
3222 3107 3452 3177 ejusque
3496 3104 3673 3160 admi-

2089 3211 2412 3267 nistratione
2456 3207 2711 3263 excidere
2772 3219 2838 3260 ac
2866 3204 3055 3259 decem
3093 3202 3262 3255 libras
3296 3200 3447 3253 dare.
3497 3198 3677 3267 Atque

2090 3304 2206 3359 haec
2234 3302 2455 3373 quidem
2486 3301 2541 3355 iu
2569 3299 2687 3355 sola
2724 3298 2871 3368 regia
2902 3294 3074 3369 [urbe]
3106 3293 3335 3364 ejusque
3370 3290 3671 3351 territorio,

2091 3404 2147 3450 et
2192 3395 2330 3450 locis
2379 3402 2475 3447 aut.
2514 3392 2581 3447 ad
2647 3389 3099 3459 metropolitanos
3134 3385 3228 3456 qui
3286 3400 3315 3437 a
3364 3381 3673 3452 patriarcha

2093 3487 2440 3550 ordinantur,
2470 3493 2567 3539 aut
2596 3483 2663 3538 ad
2697 3482 2989 3552 episcopos
3030 3478 3126 3550 qui
3173 3478 3242 3532 ab
3278 3476 3428 3530 hisce
3461 3474 3678 3545 [metro-

2092 3577 2366 3651 politanis]
2422 3584 2714 3641 creantur,
2778 3573 3184 3645 pertinentibus
3216 3570 3480 3624 obtinere.
3537 3565 3680 3635 Lege

2096 3687 2218 3744 quae
2262 3676 2526 3726 annotata
2561 3675 2689 3724 sunt
2719 3666 2773 3721 in
2809 3680 2933 3735 cap.
2979 3664 3033 3730 1,
3067 3664 3153 3717 tit.
3184 3662 3241 3727 2,
3284 3660 3448 3730 hujus
3476 3657 3675 3728 operis,

2097 3763 2164 3818 de
2189 3760 2587 3824 oblationibus,
2622 3766 2675 3813 et
2728 3758 2795 3812 iis
2847 3771 2970 3825 quae
3025 3753 3303 3808 donantur
3352 3760 3448 3804 aut
3512 3749 3679 3803 relin-

2097 3862 2339 3923 quutttur
2377 3847 2787 3905 venerabilibus
2830 3844 3108 3899 domibus.

2173 3944 2332 4013 172
2393 3942 2548 3997 CAP.
2584 3939 2672 3993 Vl.
2702 3936 2973 4003 Quasnam
3031 3942 3269 4004 oporteat
3319 3930 3554 3998 accipere
3602 3927 3678 3981 vel

2098 4035 2227 4088 dare
2254 4034 2527 4100 fructuum
2559 4028 2876 4092 oblationes,
2899 4035 2949 4080 et
2979 4025 3043 4079 de
3067 4020 3396 4078 sumentibus
3429 4035 3493 4073 ea:
3518 4017 3685 4071 eccle-

2099 4128 2183 4206 sia
2221 4140 2396 4178 ceram
2424 4132 2518 4176 ant
2547 4123 2741 4176 oleum.

2564 4210 2938 4281 Apostolorum
2964 4222 3136 4260 canon
3163 4205 3252 4260 72.

2103 4324 2126 4361 ξ
2172 4307 2241 4363 72
2286 4305 2424 4380 [7i].
2474 4303 2534 4361 Si
2584 4303 2709 4374 quis
2759 4301 3012 4362 clericus,
3058 4296 3140 4350 vel
3193 4295 3364 4349 laicus
3413 4306 3443 4347 a
3493 4298 3684 4345 sancta

2100 4400 2328 4456 ecclesia
2351 4411 2528 4454 ceram
2552 4403 2648 4450 aut
2673 4394 2853 4450 oleum
2884 4389 3117 4454 auferat,
3139 4395 3469 4457 segregetur,
3492 4393 3544 4437 et
3564 4383 3690 4452 ejus

2030 4529 2076 4587 Ι)
2102 4492 2249 4563 quod
2278 4491 2505 4587 diripuit
2533 4485 2882 4587 quint‘uplum
2913 4481 3125 4538 reddat.

2404 4579 2636 4636 Consilii
2664 4576 2963 4645 Gangrense
2997 4586 3220 4625 canones
3243 4570 3295 4635 7,
3324 4566 3375 4623 8.

2172 4674 2226 4729 7.
2291 4672 2349 4728 Si
2415 4671 2541 4743 quis
2594 4669 2712 4724 vult
2741 4668 2953 4721 fructus
3003 4662 3251 4717 ecclesiae
3292 4659 3507 4715 oblatos
3536 4658 3689 4713 acci-

2108 4781 2259 4837 pere,
2318 4763 2405 4818 vel
2437 4763 2569 4817 dare
2637 4766 2795 4815 extra
2854 4752 3178 4815 Ecclesiam,
3218 4758 3414 4819 praeter
3444 4750 3667 4817 episcop

2101 4857 2449 4920 sententiam,
2485 4854 2571 4908 vel
2622 4852 2744 4923 ejus
2796 4849 2891 4921 qui
2925 4861 3059 4902 cura
3127 4858 3318 4899 eorum
3354 4842 3553 4895 tradita
3598 4850 3685 4895 est

2100 4959 2156 5006 et
2184 4966 2292 5005 non
2347 4963 2474 5004 cum
2527 4945 2649 5016 ejus
2678 4941 2947 5000 sententia
2974 4953 3037 4994 ea
3069 4936 3199 4992 velit
3229 4950 3413 5006 agere,
3449 4934 3519 4990 sit
3546 4950 3687 4989 ana-

2104 5042 2309 5097 thema.

2175 5134 2230 5188 8.
2284 5131 2343 5187 Si
2397 5130 2522 5202 quis
2580 5129 2697 5203 dat,
2720 5130 2805 5186 vel
2846 5130 3045 5200 accipit
3068 5128 3282 5183 fructus
3309 5124 3522 5180 oblatos
3550 5134 3693 5191 prae-

2105 5236 2188 5281 ter
2214 5226 2550 5295 episcopum,
2578 5222 2663 5277 vel
2688 5238 2812 5276 eum
2835 5223 2926 5292 qui
2950 5231 3034 5276 est
3061 5221 3391 5276 constitutus
3426 5214 3491 5269 ad
3522 5213 3691 5265 bene-

2109 5317 2339 5373 ﬁcentiae
2378 5313 2868 5384 dispensationem,
2894 5321 2949 5368 et
2977 5312 3070 5383 qui
3092 5312 3206 5377 dat,
3265 5318 3319 5365 et
3345 5306 3440 5377 qui
3466 5301 3689 5372 accipit,

2107 5412 2181 5468 sit
2236 5408 2551 5463 anathema.

2364 5498 2637 5566 Theophili
2667 5513 2733 5552 ea:
2761 5496 3161 5552 commonitorio
3196 5509 3365 5549 canon
3388 5492 3442 5545 7.

2177 5593 2234 5647 7.
2270 5590 2402 5658 Quae
2451 5591 2505 5645 in
2553 5590 2811 5645 sacriﬁcii
2875 5590 3142 5643 rationem
3190 5585 3534 5645 offeruntur,
3570 5585 3693 5648 post

2109 5700 2173 5741 ea
2195 5700 2317 5755 qua:
2348 5681 2406 5737 in
2430 5682 2815 5754 mysteriorum
2850 5696 3010 5736 usum
3045 5686 3465 5739 consumuntur,
3500 5670 3684 5727 clerici

2110 5776 2354 5834 dividant
2379 5815 2395 5845 ,
2439 5784 2491 5831 et
2526 5789 2624 5832 nec
2655 5773 3085 5832 catcchumcnus
3116 5786 3183 5827 ex
3224 5769 3289 5827 iis
3316 5765 3567 5824 comedat
3597 5762 3680 5817 vel
