4122 6430
470 333 571 396 635

1596 339 1857 401 ΡΗΟΤΙΙ
1894 339 2397 400 ΡΑΤΗΙΑΒΟΗᾹΞ
2437 339 2547 402 CP.

3607 340 3719 403 636

469 445 648 511 hihat,
680 445 766 503 vel
793 447 970 505 solum
999 449 1206 517 clerici,
1236 460 1291 506 et
1313 451 1406 522 qui
1431 467 1554 507 cum
1583 453 1662 507 eis
1699 462 1829 507 sunt
1860 452 2042 507 ﬁdeles

2162 448 2349 503 τούτων
2383 449 2609 502 ἐσθιέτω
2636 448 2670 518 ἢ
2699 448 2924 513 πινέτω,
2955 446 3095 502 ἀλλά
3136 446 3339 515 μᾶλλον
3381 446 3430 500 οἱ
3463 445 3723 518 κληρικοὶ

470 536 689 592 l'ratres.

539 626 696 683 CAP.
735 626 820 684 lll.
842 630 922 685 De
946 633 1286 701 offerentibus
1309 632 1514 703 aliquid
1544 635 1820 705 synagogis
1850 634 2049 690 Iudai-

469 714 544 766 εἰς
577 724 670 769 aut
695 716 838 787 fanis
858 722 1209 779 ethnicorum.

903 814 1278 881 Apostolorum
1302 826 1468 867 canon
1514 815 1602 869 71.

544 905 632 960 7|.
677 904 817 976 [70.]
847 904 901 957 Si
935 904 1059 973 quis
1083 904 1439 968 Christianus,
1480 914 1611 971 etc.,
1642 916 1701 959 ut
1723 923 1845 977 pag.
1874 909 1997 963 ΠΟ.

545 994 739 1050 Const.
784 996 836 1059 1,
871 994 953 1048 tit.
1009 993 1062 1058 9,
1100 993 1195 1047 lib.
1239 994 1286 1053 l.
1318 993 1441 1047 cod.
1476 996 1632 1065 173
1671 998 1764 1060 ait,
1798 999 1942 1067 quod
1976 1000 2057 1054 le-

474 1093 633 1153 gatur
664 1082 1008 1137 universitati
1063 1080 1400 1147 Judmorum,
1438 1098 1544 1136 non
1587 1085 1714 1151 peti.
1762 1084 1829 1138 Et
1874 1098 2052 1141 const.

474 1176 528 1237 9,
562 1175 645 1228 tit.
686 1173 772 1238 11,
803 1171 1048 1240 ejusdem
1098 1171 1191 1225 lib.
1225 1172 1372 1239 quod
1425 1172 1472 1226 si
1523 1174 1654 1242 quid
1687 1173 1920 1229 donetur
1958 1185 2054 1231 aut

474 1262 817 1332 relinquatur
851 1262 919 1317 ad
961 1259 1407 1316 constituendum
1450 1264 1848 1332 paganismum,
1884 1265 1937 1320 id
1969 1269 2050 1321 ci-

473 1352 614 1408 vitas
647 1352 845 1422 capiat.

2150 541 2244 594 καὶ
2277 541 2326 593 οἱ
2361 541 2458 593 σὺν
2492 542 2673 603 αὐτοῖς
2701 540 2884 593 πιστοὶ
2914 539 3155 608 ἀδελφοί.

2220 631 2473 685 ΚΕΦΑΛ.
2509 631 2582 686 Γ’.
2612 661 2682 672 -
2708 632 2849 699 Περὶ
2906 629 3026 686 τῶν
3078 631 3543 699 προσφερόντων
3573 645 3731 685 συν-

2146 721 2403 790 αγωγαῖς
2432 721 2473 790 ἢ
2502 722 2681 790 ἱεροῖς
2707 722 2920 777 ἐθνῶν.

2567 814 2623 868 Ἀ
2633 816 2954 867 ποστόλων
2975 811 3181 867 κανὼν
3210 820 3307 869 oa'.

2223 908 2325 956 oa’.
2351 903 2418 956 Et
2442 921 2524 965 τις
2556 903 2882 972 Χριστιανὸς
2921 904 3121 969 ἔλαιον,
3153 922 3209 959 κ.
3250 922 3301 958 τ.
3336 904 3386 959 λ.

2237 992 2301 1044 Ἣ
2333 999 2379 1045 α’
2411 992 2653 1057 διάταξις
2703 993 2795 1046 τοῦ
2846 993 2891 1046 θ’
2935 996 3042 1049 τίτ.
3075 996 3169 1048 τοῦ
3201 994 3248 1048 α’
3282 995 3421 1064 βιϐλ.
3454 993 3551 1048 τοῦ
3599 994 3739 1049 κὼδ.

2153 1084 2337 1153 φησὶν,
2368 1084 2449 1135 ὅτι
2491 1084 2551 1136 τὸ
2598 1087 2664 1154 τῇ
2709 1086 2868 1154 ὁμάδι
2902 1086 3011 1138 τῶν
3050 1086 3317 1139 Ἰουδαίων
3359 1086 3735 1156 ληγατευόμε-

2151 1188 2262 1234 νον,
2293 1171 2393 1223 οὐκ
2424 1173 2739 1227 ἀπαιτείται
2759 1190 2773 1203 ο
2821 1175 2917 1227 καὶ
2955 1177 2986 1244 ἡ
3015 1174 3060 1225 θ’
3093 1175 3232 1227 διάτ.
3269 1173 3363 1227 τοῦ
3395 1181 3461 1227 ια’
3489 1176 3600 1227 τίτ.
3636 1172 3733 1227 τοῦ

2149 1262 2314 1315 αὑτοῦ
2348 1260 2516 1330 βιϐλ.,
2554 1264 2636 1317 ὅτι
2677 1265 2773 1318 ἐάν
2821 1283 2875 1319 τι
2918 1266 3134 1336 δωρηθῇ
3187 1266 3220 1336 ἦ
3253 1265 3590 1337 καταλειφθῇ
3635 1264 3731 1317 ἐπὶ

2149 1353 2404 1406 συστάσει
2444 1352 2829 1425 Ἑλληνισμοῦ,
2869 1358 2902 1426 ὴ
2932 1355 3085 1419 πόλις
3109 1355 3239 1408 αὐτὸ
3267 1356 3554 1426 λαμϐάνει.

1844 1722 2246 1811 ΤΙΤΛΟΣ
2319 1728 2422 1811 Z’.

478 1924 638 1980 ΠΕΡΙ
675 1925 1039 1995 ΝΗΣΤΕῙΑΣ,
1079 1926 1197 1981 ΚΑΙ
1238 1926 1373 1979 ΤΗΣ
1409 1925 2011 1989 ΤΕΣΣΑΡΔΚΟΣΤΗΣ,
2052 1928 2172 1981 ΚΑΙ
2205 1928 2340 1981 ΤΟΥ
2375 1929 2629 1991 ΠΑΣΧΑ,
2671 1929 2791 1985 ΚΑΙ
2846 1930 2981 1983 ΤΗΣ
3030 1927 3577 1995 ΠΕΝΤΗΚΟΣΤΗΣ,
3615 1928 3739 1981 ΚΑΙ

1198 1995 1575 2064 ΚΥΡΙΑΚΗΣ,
1609 1999 1730 2052 ΚΑΙ
1760 1997 2022 2053 ΣΔΒΒΑΤ
2027 1998 2139 2063 ΟΥ,
2188 2000 2307 2052 ΚΑΙ
2342 2000 2503 2054 ΠΕΡΙ
2538 2000 3018 2055 ΓΟΝΥΚΔΙΣΙΔΣ.

1757 2330 2222 2411 TITULUS
2296 2330 2483 2411 VII.

476 2499 566 2555 DE
600 2499 894 2569 JEJUNIO,
935 2500 1022 2556 ET
1084 2501 1648 2570 QUADRAGESIMA,
1704 2501 1793 2556 ET
1834 2500 2221 2562 PASCHATE,
2282 2499 2371 2554 ET
2427 2496 2902 2570 PENTECOSTE,
2942 2497 3034 2554 ET
3094 2496 3184 2554 DE
3221 2494 3332 2553 DIE
3374 2496 3736 2563 DOMINICA.

1424 2573 1513 2627 ET
1552 2571 1890 2639 SABBATO,
1932 2571 2020 2626 ET
2060 2570 2353 2627 GENUUM
2405 2569 2769 2626 FLEXlONE.

547 2746 776 2803 CAPUT
814 2747 1109 2806 PRIMUM.
1141 2780 1213 2791 —
1246 2749 1320 2805 De
1353 2750 1581 2821 jejunio,
1632 2763 1681 2805 et
1725 2749 1792 2805 de
1828 2751 1898 2804 iis
1929 2766 2047 2821 quae

2222 2748 2618 2803 ΚΕΦΑΛΑῘΟΝ
2645 2744 3156 2813 ΠΡΩΤΟΝ-Περὶ
3176 2746 3461 2813 νηστείας
3497 2743 3597 2797 καὶ
3624 2743 3745 2798 τῶν

477 2848 722 2892 vetantur
749 2849 842 2892 aut
864 2841 1244 2910 permittuntur
1269 2840 1324 2894 in
1340 2840 1547 2911 jejunio
1574 2839 2048 2910 quadragesimali.

832 3016 1202 3085 Apostolorum
1239 3031 1458 3069 canones
1488 3014 1577 3080 64,
1610 3014 1698 3070 69.

551 3107 623 3163 64
652 3105 790 3179 [65].
832 3106 889 3160 Si
925 3108 1049 3176 quis
1077 3107 1309 3161 clericus
1338 3107 1594 3163 inventus
1630 3107 1794 3162 fuerit
1826 3106 1914 3162 die
1951 3107 2056 3161 Do-

483 3199 688 3255 miuico
735 3199 1005 3268 jcjunare,
1058 3199 1145 3254 vel
1205 3200 1472 3263 Sabbato,
1528 3209 1893 3269 praeterquam
1946 3214 2055 3255 uno

485 3293 625 3354 solo,
655 3291 960 3359 deponatur
989 3307 1003 3343 :
1037 3291 1120 3343 sin
1150 3298 1332 3344 autem
1361 3290 1553 3355 laicus,
1592 3298 1927 3360 segregetur.

557 3384 627 3439 69
658 3382 795 3456 [68].
856 3382 911 3437 Si
951 3383 1076 3453 quis
1119 3384 1431 3454 episcopus,
1492 3384 1572 3437 vel
1620 3385 1925 3456 presbyter,
1970 3385 2056 3440 vel

487 3477 769 3540 diaconus,
798 3473 884 3529 vel
917 3475 1279 3547 subdiaconus
1325 3474 1408 3528 vel
1448 3473 1615 3528 lector
1647 3474 1780 3547 (47),
1806 3475 1889 3529 vel
1921 3490 2054 3531 can-

489 3575 575 3621 tor
606 3575 849 3621 sanctam
884 3564 1105 3619 Paschae
1165 3564 1635 3634 quadragesimam
1663 3580 1773 3620 non
1827 3565 2053 3635 ieiunat,

485 3659 571 3713 vel
624 3666 878 3728 quartum
908 3658 1073 3723 diem,
1104 3657 1187 3709 vel
1218 3655 1574 3721 Parasceven,
1620 3668 1979 3726 praeterquam
2011 3657 2056 3713 si

487 3757 710 3821 propter
753 3747 1177 3801 imbecillitatem
1207 3747 1545 3816 corporalem
1578 3747 1924 3815 impediatur,
1958 3747 2060 3802 de-

488 3849 723 3911 ponatur
752 3856 765 3892 :
797 3838 842 3894 si
876 3838 946 3893 sit
975 3846 1155 3891 autem
1180 3839 1369 3904 laicus,
1402 3847 1733 3909 segregetur.

746 3930 972 3985 Concilii
1008 3929 1326 4001 Gangrensis
1368 3947 1592 3984 canones
1640 3932 1727 3998 18,
1760 3930 1846 3986 19.

559 4022 649 4078 18.
687 4022 745 4077 Si
782 4024 905 4093 quis
950 4030 1172 4093 propter
1204 4038 1346 4090 eam,
1375 4038 1496 4093 quae
1513 4022 1875 4089 existimatur,
1903 4039 2059 4078 exer-

488 4117 800 4172 citationem
832 4115 885 4169 in
909 4115 1191 4170 Dominico
1221 4114 1446 4185 jejunet,
1485 4115 1557 4170 sit
1594 4116 1905 4171 anathema.
2024 4176 2025 4181 η

575 4205 733 4277 174
763 4206 848 4260 19.
879 4204 934 4260 Si
962 4206 1087 4276 quis
1127 4220 1319 4260 eorum
1353 4205 1447 4274 qui
1495 4217 1819 4259 exercentur
1856 4206 2063 4276 absque

490 4297 756 4368 corporali
791 4299 1114 4353 necessitate
1144 4312 1201 4351 se
1234 4296 1529 4351 insolenter
1556 4305 1728 4367 gerat,
1767 4307 1841 4351 σοι
1870 4299 2062 4351 tradita

487 4387 715 4458 jejunia,
772 4402 894 4456 qua:
924 4386 1293 4441 communiter
1330 4391 1623 4439 servantur
1683 4384 1751 4437 ab
1784 4384 2052 4448 Ecclesia,

492 4479 775 4545 dissolvat,
818 4478 1059 4549 perfecta
1114 4478 1171 4537 in
1231 4491 1297 4533 eo
1334 4475 1610 4532 residente
1683 4476 1943 4541 ratione,
1994 4476 2068 4530 sit

496 4573 809 4627 anathema.

637 4660 864 4715 Concilii
896 4660 1181 4715 Laodiceni
1216 4675 1442 4713 canones
1471 4659 1560 4725 49,
1593 4658 1681 4725 50,
1712 4660 1801 4725 51,
1836 4660 1923 4713 52.

567 4751 656 4806 49.
696 4750 849 4815 Quod
886 4767 991 4804 non
1027 4758 1243 4819 oportet
1290 4751 1345 4805 in
1385 4750 1808 4819 quadragesima
1872 4766 2069 4820 panem

500 4838 715 4904 oﬁ‘crre,
742 4839 847 4895 nisi
878 4838 1114 4895 Sabbato
1147 4851 1199 4893 et
1226 4841 1356 4895 solis
1387 4838 1708 4895 Dominicis.

574 4930 643 4987 50
705 4929 861 4997 Quod
886 4946 994 4985 non
1026 4940 1237 5001 oportet
1262 4932 1314 4985 iu
1344 4930 1777 5001 quadragesimae
1798 4939 2070 4999 postrema

503 5026 803 5096 septimana
837 5024 1048 5096 [quinta
1086 5025 1240 5097 feria]
1264 5026 1534 5095 jejunium
1564 5027 1795 5091 solvere,
1820 5041 1874 5081 et
1902 5038 2072 5081 totam

502 5117 981 5187 quadragesimam
1013 5117 1211 5186 injuria
1246 5117 1461 5173 allicere
1487 5135 1502 5173 :
1538 5118 1631 5172 sed
1661 5126 1876 5186 Oportet
1906 5128 2071 5173 totam

504 5209 976 5279 quadragesimam
1007 5210 1264 5279 jcjunare
1295 5210 1465 5264 aridis
1496 5220 1802 5264 vescentes.

572 5299 665 5353 51.
704 5298 856 5364 Quod
888 5314 996 5353 non
1042 5307 1253 5369 oportet
1298 5300 1353 5353 in
1396 5298 1813 5369 quadragesima
1868 5308 2074 5369 marty-

2156 2838 2581 2907 κεκωλυμένων
2637 2836 2675 2905 ἢ
2739 2835 3250 2904 ἐπιτετραμμένων

2159 2932 2229 3003 τῇ
2259 2928 2719 3000 τεσσαρακοστῇ
2752 2928 2871 2981 τῶν
2898 2925 3214 2993 νηστειῶν.

2525 3020 2914 3075 Ἀποστόλων
2935 3017 3136 3070 κανὼν
3162 3014 3259 3083 ξδ’,
3288 3014 3385 3081 ξθ’.

2229 3112 2321 3177 ξδ’.
2366 3112 2435 3167 Εἰ
2451 3128 2533 3175 τις
2566 3110 2826 3180 κληρικὸς
2860 3106 3059 3179 εὐρεθῇ
3087 3106 3185 3176 τὴν
3210 3104 3498 3175 Κυριακὴν
3524 3105 3743 3175 ἡμέραν

2155 3207 2453 3279 νηστεύων,
2480 3203 2513 3274 ἢ
2542 3202 2605 3255 τὺ
2634 3200 2928 3263 Σάϐϐατον,
2957 3198 3095 3267 πλὴν
3125 3196 3217 3250 τοῦ
3248 3195 3367 3259 ἐνὸς
3401 3199 3587 3266 μόνου,
3610 3195 3740 3249 καθ-

2157 3293 2421 3366 αιρείσθω
2451 3308 2467 3324 ’
2503 3292 2552 3344 εί
2584 3291 2641 3343 δὲ
2668 3291 2877 3351 λαῖκὸς,
2909 3286 3278 3358 ἀφοριζέσθω.

2230 3385 2327 3452 ξθ’.
2360 3385 2526 3447 Εῐτις
2557 3383 2876 3445 ἐπίσκοπος,
2908 3380 2941 3450 ἢ
2979 3378 3369 3450 πρεσϐύτερος,
3405 3378 3438 3448 ἢ
3472 3376 3744 3440 διάκονος,

2155 3479 2190 3551 ἢ
2218 3478 2588 3540 ὑποδιάκονος,
2620 3474 2653 3544 ἢ
2685 3472 3057 3541 ἀναγνώστης,
3099 3471 3131 3542 ἦ
3174 3471 3404 3541 ψάλτης,
3444 3472 3543 3539 τὴν
3572 3469 3735 3536 ἁγίαν

2156 3571 2601 3644 τεσσαρακοστὴν
2629 3567 2722 3620 τοῦ
2747 3567 2938 3635 Πάσχα
2968 3567 3027 3618 οὐ
3052 3565 3324 3635 νηστεύοι,
3352 3563 3384 3633 ἢ
3423 3563 3678 3632 τετράδα,
3707 3560 3739 3629 ἦ

2158 3662 2543 3734 Παρασκευὴν,
2569 3658 2957 3727 καθαιρείσθω·
2994 3657 3149 3719 ἐκτὸς
3177 3656 3225 3708 εί
3263 3654 3334 3724 μὴ
3365 3654 3436 3706 δι’
3458 3652 3741 3707 ἀσθένειαν

2160 3752 2476 3826 σωματικὴν
2527 3748 2869 3821 ἐμποδίζοιτο
2900 3763 2913 3778 ⁸
2971 3748 3065 3802 ἐὰν
3106 3746 3163 3799 δὲ
3208 3745 3395 3809 λαῖκὸς
3440 3739 3499 3817 ᾖ,
3549 3746 3743 3812 ἀφορι-

2165 3845 2363 3911 ζὲσθω.

2431 3932 2702 3987 Συνόδου
2730 3927 3015 3999 Γαγηιοῶν
3030 3924 3230 3980 κανὼν
3250 3932 3342 3994 ιη’,
3364 3925 3452 3978 ιθν.

2236 4030 2324 4094 ιη’.
2349 4024 2415 4077 Ei’
2438 4041 2522 4087 τις
2552 4023 2638 4076 διὰ
2665 4021 3026 4091 νομιζομένην
3060 4019 3292 4088 ἄσκησιν
3313 4019 3371 4071 έν
3400 4019 3468 4089 τῇ
3497 4015 3744 4097 κυριακῇ

2163 4113 2436 4186 νηστεύοι,
2468 4112 2716 4182 ἀνάθεμα
2739 4110 2900 4163 ἔστω.

2237 4205 2323 4259 ιθ’.
2365 4204 2431 4257 Et
2456 4221 2539 4267 τις
2589 4202 2700 4255 τῶν
2744 4198 3130 4269 ἀσκουμένων,
3206 4195 3375 4268 χωρὶς
3434 4192 3747 4268 σωματικῆς

2163 4296 2409 4367 ἀνάγκης
2449 4293 2950 4364 ὑπερηφανεύοιτο,
3012 4291 3105 4343 καὶ
3156 4289 3255 4352 τὰς
3307 4286 3746 4359 παραδεδομένας

2164 4388 2417 4458 νηστείας
2452 4389 2531 4450 εἰς
2576 4387 2636 4439 τὸ
2663 4384 2862 4449 κοινὸν,
2913 4382 3010 4435 καὶ
3064 4380 3476 4450 φυλαττομένας
3513 4378 3619 4431 ὑπὸ
3651 4375 3747 4443 τῆς

2179 4478 2505 4549 Ἐκκλησίας
2523 4477 2814 4548 παραλύει,
2833 4470 3287 4545 ὑποικουροῦντος
3309 4474 3366 4525 ἐν
3379 4470 3529 4542 αύτῷ
3543 4466 3744 4523 τελείου

2168 4570 2453 4641 λογισμοῦ,
2489 4569 2736 4639 ἀνάθεμα
2763 4568 2923 4622 ἔστω.

2272 4660 2543 4715 Συνόδου
2574 4659 2922 4724 Λαοδικείας
2952 4656 3152 4712 κανὼν
3182 4654 3290 4727 μθ’,
3323 4662 3385 4715 ν’,
3417 4653 3520 4718 να’,
3544 4649 3641 4719 νβ’.

2244 4752 2351 4824 μθ’.
2375 4753 2496 4806 Ὅτι
2525 4753 2584 4805 οὐ
2604 4752 2682 4803 δεῖ
2703 4755 2761 4806 ἐν
2792 4753 2858 4821 τῇ
2888 4751 3299 4820 τεσσαρακοστῇ
3330 4747 3491 4817 ἄρτον
3517 4737 3745 4811 προσφέ-

2173 4860 2308 4914 ρειν,
2340 4844 2388 4896 εί
2422 4843 2496 4913 μὴ
2531 4842 2589 4895 ὲν
2620 4841 2881 4910 Σαϐϐάτῳ
2912 4841 3005 4893 καὶ
3032 4840 3282 4910 Κυριακῇ
3327 4837 3509 4906 μόνον.

2242 4933 2307 4989 ν’.
2336 4933 2462 4987 ’Ότι
2496 4933 2557 4986 ού
2591 4932 2672 4985 δεῖ
2720 4934 2777 4985 ὲν
2833 4935 2899 5003 τῇ
2936 4932 3387 5002 τεσσαρακοστῇ,
3432 4920 3499 4999 τῇ
3553 4921 3747 4990 ὑστέρᾳ

2175 5026 2427 5096 ὲϐδομάδι
2460 5028 2559 5096 τὴν
2598 5031 2638 5077 ε’
2677 5024 2848 5089 λύειν,
2882 5025 2977 5077 καὶ
3007 5023 3134 5092 ὅλην
3166 5024 3263 5091 τὴν
3313 5010 3747 5087 τεσσαρακοστὴν

2174 5117 2459 5186 ἀτιμάζειν
2494 5133 2510 5148 ο
2544 5116 2681 5170 ἀλλά
2706 5116 2785 5169 δεῖ
2819 5117 2998 5169 πᾶσαν
3044 5114 3142 5183 τὴν
3186 5106 3626 5181 τεσσαρακοστὴν
3655 5117 3747 5168 νη-

2178 5208 2408 5273 στεύειν,
2434 5208 2895 5278 ξηροφαγοῦντας.

2247 5297 2348 5353 να’.
2387 5299 2509 5351 ’Ότι
2550 5300 2610 5350 οὑ
2643 5300 2722 5350 δεῖ
2773 5300 2829 5351 ὲν
2859 5300 2925 5367 τῇ
2977 5294 3407 5363 τεσσαρακοστῇ,
3464 5280 3748 5359 μαρτύρων

3324 2836 3603 2903 γίνεσθαι
3671 2835 3743 2887 ἐν

506 5405 628 5444 rum
672 5391 881 5446 natales
927 5404 1206 5460 peragere,
1260 5390 1355 5445 sed
1410 5399 1724 5445 sanctorum
1778 5399 2055 5459 martyruu

2178 5390 2449 5461 γενέθλιον
2513 5389 2802 5456 ἐπιτελεῖν,
2849 5388 2986 5443 ἀλλά
3021 5386 3150 5439 ’τῶν
3209 5384 3382 5451 ἁγίων
3461 5370 3748 5485 μαετὺρων

508 5481 687 5536 facere
740 5482 1286 5539 commemoratioues
1336 5481 1391 5536 in
1458 5480 1714 5537 Sabbatis
1776 5489 1829 5535 ct
1892 5480 2077 5536 Darni-

510 5573 675 5629 uicis.

587 5752 699 5822 (i7)
738 5750 832 5805 Vel
863 5750 1290 5820 hypodiaconus,
1321 5745 1402 5801 vel
1436 5744 1592 5800 lector
1619 5786 1625 5797 .

2186 5483 2374 5553 μνείαν
2416 5482 2590 5535 ποιεῖν
2630 5482 2689 5535 ὲν
2741 5482 2853 5544 τοῖς
2894 5478 3189 5540 Σαϐϐἀτοις
3238 5476 3332 5528 καὶ
3386 5473 3504 5533 ταῖς
3546 5467 3749 5532 Κυρια-

2185 5575 2328 5638 καίς.
