4122 6434
251 422 362 485 637

1131 416 1531 477 SYNTAGMA
1562 418 1931 479 CANONUM
1996 448 2054 459 --
2087 422 2233 488 TIT.
2262 424 2359 496 VI,
2390 425 2527 484 CAP
2588 424 2640 484 Ι.

3418 417 3525 479 638

324 506 422 579 νβ’.
462 508 587 560 Ὅτι
608 506 669 559 ού
704 505 785 559 δεῖ
830 504 887 557 ὲν
911 506 979 575 τῇ
1009 506 1422 573 τεσσαρακοστῇ
1474 503 1687 573 γάμους
1741 505 1868 567 καὶ⁴

2009 508 2097 562 5‘2.
2141 510 2293 575 Quod
2329 526 2436 564 non
2469 519 2682 579 oportet
2717 508 2769 562 in
2842 506 3261 577 quadragesima
3307 510 3528 576 nuptias

250 601 511 672 γενέθλια
563 598 855 653 ἐπιτελεῖν.

260 713 538 769 Σιννόδου
566 706 1198 841 οὶκουμενικῆὲἒκτιης
1231 705 1432 759 κανὼν
1462 705 1566 772 κθ’,
1605 706 1705 777 νβ’,
1746 706 1841 771 γε’,

932 798 959 830 ν
1028 818 1042 839 ,
1081 795 1120 829 π
1172 815 1187 828 .

932 795 1042 839 νςη,
1081 795 1151 829 πυ
1172 815 1187 828 .

329 899 433 953 κθν.
478 897 537 950 Ὀ
581 895 688 947 τῶν
729 894 787 946 ἐν
848 890 1211 963 Καρθαγέννῃ
1262 889 1567 960 διαγορεύει
1627 907 1841 956 κανων,

256 991 399 1045 ὥστε
423 990 555 1058 ἅγια
583 985 991 1053 θυσιαστηρίου,
1018 984 1064 1035 εί
1093 982 1169 1054 μὴ
1195 982 1299 1034 ὑπὸ
1328 982 1598 1051 νηστικῶν
1628 981 1845 1051 ἀνθρώ-

260 1098 381 1134 πων
430 1080 504 1149 μὴ
563 1074 968 1139 ἐπιτελεῖσθαι,
1022 1073 1367 1143 ἐξῃρημένης
1427 1072 1555 1141 μιᾶς
1613 1074 1845 1142 ἐτησίας

261 1172 495 1243 ἡμέρας,
525 1170 581 1220 ἐν
679 1166 741 1218 τὸ
770 1164 1047 1235 Κυριακὸν
1072 1164 1285 1216 δεῖπνον
1312 1163 1639 1216 ἐπιτελεῖται
1666 1179 1680 1193 '
1716 1163 1848 1226 ἴσως

261 1260 567 1330 τηνικαῦτα
601 1257 689 1312 διά
716 1274 867 1319 τινας
898 1254 1039 1309 κατὰ
1063 1256 1187 1317 τοὺς
1221 1255 1421 1317 τόπους
1461 1255 1761 1324 προφάσεις
1781 1258 1846 1327 τῇ

278 1352 575 1422 Ἐκκλησία
590 1348 911 1415 λυσιτελεῖς,
930 1348 1036 1400 τῶν
1061 1347 1219 1399 θείων
1251 1347 1473 1399 ἐκείνων
1502 1346 1760 1415 Πατέρων
1781 1346 1848 1415 τῇ

267 1447 404 1515 αὐτῇ
456 1444 822 1514 χρησαμένων
876 1438 1198 1509 οίκονομίᾳο
1265 1437 1491 1508 μηδενὸς
1548 1434 1643 1489 οὖν
1703 1437 1850 1505 ἡμᾶς

266 1537 555 1603 ἐνάγοντος
573 1531 893 1586 καταλιπεῖν
927 1529 1023 1599 τὴν
1057 1527 1342 1597 ἀκρίϐειαν
1370 1526 1625 1596 ὁρίζομεν
1648 1565 1662 1591 ,
1710 1525 1842 1577 ἀπο-

268 1625 541 1686 στολικαῖς
566 1622 659 1675 καὶ
677 1622 974 1690 Πατρικαίς
1000 1618 1254 1688 ἑπόμενοι
1274 1617 1623 1687 παραδόσεσι,
1647 1616 1720 1685 μὴ
1743 1616 1853 1666 δεῖν

266 1718 329 1768 ὲν
394 1716 460 1785 τῇ
540 1711 952 1781 τεσσαρακοστῇ
1008 1710 1073 1777 τῇ
1145 1706 1349 1776 ὑστέρᾳ
1410 1703 1669 1773 ἐϐδομάδι
1757 1701 1853 1771 τὴν

267 1808 528 1876 πέμπτην
590 1804 759 1867 λύειν,
791 1804 881 1855 καὶ
932 1801 1060 1871 ὃλην
1092 1799 1190 1870 τὴν
1228 1797 1673 1869 τεσσαρακοστὴν
1727 1796 1846 1848 ἀτι-

272 1898 489 1970 μάζειν.

338 1990 437 2060 νβ¹.
483 1990 572 2043 Ἐν
602 1986 803 2049 πάσαις
827 1986 946 2047 ταῖς
976 1984 1073 2053 τῆς
1102 1981 1262 2050 ἁγίας
1286 1978 1729 2051 τεσσαρακοστῆς
1750 1976 1859 2031 τῶν

269 2081 539 2153 νηστειῶν
572 2081 831 2151 ἡμέραις,
870 2076 1143 2146 παρεκτὸς
1173 2073 1475 2137 Σαϐϐάτου,
1505 2072 1601 2124 καὶ
1636 2073 1859 2141 ,Κυρια-

271 2175 398 2243 κῆς,
463 2174 560 2226 καὶ
616 2172 716 2241 τῆς
765 2168 926 2237 ἁγίας
992 2165 1086 2219 τοῦ
1141 2163 1559 2234 Εὑαγγελισμοῦ
1616 2161 1855 2233 ἡμέρας,

272 2264 513 2333 γινέσθω
571 2264 605 2334 ἡ
664 2260 773 2314 τῶν
867 2257 1326 2330 προηγιασμένων
1407 2255 1527 2327 ἱερὰ
1613 2254 1862 2323 λειτουρ-

273 2358 394 2426 γία.

350 2446 442 2504 νε’.
489 2445 710 2514 Ἐπειδὴ
741 2445 1140 2516 μεμαθήκαμεν
1186 2442 1310 2503 τοὺς
1354 2441 1413 2492 ὲν
1462 2438 1529 2508 τῇ
1577 2433 1866 2503 Ῥωμαίων

273 2543 453 2603 πόλει,
493 2542 550 2593 ὲν
580 2542 700 2602 ταῖς
738 2538 920 2607 ἁγίαις
977 2536 1078 2605 τῆς
1130 2530 1577 2602 τεσσαρακοστῆς
1607 2526 1865 2597 ἡμέραις,

273 2636 391 2697 τοῖς
423 2632 629 2701 ταύτης
680 2629 920 2684 Σάϐὅασι
976 2624 1278 2697 νηστεύειν,
1323 2621 1473 2691 παρὰ
1500 2618 1597 2688 τὴν
1634 2615 1869 2685 παραδο-

277 2727 465 2779 θεῖσαν
521 2721 980 2794 ὲκκλησιαστικὴν
1022 2716 1367 2780 ἀκολουθίαν,
1422 2713 1567 2777 ἔδοξε
1621 2714 1688 2779 τῇ
1734 2707 1866 2777 ἁγίᾳ

279 2819 508 2888 συνόδῳ,
535 2816 676 2869 ὥστε
706 2817 931 2886 κρατεῖν
966 2812 1059 2865 καὶ
1081 2812 1170 2863 ἐπὶ
1204 2812 1269 2880 τῇ
1314 2805 1600 2876 Ῥωμαίων
1631 2801 1867 2869 Ἐκκλη-

280 2909 397 2980 σία,
436 2905 903 2979 ἁπαρασαλεύτως
945 2905 1036 2958 τὸν
1066 2900 1266 2957 κανόνα
1292 2899 1383 2953 τὸν
1406 2898 1636 2966 λέγοντα
1660 2911 1673 2923 ·
1698 2892 1765 2947 Εἴ
1787 2909 1871 2954 τις

281 3000 544 3069 κληρικὺς
573 2998 790 3069 εὑρεθῇ,
822 3000 888 3067 τῇ
932 2995 1065 3066 ἁγίᾳ.
1097 2994 1350 3062 Κυριακῇ
1381 2986 1681 3059 νηστεύων,
1728 2985 1762 3054 ἢ
1812 2983 1871 3035 τὸ

280 3092 585 3153 Σάϐϐατον,
619 3089 756 3160 πλὴν
783 3088 874 3141 τοῦ
906 3087 1023 3150 ἐνὸς
1045 3086 1139 3139 καὶ
1171 3084 1353 3155 μόνου,
1376 3076 1747 3150 καθαιρείσθω
1773 3090 1787 3105 ·
1822 3074 1871 3127 εί

279 3185 343 3239 δὲ
390 3180 596 3247 λαῐκὺς,
638 3179 1001 3250 ἁφοριζέσθω.

359 3302 470 3362 νς’.
512 3293 787 3356 Ὡσαύτως
845 3289 1247 3362 μεμαθήκαμεν
1306 3288 1364 3339 ὲν
1421 3287 1487 3355 τῇ
1556 3280 1865 3353 Ἀρμενίων

284 3388 446 3461 χώρᾳ
473 3389 568 3443 καὶ
597 3390 653 3440 ὲν
686 3385 891 3455 ἑτέροις
930 3385 1139 3444 τόποις,
1190 3381 1248 3433 ὲν
1291 3380 1404 3441 τοῖς
1432 3376 1672 3430 Σάὸὅασι
1693 3374 1786 3427 καὶ
1814 3373 1874 3426 ὲν

285 3484 417 3545 ταῖς
452 3482 762 3550 Κυριακαϊς
791 3475 892 3544 τῆς
942 3472 1105 3541 ἁγίας
1150 3467 1592 3538 τεσσαρακοστῆς
1620 3465 1729 3516 τῶν
1781 3475 1876 3532 νηιι

295 3570 773 3640 στειῶνήμέραις,
813 3564 896 3617 ea:
923 3564 1019 3616 καὶ
1052 3560 1214 3633 τυρὸν
1245 3559 1447 3613 ἐσθίειν
1482 3555 1655 3617 τινας.
1688 3553 1876 3617 Ἔδοξε

288 3662 475 3715 τοίνυν
508 3660 601 3712 καὶ
628 3656 805 3721 τοῦτο,
835 3655 976 3707 ὥστε
1023 3653 1120 3722 τὴν
1165 3650 1310 3704 κατὰ
1342 3650 1522 3701 πᾶσαν
1576 3646 1672 3715 τὴν
1695 3646 1878 3697 οίκου-

295 3754 469 3824 μένην
498 3750 592 3805 τοῦ
651 3749 787 3802 Θεοῦ
829 3745 1155 3816 Ἐκκλησίαν
1211 3742 1310 3812 μιᾷ
1372 3735 1878 3792 κατακολουθοῦσαν

288 3841 467 3907 τάξει,
503 3838 600 3910 τὴν
626 3836 878 3908 νηστείαν
912 3833 1200 3896 ἐπιτελεῖν,
1237 3830 1331 3883 καὶ
1365 3824 1669 3897 ἀπέχεσθαι.
1691 3823 1879 3892 ὥσπερ

292 3933 458 3988 θυτοῦ
516 3929 794 3992 παντοίου,
838 3926 979 3980 οὕτω
1025 3926 1089 3994 δὴ
1145 3923 1240 3976 καὶ
1286 3920 1396 3974 ὠοῦ
1458 3919 1552 3971 καὶ
1593 3915 1782 3986 τυροῦ,
1844 3913 1880 3968 ἃ

295 4023 511 4095 καρπός
540 4025 645 4075 εἱσι
674 4020 769 4074 καὶ
792 4019 1108 4087 γεννήματα
1138 4008 1211 4068 ὧν
1241 4009 1573 4081 ἁπεχόμεθα.
1615 4009 1677 4062 Εἰ
1710 4006 1769 4059 δὲ
1800 4004 1881 4075 μὴ

293 4115 459 4169 τοῦτο
486 4112 974 4184 παραφυλάττοιεν,
1016 4108 1063 4159 εί
1088 4107 1185 4176 μὲν
1218 4104 1469 4173 κληρικο“ι
1497 4098 1607 4153 εἶεν
1631 4139 1646 4165 ,
1681 4099 1877 4152 καθαι-

301 4207 609 4281 ρείσθωσαν
636 4220 651 4233 °
670 4203 792 4258 εἰδὲ
823 4201 1023 4264 λαῖκοὶ,
1063 4195 1529 4266 ἀφοριζέσθωσαν.

374 4299 481 4354 πθ’.
511 4298 621 4360 Τὰς
645 4294 737 4349 τοῦ
762 4291 1030 4364 σωτηρίου
1060 4291 1265 4351 πάθους
1293 4287 1527 4358 ἡμέρας,
1567 4286 1625 4339 ἐν
1652 4283 1880 4354 νηστείᾳ

298 4391 398 4446 καὶ
434 4389 713 4459 προσευχῇ
758 4386 855 4439 καὶ
884 4382 1175 4447 κατανύξει
1211 4378 1439 4450 καρδίας
1470 4376 1873 4441 ἐπιτελοῦντας,

297 4483 410 4554 χρὴ
452 4482 579 4544 τοὺς
627 4478 850 4540 πιστοὺς
890 4475 1020 4545 περὶ
1065 4474 1237 4543 μέσης
1276 4471 1379 4540 τῆς
1442 4471 1579 4541 μετᾶ
1624 4468 1686 4521 τὸ
1740 4467 1881 4538 μέγα

1883 1859 1930 1917 Β

1948 602 2029 654 vel
2066 601 2311 654 natalitia
2344 600 2641 656 celebrare.

1946 712 2173 767 ϐοηθείὶί
2206 714 2506 767 aecnmenici
2554 728 2627 776 ιιι,
2659 728 2877 766 canones
2927 711 3019 779 29,
3055 712 3144 776 52,
3194 710 3281 775 55,
3317 711 3405 776 56,
3437 712 3527 766 89.

2015 892 2106 947 29.
2125 890 2571 959 Carlliaginensis
2588 890 2781 962 synodi
2806 905 2978 945 canon
3011 889 3142 943 dicit
3167 888 3235 953 '9,
3263 897 3321 941 ut
3341 894 3529 940 sancta

1949 986 2137 1040 altaris
2185 983 2403 1038 nonnisi
2452 1000 2482 1038 a
2553 983 2751 1038 sobriis
2799 982 3112 1037 hominibus
3179 990 3529 1049 pel-agantur,

1948 1088 2177 1146 excepto
2200 1092 2309 1130 uno
2332 1076 2418 1130 die
2446 1077 2497 1128 in
2530 1091 2695 1139 anno,
2727 1076 2780 1128 in
2808 1089 2918 1144 quo
2942 1088 3095 1128 caena
3138 1072 3351 1124 Domini
3379 1085 3533 1139 pera-

1951 1170 2131 1239 gitur;
2186 1178 2315 1222 tunc
2369 1167 2602 1221 fortasse
2657 1174 2877 1235 propter
2933 1165 3143 1235 aliquas
3184 1165 3236 1217 in
3278 1164 3345 1217 iis
3396 1161 3533 1217 locis

1952 1259 2270 1313 occasiones
2293 1255 2550 1311 Ecclesiae
2581 1256 2762 1320 utiles,
2788 1256 2992 1310 sanctis
3025 1255 3127 1307 illis
3150 1253 3403 1307 Patribus
3432 1254 3533 1307 hac

1952 1349 2359 1418 dispensatione
2396 1348 2527 1402 usis.
2562 1348 2699 1401 Cum
2744 1348 2878 1402 nihil
2921 1363 3047 1417 ergo
3078 1362 3178 1401 nos
3205 1347 3443 1410 inducat,
3473 1353 3532 1398 ut

1953 1447 2263 1495 accuratam
2308 1438 2743 1493 observationem
2794 1437 3191 1506 relinquamus,
3236 1436 3531 1490 statuimus

1954 1531 2289 1602 apostolieas
2328 1544 2391 1583 ac
2420 1537 2674 1598 paternas
2708 1529 3028 1582 traditiones
3073 1538 3380 1597 sequentes.
3422 1543 3529 1581 non

1955 1633 2204 1692 oportere
2222 1623 2275 1696 in
2294 1620 2722 1690 quadragesima:
2742 1628 3012 1687 postrema
3030 1619 3327 1687 septimana
3345 1618 3531 1687 quinta

1957 1714 2093 1770 feria
2135 1714 2403 1783 jejunium
2458 1712 2691 1779 solvere,
2740 1720 2794 1766 et
2845 1718 3011 1766 totam
3063 1709 3531 1780 quadragesimam

1959 1807 2160 1878 injuria
2191 1805 2422 1861 allicere.

2032 1982 2121 2038 5‘2.
2160 1979 2217 2035 ln
2248 1978 2505 2034 omnibus
2535 1978 2581 2010 ⁶⁰
2619 1984 2824 2032 sanctae
2859 1971 3299 2044 quadragesimae
3340 1969 3537 2041 jejnnii

1960 2073 2176 2136 diebus,
2208 2079 2571 2141 praeterquam
2598 2067 2861 2130 Sabbalo,
2886 2076 2939 2119 et
2964 2064 3245 2119 Dominiea
3268 2071 3321 2117 et
3346 2072 3541 2117 sancto

1967 2161 2125 2232 175
2160 2159 2609 2215 Annuntiationis
2655 2157 2763 2222 die,
2808 2156 2902 2211 ﬁat
2933 2169 3147 2210 sacrum
3183 2153 3540 2223 praesauctiti—

1962 2263 2206 2309 catorum
2236 2251 2625 2306 ministerium.

2037 2434 2125 2488 55.
2162 2431 2427 2498 Quoniam
2472 2427 2838 2484 inteileximus
2880 2426 2933 2480 in
2967 2425 3345 2479 Romanorum
3401 2424 3544 2478 civi-

1972 2534 2084 2579 tate
2114 2523 2169 2577 in
2200 2523 2409 2577 sanctis
2455 2518 2886 2591 quadragesimae
2906 2519 3145 2588 jejuniis,
3179 2518 3234 2572 in
3260 2518 3379 2585 ejus
3405 2514 3543 2569 Sab-

1971 2618 2113 2673 batis
2189 2616 2443 2685 jejunare
2520 2622 2716 2683 praater
2781 2611 3210 2665 ecclesiasticam
3284 2608 3540 2663 traditam

1969 2709 2406 2765 observationem
2437 2748 2452 2771 ,
2501 2716 2705 2760 sancta:
2746 2703 2956 2773 synodo
3017 2701 3190 2754 visum
3232 2709 3338 2762 est,
3383 2708 3443 2752 ut
3486 2699 3543 2751 in

1970 2803 2346 2857 Romanorum
2381 2811 2601 2869 quoque
2628 2795 2870 2850 Ecclesia
2904 2794 3232 2847 inconcusse
3259 2791 3401 2845 vires
3448 2790 3548 2842 lia-

1970 2896 2097 2951 beat
2144 2908 2318 2947 canon
2349 2891 2391 2921 ⁶²
2428 2888 2521 2959 (ιιιί
2576 2887 2738 2941 dicit:
2776 2885 2833 2938 Si
2869 2885 2993 2954 quis
3028 2883 3259 2937 clericus
3290 2882 3546 2935 inventus

1971 2987 2135 3042 fuerit
2162 2986 2215 3039 in
2253 2990 2443 3038 sancto
2471 2981 2559 3034 die
2599 2977 2884 3031 Dominieo
2915 2977 2997 3030 vel
3019 2975 3254 3029 Sabbato
3276 2973 3543 3041 jejunare,

1973 3084 2171 3146 praeter
2204 3088 2374 3129 unum
2418 3079 2471 3125 et
2514 3069 2713 3135 solum,
2744 3068 3085 3137 deponatur:
3133 3066 3216 3120 sin
3258 3075 3439 3118 autem
3471 3063 3550 3117 la-

1898 3208 1944 3270 C
1976 3170 2115 3233 icus,
2143 3174 2476 3236 segregetur.

2047 3280 2136 3338 56.
2185 3277 2448 3332 Similiter
2486 3272 2798 3344 accepimus
2838 3281 2892 3325 et
2939 3270 2993 3324 in
3043 3269 3427 3324 Armeniorum
3462 3283 3550 3322 re-

1974 3375 2158 3445 gione,
2212 3380 2265 3426 et
2297 3371 2351 3423 in
2394 3368 2518 3422 aliis
2555 3366 2711 3429 locis,
2754 3364 2807 3418 in
2841 3363 3097 3417 Sabbatis
3142 3375 3197 3417 et
3248 3362 3551 3416 Dominicis

1975 3474 2177 3523 sancta:
2201 3459 2633 3533 quadragesima:
2673 3455 2936 3527 quosdam
2970 3469 3071 3509 ova
3095 3462 3149 3508 et
3198 3469 3418 3507 caseum
3455 3470 3547 3507 co-

1977 3560 2217 3615 medere.
2243 3554 2435 3609 Visum
2475 3560 2559 3607 est
2588 3564 2717 3619 ergo
2764 3561 2817 3604 et
2852 3550 2981 3619 hoc,
3017 3556 3079 3601 ut
3106 3546 3287 3601 omnis
3321 3544 3414 3599 Dei
3446 3543 3551 3597 Ec-

1978 3651 2165 3714 clesia,
2194 3662 2315 3717 quae
2355 3655 2440 3700 est
2478 3644 2533 3697 in
2566 3642 2823 3697 universo
2872 3649 3141 3695 terrarum
3188 3638 3342 3702 orbe,
3384 3652 3551 3690 unum

1979 3742 2227 3798 ordinem
2274 3750 2529 3805 sequens,
2563 3732 2829 3802 jejunium
2878 3730 3144 3800 perﬁciat,
3179 3738 3234 3785 et
3279 3729 3555 3782 abstineat

1981 3834 2125 3889 sicut
2154 3833 2222 3885 ab
2276 3828 2426 3883 omni
2465 3824 2762 3889 maetabili,
2792 3824 2871 3878 sic
2893 3824 2961 3877 ab
2992 3824 3110 3876 ovis
3144 3831 3196 3874 et
3224 3834 3404 3883 caseo,
3433 3832 3555 3889 qua:

1982 3923 2199 3993 quidem
2247 3926 2376 3976 sunt
2427 3917 2636 3971 fruetus
2668 3924 2723 3970 et
2751 3915 2893 3970 fetus
2935 3929 3124 3969 eorum
3155 3929 3187 3967 a
3227 3911 3426 3982 quibus
3458 3911 3557 3964 ab~

1983 4016 2270 4073 stinemus.
2307 4009 2365 4063 Si
2415 4018 2602 4061 autem
2654 4006 2759 4059 hoc
2800 4021 2909 4059 non
2960 4005 3320 4065 servaverint,
3367 4001 3412 4056 si
3444 4002 3557 4054 sint

1983 4105 2207 4178 quidem
2244 4098 2454 4162 clerici,
2503 4097 2887 4167 deponantur:
2932 4098 3016 4151 sin
3047 4104 3229 4149 autem
3274 4094 3418 4160 laici,
3473 4108 3561 4147 sc-

1984 4173 2295 4272 éregentur.
3543 4173 3551 4179 ”

2058 4293 2149 4348 89.
2190 4292 2319 4346 Dies
2356 4286 2653 4344 salutifera:
2687 4281 2961 4355 passionis
2999 4280 3054 4335 in
3092 4278 3301 4351 jejunio
3331 4286 3386 4331 et
3430 4290 3558 4329 ora-

1984 4387 2133 4442 tione
2180 4392 2236 4439 et
2294 4381 2477 4437 cordis
2534 4375 2954 4445 compunctione
2998 4377 3323 4442 peragentes
3377 4367 3562 4421 ﬁdeles

1986 4491 2161 4546 usque
2203 4474 2271 4529 ad
2314 4471 2549 4528 mediam
2592 4466 2774 4538 magni
2810 4464 3030 4519 Sabbati
3066 4475 3280 4516 noctem
3312 4460 3562 4529 jejunare

299 4546 582 4628 Ξάύὸατον
610 4569 803 4632 νυκτὸς
829 4567 997 4637 ὥρας,
1029 4562 1486 4635 ἀπονηστίζεσθαι
1509 4577 1524 4591 ⁸
1561 4560 1670 4614 τῶν
1721 4560 1868 4612 θείωι

1984 4573 2231 4637 oportet;
2257 4578 2381 4619 cum
2407 4558 2579 4616 divini
2606 4555 2952 4625 evangelista;
2982 4551 3264 4605 Matthaeus
3290 4557 3343 4603 et
3362 4546 3561 4608 Lucas,

302 4661 709 4733 εὐαγγελιστῶν
731 4658 1010 4715 Ματθαίου
1039 4657 1133 4711 καὶ
1170 4657 1375 4719 Λουκᾶ,
1410 4654 1502 4706 τοῦ
1535 4652 1633 4722 μὲν
1661 4650 1750 4705 διὰ
1782 4651 1877 4703 τοῦ

303 4758 423 4825 ὀψὲ
445 4755 771 4818 Σαϐϐάτισγν,
790 4752 1000 4823 προσρή
1010 4767 1196 4821 ματος,
1216 4747 1312 4801 τοῦ
1333 4748 1389 4801 δὲ
1421 4747 1508 4799 διὰ
1535 4746 1650 4811 τοῦ,
1671 4745 1884 4814 ὄρθρου

298 4848 549 4914 βαθέος,
592 4846 691 4918 τὴν
723 4843 1032 4916 βραδυτῆτα
1076 4843 1174 4913 τῆς
1204 4839 1397 4903 νυκτὸς
1446 4841 1579 4909 ἡμῖν
1640 4837 1884 4908 ὑπογρά-

310 4957 528 5010 φοντος.

308 5029 536 5098 Πέτρου
552 5027 620 5081 ἐκ
644 5026 751 5082 τοῦ
784 5025 970 5095 λόγου
995 5024 1103 5077 τοῦ
1140 5024 1227 5089 είς
1258 5021 1322 5075 τὸ
1350 5020 1560 5088 πάσχα
1581 5016 1781 5072 κανὼν
1803 5022 1888 5071 ιε’.

382 5150 467 5196 ιε’.
497 5142 610 5197 Οὐκ
656 5139 945 5209 ἐγκαλέσει
985 5156 1069 5202 τις
1097 5140 1233 5209 ἡμῖν
1267 5136 1774 5209 παρατηρουμένοις
1812 5149 1894 5184 τεο

310 5237 483 5308 τράδα
512 5235 608 5289 καὶ
641 5233 996 5304 παρασκευήν
1028 5249 1041 5263 ·
1078 5232 1136 5284 ὲν
1168 5229 1255 5294 α’ίς
1302 5230 1395 5283 καὶ
1436 5227 1719 5297 νηστεύειν
1760 5226 1892 5295 ἡμῖν

312 5328 455 5380 κατὰ
502 5325 821 5395 παράδοσιν,
878 5324 1115 5392 εὐλόγως
1174 5323 1619 5392 προστέτακται·
1648 5319 1746 5388 τὴν
1793 5318 1889 5386 μὲν

313 5419 569 5489 τετράδα,
602 5417 687 5471 διὰ
719 5418 778 5471 τδ
822 5417 1111 5485 γενόμενον
1140 5413 1466 5484 συμϐούλιον
1490 5412 1593 5464 ὑπὸ
1625 5409 1891 5463 Ἰουδαίων

318 5513 411 5564 ἐπὶ,
441 5514 506 5580 τῇ
555 5510 815 5581 προδοσίᾳ
870 5511 961 5562 τοῦ
1018 5507 1223 5579 Κυρίου
1254 5522 1268 5537 ·
1302 5506 1400 5576 τὴν
1423 5504 1479 5557 δὲ
1517 5500 1891 5575 παρασκευὴν,

317 5603 403 5656 διὰ
438 5603 499 5654 τὸ
534 5602 859 5655 πεπονθέναι
905 5600 1067 5655 αὐτὸν
1094 5599 1235 5669 ὑπὲρ
1268 5600 1298 5669 ἡ
1311 5597 1426 5666 μῶν
1452 5611 1465 5625 ·
1505 5595 1605 5666 τὴν
1647 5594 1754 5665 γὰρ
1780 5594 1893 5646 Κυ-

391 5781 434 5810 δθ
483 5782 734 5843 Carthag.
781 5795 859 5839 Ill,
908 5794 1028 5846 cap.
1074 5778 1162 5833 29.
1235 5774 1363 5830 Vide
1434 5790 1558 5828 (διιιι.
1606 5770 1708 5835 50,
1759 5766 1953 5839 synotl.
2007 5760 2380 5819 Laodicensis.

316 5853 370 5937 _°’
408 5849 565 5907 Dion.
600 5853 751 5908 Alex.
787 5866 960 5906 canon
993 5850 1041 5903 1.

1980 4657 2069 4711 ille
2098 4653 2317 4726 quidem
2344 4667 2551 4721 vespere
2587 4642 2829 4712 Sabbati,
2863 4646 2951 4699 liic
2990 4658 3116 4697 vero
3156 4656 3252 4710 per
3282 4640 3368 4704 id,
3412 4637 3564 4691 valde

1984 4748 2244 4813 diluculo,
2281 4746 2457 4803 noctis
2486 4743 2645 4799 nobis
2673 4741 2983 4797 tarditatem
3014 4735 3327 4792 describant
3353 4732 3421 4786 ".

2201 5006 2350 5060 Petri
2381 5020 2445 5059 ea:
2477 5017 2711 5058 sermone
2738 5000 2793 5053 in
2832 4996 3038 5051 Pascha
3065 5010 3234 5049 canon
3269 4994 3357 5049 15.

2066 5124 2151 5178 15.
2199 5121 2317 5177 Non
2365 5115 2723 5187 reprehendet
2765 5128 2866 5168 nos
2910 5110 3203 5181 quispiam,
3235 5114 3487 5177 quartam
3520 5112 3573 5157 et

2000 5225 2207 5271 sextam
2232 5211 2421 5267 feriam
2441 5207 2603 5277 176
2622 5206 2994 5266 observantes,
3021 5200 3071 5252 in
3092 5198 3293 5268 quibus
3316 5196 3471 5248 nobis
3494 5191 3575 5260 je-

1995 5308 2190 5377 junare
2207 5303 2502 5359 secundum
2519 5297 2862 5353 traditionem
2875 5308 2999 5347 cum
3020 5292 3571 5358 rationelprzeccptum

1999 5409 2102 5453 cst.
2133 5397 2395 5462 Quartam
2427 5390 2645 5461 quidem
2681 5395 2900 5458 propter
2924 5384 3119 5438 initum
3151 5395 3180 5434 a
3210 5377 3412 5432 Judaeis
3440 5390 3574 5428 con-

2000 5494 2185 5549 silium
2221 5489 2287 5543 de
2308 5486 2612 5557 proditione
2649 5480 2866 5535 Domini
2903 5496 2916 5533 :
2952 5484 3161 5531 sextam
3186 5480 3389 5529 autem,
3430 5465 3575 5533 quod

2002 5587 2118 5655 ipse
2151 5596 2251 5653 pro
2296 5578 2453 5634 nobis
2498 5589 2692 5646 passus
2742 5572 2834 5627 sit.
2871 5569 3022 5624 Diem
3060 5567 3204 5622 enim
3238 5558 3575 5616 Dominicum

2487 5756 2531 5789 °°
2572 5753 2791 5810 Laodic.
2817 5750 2905 5808 t9.
3012 5748 3056 5780 "
3087 5743 3219 5801 (Ian.
3264 5746 3435 5809 apost.
3487 5733 3576 5787 6'7.
