  <div class='ocr_page' id='page_1' title='image "/cluster/home/n/w/nwhite01/storage/ocr_20150623/104:no.4/coo.31924054870088/330.png"; bbox 0 0 4122 6434; ppageno 0'>
   <div class='ocr_carea' id='block_1_1' title="bbox 186 344 299 409">
    <p class='ocr_par' dir='ltr' id='par_1_1' title="bbox 186 344 299 409">
     <span class='ocr_line' id='line_1_1' title="bbox 186 344 299 409; baseline 0.009 -2"><span class='ocrx_word' id='word_1_1' title='bbox 186 344 299 409; x_wconf 73' lang='grc' dir='ltr'>διι</span> 
     </span>
    </p>
   </div>
   <div class='ocr_carea' id='block_1_2' title="bbox 1060 340 2554 417">
    <p class='ocr_par' dir='ltr' id='par_1_2' title="bbox 1060 340 2554 417">
     <span class='ocr_line' id='line_1_2' title="bbox 1060 340 2554 417; baseline -0.003 -13"><span class='ocrx_word' id='word_1_2' title='bbox 1060 344 1462 406; x_wconf 82' lang='lat' dir='ltr'><strong>SYNTAGMA</strong></span> <span class='ocrx_word' id='word_1_3' title='bbox 1491 343 1858 404; x_wconf 77' lang='lat' dir='ltr'><strong>CANONUM</strong></span> <span class='ocrx_word' id='word_1_4' title='bbox 1884 368 1952 378; x_wconf 90' lang='lat'>—</span> <span class='ocrx_word' id='word_1_5' title='bbox 1981 343 2131 403; x_wconf 90' lang='lat' dir='ltr'><strong>TIT.</strong></span> <span class='ocrx_word' id='word_1_6' title='bbox 2166 342 2266 417; x_wconf 87' lang='lat' dir='ltr'><strong>VI,</strong></span> <span class='ocrx_word' id='word_1_7' title='bbox 2316 341 2456 400; x_wconf 88' lang='lat' dir='ltr'><strong>CAP</strong></span> <span class='ocrx_word' id='word_1_8' title='bbox 2504 340 2554 400; x_wconf 93' lang='grc' dir='ltr'>Ι.</span> 
     </span>
    </p>
   </div>
   <div class='ocr_carea' id='block_1_3' title="bbox 3372 329 3480 397">
    <p class='ocr_par' dir='ltr' id='par_1_3' title="bbox 3372 329 3480 397">
     <span class='ocr_line' id='line_1_3' title="bbox 3372 329 3480 397; baseline -0.046 0"><span class='ocrx_word' id='word_1_9' title='bbox 3372 329 3480 397; x_wconf 73' lang='grc'><strong>642</strong></span> 
     </span>
    </p>
   </div>
   <div class='ocr_carea' id='block_1_4' title="bbox 188 440 1797 528">
    <p class='ocr_par' dir='ltr' id='par_1_4' title="bbox 188 454 1789 528">
     <span class='ocr_line' id='line_1_4' title="bbox 188 454 1789 528; baseline -0.001 -19"><span class='ocrx_word' id='word_1_10' title='bbox 188 454 584 527; x_wconf 73' lang='grc' dir='ltr'>κρατηθείσης,</span> <span class='ocrx_word' id='word_1_11' title='bbox 616 456 710 509; x_wconf 77' lang='grc' dir='ltr'><strong>ἐπὶ</strong></span> <span class='ocrx_word' id='word_1_12' title='bbox 738 455 1013 528; x_wconf 79' lang='grc' dir='ltr'><strong>παρουσίᾳ</strong></span> <span class='ocrx_word' id='word_1_13' title='bbox 1042 456 1142 527; x_wconf 82' lang='grc' dir='ltr'><strong>τῆς</strong></span> <span class='ocrx_word' id='word_1_14' title='bbox 1174 456 1456 519; x_wconf 77' lang='grc' dir='ltr'>εὐσεϐείας</span> <span class='ocrx_word' id='word_1_15' title='bbox 1486 457 1579 509; x_wconf 81' lang='grc' dir='ltr'><strong>τοῦ</strong></span> <span class='ocrx_word' id='word_1_16' title='bbox 1604 456 1789 523; x_wconf 82' lang='grc' dir='ltr'>θεοφι-</span> 
     </span>
    </p>
   </div>
   <div class='ocr_carea' id='block_1_5' title="bbox 1900 440 3479 528">
    <p class='ocr_par' dir='ltr' id='par_1_5' title="bbox 1900 440 3479 522">
     <span class='ocr_line' id='line_1_5' title="bbox 1900 440 3479 522; baseline -0.005 -15"><span class='ocrx_word' id='word_1_17' title='bbox 1900 454 1970 508; x_wconf 82' lang='lat' dir='ltr'><strong>tia</strong></span> <span class='ocrx_word' id='word_1_18' title='bbox 2019 452 2235 522; x_wconf 89' lang='lat' dir='ltr'><strong>pietatis</strong></span> <span class='ocrx_word' id='word_1_19' title='bbox 2282 446 2683 521; x_wconf 80' lang='lat' dir='ltr'><strong>religiosissimi</strong></span> <span class='ocrx_word' id='word_1_20' title='bbox 2742 441 3091 514; x_wconf 76' lang='lat' dir='ltr'><strong>imperatoris</strong></span> <span class='ocrx_word' id='word_1_21' title='bbox 3123 440 3479 499; x_wconf 87' lang='lat' dir='ltr'><strong>Constantini</strong></span> 
     </span>
    </p>
   </div>
   <div class='ocr_carea' id='block_1_6' title="bbox 186 545 1789 617">
    <p class='ocr_par' dir='ltr' id='par_1_6' title="bbox 186 545 1789 617">
     <span class='ocr_line' id='line_1_6' title="bbox 186 545 1789 617; baseline -0.001 -19"><span class='ocrx_word' id='word_1_22' title='bbox 186 546 460 599; x_wconf 82' lang='grc' dir='ltr'>λεστάτου</span> <span class='ocrx_word' id='word_1_23' title='bbox 519 546 786 617; x_wconf 89' lang='grc' dir='ltr'>βασιλέως</span> <span class='ocrx_word' id='word_1_24' title='bbox 834 546 1268 613; x_wconf 84' lang='grc' dir='ltr'>Κωνσταντίνου,</span> <span class='ocrx_word' id='word_1_25' title='bbox 1319 547 1577 616; x_wconf 75' lang='grc' dir='ltr'>περὶτῆς</span> <span class='ocrx_word' id='word_1_26' title='bbox 1624 545 1789 613; x_wconf 81' lang='grc' dir='ltr'><strong>ἁγίας</strong></span> 
     </span>
    </p>
   </div>
   <div class='ocr_carea' id='block_1_7' title="bbox 189 633 1791 709">
    <p class='ocr_par' dir='ltr' id='par_1_7' title="bbox 189 633 1791 709">
     <span class='ocr_line' id='line_1_7' title="bbox 189 633 1791 709; baseline -0.001 -20"><span class='ocrx_word' id='word_1_27' title='bbox 189 638 398 708; x_wconf 82' lang='grc' dir='ltr'><strong>ἑορτῆς</strong></span> <span class='ocrx_word' id='word_1_28' title='bbox 443 637 540 691; x_wconf 86' lang='grc' dir='ltr'><strong>τοῦ</strong></span> <span class='ocrx_word' id='word_1_29' title='bbox 575 637 954 709; x_wconf 80' lang='grc' dir='ltr'>σωτηριώδους</span> <span class='ocrx_word' id='word_1_30' title='bbox 1010 638 1225 707; x_wconf 85' lang='grc' dir='ltr'><strong>Πάσχα,</strong></span> <span class='ocrx_word' id='word_1_31' title='bbox 1262 639 1663 706; x_wconf 77' lang='grc' dir='ltr'>ἀκοινωνήτους</span> <span class='ocrx_word' id='word_1_32' title='bbox 1694 633 1791 688; x_wconf 61' lang='grc' dir='ltr'><strong>καὶ⁸</strong></span> 
     </span>
    </p>
   </div>
   <div class='ocr_carea' id='block_1_8' title="bbox 190 725 1791 800">
    <p class='ocr_par' dir='ltr' id='par_1_8' title="bbox 190 725 1791 800">
     <span class='ocr_line' id='line_1_8' title="bbox 190 725 1791 800; baseline -0.002 -18"><span class='ocrx_word' id='word_1_33' title='bbox 190 730 548 800; x_wconf 78' lang='grc' dir='ltr'>ἁποϐλήτους</span> <span class='ocrx_word' id='word_1_34' title='bbox 604 725 745 782; x_wconf 71' lang='grc' dir='ltr'>εἶναι</span> <span class='ocrx_word' id='word_1_35' title='bbox 807 733 906 800; x_wconf 82' lang='grc' dir='ltr'>τῆς</span> <span class='ocrx_word' id='word_1_36' title='bbox 968 730 1318 800; x_wconf 85' lang='grc' dir='ltr'>Ἐκκλησίας,</span> <span class='ocrx_word' id='word_1_37' title='bbox 1380 732 1429 782; x_wconf 87' lang='grc' dir='ltr'><strong>εί</strong></span> <span class='ocrx_word' id='word_1_38' title='bbox 1481 728 1791 797; x_wconf 81' lang='grc' dir='ltr'>ἐπιμένοιεν</span> 
     </span>
    </p>
   </div>
   <div class='ocr_carea' id='block_1_9' title="bbox 195 818 1791 892">
    <p class='ocr_par' dir='ltr' id='par_1_9' title="bbox 195 818 1791 892">
     <span class='ocr_line' id='line_1_9' title="bbox 195 818 1791 892; baseline -0.001 -19"><span class='ocrx_word' id='word_1_39' title='bbox 195 821 637 891; x_wconf 78' lang='grc' dir='ltr'>φιλονεικότερον</span> <span class='ocrx_word' id='word_1_40' title='bbox 691 823 1036 891; x_wconf 76' lang='grc' dir='ltr'><strong>ἐνιστάμενοι</strong></span> <span class='ocrx_word' id='word_1_41' title='bbox 1097 823 1230 892; x_wconf 77' lang='grc' dir='ltr'>πρὸς</span> <span class='ocrx_word' id='word_1_42' title='bbox 1286 822 1355 876; x_wconf 74' lang='grc' dir='ltr'>τὰ</span> <span class='ocrx_word' id='word_1_43' title='bbox 1410 820 1591 885; x_wconf 89' lang='grc' dir='ltr'>καλῶς</span> <span class='ocrx_word' id='word_1_44' title='bbox 1643 818 1791 872; x_wconf 89' lang='grc' dir='ltr'>δεδο-</span> 
     </span>
    </p>
   </div>
   <div class='ocr_carea' id='block_1_10' title="bbox 194 910 1789 985">
    <p class='ocr_par' dir='ltr' id='par_1_10' title="bbox 194 910 1789 985">
     <span class='ocr_line' id='line_1_10' title="bbox 194 910 1789 985; baseline -0.003 -19"><span class='ocrx_word' id='word_1_45' title='bbox 194 915 400 982; x_wconf 79' lang='grc' dir='ltr'>γμένα.</span> <span class='ocrx_word' id='word_1_46' title='bbox 442 914 551 966; x_wconf 75' lang='grc' dir='ltr'><strong>Καὶ</strong></span> <span class='ocrx_word' id='word_1_47' title='bbox 583 916 755 966; x_wconf 85' lang='grc' dir='ltr'>ταῦτα</span> <span class='ocrx_word' id='word_1_48' title='bbox 774 914 1014 985; x_wconf 84' lang='grc' dir='ltr'>εἰρήσθω</span> <span class='ocrx_word' id='word_1_49' title='bbox 1047 920 1173 985; x_wconf 69' lang='grc' dir='ltr'>περὶ</span> <span class='ocrx_word' id='word_1_50' title='bbox 1217 915 1327 967; x_wconf 88' lang='grc' dir='ltr'><strong>τῶν</strong></span> <span class='ocrx_word' id='word_1_51' title='bbox 1369 914 1593 967; x_wconf 87' lang='grc' dir='ltr'>λαῖκῶν.</span> <span class='ocrx_word' id='word_1_52' title='bbox 1639 913 1703 965; x_wconf 90' lang='grc' dir='ltr'>Εί</span> <span class='ocrx_word' id='word_1_53' title='bbox 1732 910 1789 963; x_wconf 88' lang='grc' dir='ltr'><strong>δέ</strong></span> 
     </span>
    </p>
   </div>
   <div class='ocr_carea' id='block_1_11' title="bbox 195 1003 1788 1077">
    <p class='ocr_par' dir='ltr' id='par_1_11' title="bbox 195 1003 1788 1077">
     <span class='ocr_line' id='line_1_11' title="bbox 195 1003 1788 1077; baseline 0.001 -21"><span class='ocrx_word' id='word_1_54' title='bbox 195 1023 282 1068; x_wconf 85' lang='grc' dir='ltr'><strong>τις</strong></span> <span class='ocrx_word' id='word_1_55' title='bbox 314 1005 423 1056; x_wconf 88' lang='grc' dir='ltr'><strong>τῶν</strong></span> <span class='ocrx_word' id='word_1_56' title='bbox 449 1005 811 1072; x_wconf 83' lang='grc' dir='ltr'>προεστώτων</span> <span class='ocrx_word' id='word_1_57' title='bbox 860 1006 961 1077; x_wconf 86' lang='grc' dir='ltr'>τῆς</span> <span class='ocrx_word' id='word_1_58' title='bbox 1006 1006 1337 1076; x_wconf 84' lang='grc' dir='ltr'>Ἐκκλησίας</span> <span class='ocrx_word' id='word_1_59' title='bbox 1386 1006 1721 1069; x_wconf 88' lang='grc' dir='ltr'>ἐπίσκοπος,</span> <span class='ocrx_word' id='word_1_60' title='bbox 1755 1003 1788 1074; x_wconf 83' lang='grc' dir='ltr'>ἢ</span> 
     </span>
    </p>
   </div>
   <div class='ocr_carea' id='block_1_12' title="bbox 199 1096 1795 1168">
    <p class='ocr_par' dir='ltr' id='par_1_12' title="bbox 199 1096 1795 1168">
     <span class='ocr_line' id='line_1_12' title="bbox 199 1096 1795 1168; baseline 0 -20"><span class='ocrx_word' id='word_1_61' title='bbox 199 1096 598 1167; x_wconf 78' lang='grc' dir='ltr'>πρεσὸύτερος,</span> <span class='ocrx_word' id='word_1_62' title='bbox 630 1098 662 1167; x_wconf 86' lang='grc' dir='ltr'>ἢ</span> <span class='ocrx_word' id='word_1_63' title='bbox 691 1098 960 1161; x_wconf 88' lang='grc' dir='ltr'>διάκονος,</span> <span class='ocrx_word' id='word_1_64' title='bbox 990 1098 1128 1167; x_wconf 77' lang='grc' dir='ltr'>μετὰ</span> <span class='ocrx_word' id='word_1_65' title='bbox 1160 1099 1251 1152; x_wconf 70' lang='grc' dir='ltr'>τὸν</span> <span class='ocrx_word' id='word_1_66' title='bbox 1280 1100 1405 1168; x_wconf 77' lang='grc' dir='ltr'>ὅρον</span> <span class='ocrx_word' id='word_1_67' title='bbox 1431 1097 1643 1161; x_wconf 87' lang='grc' dir='ltr'>τοῦτον,</span> <span class='ocrx_word' id='word_1_68' title='bbox 1675 1096 1795 1149; x_wconf 85' lang='grc' dir='ltr'>τολ-</span> 
     </span>
    </p>
   </div>
   <div class='ocr_carea' id='block_1_13' title="bbox 203 1185 1793 1260">
    <p class='ocr_par' dir='ltr' id='par_1_13' title="bbox 203 1185 1793 1260">
     <span class='ocr_line' id='line_1_13' title="bbox 203 1185 1793 1260; baseline -0.001 -21"><span class='ocrx_word' id='word_1_69' title='bbox 203 1189 433 1257; x_wconf 84' lang='grc' dir='ltr'>μήσειεν</span> <span class='ocrx_word' id='word_1_70' title='bbox 478 1189 571 1239; x_wconf 78' lang='grc' dir='ltr'><strong>ἐπὶ</strong></span> <span class='ocrx_word' id='word_1_71' title='bbox 618 1189 919 1260; x_wconf 73' lang='grc' dir='ltr'>διαστροφῇ</span> <span class='ocrx_word' id='word_1_72' title='bbox 963 1189 1072 1241; x_wconf 89' lang='grc' dir='ltr'><strong>τῶν</strong></span> <span class='ocrx_word' id='word_1_73' title='bbox 1098 1189 1245 1242; x_wconf 89' lang='grc' dir='ltr'>λαῶν</span> <span class='ocrx_word' id='word_1_74' title='bbox 1307 1190 1402 1242; x_wconf 73' lang='grc' dir='ltr'><strong>καὶ</strong></span> <span class='ocrx_word' id='word_1_75' title='bbox 1441 1190 1653 1258; x_wconf 82' lang='grc' dir='ltr'>ταραχῇ</span> <span class='ocrx_word' id='word_1_76' title='bbox 1686 1185 1793 1238; x_wconf 90' lang='grc' dir='ltr'><strong>τῶν</strong></span> 
     </span>
    </p>
   </div>
   <div class='ocr_carea' id='block_1_14' title="bbox 210 1280 1794 1350">
    <p class='ocr_par' dir='ltr' id='par_1_14' title="bbox 210 1280 1794 1350">
     <span class='ocr_line' id='line_1_14' title="bbox 210 1280 1794 1350; baseline -0.003 -17"><span class='ocrx_word' id='word_1_77' title='bbox 210 1280 554 1349; x_wconf 83' lang='grc' dir='ltr'>Ἔκκλησιῶν</span> <span class='ocrx_word' id='word_1_78' title='bbox 587 1280 828 1345; x_wconf 74' lang='grc' dir='ltr'>ίδιάζειν,</span> <span class='ocrx_word' id='word_1_79' title='bbox 872 1282 966 1333; x_wconf 75' lang='grc' dir='ltr'><strong>καὶ</strong></span> <span class='ocrx_word' id='word_1_80' title='bbox 999 1280 1137 1350; x_wconf 84' lang='grc' dir='ltr'>μετὰ</span> <span class='ocrx_word' id='word_1_81' title='bbox 1171 1281 1279 1334; x_wconf 88' lang='grc' dir='ltr'><strong>τῶν</strong></span> <span class='ocrx_word' id='word_1_82' title='bbox 1321 1280 1591 1333; x_wconf 88' lang='grc' dir='ltr'>Ἰουδαίων</span> <span class='ocrx_word' id='word_1_83' title='bbox 1612 1280 1794 1331; x_wconf 79' lang='grc' dir='ltr'>ἐπιτεο</span> 
     </span>
    </p>
   </div>
   <div class='ocr_carea' id='block_1_15' title="bbox 199 1371 1791 1443">
    <p class='ocr_par' dir='ltr' id='par_1_15' title="bbox 199 1371 1791 1443">
     <span class='ocr_line' id='line_1_15' title="bbox 199 1371 1791 1443; baseline -0.001 -20"><span class='ocrx_word' id='word_1_84' title='bbox 199 1372 317 1425; x_wconf 69' lang='grc' dir='ltr'>λεῖν</span> <span class='ocrx_word' id='word_1_85' title='bbox 341 1375 403 1425; x_wconf 73' lang='grc' dir='ltr'>τὸ</span> <span class='ocrx_word' id='word_1_86' title='bbox 428 1373 639 1442; x_wconf 77' lang='grc' dir='ltr'>Πάσχα,</span> <span class='ocrx_word' id='word_1_87' title='bbox 662 1374 849 1425; x_wconf 88' lang='grc' dir='ltr'>τοῦτον</span> <span class='ocrx_word' id='word_1_88' title='bbox 896 1374 929 1443; x_wconf 81' lang='grc' dir='ltr'><strong>ἡ</strong></span> <span class='ocrx_word' id='word_1_89' title='bbox 969 1372 1101 1437; x_wconf 84' lang='grc' dir='ltr'>ἁγία</span> <span class='ocrx_word' id='word_1_90' title='bbox 1150 1372 1369 1435; x_wconf 82' lang='grc' dir='ltr'>σύνοδος</span> <span class='ocrx_word' id='word_1_91' title='bbox 1401 1371 1657 1424; x_wconf 81' lang='grc' dir='ltr'>ἐντεῦθεν</span> <span class='ocrx_word' id='word_1_92' title='bbox 1690 1371 1791 1441; x_wconf 75' lang='grc' dir='ltr'>ἤδη</span> 
     </span>
    </p>
   </div>
   <div class='ocr_carea' id='block_1_16' title="bbox 203 1462 1795 1534">
    <p class='ocr_par' dir='ltr' id='par_1_16' title="bbox 203 1462 1795 1534">
     <span class='ocr_line' id='line_1_16' title="bbox 203 1462 1795 1534; baseline -0.002 -18"><span class='ocrx_word' id='word_1_93' title='bbox 203 1463 485 1533; x_wconf 71' lang='grc' dir='ltr'>ἀλλότριον</span> <span class='ocrx_word' id='word_1_94' title='bbox 534 1464 762 1534; x_wconf 80' lang='grc' dir='ltr'><strong>κέκρικε</strong></span> <span class='ocrx_word' id='word_1_95' title='bbox 819 1463 918 1530; x_wconf 77' lang='grc' dir='ltr'>τῆς</span> <span class='ocrx_word' id='word_1_96' title='bbox 986 1463 1334 1533; x_wconf 85' lang='grc' dir='ltr'>Ἐκκλησίας,</span> <span class='ocrx_word' id='word_1_97' title='bbox 1381 1463 1458 1526; x_wconf 84' lang='grc' dir='ltr'><strong>ὡς</strong></span> <span class='ocrx_word' id='word_1_98' title='bbox 1513 1463 1573 1515; x_wconf 80' lang='grc' dir='ltr'><strong>οὐ</strong></span> <span class='ocrx_word' id='word_1_99' title='bbox 1634 1462 1795 1532; x_wconf 84' lang='grc' dir='ltr'>μόνον</span> 
     </span>
    </p>
   </div>
   <div class='ocr_carea' id='block_1_17' title="bbox 204 1555 1791 1627">
    <p class='ocr_par' dir='ltr' id='par_1_17' title="bbox 204 1555 1791 1627">
     <span class='ocr_line' id='line_1_17' title="bbox 204 1555 1791 1627; baseline 0.001 -20"><span class='ocrx_word' id='word_1_100' title='bbox 204 1556 388 1625; x_wconf 86' lang='grc' dir='ltr'>ἐαυτῴ</span> <span class='ocrx_word' id='word_1_101' title='bbox 442 1556 715 1627; x_wconf 73' lang='grc' dir='ltr'>ἁμαρτίας</span> <span class='ocrx_word' id='word_1_102' title='bbox 764 1557 1191 1625; x_wconf 84' lang='grc' dir='ltr'>ἐπισωρεύοντα,</span> <span class='ocrx_word' id='word_1_103' title='bbox 1252 1555 1390 1608; x_wconf 82' lang='grc' dir='ltr'>ἀλλὰ</span> <span class='ocrx_word' id='word_1_104' title='bbox 1443 1555 1538 1608; x_wconf 75' lang='grc' dir='ltr'><strong>καὶ</strong></span> <span class='ocrx_word' id='word_1_105' title='bbox 1576 1555 1791 1617; x_wconf 78' lang='grc' dir='ltr'>πολλοῖς</span> 
     </span>
    </p>
   </div>
   <div class='ocr_carea' id='block_1_18' title="bbox 201 1645 1795 1716">
    <p class='ocr_par' dir='ltr' id='par_1_18' title="bbox 201 1645 1795 1716">
     <span class='ocr_line' id='line_1_18' title="bbox 201 1645 1795 1716; baseline -0.001 -18"><span class='ocrx_word' id='word_1_106' title='bbox 201 1646 502 1714; x_wconf 67' lang='grc' dir='ltr'>διαφθορᾶς</span> <span class='ocrx_word' id='word_1_107' title='bbox 534 1647 626 1699; x_wconf 76' lang='grc' dir='ltr'><strong>καὶ</strong></span> <span class='ocrx_word' id='word_1_108' title='bbox 650 1646 983 1716; x_wconf 67' lang='grc' dir='ltr'>διαστροφῆς</span> <span class='ocrx_word' id='word_1_109' title='bbox 1010 1646 1185 1699; x_wconf 83' lang='grc' dir='ltr'>αἴτιον</span> <span class='ocrx_word' id='word_1_110' title='bbox 1216 1647 1522 1716; x_wconf 87' lang='grc' dir='ltr'>γινόμενον.</span> <span class='ocrx_word' id='word_1_111' title='bbox 1570 1646 1680 1699; x_wconf 76' lang='grc' dir='ltr'><strong>Καὶ</strong></span> <span class='ocrx_word' id='word_1_112' title='bbox 1733 1645 1795 1697; x_wconf 87' lang='grc' dir='ltr'><strong>οὐ</strong></span> 
     </span>
    </p>
   </div>
   <div class='ocr_carea' id='block_1_19' title="bbox 207 1737 1799 1809">
    <p class='ocr_par' dir='ltr' id='par_1_19' title="bbox 207 1737 1799 1809">
     <span class='ocr_line' id='line_1_19' title="bbox 207 1737 1799 1809; baseline 0.001 -20"><span class='ocrx_word' id='word_1_113' title='bbox 207 1738 370 1807; x_wconf 78' lang='grc' dir='ltr'>μόνον</span> <span class='ocrx_word' id='word_1_114' title='bbox 396 1739 523 1800; x_wconf 78' lang='grc' dir='ltr'>τοὺς</span> <span class='ocrx_word' id='word_1_115' title='bbox 555 1737 827 1800; x_wconf 79' lang='grc' dir='ltr'>τοιούτους</span> <span class='ocrx_word' id='word_1_116' title='bbox 858 1737 1114 1807; x_wconf 80' lang='grc' dir='ltr'>καθαιρεῖ</span> <span class='ocrx_word' id='word_1_117' title='bbox 1139 1737 1237 1805; x_wconf 78' lang='grc' dir='ltr'>τῆς</span> <span class='ocrx_word' id='word_1_118' title='bbox 1266 1738 1639 1809; x_wconf 81' lang='grc' dir='ltr'>λειτουργίας,</span> <span class='ocrx_word' id='word_1_119' title='bbox 1662 1737 1799 1790; x_wconf 73' lang='grc' dir='ltr'>ἀλλὰ</span> 
     </span>
    </p>
   </div>
   <div class='ocr_carea' id='block_1_20' title="bbox 1891 535 3480 600">
    <p class='ocr_par' dir='ltr' id='par_1_20' title="bbox 1891 535 3480 600">
     <span class='ocr_line' id='line_1_20' title="bbox 1891 535 3480 600; baseline -0.008 0"><span class='ocrx_word' id='word_1_120' title='bbox 1891 545 1958 599; x_wconf 91' lang='lat' dir='ltr'><strong>de</strong></span> <span class='ocrx_word' id='word_1_121' title='bbox 2007 553 2200 600; x_wconf 89' lang='lat' dir='ltr'><strong>sancto</strong></span> <span class='ocrx_word' id='word_1_122' title='bbox 2263 542 2403 598; x_wconf 90' lang='lat' dir='ltr'><strong>festo</strong></span> <span class='ocrx_word' id='word_1_123' title='bbox 2450 538 2720 597; x_wconf 76' lang='lat' dir='ltr'><strong>salutiferi</strong></span> <span class='ocrx_word' id='word_1_124' title='bbox 2752 535 3059 597; x_wconf 78' lang='lat' dir='ltr'><strong>Paschalis,</strong></span> <span class='ocrx_word' id='word_1_125' title='bbox 3091 550 3213 589; x_wconf 90' lang='lat' dir='ltr'><strong>esse</strong></span> <span class='ocrx_word' id='word_1_126' title='bbox 3254 549 3480 589; x_wconf 80' lang='lat' dir='ltr'><strong>excom-</strong></span> 
     </span>
    </p>
   </div>
   <div class='ocr_carea' id='block_1_21' title="bbox 1889 627 3478 701">
    <p class='ocr_par' dir='ltr' id='par_1_21' title="bbox 1889 627 3478 701">
     <span class='ocr_line' id='line_1_21' title="bbox 1889 627 3478 701; baseline -0.006 -10"><span class='ocrx_word' id='word_1_127' title='bbox 1889 638 2223 701; x_wconf 89' lang='lat' dir='ltr'><strong>municatos,</strong></span> <span class='ocrx_word' id='word_1_128' title='bbox 2271 643 2326 689; x_wconf 90' lang='lat' dir='ltr'><strong>et</strong></span> <span class='ocrx_word' id='word_1_129' title='bbox 2377 634 2618 689; x_wconf 85' lang='lat' dir='ltr'><strong>Ecclesia</strong></span> <span class='ocrx_word' id='word_1_130' title='bbox 2653 631 2856 699; x_wconf 87' lang='lat' dir='ltr'><strong>ejectos</strong></span> <span class='ocrx_word' id='word_1_131' title='bbox 2909 627 3240 689; x_wconf 88' lang='lat' dir='ltr'><strong>statuimus,</strong></span> <span class='ocrx_word' id='word_1_132' title='bbox 3290 627 3336 682; x_wconf 90' lang='lat' dir='ltr'><strong>si</strong></span> <span class='ocrx_word' id='word_1_133' title='bbox 3383 628 3478 681; x_wconf 89' lang='lat' dir='ltr'><strong>ad-</strong></span> 
     </span>
    </p>
   </div>
   <div class='ocr_carea' id='block_1_22' title="bbox 1890 716 3480 795">
    <p class='ocr_par' dir='ltr' id='par_1_22' title="bbox 1890 716 3480 795">
     <span class='ocr_line' id='line_1_22' title="bbox 1890 716 3480 795; baseline -0.005 -16"><span class='ocrx_word' id='word_1_134' title='bbox 1890 743 2080 781; x_wconf 85' lang='lat' dir='ltr'><strong>versus</strong></span> <span class='ocrx_word' id='word_1_135' title='bbox 2138 741 2203 781; x_wconf 90' lang='lat' dir='ltr'><strong>ea</strong></span> <span class='ocrx_word' id='word_1_136' title='bbox 2274 741 2394 795; x_wconf 85' lang='lat' dir='ltr'><strong>quae</strong></span> <span class='ocrx_word' id='word_1_137' title='bbox 2442 733 2583 778; x_wconf 88' lang='lat' dir='ltr'><strong>recte</strong></span> <span class='ocrx_word' id='word_1_138' title='bbox 2616 722 2835 776; x_wconf 88' lang='lat' dir='ltr'><strong>decreta</strong></span> <span class='ocrx_word' id='word_1_139' title='bbox 2900 728 3029 773; x_wconf 88' lang='lat' dir='ltr'><strong>sunt</strong></span> <span class='ocrx_word' id='word_1_140' title='bbox 3081 716 3480 772; x_wconf 89' lang='lat' dir='ltr'><strong>contentiosius</strong></span> 
     </span>
    </p>
   </div>
   <div class='ocr_carea' id='block_1_23' title="bbox 1894 802 3479 886">
    <p class='ocr_par' dir='ltr' id='par_1_23' title="bbox 1894 802 3479 886">
     <span class='ocr_line' id='line_1_23' title="bbox 1894 802 3479 886; baseline -0.005 -14"><span class='ocrx_word' id='word_1_141' title='bbox 1894 819 2152 873; x_wconf 77' lang='lat' dir='ltr'><strong>insistere</strong></span> <span class='ocrx_word' id='word_1_142' title='bbox 2214 802 2574 886; x_wconf 84' lang='lat' dir='ltr'><strong>perrexerint.</strong></span> <span class='ocrx_word' id='word_1_143' title='bbox 2631 812 2698 867; x_wconf 88' lang='lat' dir='ltr'><strong>Et</strong></span> <span class='ocrx_word' id='word_1_144' title='bbox 2745 812 2860 866; x_wconf 60' lang='lat' dir='ltr'><strong>hsce</strong></span> <span class='ocrx_word' id='word_1_145' title='bbox 2915 810 3137 881; x_wconf 88' lang='lat' dir='ltr'><strong>quidem</strong></span> <span class='ocrx_word' id='word_1_146' title='bbox 3199 810 3265 863; x_wconf 90' lang='lat' dir='ltr'><strong>de</strong></span> <span class='ocrx_word' id='word_1_147' title='bbox 3318 808 3479 864; x_wconf 87' lang='lat' dir='ltr'><strong>laicis</strong></span> 
     </span>
    </p>
   </div>
   <div class='ocr_carea' id='block_1_24' title="bbox 1891 901 3483 977">
    <p class='ocr_par' dir='ltr' id='par_1_24' title="bbox 1891 901 3483 977">
     <span class='ocr_line' id='line_1_24' title="bbox 1891 901 3483 977; baseline -0.004 -15"><span class='ocrx_word' id='word_1_148' title='bbox 1891 909 2036 963; x_wconf 89' lang='lat' dir='ltr'><strong>dicta</strong></span> <span class='ocrx_word' id='word_1_149' title='bbox 2071 910 2201 962; x_wconf 87' lang='lat' dir='ltr'><strong>sint.</strong></span> <span class='ocrx_word' id='word_1_150' title='bbox 2236 906 2293 961; x_wconf 88' lang='lat' dir='ltr'><strong>Si</strong></span> <span class='ocrx_word' id='word_1_151' title='bbox 2330 908 2453 977; x_wconf 83' lang='lat' dir='ltr'><strong>quis</strong></span> <span class='ocrx_word' id='word_1_152' title='bbox 2489 915 2671 960; x_wconf 87' lang='lat' dir='ltr'><strong>autem</strong></span> <span class='ocrx_word' id='word_1_153' title='bbox 2723 919 2936 965; x_wconf 91' lang='lat' dir='ltr'><strong>eorum,</strong></span> <span class='ocrx_word' id='word_1_154' title='bbox 2967 902 3059 970; x_wconf 90' lang='lat' dir='ltr'><strong>qui</strong></span> <span class='ocrx_word' id='word_1_155' title='bbox 3094 909 3339 970; x_wconf 71' lang='lat' dir='ltr'><strong>praesunt</strong></span> <span class='ocrx_word' id='word_1_156' title='bbox 3380 901 3483 955; x_wconf 85' lang='lat' dir='ltr'><strong>Ec-</strong></span> 
     </span>
    </p>
   </div>
   <div class='ocr_carea' id='block_1_25' title="bbox 1893 992 3479 1068">
    <p class='ocr_par' dir='ltr' id='par_1_25' title="bbox 1893 992 3479 1068">
     <span class='ocr_line' id='line_1_25' title="bbox 1893 992 3479 1068; baseline -0.004 -14"><span class='ocrx_word' id='word_1_157' title='bbox 1893 1000 2105 1065; x_wconf 73' lang='lat' dir='ltr'><strong>clesiae,</strong></span> <span class='ocrx_word' id='word_1_158' title='bbox 2156 997 2476 1068; x_wconf 77' lang='lat' dir='ltr'><strong>epiSCOpus,</strong></span> <span class='ocrx_word' id='word_1_159' title='bbox 2544 996 2629 1050; x_wconf 90' lang='lat' dir='ltr'><strong>vel</strong></span> <span class='ocrx_word' id='word_1_160' title='bbox 2688 994 3002 1064; x_wconf 85' lang='lat' dir='ltr'><strong>presbyter,</strong></span> <span class='ocrx_word' id='word_1_161' title='bbox 3054 992 3138 1047; x_wconf 90' lang='lat' dir='ltr'><strong>vel</strong></span> <span class='ocrx_word' id='word_1_162' title='bbox 3190 993 3479 1059; x_wconf 86' lang='lat' dir='ltr'><strong>diaconus,</strong></span> 
     </span>
    </p>
   </div>
   <div class='ocr_carea' id='block_1_26' title="bbox 1893 1082 3485 1156">
    <p class='ocr_par' dir='ltr' id='par_1_26' title="bbox 1893 1082 3485 1156">
     <span class='ocr_line' id='line_1_26' title="bbox 1893 1082 3485 1156; baseline -0.003 -15"><span class='ocrx_word' id='word_1_163' title='bbox 1893 1088 2116 1141; x_wconf 85' lang='lat' dir='ltr'><strong>audebit</strong></span> <span class='ocrx_word' id='word_1_164' title='bbox 2158 1096 2283 1156; x_wconf 91' lang='lat' dir='ltr'><strong>post</strong></span> <span class='ocrx_word' id='word_1_165' title='bbox 2327 1088 2428 1140; x_wconf 92' lang='lat' dir='ltr'><strong>hoc</strong></span> <span class='ocrx_word' id='word_1_166' title='bbox 2469 1087 2749 1140; x_wconf 88' lang='lat' dir='ltr'><strong>decretum</strong></span> <span class='ocrx_word' id='word_1_167' title='bbox 2780 1082 2848 1137; x_wconf 91' lang='lat' dir='ltr'><strong>ad</strong></span> <span class='ocrx_word' id='word_1_168' title='bbox 2880 1082 3207 1152; x_wconf 87' lang='lat' dir='ltr'><strong>populorum</strong></span> <span class='ocrx_word' id='word_1_169' title='bbox 3254 1085 3485 1138; x_wconf 91' lang='lat' dir='ltr'><strong>subver-</strong></span> 
     </span>
    </p>
   </div>
   <div class='ocr_carea' id='block_1_27' title="bbox 1896 1157 3483 1244">
    <p class='ocr_par' dir='ltr' id='par_1_27' title="bbox 1896 1157 3483 1244">
     <span class='ocr_line' id='line_1_27' title="bbox 1896 1157 3483 1244; baseline -0.003 -11"><span class='ocrx_word' id='word_1_170' title='bbox 1896 1180 2107 1233; x_wconf 87' lang='lat' dir='ltr'><strong>siouem</strong></span> <span class='ocrx_word' id='word_1_171' title='bbox 2156 1187 2211 1232; x_wconf 90' lang='lat' dir='ltr'><strong>et</strong></span> <span class='ocrx_word' id='word_1_172' title='bbox 2268 1176 2639 1232; x_wconf 87' lang='lat' dir='ltr'><strong>Ecclesiarum</strong></span> <span class='ocrx_word' id='word_1_173' title='bbox 2700 1157 3167 1244; x_wconf 73' lang='lat' dir='ltr'><strong>perturbationem</strong></span> <span class='ocrx_word' id='word_1_174' title='bbox 3228 1189 3483 1230; x_wconf 76' lang='lat' dir='ltr'><strong>seorsum</strong></span> 
     </span>
    </p>
   </div>
   <div class='ocr_carea' id='block_1_28' title="bbox 1895 1262 3486 1338">
    <p class='ocr_par' dir='ltr' id='par_1_28' title="bbox 1895 1262 3486 1338">
     <span class='ocr_line' id='line_1_28' title="bbox 1895 1262 3486 1338; baseline -0.002 -16"><span class='ocrx_word' id='word_1_175' title='bbox 1895 1283 2096 1338; x_wconf 83' lang='lat' dir='ltr'><strong>agere,</strong></span> <span class='ocrx_word' id='word_1_176' title='bbox 2151 1278 2206 1322; x_wconf 90' lang='lat' dir='ltr'><strong>et</strong></span> <span class='ocrx_word' id='word_1_177' title='bbox 2259 1266 2473 1322; x_wconf 85' lang='lat' dir='ltr'><strong>Pascha</strong></span> <span class='ocrx_word' id='word_1_178' title='bbox 2530 1281 2655 1320; x_wconf 93' lang='lat' dir='ltr'><strong>cum</strong></span> <span class='ocrx_word' id='word_1_179' title='bbox 2705 1262 2906 1318; x_wconf 84' lang='lat' dir='ltr'><strong>Judaeis</strong></span> <span class='ocrx_word' id='word_1_180' title='bbox 2954 1278 3236 1335; x_wconf 81' lang='lat' dir='ltr'><strong>peragere,</strong></span> <span class='ocrx_word' id='word_1_181' title='bbox 3296 1275 3486 1320; x_wconf 88' lang='lat' dir='ltr'><strong>sancta</strong></span> 
     </span>
    </p>
   </div>
   <div class='ocr_carea' id='block_1_29' title="bbox 1897 1356 3486 1431">
    <p class='ocr_par' dir='ltr' id='par_1_29' title="bbox 1897 1356 3486 1431">
     <span class='ocr_line' id='line_1_29' title="bbox 1897 1356 3486 1431; baseline -0.002 -17"><span class='ocrx_word' id='word_1_182' title='bbox 1897 1362 2143 1431; x_wconf 83' lang='lat' dir='ltr'><strong>synodus</strong></span> <span class='ocrx_word' id='word_1_183' title='bbox 2206 1375 2333 1413; x_wconf 90' lang='lat' dir='ltr'><strong>eum</strong></span> <span class='ocrx_word' id='word_1_184' title='bbox 2392 1359 2595 1413; x_wconf 91' lang='lat' dir='ltr'><strong>abhinc</strong></span> <span class='ocrx_word' id='word_1_185' title='bbox 2647 1357 2888 1411; x_wconf 89' lang='lat' dir='ltr'><strong>alienum</strong></span> <span class='ocrx_word' id='word_1_186' title='bbox 2942 1371 3067 1412; x_wconf 87' lang='lat' dir='ltr'><strong>esse</strong></span> <span class='ocrx_word' id='word_1_187' title='bbox 3116 1357 3185 1411; x_wconf 90' lang='lat' dir='ltr'><strong>ab</strong></span> <span class='ocrx_word' id='word_1_188' title='bbox 3238 1356 3486 1412; x_wconf 88' lang='lat' dir='ltr'><strong>Ecclesia</strong></span> 
     </span>
    </p>
   </div>
   <div class='ocr_carea' id='block_1_30' title="bbox 1893 1445 3489 1517">
    <p class='ocr_par' dir='ltr' id='par_1_30' title="bbox 1893 1445 3489 1517">
     <span class='ocr_line' id='line_1_30' title="bbox 1893 1445 3489 1517; baseline -0.003 -14"><span class='ocrx_word' id='word_1_189' title='bbox 1893 1449 2184 1517; x_wconf 88' lang='lat' dir='ltr'><strong>judicavit,</strong></span> <span class='ocrx_word' id='word_1_190' title='bbox 2243 1449 2424 1517; x_wconf 91' lang='lat' dir='ltr'><strong>utqui</strong></span> <span class='ocrx_word' id='word_1_191' title='bbox 2457 1464 2567 1502; x_wconf 90' lang='lat' dir='ltr'><strong>non</strong></span> <span class='ocrx_word' id='word_1_192' title='bbox 2618 1447 2723 1501; x_wconf 90' lang='lat' dir='ltr'><strong>sibi</strong></span> <span class='ocrx_word' id='word_1_193' title='bbox 2773 1447 2952 1501; x_wconf 90' lang='lat' dir='ltr'><strong>solum</strong></span> <span class='ocrx_word' id='word_1_194' title='bbox 3015 1445 3241 1515; x_wconf 83' lang='lat' dir='ltr'><strong>peccati,</strong></span> <span class='ocrx_word' id='word_1_195' title='bbox 3288 1446 3382 1500; x_wconf 89' lang='lat' dir='ltr'><strong>sed</strong></span> <span class='ocrx_word' id='word_1_196' title='bbox 3433 1454 3489 1499; x_wconf 93' lang='lat' dir='ltr'><strong>et</strong></span> 
     </span>
    </p>
   </div>
   <div class='ocr_carea' id='block_1_31' title="bbox 1899 1535 3485 1593">
    <p class='ocr_par' dir='ltr' id='par_1_31' title="bbox 1899 1535 3485 1593">
     <span class='ocr_line' id='line_1_31' title="bbox 1899 1535 3485 1593; baseline -0.003 -1"><span class='ocrx_word' id='word_1_197' title='bbox 1899 1540 2087 1593; x_wconf 89' lang='lat' dir='ltr'><strong>multis</strong></span> <span class='ocrx_word' id='word_1_198' title='bbox 2115 1539 2268 1593; x_wconf 81' lang='lat' dir='ltr'><strong>exitii</strong></span> <span class='ocrx_word' id='word_1_199' title='bbox 2298 1546 2355 1593; x_wconf 90' lang='lat' dir='ltr'><strong>et</strong></span> <span class='ocrx_word' id='word_1_200' title='bbox 2386 1536 2771 1592; x_wconf 90' lang='lat' dir='ltr'><strong>subversionis</strong></span> <span class='ocrx_word' id='word_1_201' title='bbox 2822 1552 2988 1591; x_wconf 86' lang='lat' dir='ltr'><strong>causa</strong></span> <span class='ocrx_word' id='word_1_202' title='bbox 3039 1535 3207 1591; x_wconf 85' lang='lat' dir='ltr'><strong>fuerit</strong></span> <span class='ocrx_word' id='word_1_203' title='bbox 3241 1552 3256 1590; x_wconf 86' lang='lat'><strong>:</strong></span> <span class='ocrx_word' id='word_1_204' title='bbox 3287 1544 3342 1590; x_wconf 89' lang='lat' dir='ltr'><strong>ct</strong></span> <span class='ocrx_word' id='word_1_205' title='bbox 3376 1550 3485 1590; x_wconf 90' lang='lat' dir='ltr'><strong>non</strong></span> 
     </span>
    </p>
   </div>
   <div class='ocr_carea' id='block_1_32' title="bbox 1901 1628 3491 1699">
    <p class='ocr_par' dir='ltr' id='par_1_32' title="bbox 1901 1628 3491 1699">
     <span class='ocr_line' id='line_1_32' title="bbox 1901 1628 3491 1699; baseline -0.006 -12"><span class='ocrx_word' id='word_1_206' title='bbox 1901 1633 2078 1687; x_wconf 90' lang='lat' dir='ltr'><strong>solum</strong></span> <span class='ocrx_word' id='word_1_207' title='bbox 2114 1647 2210 1686; x_wconf 89' lang='lat' dir='ltr'><strong>eos</strong></span> <span class='ocrx_word' id='word_1_208' title='bbox 2236 1646 2266 1685; x_wconf 91' lang='lat' dir='ltr'><strong>a</strong></span> <span class='ocrx_word' id='word_1_209' title='bbox 2298 1630 2613 1685; x_wconf 87' lang='lat' dir='ltr'><strong>ministerio</strong></span> <span class='ocrx_word' id='word_1_210' title='bbox 2642 1629 2897 1699; x_wconf 85' lang='lat' dir='ltr'><strong>deponit,</strong></span> <span class='ocrx_word' id='word_1_211' title='bbox 2925 1628 3020 1683; x_wconf 87' lang='lat' dir='ltr'><strong>sed</strong></span> <span class='ocrx_word' id='word_1_212' title='bbox 3046 1637 3099 1682; x_wconf 92' lang='lat' dir='ltr'><strong>ct</strong></span> <span class='ocrx_word' id='word_1_213' title='bbox 3137 1642 3231 1682; x_wconf 89' lang='lat' dir='ltr'><strong>eos</strong></span> <span class='ocrx_word' id='word_1_214' title='bbox 3262 1628 3356 1696; x_wconf 89' lang='lat' dir='ltr'><strong>qui</strong></span> <span class='ocrx_word' id='word_1_215' title='bbox 3388 1642 3491 1679; x_wconf 86' lang='lat' dir='ltr'><strong>au-</strong></span> 
     </span>
    </p>
   </div>
   <div class='ocr_carea' id='block_1_33' title="bbox 1900 1717 3490 1790">
    <p class='ocr_par' dir='ltr' id='par_1_33' title="bbox 1900 1717 3490 1790">
     <span class='ocr_line' id='line_1_33' title="bbox 1900 1717 3490 1790; baseline -0.004 -13"><span class='ocrx_word' id='word_1_216' title='bbox 1900 1724 2033 1777; x_wconf 88' lang='lat' dir='ltr'><strong>dent</strong></span> <span class='ocrx_word' id='word_1_217' title='bbox 2092 1722 2159 1778; x_wconf 88' lang='lat' dir='ltr'><strong>iis</strong></span> <span class='ocrx_word' id='word_1_218' title='bbox 2212 1722 2625 1778; x_wconf 86' lang='lat' dir='ltr'><strong>communicare</strong></span> <span class='ocrx_word' id='word_1_219' title='bbox 2657 1730 2779 1790; x_wconf 87' lang='lat' dir='ltr'><strong>post</strong></span> <span class='ocrx_word' id='word_1_220' title='bbox 2819 1719 3241 1789; x_wconf 87' lang='lat' dir='ltr'><strong>depositionem.</strong></span> <span class='ocrx_word' id='word_1_221' title='bbox 3305 1717 3490 1788; x_wconf 86' lang='lat' dir='ltr'><strong>Depo-</strong></span> 
     </span>
    </p>
   </div>
   <div class='ocr_carea' id='block_1_34' title="bbox 206 1810 1797 1899">
    <p class='ocr_par' dir='ltr' id='par_1_34' title="bbox 206 1827 1797 1899">
     <span class='ocr_line' id='line_1_34' title="bbox 206 1827 1797 1899; baseline -0.001 -17"><span class='ocrx_word' id='word_1_222' title='bbox 206 1829 303 1883; x_wconf 70' lang='grc' dir='ltr'>καὶ</span> <span class='ocrx_word' id='word_1_223' title='bbox 360 1832 487 1893; x_wconf 76' lang='grc' dir='ltr'>τοὺς</span> <span class='ocrx_word' id='word_1_224' title='bbox 544 1829 858 1897; x_wconf 72' lang='grc' dir='ltr'>τολμῶντας</span> <span class='ocrx_word' id='word_1_225' title='bbox 902 1829 1113 1892; x_wconf 84' lang='grc' dir='ltr'>τούτοις</span> <span class='ocrx_word' id='word_1_226' title='bbox 1162 1832 1439 1882; x_wconf 79' lang='grc' dir='ltr'>κοινωνεῖν</span> <span class='ocrx_word' id='word_1_227' title='bbox 1500 1829 1637 1897; x_wconf 85' lang='grc' dir='ltr'><strong>μετὰ</strong></span> <span class='ocrx_word' id='word_1_228' title='bbox 1700 1827 1797 1899; x_wconf 79' lang='grc' dir='ltr'><strong>τὴν</strong></span> 
     </span>
    </p>
   </div>
   <div class='ocr_carea' id='block_1_35' title="bbox 1900 1810 3493 1899">
    <p class='ocr_par' dir='ltr' id='par_1_35' title="bbox 1903 1810 3493 1881">
     <span class='ocr_line' id='line_1_35' title="bbox 1903 1810 3493 1881; baseline -0.002 -13"><span class='ocrx_word' id='word_1_229' title='bbox 1903 1814 2039 1868; x_wconf 88' lang='lat' dir='ltr'><strong>sitos</strong></span> <span class='ocrx_word' id='word_1_230' title='bbox 2088 1823 2274 1869; x_wconf 90' lang='lat' dir='ltr'><strong>autem</strong></span> <span class='ocrx_word' id='word_1_231' title='bbox 2308 1813 2473 1868; x_wconf 87' lang='lat' dir='ltr'><strong>etiam</strong></span> <span class='ocrx_word' id='word_1_232' title='bbox 2532 1823 2762 1867; x_wconf 84' lang='lat' dir='ltr'><strong>externo</strong></span> <span class='ocrx_word' id='word_1_233' title='bbox 2809 1813 3017 1868; x_wconf 90' lang='lat' dir='ltr'><strong>honore</strong></span> <span class='ocrx_word' id='word_1_234' title='bbox 3066 1810 3292 1881; x_wconf 88' lang='lat' dir='ltr'><strong>privari,</strong></span> <span class='ocrx_word' id='word_1_235' title='bbox 3333 1811 3493 1879; x_wconf 86' lang='lat' dir='ltr'><strong>cujus</strong></span> 
     </span>
    </p>
   </div>
   <div class='ocr_carea' id='block_1_36' title="bbox 204 1902 1797 1990">
    <p class='ocr_par' dir='ltr' id='par_1_36' title="bbox 204 1918 1796 1990">
     <span class='ocr_line' id='line_1_36' title="bbox 204 1918 1796 1990; baseline -0.001 -18"><span class='ocrx_word' id='word_1_236' title='bbox 204 1919 528 1990; x_wconf 72' lang='grc' dir='ltr'>καθαίρεσιν</span> <span class='ocrx_word' id='word_1_237' title='bbox 555 1936 569 1950; x_wconf 75' lang='grc'><strong><em>⁸</em></strong></span> <span class='ocrx_word' id='word_1_238' title='bbox 614 1922 741 1982; x_wconf 82' lang='grc' dir='ltr'>τοὺς</span> <span class='ocrx_word' id='word_1_239' title='bbox 761 1919 817 1971; x_wconf 88' lang='grc' dir='ltr'><strong>δέ</strong></span> <span class='ocrx_word' id='word_1_240' title='bbox 862 1919 1316 1990; x_wconf 72' lang='grc' dir='ltr'>καθαιρεθέντας,</span> <span class='ocrx_word' id='word_1_241' title='bbox 1366 1918 1796 1988; x_wconf 77' lang='grc' dir='ltr'>ἀποστερεῖσθαι</span> 
     </span>
    </p>
   </div>
   <div class='ocr_carea' id='block_1_37' title="bbox 1900 1902 3450 1990">
    <p class='ocr_par' dir='ltr' id='par_1_37' title="bbox 1904 1902 3450 1973">
     <span class='ocr_line' id='line_1_37' title="bbox 1904 1902 3450 1973; baseline -0.003 -13"><span class='ocrx_word' id='word_1_242' title='bbox 1904 1914 2130 1962; x_wconf 87' lang='lat' dir='ltr'><strong>sanctus</strong></span> <span class='ocrx_word' id='word_1_243' title='bbox 2164 1919 2345 1960; x_wconf 87' lang='lat' dir='ltr'><strong>canon</strong></span> <span class='ocrx_word' id='word_1_244' title='bbox 2382 1915 2436 1960; x_wconf 91' lang='lat' dir='ltr'><strong>et</strong></span> <span class='ocrx_word' id='word_1_245' title='bbox 2472 1905 2566 1960; x_wconf 88' lang='lat' dir='ltr'><strong>Dei</strong></span> <span class='ocrx_word' id='word_1_246' title='bbox 2602 1905 2978 1961; x_wconf 82' lang='lat' dir='ltr'><strong>sacerdotium</strong></span> <span class='ocrx_word' id='word_1_247' title='bbox 3019 1902 3122 1957; x_wconf 89' lang='lat' dir='ltr'><strong>fuit</strong></span> <span class='ocrx_word' id='word_1_248' title='bbox 3151 1903 3450 1973; x_wconf 83' lang='lat' dir='ltr'><strong>particeps.</strong></span> 
     </span>
    </p>
   </div>
   <div class='ocr_carea' id='block_1_38' title="bbox 207 2006 1799 2081">
    <p class='ocr_par' dir='ltr' id='par_1_38' title="bbox 207 2006 1799 2081">
     <span class='ocr_line' id='line_1_38' title="bbox 207 2006 1799 2081; baseline -0.001 -18"><span class='ocrx_word' id='word_1_249' title='bbox 207 2013 427 2080; x_wconf 72' lang='grc' dir='ltr'>καὶτῆς</span> <span class='ocrx_word' id='word_1_250' title='bbox 457 2011 656 2077; x_wconf 74' lang='grc' dir='ltr'>ἔξωθεν</span> <span class='ocrx_word' id='word_1_251' title='bbox 690 2012 881 2081; x_wconf 78' lang='grc' dir='ltr'>τιμῆς,</span> <span class='ocrx_word' id='word_1_252' title='bbox 908 2006 974 2081; x_wconf 80' lang='grc' dir='ltr'>ἧς</span> <span class='ocrx_word' id='word_1_253' title='bbox 1002 2012 1030 2063; x_wconf 84' lang='grc' dir='ltr'>ὁ</span> <span class='ocrx_word' id='word_1_254' title='bbox 1070 2012 1227 2079; x_wconf 77' lang='grc' dir='ltr'>ἅγιος</span> <span class='ocrx_word' id='word_1_255' title='bbox 1272 2010 1453 2065; x_wconf 88' lang='grc' dir='ltr'>κανὼν</span> <span class='ocrx_word' id='word_1_256' title='bbox 1496 2012 1590 2062; x_wconf 70' lang='grc' dir='ltr'>καὶ</span> <span class='ocrx_word' id='word_1_257' title='bbox 1617 2010 1678 2061; x_wconf 80' lang='grc' dir='ltr'>τὸ</span> <span class='ocrx_word' id='word_1_258' title='bbox 1706 2009 1799 2062; x_wconf 83' lang='grc' dir='ltr'><strong>τοῦ</strong></span> 
     </span>
    </p>
   </div>
   <div class='ocr_carea' id='block_1_39' title="bbox 207 2103 1028 2173">
    <p class='ocr_par' dir='ltr' id='par_1_39' title="bbox 207 2103 1028 2173">
     <span class='ocr_line' id='line_1_39' title="bbox 207 2103 1028 2173; baseline 0.001 -18"><span class='ocrx_word' id='word_1_259' title='bbox 207 2103 343 2156; x_wconf 79' lang='grc' dir='ltr'>θεοῦ</span> <span class='ocrx_word' id='word_1_260' title='bbox 389 2105 651 2173; x_wconf 85' lang='grc' dir='ltr'>ἱερατεῖον</span> <span class='ocrx_word' id='word_1_261' title='bbox 686 2104 1028 2173; x_wconf 77' lang='grc' dir='ltr'>μετείληφεν.</span> 
     </span>
    </p>
   </div>
   <div class='ocr_carea' id='block_1_40' title="bbox 369 2211 1745 2282">
    <p class='ocr_par' dir='ltr' id='par_1_40' title="bbox 369 2211 1745 2282">
     <span class='ocr_line' id='line_1_40' title="bbox 369 2211 1745 2282; baseline -0.001 -15"><span class='ocrx_word' id='word_1_262' title='bbox 369 2211 661 2267; x_wconf 75' lang='grc' dir='ltr'>’Συνόδου</span> <span class='ocrx_word' id='word_1_263' title='bbox 696 2213 1116 2282; x_wconf 75' lang='grc' dir='ltr'>Καρθαγέννης</span> <span class='ocrx_word' id='word_1_264' title='bbox 1157 2212 1361 2266; x_wconf 78' lang='grc' dir='ltr'>κανὼν</span> <span class='ocrx_word' id='word_1_265' title='bbox 1389 2218 1489 2278; x_wconf 72' lang='grc' dir='ltr'>ναν,</span> <span class='ocrx_word' id='word_1_266' title='bbox 1521 2217 1622 2279; x_wconf 91' lang='grc' dir='ltr'>ογ’.</span> <span class='ocrx_word' id='word_1_267' title='bbox 1741 2272 1745 2274; x_wconf 93' lang='lat'>_</span> 
     </span>
    </p>
   </div>
   <div class='ocr_carea' id='block_1_41' title="bbox 275 2300 1802 2373">
    <p class='ocr_par' dir='ltr' id='par_1_41' title="bbox 275 2300 1802 2373">
     <span class='ocr_line' id='line_1_41' title="bbox 275 2300 1802 2373; baseline -0.001 -18"><span class='ocrx_word' id='word_1_268' title='bbox 275 2302 592 2356; x_wconf 82' lang='grc' dir='ltr'>Ὠστεάπὸ</span> <span class='ocrx_word' id='word_1_269' title='bbox 617 2301 729 2371; x_wconf 77' lang='grc' dir='ltr'>τῆς</span> <span class='ocrx_word' id='word_1_270' title='bbox 746 2304 1081 2369; x_wconf 69' lang='grc' dir='ltr'>ἐκκλησίας</span> <span class='ocrx_word' id='word_1_271' title='bbox 1105 2302 1493 2372; x_wconf 79' lang='grc' dir='ltr'><strong>Καρχηδόνος</strong></span> <span class='ocrx_word' id='word_1_272' title='bbox 1512 2300 1802 2373; x_wconf 77' lang='grc' dir='ltr'>ἀγγέλλε-</span> 
     </span>
    </p>
   </div>
   <div class='ocr_carea' id='block_1_42' title="bbox 203 2396 1145 2467">
    <p class='ocr_par' dir='ltr' id='par_1_42' title="bbox 203 2396 1145 2467">
     <span class='ocr_line' id='line_1_42' title="bbox 203 2396 1145 2467; baseline -0.003 -15"><span class='ocrx_word' id='word_1_273' title='bbox 203 2400 347 2452; x_wconf 85' lang='grc' dir='ltr'>σθαι</span> <span class='ocrx_word' id='word_1_274' title='bbox 374 2397 490 2467; x_wconf 80' lang='grc' dir='ltr'><strong>τὴν</strong></span> <span class='ocrx_word' id='word_1_275' title='bbox 515 2397 745 2467; x_wconf 77' lang='grc' dir='ltr'><strong>ἡμέραν</strong></span> <span class='ocrx_word' id='word_1_276' title='bbox 772 2396 880 2450; x_wconf 86' lang='grc' dir='ltr'><strong>τοῦ</strong></span> <span class='ocrx_word' id='word_1_277' title='bbox 910 2397 1145 2465; x_wconf 83' lang='grc' dir='ltr'><strong>Πάσχα.</strong></span> 
     </span>
    </p>
   </div>
   <div class='ocr_carea' id='block_1_43' title="bbox 276 2501 1797 2581">
    <p class='ocr_par' dir='ltr' id='par_1_43' title="bbox 276 2501 1797 2581">
     <span class='ocr_line' id='line_1_43' title="bbox 276 2501 1797 2581; baseline -0.004 -16"><span class='ocrx_word' id='word_1_278' title='bbox 276 2516 381 2565; x_wconf 83' lang='grc' dir='ltr'>να’.</span> <span class='ocrx_word' id='word_1_279' title='bbox 435 2510 735 2580; x_wconf 80' lang='grc' dir='ltr'>Ὁνωράτος</span> <span class='ocrx_word' id='word_1_280' title='bbox 765 2510 862 2563; x_wconf 75' lang='grc' dir='ltr'>καὶ</span> <span class='ocrx_word' id='word_1_281' title='bbox 883 2509 1159 2581; x_wconf 79' lang='grc' dir='ltr'>Οὑρὸανὸς</span> <span class='ocrx_word' id='word_1_282' title='bbox 1189 2510 1240 2562; x_wconf 83' lang='grc' dir='ltr'>οἱ</span> <span class='ocrx_word' id='word_1_283' title='bbox 1291 2508 1579 2562; x_wconf 79' lang='grc' dir='ltr'>ἐπίσκοποι</span> <span class='ocrx_word' id='word_1_284' title='bbox 1618 2501 1797 2560; x_wconf 78' lang='grc' dir='ltr'>εἷπον·</span> 
     </span>
    </p>
   </div>
   <div class='ocr_carea' id='block_1_44' title="bbox 218 2600 1803 2675">
    <p class='ocr_par' dir='ltr' id='par_1_44' title="bbox 218 2600 1803 2675">
     <span class='ocr_line' id='line_1_44' title="bbox 218 2600 1803 2675; baseline -0.003 -18"><span class='ocrx_word' id='word_1_285' title='bbox 218 2603 445 2675; x_wconf 82' lang='grc' dir='ltr'>Ἐπειδὴ</span> <span class='ocrx_word' id='word_1_286' title='bbox 490 2604 559 2656; x_wconf 75' lang='grc' dir='ltr'>τὰ</span> <span class='ocrx_word' id='word_1_287' title='bbox 606 2606 663 2656; x_wconf 83' lang='grc' dir='ltr'>ὲν</span> <span class='ocrx_word' id='word_1_288' title='bbox 716 2603 795 2674; x_wconf 82' lang='grc' dir='ltr'><strong>τῷ</strong></span> <span class='ocrx_word' id='word_1_289' title='bbox 842 2603 1250 2674; x_wconf 87' lang='grc' dir='ltr'>κομμονιτορίῳ</span> <span class='ocrx_word' id='word_1_290' title='bbox 1295 2601 1454 2673; x_wconf 81' lang='grc' dir='ltr'>ἡμῶν</span> <span class='ocrx_word' id='word_1_291' title='bbox 1485 2604 1667 2654; x_wconf 87' lang='grc' dir='ltr'>πάντα</span> <span class='ocrx_word' id='word_1_292' title='bbox 1718 2600 1803 2653; x_wconf 85' lang='grc' dir='ltr'><strong>δεῖ</strong></span> 
     </span>
    </p>
   </div>
   <div class='ocr_carea' id='block_1_45' title="bbox 204 2693 1799 2766">
    <p class='ocr_par' dir='ltr' id='par_1_45' title="bbox 204 2693 1799 2766">
     <span class='ocr_line' id='line_1_45' title="bbox 204 2693 1799 2766; baseline -0.003 -18"><span class='ocrx_word' id='word_1_293' title='bbox 204 2694 489 2761; x_wconf 76' lang='grc' dir='ltr'>συζεῦξαι,</span> <span class='ocrx_word' id='word_1_294' title='bbox 532 2696 898 2766; x_wconf 79' lang='grc' dir='ltr'>προστίθεμεν</span> <span class='ocrx_word' id='word_1_295' title='bbox 948 2694 1028 2748; x_wconf 77' lang='grc' dir='ltr'><strong>ἐτι</strong></span> <span class='ocrx_word' id='word_1_296' title='bbox 1072 2694 1178 2766; x_wconf 84' lang='grc' dir='ltr'><strong>μὴν</strong></span> <span class='ocrx_word' id='word_1_297' title='bbox 1215 2694 1433 2749; x_wconf 80' lang='grc' dir='ltr'>ἐνταλέν</span> <span class='ocrx_word' id='word_1_298' title='bbox 1479 2696 1615 2765; x_wconf 82' lang='grc' dir='ltr'>ἡμῖν</span> <span class='ocrx_word' id='word_1_299' title='bbox 1668 2693 1799 2763; x_wconf 79' lang='grc' dir='ltr'>περὶ</span> 
     </span>
    </p>
   </div>
   <div class='ocr_carea' id='block_1_46' title="bbox 201 2782 1801 2855">
    <p class='ocr_par' dir='ltr' id='par_1_46' title="bbox 201 2782 1801 2855">
     <span class='ocr_line' id='line_1_46' title="bbox 201 2782 1801 2855; baseline -0.001 -18"><span class='ocrx_word' id='word_1_300' title='bbox 201 2784 303 2854; x_wconf 85' lang='grc' dir='ltr'>τῆς</span> <span class='ocrx_word' id='word_1_301' title='bbox 341 2785 553 2855; x_wconf 80' lang='grc' dir='ltr'>ἡμέρας</span> <span class='ocrx_word' id='word_1_302' title='bbox 579 2786 672 2838; x_wconf 89' lang='grc' dir='ltr'><strong>τοῦ</strong></span> <span class='ocrx_word' id='word_1_303' title='bbox 704 2787 918 2855; x_wconf 86' lang='grc' dir='ltr'>Πάσχα,</span> <span class='ocrx_word' id='word_1_304' title='bbox 955 2785 1042 2838; x_wconf 77' lang='grc' dir='ltr'>ἵνα</span> <span class='ocrx_word' id='word_1_305' title='bbox 1073 2784 1215 2839; x_wconf 83' lang='grc' dir='ltr'>κατὰ</span> <span class='ocrx_word' id='word_1_306' title='bbox 1240 2785 1299 2837; x_wconf 85' lang='grc' dir='ltr'><strong>τὸ</strong></span> <span class='ocrx_word' id='word_1_307' title='bbox 1332 2784 1542 2848; x_wconf 80' lang='grc' dir='ltr'>εἰωθὸς,</span> <span class='ocrx_word' id='word_1_308' title='bbox 1574 2784 1683 2836; x_wconf 67' lang='grc' dir='ltr'>ἀπὸ</span> <span class='ocrx_word' id='word_1_309' title='bbox 1698 2782 1801 2853; x_wconf 81' lang='grc' dir='ltr'>τῆς</span> 
     </span>
    </p>
   </div>
   <div class='ocr_carea' id='block_1_47' title="bbox 214 2876 1801 2949">
    <p class='ocr_par' dir='ltr' id='par_1_47' title="bbox 214 2876 1801 2949">
     <span class='ocr_line' id='line_1_47' title="bbox 214 2876 1801 2949; baseline 0 -19"><span class='ocrx_word' id='word_1_310' title='bbox 214 2876 549 2948; x_wconf 79' lang='grc' dir='ltr'>Ἐκκλησίας</span> <span class='ocrx_word' id='word_1_311' title='bbox 587 2877 938 2949; x_wconf 79' lang='grc' dir='ltr'>Καρχηδόνος</span> <span class='ocrx_word' id='word_1_312' title='bbox 968 2879 1056 2931; x_wconf 79' lang='grc' dir='ltr'><strong>ἀεὶ</strong></span> <span class='ocrx_word' id='word_1_313' title='bbox 1098 2876 1671 2948; x_wconf 79' lang='grc' dir='ltr'>παρασκευαζώμεθα,</span> <span class='ocrx_word' id='word_1_314' title='bbox 1703 2878 1801 2930; x_wconf 81' lang='grc' dir='ltr'><strong>καὶ</strong></span> 
     </span>
    </p>
   </div>
   <div class='ocr_carea' id='block_1_48' title="bbox 205 2968 1302 3042">
    <p class='ocr_par' dir='ltr' id='par_1_48' title="bbox 205 2968 1302 3042">
     <span class='ocr_line' id='line_1_48' title="bbox 205 2968 1302 3042; baseline -0.002 -18"><span class='ocrx_word' id='word_1_315' title='bbox 205 2968 280 3042; x_wconf 81' lang='grc' dir='ltr'>μὴ</span> <span class='ocrx_word' id='word_1_316' title='bbox 311 2972 375 3022; x_wconf 85' lang='grc' dir='ltr'><strong>ἐν</strong></span> <span class='ocrx_word' id='word_1_317' title='bbox 407 2968 578 3041; x_wconf 81' lang='grc' dir='ltr'>στενῷ</span> <span class='ocrx_word' id='word_1_318' title='bbox 616 2970 708 3024; x_wconf 90' lang='grc' dir='ltr'><strong>τοῦ</strong></span> <span class='ocrx_word' id='word_1_319' title='bbox 735 2971 930 3040; x_wconf 86' lang='grc' dir='ltr'>χρόνου</span> <span class='ocrx_word' id='word_1_320' title='bbox 950 2970 1302 3040; x_wconf 82' lang='grc' dir='ltr'>διαστήματι.</span> 
     </span>
    </p>
   </div>
   <div class='ocr_carea' id='block_1_49' title="bbox 271 3079 1799 3156">
    <p class='ocr_par' dir='ltr' id='par_1_49' title="bbox 271 3079 1799 3156">
     <span class='ocr_line' id='line_1_49' title="bbox 271 3079 1799 3156; baseline -0.005 -18"><span class='ocrx_word' id='word_1_321' title='bbox 271 3085 550 3156; x_wconf 73' lang='grc' dir='ltr'>Αὐρήλιος</span> <span class='ocrx_word' id='word_1_322' title='bbox 588 3084 889 3147; x_wconf 76' lang='grc' dir='ltr'>ἐπίσκοπος</span> <span class='ocrx_word' id='word_1_323' title='bbox 934 3079 1108 3137; x_wconf 78' lang='grc' dir='ltr'>εἶπεν·</span> <span class='ocrx_word' id='word_1_324' title='bbox 1160 3084 1289 3137; x_wconf 77' lang='grc' dir='ltr'><strong>Ἐὰν</strong></span> <span class='ocrx_word' id='word_1_325' title='bbox 1343 3083 1475 3152; x_wconf 84' lang='grc' dir='ltr'>δοκῇ</span> <span class='ocrx_word' id='word_1_326' title='bbox 1510 3083 1575 3151; x_wconf 88' lang='grc' dir='ltr'><strong>τῇ</strong></span> <span class='ocrx_word' id='word_1_327' title='bbox 1630 3080 1799 3147; x_wconf 86' lang='grc' dir='ltr'>ἁγιω-</span> 
     </span>
    </p>
   </div>
   <div class='ocr_carea' id='block_1_50' title="bbox 2084 2203 3315 2274">
    <p class='ocr_par' dir='ltr' id='par_1_50' title="bbox 2084 2203 3315 2274">
     <span class='ocr_line' id='line_1_50' title="bbox 2084 2203 3315 2274; baseline -0.001 -14"><span class='ocrx_word' id='word_1_328' title='bbox 2084 2204 2310 2260; x_wconf 84' lang='lat' dir='ltr'><strong>Concilii</strong></span> <span class='ocrx_word' id='word_1_329' title='bbox 2354 2204 2794 2274; x_wconf 83' lang='lat' dir='ltr'><strong>Carthaginensis</strong></span> <span class='ocrx_word' id='word_1_330' title='bbox 2835 2220 3061 2259; x_wconf 83' lang='lat' dir='ltr'><strong>canones</strong></span> <span class='ocrx_word' id='word_1_331' title='bbox 3097 2204 3189 2259; x_wconf 83' lang='lat'><strong>5|.</strong></span> <span class='ocrx_word' id='word_1_332' title='bbox 3224 2203 3315 2259; x_wconf 82' lang='lat'><strong>75.</strong></span> 
     </span>
    </p>
   </div>
   <div class='ocr_carea' id='block_1_51' title="bbox 1978 2295 3497 2368">
    <p class='ocr_par' dir='ltr' id='par_1_51' title="bbox 1978 2295 3497 2368">
     <span class='ocr_line' id='line_1_51' title="bbox 1978 2295 3497 2368; baseline -0.003 -16"><span class='ocrx_word' id='word_1_333' title='bbox 1978 2296 2045 2352; x_wconf 87' lang='lat' dir='ltr'><strong>Ut</strong></span> <span class='ocrx_word' id='word_1_334' title='bbox 2100 2296 2165 2353; x_wconf 85' lang='lat' dir='ltr'><strong>de</strong></span> <span class='ocrx_word' id='word_1_335' title='bbox 2219 2297 2441 2352; x_wconf 78' lang='lat' dir='ltr'><strong>ecclesia</strong></span> <span class='ocrx_word' id='word_1_336' title='bbox 2492 2297 2841 2368; x_wconf 81' lang='lat' dir='ltr'><strong>Carthaginis</strong></span> <span class='ocrx_word' id='word_1_337' title='bbox 2901 2298 3011 2350; x_wconf 85' lang='lat' dir='ltr'><strong>dies</strong></span> <span class='ocrx_word' id='word_1_338' title='bbox 3073 2295 3299 2350; x_wconf 77' lang='lat' dir='ltr'><strong>Pasclue</strong></span> <span class='ocrx_word' id='word_1_339' title='bbox 3360 2311 3497 2349; x_wconf 85' lang='lat' dir='ltr'><strong>mm-</strong></span> 
     </span>
    </p>
   </div>
   <div class='ocr_carea' id='block_1_52' title="bbox 1905 2398 2089 2443">
    <p class='ocr_par' dir='ltr' id='par_1_52' title="bbox 1905 2398 2089 2443">
     <span class='ocr_line' id='line_1_52' title="bbox 1905 2398 2089 2443; baseline -0.005 0"><span class='ocrx_word' id='word_1_340' title='bbox 1905 2398 2089 2443; x_wconf 74' lang='lat' dir='ltr'><strong>ttctur.</strong></span> 
     </span>
    </p>
   </div>
   <div class='ocr_carea' id='block_1_53' title="bbox 1970 2500 3488 2574">
    <p class='ocr_par' dir='ltr' id='par_1_53' title="bbox 1970 2500 3488 2574">
     <span class='ocr_line' id='line_1_53' title="bbox 1970 2500 3488 2574; baseline -0.002 -15"><span class='ocrx_word' id='word_1_341' title='bbox 1970 2505 2059 2559; x_wconf 85' lang='lat'><strong>5|.</strong></span> <span class='ocrx_word' id='word_1_342' title='bbox 2098 2505 2412 2559; x_wconf 84' lang='lat' dir='ltr'><strong>Honoratus</strong></span> <span class='ocrx_word' id='word_1_343' title='bbox 2444 2502 2490 2535; x_wconf 81' lang='lat'><strong>”</strong></span> <span class='ocrx_word' id='word_1_344' title='bbox 2514 2501 2712 2574; x_wconf 54' lang='lat' dir='ltr'><strong>(47)}ct</strong></span> <span class='ocrx_word' id='word_1_345' title='bbox 2741 2501 2996 2557; x_wconf 86' lang='lat' dir='ltr'><strong>Urbanus</strong></span> <span class='ocrx_word' id='word_1_346' title='bbox 3031 2500 3270 2571; x_wconf 85' lang='lat' dir='ltr'><strong>episcopi</strong></span> <span class='ocrx_word' id='word_1_347' title='bbox 3330 2500 3488 2557; x_wconf 85' lang='lat' dir='ltr'><strong>dixe-</strong></span> 
     </span>
    </p>
   </div>
   <div class='ocr_carea' id='block_1_54' title="bbox 1902 2594 3492 2661">
    <p class='ocr_par' dir='ltr' id='par_1_54' title="bbox 1902 2594 3492 2661">
     <span class='ocr_line' id='line_1_54' title="bbox 1902 2594 3492 2661; baseline -0.002 -11"><span class='ocrx_word' id='word_1_348' title='bbox 1902 2604 2031 2650; x_wconf 90' lang='lat' dir='ltr'><strong>runt</strong></span> <span class='ocrx_word' id='word_1_349' title='bbox 2080 2612 2093 2648; x_wconf 90' lang='lat'><strong>:</strong></span> <span class='ocrx_word' id='word_1_350' title='bbox 2141 2594 2414 2661; x_wconf 85' lang='lat' dir='ltr'><strong>Quoniam</strong></span> <span class='ocrx_word' id='word_1_351' title='bbox 2462 2595 2530 2649; x_wconf 91' lang='lat' dir='ltr'><strong>de</strong></span> <span class='ocrx_word' id='word_1_352' title='bbox 2581 2594 3005 2649; x_wconf 91' lang='lat' dir='ltr'><strong>commonitorio</strong></span> <span class='ocrx_word' id='word_1_353' title='bbox 3059 2603 3253 2647; x_wconf 88' lang='lat' dir='ltr'><strong>nostro</strong></span> <span class='ocrx_word' id='word_1_354' title='bbox 3304 2594 3492 2647; x_wconf 82' lang='lat' dir='ltr'><strong>omnia</strong></span> 
     </span>
    </p>
   </div>
   <div class='ocr_carea' id='block_1_55' title="bbox 1904 2686 3495 2752">
    <p class='ocr_par' dir='ltr' id='par_1_55' title="bbox 1904 2686 3495 2752">
     <span class='ocr_line' id='line_1_55' title="bbox 1904 2686 3495 2752; baseline 0.001 -13"><span class='ocrx_word' id='word_1_355' title='bbox 1904 2695 2135 2741; x_wconf 86' lang='lat' dir='ltr'><strong>tractata</strong></span> <span class='ocrx_word' id='word_1_356' title='bbox 2174 2697 2506 2752; x_wconf 89' lang='lat' dir='ltr'><strong>noscuntur,</strong></span> <span class='ocrx_word' id='word_1_357' title='bbox 2539 2687 2797 2742; x_wconf 87' lang='lat' dir='ltr'><strong>addimus</strong></span> <span class='ocrx_word' id='word_1_358' title='bbox 2827 2688 2993 2741; x_wconf 87' lang='lat' dir='ltr'><strong>etiam</strong></span> <span class='ocrx_word' id='word_1_359' title='bbox 3025 2686 3094 2740; x_wconf 89' lang='lat' dir='ltr'><strong>de</strong></span> <span class='ocrx_word' id='word_1_360' title='bbox 3138 2686 3226 2740; x_wconf 88' lang='lat' dir='ltr'><strong>die</strong></span> <span class='ocrx_word' id='word_1_361' title='bbox 3270 2688 3495 2742; x_wconf 61' lang='lat' dir='ltr'><strong>Pascha:</strong></span> 
     </span>
    </p>
   </div>
   <div class='ocr_carea' id='block_1_56' title="bbox 1900 2777 3492 2847">
    <p class='ocr_par' dir='ltr' id='par_1_56' title="bbox 1900 2777 3492 2847">
     <span class='ocr_line' id='line_1_56' title="bbox 1900 2777 3492 2847; baseline 0 -16"><span class='ocrx_word' id='word_1_362' title='bbox 1900 2779 2061 2833; x_wconf 90' lang='lat' dir='ltr'><strong>nobis</strong></span> <span class='ocrx_word' id='word_1_363' title='bbox 2095 2793 2219 2833; x_wconf 90' lang='lat' dir='ltr'><strong>esse</strong></span> <span class='ocrx_word' id='word_1_364' title='bbox 2249 2779 2590 2844; x_wconf 86' lang='lat' dir='ltr'><strong>mandatum,</strong></span> <span class='ocrx_word' id='word_1_365' title='bbox 2629 2787 2686 2831; x_wconf 87' lang='lat' dir='ltr'><strong>ut</strong></span> <span class='ocrx_word' id='word_1_366' title='bbox 2714 2779 2780 2833; x_wconf 91' lang='lat' dir='ltr'><strong>de</strong></span> <span class='ocrx_word' id='word_1_367' title='bbox 2815 2777 3061 2833; x_wconf 84' lang='lat' dir='ltr'><strong>Ecclesia</strong></span> <span class='ocrx_word' id='word_1_368' title='bbox 3102 2792 3322 2847; x_wconf 90' lang='lat' dir='ltr'><strong>semper</strong></span> <span class='ocrx_word' id='word_1_369' title='bbox 3350 2777 3492 2831; x_wconf 85' lang='lat' dir='ltr'><strong>Car-</strong></span> 
     </span>
    </p>
   </div>
   <div class='ocr_carea' id='block_1_57' title="bbox 1901 2870 3495 2940">
    <p class='ocr_par' dir='ltr' id='par_1_57' title="bbox 1901 2870 3495 2940">
     <span class='ocr_line' id='line_1_57' title="bbox 1901 2870 3495 2940; baseline 0.001 -16"><span class='ocrx_word' id='word_1_370' title='bbox 1901 2870 2234 2940; x_wconf 73' lang='lat' dir='ltr'><strong>thaginiensi,</strong></span> <span class='ocrx_word' id='word_1_371' title='bbox 2270 2871 2433 2925; x_wconf 82' lang='lat' dir='ltr'><strong>siculi</strong></span> <span class='ocrx_word' id='word_1_372' title='bbox 2469 2871 2695 2936; x_wconf 83' lang='lat' dir='ltr'><strong>assolet,</strong></span> <span class='ocrx_word' id='word_1_373' title='bbox 2733 2870 3104 2934; x_wconf 86' lang='lat' dir='ltr'><strong>instruamur,</strong></span> <span class='ocrx_word' id='word_1_374' title='bbox 3147 2876 3203 2923; x_wconf 92' lang='lat' dir='ltr'><strong>et</strong></span> <span class='ocrx_word' id='word_1_375' title='bbox 3234 2886 3346 2923; x_wconf 91' lang='lat' dir='ltr'><strong>non</strong></span> <span class='ocrx_word' id='word_1_376' title='bbox 3390 2870 3495 2925; x_wconf 89' lang='lat' dir='ltr'><strong>sub</strong></span> 
     </span>
    </p>
   </div>
   <div class='ocr_carea' id='block_1_58' title="bbox 1900 2960 2665 3030">
    <p class='ocr_par' dir='ltr' id='par_1_58' title="bbox 1900 2960 2665 3030">
     <span class='ocr_line' id='line_1_58' title="bbox 1900 2960 2665 3030; baseline 0 -17"><span class='ocrx_word' id='word_1_377' title='bbox 1900 2970 2135 3028; x_wconf 79' lang='lat' dir='ltr'><strong>angusto</strong></span> <span class='ocrx_word' id='word_1_378' title='bbox 2165 2961 2431 3030; x_wconf 85' lang='lat' dir='ltr'><strong>temporis</strong></span> <span class='ocrx_word' id='word_1_379' title='bbox 2464 2960 2665 3029; x_wconf 86' lang='lat' dir='ltr'><strong>spatio.</strong></span> 
     </span>
    </p>
   </div>
   <div class='ocr_carea' id='block_1_59' title="bbox 1976 3072 3497 3145">
    <p class='ocr_par' dir='ltr' id='par_1_59' title="bbox 1976 3072 3497 3145">
     <span class='ocr_line' id='line_1_59' title="bbox 1976 3072 3497 3145; baseline 0.002 -17"><span class='ocrx_word' id='word_1_380' title='bbox 1976 3073 2137 3143; x_wconf 79' lang='lat'><strong>179</strong></span> <span class='ocrx_word' id='word_1_381' title='bbox 2180 3072 2441 3128; x_wconf 84' lang='lat' dir='ltr'><strong>Aurelius</strong></span> <span class='ocrx_word' id='word_1_382' title='bbox 2503 3076 2795 3145; x_wconf 82' lang='lat' dir='ltr'><strong>episcopus</strong></span> <span class='ocrx_word' id='word_1_383' title='bbox 2849 3075 2989 3130; x_wconf 85' lang='lat' dir='ltr'><strong>dixit</strong></span> <span class='ocrx_word' id='word_1_384' title='bbox 3046 3093 3060 3131; x_wconf 89' lang='lat'><strong>:</strong></span> <span class='ocrx_word' id='word_1_385' title='bbox 3104 3076 3161 3131; x_wconf 89' lang='lat' dir='ltr'><strong>Si</strong></span> <span class='ocrx_word' id='word_1_386' title='bbox 3216 3076 3497 3131; x_wconf 88' lang='lat' dir='ltr'><strong>sanctitati</strong></span> 
     </span>
    </p>
   </div>
   <div class='ocr_carea' id='block_1_60' title="bbox 205 3166 1797 3250">
    <p class='ocr_par' dir='ltr' id='par_1_60' title="bbox 205 3173 1797 3250">
     <span class='ocr_line' id='line_1_60' title="bbox 205 3173 1797 3250; baseline -0.004 -19"><span class='ocrx_word' id='word_1_387' title='bbox 205 3177 346 3250; x_wconf 85' lang='grc' dir='ltr'>σύνῃ</span> <span class='ocrx_word' id='word_1_388' title='bbox 382 3175 556 3247; x_wconf 81' lang='grc' dir='ltr'>ὑμῶν,</span> <span class='ocrx_word' id='word_1_389' title='bbox 592 3176 781 3245; x_wconf 76' lang='grc' dir='ltr'>ἐπειδὴ</span> <span class='ocrx_word' id='word_1_390' title='bbox 816 3175 1144 3247; x_wconf 86' lang='grc' dir='ltr'>μεμνήμεθα</span> <span class='ocrx_word' id='word_1_391' title='bbox 1167 3175 1268 3245; x_wconf 75' lang='grc' dir='ltr'>ήδη</span> <span class='ocrx_word' id='word_1_392' title='bbox 1311 3176 1375 3227; x_wconf 84' lang='grc' dir='ltr'><strong>ἐκ</strong></span> <span class='ocrx_word' id='word_1_393' title='bbox 1406 3173 1606 3227; x_wconf 86' lang='grc' dir='ltr'>πολλοῦ</span> <span class='ocrx_word' id='word_1_394' title='bbox 1651 3173 1797 3243; x_wconf 79' lang='grc' dir='ltr'>ἡμᾶς</span> 
     </span>
    </p>
   </div>
   <div class='ocr_carea' id='block_1_61' title="bbox 1900 3166 3497 3250">
    <p class='ocr_par' dir='ltr' id='par_1_61' title="bbox 1901 3166 3497 3239">
     <span class='ocr_line' id='line_1_61' title="bbox 1901 3166 3497 3239; baseline 0.001 -20"><span class='ocrx_word' id='word_1_395' title='bbox 1901 3177 2101 3221; x_wconf 70' lang='lat' dir='ltr'><strong>vestrae</strong></span> <span class='ocrx_word' id='word_1_396' title='bbox 2140 3166 2376 3231; x_wconf 90' lang='lat' dir='ltr'><strong>videtur,</strong></span> <span class='ocrx_word' id='word_1_397' title='bbox 2419 3169 2680 3236; x_wconf 88' lang='lat' dir='ltr'><strong>quoniam</strong></span> <span class='ocrx_word' id='word_1_398' title='bbox 2730 3182 2831 3223; x_wconf 90' lang='lat' dir='ltr'><strong>nos</strong></span> <span class='ocrx_word' id='word_1_399' title='bbox 2871 3169 3234 3239; x_wconf 79' lang='lat' dir='ltr'><strong>Spopondisse</strong></span> <span class='ocrx_word' id='word_1_400' title='bbox 3273 3168 3497 3238; x_wconf 83' lang='lat' dir='ltr'><strong>jamdu-</strong></span> 
     </span>
    </p>
   </div>
   <div class='ocr_carea' id='block_1_62' title="bbox 202 3264 1799 3337">
    <p class='ocr_par' dir='ltr' id='par_1_62' title="bbox 202 3264 1799 3337">
     <span class='ocr_line' id='line_1_62' title="bbox 202 3264 1799 3337; baseline -0.003 -17"><span class='ocrx_word' id='word_1_401' title='bbox 202 3268 728 3337; x_wconf 80' lang='grc' dir='ltr'>ἐπαγγειλαμένους,</span> <span class='ocrx_word' id='word_1_402' title='bbox 765 3267 906 3321; x_wconf 85' lang='grc' dir='ltr'>ὥστε</span> <span class='ocrx_word' id='word_1_403' title='bbox 935 3270 993 3320; x_wconf 83' lang='grc' dir='ltr'><strong>ὲν</strong></span> <span class='ocrx_word' id='word_1_404' title='bbox 1016 3266 1263 3331; x_wconf 78' lang='grc' dir='ltr'>ἑκάστοις</span> <span class='ocrx_word' id='word_1_405' title='bbox 1299 3267 1568 3327; x_wconf 76' lang='grc' dir='ltr'>ἐνιαυτοῖς</span> <span class='ocrx_word' id='word_1_406' title='bbox 1603 3264 1799 3335; x_wconf 84' lang='grc' dir='ltr'>συνέρ-</span> 
     </span>
    </p>
   </div>
   <div class='ocr_carea' id='block_1_63' title="bbox 202 3358 1796 3432">
    <p class='ocr_par' dir='ltr' id='par_1_63' title="bbox 202 3358 1796 3432">
     <span class='ocr_line' id='line_1_63' title="bbox 202 3358 1796 3432; baseline -0.003 -18"><span class='ocrx_word' id='word_1_407' title='bbox 202 3360 403 3432; x_wconf 78' lang='grc' dir='ltr'>χεσθαι</span> <span class='ocrx_word' id='word_1_408' title='bbox 452 3361 586 3431; x_wconf 86' lang='grc' dir='ltr'>πρὸς</span> <span class='ocrx_word' id='word_1_409' title='bbox 622 3361 684 3413; x_wconf 87' lang='grc' dir='ltr'><strong>τὸ</strong></span> <span class='ocrx_word' id='word_1_410' title='bbox 729 3361 1002 3432; x_wconf 78' lang='grc' dir='ltr'>συζητεῖν,</span> <span class='ocrx_word' id='word_1_411' title='bbox 1034 3361 1165 3413; x_wconf 84' lang='grc' dir='ltr'>ὅταν</span> <span class='ocrx_word' id='word_1_412' title='bbox 1213 3362 1293 3423; x_wconf 84' lang='grc' dir='ltr'>εἰς</span> <span class='ocrx_word' id='word_1_413' title='bbox 1338 3359 1396 3412; x_wconf 84' lang='grc' dir='ltr'><strong>ἒν</strong></span> <span class='ocrx_word' id='word_1_414' title='bbox 1428 3358 1796 3428; x_wconf 84' lang='grc' dir='ltr'>συνέλθωμεν,</span> 
     </span>
    </p>
   </div>
   <div class='ocr_carea' id='block_1_64' title="bbox 201 3451 1797 3523">
    <p class='ocr_par' dir='ltr' id='par_1_64' title="bbox 201 3451 1797 3523">
     <span class='ocr_line' id='line_1_64' title="bbox 201 3451 1797 3523; baseline -0.001 -19"><span class='ocrx_word' id='word_1_415' title='bbox 201 3454 331 3506; x_wconf 87' lang='grc' dir='ltr'>τότε</span> <span class='ocrx_word' id='word_1_416' title='bbox 409 3452 784 3522; x_wconf 85' lang='grc' dir='ltr'>διαδοθήσεται</span> <span class='ocrx_word' id='word_1_417' title='bbox 850 3452 945 3506; x_wconf 87' lang='grc' dir='ltr'><strong>τοῦ</strong></span> <span class='ocrx_word' id='word_1_418' title='bbox 1021 3454 1178 3521; x_wconf 80' lang='grc' dir='ltr'>ἁγίου</span> <span class='ocrx_word' id='word_1_419' title='bbox 1236 3453 1427 3522; x_wconf 74' lang='grc' dir='ltr'>Πάσχα</span> <span class='ocrx_word' id='word_1_420' title='bbox 1484 3453 1518 3523; x_wconf 84' lang='grc' dir='ltr'>ἡ</span> <span class='ocrx_word' id='word_1_421' title='bbox 1575 3451 1797 3521; x_wconf 79' lang='grc' dir='ltr'>ἡμέρα,</span> 
     </span>
    </p>
   </div>
   <div class='ocr_carea' id='block_1_65' title="bbox 204 3543 1799 3617">
    <p class='ocr_par' dir='ltr' id='par_1_65' title="bbox 204 3543 1799 3617">
     <span class='ocr_line' id='line_1_65' title="bbox 204 3543 1799 3617; baseline -0.001 -20"><span class='ocrx_word' id='word_1_422' title='bbox 204 3545 295 3598; x_wconf 82' lang='grc' dir='ltr'>διὰ</span> <span class='ocrx_word' id='word_1_423' title='bbox 366 3543 475 3597; x_wconf 87' lang='grc' dir='ltr'><strong>τῶν</strong></span> <span class='ocrx_word' id='word_1_424' title='bbox 548 3543 1002 3615; x_wconf 83' lang='grc' dir='ltr'>εὑρεθησομένων</span> <span class='ocrx_word' id='word_1_425' title='bbox 1063 3547 1122 3598; x_wconf 86' lang='grc' dir='ltr'><strong>ἐν</strong></span> <span class='ocrx_word' id='word_1_426' title='bbox 1177 3546 1245 3617; x_wconf 87' lang='grc' dir='ltr'><strong>τῇ</strong></span> <span class='ocrx_word' id='word_1_427' title='bbox 1308 3544 1514 3615; x_wconf 83' lang='grc' dir='ltr'>συνόδῳ</span> <span class='ocrx_word' id='word_1_428' title='bbox 1568 3559 1799 3613; x_wconf 84' lang='grc' dir='ltr'>τοποτη-</span> 
     </span>
    </p>
   </div>
   <div class='ocr_carea' id='block_1_66' title="bbox 211 3635 420 3708">
    <p class='ocr_par' dir='ltr' id='par_1_66' title="bbox 211 3635 420 3708">
     <span class='ocr_line' id='line_1_66' title="bbox 211 3635 420 3708; baseline -0.01 -19"><span class='ocrx_word' id='word_1_429' title='bbox 211 3635 420 3708; x_wconf 88' lang='grc' dir='ltr'>ρητῶν.</span> 
     </span>
    </p>
   </div>
   <div class='ocr_carea' id='block_1_67' title="bbox 290 3722 1801 3798">
    <p class='ocr_par' dir='ltr' id='par_1_67' title="bbox 290 3722 1801 3798">
     <span class='ocr_line' id='line_1_67' title="bbox 290 3722 1801 3798; baseline -0.001 -18"><span class='ocrx_word' id='word_1_430' title='bbox 290 3728 601 3798; x_wconf 79' lang='grc' dir='ltr'>Ὁνωράτος</span> <span class='ocrx_word' id='word_1_431' title='bbox 626 3729 722 3781; x_wconf 66' lang='grc' dir='ltr'><strong>κα)⁹</strong></span> <span class='ocrx_word' id='word_1_432' title='bbox 750 3728 1028 3798; x_wconf 77' lang='grc' dir='ltr'>Οὐρϐανὸς</span> <span class='ocrx_word' id='word_1_433' title='bbox 1057 3729 1105 3780; x_wconf 81' lang='lat' dir='ltr'><strong>oi.</strong></span> <span class='ocrx_word' id='word_1_434' title='bbox 1139 3728 1429 3781; x_wconf 83' lang='grc' dir='ltr'>ἐπίσκοποι</span> <span class='ocrx_word' id='word_1_435' title='bbox 1470 3722 1646 3779; x_wconf 82' lang='grc' dir='ltr'>εἷπον⁶</span> <span class='ocrx_word' id='word_1_436' title='bbox 1683 3724 1801 3778; x_wconf 85' lang='grc' dir='ltr'><strong>Νῦν</strong></span> 
     </span>
    </p>
   </div>
   <div class='ocr_carea' id='block_1_68' title="bbox 204 3815 1791 3890">
    <p class='ocr_par' dir='ltr' id='par_1_68' title="bbox 204 3815 1791 3890">
     <span class='ocr_line' id='line_1_68' title="bbox 204 3815 1791 3890; baseline -0.001 -20"><span class='ocrx_word' id='word_1_437' title='bbox 204 3817 293 3872; x_wconf 81' lang='grc' dir='ltr'>διὰ</span> <span class='ocrx_word' id='word_1_438' title='bbox 365 3818 465 3888; x_wconf 85' lang='grc' dir='ltr'>τῆς</span> <span class='ocrx_word' id='word_1_439' title='bbox 542 3821 829 3890; x_wconf 85' lang='grc' dir='ltr'>παρούσης</span> <span class='ocrx_word' id='word_1_440' title='bbox 888 3817 1254 3882; x_wconf 89' lang='grc' dir='ltr'>συνελεύσεως</span> <span class='ocrx_word' id='word_1_441' title='bbox 1320 3816 1616 3888; x_wconf 77' lang='grc' dir='ltr'>αἰτοῦμεν,</span> <span class='ocrx_word' id='word_1_442' title='bbox 1701 3815 1791 3868; x_wconf 85' lang='grc' dir='ltr'><strong>ἴνα</strong></span> 
     </span>
    </p>
   </div>
   <div class='ocr_carea' id='block_1_69' title="bbox 205 3910 1801 3983">
    <p class='ocr_par' dir='ltr' id='par_1_69' title="bbox 205 3910 1801 3983">
     <span class='ocr_line' id='line_1_69' title="bbox 205 3910 1801 3983; baseline -0.002 -19"><span class='ocrx_word' id='word_1_443' title='bbox 205 3911 505 3983; x_wconf 81' lang='grc' dir='ltr'>γράμμασι</span> <span class='ocrx_word' id='word_1_444' title='bbox 553 3912 801 3965; x_wconf 90' lang='grc' dir='ltr'>τυπῶσαι</span> <span class='ocrx_word' id='word_1_445' title='bbox 848 3910 949 3975; x_wconf 85' lang='grc' dir='ltr'>τὰς</span> <span class='ocrx_word' id='word_1_446' title='bbox 986 3912 1261 3981; x_wconf 80' lang='grc' dir='ltr'>ἡμετέρας</span> <span class='ocrx_word' id='word_1_447' title='bbox 1307 3910 1578 3981; x_wconf 73' lang='grc' dir='ltr'>ἐπαρχίας</span> <span class='ocrx_word' id='word_1_448' title='bbox 1629 3925 1801 3962; x_wconf 79' lang='grc' dir='ltr'>κατα·</span> 
     </span>
    </p>
   </div>
   <div class='ocr_carea' id='block_1_70' title="bbox 208 4004 472 4072">
    <p class='ocr_par' dir='ltr' id='par_1_70' title="bbox 208 4004 472 4072">
     <span class='ocr_line' id='line_1_70' title="bbox 208 4004 472 4072; baseline -0.004 -14"><span class='ocrx_word' id='word_1_449' title='bbox 208 4004 472 4072; x_wconf 84' lang='grc' dir='ltr'>ξιώσητε.</span> 
     </span>
    </p>
   </div>
   <div class='ocr_carea' id='block_1_71' title="bbox 276 4094 923 4167">
    <p class='ocr_par' dir='ltr' id='par_1_71' title="bbox 276 4094 923 4167">
     <span class='ocr_line' id='line_1_71' title="bbox 276 4094 923 4167; baseline 0 -18"><span class='ocrx_word' id='word_1_450' title='bbox 276 4095 557 4167; x_wconf 80' lang='grc' dir='ltr'>Αὐρήλιος</span> <span class='ocrx_word' id='word_1_451' title='bbox 624 4094 923 4158; x_wconf 78' lang='grc' dir='ltr'>ἐπίσκοπος</span> 
     </span>
    </p>
   </div>
   <div class='ocr_carea' id='block_1_72' title="bbox 209 4188 695 4259">
    <p class='ocr_par' dir='ltr' id='par_1_72' title="bbox 209 4188 695 4259">
     <span class='ocr_line' id='line_1_72' title="bbox 209 4188 695 4259; baseline -0.002 -15"><span class='ocrx_word' id='word_1_452' title='bbox 209 4188 388 4253; x_wconf 75' lang='grc' dir='ltr'>οὕτως</span> <span class='ocrx_word' id='word_1_453' title='bbox 418 4188 695 4259; x_wconf 86' lang='grc' dir='ltr'>γενέσθαι.</span> 
     </span>
    </p>
   </div>
   <div class='ocr_carea' id='block_1_73' title="bbox 1006 4090 1811 4164">
    <p class='ocr_par' dir='ltr' id='par_1_73' title="bbox 1006 4090 1811 4164">
     <span class='ocr_line' id='line_1_73' title="bbox 1006 4090 1811 4164; baseline -0.002 -17"><span class='ocrx_word' id='word_1_454' title='bbox 1006 4090 1180 4148; x_wconf 69' lang='grc' dir='ltr'>εἶπε-δ’</span> <span class='ocrx_word' id='word_1_455' title='bbox 1255 4094 1581 4164; x_wconf 83' lang='grc' dir='ltr'>Ἀναγκαῖόν</span> <span class='ocrx_word' id='word_1_456' title='bbox 1649 4095 1811 4153; x_wconf 78' lang='grc' dir='ltr'>ἐστιν</span> 
     </span>
    </p>
   </div>
   <div class='ocr_carea' id='block_1_74' title="bbox 276 4298 1801 4376">
    <p class='ocr_par' dir='ltr' id='par_1_74' title="bbox 276 4298 1801 4376">
     <span class='ocr_line' id='line_1_74' title="bbox 276 4298 1801 4376; baseline -0.007 -15"><span class='ocrx_word' id='word_1_457' title='bbox 276 4306 426 4375; x_wconf 78' lang='grc' dir='ltr'>Περὶ</span> <span class='ocrx_word' id='word_1_458' title='bbox 458 4306 565 4361; x_wconf 83' lang='grc' dir='ltr'><strong>τοῦ</strong></span> <span class='ocrx_word' id='word_1_459' title='bbox 593 4306 710 4376; x_wconf 78' lang='grc' dir='ltr'><strong>τὴν</strong></span> <span class='ocrx_word' id='word_1_460' title='bbox 729 4306 1076 4375; x_wconf 80' lang='grc' dir='ltr'>ήμέραντοῦ</span> <span class='ocrx_word' id='word_1_461' title='bbox 1105 4306 1342 4375; x_wconf 83' lang='grc' dir='ltr'>Πάσχα,</span> <span class='ocrx_word' id='word_1_462' title='bbox 1387 4303 1456 4357; x_wconf 79' lang='grc' dir='ltr'>ἐν</span> <span class='ocrx_word' id='word_1_463' title='bbox 1492 4300 1569 4371; x_wconf 74' lang='grc' dir='ltr'><strong>τῇ</strong></span> <span class='ocrx_word' id='word_1_464' title='bbox 1609 4298 1801 4370; x_wconf 78' lang='grc' dir='ltr'>ἡμέρᾳ</span> 
     </span>
    </p>
   </div>
   <div class='ocr_carea' id='block_1_75' title="bbox 209 4398 1102 4471">
    <p class='ocr_par' dir='ltr' id='par_1_75' title="bbox 209 4398 1102 4471">
     <span class='ocr_line' id='line_1_75' title="bbox 209 4398 1102 4471; baseline 0 -18"><span class='ocrx_word' id='word_1_465' title='bbox 209 4398 321 4471; x_wconf 78' lang='grc' dir='ltr'>τῆς</span> <span class='ocrx_word' id='word_1_466' title='bbox 367 4399 636 4456; x_wconf 84' lang='grc' dir='ltr'>συνόδου</span> <span class='ocrx_word' id='word_1_467' title='bbox 678 4400 1102 4470; x_wconf 73' lang='grc' dir='ltr'>ἀγγέλλεσθαι.</span> 
     </span>
    </p>
   </div>
   <div class='ocr_carea' id='block_1_76' title="bbox 1909 3262 3495 3335">
    <p class='ocr_par' dir='ltr' id='par_1_76' title="bbox 1909 3262 3495 3335">
     <span class='ocr_line' id='line_1_76' title="bbox 1909 3262 3495 3335; baseline 0.001 -18"><span class='ocrx_word' id='word_1_468' title='bbox 1909 3262 2041 3317; x_wconf 93' lang='lat' dir='ltr'><strong>dum</strong></span> <span class='ocrx_word' id='word_1_469' title='bbox 2075 3265 2449 3326; x_wconf 88' lang='lat' dir='ltr'><strong>meminimus,</strong></span> <span class='ocrx_word' id='word_1_470' title='bbox 2497 3274 2558 3316; x_wconf 86' lang='lat' dir='ltr'><strong>ut</strong></span> <span class='ocrx_word' id='word_1_471' title='bbox 2604 3264 2834 3334; x_wconf 81' lang='lat' dir='ltr'><strong>singulis</strong></span> <span class='ocrx_word' id='word_1_472' title='bbox 2870 3265 3183 3335; x_wconf 85' lang='lat' dir='ltr'><strong>quibusque</strong></span> <span class='ocrx_word' id='word_1_473' title='bbox 3230 3266 3392 3320; x_wconf 88' lang='lat' dir='ltr'><strong>annis</strong></span> <span class='ocrx_word' id='word_1_474' title='bbox 3428 3265 3495 3319; x_wconf 91' lang='lat' dir='ltr'><strong>ad</strong></span> 
     </span>
    </p>
   </div>
   <div class='ocr_carea' id='block_1_77' title="bbox 1908 3354 3499 3421">
    <p class='ocr_par' dir='ltr' id='par_1_77' title="bbox 1908 3354 3499 3421">
     <span class='ocr_line' id='line_1_77' title="bbox 1908 3354 3499 3421; baseline 0.003 -14"><span class='ocrx_word' id='word_1_475' title='bbox 1908 3354 2261 3408; x_wconf 87' lang='lat' dir='ltr'><strong>tractandum</strong></span> <span class='ocrx_word' id='word_1_476' title='bbox 2296 3355 2716 3421; x_wconf 86' lang='lat' dir='ltr'><strong>conveniamus,</strong></span> <span class='ocrx_word' id='word_1_477' title='bbox 2748 3366 2802 3410; x_wconf 91' lang='lat' dir='ltr'><strong>et</strong></span> <span class='ocrx_word' id='word_1_478' title='bbox 2829 3372 2954 3412; x_wconf 89' lang='lat' dir='ltr'><strong>cum</strong></span> <span class='ocrx_word' id='word_1_479' title='bbox 2987 3359 3409 3412; x_wconf 80' lang='lat' dir='ltr'><strong>convenerimus</strong></span> <span class='ocrx_word' id='word_1_480' title='bbox 3441 3358 3499 3412; x_wconf 88' lang='lat' dir='ltr'><strong>in</strong></span> 
     </span>
    </p>
   </div>
   <div class='ocr_carea' id='block_1_78' title="bbox 1910 3445 3499 3520">
    <p class='ocr_par' dir='ltr' id='par_1_78' title="bbox 1910 3445 3499 3520">
     <span class='ocr_line' id='line_1_78' title="bbox 1910 3445 3499 3520; baseline 0.004 -24"><span class='ocrx_word' id='word_1_481' title='bbox 1910 3458 2102 3510; x_wconf 91' lang='lat' dir='ltr'><strong>unum,</strong></span> <span class='ocrx_word' id='word_1_482' title='bbox 2151 3451 2267 3498; x_wconf 88' lang='lat' dir='ltr'><strong>tum</strong></span> <span class='ocrx_word' id='word_1_483' title='bbox 2319 3445 2666 3512; x_wconf 75' lang='lat' dir='ltr'><strong>evulgahitur</strong></span> <span class='ocrx_word' id='word_1_484' title='bbox 2702 3456 2929 3503; x_wconf 90' lang='lat' dir='ltr'><strong>sanctus</strong></span> <span class='ocrx_word' id='word_1_485' title='bbox 2964 3449 3191 3505; x_wconf 53' lang='lat' dir='ltr'><strong>Pascha‘.</strong></span> <span class='ocrx_word' id='word_1_486' title='bbox 3238 3449 3355 3506; x_wconf 91' lang='lat' dir='ltr'><strong>dies</strong></span> <span class='ocrx_word' id='word_1_487' title='bbox 3402 3464 3499 3520; x_wconf 84' lang='lat' dir='ltr'><strong>per</strong></span> 
     </span>
    </p>
   </div>
   <div class='ocr_carea' id='block_1_79' title="bbox 1907 3535 2822 3608">
    <p class='ocr_par' dir='ltr' id='par_1_79' title="bbox 1907 3535 2822 3608">
     <span class='ocr_line' id='line_1_79' title="bbox 1907 3535 2822 3608; baseline 0.005 -17"><span class='ocrx_word' id='word_1_488' title='bbox 1907 3535 2114 3608; x_wconf 78' lang='lat' dir='ltr'><strong>legatos</strong></span> <span class='ocrx_word' id='word_1_489' title='bbox 2131 3536 2226 3607; x_wconf 89' lang='lat' dir='ltr'><strong>qui</strong></span> <span class='ocrx_word' id='word_1_490' title='bbox 2256 3535 2533 3594; x_wconf 86' lang='lat' dir='ltr'><strong>adfuerint</strong></span> <span class='ocrx_word' id='word_1_491' title='bbox 2565 3539 2822 3596; x_wconf 90' lang='lat' dir='ltr'><strong>concilio.</strong></span> 
     </span>
    </p>
   </div>
   <div class='ocr_carea' id='block_1_80' title="bbox 1978 3717 3500 3791">
    <p class='ocr_par' dir='ltr' id='par_1_80' title="bbox 1978 3717 3500 3791">
     <span class='ocr_line' id='line_1_80' title="bbox 1978 3717 3500 3791; baseline 0.005 -21"><span class='ocrx_word' id='word_1_492' title='bbox 1978 3717 2291 3772; x_wconf 83' lang='lat' dir='ltr'><strong>Honoratus</strong></span> <span class='ocrx_word' id='word_1_493' title='bbox 2326 3728 2381 3772; x_wconf 89' lang='lat' dir='ltr'><strong>et</strong></span> <span class='ocrx_word' id='word_1_494' title='bbox 2412 3718 2673 3775; x_wconf 88' lang='lat' dir='ltr'><strong>Urbanus</strong></span> <span class='ocrx_word' id='word_1_495' title='bbox 2711 3721 2954 3791; x_wconf 90' lang='lat' dir='ltr'><strong>episcopi</strong></span> <span class='ocrx_word' id='word_1_496' title='bbox 2989 3722 3247 3777; x_wconf 78' lang='lat' dir='ltr'><strong>dixerunt</strong></span> <span class='ocrx_word' id='word_1_497' title='bbox 3291 3739 3304 3777; x_wconf 90' lang='lat'><strong>:</strong></span> <span class='ocrx_word' id='word_1_498' title='bbox 3341 3720 3500 3778; x_wconf 82' lang='lat' dir='ltr'><strong>Nunc</strong></span> 
     </span>
    </p>
   </div>
   <div class='ocr_carea' id='block_1_81' title="bbox 1908 3808 3500 3885">
    <p class='ocr_par' dir='ltr' id='par_1_81' title="bbox 1908 3808 3500 3885">
     <span class='ocr_line' id='line_1_81' title="bbox 1908 3808 3500 3885; baseline 0.004 -22"><span class='ocrx_word' id='word_1_499' title='bbox 1908 3808 1975 3864; x_wconf 91' lang='lat' dir='ltr'><strong>de</strong></span> <span class='ocrx_word' id='word_1_500' title='bbox 2017 3811 2271 3880; x_wconf 71' lang='lat' dir='ltr'><strong>praesenti</strong></span> <span class='ocrx_word' id='word_1_501' title='bbox 2324 3822 2468 3866; x_wconf 66' lang='lat' dir='ltr'><strong>coetu</strong></span> <span class='ocrx_word' id='word_1_502' title='bbox 2504 3813 2761 3882; x_wconf 88' lang='lat' dir='ltr'><strong>petimus,</strong></span> <span class='ocrx_word' id='word_1_503' title='bbox 2817 3825 2877 3868; x_wconf 91' lang='lat' dir='ltr'><strong>ut</strong></span> <span class='ocrx_word' id='word_1_504' title='bbox 2910 3815 3108 3871; x_wconf 88' lang='lat' dir='ltr'><strong>litteris</strong></span> <span class='ocrx_word' id='word_1_505' title='bbox 3160 3815 3500 3885; x_wconf 82' lang='lat' dir='ltr'><strong>provinciam</strong></span> 
     </span>
    </p>
   </div>
   <div class='ocr_carea' id='block_1_82' title="bbox 1909 3902 3364 3977">
    <p class='ocr_par' dir='ltr' id='par_1_82' title="bbox 1909 3902 3364 3977">
     <span class='ocr_line' id='line_1_82' title="bbox 1909 3902 3364 3977; baseline 0.004 -23"><span class='ocrx_word' id='word_1_506' title='bbox 1909 3912 2153 3957; x_wconf 88' lang='lat' dir='ltr'><strong>nostram</strong></span> <span class='ocrx_word' id='word_1_507' title='bbox 2182 3902 2251 3957; x_wconf 90' lang='lat' dir='ltr'><strong>de</strong></span> <span class='ocrx_word' id='word_1_508' title='bbox 2289 3904 2390 3959; x_wconf 92' lang='lat' dir='ltr'><strong>hac</strong></span> <span class='ocrx_word' id='word_1_509' title='bbox 2423 3905 2513 3960; x_wconf 91' lang='lat' dir='ltr'><strong>die</strong></span> <span class='ocrx_word' id='word_1_510' title='bbox 2553 3904 2856 3961; x_wconf 75' lang='lat' dir='ltr'><strong>informare</strong></span> <span class='ocrx_word' id='word_1_511' title='bbox 2885 3906 3189 3977; x_wconf 75' lang='lat' dir='ltr'><strong>dignemini</strong></span> <span class='ocrx_word' id='word_1_512' title='bbox 3225 3906 3364 3977; x_wconf 80' lang='grc'><strong>(48).</strong></span> 
     </span>
    </p>
   </div>
   <div class='ocr_carea' id='block_1_83' title="bbox 1976 4086 3420 4157">
    <p class='ocr_par' dir='ltr' id='par_1_83' title="bbox 1976 4086 3420 4157">
     <span class='ocr_line' id='line_1_83' title="bbox 1976 4086 3420 4157; baseline 0.002 -16"><span class='ocrx_word' id='word_1_513' title='bbox 1976 4086 2232 4142; x_wconf 84' lang='lat' dir='ltr'><strong>Aurelius</strong></span> <span class='ocrx_word' id='word_1_514' title='bbox 2271 4088 2565 4157; x_wconf 90' lang='lat' dir='ltr'><strong>episcopus</strong></span> <span class='ocrx_word' id='word_1_515' title='bbox 2589 4087 2729 4142; x_wconf 86' lang='lat' dir='ltr'><strong>dixit</strong></span> <span class='ocrx_word' id='word_1_516' title='bbox 2758 4104 2773 4141; x_wconf 88' lang='lat'><strong>:</strong></span> <span class='ocrx_word' id='word_1_517' title='bbox 2807 4086 2884 4141; x_wconf 90' lang='lat' dir='ltr'><strong>Ita</strong></span> <span class='ocrx_word' id='word_1_518' title='bbox 2922 4087 3015 4142; x_wconf 86' lang='lat' dir='ltr'><strong>fiat</strong></span> <span class='ocrx_word' id='word_1_519' title='bbox 3053 4104 3288 4144; x_wconf 85' lang='lat' dir='ltr'><strong>necesse</strong></span> <span class='ocrx_word' id='word_1_520' title='bbox 3317 4098 3420 4144; x_wconf 89' lang='lat' dir='ltr'><strong>est.</strong></span> 
     </span>
    </p>
   </div>
   <div class='ocr_carea' id='block_1_84' title="bbox 2063 4290 3305 4367">
    <p class='ocr_par' dir='ltr' id='par_1_84' title="bbox 2063 4290 3305 4367">
     <span class='ocr_line' id='line_1_84' title="bbox 2063 4290 3305 4367; baseline 0.002 -14"><span class='ocrx_word' id='word_1_521' title='bbox 2063 4298 2217 4353; x_wconf 85' lang='lat' dir='ltr'><strong>Diem</strong></span> <span class='ocrx_word' id='word_1_522' title='bbox 2270 4298 2513 4367; x_wconf 72' lang='lat' dir='ltr'><strong>Pasclue,</strong></span> <span class='ocrx_word' id='word_1_523' title='bbox 2547 4301 2631 4356; x_wconf 89' lang='lat' dir='ltr'><strong>die</strong></span> <span class='ocrx_word' id='word_1_524' title='bbox 2676 4302 2890 4355; x_wconf 84' lang='lat' dir='ltr'><strong>concilii</strong></span> <span class='ocrx_word' id='word_1_525' title='bbox 2928 4290 3305 4357; x_wconf 82' lang='lat' dir='ltr'><strong>nuntiandum.</strong></span> 
     </span>
    </p>
   </div>
   <div class='ocr_carea' id='block_1_85' title="bbox 277 4514 1797 4601">
    <p class='ocr_par' dir='ltr' id='par_1_85' title="bbox 277 4514 1797 4587">
     <span class='ocr_line' id='line_1_85' title="bbox 277 4514 1797 4587; baseline -0.003 -19"><span class='ocrx_word' id='word_1_526' title='bbox 277 4521 383 4583; x_wconf 86' lang='grc' dir='ltr'>ογ’.</span> <span class='ocrx_word' id='word_1_527' title='bbox 421 4514 651 4585; x_wconf 87' lang='grc' dir='ltr'>Ὁμοίως</span> <span class='ocrx_word' id='word_1_528' title='bbox 675 4515 891 4587; x_wconf 75' lang='grc' dir='ltr'>ἤρεσεν,</span> <span class='ocrx_word' id='word_1_529' title='bbox 914 4514 1053 4568; x_wconf 81' lang='grc' dir='ltr'>ὥστε</span> <span class='ocrx_word' id='word_1_530' title='bbox 1082 4515 1180 4586; x_wconf 85' lang='grc' dir='ltr'>τὴν</span> <span class='ocrx_word' id='word_1_531' title='bbox 1201 4515 1414 4587; x_wconf 80' lang='grc' dir='ltr'>ἡμέραν</span> <span class='ocrx_word' id='word_1_532' title='bbox 1435 4514 1529 4567; x_wconf 90' lang='grc' dir='ltr'><strong>τοῦ</strong></span> <span class='ocrx_word' id='word_1_533' title='bbox 1557 4528 1797 4584; x_wconf 87' lang='grc' dir='ltr'>προσκυ-</span> 
     </span>
    </p>
   </div>
   <div class='ocr_carea' id='block_1_86' title="bbox 1900 4514 3500 4601">
    <p class='ocr_par' dir='ltr' id='par_1_86' title="bbox 1980 4520 3500 4591">
     <span class='ocr_line' id='line_1_86' title="bbox 1980 4520 3500 4591; baseline 0.008 -19"><span class='ocrx_word' id='word_1_534' title='bbox 1980 4520 2067 4576; x_wconf 83' lang='lat'><strong>75.</strong></span> <span class='ocrx_word' id='word_1_535' title='bbox 2101 4521 2235 4575; x_wconf 92' lang='lat' dir='ltr'><strong>Item</strong></span> <span class='ocrx_word' id='word_1_536' title='bbox 2284 4521 2492 4591; x_wconf 86' lang='lat' dir='ltr'><strong>placuit</strong></span> <span class='ocrx_word' id='word_1_537' title='bbox 2537 4522 2582 4555; x_wconf 75' lang='lat'><strong>“</strong></span> <span class='ocrx_word' id='word_1_538' title='bbox 2652 4533 2712 4577; x_wconf 91' lang='lat' dir='ltr'><strong>ut</strong></span> <span class='ocrx_word' id='word_1_539' title='bbox 2753 4523 2870 4580; x_wconf 89' lang='lat' dir='ltr'><strong>dies</strong></span> <span class='ocrx_word' id='word_1_540' title='bbox 2911 4524 3236 4581; x_wconf 81' lang='lat' dir='ltr'><strong>venerabilis</strong></span> <span class='ocrx_word' id='word_1_541' title='bbox 3276 4525 3500 4584; x_wconf 67' lang='lat' dir='ltr'><strong>Pascha:</strong></span> 
     </span>
    </p>
   </div>
   <div class='ocr_carea' id='block_1_87' title="bbox 212 4601 1801 4680">
    <p class='ocr_par' dir='ltr' id='par_1_87' title="bbox 212 4601 1801 4680">
     <span class='ocr_line' id='line_1_87' title="bbox 212 4601 1801 4680; baseline -0.004 -19"><span class='ocrx_word' id='word_1_542' title='bbox 212 4606 379 4680; x_wconf 85' lang='grc' dir='ltr'>νητοῦ</span> <span class='ocrx_word' id='word_1_543' title='bbox 413 4608 627 4676; x_wconf 83' lang='grc' dir='ltr'>Πάσχα,</span> <span class='ocrx_word' id='word_1_544' title='bbox 662 4608 751 4660; x_wconf 74' lang='grc' dir='ltr'><strong>διὰ</strong></span> <span class='ocrx_word' id='word_1_545' title='bbox 779 4607 878 4677; x_wconf 80' lang='grc' dir='ltr'><strong>τῆς</strong></span> <span class='ocrx_word' id='word_1_546' title='bbox 903 4607 1011 4661; x_wconf 90' lang='grc' dir='ltr'><strong>τῶν</strong></span> <span class='ocrx_word' id='word_1_547' title='bbox 1036 4607 1437 4676; x_wconf 85' lang='grc' dir='ltr'>τετυπωμένων</span> <span class='ocrx_word' id='word_1_548' title='bbox 1473 4601 1801 4674; x_wconf 80' lang='grc' dir='ltr'>ὑπογραφῆς</span> 
     </span>
    </p>
   </div>
   <div class='ocr_carea' id='block_1_88' title="bbox 212 4694 1803 4769">
    <p class='ocr_par' dir='ltr' id='par_1_88' title="bbox 212 4694 1803 4769">
     <span class='ocr_line' id='line_1_88' title="bbox 212 4694 1803 4769; baseline -0.001 -19"><span class='ocrx_word' id='word_1_549' title='bbox 212 4700 382 4752; x_wconf 83' lang='grc' dir='ltr'>πᾶσιν</span> <span class='ocrx_word' id='word_1_550' title='bbox 412 4695 805 4767; x_wconf 79' lang='grc' dir='ltr'>ἐμφανίζεσθαι</span> <span class='ocrx_word' id='word_1_551' title='bbox 828 4716 841 4729; x_wconf 85' lang='grc'><strong>·</strong></span> <span class='ocrx_word' id='word_1_552' title='bbox 882 4698 987 4769; x_wconf 86' lang='grc' dir='ltr'><strong>ήδὲ</strong></span> <span class='ocrx_word' id='word_1_553' title='bbox 1015 4697 1116 4768; x_wconf 80' lang='grc' dir='ltr'>τῆς</span> <span class='ocrx_word' id='word_1_554' title='bbox 1144 4698 1362 4751; x_wconf 76' lang='grc' dir='ltr'>συνόδου</span> <span class='ocrx_word' id='word_1_555' title='bbox 1389 4697 1573 4768; x_wconf 83' lang='grc' dir='ltr'>ἡμέρα</span> <span class='ocrx_word' id='word_1_556' title='bbox 1598 4697 1632 4766; x_wconf 81' lang='grc' dir='ltr'><strong>ἡ</strong></span> <span class='ocrx_word' id='word_1_557' title='bbox 1664 4694 1803 4766; x_wconf 84' lang='grc' dir='ltr'>αύτὴ</span> 
     </span>
    </p>
   </div>
   <div class='ocr_carea' id='block_1_89' title="bbox 212 4785 1804 4859">
    <p class='ocr_par' dir='ltr' id='par_1_89' title="bbox 212 4785 1804 4859">
     <span class='ocr_line' id='line_1_89' title="bbox 212 4785 1804 4859; baseline -0.002 -18"><span class='ocrx_word' id='word_1_558' title='bbox 212 4788 488 4858; x_wconf 76' lang='grc' dir='ltr'>φυλαχθῇ,</span> <span class='ocrx_word' id='word_1_559' title='bbox 560 4789 682 4859; x_wconf 80' lang='grc' dir='ltr'>ἥτις</span> <span class='ocrx_word' id='word_1_560' title='bbox 737 4787 945 4859; x_wconf 83' lang='grc' dir='ltr'>ὡρίσθη</span> <span class='ocrx_word' id='word_1_561' title='bbox 989 4790 1046 4840; x_wconf 89' lang='grc' dir='ltr'><strong>ἐν</strong></span> <span class='ocrx_word' id='word_1_562' title='bbox 1082 4790 1148 4859; x_wconf 86' lang='grc' dir='ltr'><strong>τῇ</strong></span> <span class='ocrx_word' id='word_1_563' title='bbox 1197 4790 1254 4841; x_wconf 84' lang='grc' dir='ltr'><strong>ἐν</strong></span> <span class='ocrx_word' id='word_1_564' title='bbox 1300 4786 1525 4841; x_wconf 84' lang='grc' dir='ltr'>Ἱππῶνι</span> <span class='ocrx_word' id='word_1_565' title='bbox 1582 4785 1804 4856; x_wconf 66' lang='grc' dir='ltr'>συνόδῳ,</span> 
     </span>
    </p>
   </div>
   <div class='ocr_carea' id='block_1_90' title="bbox 211 4879 1807 4951">
    <p class='ocr_par' dir='ltr' id='par_1_90' title="bbox 211 4879 1807 4951">
     <span class='ocr_line' id='line_1_90' title="bbox 211 4879 1807 4951; baseline -0.001 -17"><span class='ocrx_word' id='word_1_566' title='bbox 211 4881 492 4934; x_wconf 83' lang='grc' dir='ltr'>τουτέστιν</span> <span class='ocrx_word' id='word_1_567' title='bbox 510 4882 541 4951; x_wconf 73' lang='grc' dir='ltr'>ἢ</span> <span class='ocrx_word' id='word_1_568' title='bbox 560 4881 661 4950; x_wconf 87' lang='grc' dir='ltr'><strong>πρὸ</strong></span> <span class='ocrx_word' id='word_1_569' title='bbox 682 4880 814 4933; x_wconf 78' lang='grc' dir='ltr'>δέκα</span> <span class='ocrx_word' id='word_1_570' title='bbox 849 4879 1145 4934; x_wconf 84' lang='grc' dir='ltr'>Καλανδῶν</span> <span class='ocrx_word' id='word_1_571' title='bbox 1165 4879 1575 4951; x_wconf 78' lang='grc' dir='ltr'>Σεπτεμϐρίων·</span> <span class='ocrx_word' id='word_1_572' title='bbox 1603 4879 1807 4949; x_wconf 83' lang='grc' dir='ltr'>ὀφείλει</span> 
     </span>
    </p>
   </div>
   <div class='ocr_carea' id='block_1_91' title="bbox 212 4970 1807 5044">
    <p class='ocr_par' dir='ltr' id='par_1_91' title="bbox 212 4970 1807 5044">
     <span class='ocr_line' id='line_1_91' title="bbox 212 4970 1807 5044; baseline -0.001 -18"><span class='ocrx_word' id='word_1_573' title='bbox 212 4972 320 5044; x_wconf 74' lang='grc' dir='ltr'>γὰρ</span> <span class='ocrx_word' id='word_1_574' title='bbox 362 4974 458 5026; x_wconf 80' lang='grc' dir='ltr'><strong>καὶ</strong></span> <span class='ocrx_word' id='word_1_575' title='bbox 499 4974 775 5044; x_wconf 79' lang='grc' dir='ltr'>γραφῆναι</span> <span class='ocrx_word' id='word_1_576' title='bbox 814 4973 949 5042; x_wconf 84' lang='grc' dir='ltr'>πρὸς</span> <span class='ocrx_word' id='word_1_577' title='bbox 987 4973 1115 5035; x_wconf 82' lang='grc' dir='ltr'>τοὺς</span> <span class='ocrx_word' id='word_1_578' title='bbox 1162 4972 1550 5043; x_wconf 87' lang='grc' dir='ltr'>πρωτεύοντας</span> <span class='ocrx_word' id='word_1_579' title='bbox 1616 4970 1807 5025; x_wconf 84' lang='grc' dir='ltr'>πασῶν</span> 
     </span>
    </p>
   </div>
   <div class='ocr_carea' id='block_1_92' title="bbox 212 5064 1803 5137">
    <p class='ocr_par' dir='ltr' id='par_1_92' title="bbox 212 5064 1803 5137">
     <span class='ocr_line' id='line_1_92' title="bbox 212 5064 1803 5137; baseline 0.001 -20"><span class='ocrx_word' id='word_1_580' title='bbox 212 5067 321 5119; x_wconf 86' lang='grc' dir='ltr'><strong>τῶν</strong></span> <span class='ocrx_word' id='word_1_581' title='bbox 340 5066 645 5137; x_wconf 85' lang='grc' dir='ltr'>ἐπαρχιῶν,</span> <span class='ocrx_word' id='word_1_582' title='bbox 674 5067 764 5121; x_wconf 83' lang='grc' dir='ltr'>ἴνα</span> <span class='ocrx_word' id='word_1_583' title='bbox 792 5067 881 5120; x_wconf 84' lang='grc' dir='ltr'><strong>ὅτε</strong></span> <span class='ocrx_word' id='word_1_584' title='bbox 909 5065 1039 5137; x_wconf 86' lang='grc' dir='ltr'>παρ’</span> <span class='ocrx_word' id='word_1_585' title='bbox 1065 5067 1281 5128; x_wconf 78' lang='grc' dir='ltr'>ἑαυτοῖς</span> <span class='ocrx_word' id='word_1_586' title='bbox 1313 5064 1531 5120; x_wconf 65' lang='grc' dir='ltr'>σύνοδθν</span> <span class='ocrx_word' id='word_1_587' title='bbox 1554 5082 1803 5137; x_wconf 82' lang='grc' dir='ltr'>προσκα-</span> 
     </span>
    </p>
   </div>
   <div class='ocr_carea' id='block_1_93' title="bbox 214 5159 1447 5231">
    <p class='ocr_par' dir='ltr' id='par_1_93' title="bbox 214 5159 1447 5231">
     <span class='ocr_line' id='line_1_93' title="bbox 214 5159 1447 5231; baseline 0.002 -19"><span class='ocrx_word' id='word_1_588' title='bbox 214 5159 455 5225; x_wconf 86' lang='grc' dir='ltr'>λοῦνται,</span> <span class='ocrx_word' id='word_1_589' title='bbox 476 5159 682 5231; x_wconf 85' lang='grc' dir='ltr'>ταύτην</span> <span class='ocrx_word' id='word_1_590' title='bbox 712 5159 809 5231; x_wconf 84' lang='grc' dir='ltr'>τὴν</span> <span class='ocrx_word' id='word_1_591' title='bbox 839 5160 1053 5231; x_wconf 82' lang='grc' dir='ltr'>ἡμέραν</span> <span class='ocrx_word' id='word_1_592' title='bbox 1080 5159 1447 5230; x_wconf 80' lang='grc' dir='ltr'>φυλάττωσιν.</span> 
     </span>
    </p>
   </div>
   <div class='ocr_carea' id='block_1_94' title="bbox 1909 4613 3498 4689">
    <p class='ocr_par' dir='ltr' id='par_1_94' title="bbox 1909 4613 3498 4689">
     <span class='ocr_line' id='line_1_94' title="bbox 1909 4613 3498 4689; baseline 0.006 -21"><span class='ocrx_word' id='word_1_593' title='bbox 1909 4613 2269 4671; x_wconf 88' lang='lat' dir='ltr'><strong>formatarum</strong></span> <span class='ocrx_word' id='word_1_594' title='bbox 2298 4617 2703 4689; x_wconf 90' lang='lat' dir='ltr'><strong>subscriptione</strong></span> <span class='ocrx_word' id='word_1_595' title='bbox 2731 4618 2991 4675; x_wconf 92' lang='lat' dir='ltr'><strong>omnibus</strong></span> <span class='ocrx_word' id='word_1_596' title='bbox 3017 4619 3336 4688; x_wconf 89' lang='lat' dir='ltr'><strong>intimetur;</strong></span> <span class='ocrx_word' id='word_1_597' title='bbox 3377 4622 3498 4677; x_wconf 87' lang='lat' dir='ltr'><strong>dies</strong></span> 
     </span>
    </p>
   </div>
   <div class='ocr_carea' id='block_1_95' title="bbox 1913 4708 3498 4782">
    <p class='ocr_par' dir='ltr' id='par_1_95' title="bbox 1913 4708 3498 4782">
     <span class='ocr_line' id='line_1_95' title="bbox 1913 4708 3498 4782; baseline 0.004 -20"><span class='ocrx_word' id='word_1_598' title='bbox 1913 4722 2041 4762; x_wconf 89' lang='lat' dir='ltr'><strong>vero</strong></span> <span class='ocrx_word' id='word_1_599' title='bbox 2097 4708 2318 4763; x_wconf 88' lang='lat' dir='ltr'><strong>concilii</strong></span> <span class='ocrx_word' id='word_1_600' title='bbox 2375 4709 2518 4763; x_wconf 89' lang='lat' dir='ltr'><strong>idem</strong></span> <span class='ocrx_word' id='word_1_601' title='bbox 2578 4716 2858 4775; x_wconf 87' lang='lat' dir='ltr'><strong>servetur,</strong></span> <span class='ocrx_word' id='word_1_602' title='bbox 2899 4711 2993 4781; x_wconf 92' lang='lat' dir='ltr'><strong>qui</strong></span> <span class='ocrx_word' id='word_1_603' title='bbox 3046 4710 3101 4765; x_wconf 92' lang='lat' dir='ltr'><strong>in</strong></span> <span class='ocrx_word' id='word_1_604' title='bbox 3161 4710 3498 4782; x_wconf 85' lang='lat' dir='ltr'><strong>llipponensi</strong></span> 
     </span>
    </p>
   </div>
   <div class='ocr_carea' id='block_1_96' title="bbox 1907 4799 3497 4869">
    <p class='ocr_par' dir='ltr' id='par_1_96' title="bbox 1907 4799 3497 4869">
     <span class='ocr_line' id='line_1_96' title="bbox 1907 4799 3497 4869; baseline 0.005 -17"><span class='ocrx_word' id='word_1_605' title='bbox 1907 4799 2140 4853; x_wconf 91' lang='lat' dir='ltr'><strong>concilio</strong></span> <span class='ocrx_word' id='word_1_606' title='bbox 2204 4800 2543 4855; x_wconf 90' lang='lat' dir='ltr'><strong>constitutus</strong></span> <span class='ocrx_word' id='word_1_607' title='bbox 2584 4809 2695 4867; x_wconf 88' lang='lat' dir='ltr'><strong>cst,</strong></span> <span class='ocrx_word' id='word_1_608' title='bbox 2741 4802 2795 4855; x_wconf 89' lang='lat' dir='ltr'><strong>id</strong></span> <span class='ocrx_word' id='word_1_609' title='bbox 2840 4812 2954 4869; x_wconf 88' lang='lat' dir='ltr'><strong>est,</strong></span> <span class='ocrx_word' id='word_1_610' title='bbox 3006 4818 3039 4856; x_wconf 75' lang='grc' dir='ltr'><strong>χ</strong></span> <span class='ocrx_word' id='word_1_611' title='bbox 3087 4802 3360 4860; x_wconf 84' lang='lat' dir='ltr'><strong>Kalendas</strong></span> <span class='ocrx_word' id='word_1_612' title='bbox 3397 4804 3497 4860; x_wconf 89' lang='lat' dir='ltr'><strong>Se-</strong></span> 
     </span>
    </p>
   </div>
   <div class='ocr_carea' id='block_1_97' title="bbox 1908 4891 3497 4964">
    <p class='ocr_par' dir='ltr' id='par_1_97' title="bbox 1908 4891 3497 4964">
     <span class='ocr_line' id='line_1_97' title="bbox 1908 4891 3497 4964; baseline 0.004 -22"><span class='ocrx_word' id='word_1_613' title='bbox 1908 4891 2195 4958; x_wconf 87' lang='lat' dir='ltr'><strong>ptembris.</strong></span> <span class='ocrx_word' id='word_1_614' title='bbox 2246 4892 2315 4945; x_wconf 84' lang='lat' dir='ltr'><strong>Et</strong></span> <span class='ocrx_word' id='word_1_615' title='bbox 2354 4892 2704 4947; x_wconf 88' lang='lat' dir='ltr'><strong>scribendum</strong></span> <span class='ocrx_word' id='word_1_616' title='bbox 2743 4895 2810 4949; x_wconf 88' lang='lat' dir='ltr'><strong>ad</strong></span> <span class='ocrx_word' id='word_1_617' title='bbox 2849 4894 3188 4964; x_wconf 82' lang='lat' dir='ltr'><strong>singularum</strong></span> <span class='ocrx_word' id='word_1_618' title='bbox 3232 4911 3497 4963; x_wconf 79' lang='lat' dir='ltr'><strong>quarum-</strong></span> 
     </span>
    </p>
   </div>
   <div class='ocr_carea' id='block_1_98' title="bbox 1907 4983 3501 5057">
    <p class='ocr_par' dir='ltr' id='par_1_98' title="bbox 1907 4983 3501 5057">
     <span class='ocr_line' id='line_1_98' title="bbox 1907 4983 3501 5057; baseline 0.005 -23"><span class='ocrx_word' id='word_1_619' title='bbox 1907 4996 2015 5052; x_wconf 89' lang='lat' dir='ltr'><strong>que</strong></span> <span class='ocrx_word' id='word_1_620' title='bbox 2071 4983 2481 5051; x_wconf 88' lang='lat' dir='ltr'><strong>provinciarum</strong></span> <span class='ocrx_word' id='word_1_621' title='bbox 2538 4984 2840 5054; x_wconf 87' lang='lat' dir='ltr'><strong>primates,</strong></span> <span class='ocrx_word' id='word_1_622' title='bbox 2878 4994 2939 5039; x_wconf 90' lang='lat' dir='ltr'><strong>ut</strong></span> <span class='ocrx_word' id='word_1_623' title='bbox 2978 4987 3198 5055; x_wconf 87' lang='lat' dir='ltr'><strong>quando</strong></span> <span class='ocrx_word' id='word_1_624' title='bbox 3244 4986 3385 5057; x_wconf 85' lang='lat' dir='ltr'><strong>apud</strong></span> <span class='ocrx_word' id='word_1_625' title='bbox 3438 5002 3501 5042; x_wconf 87' lang='lat' dir='ltr'><strong>se</strong></span> 
     </span>
    </p>
   </div>
   <div class='ocr_carea' id='block_1_99' title="bbox 1904 5071 3497 5148">
    <p class='ocr_par' dir='ltr' id='par_1_99' title="bbox 1904 5071 3497 5148">
     <span class='ocr_line' id='line_1_99' title="bbox 1904 5071 3497 5148; baseline 0.006 -24"><span class='ocrx_word' id='word_1_626' title='bbox 1904 5071 2201 5126; x_wconf 75' lang='lat' dir='ltr'><strong>concilium</strong></span> <span class='ocrx_word' id='word_1_627' title='bbox 2266 5081 2636 5144; x_wconf 78' lang='lat' dir='ltr'><strong>congregant,</strong></span> <span class='ocrx_word' id='word_1_628' title='bbox 2702 5075 2870 5130; x_wconf 90' lang='lat' dir='ltr'><strong>istum</strong></span> <span class='ocrx_word' id='word_1_629' title='bbox 2934 5075 3080 5131; x_wconf 86' lang='lat' dir='ltr'><strong>diem</strong></span> <span class='ocrx_word' id='word_1_630' title='bbox 3146 5092 3253 5132; x_wconf 92' lang='lat' dir='ltr'><strong>non</strong></span> <span class='ocrx_word' id='word_1_631' title='bbox 3318 5077 3497 5148; x_wconf 85' lang='lat' dir='ltr'><strong>impe-</strong></span> 
     </span>
    </p>
   </div>
   <div class='ocr_carea' id='block_1_100' title="bbox 1909 5161 2231 5234">
    <p class='ocr_par' dir='ltr' id='par_1_100' title="bbox 1909 5161 2231 5234">
     <span class='ocr_line' id='line_1_100' title="bbox 1909 5161 2231 5234; baseline 0.006 -19"><span class='ocrx_word' id='word_1_632' title='bbox 1909 5162 2063 5217; x_wconf 90' lang='lat' dir='ltr'><strong>diant</strong></span> <span class='ocrx_word' id='word_1_633' title='bbox 2095 5161 2231 5234; x_wconf 75' lang='grc'><strong>(49).</strong></span> 
     </span>
    </p>
   </div>
   <div class='ocr_carea' id='block_1_101' title="bbox 288 5298 2358 5410">
    <p class='ocr_par' dir='ltr' id='par_1_101' title="bbox 288 5298 2358 5410">
     <span class='ocr_line' id='line_1_101' title="bbox 288 5298 2358 5410; baseline 0.001 -18"><span class='ocrx_word' id='word_1_634' title='bbox 288 5337 333 5371; x_wconf 88' lang='grc'><strong><em>⁶³</em></strong></span> <span class='ocrx_word' id='word_1_635' title='bbox 376 5336 549 5393; x_wconf 86' lang='lat' dir='ltr'><strong>Cone.</strong></span> <span class='ocrx_word' id='word_1_636' title='bbox 575 5337 746 5395; x_wconf 84' lang='lat' dir='ltr'><strong>Afric.</strong></span> <span class='ocrx_word' id='word_1_637' title='bbox 778 5354 827 5393; x_wconf 92' lang='lat' dir='ltr'><strong>c.</strong></span> <span class='ocrx_word' id='word_1_638' title='bbox 865 5338 953 5393; x_wconf 77' lang='grc'><strong>18.</strong></span> <span class='ocrx_word' id='word_1_639' title='bbox 1033 5338 1079 5370; x_wconf 64' lang='grc' dir='ltr'><strong>ει</strong></span> <span class='ocrx_word' id='word_1_640' title='bbox 1105 5336 1275 5394; x_wconf 89' lang='lat' dir='ltr'><strong>Conc.</strong></span> <span class='ocrx_word' id='word_1_641' title='bbox 1315 5337 1574 5410; x_wconf 86' lang='lat' dir='ltr'><strong>Carthag.</strong></span> <span class='ocrx_word' id='word_1_642' title='bbox 1600 5355 1655 5404; x_wconf 90' lang='lat' dir='ltr'><strong>v,</strong></span> <span class='ocrx_word' id='word_1_643' title='bbox 1683 5354 1802 5410; x_wconf 87' lang='lat' dir='ltr'><strong>cap.</strong></span> <span class='ocrx_word' id='word_1_644' title='bbox 1828 5338 1859 5390; x_wconf 91' lang='lat'><strong>7</strong></span> <span class='ocrx_word' id='word_1_645' title='bbox 1880 5354 1893 5405; x_wconf 91' lang='lat'><strong>;</strong></span> <span class='ocrx_word' id='word_1_646' title='bbox 1918 5298 2090 5395; x_wconf 63' lang='lat' dir='ltr'><strong>Afric.</strong></span> <span class='ocrx_word' id='word_1_647' title='bbox 2115 5355 2237 5395; x_wconf 90' lang='lat' dir='ltr'><strong>can.</strong></span> <span class='ocrx_word' id='word_1_648' title='bbox 2269 5340 2358 5395; x_wconf 77' lang='grc'><strong>40.</strong></span> 
     </span>
    </p>
   </div>
   <div class='ocr_carea' id='block_1_102' title="bbox 287 5517 1803 5589">
    <p class='ocr_par' dir='ltr' id='par_1_102' title="bbox 287 5517 1803 5589">
     <span class='ocr_line' id='line_1_102' title="bbox 287 5517 1803 5589; baseline 0.003 -20"><span class='ocrx_word' id='word_1_649' title='bbox 287 5517 400 5588; x_wconf 70' lang='grc'><strong>(47)</strong></span> <span class='ocrx_word' id='word_1_650' title='bbox 442 5518 613 5589; x_wconf 70' lang='lat' dir='ltr'><strong>Cone.</strong></span> <span class='ocrx_word' id='word_1_651' title='bbox 675 5518 934 5589; x_wconf 81' lang='lat' dir='ltr'><strong>Carthag.</strong></span> <span class='ocrx_word' id='word_1_652' title='bbox 984 5534 1065 5580; x_wconf 85' lang='grc' dir='ltr'>ιιι,</span> <span class='ocrx_word' id='word_1_653' title='bbox 1121 5532 1245 5587; x_wconf 88' lang='lat' dir='ltr'><strong>cap.</strong></span> <span class='ocrx_word' id='word_1_654' title='bbox 1299 5518 1415 5589; x_wconf 53' lang='lat'><strong>4|.</strong></span> <span class='ocrx_word' id='word_1_655' title='bbox 1447 5517 1507 5571; x_wconf 83' lang='lat' dir='ltr'><strong>in</strong></span> <span class='ocrx_word' id='word_1_656' title='bbox 1563 5517 1803 5587; x_wconf 90' lang='lat' dir='ltr'><strong>epitome</strong></span> 
     </span>
    </p>
   </div>
   <div class='ocr_carea' id='block_1_103' title="bbox 220 5585 1804 5659">
    <p class='ocr_par' dir='ltr' id='par_1_103' title="bbox 220 5585 1804 5659">
     <span class='ocr_line' id='line_1_103' title="bbox 220 5585 1804 5659; baseline 0.001 -18"><span class='ocrx_word' id='word_1_657' title='bbox 220 5585 501 5642; x_wconf 74' lang='lat' dir='ltr'><strong>Canobum</strong></span> <span class='ocrx_word' id='word_1_658' title='bbox 538 5588 764 5643; x_wconf 80' lang='lat' dir='ltr'><strong>Adriani</strong></span> <span class='ocrx_word' id='word_1_659' title='bbox 798 5585 972 5659; x_wconf 67' lang='lat' dir='ltr'><strong>papae,</strong></span> <span class='ocrx_word' id='word_1_660' title='bbox 1005 5590 1121 5659; x_wconf 51' lang='lat' dir='ltr'><strong>hac</strong></span> <span class='ocrx_word' id='word_1_661' title='bbox 1150 5585 1380 5643; x_wconf 82' lang='lat' dir='ltr'><strong>canonis</strong></span> <span class='ocrx_word' id='word_1_662' title='bbox 1404 5588 1563 5643; x_wconf 91' lang='lat' dir='ltr'><strong>istius</strong></span> <span class='ocrx_word' id='word_1_663' title='bbox 1586 5585 1640 5643; x_wconf 82' lang='lat' dir='ltr'><strong>et</strong></span> <span class='ocrx_word' id='word_1_664' title='bbox 1669 5590 1804 5643; x_wconf 80' lang='lat' dir='ltr'><strong>sub-</strong></span> 
     </span>
    </p>
   </div>
   <div class='ocr_carea' id='block_1_104' title="bbox 222 5658 1802 5727">
    <p class='ocr_par' dir='ltr' id='par_1_104' title="bbox 222 5658 1802 5727">
     <span class='ocr_line' id='line_1_104' title="bbox 222 5658 1802 5727; baseline 0.001 -16"><span class='ocrx_word' id='word_1_665' title='bbox 222 5660 501 5727; x_wconf 75' lang='lat' dir='ltr'><strong>sequentis</strong></span> <span class='ocrx_word' id='word_1_666' title='bbox 541 5660 644 5714; x_wconf 90' lang='lat' dir='ltr'><strong>sub</strong></span> <span class='ocrx_word' id='word_1_667' title='bbox 674 5658 1072 5714; x_wconf 25' lang='lat' dir='ltr'><strong>uno’lennnate</strong></span> <span class='ocrx_word' id='word_1_668' title='bbox 1110 5658 1377 5713; x_wconf 87' lang='lat' dir='ltr'><strong>breviatio</strong></span> <span class='ocrx_word' id='word_1_669' title='bbox 1411 5668 1494 5712; x_wconf 89' lang='lat' dir='ltr'><strong>est</strong></span> <span class='ocrx_word' id='word_1_670' title='bbox 1529 5678 1540 5712; x_wconf 93' lang='lat'>:</span> <span class='ocrx_word' id='word_1_671' title='bbox 1574 5678 1593 5710; x_wconf 81' lang='grc' dir='ltr'><strong>ι</strong></span> <span class='ocrx_word' id='word_1_672' title='bbox 1632 5659 1702 5715; x_wconf 90' lang='lat' dir='ltr'><strong>Ut</strong></span> <span class='ocrx_word' id='word_1_673' title='bbox 1731 5661 1802 5713; x_wconf 86' lang='lat' dir='ltr'><strong>de</strong></span> 
     </span>
    </p>
   </div>
   <div class='ocr_carea' id='block_1_105' title="bbox 222 5726 1797 5800">
    <p class='ocr_par' dir='ltr' id='par_1_105' title="bbox 222 5726 1797 5800">
     <span class='ocr_line' id='line_1_105' title="bbox 222 5726 1797 5800; baseline 0.001 -19"><span class='ocrx_word' id='word_1_674' title='bbox 222 5726 463 5800; x_wconf 77' lang='lat' dir='ltr'><strong>Ecclesia</strong></span> <span class='ocrx_word' id='word_1_675' title='bbox 499 5728 939 5800; x_wconf 88' lang='lat' dir='ltr'><strong>Carthaginiensi</strong></span> <span class='ocrx_word' id='word_1_676' title='bbox 990 5730 1106 5784; x_wconf 87' lang='lat' dir='ltr'><strong>dies</strong></span> <span class='ocrx_word' id='word_1_677' title='bbox 1134 5729 1357 5800; x_wconf 73' lang='lat' dir='ltr'><strong>Pascbae</strong></span> <span class='ocrx_word' id='word_1_678' title='bbox 1389 5728 1665 5800; x_wconf 84' lang='lat' dir='ltr'><strong>Africanis</strong></span> <span class='ocrx_word' id='word_1_679' title='bbox 1704 5745 1797 5783; x_wconf 89' lang='lat' dir='ltr'><strong>ec-</strong></span> 
     </span>
    </p>
   </div>
   <div class='ocr_carea' id='block_1_106' title="bbox 223 5797 1795 5871">
    <p class='ocr_par' dir='ltr' id='par_1_106' title="bbox 223 5797 1795 5871">
     <span class='ocr_line' id='line_1_106' title="bbox 223 5797 1795 5871; baseline 0.001 -18"><span class='ocrx_word' id='word_1_680' title='bbox 223 5797 403 5857; x_wconf 80' lang='lat' dir='ltr'><strong>clesiis</strong></span> <span class='ocrx_word' id='word_1_681' title='bbox 427 5797 732 5859; x_wconf 66' lang='lat' dir='ltr'><strong>nuntieturw</strong></span> <span class='ocrx_word' id='word_1_682' title='bbox 762 5801 1053 5871; x_wconf 85' lang='lat' dir='ltr'><strong>episcopis,</strong></span> <span class='ocrx_word' id='word_1_683' title='bbox 1094 5811 1151 5857; x_wconf 82' lang='lat' dir='ltr'><strong>et</strong></span> <span class='ocrx_word' id='word_1_684' title='bbox 1178 5799 1525 5856; x_wconf 86' lang='lat' dir='ltr'><strong>discutiatur.</strong></span> <span class='ocrx_word' id='word_1_685' title='bbox 1562 5799 1795 5855; x_wconf 82' lang='lat' dir='ltr'><strong>interlo-</strong></span> 
     </span>
    </p>
   </div>
   <div class='ocr_carea' id='block_1_107' title="bbox 1908 5514 3491 5590">
    <p class='ocr_par' dir='ltr' id='par_1_107' title="bbox 1908 5514 3491 5590">
     <span class='ocr_line' id='line_1_107' title="bbox 1908 5514 3491 5590; baseline 0.005 -22"><span class='ocrx_word' id='word_1_686' title='bbox 1908 5516 2075 5590; x_wconf 79' lang='lat' dir='ltr'><strong>cutio</strong></span> <span class='ocrx_word' id='word_1_687' title='bbox 2104 5514 2369 5590; x_wconf 80' lang='lat' dir='ltr'><strong>Honorati</strong></span> <span class='ocrx_word' id='word_1_688' title='bbox 2418 5526 2473 5572; x_wconf 86' lang='lat' dir='ltr'><strong>et</strong></span> <span class='ocrx_word' id='word_1_689' title='bbox 2534 5518 2736 5574; x_wconf 88' lang='lat' dir='ltr'><strong>Urbani</strong></span> <span class='ocrx_word' id='word_1_690' title='bbox 2792 5519 3177 5590; x_wconf 79' lang='lat' dir='ltr'><strong>epiSCOporum</strong></span> <span class='ocrx_word' id='word_1_691' title='bbox 3229 5518 3309 5573; x_wconf 88' lang='lat' dir='ltr'><strong>Sit.</strong></span> <span class='ocrx_word' id='word_1_692' title='bbox 3357 5561 3370 5575; x_wconf 94' lang='lat'><strong>.</strong></span> <span class='ocrx_word' id='word_1_693' title='bbox 3415 5559 3429 5573; x_wconf 94' lang='lat'><strong>.</strong></span> <span class='ocrx_word' id='word_1_694' title='bbox 3475 5561 3491 5576; x_wconf 95' lang='lat'><strong>.</strong></span> 
     </span>
    </p>
   </div>
   <div class='ocr_carea' id='block_1_108' title="bbox 1907 5586 3496 5646">
    <p class='ocr_par' dir='ltr' id='par_1_108' title="bbox 1907 5586 3496 5646">
     <span class='ocr_line' id='line_1_108' title="bbox 1907 5586 3496 5646; baseline 0.004 -6"><span class='ocrx_word' id='word_1_695' title='bbox 1907 5586 2247 5641; x_wconf 67' lang='lat' dir='ltr'><strong>Mauritaniae</strong></span> <span class='ocrx_word' id='word_1_696' title='bbox 2276 5588 2325 5641; x_wconf 88' lang='lat' dir='ltr'><strong>le</strong></span> <span class='ocrx_word' id='word_1_697' title='bbox 2369 5626 2383 5639; x_wconf 95' lang='lat'><strong>.</strong></span> <span class='ocrx_word' id='word_1_698' title='bbox 2431 5627 2444 5641; x_wconf 92' lang='lat'><strong>.</strong></span> <span class='ocrx_word' id='word_1_699' title='bbox 2489 5625 2505 5641; x_wconf 94' lang='lat'><strong>.</strong></span> <span class='ocrx_word' id='word_1_700' title='bbox 2556 5630 2570 5643; x_wconf 96' lang='lat'><strong>.</strong></span> <span class='ocrx_word' id='word_1_701' title='bbox 2613 5608 2631 5640; x_wconf 71' lang='grc' dir='ltr'><strong>ι</strong></span> <span class='ocrx_word' id='word_1_702' title='bbox 2674 5591 2791 5646; x_wconf 78' lang='lat' dir='ltr'><strong>Hoc</strong></span> <span class='ocrx_word' id='word_1_703' title='bbox 2825 5586 2927 5645; x_wconf 78' lang='lat' dir='ltr'><strong>est.</strong></span> <span class='ocrx_word' id='word_1_704' title='bbox 2970 5586 2998 5642; x_wconf 75' lang='grc' dir='ltr'>ι’</span> <span class='ocrx_word' id='word_1_705' title='bbox 3030 5590 3307 5646; x_wconf 80' lang='lat' dir='ltr'><strong>Sitifensis</strong></span> <span class='ocrx_word' id='word_1_706' title='bbox 3342 5590 3496 5645; x_wconf 83' lang='lat' dir='ltr'><strong>Mau-</strong></span> 
     </span>
    </p>
   </div>
   <div class='ocr_carea' id='block_1_109' title="bbox 1904 5657 2535 5724">
    <p class='ocr_par' dir='ltr' id='par_1_109' title="bbox 1904 5657 2535 5724">
     <span class='ocr_line' id='line_1_109' title="bbox 1904 5657 2535 5724; baseline -0.006 -11"><span class='ocrx_word' id='word_1_707' title='bbox 1904 5658 2119 5713; x_wconf 73' lang='lat' dir='ltr'><strong>ritania:</strong></span> <span class='ocrx_word' id='word_1_708' title='bbox 2150 5657 2474 5724; x_wconf 73' lang='lat' dir='ltr'><strong>legatorum.</strong></span> <span class='ocrx_word' id='word_1_709' title='bbox 2516 5678 2535 5709; x_wconf 73' lang='grc' dir='ltr'><strong>ι</strong></span> 
     </span>
    </p>
   </div>
   <div class='ocr_carea' id='block_1_110' title="bbox 1979 5727 2984 5797">
    <p class='ocr_par' dir='ltr' id='par_1_110' title="bbox 1979 5727 2984 5797">
     <span class='ocr_line' id='line_1_110' title="bbox 1979 5727 2984 5797; baseline 0.002 -16"><span class='ocrx_word' id='word_1_710' title='bbox 1979 5727 2093 5797; x_wconf 72' lang='grc'><strong>(48)</strong></span> <span class='ocrx_word' id='word_1_711' title='bbox 2122 5727 2343 5797; x_wconf 72' lang='lat' dir='ltr'><strong>Desunt</strong></span> <span class='ocrx_word' id='word_1_712' title='bbox 2384 5729 2465 5783; x_wconf 77' lang='lat' dir='ltr'><strong>ha:</strong></span> <span class='ocrx_word' id='word_1_713' title='bbox 2503 5744 2663 5783; x_wconf 85' lang='lat' dir='ltr'><strong>voces</strong></span> <span class='ocrx_word' id='word_1_714' title='bbox 2695 5730 2747 5782; x_wconf 87' lang='lat' dir='ltr'><strong>in</strong></span> <span class='ocrx_word' id='word_1_715' title='bbox 2774 5730 2984 5785; x_wconf 67' lang='lat' dir='ltr'><strong>Graeco.</strong></span> 
     </span>
    </p>
   </div>
   <div class='ocr_carea' id='block_1_111' title="bbox 1974 5796 3217 5869">
    <p class='ocr_par' dir='ltr' id='par_1_111' title="bbox 1974 5796 3217 5869">
     <span class='ocr_line' id='line_1_111' title="bbox 1974 5796 3217 5869; baseline -0.002 -16"><span class='ocrx_word' id='word_1_716' title='bbox 1974 5796 2087 5869; x_wconf 76' lang='grc'><strong>(49)</strong></span> <span class='ocrx_word' id='word_1_717' title='bbox 2118 5796 2233 5855; x_wconf 80' lang='lat' dir='ltr'><strong>Hoc</strong></span> <span class='ocrx_word' id='word_1_718' title='bbox 2261 5808 2367 5866; x_wconf 88' lang='lat' dir='ltr'><strong>est,</strong></span> <span class='ocrx_word' id='word_1_719' title='bbox 2409 5818 2426 5850; x_wconf 83' lang='grc' dir='ltr'><strong>ι</strong></span> <span class='ocrx_word' id='word_1_720' title='bbox 2472 5800 2635 5855; x_wconf 89' lang='lat' dir='ltr'><strong>istum</strong></span> <span class='ocrx_word' id='word_1_721' title='bbox 2666 5802 2810 5856; x_wconf 85' lang='lat' dir='ltr'><strong>diem</strong></span> <span class='ocrx_word' id='word_1_722' title='bbox 2842 5804 3151 5857; x_wconf 82' lang='lat' dir='ltr'><strong>observent.</strong></span> <span class='ocrx_word' id='word_1_723' title='bbox 3198 5818 3217 5851; x_wconf 73' lang='grc' dir='ltr'><strong>ι</strong></span> 
     </span>
    </p>
   </div>
  </div>
