4122 6426
631 321 736 387 643

930 435 1158 491 Coucilii
1180 441 1484 495 aecumem‘ci
1508 454 1558 494 τι
1588 456 1754 493 canon
1786 440 1873 494 89.

701 525 792 581 89.
812 523 938 581 Dies
965 528 1243 583 salutifera
1284 531 1577 598 passionis,
1620 539 1727 585 etc.
1779 541 1833 584 ut
1866 548 2031 600 supra
2075 548 2198 603 pag.

634 618 762 672 638.

1181 711 1327 765 Petri
1349 728 1519 765 canon
1552 712 1640 765 15.

704 798 793 853 15.
820 796 937 852 Νοη
970 798 1324 867 reprehendet
1360 815 1459 854 nos
1484 799 1753 869 quispiam
1806 808 1945 867 etc.,
1967 810 2023 853 ut
2044 817 2209 871 supra

634 905 758 957 pag.
791 888 915 942 658.

640 978 800 1047 180
851 976 1089 1046 Dionysii
1131 992 1195 1030 ea:
1241 977 1465 1046 epistola
1497 978 1566 1031 ad
1600 977 1888 1033 Basilidem
1939 996 2108 1034 canon
2155 983 2205 1035 l.

707 1152 760 1204 1.
795 1149 920 1204 Haec
961 1136 1142 1204 autEm
1184 1166 1310 1206 cum
1345 1151 1419 1206 ila
1459 1167 1518 1207 se
1542 1153 1796 1217 habeant,
1852 1155 1954 1211 hoc
1996 1157 2063 1212 iis
2115 1157 2207 1226 qui

632 1240 939 1295 accuratius
1004 1241 1369 1311 subtiliusque
1434 1245 1803 1311 considerant,
1857 1248 2209 1305 enuntiamus

633 1341 797 1401 quota
828 1333 983 1397 liora,
1023 1333 1107 1386 vel
1150 1334 1312 1388 etiam
1355 1337 1689 1391 semihorula
1732 1339 1815 1393 vel
1873 1349 2067 1408 quarta
2113 1341 2211 1395 llo-

632 1438 714 1482 ra.
746 1432 959 1489 oportet
1004 1424 1245 1493 incipere
1285 1425 1526 1480 lwtitiam
1583 1428 1654 1483 ob
1688 1428 1906 1484 Domini
1950 1433 2124 1485 nostri
2177 1447 2209 1487 a

632 1516 863 1569 mortuis
909 1518 1394 1573 resurrectionem.
1453 1520 1555 1574 Eos
1586 1522 1805 1590 quidem
1837 1525 1930 1592 qui
1978 1524 2207 1577 nimium

634 1606 915 1669 festinant,
967 1620 1022 1663 et
1074 1621 1200 1665 ante
1270 1612 1503 1667 mediam
1582 1625 1797 1668 noctem
1850 1622 2101 1684 surgunt,
2152 1626 2211 1671 ut

634 1709 1040 1769 contemptores
1073 1712 1128 1756 et
1155 1703 1577 1773 intemperantes
1626 1706 2099 1773 reprehendimus,
2154 1717 2209 1761 nt

1799 329 2059 389 I’lIO'i‘II
2094 326 2597 389 PATRIARCH/E
2644 328 2755 387 CP.

3773 324 3876 389 644

2443 441 2489 491 Σ
2495 437 2706 491 υνόδου
2744 434 3165 505 οίκουμενικῆς
3195 435 3379 502 ἕκτης
3403 434 3600 489 κανὼν
3629 436 3742 490 πθ’.

2380 529 2490 592 Τὰς
2517 527 2611 581 τοῦ
2652 528 2923 597 σωτηρίου
2944 526 3150 589 πάθους
3192 527 3426 596 ἡμέρας,
3466 544 3522 579 κ.
3558 543 3609 579 τ.
3636 527 3688 582 λ.

2802 700 3031 769 Πέτρου
3083 702 3283 755 κανὼν
3320 706 3401 755 ιε’.

2377 803 2457 849 ιε’.
2481 796 2594 847 Οὐκ
2616 792 2901 861 ἐγκαλέσει
2922 809 3005 856 τις
3027 794 3181 863 ἡμῖν,
3209 811 3261 845 κ.
3288 810 3338 845 τ.
3369 792 3419 845 λ.

2308 970 2627 1024 Διονυσίου
2676 969 2747 1023 ἐκ
2784 968 2896 1037 τῆς
2955 970 3105 1057 πρὸς
3159 972 3525 1058 Βᾳσιλείδην
3561 972 3888 1041 ἐπιστολῆς

2948 1057 3150 1093 κανων
3175 1057 3216 1094 α
3230 1080 3243 1093 ι

2379 1156 2450 1207 α’.
2474 1149 2691 1204 Τούτων
2719 1150 2893 1213 οὕτως
2918 1150 3170 1221 ἑχόντων,
3194 1150 3351 1205 τοῦτο
3377 1155 3491 1216 τοῖς
3514 1154 3891 1224 άκριὸολογου⁴

2312 1244 2491 1314 μένοις
2520 1243 2952 1313 ἀποφαινόμεθα,
2994 1243 3136 1297 κατὰ
3162 1245 3318 1298 ποίαν
3352 1244 3499 1315 ὤραν
3530 1246 3564 1317 ἢ
3600 1248 3693 1300 καὶ
3740 1253 3886 1301 ποῖον

2309 1336 2576 1407 ἡμιώριον
2631 1334 2841 1405 ἢῶρας
2890 1335 3148 1405 τέταρτον
3190 1336 3720 1407 ἄρχεσθαιπροσῆκε
3782 1341 3877 1409 τῆς

2309 1427 2401 1480 ἐπὶ
2429 1429 2495 1497 τῇ
2519 1425 2612 1479 τοῦ
2638 1426 2841 1495 Κυρίου
2858 1427 3015 1495 ἡμῶν
3038 1428 3100 1479 ὲκ
3129 1428 3337 1497 νεκρῶν
3358 1429 3653 1483 ἀναστάσει
3684 1434 3850 1501 χαρᾶς
3872 1449 3884 1463 ο

2308 1519 2435 1582 τοὺς
2463 1520 2562 1588 μὲν
2585 1517 2706 1571 λίαν
2742 1517 3185 1587 ὲπιταχύνοντας,
3211 1520 3303 1572 καὶ
3342 1520 3447 1590 πρὸ
3501 1522 3695 1586 νυκτδς
3746 1527 3876 1594 ταχὺ

2311 1611 2477 1675 ἐγγὺς
2519 1610 2622 1679 ἤδη
2667 1607 2941 1678 μεσούσης
2981 1608 3386 1674 ἀνιέντας,’ώς
3442 1612 3739 1682 ὀλιγώρους
3796 1616 3886 1667 καὶ

2311 1702 2572 1768 ἀκρατεῖς
2625 1699 2978 1769 μεμφόμεθα,
3013 1700 3141 1770 παρ’
3180 1700 3360 1769 ὀλίγον
3410 1704 3881 1773 προκαταλύοντας

634 1791 728 1859 qui
797 1794 1187 1861 propemodum
1210 1802 1501 1862 antequam
1532 1811 1629 1865 par
1665 1796 1756 1860 sit,
1790 1813 2012 1851 cursum
2046 1798 2205 1851 abru-

2325 1790 2401 1842 τὸν
2442 1790 2641 1860 δρόμον
2672 1806 2686 1819 ·
2736 1790 2984 1858 λέγοντος
3034 1792 3223 1861 ἀνδρὸς
3256 1794 3441 1861 σοφοῦ·
3469 1797 3543 1847 Οὐ
3598 1799 3792 1867 μικρὸν
3833 1801 3887 1851 ὲν

635 1883 836 1950 perint,
870 1883 1081 1938 dicente
1118 1886 1236 1939 viro
1274 1886 1517 1955 sapiente
1554 1906 1567 1942 :
1621 1885 1765 1941 «Non
1798 1903 1991 1957 parum
2045 1890 2212 1943 estin

2325 1879 2416 1949 βίῳ
2451 1880 2511 1931 τὸ
2541 1878 2693 1947 παρὰ
2751 1879 2945 1947 μικρόν
2975 1895 2988 1909 ·
3022 1880 3149 1941 τοὺς
3199 1879 3255 1931 δὲ
3300 1882 3754 1953 ὲφυστερίζοντας
3801 1886 3889 1939 καὶ

636 1974 745 2026 vita
801 1974 943 2042 quod
996 1990 1183 2043 parum
1239 1977 1410 2032 abest.
1459 1996 1477 2029 ›
1521 1978 1627 2034 Eos
1682 1965 1863 2033 auiem
1917 1980 2008 2047 qni
2056 1979 2213 2034 diﬂ‘e-

2325 1970 2669 2039 Βιαρκοῦντας
2693 1971 2783 2022 ἐπὶ
2814 1970 3086 2032 πλεῖστον,
3125 1970 3217 2022 καὶ
3255 1972 3415 2041 μέχρι
3465 1974 3733 2043 τετάρτης
3780 1994 3878 2044 φυ-

637 2072 783 2127 runt,
833 2072 888 2118 et
924 2066 1220 2133 plurimum
1262 2068 1566 2137 perferunt,
1622 2078 1677 2125 et
1708 2072 1774 2125 ad
1831 2079 2082 2140 quartam
2119 2086 2213 2126 us-

637 2172 745 2227 que
827 2158 1066 2227 vigiliam
1144 2158 1358 2216 fortiter
1430 2163 1728 2231 abstinent,
1789 2164 1842 2218 in
1896 2180 2001 2235 qua
2052 2166 2217 2219 etiam

640 2250 1024 2319 navigantibus
1070 2252 1330 2307 Servator
1376 2262 1566 2309 noster
1622 2254 1675 2311 in
1733 2256 1870 2309 mari
1930 2255 2217 2311 ambulans

641 2343 913 2411 apparuit,
966 2351 1024 2397 ut
1065 2346 1373 2414 generosos
1398 2356 1452 2399 et
1512 2345 1759 2401 laborum
1800 2348 2098 2401 tolerantes
2122 2362 2219 2401 su-

641 2432 925 2501 scipimus.
966 2432 1035 2487 lis
1072 2443 1254 2487 autem
1306 2433 1399 2505 qui
1438 2433 1643 2489 interea
1668 2442 1727 2489 ut
1761 2434 1891 2489 moti
1958 2443 2107 2498 sunt,
2135 2433 2220 2487 vel

643 2534 701 2576 nt
746 2533 1060 2592 potuerunt,
1113 2526 1424 2595 quiescunt,
1485 2542 1595 2582 non
1648 2528 1805 2581 valde
1872 2527 2087 2581 molesti
2146 2526 2223 2581 si-

642 2628 810 2668 mus:
883 2615 1317 2684 quandoquidem
1403 2632 1503 2672 nec
1552 2632 1647 2672 sex
1710 2617 2043 2688 jejuniorum
2107 2618 2225 2673 dies

642 2708 947 2775 aequaliter,
983 2722 1083 2761 nec
1106 2708 1354 2762 similiter
1380 2723 1573 2763 omnes
1603 2718 1922 2778 exspectant
1953 2727 1969 2775 ;
2002 2710 2093 2764 sed
2130 2708 2223 2763 alii

644 2800 889 2869 quidem,
929 2800 1013 2854 vel
1048 2816 1239 2856 omnes
1274 2803 1670 2867 transmittunt,
1705 2803 1873 2872 jejuni
1902 2818 2225 2872 permanen-

645 2902 748 2953 tes,
811 2890 901 2944 alii
951 2890 1108 2957 dnos,
1148 2892 1239 2946 alii
1292 2901 1422 2957 tres,
1457 2893 1547 2946 alii
1572 2903 1825 2962 quatuor,
1860 2894 1950 2948 alii
1988 2894 2222 2947 nullum.

645 2980 713 3034 Et
742 2982 809 3035 iis
865 2982 1082 3051 quidem
1146 2984 1236 3052 qui
1297 2984 1351 3037 in
1424 2985 1531 3039 illis
1584 2986 2020 3040 transmittendis
2070 2986 2228 3040 valde

646 3071 1086 3139 laboraverunt,
1162 3074 1358 3129 deinde
1432 3076 1632 3131 defessi
1703 3085 1759 3131 et
1834 3077 2226 3145 propemodum

2316 2062 2487 2128 λακῆς
2521 2061 3017 2132 ἐγκαρτεροῦντες,
3049 2061 3170 2114 καθ’
3204 2062 3270 2133 ἥν
3312 2064 3406 2117 καὶ
3432 2066 3544 2127 τοῖς
3579 2067 3830 2120 πλέουσιν
3857 2070 3883 2120 ὁ

2319 2151 2508 2223 Σωτὴρ
2538 2150 2694 2221 ἡμῶν
2722 2150 3039 2220 περιπατῶν
3073 2152 3166 2203 ἐπὶ
3199 2152 3298 2221 τῆς
3322 2153 3597 2225 θαλάσσης
3633 2157 3889 2225 ἐπεφάνη,

2318 2243 2393 2307 ὡς
2427 2244 2709 2311 γενναίους
2737 2243 2831 2296 καὶ
2872 2242 3191 2313 φιλοπόνους
3228 2244 3603 2315 ἀποδεξόμεθα
3630 2264 3643 2279 ·
3672 2250 3795 2312 τοὺς
3838 2250 3890 2302 δὲ

2322 2336 2547 2406 μεταξὺ,
2580 2335 2653 2399 ώς
2690 2334 3041 2405 ἐκινήθησαν,
3082 2334 3114 2405 ἦ
3143 2334 3217 2399 ὡς
3260 2336 3628 2409 ἠδυνήθησαν,
3654 2341 3888 2395 ἀναπαυ-

2323 2429 2612 2497 σαμένους,
2676 2428 2750 2498 μὴ
2788 2427 2928 2479 πάνυ
2981 2426 3279 2496 διοχλῶμεν
3302 2443 3317 2457 ο
3372 2431 3493 2481 ἐπεὶ
3529 2431 3670 2500 μηδὲ
3702 2431 3796 2495 τὰς
3835 2432 3887 2496 ἓξ

2320 2522 2431 2575 τῶν
2452 2521 2715 2592 νηστειῶν
2744 2522 2959 2592 ἡμέρας
2992 2520 3119 2584 ἴσως
3163 2520 3297 2590 μηδὲ
3327 2521 3528 2591 ὁμοίως
3557 2524 3757 2585 πάντες
3784 2524 3893 2577 δια-

2329 2612 2620 2683 μένουσιν’
2657 2612 2770 2664 ἀλλ’
2828 2613 2878 2663 οί
2954 2611 3054 2683 μὲν
3109 2612 3203 2664 καὶ
3263 2612 3444 2675 πάσας
3492 2615 3889 2684 ὑπερτιθέασιν,

2325 2703 2500 2757 ἄσιτοι
2526 2702 2895 2767 διατελοῦντες
2926 2719 2942 2736 ·
2969 2704 3018 2755 οί
3047 2703 3103 2756 δὲ
3133 2702 3197 2772 β’,
3230 2704 3279 2756 oi
3311 2703 3365 2757 δὲ
3404 2703 3474 2772 γ’,
3504 2708 3551 2758 οἱ
3589 2706 3646 2759 δὲ
3676 2705 3739 2770 δ’,
3775 2710 3819 2760 οί
3842 2709 3893 2761 δὲ

2324 2795 2446 2848 οὐδὲ
2473 2794 2600 2863 μίαν
2633 2812 2647 2826 ·
2692 2798 2783 2848 καὶ
2814 2797 2927 2859 τοῖς
2978 2795 3077 2866 μὲν
3108 2798 3248 2850 πάνυ
3273 2799 3681 2869 διαποκιηθεῖσιν
3706 2803 3762 2854 ὲν
3790 2804 3896 2866 ταῖς

2326 2886 2705 2957 ὑπερθέσεσιν,
2730 2883 2848 2941 εἶτα
2878 2888 3246 2958 άποκαμοῦσι,
3282 2890 3372 2943 καὶ
3413 2892 3573 2961 μόνον
3613 2894 3711 2947 οὐκ
3736 2894 3897 2946 ἐκλεί-

2328 2995 2509 3043 πουσι,
2568 2978 2864 3051 συγγνώμη
2900 2981 2997 3050 τῆς
3045 2983 3349 3052 ταχυτέρας
3398 2984 3645 3052 γεύσεως
3676 2999 3693 3017 ⁸
3753 2990 3800 3040 εί
3845 2988 3895 3040 δέ

2327 3087 2474 3135 τινες
2502 3071 2600 3141 οὐχ
2626 3071 2773 3134 ὅπως
2808 3073 2905 3142 οὐχ
2933 3072 3315 3142 ὑπερθέμενοι,
3349 3074 3483 3128 ἀλλὰ
3510 3078 3649 3148 μηδὲ
3680 3079 3893 3149 νηστεύ-

646 3164 928 3225 deﬁciunt.
964 3164 1353 3233 ignoscendum
1405 3176 1487 3221 est
1534 3168 1676 3237 quod
1715 3168 1944 3222 celerius
1986 3175 2222 3237 gustent.

2335 3181 2527 3227 σαντες
2552 3203 2568 3229 ,
2586 3164 2722 3218 ἀλλὰ
2755 3166 2847 3218 καὶ
2875 3167 3253 3235 τρυφήσαντες
3287 3167 3385 3227 τὰς
3414 3170 3760 3238 προαγούσας
3783 3170 3893 3224 τέσ-

650 3254 707 3306 Si
743 3255 835 3322 qui
884 3264 1066 3309 autem
1127 3272 1236 3312 non
1294 3260 1455 3313 modo
1493 3275 1601 3313 non
1658 3260 1996 3315 transmissis
2041 3259 2133 3314 sed
2158 3274 2225 3314 ne

645 3347 908 3418 jejunatis
950 3350 1169 3418 quidem
1193 3391 1208 3417 ,
1261 3353 1344 3405 vel
1383 3352 1546 3409 etiam
1579 3352 1631 3407 in
1662 3354 1908 3409 delicatis
1954 3353 2227 3424 opiparis-

649 3457 757 3512 que
787 3443 1073 3506 conviviis,
1128 3446 1469 3514 consumptis
1526 3446 1961 3515 praecedentibus
1988 3455 2229 3516 quatuor

648 3531 863 3595 diebus,
906 3532 970 3587 ad
1030 3532 1169 3587 duos
1206 3548 1411 3601 eosque
1442 3534 1589 3589 solos
1616 3544 1893 3590 extremos
1930 3536 2048 3590 dies
2094 3549 2221 3589 cum

650 3623 925 3689 venerint,
962 3623 1068 3677 illis
1102 3638 1132 3676 a
1184 3639 1243 3679 se
1292 3626 1416 3680 cibo
1455 3641 1564 3679 non
1600 3636 1823 3697 gustare
1854 3626 2219 3691 transmissis,

651 3712 952 3768 Parasceve
996 3726 1049 3768 et
1097 3713 1356 3779 Sabbato,
1391 3730 1641 3785 magnum
1677 3716 1807 3785 quid
1862 3725 1915 3769 et
1946 3715 2223 3785 egregium

653 3819 711 3858 se
761 3803 942 3858 facere
994 3805 1331 3871 existimant,
1391 3806 1436 3862 si
1490 3811 1557 3861 ad
1591 3821 1848 3861 auroram
1884 3822 2057 3876 usque
2096 3822 2222 3877 per-

654 3898 955 3952 manserint
984 3915 1000 3965 ;

2334 3272 2527 3326 σαρας,
2585 3254 2705 3309 εἶτα
2752 3257 2991 3321 ἐλθόντες
3025 3259 3117 3310 ἐπὶ
3140 3258 3237 3322 τὰς
3288 3261 3607 3326 τελευταίας
3655 3264 3766 3329 δύο,
3811 3265 3895 3317 καὶ

2338 3346 2507 3413 μόνας
2551 3346 2724 3409 αὑτὰς
2750 3347 3155 3418 ὑπερτιθέντες,
3188 3350 3286 3419 τήν
3330 3368 3388 3403 τε
3420 3359 3778 3425 παρασκευῇν
3811 3357 3896 3409 καὶ

2324 3438 2386 3491 τὸ
2411 3438 2721 3504 Σάϐϐατον,
2784 3440 2927 3510 μέγα
2978 3458 3031 3493 τι
3079 3443 3177 3495 καὶ
3224 3441 3473 3514 λαμπρὸν
3525 3450 3701 3500 ποιεῖν
3760 3448 3897 3518 νομί-

2327 3528 2531 3597 ζουσιν,
2560 3533 2625 3585 ἂν
2657 3531 2821 3601 μέχρι
2848 3532 2946 3602 τῆς
2977 3532 3051 3585 ἔω
3082 3534 3430 3603 διαμείνωσιν
3452 3577 3466 3599 ,
3500 3538 3604 3591 οὐκ
3635 3534 3782 3609 οἶμαι
3809 3541 3896 3609 τὴν

2326 3621 2550 3691 ἄθλησιν
2592 3622 2790 3685 αὐτοὺς
2818 3622 3145 3692 πεποιῆσθαι
3180 3624 3301 3695 ἴσην
3348 3629 3459 3690 τοῖς
3512 3628 3613 3692 τὰς
3654 3629 3890 3692 πλείονας

2325 3715 2538 3784 ἡμέρας
2565 3716 2960 3785 προεσκηκόσι.
2993 3716 3177 3770 Ταῦτα
3208 3718 3305 3787 μὲν
3333 3718 3409 3781 ὡς
3438 3721 3623 3790 φρονῶ
3644 3720 3738 3774 καί⁵
3766 3737 3891 3787 συμ-

2326 3805 2586 3870 ϐουλεύω,
2638 3806 2767 3875 περὶ
2794 3805 2997 3859 τούτων
3028 3806 3260 3877 ἔγραψα.

1078 3915 1187 3954 non
1236 3900 1492 3955 existimo
1521 3916 1617 3956 eos
1655 3917 1722 3955 ex
1747 3918 1904 3972 aequo
1933 3910 2208 3956 certamen
2248 3898 2487 3953 subiisse
2522 3912 2649 3951 cum
2711 3898 2779 3954 iis
2845 3900 2937 3969 qui
2974 3915 3033 3956 se
3091 3902 3337 3973 pluribus
3362 3901 3561 3961 diebus
3591 3904 3739 3975 prius
3758 3919 3898 3959 excr-

654 4000 906 4046 cuerunt.
971 3990 1098 4046 Haec
1161 3993 1404 4061 quidem,
1477 4004 1535 4047 ut
1584 3994 1781 4060 sentio,
1814 3993 2111 4049 consulens
2151 3991 2219 4046 de
2258 3989 2392 4060 ipsis
2425 3988 2643 4057 scripsi.

847 4081 1120 4137 Theon/iiii
1149 4084 1213 4138 de
1241 4093 1426 4139 sancta
1459 4083 1801 4155 Tlleopliauia
1834 4102 1953 4140 can.
1976 4083 2035 4140 4.

726 4239 802 4293 De
834 4239 1083 4309 Panuph.
1116 4250 1249 4309 etc.,
1283 4250 1339 4295 ut
1362 4258 1522 4311 supra
1555 4259 1676 4312 pag.
1712 4241 1838 4297 547.

730 4354 887 4422 181
925 4352 1077 4407 CAP.
1109 4352 1197 4408 IV.
1227 4385 1299 4393 —
1329 4355 1483 4419 Quod
1515 4372 1617 4409 non
1668 4365 1901 4424 oporteat
1933 4353 2235 4425 spectacula

2340 4080 2631 4150 Θεοφίλου
2658 4078 2725 4133 ἐκ
2750 4079 2862 4149 τῆς
2886 4082 3019 4150 περὶ
3050 4082 3168 4135 τῶν
3181 4084 3528 4207 ἓεοφανίων
3551 4082 3899 4156 προσρωνιῖς

2995 4168 3127 4207 κεφ.
3228 4193 3244 4207 .

2995 4168 3127 4222 κεφ.
3181 4168 3244 4209 ον.

2412 4240 2547 4313 Περὶ
2580 4240 2636 4294 δὲ
2662 4241 2906 4310 Πανοὺφ,
2948 4260 3007 4296 κ.
3042 4260 3093 4298 τ.
3129 4243 3179 4297 λ.

2411 4353 2662 4405 ΚΕΦΑΛ.
2693 4353 2843 4404 Δ’.-
2876 4355 3016 4421 Περὶ
3046 4354 3155 4409 τοῦ
3190 4354 3276 4424 μὴ
3317 4356 3535 4425 χρῆναι
3567 4354 3901 4427 ἐνΚυριακῇ

655 4448 741 4500 die
780 4447 1055 4499 Dominica
1096 4447 1233 4515 ﬁeri,
1258 4447 1334 4501 vel
1369 4464 1431 4501 ea
1474 4448 1559 4501 die
1585 4465 1718 4519 genu
1757 4449 1963 4517 ﬂectere
2014 4450 2222 4517 itemqw

2346 4440 2551 4510 Oedipta
2583 4442 2876 4510 γίνεσθαι,
2924 4442 2962 4510 ἢ
3007 4444 3153 4513 γόνυ
3185 4447 3419 4499 κλίνειν
3465 4447 3536 4499 ἐν
3567 4445 3839 4516 κυριακῇ,
3868 4444 3897 4511 ἢ

656 4538 841 4590 diebus
872 4536 1247 4602 Pentecosles;
1285 4548 1334 4591 et
1379 4538 1518 4608 quod
1546 4556 1643 4607 pro
1692 4539 1889 4592 viribus
1922 4540 2218 4592 vacandum

660 4629 729 4681 sit
756 4629 819 4680 ab
838 4644 989 4697 opere
1013 4629 1095 4680 die
1130 4628 1427 4695 Dominica,
1455 4646 1557 4683 nou
1589 4641 1765 4682 autent
1791 4631 1842 4683 in
1878 4628 2112 4683 Sabbato
2139 4647 2157 4694 ;
2184 4639 2233 4683 ct

659 4722 799 4790 quod
831 4736 1001 4773 sacra:
1028 4718 1322 4787 Scriptura:
1345 4722 1395 4775 iu
1430 4719 1664 4775 Sabbato
1693 4722 1922 4792 legenda:
1948 4724 2075 4777 sint.

1049 4893 1276 4949 Coucilii
1315 4893 1520 4948 Nicami
1552 4911 1721 4947 canon
1747 4894 1837 4948 20.

733 5008 821 5062 20.
867 5007 1133 5074 Quoniam
1168 5020 1295 5064 sunt
1332 5010 1576 5089 qqidam,
1607 5012 1699 5080 qui
1725 5009 1798 5078 {in
1830 5009 1917 5064 die
1956 5009 2241 5063 Dominico

665 5115 805 5170 genu
832 5100 1072 5166 ﬂectant,
1101 5110 1155 5155 et
1182 5102 1317 5172 ipsis
1347 5102 1541 5156 diebus
1564 5101 1939 5165 Pentecostes,
1969 5111 2029 5155 ut
2056 5101 2239 5154 omnia

665 5193 918 5248 similiter
968 5194 1023 5247 in
1073 5194 1222 5249 omni
1270 5195 1535 5265 parochia
1582 5204 1888 5260 serventur,
1930 5195 2107 5249 visum
2158 5202 2242 5248 est

665 5295 870 5341 sanctae
902 5286 1130 5355 synodo,
1156 5296 1216 5341 ut
1244 5296 1453 5342 stantes
1484 5287 1592 5341 Deo
1630 5287 1908 5342 orationes
1940 5286 2238 5343 cﬂ‘undant.

1024 5442 1252 5498 Concilii
1284 5441 1576 5497 Laodeceni
1602 5459 1777 5497 cauon
1804 5443 1894 5497 29.

738 5577 829 5632 29.
871 5576 1029 5643 Quod
1072 5592 1182 5631 non
1220 5586 1434 5647 oportet
1474 5576 1816 5633 Christianos
1844 5576 2149 5646 judaizare,
2190 5588 2245 5633 et

674 5668 729 5721 in
762 5667 1003 5722 Sabbato
1038 5668 1225 5735 otiari,
1266 5667 1361 5723 sed
1397 5667 1543 5738 ipsos
1586 5686 1651 5723 eo
1673 5671 1761 5723 die
1799 5669 2014 5739 operari
2044 5686 2058 5721 :
2098 5670 2241 5725 diem

672 5770 855 5814 autem
884 5758 1225 5814 Dominicum
1262 5758 1611 5831 praeferentes
1640 5762 1823 5828 otiari,
1854 5761 1896 5815 si
1926 5761 2088 5817 modo
2116 5778 2244 5831 pos-

2337 4534 2465 4599 ταῗς
2499 4535 2747 4602 ἡμέραις
2772 4533 2885 4602 τῆς
2917 4536 3345 4605 Πεντηκοστῆς
3368 4554 3382 4569 ⁸
3415 4538 3512 4590 καί
3548 4538 3637 4592 ὅτι
3672 4540 3812 4592 κατὰ
3841 4538 3897 4588 τὸ

2339 4624 2661 4694 ἐγχωροῦν,
2698 4624 2793 4677 δεῖ
2820 4625 3142 4693 σχολάζειν
3166 4627 3282 4693 τὴν
3321 4628 3626 4697 Κυριακήν
3649 4643 3663 4659 ·
3692 4631 3761 4682 οὐ
3784 4627 3899 4696 μὴν

2342 4716 2407 4769 τὸ
2433 4715 2754 4771 σάϐϐατον·
2788 4719 2885 4771 καί
2911 4717 2999 4771 ὅτι
3014 4717 3111 4771 δεῖ
3130 4720 3374 4788 Γραφὰς
3396 4722 3824 4791 ἀναγινώσκειν
3844 4718 3898 4772 τὸ

2348 4805 2670 4860 σάϐϐατον.

2684 4898 2952 4952 Συνοδου
2991 4901 3242 4967 Νικαίας
3296 4902 3495 4955 κανὼν
3515 4902 3585 4956 κ’.

2408 5005 2475 5059 κ’.
2542 5006 2758 5078 Ἐπειδή
2808 5008 2952 5071 τινές
3002 5011 3139 5063 εἰσιν
3171 5012 3228 5063 ὲν
3254 5014 3319 5082 τῇ
3354 5014 3609 5085 Κυριακῇ
3660 5011 3897 5081 γονυκλι-

2338 5096 2577 5160 τοῦντες,
2615 5099 2708 5151 καὶ
2737 5101 2794 5151 ὲν
2821 5102 2940 5163 ταῖς
2964 5101 3063 5171 τῆς
3089 5104 3467 5173 Πεντηκοστῆς
3498 5106 3747 5176 ἡμέραις,
3774 5104 3901 5171 ὑπὲρ

2337 5190 2430 5241 τοῦ
2470 5190 2646 5244 πάντα
2676 5192 2735 5244 ὲν
2758 5192 2907 5263 πάσῃ
2950 5196 3213 5267 παροικίᾳ
3257 5196 3639 5265 φυλάττεσθαι,
3673 5196 3899 5254 ἑστῶτας

2338 5279 2487 5345 ἔδοξε
2543 5284 2610 5352 τῇ
2659 5282 2793 5355 ἁγία
2840 5284 3044 5355 συνόδῳ
3098 5287 3196 5350 τὰς
3245 5288 3413 5358 εὐχὰς
3480 5289 3780 5342 ἀποδιδόναι
3830 5282 3899 5353 τῷ

2345 5370 2484 5441 Θεῷ,

2634 5489 2901 5544 Συνόδου
2925 5492 3283 5560 Λαοδικείας
3313 5495 3515 5548 κανὼν
3534 5494 3636 5548 κθ’.

2419 5577 2522 5631 κθ’.
2562 5579 2682 5633 Ὅτι
2718 5582 2777 5633 οὐ
2808 5581 2889 5634 δεῖ
2916 5584 3274 5654 Χριστιανοὺς
3312 5586 3598 5648 ἰουδαΐζειν
3624 5585 3712 5637 καὶ
3738 5584 3791 5634 ἐν
3834 5578 3901 5649 τῷ

2353 5670 2617 5741 Σαϐϐάτῳ
2650 5674 2951 5743 σχολάζειν,
2981 5675 3443 5747 ἀλλ’ὲργάζεσθαι
3478 5679 3672 5741 αὐτοὺς
3702 5678 3756 5730 ὲν
3776 5674 3898 5741 αὐτῇ

2352 5765 2418 5835 τῇ
2450 5764 2631 5836 ἡμέρα
2666 5781 2691 5835 ﬁ
2714 5770 2827 5838 ,τὴν
2878 5769 2932 5822 δὲ
2982 5771 3264 5843 Κυριακὴν
3300 5771 3695 5842 προτιμῶντας,
3734 5767 3786 5825 εἷ
3846 5779 3904 5833 γε
