4122 6490
438 384 540 449 645

1300 381 1699 445 SYNTAGMA
1729 385 2099 449 CANONUM
2156 410 2226 426 -·
2266 391 2394 452 ΤῙΤ
2431 392 2563 467 VII,
2600 392 2760 454 CAP.
2786 391 2900 456 ‘IV.

3605 397 3709 461 646

434 501 706 562 δύναιντο,
742 495 1028 568 σχολάζειν
1053 493 1130 559 ὡς
1174 493 1496 565 Χριστιανοί
1527 512 1541 526 ο
1573 498 1622 549 εἱ
1660 498 1717 551 δὲ
1751 500 2030 569 εὑρεθεῖεν

2133 501 2261 567 sint,
2297 512 2357 557 ut
2390 503 2755 559 Christianos.
2783 501 2939 570 Quod
2975 503 3019 558 si
3056 502 3260 557 inventi
3292 502 3497 560 fuerint
3523 505 3710 576 judai-

447 589 796 650 Ἰουδαῖσταὶ,
824 586 1067 638 εστωσαν
1096 585 1347 654 ἀνάθεμα
1372 587 1522 656 παρὰ
1552 588 1794 659 Χριστῷ.

638 677 907 733 Συνόδου
959 676 1379 745 Καρθαγέννης
1428 678 1629 731 κανὼν
1666 678 1768 746 ξαῆ

506 771 647 839 Περὶ
670 769 945 838 θεωρίων,
979 768 1080 821 ἵνα
1128 768 1197 821 ὲν
1236 768 1308 836 τῇ
1340 770 1611 838 Κυριακῇ
1649 772 1749 825 καὶ
1779 772 1848 826 ἐν
1896 771 2022 839 ταῖς

433 860 674 927 λοιπαῖς
728 858 849 912 τῶν
917 858 1102 927 ἁγίων
1184 856 1416 925 ἑορταῖς
1485 858 1773 928 μηδαμῶς
1832 860 2026 915 ἐπιτε-

433 951 676 1006 λῶνται.

506 1043 609 1110 ξσί.
636 1043 872 1097 Κάκεῖνο
894 1039 973 1093 ἔτι
1002 1039 1107 1111 μὴν
1123 1040 1204 1093 δεῖ
1225 1039 1466 1109 αἰτῆσαι,
1494 1040 1579 1092 ἵνα
1604 1039 1671 1092 τὰ
1696 1039 1898 1111 θεώρια
1916 1040 2023 1094 τῶν

434 1134 736 1205 θεατρικῶν
774 1132 1040 1201 παιγνίων
1072 1133 1129 1183 ἐν
1164 1135 1228 1201 τῇ
1264 1133 1536 1201 Κυριακῇ,
1567 1132 1661 1185 καὶ
1684 1132 1741 1183 ἐν
1767 1134 1882 1196 ταῖς
1915 1132 2025 1185 λοι-

433 1230 563 1290 παῖς
593 1226 849 1297 φαιδραῖς
869 1227 968 1295 τῆς
1003 1224 1114 1277 τῶν
1129 1224 1471 1295 Χριστιανῶν
1499 1224 1737 1287 πίστεως
1761 1225 2018 1295 ἡμέραις,

431 1317 749 1371 κωλύωνται
796 1315 1032 1385 μάλιστα
1064 1330 1078 1343 ·
1113 1315 1195 1366 ὃτι
1244 1316 1303 1366 ἐν
1339 1316 1405 1385 τῇ
1455 1314 1666 1381 όγδοάδι
1712 1314 1807 1368 τοῦ
1865 1315 2020 1383 ἁγίου

430 1409 641 1478 Πάσχα,
676 1408 724 1460 οί
755 1406 901 1477 ὖχλοι
933 1406 1132 1477 μᾶλλον
1154 1407 1232 1468 εἰς
1262 1405 1321 1457 τὸ
1352 1405 1730 1475 ἱπποδρόμιον,
1763 1406 1907 1477 ἥπερ
1939 1406 2021 1469 είς

430 1501 528 1570 τὴν
576 1498 899 1569 Ἐκκλησίαν
934 1497 1303 1567 συνέρχονται,
1350 1496 1586 1564 ὀφείλειν
1620 1497 2015 1566 μετενεχθῆναι

430 1594 530 1655 τὰς
572 1592 884 1662 ὡρισμένας
931 1590 1111 1643 αὐτῶν
1167 1589 1400 1659 ἡμέρας,
1432 1589 1520 1640 ὅτε
1560 1589 1887 1660 ἀπαντήσει,
1922 1591 2019 1642 καὶ

433 1684 510 1755 μὴ
549 1684 786 1753 ὀφείλειν
812 1681 934 1736 τινὰ
981 1680 1091 1734 τῶν
1144 1680 1490 1751 Χριστιανῶν
1519 1680 1654 1751 πρὸς
1691 1680 1761 1733 τὰ
1815 1679 2019 1751 θεώρια

427 1777 602 1828 ταῦτα
631 1774 1057 1842 ἀναγκάζεσθαι.

425 1867 699 1921 Evr-(560v
735 1864 1157 1933 οἱκουμενικῆς
1211 1862 1391 1931 ἕκτης
1444 1862 1645 1918 κανὼν
1679 1861 1765 1928 ιθ’,
1799 1864 1905 1930 ξς,
1933 1863 2003 1931 ιζ.
2044 1862 2084 1915 Β

503 1958 588 2012 ιϐ’.
622 1958 744 2011 Ὅτι
771 1958 853 2011 δεῖ
879 1958 1006 2020 τοὺς
1035 1956 1144 2009 τῶν
1181 1956 1519 2026 Ἐκκλησιῶν
1550 1955 1925 2027 προεστῶτας,
1959 1958 2016 2009 ἐν

426 2049 578 2122 πάσῃ
628 2049 725 2120 μὲν
779 2048 992 2120 ἡμέρᾳ,
1045 2048 1337 2121 ἐξαιρέτως
1391 2047 1448 2100 δὲ
1501 2050 1625 2111 ταῖς
1685 2050 2013 2118 Κυριακαῖς,

425 2140 607 2193 πάντα
626 2140 717 2192 τὸν
753 2140 954 2210 κλῆρον
986 2140 1079 2192 καὶ
1111 2139 1202 2193 τὸν
1231 2139 1357 2194 λαὸν
1383 2139 1719 2192 ἐκδιδάσκειν
1751 2139 1878 2201 τοὺς
1920 2142 2016 2210 τῆς

424 2232 709 2296 εὐσεϐείας
744 2232 956 2299 λόγους,
997 2234 1061 2285 ἐκ
1095 2232 1194 2302 τῆς
1226 2232 1373 2293 θείας
1418 2231 1641 2302 Γραφῆς
1681 2230 2017 2301 ἀναλεγομέ-

424 2336 548 2382 νους
578 2319 648 2371 τὰ
673 2319 772 2388 τῆς
816 2318 1075 2389 ἀληθείας
1125 2320 1375 2389 νοήματά
1399 2337 1456 2373 τε
1492 2320 1587 2373 καὶ
1620 2320 1886 2390 κρίματα,
1920 2321 2016 2373 καὶ

428 2411 504 2481 μὴ
538 2410 1003 2481 παρεκϐαίνοντας
1038 2413 1165 2476 τοὺς
1195 2413 1297 2484 ήδη
1330 2412 1585 2476 τεθέντας
1623 2413 1802 2482 ὄρους,
1834 2413 1867 2483 ἢ
1916 2414 2014 2484 τὴν

424 2507 490 2556 ἐκ
517 2502 626 2556 τῶν
656 2502 932 2573 θεοφόρων
962 2506 1224 2575 Πατέρων
1270 2505 1568 2576 παράδοσιν
1592 2522 1606 2536 ·
1640 2506 1777 2560 ἀλλὰ
1830 2506 1927 2560 καὶ
1961 2509 2011 2560 εί

423 2593 701 2663 Γραφικὸς
734 2592 1086 2665 ἀνακινηθείη
1112 2594 1289 2663 λόγος,
1319 2596 1392 2666 μὴ
1409 2594 1585 2658 ἄλλως
1612 2594 1800 2650 τοῦτον
1830 2597 2008 2666 ἐρμη-

421 2686 746 2750 νευέτωσαν,
808 2686 841 2756 ἢ
904 2686 979 2748 ὡς
1010 2684 1076 2739 ἂν
1136 2688 1184 2739 οἱ
1220 2689 1318 2757 τῆς
1373 2686 1700 2756 Ἐκκλησίας
1727 2689 2011 2759 φωστῆρες

421 2777 520 2830 καὶ
550 2776 863 2831 διδάσκαλοι
897 2777 984 2831 διὰ
1009 2778 1117 2831 τῶν
1143 2779 1362 2833 οἰκείων
1385 2781 1829 2850 συγγραμμάτων
1864 2798 2010 2851 παρη-

421 2865 607 2920 έθεντο
641 2883 655 2896 ’
699 2869 794 2921 καὶ
846 2868 1047 2939 μᾶλλον
1098 2870 1156 2921 ἐν
1194 2868 1405 2933 τούτοις
1448 2870 1937 2941 εὐδοκιμείτωσαν,
1972 2872 2005 2943 ἢ

418 2958 613 3028 λόγους
664 2962 899 3024 οἰκείους
954 2960 1383 3027 συντάττοντες,
1444 2962 1593 3015 ἐστιν
1639 2963 1728 3016 ὅτε
1786 2964 2008 3034 ἀπόρως

418 3050 635 3121 ἔχοντες
668 3053 805 3123 πρὸς
843 3054 1022 3119 τοῦτο,
1059 3054 1422 3107 άποπίπτοιεν
1456 3054 1549 3107 τοῦ
1609 3056 2002 3126 προσήκοντος.

419 3144 520 3198 Διά
551 3145 660 3215 γάρ
681 3146 781 3215 τῆς
808 3146 917 3199 τῶν
938 3147 1354 3217 προειρημένων
1373 3145 1629 3215 Πατέρων
1654 3146 2004 3210 διδασκαλίας

417 3236 469 3288 οἱ
515 3236 636 3290 λαοὶ
696 3238 754 3290 ὲν
802 3237 1004 3305 γνώσει
1026 3237 1300 3306 γινόμενοι
1349 3239 1457 3290 τῶν
1484 3255 1544 3290 τε
1573 3238 1875 3293 σπουδαίων
1905 3240 2002 3293 καὶ
2028 3204 2075 3264 c

418 3328 675 3399 αἱρετῶν,
726 3328 824 3382 καὶ
862 3330 969 3382 τῶν
1003 3329 1339 3399 ἀσυμφόρων
1390 3330 1485 3382 καὶ
1538 3329 1885 3400 άποϐλήτων,
1913 3330 2005 3384 τὸν

421 3421 536 3492 βίον
568 3421 1072 3494 μεταῤῥυθμίζουσι
1107 3420 1244 3492 πρὸς
1295 3420 1355 3474 τὸ
1386 3420 1613 3491 βέλτιον,
1663 3425 1758 3474 καὶ
1800 3422 1878 3492 τῷ
1908 3422 2005 3493 τῆς

417 3513 639 3581 ἀγνοίας
663 3514 761 3583 οὐχ
808 3512 1122 3566 ἁλίσκονται
1171 3510 1356 3577 πάθει,
1386 3511 1522 3566 ἀλλά
1556 3512 1911 3582 προσέχοντες
1935 3514 2002 3584 τῇ

415 3604 734 3676 διδασκαλίᾳ
755 3645 770 3669 ,
803 3606 1030 3667 ἑαυτοὺς
1064 3603 1203 3674 πρὸς
1236 3603 1298 3656 τὸ
1332 3604 1407 3674 μὴ
1447 3604 1635 3667 κακῶς
1667 3605 1859 3658 παθεῖν
1894 3622 2002 3658 πα-

420 3694 740 3767 ραθήγουσι,
792 3696 884 3749 καὶ
915 3695 1064 3765 φόϐῳ
1093 3694 1202 3747 τῶν
1253 3694 1650 3766 ἐπηρτημένων
1690 3696 1998 3766 τιμωριῶν,

414 3787 514 3857 τὴν
562 3786 839 3857 σωτηρίαν
868 3786 1049 3849 αὐτοῖς
1080 3785 1489 3855 ἐξεργάζονται.

487 3875 595 3941 Eg’.
645 3876 778 3928 Ἀπὸ
807 3876 909 3946 τῆς
966 3876 1128 3943 ἁγίας
1188 3875 1563 3947 ἀναστασίμου
1609 3875 1848 3947 Χριστοῦ
1904 3876 1999 3931 τοῦ

412 3967 549 4020 Θεοῦ
574 3968 731 4038 ἡμῶν
763 3969 993 4040 ἡμέρας,
1027 3969 1186 4039 μέχρι
1216 3965 1312 4038 τῆς
1343 3969 1536 4039 καινῆς
1563 3969 1870 4040 Κυριακῆς,
1903 3971 2001 4041 τὴν

413 4057 542 4126 ὅλην
573 4058 844 4129 ἑϐδομάδα
886 4060 943 4112 ἐν
976 4063 1098 4122 ταῖς
1133 4058 1317 4126 ἁγίαις
1368 4058 1688 4128 ἐκκλησίαις
1720 4059 1999 4129 σχολάζειν

411 4151 492 4203 δεῖ
517 4150 941 4220 ἀπαραλείπτως
972 4152 1097 4212 τοὺς
1139 4151 1364 4213 πιστοὺς
1393 4152 1451 4203 ἐν
1500 4150 1735 4221 ψαλμοῖς
1770 4153 1863 4203 καὶ
1895 4151 2001 4222 ὓμ-

411 4260 523 4304 νοις
555 4242 651 4296 καὶ
706 4242 869 4312 ᾠδαῖς
927 4245 1323 4312 πνευματικαῖς
1400 4242 1867 4313 εὐφραινομένους
1940 4245 1999 4297 ἐν

412 4333 636 4403 Χριστῷ
658 4335 754 4386 καὶ
784 4332 1169 4404 ἑορτάζοντας,
1196 4334 1290 4386 καὶ
1319 4336 1385 4405 τῇ
1433 4333 1540 4387 τῶν
1562 4334 1721 4387 θείων
1768 4334 1998 4404 Γραφῶν

410 4424 719 4494 ἀναγνώσει
770 4427 1155 4497 προσέχοντας,
1183 4427 1277 4480 καὶ
1307 4426 1416 4479 τῶν
1454 4425 1624 4494 ἁγίων
1677 4427 1997 4497 μυστηρίων

2132 602 2338 659 zantes,
2367 595 2477 648 sint
2502 599 2796 649 anathema
2831 595 2975 665 apud
3010 594 3316 650 Christum.

2202 675 2432 731 Conciiii
2472 675 3099 745 Cartltaginensis'canon
3125 678 3213 732 8L

2129 764 2207 820 De
2226 768 2562 834 spectaculis,
2595 778 2653 820 ut
2678 769 2763 821 die
2794 768 3094 825 Dominico.
3138 768 3220 821 vel
3258 769 3462 823 (αξιοι-ἔς
3491 781 3704 825 sancto-

2344 876 2461 913 rum
2493 860 2868 929 festivitatibus
2903 860 3118 913 minime
3138 860 3484 914 celebrentur.

2198 1039 2288 1093 7|.
2325 1038 2544 1094 Necnon
2575 1039 2620 1072 “
2648 1048 2704 1093 et
2736 1038 2871 1095 illud
2925 1039 3240 1108 petendum,
3292 1046 3353 1094 ut
3395 1039 3702 1109 spectacula

2127 1128 2463 1182 theatrorum
2508 1137 2939 1199 caeterorumque
2981 1130 3252 1194 ludorum}
3281 1130 3369 1185 die
3397 1129 3704 1194 Dominica,

2128 1220 2212 1274 vel
2235 1221 2445 1275 cmteris
2493 1223 2772 1292 religionis
2810 1223 3137 1278 Christiana
3178 1223 3371 1278 diebus
3416 1224 3709 1279 celeberri-

2127 1311 2233 1365 mis
2258 1323 2651 1380 amoveantur;
2684 1314 2920 1368 maxime
2944 1314 3069 1383 quia
3103 1315 3278 1368 sancti
3315 1314 3437 1381 (ms.
3480 1316 3706 1387 sancta‘)

2137 1399 2361 1456 Pascha:
2425 1411 2744 1458 nctavarum
2803 1404 2891 1459 die
2935 1406 3119 1475 populi
3169 1406 3236 1459 ad
3270 1406 3476 1461 circum
3532 1411 3705 1479 magis

2126 1508 2290 1563 quam
2324 1493 2391 1547 ad
2424 1494 2710 1549 ecclesiam
2760 1497 3134 1560 conveniunt,
3179 1498 3373 1553 debere
3416 1499 3703 1555 transferri

2125 1585 2431 1641 devotionis
2472 1600 2664 1640 eorum
2739 1587 2858 1642 dies
2881 1588 2994 1659 (50)
3020 1590 3063 1644 si
3095 1591 3312 1658 quando
3341 1592 3699 1655 occurrerint,

2126 1692 2226 1732 nec
2264 1686 2515 1747 Oportere
2543 1679 2705 1731 etiam
2730 1693 3064 1749 quemquam
3110 1680 3546 1738 Christianorum
3578 1684 3700 1755 (τοεί

2124 1768 2190 1822 ad
2232 1769 2346 1823 haec
2382 1770 2714 1839 spectacula.

2164 1861 2325 1929 182
2366 1860 2589 1915 Concilii
2620 1865 2923 1917 wcumenici
2957 1880 3030 1931 vr,
3066 1881 3291 1920 canones
3326 1865 3411 1929 l9,
3444 1865 3533 1930 66,
3564 1866 3653 1921 90.

2195 1950 2282 2004 l9.
2323 1950 2480 2016 Quod
2518 1952 2561 1983 ⁸⁸
2596 1962 2807 2021 oportet
2835 1968 2955 2019 eos,
2989 1956 3081 2023 qui
3133 1966 3374 2025 praesunt
3419 1940 3695 2020 Ecclesiis,

2120 2040 2176 2093 in
2202 2028 2457 2096 omnibus
2476 2042 2696 2113 quidem
2721 2044 2938 2111 diebus,
2966 2046 3060 2102 sed
3082 2048 3351 2117 prmcipue
3377 2048 3695 2113 Dominicis,

2120 2147 2336 2187 omnem
2367 2134 2573 2189 clerum
2603 2144 2659 2189 et
2686 2137 2948 2206 populum
2983 2138 3182 2193 docere
3210 2140 3428 2208 pietatis
3453 2148 3507 2193 et
3535 2150 3697 2194 recte

2117 2224 2396 2293 religionis
2436 2227 2674 2296 eloquia,
2709 2243 2773 2282 ex
2820 2228 3002 2283 divina
3050 2228 3333 2300 Scriptura
3380 2231 3695 2298 colligentes

2117 2316 2502 2388 intelligentias
2532 2328 2587 2373 et
2610 2319 2817 2388 judicia
2849 2323 3097 2377 veritatis
3124 2339 3139 2377 :
3168 2331 3223 2377 et
3259 2338 3370 2377 non
3409 2332 3694 2393 transgre-

2116 2404 2326 2461 dientes
2366 2406 2481 2476 jam
2529 2408 2737 2473 positos
2778 2410 3063 2474 terminos,
3109 2412 3194 2466 vel
3240 2413 3552 2467 divinorum
3593 2414 3698 2468 Pa-

2117 2504 2256 2549 trum
2289 2496 2661 2553 traditionem.
2695 2499 2798 2554 Sed
2827 2509 2883 2554 et
2926 2500 2970 2555 si
3022 2501 3091 2555 ad
3139 2502 3475 2572 Scripturam
3526 2506 3698 2574 perti-

2114 2603 2251 2643 nens
2298 2591 2673 2645 controversia
2714 2592 2899 2661 aliqua
2940 2594 3175 2648 excitata
3222 2596 3411 2663 fuerit,
3451 2612 3520 2651 ne
3570 2612 3692 2652 eam

2112 2681 2270 2736 aliter
2313 2681 2759 2752 interpretentur,
2813 2701 2975 2754 quam
3009 2689 3297 2743 commodo
3328 2690 3583 2746 Ecclesia:
3608 2690 3695 2745 lu-

2111 2772 2338 2826 minaria
2381 2782 2435 2827 et
2481 2774 2730 2829 doctores
2764 2776 2880 2831 suis
2930 2778 3150 2846 scriptis
3187 2791 3592 2848 exposuerunt:
3640 2792 3695 2838 et

2111 2863 2373 2931 majorem
2410 2878 2472 2917 ex
2515 2864 2581 2919 iis
2608 2866 2823 2919 laudem
2866 2878 3257 2936 assequantur,
3290 2886 3453 2939 quam
3491 2874 3536 2926 si
3571 2887 3694 2942 quae

2109 2969 2139 3008 a
2172 2970 2230 3009 se
2262 2955 2521 3010 dicuntur
2548 2968 2895 3026 componant,
2936 2974 3036 3013 nec
3066 2962 3192 3014 dum
3239 2963 3569 3033 quandoque
3614 2966 3685 3018 ad

2108 3043 2159 3096 id
2199 3045 2469 3107 haesitant,
2522 3046 2591 3100 ab
2637 3062 2701 3101 eo
2747 3049 2891 3117 quod
2941 3051 3223 3114 convenit,
3264 3053 3539 3110 excidant.
3590 3056 3693 3111 Per

2108 3137 2489 3205 praedictorum
2548 3140 2693 3193 enim
2735 3142 2960 3196 Patrum
3009 3144 3338 3212 doctrinam,
3390 3148 3571 3217 populi
3622 3151 3689 3203 ad

2106 3243 2295 3282 eorum
2343 3247 2465 3301 quae
2496 3242 2623 3288 sunt
2654 3235 2794 3288 bona
2839 3244 2893 3289 et
2927 3236 3250 3305 expetenda,
3279 3249 3333 3292 ct
3374 3239 3587 3295 inutilia
3624 3258 3690 3297 ac

2108 3322 2425 3392 rejicienda,
2458 3328 2825 3396 cognitionem
2864 3329 3168 3394 venientes,
3203 3331 3371 3386 vitam
3405 3334 3456 3387 in
3497 3336 3690 3390 melius

2106 3426 2467 3485 componunt,
2498 3434 2598 3473 nec
2623 3419 2943 3489 ignorantiae
2970 3421 3161 3476 vitium
3188 3422 3515 3479 delehuntur
3543 3445 3555 3480 :
3585 3430 3681 3483 sed

2105 3508 2365 3563 doctrinae
2410 3518 2645 3566 mentem
2696 3511 3037 3580 adhibentes,
3065 3529 3124 3569 se
3161 3516 3310 3583 ipsos
3368 3517 3436 3571 ad
3490 3519 3564 3585 id,
3617 3536 3687 3575 ne

2106 3599 2230 3652 mali
2264 3600 2394 3669 quid
2442 3602 2521 3656 eis
2563 3602 2795 3667 accidat,
2843 3606 3125 3668 excitant;
3182 3616 3235 3662 et
3278 3608 3683 3668 imminentium

2105 3691 2494 3761 suppliciorum
2526 3705 2673 3750 metu
2705 3696 2809 3751 sihi
2845 3697 3079 3753 salutem
3117 3710 3437 3769 cperantur.

2178 3873 2268 3927 66.
2310 3871 2356 3926 Α
2408 3883 2598 3930 sancta
2644 3874 2847 3931 Christi
2892 3875 2986 3931 Dei
3034 3881 3211 3935 nostri
3257 3884 3683 3941 resurrectionis

2101 3967 2191 4021 die
2230 3980 2406 4036 usque
2437 3968 2506 4021 ad
2566 3983 2762 4021 novam
2817 3967 3179 4038 Dominicam,
3228 3980 3341 4028 t0ta
3378 3976 3682 4044 septimana

2104 4062 2153 4115 in
2184 4061 2431 4116 ecclesiis
2462 4076 2659 4115 vacare
2696 4062 2885 4116 fideles
2928 4063 3133 4134 jugiter
3174 4078 3387 4134 oportet
3436 4070 3680 4135 psalmis,

2102 4164 2155 4209 et
2185 4155 2422 4224 hymnis,
2448 4163 2504 4207 et
2541 4154 2881 4223 spiritalibus
2914 4158 3166 4222 canticis,
3206 4160 3259 4214 in
3293 4160 3515 4216 Christo
3544 4179 3679 4232 gau-

2099 4245 2309 4311 dentes,
2347 4244 2657 4314 festumque
2699 4246 3055 4314 celebrantes.
3100 4259 3152 4303 ct
3178 4250 3483 4305 divinarum
3534 4255 3681 4308 Scri-

2101 4348 2386 4405 pturarum
2431 4336 2650 4391 lectioni
2698 4347 2931 4391 mentem
2981 4339 3323 4404 adhibentes,
3377 4350 3431 4395 et
3472 4344 3679 4397 sanctis

2099 4429 2375 4499 mysteriis
2421 4428 2665 4499 jucunde
2693 4436 2747 4483 et
2774 4429 2916 4483 laute
2959 4429 3222 4485 fruentes.
3257 4432 3349 4486 Sic
3379 4434 3525 4487 enim
3553 4450 3677 4489 cum

410 4520 896 4587 κατατρυφῶντας.
962 4518 1230 4589 Ἐσόμεθα
1285 4518 1394 4589 γὰρ
1428 4517 1572 4571 οὕτω
1596 4517 1819 4588 Χριστῷ
1870 4534 1996 4571 συν-

2110 4520 2320 4575 Christo
2363 4520 2764 4585 exaltabimur,
2811 4530 2865 4575 et
2896 4536 3003 4575 una
3052 4536 3424 4593 resurgemus.
3459 4523 3676 4595 Nequa-

411 4610 761 4679 ανιστάμενοί
790 4627 849 4663 τε
897 4610 991 4664 καὶ
1033 4611 1427 4680 συνυψούμενοι
1456 4625 1471 4641 ο
1520 4607 1787 4679 μηδαμῶς
1819 4608 1913 4661 οῦν
1939 4611 1997 4663 ἐν

2110 4628 2264 4683 quam
2291 4628 2422 4684 ergo
2460 4614 2734 4684 praedictis
2768 4612 2962 4669 diebus
3016 4631 3283 4685 equorum
3328 4632 3548 4686 cursus,
3593 4617 3677 4673 vel

408 4702 531 4763 ταῖς
560 4702 947 4771 προκειμέναις
980 4702 1213 4773 ἡμέραις
1262 4700 1593 4770 ἱπποδρόμια
1630 4699 1662 4770 ἢ
1698 4700 1860 4769 ἑτέρα
1895 4701 1993 4770 δη-

414 4792 595 4865 μώδης
626 4794 723 4846 θέα
770 4792 1142 4847 ἐπιτελείσθω.

482 4889 554 4951 ιβ.
582 4886 714 4947 Ταῖς
760 4885 1065 4954 Κυριακαῖς
1097 4883 1171 4954 μὴ
1201 4882 1327 4951 γόνυ
1360 4883 1579 4942 κλίνειν.
1614 4883 1677 4934 ἐκ
1727 4882 1837 4935 τῶν
1874 4883 1993 4936 θεο-

410 4977 589 5048 φόρων
615 4976 770 5047 ἡμῶν
797 4976 1056 5044 Πατέρων
1086 4975 1386 5037 κανονικῶς
1435 4974 1842 5046 παρελάϐομεν,
1889 4975 1988 5046 τὴν

407 5069 501 5123 τοῦ
546 5068 780 5139 Χριστοῦ
824 5069 1090 5139 τιμῶντες
1142 5067 1460 5121 ἀνάστασιν.
1520 5066 1606 5130 Ὠς
1661 5067 1728 5120 ἂν
1782 5062 1875 5120 οὖν
1912 5067 1987 5137 μὴ

408 5163 696 5231 ἀγνοῶμεν
718 5160 779 5215 τὸ
802 5161 972 5230 σαφὲς
994 5162 1092 5232 τῆς
1118 5160 1309 5214 τούτου
1338 5161 1799 5230 παρατηρήσεως,
1827 5159 1985 5229 δῆλον

406 5258 516 5317 τοῖς
548 5257 756 5317 πιστοῖς
782 5253 1153 5323 καθιστῶμεν,
1201 5252 1341 5305 ὥστε
1376 5253 1512 5322 μετὰ
1534 5252 1633 5323 τὴν
1654 5255 1710 5306 ἐν
1738 5252 1813 5323 τῷ
1842 5254 1984 5306 Σαϐ-

406 5345 555 5417 ϐάτῳ
572 5348 864 5418 ἐσπερινὴν
879 5345 986 5398 τῶν
1016 5346 1327 5415 ἱερωμένων
1350 5345 1487 5416 πρὸς
1509 5345 1572 5398 τὸ
1601 5345 1986 5416 θυσιαστήριον

408 5436 631 5506 εἴσοδον,
666 5439 810 5493 κατά
837 5438 898 5491 τὸ
932 5438 1166 5509 κρατοῦν
1209 5437 1330 5501 ἔθος
1384 5438 1590 5509 μηδένα
1622 5438 1751 5507 γόνυ
1782 5438 1987 5494 κλίνειν

2099 4705 2317 4776 aliquod
2352 4706 2631 4776 publicum
2663 4704 2758 4759 ﬁat
2781 4706 3181 4776 spectaculum.

2171 4883 2328 4954 183
2356 4883 2444 4938 90.
2485 4884 2784 4939 Dominicis
2816 4899 2955 4955 genu
2994 4899 3103 4938 non
3146 4884 3363 4940 ﬂectere
3404 4900 3433 4939 a
3476 4884 3679 4940 divinis

2097 4980 2302 5032 nostris
2331 4976 2607 5043 Patribus,
2635 4978 2837 5033 Christi
2871 4978 3329 5033 resurrectionem
3356 4978 3679 5033 honorantiu

2096 5068 2221 5133 bus,
2253 5070 2515 5123 canonice
2542 5070 2849 5139 accepimus
2889 5069 2955 5123 ⁸⁷.
2997 5068 3076 5125 Ne
3118 5085 3247 5140 ergo
3288 5068 3451 5137 hujus
3492 5068 3679 5125 obser-

2093 5163 2332 5217 vationis
2377 5163 2707 5217 evidentiam
2754 5163 3068 5232 ignoremus
3098 5202 3113 5227 ,
3156 5162 3405 5218 lidelihus
3450 5162 3678 5217 manife-

2095 5264 2240 5310 stum
2287 5254 2517 5309 iacimus
2553 5253 2697 5324 quod
2747 5261 2872 5323 post
2908 5254 3279 5324 vespertinum
3327 5254 3674 5308 sacerdotum

2094 5347 2161 5401 ad
2192 5346 2361 5401 altare
2391 5344 2632 5401 Sabbato
2662 5346 2999 5415 ingressum,
3027 5360 3094 5401 ex
3129 5345 3523 5399 consuetudine
3554 5357 3676 5411 qua:

2094 5449 2377 5505 servatur,
2404 5453 2567 5494 nemo
2598 5453 2741 5509 genu
2781 5436 2997 5506 ﬂectat,
3037 5452 3208 5509 usque
3242 5438 3310 5493 ad
3354 5446 3672 5507 sequentem

476 5597 519 5627 ⁸⁵
549 5580 718 5650 Cone.
746 5594 915 5651 Alric.
946 5610 997 5650 c.
1028 5594 1118 5653 28.
1196 5593 1241 5626 ⁸⁸
1279 5594 1414 5650 Can.
1444 5605 1621 5663 apost.
1649 5594 1740 5649 58.
1817 5594 1863 5626 ⁸⁷
1904 5592 2105 5649 ΝΞςιεη.
2142 5608 2315 5650 canon
2342 5593 2446 5661 20;
2480 5592 2627 5649 Petri
2652 5594 2806 5650 Alex.
2838 5610 2964 5649 can.
2994 5593 3079 5649 15.

492 5746 608 5813 (50)
634 5746 843 5811 Graece,
881 5764 899 5798 ι
930 5744 1217 5818 transferri
1252 5745 1547 5818 prtelinitos
1578 5761 1764 5801 eorum
1802 5746 1939 5802 dies.
1971 5764 1989 5796 ι
2034 5745 2261 5809 Devotio
2292 5747 2419 5818 quid
2473 5755 2620 5805 esset
2660 5762 2768 5804 non
2841 5746 3142 5812 intellexit,
3186 5758 3288 5800 nec
3324 5741 3670 5800 devotionem

410 5830 531 5871 esse
571 5818 804 5873 credidit
828 5818 881 5872 in
907 5817 1192 5887 gentilium
1223 5817 1570 5887 spectaculis.
