4122 6426
482 345 584 406 (47

1626 330 1885 392 ΡΗΟΤῙῙ
1915 326 2419 391 ΡΑΤΒῙΛΒΟΗΑΞ
2470 327 2578 388 CP.

3636 320 3741 385 MS

476 466 763 524 vesperam
803 450 860 505 in
899 447 987 505 die
1029 443 1355 511 Dominico;
1394 443 1575 511 inqua
1601 450 1725 512 post
1755 442 2061 511 ingressum

2171 440 2331 509 μέχρι
2361 438 2459 507 τῆς
2480 434 2679 505 ἑφεξῆς
2716 432 2856 487 κατὰ
2880 432 2979 503 τὴν
3015 430 3321 524 Κυριακὴν-
3333 428 3592 501 ἑσπέρας,
3615 431 3738 484 καθ’

478 546 535 599 in
579 538 971 611 complctorio,
1016 552 1193 608 genua
1233 548 1429 589 rursus
1466 532 1781 593 ﬂectentes,
1832 529 2060 585 Domino

478 650 674 705 preces
701 634 781 687 sie
806 630 1112 685 offerimus.
1148 625 1449 681 Salvatoris
1475 624 1622 679 enim
1671 621 1842 676 nostri
1870 637 2061 675 resur-

479 724 739 780 rectionis
780 735 1172 792 pnecursorem
1194 726 1432 781 noctem,
1463 729 1585 784 quae
1624 712 1727 767 fuit
1765 720 1888 781 post
1924 709 2062 765 Sab-

482 816 671 870 batum
705 813 1054 883 accipientes,
1091 810 1319 879 hymnos
1351 806 1419 859 ab
1456 818 1519 858 ea
1549 800 1825 871 spiraliter
1862 796 2062 866 incipi-

479 924 626 970 mus,
659 906 854 961 festum
892 919 957 957 ex
992 900 1227 955 tenebris
1260 898 1313 951 in
1350 896 1530 950 lucem
1569 892 1825 947 tinientes
1850 930 1865 955 ,
1911 899 1972 943 ut
2003 888 2061 942 in

478 997 725 1067 perfecto
751 1005 805 1049 et
833 994 1043 1063 integro
1067 990 1157 1045 die
1178 1003 1243 1043 ac
1270 995 1435 1042 nocte
1463 999 1567 1040 nos
1604 980 2060 1038 resurrectionem

477 1089 832 1143 eelebremus.

991 1256 1139 1311 Petri
1166 1271 1335 1308 canon
1373 1253 1461 1309 15.

546 1348 634 1401 15.
665 1345 776 1402 Nec
806 1347 1161 1417 reprehendet
1201 1360 1301 1400 nos
1334 1346 1622 1415 quisquam
1653 1350 1858 1409 etc.,ut
1899 1356 2063 1409 supra

472 1456 595 1509 pag.
649 1439 773 1493 65S.

548 1530 821 1599 Theophili
874 1544 938 1584 ex
993 1528 1166 1583 edicto
1193 1529 1257 1582 de
1288 1526 1649 1595 Theophania.

544 1623 612 1677 Et
654 1638 775 1677 mos
803 1631 856 1677 et
896 1624 1154 1676 honestas
1212 1635 1243 1673 a
1296 1619 1454 1674 nobis
1499 1617 1687 1686 exigit,
1736 1625 1794 1669 ut
1834 1628 2055 1669 omnem

471 1712 614 1766 diem
649 1712 986 1765 Dominicum
1025 1711 1380 1772 honoremus,
1413 1722 1649 1777 eumque
1670 1705 2006 1760 celebremus
2038 1741 2054 1769 ,

2162 530 2231 599 ἣν
2258 528 2397 599 μετά
2422 527 2523 596 τὴν
2554 528 2613 578 tv
2631 523 2709 594 τῷ
2740 522 2978 594 λυχνικῷ
3003 521 3226 586 εῐσοδον,
3257 515 3411 583 αὖθις
3439 519 3509 571 τά
3535 520 3740 587 γόνατα

2163 621 2530 689 κάμπτοντες,
2551 615 2691 669 οὕτω
2722 616 2819 678 τὰς
2847 614 3012 684 εὐχὰς
3041 613 3119 683 τῷ
3146 613 3338 681 Κυρίῳ
3369 611 3741 681 προσάγομεν.

2162 712 2276 780 Τῆς
2307 711 2416 779 γάρ
2437 707 2534 761 τοῦ
2554 707 2806 775 Σωτῆρος
2835 706 2990 774 ἡμῶν
3021 705 3293 776 ἔγέρσεως
3315 702 3622 774 πρόδρομον
3645 702 3745 771 τὴν

2165 801 2305 872 μετὰ
2352 799 2414 852 τὸ
2460 797 2737 852 Σάδδατον
2798 796 2973 851 νύκτα
3020 793 3576 865 παραλαμϐάνοντες,
3634 786 3792 865 τῶνξ

2164 893 2350 964 ὕμνων
2393 891 2643 946 ἐντεῦθεν
2683 889 3073 961 πνευματικῶς
3101 886 3482 957 άπαρχόμεθα,
3514 889 3596 949 είς
3629 886 3745 953 φῶς
3778 876 3791 893 ”

2161 987 2227 1039 ἐκ
2257 985 2479 1048 σκότους
2497 984 2598 1055 τὴν
2624 982 2816 1055 ἑορτὴν
2841 981 3241 1052 καταλήγοντες
3262 996 3275 1011 ·
3292 978 3368 1042 ὼς
3388 981 3447 1032 tv
3467 977 3746 1047 ὁλοκλήρῳ

2162 1073 2412 1128 ἐντεῦθεν
2446 1074 2601 1127 νυκτὶ
2649 1072 2746 1127 καὶ
2796 1072 2983 1143 ἡμέρα
3039 1069 3436 1142 πανηγυρίζειν
3478 1070 3627 1140 ἡμᾶς
3647 1070 3746 1139 τὴν

2163 1167 2478 1225 ἀνάστασιν.
2616 1164 2632 1178 ’

2687 1259 2913 1327 Πέτρου
2939 1259 3143 1312 κανὼν
3165 1264 3246 1312 ιε’.

2235 1359 2317 1407 ιε’.
2344 1352 2459 1406 Οὐκ
2488 1351 2774 1421 έγκαλέσει
2807 1368 2892 1415 τις
2927 1353 3081 1422 ἡμῖν,
3109 1368 3165 1404 κ.
3190 1367 3241 1404 τ.
3268 1349 3321 1404 λ.

2165 1530 2460 1597 Θεοφίλου
2479 1528 2549 1582 ἐκ
2578 1525 2687 1595 τῆς
2707 1528 2841 1595 περὶ
2860 1527 2979 1580 τῶν
2997 1529 3340 1596 Θεοφανιων
3354 1524 3741 1595 πωσφωνῆς.

2232 1622 2341 1676 Καὶ
2361 1621 2421 1674 τὸ
2443 1620 2563 1684 έθος
2590 1620 2653 1674 τὸ
2672 1620 2882 1690 πρέπον
2904 1620 3052 1690 ἡμᾶς
3075 1620 3318 1682 ἀπαιτεῖ,
3336 1620 3517 1672 πᾶσαν
3544 1619 3747 1689 Κυρια-

2160 1712 2263 1785 κὴν
2298 1714 2486 1785 τιμᾷν,
2523 1714 2615 1765 καὶ
2671 1716 2729 1767 tv
2779 1712 2950 1787 ταύτῃ
2987 1711 3401 1781 πανηγυρίζειν,
3448 1709 3743 1778 ἐπειδήπερ

471 1801 734 1868 quoniam
804 1798 1071 1853 Dominus
1132 1807 1320 1850 noster
1371 1793 1804 1849 Jesustjhristus
1831 1789 2059 1858 przecla-

2166 1780 2230 1859 ὲν⁷
2276 1780 2449 1878 ταύτῂ
2478 1804 2733 1874 ὁΚύριος
2780 1780 2949 1874 ἡμῶν,
2996 1780 3201 1874 Ἰησοῦς
3234 1802 3474 1872 Χριστὸς
3531 1800 3631 1871 τὴν
3681 1801 3746 1853 ὲκ

474 1906 595 1942 rum
614 1891 665 1942 in
686 1904 750 1943 ea
779 1902 891 1942 sure
922 1885 1340 1942 resurrectionis
1363 1898 1561 1939 munus
1589 1882 1742 1937 obiit.
1768 1879 1834 1933 Et
1849 1880 1969 1933 ideo
1998 1879 2053 1932 in

475 1980 648 2034 sacris
672 1978 969 2049 Scripturis
1026 1980 1163 2048 ipse,
1203 1985 1259 2032 et
1307 1976 1519 2046 primus
1574 1974 1879 2044 appellatus
1946 1980 2051 2036 est,

474 2085 534 2125 ut
580 2072 671 2141 qui
716 2073 789 2126 sit
824 2072 980 2126 nobis
1031 2072 1154 2125 vita:
1201 2070 1555 2141 principium,
1611 2077 1664 2122 et
1695 2076 1943 2128 octavus,
1997 2072 2057 2117 ut

474 2166 568 2231 qui
629 2162 944 2218 Iudaeorum
1006 2163 1414 2217 Sabbatismum
1481 2157 1850 2228 exsuperavit.
1915 2154 2057 2221 Quia

474 2272 606 2327 ergo
659 2257 877 2322 accidit,
906 2266 967 2310 ut
1043 2266 1359 2312 sanctorum
1427 2240 1909 2320 Theophaniorum
1966 2246 2058 2300 hic

474 2361 619 2406 esset
676 2350 793 2405 dies
822 2350 1032 2419 jejunio
1084 2348 1444 2418 peragendus,
1473 2344 1878 2414 dispensemus,
1906 2348 1961 2393 et
1990 2337 2059 2392 atl

475 2452 775 2512 utrumque
806 2443 1043 2498 scientes
1081 2441 1464 2512 procedamus,
1504 2447 1565 2491 ut
1592 2450 1793 2504 paucos
1815 2430 2059 2502 dactylos

475 2542 778 2600 sumentes,
831 2532 994 2589 simul
1045 2543 1098 2586 et
1135 2533 1366 2586 haereses
1408 2529 1662 2591 vitemus,
1696 2539 1819 2595 qua:
1843 2519 2058 2576 Domini

475 2625 650 2679 nostri
696 2623 825 2679 Jesu
876 2624 1079 2678 Christi
1116 2620 1535 2677 resurrectionis
1567 2618 1712 2673 diem
1746 2630 1855 2670 non
1882 2614 2060 2668 hono-

476 2726 623 2785 rant,
659 2726 713 2772 et
746 2717 852 2771 diei
882 2716 1077 2785 jejunii
1114 2713 1260 2785 quod
1297 2713 1525 2768 debetur
1561 2710 1873 2771 reddamus,
1898 2702 2061 2775 184

476 2811 586 2864 Deo
646 2810 829 2876 dante,
857 2810 1155 2879 peragitur.
1210 2808 1630 2876 Congregamur
1685 2814 1817 2871 ergo
1848 2798 1939 2853 hic
1990 2795 2061 2850 ab

478 2903 609 2957 hora
635 2918 799 2957 noua.

550 3080 765 3136 Textus.
788 3080 978 3135 Const.
1011 3080 1064 3145 6,
1104 3080 1185 3133 tit.
1226 3080 1293 3133 12
1324 3078 1419 3132 lib.
1457 3078 1513 3141 5,
1548 3074 1670 3130 eod.
1700 3071 2053 3127 Dominicum

2162 1898 2371 1968 νεκρῶν
2428 1898 2724 1952 ἀνάστασιν
2781 1898 2915 1966 ἡμῖν
2969 1894 3363 1965 ὲπρυτάνευσε.
3408 1891 3499 1946 Διὸ
3530 1892 3589 1945 tv
3626 1894 3745 1952 ταῖς

2164 1990 2337 2060 ίεραῖς
2368 1990 2615 2057 Γραφαῖς
2649 1988 2746 2043 καὶ
2775 1986 2964 2058 πρώτη
2995 1985 3277 2053 κέκληται.
3324 1986 3399 2049 ὼς
3433 1986 3578 2056 ἀρχὴ
3615 1984 3746 2053 ἡμῖν

2164 2080 2309 2151 ζωῆς
2329 2082 2666 2150 ὑπάρχουσα,
2694 2080 2789 2134 καὶ
2815 2079 2999 2150 ὀγδόη,
3027 2078 3123 2133 ἅτε
3141 2078 3206 2148 δὴ
3228 2076 3744 2148 ύπεραναϐεϐηκυῖα

2162 2174 2254 2225 τὸν
2290 2171 2399 2225 τῶν
2457 2171 2723 2225 Ἰουδαίων
2770 2170 3170 2239 Σαϐϐατισμόν.
3217 2168 3369 2224 Ἐπεὶ
3400 2162 3492 2221 οὖν
3550 2165 3743 2235 συνέϐη

2162 2264 2263 2336 τὴν
2292 2264 2399 2317 τῶν
2438 2264 2608 2333 ἁγίων
2664 2263 2977 2333 θεοφανίων
3007 2262 3267 2332 νήστιμον
3298 2260 3516 2331 ἡμέραν
3542 2258 3742 2327 ταύτην

2164 2351 2322 2418 εἶναι,
2345 2356 2791 2423 οίκονομήσωμεν
2808 2352 2903 2406 καὶ
2929 2352 3064 2423 πρὸς
3084 2351 3342 2423 ἑκάτερον
3366 2350 3745 2420 ἐπιστημόνως

2165 2446 2501 2517 χωρήσωμεν
2523 2461 2537 2475 ·
2569 2445 2657 2499 ἵνα
2694 2443 3201 2514 μεταλαμϐάνοντες
3229 2442 3425 2511 ὀλίγων
3460 2439 3743 2510 φοινίκων,

2166 2538 2500 2608 ὲκκλίνωμεν
2556 2536 2672 2606 ἃμα
2711 2536 2804 2589 καὶ
2838 2536 2933 2600 τὰς
2981 2536 3222 2607 αἱρέσεις
3247 2535 3346 2597 τὰς
3381 2532 3457 2604 μὴ
3502 2532 3746 2603 τιμώσας

2164 2631 2265 2701 τὴν
2302 2629 2676 2699 άναστάσιμον
2713 2628 2809 2681 τοῦ
2857 2627 3065 2699 Κυρίου
3099 2627 3259 2698 ήμῶν
3298 2625 3472 2696 Ἰησοῦ
3508 2622 3745 2696 Χριστοῦ

2167 2724 2399 2794 ἡμέραν,
2454 2721 2551 2776 καὶ
2605 2722 2666 2775 τὸ
2727 2720 3077 2791 ὀφειλόμενον
3137 2722 3202 2790 τῇ
3262 2718 3509 2789 νηστίμῳ
3568 2719 3748 2790 ἡμέρᾳ

2167 2814 2473 2885 ἀποδῶμεν,
2535 2814 2924 2884 περιμένοντες
2964 2812 3064 2882 τὴν
3129 2813 3421 2882 έσπερινὴν
3492 2811 3744 2877 σύναξιν,

2166 2910 2289 2978 ἥτις
2326 2905 2559 2960 ἐνταῦθα
2580 2903 2717 2958 Θεοῦ
2746 2903 2991 2966 θέλοντος
3012 2903 3361 2956 ἐπιτελεῖται·
3394 2901 3746 2972 συναχθῶμεν

2168 2999 2348 3052 τοίνυν
2379 2998 2489 3051 ἀπὸ
2509 2996 2656 3068 ὧρας
2684 2996 2910 3066 ἐννάτης
2942 2994 3197 3049 ἐνταῦθα.

2252 3091 2316 3143 Ἦ
2347 3089 2400 3153 ς’
2428 3089 2568 3143 διάτ.
2596 3087 2689 3141 τοῦ
2729 3088 2795 3157 ιβ’
2828 3087 2934 3141 τίτ.
2954 3086 3049 3140 τοῦ
3081 3084 3127 3154 γ’
3164 3085 3304 3157 eum.
3329 3085 3422 3139 τοῦ
3451 3085 3584 3140 κὼδ.
3605 3086 3747 3154 λέγει

477 3171 622 3227 diem
662 3173 909 3226 feriatum
942 3186 1087 3235 esse,
1117 3172 1270 3225 dicit.
1303 3172 1370 3225 Et
1392 3178 1570 3224 const.
1597 3168 1651 3233 9,
1694 3166 1944 3237 ejusdem
1975 3164 2061 3215 tit.

2171 3142 2580 3254 τὴνΚύριακὴν
2611 3142 2894 3251 ἄπρακτον
2918 3142 3129 3250 εῖναι-η
3155 3142 3213 3233 δὲ
3232 3178 3274 3232 θ’
3296 3179 3437 3233 διάτ.
3457 3178 3555 3231 τοῦ
3586 3142 3746 3234 αὑτοῦ

478 3265 667 3319 eadem
696 3263 828 3336 [die]
855 3263 1126 3318 neminem
1161 3261 1712 3335 [debiti].admoneri,
1739 3269 1833 3315 aut
1865 3260 2065 3329 |aquo-

479 3356 668 3428 quam]
734 3356 1156 3427 ﬁdejussiones,
1221 3356 1464 3412 debitum
1511 3356 1597 3409 vel
1658 3355 1936 3425 publicum
1979 3347 2068 3405 vel

480 3449 753 3519 privatum
797 3448 939 3517 exigi
978 3465 993 3503 :
1027 3463 1205 3517 neque
1243 3445 1296 3501 in
1337 3447 1544 3517 judicio
1583 3447 1666 3518 agi
1719 3464 1732 3500 :
1774 3461 1953 3515 neque
1978 3460 2068 3501 se-

481 3542 665 3597 nieum
725 3540 1095 3611 spectaculum
1155 3550 1252 3593 aut
1310 3539 1618 3593 arenariam
1689 3537 2067 3601 venationem,

481 3642 578 3687 aut
624 3634 871 3688 circense
920 3642 1199 3687 certamen
1259 3631 1552 3686 celebrari.
1609 3630 1749 3697 Quin
1798 3642 1850 3685 et
1893 3631 1938 3684 si
1968 3646 2068 3684 na-

482 3724 611 3778 talis
678 3725 1026 3793 imperatoris
1098 3724 1153 3777 in
1206 3722 1571 3792 [Dominicum
1627 3723 1770 3777 diem
1828 3721 2071 3785 incidat,

483 3818 791 3887 spectacula
825 3817 1052 3873 ditl‘erri.
1100 3815 1203 3882 Qui
1241 3817 1570 3887 spectaculis
1602 3816 1890 3871 Dominico
1934 3813 2069 3887 [die]

482 3898 811 3974 interfuerit,
851 3920 908 3965 et
934 3914 1025 3981 qui
1052 3911 1330 3981 apparitor
1364 3911 1534 3982 legem
1561 3919 1936 3979 transgressus
1970 3910 2062 3979 sit,

481 4020 606 4059 eum
632 4004 823 4060 militia
842 4006 1069 4074 privari,
1099 4005 1330 4075 ejusque
1356 4004 1743 4074 patrimonium
1767 4005 2064 4075 proscribi.

482 4096 673 4152 Licere
707 4107 883 4152 tamen
916 4113 981 4153 eo
1017 4097 1148 4170 [die]
1180 4100 1383 4169 pacisci
1410 4107 1461 4153 et
1487 4098 1811 4168 transigere.
1850 4099 2061 4153 Dictum

479 4199 565 4245 est
586 4197 767 4244 autem
803 4191 895 4244 lib.
938 4191 985 4251 Ι,
1018 4191 1102 4254 tit,
1136 4192 1191 4256 9,
1225 4198 1405 4245 const.
1435 4192 1492 4252 2,
1524 4190 1624 4263 [et]
1658 4190 1745 4243 15.
1775 4190 1921 4259 quod
1965 4188 2062 4242 Ju-

480 4281 580 4335 daei
633 4282 721 4336 die
777 4282 1039 4349 Sabbato,
1095 4282 1325 4353 aliisque
1379 4281 1623 4351 ipsormn
1670 4281 1826 4336 festis
1865 4281 2061 4337 diebus

2171 3274 2277 3328 τίτ.
2307 3274 2386 3327 ὃτι
2422 3274 2479 3325 tv
2514 3273 2650 3342 αὐτῇ
2694 3271 2792 3341 οὐχ
2833 3272 3308 3342 ὑπομιμνήσκεταί
3342 3288 3446 3335 τις,
3482 3270 3513 3339 ἣ
3550 3269 3749 3338 ἐγγύας

2174 3362 2571 3433 άπαιτεῖται,ἢ
2610 3363 2889 3432 δημόσιον,
2935 3362 2968 3432 ἢ
3006 3361 3272 3416 ἰδιωτικὸν
3316 3362 3497 3431 χρέος,
3522 3360 3650 3414 οὔτε
3677 3361 3751 3413 δι-

2178 3457 2423 3523 κάζεται,
2456 3455 2581 3509 οὔτε
2616 3454 2850 3525 σκηνικὴ
2878 3454 2997 3518 θέα,
3036 3454 3069 3523 ἢ
3104 3452 3386 3524 κυνηγίου,
3421 3452 3453 3524 ἦ
3491 3452 3749 3523 ἱπποδρο-

2172 3554 2295 3626 μίου
2317 3552 2573 3603 τελεῖται·
2600 3548 2716 3602 ἀλλ’
2756 3550 2804 3601 εί
2852 3549 2946 3600 καὶ
2982 3548 3177 3617 φθάσει
3204 3546 3454 3601 νατάλιον
3485 3531 3751 3615 βασιλέως

2170 3647 2228 3697 ὲν
2255 3643 2532 3712 Κυριακῇ,
2555 3638 2902 3710 ὑπερτίθεται
2932 3638 2991 3691 τὸ
3024 3638 3269 3708 θεώριον’
3298 3640 3326 3691 ὁ
3353 3637 3409 3690 δὲ
3442 3637 3667 3708 θεωρῶν
3695 3638 3751 3687 ἐν

2169 3734 2449 3803 κυριακῇ,
2507 3728 2977 3799 ἁποστρατεύεται
3033 3729 3129 3781 καὶ
3198 3726 3517 3798 δημεύεται,
3577 3729 3669 3779 καὶ
3721 3725 3749 3775 ὁ

2171 3826 2503 3893 ὲκὸιεαστὴς
2537 3822 2790 3893 παραϐάς
2824 3821 2913 3875 τὸν
2944 3823 3128 3891 νόμον·
3165 3820 3344 3884 ἔξεστι
3371 3819 3428 3871 δὲ
3458 3818 3749 3872 πακτεύειν

2170 3918 2264 3971 καὶ
2302 3915 2613 3969 διαλύεσθαι
2663 3917 2721 3968 tv
2749 3916 3025 3984 Κυριακῇ·
3062 3914 3277 3983 εἴρηται
3311 3911 3452 3981 βιϐλ.
3491 3908 3542 3963 α’
3576 3910 3677 3963 τίτ.
3705 3909 3747 3960 θ’

2171 4009 2311 4064 διάτ.
2347 4008 2389 4077 β’
2435 4007 2531 4061 καὶ
2562 4012 2629 4076 ιγ’
2665 4006 2743 4059 ὅτι
2770 4008 2818 4059 οἱ
2855 4006 3093 4059 Ἰουδαῖοι
3123 4006 3179 4059 tv
3222 4004 3299 4075 τῷ
3341 4004 3609 4073 Σαόὁάτῳ
3659 4001 3747 4055 καὶ

2171 4104 2291 4166 ταῖς
2312 4102 2499 4165 ἄλλαις
2526 4100 2707 4154 αὐτῶν
2730 4080 2967 4170 ἑορταῖς,
2996 4098 3118 4152 οὔτε
3149 4097 3477 4169 σωματικῶς
3505 4096 3746 4164 λειτουρ-⁸

2170 4194 2381 4263 γοῦσιν,
2408 4193 2533 4247 οὔτε
2582 4210 2633 4246 τι
2665 4191 2929 4253 ποιοῦσιν,
2960 4190 3082 4243 οὔτε
3114 4190 3201 4243 διὰ
3227 4190 3491 4260 δημοσίαν
3520 4187 3556 4259 ἢ
3605 4186 3745 4240 ίδιω-

2167 4286 2326 4357 τικὴν
2357 4285 2536 4341 αἰτίαν
2571 4284 2875 4352 ὲνάγονται,
2904 4283 2936 4353 ἢ
2972 4285 3309 4353 Χριστιανοῖς
3331 4281 3639 4349 ὲνάγουσιν.

482 4388 659 4444 neque
700 4374 985 4443 corporale
1037 4389 1239 4429 munus
1270 4375 1496 4440 obeunt,
1532 4388 1709 4443 neque
1738 4374 2037 4444 quidquam
2082 4376 2312 4444 faciunt,
2375 4392 2553 4448 neque
2621 4385 2846 4447 propter
2890 4376 3165 4446 publicam
3195 4376 3461 4445 privatam
3490 4375 3576 4428 vel
3617 4390 3745 4430 cau-

479 4481 598 4521 sam
631 4466 799 4534 injus
845 4475 1132 4527 vocantur.
1177 4474 1269 4520 aut
1309 4464 1459 4537 [ipsi]
1506 4466 1851 4521 Christianos
1889 4468 1942 4522 in
1981 4469 2071 4537 jus
2110 4480 2328 4526 vocant.

551 4560 702 4614 CAP.
742 4559 803 4612 V.
831 4590 900 4601 —
927 4559 1038 4615 Cur
1080 4576 1213 4630 genu
1272 4560 1584 4628 ﬂectantur;
1636 4575 1735 4612 cur
1796 4577 1903 4613 non
1942 4561 2061 4615 item

2244 4563 2494 4615 ΚΕΦΑΛ.
2526 4563 2689 4616 E'.—
2710 4562 2806 4628 Τίς
2834 4561 2872 4629 ἡ
2903 4562 3061 4614 αιτία
3087 4561 3197 4628 τῆς
3214 4559 3628 4630 τονυκλισίας,
3646 4556 3741 4611 καί

477 4655 565 4708 die
596 4653 875 4707 Dominica
911 4654 988 4706 rel
1017 4664 1246 4719 tempore
1268 4652 1627 4707 Pentecostali
1653 4668 1673 4708 :
1702 4665 1749 4708 et
1785 4670 1881 4707 cur
1917 4670 2061 4708 verso

2166 4654 2271 4709 τοῦ
2297 4654 2382 4725 μὴ
2405 4655 2583 4708 τοῦτο
2614 4655 2885 4724 γίνεσθαι
2910 4653 2981 4706 ἐν
3013 4649 3281 4718 Κυριακῇ
3312 4650 3412 4703 καί
3437 4650 3569 4716 ταῖς
3599 4648 3743 4718 ἠμέ-

480 4743 551 4797 ad
588 4744 839 4796 orientem
883 4743 1029 4797 vultu
1054 4760 1287 4798 oremus.

2166 4760 2292 4811 ραις
2328 4742 2436 4809 τῆς
2464 4741 2913 4809 Πεντηκοστῆς,
2942 4741 3039 4795 καὶ
3065 4740 3165 4794 διὰ
3196 4741 3253 4793 τί
3284 4739 3425 4808 mag
3446 4739 3741 4805 ἀνατολὰς

2164 4834 2419 4903 ὁρῶντες
2447 4835 2764 4904 εὐχόμεθα.

484 4922 675 4976 Basilii
716 4937 780 4977 ea:
839 4940 940 4993 quo
988 4924 1052 4977 de
1101 4924 1308 4991 Spiritu
1331 4934 1514 4978 sancto
1541 4924 1609 4977 ad
1634 4923 2061 4992 Amphilochium

2166 4928 2491 4981 Βασιλείου
2510 4927 2580 4980 ἐκ
2608 4926 2713 4981 τοῦ
2745 4923 2831 4987 κζ’
2863 4943 2993 4995 κερ.
3022 4923 3142 4977 τῶν
3166 4923 3318 4993 πρὸς
3358 4923 3744 4995 Ἀμφιλόχιον

1144 5016 1385 5084 scripsit.

2528 5016 2659 5086 περὶ
2690 5015 2795 5070 τοῦ
2827 5017 3000 5086 ἁγίου
3027 5018 3393 5084 Πνεὺματος.

557 5127 633 5183 Ex
693 5129 986 5183 asscrvatis
1037 5130 1090 5183 in
1149 5127 1393 5184 Ecclesia
1442 5129 1815 5201 dogmatibus,
1845 5139 1953 5187 etc.
2000 5142 2061 5185 ut

485 5240 518 5292 ρ
542 5241 607 5294 lg.
639 5220 764 5276 462.

2242 5130 2361 5185 Τῶν
2386 5132 2442 5185 tv
2466 5132 2531 5201 τῇ
2570 5129 2867 5201 Ἐκκλησία
2888 5129 3324 5201 πεφυλαγμένων
3352 5130 3657 5201 δογμάτων,
3686 5146 3736 5184 κ.

2169 5237 2221 5275 τ.
2253 5234 2301 5273 Λ.

1088 5309 1155 5366 Et
1182 5321 1297 5381 post
1325 5313 1454 5366 alia.

558 5407 624 5461 Et
652 5408 765 5462 IliBC
795 5414 878 5461 est
914 5405 1076 5465 ratio.
1118 5413 1203 5458 etc
1226 5444 1240 5468 ,
1278 5414 1335 5457 ut
1371 5421 1533 5473 supra
1563 5403 1686 5459 462.

560 5498 735 5553 Erecti
799 5499 987 5554 itidem
1052 5495 1368 5569 perticimus
1422 5497 1865 5570 deprecationem
1911 5505 2060 5561 etc.,

488 5599 543 5643 ut
572 5608 693 5663 pag.
722 5592 846 5649 462.

2727 5312 2837 5368 Καὶ
2865 5314 2993 5383 μεθ’
3013 5313 3204 5383 ἕτερα.

2282 5402 2608 5475 ῧτοςὸλόγος
2636 5406 2733 5476 τῆς
2751 5407 2859 5460 τῶν
2878 5407 3141 5478 ἀγράφων
3165 5409 3534 5481 παραδόσεως,
3559 5425 3674 5463 κ.τ.
3690 5406 3739 5461 λ.

2240 5497 2353 5553 Καὶ
2377 5498 2527 5571 ὀρθοὶ
2570 5498 2667 5569 μὲν
2701 5498 3018 5571 πληρούμεν
3046 5501 3145 5565 τὰς
3173 5503 3358 5573 εὐχὰς,
3391 5520 3447 5559 κ.
3473 5521 3523 5558 τ.
3552 5502 3602 5557 λ.
