4122 6432
562 397 667 463 651

1691 393 1947 454 PHOTII
1984 390 2487 452 PATRIARCHEE
2526 391 2634 450 CP.

3725 389 3836 451 052

566 516 704 571 tales
734 512 1017 583 petitores.
1053 510 1157 565 Sed
1184 518 1407 581 propter
1433 522 1619 563 eorum
1651 508 1824 561 malos
1850 506 2140 575 cogitatus,

2253 504 2499 575 Αὑρήλιε,
2545 505 2626 556 ὅτι
2659 501 2912 564 πολλάκις
2942 500 3040 565 τὰς
3068 499 3323 563 τοιαύτας
3351 497 3529 569 ὁρμὰς
3550 498 3622 571 μὴ
3654 515 3834 571 προσ-

565 615 621 662 et
650 621 816 675 prave
847 604 1162 660 continuata
1194 602 1450 664 consilia,
1492 598 1597 653 hoc
1626 598 1769 659 dico,
1804 613 1910 651 non
1946 596 2144 650 debere

567 708 838 753 rectorem
898 696 1147 764 accipere
1192 709 1312 748 eam
1356 694 1588 761 plebem,
1644 704 1769 758 qua:
1822 689 1874 740 in
1916 686 2143 741 diceecsi

569 802 786 856 semper
831 784 1123 852 subjacnit,
1155 797 1255 836 nec
1308 796 1545 850 unquam
1600 779 1882 849 proprium
1928 778 2144 845 episco-

568 892 701 948 pum
754 875 966 931 habuit.
999 874 1342 944 Quapropter
1398 872 1443 926 si
1484 872 1741 925 universo
1795 868 2144 923 sanctissimo

569 971 736 1025 cmtui
778 970 954 1042 placet
998 967 1125 1035 hoc,
1175 966 1321 1037 quod
1375 974 1699 1035 prosecutus
1745 978 1889 1027 sum,
1942 962 2144 1017 confir-

569 1070 716 1115 metu
725 1076 770 1114 1⁸.

638 1233 896 1289 Aurelius
918 1233 1212 1302 episcopus
1231 1231 1373 1285 dixit
1400 1250 1413 1285 :
1447 1230 1657 1286 Fratris
1682 1240 1737 1285 et
1780 1231 2147 1287 consacerdo-

570 1327 641 1381 tis
669 1325 840 1379 nostri
870 1324 1248 1394 prosecutioni
1289 1324 1449 1393 187
1478 1338 1584 1376 ιιοιι
1626 1323 1837 1377 obsisto
1866 1341 1879 1376 :
1912 1326 2005 1377 sed
2043 1323 2147 1378 hoc

554 1432 659 1473 .me
691 1426 745 1471 et
776 1417 969 1471 fecisse
1001 1426 1055 1470 et
1095 1415 1367 1470 facturum
1421 1430 1543 1469 esse
1577 1416 1838 1484 profiteor
1870 1414 2017 1468 circa
2051 1428 2147 1469 eos

570 1523 726 1573 sane,
763 1508 859 1577 qui
898 1506 1101 1561 fuerint
1131 1508 1455 1574 concordes,
1494 1523 1601 1561 non
1644 1508 1821 1561 solun:
1853 1507 2000 1561 circa
2048 1506 2149 1561 Ec-

572 1598 796 1654 clesiam
847 1596 1371 1668 Carthaginensem,
1412 1598 1505 1654 sed
1555 1599 1702 1653 circa
1756 1615 1919 1653 omne
1967 1612 2150 1653 sacer-

573 1690 755 1745 dotale
779 1692 1142 1746 consortium.
1167 1691 1306 1745 Sunt
1326 1692 1470 1744 enim
1499 1691 1742 1761 plerique
1767 1692 2150 1761 conspirantes

571 1793 698 1834 eum
732 1779 980 1849 plebibus
1033 1780 1289 1848 propriis,
1332 1794 1471 1848 quas
1498 1779 1799 1846 decipiunt,
1844 1786 1904 1832 ut
1939 1778 2147 1832 dictum

2249 597 2537 666 δεχόμενος
2599 593 2894 656 ὲκώλυσας.
2931 592 3030 645 Διά
3081 592 3140 645 δὲ
3172 591 3272 654 τὰς
3300 592 3408 644 τῶν
3440 590 3698 644 τοιούτων
3731 608 3837 645 κα-

2250 687 2494 749 κοθελεῖς
2552 686 2798 751 ἑννοίας,
2850 686 2945 737 καὶ
2999 684 3070 739 τά
3116 684 3336 752 φαύλως
3400 681 3837 753 συμφωνούμενα

2252 777 2599 848 βουλεύματα
2632 778 2791 831 τοῦτο
2830 777 2996 845 λέγω,
3029 776 3105 848 μὴ
3150 776 3387 845 ὀφείλειν
3426 776 3555 829 ίδιον
3582 777 3840 845 καθηγη-

2250 872 2349 944 τὴν
2378 869 2635 936 δέξασθαι
2663 869 2723 922 τὸ
2749 868 2951 939 πλῆθος
2981 868 3041 920 τὸ
3073 871 3132 921 ἐν
3161 870 3228 940 τῇ
3271 868 3539 939 λεγομένῃ
3568 867 3839 938 παροικίᾳ

2253 963 2614 1034 ὑποκείμενον
2660 962 2875 1032 ἀρχαίῳ
2919 961 3227 1034 ὲπισκόπῳ,
3270 961 3367 1014 καὶ
3408 959 3680 1030 μηδέποτε
3710 960 3837 1012 ἴδιον

2252 1056 2547 1109 ἐπίσκοπον
2593 1054 2845 1124 ἐσχηκός.
2895 1053 2987 1105 Διὸ
3020 1053 3116 1106 ὲάν
3147 1053 3408 1121 συμπάσῃ
3450 1052 3517 1122 τῇ
3556 1051 3837 1122 ἁγιωτάτῃ

2254 1147 2456 1215 συνόδῳ
2484 1147 2692 1218 ἀρέσκῃ
2717 1145 2778 1196 τὸ
2807 1143 2936 1213 παρ’
2966 1143 3125 1213 ὲμοῦ,
3155 1141 3531 1212 βεϐαιωθήτω.

2323 1241 2590 1310 Αὐρήλιος
2618 1238 2914 1299 ἐπίσκοπος
2938 1230 3112 1288 εἶπεν*
3149 1234 3255 1288 Τοῦ
3288 1234 3518 1302 ἀδελφοῦ
3562 1235 3658 1287 καὶ
3709 1250 3840 1286 συν-

2254 1332 2553 1385 επισκύπου
2574 1328 2731 1400 ἡμῶν
2765 1330 2830 1399 τῇ
2868 1327 3306 1396 ἐξακολουθήσει,
3330 1327 3430 1380 οὐκ
3467 1326 3798 1395 ἀνθίσταμαι
3821 1342 3835 1355 ·

2254 1422 2390 1475 ἀλλὰ
2416 1422 2575 1474 τοῦτο
2605 1419 2703 1489 ἐμὲ
2734 1419 2827 1471 καὶ
2866 1418 3204 1487 πεποιηκότα
3236 1418 3332 1471 καὶ
3370 1419 3667 1487 ποιήσοντα
3707 1419 3838 1486 ὁμου

2253 1513 2418 1582 λογῶ,
2455 1511 2657 1582 δηλαδὴ
2694 1509 2824 1580 περὶ
2871 1509 2996 1571 τοὺς
3042 1508 3422 1578 ὁμονοοῦντας,
3474 1508 3535 1561 οὐ
3579 1509 3741 1579 μόνον
3771 1510 3835 1578 τῇ

2254 1605 2313 1658 ὲν
2339 1602 2649 1673 Καρχηδόνι
2688 1600 3005 1671 Ἐκκλησία,
3033 1599 3169 1653 ἀλλὰ
3197 1600 3290 1653 καὶ
3319 1601 3470 1670 πάσῃ
3489 1603 3553 1670 τῇ
3588 1602 3836 1670 ίερατικῇ

2258 1696 2660 1767 συγκληρώσει.
2694 1695 2814 1748 Εἰσὶ
2860 1694 2969 1764 γὰρ
3019 1693 3260 1747 πλεῖστοι
3301 1693 3675 1763 συμπνέοντες
3728 1695 3840 1756 τοῖς

2257 1789 2481 1852 οἰκείοις
2502 1787 2783 1859 πλήθεσιν,
2815 1786 2996 1849 ἀτινα,
3023 1787 3097 1849 ὼς
3119 1786 3392 1851 λέλεκται,
3420 1786 3672 1840 ἀπατῶσι
3702 1787 3836 1857 κνή-

569 1881 678 1940 est,
716 1887 907 1927 earum
948 1874 1255 1941 scalpentes
1291 1886 1472 1936 aures,
1529 1870 1713 1925 blandi
1773 1872 1839 1924 ad
1886 1872 2150 1926 seducen-

2254 1882 2439 1944 θοντες
2463 1880 2563 1943 τὰς
2586 1880 2759 1944 ἀκοὰς
2784 1880 2986 1945 αὐτῶν,
3008 1880 3103 1933 καὶ
3131 1878 3517 1939 κολακεύοντες
3548 1878 3685 1947 πρὸς
3712 1878 3838 1930 ἑαυ-

572 1962 729 2029 dum,
762 1963 973 2019 vitiosa:
998 1964 1122 2018 vita
1160 1962 1430 2025 homines,
1474 1962 1560 2016 vel
1600 1970 1747 2017 certe
1772 1961 1962 2026 inflati,
2001 1972 2056 2017 et
2084 1961 2152 2016 ab

575 2056 682 2111 hoc
727 2054 1007 2110 consortio
1059 2054 1318 2123 separati,
1352 2054 1445 2123 qui
1499 2062 1696 2123 putant
1741 2053 1975 2123 proprire
2009 2052 2152 2123 plebi

572 2146 983 2211 incubandum;
1023 2153 1078 2200 et
1110 2159 1509 2214 nonnunquam
1537 2146 1817 2199 convocati
1870 2145 1935 2199 ad
1970 2144 2153 2199 conci-

572 2236 709 2292 lium
756 2236 942 2291 venire
989 2236 1322 2303 detrectant,
1373 2251 1474 2291 sua
1533 2235 1677 2291 forte
1727 2252 1797 2291 ne
1851 2236 2154 2307 prodantur

573 2328 799 2399 ﬂagitia,
836 2315 1162 2384 metuent'es.
1191 2328 1343 2394 Dico,
1371 2329 1416 2383 si
1459 2329 1655 2399 placet,
1700 2330 1846 2385 circa
1878 2330 2001 2393 hos,
2042 2344 2151 2383 non

577 2428 789 2475 tantum
817 2419 1086 2475 dioeceses
1123 2435 1229 2473 non
1281 2436 1404 2475 esse
1435 2420 1755 2483 servandas,
1786 2435 1977 2475 verum
2008 2429 2063 2474 et
2088 2420 2155 2475 de

467 2572 473 2578 ,
570 2511 801 2580 propria
841 2508 1107 2574 Ecclesia,
1133 2524 1253 2578 qua:
1277 2509 1385 2564 illis
1415 2509 1554 2564 male
1585 2508 1797 2577 faverit,
1836 2508 2155 2563 omnimodo

572 2608 933 2666 adnitendum
966 2617 1025 2663 ut
1065 2608 1226 2663 etiam
1273 2609 1599 2662 auctoritate
1630 2607 1845 2678 publica
1895 2606 2154 2677 rejician-

573 2709 688 2766 tur,
735 2710 899 2771 atque
933 2700 1000 2754 ab
1048 2699 1185 2769 ipsis
1214 2700 1607 2769 principalibus
1652 2698 1928 2753 cathedris
1975 2712 2155 2754 remo—

573 2804 827 2849 veantur.
861 2791 1087 2863 Oportet
1125 2793 1293 2854 enim,
1337 2801 1395 2845 ut
1444 2790 1537 2860 qui
1588 2790 1862 2845 universis
1892 2789 2153 2844 fratribus

574 2898 642 2939 ac
673 2893 789 2938 toto
828 2883 1064 2939 concilio
1095 2883 1208 2952 (55)
1258 2882 1557 2944 inhaeserit,
1612 2896 1719 2935 non
1759 2882 1938 2936 solum
1995 2896 2151 2937 suam

566 2974 693 3044 jure
722 2974 957 3045 integro,
998 2974 1089 3029 sed
1145 2982 1199 3027 et
1234 2973 1501 3027 dimceses
1542 2971 1839 3041 possideat.
1882 2971 1951 3024 At
1998 2985 2151 3037 vero,

572 3068 669 3137 qui
722 3067 942 3122 sibimet
995 3074 1186 3135 putant
1219 3065 1402 3134 plebes
1447 3080 1578 3119 suas
1610 3063 1877 3127 sufﬁcere,
1914 3062 2153 3117 fraterna

2252 1974 2398 2037 τοὺς,
2448 1970 2769 2043 ἀνθρώπους
2812 1970 3267 2042 κατεγνωσμένου
3319 1970 3467 2040 βίου·
3518 1968 3723 2039 μᾶλλον
3782 1966 3838 2019 δὲ

2254 2064 2632 2135 φυσιούμενοι,
2660 2063 2757 2118 καὶ
2786 2064 2851 2116 ὲκ
2882 2064 2983 2133 τῆς
3008 2062 3446 2133 συγκληρώσεως
3470 2062 3678 2131 ταύτης
3710 2060 3836 2113 ἑαυο

2252 2154 2379 2218 τοὺς
2416 2153 2765 2225 χωρίζοντες,
2820 2154 3032 2221 οἶτινεςξ
3065 2152 3142 2224 τῷ
3184 2154 3297 2224 ἰδίῳ
3326 2152 3518 2224 πλήθει
3563 2152 3838 2219 ἐπερειδό-

2258 2263 2431 2319 μενοι,
2484 2245 2747 2310 πολλάκις
2803 2245 3200 2315 συγκληθέντες
3250 2245 3427 2298 ὲλθεῖν
3470 2246 3551 2309 εἰς
3597 2245 3832 2307 σύνοδον,

2255 2338 2750 2407 παραιτοῦνται,ὡς
2780 2336 3108 2408 φοδούμενοι
3142 2338 3215 2408 μή
3247 2355 3362 2399 πως
3388 2335 3458 2389 τὰ
3476 2336 3685 2389 τούτων
3713 2337 3835 2389 ἀτο-

2255 2432 2486 2501 πήματα
2517 2430 2895 2501 φανερωθῶσι.
2928 2430 3175 2499 Λέγομεν
3206 2427 3319 2495 οὖν,
3361 2429 3457 2482 ἐὰν
3487 2428 3652 2500 δοκῇ·
3686 2427 3833 2497 ὀφεί-

2252 2524 2419 2593 λομεν
2444 2523 2608 2575 παντὶ
2654 2523 2841 2595 τρόπῳ
2869 2522 3263 2591 ἀγωνίσασθαι,
3305 2521 3515 2585 τούτοις
3553 2523 3631 2592 μὴ
3678 2522 3837 2589 μόνον

2253 2613 2354 2678 τάς
2378 2614 2633 2677 τοιαύτας
2664 2615 2959 2685 διοικήσεις
2989 2612 3065 2686 μὴ
3100 2610 3486 2684 φυλάττεσθαι,
3515 2612 3655 2669 ἀλλά
3702 2612 3835 2683 μηδὲ

2253 2706 2351 2769 τὰς
2400 2705 2537 2769 ἰδίας
2582 2705 2912 2773 Ἐκκλησίας
2959 2705 3059 2768 τὰς
3105 2706 3289 2769 κακῶς
3338 2708 3418 2769 εἰς
3456 2706 3690 2767 ἑαυτοὺς
3736 2720 3835 2757 πε-

2257 2796 2592 2867 ριελθούσας.
2624 2798 2735 2850 Καὶ
2765 2797 2854 2849 ἵνα
2885 2796 3221 2859 αὖθεντικῶς
3253 2796 3488 2867 δημοσίᾳ
3523 2796 3835 2849 ἐκϐάλλων-

2252 2905 2361 2950 ται,
2396 2889 2490 2941 καὶ
2516 2888 2688 2957 αὐτῆς
2719 2888 2818 2958 τῆς
2840 2889 2948 2940 τῶν
2978 2889 3367 2959 πρωτευόντων
3400 2887 3671 2957 καθέδρας
3698 2887 3831 2939 ἀπο-

2253 2979 2531 3033 κινῶνται.
2584 2979 2705 3049 Χρὴ
2734 2980 2843 3049 γὰρ
2885 2981 3012 3041 τοὺς
3041 2980 3288 3048 σύμπασι
3320 2982 3433 3042 τοῖς
3460 2980 3713 3049 ἀδελφοῖς
3745 2980 3833 3032 καλ

2254 3069 2352 3140 ὅλῃ
2380 3072 2446 3139 τῇ
2495 3070 2697 3139 συνόδῳ
2732 3069 3273 3140 προσκολλωμένους,
3319 3071 3395 3139 μὴ
3427 3070 3587 3139 μόνον
3629 3070 3729 3140 τὴν
3754 3071 3833 3122 οἰ-

572 3158 871 3212 dilectione
904 3166 1233 3225 contempta,
1288 3170 1397 3208 non
1442 3165 1651 3209 tantum
1689 3156 1955 3209 dimceses
1992 3155 2150 3208 amit-

2255 3160 2408 3211 κείαν
2450 3159 2702 3229 κατέχειν
2745 3158 2969 3223 δικαίως
3011 3160 3300 3231 καθέδραν,
3345 3159 3457 3213 ἀλλ’
3489 3160 3568 3212 ἔτι
3607 3158 3712 3231 μὴν
3740 3158 3835 3222 τὰς

572 3255 712 3313 tant,
749 3247 866 3312 sed,
894 3257 951 3300 ut
981 3247 1112 3311 dixi,
1138 3246 1301 3299 etiam
1339 3244 1393 3299 in
1429 3244 1660 3315 propriis
1685 3244 1899 3313 publica
1936 3255 2150 3299 careant

2259 3247 2511 3310 τοιαύτας
2547 3247 2845 3317 διοικήσεις
2892 3247 3225 3315 κεκτῆσθαι·
3268 3247 3393 3310 τοὺς
3445 3247 3501 3299 δὲ
3546 3247 3835 3309 δοκοῦντας

574 3338 922 3401 auctoritate,
958 3346 1016 3391 ut
1045 3336 1294 3391 rebelles.

2256 3339 2369 3400 τοῖς
2399 3338 2550 3401 ἰδίοις
2588 3338 2764 3408 ὄχλοις
2792 3337 3100 3409 ἀρκεῖσθαι,
3134 3337 3347 3408 καὶτῆς
3377 3338 3673 3408 ἀδελῳικῆς
3699 3336 3834 3405 ἀγά-

573 3448 684 3501 πης
718 3429 1216 3500 καταφρονοῦντας,
1247 3428 1508 3499 μὴμόνον
1570 3429 1671 3491 τὰς
1736 3427 2031 3498 διοικήσεις
2056 3429 2361 3498 ἀπολλύειν,
2399 3431 2516 3484 ἀλλ’
2560 3432 2640 3485 ἔτι
2687 3433 2815 3503 μὴν,
2844 3430 2920 3495 ὡς
2955 3426 3128 3499 εἷπον,
3165 3433 3261 3486 καὶ
3327 3431 3434 3486 τῶν
3468 3432 3614 3488 ἰδίων
3658 3433 3833 3486 τόπων

573 3524 869 3595 ἀρχοντικῇ
904 3520 1232 3590 στερεῖσθαι,
1265 3521 1341 3583 ὡς
1376 3520 1669 3592 ἀντάρτας,
1701 3521 2011 3593 δυναστείᾳ.

644 3612 961 3667 Honoratus
988 3620 1043 3666 et
1065 3611 1322 3666 Urbanus
1343 3612 1582 3681 episcopi
1606 3614 1863 3667 dixerunt
1889 3633 1901 3667 :
1926 3610 2150 3667 Summa

573 3705 817 3777 provisio
851 3704 1159 3759 sanctitatis
1193 3712 1300 3758 tuae
1332 3703 1559 3758 eobazsit
1586 3704 1863 3759 mentibus
1907 3704 2153 3774 singulo-

574 3812 719 3861 rum,
750 3805 824 3862 et,
857 3803 1009 3864 puto,
1044 3794 1292 3848 omnium
1334 3796 1689 3866 responsione
1718 3811 1780 3849 ea
1811 3811 1932 3865 qua:
1966 3809 2154 3867 prose-

575 3887 670 3957 qui
696 3887 950 3957 dignatus
976 3900 1058 3950 es,
1091 3884 1423 3941 roboranda.

647 4088 816 4159 188
844 4085 1099 4143 Universi
1130 4086 1371 4157 episcopi
1397 4086 1654 4143 dixerunt
1678 4106 1692 4142 :
1718 4087 1925 4151 Placet,
1950 4088 2146 4159 placet.

656 4179 725 4235 L’t
751 4179 979 4249 episcopi
1009 4180 1099 4248 qui
1126 4178 1178 4231 in
1196 4178 1502 4233 dioecesibus
1526 4181 1721 4248 fuerin:
1745 4182 2000 4241 ordinati.
2019 4181 2152 4236 dia:-

577 4272 737 4326 cest'm
778 4270 879 4326 sibi
921 4270 1128 4325 nullam
1159 4271 1442 4326 vindicent.

643 4452 735 4512 56.
768 4455 1082 4513 Honoratus
1113 4468 1166 4513 et
1196 4458 1454 4516 Urbanus
1486 4462 1534 4495 ⁸ο
1565 4460 1807 4531 episcOpi
1849 4462 2107 4519 dixerunt
2134 4481 2148 4517 :

573 4545 899 4601 Audivimus
930 4548 1314 4615 constitutum,
1347 4559 1409 4604 ut
1450 4551 1716 4607 diteceses
1755 4567 1863 4606 non
1900 4568 2147 4608 merean-

576 4646 668 4690 tur
702 4636 989 4705 episcopos
1024 4638 1295 4707 accipere,
1321 4641 1426 4693 nisi
1463 4654 1735 4696 consensu
1768 4643 1888 4711 ejus
1915 4643 2018 4697 sub
2042 4656 2153 4711 quo

576 4727 784 4782 fuerint
823 4731 1176 4783 constitutae:
1237 4731 1329 4785 sed
1370 4730 1422 4784 in
1477 4733 1757 4801 provincia
1805 4743 1993 4789 nostra
2026 4749 2153 4790 cum

576 4820 747 4889 aliqui
771 4820 912 4878 forte
964 4822 1017 4875 in
1048 4823 1293 4887 dioecesi,
1321 4824 1651 4880 concedente
1681 4839 1746 4879 eo
1785 4826 2044 4898 episcopo
2098 4828 2152 4883 in

565 4912 737 4981 cujus
766 4923 1035 4984 potestate
1081 4914 1299 4969 fuerant
1349 4916 1680 4981 constituta},
1738 4918 1974 4973 ordinati
2024 4928 2154 4975 sunt

574 5005 841 5073 episcopi,
888 5007 1053 5060 etiam
1100 5007 1366 5063 dimceses
1413 5010 1516 5063 sibi
1571 5009 1893 5065 vindicant:
1949 5014 2051 5067 hoc
2095 5022 2149 5065 et

572 5097 774 5166 corrigi
835 5098 1119 5155 charitatis
1164 5112 1360 5156 vestrae
1413 5100 1642 5170 judicio,
1676 5111 1747 5165 et
1804 5102 2039 5157 inhiberi
2080 5102 2148 5157 de

574 5195 772 5241 caetero
790 5188 967 5244 debet.

642 5275 947 5346 Epigonius
989 5279 1280 5349 episcopus
1316 5280 1455 5334 dixit
1507 5298 1520 5334 :
1580 5280 1824 5351 Singulis
1879 5281 2152 5353 episcopis

573 5377 853 5422 servatum
908 5376 991 5421 est
1023 5368 1169 5435 quod
1217 5369 1465 5435 decebat,
1513 5379 1575 5423 ut
1613 5386 1677 5424 ex
1730 5386 1913 5427 massa
1949 5373 2151 5429 dioece-

576 5456 720 5515 sium
776 5457 925 5511 nulla
980 5465 1315 5526 carperetur,
1383 5468 1442 5512 ut
1495 5460 1775 5528 proprium
1834 5462 2151 5533 episcopum

664 5612 709 5644 ⁸³
760 5613 932 5671 Cone.
985 5614 1155 5670 Afric.
1188 5632 1237 5671 c.
1291 5617 1397 5683 2’5;
1429 5617 1682 5689 Carthag.
1720 5634 1801 5685 ιιι,
1830 5634 1952 5675 can.
1986 5620 2076 5675 46.

646 5767 761 5838 (53)
800 5766 913 5825 Hoc
947 5777 1051 5835 est,
1094 5789 1112 5822 ι
1148 5772 1244 5825 ιοιὶ
1276 5773 1586 5841 provinciae.
1621 5795 1638 5827 ι

2335 3612 2641 3683 Ὁνωράτος
2671 3612 2764 3666 καὶ
2798 3613 3075 3683 Οὐρϐανὸς
3100 3614 3391 3668 ἐπίσκοποι
3416 3611 3593 3668 εἷπονο
3646 3617 3707 3670 Ἦ
3738 3634 3835 3685 με·

2249 3709 2409 3781 γίστη
2438 3711 2666 3779 πρόνοια
2695 3711 2794 3779 τῆς
2816 3711 3087 3781 ὑμετέρας
3116 3710 3445 3780 ἁγιωσύνης.
3472 3713 3592 3771 ταῖς
3617 3713 3832 3766 πάντων

2248 3800 2508 3872 διανοίαις
2525 3799 2878 3871 ὲνεκαθέσθη,
2901 3801 2996 3854 καὶ
3013 3800 3337 3869 λογιζόμεθα
3355 3802 3592 3870 ὀφείλειν
3613 3808 3678 3874 τῇ
3703 3806 3823 3857 πάν-

2250 3909 2357 3945 των
2391 3892 2684 3963 ἀποκρίσει
2714 3890 3082 3962 βεϐαιωθῆναι
3111 3890 3209 3962 τὴν
3244 3892 3513 3964 ὑμετέραν
3541 3893 3829 3960 ὲξακολού-

2262 3982 2443 4051 θησιν.

2330 4098 2653 4167 Σύμπαντες
2690 4097 2979 4151 ἐπίσκοποι
3037 4092 3226 4152 εἷπον
3271 4098 3543 4170 Ἀρέσκει,
3588 4090 3828 4171 ἀρέσκει.

2329 4188 2468 4256 Περί
2496 4188 2603 4242 τοῦ
2625 4188 2768 4255 τοὺς
2792 4189 2863 4243 ἐν
2883 4188 3011 4255 ταῖς
3039 4189 3369 4256 παροικίαις
3401 4191 3833 4261 χειροτονουμέ-

2261 4296 2408 4345 rom;
2436 4278 2826 4347 ἐπισκόπους,
2864 4279 2949 4350 μή
2988 4298 3122 4335 τινα
3140 4281 3374 4346 ἑαυτοῖς
3405 4281 3667 4337 ἐκδικεῖν
3691 4282 3830 4337 διοί-

2260 4387 2466 4440 κησιν.

2332 4471 2441 4528 νς’.
2484 4449 2784 4535 Ὁνωράτος
2826 4465 2918 4518 καὶ
2952 4463 3229 4535 Οὐρϐανὸς
3263 4465 3313 4517 οἰ
3339 4465 3627 4518 ἐπίσκοποι
3662 4460 3830 4519 εἷπον·

2266 4555 2608 4625 Ἦκούσαμεν
2637 4556 2876 4625 ὁρισθὲν,
2921 4555 3008 4609 ἵνα
3038 4556 3093 4609 αἱ
3142 4555 3425 4623 παροικίαι
3471 4557 3545 4625 μή
3573 4555 3827 4620 ἀξιῶνται

2252 4644 2548 4714 λαμϐάνειν
2573 4647 2925 4711 ἐπισκόπους,
2948 4648 2995 4698 εἰ
3029 4646 3266 4717 μὴκατὰ
3297 4647 3603 4699 συναίνεσιν
3641 4646 3825 4700 τούτου

2252 4735 2342 4802 ὑφ’
2371 4736 2430 4789 ὃν
2462 4735 2804 4789 καθίσταντο.
2857 4735 2946 4787 Ἐν
2973 4734 3031 4787 δὲ
3057 4738 3124 4806 κῇ
3156 4736 3310 4806 χώρᾳ
3339 4735 3494 4805 ἡμῶν
3519 4735 3661 4788 κατά
3699 4750 3826 4800 συγ-

2250 4826 2491 4897 χώρησιν
2528 4826 2623 4879 τοῦ
2690 4826 2750 4889 ἐξ
2792 4827 2970 4897 ἀρχῆς
3018 4827 3342 4896 κατέχοντος
3389 4826 3488 4889 τὰς
3538 4826 3824 4896 διοικήσεις

2252 4917 2572 4978 ἐπισκόπου,
2620 4917 2765 4980 τινὲς
2798 4919 2879 4980 εἰς
2905 4916 3018 4982 ,τὰς
3050 4917 3218 4978 αὐτὰς
3265 4914 3555 4985 παροικίας
3593 4930 3823 4984 χειροτο-

2252 5007 2509 5076 νηθέντες
2538 5009 2848 5073 ἐπίσκοποι,
2895 5000 3109 5073 ἑαυτοῖς
3138 5010 3217 5062 ἔτι
3265 5008 3369 5079 μὴν
3404 5007 3595 5078 ἐτέρας
3636 5005 3825 5059 διεκδι-

2248 5097 2423 5151 κοῦσι.
2475 5098 2645 5152 Τοῦτο
2679 5102 2774 5153 καὶ
2826 5100 3133 5170 κωλυθῆναι
3179 5103 3245 5171 τῇ
3280 5100 3385 5152 ἀπὸ
3425 5098 3525 5167 τῆς
3560 5096 3819 5167 ὑμετέρας

2250 5194 2472 5263 ἀγάπης
2506 5195 2708 5263 κρίσει,
2741 5196 2837 5248 καὶ
2865 5196 3235 5267 ἀναρτηθῆναι
3262 5195 3356 5248 τοῦ
3385 5193 3572 5246 λοιποῦ
3602 5191 3816 5262 ὀφείλει.

2332 5283 2633 5350 Ἐπιγόνιος
2679 5285 2975 5349 ἐπίσκοπος
3020 5282 3174 5340 εἶπεν
3200 5303 3215 5319 ·
3264 5285 3511 5356 Ἐκάστῳ
3549 5281 3817 5347 ὲπισκόπφ

2249 5374 2309 5426 τὸ
2340 5376 2548 5445 πρέπον
2599 5378 2901 5450 ἐφυλάχθη.
2951 5380 3039 5433 ἴνα
3093 5381 3156 5432 ὲκ
3203 5378 3303 5448 τῆς
3344 5375 3677 5447 συγκτησίας
3717 5369 3817 5422 τῶν

2252 5468 2551 5538 παροικιῶν
2584 5471 2751 5541 μηδὲν
2780 5471 3147 5543 ἀποδρεφθείη
3188 5472 3325 5543 πρὸς
3360 5471 3421 5525 τὸ
3455 5470 3583 5523 ἴδιον
3622 5466 3808 5536 “vis”
