4122 6438
322 382 430 443 653

1131 377 1531 441 SYNTAGMA
1567 380 1953 441 CANONUM.
1994 403 2064 434 -τ
2096 379 2247 439 ΤΙΤ.
2296 377 2464 437 VIII.
2512 377 2667 436 CAP.
2702 377 2757 439 Ι.

3489 377 3595 442 (Si

326 494 457 547 σθαι
488 490 811 552 ἐπίσκοπον,
836 488 886 540 εἰ
916 487 990 557 μὴ
1021 487 1164 540 κατὰ
1196 487 1497 541 συναίνεσιν
1518 488 1613 541 τοῦ
1638 488 1737 559 τὴν
1761 489 1911 555 ὲξου-
1936 493 1958 552 1

2032 488 2314 551 tabuisset,
2352 486 2457 542 nisi
2492 487 2605 555 ipse
2644 498 2979 541 consensum
3022 486 3360 543 adhibuisset
3398 506 3594 547 conec-

325 586 452 639 σίαν
492 583 729 657 ἔχοντος.
773 581 899 633 Ἐὰν
928 581 985 633 δὲ
1021 580 1183 644 αὐτὸς
1210 581 1611 651 παραχωρήσῃ,
1644 580 1786 633 ὥστε
1813 580 1912 650 τὴν

325 675 499 745 αὐτὴν
537 673 806 744 διοίκησιν
833 673 1231 743 ὲπιτραπείσαν
1275 671 1404 723 ἴδιον
1460 670 1764 741 κτήσασθαι
1795 670 1916 723 έπί-

330 780 557 831 σκοπον,
601 765 681 828 είς
708 764 809 826 τὰς
840 762 1031 827 λοιπὰς
1066 763 1158 816 τὸν
1202 760 1658 834 προχειρισθέντα
1693 761 1770 831 μὴ
1796 763 1916 814 ὲπι-

328 859 592 913 ϐαλέσθαι
633 857 956 927 διοικήσεις
984 855 1119 909 διότι
1155 854 1253 925 μία
1303 856 1369 908 ἐκ
1402 855 1494 909 τοῦ
1523 853 1777 921 σώματος
1806 850 1915 902 τῶν

329 951 545 1008 πολλῶν
588 949 969 1019 ἀφαιρεθεῖσα,
1016 947 1156 1018 αὑτὴ
1190 946 1284 1001 καὶ
1328 947 1467 1018 μόνη
1512 943 1723 1017 ἠξιώθη
1749 941 1917 1014 τιμήν

331 1047 472 1111 ιδίας
498 1044 807 1112 ἐπισκοπῆς
837 1042 1222 1109 ἀναδέξασθαι.

401 1137 674 1207 Αὐρήλιος
728 1134 1028 1197 ἐπίσκοπος
1078 1127 1255 1186 εἶπεν·
1317 1132 1432 1187 Οὐκ
1476 1129 1802 1201 ἀμφιϐάλλω
1850 1131 1917 1199 τῇ

332 1229 554 1283 πάντων
590 1224 748 1296 ὑμῶν
776 1223 965 1294 ἀγάπῃ
993 1223 1271 1293 ἀρέσκειν,
1308 1221 1451 1275 ὥστε
1484 1220 1576 1274 τὸν
1614 1221 1756 1274 κατὰ
1784 1235 1919 1287 συγ-

334 1320 577 1390 χώρησιν
623 1316 717 1369 τοῦ
767 1316 1035 1386 προτέρου
1080 1316 1383 1369 ἐπισκόπου
1436 1315 1496 1368 ὲν
1540 1316 1608 1385 τῇ
1657 1313 1921 1383 διοικήσει

334 1407 793 1481 προχειρισθέντα
824 1408 1144 1471 ἐπίσκοπον,
1176 1406 1333 1475 μόνον
1359 1405 1522 1458 αὐτὸν
1548 1403 1804 1473 κατέχειν
1830 1401 1921 1454 τὸν

333 1504 463 1555 λαὸν
490 1504 571 1565 είς
609 1502 668 1554 ὃν
691 1482 1096 1572 ἐχειροτονήθη.
1143 1497 1361 1567 Ἐπειδὴ
1386 1497 1479 1551 οὖν
1509 1495 1686 1548 πάντα
1715 1494 1921 1565 νομίζω

335 1591 478 1649 εἶναι
499 1591 995 1663 τετρακταῖσμένα,
1019 1591 1116 1642 ἐὰν
1146 1591 1326 1644 πάντα
1364 1590 1551 1659 στοιχῇ
1573 1586 1653 1657 τῷ
1676 1583 1923 1655 λογισμῷ

337 1687 515 1758 ὑμῶν,
554 1685 733 1738 πάντα
761 1680 1095 1752 βεϐαιώσατε
1124 1682 1190 1750 τῇ
1236 1677 1481 1748 ὑμετέρᾳ
1519 1676 1848 1746 ὲκφωνήσει.

408 1778 618 1839 Πάντες
666 1777 716 1829 οἱ
767 1776 1058 1828 ἐπίσκοποι
1112 1769 1288 1825 εἷπον·
1349 1772 1524 1825 Πᾶσιν
1572 1770 1704 1840 ἡμῖν
1748 1767 1922 1821 ταῦτα

2015 576 2198 631 dendi.
2229 576 2473 631 Suﬂiciat
2507 577 2655 631 enim
2696 578 2742 631 si
2772 577 3129 643 concesserit,
3158 587 3217 631 ut
3243 580 3434 634 eadem
3459 582 3596 639 dim-

1996 668 2158 722 ‘cesis
2198 668 2466 736 permissa
2520 668 2803 738 preprium
2860 677 3071 722 tantum
3118 671 3437 740 episcopum
3489 674 3593 728 llL-

2016 759 2161 822 beat,
2211 768 2436 813 caeteras
2497 760 2601 813 sibi
2659 774 2768 813 non
2819 757 3061 815 vindicet
3107 760 3412 831 dimceses;
3465 766 3595 834 quia

2016 857 2269 916 exempta
2308 847 2376 901 de
2409 847 2557 902 fasce
2594 848 2893 904 multarum
2924 850 3039 905 sola
3088 852 3292 906 meruit
3330 852 3596 911 honorem

2018 941 2365 1010 episcopatus
2398 940 2698 1010 suscipere.

2089 1121 2347 1175 Aurelius
2366 1120 2655 1190 episcopus
2708 1121 2884 1176 dixit:
2938 1120 3056 1175 Non
3099 1121 3287 1177 dubito
3333 1123 3596 1179 charitali

2020 1220 2217 1267 vestrae
2242 1212 2490 1265 omnium
2520 1213 2764 1281 placere,
2816 1228 2942 1268 eum
2975 1214 3069 1284 qui
3117 1213 3174 1269 in
3216 1215 3441 1272 dioecesi
3464 1232 3600 1271 con-

2020 1305 2249 1358 cedente
2299 1302 2583 1372 episcopo,
2655 1303 2751 1373 qui
2828 1304 3111 1359 matricem
3174 1307 3369 1371 lenuit,
3425 1310 3598 1361 solam

2022 1395 2270 1449 eamdem
2303 1395 2541 1450 retinere
2584 1395 2795 1465 plebem
2828 1395 2884 1449 in
2928 1411 3037 1465 qua
3080 1396 3260 1451 fuerat
3291 1398 3598 1453 ordinatus.

2023 1486 2294 1553 Quoniam
2340 1485 2505 1556 igitur
2553 1488 2806 1541 universa
2854 1487 3096 1541 arbitror
3147 1488 3318 1544 fuisse
3349 1498 3600 1555 tractata,

2024 1580 2071 1634 si
2102 1579 2287 1633 omnia
2319 1594 2441 1633 cum
2478 1580 2663 1634 animo
2695 1587 2881 1635 vestro
2909 1589 3302 1648 convenerunt,
3352 1597 3605 1638 sermone

2025 1679 2209 1727 vestro
2244 1680 2446 1727 cuncta
2472 1673 2741 1728 roborate.

2100 1760 2355 1818 Universi
2391 1764 2632 1834 episcopi
2687 1765 2983 1820 dixerunt:
3029 1761 3226 1821 Omnia
3284 1765 3441 1819 nobis
3491 1767 3607 1820 bace

337 1871 567 1940 ἤρεσαν,
599 1869 695 1923 καὶ
744 1870 812 1939 τῇ
842 1865 1089 1938 ἡμετέρα
1120 1864 1410 1934 ὑπογραφῇ
1452 1860 1626 1915 ταῦτα
1668 1860 1920 1931 βεὸαιοῦ-
1946 1841 1958 1901 Ῑ

2028 1854 2385 1923 placuerunt,
2425 1863 2481 1912 et
2531 1856 2650 1912 haec
2685 1865 2877 1911 nostra
2925 1857 3323 1927 subscriptione
3368 1856 3608 1911 ﬁrmabi-

340 1980 522 2109 μεῖἑαὶ
548 2050 892 2123 ὑπέγραψαν.
928 2048 1199 2120 Αὐρήλιος
1215 2046 1510 2109 ἐπίσκοπος
1538 2044 1639 2116 τῆς
1688 2041 1918 2112 Ἐκκλη-

246 2144 253 2151 ’
340 2149 460 2212 σίας
510 2146 882 2218 Καρχηδόνος,
924 2143 1020 2213 Τῷ
1044 2142 1273 2212 παρόντι
1335 2139 1575 2209 δεκρέτῳ
1633 2136 1921 2207 συνῄνεσα,

339 2240 435 2292 καὶ
465 2236 871 2305 ἀναγνωσθέντι
905 2231 1218 2303 ὑπέγραψα.
1261 2230 1494 2300 Ὁμοίως
1522 2227 1617 2282 καὶ
1646 2227 1697 2279 οἱ
1741 2225 1924 2279 λοιποὶ

339 2331 637 2384 ἐπίσκοποι
674 2326 1019 2399 ὑπέγραψαν.

424 2444 529 2498 Ἐν
553 2442 740 2509 ταύτῃ
777 2437 852 2508 τῇ
881 2436 1121 2502 συνόδῳ
1154 2435 1402 2505 ὡρίσθη,
1442 2433 1546 2487 ἵνα
1588 2431 1925 2496 ἐπίσκοπος

340 2535 524 2607 χωρὶς
543 2529 920 2599 ἀπολυτικῆς
955 2527 1042 2598 μὴ
1082 2527 1351 2593 πλεύσῃ.

425 2649 551 2702 Ἐπὶ
578 2643 883 2716 Καισαρίου
928 2641 1023 2697 καὶ
1060 2638 1307 2693 Ἀττικοῦ
1367 2636 1482 2689 τῶν
1520 2632 1926 2705 λαμπροτάτων

343 2740 686 2808 ὑπάτων,ιτῇ
709 2737 815 2809 πρὸ
844 2736 903 2803 ἓξ
924 2732 1219 2788 Καλανδῶν
1253 2729 1490 2784 Ἰουλίων
1522 2728 1581 2781 ὲν
1597 2725 1925 2796 Καρχηδόνι,

343 2834 514 2905 ἤρεσε
553 2830 760 2903 μηδένα
818 2827 929 2881 τῶν
955 2824 1284 2880 ἐπισκόπων
1310 2820 1499 2875 πλέειν
1528 2817 1697 2890 χωρὶς
1723 2815 1927 2871 ἀπολυ-

345 2925 507 2994 τικῆς
538 2921 633 2977 τοῦ
664 2918 1062 2992 πρωτεύοντος.

416 3014 502 3069 Τὰ
535 3011 902 3085 πεπραγμένα
936 3010 966 3063 ὁ
995 3006 1175 3082 ζητῶν
1207 3004 1267 3084 ὲν
1303 3003 1416 3067 τοῖς
1455 2998 1797 3062 αὐθεντικοίς
1835 2996 1927 3050 εὐ-

351 3107 529 3179 ρήσει.

844 3092 1007 3103 ...Δ-φ

2025 1961 2174 2002 mus.

2099 2036 2261 2107 189
2281 2037 2818 2109 Etsubscripserunt.
2842 2039 3099 2095 Aurelius
3117 2039 3404 2110 episcopus
3424 2037 3612 2093 Eccle-

2025 2126 2121 2181 siae
2140 2128 2606 2199 Carthaginensis,
2656 2130 2781 2185 buic
2807 2130 3027 2187 decreto
3075 2133 3351 2198 consensi,
3372 2141 3428 2187 et
3469 2146 3613 2203 prac-

2026 2218 2165 2275 lecto
2196 2221 2516 2290 subscripsi.
2566 2221 2829 2278 Similiter
2874 2232 2929 2278 et
2975 2224 3155 2280 caeteri
3186 2226 3427 2296 episcopi
3476 2226 3608 2280 sub-

2028 2311 2370 2382 scripserunt
2403 2320 2538 2389 (54),

2026 2428 2213 2484 Iuliae
2245 2430 2468 2485 concilio
2511 2436 2773 2485 statutum
2810 2444 2909 2501 est,
2964 2442 3022 2487 ut
3063 2432 3291 2505 episcepi
3338 2432 3450 2497 sine
3499 2430 3614 2505 for-

2505 2536 2653 2579 mata
2697 2542 2802 2580 non
2860 2528 3126 2598 navigem.

2097 2634 2333 2690 Catsario
2370 2634 2417 2667 ⁷⁰
2446 2636 2558 2707 (55)
2604 2646 2659 2692 et
2691 2638 2870 2693 Attico
2901 2638 3033 2693 viris
3059 2639 3379 2695 clarissimis
3416 2654 3615 2695 consu-

2027 2724 2194 2793 libus,
2222 2735 2379 2781 sexto
2411 2725 2684 2783 Kalendas
2734 2728 2930 2795 Julias,
2984 2729 3332 2802 Carthagine,
3385 2731 3610 2801 placuit,

2029 2825 2091 2872 ut
2114 2816 2298 2873 nullus
2319 2818 2709 2890 episcoporum
2736 2821 2956 2892 naviget
2981 2820 3100 2877 sine
3144 2819 3378 2877 formata
3412 2823 3616 2893 prima-

2031 2909 2125 2967 tis.

2101 3000 2270 3062 Gesta
2298 3004 2352 3061 in
2375 3005 2724 3074 autbenticis,
2755 3006 2851 3077 qui
2884 3017 3114 3077 qureret,
3143 3005 3401 3063 inveniet.

360 3241 461 3295 Ἐκ
492 3239 603 3306 τῆς
631 3237 901 3294 συνόδου
936 3235 1155 3302 ταύτης
1189 3232 1595 3306 recrementa!
1631 3233 1781 3301 πρὸς
1809 3231 1927 3306 ,βα-
1955 3220 1958 3242 ⁴

2031 3224 2113 3280 De
2169 3227 2393 3281 concilio
2452 3227 2704 3306 morso}
2732 3228 2897 3306 icgati
2950 3229 3020 3282 ad
3048 3230 3392 3306 imperatores
3437 3233 3614 3302 infra-

421 3302 635 3372 σιλέἁς
660 3350 675 3374 ,
738 3310 793 3361 οι
867 3303 1380 3377 ὑπογεγραμμένα
1436 3304 1763 3358 ἐπίσκοποι
1814 3302 1928 3356 ἁπ-

416 3381 783 3434 εστέλλοντο
807 3377 942 3447 (54).

420 3493 563 3561 Περὶ
600 3489 954 3558 ἐλευθεριῶν
1000 3486 1119 3542 τῶν
1141 3488 1211 3541 ἐν
1237 3486 1312 3556 τῇ
1346 3485 1674 3554 Ἐκκλησία
1703 3481 1933 3555 γινομέο

352 3602 496 3650 νων,
524 3581 803 3651 αἱτητέον
822 3581 942 3636 ἀπὸ
963 3580 1069 3634 τοῦ
1084 3578 1416 3646 βασιλέως.

426 3717 516 3781 ξδ’.
547 3716 683 3786 Περὶ
706 3712 1032 3784 ὲλευθεριῶν
1072 3712 1273 3783 δηλαδὴ
1306 3713 1364 3765 ὲν
1392 3714 1459 3782 τῇ
1507 3709 1807 3780 Ἐκκλησία
1838 3725 1936 3776 κη-

358 3809 622 3880 ρυκτέων,
655 3805 751 3859 ἐὰν
781 3804 940 3859 τοῦτο
960 3806 1010 3859 oi
1037 3805 1297 3876 ἡμέτεροι
1330 3805 1601 3873 συνιερεῖς
1632 3803 1934 3871 φαίνωνται

358 3900 639 3962 ποιοῦντες
690 3897 793 3953 ἀνὰ
846 3898 947 3968 τὴν
1008 3895 1261 3965 Ἰταλίαν,
1319 3894 1414 3947 καὶ
1443 3897 1476 3964 ὴ
1505 3893 1751 3965 ἡμετέρα
1780 3891 1938 3962 δῆλον

356 3992 683 4061 πεποίθησις
710 3992 777 4060 τῇ
800 3988 1008 4042 τούτων
1038 3985 1191 4052 τάξει
1228 3986 1445 4052 ἕπεται,
1476 3984 1726 4055 δοθείσης
1765 3999 1937 4053 φανε-

361 4084 470 4155 ρῶς
498 4082 703 4145 ἀδείας,
758 4082 1117 4152 πεμπομένου
1176 4077 1579 4149 τοποτηρητοῦ,
1618 4075 1705 4128 ἵνα
1755 4073 1939 4143 οίαδή-

360 4192 492 4229 ποτε
518 4175 644 4241 ἀξία
673 4174 927 4237 πίστεως,
980 4174 1125 4241 ὑπὲρ
1150 4173 1248 4241 τῆς
1274 4168 1738 4240 ὲκκλησιαστικῆς
1770 4183 1939 4219 κατα-

363 4268 626 4332 στάσεως,
667 4265 895 4333 καὶτῆς
923 4264 1035 4318 τῶν
1097 4261 1287 4333 ψυχῶν
1322 4258 1593 4329 σωτηρίας
1656 4256 1940 4310 ἐκτελέσαι

358 4358 615 4428 δυνηθείη
639 4375 651 4388 ·
687 4359 781 4410 καὶ
814 4358 974 4427 ἡμεῖς
1011 4352 1311 4416 ὲπαινετῶς
1357 4351 1588 4405 ἐνώπιον
1618 4347 1710 4401 τοῦ
1734 4346 1940 4415 Κυρίου

362 4449 748 4520 ὑπώεξώμεθα
767 4449 942 4502 ταῦτα
961 4448 1164 4502 πάντα’
1190 4446 1285 4500 ἐὰν
1301 4446 1367 4515 τῇ
1395 4444 1638 4514 ὑμετέρα
1664 4438 1942 4511 ἁγιωσύνῃ

2386 3299 2571 3367 scripti
2641 3298 2948 3369 diriguntur
3014 3302 3261 3370 episcopi.

2105 3496 2181 3551 De
2220 3496 2724 3552 manumissionibua
2771 3498 2826 3552 in
2858 3496 3097 3554 Ecclesia
3141 3500 3503 3568 celebrandis,
3554 3505 3619 3556 ab

2034 3590 2351 3657 imperatore
2375 3589 2711 3656 poscendum.

2107 3719 2200 3775 64.
2230 3718 2307 3773 De
2341 3722 2872 3779 manumissionibus
2916 3725 2961 3756 ⁷¹
3009 3740 3141 3781 sane
3166 3725 3219 3780 in
3248 3726 3491 3782 Ecclesia
3526 3728 3615 3781 di»

2039 3812 2227 3866 cendis
2254 3811 2452 3883 [Gram
2483 3815 2933 3888 proclamandis],
2963 3819 3008 3871 si
3038 3817 3088 3871 id
3117 3819 3287 3872 nostri
3331 3834 3623 3875 consacer-

2039 3900 2193 3956 dotes
2247 3918 2343 3972 per
2373 3903 2582 3957 Italiam
2616 3903 2799 3959 facere
2822 3905 3205 3975 lrepcriuntur,
3234 3915 3437 3962 nostrae
3454 3907 3622 3961 etiam

2040 3995 2144 4047 erit
2172 3994 2383 4049 liduciaa
2409 3995 2641 4050 istorum
2668 3997 2917 4051 ordinem
2962 3999 3116 4066 sequi
3152 4017 3166 4052 :
3199 3998 3323 4053 data
3362 4000 3522 4069 plane
3555 4000 3624 4053 Ii-

2040 4086 2217 4140 centia
2248 4087 2419 4141 misso
2460 4088 2659 4156 legato,
2710 4098 2771 4143 ut
2795 4104 3131 4160 quaecunque
3160 4091 3325 4161 digna
3371 4092 3479 4147 ﬁde
3522 4108 3624 4163 pro

2043 4187 2189 4232 statu
2241 4178 2500 4233 Ecclesiae
2525 4189 2580 4235 et
2615 4180 2788 4235 salute
2818 4181 3127 4237 animarum
3160 4199 3321 4253 agere
3350 4187 3612 4254 poluerit,

2046 4286 2146 4324 nos
2178 4270 2532 4327 laudabiliter
2581 4274 2634 4326 in
2676 4283 2973 4342 conspectu
3017 4274 3232 4329 Domini
3276 4286 3623 4344 accepturos.

2044 4361 2175 4426 Qua:
2205 4362 2414 4427 omnia,
2450 4363 2495 4418 si
2522 4364 2799 4419 sanctitati
2831 4374 3025 4419 vestrae
3050 4366 3283 4435 placent,
3306 4366 3541 4432 edicite;
3569 4379 3628 4421 ut

2044 4464 2099 4510 et
2124 4471 2302 4510 meam
2338 4457 2741 4528 suggestionem
2766 4467 2939 4511 ratam
2967 4473 3089 4512 esse
3127 4460 3283 4514 vobis
3317 4459 3624 4523 advertam,

364 4542 597 4611 ἀρέσκῃ.
651 4540 930 4605 ὲξείπατε·
966 4539 1055 4593 ἵνα
1089 4539 1182 4591 καὶ
1208 4537 1306 4607 τὴν
1343 4533 1482 4606 ἐμὴν
1543 4530 1823 4603 ἀναφορὰν
1852 4531 1944 4602 βε-

2048 4556 2105 4601 et
2138 4556 2379 4603 nostram
2404 4549 2649 4603 omnium
2680 4550 3098 4607 consensionem
3119 4551 3406 4608 sinceritas
3438 4566 3627 4608 eorum

364 4632 525 4685 ϐαίαν
562 4631 728 4685 οὖσαν
776 4633 903 4702 ὑμῖν
937 4629 1210 4694 ἐπιδείξω,
1252 4630 1346 4681 καὶ
1379 4627 1449 4681 τὰ
1486 4626 1639 4697 παρὰ
1668 4626 1768 4697 τῆς
1792 4626 1932 4678 πάν-

364 4742 472 4779 των
501 4724 659 4795 ήμῶν
688 4724 1047 4786 συναινέσεως
1077 4724 1109 4791 ἡ
1145 4721 1326 4775 αὐτῶν
1361 4718 1726 4789 εἰλικρινότης
1767 4717 1944 4784 ἡδέως

366 4816 750 4887 προσδέξηται.

449 4908 582 4961 Ἀπὸ
651 4907 872 4962 πάντων
939 4906 1048 4959 τῶν
1114 4904 1436 4958 ἐπισκόπων
1485 4904 1701 4975 ὲλέχθη’
1774 4903 1948 4955 Πᾶσιν

2051 4639 2285 4695 libenter
2311 4640 2560 4710 accipiat.

2120 4912 2203 4966 Ab
2260 4912 2535 4967 universis
2590 4913 2863 4982 episcopis
2915 4914 3120 4968 dictum
3176 4923 3312 4968 cst:
3366 4913 3632 4970 Omnibus

366 5000 592 5070 ἀρέσκει
622 5000 691 5053 τὰ
723 4998 1081 5070 προτεθέντα,
1111 4999 1205 5052 καὶ
1258 4998 1497 5060 συνετῶς
1528 4997 1636 5051 ἀπὸ
1684 4995 1787 5065 τῆς
1848 4997 1948 5064 σῆς

2049 5003 2265 5072 placent
2298 5005 2413 5058 lucc
2440 5019 2562 5073 quae
2617 5004 2860 5073 iniuncta
2904 5013 3034 5060 sunt
3073 5005 3378 5075 peragenda
3409 5006 3549 5077 (57),
3580 5019 3633 5062 ct

370 5091 681 5163 ἁγιωσύνης
714 5091 1073 5162 ὲξηγηθέντα,
1108 5090 1315 5161 ὀφείλει
1348 5089 1755 5160 ἐκτελεσθῆναι.

478 5300 526 5332 ⁷ο
588 5298 714 5353 Haec

371 5370 539 5437 Afr-ie,
572 5386 623 5427 c.
659 5371 750 5425 52.

782 5299 837 5352 in
912 5295 1147 5352 concilio
1184 5295 1445 5352 Africano
1510 5305 1570 5350 ut
1635 5301 1855 5357 vocatu,

446 5528 560 5609 (5i)
607 5526 815 5582 Desunt
857 5526 913 5581 in
957 5524 1145 5581 Codice
1203 5522 1507 5592 legatorum
1565 5519 1947 5590 episcoporum

372 5612 772 5738 nozggiailonc.‘
795 5663 1157 5738 Cartliag‘sub
1182 5661 1403 5715 Aurelio
1424 5660 1618 5738 _Il_l_.‘l_l.li
1646 5661 1950 5738 appellatur

374 5731 706 5792 allonil'acio
744 5731 1012 5802 Cartbag.
1041 5734 1094 5787 in
1121 5748 1274 5786 conc.
1311 5732 1436 5787 anni
1474 5731 1596 5785 525,
1633 5733 1789 5785 Anno
1820 5731 1945 5796 597,

372 5822 533 5865 conc.
572 5808 829 5877 Cartllag.
877 5820 958 5874 ιιι,
990 5820 1108 5874 cap.
1144 5804 1231 5857 58.

1928 5293 2123 5349 canoni
2172 5294 2335 5363 hujus
2383 5294 2587 5349 codicis
2664 5293 2755 5356 5i,

2060 5094 2356 5163 prudenter
2392 5109 2423 5148 a
2450 5103 2542 5148 tua
2567 5094 2857 5150 sanctitate
2893 5106 3167 5152 enarrata.

2846 5304 3257 5366 prwponuntur.
3371 5295 3415 5325 "
3456 5295 3628 5351 Cone.

2131 5518 2243 5589 (£26)
2262 5519 2563 5602 Concilium
2607 5520 2864 5591 Carthag.
2891 5534 2941 5573 tv
2972 5518 3076 5573 sub
3104 5516 3329 5574 Aurelio
3356 5519 3479 5572 anni
3508 5519 3637 5585 399,

2059 5606 2234 5644 θοιιοιι
2263 5607 2481 5645 lllllCllS.

2135 5662 2243 5729 (57)
2281 5642 2646 5717 llanc‘voccm
2708 5663 2828 5717 loco
2854 5676 2955 5717 suo
2980 5662 3147 5717 mo:it
3194 5660 3421 5715 Cra-cus
3473 5642 3639 5715 inter-

2054 5747 2197 5801 pres.
