  <div class='ocr_page' id='page_1' title='image "/cluster/home/n/w/nwhite01/storage/ocr_20150623/104:no.4/coo.31924054870088/337.png"; bbox 0 0 4122 6428; ppageno 0'>
   <div class='ocr_carea' id='block_1_1' title="bbox 561 380 668 442">
    <p class='ocr_par' dir='ltr' id='par_1_1' title="bbox 561 380 668 442">
     <span class='ocr_line' id='line_1_1' title="bbox 561 380 668 442; baseline 0 0"><span class='ocrx_word' id='word_1_1' title='bbox 561 380 668 442; x_wconf 83' lang='grc'>655</span> 
     </span>
    </p>
   </div>
   <div class='ocr_carea' id='block_1_2' title="bbox 636 486 2071 565">
    <p class='ocr_par' dir='ltr' id='par_1_2' title="bbox 636 486 2071 565">
     <span class='ocr_line' id='line_1_2' title="bbox 636 486 2071 565; baseline -0.007 -16"><span class='ocrx_word' id='word_1_2' title='bbox 636 493 795 565; x_wconf 74' lang='lat'><strong>190</strong></span> <span class='ocrx_word' id='word_1_3' title='bbox 820 491 894 547; x_wconf 85' lang='lat' dir='ltr'><strong>De</strong></span> <span class='ocrx_word' id='word_1_4' title='bbox 925 491 1003 544; x_wconf 85' lang='lat' dir='ltr'><strong>his</strong></span> <span class='ocrx_word' id='word_1_5' title='bbox 1037 489 1125 560; x_wconf 84' lang='lat' dir='ltr'><strong>qui</strong></span> <span class='ocrx_word' id='word_1_6' title='bbox 1160 489 1331 559; x_wconf 80' lang='lat' dir='ltr'><strong>plebes</strong></span> <span class='ocrx_word' id='word_1_7' title='bbox 1384 487 1623 558; x_wconf 85' lang='lat' dir='ltr'><strong>proprias</strong></span> <span class='ocrx_word' id='word_1_8' title='bbox 1685 486 2071 556; x_wconf 80' lang='lat' dir='ltr'><strong>derelinquunt.</strong></span> 
     </span>
    </p>
   </div>
   <div class='ocr_carea' id='block_1_3' title="bbox 630 664 2138 742">
    <p class='ocr_par' dir='ltr' id='par_1_3' title="bbox 630 664 2138 742">
     <span class='ocr_line' id='line_1_3' title="bbox 630 664 2138 742; baseline -0.008 -13"><span class='ocrx_word' id='word_1_9' title='bbox 630 676 720 730; x_wconf 78' lang='grc' dir='ltr'>Ἡ.</span> <span class='ocrx_word' id='word_1_10' title='bbox 765 673 978 730; x_wconf 81' lang='lat' dir='ltr'><strong>Rursus</strong></span> <span class='ocrx_word' id='word_1_11' title='bbox 999 670 1204 742; x_wconf 75' lang='lat' dir='ltr'><strong>placuit</strong></span> <span class='ocrx_word' id='word_1_12' title='bbox 1226 671 1269 702; x_wconf 77' lang='grc' dir='ltr'><strong>τ’</strong></span> <span class='ocrx_word' id='word_1_13' title='bbox 1305 667 1441 739; x_wconf 81' lang='lat'><strong>(58),</strong></span> <span class='ocrx_word' id='word_1_14' title='bbox 1473 676 1534 721; x_wconf 92' lang='lat' dir='ltr'><strong>ut</strong></span> <span class='ocrx_word' id='word_1_15' title='bbox 1563 666 1764 720; x_wconf 84' lang='lat' dir='ltr'><strong>nemini</strong></span> <span class='ocrx_word' id='word_1_16' title='bbox 1787 666 1858 721; x_wconf 88' lang='lat' dir='ltr'><strong>sit</strong></span> <span class='ocrx_word' id='word_1_17' title='bbox 1886 664 2138 731; x_wconf 78' lang='lat' dir='ltr'><strong>facultas,</strong></span> 
     </span>
    </p>
   </div>
   <div class='ocr_carea' id='block_1_4' title="bbox 560 759 2132 838">
    <p class='ocr_par' dir='ltr' id='par_1_4' title="bbox 560 759 2132 838">
     <span class='ocr_line' id='line_1_4' title="bbox 560 759 2132 838; baseline -0.008 -13"><span class='ocrx_word' id='word_1_18' title='bbox 560 770 745 825; x_wconf 87' lang='lat' dir='ltr'><strong>relicta</strong></span> <span class='ocrx_word' id='word_1_19' title='bbox 775 766 1058 838; x_wconf 87' lang='lat' dir='ltr'><strong>principali</strong></span> <span class='ocrx_word' id='word_1_20' title='bbox 1084 763 1364 825; x_wconf 87' lang='lat' dir='ltr'><strong>cathedra.</strong></span> <span class='ocrx_word' id='word_1_21' title='bbox 1391 761 1456 816; x_wconf 89' lang='lat' dir='ltr'><strong>ad</strong></span> <span class='ocrx_word' id='word_1_22' title='bbox 1488 761 1726 828; x_wconf 84' lang='lat' dir='ltr'><strong>aliquam</strong></span> <span class='ocrx_word' id='word_1_23' title='bbox 1748 759 2048 814; x_wconf 86' lang='lat' dir='ltr'><strong>Ecclesiam</strong></span> <span class='ocrx_word' id='word_1_24' title='bbox 2076 759 2132 813; x_wconf 85' lang='lat' dir='ltr'><strong>in</strong></span> 
     </span>
    </p>
   </div>
   <div class='ocr_carea' id='block_1_5' title="bbox 559 851 2142 922">
    <p class='ocr_par' dir='ltr' id='par_1_5' title="bbox 559 851 2142 922">
     <span class='ocr_line' id='line_1_5' title="bbox 559 851 2142 922; baseline -0.008 -5"><span class='ocrx_word' id='word_1_25' title='bbox 559 861 785 918; x_wconf 71' lang='lat' dir='ltr'><strong>dimcesi</strong></span> <span class='ocrx_word' id='word_1_26' title='bbox 831 859 1184 916; x_wconf 72' lang='lat' dir='ltr'><strong>constitutam</strong></span> <span class='ocrx_word' id='word_1_27' title='bbox 1233 871 1291 911; x_wconf 87' lang='lat' dir='ltr'><strong>se</strong></span> <span class='ocrx_word' id='word_1_28' title='bbox 1335 853 1605 916; x_wconf 83' lang='lat' dir='ltr'><strong>conferre,</strong></span> <span class='ocrx_word' id='word_1_29' title='bbox 1661 852 1746 906; x_wconf 88' lang='lat' dir='ltr'><strong>vel</strong></span> <span class='ocrx_word' id='word_1_30' title='bbox 1799 851 1853 906; x_wconf 92' lang='lat' dir='ltr'><strong>in</strong></span> <span class='ocrx_word' id='word_1_31' title='bbox 1903 866 1963 906; x_wconf 90' lang='lat' dir='ltr'><strong>re</strong></span> <span class='ocrx_word' id='word_1_32' title='bbox 2012 865 2142 922; x_wconf 88' lang='lat' dir='ltr'><strong>pro-</strong></span> 
     </span>
    </p>
   </div>
   <div class='ocr_carea' id='block_1_6' title="bbox 560 946 2140 1026">
    <p class='ocr_par' dir='ltr' id='par_1_6' title="bbox 560 946 2140 1026">
     <span class='ocr_line' id='line_1_6' title="bbox 560 946 2140 1026; baseline -0.006 -16"><span class='ocrx_word' id='word_1_33' title='bbox 560 958 679 1026; x_wconf 86' lang='lat' dir='ltr'><strong>pria</strong></span> <span class='ocrx_word' id='word_1_34' title='bbox 707 956 824 1025; x_wconf 86' lang='lat'><strong>(59)</strong></span> <span class='ocrx_word' id='word_1_35' title='bbox 860 952 1064 1006; x_wconf 76' lang='lat' dir='ltr'><strong>diutius</strong></span> <span class='ocrx_word' id='word_1_36' title='bbox 1083 964 1246 1020; x_wconf 89' lang='lat' dir='ltr'><strong>quam</strong></span> <span class='ocrx_word' id='word_1_37' title='bbox 1281 957 1496 1018; x_wconf 80' lang='lat' dir='ltr'><strong>Oportet</strong></span> <span class='ocrx_word' id='word_1_38' title='bbox 1521 946 1900 1009; x_wconf 87' lang='lat' dir='ltr'><strong>constitutum,</strong></span> <span class='ocrx_word' id='word_1_39' title='bbox 1947 960 2140 1000; x_wconf 86' lang='lat' dir='ltr'><strong>curam</strong></span> 
     </span>
    </p>
   </div>
   <div class='ocr_carea' id='block_1_7' title="bbox 558 1037 2066 1118">
    <p class='ocr_par' dir='ltr' id='par_1_7' title="bbox 558 1037 2066 1118">
     <span class='ocr_line' id='line_1_7' title="bbox 558 1037 2066 1118; baseline -0.007 -15"><span class='ocrx_word' id='word_1_40' title='bbox 558 1052 642 1105; x_wconf 83' lang='lat' dir='ltr'><strong>vel</strong></span> <span class='ocrx_word' id='word_1_41' title='bbox 679 1045 1169 1118; x_wconf 81' lang='lat' dir='ltr'><strong>frequentationem</strong></span> <span class='ocrx_word' id='word_1_42' title='bbox 1199 1041 1433 1113; x_wconf 70' lang='lat' dir='ltr'><strong>propriae</strong></span> <span class='ocrx_word' id='word_1_43' title='bbox 1465 1039 1740 1095; x_wconf 68' lang='lat' dir='ltr'><strong>cathedrae</strong></span> <span class='ocrx_word' id='word_1_44' title='bbox 1770 1037 2066 1109; x_wconf 73' lang='lat' dir='ltr'><strong>negligere.</strong></span> 
     </span>
    </p>
   </div>
   <div class='ocr_carea' id='block_1_8' title="bbox 626 1214 2145 1293">
    <p class='ocr_par' dir='ltr' id='par_1_8' title="bbox 626 1214 2145 1293">
     <span class='ocr_line' id='line_1_8' title="bbox 626 1214 2145 1293; baseline -0.004 -17"><span class='ocrx_word' id='word_1_45' title='bbox 626 1222 705 1276; x_wconf 88' lang='lat' dir='ltr'><strong>De</strong></span> <span class='ocrx_word' id='word_1_46' title='bbox 732 1220 1094 1293; x_wconf 75' lang='lat' dir='ltr'><strong>defensoribus</strong></span> <span class='ocrx_word' id='word_1_47' title='bbox 1137 1217 1503 1272; x_wconf 81' lang='lat' dir='ltr'><strong>Ecclesiarum</strong></span> <span class='ocrx_word' id='word_1_48' title='bbox 1555 1214 1623 1270; x_wconf 84' lang='lat' dir='ltr'><strong>ab</strong></span> <span class='ocrx_word' id='word_1_49' title='bbox 1695 1215 2014 1281; x_wconf 79' lang='lat' dir='ltr'><strong>imperatore</strong></span> <span class='ocrx_word' id='word_1_50' title='bbox 2046 1231 2145 1286; x_wconf 83' lang='lat' dir='ltr'><strong>po-</strong></span> 
     </span>
    </p>
   </div>
   <div class='ocr_carea' id='block_1_9' title="bbox 556 1315 786 1368">
    <p class='ocr_par' dir='ltr' id='par_1_9' title="bbox 556 1315 786 1368">
     <span class='ocr_line' id='line_1_9' title="bbox 556 1315 786 1368; baseline 0.004 -2"><span class='ocrx_word' id='word_1_51' title='bbox 556 1315 786 1368; x_wconf 69' lang='lat' dir='ltr'><strong>scandis.</strong></span> 
     </span>
    </p>
   </div>
   <div class='ocr_carea' id='block_1_10' title="bbox 629 1398 2140 1474">
    <p class='ocr_par' dir='ltr' id='par_1_10' title="bbox 629 1398 2140 1474">
     <span class='ocr_line' id='line_1_10' title="bbox 629 1398 2140 1474; baseline -0.005 -14"><span class='ocrx_word' id='word_1_52' title='bbox 629 1405 719 1460; x_wconf 81' lang='lat'><strong>75.</strong></span> <span class='ocrx_word' id='word_1_53' title='bbox 766 1405 850 1459; x_wconf 82' lang='lat' dir='ltr'><strong>Ab</strong></span> <span class='ocrx_word' id='word_1_54' title='bbox 903 1403 1356 1474; x_wconf 83' lang='lat' dir='ltr'><strong>imperatoribus,</strong></span> <span class='ocrx_word' id='word_1_55' title='bbox 1400 1399 1674 1456; x_wconf 72' lang='lat' dir='ltr'><strong>universis</strong></span> <span class='ocrx_word' id='word_1_56' title='bbox 1733 1398 1912 1454; x_wconf 88' lang='lat' dir='ltr'><strong>visum</strong></span> <span class='ocrx_word' id='word_1_57' title='bbox 1965 1400 2140 1464; x_wconf 83' lang='lat' dir='ltr'><strong>est&quot;,</strong></span> 
     </span>
    </p>
   </div>
   <div class='ocr_carea' id='block_1_11' title="bbox 555 1492 2144 1568">
    <p class='ocr_par' dir='ltr' id='par_1_11' title="bbox 555 1492 2144 1568">
     <span class='ocr_line' id='line_1_11' title="bbox 555 1492 2144 1568; baseline -0.003 -17"><span class='ocrx_word' id='word_1_58' title='bbox 555 1497 946 1568; x_wconf 87' lang='lat' dir='ltr'><strong>postulandum</strong></span> <span class='ocrx_word' id='word_1_59' title='bbox 995 1505 1217 1565; x_wconf 87' lang='lat' dir='ltr'><strong>propter</strong></span> <span class='ocrx_word' id='word_1_60' title='bbox 1255 1492 1603 1548; x_wconf 81' lang='lat' dir='ltr'><strong>alllictionem</strong></span> <span class='ocrx_word' id='word_1_61' title='bbox 1637 1507 1963 1562; x_wconf 85' lang='lat' dir='ltr'><strong>pauperum,</strong></span> <span class='ocrx_word' id='word_1_62' title='bbox 2001 1508 2144 1563; x_wconf 86' lang='lat' dir='ltr'><strong>quo-</strong></span> 
     </span>
    </p>
   </div>
   <div class='ocr_carea' id='block_1_12' title="bbox 555 1584 2146 1655">
    <p class='ocr_par' dir='ltr' id='par_1_12' title="bbox 555 1584 2146 1655">
     <span class='ocr_line' id='line_1_12' title="bbox 555 1584 2146 1655; baseline -0.002 -12"><span class='ocrx_word' id='word_1_63' title='bbox 555 1605 679 1644; x_wconf 89' lang='lat' dir='ltr'><strong>rum</strong></span> <span class='ocrx_word' id='word_1_64' title='bbox 755 1587 1024 1643; x_wconf 88' lang='lat' dir='ltr'><strong>molestiis</strong></span> <span class='ocrx_word' id='word_1_65' title='bbox 1082 1587 1200 1642; x_wconf 90' lang='lat' dir='ltr'><strong>sine</strong></span> <span class='ocrx_word' id='word_1_66' title='bbox 1257 1585 1669 1641; x_wconf 89' lang='lat' dir='ltr'><strong>intermissione</strong></span> <span class='ocrx_word' id='word_1_67' title='bbox 1723 1584 1984 1655; x_wconf 80' lang='lat' dir='ltr'><strong>fatigatur</strong></span> <span class='ocrx_word' id='word_1_68' title='bbox 2041 1585 2146 1640; x_wconf 89' lang='lat' dir='ltr'><strong>Ec-</strong></span> 
     </span>
    </p>
   </div>
   <div class='ocr_carea' id='block_1_13' title="bbox 555 1679 2143 1748">
    <p class='ocr_par' dir='ltr' id='par_1_13' title="bbox 555 1679 2143 1748">
     <span class='ocr_line' id='line_1_13' title="bbox 555 1679 2143 1748; baseline -0.003 -9"><span class='ocrx_word' id='word_1_69' title='bbox 555 1684 746 1748; x_wconf 84' lang='lat' dir='ltr'><strong>clesia,</strong></span> <span class='ocrx_word' id='word_1_70' title='bbox 793 1691 854 1736; x_wconf 89' lang='lat' dir='ltr'><strong>ut</strong></span> <span class='ocrx_word' id='word_1_71' title='bbox 895 1679 1217 1736; x_wconf 80' lang='lat' dir='ltr'><strong>defensores</strong></span> <span class='ocrx_word' id='word_1_72' title='bbox 1270 1679 1354 1735; x_wconf 91' lang='lat' dir='ltr'><strong>eis</strong></span> <span class='ocrx_word' id='word_1_73' title='bbox 1410 1679 1676 1735; x_wconf 85' lang='lat' dir='ltr'><strong>adversus</strong></span> <span class='ocrx_word' id='word_1_74' title='bbox 1722 1679 1998 1748; x_wconf 88' lang='lat' dir='ltr'><strong>potentias</strong></span> <span class='ocrx_word' id='word_1_75' title='bbox 2053 1679 2143 1734; x_wconf 89' lang='lat' dir='ltr'><strong>di-</strong></span> 
     </span>
    </p>
   </div>
   <div class='ocr_carea' id='block_1_14' title="bbox 553 1770 2066 1843">
    <p class='ocr_par' dir='ltr' id='par_1_14' title="bbox 553 1770 2066 1843">
     <span class='ocr_line' id='line_1_14' title="bbox 553 1770 2066 1843; baseline -0.002 -14"><span class='ocrx_word' id='word_1_76' title='bbox 553 1776 728 1830; x_wconf 87' lang='lat' dir='ltr'><strong>vitum</strong></span> <span class='ocrx_word' id='word_1_77' title='bbox 763 1789 888 1828; x_wconf 90' lang='lat' dir='ltr'><strong>cum</strong></span> <span class='ocrx_word' id='word_1_78' title='bbox 933 1773 1320 1843; x_wconf 79' lang='lat' dir='ltr'><strong>episcoporum</strong></span> <span class='ocrx_word' id='word_1_79' title='bbox 1378 1771 1691 1842; x_wconf 80' lang='lat' dir='ltr'><strong>provisione</strong></span> <span class='ocrx_word' id='word_1_80' title='bbox 1725 1770 2066 1842; x_wconf 74' lang='lat' dir='ltr'><strong>delegentur.</strong></span> 
     </span>
    </p>
   </div>
   <div class='ocr_carea' id='block_1_15' title="bbox 632 1865 1266 1922">
    <p class='ocr_par' dir='ltr' id='par_1_15' title="bbox 632 1865 1266 1922">
     <span class='ocr_line' id='line_1_15' title="bbox 632 1865 1266 1922; baseline -0.008 0"><span class='ocrx_word' id='word_1_81' title='bbox 632 1868 708 1922; x_wconf 84' lang='lat' dir='ltr'><strong>De</strong></span> <span class='ocrx_word' id='word_1_82' title='bbox 737 1865 1266 1920; x_wconf 82' lang='lat' dir='ltr'><strong>manumissiouibus.</strong></span> 
     </span>
    </p>
   </div>
   <div class='ocr_carea' id='block_1_16' title="bbox 627 1954 2141 2028">
    <p class='ocr_par' dir='ltr' id='par_1_16' title="bbox 627 1954 2141 2028">
     <span class='ocr_line' id='line_1_16' title="bbox 627 1954 2141 2028; baseline -0.002 -15"><span class='ocrx_word' id='word_1_83' title='bbox 627 1959 718 2013; x_wconf 73' lang='lat'><strong>82.</strong></span> <span class='ocrx_word' id='word_1_84' title='bbox 741 1957 868 2012; x_wconf 91' lang='lat' dir='ltr'><strong>Item</strong></span> <span class='ocrx_word' id='word_1_85' title='bbox 888 1956 1160 2028; x_wconf 81' lang='lat' dir='ltr'><strong>placuit&quot;,</strong></span> <span class='ocrx_word' id='word_1_86' title='bbox 1181 1964 1238 2009; x_wconf 91' lang='lat' dir='ltr'><strong>ut</strong></span> <span class='ocrx_word' id='word_1_87' title='bbox 1255 1955 1321 2010; x_wconf 92' lang='lat' dir='ltr'><strong>de</strong></span> <span class='ocrx_word' id='word_1_88' title='bbox 1338 1954 1864 2011; x_wconf 88' lang='lat' dir='ltr'><strong>manumissionibus</strong></span> <span class='ocrx_word' id='word_1_89' title='bbox 1884 1955 1936 2010; x_wconf 92' lang='lat' dir='ltr'><strong>in</strong></span> <span class='ocrx_word' id='word_1_90' title='bbox 1957 1954 2141 2010; x_wconf 87' lang='lat' dir='ltr'><strong>Eccle-</strong></span> 
     </span>
    </p>
   </div>
   <div class='ocr_carea' id='block_1_17' title="bbox 556 2048 1730 2118">
    <p class='ocr_par' dir='ltr' id='par_1_17' title="bbox 556 2048 1730 2118">
     <span class='ocr_line' id='line_1_17' title="bbox 556 2048 1730 2118; baseline -0.008 -10"><span class='ocrx_word' id='word_1_91' title='bbox 556 2052 635 2108; x_wconf 88' lang='lat' dir='ltr'><strong>sia</strong></span> <span class='ocrx_word' id='word_1_92' title='bbox 666 2048 1006 2107; x_wconf 84' lang='lat' dir='ltr'><strong>celebrandis</strong></span> <span class='ocrx_word' id='word_1_93' title='bbox 1034 2048 1104 2102; x_wconf 89' lang='lat' dir='ltr'><strong>ab</strong></span> <span class='ocrx_word' id='word_1_94' title='bbox 1129 2048 1461 2118; x_wconf 87' lang='lat' dir='ltr'><strong>imperatore</strong></span> <span class='ocrx_word' id='word_1_95' title='bbox 1490 2055 1730 2117; x_wconf 87' lang='lat' dir='ltr'><strong>petatur.</strong></span> 
     </span>
    </p>
   </div>
   <div class='ocr_carea' id='block_1_18' title="bbox 558 2223 2138 2292">
    <p class='ocr_par' dir='ltr' id='par_1_18' title="bbox 558 2223 2138 2292">
     <span class='ocr_line' id='line_1_18' title="bbox 558 2223 2138 2292; baseline -0.005 -6"><span class='ocrx_word' id='word_1_96' title='bbox 558 2229 785 2286; x_wconf 80' lang='lat' dir='ltr'><strong>Concilii</strong></span> <span class='ocrx_word' id='word_1_97' title='bbox 813 2227 1115 2282; x_wconf 76' lang='lat' dir='ltr'><strong>mcumeuici</strong></span> <span class='ocrx_word' id='word_1_98' title='bbox 1165 2241 1215 2282; x_wconf 76' lang='lat' dir='ltr'><strong>vr</strong></span> <span class='ocrx_word' id='word_1_99' title='bbox 1246 2240 1470 2281; x_wconf 80' lang='lat' dir='ltr'><strong>canones</strong></span> <span class='ocrx_word' id='word_1_100' title='bbox 1524 2225 1616 2292; x_wconf 69' lang='lat'><strong>25,</strong></span> <span class='ocrx_word' id='word_1_101' title='bbox 1663 2224 1754 2291; x_wconf 78' lang='lat'><strong>36,</strong></span> <span class='ocrx_word' id='word_1_102' title='bbox 1810 2224 1902 2289; x_wconf 77' lang='grc'>57,</span> <span class='ocrx_word' id='word_1_103' title='bbox 1933 2223 2022 2291; x_wconf 67' lang='lat'><strong>‘58,</strong></span> <span class='ocrx_word' id='word_1_104' title='bbox 2047 2223 2138 2280; x_wconf 78' lang='lat'><strong>59.</strong></span> 
     </span>
    </p>
   </div>
   <div class='ocr_carea' id='block_1_19' title="bbox 629 2382 2143 2453">
    <p class='ocr_par' dir='ltr' id='par_1_19' title="bbox 629 2382 2143 2453">
     <span class='ocr_line' id='line_1_19' title="bbox 629 2382 2143 2453; baseline 0 -13"><span class='ocrx_word' id='word_1_105' title='bbox 629 2385 719 2440; x_wconf 75' lang='lat'><strong>25.</strong></span> <span class='ocrx_word' id='word_1_106' title='bbox 753 2383 1021 2440; x_wconf 68' lang='lat' dir='ltr'><strong>Praeterea</strong></span> <span class='ocrx_word' id='word_1_107' title='bbox 1043 2395 1369 2438; x_wconf 84' lang='lat' dir='ltr'><strong>renovamus</strong></span> <span class='ocrx_word' id='word_1_108' title='bbox 1391 2383 1555 2437; x_wconf 90' lang='lat' dir='ltr'><strong>etiam</strong></span> <span class='ocrx_word' id='word_1_109' title='bbox 1580 2396 1871 2448; x_wconf 92' lang='lat' dir='ltr'><strong>canonem,</strong></span> <span class='ocrx_word' id='word_1_110' title='bbox 1896 2382 1988 2453; x_wconf 88' lang='lat' dir='ltr'><strong>qui</strong></span> <span class='ocrx_word' id='word_1_111' title='bbox 2010 2382 2143 2440; x_wconf 88' lang='lat' dir='ltr'><strong>dicit</strong></span> 
     </span>
    </p>
   </div>
   <div class='ocr_carea' id='block_1_20' title="bbox 555 2475 2141 2550">
    <p class='ocr_par' dir='ltr' id='par_1_20' title="bbox 555 2475 2141 2550">
     <span class='ocr_line' id='line_1_20' title="bbox 555 2475 2141 2550; baseline -0.003 -15"><span class='ocrx_word' id='word_1_112' title='bbox 555 2488 821 2550; x_wconf 70' lang='lat' dir='ltr'><strong>agrestes,</strong></span> <span class='ocrx_word' id='word_1_113' title='bbox 852 2486 906 2531; x_wconf 91' lang='lat' dir='ltr'><strong>et</strong></span> <span class='ocrx_word' id='word_1_114' title='bbox 934 2490 1055 2546; x_wconf 68' lang='lat' dir='ltr'><strong>qua:</strong></span> <span class='ocrx_word' id='word_1_115' title='bbox 1079 2484 1209 2530; x_wconf 91' lang='lat' dir='ltr'><strong>sunt</strong></span> <span class='ocrx_word' id='word_1_116' title='bbox 1231 2475 1285 2530; x_wconf 93' lang='lat' dir='ltr'><strong>in</strong></span> <span class='ocrx_word' id='word_1_117' title='bbox 1315 2475 1597 2546; x_wconf 82' lang='lat' dir='ltr'><strong>provincia</strong></span> <span class='ocrx_word' id='word_1_118' title='bbox 1627 2475 1916 2545; x_wconf 82' lang='lat' dir='ltr'><strong>parochias</strong></span> <span class='ocrx_word' id='word_1_119' title='bbox 1948 2476 2141 2531; x_wconf 89' lang='lat' dir='ltr'><strong>incon-</strong></span> 
     </span>
    </p>
   </div>
   <div class='ocr_carea' id='block_1_21' title="bbox 555 2567 2138 2636">
    <p class='ocr_par' dir='ltr' id='par_1_21' title="bbox 555 2567 2138 2636">
     <span class='ocr_line' id='line_1_21' title="bbox 555 2567 2138 2636; baseline -0.002 -11"><span class='ocrx_word' id='word_1_120' title='bbox 555 2585 750 2627; x_wconf 61' lang='lat' dir='ltr'><strong>cu4sas</strong></span> <span class='ocrx_word' id='word_1_121' title='bbox 781 2583 1000 2623; x_wconf 88' lang='lat' dir='ltr'><strong>manere</strong></span> <span class='ocrx_word' id='word_1_122' title='bbox 1028 2567 1171 2636; x_wconf 84' lang='lat' dir='ltr'><strong>apud</strong></span> <span class='ocrx_word' id='word_1_123' title='bbox 1206 2567 1517 2636; x_wconf 88' lang='lat' dir='ltr'><strong>episcopos,</strong></span> <span class='ocrx_word' id='word_1_124' title='bbox 1555 2567 1649 2636; x_wconf 89' lang='lat' dir='ltr'><strong>qui</strong></span> <span class='ocrx_word' id='word_1_125' title='bbox 1689 2581 1781 2622; x_wconf 89' lang='lat' dir='ltr'><strong>eas</strong></span> <span class='ocrx_word' id='word_1_126' title='bbox 1814 2567 2094 2636; x_wconf 76' lang='lat' dir='ltr'><strong>possident</strong></span> <span class='ocrx_word' id='word_1_127' title='bbox 2126 2587 2138 2622; x_wconf 90' lang='lat'><strong>:</strong></span> 
     </span>
    </p>
   </div>
   <div class='ocr_carea' id='block_1_22' title="bbox 554 2658 2140 2730">
    <p class='ocr_par' dir='ltr' id='par_1_22' title="bbox 554 2658 2140 2730">
     <span class='ocr_line' id='line_1_22' title="bbox 554 2658 2140 2730; baseline -0.003 -14"><span class='ocrx_word' id='word_1_128' title='bbox 554 2661 828 2726; x_wconf 75' lang='lat' dir='ltr'><strong>maxime,</strong></span> <span class='ocrx_word' id='word_1_129' title='bbox 880 2660 924 2716; x_wconf 90' lang='lat' dir='ltr'><strong>si</strong></span> <span class='ocrx_word' id='word_1_130' title='bbox 973 2659 1190 2730; x_wconf 78' lang='lat' dir='ltr'><strong>triginta</strong></span> <span class='ocrx_word' id='word_1_131' title='bbox 1243 2672 1513 2712; x_wconf 91' lang='lat' dir='ltr'><strong>annorum</strong></span> <span class='ocrx_word' id='word_1_132' title='bbox 1567 2658 1745 2727; x_wconf 86' lang='lat' dir='ltr'><strong>spatio</strong></span> <span class='ocrx_word' id='word_1_133' title='bbox 1795 2673 1888 2712; x_wconf 89' lang='lat' dir='ltr'><strong>eas</strong></span> <span class='ocrx_word' id='word_1_134' title='bbox 1923 2659 2045 2712; x_wconf 80' lang='lat' dir='ltr'><strong>sine</strong></span> <span class='ocrx_word' id='word_1_135' title='bbox 2089 2659 2140 2712; x_wconf 88' lang='lat' dir='ltr'><strong>vi</strong></span> 
     </span>
    </p>
   </div>
   <div class='ocr_carea' id='block_1_23' title="bbox 553 2749 2144 2824">
    <p class='ocr_par' dir='ltr' id='par_1_23' title="bbox 553 2749 2144 2824">
     <span class='ocr_line' id='line_1_23' title="bbox 553 2749 2144 2824; baseline -0.002 -18"><span class='ocrx_word' id='word_1_136' title='bbox 553 2753 896 2824; x_wconf 80' lang='lat' dir='ltr'><strong>possidentes</strong></span> <span class='ocrx_word' id='word_1_137' title='bbox 937 2749 1463 2806; x_wconf 85' lang='lat' dir='ltr'><strong>administraverint.</strong></span> <span class='ocrx_word' id='word_1_138' title='bbox 1513 2749 1570 2804; x_wconf 88' lang='lat' dir='ltr'><strong>Si</strong></span> <span class='ocrx_word' id='word_1_139' title='bbox 1625 2759 1806 2804; x_wconf 84' lang='lat' dir='ltr'><strong>autem</strong></span> <span class='ocrx_word' id='word_1_140' title='bbox 1858 2750 1997 2803; x_wconf 90' lang='lat' dir='ltr'><strong>intra</strong></span> <span class='ocrx_word' id='word_1_141' title='bbox 2047 2749 2144 2804; x_wconf 91' lang='lat' dir='ltr'><strong>tri-</strong></span> 
     </span>
    </p>
   </div>
   <div class='ocr_carea' id='block_1_24' title="bbox 554 2840 2144 2918">
    <p class='ocr_par' dir='ltr' id='par_1_24' title="bbox 554 2840 2144 2918">
     <span class='ocr_line' id='line_1_24' title="bbox 554 2840 2144 2918; baseline -0.003 -19"><span class='ocrx_word' id='word_1_142' title='bbox 554 2846 702 2918; x_wconf 83' lang='lat' dir='ltr'><strong>ginta</strong></span> <span class='ocrx_word' id='word_1_143' title='bbox 747 2859 918 2899; x_wconf 86' lang='lat' dir='ltr'><strong>annos</strong></span> <span class='ocrx_word' id='word_1_144' title='bbox 953 2842 1055 2898; x_wconf 80' lang='lat' dir='ltr'><strong>fuit</strong></span> <span class='ocrx_word' id='word_1_145' title='bbox 1088 2842 1172 2898; x_wconf 85' lang='lat' dir='ltr'><strong>vel</strong></span> <span class='ocrx_word' id='word_1_146' title='bbox 1205 2840 1370 2897; x_wconf 76' lang='lat' dir='ltr'><strong>fuerit</strong></span> <span class='ocrx_word' id='word_1_147' title='bbox 1409 2841 1593 2911; x_wconf 90' lang='lat' dir='ltr'><strong>aliqua</strong></span> <span class='ocrx_word' id='word_1_148' title='bbox 1623 2841 1688 2896; x_wconf 87' lang='lat' dir='ltr'><strong>de</strong></span> <span class='ocrx_word' id='word_1_149' title='bbox 1721 2841 1788 2895; x_wconf 87' lang='lat' dir='ltr'><strong>iis</strong></span> <span class='ocrx_word' id='word_1_150' title='bbox 1821 2852 2144 2896; x_wconf 88' lang='lat' dir='ltr'><strong>controver-</strong></span> 
     </span>
    </p>
   </div>
   <div class='ocr_carea' id='block_1_25' title="bbox 553 2933 2143 3006">
    <p class='ocr_par' dir='ltr' id='par_1_25' title="bbox 553 2933 2143 3006">
     <span class='ocr_line' id='line_1_25' title="bbox 553 2933 2143 3006; baseline -0.004 -12"><span class='ocrx_word' id='word_1_151' title='bbox 553 2939 656 3003; x_wconf 85' lang='lat' dir='ltr'><strong>sia,</strong></span> <span class='ocrx_word' id='word_1_152' title='bbox 689 2937 852 2992; x_wconf 88' lang='lat' dir='ltr'><strong>licere</strong></span> <span class='ocrx_word' id='word_1_153' title='bbox 894 2937 980 3001; x_wconf 89' lang='lat' dir='ltr'><strong>iis,</strong></span> <span class='ocrx_word' id='word_1_154' title='bbox 1009 2935 1104 3006; x_wconf 88' lang='lat' dir='ltr'><strong>qui</strong></span> <span class='ocrx_word' id='word_1_155' title='bbox 1149 2950 1210 2992; x_wconf 87' lang='lat' dir='ltr'><strong>se</strong></span> <span class='ocrx_word' id='word_1_156' title='bbox 1244 2935 1443 3006; x_wconf 83' lang='lat' dir='ltr'><strong>injuria</strong></span> <span class='ocrx_word' id='word_1_157' title='bbox 1472 2933 1698 2989; x_wconf 81' lang='lat' dir='ltr'><strong>aﬂ&#39;ectos</strong></span> <span class='ocrx_word' id='word_1_158' title='bbox 1731 2933 1938 3000; x_wconf 91' lang='lat' dir='ltr'><strong>dicunt,</strong></span> <span class='ocrx_word' id='word_1_159' title='bbox 1974 2933 2043 2988; x_wconf 91' lang='lat' dir='ltr'><strong>de</strong></span> <span class='ocrx_word' id='word_1_160' title='bbox 2075 2947 2143 2988; x_wconf 90' lang='lat' dir='ltr'><strong>eo</strong></span> 
     </span>
    </p>
   </div>
   <div class='ocr_carea' id='block_1_26' title="bbox 552 3025 1640 3099">
    <p class='ocr_par' dir='ltr' id='par_1_26' title="bbox 552 3025 1640 3099">
     <span class='ocr_line' id='line_1_26' title="bbox 552 3025 1640 3099; baseline -0.006 -15"><span class='ocrx_word' id='word_1_161' title='bbox 552 3030 823 3086; x_wconf 86' lang='lat' dir='ltr'><strong>actionem</strong></span> <span class='ocrx_word' id='word_1_162' title='bbox 852 3027 996 3098; x_wconf 86' lang='lat' dir='ltr'><strong>apud</strong></span> <span class='ocrx_word' id='word_1_163' title='bbox 1030 3026 1299 3099; x_wconf 87' lang='lat' dir='ltr'><strong>synodum</strong></span> <span class='ocrx_word' id='word_1_164' title='bbox 1328 3025 1640 3097; x_wconf 58' lang='lat' dir='ltr'><strong>provincia.</strong></span> 
     </span>
    </p>
   </div>
   <div class='ocr_carea' id='block_1_27' title="bbox 1677 370 2628 434">
    <p class='ocr_par' dir='ltr' id='par_1_27' title="bbox 1677 370 2628 434">
     <span class='ocr_line' id='line_1_27' title="bbox 1677 370 2628 434; baseline -0.004 0"><span class='ocrx_word' id='word_1_165' title='bbox 1677 373 1935 434; x_wconf 86' lang='grc' dir='ltr'><strong>ΡΠΟΤΙΙ</strong></span> <span class='ocrx_word' id='word_1_166' title='bbox 1974 370 2480 432; x_wconf 71' lang='grc' dir='ltr'><strong>ΡΛΤΒΙΛΠΟΠΑΞ</strong></span> <span class='ocrx_word' id='word_1_167' title='bbox 2522 372 2628 432; x_wconf 84' lang='lat' dir='ltr'><strong>CP.</strong></span> 
     </span>
    </p>
   </div>
   <div class='ocr_carea' id='block_1_28' title="bbox 3725 387 3836 450">
    <p class='ocr_par' dir='ltr' id='par_1_28' title="bbox 3725 387 3836 450">
     <span class='ocr_line' id='line_1_28' title="bbox 3725 387 3836 450; baseline 0.009 -2"><span class='ocrx_word' id='word_1_168' title='bbox 3725 387 3836 450; x_wconf 55' lang='lat'><strong>6:76</strong></span> 
     </span>
    </p>
   </div>
   <div class='ocr_carea' id='block_1_29' title="bbox 2172 485 3836 563">
    <p class='ocr_par' dir='ltr' id='par_1_29' title="bbox 2172 485 3836 563">
     <span class='ocr_line' id='line_1_29' title="bbox 2172 485 3836 563; baseline 0.008 -25"><span class='ocrx_word' id='word_1_169' title='bbox 2172 487 2223 546; x_wconf 81' lang='grc' dir='ltr'><strong>Α</strong></span> <span class='ocrx_word' id='word_1_170' title='bbox 2324 486 2463 554; x_wconf 71' lang='grc' dir='ltr'>Περὶ</span> <span class='ocrx_word' id='word_1_171' title='bbox 2506 486 2625 539; x_wconf 78' lang='grc' dir='ltr'><strong>τῶν</strong></span> <span class='ocrx_word' id='word_1_172' title='bbox 2656 485 2794 553; x_wconf 79' lang='grc' dir='ltr'>τοὺς</span> <span class='ocrx_word' id='word_1_173' title='bbox 2839 485 3030 552; x_wconf 78' lang='grc' dir='ltr'>ιδιόυς</span> <span class='ocrx_word' id='word_1_174' title='bbox 3062 488 3251 556; x_wconf 70' lang='grc' dir='ltr'>λαοὺς</span> <span class='ocrx_word' id='word_1_175' title='bbox 3271 489 3836 563; x_wconf 69' lang='grc' dir='ltr'>ἐγκαταλιμπανογο</span> 
     </span>
    </p>
   </div>
   <div class='ocr_carea' id='block_1_30' title="bbox 2247 593 2383 630">
    <p class='ocr_par' dir='ltr' id='par_1_30' title="bbox 2247 593 2383 630">
     <span class='ocr_line' id='line_1_30' title="bbox 2247 593 2383 630; baseline 0.007 -1"><span class='ocrx_word' id='word_1_176' title='bbox 2247 593 2364 629; x_wconf 79' lang='grc' dir='ltr'>των</span> <span class='ocrx_word' id='word_1_177' title='bbox 2370 618 2383 630; x_wconf 91' lang='grc'><strong>.</strong></span> 
     </span>
    </p>
   </div>
   <div class='ocr_carea' id='block_1_31' title="bbox 2315 667 3836 750">
    <p class='ocr_par' dir='ltr' id='par_1_31' title="bbox 2315 667 3836 750">
     <span class='ocr_line' id='line_1_31' title="bbox 2315 667 3836 750; baseline 0.008 -30"><span class='ocrx_word' id='word_1_178' title='bbox 2315 667 2410 721; x_wconf 84' lang='grc' dir='ltr'>ολ’.</span> <span class='ocrx_word' id='word_1_179' title='bbox 2444 668 2615 721; x_wconf 81' lang='grc' dir='ltr'>Πάλιν</span> <span class='ocrx_word' id='word_1_180' title='bbox 2641 669 2863 740; x_wconf 79' lang='grc' dir='ltr'>ἣρεσεν,</span> <span class='ocrx_word' id='word_1_181' title='bbox 2893 669 3036 724; x_wconf 73' lang='grc' dir='ltr'>ὥστε</span> <span class='ocrx_word' id='word_1_182' title='bbox 3069 671 3262 743; x_wconf 70' lang='grc' dir='ltr'>μηδενὶ</span> <span class='ocrx_word' id='word_1_183' title='bbox 3293 673 3498 740; x_wconf 79' lang='grc' dir='ltr'>ἐξεῖναι</span> <span class='ocrx_word' id='word_1_184' title='bbox 3519 675 3836 750; x_wconf 78' lang='grc' dir='ltr'>ὲπισκόπῳ.</span> 
     </span>
    </p>
   </div>
   <div class='ocr_carea' id='block_1_32' title="bbox 2245 760 3836 843">
    <p class='ocr_par' dir='ltr' id='par_1_32' title="bbox 2245 760 3836 843">
     <span class='ocr_line' id='line_1_32' title="bbox 2245 760 3836 843; baseline 0.009 -31"><span class='ocrx_word' id='word_1_185' title='bbox 2245 760 2699 833; x_wconf 78' lang='grc' dir='ltr'><strong>καταλειφθείσης</strong></span> <span class='ocrx_word' id='word_1_186' title='bbox 2752 765 2854 832; x_wconf 83' lang='grc' dir='ltr'>τῆς</span> <span class='ocrx_word' id='word_1_187' title='bbox 2909 763 3237 836; x_wconf 77' lang='grc' dir='ltr'>αὑθεντικῆς</span> <span class='ocrx_word' id='word_1_188' title='bbox 3300 769 3468 822; x_wconf 82' lang='grc' dir='ltr'>αὐτοῦ</span> <span class='ocrx_word' id='word_1_189' title='bbox 3535 772 3836 843; x_wconf 75' lang='grc' dir='ltr'><strong>καθέδρας,</strong></span> 
     </span>
    </p>
   </div>
   <div class='ocr_carea' id='block_1_33' title="bbox 2243 851 3841 929">
    <p class='ocr_par' dir='ltr' id='par_1_33' title="bbox 2243 851 3841 929">
     <span class='ocr_line' id='line_1_33' title="bbox 2243 851 3841 929; baseline 0.009 -25"><span class='ocrx_word' id='word_1_190' title='bbox 2243 851 2382 922; x_wconf 85' lang='grc' dir='ltr'>πρός</span> <span class='ocrx_word' id='word_1_191' title='bbox 2398 869 2522 907; x_wconf 89' lang='grc' dir='ltr'>τινα</span> <span class='ocrx_word' id='word_1_192' title='bbox 2558 855 2884 923; x_wconf 75' lang='grc' dir='ltr'><strong>Ἐκκλησίαν</strong></span> <span class='ocrx_word' id='word_1_193' title='bbox 2907 857 2965 910; x_wconf 81' lang='grc' dir='ltr'>ὲν</span> <span class='ocrx_word' id='word_1_194' title='bbox 2985 857 3246 929; x_wconf 81' lang='grc' dir='ltr'><strong>διοικήσει</strong></span> <span class='ocrx_word' id='word_1_195' title='bbox 3267 851 3624 916; x_wconf 78' lang='grc' dir='ltr'><strong>καθεστῶσαν</strong></span> <span class='ocrx_word' id='word_1_196' title='bbox 3645 866 3841 919; x_wconf 74' lang='grc' dir='ltr'>ἑαυτὸν</span> 
     </span>
    </p>
   </div>
   <div class='ocr_carea' id='block_1_34' title="bbox 2242 946 3837 1028">
    <p class='ocr_par' dir='ltr' id='par_1_34' title="bbox 2242 946 3837 1028">
     <span class='ocr_line' id='line_1_34' title="bbox 2242 946 3837 1028; baseline 0.009 -30"><span class='ocrx_word' id='word_1_197' title='bbox 2242 946 2561 1018; x_wconf 74' lang='grc' dir='ltr'>ἀποφέρειν,</span> <span class='ocrx_word' id='word_1_198' title='bbox 2590 946 2623 1018; x_wconf 79' lang='grc' dir='ltr'><strong>ἥ</strong></span> <span class='ocrx_word' id='word_1_199' title='bbox 2659 948 2717 1001; x_wconf 81' lang='grc' dir='ltr'>ὲν</span> <span class='ocrx_word' id='word_1_200' title='bbox 2741 949 2926 1019; x_wconf 71' lang='grc' dir='ltr'>οἰκείῳ</span> <span class='ocrx_word' id='word_1_201' title='bbox 2975 949 3284 1022; x_wconf 73' lang='grc' dir='ltr'>πράγματι,</span> <span class='ocrx_word' id='word_1_202' title='bbox 3350 955 3492 1026; x_wconf 76' lang='grc' dir='ltr'>ὑπὲρ</span> <span class='ocrx_word' id='word_1_203' title='bbox 3522 955 3550 1008; x_wconf 85' lang='grc' dir='ltr'><strong>δ</strong></span> <span class='ocrx_word' id='word_1_204' title='bbox 3581 958 3693 1028; x_wconf 82' lang='grc' dir='ltr'>χρὴ</span> <span class='ocrx_word' id='word_1_205' title='bbox 3745 960 3837 1012; x_wconf 73' lang='grc' dir='ltr'><strong>ἐπὶ</strong></span> 
     </span>
    </p>
   </div>
   <div class='ocr_carea' id='block_1_35' title="bbox 2246 1036 3834 1120">
    <p class='ocr_par' dir='ltr' id='par_1_35' title="bbox 2246 1036 3834 1120">
     <span class='ocr_line' id='line_1_35' title="bbox 2246 1036 3834 1120; baseline 0.009 -31"><span class='ocrx_word' id='word_1_206' title='bbox 2246 1036 2382 1090; x_wconf 76' lang='grc' dir='ltr'>πολὺ</span> <span class='ocrx_word' id='word_1_207' title='bbox 2403 1038 2888 1109; x_wconf 81' lang='grc' dir='ltr'>ἀπασχολουμένῳ,</span> <span class='ocrx_word' id='word_1_208' title='bbox 2921 1040 3151 1110; x_wconf 82' lang='grc' dir='ltr'>ἀμελεῖν</span> <span class='ocrx_word' id='word_1_209' title='bbox 3178 1043 3280 1113; x_wconf 82' lang='grc' dir='ltr'>τῆς</span> <span class='ocrx_word' id='word_1_210' title='bbox 3305 1045 3586 1116; x_wconf 81' lang='grc' dir='ltr'>φροντίδος</span> <span class='ocrx_word' id='word_1_211' title='bbox 3608 1049 3710 1102; x_wconf 82' lang='grc' dir='ltr'>καὶ</span> <span class='ocrx_word' id='word_1_212' title='bbox 3739 1050 3834 1120; x_wconf 81' lang='grc' dir='ltr'><strong>τῆς</strong></span> 
     </span>
    </p>
   </div>
   <div class='ocr_carea' id='block_1_36' title="bbox 2247 1128 3064 1202">
    <p class='ocr_par' dir='ltr' id='par_1_36' title="bbox 2247 1128 3064 1202">
     <span class='ocr_line' id='line_1_36' title="bbox 2247 1128 3064 1202; baseline 0.005 -21"><span class='ocrx_word' id='word_1_213' title='bbox 2247 1128 2532 1198; x_wconf 85' lang='grc' dir='ltr'>συνεχείας</span> <span class='ocrx_word' id='word_1_214' title='bbox 2551 1128 2647 1182; x_wconf 83' lang='grc' dir='ltr'>τοῦ</span> <span class='ocrx_word' id='word_1_215' title='bbox 2683 1129 2814 1183; x_wconf 79' lang='grc' dir='ltr'>ἰδίου</span> <span class='ocrx_word' id='word_1_216' title='bbox 2849 1129 3064 1202; x_wconf 90' lang='grc' dir='ltr'>θρόνου.</span> 
     </span>
    </p>
   </div>
   <div class='ocr_carea' id='block_1_37' title="bbox 2315 1219 3840 1300">
    <p class='ocr_par' dir='ltr' id='par_1_37' title="bbox 2315 1219 3840 1300">
     <span class='ocr_line' id='line_1_37' title="bbox 2315 1219 3840 1300; baseline 0.009 -28"><span class='ocrx_word' id='word_1_217' title='bbox 2315 1220 2452 1286; x_wconf 76' lang='grc' dir='ltr'>Περὶ</span> <span class='ocrx_word' id='word_1_218' title='bbox 2479 1219 2734 1274; x_wconf 80' lang='grc' dir='ltr'>ἐκδίκων</span> <span class='ocrx_word' id='word_1_219' title='bbox 2757 1220 2875 1274; x_wconf 80' lang='grc' dir='ltr'>τῶν</span> <span class='ocrx_word' id='word_1_220' title='bbox 2923 1222 3300 1292; x_wconf 72' lang='grc' dir='ltr'>Ἐκκλησιῶν</span> <span class='ocrx_word' id='word_1_221' title='bbox 3329 1227 3710 1300; x_wconf 64' lang='grc' dir='ltr'><strong>τῶνξόφειλόγ</strong></span> <span class='ocrx_word' id='word_1_222' title='bbox 3721 1248 3840 1286; x_wconf 77' lang='grc' dir='ltr'>των</span> 
     </span>
    </p>
   </div>
   <div class='ocr_carea' id='block_1_38' title="bbox 2245 1309 3518 1385">
    <p class='ocr_par' dir='ltr' id='par_1_38' title="bbox 2245 1309 3518 1385">
     <span class='ocr_line' id='line_1_38' title="bbox 2245 1309 3518 1385; baseline 0.007 -21"><span class='ocrx_word' id='word_1_223' title='bbox 2245 1309 2366 1365; x_wconf 78' lang='grc' dir='ltr'><strong>ἀπὸ</strong></span> <span class='ocrx_word' id='word_1_224' title='bbox 2396 1311 2504 1366; x_wconf 76' lang='grc' dir='ltr'>τοῦ</span> <span class='ocrx_word' id='word_1_225' title='bbox 2529 1312 2843 1380; x_wconf 73' lang='grc' dir='ltr'>,βασιλέως</span> <span class='ocrx_word' id='word_1_226' title='bbox 2880 1315 3220 1385; x_wconf 83' lang='grc' dir='ltr'>αιτηθῆναι.</span> <span class='ocrx_word' id='word_1_227' title='bbox 3515 1321 3518 1324; x_wconf 46' lang='grc'>⁴</span> 
     </span>
    </p>
   </div>
   <div class='ocr_carea' id='block_1_39' title="bbox 2314 1403 3840 1485">
    <p class='ocr_par' dir='ltr' id='par_1_39' title="bbox 2314 1403 3840 1485">
     <span class='ocr_line' id='line_1_39' title="bbox 2314 1403 3840 1485; baseline 0.01 -30"><span class='ocrx_word' id='word_1_228' title='bbox 2314 1410 2410 1457; x_wconf 86' lang='grc' dir='ltr'>οε⁹.</span> <span class='ocrx_word' id='word_1_229' title='bbox 2445 1403 2733 1474; x_wconf 82' lang='grc' dir='ltr'>Σύμπασιν</span> <span class='ocrx_word' id='word_1_230' title='bbox 2805 1405 2986 1472; x_wconf 80' lang='grc' dir='ltr'>ἔδοξεν</span> <span class='ocrx_word' id='word_1_231' title='bbox 3013 1408 3235 1478; x_wconf 80' lang='grc' dir='ltr'>αίτῆσαι</span> <span class='ocrx_word' id='word_1_232' title='bbox 3285 1411 3396 1464; x_wconf 74' lang='grc' dir='ltr'>ἀπὺ</span> <span class='ocrx_word' id='word_1_233' title='bbox 3421 1411 3531 1465; x_wconf 87' lang='grc' dir='ltr'><strong>τῶν</strong></span> <span class='ocrx_word' id='word_1_234' title='bbox 3573 1413 3840 1485; x_wconf 84' lang='grc' dir='ltr'>βασιλέων</span> 
     </span>
    </p>
   </div>
   <div class='ocr_carea' id='block_1_40' title="bbox 2243 1495 3830 1577">
    <p class='ocr_par' dir='ltr' id='par_1_40' title="bbox 2243 1495 3830 1577">
     <span class='ocr_line' id='line_1_40' title="bbox 2243 1495 3830 1577; baseline 0.009 -29"><span class='ocrx_word' id='word_1_235' title='bbox 2243 1495 2332 1549; x_wconf 79' lang='grc' dir='ltr'><strong>διὰ</strong></span> <span class='ocrx_word' id='word_1_236' title='bbox 2370 1495 2468 1566; x_wconf 83' lang='grc' dir='ltr'>τὴν</span> <span class='ocrx_word' id='word_1_237' title='bbox 2495 1498 2604 1550; x_wconf 86' lang='grc' dir='ltr'>τῶν</span> <span class='ocrx_word' id='word_1_238' title='bbox 2639 1498 2890 1567; x_wconf 83' lang='grc' dir='ltr'>πενήτων</span> <span class='ocrx_word' id='word_1_239' title='bbox 2923 1499 3192 1568; x_wconf 82' lang='grc' dir='ltr'>κάκωσιν,</span> <span class='ocrx_word' id='word_1_240' title='bbox 3229 1496 3304 1556; x_wconf 87' lang='grc' dir='ltr'>ὧν</span> <span class='ocrx_word' id='word_1_241' title='bbox 3343 1508 3464 1569; x_wconf 76' lang='grc' dir='ltr'>ταῖς</span> <span class='ocrx_word' id='word_1_242' title='bbox 3495 1507 3830 1577; x_wconf 79' lang='grc' dir='ltr'>ἐπαχθείαις</span> 
     </span>
    </p>
   </div>
   <div class='ocr_carea' id='block_1_41' title="bbox 2243 1588 3840 1664">
    <p class='ocr_par' dir='ltr' id='par_1_41' title="bbox 2243 1588 3840 1664">
     <span class='ocr_line' id='line_1_41' title="bbox 2243 1588 3840 1664; baseline 0.007 -22"><span class='ocrx_word' id='word_1_243' title='bbox 2243 1588 2540 1653; x_wconf 64' lang='grc' dir='ltr'>ἀπαύστως</span> <span class='ocrx_word' id='word_1_244' title='bbox 2566 1591 2600 1662; x_wconf 81' lang='grc' dir='ltr'><strong>ἡ</strong></span> <span class='ocrx_word' id='word_1_245' title='bbox 2626 1589 2939 1659; x_wconf 65' lang='grc' dir='ltr'>ιΕκκλησία</span> <span class='ocrx_word' id='word_1_246' title='bbox 2968 1593 3400 1664; x_wconf 87' lang='grc' dir='ltr'>παρενοχλεῖται,</span> <span class='ocrx_word' id='word_1_247' title='bbox 3419 1596 3558 1651; x_wconf 83' lang='grc' dir='ltr'>ὥστε</span> <span class='ocrx_word' id='word_1_248' title='bbox 3591 1598 3840 1662; x_wconf 76' lang='grc' dir='ltr'>ἐκδίκους</span> 
     </span>
    </p>
   </div>
   <div class='ocr_carea' id='block_1_42' title="bbox 2241 1679 3839 1761">
    <p class='ocr_par' dir='ltr' id='par_1_42' title="bbox 2241 1679 3839 1761">
     <span class='ocr_line' id='line_1_42' title="bbox 2241 1679 3839 1761; baseline 0.007 -28"><span class='ocrx_word' id='word_1_249' title='bbox 2241 1679 2457 1744; x_wconf 83' lang='grc' dir='ltr'>τούτοις</span> <span class='ocrx_word' id='word_1_250' title='bbox 2495 1681 2638 1751; x_wconf 79' lang='grc' dir='ltr'>μετὰ</span> <span class='ocrx_word' id='word_1_251' title='bbox 2667 1681 2768 1752; x_wconf 83' lang='grc' dir='ltr'><strong>τῆς</strong></span> <span class='ocrx_word' id='word_1_252' title='bbox 2789 1681 2901 1734; x_wconf 85' lang='grc' dir='ltr'>τῶν</span> <span class='ocrx_word' id='word_1_253' title='bbox 2930 1684 3244 1738; x_wconf 76' lang='grc' dir='ltr'>ἐπισκόπων</span> <span class='ocrx_word' id='word_1_254' title='bbox 3286 1689 3546 1756; x_wconf 81' lang='grc' dir='ltr'>προνοίας</span> <span class='ocrx_word' id='word_1_255' title='bbox 3572 1690 3839 1761; x_wconf 79' lang='grc' dir='ltr'>ἐπιλεγῆ-</span> 
     </span>
    </p>
   </div>
   <div class='ocr_carea' id='block_1_43' title="bbox 2249 1772 3483 1848">
    <p class='ocr_par' dir='ltr' id='par_1_43' title="bbox 2249 1772 3483 1848">
     <span class='ocr_line' id='line_1_43' title="bbox 2249 1772 3483 1848; baseline 0.008 -24"><span class='ocrx_word' id='word_1_256' title='bbox 2249 1787 2369 1836; x_wconf 83' lang='grc' dir='ltr'>ναι,</span> <span class='ocrx_word' id='word_1_257' title='bbox 2398 1772 2542 1826; x_wconf 84' lang='grc' dir='ltr'>κατὰ</span> <span class='ocrx_word' id='word_1_258' title='bbox 2580 1773 2678 1843; x_wconf 83' lang='grc' dir='ltr'>τῆς</span> <span class='ocrx_word' id='word_1_259' title='bbox 2698 1773 2810 1825; x_wconf 85' lang='grc' dir='ltr'><strong>τῶν</strong></span> <span class='ocrx_word' id='word_1_260' title='bbox 2841 1773 3117 1828; x_wconf 75' lang='grc' dir='ltr'>πλουσίων</span> <span class='ocrx_word' id='word_1_261' title='bbox 3146 1778 3483 1848; x_wconf 81' lang='grc' dir='ltr'>τυραννίδος.</span> 
     </span>
    </p>
   </div>
   <div class='ocr_carea' id='block_1_44' title="bbox 2178 1857 2880 1933">
    <p class='ocr_par' dir='ltr' id='par_1_44' title="bbox 2178 1857 2880 1933">
     <span class='ocr_line' id='line_1_44' title="bbox 2178 1857 2880 1933; baseline 0.009 -20"><span class='ocrx_word' id='word_1_262' title='bbox 2178 1857 2220 1913; x_wconf 83' lang='grc' dir='ltr'><strong>Β</strong></span> <span class='ocrx_word' id='word_1_263' title='bbox 2319 1864 2460 1932; x_wconf 78' lang='grc' dir='ltr'>Περὶ</span> <span class='ocrx_word' id='word_1_264' title='bbox 2491 1865 2880 1933; x_wconf 76' lang='grc' dir='ltr'>ἐλευθεριῶν.</span> 
     </span>
    </p>
   </div>
   <div class='ocr_carea' id='block_1_45' title="bbox 2314 1953 3838 2036">
    <p class='ocr_par' dir='ltr' id='par_1_45' title="bbox 2314 1953 3838 2036">
     <span class='ocr_line' id='line_1_45' title="bbox 2314 1953 3838 2036; baseline 0.007 -29"><span class='ocrx_word' id='word_1_265' title='bbox 2314 1955 2428 2026; x_wconf 79' lang='grc' dir='ltr'>πβ’.</span> <span class='ocrx_word' id='word_1_266' title='bbox 2459 1953 2688 2027; x_wconf 79' lang='grc' dir='ltr'>Ὀμοῖως</span> <span class='ocrx_word' id='word_1_267' title='bbox 2712 1957 2930 2028; x_wconf 72' lang='grc' dir='ltr'>ἤρεσεν,</span> <span class='ocrx_word' id='word_1_268' title='bbox 2963 1957 3050 2013; x_wconf 74' lang='grc' dir='ltr'>ἵνα</span> <span class='ocrx_word' id='word_1_269' title='bbox 3081 1960 3326 2032; x_wconf 67' lang='grc' dir='ltr'>περὶτῶν</span> <span class='ocrx_word' id='word_1_270' title='bbox 3345 1964 3403 2016; x_wconf 79' lang='grc' dir='ltr'>ὲν</span> <span class='ocrx_word' id='word_1_271' title='bbox 3430 1966 3495 2035; x_wconf 77' lang='grc' dir='ltr'>τῇ</span> <span class='ocrx_word' id='word_1_272' title='bbox 3537 1962 3838 2036; x_wconf 68' lang='grc' dir='ltr'>Ἐκκλησία</span> 
     </span>
    </p>
   </div>
   <div class='ocr_carea' id='block_1_46' title="bbox 2245 2048 3836 2130">
    <p class='ocr_par' dir='ltr' id='par_1_46' title="bbox 2245 2048 3836 2130">
     <span class='ocr_line' id='line_1_46' title="bbox 2245 2048 3836 2130; baseline 0.008 -31"><span class='ocrx_word' id='word_1_273' title='bbox 2245 2048 2545 2117; x_wconf 84' lang='grc' dir='ltr'>γινομένων</span> <span class='ocrx_word' id='word_1_274' title='bbox 2595 2048 2945 2119; x_wconf 80' lang='grc' dir='ltr'>ἐλευθεριῶν,</span> <span class='ocrx_word' id='word_1_275' title='bbox 3001 2051 3110 2105; x_wconf 62' lang='lat' dir='ltr'><strong>dno</strong></span> <span class='ocrx_word' id='word_1_276' title='bbox 3139 2051 3234 2106; x_wconf 83' lang='grc' dir='ltr'>τοῦ</span> <span class='ocrx_word' id='word_1_277' title='bbox 3300 2054 3567 2126; x_wconf 84' lang='grc' dir='ltr'>βασίλεως</span> <span class='ocrx_word' id='word_1_278' title='bbox 3622 2058 3836 2130; x_wconf 73' lang='grc' dir='ltr'>αἴτησις</span> 
     </span>
    </p>
   </div>
   <div class='ocr_carea' id='block_1_47' title="bbox 2243 2138 3602 2209">
    <p class='ocr_par' dir='ltr' id='par_1_47' title="bbox 2243 2138 3602 2209">
     <span class='ocr_line' id='line_1_47' title="bbox 2243 2138 3602 2209; baseline 0.004 -19"><span class='ocrx_word' id='word_1_279' title='bbox 2243 2138 2492 2209; x_wconf 81' lang='grc' dir='ltr'>γένηται.</span> <span class='ocrx_word' id='word_1_280' title='bbox 3597 2197 3602 2204; x_wconf 94' lang='lat'><em>_</em></span> 
     </span>
    </p>
   </div>
   <div class='ocr_carea' id='block_1_48' title="bbox 2244 2231 3830 2362">
    <p class='ocr_par' dir='ltr' id='par_1_48' title="bbox 2244 2231 3830 2362">
     <span class='ocr_line' id='line_1_48' title="bbox 2244 2231 3830 2362; baseline 0.008 -79"><span class='ocrx_word' id='word_1_281' title='bbox 2244 2231 2518 2284; x_wconf 83' lang='grc' dir='ltr'>Συνόδου</span> <span class='ocrx_word' id='word_1_282' title='bbox 2551 2234 2970 2360; x_wconf 45' lang='grc' dir='ltr'>οἱκοινμενικςὶς</span> <span class='ocrx_word' id='word_1_283' title='bbox 3013 2238 3197 2362; x_wconf 41' lang='lat' dir='ltr'><strong>egeat?“</strong></span> <span class='ocrx_word' id='word_1_284' title='bbox 3222 2240 3427 2295; x_wconf 81' lang='grc' dir='ltr'>κανὼν</span> <span class='ocrx_word' id='word_1_285' title='bbox 3456 2241 3553 2306; x_wconf 80' lang='grc' dir='ltr'>κε’,</span> <span class='ocrx_word' id='word_1_286' title='bbox 3581 2242 3693 2310; x_wconf 82' lang='grc' dir='ltr'>λς’,</span> <span class='ocrx_word' id='word_1_287' title='bbox 3732 2242 3830 2307; x_wconf 74' lang='grc' dir='ltr'>λς’,</span> 
     </span>
     <span class='ocr_line' id='line_1_49' title="bbox 2935 2315 3146 2362; baseline 0 0"><span class='ocrx_word' id='word_1_288' title='bbox 2935 2315 3007 2362; x_wconf 82' lang='lat' dir='ltr'><strong>n&#39;.</strong></span> <span class='ocrx_word' id='word_1_289' title='bbox 3067 2347 3076 2360; x_wconf 81' lang='lat'><strong>.</strong></span> <span class='ocrx_word' id='word_1_290' title='bbox 3113 2317 3146 2362; x_wconf 93' lang='lat'><strong>&#39;.</strong></span> 
     </span>
    </p>
   </div>
   <div class='ocr_carea' id='block_1_49' title="bbox 2935 2315 3146 2379">
    <p class='ocr_par' dir='ltr' id='par_1_49' title="bbox 2935 2315 3146 2379">
     <span class='ocr_line' id='line_1_50' title="bbox 2935 2315 3146 2379; baseline 0.019 -19"><span class='ocrx_word' id='word_1_291' title='bbox 2935 2315 3007 2379; x_wconf 82' lang='grc' dir='ltr'><strong>η’,</strong></span> <span class='ocrx_word' id='word_1_292' title='bbox 3047 2315 3146 2364; x_wconf 68' lang='grc' dir='ltr'>λιν.</span> 
     </span>
    </p>
   </div>
   <div class='ocr_carea' id='block_1_50' title="bbox 2340 2393 3834 2476">
    <p class='ocr_par' dir='ltr' id='par_1_50' title="bbox 2340 2393 3834 2476">
     <span class='ocr_line' id='line_1_51' title="bbox 2340 2393 3834 2476; baseline 0.009 -31"><span class='ocrx_word' id='word_1_293' title='bbox 2340 2399 2439 2446; x_wconf 80' lang='grc' dir='ltr'>κε’.</span> <span class='ocrx_word' id='word_1_294' title='bbox 2472 2393 2617 2463; x_wconf 83' lang='grc' dir='ltr'>Πρὸς</span> <span class='ocrx_word' id='word_1_295' title='bbox 2649 2398 2764 2459; x_wconf 90' lang='grc' dir='ltr'>τοῖς</span> <span class='ocrx_word' id='word_1_296' title='bbox 2790 2398 2973 2463; x_wconf 79' lang='grc' dir='ltr'>ἄλλοις</span> <span class='ocrx_word' id='word_1_297' title='bbox 3004 2401 3208 2454; x_wconf 77' lang='grc' dir='ltr'>ἅπασιν</span> <span class='ocrx_word' id='word_1_298' title='bbox 3231 2404 3571 2476; x_wconf 83' lang='grc' dir='ltr'>ἁνανεοῠμεν</span> <span class='ocrx_word' id='word_1_299' title='bbox 3600 2405 3697 2459; x_wconf 74' lang='grc' dir='ltr'>καὶ</span> <span class='ocrx_word' id='word_1_300' title='bbox 3746 2406 3834 2459; x_wconf 72' lang='grc' dir='ltr'>τὸν</span> 
     </span>
    </p>
   </div>
   <div class='ocr_carea' id='block_1_51' title="bbox 2243 2483 3835 2570">
    <p class='ocr_par' dir='ltr' id='par_1_51' title="bbox 2243 2483 3835 2570">
     <span class='ocr_line' id='line_1_52' title="bbox 2243 2483 3835 2570; baseline 0.011 -34"><span class='ocrx_word' id='word_1_301' title='bbox 2243 2483 2443 2538; x_wconf 81' lang='grc' dir='ltr'>κανόνα</span> <span class='ocrx_word' id='word_1_302' title='bbox 2471 2486 2561 2538; x_wconf 82' lang='grc' dir='ltr'>τὸν</span> <span class='ocrx_word' id='word_1_303' title='bbox 2591 2486 2998 2559; x_wconf 75' lang='grc' dir='ltr'>διαγορεύοντα,</span> <span class='ocrx_word' id='word_1_304' title='bbox 3030 2494 3126 2558; x_wconf 69' lang='grc' dir='ltr'>τὰς</span> <span class='ocrx_word' id='word_1_305' title='bbox 3157 2495 3280 2549; x_wconf 78' lang='grc' dir='ltr'>καθ’</span> <span class='ocrx_word' id='word_1_306' title='bbox 3309 2497 3552 2569; x_wconf 81' lang='grc' dir='ltr'>ἑκάστην</span> <span class='ocrx_word' id='word_1_307' title='bbox 3601 2499 3835 2570; x_wconf 77' lang='grc' dir='ltr'>Ἐκκλη-</span> 
     </span>
    </p>
   </div>
   <div class='ocr_carea' id='block_1_52' title="bbox 2238 2574 3835 2660">
    <p class='ocr_par' dir='ltr' id='par_1_52' title="bbox 2238 2574 3835 2660">
     <span class='ocr_line' id='line_1_53' title="bbox 2238 2574 3835 2660; baseline 0.011 -34"><span class='ocrx_word' id='word_1_308' title='bbox 2238 2574 2368 2652; x_wconf 79' lang='grc' dir='ltr'>σίαν</span> <span class='ocrx_word' id='word_1_309' title='bbox 2421 2576 2751 2647; x_wconf 77' lang='grc' dir='ltr'>ἀγροικικὰς</span> <span class='ocrx_word' id='word_1_310' title='bbox 2801 2583 3097 2651; x_wconf 82' lang='grc' dir='ltr'>παροικίας</span> <span class='ocrx_word' id='word_1_311' title='bbox 3158 2585 3191 2655; x_wconf 79' lang='grc' dir='ltr'>ἢ</span> <span class='ocrx_word' id='word_1_312' title='bbox 3241 2587 3568 2658; x_wconf 80' lang='grc' dir='ltr'>ἐγχωρίους,</span> <span class='ocrx_word' id='word_1_313' title='bbox 3653 2589 3835 2660; x_wconf 82' lang='grc' dir='ltr'>μένειν</span> 
     </span>
    </p>
   </div>
   <div class='ocr_carea' id='block_1_53' title="bbox 2244 2666 3831 2750">
    <p class='ocr_par' dir='ltr' id='par_1_53' title="bbox 2244 2666 3831 2750">
     <span class='ocr_line' id='line_1_54' title="bbox 2244 2666 3831 2750; baseline 0.011 -32"><span class='ocrx_word' id='word_1_314' title='bbox 2244 2666 2736 2736; x_wconf 82' lang='grc' dir='ltr'>ἁπαρασαλεύτους</span> <span class='ocrx_word' id='word_1_315' title='bbox 2780 2677 2931 2744; x_wconf 80' lang='grc' dir='ltr'>παρά</span> <span class='ocrx_word' id='word_1_316' title='bbox 2977 2678 3089 2740; x_wconf 84' lang='grc' dir='ltr'>τοῖς</span> <span class='ocrx_word' id='word_1_317' title='bbox 3122 2678 3446 2750; x_wconf 81' lang='grc' dir='ltr'>κατέχουσιν</span> <span class='ocrx_word' id='word_1_318' title='bbox 3481 2681 3659 2746; x_wconf 81' lang='grc' dir='ltr'>αὑτὰς</span> <span class='ocrx_word' id='word_1_319' title='bbox 3711 2683 3831 2736; x_wconf 78' lang='grc' dir='ltr'>ἐπι-</span> 
     </span>
    </p>
   </div>
   <div class='ocr_carea' id='block_1_54' title="bbox 2246 2759 3832 2844">
    <p class='ocr_par' dir='ltr' id='par_1_54' title="bbox 2246 2759 3832 2844">
     <span class='ocr_line' id='line_1_55' title="bbox 2246 2759 3832 2844; baseline 0.011 -34"><span class='ocrx_word' id='word_1_320' title='bbox 2246 2759 2490 2824; x_wconf 87' lang='grc' dir='ltr'>σκόποις,</span> <span class='ocrx_word' id='word_1_321' title='bbox 2512 2761 2608 2814; x_wconf 71' lang='grc' dir='ltr'>καὶ</span> <span class='ocrx_word' id='word_1_322' title='bbox 2634 2763 2874 2837; x_wconf 65' lang='grc' dir='ltr'>μάλιστα</span> <span class='ocrx_word' id='word_1_323' title='bbox 2895 2767 3362 2843; x_wconf 86' lang='grc' dir='ltr'>είτριακονταετῆ</span> <span class='ocrx_word' id='word_1_324' title='bbox 3398 2773 3595 2844; x_wconf 82' lang='grc' dir='ltr'>χρόνον</span> <span class='ocrx_word' id='word_1_325' title='bbox 3629 2773 3832 2839; x_wconf 83' lang='grc' dir='ltr'>ταύτας</span> 
     </span>
    </p>
   </div>
   <div class='ocr_carea' id='block_1_55' title="bbox 2243 2851 3828 2934">
    <p class='ocr_par' dir='ltr' id='par_1_55' title="bbox 2243 2851 3828 2934">
     <span class='ocr_line' id='line_1_56' title="bbox 2243 2851 3828 2934; baseline 0.01 -30"><span class='ocrx_word' id='word_1_326' title='bbox 2243 2851 2520 2915; x_wconf 80' lang='grc' dir='ltr'>ἀδιάστως</span> <span class='ocrx_word' id='word_1_327' title='bbox 2567 2853 2986 2926; x_wconf 78' lang='grc' dir='ltr'>διακατέχοντες</span> <span class='ocrx_word' id='word_1_328' title='bbox 3031 2860 3416 2934; x_wconf 81' lang='grc' dir='ltr'>ᾠκονόμησαν.</span> <span class='ocrx_word' id='word_1_329' title='bbox 3473 2866 3534 2918; x_wconf 81' lang='lat' dir='ltr'><strong>Ei</strong></span> <span class='ocrx_word' id='word_1_330' title='bbox 3568 2865 3628 2918; x_wconf 82' lang='grc' dir='ltr'>δὲ</span> <span class='ocrx_word' id='word_1_331' title='bbox 3677 2866 3828 2929; x_wconf 78' lang='grc' dir='ltr'>ὲντδς</span> 
     </span>
    </p>
   </div>
   <div class='ocr_carea' id='block_1_56' title="bbox 2243 2940 3832 3031">
    <p class='ocr_par' dir='ltr' id='par_1_56' title="bbox 2243 2940 3832 3031">
     <span class='ocr_line' id='line_1_57' title="bbox 2243 2940 3832 3031; baseline 0.009 -37"><span class='ocrx_word' id='word_1_332' title='bbox 2243 2940 2350 2994; x_wconf 85' lang='grc' dir='ltr'><strong>τῶν</strong></span> <span class='ocrx_word' id='word_1_333' title='bbox 2383 2941 2427 2995; x_wconf 85' lang='grc' dir='ltr'>λ’</span> <span class='ocrx_word' id='word_1_334' title='bbox 2473 2944 2613 2997; x_wconf 71' lang='grc' dir='ltr'>ἑτῶν</span> <span class='ocrx_word' id='word_1_335' title='bbox 2664 2947 2958 3031; x_wconf 76' lang='grc' dir='ltr'>γεγένηταί</span> <span class='ocrx_word' id='word_1_336' title='bbox 3000 2967 3104 3016; x_wconf 91' lang='grc' dir='ltr'>τις,</span> <span class='ocrx_word' id='word_1_337' title='bbox 3140 2952 3172 3024; x_wconf 76' lang='grc' dir='ltr'>ἧ</span> <span class='ocrx_word' id='word_1_338' title='bbox 3221 2954 3426 3022; x_wconf 86' lang='grc' dir='ltr'>γίνοιτο</span> <span class='ocrx_word' id='word_1_339' title='bbox 3487 2955 3622 3026; x_wconf 79' lang='grc' dir='ltr'>περὶ</span> <span class='ocrx_word' id='word_1_340' title='bbox 3653 2955 3832 3010; x_wconf 83' lang='grc' dir='ltr'>αὐτῶν</span> 
     </span>
    </p>
   </div>
   <div class='ocr_carea' id='block_1_57' title="bbox 2244 3033 3831 3121">
    <p class='ocr_par' dir='ltr' id='par_1_57' title="bbox 2244 3033 3831 3121">
     <span class='ocr_line' id='line_1_58' title="bbox 2244 3033 3831 3121; baseline 0.009 -34"><span class='ocrx_word' id='word_1_341' title='bbox 2244 3033 2676 3106; x_wconf 76' lang='grc' dir='ltr'>ἀμφισϐήτησις,</span> <span class='ocrx_word' id='word_1_342' title='bbox 2710 3038 2912 3102; x_wconf 82' lang='grc' dir='ltr'>ἐξεῖναι</span> <span class='ocrx_word' id='word_1_343' title='bbox 2945 3045 3057 3106; x_wconf 85' lang='grc' dir='ltr'>τοῖς</span> <span class='ocrx_word' id='word_1_344' title='bbox 3079 3043 3332 3114; x_wconf 78' lang='grc' dir='ltr'>λέγουσιν</span> <span class='ocrx_word' id='word_1_345' title='bbox 3361 3047 3678 3118; x_wconf 69' lang='grc' dir='ltr'>ἠδικῆσθαι,</span> <span class='ocrx_word' id='word_1_346' title='bbox 3707 3049 3831 3121; x_wconf 76' lang='grc' dir='ltr'>περὶ</span> 
     </span>
    </p>
   </div>
   <div class='ocr_carea' id='block_1_58' title="bbox 2245 3123 3623 3211">
    <p class='ocr_par' dir='ltr' id='par_1_58' title="bbox 2245 3123 3623 3211">
     <span class='ocr_line' id='line_1_59' title="bbox 2245 3123 3623 3211; baseline 0.014 -35"><span class='ocrx_word' id='word_1_347' title='bbox 2245 3123 2445 3179; x_wconf 87' lang='grc' dir='ltr'>τούτων</span> <span class='ocrx_word' id='word_1_348' title='bbox 2471 3130 2639 3183; x_wconf 85' lang='grc' dir='ltr'>κινεῖν</span> <span class='ocrx_word' id='word_1_349' title='bbox 2676 3131 2831 3202; x_wconf 78' lang='grc' dir='ltr'>παρὰ</span> <span class='ocrx_word' id='word_1_350' title='bbox 2859 3136 2926 3204; x_wconf 85' lang='grc' dir='ltr'><strong>τῇ</strong></span> <span class='ocrx_word' id='word_1_351' title='bbox 2960 3135 3161 3207; x_wconf 80' lang='grc' dir='ltr'>συνόδῳ</span> <span class='ocrx_word' id='word_1_352' title='bbox 3192 3138 3292 3207; x_wconf 83' lang='grc' dir='ltr'>τῆς</span> <span class='ocrx_word' id='word_1_353' title='bbox 3320 3139 3623 3211; x_wconf 77' lang='grc' dir='ltr'>ἐπαρχίας.</span> 
     </span>
    </p>
   </div>
   <div class='ocr_carea' id='block_1_59' title="bbox 626 3202 2140 3299">
    <p class='ocr_par' dir='ltr' id='par_1_59' title="bbox 626 3203 2137 3275">
     <span class='ocr_line' id='line_1_60' title="bbox 626 3203 2137 3275; baseline -0.001 -13"><span class='ocrx_word' id='word_1_354' title='bbox 626 3206 716 3262; x_wconf 77' lang='grc'>56.</span> <span class='ocrx_word' id='word_1_355' title='bbox 736 3206 1080 3262; x_wconf 83' lang='lat' dir='ltr'><strong>Renovantes</strong></span> <span class='ocrx_word' id='word_1_356' title='bbox 1095 3221 1215 3275; x_wconf 63' lang='lat' dir='ltr'><strong>quae</strong></span> <span class='ocrx_word' id='word_1_357' title='bbox 1227 3221 1256 3260; x_wconf 93' lang='lat' dir='ltr'><strong>a</strong></span> <span class='ocrx_word' id='word_1_358' title='bbox 1273 3204 1477 3261; x_wconf 83' lang='lat' dir='ltr'><strong>sanctis</strong></span> <span class='ocrx_word' id='word_1_359' title='bbox 1499 3215 1718 3260; x_wconf 87' lang='lat' dir='ltr'><strong>centum</strong></span> <span class='ocrx_word' id='word_1_360' title='bbox 1740 3203 2137 3275; x_wconf 78' lang='lat' dir='ltr'><strong>quinquaginta</strong></span> 
     </span>
    </p>
   </div>
   <div class='ocr_carea' id='block_1_60' title="bbox 2240 3202 3830 3299">
    <p class='ocr_par' dir='ltr' id='par_1_60' title="bbox 2308 3202 3830 3299">
     <span class='ocr_line' id='line_1_61' title="bbox 2308 3202 3830 3299; baseline 0.014 -33"><span class='ocrx_word' id='word_1_361' title='bbox 2308 3213 2418 3279; x_wconf 82' lang='grc' dir='ltr'>λς’.</span> <span class='ocrx_word' id='word_1_362' title='bbox 2470 3216 2881 3291; x_wconf 84' lang='grc' dir='ltr'>Ἀνανεούμενοι</span> <span class='ocrx_word' id='word_1_363' title='bbox 2901 3202 2982 3278; x_wconf 12' lang='grc' dir='ltr'><strong>ήτὰ</strong></span> <span class='ocrx_word' id='word_1_364' title='bbox 3017 3202 3166 3298; x_wconf 75' lang='grc' dir='ltr'>παρᾶ</span> <span class='ocrx_word' id='word_1_365' title='bbox 3194 3202 3301 3281; x_wconf 74' lang='grc' dir='ltr'><strong>τών</strong></span> <span class='ocrx_word' id='word_1_366' title='bbox 3334 3227 3422 3299; x_wconf 80' lang='grc' dir='ltr'>ργ¹</span> <span class='ocrx_word' id='word_1_367' title='bbox 3657 3233 3830 3288; x_wconf 77' lang='grc' dir='ltr'>Πατέ-</span> 
     </span>
    </p>
   </div>
   <div class='ocr_carea' id='block_1_61' title="bbox 554 3296 1564 3366">
    <p class='ocr_par' dir='ltr' id='par_1_61' title="bbox 554 3296 1564 3366">
     <span class='ocr_line' id='line_1_62' title="bbox 554 3296 1564 3366; baseline 0.001 -15"><span class='ocrx_word' id='word_1_368' title='bbox 554 3296 670 3352; x_wconf 80' lang='lat' dir='ltr'><strong>Patt</strong></span> <span class='ocrx_word' id='word_1_369' title='bbox 688 3299 830 3363; x_wconf 77' lang='lat' dir='ltr'><strong>ibus,</strong></span> <span class='ocrx_word' id='word_1_370' title='bbox 855 3307 984 3362; x_wconf 89' lang='lat' dir='ltr'><strong>etc.,</strong></span> <span class='ocrx_word' id='word_1_371' title='bbox 1011 3306 1069 3350; x_wconf 77' lang='lat' dir='ltr'><strong>ut</strong></span> <span class='ocrx_word' id='word_1_372' title='bbox 1100 3313 1262 3366; x_wconf 80' lang='lat' dir='ltr'><strong>supra</strong></span> <span class='ocrx_word' id='word_1_373' title='bbox 1287 3313 1407 3366; x_wconf 87' lang='lat' dir='ltr'><strong>pag.</strong></span> <span class='ocrx_word' id='word_1_374' title='bbox 1437 3297 1564 3352; x_wconf 73' lang='grc'><strong>474.</strong></span> 
     </span>
    </p>
   </div>
   <div class='ocr_carea' id='block_1_62' title="bbox 627 3389 2142 3460">
    <p class='ocr_par' dir='ltr' id='par_1_62' title="bbox 627 3389 2142 3460">
     <span class='ocr_line' id='line_1_63' title="bbox 627 3389 2142 3460; baseline -0.001 -15"><span class='ocrx_word' id='word_1_375' title='bbox 627 3389 714 3445; x_wconf 80' lang='grc'><strong>57.</strong></span> <span class='ocrx_word' id='word_1_376' title='bbox 759 3389 1031 3455; x_wconf 86' lang='lat' dir='ltr'><strong>Quoniam</strong></span> <span class='ocrx_word' id='word_1_377' title='bbox 1084 3389 1316 3444; x_wconf 85' lang='lat' dir='ltr'><strong>diversis</strong></span> <span class='ocrx_word' id='word_1_378' title='bbox 1341 3390 1704 3460; x_wconf 86' lang='lat' dir='ltr'><strong>temporibus,</strong></span> <span class='ocrx_word' id='word_1_379' title='bbox 1728 3399 1862 3456; x_wconf 89' lang='lat' dir='ltr'><strong>etc.,</strong></span> <span class='ocrx_word' id='word_1_380' title='bbox 1895 3398 1953 3444; x_wconf 79' lang='lat' dir='ltr'><strong>ut</strong></span> <span class='ocrx_word' id='word_1_381' title='bbox 1977 3406 2142 3460; x_wconf 82' lang='lat' dir='ltr'><strong>supra</strong></span> 
     </span>
    </p>
   </div>
   <div class='ocr_carea' id='block_1_63' title="bbox 553 3477 835 3546">
    <p class='ocr_par' dir='ltr' id='par_1_63' title="bbox 553 3477 835 3546">
     <span class='ocr_line' id='line_1_64' title="bbox 553 3477 835 3546; baseline 0.004 -15"><span class='ocrx_word' id='word_1_382' title='bbox 553 3494 675 3546; x_wconf 85' lang='lat' dir='ltr'><strong>pag.</strong></span> <span class='ocrx_word' id='word_1_383' title='bbox 709 3477 835 3532; x_wconf 70' lang='lat'><strong>487.</strong></span> 
     </span>
    </p>
   </div>
   <div class='ocr_carea' id='block_1_64' title="bbox 631 3567 2142 3640">
    <p class='ocr_par' dir='ltr' id='par_1_64' title="bbox 631 3567 2142 3640">
     <span class='ocr_line' id='line_1_65' title="bbox 631 3567 2142 3640; baseline 0 -14"><span class='ocrx_word' id='word_1_384' title='bbox 631 3569 786 3640; x_wconf 81' lang='lat'><strong>191</strong></span> <span class='ocrx_word' id='word_1_385' title='bbox 812 3568 904 3624; x_wconf 80' lang='grc'><strong>58.</strong></span> <span class='ocrx_word' id='word_1_386' title='bbox 935 3567 1214 3624; x_wconf 88' lang='lat' dir='ltr'><strong>Canonem</strong></span> <span class='ocrx_word' id='word_1_387' title='bbox 1247 3568 1340 3638; x_wconf 94' lang='lat' dir='ltr'><strong>qui</strong></span> <span class='ocrx_word' id='word_1_388' title='bbox 1369 3584 1397 3623; x_wconf 91' lang='lat' dir='ltr'><strong>a</strong></span> <span class='ocrx_word' id='word_1_389' title='bbox 1423 3569 1679 3626; x_wconf 85' lang='lat' dir='ltr'><strong>Patrihus</strong></span> <span class='ocrx_word' id='word_1_390' title='bbox 1701 3568 1881 3626; x_wconf 83' lang='lat' dir='ltr'><strong>factus</strong></span> <span class='ocrx_word' id='word_1_391' title='bbox 1911 3581 2014 3637; x_wconf 88' lang='lat' dir='ltr'><strong>est,</strong></span> <span class='ocrx_word' id='word_1_392' title='bbox 2040 3585 2142 3626; x_wconf 89' lang='lat' dir='ltr'><strong>nos</strong></span> 
     </span>
    </p>
   </div>
   <div class='ocr_carea' id='block_1_65' title="bbox 553 3658 2142 3732">
    <p class='ocr_par' dir='ltr' id='par_1_65' title="bbox 553 3658 2142 3732">
     <span class='ocr_line' id='line_1_66' title="bbox 553 3658 2142 3732; baseline 0.003 -19"><span class='ocrx_word' id='word_1_393' title='bbox 553 3673 774 3730; x_wconf 82' lang='lat' dir='ltr'><strong>qucque</strong></span> <span class='ocrx_word' id='word_1_394' title='bbox 801 3660 1180 3724; x_wconf 80' lang='lat' dir='ltr'><strong>observamus,</strong></span> <span class='ocrx_word' id='word_1_395' title='bbox 1201 3658 1394 3728; x_wconf 86' lang='lat' dir='ltr'><strong>quisic</strong></span> <span class='ocrx_word' id='word_1_396' title='bbox 1409 3659 1574 3714; x_wconf 84' lang='lat' dir='ltr'><strong>edicit</strong></span> <span class='ocrx_word' id='word_1_397' title='bbox 1602 3678 1616 3714; x_wconf 90' lang='lat'><strong>:</strong></span> <span class='ocrx_word' id='word_1_398' title='bbox 1643 3661 1700 3716; x_wconf 91' lang='lat' dir='ltr'><strong>Si</strong></span> <span class='ocrx_word' id='word_1_399' title='bbox 1732 3661 2056 3732; x_wconf 49' lang='lat' dir='ltr'><strong>qua.civitas</strong></span> <span class='ocrx_word' id='word_1_400' title='bbox 2073 3661 2142 3717; x_wconf 88' lang='lat' dir='ltr'><strong>ab</strong></span> 
     </span>
    </p>
   </div>
   <div class='ocr_carea' id='block_1_66' title="bbox 557 3750 2141 3820">
    <p class='ocr_par' dir='ltr' id='par_1_66' title="bbox 557 3750 2141 3820">
     <span class='ocr_line' id='line_1_67' title="bbox 557 3750 2141 3820; baseline 0.003 -17"><span class='ocrx_word' id='word_1_401' title='bbox 557 3750 824 3820; x_wconf 87' lang='lat' dir='ltr'><strong>imperiali</strong></span> <span class='ocrx_word' id='word_1_402' title='bbox 846 3760 1114 3819; x_wconf 85' lang='lat' dir='ltr'><strong>potestate</strong></span> <span class='ocrx_word' id='word_1_403' title='bbox 1138 3751 1397 3806; x_wconf 88' lang='lat' dir='ltr'><strong>innovata</strong></span> <span class='ocrx_word' id='word_1_404' title='bbox 1418 3761 1524 3817; x_wconf 91' lang='lat' dir='ltr'><strong>cst,</strong></span> <span class='ocrx_word' id='word_1_405' title='bbox 1550 3753 1633 3806; x_wconf 91' lang='lat' dir='ltr'><strong>vel</strong></span> <span class='ocrx_word' id='word_1_406' title='bbox 1665 3769 1859 3809; x_wconf 89' lang='lat' dir='ltr'><strong>rursus</strong></span> <span class='ocrx_word' id='word_1_407' title='bbox 1883 3754 2141 3808; x_wconf 86' lang='lat' dir='ltr'><strong>innovata</strong></span> 
     </span>
    </p>
   </div>
   <div class='ocr_carea' id='block_1_67' title="bbox 555 3840 2140 3914">
    <p class='ocr_par' dir='ltr' id='par_1_67' title="bbox 555 3840 2140 3914">
     <span class='ocr_line' id='line_1_68' title="bbox 555 3840 2140 3914; baseline 0.002 -18"><span class='ocrx_word' id='word_1_408' title='bbox 555 3840 746 3906; x_wconf 78' lang='lat' dir='ltr'><strong>fuerit,</strong></span> <span class='ocrx_word' id='word_1_409' title='bbox 778 3841 964 3896; x_wconf 89' lang='lat' dir='ltr'><strong>civiles</strong></span> <span class='ocrx_word' id='word_1_410' title='bbox 991 3857 1056 3897; x_wconf 89' lang='lat' dir='ltr'><strong>ac</strong></span> <span class='ocrx_word' id='word_1_411' title='bbox 1121 3843 1373 3913; x_wconf 90' lang='lat' dir='ltr'><strong>publicos</strong></span> <span class='ocrx_word' id='word_1_412' title='bbox 1432 3853 1591 3914; x_wconf 90' lang='lat' dir='ltr'><strong>typos</strong></span> <span class='ocrx_word' id='word_1_413' title='bbox 1646 3845 2140 3902; x_wconf 82' lang='lat' dir='ltr'><strong>ecclesiasticarum</strong></span> 
     </span>
    </p>
   </div>
   <div class='ocr_carea' id='block_1_68' title="bbox 552 3932 1617 4006">
    <p class='ocr_par' dir='ltr' id='par_1_68' title="bbox 552 3932 1617 4006">
     <span class='ocr_line' id='line_1_69' title="bbox 552 3932 1617 4006; baseline 0.001 -19"><span class='ocrx_word' id='word_1_414' title='bbox 552 3948 776 4005; x_wconf 83' lang='lat' dir='ltr'><strong>quoque</strong></span> <span class='ocrx_word' id='word_1_415' title='bbox 804 3947 984 3988; x_wconf 89' lang='lat' dir='ltr'><strong>rerum</strong></span> <span class='ocrx_word' id='word_1_416' title='bbox 1031 3932 1168 3989; x_wconf 91' lang='lat' dir='ltr'><strong>ordo</strong></span> <span class='ocrx_word' id='word_1_417' title='bbox 1218 3946 1617 4006; x_wconf 87' lang='lat' dir='ltr'><strong>consequatur.</strong></span> 
     </span>
    </p>
   </div>
   <div class='ocr_carea' id='block_1_69' title="bbox 623 4115 2139 4179">
    <p class='ocr_par' dir='ltr' id='par_1_69' title="bbox 623 4115 2139 4179">
     <span class='ocr_line' id='line_1_70' title="bbox 623 4115 2139 4179; baseline 0.003 -7"><span class='ocrx_word' id='word_1_418' title='bbox 623 4118 714 4174; x_wconf 81' lang='lat'><strong>&#39;59.</strong></span> <span class='ocrx_word' id='word_1_419' title='bbox 745 4116 882 4173; x_wconf 86' lang='lat' dir='ltr'><strong>Cum</strong></span> <span class='ocrx_word' id='word_1_420' title='bbox 914 4115 1084 4172; x_wconf 83' lang='lat' dir='ltr'><strong>frater</strong></span> <span class='ocrx_word' id='word_1_421' title='bbox 1131 4127 1189 4173; x_wconf 89' lang='lat' dir='ltr'><strong>et</strong></span> <span class='ocrx_word' id='word_1_422' title='bbox 1237 4119 1621 4176; x_wconf 89' lang='lat' dir='ltr'><strong>comminister</strong></span> <span class='ocrx_word' id='word_1_423' title='bbox 1664 4131 1856 4176; x_wconf 89' lang='lat' dir='ltr'><strong>noster</strong></span> <span class='ocrx_word' id='word_1_424' title='bbox 1897 4119 2139 4179; x_wconf 83' lang='lat' dir='ltr'><strong>Joannes</strong></span> 
     </span>
    </p>
   </div>
   <div class='ocr_carea' id='block_1_70' title="bbox 553 4210 1952 4286">
    <p class='ocr_par' dir='ltr' id='par_1_70' title="bbox 553 4210 1952 4286">
     <span class='ocr_line' id='line_1_71' title="bbox 553 4210 1952 4286; baseline 0.003 -20"><span class='ocrx_word' id='word_1_425' title='bbox 553 4213 747 4268; x_wconf 71' lang='lat' dir='ltr'><strong>insula:</strong></span> <span class='ocrx_word' id='word_1_426' title='bbox 775 4210 940 4282; x_wconf 80' lang='lat' dir='ltr'><strong>Cypri</strong></span> <span class='ocrx_word' id='word_1_427' title='bbox 974 4212 1194 4282; x_wconf 67' lang='lat' dir='ltr'><strong>prazsul,</strong></span> <span class='ocrx_word' id='word_1_428' title='bbox 1222 4224 1353 4277; x_wconf 86' lang='lat' dir='ltr'><strong>etc.,</strong></span> <span class='ocrx_word' id='word_1_429' title='bbox 1389 4223 1445 4266; x_wconf 82' lang='lat' dir='ltr'><strong>ut</strong></span> <span class='ocrx_word' id='word_1_430' title='bbox 1477 4231 1642 4283; x_wconf 82' lang='lat' dir='ltr'><strong>supra</strong></span> <span class='ocrx_word' id='word_1_431' title='bbox 1667 4231 1792 4286; x_wconf 87' lang='lat' dir='ltr'><strong>pag.</strong></span> <span class='ocrx_word' id='word_1_432' title='bbox 1824 4215 1952 4270; x_wconf 71' lang='grc'><strong>474.</strong></span> 
     </span>
    </p>
   </div>
   <div class='ocr_carea' id='block_1_71' title="bbox 632 4302 2136 4375">
    <p class='ocr_par' dir='ltr' id='par_1_71' title="bbox 632 4302 2136 4375">
     <span class='ocr_line' id='line_1_72' title="bbox 632 4302 2136 4375; baseline 0 -17"><span class='ocrx_word' id='word_1_433' title='bbox 632 4302 854 4360; x_wconf 74' lang='lat' dir='ltr'><strong>Tcxtus.</strong></span> <span class='ocrx_word' id='word_1_434' title='bbox 901 4302 1091 4358; x_wconf 81' lang='lat' dir='ltr'><strong>Const.</strong></span> <span class='ocrx_word' id='word_1_435' title='bbox 1123 4302 1177 4366; x_wconf 87' lang='lat'><strong>6,</strong></span> <span class='ocrx_word' id='word_1_436' title='bbox 1220 4302 1307 4357; x_wconf 92' lang='lat' dir='ltr'><strong>tit.</strong></span> <span class='ocrx_word' id='word_1_437' title='bbox 1361 4303 1418 4370; x_wconf 76' lang='grc'><strong>2,</strong></span> <span class='ocrx_word' id='word_1_438' title='bbox 1459 4303 1605 4361; x_wconf 83' lang='lat' dir='ltr'><strong>lib.t</strong></span> <span class='ocrx_word' id='word_1_439' title='bbox 1663 4305 1799 4361; x_wconf 82' lang='lat' dir='ltr'><strong>Cod.</strong></span> <span class='ocrx_word' id='word_1_440' title='bbox 1860 4305 1937 4358; x_wconf 89' lang='lat' dir='ltr'><strong>ait</strong></span> <span class='ocrx_word' id='word_1_441' title='bbox 1966 4307 2136 4375; x_wconf 87' lang='lat' dir='ltr'><strong>quod,</strong></span> 
     </span>
    </p>
   </div>
   <div class='ocr_carea' id='block_1_72' title="bbox 553 4395 2165 4475">
    <p class='ocr_par' dir='ltr' id='par_1_72' title="bbox 553 4395 2165 4475">
     <span class='ocr_line' id='line_1_73' title="bbox 553 4395 2165 4475; baseline 0.002 -27"><span class='ocrx_word' id='word_1_442' title='bbox 553 4395 687 4463; x_wconf 72' lang='lat' dir='ltr'><strong>Qua:</strong></span> <span class='ocrx_word' id='word_1_443' title='bbox 709 4395 987 4450; x_wconf 72' lang='lat' dir='ltr'><strong>canonica:</strong></span> <span class='ocrx_word' id='word_1_444' title='bbox 1019 4395 1329 4452; x_wconf 87' lang='lat' dir='ltr'><strong>dubietates</strong></span> <span class='ocrx_word' id='word_1_445' title='bbox 1362 4411 1458 4466; x_wconf 90' lang='lat' dir='ltr'><strong>per</strong></span> <span class='ocrx_word' id='word_1_446' title='bbox 1511 4397 1830 4453; x_wconf 88' lang='lat' dir='ltr'><strong>universum</strong></span> <span class='ocrx_word' id='word_1_447' title='bbox 1860 4395 2165 4475; x_wconf 76' lang='lat' dir='ltr'><strong>Illyric-uin</strong></span> 
     </span>
    </p>
   </div>
   <div class='ocr_carea' id='block_1_73' title="bbox 553 4488 2137 4558">
    <p class='ocr_par' dir='ltr' id='par_1_73' title="bbox 553 4488 2137 4558">
     <span class='ocr_line' id='line_1_74' title="bbox 553 4488 2137 4558; baseline 0.003 -17"><span class='ocrx_word' id='word_1_448' title='bbox 553 4494 862 4556; x_wconf 82' lang='lat' dir='ltr'><strong>emergunt,</strong></span> <span class='ocrx_word' id='word_1_449' title='bbox 897 4502 991 4541; x_wconf 89' lang='lat' dir='ltr'><strong>eas</strong></span> <span class='ocrx_word' id='word_1_450' title='bbox 1022 4502 1129 4542; x_wconf 90' lang='lat' dir='ltr'><strong>non</strong></span> <span class='ocrx_word' id='word_1_451' title='bbox 1168 4488 1379 4558; x_wconf 85' lang='lat' dir='ltr'><strong>absque</strong></span> <span class='ocrx_word' id='word_1_452' title='bbox 1418 4489 1648 4544; x_wconf 87' lang='lat' dir='ltr'><strong>scientia</strong></span> <span class='ocrx_word' id='word_1_453' title='bbox 1689 4490 1952 4545; x_wconf 87' lang='lat' dir='ltr'><strong>antistitis</strong></span> <span class='ocrx_word' id='word_1_454' title='bbox 1987 4491 2137 4546; x_wconf 89' lang='lat' dir='ltr'><strong>urbis</strong></span> 
     </span>
    </p>
   </div>
   <div class='ocr_carea' id='block_1_74' title="bbox 2244 3321 2634 3376">
    <p class='ocr_par' dir='ltr' id='par_1_74' title="bbox 2244 3321 2634 3376">
     <span class='ocr_line' id='line_1_75' title="bbox 2244 3321 2634 3376; baseline 0.013 -17"><span class='ocrx_word' id='word_1_455' title='bbox 2244 3321 2382 3376; x_wconf 87' lang='grc' dir='ltr'>ρων,</span> <span class='ocrx_word' id='word_1_456' title='bbox 2421 3324 2477 3363; x_wconf 90' lang='grc' dir='ltr'><strong>κ.</strong></span> <span class='ocrx_word' id='word_1_457' title='bbox 2502 3325 2552 3363; x_wconf 81' lang='grc' dir='ltr'><strong>τ.</strong></span> <span class='ocrx_word' id='word_1_458' title='bbox 2583 3327 2634 3364; x_wconf 85' lang='grc' dir='ltr'>Α.</span> 
     </span>
    </p>
   </div>
   <div class='ocr_carea' id='block_1_75' title="bbox 2312 3396 3709 3484">
    <p class='ocr_par' dir='ltr' id='par_1_75' title="bbox 2312 3396 3709 3484">
     <span class='ocr_line' id='line_1_76' title="bbox 2312 3396 3709 3484; baseline 0.014 -34"><span class='ocrx_word' id='word_1_459' title='bbox 2312 3396 2414 3462; x_wconf 78' lang='grc' dir='ltr'>λζ’.</span> <span class='ocrx_word' id='word_1_460' title='bbox 2457 3400 2676 3475; x_wconf 80' lang='grc' dir='ltr'>Ἐπειδὴ</span> <span class='ocrx_word' id='word_1_461' title='bbox 2713 3406 2856 3460; x_wconf 78' lang='grc' dir='ltr'>κατὰ</span> <span class='ocrx_word' id='word_1_462' title='bbox 2878 3407 3172 3481; x_wconf 78' lang='grc' dir='ltr'>διαφόρους</span> <span class='ocrx_word' id='word_1_463' title='bbox 3197 3413 3447 3484; x_wconf 73' lang='grc' dir='ltr'>καιροὺς,</span> <span class='ocrx_word' id='word_1_464' title='bbox 3482 3431 3538 3471; x_wconf 87' lang='grc' dir='ltr'><strong>κ.</strong></span> <span class='ocrx_word' id='word_1_465' title='bbox 3571 3434 3624 3472; x_wconf 92' lang='grc' dir='ltr'><strong>τ.</strong></span> <span class='ocrx_word' id='word_1_466' title='bbox 3657 3418 3709 3470; x_wconf 87' lang='grc' dir='ltr'><strong>λ.</strong></span> 
     </span>
    </p>
   </div>
   <div class='ocr_carea' id='block_1_76' title="bbox 2312 3575 3826 3658">
    <p class='ocr_par' dir='ltr' id='par_1_76' title="bbox 2312 3575 3826 3658">
     <span class='ocr_line' id='line_1_77' title="bbox 2312 3575 3826 3658; baseline 0.013 -29"><span class='ocrx_word' id='word_1_467' title='bbox 2312 3575 2415 3648; x_wconf 78' lang='grc' dir='ltr'>λη’.</span> <span class='ocrx_word' id='word_1_468' title='bbox 2447 3578 2550 3633; x_wconf 79' lang='grc' dir='ltr'><strong>Τὸν</strong></span> <span class='ocrx_word' id='word_1_469' title='bbox 2572 3582 2637 3634; x_wconf 82' lang='grc' dir='ltr'>ἐκ</span> <span class='ocrx_word' id='word_1_470' title='bbox 2653 3582 2759 3636; x_wconf 87' lang='grc' dir='ltr'><strong>τῶν</strong></span> <span class='ocrx_word' id='word_1_471' title='bbox 2782 3584 3042 3656; x_wconf 83' lang='grc' dir='ltr'>Πατέρων</span> <span class='ocrx_word' id='word_1_472' title='bbox 3069 3587 3101 3658; x_wconf 83' lang='grc' dir='ltr'><strong>ή</strong></span> <span class='ocrx_word' id='word_1_473' title='bbox 3111 3587 3226 3657; x_wconf 82' lang='grc' dir='ltr'><strong>μῶν</strong></span> <span class='ocrx_word' id='word_1_474' title='bbox 3252 3591 3478 3645; x_wconf 88' lang='grc' dir='ltr'>τεθέντα</span> <span class='ocrx_word' id='word_1_475' title='bbox 3510 3595 3714 3649; x_wconf 85' lang='grc' dir='ltr'>κανόνα</span> <span class='ocrx_word' id='word_1_476' title='bbox 3737 3597 3826 3650; x_wconf 81' lang='grc' dir='ltr'>καὶ</span> 
     </span>
    </p>
   </div>
   <div class='ocr_carea' id='block_1_77' title="bbox 2242 3670 3831 3756">
    <p class='ocr_par' dir='ltr' id='par_1_77' title="bbox 2242 3670 3831 3756">
     <span class='ocr_line' id='line_1_78' title="bbox 2242 3670 3831 3756; baseline 0.012 -35"><span class='ocrx_word' id='word_1_477' title='bbox 2242 3670 2406 3740; x_wconf 78' lang='grc' dir='ltr'>ἡμεῖς</span> <span class='ocrx_word' id='word_1_478' title='bbox 2427 3675 2946 3747; x_wconf 79' lang='grc' dir='ltr'>παραφυλάττομεν,</span> <span class='ocrx_word' id='word_1_479' title='bbox 2978 3681 3068 3733; x_wconf 82' lang='grc' dir='ltr'>τὸν</span> <span class='ocrx_word' id='word_1_480' title='bbox 3097 3679 3241 3735; x_wconf 77' lang='grc' dir='ltr'>οὕτω</span> <span class='ocrx_word' id='word_1_481' title='bbox 3282 3684 3674 3756; x_wconf 75' lang='grc' dir='ltr'>διαγορεύοντα</span> <span class='ocrx_word' id='word_1_482' title='bbox 3694 3707 3710 3723; x_wconf 86' lang='grc'><strong>·</strong></span> <span class='ocrx_word' id='word_1_483' title='bbox 3765 3687 3831 3742; x_wconf 73' lang='lat' dir='ltr'><strong>Ei</strong></span> 
     </span>
    </p>
   </div>
   <div class='ocr_carea' id='block_1_78' title="bbox 2241 3764 3828 3853">
    <p class='ocr_par' dir='ltr' id='par_1_78' title="bbox 2241 3764 3828 3853">
     <span class='ocr_line' id='line_1_79' title="bbox 2241 3764 3828 3853; baseline 0.011 -38"><span class='ocrx_word' id='word_1_484' title='bbox 2241 3779 2326 3825; x_wconf 89' lang='grc' dir='ltr'><strong>τις</strong></span> <span class='ocrx_word' id='word_1_485' title='bbox 2354 3764 2746 3853; x_wconf 11' lang='grc' dir='ltr'>ὲκᾲβασιλικῆς</span> <span class='ocrx_word' id='word_1_486' title='bbox 2779 3769 3028 3836; x_wconf 79' lang='grc' dir='ltr'>ἐξουσίας</span> <span class='ocrx_word' id='word_1_487' title='bbox 3064 3775 3345 3846; x_wconf 83' lang='grc' dir='ltr'>ὲκαινίσθη</span> <span class='ocrx_word' id='word_1_488' title='bbox 3393 3778 3586 3845; x_wconf 82' lang='grc' dir='ltr'>πόλις,</span> <span class='ocrx_word' id='word_1_489' title='bbox 3614 3781 3646 3853; x_wconf 81' lang='grc' dir='ltr'>ἢ</span> <span class='ocrx_word' id='word_1_490' title='bbox 3677 3777 3828 3843; x_wconf 84' lang='grc' dir='ltr'>αὖθις</span> 
     </span>
    </p>
   </div>
   <div class='ocr_carea' id='block_1_79' title="bbox 2243 3851 3827 3935">
    <p class='ocr_par' dir='ltr' id='par_1_79' title="bbox 2243 3851 3827 3935">
     <span class='ocr_line' id='line_1_80' title="bbox 2243 3851 3827 3935; baseline 0.014 -32"><span class='ocrx_word' id='word_1_491' title='bbox 2243 3851 2546 3924; x_wconf 83' lang='grc' dir='ltr'>καινισθείη</span> <span class='ocrx_word' id='word_1_492' title='bbox 2574 3857 2686 3918; x_wconf 91' lang='grc' dir='ltr'>τοῖς</span> <span class='ocrx_word' id='word_1_493' title='bbox 2717 3858 3013 3924; x_wconf 85' lang='grc' dir='ltr'>πολιτικοῖς</span> <span class='ocrx_word' id='word_1_494' title='bbox 3043 3865 3139 3917; x_wconf 80' lang='grc' dir='ltr'>καὶ</span> <span class='ocrx_word' id='word_1_495' title='bbox 3173 3865 3458 3935; x_wconf 73' lang='grc' dir='ltr'>δημοσίοις</span> <span class='ocrx_word' id='word_1_496' title='bbox 3488 3851 3704 3935; x_wconf 78' lang='grc' dir='ltr'>τύποις,</span> <span class='ocrx_word' id='word_1_497' title='bbox 3738 3883 3827 3924; x_wconf 83' lang='grc' dir='ltr'><strong>και</strong></span> 
     </span>
    </p>
   </div>
   <div class='ocr_carea' id='block_1_80' title="bbox 2242 3942 3826 4029">
    <p class='ocr_par' dir='ltr' id='par_1_80' title="bbox 2242 3942 3826 4029">
     <span class='ocr_line' id='line_1_81' title="bbox 2242 3942 3826 4029; baseline 0.015 -35"><span class='ocrx_word' id='word_1_498' title='bbox 2242 3942 2351 3995; x_wconf 84' lang='grc' dir='ltr'><strong>τῶν</strong></span> <span class='ocrx_word' id='word_1_499' title='bbox 2395 3945 2866 4014; x_wconf 79' lang='grc' dir='ltr'>ἐκκλησιαστικῶν</span> <span class='ocrx_word' id='word_1_500' title='bbox 2935 3955 3283 4025; x_wconf 86' lang='grc' dir='ltr'>πραγμάτων</span> <span class='ocrx_word' id='word_1_501' title='bbox 3332 3959 3556 4029; x_wconf 80' lang='grc' dir='ltr'>ήτὰξις</span> <span class='ocrx_word' id='word_1_502' title='bbox 3606 3963 3826 4017; x_wconf 82' lang='grc' dir='ltr'>ἀκολου-</span> 
     </span>
    </p>
   </div>
   <div class='ocr_carea' id='block_1_81' title="bbox 2243 4032 2426 4088">
    <p class='ocr_par' dir='ltr' id='par_1_81' title="bbox 2243 4032 2426 4088">
     <span class='ocr_line' id='line_1_82' title="bbox 2243 4032 2426 4088; baseline 0.016 -2"><span class='ocrx_word' id='word_1_503' title='bbox 2243 4032 2426 4088; x_wconf 90' lang='grc' dir='ltr'>θείτω.</span> 
     </span>
    </p>
   </div>
   <div class='ocr_carea' id='block_1_82' title="bbox 2312 4125 3822 4211">
    <p class='ocr_par' dir='ltr' id='par_1_82' title="bbox 2312 4125 3822 4211">
     <span class='ocr_line' id='line_1_83' title="bbox 2312 4125 3822 4211; baseline 0.013 -33"><span class='ocrx_word' id='word_1_504' title='bbox 2312 4125 2410 4181; x_wconf 88' lang='grc' dir='ltr'>λθ’.</span> <span class='ocrx_word' id='word_1_505' title='bbox 2437 4126 2543 4182; x_wconf 75' lang='grc' dir='ltr'>Τοῦ</span> <span class='ocrx_word' id='word_1_506' title='bbox 2565 4129 2795 4198; x_wconf 76' lang='grc' dir='ltr'>ἀδελφοῦ</span> <span class='ocrx_word' id='word_1_507' title='bbox 2824 4132 2918 4185; x_wconf 71' lang='grc' dir='ltr'>καὶ</span> <span class='ocrx_word' id='word_1_508' title='bbox 2942 4133 3358 4209; x_wconf 85' lang='grc' dir='ltr'>συλλειτουργοῦ</span> <span class='ocrx_word' id='word_1_509' title='bbox 3380 4141 3414 4210; x_wconf 79' lang='grc' dir='ltr'><strong>ή</strong></span> <span class='ocrx_word' id='word_1_510' title='bbox 3423 4141 3539 4211; x_wconf 83' lang='grc' dir='ltr'><strong>μῶν</strong></span> <span class='ocrx_word' id='word_1_511' title='bbox 3585 4144 3822 4200; x_wconf 61' lang='grc' dir='ltr'>Ἰωάννου</span> 
     </span>
    </p>
   </div>
   <div class='ocr_carea' id='block_1_83' title="bbox 2241 4217 3238 4294">
    <p class='ocr_par' dir='ltr' id='par_1_83' title="bbox 2241 4217 3238 4294">
     <span class='ocr_line' id='line_1_84' title="bbox 2241 4217 3238 4294; baseline 0.013 -24"><span class='ocrx_word' id='word_1_512' title='bbox 2241 4217 2336 4270; x_wconf 80' lang='grc' dir='ltr'><strong>τοῦ</strong></span> <span class='ocrx_word' id='word_1_513' title='bbox 2365 4219 2465 4290; x_wconf 83' lang='grc' dir='ltr'>τῆς</span> <span class='ocrx_word' id='word_1_514' title='bbox 2497 4221 2762 4292; x_wconf 84' lang='grc' dir='ltr'>Κυπρίων</span> <span class='ocrx_word' id='word_1_515' title='bbox 2788 4225 2977 4294; x_wconf 83' lang='grc' dir='ltr'>νήσου,</span> <span class='ocrx_word' id='word_1_516' title='bbox 3013 4245 3065 4281; x_wconf 86' lang='grc' dir='ltr'><strong>κ.</strong></span> <span class='ocrx_word' id='word_1_517' title='bbox 3098 4246 3150 4282; x_wconf 92' lang='grc' dir='ltr'>τ,</span> <span class='ocrx_word' id='word_1_518' title='bbox 3186 4230 3238 4283; x_wconf 89' lang='grc' dir='ltr'><strong>λ.</strong></span> 
     </span>
    </p>
   </div>
   <div class='ocr_carea' id='block_1_84' title="bbox 2327 4305 3816 4393">
    <p class='ocr_par' dir='ltr' id='par_1_84' title="bbox 2327 4305 3816 4393">
     <span class='ocr_line' id='line_1_85' title="bbox 2327 4305 3816 4393; baseline 0.013 -34"><span class='ocrx_word' id='word_1_519' title='bbox 2327 4305 2390 4360; x_wconf 88' lang='grc' dir='ltr'><strong>Ἦ</strong></span> <span class='ocrx_word' id='word_1_520' title='bbox 2412 4315 2466 4372; x_wconf 82' lang='grc' dir='ltr'>ς’</span> <span class='ocrx_word' id='word_1_521' title='bbox 2489 4309 2734 4375; x_wconf 77' lang='grc' dir='ltr'>διάταξις</span> <span class='ocrx_word' id='word_1_522' title='bbox 2773 4312 2868 4367; x_wconf 82' lang='grc' dir='ltr'>τοῦ</span> <span class='ocrx_word' id='word_1_523' title='bbox 2919 4313 2966 4385; x_wconf 83' lang='grc' dir='ltr'><strong>β’</strong></span> <span class='ocrx_word' id='word_1_524' title='bbox 2995 4316 3102 4371; x_wconf 74' lang='grc' dir='ltr'>τίς.</span> <span class='ocrx_word' id='word_1_525' title='bbox 3157 4318 3254 4372; x_wconf 81' lang='grc' dir='ltr'>τοῦ</span> <span class='ocrx_word' id='word_1_526' title='bbox 3287 4327 3336 4373; x_wconf 83' lang='grc' dir='ltr'>α’</span> <span class='ocrx_word' id='word_1_527' title='bbox 3379 4322 3528 4393; x_wconf 73' lang='grc' dir='ltr'>βιδλ.</span> <span class='ocrx_word' id='word_1_528' title='bbox 3574 4325 3668 4379; x_wconf 85' lang='grc' dir='ltr'>τοῦ</span> <span class='ocrx_word' id='word_1_529' title='bbox 3695 4325 3816 4379; x_wconf 86' lang='grc' dir='ltr'>κώδ.</span> 
     </span>
    </p>
   </div>
   <div class='ocr_carea' id='block_1_85' title="bbox 2243 4398 3820 4486">
    <p class='ocr_par' dir='ltr' id='par_1_85' title="bbox 2243 4398 3820 4486">
     <span class='ocr_line' id='line_1_86' title="bbox 2243 4398 3820 4486; baseline 0.013 -37"><span class='ocrx_word' id='word_1_530' title='bbox 2243 4398 2429 4470; x_wconf 84' lang='grc' dir='ltr'>φησὶν,</span> <span class='ocrx_word' id='word_1_531' title='bbox 2463 4400 2548 4453; x_wconf 81' lang='grc' dir='ltr'>ὅτι</span> <span class='ocrx_word' id='word_1_532' title='bbox 2601 4402 2713 4466; x_wconf 83' lang='grc' dir='ltr'><strong>Τὰς</strong></span> <span class='ocrx_word' id='word_1_533' title='bbox 2745 4404 3130 4476; x_wconf 79' lang='grc' dir='ltr'>ἁναφυομένας</span> <span class='ocrx_word' id='word_1_534' title='bbox 3154 4415 3445 4476; x_wconf 79' lang='grc' dir='ltr'>κανονικὰς</span> <span class='ocrx_word' id='word_1_535' title='bbox 3474 4415 3820 4486; x_wconf 76' lang='grc' dir='ltr'>ἀμφισϐητή-</span> 
     </span>
    </p>
   </div>
   <div class='ocr_carea' id='block_1_86' title="bbox 2243 4493 3821 4580">
    <p class='ocr_par' dir='ltr' id='par_1_86' title="bbox 2243 4493 3821 4580">
     <span class='ocr_line' id='line_1_87' title="bbox 2243 4493 3821 4580; baseline 0.011 -37"><span class='ocrx_word' id='word_1_536' title='bbox 2243 4508 2356 4556; x_wconf 85' lang='grc' dir='ltr'>σεις</span> <span class='ocrx_word' id='word_1_537' title='bbox 2382 4493 2442 4546; x_wconf 83' lang='grc' dir='ltr'>ὲν</span> <span class='ocrx_word' id='word_1_538' title='bbox 2479 4494 2587 4566; x_wconf 84' lang='grc' dir='ltr'><strong>ὅλῳ</strong></span> <span class='ocrx_word' id='word_1_539' title='bbox 2625 4497 2704 4568; x_wconf 83' lang='grc' dir='ltr'>τῷ</span> <span class='ocrx_word' id='word_1_540' title='bbox 2750 4497 3065 4572; x_wconf 83' lang='grc' dir='ltr'>Ἰλλυρικῷ,</span> <span class='ocrx_word' id='word_1_541' title='bbox 3119 4505 3181 4558; x_wconf 86' lang='grc' dir='ltr'>οὐ</span> <span class='ocrx_word' id='word_1_542' title='bbox 3211 4506 3295 4558; x_wconf 87' lang='grc' dir='ltr'><strong>δεῖ</strong></span> <span class='ocrx_word' id='word_1_543' title='bbox 3349 4507 3644 4578; x_wconf 86' lang='grc' dir='ltr'>τέμνεσθαι</span> <span class='ocrx_word' id='word_1_544' title='bbox 3677 4509 3821 4580; x_wconf 71' lang='grc' dir='ltr'>παρὰ</span> 
     </span>
    </p>
   </div>
   <div class='ocr_carea' id='block_1_87' title="bbox 553 4578 2140 4666">
    <p class='ocr_par' dir='ltr' id='par_1_87' title="bbox 553 4578 2130 4651">
     <span class='ocr_line' id='line_1_88' title="bbox 553 4578 2130 4651; baseline 0.003 -19"><span class='ocrx_word' id='word_1_545' title='bbox 553 4578 1175 4648; x_wconf 81' lang='lat' dir='ltr'><strong>Constantinopolitanae</strong></span> <span class='ocrx_word' id='word_1_546' title='bbox 1211 4580 1356 4649; x_wconf 72' lang='lat' dir='ltr'><strong>(quae</strong></span> <span class='ocrx_word' id='word_1_547' title='bbox 1379 4581 1583 4635; x_wconf 73' lang='lat' dir='ltr'><strong>veteris</strong></span> <span class='ocrx_word' id='word_1_548' title='bbox 1633 4583 1820 4636; x_wconf 64' lang='lat' dir='ltr'><strong>Romae</strong></span> <span class='ocrx_word' id='word_1_549' title='bbox 1850 4596 2130 4651; x_wconf 49' lang='lat' dir='ltr'><strong>praeroga-</strong></span> 
     </span>
    </p>
   </div>
   <div class='ocr_carea' id='block_1_88' title="bbox 2240 4578 3820 4666">
    <p class='ocr_par' dir='ltr' id='par_1_88' title="bbox 2243 4587 3820 4666">
     <span class='ocr_line' id='line_1_89' title="bbox 2243 4587 3820 4666; baseline 0.009 -27"><span class='ocrx_word' id='word_1_550' title='bbox 2243 4587 2469 4659; x_wconf 82' lang='grc' dir='ltr'>γνώμην</span> <span class='ocrx_word' id='word_1_551' title='bbox 2499 4589 2594 4643; x_wconf 81' lang='grc' dir='ltr'>τοῦ</span> <span class='ocrx_word' id='word_1_552' title='bbox 2623 4592 3055 4664; x_wconf 85' lang='grc' dir='ltr'>ἀρχιεπισκόπου</span> <span class='ocrx_word' id='word_1_553' title='bbox 3079 4599 3709 4666; x_wconf 83' lang='grc' dir='ltr'>Κωνσταντινουπόλεως</span> <span class='ocrx_word' id='word_1_554' title='bbox 3734 4605 3820 4655; x_wconf 75' lang='grc' dir='ltr'><strong>καὶ</strong></span> 
     </span>
    </p>
   </div>
   <div class='ocr_carea' id='block_1_89' title="bbox 556 4670 2139 4746">
    <p class='ocr_par' dir='ltr' id='par_1_89' title="bbox 556 4670 2139 4746">
     <span class='ocr_line' id='line_1_90' title="bbox 556 4670 2139 4746; baseline 0.003 -23"><span class='ocrx_word' id='word_1_555' title='bbox 556 4671 696 4726; x_wconf 84' lang='lat' dir='ltr'><strong>ti&#39;vas</strong></span> <span class='ocrx_word' id='word_1_556' title='bbox 718 4670 904 4742; x_wconf 84' lang='lat' dir='ltr'><strong>habet)</strong></span> <span class='ocrx_word' id='word_1_557' title='bbox 926 4670 1156 4742; x_wconf 84' lang='lat' dir='ltr'><strong>ejusque</strong></span> <span class='ocrx_word' id='word_1_558' title='bbox 1193 4670 1608 4746; x_wconf 88' lang='lat' dir='ltr'><strong>[sacerdotales]</strong></span> <span class='ocrx_word' id='word_1_559' title='bbox 1636 4681 1941 4728; x_wconf 73' lang='lat' dir='ltr'><strong>conuentus</strong></span> <span class='ocrx_word' id='word_1_560' title='bbox 1972 4687 2139 4742; x_wconf 85' lang='lat' dir='ltr'><strong>opor-</strong></span> 
     </span>
    </p>
   </div>
   <div class='ocr_carea' id='block_1_90' title="bbox 559 4763 2136 4832">
    <p class='ocr_par' dir='ltr' id='par_1_90' title="bbox 559 4763 2136 4832">
     <span class='ocr_line' id='line_1_91' title="bbox 559 4763 2136 4832; baseline 0.004 -17"><span class='ocrx_word' id='word_1_561' title='bbox 559 4773 668 4816; x_wconf 88' lang='lat' dir='ltr'><strong>teat</strong></span> <span class='ocrx_word' id='word_1_562' title='bbox 699 4763 897 4818; x_wconf 87' lang='lat' dir='ltr'><strong>decidi.</strong></span> <span class='ocrx_word' id='word_1_563' title='bbox 934 4764 1128 4819; x_wconf 86' lang='lat' dir='ltr'><strong>Const.</strong></span> <span class='ocrx_word' id='word_1_564' title='bbox 1192 4781 1323 4820; x_wconf 89' lang='lat' dir='ltr'><strong>vero</strong></span> <span class='ocrx_word' id='word_1_565' title='bbox 1405 4767 1493 4832; x_wconf 74' lang='lat'><strong>16,</strong></span> <span class='ocrx_word' id='word_1_566' title='bbox 1534 4768 1618 4822; x_wconf 89' lang='lat' dir='ltr'><strong>tit.</strong></span> <span class='ocrx_word' id='word_1_567' title='bbox 1663 4767 1718 4832; x_wconf 71' lang='grc'>2,</span> <span class='ocrx_word' id='word_1_568' title='bbox 1779 4765 1882 4821; x_wconf 87' lang='lat' dir='ltr'><strong>Lil.</strong></span> <span class='ocrx_word' id='word_1_569' title='bbox 1944 4783 1958 4821; x_wconf 85' lang='grc' dir='ltr'><strong>ι</strong></span> <span class='ocrx_word' id='word_1_570' title='bbox 2001 4768 2136 4822; x_wconf 86' lang='lat' dir='ltr'><strong>Cod.</strong></span> 
     </span>
    </p>
   </div>
   <div class='ocr_carea' id='block_1_91' title="bbox 557 4853 2139 4928">
    <p class='ocr_par' dir='ltr' id='par_1_91' title="bbox 557 4853 2139 4928">
     <span class='ocr_line' id='line_1_92' title="bbox 557 4853 2139 4928; baseline 0.004 -22"><span class='ocrx_word' id='word_1_571' title='bbox 557 4853 784 4924; x_wconf 81' lang='lat' dir='ltr'><strong>abrOgat</strong></span> <span class='ocrx_word' id='word_1_572' title='bbox 808 4869 1148 4925; x_wconf 65' lang='lat' dir='ltr'><strong>qtmcunqne</strong></span> <span class='ocrx_word' id='word_1_573' title='bbox 1165 4866 1408 4926; x_wconf 88' lang='lat' dir='ltr'><strong>tempore</strong></span> <span class='ocrx_word' id='word_1_574' title='bbox 1427 4858 1735 4928; x_wconf 85' lang='lat' dir='ltr'><strong>tyrannidis</strong></span> <span class='ocrx_word' id='word_1_575' title='bbox 1758 4859 2024 4913; x_wconf 76' lang='lat' dir='ltr'><strong>adversus</strong></span> <span class='ocrx_word' id='word_1_576' title='bbox 2040 4857 2139 4913; x_wconf 89' lang='lat' dir='ltr'><strong>Ze-</strong></span> 
     </span>
    </p>
   </div>
   <div class='ocr_carea' id='block_1_92' title="bbox 560 4945 2135 5019">
    <p class='ocr_par' dir='ltr' id='par_1_92' title="bbox 560 4945 2135 5019">
     <span class='ocr_line' id='line_1_93' title="bbox 560 4945 2135 5019; baseline 0.004 -21"><span class='ocrx_word' id='word_1_577' title='bbox 560 4961 754 5000; x_wconf 84' lang='lat' dir='ltr'><strong>nonem</strong></span> <span class='ocrx_word' id='word_1_578' title='bbox 783 4945 1114 5019; x_wconf 62' lang='lat' dir='ltr'><strong>[institutas],</strong></span> <span class='ocrx_word' id='word_1_579' title='bbox 1139 4949 1189 5001; x_wconf 92' lang='lat' dir='ltr'><strong>in</strong></span> <span class='ocrx_word' id='word_1_580' title='bbox 1216 4948 1374 5018; x_wconf 75' lang='lat'><strong>192</strong></span> <span class='ocrx_word' id='word_1_581' title='bbox 1400 4950 1772 5019; x_wconf 70' lang='lat' dir='ltr'><strong>praejudicium</strong></span> <span class='ocrx_word' id='word_1_582' title='bbox 1793 4951 2135 5006; x_wconf 80' lang='lat' dir='ltr'><strong>sacerdotum</strong></span> 
     </span>
    </p>
   </div>
   <div class='ocr_carea' id='block_1_93' title="bbox 557 5039 2134 5114">
    <p class='ocr_par' dir='ltr' id='par_1_93' title="bbox 557 5039 2134 5114">
     <span class='ocr_line' id='line_1_94' title="bbox 557 5039 2134 5114; baseline 0.003 -20"><span class='ocrx_word' id='word_1_583' title='bbox 557 5039 986 5094; x_wconf 83' lang='lat' dir='ltr'><strong>ecclesiasticivc</strong></span> <span class='ocrx_word' id='word_1_584' title='bbox 1018 5049 1214 5108; x_wconf 87' lang='lat' dir='ltr'><strong>status,</strong></span> <span class='ocrx_word' id='word_1_585' title='bbox 1235 5053 1427 5097; x_wconf 86' lang='lat' dir='ltr'><strong>contra</strong></span> <span class='ocrx_word' id='word_1_586' title='bbox 1462 5043 1800 5098; x_wconf 88' lang='lat' dir='ltr'><strong>anteriorum</strong></span> <span class='ocrx_word' id='word_1_587' title='bbox 1825 5045 2134 5114; x_wconf 79' lang='lat' dir='ltr'><strong>principum</strong></span> 
     </span>
    </p>
   </div>
   <div class='ocr_carea' id='block_1_94' title="bbox 557 5131 2137 5204">
    <p class='ocr_par' dir='ltr' id='par_1_94' title="bbox 557 5131 2137 5204">
     <span class='ocr_line' id='line_1_95' title="bbox 557 5131 2137 5204; baseline 0.005 -21"><span class='ocrx_word' id='word_1_588' title='bbox 557 5131 872 5185; x_wconf 87' lang='lat' dir='ltr'><strong>sanctiones</strong></span> <span class='ocrx_word' id='word_1_589' title='bbox 913 5131 1056 5185; x_wconf 77' lang='lat' dir='ltr'><strong>facta</strong></span> <span class='ocrx_word' id='word_1_590' title='bbox 1109 5142 1259 5200; x_wconf 86' lang='lat' dir='ltr'><strong>sunt,</strong></span> <span class='ocrx_word' id='word_1_591' title='bbox 1293 5145 1502 5204; x_wconf 84' lang='lat' dir='ltr'><strong>etquae</strong></span> <span class='ocrx_word' id='word_1_592' title='bbox 1543 5147 1701 5190; x_wconf 89' lang='lat' dir='ltr'><strong>antea</strong></span> <span class='ocrx_word' id='word_1_593' title='bbox 1769 5138 2137 5191; x_wconf 81' lang='lat' dir='ltr'><strong>obtinuissent</strong></span> 
     </span>
    </p>
   </div>
   <div class='ocr_carea' id='block_1_95' title="bbox 558 5224 2135 5297">
    <p class='ocr_par' dir='ltr' id='par_1_95' title="bbox 558 5224 2135 5297">
     <span class='ocr_line' id='line_1_96' title="bbox 558 5224 2135 5297; baseline 0.001 -19"><span class='ocrx_word' id='word_1_594' title='bbox 558 5232 804 5289; x_wconf 86' lang='lat' dir='ltr'><strong>renovat,</strong></span> <span class='ocrx_word' id='word_1_595' title='bbox 838 5239 902 5279; x_wconf 87' lang='lat' dir='ltr'><strong>ac</strong></span> <span class='ocrx_word' id='word_1_596' title='bbox 934 5224 1604 5297; x_wconf 86' lang='lat' dir='ltr'><strong>Coustantinopolitanum</strong></span> <span class='ocrx_word' id='word_1_597' title='bbox 1660 5237 1788 5282; x_wconf 83' lang='lat' dir='ltr'><strong>ante</strong></span> <span class='ocrx_word' id='word_1_598' title='bbox 1824 5229 1962 5284; x_wconf 88' lang='lat' dir='ltr'><strong>alios</strong></span> <span class='ocrx_word' id='word_1_599' title='bbox 1996 5230 2135 5284; x_wconf 88' lang='lat' dir='ltr'><strong>resi-</strong></span> 
     </span>
    </p>
   </div>
   <div class='ocr_carea' id='block_1_96' title="bbox 557 5316 2134 5386">
    <p class='ocr_par' dir='ltr' id='par_1_96' title="bbox 557 5316 2134 5386">
     <span class='ocr_line' id='line_1_97' title="bbox 557 5316 2134 5386; baseline 0.002 -13"><span class='ocrx_word' id='word_1_600' title='bbox 557 5316 717 5373; x_wconf 83' lang='lat' dir='ltr'><strong>dendi</strong></span> <span class='ocrx_word' id='word_1_601' title='bbox 757 5316 848 5386; x_wconf 86' lang='lat' dir='ltr'><strong>jus</strong></span> <span class='ocrx_word' id='word_1_602' title='bbox 889 5317 1090 5372; x_wconf 86' lang='lat' dir='ltr'><strong>habere</strong></span> <span class='ocrx_word' id='word_1_603' title='bbox 1125 5319 1275 5374; x_wconf 88' lang='lat' dir='ltr'><strong>dicit.</strong></span> <span class='ocrx_word' id='word_1_604' title='bbox 1317 5319 1509 5375; x_wconf 84' lang='lat' dir='ltr'><strong>Const.</strong></span> <span class='ocrx_word' id='word_1_605' title='bbox 1568 5321 1660 5384; x_wconf 78' lang='lat'><strong>55,</strong></span> <span class='ocrx_word' id='word_1_606' title='bbox 1690 5321 1775 5376; x_wconf 80' lang='lat' dir='ltr'><strong>tit.</strong></span> <span class='ocrx_word' id='word_1_607' title='bbox 1832 5322 1886 5384; x_wconf 81' lang='grc'>5,</span> <span class='ocrx_word' id='word_1_608' title='bbox 1958 5322 2050 5374; x_wconf 71' lang='lat' dir='ltr'><strong>lii).</strong></span> <span class='ocrx_word' id='word_1_609' title='bbox 2093 5339 2134 5376; x_wconf 77' lang='grc' dir='ltr'><strong>ιε</strong></span> 
     </span>
    </p>
   </div>
   <div class='ocr_carea' id='block_1_97' title="bbox 627 5498 1926 5571">
    <p class='ocr_par' dir='ltr' id='par_1_97' title="bbox 627 5498 1926 5571">
     <span class='ocr_line' id='line_1_98' title="bbox 627 5498 1926 5571; baseline 0 -16"><span class='ocrx_word' id='word_1_610' title='bbox 627 5503 867 5570; x_wconf 52' lang='lat' dir='ltr'><strong>&quot;,Cone.</strong></span> <span class='ocrx_word' id='word_1_611' title='bbox 892 5499 1152 5571; x_wconf 80' lang='lat' dir='ltr'><strong>Carthag.</strong></span> <span class='ocrx_word' id='word_1_612' title='bbox 1183 5517 1214 5552; x_wconf 84' lang='lat' dir='ltr'><strong>v</strong></span> <span class='ocrx_word' id='word_1_613' title='bbox 1270 5515 1395 5554; x_wconf 85' lang='lat' dir='ltr'><strong>can.</strong></span> <span class='ocrx_word' id='word_1_614' title='bbox 1425 5501 1490 5566; x_wconf 72' lang='lat'><strong>5;</strong></span> <span class='ocrx_word' id='word_1_615' title='bbox 1545 5498 1722 5556; x_wconf 68' lang='lat' dir='ltr'><strong>Alric.</strong></span> <span class='ocrx_word' id='word_1_616' title='bbox 1759 5514 1807 5555; x_wconf 92' lang='lat' dir='ltr'><strong>c.</strong></span> <span class='ocrx_word' id='word_1_617' title='bbox 1838 5502 1926 5555; x_wconf 73' lang='grc'><strong>58.</strong></span> 
     </span>
    </p>
   </div>
   <div class='ocr_carea' id='block_1_98' title="bbox 556 5571 937 5627">
    <p class='ocr_par' dir='ltr' id='par_1_98' title="bbox 556 5571 937 5627">
     <span class='ocr_line' id='line_1_99' title="bbox 556 5571 937 5627; baseline 0 -1"><span class='ocrx_word' id='word_1_618' title='bbox 556 5571 724 5627; x_wconf 77' lang='lat' dir='ltr'><strong>Afric.</strong></span> <span class='ocrx_word' id='word_1_619' title='bbox 759 5588 806 5626; x_wconf 89' lang='lat' dir='ltr'><strong>c.</strong></span> <span class='ocrx_word' id='word_1_620' title='bbox 848 5573 937 5626; x_wconf 75' lang='grc'><strong>49.</strong></span> 
     </span>
    </p>
   </div>
   <div class='ocr_carea' id='block_1_99' title="bbox 618 5728 2124 5802">
    <p class='ocr_par' dir='ltr' id='par_1_99' title="bbox 618 5728 2124 5802">
     <span class='ocr_line' id='line_1_100' title="bbox 618 5728 2124 5802; baseline -0.003 -16"><span class='ocrx_word' id='word_1_621' title='bbox 618 5728 748 5796; x_wconf 65' lang='lat'><strong>(58)</strong></span> <span class='ocrx_word' id='word_1_622' title='bbox 776 5728 1082 5785; x_wconf 72' lang='lat' dir='ltr'><strong>Bonifacius</strong></span> <span class='ocrx_word' id='word_1_623' title='bbox 1123 5730 1174 5782; x_wconf 81' lang='lat' dir='ltr'><strong>in</strong></span> <span class='ocrx_word' id='word_1_624' title='bbox 1222 5746 1376 5786; x_wconf 83' lang='lat' dir='ltr'><strong>conc.</strong></span> <span class='ocrx_word' id='word_1_625' title='bbox 1412 5731 1666 5802; x_wconf 81' lang='lat' dir='ltr'><strong>Carthag.</strong></span> <span class='ocrx_word' id='word_1_626' title='bbox 1712 5729 1840 5784; x_wconf 88' lang='lat' dir='ltr'><strong>anni</strong></span> <span class='ocrx_word' id='word_1_627' title='bbox 1893 5729 2017 5798; x_wconf 69' lang='lat'><strong>5:25,</strong></span> <span class='ocrx_word' id='word_1_628' title='bbox 2062 5747 2124 5784; x_wconf 76' lang='lat' dir='ltr'><strong>cx</strong></span> 
     </span>
    </p>
   </div>
   <div class='ocr_carea' id='block_1_100' title="bbox 567 5802 1250 5867">
    <p class='ocr_par' dir='ltr' id='par_1_100' title="bbox 567 5802 1250 5867">
     <span class='ocr_line' id='line_1_101' title="bbox 567 5802 1250 5867; baseline 0.004 -15"><span class='ocrx_word' id='word_1_629' title='bbox 567 5803 755 5853; x_wconf 70' lang='lat' dir='ltr'><strong>cont-Il.</strong></span> <span class='ocrx_word' id='word_1_630' title='bbox 791 5816 859 5867; x_wconf 67' lang='grc' dir='ltr'>γι,</span> <span class='ocrx_word' id='word_1_631' title='bbox 889 5807 989 5856; x_wconf 67' lang='lat' dir='ltr'><strong>sui;</strong></span> <span class='ocrx_word' id='word_1_632' title='bbox 1014 5802 1250 5856; x_wconf 72' lang='lat' dir='ltr'><strong>Aurelio.</strong></span> 
     </span>
    </p>
   </div>
   <div class='ocr_carea' id='block_1_101' title="bbox 2047 5505 3483 5581">
    <p class='ocr_par' dir='ltr' id='par_1_101' title="bbox 2047 5505 3483 5581">
     <span class='ocr_line' id='line_1_102' title="bbox 2047 5505 3483 5581; baseline 0.015 -23"><span class='ocrx_word' id='word_1_633' title='bbox 2047 5507 2088 5536; x_wconf 71' lang='grc'>⁷⁸</span> <span class='ocrx_word' id='word_1_634' title='bbox 2118 5505 2292 5562; x_wconf 86' lang='lat' dir='ltr'><strong>Cone.</strong></span> <span class='ocrx_word' id='word_1_635' title='bbox 2337 5509 2597 5581; x_wconf 81' lang='lat' dir='ltr'><strong>Carthag.</strong></span> <span class='ocrx_word' id='word_1_636' title='bbox 2663 5528 2714 5578; x_wconf 88' lang='lat' dir='ltr'><strong>v,</strong></span> <span class='ocrx_word' id='word_1_637' title='bbox 2764 5529 2813 5567; x_wconf 87' lang='lat' dir='ltr'><strong>c.</strong></span> <span class='ocrx_word' id='word_1_638' title='bbox 2851 5515 2941 5570; x_wconf 82' lang='grc'><strong>95.</strong></span> <span class='ocrx_word' id='word_1_639' title='bbox 2975 5516 3150 5575; x_wconf 81' lang='lat' dir='ltr'><strong>Afric.</strong></span> <span class='ocrx_word' id='word_1_640' title='bbox 3203 5538 3330 5578; x_wconf 90' lang='lat' dir='ltr'><strong>can.</strong></span> <span class='ocrx_word' id='word_1_641' title='bbox 3392 5524 3483 5580; x_wconf 69' lang='grc'><strong>42.</strong></span> 
     </span>
    </p>
   </div>
   <div class='ocr_carea' id='block_1_102' title="bbox 2235 4680 3819 4766">
    <p class='ocr_par' dir='ltr' id='par_1_102' title="bbox 2235 4680 3819 4766">
     <span class='ocr_line' id='line_1_103' title="bbox 2235 4680 3819 4766; baseline 0.015 -35"><span class='ocrx_word' id='word_1_642' title='bbox 2235 4680 2335 4749; x_wconf 79' lang='grc' dir='ltr'>τῆς</span> <span class='ocrx_word' id='word_1_643' title='bbox 2389 4682 2555 4735; x_wconf 81' lang='grc' dir='ltr'>αὐτοῦ</span> <span class='ocrx_word' id='word_1_644' title='bbox 2615 4686 2866 4750; x_wconf 84' lang='grc' dir='ltr'>συνόδου,</span> <span class='ocrx_word' id='word_1_645' title='bbox 2928 4689 3049 4760; x_wconf 79' lang='grc' dir='ltr'>ἣτις</span> <span class='ocrx_word' id='word_1_646' title='bbox 3099 4691 3212 4762; x_wconf 79' lang='grc' dir='ltr'>ἔχει</span> <span class='ocrx_word' id='word_1_647' title='bbox 3276 4695 3344 4747; x_wconf 74' lang='grc' dir='ltr'><strong>τὰ</strong></span> <span class='ocrx_word' id='word_1_648' title='bbox 3399 4697 3673 4766; x_wconf 87' lang='grc' dir='ltr'>προνόμια</span> <span class='ocrx_word' id='word_1_649' title='bbox 3727 4696 3819 4761; x_wconf 83' lang='grc' dir='ltr'><strong>τῆς</strong></span> 
     </span>
    </p>
   </div>
   <div class='ocr_carea' id='block_1_103' title="bbox 2236 4772 3816 4850">
    <p class='ocr_par' dir='ltr' id='par_1_103' title="bbox 2236 4772 3816 4850">
     <span class='ocr_line' id='line_1_104' title="bbox 2236 4772 3816 4850; baseline 0.001 -11"><span class='ocrx_word' id='word_1_650' title='bbox 2236 4772 2474 4844; x_wconf 77' lang='grc' dir='ltr'><strong>ἀρχαίας</strong></span> <span class='ocrx_word' id='word_1_651' title='bbox 2505 4776 2746 4850; x_wconf 86' lang='grc' dir='ltr'>Ῥώμης.</span> <span class='ocrx_word' id='word_1_652' title='bbox 2763 4780 2830 4834; x_wconf 83' lang='grc' dir='ltr'><strong><em>Ἡ</em></strong></span> <span class='ocrx_word' id='word_1_653' title='bbox 2850 4782 2907 4835; x_wconf 83' lang='grc' dir='ltr'>δὲ</span> <span class='ocrx_word' id='word_1_654' title='bbox 2943 4790 3018 4847; x_wconf 80' lang='grc' dir='ltr'>ις’</span> <span class='ocrx_word' id='word_1_655' title='bbox 3043 4784 3184 4839; x_wconf 77' lang='grc' dir='ltr'>διάτ.</span> <span class='ocrx_word' id='word_1_656' title='bbox 3220 4787 3313 4840; x_wconf 81' lang='grc' dir='ltr'>τοῦ</span> <span class='ocrx_word' id='word_1_657' title='bbox 3337 4789 3500 4842; x_wconf 82' lang='grc' dir='ltr'>αὐτοῦ</span> <span class='ocrx_word' id='word_1_658' title='bbox 3522 4791 3650 4845; x_wconf 85' lang='grc' dir='ltr'>τίτ..</span> <span class='ocrx_word' id='word_1_659' title='bbox 3687 4789 3816 4843; x_wconf 80' lang='grc' dir='ltr'>ἀκυ-</span> 
     </span>
    </p>
   </div>
   <div class='ocr_carea' id='block_1_104' title="bbox 2243 4867 3816 4952">
    <p class='ocr_par' dir='ltr' id='par_1_104' title="bbox 2243 4867 3816 4952">
     <span class='ocr_line' id='line_1_105' title="bbox 2243 4867 3816 4952; baseline 0.009 -36"><span class='ocrx_word' id='word_1_660' title='bbox 2243 4868 2326 4936; x_wconf 90' lang='grc' dir='ltr'><strong>ροῖ</strong></span> <span class='ocrx_word' id='word_1_661' title='bbox 2373 4867 2441 4919; x_wconf 71' lang='grc' dir='ltr'>τὰ</span> <span class='ocrx_word' id='word_1_662' title='bbox 2509 4870 2774 4940; x_wconf 86' lang='grc' dir='ltr'>γενόμενα</span> <span class='ocrx_word' id='word_1_663' title='bbox 2835 4877 2894 4928; x_wconf 82' lang='grc' dir='ltr'>ὲν</span> <span class='ocrx_word' id='word_1_664' title='bbox 2940 4880 3007 4946; x_wconf 86' lang='grc' dir='ltr'><strong>τῇ</strong></span> <span class='ocrx_word' id='word_1_665' title='bbox 3063 4879 3202 4930; x_wconf 74' lang='grc' dir='ltr'>κατὰ</span> <span class='ocrx_word' id='word_1_666' title='bbox 3259 4881 3527 4950; x_wconf 79' lang='grc' dir='ltr'>Ζήνωνος,</span> <span class='ocrx_word' id='word_1_667' title='bbox 3553 4881 3816 4952; x_wconf 79' lang='grc' dir='ltr'>τυραννίδι</span> 
     </span>
    </p>
   </div>
   <div class='ocr_carea' id='block_1_105' title="bbox 2240 4957 3816 5046">
    <p class='ocr_par' dir='ltr' id='par_1_105' title="bbox 2240 4957 3816 5046">
     <span class='ocr_line' id='line_1_106' title="bbox 2240 4957 3816 5046; baseline 0.006 -36"><span class='ocrx_word' id='word_1_668' title='bbox 2240 4957 2391 5026; x_wconf 77' lang='grc' dir='ltr'>παρὰ</span> <span class='ocrx_word' id='word_1_669' title='bbox 2412 4959 2480 5012; x_wconf 73' lang='grc' dir='ltr'>τὰ</span> <span class='ocrx_word' id='word_1_670' title='bbox 2512 4962 2700 5032; x_wconf 83' lang='grc' dir='ltr'>πρώην</span> <span class='ocrx_word' id='word_1_671' title='bbox 2749 4965 3005 5035; x_wconf 72' lang='grc' dir='ltr'>βασιλικὰ</span> <span class='ocrx_word' id='word_1_672' title='bbox 3058 4969 3406 5042; x_wconf 76' lang='grc' dir='ltr'>θεσπίσματα</span> <span class='ocrx_word' id='word_1_673' title='bbox 3469 4977 3598 5046; x_wconf 75' lang='grc' dir='ltr'>περὶ</span> <span class='ocrx_word' id='word_1_674' title='bbox 3634 4974 3816 5044; x_wconf 68' lang='grc' dir='ltr'>ἱερέων</span> 
     </span>
    </p>
   </div>
   <div class='ocr_carea' id='block_1_106' title="bbox 2246 5048 3819 5140">
    <p class='ocr_par' dir='ltr' id='par_1_106' title="bbox 2246 5048 3819 5140">
     <span class='ocr_line' id='line_1_107' title="bbox 2246 5048 3819 5140; baseline 0.011 -40"><span class='ocrx_word' id='word_1_675' title='bbox 2246 5048 2278 5116; x_wconf 85' lang='grc' dir='ltr'>ἢ</span> <span class='ocrx_word' id='word_1_676' title='bbox 2314 5055 2703 5120; x_wconf 71' lang='grc' dir='ltr'>καταστάσεως</span> <span class='ocrx_word' id='word_1_677' title='bbox 2727 5059 3214 5133; x_wconf 76' lang='grc' dir='ltr'>ὲκκλησιαστικῆς,</span> <span class='ocrx_word' id='word_1_678' title='bbox 3247 5067 3341 5118; x_wconf 73' lang='grc' dir='ltr'>κκὶ</span> <span class='ocrx_word' id='word_1_679' title='bbox 3369 5067 3440 5120; x_wconf 80' lang='grc' dir='ltr'><strong>τὰ</strong></span> <span class='ocrx_word' id='word_1_680' title='bbox 3475 5069 3667 5140; x_wconf 84' lang='grc' dir='ltr'>πρώην</span> <span class='ocrx_word' id='word_1_681' title='bbox 3702 5070 3819 5119; x_wconf 83' lang='grc' dir='ltr'>ἅνα-</span> 
     </span>
    </p>
   </div>
   <div class='ocr_carea' id='block_1_107' title="bbox 2252 5141 3818 5228">
    <p class='ocr_par' dir='ltr' id='par_1_107' title="bbox 2252 5141 3818 5228">
     <span class='ocr_line' id='line_1_108' title="bbox 2252 5141 3818 5228; baseline 0.011 -37"><span class='ocrx_word' id='word_1_682' title='bbox 2252 5141 2487 5206; x_wconf 77' lang='grc' dir='ltr'>νεοῦται,</span> <span class='ocrx_word' id='word_1_683' title='bbox 2531 5147 2624 5198; x_wconf 85' lang='grc' dir='ltr'><strong>καί</strong></span> <span class='ocrx_word' id='word_1_684' title='bbox 2655 5165 2809 5216; x_wconf 75' lang='grc' dir='ltr'>φησι,</span> <span class='ocrx_word' id='word_1_685' title='bbox 2872 5152 2963 5204; x_wconf 74' lang='grc' dir='ltr'>τὸν</span> <span class='ocrx_word' id='word_1_686' title='bbox 2995 5155 3622 5222; x_wconf 82' lang='grc' dir='ltr'>Κωνσταντινουπόλεως</span> <span class='ocrx_word' id='word_1_687' title='bbox 3683 5159 3818 5228; x_wconf 73' lang='grc' dir='ltr'>ἔχειν</span> 
     </span>
    </p>
   </div>
   <div class='ocr_carea' id='block_1_108' title="bbox 2247 5231 3814 5318">
    <p class='ocr_par' dir='ltr' id='par_1_108' title="bbox 2247 5231 3814 5318">
     <span class='ocr_line' id='line_1_109' title="bbox 2247 5231 3814 5318; baseline 0.027 -37"><span class='ocrx_word' id='word_1_688' title='bbox 2247 5231 2355 5284; x_wconf 77' lang='grc' dir='ltr'>τῶν</span> <span class='ocrx_word' id='word_1_689' title='bbox 2387 5234 2561 5289; x_wconf 81' lang='grc' dir='ltr'>ἄλλων</span> <span class='ocrx_word' id='word_1_690' title='bbox 2589 5239 2686 5308; x_wconf 77' lang='grc' dir='ltr'>τὴν</span> <span class='ocrx_word' id='word_1_691' title='bbox 2709 5242 3021 5313; x_wconf 84' lang='grc' dir='ltr'>προεδρίαν.</span> <span class='ocrx_word' id='word_1_692' title='bbox 3055 5245 3117 5297; x_wconf 84' lang='grc' dir='ltr'><strong><em>Ἠ</em></strong></span> <span class='ocrx_word' id='word_1_693' title='bbox 3150 5247 3206 5300; x_wconf 80' lang='grc' dir='ltr'>δὲ</span> <span class='ocrx_word' id='word_1_694' title='bbox 3236 5249 3310 5301; x_wconf 82' lang='grc' dir='ltr'>λε’</span> <span class='ocrx_word' id='word_1_695' title='bbox 3360 5251 3497 5305; x_wconf 75' lang='grc' dir='ltr'>διάτ.</span> <span class='ocrx_word' id='word_1_696' title='bbox 3527 5252 3618 5305; x_wconf 80' lang='grc' dir='ltr'>τοῦ</span> <span class='ocrx_word' id='word_1_697' title='bbox 3647 5250 3691 5318; x_wconf 84' lang='grc' dir='ltr'>γ’</span> <span class='ocrx_word' id='word_1_698' title='bbox 3718 5249 3814 5301; x_wconf 78' lang='grc' dir='ltr'>τίτ·</span> 
     </span>
    </p>
   </div>
   <div class='ocr_carea' id='block_1_109' title="bbox 2248 5325 3813 5411">
    <p class='ocr_par' dir='ltr' id='par_1_109' title="bbox 2248 5325 3813 5411">
     <span class='ocr_line' id='line_1_110' title="bbox 2248 5325 3813 5411; baseline 0.013 -38"><span class='ocrx_word' id='word_1_699' title='bbox 2248 5325 2340 5375; x_wconf 78' lang='grc' dir='ltr'>τοῦ</span> <span class='ocrx_word' id='word_1_700' title='bbox 2364 5333 2412 5378; x_wconf 84' lang='grc' dir='ltr'>α’</span> <span class='ocrx_word' id='word_1_701' title='bbox 2445 5329 2589 5398; x_wconf 79' lang='grc' dir='ltr'>βιϐλ.</span> <span class='ocrx_word' id='word_1_702' title='bbox 2620 5331 2789 5401; x_wconf 79' lang='grc' dir='ltr'>λέγει,</span> <span class='ocrx_word' id='word_1_703' title='bbox 2818 5337 2899 5388; x_wconf 74' lang='grc' dir='ltr'>ὅτι</span> <span class='ocrx_word' id='word_1_704' title='bbox 2935 5336 3171 5411; x_wconf 82' lang='grc' dir='ltr'>Ἐκάστη</span> <span class='ocrx_word' id='word_1_705' title='bbox 3203 5341 3356 5408; x_wconf 86' lang='grc' dir='ltr'>πόλις</span> <span class='ocrx_word' id='word_1_706' title='bbox 3388 5345 3813 5398; x_wconf 78' lang='grc' dir='ltr'>ἴδιονέπίσκοπον</span> 
     </span>
    </p>
   </div>
   <div class='ocr_carea' id='block_1_110' title="bbox 3585 5523 3812 5578">
    <p class='ocr_par' dir='ltr' id='par_1_110' title="bbox 3585 5523 3812 5578">
     <span class='ocr_line' id='line_1_111' title="bbox 3585 5523 3812 5578; baseline -0.026 0"><span class='ocrx_word' id='word_1_707' title='bbox 3585 5525 3628 5558; x_wconf 80' lang='grc'><strong>⁷³</strong></span> <span class='ocrx_word' id='word_1_708' title='bbox 3654 5523 3812 5578; x_wconf 82' lang='lat' dir='ltr'><strong>Coac.</strong></span> 
     </span>
    </p>
   </div>
   <div class='ocr_carea' id='block_1_111' title="bbox 2315 5737 3051 5807">
    <p class='ocr_par' dir='ltr' id='par_1_111' title="bbox 2315 5737 3051 5807">
     <span class='ocr_line' id='line_1_112' title="bbox 2315 5737 3051 5807; baseline 0.029 -23"><span class='ocrx_word' id='word_1_709' title='bbox 2315 5737 2426 5807; x_wconf 70' lang='lat'><strong>(59)</strong></span> <span class='ocrx_word' id='word_1_710' title='bbox 2463 5738 2520 5793; x_wconf 83' lang='lat' dir='ltr'><strong>in</strong></span> <span class='ocrx_word' id='word_1_711' title='bbox 2563 5742 2685 5796; x_wconf 76' lang='lat' dir='ltr'><strong>villa</strong></span> <span class='ocrx_word' id='word_1_712' title='bbox 2717 5744 3051 5805; x_wconf 65' lang='lat' dir='ltr'><strong>suburbana.</strong></span> 
     </span>
    </p>
   </div>
  </div>
