4122 6426
265 361 369 423 657

1074 362 1477 424 SYNTAGMA
1517 360 1909 423 CANONUM.
1940 387 2000 396 -
2047 362 2195 422 TIT.
2241 362 2407 423 VIII.
2443 362 2604 421 CAP.
2638 361 2724 423 II.

3430 356 3535 417 658

263 473 461 542 ἐχέτω.
491 469 604 526 Καὶ
653 470 759 525 κᾶν
801 468 889 524 διὰ
918 469 1069 535 θείας
1098 474 1442 546 ἀντιγραφῆς
1471 474 1735 546 τολμήσοι
1764 491 1846 536 τις
1879 516 1887 532 ι

1964 471 2333 543 Unaquaeque,
2393 473 2591 543 inquit,
2626 472 2824 527 civitas
2885 470 3164 541 proprium
3219 471 3535 538 episcopum

262 562 568 632 ἀφελέσθαι
603 562 761 615 πόλιν
789 563 883 616 τοῦ
920 564 1053 617 ίδίου
1080 567 1403 631 ἐπισκόπου,
1435 567 1468 638 ἢ
1507 567 1608 635 τῆς
1635 584 1847 636 περιοισ-

265 655 430 706 κίδων
464 654 653 723 αὐτῆς,
701 654 735 723 ἦ
766 671 910 717 τινος
941 654 1104 709 ἄλλον
1136 657 1370 718 δικαίτυ,
1407 656 1710 726 γυμνοῦται
1740 658 1849 710 τῶν

263 748 435 798 ὄιτων
464 746 557 797 καὶ
605 746 918 815 ἀτιμοῦται.
966 747 1259 819 Ἐξῄρηται
1299 749 1354 802 δὲ
1384 751 1415 820 ἡ
1450 750 1492 801 Τ
1496 748 1675 819 ομέων
1707 749 1848 802 Σκυ-

272 836 393 898 θίας
424 836 578 899 πόλις
602 854 615 866 ·
647 837 675 887 ό
701 836 810 907 γὰρ
839 837 1139 903 ἐπίσκοπος
1163 840 1355 906 αὐτῆς,
1382 840 1476 892 καὶ
1506 838 1615 891 τῶν
1643 838 1849 892 λοιπῶν

268 931 521 996 προνοεῖ”
578 929 672 981 καὶ
733 930 768 1000 ἠ
844 932 1203 995 Λεοντόπολις
1269 933 1543 1002 Ἰσαυρίας
1600 933 1707 985 ὑπὸ
1760 932 1850 985 τὸν

272 1022 573 1075 ἐπίσκοπόν
604 1024 753 1075 ἐστιν
794 1022 1239 1096 Ἰσαυροπόλεως.
1268 1024 1469 1077 ’Ὀτιδέ
1490 1025 1585 1077 καὶ
1615 1025 1649 1095 ἡ
1696 1026 1852 1077 Κων-

270 1114 769 1177 σταντινουπόλεως
834 1114 949 1184 ἔχει
1000 1116 1070 1169 τὰ
1136 1116 1410 1186 προνόμια
1455 1118 1555 1186 τῆς
1619 1116 1853 1187 ἀρχαίας

281 1202 522 1271 Ῥώμης,
545 1204 760 1274 είρηται
789 1206 882 1256 καὶ
904 1204 1045 1274 βιδλ.
1073 1211 1142 1257 ια’
1161 1205 1253 1258 τοῦ
1277 1205 1433 1273 κώδ.,
1454 1209 1559 1261 τίτ.
1586 1213 1691 1271 καν,
1710 1208 1852 1261 διατ.

270 1300 318 1345 α’
354 1294 446 1346 καὶ
482 1294 638 1363 μόνη.
677 1294 745 1346 Ἦ
778 1294 835 1347 δὲ
863 1302 911 1347 α’
958 1294 1100 1349 διάτ.
1132 1295 1227 1349 τοῦ
1284 1298 1349 1361 ιζ’
1373 1298 1475 1352 τίτ.
1510 1298 1604 1351 τοῦ
1636 1305 1683 1351 α’
1708 1297 1852 1367 βιϐλ.

269 1383 364 1436 τοῦ
398 1382 555 1450 κώδ.,
595 1382 815 1455 Ῥώμην
841 1384 1014 1455 αὐτὴν
1053 1384 1417 1456 ὀνομάζεσθαι
1466 1386 1641 1455 λέγει.

341 1561 594 1614 ΚΕΦΑΛ.
630 1561 707 1614 B'.
735 1591 804 1601 —
829 1559 971 1629 Περὶ
1008 1561 1115 1615 τοῦ
1157 1562 1243 1633 μὴ
1273 1562 1352 1629 ὡς
1381 1564 1599 1631 ἔτυχεν
1628 1563 1858 1633 ἀποδη-

263 1650 405 1718 μεῖν
456 1652 795 1706 ἐπίσκοπον
848 1653 887 1722 ἢ
932 1654 1228 1721 κληρικὸν
1276 1655 1346 1709 ἐν
1387 1654 1561 1725 ἑτέρᾳ
1623 1655 1857 1727 διάγειν

271 1744 579 1811 παροικίᾳ.

638 1834 1025 1892 Ἀποστόλων
1052 1838 1253 1892 κανὼν
1299 1839 1379 1902 ιδ’,
1411 1838 1493 1896 ιε’.

351 1920 433 1977 ιδ’.
479 1900 807 1978 ’Ἑπίσκοπον
862 1928 937 1998 μὴ
1007 1930 1208 1995 ἐξεῖναι
1295 1900 1700 2000 καταλείψαντα
1752 1931 1853 2001 τὴν

273 2016 469 2069 ἑαυτοῦ
500 2019 819 2086 παροικίαν,
852 2020 1017 2091 ἐτέρᾳ
1049 2022 1344 2092 ἐπιπηδᾷν,
1392 2021 1495 2075 κᾶν
1529 2023 1633 2076 ὑπὸ
1672 2023 1855 2077 πλειό-

272 2124 378 2159 νων
432 2109 844 2180 ἀναγκάζηται·
903 2112 951 2164 εί
1010 2114 1084 2183 μή
1145 2131 1228 2177 τις
1278 2113 1499 2182 εὔλογος
1542 2116 1692 2169 αίτία
1725 2111 1782 2189 ᾗ,
1820 2120 1853 2185 ἡ

274 2198 433 2251 τοῦτο
484 2199 785 2273 βιαζομένῃ
822 2203 986 2257 αὐτὸν
1022 2208 1219 2269 ποιεῖν,
1247 2206 1321 2267 ὡς
1374 2205 1535 2259 πλέον
1571 2224 1625 2258 τι
1666 2208 1856 2278 κέρδος

270 2290 570 2359 δυναμένου
597 2293 764 2347 αὐτοῦ
794 2297 906 2358 τοῖς
933 2299 1113 2350 ἐκεῖσε
1138 2298 1280 2367 λόγῳ
1308 2297 1594 2361 εὐσεϐείας
1626 2301 1845 2368 συμϐα-

272 2380 495 2435 λέσθαι⁶
527 2384 621 2437 καὶ
650 2385 808 2438 τοῦτο
831 2386 888 2439 δὲ
938 2389 1041 2441 οὐκ
1069 2388 1163 2457 ἀφ’
1220 2389 1443 2452 ἐαυτοῦ,
1498 2389 1637 2443 ἀλλά
1667 2391 1848 2462 κρίσει

274 2473 489 2527 πολλῶν
529 2476 846 2530 ἐπισκόπων
876 2481 971 2533 καὶ
1010 2481 1353 2552 παρακλήσει
1380 2481 1639 2554 μεγίστῃ.

350 2573 434 2619 ιε’.
472 2565 543 2619 Εἴ
581 2585 668 2631 τις
722 2572 1114 2643 πρεσϐύτερος,
1166 2574 1197 2644 ἢ
1231 2574 1557 2644 διάκονος,ἢ
1596 2575 1731 2638 ὅλως
1763 2576 1857 2629 τοῦ

275 2657 584 2726 καταλόγου
642 2660 755 2714 τῶν
802 2662 1103 2734 κληρικῶν,
1142 2665 1444 2736 ἀπολείψας
1499 2668 1601 2740 τὴν
1661 2670 1856 2723 ἐαυτοῦ

262 2750 597 2817 -παροικίαν,
634 2752 713 2814 είς
748 2754 941 2823 ἑτέραν
970 2755 1216 2821 ἀπέλθοι,
1250 2758 1342 2811 καὶ
1370 2760 1652 2824 παντελῶς
1693 2778 1859 2830 μετα-

276 2837 411 2900 στάς
443 2838 706 2909 διατρίϐοι
744 2844 801 2895 ἐν
829 2843 964 2917 ἄλλῃ
1017 2846 1277 2918 παροικίᾳ
1312 2849 1461 2919 παρὰ
1504 2849 1731 2921 γνώμην
1762 2852 1858 2905 τοῦ

278 2928 413 2981 ἰδίου
441 2932 766 2998 ἐπισκόπου,
797 2934 990 2989 τοῦτον
1041 2938 1340 3008 κελεύομεν
1374 2940 1573 3010 μηκέτι
1610 2941 1855 3011 λειτουρ-

276 3022 398 3087 γεῖν
426 3036 441 3051 ο
475 3022 523 3073 εί
559 3022 795 3091 μάλιστα
849 3026 1336 3097 προσκαλουμένου
1389 3030 1553 3083 αὐτὸν
1581 3032 1676 3085 τοῦ
1733 3033 1857 3085 ἐπι·-

1878 1818 1929 1879 Β

1957 564 2171 619 habcto.
2222 564 2288 619 Et
2312 565 2358 621 si
2379 566 2505 634 quis
2527 566 2613 620 vel
2644 579 2741 634 per
2773 563 3017 617 divinum
3052 562 3375 630 rescriptum
3404 563 3539 616 civi-

1952 661 2115 708 tatem
2177 654 2463 727 [aliquam]
2498 665 2594 709 aut
2622 669 2724 710 suo
2764 654 3042 723 episcopo,
3099 660 3196 706 aut
3239 652 3537 713 territorio,

1956 756 2051 800 aut
2084 747 2193 800 alio
2211 747 2468 816 quopiam
2494 746 2619 815 jure
2649 746 2862 815 privare
2885 744 3087 799 audeat
3125 761 3139 797 :
3169 744 3391 798 exuitur
3442 742 3540 797 bo-

1954 838 2065 902 nis,
2102 846 2156 891 et
2190 838 2412 892 infamis
2452 840 2719 900 redditur,
2755 837 3040 904 Excipitur
3073 848 3258 890 autem
3290 833 3537 887 Tomen-

1956 924 2096 978 siutn
2130 923 2365 994 Scythia:
2395 926 2607 979 civitas.
2655 926 2806 980 illius
2854 925 2998 978 enim
3061 924 3353 992 epiSt:0pus
3416 922 3541 975 reli-

1956 1030 2189 1083 quarum
2211 1015 2376 1069 etiam
2407 1014 2734 1086 [civitatum]
2753 1030 2940 1069 curam
2970 1014 3128 1083 gerit.
3156 1011 3345 1085 [Tum]
3375 1012 3539 1065 etiam

1960 1104 2306 1176 Leontopolis
2336 1107 2510 1161 Isauri
2546 1108 2737 1161 subest
2783 1106 3040 1175 episcopo
3078 1105 3541 1174 IsaurOpolitano.

1958 1194 2113 1261 Quod
2129 1212 2291 1266 porro
2317 1197 2821 1267 Constantinopolis
2845 1198 3129 1267 privilegia
3142 1198 3340 1253 veteris
3358 1197 3545 1251 Roma:

1955 1288 2175 1353 habeat,
2209 1289 2409 1343 dicitur
2468 1289 2541 1343 lib
2587 1304 2626 1341 ιι
2674 1289 2799 1342 cod.
2832 1288 2915 1342 tit.
2966 1287 3060 1352 21,
3114 1298 3293 1344 const.
3350 1288 3543 1343 unica.

1957 1378 2148 1434 Const.
2186 1382 2370 1434 vero!
2432 1380 2513 1433 tit.
2555 1380 2644 1444 17,
2699 1381 2795 1433 lib.
2845 1396 2885 1445 ι,
2924 1380 3050 1437 cod.
3100 1381 3271 1450 ipsam
3329 1377 3543 1451 [etiam]

1962 1467 2193 1523 Romam
2224 1470 2494 1523 nominari
2523 1469 2677 1523 dicit.

2037 1560 2190 1615 CAP.
2218 1561 2448 1614 Il.—Ne
2478 1572 2664 1615 temere
2686 1561 2956 1630 episcopus
2988 1562 3365 1631 peregrinetur,
3384 1577 3545 1631 neque

1959 1652 2182 1708 clericus
2225 1652 2282 1706 in
2345 1653 2522 1707 aliena
2552 1653 2707 1722 degat
2742 1653 2999 1721 pa'wcia.

2312 1832 2685 1902 Apostolorum
2718 1850 2942 1889 canones
2980 1834 3067 1900 M,
3106 1833 3193 1888 15.

2030 1925 2116 1981 14.
2144 1925 2414 1996 Episcopo
2446 1926 2556 1997 (60)
2601 1944 2709 1984 non
2742 1930 2888 1995 licet,
2919 1944 3020 1985 sua
3061 1929 3248 1984 relicta
3270 1928 3548 1999 parochia,

1958 2016 2025 2071 ad
2073 2018 2236 2072 aliam
2292 2019 2584 2084 transilire,
2633 2020 2853 2075 etiamsi
2906 2036 2935 2074 a
2966 2020 3218 2091 pluribus
3261 2031 3534 2090 COgatttr:

1963 2109 2073 2165 nisi
2104 2109 2175 2164 sit
2219 2110 2402 2178 aliqua
2422 2126 2584 2165 causa
2622 2111 2819 2165 rationi
2844 2122 3235 2173 consentanea,
3268 2117 3391 2181 Quae
3419 2127 3545 2167 eum

1959 2212 2117 2270 cogat
2174 2202 2280 2257 hoc
2326 2200 2529 2264 facere,
2579 2210 2766 2271 utpote
2823 2202 2890 2256 ad
2955 2204 3134 2273 majus
3164 2204 3551 2268 lucrum,cum

1958 2295 2132 2365 possit
2160 2295 2275 2365 ipse
2313 2296 2403 2361 iis,
2444 2295 2537 2363 qui
2601 2294 2713 2350 illic
2758 2296 3038 2360 habitant,
3097 2296 3317 2364 pietatis
3380 2298 3552 2351 verbo

1962 2389 2269 2445 conferre:
2322 2388 2485 2456 idque
2510 2404 2619 2444 non
2663 2404 2731 2443 ex
2778 2404 2860 2453 se,
2923 2389 3019 2443 sed
3075 2388 3379 2443 multorum
3435 2389 3554 2460 epi-

1959 2495 2248 2548 sc0porum
2290 2480 2499 2549 judicio
2543 2489 2598 2535 et
2662 2480 2902 2535 maxima
2932 2482 3336 2536 exhortatione.

2031 2572 2118 2627 15.
2167 2570 2226 2626 Si
2294 2573 2417 2641 quis
2467 2572 2517 2603 "
2592 2573 2895 2642 presbyter,
2947 2574 3034 2627 vel
3115 2576 3425 2639 diaconus,
3472 2573 3558 2627 vel

1962 2666 2191 2720 omnino
2238 2679 2305 2719 ex
2352 2664 2680 2719 clericorum
2730 2665 2997 2735 catalogo,
3053 2666 3240 2719 relicta
3268 2679 3365 2719 sua
3393 2678 3557 2732 paro-

1962 2756 2110 2820 cbia,
2146 2756 2199 2809 in
2250 2755 2412 2809 aliam
2457 2755 2813 2821 abscesserit,
2844 2764 3049 2809 etcum
3102 2755 3318 2823 penitus
3373 2762 3555 2808 trans-

1960 2846 2118 2910 ierit,
2175 2855 2371 2915 prater
2449 2845 2537 2900 sui
2620 2845 2864 2915 episcopi
2920 2846 3247 2899 sententiam
3338 2845 3394 2898 in
3450 2845 3556 2897 alia

1963 2938 2220 3010 parochia
2261 2947 2498 3005 maneat,
2576 2951 2704 2992 eam
2748 2952 2858 2992 non
2910 2937 3169 3006 amplius,
3204 2936 3362 3007 193
3412 2936 3557 2991 cele—

1964 3036 2125 3088 brare
2182 3032 2462 3103 jubemus,
2511 3031 2750 3085 maxime
2780 3031 2851 3097 si,
2884 3045 3012 3085 eum
3066 3030 3393 3084 adhortante
3435 3031 3557 3098 epi-

276 3113 485 3167 σκόπου
535 3116 700 3168 αὑτοῦ
736 3117 1076 3184 ἐπανελθεῖν,
1114 3123 1215 3191 οὐχ
1267 3122 1580 3192 ὑπήκουσεν
1604 3163 1619 3189 ,
1661 3125 1861 3195 ἐπιμέ-

1966 3140 2134 3194 scopo
2178 3133 2238 3179 ut
2286 3124 2505 3189 rediret,
2535 3138 2644 3178 non
2692 3124 2959 3193 paruerit,
3010 3122 3065 3176 in
3120 3121 3469 3176 contumacia
3508 3132 3562 3174 ct

275 3220 386 3255 νων
438 3206 504 3275 τῇ
553 3204 771 3278 ἀταξίᾳ,
830 3206 906 3271 ὼς
955 3206 1141 3273 λαῖκὸς
1187 3210 1374 3279 μέντοι
1436 3211 1617 3266 ἐκεῖσε
1671 3230 1861 3268 κοινω-

273 3312 331 3348 νε
340 3293 460 3350 ίτω.

576 3390 848 3445 Συνόδου
889 3391 1180 3461 Ἀγκύρας
1217 3394 1418 3449 κανὼν
1448 3407 1547 3468 ιη’.

436 3479 505 3533 Εἴ
522 3497 666 3547 τινες
689 3483 979 3540 ἐπίσκοποι
1011 3485 1467 3556 κατασταθέντες,
1503 3504 1561 3544 κ.
1588 3505 1642 3545 τ.
1671 3491 1724 3545 λ.

455 3661 727 3715 Συνόδου
753 3663 1108 3732 Ἀντιοχείας
1137 3663 1338 3718 κανὼν
1362 3671 1434 3734 γ’,
1462 3664 1554 3735 ιγ’,
1581 3666 1687 3736 κβ’.

347 3753 419 3821 γ’.
456 3754 525 3807 Εἴ
558 3772 642 3818 τις
690 3754 1090 3824 πρεσϐύτερος,
1138 3756 1170 3827 ἢ
1204 3756 1474 3824 διάκονος,
1511 3759 1544 3828 ἢ
1595 3758 1732 3823 ὅλως
1759 3760 1869 3813 τῶν

273 3849 373 3901 τοῦ
410 3848 702 3917 ἱερατείου,
739 3847 1058 3902 καταλιπὼν
1098 3848 1196 3919 τὴν
1224 3848 1417 3902 ἑαυτοῦ
1447 3852 1741 3921 παροικίαν
1788 3855 1871 3918 είς

275 3942 475 4011 ἑτέραν
502 3941 757 4001 ἀπέλθοι.
783 3940 974 3993 ἔπειτα
998 3941 1279 4005 παντελῶς
1308 3946 1603 4013 μεταστὰς,
1642 3948 1722 4009 είς
1752 3946 1873 4001 ἐτέ-

281 4049 383 4103 ραν
410 4032 710 4102 παροικίαν
735 4031 1034 4102 διατρίϐειν
1067 4035 1324 4104 πειρᾶται
1356 4036 1451 4088 ἐπὶ
1481 4036 1662 4107 πολλῷ
1691 4039 1871 4110 χρόνῳ

281 4124 482 4194 μηκέτι
524 4122 883 4193 λειτουργεῖν,
942 4126 992 4177 εἰ
1028 4124 1261 4196 μάλιστα
1321 4124 1574 4181 καλοῦντι
1629 4128 1707 4200 τῷ
1756 4133 1873 4185 ἐπι-

278 4216 475 4283 σκόπῳ
522 4215 602 4285 τῷ
637 4216 775 4286 ίδίῳ,
807 4216 904 4270 καὶ
939 4218 1257 4273 ἐπανελθεῖν
1290 4221 1371 4282 είς
1423 4220 1525 4293 τὴν
1573 4225 1871 4294 παροικίαν

1968 3216 2260 3273 insolentia
2290 3231 2693 3287 perseverans:
2747 3215 2795 3271 is
2842 3224 3025 3269 tamen
3070 3222 3131 3267 ut
3182 3211 3355 3270 laicus
3411 3227 3562 3269 cant-

1966 3312 2228 3368 municet.

2342 3398 2569 3455 Concilii
2594 3397 2865 3467 Ancyrani
2905 3412 3073 3450 canon
3104 3398 3190 3451 18.

2041 3493 2098 3549 Si
2151 3493 2243 3563 qui
2300 3491 2587 3548 constituti
2632 3501 2761 3546 sunt
2802 3491 3069 3560 episcopi,
3095 3499 3225 3556 etc.,
3259 3499 3320 3545 ut
3363 3504 3552 3559 supra,

1967 3604 2090 3657 pag.
2121 3584 2248 3641 506.

2147 3679 2371 3735 Concitii
2399 3676 2764 3732 Antiochensis
2819 3691 3045 3730 canones
3071 3675 3125 3739 5,
3165 3676 3254 3741 15,
3286 3674 3381 3729 22.

2010 3814 2013 3817 ι
2047 3773 2101 3828 3.
2144 3773 2200 3828 Si
2232 3773 2355 3843 quis
2387 3771 2689 3841 presbyter,
2714 3768 2801 3824 vel
2835 3769 3126 3834 diaconus,
3154 3768 3238 3823 vel
3284 3768 3407 3837 quis
3440 3780 3563 3821 om-

1972 3867 2105 3922 nino
2129 3881 2194 3919 ex
2237 3863 2577 3920 sacerdotali‘
2599 3862 2793 3916 ordine
2824 3861 3016 3916 relicta
3056 3875 3154 3915 sua
3216 3856 3479 3928 parochia
3508 3857 3564 3909 in

1973 3959 2132 4014 aliam
2159 3958 2381 4022 abierit,
2429 3956 2625 4010 deinde
2653 3954 2881 4008 omnino
2921 3955 3312 4022 commigrans,
3358 3951 3414 4005 in
3458 3950 3567 4005 alia

1973 4046 2235 4119 parochia
2271 4046 2438 4114 longo
2490 4053 2600 4098 tem
2620 4058 2753 4112 pore
2790 4042 3003 4097 versari
3042 4050 3290 4105 conetur,
3337 4055 3408 4095 ne
3445 4055 3569 4094 ant-

1976 4139 2117 4208 plius
2139 4137 2400 4199 celebret,
2434 4134 2674 4187 maxime
2710 4131 2757 4186 si
2790 4132 3013 4201 pr0prio
3030 4130 3249 4184 vocanti
3302 4129 3568 4198 episcopo

1979 4242 2040 4287 ut
2085 4231 2139 4285 in
2196 4243 2354 4286 suam
2385 4226 2704 4296 parochiam
2749 4223 2955 4285 redeat,
2991 4221 3416 4292 exltortantique
3455 4235 3565 4274 non

277 4304 381 4374 τὴν
415 4302 611 4358 ἐαυτοῦ
673 4305 1055 4375 παραινοῦντι,
1121 4309 1197 4377 μὴ
1253 4309 1555 4364 ὑπακούοι·
1600 4312 1731 4367 είδέ
1778 4315 1876 4369 καὶ

1976 4332 2189 4395 pareat.
2233 4321 2291 4376 Si
2337 4331 2518 4375 autem
2574 4317 2628 4372 in
2675 4314 2966 4370 insolentia
3035 4311 3307 4384 (ἀταξίᾳ),
3375 4325 3567 4381 perse-

279 4398 536 4468 ἐπιμένοι
569 4398 635 4467 τῇ
689 4397 907 4470 ἀταξίᾳ,
941 4399 1223 4464 παντελῶς
1275 4401 1441 4456 αὑτὸν
1490 4403 1875 4475 καθαιρεῖσθαι

1979 4422 2156 4480 verat,
2211 4413 2258 4470 is
2310 4411 2539 4467 omnino
2585 4424 2617 4463 a
2667 4421 2826 4462 sacro
2870 4405 3178 4461 ministerio
3238 4404 3563 4473 deponatur.

279 4488 386 4557 τῆς
423 4488 806 4559 λειτουργίας,
842 4491 919 4555 ὡς
954 4490 1154 4563 μηκέτι
1184 4489 1370 4563 χώραν
1402 4492 1563 4563 ἔχειν,
1590 4495 1873 4552 ἀποκατα-

1982 4507 2040 4562 Si
2071 4517 2254 4562 autem
2286 4519 2437 4567 eum,
2463 4501 2556 4571 qui
2587 4507 2809 4570 propter
2843 4498 2984 4551 hanc
3022 4509 3248 4552 causam
3281 4495 3567 4564 depositus

284 4580 533 4642 στάσεως
552 4596 568 4611 ο
598 4581 647 4632 εί
670 4580 728 4632 δὲ
758 4579 1165 4652 καθαιρεθέντα
1196 4582 1286 4635 διὰ
1317 4582 1525 4655 ταύτην
1563 4585 1667 4657 τὴν
1692 4590 1871 4643 αἰτίαν

1978 4607 2084 4666 est,
2127 4599 2267 4653 alius
2300 4595 2595 4666 episcopus
2619 4591 2908 4660 receperit,
2957 4588 3048 4644 ille
3093 4603 3313 4658 quoque
3338 4602 3371 4641 a
3413 4600 3568 4640 com-

283 4668 493 4739 δέχοιτο
523 4669 710 4739 ἕτερος
763 4671 1083 4736 ἐπίσκοπος,
1126 4674 1385 4726 κάκεῖνον
1410 4675 1697 4745 ἐπιτιμίας
1734 4695 1871 4748 τυγ-

284 4758 474 4831 χάνειν
522 4760 628 4813 ὑπὸ
678 4762 863 4832 κοινῆς
917 4763 1160 4827 συνόδου,
1212 4764 1290 4827 ὡς
1339 4762 1691 4834 παραλύοντα
1746 4768 1873 4833 τοὺς

286 4851 523 4921 θεσμοὺς
554 4853 680 4915 τοὺς
710 4853 1203 4923 ἐκκλησιαστικούς

359 4942 428 5010 ιγ’
437 4983 450 4996 .
478 4943 700 5010 Μηδένα
729 4943 1025 4998 ἐπίσκοπον
1052 4945 1281 5017 τολμᾷν,
1312 4963 1368 5001 κ.
1398 4963 1449 5001 τ.
1478 4947 1524 5001 λ.

360 5036 466 5105 κβ’.
520 5037 850 5091 Ἐπίσκοπον
911 5040 988 5109 μὴ
1036 5039 1341 5094 ἐπιϐαίνειν
1398 5040 1657 5112 ἀλλοτρίᾳ
1682 5042 1873 5111 πόλει,

290 5143 342 5179 κ.
380 5144 431 5179 τ.
464 5128 516 5183 λ.

510 5220 783 5274 Συνόδου
813 5221 1167 5288 Λαοδικείας
1206 5221 1407 5277 κανὼν
1434 5228 1548 5293 μα’,
1583 5224 1691 5294 μβ’.

366 5305 482 5378 μα’.
515 5311 721 5364 Ὅτιοὺ
743 5311 825 5364 δεῖ
854 5313 1125 5384 ἱερατικὸν
1155 5314 1191 5384 ἢ
1237 5314 1518 5385 κληρικὸν,
1546 5314 1676 5369 ἀνευ
1720 5333 1880 5371 κανο-

295 5402 465 5455 νικῶν
502 5404 852 5474 γραμμάτων
884 5405 1115 5461 ὁδεύειν.

1980 4690 2134 4743 muni
2183 4687 2393 4758 synodo
2437 4684 2719 4757 puniatur,
2756 4682 2939 4752 utqui
2991 4681 3131 4737 ritus
3163 4678 3568 4736 ecclesiasticos

1976 4781 2265 4838 dissolvat.

2057 4955 2143 5009 15.
2176 4951 2369 5008 Nullus
2390 4951 2678 5021 episcopus
2702 4951 2921 5015 audeat,
2955 4958 3059 5004 etc.
3097 4956 3153 5000 ut
3176 4963 3297 5016 pag.
3329 4945 3457 5001 A75.

2037 5044 2131 5100 εε.
2187 5043 2494 5115 Episcopus
2567 5043 2623 5097 in
2684 5043 2918 5099 alienam
2981 5039 3282 5102 civitatem,
3349 5049 3455 5093 etc.
3507 5046 3568 5090 ut

1970 5151 2093 5207 pag.
2122 5134 2251 5189 478.

2136 5226 2297 5299 194
2342 5226 2571 5281 Concilii
2600 5225 2885 5281 Laodiceni
2912 5241 3138 5279 canones
3183 5223 3275 5286 «Η,
3302 5222 3393 5276 42.

2046 5321 2137 5375 61.
2180 5321 2338 5387 Quod
2382 5336 2491 5374 non
2532 5328 2747 5389 oportet
2775 5334 2901 5373 eum
2936 5319 3029 5387 qui
3081 5327 3163 5371 est
3196 5323 3447 5369 sacratus
3479 5312 3562 5364 vel

1980 5410 2218 5467 clericus
2246 5410 2367 5465 sine
2392 5409 2676 5465 canonicis
2704 5409 2899 5463 litteris
2931 5409 3033 5461 iter
3060 5404 3292 5473 ingredi.

369 5554 418 5588 "
442 5555 562 5613 Nic.
599 5566 725 5616 can.
753 5559 841 5627 16,
873 5559 1130 5615 Antioch.
1176 5575 1300 5620 can.
1351 5560 1481 5616 5.-
1508 5560 1646 5620 Vide
1696 5560 1792 5616 lib.
1824 5560 1882 5626 ὅ,
1920 5564 1997 5619 De
2029 5564 2139 5617 vita
2186 5563 2546 5629 Constantini,
2598 5576 2718 5631 cap.
2776 5557 2864 5627 6|,
2910 5558 3044 5615 edit.
3082 5554 3405 5611 Valesiante.

375 5684 1177 5798 (69)(ἐξιθηὲυνβοηειξιηιίηξ,
1239 5719 1403 5788 cpist-
1469 5719 1524 5785 2,
1563 5720 1643 5798 39
1701 5722 1928 5781 Euseb.
1972 5735 2025 5784 ct
2098 5725 2357 5785 Antioch.
2418 5726 2707 5798 episcopos
2790 5723 3029 5794 scriptae.
3106 5718 3337 5776 Exstant
3414 5702 3575 5785 apud

298 5781 504 5840 Euseb.
533 5785 609 5843 De
648 5787 756 5845 vita
793 5788 1067 5846 Constant.
1125 5792 1218 5848 lib.
1275 5781 1369 5858 'ttt,
1411 5781 1531 5861 cap.
1559 5789 1650 5847 57.
