4122 6440
618 359 720 420 (2.39

1767 365 2029 426 PHOTII
2072 365 2572 428 ΡΛΤΙΠΑΒΟΠΕ
2616 370 2725 430 CP.

3754 363 3850 427 6οθ

685 468 775 522 49.
816 470 970 535 Quod
1008 486 1114 524 non
1158 482 1371 540 oportet
1406 489 1500 529 eos
1547 476 1635 544 qui
1684 486 1811 528 sunt
1862 479 2059 530 sacrati
2111 479 2190 529 vel

2371 478 2479 547 μβ’.
2513 480 2634 531 Ὅτι
2664 480 2725 531 οὐ
2755 478 2835 531 δεῖ
2860 479 3129 549 ἱερατικὸν
3156 478 3189 552 ἢ
3218 477 3497 550 κληρικδν,
3533 476 3660 531 ἄνευ
3687 479 3851 534 κελεύο

615 562 823 637 clerici,
846 566 965 621 sine
992 565 1152 635 jussu
1182 568 1423 637 episcOpi
1462 568 1564 622 iter
1597 568 1829 639 ingredi.

824 657 1048 712 Concilii
1087 658 1657 729 Constantinopolitani
1699 677 1868 715 canon
1895 662 1949 715 2.

686 749 740 803 2.
776 749 1029 820 Episcopi
1057 750 1125 804 ad
1153 749 1421 804 Ecclesias
1482 765 1603 819 quae
1662 762 1790 806 sunt
1843 753 1985 807 ultra
2037 767 2192 809 suam

613 842 916 905 dioecesim,
947 850 1077 904 etc.,
1100 849 1155 894 ut
1176 857 1335 909 supra
1362 858 1485 911 pag.
1522 842 1647 896 470.

803 930 1028 986 Concilii
1053 930 1485 987 Chalcedonensis
1520 948 1743 987 canones
1779 933 1864 999 1⁸5,
1894 933 1984 989 93.

688 1022 770 1076 15.
804 1020 1069 1077 Externos
1131 1022 1359 1077 clericos
1392 1024 1437 1056 ’⁵
1477 1031 1532 1077 et
1576 1025 1791 1093 ignotos
1822 1028 1875 1078 in
1922 1025 2027 1079 alia
2061 1025 2194 1081 civi-

615 1121 723 1166 tate
776 1113 895 1166 sine
954 1113 1155 1181 proprii
1188 1114 1426 1182 episcopi
1476 1115 1935 1171 eommendatitiis
1998 1116 2193 1171 litteris

613 1218 881 1272 nusquam
912 1206 1023 1258 ullo
1052 1206 1217 1259 modo
1246 1206 1579 1260 ministrare.

678 1294 769 1349 25.
833 1292 1087 1352 Pervenit
1170 1299 1237 1352 ad
1283 1312 1444 1352 aures
1504 1306 1740 1361 nostras,
1783 1296 1927 1366 quod
1974 1297 2028 1350 in
2068 1312 2193 1366 pro-

609 1386 828 1454 vinciis,
858 1388 1162 1443 canonibus
1194 1390 1502 1444 constituta:
1527 1393 1840 1457 episcopum
1864 1389 2056 1459 synodi
2083 1404 2190 1442 non

611 1477 763 1543 ﬁant,
828 1487 883 1531 et
903 1494 971 1532 ex
1000 1493 1064 1534 eo
1096 1479 1262 1532 multa
1294 1479 1665 1534 ecclesiastica
1700 1480 2043 1550 negligantur
2071 1496 2194 1549 quae

610 1568 950 1625 correctione
999 1570 1263 1640 indigent.
1328 1569 1533 1624 Statuit
1579 1586 1709 1640 ergo
1739 1580 1924 1625 sancta
1946 1573 2191 1641 synodus

610 1662 908 1716 secundum
940 1670 1255 1716 sanctorum
1309 1660 1531 1716 Patrum
1580 1677 1842 1726 canones,
1891 1672 1951 1717 ut
1996 1663 2080 1717 bis
2134 1664 2189 1718 in

608 1768 755 1807 anno
784 1754 1034 1808 eumdem
1069 1754 1125 1807 in
1152 1753 1337 1808 locum
1377 1755 1713 1809 conveniant
1744 1754 2184 1823 uniuscujusque

611 1846 905 1916 provinciae
958 1847 1220 1916 episcopi,
1274 1854 1333 1900 ut
1364 1846 1813 1916 metropolitanus
1841 1847 2035 1901 melius
2059 1862 2181 1901 esse

608 1940 965 2009 perspexerit,
1000 1946 1054 1992 et
1094 1938 1303 2008 singula
1357 1939 1688 2008 emergentia
1720 1939 1996 2009 corrigam
2027 1956 2040 1991 :
2072 1940 2181 2009 epi-

604 2031 755 2100 scopi
811 2040 1012 2097 autem,
1059 2032 1152 2100 qui
1224 2046 1330 2085 non
1394 2032 1748 2098 conveniunt,
1804 2032 1850 2086 si
1885 2032 1940 2085 in
1993 2032 2182 2087 eadem

605 2115 893 2189 metropoli
947 2128 1253 2185 versentur,
1314 2129 1483 2187 atque
1532 2120 1669 2175 adeo
1699 2122 1816 2174 sani
1852 2122 1964 2174 sint
2015 2130 2071 2176 et
2115 2122 2185 2175 ab

606 2211 754 2265 omni
776 2212 1132 2266 inexcusabili
1174 2220 1228 2265 et
1257 2212 1567 2267 necessario
1594 2213 1813 2281 negetio
1845 2213 2022 2281 liberi,
2076 2213 2187 2269 ira-

609 2310 766 2356 terne
794 2301 1284 2372 reprehendantur.

2297 586 2434 632 σεως
2475 570 2777 623 ἐπισκόπου
2808 571 3032 625 ὁδεύειν.

2436 661 2703 715 Συνόδου
2726 665 3411 730 Κωνστιιντινουπόλεως
3431 660 3633 716 κανὼν
3659 660 3722 731 β’.

2366 750 2432 820 β’.
2470 752 2607 815 Τοὺς
2654 753 2793 826 ὑπὲρ
2826 754 3088 825 διοίκησιν
3114 756 3464 819 ἐπισκόπους,
3499 772 3555 809 κ.
3585 770 3640 808 τ.
3672 752 3721 810 λ.

2486 948 2756 1002 Συνόδου
2788 951 3171 1017 Χαλκηδόνος
3203 952 3404 1005 κανὼν
3432 957 3523 1019 ιγ’,
3552 956 3659 1019 κγ’.

2365 1044 2453 1106 ιγ’.
2490 1040 2684 1103 Ξένους
2712 1040 3003 1110 κληρικους
3040 1043 3131 1095 καὶ
3160 1041 3529 1108 ἀναγνώστας,
3594 1042 3652 1093 ἐν
3680 1041 3830 1114 ἑτέρᾳ

2295 1127 2447 1180 πόλει
2478 1128 2599 1197 δίχα
2630 1130 2967 1181 συστατικῶν
3020 1131 3366 1199 γραμμάτων
3416 1132 3510 1182 τοῦ
3553 1126 3685 1184 ίόίου
3731 1131 3844 1185 ἐπιο

2295 1220 2521 1283 σκόπου,
2556 1222 2691 1290 μηδὲ
2729 1222 2864 1284 ὅλως
2903 1222 3153 1291 μηδαμοῦ
3184 1224 3541 1290 λειτουργεῖν.

2286 1342 2291 1345 »
2362 1308 2469 1377 κγ’.
2508 1305 2711 1362 ’Ἦλθεν
2767 1313 2847 1373 είς
2903 1312 3072 1374 ἀκοὰς
3125 1312 3221 1381 τῆς
3282 1314 3443 1379 ἁγίας
3504 1312 3740 1380 συνόδου,
3784 1313 3853 1378 ὡς

2293 1400 2541 1469 κληρικοί
2564 1419 2706 1460 τινες
2749 1404 2843 1455 καὶ
2872 1403 3216 1471 μονάζοντες,
3249 1403 3415 1473 μηδὲν
3441 1404 3847 1475 ἐγκεχειρισμέ-

2292 1508 2374 1542 νοι
2404 1491 2507 1543 ὑπὸ
2527 1490 2623 1545 τοῦ
2646 1492 2772 1544 ίδίου
2808 1495 3123 1556 ἐπισκόπου,
3158 1495 3271 1547 ἐστι
3298 1494 3353 1547 δὲ
3378 1496 3467 1548 ὅτε
3499 1495 3594 1548 καὶ
3632 1496 3851 1551 ἀκοινώ-

2293 1598 2443 1651 νητοι
2473 1581 2754 1651 γενόμενοι
2788 1584 2917 1654 παρ’
2969 1584 3159 1648 αὐτοῦ,
3214 1584 3729 1655 καταλαμϐάνοντες
3762 1586 3854 1657 τὴν

2295 1672 2687 1742 βασιλεύουσαν
2760 1675 3365 1740 Κωνσταντινούπολιν,
3427 1676 3519 1729 ἐπὶ
3581 1676 3748 1729 πολὺν
3802 1677 3856 1730 ἐν

2295 1764 2432 1834 αὐτῇ
2474 1763 2829 1834 διατρίϐουσι,
2886 1766 3133 1835 ταραχὰς
3169 1766 3532 1835 ἐμποιοῦντες
3562 1767 3661 1820 καὶ
3705 1765 3854 1837 θορυ-

2292 1855 2514 1917 ϐοῦντες
2559 1856 2656 1921 τὴν
2700 1856 3160 1927 ἐκκλησιαστικὴν
3213 1856 3571 1921 κατάστασιν,
3633 1858 3857 1926 ἀνατρέ-

2288 1945 2448 1996 πουσί
2484 1960 2544 1996 τε
2574 1944 2754 2007 οἴκους
2776 1946 2939 1998 τινῶν
2960 1963 2973 1977 ·
3004 1945 3169 2016 ὥρισε
3194 1948 3371 2000 τοίνυν
3397 1950 3430 2017 ἡ
3455 1949 3587 2015 ἁγία
3622 1948 3851 2008 σύνοδος.

2286 2036 2413 2096 τοὺς
2454 2034 2726 2097 τοιούτους
2776 2036 3300 2105 ὑπομιμνήσκεσθαι
3355 2038 3454 2107 μὲν
3490 2037 3753 2108 πρότερον
3779 2038 3860 2091 διὰ

2286 2124 2380 2177 τοῦ
2415 2124 2632 2178 ἐκδίκου
2679 2125 2780 2194 τῆς
2824 2126 2967 2179 κατά
2997 2128 3582 2181 Κωνσταντινούπολιν
3631 2130 3857 2196 ἀγιωτά-

2284 2232 2385 2286 της
2436 2216 2788 2287 Ἐκκλησίας,
2827 2219 2919 2270 ἐπ)¹
2953 2217 3030 2287 τῷ
3059 2218 3298 2283 ἐξελθεῖν
3327 2220 3429 2289 τῆς
3480 2220 3860 2291 βασιλευούσης

2288 2307 2517 2371 πόλεως.
2583 2309 2646 2361 El
2706 2310 2765 2363 δὲ
2818 2312 2931 2374 τοῖς
2973 2311 3160 2374 αὐτοῖς
3212 2312 3537 2382 πράγμασιν
3560 2313 3860 2383 ἐπιμένοιεν

606 2389 1109 2462 ἀναισχυντοῦντες,
1142 2393 1237 2445 καὶ
1268 2392 1500 2454 ἄκοντας
1533 2390 1729 2455 αὐτοὺς
1758 2390 1845 2446 διὰ
1871 2393 1965 2447 τοῦ
1995 2394 2160 2449 αὐτοῦ
2202 2396 2420 2451 ἐκδίκου
2487 2398 2870 2457 ἐκϐάλλεσθαι.
2904 2401 2997 2455 καὶ
3026 2404 3185 2469 ,τοὺς
3218 2404 3382 2467 ἰδίους
3433 2403 3861 2473 καταλαμϐάνειν

606 2484 827 2544 τόπους.

737 2571 967 2627 ϐοησὶίῖῖ
997 2571 1331 2627 Sardicensis
1358 2589 1580 2627 canones
1614 2572 1669 2638 5,
1704 2572 1790 2640 11,
1824 2573 1914 2638 12,
1949 2572 2038 2627 16.

676 2662 732 2717 3.
772 2660 937 2719 Osius
979 2663 1270 2733 episcopus
1313 2663 1448 2717 dixit
1473 2680 1487 2715 :
1516 2661 1630 2717 Hoc
1675 2678 1891 2733 quoque
1920 2678 2176 2719 necessao

602 2758 690 2812 rio
711 2766 796 2814 est
819 2756 1204 2825 adjiciendum,
1229 2764 1336 2812 etc.
1373 2764 1430 2811 ut
1463 2774 1624 2823 supra
1646 2774 1768 2828 pag.
1806 2759 1932 2813 471.

679 2848 767 2902 11.
805 2847 1315 2918 Ηοεὶυιιερίεοορυε
1349 2847 1528 2903 dixit':
1560 2847 1675 2903 Hoc
1705 2864 1925 2921 quoque
1963 2849 2194 2909 deﬁnire

607 2940 892 3005 debemus,
914 2949 1044 3005 etc.,
1071 2950 1130 2995 ut
1156 2957 1316 3012 supra
1340 2958 1463 3012 pag.
1491 2940 1618 2998 606.

678 3032 969 3090 l‘2.llosius
990 3035 1276 3103 episcOpus
1290 3034 1423 3089 dixit
1438 3052 1452 3088 :
1466 3036 1602 3101 Quia
1626 3035 1758 3091 nihil
1774 3046 1857 3091 est
1876 3035 2200 3105 praetermit-

2424 2576 2693 2631 Συνόδου
2712 2576 3009 2645 Σαρδικῆς
3037 2578 3239 2634 κανὼν
3263 2586 3335 2649 γ’,
3366 2579 3458 2645 ια’,
3496 2580 3585 2651 ιβ’,
3617 2589 3725 2646 ις’.

2355 2668 2428 2738 γ’.
2463 2669 2650 2732 Ὀσιος
2682 2670 2980 2735 ἐπίσκοπος
3008 2669 3196 2726 εἶπεν·
3240 2673 3563 2743 Ἀναγκαῖον
3589 2677 3683 2728 καὶ
3716 2675 3864 2730 τοῦτο

2286 2761 2675 2832 προστεθῆναι,
2700 2780 2756 2817 κ.
2785 2780 2838 2817 τ.
2873 2762 2925 2817 λ.

2288 2893 2293 2897 .
2362 2858 2447 2908 ια’.
2483 2852 2669 2916 Ὀσιος
2709 2853 3003 2918 ἐπίσκοπος
3037 2850 3181 2907 εἷπε·
3232 2854 3342 2908 Καὶ
3394 2852 3554 2908 τοῦτο
3583 2854 3642 2909 δὲ
3688 2855 3861 2927 ὁρίσαι

2291 2936 2615 3008 όφείλομεν,ζ
2635 2938 2723 2993 ἴνα
2745 2941 2775 2993 ό
2806 2941 3123 3009 ἐπίσκοπος,
3156 2959 3213 2998 κ.
3247 2960 3300 2999 τ.
3320 2941 3372 2998 λ.

2366 3029 2456 3101 ιβ’.
2512 3032 2697 3096 Ὀσιος
2750 3033 3049 3096 ἐπίσκοπος
3107 3028 3280 3087 εἷπενο
3323 3034 3544 3105 Ἐπειδὴ
3574 3034 3729 3089 οὐδέν
3755 3034 3865 3088 ἐστι

611 3129 856 3193 tendum,
883 3128 1161 3198 1951100
1182 3144 1397 3198 quoque
1413 3130 1722 3183 detiniatur.
1748 3128 1977 3193 Quidam
1992 3125 2190 3183 fratres

2294 3124 2697 3195 παραλειπτέον
2715 3139 2733 3155 ο
2763 3124 3035 3178 καὶτοῦτο
3059 3125 3355 3196 ὀρισθήτω*
3391 3125 3549 3190 Τινὲς
3576 3126 3690 3179 τῶν
3722 3126 3865 3179 ἀδελ-

608 3221 976 3290 etcoepisenpi
1004 3221 1058 3274 in
1076 3220 1405 3287 civitatibus,
1443 3221 1496 3275 in
1523 3221 1720 3291 quibus
1732 3221 1964 3291 episcopi
1986 3220 2194 3276 consti-

611 3320 864 3376 tuuntur,
880 3312 1135 3366 videntur
1154 3311 1310 3364 valde
1335 3325 1526 3380 pauca,
1546 3326 1670 3381 quae
1691 3310 1794 3365 sibi
1819 3311 1931 3366 sint
1954 3310 2194 3380 propria,

611 3404 917 3474 possidere;
950 3404 1004 3457 in
1035 3403 1157 3458 aliis
1172 3413 1355 3458 autem
1378 3404 1512 3464 locis
1541 3419 1767 3473 magnas
1789 3403 2191 3474 possessiones,

610 3510 677 3549 ex
708 3494 910 3565 quibus
938 3495 1107 3550 etiam
1152 3502 1387 3564 possunt
1428 3511 1584 3564 opem
1628 3495 1771 3551 ferre
1814 3496 2191 3565 pauperibus:

612 3588 683 3642 iis
724 3588 891 3657 igitur
930 3587 1004 3640 ita
1048 3601 1168 3641 esse
1216 3586 1628 3640 concedendum
1673 3586 1895 3656 judico,
1940 3595 2002 3641 ut
2046 3586 2094 3643 si
2137 3586 2193 3640 in

612 3693 742 3733 suas
791 3675 1172 3747 possessiOnes
1223 3679 1437 3732 venturi
1488 3686 1641 3743 sunt,
1701 3686 1756 3733 et
1803 3675 2013 3733 fructus
2064 3692 2194 3732 suos

613 3770 915 3836 collecturi,
946 3769 1123 3826 tribus
1154 3770 1348 3827 diebus
1382 3769 1703 3834 Dominicis,
1751 3770 1803 3824 id
1853 3780 1958 3835 est,
2009 3770 2192 3827 tribus

616 3862 935 3933 septimanis
981 3864 1035 3917 in
1100 3862 1217 3918 suis
1266 3862 1705 3932 possessionibus
1754 3861 1989 3931 degant;
2035 3870 2089 3917 et
2134 3862 2191 3917 in

614 3955 860 4009 Ecclesia
897 3969 1022 4025 quae
1066 3968 1235 4023 prope
1263 3961 1366 4017 est,
1394 3953 1448 4006 in
1478 3968 1584 4022 qua
1618 3952 1898 4024 presbyter
1932 3953 2190 4023 populum

614 4054 930 4117 congregat,
961 4060 1031 4100 ne
1057 4045 1497 4116 congregationis
1522 4059 1721 4114 expers
1742 4060 1879 4100 esse
1913 4046 2189 4113 videatur,

613 4138 923 4203 conveniat,
948 4146 1004 4192 et
1027 4136 1202 4191 cilicia
1231 4136 1415 4191 divina
1441 4138 1632 4201 obeat;
1665 4144 1718 4190 et
1742 4150 1809 4191 ne
1844 4136 2189 4205 frequentius

613 4232 669 4285 in
696 4229 933 4293 civitate,
964 4229 1017 4282 in
1064 4244 1173 4299 qua
1221 4238 1305 4282 est
1344 4229 1657 4298 episcopus,
1701 4229 1866 4285 absit.
1919 4228 1996 4283 Eo
2041 4231 2187 4285 enim

613 4321 777 4375 modo
812 4329 868 4375 et
911 4336 1000 4377 res
1046 4321 1167 4388 ejus
1214 4331 1433 4390 propter
1477 4320 1653 4390 ipsius
1699 4322 2002 4376 absentiam
2053 4322 2187 4376 nihil

614 4411 924 4466 detrimenti
970 4411 1266 4481 patientur,
1326 4419 1382 4465 et
1436 4412 1764 4483 arrogantiae
1812 4425 1875 4465 ac
1920 4411 2189 4479 superbiae

614 4506 822 4560 crimen
855 4503 1094 4574 ell‘ugere
1130 4502 1429 4557 videbitur.

689 4736 891 4792 Omnes
931 4737 1173 4806 episcopi
1212 4737 1473 4791 dixerunt
1510 4753 1523 4788 :
1575 4733 1760 4789 Placet
1801 4733 1916 4789 brcc
1972 4748 2192 4804 quoque

618 4830 957 4886 constitutio.

695 4921 781 4975 16.
826 4920 1017 4975 Aetius
1046 4920 1338 4990 cpiscopus
1368 4919 1506 4973 dixit
1536 4938 1549 4973 :
1585 4916 1701 4973 Non
1746 4920 2013 4991 ignoratis
2052 4938 2191 4992 qua-

622 5014 689 5068 lis
734 5024 1049 5081 quantaque
1136 5012 1207 5065 sit
1273 5009 1851 5067 Tbessalonicensium
1916 5022 2193 5081 metropo-

625 5107 711 5159 l‘.s.
753 5104 911 5174 Saepe
938 5104 1121 5172 itaque
1146 5104 1212 5156 ad
1243 5117 1361 5157 eain
1396 5119 1461 5156 ex
1492 5103 1784 5171 provinciis
1807 5105 2109 5176 presbyteri
2144 5114 2199 5160 et

622 5194 837 5247 diaconi
890 5194 1178 5257 accedunt,
1229 5201 1284 5247 ct
1343 5191 1523 5247 brevis
1573 5194 1837 5263 temporis
1882 5209 2032 5248 mora
2086 5210 2197 5249 non

587 5284 886 5363 “Contenti,
923 5294 1262 5353 permanent,
1294 5297 1345 5337 et
1375 5299 1537 5339 omne
1581 5293 1798 5354 tempus
1839 5285 1950 5339 illic
1974 5298 2199 5355 agentes

628 5377 971 5444 transigunt;
1024 5374 1105 5428 vel
1159 5376 1247 5427 vix
1297 5374 1512 5427 tandem
1553 5384 1675 5443 post
1725 5376 2017 5443 plurimum
2061 5388 2199 5432 tem-

626 5484 727 5534 pus
757 5469 807 5520 in
844 5483 972 5523 suas
1006 5468 1273 5523 Ecclesias
1311 5468 1506 5523 reverti
1540 5478 1832 5540 coguntur.
1862 5468 1934 5524 De
1972 5471 2037 5525 iis
2068 5487 2199 5544 ergo

624 5561 990 5617 deﬁniendum
1019 5571 1122 5616 est.

688 5759 742 5793 ’³
772 5762 905 5817 Dist.
938 5764 1018 5818 71.

2297 3214 2413 3283 φῶν
2442 3214 2541 3267 καὶ
2571 3214 2988 3269 συνεπισκόπων
3006 3255 3024 3281 ,
3052 3218 3111 3268 ἐν
3137 3218 3257 3279 ταῖς
3278 3216 3500 3269 πόλεσιν
3524 3218 3585 3270 ἐν
3625 3211 3716 3281 αῖς
3746 3217 3861 3270 ἐπί-

2298 3320 2490 3356 σκοποι
2546 3303 2936 3371 καθίστανται,
2994 3304 3214 3359 δοκοῦσι
3285 3306 3589 3377 κεκτῆσθαι
3663 3308 3861 3380 σφόδρα

2295 3391 2453 3461 ὀλίγα
2488 3392 2801 3463 ὑπάρχοντα
2830 3392 2959 3457 ίδια,
2992 3393 3051 3448 ἐν
3098 3394 3304 3465 ἑτέροις
3334 3395 3390 3448 δέ
3435 3395 3625 3458 τόποις
3651 3398 3866 3469 κτήσεις

2298 3485 2561 3555 μεγάλας,
2590 3485 2651 3550 ἐξ
2664 3479 2739 3538 ὧν
2761 3486 2855 3540 καὶ
2870 3487 3181 3557 ἐπικουρεῖν
3201 3486 3414 3541 δυνατοί
3436 3490 3543 3541 εἰσι
3564 3491 3680 3552 τοῖς
3707 3488 3803 3542 πέν
3812 3505 3869 3558 η-

2297 3592 2382 3629 σιν
2401 3592 2416 3608 ⁶
2439 3575 2608 3639 οὕτως
2634 3577 2815 3641 αὐτοῖς
2840 3577 3217 3648 συγχωρητέον
3237 3572 3398 3643 εἶναι,
3432 3578 3519 3631 ἵνα
3541 3580 3592 3631 εἰ
3627 3578 3866 3650 μέλλοιεν

2294 3667 2375 3727 είς
2397 3664 2495 3728 τὰς
2524 3665 2733 3718 ἐαυτῶν
2762 3666 3163 3734 παραγίνεσθαι
3185 3667 3431 3737 κτήσεις,
3464 3668 3562 3721 καὶ
3610 3668 3712 3739 τὴν
3742 3685 3867 3737 συγ-

2293 3757 2520 3827 κομιδὴν
2579 3756 2688 3810 τῶν
2750 3756 2980 3829 καρπῶν
3018 3757 3327 3822 ποιεῖσθαι,
3385 3761 3536 3830 τρεῖς
3587 3758 3869 3830 Κυριακάς

2291 3850 2528 3921 ἡμέρας,
2585 3849 2830 3903 τουτέστι
2858 3852 3009 3919 τρεῖς
3056 3849 3380 3922 ἑϐδομάδας.
3412 3852 3472 3904 ἐν
3519 3854 3638 3916 τοῖς
3670 3851 3871 3906 ἐαυτῶν

2291 3941 2570 4011 κτήμασιν
2622 3941 2820 4004 αὐτοὺς
2876 3942 3106 4010 διάγειν,
3159 3942 3254 3995 καὶ
3304 3944 3363 3996 ἐν
3408 3945 3473 4014 τῇ
3506 3943 3872 4014 ἀγχιπεούσῃ

2308 4030 2630 4102 Ἐκκλησία,
2668 4032 2725 4084 ἐν
2828 4032 3197 4104 πρεσϐύτερος
3221 4032 3462 4101 συνάγοι,
3497 4034 3642 4104 ὑπὲρ
3678 4034 3773 4086 τοῦ
3800 4032 3869 4103 μὴ

2292 4125 2463 4193 χωρὶς
2496 4122 2869 4186 συνελεύσεως
2893 4123 3057 4176 αὐτὸν
3094 4123 3274 4177 δοκεῖν
3302 4118 3465 4188 εἶναι,
3516 4124 3873 4195 συνέρχεσθαι

2298 4214 2395 4267 καὶ
2434 4212 2772 4282 λειτουργεῖν
2791 4230 2804 4244 ·
2830 4215 2926 4269 καὶ
2964 4215 3037 4285 μὴ
3068 4215 3452 4285 συνεχέστερον
3478 4215 3561 4277 είς
3582 4215 3685 4285 τὴν
3720 4214 3871 4267 πόλιν

2290 4305 2349 4357 ἐν
2444 4306 2592 4357 ἐστιν
2621 4305 2917 4369 ἐπίσκοπος
2940 4304 3355 4376 παραγίγνοιτο.
3390 4304 3598 4359 Τοῦτον
3648 4305 3760 4375 γάρ
3785 4302 3873 4357 τὸν

2289 4396 2489 4465 τρόπον
2526 4396 2621 4448 καὶ
2641 4396 2710 4449 τά
2733 4397 2909 4449 οἰκεῖα
2940 4395 3104 4449 αὑτοῦ
3139 4397 3440 4467 πράγματα
3456 4396 3616 4466 παρὰ
3642 4396 3744 4465 τὴν
3771 4394 3867 4448 αὒ-

2212 4471 2266 4531 Ῑ)
2293 4486 2386 4541 τοῦ
2422 4488 2708 4553 ἀπουσίαν,
2747 4487 2868 4540 οὐδὲ
2909 4488 3038 4558 μίαν
3070 4489 3332 4557 ὑπομενεῖ
3384 4486 3615 4557 ζημίαν,
3662 4488 3761 4540 καὶ
3813 4483 3872 4536 τὸ

2296 4577 2394 4647 τῆς
2442 4576 2759 4642 ἀλαζονείας
2815 4578 2911 4631 καὶ
2962 4578 3057 4631 τοῦ
3112 4577 3285 4646 τύφου
3346 4577 3624 4631 ἐκκλίνειν
3675 4574 3874 4640 δόξειεν

2298 4668 2360 4737 ἐγ
2367 4668 2466 4737 κλη
2474 4686 2575 4738 μα.

2373 4761 2647 4825 Ἀπαντες
2677 4764 2724 4815 οἱ
2746 4762 3035 4816 ἐπίσκοποι
3068 4756 3242 4817 εἶποψ
3285 4761 3537 4833 Ἀρέσκει
3585 4760 3685 4814 καὶ
3735 4758 3869 4827 αῦτη

2297 4854 2330 4921 ἠ
2364 4852 2717 4916 διατύπωσις.

2368 4944 2465 5008 ις’.
2514 4946 2715 5008 ’Δέτιος
2753 4947 3047 5009 ἐπίσκοπος
3084 4941 3255 5000 εἷπεν’
3288 4944 3402 4998 Οὐκ
3442 4945 3695 5011 ἀγνοεῖτε
3722 4939 3874 4994 ὁποία

2297 5038 2393 5090 καὶ
2434 5036 2636 5108 πηλίκη
2687 5040 2945 5108 τυγχάνει
2978 5040 3011 5109 ἠ
3041 5039 3152 5092 τῶν
3198 5037 3644 5092 Θεσσαλονικέων
3675 5032 3873 5106 μητρό-

2298 5131 2476 5193 πολις.
2512 5131 2782 5195 Πολλάκις
2830 5132 3120 5203 τοιγαροῦν
3147 5134 3226 5195 εἰς
3252 5131 3456 5201 ταύτην
3514 5130 3627 5182 ἀπὸ
3677 5128 3874 5195 ἐτέρων

2299 5220 2579 5289 ἐπαρχιῶν
2609 5221 2969 5291 πρεσϐύτεροι
3019 5223 3114 5274 καὶ
3153 5221 3387 5275 διάκονοι
3440 5218 3871 5289 παραγίνονταιο

2302 5310 2396 5362 καὶ
2447 5311 2548 5363 οὐκ
2585 5312 2911 5380 ἀρκούμενοι
2944 5314 3174 5384 βραχείᾳ
3228 5313 3470 5379 διαγωγῇ
3533 5309 3754 5380 χρόνον,
3791 5307 3875 5356 ἑνε-

2306 5401 2657 5469 απομένουσι,
2689 5403 2783 5455 καὶ
2803 5404 3013 5457 ἅπαντα
3036 5406 3123 5457 τὸν
3153 5404 3340 5475 χρόνον
3373 5401 3564 5455 αὐτόθι
3599 5398 3875 5455 ποιοῦντες

2301 5491 2657 5555 διατελοῦσιν,
2699 5493 2731 5562 ἢ
2767 5494 2921 5564 μόλις
2951 5495 3090 5564 μετὰ
3145 5496 3396 5548 πλεῖστον
3428 5492 3625 5563 χρόνον
3674 5492 3755 5553 εἰς
3795 5486 3859 5539 τά

2304 5581 2515 5633 ἑαυτῶν
2563 5584 2845 5635 ἐπανιέναι
2890 5585 3215 5657 Ἑκκλησίας
3273 5584 3698 5654 ἀναγκάζονται.
3748 5572 3873 5645 Περὶ

2307 5673 2510 5725 τούτων
2535 5671 2625 5727 οῦν
2657 5676 2917 5745 ὁριστέον.
