4122 6432
267 323 368 390 661

346 442 622 503 ’Ἅπαντες
651 438 699 491 οῑ
735 437 1020 494 ἐπίσκοποι
1042 435 1213 494 εἶπον·
1257 442 1523 512 Ἀρέσκει.

343 533 530 596 Ὀσιος
558 532 851 596 ἐπίσκοπος
876 528 1028 586 εἶπεν
1048 548 1063 564 ο
1098 527 1257 588 Οὗτοι
1283 536 1330 585 oi
1361 534 1495 603 ὅροι,
1535 535 1587 587 οί
1622 534 1714 586 xui.
1743 535 1835 587 ἐπὶ

1112 326 1515 389 SYNTAGMA
1548 327 1933 389 CANONUM.
1965 348 2034 362 —
2070 329 2217 388 TIT.
2257 329 2421 389 VIII.
2449 330 2609 390 CAP.
2639 328 2724 391 II.

3402 328 3511 393 662

1871 450 1915 503 Α
2015 438 2218 495 Omnes
2248 441 2484 509 episcopi
2518 441 2769 493 dixerunt
2801 458 2812 493 :
2851 438 3049 494 Placet.

2008 524 2208 582 Hosius
2236 527 2524 596 episcopus
2543 526 2678 579 dixit
2720 544 2734 580 :
2759 524 2882 579 lltec
2908 525 3142 589 decreta,
3162 541 3281 595 qua:
3304 527 3371 581 de
3394 530 3479 597 epi

267 626 376 677 τῶν
404 625 717 677 ἐπισκόπων
758 625 1075 695 ὡρισμένοι,
1106 624 1562 693 φυλαττέσθωσαν
1601 625 1695 679 καὶ
1744 627 1837 678 ἐπὶ

1978 615 2120 683 copis
2165 617 2464 668 constituta
2513 617 2660 679 s'unt,
2711 623 3000 669 serventur
3046 614 3207 668 etiam
3258 615 3313 668 in
3359 614 3509 682 ejus-

268 719 477 769 τούτων
501 716 608 767 τῶν
631 715 958 785 προσώπων.

380 804 648 858 Συνὸδου
681 804 1099 871 Καρθαγέννης
1126 804 1327 857 κανὼν
1355 810 1459 870 κγ’,
1489 811 1586 867 οα’,
1607 806 1697 856 οδ¹.

346 897 527 948 Ὥστε
564 895 705 959 τοὺς
744 894 1117 961 ἐπισκόπους
1160 896 1352 965 πέραν
1400 896 1716 962 θαλάσσης
1754 897 1840 965 μὴ

273 985 627 1053 ἀποδημεῖν.

346 1077 452 1144 κγ’.
496 1077 723 1146 Ὁμοίως
746 1076 1029 1130 ἐπίσκοποι
1056 1078 1228 1148 πέραν
1250 1077 1522 1148 θαλάσσης
1542 1080 1614 1148 μὴ
1639 1078 1844 1145 ἀποδηι

282 1168 573 1237 μείτωσαν,
606 1168 654 1218 εί
683 1166 757 1235 μὴ
786 1167 929 1235 μετὰ
961 1166 1310 1236 ψηφίσματος
1338 1168 1435 1232 τῆς
1460 1166 1681 1237 πρώτης
1713 1169 1848 1221 καθ-

1945 705 2090 757 modi
2124 705 2391 772 personis.

2012 795 2172 865 196
2186 794 2407 849 Concilit'
2442 795 2871 864 Cartltaginensis
2906 811 3127 848 canones
3156 795 3257 879 23,
3280 796 3368 862 71,
3392 796 3478 853 74.

2018 885 2086 940 Ut
2119 888 2346 955 episcopi
2384 896 2529 939 trans
2558 901 2700 940 mare
2731 903 2835 940 non
2862 888 3291 956 proﬁciscantur.

2014 1062 2146 1116 Item
2191 1071 2249 1115 ut
2291 1062 2528 1131 episcopi
2562 1072 2710 1116 trans
2740 1078 2891 1117 mare
2932 1080 3037 1118 non
3074 1066 3508 1134 proﬁciscantur,

1946 1154 2050 1207 nisi
2081 1153 2328 1207 consulto
2352 1154 2539 1222 prima:
2579 1155 2724 1208 sedis
2775 1155 3031 1224 episcopo
3080 1174 3193 1212 sua:
3248 1159 3512 1227 cujusque

279 1258 437 1325 ἐδρας
484 1255 575 1321 τοῦ
606 1255 732 1308 ίδίου
776 1256 1012 1324 ἑκάστης
1031 1255 1212 1325 χώρας
1234 1257 1552 1321 ἐπισκόπου,
1576 1258 1851 1310 τουτέστιν
1947 1244 2238 1327 ΡΓονῘΙΨῘῖΕ
2289 1254 2345 1296 ιιι
2392 1243 2460 1296 3b
2492 1258 2557 1297 θο
2602 1247 2869 1313 ῐηἭοῘΡυθ
2924 1244 3135 1316 Ροδείηῑ
3179 1248 3301 1319 [ηιδ-
3340 1264 3367 1299 3
3403 1263 3512 1317 quo

287 1352 335 1401 εἰ
370 1348 443 1417 μὴ
478 1348 573 1399 ἀπ’
628 1347 792 1400 αὑτοῦ
841 1348 1214 1417 πρωτεύοντος
1249 1348 1369 1401 κατ’
1398 1350 1675 1417 ἐξαίρετον
1712 1349 1851 1420 λάϐῃ

1978 1332 2177 1405 μοδεὶιιι]
2208 1349 2421 1389 sumere
2451 1336 2738 1390 fortnatam
2759 1339 2843 1392 vel
2861 1341 3405 1394 commendationem.

282 1437 383 1504 τὴν
445 1436 565 1505 ἦτις
621 1435 834 1503 λέγεται
866 1436 1181 1506 ,ἀπολυτικὴ
1252 1436 1639 1508 τετυπωμένην
1669 1476 1687 1500 ,
1736 1438 1851 1507 ἦτοι

286 1527 608 1597 παράθεσιν.

356 1620 494 1688 Περὶ
530 1618 650 1673 τῶν
682 1620 824 1697 τοὺς
867 1620 1055 1687 ίδίους
1084 1619 1275 1685 λαοὺς
1306 1619 1853 1705 ἐγκαταλιμπανόν-

284 1728 423 1766 τουπ

2024 1631 2100 1687 De
2128 1634 2233 1701 his,
2258 1650 2348 1705 qut
2382 1636 2551 1704 plebes
2579 1637 2822 1705 proprias
2861 1638 3245 1707 derelinquunt.

353 1808 454 1856 οα’.
503 1802 672 1855 Πάλιν
699 1802 894 1873 ἤρεσεν
922 1802 1061 1857 ὥστε
1096 1802 1287 1874 μηδενὶ
1316 1801 1512 1868 ἐξεῖναι
1542 1801 1845 1873 ὲπισκόπῳ,
1878 1803 1926 1865 Β

2027 1807 2114 1863 71.
2144 1805 2359 1867 Rursus
2404 1812 2625 1882 placuit,
2647 1822 2775 1882 etc.,
2817 1824 2873 1867 ut
2911 1831 3030 1885 pag.
3060 1814 3185 1870 655.

296 1911 351 1947 κ.
385 1912 435 1947 τ,
477 1894 530 1946 λ.

366 1986 506 2053 Περὶ
534 1984 639 2037 τοῦ
688 1984 771 2052 μὴ
802 1984 1068 2052 ὀφείλειν
1094 1984 1432 2037 ἐπίσκοπον
1484 1982 1859 2052 ἐπιξενούμε-

295 2090 424 2136 νον,
452 2073 793 2132 καθέζεσθαι
822 2074 891 2124 ἐν
911 2068 950 2144 ᾖ
987 2073 1243 2139 καθέδρᾳ
1272 2072 1671 2136 ἐπιξενοῦται.

363 2163 459 2217 οδ’.
499 2164 728 2231 Ὁμοίως
761 2163 1001 2232 ὡρίσθη,
1032 2162 1170 2215 ὥστε
1205 2163 1394 2233 μηδενὶ
1426 2163 1627 2229 ἐξεῖναι
1661 2163 1858 2235 μεσίτῃ

289 2254 388 2322 τὴν
454 2253 722 2324 καθέδραν
774 2255 1045 2323 κατέχειν,
1079 2249 1218 2325 ᾗτινι
1261 2253 1486 2323 μεσίτης
1529 2254 1728 2308 δίδοται
1776 2256 1865 2307 διὰ

301 2345 629 2414 οίασδήποτε
656 2346 765 2399 τῶν
793 2346 937 2397 λαῶν
965 2346 1195 2415 σπουδῆς
1238 2346 1270 2417 ἢ
1330 2346 1693 2415 διχοστασίας,
1729 2346 1865 2398 ἀλλὰ

297 2436 619 2499 σπουδάζειν
647 2436 793 2498 ἐντὸς
830 2435 1100 2499 ἐνιαυτοῦ,
1129 2438 1242 2499 τοῖς
1292 2436 1475 2499 αὐτοῖς
1512 2438 1859 2507 προνοεῖσθαι

296 2526 626 2578 ἐπίσκοπον·
687 2526 736 2577 εί
778 2525 836 2577 δὲ
886 2526 1016 2597 περὶ
1062 2526 1218 2579 τοῦτο
1275 2528 1539 2596 ἁμελήσοι
1577 2527 1717 2597 μετὰ
1766 2528 1864 2598 τὴν

295 2616 600 2685 περαίωσιν
632 2616 726 2670 τοῦ
756 2616 1022 2679 ἐνιαυτοῦ,
1048 2616 1234 2688 ἕτερος
1261 2616 1791 2690 ψηφισθῇμεσίτης.

340 2704 608 2759 Συνόδου
630 2706 1043 2774 οἰκουμενικῆς
1065 2705 1243 2773 ἕκτης
1276 2705 1477 2763 κανὼν
1508 2707 1593 2769 ιζ’,
1621 2707 1710 2777 ιη’,
1737 2714 1803 2762 κ’.

368 2793 455 2859 ιζ’.
517 2796 843 2869 Ἐπειδήπερ
902 2798 1173 2869 διαφόρων
1218 2798 1551 2869 Ἐκκλησιῶν
1585 2799 1859 2869 κληρικοὶ,

299 2904 357 2943 κ.
378 2903 429 2940 τ.
458 2886 510 2942 λ.

371 2977 461 3049 ιη’.
490 2978 600 3042 Τὰς
621 2979 893 3050 προφάσει
931 2970 1271 3052 βαρϐαρικῆς
1294 2980 1616 3052 ἐπιδρομῆς,
1656 2997 1710 3035 κ.
1740 2996 1791 3035 τ.
1816 2980 1865 3035 λ.

372 3161 444 3208 κ’.
474 3154 565 3225 Μὴ
584 3155 785 3228 ὲξέστῳ
811 3156 1093 3227 ὲπισκὸπῳ
1119 3157 1198 3219 είς
1219 3157 1434 3227 ἑτέραν,
1469 3172 1523 3209 κ.
1547 3173 1597 3209 τ.
1628 3156 1680 3209 λ.

446 3266 713 3322 Συνόδου
744 3268 990 3331 Νικαίας
1019 3267 1087 3321 τὸ
1118 3267 1401 3336 δεύτερον
1433 3267 1637 3322 κανὼν
1674 3274 1728 3322 ι’.

378 3381 510 3433 Ὀτι
548 3381 619 3434 οὺ
658 3379 755 3433 δεῖ
773 3380 1099 3449 κληρικοὺς
1152 3380 1478 3435 ἀπολιπεῖν
1507 3379 1623 3448 τὴν
1646 3380 1879 3435 ἑαυτῶν

303 3472 644 3540 παροικίαν,
674 3471 775 3527 καί
812 3471 883 3526 ἐν
908 3470 1081 3542 ἑτέρᾳ
1129 3472 1453 3544 ἀφικέσθαι
1502 3473 1686 3546 χωρίς
1716 3472 1881 3543 σίδιὶ-

304 3578 465 3628 σεως
494 3563 599 3615 τοῦ
626 3562 987 3617 ἐπισκόπου.

389 3676 443 3725 ι’.
473 3670 690 3741 Ἐπειδὴ
714 3687 861 3735 τινες
885 3670 1002 3725 τῶν
1073 3670 1350 3743 κληρικῶν
1393 3671 1885 3745 παραλογιζόμενοι

308 3762 413 3833 τὴν
475 3762 768 3833 κανονικὴν
819 3761 1084 3828 διάταξιν,
1135 3762 1496 3827 ἀπολιπόντες
1542 3762 1645 3836 τὴν
1671 3754 1884 3818 ἑαυτῶν

310 3857 630 3927 παροικίαν,
658 3857 737 3921 είς
772 3858 965 3928 ἑτέραν
1004 3856 1299 3928 παροικίαν
1346 3857 1689 3929 ὲκτρέχουσι,
1742 3858 1887 3912 κατὰ

311 3950 567 4002 πλεῖστον
606 3948 665 4002 δὲ
715 3950 773 4002 ιν
819 3948 992 4018 ταύτῃ
1023 3951 1107 4020 ’τῇ
1137 3947 1487 4018 θεοφυλάκτῳ
1513 3947 1611 4000 καὶ
1654 3945 1887 4016 βασιλίδι

312 4037 495 4102 πόλει,
526 4036 622 4089 καὶ
651 4037 730 4098 είς
751 4036 1015 4107 ἄρχοντας
1037 4036 1515 4107 προσεδρεύουσιν,
1545 4036 1604 4088 ὲν
1647 4037 1764 4098 τοῖς
1787 4034 1889 4089 αύ-

312 4127 426 4180 τῶν
457 4127 769 4198 εὐκτηρίοις
797 4128 897 4190 τὰς
933 4126 1275 4198 λειτουργίας
1319 4126 1624 4189 ποιοῦντες,
1657 4127 1883 4191 τούτους

313 4215 411 4273 οὖν
452 4221 622 4290 χωρὶς
667 4218 762 4272 τοῦ
806 4220 937 4273 ίδίου
970 4219 1270 4273 ἐπισκόπου
1305 4218 1402 4272 καὶ
1424 4218 1518 4272 τοῦ
1548 4219 1891 4272 Κωνσταντι-

314 4310 643 4375 νουπόλεως,
665 4311 766 4364 οὐκ
794 4310 971 4376 ἔξεστι
991 4311 1246 4382 δεχθῆναι
1274 4312 1333 4364 ὲν
1353 4310 1653 4382 οίῳδήποτε
1685 4311 1819 4379 οίκῳ
1855 4310 1890 4381 ἢ

320 4403 612 4475 ἐκκλησίᾳ.
640 4403 702 4455 Ei.
730 4402 788 4457 δέ
809 4419 895 4465 τις
934 4401 1095 4455 τοῦτο
1122 4404 1359 4473 ποιήσει,
1388 4403 1661 4472 ὲπιμῐνων
1691 4401 1888 4455 καθαι-

2032 1962 2115 2019 Ne
2160 1966 2485 2022 intereeutor
2517 1968 2630 2039 (61)
2659 1970 2931 2040 cpiscopus
2963 1971 3288 2033 cathedram,
3325 1970 3415 2024 ubi
3446 1972 3531 2026 in-

1963 2064 2224 2111 terventor
2256 2069 2354 2125 est,
2391 2070 2583 2114 teneat.

2034 2149 2121 2202 74.
2146 2149 2275 2205 Item
2304 2154 2655 2207 constitutum
2684 2161 2768 2207 est
2794 2153 2840 2184 ⁷⁸
2863 2150 2999 2221 (62),
3025 2160 3084 2206 ut
3112 2151 3245 2205 nulli
3274 2152 3531 2207 interces-

1962 2242 2073 2294 sori
2102 2241 2307 2296 licitum
2330 2242 2400 2297 sit
2426 2243 2761 2308 cathedram,
2780 2246 2867 2298 cui
2887 2245 3213 2298 intercessor
3238 2243 3397 2295 datus
3422 2250 3528 2304 est,

1965 2332 2297 2401 quibuslibet
2369 2335 2690 2405 populorum
2755 2335 2952 2390 studiis
3028 2336 3112 2390 vel
3173 2334 3533 2389 seditionibus

1965 2425 2219 2488 retinere,
2254 2427 2347 2481 sed
2377 2426 2507 2481 dare
2538 2442 2783 2497 operam,
2816 2438 2872 2481 ut
2908 2422 3059 2481 intra
3090 2443 3292 2481 annum
3324 2427 3531 2481 eisdem

1964 2517 2281 2586 episcopum
2332 2519 2675 2587 provideant.
2730 2517 2888 2584 Quod
2940 2521 2985 2573 si
3044 2520 3361 2590 neglexerit,
3396 2533 3539 2572 anno

1965 2617 2218 2677 exempto
2256 2608 2592 2663 interventor
2631 2611 2774 2665 alius
2818 2612 3112 2665 tribuatur.

2130 2698 2355 2753 Concilii
2386 2702 2685 2755 aecumenici
2715 2716 2763 2755 ιί
2792 2718 3011 2756 canones
3041 2703 3126 2765 17,
3164 2703 3248 2767 18,
3279 2701 3369 2755 20.

2040 2790 2127 2843 l7.
2174 2789 2444 2856 Quoniam
2479 2791 2819 2847 diversarum
2858 2793 3251 2858 Ecclesiarum,
3300 2804 3435 2857 etc.,
3483 2800 3540 2843 ut

1969 2895 2087 2949 sup.
2112 2897 2236 2951 pag.
2260 2882 2388 2936 546.

2042 2973 2131 3027 18.
2172 2973 2276 3028 Eos
2299 2975 2393 3043 qui
2414 2972 2715 3056 barbarica:
2739 2972 3068 3029 incursionis
3095 2982 3381 3043 prmtextu,
3408 2983 3544 3042 ctc.,

1972 3074 2028 3117 ut
2055 3080 2178 3135 pag.
2211 3065 2336 3119 547.

1909 3146 1955 3204 C
2055 3156 2128 3212 20
2194 3155 2272 3211 Ne
2294 3157 2455 3213 liceat
2479 3154 2756 3225 episcopo,
2786 3163 3002 3220 etc.,ut
3028 3154 3161 3211 ibid.

2329 3267 2558 3324 Concilii
2596 3267 2651 3324 Ν
2655 3268 2807 3323 ίσωιιὶ
2835 3283 2871 3323 ιι
2898 3284 3067 3324 canon
3099 3268 3185 3324 10.

2055 3380 2211 3447 Quod
2259 3397 2363 3435 non
2400 3391 2606 3451 oportet
2654 3380 2894 3447 clericos,
2940 3397 3038 3436 sua
3078 3381 3265 3436 relicta
3294 3378 3553 3451 parmct'a,

1975 3476 2036 3529 in
2060 3474 2230 3531 aliam
2262 3487 2563 3543 excurrere,
2589 3473 2761 3530 nescio
2778 3473 3048 3547 episcopo.

2057 3675 2148 3731 10.
2192 3674 2463 3743 Quoniam
2497 3678 2744 3734 nonnulli
2771 3678 2977 3745 clerici,
3014 3678 3179 3751 197
3236 3678 3556 3735 canonicam

1987 3767 2432 3823 constitutionem
2469 3767 3007 3836 circumscribentcs,
3033 3785 3134 3825 sua
3162 3770 3348 3825 relicta
3376 3785 3560 3838 paroc-

1986 3856 2096 3922 cia,
2129 3857 2183 3912 in
2215 3857 2352 3912 alias
2378 3857 2650 3927 parmcias
2676 3869 2996 3926 excurrunt,
3041 3871 3099 3915 ut
3125 3860 3421 3931 plurimum
3454 3875 3560 3915 au-

1990 3957 2099 4005 tem
2150 3947 2205 4001 in
2257 3948 2399 4003 hanc
2440 3963 2471 4003 a
2522 3954 2643 4013 Deo
2689 3950 3015 4004 custoditam
3070 3958 3126 4005 et
3156 3950 3562 4020 imperatoriam

1991 4041 2203 4103 urbem,
2243 4048 2301 4097 et
2344 4039 2485 4109 apud
2523 4041 2800 4110 principes
2831 4041 3096 4105 assident,
3159 4052 3213 4097 et
3266 4043 3321 4095 in
3373 4056 3564 4096 eorum

1991 4131 2245 4187 oratoriis
2287 4131 2471 4186 divina
2504 4132 2763 4202 mysteria
2792 4132 3000 4187 faciunt
3027 4150 3042 4186 :
3076 4146 3171 4186 eos
3202 4133 3320 4188 sine
3346 4133 3566 4202 proprio

1991 4225 2248 4291 episcopo
2275 4229 2331 4277 et
2358 4220 2966 4291 Constantinopolitano
2996 4237 3105 4277 non
3133 4223 3259 4277 licet
3293 4222 3344 4275 in
3373 4222 3567 4291 quavis

1992 4314 2107 4368 atde
2137 4312 2222 4368 vel
2247 4313 2475 4369 ecclesia
2506 4313 2693 4384 recipi.
2750 4312 2808 4367 Si
2838 4313 2963 4383 quis
2992 4323 3172 4368 autem
3220 4316 3322 4367 hoc
3356 4311 3565 4372 fecerit,

1995 4403 2042 4459 si
2073 4414 2403 4473 perseveret,
2456 4402 2778 4471 deponatur.
2834 4402 3156 4472 Quicunque
3207 4410 3391 4457 autem
3440 4415 3567 4456 cum

321 4491 545 4564 ρείσθω,
590 4492 706 4545 ὅσοι
766 4491 824 4544 δὲ
871 4490 989 4561 μετ’
1021 4491 1278 4561 είδήσεως
1328 4491 1450 4573 τῶν.
1486 4484 1926 4561 προλεχθέντωνξ

1996 4494 2380 4564 praedictorum
2440 4493 2784 4549 sacerdotum
2834 4508 3107 4549 consensu
3182 4494 3285 4548 hoc
3334 4492 3567 4557 facfunt,

321 4582 521 4653 ίερὲων
544 4581 725 4651 ξτοῦτο
772 4582 1039 4648 ποιοῦσιν,
1070 4581 1172 4636 οὐκ
1198 4581 1374 4646 ἔξεστι
1408 4581 1591 4645 αὐτοῖς
1625 4582 1895 4651 κοσμικὰς

2000 4599 2109 4638 ιιοιι
2155 4584 2283 4639 licet
2316 4584 2397 4639 eis
2428 4597 2589 4639 curas
2639 4582 2931 4638 saeculares
2964 4592 3018 4638 et
3046 4583 3354 4639 mundanas
3398 4584 3573 4638 susci-

321 4675 421 4728 xal.
462 4673 721 4745 βιωτικὰς
755 4674 1039 4743 φροντίδας
1073 4672 1572 4743 ἀναλαμϐάνεσθαι,
1608 4671 1686 4736 ὡς
1720 4689 1897 4727 κεκω-

1997 4688 2147 4743 pere,
2189 4672 2369 4742 utqui
2399 4671 2510 4727 sint
2544 4687 2572 4725 a
2609 4671 2912 4726 canonibus
2943 4670 3200 4741 prohibiti
3235 4671 3337 4726 hoc
3372 4669 3572 4725 facere.

321 4762 581 4832 λυμένοις
607 4763 764 4816 τοῦτο
796 4765 968 4817 ποιεῖν
991 4762 1144 4833 παρὰ
1172 4763 1282 4817 τῶν
1322 4762 1482 4816 θείων
1513 4762 1778 4816 κανόνων.
1822 4762 1889 4816 Εί

2000 4765 2057 4819 Si
2100 4767 2225 4835 quis
2268 4776 2449 4819 autem
2489 4779 2680 4819 eorum
2742 4763 2835 4833 qui
2872 4763 3129 4832 majores,
3164 4761 3218 4817 id
3252 4770 3578 4817 cstcurato-

321 4853 381 4920 δέ
447 4871 533 4917 τις
584 4854 867 4925 φωραθείη
916 4854 1023 4907 τῶν
1069 4853 1377 4922 λεγομένων
1437 4852 1769 4924 μειζοτέρων
1795 4852 1898 4923 τὴν

1997 4867 2112 4919 res,
2144 4855 2511 4924 appellantur,
2543 4854 2887 4908 curationem
2938 4852 3185 4907 obtinere
3207 4852 3578 4921 deprehensus

328 4944 589 5015 φροντίδα
614 4945 845 5015 ἐπέχων,
865 4943 899 5013 ἢ
928 4943 1227 4999 παυσάσθω
1254 4944 1288 5013 ἢ
1319 4942 1687 5013 καθαιρείσθω
1709 4958 1723 4974 ·
1757 4941 1897 5013 μᾶλ-

2004 4943 2188 5012 fuerit,
2215 4945 2299 4999 vel
2328 4952 2529 5009 cesset,
2564 4945 2650 5000 vel
2686 4944 3009 5013 deponatur,
3045 4943 3227 5013 potius
3274 4952 3459 4996 autem
3494 4942 3579 4995 of-

326 5036 417 5099 λον
442 5037 541 5106 μὲν
574 5030 667 5089 οὖν
696 5036 811 5106 ἧτω
854 5035 992 5107 πρὸς
1037 5034 1386 5089 διδασκαλίαν
1434 5034 1545 5087 τῶν
1601 5050 1660 5086 τε
1694 5034 1902 5088 παίδων

2006 5035 2146 5091 ferat
2178 5050 2237 5090 se
2275 5035 2343 5090 ad
2394 5036 2669 5092 docendos
2701 5034 2845 5091 ﬁlios
2885 5042 2942 5090 et
2990 5048 3202 5101 servos,
3266 5035 3451 5105 legens
3500 5034 3580 5087 eis

328 5128 559 5181 καὶτῶν
591 5129 841 5193 οίκετῶν,
872 5127 1335 5197 ὲπαναγινὼσκων
1378 5128 1561 5191 αὐτοῖς
1600 5127 1699 5191 τὰς
1754 5128 1905 5193 θείας

2004 5127 2219 5182 divinas
2254 5125 2610 5197 Scripturas:
2658 5126 2727 5183 ad
2772 5125 2879 5184 hoc
2904 5125 3054 5184 enim
3100 5118 3285 5182 etiam'
3320 5124 3581 5182 sacerdo-

328 5216 584 5289 Γραφὰς·
616 5219 697 5281 είς
728 5217 888 5273 τοῦτο
912 5219 1025 5289 γὰρ
1049 5218 1144 5273 καὶ
1182 5218 1282 5289 τὴν
1310 5218 1615 5290 ἱερωσύνην
1646 5218 1893 5289 ἐκληρώ-

333 5326 487 5367 σατο.

2008 5220 2144 5273 tium
2178 5218 2409 5275 sortitus
2440 5228 2547 5274 est.

406 5482 451 5514 ⁷⁸
483 5481 653 5537 Cone.
686 5482 944 5552 Carthag.
983 5496 1037 5548 ν,
1063 5495 1185 5535 can.
1209 5479 1264 5535 8.
1302 5478 1474 5534 Afric.
1508 5494 1557 5535 ο.
1590 5481 1680 5535 ιι.

412 5645 523 5715 (61)
550 5647 736 5701 Grtece
763 5646 1069 5715 peregrinus
1105 5644 1196 5700 hic
1227 5646 1450 5712 dicitur,
1480 5643 1641 5698 male.

414 5704 526 5789 ((32)
556 5704 1155 5787 Βοιιίίιιὲἷιιδῖειιιιιιις.
1190 5732 1279 5771 an.
1318 5704 1446 5783 525,
1474 5729 1539 5770 ex
1570 5704 1765 5770 coudil.
1801 5730 1873 5781 vt,
1907 5714 2007 5768 sub
2035 5708 2273 5765 Aurelio.
