4122 6440
576 336 683 400 063

1739 341 2001 402 ΡΗΟΤΙΙ
2041 339 2540 402 ΡΛΤΗΙΑΠΕΙΙΕ
2571 345 2677 405 CP.

3729 338 3829 409 6M

578 447 781 522 κεντροάί
826 464 944 522 (μίαν
968 448 1141 516 prima
1168 459 1215 522 et
1244 452 1473 522 secunda
1522 459 1855 522 nuncupatur
1883 447 2148 501 Constan—

2267 449 2526 505 Συνόδου
2554 459 2601 504 α’
2628 453 2724 505 καί
2764 452 2807 522 β’
2849 457 3361 521 συγκροτηθείσης
3404 454 3473 507 ἐν
3514 458 3829 508 Κωνστανο

658 520 875 587 tinopoli
913 519 968 571 in
1022 518 1210 585 templo
1242 520 1561 575 Sanctorum
1610 520 1981 586 Apostolorum
2023 533 2149 570 con—

650 600 878 659 gregata:
906 593 1077 641 canori
1100 588 1180 641 16.

650 718 881 787 Pmpter
931 716 1309 772 contentiones
1361 724 1522 785 atque
1555 717 1850 785 tumultus,
1897 727 2028 781 etc.,
2100 726 2157 768 ut

581 825 703 878 pag.
747 808 870 863 486.

656 901 846 956 Const.
904 900 996 966 42,
1038 901 1122 954 tit.
1173 901 1229 963 5,
1262 900 1357 954 lib.
1402 900 1580 954 Icod.
1630 902 1743 954 ait:
1788 901 1873 955 οι)
1923 900 2155 955 mullum

586 993 812 1046 omnino
842 992 1115 1061 negotium
1157 992 1292 1047 citra
1321 992 1539 1061 jussum
1584 993 1850 1062 principis
1886 992 2157 1047 C0nstan-

588 1082 813 1151 tinopoli
858 1082 1151 1151 episcomts
1179 1091 1321 1147 esto,
1356 1084 1451 1138 sed
1495 1084 1888 1153 apocrisiarios
1935 1084 2155 1137 mittito.

586 1174 687 1238 Qui
725 1174 1137 1243 transgreditur,
1174 1172 1228 1245 [a
1261 1173 1597 1248 sacerdotio]
1638 1184 1967 1236 removetur.
2003 1189 2068 1229 ac
2101 1175 2157 1228 in

587 1264 1012 1331 indignationem
1067 1264 1320 1319 incurrit.
1378 1264 1570 1320 Const.
1629 1276 1809 1320 autem
1872 1266 1923 1329 1,
1958 1267 2043 1321 tit.
2101 1267 2155 1330 ‘l,

582 1354 926 1410 Novellarum
962 1357 1036 1410 ait
1071 1375 1083 1410 :
1117 1356 1309 1413 Nullus
1347 1357 1639 1427 episcopus
1684 1374 1715 1412 a
1769 1373 1867 1413 sua
1912 1357 2158 1414 Ecclesia

584 1444 819 1510 amplius
869 1459 1103 1506 annum,
1156 1444 1260 1497 nisi
1293 1458 1362 1498 ex
1410 1444 1674 1513 principis
1719 1445 1900 1513 jussu,
1947 1445 2153 1501 abesto.

587 1533 916 1588 Patriarchae
962 1534 1089 1590 illos
1126 1534 1181 1589 in
1232 1534 1494 1590 Ecclesiis
1532 1536 1649 1590 suis
1706 1537 2005 1605 perdurare
2062 1552 2157 1592 co-

586 1634 774 1693 gunto.
828 1622 887 1679 Si
930 1624 1102 1697 [quis]
1141 1641 1272 1681 vero
1322 1626 1462 1680 citra
1496 1626 1906 1696 imperatoriam
1950 1630 2157 1697 jussio-

588 1728 711 1765 nem
762 1714 906 1768 ultra
941 1730 1143 1767 annum
1206 1715 1367 1778 absit,
1424 1716 1544 1784 ejus
1596 1724 1804 1772 tractus
1844 1718 2152 1786 patriarcha

2329 524 2691 605 τινογπόλει,
2715 524 2782 577 ἐν
2799 524 2878 587 τῷ
2910 524 3031 589 ναῷ
3056 524 3172 577 τῶν
3215 526 3419 593 Ἁγίων
3439 526 3831 588 Ἀποστόνιων.

2328 600 2528 643 κανὼν
2552 600 2646 656 ις’.

2328 729 2426 781 Διά
2467 728 2564 791 τάς
2608 728 2937 797 φιλονεικίας
2968 744 3029 781 τε
3076 728 3169 781 καὶ
3198 730 3464 799 ταραχὰς,
3495 747 3550 782 κ.
3576 746 3627 783 τ.
3653 727 3711 787 λ.

2343 906 2408 959 Ἢ
2450 906 2537 975 μβ⁰
2568 906 2809 969 διάταξις
2835 906 2927 960 τοῦ
2958 906 3009 976 γ’
3034 907 3139 960 τίτ.
3175 906 3270 959 τοῦ
3302 912 3348 960 α’
3380 905 3520 977 βιϐλ.
3565 905 3661 967 τοῦ
3704 906 3833 963 κὼδ.

2258 999 2889 1068 φησ“ιν,ὃτιἘπίσκοπος
2924 999 3009 1068 ἐφ’
3038 999 3335 1069 οίῳδήποτε
3369 1000 3652 1069 πράγματι
3687 1000 3834 1069 παρὰ

2257 1089 2503 1141 κέλευσιν
2552 1087 2836 1158 βασιλέως,
2888 1090 2946 1140 ἐν
2994 1088 3564 1141 Κωνσταντινουπόλει
3610 1087 3686 1159 μὴ
3752 1105 3836 1156 γιο-

2257 1179 2453 1244 νέσθω,
2504 1178 2620 1233 ἀλλ’
2669 1180 3122 1250 ἀποκρισιαρίους
3162 1178 3423 1231 στελλέτω
3449 1194 3465 1209 ⁸
3516 1179 3623 1233 ὁδέ
3660 1196 3837 1249 παρα-

2258 1270 2459 1325 ϐαίνων
2501 1271 2889 1338 ἀγανακτεῖται
2930 1273 3025 1324 καὶ
3058 1270 3395 1338 ἀφορίζεται.
3433 1269 3498 1322 Ἦ
3526 1269 3585 1322 δὲ
3616 1269 3665 1323 α’
3697 1270 3836 1324 διάτ.

2256 1362 2350 1416 τοῦ
2377 1369 2425 1417 α’
2456 1363 2562 1415 τίτ.
2589 1362 2695 1415 τῶν
2726 1361 2957 1431 Νεαρῶν
2985 1361 3138 1431 φησί·
3168 1361 3374 1430 Μηδεὶς
3405 1361 3704 1423 ἐπίσκοπος
3733 1362 3835 1423 ἔξω

2255 1454 2355 1524 τῆς
2374 1453 2538 1507 αὑτοῦ
2555 1451 2752 1523 Ἑκκλη
2763 1453 2899 1516 σίας,
2922 1453 3082 1505 πλέον
3104 1451 3349 1505 ἐνιαυτοῦ
3363 1449 3838 1520 ἀπολιμπανέσθω,

2258 1548 2306 1600 εί
2348 1548 2421 1617 μὴ
2457 1545 2599 1599 κατά
2650 1544 2934 1615 βασιλικὴν
2979 1543 3268 1606 κέλευσιν,
3326 1542 3435 1595 τῶν
3483 1541 3841 1612 πατριαρχῶν

2255 1636 2672 1704 ἀναγκαζόντων
2701 1636 2915 1700 αὐτοὺς,
2943 1636 3061 1697 ταῖς
3091 1634 3269 1686 αὐτῶν
3314 1632 3660 1703 Ἐκκλησίαις
3676 1648 3842 1701 προσ-

2263 1730 2573 1798 καρτερεῖν.
2602 1728 2662 1779 Εἰ
2692 1728 2747 1781 δὲ
2784 1728 2935 1797 παρά
2970 1724 3252 1795 βασιλικὴν
3286 1724 3552 1785 κέλευσιν,
3580 1725 3725 1795 πέρα
3747 1723 3839 1776 τοῦ

588 1820 871 1860 sacrorum
926 1822 1199 1861 canonum
1263 1808 1424 1877 198
1472 1809 1914 1879 praescriptiones
1968 1812 2156 1866 obser-

2267 1790 2511 1873 ἐνιαυτοῦ
2550 1790 2936 1887 ἀπολειφθείη,
2970 1790 3013 1869 γό
3052 1817 3143 1870 τοῦ
3192 1790 3455 1885 κλίματος
3499 1790 3841 1884 πατριάρχης

589 1914 744 1964 vans,
770 1899 1111 1955 solemnibus
1158 1901 1334 1969 ipsum
1364 1911 1555 1955 vocato
1593 1902 1785 1956 edictis
1817 1922 1831 1959 :
1867 1912 1921 1957 et
1965 1903 2010 1957 si
2043 1918 2164 1958 om-

591 1990 723 2045 nino
784 1992 1168 2063 immorigerus
1202 2004 1441 2058 maneat,
1491 1995 1669 2063 ipsum
1727 1994 1797 2048 ab
1845 1995 2161 2065 episcopatu

588 2086 861 2154 depellito,
894 2096 1057 2157 atque
1100 2088 1268 2141 alium
1313 2084 1497 2142 facito.
1547 2086 1602 2141 Si
1652 2102 1779 2142 vero
1822 2103 1929 2142 non
1961 2096 2166 2143 metro-

589 2179 885 2245 politanus,
945 2180 1041 2233 sed
1098 2179 1240 2233 alius
1288 2180 1581 2248 episcopus
1636 2180 1729 2245 sit,
1774 2181 1868 2246 qui
1925 2188 2161 2243 emanet,

590 2266 1042 2335 metropolitanus
1070 2267 1325 2335 praztlicta
1370 2282 1539 2336 super
1588 2267 1683 2320 illo
1738 2265 1927 2321 facito.
1961 2265 2162 2321 Verum

589 2356 637 2410 si
692 2366 989 2409 causentur
1019 2357 1089 2423 ob
1121 2355 1397 2425 prepriam
1449 2356 1951 2413 ecclesiasticamve
2010 2357 2163 2415 litem

589 2444 676 2519 [se
704 2446 1031 2519 Ecclesiarn]
1080 2447 1331 2502 deserere
1358 2447 1557 2502 debere
1594 2466 1607 2501 :
1653 2449 1862 2503 libellos
1888 2450 2164 2520 supplices

590 2541 656 2593 ad
684 2540 1089 2610 imperatoriam
1129 2540 1465 2609 majestatem
1509 2556 1602 2607 per
1636 2556 1973 2609 (nconomos,
2009 2544 2166 2599 cleri.

586 2644 703 2695 cos,
726 2638 820 2683 aut
854 2630 1238 2698 apocrisiarios
1273 2630 1551 2697 mittunto,
1590 2647 1711 2700 qua:
1737 2631 1789 2684 in
1834 2630 2042 2705 [rebus]
2073 2648 2165 2686 ec-

584 2723 913 2776 clesiasticis
945 2722 1284 2787 desiderant,
1335 2723 1696 2792 impetraturi.
1732 2721 1969 2780 Proinde
2011 2736 2165 2780 ante-

580 2827 746 2883 quam
791 2814 1092 2867 secundum
1148 2828 1388 2867 canones
1418 2815 1627 2868 litteras
1688 2816 2163 2872 commendatitias

583 2907 667 2973 (ut
698 2912 981 2975 vocantur)
1012 2920 1134 2973 qua:
1188 2905 1559 2959 testimonium
1595 2906 1666 2960 de
1705 2907 2030 2961 necessitate
2069 2888 2164 2977 pe-

584 2997 972 3067 regrinationis
1006 3012 1119 3051 sua:
1156 2997 1495 3065 perhibeant,
1546 3014 1575 3050 a
1610 2998 2030 3066 metropolitano
2058 3015 2161 3054 suo

582 3093 649 3144 ad
690 3092 1095 3158 imperatoriam
1130 3089 1470 3159 majestatem
1507 3092 1781 3160 acceperit
1814 3108 1827 3145 :
1869 3091 2160 3160 cpisc0pus

584 3150 903 3251 Byzantium
944 3195 1014 3235 ne
1039 3150 1243 3233 venito:
1280 3150 1729 3248 Metropolitanus
1777 3150 2157 3249 pere-grina-tu-
2186 3150 2234 3217 α

584 3287 680 3326 rus
718 3272 1111 3340 patriarchales
1164 3270 1376 3325 litteras
1413 3271 1668 3340 accipito.
1709 3270 1791 3325 Ne
1840 3271 1945 3342 ipsi
1979 3287 2073 3341 per
2103 3287 2160 3327 se

584 3362 675 3431 [de
706 3362 870 3416 rebus
896 3360 1037 3432 suis]
1079 3361 1147 3415 ad
1197 3361 1606 3430 imperatoriam
1642 3362 1989 3431 majestatem
2021 3362 2158 3419 refe-

584 3464 746 3506 rttnto
778 3472 791 3507 :
828 3452 921 3507 sed
960 3470 1085 3507 cum
1116 3453 1449 3523 patriarcha,
1492 3462 1587 3507 aut
1620 3470 1732 3508 sua:
1764 3452 1988 3508 ditionis
2025 3469 2165 3523 apo-

587 3543 855 3596 crisiariis
883 3543 1348 3603 communicanto,
1395 3557 1460 3596 ac
1504 3558 1627 3597 cum
1660 3543 1767 3597 illis
1802 3541 1893 3615 [ad
1924 3544 2165 3613 impera-

586 3633 781 3704 torem]
826 3635 1220 3705 ingrediuntur.
1266 3632 1415 3688 Licet
1441 3643 1626 3688 autem
1676 3634 1810 3705 ipsis
1844 3635 2009 3688 etiam
2067 3651 2164 3705 per

584 3727 983 3781 rel'ereudarios
1040 3732 1250 3796 nlagnaa
1288 3725 1543 3781 Ecclesia:
1592 3727 1673 3781 vel
1728 3728 2160 3797 patriarcharum

590 3818 785 3869 horum
834 3814 902 3870 ad
956 3818 1344 3886 imperatorem
1381 3817 1607 3872 referre.
1649 3819 1884 3873 Constit.
1916 3834 2079 3886 porro
2108 3819 2161 3885 7,

593 3906 837 3978 ejusdthn
872 3909 952 3963 tit.
1015 3910 1035 3962 ι
1093 3908 1490 3963 Novellarum:
1540 3909 1694 3975 Quod
1750 3910 1795 3967 si
1848 3912 2163 3980 episcopus,

584 4006 784 4074 inquit,
834 4004 1006 4057 multo
1036 4014 1279 4073 tempore
1309 4004 1609 4059 Ecelesiam
1657 4022 1813 4060 suam
1860 4007 2162 4077 reliquerit,

590 4114 659 4152 ne
681 4098 796 4167 ipse
827 4112 1149 4152 (Bconomus
1181 4108 1431 4167 sumptus
1453 4099 1825 4168 suppeditato:
1857 4099 1950 4153 sed
1972 4100 2161 4156 istius-

586 4191 733 4245 modi
786 4199 1039 4259 sumptus
1076 4190 1128 4243 in
1162 4190 1483 4245 occasiones
1521 4190 1921 4246 ecclesiasticas
1960 4204 2013 4247 et
2048 4193 2165 4262 pias

585 4283 842 4352 praebeto.
873 4282 939 4336 Et
961 4282 1206 4351 ejusdem
1233 4282 1316 4336 tit.
1344 4282 1565 4337 eonstit.
1598 4282 1632 4337 '5
1653 4298 1666 4334 :
1691 4281 1845 4348 Quod
1879 4283 1927 4339 si
1957 4283 2166 4352 episco—

582 4390 687 4444 pus
720 4375 839 4429 sine
889 4373 1088 4428 litteris
1127 4372 1211 4427 sui
1252 4373 1581 4442 patriarchae
1630 4371 2165 4444 Constantinopolim

583 4467 728 4531 ierit,
764 4482 825 4523 se
858 4466 927 4520 ab
969 4465 1156 4519 habitu
1190 4465 1427 4518 alienum
1486 4464 1637 4518 facit.
1690 4465 1879 4519 Const.
1939 4481 2067 4520 vero
2105 4465 2141 4519 2

582 4560 827 4627 ejusdem
863 4558 950 4613 tit.
999 4560 1020 4613 l
1058 4557 1406 4614 Novellarum
1440 4558 1513 4610 ait
1542 4574 1557 4612 :
1621 4556 1874 4628 Episcopi
1908 4573 2165 4612 necessa-

585 4654 665 4705 ria
691 4652 757 4705 de
799 4665 963 4705 causa
992 4649 1416 4720 peregrinaturi,
1454 4648 1897 4718 patriarcharum
1929 4658 2025 4703 aut
2054 4664 2167 4704 me-

588 4740 1045 4808 tt-Opolitanoruin
1102 4752 1331 4793 suorum
1395 4728 1604 4791 litteras
1661 4736 2016 4803 aceipiuuto,
2077 4734 2166 4789 vel

586 4830 951 4900 imperatoria:
974 4829 1278 4899 maiestatis
1295 4828 1453 4895 jussu
1487 4826 1903 4897 peregrinantor
1934 4844 1947 4892 ;
1985 4836 2039 4881 et
2070 4826 2165 4895 qui

586 4921 911 4991 patriarcha:
935 4920 1544 4989 Constantinopolitano
1576 4919 1835 4982 subsunt,
1858 4919 1978 4973 sine
2006 4919 2168 4989 199

585 5015 759 5083 ipsius
787 5014 1059 5083 permissu
1102 5012 1281 5082 ipsum
1318 5027 1387 5066 ne
1426 5012 1753 5066 accedunto.
1798 5012 1901 5077 Qui
1935 5010 2039 5065 hoc
2070 5026 2165 5080 pa-

586 5118 675 5162 cto
710 5106 1107 5178 peregrinatur,
1144 5122 1212 5160 ne
1242 5104 1481 5173 amplius
1513 5119 1661 5157 anno
1683 5101 1986 5157 Ecclesiam
2008 5118 2164 5157 suam

584 5200 901 5271 relinquito.
937 5199 1042 5265 Qui
1083 5199 1375 5268 episcopus
1421 5194 1955 5263 Constantinopolim
1998 5208 2166 5247 vene-

589 5299 678 5359 rit,
711 5296 1113 5366 qualiscunque
1164 5292 1256 5351 sit,
1310 5288 1374 5341 ad
1411 5287 1783 5357 patriarcham
1842 5284 2163 5353 ingrcditor,

584 5398 638 5439 rt
676 5401 769 5453 per
818 5386 997 5453 ipsum
1039 5380 1105 5434 ad
1157 5378 1567 5446 imperatorem.
1621 5374 1829 5428 Contra
1890 5375 2024 5437 haec,
2073 5384 2169 5429 aut

585 5493 751 5543 supra
774 5468 1092 5545 [statutum]
1131 5479 1344 5535 tempus
1382 5466 1856 5536 peregrinantibus
1890 5468 2165 5520 teconomi

586 5575 839 5634 sumptus
898 5580 968 5617 ne
1020 5560 1517 5615 subministrante:
1574 5567 1627 5611 ct
1680 5557 1993 5611 sacerdotes
2064 5558 2167 5612 sub

586 5660 787 5727 quibus
814 5666 1131 5718 censentur,
1172 5664 1229 5706 ut.
1257 5660 1624 5711 revertantur.
1654 5666 1751 5719 per
1790 5650 1997 5703 litteras
2036 5649 2163 5703 hor-

586 5762 777 5809 tantor
811 5774 822 5785 ·
858 5754 902 5808 si
934 5752 1230 5819 different”
1273 5752 1336 5804 ad
1396 5746 1629 5821 [judicii]
1690 5750 1989 5804 certamina
2038 5764 2166 5805 evo-

2145 4505 2161 4532 ’
2200 4507 2244 4564 D

2262 1912 2423 1966 αὺτδν
2453 1911 2685 1965 καλείτω
2708 1911 2819 1971 τοῖς
2846 1908 3253 1977 νενομισμένοις
3276 1906 3613 1976 κηρύγμασι,
3643 1905 3841 1973 φυλάτ-

2261 2022 2370 2058 των
2420 2003 2520 2072 τὴν
2568 2002 2676 2055 τῶν
2720 2001 2880 2070 ἱερῶν
2930 1998 3168 2052 κανόνων
3212 1998 3617 2067 παρατήρησιν.
3669 1996 3734 2048 Et
3783 1996 3841 2048 δὲ

2266 2094 2441 2167 μείνοι
2491 2094 2653 2162 μέχρι
2684 2091 2883 2153 παντὸς
2925 2088 3187 2152 ἀπειθῶν,
3238 2087 3507 2153 ἐξωθείτω
3547 2086 3709 2140 αὐτὸν
3741 2086 3841 2154 τῆς

2262 2187 2569 2253 ἐπισκοπῆς
2591 2225 2606 2248 ,
2656 2183 2750 2235 καὶ
2788 2181 2975 2251 ἕτερον
3011 2180 3263 2233 ποιείτω·
3300 2180 3348 2231 εί
3377 2179 3430 2232 δὲ
3460 2176 3535 2250 μὴ
3567 2194 3841 2249 μητροπο-

2262 2279 2439 2347 λίτης,
2486 2275 2600 2328 ἀλλ’
2644 2273 2831 2341 ἕτερος
2872 2270 3167 2331 ἐπίσκοπος
3217 2270 3363 2319 ὲστιν
3408 2268 3435 2318 ὁ
3468 2264 3841 2333 ἀπολιμπανό-

2268 2386 2463 2441 μενος,
2525 2370 2553 2420 ὁ
2617 2362 3019 2435 μητροπολίτης
3092 2360 3179 2412 ἐπ’
3244 2357 3392 2428 αὐτῷ
3452 2358 3520 2410 τὰ
3578 2355 3841 2425 εἰρημένα

2266 2461 2508 2516 ποιείτω.
2563 2459 2627 2511 Εἰ
2658 2457 2716 2509 δὲ
2758 2453 3148 2525 προφασίζοιτο
3198 2452 3351 2521 δίκης
3384 2450 3567 2503 ἕνεκεν
3603 2448 3775 2517 ίδικῆς
3804 2448 3839 2517 ἢ

2264 2547 2760 2620 ὲκκλησιαστικῆς,
2806 2544 3041 2615 ὀφείλειν
3087 2540 3581 2610 ἀπολιμπάνεσθαι,
3632 2539 3841 2608 δεήσεις

2265 2648 2331 2716 τῇ
2364 2641 2612 2714 βασιλείᾳ
2640 2640 2727 2692 διὰ
2753 2638 2862 2690 τῶν
2890 2636 3212 2716 οἰκονόμων,
3242 2634 3273 2704 ἦ
3308 2632 3606 2703 κληρικῶν,
3639 2630 3672 2699 ἢ
3709 2632 3845 2683 ἁπο-

2265 2696 2997 2806 κρισιαρίωνιπεμπέτωσαν,
3024 2696 3336 2792 τευξόμενοι
3362 2696 3489 2793 περὶ
3513 2722 3620 2774 τῶν
3642 2696 3844 2789 ἐκκλη-

2266 2822 2584 2885 σιαστικῶν,
2614 2821 2723 2873 τῶν
2758 2818 3127 2888 ζητουμένων.
3164 2816 3255 2883 Μὴ
3284 2815 3480 2868 ἀνιέτω
3514 2813 3571 2865 δέ
3616 2813 3841 2864 ἐπίσκο-

2264 2935 2365 2979 πος
2408 2917 2466 2969 ὲν
2512 2913 2812 2979 Βυζαντίῳ,
2848 2908 2979 2978 πρὶν
3028 2907 3093 2960 ἂν
3126 2906 3269 2959 κατὰ
3296 2906 3421 2968 τοὺς
3463 2904 3713 2966 κανόνας,
3750 2900 3841 2953 τοῦ

2263 3010 2467 3064 οίκείου
2504 3002 2901 3077 μητροπολίτου
2934 3000 3085 3052 λάϐοι
3112 3000 3414 3069 γράμματα
3439 2996 3508 3048 τά
3535 2992 3844 3062 καλούμενα

2268 3098 2586 3164 συστατικὰ,
2644 3094 2780 3167 πρὸς
2824 3095 2923 3162 τὴν
2970 3090 3276 3161 βασιλείαν,
3330 3084 3712 3157 μαρτυροῦντα
3765 3082 3842 3151 τῷ

2266 3190 2549 3261 ἀναγκαίῳ
2590 3189 2689 3257 τῆς
2721 3182 3049 3254 ἀποδημίας.
3098 3182 3156 3235 '0
3183 3181 3240 3234 δὲ
3278 3176 3679 3249 μητροπολίτης
3710 3174 3845 3226 ἀπο-

2266 3285 2477 3357 δημῶν,
2524 3280 2901 3351 πατριαρχικά
2929 3273 3252 3345 λαμϐανέτω
3282 3270 3606 3341 γράμματα,
3646 3266 3739 3319 καὶ
3770 3263 3845 3357 μη

2266 3356 2333 3433 δι⁵
2360 3375 2566 3431 ἑαυτῶν
2597 3374 2948 3444 μηνυέτωσαν
2980 3368 3117 3439 πρὸς
3145 3366 3243 3435 τὴν
3279 3362 3575 3433 βασιλείαν,
3608 3358 3747 3413 ἀλλά
3767 3356 3845 3427 τῷ

2268 3467 2584 3539 πατριάρχῃ
2634 3465 2669 3535 ἦ
2713 3466 2824 3526 τοῖς
2866 3458 3309 3530 ἀποκρισιαρίοις
3344 3454 3447 3522 τῆς
3486 3450 3663 3504 αὐτῶν
3711 3450 3843 3501 διοι-

2269 3561 2485 3627 κήσεως
2531 3554 2967 3615 κοινούσθωσαν,
3034 3549 3127 3603 καὶ
3192 3547 3373 3609 αὐτοῖς
3435 3542 3843 3596 συνεισίτωσαν.

2274 3650 2493 3716 Ἔξεστι
2541 3649 2598 3701 δὲ
2636 3646 2840 3708 αὐτοῖς,
2870 3643 2965 3696 καὶ
2992 3640 3079 3694 διὰ
3110 3638 3216 3691 τῶν
3250 3633 3712 3707 ραιφερενδαρίων
3747 3631 3845 3695 τῆς

2273 3741 2515 3814 μεγάλης
2560 3737 2910 3807 Ἐκκλησίας,
2949 3734 2982 3803 ἢ
3025 3732 3112 3786 διὰ
3144 3732 3251 3784 τῶν
3279 3726 3709 3799 ἁποκρισιαρίων
3739 3724 3846 3777 τῶν

2272 3830 2627 3905 πατριαρχῶν
2659 3830 2862 3890 αὐτῶν,
2900 3827 3190 3896 ἀναφέρειν
3227 3822 3305 3891 τῷ
3342 3820 3571 3889 βασιλεῖ.
3608 3818 3673 3869 'H
3716 3816 3772 3868 δὲ
3802 3814 3845 3878 ζ’

2269 3929 2409 3982 διάτ.
2455 3924 2552 3978 τοῦ
2583 3921 2749 3976 αὑτοῦ
2785 3927 2833 3974 α’
2860 3920 2965 3973 τίτ.
2996 3917 3104 3971 τῶν
3133 3915 3357 3984 Νεαρῶν
3387 3911 3570 3981 φησὶν,
3602 3910 3683 3962 ὅτι
3725 3906 3851 3958 Ἐάν

2270 4017 2567 4076 ἐπίσκοπος
2596 4011 2787 4081 χρόνον
2818 4008 2985 4061 πολὺν
3036 4006 3138 4074 τῆς
3171 4004 3304 4067 ἰδίας
3345 4000 3669 4071 Ἐκκλησίας
3714 3998 3849 4050 ἀποο

2270 4109 2483 4178 λειφθῇ,
2547 4104 2622 4175 μὴ
2666 4100 2971 4173 χορηγείτω
3021 4097 3170 4167 αὺτῷ
3210 4095 3454 4157 δαπάνας
3486 4096 3514 4147 ὁ
3545 4091 3844 4160 οἰκονόμος,

2273 4200 2386 4254 ἀλλ’
2414 4200 2447 4268 ἡ
2474 4195 2699 4263 τοιαύτη
2722 4193 2938 4263 δαπάνη
2970 4188 3295 4260 παρεχέσθω
3320 4187 3398 4248 εἰς
3430 4184 3731 4254 προφάσεις
3761 4181 3847 4232 ὲκ-

2272 4286 2670 4361 κλησιαστικάς
2700 4286 2795 4339 καὶ
2824 4282 3091 4344 εὐσεϐεῖς.
3124 4282 3234 4334 Καὶ
3261 4281 3295 4349 ἡ
3330 4284 3377 4347 γ’
3411 4276 3506 4330 τοῦ
3549 4272 3715 4327 αὑτοῦ
3742 4272 3843 4325 τίτ.

2272 4382 2413 4436 διάτ.
2443 4379 2632 4450 φησὶν,
2668 4376 2823 4429 ὃτιὉ
2856 4374 3154 4436 ἐπίσκοπος
3173 4373 3342 4441 χωρίς
3373 4369 3717 4439 γραμμάτων
3754 4362 3847 4418 τοῦ

2273 4470 2617 4543 πατριάρχου
2646 4467 2834 4531 αὑτοῦ,
2866 4464 3031 4519 ἀνιὼν
3061 4467 3119 4517 ὲν
3145 4459 3734 4523 Κωνσταντινουπόλει,
3759 4457 3853 4510 ἀλ-

2274 4566 2487 4635 λάτριον
2535 4563 2726 4615 ἑαυτὸν
2757 4561 2903 4613 ποιεῖ
2932 4556 3032 4611 τοῦ
3072 4557 3371 4626 σχήματος.
3402 4554 3469 4605 Ἠ
3515 4552 3572 4604 δὲ
3620 4550 3663 4621 β’
3707 4550 3847 4602 διὰτ.

2272 4654 2366 4710 τοῦ
2418 4653 2582 4707 αὑτοῦ
2612 4650 2659 4705 α’
2693 4651 2800 4704 τῶν
2834 4648 3065 4720 Νεαρῶν
3109 4646 3298 4716 φησὶν,
3340 4644 3423 4698 ὅτι
3466 4642 3623 4697 Κατά
3662 4639 3850 4710 χρείας

2273 4745 2577 4815 ἀναγκαίας
2639 4742 3003 4815 ἐκδημοῦντες
3053 4740 3101 4794 oi
3154 4739 3477 4799 ἐπίσκοποι,
3547 4734 3850 4805 γράμματα

2272 4839 2700 4909 λαμϐανέτωσαν
2727 4836 2833 4888 τῶν
2863 4833 3218 4905 πατριαρχῶν
3250 4830 3429 4885 αὐτῶν
3459 4829 3491 4900 ἦ
3527 4825 3853 4898 μητροπολι-

2273 4931 2403 4998 τῶν,
2454 4930 2487 5000 ἢ
2550 4930 2689 4982 κατά
2726 4927 3008 4998 βασιλικὴν
3059 4926 3308 4977 κέλευσιν
3356 4920 3846 4989 ἀποδημείτωσαν·

2273 5025 2369 5077 καὶ
2413 5024 2461 5075 οἱ
2514 5020 2620 5073 ὑπὸ
2665 5020 2756 5071 τὸν
2813 5013 3433 5076 Κωνσταντινουπόλεως
3482 5011 3848 5081 πατριάρχην,

2274 5117 2443 5187 χωρὶς
2474 5112 2775 5185 ἐπιτροπῆς
2804 5109 2969 5164 αὑτοῦ
3000 5110 3077 5170 είς
3106 5107 3275 5176 αὐτὴν
3306 5105 3379 5174 μὴ
3411 5104 3680 5156 ἀνίτωσαν
3703 5116 3718 5129 ⁸
3759 5100 3852 5153 καὶ

2272 5210 2301 5262 ὁ
2325 5208 2496 5271 οὕτως
2530 5204 2842 5274 ἀποδημῶν,
2880 5201 2952 5271 μὴ
2982 5200 3143 5252 πλέον
3176 5194 3425 5251 ἐνιαυτοῦ
3445 5195 3543 5264 τὴν
3572 5193 3705 5245 ἰδίαν
3732 5192 3851 5243 Ἐκ-

2274 5301 2503 5369 κλησίαν
2536 5298 2698 5350 ἐάτω.
2744 5294 2802 5347 Ὀ
2835 5291 2891 5344 δὲ
2925 5288 3364 5360 παραγινόμενος
3403 5287 3460 5337 έν
3505 5286 3850 5337 Κωνσταντιο

2274 5392 2522 5447 νουπόλει
2584 5388 2900 5457 οίοσδήποτε
2959 5383 3288 5444 ἐπίσκοπος,
3334 5377 3521 5431 εἰσίτω
3583 5376 3719 5447 πρὸς
3762 5374 3852 5426 τὸν

2276 5483 2645 5553 πατριάρχην,
2700 5479 2793 5531 καὶ
2826 5478 2894 5529 δι’
2946 5476 3110 5529 αὑτοῦ
3145 5473 3281 5545 πρὸς
3324 5471 3412 5524 τὸν
3447 5468 3689 5538 βασιλέα.
3729 5468 3851 5527 Τοῖς

2276 5578 2426 5647 παρά
2455 5575 2651 5637 ταῦτα,
2686 5572 2719 5643 ἢ
2752 5572 2893 5642 ὑπὲρ
2926 5571 3017 5622 τὸν
3047 5569 3237 5639 χρόνον
3266 5563 3665 5634 ἀποδημοῦσιν,
3696 5563 3745 5615 οἱ
3773 5562 3851 5613 οἱ·

2276 5672 2494 5740 κονόμοι
2546 5667 2789 5728 δαπάνας
2846 5666 2921 5734 μὴ
2980 5661 3420 5732 χορηγείτωσαν,
3476 5658 3571 5709 καὶ
3623 5669 3852 5722 προτρε-

2281 5764 2525 5817 πέτωσαν
2554 5759 2750 5822 αὐτοὺς
2792 5758 2837 5811 οἱ
2871 5757 3038 5826 ἱερεῖς
3073 5752 3162 5825 ὑφ’
3195 5750 3289 5814 οὓς
3316 5748 3531 5805 τελοῦσι
3558 5746 3645 5801 διὰ
3669 5761 3846 5817 γραμμ-
