4122 6426
305 330 417 397 665

1020 322 1423 386 SYNTAGMA
1459 315 1849 381 CANONUM.
1879 339 1951 351 -·
1985 314 2137 376 ΤΙΤ.
2177 315 2346 378 VIII.
2375 317 2531 380 CAP.
2575 320 2694 382 III.
2748 323 2841 385 IV.

3477 329 3586 398 δίο

314 449 504 520 μάτων
531 443 870 518 ὑποστρέψαι
891 459 905 474 ο
956 441 1048 494 καὶ
1081 434 1567 510 ὑπερτιθεμένους,
1603 431 1740 503 πρὸς
1769 430 1895 493 τοὺς

2033 440 2164 486 anto
2197 449 2212 486 ι
2249 442 2304 488 et
2336 433 2439 488 nisi
2485 433 2628 489 intra
2659 436 3023 504 praestitutum
3054 444 3268 506 tempus
3296 447 3583 494 revertan-

314 531 545 604 κανόνας
590 539 932 594 καλείτωσαν
956 551 972 566 ο
1023 533 1120 587 καὶ
1172 532 1247 602 μὴ
1278 526 1723 599 ὑποστρέφοντας
1767 523 1896 575 εῐσω

312 637 408 690 τοῦ
453 633 775 705 ὁριζομένου
819 629 1038 699 χρόνου,
1083 623 1520 684 ὲκὸαλλέτωσαν,
1569 618 1665 672 καὶ
1705 615 1898 676 ἄλλους

315 725 820 797 χειροτονείτωσαν.
868 721 948 773 Τὰ
985 717 1125 772 αὐτά
1155 716 1250 769 καὶ
1288 713 1417 784 περὶ
1455 709 1731 782 κληρικῶν
1759 707 1898 759 οἱου-

315 795 518 888 δήποτε
551 813 762 884 βαθμοῦ
808 814 1018 882 κρατεῖ.
1077 808 1144 860 Ἠ
1174 806 1231 859 δὲ
1267 803 1332 875 ιβ’
1363 803 1502 856 διάτ.
1530 800 1625 854 τοῦ
1654 795 1818 853 αὐτοῦ
1848 799 1902 850 α’

315 910 423 964 τίτ.
451 905 561 960 τῶν
583 904 812 974 Νεαρῶν
834 898 1292 970 παρακελεύεται,
1321 896 1411 948 ἵνα
1450 893 1574 947 Ἐάν
1603 907 1746 954 τινος
1773 887 1900 942 Ἐκ-

319 1001 552 1069 κλησίας
580 995 861 1051 ἀποστῶσι
887 991 1162 1062 κληρικοὶ,
1194 989 1370 1060 ἕτεροι
1392 983 1902 1053 ἀπικαθιστάμενοι

317 1095 420 1158 τὰς
449 1091 630 1146 αὐτῶν
647 1089 886 1159 σιτήσεις
903 1084 1243 1155 λαμϐάνωσι,
1261 1082 1356 1134 καὶ
1375 1079 1449 1148 μὴ
1467 1075 1902 1146 ὑποστρέφοντας

319 1185 521 1246 αὐτοὺς
549 1180 846 1251 λαμϐάνειν
874 1176 1065 1238 αὐτὰς,
1099 1173 1194 1226 καὶ
1225 1171 1359 1241 μηδὲ
1394 1166 1693 1238 κερδαίνειν
1735 1163 1904 1225 αὐτὰς

320 1277 450 1337 τοὺς
481 1271 850 1342 χορηγοῦντας
873 1284 888 1298 ’
933 1269 981 1319 εί
1027 1266 1083 1318 δὲ
1115 1265 1460 1335 στερήσουσι,
1494 1260 1686 1330 κτῆσις
1728 1255 1905 1310 αὐτῶν

329 1366 470 1435 ῥητὴ
507 1366 620 1426 τοῖς
647 1361 931 1435 πριϐάτοις
957 1357 1296 1427 ἀφορίζεται,
1330 1352 1471 1406 ὥστε
1501 1349 1602 1420 τὴν
1641 1346 1906 1420 χορηγίαν

327 1459 430 1528 τῆς
463 1457 734 1527 σιτήσεως
760 1451 969 1508 ἐκεῖθεν
993 1449 1256 1519 γίνεσθαι.

402 1549 656 1602 ΚΕΦΑΛ.
685 1544 762 1601 Γ’.
804 1575 874 1584 -
913 1540 1054 1610 Περι
1093 1540 1199 1595 τοῦ
1233 1537 1452 1608 χρῆναι
1479 1535 1621 1600 τοὺς
1659 1532 1907 1586 ἐπισκό-

329 1660 485 1708 πους
515 1641 620 1706 τὰς
663 1638 855 1701 αἰτίας
889 1633 999 1702 τῆς
1038 1633 1379 1699 ὁδοιπορίας
1427 1627 1547 1682 τῶν
1585 1626 1658 1679 δι’
1695 1622 1911 1695 ,αὐτῶν

329 1739 670 1808 παριόντων
699 1733 1050 1787 ἐπισκόπων
1078 1723 1625 1794 πολυπραγμονεῖν.

635 1824 904 1881 Συνόδου
932 1818 1229 1890 Σαρδικῆς
1261 1816 1460 1872 κανὼν
1496 1821 1606 1870 κα’.

399 1941 719 2002 Γαυδέντιος
799 1937 1095 1998 ἐπίσκοπος
1180 1927 1302 1985 εἷπε
1329 1947 1345 1962 ο
1418 1928 1607 1982 Ταῦτα
1661 1925 1732 1980 τθ.
1805 1942 1913 1978 σω-

331 2034 614 2106 τηριωδῶς
653 2031 747 2085 καὶ
792 2027 1103 2088 ἀκολούθως
1143 2023 1433 2095 ὁρισθέντα
1467 2020 1564 2074 καὶ
1592 2018 1914 2089 πρεπόντως

330 2130 397 2198 τῆ
440 2123 692 2195 ἐπιτιμία
738 2121 893 2192 ὑμῶν
937 2119 1047 2172 τῶν
1083 2118 1297 2186 ίερέων,
1346 2114 1440 2168 καὶ
1482 2111 1602 2182 Θεῷ
1643 2110 1916 2180 ἀρέσαντα

333 2220 427 2272 καὶ
462 2215 792 2287 ἀνθρώποις,
840 2212 939 2282 τὴν
987 2210 1218 2277 δύναμιν
1253 2208 1348 2261 καὶ
1394 2206 1494 2277 τὴν
1527 2206 1679 2275 ίσχὺν
1709 2201 1917 2257 ἑαυτῶν

334 2311 631 2379 κατασχεῖν
691 2307 752 2359 ού
803 2304 1144 2374 δυνήσονται,
1198 2301 1293 2353 ὲάν
1340 2298 1415 2370 μὴ
1460 2297 1556 2352 καὶ
1591 2295 1756 2364 φόϐος
1796 2295 1917 2356 ταῖς

336 2400 731 2470 ἐξενεχθείσαις
773 2396 1115 2465 ἀποφάσεσιν
1167 2390 1531 2462 ἀκολουθήσῃ.
1576 2390 1764 2458 Ἴσμεν
1807 2384 1914 2454 γὰρ

334 2493 430 2547 καὶ
458 2491 613 2544 αὐτοὶ
645 2489 931 2550 πλεονάκις
951 2526 967 2551 ,
1020 2483 1109 2538 διὰ
1137 2482 1238 2554 τὴν
1269 2481 1464 2552 ὀλίγων
1505 2475 1913 2548 ἀναισχυντίαν,

333 2587 395 2638 τὸ
426 2587 569 2638 θεῖον
593 2584 686 2636 καὶ¹
716 2579 1159 2649 σεϐασμιώτατον
1188 2576 1360 2644 ὄνομα
1387 2573 1484 2642 τῆς
1517 2569 1813 2643 ἱερωσύνης
1837 2569 1917 2632 εἰς

335 2678 682 2744 κατάγνωσιν
706 2671 1044 2743 ἐληλυθέναι.
1078 2670 1140 2723 Ei
1167 2665 1348 2721 τοίνυν
1384 2682 1468 2728 τις
1501 2663 1650 2734 παρὰ
1682 2661 1751 2714 τὰ
1783 2661 1918 2713 πᾶσι

335 2768 597 2833 δόξαντα,
643 2766 908 2834 τολμήσοι
953 2759 1271 2824 σπουδάζων
1295 2799 1310 2822 ,
1362 2756 1516 2826 τύφῳ
1569 2753 1770 2824 μᾶλλον
1822 2750 1919 2803 καὶ

335 2860 648 2930 ἀλαζονείᾳ,
671 2856 802 2929 ἢτῷ
827 2855 944 2926 Θεῷ
967 2855 1186 2926 ἀρέσαι,
1209 2851 1399 2921 ἕτερόν
1422 2867 1474 2902 τι
1493 2843 1916 2916 διαπράξασθαι,

334 2955 441 3025 ’ήδη
490 2950 806 3022 γινωσκέτω
839 2947 1145 3018 ἐγκλήματι
1189 2941 1491 3010 ἀπολογίας
1524 2939 1713 2994 ἑαυτὸν
1746 2935 1917 2990 ὑπεύ-

339 3045 501 3097 θυνον
529 3041 912 3102 καθίστασθαι,
942 3040 1037 3093 καὶ
1061 3037 1160 3107 τὴν
1182 3035 1347 3107 τιμὴν
1371 3033 1466 3088 καὶ
1494 3031 1554 3085 τὸ
1577 3029 1796 3101 ἀξίωμα
1819 3026 1920 3097 τῆς

337 3135 647 3205 ἐπισκοπῆς
683 3130 1028 3187 ἀποὸάλλειν.

411 3316 688 3377 ’Ἅπαντες
719 3311 1113 3384 ἀπεκρίναντο·
1159 3307 1372 3380 Πρέπει
1404 3305 1499 3360 καὶ
1540 3303 1766 3374 ἀρέσκει
1795 3297 1929 3371 ἡμῖν

341 3409 376 3477 ἡ
423 3405 648 3475 τοιαύτη
700 3405 915 3474 γνώμη.
973 3403 1085 3456 Καὶ
1125 3399 1285 3454 τιῶτο
1336 3397 1394 3451 δὲ
1441 3396 1652 3449 ἐκεῖθεν
1694 3391 1930 3464 μάλιστα

259 3529 262 3532 -
344 3495 618 3566 γνώριμον
645 3496 958 3565 γενήσεται,
983 3493 1076 3546 καὶ
1100 3488 1544 3561 πληρωθήσεται,
1571 3486 1665 3539 ὲάν
1698 3485 1932 3545 ἕκαστος

344 3589 501 3659 ἡμῶν
525 3589 634 3642 τῶν
655 3590 712 3640 ἐν
736 3589 857 3650 ταῖς
887 3586 1146 3657 παρόδοις
1165 3584 1284 3654 ἢτοι
1310 3579 1551 3650 καναλίῳ
1572 3575 1933 3630 καθεστώτων

343 3682 682 3744 ἐπισκόπων,
717 3678 1007 3755 ὲπιζητοίη
1035 3677 1132 3748 τὴν
1180 3673 1361 3730 αἰτίαν
1407 3672 1508 3742 τῆς
1548 3668 1807 3738 παρόδου,
1839 3664 1935 3718 καὶ

343 3771 447 3823 ποῦ
476 3770 573 3842 τὴν
609 3770 838 3845 πορείαν
879 3773 1134 3824 ποιεῖται.
1172 3767 1281 3821 Καὶ
1329 3765 1426 3818 ἐὰν
1459 3763 1558 3833 μὲν
1588 3759 1729 3831 εὕρῃ
1771 3757 1935 3811 αὑτὸν

343 3863 440 3922 αἱ
477 3863 556 3922 ’ξδ’
585 3863 948 3938 στρατόπεδον
979 3860 1248 3923 ἀπιόντα,
1298 3854 1618 3925 ἐπιζητήσει
1655 3851 1754 3913 τὰς
1787 3847 1938 3919 αἱρέ-

350 3981 466 4026 σεις
540 3961 638 4022 τὰς
695 3957 880 4011 ἐπάνω
951 3951 1322 4024 προκειμένας
1353 3965 1368 3979 ·
1441 3947 1547 4001 κᾶν
1604 3940 1937 4012 κεκλημένος

350 4053 670 4122 ἀφικνῆται,
713 4047 931 4102 ἀπιόντι
981 4041 1132 4113 αὐτῷ
1165 4038 1332 4112 μηδὲν
1378 4035 1639 4105 ἐμπόδιον
1671 4031 1934 4100 γίγνοιτο.

352 4147 416 4199 Et
474 4143 532 4196 δὲ
587 4139 900 4205 ἐπιδείξεως
967 4136 1163 4207 χάριν,
1232 4128 1417 4193 καθὼς
1479 4124 1807 4198 προείρηται
1871 4122 1936 4190 τῇ

353 4236 596 4307 ὑμετέρα
623 4233 832 4303 ἀγάπη,
865 4232 898 4303 ἢ
928 4229 1017 4282 διά
1043 4241 1196 4288 τινας
1227 4219 1480 4287 ἀξιώσεις
1523 4214 1814 4279 σπουδάζοι
1845 4213 1940 4265 ὲπὶ

351 4304 416 4384 τί)
459 4304 842 4398 στρατόπεδον,
894 4320 1032 4390 μήτε
1074 4317 1189 4378 τοῖς
1221 4313 1550 4385 γράμμασιν
1594 4304 1763 4360 αὑτοῦ
1807 4304 1940 4357 ὐπο-

353 4422 610 4496 γράφειν,
653 4417 790 4488 μήτε
819 4413 1095 4467 κοινωνεῖν
1118 4407 1198 4480 τῷ
1230 4404 1481 4476 τοιούτῳ.

428 4593 706 4655 Ἀπαντες
738 4586 890 4642 εἷπον
907 4602 922 4618 ·
949 4582 1254 4657 Ὀριζέσθω
1278 4581 1375 4635 καὶ
1401 4579 1580 4634 τοῦτο.

427 4702 679 4760 ΚΕΦΑΛ.
722 4699 797 4754 A'.
842 4727 914 4739 --
958 4697 1100 4766 Περὶ
1146 4693 1496 4748 ἐπισκόπων
1541 4691 1580 4759 ἢ
1643 4683 1946 4756 κληρικῶν

357 4797 661 4851 ἀπιόντων
684 4792 834 4863 πρὸς
859 4788 1136 4856 ,βασιλέα
1165 4787 1202 4856 ἢ
1231 4785 1372 4851 τοὺς
1398 4783 1532 4851 περὶ
1559 4781 1766 4836 αὐτόν.

587 4912 630 4962 Σ
637 4909 856 4962 υνόδου
885 4901 1252 4971 Ἀντιοχείας
1289 4898 1494 4953 κανὼν
1524 4900 1614 4962 ια’,
1641 4894 1728 4968 ιβ’.

432 5028 524 5076 ια’.
567 5022 634 5074 Εἴ
662 5038 747 5084 τις
776 5019 1099 5082 ἐπίσκοπος,
1133 5015 1167 5087 ἢ
1194 5012 1588 5086 πρεσϐύτερος,
1616 5011 1650 5082 ἥ
1686 5011 1823 5073 ὅλως
1853 5005 1949 5063 τοῦ

361 5115 610 5178 κανόνος,
661 5112 791 5167 ἄνευ
838 5109 1069 5179 γνώμης
1115 5108 1210 5159 καὶ
1253 5107 1603 5177 γραμμάτων
1640 5104 1751 5158 τῶν
1784 5104 1844 5156 ἐν
1881 5104 1948 5174 τῇ

361 5205 602 5277 ἐπαρχίᾳ
631 5203 968 5266 ἐπισκόπων,
1009 5200 1103 5254 καὶ
1151 5198 1388 5270 μάλιστα
1420 5197 1515 5250 τοῦ
1547 5196 1690 5250 κατὰ
1715 5196 1814 5267 τήν
1849 5213 1953 5265 μη-

361 5298 640 5368 τρόπολιν,
687 5297 952 5367 ὁρμήσειε
988 5292 1124 5364 πρὸς
1171 5291 1394 5362 βασιλέα
1435 5289 1713 5354 ἀπελθεῖν,
1763 5287 1952 5341 τοῦτον

365 5388 841 5462 ἀποκηρύττεσθαι
890 5385 986 5439 καὶ⁸
1034 5383 1340 5454 ἀπόϐλητον
1383 5381 1654 5450 γίνεσθαι,
1697 5379 1759 5432 οὑ
1791 5378 1954 5449 μόνον

365 5485 466 5553 τῆς
498 5481 805 5546 κοινωνίας,
847 5477 984 5532 ἀλλά
1014 5476 1110 5530 καὶ
1136 5475 1234 5542 τῆς
1268 5473 1424 5537 ἀξίας
1451 5467 1519 5543 ἦς
1552 5471 1796 5541 μετέχων
1820 5487 1956 5538 τυγ-

366 5580 544 5651 χάνει,
573 5577 649 5639 ώς
677 5571 1032 5645 παρενοχλεῖν
1057 5566 1342 5636 τολμῶντα
1364 5566 1462 5627 τὰς
1487 5562 1581 5617 τοῦ
1607 5561 1952 5631 θεοφιλεστά-

367 5688 465 5724 του
499 5669 764 5739 βασιλέως
816 5662 975 5734 ἡμῶν
1013 5659 1214 5723 ἀκοάς,
1270 5655 1423 5728 παρά
1461 5655 1556 5708 τὸν
1607 5652 1806 5722 θεσμὸν
1853 5651 1955 5720 τῆς

359 5761 538 5847 δἘκκ)
551 5760 708 5834 ησίας
729 5776 744 5791 ·
779 5755 902 5811 εἰδὲ
932 5750 1208 5822 ἀναγκαία
1233 5747 1426 5819 καλοίη
1457 5743 1614 5818 χρεία
1634 5744 1768 5815 πρὸς
1787 5743 1956 5815 βασι-

1966 4474 2020 4535 D

2002 531 2112 586 tur,
2139 522 2425 591 ejiciunto,
2461 537 2624 595 atque
2655 526 2795 581 alios
2827 527 3141 581 ordinanto.
3178 519 3380 583 Eadem
3416 529 3580 584 etiam

2004 613 2058 668 in
2099 615 2314 670 clericis
2367 619 2749 689 cujuscunque
2793 620 2997 688 gradus
3026 621 3333 676 obtinento.
3385 622 3579 680 Censt.

2007 706 2242 776 denique
2277 709 2344 763 i2
2390 708 2634 775 ejusdem
2668 712 2752 764 tit.
2811 709 2837 763 1
2882 709 3236 765 Novellarum
3291 711 3466 780 jubet,
3523 721 3586 767 ut

2013 797 2071 854 Si
2099 799 2168 854 ab
2189 801 2374 871 aliqua
2395 799 2640 858 Ecclesia
2674 801 2934 857 recedant
2963 802 3174 867 clerici,
3209 803 3300 857 alii
3330 805 3422 873 qui
3455 803 3589 859 sub-

2008 901 2295 963 rogantur,
2332 895 2664 950 annonarias
2693 895 2990 965 pensiones
3030 895 3373 965 percipiant:
3409 909 3587 965 neque

2010 986 2132 1050 illi,
2163 987 2210 1041 si
2285 998 2649 1068 revertantur,
2696 989 2818 1044 illas
2866 989 3089 1059 capiant
3124 1004 3140 1042 :
3193 1003 3371 1057 neque
3409 988 3502 1057 qui
3533 987 3587 1042 id

2012 1095 2182 1150 genus
2208 1081 2542 1149 erogationis
2571 1084 2869 1148 sustinent,
2905 1083 3026 1138 illas
3055 1081 3355 1136 lucrentur.
3375 1080 3433 1137 Si
3458 1095 3589 1135 vero

2014 1170 2377 1243 [erogatores]
2414 1188 2481 1228 ex
2513 1173 2830 1228 annonariis
2865 1171 3227 1242 pensionibus
3255 1169 3586 1244 [quippiam]

2014 1264 2446 1329 interverterint,
2494 1272 2642 1318 certa
2691 1263 2809 1342 [ex]
2862 1265 3081 1319 illorum
3146 1263 3590 1334 possessionibus

2017 1353 2220 1428 [portio
2258 1353 2547 1427 principis]
2575 1339 3168 1426 privatisassignetur,
3207 1363 3268 1408 ut
3301 1353 3428 1408 inde
3455 1339 3594 1418 ,11Ιὰ-

2014 1465 2136 1504 rum
2173 1451 2264 1503 ﬁat
2295 1448 2562 1518 erogatio.

2087 1541 2241 1596 CAP.
2282 1541 2372 1596 ιιι.
2400 1571 2468 1581 -
2498 1539 2651 1605 Quod
2682 1539 2902 1594 debeant
2929 1538 3158 1608 episcopi
3203 1550 3394 1591 causas
3438 1551 3592 1590 scru-

2015 1636 2142 1700 tari,
2186 1635 2248 1688 ob
2292 1650 2425 1704 quas
2466 1633 2694 1703 episcopi
2729 1633 2869 1702 apud
2916 1647 2969 1685 se
3006 1640 3329 1685 transeuntes
3363 1628 3598 1700 peregri-

2019 1738 2236 1783 nuntur.

2339 1817 2568 1873 Concilii
2608 1815 2943 1872 Sardicensis
2976 1829 3144 1869 canon
3180 1812 3276 1868 2|.

2095 1931 2234 2006 [‘20].
2273 1930 2616 1987 Gaudentius
2672 1929 2963 1998 episcopus
3011 1925 3196 1980 dixit:
3263 1923 3393 1978 Haec
3440 1920 3592 1977 salu-

2020 2027 2213 2082 tariter
2242 2034 2297 2080 et
2332 2031 2703 2093 congruenter
2730 2021 2978 2086 deﬁnita,
3010 2029 3062 2072 et
3100 2026 3301 2072 nostrae
3338 2017 3600 2071 sacerdo-

2019 2127 2134 2173 tum
2161 2116 2407 2188 dignitati
2441 2113 2852 2176 convenienter,
2881 2119 2936 2166 et
2973 2124 3096 2179 quae
3134 2108 3244 2162 Deo
3277 2115 3331 2162 et
3359 2106 3600 2162 homini-

2019 2211 2124 2266 bus
2162 2211 2508 2280 placuerunt,
2556 2203 2856 2275 petentiam
2906 2209 2963 2255 et
2992 2200 3139 2252 vires
3184 2212 3313 2252 suas
3353 2196 3602 2250 obtinere

2021 2293 2454 2372 non'poterunt,
2490 2298 2594 2353 nisi
2645 2296 2809 2352 etiam
2854 2304 3033 2348 metus
3080 2290 3258 2347 editas
3298 2288 3602 2345 sententias

2021 2405 2347 2452 consecutus
2378 2392 2562 2447 fuerit.
2597 2389 2702 2460 Ipsi
2734 2388 2878 2442 enim
2912 2387 3140 2453 scimus,
3195 2397 3340 2452 saepe
3378 2391 3601 2451 propter

2019 2502 2323 2562 paucorum
2351 2482 2766 2554 impudentiam,
2803 2479 3052 2533 divinum
3091 2485 3144 2530 et
3181 2475 3237 2529 in
3275 2472 3470 2543 primis
3507 2487 3604 2526 ve-

2021 2583 2329 2640 nerandum
2360 2575 2655 2635 sacerdotii
2685 2588 2885 2628 nomen
2914 2571 2967 2624 in
2994 2565 3401 2624 damnationem
3433 2563 3605 2636 [vitu-

2021 2675 2389 2748 perationem,
2436 2670 2513 2724 vel
2557 2661 2957 2734 contemptum]
2991 2660 3154 2730 200
3184 2655 3502 2712 incurrisse.
3546 2652 3606 2709 Si

2021 2771 2145 2840 quis
2173 2781 2304 2837 ergo
2339 2773 2535 2833 praeter
2562 2777 2625 2815 ea
2654 2773 2778 2830 qua
2806 2755 3064 2812 omnibus
3095 2752 3209 2807 visa
3247 2759 3399 2814 sunt,
3433 2763 3606 2804 ausus

2024 2861 2210 2923 fuerit,
2251 2857 2480 2913 studens
2515 2851 2684 2908 fastui
2715 2848 2890 2916 magis
2924 2856 2981 2901 et
3017 2841 3343 2914 arrogantiae
3372 2841 3603 2901 servire,

2022 2969 2188 3026 quam
2219 2951 2329 3004 Deo
2360 2947 2598 3018 placere,
2643 2938 2850 3010 aliquid
2898 2935 3046 2990 aliud
3085 2947 3281 3004 agere:
3311 2931 3452 2986 sciat
3493 2929 3608 2999 jam

2025 3064 2087 3103 se
2124 3042 2372 3102 criminis
2413 3054 2590 3100 reum,
2617 3049 2683 3089 ac
2709 3028 3015 3091 defensioni
3059 3025 3359 3082 obnoxium
3405 3022 3612 3078 consti-

1953 3141 2000 3200 C
2035 3148 2208 3201 tuere,
2246 3141 2303 3190 et
2332 3132 2684 3203 episcopatus
2708 3125 2974 3180 honorem
3005 3135 3070 3175 ac
3095 3117 3417 3190 dignitatem
3447 3115 3611 3171 amit-

2034 3241 2168 3287 tere.

2101 3320 2305 3376 Omnes
2328 3311 2762 3385 responderunt:
2798 3307 2996 3373 Decet,
3019 3313 3070 3361 et
3091 3303 3268 3374 placet
3301 3299 3457 3356 nobis
3497 3298 3615 3354 hac

2033 3411 2322 3471 Sententia.
2342 3408 2511 3462 Porro
2526 3391 2707 3460 autem
2728 3403 2832 3455 hoc
2843 3412 3061 3470 quoque
3077 3396 3225 3450 illinc
3243 3393 3348 3448 erit
3375 3391 3614 3446 maxime

2033 3515 2224 3560 notum
2275 3514 2332 3557 et
2370 3499 2547 3569 reipsa
2577 3496 2948 3556 observatum,
3003 3489 3050 3544 si
3105 3485 3482 3554 unusquisque
3511 3496 3615 3535 no-

2033 3607 2232 3659 strum,
2269 3592 2364 3663 qui
2402 3604 2596 3646 sumus
2632 3599 2800 3656 prope
2834 3583 2950 3636 vias
3003 3580 3248 3649 publicas
3289 3591 3384 3630 seu
3419 3573 3612 3629 canale

2036 3682 2317 3740 constituti
2351 3676 2618 3750 epiSCOpi,
2669 3689 2796 3729 cum
2837 3669 3033 3724 viderit
3070 3669 3410 3737 episcopum,
3460 3676 3615 3732 quina

2036 3787 2123 3833 rat
2167 3789 2395 3830 causam
2438 3770 2722 3846 transitus,
2777 3776 2834 3822 et
2881 3779 2992 3834 quo
3038 3769 3270 3833 pergat:
3303 3766 3356 3812 et
3392 3755 3438 3810 si
3489 3768 3614 3808 eunt

2039 3871 2260 3942 quidem
2301 3869 2356 3922 in
2401 3875 2579 3922 castra
2609 3860 3050 3933 proﬁciscentem
3087 3850 3376 3913 invenerit,
3407 3852 3618 3917 quierat

2040 3960 2405 4023 conditiones,
2456 3971 2579 4026 qua:
2623 3951 2881 4022 superius
2921 3945 3212 4018 pr0positze
3262 3948 3394 3996 sunt
3423 3959 3438 3993 :
3465 3945 3521 3991 et
3568 3936 3618 3991 si

2039 4061 2304 4111 evocatus
2334 4048 2541 4111 veniat,
2563 4045 2614 4100 ei
2661 4041 2889 4100 abeunti
2921 4039 3057 4093 nihil
3099 4030 3471 4104 impedimenti
3502 4029 3618 4080 ﬁat.

2042 4149 2138 4202 Sin
2169 4157 2349 4200 autem
2371 4135 2756 4195 ostentationis
2788 4133 2985 4204 gratia,
3027 4124 3486 4199 quemadmodum
3525 4134 3624 4174 ve-

2041 4251 2171 4297 stra!
2219 4233 2502 4292 dilectioni
2555 4227 2809 4300 superius
2861 4225 3064 4280 dictum
3121 4227 3227 4283 est,
3275 4216 3360 4270 vel
3400 4220 3622 4282 propter

2043 4333 2357 4402 aliquorum
2385 4323 2664 4398 postulata
2701 4321 2757 4374 in
2787 4325 2970 4373 castra
3003 4311 3260 4373 festinat;
3291 4321 3394 4362 nec
3425 4301 3623 4359 litteris

2043 4425 2164 4496 cjns
2193 4420 2522 4480 subscribat,
2553 4430 2655 4470 nec
2686 4427 2811 4467 cum
2836 4423 2904 4464 eo
2931 4402 3324 4462 communicet.

2117 4512 2320 4569 Omnes
2351 4509 2608 4574 dixerunt
2633 4522 2647 4558 :
2679 4502 2795 4557 Hoc
2815 4511 3035 4570 quoque
3064 4495 3413 4550 decernatur.

2117 4648 2269 4704 CAP.
2318 4642 2411 4700 IV.
2439 4670 2510 4683 —-—
2544 4638 2622 4694 De
2654 4635 2906 4706 episcopis
2938 4629 3015 4685 vel
3048 4625 3256 4684 clericis
3284 4624 3355 4678 ad
3397 4625 3631 4693 impera-

2052 4754 2218 4799 torem
2250 4739 2328 4796 vel
2357 4739 2470 4806 ejus
2509 4733 2693 4789 aulam
2719 4725 3076 4801 pergentibus.

2296 4853 2524 4911 Conciiii
2554 4846 2869 4906 Antiocheni
2906 4857 3134 4898 canones
3168 4837 3254 4898 11.
3300 4836 3389 4891 12.

2123 4993 2212 5049 11.
2251 4989 2308 5045 Si
2344 4989 2467 5060 quis
2490 4984 2804 5056 episcopus,
2829 4976 2913 5031 vel
2951 4972 3254 5045 presbyter,
3282 4966 3369 5021 vel
3409 4962 3635 5018 omnino

2051 5102 2120 5142 ex
2148 5058 2377 5141 canone
2398 5080 2538 5134 citra
2567 5071 2896 5131 sententiam
2930 5076 2984 5122 et
3008 5067 3215 5120 litteras
3250 5058 3634 5127 episcoporum

2054 5174 2374 5250 provinciae,
2416 5178 2472 5226 et
2507 5165 2744 5223 niaxime
2775 5157 3319 5228 metropolitanorqu
3356 5151 3423 5202 ad
3462 5146 3637 5214 impe-

2058 5281 2296 5328 ratorem
2331 5261 2604 5337 proﬁcisci
2636 5269 2933 5329 aggressus
2965 5250 3155 5316 luerit,
3190 5247 3239 5300 is
3269 5243 3551 5299 abdicetur
3584 5245 3638 5290 et

2054 5369 2310 5440 ejiciatur
2339 5377 2449 5417 non
2477 5357 2652 5415 solum
2685 5369 2715 5408 a
2746 5346 3154 5409 communione,
3178 5339 3273 5396 sed
3304 5337 3469 5393 etiam
3500 5347 3529 5387 ιι
3555 5329 3640 5428 di-

2056 5418 2262 5529 gnitate
2295 5450 2456 5520 cujus
2489 5455 2575 5501 est
2612 5446 2908 5513 particeps,
2942 5444 3003 5489 ut
3035 5431 3129 5502 qui
3151 5427 3309 5498 201
3335 5418 3640 5529 religigsis-

2060 5510 2187 5606 :imi
2234 5537 2578 5614 imperatoris
2613 5533 2788 5590 nostri
2823 5522 3050 5584 auribus
3105 5518 3408 5577 molestiam
3450 5510 3642 5566 aﬂerre

2058 5642 2259 5699 audeat
2286 5643 2483 5708 praeter
2512 5633 2678 5686 ritum
2702 5625 2984 5682 Ecclesiae.
3011 5620 3067 5674 Si
3088 5625 3271 5672 autem
3305 5604 3645 5664 necessarius
3743 5635 3757 5646 .

2064 5749 2198 5794 usus
2227 5697 2412 5802 exigat
2443 5734 2500 5783 ut
2529 5723 2596 5780 ad
2622 5723 3009 5792 imperatorem
3039 5728 3098 5770 se
3119 5705 3386 5768 conferat,
3426 5697 3481 5754 id
3520 5702 3641 5768 agat
