4122 6468
527 340 631 403 667

1684 342 1944 401 PHOI‘II
1987 336 2492 400 PATIilARClL’E
2523 336 2633 397 (ΣΡ.

3700 325 3817 389 668

526 444 1059 502 cumdeliberationc
1079 454 1133 502 et
1158 447 1427 501 scntcntia
1455 447 1853 514 metropolitani
1885 447 2102 516 provin-

2206 444 2297 496 λέα
2330 446 2528 514 όρμᾷν,
2565 442 2722 496 τοῦτο
2768 439 3025 510 πράττειν
3071 438 3207 509 μετά
3237 436 3477 507 σκέψεως
3512 434 3621 489 καί
3665 434 3812 501 γνώ-

528 539 648 605 ιξὶαρ,
680 545 734 592 et
763 552 955 592 eorum
998 539 1091 606 qui
1141 548 1269 593 sunt
1316 539 1371 593 in
1404 554 1504 602 ca,
1557 552 1858 607 eorumque
1912 537 2104 591 litteris

531 630 777 686 munitus
805 630 911 686 iter
942 630 1180 685 invadat.

605 816 694 871 12.
734 815 790 869 Si
828 816 950 885 quis
1003 833 1033 871 a
1082 818 1301 888 proprio
1344 818 1602 889 episc0po
1628 817 1910 886 depositus
1948 831 2106 886 pres-

535 907 712 977 byter,
743 910 827 962 vel
856 910 1138 972 diaconus,
1188 910 1268 964 vel
1291 912 1579 980 episcopus
1610 926 1640 963 a
1673 909 1905 980 synodo,
1937 923 2106 961 ausus

535 995 701 1050 fuerit
764 997 1110 1065 imperatoris
1166 1000 1391 1054 auribus
1454 1000 1759 1054 molestiam
1825 997 2102 1057 exhibere,

532 1103 658 1142 cum
686 1089 1013 1157 oporteatad
1038 1091 1297 1158 majorem
1325 1091 1591 1161 synodum
1622 1090 1887 1155 converti,
1919 1088 2101 1156 etjus,

531 1178 676 1247 quod
706 1193 766 1232 sc
792 1179 992 1232 habere
1028 1189 1200 1248 putat,
1241 1180 1307 1233 ad
1341 1182 1524 1250 plures
1556 1186 1843 1247 episcopos
1879 1176 2101 1240 referre,

530 1284 825 1337 eorumque
854 1269 1312 1324 examinationem
1365 1282 1418 1325 et
1468 1270 1735 1340 judicium
1771 1269 2050 1336 suscipere
2087 1284 2100 1319 :

528 1359 622 1428 qui
653 1359 855 1428 itaque,
875 1360 959 1414 his
988 1362 1333 1429 contemptis,
1358 1361 1666 1430 imperaturi
1694 1362 1953 1413 molestus
1986 1361 2105 1411 fue—

528 1450 620 1512 rit,
656 1450 723 1513 is,
759 1451 904 1501 nulla
933 1451 1090 1503 venia
1123 1452 1321 1519 dignus
1344 1490 1359 1514 ,
1431 1467 1607 1520 neque
1638 1452 1721 1504 sui
1776 1449 2101 1503 defendendi

528 1539 708 1593 locum
740 1540 955 1605 habeat,
988 1557 1087 1597 nec
1114 1544 1478 1598 restitutionis
1505 1545 1701 1598 futura:
1734 1558 1885 1612 spem
1911 1558 2105 1611 exspe-

528 1638 658 1684 etet.

723 1721 954 1775 Concilii
976 1720 1316 1777 Sardicensis
1347 1741 1517 1778 canon
1552 1724 1607 1791 7,
1650 1726 1704 1786 8,
1744 1725 1798 1788 9,
1826 1725 1916 1782 20.

598 1810 650 1864 7.
677 1808 876 1865 Hosius
900 1813 1192 1882 episcopus
1210 1814 1379 1870 dixit:
1408 1816 1796 1885 lmportunitas
1822 1826 2031 1881 nostra,
2050 1826 2103 1871 et

528 1902 701 1956 multa
728 1903 1043 1969 assiduitas,
1072 1913 1127 1959 ct
1172 1906 1393 1975 injustre
1446 1924 1640 1977 preces
1668 1908 1989 1970 effecerunt,
2045 1918 2103 1962 ut

527 2009 632 2049 nos
666 2009 774 2047 non
826 1994 1126 2050 habeamus
1173 2006 1379 2051 tantam
1423 2000 1651 2069 gratiam
1686 2007 1740 2052 et
1798 1999 2101 2051 libertatem

526 2084 766 2149 dicendi,
812 2094 1074 2153 quantam
1126 2084 1460 2140 debebamus
1491 2087 1713 2141 habere.
1757 2086 1907 2139 Multi
1957 2087 2100 2140 enim

526 2175 769 2244 episcopi
803 2190 909 2230 non
969 2177 1338 2233 intermittunt
1375 2180 1441 2233 ad
1483 2188 1666 2233 castra
1715 2179 2001 2243 accedere,
2050 2185 2104 2232 et

526 2266 767 2322 maxime
811 2266 957 2334 Afri,
1004 2270 1115 2336 qui,
1148 2271 1606 2340 quemadmodum
1661 2272 2016 2341 cOgnovimus
2071 2288 2101 2325 a

526 2361 728 2414 dilecto
763 2360 930 2415 fratre
960 2374 1146 2417 nostro
1172 2373 1220 2417 et
1254 2348 1577 2432 coepiscopo
1611 2364 1801 2429 Grato,
1835 2364 2099 2418 salutaria

526 2450 756 2504 consilia
815 2466 919 2504 non
970 2453 1284 2521 admittunt,
1345 2456 1439 2507 sed
1480 2454 1551 2507 ita
1613 2466 1990 2521 contemnunt,
2044 2465 2104 2511 ut

526 2558 670 2598 unus
702 2544 862 2598 homo
894 2545 947 2597 in
973 2554 1151 2600 castra
1185 2547 1468 2615 plurimas,
1512 2557 1565 2602 et
1608 2549 1874 2611 diversas,
1900 2560 1952 2602 et
1983 2530 2102 2619 quin

524 2645 634 2685 non
696 2643 923 2701 possunt
953 2635 1147 2703 juvare
1194 2636 1485 2700 Ecclesias,
1538 2652 1726 2705 preces
1777 2636 1987 2700 aﬂ‘erat,
2048 2648 2102 2692 et

524 2735 635 2774 non
689 2724 773 2787 (ut
800 2722 960 2775 debet
998 2724 1135 2786 fieri,
1167 2734 1219 2777 et
1248 2726 1522 2796 convenit)
1561 2729 1890 2796 pauperibus
1920 2737 1974 2781 et
2000 2727 2102 2782 lai—

522 2810 631 2875 cis,
665 2813 746 2866 vel
778 2813 960 2868 viduis
984 2830 1140 2884 opem
1174 2825 1229 2869 et
1259 2818 1523 2871 auxilium
1560 2818 1715 2883 ferat,
1748 2820 1840 2873 sed
1868 2822 2099 2875 smeula-

523 2918 616 2958 res
647 2904 939 2972 dignitates
966 2918 1016 2959 et
1036 2905 1347 2962 functiones
1365 2910 1637 2978 aliquibus
1676 2912 1944 2981 acquirat.
1976 2912 2101 2968 llaec

521 3010 657 3065 ergo
684 3000 1013 3053 perversitas
1044 2998 1432 3054 detrimentum
1463 3018 1567 3056 non
1609 3004 1729 3058 sine
1772 3004 2100 3061 offendicula

2210 555 2317 606 μης
2355 537 2448 590 τοῦ
2500 537 2642 589 κατὰ
2668 536 2766 597 τὴν
2810 533 3146 605 μητρόπολιν
3193 533 3293 601 τῆς
3342 529 3629 599 ὲπαρχίᾱς
3685 528 3815 579 ἐπι.

2209 630 2410 681 σκόπου
2444 628 2537 680 καὶ
2570 625 2678 680 τῶν
2707 628 2766 679 ὲν
2798 627 2959 697 αὐτῇ,
2996 628 3110 689 τοῖς
3139 642 3200 678 τε
3231 622 3436 678 τούτων
3461 612 3818 692 γράμμασιν

2206 718 2603 784 ὲφοδιάζεσθαι.

2281 810 2368 879 ιβ’.
2412 812 2476 863 Ei’
2515 827 2597 873 τις
2632 809 2739 862 ὑπὸ
2782 808 2876 861 τοῦ
2918 807 3047 861 ίδίου
3095 805 3394 859 ἐπισκόπου
3438 801 3815 872 καθαιρεθεὶς

2207 903 2596 972 πρεσὸύτερος,
2630 902 2662 971 ἢ
2698 901 2967 964 διάκονος,
3004 900 3036 970 ἦ
3068 900 3162 951 καὶ
3191 898 3486 958 ἐπίσκοπος
3521 894 3637 947 ὑπὸ
3676 910 3811 943 συν-

2204 995 2347 1055 όδου,
2380 994 2665 1062 ἐνοχλῆσαι
2699 992 2987 1061 τολμήσειε
3016 990 3115 1052 τάς
3147 988 3408 1059 βασιλέως
3442 984 3651 1047 ἀκοὰς.
3686 985 3811 1035 δέον

2205 1087 2297 1139 ἐπὶ
2346 1085 2567 1153 μείζονα
2618 1084 2931 1137 ἐπισκόπων
2980 1081 3195 1134 σύνοδον
3237 1078 3565 1149 τρέπεσθαι,
3621 1078 3725 1127 καὶ
3774 1073 3811 1127 ἆ

2204 1176 2410 1245 νομίζει
2437 1176 2616 1227 δίκαια
2639 1174 2803 1242 ἔχειν,
2839 1174 3274 1243 προσαναφέρειν
3302 1169 3546 1220 πλείοσιν
3570 1165 3810 1219 ἐπισκό-

2207 1285 2351 1330 ποις,
2388 1268 2481 1319 καὶ
2511 1268 2608 1333 τὴν
2646 1268 2775 1335 παρ’
2805 1264 2983 1317 αὐτῶν
3016 1265 3261 1330 ἐξέτασίν
3294 1279 3361 1315 τε
3384 1261 3479 1314 καὶ
3510 1261 3810 1327 ἐπίκρισιν

2205 1358 2523 1426 ἐκδέχεσθαι
2555 1376 2567 1389 ·
2637 1359 2685 1409 εἰ
2730 1357 2823 1409 καὶ
2856 1355 3059 1409 τούτων
3093 1356 3430 1425 ὀλιγωρήσας
3475 1353 3807 1421 ἐνοχλήσειε

2202 1452 2281 1520 τῷ
2315 1451 2542 1521 βασιλεῖ,
2580 1451 2765 1503 τοῦτον
2812 1452 3080 1519 μηδεμιᾶς
3122 1448 3451 1518 συγγνώμης
3482 1445 3805 1510 ἀξιοῦσθαι,

2209 1542 2342 1610 μηδὲ
2368 1541 2552 1611 χώραν
2582 1541 2876 1606 ἀπολογίας
2909 1541 3072 1609 ἔχειν,
3105 1541 3241 1610 μηδὲ
3267 1540 3456 1593 ἐλπίδα
3486 1536 3808 1609 μελλούσης

2203 1632 2701 1692 ἀποκαταστάσεως
2738 1632 3063 1700 προσδοκᾷν.

2376 1720 2644 1773 Συνόδου
2678 1719 2975 1789 Σαρδικῆς
3011 1718 3211 1773 κανὼν
3239 1720 3306 1782 ζ’,
3341 1727 3410 1790 η’,
3440 1720 3511 1785 θ’,
3544 1725 3621 1774 κ’.

2137 1778 2177 1832 Β
2275 1810 2342 1876 ζ’.
2370 1812 2555 1873 Ὀσιος
2585 1778 2881 1874 ἐπίσκοπος
2906 1778 3059 1864 εἶπεν
3083 1828 3097 1841 ο
3145 1811 3209 1863 'll
3240 1778 3467 1879 ἀκαίρία
3494 1778 3685 1880 ημῶν,
3708 1809 3807 1862 καὶ

2204 1899 2442 1971 ἡπολλὴ
2491 1900 2764 1969 συνέχεια,
2811 1900 2905 1952 καὶ
2934 1901 2989 1952 αἱ
3039 1898 3213 1953 ἄδικοι
3260 1898 3512 1963 ἀξιώσεις
3560 1899 3799 1966 πεποιήο

2203 2007 2365 2043 κασιν
2399 1991 2549 2061 ἡμᾶς
2574 1991 2648 2061 μὴ
2674 1990 2940 2058 τοσαύτην
2970 1989 3115 2059 ἔχειν
3144 1990 3307 2060 χάριν
3347 1991 3441 2042 καὶ
3474 1990 3804 2059 παρρησίαν

2202 2081 2336 2151 ὅσην
2386 2081 2676 2149 ὀφείλομεν
2709 2080 3029 2149 κεκτῆσθαι.
3075 2081 3267 2133 Πολλοὶ
3292 2082 3401 2151 γὰρ
3428 2081 3539 2134 τῶν
3572 2080 3803 2133 ἐπισκό-

2204 2189 2321 2224 πων
2353 2172 2413 2224 οὐ
2448 2171 2815 2224 διαλείπωσιν
2860 2173 2939 2235 είς
2984 2171 3045 2224 τὸ
3091 2172 3451 2241 στρατόπεδον
3484 2169 3803 2241 παραγινό-

2207 2281 2376 2335 μενοι,
2410 2265 2501 2317 καὶ
2531 2263 2763 2333 μάλιστα
2787 2263 2837 2315 οἱ
2878 2264 3065 2332 Ἀφροί
3088 2279 3101 2294 ·
3145 2264 3362 2327 οἵτινες,
3402 2262 3591 2327 καθὼς
3623 2262 3799 2331 {ymo-

2206 2372 2306 2425 μεν
2336 2356 2488 2427 παρὰ
2518 2356 2611 2408 τοῦ
2654 2356 2940 2423 ἀγαπητοῦ
2971 2355 3200 2424 ἁδελφοῦ
3237 2355 3393 2426 ἡμῶν
3434 2355 3534 2407 καὶ
3570 2372 3800 2407 συνεπι-

2209 2449 2414 2501 σκόπου
2476 2447 2725 2516 Γράτου,
2787 2446 2888 2510 τὰς
2946 2439 3307 2516 σωτηριώδεις
3366 2446 3686 2515 συμϐουλὰς
3736 2443 3797 2496 ού

2204 2539 2620 2608 παραδέχονται,
2666 2538 2800 2590 ἀλλὰ
2845 2538 3277 2611 καταφρονοῦσιν
3323 2537 3520 2600 οὕτως,
3572 2537 3653 2601 ὡς
3703 2537 3799 2589 ἕνα

2203 2628 2487 2698 ἄνθρωπον
2519 2628 2597 2689 είς
2626 2628 2686 2680 τὸ
2712 2627 3069 2697 στρατόπεδον
3092 2626 3349 2689 πλείστας
3376 2628 3471 2681 καὶ
3498 2626 3798 2696 διαφόρους

2201 2718 2297 2769 καὶ
2326 2717 2399 2787 μὴ
2439 2717 2739 2786 δυναμένας
2762 2717 3042 2785 ὠφελῆσαι
3082 2716 3182 2777 τὰς
3221 2717 3551 2787 Ἐκκλησίας
3583 2717 3799 2786 δεήσεις

2199 2812 2537 2882 διακομίζειν
2556 2830 2568 2842 ·
2600 2812 2787 2881 καὶμὴ
2806 2811 2880 2875 ὠς
2900 2811 3105 2880 ὀφείλει
3133 2811 3387 2880 γίνεσθαι,
3419 2813 3516 2865 καὶ
3542 2812 3623 2875 ὡς
3638 2828 3801 2880 προσ·

2203 2908 2337 2978 ἧκόν
2368 2910 2483 2960 ἐστι
2511 2908 2623 2969 τοῖς
2656 2906 2852 2974 πένησι
2882 2907 2975 2957 καὶ
3000 2907 3113 2965 τοῖς
3144 2906 3350 2963 λαῖκοῖς
3376 2904 3409 2974 ἢ
3433 2907 3557 2967 ταῖς
3592 2904 3795 2974 χήραις

2208 2998 2557 3069 συναίρεσθαι
2581 2997 2676 3050 καὶ
2701 2998 3039 3066 ἐπικουρεῖν,
3069 2995 3205 3049 ἀλλά
3239 2995 3479 3065 κοσμικὰ
3502 2994 3793 3062 ἀξιώματα

523 3097 580 3141 et
602 3089 1055 3143 condemnatione
1078 3091 1239 3160 202
1273 3092 1428 3147 nobis
1457 3094 1734 3150 conciliat.
1762 3096 2100 3151 Convenien-

2206 3089 2296 3143 καὶ
2330 3088 2555 3157 πράξεις
2597 3088 2866 3157 περινοεῖν
2907 3102 3068 3139 τισιν.
3123 3084 3269 3154 Αὕτη
3313 3083 3498 3136 τοίνυν
3534 3086 3569 3153 ἡ
3608 3082 3797 3136 σκαιό-

526 3178 638 3235 tius
675 3190 856 3235 autem
891 3195 1014 3235 esse
1043 3182 1378 3245 existimavi,
1413 3192 1472 3236 ut
1505 3185 1796 3254 cpiscOpus
1828 3187 1904 3242 illi
1936 3203 2098 3242 suum

526 3268 789 3322 auxilium
818 3269 1078 3337 praebeat,
1115 3271 1201 3324 cui
1227 3274 1295 3324 ab
1334 3272 1518 3342 aliquo
1550 3274 1631 3326 vis
1667 3271 1914 3342 aflertur,
1948 3278 2033 3330 vel
2056 3278 2101 3333 si

529 3372 654 3427 quae
685 3358 846 3412 vidua
909 3358 1106 3429 injuria
1136 3360 1424 3427 alliciatur,
1459 3364 1541 3417 vel
1587 3365 1632 3419 si
1688 3365 1815 3433 quis
1864 3367 2105 3437 pupillus

528 3446 773 3516 privetur
812 3446 903 3515 iis,
929 3464 1053 3518 quae
1103 3449 1171 3504 ad
1212 3450 1390 3521 ipsum
1436 3455 1741 3523 pertinent;
1782 3456 1829 3511 si
1883 3458 2103 3527 quidem

527 3534 645 3590 hac
671 3538 893 3591 numina
919 3537 1123 3607 justam
1153 3538 1389 3594 habeant
1426 3555 1651 3596 causam
1674 3552 1726 3598 et
1753 3546 2108 3615 supplicatio-

529 3642 684 3683 nem.
720 3628 778 3683 Si
821 3629 1030 3701 itaque,
1065 3632 1249 3687 dilecti
1273 3633 1493 3697 fratres,
1536 3635 1642 3691 hoc
1673 3638 1930 3693 omnibus
1960 3639 2108 3694 vide-

528 3726 621 3772 tur
649 3717 719 3774 iis
774 3735 897 3788 quae
941 3722 1008 3776 ad
1068 3722 1247 3792 ipsum
1284 3725 1592 3793 pertinent;
1625 3728 1672 3782 si
1715 3728 1935 3798 quidem
1991 3729 2107 3785 haec

531 3810 753 3865 nomina
782 3810 984 3880 justam
1023 3812 1257 3868 habeant
1284 3830 1511 3871 causam
1539 3824 1605 3872 eL
1626 3817 2103 3888 supplicationem.

529 3901 589 3956 Si
651 3900 858 3971 itaque,
910 3902 1094 3958 dilecti
1156 3903 1373 3973 fratres,
1422 3906 1528 3963 hoc
1583 3909 1842 3965 omnibus
1874 3910 2105 3975 videtur,

528 3992 757 4047 statuite
789 3993 1000 4049 nullum
1034 4006 1285 4065 oportere
1320 3997 1640 4068 episcopum
1690 4000 1756 4054 ad
1794 4010 1975 4056 castra
2014 4017 2109 4057 ac-

529 4083 745 4149 cedere,
777 4095 973 4154 praeter
1000 4102 1096 4143 eos
1125 4103 1264 4157 quos
1292 4090 1415 4158 pius
1448 4091 1746 4160 imperator
1776 4100 1964 4148 noster
1990 4096 2107 4151 suis

530 4176 731 4232 litteris
782 4179 1038 4233 accersit.
1075 4176 1179 4234 Sed
1206 4180 1337 4251 quia
1367 4196 1510 4250 saepe
1542 4184 1831 4254 contingit,
1888 4186 2105 4255 aliquos

526 4265 624 4334 qui
663 4262 823 4335 egent
866 4266 1270 4335 misericordia,
1322 4269 1390 4324 ad
1425 4268 1729 4325 Ecclesiam
1788 4272 2104 4344 confugere,

526 4357 623 4425 qui
654 4367 872 4427 propter
898 4375 997 4415 sua
1026 4368 1250 4430 peccata
1279 4361 1365 4417 vel
1396 4363 1729 4433 relegatione
1750 4404 1766 4426 ,
1808 4365 1893 4419 vel
1933 4366 1986 4420 in
2016 4367 2105 4421 in-

2204 3199 2327 3252 της,
2360 3181 2448 3233 τὸν
2501 3180 2784 3250 Θραυσμδν
2814 3178 2913 3231 οὐκ
2946 3178 3074 3232 ἄνευ
3122 3175 3416 3229 σκανδάλου
3462 3175 3615 3239 τινὸς
3664 3176 3794 3244 ἡμῖν
3870 3190 3877 3197 δ

2204 3273 2300 3326 καὶ
2326 3270 2726 3339 καταγνώσεως
2754 3270 3004 3341 προξενεῖ
3024 3286 3037 3301 ο
3087 3268 3541 3340 πρεπωδέστερον
3566 3268 3624 3320 δὲ
3656 3262 3795 3319 εἶναι

2204 3366 2453 3437 ἐνόμισα,
2496 3365 2794 3419 ἐπίσκοπον
2836 3364 2935 3435 τὴν
2977 3363 3173 3417 ἑαυτοῦ
3227 3363 3483 3434 βοήθειαν
3528 3361 3793 3434 παρέχειν

2206 3463 2423 3533 ἐκείνῳ,
2462 3462 2612 3525 ὅστις
2662 3462 2728 3515 ἂν
2770 3460 2875 3515 ὑπό
2907 3477 3053 3524 τινος
3100 3458 3356 3530 βιάζοιτο,
3392 3458 3426 3529 ἢ
3485 3458 3543 3512 et
3566 3474 3651 3520 τις
3686 3455 3793 3508 τῶν

2204 3552 2393 3624 χηρῶν
2418 3553 2675 3617 ἀδικοῖτο,
2710 3551 2744 3620 ἢ
2776 3551 2842 3604 αὖ
2874 3551 3036 3605 πάλιν
3065 3549 3299 3621 ὀρφανός
3326 3566 3409 3612 τις
3435 3547 3794 3616 ἀποστεροῖτο

2205 3643 2316 3697 τῶν
2348 3641 2496 3713 αὑτῷ
2531 3642 2942 3715 προσηκόντων,
2987 3639 3146 3709 εἴπερ
3197 3637 3307 3708 ἄρα
3363 3637 3460 3690 καὶ
3508 3635 3686 3690 ταῦτα
3727 3631 3796 3686 τὰ

2205 3733 2445 3804 ὀνόματα
2470 3734 2689 3787 δικαίαν
2717 3732 2830 3803 ἔχει
2858 3732 2956 3802 τὴν
2981 3730 3227 3796 ἀξίωσιν.
3256 3729 3319 3781 Ei
3348 3728 3555 3793 τοίνυν,
3583 3729 3795 3795 ἀγαπη-

2206 3824 2290 3877 τοὶ
2335 3824 2579 3893 ἀδελφοὶ,
2622 3824 2757 3876 πᾶσι
2805 3820 2964 3876 τοῦτο
3013 3820 3181 3885 δοκεῖ,
3220 3817 3542 3890 ἔπικρίνατε
3591 3814 3793 3885 μηδένα

2210 3915 2511 3969 ἐπίσκοπον
2541 3916 2739 3985 χρῆναι
2773 3914 2851 3975 είς
2882 3912 2942 3965 τὸ
2974 3910 3337 3982 στρατόπεδον
3368 3906 3787 3978 παραγίνεσθαι,

2208 4007 2483 4077 παρεκτὸς
2519 4005 2725 4060 τούτων
2772 4004 2865 4065 οὒς
2908 4003 2973 4057 ἂν
3022 4006 3049 4056 ὁ
3102 4000 3489 4062 εὐσεϐέστατος
3539 3995 3790 4070 βασιλεὺς

2208 4097 2367 4168 ἡμῶν
2428 4100 2541 4160 τοῖς
2608 4095 2802 4149 ἑαυτοῦ
2851 4095 3141 4164 γράμμασι
3190 4092 3551 4161 μετακαλοῖτο
3582 4108 3598 4123 ’
3676 4087 3789 4143 ἀλλ’

2208 4189 2397 4259 ἐπειδὴ
2430 4187 2692 4252 πολλάκις
2743 4187 3028 4257 συμϐαίνει
3070 4186 3224 4247 τινὰς
3263 4185 3447 4237 οἴκτου
3478 4182 3787 4253 δεομένους,

2208 4282 2540 4349 καταφυγεῖν
2569 4280 2661 4333 ἐπὶ
2680 4279 2778 4349 τὴν
2823 4277 3173 4346 Ἐκκλησίαν,
3190 4275 3277 4329 διὰ
3302 4277 3369 4329 τά
3382 4275 3591 4329 ἑαυτῶν
3615 4275 3793 4343 ἀμαρ-

2208 4373 2429 4443 τήματα
2476 4372 2556 4434 είς
2604 4368 2961 4440 περιορισμὸν
3008 4368 3040 4437 ἢ
3086 4368 3247 4434 νῆσον
3272 4365 3788 4426 καταδικασθέντας,

528 4448 705 4503 Sulam
734 4450 1109 4519 deportatione
1156 4454 1424 4518 damnati,
1470 4455 1553 4507 vel
1581 4455 1779 4523 quavis
1824 4456 1930 4510 alia
1974 4472 2101 4512 sen-

2207 4464 2240 4535 ἢ
2275 4462 2340 4516 αὖ
2377 4463 2537 4517 πάλιν
2567 4459 2920 4531 οίαδηποτοῦν
2952 4459 3223 4527 ἀποφάσει
3246 4457 3652 4526 ἐκδεδομένους,
3681 4453 3788 4513 τοῖς

529 4540 700 4594 tentia
747 4542 946 4597 addicti
978 4554 1135 4611 sunt;
1172 4545 1239 4600 iis
1271 4560 1378 4599 non
1422 4561 1545 4601 esse
1587 4550 1896 4616 negandum
1947 4552 2104 4604 atrxi-

531 4630 686 4696 lium,
716 4633 811 4686 sed
831 4634 950 4688 sine
967 4638 1319 4691 cunctatione
1338 4646 1391 4690 et
1423 4637 1765 4693 dubitatione
1791 4640 1857 4694 iis
1891 4642 2103 4695 veniam

528 4736 651 4775 esse
708 4724 1017 4790 petendam.
1062 4725 1118 4780 Si
1146 4726 1333 4795 itaque
1365 4728 1467 4782 hoc
1497 4744 1717 4799 quoque
1757 4731 1955 4799 placet,
1997 4749 2109 4786 om-

530 4826 628 4865 nes
681 4826 789 4865 una
838 4824 1076 4867 vestrum
1124 4816 1444 4887 suffragium
1490 4817 1646 4872 ferte.
1684 4820 2109 4890 Responderunt

531 4919 725 4957 omnes
761 4921 774 4956 :
821 4902 1153 4960 Decernatur
1179 4907 1383 4961 ethoc.

601 4996 658 5049 8.
690 4994 891 5050 llosius
930 4998 1217 5067 episcopus
1243 4998 1535 5055 dixit:lloc
1559 5017 1778 5071 quoque
1806 5010 1987 5057 vestra
2017 5017 2112 5057 so-

534 5088 685 5141 lcrtia
718 5087 943 5156 judicet.
983 5099 1039 5144 ut
1073 5090 1200 5159 quia
1230 5091 1405 5145 visum
1438 5104 1543 5158 est,
1577 5110 1643 5148 ne
1680 5094 1874 5164 aliquis
1899 5096 2113 5165 episco-

536 5192 635 5244 pus
671 5178 722 5230 in
769 5181 1278 5235 condemnationem
1308 5182 1510 5236 incidat
1552 5185 1617 5236 ad
1647 5194 1830 5238 castra
1864 5185 2109 5251 veniens,

537 5271 581 5321 si
615 5269 709 5337 qui
736 5286 923 5324 eorum
956 5272 1265 5340 ejusmodi,
1303 5289 1539 5339 quarum
1579 5274 1834 5343 superius
1864 5276 2115 5330 memini-

541 5375 686 5425 mus,
723 5361 959 5416 habeant
986 5379 1195 5432 preces,
1233 5380 1330 5433 pcr
1360 5366 1637 5435 proprium
1672 5366 1962 5420 diaconum
1990 5368 2115 5421 mit-

543 5458 679 5503 tant.
715 5448 950 5507 Ministri
1002 5454 1146 5507 erlim
1181 5469 1415 5522 persona
1450 5470 1558 5508 non
1605 5467 1691 5510 est
1724 5457 2015 5518 invidiosa,
2064 5468 2119 5512 et

539 5554 664 5607 quae
695 5555 962 5598 concessa
983 5544 1394 5611 fuerint',citius
1428 5547 1655 5615 perferri
1686 5557 1960 5617 poterunt.
2014 5549 2117 5606 Re-

546 5632 883 5699 sponderunt
921 5652 1114 5693 omnes
1158 5656 1170 5691 :
1207 5637 1497 5693 Sanciatur
1527 5641 1722 5697 ethoc.

2206 4552 2468 4614 τοιούτοις
2522 4552 2596 4621 μὴ
2646 4552 2914 4619 ἀρνητέαν
2966 4546 3106 4604 εἶναι
3151 4551 3251 4618 τὴν
3312 4549 3600 4620 βοήθειαν,
3656 4544 3787 4600 ἀλλὰ

2209 4640 2723 4713 χωρὶς¹μελησμοῦ,
2757 4640 2852 4691 καὶ
2881 4639 3007 4692 ἄνευ
3041 4637 3133 4691 τοῦ
3162 4638 3434 4701 διστάσαι,
3471 4640 3585 4699 τοῖς
3613 4631 3786 4686 τοιού-

2207 4749 2319 4796 τοις
2351 4730 2616 4784 αἰτεῖσθαι
2651 4728 3017 4799 συγχώρησιν.
3049 4729 3109 4781 Ei
3143 4728 3323 4780 τοίνυν
3349 4728 3444 4780 καὶ
3470 4726 3628 4780 τοῦτο
3658 4721 3784 4792 ἀρέ-

2211 4839 2354 4886 σκει,
2386 4820 2672 4889 σύμψηφοι
2702 4820 2918 4888 γίνεσθε
2950 4819 3212 4879 ἅπαντες.
3252 4817 3527 4881 ’Ἅπαντες
3556 4810 3787 4883 ἀπεκρί-

2210 4931 2400 4970 ναντοο
2445 4911 2743 4983 Ὀριζέσθω
2767 4912 2861 4963 καὶ
2888 4909 3069 4964 τοῦτο.

2281 5004 2353 5077 η’.
2393 5007 2578 5068 Ὅσιος
2612 5004 2906 5067 ἐπίσκοπος
2944 4998 3093 5056 εἴπε-
3147 5003 3256 5057 Καὶ
3292 5001 3453 5057 τοῦτο
3484 5001 3516 5071 ἡ
3546 4997 3785 5067 ἀγχίνοια

2213 5098 2365 5169 ὑμῶν
2400 5097 2659 5167 κρινάτω,
2707 5096 2770 5149 ἵν*
2807 5096 2995 5165 ἐπειδὴ
3039 5096 3182 5161 ἔδοξε
3231 5094 3322 5148 διὰ
3354 5093 3417 5147 τὸ
3458 5095 3533 5163 μὴ
3575 5089 3785 5142 πίπτειν

2214 5191 2318 5244 ὑπὸ
2348 5188 2689 5258 κατάγνωσίν
2734 5206 2858 5241 τινα
2906 5188 3014 5240 τῶν
3054 5187 3370 5239 ἐπισκόπων
3401 5179 3785 5253 ἀφικνούμενον

2215 5283 2294 5345 είς
2345 5280 2405 5335 τὸ
2451 5279 2832 5351 στρατόπεδον,
2887 5277 2941 5330 εἴ
2982 5294 3126 5340 τινες
3169 5276 3351 5330 αὐτῶν
3399 5275 3497 5339 τὰς
3540 5268 3783 5325 τοιαύτας

2217 5374 2391 5443 ἔχοιεν
2423 5373 2655 5442 δεήσεις,
2688 5371 2815 5423 οἵων
2850 5371 3035 5423 ἐπάνω
3070 5368 3514 5439 ἐπεμνήσθημεν,
3541 5364 3627 5417 διὰ
3662 5359 3781 5412 ἰδίου

2218 5465 2467 5518 διακόνου
2503 5464 2904 5516 ἀποστέλλοιεν.
2941 5462 3048 5513 Τοῦ
3076 5461 3182 5532 γὰρ
3222 5461 3497 5529 ὑπηρέτου
3523 5457 3581 5510 τὸ
3619 5449 3779 5520 πρόσ-

2222 5571 2369 5606 ωπον
2398 5554 2497 5605 ούκ
2521 5553 2808 5621 ἐπίφθονον
2836 5550 3119 5621 τυγχάνει,
3152 5551 3246 5604 καὶ
3277 5551 3345 5604 τὰ
3378 5537 3779 5620 παρασχεθησό-

2227 5659 2386 5713 μενα,
2432 5643 2623 5697 θᾶττον
2671 5642 2998 5712 κομισθῆναι
3045 5642 3354 5713 δυνήσεται.
3409 5634 3777 5706 ’Δπεκρίναντο

2227 5734 2455 5798 πάντες
2486 5734 2590 5787 Καὶ
2623 5732 3088 5803 τοῦτονόριζέσθω.
