4122 6432
310 318 416 378 ἢϐῡ

386 430 450 482 0⁸.
495 429 686 490 Ὀσιος
718 426 1012 488 ἐπίσκοπος
1055 426 1173 478 εἷπε
1196 443 1209 457 ·

315 515 453 573 εἴναι
501 518 730 589 νομίζω,
779 517 866 569 ἵνα
913 519 962 570 εί
1011 518 1069 569 ἐν
1104 517 1461 587 οίαδηποτοῦν
1505 518 1745 589 ἐπαρχίᾳ
1779 518 1898 571 ἐπί-

320 630 515 666 σκοποι
547 612 684 680 πρὸς
719 609 946 678 ἀδελφὸν
974 611 1068 662 καὶ
1097 611 1496 662 συνεπίσκοπον
1525 611 1732 664 ἑαυτῶν
1761 613 1898 665 ἀπο-

321 704 595 756 στέλλοιεν
634 702 870 768 δεήσεις,
898 705 926 754 ὁ
957 703 1015 754 ὲν
1046 705 1114 773 τῇ
1156 701 1365 771 μείζονι
1398 703 1684 770 τυγχάνων
1719 703 1895 767 πόλει,

317 795 569 848 τουτέστι
595 795 660 863 τῇ
699 793 1054 864 μητροπόλει,
1098 794 1257 856 αὐτὸς
1284 796 1376 847 καὶ
1402 794 1493 847 τὸν
1531 793 1776 847 διάκονον
1803 796 1902 847 αὑ-

318 887 414 940 τοῦ
447 887 539 939 καὶ⁴
567 886 668 948 τὰς
696 886 907 955 δεήσεις
939 885 1282 951 ἁποστέλλοι,
1328 886 1584 956 παρέχων
1619 886 1768 956 αὐτῷ
1807 887 1902 938 καὶ

323 976 657 1039 συστατικὰς
698 975 1012 1038 ἐπιστολὰς,
1054 975 1283 1044 γραιξων
1322 976 1565 1045 δηλονότι
1601 976 1744 1029 κατὰ
1775 977 1904 1029 ἁκο-

321 1069 544 1123 λουθίαν
594 1069 686 1120 καὶ
718 1069 854 1138 πρὸς
883 1068 1007 1130 τοὺς
1053 1068 1419 1136 συναδελιροὺς
1455 1069 1550 1121 καὶ
1586 1069 1905 1122 συνεπισκό-

327 1179 465 1224 πους
490 1164 521 1230 ἡ
533 1161 668 1231 μῶν,
717 1161 912 1222 οἵτινες
971 1159 1027 1210 ἐν
1064 1158 1254 1228 ἐκείνῳ
1285 1158 1361 1228 τῷ
1389 1159 1564 1230 καιρῷ
1596 1162 1653 1212 ἐν
1683 1163 1794 1224 τοῖς
1819 1160 1906 1212 τό-

327 1270 454 1315 ποις
477 1251 509 1321 ἢ
537 1253 592 1303 ἐν
617 1253 736 1311 ταῖς
762 1249 950 1302 πόλεσι
981 1249 1237 1315 διάγοιεν,
1267 1251 1324 1301 ὲν
1354 1243 1440 1310 αἶς
1464 1250 1490 1299 ὁ
1517 1249 1906 1312 εὐσεϐέστατος

331 1343 588 1412 βασιλεὺς
627 1342 693 1394 τὰ
723 1341 959 1410 δημόσια
993 1340 1295 1408 πράγματα
1341 1339 1693 1410 διακυϐερνᾷ.
1745 1341 1809 1392 Εἰ
1852 1340 1909 1392 δὲ

329 1431 442 1499 ἔχοι
482 1447 563 1492 τις
592 1428 701 1482 τῶν
735 1428 1049 1481 ἐπισκόπων
1085 1427 1273 1493 φίλους
1318 1428 1374 1480 ὲν
1404 1430 1468 1498 τῇ
1501 1428 1636 1498 αὐλῇ
1673 1428 1766 1481 τοῦ
1801 1447 1908 1481 πα-

330 1521 540 1586 λατίου,
569 1522 664 1575 καὶ
693 1521 933 1591 βούλοιτο
959 1520 1083 1589 περί
1103 1537 1272 1582 τινος,
1293 1521 1428 1589 ὅπερ
1461 1521 1909 1589 πρεπωδέστατον

332 1616 419 1684 εἴη
450 1614 702 1679 ἀξιῶσαι,
751 1614 826 1683 μὴ
872 1611 1134 1665 κωλύοιτο
1164 1612 1252 1664 διὰ
1283 1611 1377 1664 τοῦ
1409 1611 1600 1664 ἑαυτοῦ
1639 1613 1907 1680 διακόνου,

264 1756 277 1771 ,
330 1706 425 1758 καὶ
456 1705 685 1768 ἀξιῶσαι
715 1705 812 1756 και¹
846 1704 1186 1756 ἐντείλασθαι
1214 1704 1446 1770 τούτοις,
1477 1703 1570 1768 οὖς
1598 1721 1657 1756 τε
1685 1705 1784 1774 τὴν
1807 1706 1909 1758 αὑ-

1100 311 1498 373 ΞΥΝΤᾹΟΜΑ
1549 311 2188 374 C.\NONUM.-TIT.
2233 313 2398 374 VIII.
2452 313 2614 374 CAP.
2655 313 2762 373 IV.

1278 427 1385 478 Καὶ
1415 424 1570 478 τοῦτο
1597 427 1889 480 ἀκόλουοον
1923 436 1966 492 Α
2063 426 2118 481 9.
2145 426 2340 482 Hosius
2391 425 2682 495 episcopus
2717 425 2854 478 dixit
2901 441 2916 478 :

3477 316 3586 382 670

2969 422 3081 480 Hoc
3113 437 3334 496 quoque
3383 443 3580 486 conse-

1999 535 2183 590 quens
2221 533 2346 573 esse
2395 518 2690 581 existimo,
2749 517 2887 570 utin
2929 532 3273 586 quacumque
3302 520 3584 587 provincia

1998 611 2238 680 episcopi
2271 610 2337 664 ad
2365 609 2586 663 fratrem
2611 619 2666 662 et
2695 609 3083 678 coepismputn
3141 624 3301 663 suum
3356 613 3578 668 mittant

2002 718 2212 774 preces,
2274 702 2320 755 is
2355 700 2561 769 quiest
2620 699 2673 753 in
2731 699 2924 769 majori
2979 699 3224 764 civitate,
3255 701 3360 755 hoc
3398 712 3483 757 est
3512 703 3571 759 in

2007 794 2320 862 metropoli,
2377 793 2492 860 ipse
2528 790 2841 846 ministrum
2887 805 3046 844 suum
3069 799 3124 843 et
3169 804 3361 860 preces
3383 793 3586 860 mittat,

2001 886 2244 954 praebens
2311 883 2359 937 ei
2416 883 2576 952 203
2637 882 3108 938 commendatitias
3163 896 3386 951 quoque
3439 885 3588 941 litte-

2004 991 2114 1033 ras.
2147 973 2399 1028 scribens
2429 973 2682 1027 videlicet
2723 989 2818 1042 per
2840 973 3294 1042 consequentiam
3321 975 3489 1029 etiam
3521 975 3592 1030 ad

2007 1067 2200 1120 fratres
2223 1074 2277 1118 et
2304 1066 2661 1134 coepiscopos
2689 1075 2928 1129 nostros,
2956 1066 3050 1135 qui
3083 1065 3294 1121 scilicet
3321 1066 3414 1119 illo
3453 1078 3594 1121 tem-

2005 1175 2136 1227 pore
2169 1159 2222 1211 in
2248 1157 2386 1210 locis
2412 1157 2841 1212 vel-civitatibus
2869 1167 3054 1226 agant,
3085 1157 3140 1211 in
3175 1157 3378 1226 quibus
3400 1158 3592 1226 piissi-

2007 1251 2444 1318 musimperator
2467 1249 2860 1318 rempublicam
2890 1251 3176 1318 gubernat.
3209 1247 3267 1302 Si
3301 1249 3427 1318 quis
3485 1265 3590 1302 an-

2008 1351 2114 1395 tem
2152 1343 2440 1410 episcopus
2470 1340 2630 1393 habet
2656 1341 2863 1394 amicos
2893 1340 2948 1393 in
2983 1342 3107 1394 aula
3141 1339 3350 1410 palatii,
3380 1349 3434 1395 et
3459 1340 3594 1394 velit

2008 1431 2236 1500 aliquid,
2278 1432 2424 1498 quod
2463 1431 2534 1484 sit
2566 1431 2853 1483 honestum
2893 1430 3211 1499 etjustum,
3260 1432 3581 1500 impetrare,

2009 1541 2077 1578 ne
2111 1523 2464 1593 prohibeatur
2492 1537 2586 1590 per
2624 1537 2781 1573 suum
2818 1521 3125 1575 ministrum
3163 1532 3219 1576 et
3250 1537 3478 1592 rogare,
3537 1528 3596 1577 et

2013 1617 2082 1671 iis
2117 1615 2397 1678 mandare,
2441 1624 2502 1667 ut
2551 1612 2752 1666 bonum
2785 1628 2946 1666 suum
3005 1613 3268 1667 auxilium
3328 1614 3378 1668 ei
3424 1613 3598 1668 velint

2014 1711 2272 1778 pnehere.
2315 1708 2420 1774 Qui
2473 1716 2658 1762 autem
2719 1705 2950 1760 Roman:
3007 1709 3274 1763 accedunt
3313 1707 3600 1778 (quemad-

328 1793 439 1845 τῶν
460 1792 668 1864 ἀγαθὴν
696 1791 946 1862 βοήθειαν
969 1792 1204 1856 ἀξιοῦντι
1228 1793 1375 1864 αὐτῷ
1401 1794 1662 1864 παρέχειν
1689 1795 1894 1864 ἡγοῖτο.
1933 1802 1971 1856 Β

2033 1802 2252 1856 modum
2284 1800 2539 1870 superius
2591 1800 2796 1853 dictum
2829 1799 2934 1867 est)
2981 1798 3179 1854 dilecto
3223 1799 3377 1854 fratri
3410 1809 3598 1855 nostro

330 1890 393 1941 Οί
429 1886 484 1940 δὲ
519 1887 597 1948 είς
645 1884 866 1955 Ῥώμην
901 1884 1346 1955 παραγινόμενοι,
1374 1885 1554 1947 καθὼς
1581 1887 1907 1958 προείρηκα,

328 1980 408 2049 τῷ
430 1977 699 2049 ἀγαπητῷ
732 1977 942 2048 ἁδελφῷ
972 1977 1127 2047 ἡμῶν
1151 1976 1245 2030 καὶ
1276 1978 1659 2049 συνεπισκόπῳ
1679 1981 1906 2051 Ἰουλίῳ,

327 2071 430 2134 τὰς
461 2070 676 2140 δεήσεις
721 2068 788 2132 ἃς
832 2067 1007 2138 ἔχοιεν
1039 2068 1263 2134 διδόναι,
1298 2068 1572 2137 ὀφείλουσι
1625 2071 1905 2139 παρέχειν,

330 2162 420 2215 ἵνα
475 2161 737 2232 πρότερος
766 2160 925 2222 αὐτὸς
958 2159 1262 2229 δοκιμάζοι,
1299 2162 1347 2212 εί
1390 2161 1462 2230 μή
1511 2177 1656 2224 τινες
1702 2161 1762 2225 ἐξ
1806 2162 1906 2214 αὐ-

329 2252 444 2304 τῶν
465 2253 890 2320 ἀναισχυντοίεν,
917 2251 1010 2303 καὶ
1031 2250 1203 2312 οὕτως
1228 2251 1327 2319 τὴν
1349 2250 1543 2303 ἑαυτοῦ
1568 2252 1902 2319 προστασίαν

330 2344 427 2397 καὶ
460 2344 716 2413 φροντίδα
759 2344 1036 2414 παρέχων,
1088 2343 1167 2406 είς
1213 2343 1276 2394 τὸ
1316 2342 1677 2413 στρατόπεδον
1707 2345 1904 2407 αὐτοὺς

2016 1905 2071 1949 et
2124 1893 2452 1963 coepiscopo
2483 1889 2628 1945 Julio
2683 1905 2900 1960 preces,
2940 1906 3078 1960 quas
3128 1892 3329 1946 habent
3366 1891 3597 1956 dandas,

2016 1986 2261 2054 praebere
2285 1983 2506 2046 debent,
2543 1982 2738 2050 utipse
2771 1979 2929 2049 prius
2981 1982 3273 2048 examinet,
3317 1982 3361 2036 si
3402 1981 3602 2051 aliqua:

2013 2090 2200 2130 carum
2227 2089 2338 2128 non
2372 2080 2502 2127 sunt
2541 2072 2922 2140 impudentes;
2953 2081 3008 2126 et
3031 2072 3112 2128 sic
3161 2086 3316 2127 suam
3343 2089 3501 2143 opem
3547 2084 3604 2128 et

2014 2181 2200 2221 curam
2249 2165 2519 2234 praebens,
2549 2178 2643 2217 eos
2672 2162 2736 2216 ad
2787 2171 2972 2216 castra
3010 2164 3211 2218 mittat.
3242 2163 3449 2218 Omnes
3482 2164 3602 2232 epi-

2009 2257 2157 2326 scopi
2179 2257 2430 2310 dixerunt
2453 2255 2556 2310 sibi
2576 2255 2789 2324 placere
2815 2261 3011 2308 etesse
3026 2255 3599 2310 convenientissimum

2013 2347 2114 2402 hoc
2144 2347 2459 2408 consilium.

329 2436 730 2490 ἀποστέλλοιεν.
774 2435 1048 2500 ’Ἅπαντες
1089 2437 1140 2490 οἱ
1186 2435 1476 2488 ἐπίσκοποι
1519 2435 1883 2504 ἀπεκρίναντο
1944 2439 2203 2508 ἀρέσκειν
2263 2442 2449 2504 αὐτοῖς
2528 2441 2626 2495 καὶ
2688 2438 3150 2512 πρεπωδεστάτην
3178 2433 3316 2490 εῐνᾶι
3346 2433 3446 2502 τὴν
3473 2451 3604 2502 συμ-

331 2530 529 2601 ϐουλὴν
556 2529 781 2598 ταύτην.

405 2627 478 2675 κ’.
515 2619 828 2682 Γαυδέντιος
851 2618 1146 2681 ἐπίσκοπος
1162 2613 1284 2671 εἷπε
1306 2634 1321 2650 ⁶
1337 2617 1521 2672 Ταῦτα
1544 2619 1613 2672 τὰ
1639 2635 1918 2690 σωτηριώ-

332 2711 462 2774 δῶς,
492 2728 547 2763 κ.
583 2727 632 2763 τ.
658 2710 710 2763 λ.

408 2802 522 2856 Καὶ
553 2801 711 2856 τοῦτο
740 2800 798 2853 δὲ
841 2799 1050 2852 ἐκεῖθεν
1098 2799 1331 2870 μάλιστα
1369 2799 1667 2873 γνώριμον,
1693 2818 1747 2856 κ.
1777 2819 1828 2856 τ.
1864 2799 1914 2854 λ.

338 2980 616 3040 Ἅπαντες
644 2972 815 3030 εἷπονο
860 2962 1158 3046 Ὀριζέσθω
1189 2975 1283 3028 καὶ
1311 2975 1490 3030 τοῦτο.

529 3090 794 3144 Συνόδου
818 3087 1236 3157 Καρθαγέννης
1262 3087 1462 3141 κανὼν
1491 3089 1590 3158 ρδν,
1623 3092 1734 3159 ρς’.

415 3184 557 3251 Περὶ
585 3183 704 3235 τῶν
733 3181 846 3250 τὴν
883 3180 1213 3250 διάγνωσιν
1251 3179 1372 3233 τῶν
1419 3179 1725 3250 δημοσίων
1753 3179 1921 3236 dexa-

343 3278 609 3345 στηρίων
639 3275 756 3329 ἀπὸ
783 3274 891 3329 τοῦ
912 3273 1219 3340 βασιλέως
1250 3273 1600 3330 αἰτούντων.

2092 2621 2184 2675 ΞΟ.
2234 2619 2572 2677 Gaudentius
2599 2622 2886 2692 episcopus
2903 2621 3073 2675 dixit:
3103 2619 3228 2675 lltec
3265 2618 3600 2681 salutariter,

2019 2722 2152 2777 etc.,
2180 2723 2238 2765 ιιι
2267 2731 2388 2782 pag.
2447 2713 2576 2768 666.

2093 2803 2262 2858 l’orro
2316 2815 2495 2858 autem
2547 2819 2765 2876 quoque
2811 2804 2958 2860 illinc
2989 2804 3094 2860 erit
3129 2802 3367 2857 maxime
3389 2811 3601 2867 notum,

2016 2902 2120 2948 etc.
2133 2935 2148 2957 ,
2185 2906 2241 2947 ιιι
2265 2910 2382 2965 pag.
2423 2894 2550 2950 666.

2020 2984 2222 3041 Omnes
2252 2985 2548 3040 dixerunt:
2587 2984 2700 3041 lloc
2725 3001 2946 3056 quoque
2984 2985 3336 3040 decernatur.

2166 3098 2392 3153 Concilii
2440 3097 2870 3169 Carthaginensis
2920 3115 3145 3152 canones
3179 3097 3302 3163 104,
3337 3095 3460 3150 106.

2098 3188 2179 3245 De
2215 3191 2297 3246 Itis
2327 3192 2418 3262 qui
2453 3191 2779 3260 publicorum
2802 3190 3133 3259 judiciorum
3163 3189 3510 3259 cognitionem
3537 3186 3604 3241 ab

2033 3284 2353 3354 imperatore
2388 3284 2744 3353 poposcerint.

424 3395 516 3469 ρδ¹.
557 3398 795 3468 Ἤρεσεν
839 3395 929 3448 ἵνα
975 3392 1329 3464 δστισδήποτε
1373 3391 1483 3445 ἀπὸ
1523 3391 1619 3446 τοῦ
1657 3391 1971 3463 βασιλέως(

2094 3399 2216 3455 104.
2247 3397 2458 3454 Placuit
2488 3397 2562 3465 ⁷⁷,
2597 3405 2657 3452 ιιι
2681 3397 3017 3468 quicumque
3046 3395 3116 3450 ab
3146 3395 3477 3464 imperatore
3503 3407 3602 3448 co—

345 3489 636 3558 διάγνωσιν
665 3487 940 3557 δημοσίων
976 3485 1342 3557 δικαστηρίων
1373 3487 1608 3553 αίτήσοι,
1645 3486 1744 3556 τῆς
1790 3484 1926 3547 ἰδίας

348 3581 518 3652 τιμῆς
549 3579 859 3652 στερηθείη·
891 3579 987 3633 ἐὰν
1014 3578 1073 3632 δὲ
1101 3579 1282 3649 κρίσιν
1311 3577 1676 3650 ἑπισκοπικὴν
1704 3579 1812 3631 ἀπὸ
1830 3576 1925 3630 τοῦ

351 3672 620 3742 βασιλέως
648 3672 884 3742 αἰτήσαι,
917 3669 1083 3740 μηδὲν
1112 3669 1261 3740 αὐτῷ
1294 3669 1600 3740 ὲμποδίσοι.

421 3785 559 3840 Ἵνα
587 3784 641 3836 οι
674 3782 776 3837 ἐπὶ
809 3781 877 3835 τὸ
906 3779 1229 3850 κομιτάτον
1256 3778 1666 3848 πορευόμενοι,
1692 3777 1806 3846 τὴν
1834 3778 1926 3830 al-

350 3877 488 3930 τίαν
521 3873 752 3928 ἑαυτῶν
792 3871 890 3925 καὶ
931 3869 1013 3936 τῷ
1052 3871 1121 3924 ἐν
1164 3869 1502 3938 Καρχηδόνι
1539 3868 1638 3922 καὶ
1674 3867 1754 3934 τῷ
1786 3869 1928 3922 Ῥω-

344 3965 541 4039 paer
568 3964 729 4033 ἱερεῖ,
763 3961 1201 4017 σπουδάσωσιν
1225 3960 1573 4029 ἐμφανίσαι.

423 4063 534 4126 pg".
579 4057 812 4127 Ἥρεσεν
850 4052 938 4106 ἵνα
980 4051 1332 4121 ὁστισδήποτε
1377 4051 1514 4120 πρὸς
1541 4047 1602 4103 τὺ
1635 4051 1930 4120 κομιτάτον

349 4149 682 4222 πορευθῆναι
730 4146 992 4216 θελήσειε,
1011 4146 1076 4214 τῇ
1107 4143 1409 4213 ἀπολυτικῇ
1437 4145 1502 4212 τῇ
1541 4143 1635 4195 ἐπὶ
1661 4144 1760 4212 τὴν
1803 4145 1927 4196 Ἐκ-

351 4242 583 4311 κλησίαν
624 4239 843 4309 Ῥώμης
870 4235 1197 4307 πεμπομένη
1228 4234 1530 4304 κατάδηλος
1561 4235 1807 4306 γένηται,
1836 4236 1932 4289 καὶ

351 4332 440 4387 ἴνα
467 4331 676 4386 ἐκεῖθεν
706 4329 786 4383 ἔτι
818 4329 926 4400 μὴν
954 4327 1292 4396 ἁποιυτικὴν
1322 4325 1465 4398 λάϐῃ
1493 4327 1587 4379 ἐπὶ
1614 4326 1673 4378 τὸ
1708 4325 1934 4393 κομιτά-

347 4412 464 4476 ἴτον.
500 4421 591 4474 Διὸ
638 4421 733 4473 ἐὰν
759 4421 787 4473 ὁ
823 4418 1002 4473 λαϐὼν
1031 4417 1366 4486 ἁπολυτικὴν
1409 4415 1545 4487 πρὸς
1573 4416 1671 4484 τὴν
1709 4414 1931 4484 Ῥώμην

354 4512 537 4584 μόνον,
573 4511 854 4582 σιωπήσας
881 4509 979 4578 τὴν
1013 4509 1279 4576 ἀνάγκην,
1311 4506 1378 4560 δι’
1411 4507 1478 4578 ἣν
1511 4509 1588 4569 εἰς
1624 4507 1685 4559 τὸ
1708 4506 1933 4575 κομιτά-

351 4623 447 4658 τον
472 4603 634 4657 αὐτὸν
660 4604 764 4675 χρὴ
795 4604 1146 4674 πορευθῆναι,
1169 4602 1372 4674 Θελήσῃ
1401 4601 1603 4665 εὐθέως
1635 4602 1726 4654 ἐπὶ
1753 4602 1815 4654 τὸ
1838 4618 1933 4654 κο-

355 4697 580 4768 μιτάτον
611 4695 847 4766 βαδίσαι,
878 4695 1186 4766 ἀποκινηθῇ
1229 4695 1328 4765 τῆς
1371 4693 1676 4756 κοινωνίας.
1720 4693 1847 4746 Ἐὰν
1874 4693 1931 4745 δὲ
1966 4732 2007 4786 D

353 4792 532 4842 ἐκεῖσε
588 4791 648 4840 ὲν
692 4790 759 4858 τῇ
808 4787 993 4858 Ῥώμῃ
1048 4785 1288 4855 αἱφνιδία
1321 4785 1534 4853 ἀνάγκη
1583 4784 1802 4854 ἁποφυῇ
1836 4783 1930 4834 τοῦ

2027 3490 2327 3560 gnitionem
2364 3489 2702 3559 iudiciorum
2737 3487 3082 3558 publicorum
3115 3486 3353 3556 petierit,
3402 3486 3610 3539 honore

2027 3581 2248 3651 proprio
2279 3581 2560 3651 privetur;
2597 3579 2644 3635 si
2677 3589 2859 3634 autem
2891 3578 3200 3649 episcopale
3237 3576 3506 3647 judicium
3535 3573 3612 3629 ab

2029 3673 2364 3744 imperatore
2397 3671 2708 3742 postularit,
2745 3671 2881 3725 nihil
2912 3671 2962 3725 ei
2991 3670 3158 3725 obsit.

2099 3785 2264 3858 204
2298 3784 2367 3840 Ut
2402 3795 2680 3855 pergentes
2717 3788 2787 3838 ad
2823 3789 3160 3845 comitatum,
3194 3797 3415 3836 causam
3457 3795 3612 3835 suam

2029 3876 2107 3930 vel
2149 3875 2555 3946 Carthaginensi
2594 3874 2674 3929 vel
2724 3873 2964 3927 Romano
3013 3870 3258 3940 pontiﬁci
3339 3869 3612 3923 insinuare

2029 3975 2330 4035 procurent.

2099 4057 2220 4112 406.
2252 4058 2462 4113 Placuit
2489 4059 2557 4126 ⁷⁸,
2601 4067 2662 4113 ιιι
2704 4057 3021 4128 quicunque
3052 4053 3120 4109 ad
3164 4051 3489 4108 comitatum
3533 4053 3614 4105 ire

2029 4149 2282 4214 voluerit,
2323 4149 2377 4204 in
2405 4149 2635 4203 formata
2664 4164 2788 4219 qua:
2809 4148 2875 4201 ad
2912 4147 3066 4201 urbis
3090 4143 3278 4198 Romze
3309 4142 3611 4198 Eeclesiam

2031 4241 2291 4306 mittitur,
2341 4239 2648 4303 intimetur,
2694 4248 2755 4294 ut
2785 4239 2914 4293 inde
2961 4237 3126 4292 etiam
3177 4234 3244 4288 ad
3289 4233 3613 4288 comitatum

2032 4329 2318 4384 formatam
2362 4331 2612 4398 accipiat.
2655 4329 2811 4395 Quod
2842 4328 2888 4382 si
2933 4326 3212 4395 accipiens
3271 4323 3340 4377 ad
3381 4322 3612 4377 Romam

2033 4421 2412 4475 tantummodo
2437 4419 2751 4485 formatam,
2777 4427 2830 4473 et
2859 4427 3044 4472 tacens
3066 4412 3467 4469 necessitatem
3504 4425 3614 4478 qua

2033 4514 2100 4568 ad
2139 4513 2456 4566 comitatum
2491 4512 2567 4566 illi
2620 4510 2956 4581 pergendum
2991 4516 3096 4573 est,
3142 4503 3378 4559 voluerit
3425 4501 3610 4556 statim

2034 4604 2100 4657 ad
2131 4603 2448 4657 comitatum
2485 4615 2730 4670 pergere,
2766 4615 2795 4652 a
2837 4595 3222 4653 communione
3250 4598 3616 4648 removeatur.

2036 4692 2190 4758 Quod
2223 4692 2268 4745 si
2300 4692 2372 4745 ibi
2405 4691 2593 4744 Romae
2621 4692 2668 4744 ei
2708 4687 2990 4758 repentina
3023 4683 3323 4739 necessitas
3345 4690 3463 4737 Orta
3494 4678 3614 4733 fue-

2035 4786 2104 4838 rit
2134 4783 2201 4838 ad
2232 4783 2552 4837 comitatum
2579 4779 2860 4851 pergendi,
2894 4779 3090 4846 alleget
3109 4773 3256 4845 apud
3284 4773 3601 4843 episcopum

353 4880 610 4933 ἁπελθεῖν
659 4880 740 4942 είς
794 4878 855 4930 τὸ
900 4877 1227 4947 κομιτάτον,
1281 4875 1572 4944 ὲμφανίσει
1614 4873 1785 4946 αὐτὴν
1833 4875 1933 4945 τὴν

2034 4874 2188 4928 urbis
2218 4871 2406 4927 Romae
2437 4873 2608 4941 ipsam
2643 4871 3048 4930 necessitatem,
3077 4875 3133 4920 et
3179 4865 3248 4920 de
3279 4865 3384 4919 hoc
3417 4863 3618 4918 rescri-

353 4971 602 5039 ἁνάγκην
651 4968 730 5039 τῷ
776 4967 1061 5036 ὲπισκόπῳ
1117 4965 1359 5036 Ῥώμης,
1413 4966 1508 5018 καὶ
1565 4965 1935 5038 παρακομίσει

2032 4979 2122 5039 pta
2164 4967 2408 5037 ejusdem
2452 4965 2680 5018 Romani
2725 4963 2967 5032 episcopi
3040 4959 3298 5028 perferat.
3349 4956 3620 5012 Formam:

354 5061 666 5131 ἀντίγραφα
695 5059 790 5112 τοῦ
817 5059 984 5127 αὐτῆς
1025 5057 1245 5128 Ῥώμης
1277 5058 1574 5109 ἐπισκόπου
1601 5072 1614 5086 ·
1649 5057 1703 5108 αἱ
1733 5055 1935 5108 amilu-

2031 5073 2236 5121 autem,
2265 5072 2388 5127 quae
2416 5072 2445 5109 a
2482 5056 2806 5124 primatibus
2838 5055 2918 5106 vel
2950 5069 2980 5106 a
3010 5053 3453 5122 quibuscumque
3503 5047 3618 5116 epi-

354 5157 504 5206 τικαὶ
532 5151 590 5204 δὲ
623 5152 679 5206 αί
727 5150 835 5204 ἀπὸ
887 5150 994 5202 τῶν
1044 5149 1459 5219 πρωτευόντων,
1509 5147 1682 5219 ἢτῶν
1718 5147 1937 5218 οἰωνδή-

2038 5150 2220 5217 scopis
2260 5147 2476 5202 clericis
2523 5146 2760 5215 propriis
2799 5146 3021 5208 dantur,
3076 5143 3314 5197 habeant
3343 5140 3484 5193 diem
3518 5137 3622 5192 Pa-

354 5261 486 5297 ποτε
533 5243 882 5307 ἐπισκόπων,
941 5243 1052 5303 τοῖς
1103 5241 1253 5303 ἰδίοις
1303 5239 1588 5311 κληρικοῑς
1640 5241 1935 5310 διδόμεναι,

2041 5244 2227 5298 εειιιει
2272 5240 2419 5309 quod
2468 5239 2516 5294 si
2565 5238 2747 5292 adhuc
2789 5236 3032 5306 ejusdem
3069 5235 3198 5288 anni
3256 5231 3476 5286 Pascha:
3503 5230 3622 5286 dies

359 5339 528 5410 σχῶσι
578 5337 676 5408 τὴν
723 5337 936 5407 ἡμέραν
985 5337 1081 5388 τοῦ
1137 5335 1349 5404 Πάσχα.
1411 5335 1536 5388 Ἐὰν
1587 5335 1642 5387 δὲ
1687 5332 1870 5404 ἀκμὴν
1904 5333 1940 5403 ἡ

2041 5332 2280 5386 incertus
2322 5340 2424 5394 est,
2457 5331 2547 5384 ille
2583 5327 2894 5399 praecedens
2932 5325 3288 5394 adjungatur,
3342 5320 3622 5390 quomodo

356 5430 539 5499 ἡμέρα
571 5428 664 5480 τοῦ
695 5429 888 5497 Πάσχα
922 5426 1016 5480 τοῦ
1049 5426 1211 5479 αὑτοῦ
1245 5424 1493 5478 ἐνιαυτοῦ
1521 5424 1819 5495 κατάδηλος
1840 5425 1941 5476 οὐκ

2044 5425 2182 5479 solet
2217 5431 2340 5492 post
2384 5422 2727 5476 consulatum
2764 5420 2818 5473 in
2880 5418 3116 5488 publicis
3167 5415 3334 5486 gestis
3387 5410 3614 5468 ascribi.

357 5519 528 5588 ἔστιν,
563 5522 597 5589 ἡ
631 5521 725 5574 τοῦ
758 5516 1223 5592 προηγησαμένου
1265 5515 1686 5588 προσζευχθείη,
1728 5516 1787 5570 ὃν
1817 5514 1941 5585 τρό-

2045 5513 2254 5572 Placuit
2277 5523 2331 5570 et
2355 5513 2508 5581 illud,
2532 5522 2594 5567 ut
2624 5512 2887 5566 adversus
2913 5508 3229 5565 Donatistas
3265 5513 3321 5562 et
3351 5515 3617 5576 paganos,

430 5701 475 5736 ⁷⁷
511 5700 680 5785 C0139.
706 5701 874 5757 Aft'ic.
902 5699 1034 5756 (Jun.
1066 5701 1153 5754 71.
1254 5699 1296 5731 ⁷⁸
1329 5696 1460 5751 Ibid.
1486 5696 1575 5749 75.
