4122 6494
505 378 605 444 Gil

510 488 595 544 vel
631 502 825 544 eorum
860 486 1303 557 superstitiones,
1353 487 1513 557 legati
1554 487 1706 543 missi
1735 490 1802 543 de
1835 490 1937 543 hoc
1961 490 2082 558 glo-

1662 377 1920 438 PHOTII
1968 375 2471 437 PATRIARCHAE
2504 374 2612 434 (ΣΡ.

3678 364 3805 432 6Ἶὲ

2168 538 2170 542 ,
2203 506 2304 541 πον
2332 488 2491 542 εῐωοε
2520 486 2659 558 μετὰ
2683 484 2780 553 τὴν
2822 482 3087 538 ὑπατείαν
3124 482 3434 553 γράφεσθαι
3461 482 3518 535 ὲν
3546 485 3671 546 τοῖς
3697 482 3810 554 δη-

510 581 659 634 rioso
681 580 917 635 concilio
944 579 1207 650 quidquid
1238 580 1369 636 utile
1396 580 1749 649 perviderint,
1778 581 1844 635 de
1873 580 2077 651 glorio-

2203 581 2405 650 μοσίοις
2435 578 2869 649 πεπραγμένοις.

512 670 754 725 sissimis
777 669 1117 741 principibus
1147 669 1456 738 impetrent.

584 762 793 816 Placuit
823 762 986 815 etiam
1018 763 1247 831 petitum
1283 760 1528 814 omnium
1578 760 1987 829 episcoporum,
2031 766 2088 812 ut

513 849 760 917 epistolis
788 850 1042 903 omnibus
1076 850 1143 903 de
1177 850 1411 905 concilio
1458 849 1655 904 dandis
1700 851 1967 903 sanctitas
1996 858 2089 903 tua

515 943 630 996 sola
659 943 983 996 subscribat.
1023 941 1085 994 Et
1110 944 1571 1010 subscripserunt.
1618 945 2101 1014 Aureliusepisco-

517 1048 619 1100 pus
649 1033 1087 1102 Carthaginiensis
1128 1035 1255 1087 huic
1289 1034 1505 1089 decreto
1528 1038 1801 1100 consensi,
1854 1048 1909 1092 ct
1965 1053 2105 1107 prte-

517 1126 655 1178 l.:cto
676 1123 992 1193 SUlJSt'l'lpSi.
1028 1124 1288 1179 Similiter
1336 1136 1391 1181 et
1441 1127 1624 1180 caeteri
1678 1127 1915 1197 episcopi
1973 1128 2107 1181 sub-

516 1215 883 1284 scripserunt.

2274 766 2477 833 Ἤρεσε
2540 762 2597 814 δὲ
2661 760 2904 821 κάκεῖνο,
2966 755 3106 809 ὥστε
3174 754 3342 808 κατὰ
3381 752 3489 806 τῶν
3552 753 3800 805 Δονατι-

2203 856 2364 920 στῶν,
2396 852 2489 906 καὶ
2530 851 2638 904 τῶν
2694 850 2959 919 Ἐλλήνων
2984 886 2999 910 ,
3038 846 3133 898 καὶ
3181 845 3288 898 τῶν
3330 843 3645 914 θρησκειῶν
3705 842 3810 894 αὐ-

2202 947 2352 1013 τῶνξ,
2398 944 2525 1004 τοὺς
2586 940 2935 1010 πεμφθέντας
2992 936 3370 1005 τοποτηρητὰς
3427 936 3491 986 ἐκ
3540 935 3648 1003 τῆς
3708 948 3812 984 τι-

2206 1039 2333 1107 μίας
2380 1033 2584 1103 ταύτης
2640 1031 2899 1092 συνόδου,
2946 1028 3056 1081 πᾶν
3116 1026 3292 1078 ὁτιοῦν
3326 1026 3598 1095 χρήσιμον
3658 1038 3813 1074 συν-

2207 1130 2407 1191 ίδωσιν,
2440 1128 2504 1179 ὲκ
2553 1124 2663 1178 τῶν
2709 1121 3068 1187 ἐνδοξοτάτων
3112 1116 3444 1186 αἰτήσασθαι
3496 1113 3804 1184 βασιλέων.

2208 1218 2443 1285 Ἤρεσεν
2489 1213 2568 1266 ιἐτι
2622 1212 2726 1282 μὴν
2774 1212 2842 1281 τῇ
2902 1210 3116 1277 αἰτήσει
3165 1207 3380 1260 πάντων
3424 1205 3532 1256 τῶν
3562 1202 3811 1256 ἐπισκό-

516 1323 653 1371 πων,
692 1306 775 1358 ἵνα
809 1308 1012 1370 πάσαις
1041 1310 1162 1370 ταῖς
1204 1308 1547 1375 ὀφειλούσαις
1578 1310 1798 1378 δοθῆναι
1846 1310 1963 1372 ταῖς
1990 1311 2087 1379 τῆς
2120 1308 2333 1361 συνόδου
2365 1304 2697 1367 ἐπιστολαῖς,
2760 1304 2794 1371 ἠ
2829 1302 2895 1370 σὴ
2942 1298 3218 1367 ἁγιωσύνη
3283 1299 3417 1366 μόνη
3474 1291 3805 1363 ὑπογράφῃ·

530 1399 638 1450 Καὶ
669 1398 1018 1467 ὑπέγραψαν*
1050 1399 1314 1469 Αὐρήλιος
1341 1400 1639 1463 ἐπίσκοπος
1705 1402 1807 1469 τῆς
1838 1403 1896 1453 ὲν
1963 1400 2271 1471 Καρχηδόνι
2316 1398 2662 1469 Ἐκκλησῐας,
2731 1396 2809 1464 τῷ
2856 1394 3083 1464 παρόντι
3127 1391 3444 1461 ψηφίσματι
3491 1388 3801 1458 συνῄνεσα,

528 1490 623 1542 καὶ
667 1490 1186 1559 παραναγνωσοέντι
1244 1491 1557 1561 ὑπέγραψα.
1629 1491 1863 1559 Ὁμοίως
1913 1492 2008 1545 καὶ
2058 1493 2109 1544 οἱ
2147 1492 2325 1543 λοιποὶ
2358 1491 2647 1543 ἐπίσκοποι
2680 1485 3024 1556 ὑπέγραψαν.

593 1581 754 1651 205
789 1580 941 1635 CAP.
981 1580 1119 1636 V.-—
1149 1582 1222 1635 De
1288 1584 1552 1652 hospitum
1625 1586 1973 1655 susceptione,
2035 1593 2085 1639 et

516 1676 582 1729 de
620 1674 857 1744 paciﬁcis
890 1683 937 1727 et
966 1676 1406 1728 commendatitiis
1430 1675 1696 1744 epistolis.

835 1767 1204 1833 Apostolorum
1252 1783 1478 1820 canones
1532 1768 1616 1833 l2,
1653 1767 1742 1823 33.

592 1856 679 1909 l2.
745 1853 801 1907 Si
859 1855 983 1923 quis
1049 1855 1281 1910 clericus
1350 1856 1433 1909 Vel
1494 1857 1665 1912 laicus
1731 1866 2095 1928 segregatus,
2132 1834 2173 1891 Β

2266 1584 2515 1637 ΚΕΦΑΛ.
2538 1581 2826 1647 Ε’.--Περί
2857 1576 3166 1646 ὑποδοχῆς
3183 1577 3391 1640 ξένων,
3418 1573 3515 1628 καὶ
3549 1574 3695 1640 περὶ
3721 1574 3809 1627 εί-

2190 1672 2459 1744 ρηνικῶν
2483 1674 2581 1727 καὶ
2614 1670 2994 1725 συστατικῶν
3013 1666 3374 1723 ἐπιστολῶν.

2531 1764 2913 1819 Ἀποστόλων
2951 1762 3149 1815 κανὼν
3178 1760 3266 1830 ιβ’,
3299 1761 3401 1827 λγ’.

2274 1856 2359 1928 ιβ’.
2407 1858 2470 1909 Εἰ
2518 1874 2603 1919 τις
2640 1855 2895 1926 κληρικδς
2924 1855 2956 1923 ἢ
2986 1855 3169 1916 λαῖκδς
3197 1896 3213 1919 ,
3245 1852 3633 1924 ἀφωρισμένος
3683 1850 3805 1920 ἦτοι

522 1948 639 2002 sive
674 1962 780 2001 non
811 1945 1179 2014 recipiendus,
1222 1947 1508 2002 discedens
1536 1986 1554 2013 ,
1612 1949 1667 2001 in
1732 1949 1902 2002 altera
1963 1949 2097 2003 urbe

2203 1947 2440 2009 ἅδεκτος,
2473 1945 2722 1999 ἀπελθὼν
2755 1946 2812 1996 ἐν
2839 1946 2999 2015 ἑτέρᾳ
3060 1945 3210 1997 πόλει
3237 1944 3397 2013 δεχοῇ
3440 1942 3569 1995 ἄνευ
3608 1958 3801 2011 γραμ-

524 2049 775 2107 receptus
829 2038 993 2093 fuerit
1068 2038 1271 2107 absque
1334 2039 1531 2094 litteris
1585 2040 2045 2095 commendatitiis
2080 2078 2095 2103 ,

522 2138 857 2200 segregetur,
905 2138 959 2184 et
1018 2130 1111 2199 qui
1149 2131 1378 2198 excepit,
1442 2143 1495 2186 et
1540 2132 1635 2200 qui
1701 2141 1961 2199 exceptus
1990 2139 2095 2185 est.

596 2218 887 2274 '53.Nullus
917 2228 1266 2274 externorum
1289 2221 1791 2290 episcoporum,vel
1819 2222 2099 2291 presbyte-

524 2324 736 2379 rorum,
764 2311 847 2364 vel
883 2311 1236 2366 diaconorum
1292 2312 1411 2367 sine
1455 2313 1916 2369 commcndatitiis
1957 2312 2099 2367 reci-

528 2402 728 2469 piatur,
785 2403 959 2472 iisque
981 2403 1332 2458 all‘erentibus
1354 2405 1751 2460 examinentur.
1774 2404 1868 2460 Sin
1895 2407 2099 2471 minus,

527 2491 598 2545 iis
624 2506 744 2559 quae
775 2500 904 2546 sunt
928 2493 1256 2556 necessaria,
1290 2494 1411 2548 aliis
1435 2495 1719 2562 exhibitis,
1754 2495 1823 2549 ad
1851 2510 2098 2550 commn-

529 2582 747 2635 nionem
774 2597 840 2636 ne
864 2582 1222 2637 adtnittantur
1248 2601 1263 2651 ;
1302 2585 1471 2640 multa
1506 2586 1650 2640 enim
1677 2602 1771 2657 per
1800 2586 2103 2656 surreptio-

527 2688 655 2728 nem
685 2674 845 2729 ﬁunt.

527 2922 533 2927 Ι
767 2849 993 2904 Cancilii
1021 2848 1332 2906 Antiocheni
1359 2869 1581 2908 canones
1616 2852 1668 2921 7,
1701 2852 1755 2917 8.
1786 2852 1873 2908 ll.

603 2937 659 2994 7.
684 2938 871 2993 Nullus
902 2948 1161 2997 externus
1190 2943 1309 2997 sine
1339 2944 1583 3013 paciﬁcis
1618 2945 1973 3015 suscipiatur.

2208 2039 2397 2108 μάτων
2462 2037 2796 2090 συστατικῶν
2833 2075 2847 2101 ,
2882 2036 3227 2107 ἁφοριζέσοω
3279 2038 3373 2088 καὶ¹
3413 2035 3441 2087 ό
3487 2033 3796 2103 δεξάμενος

2201 2130 2296 2183 καὶ
2326 2131 2353 2181 ό
2373 2128 2601 2199 δεχθείς.

2272 2219 2374 2288 λγ’.
2401 2220 2619 2288 Μηδένα
2647 2218 2756 2272 τῶν
2778 2219 2943 2282 ξενων
2973 2217 3307 2278 ἐπισκόπων,
3330 2214 3803 2286 ἢπρεσϐυτερωνο

2202 2311 2236 2382 ἢ
2269 2311 2550 2373 διακόνων,
2569 2310 2697 2363 ἄνευ
2732 2308 3075 2362 συστατικῶν
3100 2305 3511 2378 προσδέχεσθαι·
3546 2306 3648 2357 καὶ
3679 2307 3809 2356 ἐπι-

2203 2402 2517 2471 φερομένων
2536 2401 2593 2454 δὲ
2611 2401 2787 2453 αὐτῶν
2813 2399 3309 2469 ἀνακρινέσθωσαν,
3330 2400 3424 2451 καὶ
3442 2398 3539 2450 ἐὰν
3564 2398 3669 2467 μὲν
3702 2392 3804 2450 ὦσι

2204 2494 2444 2562 κήρυκες
2475 2494 2573 2571 τῇς
2625 2491 2925 2555 εὐσεϐείας,
2984 2489 3487 2560 προσδεχέσθωσαν.
3528 2488 3591 2541 Εἰ
3624 2489 3684 2541 δὲ
3714 2487 3791 2558 μή

2205 2598 2268 2648 γε
2302 2582 2368 2635 τὰ
2419 2582 2551 2651 πρὸς
2579 2582 2676 2645 τὰς
2722 2582 2909 2652 χρείας
2939 2581 3119 2643 αὐτοῖς
3158 2581 3685 2650 ἐπιχορηγήσαντες,
3723 2581 3805 2641 εἰς

2207 2675 2489 2727 κοινωνίαν
2520 2675 2713 2737 αὐτοὺς
2744 2674 2820 2744 μὴ
2866 2673 3250 2745 προσδέξησθε·
3304 2673 3474 2726 πολλὰ
3517 2672 3630 2743 γὰρ
3661 2671 3803 2726 κατὰ

2208 2766 2565 2835 συναρπαγὴν
2590 2766 2823 2833 γίνεται.

2382 2855 2653 2909 Συνόδου
2703 2854 3049 2921 Ἀντιοχείας
3083 2854 3282 2907 κανὼν
3303 2855 3367 2920 ζ’,
3385 2854 3459 2925 η’,
3485 2860 3579 2909 ια’.

2276 2944 2341 3009 ζ’.
2384 2946 2602 3017 Μηδένα
2648 2945 2775 2999 ἄνευ
2837 2946 3499 3017 εἰρηνικῶν-γραμμάτων
3547 2944 3803 3016 δέχεσθαι

2211 3037 2319 3091 τῶν
2355 3036 2542 3102 ξένων.

604 3114 660 3169 8.
696 3114 803 3169 Nec
834 3117 1131 3188 presbyteri
1166 3118 1259 3187 qui
1303 3127 1432 3172 sunt
1466 3118 1520 3172 in
1554 3119 1730 3187 pagis,
1778 3119 1907 3174 deut
1932 3136 2105 3193 cano-

604 3222 689 3231 ι...-
754 3208 1006 3231 ...ἀηιηιηη
1092 3208 1172 3231 -.ΑΙ
1232 3208 1295 3231 ..Δ
1351 3210 1493 3231 --Ι-,.
1547 3212 1755 3231 _.!-:_,-_
1827 3212 1903 3231 __!
1928 3196 1999 3231 ’-Α
2058 3228 2101 3231 ,Α

2282 3127 2355 3199 η’.
2406 3127 2558 3199 Μηδὲ
2605 3127 3011 3198 πρεσϐυτέρους
3040 3128 3164 3191 τοὺς
3196 3129 3253 3181 ὲν
3276 3129 3393 3190 ταῖς
3453 3126 3662 3197 χώραις
3701 3140 3803 3177 κα-

538 3206 693 3261 nicas
750 3208 1031 3275 epistolas,
1092 3208 1176 3262 vel
1230 3208 1299 3261 ad
1348 3210 1497 3264 solos
1547 3212 1758 3265 vicinos
1820 3206 2110 3283 episcopos

536 3296 794 3366 epistolas
828 3298 1096 3351 emittant.
1129 3297 1518 3369 Chorepisc0pi
1583 3313 1768 3356 autem
1825 3303 1960 3357 nulli
2027 3320 2114 3358 re-

538 3387 887 3456 prehensioni
918 3388 1105 3443 allines
1126 3390 1256 3442 dent
1292 3391 1567 3459 pacilicas.
1760 3394 1765 3395 “

612 3479 698 3532 ll.
743 3478 797 3533 Si
850 3480 971 3549 quis
1022 3480 1332 3550 episcopus,
1386 3484 1468 3536 vel
1498 3485 1804 3555 presbyter,
1850 3485 1932 3542 vel
1990 3503 2110 3543 om-

539 3574 672 3626 nino
707 3588 773 3627 cx
801 3588 1026 3637 canone,
1052 3584 1159 3627 etc.
1203 3586 1256 3627 ut
1299 3592 1463 3642 supra
1494 3593 1617 3645 pag.
1656 3577 1781 3652 669.

787 3663 1006 3717 Concilii
1047 3663 1334 3717 Laodiceni
1364 3683 1590 3720 canones
1626 3669 1717 3734 41,
1750 3670 1841 3725 42.

612 3755 701 3807 ll.
765 3754 921 3817 Quod
981 3770 1090 3807 non
1160 3764 1374 3823 oportet
1429 3771 1553 3810 eum
1587 3759 1680 3826 qui
1743 3770 1826 3814 est
1875 3771 2123 3816 sacratus

544 3846 629 3899 vel
688 3846 922 3899 clericus
965 3847 1081 3900 sine
1130 3850 1410 3901 canonicis
1470 3850 1666 3904 litteris
1716 3852 1821 3906 iter
1891 3852 2123 3922 ingredi.

615 3936 705 3989 42.
750 3936 903 4001 Quod
957 3953 1066 3990 non
1104 3949 1316 4006 Oportet
1359 3955 1454 3995 eos
1484 3944 1575 4011 qui
1603 3955 1732 3996 sunt
1788 3947 1985 4000 sacrati
2044 3946 2127 4001 vel

546 4029 748 4093 clerici,
785 4028 902 4082 sine
928 4029 1085 4097 jussu
1126 4031 1367 4099 episcopi
1408 4034 1509 4086 iter
1546 4034 1773 4105 ingredi.

722 4118 944 4173 Consilii
1004 4119 1443 4175 Chalcedonensis
1494 4140 1661 4178 canon
1691 4126 1777 4178 15.

619 4210 708 4263 l3.
737 4208 1025 4276 Externos';
1053 4212 1283 4267 clericos
1329 4221 1382 4267 et
1416 4213 1629 4283 ignotos
1660 4216 1714 4269 in
1745 4217 1848 4271 alia
1888 4215 2129 4282 civitate,

545 4309 678 4368 σεο..
695 4312 753 4355 ιιι
790 4318 915 4373 pag.
940 4301 1067 4356 659.

682 4494 689 4501 °
785 4476 949 4546 206
975 4476 1222 4545 ϐοηοὶίὶἱλ
1255 4477 1587 4533 Sardicensis
1637 4495 1810 4533 canon
1838 4478 1891 4533 9.

625 4567 822 4622 llosius
858 4570 1148 4638 episcopus
1171 4571 1308 4623 dixit
1337 4587 1352 4625 :
1399 4571 1511 4626 lloc
1534 4587 1758 4641 quoque
1788 4586 2134 4641 consequens

553 4677 676 4716 esse
700 4662 980 4726 existimo,
1022 4671 1152 4728 etc.,
1187 4672 1241 4715 at
1288 4679 1412 4733 pag.
1449 4664 1578 4718 667.

743 4746 745 4749 ’
836 4752 1063 4807 Cancilii
1096 4754 1527 4823 Carthaginensis
1552 4770 1725 4809 canon
1767 4754 1859 4811 25.

632 4841 701 4897 Ut
748 4844 977 4913 episcopi
1023 4855 1171 4897 trans
1228 4862 1371 4898 mare
1405 4862 1507 4899 non
1528 4848 1966 4916 proﬁciscantur.

626 5016 779 5083 Item,
838 5026 899 5071 ut
962 5017 1205 5087 episcopi
1260 5027 1410 5074 trans
1479 5036 1649 5088 mare,
1687 5031 1823 5087 etc.,
1888 5029 1946 5075 ut
1978 5037 2142 5090 supra

560 5125 662 5177 pag
686 5147 701 5161 .
726 5110 853 5162 662.

841 5197 1066 5252 Concilii
1107 5201 1408 5254 (ecumenici
1460 5216 1534 5267 Vl,
1561 5218 1732 5255 canon
1771 5201 1859 5255 l7.

624 5287 889 5353 Quoniam
946 5292 1286 5349 diversarum
1338 5291 1703 5348 Ecclesiaruai
1774 5292 1979 5359 clerici,
2011 5302 2140 5359 etc.,

565 5390 621 5433 ut
641 5397 765 5449 pag.
812 5382 939 5438 545.

563 5522 569 5527 .
636 5473 786 5530 CAP.
822 5473 905 5530 Vl.
944 5474 1087 5530 —Iu
1134 5494 1235 5547 quo
1275 5477 1532 5546 differant
1572 5479 1811 5546 paciﬁca:
1834 5479 2067 5544 cpistola:
2111 5497 2143 5533 a

566 5568 1007 5621 commendatitiis
1024 5568 1285 5635 epistolis.

809 5656 1030 5711 Concilii
1063 5658 1498 5714 Chalcedonensis
1530 5676 1699 5713 canon
1738 5660 1825 5717 ll.

636 5746 838 5802 Omnes
899 5766 1203 5819 pauperes,
1283 5761 1339 5807 et
1418 5754 1511 5821 qui
1578 5752 1782 5807 auxilio
1866 5752 2138 5823 indigent,

2214 3219 2429 3283 νονικὰς
2456 3220 2743 3283 ἐπιστολὰς
2765 3218 2984 3283 διδόναι,
3011 3219 3045 3289 ἢ
3077 3220 3211 3287 πρὸς
3242 3221 3435 3289 μόνους
3469 3221 3600 3281 τοὺς
3632 3216 3806 3285 γείτο-

2213 3329 2313 3374 νας
2345 3311 2658 3364 ὲπισκόπων
2684 3309 2971 3372 ἐπιστολὰς
2993 3310 3317 3380 ἐκπέμπειν
3348 3310 3473 3373 τοὺς
3520 3308 3579 3361 δὲ
3615 3309 3805 3360 ἀνεπι-

2214 3399 2457 3471 λήπτους
2491 3399 2943 3470 χωρεπισκόπων,
2975 3398 3174 3452 διδόναι
3211 3400 3513 3469 εἰρηνικάς.

2295 3497 2386 3545 ια’.
2422 3489 2488 3542 Εἴ
2532 3506 2614 3553 τις
2641 3489 2991 3560 ἐπίσκοποςῆ
3029 3489 3421 3560 πρεσϐύτερος,
3452 3490 3485 3560 ἢ
3521 3489 3658 3551 ὅλως
3706 3484 3799 3540 τοῦ

2218 3581 2462 3646 κανόνος,
2495 3598 2550 3634 κ.
2587 3598 2637 3634 τ.
2666 3580 2717 3633 λ.

2434 3672 2702 3726 Συνόδου
2736 3671 3084 3736 Λαοδικείας
3117 3672 3315 3723 κανὼν
3347 3678 3457 3740 μα’,
3484 3668 3595 3739 μβ’.

2306 3768 2420 3830 μα’.
2448 3762 2572 3814 Ὅτι
2604 3762 2664 3813 οὐ
2691 3761 2770 3812 δεῖ
2806 3760 3129 3829 ἱερατικὸνῆ
3156 3759 3412 3829 κληρικὺν
3444 3761 3571 3813 ἄνευ
3604 3773 3806 3812 κανονι-

2224 3853 2335 3906 κῶν
2370 3851 2715 3921 γραμμάτων
2749 3850 2972 3906 ὁδεύειν.

2299 3946 2410 4016 μβ’.
2440 3945 2563 3998 Ὀτι
2588 3945 2647 3995 ού
2674 3945 2754 3996 δεῖ
2790 3942 3059 4014 ἱερατικὸν
3106 3942 3138 4012 ἦ
3172 3941 3426 4012 κληρικδν
3474 3942 3603 3995 ἄνευ
3631 3939 3809 3995 κελεύ-

2230 4053 2368 4099 σεως
2397 4034 2709 4088 ἐπισκόπων
2735 4032 2958 4086 ὁδεύειν.

2495 4123 2766 4178 Συνόδου
2796 4124 3180 4190 Χαλκηδόνος
3209 4124 3409 4177 κανὼν
3441 4122 3527 4192 ιγ’.

2306 4218 2393 4285 ιγ’.
2419 4214 2611 4278 Ξένους
2646 4214 2937 4285 κληρικοὺς
2966 4214 3061 4266 καὶ
3085 4214 3435 4282 ἀναγνώστας
3465 4217 3520 4266 ὲν
3543 4213 3705 4283 ἑτέρᾳ
3721 4211 3809 4263 πό-

2234 4308 2335 4374 λει,
2370 4324 2424 4360 κ.
2446 4323 2498 4361 τ.
2534 4306 2585 4360 λ.

2559 4481 2831 4537 Συνόδου
2868 4477 3164 4548 Σαρδικῆς
3196 4479 3398 4537 κανὼν
3435 4480 3500 4533 0'.

2308 4572 2496 4636 Ὀσιος
2556 4574 2854 4637 ἐπίσκοπος
2903 4569 3026 4627 εἷπε
3051 4588 3065 4605 ⁸
3097 4571 3209 4626 Καὶ
3245 4571 3402 4625 τοῦτο
3425 4570 3708 4625 ἀκόλουθον
3733 4561 3808 4619 εἷ-

2239 4684 2327 4720 ναι
2352 4664 2576 4737 νομίζω,
2612 4682 2665 4718 κ.
2686 4682 2739 4717 τ.
2767 4665 2819 4721 λ.

2538 4755 2808 4809 Συνόδου
2836 4755 3219 4825 Καρθαγένης
3247 4754 3445 4809 κανὼν
3472 4762 3575 4823 κγ’.

2314 4849 2493 4901 Ὥστε
2546 4846 2689 4911 τοὺς
2742 4846 3115 4910 ἐπισκόπους·
3158 4847 3349 4916 πέραν
3375 4846 3687 4913 θαλάσσης
3728 4838 3807 4911 μὴ

2242 4939 2591 5009 ἀποδημεῖν.
2678 5006 2681 5007 ν

2328 5034 2555 5103 Ὁμοίως
2585 5030 2869 5084 ἐπίσκοποι
2902 5029 3076 5099 πέραν
3107 5028 3403 5099 θαλάσσης,
3434 5047 3487 5083 κ.
3507 5047 3557 5081 τ.
3580 5031 3632 5083 λ.

2393 5210 2662 5266 Συνόδου
2685 5206 3107 5279 οίκουμενικῆς
3129 5206 3311 5274 ἕκτης
3360 5204 3558 5258 κανὼν
3600 5207 3680 5265 ιζ’.

2326 5304 2653 5372 Ἐπειδήπερ
2721 5301 2992 5371 διαφόρων
3074 5298 3406 5368 Ἐκκλησιῶν
3462 5292 3724 5366 κληρικοὶ,
3756 5304 3803 5339 κ.

2247 5412 2298 5448 τ.
2323 5394 2375 5446 λ.

2317 5484 2565 5537 ΚΕΦΔΛ.
2623 5484 2805 5548 σκ-
2850 5479 2990 5545 Περὶ
3038 5477 3327 5546 διαφορᾶς
3370 5472 3676 5545 εἰρηνικῶν
3720 5464 3807 5519 καὶ

2248 5572 2627 5631 συστατικῶν
2662 5570 3019 5624 ἐπιστολῶν.

2525 5657 2793 5713 Συνόδου
2831 5658 3220 5725 Χαλκηδόνος
3252 5652 3452 5706 κανὼν
3484 5659 3571 5704 ια’.

2326 5754 2537 5815 Πάντας
2594 5750 2717 5812 τοὺς
2750 5750 2984 5820 πένητας
3034 5749 3128 5803 καὶ
3168 5747 3453 5817 δεομένους
3490 5736 3804 5807 ἐπικουρίας»
