  <div class='ocr_page' id='page_1' title='image "/cluster/home/n/w/nwhite01/storage/ocr_20150623/104:no.4/coo.31924054870088/346.png"; bbox 0 0 4122 6444; ppageno 0'>
   <div class='ocr_carea' id='block_1_1' title="bbox 335 369 3590 439">
    <p class='ocr_par' dir='ltr' id='par_1_1' title="bbox 335 369 3590 439">
     <span class='ocr_line' id='line_1_1' title="bbox 335 369 3590 439; baseline 0.002 -8"><span class='ocrx_word' id='word_1_1' title='bbox 335 369 441 432; x_wconf 78' lang='lat'><strong>673</strong></span> <span class='ocrx_word' id='word_1_2' title='bbox 1131 370 1532 433; x_wconf 78' lang='lat' dir='ltr'><strong>SYNTAGMA</strong></span> <span class='ocrx_word' id='word_1_3' title='bbox 1585 373 1970 435; x_wconf 78' lang='lat' dir='ltr'><strong>CANONUM.</strong></span> <span class='ocrx_word' id='word_1_4' title='bbox 2008 394 2077 408; x_wconf 86' lang='grc'><strong>--</strong></span> <span class='ocrx_word' id='word_1_5' title='bbox 2120 373 2270 435; x_wconf 87' lang='grc' dir='ltr'>ΤΙΤ.</span> <span class='ocrx_word' id='word_1_6' title='bbox 2312 373 2478 434; x_wconf 71' lang='lat' dir='ltr'><strong>VIII.</strong></span> <span class='ocrx_word' id='word_1_7' title='bbox 2517 371 2673 431; x_wconf 88' lang='lat' dir='ltr'><strong>CAP.</strong></span> <span class='ocrx_word' id='word_1_8' title='bbox 2732 370 2967 431; x_wconf 80' lang='lat' dir='ltr'><strong>V-VIII.</strong></span> <span class='ocrx_word' id='word_1_9' title='bbox 3486 375 3590 439; x_wconf 55' lang='lat'><strong>67$</strong></span> 
     </span>
    </p>
   </div>
   <div class='ocr_carea' id='block_1_2' title="bbox 336 477 1931 554">
    <p class='ocr_par' dir='ltr' id='par_1_2' title="bbox 336 478 1927 554">
     <span class='ocr_line' id='line_1_2' title="bbox 336 478 1927 554; baseline 0.001 -23"><span class='ocrx_word' id='word_1_10' title='bbox 336 480 477 554; x_wconf 75' lang='grc' dir='ltr'>μετὰ</span> <span class='ocrx_word' id='word_1_11' title='bbox 504 478 826 549; x_wconf 74' lang='grc' dir='ltr'>δοκιμασίας</span> <span class='ocrx_word' id='word_1_12' title='bbox 851 479 1172 543; x_wconf 86' lang='grc' dir='ltr'>ἐπιστολίοις</span> <span class='ocrx_word' id='word_1_13' title='bbox 1191 482 1367 534; x_wconf 81' lang='grc' dir='ltr'>εῐτουν</span> <span class='ocrx_word' id='word_1_14' title='bbox 1403 483 1696 552; x_wconf 79' lang='grc' dir='ltr'><strong>εἰρηνικοῖς</strong></span> <span class='ocrx_word' id='word_1_15' title='bbox 1731 481 1927 550; x_wconf 87' lang='grc' dir='ltr'>ἐκκλη-</span> 
     </span>
    </p>
   </div>
   <div class='ocr_carea' id='block_1_3' title="bbox 2023 477 3591 554">
    <p class='ocr_par' dir='ltr' id='par_1_3' title="bbox 2033 477 3591 548">
     <span class='ocr_line' id='line_1_3' title="bbox 2033 477 3591 548; baseline 0.004 -14"><span class='ocrx_word' id='word_1_16' title='bbox 2033 495 2155 534; x_wconf 92' lang='lat' dir='ltr'><strong>cum</strong></span> <span class='ocrx_word' id='word_1_17' title='bbox 2187 480 2610 542; x_wconf 81' lang='lat' dir='ltr'><strong>examinatione,</strong></span> <span class='ocrx_word' id='word_1_18' title='bbox 2643 494 2766 533; x_wconf 88' lang='lat' dir='ltr'><strong>eum</strong></span> <span class='ocrx_word' id='word_1_19' title='bbox 2805 477 3048 548; x_wconf 72' lang='lat' dir='ltr'><strong>epistolis</strong></span> <span class='ocrx_word' id='word_1_20' title='bbox 3081 494 3176 533; x_wconf 89' lang='lat' dir='ltr'><strong>seu</strong></span> <span class='ocrx_word' id='word_1_21' title='bbox 3224 481 3463 548; x_wconf 79' lang='lat' dir='ltr'><strong>paciﬁcis</strong></span> <span class='ocrx_word' id='word_1_22' title='bbox 3502 501 3591 540; x_wconf 87' lang='lat' dir='ltr'><strong>ec-</strong></span> 
     </span>
    </p>
   </div>
   <div class='ocr_carea' id='block_1_4' title="bbox 339 569 1931 642">
    <p class='ocr_par' dir='ltr' id='par_1_4' title="bbox 339 569 1924 642">
     <span class='ocr_line' id='line_1_4' title="bbox 339 569 1924 642; baseline 0.001 -20"><span class='ocrx_word' id='word_1_23' title='bbox 339 569 634 632; x_wconf 86' lang='grc' dir='ltr'>σιαστικοῖς</span> <span class='ocrx_word' id='word_1_24' title='bbox 670 571 851 637; x_wconf 86' lang='grc' dir='ltr'>μόνοις</span> <span class='ocrx_word' id='word_1_25' title='bbox 871 569 1074 623; x_wconf 78' lang='grc' dir='ltr'><strong>ὁδεύειν</strong></span> <span class='ocrx_word' id='word_1_26' title='bbox 1102 571 1403 640; x_wconf 80' lang='grc' dir='ltr'>ὡρίσαμεν,</span> <span class='ocrx_word' id='word_1_27' title='bbox 1428 571 1522 624; x_wconf 79' lang='grc' dir='ltr'><strong>καὶ</strong></span> <span class='ocrx_word' id='word_1_28' title='bbox 1555 571 1628 642; x_wconf 86' lang='grc' dir='ltr'>μὴ</span> <span class='ocrx_word' id='word_1_29' title='bbox 1671 589 1924 624; x_wconf 79' lang='grc' dir='ltr'>συστατι-</span> 
     </span>
    </p>
   </div>
   <div class='ocr_carea' id='block_1_5' title="bbox 2023 569 3590 642">
    <p class='ocr_par' dir='ltr' id='par_1_5' title="bbox 2025 571 3590 642">
     <span class='ocr_line' id='line_1_5' title="bbox 2025 571 3590 642; baseline 0.003 -16"><span class='ocrx_word' id='word_1_30' title='bbox 2025 573 2348 627; x_wconf 67' lang='grc' dir='ltr'>οΙθςίοειίοἰε</span> <span class='ocrx_word' id='word_1_31' title='bbox 2393 573 2527 628; x_wconf 87' lang='lat' dir='ltr'><strong>solis</strong></span> <span class='ocrx_word' id='word_1_32' title='bbox 2567 573 2710 625; x_wconf 88' lang='lat' dir='ltr'><strong>viam</strong></span> <span class='ocrx_word' id='word_1_33' title='bbox 2760 571 2968 642; x_wconf 79' lang='lat' dir='ltr'><strong>ingredi</strong></span> <span class='ocrx_word' id='word_1_34' title='bbox 3013 573 3336 637; x_wconf 87' lang='lat' dir='ltr'><strong>statuimus,</strong></span> <span class='ocrx_word' id='word_1_35' title='bbox 3379 584 3433 628; x_wconf 89' lang='lat' dir='ltr'><strong>et</strong></span> <span class='ocrx_word' id='word_1_36' title='bbox 3483 591 3590 630; x_wconf 86' lang='lat' dir='ltr'><strong>non</strong></span> 
     </span>
    </p>
   </div>
   <div class='ocr_carea' id='block_1_6' title="bbox 337 659 1931 734">
    <p class='ocr_par' dir='ltr' id='par_1_6' title="bbox 337 659 1923 734">
     <span class='ocr_line' id='line_1_6' title="bbox 337 659 1923 734; baseline 0 -18"><span class='ocrx_word' id='word_1_37' title='bbox 337 664 474 726; x_wconf 80' lang='grc' dir='ltr'>κοῖς,</span> <span class='ocrx_word' id='word_1_38' title='bbox 492 661 578 714; x_wconf 83' lang='grc' dir='ltr'>διὰ</span> <span class='ocrx_word' id='word_1_39' title='bbox 610 661 671 714; x_wconf 86' lang='grc' dir='ltr'>τὸ</span> <span class='ocrx_word' id='word_1_40' title='bbox 689 659 787 723; x_wconf 77' lang='grc' dir='ltr'>τὰς</span> <span class='ocrx_word' id='word_1_41' title='bbox 806 661 1136 724; x_wconf 76' lang='grc' dir='ltr'><strong>συστατικὰς</strong></span> <span class='ocrx_word' id='word_1_42' title='bbox 1165 663 1452 725; x_wconf 78' lang='grc' dir='ltr'>ἐπιστολὰς</span> <span class='ocrx_word' id='word_1_43' title='bbox 1474 665 1773 734; x_wconf 82' lang='grc' dir='ltr'><strong>προσήκειν</strong></span> <span class='ocrx_word' id='word_1_44' title='bbox 1810 666 1923 727; x_wconf 84' lang='grc' dir='ltr'>τοῖς</span> 
     </span>
    </p>
   </div>
   <div class='ocr_carea' id='block_1_7' title="bbox 2023 659 3596 734">
    <p class='ocr_par' dir='ltr' id='par_1_7' title="bbox 2023 662 3596 733">
     <span class='ocr_line' id='line_1_7' title="bbox 2023 662 3596 733; baseline 0.001 -15"><span class='ocrx_word' id='word_1_45' title='bbox 2023 679 2146 718; x_wconf 88' lang='lat' dir='ltr'><strong>cum</strong></span> <span class='ocrx_word' id='word_1_46' title='bbox 2191 663 2687 718; x_wconf 84' lang='lat' dir='ltr'><strong>commendatitiis:</strong></span> <span class='ocrx_word' id='word_1_47' title='bbox 2727 664 2983 733; x_wconf 84' lang='lat' dir='ltr'><strong>quoniam</strong></span> <span class='ocrx_word' id='word_1_48' title='bbox 3015 662 3222 718; x_wconf 93' lang='lat' dir='ltr'><strong>litteras</strong></span> <span class='ocrx_word' id='word_1_49' title='bbox 3250 667 3596 720; x_wconf 78' lang='lat' dir='ltr'><strong>commenda-</strong></span> 
     </span>
    </p>
   </div>
   <div class='ocr_carea' id='block_1_8' title="bbox 334 752 1828 826">
    <p class='ocr_par' dir='ltr' id='par_1_8' title="bbox 334 752 1828 826">
     <span class='ocr_line' id='line_1_8' title="bbox 334 752 1828 826; baseline 0 -18"><span class='ocrx_word' id='word_1_50' title='bbox 334 753 488 808; x_wconf 77' lang='grc' dir='ltr'>οὖσιν</span> <span class='ocrx_word' id='word_1_51' title='bbox 506 753 563 805; x_wconf 89' lang='grc' dir='ltr'><strong>ἐν</strong></span> <span class='ocrx_word' id='word_1_52' title='bbox 585 752 854 822; x_wconf 81' lang='grc' dir='ltr'>ὑπολήψει</span> <span class='ocrx_word' id='word_1_53' title='bbox 912 752 1093 823; x_wconf 87' lang='grc' dir='ltr'>μόνοις</span> <span class='ocrx_word' id='word_1_54' title='bbox 1144 753 1474 824; x_wconf 82' lang='grc' dir='ltr'><strong>παρέχεσθαι</strong></span> <span class='ocrx_word' id='word_1_55' title='bbox 1499 754 1828 826; x_wconf 80' lang='grc' dir='ltr'>προσώποις.</span> 
     </span>
    </p>
   </div>
   <div class='ocr_carea' id='block_1_9' title="bbox 581 923 1670 998">
    <p class='ocr_par' dir='ltr' id='par_1_9' title="bbox 581 923 1670 998">
     <span class='ocr_line' id='line_1_9' title="bbox 581 923 1670 998; baseline 0.003 -21"><span class='ocrx_word' id='word_1_56' title='bbox 581 923 853 978; x_wconf 84' lang='grc' dir='ltr'>Συνόδου</span> <span class='ocrx_word' id='word_1_57' title='bbox 883 925 1301 995; x_wconf 75' lang='grc' dir='ltr'>Καρθαγέννης</span> <span class='ocrx_word' id='word_1_58' title='bbox 1329 929 1530 979; x_wconf 82' lang='grc' dir='ltr'>κανὼν</span> <span class='ocrx_word' id='word_1_59' title='bbox 1558 927 1670 998; x_wconf 63' lang='lat' dir='ltr'><strong>pg’.</strong></span> 
     </span>
    </p>
   </div>
   <div class='ocr_carea' id='block_1_10' title="bbox 413 1014 1920 1088">
    <p class='ocr_par' dir='ltr' id='par_1_10' title="bbox 413 1014 1920 1088">
     <span class='ocr_line' id='line_1_10' title="bbox 413 1014 1920 1088; baseline 0.003 -21"><span class='ocrx_word' id='word_1_60' title='bbox 413 1014 541 1068; x_wconf 79' lang='grc' dir='ltr'>Ἵνα</span> <span class='ocrx_word' id='word_1_61' title='bbox 560 1016 614 1067; x_wconf 80' lang='grc' dir='ltr'>οἱ</span> <span class='ocrx_word' id='word_1_62' title='bbox 657 1014 756 1067; x_wconf 79' lang='grc' dir='ltr'>ἐπὶ</span> <span class='ocrx_word' id='word_1_63' title='bbox 801 1015 871 1069; x_wconf 83' lang='grc' dir='ltr'>τὸ</span> <span class='ocrx_word' id='word_1_64' title='bbox 914 1017 1231 1085; x_wconf 81' lang='grc' dir='ltr'>κομιτάτον</span> <span class='ocrx_word' id='word_1_65' title='bbox 1281 1021 1666 1088; x_wconf 72' lang='grc' dir='ltr'>πορευόμενοι</span> <span class='ocrx_word' id='word_1_66' title='bbox 1692 1018 1808 1086; x_wconf 76' lang='grc' dir='ltr'><strong>τὴν</strong></span> <span class='ocrx_word' id='word_1_67' title='bbox 1829 1021 1920 1072; x_wconf 85' lang='lat' dir='ltr'><strong>al-</strong></span> 
     </span>
    </p>
   </div>
   <div class='ocr_carea' id='block_1_11' title="bbox 2021 753 3592 826">
    <p class='ocr_par' dir='ltr' id='par_1_11' title="bbox 2021 753 3592 826">
     <span class='ocr_line' id='line_1_11' title="bbox 2021 753 3592 826; baseline 0.001 -18"><span class='ocrx_word' id='word_1_68' title='bbox 2021 753 2170 810; x_wconf 88' lang='lat' dir='ltr'><strong>titias</strong></span> <span class='ocrx_word' id='word_1_69' title='bbox 2205 756 2272 810; x_wconf 90' lang='lat' dir='ltr'><strong>iis</strong></span> <span class='ocrx_word' id='word_1_70' title='bbox 2301 756 2435 812; x_wconf 91' lang='lat' dir='ltr'><strong>solis</strong></span> <span class='ocrx_word' id='word_1_71' title='bbox 2465 755 2714 826; x_wconf 85' lang='lat' dir='ltr'><strong>personis</strong></span> <span class='ocrx_word' id='word_1_72' title='bbox 2746 769 2867 824; x_wconf 68' lang='lat' dir='ltr'><strong>quae</strong></span> <span class='ocrx_word' id='word_1_73' title='bbox 2895 763 3025 810; x_wconf 88' lang='lat' dir='ltr'><strong>sunt</strong></span> <span class='ocrx_word' id='word_1_74' title='bbox 3054 764 3341 825; x_wconf 68' lang='lat' dir='ltr'><strong>suspectae,</strong></span> <span class='ocrx_word' id='word_1_75' title='bbox 3365 757 3592 826; x_wconf 71' lang='lat' dir='ltr'><strong>praeberi</strong></span> 
     </span>
    </p>
   </div>
   <div class='ocr_carea' id='block_1_12' title="bbox 2021 853 2255 917">
    <p class='ocr_par' dir='ltr' id='par_1_12' title="bbox 2021 853 2255 917">
     <span class='ocr_line' id='line_1_12' title="bbox 2021 853 2255 917; baseline -0.004 -17"><span class='ocrx_word' id='word_1_76' title='bbox 2021 853 2255 917; x_wconf 83' lang='lat' dir='ltr'><strong>Oportet.</strong></span> 
     </span>
    </p>
   </div>
   <div class='ocr_carea' id='block_1_13' title="bbox 2257 932 3348 1003">
    <p class='ocr_par' dir='ltr' id='par_1_13' title="bbox 2257 932 3348 1003">
     <span class='ocr_line' id='line_1_13' title="bbox 2257 932 3348 1003; baseline 0.004 -15"><span class='ocrx_word' id='word_1_77' title='bbox 2257 932 2482 988; x_wconf 86' lang='lat' dir='ltr'><strong>Concilii</strong></span> <span class='ocrx_word' id='word_1_78' title='bbox 2538 933 2966 1003; x_wconf 81' lang='lat' dir='ltr'><strong>Cartltaginensis</strong></span> <span class='ocrx_word' id='word_1_79' title='bbox 3013 950 3178 989; x_wconf 82' lang='lat' dir='ltr'><strong>canon</strong></span> <span class='ocrx_word' id='word_1_80' title='bbox 3225 935 3348 992; x_wconf 77' lang='grc'><strong>106.</strong></span> 
     </span>
    </p>
   </div>
   <div class='ocr_carea' id='block_1_14' title="bbox 2097 1023 3596 1094">
    <p class='ocr_par' dir='ltr' id='par_1_14' title="bbox 2097 1023 3596 1094">
     <span class='ocr_line' id='line_1_14' title="bbox 2097 1023 3596 1094; baseline 0.002 -16"><span class='ocrx_word' id='word_1_81' title='bbox 2097 1023 2165 1078; x_wconf 91' lang='lat' dir='ltr'><strong>Ut</strong></span> <span class='ocrx_word' id='word_1_82' title='bbox 2216 1034 2483 1094; x_wconf 80' lang='lat' dir='ltr'><strong>pergentes</strong></span> <span class='ocrx_word' id='word_1_83' title='bbox 2534 1025 2603 1078; x_wconf 87' lang='lat' dir='ltr'><strong>ad</strong></span> <span class='ocrx_word' id='word_1_84' title='bbox 2685 1027 2993 1078; x_wconf 87' lang='lat' dir='ltr'><strong>comitatum</strong></span> <span class='ocrx_word' id='word_1_85' title='bbox 3053 1043 3268 1081; x_wconf 80' lang='lat' dir='ltr'><strong>causam</strong></span> <span class='ocrx_word' id='word_1_86' title='bbox 3325 1044 3476 1082; x_wconf 84' lang='lat' dir='ltr'><strong>suam</strong></span> <span class='ocrx_word' id='word_1_87' title='bbox 3519 1029 3596 1081; x_wconf 82' lang='lat' dir='ltr'><strong>vel</strong></span> 
     </span>
    </p>
   </div>
   <div class='ocr_carea' id='block_1_15' title="bbox 335 1104 1931 1188">
    <p class='ocr_par' dir='ltr' id='par_1_15' title="bbox 335 1104 1918 1176">
     <span class='ocr_line' id='line_1_15' title="bbox 335 1104 1918 1176; baseline 0.004 -18"><span class='ocrx_word' id='word_1_88' title='bbox 335 1105 475 1158; x_wconf 77' lang='grc' dir='ltr'>τίαν</span> <span class='ocrx_word' id='word_1_89' title='bbox 495 1104 743 1171; x_wconf 78' lang='grc' dir='ltr'>ἑαυτῶν,</span> <span class='ocrx_word' id='word_1_90' title='bbox 770 1106 870 1158; x_wconf 77' lang='grc' dir='ltr'>καὶ</span> <span class='ocrx_word' id='word_1_91' title='bbox 900 1105 980 1171; x_wconf 82' lang='grc' dir='ltr'>τῷ</span> <span class='ocrx_word' id='word_1_92' title='bbox 1008 1107 1078 1160; x_wconf 87' lang='grc' dir='ltr'><strong>ἐν</strong></span> <span class='ocrx_word' id='word_1_93' title='bbox 1119 1109 1481 1176; x_wconf 74' lang='grc' dir='ltr'><strong>Καρχηδόνι,</strong></span> <span class='ocrx_word' id='word_1_94' title='bbox 1525 1109 1623 1162; x_wconf 78' lang='grc' dir='ltr'>καὶ</span> <span class='ocrx_word' id='word_1_95' title='bbox 1655 1109 1737 1176; x_wconf 84' lang='grc' dir='ltr'>τῷ</span> <span class='ocrx_word' id='word_1_96' title='bbox 1775 1109 1918 1164; x_wconf 79' lang='grc' dir='ltr'><strong>Ῥω-</strong></span> 
     </span>
    </p>
   </div>
   <div class='ocr_carea' id='block_1_16' title="bbox 2023 1104 3595 1188">
    <p class='ocr_par' dir='ltr' id='par_1_16' title="bbox 2023 1111 3595 1188">
     <span class='ocr_line' id='line_1_16' title="bbox 2023 1111 3595 1188; baseline 0.003 -20"><span class='ocrx_word' id='word_1_97' title='bbox 2023 1111 2426 1182; x_wconf 78' lang='lat' dir='ltr'><strong>Cartliagiuensi</strong></span> <span class='ocrx_word' id='word_1_98' title='bbox 2471 1111 2551 1166; x_wconf 76' lang='lat' dir='ltr'><strong>vel</strong></span> <span class='ocrx_word' id='word_1_99' title='bbox 2603 1113 2840 1168; x_wconf 84' lang='lat' dir='ltr'><strong>Romano</strong></span> <span class='ocrx_word' id='word_1_100' title='bbox 2897 1118 3135 1186; x_wconf 85' lang='lat' dir='ltr'><strong>pontiﬁci</strong></span> <span class='ocrx_word' id='word_1_101' title='bbox 3169 1120 3447 1173; x_wconf 77' lang='lat' dir='ltr'><strong>insinuare</strong></span> <span class='ocrx_word' id='word_1_102' title='bbox 3467 1135 3595 1188; x_wconf 87' lang='lat' dir='ltr'><strong>pro-</strong></span> 
     </span>
    </p>
   </div>
   <div class='ocr_carea' id='block_1_17' title="bbox 338 1194 1536 1268">
    <p class='ocr_par' dir='ltr' id='par_1_17' title="bbox 338 1194 1536 1268">
     <span class='ocr_line' id='line_1_17' title="bbox 338 1194 1536 1268; baseline 0.006 -21"><span class='ocrx_word' id='word_1_103' title='bbox 338 1194 533 1263; x_wconf 74' lang='grc' dir='ltr'>μαϊκῷ</span> <span class='ocrx_word' id='word_1_104' title='bbox 558 1197 699 1264; x_wconf 76' lang='grc' dir='ltr'>ἱερεῖ</span> <span class='ocrx_word' id='word_1_105' title='bbox 729 1197 1169 1251; x_wconf 79' lang='grc' dir='ltr'>σπουδάσωσιν</span> <span class='ocrx_word' id='word_1_106' title='bbox 1192 1199 1536 1268; x_wconf 71' lang='grc' dir='ltr'>ἐμφανίσαι.</span> 
     </span>
    </p>
   </div>
   <div class='ocr_carea' id='block_1_18' title="bbox 412 1287 1910 1362">
    <p class='ocr_par' dir='ltr' id='par_1_18' title="bbox 412 1287 1910 1362">
     <span class='ocr_line' id='line_1_18' title="bbox 412 1287 1910 1362; baseline 0.003 -21"><span class='ocrx_word' id='word_1_107' title='bbox 412 1293 526 1356; x_wconf 68' lang='lat' dir='ltr'><strong>pg’.</strong></span> <span class='ocrx_word' id='word_1_108' title='bbox 560 1287 795 1356; x_wconf 85' lang='grc' dir='ltr'>Ἤρεσεν</span> <span class='ocrx_word' id='word_1_109' title='bbox 816 1287 902 1340; x_wconf 84' lang='grc' dir='ltr'>ἴνα</span> <span class='ocrx_word' id='word_1_110' title='bbox 930 1288 1278 1357; x_wconf 76' lang='grc' dir='ltr'>ὁστισδήποτε</span> <span class='ocrx_word' id='word_1_111' title='bbox 1325 1290 1460 1361; x_wconf 85' lang='grc' dir='ltr'>πρὸς</span> <span class='ocrx_word' id='word_1_112' title='bbox 1505 1291 1568 1344; x_wconf 83' lang='grc' dir='ltr'>τὸ</span> <span class='ocrx_word' id='word_1_113' title='bbox 1597 1290 1910 1362; x_wconf 79' lang='grc' dir='ltr'>κομιτάτον,</span> 
     </span>
    </p>
   </div>
   <div class='ocr_carea' id='block_1_19' title="bbox 338 1377 544 1432">
    <p class='ocr_par' dir='ltr' id='par_1_19' title="bbox 338 1377 544 1432">
     <span class='ocr_line' id='line_1_19' title="bbox 338 1377 544 1432; baseline -0.005 0"><span class='ocrx_word' id='word_1_114' title='bbox 338 1397 395 1432; x_wconf 87' lang='grc' dir='ltr'><strong>κ.</strong></span> <span class='ocrx_word' id='word_1_115' title='bbox 421 1377 544 1431; x_wconf 89' lang='grc' dir='ltr'>τ.λ.</span> 
     </span>
    </p>
   </div>
   <div class='ocr_carea' id='block_1_20' title="bbox 410 1471 1914 1558">
    <p class='ocr_par' dir='ltr' id='par_1_20' title="bbox 410 1471 1914 1558">
     <span class='ocr_line' id='line_1_20' title="bbox 410 1471 1914 1558; baseline 0.003 -33"><span class='ocrx_word' id='word_1_116' title='bbox 410 1471 665 1525; x_wconf 76' lang='grc' dir='ltr'><strong>ΚΕΦΔΛ.</strong></span> <span class='ocrx_word' id='word_1_117' title='bbox 701 1473 776 1524; x_wconf 86' lang='grc' dir='ltr'><strong>Ζ¹.</strong></span> <span class='ocrx_word' id='word_1_118' title='bbox 807 1501 878 1513; x_wconf 91' lang='grc'><strong>-</strong></span> <span class='ocrx_word' id='word_1_119' title='bbox 911 1473 1046 1558; x_wconf 32' lang='grc' dir='ltr'>Τίσι.</span> <span class='ocrx_word' id='word_1_120' title='bbox 1067 1472 1161 1526; x_wconf 84' lang='grc' dir='ltr'>δεῖ</span> <span class='ocrx_word' id='word_1_121' title='bbox 1196 1472 1335 1538; x_wconf 81' lang='grc' dir='ltr'>τοὺς</span> <span class='ocrx_word' id='word_1_122' title='bbox 1373 1473 1744 1538; x_wconf 78' lang='grc' dir='ltr'>ἐπισκόπους</span> <span class='ocrx_word' id='word_1_123' title='bbox 1761 1475 1914 1541; x_wconf 79' lang='grc' dir='ltr'>,βοη-</span> 
     </span>
    </p>
   </div>
   <div class='ocr_carea' id='block_1_21' title="bbox 341 1562 1912 1630">
    <p class='ocr_par' dir='ltr' id='par_1_21' title="bbox 341 1562 1912 1630">
     <span class='ocr_line' id='line_1_21' title="bbox 341 1562 1912 1630; baseline 0.001 -13"><span class='ocrx_word' id='word_1_124' title='bbox 341 1563 485 1617; x_wconf 81' lang='grc' dir='ltr'>θεῒν·</span> <span class='ocrx_word' id='word_1_125' title='bbox 518 1562 616 1617; x_wconf 76' lang='grc' dir='ltr'><strong>καί</strong></span> <span class='ocrx_word' id='word_1_126' title='bbox 643 1562 776 1630; x_wconf 77' lang='grc' dir='ltr'>περὶ</span> <span class='ocrx_word' id='word_1_127' title='bbox 797 1563 1168 1627; x_wconf 79' lang='grc' dir='ltr'>ἐπισκόπων,</span> <span class='ocrx_word' id='word_1_128' title='bbox 1192 1563 1290 1615; x_wconf 81' lang='grc' dir='ltr'>καὶ</span> <span class='ocrx_word' id='word_1_129' title='bbox 1329 1563 1762 1630; x_wconf 79' lang='grc' dir='ltr'>πρεσϐυτέρων,</span> <span class='ocrx_word' id='word_1_130' title='bbox 1813 1565 1912 1618; x_wconf 78' lang='grc' dir='ltr'>καὶ</span> 
     </span>
    </p>
   </div>
   <div class='ocr_carea' id='block_1_22' title="bbox 339 1652 1914 1723">
    <p class='ocr_par' dir='ltr' id='par_1_22' title="bbox 339 1652 1914 1723">
     <span class='ocr_line' id='line_1_22' title="bbox 339 1652 1914 1723; baseline 0.001 -17"><span class='ocrx_word' id='word_1_131' title='bbox 339 1652 654 1715; x_wconf 78' lang='grc' dir='ltr'>διακόνων,</span> <span class='ocrx_word' id='word_1_132' title='bbox 683 1652 768 1721; x_wconf 78' lang='grc' dir='ltr'>μὴ</span> <span class='ocrx_word' id='word_1_133' title='bbox 798 1655 1217 1723; x_wconf 77' lang='grc' dir='ltr'><strong>χορηγούντων</strong></span> <span class='ocrx_word' id='word_1_134' title='bbox 1237 1654 1358 1720; x_wconf 84' lang='grc' dir='ltr'>τοῖς</span> <span class='ocrx_word' id='word_1_135' title='bbox 1383 1654 1656 1708; x_wconf 81' lang='grc' dir='ltr'><strong>ἐνδεέσιν</strong></span> <span class='ocrx_word' id='word_1_136' title='bbox 1694 1655 1914 1723; x_wconf 76' lang='grc' dir='ltr'>ἐκκλη-</span> 
     </span>
    </p>
   </div>
   <div class='ocr_carea' id='block_1_23' title="bbox 339 1759 698 1810">
    <p class='ocr_par' dir='ltr' id='par_1_23' title="bbox 339 1759 698 1810">
     <span class='ocr_line' id='line_1_23' title="bbox 339 1759 698 1810; baseline -0.003 -12"><span class='ocrx_word' id='word_1_137' title='bbox 339 1759 698 1810; x_wconf 81' lang='grc' dir='ltr'>σιαστικοις.</span> 
     </span>
    </p>
   </div>
   <div class='ocr_carea' id='block_1_24' title="bbox 767 1834 1496 1891">
    <p class='ocr_par' dir='ltr' id='par_1_24' title="bbox 767 1834 1496 1891">
     <span class='ocr_line' id='line_1_24' title="bbox 767 1834 1496 1891; baseline 0 -1"><span class='ocrx_word' id='word_1_138' title='bbox 767 1835 1151 1891; x_wconf 72' lang='grc' dir='ltr'>Ἀποστόλων</span> <span class='ocrx_word' id='word_1_139' title='bbox 1176 1835 1376 1891; x_wconf 83' lang='grc' dir='ltr'>κανὼν</span> <span class='ocrx_word' id='word_1_140' title='bbox 1398 1834 1496 1890; x_wconf 71' lang='grc' dir='ltr'>νθν.</span> 
     </span>
    </p>
   </div>
   <div class='ocr_carea' id='block_1_25' title="bbox 407 1924 1920 1997">
    <p class='ocr_par' dir='ltr' id='par_1_25' title="bbox 407 1924 1920 1997">
     <span class='ocr_line' id='line_1_25' title="bbox 407 1924 1920 1997; baseline -0.002 -16"><span class='ocrx_word' id='word_1_141' title='bbox 407 1925 511 1981; x_wconf 71' lang='grc' dir='ltr'>νϐ’.</span> <span class='ocrx_word' id='word_1_142' title='bbox 539 1927 604 1979; x_wconf 74' lang='lat' dir='ltr'><strong>El</strong></span> <span class='ocrx_word' id='word_1_143' title='bbox 653 1943 736 1988; x_wconf 90' lang='grc' dir='ltr'><strong>τις</strong></span> <span class='ocrx_word' id='word_1_144' title='bbox 776 1928 1091 1992; x_wconf 84' lang='grc' dir='ltr'>ἐπίσκοπος,</span> <span class='ocrx_word' id='word_1_145' title='bbox 1124 1926 1156 1997; x_wconf 85' lang='grc' dir='ltr'>ἢ</span> <span class='ocrx_word' id='word_1_146' title='bbox 1209 1926 1597 1996; x_wconf 80' lang='grc' dir='ltr'>πρεσϐύτερος,</span> <span class='ocrx_word' id='word_1_147' title='bbox 1627 1924 1772 1988; x_wconf 66' lang='grc' dir='ltr'>τινὸς</span> <span class='ocrx_word' id='word_1_148' title='bbox 1812 1925 1920 1978; x_wconf 84' lang='grc' dir='ltr'>τῶν</span> 
     </span>
    </p>
   </div>
   <div class='ocr_carea' id='block_1_26' title="bbox 343 2016 1919 2087">
    <p class='ocr_par' dir='ltr' id='par_1_26' title="bbox 343 2016 1919 2087">
     <span class='ocr_line' id='line_1_26' title="bbox 343 2016 1919 2087; baseline -0.001 -15"><span class='ocrx_word' id='word_1_149' title='bbox 343 2016 622 2087; x_wconf 80' lang='grc' dir='ltr'>κληρικῶν</span> <span class='ocrx_word' id='word_1_150' title='bbox 653 2017 865 2078; x_wconf 80' lang='grc' dir='ltr'><strong>ἐνδεοῦς</strong></span> <span class='ocrx_word' id='word_1_151' title='bbox 897 2018 1069 2084; x_wconf 75' lang='grc' dir='ltr'>ὄντος,</span> <span class='ocrx_word' id='word_1_152' title='bbox 1133 2017 1207 2087; x_wconf 86' lang='grc' dir='ltr'>μὴ</span> <span class='ocrx_word' id='word_1_153' title='bbox 1242 2019 1563 2086; x_wconf 81' lang='grc' dir='ltr'>ἐπιχορηγεί</span> <span class='ocrx_word' id='word_1_154' title='bbox 1607 2017 1676 2070; x_wconf 85' lang='grc' dir='ltr'>τὰ</span> <span class='ocrx_word' id='word_1_155' title='bbox 1710 2017 1919 2080; x_wconf 84' lang='grc' dir='ltr'>δέοντα,</span> 
     </span>
    </p>
   </div>
   <div class='ocr_carea' id='block_1_27' title="bbox 341 2107 1923 2181">
    <p class='ocr_par' dir='ltr' id='par_1_27' title="bbox 341 2107 1923 2181">
     <span class='ocr_line' id='line_1_27' title="bbox 341 2107 1923 2181; baseline -0.001 -18"><span class='ocrx_word' id='word_1_156' title='bbox 341 2108 703 2181; x_wconf 74' lang='grc' dir='ltr'>ἀφοριζέσθωο</span> <span class='ocrx_word' id='word_1_157' title='bbox 733 2109 1006 2181; x_wconf 76' lang='grc' dir='ltr'><strong>ἐπιμένων</strong></span> <span class='ocrx_word' id='word_1_158' title='bbox 1029 2109 1108 2175; x_wconf 84' lang='grc' dir='ltr'><strong>δὲ,</strong></span> <span class='ocrx_word' id='word_1_159' title='bbox 1139 2109 1505 2178; x_wconf 69' lang='grc' dir='ltr'><strong>καθαιρείσθω</strong></span> <span class='ocrx_word' id='word_1_160' title='bbox 1527 2108 1602 2172; x_wconf 82' lang='grc' dir='ltr'>ὡς</span> <span class='ocrx_word' id='word_1_161' title='bbox 1657 2107 1923 2177; x_wconf 80' lang='grc' dir='ltr'>φονεύσας</span> 
     </span>
    </p>
   </div>
   <div class='ocr_carea' id='block_1_28' title="bbox 339 2199 911 2268">
    <p class='ocr_par' dir='ltr' id='par_1_28' title="bbox 339 2199 911 2268">
     <span class='ocr_line' id='line_1_28' title="bbox 339 2199 911 2268; baseline 0 -14"><span class='ocrx_word' id='word_1_162' title='bbox 339 2200 438 2254; x_wconf 75' lang='grc' dir='ltr'>τὸν</span> <span class='ocrx_word' id='word_1_163' title='bbox 468 2199 694 2268; x_wconf 77' lang='grc' dir='ltr'>ἀδελφὸν</span> <span class='ocrx_word' id='word_1_164' title='bbox 724 2200 911 2254; x_wconf 81' lang='grc' dir='ltr'>αὐτοῦ.</span> 
     </span>
    </p>
   </div>
   <div class='ocr_carea' id='block_1_29' title="bbox 665 2287 1568 2360">
    <p class='ocr_par' dir='ltr' id='par_1_29' title="bbox 665 2287 1568 2360">
     <span class='ocr_line' id='line_1_29' title="bbox 665 2287 1568 2360; baseline -0.006 -11"><span class='ocrx_word' id='word_1_165' title='bbox 665 2294 934 2349; x_wconf 87' lang='grc' dir='ltr'>Συνόδου</span> <span class='ocrx_word' id='word_1_166' title='bbox 955 2290 1255 2360; x_wconf 58' lang='grc' dir='ltr'>Σαωικῆς</span> <span class='ocrx_word' id='word_1_167' title='bbox 1282 2291 1482 2344; x_wconf 82' lang='grc' dir='ltr'>κανὼν</span> <span class='ocrx_word' id='word_1_168' title='bbox 1501 2287 1568 2354; x_wconf 65' lang='grc' dir='ltr'><strong>ξι.</strong></span> 
     </span>
    </p>
   </div>
   <div class='ocr_carea' id='block_1_30' title="bbox 416 2380 1918 2460">
    <p class='ocr_par' dir='ltr' id='par_1_30' title="bbox 416 2380 1918 2460">
     <span class='ocr_line' id='line_1_30' title="bbox 416 2380 1918 2460; baseline -0.005 -13"><span class='ocrx_word' id='word_1_169' title='bbox 416 2392 483 2458; x_wconf 79' lang='grc' dir='ltr'><strong>ζ’.</strong></span> <span class='ocrx_word' id='word_1_170' title='bbox 503 2389 994 2460; x_wconf 81' lang='grc' dir='ltr'>Ὄσιοςέπίσκοπος</span> <span class='ocrx_word' id='word_1_171' title='bbox 1011 2380 1184 2438; x_wconf 81' lang='grc' dir='ltr'>εἶπεν.</span> <span class='ocrx_word' id='word_1_172' title='bbox 1198 2384 1264 2437; x_wconf 86' lang='grc' dir='ltr'><strong>Ἤ</strong></span> <span class='ocrx_word' id='word_1_173' title='bbox 1280 2383 1506 2454; x_wconf 75' lang='grc' dir='ltr'>ἀκαιρία</span> <span class='ocrx_word' id='word_1_174' title='bbox 1521 2384 1553 2452; x_wconf 81' lang='grc' dir='ltr'>ἡ</span> <span class='ocrx_word' id='word_1_175' title='bbox 1561 2382 1698 2454; x_wconf 82' lang='grc' dir='ltr'>μῶν,</span> <span class='ocrx_word' id='word_1_176' title='bbox 1712 2400 1768 2437; x_wconf 90' lang='grc' dir='ltr'><strong>κ.</strong></span> <span class='ocrx_word' id='word_1_177' title='bbox 1789 2400 1843 2438; x_wconf 86' lang='grc' dir='ltr'><strong>τ.</strong></span> <span class='ocrx_word' id='word_1_178' title='bbox 1863 2383 1918 2440; x_wconf 88' lang='grc' dir='ltr'><strong>λ.</strong></span> 
     </span>
    </p>
   </div>
   <div class='ocr_carea' id='block_1_31' title="bbox 415 2561 1919 2640">
    <p class='ocr_par' dir='ltr' id='par_1_31' title="bbox 415 2561 1919 2640">
     <span class='ocr_line' id='line_1_31' title="bbox 415 2561 1919 2640; baseline -0.007 -16"><span class='ocrx_word' id='word_1_179' title='bbox 415 2573 481 2624; x_wconf 81' lang='lat' dir='ltr'><strong>Oi</strong></span> <span class='ocrx_word' id='word_1_180' title='bbox 516 2570 802 2640; x_wconf 76' lang='grc' dir='ltr'>πενόμενοι</span> <span class='ocrx_word' id='word_1_181' title='bbox 837 2565 1121 2637; x_wconf 82' lang='grc' dir='ltr'>αἱρετικοὶ,</span> <span class='ocrx_word' id='word_1_182' title='bbox 1151 2565 1214 2618; x_wconf 86' lang='grc' dir='ltr'>ού</span> <span class='ocrx_word' id='word_1_183' title='bbox 1263 2561 1623 2634; x_wconf 61' lang='grc' dir='ltr'>χορηγοῦντει</span> <span class='ocrx_word' id='word_1_184' title='bbox 1653 2561 1720 2615; x_wconf 85' lang='grc' dir='ltr'><strong>τὰ</strong></span> <span class='ocrx_word' id='word_1_185' title='bbox 1765 2561 1919 2630; x_wconf 89' lang='grc' dir='ltr'>λεγό-</span> 
     </span>
    </p>
   </div>
   <div class='ocr_carea' id='block_1_32' title="bbox 345 2651 1920 2733">
    <p class='ocr_par' dir='ltr' id='par_1_32' title="bbox 345 2651 1920 2733">
     <span class='ocr_line' id='line_1_32' title="bbox 345 2651 1920 2733; baseline -0.006 -20"><span class='ocrx_word' id='word_1_186' title='bbox 345 2678 485 2733; x_wconf 79' lang='grc' dir='ltr'>μενα</span> <span class='ocrx_word' id='word_1_187' title='bbox 521 2657 868 2728; x_wconf 78' lang='grc' dir='ltr'>ἀξιωματικὰ</span> <span class='ocrx_word' id='word_1_188' title='bbox 894 2656 1001 2709; x_wconf 81' lang='grc' dir='ltr'><strong>ἀπὺ</strong></span> <span class='ocrx_word' id='word_1_189' title='bbox 1030 2655 1136 2708; x_wconf 83' lang='grc' dir='ltr'><strong>τῶν</strong></span> <span class='ocrx_word' id='word_1_190' title='bbox 1161 2652 1524 2722; x_wconf 76' lang='grc' dir='ltr'>δικαστηρίων</span> <span class='ocrx_word' id='word_1_191' title='bbox 1568 2651 1601 2722; x_wconf 83' lang='grc' dir='ltr'>ἢ</span> <span class='ocrx_word' id='word_1_192' title='bbox 1649 2651 1756 2704; x_wconf 85' lang='grc' dir='ltr'>τῶν</span> <span class='ocrx_word' id='word_1_193' title='bbox 1795 2653 1920 2704; x_wconf 83' lang='grc' dir='ltr'><strong>Ἑκ-</strong></span> 
     </span>
    </p>
   </div>
   <div class='ocr_carea' id='block_1_33' title="bbox 349 2741 1498 2818">
    <p class='ocr_par' dir='ltr' id='par_1_33' title="bbox 349 2741 1498 2818">
     <span class='ocr_line' id='line_1_33' title="bbox 349 2741 1498 2818; baseline -0.007 -16"><span class='ocrx_word' id='word_1_194' title='bbox 349 2747 611 2818; x_wconf 84' lang='grc' dir='ltr'>κλησιῶν.</span> <span class='ocrx_word' id='word_1_195' title='bbox 646 2747 720 2808; x_wconf 86' lang='grc' dir='ltr'><strong>ὡς</strong></span> <span class='ocrx_word' id='word_1_196' title='bbox 750 2744 889 2814; x_wconf 76' lang='grc' dir='ltr'>βιὸλ.</span> <span class='ocrx_word' id='word_1_197' title='bbox 920 2750 990 2808; x_wconf 85' lang='grc' dir='ltr'>α’,</span> <span class='ocrx_word' id='word_1_198' title='bbox 1029 2743 1136 2797; x_wconf 82' lang='grc' dir='ltr'>τίτ.</span> <span class='ocrx_word' id='word_1_199' title='bbox 1166 2741 1229 2807; x_wconf 87' lang='grc' dir='ltr'>ε’,</span> <span class='ocrx_word' id='word_1_200' title='bbox 1253 2743 1390 2795; x_wconf 85' lang='grc' dir='ltr'>διάτ.</span> <span class='ocrx_word' id='word_1_201' title='bbox 1428 2748 1498 2795; x_wconf 80' lang='grc' dir='ltr'>κ’.</span> 
     </span>
    </p>
   </div>
   <div class='ocr_carea' id='block_1_34' title="bbox 417 2829 1921 2900">
    <p class='ocr_par' dir='ltr' id='par_1_34' title="bbox 417 2829 1921 2900">
     <span class='ocr_line' id='line_1_34' title="bbox 417 2829 1921 2900; baseline -0.003 -11"><span class='ocrx_word' id='word_1_202' title='bbox 417 2834 669 2889; x_wconf 78' lang='grc' dir='ltr'><strong>ΚΕΦΑΛ.</strong></span> <span class='ocrx_word' id='word_1_203' title='bbox 689 2833 773 2888; x_wconf 82' lang='grc' dir='ltr'><strong>Η’.</strong></span> <span class='ocrx_word' id='word_1_204' title='bbox 798 2862 868 2872; x_wconf 90' lang='grc'><strong><em>-</em></strong></span> <span class='ocrx_word' id='word_1_205' title='bbox 889 2832 1027 2900; x_wconf 75' lang='grc' dir='ltr'>Περὶ</span> <span class='ocrx_word' id='word_1_206' title='bbox 1050 2829 1328 2885; x_wconf 77' lang='grc' dir='ltr'>συνόδων</span> <span class='ocrx_word' id='word_1_207' title='bbox 1364 2830 1461 2884; x_wconf 78' lang='grc' dir='ltr'>καὶ</span> <span class='ocrx_word' id='word_1_208' title='bbox 1487 2829 1608 2884; x_wconf 84' lang='grc' dir='ltr'>τῶν</span> <span class='ocrx_word' id='word_1_209' title='bbox 1626 2831 1714 2896; x_wconf 82' lang='grc' dir='ltr'><strong>είς</strong></span> <span class='ocrx_word' id='word_1_210' title='bbox 1733 2831 1921 2897; x_wconf 79' lang='grc' dir='ltr'>αὑτὰς</span> 
     </span>
    </p>
   </div>
   <div class='ocr_carea' id='block_1_35' title="bbox 326 2927 780 2998">
    <p class='ocr_par' dir='ltr' id='par_1_35' title="bbox 326 2927 780 2998">
     <span class='ocr_line' id='line_1_35' title="bbox 326 2927 780 2998; baseline -0.011 -15"><span class='ocrx_word' id='word_1_211' title='bbox 326 2987 328 2990; x_wconf 28' lang='grc' dir='ltr'><strong><em>τ</em></strong></span> <span class='ocrx_word' id='word_1_212' title='bbox 337 2927 430 2998; x_wconf 79' lang='grc' dir='ltr'>μὴ</span> <span class='ocrx_word' id='word_1_213' title='bbox 462 2927 780 2982; x_wconf 79' lang='grc' dir='ltr'>ἀπιόντων.</span> 
     </span>
    </p>
   </div>
   <div class='ocr_carea' id='block_1_36' title="bbox 739 3005 1474 3080">
    <p class='ocr_par' dir='ltr' id='par_1_36' title="bbox 739 3005 1474 3080">
     <span class='ocr_line' id='line_1_36' title="bbox 739 3005 1474 3080; baseline -0.011 -8"><span class='ocrx_word' id='word_1_214' title='bbox 739 3015 1123 3080; x_wconf 79' lang='grc' dir='ltr'>Ἀποστόλων</span> <span class='ocrx_word' id='word_1_215' title='bbox 1149 3005 1348 3067; x_wconf 68' lang='grc' dir='ltr'>κανὼι²</span> <span class='ocrx_word' id='word_1_216' title='bbox 1377 3011 1474 3077; x_wconf 81' lang='grc' dir='ltr'>λζ’.</span> 
     </span>
    </p>
   </div>
   <div class='ocr_carea' id='block_1_37' title="bbox 418 3099 1919 3176">
    <p class='ocr_par' dir='ltr' id='par_1_37' title="bbox 418 3099 1919 3176">
     <span class='ocr_line' id='line_1_37' title="bbox 418 3099 1919 3176; baseline -0.005 -16"><span class='ocrx_word' id='word_1_217' title='bbox 418 3107 518 3172; x_wconf 74' lang='grc' dir='ltr'>λζ’.</span> <span class='ocrx_word' id='word_1_218' title='bbox 566 3106 826 3176; x_wconf 83' lang='grc' dir='ltr'>Δεύτερον</span> <span class='ocrx_word' id='word_1_219' title='bbox 853 3105 946 3158; x_wconf 82' lang='grc' dir='ltr'>τοῦ</span> <span class='ocrx_word' id='word_1_220' title='bbox 977 3104 1130 3165; x_wconf 70' lang='grc' dir='ltr'>ἔτους</span> <span class='ocrx_word' id='word_1_221' title='bbox 1159 3102 1374 3163; x_wconf 87' lang='grc' dir='ltr'>σύνοδος</span> <span class='ocrx_word' id='word_1_222' title='bbox 1403 3099 1634 3168; x_wconf 82' lang='grc' dir='ltr'>γινέσθω</span> <span class='ocrx_word' id='word_1_223' title='bbox 1665 3102 1772 3152; x_wconf 86' lang='grc' dir='ltr'><strong>τῶν</strong></span> <span class='ocrx_word' id='word_1_224' title='bbox 1797 3100 1919 3153; x_wconf 83' lang='grc' dir='ltr'>ἐπι-</span> 
     </span>
    </p>
   </div>
   <div class='ocr_carea' id='block_1_38' title="bbox 348 3191 1921 3266">
    <p class='ocr_par' dir='ltr' id='par_1_38' title="bbox 348 3191 1921 3266">
     <span class='ocr_line' id='line_1_38' title="bbox 348 3191 1921 3266; baseline -0.006 -14"><span class='ocrx_word' id='word_1_225' title='bbox 348 3200 594 3263; x_wconf 84' lang='grc' dir='ltr'>σκόπων,</span> <span class='ocrx_word' id='word_1_226' title='bbox 648 3199 744 3250; x_wconf 59' lang='grc' dir='ltr'><strong>καὶ⁸</strong></span> <span class='ocrx_word' id='word_1_227' title='bbox 803 3195 1242 3266; x_wconf 78' lang='grc' dir='ltr'>ᾀνακρινέτωσαν</span> <span class='ocrx_word' id='word_1_228' title='bbox 1275 3193 1534 3265; x_wconf 78' lang='grc' dir='ltr'>ἀλλήλους</span> <span class='ocrx_word' id='word_1_229' title='bbox 1563 3191 1630 3244; x_wconf 77' lang='grc' dir='ltr'>τὰ</span> <span class='ocrx_word' id='word_1_230' title='bbox 1679 3192 1921 3259; x_wconf 85' lang='grc' dir='ltr'>δόγματα</span> 
     </span>
    </p>
   </div>
   <div class='ocr_carea' id='block_1_39' title="bbox 349 3281 1925 3356">
    <p class='ocr_par' dir='ltr' id='par_1_39' title="bbox 349 3281 1925 3356">
     <span class='ocr_line' id='line_1_39' title="bbox 349 3281 1925 3356; baseline -0.003 -16"><span class='ocrx_word' id='word_1_231' title='bbox 349 3291 448 3356; x_wconf 83' lang='grc' dir='ltr'><strong>τῆς</strong></span> <span class='ocrx_word' id='word_1_232' title='bbox 482 3287 789 3350; x_wconf 79' lang='grc' dir='ltr'>εὐσεϐείας,</span> <span class='ocrx_word' id='word_1_233' title='bbox 837 3285 1066 3348; x_wconf 74' lang='grc' dir='ltr'>καὶτὰς</span> <span class='ocrx_word' id='word_1_234' title='bbox 1115 3285 1491 3355; x_wconf 82' lang='grc' dir='ltr'>ἐμπιπτούσας</span> <span class='ocrx_word' id='word_1_235' title='bbox 1543 3281 1925 3351; x_wconf 84' lang='grc' dir='ltr'>ἐκκλησιαστι-</span> 
     </span>
    </p>
   </div>
   <div class='ocr_carea' id='block_1_40' title="bbox 349 3370 1926 3444">
    <p class='ocr_par' dir='ltr' id='par_1_40' title="bbox 349 3370 1926 3444">
     <span class='ocr_line' id='line_1_40' title="bbox 349 3370 1926 3444; baseline -0.006 -13"><span class='ocrx_word' id='word_1_236' title='bbox 349 3379 455 3439; x_wconf 82' lang='grc' dir='ltr'>κὰς</span> <span class='ocrx_word' id='word_1_237' title='bbox 489 3377 792 3444; x_wconf 84' lang='grc' dir='ltr'>ἀντιλογίας</span> <span class='ocrx_word' id='word_1_238' title='bbox 848 3375 1229 3436; x_wconf 82' lang='grc' dir='ltr'>διαλυέτωσαν,</span> <span class='ocrx_word' id='word_1_239' title='bbox 1262 3373 1408 3438; x_wconf 74' lang='grc' dir='ltr'>ἅπαξ</span> <span class='ocrx_word' id='word_1_240' title='bbox 1459 3373 1559 3442; x_wconf 75' lang='grc' dir='ltr'>μὲν</span> <span class='ocrx_word' id='word_1_241' title='bbox 1595 3373 1662 3440; x_wconf 80' lang='grc' dir='ltr'>τῇ</span> <span class='ocrx_word' id='word_1_242' title='bbox 1693 3370 1926 3441; x_wconf 84' lang='grc' dir='ltr'>τετάρτῃ</span> 
     </span>
    </p>
   </div>
   <div class='ocr_carea' id='block_1_41' title="bbox 351 3461 1926 3540">
    <p class='ocr_par' dir='ltr' id='par_1_41' title="bbox 351 3461 1926 3540">
     <span class='ocr_line' id='line_1_41' title="bbox 351 3461 1926 3540; baseline -0.006 -16"><span class='ocrx_word' id='word_1_243' title='bbox 351 3468 606 3540; x_wconf 76' lang='grc' dir='ltr'>ἐδδομάόι</span> <span class='ocrx_word' id='word_1_244' title='bbox 657 3468 756 3538; x_wconf 77' lang='grc' dir='ltr'>τῆς</span> <span class='ocrx_word' id='word_1_245' title='bbox 790 3467 1186 3536; x_wconf 81' lang='grc' dir='ltr'>Πεντηκοστῆς,</span> <span class='ocrx_word' id='word_1_246' title='bbox 1215 3465 1466 3534; x_wconf 86' lang='grc' dir='ltr'>δεύτερον</span> <span class='ocrx_word' id='word_1_247' title='bbox 1492 3463 1549 3516; x_wconf 81' lang='grc' dir='ltr'>δὲ</span> <span class='ocrx_word' id='word_1_248' title='bbox 1595 3461 1926 3532; x_wconf 75' lang='grc' dir='ltr'>’Υπερὸερεο</span> 
     </span>
    </p>
   </div>
   <div class='ocr_carea' id='block_1_42' title="bbox 351 3556 1679 3632">
    <p class='ocr_par' dir='ltr' id='par_1_42' title="bbox 351 3556 1679 3632">
     <span class='ocr_line' id='line_1_42' title="bbox 351 3556 1679 3632; baseline -0.005 -16"><span class='ocrx_word' id='word_1_249' title='bbox 351 3563 505 3617; x_wconf 82' lang='grc' dir='ltr'>ταιου</span> <span class='ocrx_word' id='word_1_250' title='bbox 522 3561 820 3632; x_wconf 78' lang='grc' dir='ltr'>δωδεκάτῃ,</span> <span class='ocrx_word' id='word_1_251' title='bbox 851 3559 992 3612; x_wconf 82' lang='grc' dir='ltr'>κατὰ</span> <span class='ocrx_word' id='word_1_252' title='bbox 1029 3558 1330 3628; x_wconf 80' lang='grc' dir='ltr'>Ῥωμαίους</span> <span class='ocrx_word' id='word_1_253' title='bbox 1356 3556 1679 3627; x_wconf 79' lang='grc' dir='ltr'>ὀκτωϐρίου.</span> 
     </span>
    </p>
   </div>
   <div class='ocr_carea' id='block_1_43' title="bbox 709 3669 1577 3737">
    <p class='ocr_par' dir='ltr' id='par_1_43' title="bbox 709 3669 1577 3737">
     <span class='ocr_line' id='line_1_43' title="bbox 709 3669 1577 3737; baseline -0.007 -9"><span class='ocrx_word' id='word_1_254' title='bbox 709 3674 978 3728; x_wconf 85' lang='grc' dir='ltr'>Συνόδου</span> <span class='ocrx_word' id='word_1_255' title='bbox 1004 3670 1250 3737; x_wconf 85' lang='grc' dir='ltr'>Νικαίας</span> <span class='ocrx_word' id='word_1_256' title='bbox 1287 3669 1488 3724; x_wconf 82' lang='grc' dir='ltr'>κανὼν</span> <span class='ocrx_word' id='word_1_257' title='bbox 1515 3675 1577 3722; x_wconf 82' lang='grc' dir='ltr'>ε’.</span> 
     </span>
    </p>
   </div>
   <div class='ocr_carea' id='block_1_44' title="bbox 429 3755 1930 3835">
    <p class='ocr_par' dir='ltr' id='par_1_44' title="bbox 429 3755 1930 3835">
     <span class='ocr_line' id='line_1_44' title="bbox 429 3755 1930 3835; baseline -0.006 -18"><span class='ocrx_word' id='word_1_258' title='bbox 429 3769 490 3817; x_wconf 85' lang='grc' dir='ltr'>ε’.</span> <span class='ocrx_word' id='word_1_259' title='bbox 518 3763 656 3835; x_wconf 74' lang='grc' dir='ltr'>Περὶ</span> <span class='ocrx_word' id='word_1_260' title='bbox 687 3763 793 3815; x_wconf 84' lang='grc' dir='ltr'>τῶν</span> <span class='ocrx_word' id='word_1_261' title='bbox 826 3762 1200 3831; x_wconf 75' lang='grc' dir='ltr'>ἀκοινιιινήτων</span> <span class='ocrx_word' id='word_1_262' title='bbox 1235 3761 1560 3830; x_wconf 88' lang='grc' dir='ltr'>γενομένων,</span> <span class='ocrx_word' id='word_1_263' title='bbox 1605 3757 1715 3811; x_wconf 77' lang='grc' dir='ltr'>εἴτε</span> <span class='ocrx_word' id='word_1_264' title='bbox 1743 3755 1850 3810; x_wconf 83' lang='grc' dir='ltr'><strong>τῶν</strong></span> <span class='ocrx_word' id='word_1_265' title='bbox 1871 3755 1930 3808; x_wconf 87' lang='grc' dir='ltr'><strong>ἐν</strong></span> 
     </span>
    </p>
   </div>
   <div class='ocr_carea' id='block_1_45' title="bbox 357 3845 1929 3926">
    <p class='ocr_par' dir='ltr' id='par_1_45' title="bbox 357 3845 1929 3926">
     <span class='ocr_line' id='line_1_45' title="bbox 357 3845 1929 3926; baseline -0.007 -18"><span class='ocrx_word' id='word_1_266' title='bbox 357 3855 569 3926; x_wconf 82' lang='grc' dir='ltr'>κλήρῳ,</span> <span class='ocrx_word' id='word_1_267' title='bbox 613 3855 722 3907; x_wconf 84' lang='grc' dir='ltr'>εἴτε</span> <span class='ocrx_word' id='word_1_268' title='bbox 760 3854 867 3906; x_wconf 83' lang='grc' dir='ltr'>τῶν</span> <span class='ocrx_word' id='word_1_269' title='bbox 893 3855 949 3904; x_wconf 80' lang='grc' dir='ltr'><strong>ἐν</strong></span> <span class='ocrx_word' id='word_1_270' title='bbox 977 3849 1149 3920; x_wconf 83' lang='grc' dir='ltr'>λαῖκῷ</span> <span class='ocrx_word' id='word_1_271' title='bbox 1213 3850 1477 3918; x_wconf 84' lang='grc' dir='ltr'>τάγματι,</span> <span class='ocrx_word' id='word_1_272' title='bbox 1513 3847 1616 3899; x_wconf 77' lang='grc' dir='ltr'>ὑπὸ</span> <span class='ocrx_word' id='word_1_273' title='bbox 1648 3846 1757 3899; x_wconf 82' lang='grc' dir='ltr'><strong>τῶν</strong></span> <span class='ocrx_word' id='word_1_274' title='bbox 1807 3845 1929 3898; x_wconf 85' lang='grc' dir='ltr'>καθ’</span> 
     </span>
    </p>
   </div>
   <div class='ocr_carea' id='block_1_46' title="bbox 359 3936 1928 4017">
    <p class='ocr_par' dir='ltr' id='par_1_46' title="bbox 359 3936 1928 4017">
     <span class='ocr_line' id='line_1_46' title="bbox 359 3936 1928 4017; baseline -0.008 -16"><span class='ocrx_word' id='word_1_275' title='bbox 359 3947 601 4017; x_wconf 81' lang='grc' dir='ltr'>ἑκάστην</span> <span class='ocrx_word' id='word_1_276' title='bbox 657 3945 928 4016; x_wconf 71' lang='grc' dir='ltr'>ἐπαρχίαν</span> <span class='ocrx_word' id='word_1_277' title='bbox 956 3943 1288 4004; x_wconf 82' lang='grc' dir='ltr'>ἐπισκόπων,</span> <span class='ocrx_word' id='word_1_278' title='bbox 1345 3940 1614 4012; x_wconf 80' lang='grc' dir='ltr'>κρατείτω</span> <span class='ocrx_word' id='word_1_279' title='bbox 1648 3940 1680 4009; x_wconf 85' lang='grc' dir='ltr'>ἡ</span> <span class='ocrx_word' id='word_1_280' title='bbox 1712 3936 1928 4008; x_wconf 85' lang='grc' dir='ltr'>γνώμη,</span> 
     </span>
    </p>
   </div>
   <div class='ocr_carea' id='block_1_47' title="bbox 359 4028 1931 4104">
    <p class='ocr_par' dir='ltr' id='par_1_47' title="bbox 359 4028 1931 4104">
     <span class='ocr_line' id='line_1_47' title="bbox 359 4028 1931 4104; baseline -0.008 -14"><span class='ocrx_word' id='word_1_281' title='bbox 359 4037 502 4090; x_wconf 80' lang='grc' dir='ltr'>κατὰ</span> <span class='ocrx_word' id='word_1_282' title='bbox 531 4037 622 4089; x_wconf 81' lang='grc' dir='ltr'><strong>τὸν</strong></span> <span class='ocrx_word' id='word_1_283' title='bbox 660 4037 861 4090; x_wconf 81' lang='grc' dir='ltr'>κανόνα</span> <span class='ocrx_word' id='word_1_284' title='bbox 889 4035 978 4087; x_wconf 80' lang='grc' dir='ltr'>τὸν</span> <span class='ocrx_word' id='word_1_285' title='bbox 1032 4030 1416 4104; x_wconf 84' lang='grc' dir='ltr'>διαγορεύοντα</span> <span class='ocrx_word' id='word_1_286' title='bbox 1451 4032 1576 4091; x_wconf 80' lang='grc' dir='ltr'>τοὺς</span> <span class='ocrx_word' id='word_1_287' title='bbox 1612 4029 1700 4096; x_wconf 68' lang='grc' dir='ltr'><strong>ὑφ’</strong></span> <span class='ocrx_word' id='word_1_288' title='bbox 1731 4028 1931 4097; x_wconf 82' lang='grc' dir='ltr'>ἐτέρων</span> 
     </span>
    </p>
   </div>
   <div class='ocr_carea' id='block_1_48' title="bbox 359 4118 1934 4196">
    <p class='ocr_par' dir='ltr' id='par_1_48' title="bbox 359 4118 1934 4196">
     <span class='ocr_line' id='line_1_48' title="bbox 359 4118 1934 4196; baseline -0.007 -13"><span class='ocrx_word' id='word_1_289' title='bbox 359 4128 796 4196; x_wconf 79' lang='grc' dir='ltr'>ἁποὸληθέντας,</span> <span class='ocrx_word' id='word_1_290' title='bbox 818 4127 906 4195; x_wconf 80' lang='grc' dir='ltr'><strong>ὑφ’</strong></span> <span class='ocrx_word' id='word_1_291' title='bbox 937 4126 1135 4196; x_wconf 82' lang='grc' dir='ltr'>ἐτέρων</span> <span class='ocrx_word' id='word_1_292' title='bbox 1169 4124 1244 4195; x_wconf 78' lang='grc' dir='ltr'>μὴ</span> <span class='ocrx_word' id='word_1_293' title='bbox 1275 4121 1612 4193; x_wconf 77' lang='grc' dir='ltr'>προσίεσθαι.</span> <span class='ocrx_word' id='word_1_294' title='bbox 1660 4118 1934 4184; x_wconf 78' lang='grc' dir='ltr'>Ἐξεταζὲ-</span> 
     </span>
    </p>
   </div>
   <div class='ocr_carea' id='block_1_49' title="bbox 363 4213 1934 4290">
    <p class='ocr_par' dir='ltr' id='par_1_49' title="bbox 363 4213 1934 4290">
     <span class='ocr_line' id='line_1_49' title="bbox 363 4213 1934 4290; baseline -0.008 -15"><span class='ocrx_word' id='word_1_295' title='bbox 363 4223 475 4275; x_wconf 88' lang='grc' dir='ltr'><strong>σθω</strong></span> <span class='ocrx_word' id='word_1_296' title='bbox 505 4221 561 4273; x_wconf 83' lang='grc' dir='ltr'><strong>δέ</strong></span> <span class='ocrx_word' id='word_1_297' title='bbox 592 4219 666 4290; x_wconf 82' lang='grc' dir='ltr'>μὴ</span> <span class='ocrx_word' id='word_1_298' title='bbox 695 4217 1026 4289; x_wconf 54' lang='grc' dir='ltr'>μικροψυχίᾳ.</span> <span class='ocrx_word' id='word_1_299' title='bbox 1055 4219 1294 4280; x_wconf 75' lang='grc' dir='ltr'>πάντως,</span> <span class='ocrx_word' id='word_1_300' title='bbox 1323 4219 1369 4268; x_wconf 86' lang='grc' dir='ltr'>εἰ</span> <span class='ocrx_word' id='word_1_301' title='bbox 1417 4213 1738 4282; x_wconf 70' lang='grc' dir='ltr'>φιλονεικίᾳ,</span> <span class='ocrx_word' id='word_1_302' title='bbox 1765 4213 1796 4281; x_wconf 84' lang='grc' dir='ltr'><strong>ἥ</strong></span> <span class='ocrx_word' id='word_1_303' title='bbox 1831 4229 1934 4263; x_wconf 84' lang='grc' dir='ltr'>τι,ι</span> 
     </span>
    </p>
   </div>
   <div class='ocr_carea' id='block_1_50' title="bbox 362 4304 1938 4382">
    <p class='ocr_par' dir='ltr' id='par_1_50' title="bbox 362 4304 1938 4382">
     <span class='ocr_line' id='line_1_50' title="bbox 362 4304 1938 4382; baseline -0.01 -15"><span class='ocrx_word' id='word_1_304' title='bbox 362 4313 588 4382; x_wconf 86' lang='grc' dir='ltr'>τοιαύτῃ</span> <span class='ocrx_word' id='word_1_305' title='bbox 650 4310 811 4380; x_wconf 76' lang='grc' dir='ltr'>ἀηδία</span> <span class='ocrx_word' id='word_1_306' title='bbox 857 4308 950 4361; x_wconf 84' lang='grc' dir='ltr'>τοῦ</span> <span class='ocrx_word' id='word_1_307' title='bbox 999 4307 1296 4360; x_wconf 77' lang='grc' dir='ltr'>ἐπισκόπου</span> <span class='ocrx_word' id='word_1_308' title='bbox 1323 4347 1338 4372; x_wconf 87' lang='grc'><strong>,</strong></span> <span class='ocrx_word' id='word_1_309' title='bbox 1391 4304 1803 4371; x_wconf 78' lang='grc' dir='ltr'>ἀποσυνάγωγοι</span> <span class='ocrx_word' id='word_1_310' title='bbox 1847 4317 1938 4368; x_wconf 87' lang='grc' dir='ltr'>γε-</span> 
     </span>
    </p>
   </div>
   <div class='ocr_carea' id='block_1_51' title="bbox 364 4395 1936 4473">
    <p class='ocr_par' dir='ltr' id='par_1_51' title="bbox 364 4395 1936 4473">
     <span class='ocr_line' id='line_1_51' title="bbox 364 4395 1936 4473; baseline -0.007 -17"><span class='ocrx_word' id='word_1_311' title='bbox 364 4405 644 4473; x_wconf 76' lang='grc' dir='ltr'>γένηνται.</span> <span class='ocrx_word' id='word_1_312' title='bbox 691 4402 810 4452; x_wconf 86' lang='grc' dir='ltr'>Ἵνα</span> <span class='ocrx_word' id='word_1_313' title='bbox 843 4396 934 4453; x_wconf 78' lang='grc' dir='ltr'><strong>οὖν</strong></span> <span class='ocrx_word' id='word_1_314' title='bbox 983 4399 1141 4452; x_wconf 79' lang='grc' dir='ltr'>τοῦτο</span> <span class='ocrx_word' id='word_1_315' title='bbox 1182 4399 1282 4468; x_wconf 81' lang='grc' dir='ltr'><strong>τὴν</strong></span> <span class='ocrx_word' id='word_1_316' title='bbox 1332 4398 1644 4468; x_wconf 78' lang='grc' dir='ltr'>πρέπουσαν</span> <span class='ocrx_word' id='word_1_317' title='bbox 1689 4395 1936 4458; x_wconf 78' lang='grc' dir='ltr'>ἐξέτασιν</span> 
     </span>
    </p>
   </div>
   <div class='ocr_carea' id='block_1_52' title="bbox 2018 1213 2223 1258">
    <p class='ocr_par' dir='ltr' id='par_1_52' title="bbox 2018 1213 2223 1258">
     <span class='ocr_line' id='line_1_52' title="bbox 2018 1213 2223 1258; baseline 0 0"><span class='ocrx_word' id='word_1_318' title='bbox 2018 1213 2223 1258; x_wconf 76' lang='lat' dir='ltr'><strong>curent.</strong></span> 
     </span>
    </p>
   </div>
   <div class='ocr_carea' id='block_1_53' title="bbox 2087 1298 3590 1372">
    <p class='ocr_par' dir='ltr' id='par_1_53' title="bbox 2087 1298 3590 1372">
     <span class='ocr_line' id='line_1_53' title="bbox 2087 1298 3590 1372; baseline 0.005 -22"><span class='ocrx_word' id='word_1_319' title='bbox 2087 1298 2209 1352; x_wconf 80' lang='grc'><strong>106.</strong></span> <span class='ocrx_word' id='word_1_320' title='bbox 2247 1299 2476 1366; x_wconf 80' lang='lat' dir='ltr'><strong>Placuit,</strong></span> <span class='ocrx_word' id='word_1_321' title='bbox 2531 1308 2591 1355; x_wconf 90' lang='lat' dir='ltr'><strong>ut</strong></span> <span class='ocrx_word' id='word_1_322' title='bbox 2617 1301 2936 1372; x_wconf 85' lang='lat' dir='ltr'><strong>quicunque</strong></span> <span class='ocrx_word' id='word_1_323' title='bbox 2969 1303 3038 1357; x_wconf 92' lang='lat' dir='ltr'><strong>ad</strong></span> <span class='ocrx_word' id='word_1_324' title='bbox 3081 1305 3424 1371; x_wconf 86' lang='lat' dir='ltr'><strong>comitatum,</strong></span> <span class='ocrx_word' id='word_1_325' title='bbox 3457 1315 3590 1370; x_wconf 89' lang='lat' dir='ltr'><strong>etc.,</strong></span> 
     </span>
    </p>
   </div>
   <div class='ocr_carea' id='block_1_54' title="bbox 2017 1388 2418 1458">
    <p class='ocr_par' dir='ltr' id='par_1_54' title="bbox 2017 1388 2418 1458">
     <span class='ocr_line' id='line_1_54' title="bbox 2017 1388 2418 1458; baseline 0.007 -18"><span class='ocrx_word' id='word_1_326' title='bbox 2017 1397 2081 1440; x_wconf 80' lang='lat' dir='ltr'><strong>ut</strong></span> <span class='ocrx_word' id='word_1_327' title='bbox 2130 1405 2254 1458; x_wconf 82' lang='lat' dir='ltr'><strong>pag.</strong></span> <span class='ocrx_word' id='word_1_328' title='bbox 2295 1388 2418 1445; x_wconf 85' lang='lat'><strong>680.</strong></span> 
     </span>
    </p>
   </div>
   <div class='ocr_carea' id='block_1_55' title="bbox 2086 1463 3591 1549">
    <p class='ocr_par' dir='ltr' id='par_1_55' title="bbox 2086 1463 3591 1549">
     <span class='ocr_line' id='line_1_55' title="bbox 2086 1463 3591 1549; baseline -0.001 -13"><span class='ocrx_word' id='word_1_329' title='bbox 2086 1479 2246 1548; x_wconf 74' lang='lat'><strong>207</strong></span> <span class='ocrx_word' id='word_1_330' title='bbox 2295 1479 2445 1534; x_wconf 84' lang='lat' dir='ltr'><strong>CAP.</strong></span> <span class='ocrx_word' id='word_1_331' title='bbox 2475 1477 2994 1544; x_wconf 82' lang='lat' dir='ltr'><strong>Vll.-—-—Quibusnam</strong></span> <span class='ocrx_word' id='word_1_332' title='bbox 3026 1463 3242 1534; x_wconf 73' lang='lat' dir='ltr'><strong>debeant</strong></span> <span class='ocrx_word' id='word_1_333' title='bbox 3279 1496 3426 1549; x_wconf 80' lang='lat' dir='ltr'><strong>opem</strong></span> <span class='ocrx_word' id='word_1_334' title='bbox 3451 1481 3591 1547; x_wconf 78' lang='lat' dir='ltr'><strong>ferre</strong></span> 
     </span>
    </p>
   </div>
   <div class='ocr_carea' id='block_1_56' title="bbox 2013 1567 3589 1639">
    <p class='ocr_par' dir='ltr' id='par_1_56' title="bbox 2013 1567 3589 1639">
     <span class='ocr_line' id='line_1_56' title="bbox 2013 1567 3589 1639; baseline 0 -17"><span class='ocrx_word' id='word_1_335' title='bbox 2013 1569 2262 1636; x_wconf 76' lang='lat' dir='ltr'><strong>episcopi.</strong></span> <span class='ocrx_word' id='word_1_336' title='bbox 2325 1567 2394 1620; x_wconf 85' lang='lat' dir='ltr'><strong>Et</strong></span> <span class='ocrx_word' id='word_1_337' title='bbox 2419 1569 2482 1621; x_wconf 86' lang='lat' dir='ltr'><strong>de</strong></span> <span class='ocrx_word' id='word_1_338' title='bbox 2511 1569 2791 1636; x_wconf 79' lang='lat' dir='ltr'><strong>episcopis,</strong></span> <span class='ocrx_word' id='word_1_339' title='bbox 2841 1567 3176 1637; x_wconf 75' lang='lat' dir='ltr'><strong>presbyteris,</strong></span> <span class='ocrx_word' id='word_1_340' title='bbox 3217 1569 3454 1623; x_wconf 82' lang='lat' dir='ltr'><strong>diaconis</strong></span> <span class='ocrx_word' id='word_1_341' title='bbox 3496 1571 3589 1639; x_wconf 85' lang='lat' dir='ltr'><strong>qui</strong></span> 
     </span>
    </p>
   </div>
   <div class='ocr_carea' id='block_1_57' title="bbox 2015 1657 3158 1730">
    <p class='ocr_par' dir='ltr' id='par_1_57' title="bbox 2015 1657 3158 1730">
     <span class='ocr_line' id='line_1_57' title="bbox 2015 1657 3158 1730; baseline 0.003 -19"><span class='ocrx_word' id='word_1_342' title='bbox 2015 1673 2117 1713; x_wconf 76' lang='lat' dir='ltr'><strong>non</strong></span> <span class='ocrx_word' id='word_1_343' title='bbox 2146 1657 2448 1728; x_wconf 83' lang='lat' dir='ltr'><strong>largiuntur</strong></span> <span class='ocrx_word' id='word_1_344' title='bbox 2485 1659 2749 1730; x_wconf 77' lang='lat' dir='ltr'><strong>egentibus</strong></span> <span class='ocrx_word' id='word_1_345' title='bbox 2771 1661 3158 1714; x_wconf 77' lang='lat' dir='ltr'><strong>ecclesiasticis.</strong></span> 
     </span>
    </p>
   </div>
   <div class='ocr_carea' id='block_1_58' title="bbox 1950 1828 3169 1904">
    <p class='ocr_par' dir='ltr' id='par_1_58' title="bbox 1950 1828 3169 1904">
     <span class='ocr_line' id='line_1_58' title="bbox 1950 1828 3169 1904; baseline 0.002 -16"><span class='ocrx_word' id='word_1_346' title='bbox 1950 1828 2000 1888; x_wconf 87' lang='lat' dir='ltr'><strong>B</strong></span> <span class='ocrx_word' id='word_1_347' title='bbox 2448 1836 2820 1904; x_wconf 76' lang='lat' dir='ltr'><strong>Apostolorum</strong></span> <span class='ocrx_word' id='word_1_348' title='bbox 2853 1851 3021 1888; x_wconf 86' lang='lat' dir='ltr'><strong>canon</strong></span> <span class='ocrx_word' id='word_1_349' title='bbox 3081 1834 3169 1890; x_wconf 81' lang='lat'><strong>59.</strong></span> 
     </span>
    </p>
   </div>
   <div class='ocr_carea' id='block_1_59' title="bbox 2090 1915 3588 1998">
    <p class='ocr_par' dir='ltr' id='par_1_59' title="bbox 2090 1915 3588 1998">
     <span class='ocr_line' id='line_1_59' title="bbox 2090 1915 3588 1998; baseline -0.005 -13"><span class='ocrx_word' id='word_1_350' title='bbox 2090 1915 2184 1986; x_wconf 19' lang='lat'><strong>59..</strong></span> <span class='ocrx_word' id='word_1_351' title='bbox 2247 1927 2304 1984; x_wconf 87' lang='lat' dir='ltr'><strong>Si</strong></span> <span class='ocrx_word' id='word_1_352' title='bbox 2358 1929 2479 1998; x_wconf 86' lang='lat' dir='ltr'><strong>quis</strong></span> <span class='ocrx_word' id='word_1_353' title='bbox 2540 1931 2826 1998; x_wconf 91' lang='lat' dir='ltr'><strong>episcopus</strong></span> <span class='ocrx_word' id='word_1_354' title='bbox 2882 1929 2963 1982; x_wconf 87' lang='lat' dir='ltr'><strong>vel</strong></span> <span class='ocrx_word' id='word_1_355' title='bbox 3009 1930 3306 1997; x_wconf 80' lang='lat' dir='ltr'><strong>presbyter,</strong></span> <span class='ocrx_word' id='word_1_356' title='bbox 3341 1941 3464 1981; x_wconf 88' lang='lat' dir='ltr'><strong>cum</strong></span> <span class='ocrx_word' id='word_1_357' title='bbox 3517 1927 3588 1981; x_wconf 86' lang='lat' dir='ltr'><strong>sit</strong></span> 
     </span>
    </p>
   </div>
   <div class='ocr_carea' id='block_1_60' title="bbox 2023 2019 3589 2092">
    <p class='ocr_par' dir='ltr' id='par_1_60' title="bbox 2023 2019 3589 2092">
     <span class='ocr_line' id='line_1_60' title="bbox 2023 2019 3589 2092; baseline -0.004 -15"><span class='ocrx_word' id='word_1_358' title='bbox 2023 2023 2223 2092; x_wconf 81' lang='lat' dir='ltr'><strong>aliquis</strong></span> <span class='ocrx_word' id='word_1_359' title='bbox 2256 2039 2322 2076; x_wconf 78' lang='lat' dir='ltr'><strong>ex</strong></span> <span class='ocrx_word' id='word_1_360' title='bbox 2352 2021 2565 2076; x_wconf 80' lang='lat' dir='ltr'><strong>clericis</strong></span> <span class='ocrx_word' id='word_1_361' title='bbox 2595 2037 2820 2092; x_wconf 83' lang='lat' dir='ltr'><strong>egenus.</strong></span> <span class='ocrx_word' id='word_1_362' title='bbox 2861 2035 2923 2074; x_wconf 87' lang='lat' dir='ltr'><strong>ea</strong></span> <span class='ocrx_word' id='word_1_363' title='bbox 2955 2034 3076 2087; x_wconf 76' lang='lat' dir='ltr'><strong>qua:</strong></span> <span class='ocrx_word' id='word_1_364' title='bbox 3109 2026 3238 2072; x_wconf 87' lang='lat' dir='ltr'><strong>sunt</strong></span> <span class='ocrx_word' id='word_1_365' title='bbox 3277 2019 3589 2071; x_wconf 83' lang='lat' dir='ltr'><strong>necessaria</strong></span> 
     </span>
    </p>
   </div>
   <div class='ocr_carea' id='block_1_61' title="bbox 2021 2111 3593 2182">
    <p class='ocr_par' dir='ltr' id='par_1_61' title="bbox 2021 2111 3593 2182">
     <span class='ocr_line' id='line_1_61' title="bbox 2021 2111 3593 2182; baseline -0.004 -14"><span class='ocrx_word' id='word_1_366' title='bbox 2021 2116 2215 2180; x_wconf 38' lang='lat' dir='ltr'><strong>eianon</strong></span> <span class='ocrx_word' id='word_1_367' title='bbox 2241 2113 2580 2182; x_wconf 79' lang='lat' dir='ltr'><strong>suppeditat,</strong></span> <span class='ocrx_word' id='word_1_368' title='bbox 2621 2122 2937 2182; x_wconf 78' lang='lat' dir='ltr'><strong>segregetur</strong></span> <span class='ocrx_word' id='word_1_369' title='bbox 2969 2111 3094 2166; x_wconf 90' lang='lat' dir='ltr'><strong>:sin</strong></span> <span class='ocrx_word' id='word_1_370' title='bbox 3132 2117 3312 2164; x_wconf 90' lang='lat' dir='ltr'><strong>autem</strong></span> <span class='ocrx_word' id='word_1_371' title='bbox 3347 2123 3593 2176; x_wconf 86' lang='lat' dir='ltr'><strong>perseve-</strong></span> 
     </span>
    </p>
   </div>
   <div class='ocr_carea' id='block_1_62' title="bbox 2021 2199 3583 2276">
    <p class='ocr_par' dir='ltr' id='par_1_62' title="bbox 2021 2199 3583 2276">
     <span class='ocr_line' id='line_1_62' title="bbox 2021 2199 3583 2276; baseline -0.005 -17"><span class='ocrx_word' id='word_1_372' title='bbox 2021 2213 2125 2269; x_wconf 85' lang='lat' dir='ltr'><strong>ret,</strong></span> <span class='ocrx_word' id='word_1_373' title='bbox 2173 2205 2495 2276; x_wconf 88' lang='lat' dir='ltr'><strong>deponatur,</strong></span> <span class='ocrx_word' id='word_1_374' title='bbox 2531 2213 2587 2256; x_wconf 90' lang='lat' dir='ltr'><strong>nt</strong></span> <span class='ocrx_word' id='word_1_375' title='bbox 2614 2204 2706 2272; x_wconf 89' lang='lat' dir='ltr'><strong>qui</strong></span> <span class='ocrx_word' id='word_1_376' title='bbox 2746 2202 2967 2257; x_wconf 79' lang='lat' dir='ltr'><strong>fratrem</strong></span> <span class='ocrx_word' id='word_1_377' title='bbox 3020 2218 3180 2258; x_wconf 89' lang='lat' dir='ltr'><strong>suum</strong></span> <span class='ocrx_word' id='word_1_378' title='bbox 3224 2199 3583 2254; x_wconf 81' lang='lat' dir='ltr'><strong>interfecerit.</strong></span> 
     </span>
    </p>
   </div>
   <div class='ocr_carea' id='block_1_63' title="bbox 2377 2292 3236 2349">
    <p class='ocr_par' dir='ltr' id='par_1_63' title="bbox 2377 2292 3236 2349">
     <span class='ocr_line' id='line_1_63' title="bbox 2377 2292 3236 2349; baseline -0.002 0"><span class='ocrx_word' id='word_1_379' title='bbox 2377 2293 2600 2349; x_wconf 86' lang='lat' dir='ltr'><strong>Coucilii</strong></span> <span class='ocrx_word' id='word_1_380' title='bbox 2623 2292 2955 2347; x_wconf 77' lang='lat' dir='ltr'><strong>Sardiceusis</strong></span> <span class='ocrx_word' id='word_1_381' title='bbox 2986 2309 3151 2345; x_wconf 85' lang='lat' dir='ltr'><strong>canon</strong></span> <span class='ocrx_word' id='word_1_382' title='bbox 3182 2292 3236 2348; x_wconf 84' lang='lat'><strong>7.</strong></span> 
     </span>
    </p>
   </div>
   <div class='ocr_carea' id='block_1_64' title="bbox 2088 2383 3590 2455">
    <p class='ocr_par' dir='ltr' id='par_1_64' title="bbox 2088 2383 3590 2455">
     <span class='ocr_line' id='line_1_64' title="bbox 2088 2383 3590 2455; baseline 0 -15"><span class='ocrx_word' id='word_1_383' title='bbox 2088 2386 2148 2440; x_wconf 81' lang='grc' dir='ltr'>Ἰ.</span> <span class='ocrx_word' id='word_1_384' title='bbox 2181 2385 2380 2442; x_wconf 83' lang='lat' dir='ltr'><strong>Hosius</strong></span> <span class='ocrx_word' id='word_1_385' title='bbox 2413 2387 2700 2455; x_wconf 89' lang='lat' dir='ltr'><strong>episcopus</strong></span> <span class='ocrx_word' id='word_1_386' title='bbox 2737 2385 2875 2440; x_wconf 80' lang='lat' dir='ltr'><strong>dixit</strong></span> <span class='ocrx_word' id='word_1_387' title='bbox 2915 2401 2929 2438; x_wconf 91' lang='lat'><strong>:</strong></span> <span class='ocrx_word' id='word_1_388' title='bbox 2964 2383 3345 2454; x_wconf 88' lang='lat' dir='ltr'><strong>lmportunitas</strong></span> <span class='ocrx_word' id='word_1_389' title='bbox 3381 2397 3590 2448; x_wconf 84' lang='lat' dir='ltr'><strong>nostra,</strong></span> 
     </span>
    </p>
   </div>
   <div class='ocr_carea' id='block_1_65' title="bbox 2026 2477 2592 2548">
    <p class='ocr_par' dir='ltr' id='par_1_65' title="bbox 2026 2477 2592 2548">
     <span class='ocr_line' id='line_1_65' title="bbox 2026 2477 2592 2548; baseline -0.005 -14"><span class='ocrx_word' id='word_1_390' title='bbox 2026 2487 2160 2544; x_wconf 80' lang='lat' dir='ltr'><strong>etc.,</strong></span> <span class='ocrx_word' id='word_1_391' title='bbox 2193 2489 2248 2530; x_wconf 91' lang='lat' dir='ltr'><strong>ut</strong></span> <span class='ocrx_word' id='word_1_392' title='bbox 2278 2494 2402 2548; x_wconf 87' lang='lat' dir='ltr'><strong>pag.</strong></span> <span class='ocrx_word' id='word_1_393' title='bbox 2439 2477 2592 2532; x_wconf 84' lang='lat'><strong>667..</strong></span> 
     </span>
    </p>
   </div>
   <div class='ocr_carea' id='block_1_66' title="bbox 2091 2567 3590 2639">
    <p class='ocr_par' dir='ltr' id='par_1_66' title="bbox 2091 2567 3590 2639">
     <span class='ocr_line' id='line_1_66' title="bbox 2091 2567 3590 2639; baseline -0.001 -18"><span class='ocrx_word' id='word_1_394' title='bbox 2091 2569 2398 2639; x_wconf 79' lang='lat' dir='ltr'><strong>Intligentes</strong></span> <span class='ocrx_word' id='word_1_395' title='bbox 2432 2567 2670 2622; x_wconf 75' lang='lat' dir='ltr'><strong>lizeretici</strong></span> <span class='ocrx_word' id='word_1_396' title='bbox 2698 2582 2804 2621; x_wconf 92' lang='lat' dir='ltr'><strong>non</strong></span> <span class='ocrx_word' id='word_1_397' title='bbox 2855 2567 3135 2636; x_wconf 86' lang='lat' dir='ltr'><strong>accipiunt</strong></span> <span class='ocrx_word' id='word_1_398' title='bbox 3169 2582 3199 2623; x_wconf 87' lang='lat' dir='ltr'><strong>e</strong></span> <span class='ocrx_word' id='word_1_399' title='bbox 3238 2567 3459 2638; x_wconf 87' lang='lat' dir='ltr'><strong>judiciis</strong></span> <span class='ocrx_word' id='word_1_400' title='bbox 3493 2574 3590 2620; x_wconf 90' lang='lat' dir='ltr'><strong>aut</strong></span> 
     </span>
    </p>
   </div>
   <div class='ocr_carea' id='block_1_67' title="bbox 2021 2656 3587 2729">
    <p class='ocr_par' dir='ltr' id='par_1_67' title="bbox 2021 2656 3587 2729">
     <span class='ocr_line' id='line_1_67' title="bbox 2021 2656 3587 2729; baseline -0.003 -15"><span class='ocrx_word' id='word_1_401' title='bbox 2021 2659 2280 2715; x_wconf 86' lang='lat' dir='ltr'><strong>Ecclesiis</strong></span> <span class='ocrx_word' id='word_1_402' title='bbox 2312 2675 2373 2715; x_wconf 84' lang='lat' dir='ltr'><strong>ea</strong></span> <span class='ocrx_word' id='word_1_403' title='bbox 2408 2657 2836 2729; x_wconf 67' lang='lat' dir='ltr'><strong>quaelionoraria</strong></span> <span class='ocrx_word' id='word_1_404' title='bbox 2864 2658 3140 2725; x_wconf 85' lang='lat' dir='ltr'><strong>dicuntur,</strong></span> <span class='ocrx_word' id='word_1_405' title='bbox 3168 2668 3228 2713; x_wconf 91' lang='lat' dir='ltr'><strong>ut</strong></span> <span class='ocrx_word' id='word_1_406' title='bbox 3249 2659 3340 2712; x_wconf 90' lang='lat' dir='ltr'><strong>lib.</strong></span> <span class='ocrx_word' id='word_1_407' title='bbox 3361 2670 3403 2723; x_wconf 84' lang='grc' dir='ltr'><strong>ι,</strong></span> <span class='ocrx_word' id='word_1_408' title='bbox 3430 2658 3513 2712; x_wconf 90' lang='lat' dir='ltr'><strong>tit.</strong></span> <span class='ocrx_word' id='word_1_409' title='bbox 3531 2656 3587 2721; x_wconf 82' lang='lat'><strong>5,</strong></span> 
     </span>
    </p>
   </div>
   <div class='ocr_carea' id='block_1_68' title="bbox 2018 2750 2285 2805">
    <p class='ocr_par' dir='ltr' id='par_1_68' title="bbox 2018 2750 2285 2805">
     <span class='ocr_line' id='line_1_68' title="bbox 2018 2750 2285 2805; baseline -0.004 0"><span class='ocrx_word' id='word_1_410' title='bbox 2018 2759 2198 2805; x_wconf 86' lang='lat' dir='ltr'><strong>const.</strong></span> <span class='ocrx_word' id='word_1_411' title='bbox 2231 2750 2285 2804; x_wconf 90' lang='lat'><strong>8.</strong></span> 
     </span>
    </p>
   </div>
   <div class='ocr_carea' id='block_1_69' title="bbox 2088 2838 3590 2910">
    <p class='ocr_par' dir='ltr' id='par_1_69' title="bbox 2088 2838 3590 2910">
     <span class='ocr_line' id='line_1_69' title="bbox 2088 2838 3590 2910; baseline -0.005 -12"><span class='ocrx_word' id='word_1_412' title='bbox 2088 2842 2241 2898; x_wconf 78' lang='lat' dir='ltr'><strong>CAP.</strong></span> <span class='ocrx_word' id='word_1_413' title='bbox 2269 2839 2404 2895; x_wconf 74' lang='lat' dir='ltr'><strong>Vill.</strong></span> <span class='ocrx_word' id='word_1_414' title='bbox 2440 2871 2510 2883; x_wconf 92' lang='lat'><strong><em>—</em></strong></span> <span class='ocrx_word' id='word_1_415' title='bbox 2546 2840 2618 2895; x_wconf 84' lang='lat' dir='ltr'><strong>De</strong></span> <span class='ocrx_word' id='word_1_416' title='bbox 2657 2839 2905 2910; x_wconf 79' lang='lat' dir='ltr'><strong>synodis,</strong></span> <span class='ocrx_word' id='word_1_417' title='bbox 2937 2850 2986 2895; x_wconf 90' lang='lat' dir='ltr'><strong>et</strong></span> <span class='ocrx_word' id='word_1_418' title='bbox 3015 2841 3079 2895; x_wconf 85' lang='lat' dir='ltr'><strong>de</strong></span> <span class='ocrx_word' id='word_1_419' title='bbox 3102 2856 3201 2895; x_wconf 85' lang='lat' dir='ltr'><strong>non</strong></span> <span class='ocrx_word' id='word_1_420' title='bbox 3229 2838 3590 2895; x_wconf 82' lang='lat' dir='ltr'><strong>concurrenti-</strong></span> 
     </span>
    </p>
   </div>
   <div class='ocr_carea' id='block_1_70' title="bbox 2021 2931 2398 3002">
    <p class='ocr_par' dir='ltr' id='par_1_70' title="bbox 2021 2931 2398 3002">
     <span class='ocr_line' id='line_1_70' title="bbox 2021 2931 2398 3002; baseline 0 -17"><span class='ocrx_word' id='word_1_421' title='bbox 2021 2931 2114 2987; x_wconf 82' lang='lat' dir='ltr'><strong>bus</strong></span> <span class='ocrx_word' id='word_1_422' title='bbox 2137 2932 2206 2986; x_wconf 84' lang='lat' dir='ltr'><strong>ad</strong></span> <span class='ocrx_word' id='word_1_423' title='bbox 2232 2933 2398 3002; x_wconf 83' lang='lat' dir='ltr'><strong>ipsas.</strong></span> 
     </span>
    </p>
   </div>
   <div class='ocr_carea' id='block_1_71' title="bbox 2431 3019 3132 3090">
    <p class='ocr_par' dir='ltr' id='par_1_71' title="bbox 2431 3019 3132 3090">
     <span class='ocr_line' id='line_1_71' title="bbox 2431 3019 3132 3090; baseline -0.003 -15"><span class='ocrx_word' id='word_1_424' title='bbox 2431 3019 2801 3090; x_wconf 75' lang='lat' dir='ltr'><strong>Apostolorum</strong></span> <span class='ocrx_word' id='word_1_425' title='bbox 2838 3037 3006 3075; x_wconf 83' lang='lat' dir='ltr'><strong>canon</strong></span> <span class='ocrx_word' id='word_1_426' title='bbox 3043 3020 3132 3074; x_wconf 78' lang='lat'><strong>57.</strong></span> 
     </span>
    </p>
   </div>
   <div class='ocr_carea' id='block_1_72' title="bbox 2092 3110 3588 3181">
    <p class='ocr_par' dir='ltr' id='par_1_72' title="bbox 2092 3110 3588 3181">
     <span class='ocr_line' id='line_1_72' title="bbox 2092 3110 3588 3181; baseline -0.003 -14"><span class='ocrx_word' id='word_1_427' title='bbox 2092 3113 2180 3168; x_wconf 81' lang='grc'><strong>57.</strong></span> <span class='ocrx_word' id='word_1_428' title='bbox 2199 3112 2286 3166; x_wconf 81' lang='lat' dir='ltr'><strong>Bis</strong></span> <span class='ocrx_word' id='word_1_429' title='bbox 2301 3111 2353 3165; x_wconf 92' lang='lat' dir='ltr'><strong>in</strong></span> <span class='ocrx_word' id='word_1_430' title='bbox 2371 3127 2516 3165; x_wconf 91' lang='lat' dir='ltr'><strong>anno</strong></span> <span class='ocrx_word' id='word_1_431' title='bbox 2535 3114 2624 3165; x_wconf 87' lang='lat' dir='ltr'><strong>liat</strong></span> <span class='ocrx_word' id='word_1_432' title='bbox 2639 3112 3017 3181; x_wconf 88' lang='lat' dir='ltr'><strong>episcoporum</strong></span> <span class='ocrx_word' id='word_1_433' title='bbox 3037 3110 3298 3179; x_wconf 78' lang='lat' dir='ltr'><strong>synodus,</strong></span> <span class='ocrx_word' id='word_1_434' title='bbox 3319 3119 3374 3164; x_wconf 89' lang='lat' dir='ltr'><strong>et</strong></span> <span class='ocrx_word' id='word_1_435' title='bbox 3391 3110 3530 3163; x_wconf 86' lang='lat' dir='ltr'><strong>inter</strong></span> <span class='ocrx_word' id='word_1_436' title='bbox 3542 3110 3588 3144; x_wconf 72' lang='lat'><strong>&#39;9</strong></span> 
     </span>
    </p>
   </div>
   <div class='ocr_carea' id='block_1_73' title="bbox 2022 3199 3588 3270">
    <p class='ocr_par' dir='ltr' id='par_1_73' title="bbox 2022 3199 3588 3270">
     <span class='ocr_line' id='line_1_73' title="bbox 2022 3199 3588 3270; baseline -0.003 -14"><span class='ocrx_word' id='word_1_437' title='bbox 2022 3217 2081 3256; x_wconf 90' lang='lat' dir='ltr'><strong>se</strong></span> <span class='ocrx_word' id='word_1_438' title='bbox 2109 3201 2422 3256; x_wconf 75' lang='lat' dir='ltr'><strong>exaniinent</strong></span> <span class='ocrx_word' id='word_1_439' title='bbox 2460 3201 2674 3265; x_wconf 73' lang='lat' dir='ltr'><strong>decreta</strong></span> <span class='ocrx_word' id='word_1_440' title='bbox 2715 3201 3009 3270; x_wconf 78' lang='lat' dir='ltr'><strong>religionis,</strong></span> <span class='ocrx_word' id='word_1_441' title='bbox 3052 3208 3106 3253; x_wconf 90' lang='lat' dir='ltr'><strong>et</strong></span> <span class='ocrx_word' id='word_1_442' title='bbox 3147 3199 3447 3252; x_wconf 86' lang='lat' dir='ltr'><strong>incidentes</strong></span> <span class='ocrx_word' id='word_1_443' title='bbox 3495 3212 3588 3251; x_wconf 82' lang='lat' dir='ltr'><strong>ec-</strong></span> 
     </span>
    </p>
   </div>
   <div class='ocr_carea' id='block_1_74' title="bbox 2024 3289 3593 3360">
    <p class='ocr_par' dir='ltr' id='par_1_74' title="bbox 2024 3289 3593 3360">
     <span class='ocr_line' id='line_1_74' title="bbox 2024 3289 3593 3360; baseline -0.007 -12"><span class='ocrx_word' id='word_1_444' title='bbox 2024 3293 2358 3348; x_wconf 76' lang='lat' dir='ltr'><strong>clesiasticas</strong></span> <span class='ocrx_word' id='word_1_445' title='bbox 2380 3293 2781 3345; x_wconf 79' lang='lat' dir='ltr'><strong>contrm&#39;ersias</strong></span> <span class='ocrx_word' id='word_1_446' title='bbox 2798 3300 3130 3360; x_wconf 79' lang='lat' dir='ltr'><strong>componant</strong></span> <span class='ocrx_word' id='word_1_447' title='bbox 3151 3307 3165 3342; x_wconf 89' lang='lat'>:</span> <span class='ocrx_word' id='word_1_448' title='bbox 3186 3289 3352 3343; x_wconf 87' lang='lat' dir='ltr'><strong>semel</strong></span> <span class='ocrx_word' id='word_1_449' title='bbox 3374 3289 3593 3357; x_wconf 78' lang='lat' dir='ltr'><strong>quidem</strong></span> 
     </span>
    </p>
   </div>
   <div class='ocr_carea' id='block_1_75' title="bbox 2023 3382 3596 3455">
    <p class='ocr_par' dir='ltr' id='par_1_75' title="bbox 2023 3382 3596 3455">
     <span class='ocr_line' id='line_1_75' title="bbox 2023 3382 3596 3455; baseline -0.004 -15"><span class='ocrx_word' id='word_1_450' title='bbox 2023 3397 2216 3455; x_wconf 86' lang='lat' dir='ltr'><strong>quarta</strong></span> <span class='ocrx_word' id='word_1_451' title='bbox 2248 3385 2583 3440; x_wconf 72' lang='lat' dir='ltr'><strong>hebdomade</strong></span> <span class='ocrx_word' id='word_1_452' title='bbox 2617 3385 2980 3451; x_wconf 82' lang='lat' dir='ltr'><strong>Pentecostes,</strong></span> <span class='ocrx_word' id='word_1_453' title='bbox 3028 3385 3222 3440; x_wconf 88' lang='lat' dir='ltr'><strong>iterum</strong></span> <span class='ocrx_word' id='word_1_454' title='bbox 3268 3391 3446 3437; x_wconf 87' lang='lat' dir='ltr'><strong>autem</strong></span> <span class='ocrx_word' id='word_1_455' title='bbox 3497 3382 3596 3450; x_wconf 81' lang='lat' dir='ltr'><strong>Ity-</strong></span> 
     </span>
    </p>
   </div>
   <div class='ocr_carea' id='block_1_76' title="bbox 2022 3471 3594 3548">
    <p class='ocr_par' dir='ltr' id='par_1_76' title="bbox 2022 3471 3594 3548">
     <span class='ocr_line' id='line_1_76' title="bbox 2022 3471 3594 3548; baseline -0.004 -18"><span class='ocrx_word' id='word_1_456' title='bbox 2022 3477 2333 3548; x_wconf 69' lang='lat' dir='ltr'><strong>perberetazi</strong></span> <span class='ocrx_word' id='word_1_457' title='bbox 2363 3476 2682 3531; x_wconf 79' lang='lat' dir='ltr'><strong>duodecimo</strong></span> <span class='ocrx_word' id='word_1_458' title='bbox 2706 3477 3004 3530; x_wconf 90' lang='lat' dir='ltr'><strong>secundum</strong></span> <span class='ocrx_word' id='word_1_459' title='bbox 3028 3474 3304 3528; x_wconf 79' lang='lat' dir='ltr'><strong>Romanos</strong></span> <span class='ocrx_word' id='word_1_460' title='bbox 3333 3471 3594 3528; x_wconf 85' lang='lat' dir='ltr'><strong>octobris.</strong></span> 
     </span>
    </p>
   </div>
   <div class='ocr_carea' id='block_1_77' title="bbox 2429 3675 3214 3733">
    <p class='ocr_par' dir='ltr' id='par_1_77' title="bbox 2429 3675 3214 3733">
     <span class='ocr_line' id='line_1_77' title="bbox 2429 3675 3214 3733; baseline -0.006 -1"><span class='ocrx_word' id='word_1_461' title='bbox 2429 3678 2660 3733; x_wconf 87' lang='lat' dir='ltr'><strong>Concilii</strong></span> <span class='ocrx_word' id='word_1_462' title='bbox 2699 3675 2907 3730; x_wconf 62' lang='lat' dir='ltr'><strong>Nica’ni</strong></span> <span class='ocrx_word' id='word_1_463' title='bbox 2961 3693 3128 3731; x_wconf 80' lang='lat' dir='ltr'><strong>canon</strong></span> <span class='ocrx_word' id='word_1_464' title='bbox 3163 3675 3214 3728; x_wconf 83' lang='lat'><strong>5.</strong></span> 
     </span>
    </p>
   </div>
   <div class='ocr_carea' id='block_1_78' title="bbox 2075 3761 3578 3831">
    <p class='ocr_par' dir='ltr' id='par_1_78' title="bbox 2075 3761 3578 3831">
     <span class='ocr_line' id='line_1_78' title="bbox 2075 3761 3578 3831; baseline -0.003 -12"><span class='ocrx_word' id='word_1_465' title='bbox 2075 3764 2222 3821; x_wconf 83' lang='lat' dir='ltr'><strong>5.De</strong></span> <span class='ocrx_word' id='word_1_466' title='bbox 2254 3762 2324 3818; x_wconf 87' lang='lat' dir='ltr'><strong>iis</strong></span> <span class='ocrx_word' id='word_1_467' title='bbox 2355 3767 2450 3831; x_wconf 86' lang='lat' dir='ltr'><strong>qui</strong></span> <span class='ocrx_word' id='word_1_468' title='bbox 2479 3774 2507 3812; x_wconf 88' lang='lat' dir='ltr'><strong>a</strong></span> <span class='ocrx_word' id='word_1_469' title='bbox 2533 3761 2576 3792; x_wconf 80' lang='grc' dir='ltr'><strong>⁸ο</strong></span> <span class='ocrx_word' id='word_1_470' title='bbox 2597 3767 2979 3817; x_wconf 80' lang='lat' dir='ltr'><strong>communione</strong></span> <span class='ocrx_word' id='word_1_471' title='bbox 3009 3762 3271 3826; x_wconf 80' lang='lat' dir='ltr'><strong>segregati</strong></span> <span class='ocrx_word' id='word_1_472' title='bbox 3296 3769 3441 3821; x_wconf 86' lang='lat' dir='ltr'><strong>sunt,</strong></span> <span class='ocrx_word' id='word_1_473' title='bbox 3462 3767 3578 3819; x_wconf 82' lang='lat' dir='ltr'><strong>sive</strong></span> 
     </span>
    </p>
   </div>
   <div class='ocr_carea' id='block_1_79' title="bbox 2011 3845 3580 3914">
    <p class='ocr_par' dir='ltr' id='par_1_79' title="bbox 2011 3845 3580 3914">
     <span class='ocr_line' id='line_1_79' title="bbox 2011 3845 3580 3914; baseline -0.005 -7"><span class='ocrx_word' id='word_1_474' title='bbox 2011 3853 2339 3907; x_wconf 82' lang='lat' dir='ltr'><strong>clericorum</strong></span> <span class='ocrx_word' id='word_1_475' title='bbox 2365 3849 2480 3902; x_wconf 80' lang='lat' dir='ltr'><strong>sive</strong></span> <span class='ocrx_word' id='word_1_476' title='bbox 2504 3849 2770 3902; x_wconf 87' lang='lat' dir='ltr'><strong>laicorum</strong></span> <span class='ocrx_word' id='word_1_477' title='bbox 2801 3852 2911 3900; x_wconf 88' lang='lat' dir='ltr'><strong>sint</strong></span> <span class='ocrx_word' id='word_1_478' title='bbox 2930 3846 3158 3908; x_wconf 83' lang='lat' dir='ltr'><strong>ordinis,</strong></span> <span class='ocrx_word' id='word_1_479' title='bbox 3194 3846 3262 3898; x_wconf 85' lang='lat' dir='ltr'><strong>ab</strong></span> <span class='ocrx_word' id='word_1_480' title='bbox 3287 3845 3580 3914; x_wconf 87' lang='lat' dir='ltr'><strong>episcopis,</strong></span> 
     </span>
    </p>
   </div>
   <div class='ocr_carea' id='block_1_80' title="bbox 2013 3938 3588 4016">
    <p class='ocr_par' dir='ltr' id='par_1_80' title="bbox 2013 3938 3588 4016">
     <span class='ocr_line' id='line_1_80' title="bbox 2013 3938 3588 4016; baseline -0.005 -18"><span class='ocrx_word' id='word_1_481' title='bbox 2013 3946 2104 4016; x_wconf 89' lang='lat' dir='ltr'><strong>qui</strong></span> <span class='ocrx_word' id='word_1_482' title='bbox 2143 3952 2272 3998; x_wconf 89' lang='lat' dir='ltr'><strong>sunt</strong></span> <span class='ocrx_word' id='word_1_483' title='bbox 2306 3944 2360 3996; x_wconf 91' lang='lat' dir='ltr'><strong>in</strong></span> <span class='ocrx_word' id='word_1_484' title='bbox 2394 3953 2724 4011; x_wconf 87' lang='lat' dir='ltr'><strong>unaquaque</strong></span> <span class='ocrx_word' id='word_1_485' title='bbox 2757 3940 3057 4008; x_wconf 85' lang='lat' dir='ltr'><strong>provincia.</strong></span> <span class='ocrx_word' id='word_1_486' title='bbox 3097 3938 3277 3992; x_wconf 84' lang='lat' dir='ltr'><strong>valeat</strong></span> <span class='ocrx_word' id='word_1_487' title='bbox 3315 3938 3588 3991; x_wconf 81' lang='lat' dir='ltr'><strong>sententia</strong></span> 
     </span>
    </p>
   </div>
   <div class='ocr_carea' id='block_1_81' title="bbox 2013 4028 3595 4101">
    <p class='ocr_par' dir='ltr' id='par_1_81' title="bbox 2013 4028 3595 4101">
     <span class='ocr_line' id='line_1_81' title="bbox 2013 4028 3595 4101; baseline -0.008 -7"><span class='ocrx_word' id='word_1_488' title='bbox 2013 4039 2314 4094; x_wconf 87' lang='lat' dir='ltr'><strong>secundum</strong></span> <span class='ocrx_word' id='word_1_489' title='bbox 2360 4049 2655 4095; x_wconf 88' lang='lat' dir='ltr'><strong>canonem,</strong></span> <span class='ocrx_word' id='word_1_490' title='bbox 2700 4031 2793 4101; x_wconf 92' lang='lat' dir='ltr'><strong>qni</strong></span> <span class='ocrx_word' id='word_1_491' title='bbox 2846 4031 3167 4099; x_wconf 90' lang='lat' dir='ltr'><strong>pronuntiat</strong></span> <span class='ocrx_word' id='word_1_492' title='bbox 3207 4044 3323 4092; x_wconf 87' lang='lat' dir='ltr'><strong>eos,</strong></span> <span class='ocrx_word' id='word_1_493' title='bbox 3382 4028 3475 4098; x_wconf 92' lang='lat' dir='ltr'><strong>qui</strong></span> <span class='ocrx_word' id='word_1_494' title='bbox 3524 4028 3595 4082; x_wconf 89' lang='lat' dir='ltr'><strong>ab</strong></span> 
     </span>
    </p>
   </div>
   <div class='ocr_carea' id='block_1_82' title="bbox 2015 4120 3590 4196">
    <p class='ocr_par' dir='ltr' id='par_1_82' title="bbox 2015 4120 3590 4196">
     <span class='ocr_line' id='line_1_82' title="bbox 2015 4120 3590 4196; baseline -0.008 -10"><span class='ocrx_word' id='word_1_495' title='bbox 2015 4131 2140 4186; x_wconf 80' lang='lat' dir='ltr'><strong>aliis</strong></span> <span class='ocrx_word' id='word_1_496' title='bbox 2187 4129 2347 4196; x_wconf 88' lang='lat' dir='ltr'><strong>ejecti</strong></span> <span class='ocrx_word' id='word_1_497' title='bbox 2395 4136 2544 4187; x_wconf 87' lang='lat' dir='ltr'><strong>sunt,</strong></span> <span class='ocrx_word' id='word_1_498' title='bbox 2597 4139 2705 4179; x_wconf 91' lang='lat' dir='ltr'><strong>non</strong></span> <span class='ocrx_word' id='word_1_499' title='bbox 2754 4138 2876 4177; x_wconf 91' lang='lat' dir='ltr'><strong>esse</strong></span> <span class='ocrx_word' id='word_1_500' title='bbox 2910 4123 2979 4175; x_wconf 92' lang='lat' dir='ltr'><strong>ab</strong></span> <span class='ocrx_word' id='word_1_501' title='bbox 3020 4122 3142 4174; x_wconf 86' lang='lat' dir='ltr'><strong>aliis</strong></span> <span class='ocrx_word' id='word_1_502' title='bbox 3177 4120 3590 4175; x_wconf 87' lang='lat' dir='ltr'><strong>admittendos:</strong></span> 
     </span>
    </p>
   </div>
   <div class='ocr_carea' id='block_1_83' title="bbox 2015 4214 3594 4286">
    <p class='ocr_par' dir='ltr' id='par_1_83' title="bbox 2015 4214 3594 4286">
     <span class='ocr_line' id='line_1_83' title="bbox 2015 4214 3594 4286; baseline -0.009 -4"><span class='ocrx_word' id='word_1_503' title='bbox 2015 4225 2360 4282; x_wconf 81' lang='lat' dir='ltr'><strong>examinetur</strong></span> <span class='ocrx_word' id='word_1_504' title='bbox 2384 4228 2590 4284; x_wconf 86' lang='lat' dir='ltr'><strong>autem,</strong></span> <span class='ocrx_word' id='word_1_505' title='bbox 2626 4217 2874 4286; x_wconf 87' lang='lat' dir='ltr'><strong>nunquid</strong></span> <span class='ocrx_word' id='word_1_506' title='bbox 2905 4215 2986 4271; x_wconf 90' lang='lat' dir='ltr'><strong>vel</strong></span> <span class='ocrx_word' id='word_1_507' title='bbox 3017 4214 3473 4285; x_wconf 84' lang='lat' dir='ltr'><strong>pusillanimitate</strong></span> <span class='ocrx_word' id='word_1_508' title='bbox 3507 4215 3594 4268; x_wconf 89' lang='lat' dir='ltr'><strong>vel</strong></span> 
     </span>
    </p>
   </div>
   <div class='ocr_carea' id='block_1_84' title="bbox 2017 4307 3592 4386">
    <p class='ocr_par' dir='ltr' id='par_1_84' title="bbox 2017 4307 3592 4386">
     <span class='ocr_line' id='line_1_84' title="bbox 2017 4307 3592 4386; baseline -0.004 -16"><span class='ocrx_word' id='word_1_509' title='bbox 2017 4317 2182 4386; x_wconf 78' lang='lat'><strong>208</strong></span> <span class='ocrx_word' id='word_1_510' title='bbox 2233 4314 2606 4374; x_wconf 78' lang='lat' dir='ltr'><strong>contentione,</strong></span> <span class='ocrx_word' id='word_1_511' title='bbox 2658 4311 2741 4365; x_wconf 85' lang='lat' dir='ltr'><strong>vel</strong></span> <span class='ocrx_word' id='word_1_512' title='bbox 2803 4310 2984 4378; x_wconf 87' lang='lat' dir='ltr'><strong>aliqua</strong></span> <span class='ocrx_word' id='word_1_513' title='bbox 3035 4307 3306 4377; x_wconf 86' lang='lat' dir='ltr'><strong>ejusmodi</strong></span> <span class='ocrx_word' id='word_1_514' title='bbox 3347 4310 3592 4380; x_wconf 85' lang='lat' dir='ltr'><strong>episcopi</strong></span> 
     </span>
    </p>
   </div>
   <div class='ocr_carea' id='block_1_85' title="bbox 2019 4398 3596 4472">
    <p class='ocr_par' dir='ltr' id='par_1_85' title="bbox 2019 4398 3596 4472">
     <span class='ocr_line' id='line_1_85' title="bbox 2019 4398 3596 4472; baseline -0.004 -10"><span class='ocrx_word' id='word_1_515' title='bbox 2019 4408 2341 4468; x_wconf 81' lang='lat' dir='ltr'><strong>acerbitate,</strong></span> <span class='ocrx_word' id='word_1_516' title='bbox 2378 4405 2803 4472; x_wconf 78' lang='lat' dir='ltr'><strong>congregatione</strong></span> <span class='ocrx_word' id='word_1_517' title='bbox 2836 4401 2978 4469; x_wconf 91' lang='lat' dir='ltr'><strong>pulsi</strong></span> <span class='ocrx_word' id='word_1_518' title='bbox 3019 4403 3149 4453; x_wconf 86' lang='lat' dir='ltr'><strong>sint.</strong></span> <span class='ocrx_word' id='word_1_519' title='bbox 3193 4398 3264 4454; x_wconf 88' lang='lat' dir='ltr'><strong>Ut</strong></span> <span class='ocrx_word' id='word_1_520' title='bbox 3304 4400 3407 4455; x_wconf 84' lang='lat' dir='ltr'><strong>lmc</strong></span> <span class='ocrx_word' id='word_1_521' title='bbox 3464 4417 3596 4470; x_wconf 82' lang='lat' dir='ltr'><strong>ergo</strong></span> 
     </span>
    </p>
   </div>
   <div class='ocr_carea' id='block_1_86' title="bbox 363 4482 1931 4565">
    <p class='ocr_par' dir='ltr' id='par_1_86' title="bbox 363 4482 1931 4565">
     <span class='ocr_line' id='line_1_86' title="bbox 363 4482 1931 4565; baseline -0.008 -15"><span class='ocrx_word' id='word_1_522' title='bbox 363 4494 656 4565; x_wconf 83' lang='grc' dir='ltr'>λαμϐάνοι,</span> <span class='ocrx_word' id='word_1_523' title='bbox 690 4491 869 4554; x_wconf 81' lang='grc' dir='ltr'>καλῶς</span> <span class='ocrx_word' id='word_1_524' title='bbox 898 4491 1040 4561; x_wconf 85' lang='grc' dir='ltr'>ἐχειν</span> <span class='ocrx_word' id='word_1_525' title='bbox 1074 4491 1251 4558; x_wconf 82' lang='grc' dir='ltr'>ἔδοξεν</span> <span class='ocrx_word' id='word_1_526' title='bbox 1275 4491 1506 4545; x_wconf 82' lang='grc' dir='ltr'>ἑκάστου</span> <span class='ocrx_word' id='word_1_527' title='bbox 1533 4486 1780 4540; x_wconf 79' lang='grc' dir='ltr'>ἐνιαυτοῦ</span> <span class='ocrx_word' id='word_1_528' title='bbox 1811 4482 1931 4539; x_wconf 68' lang='grc' dir='ltr'>καθ’</span> 
     </span>
    </p>
   </div>
   <div class='ocr_carea' id='block_1_87' title="bbox 2023 4482 3596 4565">
    <p class='ocr_par' dir='ltr' id='par_1_87' title="bbox 2023 4491 3596 4561">
     <span class='ocr_line' id='line_1_87' title="bbox 2023 4491 3596 4561; baseline -0.004 -7"><span class='ocrx_word' id='word_1_529' title='bbox 2023 4499 2433 4554; x_wconf 86' lang='lat' dir='ltr'><strong>convenientem</strong></span> <span class='ocrx_word' id='word_1_530' title='bbox 2453 4493 2910 4549; x_wconf 79' lang='lat' dir='ltr'><strong>examinationem</strong></span> <span class='ocrx_word' id='word_1_531' title='bbox 2935 4491 3190 4561; x_wconf 87' lang='lat' dir='ltr'><strong>accipiat,</strong></span> <span class='ocrx_word' id='word_1_532' title='bbox 3221 4500 3369 4545; x_wconf 86' lang='lat' dir='ltr'><strong>recte</strong></span> <span class='ocrx_word' id='word_1_533' title='bbox 3391 4492 3596 4548; x_wconf 84' lang='lat' dir='ltr'><strong>habere</strong></span> 
     </span>
    </p>
   </div>
   <div class='ocr_carea' id='block_1_88' title="bbox 365 4575 1934 4657">
    <p class='ocr_par' dir='ltr' id='par_1_88' title="bbox 365 4575 1934 4657">
     <span class='ocr_line' id='line_1_88' title="bbox 365 4575 1934 4657; baseline -0.008 -17"><span class='ocrx_word' id='word_1_534' title='bbox 365 4587 604 4657; x_wconf 75' lang='grc' dir='ltr'>ἑκάστην</span> <span class='ocrx_word' id='word_1_535' title='bbox 624 4583 892 4655; x_wconf 82' lang='grc' dir='ltr'>ἐπαρχίαν</span> <span class='ocrx_word' id='word_1_536' title='bbox 923 4583 1004 4645; x_wconf 67' lang='grc' dir='ltr'><strong>δὶς</strong></span> <span class='ocrx_word' id='word_1_537' title='bbox 1046 4582 1138 4634; x_wconf 80' lang='grc' dir='ltr'>τοῦ</span> <span class='ocrx_word' id='word_1_538' title='bbox 1171 4581 1346 4643; x_wconf 77' lang='grc' dir='ltr'>ἐτονς,</span> <span class='ocrx_word' id='word_1_539' title='bbox 1389 4579 1638 4640; x_wconf 85' lang='grc' dir='ltr'>συνόδους</span> <span class='ocrx_word' id='word_1_540' title='bbox 1667 4575 1934 4645; x_wconf 78' lang='grc' dir='ltr'>γίνεσθαι’</span> 
     </span>
    </p>
   </div>
   <div class='ocr_carea' id='block_1_89' title="bbox 369 4666 1940 4748">
    <p class='ocr_par' dir='ltr' id='par_1_89' title="bbox 369 4666 1940 4748">
     <span class='ocr_line' id='line_1_89' title="bbox 369 4666 1940 4748; baseline -0.01 -15"><span class='ocrx_word' id='word_1_541' title='bbox 369 4680 456 4732; x_wconf 79' lang='grc' dir='ltr'>ἵνα</span> <span class='ocrx_word' id='word_1_542' title='bbox 488 4679 642 4748; x_wconf 83' lang='grc' dir='ltr'>κοινῇ</span> <span class='ocrx_word' id='word_1_543' title='bbox 672 4675 886 4728; x_wconf 80' lang='grc' dir='ltr'>πάντων</span> <span class='ocrx_word' id='word_1_544' title='bbox 919 4674 1026 4726; x_wconf 85' lang='grc' dir='ltr'>τῶν</span> <span class='ocrx_word' id='word_1_545' title='bbox 1059 4671 1375 4725; x_wconf 85' lang='grc' dir='ltr'>ἐπισκόπων</span> <span class='ocrx_word' id='word_1_546' title='bbox 1405 4671 1501 4741; x_wconf 86' lang='grc' dir='ltr'>τῆς</span> <span class='ocrx_word' id='word_1_547' title='bbox 1533 4668 1800 4739; x_wconf 77' lang='grc' dir='ltr'>ἐπαρχίας</span> <span class='ocrx_word' id='word_1_548' title='bbox 1847 4666 1940 4718; x_wconf 76' lang='grc' dir='ltr'><strong>ἐπὶ</strong></span> 
     </span>
    </p>
   </div>
   <div class='ocr_carea' id='block_1_90' title="bbox 366 4756 1940 4836">
    <p class='ocr_par' dir='ltr' id='par_1_90' title="bbox 366 4756 1940 4836">
     <span class='ocr_line' id='line_1_90' title="bbox 366 4756 1940 4836; baseline -0.01 -11"><span class='ocrx_word' id='word_1_549' title='bbox 366 4773 430 4825; x_wconf 80' lang='grc' dir='ltr'><strong>τὸ</strong></span> <span class='ocrx_word' id='word_1_550' title='bbox 460 4769 593 4824; x_wconf 78' lang='grc' dir='ltr'>αὐτὸ</span> <span class='ocrx_word' id='word_1_551' title='bbox 645 4766 1025 4836; x_wconf 80' lang='grc' dir='ltr'>συναγομένων</span> <span class='ocrx_word' id='word_1_552' title='bbox 1053 4764 1122 4818; x_wconf 84' lang='grc' dir='ltr'>τὰ</span> <span class='ocrx_word' id='word_1_553' title='bbox 1167 4761 1388 4815; x_wconf 83' lang='grc' dir='ltr'>τοιαῦτα</span> <span class='ocrx_word' id='word_1_554' title='bbox 1417 4759 1704 4831; x_wconf 80' lang='grc' dir='ltr'>ζητήματα</span> <span class='ocrx_word' id='word_1_555' title='bbox 1753 4756 1940 4820; x_wconf 82' lang='grc' dir='ltr'>ἐξετά-</span> 
     </span>
    </p>
   </div>
   <div class='ocr_carea' id='block_1_91' title="bbox 371 4847 1940 4926">
    <p class='ocr_par' dir='ltr' id='par_1_91' title="bbox 371 4847 1940 4926">
     <span class='ocr_line' id='line_1_91' title="bbox 371 4847 1940 4926; baseline -0.01 -12"><span class='ocrx_word' id='word_1_556' title='bbox 371 4861 538 4926; x_wconf 85' lang='grc' dir='ltr'>ζοιτο,</span> <span class='ocrx_word' id='word_1_557' title='bbox 569 4859 663 4913; x_wconf 78' lang='grc' dir='ltr'>καὶ</span> <span class='ocrx_word' id='word_1_558' title='bbox 690 4858 858 4919; x_wconf 72' lang='grc' dir='ltr'>οὕτως</span> <span class='ocrx_word' id='word_1_559' title='bbox 879 4858 927 4908; x_wconf 79' lang='grc' dir='ltr'>οἱ</span> <span class='ocrx_word' id='word_1_560' title='bbox 950 4853 1391 4924; x_wconf 84' lang='grc' dir='ltr'>ὁμολογουμένως</span> <span class='ocrx_word' id='word_1_561' title='bbox 1437 4847 1940 4920; x_wconf 85' lang='grc' dir='ltr'>προσκεκρουκότες</span> 
     </span>
    </p>
   </div>
   <div class='ocr_carea' id='block_1_92' title="bbox 370 4938 1940 5024">
    <p class='ocr_par' dir='ltr' id='par_1_92' title="bbox 370 4938 1940 5024">
     <span class='ocr_line' id='line_1_92' title="bbox 370 4938 1940 5024; baseline -0.015 -14"><span class='ocrx_word' id='word_1_562' title='bbox 370 4956 448 5024; x_wconf 82' lang='grc' dir='ltr'><strong>τῷ</strong></span> <span class='ocrx_word' id='word_1_563' title='bbox 487 4957 790 5023; x_wconf 77' lang='grc' dir='ltr'>ἐπισκόπῳ,</span> <span class='ocrx_word' id='word_1_564' title='bbox 823 4953 964 5004; x_wconf 76' lang='grc' dir='ltr'>κατὰ</span> <span class='ocrx_word' id='word_1_565' title='bbox 1003 4950 1158 5016; x_wconf 83' lang='grc' dir='ltr'>λόγον</span> <span class='ocrx_word' id='word_1_566' title='bbox 1189 4945 1539 5012; x_wconf 80' lang='grc' dir='ltr'>ἀκοινώνητοι</span> <span class='ocrx_word' id='word_1_567' title='bbox 1579 4939 1730 5010; x_wconf 71' lang='grc' dir='ltr'>παρὰ</span> <span class='ocrx_word' id='word_1_568' title='bbox 1775 4938 1940 4989; x_wconf 83' lang='grc' dir='ltr'>πᾶσιν</span> 
     </span>
    </p>
   </div>
   <div class='ocr_carea' id='block_1_93' title="bbox 372 5029 1942 5114">
    <p class='ocr_par' dir='ltr' id='par_1_93' title="bbox 372 5029 1942 5114">
     <span class='ocr_line' id='line_1_93' title="bbox 372 5029 1942 5114; baseline -0.013 -14"><span class='ocrx_word' id='word_1_569' title='bbox 372 5045 513 5100; x_wconf 78' lang='grc' dir='ltr'>εἶναι</span> <span class='ocrx_word' id='word_1_570' title='bbox 563 5046 800 5114; x_wconf 70' lang='grc' dir='ltr'>δόξωσι,·;</span> <span class='ocrx_word' id='word_1_571' title='bbox 829 5043 1021 5113; x_wconf 78' lang='grc' dir='ltr'>μέχρις</span> <span class='ocrx_word' id='word_1_572' title='bbox 1049 5039 1115 5093; x_wconf 86' lang='grc' dir='ltr'>ἂν</span> <span class='ocrx_word' id='word_1_573' title='bbox 1171 5038 1248 5110; x_wconf 77' lang='grc' dir='ltr'>τῷ</span> <span class='ocrx_word' id='word_1_574' title='bbox 1287 5035 1450 5105; x_wconf 80' lang='grc' dir='ltr'>κοινῷ</span> <span class='ocrx_word' id='word_1_575' title='bbox 1491 5032 1599 5085; x_wconf 82' lang='grc' dir='ltr'>τῶν</span> <span class='ocrx_word' id='word_1_576' title='bbox 1629 5029 1942 5083; x_wconf 82' lang='grc' dir='ltr'>ἐπισκόπων</span> 
     </span>
    </p>
   </div>
   <div class='ocr_carea' id='block_1_94' title="bbox 373 5117 1943 5208">
    <p class='ocr_par' dir='ltr' id='par_1_94' title="bbox 373 5117 1943 5208">
     <span class='ocr_line' id='line_1_94' title="bbox 373 5117 1943 5208; baseline -0.015 -17"><span class='ocrx_word' id='word_1_577' title='bbox 373 5137 497 5208; x_wconf 77' lang='grc' dir='ltr'>δόξῃ</span> <span class='ocrx_word' id='word_1_578' title='bbox 547 5137 646 5207; x_wconf 76' lang='grc' dir='ltr'>τὴν</span> <span class='ocrx_word' id='word_1_579' title='bbox 701 5130 1212 5202; x_wconf 80' lang='grc' dir='ltr'>φιλανθρωποτέραν</span> <span class='ocrx_word' id='word_1_580' title='bbox 1267 5128 1406 5196; x_wconf 81' lang='grc' dir='ltr'>ὑπὲρ</span> <span class='ocrx_word' id='word_1_581' title='bbox 1455 5123 1632 5176; x_wconf 76' lang='grc' dir='ltr'>αὐτῶν</span> <span class='ocrx_word' id='word_1_582' title='bbox 1689 5117 1943 5172; x_wconf 81' lang='grc' dir='ltr'>ἐκθέσθαι</span> 
     </span>
    </p>
   </div>
   <div class='ocr_carea' id='block_1_95' title="bbox 374 5209 1945 5299">
    <p class='ocr_par' dir='ltr' id='par_1_95' title="bbox 374 5209 1945 5299">
     <span class='ocr_line' id='line_1_95' title="bbox 374 5209 1945 5299; baseline -0.015 -17"><span class='ocrx_word' id='word_1_583' title='bbox 374 5228 576 5299; x_wconf 67' lang='grc' dir='ltr'>ψῆφον.</span> <span class='ocrx_word' id='word_1_584' title='bbox 611 5227 677 5279; x_wconf 84' lang='grc' dir='ltr'><strong>Αἰ</strong></span> <span class='ocrx_word' id='word_1_585' title='bbox 703 5227 759 5278; x_wconf 81' lang='grc' dir='ltr'>δὲ</span> <span class='ocrx_word' id='word_1_586' title='bbox 795 5224 1003 5276; x_wconf 80' lang='grc' dir='ltr'>σύνοδοι</span> <span class='ocrx_word' id='word_1_587' title='bbox 1032 5220 1368 5288; x_wconf 84' lang='grc' dir='ltr'>γινέσοωσαν</span> <span class='ocrx_word' id='word_1_588' title='bbox 1389 5257 1404 5282; x_wconf 95' lang='grc'><strong>,</strong></span> <span class='ocrx_word' id='word_1_589' title='bbox 1435 5217 1529 5285; x_wconf 72' lang='grc' dir='ltr'><strong>μία</strong></span> <span class='ocrx_word' id='word_1_590' title='bbox 1563 5214 1660 5284; x_wconf 78' lang='grc' dir='ltr'>μὲν</span> <span class='ocrx_word' id='word_1_591' title='bbox 1689 5211 1795 5280; x_wconf 84' lang='grc' dir='ltr'><strong>πρὸ</strong></span> <span class='ocrx_word' id='word_1_592' title='bbox 1846 5209 1945 5276; x_wconf 80' lang='grc' dir='ltr'>τῆς</span> 
     </span>
    </p>
   </div>
   <div class='ocr_carea' id='block_1_96' title="bbox 379 5300 1944 5388">
    <p class='ocr_par' dir='ltr' id='par_1_96' title="bbox 379 5300 1944 5388">
     <span class='ocr_line' id='line_1_96' title="bbox 379 5300 1944 5388; baseline -0.015 -15"><span class='ocrx_word' id='word_1_593' title='bbox 379 5318 854 5388; x_wconf 72' lang='grc' dir='ltr'>Τεσσαρακοστῆς,</span> <span class='ocrx_word' id='word_1_594' title='bbox 885 5316 972 5367; x_wconf 81' lang='grc' dir='ltr'><strong>ἵνα</strong></span> <span class='ocrx_word' id='word_1_595' title='bbox 999 5315 1178 5381; x_wconf 79' lang='grc' dir='ltr'>πάσης</span> <span class='ocrx_word' id='word_1_596' title='bbox 1224 5307 1587 5380; x_wconf 74' lang='grc' dir='ltr'>μικροψυχίας</span> <span class='ocrx_word' id='word_1_597' title='bbox 1618 5300 1944 5370; x_wconf 82' lang='grc' dir='ltr'>ἀναιρουμέ-</span> 
     </span>
    </p>
   </div>
   <div class='ocr_carea' id='block_1_97' title="bbox 380 5393 1945 5482">
    <p class='ocr_par' dir='ltr' id='par_1_97' title="bbox 380 5393 1945 5482">
     <span class='ocr_line' id='line_1_97' title="bbox 380 5393 1945 5482; baseline -0.015 -16"><span class='ocrx_word' id='word_1_598' title='bbox 380 5430 500 5482; x_wconf 84' lang='grc' dir='ltr'>νης,</span> <span class='ocrx_word' id='word_1_599' title='bbox 546 5413 607 5464; x_wconf 74' lang='grc' dir='ltr'>τὸ</span> <span class='ocrx_word' id='word_1_600' title='bbox 653 5411 821 5480; x_wconf 76' lang='grc' dir='ltr'>δῶρον</span> <span class='ocrx_word' id='word_1_601' title='bbox 859 5407 1092 5478; x_wconf 76' lang='grc' dir='ltr'>καθαρὸν</span> <span class='ocrx_word' id='word_1_602' title='bbox 1127 5403 1501 5473; x_wconf 76' lang='grc' dir='ltr'>προσφέρηται</span> <span class='ocrx_word' id='word_1_603' title='bbox 1535 5397 1610 5467; x_wconf 81' lang='grc' dir='ltr'>τῷ</span> <span class='ocrx_word' id='word_1_604' title='bbox 1639 5395 1757 5466; x_wconf 83' lang='grc' dir='ltr'><strong>Θεῷ</strong></span> <span class='ocrx_word' id='word_1_605' title='bbox 1782 5410 1794 5423; x_wconf 83' lang='grc'><em>’</em></span> <span class='ocrx_word' id='word_1_606' title='bbox 1829 5393 1945 5446; x_wconf 84' lang='grc' dir='ltr'>δευ-</span> 
     </span>
    </p>
   </div>
   <div class='ocr_carea' id='block_1_98' title="bbox 381 5489 1606 5574">
    <p class='ocr_par' dir='ltr' id='par_1_98' title="bbox 381 5489 1606 5574">
     <span class='ocr_line' id='line_1_98' title="bbox 381 5489 1606 5574; baseline -0.013 -16"><span class='ocrx_word' id='word_1_607' title='bbox 381 5507 515 5574; x_wconf 78' lang='grc' dir='ltr'>τέρα</span> <span class='ocrx_word' id='word_1_608' title='bbox 541 5504 598 5556; x_wconf 84' lang='grc' dir='ltr'><strong>δέ</strong></span> <span class='ocrx_word' id='word_1_609' title='bbox 628 5504 753 5570; x_wconf 74' lang='grc' dir='ltr'>περὶ</span> <span class='ocrx_word' id='word_1_610' title='bbox 787 5502 876 5554; x_wconf 71' lang='grc' dir='ltr'>τὸν</span> <span class='ocrx_word' id='word_1_611' title='bbox 903 5499 992 5553; x_wconf 78' lang='grc' dir='ltr'><strong>τοῦ</strong></span> <span class='ocrx_word' id='word_1_612' title='bbox 1037 5494 1354 5569; x_wconf 76' lang='grc' dir='ltr'>μετοπώρου</span> <span class='ocrx_word' id='word_1_613' title='bbox 1395 5489 1606 5560; x_wconf 90' lang='grc' dir='ltr'>καιρόν.</span> 
     </span>
    </p>
   </div>
   <div class='ocr_carea' id='block_1_99' title="bbox 490 5675 1002 5732">
    <p class='ocr_par' dir='ltr' id='par_1_99' title="bbox 490 5675 1002 5732">
     <span class='ocr_line' id='line_1_99' title="bbox 490 5675 1002 5732; baseline -0.006 0"><span class='ocrx_word' id='word_1_614' title='bbox 490 5680 537 5712; x_wconf 73' lang='grc'>’⁸</span> <span class='ocrx_word' id='word_1_615' title='bbox 592 5678 712 5732; x_wconf 85' lang='lat' dir='ltr'><strong>Nir.</strong></span> <span class='ocrx_word' id='word_1_616' title='bbox 770 5694 893 5732; x_wconf 86' lang='lat' dir='ltr'><strong>can.</strong></span> 
     </span>
    </p>
   </div>
   <div class='ocr_carea' id='block_1_100' title="bbox 386 5750 703 5805">
    <p class='ocr_par' dir='ltr' id='par_1_100' title="bbox 386 5750 703 5805">
     <span class='ocr_line' id='line_1_100' title="bbox 386 5750 703 5805; baseline 0.006 -3"><span class='ocrx_word' id='word_1_617' title='bbox 386 5750 566 5805; x_wconf 84' lang='lat' dir='ltr'><strong>Inuoc.</strong></span> <span class='ocrx_word' id='word_1_618' title='bbox 617 5752 703 5805; x_wconf 76' lang='grc'><strong>10.</strong></span> 
     </span>
    </p>
   </div>
   <div class='ocr_carea' id='block_1_101' title="bbox 2021 4584 3596 4657">
    <p class='ocr_par' dir='ltr' id='par_1_101' title="bbox 2021 4584 3596 4657">
     <span class='ocr_line' id='line_1_101' title="bbox 2021 4584 3596 4657; baseline -0.008 -6"><span class='ocrx_word' id='word_1_619' title='bbox 2021 4595 2200 4651; x_wconf 85' lang='lat' dir='ltr'><strong>visum</strong></span> <span class='ocrx_word' id='word_1_620' title='bbox 2231 4601 2338 4656; x_wconf 89' lang='lat' dir='ltr'><strong>est,</strong></span> <span class='ocrx_word' id='word_1_621' title='bbox 2371 4596 2432 4643; x_wconf 91' lang='lat' dir='ltr'><strong>ut</strong></span> <span class='ocrx_word' id='word_1_622' title='bbox 2460 4586 2693 4657; x_wconf 76' lang='lat' dir='ltr'><strong>singulis</strong></span> <span class='ocrx_word' id='word_1_623' title='bbox 2721 4584 2882 4638; x_wconf 87' lang='lat' dir='ltr'><strong>annis</strong></span> <span class='ocrx_word' id='word_1_624' title='bbox 2923 4585 2976 4638; x_wconf 91' lang='lat' dir='ltr'><strong>in</strong></span> <span class='ocrx_word' id='word_1_625' title='bbox 3007 4598 3334 4652; x_wconf 86' lang='lat' dir='ltr'><strong>unaquaque</strong></span> <span class='ocrx_word' id='word_1_626' title='bbox 3366 4585 3596 4653; x_wconf 88' lang='lat' dir='ltr'><strong>provin-</strong></span> 
     </span>
    </p>
   </div>
   <div class='ocr_carea' id='block_1_102' title="bbox 2025 4676 3602 4749">
    <p class='ocr_par' dir='ltr' id='par_1_102' title="bbox 2025 4676 3602 4749">
     <span class='ocr_line' id='line_1_102' title="bbox 2025 4676 3602 4749; baseline -0.015 -6"><span class='ocrx_word' id='word_1_627' title='bbox 2025 4689 2109 4743; x_wconf 88' lang='lat' dir='ltr'><strong>cia</strong></span> <span class='ocrx_word' id='word_1_628' title='bbox 2138 4686 2224 4741; x_wconf 89' lang='lat' dir='ltr'><strong>bis</strong></span> <span class='ocrx_word' id='word_1_629' title='bbox 2245 4684 2287 4716; x_wconf 79' lang='lat'><strong>&#39;“</strong></span> <span class='ocrx_word' id='word_1_630' title='bbox 2316 4686 2367 4737; x_wconf 91' lang='lat' dir='ltr'><strong>in</strong></span> <span class='ocrx_word' id='word_1_631' title='bbox 2401 4695 2546 4734; x_wconf 92' lang='lat' dir='ltr'><strong>anno</strong></span> <span class='ocrx_word' id='word_1_632' title='bbox 2577 4677 2772 4749; x_wconf 80' lang='lat' dir='ltr'><strong>synodi</strong></span> <span class='ocrx_word' id='word_1_633' title='bbox 2805 4676 2972 4732; x_wconf 81' lang='lat' dir='ltr'><strong>ﬁant:</strong></span> <span class='ocrx_word' id='word_1_634' title='bbox 3002 4684 3062 4730; x_wconf 91' lang='lat' dir='ltr'><strong>ut</strong></span> <span class='ocrx_word' id='word_1_635' title='bbox 3093 4691 3220 4731; x_wconf 91' lang='lat' dir='ltr'><strong>cum</strong></span> <span class='ocrx_word' id='word_1_636' title='bbox 3247 4691 3442 4732; x_wconf 61' lang='lat' dir='ltr'><strong>omnes</strong></span> <span class='ocrx_word' id='word_1_637' title='bbox 3471 4691 3602 4746; x_wconf 73' lang='lat' dir='ltr'><strong>pro.</strong></span> 
     </span>
    </p>
   </div>
   <div class='ocr_carea' id='block_1_103' title="bbox 2025 4769 3604 4843">
    <p class='ocr_par' dir='ltr' id='par_1_103' title="bbox 2025 4769 3604 4843">
     <span class='ocr_line' id='line_1_103' title="bbox 2025 4769 3604 4843; baseline -0.008 -10"><span class='ocrx_word' id='word_1_638' title='bbox 2025 4778 2219 4834; x_wconf 73' lang='lat' dir='ltr'><strong>vinciaa</strong></span> <span class='ocrx_word' id='word_1_639' title='bbox 2275 4773 2519 4843; x_wconf 81' lang='lat' dir='ltr'><strong>episcopi</strong></span> <span class='ocrx_word' id='word_1_640' title='bbox 2579 4772 2634 4825; x_wconf 91' lang='lat' dir='ltr'><strong>in</strong></span> <span class='ocrx_word' id='word_1_641' title='bbox 2681 4770 2932 4825; x_wconf 79' lang='lat' dir='ltr'><strong>eumdem</strong></span> <span class='ocrx_word' id='word_1_642' title='bbox 2999 4769 3177 4823; x_wconf 90' lang='lat' dir='ltr'><strong>locum</strong></span> <span class='ocrx_word' id='word_1_643' title='bbox 3233 4769 3604 4823; x_wconf 90' lang='lat' dir='ltr'><strong>communiter</strong></span> 
     </span>
    </p>
   </div>
   <div class='ocr_carea' id='block_1_104' title="bbox 2027 4861 3608 4934">
    <p class='ocr_par' dir='ltr' id='par_1_104' title="bbox 2027 4861 3608 4934">
     <span class='ocr_line' id='line_1_104' title="bbox 2027 4861 3608 4934; baseline -0.01 -7"><span class='ocrx_word' id='word_1_644' title='bbox 2027 4868 2379 4929; x_wconf 86' lang='lat' dir='ltr'><strong>conveniant,</strong></span> <span class='ocrx_word' id='word_1_645' title='bbox 2405 4861 2675 4934; x_wconf 82' lang='lat' dir='ltr'><strong>ejusmodi</strong></span> <span class='ocrx_word' id='word_1_646' title='bbox 2722 4862 3056 4930; x_wconf 78' lang='lat' dir='ltr'><strong>qmestiones</strong></span> <span class='ocrx_word' id='word_1_647' title='bbox 3101 4861 3483 4914; x_wconf 77' lang='lat' dir='ltr'><strong>examinentur</strong></span> <span class='ocrx_word' id='word_1_648' title='bbox 3512 4877 3525 4912; x_wconf 91' lang='lat'><strong>:</strong></span> <span class='ocrx_word' id='word_1_649' title='bbox 3555 4867 3608 4911; x_wconf 84' lang='lat' dir='ltr'><strong>et</strong></span> 
     </span>
    </p>
   </div>
   <div class='ocr_carea' id='block_1_105' title="bbox 2031 4950 3610 5031">
    <p class='ocr_par' dir='ltr' id='par_1_105' title="bbox 2031 4950 3610 5031">
     <span class='ocr_line' id='line_1_105' title="bbox 2031 4950 3610 5031; baseline -0.01 -13"><span class='ocrx_word' id='word_1_650' title='bbox 2031 4965 2110 5019; x_wconf 89' lang='lat' dir='ltr'><strong>sic</strong></span> <span class='ocrx_word' id='word_1_651' title='bbox 2141 4975 2280 5031; x_wconf 88' lang='lat' dir='ltr'><strong>quos</strong></span> <span class='ocrx_word' id='word_1_652' title='bbox 2312 4958 2623 5026; x_wconf 67' lang='lat' dir='ltr'><strong>episcorium</strong></span> <span class='ocrx_word' id='word_1_653' title='bbox 2651 4952 2947 5008; x_wconf 78' lang='lat' dir='ltr'><strong>ollendisse</strong></span> <span class='ocrx_word' id='word_1_654' title='bbox 2967 4952 3298 5016; x_wconf 77' lang='lat' dir='ltr'><strong>constiterit.</strong></span> <span class='ocrx_word' id='word_1_655' title='bbox 3319 4950 3468 5018; x_wconf 79' lang='lat' dir='ltr'><strong>jnste</strong></span> <span class='ocrx_word' id='word_1_656' title='bbox 3487 4965 3610 5004; x_wconf 80' lang='lat' dir='ltr'><strong>esse</strong></span> 
     </span>
    </p>
   </div>
   <div class='ocr_carea' id='block_1_106' title="bbox 2033 5042 3609 5122">
    <p class='ocr_par' dir='ltr' id='par_1_106' title="bbox 2033 5042 3609 5122">
     <span class='ocr_line' id='line_1_106' title="bbox 2033 5042 3609 5122; baseline -0.013 -12"><span class='ocrx_word' id='word_1_657' title='bbox 2033 5051 2454 5122; x_wconf 66' lang='lat' dir='ltr'><strong>congregatione</strong></span> <span class='ocrx_word' id='word_1_658' title='bbox 2497 5047 2733 5116; x_wconf 83' lang='lat' dir='ltr'><strong>separati</strong></span> <span class='ocrx_word' id='word_1_659' title='bbox 2763 5045 2904 5114; x_wconf 90' lang='lat' dir='ltr'><strong>apud</strong></span> <span class='ocrx_word' id='word_1_660' title='bbox 2936 5059 3128 5098; x_wconf 84' lang='lat' dir='ltr'><strong>omnes</strong></span> <span class='ocrx_word' id='word_1_661' title='bbox 3164 5044 3472 5103; x_wconf 83' lang='lat' dir='ltr'><strong>videantur,</strong></span> <span class='ocrx_word' id='word_1_662' title='bbox 3508 5042 3609 5093; x_wconf 81' lang='lat' dir='ltr'><strong>dn-</strong></span> 
     </span>
    </p>
   </div>
   <div class='ocr_carea' id='block_1_107' title="bbox 2033 5131 3613 5210">
    <p class='ocr_par' dir='ltr' id='par_1_107' title="bbox 2033 5131 3613 5210">
     <span class='ocr_line' id='line_1_107' title="bbox 2033 5131 3613 5210; baseline -0.009 -12"><span class='ocrx_word' id='word_1_663' title='bbox 2033 5159 2136 5198; x_wconf 77' lang='lat' dir='ltr'><strong>nee</strong></span> <span class='ocrx_word' id='word_1_664' title='bbox 2189 5143 2575 5210; x_wconf 84' lang='lat' dir='ltr'><strong>episcoporum</strong></span> <span class='ocrx_word' id='word_1_665' title='bbox 2622 5135 3033 5204; x_wconf 81' lang='lat' dir='ltr'><strong>congregationi</strong></span> <span class='ocrx_word' id='word_1_666' title='bbox 3092 5135 3342 5187; x_wconf 87' lang='lat' dir='ltr'><strong>videatur</strong></span> <span class='ocrx_word' id='word_1_667' title='bbox 3389 5145 3486 5199; x_wconf 90' lang='lat' dir='ltr'><strong>pro</strong></span> <span class='ocrx_word' id='word_1_668' title='bbox 3529 5131 3613 5185; x_wconf 84' lang='lat' dir='ltr'><strong>iis</strong></span> 
     </span>
    </p>
   </div>
   <div class='ocr_carea' id='block_1_108' title="bbox 2035 5223 3614 5298">
    <p class='ocr_par' dir='ltr' id='par_1_108' title="bbox 2035 5223 3614 5298">
     <span class='ocr_line' id='line_1_108' title="bbox 2035 5223 3614 5298; baseline -0.009 -9"><span class='ocrx_word' id='word_1_669' title='bbox 2035 5234 2419 5289; x_wconf 86' lang='lat' dir='ltr'><strong>humaniorem</strong></span> <span class='ocrx_word' id='word_1_670' title='bbox 2477 5228 2722 5298; x_wconf 81' lang='lat' dir='ltr'><strong>proferre</strong></span> <span class='ocrx_word' id='word_1_671' title='bbox 2773 5226 3121 5280; x_wconf 84' lang='lat' dir='ltr'><strong>sententiam.</strong></span> <span class='ocrx_word' id='word_1_672' title='bbox 3177 5223 3380 5294; x_wconf 82' lang='lat' dir='ltr'><strong>Synodi</strong></span> <span class='ocrx_word' id='word_1_673' title='bbox 3432 5235 3614 5276; x_wconf 79' lang='lat' dir='ltr'><strong>autem</strong></span> 
     </span>
    </p>
   </div>
   <div class='ocr_carea' id='block_1_109' title="bbox 2042 5315 3614 5393">
    <p class='ocr_par' dir='ltr' id='par_1_109' title="bbox 2042 5315 3614 5393">
     <span class='ocr_line' id='line_1_109' title="bbox 2042 5315 3614 5393; baseline -0.01 -12"><span class='ocrx_word' id='word_1_674' title='bbox 2042 5329 2194 5389; x_wconf 85' lang='lat' dir='ltr'><strong>ﬁant,</strong></span> <span class='ocrx_word' id='word_1_675' title='bbox 2226 5339 2334 5378; x_wconf 88' lang='lat' dir='ltr'><strong>una</strong></span> <span class='ocrx_word' id='word_1_676' title='bbox 2370 5323 2589 5393; x_wconf 84' lang='lat' dir='ltr'><strong>quidem</strong></span> <span class='ocrx_word' id='word_1_677' title='bbox 2624 5327 2750 5374; x_wconf 89' lang='lat' dir='ltr'><strong>ante</strong></span> <span class='ocrx_word' id='word_1_678' title='bbox 2774 5319 3278 5388; x_wconf 82' lang='lat' dir='ltr'><strong>quadragesimam,</strong></span> <span class='ocrx_word' id='word_1_679' title='bbox 3317 5325 3395 5381; x_wconf 89' lang='lat' dir='ltr'><strong>ut,</strong></span> <span class='ocrx_word' id='word_1_680' title='bbox 3430 5315 3614 5368; x_wconf 89' lang='lat' dir='ltr'><strong>omni-</strong></span> 
     </span>
    </p>
   </div>
   <div class='ocr_carea' id='block_1_110' title="bbox 2041 5404 3618 5479">
    <p class='ocr_par' dir='ltr' id='par_1_110' title="bbox 2041 5404 3618 5479">
     <span class='ocr_line' id='line_1_110' title="bbox 2041 5404 3618 5479; baseline -0.011 -5"><span class='ocrx_word' id='word_1_681' title='bbox 2041 5420 2146 5474; x_wconf 83' lang='lat' dir='ltr'><strong>bus</strong></span> <span class='ocrx_word' id='word_1_682' title='bbox 2197 5416 2363 5470; x_wconf 89' lang='lat' dir='ltr'><strong>animi</strong></span> <span class='ocrx_word' id='word_1_683' title='bbox 2410 5413 2666 5468; x_wconf 88' lang='lat' dir='ltr'><strong>sordibus</strong></span> <span class='ocrx_word' id='word_1_684' title='bbox 2713 5412 2965 5470; x_wconf 85' lang='lat' dir='ltr'><strong>sublatis,</strong></span> <span class='ocrx_word' id='word_1_685' title='bbox 3017 5425 3212 5479; x_wconf 89' lang='lat' dir='ltr'><strong>purum</strong></span> <span class='ocrx_word' id='word_1_686' title='bbox 3251 5421 3451 5460; x_wconf 89' lang='lat' dir='ltr'><strong>munus</strong></span> <span class='ocrx_word' id='word_1_687' title='bbox 3510 5404 3618 5458; x_wconf 67' lang='lat' dir='ltr'><strong>lico</strong></span> 
     </span>
    </p>
   </div>
   <div class='ocr_carea' id='block_1_111' title="bbox 2044 5499 3420 5564">
    <p class='ocr_par' dir='ltr' id='par_1_111' title="bbox 2044 5499 3420 5564">
     <span class='ocr_line' id='line_1_111' title="bbox 2044 5499 3420 5564; baseline -0.009 -1"><span class='ocrx_word' id='word_1_688' title='bbox 2044 5509 2305 5563; x_wconf 73' lang='lat' dir='ltr'><strong>oll‘eratur</strong></span> <span class='ocrx_word' id='word_1_689' title='bbox 2335 5521 2348 5558; x_wconf 90' lang='lat'>:</span> <span class='ocrx_word' id='word_1_690' title='bbox 2389 5503 2628 5560; x_wconf 81' lang='lat' dir='ltr'><strong>secunda</strong></span> <span class='ocrx_word' id='word_1_691' title='bbox 2659 5510 2842 5556; x_wconf 87' lang='lat' dir='ltr'><strong>autem</strong></span> <span class='ocrx_word' id='word_1_692' title='bbox 2871 5499 3120 5554; x_wconf 88' lang='lat' dir='ltr'><strong>autumni</strong></span> <span class='ocrx_word' id='word_1_693' title='bbox 3159 5507 3420 5564; x_wconf 86' lang='lat' dir='ltr'><strong>tempore.</strong></span> 
     </span>
    </p>
   </div>
   <div class='ocr_carea' id='block_1_112' title="bbox 1112 5640 3610 5741">
    <p class='ocr_par' dir='ltr' id='par_1_112' title="bbox 1112 5640 3610 5741">
     <span class='ocr_line' id='line_1_112' title="bbox 1112 5640 3610 5741; baseline -0.012 -17"><span class='ocrx_word' id='word_1_694' title='bbox 1112 5671 1158 5704; x_wconf 70' lang='grc' dir='ltr'><strong>⁸ο</strong></span> <span class='ocrx_word' id='word_1_695' title='bbox 1189 5675 1378 5741; x_wconf 75' lang='lat' dir='ltr'><strong>ApOSl.</strong></span> <span class='ocrx_word' id='word_1_696' title='bbox 1435 5667 1499 5720; x_wconf 79' lang='lat' dir='ltr'><strong>l3</strong></span> <span class='ocrx_word' id='word_1_697' title='bbox 1538 5673 1590 5721; x_wconf 84' lang='lat' dir='ltr'><strong>et</strong></span> <span class='ocrx_word' id='word_1_698' title='bbox 1629 5665 1729 5732; x_wconf 71' lang='lat'><strong>53;</strong></span> <span class='ocrx_word' id='word_1_699' title='bbox 1792 5657 2043 5713; x_wconf 76' lang='lat' dir='ltr'><strong>Antioch.</strong></span> <span class='ocrx_word' id='word_1_700' title='bbox 2095 5655 2162 5720; x_wconf 83' lang='lat'><strong>6,</strong></span> <span class='ocrx_word' id='word_1_701' title='bbox 2200 5654 2287 5719; x_wconf 79' lang='lat'><strong>75,</strong></span> <span class='ocrx_word' id='word_1_702' title='bbox 2324 5652 2405 5714; x_wconf 82' lang='lat' dir='ltr'><strong>li.</strong></span> <span class='ocrx_word' id='word_1_703' title='bbox 2437 5667 2490 5723; x_wconf 66' lang='grc' dir='ltr'><strong>τι.</strong></span> <span class='ocrx_word' id='word_1_704' title='bbox 2693 5651 2736 5682; x_wconf 72' lang='grc' dir='ltr'>’ί</span> <span class='ocrx_word' id='word_1_705' title='bbox 2763 5648 2951 5719; x_wconf 84' lang='lat' dir='ltr'><strong>Apost.</strong></span> <span class='ocrx_word' id='word_1_706' title='bbox 3008 5647 3120 5713; x_wconf 77' lang='lat'><strong>28;</strong></span> <span class='ocrx_word' id='word_1_707' title='bbox 3169 5643 3419 5698; x_wconf 77' lang='lat' dir='ltr'><strong>Antioch.</strong></span> <span class='ocrx_word' id='word_1_708' title='bbox 3487 5640 3559 5694; x_wconf 72' lang='grc'><strong>15</strong></span> <span class='ocrx_word' id='word_1_709' title='bbox 3593 5655 3610 5706; x_wconf 86' lang='grc'>;</span> 
     </span>
    </p>
   </div>
  </div>
