4122 6472
534 391 645 455 675
1698 386 1957 448 ΡΗΟΊΊῙ
1994 386 2162 448 ΡΑΤΙ

2168 385 2501 447 {IARCILE
2528 384 2636 446 Cl‘.
3688 389 3796 451 676

881 496 1109 551 Concilii
1125 485 1446 550 'Anlioclteni
1471 509 1642 548 canon
1671 495 1763 549 ‘20.
2138 498 2192 556 Α

2138 498 2192 556 Λ
2518 491 2787 548 Συνόδου
2830 491 3185 559 Ἀντιοχείας
3208 489 3407 544 κανὼν
3438 496 3505 543 κ’.

603 586 698 644 20.
719 587 948 656 Pmpter
976 602 1112 641 usus
1135 586 1559 648 ecclesiasticos,
1588 592 1640 638 et
1662 599 1758 652 pro
1779 599 2111 653 componen-

2283 594 2357 639 κ’.
2382 586 2483 639 Διά
2505 586 2604 648 τάς
2632 584 3089 652 ἐκκλησιαπικάς
3111 583 3319 651 χρείας,
3340 582 3431 634 καὶ
3452 580 3549 645 τὰς
3574 581 3685 635 τῶν
3701 585 3800 655 ἀμ-

531 678 619 735 dis
641 678 1061 744 controversiis,
1095 687 1244 731 recte
1269 677 1469 731 habere
1490 676 1668 730 visum
1692 684 1797 738 est,
1830 685 1890 729 ut
1916 675 2110 745 synodi

2213 678 2660 749 φισόητουμένων
2680 675 2972 737 διαλύσεις.
2994 673 3173 735 καλῶς
3196 673 3339 742 ἔχειν
3374 673 3523 738 εδοξε
3553 676 3800 740 συνόδους

530 772 916 841 episcoporum
971 769 1026 823 in
1084 784 1410 838 unaquaque
1442 767 1725 838 provincia
1764 767 1896 820 ﬁant
1945 767 2027 820 bis
2056 766 2110 819 in

2212 771 2336 824 καθ’
2363 770 2599 839 ἑκάστην
2621 766 2893 837 ἐπαρχίαν
2920 764 3028 816 τῶν
3057 764 3375 817 ἐπισκόπων
3402 764 3653 832 γίνεσθαι
3686 766 3802 817 δεύ-

532 876 681 916 anno
715 882 725 915 :
758 861 931 916 semel
989 860 1209 929 quidem
1262 868 1385 928 post
1438 860 1653 913 tertiam
1711 858 2109 913 hebdomadem

2212 875 2369 928 τερον
2396 855 2489 910 τοῦ
2513 853 2841 917 ἔτους,ᾰπαξ
2871 853 2968 923 μὲν
3003 853 3140 920 μετά
3177 851 3275 922 τὴν
3305 852 3497 921 τρίτην
3524 853 3799 921 ἑϐδομάδα

538 953 665 1007 festi
698 950 944 1013 Pascha},
961 964 1018 1004 ut
1044 958 1236 1020 quarta
1262 950 1600 1005 hebdomade
1622 950 1970 1005 Pentecostes
1992 966 2111 1019 per-

2212 949 2311 1019 τῆς
2341 950 2535 1019 ἑορτῆς
2565 945 2659 1000 τοῦ
2715 946 2931 1014 ιιάσχα,
2965 944 3106 997 ὥστε
3154 944 3221 1012 τῇ
3255 944 3494 1014 τετάρτῃ
3541 944 3794 1014 ἑϐδομάδι

531 1043 747 1097 ﬁciatur
766 1043 1033 1113 synodus,
1061 1042 1480 1111 metropolitano
1509 1042 1873 1111 provinciales
1894 1043 2111 1111 episco-

2210 1040 2313 1110 τῆς
2338 1039 2717 1108 Πεντηκοστῆς
2766 1035 3130 1090 ἐπιτελεῖσθαι
3177 1036 3276 1105 τὴν
3299 1035 3516 1088 σύνοδον
3539 1076 3553 1098 ,
3597 1038 3798 1106 ὑπομι-

530 1148 629 1203 pos
665 1134 990 1187 admonente
1020 1133 1317 1187 secundam
1352 1134 1625 1201 synodum
1652 1134 1834 1188 idibus
1874 1133 2114 1187 octobris

2216 1135 2549 1203 μνήσκοντος
2575 1132 2698 1194 τοὺς
2741 1129 3088 1199 ἐπαρχιὼτας
3117 1130 3213 1182 τοῦ
3242 1132 3299 1181 ἐν
3336 1131 3401 1198 τῇ
3435 1130 3790 1199 μητροπόλει·

530 1222 794 1287 futuram,
837 1223 929 1291 qui
960 1230 1044 1277 est
1078 1224 1325 1277 decimus
1372 1223 1761 1294 hyperberetmi
1793 1242 1806 1277 :
1846 1233 1902 1278 ut
1942 1226 1994 1277 in
2028 1224 2113 1278 his

2213 1225 2314 1295 τὴν
2344 1225 2398 1276 δὲ
2429 1225 2688 1293 δευτέραν
2728 1223 2945 1276 σύνοδον
2988 1222 3235 1289 γίνεσθαι
3262 1222 3419 1284 εἰδοῖς
3473 1223 3801 1291 όκτωόρίαις

529 1314 666 1382 ipsis
720 1315 949 1383 synodis
999 1315 1265 1369 accedant
1310 1316 1612 1386 presbyteri
1671 1324 1725 1369 et
1762 1314 2013 1380 diaconi,
2060 1325 2115 1368 et

2212 1315 2333 1383 ἥτις
2362 1314 2477 1366 ἐστὶ
2493 1314 2690 1382 δεκάτη
2735 1312 3210 1383 ’Υπερὸερεταίου’
3230 1312 3368 1364 ὥστε
3390 1314 3446 1364 ὲν
3466 1312 3801 1373 (1510.231)-

529 1421 725 1459 omnes
760 1406 852 1473 qui
891 1420 950 1459 se
981 1407 1181 1475 injuria
1224 1406 1449 1461 aiIectos
1491 1415 1719 1475 putant,
1753 1416 1808 1461 et
1844 1422 1873 1461 a
1906 1408 2114 1477 synodo

2213 1423 2332 1466 ταις
2348 1408 2465 1467 ταῖς
2485 1405 2721 1467 συνόδοις
2760 1404 3010 1473 προιέναι
3046 1404 3451 1473 πρεσϐυτέρους
3502 1403 3597 1456 καὶ
3619 1402 3800 1454 διακό-

520 1497 795 1565 judicium
827 1506 1217 1567 assequantur,
1252 1514 1354 1552 nec
1388 1498 1515 1552 ullis
1560 1498 1723 1552 liceat
1757 1498 1994 1568 synodos
2021 1512 2115 1565 per

2214 1514 2359 1559 νους,
2383 1496 2476 1549 καὶ
2500 1496 2708 1559 πάντας
2722 1497 2849 1558 τοὺς
2866 1495 3154 1564 ἠδικῆσθαι
3174 1495 3507 1563 νομίζοντας.
3532 1495 3628 1545 καὶ
3654 1492 3802 1561 παρά

528 1604 589 1643 se
639 1589 863 1654 facere,
928 1590 1047 1645 sine
1110 1590 1176 1645 iis
1222 1590 1425 1661 quibus
1473 1598 1603 1645 sunt
1650 1591 1870 1645 credita:
1910 1599 2115 1644 metro-

2214 1591 2314 1661 τῆς
2345 1590 2565 1643 συνόδου
2590 1590 2917 1659 ἐπικρίσεως
2938 1590 3245 1658 τυγχάνειν
3272 1590 3345 1657 μὴ
3368 1588 3560 1651 ἐξεῖναι
3579 1587 3634 1640 δέ
3654 1605 3801 1650 τινας

527 1681 709 1751 poles.
2214 1678 2338 1733 καθ’
2368 1677 2564 1732 ἑαυτοῦ
2600 1678 2852 1740 συνόδους
2878 1677 3174 1743 ποιεῖσθαι,
3196 1678 3323 1731 ἀνευ
3358 1675 3468 1727 τῶν
3502 1691 3800 1728 πεπιστευ-

2218 1770 2397 1841 μένων
2423 1769 2524 1832 τὰς
2556 1769 2922 1840 μητροπόλεις

884 1856 1109 1912 Concilii
1143 1855 1427 1911 [καθάπειηί
1463 1873 1629 1911 canon
1664 1856 1754 1912 40.
2143 1846 2185 1904 Β
2502 1899 2512 1914 .

2143 1846 2185 1904 Β
2502 1860 2776 1915 Συνόδου
2807 1859 3159 1925 Λαοδικείας
3187 1859 3388 1913 κανὼν
3418 1866 3489 1931 μ’.

617 1949 707 2004 40.
747 1947 904 2014 Quod
956 1965 1065 2003 non
1111 1957 1326 2018 Oportet
1360 1949 1648 2018 episcopos
1697 1949 1790 2018 qui
1848 1958 2112 2003 vocantur

2286 1959 2363 2024 μ’.
2389 1952 2516 2006 Ὀτι
2544 1952 2604 2005 ού
2631 1951 2712 2004 δεῖ
2745 1950 3081 2012 ἐπισκόπους
3121 1951 3487 2020 καλουμένους
3534 1951 3617 2013 είς
3675 1950 3798 2001 σύν-

529 2040 600 2096 ad
634 2041 925 2110 synodum,
971 2040 1266 2111 negligere,
1315 2042 1409 2096 sed
1457 2041 1629 2105 abire,
1678 2050 1733 2095 et
1780 2042 1977 2095 docere
2028 2042 2111 2095 vel

2214 2044 2336 2098 οδον
2372 2045 2760 2113 καταφρονεῖν,
2779 2042 2893 2097 ἀλλ’
2923 2042 3142 2096 ἀπιέναι
3165 2043 3271 2095 καὶ
3290 2042 3565 2095 διδάσκειν
3592 2041 3625 2110 ἢ
3658 2041 3800 2094 διδά-

531 2132 741 2195 doceri,
770 2134 837 2186 ad
872 2131 1035 2201 209
1058 2133 1453 2188 correctionem
1494 2130 1750 2187 Ecclesia:
1781 2142 1833 2186 et
1866 2131 2111 2201 reliquo-

2214 2133 2479 2197 σκεσθαι,
2534 2134 2614 2195 είς
2665 2133 3004 2204 κατόρθωσιν
3059 2135 3160 2204 τῆς
3206 2132 3533 2204 Ἑκκλησίας
3558 2132 3659 2186 καὶ
3695 2132 3799 2184 τῶν

532 2237 677 2276 rum.
714 2221 770 2276 Si
802 2224 929 2292 quis
958 2230 1143 2276 autem
1174 2223 1495 2289 neglexerit,
1532 2223 1578 2277 is
1605 2223 1847 2292 seipsum
1882 2238 2113 2278 accusa-

2213 2223 2437 2276 λοιπῶν·
2480 2224 2530 2277 εί
2563 2222 2620 2275 δὲ
2651 2223 3122 2293 καταφρονήσειεν
3150 2223 3179 2275 δ
3203 2222 3465 2284 τοιοῦτος,
3500 2221 3696 2275 ἑαυτὸν
3717 2221 3796 2274 ai-

527 2312 643 2378 bit;
676 2323 1041 2383 praeterquam
1084 2314 1129 2366 si
1167 2321 1388 2385 propter
1428 2315 1803 2383 intemperiem
1838 2323 1893 2371 et
1944 2314 2110 2385 διετί-

2212 2314 2488 2367 τιάσεσαιο
2523 2312 2821 2383 πάρεκτδς,
2845 2313 2895 2365 εί
2928 2312 3006 2384 μὴ
3032 2312 3100 2366 δι’
3135 2311 3451 2383 ἀνωμαλίαν
3479 2312 3798 2383 ἀπολιμπά-

528 2404 772 2460 tudinem
809 2418 917 2459 non
949 2405 1153 2459 veniat.

2214 2421 2379 2459 νοιτο.
3487 2392 3494 2399 .

779 2493 1001 2547 Concilii
1032 2493 1474 2548 Chalcedonean
1533 2509 1702 2547 canon
1737 2493 1830 2551 19.

2493 2496 2765 2552 Συνόδου
2798 2496 3188 2565 Χαλκηδόνος
3212 2480 3413 2550 κακῶν
3445 2496 3537 2550 ιθ’.

604 2584 695 2640 19.
727 2583 975 2639 Pervenit
1006 2584 1072 2638 ad
1103 2599 1266 2639 aures
1307 2592 1549 2651 nostras,
1599 2585 1742 2654 quod
1792 2586 1848 2639 in
1888 2584 2109 2656 provin-

2288 2586 2581 2645 tO'.'HKOsv
2602 2590 2681 2652 είς
2700 2589 2800 2653 τάς
2817 2589 3094 2659 ἡμετέρας
3111 2590 3300 2652 ἀκοὰς,
3321 2588 3398 2651 ὡς
3418 2590 3476 2642 ὲν
3492 2589 3617 2651 ταῖς
3634 2587 3800 2658 ἐπαρ-

526 2675 650 2742 ciis,
680 2676 985 2731 canonibns
1006 2675 1319 2733 constituta
1346 2677 1727 2748 episcoporum
1782 2678 1975 2750 synodi
2001 2694 2112 2735 non

2213 2680 2361 2751 χίαις
2394 2681 2451 2732 ai
2500 2678 2953 2747 κεκανονισμέναι
2992 2678 3200 2733 σύνοδοι
3242 2678 3351 2731 τῶν
3386 2679 3706 2732 ἐπισκόπων
3736 2679 3796 2731 ού

530 2766 685 2831 ﬁant,
744 2775 799 2821 et
850 2782 917 2820 ex
964 2782 1031 2821 eo
1092 2768 1264 2822 multa
1313 2768 1689 2824 ecclesiastica
1772 2770 2114 2841 negligantur

2214 2771 2475 2837 γίνονται,
2525 2767 2623 2820 καὶ
2650 2768 2715 2820 ἐκ
2760 2766 2948 2820 τούτου
2998 2766 3171 2820 πολλά
3235 2766 3639 2839 παραμελεῖται
3692 2765 3796 2819 τῶν

523 2872 649 2927 qua:
675 2859 1019 2913 correctione
1046 2858 1309 2929 indigent.
1339 2857 1540 2914 Statuit
1566 2876 1697 2932 ergo
1721 2871 1908 2917 sancta
1938 2878 2109 2933 syno-

2215 2857 2557 2928 διορθώσεως
2608 2856 2880 2924 δεομένων
2927 2857 3397 2929 ὲκκλησιαστικῶν
3426 2860 3792 2929 πραγμάτων·

531 2945 641 3001 dus
722 2948 1022 3002 secundum
1110 2958 1427 3003 sanctorum
1505 2949 1727 3005 Patrum
1811 2967 2055 3007 canones
2090 2990 2107 3016 ,

2212 2950 2383 3023 ὥρισε
2436 2951 2619 3005 τοίνυν
2646 2951 2682 3021 ἡ
2710 2949 2844 3019 ἁγία
2876 2949 3111 3014 σύνοδος,
3152 2952 3292 3005 κατά
3318 2951 3443 3017 τοὺς
3473 2950 3587 3005 τῶν
3631 2952 3794 3020 ἁγίων

531 3044 594 3091 ut
626 3036 710 3091 bis
733 3037 787 3091 in
814 3052 959 3091 anno
988 3040 1239 3092 eumdem
1271 3037 1325 3091 iu
1353 3039 1528 3092 locum
1562 3040 1892 3095 conveniant
1922 3042 2112 3097 unius-

2214 3046 2475 3117 Πατέρων
2503 3044 2759 3107 κανόνας,
2798 3042 2881 3107 δὶς
2907 3043 3002 3096 τοῦ
3030 3043 3277 3096 ἐνιαυτοῦ
3304 3046 3395 3096 ἐπὶ
3416 3044 3477 3097 τὸ
3506 3044 3640 3096 αὑτὸ
3673 3060 3793 3095 συν-

526 3128 797 3199 cujusque
844 3130 1142 3198 provincia:
1220 3130 1485 3201 episcopi,
1542 3138 1603 3186 ut
1660 3136 2154 3236 metropolitanus(

2161 3137 2435 3238 1τρέχειν
2492 3134 2616 3189 καθ’
2647 3135 2886 3206 ἑκάστην
2944 3136 3211 3207 ἐπαρχίαν
3264 3137 3391 3198 τοὺς
3442 3136 3789 3203 ἐπισκόπους,

527 3220 727 3273 melius
779 3235 901 3274 esse
969 3222 1328 3291 perspexerit,
1383 3232 1439 3277 et
1502 3225 1719 3295 singula
1775 3220 2155 3296 emergentia‘

2161 3220 2181 3238 ¹
2213 3230 2344 3282 ἔνθα
2378 3229 2445 3283 ἂν
2478 3231 2506 3282 ὁ
2556 3228 2656 3299 τῆς
2692 3228 3079 3300 μητροπόλεως
3138 3227 3435 3291 ἐπίσκοπος
3499 3227 3789 3301 δοκιμάσῃ.

526 3307 865 3379 [corrigantt
903 3310 1142 3379 episcopi
1174 3311 1404 3383 autem],
1438 3313 1532 3383 qui
1591 3330 1701 3368 non
1756 3320 2086 3370 conveniunt

2208 3320 2305 3374 καὶ
2365 3318 2615 3391 διορθοῦν
2660 3320 2872 3373 ἕκαστα
2897 3320 2966 3372 τὰ
3010 3318 3412 3373 ἀνακύπτονταο
3473 3322 3604 3383 τοὺς
3632 3321 3791 3390 δὲμὴ

528 3400 575 3453 si
605 3401 659 3453 in
695 3399 887 3454 eadem
922 3402 1210 3470 metropoli
1256 3416 1561 3468 versentur,
1617 3416 1781 3474 atque
1807 3407 1947 3461 adeo
1987 3406 2108 3460 sani

2211 3414 2493 3475 συνιόντας
2522 3412 2877 3474 ἐπισκόπους,
2905 3411 3269 3481 ἐνδημοῦντας
3297 3413 3416 3474 ταῖς
3445 3412 3657 3464 ἑαυτῶν
3692 3413 3785 3465 πό-

526 3490 638 3544 sint
665 3501 721 3544 et
754 3492 822 3544 ab
865 3494 1014 3546 omni
1048 3494 1411 3549 inexcusabili
1438 3505 1491 3550 et
1529 3500 1843 3553 necessario
1889 3502 2110 3568 negotio

2207 3504 2344 3569 λεσι,
2368 3503 2645 3557 καὶταῦτα
2673 3505 2730 3555 ὲν
2753 3504 2910 3573 ὑγεία
2938 3504 3243 3571 διάγοντας,
3276 3505 3371 3555 καὶ
3412 3504 3596 3574 πάσης
3624 3504 3790 3574 ἀπαρ-

526 3578 707 3646 Ῑὶυθΐίν
742 3582 981 3637 Ϊτίιῑθΐηο
999 3586 1487 3653 τυρνοιιθιιάίιιιιιιτ-
2214 3597 2442 3667 αιτήτου
2476 3598 2569 3649 καὶ
2622 3596 2929 3662 ἀναγκαίας
2955 3594 3212 3665 ἀσχολίας
3244 3594 3403 3658 ὄντας
3453 3596 3788 3666 ἐλευθέρους,

2211 3689 2511 3757 ἀδελφικῶς
2539 3687 2987 3758 ὲπιπλήττεσθαι.

597 3759 822 3815 Coucilii
854 3760 1283 3831 Carthaginiensis
1327 3780 1553 3817 canones
1591 3764 1680 3829 18,
1704 3765 1792 3831 73,
1818 3765 1905 3830 76,
1932 3766 2023 3821 95.

2279 3780 2553 3834 Συνόδου
2580 3778 3004 3848 Καρθαγέννης
3034 3777 3233 3831 κανὼν
3253 3778 3343 3849 ιη’,
3369 3786 3468 3848 ογ’,
3499 3787 3608 3845 ος’,
3625 3781 3719 3847 ιιεῖ

598 3852 688 3905 18.
726 3851 785 3905 Si
808 3854 923 3920 quis
952 3855 1177 3907 clericus
1212 3856 1517 3918 ordinatus,
1542 3866 1673 3919 ctc.,
1698 3866 1754 3909 ut
1784 3874 1906 3928 pag.
1929 3859 2038 3915 482

2023 3860 2038 3912 ι
2286 3877 2376 3940 ιη’.
2411 3870 2548 3923 Ἐάν
2578 3888 2667 3937 τις
2694 3868 2980 3939 κληρικὸς
3002 3869 3429 3939 χειροτονῆται,
3464 3889 3572 3927 κ.τ.
3602 3872 3651 3927 λ.

597 3942 751 3997 Diem
780 3944 1003 3999 Pascha:
1030 3946 1115 3999 die
1142 3946 1353 3999 concilii
1393 3947 1764 4001 nuntiandum.

2284 3962 2427 4031 Περὶ
2464 3961 2572 4016 τοῦ
2610 3962 2725 4027 τὴν
2750 3961 2982 4030 ἡμέραν
3021 3960 3130 4014 τοῦ
3154 3961 3372 4031 Πάσχα
3413 3963 3483 4016 ἐν
3504 3963 3579 4033 τῇ
3608 3964 3789 4034 ἡμέρᾳ

2209 4055 2321 4126 τῆς
2356 4055 2627 4110 συνόδου
2652 4054 3093 4123 ἁγγέλλεσθαι.ῖ

599 4118 688 4173 75.
716 4118 844 4174 item
882 4119 1083 4188 placuit
1110 4132 1167 4176 ut
1191 4123 1308 4178 dies
1340 4126 1665 4182 venerabilis
1694 4127 1938 4199 Paschaz,
1970 4139 2106 4199 ctc.,

2268 4118 2380 4217 ὀγι.
2423 4148 2654 4217 Ὁμοίως
2684 4118 2898 4217 ἤρεσεν,
2957 4118 3099 4199 ὥστε
3122 4146 3221 4216 τὴν
3263 4147 3475 4218 ἡμέραν
3502 4148 3600 4200 τοῦ
3631 4166 3788 4221 προσ-

524 4222 583 4267 υε
609 4230 731 4308 pag.
772 4214 899 4267 642-
2210 4214 2447 4308 κυνητοῦ
2480 4214 2768 4306 ίιάσχα,κ.
2808 4254 2859 4289 τ.
2887 4236 2939 4288 λ.

593 4306 672 4361 De
706 4310 963 4377 episcopis
1039 4310 1131 4379 qui
1170 4310 1239 4363 ad
1268 4312 1500 4366 concilia
1542 4330 1645 4367 non
1694 4327 1998 4371 occurrunt.

2280 4306 2419 4399 Περὶ
2476 4328 2593 4381 τῶν
2626 4328 2713 4398 μὴ
2755 4326 3157 4382 ἀπαντώντων
3201 4330 3273 4384 ἐν
3327 4331 3460 4397 ταῖς
3504 4333 3785 4399 συνόδοις

2232 4422 2599 4478 ἐπισκόπων.

595 4492 683 4547 76.
724 4493 854 4549 item
905 4497 1109 4565 placuit
1138 4498 1217 4563 δ’,
1246 4511 1305 4553 ut
1331 4501 1765 4571 quotiescunque
1808 4505 2104 4558 concilium
2141 4526 2183 4581 ο

2158 4526 2183 4580 ζ)
2282 4512 2389 4578 ος·’.
2426 4515 2658 4584 Ὁμοίως
2690 4517 2908 4587 ἤρεσεν,
2933 4517 3020 4569 ἵνα
3040 4516 3439 4586 δσακισδήποτε
3465 4516 3680 4571 σύνοδον
3711 4517 3786 4569 δεῖ

522 4588 963 4656 congregandum
1014 4599 1119 4651 est,
1157 4592 1398 4661 episcopi
1452 4594 1543 4660 qui
1581 4610 1756 4661 neque
1807 4603 1982 4651 actate.
2008 4611 2101 4649 ne—

2208 4602 2562 4672 συναχοῆνιι,
2596 4605 2646 4656 οἱ
2691 4605 2986 4659 ἐπίσκοποι
3038 4604 3241 4668 οἵτινες
3284 4604 3408 4657 οὔτε
3459 4608 3622 4677 κείρᾳ
3663 4606 3780 4659 οὔτε

521 4691 631 4745 que
660 4678 1001 4746 aigritudine,
1036 4698 1212 4749 neque
1258 4683 1439 4752 aliqua
1494 4685 1729 4752 graviori
1787 4686 2103 4740 necessitate

2200 4693 2457 4764 ἀσθενείᾳ
2490 4694 2612 4748 οὔτε
2661 4698 2770 4749 τινὶ
2812 4697 3088 4768 βαρυτέρᾳ
3127 4698 3343 4770 ἀνάγκῃ
3380 4698 3778 4766 ἐμποδίζονται,

522 4769 922 4838 impediuntur,
958 4785 1327 4842 competenter
1352 4787 1671 4841 occurrant,
1699 4787 1752 4832 et
1778 4778 2104 4847 primatibus

2202 4785 2477 4853 ἁρμοδίως
2510 4788 2825 4853 ἀπαντῶσι,
2859 4788 2956 4840 καὶ
2985 4791 3096 4851 τοῖς
3120 4789 3491 4859 πρωτεύουσιν
3550 4791 3776 4857 ἑκάστης

524 4873 753 4914 suarum
811 4877 1155 4932 quarumque
1209 4864 1617 4932 provinciarum
1676 4870 2003 4935 intimetur,
2046 4876 2105 4922 ut

2206 4874 2340 4938 ἰδίας
2371 4876 2549 4931 αὐτῶν
2575 4878 2843 4948 ἐπαρχίας
2884 4879 3248 4949 ἐμφανισϐείη
3280 4882 3407 4950 περὶ
3424 4880 3643 4932 πάντων
3675 4880 3775 4931 τῶν

522 4952 591 5006 de
619 4952 886 5007 universis
911 4955 1181 5026 episc0pis
1200 4958 1282 5010 vel
1312 4959 1452 5022 duae,
1486 4959 1564 5011 vel
1597 4970 1704 5014 tres
1742 4970 1932 5014 turma:
1954 4961 2105 5025 (iant,

2204 4968 2543 5034 ἐπισκόπων,
2580 4970 2690 5021 εἴτε
2717 4969 2831 5033 δύο,
2854 4972 2963 5022 εἴτε
2994 4972 3142 5040 τρεῖς
3176 4972 3551 5043 συναθροίσεις
3582 4972 3776 5040 γένων-

524 5058 588 5097 ac
605 5045 669 5097 de
685 5044 914 5113 singulis
930 5051 1121 5101 turmis
1141 5048 1383 5103 vicissim
1398 5060 1668 5118 quotquot
1690 5052 1851 5106 electi
1873 5051 2098 5114 fuerint,

2205 5076 2345 5120 ut}
2400 5060 2492 5111 mi.
2533 5062 2642 5113 ἀπὸ
2689 5062 2920 5113 ἑκάστου
2960 5062 3015 5114 δὲ
3056 5064 3357 5133 ἀοροισμοῦ
3398 5065 3499 5127 ,είς
3548 5063 3776 5134 ἀμοιῆὴν

523 5135 590 5188 ad
612 5134 753 5189 diem
776 5138 993 5190 concilii
1013 5140 1581 5207 210instantissitne
1601 5152 1917 5198 occurrant.
1941 5143 2095 5208 Quod

2201 5148 2519 5217 όσοιδήποτε
2544 5148 2856 5217 ὲπιλεγῶσι,
2909 5150 3046 5221 πρὸς
3084 5153 3183 5220 τὴν
3209 5154 3420 5223 ἡμέραν
3441 5154 3539 5223 τῆς
3564 5156 3772 5207 συνόδου

522 5227 568 5279 si
612 5241 718 5278 non
762 5230 1035 5294 potuerint
1073 5248 1384 5295 occurrere,
1413 5236 1796 5290 excusationes
1828 5237 1941 5305 (65)
1966 5251 2098 5290 suas

2199 5237 2532 5301 ὲνστατικώς
2557 5240 2965 5308 ἀπαντήσωσιν’
2984 5240 3079 5293 ὲάν
3105 5242 3161 5293 δὲ
3194 5242 3583 5311 μὴδυνηοῶσιν
3606 5246 3770 5296 ἀπαν-

524 5316 578 5369 in
640 5321 897 5371 tractoria
948 5322 1297 5377 cor-scribant
1337 5341 1351 5386 ;
1387 5325 1470 5377 vel
1524 5325 1568 5378 si
1631 5335 1753 5393 post
1801 5327 2094 5378 adventum

2198 5328 2382 5396 στῆσαι,
2417 5330 2614 5397 ἀθρόον
2642 5331 2805 5382 τινῶν
2862 5333 3144 5399 ἀναγκῶν.
3168 5333 3242 5395 ὡς
3270 5334 3436 5397 εἰκὸς,
3470 5335 3770 5404 ἀναφυομέ-

522 5410 797 5463 tractoria:
824 5410 1019 5477 aliquae
1052 5415 1402 5470 necessitates
1434 5428 1654 5484 repente
1682 5417 1911 5473 forsitan
1961 5429 2096 5475 ortze

2199 5436 2325 5484 νων,
2355 5422 2402 5472 εἰ
2447 5421 2520 5490 μὴ
2550 5423 2639 5473 τὸν
2685 5423 2839 5490 λόγον
2878 5424 2971 5477 τοῦ
3022 5425 3223 5478 οἰκείου
3249 5427 3584 5496 ὲμποῖισμοῦ
3628 5428 3768 5495 παρὰ

520 5500 745 5576 fuerint,
776 5502 878 5557 nisi
914 5505 1177 5558 rationein
1216 5505 1584 5575 impedimenti
1624 5511 1708 5564 sui
1754 5513 1895 5581 apud
1930 5526 2091 5566 suum

2198 5511 2279 5581 τῷ
2308 5513 2494 5583 οἰκείῳ
2530 5515 2866 5584 πρωτεύοντι
2922 5518 3275 5571 ἀποδώσωσιν
3312 5559 3327 5585 ,
3365 5520 3599 5591 ὀφείλειν
3650 5520 3765 5582 “in;

590 5655 828 5712 8'Conc.
870 5657 1128 5729 Carthag.
1166 5676 1218 5726 v,
1248 5677 1373 5716 can.
1410 5664 1498 5718 10.
1539 5664 1707 5720 Ait-ie.
1747 5682 1797 5721 c.
1832 5666 1920 5721 45.

595 5766 708 5837 (63)
749 5768 897 5826 lianc
939 5774 1265 5833 sententiam
1306 5776 1541 5849 Graecus
1576 5780 1849 5849 interpres
1887 5780 2091 5847 omisit,
2130 5784 2393 5856 quoniam
2430 5788 2688 5841 tractoria
2751 5789 2880 5857 quid
2924 5801 3065 5845 esset
3102 5807 3201 5846 t.0n
3244 5793 3519 5847 intellexit.
