4122 6430
325 392 428 458 677

1087 383 1490 445 SYNTAGMA
1547 376 1936 455 CANONUM.
1973 399 2038 414 --
2070 374 2218 436 TIT.
2255 373 2422 442 VIII,
2462 368 2623 432 CXP.
2663 368 2831 431 VIII.

3477 364 3584 428 678

329 501 599 563 τοιούτους
634 501 702 570 τῇ
757 495 1012 567 κοινωνίᾳ
1055 496 1154 566 τῆς
1207 495 1346 558 ἰδίας
1381 493 1559 550 αὐτῶν
1608 489 1900 563 ἀρκεῖσθαι

2030 488 2290 541 ιτίηιαιοηι
2325 483 2682 550 reddiderint,
2740 478 3002 537 Ecclesiae
3057 488 3171 532 suae
3197 477 3582 532 communione

327 589 674 661 Ἐκκλησίας.

328 681 595 736 Σύνοδον
620 679 708 748 μὴ
738 678 1010 749 τίνεσθαι
1063 673 1281 741 κοινήν
1303 691 1370 728 τε
1418 674 1516 729 καὶ
1558 671 1835 740 ὁλοτελῆ,
1859 672 1912 725 sl

883 769 970 839 μὴ
1007 769 1076 833 ἐξ
1109 768 1400 838 ἀνάγκης.

408 862 511 930 ιιέ.
538 864 773 932 Ἦρεσεν
805 860 947 914 ὥστε
973 861 1046 929 μὴ
1075 854 1214 912 εἶναι
1236 857 1544 929 περαιτέρω
1573 855 1911 909 ἐνιαυσιαίαν

330 957 575 1026 ἀνάγκην
604 953 696 1006 τοῦ
730 951 1110 1022 συντρίϐεσθαι
1155 953 1281 1012 τοὺς
1309 948 1595 1016 ἀδελφοὺς,
1627 946 1739 998 ἀλλ’
1777 946 1908 999 ὁσά-

329 1063 422 1110 κις
445 1045 510 1098 ἂν
526 1043 680 1113 κοινὴ
705 1042 861 1113 χρεία
882 1040 1293 1116 καλέσῃ,πάτης
1323 1039 1572 1092 τουτέστι
1594 1038 1691 1106 τῆς
1723 1038 1906 1105 ’Δφρι-

331 1139 456 1208 κῆς,
487 1135 834 1207 γραμμάτων
881 1133 1175 1203 διδομένων
1211 1130 1556 1200 ὁθενδήποτε,
1589 1128 1727 1196 πρὸς
1778 1126 1912 1180 ταύ-

331 1246 433 1300 την
448 1228 545 1299 τὴν
562 1227 831 1297 καθέδραν
851 1225 1062 1279 σύνοδον
1079 1224 1310 1293 ὀφείλειν
1327 1220 1652 1289 συνάγεσθαι
1669 1222 1726 1272 ἐν
1740 1218 1912 1290 ταύτῃ

331 1322 400 1390 τῇ
426 1317 665 1389 ἐπαρχίᾳ
697 1316 824 1370 ἔνθα
857 1316 922 1370 ἂν
959 1317 992 1385 ἡ
1015 1315 1173 1386 χρεία
1198 1314 1292 1368 καὶ
1319 1316 1353 1384 ἡ
1379 1309 1763 1390 ἐπιτηδειότης
1784 1325 1910 1361 συν-

335 1388 564 1484 ωθήσῃ·’
597 1411 652 1463 αί
704 1410 759 1462 δὲ
785 1409 956 1462 αἰτίαι
1007 1411 1063 1463 αί
1114 1407 1190 1479 μὴ
1228 1388 1386 1460 οὖσαι
1433 1403 1651 1466 κοιναὶ,
1697 1403 1756 1454 ἐν
1790 1402 1912 1464 ταῖς

339 1503 496 1565 ίδίαις
525 1502 817 1571 ἐπαρχίαις
837 1500 1122 1569 κριθῶσιν.

512 1590 781 1645 Συνόδου
800 1589 1217 1659 οἱκουμενικῆς
1237 1587 1416 1654 ἕκτης
1446 1587 1641 1640 κανὼν
1664 1591 1735 1658 η’.

401 1688 474 1754 η’.
489 1682 580 1734 Ἐν
603 1681 739 1732 πᾶσι
758 1681 824 1732 τὰ
841 1680 946 1732 ὑπὸ
967 1679 1076 1732 τῶν
1097 1679 1266 1746 ἁγίων
1282 1677 1436 1747 ἡμῶν
1450 1677 1590 1730 [Ιατέ
1599 1693 1703 1747 ρων
1719 1675 1912 1728 θεσπι-

337 1775 560 1837 σθέντα,
584 1774 679 1827 καὶ
719 1773 881 1841 ἡμεῖς
927 1773 1148 1842 κρατεῖν
1187 1770 1532 1840 βουλόμενοι,
1576 1768 1911 1836 άνανεοῦμεν

2011 581 2208 634 debere
2240 595 2361 651 csse
2395 585 2701 630 contentos.

2083 672 2381 727 Concilium
2408 667 2700 724 universale
2730 664 2941 720 nonnisi
2968 678 3032 718 ea:
3059 661 3368 716 necessitate
3384 660 3586 730 facien-

2011 759 2168 814 dum.

2082 852 2174 907 95.
2206 850 2415 905 Placuit
2436 852 2482 891 ⁸³
2500 859 2558 904 ιιι
2582 863 2690 903 non
2725 847 2796 902 sit
2825 845 2964 899 ultra
2991 842 3285 913 l'atigandis
3324 841 3586 898 fratribus

2013 943 2387 1001 anniversaria
2419 942 2742 1004 necessitas,
2774 939 2866 993 sed
2899 937 3118 1006 quoties
3146 935 3388 1004 exegerit
3415 949 3585 989 causa

2012 1034 2344 1098 communis,
2381 1033 2431 1087 id
2455 1044 2538 1087 est
2560 1032 2726 1086 totius
2750 1029 2968 1092 Africae,
2988 1029 3346 1096 undecunque
3368 1025 3435 1078 ad
3471 1027 3526 1095 (6
3539 1026 3587 1093 ί)

2013 1128 2156 1182 hanc
2226 1126 2408 1180 sedem
2476 1125 2544 1179 de
2599 1125 2700 1177 hac
2783 1137 2842 1176 re
2894 1123 3036 1176 data:
3109 1120 3300 1174 littera:
3357 1119 3582 1179 fuerint,

2013 1216 2446 1286 congregandam
2481 1229 2602 1269 esse
2627 1214 2896 1283 synodum
2947 1212 3000 1265 in
3039 1225 3102 1264 ea
3148 1210 3448 1278 provincia,
3494 1209 3586 1263 ubi

2013 1307 2399 1379 opportunitas
2446 1305 2782 1376 persuaserit
2815 1321 2831 1362 :
2868 1319 3048 1358 causa:
3077 1311 3256 1356 autem
3287 1318 3409 1372 qua:
3439 1316 3590 1356 com-

2013 1416 2208 1456 munes
2237 1415 2344 1455 non
2372 1407 2521 1464 sunt,
2562 1399 2616 1452 in
2646 1398 2763 1452 suis
2791 1396 3084 1466 provinciis
3117 1395 3455 1465 iudicentur.

2336 1579 2563 1635 Comi/ii
2594 1577 2898 1632 acumem’ci
2927 1592 2978 1628 vt
3012 1591 3177 1628 canon
3209 1575 3264 1630 8.

2086 1672 2141 1728 8.
2180 1672 2238 1725 ln
2273 1672 2530 1748 omnibus
2564 1685 2627 1724 ea
2657 1668 2705 1700 “
2735 1682 2858 1737 quae
2888 1681 2916 1720 a
2949 1665 3149 1719 nostris
3192 1664 3396 1719 sanctis
3417 1660 3592 1716 Patri-

2015 1766 2120 1820 bus
2179 1765 2394 1820 decreta
2443 1771 2570 1816 sunt
2625 1775 2724 1814 nos
2751 1773 2968 1829 quoque
2999 1767 3114 1826 rata
3168 1771 3233 1811 ac
3277 1755 3432 1809 ﬁrma
3466 1767 3589 1809 esse

336 1866 431 1918 καὶ
467 1865 559 1917 τὸν
591 1863 788 1916 κανόνα
814 1861 906 1914 τδν
930 1861 1316 1931 διαγορεύοντα
1341 1901 1356 1924 ,
1384 1859 1505 1913 καθ’
1530 1859 1758 1911 ἕκαστον
1796 1858 1914 1920 ἔτος

2030 1858 2287 1915 volentes,
2339 1868 2603 1908 cauonem
2645 1862 2864 1919 quoque
2896 1861 3242 1910 renovamus,
3299 1845 3391 1914 qui
3439 1843 3593 1913 jubet

338 1955 592 2038 συνόδους
638 1953 749 2006 τῶν
782 1954 842 2006 ἐν
898 1953 1102 2023 ἐκάστῃ
1141 1951 1380 2022 ἐπαρχίᾳ
1405 1951 1649 2019 γίνεσθαι
1695 1949 1919 2001 ἐπισκό-

339 2064 479 2113 πων,
511 2047 641 2100 ἕνθα
665 2046 731 2100 ἂν
763 2047 792 2099 δ
837 2049 940 2115 τῆς
973 2045 1358 2117 μητροπόλεως
1389 2043 1664 2115 δοκιμάσῃ
1691 2043 1919 2096 ἐπίσκοο

336 2155 460 2203 πος,
491 2137 682 2206 ἐπειδὴ
707 2137 763 2190 δέ
798 2137 887 2190 διά
910 2153 970 2190 τε
1015 2137 1114 2200 τὰς
1146 2135 1448 2206 Βαρϐάρων
1480 2132 1799 2203 ἐπιδρομάς,
1830 2132 1920 2186 διά

335 2246 398 2284 τι
418 2230 517 2292 τὰς
537 2227 984 2298 προσπιπτούσας
1009 2227 1201 2298 ἐτέρας
1224 2226 1425 2288 αἰτίας,
1443 2224 1721 2287 ἀδυνάτως
1743 2225 1792 2276 οἱ
1808 2224 1918 2276 τῶν

349 2317 696 2390 Ἐκκλησιῶν
718 2318 970 2390 πρόεδροι
994 2317 1195 2389 έχουσι,
1216 2317 1298 2380 δὶς
1312 2315 1407 2371 τοῦ
1426 2314 1671 2371 ἐνιαυτοῦ
1679 2315 1779 2378 τὰς
1791 2330 1922 2368 συν-

337 2412 494 2476 όδους
519 2410 808 2476 ποιεῖσθαι,
831 2411 1008 2474 ἔδοξεν
1039 2408 1180 2464 ὥστε
1211 2408 1399 2480 τρόπῳ
1430 2409 1596 2461 παντὶ
1621 2405 1768 2472 ἅπαξ
1824 2403 1918 2458 τοῦ

338 2501 516 2566 ἐτους,
537 2500 636 2573 τὴν
662 2499 772 2554 τῶν
816 2497 1327 2570 προγεγραμμένων
1348 2495 1691 2561 ἐπισκόπων,
1711 2493 1800 2548 διὰ
1827 2491 1919 2558 τὰ,

339 2593 420 2657 ὥς
468 2593 636 2658 εἰκὸς,
673 2591 1024 2660 ἀναφυόμενα
1056 2587 1483 2658 ἐκκλησιαστικά
1525 2585 1831 2654 κεφάλαια,
1864 2583 1923 2636 ἐν

341 2685 554 2758 ἑκάστῃ
573 2683 810 2754 ἐπαρχίᾳ
839 2681 1084 2751 γίνεσθαι
1108 2679 1345 2746 σύνοδον,
1377 2679 1486 2733 ἀπὸ
1517 2677 1617 2749 τῆς
1645 2676 1807 2744 ἁγίας
1826 2671 1922 2728 τοῦ

341 2777 536 2846 Πάσχα
552 2773 878 2845 ἐορτῆς,καὶ
910 2773 1073 2846 μέχρι
1121 2768 1569 2842 συμπληρώσεως
1601 2766 1696 2820 τοῦ
1745 2768 1922 2820 ὀκτω-

343 2867 500 2941 ϐρίου
534 2867 699 2939 μηνὸς
731 2866 960 2920 ἑκάστου
994 2868 1167 2930 ἐτους,
1194 2863 1339 2917 κατά
1359 2863 1458 2916 τὸν
1480 2861 1645 2915 τόπον
1683 2859 1744 2912 ὃν
1769 2858 1798 2910 δ
1821 2860 1923 2928 τῆς

346 2961 756 3032 μητροπόλεως,
782 2958 923 3012 καθὰ
939 2957 1284 3028 προείρηται,
1305 2951 1919 3025 δοκιμάσειέπίσκοπος·

343 3051 473 3112 τοὺς
500 3050 554 3102 δέ
589 3050 663 3119 μὴ
698 3049 975 3110 συνιόντας
1009 3046 1364 3111 ἐπισκόπους,
1396 3040 1759 3112 ἐνδημοῦντας
1806 3039 1924 3100 ταῖς

346 3141 557 3194 ἑαυτῶν
588 3141 801 3205 πόλεσι,
827 3141 922 3194 καὶ
953 3138 1126 3192 ταῦτα
1171 3139 1229 3190 ἐν
1260 3136 1420 3205 ὑγεία
1467 3135 1778 3201 διάγοντας,

348 3236 532 3304 πάσης
569 3233 944 3302 ἀπαραιτήτου
977 3230 1070 3282 καὶ
1122 3228 1426 3296 ἀναγκαίας
1478 3223 1734 3295 ἀσχολίας
1767 3222 1928 3286 ὄντας

349 3326 689 3396 ἐλευθέρους,
709 3323 1011 3392 ἀδελφικῶς
1049 3318 1501 3390 ἐπιπλήττεσθαι.

491 3416 761 3475 Συνόδου
808 3416 1050 3476 Νικαίας
1072 3415 1138 3467 τὸ
1160 3412 1440 3479 δεύτερον
1487 3408 1688 3462 κανὼν
1712 3414 1788 3471 ς’.

421 3509 564 3575 Περὶ
575 3507 681 3561 τοῦ
702 3507 970 3576 γίνεσθαι
983 3503 1239 3570 τοπικὴν
1247 3500 1515 3556 σύνοδον
1526 3497 1675 3551 κατὰ
1686 3497 1928 3566 χρόνον.

429 3601 507 3666 ς’.
531 3600 858 3669 Ἐπειδήπερ
896 3597 1072 3650 κανών
1095 3597 1240 3649 ἐστιν
1270 3597 1298 3648 ὁ
1327 3593 1522 3660 λέγων,
1556 3590 1637 3653 δ’ίς
1659 3588 1752 3642 τοῦ
1780 3588 1958 3654 ἔτους.

352 3691 477 3748 καθ’
500 3691 737 3761 ἑκάστην
752 3687 1020 3758 ἐπαρχίαν
1035 3687 1140 3758 χρὴ
1156 3683 1401 3753 γίνεσθαι
1422 3684 1511 3736 διὰ
1536 3679 1934 3751 συναθροίσεως

356 3783 676 3838 ἐπισκόπων
703 3781 804 3844 τὰς
835 3780 1124 3841 κανονικάς
1146 3776 1424 3848 ζητήσεις,
1453 3773 1544 3826 διά
1559 3766 1653 3825 οῦν
1685 3772 1784 3840 τὴν
1809 3787 1935 3823 συν-

357 3872 552 3944 τριὸὴν
578 3870 766 3924 καὶτὸ
812 3869 1003 3932 ἐνδεῶς
1051 3868 1196 3938 ἐχειν
1244 3867 1382 3936 πρὸς
1435 3863 1744 3933 ὁδοιπορίαν
1805 3861 1934 3924 τοὺς

360 3961 904 4034 συναθροιζομένους,
921 3960 1126 4031 ὥρισαν
1153 3961 1202 4012 oi
1235 3959 1334 4028 τῆς
1363 3964 1417 4021 ς’
1452 3955 1670 4010 συνόδου
1691 3953 1938 4025 Πατέρες

359 4056 420 4122 ἐξ
459 4057 698 4118 ἅπαντος
729 4054 928 4126 τρόπου
963 4054 1057 4108 καὶ
1081 4052 1428 4122 προφάσεως,
1448 4049 1593 4114 ἅπαξ
1619 4047 1714 4101 τοῦ
1751 4051 1932 4101 ἐνιαυ-

359 4148 455 4201 τοῦ
487 4145 753 4215 γίνεσθαι,
790 4147 884 4198 καὶ
916 4145 984 4197 τὰ
1010 4143 1322 4212 ἐσφαλμένα
1349 4139 1712 4210 διορθοῦσθαι·
1746 4138 1936 4191 τοῦτον

361 4237 456 4294 οὖν
493 4239 584 4291 τὸν
627 4238 829 4291 κανόνα
868 4238 963 4290 καὶ
1003 4237 1163 4307 ἡμεῖς
1215 4233 1548 4303 ἀνανεοῦμεν
1581 4248 1598 4264 ο
1630 4234 1726 4285 καὶ
1766 4231 1821 4284 εἴ
1854 4247 1938 4291 τις

362 4332 560 4402 εὑρεθῇ
587 4331 768 4399 ἄρχων
794 4328 952 4382 τοῦτο
985 4328 1232 4390 κωλύων,
1272 4325 1618 4396 ἁφοριζέσθω
1646 4338 1661 4353 ’
1689 4325 1737 4376 εἰ
1759 4321 1816 4376 δέ
1853 4339 1939 4385 τις

363 4425 430 4476 ἐκ
451 4423 560 4475 τῶν
587 4420 994 4490 μητροπολιτῶν
1034 4419 1296 4488 ἀμελήσοι
1349 4417 1507 4470 τοῦτο
1542 4415 1812 4482 γίνεσθαι,
1847 4415 1937 4466 ἐκ·

2019 1945 2456 2014 uniuscujusque
2525 1940 2820 2010 prtwinciae
2866 1937 3248 2006 episcoporum
3299 1931 3594 2001 quotannis

2018 2038 2136 2092 ﬁcri
2165 2035 2430 2107 synodos,
2480 2032 2570 2086 ubi
2605 2028 3066 2107 metropolitanus
3095 2023 3386 2093 episcopus
3418 2021 3595 2075 satius

2017 2140 2140 2181 esse
2167 2103 2405 2178 duxerit.
2450 2119 2722 2186 Quoniam
2767 2103 2947 2170 autem
2974 2122 3194 2184 propter
3227 2109 3590 2165 Barbarortun

2020 2216 2386 2277 incursiones.
2430 2223 2486 2268 et
2517 2210 2783 2281 quasdam
2835 2208 2998 2262 aliam
3049 2204 3350 2259 tncidentes
3376 2214 3593 2261 causas.

2021 2327 2129 2365 non
2161 2315 2390 2378 possunt
2445 2304 2538 2373 qui
2595 2300 2850 2357 Ecclesiis
2880 2298 3176 2369 praesident
3225 2294 3462 2366 synodos
3512 2292 3600 2346 bis

2024 2397 2078 2452 in
2110 2407 2255 2449 anno
2290 2392 2489 2454 lacere,
2512 2390 2688 2444 visum
2712 2398 2796 2443 est
2824 2395 2883 2440 ut
2913 2385 3140 2439 omnino
3168 2380 3339 2437 semel
3366 2379 3420 2434 in
3451 2393 3600 2434 anno

2023 2495 2244 2559 propter
2293 2481 2698 2538 ecclesiasticas
2777 2476 3131 2546 quaaStiones,
3191 2482 3255 2527 ut
3307 2479 3599 2525 consenta-

2023 2591 2182 2633 neum
2221 2583 2323 2636 est.
2357 2579 2720 2641 emergentes,
2771 2568 2864 2621 liat
2904 2564 3287 2635 praedictorum
3316 2560 3600 2630 episcopo-

2021 2682 2144 2724 rum
2191 2663 2437 2737 synodus
2467 2678 2497 2716 a
2551 2666 2743 2716 sancto
2787 2656 3015 2711 Pascha:
3049 2653 3210 2716 festo,
3249 2661 3304 2706 et
3332 2665 3508 2719 usque
3529 2649 3598 2702 ad

2023 2756 2266 2814 octobris
2336 2751 2546 2806 mensis
2597 2748 3084 2817 complementum,
3139 2739 3372 2811 singulis
3415 2739 3600 2798 annis.

2023 2851 2078 2907 in
2127 2850 2250 2902 loco
2295 2860 2483 2915 quem,
2523 2852 2582 2896 ut
2631 2841 2946 2910 praedictum
2987 2845 3090 2895 est,
3148 2831 3600 2902 metropolitantts

2024 2941 2315 3011 episcopus
2349 2935 2616 3004 aptiorem
2661 2928 3008 2999 judicaVerit.
3051 2924 3091 2978 li
3134 2932 3314 2977 autem
3346 2919 3439 2989 qui
3489 2933 3596 2970 nou

2026 3031 2352 3088 conveniunt
2381 3023 2648 3094 episcopi,
2672 3036 2796 3075 cum
2843 3018 3002 3087 211
3044 3016 3097 3069 in
3139 3014 3254 3069 suis
3282 3011 3600 3066 civitatibus

1829 3128 1924 3182 καὶ
1957 3157 2000 3216 c
2033 3133 2214 3194 agant,
2239 3131 2292 3176 et
2318 3118 2436 3174 sani
2460 3117 2588 3179 sint,
2617 3123 2674 3167 ct
2703 3113 2770 3166 ab
2801 3110 2952 3164 omni
2999 3105 3300 3162 inevitabili
3325 3111 3380 3157 ct
3410 3116 3600 3156 neces-

2033 3216 2180 3272 sario
2210 3210 2426 3284 negotio
2449 3206 2631 3271 liberi,
2661 3204 2896 3257 fraterne
2930 3198 3319 3268 corripiantur.

2389 3410 2616 3469 Concilii
2646 3405 2855 3461 Nicazni
2900 3417 2937 3457 tt
2972 3417 3139 3454 canon
3166 3397 3220 3452 6.

2141 3509 2214 3564 De
2240 3508 2440 3578 synodo
2463 3501 2776 3574 provinciali
2799 3497 3064 3552 interdum
3096 3488 3492 3544 constituendo.

2103 3603 2158 3658 6.
2187 3576 2454 3669 Quoniam
2515 3611 2691 3652 canon
2743 3599 2828 3646 est
2860 3588 2950 3658 qui
2981 3587 3114 3640 dicit
3157 3583 3243 3637 bis
3274 3581 3328 3634 iu
3361 3593 3506 3633 anno
3549 3576 3604 3630 in

2034 3712 2360 3768 unaquaque
2396 3690 2674 3763 provincia
2720 3701 2816 3756 per
2845 3678 3296 3751 congregationcs
3328 3675 3609 3742 episcopo-

2034 3808 2158 3848 rutu
2198 3789 2313 3845 fieri
2357 3795 2610 3856 oportere
2638 3777 2969 3849 quaestiones
3015 3769 3345 3831 canonicas;
3392 3773 3609 3834 propter

2033 3854 2408 3943 vexationem,
2473 3885 2526 3930 et
2576 3872 2720 3942 quod
2786 3864 2969 3921 itineri
3029 3858 3370 3932 perliciuudo
3428 3854 3610 3909 minus

2036 3973 2340 4030 sufﬁcerent
2378 3967 2467 4037 qui
2498 3963 2852 4031 cogebantur,
2889 3959 3196 4010 statuerunt
3222 3957 3422 4004 sanctae
3445 3953 3613 4000 sexta

2038 4061 2231 4133 synodi
2272 4060 2462 4114 Patres
2506 4055 2553 4085 ⁸⁵
2576 4093 2589 4113 ,
2620 4067 2684 4104 ea
2719 4046 2940 4101 omnino
2968 4051 3022 4096 et
3045 4047 3367 4110 quacunque
3395 4044 3611 4103 postpo-

2038 4121 2140 4211 sita
2175 4165 2365 4212 causa,
2403 4143 2572 4202 semel
2608 4143 2659 4195 in
2690 4153 2835 4193 anno
2876 4135 3015 4196 ﬁeri,
3047 4145 3100 4184 et
3147 4129 3338 4183 delicta
3389 4121 3610 4190 corrigi.

2038 4244 2197 4299 Hunc
2238 4255 2367 4310 ergo
2414 4249 2681 4292 canonem
2733 4230 2779 4261 ⁸⁸
2844 4241 2944 4281 nos
2976 4235 3195 4292 quoque
3237 4227 3611 4270 renovamus:

2040 4350 2094 4392 et
2122 4336 2169 4390 si
2200 4335 2324 4404 quis
2356 4330 2705 4399 magistratus
2728 4323 2834 4376 hoc
2874 4317 3166 4388 prohibere
3198 4313 3454 4364 ith‘llllls
3487 4304 3610 4358 lue-

2042 4429 2133 4490 rit,
2202 4397 2538 4494 segregctitr.
2579 4417 2634 4468 Si
2659 4413 2785 4484 quis
2814 4409 2992 4463 autem
3024 4399 3476 4467 mett'opolitantts
3512 4397 3614 4447 hoc

362 4512 456 4576 τὸς
487 4514 730 4582 ἀνάγκης
761 4511 855 4564 καὶ
895 4510 1038 4580 βίας,
1066 4510 1160 4562 καί
1183 4526 1325 4570 τινος
1345 4507 1566 4574 εὐλόγου
1592 4507 1927 4576 προφάσεως,

2047 4517 2160 4571 liet'i
2196 4531 2302 4568 non
2335 4507 2631 4567 curaverit,
2683 4511 3047 4573 praeterquam
3077 4493 3129 4546 vi
3157 4490 3240 4544 vel
3289 4488 3617 4541 necess'tate

364 4605 477 4665 τοῖς
513 4605 815 4665 κανονικοῖς
865 4600 1158 4670 ἐπιτιμίοις
1207 4598 1514 4652 ὑποκείσθω
1548 4614 1562 4628 ·
1591 4600 1688 4666 τῆς
1722 4596 1780 4648 δὲ
1817 4613 1942 4648 συν-

363 4695 486 4750 όδου
509 4694 798 4764 γινομένης
813 4694 939 4764 περὶ
960 4691 1259 4745 κανονικῶν
1278 4691 1369 4744 καὶ
1393 4687 1762 4757 εύαγγελικῶν
1798 4705 1940 4757 πρα-

378 4790 630 4858 γμὰτων,
661 4789 741 4840 δεῖ
765 4790 876 4848 τοῖς
901 4785 1363 4856 συναθροισθείσιν
1394 4784 1733 4845 ἐπισκόποις,
1770 4785 1827 4835 ἐν
1843 4799 1940 4852 με·-

365 4881 497 4949 λέτῃ
532 4879 627 4931 καὶ
655 4878 900 4948 φροντίδι
929 4877 1174 4944 γίνεσθαι
1208 4875 1300 4927 τοῦ
1335 4874 1620 4941 φυλάττειν
1665 4874 1765 4936 τὰς
1792 4873 1944 4936 θείας

369 4973 466 5026 καὶ
496 4972 792 5036 ζωοποιοὺς
824 4969 1044 5030 ἐντολὰς
1072 4967 1165 5021 τοῦ
1189 4966 1323 5019 Θεοῦ
1348 4983 1362 4997 ·
1395 4968 1454 5019 ἐν
1492 4966 1600 5036 γὰρ
1631 4966 1708 5035 τῷ
1736 4965 1943 5034 φυλάσ-

373 5064 562 5118 σεσθαι
587 5063 776 5126 αὐτὰς,
800 5061 1156 5123 άνταπόδοσις
1181 5059 1347 5128 πολλή
1385 5075 1400 5089 ⁸
1422 5059 1504 5111 ὅτι
1530 5059 1621 5110 καὶ
1645 5058 1834 5128 λύχνος
1861 5059 1950 5111 ἐν·

370 5157 520 5226 τολὴ,
542 5169 704 5224 νομος
732 5156 790 5207 δὲ
822 5155 958 5222 φῶς,
985 5151 1080 5205 καὶ
1105 5151 1221 5213 ὁδὸς
1257 5151 1400 5220 ζωῆς
1434 5150 1651 5220 ἐλεγχος
1694 5152 1793 5202 καὶ
1827 5168 1954 5201 παι-

373 5246 495 5299 δεία
527 5261 540 5274 ⁸
590 5245 684 5298 καὶ
727 5247 773 5314 ἡ
820 5243 1006 5309 ἐντολὴ
1053 5240 1259 5309 Κυρίου
1282 5240 1593 5308 τηλαυγὴς,
1641 5241 1950 5307 φωτίζουσα

375 5335 715 5407 ὀφθαλμούς·
751 5334 826 5404 μὴ
863 5333 1005 5404 ἔχειν
1030 5333 1086 5386 δὲ
1115 5331 1302 5385 ἄδειαν
1340 5330 1431 5384 τὸν
1466 5329 1866 5401 μητροπολίτην
1893 5331 1951 5396 ἐξ

448 5492 495 5524 ⁸³
525 5490 692 5545 Conc.
726 5485 946 5540 Milevil.
975 5501 1097 5540 catt.
1149 5482 1216 5551 9;
1268 5481 1439 5538 Afric.
1468 5499 1516 5537 c.
1543 5483 1632 5538 69..

373 5562 419 5595 ⁸³
467 5561 639 5616 Conc.
707 5557 910 5614 Nicen.
967 5571 1016 5610 c.
1065 5557 1120 5611 5.
1223 5554 1270 5585 ⁸⁸
1301 5553 1550 5608 Cau.8l.

1743 5483 1791 5518 ⁸⁸
1815 5487 2019 5542 Νῑρττη.
2072 5486 2104 5541 9
2131 5505 2146 5552 ;

1629 5555 1674 5586 ³⁷
1711 5553 1858 5610 Psal.
1903 5573 2068 5624 xvnt,
2100 5547 2185 5611 ii.
2262 5555 2309 5586 ⁸⁸
2349 5554 2510 5607 Prov.
2542 5565 2620 5615 Vh
2653 5547 2743 5602 9-5-

2047 4607 2270 4674 ctjttsta
2318 4602 2498 4669 aliqua
2539 4598 2604 4650 de
2647 4608 2834 4654 causa,
2885 4585 3166 4642 canonicis
3221 4575 3397 4648 poenis
3454 4573 3621 4636 subji-

2047 4699 2247 4753 ciatur.
2307 4693 2443 4748 Cum
2504 4695 2685 4741 autem
2744 4683 2811 4736 de
2855 4675 3135 4734 canonicis
3187 4680 3242 4726 et
3291 4663 3622 4734 evangelii-is

2048 4793 2214 4844 rebus
2255 4786 2346 4839 liat
2377 4779 2641 4852 synodus,
2682 4789 2817 4843 Opus
2845 4779 2929 4824 est
2952 4776 3008 4820 ut
3031 4760 3343 4834 congregati
3377 4756 3621 4826 episcopi

2052 4891 2301 4947 magnam
2334 4850 2521 4928 curant
2557 4880 2609 4921 et
2637 4862 2966 4933 diligentiam
3013 4864 3223 4928 gerant,
3274 4862 3331 4906 ut
3364 4850 3544 4901 divina
3576 4857 3627 4898 ιιι

2050 4969 2265 5024 vivilica
2294 4963 2548 5018 mandata
2598 4965 2908 5012 serventur.
2943 4951 3001 5003 In
3037 4949 3118 5002 cis
3146 4947 3288 4999 enim
3343 4940 3627 4996 servantis

2050 5070 2133 5117 est
2186 5056 2474 5113 retributio
2530 5052 2705 5105 multa
2781 5047 2880 5097 '7:
2939 5041 3197 5111 quoniam
3264 5037 3484 5088 lucerna
3548 5038 3629 5082 νει

2051 5151 2370 5208 mandatum
2405 5146 2491 5210 ⁸⁸,
2535 5146 2619 5198 lex
2667 5155 2798 5195 vero
2846 5138 2957 5198 lux,
3007 5144 3061 5186 et
3100 5131 3182 5183 via
3228 5129 3346 5180 vita:
3384 5122 3630 5194 probatio

2050 5253 2104 5301 ct
2134 5243 2449 5310 disciplina,
2485 5247 2540 5292 et
2589 5241 2912 5304 praeceptum
2963 5223 3178 5279 Domini
3214 5218 3450 5274 lucidum
3511 5215 3630 5266 liizt-

2056 5336 2274 5390 minans
2303 5331 2516 5388 oculos.
2547 5327 2625 5381 Ne
2663 5325 2826 5378 liceat
2871 5327 3051 5373 autem
3109 5311 3528 5381 metropolitano
3559 5321 3624 5356 ex

2255 5479 2514 5537 Chalced.
2573 5477 2638 5532 l9
2671 5475 2846 5540 ;Can.
2879 5471 3069 5541 Apost.
3094 5467 3202 5532 57;
3233 5461 3486 5518 Antioch.
3539 5456 3610 5510 9.0

456 5692 1369 5774 (64),εςίιὶίξρι,απιιηεξξὶηςηεθηι
1403 5688 1712 5774 Ferraudtts
1771 5689 1826 5746 in
1856 5689 2096 5746 Brcviar.
2170 5681 2564 5750 ranonum,tit.
2623 5679 2742 5746 ιιι,
2811 5689 3089 5748 perperam
3175 5671 3322 5725 hunc
3374 5680 3474 5719 can
3513 5675 3633 5714 uctn

382 5759 620 5829 concilio
645 5767 988 5824 Antiocbcno
1017 5759 1226 5827 tribuit,
1253 5775 1350 5829 pro
1391 5759 1670 5815 Alricano.
