4122 6440
521 357 632 425 679

1680 352 1941 413 ΡΗΟΤΙΙ
1973 354 2474 415 ΡΑΤΒΙΑΒΟΗᾸΞ
2509 354 2619 419 CP.

3668 363 3780 426 6&0

521 470 594 525 iis
631 481 755 545 qua:
783 481 969 522 secum
999 464 1157 521 ail‘ert
1185 466 1495 535 episcopus,
1520 464 1601 521 vel
1645 466 1985 534 jumentum,
2017 469 2100 522 vel

2209 462 2286 522 ὧν
2335 470 2651 539 ἐπιφέρεται
2680 470 2709 523 ὁ
2744 470 3042 533 ἐπίσκοπος
3094 469 3421 541 μετάύτοῦ,
3465 473 3498 544 ἢ
3557 474 3783 544 κτῆνος.

511 560 758 627 aliquam
790 574 905 613 rem
935 559 1096 612 aliam
1125 568 1327 626 petere.
1355 558 1410 610 Si
1441 558 1585 611 enim
1633 558 1737 612 hoc
1765 557 1961 613 fecisse
1990 557 2102 613 de-

518 651 831 719 prehensus
872 649 1055 714 fuerit,
1088 649 1277 703 reddet
1308 648 1694 719 quadruplum.

593 760 809 815 Textns.
836 758 1025 815 Const.
1056 758 1093 812 2
1129 768 1183 814 et
1213 760 1301 825 17,
1336 760 1418 813 tit.
1452 759 1478 814 ί
1512 758 1862 815 Novellarum
1890 761 2099 827 volunt,

521 858 583 905 ut
618 851 784 906 semel
833 861 927 905 aut
958 851 1041 905 bis
1084 849 1379 919 quotannis
1428 849 1507 921 [in
1555 851 1765 922 mense]
1815 852 1977 907 Junio
2005 862 2101 907 aut

528 941 858 1013 Septembri,
917 942 1457 1011 metropolitanorum
1532 946 1672 1011 apud
1735 946 2098 1013 patriarchas,

526 1043 581 1088 et
632 1036 1011 1104 episcoporum
1067 1035 1208 1103 apud
1258 1036 1712 1104 metropolitanos
1759 1038 2102 1093 celebrentur

522 1125 739 1196 synodi,
770 1126 930 1193 212
953 1127 1007 1178 in
1032 1126 1232 1194 quibus
1261 1141 1463 1189 causae,
1482 1141 1621 1195 quas
1638 1128 2098 1198 episcopi,clerici

520 1225 575 1269 et
615 1216 869 1268 monachi
925 1214 1189 1270 adversus
1228 1230 1288 1269 se
1328 1215 1563 1269 invicem
1623 1218 1845 1284 habent,
1901 1222 2102 1274 exami-

523 1314 765 1361 nentur:
823 1314 877 1359 et
931 1306 999 1360 de
1045 1305 1172 1372 ﬁde,
1233 1308 1565 1371 canonibus,
1618 1323 1684 1363 ac
1711 1309 2100 1367 ecclesiasticis

523 1397 756 1466 aliisque
781 1397 944 1453 rebus
979 1396 1287 1469 [tractetur]
1326 1417 1340 1453 :
1384 1399 1624 1471 denique
1662 1416 1783 1471 qua:
1812 1402 2097 1457 adversum

522 1502 765 1543 canones
820 1491 1117 1545 commissa
1171 1501 1321 1553 sunt,
1385 1492 1751 1563 corrigantur.
1809 1493 1963 1565 [Item
2015 1493 2096 1566 ut]

521 1576 784 1643 praesules
823 1590 1125 1645 eorumque
1166 1578 1441 1644 cohortes,
1490 1579 1600 1632 nisi
1650 1580 2101 1649 metr0poiitanus

521 1676 575 1720 et
603 1669 889 1735 episcopos
926 1670 1164 1738 synodos
1191 1670 1467 1725 celebrare
1509 1672 1976 1738 procrastinantes
2009 1689 2096 1727 ur-

524 1767 705 1826 geant,
752 1767 845 1813 aut
897 1760 1212 1828 imperatori
1260 1760 1402 1832 [eam
1446 1761 1586 1833 rem]
1635 1762 1961 1835 signiﬁcent.
2014 1780 2101 1820 su-

522 1852 711 1916 premo
738 1850 1045 1904 aﬂiciantur
1069 1851 1360 1919 supplicio.

596 1940 745 1994 CAP.
795 1940 885 1996 IX.
934 1971 1006 1982 —
1047 1943 1126 1996 Ne
1178 1955 1373 1997 temere
1420 1946 1693 2016 episcopus
1744 1958 1838 2002 aut
1882 1950 2101 2003 clericus

524 2029 669 2097 ﬁlios
708 2046 832 2084 suos
865 2034 1216 2100 emancipent.

803 2120 1029 2175 Concilii
1059 2122 1491 2193 Carthaginensis
1526 2143 1695 2181 canon
1726 2129 1815 2183 35'.

614 2211 683 2267 Ut
742 2216 997 2283 episcopi,
1062 2215 1140 2269 vel
1190 2216 1372 2271 clerici
1431 2234 1533 2272 non
1593 2221 1750 2288 facile
1793 2222 1932 2289 ﬁlios
1980 2238 2104 2275 suos

524 2318 873 2369 emancipent.

595 2392 686 2447 35.
726 2390 795 2447 Ut
842 2394 1081 2463 episcopi
1109 2394 1155 2428 "
1193 2395 1308 2466 (65)
1348 2398 1431 2451 vel
1483 2399 1664 2454 clerici
1694 2400 1834 2457 ﬁlios
1883 2416 2014 2457 suos
2073 2417 2103 2457 a

525 2497 625 2536 sua
674 2492 942 2551 potestate
991 2498 1087 2552 per
1129 2487 1617 2555 emancipationem
1673 2490 1825 2544 exire
1874 2506 1982 2545 non
2028 2494 2105 2546 si—

526 2582 680 2635 nant,
718 2571 822 2624 nisi
872 2573 939 2625 de
980 2573 1226 2626 moribus
1266 2588 1456 2627 eorum
1501 2574 1704 2631 [ιιρτίιιι
1742 2588 1796 2633 et
1839 2582 1905 2633 de
1951 2590 2108 2634 aetate

524 2663 738 2725 securi,
782 2671 842 2717 ut
884 2664 1095 2732 possint
1140 2663 1209 2717 ad
1256 2677 1354 2720 eos
1398 2663 1512 2736 jam
1566 2671 1786 2739 propria
1836 2672 2109 2740 pertinere

625 2762 767 2807 cata.

625 2767 767 2807 cata.

524 2767 750 2897 peflAP.
796 2842 864 2897 Χ.
894 2873 967 2884 --
992 2845 1266 2911 Quomodo
1309 2848 1539 2918 episcopi
1585 2858 1821 2919 repetant
1852 2851 1955 2906 sibi
1993 2853 2108 2908 loca

524 2931 591 2984 ab
618 2931 876 2986 haereticis
906 2942 1179 3001 occupata.

790 3108 1017 3161 Concilii
1052 3110 1481 3176 Carthaginensis
1516 3128 1685 3165 canon
1718 3112 1840 3165 121.

594 3200 676 3257 De
702 3202 782 3255 his
813 3202 901 3270 qui
924 3201 1094 3270 plebes
1124 3202 1192 3254 ad
1225 3219 1277 3255 se
1309 3206 1626 3271 pertinentes
1654 3206 1944 3275 uegiiguut.
2016 3254 2021 3267 ι

601 3403 725 3458 121.
748 3403 880 3458 Item
916 3402 1221 3474 placuit",
1253 3412 1315 3459 ut
1342 3404 1652 3475 quicunque
1689 3406 1968 3475 negligunt
1993 3405 2109 3460 loca

526 3498 596 3554 ad
648 3512 805 3552 suam
860 3496 1178 3552 cathedram
1241 3498 1587 3565 pertinentia,
1672 3498 1727 3551 in
1783 3498 2107 3552 catholicam

528 3589 792 3645 unitatem
834 3588 1058 3651 lucrari,
1099 3588 1500 3644 conveniantur
1531 3603 1561 3641 a
1589 3588 1943 3657 diligentibus
1973 3590 2109 3643 vici-

535 3679 622 3734 nis
662 3678 954 3747 episcopis,
1004 3687 1064 3731 ut
1104 3677 1155 3732 id
1202 3692 1360 3746 agere
1394 3692 1503 3731 non
1544 3689 1846 3734 morentttr.
1878 3678 2031 3745 Quod
2062 3678 2109 3733 si

530 3770 672 3824 intra
725 3785 819 3824 sex
873 3784 1091 3823 menses
1136 3770 1299 3840 213
1354 3785 1383 3823 a
1435 3771 1523 3824 die
1570 3772 1949 3825 conventionis
1998 3784 2109 3824 non

526 3861 831 3925 eﬂecerint,
878 3862 971 3931 qui
1006 3864 1242 3931 potuerit
1270 3877 1334 3917 ea
1370 3862 1593 3927 lucrari,
1630 3862 1697 3915 ad
1727 3866 1904 3931 ipsum
1938 3861 2109 3932 perti-

531 3962 718 4007 neant.
776 3953 855 4007 Ita
910 3968 1062 4017 sane,
1113 3961 1172 4006 ut
1225 3953 1270 4007 si
1322 3954 1415 4007 ille
1458 3953 1524 4007 ad
1570 3968 1733 4022 quem
1783 3952 2111 4022 pertinuisse

530 4046 888 4110 videbantur,
924 4045 1155 4115 probare
1196 4044 1434 4114 potuerit
1474 4045 1648 4114 magis
1689 4043 1835 4098 illius
1878 4044 2107 4098 electam

529 4137 913 4206 negligentiam
949 4137 1019 4190 ab
1052 4136 1344 4200 luerettcis,
1392 4144 1449 4189 ut
1490 4135 1711 4203 impune
1759 4133 1833 4187 ihi
1881 4133 2012 4196 sint,
2058 4140 2113 4185 et

531 4247 687 4286 suam
740 4228 1080 4298 diligentiam
1132 4226 1301 4281 fuisse
1348 4234 1701 4294 prmentam,
1745 4234 1806 4278 ut
1834 4238 1901 4278 eo
1949 4222 2113 4277 modo

528 4323 647 4389 ejus
685 4336 815 4376 cura
864 4322 1152 4376 sollicitior
1205 4322 1470 4372 vitarctur
1511 4336 1525 4371 :
1574 4333 1696 4371 cum
1747 4316 1853 4370 hoc
1899 4316 2112 4385 judices

528 4415 769 4486 episcopi
796 4414 1174 4484 cognoverint,
1204 4427 1318 4466 suae
1347 4410 1615 4464 cathedrae
1641 4410 1759 4463 loca
1796 4411 2109 4463 restituant.

2201 561 2442 631 ῆὲτερον
2475 558 2614 625 εἶδος
2632 564 2904 617 ἀπαιτεῖν·
2942 565 2991 616 εί
3024 564 3079 615 δὲ
3101 565 3258 617 τοῦτο
3290 565 3603 634 πεποιηκὼς
3633 568 3781 635 ἔλεγ-

2201 652 2325 723 χθῇ,
2350 653 2597 706 ἀποτίσει
2620 654 3038 724 τετραπλάσιον.

2281 744 2346 795 Ἢ
2392 743 2437 807 ζ’
2484 746 2576 797 καί¹
2603 747 2635 814 ἡ
2667 743 2729 807 ιζ’
2774 745 3015 809 διάταξις
3037 743 3131 798 τοῦ
3183 751 3230 797 α’
3260 745 3364 799 τίτ.
3409 747 3516 799 τῶν
3540 747 3769 817 Neapth

2203 834 2483 905 βούλονται
2526 834 2674 900 άπαξ
2724 836 2871 905 ἢδὶς
2903 837 2996 890 τοῦ
3044 836 3216 900 ἔτους,
3258 835 3337 907 τῷ
3388 837 3591 907 Ἰουνίῳ
3638 838 3780 908 ῆτῷ

2202 925 2588 997 Σεπτεμϐρίῳ,
2646 926 2891 995 γίνεσθαι
2931 928 3179 991 συνόδους
3212 927 3320 980 τῶν
3370 929 3779 999 μητροπολιτῶν

2202 1017 2353 1089 παρὰ
2374 1020 2484 1079 τοῖς
2517 1018 2906 1088 πατριάρχαις,
2952 1019 3048 1072 καὶ
3100 1019 3210 1072 τῶν
3272 1019 3587 1073 ἐπισκόπων
3622 1022 3776 1089 παρὰ

2199 1109 2312 1170 τοῖς
2343 1108 2768 1177 μητροπολίταις
2800 1123 2815 1137 ·
2851 1109 2944 1160 καὶ
2986 1108 3338 1173 ἐξετάζεσθαι
3370 1108 3470 1171 τάς
3500 1109 3677 1171 αίτίας
3709 1110 3777 1172 ἃς

2201 1198 2251 1250 oi
2279 1198 2569 1251 ἐπίσκοποι
2615 1200 2710 1252 καὶ
2732 1200 2783 1275 οξ
2811 1199 3065 1270 κληρικοὶ
3109 1203 3206 1254 καὶ
3234 1202 3284 1253 οἱ
3339 1202 3585 1271 μοναχοὶ,
3641 1204 3777 1271 πρὸς

2201 1289 2465 1359 ἀλλήλους
2491 1288 2671 1359 ἔχουσι
2705 1280 2883 1361 ’περί
2922 1308 2982 1343 τε
3022 1292 3259 1354 πίστεως
3286 1294 3381 1345 καὶ
3401 1293 3642 1346 κανόνων
3682 1296 3778 1347 καὶ

2201 1381 2543 1450 πραγμάτων
2577 1381 3052 1451 ἑκκλησιαστικῶν
3080 1383 3175 1437 καὶ
3200 1384 3375 1439 ἄλλων
3408 1386 3502 1437 καὶ
3530 1386 3598 1437 τὰ
3623 1386 3777 1455 παρὰ

2199 1472 2325 1533 τοὺς
2364 1470 2594 1534 κανόνας
2635 1473 3064 1544 ἁμαρτανόμενα
3098 1473 3443 1543 διορθοῦσθαι
3476 1490 3491 1505 ·
3520 1476 3571 1528 oi
3594 1476 3650 1528 δὲ
3674 1477 3774 1545 dp-

2200 1580 2383 1632 χοντες
2435 1564 2530 1616 καὶ¹
2567 1566 2624 1616 αί
2668 1565 2853 1629 τάξεις
2906 1566 3085 1619 αὐτῶν
3126 1568 3201 1637 μὴ
3246 1567 3609 1637 ἐπιτιθέμενοι
3662 1572 3775 1629 τοῖς

2203 1654 2623 1723 μητροπολίταις
2649 1656 2743 1709 καὶ
2766 1657 3087 1719 ἐπισκόποις
3132 1657 3573 1727 ὑπερτιθεμένοις
3599 1662 3773 1714 ποιεῖ)

2198 1744 2299 1806 τὰς
2331 1745 2601 1808 συνόδους,
2632 1747 2665 1816 ἢ
2702 1747 2776 1816 μὴ
2806 1746 3101 1817 μηνύοντες
3131 1750 3196 1819 τῇ
3234 1746 3502 1819 βασιλείᾳ,
3532 1750 3774 1820 ἐσχάτως

2127 1827 2174 1886 Β
2202 1835 2591 1905 τιμωροῦνται.

2273 1931 2524 1983 ΚΕΦΔΛ.
2554 1933 2631 1986 Θ’.
2666 1964 2732 1973 -
2758 1935 2893 2002 Περὶ
2923 1936 3029 1989 τοῦ
3053 1936 3137 2003 μὴ
3167 1937 3247 2001 ὠς
3275 1937 3495 2006 ἔτυχεν
3534 1939 3778 1994 ἐπίσκο-

2205 2037 2323 2075 πον
2348 2022 2386 2090 ἢ
2414 2023 2704 2090 κληρικὸν
2729 2024 3193 2095 ἐμμαγκιπεύειν
3220 2029 3291 2082 τὰ
3326 2030 3440 2083 ἴδια
3470 2031 3667 2085 τέκνα.

2440 2116 2706 2170 Συνόδου
2744 2119 3163 2187 Καρθαγέννης
3203 2121 3404 2174 κανὼν
3445 2122 3536 2175 λε’.

2274 2208 2415 2273 Περὶ
2444 2208 2549 2261 τοῦ
2573 2208 2716 2273 τοὺς
2751 2210 3125 2276 ἐπισκόπους
3147 2213 3244 2264 καὶ
3277 2212 3421 2279 τοὺς
3455 2217 3779 2281 κληρικοὺς

2197 2299 2284 2367 μὴ
2306 2300 2565 2367 εὐχερῶς
2595 2300 2666 2353 τὰ
2687 2301 2867 2354 τέκνα
2897 2302 3095 2355 αὐτῶν
3123 2305 3319 2357 ποιεῖν
3344 2306 3775 2376 ἐμμαπηιέπατα.

2274 2388 2368 2443 λε’.
2390 2391 2552 2442 Ὥστε
2584 2393 2709 2455 τοὺς
2743 2393 3072 2457 ἐπισκόπους
3089 2396 3327 2459 καὶτοὺς
3353 2401 3665 2468 κληρικοὺς,
3688 2404 3780 2453 κιὶ

2204 2482 2271 2536 τὰ
2306 2482 2472 2535 τέκνα
2530 2484 2731 2548 αὐτῶν,
2774 2484 2848 2554 μὴ
2903 2487 2998 2553 ἐᾷν
3055 2487 3417 2551 αὐτεξουσίως
3455 2490 3669 2541 ἀπιέναι
3696 2490 3779 2543 διὰ

2205 2573 2707 2642 ὲμμαγκιπατίονος
2736 2592 2752 2607 ο
2787 2578 2835 2627 εί
2872 2577 2945 2646 μή
2980 2576 3030 2644 γ’
3056 2578 3121 2630 ἂν
3161 2579 3241 2641 είς
3264 2580 3389 2642 τοὺς
3418 2579 3649 2650 τρόπους
3688 2584 3781 2633 καὶ

2206 2668 2284 2729 είς
2319 2665 2416 2736 τὴν
2452 2667 2667 2737 ἡλικίαν
2715 2670 2893 2722 αὐτῶν
2930 2670 3438 2741 πληροφορηθῶσιν,
3468 2675 3543 2735 ὡς
3600 2676 3779 2727 λοιπδν

2205 2757 2274 2810 τά
2306 2758 2684 2829 ἁμαρτήματα
2718 2760 2897 2813 αὐτῶν
2932 2762 3011 2823 είς
3031 2762 3224 2825 αὐτοὺς
3254 2764 3569 2816 συντείνειν.

2282 2850 2534 2903 ΚΕΦΔΛ.
2590 2851 2645 2906 l'.
2702 2882 2772 2893 —
2808 2851 2938 2917 Πῶς
2981 2852 3332 2905 ἐκδικοῦσιν
3362 2856 3415 2906 οὶ
3459 2854 3778 2909 ἐπίσκοποι

2209 2941 2349 3006 τοὺς
2380 2940 2743 3009 ἁρμόζοντας
2784 2942 2989 3007 αὐτοῖς
3016 2944 3238 3008 τόπους
3282 2945 3441 3010 παρὰ
3476 2944 3781 3012 αἱρετικῶν

2210 3033 2673 3104 κατεχομένους.

2444 3126 2714 3179 Συνόὸου
2748 3127 3165 3194 Καρθαγέννης
3185 3126 3385 3181 κανὼν
3406 3134 3547 3197 ρκα’.

2133 3193 2177 3252 c
2280 3216 2421 3285 Περὶ
2449 3215 2569 3270 τῶν
2593 3193 2977 3287 ἀμελούντων
3013 3217 3130 3271 τῶν
3179 3219 3384 3285 αὐτοῖς
3407 3193 3783 3286 -ἀνηκόντων

2207 3305 2396 3363 λαῶν.

2281 3398 2423 3470 ρκα¹.
2453 3400 2685 3471 Ὁμοίως
2722 3402 2920 3472 ἤρεσεν
2948 3403 3033 3456 ἵνα
3072 3404 3468 3474 οίτινεσδήποτε
3523 3402 3781 3471 ἀμελοῦσι

2208 3492 2319 3546 τῶν
2339 3492 2518 3546 τόπων
2542 3494 2651 3545 τῶν
2677 3494 2988 3564 ἀνηκόντων
3050 3498 3115 3565 τῇ
3157 3495 3333 3547 αὐτῶν
3386 3496 3623 3567 καθέδρᾳ.
3650 3496 3783 3566 πρὸς

2208 3584 2271 3637 τὸ
2296 3585 2519 3648 τούτους
2548 3587 2805 3656 κερδᾶναι
2833 3588 2911 3649 είς
2934 3587 3032 3656 τὴν
3062 3587 3354 3657 καθολικὴν
3394 3588 3648 3659 ἑνότητα,
3694 3592 3781 3654 ἐγ-

2209 3676 2483 3747 κληθῶσιν
2538 3679 2647 3731 ἀπὸ
2712 3679 2821 3732 τῶν
2868 3678 3227 3746 γειτνιώντων
3280 3680 3465 3743 αὐτοῖς
3512 3681 3781 3749 ἐπιμελῶν

2210 3768 2549 3831 ἐπισκόπων,
2567 3769 2695 3837 περὶ
2717 3768 2811 3821 τοῦ
2836 3769 2910 3839 μὴ
2940 3768 3506 3823 ἀναϐάλλεσθαιτοῇο
3532 3769 3731 3839 πράξαι
3761 3786 3775 3799 ο

2209 3858 2290 3910 διὸ
2317 3859 2411 3911 ἐάν
2442 3858 2593 3921 ἐντὸς
2624 3861 2965 3930 προθεσμίας
2993 3862 3179 3931 μηνῶν
3207 3862 3287 3927 ἒξ,
3312 3863 3421 3916 ἀπὸ
3440 3864 3538 3933 τῆς
3573 3864 3780 3933 ἡμέρας

2194 3952 2313 4021 στῆς
2355 3953 2483 4022 περὶ
2536 3951 2724 4005 τοῦτον
2782 3954 3169 4017 συνελεύσεως,
3212 3954 3379 4024 μηδὲν
3403 3955 3661 4017 άνύσωσι,
3686 3955 3781 4025 ςτῷ

2209 4042 2494 4112 δυναμένῳ
2508 4042 2693 4096 λοιπὸν
2727 4044 2950 4107 τούτους
2983 4045 3241 4113 κερδᾶναι
3279 4045 3740 4117 προσκυρωθῶσιν
3764 4062 3779 4077 ο

2214 4131 2385 4194 οῦτως
2422 4131 2627 4201 μέντοι,
2652 4133 2739 4187 ἵνα
2792 4133 2888 4187 ἐὰν
2921 4134 3129 4199 ἐκεῖνος
3160 4134 3295 4206 πρὸς
3327 4135 3387 4188 ὃν
3424 4136 3783 4188 ἐνδείκνυνται

2213 4225 2435 4292 ἀνήκειν
2464 4226 2513 4277 oi
2560 4226 2812 4292 τοιοῦτοι,
2839 4226 3152 4295 ἐξεπίτηδες
3202 4227 3290 4281 διά
3315 4244 3435 4279 τινα
3476 4227 3792 4296 οίκονομίαν-

2214 4317 2391 4382 ἔδοξεν
2430 4318 2670 4387 ἀμελεῖν,
2694 4318 2852 4372 τοῦτο
2876 4320 2985 4372 τῶν
3012 4320 3303 4390 αἱρετικῶν
3347 4319 3746 4389 ὲπιλεξαμένιιιν
3768 4335 3780 4348 ·

2215 4408 2356 4461 ὥστε
2379 4410 2660 4481 ἀθορύϐως
2691 4411 2888 4475 αὐτοὺς
2914 4411 3341 4481 παραδέξασθαι,
3364 4411 3455 4464 καὶ
3479 4413 3535 4463 ὲν
3551 4410 3785 4479 τοσούτῳ

532 4506 676 4560 Sane
715 4507 759 4558 si
795 4505 1075 4575 episcopi,
1124 4505 1267 4558 inter
1304 4516 1442 4570 quos
1488 4516 1656 4556 causa
1704 4509 1975 4566 versatur,
2025 4501 2104 4554 di-

2218 4504 2251 4572 ἠ
2275 4501 2441 4556 αὑτοῦ
2463 4503 2751 4572 ἐπιμέλεια
2784 4504 2886 4556 ὑπὸ
2913 4505 3099 4574 ἑτέρου
3124 4504 3461 4573 προελήφθη.
3484 4497 3628 4574 ᾗτινι
3661 4520 3785 4555 κατ-

529 4609 812 4648 versarum
861 4593 1268 4663 provinciarum
1317 4601 1465 4652 sunt,
1515 4590 1602 4644 ille
1648 4590 1854 4659 primas
1891 4591 1981 4644 det
2015 4590 2104 4658 ju-

2218 4593 2519 4663 εχρήσατο,
2580 4594 2708 4657 τοὺς
2749 4595 2944 4657 αὐτοὺς
2986 4596 3297 4659 αίρετικοῦς
3365 4594 3522 4647 πλέον
3566 4596 3784 4657 ἐκάκιζε

531 4686 705 4749 dices,
746 4685 800 4739 in
833 4685 994 4753 cujus
1024 4685 1302 4753 provincia
1334 4694 1418 4737 est
1472 4683 1624 4738 locus
1651 4685 1718 4737 de
1748 4698 1859 4752 quo
1888 4692 2104 4737 conten-

2211 4684 2402 4737 τούτου
2429 4684 2632 4753 μεταξὺ
2670 4686 2983 4738 ἐπισκόπων
3017 4687 3311 4756 κρινόντων
3364 4685 3785 4753 διαγινωσκομέ-

536 4780 709 4831 citur.
738 4774 795 4829 Si
829 4785 1011 4830 autem
1050 4792 1116 4829 ex
1144 4776 1418 4831 communi
1449 4775 1644 4845 placito
1669 4775 1875 4828 vicinos
1902 4773 2104 4842 iudices

2216 4792 2331 4835 νου,
2364 4777 2412 4827 oi
2451 4774 2605 4829 τόποι
2649 4779 2715 4845 τῇ
2761 4777 2926 4830 αὐτοῦ
2968 4776 3208 4847 καθέδρᾳ
3257 4776 3745 4829 άπιοκατασταθῶσι
3774 4787 3787 4801 ’

533 4870 819 4937 elegerint,
866 4877 963 4921 aut
1011 4883 1150 4921 unus
1194 4867 1449 4935 eligatur,
1503 4875 1599 4920 aut
1645 4875 1796 4921 tres:
1829 4875 1887 4919 ut
1922 4867 1969 4922 si
2006 4875 2104 4919 tres

2212 4866 2322 4917 τῶν
2367 4866 2425 4917 δὲ
2478 4867 2771 4936 κρινόντων
2816 4868 3153 4932 ἐπισκόπων,
3208 4870 3273 4921 ὲκ
3318 4864 3589 4934 διαφόρων
3625 4867 3788 4920 ὄντων

534 4960 823 5028 elegerint,
898 4958 1143 5013 omnium
1217 4958 1541 5013 sententiam
1615 4969 1948 5026 sequantur,
2020 4967 2104 5009 aut

2214 4955 2515 5023 ἐπαρχιῶν,
2543 4957 2747 5018 ἐκεῖνος
2771 4957 2799 5008 ὁ
2826 4957 3122 5026 πρωτεύων
3153 4958 3277 5017 τοὺς
3306 4955 3565 5017 δικαστὰς
3611 4957 3787 5008 δώσει.

537 5052 792 5105 duorum.
2216 5042 2423 5107 οὗτινος
2464 5048 2520 5097 ὲν
2551 5050 2614 5116 τῇ
2659 5047 2815 5117 χώρᾳ
2839 5050 2867 5099 ὀ
2916 5047 3079 5108 αὐτὸς
3111 5048 3341 5117 ὑπάρχει
3376 5047 3557 5107 τόπος,
3584 5048 3711 5115 περὶ
3733 5042 3791 5099 οὗ

538 5144 921 5214 φιλονεικεῖται
958 5158 971 5172 ·
1006 5143 1101 5196 ἐὰν
1130 5140 1189 5195 δὲ
1248 5141 1392 5194 κατὰ
1455 5138 1639 5211 κοινὴν
1685 5141 2015 5205 συναίνεσιν,
2084 5142 2329 5208 γείτονας
2384 5141 2741 5204 ἐπιλέξωνται
2784 5143 2998 5213 κριτὰς,
3061 5142 3096 5213 ἢ
3130 5137 3464 5211 εἷςκὲπιλεγῇ
3508 5142 3539 5211 ἢ
3582 5144 3730 5211 τρεῖς
3772 5157 3785 5170 ⁸

542 5237 635 5288 καὶ
656 5237 747 5289 ἐὰν
769 5239 915 5305 τρεῖς
948 5233 1327 5298 ἐπιλέξωνται,
1360 5232 1391 5301 ἢ
1418 5236 1483 5303 τῇ
1512 5235 1619 5285 τῶν
1642 5234 1780 5286 ὅλων
1808 5233 1973 5303 ψήφῳ
1995 5235 2543 5305 ὲπακολουθὴσουσιν,
2571 5236 2603 5305 ἢ
2636 5238 2700 5306 τῇ
2727 5236 2831 5288 τῶν
2858 5236 2969 5289 δύο.

614 5332 834 5387 Novella
861 5333 926 5385 57
955 5332 1030 5383 ait
1051 5371 1065 5393 ,
1100 5329 1365 5382 Erclcsias
1396 5328 1588 5380 Africa:
1629 5329 1851 5381 ﬁrmiter
1874 5328 2121 5381 obtinere

540 5427 914 5494 possessiunes
938 5438 1100 5478 suas:
1126 5429 1178 5473 et
1204 5420 1248 5471 si
1282 5420 1477 5488 pagani
1498 5430 1591 5474 aut
1611 5421 1846 5474 haeretici
1868 5420 2105 5488 ipsarum

2312 5332 2375 5383 Ἢ
2411 5331 2509 5399 ριβ⁹
2549 5331 2738 5399 Naade
2788 5332 2942 5400 φησι,
2976 5332 3087 5395 Τὰς
3128 5331 3453 5402 Ἐκκλησίας
3510 5331 3791 5401 ’Λφρικῆξι

2218 5422 2473 5489 ἀσςραλῶς
2507 5422 2647 5491 ἔχειν
2664 5422 2759 5484 τὰς
2777 5426 3001 5493 κτήσεις
3026 5422 3226 5475 αὐτῶν·
3258 5424 3352 5476 καὶ
3372 5423 3467 5475 ἐὰν
3486 5422 3793 5493 ’Έλληνεςῆ

618 5600 663 5632 ⁸⁹
694 5600 863 5653 Cone.
898 5598 1161 5664 Carthag.
1189 5610 1268 5657 nr,
1303 5610 1425 5650 can.
1456 5595 1556 5661 M;
1590 5594 1761 5648 Afric.
1794 5611 1842 5650 c.
1873 5598 1927 5650 5.
2031 5597 2075 5627 ⁹⁰
2110 5596 2274 5651 Cone.
2314 5596 2539 5654 Milevit.
2577 5614 2637 5661 ιι,
2670 5613 2718 5652 c.
2752 5599 2857 5663 Si;
2893 5598 3057 5653 Afric.
3090 5616 3137 5653 ο.
3168 5600 3257 5655 88.

630 5716 742 5789 (65)
786 5716 1008 5789 (ἓγιιιςιιε
1045 5715 1328 5789 interpres
1374 5715 1705 5789 existimavit
1758 5725 2099 5784 conrogatum
2140 5716 2205 5771 de
2250 5726 2393 5771 ccctu
2444 5718 2547 5774 dici
2598 5734 2694 5789 pro
2773 5733 3155 5775 conrocatnm:
3222 5736 3345 5775 cum
3383 5720 3451 5773 sit
3485 5730 3787 5785 conrognrc,

548 5786 831 5857 porrigere,
860 5795 915 5841 et
939 5787 1005 5842 ad
1037 5784 1353 5839 breviarium
1389 5785 1475 5841 hic
1506 5784 1791 5839 referatur.
