4122 6434
358 356 462 422 681

1077 352 1478 414 SYNTAGMA
1511 350 1901 412 CANONUM.

2063 349 2213 410 TIT.
2254 347 2418 421 νιιῐ,
2452 348 2611 408 CAP.
2655 347 2945 409 IX-XIII.

3520 351 3628 415 εξεέ

357 466 625 540 αἱρετικοὶ
682 462 847 535 ἔχωσί
899 479 1056 526 τινας
1104 462 1308 527 αὐτῶν,
1358 463 1393 533 ἦ
1438 461 1643 524 οἴκους,
1679 461 1715 530 ἢ
1769 458 1939 530 σκεύη

2057 457 2254 527 aliquas
2275 466 2366 512 aut
2387 457 2583 511 domos
2608 465 2704 511 aut
2734 471 2866 511 vasa
2910 454 3168 522 habeam,
3227 458 3334 511 illis
3375 476 3483 513 non
3522 466 3609 516 0b—

352 555 705 628 ἅφαιρείσθαι
752 553 910 616 αὐτὰ,
942 552 1018 623 μὴ
1070 550 1456 621 ἀντικειμένης
1496 550 1690 613 αὐταῖς
1713 548 1935 620 χρονίας

355 646 746 716 παραγραφῆς·

418 761 667 815 ΚΕΦΑΔ.
700 759 1043 828 ῐΛ⁹.-·Περὶ
1074 758 1182 813 τοῦ
1211 760 1297 828 μὴ
1326 758 1594 827 ὀφείλειν
1622 755 1764 820 τοὺς
1792 755 1943 808 ἁνα-

360 852 629 924 γνώστας
665 851 775 905 τὸν
789 849 988 920 δῆμον
1009 849 1404 919 προσκυνεῖν.

593 941 868 996 Συνόδου
912 941 1337 1012 Καρθαγέννης
1374 939 1577 995 κανὼν
1602 946 1700 1005 ις’.

423 1037 609 1089 Ὥστε
628 1033 867 1104 μηδένα
889 1034 1252 1100 ἐπίσκοπον,
1282 1050 1339 1089 κ.
1367 1051 1421 1087 τ.
1449 1032 1501 1088 λ.

423 1126 527 1193 ις’.
570 1125 805 1195 Ὁμοίως
834 1127 1032 1196 ἤρεσεν
1061 1126 1149 1179 ἵνα
1182 1124 1495 1186 ἐπίσκοποι,
1527 1140 1582 1178 κ.
1611 1140 1662 1176 τ.
1687 1122 1740 1175 λ.

420 1221 749 1275 ΚΕΦΑΛ.-
775 1218 872 1274 lB‘.
900 1218 1041 1288 Περὶ
1075 1217 1426 1271 ἐπισκόπων
1442 1219 1528 1286 μὴ
1549 1214 1943 1282 ἐπιστρεφόν-

352 1329 469 1365 των
499 1311 642 1377 τοὺς
682 1310 1014 1379 αἱρετικούς
1042 1324 1056 1337 ·
1089 1309 1188 1362 καί
1242 1306 1377 1376 περὶ
1431 1308 1782 1360 ἐπισκόπων
1840 1301 1942 1358 καὶ

353 1402 657 1472 κληρωτῶν
689 1402 775 1472 μὴ
826 1400 1240 1456 διδασκόντων
1264 1400 1375 1454 τὸν
1397 1400 1553 1454 λαόν
1584 1414 1599 1430 ν
1628 1397 1726 1451 καὶ
1773 1397 1865 1451 ὅτι
1908 1398 1944 1452 ό

354 1495 690 1559 ἐπίσκοπος
732 1491 885 1559 ὑπὲρ
910 1492 1019 1546 τοῦ
1043 1492 1197 1546 λαοῦ
1249 1489 1632 1561 ἀπολογεῖται
1664 1487 1747 1554 τῷ
1778 1485 1900 1554 Θεῷ
1920 1501 1941 1521 ⁸

355 1585 453 1638 καὶ
482 1585 627 1637 πότε
651 1582 759 1638 τοῦ
786 1582 943 1638 λαοῦ
972 1582 1458 1654 ἁμαρτήσαντος,
1495 1583 1528 1635 ό
1563 1579 1793 1650 κλῆρος
1832 1580 1947 1650 ἀφ-

358 1674 635 1744 ορίζεται.

651 1768 1038 1823 Ἀποστόλων
1066 1764 1268 1823 κανὼν
1295 1766 1403 1832 λς’.
1434 1766 1532 1822 λθ¹.
1567 1775 1670 1836 νη’.

428 1860 539 1926 λς’.
580 1861 647 1914 El’
672 1877 756 1924 τις
784 1859 1189 1932 χειροτονηθεὶς
1212 1860 1533 1925 ἐπίσκοπος,
1564 1877 1619 1914 κ.
1656 1878 1708 1916 τ.
1742 1862 1792 1913 λ.

429 2030 529 2085 λθ’.
568 2033 630 2086 Ol
678 2030 1046 2103 πρεσϐύτεροι
1104 2035 1199 2086 καὶ
1252 2032 1513 2097 διάκονοι,
1549 2034 1680 2088 ἄνευ
1713 2033 1943 2105 γνώμης

359 2124 453 2178 τοῦ
507 2125 833 2188 ἐπισκόπου,
884 2125 1051 2195 μηδὲν
1092 2124 1515 2179 ὲπιτελείτωσαν
1550 2142 1565 2157 ο
1617 2126 1781 2190 αὐτὸς
1835 2127 1945 2200 γάρ

360 2219 508 2272 ἔστιν
532 2219 561 2270 ὁ
589 2217 1020 2287 πεπιστευμένος
1042 2217 1133 2270 τὸν
1151 2216 1281 2270 λαὸν
1302 2218 1531 2288 Κυρίου,
1566 2218 1662 2272 καὶ
1684 2218 1777 2271 τὸν
1805 2218 1943 2287 ὑπὲρ

360 2309 468 2362 τῶν
501 2308 688 2379 ψυχῶν
718 2308 900 2361 αὐτῶν
931 2307 1089 2377 λόγον
1120 2308 1655 2379 ἀπαιτηθησόμενος.

432 2407 533 2471 νη’.
564 2398 939 2469 Ἐπίσκοποςῆ
960 2398 1329 2469 πρεσϐύτερος
1354 2399 1575 2468 ἀμελῶν
1595 2398 1691 2453 τοῦ
1718 2396 1946 2473 κλήρου,

364 2494 399 2563 ἦ
428 2492 522 2547 τοῦ
556 2490 711 2558 λαοῦ,
740 2494 836 2545 καὶ
866 2491 941 2562 μὴ
975 2490 1247 2544 παιδεύων
1279 2490 1479 2556 αὐτοὺς
1507 2493 1608 2562 τὴν
1636 2493 1946 2559 εὐσέϐειαν,

368 2585 1038 2659 ἁφοριζέσθω.,ὲπιμένων
1062 2585 1119 2638 δὲ
1150 2587 1216 2655 τῇ
1245 2586 1510 2658 ῥᾳθυμίᾳ,
1555 2584 1946 2657 καθαιρείσθω.

536 2762 809 2824 Σῦνόδου
832 2767 1255 2839 Καρθαγέννης
1273 2769 1474 2823 κανὼν
1506 2771 1647 2842 ρκγ’,
1675 2774 1807 2843 ρκδ’.

440 2860 625 2916 Ὥστε
671 2862 780 2915 τὸν
821 2861 1319 2931 καταφρονοῦντα
1368 2861 1477 2931 τῆς
1519 2862 1674 2929 ἰδίας
1722 2864 1951 2934 διοική-

367 2967 523 3019 σεως
550 2953 895 3007 ἐπίσκοπον
925 2952 1269 3021 στερεῖσθαι
1303 2952 1415 3023 τῆς
1433 2958 1773 3022 κοινωνίας.

441 3052 584 3117 ρκγ’.
640 3045 767 3098 Ἐὰν
794 3046 853 3097 ὲν
877 3046 991 3109 τοῖς
1016 3045 1348 3116 ματρικίοις,
1377 3046 1543 3114 ήγουν
1586 3048 1645 3099 ὲν
1673 3046 1956 3110 ταῖςκαθ-

370 3139 879 3214 έδραις,ὲπίσκοπος
895 3138 1103 3209 ἀμελὴς
1117 3140 1343 3209 γένηται
1360 3140 1503 3193 κατὰ
1519 3140 1628 3193 τῶν
1638 3141 1954 3212 αἱρετικῶν,

372 3232 747 3305 ὑπομνησθείη
784 3232 893 3286 ἀπὸ
923 3232 1032 3285 τῶν
1055 3234 1419 3298 γειτνιώντων
1440 3234 1718 3304 ὲπιμελῶν
1739 3235 1959 3289 ἐπισκό-

373 3344 509 3389 πων,
543 3326 639 3377 καὶ
690 3323 1034 3394 ὑποδειχθείη
1092 3324 1310 3395 αὑτῷὴ
1376 3325 1482 3378 ἰδία
1537 3327 1957 3396 περιφρόνησις,

373 3421 509 3491 προς
540 3419 598 3470 τὸ
628 3418 702 3487 μὴ
732 3416 876 3487 ἔχειν
900 3416 1200 3485 ἀπολογίαν
1238 3432 1252 3446 ·
1288 3416 1383 3471 ἐὰν
1412 3418 1472 3470 δὲ
1519 3418 1612 3487 ἀφ’
1642 3414 1711 3490 ἦς
1745 3419 1960 3489 ἡμέρας

373 3507 721 3578 ὑπομνησθῇ,
769 3505 920 3569 ἐντὸς
973 3506 1162 3576 μηνῶν
1211 3505 1272 3571 ἓξ
1301 3508 1359 3560 ὲν
1414 3510 1481 3578 τῇ
1535 3509 1673 3578 αὐτῇ
1719 3508 1961 3578 ἐπαρχίᾳ.

370 3599 593 3666 διάγων,
648 3596 723 3667 μὴ
776 3594 885 3647 τῶν
939 3595 1263 3663 ὀφειλόντων
1314 3597 1452 3668 πρὸς
1515 3597 1616 3665 τὴν
1659 3595 1957 3667 καθολικὴν

372 3689 601 3757 ἑνότητα
639 3684 1049 3755 ἐπιστραφῆναι
1108 3687 1209 3755 τὴν
1252 3686 1510 3758 φροντίδα
1540 3687 1961 3759 ποιήσηται,τῴ

372 3779 599 3845 τοιούτῳ
634 3774 709 3845 μὴ
764 3774 1197 3847 συγκοινωνηθῇ,
1229 3775 1335 3839 ἕως
1376 3771 1438 3830 οὗ
1463 3775 1624 3831 τοῦτο
1654 3776 1957 3849 πληρώσῃιτ

374 3871 423 3924 ει
457 3870 515 3923 δὲ
544 3870 573 3921 ὁ
599 3852 1009 3939 ἐπεξεργαστὴς
1039 3869 1118 3930 είς
1144 3868 1271 3930 τοὺς
1304 3868 1505 3933 αὐτοὺς
1529 3869 1729 3935 τόπους
1755 3872 1831 3942 μὴ
1860 3889 1964 3925 πα-

376 3963 694 4036 ραγένηται,
717 3961 796 4032 τῷ
814 3961 1103 4030 ἐπισκόπῳ
1131 3960 1206 4031 μὴ
1231 3960 1538 4033 ἐπιγραφῇ.

447 4056 591 4124 Περὶ
616 4054 732 4109 τῶν
760 4052 905 4120 τοὺς
925 4053 1294 4120 Δονατιστὰς
1311 4054 1698 4125 ἱκοινωνῆσαι
1741 4056 1963 4127 ψευδο-

371 4149 576 4220 μένων
607 4148 987 4201 ἐπισκόπων.

448 4241 582 4312 ρκδ’.
621 4241 746 4293 Ἐὰν
775 4239 833 4292 δὲ
858 4236 1156 4309 ἀποδειχθῇ
1188 4237 1287 4292 τὸν
1328 4239 1571 4293 τοιοῦτον
1616 4239 1964 4311 ψευσάμενον

377 4333 507 4404 περὶ
541 4330 642 4395 τῆς
698 4328 925 4382 ἐκείνων
977 4328 1283 4391 κοινωνίας,
1317 4328 1376 4381 ὲν
1430 4329 1508 4400 τῷ
1550 4328 1729 4399 λέγειν
1768 4330 1964 4394 αὐτοὺς

378 4421 855 4491 κεκοινωνηκέναι,
888 4418 982 4483 οὓς
1010 4419 1285 4472 δείκνυται
1339 4420 1641 4492 συνειδήσει
1686 4421 1854 4474 αὑτοῦ
1887 4422 1965 4493 μὴ

379 4512 729 4583 κοινωνῆσαι,
782 4511 877 4564 καὶ
905 4509 1004 4581 τὴν
1043 4510 1353 4582 ἐπισκοπὴν
1388 4510 1471 4566 ἔτι
1495 4509 1602 4580 μὴν
1623 4511 1904 4567 ἀπολέσει.

455 4695 725 4753 Συνόδου
755 4694 1181 4765 οὶκουμενικῆς
1198 4694 1381 4765 ἕκτης
1413 4698 1617 4751 κανὼν
1651 4696 1736 4752 ιθ’.

484 4792 568 4845 ιϐ’.
626 4791 748 4843 Ὀτι
815 4788 895 4841 δεῖ
960 4790 1089 4853 τοὺς
1153 4790 1263 4843 τῶν
1314 4789 1623 4861 ἐκκλησιῶν
1682 4788 1960 4862 προεστῶ-

379 4900 499 4949 τας,
521 4899 576 4935 κ.
607 4897 660 4935 τ.
688 4879 739 4933 λ.

453 4995 707 5051 ΚΕΦΑΛ.
745 4990 843 5049 II".
878 5023 949 5036 —
972 4994 1113 5063 Περὶ
1140 4994 1491 5049 ἐπισκόπων
1529 4993 1628 5048 καὶ
1658 4992 1966 5065 κληρικῶν

381 5093 679 5160 κοσμικόν
704 5104 759 5141 τι
801 5090 1187 5156 πραττόντων
1243 5087 1564 5157 δημόσιον,
1592 5079 1631 5150 ἣ
1659 5086 1977 5153 ἰδιωτικὸν,

386 5182 421 5250 ἣ
446 5183 785 5252 μίσθωσιν,
816 5185 856 5253 ἢ
890 5177 1248 5251 ἐπιτροπήν.

750 5365 1141 5421 Ἀποστόλων
1169 5361 1372 5418 κανὼν
1401 5369 1475 5428 ς’,
1512 5360 1624 5415 na’.

453 5466 524 5525 ς’,
544 5460 895 5526 Ἐπίσκοπος,
927 5459 962 5530 ἦ
1015 5456 1407 5531 πρεσϐύτερος,
1442 5457 1476 5529 ἢ
1532 5457 1802 5525 διάκονος,
1835 5474 1968 5511 κοσ-

386 5550 553 5621 μικὰς
576 5550 862 5621 φροντίδας
890 5549 967 5620 μὴ
1006 5548 1436 5621 ἀναλαμϐανέτω
1466 5565 1480 5581 ’
1511 5547 1637 5601 εἰδὲ
1667 5547 1742 5619 μὴ
1776 5547 1969 5601 καθαιο

383 5642 603 5716 ριίσθω.

2041 557 2221 604 stante
2248 547 2393 616 longi
2426 548 2688 617 temporis
2717 550 3149 618 praescriptione,
3173 551 3411 605 auferre.

2114 748 2265 805 CAP.
2300 748 2394 804 XI.
2422 777 2493 789 -—
2518 747 2764 802 Lectores
2794 746 3043 817 populum
3081 763 3185 803 non
3210 749 3465 803 salutent.

2326 930 2553 986 Concilii
2580 928 3021 998 Carlhaqineusis
3046 944 3219 983 canon
3257 929 3347 985 16.

2118 1022 2186 1077 Ut
2232 1022 2413 1077 nullus
2454 1023 2752 1091 episcopus.
2780 1030 2913 1088 etc.,
2948 1030 3007 1076 ut
3035 1038 3160 1092 pag.

2116 1110 2207 1165 16.
2244 1110 2374 1165 ltem
2402 1111 2607 1180 placuit
2638 1120 2697 1165 ιιι
2722 1112 2985 1181 episcopi,
3016 1121 3147 1177 etc.,
3172 1122 3229 1165 ut
3259 1130 3381 1185 pag.
3412 1104 3538 1169 550.

2114 1201 2281 1274 214
2316 1201 2473 1257 CAP.
2503 1200 2626 1256 Xll.
2660 1232 2729 1244 —
2759 1202 2836 1256 De
2859 1204 3116 1273 episcopis
3141 1206 3231 1274 qui
3257 1207 3531 1260 Itwreticos
3562 1207 3631 1261 ad

2045 1293 2421 1348 orthodoxiam
2474 1309 2580 1349 non
2636 1304 2969 1349 convertunt.
3022 1294 3160 1349 Item
3200 1296 3264 1349 de
3290 1298 3548 1366 episcOpis
3582 1310 3633 1353 et

2046 1388 2253 1442 clericis
2281 1386 2535 1457 populum
2563 1402 2667 1440 non
2706 1386 3088 1440 erudientibus.
3114 1385 3182 1439 Et
3209 1391 3346 1457 quod
3363 1390 3635 1457 episcopus

2045 1477 2364 1530 intercessor
2402 1475 2472 1527 sit
2512 1488 2609 1542 pro
2640 1472 2833 1543 populo
2862 1471 3003 1541 apud
3044 1472 3232 1527 Deum.
3288 1473 3358 1526 Et
3388 1479 3633 1544 quaule-

2047 1584 2173 1622 nam
2205 1566 2400 1637 populo
2429 1576 2717 1637 peccante,
2774 1565 2947 1619 clerus
3012 1574 3164 1619 extra
3218 1569 3638 1621 communionem

2048 1664 2166 1731 fiat.

2331 1752 2708 1826 Apostolorum
2739 1766 2967 1806 canones
3005 1749 3105 1815 '56,
3140 1750 3231 1818 59,
3267 1751 3357 1807 58.

1976 1830 2022 1886 Β
2121 1848 2191 1904 56
2232 1845 2371 1921 [55].
2438 1844 2499 1902 Si
2550 1845 2677 1916 quis
2728 1845 3019 1900 ordinatus
3049 1843 3363 1913 episcopus,
3416 1852 3547 1907 etc.,
3580 1854 3639 1897 ut

2067 1958 2170 1993 γοα.
2203 1958 2330 1993 ὒυυ.

2067 1958 2083 1992 )
2156 1978 2170 1993 .
2316 1978 2330 1992 .

2050 1940 2236 2087 “1959.5
2237 1938 2568 2102 0gresbyteri
2594 2036 2651 2083 et
2675 2028 2893 2085 diaconi
2927 2028 3050 2084 sine
3080 2027 3350 2085 sententia
3396 2026 3639 2097 episcopi

2056 2125 2191 2179 nihil
2233 2126 2521 2196 perﬁciant
2557 2124 2707 2195 :ipse
2732 2122 2878 2176 enim
2904 2130 3011 2186 est,
3044 2121 3205 2190 cujus
3242 2119 3368 2174 ﬁdei
3408 2120 3644 2189 populus

2054 2228 2139 2272 est
2166 2216 2431 2283 creditus,
2470 2225 2525 2271 et
2549 2232 2580 2270 a
2611 2229 2724 2285 quo
2750 2229 2849 2283 pro
2873 2212 3165 2268 animabus
3193 2211 3337 2267 ratio
3370 2212 3642 2281 exigetur.

2132 2398 2199 2453 58
2231 2396 2369 2473 [57].
2413 2396 2720 2468 Episcopus
2764 2395 2848 2450 vel
2882 2395 3189 2465 presbyter,
3237 2394 3331 2463 qui
3371 2392 3504 2448 cleri
3557 2392 3643 2445 vel

2058 2492 2240 2563 populi
2276 2505 2465 2546 curam
2490 2505 2597 2545 non
2633 2489 2795 2559 gerit,
2829 2498 2885 2543 et
2906 2503 3000 2543 eos
3031 2478 3285 2559 pietatem
3322 2504 3425 2543 non
3460 2486 3644 2549 docet,

2059 2594 2374 2657 segregetur
2408 2601 2422 2639 :
2451 2592 2508 2639 et
2557 2583 2604 2639 si
2655 2584 2709 2637 in
2766 2581 3021 2638 socordia
3073 2591 3422 2652 perseveret,
3475 2581 3643 2650 depo-
3700 2619 3705 2627 .

2060 2686 2246 2732 natur.

2238 2766 2464 2825 Concilii
2490 2766 2929 2837 Carthaginensis
2952 2781 3175 2820 canones
3202 2765 3325 2831 125,
3351 2764 3472 2819 124.

2138 2861 2206 2918 Ut
2243 2863 2290 2917 si
2322 2862 2595 2931 episcopus
2628 2859 2857 2933 negligat
2888 2874 3045 2914 suam
3082 2859 3369 2919 dioecesim,
3412 2873 3652 2912 contmn-

2064 2956 2219 3008 nione
2243 2954 2498 3024 privetur.

2139 3046 2263 3102 125.
2300 3046 2359 3102 Si
2394 3047 2452 3101 in
2486 3044 2807 3102 matricibus
2838 3046 2883 3079 ³⁸
2918 3042 3200 3100 cathedris
3231 3041 3394 3113 215
3435 3040 3653 3110 episco-

2066 3156 2169 3213 pus
2204 3141 2487 3213 negligens
2515 3140 2682 3196 l'uerit
2708 3140 2979 3196 adversus
3008 3139 3321 3204 haereticos,
3358 3138 3653 3193 convenia-

2069 3245 2158 3290 tur
2193 3249 2226 3290 a
2270 3236 2467 3290 vicinis
2514 3234 2791 3305 episcopis
2828 3233 3199 3305 diligentibus,
3252 3240 3307 3287 et
3335 3232 3383 3287 ei
3419 3247 3517 3287 sua
3554 3242 3655 3285 ne-

2064 3327 2323 3398 gligentia
2374 3328 2802 3394 demonstretur,
2838 3336 2895 3381 ut
2925 3341 2985 3382 se
3017 3340 3285 3382 escusare
3316 3339 3425 3379 non
3460 3326 3651 3394 possit.

2064 3419 2222 3487 Quod
2260 3421 2305 3475 si
2344 3434 2409 3476 ex
2440 3419 2528 3475 die
2552 3436 2664 3491 quo
2698 3418 3042 3484 convenitur,
3086 3417 3225 3472 intra
3271 3432 3366 3472 sex
3414 3431 3655 3481 menses,

2065 3514 2110 3568 si
2142 3512 2197 3568 in
2233 3512 2354 3583 ejus
2402 3513 2681 3584 provincia
2713 3513 2995 3569 exsecutio
3028 3511 3209 3573 fuerit,
3241 3518 3296 3564 et
3329 3525 3435 3563 non
3463 3524 3558 3563 eos
3589 3509 3658 3562 ad

2066 3605 2336 3661 unitatem
2388 3605 2716 3661 catholicam
2766 3604 3168 3661 convertendos
3198 3602 3509 3667 curaverit;
3546 3616 3659 3655 non

2064 3699 2115 3754 ei
2186 3698 2657 3765 communicetnr,
2730 3698 2907 3753 donec
2974 3695 3290 3765 adimpleat.
3348 3694 3405 3749 Si
3476 3700 3658 3749 autem

2065 3799 2356 3845 exsecutor
2415 3789 2485 3846 ad
2546 3790 2666 3846 loca
2729 3804 2838 3845 non
2892 3789 3139 3854 venerit,
3189 3802 3300 3842 non
3353 3784 3664 3840 ascribatur

2065 3881 2350 3951 episcopo.

2142 4056 2215 4109 De
2241 4057 2498 4127 episcopis
2528 4058 2617 4128 qui
2651 4054 2960 4113 Donatistas
3008 4058 3430 4113 communicasse
3456 4056 3663 4108 mentiti

2068 4150 2285 4218 fuerint.

2139 4242 2259 4298 124.
2310 4242 2370 4299 Si
2415 4252 2595 4298 autem
2623 4244 2668 4276 θ’
2701 4244 2990 4315 probatum
3028 4244 3211 4308 fuerit,
3248 4260 3371 4301 cum
3409 4244 3475 4296 de
3505 4259 3661 4295 com-

2068 4335 2329 4391 munione
2392 4335 2611 4390 illorum
2674 4334 2844 4391 fuisse
2905 4337 3226 4402 mentitum,
3280 4336 3512 4389 dicendo
3567 4351 3664 4389 eos

2066 4430 2526 4497 communicasse,
2558 4445 2700 4501 quos
2740 4444 2807 4486 eo
2846 4431 3054 4487 sciente
3082 4448 3189 4487 non
3222 4432 3665 4487 communicasse

2001 4538 2044 4593 υ
2074 4524 2403 4588 constiterit,
2436 4526 2601 4579 etiam
2626 4522 3002 4594 episcopatum
3034 4524 3273 4578 amittat.

2397 4698 2627 4755 Concilii
2654 4699 2961 4753 aecumenici
2992 4714 3045 4753 vi
3077 4713 3247 4753 canon
3286 4698 3373 4753 ιο.

2148 4793 2237 4849 19.
2262 4791 2415 4860 Quod
2450 4802 2665 4863 oportet
2681 4808 2777 4849 eos
2794 4794 2887 4863 qui
2904 4801 3144 4862 praesunt
3164 4790 3435 4855 ecclesiis,
3458 4798 3588 4854 ctc.,
3609 4800 3668 4844 ut

2073 4902 2235 4955 supra
2261 4902 2385 4957 pag.
2419 4884 2543 4939 646.

2147 5000 2313 5070 216
2349 4996 2503 5052 CAP.
2551 4995 2697 5052 Xlll.
2745 5026 2817 5037 —
2856 4996 2933 5050 De
2971 4995 3231 5065 episcopis
3262 5005 3310 5049 et
3342 4996 3548 5049 clericis
3577 4995 3669 5065 qui

2077 5094 2345 5162 negotium
2374 5092 2592 5161 aliquod
2627 5090 2899 5159 publicum
2948 5098 3041 5143 aut
3093 5091 3360 5156 privatum
3405 5103 3669 5155 exercent,

2078 5193 2171 5237 aut
2208 5200 2419 5254 operam
2450 5184 2528 5239 rel
2576 5184 2872 5237 locationes
2927 5183 3253 5248 conducunt,
3305 5191 3398 5235 aut
3446 5182 3671 5235 tutelam

2077 5289 2324 5327 curamve
2360 5281 2570 5343 gerunt.

2481 5363 2859 5433 Apostolorum
2890 5380 3060 5418 canon
3094 5364 3149 5431 6,
3185 5365 3275 5420 81.

2194 5456 2251 5511 6.
2350 5456 2697 5528 Episcopus,
2759 5460 2843 5513 vel
2907 5458 3210 5530 presbyter,
3280 5460 3362 5513 vel
3410 5459 3673 5512 diaconus

2078 5549 2368 5606 saeculares
2426 5565 2591 5605 curas
2652 5565 2762 5606 non
2828 5552 3094 5621 suscipiat
3163 5569 3175 5605 :
3242 5548 3446 5621 alioqui
3500 5547 3674 5617 depo-

2078 5651 2264 5697 natur.

457 5822 498 5853 "
533 5821 704 5879 Cone.
742 5820 963 5878 Milevit.
997 5838 1055 5887 ιι,
1092 5836 1216 5892 cap.
1247 5822 1353 5890 25;
1384 5822 1553 5880 Alric.
1585 5839 1634 5881 c.
1672 5823 1764 5879 90.
1840 5825 1885 5858 "
1913 5823 2083 5879 Cone.
2114 5820 2337 5877 Milevu.
2372 5836 2428 5889 ιι,
2459 5837 2578 5894 cap.
2610 5822 2712 5891 25;
2746 5823 2915 5880 Ah-ic.
2948 5841 2995 5879 c.
3026 5826 3116 5881 9|.

711 5921 984 5981 Ps'mOL.
1026 5922 1142 5982 GR.
1165 5920 1324 5982 CIV.
