4122 6424
474 344 586 406 683

1637 336 1897 398 ΡΗΟΤΙΙ
1914 334 2435 396 ῬΑΊἪΙΑΒΟΗᾹΞ
2465 337 2575 396 CP.

3642 339 3746 401 σει

546 462 609 516 8.l
656 459 795 533 [80].
848 458 1098 514 Diximus
1152 471 1267 511 non
1311 464 1563 527 oportere
1609 456 1929 525 episcopum
1979 455 2058 510 vel

2243 460 2359 508 πα’.
2417 454 2661 523 Εἴπομεν
2692 454 2775 507 δτι
2800 453 2877 524 μὴ
2923 456 3029 523 χρὴ
3058 452 3356 507 ἐπίσκοπον
3377 454 3412 525 ἢ
3449 454 3753 527 πρεσϐύτε-

476 552 855 623 prcsbytcrum
886 550 1127 620 seipsum
1158 548 1229 603 ad
1264 547 1513 618 publicas
1542 546 2051 601 administrationes

477 645 801 707 demittere,
864 644 957 697 sed
1012 643 1065 695 in
1114 639 1505 696 ecclesiasticis
1551 637 1782 709 negotiis
1827 638 2058 693 versari.

482 730 576 785 Vel
609 747 739 801 ergo
797 731 872 784 ita
928 744 1034 785 non
1086 728 1265 782 [acere
1311 726 1728 795 persuadeatur,
1766 724 1853 778 vel
1892 725 2061 793 depo-

478 834 677 889 natur;
706 836 866 877 nemo
913 822 1055 874 enim
1093 830 1273 889 potest
1304 819 1520 873 duobus
1578 818 1819 875 dominis
1849 816 2062 874 servire

478 917 777 968 secundum
810 913 1023 967 Domini
1059 912 1523 966 adhortationem.

794 1007 1018 1065 Concilii
1050 1005 1490 1060 Chalcedonensis
1518 1019 1709 1057 canon.

548 1104 603 1155 5.
654 1101 911 1155 Pervenit
953 1096 1019 1150 ad
1066 1104 1315 1149 sanctam
1352 1092 1641 1162 synodum,
1689 1092 1836 1161 quod
1868 1105 2060 1145 eorum

476 1194 593 1261 qui,
642 1192 787 1245 clero
828 1187 1067 1258 cooptati
1114 1193 1263 1251 sunt,
1334 1185 1554 1255 quidam
1603 1193 1846 1253 .propter
1904 1193 2063 1253 turpe

481 1286 691 1338 lucrum
740 1281 950 1336 alienas
995 1278 1375 1350 possessiones
1412 1275 1746 1335 conducunt.
1798 1285 1852 1328 et
1884 1290 2061 1329 saecu-

475 1376 609 1428 laria
646 1373 857 1442 negotia
890 1379 1169 1433 exercent,
1202 1368 1448 1423 divinum
1492 1366 1857 1420 ministerium
1888 1366 2060 1436 negli-

475 1475 687 1535 gentes,
722 1463 1068 1519 saecularium
1109 1476 1238 1514 vero
1280 1460 1474 1513 domos
1525 1458 1842 1522 subeuntes,
1874 1466 1928 1511 et
1960 1473 2057 1511 eo-

477 1573 599 1610 rum
646 1556 973 1609 facultatum
1026 1551 1405 1606 tractationem
1443 1563 1507 1604 ac
1549 1548 1894 1603 curationem
1928 1562 2061 1616 pro-

474 1658 596 1719 pter
644 1647 932 1701 avaritiam
978 1642 1366 1712 suscipientes.
1423 1640 1643 1695 Deliniit
1691 1654 1823 1709 ergo
1870 1647 2065 1694 sancta

473 1738 741 1810 synodus,
788 1737 1061 1792 neminem
1109 1735 1391 1803 deinceps,
1439 1747 1536 1787 nec
1582 1732 1923 1801 episcopum,
1960 1746 2061 1786 nec

2166 563 2259 616 ρον
2307 544 2555 598 καθιέναι
2589 544 2782 599 ἑαυτὸν
2810 545 2892 607 είς
2937 544 3204 615 δημοσίας
3242 545 3560 616 διοικήσεις,
3605 547 3744 600 ἀλλα

2164 640 2581 708 προσευκαιριῖν
2604 638 2725 699 ταῖς
2754 635 3237 706 ἐκκλησιαστικαῖς
3261 638 3472 707 χρείαις
3501 655 3516 670 υ
3550 638 3585 709 ἢ
3626 656 3750 692 πει-

2164 729 2339 782 θέσθω
2368 728 2461 783 οῦν
2488 728 2647 782 τοῦτο
2687 727 2763 800 μὴ
2807 730 3007 795 ποιεῖν,
3038 727 3073 798 ἢ
3123 727 3498 799 καθαιρείσθω
3526 747 3541 762 ’
3583 730 3756 793 ούδείς

2162 838 2271 893 γαρ
2303 821 2528 876 δύναται
2552 821 2672 875 δυσὶ
2717 821 2930 892 κυρίοις
2983 819 3278 886 δουλεύειν,
3318 824 3462 876 κατὰ
3509 823 3609 894 τὴν
3639 823 3755 875 Κυ-

2172 912 2825 985 ριακὴνζπαρακέλευσιν.

2326 992 2336 1000 ’
2446 1003 2719 1058 Συνόδου
2760 1004 3152 1074 Χαλκηδόνος
3174 1006 3377 1059 κανὼν
3399 1012 3473 1075 γ’.

2234 1090 2526 1163 γ’.Ἦλθεν
2556 1097 2635 1161 είς
2666 1094 2765 1165 τὴν
2796 1096 2957 1163 ἁγίαν
2982 1096 3227 1163 σύνοδον,
3245 1097 3327 1149 ὃτι
3346 1098 3455 1150 τῶν
3484 1098 3543 1150 ἐν
3571 1099 3757 1170 κλήρῳ

2163 1186 2603 1257 κατειλεγμένων
2652 1186 2799 1249 τινὲς
2841 1186 2911 1239 δι’
2952 1187 3423 1257 αἰσχροκέρδειαν,
3450 1188 3748 1260 ἀλλοτρίων

2165 1279 2465 1348 κτημάτων
2514 1277 2754 1342 γίνονται
2804 1277 3091 1347 μισθωταὶ,
3128 1279 3221 1331 καὶ
3270 1281 3571 1350 πράγματα
3622 1299 3751 1335 κοσ-

2168 1370 2307 1442 μικὰ
2336 1368 2697 1441 ὲργολαδοῦσι
2730 1411 2746 1437 ,
2779 1370 2876 1439 τῆς
2935 1369 3034 1438 μὲν
3084 1368 3178 1421 τοῦ
3208 1369 3345 1423 Θεοῦ
3400 1371 3746 1443 λειτουργίας

2166 1460 2708 1533 καταρᾳθυμοῦντες,
2736 1460 2863 1523 τοὺς
2887 1460 2945 1513 δὲ
2965 1459 3073 1515 τῶν
3102 1461 3382 1532 κοσμικῶν
3425 1463 3720 1535 ὑποτρέχον
3738 1494 3753 1505 -

2161 1570 2254 1617 τες
2284 1552 2489 1619 οἴκους,
2512 1553 2606 1607 καὶ
2647 1552 2847 1606 οὐσιῶν
2886 1554 3207 1623 χειρισμοῦς
3250 1553 3637 1625 ἀναδεχόμενοι
3660 1556 3751 1609 διὰ

2162 1644 2551 1717 φιλαργυρίαν.
2590 1645 2784 1715 Ὠρισε
2816 1645 2996 1699 τοίνυν
3018 1648 3052 1717 ἡ
3086 1646 3217 1713 ἁγία
3247 1647 3343 1699 καὶ
3371 1648 3580 1720 μεγάλη
3622 1648 3752 1701 σύν-

2161 1736 2315 1805 οδος,ῗ
2332 1736 2538 1807 μηδένα
2564 1734 2659 1789 τοῦ
2690 1734 2901 1799 λοιποῦ,
2925 1736 3001 1807 μὴ
3030 1735 3349 1800 ἐπίσκοπον,
3370 1738 3445 1807 μὴ
3467 1738 3751 1808 κληρικδν,

473 1832 760 1891 clericum,
812 1843 913 1882 nec
950 1828 1302 1889 monachum,
1340 1825 1421 1879 vel
1450 1824 1835 1894 possessiones
1857 1823 2058 1878 condu-

2166 1828 2244 1899 μὴ
2292 1828 2614 1899 μονάζοντα,
2649 1827 2683 1898 ἢ
2734 1826 3057 1896 μισθοῦσθαι
3104 1829 3381 1899 κτήματα,
3423 1828 3457 1901 ἦ
3494 1832 3756 1900 πραγμά-

474 1935 620 1984 cere,
652 1920 735 1973 vel
766 1918 1125 1973 saecularibus
1159 1915 1577 1983 possessionum
1620 1913 2061 1968 administratio-

474 2009 638 2064 nibus
666 2010 909 2077 seipsum
946 2008 1229 2077 ingerere,
1289 2004 1394 2059 nisi
1453 2005 1639 2074 utique
1691 2018 1755 2058 ex
1823 2002 1939 2073 lege
1991 2000 2061 2055 ad

477 2101 905 2156 inexcusabilcm
957 2099 1299 2168 impuberum
1332 2097 1557 2153 tutelam
1590 2106 1837 2161 vocetur,
1869 2096 1953 2149 vel
1980 2095 2062 2149 ci-

477 2190 663 2244 vitatis
712 2189 1004 2258 episcopus
1030 2204 1157 2243 eum
1207 2203 1389 2242 rerum
1424 2186 1933 2243 ecclesiasticarum
1964 2200 2064 2240 cu-

477 2299 593 2337 ram
624 2298 815 2353 gerere
860 2282 1164 2351 permittat.
1212 2281 1374 2351 217
1416 2280 1499 2334 vel
1538 2279 1935 2349 orphanorum,
1977 2278 2059 2332 vel

476 2375 790 2439 viduarum,
840 2373 1045 2444 quibus
1089 2374 1361 2442 provideri
1399 2388 1507 2427 non
1541 2380 1744 2443 potest,
1783 2378 1839 2425 et
1868 2384 2061 2439 perso-

476 2482 674 2522 narum
720 2483 844 2538 qua:
869 2467 1245 2522 ecclesiaStico
1274 2466 1482 2520 auxilio
1526 2465 1765 2519 riiaxime
1793 2464 2059 2533 indigent,

470 2568 692 2630 propter
714 2560 964 2614 timorem
992 2560 1220 2613 domini.
1253 2558 1311 2613 Si
1340 2561 1463 2629 quis
1492 2568 1674 2616 autem
1705 2572 1828 2627 quae
1857 2565 2061 2612 statuta

471 2662 623 2717 sunt,
654 2652 911 2722 deinceps
963 2651 1270 2722 transgredi
1320 2667 1611 2721 aggressus
1637 2651 1824 2715 fuerit,
1859 2651 1905 2705 is
1944 2664 2062 2719 pre-

472 2744 565 2800 nis
583 2742 971 2798 ecclesiasticis
998 2742 1345 2810 subjiciatur.

756 2834 989 2887 Concilii
1011 2832 1447 2902 Carthagiuensis
1477 2849 1649 2886 canon
1686 2832 1773 2886 16.

606 2927 691 2982 16.
733 2925 801 2981 Ut
839 2927 1016 2981 nullus
1047 2926 1343 2995 episcopus,
1374 2938 1503 2991 clc.,
1545 2934 1601 2977 ut
1640 2942 1762 2995 pag.
1790 2924 1916 2979 550.

828 3106 1058 3164 Concilii
1098 3106 1309 3162 Niccni
1336 3123 1372 3162 ll
1405 3123 1574 3160 canon
1612 3105 1699 3161 lO.

546 3201 698 3269 Quod
730 3218 833 3255 non
862 3210 1097 3270 oporteat
1121 3201 1365 3265 ctericos,
1392 3216 1489 3252 sua
1520 3197 1704 3253 relicta
1726 3198 1978 3266 parwcia,
2003 3199 2057 3251 in

473 3297 642 3351 aliam
670 3296 961 3355 incurrere,
996 3294 1161 3346 inscio
1195 3293 1457 3360 episcopo.

547 3476 631 3530 10.
663 3475 930 3542 Quoniam
970 3475 1219 3528 nonnulli
1246 3473 1452 3539 clerici,
1487 3483 1618 3538 etc.,
1652 3481 1708 3525 ut
1738 3474 1860 3543 pag.
1894 3470 2021 3525 662.

474 3659 679 3730 Synodi
704 3675 822 3728 qua:
857 3658 1031 3727 prima
1063 3667 1112 3711 et
1152 3655 1383 3711 secunda
1420 3664 1761 3722 nuncupatur
1789 3653 2058 3708 Constan-

541 3750 890 3819 stantinopoli
946 3750 1001 3802 in
1052 3750 1246 3817 templo
1306 3745 1625 3801 Sanctorum
1684 3745 2060 3817 Apostolorum

544 3850 874 3911 congregata:
899 3855 1067 3892 canon
1104 3838 1193 3893 Η.

544 3956 633 4011 Η.
652 3954 1006 4025 Presbyteros
1040 3953 1122 4007 vel
1150 3953 1433 4016 diaconos,
1457 3950 1749 4005 steculares
1772 3949 2061 4021 magistra-

472 4059 561 4102 tus
594 4048 678 4101 vel
711 4062 872 4100 curas
904 4043 1283 4112 suscipientes,
1316 4042 1401 4097 vel
1424 4058 1518 4097 eas
1540 4041 1733 4112 qumin
1764 4041 2057 4111 magistra-

473 4151 623 4195 tuum
641 4138 852 4193 mdibus
880 4135 1507 4200 dicuntur,curationcs,
1534 4133 1705 4187 divini
1729 4142 1783 4187 et
1801 4134 1940 4188 sacri
1962 4149 2057 4188 ca-

473 4249 644 4288 nones
666 4231 989 4303 dcpositioni
1013 4230 1333 4299 subjiciunt.
1370 4225 1485 4281 Hoc
1522 4241 1653 4297 ergo
1692 4241 1792 4281 nos
1836 4242 2056 4296 quoque

471 4324 884 4389 t-onlirmanles,
909 4322 977 4376 de
1012 4320 1239 4391 reliquis
1266 4333 1485 4388 quoque
1514 4318 1608 4387 qui
1645 4327 1774 4371 sunt
1802 4316 1854 4371 in
1894 4317 2059 4372 cleri-

471 4431 662 4471 corum
693 4415 944 4483 catalogo
984 4411 1335 4467 decernimus
1375 4426 1391 4464 :
1424 4409 1570 4480 quod
1614 4410 1661 4465 si
1693 4410 1820 4479 quis
1863 4424 2055 4463 eorum

2162 1938 2272 1973 των
2302 1918 2837 1987 ὲπεισάγεινζὲαυτὸν
2871 1922 3159 1990 κοσμικαῖς
3179 1921 3501 1993 διοικήσεσι,
3537 1922 3674 1992 πλὴν
3701 1925 3753 1976 εξ

2170 2012 2249 2082 μή
2281 2028 2384 2065 που
2408 2012 2473 2065 ὲκ
2501 2012 2683 2082 νόμων
2714 2011 2930 2064 καλοῖτο
2958 2013 3038 2076 είς
3062 2013 3346 2082 ἀφηλίκων
3374 2015 3759 2086 ἀπαραίτητον

2163 2102 2487 2172 ἐπιτροπὴν,
2522 2103 2556 2173 ἢ
2592 2104 2621 2156 ὁ
2644 2102 2746 2172 τῆς
2781 2103 2991 2167 πόλεως
3016 2104 3337 2169 ἐπίσκοπος,
3366 2105 3755 2176 ἐκκλησιαστι-

2164 2192 2279 2247 κῶν
2310 2192 2595 2263 ἐπιτρέψοι
2640 2192 2955 2263 φροντίζειν
2997 2196 3363 2267 πραγμάτων,
3395 2196 3428 2265 ἦ
3467 2198 3745 2268 ὀρφανῶν,

2162 2285 2258 2337 καὶ
2284 2285 2473 2355 χηρῶν
2498 2285 2875 2356 ἁπρονοήτων,
2907 2285 3002 2340 καὶ
3032 2287 3141 2341 τῶν
3171 2287 3481 2359 προσώπων
3514 2290 3623 2342 τῶν
3647 2291 3757 2360 μά-

2161 2376 2324 2432 λιστα
2370 2379 2473 2449 τῆς
2532 2378 2995 2451 έκκλησιαστικῆς
3028 2381 3301 2452 δεομένων
3336 2382 3627 2454 βοηθείας,
3656 2384 3747 2437 διὰ

2160 2470 2252 2522 τὸν
2301 2468 2467 2537 φόσον
2521 2468 2616 2523 τοῦ
2670 2471 2863 2541 κυρίου
2896 2488 2912 2503 ο
2944 2472 2993 2524 εί
3040 2471 3097 2525 δέ
3148 2491 3235 2537 τις
3293 2473 3656 2544 παραϐαίνειν
3682 2476 3751 2526 τὰ

2162 2561 2441 2633 ὡρισμένα
2468 2562 2563 2615 τοῦ
2594 2562 2781 2615 λοιποῦ
2819 2564 3184 2635 ἐπιχειρήσοι,
3209 2564 3502 2630 δτοιοῦτος
3534 2563 3742 2635 ἐκκλη-

2162 2657 2463 2717 σιαπικοίς
2496 2654 2810 2709 ὑποκείσθω
2844 2656 3168 2727 ἐπιτιμίοις.

2412 2838 2683 2892 Συνόὸου
2711 2836 3135 2908 Κφθαγέννης
3172 2839 3375 2894 κανὼν
3400 2847 3500 2905 ις’.

2238 2939 2340 2995 ις’.
2378 2932 2559 2987 Ὥστε
2613 2930 2852 3002 μηδένα
2899 2931 3242 2987 ἐπίσκοπον
3312 2934 3352 3003 ἢ
3426 2934 3755 3002 πρεσϐύτε-

2155 3041 2293 3093 ρον,
2317 3041 2373 3079 κ.
2414 3041 2464 3078 τ.
2493 3023 2545 3077 λ.

2307 3114 2581 3169 Συνόδου
2606 3116 2857 3182 Νικαίας
2883 3114 2951 3170 τὸ
2993 3114 3295 3184 δεύτερον,
3324 3115 3532 3170 κανὼν
3555 3123 3608 3170 ι’.

2239 3210 2377 3264 Ὀτι
2406 3213 2478 3264 οὐ
2502 3211 2595 3265 δεῖ
2616 3211 2945 3279 κληρικοὺς
2987 3209 3315 3265 ἀπολιπεῖν
3362 3209 3479 3280 τὴν
3525 3210 3756 3265 ἑαυτῶν

2163 3304 2514 3371 παροικίαν,
2538 3304 2635 3357 καί
2662 3302 2732 3357 ἐν
2773 3303 2945 3374 ἑτέρᾳ
2987 3303 3330 3374 ἀφικέσθαι,
3372 3303 3552 3375 χωρίς
3596 3303 3756 3371 εἰδή-

2162 3414 2317 3463 σεως
2346 3397 2453 3450 τοῦ
2485 3397 2849 3452 ἐπισκόπου.

2234 3488 2285 3547 ι’.
2330 3489 2548 3561 Ἐπειδὴ
2588 3506 2733 3554 τινες
2790 3490 2901 3545 τῶν
2934 3488 3215 3562 κληρικῶν
3238 3490 3760 3562 παραλογιζόμενοι,

2162 3601 2216 3636 κ.
2245 3600 2295 3637 τ.
2318 3583 2368 3635 λ.

2162 3672 2433 3727 Συνόδου
2461 3679 2511 3727 a'
2540 3672 2639 3726 καί
2678 3672 2742 3738 ,β’
2771 3672 3289 3743 συγκροτηθείσης
3320 3673 3392 3727 ἐν
3429 3675 3753 3728 Κωνσταν-

2233 3769 2580 3821 τινουπόλει
2600 3767 2672 3821 ἐν
2690 3766 2919 3834 τῷ’ναῷ
2944 3766 3063 3821 τῶν
3090 3767 3317 3837 Ἀγίων,
3339 3767 3749 3837 Ἀποστόλων,

2233 3865 2445 3911 κανὼν
2485 3865 2575 3913 ια’.

2232 3972 2467 4034 ια’.Τοὺς
2499 3972 2904 4042 πρεσϐυτέρους
2933 3971 2966 4043 ἢ
3016 3971 3321 4036 διακόνους,
3345 3974 3617 4044 κοσμικὰς
3646 3974 3749 4044 ἁρ-

2159 4060 2262 4130 χὰς
2300 4060 2333 4131 ἢ
2367 4062 2656 4132 φροντίδας
2682 4060 3135 4132 ἀναδεχομένους,
3174 4061 3207 4133 ἢ
3239 4063 3337 4126 τὰς
3360 4064 3418 4115 έν
3440 4065 3553 4127 τοῖς
3581 4064 3752 4125 οίκοις

2157 4152 2267 4205 τῶν
2296 4154 2578 4223 ἀρχόντων
2627 4153 2928 4226 λεγομένας
2965 4154 3395 4225 κουρατωρείας,
3426 4158 3473 4208 οἱ
3490 4155 3624 4209 θεῖοι
3656 4156 3751 4210 καὶ

2160 4246 2297 4315 ίεροὶ
2326 4246 2550 4310 κανόνες
2573 4246 2893 4318 καθαιρέσει
2917 4246 3393 4301 καθυποδάλλουσι
3412 4264 3426 4278 ⁸
3466 4249 3627 4303 τοῦτο
3655 4245 3747 4303 οὖν

2159 4336 2255 4389 καὶ
2276 4338 2437 4407 ἡμεῖς
2464 4336 2917 4409 ἐπικουροῦντες,
2933 4338 3028 4392 καὶ
3054 4338 3181 4409 περὶ
3205 4337 3317 4390 τῶν
3338 4338 3539 4392 λοιπῶν
3567 4340 3676 4394 τῶν
3691 4341 3749 4392 ὲν

2161 4428 2351 4499 κλήρῳ
2380 4429 2819 4500 κατειλεγμένων
2845 4430 3217 4501 διοριζόμεθα,
3244 4430 3320 4495 ὡς
3364 4432 3418 4485 εί
3444 4449 3528 4495 τις
3567 4432 3748 4485 αὐτῶν

472 4508 755 4563 szecularia
779 4507 955 4561 ollicia
979 4514 1262 4567 assumat,
1298 4503 1383 4559 vel
1412 4519 1508 4559 eas
1530 4519 1653 4573 qua:
1681 4502 1735 4556 in
1768 4503 2054 4573 magistra-

2162 4520 2434 4587 κοσμικὰς
2475 4520 2652 4590 ἀρχὰς
2704 4521 3223 4593 μεταχειρίζοιτο,ἢ
3264 4522 3363 4586 τὰς
3409 4524 3467 4575 ὲν
3496 4525 3611 4585 τοῖς
3639 4522 3747 4575 τῶν

472 4608 622 4650 tuum
668 4597 881 4650 aedibus
911 4595 995 4648 vcl
1030 4595 1085 4649 in
1134 4594 1470 4649 suburbanis
1499 4595 1782 4658 dicuntur,
1813 4593 2055 4647 curatio-

472 4705 570 4742 nes
616 4689 902 4757 suscipiat,
949 4687 1001 4741 is
1032 4702 1098 4741 cx
1145 4687 1294 4741 clero
1336 4686 1657 4755 expellatur.
1703 4684 1877 4739 Nemo
1908 4685 2054 4738 enim

473 4788 669 4849 potest,
698 4790 757 4833 ut
790 4791 875 4833 est
903 4778 1106 4834 Christi
1140 4779 1264 4847 iveri
1316 4778 1410 4833 Dei
1457 4780 1625 4835 nostri
1661 4796 1759 4834 vox
1813 4780 1884 4835 ab
1935 4781 2063 4849 ipso

474 4871 683 4939 prolata
710 4870 778 4933 ³⁸,
805 4884 980 4939 eaque
1024 4870 1184 4941 longe
1230 4852 1538 4935 verissima,
1562 4871 1779 4927 duobus
1813 4872 2055 4927 dominis

472 4963 699 5017 servire.

545 5049 763 5105 Textus.
822 5050 1021 5106 Const.
1066 5051 1156 5117 17,
1197 5052 1279 5106 ιίι.
1310 5053 1379 5122 β,
1429 5052 1521 5106 lib.
1550 5069 1590 5117 ι,
1626 5052 1750 5107 cod.
1797 5061 1945 5109 vetat
1986 5068 2056 5107 ne

472 5143 656 5197 clerici
687 5158 970 5199 accessum
998 5144 1232 5198 habeant
1257 5146 1322 5198 ad
1355 5144 1603 5214 publicas
1634 5146 1717 5200 vel
1744 5147 1810 5201 ad
1840 5147 2051 5202 curiam

470 5235 807 5305 pertinentes
846 5235 1114 5291 actiones.
1148 5237 1213 5289 Et
1253 5236 1323 5291 40
1345 5236 1589 5306 ejusdem
1622 5240 1706 5294 tit.
1750 5250 1933 5295 const.
1968 5240 2053 5295 in-

473 5326 690 5381 terdicit
736 5325 1123 5384 defensoribus
1191 5328 1585 5392 ecclesiarum.
1637 5347 1705 5385 ne
1777 5341 2054 5388 extremas

470 5417 638 5487 218
682 5421 997 5473 voluntates
1042 5418 1352 5487 insinuent,
1388 5432 1553 5492 atque
1601 5425 1654 5477 in
1694 5434 2052 5480 temeratores

470 5523 687 5577 ρωιιίιιη
737 5509 1139 5582 quinquaginta
1189 5513 1454 5569 librarum
1510 5514 1675 5588 [auri]
1710 5518 1939 5585 gslatuit.
1986 5517 2051 5573 Et

466 5598 712 5667 ejusdem
749 5600 837 5655 tit.
882 5602 992 5657 ait:
1028 5602 1183 5669 Quod
1221 5606 1462 5676 episcopi
1488 5645 1504 5672 ,
1553 5608 1853 5679 presbyteri
1876 5648 1892 5673 ,
1929 5609 2049 5665 dia-

539 5771 584 5803 ⁹³
614 5771 805 5828 Matth.
832 5792 907 5843 v1,
939 5775 1031 5833 24.

2158 4612 2436 4680 ἀρχόντων
2464 4611 2702 4684 οἴκοιςῆ
2756 4612 3104 4684 προαστείοις
3134 4613 3434 4685 λεγομένας
3469 4632 3749 4685 κουρατω-

2162 4703 2313 4771 ρείας
2346 4702 2680 4773 ἀναδέχοιτο,
2734 4703 2927 4759 τοῦτον
2961 4704 3056 4758 τοῦ
3082 4705 3287 4759 οἰκείου
3315 4706 3520 4777 κλήρου
3554 4707 3746 4760 ἐκδιώ-

2157 4794 2370 4848 κεσθαι’
2396 4794 2569 4858 οὐδεὶς
2589 4795 2697 4868 γὰρ
2724 4796 2972 4863 δύναται,
2996 4797 3138 4852 κατὰ
3162 4799 3262 4867 τὴν
3279 4798 3373 4852 τοῦ
3392 4799 3629 4871 Χριστοῦ
3653 4800 3746 4853 τοῦ

2158 4884 2415 4965 ἀληθινοῦ
2443 4886 2579 4939 Θεοῦ
2610 4888 2770 4958 ήμῶν
2819 4889 3142 4943 αὐτόλεκτον
3188 4891 3283 4945 καὶ
3328 4891 3746 4964 ἀψευδεστάτην

2161 4977 2369 5048 φωνὴν,
2395 4977 2516 5030 δυσὶ
2542 4980 2753 5050 κυρίοις
2774 4980 3076 5039 δουλεύειν.

2245 5066 2310 5121 Ἦ
2344 5068 2409 5133 ιζΡ
2440 5068 2685 5135 διάταξις
2731 5071 2827 5125 τοῦ
2850 5078 2901 5125 α’
2923 5072 3065 5143 βιόλ.
3098 5073 3192 5128 τοῦ
3226 5074 3356 5130 κώδ.
3390 5075 3592 5129 κωλύει
3622 5076 3747 5140 τοὺς

2159 5156 2458 5229 κληρικοὺς
2490 5160 2727 5231 πάροδον
2763 5162 2907 5233 ἔχειν
2944 5164 3025 5227 είς
3062 5164 3160 5229 τὰς
3202 5164 3467 5237 δημοσίας
3496 5166 3744 5237 πράξεις,

2160 5247 2193 5318 ἦ
2224 5249 2322 5313 τὰς
2366 5250 2714 5321 ἁρμοζούσας
2746 5257 2866 5318 ταῖς
2910 5255 3128 5326 βουλαῖς
3158 5271 3171 5286 ο
3200 5258 3295 5310 καὶ
3326 5259 3359 5327 ἡ
3402 5257 3455 5327 μ’
3490 5257 3586 5311 τοῦ
3644 5259 3745 5310 αύ-

2154 5338 2249 5392 τοῦ
2278 5338 2385 5394 τίτ.
2414 5342 2907 5416 διάτ.ἀπαγορεύει
2931 5350 3043 5411 τοῖς
3058 5346 3543 5419 έκκλησιεκδίκοις,
3571 5351 3748 5421 ὲμφα-

2158 5431 2328 5495 νίζειν
2369 5434 2686 5503 τελευταίας
2733 5438 3041 5510 βουλήσεις,
3063 5442 3255 5513 ποινὴν
3285 5443 3349 5496 ὲκ
3396 5442 3744 5513 παραδασίας

2151 5521 2407 5592 ὁρίζουσα
2420 5524 2461 5577 v'
2478 5526 2695 5597 λιτρῶν·
2719 5530 2813 5583 καὶ
2833 5531 2866 5599 ἡ
2889 5530 3073 5584 να⁹τοῦ
3091 5530 3258 5585 αὑτοῦ
3274 5532 3568 5602 τίτ.φησὶν,
3596 5533 3677 5585 ὅτι
3696 5533 3743 5585 oi

2152 5612 2443 5699 ἐπίσκοποι
2457 5619 2551 5672 καὶ
2581 5620 2855 5691 πρεσϐύτε
2864 5638 2946 5693 ροι
2958 5624 3060 5691 καὶ,
3079 5624 3313 5679 διάκονοι
3328 5625 3424 5680 καὶ
3452 5624 3745 5679 ύποδιάκο-
