4122 6434
472 376 578 437 035

1278 374 1679 435 SYNTAGMA
1714 373 2102 434 CANONUM.
2136 396 2199 407 -
2225 372 2369 432 Tl'I‘.
2394 371 2559 443 VIII,
2584 371 2741 431 CAP.
2774 372 2927 445 XIV.

3643 378 3750 441 686

474 504 555 541 νοι
582 483 675 538 καί⁸
696 481 940 554 μοναχοί,
956 482 1061 537 κᾶν
1074 483 1150 555 μὴ
1165 483 1330 554 ἔχωσι
1343 483 1694 552 χειροτονίαν,
1708 482 2060 551 ἀλειτούργη-

2164 477 2656 543 coni,subdiaconi
2680 488 2734 532 et
2761 478 3040 540 monachi,
3076 477 3203 533 licet
3231 496 3338 536 non
3375 494 3504 540 sunt
3534 487 3745 554 clerici,

474 578 595 631 σίαν
608 576 789 647 ἔχουσι
814 577 991 647 πάσης
1005 577 1307 647 ἐπιτροπῆς
1321 576 1416 628 καὶ
1436 592 1532 629 κου
1538 592 1747 645 ρατωρε
1757 573 1860 640 ίας,
1870 574 2059 644 σχολά-

475 670 655 733 ζοντες
689 669 872 739 μέντοι
901 670 1021 731 ταῖς
1041 668 1355 738 ἐκκλησίαις
1406 669 1504 721 καί
1534 670 1645 729 τοῖς
1676 667 2059 737 μοναστηρίοις

478 760 677 823 αὐτῶν,
733 760 827 812 καὶ
865 761 941 830 μὴ
975 759 1307 830 ἀμελοῦντες
1351 759 1453 829 τῆς
1492 758 1643 822 θείας
1693 758 2057 829 λειτουργίας.

558 852 621 903 Ἦ
648 852 705 905 δέ
733 851 776 921 β’
806 851 945 905 διάτ.
1003 851 1097 904 τοῦ
1160 849 1207 905 α’
1259 851 1366 905 τίτ.
1421 850 1533 905 τῶν
1593 852 1824 924 Νεαρῶν
1870 867 2055 921 φησιν,

471 946 551 998 ὅτι
577 944 874 1006 ἐπίσκοπος
927 944 960 1013 ἢ
1025 945 1278 1015 μοναχὸς,
1330 944 1392 998 οὐ
1431 943 1641 1010 γίνεται
1680 942 1933 1015 κηδεμών
1957 959 1973 976 ο
2008 945 2057 995 oi

472 1040 525 1092 δὲ
538 1038 688 1092 ἄλλοι
702 1038 955 1108 κληρικοὶ
976 1037 1085 1090 τῶν
1112 1038 1258 1090 ἰδίων
1286 1036 1566 1107 συγγενῶν
1580 1035 2055 1107 κηδεμονεύουσιν,

473 1132 566 1184 ἐὰν
597 1132 727 1184 εἴσω
756 1132 798 1184 δ’
830 1130 1016 1201 μηνῶν
1039 1131 1191 1201 παρὰ
1218 1130 1296 1200 τῷ
1326 1130 1568 1201 ἁρμοδίῳ
1607 1130 1837 1201 δικαστῇ
1879 1130 2059 1201 οἰκείᾳ.

472 1222 791 1292 προαιρέσει
824 1222 1229 1289 καταδέξωνται
1268 1237 1282 1250 ·
1307 1224 1401 1275 καὶ
1426 1223 1490 1275 οὐ
1532 1221 2057 1293 προκριματίζονται

473 1315 602 1385 περὶ
632 1314 798 1383 ἄλλην
829 1314 1157 1384 κηδεμονίαν
1182 1313 1337 1367 ὀὔτε
1363 1314 1421 1367 δὲ
1452 1315 1725 1385 δημοσίων
1740 1315 2054 1385 έκλήπτωρ,

471 1405 504 1475 ἢ
536 1404 726 1465 τελῶν,
763 1403 797 1475 ἢ
840 1406 1085 1475 κτήσεων
1116 1405 1435 1475 ἀλλοτρίων,
1474 1405 1841 1477 ἢκουράτωρ,
1879 1404 2054 1470 οἴκου,

471 1495 503 1565 ἢ
538 1495 787 1560 ἐντολεὺς
823 1495 999 1566 δίκης,
1117 1497 1392 1568 ἐγγυητής
1425 1515 1438 1528 ·
1470 1497 1610 1569 ὑπὲρ
1653 1497 1761 1551 τῶν
1796 1496 2056 1551 τοιούτων

471 1588 664 1641 αἰτιῶν
722 1588 1043 1651 ἐπίσκοπος,
1081 1588 1114 1659 ἢ
1167 1591 1471 1660 οἰκονόμος,
1503 1590 1536 1659 ἢ
1572 1590 1731 1654 ἄλλος
1792 1589 2056 1660 κληρικὸς

470 1681 680 1750 γίνεται
720 1680 945 1750 ὀνόματι
982 1680 1118 1750 ἰδίῳ,
1165 1680 1199 1750 ἢ
1226 1681 1327 1751 τῆς
1370 1680 1721 1751 Ἑκκλησίας,
1755 1681 1789 1751 ἢ
1832 1680 1926 1733 τοῦ
1961 1697 2057 1751 μο-

469 1771 762 1841 ναστηρίου
794 1771 957 1825 αὐτοῦ
984 1786 997 1800 ·
1030 1772 1130 1835 τὰς
1162 1771 1220 1825 δὲ
1245 1773 1662 1843 παρακειμένας
1685 1774 1911 1842 κτήσεις
1941 1775 2055 1835 τοῖς

2164 572 2392 625 omnino
2422 571 2826 625 immunitatem
2866 570 3052 624 tutelae
3090 580 3253 640 atque
3288 588 3436 630 cura:
3470 578 3707 635 habeant
3735 601 3748 636 :

2163 663 2208 717 si
2249 672 2429 717 tamen
2462 662 2711 718 ecclesiis
2740 673 2794 717 et
2836 663 3182 717 monasteriis
3222 665 3338 720 suis
3382 683 3607 735 operam
3656 689 3757 727 na-

2162 763 2305 818 vent,
2344 770 2521 824 neque
2550 755 2797 810 divinum
2824 756 3190 810 ministerium
3215 758 3513 829 negligant.

2238 846 2457 903 Textus.
2503 847 2693 904 Const.
2736 847 2801 911 2,
2861 850 2950 903 tit.
2997 845 3387 905 tNovellarntn
3453 853 3561 918 ait,
3606 856 3749 924 quod

2160 938 2451 1009 episcopus
2489 948 2586 994 aut
2650 940 2954 996 monachus
2988 948 3138 995 tutor
3176 957 3284 995 non
3353 942 3447 998 ﬁat
3476 963 3490 999 :
3521 946 3609 1000 alii
3651 963 3750 1001 att-

2160 1038 2270 1084 tem
2347 1031 2532 1086 clerici
2592 1043 2955 1101 cognatorum
3034 1047 3263 1087 suorum
3336 1044 3547 1093 tutores
3604 1038 3752 1103 sint,

2160 1120 2209 1177 si
2251 1122 2395 1176 intra
2429 1131 2667 1192 quatuor
2708 1138 2928 1179 menses
2968 1125 3113 1195 apud
3151 1136 3550 1197 competentem
3605 1130 3753 1200 judi-

2161 1228 2279 1267 cem
2311 1212 2586 1287 [tutelam]
2628 1216 2847 1287 propria
2886 1217 3169 1273 voluntate
3212 1222 3562 1291 susceperint
3592 1240 3605 1274 :
3638 1238 3752 1292 quo

2161 1302 2344 1369 facto,
2407 1306 2620 1359 nullum
2682 1308 3061 1377 praajutlicium
3111 1310 3256 1365 circa
3300 1312 3463 1366 aliam
3522 1314 3747 1369 tutelam

2167 1395 2506 1450 sustineant.
2542 1394 2723 1467 [Quod
2750 1397 2903 1471 item]
2933 1414 3108 1470 neque
3141 1402 3483 1471 publicarum
3516 1403 3751 1475 [contri-

2158 1484 2473 1558 butionum]
2510 1499 2885 1558 susceptores,
2921 1506 3101 1561 neque
3152 1496 3497 1564 vectigalium
3541 1498 3751 1552 aliena-

2158 1590 2353 1631 rumve
2382 1578 2810 1646 'possessionum
2852 1578 3262 1655 [conductores]
3303 1600 3481 1655 neque
3527 1586 3749 1642 familiae

2159 1677 2468 1735 curatores,
2509 1684 2689 1739 neque
2734 1681 3125 1740 procuratores
3174 1674 3306 1739 litis,
3348 1692 3525 1744 neque
3580 1694 3747 1749 super

2160 1756 2472 1812 istiusmodi
2522 1760 2710 1815 causis
2769 1760 3127 1830 tidejussores
3174 1779 3308 1829 suo,
3352 1776 3449 1820 aut
3499 1769 3749 1823 ecclesia;

468 1864 651 1920 αὐτῶν
680 1864 933 1933 εύαγέσιν
963 1858 1163 1930 οἴκοις,
1178 1864 1437 1919 δύνανται
1493 1864 1815 1935 μισθοῦσθαι
1842 1864 1937 1918 καὶ
1956 1865 2054 1933 έμ-

2159 1851 2549 1907 monasteriive
2575 1851 2662 1907 sui
2694 1853 2943 1916 nomine,
2965 1854 3051 1908 vel
3071 1854 3321 1925 episcopi
3338 1857 3421 1910 vel
3446 1862 3748 1927 oeconomi,

469 1955 821 2026 φυτεύεσθαι,
857 1956 1078 2009 πάντων
1103 1956 1212 2011 τῶν
1242 1955 1492 2027 μοναχῶν
1536 1955 1632 2009 καὶ
1685 1955 1965 2026 κληρικῶν
1998 1956 2055 2007 έν

472 2045 806 2116 συμϐολαίῳ,
839 2045 871 2115 ἢ
904 2045 998 2097 ἐπὶ
1034 2044 1307 2114 πράξεως,
1336 2046 1733 2099 συναινούντων
1764 2045 1858 2097 καὶ
1884 2062 2051 2114 φανε-

472 2137 711 2200 ρούντων
762 2136 1064 2206 συμφέρειν
1105 2137 1166 2189 τὸ
1196 2137 1482 2206 γινόμενον
1516 2153 1531 2168 ο
1576 2137 1671 2190 καὶ
1724 2137 1879 2190 αὐτοὶ⁵
1909 2137 1966 2189 δὲ
2005 2138 2054 2190 οἰ

472 2228 661 2279 σεπτοὶ
691 2221 830 2279 οἴκοι
865 2229 978 2289 τοῖς
1015 2225 1297 2297 κληρικοῖς
1326 2226 1509 2279 αὐτῶν
1541 2223 1797 2296 μισθοῦσι
1825 2226 1920 2278 καὶ
1957 2225 2056 2294 ἐμ-

471 2320 782 2389 φυτεύουσι,
815 2322 983 2391 χωρὶς
1002 2319 1111 2373 τῶν
1139 2320 1205 2373 δι’
1254 2320 1444 2387 ἐτέρου
1491 2320 1659 2390 νόμου
1694 2318 2054 2372 κωλυθέντων

472 2412 780 2483 προσώπων
800 2429 817 2444 ο
846 2415 873 2466 ὁ
903 2413 959 2465 δὲ
1000 2412 1152 2483 παρὰ
1178 2410 1352 2467 ταῦτα
1380 2413 1571 2473 ποιῶν,
1598 2414 1647 2465 εἰ
1680 2412 1780 2482 μὲν
1826 2412 2055 2464 ἐπίσκο-

471 2505 571 2565 πός
607 2507 743 2570 ἐστι,
793 2503 863 2557 τὰ
892 2504 1195 2574 πράγματα
1246 2504 1409 2558 αὐτοῦ
1460 2505 1638 2558 πάντα
1668 2507 1733 2575 τῇ
1784 2502 2053 2572 ἐκκλησίᾳ

470 2596 634 2650 αὑτοῦ
670 2596 1108 2668 προσκυροῦνται
1143 2612 1158 2627 ο
1192 2597 1241 2650 εἰ
1269 2596 1325 2649 δὲ
1349 2596 1633 2665 οἰκονόμος
1664 2597 1697 2666 ἢ
1726 2594 1885 2657 ἄλλος
1917 2595 2052 2664 κληο

472 2690 644 2761 ρικὸς,
678 2688 868 2760 ποινὴν
916 2689 1099 2741 δίδωσι
1150 2688 1505 2758 χρηματικὴν
1557 2687 1656 2758 τὴν
1688 2686 2053 2757 νομιζομένην

470 2780 547 2851 τῷ
576 2780 863 2848 ὲπισκόπῳ
921 2778 1109 2846 αὐτοῦ,
1163 2781 1213 2832 οἰ
1255 2779 1312 2832 δὲ
1366 2777 1838 2848 ὲμπιστεύσαντες
1868 2775 2052 2838 αὐτοῖς

470 2870 569 2934 τὰς
612 2868 929 2941 διοικήσεις,
969 2867 1003 2939 ἦ
1051 2867 1309 2930 λαϐόντες
1360 2866 1555 2927 αὐτοὺς
1612 2864 1905 2934 ἐγγυητὰς,
1952 2862 2054 2915 οὐκ

469 2961 685 3031 ἔχουσιν
714 2960 936 3031 ἀγωγὴν
959 2960 1079 3013 κατ’
1102 2959 1302 3021 αὐτῶν,
1334 2958 1367 3029 ἢ
1399 2956 1762 3028 πραγμάτιον,
1787 2956 1819 3026 ἢ
1848 2957 2050 3024 ἐγγυη-

467 3051 598 3114 τῶν,
639 3050 673 3121 ἢ
703 3050 1033 3120 ἐκκλησιῶν,
1057 3050 1091 3119 ἢ
1119 3048 1501 3119 μοναστηρίων
1536 3045 1716 3100 αὐτῶν
1753 3062 1768 3076 ο
1801 3046 1938 3099 ἀλλὰ
1960 3047 2053 3097 καὶ

469 3143 567 3210 τὴν
626 3142 1032 3212 συμϐαίνουσαν
1078 3141 1189 3194 τῶν
1256 3141 1533 3211 δημοσίων
1587 3138 1791 3211 βλάβην
1841 3136 2051 3193 οἴκοθεν

470 3232 639 3285 ἁποθε
647 3232 885 3303 ραπεύου
894 3250 996 3287 σιν.

2158 1943 2243 1999 vel
2282 1944 2376 1998 alii
2415 1945 2603 2001 clerici
2632 1945 2785 2002 ﬂant.
2809 1946 3033 2004 Possint
3061 1958 3243 2004 autem
3275 1950 3591 2019 adjacentes
3618 1955 3753 2024 ipsis

2159 2036 2568 2093 venerabilibus
2589 2036 2847 2095 domibus
2882 2040 3289 2110 possessionem
3327 2042 3381 2096 in
3420 2043 3752 2101 conductio-

2158 2143 2282 2184 nem
2325 2139 2380 2184 et
2439 2132 2824 2202 empltyteusin
2870 2133 3119 2203 accipere
3145 2133 3269 2207 :[ut
3306 2135 3515 2208 tamen]
3557 2152 3750 2194 omnes

2157 2220 2343 2276 clerici
2374 2231 2427 2277 et
2454 2224 2708 2278 monachi
2746 2224 2802 2278 in
2832 2224 3201 2281 instrumento
3222 2238 3317 2281 aut
3348 2227 3487 2283 actis
3520 2243 3751 2285 consen-

2158 2314 2320 2378 tiant,
2367 2325 2422 2369 et
2480 2315 2762 2371 declarent
2813 2332 2933 2372 eam
2984 2326 3099 2372 tum
3151 2317 3267 2373 fore
3325 2319 3749 2376 conducibilem.

2160 2404 2314 2473 lpsas
2366 2414 2547 2461 autem
2599 2408 2945 2463 venerabiles
2999 2410 3199 2465 domus
3238 2410 3453 2466 clericis
3499 2414 3615 2467 suis
3640 2412 3751 2467 elo-

2157 2512 2321 2561 care,
2378 2506 2431 2551 et
2480 2500 2534 2552 in
2584 2500 2968 2569 emphyteusin
3002 2502 3154 2568 dare,
3199 2502 3442 2573 exceptis
3496 2505 3751 2572 personis

2157 2605 2253 2658 per
2292 2592 2454 2646 aliam
2501 2593 2673 2663 legem
2715 2595 3041 2664 prohibitis,
3094 2612 3157 2651 ac
3204 2598 3426 2652 easdem
3468 2613 3497 2652 a
3531 2598 3752 2652 clericis

2156 2683 2431 2752 accipere.
2467 2682 2650 2755 [Quod
2691 2686 2881 2758 etiam]
2930 2687 3025 2757 qui
3072 2698 3265 2741 contra
3312 2688 3427 2742 haec
3457 2687 3668 2752 fecerit,
3701 2688 3747 2740 si

2155 2773 2375 2841 quidem
2412 2777 2707 2845 episcopus
2742 2776 2834 2841 sit,
2864 2793 3062 2833 omnes
3094 2778 3269 2848 ipsius
3298 2778 3608 2847 ,facultatcs
3665 2779 3747 2845 ip-

2156 2864 2275 2921 sius
2329 2867 2575 2922 ecclesiai
2627 2868 2952 2924 addicantur
2983 2886 2998 2923 :
3031 2869 3076 2924 si
3102 2884 3232 2925 vero
3276 2884 3620 2935 (economus,
3654 2882 3749 2923 aut

2153 2958 2295 3013 alius
2334 2958 2603 3023 clericus',
2637 2975 2856 3029 poenam
2897 2961 3277 3030 pecuniariam
3326 2962 3553 3027 subeat,
3582 2977 3745 3031 quam

2154 3050 2444 3121 episcopus
2484 3052 2658 3122 ipsius
2698 3055 3030 3123 probaverit.
3066 3055 3243 3127 [Quod
3288 3052 3590 3126 postremo]
3648 3057 3745 3125 qui

2158 3143 2291 3212 ipsis
2320 3147 2828 3206 administrationes
2851 3151 3221 3216 crediderint,
3257 3160 3351 3205 aut
3387 3152 3747 3223 ﬁdeiussores

2078 3220 2122 3276 (ἶ
2155 3234 2308 3303 ipsos
2353 3238 2695 3307 acceperint,
2745 3239 3011 3295 adversus
3072 3242 3244 3311 ipsos,
3316 3251 3412 3297 aut
3482 3220 3593 3306 res,
3655 3251 3751 3296 aut

476 3326 843 3391 till-jussores,
866 3326 1257 3391 autecclesias,
1280 3333 1376 3378 aut
1404 3324 1735 3379 monasteria
1776 3323 2050 3378 actionem
2093 3341 2199 3379 non
2235 3328 2517 3384 habeant:
2553 3331 2649 3386 sed
2682 3332 2846 3387 etiam
2894 3332 2940 3387 si
2985 3335 3128 3403 quod
3160 3335 3423 3390 damnum
3463 3336 3746 3405 publicum

472 3421 774 3483 obvenerit,
806 3418 906 3492 [id]
936 3420 1003 3474 de
1024 3436 1126 3474 suo
1148 3418 1469 3473 resarciant.

546 3513 795 3567 ΚΕΦΑΛ.
830 3509 930 3565 1Ἁ¹.
960 3542 1033 3553 -
1062 3513 1197 3580 Περί
1232 3510 1585 3565 ἐπισκόπων
1619 3508 1719 3563 καὶ
1757 3509 2060 3580 κληρικῶν

467 3608 787 3661 συνόντων
816 3605 1093 3675 γυναιξὶν
1117 3604 1518 3670 ἐπεισάκτοις.

815 3699 1089 3754 Συνόδου
1116 3699 1369 3766 Νικαίας
1395 3697 1600 3753 κανὼν
1633 3704 1705 3767 γ’.

540 3798 612 3861 γ’.
656 3791 1032 3861 Ἀπηγόρευσε
1059 3790 1291 3844 καθόλου
1323 3792 1356 3861 ὴ
1391 3789 1605 3860 μεγάλη
1644 3789 1881 3855 σύνοδος,
1915 3791 2053 3859 μήτε

470 3889 777 3958 ὲπισκόπῳ,
813 3888 952 3958 μήτε
999 3886 1379 3959 πρεσϐυτέρῳ,
1418 3888 1557 3959 μήτε
1605 3885 1865 3956 διακόνῳ,
1916 3886 2053 3957 μήτε

470 3980 607 4045 ὅλως
640 3981 748 4033 τινί
802 3980 911 4034 τῶν
956 3980 1015 4033 ὲν
1064 3980 1144 4052 τῷ
1177 3980 1400 4052 κλήρῳ,
1452 3979 1655 4046 ἐξεῖναι
1709 3980 2060 4034 συνείσακτον

470 4073 617 4143 ἔχειν
640 4089 655 4103 ⁶
687 4072 828 4143 πλὴν
875 4073 927 4126 εί
965 4072 1040 4143 μὴ
1075 4072 1185 4144 ἄρα
1227 4073 1443 4145 μητέρα
1483 4074 1517 4145 ἢ
1553 4072 1792 4143 ἀδελφὴν
1821 4072 1853 4143 ἢ
1885 4070 2058 4136 θείαν,

472 4168 509 4239 ἦ
531 4165 569 4220 ἃ.
602 4166 740 4237 μόνα
770 4166 1039 4237 πρόσωπα
1062 4168 1243 4221 πᾶσαν
1268 4166 1506 4236 ὑποψίαν
1530 4166 1915 4235 διαπέφευγεν.

640 4342 909 4398 Evt-660v
940 4342 1361 4413 οἰκουμενικῆς
1389 4342 1571 4412 ἕκτης
1599 4342 1800 4399 κανὼν
1822 4349 1883 4397 ε’.

542 4434 606 4490 ε’.
626 4435 831 4507 Μηδεὶς
844 4434 953 4489 τῶν
979 4435 1037 4489 ὲν
1057 4436 1101 4488 ίε
1111 4435 1317 4507 ρατικῷ
1338 4434 1775 4505 καταλεγόμενος
1792 4434 2054 4505 τάγματι,

472 4528 579 4580 τῶν
610 4527 670 4579 ὲν
720 4526 800 4596 τῷ
827 4524 1034 4593 ξκανόνι
1081 4526 1476 4597 ἐμφερομένων
1514 4526 1841 4579 ἀνυπόπτων
1882 4543 2057 4597 προσ-

471 4618 638 4673 ώπων
659 4618 815 4683 ὲκτὺς
835 4617 1059 4687 διάγων,
1078 4617 1280 4687 γύναια
1294 4618 1585 4688 κεκτήσθω
1601 4618 1635 4690 ἢ
1651 4618 2059 4690 θεραπαινίδας,

474 4712 533 4765 τὸ
565 4711 937 4783 ἀνεπίληπτον
967 4712 1146 4783 ἑαυτῷ
1172 4710 1421 4765 ἐντεῦθεν
1452 4712 1671 4784 τηρῶν·
1704 4714 1754 4765 εἰ
1781 4713 1842 4766 δὲ
1877 4730 2061 4782 παρα-

474 4803 648 4857 ϐαίνοι
672 4822 757 4867 τις
799 4803 867 4858 τὰ
901 4803 1030 4874 παρ’
1076 4803 1235 4875 ἡμῶν
1280 4804 1592 4876 ὁρισθέντα,
1650 4804 2057 4876 καθαιρείσθω·

471 4894 533 4948 τὸ
556 4895 688 4948 αὐτὸ
716 4895 774 4948 δὲ
813 4894 974 4949 τοῦτο
1005 4895 1101 4949 καὶ
1139 4898 1188 4949 οἱ
1237 4897 1483 4967 εὐνοῦχοι
1518 4898 2062 4969 παραφυλαττέσθω-

475 5004 595 5052 σαν,
626 4986 696 5061 τὸ
723 4986 1014 5057 ἄμεμπτον
1061 4989 1273 5053 ἑαυτοῖς
1306 4988 1700 5060 προνοούμενοι
1723 5003 1738 5018 ⁸
1779 4988 2059 5060 παραϐαί-

474 5096 657 5143 νοντες
684 5079 762 5143 δὲ,
797 5080 844 5132 εἰ
872 5080 971 5148 μὲν
994 5079 1251 5151 κληρικοί
1280 5077 1414 5146 εἷεν,
1461 5079 1939 5151 καθαιρείσθωσαν
1965 5098 1980 5113 ο
2010 5082 2061 5133 εἰ

472 5172 529 5225 δὲ
554 5172 755 5236 λαῖκοὶ,
790 5171 1262 5241 ἀφοριζέσθωσαν.

599 5349 872 5403 Συνόδου
896 5351 1144 5416 Νικαίας
1168 5367 1233 5404 το
1265 5349 1567 5419 δεύτερον,
1603 5352 1805 5404 κανὼν
1833 5351 1922 5418 ιη’.

546 5440 676 5493 Ὀτι
725 5442 798 5494 οὐ
830 5440 925 5494 δεῖ
951 5443 1205 5511 γυναῖκα
1257 5442 1668 5498 ἐνδιαιτᾶσθαι
1716 5443 1787 5496 ἐν
1814 5442 2059 5495 ἐπισκο-

475 5548 507 5583 .7.
526 5532 687 5597 εἰοις,
723 5532 761 5600 ἣ
798 5533 870 5585 ἐν
896 5532 1191 5601 ἀνδρείοις
1215 5535 1671 5603 μοναστηρίοις.

548 5630 637 5693 ιη’.
656 5625 1018 5695 ’Λπρόσκοποι
1039 5625 1272 5694 γίνεσθε,
1300 5626 1465 5696 φησὶν
1482 5626 1510 5677 ὁ
1532 5626 1672 5690 θεῖος
1713 5625 2056 5692 Ἀπόστολος,

548 5801 593 5830 9"
629 5800 859 5855 Sit-icius
882 5816 1009 5869 XXI;
1042 5810 1094 5856 et
1124 5800 1403 5872 Cattltag.,
1438 5818 1522 5860 tu.
1554 5804 1639 5857 l7.
1719 5804 1764 5835 "
1795 5802 2001 5859 Nicaea.
2038 5806 2088 5859 5.

2233 3511 2399 3582 219
2427 3510 2581 3567 CAP.
2632 3512 2774 3567 XIV.
2811 3543 2867 3552 --
2916 3514 2994 3568 De
3026 3518 3284 3586 episcopis
3335 3529 3386 3572 et
3422 3520 3627 3575 clericis
3658 3526 3748 3593 qui

2160 3621 2276 3657 tum
2308 3605 2637 3659 subindurlis
2666 3606 2978 3660 mulieribus
3012 3608 3284 3664 habitant.

2560 3696 2789 3752 Consilii
2836 3697 3048 3753 Nicami
3083 3717 3253 3754 canon
3284 3702 3337 3757 3.

2226 3791 2279 3843 5.
2322 3790 2505 3845 Vetuit
2550 3792 2775 3846 omnino
2822 3808 3015 3862 magna
3067 3794 3339 3863 synodus,
3367 3810 3435 3850 ne
3465 3796 3755 3867 liceatepi-

2157 3898 2344 3950 scopo,
2371 3898 2470 3938 nec
2499 3882 2814 3954 presbytero
2833 3925 2849 3950 ,
2882 3899 2983 3939 nec
3004 3885 3255 3949 diacono,
3290 3902 3390 3942 nec
3413 3888 3505 3941 ulli
3530 3890 3751 3957 penitus

2156 3990 2345 4029 eorum
2369 3975 2463 4043 qui
2495 3976 2691 4029 suntin
2720 3976 3269 4039 clero,introductam
3307 3979 3509 4034 habere
3556 3982 3751 4036 mulie-

2157 4081 2275 4120 rem
2299 4065 2366 4131 “,
2385 4075 2745 4137 preterquam
2770 4068 2961 4137 utique
2984 4079 3216 4123 matrem
3243 4071 3326 4125 vel
3359 4086 3632 4140 sororem,
3665 4075 3748 4129 vel

2159 4159 2403 4225 amitam,
2425 4158 2508 4212 vel
2523 4172 2619 4215 eas
2636 4173 2925 4229 personas,
2957 4175 3082 4230 quae
3121 4177 3341 4216 omnem
3375 4164 3749 4233 suspicionem

2162 4250 2452 4322 ellugiunt.

2478 4339 2705 4396 Concilii
2746 4344 3055 4397 arcumenici
3085 4360 3135 4399 vr
3164 4361 3335 4398 canon
3369 4345 3425 4399 5.

2234 4432 2289 4487 5.
2314 4431 2510 4490 Nullus
2550 4449 2759 4497 eorum,
2793 4434 2887 4504 qui
2916 4440 2969 4489 in
3017 4436 3343 4491 sacerdotali
3379 4437 3627 4506 catalogo
3653 4437 3749 4493 de-

2164 4524 2390 4593 gunt",
2440 4533 2597 4579 extra
2642 4540 2759 4590 cas,
2792 4539 2913 4595 qua:
2960 4525 3015 4579 itt
3042 4541 3253 4581 canone
3304 4538 3683 4594 recensentur,
3715 4546 3745 4584 a

2162 4615 2477 4685 suspicione
2524 4617 2733 4673 alienas
2783 4632 3069 4687 personas,
3124 4620 3411 4675 mulierem
3466 4622 3749 4691 possideat

2164 4708 2247 4762 vel
2274 4708 2553 4774 ancillam,
2583 4723 2645 4764 se
2670 4709 2805 4763 nulli
2851 4710 3264 4780 reprehensioni
3295 4712 3509 4767 alIinem
3545 4729 3613 4769 ex
3644 4714 3749 4769 hoc

2162 4814 2411 4854 servans.
2449 4799 2511 4853 Si
2556 4800 2681 4870 quis
2725 4810 2908 4856 autem
2942 4818 3064 4872 quae.
3101 4818 3133 4857 a
3182 4803 3342 4859 nobis
3372 4804 3592 4859 deﬁnita
3620 4818 3750 4860 sunt

2164 4890 2506 4957 trausilierit,
2535 4890 2861 4962 deponatur.
2902 4894 3017 4949 Hoc
3037 4892 3219 4965 ipsum
3246 4908 3429 4950 autem
3455 4898 3620 4951 etiam
3651 4914 3750 4951 eu-

2162 4982 2327 5037 nuchi
2359 4992 2625 5040 servant:
2674 4993 2731 5039 ut
2759 5001 2789 5039 a
2822 4986 3229 5056 vituperatione
3258 4989 3427 5044 alieni
3456 4990 3587 5052 sint,
3620 5004 3749 5058 pro-

2162 5070 2430 5129 videntes.
2476 5072 2581 5141 Qui
2622 5083 2805 5130 autem
2846 5077 3343 5148 transgrediuntur,
3378 5080 3423 5135 si
3474 5082 3584 5136 sint
3629 5084 3750 5151 qni-

2159 5164 2282 5219 dem
2356 5166 2569 5233 clerici,
2623 5169 3021 5238 deponantur:
3075 5171 3121 5225 si
3170 5188 3299 5227 vero
3352 5174 3499 5239 laici,
3563 5189 3747 5243 segre-

2159 5264 2375 5324 getttut‘.

2520 5351 2742 5407 Concilii
2780 5354 3012 5411 Nicwm'i
3050 5374 3087 5412 ll
3118 5374 3285 5410 canon
3318 5358 3404 5412 l8.

2235 5440 2390 5505 Quod
2420 5444 2663 5499 mulieres
2694 5463 2797 5500 non
2833 5448 3053 5503 debeant
3088 5452 3143 5503 in
3184 5452 3460 5518 episcom'is
3507 5450 3583 5503 rel
3613 5452 3748 5503 viro-

2163 5551 2281 5587 rum
2314 5545 2647 5591 monasteriis
2675 5556 2892 5595 versari.

2237 5628 2323 5683 18.
2363 5627 2492 5686 Sine
2522 5630 2819 5689 oll‘cnsione
2853 5649 2972 5689 esse
3005 5634 3167 5689 etiam
3213 5634 3279 5688 iis
3309 5634 3401 5703 qui
3431 5642 3582 5687 extra
3618 5644 3747 5690 sunt
