4122 6486
425 406 527 469 687

1633 394 1891 459 ΡΗΟΤΙΙ
1928 391 2437 456 PATRIARCHIE
2470 393 2581 457 C'P.

3600 393 3718 459 688

429 514 604 584 inquit
638 508 863 567 divinus
891 503 1187 579 Apostolus
1218 504 1288 563 “.
1328 504 1583 561 Mulieres
1610 516 1792 559 autem
1820 504 1874 557 in
1900 500 2016 574 epi-

2134 501 2215 555 ιαὶ
2234 502 2347 565 τοῖς
2368 501 2569 566 ἔξωθεν
2588 515 2603 531 ·
2631 498 2692 554 τδ
2718 498 2775 555 δὲ
2804 501 3070 569 γυναῖκας
3106 499 3478 556 ἐνδιαιτᾶσθαι
3504 502 3561 555 ἐν
3596 504 3725 557 ἐπι-

426 606 633 675 sc0piis
658 602 742 657 vel
772 598 1125 655 monasteriis
1157 599 1385 665 versari,
1416 606 1502 652 est
1540 596 1723 651 omnis
1756 594 2018 651 offensio-

427 698 515 753 nis
553 709 743 751 causa.
795 692 854 747 Si
908 692 1034 761 quis
1077 706 1209 759 ergo
1254 687 1504 743 ancillam
1540 687 1629 741 vel
1676 686 1906 741 liberam
1960 684 2016 739 in

428 789 711 861 episcopio
743 787 1029 857 possidere
1054 783 1423 854 deprehensus
1464 779 1653 845 fuerit,
1681 778 1767 833 vel
1809 778 1862 833 in
1901 792 2021 831 mo-

432 882 677 938 nasterio
703 880 769 935 ad
804 877 1167 934 ministerium
1194 873 1415 943 aliquod
1447 871 1787 935 obeundum,
1820 870 2020 940 punia-

432 983 518 1030 tur
550 993 566 1028 :
593 974 678 1030 sin
701 982 880 1027 autem
904 974 1236 1040 perseveret,
1256 967 1583 1036 deponatur.
1614 964 1672 1019 Si
1701 978 1834 1020 vero
1856 962 2020 1018 etiam

435 1070 489 1123 in
522 1066 854 1123 suburbanis
886 1062 1142 1117 mulieres
1185 1076 1308 1116 esse
1338 1058 1648 1129 contigerit,
1692 1066 1747 1112 et
1786 1056 2023 1111 voluerit

433 1159 722 1229 episc0pus
751 1155 834 1210 vel
865 1152 1188 1208 monasterii
1214 1150 1504 1222 praefectus
1530 1150 1659 1204 illuc
1690 1149 1792 1203 iter
1808 1147 2021 1212 facere,

434 1258 703 1321 prasente
722 1248 980 1318 episcopo
998 1246 1079 1301 vel
1112 1244 1429 1300 monasterii
1448 1240 1707 1313 praefecto
1723 1239 1887 1309 220
1906 1254 2026 1292 mu-

434 1343 535 1397 lier
558 1356 624 1394 eo
656 1351 901 1409 tempore
928 1339 1080 1393 nullo
1111 1336 1276 1392 modo
1302 1333 1671 1390 ministerium
1707 1332 1890 1395 obeat,
1928 1329 2023 1384 sed

433 1437 542 1490 alio
574 1435 628 1489 in
658 1434 782 1489 loco
817 1446 1074 1489 seorsum
1098 1438 1370 1494 versetur,
1400 1429 1575 1482 donec
1597 1424 1889 1481 recesserit
1913 1423 2029 1493 epi-

435 1541 657 1595 scopus,
689 1530 784 1579 aut
832 1523 1194 1592 hegumenus,
1247 1528 1308 1575 ut
1348 1518 1532 1573 omnis
1581 1512 2027 1586 reprehensionis

435 1620 656 1673 occasio
687 1616 907 1672 vitetur.

437 1728 632 1782 Basilii
662 1742 728 1781 ea:
758 1724 987 1796 epistola
1035 1723 1114 1796 ad,
1149 1721 1464 1793 Gregorium
1491 1717 1601 1793 [ed.
1634 1715 2017 1791 Paregorium]

834 1806 891 1849 ut
923 1812 954 1849 a
985 1794 1303 1848 muliercula
1336 1800 1633 1861 separetur.

2122 590 2421 658 σκοπείοις,
2459 592 2492 665 ἢ
2533 594 2629 645 καὶ
2670 591 3081 661 μοναστηρίοις,
3114 588 3314 654 παντὸς
3349 593 3729 664 προσκόμμα-

2120 701 2213 748 τος
2238 684 2439 738 αῖτιονο
2497 685 2553 737 sf
2584 700 2670 747 τις
2719 679 2815 738 οὖν
2865 683 3125 758 δούληνῆ
3186 684 3484 755 ἐλευθέραν
3536 689 3599 740 ἐν
3642 686 3728 757 τῷ

2121 774 2458 849 ἐπισκοπείῳ
2502 776 2785 848 κτώμενος
2829 781 3198 854 φωραθείη,ἢ
3240 784 3300 837 ἐν
3339 783 3724 855 μοναστηρίῳ,

2123 869 2261 939 πρὸς
2295 870 2612 941 ἐγχείρησιν
2640 870 2918 937 διακονίας
2958 874 3129 939 τινὸς,
3163 875 3514 946 ἐπιτιμάσθω
3536 890 3551 906 ο
3595 876 3728 928 ἐπι-

2127 961 2303 1031 μένων
2324 961 2404 1027 δὲ,
2426 961 2800 1034 καθαιρείσθω
2818 979 2834 995 ’
2856 964 2905 1017 εί
2924 963 2980 1017 δέ
3004 967 3100 1019 καὶ
3115 967 3267 1037 τύχοι
3290 969 3349 1021 ἐν
3371 967 3730 1039 προαστείοις

2122 1056 2390 1123 γυναῖκας
2431 1048 2594 1118 εἶναι,
2623 1053 2719 1107 καὶ
2768 1053 2987 1123 θελήσοι
3019 1056 3317 1119 ἐπίσκοπος
3348 1057 3379 1127 ἢ
3413 1056 3730 1127 ἡγούμενος

2126 1146 2353 1216 πορείαν
2399 1146 2460 1200 ὲν
2488 1147 2601 1209 τοῖς
2649 1148 2829 1200 ἐκεῖσε
2875 1149 3228 1219 ποιήσασθαι,
3280 1149 3551 1220 παρόντος
3596 1151 3729 1204 ἐπι-

2128 1238 2336 1291 σκόπου
2366 1236 2400 1308 ἢ
2431 1238 2762 1309 ἡγουμένου,
2810 1240 3059 1311 μηδόλως
3100 1242 3411 1313 ἐγχείρησιν
3442 1243 3729 1305 διακονίας

2128 1329 2401 1383 ποιεῖσθαι
2433 1330 2552 1383 κατ’
2579 1333 2788 1385 ἐκεῖνον
2810 1332 2903 1385 τὸν
2931 1334 3125 1404 καιρὸν
3156 1336 3408 1403 γυναικί·
3438 1334 3554 1388 ἁλλ’
3581 1336 3728 1389 ἰδια-

2128 1420 2267 1486 ζέτω
2311 1422 2371 1475 ἐν
2427 1422 2601 1494 ἐτέρῳ
2646 1422 2819 1495 τόπῳ,
2864 1424 2971 1487 ἕως
3026 1425 3093 1480 ἂν
3139 1426 3241 1498 τὴν
3294 1425 3727 1499 ἐπαναχώρησιν

2129 1510 2427 1583 ποιήσηται
2453 1512 2485 1565 ό
2504 1511 2825 1581 ἐπίσκοπος,
2851 1515 2943 1568 διὰ
2960 1515 3022 1569 τδ
3046 1516 3445 1587 ἀνεπίληπτον.

2128 1714 2456 1770 Βασίλειον
2554 1713 2671 1784 τῆς
2680 1713 2829 1785 πρὸς
2844 1718 3174 1787 Γρητόριον
3190 1717 3445 1773 ἐπιστολ
3454 1719 3545 1785 ἧς,
3563 1718 3729 1774 ὥστε

2228 1785 2601 1856 χωρισθῆναι
2639 1786 2827 1840 αὐτόν
2854 1786 2964 1843 τοῦ
2982 1785 3294 1843 ’συνοίκου
3336 1791 3614 1859 γυναίου.

509 1890 639 1962 Legi
674 1901 798 1945 tuas
835 1890 1050 1944 litteras
1087 1902 1211 1940 cum
1262 1885 1413 1940 omni
1462 1884 1755 1954 patientia,
1791 1897 2025 1953 sumque

2214 1849 2499 1948 ’ἐνέτυχόν
2527 1895 2622 1932 σου
2647 1880 2762 1942 τοῖς
2795 1879 3089 1951 γράμμασι
3124 1849 3485 1952 μετὰ.πάσης
3511 1900 3733 1951 μακρο·

440 1982 746 2037 ndmiratus
779 1997 901 2045 cur,
933 1994 1059 2035 cum
1090 1978 1269 2049 possis
1298 1976 1440 2047 apud
1472 1991 1574 2031 nos
1604 1975 1844 2030 breviter
1875 1984 1930 2030 et
1955 1974 2030 2029 fa-

440 2071 544 2125 cile
573 2070 731 2125 factis
768 2071 880 2125 tuis
914 2083 1140 2124 causam
1179 2082 1362 2137 agere,
1394 2066 1449 2121 in
1486 2066 1651 2121 rebus
1680 2065 2028 2136 reprehensis

441 2165 738 2234 persistere
766 2162 921 2227 velis,
955 2177 1020 2216 ac
1051 2161 1227 2231 longis
1251 2160 1599 2215 sermonibus
1630 2174 1826 2214 curare
1849 2166 2028 2213 tentes

442 2254 789 2309 insanabilia.
821 2252 929 2308 Nec
962 2252 1148 2322 primi,
1178 2266 1278 2307 nec
1312 2251 1437 2316 soli,
1472 2250 1752 2320 Paregori,
1788 2250 2029 2306 sancivi-

443 2362 590 2410 mus,
648 2354 707 2399 ut
760 2360 828 2399 ne
868 2359 978 2398 una
1038 2358 1164 2397 cum
1208 2343 1343 2398 viris
1385 2343 1692 2397 habitarent
1746 2341 2025 2397 mulieres.

443 2436 549 2491 Sed
593 2436 708 2506 lege
747 2448 1017 2489 canonem
1066 2449 1093 2487 a
1131 2434 1339 2487 sanctis
1374 2433 1582 2487 nostris
1625 2430 1879 2486 Patribus
1912 2430 2028 2486 edi-

443 2540 559 2583 tum
589 2528 644 2581 in
687 2526 896 2597 synodo
939 2524 1179 2589 Nicmna,
1211 2525 1308 2595 qui
1336 2524 1627 2580 manifeste
1669 2524 1907 2580 sancivit
1934 2538 2031 2578 ex-

443 2630 664 2677 traneas
708 2618 970 2674 mulieres
1005 2633 1111 2672 non
1150 2630 1296 2673 esse.
1330 2614 1453 2671 Vita
1500 2624 1683 2671 autem
1726 2616 1925 2671 caelebs
1970 2615 2026 2669 in

442 2728 510 2767 co
536 2713 881 2767 honestatem
933 2712 1117 2775 habet,
1149 2720 1210 2766 ut
1239 2725 1269 2764 a
1299 2709 1555 2765 convictu
1588 2710 1839 2765 mulieris
1867 2723 2029 2780 sepa-

441 2816 615 2862 retur.
662 2807 845 2872 Quare
894 2805 939 2860 si
984 2804 1113 2874 quis
1157 2804 1325 2859 verbo
1355 2802 1658 2874 professus,
1695 2802 1873 2871 reipsa
1908 2816 2031 2871 quae

442 2898 859 2966 coniugatorum
894 2902 1020 2949 sunt
1055 2893 1205 2959 facit,
1252 2892 1429 2962 palam
1458 2900 1543 2947 est
1586 2906 1710 2947 eum
1740 2891 2029 2963 virginita-

442 2990 515 3044 tis
569 2988 790 3058 quidem
843 2987 1189 3041 honestatem
1237 2986 1292 3040 in
1328 2983 1548 3040 nomine
1589 2984 1866 3054 persequi,
1933 2983 2029 3039 sed

448 3094 792 3151 nequaquam
822 3078 892 3132 ab
926 3077 1183 3132 indecora
1212 3076 1493 3146 voluptate
1523 3076 1819 3130 abstinere.
1851 3072 2031 3128 Tanto

2130 1970 2351 2041 θυμίας,
2383 1970 2477 2024 καί⁵
2523 1969 2834 2042 ἐθαύμασα,
2887 1972 3005 2036 πῶς
3030 1973 3331 2043 δυνάμενος
3372 1975 3505 2045 ἡμῖν
3535 1976 3733 2029 συντό-

2132 2079 2252 2134 μως
2280 2061 2380 2115 καὶ
2427 2062 2671 2127 εὐκόλως
2704 2063 3151 2136 ἀπολογήσασθαι
3200 2064 3290 2119 διὰ
3318 2067 3427 2120 τῶν
3454 2069 3729 2139 πραγμά-

2128 2170 2258 2217 των,
2300 2154 2414 2216 τοῖς
2446 2153 2549 2224 μέν
2576 2155 3078 2226 κατηγορουμένοις
3107 2156 3394 2229 ἐπιμένειν
3424 2160 3727 2231 καταδέχῃ,

2129 2245 2313 2313 λόγοις
2340 2246 2398 2299 δέ
2428 2249 2661 2319 μακροῖς
2687 2246 3015 2320 θεραπεύειν
3046 2252 3347 2324 ἐπιχειρεῖς
3386 2253 3453 2306 τὰ
3490 2254 3729 2307 ἀνίατα⁸

2129 2336 2255 2392 οὔτε
2291 2337 2501 2409 πρῶτοι
2533 2338 2658 2392 οὔτε
2688 2340 2862 2409 μόνοι,
2895 2338 2941 2394 ὦ
2986 2342 3279 2415 Γρηγόριε,
3326 2345 3733 2417 ἐνομοθετήσα-

2135 2444 2237 2499 μεν
2264 2431 2527 2496 γυναῖκας
2559 2429 2788 2499 ἀνδράσι
2830 2431 2906 2502 μὴ
2935 2435 3227 2487 συνοικεῖν.
3278 2434 3418 2488 Ἀλλ’
3448 2435 3730 2503 ἀνάγνωθι

2130 2517 2224 2571 τὸν
2249 2517 2451 2571 κανόνα
2476 2518 2570 2572 τὸν
2597 2519 2951 2591 ἐξενεχθέντα
2996 2523 3150 2594 παρά
3180 2523 3290 2578 τῶν
3338 2524 3511 2593 ἁγίων
3542 2522 3732 2581 Πατέ-

2138 2627 2249 2681 ρων
2283 2611 2444 2683 ήμῶν
2493 2614 2554 2667 ἐν
2582 2616 2648 2684 τῇ
2686 2613 2890 2686 συνόδῳ
2918 2616 3178 2683 Νικαίας,
3220 2618 3279 2682 ὃς
3318 2619 3569 2691 φανερῶς
3612 2622 3730 2674 ἁπ-

2135 2703 2407 2775 ηγόρευσε
2434 2706 2824 2770 πνεισὰκτους
2855 2706 2931 2779 μὴ
2949 2703 3109 2762 εἶναι·
3137 2710 3351 2782 ἀγαμία
3375 2710 3433 2765 δὲ
3463 2713 3522 2764 ἐν
3548 2712 3732 2781 τούτῳ

2135 2795 2250 2866 ἔχει
2279 2794 2341 2849 τὺ
2388 2796 2609 2867 σεμνὸν,
2647 2798 2706 2851 ἐν
2738 2797 2817 2869 τῷ
2847 2802 3181 2873 κεχωρίσθαι
3220 2806 3320 2875 τῆς
3360 2804 3500 2875 μετὰ
3528 2822 3730 2873 γυναι-

2135 2888 2249 2942 κῶν
2293 2889 2572 2961 διαγωγῆς
2594 2906 2609 2920 ’
2633 2890 2712 2955 ὼς
2757 2892 2824 2946 ἂν
2853 2893 3331 2965 ἐπαγγελλόμενός
3361 2914 3446 2960 τις
3478 2896 3558 2969 τῷ
3603 2898 3730 2951 ὀνὸο

2137 2996 2294 3051 ματι,
2324 2979 2473 3052 ἔργῳ
2501 2982 2567 3036 τὰ
2593 2982 2704 3036 τῶν
2736 2987 2854 3048 ταῖς
2886 2986 3105 3055 γυναιξὶ
3141 2987 3531 3043 συνοικούντων
3561 2989 3730 3058 ποιῆ-

2134 3087 2247 3137 ται,
2280 3070 2441 3140 δῆλός
2472 3073 2590 3127 ἐστι
2626 3072 2688 3127 τὸ
2729 3074 2829 3144 μὲν
2858 3076 2959 3147 τῆς
2999 3077 3303 3148 παρθενίας
3341 3080 3541 3150 σεμνὸν
3565 3080 3623 3133 ἐν
3659 3083 3727 3152 τῇ

446 3189 578 3243 ergo
616 3171 795 3241 magis
825 3170 1113 3240 oportebat
1150 3178 1203 3223 te
1234 3168 1588 3238 postulationi
1630 3178 1828 3223 nostra:
1872 3166 2030 3222 facile

2137 3164 2482 3237 προσηγορίᾳ
2511 3165 2745 3232 διώκων,
2774 3166 2869 3221 τοῦ
2922 3168 2980 3222 δέ
3024 3170 3147 3224 καθ’
3191 3171 3386 3243 ἡδονὴν
3440 3172 3732 3244 ἀπρεποῦς

443 3264 659 3328 cedere,
690 3272 897 3333 quanto
928 3268 981 3315 te
1012 3262 1098 3315 ais
1129 3274 1252 3315 esse
1276 3260 1587 3315 liberiorem
1617 3259 1686 3313 ab
1716 3259 1867 3315 omni
1906 3274 2034 3313 cor-

444 3371 611 3428 porea
643 3355 886 3409 libidine.
917 3352 1105 3423 Neque
1151 3352 1298 3407 enim
1344 3352 1525 3408 virum
1567 3351 1907 3422 septuaginta
1937 3365 2033 3405 an-

447 3462 551 3503 nos
565 3454 753 3501 natum
780 3444 1034 3500 existimo
1051 3444 1342 3498 libidinose
1364 3443 1616 3498 habitare
1633 3459 1757 3498 cum
1783 3443 2028 3498 muliere:

449 3554 552 3593 nec
582 3537 729 3608 quod
774 3545 930 3607 turpe
967 3536 1188 3606 aliquod
1220 3534 1435 3591 facinus
1464 3535 1660 3591 fuisset
1701 3535 2030 3600 admissum,

452 3630 660 3685 idcirco
700 3628 963 3683 constitui
1003 3643 1125 3695 quae
1166 3628 1423 3681 constitui
1456 3642 1470 3691 ;
1500 3628 1593 3681 sed
1630 3625 1775 3696 quod
1796 3628 1864 3680 ab
1897 3624 2035 3695 Apo-

450 3722 599 3777 stolo
644 3721 938 3775 didicimus
971 3718 1356 3773 offcndiculum
1395 3716 1548 3772 fratri
1593 3733 1701 3771 non
1733 3731 1934 3787 ponere
1964 3715 2032 3769 ad

453 3812 855 3869 scandalum".
887 3810 1104 3865 Scimus
1128 3819 1309 3864 autem
1344 3809 1489 3879 quod
1512 3824 1543 3863 a
1571 3808 1852 3863 nonnullis
1886 3816 2034 3862 recte

374 3962 375 3965 η
448 3902 678 3975 geritur,
709 3900 830 3954 aliis
855 3900 1201 3954 occasionem
1232 3913 1355 3954 esse
1376 3898 1661 3970 peccandi.
1690 3897 1873 3964 Quare
1890 3911 2034 3967 prte-

446 3995 684 4064 cipimus
714 4001 1027 4048 sanctorum
1056 3989 1279 4044 Patrum
1313 3990 1595 4044 decretum
1629 3998 1941 4059 sequentes,
1974 3996 2035 4043 ut

449 4103 483 4142 a
512 4085 831 4142 muliercula
866 4083 1155 4155 separeris.
1206 4081 1347 4149 Quid
1374 4082 1540 4152 igitur
1574 4081 2031 4152 chorepiscopum

448 4179 691 4243 incursas,
746 4184 801 4232 et
859 4175 1062 4231 veteris
1114 4174 1416 4229 inimicitia;
1466 4172 1603 4230 facis
1655 4174 2037 4229 mentionem?

448 4270 590 4337 Quid
626 4270 692 4324 de
736 4269 896 4324 nobis
951 4267 1199 4337 quereris
1226 4268 1386 4336 221
1420 4268 1564 4337 quod
1597 4265 1786 4321 faciles
1819 4267 2033 4321 calum-

449 4362 559 4415 niis
586 4375 748 4415 anres
791 4358 1156 4429 praebeamus,
1188 4372 1253 4410 ac
1292 4372 1397 4409 nun
1444 4354 1628 4423 potius
1673 4355 1741 4409 de
1792 4364 1844 4409 te
1895 4354 2036 4424 ipse,

2138 3258 2214 3327 μὴ
2242 3257 2613 3327 ἀφιστάμενος
2635 3273 2650 3288 ⁸
2685 3258 2926 3331 τοσούτῳ
2965 3256 3060 3315 οὖν
3095 3279 3155 3316 σε
3191 3264 3393 3333 μᾶλλον
3426 3265 3596 3336 ἐχρῆν
3637 3266 3732 3318 εὐ·-

2135 3346 2310 3410 κόλως
2339 3347 2499 3418 ἡμῶν
2526 3344 2665 3403 εἶναι
2691 3352 2759 3421 τῇ
2795 3348 3041 3415 ἀξιώσει,
3097 3353 3318 3424 ὅσῳπερ
3359 3354 3539 3424 λέγεις
3572 3356 3731 3408 ἐλεύο

2136 3439 2293 3509 θερος
2317 3432 2458 3492 εἶναι
2481 3440 2686 3503 παντὸς
2713 3442 3029 3510 σωματικοῦ
3058 3444 3266 3507 πάθους
3291 3461 3307 3477 ο
3347 3445 3474 3499 οὔτε
3506 3445 3615 3519 γὰρ
3636 3447 3734 3503 τὸν

2136 3529 2607 3603 ἐϐδομηκονταετῆ
2635 3533 2898 3601 γεγονότα
2929 3535 3187 3606 πείθομαι
3216 3537 3483 3606 ἐμπαθῶς
3506 3543 3734 3607 γυναικὶ

2137 3624 2430 3687 συνοικεῖν,
2463 3621 2586 3677 οὔτε
2608 3624 2685 3689 ὡς
2721 3625 2814 3678 ἐπὶ
2846 3629 3117 3700 γενομένῃ
3146 3630 3255 3682 τινὶ
3287 3631 3478 3701 ἀτόπῳ
3506 3632 3709 3703 πράξει

2136 3712 2421 3784 ὡρίσαμεν
2448 3712 2485 3768 ἁ
2512 3715 2608 3768 καὶ
2646 3715 2929 3788 ὼρίσαμεν
2948 3733 2964 3749 ο
2991 3718 3110 3772 ἀλλ’
3138 3720 3329 3792 ἐπειδὴ
3368 3722 3732 3796 ἐδιδάχθημεν

2138 3804 2292 3877 παρὰ
2336 3806 2432 3859 τοῦ
2472 3806 2828 3878 Ἀποστόλου,
2885 3811 2960 3881 μὴ
3007 3812 3214 3866 τιθέναι
3264 3814 3601 3887 πρόσκομμα
3649 3816 3732 3888 τῷ

2137 3896 2353 3969 ἀδελφῷ
2407 3899 2707 3954 σκάνδαλον
2730 3917 2745 3931 ·
2796 3901 3018 3973 οίδαμεν
3072 3904 3129 3958 δὲ
3158 3905 3241 3959 ὅτι
3279 3906 3341 3960 τὸ
3371 3909 3525 3978 παρά
3562 3925 3731 3966 τινων

2138 3988 2310 4057 ὑγιῶς
2359 3991 2681 4061 γινόμενον,
2738 3993 2921 4059 ἄλλοις
2977 3996 3201 4068 ἀφορμὴ
3255 3999 3394 4071 πρδς
3449 4000 3733 4073 ἁμαρτίαν

2139 4082 2370 4153 ὑπάρξει
2396 4099 2411 4113 ο
2452 4084 2646 4138 τούτου
2684 4085 2871 4141 ἐνεκεν
2908 4091 3347 4162 προσετάξαμεν,
3380 4093 3637 4165 ἐπόμενοι
3661 4098 3729 4168 τῇ
3818 4077 3822 4079 Α

2138 4171 2369 4246 διαταγῇ
2394 4175 2504 4228 τῶν
2528 4176 2701 4245 ἁγίων
2726 4178 3010 4250 Πατέρων,
3043 4183 3383 4255 χωρισθῆναι
3410 4203 3469 4239 σε
3496 4186 3593 4240 τοῦ
3627 4205 3732 4258 γυ-

2139 4264 2317 4319 ναίου.
2358 4266 2425 4317 Τί
2465 4265 2560 4319 οῦν
2592 4267 2849 4336 ἐγκαλεῖς
2894 4271 2972 4340 τῷ
3014 4275 3444 4347 χωρεπισκόπῳ,
3477 4278 3571 4333 καὶ
3620 4296 3731 4335 πα-

2139 4357 2297 4423 λαιᾶς
2338 4358 2538 4430 ἔχθρας
2580 4361 2896 4432 μέμνησαι;
2928 4364 2981 4417 τί
3009 4365 3066 4419 δὲ
3103 4368 3256 4437 ἡμᾶς
3286 4370 3627 4442 καταμέμφῃ
3653 4372 3731 4437 ὡς

449 4449 542 4518 qui
571 4447 768 4502 adduci
794 4462 902 4501 non
934 4455 1110 4516 potes,
1162 4454 1224 4499 ut
1267 4460 1296 4499 a
1348 4445 1600 4499 mulieris
1629 4444 2030 4501 consuetudine

2141 4451 2399 4516 εὐκόλους
2436 4453 2607 4517 ἁκοὰς
2652 4454 2879 4526 ἔχοντας
2942 4458 3023 4522 είς
3047 4458 3107 4512 τὸ
3129 4459 3226 4523 τὰς
3260 4460 3514 4527 διαϐολὰς
3556 4482 3731 4536 προσ-

449 4512 724 4598 recedas?
774 4512 951 4609 Ejice—
974 4540 1140 4609 igitur
1175 4536 1321 4593 illam
1353 4553 1421 4592 ex
1474 4538 1583 4594 tuis
1611 4538 1843 4603 aedibus,
1894 4545 1949 4593 et
1977 4538 2030 4593 in

2146 4542 2342 4609 ίεσθαι,
2378 4512 2518 4598 ⁷ἀλλ’
2566 4512 2905 4620 οὐχὶηέαυτῶ
2939 4512 3019 4621 μη
3056 4512 3732 4627 ἀνεχομένῳγάποστξιναι

452 4633 790 4688 monasterio
834 4634 1133 4687 constitue.
1191 4630 1276 4684 Sit
1304 4631 1395 4685 illa
1432 4645 1559 4685 cum
1604 4629 1938 4700 virginibus,
1986 4637 2041 4684 et

452 4725 596 4794 apud
632 4733 685 4779 te
719 4726 963 4780 serviant
995 4723 1121 4789 viri,
1156 4732 1307 4778 utne
1337 4722 1431 4777 Dei
1453 4738 1653 4777 nomen
1698 4731 1921 4793 propter
1944 4737 2042 4779 vos

455 4818 882 4888 blasphemetur.
941 4816 1069 4871 Haec
1114 4817 1290 4871 donec
1341 4814 1560 4877 feceris.
1616 4815 2040 4872 innumerabilia

453 4925 577 4980 quae
629 4924 725 4978 per
774 4908 1035 4978 epistolas
1084 4906 1284 4962 scribis
1324 4906 1461 4961 nihil
1499 4915 1551 4960 te
1588 4906 1895 4976 iuvabunt,
1945 4906 2043 4962 sed

457 5004 710 5059 morieris
757 5003 991 5068 otiosus,
1022 5016 1087 5056 ac
1128 4999 1321 5055 reddes
1364 4997 1592 5055 Domino
1638 5001 1908 5057 rationem
1940 5001 2037 5056 otii

458 5099 560 5153 tui.
596 5095 753 5164 Quod
804 5096 850 5151 si
894 5109 1063 5150 ausus
1095 5092 1268 5149 fueris
1297 5093 1433 5149 citra
1465 5093 1902 5149 emendationem
1951 5109 2045 5150 sa-

458 5189 763 5245 cerdotium
809 5186 905 5241 tibi
942 5185 1240 5252 vindicare,
1265 5185 1554 5240 anathema
1597 5185 1708 5241 eris
1740 5185 1890 5240 omni
1941 5198 2044 5255 po-

460 5281 587 5353 pulo
613 5296 631 5345 ;
668 5287 723 5333 et
749 5277 842 5348 qui
871 5286 923 5332 te
947 5276 1276 5346 receperint,
1304 5274 1769 5331 exeommuuicati
1799 5289 1899 5347 per
1921 5290 2044 5330 om-

466 5389 588 5430 nem
618 5370 923 5428 Ecclesiam
950 5377 1134 5426 erunt.

530 5660 725 5715 Const.
759 5657 849 5725 i9,
886 5657 970 5712 tit.
1022 5655 1079 5721 ’5,
1132 5652 1230 5708 lib.
1282 5668 1338 5717 ι,
1395 5648 1519 5714 cod.
1552 5648 1674 5709 ait:
1715 5647 2043 5720 Sacerdotes

530 5838 578 5870 “
606 5838 625 5892 Ι
655 5838 788 5895 Cor.
817 5852 875 5904 ι,
901 5836 994 5892 52.
1066 5836 1112 5869 ³⁷
1135 5833 1294 5889 Rom.
1327 5849 1437 5898 xw,
1462 5831 1548 5888 15.

2138 4636 2239 4706 τῆς
2269 4635 2410 4708 πρὸς
2443 4636 2542 4707 τὴν
2573 4640 2809 4706 γυναῖκα
2843 4641 3172 4713 συνηθείας;
3202 4644 3402 4701 ἔκϐαλε
3425 4648 3608 4704 τοίνυν
3640 4650 3735 4704 αῦ-

2139 4728 2241 4797 τὴν
2278 4728 2387 4782 ἀπὸ
2430 4727 2526 4783 τοῦ
2564 4729 2719 4785 οἴκου
2768 4749 2885 4801 σου,
2934 4736 3030 4789 καὶ
3076 4739 3423 4810 κατάστησον
3477 4743 3649 4813 αὐτὴν
3676 4745 3733 4796 ἐν

2145 4824 2530 4895 μοναστηρίῳ·
2562 4825 2703 4880 ἔστω
2735 4829 2919 4903 ἐκείνη
2974 4831 3116 4900 μετὰ
3161 4834 3474 4904 παρθένων,
3518 4836 3615 4889 καὶ
3666 4836 3732 4889 σὺ

2144 4915 2424 4986 ὑπηρετοῦ
2455 4916 2561 4970 ὑπὸ
2589 4918 2822 4989 ἀνδρῶν,
2858 4920 2945 4974 ἵνα
2986 4921 3061 4994 μὴ
3088 4922 3150 4976 τὸ
3175 4923 3346 4994 ὄνομα
3367 4924 3463 4980 τοῦ
3492 4925 3628 4980 Θεοῦ
3665 4927 3735 4981 δι⁹

2146 5008 2294 5079 ἡμᾶς
2324 5007 2715 5081 βλασφημῆται
2735 5026 2749 5043 ο
2778 5010 2883 5075 "em;
2916 5012 2983 5069 ἂν
3015 5013 3188 5070 ταῦτα
3234 5020 3414 5089 ποιῇς,
3448 5019 3503 5072 αί
3541 5020 3737 5090 μυριά-

2141 5098 2231 5163 δες
2260 5099 2442 5173 ἇσπερ
2468 5103 2805 5173 συγγράφεις
2824 5104 2914 5159 διὰ
2938 5104 3044 5158 τῶν
3066 5107 3387 5172 ἐπιστολῶν,
3418 5110 3572 5164 οὐδὲν
3594 5110 3737 5181 ὠφε-

2143 5188 2369 5260 λήσουσί
2404 5208 2485 5258 σε,
2527 5192 2663 5246 ἁλλὰ
2694 5194 3043 5268 τελευτήσεις
3076 5197 3286 5269 ἀργῶν,
3320 5200 3414 5253 καὶ
3435 5200 3630 5266 δώσεις
3657 5201 3735 5273 τῷ

2142 5280 2335 5352 Κυρίῳ
2362 5279 2520 5351 λόγον
2558 5285 2658 5355 τῆς
2694 5287 2922 5340 σεαυτοῦ
2953 5289 3171 5359 ἀργίας.
3219 5291 3344 5344 Ἐάν
3376 5292 3432 5345 δὲ
3458 5293 3736 5367 τολμήσῃς

2147 5371 2223 5444 μὴ
2259 5371 2695 5444 διορθωσάμενος
2728 5378 2977 5444 σεαυτὸν,
3012 5379 3335 5451 ἀντέχεσθαι
3378 5382 3479 5453 τῆς
3503 5384 3736 5455 ίερωσύ-

2150 5480 2268 5535 νης,
2302 5464 2551 5535 ἀνάθεμα
2587 5466 2688 5539 ἔσῃ
2723 5470 2887 5523 παντὶ
2921 5470 3001 5542 τῷ
3034 5470 3150 5543 λαῷ
3173 5488 3187 5504 ο
3223 5473 3319 5527 καὶ
3362 5478 3411 5528 οί
3457 5475 3737 5547 δεχόμενοί

2152 5572 2237 5622 σε,
2268 5556 2601 5629 ὲκκήρυκτοι
2632 5561 2776 5614 κατά
2802 5564 2987 5616 πᾶσαν
3026 5564 3359 5636 Ἐκκλησίαν
3388 5569 3737 5640 γενήσονται.

2233 5647 2299 5702 ’Π
2330 5648 2393 5703 ιθ¹
2425 5649 2671 5719 διάταξις
2720 5652 2815 5708 τοῦ
2843 5651 2892 5725 γ’
2921 5655 3026 5712 τίτ.
3080 5657 3176 5712 τοῦ
3204 5665 3253 5713 α’
3278 5658 3421 5732 βισλ.
3479 5659 3573 5714 τοῦ
3604 5660 3735 5717 urbi.
