4122 6432
402 351 508 415 689

1160 348 1562 410 SYNTAGMA
1602 348 1994 411 CANONUM.
2031 371 2098 383 '—
2136 348 2282 409 TlT.
2317 346 2481 421 VIII,
2515 349 2675 409 CAP.
2716 349 2838 409 XV.

3551 350 3659 412 690

404 466 592 536 φησιν,
620 465 704 519 ότι
725 465 788 520 Ol
821 466 988 536 ἱερεῖς
1016 465 1112 518 καὶ
1151 465 1204 517 οἱ
1230 464 1509 535 κληρικοὶ,
1558 467 1749 536 μόναις
1797 482 1977 519 συνοι-
2007 511 2015 526 ι

2093 475 2135 519 ει
2154 464 2335 520 clerici
2367 465 2631 520 matribus
2660 462 3154 529 suissolummodo,
3183 462 3467 521 etﬁllabus
3484 475 3539 519 et
3569 484 3661 521 so-

407 560 671 612 κείτωσαν
699 557 972 631 μητράσιν
1001 556 1204 623 αὐτῶν,
1234 558 1328 609 καὶ
1354 556 1681 627 θυγατράσι,
1710 557 1804 610 καὶ
1831 557 1986 611 ἀδελ-

405 652 555 718 φαῖς,
591 651 688 703 καὶ
712 654 836 709 ταῖς
867 651 974 719 πρὸ
1000 649 1191 702 τούτου
1221 649 1589 720 γαμηθείσαις
1633 648 1822 712 αὐτοῖς
1843 666 1857 679 ·
1890 650 1986 702 καὶ

404 746 441 813 ὴ
470 741 537 796 ια’
564 743 707 797 διάτ.
738 741 833 794 τοῦ
854 741 1025 796 α’τίτ.
1054 742 1164 794 τῶν
1194 741 1423 813 Νεαρῶν
1450 741 1629 810 λέγει’
1656 741 1748 810 Μὴ
1781 741 1984 811 ἐχέτω-

406 854 504 889 σαν
539 836 595 887 αἰ
622 835 862 888 διάκονοι
903 834 1163 897 συνόντας
1193 835 1383 897 αὐταῖς
1425 850 1578 896 τινας
1614 833 1673 885 ὲν
1714 832 1868 899 τάξει
1893 834 1985 905 δῆ-

405 927 496 978 θεν
524 924 794 993 ἀδελφῶν,
829 924 863 995 ἢ
900 924 1200 993 συγγενῶν,
1232 923 1266 993 ἢ
1302 923 1411 975 τῶν
1450 921 1805 992 καλουμένων
1844 923 1985 990 ἀγα-

405 1016 613 1087 πητῶν’
667 1016 782 1069 ἀλλ’
828 1016 863 1087 ἢ
918 1016 1039 1070 καθ’
1101 1015 1301 1078 ἑαυτὰς
1362 1013 1716 1079 οἰκείτωσαν,
1777 1013 1814 1086 ἢ
1872 1016 1986 1076 τοῖς

406 1108 664 1179 ἀληθέσιν
713 1108 892 1163 αὐτῶν
936 1108 1207 1177 ἀδελφοῖς,
1253 1107 1288 1178 ἢ
1334 1106 1521 1170 θείοις,
1559 1105 1592 1177 ἦ
1644 1104 1917 1175 γονεῦσιν,
1948 1106 1983 1177 ἢ

408 1198 617 1253 παισίν.
651 1200 714 1252 Εἰ
738 1198 796 1252 δέ
829 1216 911 1263 τις
947 1198 1157 1268 λέγοιτο
1185 1199 1425 1252 συνεῖναι
1458 1198 1514 1251 έν
1534 1198 1985 1268 ὲσχηματισμένῃ

408 1290 586 1362 ἀγαθῇ
633 1291 999 1362 προσηγορίᾳ,
1032 1290 1242 1360 πονηρᾷ
1269 1290 1327 1343 δὲ
1371 1288 1597 1359 ὑποψίᾳ,
1634 1288 1710 1360 μὴ
1749 1306 1986 1359 χειροτο-

407 1384 624 1446 νείσθω,
656 1383 751 1435 καὶ
805 1381 1248 1452 χειροτονηθείσα
1274 1382 1330 1435 δὲ
1367 1380 1463 1435 τοῦ
1509 1382 1786 1451 σχήματος
1826 1384 1988 1433 ὲκπι-

411 1476 616 1537 πτέτω,
647 1473 952 1537 ὑπεύθυνος
994 1466 1137 1526 οὖσα
1182 1473 1280 1525 σὺν
1318 1470 1467 1541 αὑτῷ
1502 1472 1597 1525 καὶ
1625 1471 1806 1541 τούτῳ
1838 1471 1988 1543 νόμῳ

408 1566 505 1619 καὶ
532 1567 645 1628 τοῖς
676 1565 881 1627 λοιποῖς
907 1565 1021 1626 τοῖς
1046 1563 1172 1625 τοὺς
1197 1562 1434 1633 φθορέας
1468 1562 1799 1627 καλάζουσιν
1821 1578 1838 1595 ο
1869 1563 1903 1632 ὴ
1929 1562 1988 1615 δὲ

410 1658 456 1727 β’
484 1658 624 1711 διάτ.
664 1655 759 1709 τοῦ
794 1654 959 1708 αὑτοῦ
1004 1660 1052 1707 α’
1087 1654 1195 1708 τίτ.
1229 1653 1338 1706 τῶν
1367 1652 1600 1721 Νεαρῶν
1644 1653 1792 1721 λέγει
1815 1669 1831 1685 ⁸
1861 1653 1988 1723 Μη-

407 1749 518 1811 δεὶς
552 1746 809 1817 κληρικδς
842 1747 1079 1814 γυναῖκα
1108 1744 1183 1815 μὴ
1229 1744 1389 1814 ἔχων,
1440 1743 1768 1797 ἐπείσακτον
1814 1744 1987 1814 ἐχέτω

410 1842 470 1894 ἑν
492 1839 571 1911 τῷ
597 1811 730 1910 οίκῳ
773 1811 962 1901 αὑτοῦ,
995 1811 1136 1907 πλὴν
1171 1811 1411 1908 μητρὸς,
1447 1836 1542 1889 καὶ
1569 1811 1875 1908 θυγατρὸς,
1895 1835 1990 1889 καὶ
2024 1811 2064 1865 Β

408 1933 664 2004 ἀδελφῆς,
696 1932 790 1986 καὶ
811 1931 920 1983 τῶν
950 1929 1125 1993 ἄλλως
1148 1927 1498 1982 ἀνυπόπτων.
1531 1928 1594 1981 El
1627 1928 1686 1984 δὲ
1720 1928 1796 1999 μὴ
1817 1928 1991 1988 ταῦτα

410 2023 811 2097 παραφυλάξει,
848 2023 943 2076 καὶ
979 2022 1060 2085 δὶς
1094 2020 1470 2090 ὑπομνησθεὶς
1496 2019 1603 2073 ὑπὸ
1641 2018 1736 2072 τοῦ
1764 2020 1991 2073 ἔιπισκό⁶

410 2134 517 2171 που
551 2116 583 2187 ἢ
615 2115 723 2169 τῶν
749 2113 1154 2184 συγκληρικῶν,
1187 2112 1263 2183 μὴ
1299 2112 1505 2184 ἐκϐάλῃ
1521 2112 1825 2183 αὑτὴν,καὶ
1856 2129 1992 2165 κατ-

410 2207 708 2280 ηγορηθεὶς
743 2191 1062 2277 ’ἀποδειχθῇ
1112 2206 1684 2276 συναναστρεφόμενος
1734 2204 1993 2272 ἀσέμνως

409 2302 573 2370 αὐτῇ,
602 2296 972 2368 καθαιρείσθω
1000 2296 1097 2349 καὶ
1122 2295 1349 2350 διδόσθω
1371 2298 1438 2366 τῇ
1465 2295 1627 2367 βουλῇ
1655 2295 1754 2366 τῆς
1782 2295 1993 2360 πόλεως

410 2387 479 2466 ἧς
504 2389 574 2465 ἦν
608 2391 903 2463 κληρικόςο
931 2390 1228 2452 ἐπίσκοπος
1264 2390 1321 2442 δὲ
1347 2388 1579 2442 καθόλου
1611 2390 1833 2457 γυναικὶ
1865 2405 1993 2440 συν-

411 2487 510 2551 ὼν,
558 2486 903 2557 καθαιρεῖται
925 2501 939 2516 ο
986 2482 1110 2537 οὕτε
1145 2483 1203 2536 δὲ
1234 2482 1556 2537 διακόνισσα
1598 2483 1869 2536 συνοικεῖν
1901 2480 1994 2533 δύφ

412 2579 570 2635 ναταί
602 2595 710 2631 τινι
744 2574 1025 2647 δυναμένῳ
1076 2578 1225 2646 σχεῖν
1261 2575 1500 2644 ὑποψίαν
1546 2575 1784 2644 ἄσεμνον
1806 2589 1821 2604 ⁸
1858 2573 1993 2627 ὑπο-

417 2670 835 2741 μιμνησκομένη
881 2668 954 2721 δὲ·
992 2668 1141 2738 παρὰ
1180 2664 1276 2719 τοῦ
1328 2666 1657 2730 ἐπισκόπου,
1698 2667 1796 2720 ἐὰν
1830 2667 1994 2721 αὐτὸν

415 2761 666 2814 ἐκϐαλεῖν
712 2758 1036 2829 ὑπέρθηται,
1083 2759 1358 2829 στερεῑται
1410 2758 1509 2827 τῆς
1547 2757 1851 2830 ὑπηρεσίας
1899 2760 1995 2811 καὶ

416 2853 525 2906 τῶν
554 2852 799 2921 διαρίων,
828 2851 924 2903 καὶ
962 2850 1294 2920 ἐμϐάλλεται
1328 2850 1699 2923 μοναστηρίῳ,
1736 2850 1867 2922 ὅλην
1895 2850 1994 2921 τὴν

416 2944 561 3012 ζωὴν
594 2941 767 3010 αὐτῆς
791 2956 808 2970 ⁸
839 2939 1029 2994 καὶτὰ
1074 2939 1381 3009 πράγματα
1416 2939 1607 3010 αὐτῆς,
1656 2940 1705 2993 εί
1752 2942 1852 3009 μὲν
1881 2937 1995 3010 ἔχει

417 3035 633 3099 παῖδας,
666 3032 950 3101 ἀναλόγως
986 3033 1067 3094 εἰς
1096 3030 1266 3102 αὐτὴν
1296 3030 1392 3084 καί
1424 3030 1623 3092 αὐτοὺς
1658 3028 1992 3101 μερίζονται,

416 3125 600 3179 καὶτὸ
647 3123 888 3195 ἁρμόζον
926 3122 1065 3193 αὐτῇ
1118 3120 1285 3193 μέρος
1331 3120 1393 3174 τὸ
1448 3121 1809 3191 μοναστήριον
1854 3120 1994 3192 ὑπὲρ

416 3214 737 3287 ἀποτροφῆς
768 3213 941 3283 αὐτῆς
977 3211 1278 3282 λαμϐάνει’
1330 3214 1379 3265 εί
1412 3212 1469 3266 δὲ
1522 3211 1599 3283 μὴ
1629 3212 1744 3282 ἔχει
1773 3211 1990 3279 παῖδας,

416 3309 452 3377 ἡ
507 3307 773 3378 ἐκκλησία
813 3308 872 3360 ὲν
991 3300 1082 3376 ἦν,
1130 3305 1227 3360 καὶ
1256 3305 1318 3359 τὸ
1373 3305 1759 3377 μοναστήριον,
1813 3305 1997 3376 ὲξίσης

421 3398 562 3454 αὐτὰ
595 3398 928 3469 μερίζονται.

504 3491 752 3543 ΚΕΦΔΛ.
785 3489 883 3543 1Ε¹.
911 3518 979 3529 -
1008 3488 1140 3555 Πῶς
1178 3486 1275 3542 δεῖ
1294 3488 1688 3554 ἐπισκόπους,
1726 3488 1765 3556 ἢ
1796 3490 2001 3555 acinpr-

418 3584 585 3650 θεοὺς,
646 3582 685 3652 ἢ
735 3581 1281 3652 ἐγκρατευομένους
1300 3620 1316 3645 ,
1382 3581 1636 3635 εἰσιέναι
1688 3580 1840 3649 πρὸς
1892 3599 2000 3649 γυα-

418 3673 652 3739 ναῖκας.

661 3764 932 3819 Συνόόου
966 3763 1389 3835 Καρθατέινης
1419 3762 1621 3816 κανὼν
1645 3761 1751 3832 λη’.

490 3859 677 3913 Ὥστε
702 3855 1027 3925 κληρικοὺς
1054 3855 1093 3925 ἢ
1121 3855 1665 3926 ἑγκρατευομένους
1686 3855 1833 3923 πρὸς
1854 3870 2001 3923 παρ-

422 3950 637 4016 θένους
668 3949 707 4016 ἣ
749 3948 938 4017 χήρας
963 3947 1050 4017 μὴ
1077 3948 1349 4003 εἰσιέναι.

491 4040 597 4110 λη’.
652 4040 921 4112 Κληρικο¹ι
962 4039 995 4109 ἢ
1052 4038 1514 4111 ὲγκρατευόμενοι
1559 4039 1697 4110 πρὸς
1748 4039 1922 4110 χήρας
1964 4038 1999 4109 ἢ

424 4131 749 4203 παρθένους,
780 4133 830 4184 εί
871 4131 946 4201 μὴ
971 4130 1090 4185 κατ’
1119 4131 1422 4202 ἐπιτροπὴν
1450 4132 1545 4185 καὶ
1571 4130 1877 4185 συναίνεσιν
1904 4130 2000 4184 τοῦ

426 4221 559 4274 ίδίου
585 4220 888 4275 ἐπισκόπου
913 4220 946 4290 ἢ
976 4222 1085 4273 τῶν
1111 4220 1523 4292 πρεσϐυτέρων,
1555 4220 1631 4291 μὴ
1670 4221 1959 4273 είσίτωσαν
1981 4238 1998 4252 ο

425 4313 692 4367 καὶτοῦτο
716 4313 771 4366 δὲ
799 4313 872 4384 μὴ
907 4314 1057 4385 μόνοι
1082 4314 1430 4368 ποιείτωσανο
1456 4314 1591 4367 ἀλλὰ
1614 4315 1752 4384 μετὰ
1772 4314 2004 4381 συγκλη-

430 4403 618 4473 ρικῶν,
648 4404 683 4474 ἢ
720 4404 859 4474 μετὰ
915 4403 1121 4458 τούτων
1175 4404 1295 4474 μεθ’
1342 4402 1416 4457 ὧν
1463 4407 1492 4458 ὁ
1537 4405 1903 4477 ὲπίσκοποςῆ
1952 4404 2001 4457 οἱ

426 4497 811 4569 πρεσϐύτεροι,
871 4498 1021 4569 μόνοι
1077 4496 1260 4568 ἔχουσι
1313 4496 1413 4568 τὴν
1466 4497 1671 4550 εἴσοδον
1724 4496 1861 4561 πρὸς
1904 4496 2004 4558 τὰς

424 4589 869 4659 τοιουτοτρόπους
897 4590 1181 4656 γυναῖκας,
1212 4588 1246 4658 ἢ
1292 4588 1427 4641 ὅπου
1473 4588 1694 4658 πάρεισι
1730 4586 2003 4658 κληρικοὶ,

426 4679 460 4752 ἢ
490 4678 697 4749 ἔντιμοί
728 4696 871 4742 τινες
900 4678 1239 4749 Χριστιανοί.

534 4771 806 4827 Συνόδου
843 4771 1093 4837 Νικαίας
1122 4770 1186 4824 τὸ
1215 4770 1517 4835 δεύτερον,
1563 4768 1764 4821 κανὼν
1790 4768 1895 4838 κβ’.

496 4868 631 4921 Ὅτι
655 4866 752 4921 δεῖ
793 4865 922 4935 μετ’
962 4864 1350 4934 εὐχαριστίας
1381 4861 1481 4916 καὶ
1531 4861 1737 4927 πάσης
1761 4860 2004 4930 φειδοῦς

430 4962 528 5015 καὶ
552 4960 869 5024 εὐλαϐείας
892 4955 1202 5026 μοναχοὺς
1226 4957 1279 5010 ει
1304 4954 1506 5025 συμϐῇ
1523 4953 1673 5023 μετὰ
1702 4952 2004 5023 γυναικῶν

429 5053 676 5107 ἐσθίειν.

501 5145 607 5216 κβ’.
643 5143 765 5212 Θεῷ
824 5142 925 5213 μὲν
953 5141 1014 5194 τὸ
1062 5141 1170 5194 πᾶν
1225 5137 1596 5202 ἀνατίθεσθαι,
1646 5135 1741 5191 καὶ
1783 5136 1843 5189 οὐ
1900 5136 2013 5198 τοῖς

436 5236 584 5298 ἰδίοις
609 5234 736 5304 θελή
747 5249 880 5303 μασι
922 5230 1264 5295 δουλοῦσθαι,
1318 5229 1461 5300 μέγα
1489 5229 1678 5300 χρῆμα
1714 5228 1972 5297 τυγχάνει
1994 5243 2009 5257 ο

434 5326 572 5381 Εἴτε
603 5326 715 5394 γὰρ
747 5324 1000 5389 ἐσθίετε,
1029 5323 1149 5376 sits
1183 5322 1405 5384 πίνετε,
1429 5320 1457 5373 ό
1486 5320 1629 5383 θεῖος
1668 5319 2011 5382 Ἀπόστολος,

433 5415 632 5469 πάντα
663 5418 752 5481 εὶς
778 5415 967 5479 δόξαν
1001 5412 1150 5468 Θεοῦ
1190 5411 1410 5465 ποιεῖτε
1434 5452 1450 5478 ,
1482 5411 1635 5481 φησί.
1668 5410 1899 5480 Χριστὸς
1924 5409 2015 5463 οὖν

2087 556 2323 622 roribus,
2365 565 2419 611 et
2451 570 2574 627 quae
2603 555 2738 624 ipsis
2779 564 2939 609 antea
2990 555 3294 623 nupserim,
3326 556 3657 614 cohabitenl.

2084 649 2354 704 Etconst.
2395 649 2449 703 1.
2504 649 2586 703 tit.
2645 649 2671 702 l
2719 646 3115 702 Novellarum:
3168 646 3502 703 Diaconissaa
3554 650 3664 716 (ln-

2084 742 2224 812 quit)
2292 741 2472 796 nullos
2528 756 2715 795 secum
2782 740 2906 795 loco
2972 738 3223 806 fratrum,
3284 750 3663 810 cognatorum,

2084 842 2180 887 aut
2237 834 2331 903 qui
2395 832 2579 887 dilecti
2633 840 2936 891 vocantur.
2993 831 3304 887 habitantes
3366 832 3662 887 habento:

2085 922 2181 978 sed
2240 932 2336 977 aut
2378 922 2530 988 solae,
2583 929 2678 976 aut
2714 936 2837 975 cum
2889 921 3165 990 germanis
3219 921 3336 976 suis
3375 921 3663 986 fratribus,

2085 1014 2298 1084 patruis
2330 1014 2497 1068 etiam
2530 1014 2613 1067 vel
2642 1013 2950 1078 avunculis,
2985 1020 3081 1067 aut
3124 1012 3443 1083 parentibus
3474 1014 3559 1067 vel
3600 1014 3665 1067 ﬁ--

2088 1108 2178 1162 liis
2213 1107 2519 1162 habitante.
2550 1105 2709 1175 Quod
2736 1107 2783 1162 si
2818 1120 2936 1176 quae
2958 1105 3061 1160 sub
3089 1106 3272 1174 specie
3308 1107 3527 1161 honesti
3566 1122 3666 1160 no-

2086 1198 2276 1263 minis,
2306 1198 2405 1253 sed
2435 1213 2545 1251 non
2578 1199 2787 1267 absque
2837 1198 2974 1251 mala
3024 1197 3339 1267 suspicione
3382 1196 3665 1268 [cuipiam]

2087 1292 2405 1350 cohabitare
2433 1291 2668 1357 dicatur,
2700 1307 2769 1346 ne
2801 1291 3085 1346 ordinator
3114 1309 3128 1345 :
3163 1306 3227 1345 ac
3263 1306 3394 1345 vero
3422 1292 3533 1360 jam
3576 1307 3669 1345 er-

2086 1383 2295 1445 dinata,
2346 1381 2415 1435 ab
2447 1381 2640 1436 habitu
2676 1380 2963 1436 excidito:
3008 1391 3062 1435 et
3115 1395 3242 1435 cum
3289 1382 3670 1437 cohabilatore

2089 1476 2217 1529 huic
2247 1474 2351 1544 legi
2388 1473 2725 1544 reliquisque
2772 1488 2895 1542 quae
2930 1473 2982 1527 in
3017 1480 3367 1541 stupratores
3416 1474 3671 1527 animad-

2087 1576 2328 1631 vertunt,
2362 1565 2603 1619 obnoxia
2633 1572 2776 1619 esto.
2824 1564 3060 1618 Coustit.
3112 1571 3293 1618 autem
3340 1562 3396 1627 2,
3422 1558 3687 1632 ejusdem

2088 1663 2176 1714 tit.
2236 1659 2264 1713 1
2327 1656 2679 1712 Novellarum
2755 1656 2932 1710 dicit:
2989 1654 3185 1710 Nullus
3256 1655 3514 1720 clericus,
3578 1655 3670 1724 qui

2090 1769 2320 1809 uxorem
2361 1768 2471 1807 non
2503 1753 2687 1816 habet,
2738 1764 2935 1821 praeter
2974 1758 3226 1813 matrem,
3286 1750 3476 1816 ﬁliam,
3512 1765 3673 1806 soro-

2093 1861 2226 1911 rem,
2253 1845 2393 1901 etin
2423 1859 2564 1915 quas
2593 1844 2798 1913 alioqui
2848 1843 3092 1912 suspicio
3133 1857 3239 1896 non
3270 1840 3437 1905 cadit,
3479 1841 3536 1894 in
3583 1840 3676 1893 do-
3777 1861 3789 1872 -

2094 1955 2183 1995 mo
2212 1956 2312 1997 sua
2332 1940 2621 1995 ascititiam
2643 1937 2968 2011 [mulierem]
3013 1937 3234 1992 habeto.
3268 1937 3425 2001 Quod
3479 1936 3525 1990 si
3561 1935 3677 1988 huic

2092 2046 2203 2085 non
2228 2029 2621 2096 observaverit,
2654 2039 2708 2084 et
2734 2029 2817 2085 bis
2848 2029 2917 2082 ab
2948 2027 3207 2098 episcopo
3236 2033 3332 2080 aut
3370 2026 3532 2094 222
3560 2025 3676 2079 col-

2092 2120 2229 2189 legis
2276 2121 2595 2176 admonitus
2628 2120 2914 2175 mulierem
2951 2136 3058 2174 non
3109 2119 3352 2188 ejecerit,
3388 2119 3473 2172 vel
3516 2133 3677 2173 accu-

2094 2223 2250 2269 satus
2308 2214 2573 2283 probetur
2626 2213 2920 2268 inhoneste
2975 2227 3103 2267 cum
3153 2211 3246 2267 illa
3300 2210 3672 2265 conversari:

2094 2304 2401 2372 deponitor,
2441 2314 2496 2359 et
2549 2303 2717 2359 curiae
2748 2303 2989 2359 civitatis
3038 2302 3091 2357 in
3137 2317 3243 2373 qua
3288 2301 3521 2356 clericus
3554 2300 3675 2366 fuit,

2094 2394 2348 2451 traditor.
2379 2393 2684 2464 Episcopus
2733 2402 2939 2459 autem,
2972 2393 3067 2461 qui
3120 2391 3339 2446 mulieri
3375 2390 3675 2454 cohabitat,

2095 2485 2321 2541 omnino
2348 2486 2659 2556 deponitur.
2686 2483 2875 2554 Neque
2898 2499 3031 2539 vero
3060 2483 3375 2538 diaconissa
3412 2481 3674 2551 cuipiam,

2095 2579 2150 2632 in
2191 2592 2352 2648 quem
2391 2577 2613 2632 sinistra
2644 2575 2886 2645 suspicio
2913 2574 3094 2639 cadat,
3132 2572 3450 2628 cohabitare
3478 2581 3675 2640 potest.

2096 2669 2229 2735 Qua:
2254 2670 2324 2723 ab
2353 2668 2611 2738 episcOpo
2663 2663 3121 2727 commonefacta,
3176 2664 3222 2719 si
3264 2663 3415 2717 illum
3474 2662 3674 2730 ejicere

2096 2760 2329 2825 dilIerat,
2365 2759 2633 2829 spoliatur
2681 2758 2988 2819 ministerio
3039 2764 3093 2809 et
3130 2738 3344 2815 diariis,
3390 2761 3554 2824 atque
3583 2767 3679 2820 per

2097 2870 2315 2911 omnem
2347 2855 2515 2909 vitam
2553 2867 2711 2907 suam
2747 2853 2798 2906 in
2829 2848 3226 2904 monasterium
3269 2845 3537 2911 injicitur.
3572 2842 3679 2898 Res

2096 2957 2278 3004 autem
2310 2948 2450 3018 ejus,
2479 2946 2525 3001 si
2572 2945 2771 3000 liberos
2806 2943 3024 3005 habeat,
3072 2941 3217 2995 inter
3249 2940 3420 3007 ipsam
3450 2947 3505 2991 et
3557 2938 3679 2991 illos

2098 3055 2199 3111 pro
2228 3050 2345 3095 rata
2376 3038 2697 3093 dividuntur
2726 3053 2741 3089 :
2793 3044 2847 3089 et
2877 3049 2998 3103 quae
3029 3032 3132 3101 ipsi
3185 3031 3363 3101 portio
3391 3029 3675 3099 competit,

2098 3145 2219 3184 eam
2257 3144 2360 3199 pro
2400 3128 2521 3197 ejus
2572 3125 2831 3180 alimonia
2881 3122 3274 3178 monasterium
3333 3122 3479 3191 capit
3518 3138 3531 3175 :
3578 3114 3676 3172 ‘sin

2100 3221 2303 3276 liberos
2352 3234 2460 3273 non
2495 3218 2681 3281 habet,
2716 3216 2947 3271 ecclesia
2982 3215 3037 3269 in
3077 3230 3185 3284 qua
3216 3222 3357 3279 erat,
3407 3220 3462 3268 et
3491 3228 3672 3268 mona-

2100 3313 2328 3369 sterium
2359 3326 2427 3368 ex
2466 3324 2625 3375 aequo
2665 3309 2788 3364 illas
2813 3308 3152 3381 partiuntur.

2173 3484 2324 3538 CAP.
2368 3485 2483 3541 XV.
2513 3516 2586 3526 ——
2613 3484 2892 3551 Quomodo
2928 3486 3198 3555 episcopos
3233 3483 3311 3539 vel
3342 3484 3560 3538 clericos
3594 3483 3677 3536 vel

2100 3579 2422 3632 continentes
2447 3577 2691 3631 accedere
2728 3577 2908 3631 deceat
2941 3578 3010 3631 ad
3038 3577 3305 3632 mulieres.

2372 3754 2603 3809 Concilii
2642 3750 3080 3822 Carthaginensis
3109 3767 3279 3804 canon
3317 3751 3406 3804 50.

2177 3846 2246 3901 Ut
2272 3848 2472 3911 clerici,
2507 3846 2585 3900 vel
2630 3848 2974 3910 continentes,
3003 3843 3072 3897 ad
3108 3845 3333 3913 virgines
3373 3846 3449 3898 vel
3493 3843 3681 3896 riduas

2101 3956 2205 3993 non
2235 3940 2506 3994 accedant.

2173 4031 2262 4087 58.
2293 4028 2558 4085 Utclerici
2578 4028 2644 4096 ",
2663 4028 2748 4083 vel
2769 4028 3135 4091 continentes,
3157 4028 3436 4086 ad.viduas
3467 4029 3547 4080 vel
3570 4027 3681 4087 vir-

2102 4122 2280 4193 gines,
2309 4120 2415 4175 nisi
2446 4135 2510 4175 ex
2536 4119 2696 4188 jussu
2742 4120 2824 4174 vel
2856 4120 3127 4190 permissu
3162 4118 3545 4187 episcoporum
3590 4126 3687 4171 aut.

2103 4218 2566 4289 presbyterorum,
2622 4232 2729 4272 non
2776 4216 3041 4272 accedant
3089 4236 3103 4271 :
3163 4226 3217 4271 et
3266 4218 3368 4271 hoc
3417 4231 3527 4269 non
3579 4215 3683 4269 soli

2104 4309 2330 4373 faciant,
2358 4308 2454 4363 sed
2501 4323 2625 4363 cum
2658 4308 2996 4373 conclericis,
3038 4308 3122 4363 vel
3173 4322 3297 4362 cum
3350 4307 3437 4365 his
3484 4305 3684 4376 quibus

2103 4401 2395 4471 episcopus
2423 4408 2515 4453 aut
2545 4399 2823 4470 presbyter
2850 4399 3079 4469 jusserit
3109 4419 3125 4456 :
3167 4413 3271 4459 nec
3300 4399 3401 4468 ipsi
3440 4399 3683 4468 episcolii

2036 4527 2081 4583 Β
2107 4500 2161 4545 et
2189 4492 2491 4562 presbyteri
2519 4491 2621 4583 soli
2664 4490 2901 4583 habeant
2930 4505 3215 4546 accessum
3263 4490 3330 4545 ad
3367 4490 3682 4560 hujusmodi

2112 4585 2363 4650 feminas,
2401 4583 2495 4639 sed
2532 4581 2625 4637 ubi
2669 4590 2766 4636 aut
2804 4582 2993 4637 clerici
3036 4589 3335 4652 pmsentes
3382 4592 3533 4648 sunt,
3586 4592 3683 4639 aut

2111 4692 2307 4749 graves
2334 4676 2500 4745 aliqui
2537 4674 2859 4729 Christiani.

2341 4765 2502 4834 223
2547 4762 2772 4817 Concilii
2820 4762 3030 4824 Nicami
3070 4780 3109 4819 ιι
3146 4779 3318 4818 canon
3346 4765 3436 4819 22.

2184 4856 2338 4922 Quod
2369 4863 2604 4925 oporteat
2634 4870 2753 4907 cum
2784 4854 3081 4925 gratiarum
3108 4856 3312 4908 actione
3341 4864 3389 4908 et
3430 4856 3576 4911 omni
3602 4873 3687 4912 tte—

2112 4949 2366 5005 recundia
2409 4965 2471 5002 ac
2511 4948 2761 5016 religione
2792 4947 3074 5001 monachos
3116 4964 3236 5001 cum
3285 4948 3615 5016 mulieribus,
3644 4967 3688 5005 st

2109 5043 2322 5098 accidat
2344 5082 2360 5105 ,
2392 5040 2734 5094 manducare.

2178 5132 2271 5186 22.
2304 5132 2414 5187 Dco
2444 5131 2662 5201 quidem
2692 5130 3005 5184 universum
3038 5129 3312 5193 dedicare,
3344 5138 3399 5185 et
3422 5147 3531 5185 non
3560 5146 3688 5201 pro-

2109 5226 2245 5296 priis
2272 5224 2642 5285 voluntatibus
2678 5223 2905 5286 servire,
2935 5237 3024 5277 res
3056 5237 3251 5292 magna
3274 5233 3377 5278 est.
3408 5222 3527 5278 Sive
3554 5226 3695 5277 enim

2112 5316 2419 5381 comeditis,
2469 5315 2575 5368 sive
2623 5314 2831 5376 bibitis,
2870 5312 3045 5382 inquit
3094 5314 3313 5369 divinus
3360 5314 3691 5384 Apostolus,

2114 5410 2294 5463 omnia
2334 5410 2387 5462 in
2415 5407 2509 5461 Dei
2538 5406 2762 5477 gloriam
2791 5406 2951 5475 facile
2974 5406 3041 5458 ’⁸.
3064 5405 3315 5461 Christus
3340 5416 3520 5469 autem
3556 5403 3695 5464 Deus

432 5510 463 5560 ὁ
490 5507 623 5571 Θεὸς
655 5507 815 5579 ἡμῶν
856 5508 916 5560 ἐν
942 5509 1057 5570 τοῖς
1104 5504 1461 5574 Εὑαγγελίοις
1495 5502 1661 5558 αὑτοῦ
1703 5502 1801 5567 τὰς
1846 5502 2015 5573 ἀρχὰς

2116 5510 2301 5554 neSIer
2335 5499 2390 5552 in
2426 5496 2539 5551 suis
2576 5494 2883 5567 Evangeliis
2904 5494 3073 5564 jussit
3106 5493 3449 5565 peccaton'tm
3483 5492 3693 5563 princio

436 5601 547 5656 τῶν
570 5602 991 5674 ἁμαρτημάτων
1032 5600 1323 5654 ἐκκόπτειν
1359 5598 1750 5669 προστέταχεν.
1785 5598 1859 5650 Οὐ
1911 5597 2015 5670 γὰρ

2122 5592 2212 5664 pia
2245 5605 2517 5647 resecare.
2562 5587 2681 5644 Non
2709 5589 2855 5645 enim
2885 5588 3211 5645 adulterium
3240 5588 3415 5643 solum
3445 5584 3585 5655 apud
3616 5584 3699 5658 ip-

510 5782 558 5813 ’⁸
597 5782 766 5837 Cone.
798 5778 993 5847 Afric.,
1028 5796 1077 5836 c.
1245 5779 1288 5811 ’θ
1321 5775 1340 5831 l
1375 5775 1500 5832 Cor.
1535 5791 1587 5842 ιι,
1621 5774 1710 5829 51.
