4122 6498
416 365 515 429 691

1582 355 1843 416 ΡΗΟΤΙΙ
1867 353 2374 414 PATRIARCH/E
2414 356 2522 415 CI’.

3587 354 3695 415 992

411 490 537 534 sum
568 528 571 529 ν
604 472 866 543 punitur,
930 469 1027 525 sed
1087 468 1253 522 etiam
1304 464 1649 536 cogitationis
1696 473 1878 518 motus
1937 461 2003 516 ad

2128 464 2141 531 ἱ
2173 464 2390 534 μοιχεία
2426 466 2587 533 μόνον
2632 462 2763 530 παρ’
2795 461 2960 517 αὐτοῦ
3009 460 3320 528 κολάζεται,
3349 461 3484 515 ἀλλὰ
3529 463 3629 515 κα)⁵
3662 465 3697 530 ὴ

420 567 851 641 aggrediendum
903 562 1233 618 adulterium
1290 558 1701 620 condemnatur,
1754 557 1873 625 ipso
1918 554 2006 610 di-

413 670 574 717 cente
603 678 617 715 :
651 658 758 725 Qui
806 656 1070 726 aspexerit
1104 652 1373 707 mulierem
1425 649 1494 703 ad
1539 646 2009 714 concupiscendam

416 756 610 819 ipsum,
639 767 759 805 eam
796 748 916 819 jam
961 748 1016 801 in
1047 746 1202 800 corde
1242 759 1341 797 suo
1383 741 1707 795 adulteravit
1750 740 1791 793 ⁸.
1856 735 2011 792 Unde

421 860 525 900 nos
558 856 780 914 quoque
821 839 1021 903 edocti,
1056 836 1320 891 debemus
1364 832 1726 905 cogitationes
1754 843 2007 901 purgare.

422 939 545 992 Etsi
593 938 733 992 enim
782 933 960 990 omnia
1006 931 1199 995 licent,
1249 944 1354 982 non
1410 938 1585 980 tamen
1628 925 1809 979 omnia
1855 938 2012 993 expe-

424 1031 579 1083 diunt
622 1030 667 1092 ⁸,
697 1035 757 1081 ut
785 1039 816 1078 a
848 1037 980 1079 voce
1025 1018 1320 1092 apostolica
1350 1017 1628 1072 docemur.
1664 1014 1853 1070 Cuivis
1881 1028 2013 1084 ergo

428 1117 636 1175 homini
685 1130 909 1171 necesse
953 1123 1038 1168 est
1066 1111 1377 1177 comedere,
1406 1118 1468 1164 ut
1496 1107 1645 1162 vivat
1673 1120 1689 1161 :
1717 1115 1772 1162 et
1811 1106 2013 1177 quibus

423 1222 511 1268 est
540 1210 650 1265 vita
686 1208 907 1279 quidem
938 1203 1297 1268 matrimonii,
1328 1212 1382 1259 et
1416 1203 1734 1269 liberorum,
1768 1208 1823 1257 et
1864 1199 2016 1254 laicte

425 1300 860 1367 constitutionis,
887 1298 1191 1370 permistim
1223 1295 1512 1353 comedere
1552 1296 1697 1351 viros
1728 1300 1783 1348 et
1816 1291 2015 1347 mulie-

426 1411 535 1461 res,
568 1404 650 1450 est
678 1394 747 1448 ab
776 1392 927 1450 omni
953 1390 1381 1461 reprehensione
1408 1387 1673 1450 alienum.
1706 1385 1753 1441 si
1781 1384 1944 1439 modo
1965 1383 2017 1437 ei

426 1489 522 1558 qui
553 1488 646 1542 dat
678 1485 1077 1541 nutrimentum
1126 1482 1329 1554 gratias
1373 1489 1557 1552 agant,
1591 1494 1700 1534 non
1732 1492 1858 1535 cum
1894 1491 2016 1533 sce-

428 1576 571 1633 nicis
596 1575 929 1647 quibusdam
976 1571 1194 1639 studiis,
1244 1571 1359 1626 sive
1407 1569 1670 1625 satanicis
1698 1568 1930 1624 canticis
1966 1578 2021 1623 et

430 1667 806 1725 citltarmdicis
838 1682 903 1722 ac
931 1665 1257 1721 meretriciis
1282 1662 1704 1728 inﬂexionibus;
1728 1676 1868 1731 quos
1894 1676 2019 1731 pro-

2110 558 2325 628 κίνησις
2353 557 2450 611 τοῦ
2494 556 2756 629 λογισμοῦ
2790 557 2928 627 πρὸς
2959 558 3060 628 τὴν
3087 557 3189 627 τῆς
3224 556 3471 629 μοιχείας
3518 557 3703 626 ἐγχεία-

2114 666 2289 720 ρησιν,
2322 649 2753 720 κατακέκριται·
2788 648 3040 718 λέγοντος
3070 647 3259 712 αὑτοῦ,
3299 648 3362 701 '0
3386 646 3702 714 ἐμϐλέψας

2110 741 2350 813 γυναικὶ
2387 743 2538 811 πρὸς
2566 742 2635 797 τὸ
2654 741 3023 812 ἐπιθυμῆσαι
3047 740 3261 809 αὐτῆς,
3286 741 3403 810 ἤδη
3425 741 3559 810 ἐμοί
3562 757 3705 808 χευ-

2111 851 2222 889 σεν
2248 835 2445 904 αὐτὴν
2466 834 2536 887 ἐν
2580 834 2658 902 τῇ
2682 835 2897 903 καρδίᾳ
2927 833 3137 888 αὐτοῦ.
3170 832 3367 885 Ἔνθεν
3395 831 3487 889 οὖν
3523 830 3705 899 μαθη-

2112 925 2416 991 τευθέντες,
2447 925 2741 997 λογισμοὺς
2778 924 3070 995 ὀφείλομεν
3106 923 3423 993 καθαίρειν·
3474 923 3549 976 Et
3592 919 3706 991 γὰρ

2114 1022 2212 1076 καὶ
2236 1021 2437 1075 πάντα
2470 1021 2735 1085 ἔξεστιν,
2768 1019 2907 1073 ἀλλ’
2934 1020 3005 1073 οὐ
3040 1017 3240 1071 πάντα
3281 1015 3599 1086 συμφέρει,
3631 1016 3708 1077 ὡς

2114 1115 2175 1182 ἐξ
2205 1113 2568 1184 άποστολικῆς
2611 1112 2797 1184 φωνῆς
2819 1111 3206 1181 διδασκόμεθα.
3233 1108 3586 1177 Ἐπάναγκες
3614 1107 3709 1161 οὖν

2116 1208 2235 1262 ἔστι
2259 1206 2423 1262 παντὶ
2470 1206 2626 1277 ἀνδρὶ
2668 1205 2756 1260 διὰ
2784 1204 2847 1258 τδ
2878 1206 2979 1277 ζῇν
3024 1204 3255 1259 ἐσθίειν·
3293 1203 3388 1255 καὶ
3432 1195 3517 1265 οἷς
3551 1200 3653 1270 μὲν
3682 1202 3712 1253 ὁ

2120 1302 2232 1373 βίος
2254 1301 2393 1367 ἐστὶ,
2424 1302 2605 1371 γάμου
2644 1299 2737 1353 καὶ
2764 1299 2973 1353 τέκνων
3018 1298 3114 1350 καὶ
3146 1297 3341 1366 λαῖκῆς
3386 1295 3709 1358 διαθέσεως,

2118 1394 2323 1465 ἀναμὶξ
2355 1393 2558 1447 ἐσθίειν
2593 1392 2795 1464 ἄνδρας
2842 1391 2939 1445 καὶ
2976 1393 3264 1461 γυναῖκας,
3298 1390 3409 1442 τῶν
3452 1386 3715 1457 ἁδιαδλή-

2120 1502 2231 1537 των
2264 1483 2381 1537 ὲστί
2399 1501 2415 1516 ο
2448 1482 2611 1555 μόνον
2634 1482 2712 1553 τῷ
2736 1482 2930 1535 διδόντι
2956 1481 3057 1551 τὴν
3089 1480 3313 1553 τροφὴν,
3341 1478 3441 1549 τὴν
3488 1478 3712 1547 εὐχαρι-

2122 1576 2279 1631 στίαν
2326 1576 2724 1647 προσάγοντας,
2783 1574 2879 1627 καὶ
2929 1573 3008 1644 μὴ
3059 1571 3151 1627 διά
3192 1588 3355 1626 τινων
3397 1568 3715 1641 θυμελικῶν

2122 1669 2591 1742 ἐπιτηδευμάτων,
2633 1666 2814 1720 εῐτουν
2869 1664 3186 1720 Σατανικῶν
3230 1663 3517 1736 ᾀσμάτων,
3552 1662 3714 1715 κιθα-

429 1761 644 1833 phetica
675 1758 983 1816 exsecratio
1018 1757 1386 1827 persequitur,
1418 1755 1500 1810 sic
1525 1754 1714 1809 dicens
1752 1770 1767 1808 :
1805 1752 1897 1807 Va:
1929 1752 2021 1823 qui

2128 1763 2236 1835 ρῶν
2262 1780 2323 1816 τε
2375 1763 2471 1815 καὶ
2523 1761 2799 1833 πορνικῶν
2841 1759 3228 1829 λυγισμάτων·
3277 1752 3360 1821 οἷς
3419 1757 3716 1826 ἐπέρχεται

432 1819 553 1905 cum
580 1850 789 1904 cithara
812 1858 859 1902 et
890 1846 1145 1916 psalterio
1169 1846 1347 1900 vinum
1371 1843 1575 1906 bibunt,
1601 1841 1817 1897 Domini
1842 1819 2019 1895 autem

2128 1819 2442 1925 προφητικὴ
2478 1819 2817 1923 ἀρὰιούτωσὶ
2860 1819 3128 1918 λεγούσα·
3176 1848 3320 1902 Οὐαὶ
3341 1819 3409 1901 -οι
3632 1863 3719 1897 κι-

432 1958 595 2012 opera
644 1957 748 1994 non
784 1937 1108 2008 respiciunt,
1142 1942 1192 1991 et
1242 1952 1402 2005 opera
1449 1949 1705 1987 manuum
1755 1932 1869 2002 ejus
1918 1947 2024 1986 non

438 2033 777 2087 considerant
811 2032 853 2086 ³.
891 2031 961 2085 Et
1006 2029 1180 2085 sicubi
1212 2030 1348 2083 tales
1374 2028 1579 2083 fuerint
1606 2026 1747 2079 inter
1766 2025 2026 2087 Christia-

436 2141 560 2191 nos,
607 2126 997 2195 corrigantur:
1032 2124 1118 2179 sin
1171 2122 1375 2186 minus,
1420 2121 1685 2174 adversus
1726 2133 1822 2173 eos
1856 2117 2025 2173 robur

435 2230 597 2271 suum
629 2214 912 2269 obtineant
943 2228 1066 2283 qua:
1103 2211 1172 2267 ab
1218 2211 1306 2277 iis,
1337 2210 1429 2281 qui
1467 2223 1571 2263 nos
1602 2214 2023 2278 praecesserunt,

436 2306 700 2363 canonice
728 2304 928 2360 tradita
953 2312 1101 2360 sunt.
1130 2303 1233 2358 Cui
1272 2310 1456 2356 autem
1494 2300 1679 2371 quieta
1719 2308 1805 2356 est
1830 2300 1940 2353 vita
1975 2306 2029 2354 et

439 2396 707 2463 solitaria,
763 2404 824 2452 ut
863 2396 957 2467 qui
991 2394 1225 2452 Domino
1259 2394 1371 2450 Deo
1412 2393 1604 2465 jugum
1656 2391 2026 2447 monasticum

440 2490 633 2544 tollere
679 2491 953 2557 statuerit,
988 2488 1044 2545 in
1089 2487 1385 2544 solitudine
1418 2496 1473 2541 et
1524 2484 1746 2540 silentio
1793 2483 2025 2539 sedebit.

438 2580 605 2651 Atqui
639 2579 805 2652 224
839 2595 939 2635 nec
981 2578 1052 2634 iis
1080 2576 1267 2643 etiam,
1298 2576 1391 2648 qui
1426 2575 1594 2629 vitam
1633 2573 2028 2631 sacerdotalem

439 2673 724 2745 elegerint,
774 2673 903 2728 licet
951 2672 1179 2727 omnino
1222 2684 1472 2726 seorsum
1522 2684 1648 2725 cum
1704 2666 2031 2723 mulieribus

444 2764 753 2830 comedere,
786 2764 891 2820 nisi
920 2763 1107 2832 utique
1133 2777 1258 2817 cum
1286 2760 1488 2816 divinis
1516 2770 1571 2815 et
1601 2760 1872 2831 religiosis
1899 2759 2034 2815 viris

443 2870 508 2911 ac
537 2855 859 2911 mulieribus
885 2873 899 2910 :
928 2862 988 2910 ut
1020 2856 1199 2926 ipsum
1227 2846 1394 2908 etiam
1428 2851 1745 2907 convivium
1775 2851 1844 2907 ad
1868 2851 2033 2922 spiri-

447 2946 609 3001 taiem
639 2948 1034 3003 correctionem
1057 2947 1313 3002 adducat.
1338 2944 1506 3000 Porro
1528 2943 1764 3016 idipsum
1781 2945 1948 3000 etiam
1978 2944 2033 2998 in

444 3039 691 3111 cognatis
716 3039 940 3095 faciant.
968 3037 1024 3095 Si
1049 3052 1229 3095 autem
1279 3055 1474 3094 rursus
1511 3039 1812 3110 contingat,
1831 3047 1892 3093 ut
1913 3051 2037 3109 quae

2127 1944 2314 2014 θὰρας
2342 1943 2441 1997 καὶ
2470 1943 2813 2011 ψαλτηρίου
2851 1941 2960 1994 τὸν
2990 1937 3160 1995 οἶνον
3202 1940 3509 2004 πίνοντες,
3545 1936 3619 1990 τὰ
3652 1935 3721 1988 δὲ

2126 2037 2271 2107 ἔργα
2309 2035 2535 2103 Κυρίου
2579 2035 2693 2087 οὐκ
2729 2031 3120 2101 ἐμϐλέπουσι,
3164 2029 3259 2083 καὶ
3307 2028 3381 2083 τὰ
3426 2028 3574 2097 ἔργα
3603 2025 3723 2079 τῶν

2128 2126 2343 2200 χειρῶν
2375 2125 2563 2182 αὑτοῦ
2596 2127 2669 2179 οὑ
2714 2124 3112 2178 κατανοοῦσι·
3144 2122 3240 2175 καὶ
3268 2123 3316 2174 ει
3348 2120 3574 2174 πώποτε
3610 2115 3722 2170 εῐεν

2127 2218 2363 2275 τοιοῦτοι
2390 2221 2448 2272 ὲν
2491 2219 2605 2281 τοῖς
2639 2216 3009 2286 Χριστιανοϊς,
3052 2212 3492 2284 διορθούσθωσαν
3519 2226 3533 2239 ·
3585 2212 3636 2263 εἰ
3664 2208 3721 2262 δὲ

2133 2315 2209 2386 μή
2245 2330 2332 2383 γε,
2381 2311 2757 2383 κρατείτωσαν
2788 2308 2876 2362 ἐπ’
2929 2308 3114 2370 αὐτοῖς
3161 2306 3232 2359 τὰ
3275 2303 3428 2376 παρὰ
3469 2303 3583 2356 τῶν
3616 2299 3724 2371 πρὸ

2131 2404 2291 2479 ἡμῶν
2321 2403 2623 2458 κανονικῶν
2653 2396 3171 2468 ὲκδοθέντα.οἷςίδὲ
3205 2398 3235 2450 ὁ
3266 2396 3379 2467 βίος
3403 2394 3558 2449 ἐστὶν
3587 2391 3725 2462 ησύ-

2131 2518 2248 2574 χιος
2293 2499 2389 2554 καὶ
2420 2496 2778 2569 μονότροπος,
2826 2494 2902 2558 ὡς
2951 2490 3379 2562 συνταξαμένοις
3422 2489 3618 2560 Κυρίῳ
3646 2484 3725 2556 τῷ

2131 2593 2253 2665 Θεῷ
2280 2591 2439 2664 ἡμῶν
2466 2588 2630 2658 ζυγὸν
2659 2590 2870 2659 μονήρη
2919 2582 3075 2656 ἆραι,
3107 2583 3330 2638 καθίσαι
3365 2598 3425 2634 τε
3456 2578 3602 2633 κατὰ
3632 2576 3727 2646 μό-

2133 2703 2232 2750 νας
2284 2686 2381 2739 καὶ
2436 2680 2738 2751 σιωπῆσαι,
2786 2677 2926 2732 ἀλλὰ
2981 2676 3088 2748 μὴν
3141 2676 3385 2737 καὶτοῖς
3448 2668 3725 2742 ἱερατικὸν

2133 2774 2517 2847 ἐκλεξαμένοις
2559 2774 2698 2846 βίον,
2732 2768 2965 2834 ούδόλως
2998 2768 3175 2834 ἔξεστι
3219 2764 3470 2819 κατιδίαν
3511 2757 3727 2830 γυναιξὶ

2137 2868 2460 2933 συνεσθίειν,
2490 2869 2540 2921 εί
2566 2866 2735 2939 μήπω
2769 2861 2911 2934 μετά
2949 2876 3112 2913 τινων
3142 2853 3419 2925 θεοφόὸων
3447 2850 3547 2905 καὶ
3568 2848 3727 2903 εὐλα-

2136 2964 2248 3018 ϐὦν
2273 2960 2485 3031 ἀνδρῶν
2534 2959 2569 3029 ἢ
2618 2957 2714 3012 καὶ
2745 2951 3022 3025 γυναικῶν
3046 2969 3061 2983 ·
3103 2950 3192 3004 ἵνα
3225 2946 3319 3002 καὶ
3359 2944 3502 3016 αὑτὴ
3531 2946 3567 3015 ἡ
3598 2958 3727 2996 συν-

2138 3055 2403 3118 εστίασις,
2447 3051 2586 3123 πρὸς
2662 3048 3007 3119 κατόρθωσιν
3054 3040 3435 3113 πνευματικὴν
3495 3036 3724 3106 ἁπάγῃ⁶

447 3141 579 3185 sunt
609 3130 676 3185 ad
704 3147 861 3186 usum
896 3131 1209 3186 necessaria
1250 3144 1358 3184 non
1400 3126 1591 3183 afferat
1617 3129 1922 3185 monachus
1952 3128 2026 3184 vel

2141 3147 2239 3203 xui.
2268 3146 2363 3200 ἐπὶ
2399 3142 2680 3213 συγγενῶν
2707 3141 2764 3194 δὲ
2797 3140 2857 3193 τὸ
2887 3138 3020 3192 αὐτὸ
3069 3134 3425 3189 ποιείτωσαν.
3460 3131 3525 3184 Εἰ
3552 3129 3609 3182 δὲ
3634 3127 3729 3179 καὶ

449 3220 727 3282 sacerdos.
763 3231 817 3276 et
847 3228 1070 3290 propter
1099 3220 1481 3276 necessitatem
1516 3220 1645 3276 velit
1682 3220 1799 3277 sive
1842 3221 1898 3275 in
1936 3235 2038 3290 pu-

450 3311 597 3366 blico
630 3311 954 3377 diversorio,
1007 3312 1124 3367 sive
1169 3311 1224 3366 in
1277 3311 1514 3382 alicujus
1541 3312 1705 3367 domo
1750 3314 2037 3380 divertere,

450 3403 499 3458 ei
530 3403 691 3459 liceat
720 3403 824 3460 hoc
857 3402 1057 3471 facere,
1090 3412 1278 3474 utpote
1306 3415 1535 3475 urgente
1563 3403 1914 3461 necessitate.

523 3711 679 3768 CAP.
708 3711 853 3767 XVI.
886 3745 956 3758 υ-
990 3711 1197 3768 Clerico
1250 3729 1354 3767 non
1399 3713 1522 3768 licet
1567 3713 1821 3767 interesse
1861 3712 2042 3766 convi-

458 3806 540 3861 cio
560 3822 746 3859 eorum
784 3806 875 3877 qui
896 3804 974 3861 vei
1002 3809 1219 3871 iterum,
1256 3804 1336 3860 vel
1358 3804 1502 3859 haud
1534 3814 1672 3860 recte
1708 3804 1938 3859 nubunt.

741 4007 968 4065 Concilii
1013 4008 1466 4064 Neoctesariensis
1510 4024 1680 4063 canon
1706 4007 1763 4065 7.

529 4122 582 4183 7.
616 4125 907 4198 Presbyter
946 4127 1000 4181 in
1029 4126 1237 4196 nuptiis
1266 4124 1389 4195 ejus
1429 4124 1527 4195 qui
1551 4124 1690 4180 duas
1720 4137 1919 4178 uxores
1945 4123 2045 4177 du-

456 4220 553 4286 cit,
580 4235 676 4276 seu
706 4220 959 4290 digamus
986 4218 1241 4281 edicitur,
1270 4232 1339 4273 ne
1364 4216 1705 4272 convivetur.
1730 4214 1869 4271 Cum
1898 4213 2047 4269 enim

460 4316 707 4384 requirat
739 4313 1121 4386 paenitentiam
1155 4314 1427 4385 digamus,
1458 4312 1584 4382 quis
1606 4312 1711 4366 erit
1739 4310 2043 4381 presbyter,

462 4408 557 4479 qui
607 4420 675 4461 eo
708 4407 855 4476 quod
906 4406 977 4460 sit
1004 4402 1256 4459 convivio
1304 4409 1565 4472 acceptus
1618 4398 2044 4472 [accipiendus],

462 4500 668 4573 nuptiis
696 4497 1070 4556 assentiatur?

957 4606 1216 4662 Timothei
1260 4621 1432 4660 canon
1462 4604 1549 4659 il.

533 4739 896 4810 Interrogatio
934 4740 997 4796 ll
1046 4740 1105 4797 Si
1164 4740 1290 4810 quis
1341 4738 1605 4794 clericum
1650 4739 1952 4805 vocaverit,
1988 4748 2050 4795 ut

2140 3238 2298 3303 αὖθις
2323 3240 2383 3290 ὲν
2420 3233 2699 3304 ὁδοιπορίᾳ
2728 3230 2911 3302 συμϐῇ
2938 3232 3005 3283 τὰ
3040 3227 3141 3298 τῆς
3180 3225 3489 3293 ἀναγκαίας
3539 3219 3730 3292 χρείας

2144 3331 2222 3402 μὴ
2250 3325 2611 3397 ἐπιφέρεσθαι
2648 3323 2883 3394 μοναχὸν
2916 3320 2951 3391 ἢ
2982 3320 3079 3373 καὶ
3100 3316 3374 3390 ἱερατικὸν
3400 3312 3594 3383 ἄνδρα,
3638 3310 3733 3364 καὶ

2140 3421 2229 3475 διὰ
2256 3418 2319 3472 τὸ
2342 3418 2638 3485 ἀναγκαῖον
2666 3412 2988 3477 καταλῦσαι,
3019 3410 3267 3481 βούλεται
3296 3407 3409 3460 εἴτε
3444 3406 3505 3458 ὲν
3538 3402 3732 3457 απανδοοσ

2142 3510 2275 3580 χείῳ
2304 3508 2338 3579 ἢ
2372 3506 2467 3560 καὶ
2495 3508 2553 3559 ὲν
2580 3506 2715 3574 οῐκῳ
2762 3500 2910 3563 τινος
2945 3500 3131 3554 ἄδειαν
3185 3497 3331 3567 ἔχειν
3378 3495 3546 3549 αὐτὸν
3579 3492 3734 3546 τοῦτο

2146 3604 2342 3665 ποιεῖν,
2369 3599 2445 3662 ὡς
2469 3599 2569 3667 τῆς
2593 3595 2785 3667 χρείας
2813 3587 3270 3659 κατεπειγούσης.

2216 3739 2470 3795 ΚΕΦΑΛ.
2507 3737 2622 3804 ις’.
2641 3766 2709 3777 -
2727 3732 2867 3801 Περὶ
2890 3730 2998 3785 τοῦ
3031 3727 3117 3799 μὴ
3152 3727 3421 3797 ὀφείλειν
3442 3721 3733 3794 κληρικὸν

2146 3828 2588 3887 συνεστιᾶσθαι
2623 3822 2700 3890 τῷ
2730 3818 3265 3891 δευτερογαμοῦντι
3297 3816 3337 3887 ἢ
3376 3815 3731 3884 παρανόμως

2147 3921 2458 3993 γαμοῦντι.
2926 3974 2927 3977 η

2393 4028 2663 4086 Συνόδου
2691 4021 3160 4092 Νεοκαισαρείας
3196 4018 3400 4075 κανὼν
3426 4018 3491 4084 ξ’.

2221 4151 2287 4215 ζ’.
2324 4145 2705 4221 Πρεσϐύτερον
2735 4143 2817 4206 είς
2840 4140 3021 4211 γάμον
3057 4136 3417 4208 διγαμοῦντος
3453 4135 3529 4205 μὴ
3561 4131 3735 4221 ἑστιᾷ·

2152 4247 2309 4297 σθαι·
2354 4220 2480 4295 ἐπεὶ
2531 4236 2825 4311 μετάνοιαν
2872 4231 3157 4294 αἰτοῦντος
3205 4229 3301 4283 τοῦ
3362 4228 3617 4297 διγάμου,
3654 4220 3736 4282 τίς

2150 4337 2305 4391 ἐσται
2335 4335 2365 4388 ὁ
2412 4330 2781 4405 πρεσϐύτερος
2810 4331 2838 4383 ὁ
2878 4325 2970 4382 διὰ
2997 4325 3101 4397 τῆς
3150 4322 3445 4384 ἑστιάσεως
3498 4321 3609 4381 τοῖς
3635 4313 3730 4384 γά-

2158 4443 2282 4499 μοις
2314 4419 2848 4492 συγκατατιθέμενος
2868 4434 2883 4482 ;

2631 4611 2911 4684 Τιμοθέου
2936 4608 3140 4664 κανὼν
3174 4605 3265 4660 ια’.

2240 4754 2588 4823 Ἐρώτησις.
2621 4754 2713 4803 ια’.
2758 4746 2885 4800 Ἐάν
2928 4761 3015 4809 τις
3045 4742 3252 4814 καλέσῃ
3282 4738 3546 4811 κληρικὸν
3575 4736 3653 4799 εἰς
3679 4732 3738 4785 τὸ

465 4833 815 4889 matrimonio
846 4833 1170 4902 conjungat,
1215 4832 1402 4886 audiat
1429 4837 1612 4887 autem
1647 4845 1769 4887 esse
1807 4832 2026 4887 illicitum

2155 4849 2344 4916 ζεῦξαι
2382 4845 2583 4916 γάμον,
2614 4839 2823 4913 ἀκούσῃ
2869 4838 2927 4892 δὲ
2974 4838 3065 4891 τὸν
3107 4838 3285 4907 γάμον
3340 4823 3737 4903 παράνομον,ἢ

469 4924 921 4989 matrimonium,
971 4931 1160 4993 utpote
1207 4923 1292 4977 vel
1343 4922 1525 4977 amitae
1575 4922 1917 4992 coniugium,
1969 4937 2026 4976 ve

2156 4940 2502 5010 θειογαμίαν,
2535 4935 2569 5007 ἢ
2603 4933 2735 5003 γοῦν
2768 4929 3004 5001 ἀδελφὴν
3047 4925 3452 4998 τελευτησάσης
3488 4916 3738 4993 γυναικὸς

468 5013 743 5070 defuncta:
768 5016 960 5069 uxoris
987 5030 1110 5070 esse
1135 5027 1382 5069 sororem
1414 5029 1556 5081 eam,
1584 5029 1707 5086 quae
1737 5022 1824 5069 est
1857 5014 2050 5068 matri-

470 5106 657 5161 monio
696 5105 1113 5177 coniungenda,
1163 5105 1392 5161 debetne
1441 5107 1599 5177 sequi
1654 5106 1922 5171 clericus,
1966 5106 2051 5161 vel

470 5198 650 5253 facere
679 5197 1012 5252 oblationem
1036 5195 1063 5248 ἲ

544 5310 853 5382 Responsio.
901 5310 1023 5367 Uno
1071 5311 1238 5367 verbo
1293 5312 1408 5367 dixi
1452 5331 1466 5367 :
1512 5313 1569 5369 Si
1630 5313 1900 5369 audiverit
1943 5314 2054 5369 cle-

2150 5034 2252 5103 τὴν
2287 5031 2588 5103 μέλλουσαν
2618 5024 2969 5095 ζεύγνυσθαι,
3023 5024 3075 5076 εί
3129 5021 3336 5091 ὀφείλει
3385 5015 3737 5085 ἀκολουθῆσαι

2148 5125 2177 5175 ὁ
2206 5121 2464 5195 κληρικδς
2494 5121 2529 5191 ἢ
2582 5116 2902 5191 προσφορὰν
2929 5112 3179 5184 ποιῆσαι;

2251 5319 2606 5385 Ἀπόκρισις.
2637 5312 2818 5378 Ἃπαξ
2846 5306 2997 5365 εἷπον
3014 5329 3026 5343 ·
3058 5308 3185 5363 Ἐὰν
3202 5308 3411 5381 ἀκούσῃ
3440 5307 3468 5358 ὁ
3490 5299 3737 5375 κληρικὸς

470 5405 620 5462 ricns
683 5405 937 5461 illicitum
998 5405 1441 5470 matrimonium,
1497 5423 1607 5463 non
1654 5409 1817 5464 debet
1857 5408 2023 5464 alieni

2164 5414 2255 5467 τὸν
2293 5412 2469 5481 γάμον
2514 5408 2851 5478 παράνομον,
2901 5406 3002 5460 οὐκ
3035 5403 3240 5473 ὀφείλει
3288 5401 3562 5453 κοινωνεῖν
3590 5391 3738 5449 ἀλλο·

473 5502 712 5569 pcccatis
732 5499 1165 5565 communicare,
1188 5509 1250 5554 ut
1272 5500 1405 5555 dicit
1440 5501 1758 5571 Apostolus.

552 5781 569 5813 ί
602 5782 792 5837 Matth.
823 5801 875 5851 ν,
906 5785 997 5841 es.

1078 5787 1095 5815 ²
1128 5786 1146 5840 ι
1175 5785 1301 5839 Co'r.
1334 5801 1408 5851 vt,
1444 5785 1488 5849 Ι,
1521 5786 1575 5839 2.
1655 5786 1673 5815 ³
1704 5786 1894 5842 Amos.
1934 5803 2010 5847 γι,

2165 5506 2344 5575 τρίαις
2375 5501 2694 5572 ἁμαρτίαις,
2735 5496 2916 5561 καθώς
2940 5513 3104 5568 φησιν
3137 5496 3165 5545 ὁ
3206 5491 3549 5554 Ἀπόστολος.
