4122 6458
406 355 513 420 693

1117 360 1517 423 SYN'I'AGMA
1543 361 1935 423 CANONUM.
1973 388 2037 399 -
2076 363 2228 423 TIT.
2258 363 2423 437 VIII,
2459 364 2622 425 CAP.
2661 360 2993 423 XVI-XIX.

3573 347 3687 414 εει

483 471 735 526 ΚΕΦΑΛ.
764 473 866 526 ιΖ’⁶
885 504 955 514 -—
980 473 1121 542 Περὶ
1150 476 1257 528 τοῦ
1282 475 1479 545 μηδὲν
1501 477 1645 544 τοὺς
1678 478 2004 546 κληρικοὺς

2179 478 2342 548 225
2375 478 2528 533 CAP.
2561 475 2726 530 XVII.
2755 505 2824 517 —
2852 473 2937 528 Ne
2981 472 3160 526 clerici
3205 470 3493 541 quidquam
3524 481 3687 539 agant

408 559 606 616 ποιεῖτ’
637 560 788 615 ἄνευ
817 562 937 615 τῶν
957 563 1308 619 ἐπισκόπων
1340 567 1563 623 αὐτῶν.

836 656 1221 710 Ἀποστόλων
1256 659 1459 714 κανὼν
1483 660 1562 714 ).θ’

481 747 581 805 λθ¹.
618 750 683 803 Ol
716 747 1085 819 πρεσϐύτεροι
1117 749 1227 802 καὶ.
1247 750 1505 817 διάκονοι,
1533 771 1588 809 κ.
1621 772 1672 810 τ.
1705 755 1755 812 λ.

486 841 609 894 Ὅτι
638 841 702 894 ού
734 841 817 893 δεῖ
839 840 899 893 ὲν
928 843 1050 904 ταῖς
1074 843 1315 911 κώμαις,
1353 861 1408 897 κ.
1438 862 1489 899 τ.
1527 845 1579 898 λ.

414 926 685 1004 Συγόδου
713 926 1195 1004 Χαλκηδόνος-ἐκ
1232 930 1345 1004 τῆς
1380 932 1665 1003 τετάρτης
1701 936 1994 1004 πράξεως,

488 995 637 1077 ξνθα
686 998 1001 1077 anausim}
1050 999 1118 1077 τῤ
1148 995 1809 1077 ’ψφᾷλαιοίτὸίκατὰ

482 1067 857 1133 ἐπισκόπους
889 1068 1031 1134 τοὺς
1061 1067 1501 1140 ἀπἈὶγύπτου,
1534 1082 1604 1131 α’.

485 1160 550 1212 Οί
589 1158 1168 1232 μεγαλοπρεπέστατα
1207 1164 1302 1218 καὶ
1336 1166 1675 1231 ἐνδοξόταται
1713 1169 1995 1241 ἄρχοντες,

416 1249 565 1319 καὶὴ
593 1250 880 1323 ὑπερφυὴς
911 1252 1215 1323 σύγκλητος
1247 1251 1403 1309 εἶπεν
1441 1275 1457 1290 ο
1647 1308 1661 1331 λ

483 1345 554 1395 α’.
602 1340 826 1413 Ἐπειδὴ
856 1345 903 1396 οἱ
942 1342 1328 1398 εὐλαϐέστατοι
1357 1348 1646 1403 ἐπίσκοποι
1688 1352 1799 1405 τῶν
1828 1354 1998 1422 Αἰγυ-

417 1428 609 1492 πτίων,
657 1431 755 1500 οὐχ
783 1430 860 1495 ὡς
888 1430 1190 1501 μαχόμενοι
1212 1436 1279 1503 τῇ
1312 1435 1575 1509 καθολικῇ
1623 1438 1828 1506 πίστει,
1866 1443 1999 1496 ὑπο-

415 1521 625 1592 γράψαι
655 1524 719 1592 τῇ
766 1524 1028 1595 ἐπιστολῇ
1074 1523 1169 1576 τοῦ
1219 1526 1517 1581 ὁσιωτάτου
1560 1531 1996 1601 ἀρχιεπισκόπου

412 1611 661 1678 Λέοντος,
690 1612 784 1665 ἐπὶ
807 1611 900 1665 τοῦ
924 1614 1190 1685 παρόντος
1220 1616 1565 1686 ἀνεϐάλοντο,
1587 1621 1727 1675 ἀλλὰ
1757 1626 1996 1693 φάσκον-

413 1721 504 1766 τες
538 1703 657 1767 ἔθος
703 1701 843 1759 εἶναι
877 1707 936 1759 ὲν
982 1708 1048 1777 τῇ
1104 1707 1456 1783 Αἰγυπτιακῇ
1507 1711 1793 1784 διοικήσει,
1844 1716 1999 1788 παρὰ

2097 566 2213 619 sine
2250 566 2361 619 suis
2391 566 2673 635 episcopis.

2540 656 2917 727 Apostolorum
2944 668 3113 706 canon
3150 651 3242 707 59.

2165 749 2256 805 59.
2284 748 2591 821 Presbyteri
2627 759 2682 804 et
2709 747 2950 810 diaconi,
2982 754 3112 809 etc.,
3140 754 3195 797 ut
3219 759 3341 813 pag.
3374 739 3511 795 682.

2164 842 2318 908 Quod
2345 858 2449 897 non
2474 841 2765 912 oportetin
2799 840 2955 904 vicis,
2981 847 3111 903 etc.,
3134 844 3191 888 ut
3225 850 3350 903 pag.
3390 832 3512 887 507.

2096 932 2325 991 Concilii
2362 932 2810 989 Chalcedonensis
2853 945 2917 985 ea:
2946 929 3153 982 actione
3178 932 3376 993 quarta
3416 940 3483 978 ea;
3513 924 3688 992 capite

2517 1005 2583 1057 de
2614 1002 2871 1072 episcopis
2905 997 3153 1069 Egypti,
3190 998 3243 1051 1.

2170 1160 2695 1230 Magniﬁcentissimi
2726 1170 2783 1216 et
2815 1156 3199 1230 gloriosissimi
3227 1154 3445 1227 iudices
3473 1161 3529 1209 et
3557 1168 3678 1207 am-

2096 1254 2378 1324 plissimus
2397 1263 2624 1310 senatus
2640 1256 2897 1309 dixerunt
2924 1272 2938 1308 :

2169 1343 2211 1397 l.
2232 1344 2504 1409 Quoniam
2535 1343 2979 1400 reverendissimi
3015 1343 3257 1414 episcopi
3278 1340 3684 1414 Egyptiorum.

2098 1451 2209 1490 non
2266 1446 2327 1489 ut
2366 1444 2733 1506 repugnantes
2767 1435 3051 1489 catholica
3080 1434 3227 1499 ﬁdei,
3259 1432 3603 1489 subscribere
3631 1429 3685 1482 in

2098 1528 2349 1597 praesenti
2379 1528 2711 1583 distulerunt
2733 1527 2979 1597 epistolae
3032 1525 3365 1582 sanctissimi
3407 1521 3685 1590 archiepi-

2098 1620 2253 1690 scopi
2290 1620 2510 1684 Leonis,
2549 1619 2645 1676 sed
2695 1620 2939 1674 dicentes
2983 1618 3438 1673 consuetudinem
3474 1630 3596 1669 esse
3631 1614 3687 1666 in

2098 1709 2421 1782 .Egyptiaca
2463 1711 2707 1782 regione,
2733 1718 2884 1765 extra
2935 1710 3259 1765 sententiam
3300 1717 3360 1763 et
3384 1706 3686 1777 iussionem

413 1795 641 1865 γνώμην
688 1796 782 1849 καὶ
818 1796 1153 1852 διατύπωσιν
1202 1801 1295 1854 τοῦ
1344 1804 1782 1874 ἀρχιεπισκόπου
1830 1811 1997 1879 μηδὲν

2111 1803 2493 1873 archiepiscopi
2529 1802 2663 1858 nihil
2703 1800 2810 1856 tale
2850 1816 2909 1856 se
2941 1815 3104 1870 posse
3133 1798 3269 1870 (66);
3312 1806 3545 1868 possunt
3587 1811 3688 1849 au-

413 1887 656 1941 τοιοῦτον
677 1891 875 1955 ποιεῖν,
924 1891 1022 1944 καὶ
1056 1892 1299 1957 ἀξιοῦσιν
1329 1894 1612 1965 ὲνδοθῆναι
1656 1900 1841 1964 αὐτοῖς
1868 1902 1997 1973 ἄχρι

411 1978 514 2048 τῆς
542 1980 879 2052 χειροτονίας
903 1982 998 2035 τοῦ
1026 1983 1289 2054 ἐσομένου
1316 1985 1426 2055 ,τῆς
1458 1987 1852 2061 Ἀλεξανδρέων
1898 2009 1997 2064 με·

411 2072 758 2140 γαλοπόλεως
800 2074 1125 2141 ἐπισκόπου,
1159 2075 1384 2145 εὔλογον
1420 2079 1553 2150 ἡμῖν
1577 2081 1748 2152 ἐφάνη
1779 2083 1874 2136 καὶ
1906 2102 1996 2154 φι-

411 2161 752 2234 λάνθρωπον,
783 2161 924 2217 ὥστε
970 2164 1156 2227 αὐτοῖς
1209 2167 1461 2236 μένουσιν
1516 2170 1613 2223 ἐπὶ
1662 2170 1757 2224 τοῦ
1809 2174 2000 2243 ὁμοίου

416 2255 697 2325 σχήματος
736 2258 795 2308 ὲν
824 2258 890 2328 τῇ
933 2256 1294 2330 βασιλευούσῃ
1346 2259 1520 2327 πόλει,
1569 2260 1775 2317 ἔνδοσιν
1824 2281 2002 2337 παρα-

414 2346 675 2414 σχεθῆναι
716 2348 879 2417 ἄχρις
920 2347 987 2401 ἂν
1018 2348 1383 2420 ’χειροτονηθῇ
1421 2349 1872 2423 ξάρχιεπίσκοπος
1900 2359 2001 2428 τῆς

428 2438 825 2510 Ἀλεξανδρέων
854 2442 1294 2511 μεγαλοπόλεως.

489 2532 740 2587 ΚΕΦΑΛ.
774 2531 884 2589 ιη’.
914 2525 988 2574 ’-
1018 2535 1158 2602 Περὶ
1186 2535 1295 2591 τοῦ
1334 2536 1421 2607 μὴ
1449 2537 1645 2593 ποιεῖν
1676 2541 2005 2609 κληρικοὺς

414 2622 483 2678 ἐι
513 2624 828 2694 συμϐολῆς
855 2627 1191 2695 συμπόσια.

700 2713 968 2768 Συνόδου
1002 2714 1358 2785 Λαοδικείας
1396 2718 1601 2774 κανὼν
1624 2726 1721 2777 νεν.

487 2810 581 2858 νε’.
616 2803 741 2858 Ὀτι
787 2806 847 2859 οὐ
874 2807 956 2859 δεῖ
1003 2808 1317 2878 ἱερατικοὺς
1360 2812 1393 2883 ἢ
1431 2813 1727 2883 κληρικοὺς
1769 2816 1835 2867 ὲκ
1867 2831 2005 2885 συμ-

417 2894 580 2965 ϐολῆς
610 2897 893 2967 συμπόσια
920 2899 1209 2966 ἐπιτελεῖν,
1241 2902 1359 2957 ἀλλ’
1393 2904 1517 2958 οὐδὲ
1539 2906 1727 2959 λαῖκού
1742 2924 1788 2968 ς.

490 2988 743 3041 ΚΕΦΑΛ.
770 2988 872 3043 ιθν.
902 3017 974 3029 -—
994 2991 1136 3059 Περὶ
1167 2991 1279 3061 τῆς
1303 2996 1373 3047 ἐκ
1401 2998 1626 3065 χρόνον
1651 2996 1875 3065 τάξεως
1888 2996 2010 3051 τῶν

416 3079 786 3145 ἐπισκόπων,
822 3081 921 3135 καί
963 3081 1091 3148 πῶς
1118 3085 1173 3137 ol
1206 3086 1486 3154 κληρικοὶ
1520 3086 1864 3149 καθέζονται
1908 3089 2009 3144 καὶ

418 3171 671 3244 τιμῶσιν
702 3174 1040 3242 ἀλλήλους.

756 3269 1031 3323 Συνόδου
1060 3270 1312 3337 Νικαίας
1342 3271 1547 3325 κανὼν
1576 3277 1667 3344 ιη’.

495 3363 586 3428 ιη’.
614 3353 822 3412 Ἦλθεν
850 3361 932 3424 είς
952 3362 1052 3433 τὴν
1079 3361 1242 3430 ἁγίαν
1267 3364 1361 3416 καὶ
1386 3364 1631 3435 μεγάλην
1663 3362 1903 3431 σύνοδον,
1929 3365 2012 3419 ὅτι

422 3450 483 3501 εν
520 3466 631 3504 τισι
684 3451 869 3516 τόποις
911 3453 1007 3506 καὶ
1054 3454 1245 3508 πόλεσι
1295 3458 1408 3519 τοῖς
1463 3455 1878 3528 πρεσϐυτέροις,
1912 3457 2013 3528 τὴν

420 3541 776 3613 εὐχαριστίαν
800 3546 850 3597 οῖ
888 3543 1127 3598 διάκονοι
1156 3544 1413 3609 διδόασιν,
1445 3562 1500 3599 κ.
1532 3564 1583 3601 τ.
1619 3544 1673 3598 λ.

656 3633 932 3687 Συνόδου
958 3633 1312 3700 Λαοδικείας
1345 3633 1548 3688 κανὼν
1579 3642 1651 3701 κ’,
1685 3634 1794 3701 νς’.

491 3723 563 3777 κ’.
593 3723 720 3777 Ὅτι
763 3724 826 3777 ού
868 3725 950 3778 δεῖ
983 3724 1233 3779 διάκονον
1272 3724 1585 3795 ἔμπροσθεν
1636 3727 2014 3799 πρεσϐυτέρου

421 3814 772 3882 καθέζεσθαι,
811 3815 948 3870 ἀλλὰ
989 3816 1129 3887 μετὰ
1158 3815 1465 3880 κελεύσεως
1498 3817 1596 3872 τοῦ
1638 3818 2014 3890 πρεσϐυτέρου

409 3907 780 3976 ,καθέζεσθαιο
820 3908 1022 3977 ὁμοίως
1068 3908 1126 3961 δὲ
1155 3907 1299 3978 ἔχειν
1336 3908 1502 3979 τιμὴν
1547 3908 1643 3963 καὶ
1674 3911 1801 3973 τοὺς
1829 3910 2015 3963 διακό-

424 4017 580 4063 νους,.
609 3999 714 4052 ὑπὸ
738 3997 847 4053 τῶν
874 3999 1163 4070 ὑπηρετῶν
1196 4000 1292 4054 καὶ
1325 4000 1544 4054 πάντων
1571 4000 1685 4054 τῶν
1709 4002 2013 4074 κληρικῶν.

493 4099 606 4156 νς’.
636 4092 759 4146 ’Ότι
797 4094 858 4146 οὐ
910 4093 992 4146 δεῖ
1039 4093 1471 4165 πρεσϐυτέρους,
1517 4092 1626 4164 πρὸ
1674 4095 1776 4162 τῆς
1808 4094 2015 4147 εἰσόδου

423 4183 520 4236 τοῦ
542 4184 844 4237 ἐπισκόπου
862 4183 1089 4239 εἰσιέναι
1120 4185 1217 4239 καὶ
1247 4184 1581 4247 καθέζεσθαι
1603 4187 1661 4238 ὲν
1690 4185 1766 4251 τῷ
1787 4184 2015 4255 βήματι,

426 4273 563 4327 ἀλλὰ
592 4275 730 4345 μετὰ
769 4275 866 4329 τοῦ
897 4276 1200 4330 ἐπισκόπου
1234 4276 1486 4341 εἰσιέναι,
1517 4274 1657 4347 πλὴν
1685 4277 1733 4329 εί
1768 4276 1844 4346 μὴ
1873 4278 2017 4330 ἀνω-

431 4365 632 4438 μαλοίη
660 4366 694 4438 ἢ
726 4368 1003 4436 ἀποδημεῖ
1035 4368 1063 4420 ὀ
1091 4367 1416 4429 ἐπίσκοπος.

605 4546 877 4601 Συνόδου
898 4546 1319 4617 Καρθαγέννης
1347 4545 1550 4599 κανὼν
1575 4545 1697 4612 πς’,
1726 4544 1838 4599 πθν.

500 4640 639 4707 Περὶ
676 4639 902 4705 τάξεως
931 4640 1302 4703 ἐπισκόπων,
1332 4638 1490 4693 ὥστε
1531 4639 1677 4703 τοὺς
1700 4654 2019 4708 μεταγενε-

426 4733 654 4800 στέρως
674 4733 1207 4801 χειροτονηθέντας
1221 4732 1310 4804 μὴ
1341 4730 1573 4801 τολμᾷν
1592 4731 1847 4797 ἑαυτοὺς
1876 4748 2020 4800 προ-

428 4822 609 4892 τιμᾷν
627 4823 748 4877 τῶν
779 4825 1105 4894 προτέρων.

502 4923 624 4982 πς’.
657 4918 972 4983 Βαλεντίνος
1016 4918 1319 4982 ἐπίσκοπος
1358 4915 1537 4972 εἶπεν·
1572 4916 1647 4970 Τὸ
1680 4916 1888 4986 ἀγαθὸν
1919 4916 2018 4986 τῆς

430 5007 707 5079 ὑμετέρας
731 5009 1087 5076 ἀνεξικακίας
1120 5009 1217 5064 ἐὰν
1243 5011 1537 5084 ἐπιτρέπῃ,
1558 5009 1868 5074 ἀκολούθως
1897 5009 2017 5078 ἑξη-

427 5100 671 5170 γήσομαι
699 5101 770 5154 τὰ
799 5102 857 5155 ὲν
881 5100 960 5171 τῷ
991 5100 1320 5171 προλαϐόντι
1351 5100 1533 5173 χρόνῳ
1562 5101 1642 5165 είς
1660 5098 1760 5172 τὴν
1790 5101 2016 5172 Καρχη-

505 5260 528 5292 δ
555 5262 728 5319 Cone.
755 5259 927 5316 Afric.
950 5259 1045 5316 55.

508 5422 620 5493 (66)
649 5422 775 5478 Haec
800 5423 1001 5478 desunt
1049 5422 1105 5476 in
1159 5421 1444 5493 codicibus
1484 5418 1701 5493 Divion.
1730 5427 1788 5474 et
1814 5416 2024 5475 Cerbe-

434 5491 951 5549 ien‘si.'Parisiensis
979 5493 1203 5547 mutilus
1232 5500 1318 5546 est
1351 5492 1404 5545 in
1429 5492 1533 5545 hoc
1562 5491 1701 5545 Ioco.

508 5564 623 5634 (67)
684 5564 901 5620 Divion.
950 5576 1004 5619 et
1050 5564 1290 5634 Parisrt
1325 5562 1529 5634 Aptum
1586 5560 1746 5615 nobis
1793 5567 1847 5614 et
1888 5575 2022 5615 con-

432 5651 629 5710 gruum
664 5636 919 5710 apparuit
948 5636 1003 5688 in
1029 5633 1459 5710 eodem‘habitu.
1502 5650 1520 5682 ι
1587 5699 1674 5710 Μ
1754 5704 1783 5710 .7
1876 5699 1886 5710 _

513 5704 627 5774 (68)
666 5699 978 5760 Fe’rrandus
1022 5720 1143 5773 cap.
1182 5702 1270 5756 78.
1302 5718 1369 5756 ex
1401 5718 1559 5774 conc.
1587 5699 1809 5755 Milevit.
1851 5699 1931 5774 tit.
1953 5699 2024 5753 2'5

434 5772 562 5830 nam
600 5772 983 5847 praefationem
1018 5772 1421 5846 suprapositatu
1453 5772 1616 5828 habet
1644 5774 1693 5827 is
1723 5787 1825 5841 pro
1865 5772 1951 5825 tit.
1982 5786 2021 5825 ι.

2045 4518 2100 4577 D

2106 1904 2213 1950 tem
2240 1895 2500 1950 sustineri
2554 1908 2637 1961 se,
2662 1894 2838 1948 donec
2870 1899 3220 1946 consecretur
3245 1889 3556 1959 episcopus,
3594 1886 3688 1956 qui

2104 1970 2443 2043 erdinaudus
2485 1994 2570 2041 est
2594 2000 2804 2055 magna:
2851 1982 3089 2038 civitatis
3143 1980 3487 2037 Alexandria:
3535 1995 3550 2033 :
3600 1992 3691 2031 ra-

2106 2076 2366 2130 tionabile
2395 2075 2556 2130 nobis
2584 2082 2638 2128 et
2675 2074 2918 2130 clemens
2943 2086 3064 2126 esse
3094 2069 3346 2140 apparuit
3365 2068 3501 2139 (67),
3547 2066 3606 2121 ut
3634 2067 3690 2120 iu

2104 2169 2293 2224 eodem
2317 2168 2505 2223 habita
2532 2173 2850 2236 exspectent
2894 2165 2947 2218 in
2969 2162 3117 2233 regia
3164 2160 3406 2226 civitate,
3453 2169 3509 2214 et
3549 2158 3689 2212 dila—

2104 2261 2309 2315 tionem
2334 2258 2569 2313 habeant
2586 2257 2824 2330 [Πίυὶοη.
2848 2263 2898 2310 et
2932 2254 3115 2307 Paris.
3167 2250 3391 2323 habere]
3423 2266 3597 2320 usque
3624 2248 3692 2303 ad

2107 2352 2506 2407 ordinationem
2570 2350 2769 2424 [Paris.
2833 2345 3098 2419 ordinem]
3146 2343 3540 2416 archiepiscopi
3575 2358 3694 2396 ma-

2107 2460 2229 2515 gna:
2266 2444 2507 2498 civitatis
2530 2442 2894 2497 Alexandriae.

2179 2535 2345 2605 226
2390 2534 2542 2591 CAP.
2590 2532 2779 2588 XVIII.
2820 2563 2893 2574 -—-
2951 2529 3033 2585 Ne
3060 2529 3250 2583 clerici
3288 2528 3420 2582 data
3454 2524 3693 2597 symboia

2109 2628 2522 2696 compotationes
2553 2627 2779 2696 faciant.

2468 2718 2692 2773 Concilii
2723 2717 3012 2773 Laodicem'
3048 2734 3218 2772 canon
3248 2716 3338 2771 55.

2181 2810 2275 2867 '55.
2307 2809 2464 2877 Quod
2495 2825 2599 2865 non
2630 2820 2847 2880 oportet
2878 2822 3127 2865 sacratos
3158 2817 3213 2863 et
3240 2806 3470 2862 clericos
3491 2819 3557 2860 ex
3580 2804 3693 2859 col—

2114 2901 2316 2957 latione
2342 2900 2598 2956 convivia
2628 2915 2910 2970 peragere,
2937 2901 3032 2955 sed
3057 2913 3233 2969 neque
3252 2898 3444 2952 Iaicos.

2182 2994 2335 3050 CAP.
2368 2992 2515 3049 XIX.
2548 3022 2617 3036 —-
2647 2993 2724 3048 De
2750 2994 3116 3062 episcoporum
3147 2994 3283 3046 inter
3322 3007 3375 3043 se
3415 2988 3597 3042 ordine
3625 2987 3695 3041 ad

2114 3086 2326 3140 decursi
2349 3087 2599 3155 temporis
2630 3087 2893 3139 rationem
2925 3086 3203 3156 exigendo,
3243 3091 3292 3138 et
3310 3082 3569 3153 quomodo
3590 3080 3697 3134 cle-

2031 3180 2079 3241 C
2110 3180 2213 3232 rici
2234 3179 2450 3233 sedeant
2483 3194 2638 3247 seque
2666 3178 2889 3231 invicem
2918 3177 3201 3232 honorent.

2500 3271 2730 3325 Concilii
2749 3254 2982 3326 ’Νεοωηὶ
3013 3286 3183 3324 οαηοη
3218 3269 3305 3324 18.

2183 3362 2271 3418 18.
2298 3362 2557 3419 Pervenit
2583 3364 2650 3419 ad
2681 3372 2931 3419 sanctam
2963 3362 3258 3433 synodum,
3286 3357 3435 3432 quod
3466 3360 3521 3412 in
3556 3370 3699 3411 non-

2113 3455 2280 3510 nullis
2312 3455 2447 3511 locis
2481 3464 2534 3509 et
2564 3454 2885 3510 civitatibus
2924 3452 3144 3508 diaconi
3184 3453 3319 3508 dant
3364 3448 3701 3520 presbyteris

2112 3544 2531 3611 Eucharistiam,
2572 3556 2701 3611 etc.,
2732 3556 2790 3601 ut
2822 3562 2946 3616 pag.
2980 3546 3105 3600 595.
3142 3576 3149 3581 -

2395 3637 2622 3693 Concilii
2647 3638 2935 3692 Laodiceni
2958 3653 3182 3692 canones
3202 3635 3296 3701 20,
3321 3635 3414 3691 56.

2187 3729 2347 3797 Quod
2398 3746 2509 3787 non
2542 3739 2758 3800 oportet
2788 3730 3082 3785 diaconum
3141 3738 3267 3784 ante
3322 3728 3701 3799 presbyterum

2116 3820 2329 3885 sedere,
2361 3822 2457 3877 sed
2489 3823 2679 3879 sedere
2713 3839 2840 3880 cum
2866 3824 3028 3893 jussu
3066 3820 3393 3892 presbyteri.
3438 3818 3705 3872 Similiter

2114 3924 2300 3968 autem
2330 3914 2495 3969 etiam
2530 3915 2717 3970 haberi
2760 3916 3026 3970 honorem
3059 3912 3309 3969 diaconis
3348 3926 3382 3967 a
3436 3909 3703 3965 ministris

2115 4012 2173 4059 et
2210 4005 2468 4060 omnibus
2507 4006 2727 4061 clericis
2755 4012 2990 4075 oportet.

2189 4093 2279 4148 56.
2315 4093 2470 4161 Quod
2510 4110 2618 4151 non
2657 4103 2875 4165 oportet
2914 4093 3262 4165 presbyteros
3306 4100 3433 4144 ante
3462 4089 3705 4159 episcopi

2121 4183 2408 4239 introitum
2438 4200 2658 4240 sacrum
2687 4184 2927 4239 tribunal
2961 4182 3193 4254 ingredi,
3224 4188 3278 4234 et
3305 4180 3495 4235 sedere
3527 4179 3577 4232 in
3611 4179 3709 4230 tri-

2117 4276 2307 4331 bunali
2343 4294 2357 4331 :
2390 4275 2483 4331 sed
2522 4291 2646 4331 eum
2684 4276 2940 4345 episc0po
2985 4272 3220 4340 ingredi,
3263 4275 3627 4340 prmterquam
3664 4266 3709 4321 si

2119 4366 2413 4435 episcOpus
2459 4365 2532 4420 sit
2580 4364 2723 4419 mala
2780 4363 3127 4428 valetudine,
3178 4361 3267 4415 vel
3314 4356 3590 4429 proiectus
3638 4358 3711 4409 sit

2124 4471 2369 4526 peregre.

2308 4546 2535 4601 Concilii
2560 4544 2996 4614 Carthaginensis
3020 4558 3252 4597 canones
3282 4538 3371 4605 86,
3402 4537 3494 4592 89.

2194 4638 2273 4692 De
2298 4639 2663 4709 episcoporum
2689 4637 2827 4691 dixit
2857 4636 3135 4699 ordine,ut
3156 4634 3249 4704 qui
3276 4631 3540 4702 posterius
3564 4627 3713 4682 ordi-

2127 4731 2244 4783 nati
2275 4739 2423 4796 sunt,
2451 4728 2719 4799 prioribus
2748 4743 2805 4782 se
2834 4743 2938 4780 non
2976 4726 3211 4780 audeant
3235 4721 3525 4791 anteferre.

2197 4911 2287 4966 86.
2318 4909 2635 4965 Valentinus
2656 4909 2948 4980 episcopus
2979 4907 3117 4963 dixit
3140 4905 3294 4977 ⁶(68)
3327 4923 3341 4959 :
3368 4903 3425 4958 Si
3446 4901 3715 4974 permitti-

2122 5009 2217 5058 tur
2254 5002 2456 5058 bonum
2492 5000 2769 5073 patientia:
2789 5010 3000 5065 vestras,
3020 5000 3182 5069 227
3198 5011 3499 5068 prosequor
3510 5009 3576 5050 ea
3593 5009 3716 5061 qua:

2118 5096 2411 5168 preterito}
2447 5106 2692 5166 tempore
2725 5097 2782 5151 in
2814 5094 3059 5150 Ecclesia
3090 5087 3515 5161 Carthagineusi
3560 5095 3714 5156 gesta

2118 5416 2261 5473 Cum
2282 5422 2464 5468 autem
2483 5421 2540 5467 et
2557 5410 2776 5467 titulum
2802 5409 2839 5464 ι
2864 5406 3103 5479 inferius
3118 5405 3373 5477 appellet,
3396 5404 3489 5475 qui
3519 5411 3601 5456 cst
3622 5416 3715 5479 ca-

2126 5504 2235 5541 non
2262 5485 2353 5547 89,
2380 5493 2606 5554 apparet
2637 5497 2761 5536 eum
2781 5479 3035 5554 concilio
3058 5478 3413 5554 Milevitana!
3440 5478 3716 5554 r_ecte_tri-

2126 5557 2313 5611 buisse
2330 5541 2431 5610 hos'
2447 5541 2683 5607 canones
2700 5552 2945 5621 quinque
2960 5548 3210 5618 usquead
3238 5541 3713 5621 concil._tlart_ha_g.

2125 5628 2270 5697 quod
2326 5625 2614 5697 sequitur._
2654 5614 2930 5677 Laudatur
2983 5614 3070 5675 hic
3107 5633 3284 5674 canon
3342 5632 3375 5671 a
3430 5614 3715 5671 Bonifacio

2127 5694 2387 5768 Carthag.
2422 5697 2543 5751 loco
2570 5694 2662 5751 cit.
