4122 6462
477 298 588 362 695

1693 309 1956 373 ΡΗΟΤΙΙ
1997 315 2503 386 PATRIARCH/E
2538 327 2629 388 (ΣΡ

3639 334 3742 402 696

476 423 625 480 sunt,
666 422 722 470 et
764 415 1271 489 subscriptionibus
1314 419 1549 478 fratrum
1591 423 1806 480 ﬁrmata
1841 426 2053 483 clarue-

2163 438 2351 494 50vin
2384 440 2712 510 Ἐκκλησίαν
2738 443 3076 514 πραχθέντα,
3097 444 3339 511 καὶτοῖς
3365 444 3479 501 τῶν
3504 447 3741 519 ἀδελφῶν

473 516 622 571 runt,
652 508 818 563 etiam
854 525 957 566 nos
1001 511 1107 568 hoc
1146 523 1463 573 servaturos
1497 530 1620 573 esse
1646 518 1924 587 protiteor.
1954 518 2061 575 Sed

473 595 609 651 illud
634 598 864 665 scimus,
888 600 1204 657 inviolatam
1237 619 1454 675 semper
1490 607 1760 663 mansisse
1796 609 2061 665 ecclesia-

472 694 668 748 sticam
699 695 1068 766 disciplinam,
1116 697 1190 754 ita
1222 710 1281 754 ut
1309 701 1495 757 nullus
1517 699 1754 759 fratrum
1778 704 2063 774 prioribus

475 785 594 838 suis
636 801 695 839 se
732 787 1027 856 aliquando
1068 789 1298 844 auderet
1345 799 1700 860 anteponere,
1742 793 1836 849 sed
1869 792 2062 850 olliciis

472 876 763 933 cliaritatis
796 878 849 933 id
873 894 1091 949 semper
1121 880 1426 936 exhibitum
1454 892 1540 938 est
1578 884 1879 954 prioribus,
1912 886 2062 957 quod

472 970 544 1023 ab
602 970 1021 1041 insequentibus
1069 984 1354 1043 gratanter
1409 991 1632 1046 semper
1694 978 2056 1048 acciperetur.

473 1059 632 1119 llunc
660 1064 908 1118 ordinem
929 1064 1120 1134 jubeat
1146 1066 1411 1123 sanctitas
1431 1076 1615 1123 vestra
1643 1069 1840 1126 melius
1866 1073 2060 1126 vestris

472 1151 990 1212 interlocutionibus
1018 1156 1293 1211 roborari.

544 1445 632 1500 89.
651 1445 910 1502 Aurelius
924 1446 1215 1517 episcopus
1228 1446 1367 1502 dixit
1386 1465 1398 1502 :
1413 1448 1536 1502 Non
1554 1447 1815 1503 decuerat
1831 1446 2052 1517 quidem

471 1546 534 1592 ut
567 1539 681 1592 hac
709 1547 1111 1608 repeteremus,
1154 1538 1262 1594 nisi
1295 1537 1438 1594 forte
1479 1539 1814 1595 exsisterent
1860 1538 2056 1593 incon-

467 1630 727 1686 siderata
761 1640 974 1686 mentes
995 1631 1389 1701 quorumdam,
1424 1647 1547 1701 qna
1576 1630 1646 1685 ad
1678 1630 1793 1686 hac
1817 1639 2059 1687 statuen-

466 1720 538 1777 da
590 1733 810 1778 nostros
853 1733 1117 1779 acuerent
1156 1738 1399 1780 sensus:
1435 1722 1532 1779 sed
1573 1723 1889 1779 communis
1942 1722 2059 1779 bac

2164 531 2511 603 ὑπογραφαῖς
2539 534 2797 605 φανερῶς
2833 536 3175 606 κυρωθέντι,
3213 540 3309 593 καὶ
3343 541 3491 611 ἡμᾶς
3523 541 3605 595 ἐτι
3640 543 3744 613 μὴν

2163 622 2503 693 φυλάξοντας
2530 625 2878 697 ὁμολογήσω.
2920 625 3130 682 Ἐκεῖνο
3160 630 3340 684 τοίνυν
3383 632 3741 703 ἐπιστάμεθα,

2162 716 2425 785 ἀμίαντον
2451 717 2542 771 ἀεὶ
2584 717 2686 789 τὴν
2732 718 3194 790 ἐκκλησιαστικὴν
3242 720 3607 791 φυλάττεσθαι
3649 742 3745 778 κα-

2161 808 2424 862 τάστασιν
2478 807 2673 875 οὕτως,
2723 808 2803 874 ὡς
2851 811 3059 881 μηδένα
3100 812 3213 865 τῶν
3254 813 3501 882 ἀδελφῶν
3543 814 3745 887 τολμᾷν

2162 896 2352 950 ἑαυτὸν
2379 901 2655 970 προτιμᾷν
2680 900 2973 972 προπετῶς
2998 902 3108 956 τῶν
3135 902 3243 973 πρὸ
3270 903 3462 969 αὑτοῦ,
3488 905 3626 960 ἀλλά
3651 908 3745 961 καὶ

2159 986 2198 1043 ἀ
2226 990 2348 1053 ταῖς
2371 992 2472 1060 τῆς
2502 992 2727 1062 ἀγάπης
2757 992 2978 1061 τάξεσιν
3006 994 3096 1048 ἀεὶ
3133 996 3449 1068 παρεσχέθη
3472 1000 3586 1060 τοῖς
3616 1015 3746 1069 προ⁴

2159 1080 2362 1151 τέροις,
2388 1082 2533 1153 ἆπερ
2561 1086 2610 1137 οι
2648 1086 3139 1151 ἐπακολουθοῦντες
3185 1090 3486 1159 χαριέντως
3527 1089 3743 1143 κατεδέ-

2163 1168 2357 1234 ξαντοο
2409 1172 2616 1244 ταύτην
2657 1172 2751 1229 οὖν
2792 1177 2894 1246 τὴν
2938 1177 3095 1243 τάξιν
3139 1178 3387 1233 κελεύσει
3421 1180 3456 1249 ή
3502 1180 3743 1250 ὑμετέρα

2161 1262 2441 1333 ἁγιωσύνη
2484 1266 2811 1337 κρειττόνως
2844 1270 2966 1332 ταῖς
3000 1269 3295 1342 ὑμετέραις
3327 1268 3633 1334 διαλαλιαῖς
3659 1271 3743 1343 βε-

2160 1352 2412 1409 ϐαιῶσαι.

2232 1445 2343 1507 πθ’,
2395 1448 2663 1520 Αὐρήλιος
2713 1448 3014 1517 ἐπίσκοπος
3066 1447 3222 1507 εἶπεν
3248 1468 3265 1486 ο
3292 1454 3406 1508 οὑκ
3436 1454 3605 1525 ἐχρῆν
3649 1452 3744 1523 μὲν

2160 1538 2309 1607 ἡμᾶς
2332 1537 2506 1593 ταῦτα
2533 1540 3031 1613 ἐπαναλαμϐάνειν,
3064 1544 3113 1596 εί
3157 1545 3233 1616 μὴ
3284 1544 3377 1598 ἐάν
3408 1544 3570 1615 τυχὸν
3607 1547 3743 1599 ἀκα-

2160 1630 2411 1701 τανόητοι
2454 1630 2685 1686 διάνοιαί
2734 1649 2899 1686 τινων
2942 1633 3281 1706 ἀνεφύησαν,
3332 1637 3389 1689 αἱ
3431 1635 3570 1705 πρὸς
3620 1635 3744 1698 τοὺς

2158 1720 2319 1792 ὅρους
2350 1720 2578 1785 τούτους
2626 1722 2726 1786 τάς
2773 1724 3052 1795 ήμετέρας
3099 1724 3383 1795 αἰσθήσεις
3426 1724 3741 1789 ὀξύνουσαι·

466 1832 635 1872 causa
683 1825 786 1881 est,
824 1832 989 1887 quam
1023 1816 1326 1872 insinuavit
1369 1814 1539 1871 frater
1579 1825 1637 1872 et
1691 1815 2053 1873 consacerdos

2160 1810 2277 1868 ἀλλ’
2302 1812 2493 1883 ἐπειδὴ
2522 1812 2661 1884 αὕτη
2693 1814 2849 1883 κοινή
2878 1815 3026 1870 ἐστιν
3061 1815 3233 1881 αἰτία,
3266 1817 3333 1887 ἢν
3370 1815 3464 1869 νῦν
3493 1815 3744 1884 ἐνεφάνιο

467 1917 678 1975 noster,
716 1918 776 1963 ut
816 1910 1203 1979 unusquisque
1245 1919 1498 1966 nostrum
1536 1908 1785 1963 ordinem
1826 1906 1930 1963 sibi
1960 1907 2054 1963 de-

464 2010 677 2054 cretum
708 2015 737 2055 a
769 1997 880 2054 Deo
904 2008 1220 2070 cognoscat,
1245 2008 1299 2055 et
1325 1999 1657 2070 posteriores
1684 1996 2053 2053 anterioribus

468 2091 742 2155 deferant,
779 2106 881 2145 nec
916 2092 997 2146 eis
1032 2091 1366 2147 inconsultis
1400 2090 1605 2161 aliquid
1639 2104 1803 2161 agere
1842 2104 2052 2159 prasn-

464 2192 642 2238 mant.
671 2183 790 2250 Qua
825 2182 893 2237 de
920 2197 978 2238 re
1006 2183 1154 2245 dico,
1192 2191 1353 2251 prout
1384 2193 1576 2252 captus
1609 2179 1782 2236 animi
1822 2180 1930 2236 mei
1961 2195 2051 2234 re-

465 2274 626 2340 tinet,
655 2290 751 2330 eos
781 2275 873 2345 qui
901 2274 1215 2345 putaverint
1246 2274 1448 2345 spretis
1501 2273 1804 2344 majoribus
1840 2271 2050 2342 aliquid

462 2367 925 2437 prasumendum,
955 2378 1330 2440 competenter
1359 2368 1430 2423 ab
1459 2369 1609 2425 omni
1636 2367 1874 2426 concilio
1894 2381 2052 2423 coer-

459 2460 681 2515 cendos.

528 2631 839 2705 Xantippus
865 2637 1159 2707 episcopus
1179 2635 1371 2708 prima
1390 2636 1541 2694 sedis
1564 2634 1835 2693 Numidia
1870 2635 2046 2694 dixit:

456 2725 686 2781 Audivit
707 2727 954 2782 omnium
984 2726 1216 2785 fratrum
1260 2729 1563 2801 prasentia
1605 2729 2049 2801 prosecutionem

456 2818 646 2875 fratris
692 2829 749 2875 et
800 2822 1107 2879 sacerdotis
1147 2824 1326 2881 nostri
1376 2824 1621 2891 Aurelii,
1651 2823 1784 2894 quid
1831 2824 1900 2880 ad
1934 2826 2051 2881 hac

455 2909 776 2981 respondit?

528 3093 699 3164 228
720 3093 969 3151 Datimus
1022 3096 1313 3168 episcopus
1358 3097 1545 3153 dixit:
1592 3097 1727 3166 Quae
1771 3098 2046 3169 majorum

458 3185 702 3240 decrevit
737 3187 1028 3253 sententia,
1060 3172 1235 3244 nostri
1264 3204 1465 3245 asseus
1479 3191 1534 3245 ui
1562 3191 2046 3262 mancipabuntur,

463 3287 526 3332 ut
557 3293 680 3347 qua
710 3280 1131 3346 .prateritorum
1162 3274 1526 3339 conciliorum
1576 3285 1747 3355 gestis
1775 3295 2043 3340 tenentur

459 3367 917 3439 Carthaginiensis
963 3369 1243 3440 Ecclesia,
1290 3385 1480 3430 nostra
1530 3376 1853 3432 assensione
1892 3376 2052 3447 plene

463 3462 607 3531 apud
633 3477 824 3519 omnes
855 3462 1070 3520 firmata
1103 3473 1411 3520 teneantur.

542 3640 803 3699 Universi
835 3645 1077 3716 episcopi
1104 3646 1367 3703 dixerunt
1392 3666 1405 3704 :
1429 3648 1533 3706 Hic
1558 3646 1696 3706 ordo
1721 3659 1777 3706 et
1812 3666 1843 3706 a
1877 3652 2054 3708 Patri-

468 3734 590 3799 bus,
617 3742 670 3789 et
700 3749 731 3790 a
766 3734 1069 3805 majoribus
1117 3748 1370 3795 servatus
1396 3750 1503 3808 est,
1552 3752 1606 3797 et
1636 3758 1665 3796 a
1710 3744 1891 3808 nobis,
1941 3744 2054 3799 Deo

470 3826 728 3895 propitio,
760 3828 1091 3894 servabitur,
1119 3830 1273 3885 salvo
1298 3832 1462 3887 etiam
1487 3833 1614 3904 jure
1644 3835 1916 3905 primatus
1944 3835 2055 3890 Nu-

466 3917 650 3973 midia
677 3927 733 3974 et
770 3920 1138 3987 Mauritania,
1171 3922 1239 3978 de
1270 3925 1497 3981 archivo
1527 3936 1581 3982 et
1626 3928 1912 3985 matricula
1941 3929 2055 3984 Nu-

466 4007 672 4063 midia.
728 4009 934 4065 Deinde
985 4011 1192 4081 placuit
1238 4016 1499 4072 omnibus
1538 4017 1810 4089 episcopis
1855 4022 1948 4092 qui
1999 4022 2055 4076 in

466 4101 572 4156 hoc
600 4102 835 4157 concilio
862 4104 1333 4176 subscripserunt,
1366 4119 1428 4164 ut
1461 4111 1751 4166 matricula
1781 4121 1835 4168 et
1870 4114 2052 4169 archi-

463 4208 567 4249 vus
595 4193 863 4252 Numidia
883 4239 898 4264 ,
934 4206 990 4253 et
1012 4200 1155 4269 apud
1185 4200 1420 4270 primam
1443 4203 1628 4259 sedem
1658 4204 1752 4272 sit,
1775 4215 1829 4261 et
1862 4205 1916 4260 in
1948 4222 2055 4261 me-

466 4289 689 4358 tropoli,
718 4290 771 4344 id
797 4300 905 4358 est,
935 4290 1324 4349 Constantina.

536 4561 607 4617 Ut
639 4566 872 4635 episcopi
896 4570 988 4638 qui
1009 4571 1354 4636 ordinantur,
1388 4572 1455 4625 ab
1497 4572 1895 4626 ordinatoribus
1940 4573 2052 4627 suis

460 4655 713 4723 epistolas
738 4660 1031 4727 accipiant,
1063 4677 1180 4731 qua
1203 4663 1343 4717 diem
1375 4673 1424 4717 et
1442 4663 1709 4719 consulem
1737 4663 2051 4733 praeferant.

533 4919 738 4977 Deinde
777 4924 985 4993 placuit
1032 4927 1056 4960 ⁸
1112 4927 1248 4998 (69),
1328 4939 1390 4985 ut
1430 4933 1748 5004 quicunque
1791 4934 2051 5006 deinceps

418 5070 428 5080 ,
458 5014 529 5069 ab
575 5016 851 5086 episcopis
885 5020 1211 5076 ordinantur
1245 5039 1342 5093 per
1388 5025 1701 5094 provincias
1726 5025 2042 5094 Africanas,

457 5108 670 5165 litteras
690 5109 964 5180 accipiant
991 5113 1061 5169 ab
1078 5115 1489 5174 ordinatoribus
1511 5120 1627 5176 suis
1656 5136 1821 5176 manu
1850 5137 2044 5178 eorum

455 5204 822 5274 conscriptas,
849 5209 1196 5265 continentes
1218 5212 1501 5268 consulem
1528 5222 1583 5270 et
1602 5215 1745 5270 diem
1773 5232 1788 5270 :
1819 5225 1878 5271 ut
1899 5216 2047 5271 nulla

458 5299 737 5358 altercatio
776 5302 843 5358 de
862 5303 1263 5375 posterioribus
1304 5305 1389 5361 vel
1420 5308 1787 5366 anterioribus
1813 5309 2044 5365 oriatur.

532 5541 553 5571 ⁸
577 5544 747 5602 Cone.
778 5546 951 5604 Afric.
984 5562 1105 5618 cap.
1132 5521 1242 5603 56.”

526 5702 639 5778 (§9)
671 5704 806 5778 Vide
859 5708 1091 5778 August.
1135 5709 1306 5778 epist.
1329 5705 1454 5769 258.
1486 5709 1551 5762 ad
1584 5711 1919 5765 Castorium.

530 5773 641 5845 170)
678 5777 834 5846 Apud
855 5773 1203 5851 Bcvereginm
1239 5777 1610 5844 Ξάγκτιππος.

2160 1921 2252 1959 σεν
2284 1904 2314 1957 ό
2352 1904 2587 1975 ἀδελφὸς
2630 1907 2727 1961 καὶ
2774 1907 3191 1979 συλλειτουργδς
3221 1908 3399 1979 ήμῶν,
3432 1907 3579 1961 ῶστε
3610 1908 3745 1962 ἐκα-

2157 2013 2281 2051 στον
2306 1998 2463 2069 ήμῶν
2510 1997 2898 2068 ἐπιγινώσκειν
2923 2000 3022 2071 τὴν
3073 2001 3228 2073 παρά
3269 1999 3364 2053 τοῦ
3397 1999 3537 2054 Θεοῦ
3575 1999 3745 2070 ψηφι-

2155 2089 2377 2144 σθείσαν
2404 2090 2553 2161 αὑτῷ
2577 2090 2732 2156 τάξιν
2758 2107 2772 2121 ’
2806 2092 2899 2147 καὶ
2925 2093 3012 2147 ἶνα
3037 2093 3087 2145 oi
3139 2092 3593 2164 μεταγενέστεροι
3632 2095 3745 2156 τοῖς

2153 2180 2443 2253 προτέροις
2471 2182 2809 2254 ἀναφέρωσι,
2841 2185 2936 2237 καὶ
2972 2184 3047 2256 μὴ
3084 2184 3399 2255 τολμήσωσι
3427 2183 3585 2256 παρά
3612 2183 3744 2249 γνώ-

2157 2292 2267 2344 μην
2289 2275 2495 2329 τούτων
2521 2275 2578 2330 τί
2602 2294 2731 2331 ποτε
2767 2277 3050 2348 πράττειν,
3085 2277 3175 2331 διὰ
3197 2277 3356 2330 τοῦτο
3383 2276 3530 2346 λέγω
3562 2276 3743 2340 καθὼς

2150 2364 2245 2420 τδν
2284 2367 2416 2437 ἐμὸν
2445 2367 2737 2440 ὑποτρέχει
2784 2369 3066 2441 λογισμὸν,
3096 2370 3224 2434 τοὺς
3268 2368 3741 2440 καταφρονοῦντας

2149 2457 2262 2513 τῶν
2294 2460 2400 2531 πρὸ
2431 2461 2633 2525 αὑτῶν,
2668 2462 2762 2517 καί
2794 2480 2915 2516 τινα
2944 2462 3397 2534 ἀποτολμῶντας,
3434 2460 3741 2523 κωλυτέους

2151 2551 2427 2621 ἁρμοδίως
2456 2548 2594 2606 εἶναι
2621 2553 2730 2607 ἀπὸ
2757 2554 2941 2625 πάσης
2970 2554 3072 2623 τῆς
3102 2553 3346 2609 συνόδου.

2220 2642 2575 2711 Σάγκτιππος
2593 2642 2708 2716 (70)
2752 2645 3057 2709 ἐπίσκοπος
3089 2648 3188 2716 τῆς
3210 2644 3437 2716 πρώτης
3467 2642 3742 2714 καθέδρας

2147 2733 2251 2802 τῆς
2278 2733 2600 2805 Νουμηδίας
2624 2731 2803 2790 εἶπεν·
2842 2736 3116 2790 Ἤκουσεν
3142 2736 3177 2807 ή
3209 2735 3429 2789 πάντων
3452 2734 3564 2788 τῶν
3593 2734 3741 2789 ἀδελ-

2152 2823 2270 2895 φῶν
2301 2823 2575 2894 παρουσία
2622 2824 2723 2895 τὴν
2768 2824 3194 2895 ἐξακολούθησιν
3232 2822 3325 2877 τοῦ
3361 2822 3597 2893 ἀδελφοῦ
3649 2822 3742 2877 καὶ

2151 2914 2446 2987 συνιερέως
2476 2914 2636 2986 ήμῶν
2672 2914 2969 2989 Αύρηλίου,
3002 2915 3056 2971 τί
3103 2915 3243 2987 πρὸς
3292 2912 3467 2968 ταῦτα
3508 2912 3741 2983 ἀποκρί-

2151 3022 2306 3061 νεται
2323 3026 2339 3073 ;

2222 3099 2460 3167 Δατῖμος
2476 3097 2589 3167 (71)
2616 3096 2914 3161 ἐπίσκοπος
2939 3098 3116 3151 εἶπεν·
3146 3098 3227 3151 Τά
3249 3097 3400 3168 παρά
3429 3098 3535 3165 τῆς
3562 3096 3743 3167 ψήφου

2150 3191 2263 3245 τῶν
2287 3190 2531 3262 ἀρχαίων
2559 3190 2865 3263 ὁρισθέντα,
2901 3193 2968 3261 τῇ
3014 3190 3264 3262 ἡμετέρᾳ
3295 3188 3606 3243 συναινέσει
3640 3190 3745 3242 ὲκε-

2152 3282 2470 3353 δοθήσονται
2494 3294 2511 3312 ⁶
2538 3284 2626 3335 ἵνα
2655 3281 2724 3335 τὰ
2773 3282 3142 3353 περιεχόμενα
3184 3283 3297 3344 τοῖς
3327 3279 3745 3352 πεπραγμένοις

2151 3373 2263 3426 τῶν
2293 3372 2579 3444 προτέρων
2612 3373 2846 3426 συνόδων
2887 3375 2944 3425 ἐν
2970 3376 3035 3444 τῇ
3080 3374 3139 3426 ἐν
3170 3371 3481 3443 Καρχηδόνι
3517 3370 3748 3439 Ἐκκλη-

2156 3467 2268 3537 σία,
2299 3464 2446 3519 κατὰ
2482 3464 2583 3536 τὴν
2618 3464 2897 3534 ἡμετέραν
2939 3463 3249 3519 συναίνεσιν
3296 3462 3747 3535 πεπληρωμένως

2156 3559 2350 3629 βέϐαια
2383 3558 2536 3629 παρά
2573 3559 2710 3611 πᾶσι
2741 3557 3110 3627 φυλαχθῶσιν.

2227 3649 2553 3719 Σύμπαντες
2586 3649 2636 3702 οἱ
2664 3649 2953 3702 ἐπίσκοποι
2984 3643 3159 3701 εἷπον·
3206 3647 3270 3701 Ἦ
3294 3646 3451 3714 τάξις
3477 3646 3622 3718 αὕτη
3656 3645 3747 3700 καὶ

2156 3741 2264 3795 ἀπὸ
2291 3741 2401 3794 τῶν
2434 3740 2717 3812 Πατέρων,
2751 3740 2843 3794 καὶ
2874 3740 2989 3794 ἀπὸ
3018 3739 3129 3794 τῶν
3166 3740 3412 3810 ἀρχαίων
3444 3739 3744 3808 ἐφυλάχθη,

2156 3835 2253 3888 καὶ
2279 3835 2375 3905 ἀφ’
2402 3833 2561 3905 ήμῶν
2588 3833 2732 3888 κατὰ
2764 3830 3113 3903 συγχώρησιν
3142 3830 3280 3885 Θεοῦ
3308 3829 3745 3901 φυλιιχθήσεται⁸

2161 3923 2475 3995 σωζομένου
2515 3925 2598 3977 ἔτι
2648 3922 2756 3993 μὴν
2801 3922 2898 3976 τοῦ
2943 3922 3156 3977 δικαίου
3206 3921 3320 3976 τῶν
3352 3920 3748 3992 πρωτευόντων

2155 4016 2258 4085 τῆς
2292 4015 2614 4088 Νουμηδίας
2651 4016 2748 4068 καὶ
2796 4014 3201 4087 Μαυριτανίας,
3250 4015 3316 4066 ὲκ
3353 4012 3448 4066 τοῦ
3481 4011 3749 4085 χαρτοθε-

2158 4109 2276 4162 σίου
2308 4108 2404 4163 καὶ
2439 4106 2730 4178 ματρικίου
2761 4107 2861 4177 τῆς
2889 4106 3235 4176 Νουμηδίας·
3270 4104 3438 4175 ήρεσε
3472 4105 3615 4157 πᾶσι
3638 4103 3749 4165 τοῖς

2156 4200 2480 4263 ἐπισκόποις
2523 4199 2637 4262 τοῖς
2675 4198 2735 4250 ἐν
2780 4199 2956 4267 ταύτῃ
2998 4200 3065 4267 τῇ
3098 4195 3301 4266 συνόδῳ
3338 4194 3745 4265 ὑπογράψασιν,

2157 4291 2246 4344 ἵνα
2274 4289 2337 4345 τὸ
2368 4288 2658 4361 ματρίκιον
2691 4288 2785 4342 καὶ
2818 4286 3130 4357 ἀρχέτυπον
3155 4285 3255 4353 τῆς
3280 4285 3617 4356 Νουμηδίας,
3653 4283 3746 4337 καὶ

2156 4383 2237 4446 εἰς
2264 4382 2365 4452 τήν
2391 4380 2617 4453 πρώτην
2667 4380 2938 4452 καθέδραν
2992 4374 3049 4452 ᾖ,
3087 4378 3183 4432 καὶ
3222 4380 3304 4441 εἰς
3334 4377 3435 4448 τὴν
3466 4377 3745 4449 μητρόπο-

2158 4475 2241 4529 λιν
2273 4472 2713 4528 Κωνσταντίναν.
3444 4542 3449 4547 _

2226 4565 2371 4635 Περὶ
2398 4565 2785 4621 ἀπολυτικῶν
2808 4564 2966 4619 ὥστε
2992 4563 3138 4629 τοὺς
3173 4558 3743 4632 χειροτονουμένους

2152 4658 2554 4725 ἐπισκόπους,
2613 4657 2734 4711 ἀπὸ
2789 4655 2911 4711 τῶν
2972 4656 3485 4725 χειροτονούντων
3521 4650 3744 4715 αὐτοὺς

2155 4750 2486 4815 ἐπιστολὰς
2529 4748 2882 4819 λαμϐάνειν,
2930 4747 3001 4802 ἐν
3030 4742 3129 4816 αῖς
3168 4746 3207 4815 ἥ
3239 4763 3303 4801 τε
3344 4743 3538 4815 ἡμέρα
3585 4741 3685 4796 καὶ
3710 4742 3743 4795 ό

2152 4842 2383 4908 ὕπατος
2419 4840 2801 4911 προφέρεται.

2226 4934 2461 4987 Ἔπειτα
2489 4933 2686 5004 ἤρεσεν
2708 4974 2723 4996 ,
2783 4931 2872 4985 ἵνα
2902 4931 3102 4993 οἵτινες
3150 4929 3351 5001 δήποτε
3386 4925 3527 4999 μετὰ
3552 4922 3743 4987 ¹ταῦτα

2154 5020 2603 5095 χειροτονῶνται,
2650 5021 2756 5076 ἀνά
2815 5021 2917 5085 τὰς
2965 5021 3069 5090 τῆς
3131 5020 3399 5090 Ἀφρικῆς
3449 5014 3738 5086 ἐπαρχίας,

2153 5118 2459 5188 γράμματα
2484 5114 2694 5170 λάϐωσι
2720 5113 2874 5186 παρὰ
2898 5114 3007 5168 τῶν
3040 5111 3494 5184 χειροτονούντων
3515 5108 3737 5171 αὐτοὺς,

2152 5213 2217 5281 τῇ
2267 5208 2412 5281 χειρὶ
2463 5207 2644 5263 αὑτῶν
2710 5207 3210 5278 ὑπογεγραμμένα,
3268 5204 3597 5277 περιέχοντα
3646 5200 3739 5254 τὸν

2154 5302 2360 5355 ὕπατον
2395 5302 2490 5355 καὶ
2516 5299 2615 5372 τὴν
2637 5301 2851 5372 ἡμέραν
2875 5316 2888 5329 ·
2916 5299 3057 5353 ὥστε
3087 5298 3359 5370 μηδεμίαν
3389 5294 3742 5369 ἀμφισϐήτη-

2156 5412 2242 5449 σιν
2272 5394 2400 5466 περὶ
2428 5393 2671 5464 ὑστέρων
2696 5393 2730 5465 ἢ
2761 5393 3043 5465 προτέρων
3073 5391 3409 5462 ἀναφυῆναι.

2212 5710 2322 5780 (τι)
2355 5711 2509 5781 Apud
2544 5711 2893 5782 Bcveregium
2919 5709 3221 5780 Διατίμιος.
