4122 6438
573 445 849 503 Συνόδου
887 448 1312 520 οίκουμενικῇς
1338 451 1519 522 ἕκτης
1547 454 1752 509 κανὼν
1777 457 1843 521 ζ’.

487 539 555 606 ζ’.
598 540 816 610 Ἐπειδὴ
880 542 1284 614 μεμαθήκαμεν
1341 544 1399 599 ἐν
1450 563 1561 601 τισι
1603 549 1715 603 τῶν
1773 550 2002 622 Ἐκκλη-

415 631 573 693 σιῶν.
621 631 904 693 διακόνους
951 634 1240 703 τυγχάνειν
1286 635 1518 706 ὀφφίκια
1569 638 2004 709 ὲκκλησιαστικὰ

412 722 659 793 ἔχοντας,
688 722 938 777 ἐντεῦθέν
961 722 1021 776 τὲ
1042 740 1193 790 τινας
1219 727 1400 780 αὐτῶν
1429 729 1691 802 αὐθαδείᾳ
1719 732 1812 783 καὶ
1837 733 2000 786 αὐτο-

410 811 577 883 νομίᾳ
614 814 1013 884 κεχρημένους,
1042 816 1150 886 πρὸ
1191 816 1302 870 τῶν
1335 818 1727 888 πρεσϐυτέρων
1772 820 2003 884 καθέζε-

412 903 561 970 σθαι,
594 904 851 976 ὁρίζομεν
879 906 1023 960 ὥστε
1050 908 1144 962 τὸν
1174 907 1442 976 διάκονον,
1486 910 1593 964 κᾶν
1623 912 1681 963 ἐν
1702 909 1998 981 ἀξιώματι,

408 997 690 1051 τουτέστιν
729 999 788 1051 ὲν
810 998 1053 1071 ὀφφικίῳ
1080 998 1160 1071 τῷ
1207 1000 1510 1072 οἱῳδήποτε
1555 1002 2002 1075 ἐκκλησιαστικῷ

407 1084 690 1152 τυγχάνοι,
716 1084 808 1137 τὸν
837 1086 1077 1140 τοιοῦτον
1104 1086 1179 1159 μὴ
1214 1089 1320 1159 πρὸ
1342 1089 1436 1142 τοῦ
1467 1092 1842 1162 πρεσϐυτέρου
1867 1094 1997 1148 καθ-

411 1173 657 1240 έζεσθαι,
695 1177 855 1240 ἐκτὸς
904 1179 954 1231 εἰ
988 1180 1063 1250 μὴ
1109 1180 1172 1232 τὸ
1202 1180 1494 1251 πρόσωπον
1539 1182 1754 1253 ἐπέχων
1797 1184 1892 1238 τοῦ
1931 1188 2005 1239 oi-

411 1267 565 1321 κείου
613 1270 1017 1342 πατριάρχουῆ
1069 1271 1492 1342 μητροπολίτου,
1527 1274 1589 1327 ὲν
1641 1275 1806 1346 ἑτέρα
1848 1276 2001 1331 πόλει

408 1361 813 1431 παραγένηται,
844 1364 938 1415 ὲπί
988 1380 1094 1417 τινι
1124 1364 1413 1436 κεφαλαίῳ
1433 1381 1447 1396 °
1484 1366 1608 1420 τότε
1645 1368 1754 1439 γὰρ
1783 1368 1861 1433 ὡς
1910 1370 2001 1423 τὸν

409 1452 622 1504 ἐκείνου
665 1452 831 1506 τόπον
871 1453 1227 1525 ἀναπληρῶν,
1282 1455 1678 1528 τιμηθήσεται·
1725 1460 1775 1511 εί
1824 1458 1884 1513 δέ
1915 1477 2001 1525 τις

408 1541 624 1595 τοιοῦτο
667 1542 930 1614 τολμήσει
982 1545 1293 1617 τυραννικῷ
1340 1547 1625 1619 χρώμενος
1669 1548 1860 1619 θράσει
1892 1550 2003 1604 δια-

408 1636 747 1708 πράξασθαι,
779 1639 808 1690 ὁ
839 1638 1078 1702 τοιοῦτος
1113 1640 1179 1693 ὲκ
1206 1639 1303 1693 τοῦ
1344 1639 1546 1694 οίκείου
1576 1640 2001 1708 καταϐιϐασθεὶς

408 1728 647 1799 βαθμοῦ,
689 1729 918 1800 ἔσχατος
960 1730 1183 1785 πάντων
1213 1732 1457 1801 γενέσθω
1501 1732 1596 1787 τοῦ
1637 1734 1694 1787 ὲν
1724 1728 1878 1805 ᾧπερ
1908 1752 2002 1789 κα-

1275 338 1679 403 SYNTAGMA
1712 341 2105 407 CANONUM.
2158 369 2227 381 -
2269 346 2421 409 TlT.
2462 344 2572 421 IX,
2605 346 2763 407 CAP.
2796 348 2847 408 Ι.

2035 463 2084 521 Δ

3589 352 3697 417 698

2430 458 2657 515 Concilii
2688 459 2998 514 mcumenici
3030 475 3085 517 v1
3113 476 3284 515 canon
3318 461 3371 517 7.

2180 547 2237 601 7.
2272 546 2542 614 Quoniam
2559 548 2581 579 ‘
2612 549 2665 603 in
2685 547 2966 604 nonnullis
2985 549 3231 604 ecclesiis
3248 550 3506 609 diaconos
3523 553 3698 609 ollicia

2109 638 2481 694 ecclesiastica
2527 638 2729 693 habere
2773 639 3091 704 didicimus,
3125 648 3179 694 et
3210 656 3279 694 es
3324 640 3429 696 hoc
3462 644 3700 697 nonnul-

2111 727 2195 784 los
2224 743 2415 783 eorum
2464 729 2802 798 arrogantia,
2834 737 2890 784 et
2922 730 3146 785 licentia
3175 731 3345 786 fretos
3372 740 3498 787 ante
3532 732 3700 802 229

2109 821 2458 893 presbyteros
2490 823 2703 885 sedere,
2751 822 3047 879 statuimus
3070 833 3129 877 ut
3158 824 3449 888 diaconus,
3481 824 3697 879 etiamsi

2110 910 2164 964 in
2195 910 2480 980 dignitate,
2523 911 2575 965 id
2617 922 2723 976 est,
2774 912 2829 966 in
2884 913 3083 981 quovis
3107 914 3179 969 sit
3212 913 3392 968 ollicio
3436 914 3699 969 ecclesia-

2109 1000 2270 1066 stico,
2322 1011 2448 1058 ante
2484 1004 2864 1073 presbyterum
2902 1018 2969 1058 ne
2999 1004 3207 1079 sedeat,
3244 1013 3608 1073 prmterquam
3649 1005 3698 1060 si

2109 1093 2315 1164 proprii
2358 1094 2688 1164 patriarchae
2733 1095 2816 1149 vel
2852 1096 3260 1165 metropolitani
3286 1097 3463 1151 vicem
3503 1114 3703 1167 gerens

2109 1185 2255 1242 adsit
2281 1186 2334 1239 in
2362 1186 2465 1239 alia
2496 1186 2718 1241 civitate
2739 1202 2905 1257 super
2927 1188 3112 1258 aliquo
3135 1191 3314 1259 capite
3338 1206 3352 1243 :
3386 1199 3519 1243 tunc
3548 1190 3695 1243 enim

2110 1287 2171 1333 ut
2198 1278 2380 1333 locum
2410 1277 2557 1333 illius
2584 1279 2816 1349 impleas
2850 1280 3236 1338 honorabitur.
3268 1281 3326 1336 Si
3356 1282 3482 1352 quis
3512 1290 3694 1336 autem

2111 1368 2397 1442 tyrannica
2462 1368 2733 1425 adductus
2793 1371 3045 1437 audacia,
3118 1374 3227 1427 tale
3292 1374 3424 1443 quid
3488 1374 3697 1429 ellicere

2110 1475 2281 1516 ausus
2314 1459 2500 1524 fuerit,
2536 1460 2583 1515 is
2612 1477 2679 1515 ex
2712 1464 2937 1532 proprio
2967 1464 3139 1533 gradu
3173 1464 3420 1535 deiectus
3463 1466 3537 1520 sit
3570 1480 3695 1521 om—

2110 1551 2261 1605 nium
2297 1551 2526 1606 ultimus
2557 1550 2679 1620 ejus
2704 1552 2937 1617 ordinis,
2971 1552 3025 1607 in
3054 1553 3217 1624 cujus
3247 1564 3335 1609 est
3361 1556 3608 1625 catalogo
3639 1556 3694 1610 in

2109 1658 2211 1699 sua
2263 1643 2532 1709 Ecclesia,
2584 1643 2822 1699 Domino
2870 1654 3064 1701 nostro
3124 1646 3474 1712 admonente,
3526 1664 3595 1702 ne
3638 1648 3696 1702 in

2110 1735 2301 1804 primis
2332 1735 2557 1791 sedibus
2587 1734 2951 1802 delectemur,
2981 1738 3288 1792 secundum
3312 1753 3457 1801 eam,
3488 1753 3613 1808 quae
3641 1741 3695 1793 in

406 1821 700 1887 ταλέγεται
732 1822 1018 1892 τάγματος
1045 1824 1104 1875 ὲν
1132 1825 1198 1894 τῇ
1235 1823 1358 1877 κατ’
1381 1824 1545 1879 αὐτὸν
1572 1825 1838 1897 ἐκκλησίᾳ.
1862 1841 1878 1857 ο
1907 1826 2003 1880 τοῦ

2108 1837 2299 1884 sancto
2346 1827 2681 1898 evangelista
2750 1827 2920 1893 Luca,
2956 1836 3017 1882 ut
3048 1844 3114 1883 ex
3145 1829 3372 1884 domino
3422 1841 3614 1885 nostro
3643 1841 3698 1885 et

406 1911 621 1984 Κυρίου
649 1915 782 1984 ἡμῖν
815 1914 1229 1983 παραινοῦντος,
1264 1915 1340 1987 μὴ
1374 1915 1588 1988 χαίρειν
1630 1918 1753 1981 ταῖς
1792 1934 2008 1988 πρωτο-

406 2006 672 2072 κλισίαις,
704 2006 851 2061 κατὰ
891 2008 989 2077 τὴν
1016 2010 1074 2062 ὲν
1121 2008 1201 2079 τῷ
1239 2009 1383 2081 ἁγίῳ
1424 2010 1787 2083 εὐαγγελιστῇ
1823 2014 2008 2083 Λουκᾷ

404 2099 487 2164 ὡς
508 2098 567 2164 ὲξ
581 2098 744 2153 αὐτοῦ
769 2100 976 2173 Κυρίου
1000 2101 1160 2171 ήμῶν
1181 2104 1277 2156 καὶ
1296 2101 1432 2155 Θεοῦ
1463 2103 1724 2175 κειμένην
1745 2104 2006 2159 διδασκα-

404 2191 552 2246 λίαν.
591 2192 787 2260 Ἔλεγε
815 2194 922 2265 γὰρ
953 2194 1095 2264 πρὸς
1122 2194 1251 2258 τοὺς
1272 2194 1646 2265 κεκλημένους
1690 2196 2007 2268 παραϐολὴν

406 2286 626 2356 ἐπέχων
661 2286 779 2349 πῶς
816 2289 917 2350 τὰς
968 2288 1374 2358 πρωτοκλισίας
1416 2287 1772 2356 ἐξελέγοντο·
1827 2290 2005 2359 λέγων

407 2379 546 2450 πρὸς
578 2378 776 2442 αὐτούς
797 2396 811 2409 ·
839 2380 1028 2434 Ὀταν
1044 2378 1279 2448 κληθῇς
1301 2379 1423 2434 ὑπό
1449 2397 1615 2447 τινος
1638 2383 1727 2448 είς
1749 2380 2002 2452 γάμους,

401 2471 489 2537 μὴ
526 2467 898 2537 κατακλιθῇς
938 2471 1028 2536 είς
1065 2470 1183 2537 τὴν
1224 2472 1696 2539 πρωτοκλισίαν,
1725 2472 1812 2543 μή
1859 2488 2006 2528 ποτε

406 2559 789 2629 ἐντιμότερός
808 2576 925 2614 σου
941 2554 982 2632 ᾖ
1010 2560 1506 2629 κεηημένοςζύπ’
1531 2561 1742 2626 αὑτοῦ,
1777 2562 1875 2617 καὶ
1898 2563 2003 2618 ἐλ-

405 2648 529 2704 θὼν
559 2651 594 2703 ό
621 2648 699 2701 σὲ
720 2649 821 2703 καί
848 2649 1050 2719 αὐτὸν-ί
1064 2650 1355 2717 καλέσας,
1382 2648 1509 2718 ἐρεῖ
1531 2666 1653 2716 σοι,
1683 2653 1796 2718 Δὸς
1817 2654 2007 2720 τούτῳ

404 2740 614 2806 τόπον,
640 2740 741 2794 καὶ
764 2741 900 2796 τότε
924 2741 1079 2811 ἄρξῃ
1111 2742 1240 2811 μετ’
1266 2744 1571 2813 αἰσχύνης
1602 2744 1713 2797 τὸν
1739 2744 2005 2812 ἔσχατον

405 2832 595 2885 τόπον
619 2831 920 2900 κατέχειν.
955 2833 1108 2888 Ἀλλ’
1141 2834 1291 2889 ὅταν
1326 2834 1583 2905 κληθῇς,
1612 2834 1887 2891 ἀνάπεσε
1914 2840 2003 2904 είς

406 2918 514 2974 τὸν
555 2920 824 2990 ἔσχατον
869 2923 1060 2977 τόπον
1086 2940 1101 2954 ο
1131 2925 1233 2978 ἵνα
1266 2925 1414 2979 ὅταν
1447 2924 1598 2995 ἔλθῃ
1629 2929 1664 2983 ό
1691 2926 2003 2995 κεκληκὼς

406 3012 549 3080 εἴπῃ
589 3029 709 3075 σοι,
744 3014 889 3068 Φίλε
920 3016 1336 3086 προσανάϐηθι
1372 3016 1708 3088 ἁνώτερονο
1738 3019 1838 3073 καὶ
1870 3019 2003 3073 τότε

408 3105 579 3158 ἐσται
627 3121 729 3159 σοι
765 3107 917 3172 δόξα
974 3108 1234 3163 ἐνώπιον
1299 3109 1423 3164 τῶν
1470 3109 2004 3181 συνανακειμένων

2109 1918 2219 1974 Deo
2264 1918 2529 1990 profecta,
2572 1918 2749 1988 posita
2790 1927 2876 1974 est
2920 1918 3253 1974 doctrinam.
3301 1918 3371 1975 lis
3399 1921 3546 1974 enim
3601 1921 3697 1989 qui

2117 2011 2294 2065 vocati
2321 2019 2497 2077 erant,
2530 2010 2745 2065 dicebat
2783 2011 2925 2065 hanc
2961 2012 3279 2079 parabolam
3317 2029 3331 2066 :
3367 2012 3597 2078 Quando
3630 2016 3695 2065 ab

2096 2099 2296 2171 aliqua
2327 2102 2397 2154 ad
2428 2103 2644 2170 nuptias
2686 2102 2943 2155 invitatus
2988 2103 3176 2171 fueris,
3201 2119 3264 2156 ne
3293 2104 3347 2155 in
3375 2104 3549 2171 primo
3580 2103 3697 2156 loco

2116 2195 2455 2258 accubueris,
2506 2211 2569 2249 ne
2611 2195 2750 2264 forte
2774 2196 3045 2265 quispiam
3075 2207 3125 2249 te
3170 2196 3483 2249 honoratior
3525 2197 3591 2249 ab
3637 2212 3697 2249 eo

2106 2283 2365 2336 invitatus
2393 2283 2579 2352 fuerit,
2604 2284 2751 2356 isque
2786 2284 2876 2353 qui
2917 2297 2966 2336 te
3013 2292 3065 2337 et
3109 2284 3283 2350 ipsum
3316 2285 3581 2349 invitavit,
3610 2300 3698 2338 ve-

2106 2373 2221 2427 niat
2252 2384 2299 2427 et
2338 2374 2485 2429 dicat
2525 2389 2545 2427 :
2580 2373 2661 2428 Da
2703 2375 2752 2428 ei
2798 2374 2971 2427 locum
3008 2389 3028 2429 :
3061 2384 3111 2429 et
3153 2385 3278 2429 tunc
3318 2376 3536 2443 incipies
3575 2392 3697 2430 cum

2103 2466 2302 2535 pudore
2334 2466 2583 2520 ultimum
2632 2454 2807 2520 locum
2836 2476 3029 2523 tenere.
3069 2465 3173 2521 Sed
3202 2469 3413 2538 quando
3441 2469 3695 2522 invitatus

2105 2558 2291 2629 fueris,
2332 2560 2387 2613 in
2437 2560 2626 2612 ultimo
2664 2559 2778 2612 loco
2829 2560 3079 2613 accumbe
3122 2569 3203 2624 ut,
3242 2560 3457 2629 quando
3498 2561 3697 2613 venerit

2104 2650 2196 2722 qui
2228 2660 2277 2704 te
2315 2650 2577 2713 invitavit,
2618 2650 2764 2704 dicat
2809 2652 2905 2705 tibi
2941 2667 2959 2706 :
2993 2652 3193 2717 Amice,
3225 2652 3448 2705 ascende
3478 2652 3642 2705 altius
3674 2663 3696 2703 :

2106 2754 2232 2797 tunc
2262 2745 2361 2798 erit
2389 2743 2485 2797 tibi
2514 2744 2687 2814 gloria
2716 2762 2896 2798 coram
2926 2746 2994 2798 iis
3026 2746 3118 2815 qui
3151 2754 3322 2797 tecum
3351 2744 3692 2798 accumbunt.

2104 2832 2252 2888 Nam
2303 2836 2543 2907 quisquis
2592 2851 2646 2888 se
2694 2835 2903 2889 extollit
2947 2834 3325 2888 humiliabitur
3356 2873 3372 2899 ,
3423 2842 3472 2887 et
3508 2834 3603 2903 qui
3632 2850 3687 2886 sc

2103 2924 2383 2996 humiliatf.
2435 2926 2758 2980 exaltabitur
2796 2924 2840 2979 τ.
2900 2924 3014 2979 lloc
3069 2925 3250 2994 ipsum
3310 2934 3494 2979 autem
3525 2924 3693 2978 etiam

2102 3017 2408 3074 servabitur
2468 3019 2522 3072 in
2579 3017 2807 3086 reliquis
2861 3017 3035 3071 sacris
3084 3014 3404 3080 ordinibus,
3445 3015 3697 3085 quando-

2104 3108 3054 3181 quidemsazcularibusdignitatibus
3109 3108 3388 3179 spiritales
3430 3115 3698 3178 praestan-

409 3213 510 3250 σοι
528 3214 541 3227 ·
564 3196 655 3252 ὅτι
688 3197 810 3266 πᾶς
830 3202 863 3253 ὁ
889 3198 1067 3269 ὑψῶν
1089 3201 1312 3256 ἑαυτὸν
1339 3202 1874 3273 ταπεινωθήσεται,
1905 3201 2004 3257 καὶ

2109 3201 2280 3256 tiores
2313 3215 2434 3256 esse
2465 3200 2694 3255 scimus.

414 3294 445 3347 ὁ
469 3290 771 3347 ταπεινῶν
792 3294 1013 3348 ἑαυτὸν
1043 3294 1449 3364 ὑψωθήσεται.
1481 3299 1557 3352 Τὸ
1586 3298 1643 3351 δὲ
1666 3298 1801 3352 αὐτὸ
1832 3296 2245 3368 φυλαχθήσεται
2305 3296 2399 3350 καὶ
2445 3297 2542 3348 ἐπὶ
2602 3296 2711 3351 τῶν
2767 3295 2973 3352 λοιπῶν
3013 3295 3314 3369 ιερατικῶν
3355 3296 3695 3367 ταγμάτων·

413 3389 604 3463 ἐπειδὴ
640 3393 749 3447 τῶν
793 3391 936 3448 κατὰ
975 3391 1184 3463 κόσμον
1216 3392 1548 3465 ἀξιωμάτων
1572 3394 1880 3467 κρείττονα
1939 3394 2010 3449 τά
2051 3392 2402 3465 πνευματικὰ
2432 3391 2802 3461 ἐπιστάμεθα.

1752 3759 2161 3847 ΤΙΤΛΟΣ
2236 3756 2364 3849 Θ’.

411 3940 570 3995 ΠΕΡΙ
612 3942 1154 3999 ΑΜΑΡΤΗΜΑΤΩΝ
1192 3941 1311 3996 ΚΑΙ
1352 3939 1564 3995 ΔῐΚΩΝ
1607 3940 2035 4006 ΕΠΙΣΚΟΠΩΝ,
2077 3938 2199 3993 ΚΑΙ
2238 3938 2627 4003 ΚΛΗΡΙΚΩΝ,
2672 3941 2793 3994 ΚΑΙ
2832 3937 3254 4007 ΑΦΟΡΙΣΜΟΥ,
3293 3937 3416 3991 ΚΑΙ
3457 3936 3700 3990 ΚΑΘΔΙ-

1079 4013 1359 4080 ΡΕΣΕΩΣ,
1402 4013 1525 4067 ΚΑΙ
1578 4012 1745 4068 ΠΟΙΑ
1781 4012 2275 4067 ΑΜΔΡΤΗΜΑΤΑ
2311 4013 2359 4065 Η
2397 4011 2811 4067 ΧΕΙΡΟΘΕΣΙΔ
2847 4008 3035 4067 ΛΥΕΙ.

1713 4338 2186 4421 TITULUS
2274 4337 2411 4417 IX.

412 4519 577 4591 230
594 4517 701 4591 ΗΕ
729 4517 1093 4591 Ρέῖροὲτὲβμ
1108 4515 1535 4591 Εμυοιςιιεί
1552 4515 2064 4591 ΕΡΞὸβΟΡρῐέῑὶΜν
2094 4518 2180 4591 ET
2219 4516 2317 4591 QE,
2338 4507 3703 4591 ΕΧΟΩΜΜΗΙἩΟᾼᾞΕΡΝΕ,ΑΕΒΕΡῙΞΨἨΟΝΕ,

589 4587 677 4643 ET
724 4588 813 4642 DE
850 4587 1343 4658 ΡιΕΝιΤΕΝΤιΑ,
1380 4588 1471 4645 ΕΤ
1509 4587 1826 4657 QUAENAM
1864 4588 2029 4645 PECC

2108 4587 2185 4644 ΓΔ
2245 4586 2670 4644 SOLV’ANTUR
2705 4584 3011 4641 MANUUM
3066 4581 3528 4642 IMPOSITIONE.

484 4794 740 4850 ΚΕΦΑΛ.
765 4794 838 4846 Λ¹.
861 4818 931 4833 --
970 4794 1139 4859 Τίνες
1171 4790 1268 4845 καί
1295 4789 1455 4859 παρὰ
1479 4788 1602 4844 τίσι
1640 4787 2009 4859 κατηγοροῦ-

2183 4787 2417 4845 CAPUT
2460 4787 2757 4844 PRIMUM.
2788 4819 2859 4831 —-
2889 4788 3119 4853 Quinam
3167 4795 3218 4841 et
3260 4785 3403 4855 apud
3447 4799 3705 4856 quosnam

411 4902 522 4946 σιν
548 4888 902 4942 ἐπισκόπων
960 4886 1000 4955 ἢ
1055 4880 1357 4952 κληρωτῶν
1379 4900 1399 4949 ;

836 4998 895 5054 Ἀ
903 4997 1224 5051 ποστόλων
1258 4996 1459 5052 κανὼν
1494 4994 1588 5050 οδν.

480 5112 578 5169 οϐ’.
596 5111 926 5166 Ἐπίσκοπον
956 5108 1408 5182 κατηγορηθέντα
1435 5106 1529 5161 ἐπί
1552 5124 1659 5161 τινι
1680 5104 1834 5178 παρὰ
1862 5105 2010 5174 άξιο·

410 5207 623 5262 πίστων
660 5204 989 5277 ἀνθρώπων,
1037 5203 1323 5258 καλεῖσθαι
1367 5201 1535 5256 αὐτὸν
1575 5200 1872 5270 ἀναγκαῖον
1904 5200 2009 5253 ὑπὸ

410 5302 524 5356 τῶν
549 5300 887 5353 ἐπισκόπωνο
922 5296 1026 5351 κᾶν
1059 5296 1159 5367 μὲν
1191 5296 1498 5365 ἁπαντήσοι
1525 5294 1623 5347 καὶ
1651 5292 2002 5364 ὀμολογήσοι,

412 5393 764 5464 ἐλεγχθέντος
797 5390 987 5456 αὐτοῦ,
1031 5388 1302 5459 ὀριζέσθω
1339 5388 1400 5441 τὸ
1448 5388 1747 5456 ἐπιτίμιον.
1790 5387 1918 5441 Ἐάν
1950 5386 2007 5440 δὲ

412 5486 751 5557 καλούμενος
787 5488 863 5557 μὴ
908 5482 1232 5549 ὑπακούσοι,
1274 5479 1547 5534 καλείσθω
1592 5478 1680 5533 καὶ
1729 5478 2004 5550 δεύτερον,

414 5579 901 5648 ἁποστελλομένοδν
958 5576 1046 5631 ἐπ’
1092 5574 1257 5631 αὐτὸν
1303 5572 1399 5627 δύο
1427 5572 1775 5628 ἐπισκόπωνο
1816 5570 1915 5627 ἐὰν
1948 5572 2006 5626 δὲ

484 5766 505 5797 ⁸
538 5766 737 5819 Νἰςτνη.
783 5767 858 5817 l8.
938 5762 958 5795 "
994 5762 1105 5817 an
1150 5778 1255 5819 τιν.
1287 5759 1438 5813 8-H.

2115 4900 2366 4941 accusare
2394 4893 2589 4955 queunt
2612 4884 2881 4953 episcopos
2911 4892 3002 4936 aut
3029 4882 3246 4935 clericos
3271 4882 3297 4934 Ρ

2100 4984 2105 4989 ’
2557 4998 2934 5067 Apostolorum
2963 5014 3131 5052 canon
3160 4995 3252 5050 τι.

2188 5110 2255 5167 74
2292 5109 2431 5184 [73].
2474 5110 2806 5183 Episcopum
2853 5128 2885 5167 a
2922 5113 3054 5168 viris
3112 5112 3218 5167 lide
3261 5110 3445 5180 dignis
3493 5109 3566 5165 ob
3598 5108 3707 5164 ali-

2118 5205 2251 5276 quid
2305 5214 2651 5272 accusatum,
2699 5206 2880 5276 ipsum
2928 5206 2998 5259 ab
3047 5204 3325 5275 episcOpis
3378 5202 3565 5258 vocari
3604 5218 3706 5256 ne-

2114 5312 2273 5353 cesse
2305 5305 2391 5353 est
2424 5314 2438 5352 :
2471 5306 2527 5353 et
2573 5298 2621 5352 si
2661 5313 2721 5353 se
2766 5298 2987 5366 quidem
3037 5296 3259 5360 stiterit,
3309 5304 3366 5349 et
3414 5293 3706 5349 confessus

2120 5390 2200 5445 vel
2228 5390 2518 5446 convictus
2558 5390 2650 5452 sit,
2681 5398 2955 5444 statuatur
2987 5404 3175 5460 poena.
3223 5388 3281 5442 Si
3318 5396 3502 5442 autem
3538 5400 3706 5439 voca-

2116 5493 2206 5539 tus
2249 5500 2354 5539 non
2408 5484 2673 5554 paruerit,
2724 5483 2969 5539 secundo
3008 5482 3175 5538 etiam
3210 5491 3464 5544 vocetur,
3514 5474 3706 5534 missis

2112 5578 2181 5634 ad
2223 5579 2403 5652 ipsum
2439 5579 2713 5651 epise0pis
2751 5579 2987 5635 duobus.
3029 5576 3091 5634 Si
3115 5577 3282 5632 etiam
3309 5574 3392 5630 sic
3427 5588 3538 5627 non
3572 5569 3701 5625 obo-
