4122 6486
502 347 617 408 ΰ99

1708 348 1971 408 ΡΗΟΤΙΙ
2026 349 2525 414 l’ATRlARClI/E
2566 355 2673 414 CP.

3678 358 3788 420 700

510 453 695 516 diei-it,
749 460 976 504 vocetur
1015 456 1070 502 et
1122 451 1309 513 tertio,
1343 449 1562 504 duobus
1612 450 1678 503 ad
1723 467 1849 505 eum
1902 468 2096 509 rursus

2213 457 2291 510 ιαί
2318 456 2491 520 οὕτως
2536 460 2612 529 μὴ
2643 459 2962 521 ἐπακούσοι,
3005 457 3275 513 καλείσθω
3323 460 3416 514 καὶ
3457 464 3665 533 τρίτον,
3691 465 3789 518 δύο

510 545 695 599 missis
744 545 1041 613 episeopis.
1093 539 1151 594 Si
1187 553 1367 595 autem
1421 542 1503 594 vel
1555 542 1637 596 sic
1684 558 1991 611 aspernans
2038 552 2093 599 et

503 642 805 687 contumax
842 647 899 686 se
947 646 1054 684 non
1094 631 1319 695 stiterit,
1362 631 1605 700 synodus
1644 646 1707 685 ea
1739 646 1860 700 qua:
1906 632 2094 686 viden-

505 736 621 786 tur,
668 723 931 775 adversus
970 735 1094 772 eum
1144 719 1483 789 pronuntiet,
1525 734 1593 774 ne
1637 719 1962 776 lucrifacere
2007 721 2091 776 vi-

506 817 725 878 deatur,
758 815 886 867 dum
916 812 1182 881 judicium
1235 810 1591 881 subterfugit.

717 906 946 962 Concilii
984 902 1571 972 Constantinopolitani
1616 920 1785 957 canon
1827 904 1883 959 6.

581 998 632 1051 6.
673 996 941 1062 Quoniam
976 996 1129 1049 multi
1148 995 1579 1049 ecclesiasticum
1597 994 1843 1050 ordinem
1862 995 2098 1051 confun-

510 1090 637 1142 dere
665 1098 718 1140 et
741 1087 1055 1140 subvertere
1076 1086 1343 1149 volentes,
1377 1086 1604 1139 inimice
1633 1094 1687 1139 et
1709 1086 2099 1157 sycophantice

504 1180 666 1249 231
699 1178 962 1232 adversus
991 1177 1325 1232 orthodoxos
1354 1177 1666 1247 episcopos,
1700 1178 1794 1246 qui
1824 1176 2101 1233 Ecclesias

513 1269 930 1332 administrant,
992 1267 1374 1322 accusationes
1433 1267 1700 1334 quasdam
1755 1268 2098 1336 confingunt,

513 1362 647 1415 nihil
668 1361 814 1415 aliud
843 1375 1008 1431 quam
1042 1359 1390 1415 sacerdotum
1416 1357 1616 1412 bonam
1635 1358 2098 1413 existimationem

504 1453 883 1509 contaminare
908 1494 924 1515 ,
958 1461 1014 1507 et
1047 1452 1100 1505 in
1135 1466 1269 1521 pace
1298 1449 1612 1519 degentium
1647 1451 1977 1520 populorum
2010 1459 2101 1508 tu-

510 1543 717 1599 multus
740 1543 1017 1597 concitare
1038 1550 1304 1596 conantes
1324 1580 1341 1605 ,
1372 1555 1436 1595 ea
1466 1540 1535 1595 de
1558 1556 1722 1595 causa
1746 1542 1951 1612 placuit
1973 1557 2103 1597 san-

506 1644 612 1689 cta:
644 1634 855 1705 synodo
899 1632 1282 1702 episcoporum
1318 1631 1413 1701 qui
1453 1629 1933 1703 Constantinopoli
1961 1647 2099 1687 con-

512 1733 805 1788 venerunt,
847 1738 949 1779 nec
974 1723 1094 1777 sine
1120 1723 1465 1778 discussione
1490 1722 1779 1777 admittere
1815 1732 2102 1778 accusato-

2196 549 2360 603 πάλιν
2397 549 2716 602 ἐπισκόπων
2754 549 3240 621 ἀποστελλομένων
3277 551 3416 622 πρὸς
3451 554 3617 608 αὐτόν
3639 569 3655 583 ⁸
3690 555 3789 610 ἐὰν

2193 640 2252 692 δέ
2279 639 2375 694 καὶ⁵
2406 639 2579 703 οὕτως
2613 643 3036 712 καταφρονήσας
3079 641 3155 712 μὴ
3199 643 3525 713 ἀπαντήσοι,
3561 647 3597 717 ἡ
3655 645 3791 699 σύν-

2194 733 2314 795 οδος
2342 732 2729 801 ἀποφαινέσθω
2762 734 2880 787 κατ’
2915 735 3083 789 αὐτοῦ
3118 734 3189 789 τὰ
3215 735 3499 803 δοκοῦντα,
3530 738 3683 802 ὅπως
3711 740 3787 809 μὴ

2196 823 2324 896 δόξῃ
2355 824 2661 894 κερδαίνειν
2705 825 3039 893 φυγοδικῶν.

2323 915 2595 969 Συνόδου
2617 916 3312 984 Κωνσταντινουπόλεως
3348 916 3552 982 κανὼν
3584 918 3667 984 ς’.

2270 1014 2347 1073 ςὀ.
2396 1008 2618 1079 Ἐπειδὴ
2653 1008 2840 1062 πολλοὶ
2874 1009 2977 1080 τὴν
3016 1010 3486 1082 ἐκκλησιαστικὴν
3527 1011 3791 1078 εὐταξίαν

2201 1100 2423 1167 συγχεῖν
2464 1099 2559 1153 καὶ
2601 1100 2930 1170 ἀνατρέπειν
2972 1098 3313 1171 βουλόμενοι,
3352 1100 3664 1172 φιλέχθρως
3695 1103 3792 1154 καὶ

2200 1190 2617 1259 συκοφαντικῶς
2644 1190 2825 1253 αἰτίας
2847 1191 3000 1254 τινάς
3027 1191 3172 1245 κατὰ
3209 1191 3319 1246 τῶν
3352 1193 3793 1261 οἰκονομούντων

2199 1276 2299 1339 τὰς
2344 1276 2673 1347 Ἑκκλησίας
2705 1277 3004 1347 όρθοδόξων
3035 1278 3354 1333 ἐπισκόπων
3397 1279 3793 1349 συμπλάσσου-

2203 1383 2309 1429 σιν,
2338 1367 2492 1420 οὐδὲν
2519 1368 2706 1438 ἕτερον
2734 1369 2767 1438 ἢ
2794 1368 3037 1437 χραίνειν
3065 1370 3164 1433 τὰς
3205 1370 3316 1426 τῶν
3344 1371 3535 1441 ἱερέων
3580 1372 3792 1442 ὑπολή-

2199 1456 2343 1527 ψεις,
2376 1459 2472 1512 κα)⁸
2487 1477 2554 1512 τα
2561 1458 2734 1531 ραχάς
2752 1459 2862 1513 τῶν
2877 1462 3265 1531 είρηνευόντων
3284 1462 3428 1517 λαῶν
3443 1464 3796 1518 κατασκευά-

2203 1548 2318 1611 ζειν
2368 1548 2800 1621 ἐπιχειροῦντες,
2850 1551 3043 1605 τούτου
3087 1552 3275 1607 ἐνεκεν
3323 1555 3488 1625 ηρεσε
3534 1557 3602 1625 τῇ
3657 1554 3796 1624 ἁγίᾳ

2206 1639 2410 1711 συνόδῳ
2465 1641 2574 1696 τῶν
2624 1642 2684 1694 ἐν
2724 1643 3297 1697 Κωνσταντινουπόλει
3371 1644 3796 1715 συνδραμόντων

2202 1730 2544 1798 ἐπισκόπων,
2593 1732 2669 1803 μὴ
2699 1733 3072 1800 ἀνεξετάστως
3115 1734 3438 1804 προσίεσθαι
3478 1736 3606 1799 τοὺς
3662 1752 3797 1789 κατ-

509 1833 641 1879 res,
686 1831 786 1869 nec
839 1815 1124 1879 omnibus,
1177 1829 1370 1869 eorum
1436 1815 1532 1883 qui
1590 1814 1866 1870 Ecclesias
1923 1814 2102 1869 admi-

2213 1824 2463 1897 ηγόρους,
2496 1825 2630 1896 μηδὲ
2671 1828 2840 1880 πᾶσιν
2899 1826 3294 1898 ἐπιτρέπεσθαι
3324 1827 3424 1891 τάς
3453 1828 3793 1899 κατηγορίας

506 1909 767 1969 nistrant,
801 1908 1184 1961 accusationes
1208 1907 1542 1975 permittere,
1578 1920 1678 1961 nec
1703 1920 1889 1961 omnes
1913 1907 2101 1961 exclu-

511 1999 642 2052 dere
674 2017 687 2053 :
731 1997 827 2052 sed
876 1998 922 2052 si
958 1998 1084 2067 quis
1125 1998 1401 2066 propriam
1446 1997 1669 2067 quidem
1708 1997 2010 2066 querelam,
2043 1997 2096 2051 id

504 2098 597 2143 est
624 2088 916 2157 privatam,
964 2086 1211 2141 intendat
1239 2086 1517 2156 episcopo,
1543 2094 1604 2140 ut
1635 2087 1961 2141 detrimento
1994 2086 2098 2141 ali-

510 2196 639 2250 quo,
667 2181 750 2234 vel
782 2179 984 2246 injuria
1013 2178 1195 2249 aliqua
1224 2179 1292 2255 ab
1326 2179 1444 2249 ipso
1470 2177 1725 2243 allectus;
1751 2179 1805 2233 in
1827 2179 2098 2249 ejusmodi

506 2275 958 2330 accusationibus
996 2289 1097 2329 nec
1120 2273 1462 2329 accusatoris
1488 2289 1803 2343 personam,
1839 2290 1939 2330 nec
1967 2275 2101 2329 reli-

512 2369 729 2438 gionem
759 2367 1083 2422 examinari.
1114 2365 1341 2436 Oportet
1367 2366 1513 2419 enim
1542 2358 1781 2436 episcopi
1817 2368 2103 2421 conscien-

512 2462 647 2515 tiam
676 2476 798 2517 esse
839 2460 1097 2516 omnibus
1134 2461 1312 2515 modis
1345 2460 1597 2526 liberam,
1633 2470 1688 2515 et
1716 2475 1840 2515 eum
1874 2460 1967 2528 qui
1994 2458 2100 2513 sibi

511 2553 774 2623 injuriam
814 2553 1014 2608 factam
1040 2567 1162 2608 esse
1195 2552 1350 2617 dicit,
1376 2552 1755 2622 cujuscunque
1785 2554 1856 2607 sit
1884 2551 2103 2621 religio-

511 2648 619 2709 nis,
652 2647 744 2715 jus
775 2661 935 2701 suum
970 2646 1255 2715 consequi.
1287 2644 1346 2699 Si
1382 2654 1565 2699 autent
1593 2646 1664 2701 sit
1690 2646 1896 2700 crimen
1928 2644 2103 2699 eccle-

506 2739 793 2793 siasticum
817 2776 832 2800 ,
864 2737 1011 2806 quod
1046 2737 1303 2805 episcopo
1350 2736 1690 2799 intenditur,
1731 2741 1863 2788 tunc
1892 2735 2100 2788 exami-

510 2830 631 2885 nari
679 2844 949 2899 personas
991 2836 1376 2882 accusatorum
1429 2842 1442 2878 :
1494 2834 1553 2879 ut
1599 2826 1834 2896 primum
1881 2825 2102 2894 quidem

513 2922 792 2976 haereticis
832 2935 940 2975 non
984 2920 1147 2975 liceat
1186 2917 1524 2973 orthodoxos
1566 2917 1858 2987 episcopos
1887 2930 1987 2985 pro
2017 2930 2105 2969 re-

511 3016 617 3071 bus
653 3014 1042 3070 ecclesiasticis
1085 3026 1366 3067 accusare.
1408 3008 1705 3065 Haeretieos
1744 3019 1928 3064 autem
1972 3007 2108 3063 dici-

2204 1913 2479 1968 ποιεϊσθαι
2509 1914 2653 1968 κατὰ
2692 1915 2802 1969 τῶν
2834 1915 3270 1987 οἰκονομούντων
3294 1918 3395 1980 τὰς
3435 1917 3795 1987 Ἐκκλησίες,

2208 2009 2345 2079 μήτε
2376 2007 2485 2080 μὴν
2515 2007 2723 2072 πάντας
2751 2008 3085 2063 ἀποκλείειν*
3116 2009 3233 2064 ἀλλ’
3262 2011 3312 2063 εἰ
3339 2010 3440 2081 μέν
3468 2027 3551 2075 τις
3578 2010 3796 2064 οἰκείαν

2204 2098 2327 2155 τινὰ
2355 2099 2585 2170 μέμψιν,
2614 2099 2895 2154 τουτέστιν
2930 2100 3227 2172 ἰδιωτικὴν,
3261 2101 3533 2169 ἐπαγάγοι
3560 2100 3643 2170 τῷ
3674 2102 3798 2153 ἐπι-

2207 2190 2417 2261 σκόπῳ,
2448 2188 2525 2253 ὡς
2552 2190 2990 2261 πλεονεκτηθεὶς,
3019 2192 3052 2262 ἢ
3074 2192 3202 2247 ἄλλο
3234 2210 3287 2245 τι
3313 2193 3466 2263 παρὰ
3490 2192 3551 2245 τὸ
3578 2192 3797 2246 δίκαιον

2205 2282 2338 2352 παρ’
2361 2282 2525 2335 αὑτοῦ
2555 2281 2862 2347 πεπονθὼς,
2878 2284 2972 2336 ἐπὶ
2998 2283 3108 2336 τῶν
3134 2282 3396 2338 τοιούτων
3419 2284 3792 2354 κατηγοριῶν,

2209 2374 2285 2445 μὴ
2335 2373 2708 2441 ἐξετάζεσθαι,
2764 2375 2902 2444 μήτε
2951 2374 3246 2445 πρόσωπον
3299 2374 3396 2429 τοῦ
3451 2375 3791 2446 κατηγόρου,

2209 2466 2348 2535 μήτε
2375 2463 2475 2535 τὴν
2501 2464 2817 2536 θρησκείανο
2835 2466 2940 2535 χρὴ
2961 2465 3070 2537 γὰρ
3094 2466 3258 2519 παντί
3274 2465 3484 2537 τρόπῳ,
3513 2466 3637 2519 τότε
3664 2484 3793 2520 συν·-

2205 2555 2347 2620 ειδδς
2390 2554 2486 2608 τοῦ
2531 2556 2832 2610 ἐπισκόπου
2883 2557 3168 2628 ἐλεύθερον
3210 2554 3371 2623 εἶναι,
3407 2559 3503 2612 καὶ
3538 2559 3633 2612 τὸν
3675 2559 3799 2611 ἀδι-

2207 2647 2424 2702 κεῖσθαι
2466 2647 2694 2717 λέγοντα
2742 2648 2861 2712 οἵας
2897 2645 3024 2722 ἂνῇ
3064 2649 3386 2720 θρησκείας,
3416 2649 3527 2703 τῶν
3566 2649 3796 2704 δικαίων

2206 2739 2519 2809 τυγχάνειν.
2550 2739 2617 2793 Εἰ
2640 2739 2698 2793 δὲ
2724 2740 3180 2817 ἐκκλησιαστικὸν
3209 2742 3296 2810 είη
3320 2741 3380 2795 τὸ
3399 2742 3798 2812 ἐπιφερόμενον

2208 2831 2463 2903 ἔγκλημα
2494 2831 2573 2903 τῷ
2604 2833 2915 2905 ἐπισκόπῳ,
2958 2835 3082 2888 τότε
3116 2835 3508 2905 δοκιμάζεσθαι
3547 2835 3659 2907 χρὴ
3690 2834 3798 2889 τῶν

2202 2923 2665 2996 ’κατηγορούντων
2692 2924 2762 2977 τὰ
2782 2926 3068 2995 πρόσωπα,
3104 2928 3190 2980 ἵνα
3220 2927 3436 2997 πρῶτον
3455 2929 3556 2998 μὲν
3582 2930 3796 2999 αἱρετι-

2211 3013 2329 3075 κοίς
2355 3010 2431 3083 μὴ
2458 3012 2553 3083 ἐξῇ
2584 3014 2921 3083 κατηγορίας
2944 3013 3085 3067 κατά
3107 3014 3217 3067 τῶν
3243 3014 3542 3085 ὀρθοδόξων
3568 3014 3799 3068 ἐπισκό-

513 3126 641 3165 mus
680 3116 734 3163 et
762 3108 857 3178 qui
893 3108 1023 3161 olim
1062 3107 1131 3159 ab
1160 3104 1401 3160 Ecclesia
1440 3103 1675 3158 abdicati
1723 3112 1894 3168 sunt,
1933 3111 1988 3158 et
2012 3100 2105 3172 qui

2213 3120 2332 3155 πων
2384 3102 2528 3175 ὑπὲρ
2561 3103 3033 3173 ἐκκλησιαπικῶν
3080 3106 3426 3177 πραγμάτων
3485 3106 3797 3161 ποιεῖσθαισ

514 3207 647 3255 sunt
691 3206 878 3267 postea
911 3212 942 3250 a
976 3194 1138 3249 nobis
1169 3191 1617 3247 anatliematizati
1648 3209 1662 3245 :
1705 3190 1895 3245 adlttec
1927 3199 2107 3244 autem

518 3299 576 3343 et
604 3304 721 3352 eos,
762 3288 864 3356 qui
890 3301 950 3341 se
981 3301 1170 3341 sanam
1196 3283 1420 3354 quidem
1454 3282 1613 3336 (idem
1640 3281 1891 3337 conﬁteri
1920 3296 2032 3351 prae
2053 3295 2114 3337 se

522 3383 726 3444 ferunt,
758 3380 932 3435 avulsi
970 3386 1152 3434 autem
1203 3385 1333 3434 sunt
1372 3388 1427 3432 et
1466 3378 1718 3444 abscissi,
1761 3386 1815 3431 et
1851 3377 2112 3431 adversus

523 3474 822 3529 canonicos
840 3481 1059 3526 nostros
1080 3471 1369 3541 episcopos
1388 3470 1865 3540 congregationem
1886 3468 2111 3523 faciunt.

520 3563 794 3620 Prmlerea
832 3570 1017 3615 autem
1050 3568 1105 3614 et
1146 3560 1192 3614 si
1225 3560 1396 3629 aliqui
1429 3574 1621 3613 eorum
1663 3558 1732 3612 ab
1777 3557 2017 3612 Ecclesia
2045 3557 2115 3611 ob

525 3656 741 3724 aliquas
770 3667 967 3707 causas
994 3652 1151 3721 prius
1187 3649 1571 3713 condemnati,
1612 3658 1667 3704 et
1698 3649 1857 3718 ejecti
1904 3649 1987 3702 vel
2017 3665 2117 3703 ex-

526 3744 917 3802 communicati
960 3744 1198 3807 fuerint,
1237 3743 1351 3797 sive
1385 3758 1453 3795 ex
1484 3741 1668 3807 clero,
1711 3740 1827 3795 sive
1853 3756 1920 3794 ex
1951 3740 2119 3795 laico-

527 3854 650 3893 rum
688 3837 918 3898 ordine,
966 3850 1067 3889 nec
1111 3834 1191 3889 eis
1237 3832 1404 3888 licere
1458 3833 1777 3902 episcopum
1816 3843 2116 3897 accusare,

528 3931 851 4000 priusquam
882 3926 1165 3995 pr0prium
1198 3924 1406 3979 crimen
1435 3921 1812 3977 absterserint.
1858 3921 2121 3977 Similiter

522 4030 709 4074 autem
755 4026 809 4072 et
841 4015 1078 4085 eos,qui
1126 4013 1538 4083 prioszazrei
1591 4012 1718 4067 lacti
1764 4015 2121 4083 aecusatique

521 4116 680 4171 sunt,
724 4121 831 4162 non
870 4106 1021 4175 prius
1059 4105 1127 4159 ad
1158 4104 1401 4174 episcOpi
1428 4104 1510 4158 vel
1528 4104 1759 4159 aliorum
1794 4106 2118 4161 clericorum

529 4200 936 4254 accusationem
979 4195 1226 4260 admitti,
1246 4210 1409 4264 quant
1430 4209 1489 4250 se
1508 4194 1844 4264 objectorum
1869 4194 1971 4250 sibi
2008 4195 2121 4250 cri-

528 4295 737 4348 minum
788 4293 1035 4345 insontes
1082 4286 1445 4343 ostenderint.
1497 4284 1605 4341 Sed
1646 4285 1694 4341 si
1738 4286 1988 4341 nonnulli
2021 4301 2123 4340 nec

528 4380 807 4446 haeretici,
858 4395 961 4433 nec
1000 4375 1467 4433 excommunicati
1526 4374 1765 4441 fuerint,
1826 4391 1930 4431 nec
1971 4375 2124 4446 prius

529 4473 797 4539 damnati,
830 4472 915 4526 vel
947 4472 1253 4540 aliquorum
1286 4469 1583 4523 criminum
1615 4468 1893 4534 accusati,
1934 4469 2111 4524 dicant

2222 4470 2578 4537 ἀποδείξωσιν
2626 4469 3011 4540 ἐγκλημάτων.
3078 4469 3139 4522 Εἰ
3196 4469 3382 4539 μέντοι
3431 4467 3599 4533 τινὲς,

531 4575 714 4620 autem
749 4580 811 4620 se
849 4565 1052 4617 habere
1087 4562 1306 4630 aliquas
1342 4561 1605 4615 adversus
1654 4559 1971 4629 episcopum
2007 4560 2119 4614 cri-

532 4660 882 4717 minationes,
939 4669 1036 4709 eos
1058 4653 1212 4721 jubet
1239 4660 1429 4707 sancta
1453 4650 1698 4721 synodus
1721 4651 1961 4721 primum
1995 4652 2120 4722 qui-

533 4750 658 4805 dem
692 4748 834 4817 apud
857 4745 1155 4815 provincia:
1182 4744 1471 4812 episcopos
1495 4744 1906 4807 accusationem
1933 4759 2121 4813 perse—

532 4839 657 4911 qui,
698 4848 752 4894 et
773 4838 912 4907 apud
945 4852 1042 4892 eos
1073 4836 1305 4904 probare
1331 4833 1563 4889 crimina
1601 4833 1863 4903 episcopi;
1891 4836 1985 4905 qui
2020 4836 2124 4889 ali-

539 4947 772 5001 quarum
810 4944 992 4984 rerum
1024 4938 1343 4983 accusatur.
1369 4925 1527 4991 Quod
1554 4925 1599 4981 si
1621 4928 1884 4989 evenerit,
1917 4936 1974 4981 ut
1997 4942 2125 4996 pro-

536 5022 797 5078 vinciales
824 5018 1074 5091 episcopi
1103 5017 1337 5074 crimina
1361 5055 1377 5082 ,
1417 5032 1539 5085 qua:
1573 5016 1831 5086 episcopo
1860 5016 2123 5073 intentata

534 5123 688 5181 sunt,
718 5114 851 5168 corr'
867 5126 995 5181 gere
1026 5125 1137 5164 non
1169 5107 1405 5179 possint,
1438 5115 1567 5162 tunc
1593 5107 1745 5177 ipsos
1771 5109 2034 5164 accedere
2056 5113 2122 5161 ad

535 5205 804 5273 majorem
827 5201 1098 5275 synodum
1129 5198 1389 5254 ditecesis
1419 5197 1565 5253 illius
1596 5201 2003 5271 episcoporum,
2026 5216 2124 5270 pro

533 5310 704 5359 causa
753 5302 1217 5356 convocatorum;
1270 5297 1327 5343 et
1370 5291 1773 5346 accusationem
1823 5308 1930 5346 non
1971 5294 2126 5362 prius

536 5390 855 5453 intendere,
897 5401 1064 5455 quam
1101 5385 1155 5438 in
1192 5383 1410 5451 scriptis
1446 5383 1656 5452 aequale
1683 5385 1984 5455 periculum
2018 5386 2123 5441 sibi

534 5462 782 5538 statuant
807 5520 822 5544 ,
859 5479 905 5533 si
934 5476 1160 5547 quidem
1208 5476 1261 5529 in
1294 5476 1458 5530 rebus
1486 5477 1862 5531 examinandis
1893 5493 2123 5533 accusa-

535 5581 656 5624 tum
681 5571 1002 5640 episcopum
1036 5566 1361 5623 calumniari
1389 5566 1621 5621 convicti
1656 5567 1879 5623 fuerint.
1917 5568 1973 5623 Si
2001 5568 2124 5640 quis

541 5673 725 5717 autem
763 5666 831 5719 iis
863 5677 985 5732 quae
1012 5702 1027 5728 ,
1067 5670 1127 5714 ut
1167 5660 1321 5729 prius
1371 5659 1706 5715 declaratum
1748 5670 1865 5727 est,
1908 5662 2123 5716 decreta

542 5755 799 5822 fuerunt,
836 5751 1202 5823 contemptis,
1238 5766 1405 5808 ausus
1447 5751 1611 5808 fuerit
1654 5752 1739 5807 vel
1782 5753 2124 5823 imperatoris

2212 3193 2523 3265 αἰρετικοὺς
2554 3194 2613 3248 δέ
2644 3195 2877 3266 λέγομεν
2902 3196 3027 3261 τούς
3050 3214 3110 3251 τε
3132 3198 3301 3253 πάλαι
3328 3197 3431 3268 τῆς
3472 3198 3800 3269 Ἐκκλησίας

2211 3284 2721 3355 ἀποκηρυχθέντας,
2778 3286 2874 3341 καὶ
2918 3290 3047 3352 τοὺς
3096 3288 3236 3359 μετὰ
3279 3289 3454 3344 ταῦτα
3502 3290 3593 3358 ὑφ’
3644 3289 3801 3360 ἡμῶν

2213 3375 2769 3446 ἁναθεματισθέντας·
2827 3377 2964 3448 πρὸς
3012 3378 3070 3431 δὲ
3115 3378 3346 3444 τούτοις,
3398 3379 3493 3435 καί
3532 3380 3661 3444 τοὺς
3706 3380 3799 3451 τὴν

2215 3467 2400 3520 πίστιν
2450 3469 2550 3536 μέν
2594 3467 2695 3537 τὴν
2750 3468 2879 3539 ὑγιῆ
2931 3471 3436 3540 προσποιουμένους
3494 3471 3799 3541 ὁμολογεῖν,

2216 3553 2625 3625 ἀποσχίσαντας
2648 3554 2705 3607 δέ
2732 3556 2827 3609 καὶ
2866 3557 3326 3627 ἀντισυνάγοντας
3353 3561 3467 3622 τοῖς
3498 3562 3804 3622 κανονικοῖς

2217 3646 2375 3716 ὴμῶν
2396 3646 2740 3710 ἐπισκόποις·
2769 3647 2960 3701 ἔπειτα
2985 3648 3041 3702 δὲ
3069 3649 3163 3703 καί
3191 3650 3246 3702 εἴ
3264 3667 3408 3714 τινες
3433 3649 3543 3703 τῶν
3575 3648 3689 3703 ἀπὸ
3708 3650 3803 3718 τῆς

2231 3737 2559 3808 Ἐκκλησίας
2594 3739 2689 3791 ἐπὶ
2728 3740 2930 3803 αἰτίαις
2959 3740 3073 3793 τισὶ
3110 3741 3665 3814 προκατεγνωσμένοι
3698 3734 3804 3793 εἶεν

2219 3829 2316 3884 καὶ
2357 3830 2817 3902 ἀποϐεϐλημένοι,
2861 3832 2895 3903 ἢ
2938 3832 3314 3904 ἀκοινώνητοι,
3368 3833 3478 3886 εἴτε
3524 3833 3635 3887 ἀπὸ
3672 3832 3803 3902 κλή-

2222 3939 2339 3993 ρου,
2371 3922 2481 3975 εἴτε
2504 3922 2614 3977 ἀπὸ
2639 3922 2828 3977 λαῖκοῦ
2851 3924 3134 3994 τάγματος
3162 3966 3176 3989 ,
3204 3926 3340 3996 μηδέ
3368 3924 3579 3987 τούτοις
3604 3926 3804 3989 ἐξεῖναι

2221 4019 2549 4087 κατηγορεῖν
2588 4017 2914 4081 ἐπισκόπου,
2962 4018 3092 4087 πρὶν
3136 4016 3202 4071 ἂν
3238 4016 3298 4069 τὸ
3323 4018 3521 4069 οἰκεῖον
3554 4014 3805 4085 ἔγκλημα

2221 4106 2486 4177 πρότερον
2517 4105 2915 4161 ἀποδύσωνταιο
2934 4107 3134 4176 ὁμοίως
3167 4105 3226 4160 δέ
3258 4107 3351 4159 καί
3381 4106 3508 4168 τοὺς
3542 4104 3650 4157 ὑπὸ
3681 4120 3805 4157 κατ-

2221 4197 2454 4270 ηγορίαν
2511 4196 2892 4267 προλαϐοῦσαν
2942 4198 3121 4263 δντας,
3158 4198 3232 4268 μὴ
3263 4197 3527 4268 πρότερον
3555 4194 3694 4249 εἶναι
3721 4195 3803 4247 δε-

2222 4290 2387 4351 κτοὺς
2411 4289 2491 4351 εἰς
2527 4288 2828 4341 ἐπισκόπου
2859 4288 3248 4359 κατηγορίανῆ
3279 4289 3483 4358 ἐτέρων
3504 4284 3801 4357 κληρικῶν,

2226 4380 2354 4448 πρὶν
2410 4378 2477 4432 ἂν
2515 4377 2728 4443 ἀθώους
2784 4380 3017 4443 ἑαυτοὺς
3059 4379 3168 4433 τῶν
3213 4378 3564 4449 ἐπαχθέντων
3629 4378 3805 4438 αὐτοῖς

3670 4467 3805 4537 μήτε

2220 4563 2511 4635 αἰρετικοί,
2542 4563 2681 4633 μήτε
2706 4560 3063 4633 ἀκοινὼτητοι
3083 4557 3215 4628 εἷεν,
3253 4562 3393 4633 μήτε
3422 4557 3806 4628 κατεγνωσμέ-

2222 4674 2324 4721 νοι,
2364 4655 2400 4725 ἢ
2452 4654 3007 4726 προκατηγορημένοι
3058 4653 3151 4707 ἐπί
3190 4670 3303 4706 τισι
3348 4650 3801 4723 πλημμελήμασι,

2222 4747 2433 4814 λέγοιεν
2460 4745 2519 4798 δὲ
2566 4744 2711 4815 ἐχειν
2742 4745 2867 4798 τινὰ
2899 4744 3361 4816 ἐκκλησιαστικὴν
3404 4744 3547 4797 κατά
3571 4742 3664 4795 τοῦ
3692 4745 3805 4795 ἐπι-

2226 4838 2429 4892 σκόπου
2471 4836 2830 4907 κατηγορίαν,
2859 4836 3072 4900 τούτοις
3108 4835 3320 4891 κελεύει
3346 4838 3380 4906 ἠ
3418 4836 3550 4904 ἀγία
3594 4834 3804 4895 σύνοδος

2225 4913 2440 5000 πρῶτον
2476 4928 2575 4998 μὲν
2606 4928 2701 4980 ἐπὶ
2744 4928 2855 4981 τῶν
2891 4928 2992 4998 τῆς
3035 4929 3305 4999 ἐπαρχίας
3330 4929 3548 4982 πάντων
3585 4925 3804 4981 ἐπισκό-

2225 5038 2343 5073 πων
2400 5019 2714 5074 ἐνίστασθαι
2771 5018 2870 5083 τὰς
2927 5020 3278 5093 κατηγορίας,
3334 5020 3430 5074 καὶ
3480 5020 3569 5073 ἐπ’
3632 5017 3804 5071 αὐτῶν

2224 5109 2465 5178 ἐλέγχειν
2496 5108 2568 5162 τὰ
2598 5107 2922 5181 ἐγκλήματα
2948 5108 3043 5163 τοῦ
3076 5110 3136 5163 ἐν
3166 5109 3369 5172 αἰτίαις
3388 5109 3552 5163 ’τισὶν
3581 5106 3800 5162 ἐπισκό-

2226 5215 2353 5253 που.
2397 5199 2458 5251 Εἰ
2502 5198 2559 5252 δὲ
2611 5200 2857 5270 συμϐαίη
2905 5200 3239 5270 ἀδυνατῆσαι
3284 5200 3411 5264 τοὺς
3457 5198 3804 5271 ἐπαρχεὼτας

2225 5292 2365 5364 πρὸς
2407 5291 2695 5363 διόρθωσιν
2726 5292 2836 5345 τῶν
2878 5292 3289 5363 ἐπιφερομένων
3330 5291 3690 5362 ἐγκλημάτων
3730 5287 3803 5356 τῷ

2223 5384 2530 5455 ἐπισκόπῳ,
2556 5386 2681 5439 τότε
2711 5386 2910 5449 αὐτοὺς
2934 5387 3220 5456 προσιέναι
3246 5383 3454 5456 μείζονι
3478 5385 3680 5454 συνόδῳ
3705 5382 3804 5434 τῶν

2223 5476 2324 5547 τῆς
2351 5476 2674 5548 διοικήσεως
2716 5478 2932 5549 ἐκείνης
2980 5477 3297 5531 ἐπισκόπων
3325 5477 3469 5550 ὑπὲρ
3507 5476 3607 5545 τῆς
3634 5473 3803 5536 αἰτίας

2224 5570 2429 5640 ταύτης
2467 5571 2925 5642 συγκαλουμένων
2951 5588 2964 5602 ’
3006 5572 3102 5627 καὶ
3145 5570 3221 5643 μὴ
3249 5570 3467 5641 πρῶτον
3497 5564 3803 5621 ἐνίστασθαι

2225 5660 2325 5728 τὴν
2365 5660 2722 5730 κατηγορίαν,
2757 5661 2888 5729 πρὶν
2916 5660 2950 5731 ἢ
3002 5660 3298 5731 ἐγγράφως
3340 5658 3538 5720 αὐτοὺς
3571 5655 3661 5709 τὸν
3695 5652 3803 5702 ἴσον

2230 5751 2411 5813 αὐτοῖς
2460 5750 2917 5806 ύποτιννύσασθαι
2973 5751 3248 5817 κίνδυνον,
3293 5750 3452 5820 είπερ
3483 5750 3542 5802 ἐν
3588 5749 3652 5817 τῇ
3701 5742 3800 5795 τῶν
