4122 6468
336 365 435 431 701
1195 366 1593 430 SYNTAGMA
1625 364 2015 428 CANONUM.
2055 392 2123 402 -
2151 366 2297 426 TlT.
2332 367 2436 440 1X,
2487 367 2647 431 CAP.
2683 368 2735 429 Ι.
3484 370 3591 433 702

335 480 682 550 πραγμάτων
712 478 956 545 ἐξετάσει
984 479 1441 547 συκοφαντοῦντες
1467 478 1560 530 τὸν
1585 477 1918 548 κατηγορού-

2035 492 2184 533 iures
2222 476 2469 532 molestia
2505 477 2744 543 allicere,
2790 477 2873 532 vel
2912 479 3255 534 saecularium
3285 482 3592 553 principum

338 590 501 643 μενον
530 572 829 627 ἐπίσκοπον
844 573 1179 643 ἐλεγχθεῖεν·
1203 574 1251 625 εἰ
1281 571 1338 624 δέ
1369 588 1452 633 τις
1495 570 1919 640 καταφρονήσας

2035 568 2222 634 iudicia
2257 569 2339 623 vel
2391 569 2754 624 universalem
2793 571 3062 640 synodum
3112 573 3464 639 perturbare,
3502 592 3569 630 uc

335 665 446 718 τῶν
477 666 616 719 κατὰ
640 667 710 718 τὰ
744 665 1159 735 προδηλωθέντα
1191 664 1526 733 δεδογμένων
1548 704 1562 727 ,
1595 661 1918 731 τολμήσειεν

2035 660 2215 730 glectis
2238 660 2490 715 dioecesis
2525 661 2798 730 episcopis
2816 702 2832 724 ,
2866 677 2991 716 eum
3022 662 3171 716 nullo
3198 664 3363 718 modo
3387 682 3507 719 esse
3531 668 3597 719 ad

337 757 371 827 ἢ
407 757 691 826 βασιλικὰς
737 757 976 828 ἐνοχλεῖν
1018 757 1208 821 ἀκοὰς,
1242 756 1275 827 ἦ
1318 754 1596 825 κοσμικῶν
1640 752 1917 824 ἀρχόντων

2035 750 2428 805 accusationem
2468 750 2883 817 admittendum,
2918 761 2974 804 ut
2996 752 3087 820 qui
3115 754 3420 808 canonibus
3455 755 3596 822 inju-

338 846 686 919 δικαστήρια,
719 850 751 920 ἢ
784 850 1168 918 οίκουμενικὴν
1195 846 1412 900 σύνοδον
1441 846 1758 917 ταράσσειν,
1785 842 1919 897 πάν-

2023 841 2161 897 riain
2192 842 2402 909 fecerit,
2432 851 2487 897 et
2511 843 2941 899 ecclesiasticum
2968 845 3214 898 ordinem
3243 846 3526 899 everterit.

337 955 437 1001 τας
460 940 733 1009 ἀτιμάσας
761 940 887 1002 τοὺς
928 940 1027 1008 τῆς
1059 939 1377 1008 διοικήσεως
1424 935 1778 997 ἐπισκόπους,
1819 933 1910 987 τὸν
1945 932 2187 986 τοιοῦτον
2210 935 2290 996 εἰς
2316 934 2648 1003 κατηγορίαν
2708 934 2770 987 τὸ
2823 936 3085 1006 παράπαν
3113 935 3189 1007 μὴ
3219 929 3362 990 εἶναι
3385 937 3597 1001 δεκτδν,

340 1033 417 1095 ὡς
440 1031 847 1102 καθυϐρίσαντα
877 1030 1006 1094 τοὺς
1029 1030 1282 1094 κανόνας,
1306 1029 1402 1083 καὶ
1423 1028 1519 1096 τὴν
1544 1025 2003 1097 ἐκκλησιαστικὴν
2036 1024 2418 1097 λυμηνάμενον
2446 1026 2717 1090 εὐταξίαν.

556 1122 826 1176 Συνόδου
854 1122 1243 1189 Χιλζκηδόνος
1280 1121 1480 1175 κανὼν
1499 1117 1565 1172 θ’.
1600 1125 1708 1174 κα⁹.

418 1214 460 1268 θ’
484 1213 549 1265 Εἰ
575 1231 659 1276 τις
688 1213 951 1284 κληρικὸς
978 1213 1118 1284 πρὸς
1140 1213 1405 1283 κληρικὸν
1435 1212 1667 1283 πρᾶγμα
1690 1209 1824 1281 ἔχει,
1849 1208 1923 1279 μὴ

341 1302 877 1373 ἐγκαταλιμπανέτω
934 1302 1026 1355 τὸν
1078 1304 1282 1356 οἰκεῖον
1331 1301 1652 1364 ἐπίσκοπον,
1698 1300 1795 1353 καὶ
1832 1298 1927 1351 ἐπὶ

342 1396 585 1465 κοσμικὰ
633 1395 963 1464 δικαστήρια
1015 1395 1420 1464 κατατρεχέτω,
1474 1392 1610 1448 ἀλλὰ
1662 1390 1927 1462 πρότερον

341 1488 443 1558 τὴν
474 1486 729 1540 ὑπόθεσιν
756 1484 1083 1556 γυμναζέτω
1108 1485 1259 1556 παρὰ
1290 1484 1369 1555 τῷ
1402 1484 1515 1554 ἰδίῳ
1545 1482 1825 1551 ἐπισκόπῳ
1844 1498 1857 1511 ⁸
1888 1482 1922 1553 ἠ

343 1563 478 1647 γοῦν
510 1577 703 1649 γνώμη
730 1575 898 1630 αὑτοῦ
926 1575 1021 1630 τοῦ
1060 1577 1383 1641 ἐπισκόπου,
1424 1574 1553 1644 παρ’
1583 1570 1664 1636 οἷς
1694 1575 1761 1627 ἂν
1796 1572 1924 1634 τοὺς

340 1670 632 1740 ἀμφότερα
666 1667 805 1739 μέρη
837 1667 1133 1738 βούλωνται
1152 1707 1167 1732 ,
1197 1667 1267 1719 τὰ
1293 1666 1393 1735 τῆς
1419 1666 1576 1735 δίκης
1608 1664 1923 1733 συγκροτεῖ-

343 1762 495 1817 σθαι.
521 1761 584 1813 Ei
607 1760 666 1813 δέ
693 1778 777 1823 τις
806 1760 961 1830 παρὰ
995 1760 1170 1813 ταῦτα
1198 1759 1434 1827 ποιήσει,
1475 1755 1777 1816 κανονικοῖς
1799 1754 1921 1805 ἐπι-

2233 1116 2456 1171 Concitii
2485 1118 2920 1171 Chalcedonensis
2946 1135 3172 1174 canones
3206 1120 3262 1187 9,
3293 1120 3383 1176 21.

2093 1207 2149 1263 9.
2198 1206 2257 1261 Si
2301 1207 2425 1277 quis
2453 1206 2685 1261 clericus
2720 1206 3036 1261 habetcum
3079 1208 3276 1263 clerico
3309 1209 3457 1263 litem
3508 1220 3603 1264 aut

2024 1298 2323 1367 negotium,
2356 1298 2638 1367 proprium
2679 1298 2993 1366 episcopum
3025 1312 3095 1353 ne
3125 1299 3417 1368 relinquat,
3453 1310 3507 1353 et
3533 1303 3598 1353 ad

2024 1390 2309 1445 saecularia
2338 1390 2543 1461 judicia
2591 1407 2660 1446 ne
2706 1401 2992 1462 excurrat,
3042 1394 3137 1449 sed
3184 1410 3406 1449 causam
3454 1397 3603 1464 prius

2028 1482 2170 1551 apud
2216 1482 2497 1552 proprium
2544 1483 2858 1552 episcopum
2902 1494 3029 1555 agat
3067 1503 3081 1539 :
3115 1486 3199 1540 vel
3248 1486 3315 1540 de
3363 1486 3600 1556 episcOpi

2029 1574 2323 1639 sententia,
2352 1574 2494 1642 apud
2526 1588 2622 1627 eos
2659 1588 2797 1642 quos
2822 1584 3053 1644 utraque
3088 1590 3211 1642 pars
3238 1576 3478 1646 elegerit,
3510 1578 3602 1646 ju-

2028 1663 2232 1717 dicium
2278 1664 2529 1732 agitetur.
2566 1663 2622 1717 Si
2653 1665 2777 1733 quis
2805 1674 2987 1719 autem
3022 1676 3217 1735 praeter
3251 1667 3365 1721 haec
3395 1667 3602 1732 fecerit,

2028 1751 2188 1821 233
2222 1752 2501 1808 canonicis
2533 1753 2712 1822 poenis
2746 1754 3089 1822 subjiciatur.
3141 1755 3197 1809 Si
3244 1756 3475 1812 clericus
3508 1774 3606 1810 au-

340 1852 546 1922 τιμίοις
585 1827 917 1905 ὑποκείσθω*
954 1853 1004 1904 εί
1034 1851 1091 1903 δὲ
1122 1851 1215 1904 καὶ
1254 1847 1515 1918 κληρικὸς
1542 1848 1774 1917 πρᾶγμα
1810 1844 1922 1915 ἔχει

2035 1854 2131 1898 tem
2161 1858 2283 1897 eum
2315 1842 2535 1912 proprio
2566 1842 2650 1896 vel
2695 1842 2856 1896 etiam
2890 1843 2999 1897 alio
3038 1845 3293 1914 episcopo
3326 1848 3603 1916 negotium

342 1942 484 2012 πρὸς
512 1943 603 1996 τὸν
647 1942 778 1996 ἴδιον
817 1943 851 2013 ἢ
897 1943 992 1996 καὶ
1030 1942 1165 2013 πρὸς
1194 1940 1381 2007 ἕτερον
1414 1936 1731 2000 ἐπίσκοπον,
1774 1937 1926 2006 παρὰ

341 2040 413 2107 τῇ
449 2035 653 2106 συνόδῳ
681 2035 782 2104 τῆς
830 2033 1100 2104 ἐπαρχίας
1138 2031 1462 2096 δικαζέσθω.
1490 2030 1554 2084 El
1582 2029 1641 2083 δὲ
1671 2028 1809 2098 πρὸς
1835 2028 1926 2080 τὸν

342 2130 446 2197 τῆς
477 2128 644 2195 αὐτῆς
667 2124 935 2199 ἐπαρχίας
968 2123 1371 2195 μητροπολίτην
1398 2121 1695 2183 ἐπίσκοπος
1724 2120 1758 2191 ἢ
1792 2119 1927 2189 κλη-

348 2219 505 2290 ρικδς
547 2218 952 2288 ὰμφισϐητοίη,
1004 2214 1476 2285 καταλαμϐανέτω
1507 2213 1542 2284 ἢ
1581 2212 1671 2266 τὸν
1700 2210 1928 2282 ἔξαρχον

343 2310 448 2378 τῆς
479 2309 819 2379 διοικήσεως,
851 2307 885 2378 ἢ
911 2308 1003 2360 τὸν
1034 2309 1133 2376 τῆς
1166 2304 1561 2375 βασιλευούσης
1581 2305 1928 2357 Κωνσταντι-

346 2398 653 2461 νουπόλεως
684 2398 894 2469 θρόνον,
923 2398 1019 2452 καὶ
1048 2396 1134 2451 ἐπ’
1170 2395 1320 2467 αὐτῷ
1352 2393 1678 2458 δικαζέσθω.

420 2490 529 2543 κα’.
561 2489 874 2559 Κληρικοὺς
898 2489 932 2559 ἢ
962 2488 1203 2553 λαῖκοὺς,
1229 2486 1664 2557 κατηγοροῦντας
1706 2484 1928 2537 ἐπισκόο

350 2598 469 2634 πων
500 2580 533 2650 ἢ
562 2579 861 2651 κληρικῶν,
888 2578 1077 2642 ἁπλῶς
1106 2579 1201 2631 καὶ
1238 2576 1619 2646 ἀδοκιμάστως
1657 2575 1733 2645 μὴ
1758 2591 1929 2645 προσ-

349 2671 601 2741 δέχεσθαι
628 2673 707 2734 είς
733 2670 1092 2741 κατηγορίαν,
1118 2671 1169 2723 εἰ
1210 2668 1287 2740 μὴ
1314 2667 1578 2741 πρότερον
1613 2664 1927 2736 ἐξετασθείη

352 2762 534 2817 αὐτῶν
560 2765 594 2833 ὴ
621 2761 911 2831 ὑπόληψις.

352 2856 622 2912 Συνόδου
650 2853 1076 2941 Καρρογέγνξης
1102 2852 1413 2941 καιςὼοξμηην,
1433 2856 1550 2941 λα’,
1596 2848 1684 2919 ιβ’,
1717 2848 1797 2914 ιδ’,
1846 2847 1927 2915 ιε’,

760 2920 953 2990 ιθ’,’κ’,
984 2924 1051 2989 λ’,
1090 2929 1209 2993 ρκη⁹
1253 2920 1393 2993 ρκθ’,
1426 2920 1526 2990 ρλ⁹.

422 3014 559 3083 Περὶ
611 3012 731 3067 τῶν
751 3013 895 3078 τοὺς
925 3010 1192 3080 Πατέρας
1214 3009 1595 3079 αἰτιωμένων,
1641 3008 1741 3065 καὶ
1772 3006 1930 3061 ὥστε

349 3107 560 3176 μηδενὶ
608 3105 1048 3172 διαϐεϐλημένῳ
1100 3101 1356 3168 ἐξεῖναι,
1394 3100 1729 3155 ἐπισκόπου
1790 3116 1929 3153 κατ-

352 3215 387 3266 η
398 3198 607 3268 γορεῖν.

423 3293 495 3357 η’.
513 3286 823 3358 Νουμήδιος
848 3284 1147 3347 ἐπίσκοπος
1175 3282 1583 3349 Μαξουλιτᾶνος
1608 3276 1781 3336 εἶπεν·
1807 3281 1929 3335 Eiet

359 3378 544 3434 πολλοὶ
588 3380 688 3432 οὐκ
729 3378 942 3448 ἀγαθῆς
978 3374 1364 3445 ἀναστροφῆς,
1407 3374 1602 3439 οἵτινες
1666 3372 1929 3444 ἡγοῦνται

354 3473 481 3533 τοὺς
535 3470 781 3541 Πατέρας
824 3471 919 3524 καὶ
944 3468 1298 3535 ἐπισκόπους,
1345 3467 1421 3531 ὡς
1464 3468 1673 3537 ἔτυχεν,
1697 3466 1930 3537 ὀφείλειν

355 3561 642 3631 ἐνάγεσθαι
664 3578 680 3594 ο
718 3563 845 3627 τοὺς
887 3561 1162 3627 τοιούτους
1187 3560 1270 3614 δεῖ
1298 3558 1721 3631 προσδέχεσθαι,
1752 3558 1786 3630 ἢ
1821 3559 1926 3630 μή;

420 3822 693 3893 Αὐρήλιος
743 3820 1041 3885 ἐπίσκοπος
1094 3817 1273 3874 εἷπεν·
1331 3820 1583 3891 Ἀρέσκει
1634 3819 1816 3874 τοίνυν
1862 3821 1928 3891 τῇ

354 3914 544 3983 ἀγάπῃ
590 3912 767 3982 ὑμῶν,
798 3913 926 3976 τοὺς
958 3912 1041 3975 είς
1071 3928 1194 3964 τινα
1226 3910 1370 3982 μύση
1421 3909 1929 3981 ἐμπεπλεγμένους,

353 4004 498 4058 κατὰ
527 4005 788 4075 Πατέρων
820 4005 1005 4073 φωνὴν
1052 4004 1388 4073 κατηγορίας
1417 4002 1796 4070 ἀποτίθεσθαι;
1836 4003 1931 4055 Ἐκ

354 4098 574 4150 πάντων
614 4096 724 4149 τῶν
767 4097 1082 4149 ἐπισκόπων
1114 4095 1332 4165 ἐλέχθη,
1366 4095 1493 4150 Ἐὰν
1523 4094 1875 4165 διαϐέϐληται
1903 4095 1932 4148 ὁ

354 4188 616 4251 τοιοῦτος,
646 4188 721 4259 μὴ
752 4186 1079 4258 προσδεχθῇ.

439 4297 583 4353 Ἐάν
614 4314 705 4364 τις
733 4298 1137 4369 πρεσϐύτερος
1178 4297 1327 4350 κατὰ
1351 4294 1460 4350 τοῦ
1497 4296 1652 4350 ΖδΙου
1688 4295 1933 4350 ἐπισκό-

352 4402 476 4444 που
503 4390 823 4459 φυσιωθεὶς
836 4390 1069 4459 σχίσμα
1097 4388 1259 4458 ποιῇ,
1277 4388 1542 4458 ἀνάθεμα
1567 4389 1740 4443 ἔστω.

418 4576 511 4625 ια’.
572 4569 708 4622 Ἀπὸ
768 4570 984 4621 πάντων
1035 4567 1143 4621 τῶν
1196 4567 1509 4620 ἐπισκόπων
1554 4566 1768 4638 ἐλέχθη.
1811 4568 1936 4623 Ἐάν

357 4676 443 4722 τις
486 4658 888 4730 πρεσϐύτερος,
931 4658 990 4712 ἐν
1045 4661 1112 4728 τῇ
1152 4656 1392 4728 διαγωγῇ
1438 4656 1604 4710 αὑτοῦ
1659 4674 1943 4726 καταγνω-

360 4752 485 4821 σθῇ,
516 4749 718 4819 ὀφείλει
746 4752 775 4803 ό
827 4747 1067 4811 τοιοῦτος
1124 4751 1237 4811 τοῖς
1289 4747 1595 4817 γειτνιῶσιν
1626 4749 1942 4813 ἐπισκόποις

357 4841 773 4912 προσαγγεῖλαι,
824 4840 911 4894 ἶνα
948 4838 1104 4895 αὐτοὶ
1159 4838 1252 4894 τοῦ
1286 4840 1609 4909 πράγματος
1634 4839 1944 4910 ἀκροάσων-

360 4953 473 5000 1ται,
530 4935 626 4989 καὶ
673 4935 741 4987 δι’
790 4934 971 4989 αὐτῶν
1014 4934 1094 5005 τῷ
1125 4934 1238 5004 ἰδίῳ
1287 4934 1568 5003 ἐπισκόπῳ
1607 4932 1943 5004 καταλλαγῇ.

362 5025 532 5080 Τοῦτο
575 5025 633 5078 δέ
668 5026 762 5079 ἐὰν
822 5025 897 5097 μὴ
954 5028 1176 5097 ποιήσῃ,
1207 5025 1323 5080 ἀλλ’
1365 5027 1501 5095 ὅπερ
1557 5025 1723 5096 ἀπείη
1770 5026 1937 5099 ὑπερ-

360 5118 492 5189 οψίᾳ
554 5117 946 5189 φυσιούμενος,
1000 5119 1066 5172 ἐκ
1131 5118 1234 5187 τῆς
1291 5118 1387 5171 τοῦ
1446 5118 1577 5171 ίδίου
1634 5119 1935 5171 ἐπισκόπου

361 5211 647 5275 κοινωνίας
673 5212 865 5265 ἑαυτὸν
899 5210 1131 5283 χωρίσῃ,
1157 5212 1251 5263 καὶ
1281 5210 1431 5279 παρὰ
1461 5213 1589 5281 μίαν
1619 5211 1757 5281 μετά
1775 5229 1937 5265 τινων

363 5301 568 5372 σχίσμα
591 5300 781 5367 ποιῶν,
803 5301 1051 5371 ἁγίασμα
1073 5300 1151 5371 τῷ
1176 5300 1294 5370 Θεῴ
1322 5301 1684 5372 προσενέγκῃ,
1714 5302 1742 5354 ὁ
1765 5302 1937 5355 τοιού-

433 5481 455 5512 ⁸
483 5484 740 5552 Carthag.
767 5498 828 5547 ιι,
852 5497 973 5553 cap.
998 5481 1051 5537 6.
1154 5484 1174 5514 ⁹
1204 5481 1461 5554 Carthag.
1498 5498 1559 5547 ιι,
1589 5496 1709 5553 cap.
1741 5484 1796 5538 8.

437 5620 550 5691 (τὲ)
591 5622 796 5687 Graece,
830 5637 849 5671 ι
888 5629 1096 5743 ροηδε,
1129 5627 1183 5702 et
1215 5620 1521 5703 episcopos.
1558 5642 1577 5675 ι

437 5694 550 5743 (75)
583 5692 680 5743 Ms.
734 5692 1013 5743 (AllelllS
1062 5706 1349 5743 emsconus
1402 5694 1577 5743 dixit.

436 5694 550 5760 ('75)
583 5692 1013 5761 Ms._«Auxllius
1062 5693 1349 5761 episcopus
1402 5693 1578 5755 dixit,
1632 5693 1947 5749 universum

370 5756 663 5817 concilium
698 5756 1044 5831 interrogans
1087 5756 1109 5815 ε’
1138 5756 1321 5815 Placet
1350 5763 1530 5832 igitur.
1578 5782 1595 5813 ι

1952 3164 1999 3226 C

1962 4513 2014 4574 Ι)

2026 1943 2123 1988 aut
2166 1935 2312 1989 litem
2348 1934 2567 1999 habeat,
2596 1949 2627 1988 a
2660 1934 2955 2003 provinciae
2985 1936 3193 2006 synodo
3221 1935 3513 2003 iudicetur.
3546 1937 3601 1991 Si

2026 2034 2209 2079 autem
2244 2040 2368 2079 cum
2399 2025 2574 2095 ipsius
2614 2024 2910 2094 provinciae
2952 2026 3368 2095 metropolitano
3393 2028 3607 2097 episco-

2026 2130 2129 2184 pus
2177 2116 2262 2169 vel
2312 2116 2544 2171 clericus
2590 2115 3023 2170 controversiam
3072 2116 3300 2183 habeat,
3352 2116 3606 2172 dioecesis

2026 2205 2323 2259 exarchum
2357 2204 2539 2270 adeat,
2581 2205 2669 2260 vel
2702 2206 2996 2274 imperialis
3030 2204 3181 2260 urbis
3210 2205 3607 2263 Constantino-

2026 2297 2167 2367 polis
2199 2297 2480 2365 thronum,
2513 2304 2570 2353 et
2598 2296 2746 2367 apud
2774 2311 2901 2351 eum
2935 2296 3125 2367 litiget.

2098 2465 2190 2520 21.
2234 2465 2475 2521 Clericos
2499 2464 2585 2521 vel
2616 2464 2812 2529 laicos,
2880 2463 3169 2533 episcopos
3225 2469 3318 2517 aut
3374 2461 3609 2517 clericos

2030 2566 2376 2622 accusantes,
2414 2573 2521 2612 non
2554 2554 3061 2621 indiscriminatim,
3112 2570 3215 2609 nec
3240 2554 3376 2610 citra
3430 2556 3610 2624 inqui-

2028 2651 2305 2717 sitionem,
2336 2651 2627 2706 admittere
2652 2651 3058 2706 accusationem
3096 2649 3203 2704 nisi
3259 2664 3453 2704 eorum
3491 2651 3611 2704 exi-

2031 2742 2276 2798 stimatio
2310 2743 2460 2811 prius
2477 2744 2784 2796 examinata
2818 2742 3004 2797 fuerit.

2043 2831 2272 2887 Concilii
2318 2830 2751 2900 Carthaginensis
2791 2848 3013 2889 canones
3040 2830 3095 2893 8.
3124 2832 3324 2899 11,12,
3388 2830 3466 2896 14,
3516 2830 3606 2892 15,

2406 2922 2495 2988 49,
2531 2921 2621 2989 20,
2662 2920 2751 2987 so,
2785 2921 2908 2988 ias,
2948 2922 3073 2989 429,
3116 2920 3242 2977 130.

2103 3012 2181 3066 De
2208 3012 2286 3067 his
2309 3013 2399 3083 qui
2429 3014 2485 3065 in
2513 3014 2898 3067 accusationem
2934 3014 3154 3082 majoris
3202 3025 3336 3075 natu
3358 3016 3607 3078 veniunt;

2033 3113 2083 3159 et
2113 3114 2171 3157 ut
2200 3107 2493 3173 cpiscouum
2527 3104 2660 3157 nulli
2696 3106 2980 3159 criminosa
3022 3105 3175 3160 liceat
3204 3123 3475 3160 accusare.

2114 3277 2171 3333 8.
2209 3274 2544 3340 Numidius8
2571 3276 2859 3345 episcopus
2917 3275 3282 3330 Maxulitanus
3320 3275 3443 3347 [ηις.
3468 3275 3615 3330 Mas-

2054 3366 2351 3439 salitanus]
2380 3369 2519 3421 dixit
2563 3386 2577 3421 :
2611 3368 2880 3423 Praeterea
2912 3377 3040 3422 sunt
3072 3368 3459 3438 quamplurimi
3500 3384 3614 3423 non

2041 3460 2199 3514 bona:
2233 3458 2692 3522 conversationis,
2732 3458 2825 3527 qui
2880 3459 3194 3513 existimant
3236 3459 3470 3528 majores
3513 3475 3611 3512 na-

2040 3558 2095 3603 tu
2120 3548 2256 3620 (72),
2296 3548 2380 3602 vel
2439 3548 2725 3617 episcopos
2765 3547 2967 3616 passim
3014 3563 3257 3616 vageque
3290 3549 3342 3600 in
3379 3563 3610 3601 accusa—

2038 3643 2185 3696 tione
2210 3640 2542 3710 pulsandos;
2579 3640 2849 3694 debentne
2902 3648 3011 3694 tam
3044 3639 3201 3695 facile
3238 3639 3448 3694 admitti
3482 3656 3611 3694 nec—

2037 3748 2104 3787 ne
2120 3730 2245 3803 [ms.
2265 3740 2359 3787 aut
2386 3729 2621 3802 necne]?

2107 3824 2362 3878 Aurelius
2384 3823 2675 3892 episcopus
2709 3821 2844 3876 dixit
2873 3838 2887 3875 ι
2925 3820 3110 3876 Placet
3138 3823 3303 3892 igitur
3333 3824 3448 3895 (73)
3484 3824 3613 3878 cha-

2036 3916 2189 3971 ritati
2222 3924 2437 3980 vestrae,
2476 3920 2535 3969 ut
2582 3915 2628 3969 is
2657 3915 2752 3983 qui
2788 3914 3065 3984 aliquibus
3102 3916 3399 3971 sceleribus
3430 3916 3614 3969 irreti-

2036 4017 2127 4063 tus
2152 4017 2260 4072 est,
2292 4022 2480 4061 vocem
2535 4006 2800 4061 adversus
2852 4007 3115 4077 majorem
3160 4018 3289 4062 natu
3337 4024 3444 4062 non
3496 4010 3612 4077 (74)

2038 4099 2235 4154 habeat
2268 4096 2603 4152 accusandi?
2661 4097 2745 4151 Ab
2778 4098 3049 4153 universis
3095 4101 3369 4168 episcopis
3403 4099 3609 4153 dictum

2038 4199 2153 4247 est:
2187 4191 2243 4244 Si
2277 4190 2614 4245 criminosus
2636 4200 2721 4244 est
2744 4190 3011 4260 (75),non
3040 4190 3382 4255 admittatur,
3416 4192 3609 4259 placet.

2108 4298 2167 4354 Si
2196 4299 2313 4371 quis
2342 4298 2614 4369 presbyter
2645 4310 2831 4354 contra
2861 4302 3158 4370 episcopum
3182 4316 3338 4354 suum
3366 4301 3609 4369 inﬂatus,

2037 4392 2269 4447 schisma
2300 4392 2504 4463 fecerit,
2533 4392 2817 4447 anathema
2842 4395 2938 4449 sit.

2110 4567 2199 4623 Η.
2241 4567 2324 4624 Ab
2372 4567 2645 4623 universis
2668 4568 2941 4639 episcopis
2966 4570 2988 4601 ’
3010 4568 3215 4623 dictum
3243 4579 3328 4626 est
3365 4589 3379 4625 :
3410 4569 3465 4624 Si
3487 4570 3613 4639 quis

2039 4662 2325 4731 presbyter
2364 4675 2394 4714 a
2442 4662 2736 4731 praeposito
2771 4676 2872 4717 suo
2907 4672 3193 4731 correptus
3234 4662 3419 4727 fuerit,
3454 4663 3614 4717 debet

2039 4755 2230 4825 utique
2260 4752 2405 4823 apud
2435 4753 2646 4809 vicinos
2667 4754 2961 4824 episcopos
2982 4754 3265 4823 conqueri,
3292 4764 3351 4810 ut
3377 4755 3446 4809 ab
3478 4755 3616 4824 ipsis

2040 4847 2161 4917 ejus
2190 4862 2354 4902 causa
2385 4847 2562 4917 possit
2591 4846 2803 4912 audiri,
2833 4862 2898 4901 ac
2924 4863 3020 4917 per
3051 4849 3197 4915 ipsos
3225 4863 3327 4903 suo
3355 4848 3623 4917 episcopo

2042 4935 2406 4991 reconciliari.
2439 4933 2596 5001 Quod
2628 4934 2732 4990 nisi
2768 4934 2978 4998 fecerit,
3012 4933 3174 5005 234
3202 4934 3295 4989 sed
3360 4933 3617 5001 superbia

2043 5028 2211 5099 (quod
2241 5027 2448 5097 absit!)
2479 5028 2698 5081 inflatus
2728 5028 3123 5084 sccerneudum
3165 5042 3224 5081 se
3264 5026 3334 5081 ab
3374 5024 3623 5095 episc0p'r

2042 5121 2125 5175 sui
2154 5119 2546 5175 communione
2597 5119 2837 5185 duxerit,
2901 5134 2965 5173 ac
2993 5120 3290 5187 separatim
3342 5133 3466 5172 cum
3508 5116 3611 5170 ali-

2043 5210 2242 5280 quibus
2275 5210 2518 5265 schisma
2549 5209 2775 5275 faciens,
2814 5210 3146 5265 sacrificium
3181 5208 3291 5264 Deo
3330 5207 3623 5271 obtulerit,

2044 5304 2334 5357 anathema
2387 5299 2675 5366 habeatur,
2708 5309 2764 5355 et
2805 5300 2983 5356 locum
3016 5301 3229 5354 amittat
3260 5318 3274 5355 :
3306 5314 3367 5353 ac
3398 5299 3443 5355 si
3475 5312 3617 5368 que-

2119 5624 2229 5692 (74)
2268 5622 2369 5677 Ms.
2422 5632 2477 5676 et
2531 5624 2703 5679 (ἶνες.
2735 5632 2923 5678 carent
2967 5639 3028 5677 ea
3067 5623 3259 5677 v0cula
3293 5640 3395 5677 non
3424 5639 3441 5676 :
3468 5633 3623 5679 recte

2060 5710 2182 5747 nam
2215 5694 2449 5762 expungi
2482 5695 2660 5749 debet.

2132 5763 2245 5832 (75)
2283 5762 2380 5818 Ms.
2422 5781 2439 5814 ι
2480 5765 2535 5819 Si
2561 5765 2855 5822 criminosa
2894 5774 2976 5822 est
3004 5778 3290 5834 persona.»
