4122 6496
500 361 607 423 703

1657 342 1921 404 PHOTII
1962 336 2470 403 PATRIARCHE
2508 337 2617 397 (ΣΡ.

3664 328 3773 394 7οι

503 466 793 522 rimoniam
855 464 1061 535 justam
1111 460 1376 516 adversus
1430 455 1748 527 episcopum
1814 470 1920 509 non
1989 453 2088 510 hac

2208 467 2281 514 τος
2302 449 2553 519 ἀνάθεμα
2592 444 2895 517 λογισθήτω
2918 481 2935 511 ,
2968 440 3067 497 καὶ
3097 442 3189 496 τὸν
3219 440 3354 495 ἴδιον
3388 440 3553 499 τόπον
3585 442 3780 498 ἀπωρ-

502 559 699 625 buerit,
729 555 1115 627 inquirendum
1146 552 1248 607 erit
1274 549 1407 622 (76).

581 761 641 816 Si
673 763 791 832 quis
841 760 1114 829 episcopus
1166 755 1361 823 absque
1399 759 1628 820 tempore
1672 748 1864 820 synodi
1894 749 1948 802 in
1982 749 2091 803 cri-

512 855 649 907 mine
677 852 918 905 detentus
940 850 1128 919 fuerit,
1155 863 1187 899 a
1209 843 1488 899 duodecim
1515 841 1778 913 episcopis
1804 841 2086 896 audiatur.

586 1049 673 1103 12.
714 1047 867 1102 Felix
893 1046 1181 1116 episcopus
1212 1043 1351 1097 dixit
1380 1042 1425 1074 ¹⁶
1462 1059 1477 1097 :
1518 1039 1767 1113 Suggero
1788 1040 2091 1097 secundum

512 1150 715 1194 statuta
757 1148 998 1191 veterum
1040 1134 1422 1197 conciliorum,
1462 1142 1522 1189 ut
1551 1134 1597 1189 si
1635 1134 1763 1204 quis
1803 1133 2094 1202 episcopus

515 1231 679 1299 (quod
696 1236 1087 1297 nonpptamus)
1104 1227 1155 1280 in
1175 1237 1323 1280 reatu
1333 1243 1383 1280 ιιι
1399 1226 1638 1295 aliquem
1658 1224 2092 1295 incurrerit(77),

513 1332 568 1375 ct
600 1321 766 1375 fuerit
809 1320 859 1375 ei
907 1320 1077 1374 nimia
1110 1320 1409 1374 necessilas
1448 1336 1556 1373 non
1614 1333 1775 1387 posse
1828 1317 2095 1387 plurimos

513 1428 869 1483 congregare,
946 1427 1014 1465 ne
1054 1411 1106 1465 in
1133 1411 1365 1465 crimine
1401 1418 1705 1475 remaneat,
1743 1424 1771 1464 a
1801 1409 2094 1465 duodecim

514 1503 806 1573 episcopis,
838 1512 893 1557 et
923 1502 1203 1571 presbyter
1233 1517 1263 1555 a
1295 1516 1391 1556 sex
1422 1500 1698 1571 episcopis
1720 1516 1841 1554 cum
1870 1500 2096 1570 proprio

519 1610 622 1647 suo
650 1596 907 1664 episcopo
935 1595 1210 1658 audiatur,
1265 1602 1321 1649 et
1350 1595 1618 1649 diaconus
1656 1608 1689 1646 a
1729 1592 1928 1647 tribus.

592 1707 661 1762 Ut
698 1707 762 1762 de
789 1708 987 1777 Tripoli
1011 1725 1146 1761 unus
1167 1709 1440 1777 episcopus
1460 1708 1517 1761 in
1537 1707 1855 1777 legationem
1886 1706 2060 1760 veniat
2077 1720 2098 1759 :

2194 541 2362 595 σάτω·
2417 537 2788 609 σκοπουμένου
2838 537 2915 607 μή
2963 551 3096 589 ποτε
3141 535 3285 588 κατὰ
3327 531 3422 586 τοῦ
3468 534 3779 589 ἐπισκόπου

2199 634 2406 706 μέμψιν
2440 632 2553 703 ἔχοι
2581 630 2818 687 δικαίαν.

2275 746 2414 799 Ἐάν
2472 762 2562 811 τις
2614 743 2953 808 ἐπίσκοπος
3009 739 3191 809 χωρὶς
3239 738 3448 807 καιροῦ
3508 737 3783 793 συνόδου

2194 835 2523 907 ἐγκλήματι
2539 851 2671 903 περι
2679 832 2896 903 ϐληθῇ,
2923 834 2957 887 ό
2976 831 3246 898 τοιοῦτος
3267 829 3546 898 ἀκουσθῇ
3563 830 3687 884 ἀπὸ
3706 831 3783 894 ιβ’

2197 930 2568 984 ἐπισκόπων.

2272 1045 2360 1116 ιβ’.
2392 1042 2556 1112 Φῆλιξ
2580 1042 2879 1104 ἐπίσκοπος
2908 1037 3082 1094 εἶπεν·
3099 1038 3384 1110 ’Δναφέρω
3407 1037 3522 1109 (82)
3548 1037 3692 1092 κατά
3719 1036 3788 1090 τὰ

2198 1136 2484 1204 ὁρισθέντα
2503 1135 2570 1187 ἐκ
2600 1134 2711 1187 τῶν
2737 1132 2989 1185 παλαιῶν
3019 1132 3271 1198 συνόδων,
3299 1130 3386 1184 ἵνα
3418 1130 3516 1183 ἐάν
3542 1147 3632 1193 τις
3668 1129 3787 1182 ἐπί-

2202 1227 2558 1297 σκοπος,ὂπερ
2589 1224 2781 1296 ἀπείη,
2802 1223 2861 1277 ἐν
2893 1240 3003 1277 τινι
3032 1224 3339 1293 ἐγκλήματι
3362 1222 3665 1293 περιπέσῃ,
3695 1223 3789 1275 καὶ

2200 1319 2426 1388 γένηται
2446 1316 2617 1387 πολλὴ
2640 1317 2856 1386 ἀνάγκη
2888 1314 2984 1369 τοῦ
3012 1315 3087 1384 μὴ
3107 1312 3369 1368 δύνασθαι
3394 1313 3629 1375 πολλοὺς
3661 1328 3786 1365 συν-

2203 1410 2401 1473 ελθεῖν,
2456 1409 2545 1463 διὰ
2562 1409 2624 1462 τὸ
2660 1409 2735 1479 μὴ
2761 1410 3053 1478 ἀπομεῖναι
3080 1406 3242 1461 αὐτὸν
3266 1409 3323 1459 ἐν
3348 1405 3427 1476 τῷ
3455 1406 3784 1475 ἐγκλήματι,

2203 1506 2311 1560 ύπδ
2338 1502 2403 1575 ιβ’
2432 1503 2750 1558 ἐπισκόπων
2778 1501 3044 1571 ἀκουσθῇ,
3082 1500 3178 1553 καὶ
3219 1500 3248 1551 δ
3280 1498 3656 1568 πρεσϐύτερος
3686 1498 3786 1557 ὑπὸ

2203 1597 2266 1663 ἐξ
2284 1596 2599 1651 ἐπισκόπων
2618 1595 2712 1648 καὶ
2738 1593 2832 1647 τοῦ
2854 1592 3009 1655 ἰδίου,
3028 1592 3121 1645 καὶ
3141 1592 3169 1643 ὁ
3193 1590 3439 1653 διάκονος
3466 1588 3575 1643 ὑπὸ
3594 1588 3782 1660 τριῶν.

2276 1709 2459 1764 Ὥστε
2478 1706 2598 1763 ἀπὸ
2633 1708 2962 1775 Τριπόλεως
2992 1705 3102 1759 ἕνα
3135 1705 3479 1758 ἐπίσκοπον
3497 1704 3586 1775 εἷς
3614 1716 3783 1758 τοπο-

517 1810 567 1853 et
595 1809 649 1851 ut
680 1802 951 1868 presbyter
981 1799 1174 1852 ibidem
1207 1816 1238 1850 ιι
1271 1798 1496 1867 quinque
1534 1798 1789 1866 episcopis
1816 1796 2097 1853 audiatur.

2208 1801 2504 1870 mpno'lar
2512 1801 2734 1865 ἐλθεῖν,
2754 1802 2849 1854 καὶ
2863 1797 3019 1851 ὥστε
3038 1798 3146 1851 τὸν
3164 1797 3576 1865 πρεσϐύτερον
3592 1796 3785 1850 ἐκεῖσε

592 1999 681 2053 14.
718 1999 846 2053 item
880 2000 1083 2068 placuit
1135 1999 1202 2054 de
1256 1999 1463 2070 Tripoli
1491 2000 1557 2066 “,
1606 2010 1829 2071 propter
1855 1999 2098 2071 inopiam

529 2092 845 2159 provinciae,
878 2101 939 2145 ut
969 2108 1115 2147 unus
1140 2093 1431 2163 episcopus
1463 2093 1875 2165 inlegatlonem
1897 2095 2101 2163 veniat,

527 2190 583 2235 et
621 2191 680 2235 ut
718 2182 790 2236 ibi
827 2182 1111 2253 presbyter
1152 2199 1180 2235 a
1216 2183 1464 2254 quinque
1506 2183 1764 2240 audiatur
1804 2185 2101 2256 episcopis,

525 2280 581 2324 ct
610 2272 877 2327 diaconus
910 2287 941 2325 a
979 2274 1174 2337 tribus,
1214 2282 1275 2328 ut
1321 2274 1574 2345 superius
1604 2286 1966 2331 memoratum
1996 2284 2102 2342 est,

523 2362 747 2432 proprio
779 2364 1038 2434 episcopo
1066 2364 1339 2420 residente
1358 2364 1485 2437 [ms.
1526 2365 1840 2439 praesente].

602 2559 676 2614 De
717 2561 936 2614 diversis
966 2562 1240 2617 ordinibus
1285 2562 1516 2619 ecclesia:
1548 2565 1892 2620 servientibus
1922 2582 1942 2621 :
1970 2574 2028 2621 ut
2059 2564 2119 2621 si

523 2651 643 2719 quis
692 2651 746 2703 in
810 2668 1030 2706 causam
1093 2654 1331 2706 criminis
1398 2655 1683 2710 incurrerit
1747 2665 1798 2711 et
1865 2656 2107 2712 abnuerit

517 2738 787 2808 judicium
820 2741 1265 2809 ecclesiasticum,
1318 2745 1499 2799 debeat
1531 2748 1854 2815 [periclitari
1886 2766 1906 2805 .'
1956 2761 2006 2804 et
2049 2758 2109 2805 ut

521 2831 625 2900 ﬁlii
656 2834 990 2888 sacerdotum
1036 2834 1335 2903 spectacula
1376 2837 1663 2895 sarcularia
1690 2854 1794 2894 non
1810 2841 2029 2895 adeant.

596 3152 684 3208 15.
718 3152 851 3209 Item
882 3155 1086 3224 placuit
1106 3156 1148 3187 ι’
1173 3156 1286 3227 (78)
1321 3155 1480 3230 [Μεε.
1508 3157 1721 3215 Placuit
1740 3158 2020 3233 quisque],
2052 3171 2113 3216 ut

2201 1894 2320 1949 ἀπὸ
2343 1892 2524 1948 πέντε
2560 1893 2888 1948 ἀκούεσθαι
2919 1890 3289 1944 ἐπισκόπων.

2274 2004 2337 2059 ιδ’
2345 2044 2361 2059 .
2407 2003 2641 2075 Ὀμοῑως
2670 2005 2889 2075 ἡρεσεν,
2934 2000 3045 2056 ἀπὸ
3073 2002 3393 2072 Τριπόλεως
3426 2000 3516 2055 διά
3561 2000 3661 2072 τὴν
3690 2000 3788 2071 τῆς

2201 2096 2385 2169 χώρας
2404 2097 2612 2152 ἔνδειαν
2628 2096 2724 2151 ἕνα
2743 2096 3040 2150 ἐπίσκοπον
3055 2096 3137 2160 εἰς
3163 2112 3363 2165 τοποτη
3373 2094 3570 2165 ρησῑαν
3594 2094 3784 2147 ἐλθεῖν·

2203 2191 2298 2244 καὶ
2337 2191 2424 2244 ἵνα
2451 2192 2480 2244 ὀ
2521 2188 2893 2261 πρεσϐύτερος
2924 2188 3125 2254 ἐκεῖσε,
3171 2188 3281 2243 ἀπὸ
3316 2186 3482 2240 πέντε
3524 2186 3787 2257 ἀκούηται

2204 2280 2543 2334 ἐπισκόπων·
2572 2281 2666 2334 καὶ
2700 2281 2730 2333 ὁ
2759 2280 3026 2343 διάκονος,
3061 2279 3170 2333 ἀπὸ
3195 2278 3361 2350 τριῶν
3381 2315 3397 2344 ,
3427 2277 3505 2341 ὡς
3536 2278 3786 2349 ἀνωτέρω

2208 2370 2448 2443 εἴρηται,
2480 2369 2577 2424 τοῦ
2612 2370 2744 2425 ἰδίου
2775 2369 2939 2425 αὑτοῦ
2971 2368 3215 2442 δηλονότι
3242 2368 3549 2421 ἐπισκόπου
3586 2383 3787 2439 προκα-

2207 2462 2467 2534 θημένου.

2278 2574 2419 2643 Περὶ
2445 2573 2747 2643 διαφόρων
2775 2573 3006 2639 τάξεων
3030 2572 3435 2645 τῇἶέκκλησίᾳ
3466 2574 3784 2629 δουλευου-

2206 2666 2354 2722 σῶν·
2377 2665 2534 2721 ὥστε
2550 2665 2660 2721 ἐάν
2680 2684 2769 2733 τις
2788 2667 3338 2737 ειςζέτκληματικὸν
3367 2667 3610 2737 πρᾶγμα
3629 2684 3786 2735 xopt-

2208 2760 2391 2829 πέσῃ,
2411 2759 2509 2813 καὶ
2531 2758 2969 2829 παραιτήσηται
2991 2760 3058 2814 τὸ
3088 2760 3612 2829 ἐκκλησιαστικὸν
3628 2759 3787 2813 δικα-

2207 2849 2483 2919 στήριον,
2514 2851 2782 2919 ὀφείλειν
2807 2852 2914 2905 τὸν
2948 2852 3223 2907 τοιοῦτον
3250 2851 3635 2909 κινδυνεύειν
3652 2868 3667 2883 ·
3692 2851 3787 2905 καὶ

2206 2942 2365 2998 ὥστε
2391 2944 2465 2997 τὰ
2484 2945 2669 2998 τέκνα
2688 2943 2810 2998 τῶν
2829 2944 3032 3015 ἱερέων
3068 2944 3381 3017 κοσμικοῑς
3420 2945 3685 3014 dempto“;
3705 2942 3785 3015 μή

2209 3034 2547 3102 προσιέναι.

2281 3144 2363 3200 ιε’.
2385 3146 2615 3217 Ὁμοίως
2628 3147 2843 3219 ἤρεσεν,
2861 3146 2948 3203 ἵνα
2967 3148 3319 3220 ὀστισδήποτε
3336 3151 3444 3206 τῶν
3457 3153 3784 3214 ἐπισκόπων,

524 3243 780 3313 quisquis
824 3245 1250 3314 episcoporum,
1306 3247 1468 3317 235
1507 3249 1986 3320 presbyterorum,
2047 3258 2103 3307 et.

2208 3240 2236 3310 ἢ
2268 3239 2675 3312 πρεσϐυτέρων,
2710 3240 2743 3311 ἢ
2783 3240 3049 3296 διακόνων
3072 3283 3088 3308 ,
3121 3242 3153 3314 ἢ
3186 3244 3490 3314 κληρικῶν,
3536 3245 3785 3315 πράγμα-

526 3337 909 3403 diaconorum,
962 3352 1058 3396 seu
1106 3338 1468 3405 clericorum,
1504 3355 1632 3395 cum
1672 3342 1728 3397 in
1773 3341 2016 3400 Ecclesia
2058 3347 2108 3401 ei

526 3426 695 3483 fuerit
726 3427 933 3483 crimen
986 3429 1326 3494 institutum,
1360 3432 1443 3485 vel
1486 3431 1682 3488 similis
1736 3448 1903 3490 causa
1942 3434 2111 3491 fuerit

529 3530 825 3586 commota,
859 3521 903 3575 si
935 3521 1125 3576 relicto
1146 3522 1520 3578 ecclesiastico
1535 3524 1745 3592 judicio
1767 3525 2001 3594 publicis
2018 3526 2108 3596 ju-

529 3609 687 3664 diciis
709 3613 928 3681 purgari
957 3612 1209 3678 voluerit,
1246 3613 1407 3668 etiam
1440 3614 1485 3669 si
1510 3630 1606 3684 pro
1639 3616 1760 3686 ipso
1788 3614 1955 3672 fuerit
1981 3633 2111 3686 pro-

530 3699 637 3753 lata
669 3703 957 3764 sententia.
1010 3702 1187 3757 locum
1220 3720 1383 3758 suum
1417 3705 1666 3771 amittat;
1697 3715 1751 3761 et
1777 3708 1881 3761 hoc
1905 3707 1961 3761 in
2003 3707 2111 3761 cri-

531 3792 721 3846 minali
753 3793 970 3849 actione
1006 3810 1021 3847 :
1050 3794 1105 3847 in
1147 3793 1294 3849 civili
1346 3811 1478 3851 vero
1526 3798 1720 3866 perdat
1748 3800 1894 3868 quod
1924 3800 2108 3866 evicit,

529 3882 580 3936 si
617 3881 798 3953 locum
847 3897 1009 3937 suum
1057 3884 1304 3939 obtinere
1329 3885 1603 3941 maluerit.
1634 3884 1749 3941 Hoc
1792 3887 1958 3941 etiam
1997 3888 2112 3957 pla-

531 3973 646 4029 cuit
663 3974 707 4005 ¹³
733 3973 868 4046 (79),
890 3984 950 4030 ut
973 3993 1003 4030 a
1032 3977 1449 4049 quibuscunque
1476 3979 1754 4048 judicibus
1777 3979 2113 4034 ecclesiasti-

532 4067 613 4122 cis
640 4066 708 4121 ad
741 4068 877 4123 alios
910 4070 1127 4136 judices
1166 4070 1602 4137 ecclesiasticos,
1665 4071 1758 4126 ubi
1802 4082 1890 4126 est
1936 4072 2111 4141 major

530 4160 851 4223 auctoritas,
874 4158 1040 4214 fuerit
1083 4170 1462 4229 provocatum,
1518 4176 1628 4216 non
1661 4161 1742 4217 eis
1773 4160 1938 4228 obsit,
1972 4176 2112 4231 quo—

532 4266 654 4304 rum
684 4252 847 4305 fuerit
868 4252 1044 4306 soluta
1078 4253 1374 4317 sententia,
1411 4253 1457 4307 si
1499 4254 1748 4308 convinci
1783 4268 1891 4308 non
1917 4263 2111 4324 potue-

532 4341 662 4405 rint,
698 4342 782 4396 vel
827 4341 1054 4398 inimico
1092 4342 1592 4412 animojudicasse,
1626 4344 1712 4399 vel
1743 4343 1927 4413 aliqua
1957 4345 2111 4413 cupi-

530 4432 698 4487 ditate
714 4433 991 4502 autgratia
1019 4434 1295 4502 depravati
1328 4432 1461 4504 (80).
1494 4432 1639 4488 Sane
1664 4433 1712 4489 si
1739 4450 1805 4489 ex
1833 4449 2111 4490 consensu

533 4525 769 4593 partium
802 4525 957 4580 electi
1013 4524 1659 4597 fuerintjudices“(8l),
1694 4526 1858 4582 etiam
1895 4542 1925 4581 a
1976 4542 2110 4597 pau-

2210 3352 2299 3397 τος
2322 3335 2471 3404 αὐτῷ
2499 3333 2908 3405 ἐγκληματικοῦ
2929 3335 2963 3406 ἢ
2985 3334 3267 3390 πολιτικοῦ
3294 3339 3374 3400 ἐν;
3394 3342 3462 3410 τῇ
3502 3336 3790 3408 Ἐκκλησία

2211 3426 2555 3496 κινουμένου,
2607 3425 2705 3479 ἐὰν
2755 3428 3195 3499 παραιτούμενος
3232 3428 3295 3483 τὸ
3341 3430 3789 3504 ἐκκλησιαστικὸν

2208 3516 2580 3587 δικαστήριον,
2617 3516 2902 3587 δημοσίοις
2930 3517 3133 3591 θελήσῃ
3168 3519 3511 3591 καθαρθῆναι
3542 3521 3788 3575 δικαστη-

2214 3607 2369 3676 ρίοις,
2395 3607 2499 3662 κᾶν
2527 3607 2667 3679 ὑπὲρ
2694 3606 2861 3662 αὐτοῦ
2896 3609 2931 3679 ή
2959 3608 3140 3680 ψῆφος
3190 3611 3508 3683 ἐκφωνηθῇ,
3532 3614 3679 3683 ὅμως
3702 3611 3788 3663 τὸν

2212 3697 2341 3751 ἴδιον
2365 3698 2528 3751 τόπον
2558 3699 2838 3753 ἀπολέσει·
2866 3699 3136 3754 καὶτοῦτο
3156 3700 3253 3770 μὲν
3273 3701 3366 3754 ἐπὶ
3389 3701 3485 3754 τοῦ
3516 3702 3784 3772 ἐγκλημασ

2209 3789 2385 3844 τικοῦ·
2414 3792 2593 3845 ἐπὶδέ
2633 3791 2753 3850 τοῦΙ
2774 3791 3077 3858 πολιτικοῦ,
3113 3793 3371 3848 ἀπολέσει
3415 3793 3479 3848 τὸ
3517 3796 3598 3860 εἰς
3632 3795 3660 3848 ὂ
3687 3793 3787 3848 ἐνί·

2210 3898 2399 3952 κησεν,
2447 3881 2542 3938 ἐὰν
2587 3882 2681 3937 τὸν
2733 3884 2865 3938 ἴδιον
2914 3885 3080 3939 τόπον
3123 3885 3324 3958 θελήσῃ
3374 3887 3655 3958 κατέχειν·
3700 3887 3788 3940 καὶ

2209 3971 2368 4026 τοῦτό
2395 3989 2465 4042 γε
2491 3972 2598 4045 μὴν
2635 3974 2855 4045 ἤρεσεν,
2896 3974 3036 4030 ὥστε
3080 3976 3174 4030 ἐὰν
3212 3977 3319 4031 ἀπὸ
3360 3978 3687 4050 οἱωνδήποτε
3716 3977 3781 4030 δι-

2212 4065 2425 4119 καστῶν
2454 4065 2931 4135 ἐκκλησιαστικῶν
2962 4066 3057 4120 ἐπὶ⁵
3085 4067 3280 4132 ἄλλους
3311 4068 3573 4135 δικαστὰς
3602 4068 3785 4138 ἐκκλη-

2214 4158 2522 4220 σιαστικοὺς
2555 4156 2776 4227 ἔχοντας
2807 4155 3035 4227 μείζονα
3066 4160 3165 4230 τὴν
3196 4160 3506 4228 αὑθεντίαν,
3538 4162 3786 4230 ἐκκλητος

2209 4246 2457 4317 γένηται,
2492 4247 2657 4318 μηδὲν
2670 4250 2892 4313 τούτους
2914 4249 3172 4318 βλάπτειν
3203 4245 3279 4306 ὧν
3311 4253 3344 4323 ή
3384 4252 3566 4323 ψῆφος
3589 4251 3783 4305 λύεται·

2211 4338 2305 4392 ἐὰν
2338 4339 2395 4392 δὲ
2424 4339 2746 4409 ἐλεγχθῆναι
2779 4340 2853 4411 μὴ
2881 4341 3210 4413 δυνηθῶσιν,
3256 4343 3288 4415 ἢ
3334 4345 3477 4399 κατά
3510 4345 3724 4415 ἔχθραν,
3751 4340 3781 4409 ἤ

2213 4429 2354 4482 κατὰ
2378 4431 2754 4499 προσπάθειαν
2776 4432 3136 4497 δεδικακέναι,
3160 4436 3194 4505 ἦ
3214 4453 3316 4488 τινι
3344 4436 3527 4507 χάριτι
3557 4433 3784 4503 ὑποφθα-

2216 4518 2397 4589 ρῆναι·
2424 4519 2519 4573 ἐὰν
2535 4520 2751 4575 δὲκατά
2774 4522 3079 4577 συναίνεσιν
3100 4524 3209 4578 τῶν
3238 4526 3422 4597 μερῶν
3449 4524 3783 4592 ἐπιλεγέντες

535 4617 685 4671 ciore
718 4632 946 4670 numero
992 4632 1153 4685 quam
1203 4619 1561 4673 constitutum
1619 4627 1724 4683 est,
1785 4634 1895 4674 non
1952 4619 2106 4675 liceat

2218 4603 2319 4663 ὦσι
2362 4610 2636 4678 δικασταὶ,
2683 4613 2732 4665 εἰ
2788 4613 2883 4666 καὶ
2925 4614 3241 4686 ὀλιγώτεροι
3284 4615 3500 4669 ἔσονται
3536 4614 3640 4668 τῶν
3690 4612 3788 4681 ὀρι-

535 4708 819 4775 provocari
856 4706 1006 4778 [mss.
1040 4706 1358 4779 provocare]
1413 4725 1426 4762 ε
1454 4716 1510 4763 et
1550 4716 1609 4763 ut
1636 4708 1733 4763 ﬁlii
1764 4709 2111 4765 sacerdotum

539 4802 847 4869 spectacula
889 4803 1171 4857 sweularia
1223 4817 1332 4856 non
1361 4803 1688 4868 exhibeant,
1738 4803 1833 4858 sed
1863 4818 1964 4858 nec
1993 4818 2116 4872 spe-

538 4902 706 4957 ctent,
772 4894 899 4949 licet.
932 4894 1035 4949 hoc
1065 4910 1278 4965 semper
1307 4893 1635 4951 Christianis
1663 4896 1917 4951 omnibus
1947 4894 2117 4950 inter-

538 4984 741 5038 dictum
761 4980 852 5051 sit,
878 4993 935 5039 et
976 4986 1064 5039 ubi
1092 4985 1444 5057 blasphemiae
1480 4995 1645 5053 sunt,
1684 5002 1797 5041 non
1833 4987 2113 5043 accedant.

2223 4704 2478 4769 σθέντων,
2511 4704 2587 4775 μὴ
2617 4705 2815 4771 ἐξεῖναι
2848 4707 3221 4761 ἐκκαλεῖσθαι·
3256 4709 3350 4761 καὶ
3371 4706 3511 4762 ὥστε
3541 4707 3608 4760 τὰ
3629 4704 3785 4757 τέκνα

2216 4797 2325 4851 τῶν
2343 4797 2551 4868 ἱερέων,
2581 4797 2784 4868 θεώρια
2814 4799 3057 4869 κοσμικά
3082 4799 3159 4870 μὴ
3191 4798 3452 4865 ἐκτελεῖν,
3510 4798 3640 4867 μηδὲ
3664 4795 3785 4849 θεω-

2222 4891 2333 4959 ρεῖν
2358 4903 2372 4915 ο
2403 4888 2561 4941 τοῦτο
2602 4888 2658 4942 δὲ
2686 4890 2780 4942 καὶ
2824 4891 2960 4942 πᾶσι
2991 4893 3103 4954 τοῖς
3132 4891 3477 4960 Χριπιανοῖς
3518 4891 3602 4943 ἀεὶ
3634 4884 3783 4953 κεκή-

2221 4998 2438 5054 ρυκται,
2473 4978 2615 5034 ὥστε
2654 4979 2862 5033 τούτων
2907 4981 3234 5051 ἀπέχεσθαι,
3268 4982 3363 5036 καὶ
3398 4981 3533 5034 ὅπου
3556 4978 3780 5050 βλασφη-

2224 5074 2343 5145 μίαι
2371 5073 2501 5141 εἰσὶ,
2544 5072 2623 5146 μὴ
2652 5074 2959 5146 προσιέναι.

612 5249 655 5279 ¹⁰
683 5247 940 5319 Carthag.
982 5262 1042 5313 ιι,
1078 5262 1198 5320 cap.
1241 5249 1332 5306 20.
1437 5250 1754 5321 “Carthag.
1795 5269 1878 5319 ιιι,
1910 5267 2031 5322 cap.
2056 5252 2106 5317 2,

2292 5252 2336 5283 ιι
2364 5251 2621 5323 Carthag.
2659 5250 2752 5317 ιιι,
2785 5267 2905 5323 cap.
2946 5253 3000 5310 9.
3078 5252 3122 5284 ιι
3154 5252 3285 5309 ibid.
3363 5252 3408 5284 ιι
3439 5252 3569 5311 ibid.

619 5415 732 5484 (76)
758 5416 1070 5481 Gratianus,
1113 5436 1131 5469 ι
1171 5416 1437 5488 adversus
1477 5418 1796 5488 episcopum
1822 5418 2119 5484 habuerit;

550 5483 896 5558 Burcharilus
923 5498 975 5543 et
1002 5489 1118 5555 lvo,
1157 5506 1175 5540 ι
1212 5502 1320 5543 ιιοιι
1372 5483 1644 5556 habuerit,
1672 5483 1702 5542 ἰ
1737 5504 1904 5558 parvo
1937 5483 2126 5543 discri-

548 5554 713 5609 mine.

627 5626 740 5695 (77)
774 5627 876 5683 Ms.
915 5647 935 5679 ι
971 5629 1025 5682 In
1053 5637 1265 5683 reatum
1297 5626 1678 5695 adincurrerit,
1701 5648 1719 5682 ι

627 5696 741 5764 (78)
778 5697 844 5751 Ει
874 5697 1185 5754 Ferrandns
1211 5717 1262 5753 c.
1298 5696 1367 5752 65
1392 5712 1454 5751 ex
1486 5712 1641 5752 conc.
1664 5698 1852 5754 Carth.
1877 5699 1964 5753 tit.
2004 5698 2091 5751 18.

626 5766 740 5837 (79)
772 5768 838 5821 Et
857 5769 1168 5825 Ferrandus
1189 5784 1306 5838 cap.
1339 5767 1428 5833 58,
1454 5782 1521 5824 ex
1549 5784 1705 5826 conc.
1718 5768 1907 5825 Car-th.
1933 5770 2017 5825 tit.
2041 5768 2125 5823 15-

2274 5420 2408 5505 )(80)
2439 5420 2751 5478 Ferrandus
2782 5436 2902 5491 cap.
2939 5420 3030 5486 64,
3058 5434 3123 5475 ex
3154 5417 3353 5474 conci].
3383 5416 3661 5484 Carthag.,
3702 5412 3777 5465 tit.

2457 5560 2771 5617 Ferrandus
2815 5576 2939 5633 cap.
2993 5559 3094 5624 ιο,
3166 5574 3233 5613 εχ
3286 5558 3487 5613 conc“.
3534 5551 3775 5616 ambas.

2229 5632 2595 5775 ιιιξδξῗᾏιιυά
2623 5701 2977 5776 Beveregium
3003 5702 3337 5774 ἀναφερὲτω.
