4122 6464
357 380 465 446 705

1231 371 1635 436 SYNTAGMA
1664 367 2056 433 CANONUM.
2086 391 2157 403 —
2188 366 2340 431 TlT.
2373 367 2480 441 IX,
2520 367 2682 427 CAP.
2722 366 2774 427 Ι.

3512 360 3626 421 706

422 497 607 550 Ὥστε
649 493 987 548 ἐπισκόπου
1037 488 1580 561 κατηγορουμένου,
1635 487 1786 555 πρὸς
1832 486 1943 539 τὸν

2117 480 2185 537 Ut
2209 481 2255 536 si
2278 482 2395 551 quis
2422 482 2693 549 episcopus
2722 484 3026 537 accusatur,
3057 474 3128 527 ad
3151 474 3429 542 primatem
3458 474 3626 543 ipsius

350 589 731 659 πρωτεύοντα
754 585 866 655 τῆς
892 584 1080 639 αὐτοῦ
1109 583 1402 653 ἐπαρχίας
1452 583 1519 636 τὸ
1557 580 1797 650 πρᾶγμα
1827 580 1935 635 ἁν-

350 678 694 748 ενεχθῆναι.

427 773 513 825 ιθ¹.
538 769 807 841 Αὐρήλιος
841 768 1141 831 ἐπίσκοπος
1176 760 1350 820 εἶπεν·
1399 766 1528 820 Ἐάν
1569 783 1653 828 τις
1685 765 1796 818 τῶν
1820 765 1939 817 ἐπι-

356 861 576 914 σκόπων
616 857 1013 928 καηγορῆται,
1062 855 1215 926 παρὰ
1251 858 1366 917 τοῖς
1407 857 1506 925 τῆς
1540 855 1710 925 αὐτῆς
1756 853 1940 924 χώρας

357 948 734 1021 πρωτεύουσιν
757 949 786 1000 6
825 948 1131 1016 κατήγορος
1172 946 1425 1017 ἀναγάγῃ
1458 946 1519 999 τὸ
1542 946 1806 1016 πρᾶγμα·
1845 942 1939 996 καὶ

359 1041 497 1112 μηδέ
525 1042 632 1093 ἀπὸ
661 1040 761 1109 τῆς
815 1037 1102 1100 κοινωνίας
1134 1037 1351 1108 κωλυθῇ
1380 1039 1410 1089 6
1444 1036 1939 1107 κατηγορούμενος,

358 1136 407 1186 εἰ
463 1134 533 1203 μή
560 1142 608 1205 γ’
638 1130 704 1185 ἂν
742 1130 877 1200 πρὸς
914 1130 1210 1197 ἀπολογίαν
1245 1130 1302 1181 ἐν
1343 1127 1420 1199 τῷ
1454 1129 1805 1198 δικαστηρίῳ
1833 1127 1942 1180 τῶν

360 1225 719 1293 ἐπιλεγέντων
784 1222 1027 1287 δικάζειν
1073 1221 1367 1292 γράμμασι
1422 1219 1828 1291 προσκληθεὶς,
1873 1221 1940 1290 τῇ

358 1317 641 1389 ὡρισμένῃ
700 1315 887 1385 ἡμέρᾳ
944 1313 1198 1384 οὐδαμῶς
1255 1314 1606 1383 ἀπαντήσοι,
1663 1313 1943 1367 τουτέστιν

362 1408 512 1469 ἐντὸς
558 1405 896 1476 προθεσμίας
929 1405 1116 1475 μηνὸς,
1160 1404 1253 1471 ἀφ’
1282 1398 1349 1474 ἦς
1398 1403 1609 1473 ἡμέρας
1655 1403 1851 1471 φανείη
1877 1403 1947 1457 τὰ

360 1500 666 1570 γράμματα
685 1494 998 1566 δεξάμενος
1027 1495 1121 1548 ἐὰν
1151 1495 1208 1548 δέ
1233 1494 1452 1564 ἀληθεῖς
1474 1511 1624 1557 τινας
1651 1495 1744 1547 καὶ
1772 1494 1945 1562 ἀναγ-

363 1591 629 1653 καστικάς
686 1588 865 1651 αίτίας
916 1587 1197 1657 ἀποδείξῃ,
1253 1587 1345 1639 τὸν
1405 1584 1565 1639 αὐτὸν
1624 1584 1947 1647 κωλυσὸισας

361 1680 673 1749 ἀπαντῆσαι
695 1679 834 1747 πρὶς
861 1675 1159 1743 ἀπολογίαν
1179 1675 1289 1727 τῶν
1314 1674 1434 1727 κατ’
1466 1672 1632 1728 αὐτοῦ
1665 1673 1959 1745 προτεθέν-.

360 1789 493 1836 των,
529 1769 677 1832 ἐντὸς
704 1768 892 1838 ἐτέρου
926 1766 1093 1836 μηνὸς
1128 1765 1394 1836 ἀκεραίαν
1420 1765 1593 1835 ἐχέτω
1622 1763 1906 1834 εὐχέρειαν
1929 1778 1943 1792 ·

2036 570 2323 637 provinciis
2350 586 2514 623 causa
2539 568 2834 638 deferatur.

2116 760 2203 818 l9.
2244 761 2499 816 Aurelius
2533 762 2823 831 episcopus
2846 760 2890 792 ’⁸
2919 758 3098 814 dixit:
3135 757 3396 828 Quisquis
3420 757 3632 827 episco-

2047 868 2239 925 porum
2289 861 2579 908 accusatur
2627 853 2696 908 ad
2758 852 3044 921 primatem
3102 850 3396 921 provincia;
3458 850 3633 918 ipsius

2048 961 2269 1001 causam
2348 945 2561 999 deferat
2610 955 2925 1008 accusator,
2990 958 3091 997 nec
3158 958 3189 997 a
3248 942 3637 996 communione

2049 1037 2434 1107 suspendatur,
2468 1037 2556 1091 cui
2581 1038 2788 1092 crimen
2819 1035 3144 1097 intenditur,
3174 1037 3276 1089 nisi
3312 1034 3377 1087 ad
3409 1049 3633 1088 causam

2049 1145 2204 1185 suam
2242 1129 2527 1184 dicendam
2576 1129 2872 1184 electorum
2908 1128 3243 1198 iudiciorum
3300 1127 3389 1182 die
3433 1137 3637 1181 statuta

2050 1221 2246 1276 litteris
2292 1230 2552 1275 evocatus
2606 1219 2833 1274 minime
2889 1221 3210 1285 occurrerit,
3274 1218 3381 1274 hoc
3420 1228 3502 1274 est
3524 1218 3639 1288 (85)

2051 1311 2190 1365 infra
2228 1311 2465 1380 spatium
2505 1310 2737 1375 mensis,
2784 1324 2851 1365 ex
2890 1326 2952 1365 ea
2980 1312 3086 1375 die,
3120 1326 3227 1379 qua
3277 1325 3402 1364 eum
3431 1310 3642 1365 litteras

2053 1401 2330 1470 accepisse
2359 1399 2685 1456 constiterit.
2718 1398 2873 1467 Quod
2920 1402 2966 1455 si
3010 1401 3224 1471 aliquas
3251 1415 3407 1455 veras
3447 1416 3641 1456 neces-

2052 1494 2233 1550 sitatis
2294 1508 2493 1549 cansas
2526 1494 2870 1564 probaverit.
2918 1495 3083 1565 236
3127 1495 3326 1565 quibus
3367 1495 3478 1566 (84)
3514 1509 3643 1549 cum

2054 1600 2345 1640 occurrere
2371 1601 2478 1640 non
2523 1585 2767 1656 potuisse
2818 1586 3170 1640 manifestum
3202 1587 3293 1650 sit,
3323 1600 3503 1640 causa:
3528 1583 3645 1655 (85)

2055 1677 2299 1733 dicendae
2344 1677 2487 1732 intra
2554 1676 2782 1732 alterum
2844 1693 3087 1732 mensem
3134 1678 3401 1749 integram
3442 1678 3645 1732 habeat

2060 1768 2411 1834 facultatem;
2441 1783 2628 1823 verum
2650 1776 2761 1823 tam
2793 1767 2885 1822 diu
2912 1776 3034 1836 post
3072 1783 3312 1822 mensem
3342 1768 3646 1823 secundum

367 1861 507 1933 μετὰ
544 1861 602 1914 δέ
628 1860 719 1913 τὸν
763 1859 1017 1929 δεύτερον
1063 1860 1229 1928 μῆνα,
1272 1856 1348 1928 μὴ
1390 1856 1698 1928 κοινωνήσῃ
1731 1855 1837 1918 ἕως
1887 1850 1948 1909 οὗ

2065 1874 2161 1913 non
2196 1858 2581 1921 communicet,
2607 1857 2782 1913 donec
2804 1869 3089 1928 purgetur.
3117 1859 3173 1911 Si
3205 1868 3385 1913 autem
3410 1858 3477 1913 ad
3510 1873 3649 1913 con-

363 1956 605 2025 καθαρὸς
627 1952 995 2022 ἀποδειχθείη.
1034 1952 1096 2004 Εἰ
1128 1950 1184 2003 δὲ
1207 1951 1345 2021 πρὸς
1377 1949 1672 2020 σύμπασαν
1700 1949 1800 2018 τὴν
1831 1949 1955 2019 ἐτη-

368 2046 492 2100 σῖαν
521 2043 737 2096 σύνοδον
773 2039 1085 2110 ἀπαντῆσαι
1116 2039 1190 2109 μὴ
1233 2038 1543 2109 βουληθείη,
1580 2038 1666 2090 ἵνα
1704 2038 1810 2091 κᾶν
1840 2038 1957 2090 ἐκεῖ

364 2139 428 2191 τὸ
458 2137 692 2206 πρᾶγμα
731 2132 898 2188 αὐτοῦ
930 2133 1239 2203 περαιωθῇ,
1277 2132 1440 2194 αὐτὸς
1466 2130 1589 2185 καθ’
1628 2129 1828 2184 ἑαυτοῦ
1857 2131 1957 2201 τῆς

368 2228 672 2296 καταδίκης
702 2225 801 2297 τὴν
820 2225 1003 2296 ψῆφον
1040 2226 1492 2296 ἐκπεφωνηκέναι
1523 2225 1876 2297 κριθήσεταιο
1902 2225 1961 2279 ἐν

368 2315 427 2367 δὲ
458 2312 537 2383 τῷ
588 2311 766 2383 καιρῷ
865 2313 926 2365 οὐ
962 2315 1228 2379 κοινωνεῖ,
1264 2314 1400 2384 μηδέ
1435 2316 1492 2367 ἐν
1520 2317 1587 2387 τῇ
1622 2314 1729 2385 ἰδίᾳ
1758 2313 1961 2384 ἐκκλη-

374 2406 489 2478 σίᾳ,
530 2406 666 2476 μηδὲ
697 2405 756 2458 ἐν
780 2405 1045 2478 παροικίᾳ
1069 2407 1396 2477 κοινωνήσῃ.
1437 2406 1495 2461 '0
1519 2407 1576 2460 δέ
1597 2407 1788 2461 τούτου
1822 2424 1959 2461 κατα

368 2496 592 2567 ήγορος,
644 2495 738 2548 ἐὰν
792 2492 1044 2564 μηδαμοῦ
1088 2494 1468 2565 ἀπολειφθείη,
1509 2498 1568 2550 ἐν
1595 2490 1686 2561 αἷς
1724 2498 1962 2568 ἡμέραις

370 2585 709 2655 γυμνάζεται
753 2585 822 2639 τὰ
864 2584 960 2638 τοῦ
1011 2586 1363 2657 πράγματος,
1422 2586 1688 2657 μηδαμῶς
1740 2587 1958 2660 κωῖυθῇ

368 2678 482 2731 ἀπὸ
513 2678 613 2748 τῆς
637 2677 946 2741 κοινωνίας
979 2678 1075 2732 ἐὰν
1101 2677 1160 2731 δέ
1190 2695 1322 2731 ποτε
1353 2677 1571 2752 ἐλλείψῃ
1610 2680 1802 2733 ἑαυτὸν
1828 2681 1960 2733 ὐπο-

373 2772 568 2840 σύρας,
585 2769 1101 2838 ἁποκαθισταμένου
1126 2771 1194 2841 τῇ
1224 2772 1480 2843 κοινωνίᾳ
1505 2770 1600 2825 τοῦ
1634 2773 1958 2839 ἐπισκόπου,

372 2863 536 2925 αὐτὸς
566 2859 675 2913 ἀπὸ
710 2862 811 2931 τῆς
843 2860 1132 2926 κοινωνίας
1173 2861 1414 2935 ἐκίιληθῇ
1444 2864 1473 2916 6
1500 2864 1808 2935 κατήγορος
1827 2881 1841 2895 °
1868 2864 1961 2918 οὐ·-

372 2972 485 3018 τοις
515 2954 701 3023 μέντοι
751 2952 827 3015 ὡς
858 2952 933 3025 μὴ
964 2953 1059 3006 καὶ
1096 2953 1195 3024 τὴν
1223 2955 1509 3026 εὐχέρειαν
1534 2956 1685 3028 αὐτῷ
1712 2960 1964 3029 ἀφαιρετ-

375 3046 500 3099 σθαι
534 3045 636 3115 τῆς
683 3045 1019 3114 κατηγορίας
1066 3045 1160 3099 τοῦ
1203 3047 1551 3118 πράγματος,
1580 3049 1677 3102 ἐὰν
1705 3049 1962 3121 δυνηθείη

2056 1951 2240 2006 cilium
2272 1950 2582 2005 universale
2608 1950 3047 2005 anniversar’ium
3071 1965 3369 2006 occurrere
3392 1951 3650 2016 noluerit,

2057 2042 2309 2112 quamvis
2349 2041 2432 2097 vel
2477 2041 2551 2096 ibi
2584 2056 2753 2096 causa
2810 2040 2931 2112 ejus
2974 2042 3317 2107 terminatur,
3353 2040 3469 2112 ipse
3498 2041 3552 2095 in
3591 2055 3655 2096 se

2061 2133 2437 2188 damnationis
2476 2133 2807 2188 sententiam
2854 2132 3378 2201 di'xissejudicetur,
3407 2142 3653 2203 tempore

2062 2239 2216 2288 sane,
2246 2239 2358 2295 quo
2383 2239 2492 2279 non
2511 2224 2883 2280 communicat
2903 2263 2918 2288 ,
2952 2239 3055 2279 nec
3089 2224 3143 2279 in
3177 2240 3276 2279 sua
3308 2224 3539 2280 ecclesia
3568 2226 3654 2278 vel

2062 2316 2302 2386 partecia
2354 2317 2745 2372 communicet.
2810 2316 3115 2371 Accusator
3161 2325 3345 2371 autem
3402 2316 3548 2385 ejus,
3606 2315 3656 2371 si

2063 2422 2345 2478 nunquam
2392 2408 2590 2465 diebus
2636 2423 2819 2463 causae
2870 2408 3117 2464 dicenda:
3146 2408 3405 2476 defuerit,
3438 2425 3469 2463 a
3502 2422 3655 2464 com-

2064 2502 2325 2555 munione
2369 2515 2478 2557 non
2537 2508 2884 2556 removeatur
2915 2520 2929 2556 :
2986 2502 3035 2557 si
3069 2517 3196 2556 vero
3226 2502 3522 2572 aliquando
3559 2502 3658 2557 de-

2067 2593 2230 2648 fuerit
2269 2591 2599 2649 subtrahens
2643 2607 2703 2649 se
2735 2594 2989 2649 restituto
3030 2594 3085 2648 in
3121 2594 3512 2649 communione
3538 2595 3659 2664 epi-

2066 2698 2257 2754 sc0po,
2309 2684 2424 2754 ipse
2455 2694 2803 2739 rem0veatur
2846 2700 2877 2739 a
2908 2686 3301 2740 communione
3330 2694 3651 2741 accusator:

2068 2775 2141 2829 ita
2178 2783 2359 2830 tamen
2381 2774 2519 2845 (86).
2546 2786 2604 2831 ut
2636 2792 2737 2832 nec
2781 2777 2883 2847 ipsi
2906 2777 3183 2831 adimatur
3214 2776 3447 2832 facultas
3474 2791 3657 2832 causa:

2069 2866 2411 2935 peragendae,
2456 2865 2503 2920 si
2537 2881 2596 2921 se
2636 2866 2705 2920 ad
2739 2867 2884 2921 diem
2914 2883 3208 2923 occurrere
3251 2883 3357 2921 non
3392 2868 3656 2935 noluisse,

2066 2955 2160 3011 sed
2183 2970 2293 3009 non
2323 2954 2567 3026 potuisse
2604 2958 2935 3027 probaverit.
2987 2957 3200 3014 Placuit
3233 2958 3367 3014 illud
3416 2975 3568 3021 vero,
3601 2971 3662 3015 ut

2067 3062 2192 3102 cum
2217 3063 2379 3118 agere
2404 3050 2633 3118 coeperit
2662 3050 2716 3104 in
2756 3050 3141 3122 episcOporum
3180 3051 3412 3120 judicio,
3455 3053 3500 3107 si
3536 3052 3659 3107 fue-

374 3137 657 3203 ἀποδεῖξαι
699 3137 842 3190 κατὰ
889 3136 989 3209 τὴν
1021 3137 1395 3209 προθεσμίαν,
1426 3140 1545 3210 οὐχὶ
1575 3138 1651 3211 μὴ
1680 3140 1958 3211 τεθεληκέ-

2071 3142 2144 3198 rit
2190 3143 2531 3200 accusatoris
2584 3160 2822 3216 persona
2867 3147 3178 3217 cnlpabilis,
3222 3148 3288 3201 ad
3318 3148 3658 3217 arguentium

374 3247 487 3291 ναι,
511 3228 647 3281 ἀλλὰ
678 3227 757 3298 μὴ
790 3228 1111 3297 δεδυνῆσθαι
1157 3229 1490 3300 ἀπαντῆσαι.
1524 3230 1768 3285 Ἐκείνου
1802 3231 1964 3303 δήλου

376 3318 553 3381 ὄντος,
583 3322 657 3381 ὡς
692 3321 749 3372 ἐν
790 3318 869 3389 τῷ
902 3320 1167 3373 κινεῖσθαι
1210 3321 1279 3375 τὰ
1322 3319 1417 3374 τοῦ
1452 3322 1776 3393 πράγματος
1801 3326 1858 3380 ἐν
1887 3325 1966 3397 τῷ

2082 3248 2190 3287 non
2255 3234 2541 3301 admittat,
2594 3237 2701 3291 nisi
2759 3237 3008 3306 proprias
3058 3253 3277 3303 causas,
3334 3253 3445 3292 non
3478 3246 3662 3293 tamen

2074 3327 2493 3393 ecclesiasticas,
2526 3344 2774 3385 asserere
2801 3331 3032 3385 voluerit
3064 3332 3200 3400 (87).

380 3411 491 3464 τῶν
521 3410 837 3464 ἐπισκόπων
860 3411 1336 3483 δικαστηρίῳ,ἐὰν
1364 3414 1717 3487 διαόἐὸληται
1765 3416 1826 3471 τὸ
1895 3417 2189 3490 πρόσωπον
2231 3420 2328 3475 τοῦ
2404 3421 2735 3493 κατηγόρου,
2785 3422 2861 3494 μὴ
2919 3424 3224 3494 προσδεχθῇ
3304 3424 3387 3488 είς
3422 3441 3663 3497 κατηγο-

384 3506 532 3577 ρίαν,
565 3503 615 3557 εί
664 3506 732 3575 μή
760 3505 807 3575 γ’
839 3503 906 3557 ἂν
940 3504 1081 3575 ὑπὲρ
1122 3505 1254 3559 ἰδίου
1285 3507 1632 3578 πράγματος,
1661 3510 1736 3583 μὴ
1786 3511 1969 3583 μέντοι
2011 3511 2143 3586 περὶ
2171 3513 2629 3585 ἐκκλησιαττικοῦ
2668 3514 2874 3589 θελήσῃ
2900 3516 3278 3571 ἐπιϐαλέσθαι.

382 3594 521 3665 Περὶ
582 3595 1002 3665 πρεσϐυτέρων
1050 3597 1150 3650 καὶ
1193 3602 1497 3666 κληρικῶν
1534 3603 1973 3675 κατηγορουμέ-

1086 3683 1230 3725 νων.

450 3772 521 3820 κ’.
561 3766 690 3820 Ἐὰν
708 3766 767 3820 δέ
800 3764 1164 3838 πρεσϐύτεροι
1194 3766 1226 3838 ἢ
1254 3764 1490 3820 διάκονοι
1524 3765 1995 3838 κατηγορηθῶσι,

383 3857 897 3929 προσζευγνυμένου
942 3857 1037 3911 τοῦ
1085 3858 1319 3929 νομίμου
1366 3856 1602 3929 ἀριθμοῦ
1634 3857 1741 3910 τῶν
1770 3859 1833 3910 ἐκ
1871 3857 1973 3927 τῆς

382 3949 794 4021 πλησιαζούσης
818 3950 1143 4014 τοποθεσίας
1172 3950 1407 4022 αἱρετῶν
1449 3950 1785 4017 ἐπισκόπων,
1808 3948 1902 4014 οὒς
1922 3950 1973 4004 οἱ

383 4040 850 4112 κατηγορούμενα
902 4044 1249 4112 αἰτήσονται,
1285 4042 1564 4094 τουτέστιν
1612 4042 1698 4095 ἐπ’
1742 4040 1967 4112 ὀνόματι

380 4131 479 4187 τοῦ
510 4132 883 4204 πρεσσυτέρου
906 4132 985 4197 ἒξ,
1007 4134 1100 4186 καὶ
1129 4131 1222 4185 τοῦ
1249 4132 1497 4187 διακόνου
1517 4131 1708 4204 τριῶν,
1731 4134 1829 4187 σὺν
1849 4132 1969 4185 τού-

382 4242 491 4277 των
525 4224 691 4287 αὐτὸς
723 4226 751 4277 6
784 4225 913 4287 ίδιος
958 4224 1065 4277 τῶν
1113 4225 1606 4295 κατηγορουμένων
1645 4223 1965 4288 ἐπίσκοπος,

383 4319 484 4381 τὰς
532 4315 714 4379 αἰτίας
749 4315 930 4370 αὐτῶν
978 4313 1251 4380 ἐξετάσει·
1280 4313 1375 4367 τοῦ
1418 4314 1581 4368 αὐτοῦ
1610 4315 1719 4367 τῶν
1742 4315 1968 4385 ἡμερῶν

385 4411 479 4463 καὶ
520 4407 867 4480 ὑπερθέσεων
900 4408 995 4461 καὶ
1028 4406 1329 4472 ἐξετάσεων
1372 4408 1466 4462 καὶ
1504 4406 1835 4479 προσώπων,
1874 4423 1971 4476 με-

383 4519 450 4555 τα
460 4500 522 4566 Εὐ
546 4501 653 4553 τῶν
674 4498 1148 4571 κατηγορούντων,
1166 4500 1262 4552 καὶ
1288 4500 1782 4570 κατηγορουμένων
1795 4498 1970 4552 τύπου

386 4593 819 4663 φυλαττομένου”
849 4590 963 4645 τῶν
990 4591 1046 4644 δὲ
1089 4591 1291 4644 λοιπῶν
1327 4590 1606 4661 κληρικῶν
1642 4591 1739 4654 τὰς
1770 4590 1974 4656 αἰτίας,

384 4689 483 4739 καὶ
532 4684 693 4752 μόνος
727 4683 757 4736 ὁ
787 4682 1034 4747 ἐντόπιος
1070 4682 1369 4747 ἐπίσκοπος
1408 4682 1613 4755 διαγνῷ
1655 4684 1752 4737 καὶ
1796 4699 1972 4755 περα-

385 4779 574 4830 τώσει.

511 4870 649 4936 Περὶ
682 4869 1153 4939 κατηγοροῦντος
1184 4867 1283 4922 καὶ
1315 4868 1863 4939 κατηγορουμένου.

458 4961 523 5015 λ’.
547 4961 1019 5032 ’ομοίωςῆρεσεν,
1051 4961 1138 5013 ἵνα
1168 4961 1197 5012 6
1225 4959 1699 5030 κατηγορούμενος
1722 4960 1756 5031 ἢ
1787 4961 1817 5013 6
1846 4977 1976 5014 κατ-

390 5055 634 5126 ηγορῶν,
667 5056 725 5108 ἐν
773 5053 850 5124 τῷ
892 5054 1045 5124 τόπῳ
1075 5052 1199 5106 ὅθεν
1228 5052 1377 5106 ἐστὶν
1410 5052 1440 5105 ὁ
1472 5052 1974 5125 κατηγορούμενος,

465 5233 510 5265 ⁸³
533 5231 791 5302 Cartltag.
819 5246 902 5298 ιιι,
943 5245 1066 5300 cap.
1095 5231 1149 5284 7.
1230 5228 1275 5260 "
1304 5227 1564 5299 Carthag.
1606 5244 1688 5294 ιιι,
1722 5242 1844 5299 cap.
1878 5228 1933 5284 8.

467 5389 578 5457 (85)
614 5388 716 5442 Ms.
737 5388 879 5440 intra
908 5401 926 5440 :
956 5394 1008 5439 et
1030 5386 1103 5441 ita
1132 5383 1306 5440 Grec.

464 5455 578 5529 (84)
610 5458 712 5529 Ms.
749 5476 768 5508 ι
810 5458 1010 5527 quibus
1039 5466 1293 5529 tumdnon
1319 5455 1584 5529 potuisse.

467 5526 580 5595 (85)
616 5528 716 5582 Ms.
746 5547 762 5578 ι
799 5526 977 5583 causa:
1000 5542 1111 5580 suae
1141 5526 1432 5581 discenda}.
1473 5544 1492 5578 ι

467 5600 580 5669 (86)
614 5599 707 5653 lla:
736 5600 857 5652 dum
882 5612 1042 5651 voces
1062 5611 1169 5651 non
1201 5605 1331 5651 sunt
1352 5597 1409 5651 in
1449 5610 1554 5650 ms.

466 5670 581 5740 (87)
610 5670 708 5740 Ms.
738 5669 1029 5739 agendum.

388 5735 585 5864 (53.34)
646 5735 957 5795 Fcrrandus
1023 5752 1147 5809 cap.
1216 5737 1327 5803 5i,
1379 5752 1443 5792 ex
1522 5735 1729 5792 concil.
1792 5735 1982 5793 Caitli.

423 5826 482 5864 ι.
556 5837 601 5863 t.

423 5826 482 5864 ιι.
519 5826 537 5862 ι
556 5826 601 5863 t.

2294 3632 2295 3635 η
2351 3607 2433 3663 De
2452 3609 2769 3680 presbyteris
2802 3619 2851 3662 et
2876 3609 3081 3664 clericis
3110 3611 3395 3666 accusatis.

2140 3778 2231 3834 ΞΟ.
2264 3778 2321 3835 Si
2341 3789 2520 3835 autem
2547 3780 2591 3812 ¹⁶
2619 3780 2734 3852 (88)
2767 3783 3068 3854 presbyteri
3096 3784 3183 3839 vel
3213 3784 3428 3840 diaconi
3462 3786 3665 3841 fuerint

2071 3870 2337 3936 accusati,
2368 3870 2630 3939 adjuncto
2662 3871 2769 3927 sibi
2799 3889 2863 3927 ex
2890 3873 3087 3929 vicinis
3111 3874 3249 3931 locis
3277 3891 3401 3929 cum
3438 3877 3663 3946 proprio

2070 3960 2329 4030 episcopo
2359 3960 2502 4032 (89),
2530 3962 2773 4033 legitimo
2798 3979 3031 4018 numero
3060 3966 3414 4033 collegarum,
3436 3982 3574 4037 quos
3591 3966 3665 4022 ab

2074 4053 2264 4108 eodem
2296 4055 2537 4109 accusati
2560 4055 2835 4125 petierint,
2865 4058 2916 4112 id
2941 4065 3024 4112 est
3062 4072 3169 4112 una
3198 4073 3385 4113 secum
3418 4059 3473 4113 in
3504 4075 3661 4128 pres-
3728 4116 3733 4121 ,

2075 4142 2249 4214 byteri
2279 4144 2502 4199 nomine
2522 4159 2641 4211 ses,
2675 4147 2731 4201 in
2753 4147 2969 4203 diaconi
3000 4158 3130 4213 tres,
3158 4151 3401 4221 ipsorum
3434 4166 3659 4206 causam

2074 4236 2395 4304 discutiant,
2435 4239 2884 4297 eademdierum
2910 4253 2965 4298 et
2983 4244 3329 4310 dilationum,
3364 4254 3418 4301 et
3445 4261 3474 4300 a
3507 4262 3662 4302 com-

2075 4330 2336 4385 munione
2386 4332 2776 4399 remotionum,
2827 4345 2882 4390 et
2910 4336 3251 4392 discussione
3299 4354 3661 4411 personarum

2074 4418 2237 4489 237
2300 4420 2443 4476 inter
2496 4434 2848 4481 accusatores
2897 4439 2951 4482 et
3007 4443 3103 4483 eos
3143 4430 3237 4499 qui
3300 4440 3658 4494 accusantur,

2069 4508 2246 4567 forma
2286 4523 2520 4569 servata.
2572 4515 2928 4587 Reliquorum
2968 4530 3148 4575 autem
3174 4522 3499 4577 clericorum
3528 4539 3661 4577 cau-

2067 4620 2161 4662 sas
2184 4607 2348 4664 etiam
2410 4609 2567 4666 solus
2596 4611 2887 4682 episcopus
2926 4613 3031 4669 loci
3078 4623 3364 4685 agnoscat,
3393 4622 3450 4670 et
3478 4614 3660 4671 finiat.

2481 4871 2560 4927 De
2588 4881 2842 4928 accusata
2870 4882 2921 4928 et
2950 4883 3275 4928 accusatore.

2152 4963 2243 5019 50.
2284 4962 2419 5019 Item
2447 4966 2653 5035 placuit
2682 4965 2821 5037 (90),
2847 4974 2907 5020 ut
2946 4974 3239 5021 accusatus
3266 4962 3351 5017 vel
3378 4968 3670 5017 accusator

2086 5054 2140 5109 in
2169 5069 2235 5111 eo
2263 5056 2407 5126 loco,
2454 5057 2598 5114 unde
2626 5067 2710 5114 est
2738 5058 2828 5114 ille
2855 5060 2952 5130 qui
3003 5066 3328 5122 accusatur,
3382 5054 3427 5110 si
3476 5052 3672 5108 metuit

2158 5386 2272 5459 (89)
2300 5389 2402 5445 Ms.
2439 5389 2657 5456 melius,
2696 5407 2714 5442 ι
2746 5402 2814 5445 ex
2843 5386 3042 5443 vicinis
3088 5386 3225 5441 locis
3252 5386 3507 5457 preprins
3554 5386 3669 5457 epi-

2086 5474 2459 5603 πῖδδῖῖίῖιηο
2486 5546 2705 5602 quoque
2748 5530 3025 5585 Canonem
3064 5527 3402 5603 Hipponensi
3426 5525 3676 5603 (ξοηοῇἰο

2088 5596 2276 5657 eadem
2308 5618 2411 5657 ms.
2444 5596 2693 5658 collectio
2721 5603 3004 5656 Canonnm
3038 5596 3246 5662 tritiuit,
3280 5604 3334 5649 ιιι
3364 5596 3540 5649 Codex
3575 5596 3678 5651 Pe-

2093 5673 2162 5727 tri
2214 5673 2437 5735 Pithmi,
2467 5682 2523 5727 et
2555 5672 2867 5729 Ferrandus
2893 5684 3016 5739 cap.
3046 5670 3169 5738 198,
3201 5684 3268 5723 cx
3295 5666 3509 5721 Concil.
3539 5665 3678 5738 Hip-

2090 5744 2319 5813 ponensi
2351 5745 2439 5799 tit.
2473 5744 2528 5800 5.
