4122 6468
525 414 631 476 707

1681 397 1909 460 PllOTI
1918 397 1943 455 Ι
1971 391 2479 456 PATRIARCIL'E
2504 392 2615 454 ΟΡ.

3690 382 3801 444 708

524 530 767 597 aliquam
821 522 930 577 vim
982 518 1289 575 temerariae
1327 514 1720 576 multitudinis,
1772 512 1954 566 locum
1998 509 2102 563 sibi

2232 506 2304 559 ,ἀν
2353 503 2591 574 φοϐῆταί
2640 520 2762 556 τινα
2818 501 2942 572 βίαν
2996 498 3306 571 προπετοῦς
3355 496 3807 569 πολυπληθείας,

524 624 690 689 eligat
723 616 1033 688 proximum
1063 612 1209 683 (9|),
1256 623 1368 679 quo
1424 623 1531 662 non
1579 606 1650 661 sit
1679 605 1896 659 dillicile
1942 610 2108 656 testes

528 711 851 781 producere,
892 714 946 757 et
971 702 1062 756 ubi
1098 712 1267 755 causa
1293 697 1537 752 ﬁniatur.

600 882 755 951 Quod
820 877 1268 936 excommunicati
1319 874 1390 930 ad
1453 871 1851 927 accusationem
1899 866 2111 921 admitti

531 993 633 1031 non
659 976 900 1029 debeant.

603 1068 724 1121 1°28.
770 1063 1089 1131 Placuitque
1120 1061 1161 1092 "
1207 1058 1490 1121 omnibus,
1534 1055 1794 1126 quoniam
1826 1049 2115 1122 superiori-

531 1162 634 1214 bus
683 1156 1053 1212 conciliorum
1102 1152 1340 1207 decretis
1391 1150 1459 1204 de
1490 1146 1740 1218 personis
1768 1158 1890 1213 quae
1920 1141 2116 1196 admit-

534 1250 705 1305 lettda‘.
757 1263 865 1301 non
897 1255 1020 1301 sunt
1062 1245 1129 1299 ad
1177 1243 1590 1298 accusationem
1622 1238 1971 1298 clericorum,
1999 1234 2115 1304 jam

529 1343 892 1397 constitutum
944 1348 1050 1404 est,
1090 1347 1146 1392 et
1174 1353 1297 1406 qua:
1344 1348 1597 1406 persona:
1623 1347 1730 1386 non
1770 1330 2119 1384 admitteren-

532 1447 642 1499 tur,
701 1450 809 1487 non
870 1445 1195 1502 expressum
1249 1437 1377 1483 est:
1433 1426 1643 1481 ideirco
1675 1423 1967 1479 delinimus
1990 1434 2115 1474 eum

532 1528 635 1581 rite
668 1527 736 1579 ad
761 1524 1169 1579 accusationem
1201 1536 1313 1574 non
1347 1518 1586 1582 admitti,
1629 1516 1722 1586 qui
1763 1525 2117 1584 posteaquam

530 1616 1042 1673 excommunicatns
1089 1613 1281 1674 fuerit,
1316 1615 1371 1665 in
1418 1612 1539 1679 ipsa
1571 1609 1750 1663 adhuc
1787 1621 2121 1689 excommu-

536 1710 808 1763 nicatione
846 1708 1203 1770 consumtus,
1238 1705 1353 1758 sive
1381 1703 1454 1757 sit
1507 1701 1768 1765 clericus,
1800 1701 1916 1754 sive
1945 1697 2119 1751 laicus

532 1812 798 1853 accusare
824 1796 1079 1850 voluerit.

608 1890 760 1954 Quod
812 1888 947 1941 servi
982 1896 1031 1939 et
1076 1885 1277 1949 liberti,
1308 1898 1588 1953 omnesque
1621 1881 1847 1951 infames
1884 1894 2121 1949 persona:
2152 1858 2194 1915 Β

533 1992 639 2030 non
668 1976 889 2028 debeant
920 1988 1193 2027 accusare.

609 2063 733 2119 129.
792 2063 926 2117 Item
974 2063 1183 2133 placuit
1214 2061 1258 2097 ³⁸
1288 2068 1346 2114 ιιι
1375 2075 1567 2115 omnes
1608 2057 1772 2122 servi,
1808 2058 1893 2111 vel
1917 2056 2122 2126 proprii

536 2156 715 2211 liberti
736 2155 803 2210 ad
827 2155 1232 2209 accusationem
1262 2168 1371 2207 non
1393 2152 1775 2217 admittantur;
1798 2151 1882 2205 vel
1908 2166 2121 2216 omnes,

2210 600 2374 652 τόπον
2404 595 2585 666 ἐαυτῷ
2625 593 2946 665 ἐπιλέξηται
2995 592 3271 662 ἔγγιστον,
3306 593 3364 643 ἐν
3411 583 3455 656 ᾧ
3500 590 3601 642 οὐκ
3658 589 3810 643 ἔστιν

2177 689 2358 759 ἀὐτῷ
2419 687 2715 757 δυσχέρεια
2790 688 3074 756 μάρτυρας
3124 682 3507 754 προκομίσαι,
3566 680 3691 735 ἔνθα
3748 683 3811 735 τὸ

2212 783 2446 854 πρᾶγμα
2473 779 2642 834 αὑτοῦ
2672 778 3029 850 περατοῦται.

2285 875 2414 928 Ὅτι
2453 876 2506 927 οὶ
2541 872 2662 927 ἀπὸ
2706 872 3027 937 κοινωνίας
3076 870 3249 935 ὄντες
3273 910 3287 934 ,
3332 869 3419 934 εις
3450 867 3813 938 κατηγορίαν

2214 967 2327 1019 οὐκ
2358 965 2675 1033 ὀφείλουσι
2708 961 3183 1031 προσδεχθῆναι.

2288 1062 2429 1128 ρκη’.
2475 1056 2681 1125 Ἤρεσε
2710 1055 2891 1107 τοίνυν
2921 1055 3120 1119 πᾶσιν,
3153 1048 3349 1121 ἐπειδὴ
3378 1051 3492 1112 τοῖς
3519 1049 3814 1121 ἀνωτέροις

2215 1147 2325 1201 τῶν
2365 1146 2598 1200 συνόδων
2627 1145 2948 1216 ψηφίσμασι
2996 1144 3126 1213 περὶ
3173 1140 3487 1214 προσώπων
3533 1141 3814 1211 κληρικῶν

2216 1241 2326 1294 τῶν
2378 1239 2453 1310 μὴ
2486 1237 2815 1307 ὀφειλόντων
2872 1239 2953 1298 εἰς
3015 1235 3369 1307 κατηγορίαν
3419 1234 3814 1304 προσδεχθῆναι

2215 1330 2462 1401 ὡρίσθη,
2490 1329 2587 1384 καὶ
2624 1330 2727 1381 οὐκ
2767 1326 3207 1398 ὲπεξειργάσθηγ,
3251 1330 3381 1381 ποῖα
3428 1326 3696 1397 πρόσωπα
3739 1327 3814 1396 μὴ

2218 1416 2632 1490 προσδεχθῶσι,
2692 1416 2781 1470 διὰ
2842 1415 3002 1469 τοῦτο
3046 1415 3329 1486 ὁρίζομεν,
3389 1414 3583 1467 τοῦτον
3638 1415 3814 1485 ὀρθῶς

2221 1510 2358 1581 πρὸς
2382 1507 2724 1579 κατηγορίαν
2750 1507 2826 1578 μὴ
2851 1507 3215 1577 εἰσδέχεσθαι,
3251 1506 3405 1568 ὅστις
3443 1507 3581 1575 μετά
3624 1507 3687 1560 τὸ
3709 1507 3816 1561 ἀπὸ

2220 1602 2509 1663 κοινωνίας
2547 1598 2807 1669 γενέσθαι
2836 1601 2895 1651 ἐν
2922 1598 3073 1669 αὐτῷ
3100 1599 3181 1651 ἔτι
3207 1598 3287 1668 τῷ
3313 1598 3609 1669 ἀφορισμῷ
3642 1600 3817 1669 ὑπάρ-

2220 1710 2326 1763 χει,
2376 1692 2488 1745 είτε
2531 1690 2795 1762 κληρικδς
2841 1690 2951 1760 εἴη,
2997 1693 3107 1744 εῑτε
3146 1690 3336 1753 λαῖκός
3368 1690 3395 1741 ὀ
3440 1695 3817 1762 κατηγορῆσαι

2223 1782 2568 1855 βουλόμενος.

2295 1876 2427 1928 "Ott
2456 1874 2665 1929 δοῦλοι
2696 1876 2793 1929 καί
2826 1875 3218 1943 ἀπελεύθεροι
3242 1877 3341 1930 καὶ
3372 1878 3571 1933 πάντα
3595 1875 3668 1929 τὰ
3693 1877 3815 1943 ἠτιι

2218 1966 2464 2037 μωμένα
2487 1967 2802 2036 πρόσωπα,
2831 1967 3188 2037 κατηγορεῖν
3216 1972 3328 2024 οὐκ
3359 1973 3733 2040 ὀφείλουσιν.

2297 2057 2437 2129 ρκθ’.
2498 2058 2730 2129 Ὁμοίως
2777 2061 2999 2131 ἤρεσεν,
3054 2060 3144 2113 ἴνα
3186 2062 3391 2125 πάντες
3430 2063 3481 2115 οἱ
3516 2061 3692 2115 δοῦλοι
3727 2060 3819 2113 καὶ

2224 2151 2274 2201 oi
2311 2149 2431 2203 ίδιοι
2474 2150 2871 2222 ἀπελεύθεροι,
2926 2153 3008 2215 είς
3061 2156 3395 2223 κατηγορίαν
3456 2153 3530 2225 μὴ
3591 2156 3820 2226 προσδε-

535 2263 681 2318 quos
737 2248 804 2301 ad
848 2247 1162 2302 accusanda
1207 2246 1422 2316 publica
1454 2244 1689 2300 crimina
1721 2243 1867 2313 leges
1895 2243 2127 2313 publicae

2232 2241 2421 2312 χθῶσι⁸
2468 2243 2563 2295 καὶ
2595 2244 2800 2307 πάντες
2831 2238 2912 2307 οἷς
2940 2245 3429 2315 προκατηγορητέα
3462 2245 3782 2315 ἐκγλήματα
3802 2287 3818 2309 ,

536 2356 649 2395 non
720 2340 1071 2394 admittunt:
1120 2353 1312 2394 onmes
1373 2338 1540 2393 etiam
1588 2334 1831 2391 infamiae
1886 2333 2122 2389 maculis

2232 2332 2266 2387 ὃ.
2306 2334 2401 2386 καὶ¹
2424 2335 2473 2386 οἱ
2504 2333 2755 2405 δημόσιοι
2783 2335 2940 2404 νόμοι
2970 2337 3032 2390 οὐ
3064 2337 3479 2407 προσδέχονται·
3502 2339 3598 2391 καὶ
3622 2339 3821 2400 πάντες

538 2432 773 2503 aspersi,
829 2430 883 2485 id
933 2440 1018 2486 est
1058 2430 1379 2493 histriones,
1420 2443 1485 2482 ac
1518 2424 1955 2496 turpitudinibus
1992 2424 2126 2479 sub-

2232 2422 2311 2476 έτι
2355 2424 2463 2495 μὴν
2488 2426 2536 2477 οἱ
2575 2426 2674 2495 τῆς
2719 2426 2949 2496 ἀτιμίας
2984 2428 3100 2490 τοῖς
3132 2426 3343 2490 σπίλοις
3377 2428 3818 2499 ἐρῤαντισμένοι,

533 2525 693 2594 jecta:
748 2536 1014 2591 personat,
1067 2519 1310 2574 haeretici
1365 2519 1555 2583 etiam,
1608 2517 1725 2571 sive
1777 2515 1997 2586 pagani,
2030 2528 2129 2568 seu

2232 2518 2481 2569 τουτέστι
2528 2520 2685 2587 μῖμοι
2708 2519 2801 2572 καὶ
2834 2518 2935 2571 ὅσα
2957 2521 3077 2582 ταῖς
3103 2519 3458 2590 αίσχρότησιν
3488 2520 3824 2591 ὑποϐέϐλην-

537 2610 736 2674 διιύεεὶ,
788 2610 884 2664 sed
920 2621 1100 2664 tamen
1139 2608 1421 2671 omnibus,
1454 2606 1658 2677 quibus
1705 2604 1990 2659 accusatio
2033 2602 2131 2657 de-

2232 2627 2320 2664 ται
2368 2611 2679 2681 πρόσωπα,
2731 2614 3000 2683 αἱρετικοὶ
3047 2612 3129 2665 ἔτι
3176 2613 3303 2684 μὴν,
3354 2614 3462 2667 εἴτε
3521 2612 3819 2684 Ἕλληνες,

542 2713 796 2771 negatur,
834 2702 889 2756 in
930 2701 1113 2756 causis
1148 2702 1389 2770 propriis
1440 2697 1738 2755 accusandi
1773 2697 1993 2752 licentia
2022 2710 2128 2749 non

540 2797 811 2866 neganda.

616 2974 784 3044 238
817 2973 884 3027 Ut
914 2974 1003 3044 qui
1034 2991 1197 3028 unum
1241 2974 1439 3028 crimen
1481 2988 1585 3025 non
1623 2970 1921 3041 probaverit
1954 2969 2022 3023 ad
2051 2969 2133 3023 al-

543 3080 715 3124 terum
752 3069 966 3121 admitti
995 3084 1099 3121 non
1138 3067 1345 3121 debeat.

2231 2704 2341 2756 εἴτε
2388 2704 2662 2769 Ἰουδαῖοι,
2697 2706 2847 2777 ὅμως
2875 2708 3043 2760 πᾶσιν
3084 2702 3166 2771 οἷς
3199 2709 3232 2778 ἡ
3262 2707 3488 2777 τοιαύτη
3521 2709 3824 2779 κατηγορία

2232 2796 2477 2865 ἀρνεῖται
2517 2799 2575 2850 ἐν
2613 2801 2736 2861 ταῖς
2765 2798 2922 2861 ἰδίαις
2953 2800 3157 2863 αἰτίαις
3182 2840 3198 2868 ,
3237 2801 3336 2870 τὴν
3367 2801 3461 2852 τοῦ
3492 2803 3822 2872 κατηγορεῖν

2234 2886 2419 2940 ἄδειαν
2450 2888 2527 2958 μὴ
2550 2886 2792 2955 ὀφείλειν
2831 2887 3135 2958 ἀρνεῖσθαι.

2305 2979 2441 3033 Ἵνα
2475 2982 2507 3032 ὀ
2535 2980 2671 3047 περὶ
2702 2979 2840 3045 ἐνὸς
2872 2979 3250 3049 ἐγκλήματος
3273 2980 3585 3045 ἀποδεῖξαι
3612 2980 3700 3050 μὴ
3720 2979 3823 3035 δυ-

2236 3071 2518 3141 νάμενος,
2550 3072 2701 3139 πρὸς
2725 3071 2935 3140 ἕτερον
2949 3073 3036 3143 μὴ
3062 3071 3371 3142 εἰσδεχθᾶ.

615 3160 740 3214 150.
796 3161 927 3213 Item
982 3159 1208 3229 placuit,
1259 3168 1320 3213 ut
1348 3158 1789 3229 quotiescunque
1839 3155 2056 3212 clericis
2088 3155 2131 3186 "

2309 3163 2408 3233 ρλ’.
2457 3164 2692 3233 Ὁμοίως
2727 3165 2945 3235 ἤρεσεν,
2983 3166 3070 3219 ἵνα
3100 3166 3502 3235 ὀσακισδήποτε
3546 3166 3827 3236 κληρικοῖς

539 3253 616 3305 ab
670 3252 1088 3306 accusatoribus
1146 3252 1319 3305 multa
1369 3252 1605 3305 crimina
1667 3250 2024 3321 objiciuntur,
2077 3253 2132 3300 ct

548 3357 719 3395 unum
746 3358 808 3394 ex
844 3341 1002 3411 ipsis,
1040 3343 1108 3395 de
1148 3355 1260 3412 quo
1297 3342 1452 3411 prius
1483 3340 1718 3411 egerint,
1760 3340 1995 3410 probare
2022 3354 2133 3392 non

544 3433 844 3500 valuerint,
878 3434 946 3487 ad
986 3442 1182 3487 caetera
1204 3432 1317 3501 jam
1355 3448 1461 3487 non
1491 3432 1872 3487 admittantur.

760 3602 951 3673 Cyrilli
981 3618 1047 3657 ea:
1072 3604 1296 3672 epistola
1319 3605 1388 3657 ad
1418 3603 1689 3658 Domuum
1712 3621 1831 3672 cap.
1868 3605 1923 3659 1.

623 3783 974 3855 Unaquaeque
998 3798 1088 3837 res
1120 3792 1331 3849 nostra,
1362 3792 1494 3849 etc.,
1527 3792 1587 3836 ut
1619 3800 1744 3854 pag.
1778 3783 1907 3840 491.

620 3877 959 3932 Generaliter
987 3878 1054 3931 de
1082 3876 1150 3932 iis
1193 3877 1287 3947 qui
1317 3877 1384 3931 de
1415 3877 1633 3947 publico
1681 3879 1913 3934 crimine
1941 3894 2138 3950 quam-

543 3986 767 4040 cunque
825 3984 1115 4039 personam
1177 3982 1443 4024 accusare
1498 3968 1882 4038 prohibentur,
1942 3977 2141 4025 tractat

549 4062 645 4115 ltb.
706 4076 782 4127 ιι,
825 4060 949 4114 cod.
1009 4059 1095 4113 Iit.
1154 4059 1209 4123 1,
1266 4068 1321 4114 et
1350 4059 1445 4116 lib.
1481 4074 1669 4122 XLVIII,
1701 4060 1813 4129 dig.
1870 4059 1957 4115 tit.
1983 4075 2046 4125 tt,
2071 4059 2140 4114 de

548 4154 932 4210 criminalibus
991 4169 1160 4219 vero,
1223 4162 1279 4207 et
1335 4154 1695 4223 pecuniariis,
1750 4161 1806 4209 et
1856 4155 2139 4211 canonicis

548 4248 947 4319 quaestionibus
1000 4247 1204 4303 dicitur
1266 4246 1321 4303 in
1388 4248 1576 4303 codice
1636 4256 1691 4302 et
1741 4245 2001 4303 Novellis.
2050 4248 2142 4304 Ait

545 4353 731 4398 autem
764 4342 860 4395 lib.
900 4357 939 4408 ι,
974 4341 1055 4395 tit.
1084 4341 1140 4408 2,
1173 4350 1352 4397 const.
1382 4341 1436 4406 6,
1468 4341 1618 4412 quod
1664 4343 1711 4398 si
1763 4343 1894 4413 quid
1924 4344 1978 4397 in
2010 4344 2139 4399 uni-

547 4450 708 4490 verso
728 4433 940 4504 Illyrico
974 4434 1253 4489 canonicae
1283 4434 1576 4490 dubietatis
1606 4436 1919 4499 emerserit,
1950 4436 2003 4489 id
2030 4450 2138 4491 non

2236 3255 2345 3309 ἀπὸ
2403 3257 2729 3327 κατηγόρων
2789 3256 2960 3311 πολἈὰ
3024 3258 3346 3328 ἐγκλήματα
3402 3256 3827 3324 ὑποϐάλλονται,

2234 3349 2330 3403 καὶ
2366 3348 2424 3401 ἓν
2453 3350 2513 3415 ἐξ
2542 3349 2725 3403 αὐτῶν
2762 3351 2895 3420 περὶ
2932 3346 2993 3406 οὗ
3024 3351 3245 3422 πρῶτον
3288 3350 3571 3423 ἐπράχθη,
3611 3351 3827 3405 ἀποδει-

2235 3438 2432 3509 χθῆναι
2469 3441 2571 3492 οὐκ
2596 3439 2864 3512 ἠδυνήθη,
2893 3442 3031 3513 πρὸς
3053 3441 3121 3495 τὰ
3146 3440 3309 3495 λοιπά
3352 3442 3493 3512 μετά
3532 3440 3711 3494 ταῦτα
3755 3441 3829 3512 μὴ

2241 3530 2669 3602 προσδεχθῶσιν.

2236 3624 2541 3691 Κυρίλλου
2612 3624 2682 3678 ἐκ
2760 3623 2872 3693 τῆς
2949 3624 3101 3691 πρὸς
3180 3625 3413 3693 Δόμνον
3500 3623 3831 3693 ἐπιστολῆς

2926 3733 3060 3785 κερ.
3091 3714 3160 3769 α’.

2311 3806 2560 3861 ’Ἐκαστα
2600 3806 2710 3860 τῶν
2748 3807 2870 3860 καθ’
2901 3810 3048 3878 ἡμᾶς
3086 3807 3456 3878 πραγμάτων,
3486 3824 3541 3860 κ.
3581 3824 3633 3862 τ.
3676 3807 3726 3861 λ.

2311 3899 2553 3964 Γενιγῶς
2579 3904 2708 3969 περὶ
2733 3901 2841 3953 τῶν
2876 3901 3243 3970 κωλυομένων
3274 3902 3600 3969 κατηγορεῖν
3618 3900 3832 3970 οἱουδή-

2239 4010 2371 4045 ποτε
2400 3993 2696 4064 προσώπου
2727 3993 2820 4046 ἐπὶ
2850 3992 3097 4064 δημοσίῳ
3121 3992 3452 4063 ἐγκλήματι,
3478 3992 3835 4063 διαλαμϐάνει

2242 4084 2446 4156 βιϐλίον
2476 4086 2520 4138 θ’
2537 4085 2632 4139 τοῦ
2655 4084 2785 4139 κώδ.
2808 4085 2914 4139 τίτ.
2937 4084 3010 4151 α’,
3045 4086 3142 4139 καὶ
3171 4085 3312 4156 βιϐλ.
3342 4092 3433 4157 μη¹
3455 4084 3564 4138 τῶν
3585 4085 3704 4153 Δίγ.
3725 4086 3833 4138 τίτ.

2243 4178 2310 4249 ﬂ"
2332 4178 2459 4248 περὶ
2479 4177 2536 4230 δὲ
2561 4178 2730 4248 ἐγκλη
2741 4177 2986 4248 ματικῶν
3012 4179 3106 4231 καὶ
3129 4176 3432 4231 κανονικῶν
3456 4178 3550 4230 καὶ
3568 4193 3837 4248 χρηματι-

2242 4270 2354 4325 κῶν
2381 4270 2663 4341 ζητήσεων
2697 4270 2918 4343 εἴρηται
2963 4274 3021 4324 ἐν
3044 4270 3123 4343 τῷ
3148 4269 3281 4325 κώδ.
3312 4270 3405 4324 καὶ
3434 4274 3552 4333 ταῖς
3573 4270 3832 4339 Νεαραῑς·

2243 4362 2499 4433 φησὶλγάρ
2519 4361 2663 4433 βιϐλ.
2701 4363 2881 4432 α’,τίτ.
2907 4362 2974 4434 β’,
2995 4362 3134 4416 διάτ.
3164 4362 3218 4426 ς’
3246 4362 3329 4415 ὅτι
3350 4362 3838 4431 τὰςὰναφυομένας

2244 4453 2535 4515 κανονικὰς
2575 4451 3020 4524 ἀμφισϐητήσεις
3058 4455 3117 4507 ἐν
3153 4452 3259 4523 ὅλῳ
3299 4450 3377 4523 τῷ
3429 4451 3735 4520 Ἰλλυρικῷ,
3776 4452 3836 4503 οὐ

546 4526 758 4594 absque
779 4524 1005 4578 scientia
1033 4522 1298 4579 antistitis
1322 4524 1473 4578 urbis
1495 4524 2133 4597 Constantinopolitanae,

2243 4542 2322 4595 δεῖ
2381 4542 2680 4612 τέμνεσθαι
2748 4522 2901 4614 παρά
2962 4541 3189 4612 γνώμην
3235 4522 3347 4594 τοῦ
3400 4540 3836 4612 ἀρχιεπισκόπου

550 4634 674 4686 qui!3
703 4614 891 4672 Romae
938 4617 1141 4672 νθίθτίε
1196 4617 1551 4687 Ρτῧπυῧῖλιίνα
1615 4616 1851 4685 Ῑεὲιειῑυΐν
1913 4620 2141 4690 ejusque
2176 4614 2211 4621 —
2249 4633 2880 4697 Κωνσταντινουπὸλεως
2924 4634 3020 4686 καὶ
3079 4634 3178 4703 τῆς
3222 4631 3390 4687 αὑτοῦ
3431 4630 3683 4695 συνόδου,
3715 4630 3839 4699 ἥτις

545 4708 956 4781 [sacerdotalis]
991 4718 1292 4764 conventus
1333 4719 1579 4778 oporteat
1608 4711 1805 4765 decidi.
1839 4709 1908 4765 Et
1950 4715 2038 4767 tit.
2081 4715 2137 4776 5,

551 4808 731 4854 c'onst.
764 4800 856 4861 22,
891 4801 1035 4869 quod
1075 4800 1122 4854 si
1171 4800 1293 4869 quis
1320 4816 1416 4869 per
1447 4802 1784 4857 calumniam
1817 4805 2136 4875 episcopum

547 4893 887 4957 accusando,
913 4892 1119 4963 [ipsum
1153 4892 1234 4963 se]
1266 4894 1530 4949 exhibere
1556 4896 1701 4965 apud
1731 4908 2133 4967 competentem

544 4985 791 5057 judicem
852 4983 1085 5058 [cogat],
1174 4986 1398 5056 triginta
1456 4990 1641 5059 pondo
1690 4988 1859 5063 [auri]
1906 4993 2016 5049 det.
2074 4992 2143 5051 Et

554 5089 735 5131 const.
758 5076 850 5143 25,
885 5077 1132 5147 ejusdem
1162 5079 1245 5133 tit.
1279 5080 1424 5149 quod
1461 5081 1645 5136 clerici
1672 5083 2142 5156 ConstantinOpO"

552 5170 732 5233 litani,
789 5171 835 5225 si
898 5182 1114 5224 actores
1156 5171 1330 5225 nolint
1375 5173 1524 5242 ipsos
1579 5176 1723 5244 apud
1771 5178 2139 5245 patriarcham

549 5263 870 5329 convenire,
923 5264 1065 5333 apud
1109 5264 1253 5319 solos
1296 5265 1585 5334 praefectos
1639 5267 1895 5338 litigent:
1954 5269 2142 5341 [idque

552 5356 692 5427 sive]
724 5356 1075 5423 conveniant,
1132 5359 1246 5411 sive
1309 5360 1751 5415 conveniantur:
1800 5362 1939 5434 [tum
1974 5367 2138 5419 etiam

553 5446 692 5519 sive]
728 5448 1076 5517 pecuniaria,
1132 5449 1248 5505 sive
1291 5451 1594 5507 criminalis
1646 5451 1803 5523 [item
1857 5454 2019 5528 sive,]
2076 5458 2143 5512 de

631 5624 672 5656 "
703 5623 878 5708 Cone;
928 5626 1119 5708 Cat-th.
1171 5629 1540 5708 vu,_ncap:hi_;
1570 5627 1743 5708 Afric.
1781 5646 1833 5685 c.
1869 5631 1959 5708 95;
1989 5630 2243 5708 Ca_rt|_t.tt,
2278 5651 2398 5705 cap.
2433 5637 2485 5703 6;
2512 5636 2700 5691 Carth.
2776 5654 2861 5705 Ill,
2889 5654 3008 5708 cap.
3047 5639 3077 5690 7
3112 5649 3165 5693 et
3188 5639 3242 5693 8.

2247 4726 2361 4796 ἔχει
2396 4726 2468 4778 τὰ
2499 4725 2773 4798 προνόμια
2794 4729 2893 4795 τῆς
2916 4726 3153 4797 ἀρχαίας
3203 4724 3445 4796 Ῥώμηςο
3488 4723 3584 4777 καὶ
3629 4721 3736 4775 τίτ.
3790 4727 3839 4789 γλ

2245 4819 2385 4873 διάτ.
2430 4818 2536 4890 κβᾌ
2568 4820 2653 4873 ὃτι
2698 4821 2727 4872 ό
2763 4820 2908 4873 κατὰ
2955 4820 3293 4888 συκοφάντου
3344 4819 3440 4870 sui.
3495 4815 3842 4887 παραστάσει

2248 4912 2401 4981 παρὰ
2443 4910 2673 4982 δικαστῇ
2727 4911 3024 4985 προσφόρῳ
3068 4908 3397 4979 αἰτιώμενος
3430 4908 3757 4971 ἐπίσκοπον,
3798 4904 3839 4955 λ’

2246 5002 2435 5057 δίδωσι
2458 5002 2667 5075 λίτρας·
2698 5004 2838 5059 διάτ.
2888 5010 2966 5057 κε’
3005 5003 3102 5056 τοῦ
3141 5001 3306 5056 αὐτοῦ
3336 5003 3474 5068 τίτ.,
3509 5002 3593 5054 ὅτι
3622 5002 3669 5053 οἱ
3708 4999 3843 5061 κλη-

2248 5097 2391 5167 ρικοὶ
2431 5097 3065 5161 Κωνσταντινουπόλεως
3097 5096 3206 5149 τῶν
3256 5095 3559 5164 ἐναγόντων
3594 5094 3671 5165 μὴ
3723 5092 3846 5163 βου-

2245 5188 2491 5258 λομένων
2542 5190 2727 5254 αὐτοῖς
2758 5189 2977 5259 ἐνάγειν
3025 5190 3179 5260 παρὰ
3206 5188 3285 5259 τῷ
3319 5190 3655 5261 πατριάρχῃ,
3689 5184 3842 5257 παρὰ

2249 5280 2433 5350 μόνοις
2463 5283 2577 5344 τοῖς
2605 5281 2868 5353 ἐπάρχοις
2896 5281 3233 5345 δικάζονται,
3273 5280 3559 5348 ἐνάγοντες
3591 5280 3687 5332 καὶ
3716 5280 3840 5330 ἐνα-

2247 5372 2470 5442 γόμενοι
2498 5375 2858 5443 χρηματικῶς
2888 5373 2983 5427 καὶ
3014 5373 3437 5444 ἐγκληματικῶς
3470 5371 3612 5443 ὑπὲρ
3659 5369 3841 5423 ίδικῶν

2252 5462 2347 5513 καὶ
2373 5463 2869 5533 ἐκκλησιαστικῶν’
2904 5465 2998 5518 καὶ
3030 5467 3078 5517 oi
3114 5464 3214 5534 μὲν
3244 5464 3499 5537 κληρικοὶ
3519 5501 3536 5528 ,
3570 5462 3661 5515 τὸν
3695 5462 3840 5513 οἰκο-

3373 5638 3416 5670 ¹⁸
3439 5638 3607 5693 Conc.
3649 5635 3836 5691 Cartlt.

556 5706 654 5762 vn,
694 5711 818 5763 cap.
845 5694 901 5761 2;
974 5695 1147 5750 Al‘ric.
1177 5713 1229 5753 c.
1258 5698 1350 5754 96.
1372 5694 1387 5698 ’
1413 5697 1811 5772 νίιίειΛυειιει.
1847 5694 2011 5773 epiSt.
2042 5705 2169 5759 212.
2231 5694 2292 5739 ἠ’
2328 5694 2497 5763 Cone.
2526 5709 2715 5765 Carth.
2751 5694 2861 5776 νηί
2891 5694 3010 5780 cui).
3040 5711 3093 5778 ὃς
3154 5710 3322 5765 Al'ric.
3356 5724 3407 5776 c,
3446 5709 3497 5763 7.

635 5834 750 5908 (9i)
794 5834 893 5892 Ms.
933 5858 951 5890 ι
988 5834 1304 5892 Proximum
1342 5836 1485 5906 foro,
1520 5848 1577 5893 ut
1601 5855 1707 5893 non
1737 5841 1828 5895 sit.
1868 5860 1885 5891 ι
