4122 6436
346 358 451 419 709

1240 356 1643 417 SYNTAGMA
1673 356 2063 422 CANONUM.
2088 385 2158 395 -·
2185 359 2335 421 ἸῚΤ.
2360 360 2464 433 ΙΧ,
2496 358 2655 419 CAP.
2698 359 2748 420 Ι.

3526 368 3635 430 Ἠῡ

345 482 508 546 νόμον
537 475 571 545 ἢ
602 474 698 529 τὸν
736 472 1187 543 ὲκκλησιέκδικον
1231 474 1471 527 διδόασιν
1504 474 1797 546 ἐγγυητὴν,
1845 477 1923 530 κα¹

2043 480 2233 550 [rebus
2258 480 2525 553 ipsorum]
2561 480 2805 550 propriis
2856 480 2973 535 sive
2999 480 3390 538 ecclesiasticis
3423 485 3514 557 [lis
3544 489 3639 542 iu-

344 572 442 641 οὑχ
495 571 687 641 ἓτερον
725 568 833 631 ἓως
880 566 923 619 ν’
972 566 1194 637 λιτρῶνο
1246 566 1341 619 καὶ
1388 567 1485 619 ἐὰν
1532 568 1840 641 ὑπερὸαίνῃ
1880 569 1923 622 τὲ

2045 572 2326 628 stituatur.
2354 572 2620 629 Similiter
2648 572 2819 644 quod]
2852 573 3035 627 clerici
3063 590 3235 643 usque
3266 575 3333 629 ad
3361 579 3633 648 quinqua«

343 665 579 735 πρᾶγμα
624 660 919 732 ὁμολογίαν
963 659 1251 730 ἀνώμοτον
1294 658 1390 712 ἐπὶ
1432 659 1510 731 τῷ
1558 660 1942 730 ὑπερϐαίνοντι

340 771 497 824 ποσῳ
538 769 756 807 ποιουσι
766 789 781 806 ο

434 1026 544 1080 Καὶ
586 1026 661 1095 οἰε
688 1024 845 1093 νόμοι
874 1022 987 1095 γὰρ
1024 1022 1120 1076 καί
1158 1022 1208 1076 οἰ
1242 1020 1467 1085 κανόνες
1495 1017 1769 1075 κωλύουσι
1802 1020 1938 1093 κλη-

353 1122 512 1192 puth
561 1118 832 1189 ὀμνύναι·
891 1119 919 1170 6
950 1115 1009 1169 δέ
1060 1115 1342 1186 οἰκονόμος
1385 1114 1716 1185 ἐναγόμενος
1762 1115 1824 1168 οὒ
1862 1115 1941 1168 δί-

336 1212 506 1264 δωσιν
560 1208 837 1278 ἐγγυητὴν
861 1247 876 1270 ,
916 1208 1013 1261 καὶ
1071 1206 1232 1269 αὑτὸς
1272 1206 1331 1259 δὲ
1391 1206 1488 1260 καὶ
1543 1209 1591 1259 οἰ
1647 1208 1935 1278 κληρικοί,

333 1305 434 1358 δύο
471 1303 785 1372 νομίσματα
826 1300 971 1372 ὑπὲρ
1009 1299 1373 1370 ὑπομνήσεως
1407 1299 1504 1352 καὶ
1543 1299 1817 1369 προϐολῆς
1851 1300 1938 1351 ἐνο

331 1394 538 1456 τολέως
565 1392 770 1446 διδόασι
796 1430 815 1455 ,
841 1392 938 1445 καὶ
967 1392 1037 1443 τὰ
1069 1389 1235 1443 λοιπά
1261 1389 1632 1461 δαπανήματα
1679 1390 1937 1460 φειδωλό-

329 1503 494 1557 τερον
521 1483 769 1537 ποιοῦσιο
805 1483 901 1537 καὶ
930 1483 963 1553 ἡ
989 1480 1070 1551 λβ¹
1098 1481 1239 1537 διάτ.
1273 1480 1368 1535 τοῦ
1399 1481 1565 1536 αὑτοῦ
1602 1481 1710 1536 τίτ.
1746 1484 1932 1551 φησὶν,

330 1580 417 1632 ὅτι
444 1578 495 1631 οἰ
526 1576 817 1631 ἐπίσκοποι
837 1618 853 1640 ,
902 1575 998 1629 καὶ
1026 1576 1075 1627 οἰ
1104 1575 1359 1645 κληρικοὶ
1406 1576 1499 1627 καὶ
1526 1576 1576 1627 οἱ
1614 1575 1840 1644 μοναχοὶ
1870 1575 1932 1627 οὑ

327 1673 577 1740 γίνονται
634 1669 902 1739 διάξιμοι,
962 1668 1099 1721 ἀλλὰ
1156 1668 1311 1738 παρὰ
1359 1671 1473 1731 τοῖς
1538 1668 1768 1738 ἄρχουσι
1822 1668 1932 1721 τῶν

329 1762 619 1834 ἐπαρχιῶν
654 1761 835 1815 αὑτῶν
888 1761 1198 1829 ἐνάγονται·
1245 1761 1305 1813 ἐν
1351 1760 1927 1814 Κωνσταντινουπόλει

324 1855 387 1908 δὲ
418 1855 824 1926 εὑρισκόμενοι,
858 1854 1010 1925 παρὰ
1042 1853 1226 1923 μόνοις
1256 1854 1375 1916 τοῖς
1401 1852 1669 1924 ἐπάρχοις
1699 1852 1924 1922 ἐνάγον-

326 1961 442 2009 tat,
475 1944 604 1997 ἔνθα
631 1946 725 1997 καὶ
758 1946 790 2014 ὴ
839 1942 977 2014 τιμὴ
1005 1943 1195 2006 αὐτοῖς
1241 1942 1606 2012 φυλάττεται,
1654 1941 1753 1995 καὶ
1798 1960 1928 1996 συν-

328 2037 570 2110 ηγόρους
594 2036 981 2109 λαμϐάνουσιν·
1004 2039 1064 2091 ὲν
1092 2036 1150 2091 δὲ
1167 2040 1284 2101 ταῖς
1309 2037 1601 2109 ἐπαρχίαις
1624 2037 1767 2109 ὑπὲρ
1783 2039 1928 2093 ἰδίων

334 2132 684 2203 πραγμάτων
733 2130 1091 2201 ἐναγόμενοι,
1146 2130 1343 2201 μόνους
1376 2130 1502 2194 τοὺς
1546 2131 1863 2201 οἰκονόμους
1891 2130 1926 2202 ἢ

322 2228 455 2290 τοὺς
482 2226 969 2298 ἐκκλησιεκδίκους
1020 2226 1259 2281 διδόασιν
1307 2226 1617 2296 ἐγγυητάς·
1673 2226 1829 2296 παρὰ
1870 2226 1927 2280 δὲ

325 2322 444 2384 τοῖς
478 2320 748 2390 ὑπάρχοις
794 2320 1159 2391 χρηματικῶς
1194 2319 1511 2388 ἐναγόμενοι
1532 2361 1546 2385 ,
1589 2319 1623 2391 ἢ
1660 2319 1927 2389 ἀλλήλους

326 2414 663 2483 ἐγγυῶνται,
697 2412 730 2485 ἢ
764 2413 1136 2484 ἐνυποθήκους
1166 2411 1412 2466 ποιοῦσιν
1443 2412 1755 2482 ὁμολογίας·
1784 2412 1926 2485 ὑπὲρ

323 2507 384 2559 δὲ
410 2510 520 2559 τῶν
548 2505 1046 2576 ἐκκλησιαστικῶν,
1087 2505 1250 2575 μόνος
1280 2505 1308 2558 6
1331 2504 1615 2574 οἰκονόμος
1644 2505 1923 2573 ἐνάγεται,

324 2598 385 2650 ὃν
417 2596 524 2667 χρὴ
555 2596 705 2667 παρὰ
730 2597 826 2650 τοῦ
858 2597 1163 2650 ἐπισκόπου
1192 2595 1473 2665 γίνεσθαι,
1500 2596 1595 2649 καὶ
1619 2596 1803 2650 δίδωσι
1832 2596 1926 2649 τὸν

325 2690 773 2760 ὰκλησιέκδικον
800 2689 1097 2759 ἐγγυητήν*
1141 2688 1236 2743 καὶ
1271 2690 1330 2742 ἐν
1360 2688 1459 2759 μὲν
1486 2691 1600 2750 τοῖς
1624 2689 1813 2760 ἥττοσι
1844 2688 1925 2741 δι-

324 2781 680 2851 καστηρίοις,
721 2781 863 2853 ὑπὲρ
896 2782 1263 2852 ὑπομνήσεως
1295 2780 1530 2834 διδόασιν
1558 2781 1607 2833 οἰ
1633 2781 1925 2833 ἐπίσκοποι

326 2875 420 2930 καί
452 2875 502 2927 οἰ
532 2874 789 2946 κληρικοί
831 2876 944 2937 τοῖς
973 2873 1329 2935 ἐκϐιϐασταῖς
1357 2873 1419 2927 οὑ
1455 2872 1621 2927 πλέον
1648 2872 1742 2926 τοῦ
1772 2873 1927 2944 νομί-

329 2982 557 3037 σματος’
593 2967 643 3019 εἰ
674 2966 732 3019 δὲ
778 2965 848 3019 δι’
879 2965 1212 3021 ἐκδιδαστοῦ
1239 2966 1348 3019 τῶν
1392 2966 1657 3036 ὑπάρχων
1688 2966 1797 3019 ἀπὸ
1820 2967 1926 3037 ψή-

328 3078 427 3128 φου
460 3059 641 3114 αὐτῶν
678 3057 1105 3130 ὑπομνησθῶσιν
1147 3059 1208 3111 ἐν
1248 3058 1539 3129 ἐπαρχίαις
1569 3058 1629 3111 οὐ
1661 3057 1825 3111 πλέον
1877 3055 1921 3127 β’

1952 1822 2004 1881 Β

2043 665 2189 732 ginta
2253 665 2421 720 libras
2472 664 2641 737 [auri]
2687 681 3032 721 (Economum
3062 677 3149 719 aut
3182 669 3634 723 ecclesizedefen-

2042 772 2247 821 surem,
2299 772 2408 812 non
2467 766 2649 812 autem
2708 758 2899 820 alium,
2955 758 3331 828 fidejussorem
3379 760 3547 815 dent:
3580 772 3633 815 et

2041 849 2087 902 si
2124 864 2210 903 res
2255 847 2395 919 [eam
2425 848 2814 922 quantitatem]
2848 854 3095 917 excedat,
3120 867 3220 922 pro
3249 852 3470 906 residuo
3494 852 3635 908 citra

2037 940 2423 1011 jusjurandum
2450 953 2702 999 caveant.

2114 1031 2333 1086 Τρωίας.
2370 1031 2581 1087 Etenim
2633 1035 2778 1105 leges
2833 1045 2999 1104 atque
3054 1043 3321 1090 canones'
3356 1036 3619 1091 clericum

2032 1124 2225 1195 jurare
2259 1125 2578 1195 prohibent.
2607 1126 2915 1199 [Postremo
2940 1144 3089 1195 vero,
3124 1126 3295 1199 quod]
3320 1128 3373 1182 in
3404 1129 3496 1197 jus
3533 1143 3634 1181 vo-

2038 1227 2197 1271 catus
2232 1232 2556 1272 meonomus
2580 1218 2961 1288 fidejussorem
2989 1236 3097 1274 non
3139 1219 3252 1282 det,
3284 1230 3340 1274 et
3370 1231 3482 1273 utin
3516 1220 3637 1287 ipse

2040 1316 2152 1362 tum
2181 1310 2366 1366 clerici
2390 1311 2559 1382 239
2584 1326 2683 1379 pro
2720 1312 3025 1366 monitione
3055 1328 3121 1366 ac
3148 1312 3521 1381 procuratoris
3541 1312 3629 1364 iu-

2033 1400 2320 1455 stitutione
2341 1403 2480 1457 duos
2503 1402 2733 1465 solidos,
2756 1417 2819 1456 ex
2830 1418 2953 1456 secu
2964 1404 3069 1457 tori
3097 1402 3246 1468 dent,
3272 1404 3627 1472 reliquasque

2034 1503 2290 1563 sumptus
2330 1494 2549 1562 parcius
2589 1491 2816 1548 faciant.
2882 1494 2948 1548 Et
3010 1503 3189 1550 const.
3245 1495 3334 1559 52,
3372 1495 3633 1565 ejusdem

2032 1585 2121 1639 tit.
2157 1586 2279 1639 ait:
2313 1583 2469 1649 Quod
2520 1584 2804 1654 episcopi,
2841 1584 3063 1648 clerici,
3117 1594 3173 1639 et
3229 1587 3479 1641 monachi
3534 1585 3627 1658 [ad

2031 1684 2291 1731 extranea
2318 1674 2548 1748 judicia]
2593 1691 2703 1730 non
2745 1677 3125 1740 traducantur,
3179 1678 3273 1732 sed
3326 1679 3466 1747 apud
3541 1694 3627 1732 re-

2032 1777 2211 1823 ctores
2241 1768 2647 1839 provinciarum
2674 1770 3073 1823 conveniantur
3100 1788 3113 1823 :
3154 1780 3209 1824 et
3240 1769 3629 1825 Constantino-

2031 1861 2139 1930 poli
2171 1860 2412 1929 reperti,
2443 1861 2588 1929 apud
2626 1860 2915 1932 pratfectos
2950 1861 3219 1915 duntaxat
3264 1861 3473 1931 judicio
3505 1863 3627 1931 pul-

2030 1957 2262 2017 sentur,‘
2291 1951 2383 2005 ubi
2425 1958 2479 2006 et
2529 1951 2709 2004 honor
2759 1951 2893 2020 ipsis
2928 1963 3201 2017 servetur,
3233 1963 3288 2007 et
3330 1954 3626 2009 advocatos

2030 2040 2325 2110 accipiant.
2369 2040 2426 2095 Si
2467 2056 2599 2096 vero
2628 2041 2683 2095 in
2727 2041 3031 2111 provinciis
3061 2042 3132 2095 ob
3168 2044 3422 2112 proprias
3452 2059 3539 2098 res
3568 2045 3622 2097 iu

2024 2134 2118 2204 jus
2147 2142 2435 2197 vocentur,
2468 2148 2790 2189 (economos
2825 2135 3095 2188 duntaxat
3116 2144 3210 2188 aut
3249 2136 3497 2191 ecclesia:
3524 2137 3624 2191 de-

2030 2226 2277 2281 fensores
2307 2225 2665 2295 fideiussores
2714 2226 2888 2283 dent:
2931 2228 3076 2296 apud
3117 2227 3405 2297 praefectos
3437 2238 3631 2282 autem

2027 2318 2095 2373 de
2128 2318 2295 2373 rebus
2344 2317 2685 2388 pecuniariis
2739 2320 3018 2384 conventi,
3054 2329 3149 2372 aut
3203 2319 3441 2373 vicarias
3493 2320 3626 2374 tide-

2022 2410 2304 2481 jussiones
2358 2419 2643 2482 praestent,
2699 2421 2795 2465 aut
2856 2412 2961 2467 sub
3016 2410 3337 2468 facultatum
3393 2428 3619 2467 suarum

2029 2503 2365 2573 obligatione
2388 2506 2673 2559 cautiones
2716 2503 2943 2559 faciant.
2976 2502 3303 2577 [Quod].de
3356 2505 3623 2560 ecclesia-

2032 2595 2186 2650 sticis
2223 2594 2439 2667 [rebus]
2470 2596 2624 2651 solus
2658 2611 2982 2652 cecouomus
3015 2598 3399 2661 conveniatur,
3453 2612 3621 2667 quem

2027 2689 2096 2743 ab
2125 2689 2385 2760 episcopo
2429 2689 2674 2744 ordinari
2728 2699 2965 2759 oportet,
3002 2701 3167 2760 atque
3197 2689 3335 2762 [illc]
3364 2689 3621 2745 Ecclesiae

2026 2779 2370 2836 defensorem
2402 2782 2785 2851 fidejussorem
2818 2782 3077 2848 praabcat.
3105 2780 3309 2855 [Quod]
3348 2784 3400 2836 in
3436 2783 3619 2836 mino-

2030 2872 2184 2927 ribus
2213 2872 2442 2942 judiciis
2495 2874 2736 2943 episcopi
2801 2884 2855 2928 et
2912 2874 3097 2928 clerici
3155 2889 3256 2943 pro
3319 2874 3620 2928 monitione

2026 2965 2447 3019 exsecutnribus
2513 2981 2622 3019 non
2686 2966 2925 3036 amplius
3003 2967 3183 3020 solido
3243 2967 3615 3036 sportularum

2028 3057 2251 3112 nomine
2280 3058 2434 3112 dent.
2468 3056 2522 3112 Si
2555 3074 2683 3113 vero
2713 3059 2785 3113 ab
2816 3058 3194 3129 prmfectorum
3235 3074 3302 3113 ex
3348 3061 3618 3114 sententia

328 3153 639 3224 νομίσματα
658 3151 892 3206 διδόασιν
918 3150 1059 3220 ὑπὲρ
1076 3149 1443 3221 σπορτούλων.
1464 3150 1550 3202 Ἐν
1573 3150 1854 3220 Βυζαντίῳ
1867 3148 1923 3202 δὲ

2032 3151 2273 3220 ipsorum
2331 3151 2735 3206 admoneantur
2780 3152 2834 3204 in
2890 3152 3192 3219 provincia,
3232 3166 3338 3204 non
3381 3151 3620 3220 amplius

329 3240 641 3310 νομίσματα
657 3238 876 3292 δίδωσιν
904 3241 932 3291 6
948 3239 1205 3303 ἐξωτικὸς
1219 3238 1476 3310 κληρικὺς
1494 3240 1633 3310 ὑπὲρ
1650 3238 1918 3308 σπορτού-

334 3331 461 3385 λων⁸
476 3332 875 3403 ἐφ’ὁσηδήποτε
906 3335 1166 3404 ποσότητι
1192 3334 1521 3404 ἐναγόμενος
1538 3334 1567 3386 6
1590 3333 1922 3405 ὲκὸιόαστὴς

333 3424 643 3495 οἱονδήποτε
667 3425 928 3496 κληρικδν
953 3424 1189 3497 ὑϐρίζων
1206 3424 1239 3496 ἢ
1259 3425 1522 3491 σκύλλων,
1542 3425 1920 3490 ἀποζώννυται

333 3516 421 3568 καὶ
447 3515 689 3586 ἐσχάτως
718 3518 1066 3586 τιμωρεῖται.
1098 3515 1161 3568 Εἰ
1187 3516 1245 3569 δέ
1275 3533 1418 3577 τινες
1449 3516 1694 3585 φανῶσιν
1718 3515 1923 3578 ἀδίκως

327 3606 511 3670 αὐτοῖς
539 3605 865 3675 ἐνάγοντες,
893 3605 1130 3660 διδόασιν
1177 3605 1363 3669 αὑτοῖς
1406 3606 1589 3669 πάσας
1632 3605 1734 3670 τὰς
1775 3608 1919 3660 κατὰ

326 3700 600 3769 πρόφασιν
635 3698 820 3754 αὐτῶν
849 3700 914 3753 ἐκ
944 3696 1236 3769 προοιμίου
1273 3698 1372 3768 τῆς
1414 3697 1571 3769 δίκης
1613 3714 1916 3770 προσγενο-

328 3790 494 3863 μένας
524 3792 709 3856 αὐτοῖς
738 3791 1003 3855 δαπάνας.

404 4060 473 4113 Ἢ
504 4060 563 4113 δέ
608 4064 652 4113 ν’
698 4059 841 4114 διάτ.
886 4058 981 4112 τοῦ
1035 4058 1203 4114 αὑτοῦ
1249 4058 1357 4113 τίτ.
1402 4057 1589 4131 φησὶν,
1627 4061 1710 4115 ὅτι
1738 4062 1833 4115 καὶ
1866 4063 1919 4116 οἰ

2028 3245 2245 3301 duobus
2276 3246 2467 3301 solidis
2501 3248 2799 3315 praebeant.
2854 3244 3103 3317 Byzantii
3144 3257 3326 3299 autem
3378 3246 3620 3317 peregri-

2027 3354 2135 3395 nus
2184 3338 2417 3394 clericus
2474 3340 2851 3409 sportularum
2903 3338 3079 3407 gratia
3112 3348 3225 3393 tres
3265 3354 3463 3393 aureos
3503 3340 3616 3399 det.

2028 3432 2101 3487 ob
2117 3441 2603 3501 quantamcunque
2627 3428 2911 3504 [summae]
2930 3430 3293 3499 quantitatem
3316 3439 3625 3486 conventus

2027 3523 2214 3579 fuerit.
2250 3521 2450 3595 [Quod]
2484 3532 2797 3584 exsecutor,
2822 3523 2914 3591 qui
2950 3522 3483 3592 cujusmodicuuque
3509 3522 3620 3575 cle-

2025 3618 2204 3672 ricum
2234 3616 2585 3671 contumeliis
2619 3615 2881 3678 all'ecerit,
2927 3626 3021 3671 aut
3055 3616 3356 3679 vexaverit,
3397 3614 3620 3683 cingulo

2024 3711 2292 3780 privetur,
2329 3717 2384 3762 et
2417 3722 2677 3777 supremo
2727 3708 2997 3778 supplicio
3028 3706 3283 3764 feriatur.
3310 3704 3487 3777 [Quod
3519 3705 3615 3760 de-

2024 3801 2212 3873 nique]
2245 3802 2290 3856 si
2326 3802 2418 3870 qui
2472 3802 2594 3854 sine
2654 3800 2813 3869 justa
2868 3814 3037 3854 causa
3102 3800 3250 3869 ipsos
3305 3798 3622 3853 laeessiisse

2021 3895 2329 3960 vidcantur,
2357 3891 2491 3967 [illi];
2523 3893 2658 3963 ipsis
2688 3907 2881 3947 omnes
2931 3907 3230 3961 expensas,
3270 3906 3410 3961 quas
3453 3906 3585 3945 occa
3614 3920 3617 3921 ν

2020 3984 2178 4038 sione
2205 3983 2424 4037 illorum
2456 3982 2526 4036 ab
2563 3982 2797 4036 exordio
2818 3982 2931 4036 litis
2961 3981 3255 4045 subierint,
3289 3982 3539 4035 reddant.

2091 4077 2309 4133 Textus.
2346 4076 2551 4132 Const.
2575 4075 2665 4140 50,
2692 4074 2937 4145 ejusdem
2989 4076 3074 4130 tit.
3120 4075 3273 4140 dicit,
3305 4075 3451 4145 quod
3492 4075 3608 4130 cle-

322 4152 577 4224 κληρικοὶ
622 4152 801 4217 καλῶς
839 4153 899 4207 ἐν
949 4152 1302 4223 συμϐολαίοις
1343 4151 1676 4222 ἀπολέγουσι
1706 4156 1772 4225 τῇ
1817 4155 1912 4210 τοῦ

2028 4162 2118 4226 Γίοί
2149 4180 2294 4226 recte
2324 4173 2379 4225 in
2413 4168 2799 4225 instrumentis
2827 4167 2929 4222 fori
2966 4167 3366 4238 prrescriptioui
3402 4184 3616 4224 renun-

323 4247 494 4319 φόρου
533 4247 865 4319 ἀπογραφῇο·
905 4245 1139 4316 γενικῶς
1175 4246 1287 4318 γὰρ
1322 4245 1534 4311 ἔξεστιν
1561 4248 1778 4319 ἑκάστῳ
1806 4249 1915 4301 τῶν

2028 4261 2550 4318 Lient.Geueraliter
2596 4261 2743 4315 enim
2796 4261 2997 4326 cuique
3047 4259 3175 4314 licet
3233 4266 3619 4323 contemnere,

323 4341 465 4409 ὑπὲρ
491 4340 685 4393 ἐαυτοῦ
710 4341 1097 4410 καταφρονεῖνο
1130 4339 1225 4394 καλ⁴
1247 4339 1389 4393 διάτ.
1415 4339 1463 4412 β’
1509 4340 1604 4395 τοῦ
1624 4340 1665 4394 δ’
1691 4341 1798 4396 τίτ.
1818 4341 1912 4394 τοῦ

2028 4370 2140 4425 quae
2171 4368 2269 4423 pro
2296 4369 2354 4408 se
2384 4352 2618 4425 [indulta
2650 4350 2827 4422 sunt].
2870 4351 2935 4404 Et
2962 4360 3143 4406 const.
3178 4350 3236 4412 ἓ.
3269 4350 3357 4403 tit.
3382 4351 3436 4414 4,
3464 4349 3613 4416 ejus-

319 4433 490 4487 αὑτοῦ
544 4432 685 4504 βιὸλ.
736 4433 818 4486 ὅτι
865 4433 962 4485 ἐὰν
1009 4432 1118 4504 πρὸ
1163 4431 1376 4497 τελείας
1418 4433 1603 4503 ψήφου
1650 4432 1914 4504 κληρικὸς

2017 4447 2140 4501 dem
2159 4446 2251 4500 lib.
2275 4448 2422 4516 quod
2454 4445 2497 4499 si
2514 4454 2641 4498 ante
2661 4443 2821 4498 fmem
2842 4443 3127 4498 sententiae
3149 4441 3384 4496 clericus
3413 4456 3617 4511 provo-

321 4525 726 4597 ἐκκαλέσηται,
771 4526 872 4594 τὴν
914 4525 1229 4596 ὡρισμένην
1272 4527 1339 4578 ἐκ
1374 4524 1471 4577 τοῦ
1511 4524 1682 4594 νόμου
1721 4526 1913 4596 ποινὴν

2028 4539 2247 4603 caverit,
2267 4542 2494 4593 multam
2526 4535 3097 4608 ξήοῳιίηψιαεὶηιο
3115 4534 3379 4588 librarum
3399 4534 3617 4603 argenti

323 4614 469 4669 κατὰ
508 4616 616 4667 τῶν
652 4614 829 4667 ἄλλων
872 4614 981 4668 τῶν
1007 4622 1049 4668 ν’
1096 4615 1372 4685 ἀργυρίουῆ
1403 4614 1625 4687 λιτρῶν,
1654 4616 1683 4669 6
1720 4615 1914 4685 φίσκος

322 4710 383 4762 οὑ
426 4707 696 4778 λαμϐάνει
731 4706 864 4779 παρ’
894 4706 1085 4772 αὑτοῦ,
1117 4707 1253 4760 ἀλλὰ
1284 4709 1397 4771 τοίς
1432 4708 1630 4780 πένησι
1662 4707 1914 4779 διανέμε·

321 4815 438 4852 seu:
468 4801 502 4870 ἡ
530 4798 586 4851 δὲ
608 4798 652 4862 ζ’
674 4797 823 4852 διάτ..
844 4796 941 4850 τοῦ
964 4797 1129 4852 αὑτοῦ
1152 4799 1260 4856 τίτ.
1290 4799 1477 4869 φησὶν,
1507 4800 1590 4853 ὅτι
1615 4800 1708 4853 ἐπὶ
1736 4800 1915 4872 μόνων

324 4889 694 4962 χρηματικῶν
723 4888 931 4961 μεταξὺ
954 4890 1373 4954 συναινούντων,
1407 4891 1469 4943 οὑ
1495 4891 1604 4961 μὴν
1626 4890 1721 4944 καὶ
1753 4886 1915 4945 ἀκόν-

321 4999 453 5044 των,
495 4982 732 5053 ἰσχυρῶς
759 4982 788 5033 6
818 4981 1116 5045 ἐπίσκοπος
1157 4981 1402 5047 δικάζειο
1444 4983 1539 5035 καὶ
1578 4982 1723 5037 διάτ.
1753 4988 1805 5054 η’
1832 4985 1915 5037 ὅτι

323 5078 361 5148 ἰι
390 5075 499 5130 τῶν
536 5076 854 5129 ἐπισκόπων
883 5074 1060 5146 ψῆφος
1096 5075 1336 5148 ἔρρωται
1364 5076 1567 5146 μεταξὺ
1598 5076 1709 5130 τῶν
1735 5076 1919 5129 ἐπιλέ-

327 5167 574 5237 ξαμένων
613 5168 847 5234 αὐτοὺς,
878 5168 975 5221 καὶ
1014 5167 1159 5221 ἔοικε
1201 5169 1320 5230 ταῖς
1350 5166 1553 5239 ψήφοις
1594 5167 1703 5220 τῶν
1738 5168 1921 5240 ὑπάρ-

325 5276 459 5329 χων,
503 5260 599 5327 ἀφ’
639 5251 715 5312 ὧν
758 5257 1121 5312 ἐκκαλεῖσθαι.
1141 5258 1242 5313 οὑκ
1272 5258 1469 5324 ἔξεστι·
1501 5260 1597 5313 καὶ
1625 5260 1767 5315 διάτ.
1822 5267 1915 5331 ιγ’,

327 5352 409 5405 ὅτι
452 5349 776 5421 βουλόμενος
813 5350 847 5403 6
887 5351 1121 5419 ἐνάγων,
1148 5350 1211 5404 οὑ
1241 5351 1349 5423 μὴν
1388 5352 1483 5405 καὶ
1528 5353 1700 5416 ἄκων,
1732 5353 1918 5422 ἐνάγει

330 5440 484 5512 παρὰ
521 5440 600 5511 τῷ
640 5441 1060 5513 ἀρχιεπισκόπῳ
1092 5443 1717 5507 Κωνσταντινουπόλεως
1743 5445 1820 5515 τῷ
1842 5448 1919 5498 ol-

330 5532 571 5604 κονόμῳ,
602 5533 697 5585 καὶ⁸
738 5534 853 5596 τοῖς
877 5532 1060 5597 ἄλλοις
1086 5532 1251 5586 αὐτοῦ
1291 5533 1574 5605 κληρικοῖς
1594 5575 1609 5599 ,
1639 5536 1751 5588 είτε
1784 5536 1920 5607 πρὸς

330 5627 530 5691 αὐτοὺς
561 5627 672 5681 είτε
696 5626 833 5697 πρὸς
852 5626 950 5697 τὴν
985 5626 1283 5697 ἐκκλησίαν
1307 5627 1442 5698 ἔχει’
1468 5627 1565 5681 καὶ
1588 5629 1621 5700 ἡ
1644 5628 1725 5683 κθ¹
1749 5628 1918 5695 διάτ.,

330 5721 412 5774 ὅτι
446 5719 636 5790 μηδεὶς
679 5721 745 5773 ἐκ
789 5718 1015 5791 πρώτης
1055 5720 1625 5792 αἰτιάσθω-ξκληρικὸν
1651 5722 1805 5794 παρὰ
1841 5721 1921 5792 τῷ

335 5813 688 5886 πατριάρχῃ,
717 5812 854 5869 ἀλλὰ
893 5812 1045 5884 παρὰ
1083 5811 1161 5885 τῷ
1201 5813 1489 5885 ἐπισκόπῳ
1533 5812 1732 5867 αὑτοῦ’
1782 5814 1830 5867 εἰ
1862 5814 1919 5868 δὲ

2024 4632 2079 4685 in
2132 4629 2237 4684 hoc
2279 4629 2545 4683 adversus
2589 4629 2728 4682 alios
2771 4629 3149 4688 constitutam,
3179 4625 3248 4678 ab
3282 4626 3401 4693 ipso
3440 4622 3610 4678 fiscus

2023 4737 2133 4776 non
2168 4721 2425 4792 accipiat,
2456 4720 2550 4775 sed
2582 4718 2915 4789 pauperibus
2952 4702 3160 4786 eroget.
3198 4716 3389 4771 Const.
3423 4722 3617 4770 autem

2025 4814 2076 4876 7,
2095 4813 2339 4883 ejusdem
2358 4814 2443 4867 tit.
2470 4811 2618 4882 quod
2642 4813 2695 4865 in
2729 4809 3059 4880 pecuniariis
3086 4808 3354 4863 duntaxat
3376 4806 3622 4879 [causis].

2026 4906 2167 4961 inter
2196 4904 2624 4968 consentientes,
2657 4916 2764 4956 non
2805 4910 2989 4956 autem
3041 4900 3206 4956 etiam
3257 4901 3458 4955 invitos
3494 4899 3614 4955 clli-

2023 4998 2227 5054 caciter
2254 4998 2547 5067 episcopus
2570 4995 2801 5066 judicct.
2826 4993 2893 5048 Et
2916 5003 3094 5049 const.
3127 4993 3180 5059 8,
3210 4994 3354 5063 quod
3394 4992 3617 5063 cpisco-

2024 5107 2219 5161 porum
2250 5090 2523 5158 judicium
2570 5098 2749 5143 ratum
2799 5089 2871 5143 sit
2903 5088 3045 5141 inter
3078 5102 3173 5141 eos
3204 5087 3474 5156 qui-ipsos
3504 5086 3615 5140 ele-

2024 5179 2225 5250 geriut,
2259 5194 2324 5233 ac
2353 5178 2535 5234 simile
2561 5178 2637 5233 sit
2671 5176 3050 5247 praefectorum
3088 5176 3395 5237 sententiis,
3420 5190 3451 5228 a
3490 5173 3626 5244 qui—

2026 5271 2129 5325 bus
2164 5284 2466 5341 provocare
2496 5283 2609 5324 non
2646 5268 2795 5322 licet.
2827 5266 2891 5321 Et
2935 5278 3115 5321 const.
3155 5266 3249 5331 l5,
3274 5266 3419 5335 quod
3462 5273 3617 5319 actor

2024 5360 2239 5428 volens,
2264 5368 2319 5414 at
2352 5374 2462 5415 non
2495 5361 2659 5415 etiam
2687 5359 2916 5421 invitus,
2949 5358 3091 5428 apud
3122 5362 3440 5428 epismpum
3466 5358 3624 5409 Con-

2026 5452 2415 5522 stantinopolis
2445 5451 2541 5505 lite
2579 5453 2757 5521 pulset
2785 5465 3160 5515 meonomum,
3200 5458 3293 5504 aut
3331 5450 3469 5503 alios
3494 5449 3625 5517 ejus

2027 5541 2279 5602 clericos,
2315 5540 2431 5595 sive
2461 5538 2728 5595 adversus
2758 5540 2929 5609 ipsos,
2963 5530 3079 5593 sive
3128 5538 3392 5592 adversus
3426 5535 3614 5591 Eccle-

2026 5633 2165 5688 siam
2199 5630 2523 5703 [actionem]
2554 5632 2769 5685 habeat.
2798 5629 2861 5684 Et
2881 5631 2972 5696 ‘29,
2995 5630 3225 5684 constit.
3242 5626 3410 5682 Nemo
3438 5628 3625 5697 prima

2029 5724 2147 5778 vice
2181 5723 2325 5794 apud
2356 5722 2745 5793 patriarcham,
2794 5723 2887 5778 sed
2932 5723 3248 5791 episcopum
3284 5719 3614 5774 summ-cle-

2031 5817 2209 5871 ricum
2241 5824 2497 5871 accusato
2519 5833 2547 5885 ς
2567 5816 2615 5870 si
2667 5828 2797 5871 vero
2816 5823 3159 5883 Asuspectum
3202 5812 3354 5867 illum
3391 5809 3617 5876 habeat,
