4122 6434
550 349 655 415 'lil

1672 341 1931 403 ΡΠΟΤΙΙ
1967 340 2471 403 ΡΑΤΒῙΑΠΟΗΕ
2508 342 2619 403 CP.

3694 354 3793 421 712

556 465 700 536 apud
729 459 1229 532 metropolitanum.
1256 457 1359 525 Qui
1392 456 1436 511 si
1468 470 1685 526 quoque
1716 463 2002 524 suspectus
2031 452 2121 517 sit,

2229 452 2366 522 πρὸς
2381 452 2545 505 αὑτὸν
2568 450 2823 516 ὑπόπτως
2844 450 3143 523 έχει,παρά
3161 452 3241 524 τῷ
3260 456 3646 534 μητροπολίτῃ.
3665 464 3723 517 Et
3742 469 3794 522 δὲ

553 563 767 629 oportet
789 568 914 608 cum
959 552 1053 606 illo
1084 550 1331 619 judicare
1376 549 1499 602 loco
1549 547 1716 601 totius
1772 544 1963 616 synodi
2013 555 2124 599 tres

555 651 859 707 secundum
909 643 1273 701 ordinationis
1314 640 1558 695 ordinem
1604 638 1911 708 primores:
1965 644 2020 691 et
2078 636 2123 691 si

548 742 813 813 iudicatis
852 754 959 793 non
986 736 1387 805 acquiescatur,
1424 728 1617 803 [illius]
1652 737 1859 783 tractus
1892 728 2125 797 patriar-

550 838 709 891 eham
745 832 1024 894 advocari,
1057 839 1217 897 atque
1257 838 1512 893 tanquam
1562 822 1679 892 ipse
1712 820 1782 875 ab
1815 819 1972 874 initio
1994 834 2125 873 eau-

553 944 671 981 sam
714 925 1079 995 cognovisset,
1123 920 1241 988 ejus
1275 914 1533 986 judicatis
1587 913 1971 982 obtemperari.
2003 908 2121 963 Non

549 1019 693 1074 enim
719 1014 1149 1086 patriarcharum
1184 1007 1465 1063 sententia:
1512 1005 1955 1076 provocationem
1987 1002 2125 1055 reci-

551 1108 726 1176 piunt.
771 1104 915 1159 Idem
954 1103 1119 1156 etiam
1152 1101 1217 1154 de
1246 1098 1313 1152 iis
1351 1097 1445 1167 qui
1476 1097 1767 1166 episcopos
1815 1093 1869 1147 in
1898 1092 1991 1161 jus
2028 1106 2125 1144 vo-

550 1205 676 1253 cant
709 1194 1019 1267 [dicendum
1054 1189 1183 1263 est].

620 1286 772 1341 Licet
803 1293 985 1337 autem
1015 1297 1044 1336 a
1074 1279 1382 1351 patriarcha
1428 1285 1636 1348 petere,
1666 1283 1727 1330 ut
1766 1290 1862 1345 per
1908 1274 2123 1327 litteras

548 1392 679 1432 suas
704 1373 1133 1430 controversiam
1172 1371 1444 1440 episcOpis
1488 1368 1843 1432 transmittat,
1882 1374 1937 1419 et
1981 1361 2121 1436 [ille]

548 1484 645 1539 pro
675 1468 939 1538 sportulis
971 1483 1077 1519 nun
1113 1466 1236 1535 plus
1259 1478 1423 1534 quam
1457 1470 1694 1533 quatuor
1722 1459 1951 1528 siliquas
1976 1457 2123 1511 :cle-

547 1561 697 1615 ricns
727 1556 909 1631 [vero]
931 1556 1023 1627 qui
1047 1572 1077 1610 a
1096 1556 1406 1625 patriarcha
1420 1553 1590 1607 autad
1616 1550 2120 1617 metropolitanum,

545 1662 641 1706 aut
670 1650 762 1704 ubi
801 1651 1095 1720 episcopus
1137 1647 1415 1715 delegatus
1469 1642 1654 1706 fuerit,
1707 1640 1963 1705 mittitur,
2009 1653 2119 1692 non

545 1746 668 1815 plus
696 1758 861 1813 quam
885 1756 979 1795 sex
1012 1739 1216 1794 solidos
1241 1737 1474 1805 accipit:
1512 1732 1722 1806 [idque]
1756 1733 1808 1786 in
1839 1731 2119 1800 cujusmo—

2224 545 2476 607 κάκεϊνος
2535 541 2777 604 ὕποπτός
2828 545 2982 607 ἐστι,
3038 544 3120 597 δεῖ
3170 545 3506 609 συνδικάζειν
3551 551 3695 623 αὑτῷ
3736 557 3797 610 ἐκ

2225 633 2517 705 προσώπου
2558 635 2656 704 τῆς
2696 633 2825 704 ὅλης
2874 636 3095 688 συνόδου
3144 639 3296 707 τρεῖς
3350 639 3476 702 τοὺς
3524 642 3661 695 κατά
3704 645 3796 713 τὴν

2223 724 2375 789 τάξιν
2404 725 2505 795 τῆς
2526 726 2863 796 χειροτονίας
2887 728 3296 797 πρωτεύοντας·
3344 730 3441 780 καὶ
3467 729 3517 781 εί
3550 730 3622 801 μὴ
3651 749 3797 804 στερ-

2222 818 2324 887 χθῇ
2366 816 2436 868 τά
2464 816 2796 887 κεκριμένα,
2832 817 2923 870 τὸν
2965 820 3059 888 τῆς
3101 820 3425 889 διοικήσεως
3464 824 3796 894 πατριάρχην

2223 906 2620 974 ἐπικαλεῖσθαι,
2651 908 2746 960 καὶ
2774 910 2885 972 τοῖς
2908 910 3039 980 παρ’
3064 909 3231 962 αὐτοῦ
3263 911 3607 981 κεκριμένοις
3634 916 3796 985 ἐμμέ-

2222 1014 2354 1063 νειν,
2386 998 2461 1062 ὡς
2510 999 2575 1051 ἂν
2621 999 2670 1051 εί
2698 999 2757 1066 ἐξ
2798 999 2977 1070 ἀρχῆς
3016 1001 3177 1064 αὐτὸς
3221 1002 3493 1057 ἐδίκασεν·
3528 1003 3644 1056 οὐδὲ
3692 1008 3792 1078 γάρ

2221 1088 2577 1143 ἐκκαλοῦνται
2605 1090 2663 1143 αἱ
2695 1089 2806 1142 τῶν
2834 1090 3191 1161 πατριαρχῶν
3223 1091 3417 1161 ψῆφοι·
3447 1092 3509 1145 τὸ
3548 1094 3676 1147 αὐτὸ
3704 1097 3793 1150 καὶ

2222 1181 2350 1250 περὶ
2382 1180 2490 1233 τῶν
2522 1183 2631 1243 τοίς
2659 1182 2984 1245 ἐπισκόποις
3016 1182 3345 1250 ἐναγόντων.

2299 1270 2514 1335 Ἔξεστι
2546 1271 2602 1325 δὲ
2636 1273 2788 1341 παρὰ
2818 1271 2898 1341 τῷ
2934 1274 3247 1344 πατριάρχῃ
3292 1274 3607 1340 αἰτιᾶσθαι,
3643 1278 3723 1346 ἐφ’
3753 1271 3795 1346 ᾧ

2221 1360 2307 1414 διὰ
2348 1362 2693 1431 γραμμάτων
2743 1361 2906 1415 αὑτοῦ
2946 1362 3046 1433 τὴν
3096 1363 3352 1416 ὑπόθεσιν
3391 1367 3670 1436 ἐπισκόπῳ
3692 1387 3794 1421 πα-

2226 1452 2636 1523 ραπεμφθῆναι·
2668 1456 2762 1507 καὶ
2785 1456 2846 1507 οὐ
2879 1452 3040 1506 πλέον
3060 1454 3346 1524 τεσσάρων
3368 1457 3636 1526 κερατίων
3662 1458 3796 1529 ὑπὲρ

2223 1544 2567 1611 σπορτούλων
2604 1544 2875 1613 λαμϐάνει
2903 1546 2931 1598 6
2978 1544 3131 1615 παρὰ
3171 1547 3513 1618 πατριάρχου
3542 1548 3574 1618 ἢ
3607 1566 3799 1619 μητρο-

2222 1634 2439 1687 πολίτου
2470 1635 2825 1705 πεμπόμενος
2872 1634 3155 1706 κληρικός·
3197 1636 3230 1706 ἢ
3268 1636 3398 1690 ἔνθα
3445 1640 3473 1690 6
3507 1638 3798 1704 ἐπίσκοπος

2220 1727 2248 1779 6
2286 1726 2555 1797 πεμφθεὶς
2588 1727 2672 1798 εἴη
2698 1767 2713 1793 ,
2744 1728 2805 1781 οὐ
2836 1728 2998 1780 πλέον
3028 1728 3138 1781 τῶν
3176 1729 3236 1793 ἓξ
3266 1729 3374 1785 λιτ.
3402 1731 3489 1799 ἐφ’
3517 1730 3796 1801 οίᾳδήποτε

544 1810 819 1903 dicuntque
848 1847 1012 1886 causa
1035 1840 1090 1884 et
1119 1825 1393 1902 [summae]
1425 1825 1747 1896 quantitate.
1768 1823 1930 1876 Audit
1958 1823 2120 1875 etiam

2224 1816 2439 1887 αἱτίᾳῆ
2493 1818 2774 1888 ποσότητι.
2820 1817 2880 1872 Ὀ
2924 1818 2979 1871 δὲ
3013 1819 3360 1889 πατριάρχης
3404 1822 3670 1890 ἀκροᾶται
3699 1819 3795 1889 τῆς

545 1926 854 1997 patriarcha
886 1921 1301 1993 provocationes
1339 1916 1455 1990 [ab]
1486 1916 1757 1987 episcopis
1791 1924 1881 1968 aut
1915 1922 2123 1967 metro~

548 2016 826 2087 politanis,
844 2016 938 2085 qui
960 2029 1026 2068 ex
1051 2012 1223 2082 ipsius
1250 2007 1859 2077 mandatojudicarnnt,
1881 2002 2121 2078 [factas].

546 2110 652 2177 Qui
679 2124 805 2165 vero
827 2116 1019 2163 contra
1048 2106 1164 2160 haec
1204 2103 1416 2166 fecerit,
1442 2101 1585 2172 quod
1618 2100 1848 2165 amplius
1873 2090 2122 2154 exactum

546 2212 651 2267 est,
678 2199 843 2275 [ejus]
869 2200 1094 2269 duplum
1123 2197 1236 2260 dat,
1255 2194 1413 2268 24],
1441 2196 1665 2264 limoque
1685 2191 1812 2265 [illi]
1837 2206 1867 2245 a
1893 2192 2127 2261 patriar-

546 2298 651 2351 cha
683 2306 777 2348 aut
798 2291 1218 2361 metropolitano
1240 2286 1613 2342 ecclesiastica
1638 2298 1799 2355 poma
1836 2282 2120 2349 inﬂigitur,

546 2395 609 2440 ut
645 2394 798 2440 extra
830 2380 1231 2438 ecclesiaSticos
1267 2375 1544 2446 catalogos
1598 2373 1872 2444 ejiciatur.
1898 2368 2121 2444 [Atque]

546 2478 665 2533 haec
715 2475 961 2547 quidem,
1014 2470 1237 2543 quando
1271 2468 1647 2525 controversia
1690 2465 2122 2521 ecclesiasticum

544 2580 747 2626 statum
784 2568 1090 2624 concernit.
1116 2564 1186 2619 At
1214 2562 1259 2618 si
1283 2561 1463 2616 civilis
1493 2561 1585 2624 sit,
1631 2574 1740 2612 non
1776 2559 1988 2629 cogitur
2033 2570 2125 2610 ac-

543 2675 634 2721 tor
662 2674 757 2718 ant
778 2669 1069 2717 accusator
1098 2659 1213 2712 haec
1231 2653 1547 2711 custodire:
1569 2652 1663 2707 sed
1687 2651 1831 2721 apud
1862 2647 2123 2720 praesides

544 2754 829 2811 movenda:
850 2746 1126 2823 [actionis]
1155 2746 1471 2801 facultatem
1505 2743 1689 2798 habet.
1720 2742 1912 2795 Const.
1939 2748 2121 2794 autem

542 2848 600 2911 4,
628 2845 875 2915 ejusdem
920 2842 1006 2896 tit.
1058 2838 1405 2894 Novellarum
1453 2835 1565 2890 ait:
1604 2832 1661 2887 Si
1693 2832 1816 2903 quis
1858 2830 2122 2885 adversus

541 2937 805 2991 clericum
841 2930 1113 2987 actionem
1140 2925 1518 2998 pecuniariam
1552 2923 1768 2985 habeat,
1803 2922 2121 2991 episcopum

542 3029 647 3083 sub
679 3041 789 3097 quo
813 3023 903 3079 ille
940 3029 1219 3085 censetur,
1252 3015 1614 3085 interpellata.
1656 3012 1704 3067 Is
1742 3028 1851 3066 non
1883 3012 2121 3067 interve-

540 3121 727 3175 niente
766 3119 1038 3185 scriptura
1071 3113 1206 3167 citra
1239 3105 1429 3182 [ullos]
1471 3116 1723 3177 sumptus
1750 3105 2017 3174 judicato.
2056 3104 2123 3158 Et

2223 1909 2521 1978 ἐκκλησίας
2583 1912 2786 1966 τούτων
2817 1910 2875 1977 ἐξ
2917 1909 3223 1981 ἐπιτροπῆς
3270 1910 3436 1964 αὑτοῦ
3467 1911 3799 1964 δικασάντων

2222 1998 2602 2070 ἐπισκόπωνῆ
2641 2000 3077 2071 μητροπολιτῶν·
3130 2002 3160 2055 6
3208 2001 3360 2071 παρὰ
3406 2001 3583 2056 ταῦτα
3614 2002 3797 2064 ποιῶν,

2221 2084 2443 2139 διπλοῦν
2485 2087 2673 2140 δίδωσι
2705 2088 2768 2140 τὸ
2813 2088 3223 2160 ὑπερπραχθέν,
3262 2091 3356 2144 καὶ
3396 2090 3608 2159 γίνεται
3654 2091 3801 2161 παρά

2221 2175 2321 2230 τοῦ
2352 2179 2692 2248 πατριάρχου
2725 2178 2758 2251 ἢ
2806 2179 2900 2232 τοῦ
2937 2181 3333 2252 μητροπολίτου
3370 2182 3475 2234 ὑπὸ
3514 2182 3800 2251 ἐκκλησια-

2225 2269 2409 2321 στικὸν
2434 2269 2729 2340 ἐπιτίμιον,
2762 2271 3161 2343 ἐκϐαλλόμενος
3191 2274 3302 2326 τῶν
3331 2274 3802 2345 ἐκκλησιαστικῶν

2224 2359 2557 2428 καταλόγων·
2593 2360 2769 2416 ταῦτα
2824 2362 2925 2433 μὲν
2972 2363 3102 2416 ἔνθα
3159 2365 3294 2434 πρὸς
3341 2365 3802 2437 ἐκκλησιαστικὴν

2223 2450 2323 2520 ὁρᾷ
2352 2448 2413 2503 τὸ
2461 2452 2697 2521 πρᾶγμα
2730 2453 3101 2507 κατάστασιν·
3154 2456 3203 2507 εί
3234 2456 3291 2508 δὲ
3349 2455 3602 2526 πολιτικὴ
3650 2458 3735 2526 εἴη
3770 2456 3802 2523 ἠ

2224 2541 2639 2614 ἀμφισϐήτησις
2661 2583 2677 2609 ,
2725 2543 2826 2596 οὐκ
2857 2543 3225 2613 ἀναγκάζεται
3252 2548 3280 2601 6
3316 2548 3527 2616 ἐνάγων
3555 2548 3589 2619 ἢ
3617 2548 3645 2601 6
3678 2566 3806 2601 κατ-

2224 2632 2446 2705 ηγορῶν
2490 2634 2665 2687 ταῦτα
2719 2635 3029 2703 φυλάττειν,
3086 2634 3201 2691 ἀλλ’
3255 2636 3438 2692 ἄδειαν
3493 2640 3608 2711 ἔχει
3660 2639 3806 2711 παρά

2223 2727 2339 2789 τοῖς
2373 2724 2605 2797 ἄρχουσι
2634 2730 2826 2780 κινεῖν·
2858 2729 2891 2797 ή
2925 2728 2981 2781 δὲ
3008 2728 3150 2784 διάτ.
3182 2726 3224 2783 δ’
3246 2730 3339 2783 τοῦ
3373 2732 3542 2785 αὐτοῦ
3568 2731 3669 2785 τίτ.
3699 2733 3804 2785 τῶν

2224 2818 2452 2889 Νεαρῶν
2496 2834 2688 2888 φησιν,
2735 2819 2820 2872 ὅτι
2859 2819 2956 2873 ἐάν
3003 2837 3087 2884 τις
3118 2820 3216 2893 ἔχῃ
3263 2821 3421 2893 δίκην
3456 2824 3806 2894 χρηματικήν

2223 2909 2359 2980 πρὸς
2402 2908 2683 2981 κληρικὺν,
2735 2911 3111 2981 ἐντυγχανέτω
3157 2911 3236 2984 τῷ
3282 2914 3571 2985 ἐπισκόπῳ
3618 2914 3706 2984 ὑφ’
3752 2917 3807 2968 ὃν

2221 3001 2367 3055 τελεῖ
2392 3004 2419 3055 6
2458 3003 2807 3073 ἐναγόμενος,
2845 3004 2942 3057 καὶ
2973 3005 3237 3076 ἀγράφως
3266 3006 3506 3077 κρινέτω
3534 3008 3806 3078 ἀζημίως·

2223 3093 2319 3144 καὶ
2349 3093 2396 3144 εί
2433 3091 2715 3161 βούλονται
2744 3092 2814 3146 τά
2852 3093 3016 3164 μέρη,
3054 3094 3267 3162 γίνεται
3298 3096 3479 3167 ψῆφος
3508 3098 3804 3167 ἔγγραφος.

542 3212 592 3267 si
626 3218 810 3281 partes
838 3168 1025 3271 velint,
1060 3168 1329 3261 sentetftia
1366 3168 1429 3255 ir;
1454 3201 1665 3255 litteras
1723 3198 1977 3253 refertur.
2014 3196 2121 3252 Ve-

2224 3183 2284 3233 El
2313 3181 2370 3234 δέ
2398 3182 2541 3235 κατά
2562 3199 2683 3236 τινα
2710 3183 2985 3253 πρόφασιν
3006 3184 3065 3237 οὐ
3093 3184 3527 3257 δύναταιτεμεῖν
3549 3188 3648 3260 τήν
3678 3190 3810 3242 ὑπό-

544 3321 666 3362 rnm
712 3304 759 3359 si
793 3311 1015 3374 propter
1045 3300 1288 3370 aliquam
1318 3313 1544 3353 causam
1579 3296 1871 3367 episcopus
1900 3306 2124 3351 contro-

542 3396 777 3452 versiam
809 3393 1062 3449 decidere
1091 3406 1198 3445 non
1236 3392 1452 3461 possit,
1485 3397 1617 3444 tunc
1650 3389 1881 3445 servatis
1905 3389 2122 3444 clericis

542 3487 709 3563 [suis]
748 3486 1048 3558 privilegiis
1093 3482 1237 3554 apud
1289 3480 1528 3555 [civiles]
1562 3482 1916 3552 magistratus
1951 3480 2017 3535 lis
2047 3482 2125 3535 in-

542 3584 813 3639 stituitur.
853 3579 923 3636 At
970 3580 1016 3635 si
1074 3579 1141 3633 de
1197 3576 1523 3632 criminibus
1571 3584 1870 3645 quaeratur,
1910 3584 1964 3629 et
2013 3575 2122 3630 illis

541 3675 764 3745 quidem
795 3671 1068 3735 civilibus,
1093 3666 1328 3741 [civiles]
1370 3667 1722 3736 magistratus
1772 3674 1827 3721 et
1874 3666 2120 3738 Byzantii

540 3773 596 3819 et
631 3765 684 3816 in
716 3760 1014 3831 provinciis
1043 3759 1329 3829 judicant:
1358 3756 1443 3829 [ut
1482 3756 1685 3829 tamen]
1718 3758 1786 3813 lis
1838 3766 1961 3826 post
1984 3772 2121 3812 con-

544 3855 888 3911 testationem
934 3852 1074 3906 duos
1118 3866 1337 3905 menses
1383 3864 1492 3903 non
1534 3849 1903 3904 transcendat.
1953 3850 2019 3903 Et
2070 3848 2120 3904 si

541 3947 773 4002 clericus
802 3959 965 4015 ptena
1027 3942 1225 4013 dignus
1286 3939 1451 4013 [esse]
1506 3941 1773 4005 videatur,
1822 3939 1977 4009 prius
2023 3954 2121 4010 per

540 4039 857 4109 episcopum
899 4050 1056 4090 sacra
1085 4034 1350 4104 dignitate
1383 4034 1641 4099 nudatur,
1668 4047 1732 4088 ac
1764 4031 1961 4087 deinde
1985 4032 2120 4103 legis

541 4130 800 4185 manibus
840 4127 1152 4197 subjicitur.
1188 4124 1333 4180 Sane
1379 4125 1427 4180 si
1470 4126 1731 4180 delictum
1783 4124 2117 4180 ecclesiasti-

540 4238 665 4277 cum
705 4222 800 4287 sit,
833 4218 1137 4275 secundum
1165 4234 1426 4286 canones,
1457 4233 1597 4288 quos
1643 4218 1788 4289 leges
1822 4219 1989 4273 etiam
2028 4234 2120 4274 se-

539 4326 809 4385 quuntur,
837 4312 1404 4384 episcopusjudicato,
1429 4329 1528 4368 nec
1552 4315 1848 4384 cognitioni
1877 4312 2115 4388 [civiles]

540 4407 891 4477 magistratus
921 4402 1029 4477 [se]
1057 4404 1422 4459 immiscento.
1447 4404 1515 4458 Et
1539 4412 1717 4459 const.
1751 4404 1839 4467 15,
1868 4402 2113 4473 ejusdem

542 4502 626 4553 tit.
656 4498 759 4565 Qui
795 4496 1015 4569 (inquit)
1043 4497 1305 4551 adversus
1354 4497 1685 4552 monachum
1731 4499 1990 4570 aliquem,
2021 4507 2116 4553 aut
2148 4522 2191 4576 υ

539 4599 918 4645 consecratam
966 4590 1254 4659 virginem,
1312 4599 1407 4643 aut
1460 4590 1747 4646 mulierem
1781 4594 2119 4650 monasterio

540 4683 931 4749 mancipatam,
969 4678 1290 4752 [actionem]
1353 4680 1552 4737 habet:
1606 4683 1851 4752 ipsorum
1906 4684 2113 4753 episco-

541 4788 670 4845 pum
703 4772 966 4827 accedito.
988 4773 1039 4827 ls
1065 4787 1193 4827 vero
1229 4774 1381 4827 illum
1409 4786 1505 4829 aut
1526 4776 1671 4829 illam
1707 4792 1804 4846 per
1830 4778 2115 4849 praesules,

540 4864 948 4936 apocrisiarius,
1008 4865 1213 4921 aliosve
1268 4864 1564 4939 [homines]
1626 4868 1828 4938 probos
1892 4869 2119 4925 honeste

542 4956 848 5028 perducito,
882 4955 1154 5029 [causam]
1198 4974 1306 5028 que
1339 4960 1706 5015 considerato.
1748 4959 1853 5028 Qui
1891 4960 2115 5033 [civilis]

541 5047 895 5117 magistratus
920 5046 1073 5119 [huic
1103 5046 1206 5116 rei]
1230 5064 1287 5103 se
1329 5050 1635 5105 immiscere
1672 5052 1979 5116 tentaverit,
2009 5066 2116 5106 non

468 5202 483 5213 ,
539 5140 864 5205 admittitur,
895 5152 950 5195 et
979 5158 1085 5196 una
1114 5158 1237 5197 cum
1298 5146 1523 5200 cohorte
1578 5160 1678 5200 sua
1723 5147 1908 5202 decem
1960 5147 2116 5203 libris

540 5230 707 5305 [auri]
745 5234 877 5287 fisco
906 5231 1253 5307 [inferendis]
1287 5239 1568 5292 multatur.
1593 5237 1958 5296 Exsecutores
1985 5256 2116 5297 vero

539 5326 591 5378 in
624 5326 895 5380 cancellos
930 5328 1303 5393 includuntur,
1332 5338 1387 5382 et
1414 5344 1512 5399 pro
1540 5332 1736 5386 merito
1762 5331 1923 5404 242
1950 5334 2115 5388 casti~

535 5426 753 5486 gantur,
796 5426 959 5486 atque
994 5433 1089 5486 per
1130 5420 1414 5489 episcopos
1441 5422 1524 5491 .de
1565 5424 1779 5494 reliquo
1821 5439 2112 5483 exsecuto-

537 5522 655 5560 rum
684 5506 862 5561 oilicio
890 5508 1040 5578 fungi
1070 5511 1443 5578 prohibentur.
1516 5560 1529 5571 .

607 5595 766 5652 Scias
812 5613 959 5661 vero,
1004 5600 1150 5669 quod
1179 5609 1358 5655 const.
1405 5604 1462 5669 2,
1495 5604 1738 5675 ejusdem
1780 5612 1863 5666 tit.
1902 5612 1954 5680 1,
1986 5630 2112 5685 qua:

538 5686 732 5742 harum
768 5691 1015 5744 omnium
1052 5692 1387 5747 validissima
1420 5706 1525 5763 est,
1553 5708 1739 5768 utpote
1769 5720 1891 5773 quae
1922 5719 2112 5776 poste-

538 5775 655 5833 rius
682 5786 806 5833 nata
835 5778 928 5846 sit,
958 5779 1105 5836 dicat
1132 5796 1150 5838 :
1182 5779 1240 5836 Si
1271 5784 1395 5854 quis
1428 5788 1744 5859 episcopum
1788 5804 1883 5851 aut
1914 5775 2110 5855 cieri--

2222 3270 2369 3323 οεσιν
2394 3272 2422 3323 6
2454 3271 2775 3337 ἐπίσκοπος,
2822 3274 2943 3327 τότε
2980 3275 3132 3345 παρά
3179 3278 3292 3338 τοῖς
3325 3277 3590 3347 ἄρχουσιν
3622 3282 3655 3346 ἡ
3688 3279 3808 3349 δίκη

2220 3360 2461 3431 λέγεται,
2522 3363 2948 3435 φυλαττομένων
2991 3368 3101 3430 τοῖς
3156 3367 3441 3438 κληρικοῖς
3465 3371 3578 3423 τῶν
3624 3388 3813 3441 προνο-

2223 3460 2383 3526 μίων.
2413 3457 2475 3510 El
2507 3457 2565 3510 δὲ
2595 3458 2724 3527 περί⁵
2749 3459 3116 3528 ἐγκλημάτων
3156 3462 3421 3531 ζητεῖται,
3450 3465 3499 3515 εί
3529 3463 3631 3533 μὲν
3662 3463 3810 3517 πολιν

2218 3544 2408 3609 τικῶν,
2442 3545 2492 3598 οἱ
2521 3546 2782 3617 ἄρχοντες
2823 3547 3135 3612 δικάζουσιν
3167 3550 3225 3602 ἐν
3269 3550 3347 3620 τῷ
3400 3550 3689 3624 Βυζαντίῳ
3718 3553 3812 3605 καὶ

2219 3639 2338 3700 ταῖς
2382 3637 2711 3707 ἐπαρχίαις,
2756 3638 2853 3709 τῆς
2900 3639 3055 3710 δίκης
3105 3640 3245 3710 μετά
3299 3641 3681 3714 προκάταρξιν
3734 3643 3809 3713 μὴ
3884 3670 3893 3680 ·

2220 3726 2655 3799 ὐπερϐαινούσης
2699 3729 2794 3782 δύο
2843 3730 3052 3800 μῆνας·
3108 3734 3203 3784 καὶ
3254 3733 3349 3785 ἐὰν
3402 3738 3550 3806 φανῇ
3616 3736 3809 3805 ποινῆς

2219 3820 2367 3884 ἄξιος
2396 3819 2425 3872 6
2468 3819 2729 3891 κληρικὸς
2756 3860 2773 3887 ,
2807 3822 3075 3894 πρότερον
3107 3822 3433 3893 γυμνούσθω
3454 3824 3546 3880 διὰ
3570 3826 3669 3879 τοῦ
3698 3827 3815 3878 ἐπι-

2221 3912 2426 3964 σκόπου
2476 3890 2578 3980 τῆς
2639 3890 2921 3983 ἱερατικῆς
2969 3890 3145 3979 ἀξίας,
3186 3890 3281 3967 καὶ
3322 3914 3498 3978 οὕτως
3555 3917 3667 3970 ὑπὸ
3715 3917 3813 3981 τὰς

2218 4003 2407 4072 χεῖρας
2446 4000 2684 4069 γινέσθω
2712 4000 2805 4055 τοῦ
2850 4003 3039 4072 νόμου·
3071 4004 3121 4057 εί
3166 4003 3222 4057 δέ
3255 4005 3316 4057 τὸ
3348 4006 3667 4079 ἁμάρτημα
3720 4011 3812 4061 ἐκ-

2218 4091 2604 4160 κλησιαστικόν
2637 4092 2806 4154 ἐστιν,
2837 4094 2866 4146 6
2899 4092 3194 4158 ἐπίσκοπος
3237 4098 3470 4165 κρινέτω
3502 4099 3646 4152 κατά
3688 4099 3813 4162 τοὺς

2218 4182 2447 4244 κανόνας
2473 4225 2489 4250 ,
2520 4177 2716 4237 οἷστισι
2744 4185 2839 4238 καὶ
2883 4185 2932 4238 οἱ
2977 4186 3129 4255 νόμοι
3159 4186 3406 4245 ἕπονται.
3438 4190 3550 4243 Καὶ
3586 4191 3666 4261 μὴ
3697 4194 3815 4244 ἐπι-

2219 4274 2648 4328 κοινωνείτωσαν
2672 4276 2721 4328 οἱ
2744 4276 3000 4347 ἄρχοντες
3028 4281 3094 4351 τῇ
3121 4278 3370 4351 ζητήσει·
3400 4283 3497 4337 καὶ
3523 4286 3557 4355 ἡ
3588 4291 3650 4337 ιε’
3672 4286 3815 4342 διάτ.

2216 4360 2312 4414 τοῦ
2360 4363 2527 4417 αὐτοῦ
2561 4362 2681 4427 Δτίτ.
2711 4366 2899 4436 φησὶν,
2939 4367 3024 4421 ὅτι
3072 4371 3101 4421 6
3154 4370 3294 4441 έχων
3347 4372 3483 4443 πρός
3538 4391 3665 4428 τινα
3706 4376 3815 4428 τῶν

2217 4452 2549 4525 ἀσκητῶν,ἥ
2586 4454 2870 4527 παρθένων
2891 4458 3226 4529 ἱερωμένων,
3257 4462 3289 4523 ἢ
3321 4466 3604 4531 γυναικῶν
3630 4468 3812 4521 οὐσῶν

2223 4546 2280 4596 ἐν
2312 4545 2717 4616 μοναστηρίοις,
2747 4546 2824 4619 τῷ
2842 4548 3124 4621 ἐπισκόπῳ
3155 4552 3337 4605 αὐτῶν
3366 4557 3637 4625 προσίτω.
3668 4557 3730 4612 '0
3759 4559 3815 4612 δέ

2224 4634 2361 4703 μετά
2397 4638 2726 4709 σεμνότητος
2770 4640 2933 4693 αὑτὸν
2984 4642 3017 4712 ἢ
3070 4643 3239 4714 αὐτὴν
3276 4646 3536 4714 ἀγαγέτω
3581 4651 3673 4704 διὰ
3706 4651 3813 4705 τῶν

2220 4728 2559 4798 ἡγουμένων,
2609 4730 2642 4801 ἢ
2673 4731 2781 4784 τῶν
2824 4734 3287 4806 ἀποκρισιαρίων,
3323 4737 3355 4809 ἢ
3391 4741 3604 4810 ἐτέρων
3639 4745 3815 4796 ἐπιει-

2217 4819 2352 4883 κῶς,
2383 4821 2478 4871 καὶ
2505 4819 2798 4875 σκοπείτω·
2835 4821 3022 4893 ἄρχων
3050 4825 3107 4878 δέ
3137 4826 3478 4898 πειρώμενος
3513 4834 3812 4904 παρεμϐα-

2218 4911 2328 4964 λεῖν
2357 4912 2572 4979 ἐαυτὸν,
2615 4914 2918 4985 διαδέχεται
2961 4917 3055 4970 καὶ
3099 4917 3393 4989 ζημιοῦται
3435 4921 3513 4993 τῷ
3560 4926 3746 4995 φίσκῳ
3782 4930 3813 4977 ι’

2217 5003 2428 5075 λίτρας,
2449 5005 2567 5074 ἆμα
2582 5007 2645 5076 τῇ
2663 5007 2828 5059 αὑτοῦ
2851 5007 3020 5071 τάξει·
3040 5009 3089 5062 οἱ
3111 5010 3170 5063 δὲ
3194 5011 3518 5066 ἐκϐιϐασταὶ
3535 5014 3813 5084 ἐγκλείον-

2217 5113 2307 5148 ται
2358 5097 2440 5159 είς
2476 5096 2536 5148 τὸ
2590 5096 2913 5165 κάγκελλον,
2963 5102 3058 5153 καὶ
3100 5103 3485 5173 προσηκόντως
3533 5107 3810 5177 σωφρονί-

2218 5188 2422 5256 ζονται,
2457 5193 2551 5246 καὶ
2572 5192 2662 5247 διὰ
2683 5193 2792 5248 τῶν
2819 5195 3137 5251 ἐπισκόπων
3161 5199 3463 5256 κωλύονται
3488 5203 3585 5256 τοῦ
3615 5203 3809 5259 λοιποῦ

2218 5282 2554 5346 ἐκϐιϐάζειν.

2284 5624 2523 5681 Γίνωσκε
2557 5628 2614 5683 δέ
2634 5670 2650 5697 ,
2682 5631 2764 5686 ὅτι
2804 5634 2839 5704 ἡ
2873 5633 2920 5704 β’
2946 5633 3087 5691 διάτ.
3135 5635 3232 5691 τοῦ
3263 5638 3426 5693 αὐτοῦ
3457 5647 3505 5693 α’
3532 5645 3644 5699 τίτ.
3679 5641 3807 5696 τού-

2211 5734 2319 5770 των
2351 5720 2539 5775 πασῶν
2571 5724 2891 5794 ίσχυροτέρα
2922 5726 3078 5793 οὖσα,
3104 5728 3180 5793 ὡς
3210 5731 3303 5784 καὶ
3333 5735 3800 5805 μεταγενεστέρα,

2212 5807 2477 5880 φησὶν,ὄτι
2502 5813 2628 5869 Ἐάν
2652 5832 2736 5881 τις
2765 5817 2859 5872 τοῦ
2894 5818 3180 5889 μέλλοντος
3212 5825 3639 5894 χειροτονεῖσθαι
3671 5828 3802 5879 ἐπι-
