4122 6430
266 299 376 362 ’713

1093 292 1492 352 ΞΥΝΤΜἸΜΑ
1540 290 1932 350 (IIl-NONUM.
1999 317 2067 325 -
2115 293 2261 353 Tl'l‘.
2318 294 2422 366 IX,
2477 294 2633 354 CAP.
2670 295 2721 355 Ι.

3435 299 3538 365 714

269 410 470 464 σκὸπου
508 406 541 477 ἢ
574 404 839 478 κληρικοῦ
873 406 1225 476 κατηγορήσῃ
1271 405 1360 456 ἐπῖ
1390 402 1542 474 αἰτία
1567 402 1848 474 δυναμένῃ
1877 448 1884 462 Α

1973 419 2074 458 :un:
2108 405 2200 473 qui
2229 405 2569 461 ordinandus
2603 414 2710 469 est,
2753 406 2820 463 de
2849 421 3016 464 causa
3051 409 3384 485 [quapiam],
3411 430 3533 486 quae

267 499 408 555 κατά
436 500 563 562 τοὺς
601 498 800 568 νόμους
832 497 864 568 ἦ
895 498 1022 560 τοὺς
1051 497 1283 559 κανόνας
1315 495 1606 565 ἐμποδίσαι
1642 497 1706 564 τῇ
1741 511 1852 564 χει’

269 591 514 663 ροτονίᾳ,
552 588 835 660 ἐπεχέσθω
868 588 1037 658 αῦτη,
1073 589 1168 640 καὶ
1215 589 1242 640 6
1283 587 1493 654 μέλλων
1523 588 1852 656 χειροτονεῖν

266 681 566 748 ἐξεταζέτω
598 681 697 750 τὴν
731 681 932 741 αἰτίαν,
983 680 1251 750 παρόντος
1280 678 1373 731 καὶ
1407 678 1713 742 ἐπεξιόντος
1758 676 1853 730 τοῦ

267 776 594 844 κατηγόρου,
631 773 664 843 ἦ
696 772 1138 842 ἀναϐαλλομένου
1189 770 1282 824 ἐπὶ
1315 773 1464 841 τρεῖς
1507 771 1684 841 μῆνας
1713 770 1854 840 πλη-

269 867 443 930 ρῶεαι
472 865 570 937 τὴν
610 865 970 935 κατηγορίαν·
1022 864 1117 916 καὶ
1151 864 1198 915 εἰ
1233 862 1330 932 μὲν
1366 861 1658 926 ἀνεύθυνος
1688 864 1852 931 φανῇ,

267 957 700 1031 χειροτονείσθω·
743 959 792 1010 εί
830 957 885 1009 δὲ
925 955 1259 1020 ὑπεύθυνος,
1294 954 1689 1025 ἐμποδιζέσθω·
1739 955 1768 1006 6
1801 953 1856 1007 δὲ

265 1052 575 1121 κατήγορος
620 1049 694 1120 μὴ
742 1048 1031 1113 ἀποδείξας
1084 1047 1117 1116 ἢ
1158 1044 1478 1114 ἀποφυγὼν,
1531 1044 1855 1098 ἐκϐάλλεται

264 1147 362 1216 τῆς
392 1145 659 1214 ἐπαρχίας
688 1142 744 1192 ἐν
841 1142 998 1192 οἰκεῖ·
1026 1141 1125 1208 τῆς
1152 1139 1208 1191 δέ
1237 1137 1570 1208 χειροτονίας
1595 1137 1702 1208 πρὸ
1762 1137 1856 1202 ἐξ·-

267 1236 508 1297 ετὰσεως
543 1233 834 1302 γινομένης
859 1273 873 1293 ,
909 1232 937 1283 6
974 1231 1073 1300 μέν
1095 1229 1496 1299 χειροτονηθεὶς
1539 1227 1852 1294 ἐξωθεῖται·

265 1330 294 1380 6
322 1325 380 1378 δὲ
408 1323 817 1395 χειροτονήσας,
850 1323 946 1375 ἐπὶ
979 1319 1224 1374 ἐνιαυτὸν
1248 1319 1349 1388 τῆς
1373 1317 1718 1388 λειτουργίας
1750 1335 1857 1387 χω-

269 1417 519 1490 ρίζεται,
565 1415 660 1468 καὶ
702 1415 852 1466 πᾶσα
901 1414 935 1483 ή
983 1410 1139 1464 οὐσία
1188 1411 1352 1464 αὐτοῦ
1405 1413 1470 1481 τῇ
1523 1411 1644 1464 κατ’
1694 1411 1858 1464 αὑτὸν

280 1509 583 1579 Ἐκκλησία
624 1505 1052 1577 προσκυροῦται·
1094 1503 1164 1557 τά
1207 1502 1346 1557 αὑτὰ
1394 1515 1526 1572 φησι
1575 1503 1668 1556 καὶ
1705 1503 1738 1572 ἡ
1791 1499 1856 1566 ιζ’

267 1603 409 1657 διάτ.
436 1601 532 1654 τοῦ
564 1598 730 1654 αὑτοῦ
770 1599 876 1652 τίτ.
920 1598 982 1650 οὐ
1028 1597 1188 1667 μόνον
1233 1596 1326 1649 ἐπὶ
1362 1595 1703 1666 χειροτονίας
1734 1597 1855 1647 ἐπιο

268 1696 490 1750 σκὸπων
514 1695 608 1748 καὶ
637 1691 936 1764 κληρικῶν,
963 1689 1101 1743 ἁλλά
1125 1690 1218 1742 καὶ
1242 1688 1584 1759 ἡγουμένων·
1610 1688 1860 1742 διαλλάτ-

1962 498 2267 553 secundum
2307 499 2453 569 leges
2486 508 2582 554 aut
2620 515 2861 556 canones
2911 501 3314 560 ordinationem
3365 508 3538 578 impe-

1957 589 2075 644 dire
2111 591 2306 659 possit,
2341 600 2584 656 accuset,
2637 592 2752 661 ipsa
2804 593 3157 663 suspenditor
3187 615 3200 650 :
3235 607 3290 650 et
3316 598 3408 668 qui
3446 616 3539 652 or-

1955 681 2245 738 dinaturus
2300 691 2420 736 erat
2467 692 2740 752 praesente
2783 695 3104 740 accusatore
3155 702 3220 742 ac
3268 688 3536 758 judicium

1956 782 2207 844 urgente,
2261 783 2357 829 aut
2396 775 2462 829 ad
2498 783 2608 830 tres
2660 791 2879 832 menses
2919 781 3322 834 accusationem
3365 783 3542 836 adim-

1963 866 2115 934 plere
2146 865 2449 930 diﬂ‘erente,
2475 881 2698 922 causam
2723 870 3038 924 examinato
3071 889 3084 924 :
3117 870 3216 944 [et]
3250 873 3294 926 si
3320 873 3540 943 quidem

1962 957 2099 1030 [ille]
2139 959 2327 1013 insons
2366 960 2702 1028 apparuerit,
2753 961 3079 1016 ordinator:
3115 963 3161 1018 si
3208 980 3340 1018 vero
3389 981 3541 1030 sons,

1957 1045 2266 1114 impeditor.
2319 1049 2620 1103 Accusator
2677 1059 2855 1104 autem
2905 1051 2997 1120 qui
3054 1050 3540 1126 [criminationem]

1959 1154 2066 1192 non
2095 1140 2407 1206 probaverit
2454 1149 2550 1194 aut
2597 1141 2922 1208 deseruerit,
2984 1143 3202 1212 ejicitur
3258 1149 3542 1214 provincia

1959 1229 2012 1282 in
2047 1243 2153 1298 qua
2178 1230 2411 1284 habitat.
2447 1231 2603 1297 Quod
2641 1233 2686 1286 si
2711 1233 2990 1288 ordinatio
3020 1246 3146 1290 ante
3178 1238 3541 1292 examinatio-

1959 1336 2083 1375 nem
2113 1323 2222 1382 liat.
2252 1323 2536 1379 ordinatus
2563 1322 2923 1398 [sacerdotio]
2945 1329 3266 1398 expellitur:
3293 1331 3384 1400 qui
3417 1347 3545 1386 vero

1961 1412 2256 1475 ordinavit,
2295 1412 2360 1465 ad
2395 1428 2602 1467 annum
2639 1429 2668 1467 a
2709 1413 3019 1470 ministerio
3061 1428 3298 1482 arcetur,
3335 1422 3546 1474 omnis-

1961 1517 2072 1571 que
2139 1503 2259 1572 ejus
2315 1503 2625 1559 substantia
2687 1505 2866 1576 ipsius
2921 1509 3164 1564 ecclesia:
3220 1512 3544 1580 applicatur.

1961 1594 2164 1648 Eadem
2221 1611 2445 1665 quoque
2497 1597 2632 1651 dicit
2687 1608 2871 1656 const.
2924 1600 2990 1653 l7
3045 1602 3291 1671 ejusdem
3336 1605 3416 1657 tit.
3474 1602 3550 1675 [et

1964 1685 2212 1758 quidem]
2251 1703 2357 1741 non
2390 1689 2569 1743 solum
2608 1690 2675 1745 de
2705 1691 3311 1764 ordinationeepiscopi
3349 1706 3401 1750 et
3439 1700 3549 1751 cle-

266 1806 346 1842 τει
379 1787 438 1841 δὲ
477 1755 855 1854 λέγουσα,“ὃτι,
895 1755 952 1834 Ὅ
977 1755 1396 1850 κατήγοροςνμη
1417 1777 1707 1842 ἀποδείξας
1742 1777 1856 1832 ἀλλ’

1973 1778 2086 1844 rici,
2117 1793 2308 1834 verum
2355 1781 2519 1834 etiam
2562 1782 2813 1850 praesulis
2845 1787 3184 1841 monasterii.
3223 1787 3410 1842 Variat
3456 1806 3548 1840 au-

267 1879 534 1943 ἀποστάς,
557 1880 605 1930 εί
631 1877 726 1946 μὲν
745 1873 1006 1946 κληρικός
1030 1873 1200 1932 ἐστιν,
1224 1869 1506 1934 ἐξωθεῖται
1527 1868 1622 1921 τοῦ
1647 1869 1858 1938 βαθμοῦ

267 1969 458 2025 αὑτοῦ·
481 1970 529 2022 εί
555 1967 613 2020 δέ
641 1965 849 2030 λαῖκὸς,
886 1963 1305 2034 σωφρονίζεται·
1341 1962 1435 2015 καὶ
1463 1963 1546 2016 ὅτι
1567 1961 1860 2032 γινομένης

267 2062 366 2133 τῆς
389 2063 738 2131 χειροτονίας
775 2055 882 2124 πρὸ
903 2053 1206 2125 ζητήσεως,
1226 2055 1254 2106 6
1282 2053 1669 2123 χειροτονήσας
1698 2052 1793 2105 καὶ
1832 2055 1861 2105 6

268 2149 668 2225 χειροτονηθεὶς
692 2149 790 2219 τῆς
825 2146 1124 2216 ἱερωσύνης
1157 2143 1507 2209 ἐξωθοῦνται.
1529 2143 1594 2196 Ἡ
1620 2142 1677 2194 δέ
1720 2143 1858 2211 αὐτὴ

268 2244 408 2299 διάτ.
432 2240 528 2296 τοῦ
563 2241 608 2295 α’
637 2241 744 2293 τίτ.
765 2236 874 2289 τῶν
895 2236 1124 2305 Νεαρῶν
1140 2251 1324 2306 φησιν,
1345 2235 1448 2298 δτι,
1466 2234 1524 2287 '0
1545 2233 1683 2304 ἔχων
1704 2233 1861 2303 δίκην

272 2337 410 2408 πρὸς
449 2331 728 2405 κληρικὸν,
759 2331 794 2403 ἦ
842 2329 1213 2390 διακόνισσαν,
1259 2326 1292 2397 ἢ
1329 2327 1585 2396 μοναχὸν,
1617 2326 1650 2397 ἢ
1697 2325 1861 2396 μονά-

274 2442 485 2498 στριαν,
527 2423 560 2494 ἢ
595 2423 920 2494 ἀσκὴτριαν,
954 2418 1033 2490 τῷ
1067 2417 1352 2487 ἐπισκόπῳ
1388 2415 1553 2470 αὐτοῦ
1593 2415 1857 2487 προσίτω,

274 2520 525 2578 κάκεῖνος
553 2513 810 2587 κρινέτω·
844 2514 940 2565 καὶ
977 2511 1074 2565 ἐὰν
1099 2508 1422 2581 ἐφησυχάσῃ
1459 2509 1625 2580 μέρος
1665 2509 1859 2561 ἐκάτε-

278 2629 387 2682 ρον,
421 2612 452 2664 6
484 2607 818 2679 ἐκϐιϐασμὸς
849 2604 939 2659 διὰ
988 2603 1081 2659 τοῦ
1115 2603 1376 2675 ἄρχοντος
1411 2602 1667 2670 γινέσθω.
1711 2603 1774 2655 Et
1803 2602 1861 2655 δέ

274 2723 358 2768 τις
385 2702 494 2756 τῶν
522 2699 892 2769 δικαζομένων
930 2696 1062 2750 εἴσω
1085 2693 1217 2748 δέκα
1252 2692 1480 2765 ἡμερῶν
1515 2693 1761 2747 ἀντείποι
1786 2733 1800 2756 ,
1833 2694 1862 2745 6

276 2795 381 2849 τῶν
409 2794 590 2847 τόπων
619 2790 804 2863 ἄρχων
831 2787 1132 2853 ἐξεταζέτω
1163 2785 1225 2840 τὸ
1274 2787 1539 2858 πρᾶγμα,
1573 2784 1667 2838 καὶ
1707 2784 1740 2855 ἢ
1774 2784 1863 2854 βε-

281 2886 511 2941 δαιούτω
538 2886 636 2955 τὴν
667 2883 846 2954 ψῆφον
885 2881 980 2934 καὶ
1025 2876 1397 2943 ἐκόιόαζέτω,
1443 2878 1520 2949 μὴ
1559 2877 1862 2948 δυναμένου

279 2979 371 3032 τοῦ
413 2975 666 3043 δεύτερον
711 2971 802 3026 ἐπὶ
843 2970 1019 3042 τούτῳ
1063 2969 1421 3042 ἡττηθέντος,
1474 2968 1861 3042 ἐκκαλεῖσθαι·

282 3070 537 3130 ἐναντίως
564 3067 624 3121 δὲ
644 3065 722 3136 τῷ
748 3065 1035 3135 ἐπισκόπῳ
1061 3061 1156 3115 τοῦ
1180 3061 1443 3133 ἄρχοντος
1464 3059 1862 3130 ψηφιζομένου,

284 3167 315 3231 ἡ
345 3163 437 3218 τοῦ
466 3162 727 3234 ἄρχοντος
756 3156 938 3228 ψῆφος
969 3154 1254 3208 ὑπόκειται
1300 3151 1573 3222 ἐκκλήτῳ,
1605 3151 1698 3204 καὶ
1727 3151 1866 3204 κατά

286 3250 374 3303 τὸν
403 3248 561 3318 νόμον
610 3245 940 3315 ἀναφέρεται
987 3242 1083 3295 καὶ
1127 3240 1465 3308 ἐξετάζεται·
1515 3239 1611 3293 ἐὰν
1655 3239 1712 3292 δὲ
1759 3240 1868 3293 ἀπὸ

289 3339 586 3402 κελεύσεως
651 3336 686 3407 ἦ
737 3333 1089 3406 προστάξεως
1139 3331 1336 3402 δικάσῃ
1383 3334 1412 3386 6
1463 3333 1798 3398 ἐπίσκοπος,
1831 3335 1866 3404 ἡ

295 3433 550 3502 ἐκκλητος
581 3429 676 3500 τὴν
705 3428 887 3498 ψῆφον
924 3422 1090 3480 αὑτοῦ
1142 3423 1236 3476 ἐπὶ
1268 3424 1360 3477 τὸν
1410 3425 1868 3496 παραπέμψαντα

293 3525 391 3594 τὴν
420 3523 668 3577 ὑπόθεσιν
693 3520 977 3589 ἀναφέρει.

1968 1879 2074 1924 tem
2104 1871 2314 1938 dicens,
2347 1873 2493 1942 quod
2521 1883 2810 1929 accusator
2854 1875 2948 1944 qui
2981 1875 3236 1948 [crimen]
3271 1893 3378 1932 non
3409 1893 3542 1949 pro-

1967 1961 2196 2028 baverit,
2231 1963 2328 2018 sed
2369 1965 2660 2030 destiterit,
2712 1967 2759 2021 si
2811 1967 3043 2022 clericus
3078 1968 3170 2032 sit,
3225 1984 3327 2022 suo
3377 1969 3549 2040 gradu

1964 2052 2266 2121 depellatur
2306 2055 2394 2108 :si
2427 2055 2623 2122 laicus,
2654 2057 2974 2126 castigetur.
3007 2057 3072 2112 Et
3107 2060 3276 2129 quod,
3312 2061 3356 2114 si
3403 2062 3554 2116 ordi-

1967 2145 2116 2197 natio
2171 2153 2298 2200 ante
2337 2146 2748 2216 inquisitionem
2787 2148 2900 2217 ﬁat,
2949 2158 3062 2204 tam
3119 2153 3213 2222 qui
3253 2154 3550 2218 ordinavit,

1967 2253 2132 2305 quam
2190 2239 2282 2307 qui
2338 2241 2626 2298 ordinatus
2685 2254 2813 2313 est,
2867 2247 3174 2302 sacerdotio
3225 2247 3552 2317 depellatur.

1968 2325 2171 2380 Eadem
2206 2336 2385 2383 coast.
2436 2330 2511 2395 Ξ,
2565 2333 2648 2386 tit.
2711 2335 2734 2386 1
2785 2334 3137 2390 Novellarum
3193 2337 3328 2391 dicit
3375 2354 3386 2389 :
3450 2335 3556 2402 Qui

1965 2425 2154 2472 contra
2198 2419 2484 2486 clericum,
2523 2423 2606 2476 vel
2649 2423 3041 2491 diaconissam,
3075 2427 3161 2482 vel
3197 2427 3553 2492 monachum,

1964 2509 2052 2563 vel
2100 2513 2482 2577 monastriam,
2531 2516 2615 2570 vel
2672 2519 2985 2582 aseetriam,
3057 2519 3328 2574 actionem
3371 2519 3554 2585 habet,

1968 2601 2186 2657 illorum
2218 2605 2534 2674 episcopum
2574 2607 2722 2661 adito
2759 2627 2772 2662 :
2808 2619 2972 2680 atque
3017 2609 3064 2665 is
3092 2609 3338 2680 judicato
3368 2627 3385 2667 :
3416 2621 3470 2666 et
3509 2615 3554 2666 si

1967 2702 2198 2764 utraque
2234 2711 2362 2765 pars
2411 2697 2768 2766 acquieverit,
2801 2702 3083 2755 exsecutio
3121 2717 3217 2771 per
3266 2702 3556 2771 magistra-

1967 2791 2082 2838 tum
2125 2785 2421 2854 peragitOr.
2469 2786 2627 2853 Quod
2663 2789 2709 2844 si
2741 2791 2866 2860 quis
2915 2791 3249 2860 litigatorum
3287 2794 3426 2847 intra
3461 2792 3554 2848 de-

1969 2887 2084 2927 cem
2113 2876 2230 2931 dies
2259 2875 2568 2950 [judicatis]
2595 2882 2954 2947 contradicat,
2997 2883 3241 2938 locorum
3274 2885 3560 2954 magistra-

1970 2977 2058 3021 tus
2099 2971 2382 3038 negotium
2429 2974 2745 3029 examinato
2796 2993 2808 3027 :
2867 2983 2922 3030 et
2970 2974 3040 3046 [si
3084 2987 3230 3031 recte
3255 2977 3558 3046 judicatum

1971 3076 2097 3116 esse
2120 3061 2320 3134 videat]
2349 3103 2363 3129 ,
2397 3067 2722 3120 sententiam
2749 3068 3074 3122 conﬁrmato
3103 3078 3157 3123 et
3187 3069 3506 3139 exsequitor
3541 3086 3556 3122 :
3642 3108 3650 3114 .

1972 3153 2133 3226 243
2165 3170 2340 3225 neque
2369 3156 2463 3226 qui
2495 3157 2693 3213 iterum
2731 3159 2787 3213 in
2838 3159 2945 3215 hoc
2976 3160 3154 3215 victus
3200 3159 3387 3225 fuerit,
3421 3159 3559 3232 [am-

1970 3246 2138 3319 plius]
2171 3250 2502 3317 provocandi
2550 3261 2877 3322 potestatem
2913 3252 3134 3308 habeto.
3189 3251 3245 3307 Si
3276 3269 3408 3309 vero
3444 3269 3565 3307 ma-

1971 3340 2234 3409 gistratus
2266 3343 2547 3398 contrario
2577 3344 2761 3412 modo,
2798 3353 2964 3415 atque
2998 3346 3312 3416 episcopus,
3334 3347 3562 3416 judicet.

1971 3432 2328 3502 magistratus
2373 3437 2643 3490 sententia
2691 3437 3070 3507 provocationi
3117 3440 3354 3494 obnoxia
3387 3447 3551 3493 esto.

1972 3532 2136 3592 atque
2191 3528 2496 3583 secundum
2545 3530 2719 3601 legem
2765 3530 3034 3594 refertor,
3093 3541 3148 3587 ct
3199 3534 3562 3595 examinator,

291 3617 453 3672 Plane
479 3616 524 3672 si
553 3631 617 3670 ex
642 3614 893 3686 jussione
919 3618 1013 3666 aut
1039 3606 1297 3666 mandato
1319 3608 1612 3681 episcopus
1669 3610 1897 3682 judicet.
1940 3620 2256 3684 provocatio
2328 3623 2655 3677 sententiam
2688 3624 2808 3694 ejus
2843 3623 2909 3678 ad
2955 3639 3080 3679 eum
3111 3625 3205 3695 qui
3249 3635 3569 3680 controver-

290 3711 421 3768 siam
457 3708 746 3779 delegavit,
787 3704 1007 3760 referto.

370 3803 493 3857 Ἐὰν
518 3803 772 3871 ἔγκλημα
799 3799 1014 3869 κινῆται
1047 3797 1189 3852 κατά
1222 3815 1366 3862 τινος
1396 3798 1506 3850 τῶν
1536 3799 1869 3869 εἰρημένων,

290 3897 336 3949 εί
367 3895 464 3965 μέν
511 3892 662 3962 παρὰ
701 3889 986 3959 ἐπισκόπῳ
1012 3889 1106 3942 καὶ
1149 3887 1300 3960 εὖροι
1330 3887 1428 3960 τὴν
1461 3889 1743 3959 ἀλήθειαν,
1781 3891 1875 3943 ἐκ-

287 3992 530 4045 ϐαλλέτω
557 3989 722 4045 αὑτὸν
745 3987 839 4041 τοῦ
865 3985 1097 4058 βαθμοῦ·
1130 3987 1224 4040 καὶ
1245 3986 1552 4056 τηνικαῦτα
1575 3989 1605 4041 6
1634 3990 1876 4059 πρόσφο-

291 4102 378 4153 ρος
411 4083 670 4151 δικαστὴς
694 4079 854 4134 αὐτὸν
884 4078 1179 4148 συνεχέτω,
1204 4078 1297 4131 καὶ
1325 4077 1422 4149 τὴν
1441 4077 1599 4148 δίκην
1628 4080 1877 4149 νομίμως

288 4175 578 4241 ἐξετάζων,
610 4170 900 4225 ἐπιτιθέτω
922 4171 1059 4241 αὐτῇ
1090 4168 1284 4240 πέρας·
1316 4169 1446 4223 εἰδὲ
1476 4168 1692 4236 πρῶτον
1723 4172 1876 4242 παρά

287 4267 362 4337 τῷ
390 4267 616 4338 ἄρχοντι
661 4263 857 4332 κινηθῇ
902 4262 998 4314 καὶ
1039 4259 1364 4329 ἀποδειχθῇ,
1414 4259 1766 4330 φανερούσθω
1806 4262 1876 4314 τὰ

289 4359 659 4428 ὑπομνήματα
687 4353 764 4425 τῷ
795 4353 1101 4422 ἐπισκόπῳ·
1135 4351 1230 4404 καὶ
1258 4353 1306 4404 εἰ
1337 4349 1398 4414 ἐξ
1423 4351 1605 4404 αὐτῶν
1639 4350 1792 4421 εὖροι
1821 4351 1882 4404 τὸ

2050 3800 2169 3874 [At]
2219 3803 2262 3856 si
2302 3803 2508 3859 crimen
2557 3814 2750 3859 contra
2792 3807 3063 3862 dictorum
3097 3810 3404 3879 quempiam
3455 3827 3574 3866 mo-

1978 3903 2187 3961 veatur,
2220 3895 2266 3949 si
2309 3895 2529 3964 quidem
2569 3896 2712 3967 apud
2768 3898 3086 3968 episcOpum
3115 3938 3130 3962 ,
3174 3899 3382 3972 [is]que
3433 3905 3571 3957 veri-

1981 3995 2146 4041 tatem
2187 3987 2582 4057 deprehendat,
2615 3990 2787 4061 gradu
2822 3990 3007 4061 ipsum
3035 3991 3258 4060 dejicito
3295 4012 3309 4048 :
3343 4010 3405 4050 ac
3441 4005 3572 4050 tunc

1982 4087 2300 4148 competens
2329 4078 2499 4148 judex
2536 4094 2660 4135 eum
2711 4081 3179 4152 comprehendito,
3229 4092 3284 4137 et
3331 4083 3570 4154 legitime

1983 4185 2207 4224 causam
2261 4171 2585 4227 examinans
2638 4173 2717 4227 illi
2770 4175 2932 4228 ﬁnem
2993 4175 3279 4244 imponito.
3336 4175 3392 4229 Si
3440 4191 3569 4230 vero

1985 4265 2224 4330 primum
2262 4264 2406 4333 apud
2445 4263 2710 4338 [civilem]
2741 4267 3117 4336 magistratum
3153 4265 3407 4338 [crimen]
3446 4285 3568 4322 mo.

1993 4365 2105 4406 tum
2141 4366 2304 4424 atque
2343 4357 2758 4426 comprobatum
2793 4356 2978 4420 fuerit,
3028 4358 3284 4427 episcopo
3318 4370 3565 4414 actorum

288 4449 705 4520 πλημμέλημα,
747 4444 1028 4516 χωριζέτω
1061 4442 1224 4496 αὐτὸν
1256 4443 1351 4496 τοῦ
1403 4442 1616 4512 βαθμοῦ
1642 4485 1656 4508 ,
1708 4444 1805 4498 καὶ
1851 4445 1880 4496 ὁ

1987 4453 2335 4500 monumenta
2369 4446 2738 4502 exhibentor:
2793 4449 2886 4518 qui
2932 4449 2978 4502 si
3025 4464 3092 4503 ex
3143 4449 3251 4503 illis
3305 4449 3568 4507 delictum

292 4543 558 4611 δικαστὴς
601 4537 911 4610 ἐπιφερέτω
948 4534 1098 4605 αὺτῷ
1130 4535 1361 4606 νόμιμον
1405 4535 1719 4605 ἐκδίκησιν·
1748 4535 1797 4589 εί
1825 4535 1882 4590 δέ

291 4651 353 4703 γε
387 4633 462 4704 μὴ
496 4630 710 4702 νομίσοι
741 4631 770 4682 6
800 4628 1121 4690 ἐπίσκοπος,
1156 4626 1232 4696 μὴ
1263 4625 1488 4688 δικαίως
1520 4625 1784 4696 συστῆναι
1814 4627 1884 4680 τά

291 4725 662 4798 πεπραγμένα
685 4763 701 4788 ,
731 4720 966 4791 γινέσθω
1003 4719 1033 4771 ὁ
1081 4717 1486 4788 κατηγορηθεὶς
1515 4716 1622 4771 ὑπὸ
1648 4719 1883 4790 νόμιμον

290 4820 616 4890 ἀσφάλειαν,
642 4816 719 4887 μὴ
743 4810 1118 4882 ἐξωθούμενος
1141 4811 1234 4865 τοῦ
1262 4811 1392 4864 ἰδίου
1420 4810 1653 4880 βαθμοῦ,
1683 4811 1790 4881 ἕως
1818 4810 1885 4865 ἂν

292 4913 324 4982 ή
355 4911 607 4982 βασιλεία
635 4909 737 4980 τῆς
760 4909 1074 4970 ὑποθέσεως
1105 4907 1164 4958 ἐν
1191 4904 1396 4974 εἰδήσει
1428 4903 1517 4956 διά
1545 4903 1640 4956 τοῦ
1663 4903 1887 4958 ἐπισκό-

292 5022 395 5058 που
427 5002 526 5057 uel.
567 5002 662 5056 τοῦ
695 5001 960 5072 ἄρχοντος
993 4997 1253 5068 γινομένη
1274 5037 1288 5058 ,
1325 4994 1562 5068 κελεύσῃ
1599 4995 1661 5048 τὸ
1691 4995 1883 5063 φαινό--

293 5115 454 5168 μενον
491 5096 652 5165 αὐτῇ·
692 5095 788 5148 ἐὰν
817 5095 845 5146 6
883 5093 1184 5154 ἐπίσκοπος
1237 5088 1598 5159 ὑπερτίθηται
1644 5088 1738 5140 ἐπὶ
1770 5089 1883 5150 τοῖς

292 5188 657 5258 χρηματικοῖς
677 5184 919 5248 δικάσαι,
945 5184 1129 5239 ἄδειαν
1157 5183 1272 5254 ἔχει
1302 5184 1330 5236 ὁ
1355 5184 1568 5251 ἐνὰγων
1599 5187 1886 5254 προσιέναι

289 5279 367 5348 τῷ
393 5278 638 5348 ἄρχοντι·
672 5280 698 5329 6
723 5276 780 5328 δὲ
809 5275 1076 5338 αἰτιαθεὶς
1105 5275 1165 5328 οὐ
1197 5275 1416 5328 δίδωσιν
1441 5276 1741 5344 ἐγγυητὴν,
1769 5275 1884 5328 ἀλλ’

291 5368 586 5437 ὁμολογίαν
613 5369 760 5419 ποιεῖ
781 5365 1118 5436 ἐνυπόθηκον
1139 5365 1269 5420 ἄνευ
1295 5366 1482 5436 ὅρκου·
1515 5367 1610 5418 ἐπὶ
1645 5365 1745 5434 μὲν
1773 5367 1887 5428 τοῖς

293 5461 746 5531 ἐγκληματικοῖς,
781 5459 888 5512 ὑπὸ
918 5459 1018 5525 τὴν
1051 5459 1284 5530 νόμιμον
1327 5459 1628 5528 ἀσφάλειαν
1666 5459 1727 5511 τὸ
1754 5475 1888 5512 κατ-

291 5549 664 5621 ηγορούμενον
695 5549 990 5621 πρόσωπον
1033 5550 1266 5618 γίνεται·
1317 5551 1411 5603 ἐπὶ
1447 5550 1503 5603 δέ
1551 5553 1664 5613 τοῖς
1690 5551 1889 5622 ἐκκλη-

296 5642 620 5705 σιαστικοῖς,
659 5641 688 5693 6
734 5640 1036 5703 ἐπίσκοπος
1062 5641 1205 5695 κατά
1237 5642 1363 5706 τοὺς
1405 5641 1638 5704 κανόνας
1673 5643 1886 5707 σκοπεῖ,

293 5733 386 5786 τοῦ
417 5734 676 5804 ἄρχοντος
704 5733 975 5804 μηδεμίαν
1001 5734 1213 5803 ἔχοντος
1246 5734 1558 5806 μετουσίαν.

583 5827 862 5886 Parnoe.
919 5825 1038 5886 Gn.
1087 5823 1247 5888 CIV.

1987 4535 2381 4604 deprehendat,
2423 4553 2576 4591 reum
2611 4554 2642 4592 a
2672 4539 2844 4608 gradu
2879 4546 3154 4608 separato,
3198 4555 3261 4595 ac
3291 4541 3366 4594 illi
3407 4541 3570 4609 iudex

1987 4624 2285 4694 legitimam
2337 4626 2635 4681 vindictam
2672 4626 2892 4682 inferto.
2935 4627 3134 4684 Verum
3179 4630 3228 4684 si
3277 4631 3569 4702 episcopus

1987 4719 2264 4786 putaverit
2314 4727 2434 4772 acta
2495 4734 2606 4772 non
2656 4719 2807 4788 juste
2865 4721 3198 4784 constitisse,
3253 4732 3569 4785 accusatus.

1986 4807 2539 4877 donecimperatoria
2587 4809 2848 4878 majestas
2879 4811 2948 4864 ab
2994 4812 3256 4882 episcopo
3285 4821 3340 4867 et
3383 4813 3572 4883 judice

1987 4902 2055 4956 de
2085 4916 2248 4957 causa
2280 4902 2482 4956 certior
2515 4901 2680 4965 facta,
2712 4903 2858 4972 quod
2902 4903 3112 4972 justum
3147 4904 3250 4972 ipsi
3278 4903 3570 4969 videbitur,

1984 4995 2175 5064 jubeat
2211 5015 2224 5050 :
2287 5011 2314 5048 a
2351 5010 2453 5050 suo
2487 4997 2658 5067 gradu
2697 5011 2805 5049 non
2847 4996 3130 5066 depulsus,
3189 4999 3292 5052 sub
3333 4999 3574 5069 legitima

1987 5087 2344 5157 tidejussione
2368 5087 2738 5145 constituitor.
2765 5087 3047 5162 [Proinde]
3078 5089 3121 5144 si
3157 5090 3210 5143 in
3242 5091 3575 5159 pecuniariis

1985 5179 2211 5248 judiciis
2238 5178 2532 5252 [judicare]
2553 5180 2842 5249 cpiscopus
2868 5179 3103 5242 differat,
3133 5189 3286 5234 actor
3311 5179 3576 5252 [civilem]

1992 5272 2373 5339 magistratum
2410 5271 2645 5326 adeundi
2695 5271 3008 5326 facultatem
3041 5271 3280 5337 habeto;
3316 5288 3444 5326 rens
3480 5287 3579 5325 au-

1989 5372 2098 5418 tem
2132 5363 2510 5434 ﬁdejussorem
2535 5379 2644 5419 non
2675 5363 2942 5426 dato,'sed
2975 5363 3185 5431 absque
3219 5363 3580 5432 jurejurando

1993 5457 2398 5527 pignoratitiam
2453 5455 2766 5510 cantionem
2823 5453 3014 5509 facito.
3079 5454 3138 5507 ln
3203 5452 3580 5507 criminalibns

1992 5562 2126 5603 vero
2159 5547 2262 5602 sub
2289 5546 2532 5617 legitima
2565 5546 2825 5600 cautione
2858 5557 3094 5615 persona
3118 5558 3240 5614 qua:
3263 5551 3579 5604 accusatur,

1990 5635 2360 5693 constituitor.
2410 5633 2467 5688 In
2506 5635 2893 5704 ecclesiasticis
2917 5642 3098 5688 autem
3151 5631 3439 5702 episc0pus
3481 5629 3583 5700 [ci-

1993 5730 2109 5801 vili]
2136 5730 2456 5800 magistratu
2485 5729 2692 5784 nullam
2727 5729 3169 5785 communionem
3196 5723 3452 5786 babente,
3487 5738 3576 5778 sc-

3105 5819 3182 5876 23
