4122 6442
648 341 711 402 15
1807 335 2036 396 ΡΙΙΟΤΙ
2051 334 2070 392 l
2109 333 2181 392 Ρ]

2285 331 2616 393 ΚῘΛΒΟΗΞΕ
2639 331 2749 392 CP.

603 453 846 508 eundum
867 463 1108 506 canones
1137 445 1456 518 dijudicato.
1488 443 2009 518 Episcopiejusdem
2059 459 2194 515 syn-
2229 451 2266 502 Α

603 547 692 602 odi
725 548 866 600 inter
895 558 956 599 se
987 540 1308 616 [actionem]
1357 541 1621 594 habentes
1645 577 1659 602 ,
1697 538 1840 608 apud
1877 536 2193 605 metmpoli-

605 651 795 694 tanum
840 652 1003 692 suum
1049 643 1103 690 et
1154 633 1292 688 alios
1349 631 1595 702 ejusdem
1651 629 1842 701 synodi
1899 628 2190 698 episcopos

606 733 855 801 litiganto
888 746 902 782 :
930 737 984 783 et
1008 727 1114 782 nisi
1145 737 1375 794 utraque
1401 739 1526 794 pars
1561 719 1868 794 [judicatis]
1912 717 2077 792 244
2108 719 2193 772 in-

606 821 787 886 sistat,
839 819 1080 888 ipsorum
1133 815 1444 885 patriarcha
1499 809 1771 885 [causam]
1825 810 2189 879 cognoscito:

606 925 672 965 ac
710 908 846 964 nulli
881 905 1288 961 contradicendi
1322 905 1428 958 illis
1465 918 1586 972 qua:
1630 902 1700 956 ab
1726 902 1819 955 illo
1851 907 2190 961 statuuntur,

605 1008 848 1071 potestas
869 1007 1007 1053 esto.
1030 995 1086 1050 Si
1118 996 1353 1050 clericus
1386 993 1651 1048 adversus
1685 993 2004 1062 episcopum
2027 1006 2190 1046 suum

604 1093 875 1146 actionem
899 1101 1120 1144 movere
1145 1086 1298 1152 velit,
1334 1085 1475 1141 idem
1508 1094 1650 1140 esto.
1675 1082 1813 1138 Cum
1840 1091 2021 1137 autem
2056 1097 2191 1136 cou-

603 1195 686 1240 tra
743 1180 1222 1251 metropolitanum
1282 1175 1654 1248 interpellatio
1708 1174 2043 1239 instituitur,
2095 1188 2192 1244 pa-

603 1275 842 1331 triarcha
879 1273 1051 1342 ipsius
1091 1270 1344 1326 similiter
1389 1269 1732 1339 cognoscito.
1771 1265 2078 1336 Episcopus
2123 1266 2191 1319 li-

601 1368 779 1437 tigans
814 1380 991 1434 neque
1024 1363 1408 1432 lidejussiones
1459 1361 1610 1426 dato,
1662 1373 1841 1429 neque
1881 1358 2188 1414 confessio-

600 1473 722 1513 nem
765 1457 948 1512 facito.
980 1455 1308 1516 (Economi,
1353 1451 1764 1522 ptochotrophi,
1792 1450 2098 1506 nosocomi.
2136 1459 2190 1504 et

599 1551 806 1605 similes
832 1563 931 1604 suo
977 1549 1238 1617 episcopo
1281 1546 1598 1602 subsunto:
1645 1555 1700 1600 et
1734 1543 1882 1614 quod
1915 1543 2066 1613 ipsos
2102 1543 2190 1598 de-

596 1642 730 1696 bere
761 1639 1018 1710 patuerit,
1053 1638 1347 1707 exiguntor
1379 1653 1392 1690 :
1439 1650 1619 1705 neque
1666 1644 1796 1690 ante
1840 1637 2185 1689 exactionem

599 1732 671 1790 ad
723 1732 870 1786 aliud
921 1731 1189 1802 judicium
1224 1728 1514 1784 recedendi
1549 1735 1878 1798 potestatem
1925 1728 2184 1781 habento.

597 1825 669 1879 At
697 1825 743 1878 si
772 1835 893 1893 post
931 1821 1272 1876 exactionem
1303 1819 1507 1889 injuria
1552 1833 1612 1874 se
1659 1815 1887 1874 allectos
1915 1832 2038 1872 esse
2067 1817 2182 1870 exi-

596 1910 958 1972 stim‘averiut,
995 1908 1040 1963 si
1070 1907 1291 1978 quidem
1324 1906 1620 1977 episcopus
1646 1905 1938 1976 judicavit,
1969 1914 2181 1960 metro-

595 2002 873 2073 politauus
908 1997 1069 2072 [rem]
1114 1998 1480 2065 examinato]:
1533 1991 1582 2052 si
1630 2012 1762 2054 vero
1812 1995 2186 2067 metropolita-

597 2111 732 2158 nus,
777 2094 1089 2164 patriarcha
1137 2091 1479 2163 cognosrito.
1522 2089 1678 2157 Quod
1731 2091 1776 2146 si
1827 2091 1952 2161 quis
1991 2087 2186 2160 praedi-

597 2195 814 2242 ctorum
861 2195 986 2240 aute
1017 2185 1294 2239 rationum
1327 2181 1728 2238 coniectionem
1754 2191 1808 2238 et
1835 2181 2180 2237 exactionem

595 2286 846 2332 mortuus
877 2275 1060 2342 fuerit,
1091 2273 1336 2329 haeredes
1374 2273 1496 2344 ejus
1525 2272 1745 2327 obnoxii
1781 2279 1963 2326 sunto.

667 2370 884 2426 Textus.
916 2367 1178 2423 Similiter
1204 2367 1297 2420 lib.
1329 2382 1366 2430 ι,
1399 2373 1578 2421 const.
1603 2365 1693 2428 41,
1714 2379 1836 2434 qure
1865 2365 1943 2417 ait
1982 2380 1995 2417 :
2028 2361 2186 2429 Quod

595 2475 924 2533 unoquoque
964 2474 1109 2514 anno
1151 2469 1471 2513 oeconomus
1522 2455 1789 2509 rationem
1834 2453 2185 2507 administra-

595 2555 764 2611 tionis
793 2570 906 2610 suae
939 2554 1126 2608 reddat
1165 2551 1447 2620 episcopo.
1479 2547 1712 2604 Constit.
1743 2563 1874 2601 vero
1897 2548 1987 2612 ‘24,
2020 2547 2102 2599 tit.
2129 2545 2184 2609 2,

591 2647 836 2718 ejusdem
868 2645 992 2700 libri
1015 2643 1165 2708 dicit,
1195 2642 1338 2713 quod
1361 2655 1677 2698 (economos
1704 2640 1854 2694 urbis
1877 2641 2190 2694 Constantio

593 2738 920 2810 uopolitanae
946 2736 1197 2807 singulis,
1227 2744 1322 2789 aut
1351 2748 1625 2789 summum
1657 2732 1880 2786 alternis
1908 2730 2188 2784 mensibus

592 2831 736 2902 apud
765 2829 1007 2885 arcarios
1031 2828 1272 2884 rationes
1302 2824 1572 2881 conficere
1598 2831 1882 2894 oporteat,
1917 2821 2189 2892 alioquive

590 2923 985 2997 periclitentur.

663 3013 766 3081 Qui
823 3013 1115 3083 episcopus
1172 3018 1267 3064 aut
1311 3008 1544 3063 clericus
1598 3022 1664 3061 ex
1725 3005 1999 3076 provincia
2045 3005 2183 3061 Con-

591 3103 946 3174 stantinopoli
988 3103 1056 3156 ab
1107 3101 1437 3156 adversariis
1493 3097 1790 3164 invenitur,
1854 3097 1996 3166 apud
2050 3112 2190 3168 prae-

3755 343 3848 409 7'16

2370 440 2693 494 Ἐπίσκοποι
2714 442 2813 511 τῆς
2836 437 3006 508 αὑτῆς
3030 440 3252 494 συνόδου
3275 439 3412 511 πρὸς
3447 441 3696 514 ἀλλήλους
3721 451 3847 520 ἕχον.

2295 550 2409 596 τες,
2446 533 2598 604 παρά
2623 532 2701 603 τῷ
2735 532 3110 604 μητροπολίτῃ
3151 533 3351 595 αὑτῶν,
3391 536 3482 586 καὶ
3518 537 3717 608 ἑτέροις
3745 544 3847 598 sm.

2297 625 2521 686 σκόποις
2575 623 2674 693 τῆς
2718 625 2889 694 αὐτῆς
2939 625 3159 678 συνόδου
3205 623 3539 688 δικάζονται·
3570 629 3663 682 καὶ
3701 634 3745 685 εἰ
3787 638 3848 709 μὴ

2299 717 2464 787 μέρος
2495 715 2756 786 ἐκάτερον
2808 717 3060 787 ἐμμένοι,
3091 719 3119 770 6
3151 717 3496 789 πατριάρχης
3537 722 3707 776 αὑτῶν
3741 743 3849 780 σκο-

2295 811 2408 869 πεῖ,
2442 807 2654 871 οὑδενὺς
2683 812 2795 872 τοῖς
2830 811 2960 880 παρ’
2991 809 3157 862 αὑτοῦ
3187 809 3548 878 τυπουμένοις
3577 813 3850 884 δυναμένου

2294 898 2618 967 ἀντιλέγειν·
2649 898 2709 951 τδ
2735 899 2865 951 αὑτό
2892 902 3010 952 ἐστι
3046 898 3154 952 κᾶν
3183 898 3442 968 κληρικὸς
3477 902 3613 954 κατά
3639 905 3724 956 τοῦ
3751 909 3852 961 ἐπι-

2297 992 2498 1044 σκόπου
2529 989 2695 1043 αὑτοῦ
2731 990 3039 1062 προσέλθοι·
3073 990 3482 1061 προσελεύσεως
3515 992 3569 1045 δὲ
3595 995 3724 1047 κατὰ
3759 1015 3852 1068 μη-

2292 1083 2614 1156 τροπολίτω
2649 1085 2976 1155 γινομένης,
3016 1085 3045 1137 ό
3091 1083 3439 1155 πατριάρχης
3487 1085 3644 1138 αὑτοῦ
3675 1088 3852 1158 όμοὲως

2295 1177 2506 1230 σκοπεῖ·
2545 1175 2841 1239 ἐπίσκοπος
2873 1175 3250 1246 δικαζόμενος,
3279 1177 3404 1228 οὗτε
3429 1175 3629 1244 ἐγγύας
3659 1178 3852 1234 δίδωσιν

2292 1268 2418 1323 οὑτε
2457 1268 2748 1339 ὁμολογίαν
2783 1271 2944 1322 ποιεῖ·
2979 1270 3028 1322 οἰ
3063 1267 3339 1337 οἰκονόμοι
3374 1269 3470 1320 καὶ
3505 1273 3853 1342 πτωχοτρόφοι

2292 1362 2385 1414 καὶ
2408 1362 2692 1431 νοσοκόμοι
2728 1361 2822 1414 καὶ
2842 1362 2892 1413 oi
2920 1359 3153 1413 τοιοῦτοι
3182 1358 3262 1431 τῷ
3288 1361 3402 1430 ἰδίῳ
3427 1362 3705 1430 ἐπισκόπῳ
3737 1365 3853 1418 ὑπό-

2291 1463 2521 1506 κεινται·
2551 1451 2645 1504 καὶ
2677 1451 2739 1503 τὸ
2760 1451 3089 1521 φαινόμενον
3125 1451 3434 1520 ἐποφείλειν
3466 1452 3677 1516 αὑτοὺς,
3708 1455 3854 1508 ἀπαι-

2288 1545 2540 1610 τοῦνται,
2591 1544 2666 1615 μὴ
2727 1543 3018 1609 δυνάμενοι
3068 1543 3175 1615 πρὸ
3229 1543 3330 1612 τῆς
3370 1545 3748 1614 ἀπαιτήσεως,
3787 1549 3857 1610 εἰς

2290 1637 2420 1692 ἄλλο
2457 1636 2813 1707 δικαστήριον
2850 1637 3180 1706 ἀναχωρεῖν,
3231 1635 3369 1689 ἀλλά
3417 1637 3556 1706 μετᾶ
3585 1637 3680 1706 τὴν
3707 1639 3857 1691 ἀπαί-

2289 1746 2446 1800 τησιν
2485 1729 2580 1782 ἐὰν
2637 1729 2905 1799 νομίσωσι
2956 1727 3280 1798 βεϐλάφθαι·
3330 1730 3378 1781 εί
3433 1729 3533 1798 μὲν
3583 1731 3858 1795 ἐπίσκοπός

2290 1820 2436 1872 ἐστιν
2471 1821 2500 1872 6
2534 1818 2744 1890 κρίνας,
2776 1821 2804 1872 6
2840 1819 3244 1890 μητροπολίτης
3275 1819 3542 1885 ἐξετάζει·
3591 1825 3638 1874 εί
3668 1822 3722 1875 δέ
3765 1841 3861 1893 μη-

2288 1910 2614 1980 τροπολίτης
2643 1909 2876 1982 ἔκρινεν,
2908 1910 2936 1961 ὁ
2969 1912 3314 1982 πατριάρχης
3345 1915 3576 1964 σκοπεῖ·
3609 1915 3655 1966 εἰ
3679 1915 3732 1967 δὲ
3764 1916 3860 1984 πρὸ

2289 2001 2391 2072 τῆς
2419 2001 2528 2054 τῶν
2578 2002 2855 2072 λογισμῶν
2911 2005 3186 2074 ποιήσεως
3240 2003 3339 2057 καὶ
3398 2003 3498 2075 τῆς
3531 2007 3859 2076 ἀπαιτήσεως

2289 2095 2608 2164 τελευτήσει
2644 2112 2726 2158 τις
2755 2095 2860 2148 τῶν
2899 2097 3229 2166 εἰρημένων,
3262 2099 3310 2149 oi
3342 2095 3672 2168 κληρονόμοι
3706 2097 3859 2151 αὑτοῦ

2294 2190 2637 2243 ὑπόκεινται.

2377 2369 2610 2440 Ὁμοίως
2647 2369 2788 2439 βιδλ.
2841 2377 2888 2424 α’
2921 2370 3026 2423 τίτ.
3071 2368 3120 2422 α’
3150 2367 3291 2422 διάτ.
3334 2367 3446 2438 μα’,
3495 2371 3615 2441 ἥτις
3680 2371 3854 2439 φησὶν,

2294 2462 2402 2526 ὅτι,
2432 2461 2578 2515 Κατ’
2616 2460 2866 2516 ἐνιαυτὸν
2897 2461 2926 2513 6
2955 2459 3238 2528 οἰκονόμος
3275 2460 3367 2512 τὸν
3397 2459 3557 2529 λόγον
3585 2458 3680 2528 τῆς
3710 2457 3865 2512 αὑτοῦ

2292 2551 2612 2620 διοικήσεως
2640 2549 2998 2619 παρατίθεται
3030 2548 3107 2618 τῷ
3131 2549 3439 2620 ἐπισκόπῳ·
3465 2553 3499 2620 ή
3533 2549 3589 2602 δέ
3624 2549 3703 2620 κβ¹
3732 2547 3860 2602 διὰτ.

2292 2641 2388 2695 τοῦ
2427 2642 2470 2712 β’
2504 2641 2610 2696 τίτ.
2637 2639 2730 2694 τοῦ
2761 2640 2926 2695 αὑτοῦ
2964 2641 3104 2712 βιὸλ.
3139 2639 3310 2710 λέγει,
3339 2642 3422 2695 ὅτι
3460 2645 3554 2695 Δεῖ
3578 2642 3703 2705 τοὺς
3729 2643 3865 2694 οἰκο-

2295 2730 2492 2800 νόμους
2530 2731 3159 2793 Κωνσταντινουπόλεως
3189 2770 3204 2796 ,
3235 2732 3377 2784 κατά
3420 2731 3570 2803 μῆνα
3610 2731 3644 2802 ἢ
3679 2731 3738 2784 τὸ
3766 2731 3863 2801 μή-

2294 2840 2479 2877 κιστον
2508 2822 2648 2894 ὑπὲρ
2683 2822 2778 2876 δύο
2799 2862 2814 2888 ,
2863 2823 3170 2890 λογοποιεῖν
3219 2823 3356 2894 πρὸς
3380 2823 3511 2887 τοὺς
3541 2822 3828 2895 ἀρκαρίους
3850 2863 3867 2890 ,

2295 2915 2419 2968 ἐπεὶ
2450 2914 2853 2970 κινδυνεύουσιν
2886 2914 2946 2979 ἐξ
2979 2913 3272 2986 ἐπαρχίας.

2378 3008 2468 3062 Ἐν
2499 3007 3071 3062 Κωνσταντινουπόλει
3103 3007 3497 3078 εὑρισκόμενος
3523 3005 3814 3069 ἐπίσκοπος
3837 3004 3867 3074 ἢ

2296 3098 2556 3172 κληρικδς
2586 3101 2698 3163 τοῖς
2730 3096 2984 3168 ἐνάγουσι
3009 3139 3023 3165 ,
3053 3097 3205 3168 παρά
3237 3099 3383 3170 μόνῳ
3413 3097 3493 3170 τῷ
3524 3097 3747 3170 ἐπάρχῳ
3774 3095 3872 3149 τῶν

593 3195 858 3252 toriorum
900 3193 1183 3263 praefectos
1232 3187 1614 3254 solummodo,
1665 3196 1759 3242 aut
1808 3201 1930 3242 eum
1968 3187 2062 3258 qui
2118 3187 2181 3243 ab

2293 3157 2732 3264 npditwp'lwv,‘
2757 3157 3441 3263 tql'napdt'cic'ﬁaetisia;
3463 3157 3868 3261 ἀφορίέόξιένῳ,

591 3287 942 3357 imperatoria
975 3285 1260 3354 majestate
1300 3280 1406 3354 [ad
1447 3279 1586 3352 hoc]
1645 3280 1984 3350 designatur,
2047 3277 2183 3351 [se]

600 3381 898 3435 tuebitur:
955 3385 1112 3432 extra
1161 3390 1328 3446 quam
1386 3373 1430 3429 si
1492 3373 1546 3426 in
1582 3371 1955 3442 provincialis
2003 3380 2182 3441 empta

591 3470 779 3534 fuerit,
815 3478 946 3524 tunc
979 3467 1136 3521 enim
1199 3465 1312 3519 illic
1363 3463 1641 3534 impletur.
1689 3461 1955 3531 Religiosi
2001 3462 2182 3516 eccle-

592 3561 796 3617 siarum
841 3557 1184 3629 apocrisiarii
1220 3571 1320 3626 pro
1342 3555 1614 3625 episcopis
1658 3562 1754 3608 aut
1798 3553 2015 3608 clericis
2045 3568 2178 3623 pro-

587 3662 711 3724 pter
739 3651 1015 3722 publicum
1045 3648 1390 3719 privatumve
1415 3645 1658 3701 debitum
1694 3659 1803 3699 non
1833 3645 2178 3699 conveniun-

587 3755 679 3800 tur
719 3755 833 3824 aut.
863 3743 1160 3812 exiguntur
1190 3757 1204 3794 :
1239 3739 1344 3793 nisi
1380 3739 1424 3793 si
1462 3753 1527 3792 ex
1572 3735 1844 3791 mandatis
1887 3735 2164 3805 episcopo-

587 3851 714 3891 rum
754 3842 850 3889 aut
891 3845 1307 3888 teconomorum
1353 3829 1567 3899 aliquos
1615 3825 1772 3899 [ipsi]
1823 3827 2169 3882 conveniant.

589 3927 745 3982 Tunc
771 3926 918 3980 enim
963 3924 1032 3980 ab
1064 3922 1256 3977 iisdem
1303 3920 1381 3993 [et
1427 3919 1516 3990 iis]
1559 3920 1692 3975 solis
1728 3920 1970 3975 aetiones
1998 3919 2174 3974 susci-

587 4018 765 4088 piunt.
803 4013 956 4088 [Sed]
997 4013 1100 4068 etsi
1137 4011 1270 4067 dum
1313 4011 1391 4084 [in
1424 4009 1657 4081 judicio]
1719 4011 2078 4078 respondent,
2113 4026 2173 4066 se

585 4109 854 4165 obnoxios
883 4104 1241 4168 reddiderint,
1289 4100 1504 4176 [etiam]
1554 4098 1716 4172 245
1749 4099 1875 4156 inde
1915 4101 2176 4156 exsisten-

584 4213 668 4258 tes
689 4203 936 4257 actiones
967 4198 1267 4269 excipiunt.
1319 4195 1572 4266 Episcopi
1618 4204 1672 4249 et
1699 4193 1884 4248 clerici
1918 4208 2016 4263 per
2049 4210 2173 4249 cau-

585 4309 702 4349 sam
759 4291 1046 4362 legationis
1088 4297 1196 4360 ,aut
1233 4286 1595 4344 ordinationis
1648 4299 1876 4356 peregre
1927 4295 2171 4355 agentes,

588 4401 699 4442 non
732 4385 1138 4441 couveniuntur
1179 4383 1356 4436 donec
1403 4377 1605 4434 reversi
1657 4376 1902 4431 fuerint:
1949 4373 2033 4448 [ut
2085 4385 2168 4431 ta-

2291 3283 2672 3352 ἀπολογεῖται·
2725 3284 2775 3336 εἰ
2810 3283 2883 3355 μὴ
2918 3283 3010 3336 ἐπὶ
3059 3282 3243 3354 χώρας
3276 3282 3456 3354 ἦρχθη
3508 3285 3544 3355 ή
3588 3281 3869 3344 ὑπόθεσις,

2288 3376 2409 3429 τότε
2426 3375 2534 3444 γάρ
2559 3375 2672 3428 ἐκεῖ
2695 3373 3017 3445 πληροῦται·
3044 3375 3093 3427 οἰ
3123 3373 3233 3428 τῶν
3264 3372 3611 3444 Ἐκκλησιῶν
3637 3370 3873 3432 εὑλαὸεξ

2287 3467 2732 3538 ἀποκρισιάριοι,
2777 3467 2878 3520 οὑκ
2917 3467 3205 3535 ἐνάγονται
3254 3465 3288 3537 ἢ
3325 3465 3696 3520 ἀπαιτοῦνται
3744 3463 3872 3533 ὑπὲρ

2285 3558 2396 3612 τῶν
2431 3557 2809 3630 ἐπισκόπωνῆ
2841 3558 2949 3612 τῶν
2999 3558 3361 3629 Ἐκκλησιῶν,
3403 3558 3576 3631 χάριν
3624 3555 3871 3628 δημοσίου

2285 3650 2320 3722 ἢ
2358 3649 2626 3704 ἰδιωτικοῦ
2659 3650 2856 3722 χρέους
2879 3691 2895 3717 ,
2939 3652 2988 3704 εἰ
3033 3651 3111 3722 μὴ
3144 3651 3204 3719 ἐξ
3236 3650 3472 3704 ἐντολῶν
3513 3649 3625 3704 τῶν
3657 3646 3871 3701 ἐπισκό-

2287 3760 2406 3795 πων
2435 3742 2467 3814 i]
2499 3742 2609 3796 τῶν
2637 3744 2939 3814 οἰκονόμων
2983 3742 3238 3811 ἐνάγουσί
3282 3760 3356 3796 τι·
3389 3742 3520 3796 τότε
3554 3740 3668 3816 γάρ
3706 3740 3871 3811 μόνων

2283 3833 2464 3887 αὐτῶν
2488 3837 2588 3897 τὰς
2626 3834 2916 3904 ἐναγωγὰς
2943 3833 3319 3906 ὑποδέχονται·
3368 3837 3420 3888 εἰ
3448 3835 3510 3889 δὲ
3540 3835 3639 3889 καὶ
3668 3831 3872 3903 ἐνόχους

2280 3928 2508 3992 ἐαυτοὺς
2541 3929 2979 3998 καταστήσουσιν
3009 3929 3068 3981 ἐν
3094 3927 3171 4000 τῷ
3216 3929 3391 3981 ποιεῖν
3425 3927 3532 3991 τὰς
3560 3925 3872 3996 ἀποκρίσεις

2279 4019 2524 4090 δέχονται
2561 4019 2659 4083 τὰς
2708 4020 2836 4092 περί
2877 4020 3086 4074 τούτων
3127 4021 3438 4090 ἐναγωγάς·
3492 4020 3547 4072 οἱ
3595 4017 3871 4072 ἐπίσκοπα

2277 4113 2372 4166 καὶ
2419 4115 2468 4166 οἰ
2503 4113 2755 4184 κληρικοὶ
2787 4113 2876 4167 διὰ
2931 4112 3227 4184 πρεσϐείαν
3275 4113 3308 4184 ἢ
3362 4113 3711 4184 χειροτονίαν
3746 4109 3870 4164 ἀπο-

2275 4202 2597 4273 δημοῦντες,
2635 4205 2735 4257 οὑκ
2787 4205 3076 4273 ἐνάγονται
3125 4204 3318 4276 μέχρις
3360 4204 3428 4258 ἂν
3469 4200 3868 4273 ὑποστρέψωσι,

2279 4294 2354 4366 μὴ
2393 4293 2785 4366 βλαπτομένων
2820 4295 2928 4349 τῶν
2973 4295 3210 4366 ἐχόντων
3253 4295 3452 4359 αὑτοὺς
3501 4293 3867 4355 ὑπευθύνους,

2275 4385 2340 4437 ἐκ
2365 4385 2464 4454 τῆς
2495 4386 2674 4439 αὑτῶν
2695 4386 3037 4457 ἀπολείψεως
3060 4385 3190 4457 περί
3213 4385 3439 4457 χρονίαν
3470 4382 3868 4458 παραγραφὴν.

582 4479 733 4551 men]
767 4479 859 4548 qui
909 4480 1054 4548 ipsos
1088 4475 1357 4531 obnoxios
1389 4475 1622 4540 habent,
1666 4489 1734 4529 ex
1796 4473 2044 4529 absentia
2108 4477 2349 4544 ipsorum
2393 4483 2541 4538 circa
2594 4483 2740 4555 longi
2786 4483 3047 4554 temporis
3095 4481 3571 4554 praescriptionem
3630 4495 3743 4536 non
3791 4475 3869 4532 lae-

583 4575 802 4630 dantur.

655 4663 958 4718 Citationes
1011 4669 1178 4729 atque
1231 4661 1620 4715 cxsccutioncs
1674 4658 1914 4722 clericis,
1984 4674 2168 4712 mona-

2345 4661 2411 4714 Αί
2439 4660 2778 4732 ὑπομνήσεις
2809 4660 2903 4714 καὶ
2926 4660 2975 4713 οἱ
2993 4658 3319 4731 ἐκϐιϐασμοί
3344 4659 3487 4730 μετὰ
3504 4659 3679 4730 τιμῆς
3704 4674 3862 4730 προσ-

585 4756 724 4820 chis,
775 4753 1024 4808 ascen-iis
1083 4761 1137 4807 et
1186 4752 1410 4814 ascetis,
1462 4751 1516 4804 ln
1570 4749 1904 4820 pecuniariis
1966 4748 2174 4821 [causis

585 4845 728 4918 sive]
759 4845 990 4916 publicis
1033 4841 1195 4916 [sive]
1232 4843 1459 4912 privatis
1491 4850 1806 4898 reverenter
1840 4839 2170 4896 inferuntor.

584 4937 744 4993 Nulla
775 4937 1074 4991 monastria
1109 4936 1189 4990 vel
1229 4935 1468 4989 ascetria
1507 4949 1538 4988 e
1575 4935 1914 4989 monasterio
1956 4935 2172 4989 abstra-

585 5031 730 5083 hitor
760 5047 772 5082 :
803 5028 894 5082 sed
928 5043 1024 5096 per
1053 5039 1466 5096 procuratorem
1496 5040 1719 5080 causam
1753 5026 1942 5080 dieito.
1983 5026 2170 5081 Mona-

503 5182 514 5185 _
582 5124 721 5175 chus
766 5119 1013 5190 proprias
1044 5128 1138 5173 aut
1177 5117 1494 5173 monasterii
1532 5116 1780 5190 [causas]
1815 5120 1931 5174 sive
1963 5135 2058 5189 per
2085 5135 2166 5182 se,

584 5215 700 5268 sive
741 5228 837 5282 per
883 5218 1295 5280 procuratorem
1353 5209 1484 5279 agit.
1547 5209 1603 5263 Si
1664 5225 1793 5265 vero
1822 5196 2010 5265 contra
2054 5211 2167 5266 lucc

583 5307 698 5371 liat,
744 5303 909 5372 judex
943 5301 1162 5372 cingulo
1207 5300 1539 5363 denudatur,
1597 5312 1650 5356 ct
1705 5301 1948 5372 quinque
1992 5303 2167 5359 libras

581 5396 722 5472 [auri
743 5395 906 5450 rebus
928 5390 1214 5464 principis]
1250 5391 1478 5462 privatis
1505 5395 1596 5446 dat
1625 5412 1638 5447 :
1669 5403 1959 5449 exsecutor
1985 5405 2165 5448 autem

579 5489 865 5545 tormentis
891 5487 1163 5552 subditur,
1191 5494 1246 5539 et
1275 5485 1326 5538 in
1369 5483 1623 5538 exsilium
1663 5487 1929 5540 mittitur:
1958 5485 2164 5559 [idque]

581 5597 712 5637 cura
747 5578 1009 5651 episcopi,
1045 5581 1136 5648 qui
1168 5577 1330 5631 etiam
1353 5577 1672 5644 magistratu
1700 5579 1961 5632 ultionem
1997 5577 2165 5650 [irro-

581 5670 732 5743 gare]
762 5671 1063 5735 dili'crcute,
1095 5667 1174 5742 [id
1205 5668 1271 5722 ad
1307 5666 1632 5739 principem]
1670 5670 1856 5723 refert.
1889 5668 1995 5723 Pro
2025 5671 2166 5724 cita-

582 5763 729 5818 t-ionc
759 5762 1075 5832 pecuniaria
1104 5761 1187 5816 vel
1226 5758 1498 5816 criminali
1551 5759 1867 5830 hujusmodi
1917 5778 2165 5833 persona:

2280 4752 2602 4822 αγέσθωσαν
2658 4754 2771 4817 τοῖς
2809 4752 3090 4824 κληρικοῖς
3127 4750 3223 4804 καί
3258 4754 3522 4822 μοναχοῖς
3575 4751 3669 4805 καὶ
3704 4750 3867 4820 ἀσκη-

2277 4844 2458 4916 τρίαις
2491 4845 2586 4898 καί⁸
2610 4845 2990 4915 ἀσκητηρίοις,
3045 4844 3138 4895 ἐπί
3173 4845 3284 4906 τοῖς
3313 4845 3694 4915 χρηματικοῖς
3734 4841 3867 4895 ἰδιω-

2275 4937 2447 4999 τικοῖς
2486 4937 2582 4989 καὶ
2615 4935 2894 5007 δημοσίοις
2917 4949 2930 4964 ·
3002 4934 3096 4988 καὶ
3130 4937 3430 5006 μονάστρια
3468 4935 3576 5004 μὲν
3631 4934 3665 5005 ἢ
3705 4933 3868 5000 ἀσκή-

2275 5043 2402 5096 τρια
2429 5025 2522 5078 τοῦ
2567 5026 2936 5096 μοναστηρίου
2972 5024 3048 5096 μὴ
3081 5023 3424 5092 ἀφελκέσθω,
3449 5023 3596 5078 ἀλλὰ
3625 5024 3693 5077 δι’
3721 5025 3862 5076 ἐντο-

2275 5119 2410 5182 λέως
2435 5118 2706 5188 κρινέσθω
2736 5133 2749 5146 ·
2783 5120 2810 5170 ὁ
2834 5116 2890 5169 δὲ
2921 5116 3154 5188 μοναχὸς
3189 5115 3286 5178 τὰς
3342 5115 3480 5177 ἰδίας
3535 5115 3568 5185 ἢ
3624 5115 3727 5178 τὰς
3778 5111 3866 5166 τοῦ

2276 5209 2661 5281 μοναστηρίου,
2701 5207 2810 5262 εἴτε
2839 5207 2905 5260 δι’
2927 5207 3122 5260 ἐαυτοῦ
3148 5207 3255 5259 εἴτε
3293 5205 3360 5258 δι’
3381 5206 3651 5270 ἐντολέως
3691 5205 3862 5258 θέλει·

2271 5303 2319 5355 εἰ
2349 5303 2408 5356 δὲ
2439 5304 2591 5372 παρά
2617 5301 2790 5355 ταῦτα
2824 5302 3071 5371 γένηται,
3119 5302 3147 5352 6
3175 5300 3431 5368 δικαστὴς
3461 5298 3864 5364 ἀποζώννυται,

2274 5395 2368 5449 καὶ
2399 5401 2439 5448 ε’
2461 5394 2650 5464 λίτρας
2683 5397 2797 5457 τοῖς
2827 5392 3116 5465 πριὸάτοις
3159 5392 3342 5445 δίδωσι
3375 5407 3390 5422 ·
3446 5392 3550 5445 καὶ
3582 5393 3612 5444 6
3644 5387 3861 5444 ἐκ6ι6α-

2275 5487 2408 5556 στὴς
2450 5485 2802 5556 βασανίζεται
2864 5484 2958 5537 καὶ
3019 5481 3326 5553 ὲξορίζεται
3364 5483 3602 5553 προνοίᾳ
3639 5481 3732 5536 τοῦ
3751 5481 3865 5533 sm-

2276 5580 2500 5642 σκόπου,
2531 5579 2676 5641 ὅστις
2733 5578 2824 5630 καὶ
2860 5576 3145 5647 ἀναφέρει,
3191 5577 3285 5629 τοῦ
3343 5575 3615 5645 ἄρχοντος
3650 5575 3867 5644 ὑπερτι-

2274 5672 2502 5743 θεμένου
2533 5672 2632 5742 ea»
2684 5671 2964 5740 ἐκδίκησιν
2997 5685 3010 5698 ·
3051 5669 3190 5738 ὑπὲρ
3251 5668 3306 5722 δὲ
3347 5669 3747 5738 ὑπομνήσεως,
3801 5660 3869 5716 τὰ

2272 5760 2499 5816 τοιαῦτα
2562 5761 2834 5833 πρόσωπα
2895 5759 3249 5832 χρηματικῆς
3303 5759 3334 5830 ἢ
3390 5755 3863 5830 ἐκκλησιαστικῆς
