4122 6462
366 395 469 459 717

1215 392 1615 452 SYNTAGMA
1660 389 2049 450 CANONUM.
2082 414 2153 425 -—
2190 391 2338 449 TIT.
2368 390 2471 464 IX,
2514 391 2670 449 CAP-
2716 390 2796 448 II-

3531 390 3635 456 733

369 508 571 570 αἰτίας,
603 505 659 558 ἕν
693 521 750 558 τε
805 503 1370 557 Κωνσταντινουπόλει
1431 503 1526 554 καὶ
1586 502 1945 571 ὁπουδήποτε,
1981 547 1982 557 η

2056 500 2542 572 Constantinopoli,
2573 511 2740 573 atque
2771 503 3141 573 alibieunqur,
3183 519 3289 559 non
3325 504 3460 560 ultra
3499 522 3634 575 qua-

368 603 432 655 οὐ
457 600 619 653 πλέον
651 599 690 650 δ’
714 595 982 667 κερατίων
1023 596 1259 650 διδόασιν
1284 611 1297 624 ·
1327 597 1375 647 εί
1402 595 1460 647 δὲ
1490 594 1632 656 κατὰ
1667 593 1951 665 βασιλικὴν

369 693 644 752 κέλευσιν,
673 689 705 758 ἢ
742 686 893 757 παρὰ
927 687 1186 757 ἄρχοντος
1215 687 1249 756 ἦ
1273 687 1644 765 πατριάρχου,
1679 685 1846 756 σταλῇ
1869 686 1953 748 τίς

369 784 452 844 είς
468 781 780 849 ὑπόμνησιν
821 779 1023 842 αὐτῶν,
1079 779 1139 831 οὐ
1169 777 1328 831 πλέον
1359 778 1588 848 λήψεται
1651 777 1768 840 ἑνὸς
1794 777 1952 847 νομί-

371 889 580 943 σματος
610 885 623 899 '
656 870 781 922 εἰδὲ
821 870 990 922 πολλὰ
1027 869 1252 923 τοιαῦτα
1299 868 1568 938 πρόσωπα
1603 869 1698 921 ἐπὶ
1734 869 1834 939 μιᾷ
1863 869 1954 921 καὶ

367 964 436 1031 τῇ
469 961 604 1031 αὐτῇ
637 961 787 1030 αἰτίᾳ
814 959 1257 1030 ὑπομνησθῶσιν,
1293 961 1412 1025 ἐνὸς
1455 961 1616 1030 μόνου
1649 961 1946 1032 προσώπου

366 1052 603 1104 διδόασιν
639 1068 654 1082 ·
709 1052 1007 1114 ἐπίσκοπος
1037 1052 1176 1121 ὑπὲρ
1228 1051 1337 1104 τῶν
1402 1052 1546 1104 ίδίων
1602 1053 1948 1123 πραγμάτων

369 1142 702 1212 ὲναγόμενος
730 1141 914 1194 δίδωσι
977 1141 1303 1213 σπόρτουλα,
1339 1142 1477 1212 ὑπὲρ
1500 1141 1554 1195 δὲ
1594 1143 1694 1212 τῆς
1723 1143 1954 1212 Ἐκκλη-

373 1235 496 1296 σίας
557 1232 722 1287 αὑτοῦ
758 1235 831 1303 μὴ
888 1234 1172 1303 ὀχλείσϐω,
1208 1234 1322 1287 ἀλλ’
1348 1236 1375 1287 6
1426 1235 1770 1304 οἰκονόμοςῆ
1806 1237 1834 1289 ό
1863 1237 1954 1289 ἐπὶ

367 1327 544 1395 τούτῳ
579 1324 1016 1395 προϐαλλόμενος
1047 1343 1061 1356 ·
1091 1328 1118 1378 ὁ
1157 1325 1212 1378 δὲ
1240 1325 1390 1396 παρὰ
1425 1325 1597 1378 ταῦτα
1646 1325 1953 1396 σπόρτουλα

369 1415 573 1481 λαϐὼν,
599 1416 659 1468 τὸ
688 1415 910 1470 διπλοῦν
939 1417 1249 1482 ἀναδίδωσι,
1285 1418 1378 1468 καὶ
1402 1416 1506 1470 ὑπὸ
1538 1418 1827 1488 στρατείαν
1856 1419 1953 1488 μὲν

371 1508 451 1562 ὣν
468 1505 868 1574 ἀποζώννυται,
917 1509 1178 1580 κληρικὸς
1207 1509 1264 1562 δὲ
1298 1509 1640 1580 καθαιρεῖται
1663 1525 1677 1540 ’
1728 1509 1954 1563 ἐπίσκο-

370 1617 474 1663 πος
529 1599 652 1654 οὔτε
709 1599 800 1653 ἐπὶ
832 1603 1150 1671 χρηματικῇ
1204 1599 1328 1654 οὔτε
1379 1601 1757 1672 ἐγκληματικῇ
1805 1601 1950 1673 δίκῃ,

369 1693 539 1762 χωρὶς
568 1691 870 1754 κελεύσεως
904 1691 1210 1761 βασιλικῆς,
1243 1693 1486 1760 διάγεται
1513 1692 1545 1762 ἢ
1578 1694 1907 1764 παρίσταται
1937 1710 1950 1723 ο

368 1785 399 1834 ό
435 1783 493 1835 δὲ
524 1784 676 1854 παρὰ
703 1783 873 1836 ταῦτα
931 1783 1242 1854 προστάξας
1274 1785 1566 1854 ἐγγράφως
1595 1783 1627 1854 ἢ
1670 1785 1951 1854 ἀγράφως,

369 1873 771 1939 ἀποζὼννυται,
800 1874 894 1927 καὶ
927 1871 976 1927 κ’
1012 1875 1200 1943 λίτρας
1236 1874 1527 1945 ζημιοῦται
1567 1878 1633 1946 τῇ
1659 1873 1956 1946 Ἐκκλησία

364 1965 462 2018 τοῦ
497 1965 818 2031 ἐπισκόπου,
851 1966 944 2018 καὶ
969 1967 996 2018 ὁ
1024 1965 1354 2035 ὲκϐιόαστὴς
1395 1964 1793 2030 ἅποζώννυται,
1859 1965 1955 2019 καὶ

370 2057 804 2128 βασανιζόμενος
864 2057 1165 2127 ὲξορίζεται
1201 2073 1216 2088 °
1278 2057 1371 2110 καὶ
1425 2059 1459 2126 ἡ
1495 2056 1558 2120 ιζ’
1594 2058 1734 2112 ater.
1784 2055 1880 2110 τοῦ
1907 2075 1956 2110 αν

365 2150 476 2204 τίτ.
525 2150 634 2202 τῶν
662 2147 894 2220 Νεαρῶν
949 2165 1118 2218 φησιν
1145 2188 1162 2211 ,
1205 2150 1310 2213 ὅτι,
1342 2149 1677 2202 Ἐπισκόπου
1717 2165 1952 2218 κατηγο-

370 2241 662 2312 ρουμένου,
694 2241 722 2294 ὁ
754 2241 1158 2312 μητροπολίτης
1185 2240 1364 2312 κρίνει
1396 2256 1410 2270 ο
1456 2241 1507 2292 εί
1530 2240 1588 2294 δὲ
1620 2240 1954 2312 μητροπολί-

366 2348 471 2403 της
502 2335 908 2403 κατηγορεῖται,
940 2335 967 2385 6
990 2332 1338 2404 πατριάρχης
1365 2331 1529 2386 αὑτοῦ
1559 2335 1754 2385 σκοπεῖ
1781 2348 1795 2364 ο
1823 2334 1872 2384 εἰ
1899 2331 1956 2384 δὲ

367 2425 632 2495 κληρικος
655 2423 688 2494 ἢ
723 2424 976 2494 μοναχδς,
1007 2425 1035 2477 6
1061 2424 1362 2487 ἐπίσκοπος
1397 2423 1564 2477 αὑτοῦ
1592 2440 1607 2455 ο
1637 2423 1731 2477 καὶ
1757 2425 1785 2476 6
1805 2424 1959 2477 πταί-

370 2532 490 2580 σας,
543 2516 842 2579 κανονικῶς
875 2515 1267 2586 σωφρονίζεται
1301 2517 1378 2588 τῷ
1435 2516 1667 2588 κρίματι
1729 2516 1824 2568 τοῦ
1871 2515 1957 2580 ἐξ·

371 2607 660 2671 ετάζοντος
687 2622 700 2636 ⁶
735 2609 768 2679 ἡ
804 2607 860 2660 δὲ
890 2609 1017 2678 περὶ
1057 2608 1449 2679 τοποτηρητῶν
1481 2607 1556 2679 ρλ¹
1580 2609 1749 2680 νεαρὰ
1783 2608 1952 2676 λέγει,

370 2699 454 2752 ὅτι
513 2700 836 2770 μονάστρια,
885 2698 974 2752 διὰ
1027 2698 1285 2768 οὐδεμίαν
1329 2699 1576 2769 ἀγωγὴν,
1613 2701 1678 2752 ὲκ
1696 2698 1788 2752 τοῦ
1824 2699 1954 2751 ἰδίου

373 2809 619 2864 μοναστη
627 2791 744 2865 ρίου
765 2792 1004 2845 ἕλκεται.

446 3075 694 3129 ΚΕΦΛΛ.
725 3072 873 3129 B'.——
891 3075 1078 3128 Πόσοι
1097 3072 1197 3128 και
1221 3074 1380 3139 τίνες
1400 3073 1959 3142 καταμαρτυροῦσιν

373 3168 722 3222 ἐπισκόπων
745 3167 782 3234 ἢ
817 3165 1121 3234 κληρικῶν
1144 3182 1164 3229 ;

816 3259 1183 3313 Αποστόλων
1209 3257 1408 3311 κανὼν
1443 3264 1537 3314 oe'.

461 3355 554 3410 oa’.
577 3353 671 3416 Εἰς
688 3351 996 3424 μαρτυρίαν
1007 3352 1104 3420 τὴν
1127 3346 1269 3402 κατὰ
1294 3348 1620 3412 ἐπισκόπου,
1684 3350 1960 3422 αἱρετικὸν

379 3439 456 3508 μὴ
480 3438 892 3508 προσδέχεσθαι,
917 3438 1054 3491 ἀλλὰ
1085 3437 1160 3510 μὴ
1189 3438 1246 3492 δὲ
1289 3439 1479 3493 πιστὸν
1505 3440 1602 3494 ἕνα
1638 3457 1652 3472 ·
1683 3441 1782 3494 ἐπὶ
1814 3444 1959 3497 στό-

370 3546 560 3599 ματος
603 3529 710 3600 γὰρ
762 3529 872 3584 δύο
924 3531 962 3599 ἢ
1013 3527 1190 3596 τριῶν
1217 3531 1545 3600 μαρτύρων
1593 3532 1962 3602 σταθήσεται

375 3620 505 3678 πᾶν
522 3618 710 3692 ῥῆμα.

519 3714 792 3771 Συνόδου
827 3714 1246 3786 Καρθαγέννης
1273 3715 1472 3769 κανὼν
1504 3720 1550 3768 κ’
1575 3715 1649 3768 νϐ’
1684 3716 1817 3786 ρλοι’.

451 3805 591 3873 Περὶ
620 3806 1040 3875 πρεσϐυτέρων
1063 3806 1163 3860 καὶ
1203 3805 1508 3874 κληρικῶν
1528 3806 1963 3876 κατηγορουμέ-

376 3916 520 3953 «νων.

453 3987 522 4046 κ’.
559 3987 685 4043 Ἐὰν
713 3990 770 4043 δὲ
797 3989 1157 4060 πρεσϐύτεροι
1196 3991 1230 4061 ἦ
1256 3991 1491 4045 διάκονοι
1521 3991 1958 4063 κατηγορηοῶσι,

377 4104 436 4141 κ.
477 4104 528 4139 τ.
563 4086 614 4139 λ.

453 4179 592 4248 Περὶ
639 4177 746 4233 τοῦ
800 4177 1148 4246 κληρικοὺς.
1208 4177 1384 4247 χάριν
1432 4176 1806 4246 διαγνώσεως
1850 4175 1962 4244 τῆς

375 4271 600 4335 οικείας
628 4267 827 4324 αὐτῶν
854 4269 1125 4337 κρίσεως,
1158 4270 1246 4340 μὴ
1283 4267 1719 4340 ἀναγκάζεσθαι
1782 4267 1963 4336 δημο-

373 4365 442 4417 σί
444 4383 522 4429 ως
535 4361 877 4433 μαρτυρεῖν.

445 4451 542 4508 νϐ’.
573 4455 665 4505 Δεῖ
711 4453 926 4524 αἰτῆσαι
954 4452 1034 4505 ἔτι
1064 4450 1170 4522 μὴν
1210 4451 1296 4505 ἵνα
1320 4451 1499 4523 ὁρίσαι
1529 4448 1958 4515 καταξιὼσωσιν,

2057 602 2180 645 tuor
2208 593 2435 661 siliquas
2463 593 2615 646 dant.
2662 592 2815 657 Quod
2849 593 2894 647 si
2936 595 3058 662 quis
3097 593 3358 662 imperiali
3386 595 3633 664 jussione

2053 690 2146 736 aut
2171 698 2202 736 a
2233 684 2577 754 magistratu.
2608 694 2701 737 aut
2730 699 2760 738 a
2792 685 3101 751 patriarcha
3138 685 3204 738 ad
3235 687 3484 741 citandos
3513 687 3634 743 illos

2053 775 2255 830 missus
2307 775 2490 839 fuerit,
2548 793 2654 830 non
2714 777 2853 830 ultra
2910 793 3078 832 unum
3141 779 3377 835 solidum
3434 780 3630 850 capiet.

2055 869 2195 934 Quin
2223 869 2266 924 si
2304 870 2490 924 multm
2531 870 2838 923 istiusmodi
2874 885 3121 940 personae
3167 872 3223 925 iri
3257 886 3366 925 una
3415 872 3635 926 eadem-

2055 973 2160 1026 que
2197 973 2362 1014 causa
2396 961 2652 1026 citentur,
2703 959 2868 1013 unius
2925 969 3132 1014 tantum
3172 976 3416 1029 personae
3455 962 3636 1035 [spor-

2056 1049 2221 1121 tulas]
2270 1050 2421 1105 dant.
2459 1049 2759 1120 Episcopus
2810 1067 2995 1105 rerum
3045 1066 3270 1106 suarum
3315 1053 3536 1107 nomine
3579 1054 3632 1106 in

2051 1140 2142 1208 jus
2180 1149 2431 1205 vocatus,
2482 1142 2574 1194 dat
2609 1142 2886 1211 sportulas
2918 1161 2930 1196 :
2968 1142 3060 1196 sed
3093 1157 3192 1212 pro
3242 1144 3406 1198 rebus
3444 1143 3635 1198 Ecclc-

2055 1233 2150 1285 sine
2176 1249 2288 1286 sua:
2341 1248 2410 1287 ne
2462 1231 2794 1302 inquietatur
2825 1230 3115 1305 [quidem],
3153 1234 3247 1288 sed
3287 1249 3631 1302 (economus,

2055 1326 2219 1394 quive
2260 1325 2324 1379 ad
2370 1325 2422 1379 id
2475 1325 2792 1394 designatus
2828 1334 2931 1379 est.
2964 1322 3067 1390 Qui
3111 1339 3240 1379 vero
3290 1334 3478 1380 contra
3518 1326 3634 1382 haec

2056 1413 2332 1481 Sportulas
2364 1415 2588 1483 ceperit,
2623 1414 2849 1483 duplum
2903 1415 3118 1468 reddit:
3157 1425 3210 1468 et
3245 1416 3290 1470 si
3341 1415 3395 1470 in
3437 1417 3632 1471 militia

2056 1503 2359 1577 [quapiam]
2389 1505 2481 1572 sit,
2514 1505 2732 1572 cingulo
2761 1505 3004 1572 privatur
3040 1520 3054 1558 :
3095 1503 3140 1559 si
3185 1503 3438 1573 clericus,
3468 1505 3638 1576 depo-

2056 1598 2224 1653 nitur.
2260 1598 2564 1668 Episcopus
2593 1613 2771 1667 ncque
2806 1606 3028 1666 propter
3051 1598 3421 1666 pecuniariam
3458 1615 3634 1670 neque

2056 1699 2278 1760 propter
2334 1689 2670 1744 criminalem
2723 1703 2982 1754 causam,
3040 1688 3178 1743 citra
3225 1691 3631 1760 imperatoriam

2054 1779 2398 1848 jussionem,
2429 1781 2649 1834 ducitur
2684 1788 2778 1833 aut
2827 1778 3065 1832 sistitur.
3113 1779 3217 1845 Qui
3266 1797 3397 1835 vero
3444 1790 3633 1836 contra

1987 1850 2027 1904 Β
2059 1871 2160 1926 hoc
2191 1881 2282 1926 aut
2313 1888 2409 1940 per
2445 1872 2769 1942 scripturam
2801 1878 2897 1923 aut
2934 1869 3073 1924 citra
3098 1874 3427 1942 scripturam
3455 1873 3636 1941 jusse—

2058 1964 2149 2028 rit,
2176 1964 2339 2037 246
2369 1974 2421 2020 et
2451 1967 2670 2036 cingulo
2694 1968 2980 2036 spoliatur,
3025 1976 3078 2023 et
3113 1967 3303 2037 viginti
3339 1965 3494 2020 libris
3523 1963 3630 2019 Ec-

2058 2053 2241 2108 clesia:
2275 2056 2517 2124 episcopi
2556 2054 2945 2128 [applicandis]
2989 2057 3297 2111 multatur:
3345 2066 3638 2110 exsecutor

2060 2157 2240 2200 autem
2297 2147 2517 2218 cingulo
2565 2150 2895 2215 denudatur,
2949 2160 3004 2206 et
3039 2151 3329 2206 tormentis
3383 2151 3638 2204 subditus

2058 2238 2568 2308 exsularejubetur.
2607 2239 2674 2294 Et
2705 2249 2879 2298 const.
2920 2241 3008 2308 17,
3049 2243 3131 2296 tit.
3190 2239 3634 2296 iNovellarum:

2059 2327 2195 2383 Cum
2225 2331 2513 2400 episcopus
2555 2331 2776 2404 [inquit]
2817 2342 3134 2399 accusatur,
3184 2332 3640 2403 metropolitanus

2056 2421 2288 2491 judicat.
2324 2421 2381 2478 Si
2418 2439 2548 2480 vero
2591 2426 3050 2496 metropolitanus
3097 2433 3413 2491 accusetur,
3464 2423 3639 2494 ipsius

2060 2512 2373 2581 patriarcha
2404 2517 2710 2585 cognoscit.
2778 2515 2884 2571 Sed
2931 2516 2978 2571 si
3016 2514 3254 2570 clericus
3301 2523 3397 2569 aut
3444 2531 3639 2569 mona-

2060 2606 2220 2672 chus,
2253 2607 2374 2675 ejus
2406 2608 2717 2678 episcopus.
2763 2607 2868 2675 Qui
2899 2615 3076 2663 autem
3121 2607 3384 2678 deliquit,
3427 2607 3638 2678 judicio

2060 2698 2178 2766 ejus
2224 2700 2318 2770 qui
2381 2699 2652 2772 [causam]
2691 2702 2994 2767 examinat,
3046 2702 3348 2757 secundum
3397 2716 3637 2756 canones

2060 2792 2378 2862 castigatur.
2424 2791 2597 2848 Porro
2645 2793 2858 2848 novella
2914 2793 3036 2858 154,
3089 2794 3157 2849 de
3217 2793 3439 2848 vicariis
3483 2793 3636 2855 dicit,

2061 2884 2206 2954 quod
2235 2886 2538 2941 monastria
2578 2902 2674 2956 per
2700 2887 2906 2942 nullam
2935 2886 3205 2941 actionem
3237 2900 3268 2940 e
3307 2901 3407 2940 suo
3438 2901 3638 2939 mona-

2062 2977 2234 3031 sterio
2277 2978 2545 3032 trahatur.

2133 3094 2286 3150 CAP.
2330 3095 2391 3150 ll.
2426 3128 2494 3137 —
2517 3097 2658 3163 Quot
2713 3097 2792 3151 vel
2829 3097 3049 3166 quinam
3079 3098 3248 3150 dicere
3280 3098 3641 3150 testimonium

1984 3187 2029 3246 C
2061 3197 2253 3258 queant
2280 3187 2531 3242 adversus
2562 3188 2832 3256 episcopos
2866 3197 2958 3240 aut
2991 3187 3228 3240 clericos.

2403 3310 2406 3313 -
2485 3281 2862 3346 Apostolorum
2887 3296 3056 3334 canon
3089 3279 3178 3333 75.

2134 3373 2203 3428 75
2225 3370 2358 3445 [74].
2395 3374 2452 3427 ln
2486 3373 2860 3428 testimonium
2882 3372 3145 3428 adversus
3168 3369 3485 3440 episcopum
3526 3369 3641 3425 bte-

2065 3468 2268 3520 reticus
2310 3481 2375 3521 ne
2414 3465 2780 3532 admittatur;
2818 3465 2912 3520 sed
2949 3480 3051 3520 nec
3076 3480 3217 3520 unus
3246 3465 3397 3518 solus
3429 3461 3640 3516 ﬁdelis:

2063 3557 2132 3612 In
2165 3575 2252 3613 ore
2285 3559 2429 3612 enim
2456 3557 2683 3611 duorum
2723 3556 2802 3611 uel
2853 3557 3016 3610 trium
3047 3557 3256 3610 testium
3305 3554 3462 3609 stabit
3492 3568 3644 3606 omne

2062 3649 2294 3703 verbum.

2133 3741 2357 3796 Concilii
2392 3741 2833 3813 Carthaginensis
2866 3756 3091 3794 canones
3117 3739 3208 3807 νο,
3241 3737 3330 3802 59,
3370 3739 3494 3792 151.

2137 3831 2214 3884 De
2234 3832 2551 3902 presbyteris
2577 3841 2626 3885 et
2660 3830 2864 3885 clericis
2893 3831 3176 3884 accusatis.

2133 4011 2224 4067 20.
2261 4008 2316 4064 Si
2342 4007 2651 4080 presbyteri
2681 4016 2736 4062 et
2767 4007 3004 4070 diaconi,
3043 4015 3150 4069 etc,
3193 4017 3248 4058 ut
3288 4022 3407 4075 pag.
3453 4005 3580 4061 706.

2131 4187 2196 4243 Ut
2227 4186 2405 4241 clerici
2426 4185 2490 4239 de
2516 4183 2704 4247 iudicii
2734 4185 2817 4237 sui
2844 4183 3143 4253 cognitiora:
3164 4198 3268 4236 non
3308 4193 3564 4252 cogantur
3591 4182 3642 4234 in

2063 4281 2270 4350 publica
2296 4279 2465 4333 dicere
2499 4277 2856 4332 testimonium
2893 4275 3029 4344 (91).

2136 4463 2223 4518 59.
2276 4462 2570 4516 Petemlum
2593 4460 2641 4493 ²⁰
2674 4461 2839 4516 etiam
2867 4499 2883 4526 ,
2936 4468 2996 4514 ut
3034 4468 3276 4515 statuere
3329 4458 3640 4530 dignentur,

374 4547 516 4602 ὥστε
563 4547 660 4618 ἐάν
713 4564 857 4612 τινες
904 4549 962 4600 ὲν
1027 4545 1323 4616 Ἐκκλησία
1392 4545 1716 4615 οἱανδήποτε
1771 4542 1982 4595 αἰτίαν.

2063 4555 2197 4609 utsi
2237 4554 2331 4623 qui
2362 4552 2501 4608 forte
2537 4552 2590 4607 in
2637 4550 2870 4607 ecclesia
2916 4548 3217 4620 quamlibet
3256 4529 3479 4604 causam
3518 4548 3642 4616 jure

373 4637 718 4708 ἀποστολικῷ
744 4637 940 4707 δικαίῳ
969 4635 1047 4706 τῷ
1075 4637 1195 4698 ταῖς
1227 4633 1578 4704 Ἐκκλησίαις
1620 4630 1954 4701 ἐπικειμένῳ

373 4731 651 4802 γυμνάσαι
683 4729 971 4800 θελήσωσι,
1005 4729 1096 4780 καὶ
1132 4728 1261 4790 ἴσως
1291 4729 1323 4797 ἠ
1348 4726 1490 4796 τομὴ
1517 4725 1625 4778 τῶν
1675 4723 1955 4794 κληρικῶν

373 4823 454 4895 τῷ
478 4823 561 4879 ἑνὶ
588 4823 745 4894 μέρει
774 4822 1065 4892 ἁπαρέσοι,
1101 4819 1176 4890 μὴ
1199 4819 1397 4883 ἐξεῖναι
1435 4818 1572 4888 πρὸς
1602 4817 1955 4888 δικαστήριον

375 4916 458 4980 είς
494 4912 800 4986 μαρτυρίαν
830 4912 1220 4982 προκαλεῖσθαι
1266 4911 1357 4964 τὸν
1400 4909 1662 4982 κληρικὸν
1722 4911 1952 4974 ἐκεῖνον,

373 5005 470 5060 τὸν
535 5005 797 5076 πρότερον
830 5003 890 5055 τὺ
939 5003 1068 5056 αὐτὸ
1114 5004 1350 5074 πρᾶγμα
1402 5001 1820 5074 σκοπήσανταῆ
1861 5003 1958 5054 xei.

383 5097 739 5165 σκοπουμένῳ
771 5094 1156 5165 παρατυχόντα
1187 5113 1200 5127 ο
1231 5095 1324 5149 καὶ
1373 5095 1460 5148 ἵνα
1517 5093 1650 5164 μηδὲ
1683 5090 1960 5164 προσώπῳ

379 5187 462 5250 τίς
509 5187 805 5256 προσήκων
864 5186 1328 5258 ἐκκλησιαστικῷ,
1371 5186 1627 5256 ὲναχθείη
1687 5185 1817 5256 περὶ
1863 5184 1959 5238 τοῦ

378 5278 617 5348 ὀφείλειν
648 5281 969 5350 μαρτυρεῖν.

551 5369 726 5436 Τίνας
750 5368 845 5423 δεῖ
863 5369 1304 5438 προσδέχεσθαι
1331 5371 1417 5434 είς
1442 5368 1797 5438 μαρτυρίαν.

455 5461 594 5532 pla’.
613 5461 910 5533 Μάρτυρας
925 5461 982 5514 δὲ
1003 5460 1135 5532 πρὸς
1157 5461 1458 5532 μαρτυρίαν
1483 5461 1558 5532 μὴ
1571 5460 1959 5532 προσδέχεσθαι

456 5637 504 5668 ’⁸
523 5637 692 5692 Cerne.
725 5637 979 5709 Cartliag.
1005 5655 1057 5705 v,
1087 5653 1207 5708 cap.
1241 5640 1325 5694 15.
1361 5637 1528 5692 Afric.
1558 5651 1610 5693 c.
1641 5637 1691 5690 6.

2063 4647 2361 4718 apostolico
2427 4645 2672 4710 ecclesiis
2728 4643 2988 4712 imposito
3040 4657 3201 4713 agere
3232 4641 3536 4704 voluerint,
3590 4650 3645 4694 ct

2060 4739 2295 4794 fortasse
2318 4738 2562 4793 decisum
2599 4736 2722 4810 [ms.
2754 4733 2981 4806 decisio]
3003 4734 3326 4788 clericorum
3357 4733 3451 4787 uni
3505 4733 3645 4802 parti

2077 4827 2454 4898 displicuerit;
2499 4841 2606 4881 non
2666 4825 2825 4881 liccat
2876 4823 3135 4879 clericum
3185 4823 3238 4877 in
3278 4823 3540 4889 judicium
3575 4826 3646 4876 ad

2063 4920 2437 4976 testimonium
2475 4917 2728 4973 devocari
2772 4916 2932 4988 247
2969 4932 3130 4982 eum,
3154 4917 3246 4985 qui
3283 4916 3532 4986 cognitor
3561 4915 3643 4968 vel

2065 5027 2309 5082 prmsens
2360 5011 2564 5067 fuerit:
2596 5019 2650 5065 et
2695 5009 2817 5081 [ms.
2856 5011 2940 5078 ut]
2967 5009 3114 5063 nulla
3166 5007 3232 5062 ad
3265 5006 3640 5064 testimonium

2061 5104 2353 5160 dicendum
2410 5102 2764 5158 ecclesiastici
2809 5102 3106 5173 cujuslibet
3153 5114 3390 5172 persona
3456 5097 3642 5170 pulse-

2063 5206 2170 5251 tur.

2129 5366 2233 5431 Qui
2261 5374 2328 5419 ad
2361 5365 2717 5419 testimonium
2743 5363 3077 5419 admittendi.

2147 5458 2268 5512 151.
2319 5439 2510 5515 Testes
2546 5466 2732 5513 autem
2791 5457 2856 5513 ad
2897 5453 3271 5512 testimonium
3307 5466 3416 5506 non
3449 5447 3647 5505 admit-

465 5798 691 5868 (9l)Al.
749 5799 821 5853 De
886 5797 1088 5854 clericis
1157 5797 1225 5850 ad
1281 5796 1632 5850 testimonium
1705 5811 1804 5848 non
1832 5793 2125 5865 pulsandis.
