4122 6430
560 423 665 488 719

1751 406 2009 467 ΡΙΙΟΤΙΙ
2038 396 2540 462 PATRIARCH/E
2573 392 2680 453 CP.

3720 382 3822 445 720

568 535 760 593 tendos
790 533 862 596 “,
913 531 1004 601 qui
1051 543 1150 585 nec
1204 527 1270 583 ad
1312 525 1715 582 accusationem
1758 521 1968 575 admitti
2006 534 2178 588 ιιι-ων

2283 516 2373 576 οὓς
2405 510 2538 581 μηδέ
2567 506 2703 578 πρὸς
2735 501 3068 572 κατηγορίαν
3129 497 3467 568 εἰσδεχθῆναι
3513 495 3817 567 παραγγελ-

566 627 706 697 cepii
759 633 908 687 sunt,
956 623 1041 676 vel
1089 621 1251 676 etiam
1300 634 1437 688 quos
1483 618 1598 686 ipse
1631 621 1923 668 accusator
1949 611 2015 665 de
2042 626 2140 665 sua

566 722 728 776 domo
756 715 1096 786 produxerit.
1132 712 1212 766 Ad
1241 709 1618 766 testimonium
1651 713 1834 760 autem
1862 705 2002 758 intra
2043 717 2143 756 an-

567 826 667 865 nos
709 808 776 861 14
808 808 984 862 aetatis
1017 819 1128 860 sua:
1158 818 1265 857 non
1307 801 1684 855 admittantur.

643 901 859 954 Tcxlus.
894 897 1095 963 Quales
1147 909 1269 949 esse
1309 899 1556 962 oporteat
1609 889 1701 958 qui
1748 889 1802 942 in
1836 887 2043 958 judicio
2067 896 2148 941 te-

574 991 890 1049 stimonium
926 989 1130 1050 dicunt,
1165 985 1325 1038 docet
1363 984 1446 1037 tit.
1472 982 1525 1048 5,
1551 982 1645 1035 lib.
1674 997 1809 1045 xx",
1849 988 1902 1034 et
1950 979 2032 1032 tit.
2059 977 2150 1042 9.0,

567 1083 661 1137 lib.
696 1097 769 1145 tv,
801 1079 936 1134 Cod.
963 1088 1015 1131 ct
1044 1075 1252 1130 novella
1281 1074 1350 1128 90
1379 1073 1444 1128 de
1474 1072 1725 1128 testibus.
1757 1070 1947 1124 Const.
1971 1077 2152 1122 autem

569 1175 602 1228 9
655 1172 894 1242 ejusdem
927 1169 997 1222 20
1051 1169 1133 1222 tit.
1170 1167 1265 1231 ait,
1301 1166 1445 1235 quod
1509 1180 1652 1218 unus
1699 1162 1849 1218 solus
1901 1176 2006 1213 non
2061 1173 2157 1211 au-

573 1267 776 1328 diatur,
813 1261 1030 1316 etiamsi
1085 1261 1292 1313 honore
1332 1257 1669 1325 praefulgent.
1718 1253 2016 1308 llaereticus
2057 1261 2157 1305 au-

571 1371 678 1411 tem
710 1354 937 1408 omnino
969 1361 1156 1406 contra
1186 1349 1554 1403 orthodoxuin
1590 1361 1697 1398 non
1738 1344 1872 1398 dicit
1917 1343 2158 1397 testimo-

571 1451 746 1512 nium,
778 1445 885 1500 nisi
924 1453 1148 1514 promer
1171 1440 1431 1496 curialem
1466 1447 1671 1493 statum
1706 1435 2048 1490 orthodosus
2106 1434 2160 1487 in

568 1543 661 1611 jus
691 1547 957 1594 vocetur:
995 1544 1054 1589 ut
1089 1533 1301 1606 [tradit]
1356 1532 1452 1587 lib.
1505 1547 1539 1596 ι,
1572 1528 1714 1584 Cod.
1762 1528 1846 1581 tit.
1892 1527 1945 1592 5,
1985 1536 2160 1581 const.

571 1633 665 1694 9.5,
698 1639 753 1685 et
789 1626 1022 1691 novella,
1049 1626 1117 1679 de
1151 1621 1537 1678 decurionibus
1567 1629 1620 1673 et
1646 1618 2019 1674 cohortalibus
2052 1618 2164 1672 lite—

574 1721 783 1783 rcticis,
816 1717 918 1783 45,
977 1731 1099 1786 qua:
1146 1713 1320 1768 relata
1378 1717 1463 1767 est
1524 1709 1665 1765 inter
1720 1709 1973 1780 paratitla
2019 1710 2102 1763 tit.
2135 1709 2169 1762 5

574 1811 941 1867 Novellarum.

2251 609 2464 667 θέντας,
2491 604 2524 672 ἢ
2563 603 2646 652 ἔτι
2686 599 2793 669 μὴν
2823 596 2918 659 οὒς
2964 592 3126 655 αὐτὸς
3152 592 3180 643 ὁ
3223 589 3526 659 κατήγορος
3574 583 3720 649 οἶκος
3766 590 3824 641 ἐκ

2251 694 2345 746 τοῦ
2372 691 2502 744 ἰδίου
2534 687 2684 741 οἴκου
2711 682 3040 754 προκομίσει
3069 697 3083 711 ·
3129 675 3404 748 μαρτυρία
3434 675 3493 727 δὲ
3529 674 3681 736 ἐντὸς
3711 674 3817 726 κεί-

2256 802 2355 857 ρας
2376 779 2639 835 ἐνιαυτῶν
2660 777 2718 830 ιδ’
2753 776 2828 846 μὴ
2853 770 3233 844 προσδεχθείη.

2339 874 2589 932 ὐποίους
2612 871 2692 922 δεῖ
2715 861 2855 922 εἶναι
2889 866 3014 927 τοὺς
3041 866 3097 916 ἐν
3127 861 3252 933 δίκῃ
3301 859 3728 931 μαρτυροῦντας,
3755 859 3826 912 δι-

2258 969 2444 1022 δάσκει
2474 968 2502 1018 ὁ
2524 962 2566 1016 ε’
2589 962 2694 1016 τίτ.
2726 959 2820 1013 τοῦ
2845 958 2929 1028 κβ¹
2957 955 3102 1027 βιϐλ.
3131 953 3226 1006 καὶ
3245 953 3274 1006 ὁ
3310 958 3358 1004 κ’
3388 952 3493 1005 τίτ.
3548 949 3642 1003 τοῦ
3668 950 3706 1002 δ’
3733 951 3826 1003 τίτ.

2261 1059 2354 1113 τοῦ
2382 1056 2512 1111 κώδ.
2544 1055 2639 1108 καὶ
2667 1056 2700 1124 ή
2729 1052 2857 1124 περὶ
2895 1049 3189 1121 μαρτύρων
3245 1044 3416 1114 νεαρὰ
3444 1059 3458 1074 °
3491 1045 3524 1112 ἡ
3557 1043 3613 1096 δέ
3639 1042 3682 1094 θ’
3701 1043 3830 1096 διάτ.

2268 1150 2362 1204 τοῦ
2387 1146 2556 1203 αὐτοῦ
2587 1147 2637 1199 κ’
2664 1147 2770 1200 τίτ.
2810 1144 2996 1214 φησὶν,
3021 1143 3101 1194 ὅτι
3137 1134 3217 1204 εἷς
3247 1139 3406 1209 μόνος
3433 1136 3534 1188 οὐκ
3567 1135 3830 1199 ἀκούεται,

2265 1243 2368 1298 κᾶν
2403 1241 2574 1312 μέγας
2602 1239 2685 1307 εἴη
2719 1234 3088 1305 ἀξιωματικός
3121 1246 3135 1261 ⁸
3191 1229 3465 1298 αἰρετικδς
3513 1227 3570 1279 δέ
3617 1225 3834 1279 καθόλου

2266 1336 2326 1388 οὐ
2351 1331 2768 1402 καταμαρτυρεῖ
2801 1326 3106 1398 ὀρθοδὸξου,
3140 1323 3189 1374 εἱ
3218 1323 3292 1392 μὴ
3317 1321 3444 1388 περὶ¹
3497 1318 3836 1388 βουλευτικῆς

2270 1426 2659 1484 καταστάσεως
2685 1423 2712 1473 ὁ
2742 1418 3019 1490 ὀρθόδοξος
3069 1415 3354 1482 ἐναγηται,
3387 1412 3462 1475 ὡς
3500 1408 3642 1481 βιὸλ.
3674 1417 3721 1462 α’
3748 1409 3834 1462 τοῦ

2271 1517 2401 1572 κώδ.
2436 1516 2542 1568 τίτ.
2574 1514 2614 1566 ε’
2636 1512 2777 1566 διάτ.
2811 1516 2895 1562 κα¹
2928 1509 3021 1561 καὶ
3049 1508 3107 1559 ἐν
3160 1508 3225 1575 τῇ
3263 1505 3392 1576 περὶ
3424 1503 3720 1574 βουλευτῶν
3754 1503 3840 1554 καὶ

2271 1606 2557 1672 ταξεωτῶν
2579 1603 2872 1674 αἱρετικῶν
2933 1607 3013 1671 με’
3050 1599 3242 1668 νεαρᾷ,
3291 1596 3410 1665 ἥτις
3456 1598 3744 1668 ἀνήνεκται
3789 1597 3842 1647 ἐν

2271 1704 2383 1765 τοῖς
2409 1696 2759 1768 παρατίτλοις
2791 1692 2886 1747 τοῦ
2920 1699 2969 1761 γ’
2989 1691 3094 1746 τίτ.
3118 1691 3226 1744 τῶν
3251 1688 3500 1759 Νεαρῶν.

649 1900 804 1955 CAP.
844 1899 933 1954 III.
963 1929 1029 1948 -.-
1059 1894 1202 1961 Quid
1228 1910 1346 1948 vero
1369 1891 1416 1946 si
1445 1892 1560 1962 quis
1592 1891 1657 1944 de
1689 1888 2000 1942 criminibus
2025 1888 2162 1940 mul-

2340 1878 2588 1933 ΚΕΦΑΛ.
2627 1875 2703 1929 Γ’.
2727 1903 2794 1914 ——
2837 1871 2980 1928 Ἐάν
3012 1888 3103 1935 τις
3123 1869 3223 1922 ἐπὶ
3247 1867 3503 1934 πολλοῖς
3521 1867 3845 1935 ἐγκλήμασι

581 1999 645 2048 iis
683 1994 931 2048 clericum
970 2004 1247 2051 accusans,
1280 1986 1512 2054 primum
1557 1997 1622 2038 ea:
1660 1983 1741 2036 his
1808 1983 2169 2036 demonstrare

2277 1968 2554 2038 κληρικοῦ
2577 1965 3018 2035 κατηγορήσας,
3051 1961 3132 2032 μὴ
3159 1959 3449 2028 ἀποδείξῃ
3474 1958 3540 2011 τὸ
3575 1956 3849 2025 προτεθὲν

580 2087 838 2158 nequeat?

895 2173 1125 2240 Concilii
1162 2167 1565 2239 Cathaginensis
1599 2181 1767 2218 canon
1800 2165 1920 2218 150.

656 2270 722 2324 Ut
753 2271 844 2339 qui
897 2283 1061 2322 unum
1095 2265 1293 2318 crimen
1339 2277 1442 2313 non
1498 2257 1796 2328 probaverit
1839 2255 1906 2309 ad
1945 2255 2172 2308 alterum

583 2361 793 2416 admitti
829 2376 930 2413 non
965 2357 1167 2410 debeat.

653 2453 785 2506 Item
843 2450 1045 2521 placuit
1096 2455 1152 2500 ιιι
1205 2443 1672 2515 quotiescunque,
1732 2447 1879 2503 etc.,
1942 2447 2000 2490 ut
2053 2453 2172 2506 pag.

585 2546 705 2599 707.

648 2637 814 2708 248
865 2632 1018 2689 CAP.
1050 2631 1142 2686 lV.
1191 2661 1254 2671 —
1287 2629 1362 2683 De
1413 2629 1482 2682 iis
1510 2627 1600 2696 qui
1630 2625 1860 2695 propriis
1910 2637 2013 2674 non
2054 2619 2175 2672 obe-

586 2731 737 2782 diunt
770 2725 1046 2796 episcopis.
1085 2721 1152 2773 Et
1182 2721 1245 2774 de
1274 2718 1553 2788 episcopis,
1593 2716 1682 2786 qui
1703 2713 1970 2768 hominem
1995 2728 2026 2763 (ι
2053 2725 2178 2778 pro-

584 2821 699 2886 prio
756 2818 995 2886 episcopo
1047 2809 1407 2881 pulsumlvel
1464 2805 1982 2861 excommunicatum
2042 2799 2180 2851 reci-

601 2912 754 2964 iiunt.

582 2928 754 2979 pium.

961 2991 1186 3047 Conciiii
1216 2985 1535 3041 Antiocheni
1567 2998 1743 3036 canon
1771 2983 1823 3036 6.

659 3089 715 3144 Si
768 3088 893 3158 quis
941 3102 970 3140 a
1001 3084 1225 3156 prOprio
1272 3082 1536 3151 episcopo
1587 3075 1698 3132 fuit
1739 3069 2184 3130 excommunica-

589 3195 695 3243 tus,
731 3198 798 3236 ne
844 3181 998 3250 prius
1051 3177 1120 3231 ab
1156 3176 1281 3230 aliis
1316 3172 1649 3241 suscipiatur
1675 3211 1689 3234 ,
1746 3182 1908 3237 quam
1962 3165 2182 3219 fuerita
2208 3214 2252 3273 α

593 3275 815 3345 proprio
843 3273 1104 3340 episcopo
1146 3274 1436 3335 susceptus
1456 3304 1471 3327 ,
1501 3263 1584 3318 vel
1605 3261 1748 3316 facta
1780 3259 1987 3330 synodo
2017 3270 2176 3312 acce-

599 3369 735 3422 dens
766 3379 828 3419 se
858 3359 1180 3425 defenderit,
1214 3365 1269 3411 et
1306 3368 1570 3425 persuasa
1622 3352 1831 3424 synodo
1859 3351 2022 3405 aliam
2054 3362 2178 3404 sen-

596 3456 826 3510 tentiam
871 3450 1137 3506 retulerit.
1189 3447 1335 3502 Idem
1368 3455 1550 3499 autem
1578 3443 1856 3499 decretum
1914 3441 2178 3496 adversus

592 3549 782 3611 laicos,
815 3555 869 3600 et
899 3543 1271 3615 presbyteros,
1307 3547 1360 3594 et
1380 3538 1664 3600 diaconos,
1699 3545 1756 3591 et
1792 3549 1887 3591 eos
1921 3534 2017 3604 qui
2050 3539 2180 3589 sunt

595 3643 646 3694 in
681 3637 811 3694 cleri
845 3636 1092 3704 catalogo
1122 3633 1461 3688 observetur.

661 3817 890 3872 Concilii
939 3811 1374 3883 Carthaginensis
1415 3824 1638 3864 canones
1679 3807 1745 3874 9,
1778 3805 1879 3871 29,
1927 3805 2022 3872 79,
2061 3805 2178 3858 I52.

668 3910 745 3963 De
778 3909 859 3962 his
906 3909 997 3978 qui
1036 3907 1222 3961 merito
1254 3905 1553 3974 facinorum
1586 3915 1802 3956 suorum
1839 3899 1903 3953 ab
1947 3898 2182 3952 ecclesiw

597 4002 1002 4072 congregatione
1033 3998 1326 4070 pelluntur.

675 4181 728 4235 9.
770 4178 1109 4250 Augustinus
1173 4175 1463 4245 episcopus
1486 4174 1570 4239 ’³,
1630 4172 1842 4243 legatus
1890 4170 2184 4240 provinciae

598 4271 898 4335 Numidiae,
934 4269 1072 4323 dis-it
1111 4286 1126 4322 :
1164 4266 1278 4320 Hoc
1308 4273 1548 4320 statuere
1574 4261 1900 4333 dignamini,
1931 4271 1990 4315 ut
2013 4262 2060 4316 si
2091 4261 2184 4330 qui

600 4362 738 4415 forte
771 4361 968 4414 merito
998 4356 1304 4413 facinorum
1352 4369 1578 4409 suorum
1639 4354 1708 4407 ab
1765 4351 2012 4407 Ecclesia
2041 4353 2182 4420 pulsi

603 4453 734 4525 [ms.
767 4449 1004 4522 expulsi]
1052 4455 1202 4516 sunt,
1236 4457 1290 4503 et
1324 4448 1438 4503 sive
1471 4446 1538 4501 ab
1593 4445 1776 4515 aliquo
1804 4443 2064 4514 episcopo
2101 4443 2185 4497 vel

601 4545 927 4614 presbytero
946 4543 1156 4598 fuerint
1182 4543 1237 4596 in
1261 4539 1704 4596 communionem
1732 4539 1996 4607 suscepti,
2019 4537 2183 4592 etiam

604 4635 718 4703 ipse
751 4634 869 4702 pari
911 4648 1036 4688 cum
1094 4633 1174 4687 eis
1220 4631 1451 4685 crimine
1487 4637 1736 4684 teneatur
1768 4627 2039 4682 obnoxius
2066 4624 2180 4693 (92)

603 4723 934 4792 refugientes
967 4723 1079 4792 (93)
1115 4723 1199 4777 sui
1229 4721 1468 4792 episcopi
1503 4719 1748 4790 regulare
1773 4717 2068 4788 judicium.
2101 4717 2184 4771 Ali

615 4813 888 4868 universis
919 4813 1188 4882 episcopis
1220 4812 1424 4868 dictum
1459 4817 1544 4865 est
1578 4826 1593 4864 :
1629 4807 1901 4863 Omnibus
1931 4806 2127 4876 placet.

676 4901 734 4956 Si
770 4904 889 4972 quis
919 4905 1403 4956 excommunicatus
1443 4909 1564 4954 ante
1593 4897 1923 4952 audientiam
1947 4911 2182 4949 commu-

605 4993 783 5046 nicare
820 4993 1250 5062 praesumpserit,
1291 4993 1400 5062 ipse
1433 4990 1488 5044 in
1530 5006 1585 5045 se
1627 4988 2024 5043 damnationem
2059 5002 2184 5055 pro-

607 5086 751 5140 tulit.

677 5177 767 5231 29.
812 5176 942 5231 Item
987 5176 1098 5248 (94)
1132 5176 1339 5248 placuit
1376 5175 1634 5232 universo
1683 5178 1939 5243 concilio,
1981 5185 2043 5233 ut
2088 5174 2184 5244 qui

679 5296 722 5326 ²¹
755 5293 924 5348 Cone.
958 5292 1144 5347 Carth.
1179 5305 1276 5357 vn,
1317 5304 1434 5359 cap.
1466 5291 1529 5358 ι;
1561 5289 1728 5346 Afric.
1761 5306 1813 5346 c.
1840 5291 1930 5346 98.
2006 5291 2052 5322 ”
2087 5289 2275 5345 Carth.

683 5413 796 5486 (9‘2)
825 5411 927 5486 ills.
958 5429 1011 5486 --ι
1056 5410 1158 5486 ipsi
1189 5409 1304 5486 pari
1331 5447 1344 5462 .
1377 5447 1390 5462 .
1427 5449 1441 5463 .
1478 5416 1810 5486 .‘teneantur
1843 5407 2082 5486 obnoxii.
2130 5425 2148 5458 ι

680 5477 790 5553 (95)
825 5477 1175 5537 Burcliardus
1206 5489 1259 5533 et
1283 5477 1394 5543 lvo,
1431 5478 1837 5550 refugientibus,
1873 5479 2190 5542 Gratianus,

607 5557 890 5624 refugiens.

681 5616 794 5690 (9'4)
827 5623 890 5689 ll,
923 5630 1118 5693 quaest.
1146 5623 1203 5687 5,
1232 5635 1353 5693 cap.
1380 5617 1435 5683 9,
1484 5619 1575 5674 ubi
1624 5618 1945 5693 citatursub
1971 5616 2193 5693 nomine

611 5687 829 5749 concilii
861 5687 1103 5748 Africani
1131 5709 1144 5746 :
1205 5687 1313 5745 sed
1351 5703 1459 5743 non
1492 5690 1760 5760 reperitur
1793 5690 1893 5746 uisi
1923 5691 1976 5744 in
2005 5687 2192 5760 codice

614 5780 914 5827 canonum,
962 5774 1016 5818 et
1059 5762 1295 5825 refertur
1323 5763 1376 5814 in
1435 5774 1468 5813 v
1517 5757 1728 5829 synodo
1775 5761 2022 5816 sessione
2047 5759 2101 5817 7.
2137 5757 2190 5812 in

617 5835 778 5904 epist.
813 5833 991 5906 Vigilii
1041 5829 1428 5906 papae—Est
1474 5845 1504 5887 e
1551 5831 1785 5888 concilio
1840 5829 2192 5902 Hippoui-re-

2271 2063 2504 2132 πρῶτον
2521 2060 2872 2129 κεφάλαιον.

2536 2151 2806 2205 Συνόδου
2831 2148 3251 2219 Καρθαγέννης
3272 2145 3475 2200 κανὼν
3510 2143 3604 2214 pi".

2348 2245 2484 2298 "Ira
2517 2245 2549 2296 ὁ
2583 2241 2718 2309 περί
2748 2240 2884 2305 ἐνὸς
2921 2240 3300 2309 ἐγκλήματος
3319 2235 3631 2297 ἀποδεῖξαι
3647 2232 3728 2302 μὴ
3754 2231 3848 2286 δυ-

2275 2338 2548 2406 νάμενος,
2602 2333 2752 2400 πρὸς
2779 2333 2986 2400 ἕτερον
3005 2332 3090 2402 μὴ
3118 2328 3420 2398 εἰσδεχθῇ.

2361 2428 2588 2497 Ὁμοίως
2626 2427 2823 2496 ἤρεσεν
2853 2423 2942 2479 ἵνα
2973 2421 3392 2492 ὁσακισδήποτε,
3423 2437 3483 2474 κ.
3516 2436 3567 2473 τ.
3591 2418 3640 2471 λ.

2352 2609 2603 2662 ΚΕΦΛΔ.
2669 2609 2742 2658 Δ’.
2775 2635 2843 2643 —
2902 2604 3042 2672 Περὶ
3075 2602 3196 2657 τῶν
3237 2601 3325 2672 μὴ
3386 2601 3852 2670 πειθαρχούντων

2281 2701 2403 2767 τοῖς
2443 2699 2682 2765 οἰκείοις
2734 2697 3089 2762 ἐπισκόποις
3119 2710 3134 2722 '
3202 2695 3300 2748 καί
3354 2693 3486 2761 περὶ
3527 2693 3852 2748 ἐπισκόπου

2282 2789 2612 2856 δεχομένου
2646 2788 2754 2840 τὸν
2786 2785 2906 2841 ὑπὸ
2925 2784 3030 2839 τοῦ
3060 2782 3215 2837 ιδιόυ
3254 2783 3598 2837 ἐπισκόπου
3652 2783 3852 2848 ἐκϐληο

2287 2881 2464 2938 θέντα
2501 2881 2539 2948 ἢ
2573 2879 2692 2933 ἀπὸ
2723 2877 3038 2942 κοινωνίας
3072 2876 3418 2946 γενόμενον.

2568 2971 2840 3025 Συνὸδου
2877 2970 3245 3037 Ἀντιοχείας
3282 2967 3488 3020 κανὼν
3512 2975 3587 3032 ς’.

2356 3064 2428 3119 Εί
2446 3082 2529 3127 τις
2555 3061 2659 3117 ὑπὸ
2687 3061 2779 3115 τοῦ
2833 3062 2963 3115 ἰδίου
3017 3062 3319 3114 ἐπισκόπου
3370 3059 3733 3127 ἀκοινώνητος
3765 3057 3849 3125 γέ-

2287 3176 2433 3229 γονε,
2469 3155 2543 3228 μὴ
2574 3156 2840 3226 πρότερον
2863 3155 3026 3207 αὑτὸν
3084 3154 3213 3224 παρ’
3241 3152 3447 3222 ἐτέρων
3476 3151 3747 3222 δεχθῆναι,
3806 3150 3850 3202 εἰ

2289 3253 2364 3324 μὴ
2395 3253 2485 3305 ὑπ’
2521 3248 2687 3304 αὐτοῦ
2720 3246 3095 3320 παραδεχθείη
3132 3244 3228 3300 τοῦ
3281 3245 3414 3298 ἰδίου
3478 3245 3788 3301 ἐπισκόπου.
3820 3241 3850 3310 ἢ

2283 3343 2503 3397 συνόδου
2535 3341 2836 3412 γενομένης
2863 3339 3184 3408 ἀπαντήσας
3228 3336 3632 3408 ἀπολογήσεται
3670 3351 3683 3366 ·
3739 3333 3850 3387 πεί-

2283 3454 2383 3501 σας
2403 3453 2461 3489 τε
2489 3435 2588 3506 τὴν
2629 3433 2870 3498 σύνοδον,
2903 3431 3255 3495 καταδέξοιτο
3277 3430 3473 3500 ἑτέραν
3504 3429 3802 3499 ἀπόφασιν·
3826 3426 3852 3477 ὀ

2281 3527 2445 3591 αὐτὸς
2489 3527 2545 3580 δέ
2568 3527 2692 3598 ὅρος
2735 3525 2830 3578 ἐπὶ⁵
2869 3523 3075 3579 λαῖκῶν
3104 3523 3198 3576 καὶ
3227 3522 3618 3594 πρεσϐυτέρων
3643 3521 3733 3573 καὶ
3747 3519 3852 3573 δια-

2281 3618 2477 3684 κόνων,
2514 3616 2611 3670 καὶ
2644 3617 2864 3669 πάντων
2893 3613 3002 3668 τῶν
3033 3615 3091 3668 ἐν
3125 3613 3204 3685 τῷ
3243 3613 3433 3684 κλήρῳ
3499 3611 3853 3682 καταλεγομέ-

2283 3728 2389 3764 νων
2423 3709 2712 3780 κρατείτω.
3662 3698 3666 3702 ’

2283 3799 2557 3854 Συνόδου
2590 3798 3011 3867 Καρθαγέννης
3047 3797 3250 3850 κανὼν
3298 3796 3344 3849 0'
3375 3796 3460 3850 κθ¹
3495 3796 3572 3867 ξβ¹
3603 3795 3676 3850 οϐ’
3727 3793 3848 3866 ρκβ’.

2357 3891 2498 3960 Περί
2524 3890 2643 3944 τῶν
2676 3889 2804 3943 κατ’
2839 3889 3020 3954 ἀξίαν
3041 3889 3159 3942 τῶν
3185 3889 3420 3942 οἰκείων
3477 3886 3857 3957 ἀτοπημάτων

2282 3986 2354 4040 ἐκ
2404 3985 2509 4038 τοῦ
2568 3981 3081 4051 ἐκκλησιαστικοῦ
3143 3981 3457 4051 συλλόγου
3508 3977 3851 4048 ἐκϐαλλομέο

2285 4093 2427 4130 νων.

2362 4166 2426 4221 θ’.
2449 4169 2810 4235 Αὐγουστῖνος
2835 4166 3128 4228 ἐπίσκοπος
3149 4180 3350 4233 τοποτη
3360 4161 3533 4233 ρητὴς
3549 4163 3644 4232 τῆς
3658 4161 3853 4229 Naupa-

2288 4260 2442 4329 δικῆς
2469 4258 2654 4328 χώρας
2684 4252 2860 4311 εἶπενο
2887 4255 3060 4308 Τοῦτο
3091 4254 3270 4326 ὁρίσαι
3299 4253 3694 4320 καταξιώσατε,
3726 4250 3849 4302 ὥστε

2288 4351 2416 4414 τοὺς
2446 4351 2612 4417 ἀξίως
2636 4349 2744 4401 τῶν
2798 4348 3014 4402 οἰκείων
3042 4346 3405 4418 ἐγκλημάτων
3435 4347 3545 4401 ἀπὸ
3582 4349 3677 4417 τῆς
3743 4344 3854 4397 Ἐκο

2292 4441 2522 4512 κλησίας
2547 4439 2896 4508 διωχθέντας,
2929 4437 3025 4490 ἐάν
3059 4454 3142 4499 τις
3181 4436 3535 4504 ἐπίσκοποςῆ
3569 4432 3850 4502 πρεσϐύτε-

2218 4565 2265 4624 D
2295 4551 2387 4604 ρος
2440 4530 2659 4601 δέξηται
2704 4531 2783 4594 εἰς
2837 4530 3144 4596 κοινωνίαν,
3194 4529 3289 4582 καὶ
3332 4531 3500 4591 αὐτὸς
3521 4529 3601 4581 ἔτι
3632 4528 3732 4597 μὴν
3784 4521 3851 4592 τῷ

2291 4625 2393 4696 ῐσῳ
2451 4624 2762 4694 ἐγκλήματι
2812 4622 3114 4686 ὑπεύθυνος
3169 4621 3418 4691 γένηται,
3470 4621 3586 4692 ἅμα
3614 4623 3720 4681 τοῖς
3768 4613 3851 4668 τοῦ

2292 4717 2496 4770 οἰκείου
2527 4715 2828 4769 ἐπισκόπου
2865 4715 2964 4786 τὴν
2994 4713 3286 4784 κανονικὴν
3315 4713 3494 4783 ψῆφον
3547 4707 3847 4781 ἀποφυγοῦ-

2292 4825 2395 4862 σιν.

2362 4901 2437 4954 Εἴ
2467 4918 2558 4964 τις
2610 4901 2729 4955 ἀπὸ
2783 4900 3100 4964 κοινωνίας
3135 4896 3244 4963 ὢν,
3290 4897 3401 4965 πρὸ
3425 4896 3534 4951 τοῦ
3570 4888 3850 4956 ἀκουσθιῖ-

2290 5007 2412 5058 ναι,
2445 4992 2816 5060 κοινωνῆσαι
2865 4989 3181 5061 τολμήσω,
3234 4989 3418 5056 αὐτὸς
3472 4989 3602 5044 καθ’
3652 4980 3850 5040 ἑαυτοῦ

2290 5083 2407 5152 τὴν
2438 5083 2770 5150 καταδίκην
2791 5082 3151 5151 προήγαγεν.

2363 5159 2475 5229 κο’.’
2505 5175 2737 5246 Ὁμοίως
2760 5176 2924 5246 ἤρεσε
2953 5175 3049 5227 σὺν
3083 5173 3230 5244 πάσῃ
3263 5176 3328 5246 τῇ
3374 5174 3594 5244 συνόδῳ,
3624 5171 3704 5225 ἵνα
3728 5171 3753 5222 ό
3775 5161 3850 5219 διὰ

2306 5306 2369 5355 ιι,
2397 5269 2518 5360 cap.
2547 5291 2598 5346 7.

2301 5406 2470 5531 piensi
2497 5407 2589 5488 otit.
2623 5409 2656 5462 '5
2692 5407 2812 5490 (pro
2841 5412 3058 5492 quarto)
3102 5412 3240 5478 apud
3273 5405 3607 5492 Ferrandum
3635 5421 3746 5476 cap.
3770 5402 3844 5455 54.

2330 5495 2360 5530 ιι
2392 5477 2576 5531 codice
2604 5477 2667 5531 P.
2705 5481 2916 5531 Pitlimi.
2946 5493 2999 5531 et
3030 5499 3081 5531 ιιι
3117 5483 3444 5531 Collectione
3465 5492 3730 5531 canonum
3756 5488 3843 5524 uis.

2330 5477 2681 5558 u_eod.i_ce“P.-
2705 5481 2916 5558 Pitliaei,
2943 5493 2999 5558 et
3030 5477 3081 5558 in
3117 5477 3444 5558 C0llec_tione
3465 5488 3843 5558 cauo‘num‘ms.

2301 5547 2540 5620 collegiiA
2563 5547 2738 5604 Paris.
2773 5551 2881 5620 _sic
2943 5551 3136 5620 legitur
3170 5570 3182 5606 :
3223 5571 3240 5602 ι
3277 5550 3476 5613 Pierio,
3509 5544 3847 5620 etArdabore

2300 5613 2712 5698 ςρεείμοοῑυγο
2758 5618 2874 5673 Cal.
2902 5613 3154 5698 Octobris
3186 5622 3239 5676 in
3276 5613 3844 5698 Basilic_a__l_..eontina':

2299 5687 2510 5768 Placuit
2560 5689 2817 5768 universo
2860 5692 3116 5768 concilio,
3166 5711 3183 5743 ι
3228 5691 3478 5768 etc.,_ubi
3509 5688 3847 5768 llippqne-nSIs

2298 5757 2522 5839 basilica
2559 5759 2943 5839 __desi_gnatur:
2996 5752 3173 5820 sedet
3198 5752 3452 5819 consules
3501 5752 3848 5816 anni-527,!"

2298 5827 2520 5900 quidem
2553 5827 2944 5886 Fastinotant.
