4122 6436
441 351 539 413 7‘21

1273 349 1671 410 SYNTAGMA
1710 349 2096 409 CANUNUM.
2128 374 2195 384 -··-
2222 351 2368 410 ΤΙΤ.
2409 352 2513 424 ΙΧ,
2555 349 2713 408 CAP.
2755 347 2943 406 ιιι-ν.

3593 342 3700 402 7ἓὲ

441 459 717 532 ῥαθυμίαν
788 459 951 513 αὐτοῦ
1017 461 1124 514 ἀπὸ
1182 463 1466 524 κοινωνίας
1534 461 1846 532 γενόμενος,
1903 463 2052 524 εἴτε,

2131 464 2624 516 :xcommnnicatns
2683 460 2845 512 fuerit
2900 443 2996 527 pro
3057 471 3158 510 suo
3224 456 3512 525 neglectu,
3580 458 3696 510 sive

439 553 757 618 ἐπίσκοπος,
819 551 928 603 εῖτε
981 552 1296 622 οίοσδήποτε
1339 553 1621 623 κληρικὸς,
1676 554 1772 606 ἐὰν
1829 556 1887 607 ἐν
1940 556 2017 625 τῷ

441 643 616 716 καιρῷ
647 644 748 714 τῆς
786 644 1180 712 ἀκοινωνησίας
1224 643 1414 710 αὐτοῦ,
1466 645 1572 715 πρὸ
1601 644 1694 697 τοῦ
1749 645 2018 715 ἀκουσθῆ-

441 754 550 801 ναι,
576 737 657 799 είς
691 737 978 791 κοινωνίαν
1009 736 1290 806 τολμήσοι,
1339 736 1500 798 αὐτὸς
1530 738 1651 790 καθ’
1681 737 1879 790 ἐαυτοῦ
1919 737 2019 807 τὴν

439 828 617 897 ψῆφον
643 828 740 897 τῆς
773 827 1068 898 καταδίκης
1096 829 1469 900 ἐξενηνοχέναι
1495 829 1681 900 κριθῇ.

617 917 757 984 Περὶ
780 917 900 972 τῶν
929 918 1479 988 καταδικαζομένων
1514 919 1838 988 κληρικῶν.

515 1007 614 1077 ξβ’,
640 1008 877 1062 Κάκεῖνο
909 1009 989 1062 δεῖ
1017 1011 1236 1080 αἰτῆσαι
1271 1012 1358 1064 ἵνα
1378 1013 1556 1078 ὁρίσαι
1587 1011 2020 1080 καταξιώσωσιν,

441 1099 581 1153 ὥστε
639 1101 899 1173 κληρικὸν
945 1105 1274 1174 οἱασδήποτε
1317 1104 1484 1173 τιμῆς
1512 1104 1870 1173 τυγχάνοντα,
1926 1104 2022 1158 ἐπὶ

441 1192 735 1262 οἱῳδήποτε
765 1193 1075 1264 ἐγκλήματι
1108 1196 1178 1264 τῇ
1207 1193 1314 1247 τῶν
1361 1197 1676 1248 ἐπισκόπων
1703 1197 1884 1266 κρίσει
1915 1215 2018 1252 καο

440 1282 852 1345 ταδικασθέντα,
889 1284 962 1354 μὴ
1005 1282 1205 1347 ἐξεῖναι
1228 1283 1320 1336 τὸν
1356 1284 1538 1349 αὑτὸν,
1580 1285 1689 1336 εἴτε
1721 1287 1870 1354 παρὰ
1922 1288 2022 1356 τῆς

455 1373 780 1444 Ἐκκλησίας
841 1370 912 1444 ἦς
965 1375 1249 1446 ὑπῆρχεν,
1312 1375 1420 1428 εἴτε
1481 1374 1633 1445 παρὰ
1702 1375 2020 1446 οἱουδήποτε

442 1466 751 1539 ἀνθρώπου,
815 1467 1201 1520 διεκδικεῖσθαι
1227 1483 1241 1498 °
1266 1467 1458 1536 ποινῆς
1495 1467 1585 1518 ἐπὶ
1632 1467 1808 1537 τούτῳ
1837 1484 2015 1536 παραο

440 1558 710 1628 τεθείσης,
745 1548 949 1630 ζημίας
1007 1560 1306 1629 χρημάτων
1338 1576 1398 1611 τε
1452 1560 1549 1612 καὶ
1606 1560 1774 1630 τιμῆς
1815 1575 1828 1587 ·
1869 1561 2019 1623 ὅπως

445 1650 579 1721 μηδὲ
637 1652 826 1720 κεῖραν
878 1651 1014 1723 μηδὲ
1064 1650 1226 1720 φύσιν
1284 1649 1662 1720 ἀπολογητέαν
1720 1647 1860 1706 εἶναι
1930 1669 2022 1704 κε-

440 1741 690 1795 λεύωσιν.

508 1831 605 1885 σθ’.
634 1831 774 1901 Περὶ
802 1833 922 1885 τῶν
942 1833 1029 1903 μὴ
1059 1837 1490 1903 φροντιζόντων
1517 1834 1818 1904 κληρικῶν
1845 1835 2019 1902 ἐντὸς
2053 1820 2094 1875 Β

441 1922 717 1978 ἐνιαυτοῦ
747 1923 968 1992 πρᾶξαι
1011 1926 1078 1979 τὸ
1111 1926 1267 1982 ἴδιον
1297 1926 1558 1998 πρᾶγμα.

514 2017 683 2070 Πάλιν
711 2017 919 2089 ὡρίσθη
947 2019 1036 2072 ἵνα
1057 2021 1245 2084 ὁσάκις
1294 2022 1572 2091 κληρικῶν
1627 2019 2018 2089 ἐλεγχθέντων,

441 2110 535 2163 καὶ
579 2109 968 2180 καταθεμένων
1004 2115 1125 2165 τινὰ
1185 2113 1530 2183 ἐγκλήματα,
1573 2110 1684 2164 εἴτε
1715 2111 1804 2163 διὰ
1836 2111 1894 2162 τὸ
1922 2111 2022 2178 τῆς

454 2201 779 2273 Ἐκκλησίας
841 2203 1062 2270 ὄνειδος,
1114 2204 1224 2256 εἴτε
1251 2204 1339 2258 διὰ
1366 2206 1466 2275 τὴν
1501 2202 1912 2272 αἱδεσιμότητα,
1949 2196 2022 2254 ὧν

439 2294 597 2365 χάριν
613 2294 821 2357 τούτοις
838 2295 1004 2363 φειδὼ
1024 2295 1256 2364 γίνεται,
1277 2297 1387 2350 εἴτε
1421 2297 1507 2350 διὰ
1525 2299 1622 2369 τὴν
1641 2297 1877 2360 ἀλαζόνα
1911 2296 2020 2348 τῶν

440 2385 730 2456 αἱρετικῶν
746 2387 840 2439 καὶ
868 2387 1095 2440 ἐθνικῶν
1113 2389 1518 2458 ἐπιγαυρίασιν,
1531 2389 1625 2442 ἐὰν
1638 2391 1714 2453 ὡς
1731 2391 1871 2453 εἰκὸς
1887 2392 2023 2442 ἐπα-

439 2478 773 2547 γωνίσασθαι
791 2479 870 2549 τῷ
890 2479 1002 2550 ἰδίῳ
1014 2481 1322 2551 πράγματι,
1345 2482 1440 2534 καὶ
1459 2481 1558 2551 τῆς
1574 2481 1712 2544 ἰδίας
1730 2482 2024 2544 ἁϐλαϐείας

440 2570 724 2642 φροντίσαι
772 2568 1094 2639 θελήσωσιν,
1141 2570 1291 2633 ἐντὸς
1319 2570 1716 2641 ἀκοινωνησίας
1773 2572 2022 2624 ἐνιαυτοῦ

437 2665 597 2718 τοῦτο
627 2666 927 2735 ποιήσωσιν
953 2680 967 2694 ·
1011 2664 1104 2716 ἐὰν
1127 2665 1183 2717 δὲ
1217 2665 1367 2727 ἐντὸς
1419 2663 1665 2718 ἐνιαυτοῦ
1699 2664 1758 2716 τὸ
1788 2664 2022 2732 πρᾶγμα

441 2758 621 2810 αὐτῶν
680 2757 924 2826 καθᾶραι
975 2759 1455 2826 καταφρονήσουσι,
1518 2756 1764 2827 μηδεμία
1819 2754 2025 2808 τούτων

440 2850 534 2904 τοῦ
564 2848 750 2902 λοιποῦ
785 2849 936 2919 φωνὴ
975 2848 1259 2911 παντελῶς
1293 2847 1672 2918 προσδεχθείη.

517 2943 637 2995 Ὅτι
659 2945 769 2995 οὐκ
817 2943 1044 3010 ὀφείλει
1078 2940 1195 2994 τῶν
1232 2941 1674 3010 ἐπιλεγομένων
1725 2935 2028 2992 δικαστῶν

461 3033 502 3101 ἡ
526 3034 725 3104 γνώμη
751 3032 1213 3099 ὲξουθενεὶσθαι.

516 3125 652 3196 ρκβ’.
680 3125 834 3178 Κατὰ
848 3125 903 3178 δὲ
929 3125 1039 3179 τῶν
1059 3125 1324 3178 δικαστῶν
1341 3124 1448 3178 τῶν
1471 3125 1612 3178 κατὰ
1624 3125 1812 3198 κοινὴν
1841 3130 2027 3182 συναί-

445 3232 591 3270 νεσιν
620 3216 1004 3284 ὲπιλεγέντων,
1041 3217 1116 3288 μὴ
1147 3216 1344 3280 ἐξεῖναι
1377 3218 1749 3285 ἐκκαλεῖσθαι,
1784 3221 1931 3284 ὅστις
1969 3222 2026 3274 δὲ

445 3309 643 3380 δήποτε
677 3308 1023 3378 ἀποδειχθείη
1050 3308 1141 3362 διὰ
1193 3309 1518 3379 μονοτονίαν
1571 3310 1646 3382 μὴ
1695 3311 1874 3366 θέλειν
1921 3315 2032 3375 τοῖς

445 3402 725 3462 δικασταῖς
761 3401 1127 3472 πειθαρχῆσαι
1165 3419 1178 3432 ·
1209 3402 1366 3455 τοῦτο
1391 3405 1676 3472 γινώσκων
1704 3406 1732 3458 ὁ
1761 3405 1860 3474 τῆς
1882 3405 2034 3476 πρώ-

446 3509 546 3565 της
595 3493 866 3562 καθέδρας
921 3493 1244 3558 ἐπίσκοπος,
1300 3495 1462 3548 δώσει
1514 3497 1841 3568 γράμματα,
1888 3495 2033 3550 ὥστε

452 3585 661 3656 μηδένα
709 3584 819 3638 τῶν
865 3585 1189 3640 ἐπισκόπων
1234 3585 1384 3656 αὐτῷ
1433 3587 1780 3657 κοινωνῆσαι,
1809 3585 1913 3651 ἕως
1971 3578 2032 3640 οὗ

449 3679 741 3748 πειθαρχῇ.

522 3772 771 3825 ΚΕΦΑΛ.
799 3771 874 3826 E'.
914 3803 984 3812 —
1011 3772 1152 3840 Περὶ
1187 3770 1372 3826 δικῶν
1394 3771 1744 3828 ἐπισκόπων
1769 3774 1869 3829 καί
1893 3777 2034 3842 x111-

442 3863 649 3936 ρικῶν.

885 3957 941 4012 Ἀ
954 3959 1276 4012 ποστόλων
1299 3958 1500 4012 κανὼν
1525 3959 1618 4014 οδ’.

525 4045 584 4101 οδ
605 4087 617 4100 .
647 4048 976 4104 Ἑπίσκοπον
999 4049 1469 4121 κατηγορηθέντα,
1505 4066 1559 4105 κ.
1594 4065 1646 4101 τ.
1672 4047 1722 4100 λ.

685 4223 959 4278 Συγόδου
994 4225 1354 4290 Ἀντιοχείας
1380 4225 1584 4277 κανὼν
1613 4221 1669 4278 ιδ’
1705 4226 1788 4277 ιε’.

529 4310 612 4365 ιδ’.
637 4313 704 4366 Εἴ
760 4331 846 4376 τις
877 4313 1178 4378 ἐπίσκοπος
1205 4315 1298 4368 ἐπί
1323 4333 1463 4370 τισιν
1495 4315 1802 4386 ἐγκλήμασι
1833 4318 2027 4386 κρίνοι,

450 4404 640 4459 ἔπειτα
680 4406 920 4478 συμϐαίη
960 4409 1088 4479 περὶ
1141 4408 1308 4461 αὐτοῦ
1359 4408 1650 4477 διαφωνεῖν
1676 4411 1803 4473 τοὺς
1852 4411 1911 4462 ἐν
1964 4413 2031 4481 τῇ

2121 555 2428 622 episc0pns,
2455 554 2570 609 sive
2597 552 2822 621 quilibet
2846 549 3099 610 clericus,
3123 559 3174 600 et
3200 555 3444 616 tempore
3473 561 3662 600 excom
3681 581 3697 587 η

2123 647 2506 701 municationis
2549 644 2713 715 249
2744 658 2856 698 sua:
2905 649 3030 696 ante
3061 639 3397 694 audientiam
3452 655 3698 693 commu-

2123 743 2340 796 nionem
2393 738 2802 808 przesumpserit
2835 777 2849 802 ,
2923 735 3040 804 ipse
3103 734 3154 785 in
3211 748 3270 786 se
3331 729 3698 785 damnationis

2116 834 2392 904 judicetur
2423 831 2718 901 protulisse
2752 828 3097 885 sententiam.

2551 925 2624 978 De
2656 922 2866 975 clericis
2899 919 3190 973 damnatis.

2186 1017 2274 1074 62.
2309 1017 2374 1072 Et
2399 1017 2591 1072 illud"
2622 1014 2938 1085 petendum,
2991 1019 3050 1064 ut
3097 1019 3336 1064 statuere
3385 1007 3698 1077 dignentur,

2125 1119 2184 1164 ιιι
2231 1111 2276 1164 si
2313 1109 2437 1178 quis
2468 1105 2768 1175 cujuslibet
2813 1101 3036 1156 honoris
3076 1101 3307 1154 clericus
3335 1097 3543 1166 judicio
3586 1094 3704 1165 epi-

2125 1214 2418 1269 scoporum
2455 1211 2784 1266 quocunque
2810 1194 3042 1249 crimine
3073 1191 3238 1245 fuerit
3258 1189 3570 1250 damnatus,
3590 1200 3700 1239 non

2123 1292 2286 1345 liceat
2314 1306 2439 1344 eum
2474 1291 2588 1343 sive
2618 1288 2686 1341 ab
2718 1286 2975 1340 Ecclesiis
3009 1284 3207 1353 quibus
3233 1279 3466 1350 praefuit,
3514 1279 3630 1333 sive
3666 1294 3694 1331 ιι

2125 1381 2369 1450 quolibet
2399 1378 2619 1432 homine
2649 1376 2942 1438 defensori,
2974 1373 3288 1443 interposita
3306 1385 3467 1445 paena
3487 1368 3696 1429 damni,

2125 1472 2390 1542 pecunias,
2449 1479 2614 1538 atque
2661 1466 2885 1520 honoris
2912 1506 2924 1528 ,
2978 1479 3086 1532 quo
3130 1480 3230 1517 nee
3274 1473 3487 1517 aetatem
3520 1501 3534 1526 ,
3602 1477 3703 1516 nec

2126 1578 2313 1619 sexum
2343 1561 2714 1617 excusandum
2737 1573 2858 1614 esse
2890 1557 3222 1627 praecipiant.
3314 1543 3324 1554 ’

2200 1861 2276 1915 De
2307 1860 2510 1913 clericis
2547 1858 2637 1929 qui
2695 1859 2839 1910 intra
2881 1870 3081 1908 annum
3113 1868 3327 1906 causam
3356 1868 3508 1905 suam
3551 1868 3701 1922 agere

2128 1969 2230 2004 non
2276 1951 2636 2020 procurarinl.

2199 2043 2286 2096 79.
2326 2041 2538 2094 Rursus
2586 2040 2947 2095 constitutum
2997 2038 3143 2106 est,“
3178 2036 3315 2106 (95),
3373 2043 3433 2088 ut
3489 2033 3705 2103 quoties

2125 2135 2337 2188 clericis
2368 2134 2636 2188 convictis
2693 2145 2746 2186 et
2801 2131 3074 2186 confessis
3123 2131 3177 2184 in
3223 2129 3409 2198 aliquo
3447 2126 3700 2187 crimine.

2127 2227 2209 2280 vel
2241 2236 2460 2294 propter
2500 2239 2712 2288 eorum,
2747 2237 2982 2292 quorum
3042 2219 3386 2275 verecundia:
3443 2217 3703 2287 parcitur,

2125 2317 2208 2370 vel
2253 2325 2472 2385 prepter
2512 2313 2769 2370 Ecclesia:
2808 2312 3186 2382 opprobrium,
3235 2320 3328 2365 aut
3376 2310 3703 2364 insolentem

2128 2406 2539 2460 insultationem
2595 2402 2980 2457 lnereticorum
3049 2411 3213 2471 atque
3273 2400 3603 2470 gentilium,
3661 2399 3704 2451 si

2127 2498 2268 2553 forte
2295 2513 2476 2552 causae
2523 2512 2638 2552 sua:
2672 2495 2867 2550 adesse
2895 2494 3190 2558 voluerint,
3226 2502 3280 2547 et
3335 2492 3703 2547 innocentiam

2126 2606 2284 2643 suam
2333 2605 2605 2654 asserere,
2655 2589 2798 2642 intra
2848 2602 3052 2641 annum
3117 2584 3709 2640 cxcommnnicationis

2129 2681 2231 2734 hoe
2274 2681 2515 2735 faciant:
2549 2681 2592 2735 si
2627 2696 2753 2734 vero
2803 2680 2947 2733 intra
3001 2693 3205 2732 annum
3278 2690 3502 2730 causam
3549 2689 3706 2730 suam

2127 2790 2360 2844 purgare
2409 2774 2859 2843 contempserint,
2904 2773 3052 2827 nulla
3106 2785 3297 2826 eorum
3348 2785 3451 2824 vox
3521 2775 3709 2838 postea

2129 2868 2346 2936 penitus
2373 2867 2646 2921 audiatur.

2219 2959 2372 3025 Quod
2430 2959 2714 3012 electorum
2758 2957 3004 3027 judicum
3056 2957 3315 3012 sententia
3369 2953 3544 3024 sperni
3605 2967 3711 3006 non

2130 3051 2335 3104 debeat.

2243 3143 2365 3196 19%.
2417 3142 2462 3196 A
2509 3141 2787 3212 judicibus
2815 3149 3021 3214 ‘autem
3077 3140 3158 3205 ’⁵,
3209 3153 3348 3208 quos
3403 3136 3713 3192 communis

2135 3249 2435 3292 consensus
2473 3233 2715 3303 elegerit,
2749 3247 2858 3286 non
2908 3231 3066 3286 liceat
3098 3245 3414 3300 provocare.
3450 3230 3517 3284 Et
3555 3230 3712 3299 quis-

2133 3329 2258 3398 quis
2320 3336 2645 3397 provocatus
2698 3333 2944 3395 repertus
2993 3323 3156 3377 fuerit
3183 3339 3278 3392 per
3310 3321 3713 3378 contumaciam

2136 3420 2276 3476 nolle
2309 3419 2687 3487 obtemperare
2720 3415 3021 3486 judicibus,
3055 3429 3176 3468 cum
3213 3413 3317 3467 hoc
3350 3413 3543 3483 prima:
3570 3411 3715 3467 sedis

2134 3513 2390 3583 episcopo
2421 3510 2584 3565 fuerit
2612 3509 2928 3579 probatum,
2964 3507 3055 3561 det
3093 3505 3323 3568 litteras,
3360 3517 3420 3558 ut
3452 3503 3638 3559 nullus
3666 3505 3714 3558 ei

2135 3603 2505 3658 communicet
2540 3601 2948 3671 episcoporum,
2978 3598 3150 3654 donec
3176 3597 3538 3665 obtemperet.

2207 3777 2392 3848 250.
2444 3776 2597 3834 CAP.
2631 3774 2699 3830 ν.
2748 3806 2818 3817 --
2844 3774 2918 3828 De
2946 3773 3307 3843 episcoporum
3334 3781 3383 3827 et
3408 3771 3720 3827 clericorum

2131 3870 2374 3941 judiciis.

2586 3959 2959 4026 Apostolorum
2987 3975 3156 4012 canon
3182 3959 3270 4013 74.

2123 4049 2184 4103 τιί
2209 4050 2349 4123 [73.]
2384 4049 2711 4121 Episcopum
2736 4067 2766 4104 a
2788 4051 2922 4105 viris
2953 4051 3079 4115 fide,
3100 4059 3230 4116 (δια,
3260 4057 3314 4102 ιιι
3342 4062 3466 4118 pag.
3488 4047 3614 4104 698.

2397 4229 2626 4286 Concilii
2655 4229 2965 4284 Antiochcni
3003 4246 3228 4283 canones
3259 4228 3346 4294 M,
3381 4230 3470 4284 15.

2209 4324 2296 4378 14.
2324 4324 2383 4381 Si
2407 4324 2531 4395 quis
2557 4325 2850 4394 episcopus
2867 4325 2938 4377 ob
2961 4324 3140 4391 aliqua
3161 4323 3389 4376 erimina
3416 4323 3714 4392 jndicetur,

2138 4416 2332 4470 deinde
2373 4416 2654 4486 contingat
2692 4415 3000 4485 episcopos,
3043 4414 3136 4483 qui
3166 4423 3294 4467 sunt
3328 4414 3380 4466 in
3415 4413 3716 4483 provincia,

451 4497 692 4570 ἐπαρχία
756 4499 1110 4565 ἐπισκόπους,
1155 4499 1264 4552 τῶν
1302 4499 1402 4569 μὲν
1455 4499 1631 4552 ἀθῶον
1659 4499 1820 4553 αὑτὸν
1845 4503 2030 4571 κρινό-

2137 4507 2204 4562 de
2234 4522 2300 4562 eo
2323 4506 2632 4570 dissentire,
2680 4506 2787 4560 illis
2839 4504 3062 4574 quidem
3096 4519 3242 4568 eum,
3291 4503 3358 4558 de
3404 4518 3512 4572 quo
3546 4502 3722 4556 fertur

453 4606 614 4658 μενον
644 4591 1076 4658 ἀποφαινόντων,
1111 4591 1219 4643 τῶν
1250 4591 1307 4643 δὲ
1359 4591 1562 4661 ἔνοχον,
1593 4592 1731 4663 ὑπὲρ
1785 4593 2030 4646 ἀπαλλα-

450 4685 554 4751 γῆς
610 4683 790 4751 πάσης
849 4683 1315 4754 ἀμφισϐητήσεως
1345 4683 1506 4750 ,ἔδοξε
1542 4687 1608 4754 τῇ
1667 4683 1798 4754 ἁγίᾳ
1831 4684 2032 4754 συνόδῳ

449 4775 541 4827 τὸν
585 4775 683 4844 τῆς
722 4775 1110 4845 μητροπόλεως
1173 4775 1495 4840 ἐπίσκοπον,
1544 4776 1653 4828 ἀπὸ
1678 4779 1776 4846 τῆς
1808 4776 2032 4845 πλησιο-

449 4866 627 4937 χώρου
657 4869 927 4938 ἐπαρχίας
958 4867 1384 4938 μετακαλεῖσθαι
1434 4867 1654 4939 ἐτέρους
1712 4868 1866 4931 τινὰς
1903 4869 2028 4931 τοὺς

449 4960 868 5030 ἐπικρινοῦντας
915 4961 1008 5013 καὶ
1043 4961 1143 5032 τὴν
1191 4959 1606 5032 ἀμφισϐήτησιν
1649 4961 2026 5028 διαλύσοντας,

457 5050 553 5104 τοῦ
605 5051 904 5122 βεϐαιῶσαι
947 5054 1043 5106 σὺν
1073 5054 1187 5116 τοῖς
1215 5054 1280 5106 ἐκ
1315 5055 1411 5124 τῆς
1443 5053 1712 5124 ἐπαρχίας
1762 5052 1825 5108 τὸ
1882 5070 2017 5125 παρ⁴

449 5146 756 5216 ιστὰμενον.

521 5241 673 5294 least
686 5242 768 5304 τῖς
789 5238 1088 5303 ἐπίσκοπος
1111 5239 1202 5292 ἐπί
1228 5256 1368 5292 τισιν
1385 5240 1692 5310 ἐγκλήμασι
1722 5255 2032 5311 κατηγορη-

451 5330 585 5396 θεὶς,
645 5332 859 5404 κριθείη
896 5332 1002 5386 ὑπὸ
1035 5332 1251 5386 πάντων
1277 5331 1387 5385 τῶν
1423 5333 1482 5385 ἐν
1528 5333 1595 5403 τῇ
1627 5332 1868 5403 ἐπαρχίᾳ
1898 5331 2023 5383 ἐπι-

522 5444 570 5476 ’⁸
596 5444 766 5501 Cone.
791 5445 1047 5514 Carthag.
1077 5462 1197 5516 cap.
1224 5447 1289 5514 2;
1325 5445 1498 5502 Afric.
1527 5461 1577 5501 c.
1605 5445 1696 5500 29.

457 5530 579 5587 cap.
606 5517 713 5582 24;
746 5516 921 5572 Afric.
955 5533 1004 5572 c.
1041 5519 1130 5572 89.

529 5633 642 5704 (95)
671 5634 908 5689 Consule
937 5633 1290 5690 Hincmarum
1353 5637 1408 5690 in
1465 5639 1626 5704 epist.
1661 5637 1750 5704 51,
1804 5650 1936 5693 ιοιη.
1969 5636 2030 5701 ΙΙ,

456 5719 578 5789 pag.
612 5704 738 5760 821.
782 5705 1410 5789 CapitulareuBenedicti
1466 5704 1558 5789 lib.
1609 5727 1664 5772 γ,
1690 5724 1810 5789 cap.
1846 5710 1945 5789 _57,
1979 5718 2033 5762 et

457 5773 552 5831 lib:
581 5790 675 5844 vn,
709 5789 829 5846 cap.
861 5773 992 5833 ’45:
1031 5795 1050 5828 ι
1089 5775 1432 5833 Manifestum
1479 5788 1561 5836 est
1614 5773 1857 5837 conliicri
1909 5795 2034 5835 eum

1775 5447 1822 5478 “
1850 5444 2020 5502 Cone.
2050 5444 2307 5518 Carthag.
2334 5461 2388 5512 v,
2421 5459 2474 5499 c.
2507 5443 2602 5511 12;
2650 5442 2816 5499 Afrie.
2855 5459 2906 5500 c.
2957 5442 3045 5498 46.

2141 4597 2444 4660 sententia,
2484 4597 2826 4651 innocentem
2874 4593 3393 4662 pronuntiantibus,
3448 4593 3534 4647 his
3592 4608 3721 4647 vero

2142 4703 2294 4742 reum
2335 4705 2348 4740 :
2385 4703 2481 4756 pro
2530 4695 2643 4740 tota
2686 4685 3065 4755 componenda
3115 4685 3490 4739 controversia
3539 4685 3718 4739 visum

2139 4788 2223 4834 est
2255 4786 2455 4833 sanctae
2481 4777 2710 4849 synodo,
2749 4787 2807 4830 ut
2831 4777 3286 4845 metropolitanus
3331 4776 3721 4854 episc0pus_ex

2140 4871 2446 4942 propinqua
2478 4869 2755 4940 provincia
2787 4869 2925 4923 alios
2974 4875 3166 4922 evocet
3218 4867 3568 4936 judicaturos
3594 4907 3610 4931 ,
3669 4875 3724 4920 ct

2140 4964 2573 5020 controversiam
2627 4963 2952 5026 decisuros,
3009 4970 3062 5015 et
3109 4975 3234 5016 cum
3287 4959 3716 5034 provincialibus

2140 5057 2285 5127 quod
2319 5055 2606 5126 probatum
2656 5055 2842 5121 fuerit,
2876 5053 3182 5109 conﬁrmet.

2211 5234 2300 5289 15.
2344 5232 2401 5288 Si
2438 5233 2564 5302 quis
2587 5233 2881 5301 episcopus
2907 5230 3217 5300 aliquorum
3242 5229 3537 5284 criminum
3560 5244 3727 5286 accu-

2134 5337 2306 5392 satus,
2342 5325 2508 5381 fuerit
2535 5325 2604 5380 ab
2641 5325 2899 5380 omnibus
2930 5324 3227 5395 provinciae
3273 5321 3550 5394 episcopis
3585 5336 3723 5377 con-

3122 5443 3170 5477 ’⁸
3199 5441 3368 5498 Conc.
3402 5439 3626 5497 Milevit.
3657 5457 3718 5504 ιι,

2145 5637 2212 5692 de
2233 5636 2483 5701 crimine,
2505 5637 2598 5707 qui
2631 5637 2841 5692 indulto
2865 5647 2919 5692 et
2941 5637 3190 5707 delegato
3217 5634 3423 5707 judicio
3453 5635 3720 5707 purgandi

2145 5724 2204 5761 se
2267 5705 2560 5763 occasione
2616 5725 2722 5763 non
2792 5709 2982 5763 utitur.
3021 5727 3039 5758 ι
3074 5705 3212 5766 item
3263 5705 3577 5768 Gratianus,
3634 5706 3720 5770 10,

2145 5779 2230 5844 lll,
2257 5788 2448 5849 quaest.
2487 5778 2539 5845 9,
2575 5781 2947 5846 Dccernimus,
2982 5788 3086 5834 et-c.
