4122 6460
518 305 624 374 723

1672 311 1934 371 PI-IOTII
1975 311 2481 374 PATRIARCH/E
2503 315 2613 376 (ΞΡ.

3653 323 3753 386 7⁵24

517 421 827 483 demnatus,
858 426 912 474 et
948 433 1139 474 omnes
1169 434 1333 474 unam
1369 420 1798 475 consentientem
1827 422 2089 476 adversus

2193 424 2435 489 σκόπων,
2460 426 2663 489 πάντες
2705 444 2763 480 τε
2822 427 3102 498 σύμφωνοι
3141 429 3270 498 μίαν
3309 433 3428 484 κατ’
3457 434 3623 488 αὑτοῦ
3679 438 3758 503 ἐξ-

518 528 641 566 eum
693 512 1020 566 sententiam
1069 513 1328 578 tulerint,
1386 513 1432 568 is
1469 529 1536 567 ne
1584 514 1816 583 amplius
1849 513 1916 568 ab
1965 514 2088 568 aliis

513 605 811 673 jutlicetur,
839 605 931 660 sed
962 607 1257 676 provincia:
1283 607 1660 677 episcoporum
1691 607 1845 662 ﬁrma
1874 613 2092 661 maneat

519 697 813 751 sententia.

730 785 960 840 Concilii
992 786 1428 842 Chalcedonensis
1469 804 1637 841 canon
1695 789 1749 853 9,
1784 789 1873 842 ‘17.

591 875 644 929 9.
677 874 735 929 Si
774 877 898 945 quis
922 877 1154 932 clericus
1178 878 1339 930 habet
1373 893 1493 930 cum
1524 877 1724 932 clerico
1756 878 1926 942 litem,
1957 886 2088 942 ctc.,

519 977 576 1019 ut
613 983 738 1037 pag.
773 968 894 1022 702.

590 1061 677 1114 17.
735 1059 866 1126 Quae
914 1070 1042 1114 sunt
1091 1060 1145 1114 in
1191 1076 1518 1132 unaquaque
1551 1061 1832 1132 provincia
1879 1060 2092 1116 rurales

521 1151 828 1220 parochias,
864 1160 992 1215 ctc.,
1016 1163 1072 1205 ut
1097 1167 1220 1222 pag.
1256 1151 1382 1207 650.

734 1241 960 1304 Concilii
993 1242 1330 1299 Sardicensis
1368 1260 1593 1299 canones
1629 1245 1685 1308 5,
1709 1243 1764 1310 5,
1789 1243 1876 1299 14.

585 1332 638 1389 5.
677 1333 840 1390 Osius
864 1335 1154 1405 episcopus
1171 1337 1312 1392 dixit
1339 1356 1353 1390 :
1396 1335 1510 1392 Hoc
1537 1351 1756 1406 quoque
1783 1337 2094 1392 necessario

515 1435 601 1481 est
631 1427 1018 1496 adjiciendum,
1059 1438 1191 1494 ctc.,
1218 1440 1274 1481 ut
1304 1446 1427 1499 pag.
1461 1429 1587 1484 471.

589 1518 641 1573 5.
667 1517 832 1574 Osius
859 1521 1149 1590 episcopus
1175 1521 1312 1575 dixit
1347 1541 1358 1576 :
1391 1520 1626 1586 Placuit,
1669 1531 1728 1576 ut
1761 1521 1808 1578 si
1838 1521 1962 1592 quis
1983 1522 2094 1590 epi-

517 1624 715 1677 scopus
740 1610 952 1665 delatus
973 1608 1157 1676 fuerit,
1192 1621 1324 1680 ctc.,
1357 1621 1415 1663 ιιι
1445 1627 1568 1680 pag.
1591 1610 1720 1665 471.

585 1699 743 1770 251
824 1700 1244 1771 Responderunt
1275 1701 1514 1771 episcOpi
1549 1720 1561 1755 :
1615 1701 1748 1766 Quae
1787 1699 1929 1756 dicta
1964 1707 2092 1754 sunt

515 1793 857 1861 placuerunt.

587 1886 676 1940 M.
716 1883 881 1941 Osius
922 1886 1212 1956 episeopus
1241 1885 1414 1941 dixit:
1449 1884 1602 1951 Quod
1651 1894 1830 1939 autem
1875 1897 1962 1938 me
1993 1898 2087 1937 un-

514 1975 802 2045 dequaque
827 1984 1029 2041 movet,
1060 1976 1288 2031 reticere
1318 1991 1424 2029 non
1459 1975 1649 2029 debeo.
1692 1973 1749 2028 Si
1785 1973 2090 2027 inveniatur

513 2066 640 2136 quis
671 2066 964 2136 episcopus
1006 2068 1072 2120 ad
1125 2067 1260 2121 iram
1314 2079 1616 2136 propensus
1657 2063 1823 2135 (quod
1867 2063 2086 2133 quidem

511 2156 583 2211 ab
629 2157 898 2228 ejusmodi
959 2157 1180 2212 homine
1231 2157 1425 2212 abesse
1479 2156 1660 2226 debet)
1714 2165 1769 2210 et
1826 2157 2088 2210 adversus

510 2244 885 2316 presbyterum
936 2247 1020 2300 vel
1065 2246 1356 2300 diaconum
1416 2245 1526 2300 cito
1581 2251 1910 2304 commotus.
1960 2257 2085 2295 eum

512 2333 754 2390 Ecclesia
800 2337 1001 2402 ejicere
1037 2336 1304 2403 voluerit;
1355 2336 1751 2406 providendum
1795 2346 1878 2390 est
1930 2349 1998 2389 ne
2039 2334 2086 2389 is

509 2439 733 2497 repente
762 2429 1177 2492 condemnetur,
1209 2437 1266 2484 et
1303 2429 1691 2485 communione
1719 2428 1990 2498 privetur.

577 2517 784 2574 Omnes
812 2521 1050 2589 episcopi
1099 2520 1360 2575 dixerunt
1391 2539 1406 2574 :
1442 2519 1544 2587 Qui
1578 2519 1814 2590 ejicitur,
1845 2527 2085 2589 potesta-

509 2619 617 2664 tem
664 2610 826 2665 habet
877 2610 1228 2680 eonfugiendi
1280 2611 1349 2666 ad
1401 2611 1716 2680 episcopum
1768 2609 2088 2679 metropolis

507 2701 754 2770 ejusdem
833 2703 1130 2773 provincia:
1188 2721 1202 2756 :
1259 2704 1305 2756 si
1383 2713 1566 2762 autem
1633 2699 2088 2770 metropolitanus

511 2796 690 2862 abest,
737 2797 806 2852 ad
861 2798 1155 2853 ﬁnitimum
1201 2799 1588 2863 concurrendi,
1638 2808 1692 2852 et
1740 2797 1968 2868 rogandi
2023 2805 2085 2850 ut

509 2906 672 2943 suum
714 2891 994 2960 negotium
1037 2902 1292 2947 accurate
1315 2891 1681 2944 examinetur.
1715 2886 1901 2958 Neque
1934 2889 2079 2943 enim

510 2998 615 3036 non
658 2993 785 3037 sunt
824 2997 986 3036 aures
1015 2981 1316 3052 prabeudte
1348 2981 1416 3036 iis
1450 2981 1543 3050 qui
1588 2989 1802 3050 rogant.
1832 2977 1926 3034 Ille
1958 2993 2091 3049 quo-

509 3089 619 3143 que
662 3073 974 3142 episcopus,
1005 3073 1098 3141 qui
1139 3073 1264 3140 jure
1309 3073 1393 3126 vel
1443 3071 1644 3140 injuria
1689 3086 1813 3126 eum
1856 3071 2086 3140 expulit,

510 3179 669 3234 sequo
701 3164 884 3217 animo
918 3164 1058 3217 ferre
1097 3163 1255 3217 debet
1287 3171 1348 3217 ut
1396 3161 1474 3216 rei
1503 3161 1598 3216 ﬁat
1634 3162 1991 3226 examinatio,
2035 3172 2090 3216 et

511 3257 596 3309 vel
651 3255 770 3324 ejus
827 3253 1185 3307 conﬁrmetur
1242 3253 1557 3318 sententia,
1618 3253 1704 3308 vel
1761 3253 2092 3324 corrigatur.

513 3343 841 3413 Priusquam
902 3353 1082 3395 autem
1139 3341 1426 3412 diligenter
1481 3352 1536 3396 et
1605 3358 1673 3396 ex
1731 3343 1834 3398 ﬁde
1880 3343 2092 3414 singula

513 3432 823 3488 examinata
869 3429 1092 3495 fuerint,
1125 3431 1219 3500 qui
1271 3433 1714 3486 communionem
1765 3449 1872 3488 non
1906 3434 2091 3498 habet,

514 3540 623 3580 non
657 3523 813 3577 debet
842 3529 967 3576 ante
1001 3523 1078 3576 rei
1111 3524 1480 3592 cognitionem
1515 3524 1620 3578 sibi
1647 3525 2092 3580 communionem

515 3629 794 3683 arrogare.
832 3614 890 3668 Si
941 3622 1122 3668 autem
1161 3614 1348 3669 clerici
1400 3614 1568 3684 aliqui
1605 3617 1983 3684 convenerint,
2040 3627 2094 3673 et

513 3707 634 3776 ejus
665 3707 977 3776 superbiam
1009 3715 1064 3759 et
1098 3706 1468 3776 arrogantiam
1515 3707 1787 3768 viderint:
1823 3710 1952 3778 quia
1982 3725 2092 3764 non

514 3798 770 3853 convenit
814 3797 1205 3852 contumeliam
1254 3798 1335 3851 vel
1389 3797 1645 3866 injustam
1693 3799 2093 3868 expostulatio-

513 3905 639 3945 nem
674 3891 810 3959 pati,
846 3888 1224 3943 acerbioribus
1267 3897 1320 3942 et
1349 3888 1692 3956 gravioribus
1731 3889 1912 3943 verbis
1963 3902 2088 3943 eum

515 3983 718 4038 debent
755 3982 1052 4050 corrigere,
1086 3990 1147 4036 ut
1188 3981 1236 4036 ei
1269 3981 1363 4051 qui
1407 3980 1562 4050 jubet
1599 3997 1723 4050 qua:
1752 3984 1965 4044 decent,
2011 3981 2096 4035 in-

516 4073 761 4140 serviant
801 4080 856 4127 et
899 4072 1176 4127 obediant.
1219 4071 1372 4127 Sicut
1403 4071 1552 4128 enim
1597 4073 1756 4126 debet
1799 4073 2091 4142 episcopus

515 4165 781 4220 ministris
805 4165 1074 4220 sinceram
1094 4165 1440 4220 dilectionem
1460 4172 1515 4219 et
1536 4164 1788 4219 affectum
1811 4164 2088 4234 prmbere;

513 4257 704 4311 eodem
737 4258 900 4313 modo
932 4267 987 4312 et
1011 4256 1240 4327 subjecti
1273 4255 1472 4312 debent
1491 4256 1764 4326 episc0pis
1802 4271 1912 4310 non
1943 4255 2090 4311 frau-

511 4348 763 4404 dulenter
791 4348 1158 4404 ministerium
1185 4356 1240 4403 et
1269 4346 1594 4418 obsequium
1625 4346 1908 4401 exhibere.

580 4609 744 4680 252
823 4610 1049 4665 Concilii
1107 4609 1536 4680 Carthaginemis
1593 4624 1816 4663 canones
1846 4609 1935 4674 13,
1996 4608 2090 4675 28,

1145 4701 1423 4767 120,121.

580 4791 662 4854 De.
687 4792 906 4845 diversis
938 4792 1212 4846 ordinibus
1245 4791 1494 4847 Ecclesia:
1529 4793 1894 4859 servientibus,
1953 4805 2084 4859 ctc.,

507 4893 566 4937 ut
597 4899 719 4953 pag.
751 4884 870 4938 705.

582 4980 670 5033 15.
701 4979 830 5032 [lem
857 4979 1065 5049 placuit
1085 4989 1144 5034 ut
1168 4979 1420 5050 quisquis
1444 4981 1846 5050 episcoporum,
1871 4989 2003 5048 ctc.,
2025 4991 2081 5034 ut

505 5087 629 5142 pag.
659 5071 782 5125 703.

577 5164 904 5234 Presbyteri,
936 5164 1167 5226 diaconi,
1198 5165 1275 5218 vel
1314 5165 1513 5231 clerici,
1547 5167 1636 5235 qui
1669 5168 1724 5219 in
1774 5183 1935 5222 causa
1985 5183 2082 5219 sua

2115 1776 2164 1835 B

2197 515 2471 583 ενέγκοιεν
2500 515 2705 584 ψῆφον,
2737 515 2924 570 τοῦτον
2949 517 3147 588 μηκέτι
3177 521 3305 589 παρ’
3323 521 3526 592 ἐτέροις
3554 524 3760 590 δικάζε-

2189 602 2345 670 σθαι,
2389 605 2526 658 ἀλλά
2565 606 2745 676 μένειν
2795 606 3022 674 βεϐαίαν
3064 609 3164 680 τὴν
3210 609 3500 681 σύμφωνον
3531 615 3638 668 τῶν
3680 619 3762 672 ἐπὶ

2196 694 2298 765 τῆς
2331 696 2596 766 ἐπαρχίας
2636 697 2954 752 ἐπισκόπων
2980 701 3274 768 ἀπόφασιν.

2430 788 2702 842 Συνόδου
2734 789 3120 860 Χαλκηδόνος
3148 793 3348 848 κανὼν
3373 796 3415 849 θ’
3453 797 3538 861 ιζ’.

2270 878 2335 931 θ’.
2367 878 2435 932 El.’
2481 896 2563 942 τις
2599 880 2866 950 κληρικὺς,
2910 883 3048 955 πρὸς
3088 885 3346 955 κληρικδν
3378 889 3611 958 πρᾶγμα
3639 891 3762 962 ἔχει,

2198 986 2253 1022 κ.
2282 986 2331 1022 τ.
2362 969 2413 1022 λ.

2269 1057 2353 1118 ut".
2383 1059 2493 1123 Τὰς
2515 1060 2636 1114 καθ’
2663 1062 2901 1128 ἑκάστην
2936 1063 3266 1135 Ἐκκλησίαν
3323 1066 3645 1136 ἀγροικικάς
3671 1089 3766 1126 sta-

2205 1152 2435 1221 ροικίας,
2466 1170 2521 1206 κ.
2553 1171 2606 1208 τ.
2636 1153 2688 1206 λ.

2443 1245 2713 1299 Συνόδου
2734 1245 3032 1314 Σφδικῆς
3059 1249 3260 1302 κανὼν
3287 1256 3335 1317 γ’
3357 1256 3398 1302 ε’
3433 1250 3517 1306 ιδ’.

2269 1342 2342 1404 γ’.
2377 1337 2562 1397 Ὃσιος
2592 1336 2892 1402 ἐπίσκοπος
2915 1335 3067 1394 εἶπεν
3090 1356 3106 1372 ο
3153 1341 3476 1408 ’Λναγκαῖον
3510 1343 3768 1399 καὶτοῦτο

2200 1425 2587 1497 προστεθῆναι,
2619 1443 2674 1481 κ.
2706 1445 2756 1482 τ.
2786 1430 2836 1484 λ.

2267 1525 2328 1572 ε’.
2352 1519 2540 1583 ’Ὀσιος
2564 1520 2861 1585 ἐπισκοπος
2882 1517 3034 1575 εἶπεν
3058 1540 3073 1556 ο
3093 1521 3344 1595 Ἢρεσεν,
3366 1524 3453 1579 ἴνα
3474 1525 3528 1578 εἴ
3554 1543 3636 1589 τις
3659 1527 3770 1580 ἐπί-

2201 1626 2403 1674 σκοπος
2427 1609 2846 1681 καταγγελθείη,
2878 1628 2933 1664 κ.
2962 1629 3014 1667 τ.
3039 1612 3088 1667 λ.

2271 1701 2668 1771 Ἀπεκρίναντο
2705 1703 2754 1755 oi
2789 1703 3080 1758 ἐπίσκοποι
3109 1719 3122 1734 ’
3163 1706 3242 1760 Τὰ
3267 1705 3525 1778 λεχθέντα
3557 1710 3764 1780 ἤρεσεν.

2248 1879 2330 1935 ιδ’.
2363 1879 2546 1942 "Octo;
2565 1879 2862 1944 ἐπίσκοπος
2874 1876 3012 1935 εἷπε·
3041 1883 3115 1936 Τὸ
3142 1883 3454 1938 δέἶπάντοτέ
3480 1903 3546 1954 με
3567 1885 3766 1952 κινοῦν,

2187 1973 2576 2044 ἀποσιωπῆσαι
2602 1972 2702 2026 οὐκ
2723 1973 2923 2040 ὀφείλω
2961 1989 2976 2005 ο
3017 1975 3070 2028 εί
3092 1992 3177 2038 τις
3207 1976 3503 2041 ἐπίσκοπος
3525 1978 3768 2048 ὀξύχολος

2187 2067 2514 2138 εὑρίσκοιτο,
2541 2066 2678 2136 ὅπερ
2718 2065 2819 2118 οὐκ
2847 2065 3051 2135 ὀφείλει
3076 2068 3134 2120 ἐν
3166 2069 3393 2140 τοιούτῳ
3422 2071 3574 2142 ἀνδρὶ
3622 2071 3769 2124 πολι-

2192 2154 2467 2214 τεύεσθαι,
2495 2155 2590 2207 καὶ
2619 2154 2866 2224 τραχέως
2918 2155 3149 2229 ἀντικρὺ
3195 2159 3570 2231 πρεσϐυτέρου
3594 2161 3626 2230 ἢ
3653 2161 3766 2213 δια-

2197 2244 2354 2298 κόνου
2374 2243 2680 2313 ἐκϐληθεὶς,
2705 2241 2956 2296 ἐκϐαλεῖν
2979 2244 3301 2315 Ἐκκλησίας
3336 2248 3496 2300 αὑτὸν
3537 2248 3765 2319 θελήσοι,

2196 2335 2522 2406 προνοητέον
2553 2335 2687 2397 ἐστὶ,
2713 2334 2788 2405 μὴ
2822 2334 3017 2406 ἀθρόον
3047 2337 3138 2390 τὸν
3179 2337 3419 2392 τοιοῦτον
3457 2341 3766 2411 κατακρίνε-

2192 2422 2340 2484 σθαι,
2371 2422 2465 2476 καὶ
2483 2422 2581 2492 τῆς
2610 2421 2894 2486 κοινωνίας
2920 2424 3358 2496 ἀποστερεῖσθαι.

2257 2516 2464 2578 Πάντες
2503 2515 2789 2587 εἰρήκασιν
2819 2532 2833 2545 ·
2871 2516 2928 2569 '0
2967 2517 3360 2588 ἐκϐαλλόμενος
3409 2519 3579 2590 ἐχέτω
3621 2520 3774 2586 ἐξου-

2189 2608 2310 2662 σίαν
2347 2608 2437 2661 ἐπὶ
2466 2608 2556 2661 τὸν
2582 2609 2881 2663 ἐπίσκοπον
2910 2609 3011 2680 τῆς
3069 2612 3482 2682 μητροπόλεως,
3507 2614 3623 2685 ἦτοι
3681 2615 3766 2668 τὸν

2191 2701 2616 2772 μητροπολίτην,
2663 2705 3002 2772 καταφυγεῖν
3034 2719 3048 2732 ·
3082 2704 3132 2755 εἰ
3171 2703 3226 2756 δέ
3259 2706 3286 2757 ὁ
3328 2706 3429 2774 τῆς
3492 2707 3764 2776 μητροπό-

2190 2795 2326 2857 λεως
2357 2793 2606 2858 ἄπεστιν,
2641 2794 2733 2847 ἐπὶ
2753 2795 2841 2849 τὸν
2869 2795 3245 2865 πλησιόχωρον
3269 2797 3644 2868 κατατρέχειν,
3673 2797 3767 2852 καὶ

2191 2884 2378 2951 ἀξιοῦν
2432 2885 2522 2938 ἵνα
2567 2884 2705 2956 μετὰ
2762 2885 3073 2955 ἀκριϐείας,
3116 2884 3281 2938 αὐτοῦ
3342 2881 3662 2956 ἐξετάζηται
3709 2885 3767 2939 τὸ

2191 2978 2423 3048 πρᾶγμα
2451 2990 2465 3004 '
2512 2976 2573 3028 οὑ
2630 2976 2734 3048 χρὴ
2789 2975 2899 3047 γὰρ
2932 2977 3005 3046 μὴ
3047 2977 3279 3047 ὑπέχειν
3311 2977 3410 3040 τὰς
3446 2977 3613 3039 ἀκοὰς
3660 2980 3767 3039 τοῖς

2189 3068 2430 3136 ἀξιοῦσιν
2458 3085 2471 3099 ο
2511 3069 2718 3130 ἐκεῖνος
2747 3067 2802 3119 δὲ
2835 3070 2863 3120 ὁ
2911 3069 3230 3133 ἐπίσκοπος,
3265 3070 3293 3122 ὁ
3332 3068 3612 3139 δικαίωςῆ
3657 3067 3768 3120 ἀδί-

2193 3181 2305 3226 κως
2337 3160 2582 3215 ἐκϐαλὼν
2615 3160 2704 3212 τὸν
2737 3160 3004 3225 τοιοῦτον,
3041 3161 3304 3228 γενναίως
3336 3163 3525 3232 φέρειν
3550 3160 3767 3229 ὀφείλει,

2195 3258 2281 3309 ἵνα
2327 3257 2360 3325 ὴ
2417 3255 2662 3321 ἐξέτασις
2695 3251 2788 3305 τοῦ
2829 3253 3153 3322 πράγματος
3201 3251 3448 3321 γένηται,
3492 3253 3586 3304 καὶ
3619 3251 3768 3322 ἠκυ-

2197 3346 2340 3418 ρωθῇ
2372 3345 2532 3399 αὐτοῦ
2569 3343 2984 3414 ὴὰπόφασις,ῆ
3023 3343 3365 3414 διορθώσεως
3405 3344 3546 3415 τύχῃ
3583 3361 3594 3373 ·
3647 3342 3769 3411 πρὶν

2191 3440 2249 3493 δὲ
2276 3436 2550 3508 ἐπιμελῶς
2579 3436 2787 3489 ’ἐκαστα
2811 3433 3094 3505 ἐξετασθῇ,
3131 3437 3158 3487 ὁ
3187 3434 3262 3505 μὴ
3288 3434 3427 3505 ἔχων
3460 3437 3558 3504 τὴν
3590 3450 3768 3486 κοινω-

2192 3529 2329 3594 νίαν,
2385 3527 2491 3598 πρὸ
2533 3528 2631 3594 τῆς
2681 3523 3024 3594 διαγνώσεως
3075 3524 3170 3578 τοῦ
3206 3525 3552 3597 πράγματος,
3601 3522 3769 3592 ἐαυτῷ

2192 3622 2291 3676 οὐκ
2318 3621 2521 3689 ὀφείλει
2551 3618 2787 3670 ἐκδικεῖν
2809 3617 2909 3686 τὴν
2965 3616 3252 3671 κοινωνίαν
3287 3633 3300 3646 ·
3340 3619 3434 3670 ἐὰν
3467 3619 3523 3669 δὲ
3557 3616 3768 3684 συνελη-

2193 3713 2412 3775 λυθότες
2438 3710 2546 3764 τῶν
2569 3709 2847 3780 κληρικῶν
2873 3726 3015 3773 τινες
3055 3709 3312 3762 κατίδωσι
3344 3708 3444 3779 τὴν
3477 3708 3767 3778 ὑπεροψίαν

2192 3807 2289 3860 καὶ
2337 3804 2437 3874 τὴν
2482 3800 2802 3867 ἀλαζονείαν
2879 3801 3080 3867 αὐτοῦ,
3135 3801 3324 3872 ἐπειδὴ
3377 3802 3438 3853 οὐ
3502 3799 3768 3872 προσῆκόν

2193 3901 2342 3952 ἐστιν
2379 3897 2536 3967 ὓϐριν
2569 3896 2601 3966 ἦ
2641 3895 2848 3966 μέμψιν
2876 3895 3060 3949 ἄδικον
3081 3895 3396 3965 ὑπομένειν,
3433 3893 3769 3966 πικροτέροις

2192 3993 2286 4046 καὶ
2340 3989 2660 4061 βαρυτέροις
2719 3989 2959 4059 ῥήμασιν
3005 3988 3354 4059 ἐπιστρέφειν
3405 3988 3594 4041 τοῦτον
3629 3985 3768 4055 ὀφεί-

2190 4085 2372 4137 λουσιν
2407 4099 2420 4114 ·
2462 4082 2548 4134 ἵνα
2574 4080 2650 4151 τῷ
2675 4080 2744 4133 τὰ
2765 4080 3044 4151 πρέποντα
3078 4080 3354 4133 κελεύοντι
3392 4079 3764 4151 ὑπηρετῶνται

2192 4179 2285 4233 καὶ
2352 4177 2740 4231 ὑπακούωσιν’
2795 4176 2984 4246 ὥσπερ
3040 4179 3148 4248 γὰρ
3211 4180 3238 4231 ὁ
3303 4179 3604 4241 ἐπίσκοπος
3661 4178 3766 4238 τοῖς

2191 4270 2496 4341 ὑπηρέταις
2546 4269 2814 4339 εἰλικρινῆ
2864 4269 3068 4338 ὀφείλει
3137 4269 3236 4337 τὴν
3280 4270 3500 4341 ἀγάπην
3531 4270 3622 4323 καὶ
3673 4266 3766 4336 τὴν

2188 4362 2429 4415 διάθεσιν
2459 4363 2742 4434 παρέχειν,
2782 4362 2872 4415 τὸν
2902 4361 3064 4415 αὑτὸν
3085 4363 3284 4432 τρόπον
3310 4364 3356 4414 οἱ
3399 4357 3762 4427 ὑποτεταγμέ-

2118 4463 2172 4524 ])
2197 4471 2298 4517 νοι,
2335 4455 2536 4518 ἀδόλως
2563 4457 2675 4516 τοῖς
2707 4453 3025 4515 ἐπισκόποις
3050 4453 3119 4504 τὰ
3162 4453 3262 4522 τῆς
3293 4453 3595 4524 ὑπηρεσίας
3620 4452 3760 4502 tam.

2193 4549 2302 4600 λεῖν
2334 4547 2658 4614 ὀφείλουσιν.

2264 4639 2531 4693 Συνόδου
2564 4638 2983 4708 Καρθαγέννης
3021 4638 3220 4692 κανὼν
3257 4638 3318 4692 ιε’
3343 4645 3426 4710 κη’
3445 4638 3530 4710 ρκ’
3555 4642 3691 4705 ρκα’.

2261 4819 2397 4886 Περὶ
2420 4819 2718 4888 διαφόρων
2734 4819 2962 4884 τάξεων
2983 4838 3010 4872 τ
3025 4820 3055 4889 ᾗ
3077 4822 3403 4889 Ἐκκλησία
3446 4820 3759 4876 δουλευου-

2188 4910 2336 4974 σῶν,
2364 4927 2417 4963 κ.
2453 4927 2505 4964 τ.
2535 4911 2584 4966 λ.

2263 5007 2350 5055 ιε’.
2385 4999 2616 5071 Ὁμοίως
2640 5000 2834 5071 ἤρεσεν
2862 5015 2875 5028 °
2915 4999 3001 5052 ἵνα
3035 5001 3385 5072 ὀστισδήποτε
3411 5000 3517 5054 τῶν
3544 4992 3753 5050 ἐπισκό-

2185 5109 2325 5155 πων,
2362 5109 2416 5144 κ.
2447 5109 2496 5145 τ.
2534 5091 2583 5144 λ.

2258 5186 2648 5252 Πρεσϐύτεροι
2669 5184 2765 5238 καὶ
2787 5183 3052 5241 διάκονοι
3069 5185 3168 5238 καὶ
3193 5187 3484 5252 admoneo},
3516 5188 3569 5238 οἱ
3587 5182 3652 5236 ἑν
3679 5176 3753 5252 τῷ

506 5237 574 5317 ad
595 5237 953 5316 transmarina
983 5237 1282 5316 putarer-int
1326 5237 1718 5305 appellandum,
1742 5238 1798 5290 in
1846 5253 2082 5290 commu—

2188 5237 2319 5318 tam;
2341 5237 2642 5325 πράγμῆ..
2675 5237 2975 5321 ἐκκλήτοᾷὲ
3003 5237 3533 5325 ἐιάρέχὸάὲέὲςξέἓει
3558 5255 3626 5307 τὰ
3655 5237 3750 5325 πέρ

506 5307 712 5359 nionem
742 5306 954 5358 minime
981 5307 1360 5374 suscipiantur.

574 5485 665 5539 ‘28.
708 5485 838 5539 Item
881 5484 1086 5555 placuit
1117 5486 1161 5515 ²⁶
1194 5484 1328 5554 (96),
1360 5496 1419 5539 ut
1461 5486 1782 5555 presbyteri,
1839 5486 2076 5552 diaconi,

577 5575 622 5606 ²⁶
660 5574 830 5631 Cone.
860 5575 1079 5630 Milevit.
1107 5592 1167 5642 ιι,
1202 5579 1303 5630 ευι)
1335 5577 1518 5631 lunoc.
1551 5595 1600 5632 c.
1633 5579 1722 5632 9:2.

2182 5313 2302 5391 pair
2326 5313 2432 5392 τῆς
2456 5313 2773 5393 dandaque
2789 5313 2876 5391 εἰξ-
2905 5313 3221 5380 normal-la};
3241 5313 3522 5395 μηδὲιιιῶς
3547 5313 3753 5390 δεχθῶσ

2190 5412 2299 5447 σιν.

2259 5493 2363 5556 κη’.
2416 5486 2641 5554 Ὁμοίως
2693 5487 2888 5557 ἤρεσεν
2920 5488 3005 5540 ἵνα
3051 5489 3101 5540 oi
3154 5488 3513 5559 πρεσϐύτεροι
3561 5482 3652 5539 καὶ
3704 5476 3750 5530 οῑ

581 5667 692 5745 (96)
723 5667 1328 5745 _lnnuithillincmarus
1379 5671 1430 5724 in
1485 5687 1676 5741 opusc.
1724 5672 1797 5727 Dc
1843 5674 2070 5731 divortio
2148 5675 2305 5728 Loth.
2354 5684 2400 5726 et
2451 5673 2627 5728 Theti).
2681 5689 2803 5745 pag.
2863 5674 2968 5730 686
3001 5717 3014 5742 ,
3067 5677 3212 5730 hunc
3269 5689 3530 5734 canoncm
3579 5668 3746 5742 primo

515 5740 686 5801 fuisse
723 5740 774 5791 in
804 5741 1037 5795 concilio
1077 5741 1422 5810 llipponcusi
1459 5740 1757 5801 sancitun.
