4122 6448
410 384 514 448 7:25

1227 383 1630 444 SYNTAGMA
1663 384 2130 445 CANONUl'Ir-
2163 390 2312 450 TlT.
2350 393 2454 466 1X,
2497 395 2655 456 CAP.
2698 396 2796 457 VI.

3583 407 3694 470 7'26

410 502 671 563 διάκονοη
708 497 803 553 καὶ
835 497 884 550 οἱ
929 495 1104 550 λοιποὶ
1137 493 1435 566 κατώτεροι
1489 493 1761 567 κἰηρικοὶ,
1804 498 1860 548 ἐν
1917 490 2005 558 αἷς

2115 499 2192 552 vel
2229 503 2409 555 caeteri
2437 502 2726 560 inferiores
2758 506 2966 574 clerici,
3002 510 3053 563 in
3091 513 3276 569 causis
3302 531 3440 583 quas
3482 516 3689 575 habue-

410 594 632 665 ἔχουσιν
668 591 890 656 αἰτίαις,
928 589 1024 642 ἐὰν
1053 587 1122 640 τὰ
1151 587 1476 658 δικαστήρια
1537 589 1860 658 μέμφωνται
1893 588 2000 640 τῶν

415 688 562 740 ἰδίων
592 682 931 746 ἐπισκόπων,
960 681 1009 733 οἱ
1034 680 1274 749 γείτονες
1300 679 1590 734 ἐπίσκοποι
1618 681 2000 752 ἁκροάσωνται

415 779 620 839 αὐτῶν,
645 777 740 831 καὶ
783 775 921 847 μετὰ
959 775 1318 837 συναινέσεως
1345 772 1440 827 τοῦ
1488 772 1619 826 ἰδίου
1671 773 1998 837 ἐπισκόπου,

410 871 486 924 τὰ
509 870 714 941 μεταξὺ
747 867 926 921 αὐτῶν
969 865 1226 920 διαθῶσιν
1260 867 1310 919 oi.
1344 864 1816 936 προσκαλούμενοι
1868 866 2002 936 παρ’

413 961 599 1016 αὐτῶν
658 960 994 1014 ἐπίσκοποι*
1030 960 1080 1012 εί
1107 957 1163 1012 δὲ
1223 958 1317 1012 καὶ
1361 958 1490 1027 περὶ
1520 955 1701 1010 αὐτῶν
1735 955 2003 1026 ἔκκλητον

414 1051 678 1125 παρέχειν
699 1052 1002 1122 νομίσουσι,
1036 1050 1111 1122 μὴ
1134 1050 1538 1104 ἐκκαλέσωνται
1567 1050 1647 1113 είς
1696 1047 1767 1101 τὰ
1823 1047 2001 1119 πέραν

410 1146 515 1216 τῆς
574 1143 850 1212 θαλάσσης
909 1138 1258 1214 δικαστήρια,
1313 1142 1449 1196 ἀλλά
1507 1141 1644 1214 πρὸς
1685 1144 1813 1207 τοὺς
1848 1160 2005 1216 πρω-

412 1236 670 1298 τευόντας
725 1234 838 1286 τῶν
896 1233 1044 1288 ἰδίων
1089 1231 1369 1305 ὲπαρχῶν,
1437 1232 1512 1297 ὡς
1564 1236 1659 1288 καὶ
1721 1236 1850 1307 περὶ
1893 1235 2002 1290 τῶν

413 1327 727 1380 ἐπισκόπων
763 1325 1023 1390 πολλάκις
1056 1325 1292 1397 ὥρισται
1322 1341 1338 1357 ο
1368 1327 1416 1379 οἱ
1464 1325 1522 1380 δὲ
1575 1325 1713 1396 πρὸς
1743 1343 2002 1398 περαμα-

414 1420 542 1474 mea;
572 1420 898 1489 δικαστήρια
923 1418 1397 1490 διεκκαλοῦμενοι,
1427 1421 1558 1490 παρ’
1591 1419 1806 1483 οὐδενὸς
1836 1420 1895 1474 ἐν
1934 1421 2002 1492 τῇ

428 1515 662 1584 Ἀφρικῇ
693 1511 954 1581 δεχθῶσιν
975 1513 1055 1574 είς
1079 1510 1392 1567 κοινωνίαν.

489 1605 630 1672 Περὶ
679 1605 796 1658 τῶν
851 1591 976 1668 τοῖς
1019 1602 1192 1669 λαοῖς
1229 1601 1336 1670 οὒς
1394 1601 1745 1672 νομίζουσιν
1796 1603 2003 1671 αὐτοῖς

414 1697 666 1762 ἀνήκειν
730 1697 1186 1752 ἐπιϐαλλόντων
1223 1696 1383 1766 παρὰ
1448 1695 1692 1766 γνώμην
1719 1695 1838 1749 τῶν
1891 1698 2001 1752 αὺ-

415 1789 559 1853 τοὺς
589 1805 730 1842 κατε
736 1790 987 1856 χόντων.

490 1880 595 1951 ρκ’.
647 1880 876 1952 Ὁμοίως
911 1881 1108 1953 ἤρεσεν
1148 1880 1234 1934 ἵνα
1265 1879 1568 1950 οἱοιδήποτε
1603 1879 1894 1935 ἐπίσκοποι
1933 1879 2004 1935 τὰ
2036 1857 2078 1912 Β

415 1973 595 2044 ττλὴοη
625 1971 660 2026 ἃ.
686 1972 968 2043 νομίζουσι
1011 1973 1090 2044 τῷ
1129 1972 1304 2045 θρόνῳ
1365 1972 1546 2027 αὐτῶν
1613 1972 1867 2043 ἀνήκειν,
1928 1974 2003 2046 μὴ

414 2063 592 2129 οὕτως
621 2065 963 2136 ἀναζητώσιν
993 2063 1135 2118 ὥστε
1161 2063 1336 2119 ἄλλων
1366 2065 1682 2119 ἐπισκόπων
1706 2066 2004 2138 κρινόντων

413 2156 574 2219 τοῦτο
598 2156 878 2225 πράττειν,
917 2155 1032 2209 ἀλλ’
1054 2157 1159 2209 ὑπὸ
1199 2156 1390 2227 ἐτέρου
1422 2156 1812 2227 κατεχομένοις
1841 2157 2004 2211 ἐπέλ-

415 2247 552 2299 θωσι
577 2249 688 2309 τοῖς
719 2247 890 2311 λαοῖς,
925 2245 1032 2299 εἴτε
1061 2247 1404 2317 θελήσουσιν,
1441 2246 1550 2299 εἴτε
1590 2245 1666 2317 μὴ
1690 2245 2002 2316 θελήσουσι,

413 2334 511 2386 τοῦ
559 2334 693 2387 ἰδίου
748 2335 1076 2404 πράγματος
1103 2335 1201 2406 τὴν
1239 2335 1443 2406 ζημίαν
1483 2337 1824 2407 ὑπομείνωσι
1862 2352 1875 2365 ·
1911 2338 2006 2391 καὶ

415 2427 469 2479 οἱ
498 2429 850 2499 τινεσδήποτε
902 2427 1058 2480 τοῦτο
1088 2427 1372 2499 ἐποίησαν,
1403 2429 1452 2482 εί
1489 2429 1565 2500 μὴ
1600 2431 1632 2502 ή
1660 2429 1862 2500 μεταξὺ
1896 2433 2006 2486 τῶν

417 2521 737 2574 ἐπισκόπων
774 2520 1086 2583 συνέλευσις
1124 2520 1478 2593 ἐπερατώθη,
1519 2523 1634 2576 ἀλλ’
1664 2525 1848 2595 ἀκμὴν
1878 2526 2006 2597 περὶ

416 2613 514 2667 τοῦ
571 2613 736 2667 αὑτοῦ
793 2612 1210 2682 φιλονεικοῦσιν,
1263 2613 1471 2678 ἐκεῖνος
1526 2615 1736 2685 ἀποστῇ
1795 2615 2007 2670 ἐκεῖθεν

418 2707 549 2776 περὶ
578 2699 640 2758 οἶ)
662 2703 924 2776 δειχθείη,
948 2706 1030 2759 ὅτι
1061 2704 1346 2776 παρεάσας
1369 2705 1496 2768 τοὺς
1514 2705 2007 2777 ἐκκλησιαστικοὺς

417 2799 684 2862 δικαστὰς
714 2797 901 2866 ἔφοδον
940 2800 1166 2868 ἐποίησε
1199 2815 1213 2828 ·
1248 2799 1342 2852 καὶ
1379 2799 1454 2870 μὴ
1506 2800 1698 2853 ἑαυτὸν
1727 2799 1810 2864 τίς
1845 2801 2006 2856 κολα-

419 2886 614 2958 κεύσῃ,
652 2889 700 2940 εἰ
762 2889 824 2940 ὲκ
857 2887 949 2940 τοῦ
1000 2887 1377 2960 πρωτεύοντος
1401 2890 1706 2961 γράμματα
1737 2893 1868 2965 περὶ
1912 2893 2006 2947 τοῦ

420 2977 674 3047 κατέχειν
704 2977 918 3042 ἔλαϐεν,
957 2979 1118 3043 ἀλλὰ,
1146 2979 1256 3032 είτε
1287 2980 1592 3052 γράμματα
1615 2982 1730 3054 ἔχει
1755 2986 1866 3038 εἴτε
1907 2985 2009 3039 οὐκ

421 3069 558 3140 εχει,
590 3069 835 3123 συνέλθοι
873 3071 948 3139 τῷ
983 3071 1289 3142 κατέχοντι,
1328 3071 1422 3126 καὶ
1453 3075 1582 3144 παρ’
1637 3075 1804 3129 αὑτοῦ
1827 3077 2010 3147 γράμ-

424 3179 572 3232 ματα
627 3161 804 3224 λάϐοι,
847 3162 989 3216 ὥστε
1045 3164 1279 3234 φανῆναι
1331 3164 1520 3219 τοῦτον
1563 3167 1854 3238 είρηνικῶς
1909 3162 2078 3238 viqu

421 3253 572 3324 αὖτῷ
627 3255 935 3326 ἀνήκουσαν
957 3259 1252 3326 κατασχεῖν
1288 3255 1618 3329 Ἐκκλησίαν
1651 3275 1664 3288 ·
1707 3259 1803 3312 ἐὰν
1835 3259 1890 3313 δὲ
1913 3261 2014 3313 κά-

424 3346 602 3410 κεῖνός
657 3364 778 3400 τινα
813 3348 1042 3418 ζήτησιν
1083 3347 1465 3421 ἀντεπαγάγῃ,
1522 3350 1618 3404 καὶ
1649 3350 1786 3422 αὕτη
1840 3368 2014 3423 περα-

425 3439 572 3511 τωθῇ
613 3440 820 3510 μεταξὺ
848 3442 1168 3494 ἐπισκόπων
1197 3441 1517 3512 κρινόντων,
1551 3442 1660 3494 εἴτε
1689 3443 1781 3506 οὓς
1807 3447 1835 3497 ὁ
1861 3463 2015 3516 πρωο

423 3530 598 3585 στεύων
631 3531 800 3599 αὐτῆς
826 3529 921 3602 δῷ,
949 3532 1058 3584 εἴτε
1084 3531 1178 3594 οὓς
1201 3529 1552 3600 γειτνιῶντας
1603 3533 1749 3588 κατά
1769 3535 2015 3588 συναίνε-

425 3643 511 3678 σιν
534 3627 891 3693 ὲπιλέξονται.

423 3720 566 3790 Περὶ
614 3719 733 3774 τῶν
790 3722 1179 3847 ἀμελούντωὲ
1230 3721 1350 3802 τῶν
1400 3721 1604 3788 αὐτοῖς
1657 3723 2016 3792 ἀνηκόντων

1177 3812 1321 3847 αων.

1177 3812 1321 3848 αων.

500 3891 642 3956 ρκα’.
687 3884 925 3958 Ὁμοίως
958 3884 1155 3957 ήρεσεν
1191 3884 1278 3938 ἴνα
1295 3885 1701 3957 οίτινεσδήποτε
1731 3886 2012 3958 ἀμελοῦσι,

428 3995 483 4034 κ.
518 3995 571 4033 τ.
595 3978 644 4032 λ.

502 4074 580 4126 Τὰ
607 4073 893 4142 ὀφείλοντα
939 4073 996 4125 ἐν
1039 4070 1214 4141 τούτῳ
1253 4071 1332 4141 τῷ
1368 4090 1492 4142 κεφ.
1546 4072 2013 4144 παραγραφῆναι,

433 4163 647 4233 συνῆψα
679 4165 801 4225 ταῖς
827 4164 1222 4232 παραγραφαῖς
1252 4162 1346 4214 τοῦ
1370 4161 1736 4234 προλαϐόντος
1762 4179 1885 4230 κεφ.
1916 4161 2008 4233 Cn-

428 4255 540 4309 τῶν
575 4253 667 4308 οὗν
714 4254 842 4326 περὶ
883 4253 1244 4325 χρηματικῶν
1283 4253 1316 4326 ἢ
1363 4255 1790 4325 ὲγκληματικὼν
1829 4254 2016 4317 δικῶν,

429 4350 615 4402 ἐκεῖνα
637 4345 930 4416 ἀνάγνωθι.

503 4441 757 4494 ΚΕΦΑΛ.
799 4443 892 4508 ς’.
927 4469 997 4482 —-
1056 4439 1198 4510 Περὶ
1226 4439 1761 4510 ἀναψηλαφήσεως
1792 4438 2019 4509 ψήφων

433 4533 805 4590 ἐπισκόπων.

715 4623 988 4679 Συνόὸου
1021 4624 1384 4692 Ἀντιοχείας
1416 4622 1614 4676 κανὼν
1641 4630 1712 4687 ς’.

507 4717 670 4781 Εἴτις
693 4719 798 4772 ὑπὸ
813 4719 905 4772 τοῦ
932 4718 1062 4772 ἰδίου
1093 4717 1392 4771 ἐπισκόπου
1426 4716 1785 4786 ἀκοινώνητος
1807 4715 2018 4784 γέγονε,

434 4824 490 4865 κ.
519 4825 572 4864 τ.
604 4809 654 4864 λ.

653 4905 924 4958 Συνόὸου
953 4901 1243 4972 Σαρδιλιῆς
1290 4901 1494 4956 κανὼν
1522 4899 1567 4968 γ’
1597 4900 1638 4953 δ’
1668 4907 1707 4951 ε’
1735 4898 1813 4951 ιδ’.

505 5003 554 5066 γ’
582 4993 773 5060 "Dato;
820 4997 1116 5058 ἐπίσκοπος
1154 4991 1307 5047 εἶπεν
1331 5010 1341 5022 ·
1366 4995 1693 5063 Ἀναγκαῖον
1724 4993 1819 5046 καὶ
1851 4993 2026 5059 τοῦτο,

439 5107 494 5144 κ.
532 5105 583 5142 τ.
615 5087 667 5140 λ.

510 5179 573 5236 δ’.
605 5180 924 5242 Γαυδέντιος
953 5180 1246 5242 ἐπίσκοπος
1268 5174 1441 5240 εἶπεν,
1465 5195 1517 5232 κ.
1545 5196 1594 5232 τ.
1619 5179 1669 5232 λ.

515 5280 575 5329 ε’.
607 5273 793 5335 "Ocno;
821 5272 1119 5333 ἐπίσκοπος
1142 5267 1315 5324 εἶπεν⁸
1355 5272 1587 5340 Ἤρεσεν
1609 5270 1694 5323 ἵνα
1727 5270 1883 5333 εἴτις
1913 5270 2030 5324 επί-

447 5381 649 5426 σκοπος
685 5361 1108 5430 καταγγελθείη,
1144 5379 1198 5415 κ.
1227 5379 1278 5414 τ.
1301 5361 1352 5415 λ.

523 5502 563 5531 ²⁷
600 5500 766 5554 Cone.
809 5498 1181 5554 lliilcvitanum
1216 5513 1279 5563 ll,
1312 5512 1360 5551 c.
1397 5496 1508 5564 9.2;
1549 5497 1718 5553 Afric.
1749 5515 1800 5554 c.
1831 5499 1920 5554 87.

528 5644 640 5714 (97)
665 5641 782 5696 Non
801 5650 928 5697 sunt
953 5640 1269 5714 haecverba,
1291 5641 1424 5714 sicut
1446 5647 1495 5714 et
1513 5638 1870 5714 deepiscopis,
1893 5649 2023 5700 etc.,

457 5717 514 5769 in
539 5710 689 5776 '_ca'n.
716 5715 839 5778 1°25,
872 5713 966 5782 qni
1017 5712 1083 5766 ad
1118 5711 1509 5782 verbum‘liuic
1549 5710 1864 5782 simillimus
1908 5718 2026 5782 est;

461 5801 560 5839 nec
603 5785 748 5854 apud
802 5779 1178 5854 Cresconiumi
1210 5781 1290 5834 tit.
1342 5780 1470 5844 Q85,
1518 5781 1610 5835 sed
1675 5781 1743 5854 ab
1808 5779 2028 5833 Aurelio

460 5850 718 5925 (Iat'thug.
769 5854 979 5924 adjecta
1015 5853 1183 5909 videri
1215 5860 1468 5923 possunt,
1506 5865 1630 5906 cum
1675 5850 1822 5905 hunc
1866 5865 2027 5906 cauo:

2106 593 2238 655 rint,
2273 593 2321 647 si
2375 595 2442 650 de
2486 595 2714 666 judiciis
2779 601 3166 670 episcoporum
3233 621 3458 662 suorum
3509 613 3692 680 questi

2107 683 2357 753 fuerint,
2422 689 2592 744 vicini
2650 692 2893 764 episcopi
2955 711 3050 750 eos
3099 712 3221 752 cum
3277 715 3549 757 consensu
3607 706 3692 760 sui

2107 780 2345 850 episcopi
2377 784 2606 840 audiant
2637 794 2690 839 et
2723 787 2864 841 inter
2886 802 2982 843 eos
3007 789 3272 846 deﬁniant
3323 794 3482 848 asciti
3515 797 3583 850 ab
3609 798 3690 853 eis

2105 871 2348 942 episcopi
2383 893 2396 929 :
2434 877 2581 946 quod
2614 877 2661 932 si
2703 888 2758 932 et
2790 879 2860 933 ab
2892 880 2974 936 eis
3007 885 3420 951 provocandam
3463 896 3692 957 putave-

2106 963 2234 1028 rint,
2283 982 2390 1021 non
2432 978 2730 1036 provocent
2780 971 2849 1026 ad
2891 976 3260 1032 transmarina
3313 977 3544 1048 judicia,
3595 984 3689 1035 sed

2107 1051 2172 1106 ad
2213 1054 2479 1123 primates
2508 1072 2736 1114 suarum
2774 1061 3208 1133 provinciarum,
3241 1075 3334 1120 aut
3366 1067 3433 1121 ad
3471 1068 3694 1123 univer—

2106 1144 2219 1201 sale
2257 1147 2588 1215 concilium,
2624 1151 2769 1206 sicut
2825 1161 2879 1207 et
2927 1154 2994 1210 de
3043 1156 3317 1227 episcopis
3373 1159 3492 1230 (97)
3547 1177 3692 1230 sa-pe

2107 1238 2465 1294 constitutum
2503 1250 2609 1295 est.
2647 1242 2728 1296 Ad
2764 1248 3132 1302 transmarina
3171 1259 3354 1305 autem
3390 1253 3482 1322 qui
3529 1262 3688 1323 puta-

2114 1331 2254 1385 verit
2285 1334 2688 1403 appellandum,
2728 1350 2758 1389 a
2790 1337 2939 1391 nullo
2971 1338 3112 1394 intra
3142 1340 3385 1399 Africam
3427 1345 3496 1401 ad
3534 1360 3690 1400 com-

2108 1421 2426 1475 munionem
2454 1423 2812 1492 suscipiatur.

2192 1622 2263 1676 De
2297 1624 2375 1677 liis
2410 1625 2502 1692 qui
2536 1625 2588 1678 in
2615 1625 2810 1694 plebes,
2842 1643 2974 1697 quas
3007 1628 3075 1681 ad
3105 1644 3158 1681 se
3183 1629 3443 1697 pertinere
3476 1639 3687 1700 putant,

2107 1717 2432 1771 inconventis
2463 1717 2543 1770 Itis
2571 1735 2602 1770 a
2638 1716 2827 1787 quibus
2858 1729 3119 1785 tenentur,
3150 1721 3422 1774 irruerint.

2183 1891 2305 1948 19.0.
2355 1895 2487 1949 item
2533 1893 2738 1964 placuit
2763 1893 2809 1925 ³⁷
2843 1892 2994 1965 (98),
3027 1900 3087 1946 ut
3113 1893 3429 1963 quicunque
3454 1892 3695 1962 episcopi

2109 1988 2318 2059 plebes,
2356 2003 2494 2058 quas
2533 1987 2602 2043 ad
2641 2003 2797 2044 suam
2833 1987 3148 2044 cathedram
3179 1988 3494 2042 existiment
3524 1987 3697 2057 perti-

2109 2097 2261 2146 nere,
2300 2097 2408 2136 non
2454 2081 2528 2136 ita
2575 2090 2848 2152 repetunt,
2900 2088 2960 2134 ut
3002 2095 3198 2135 causas
3249 2096 3378 2136 suas
3419 2081 3696 2151 episcopis

2102 2173 2480 2244 iudicantibus
2545 2182 2742 2244 agant,
2791 2172 2885 2228 sed
2931 2173 3041 2227 alio
3091 2173 3357 2228 retinente
3405 2173 3697 2244 irrueriut,

2106 2267 2223 2322 sive
2267 2267 2600 2331 volentibus,
2657 2265 2817 2336 253
2868 2265 2982 2321 sive
3037 2265 3349 2321 nolentibus
3412 2265 3697 2334 plebibus,

2106 2377 2287 2417 causa:
2331 2376 2445 2418 suae
2488 2361 2872 2416 detrimentum
2917 2359 3230 2430 patiantur,
3283 2371 3338 2414 et
3386 2361 3702 2430 quicunque

2104 2454 2216 2524 jam
2265 2453 2367 2509 hoc
2408 2452 2690 2520 fecerunt,
2737 2453 2783 2509 si
2831 2451 3077 2507 nondum
3115 2460 3202 2507 est
3235 2451 3376 2506 inter
3412 2453 3702 2523 episcopos

2110 2548 2262 2601 ﬁnita
2348 2547 2663 2612 contentio,
2733 2545 2828 2601 sed
2902 2546 3082 2600 adhuc
3161 2546 3538 2611 contendunt;
3612 2547 3702 2602 ille

2108 2640 2232 2694 inde
2270 2639 2516 2695 discedat
2541 2682 2554 2700 ,
2603 2652 2766 2708 quem
2807 2636 3112 2692 constiterit
3145 2637 3527 2706 pnetermissis
3555 2637 3704 2706 judi-

2107 2732 2208 2785 ciis
2269 2730 2664 2785 ecclesiasticis
2737 2729 2984 2783 irruisse.
3057 2726 3167 2782 Nec
3234 2728 3338 2782 sibi
3406 2727 3702 2798 quisquam

2107 2821 2443 2887 blandiatur,
2485 2821 2531 2876 si
2575 2834 2606 2873 a
2644 2819 2906 2889 primate,
2941 2826 3002 2873 ut
3061 2819 3310 2882 retineat,
3341 2818 3550 2872 litteras
3598 2817 3700 2870 im-

2107 2911 2370 2982 petrarit;
2407 2909 2500 2964 sed
2529 2909 2644 2964 sive
2676 2909 2872 2963 habeat
2901 2907 3107 2962 litteras
3130 2947 3144 2972 ,
3178 2907 3291 2962 sive
3328 2922 3436 2962 non
3483 2907 3699 2972 habeat,

2109 3001 2398 3055 conveniat
2427 3015 2551 3054 eum
2594 2999 2687 3069 qui
2733 3007 2916 3062 tenet,
2957 3010 3011 3051 et
3039 2997 3160 3066 ejus
3191 2998 3402 3052 litteras
3447 2996 3700 3066 accipiat,

2112 3103 2170 3146 ut
2205 3107 2329 3145 eum
2359 3101 2618 3160 appareat
2663 3090 2886 3160 pacilice
2929 3090 3170 3144 tenuisse
3212 3088 3511 3144 Ecclesiam
3545 3089 3611 3144 ad
3644 3106 3702 3145 se

2115 3185 2504 3255 pertinentem.
2556 3183 2613 3238 Si
2667 3193 2849 3239 autem
2908 3183 2998 3238 ille
3051 3183 3286 3252 aliquam
3343 3181 3702 3252 quaestionem

2117 3278 2397 3342 retulerit,
2431 3293 2527 3346 per
2553 3276 2840 3346 episc0pos
2878 3275 3091 3345 iudices
3125 3289 3288 3330 causa
3321 3273 3563 3336 ﬁniatur,
3589 3274 3705 3328 sive

2115 3386 2254 3442 quos
2287 3372 2367 3426 eis
2398 3371 2657 3441 primates
2698 3368 2967 3436 dederint,
3018 3369 3132 3423 sive
3183 3381 3322 3436 quos
3353 3365 3456 3437 ipsi
3499 3366 3707 3420 vicinos

2115 3477 2182 3516 ex
2207 3475 2479 3517 consensu
2513 3458 2828 3530 delegerint.

2193 3736 2266 3790 De
2299 3737 2379 3790 Itis
2410 3735 2501 3804 qui
2531 3731 2704 3802 plebes
2734 3729 2802 3783 ad
2837 3745 2889 3783 se
2923 3729 3238 3798 pertinentes
3272 3727 3559 3798 negligunt.

2192 3896 2316 3950 HI.
2363 3895 2492 3947 llcm
2557 3890 2764 3962 placuit
2795 3901 2854 3944 ut
2887 3887 3203 3958 quicunque
3241 3886 3544 3957 negligunt,
3569 3895 3703 3950 etc.,

2121 4001 2177 4044 ut
2205 4006 2369 4057 supra
2403 4003 2524 4056 pag.
2567 3983 2692 4038 679.

2192 4079 2356 4150 254.
2414 4077 2547 4144 Quae
2572 4077 2623 4130 in
2656 4075 2760 4128 hoc
2793 4072 2970 4142 capite
3011 4070 3262 4146 annotari
3308 4069 3541 4124 debeant
3569 4083 3706 4123 con-

2119 4173 2276 4244 junxi
2311 4167 2759 4225 aimotatiouibns
2787 4163 3163 4234 prteccdentis.
3196 4162 3311 4217 Illic
3338 4161 3500 4230 igitur
3527 4161 3592 4214 de
3615 4176 3708 4228 pc-

2122 4264 2387 4322 cuuiariis
2414 4271 2507 4316 aut
2564 4256 3001 4313 criminabilibus
3035 4254 3215 4310 causis
3263 4269 3536 4324 quaerens,
3566 4252 3702 4322 lege.

2195 4445 2348 4501 CAP.
2404 4443 2496 4496 VI.
2554 4471 2624 4483 ——-
2656 4439 2730 4492 De
2763 4438 3004 4492 examine
3035 4435 3412 4489 sententiarum
3439 4433 3708 4502 episcopa-

2049 4549 2092 4604 D
2121 4539 2194 4598 ίίιι
2206 4553 2275 4591 nt.

2499 4620 2728 4678 Concilii
2765 4617 3076 4672 Antiocheni
3107 4631 3273 4668 canon
3297 4614 3350 4672 6.

2199 4723 2258 4778 Si
2298 4719 2422 4790 quis
2483 4733 2512 4770 a
2583 4712 2806 4785 proprio
2854 4709 3118 4780 episcopo
3174 4704 3706 4769 excommunicatus,

2137 4831 2267 4878 e:c.,
2299 4823 2353 4866 ut
2379 4827 2500 4880 pag.
2531 4807 2659 4862 719.

2299 4900 2524 4958 Concilii
2550 4893 2885 4952 Sardicensis
2921 4905 3144 4944 canones
3175 4887 3230 4954 5,
3266 4887 3322 4952 4,
3367 4885 3419 4952 5,
3455 4885 3542 4939 14.

2203 4998 2258 5052 5.
2296 4993 2460 5049 Osius
2511 4990 2802 5059 episcopus
2832 4983 3014 5039 dixit:
3053 4981 3168 5035 lioc
3201 4993 3419 5049 quoque
3458 4990 3715 5033 necessa-

2129 5092 2232 5153 rio,
2269 5098 2402 5148 etc.,
2438 5093 2492 5136 ut
2516 5097 2640 5152 pag.
2666 5079 2791 5133 471.

2198 5183 2251 5235 4.
2279 5173 2620 5232 Gaudentius
2648 5171 2939 5241 episcopus
2973 5166 3132 5231 dixit,
3167 5175 3298 5231 etc.,
3330 5176 3387 5218 ut
3418 5180 3540 5234 pag.
3583 5163 3710 5217 471.

2200 5271 2444 5328 5.0sius
2501 5265 2792 5334 episcopus
2869 5259 3055 5315 dixit:
3092 5258 3321 5322 Placuit,
3382 5265 3443 5309 ut
3502 5259 3545 5310 si
3591 5254 3716 5324 quis

2129 5364 2417 5435 episcopus
2446 5359 2660 5414 delatus
2691 5355 2874 5418 fuerit,
2912 5363 3051 5416 etc.,
3090 5359 3145 5403 ut
3185 5365 3307 5420 pag.
3341 5349 3467 5404 471.

2137 5653 2260 5690 nem
2296 5651 2325 5689 a
2359 5633 2567 5704 synodo
2595 5629 3034 5704 confirmandum
3075 5628 3366 5704 recitaret:
3511 5693 3538 5704 Δ.

2208 5707 2321 5775 (98)
2352 5689 2661 5759 Ferrandus
2687 5701 2920 5775 cap._25.
2949 5714 3013 5775 ex
3039 5713 3194 5751 conc.
3223 5695 3476 5775 Cartliag.
3506 5693 3587 5772 tit.
3621 5689 3713 5775 Διᾷι

2141 5763 2571 5832 ιιιιῖΙοέιιιιοιιρε
2610 5775 2704 5827 118
2735 5763 2788 5825 et
2817 5771 2932 5834 lit),
2961 5771 3011 5822 in
3043 5783 3208 5821 unum
3252 5765 3515 5820 conilassc
3557 5763 3720 5817 intel-

2144 5850 2330 5917 ligiitll‘
2356 5866 2368 5901 :
2400 5846 2544 5916 quod
2569 5853 2620 5899 ct
2649 5843 2876 5898 inferius
2903 5841 3121 5902 patebit.
