  <div class='ocr_page' id='page_1' title='image "/cluster/home/n/w/nwhite01/storage/ocr_20150623/104:no.4/coo.31924054870088/373.png"; bbox 0 0 4122 6434; ppageno 0'>
   <div class='ocr_carea' id='block_1_1' title="bbox 570 401 674 464">
    <p class='ocr_par' dir='ltr' id='par_1_1' title="bbox 570 401 674 464">
     <span class='ocr_line' id='line_1_1' title="bbox 570 401 674 464; baseline 0 -1"><span class='ocrx_word' id='word_1_1' title='bbox 570 401 674 464; x_wconf 69' lang='grc'><strong>727</strong></span> 
     </span>
    </p>
   </div>
   <div class='ocr_carea' id='block_1_2' title="bbox 638 511 2226 586">
    <p class='ocr_par' dir='ltr' id='par_1_2' title="bbox 638 511 2226 586">
     <span class='ocr_line' id='line_1_2' title="bbox 638 511 2226 586; baseline -0.004 -17"><span class='ocrx_word' id='word_1_2' title='bbox 638 514 1062 586; x_wconf 76' lang='lat' dir='ltr'><strong>Responderunt</strong></span> <span class='ocrx_word' id='word_1_3' title='bbox 1092 515 1336 585; x_wconf 83' lang='lat' dir='ltr'><strong>episcopi</strong></span> <span class='ocrx_word' id='word_1_4' title='bbox 1375 535 1387 568; x_wconf 89' lang='lat'><strong>:</strong></span> <span class='ocrx_word' id='word_1_5' title='bbox 1421 513 1552 579; x_wconf 65' lang='lat' dir='ltr'><strong>Quae</strong></span> <span class='ocrx_word' id='word_1_6' title='bbox 1578 513 1724 566; x_wconf 87' lang='lat' dir='ltr'><strong>dicta</strong></span> <span class='ocrx_word' id='word_1_7' title='bbox 1771 521 1899 567; x_wconf 87' lang='lat' dir='ltr'><strong>sunt</strong></span> <span class='ocrx_word' id='word_1_8' title='bbox 1921 511 2144 580; x_wconf 89' lang='lat' dir='ltr'><strong>placue-</strong></span> <span class='ocrx_word' id='word_1_9' title='bbox 2180 515 2226 571; x_wconf 81' lang='grc' dir='ltr'>Α</span> 
     </span>
    </p>
   </div>
   <div class='ocr_carea' id='block_1_3' title="bbox 589 617 721 662">
    <p class='ocr_par' dir='ltr' id='par_1_3' title="bbox 589 617 721 662">
     <span class='ocr_line' id='line_1_3' title="bbox 589 617 721 662; baseline -0.015 0"><span class='ocrx_word' id='word_1_10' title='bbox 589 617 721 662; x_wconf 78' lang='lat' dir='ltr'><strong>unt.</strong></span> 
     </span>
    </p>
   </div>
   <div class='ocr_carea' id='block_1_4' title="bbox 567 621 2154 770">
    <p class='ocr_par' dir='ltr' id='par_1_4' title="bbox 567 621 2154 770">
     <span class='ocr_line' id='line_1_4' title="bbox 589 621 721 661; baseline -0.015 1"><span class='ocrx_word' id='word_1_11' title='bbox 589 631 595 636; x_wconf 86' lang='lat'><strong>-</strong></span> <span class='ocrx_word' id='word_1_12' title='bbox 641 621 721 661; x_wconf 89' lang='lat' dir='ltr'><strong>nt.</strong></span> 
     </span>
     <span class='ocr_line' id='line_1_5' title="bbox 567 621 2154 770; baseline -0.006 -14"><span class='ocrx_word' id='word_1_13' title='bbox 567 621 730 756; x_wconf 71' lang='grc' dir='ltr'><strong>ιυ14.</strong></span> <span class='ocrx_word' id='word_1_14' title='bbox 767 699 934 756; x_wconf 90' lang='lat' dir='ltr'><strong>Osius</strong></span> <span class='ocrx_word' id='word_1_15' title='bbox 957 700 1246 770; x_wconf 88' lang='lat' dir='ltr'><strong>episcopus</strong></span> <span class='ocrx_word' id='word_1_16' title='bbox 1271 697 1445 752; x_wconf 79' lang='lat' dir='ltr'><strong>dixit:</strong></span> <span class='ocrx_word' id='word_1_17' title='bbox 1474 695 1628 761; x_wconf 86' lang='lat' dir='ltr'><strong>Quod</strong></span> <span class='ocrx_word' id='word_1_18' title='bbox 1650 704 1832 750; x_wconf 86' lang='lat' dir='ltr'><strong>autem</strong></span> <span class='ocrx_word' id='word_1_19' title='bbox 1862 707 1948 748; x_wconf 87' lang='lat' dir='ltr'><strong>me</strong></span> <span class='ocrx_word' id='word_1_20' title='bbox 1979 691 2154 746; x_wconf 85' lang='lat' dir='ltr'><strong>unde-</strong></span> 
     </span>
    </p>
   </div>
   <div class='ocr_carea' id='block_1_5' title="bbox 571 787 1605 863">
    <p class='ocr_par' dir='ltr' id='par_1_5' title="bbox 571 787 1605 863">
     <span class='ocr_line' id='line_1_6' title="bbox 571 787 1605 863; baseline -0.006 -16"><span class='ocrx_word' id='word_1_21' title='bbox 571 808 789 863; x_wconf 77' lang='lat' dir='ltr'><strong>quaque</strong></span> <span class='ocrx_word' id='word_1_22' title='bbox 817 801 1015 857; x_wconf 92' lang='lat' dir='ltr'><strong>movet,</strong></span> <span class='ocrx_word' id='word_1_23' title='bbox 1050 800 1181 853; x_wconf 86' lang='lat' dir='ltr'><strong>ctc.,</strong></span> <span class='ocrx_word' id='word_1_24' title='bbox 1229 798 1284 843; x_wconf 91' lang='lat' dir='ltr'><strong>ut</strong></span> <span class='ocrx_word' id='word_1_25' title='bbox 1315 805 1436 859; x_wconf 86' lang='lat' dir='ltr'><strong>pag.</strong></span> <span class='ocrx_word' id='word_1_26' title='bbox 1479 787 1605 841; x_wconf 82' lang='grc'>725.</span> 
     </span>
    </p>
   </div>
   <div class='ocr_carea' id='block_1_6' title="bbox 572 875 2152 1006">
    <p class='ocr_par' dir='ltr' id='par_1_6' title="bbox 572 875 2152 1006">
     <span class='ocr_line' id='line_1_7' title="bbox 572 875 2152 1006; baseline -0.006 -65"><span class='ocrx_word' id='word_1_27' title='bbox 572 883 800 941; x_wconf 85' lang='lat' dir='ltr'><strong>Concilii</strong></span> <span class='ocrx_word' id='word_1_28' title='bbox 845 883 1547 1006; x_wconf 50' lang='lat' dir='ltr'><strong>Cari/tuginensiiasicaineoétes</strong></span> <span class='ocrx_word' id='word_1_29' title='bbox 1575 879 1662 944; x_wconf 77' lang='grc'>1-1,</span> <span class='ocrx_word' id='word_1_30' title='bbox 1697 879 1783 943; x_wconf 82' lang='grc'><strong>15,</strong></span> <span class='ocrx_word' id='word_1_31' title='bbox 1821 875 1912 944; x_wconf 76' lang='grc'>28,</span> <span class='ocrx_word' id='word_1_32' title='bbox 1941 876 2033 943; x_wconf 84' lang='lat'><strong>79,</strong></span> <span class='ocrx_word' id='word_1_33' title='bbox 2063 876 2152 942; x_wconf 88' lang='lat'><strong>99,</strong></span> 
     </span>
    </p>
   </div>
   <div class='ocr_carea' id='block_1_7' title="bbox 646 1044 2152 1116">
    <p class='ocr_par' dir='ltr' id='par_1_7' title="bbox 646 1044 2152 1116">
     <span class='ocr_line' id='line_1_8' title="bbox 646 1044 2152 1116; baseline -0.002 -17"><span class='ocrx_word' id='word_1_34' title='bbox 646 1045 715 1099; x_wconf 88' lang='lat' dir='ltr'><strong>Ut</strong></span> <span class='ocrx_word' id='word_1_35' title='bbox 743 1049 804 1099; x_wconf 85' lang='lat' dir='ltr'><strong>de</strong></span> <span class='ocrx_word' id='word_1_36' title='bbox 833 1046 1034 1116; x_wconf 77' lang='lat' dir='ltr'><strong>Tripoli</strong></span> <span class='ocrx_word' id='word_1_37' title='bbox 1065 1062 1200 1100; x_wconf 89' lang='lat' dir='ltr'><strong>unus</strong></span> <span class='ocrx_word' id='word_1_38' title='bbox 1240 1047 1523 1116; x_wconf 85' lang='lat' dir='ltr'><strong>cpiscopus</strong></span> <span class='ocrx_word' id='word_1_39' title='bbox 1549 1044 1604 1097; x_wconf 90' lang='lat' dir='ltr'><strong>in</strong></span> <span class='ocrx_word' id='word_1_40' title='bbox 1627 1044 1974 1114; x_wconf 74' lang='lat' dir='ltr'><strong>legationem,</strong></span> <span class='ocrx_word' id='word_1_41' title='bbox 2016 1050 2152 1108; x_wconf 84' lang='lat' dir='ltr'><strong>ctc.,</strong></span> 
     </span>
    </p>
   </div>
   <div class='ocr_carea' id='block_1_8' title="bbox 567 1140 937 1210">
    <p class='ocr_par' dir='ltr' id='par_1_8' title="bbox 567 1140 937 1210">
     <span class='ocr_line' id='line_1_9' title="bbox 567 1140 937 1210; baseline -0.003 -14"><span class='ocrx_word' id='word_1_42' title='bbox 567 1149 626 1196; x_wconf 85' lang='grc' dir='ltr'><strong>ιιι</strong></span> <span class='ocrx_word' id='word_1_43' title='bbox 659 1157 782 1210; x_wconf 85' lang='lat' dir='ltr'><strong><em>pag.</em></strong></span> <span class='ocrx_word' id='word_1_44' title='bbox 813 1140 937 1195; x_wconf 80' lang='grc'>705.</span> 
     </span>
    </p>
   </div>
   <div class='ocr_carea' id='block_1_9' title="bbox 641 1227 2046 1300">
    <p class='ocr_par' dir='ltr' id='par_1_9' title="bbox 641 1227 2046 1300">
     <span class='ocr_line' id='line_1_10' title="bbox 641 1227 2046 1300; baseline -0.005 -13"><span class='ocrx_word' id='word_1_45' title='bbox 641 1233 732 1287; x_wconf 72' lang='grc'><strong>14.</strong></span> <span class='ocrx_word' id='word_1_46' title='bbox 770 1233 903 1287; x_wconf 84' lang='lat' dir='ltr'><strong>Item</strong></span> <span class='ocrx_word' id='word_1_47' title='bbox 932 1231 1137 1300; x_wconf 92' lang='lat' dir='ltr'><strong>placuit</strong></span> <span class='ocrx_word' id='word_1_48' title='bbox 1162 1231 1231 1286; x_wconf 87' lang='lat' dir='ltr'><strong>de</strong></span> <span class='ocrx_word' id='word_1_49' title='bbox 1259 1229 1491 1300; x_wconf 85' lang='lat' dir='ltr'><strong>Tripoli,</strong></span> <span class='ocrx_word' id='word_1_50' title='bbox 1519 1239 1655 1291; x_wconf 84' lang='lat' dir='ltr'><strong>ctc.,</strong></span> <span class='ocrx_word' id='word_1_51' title='bbox 1682 1237 1740 1281; x_wconf 91' lang='lat' dir='ltr'><strong>nt</strong></span> <span class='ocrx_word' id='word_1_52' title='bbox 1761 1245 1885 1298; x_wconf 89' lang='lat' dir='ltr'><strong><em>pag.</em></strong></span> <span class='ocrx_word' id='word_1_53' title='bbox 1919 1227 2046 1281; x_wconf 72' lang='grc'>254.</span> 
     </span>
    </p>
   </div>
   <div class='ocr_carea' id='block_1_10' title="bbox 649 1319 2155 1393">
    <p class='ocr_par' dir='ltr' id='par_1_10' title="bbox 649 1319 2155 1393">
     <span class='ocr_line' id='line_1_11' title="bbox 649 1319 2155 1393; baseline -0.005 -13"><span class='ocrx_word' id='word_1_54' title='bbox 649 1323 814 1393; x_wconf 84' lang='grc'><strong>255</strong></span> <span class='ocrx_word' id='word_1_55' title='bbox 850 1323 927 1377; x_wconf 88' lang='lat' dir='ltr'><strong>De</strong></span> <span class='ocrx_word' id='word_1_56' title='bbox 950 1323 1174 1378; x_wconf 75' lang='lat' dir='ltr'><strong>diversis</strong></span> <span class='ocrx_word' id='word_1_57' title='bbox 1200 1321 1474 1377; x_wconf 81' lang='lat' dir='ltr'><strong>ordinibus</strong></span> <span class='ocrx_word' id='word_1_58' title='bbox 1505 1320 1764 1375; x_wconf 79' lang='lat' dir='ltr'><strong>Ecclesia:</strong></span> <span class='ocrx_word' id='word_1_59' title='bbox 1791 1319 2155 1384; x_wconf 77' lang='lat' dir='ltr'><strong>servientibus,</strong></span> 
     </span>
    </p>
   </div>
   <div class='ocr_carea' id='block_1_11' title="bbox 569 1416 1113 1486">
    <p class='ocr_par' dir='ltr' id='par_1_11' title="bbox 569 1416 1113 1486">
     <span class='ocr_line' id='line_1_12' title="bbox 569 1416 1113 1486; baseline -0.006 -16"><span class='ocrx_word' id='word_1_60' title='bbox 569 1427 702 1482; x_wconf 90' lang='lat' dir='ltr'><strong>ctc.,</strong></span> <span class='ocrx_word' id='word_1_61' title='bbox 739 1425 797 1468; x_wconf 88' lang='lat' dir='ltr'><strong>ut</strong></span> <span class='ocrx_word' id='word_1_62' title='bbox 835 1432 957 1486; x_wconf 84' lang='lat' dir='ltr'><strong><em>pag.</em></strong></span> <span class='ocrx_word' id='word_1_63' title='bbox 988 1416 1113 1470; x_wconf 83' lang='grc'><strong>705.</strong></span> 
     </span>
    </p>
   </div>
   <div class='ocr_carea' id='block_1_12' title="bbox 642 1506 2156 1579">
    <p class='ocr_par' dir='ltr' id='par_1_12' title="bbox 642 1506 2156 1579">
     <span class='ocr_line' id='line_1_13' title="bbox 642 1506 2156 1579; baseline -0.001 -19"><span class='ocrx_word' id='word_1_64' title='bbox 642 1508 730 1563; x_wconf 83' lang='grc'>15.</span> <span class='ocrx_word' id='word_1_65' title='bbox 766 1506 896 1562; x_wconf 89' lang='lat' dir='ltr'><strong>Item</strong></span> <span class='ocrx_word' id='word_1_66' title='bbox 935 1509 1164 1579; x_wconf 85' lang='lat' dir='ltr'><strong>placuit,</strong></span> <span class='ocrx_word' id='word_1_67' title='bbox 1203 1518 1262 1564; x_wconf 89' lang='lat' dir='ltr'><strong>ut</strong></span> <span class='ocrx_word' id='word_1_68' title='bbox 1296 1509 1550 1579; x_wconf 89' lang='lat' dir='ltr'><strong>quisquis</strong></span> <span class='ocrx_word' id='word_1_69' title='bbox 1577 1510 1984 1578; x_wconf 84' lang='lat' dir='ltr'><strong>episcoporum,</strong></span> <span class='ocrx_word' id='word_1_70' title='bbox 2021 1515 2156 1572; x_wconf 83' lang='lat' dir='ltr'><strong>ctc.,</strong></span> 
     </span>
    </p>
   </div>
   <div class='ocr_carea' id='block_1_13' title="bbox 569 1599 944 1670">
    <p class='ocr_par' dir='ltr' id='par_1_13' title="bbox 569 1599 944 1670">
     <span class='ocr_line' id='line_1_14' title="bbox 569 1599 944 1670; baseline 0.005 -17"><span class='ocrx_word' id='word_1_71' title='bbox 569 1609 627 1653; x_wconf 86' lang='lat' dir='ltr'><strong>ut</strong></span> <span class='ocrx_word' id='word_1_72' title='bbox 660 1617 784 1670; x_wconf 86' lang='lat' dir='ltr'><strong><em>pag.</em></strong></span> <span class='ocrx_word' id='word_1_73' title='bbox 823 1599 944 1655; x_wconf 74' lang='grc'>705.</span> 
     </span>
    </p>
   </div>
   <div class='ocr_carea' id='block_1_14' title="bbox 607 1690 2122 1762">
    <p class='ocr_par' dir='ltr' id='par_1_14' title="bbox 607 1690 2122 1762">
     <span class='ocr_line' id='line_1_15' title="bbox 607 1690 2122 1762; baseline 0 -18"><span class='ocrx_word' id='word_1_74' title='bbox 607 1691 915 1762; x_wconf 75' lang='lat' dir='ltr'><strong>Presbyteri</strong></span> <span class='ocrx_word' id='word_1_75' title='bbox 943 1703 990 1746; x_wconf 91' lang='lat' dir='ltr'><strong>et</strong></span> <span class='ocrx_word' id='word_1_76' title='bbox 1015 1693 1228 1746; x_wconf 85' lang='lat' dir='ltr'><strong>diaconi</strong></span> <span class='ocrx_word' id='word_1_77' title='bbox 1251 1693 1328 1746; x_wconf 87' lang='lat' dir='ltr'><strong>vel</strong></span> <span class='ocrx_word' id='word_1_78' title='bbox 1356 1692 1557 1758; x_wconf 83' lang='lat' dir='ltr'><strong>clerici,</strong></span> <span class='ocrx_word' id='word_1_79' title='bbox 1586 1701 1716 1753; x_wconf 87' lang='lat' dir='ltr'><strong>ctc.,</strong></span> <span class='ocrx_word' id='word_1_80' title='bbox 1745 1700 1801 1744; x_wconf 89' lang='lat' dir='ltr'><strong>ut</strong></span> <span class='ocrx_word' id='word_1_81' title='bbox 1833 1708 1956 1761; x_wconf 90' lang='lat' dir='ltr'><strong><em>pag.</em></strong></span> <span class='ocrx_word' id='word_1_82' title='bbox 1991 1690 2122 1744; x_wconf 74' lang='grc'>252.</span> 
     </span>
    </p>
   </div>
   <div class='ocr_carea' id='block_1_15' title="bbox 1697 394 2660 458">
    <p class='ocr_par' dir='ltr' id='par_1_15' title="bbox 1697 394 2660 458">
     <span class='ocr_line' id='line_1_16' title="bbox 1697 394 2660 458; baseline -0.001 -2"><span class='ocrx_word' id='word_1_83' title='bbox 1697 398 1961 458; x_wconf 84' lang='grc' dir='ltr'><strong>ΡΗΟΤΙΙ</strong></span> <span class='ocrx_word' id='word_1_84' title='bbox 2004 394 2511 456; x_wconf 58' lang='grc' dir='ltr'><strong>ΡΑΤΙΠΑΗΟΠΧΕ</strong></span> <span class='ocrx_word' id='word_1_85' title='bbox 2550 395 2660 455; x_wconf 86' lang='lat' dir='ltr'><strong>CP.</strong></span> 
     </span>
    </p>
   </div>
   <div class='ocr_carea' id='block_1_16' title="bbox 3721 387 3812 452">
    <p class='ocr_par' dir='ltr' id='par_1_16' title="bbox 3721 387 3812 452">
     <span class='ocr_line' id='line_1_17' title="bbox 3721 387 3812 452; baseline 0.044 -4"><span class='ocrx_word' id='word_1_86' title='bbox 3721 387 3812 452; x_wconf 77' lang='lat'><strong>728</strong></span> 
     </span>
    </p>
   </div>
   <div class='ocr_carea' id='block_1_17' title="bbox 2339 501 3810 579">
    <p class='ocr_par' dir='ltr' id='par_1_17' title="bbox 2339 501 3810 579">
     <span class='ocr_line' id='line_1_18' title="bbox 2339 501 3810 579; baseline -0.003 -18"><span class='ocrx_word' id='word_1_87' title='bbox 2339 510 2734 579; x_wconf 81' lang='grc' dir='ltr'>Ἀπεκρίναντο</span> <span class='ocrx_word' id='word_1_88' title='bbox 2781 509 2829 560; x_wconf 77' lang='lat' dir='ltr'><strong>oi</strong></span> <span class='ocrx_word' id='word_1_89' title='bbox 2872 505 3162 558; x_wconf 83' lang='grc' dir='ltr'>ἐπίσκοποι</span> <span class='ocrx_word' id='word_1_90' title='bbox 3216 522 3228 533; x_wconf 78' lang='grc' dir='ltr'><strong>ο</strong></span> <span class='ocrx_word' id='word_1_91' title='bbox 3275 502 3355 556; x_wconf 77' lang='grc' dir='ltr'><strong>Τά</strong></span> <span class='ocrx_word' id='word_1_92' title='bbox 3399 501 3656 572; x_wconf 78' lang='grc' dir='ltr'>λεχθέντα</span> <span class='ocrx_word' id='word_1_93' title='bbox 3705 503 3810 574; x_wconf 70' lang='grc' dir='ltr'>ᾕρε-</span> 
     </span>
    </p>
   </div>
   <div class='ocr_carea' id='block_1_18' title="bbox 2259 618 2374 653">
    <p class='ocr_par' dir='ltr' id='par_1_18' title="bbox 2259 618 2374 653">
     <span class='ocr_line' id='line_1_19' title="bbox 2259 618 2374 653; baseline 0 0"><span class='ocrx_word' id='word_1_94' title='bbox 2259 618 2374 653; x_wconf 89' lang='grc' dir='ltr'>σεν.</span> 
     </span>
    </p>
   </div>
   <div class='ocr_carea' id='block_1_19' title="bbox 2332 683 3818 756">
    <p class='ocr_par' dir='ltr' id='par_1_19' title="bbox 2332 683 3818 756">
     <span class='ocr_line' id='line_1_20' title="bbox 2332 683 3818 756; baseline -0.005 -9"><span class='ocrx_word' id='word_1_95' title='bbox 2332 695 2414 748; x_wconf 84' lang='grc' dir='ltr'>ιδ’.</span> <span class='ocrx_word' id='word_1_96' title='bbox 2445 692 2632 756; x_wconf 87' lang='grc' dir='ltr'>Ὀσιος</span> <span class='ocrx_word' id='word_1_97' title='bbox 2675 691 2971 752; x_wconf 76' lang='grc' dir='ltr'>ἐπίσκοπος</span> <span class='ocrx_word' id='word_1_98' title='bbox 3002 683 3124 742; x_wconf 82' lang='grc' dir='ltr'>εἷπε</span> <span class='ocrx_word' id='word_1_99' title='bbox 3149 704 3165 720; x_wconf 77' lang='grc' dir='ltr'><strong>ο</strong></span> <span class='ocrx_word' id='word_1_100' title='bbox 3192 687 3268 742; x_wconf 83' lang='grc' dir='ltr'><strong>Τὸ</strong></span> <span class='ocrx_word' id='word_1_101' title='bbox 3301 687 3358 740; x_wconf 67' lang='grc' dir='ltr'>δὲ</span> <span class='ocrx_word' id='word_1_102' title='bbox 3389 685 3621 740; x_wconf 83' lang='grc' dir='ltr'>πάντοτὲ</span> <span class='ocrx_word' id='word_1_103' title='bbox 3656 703 3720 756; x_wconf 90' lang='grc' dir='ltr'><strong>με</strong></span> <span class='ocrx_word' id='word_1_104' title='bbox 3745 705 3818 739; x_wconf 73' lang='grc' dir='ltr'><strong>κιο</strong></span> 
     </span>
    </p>
   </div>
   <div class='ocr_carea' id='block_1_20' title="bbox 2258 783 2633 849">
    <p class='ocr_par' dir='ltr' id='par_1_20' title="bbox 2258 783 2633 849">
     <span class='ocr_line' id='line_1_21' title="bbox 2258 783 2633 849; baseline -0.003 -8"><span class='ocrx_word' id='word_1_105' title='bbox 2258 786 2400 849; x_wconf 74' lang='grc' dir='ltr'>νοῦν,</span> <span class='ocrx_word' id='word_1_106' title='bbox 2417 803 2470 839; x_wconf 89' lang='grc' dir='ltr'>κ.</span> <span class='ocrx_word' id='word_1_107' title='bbox 2502 802 2554 838; x_wconf 87' lang='grc' dir='ltr'><strong>τ.</strong></span> <span class='ocrx_word' id='word_1_108' title='bbox 2581 783 2633 840; x_wconf 89' lang='grc' dir='ltr'><strong>λ.</strong></span> 
     </span>
    </p>
   </div>
   <div class='ocr_carea' id='block_1_21' title="bbox 2314 871 3770 963">
    <p class='ocr_par' dir='ltr' id='par_1_21' title="bbox 2314 871 3770 963">
     <span class='ocr_line' id='line_1_22' title="bbox 2314 871 3770 963; baseline -0.009 -27"><span class='ocrx_word' id='word_1_109' title='bbox 2314 878 2586 936; x_wconf 82' lang='grc' dir='ltr'>Συνόδυυ</span> <span class='ocrx_word' id='word_1_110' title='bbox 2621 874 3039 963; x_wconf 69' lang='grc' dir='ltr'>Καρθαγέννης</span> <span class='ocrx_word' id='word_1_111' title='bbox 3061 873 3264 963; x_wconf 62' lang='grc' dir='ltr'>κανὼν</span> <span class='ocrx_word' id='word_1_112' title='bbox 3291 873 3351 926; x_wconf 83' lang='grc' dir='ltr'>ιδ’</span> <span class='ocrx_word' id='word_1_113' title='bbox 3375 878 3435 926; x_wconf 82' lang='grc' dir='ltr'><strong>ιε’</strong></span> <span class='ocrx_word' id='word_1_114' title='bbox 3465 879 3553 942; x_wconf 73' lang='grc' dir='ltr'>κηι</span> <span class='ocrx_word' id='word_1_115' title='bbox 3581 871 3665 956; x_wconf 40' lang='grc' dir='ltr'><strong>οϐ’.</strong></span> <span class='ocrx_word' id='word_1_116' title='bbox 3683 875 3770 937; x_wconf 58' lang='lat' dir='ltr'><strong>Lg&#39;</strong></span> 
     </span>
    </p>
   </div>
   <div class='ocr_carea' id='block_1_22' title="bbox 2895 953 3201 1018">
    <p class='ocr_par' dir='ltr' id='par_1_22' title="bbox 2895 953 3201 1018">
     <span class='ocr_line' id='line_1_23' title="bbox 2895 953 3201 1018; baseline -0.013 -18"><span class='ocrx_word' id='word_1_117' title='bbox 2895 953 3014 1018; x_wconf 85' lang='grc' dir='ltr'>ρκα⁹</span> <span class='ocrx_word' id='word_1_118' title='bbox 3066 953 3201 1016; x_wconf 87' lang='grc' dir='ltr'>ρκε’.</span> 
     </span>
    </p>
   </div>
   <div class='ocr_carea' id='block_1_23' title="bbox 2333 1035 3823 1110">
    <p class='ocr_par' dir='ltr' id='par_1_23' title="bbox 2333 1035 3823 1110">
     <span class='ocr_line' id='line_1_24' title="bbox 2333 1035 3823 1110; baseline -0.01 -10"><span class='ocrx_word' id='word_1_119' title='bbox 2333 1044 2514 1100; x_wconf 82' lang='grc' dir='ltr'><em>Ὥστε</em></span> <span class='ocrx_word' id='word_1_120' title='bbox 2545 1043 2665 1098; x_wconf 82' lang='grc' dir='ltr'><strong>ἀπὸ</strong></span> <span class='ocrx_word' id='word_1_121' title='bbox 2699 1040 3029 1110; x_wconf 77' lang='grc' dir='ltr'><em>Τριπόλεως</em></span> <span class='ocrx_word' id='word_1_122' title='bbox 3053 1037 3158 1091; x_wconf 71' lang='grc' dir='ltr'><strong>ἕνα</strong></span> <span class='ocrx_word' id='word_1_123' title='bbox 3187 1035 3532 1090; x_wconf 75' lang='grc' dir='ltr'>ἐπίσκοπον</span> <span class='ocrx_word' id='word_1_124' title='bbox 3551 1036 3638 1098; x_wconf 82' lang='grc' dir='ltr'><em>εις</em></span> <span class='ocrx_word' id='word_1_125' title='bbox 3662 1049 3823 1086; x_wconf 79' lang='grc' dir='ltr'>τοπο-</span> 
     </span>
    </p>
   </div>
   <div class='ocr_carea' id='block_1_24' title="bbox 2261 1132 2807 1204">
    <p class='ocr_par' dir='ltr' id='par_1_24' title="bbox 2261 1132 2807 1204">
     <span class='ocr_line' id='line_1_25' title="bbox 2261 1132 2807 1204; baseline -0.004 -16"><span class='ocrx_word' id='word_1_126' title='bbox 2261 1136 2580 1204; x_wconf 78' lang='grc' dir='ltr'>τηρησιαν,</span> <span class='ocrx_word' id='word_1_127' title='bbox 2601 1152 2655 1187; x_wconf 90' lang='grc' dir='ltr'>κ.</span> <span class='ocrx_word' id='word_1_128' title='bbox 2679 1149 2733 1188; x_wconf 89' lang='grc' dir='ltr'>τ.</span> <span class='ocrx_word' id='word_1_129' title='bbox 2758 1132 2807 1186; x_wconf 93' lang='grc' dir='ltr'>λ.</span> 
     </span>
    </p>
   </div>
   <div class='ocr_carea' id='block_1_25' title="bbox 2334 1217 3663 1296">
    <p class='ocr_par' dir='ltr' id='par_1_25' title="bbox 2334 1217 3663 1296">
     <span class='ocr_line' id='line_1_26' title="bbox 2334 1217 3663 1296; baseline -0.008 -16"><span class='ocrx_word' id='word_1_130' title='bbox 2334 1227 2418 1280; x_wconf 81' lang='grc' dir='ltr'>ιδ’.</span> <span class='ocrx_word' id='word_1_131' title='bbox 2460 1225 2692 1296; x_wconf 77' lang='grc' dir='ltr'><strong>Ὁμοίως</strong></span> <span class='ocrx_word' id='word_1_132' title='bbox 2713 1225 2909 1296; x_wconf 78' lang='grc' dir='ltr'>ἦρεσεν</span> <span class='ocrx_word' id='word_1_133' title='bbox 2938 1223 3048 1277; x_wconf 77' lang='grc' dir='ltr'>ἀπὸ</span> <span class='ocrx_word' id='word_1_134' title='bbox 3075 1220 3412 1292; x_wconf 86' lang='grc' dir='ltr'>Τριπόλεως,</span> <span class='ocrx_word' id='word_1_135' title='bbox 3445 1236 3501 1272; x_wconf 90' lang='grc' dir='ltr'>κ.</span> <span class='ocrx_word' id='word_1_136' title='bbox 3530 1235 3582 1271; x_wconf 91' lang='grc' dir='ltr'>τ.</span> <span class='ocrx_word' id='word_1_137' title='bbox 3613 1217 3663 1270; x_wconf 95' lang='grc' dir='ltr'>λ.</span> 
     </span>
    </p>
   </div>
   <div class='ocr_carea' id='block_1_26' title="bbox 2331 1311 3832 1387">
    <p class='ocr_par' dir='ltr' id='par_1_26' title="bbox 2331 1311 3832 1387">
     <span class='ocr_line' id='line_1_27' title="bbox 2331 1311 3832 1387; baseline -0.005 -15"><span class='ocrx_word' id='word_1_138' title='bbox 2331 1319 2468 1387; x_wconf 77' lang='grc' dir='ltr'><em>Περὶ</em></span> <span class='ocrx_word' id='word_1_139' title='bbox 2493 1318 2790 1387; x_wconf 69' lang='grc' dir='ltr'><em>διαφόρων</em></span> <span class='ocrx_word' id='word_1_140' title='bbox 2821 1316 3050 1382; x_wconf 80' lang='grc' dir='ltr'><strong>τάξεων</strong></span> <span class='ocrx_word' id='word_1_141' title='bbox 3070 1313 3142 1383; x_wconf 74' lang='grc' dir='ltr'><strong>τῇ</strong></span> <span class='ocrx_word' id='word_1_142' title='bbox 3165 1313 3496 1380; x_wconf 68' lang='grc' dir='ltr'>Ἐκκλησία</span> <span class='ocrx_word' id='word_1_143' title='bbox 3525 1311 3832 1366; x_wconf 80' lang='grc' dir='ltr'>δουλευου-</span> 
     </span>
    </p>
   </div>
   <div class='ocr_carea' id='block_1_27' title="bbox 2260 1410 2678 1475">
    <p class='ocr_par' dir='ltr' id='par_1_27' title="bbox 2260 1410 2678 1475">
     <span class='ocr_line' id='line_1_28' title="bbox 2260 1410 2678 1475; baseline -0.005 -11"><span class='ocrx_word' id='word_1_144' title='bbox 2260 1411 2423 1475; x_wconf 88' lang='grc' dir='ltr'>σῶν,</span> <span class='ocrx_word' id='word_1_145' title='bbox 2457 1429 2510 1464; x_wconf 89' lang='grc' dir='ltr'>κ.</span> <span class='ocrx_word' id='word_1_146' title='bbox 2542 1428 2595 1465; x_wconf 86' lang='grc' dir='ltr'>τ.</span> <span class='ocrx_word' id='word_1_147' title='bbox 2628 1410 2678 1462; x_wconf 90' lang='grc' dir='ltr'><strong>λ.</strong></span> 
     </span>
    </p>
   </div>
   <div class='ocr_carea' id='block_1_28' title="bbox 2337 1496 3702 1574">
    <p class='ocr_par' dir='ltr' id='par_1_28' title="bbox 2337 1496 3702 1574">
     <span class='ocr_line' id='line_1_29' title="bbox 2337 1496 3702 1574; baseline -0.004 -16"><span class='ocrx_word' id='word_1_148' title='bbox 2337 1504 2418 1560; x_wconf 87' lang='grc' dir='ltr'>ιε’.</span> <span class='ocrx_word' id='word_1_149' title='bbox 2450 1504 2687 1574; x_wconf 80' lang='grc' dir='ltr'><strong>Ὁμοίως</strong></span> <span class='ocrx_word' id='word_1_150' title='bbox 2709 1503 2928 1573; x_wconf 70' lang='grc' dir='ltr'>ἤρεσεν,</span> <span class='ocrx_word' id='word_1_151' title='bbox 2962 1503 3049 1555; x_wconf 85' lang='grc' dir='ltr'><strong>ῐνα</strong></span> <span class='ocrx_word' id='word_1_152' title='bbox 3077 1500 3461 1571; x_wconf 77' lang='grc' dir='ltr'>ὀστισδήποτε,</span> <span class='ocrx_word' id='word_1_153' title='bbox 3493 1516 3546 1551; x_wconf 90' lang='grc' dir='ltr'>κ.</span> <span class='ocrx_word' id='word_1_154' title='bbox 3573 1515 3622 1550; x_wconf 86' lang='grc' dir='ltr'>τ.</span> <span class='ocrx_word' id='word_1_155' title='bbox 3653 1496 3702 1553; x_wconf 90' lang='grc' dir='ltr'>λ.</span> 
     </span>
    </p>
   </div>
   <div class='ocr_carea' id='block_1_29' title="bbox 2336 1676 3834 1755">
    <p class='ocr_par' dir='ltr' id='par_1_29' title="bbox 2336 1676 3834 1755">
     <span class='ocr_line' id='line_1_30' title="bbox 2336 1676 3834 1755; baseline -0.008 -15"><span class='ocrx_word' id='word_1_156' title='bbox 2336 1686 2735 1755; x_wconf 76' lang='grc' dir='ltr'><strong>Πρεσϐύτεροι</strong></span> <span class='ocrx_word' id='word_1_157' title='bbox 2819 1684 2919 1738; x_wconf 77' lang='grc' dir='ltr'>καὶ</span> <span class='ocrx_word' id='word_1_158' title='bbox 2989 1680 3257 1735; x_wconf 83' lang='grc' dir='ltr'>διάκονοι</span> <span class='ocrx_word' id='word_1_159' title='bbox 3332 1680 3428 1732; x_wconf 80' lang='grc' dir='ltr'>καὶ</span> <span class='ocrx_word' id='word_1_160' title='bbox 3527 1676 3834 1745; x_wconf 75' lang='grc' dir='ltr'>κληρικοί,</span> 
     </span>
    </p>
   </div>
   <div class='ocr_carea' id='block_1_30' title="bbox 2265 1779 2500 1834">
    <p class='ocr_par' dir='ltr' id='par_1_30' title="bbox 2265 1779 2500 1834">
     <span class='ocr_line' id='line_1_31' title="bbox 2265 1779 2500 1834; baseline -0.013 0"><span class='ocrx_word' id='word_1_161' title='bbox 2265 1799 2321 1834; x_wconf 89' lang='grc' dir='ltr'>κ.</span> <span class='ocrx_word' id='word_1_162' title='bbox 2359 1797 2411 1834; x_wconf 91' lang='grc' dir='ltr'><strong>τ.</strong></span> <span class='ocrx_word' id='word_1_163' title='bbox 2449 1779 2500 1832; x_wconf 94' lang='grc' dir='ltr'>λ.</span> 
     </span>
    </p>
   </div>
   <div class='ocr_carea' id='block_1_31' title="bbox 639 1863 2169 1945">
    <p class='ocr_par' dir='ltr' id='par_1_31' title="bbox 639 1871 2152 1943">
     <span class='ocr_line' id='line_1_32' title="bbox 639 1871 2152 1943; baseline -0.001 -17"><span class='ocrx_word' id='word_1_164' title='bbox 639 1873 730 1926; x_wconf 87' lang='grc'>28.</span> <span class='ocrx_word' id='word_1_165' title='bbox 770 1872 902 1928; x_wconf 88' lang='lat' dir='ltr'><strong>ltctn</strong></span> <span class='ocrx_word' id='word_1_166' title='bbox 944 1873 1149 1942; x_wconf 82' lang='lat' dir='ltr'><strong>placuit</strong></span> <span class='ocrx_word' id='word_1_167' title='bbox 1181 1883 1239 1926; x_wconf 93' lang='lat' dir='ltr'><strong>ut</strong></span> <span class='ocrx_word' id='word_1_168' title='bbox 1279 1874 1604 1943; x_wconf 87' lang='lat' dir='ltr'><strong>presbyteri,</strong></span> <span class='ocrx_word' id='word_1_169' title='bbox 1635 1883 1765 1939; x_wconf 81' lang='lat' dir='ltr'><strong>ctc.,</strong></span> <span class='ocrx_word' id='word_1_170' title='bbox 1800 1883 1855 1926; x_wconf 85' lang='lat' dir='ltr'><strong>ut</strong></span> <span class='ocrx_word' id='word_1_171' title='bbox 1879 1888 2001 1942; x_wconf 86' lang='lat' dir='ltr'><strong><em>pag.</em></strong></span> <span class='ocrx_word' id='word_1_172' title='bbox 2028 1871 2152 1925; x_wconf 74' lang='grc'>725.</span> 
     </span>
    </p>
   </div>
   <div class='ocr_carea' id='block_1_32' title="bbox 2271 1863 3838 1945">
    <p class='ocr_par' dir='ltr' id='par_1_32' title="bbox 2331 1864 3838 1945">
     <span class='ocr_line' id='line_1_33' title="bbox 2331 1864 3838 1945; baseline -0.008 -17"><span class='ocrx_word' id='word_1_173' title='bbox 2331 1881 2439 1945; x_wconf 83' lang='grc' dir='ltr'>κη’.</span> <span class='ocrx_word' id='word_1_174' title='bbox 2482 1872 2713 1942; x_wconf 79' lang='grc' dir='ltr'><strong>Ὁμοίως</strong></span> <span class='ocrx_word' id='word_1_175' title='bbox 2755 1872 2974 1942; x_wconf 74' lang='grc' dir='ltr'>ἤρεσεν,</span> <span class='ocrx_word' id='word_1_176' title='bbox 3008 1870 3094 1922; x_wconf 84' lang='grc' dir='ltr'><strong>ἴνα</strong></span> <span class='ocrx_word' id='word_1_177' title='bbox 3117 1871 3167 1922; x_wconf 78' lang='grc' dir='ltr'>οἱ</span> <span class='ocrx_word' id='word_1_178' title='bbox 3192 1867 3577 1940; x_wconf 81' lang='grc' dir='ltr'>προσδύτεροι,</span> <span class='ocrx_word' id='word_1_179' title='bbox 3622 1883 3674 1918; x_wconf 90' lang='grc' dir='ltr'>κ.</span> <span class='ocrx_word' id='word_1_180' title='bbox 3711 1881 3758 1917; x_wconf 92' lang='lat'><strong><em>1.</em></strong></span> <span class='ocrx_word' id='word_1_181' title='bbox 3791 1864 3838 1916; x_wconf 87' lang='grc' dir='ltr'>λ.</span> 
     </span>
    </p>
   </div>
   <div class='ocr_carea' id='block_1_33' title="bbox 644 1963 2160 2034">
    <p class='ocr_par' dir='ltr' id='par_1_33' title="bbox 644 1963 2160 2034">
     <span class='ocr_line' id='line_1_34' title="bbox 644 1963 2160 2034; baseline 0 -18"><span class='ocrx_word' id='word_1_182' title='bbox 644 1963 720 2017; x_wconf 88' lang='lat' dir='ltr'><strong>De</strong></span> <span class='ocrx_word' id='word_1_183' title='bbox 753 1964 961 2019; x_wconf 74' lang='lat' dir='ltr'><strong>clericis</strong></span> <span class='ocrx_word' id='word_1_184' title='bbox 1003 1966 1092 2034; x_wconf 89' lang='lat' dir='ltr'><strong>qui</strong></span> <span class='ocrx_word' id='word_1_185' title='bbox 1123 1965 1268 2018; x_wconf 89' lang='lat' dir='ltr'><strong>intra</strong></span> <span class='ocrx_word' id='word_1_186' title='bbox 1297 1981 1496 2018; x_wconf 87' lang='lat' dir='ltr'><strong>annum</strong></span> <span class='ocrx_word' id='word_1_187' title='bbox 1535 1981 1754 2018; x_wconf 83' lang='lat' dir='ltr'><strong>causam</strong></span> <span class='ocrx_word' id='word_1_188' title='bbox 1788 1981 1944 2018; x_wconf 88' lang='lat' dir='ltr'><strong>suam</strong></span> <span class='ocrx_word' id='word_1_189' title='bbox 2004 1979 2160 2032; x_wconf 88' lang='lat' dir='ltr'><strong>agere</strong></span> 
     </span>
    </p>
   </div>
   <div class='ocr_carea' id='block_1_34' title="bbox 571 2064 1092 2123">
    <p class='ocr_par' dir='ltr' id='par_1_34' title="bbox 571 2064 1092 2123">
     <span class='ocr_line' id='line_1_35' title="bbox 571 2064 1092 2123; baseline 0.006 -17"><span class='ocrx_word' id='word_1_190' title='bbox 571 2070 675 2107; x_wconf 87' lang='lat' dir='ltr'><strong>non</strong></span> <span class='ocrx_word' id='word_1_191' title='bbox 709 2064 1092 2123; x_wconf 85' lang='lat' dir='ltr'><strong>procurarunt.</strong></span> 
     </span>
    </p>
   </div>
   <div class='ocr_carea' id='block_1_35' title="bbox 644 2147 1928 2218">
    <p class='ocr_par' dir='ltr' id='par_1_35' title="bbox 644 2147 1928 2218">
     <span class='ocr_line' id='line_1_36' title="bbox 644 2147 1928 2218; baseline -0.002 -15"><span class='ocrx_word' id='word_1_192' title='bbox 644 2147 729 2203; x_wconf 83' lang='grc'>79.</span> <span class='ocrx_word' id='word_1_193' title='bbox 757 2148 973 2204; x_wconf 86' lang='lat' dir='ltr'><strong>Rursus</strong></span> <span class='ocrx_word' id='word_1_194' title='bbox 1006 2149 1389 2214; x_wconf 88' lang='lat' dir='ltr'><strong>constitutum,</strong></span> <span class='ocrx_word' id='word_1_195' title='bbox 1410 2159 1542 2215; x_wconf 90' lang='lat' dir='ltr'><strong>ctc.,</strong></span> <span class='ocrx_word' id='word_1_196' title='bbox 1571 2158 1626 2201; x_wconf 87' lang='lat' dir='ltr'><strong>ut</strong></span> <span class='ocrx_word' id='word_1_197' title='bbox 1650 2165 1771 2218; x_wconf 90' lang='lat' dir='ltr'><strong><em>pug.</em></strong></span> <span class='ocrx_word' id='word_1_198' title='bbox 1802 2147 1928 2201; x_wconf 78' lang='grc'>722.</span> 
     </span>
    </p>
   </div>
   <div class='ocr_carea' id='block_1_36' title="bbox 680 2239 2052 2309">
    <p class='ocr_par' dir='ltr' id='par_1_36' title="bbox 680 2239 2052 2309">
     <span class='ocr_line' id='line_1_37' title="bbox 680 2239 2052 2309; baseline -0.002 -14"><span class='ocrx_word' id='word_1_199' title='bbox 680 2239 748 2296; x_wconf 90' lang='lat' dir='ltr'><strong>Ut</strong></span> <span class='ocrx_word' id='word_1_200' title='bbox 788 2239 855 2294; x_wconf 82' lang='lat' dir='ltr'><strong>ab</strong></span> <span class='ocrx_word' id='word_1_201' title='bbox 888 2239 1067 2294; x_wconf 86' lang='lat' dir='ltr'><strong>electis</strong></span> <span class='ocrx_word' id='word_1_202' title='bbox 1105 2239 1380 2308; x_wconf 85' lang='lat' dir='ltr'><strong>judicibus</strong></span> <span class='ocrx_word' id='word_1_203' title='bbox 1412 2256 1701 2309; x_wconf 84' lang='lat' dir='ltr'><strong>provocare</strong></span> <span class='ocrx_word' id='word_1_204' title='bbox 1748 2256 1850 2293; x_wconf 89' lang='lat' dir='ltr'><strong>non</strong></span> <span class='ocrx_word' id='word_1_205' title='bbox 1872 2239 2052 2292; x_wconf 87' lang='lat' dir='ltr'><strong>liceat.</strong></span> 
     </span>
    </p>
   </div>
   <div class='ocr_carea' id='block_1_37' title="bbox 675 2433 2162 2507">
    <p class='ocr_par' dir='ltr' id='par_1_37' title="bbox 675 2433 2162 2507">
     <span class='ocr_line' id='line_1_38' title="bbox 675 2433 2162 2507; baseline -0.004 -15"><span class='ocrx_word' id='word_1_206' title='bbox 675 2436 765 2492; x_wconf 86' lang='lat'><strong><em>96.</em></strong></span> <span class='ocrx_word' id='word_1_207' title='bbox 813 2436 870 2492; x_wconf 90' lang='lat' dir='ltr'><strong>Si</strong></span> <span class='ocrx_word' id='word_1_208' title='bbox 901 2447 1082 2492; x_wconf 89' lang='lat' dir='ltr'><strong>autem</strong></span> <span class='ocrx_word' id='word_1_209' title='bbox 1145 2435 1311 2493; x_wconf 80' lang='lat' dir='ltr'><strong>fuerit</strong></span> <span class='ocrx_word' id='word_1_210' title='bbox 1354 2444 1706 2507; x_wconf 82' lang='lat' dir='ltr'><strong>provocatum</strong></span> <span class='ocrx_word' id='word_1_211' title='bbox 1738 2435 1806 2498; x_wconf 71' lang='grc'><strong>’⁸,</strong></span> <span class='ocrx_word' id='word_1_212' title='bbox 1848 2434 2031 2504; x_wconf 79' lang='lat' dir='ltr'><strong>eligat,</strong></span> <span class='ocrx_word' id='word_1_213' title='bbox 2069 2433 2162 2504; x_wconf 89' lang='lat' dir='ltr'><strong>qui</strong></span> 
     </span>
    </p>
   </div>
   <div class='ocr_carea' id='block_1_38' title="bbox 571 2526 2162 2600">
    <p class='ocr_par' dir='ltr' id='par_1_38' title="bbox 571 2526 2162 2600">
     <span class='ocr_line' id='line_1_39' title="bbox 571 2526 2162 2600; baseline -0.002 -17"><span class='ocrx_word' id='word_1_214' title='bbox 571 2529 970 2600; x_wconf 85' lang='lat' dir='ltr'><strong>provocaverit,</strong></span> <span class='ocrx_word' id='word_1_215' title='bbox 1001 2527 1234 2598; x_wconf 76' lang='lat' dir='ltr'><strong>iudices,</strong></span> <span class='ocrx_word' id='word_1_216' title='bbox 1293 2538 1350 2584; x_wconf 90' lang='lat' dir='ltr'><strong>et</strong></span> <span class='ocrx_word' id='word_1_217' title='bbox 1390 2544 1515 2584; x_wconf 93' lang='lat' dir='ltr'><strong>cum</strong></span> <span class='ocrx_word' id='word_1_218' title='bbox 1562 2543 1628 2582; x_wconf 89' lang='lat' dir='ltr'><strong>eo</strong></span> <span class='ocrx_word' id='word_1_219' title='bbox 1692 2536 1747 2582; x_wconf 89' lang='lat' dir='ltr'><strong>et</strong></span> <span class='ocrx_word' id='word_1_220' title='bbox 1793 2526 1906 2592; x_wconf 88' lang='lat' dir='ltr'><strong>ille,</strong></span> <span class='ocrx_word' id='word_1_221' title='bbox 1972 2535 2162 2582; x_wconf 87' lang='lat' dir='ltr'><strong>contra</strong></span> 
     </span>
    </p>
   </div>
   <div class='ocr_carea' id='block_1_39' title="bbox 570 2617 2166 2691">
    <p class='ocr_par' dir='ltr' id='par_1_39' title="bbox 570 2617 2166 2691">
     <span class='ocr_line' id='line_1_40' title="bbox 570 2617 2166 2691; baseline -0.002 -16"><span class='ocrx_word' id='word_1_222' title='bbox 570 2637 732 2691; x_wconf 87' lang='lat' dir='ltr'><strong>quem</strong></span> <span class='ocrx_word' id='word_1_223' title='bbox 752 2620 1130 2691; x_wconf 87' lang='lat' dir='ltr'><strong>provocaverit</strong></span> <span class='ocrx_word' id='word_1_224' title='bbox 1160 2661 1177 2687; x_wconf 90' lang='lat'><strong>,</strong></span> <span class='ocrx_word' id='word_1_225' title='bbox 1208 2628 1266 2674; x_wconf 93' lang='lat' dir='ltr'><strong>ut</strong></span> <span class='ocrx_word' id='word_1_226' title='bbox 1295 2619 1366 2674; x_wconf 90' lang='lat' dir='ltr'><strong>ab</strong></span> <span class='ocrx_word' id='word_1_227' title='bbox 1393 2619 1525 2689; x_wconf 90' lang='lat' dir='ltr'><strong>ipsis</strong></span> <span class='ocrx_word' id='word_1_228' title='bbox 1552 2618 1816 2688; x_wconf 87' lang='lat' dir='ltr'><strong>deinceps</strong></span> <span class='ocrx_word' id='word_1_229' title='bbox 1845 2617 1978 2673; x_wconf 87' lang='lat' dir='ltr'><strong>nulli</strong></span> <span class='ocrx_word' id='word_1_230' title='bbox 2004 2617 2166 2673; x_wconf 88' lang='lat' dir='ltr'><strong>liceat</strong></span> 
     </span>
    </p>
   </div>
   <div class='ocr_carea' id='block_1_40' title="bbox 570 2729 890 2782">
    <p class='ocr_par' dir='ltr' id='par_1_40' title="bbox 570 2729 890 2782">
     <span class='ocr_line' id='line_1_41' title="bbox 570 2729 890 2782; baseline 0.013 -18"><span class='ocrx_word' id='word_1_231' title='bbox 570 2729 890 2782; x_wconf 85' lang='lat' dir='ltr'><strong>provocare.</strong></span> 
     </span>
    </p>
   </div>
   <div class='ocr_carea' id='block_1_41' title="bbox 645 2803 2166 2875">
    <p class='ocr_par' dir='ltr' id='par_1_41' title="bbox 645 2803 2166 2875">
     <span class='ocr_line' id='line_1_42' title="bbox 645 2803 2166 2875; baseline -0.002 -16"><span class='ocrx_word' id='word_1_232' title='bbox 645 2804 802 2870; x_wconf 83' lang='lat' dir='ltr'><strong>Quod</strong></span> <span class='ocrx_word' id='word_1_233' title='bbox 843 2804 1130 2860; x_wconf 80' lang='lat' dir='ltr'><strong>electorum</strong></span> <span class='ocrx_word' id='word_1_234' title='bbox 1163 2804 1410 2875; x_wconf 75' lang='lat' dir='ltr'><strong>judicnm</strong></span> <span class='ocrx_word' id='word_1_235' title='bbox 1436 2805 1700 2859; x_wconf 73' lang='lat' dir='ltr'><strong>sententia</strong></span> <span class='ocrx_word' id='word_1_236' title='bbox 1731 2803 1910 2872; x_wconf 83' lang='lat' dir='ltr'><strong>sperni</strong></span> <span class='ocrx_word' id='word_1_237' title='bbox 1943 2819 2045 2857; x_wconf 91' lang='lat' dir='ltr'><strong>non</strong></span> <span class='ocrx_word' id='word_1_238' title='bbox 2075 2804 2166 2857; x_wconf 83' lang='lat' dir='ltr'><strong>de-</strong></span> 
     </span>
    </p>
   </div>
   <div class='ocr_carea' id='block_1_42' title="bbox 572 2895 712 2949">
    <p class='ocr_par' dir='ltr' id='par_1_42' title="bbox 572 2895 712 2949">
     <span class='ocr_line' id='line_1_43' title="bbox 572 2895 712 2949; baseline 0 -1"><span class='ocrx_word' id='word_1_239' title='bbox 572 2895 712 2949; x_wconf 83' lang='lat' dir='ltr'><strong>beat.</strong></span> 
     </span>
    </p>
   </div>
   <div class='ocr_carea' id='block_1_43' title="bbox 645 2985 2128 3059">
    <p class='ocr_par' dir='ltr' id='par_1_43' title="bbox 645 2985 2128 3059">
     <span class='ocr_line' id='line_1_44' title="bbox 645 2985 2128 3059; baseline 0 -19"><span class='ocrx_word' id='word_1_240' title='bbox 645 2987 745 3040; x_wconf 86' lang='grc'><strong>121</strong></span> <span class='ocrx_word' id='word_1_241' title='bbox 777 2985 952 3059; x_wconf 61' lang='lat' dir='ltr'><strong>[HQ].</strong></span> <span class='ocrx_word' id='word_1_242' title='bbox 993 2986 1326 3058; x_wconf 83' lang='lat' dir='ltr'><strong>Ajudicibus</strong></span> <span class='ocrx_word' id='word_1_243' title='bbox 1353 2998 1563 3052; x_wconf 88' lang='lat' dir='ltr'><strong>autem,</strong></span> <span class='ocrx_word' id='word_1_244' title='bbox 1587 2996 1724 3054; x_wconf 84' lang='lat' dir='ltr'><strong>ctc.,</strong></span> <span class='ocrx_word' id='word_1_245' title='bbox 1751 3000 1808 3042; x_wconf 89' lang='lat' dir='ltr'><strong>ut</strong></span> <span class='ocrx_word' id='word_1_246' title='bbox 1833 3003 1958 3058; x_wconf 86' lang='lat' dir='ltr'><strong><em>pag.</em></strong></span> <span class='ocrx_word' id='word_1_247' title='bbox 1999 2986 2128 3041; x_wconf 83' lang='grc'>722.</span> 
     </span>
    </p>
   </div>
   <div class='ocr_carea' id='block_1_44' title="bbox 643 3079 2166 3152">
    <p class='ocr_par' dir='ltr' id='par_1_44' title="bbox 643 3079 2166 3152">
     <span class='ocr_line' id='line_1_45' title="bbox 643 3079 2166 3152; baseline -0.002 -15"><span class='ocrx_word' id='word_1_248' title='bbox 643 3079 903 3152; x_wconf 78' lang='lat' dir='ltr'><strong>256De</strong></span> <span class='ocrx_word' id='word_1_249' title='bbox 947 3081 1266 3151; x_wconf 80' lang='lat' dir='ltr'><strong>presbyteris</strong></span> <span class='ocrx_word' id='word_1_250' title='bbox 1317 3090 1367 3134; x_wconf 87' lang='lat' dir='ltr'><strong>et</strong></span> <span class='ocrx_word' id='word_1_251' title='bbox 1427 3081 1662 3147; x_wconf 80' lang='lat' dir='ltr'><strong>clericis,</strong></span> <span class='ocrx_word' id='word_1_252' title='bbox 1686 3091 1744 3136; x_wconf 86' lang='lat' dir='ltr'><strong>ut</strong></span> <span class='ocrx_word' id='word_1_253' title='bbox 1769 3098 1873 3135; x_wconf 88' lang='lat' dir='ltr'><strong>non</strong></span> <span class='ocrx_word' id='word_1_254' title='bbox 1901 3081 2166 3151; x_wconf 80' lang='lat' dir='ltr'><strong>appellent</strong></span> 
     </span>
    </p>
   </div>
   <div class='ocr_carea' id='block_1_45' title="bbox 575 3170 1361 3239">
    <p class='ocr_par' dir='ltr' id='par_1_45' title="bbox 575 3170 1361 3239">
     <span class='ocr_line' id='line_1_46' title="bbox 575 3170 1361 3239; baseline 0.003 -16"><span class='ocrx_word' id='word_1_255' title='bbox 575 3172 679 3224; x_wconf 85' lang='lat' dir='ltr'><strong>nisi</strong></span> <span class='ocrx_word' id='word_1_256' title='bbox 710 3172 780 3224; x_wconf 88' lang='lat' dir='ltr'><strong>ad</strong></span> <span class='ocrx_word' id='word_1_257' title='bbox 806 3170 1072 3239; x_wconf 78' lang='lat' dir='ltr'><strong>Africana</strong></span> <span class='ocrx_word' id='word_1_258' title='bbox 1111 3171 1361 3226; x_wconf 88' lang='lat' dir='ltr'><strong>concilia.</strong></span> 
     </span>
    </p>
   </div>
   <div class='ocr_carea' id='block_1_46' title="bbox 649 3329 2165 3402">
    <p class='ocr_par' dir='ltr' id='par_1_46' title="bbox 649 3329 2165 3402">
     <span class='ocr_line' id='line_1_47' title="bbox 649 3329 2165 3402; baseline 0.001 -19"><span class='ocrx_word' id='word_1_259' title='bbox 649 3330 773 3384; x_wconf 69' lang='grc'>125.</span> <span class='ocrx_word' id='word_1_260' title='bbox 805 3329 939 3384; x_wconf 81' lang='lat' dir='ltr'><strong>Item</strong></span> <span class='ocrx_word' id='word_1_261' title='bbox 971 3330 1197 3400; x_wconf 84' lang='lat' dir='ltr'><strong>placuit,</strong></span> <span class='ocrx_word' id='word_1_262' title='bbox 1228 3339 1288 3385; x_wconf 93' lang='lat' dir='ltr'><strong>ut</strong></span> <span class='ocrx_word' id='word_1_263' title='bbox 1319 3330 1646 3402; x_wconf 74' lang='lat' dir='ltr'><strong>presbyteri,</strong></span> <span class='ocrx_word' id='word_1_264' title='bbox 1679 3331 1918 3398; x_wconf 88' lang='lat' dir='ltr'><strong>diaconi,</strong></span> <span class='ocrx_word' id='word_1_265' title='bbox 1955 3343 2084 3397; x_wconf 84' lang='lat' dir='ltr'><strong>ctc.,</strong></span> <span class='ocrx_word' id='word_1_266' title='bbox 2108 3343 2165 3385; x_wconf 88' lang='grc' dir='ltr'><strong>ιιι</strong></span> 
     </span>
    </p>
   </div>
   <div class='ocr_carea' id='block_1_47' title="bbox 578 3422 875 3492">
    <p class='ocr_par' dir='ltr' id='par_1_47' title="bbox 578 3422 875 3492">
     <span class='ocr_line' id='line_1_48' title="bbox 578 3422 875 3492; baseline 0.007 -17"><span class='ocrx_word' id='word_1_267' title='bbox 578 3439 704 3492; x_wconf 87' lang='lat' dir='ltr'><strong>pug.</strong></span> <span class='ocrx_word' id='word_1_268' title='bbox 749 3422 875 3477; x_wconf 76' lang='grc'>725.</span> 
     </span>
    </p>
   </div>
   <div class='ocr_carea' id='block_1_48' title="bbox 653 3514 2164 3587">
    <p class='ocr_par' dir='ltr' id='par_1_48' title="bbox 653 3514 2164 3587">
     <span class='ocr_line' id='line_1_49' title="bbox 653 3514 2164 3587; baseline 0 -18"><span class='ocrx_word' id='word_1_269' title='bbox 653 3514 872 3569; x_wconf 71' lang='lat' dir='ltr'><strong>Textus.</strong></span> <span class='ocrx_word' id='word_1_270' title='bbox 906 3514 1099 3570; x_wconf 91' lang='lat' dir='ltr'><strong>Const.</strong></span> <span class='ocrx_word' id='word_1_271' title='bbox 1132 3515 1200 3581; x_wconf 91' lang='lat'><strong>8,</strong></span> <span class='ocrx_word' id='word_1_272' title='bbox 1231 3515 1316 3569; x_wconf 92' lang='lat' dir='ltr'><strong>tit.</strong></span> <span class='ocrx_word' id='word_1_273' title='bbox 1351 3516 1406 3581; x_wconf 77' lang='grc'>4,</span> <span class='ocrx_word' id='word_1_274' title='bbox 1437 3515 1533 3570; x_wconf 89' lang='lat' dir='ltr'><strong>lib.</strong></span> <span class='ocrx_word' id='word_1_275' title='bbox 1580 3532 1638 3582; x_wconf 86' lang='grc' dir='ltr'><strong>ι,</strong></span> <span class='ocrx_word' id='word_1_276' title='bbox 1687 3517 1764 3570; x_wconf 86' lang='lat' dir='ltr'><strong>ait</strong></span> <span class='ocrx_word' id='word_1_277' title='bbox 1787 3557 1802 3581; x_wconf 94' lang='lat'><strong>,</strong></span> <span class='ocrx_word' id='word_1_278' title='bbox 1845 3517 1988 3587; x_wconf 86' lang='lat' dir='ltr'><strong>quod</strong></span> <span class='ocrx_word' id='word_1_279' title='bbox 2036 3532 2164 3572; x_wconf 84' lang='lat' dir='ltr'><strong>sen-</strong></span> 
     </span>
    </p>
   </div>
   <div class='ocr_carea' id='block_1_49' title="bbox 580 3606 2168 3679">
    <p class='ocr_par' dir='ltr' id='par_1_49' title="bbox 580 3606 2168 3679">
     <span class='ocr_line' id='line_1_50' title="bbox 580 3606 2168 3679; baseline 0.001 -19"><span class='ocrx_word' id='word_1_280' title='bbox 580 3607 765 3662; x_wconf 62' lang='lat' dir='ltr'><strong>tentia:</strong></span> <span class='ocrx_word' id='word_1_281' title='bbox 795 3608 1178 3677; x_wconf 89' lang='lat' dir='ltr'><strong>episcoporum</strong></span> <span class='ocrx_word' id='word_1_282' title='bbox 1220 3606 1427 3664; x_wconf 87' lang='lat' dir='ltr'><strong>similes</strong></span> <span class='ocrx_word' id='word_1_283' title='bbox 1479 3607 1588 3663; x_wconf 91' lang='lat' dir='ltr'><strong>sint</strong></span> <span class='ocrx_word' id='word_1_284' title='bbox 1643 3609 1930 3662; x_wconf 83' lang='lat' dir='ltr'><strong>sententiis</strong></span> <span class='ocrx_word' id='word_1_285' title='bbox 1976 3609 2168 3679; x_wconf 73' lang='lat' dir='ltr'><strong>pracfe-</strong></span> 
     </span>
    </p>
   </div>
   <div class='ocr_carea' id='block_1_50' title="bbox 577 3698 2168 3769">
    <p class='ocr_par' dir='ltr' id='par_1_50' title="bbox 577 3698 2168 3769">
     <span class='ocr_line' id='line_1_51' title="bbox 577 3698 2168 3769; baseline -0.001 -15"><span class='ocrx_word' id='word_1_286' title='bbox 577 3711 822 3763; x_wconf 88' lang='lat' dir='ltr'><strong>ctorum,</strong></span> <span class='ocrx_word' id='word_1_287' title='bbox 843 3714 872 3752; x_wconf 88' lang='lat' dir='ltr'><strong>a</strong></span> <span class='ocrx_word' id='word_1_288' title='bbox 890 3698 1090 3769; x_wconf 89' lang='lat' dir='ltr'><strong>quibus</strong></span> <span class='ocrx_word' id='word_1_289' title='bbox 1115 3713 1412 3768; x_wconf 84' lang='lat' dir='ltr'><strong>provocare</strong></span> <span class='ocrx_word' id='word_1_290' title='bbox 1433 3713 1541 3754; x_wconf 92' lang='lat' dir='ltr'><strong>non</strong></span> <span class='ocrx_word' id='word_1_291' title='bbox 1573 3699 1720 3755; x_wconf 90' lang='lat' dir='ltr'><strong>licet.</strong></span> <span class='ocrx_word' id='word_1_292' title='bbox 1748 3699 1813 3754; x_wconf 82' lang='lat' dir='ltr'><strong>Et</strong></span> <span class='ocrx_word' id='word_1_293' title='bbox 1851 3700 2074 3756; x_wconf 89' lang='lat' dir='ltr'><strong>constit.</strong></span> <span class='ocrx_word' id='word_1_294' title='bbox 2097 3699 2168 3754; x_wconf 86' lang='grc'>29</span> 
     </span>
    </p>
   </div>
   <div class='ocr_carea' id='block_1_51' title="bbox 578 3791 2166 3862">
    <p class='ocr_par' dir='ltr' id='par_1_51' title="bbox 578 3791 2166 3862">
     <span class='ocr_line' id='line_1_52' title="bbox 578 3791 2166 3862; baseline -0.001 -17"><span class='ocrx_word' id='word_1_295' title='bbox 578 3791 826 3861; x_wconf 86' lang='lat' dir='ltr'><strong>ejusdem</strong></span> <span class='ocrx_word' id='word_1_296' title='bbox 863 3791 948 3846; x_wconf 87' lang='lat' dir='ltr'><strong>tit.</strong></span> <span class='ocrx_word' id='word_1_297' title='bbox 985 3791 1154 3846; x_wconf 87' lang='lat' dir='ltr'><strong>:Sive</strong></span> <span class='ocrx_word' id='word_1_298' title='bbox 1198 3791 1352 3846; x_wconf 89' lang='lat' dir='ltr'><strong>solus</strong></span> <span class='ocrx_word' id='word_1_299' title='bbox 1373 3791 1851 3862; x_wconf 88' lang='lat' dir='ltr'><strong>metropolitanus,</strong></span> <span class='ocrx_word' id='word_1_300' title='bbox 1888 3792 2002 3846; x_wconf 85' lang='lat' dir='ltr'><strong>sive</strong></span> <span class='ocrx_word' id='word_1_301' title='bbox 2042 3806 2166 3845; x_wconf 89' lang='lat' dir='ltr'><strong>cum</strong></span> 
     </span>
    </p>
   </div>
   <div class='ocr_carea' id='block_1_52' title="bbox 579 3882 2166 3957">
    <p class='ocr_par' dir='ltr' id='par_1_52' title="bbox 579 3882 2166 3957">
     <span class='ocr_line' id='line_1_53' title="bbox 579 3882 2166 3957; baseline -0.001 -17"><span class='ocrx_word' id='word_1_302' title='bbox 579 3883 792 3954; x_wconf 85' lang='lat' dir='ltr'><strong>synodo</strong></span> <span class='ocrx_word' id='word_1_303' title='bbox 825 3897 927 3942; x_wconf 88' lang='lat' dir='ltr'><strong>sua</strong></span> <span class='ocrx_word' id='word_1_304' title='bbox 959 3883 1203 3954; x_wconf 88' lang='lat' dir='ltr'><strong>episcopi</strong></span> <span class='ocrx_word' id='word_1_305' title='bbox 1257 3893 1354 3938; x_wconf 87' lang='lat' dir='ltr'><strong>aut</strong></span> <span class='ocrx_word' id='word_1_306' title='bbox 1384 3883 1570 3940; x_wconf 88' lang='lat' dir='ltr'><strong>clerici</strong></span> <span class='ocrx_word' id='word_1_307' title='bbox 1617 3882 1893 3957; x_wconf 87' lang='lat' dir='ltr'><strong>[causam]</strong></span> <span class='ocrx_word' id='word_1_308' title='bbox 1937 3883 2166 3953; x_wconf 77' lang='lat' dir='ltr'><strong>iudicet,</strong></span> 
     </span>
    </p>
   </div>
   <div class='ocr_carea' id='block_1_53' title="bbox 577 3975 2172 4049">
    <p class='ocr_par' dir='ltr' id='par_1_53' title="bbox 577 3975 2172 4049">
     <span class='ocr_line' id='line_1_54' title="bbox 577 3975 2172 4049; baseline -0.002 -16"><span class='ocrx_word' id='word_1_309' title='bbox 577 3987 635 4033; x_wconf 88' lang='lat' dir='ltr'><strong>et</strong></span> <span class='ocrx_word' id='word_1_310' title='bbox 685 3977 972 4033; x_wconf 82' lang='lat' dir='ltr'><strong>sententiae</strong></span> <span class='ocrx_word' id='word_1_311' title='bbox 1022 3991 1129 4030; x_wconf 87' lang='lat' dir='ltr'><strong>non</strong></span> <span class='ocrx_word' id='word_1_312' title='bbox 1173 3977 1574 4048; x_wconf 88' lang='lat' dir='ltr'><strong>acquiescatur,</strong></span> <span class='ocrx_word' id='word_1_313' title='bbox 1630 3975 1795 4049; x_wconf 81' lang='lat' dir='ltr'><strong>[ejus]</strong></span> <span class='ocrx_word' id='word_1_314' title='bbox 1829 3977 2051 4033; x_wconf 89' lang='lat' dir='ltr'><strong>ditionis</strong></span> <span class='ocrx_word' id='word_1_315' title='bbox 2074 3991 2172 4047; x_wconf 87' lang='lat' dir='ltr'><strong>pa-</strong></span> 
     </span>
    </p>
   </div>
   <div class='ocr_carea' id='block_1_54' title="bbox 577 4065 2171 4138">
    <p class='ocr_par' dir='ltr' id='par_1_54' title="bbox 577 4065 2171 4138">
     <span class='ocr_line' id='line_1_55' title="bbox 577 4065 2171 4138; baseline 0 -16"><span class='ocrx_word' id='word_1_316' title='bbox 577 4068 821 4122; x_wconf 86' lang='lat' dir='ltr'><strong>triarcha</strong></span> <span class='ocrx_word' id='word_1_317' title='bbox 877 4066 1196 4136; x_wconf 76' lang='lat' dir='ltr'><strong>cognoscit:</strong></span> <span class='ocrx_word' id='word_1_318' title='bbox 1251 4066 1538 4138; x_wconf 87' lang='lat' dir='ltr'><strong>ipsiusque</strong></span> <span class='ocrx_word' id='word_1_319' title='bbox 1601 4065 1885 4137; x_wconf 76' lang='lat' dir='ltr'><strong>iudicatis,</strong></span> <span class='ocrx_word' id='word_1_320' title='bbox 1943 4066 2171 4137; x_wconf 88' lang='lat' dir='ltr'><strong>perinde</strong></span> 
     </span>
    </p>
   </div>
   <div class='ocr_carea' id='block_1_55' title="bbox 577 4157 2170 4229">
    <p class='ocr_par' dir='ltr' id='par_1_55' title="bbox 577 4157 2170 4229">
     <span class='ocr_line' id='line_1_56' title="bbox 577 4157 2170 4229; baseline -0.002 -15"><span class='ocrx_word' id='word_1_321' title='bbox 577 4169 745 4229; x_wconf 84' lang='lat' dir='ltr'><strong>atque</strong></span> <span class='ocrx_word' id='word_1_322' title='bbox 796 4157 867 4213; x_wconf 86' lang='lat' dir='ltr'><strong>ab</strong></span> <span class='ocrx_word' id='word_1_323' title='bbox 903 4157 1061 4213; x_wconf 91' lang='lat' dir='ltr'><strong>initio</strong></span> <span class='ocrx_word' id='word_1_324' title='bbox 1101 4157 1406 4228; x_wconf 72' lang='lat' dir='ltr'><strong>iudicasset</strong></span> <span class='ocrx_word' id='word_1_325' title='bbox 1434 4201 1449 4226; x_wconf 93' lang='lat'><strong>,</strong></span> <span class='ocrx_word' id='word_1_326' title='bbox 1502 4158 1802 4214; x_wconf 88' lang='lat' dir='ltr'><strong>insistitur.</strong></span> <span class='ocrx_word' id='word_1_327' title='bbox 1835 4157 1881 4212; x_wconf 83' lang='grc' dir='ltr'><strong>Α</strong></span> <span class='ocrx_word' id='word_1_328' title='bbox 1931 4157 2170 4227; x_wconf 77' lang='lat' dir='ltr'><strong>patriar-</strong></span> 
     </span>
    </p>
   </div>
   <div class='ocr_carea' id='block_1_56' title="bbox 577 4248 2168 4320">
    <p class='ocr_par' dir='ltr' id='par_1_56' title="bbox 577 4248 2168 4320">
     <span class='ocr_line' id='line_1_57' title="bbox 577 4248 2168 4320; baseline -0.001 -15"><span class='ocrx_word' id='word_1_329' title='bbox 577 4250 807 4306; x_wconf 88' lang='lat' dir='ltr'><strong>charum</strong></span> <span class='ocrx_word' id='word_1_330' title='bbox 841 4263 1081 4319; x_wconf 85' lang='lat' dir='ltr'><strong>namque</strong></span> <span class='ocrx_word' id='word_1_331' title='bbox 1111 4250 1404 4305; x_wconf 87' lang='lat' dir='ltr'><strong>sententiis</strong></span> <span class='ocrx_word' id='word_1_332' title='bbox 1455 4266 1565 4305; x_wconf 93' lang='lat' dir='ltr'><strong>non</strong></span> <span class='ocrx_word' id='word_1_333' title='bbox 1624 4258 1982 4320; x_wconf 89' lang='lat' dir='ltr'><strong>provocatur.</strong></span> <span class='ocrx_word' id='word_1_334' title='bbox 2021 4248 2168 4304; x_wconf 87' lang='lat' dir='ltr'><strong>Idem</strong></span> 
     </span>
    </p>
   </div>
   <div class='ocr_carea' id='block_1_57' title="bbox 2333 1950 3843 2032">
    <p class='ocr_par' dir='ltr' id='par_1_57' title="bbox 2333 1950 3843 2032">
     <span class='ocr_line' id='line_1_58' title="bbox 2333 1950 3843 2032; baseline -0.011 -14"><span class='ocrx_word' id='word_1_335' title='bbox 2333 1963 2471 2032; x_wconf 76' lang='grc' dir='ltr'><strong>Περὶ</strong></span> <span class='ocrx_word' id='word_1_336' title='bbox 2518 1961 2640 2016; x_wconf 88' lang='grc' dir='ltr'><strong>τῶν</strong></span> <span class='ocrx_word' id='word_1_337' title='bbox 2677 1959 2759 2029; x_wconf 82' lang='grc' dir='ltr'>μὴ</span> <span class='ocrx_word' id='word_1_338' title='bbox 2814 1955 3247 2029; x_wconf 73' lang='grc' dir='ltr'><strong>φροντιζόντων</strong></span> <span class='ocrx_word' id='word_1_339' title='bbox 3305 1951 3650 2022; x_wconf 75' lang='grc' dir='ltr'>κληρικῶν,</span> <span class='ocrx_word' id='word_1_340' title='bbox 3679 1950 3843 2013; x_wconf 80' lang='grc' dir='ltr'>ἐντὸς</span> 
     </span>
    </p>
   </div>
   <div class='ocr_carea' id='block_1_58' title="bbox 2265 2049 3379 2123">
    <p class='ocr_par' dir='ltr' id='par_1_58' title="bbox 2265 2049 3379 2123">
     <span class='ocr_line' id='line_1_59' title="bbox 2265 2049 3379 2123; baseline -0.01 -11"><span class='ocrx_word' id='word_1_341' title='bbox 2265 2055 2547 2112; x_wconf 79' lang='grc' dir='ltr'><strong>ἐνιαυτοῦ</strong></span> <span class='ocrx_word' id='word_1_342' title='bbox 2579 2052 2803 2123; x_wconf 78' lang='grc' dir='ltr'>πρᾶξαι</span> <span class='ocrx_word' id='word_1_343' title='bbox 2836 2053 2902 2106; x_wconf 84' lang='grc' dir='ltr'><strong>τὸ</strong></span> <span class='ocrx_word' id='word_1_344' title='bbox 2937 2053 3092 2105; x_wconf 75' lang='grc' dir='ltr'><em>ἴδιον</em></span> <span class='ocrx_word' id='word_1_345' title='bbox 3119 2049 3379 2118; x_wconf 76' lang='grc' dir='ltr'>πρᾶγμα.</span> 
     </span>
    </p>
   </div>
   <div class='ocr_carea' id='block_1_59' title="bbox 2333 2143 3160 2215">
    <p class='ocr_par' dir='ltr' id='par_1_59' title="bbox 2333 2143 3160 2215">
     <span class='ocr_line' id='line_1_60' title="bbox 2333 2143 3160 2215; baseline -0.008 -12"><span class='ocrx_word' id='word_1_346' title='bbox 2333 2147 2430 2203; x_wconf 87' lang='grc' dir='ltr'>οθ’.</span> <span class='ocrx_word' id='word_1_347' title='bbox 2465 2147 2636 2202; x_wconf 85' lang='grc' dir='ltr'>Πάλιν</span> <span class='ocrx_word' id='word_1_348' title='bbox 2661 2145 2893 2215; x_wconf 81' lang='grc' dir='ltr'>ὡρίσθη,</span> <span class='ocrx_word' id='word_1_349' title='bbox 2929 2161 2980 2197; x_wconf 90' lang='grc' dir='ltr'>κ.</span> <span class='ocrx_word' id='word_1_350' title='bbox 3015 2161 3066 2198; x_wconf 87' lang='grc' dir='ltr'>τ.</span> <span class='ocrx_word' id='word_1_351' title='bbox 3108 2143 3160 2196; x_wconf 90' lang='grc' dir='ltr'>λ.</span> 
     </span>
    </p>
   </div>
   <div class='ocr_carea' id='block_1_60' title="bbox 2335 2226 3846 2308">
    <p class='ocr_par' dir='ltr' id='par_1_60' title="bbox 2335 2226 3846 2308">
     <span class='ocr_line' id='line_1_61' title="bbox 2335 2226 3846 2308; baseline -0.01 -12"><span class='ocrx_word' id='word_1_352' title='bbox 2335 2243 2462 2296; x_wconf 85' lang='grc' dir='ltr'><strong>Ἵνα</strong></span> <span class='ocrx_word' id='word_1_353' title='bbox 2519 2238 2796 2308; x_wconf 73' lang='grc' dir='ltr'><strong>αἱρετοὺς</strong></span> <span class='ocrx_word' id='word_1_354' title='bbox 2853 2235 3150 2299; x_wconf 84' lang='grc' dir='ltr'>δικαστὰς</span> <span class='ocrx_word' id='word_1_355' title='bbox 3175 2233 3260 2304; x_wconf 79' lang='grc' dir='ltr'>μὴ</span> <span class='ocrx_word' id='word_1_356' title='bbox 3291 2233 3435 2298; x_wconf 78' lang='grc' dir='ltr'><strong>ἐξὸν</strong></span> <span class='ocrx_word' id='word_1_357' title='bbox 3457 2231 3552 2299; x_wconf 85' lang='grc' dir='ltr'><strong>εἴη</strong></span> <span class='ocrx_word' id='word_1_358' title='bbox 3588 2226 3846 2284; x_wconf 74' lang='grc' dir='ltr'>ἐκκαλεῖ-ο</span> 
     </span>
    </p>
   </div>
   <div class='ocr_carea' id='block_1_61' title="bbox 2265 2339 2430 2389">
    <p class='ocr_par' dir='ltr' id='par_1_61' title="bbox 2265 2339 2430 2389">
     <span class='ocr_line' id='line_1_62' title="bbox 2265 2339 2430 2389; baseline -0.024 0"><span class='ocrx_word' id='word_1_359' title='bbox 2265 2339 2430 2389; x_wconf 83' lang='grc' dir='ltr'>σθαι.</span> 
     </span>
    </p>
   </div>
   <div class='ocr_carea' id='block_1_62' title="bbox 2336 2409 3847 2491">
    <p class='ocr_par' dir='ltr' id='par_1_62' title="bbox 2336 2409 3847 2491">
     <span class='ocr_line' id='line_1_63' title="bbox 2336 2409 3847 2491; baseline -0.011 -14"><span class='ocrx_word' id='word_1_360' title='bbox 2336 2429 2454 2491; x_wconf 77' lang='grc' dir='ltr'>ι,ς’.</span> <span class='ocrx_word' id='word_1_361' title='bbox 2503 2421 2631 2475; x_wconf 77' lang='grc' dir='ltr'>Ἐάν</span> <span class='ocrx_word' id='word_1_362' title='bbox 2665 2420 2721 2473; x_wconf 88' lang='grc' dir='ltr'>δὲ</span> <span class='ocrx_word' id='word_1_363' title='bbox 2773 2417 2999 2488; x_wconf 82' lang='grc' dir='ltr'>γένηται</span> <span class='ocrx_word' id='word_1_364' title='bbox 3044 2416 3328 2486; x_wconf 79' lang='grc' dir='ltr'>ἐκκλητος,</span> <span class='ocrx_word' id='word_1_365' title='bbox 3364 2413 3456 2466; x_wconf 80' lang='grc' dir='ltr'><strong>καὶ</strong></span> <span class='ocrx_word' id='word_1_366' title='bbox 3485 2410 3795 2480; x_wconf 79' lang='grc' dir='ltr'><strong>ἐπιλέξηται</strong></span> <span class='ocrx_word' id='word_1_367' title='bbox 3820 2409 3847 2461; x_wconf 86' lang='grc' dir='ltr'>ὁ</span> 
     </span>
    </p>
   </div>
   <div class='ocr_carea' id='block_1_63' title="bbox 2266 2500 3849 2583">
    <p class='ocr_par' dir='ltr' id='par_1_63' title="bbox 2266 2500 3849 2583">
     <span class='ocr_line' id='line_1_64' title="bbox 2266 2500 3849 2583; baseline -0.01 -14"><span class='ocrx_word' id='word_1_368' title='bbox 2266 2514 2705 2583; x_wconf 82' lang='grc' dir='ltr'>ἐκκαλεσάμενος</span> <span class='ocrx_word' id='word_1_369' title='bbox 2731 2508 3012 2574; x_wconf 83' lang='grc' dir='ltr'>δικαστὰς,</span> <span class='ocrx_word' id='word_1_370' title='bbox 3027 2507 3121 2562; x_wconf 77' lang='grc' dir='ltr'><strong>καὶ</strong></span> <span class='ocrx_word' id='word_1_371' title='bbox 3147 2506 3263 2576; x_wconf 85' lang='grc' dir='ltr'>μετ’</span> <span class='ocrx_word' id='word_1_372' title='bbox 3285 2503 3448 2558; x_wconf 75' lang='grc' dir='ltr'>αὐτοῦ</span> <span class='ocrx_word' id='word_1_373' title='bbox 3471 2503 3718 2565; x_wconf 82' lang='grc' dir='ltr'>κάκεῖνος</span> <span class='ocrx_word' id='word_1_374' title='bbox 3736 2500 3849 2553; x_wconf 81' lang='grc' dir='ltr'>καθ’</span> 
     </span>
    </p>
   </div>
   <div class='ocr_carea' id='block_1_64' title="bbox 2266 2589 3850 2672">
    <p class='ocr_par' dir='ltr' id='par_1_64' title="bbox 2266 2589 3850 2672">
     <span class='ocr_line' id='line_1_65' title="bbox 2266 2589 3850 2672; baseline -0.01 -13"><span class='ocrx_word' id='word_1_375' title='bbox 2266 2599 2327 2660; x_wconf 77' lang='grc' dir='ltr'>οὗ</span> <span class='ocrx_word' id='word_1_376' title='bbox 2357 2602 2743 2672; x_wconf 79' lang='grc' dir='ltr'>ἐξεκαλέσατο,</span> <span class='ocrx_word' id='word_1_377' title='bbox 2771 2599 2868 2654; x_wconf 80' lang='grc' dir='ltr'>τοῦ</span> <span class='ocrx_word' id='word_1_378' title='bbox 2896 2598 3086 2652; x_wconf 80' lang='grc' dir='ltr'><strong>λοιποῦ</strong></span> <span class='ocrx_word' id='word_1_379' title='bbox 3119 2597 3261 2651; x_wconf 83' lang='grc' dir='ltr'><strong>κατὰ</strong></span> <span class='ocrx_word' id='word_1_380' title='bbox 3291 2595 3493 2649; x_wconf 83' lang='grc' dir='ltr'>τούτων</span> <span class='ocrx_word' id='word_1_381' title='bbox 3529 2594 3719 2664; x_wconf 71' lang='grc' dir='ltr'>μηδενὶ</span> <span class='ocrx_word' id='word_1_382' title='bbox 3771 2589 3850 2655; x_wconf 82' lang='grc' dir='ltr'>ἐξ·</span> 
     </span>
    </p>
   </div>
   <div class='ocr_carea' id='block_1_65' title="bbox 2267 2690 2868 2749">
    <p class='ocr_par' dir='ltr' id='par_1_65' title="bbox 2267 2690 2868 2749">
     <span class='ocr_line' id='line_1_66' title="bbox 2267 2690 2868 2749; baseline -0.005 0"><span class='ocrx_word' id='word_1_383' title='bbox 2267 2697 2410 2749; x_wconf 82' lang='grc' dir='ltr'>έστω</span> <span class='ocrx_word' id='word_1_384' title='bbox 2439 2690 2868 2747; x_wconf 81' lang='grc' dir='ltr'>ἐκκαλέσασθαι.</span> 
     </span>
    </p>
   </div>
   <div class='ocr_carea' id='block_1_66' title="bbox 2339 2773 3848 2854">
    <p class='ocr_par' dir='ltr' id='par_1_66' title="bbox 2339 2773 3848 2854">
     <span class='ocr_line' id='line_1_67' title="bbox 2339 2773 3848 2854; baseline -0.007 -15"><span class='ocrx_word' id='word_1_385' title='bbox 2339 2787 2468 2839; x_wconf 85' lang='grc' dir='ltr'><strong>Ὅτι</strong></span> <span class='ocrx_word' id='word_1_386' title='bbox 2493 2787 2604 2839; x_wconf 80' lang='grc' dir='ltr'><strong>οὐκ</strong></span> <span class='ocrx_word' id='word_1_387' title='bbox 2630 2785 2857 2854; x_wconf 62' lang='grc' dir='ltr'><em>ὀφείλει</em></span> <span class='ocrx_word' id='word_1_388' title='bbox 2887 2783 3006 2836; x_wconf 87' lang='grc' dir='ltr'><strong>τῶν</strong></span> <span class='ocrx_word' id='word_1_389' title='bbox 3030 2780 3470 2850; x_wconf 78' lang='grc' dir='ltr'><strong>ἐπιλεγομένων</strong></span> <span class='ocrx_word' id='word_1_390' title='bbox 3495 2775 3793 2832; x_wconf 81' lang='grc' dir='ltr'><strong>δικαστῶν</strong></span> <span class='ocrx_word' id='word_1_391' title='bbox 3812 2773 3848 2842; x_wconf 75' lang='grc' dir='ltr'><strong><em>ἠ</em></strong></span> 
     </span>
    </p>
   </div>
   <div class='ocr_carea' id='block_1_67' title="bbox 2267 2877 2989 2951">
    <p class='ocr_par' dir='ltr' id='par_1_67' title="bbox 2267 2877 2989 2951">
     <span class='ocr_line' id='line_1_68' title="bbox 2267 2877 2989 2951; baseline -0.007 -17"><span class='ocrx_word' id='word_1_392' title='bbox 2267 2880 2470 2951; x_wconf 68' lang='grc' dir='ltr'><strong>γνώμη</strong></span> <span class='ocrx_word' id='word_1_393' title='bbox 2516 2877 2989 2942; x_wconf 77' lang='grc' dir='ltr'>ἐξουθενεῖσθαι.</span> 
     </span>
    </p>
   </div>
   <div class='ocr_carea' id='block_1_68' title="bbox 2343 2964 3475 3041">
    <p class='ocr_par' dir='ltr' id='par_1_68' title="bbox 2343 2964 3475 3041">
     <span class='ocr_line' id='line_1_69' title="bbox 2343 2964 3475 3041; baseline -0.005 -17"><span class='ocrx_word' id='word_1_394' title='bbox 2343 2976 2483 3041; x_wconf 69' lang='grc' dir='ltr'>ρκαθ.</span> <span class='ocrx_word' id='word_1_395' title='bbox 2519 2969 2678 3023; x_wconf 82' lang='grc' dir='ltr'>Κατά</span> <span class='ocrx_word' id='word_1_396' title='bbox 2706 2968 2762 3021; x_wconf 84' lang='grc' dir='ltr'>δὲ</span> <span class='ocrx_word' id='word_1_397' title='bbox 2791 2967 2904 3022; x_wconf 88' lang='grc' dir='ltr'>τῶν</span> <span class='ocrx_word' id='word_1_398' title='bbox 2931 2965 3229 3031; x_wconf 84' lang='grc' dir='ltr'>δικαστῶν,</span> <span class='ocrx_word' id='word_1_399' title='bbox 3258 2983 3313 3017; x_wconf 87' lang='grc' dir='ltr'>κ.</span> <span class='ocrx_word' id='word_1_400' title='bbox 3339 2981 3391 3016; x_wconf 85' lang='grc' dir='ltr'>τ.</span> <span class='ocrx_word' id='word_1_401' title='bbox 3423 2964 3475 3018; x_wconf 93' lang='grc' dir='ltr'>λ.</span> 
     </span>
    </p>
   </div>
   <div class='ocr_carea' id='block_1_69' title="bbox 2341 3051 3850 3130">
    <p class='ocr_par' dir='ltr' id='par_1_69' title="bbox 2341 3051 3850 3130">
     <span class='ocr_line' id='line_1_70' title="bbox 2341 3051 3850 3130; baseline -0.009 -14"><span class='ocrx_word' id='word_1_402' title='bbox 2341 3061 2482 3129; x_wconf 73' lang='grc' dir='ltr'><em>Περὶ</em></span> <span class='ocrx_word' id='word_1_403' title='bbox 2529 3059 2954 3130; x_wconf 78' lang='grc' dir='ltr'>πρεσϐυτέρων</span> <span class='ocrx_word' id='word_1_404' title='bbox 2991 3059 3089 3113; x_wconf 81' lang='grc' dir='ltr'>καὶ</span> <span class='ocrx_word' id='word_1_405' title='bbox 3129 3055 3454 3126; x_wconf 77' lang='grc' dir='ltr'>κληρικῶν,</span> <span class='ocrx_word' id='word_1_406' title='bbox 3503 3056 3610 3107; x_wconf 80' lang='grc' dir='ltr'><strong>ἵνα</strong></span> <span class='ocrx_word' id='word_1_407' title='bbox 3649 3053 3732 3123; x_wconf 77' lang='grc' dir='ltr'>μὴ</span> <span class='ocrx_word' id='word_1_408' title='bbox 3759 3051 3850 3104; x_wconf 67' lang='lat' dir='ltr'><strong>sac-</strong></span> 
     </span>
    </p>
   </div>
   <div class='ocr_carea' id='block_1_70' title="bbox 2269 3144 3850 3222">
    <p class='ocr_par' dir='ltr' id='par_1_70' title="bbox 2269 3144 3850 3222">
     <span class='ocr_line' id='line_1_71' title="bbox 2269 3144 3850 3222; baseline -0.006 -13"><span class='ocrx_word' id='word_1_409' title='bbox 2269 3152 2589 3219; x_wconf 72' lang='grc' dir='ltr'>καλῶνται,</span> <span class='ocrx_word' id='word_1_410' title='bbox 2638 3155 2690 3208; x_wconf 84' lang='grc' dir='ltr'><strong>εὶ</strong></span> <span class='ocrx_word' id='word_1_411' title='bbox 2741 3152 2828 3222; x_wconf 77' lang='grc' dir='ltr'>μὴ</span> <span class='ocrx_word' id='word_1_412' title='bbox 2876 3152 3028 3222; x_wconf 78' lang='grc' dir='ltr'>πρὸς</span> <span class='ocrx_word' id='word_1_413' title='bbox 3079 3151 3189 3218; x_wconf 84' lang='grc' dir='ltr'><strong>τὰς</strong></span> <span class='ocrx_word' id='word_1_414' title='bbox 3223 3149 3335 3220; x_wconf 80' lang='grc' dir='ltr'><strong>τῆς</strong></span> <span class='ocrx_word' id='word_1_415' title='bbox 3380 3144 3666 3219; x_wconf 66' lang='grc' dir='ltr'><strong>Ἀφρικῆς</strong></span> <span class='ocrx_word' id='word_1_416' title='bbox 3709 3160 3850 3200; x_wconf 82' lang='grc' dir='ltr'>συν-</span> 
     </span>
    </p>
   </div>
   <div class='ocr_carea' id='block_1_71' title="bbox 2217 3240 2468 3315">
    <p class='ocr_par' dir='ltr' id='par_1_71' title="bbox 2217 3240 2468 3315">
     <span class='ocr_line' id='line_1_72' title="bbox 2217 3240 2468 3315; baseline 0.004 -15"><span class='ocrx_word' id='word_1_417' title='bbox 2217 3240 2234 3259; x_wconf 80' lang='grc'><strong><em>¹</em></strong></span> <span class='ocrx_word' id='word_1_418' title='bbox 2267 3247 2468 3315; x_wconf 87' lang='grc' dir='ltr'>όδους.</span> 
     </span>
    </p>
   </div>
   <div class='ocr_carea' id='block_1_72' title="bbox 2343 3333 3788 3414">
    <p class='ocr_par' dir='ltr' id='par_1_72' title="bbox 2343 3333 3788 3414">
     <span class='ocr_line' id='line_1_73' title="bbox 2343 3333 3788 3414; baseline -0.008 -17"><span class='ocrx_word' id='word_1_419' title='bbox 2343 3342 2476 3414; x_wconf 84' lang='grc' dir='ltr'>ρκε’.</span> <span class='ocrx_word' id='word_1_420' title='bbox 2495 3342 2729 3413; x_wconf 87' lang='grc' dir='ltr'>Ὁμοίως</span> <span class='ocrx_word' id='word_1_421' title='bbox 2757 3342 2977 3412; x_wconf 72' lang='grc' dir='ltr'>ἤρεσεν,</span> <span class='ocrx_word' id='word_1_422' title='bbox 3010 3338 3100 3391; x_wconf 83' lang='grc' dir='ltr'>ἴνα</span> <span class='ocrx_word' id='word_1_423' title='bbox 3137 3335 3528 3408; x_wconf 77' lang='grc' dir='ltr'>πρεσϐύτεροι,</span> <span class='ocrx_word' id='word_1_424' title='bbox 3569 3351 3625 3389; x_wconf 85' lang='grc' dir='ltr'><strong>κ.</strong></span> <span class='ocrx_word' id='word_1_425' title='bbox 3654 3352 3704 3388; x_wconf 93' lang='lat'><strong><em>1.</em></strong></span> <span class='ocrx_word' id='word_1_426' title='bbox 3739 3333 3788 3386; x_wconf 89' lang='grc' dir='ltr'>λ.</span> 
     </span>
    </p>
   </div>
   <div class='ocr_carea' id='block_1_73' title="bbox 2353 3513 3849 3593">
    <p class='ocr_par' dir='ltr' id='par_1_73' title="bbox 2353 3513 3849 3593">
     <span class='ocr_line' id='line_1_74' title="bbox 2353 3513 3849 3593; baseline -0.007 -17"><span class='ocrx_word' id='word_1_427' title='bbox 2353 3521 2414 3576; x_wconf 91' lang='lat' dir='ltr'><strong>&#39;H</strong></span> <span class='ocrx_word' id='word_1_428' title='bbox 2446 3529 2494 3593; x_wconf 80' lang='grc' dir='ltr'><strong>η’</strong></span> <span class='ocrx_word' id='word_1_429' title='bbox 2520 3519 2764 3585; x_wconf 83' lang='grc' dir='ltr'>διάταξις</span> <span class='ocrx_word' id='word_1_430' title='bbox 2796 3518 2893 3572; x_wconf 81' lang='lat'><strong><em>106</em></strong></span> <span class='ocrx_word' id='word_1_431' title='bbox 2937 3519 2978 3570; x_wconf 88' lang='grc' dir='ltr'>δ’</span> <span class='ocrx_word' id='word_1_432' title='bbox 3009 3518 3116 3573; x_wconf 84' lang='grc' dir='ltr'>τίτ.</span> <span class='ocrx_word' id='word_1_433' title='bbox 3169 3516 3263 3570; x_wconf 80' lang='grc' dir='ltr'>τοῦ</span> <span class='ocrx_word' id='word_1_434' title='bbox 3295 3522 3342 3571; x_wconf 81' lang='grc' dir='ltr'>α’</span> <span class='ocrx_word' id='word_1_435' title='bbox 3374 3515 3518 3584; x_wconf 79' lang='grc' dir='ltr'>βιδλ.</span> <span class='ocrx_word' id='word_1_436' title='bbox 3567 3514 3752 3585; x_wconf 67' lang='grc' dir='ltr'>φησιν,</span> <span class='ocrx_word' id='word_1_437' title='bbox 3775 3513 3849 3566; x_wconf 77' lang='grc' dir='ltr'>ὅτι</span> 
     </span>
    </p>
   </div>
   <div class='ocr_carea' id='block_1_74' title="bbox 2270 3605 3854 3681">
    <p class='ocr_par' dir='ltr' id='par_1_74' title="bbox 2270 3605 3854 3681">
     <span class='ocr_line' id='line_1_75' title="bbox 2270 3605 3854 3681; baseline -0.007 -13"><span class='ocrx_word' id='word_1_438' title='bbox 2270 3617 2336 3668; x_wconf 83' lang='lat' dir='ltr'><strong>Ai</strong></span> <span class='ocrx_word' id='word_1_439' title='bbox 2357 3614 2467 3670; x_wconf 84' lang='grc' dir='ltr'>τῶν</span> <span class='ocrx_word' id='word_1_440' title='bbox 2497 3613 2815 3666; x_wconf 85' lang='grc' dir='ltr'>ἐπισκόπων</span> <span class='ocrx_word' id='word_1_441' title='bbox 2850 3611 3044 3681; x_wconf 70' lang='grc' dir='ltr'>ψῆφοι,</span> <span class='ocrx_word' id='word_1_442' title='bbox 3089 3609 3213 3673; x_wconf 83' lang='grc' dir='ltr'>ταῖς</span> <span class='ocrx_word' id='word_1_443' title='bbox 3242 3607 3352 3662; x_wconf 86' lang='grc' dir='ltr'><strong>τῶν</strong></span> <span class='ocrx_word' id='word_1_444' title='bbox 3397 3607 3659 3678; x_wconf 85' lang='grc' dir='ltr'>ἐπάρχων</span> <span class='ocrx_word' id='word_1_445' title='bbox 3684 3605 3854 3658; x_wconf 77' lang='grc' dir='ltr'><strong>ἐοίκα⁴</strong></span> 
     </span>
    </p>
   </div>
   <div class='ocr_carea' id='block_1_75' title="bbox 2275 3696 3853 3775">
    <p class='ocr_par' dir='ltr' id='par_1_75' title="bbox 2275 3696 3853 3775">
     <span class='ocr_line' id='line_1_76' title="bbox 2275 3696 3853 3775; baseline -0.008 -14"><span class='ocrx_word' id='word_1_446' title='bbox 2275 3726 2378 3773; x_wconf 90' lang='grc' dir='ltr'>σιν,</span> <span class='ocrx_word' id='word_1_447' title='bbox 2419 3707 2514 3775; x_wconf 82' lang='grc' dir='ltr'><strong>ἀφ’</strong></span> <span class='ocrx_word' id='word_1_448' title='bbox 2562 3698 2640 3760; x_wconf 80' lang='grc' dir='ltr'>ὧν</span> <span class='ocrx_word' id='word_1_449' title='bbox 2701 3703 3054 3758; x_wconf 77' lang='grc' dir='ltr'>ἐκκαλεῖσθαι</span> <span class='ocrx_word' id='word_1_450' title='bbox 3115 3701 3218 3756; x_wconf 84' lang='grc' dir='ltr'><strong>οὐκ</strong></span> <span class='ocrx_word' id='word_1_451' title='bbox 3273 3700 3453 3766; x_wconf 76' lang='grc' dir='ltr'>ἔξεστι</span> <span class='ocrx_word' id='word_1_452' title='bbox 3491 3716 3506 3731; x_wconf 77' lang='grc'><strong><em>⁸</em></strong></span> <span class='ocrx_word' id='word_1_453' title='bbox 3568 3700 3664 3754; x_wconf 73' lang='grc' dir='ltr'><strong>καὶ</strong></span> <span class='ocrx_word' id='word_1_454' title='bbox 3715 3696 3853 3769; x_wconf 81' lang='grc' dir='ltr'>ἡκθ¹</span> 
     </span>
    </p>
   </div>
   <div class='ocr_carea' id='block_1_76' title="bbox 2270 3790 3852 3862">
    <p class='ocr_par' dir='ltr' id='par_1_76' title="bbox 2270 3790 3852 3862">
     <span class='ocr_line' id='line_1_77' title="bbox 2270 3790 3852 3862; baseline -0.008 -8"><span class='ocrx_word' id='word_1_455' title='bbox 2270 3800 2412 3854; x_wconf 87' lang='grc' dir='ltr'>διάτ.</span> <span class='ocrx_word' id='word_1_456' title='bbox 2443 3797 2538 3852; x_wconf 80' lang='grc' dir='ltr'>τοῦ</span> <span class='ocrx_word' id='word_1_457' title='bbox 2565 3797 2734 3850; x_wconf 81' lang='grc' dir='ltr'>αὑτοῦ</span> <span class='ocrx_word' id='word_1_458' title='bbox 2760 3796 2865 3849; x_wconf 90' lang='grc' dir='ltr'>τίτ.</span> <span class='ocrx_word' id='word_1_459' title='bbox 2894 3835 2910 3861; x_wconf 95' lang='grc'><strong>,</strong></span> <span class='ocrx_word' id='word_1_460' title='bbox 2939 3795 3020 3848; x_wconf 82' lang='grc' dir='ltr'>ὃτι</span> <span class='ocrx_word' id='word_1_461' title='bbox 3067 3794 3192 3847; x_wconf 82' lang='grc' dir='ltr'>Εἴτε</span> <span class='ocrx_word' id='word_1_462' title='bbox 3239 3792 3400 3862; x_wconf 79' lang='grc' dir='ltr'>μόνος</span> <span class='ocrx_word' id='word_1_463' title='bbox 3437 3790 3852 3862; x_wconf 75' lang='grc' dir='ltr'>μητροπολίτης,</span> 
     </span>
    </p>
   </div>
   <div class='ocr_carea' id='block_1_77' title="bbox 2274 3881 3850 3962">
    <p class='ocr_par' dir='ltr' id='par_1_77' title="bbox 2274 3881 3850 3962">
     <span class='ocr_line' id='line_1_78' title="bbox 2274 3881 3850 3962; baseline -0.009 -16"><span class='ocrx_word' id='word_1_464' title='bbox 2274 3893 2386 3946; x_wconf 79' lang='grc' dir='ltr'>εἴτε</span> <span class='ocrx_word' id='word_1_465' title='bbox 2437 3890 2576 3962; x_wconf 83' lang='grc' dir='ltr'>μετὰ</span> <span class='ocrx_word' id='word_1_466' title='bbox 2605 3893 2705 3962; x_wconf 82' lang='grc' dir='ltr'>τῆς</span> <span class='ocrx_word' id='word_1_467' title='bbox 2751 3888 2971 3942; x_wconf 78' lang='grc' dir='ltr'><strong>συνόδου</strong></span> <span class='ocrx_word' id='word_1_468' title='bbox 3005 3886 3192 3951; x_wconf 79' lang='grc' dir='ltr'>αὐτοῦ,</span> <span class='ocrx_word' id='word_1_469' title='bbox 3239 3886 3454 3939; x_wconf 78' lang='grc' dir='ltr'>δικάσει</span> <span class='ocrx_word' id='word_1_470' title='bbox 3503 3881 3850 3952; x_wconf 83' lang='grc' dir='ltr'>ἐπισκόπῳῆ</span> 
     </span>
    </p>
   </div>
   <div class='ocr_carea' id='block_1_78' title="bbox 2273 3967 3852 4056">
    <p class='ocr_par' dir='ltr' id='par_1_78' title="bbox 2273 3967 3852 4056">
     <span class='ocr_line' id='line_1_79' title="bbox 2273 3967 3852 4056; baseline -0.008 -18"><span class='ocrx_word' id='word_1_471' title='bbox 2273 3983 2522 4056; x_wconf 75' lang='grc' dir='ltr'>κληρικῴ</span> <span class='ocrx_word' id='word_1_472' title='bbox 2557 4000 2570 4013; x_wconf 82' lang='lat'><strong><em>°</em></strong></span> <span class='ocrx_word' id='word_1_473' title='bbox 2605 3983 2699 4037; x_wconf 68' lang='lat' dir='ltr'><strong>nati.</strong></span> <span class='ocrx_word' id='word_1_474' title='bbox 2719 3983 2766 4035; x_wconf 89' lang='grc' dir='ltr'>εἰ</span> <span class='ocrx_word' id='word_1_475' title='bbox 2794 3981 2869 4053; x_wconf 85' lang='grc' dir='ltr'><strong>μὴ</strong></span> <span class='ocrx_word' id='word_1_476' title='bbox 2915 3967 3154 4052; x_wconf 77' lang='grc' dir='ltr'>στερχθῇ</span> <span class='ocrx_word' id='word_1_477' title='bbox 3182 3979 3252 4034; x_wconf 81' lang='grc' dir='ltr'>τὰ</span> <span class='ocrx_word' id='word_1_478' title='bbox 3297 3978 3684 4048; x_wconf 86' lang='grc' dir='ltr'>τετυπωμένα,</span> <span class='ocrx_word' id='word_1_479' title='bbox 3711 3978 3737 4029; x_wconf 83' lang='grc' dir='ltr'>ὁ</span> <span class='ocrx_word' id='word_1_480' title='bbox 3765 3974 3852 4042; x_wconf 83' lang='grc' dir='ltr'>τῆς</span> 
     </span>
    </p>
   </div>
   <div class='ocr_carea' id='block_1_79' title="bbox 2272 4065 3851 4147">
    <p class='ocr_par' dir='ltr' id='par_1_79' title="bbox 2272 4065 3851 4147">
     <span class='ocr_line' id='line_1_80' title="bbox 2272 4065 3851 4147; baseline -0.007 -18"><span class='ocrx_word' id='word_1_481' title='bbox 2272 4076 2596 4147; x_wconf 79' lang='grc' dir='ltr'>διοικήσεως</span> <span class='ocrx_word' id='word_1_482' title='bbox 2639 4075 2987 4145; x_wconf 83' lang='grc' dir='ltr'>πατριάρχης</span> <span class='ocrx_word' id='word_1_483' title='bbox 3033 4075 3248 4137; x_wconf 89' lang='grc' dir='ltr'>σκοπεῖ,</span> <span class='ocrx_word' id='word_1_484' title='bbox 3299 4071 3395 4126; x_wconf 74' lang='grc' dir='ltr'>καὶ</span> <span class='ocrx_word' id='word_1_485' title='bbox 3431 4073 3543 4134; x_wconf 86' lang='grc' dir='ltr'>τοῖς</span> <span class='ocrx_word' id='word_1_486' title='bbox 3595 4070 3655 4135; x_wconf 84' lang='grc' dir='ltr'>ἐξ</span> <span class='ocrx_word' id='word_1_487' title='bbox 3701 4065 3851 4124; x_wconf 79' lang='grc' dir='ltr'><strong>αὖτοῦ</strong></span> 
     </span>
    </p>
   </div>
   <div class='ocr_carea' id='block_1_80' title="bbox 2275 4160 3853 4238">
    <p class='ocr_par' dir='ltr' id='par_1_80' title="bbox 2275 4160 3853 4238">
     <span class='ocr_line' id='line_1_81' title="bbox 2275 4160 3853 4238; baseline -0.004 -18"><span class='ocrx_word' id='word_1_488' title='bbox 2275 4166 2622 4238; x_wconf 79' lang='grc' dir='ltr'>κρινομένοις</span> <span class='ocrx_word' id='word_1_489' title='bbox 2677 4165 3030 4236; x_wconf 84' lang='grc' dir='ltr'>ἐμμένουσιν,</span> <span class='ocrx_word' id='word_1_490' title='bbox 3065 4164 3141 4227; x_wconf 89' lang='grc' dir='ltr'><strong>ὡς</strong></span> <span class='ocrx_word' id='word_1_491' title='bbox 3173 4163 3241 4218; x_wconf 78' lang='grc' dir='ltr'>ἂν</span> <span class='ocrx_word' id='word_1_492' title='bbox 3283 4164 3332 4216; x_wconf 81' lang='grc' dir='ltr'><strong>εί</strong></span> <span class='ocrx_word' id='word_1_493' title='bbox 3362 4162 3522 4226; x_wconf 76' lang='grc' dir='ltr'>αὐτὸς</span> <span class='ocrx_word' id='word_1_494' title='bbox 3581 4162 3642 4226; x_wconf 81' lang='grc' dir='ltr'>ἐξ</span> <span class='ocrx_word' id='word_1_495' title='bbox 3692 4160 3853 4230; x_wconf 77' lang='grc' dir='ltr'>ἀρχῆς</span> 
     </span>
    </p>
   </div>
   <div class='ocr_carea' id='block_1_81' title="bbox 2274 4252 3854 4328">
    <p class='ocr_par' dir='ltr' id='par_1_81' title="bbox 2274 4252 3854 4328">
     <span class='ocr_line' id='line_1_82' title="bbox 2274 4252 3854 4328; baseline -0.003 -16"><span class='ocrx_word' id='word_1_496' title='bbox 2274 4260 2526 4313; x_wconf 78' lang='grc' dir='ltr'>ἐδίκασεν</span> <span class='ocrx_word' id='word_1_497' title='bbox 2559 4274 2573 4288; x_wconf 83' lang='grc'><em>’</em></span> <span class='ocrx_word' id='word_1_498' title='bbox 2625 4259 2687 4312; x_wconf 86' lang='grc' dir='ltr'>οὑ</span> <span class='ocrx_word' id='word_1_499' title='bbox 2729 4259 2839 4328; x_wconf 84' lang='grc' dir='ltr'><strong>γὰρ</strong></span> <span class='ocrx_word' id='word_1_500' title='bbox 2870 4256 3230 4310; x_wconf 75' lang='grc' dir='ltr'>ἐκκαλοῦνται</span> <span class='ocrx_word' id='word_1_501' title='bbox 3275 4256 3331 4308; x_wconf 79' lang='grc' dir='ltr'><strong>αἱ</strong></span> <span class='ocrx_word' id='word_1_502' title='bbox 3374 4255 3482 4308; x_wconf 84' lang='grc' dir='ltr'><strong>τῶν</strong></span> <span class='ocrx_word' id='word_1_503' title='bbox 3513 4252 3854 4324; x_wconf 80' lang='grc' dir='ltr'>πατριαρχῶν</span> 
     </span>
    </p>
   </div>
   <div class='ocr_carea' id='block_1_82' title="bbox 575 4340 2169 4422">
    <p class='ocr_par' dir='ltr' id='par_1_82' title="bbox 575 4340 2169 4414">
     <span class='ocr_line' id='line_1_83' title="bbox 575 4340 2169 4414; baseline -0.001 -15"><span class='ocrx_word' id='word_1_504' title='bbox 575 4343 741 4399; x_wconf 88' lang='lat' dir='ltr'><strong>etiam</strong></span> <span class='ocrx_word' id='word_1_505' title='bbox 797 4351 977 4399; x_wconf 89' lang='lat' dir='ltr'><strong>const.</strong></span> <span class='ocrx_word' id='word_1_506' title='bbox 1016 4343 1096 4410; x_wconf 89' lang='grc'>2,</span> <span class='ocrx_word' id='word_1_507' title='bbox 1156 4343 1241 4398; x_wconf 89' lang='lat' dir='ltr'><strong>tit.</strong></span> <span class='ocrx_word' id='word_1_508' title='bbox 1300 4344 1328 4397; x_wconf 87' lang='grc'><strong>1</strong></span> <span class='ocrx_word' id='word_1_509' title='bbox 1388 4340 1737 4398; x_wconf 86' lang='lat' dir='ltr'><strong>Novellarum</strong></span> <span class='ocrx_word' id='word_1_510' title='bbox 1797 4340 2010 4414; x_wconf 84' lang='lat' dir='ltr'><strong>[tradit]</strong></span> <span class='ocrx_word' id='word_1_511' title='bbox 2050 4358 2169 4412; x_wconf 70' lang='lat' dir='ltr'><strong>quae</strong></span> 
     </span>
    </p>
   </div>
   <div class='ocr_carea' id='block_1_83' title="bbox 2271 4340 3854 4422">
    <p class='ocr_par' dir='ltr' id='par_1_83' title="bbox 2272 4344 3854 4422">
     <span class='ocr_line' id='line_1_84' title="bbox 2272 4344 3854 4422; baseline -0.007 -16"><span class='ocrx_word' id='word_1_512' title='bbox 2272 4351 2477 4422; x_wconf 79' lang='grc' dir='ltr'><strong>ψῆφοι·</strong></span> <span class='ocrx_word' id='word_1_513' title='bbox 2509 4352 2569 4404; x_wconf 82' lang='grc' dir='ltr'><strong>τὸ</strong></span> <span class='ocrx_word' id='word_1_514' title='bbox 2592 4350 2722 4404; x_wconf 79' lang='grc' dir='ltr'>αὐτὸ</span> <span class='ocrx_word' id='word_1_515' title='bbox 2752 4352 2843 4404; x_wconf 72' lang='grc' dir='ltr'><strong>καὶ</strong></span> <span class='ocrx_word' id='word_1_516' title='bbox 2869 4352 2901 4421; x_wconf 81' lang='grc' dir='ltr'>ἡ</span> <span class='ocrx_word' id='word_1_517' title='bbox 2931 4348 2972 4420; x_wconf 84' lang='grc' dir='ltr'><strong>β’</strong></span> <span class='ocrx_word' id='word_1_518' title='bbox 3004 4350 3144 4404; x_wconf 87' lang='grc' dir='ltr'>διάτ.</span> <span class='ocrx_word' id='word_1_519' title='bbox 3174 4348 3268 4402; x_wconf 80' lang='grc' dir='ltr'><strong>τοῦ</strong></span> <span class='ocrx_word' id='word_1_520' title='bbox 3298 4356 3346 4402; x_wconf 88' lang='grc' dir='ltr'>α’</span> <span class='ocrx_word' id='word_1_521' title='bbox 3379 4349 3486 4402; x_wconf 87' lang='grc' dir='ltr'>τίτ.</span> <span class='ocrx_word' id='word_1_522' title='bbox 3507 4349 3620 4402; x_wconf 82' lang='grc' dir='ltr'><strong>τῶν</strong></span> <span class='ocrx_word' id='word_1_523' title='bbox 3644 4344 3854 4414; x_wconf 72' lang='grc' dir='ltr'>Νεαρῶν</span> 
     </span>
    </p>
   </div>
   <div class='ocr_carea' id='block_1_84' title="bbox 575 4436 2173 4510">
    <p class='ocr_par' dir='ltr' id='par_1_84' title="bbox 575 4436 2173 4510">
     <span class='ocr_line' id='line_1_85' title="bbox 575 4436 2173 4510; baseline -0.001 -18"><span class='ocrx_word' id='word_1_524' title='bbox 575 4437 744 4492; x_wconf 89' lang='lat' dir='ltr'><strong>dicit:</strong></span> <span class='ocrx_word' id='word_1_525' title='bbox 778 4436 935 4502; x_wconf 83' lang='lat' dir='ltr'><strong>Quod</strong></span> <span class='ocrx_word' id='word_1_526' title='bbox 964 4437 1009 4491; x_wconf 90' lang='lat' dir='ltr'><strong>si</strong></span> <span class='ocrx_word' id='word_1_527' title='bbox 1041 4436 1166 4508; x_wconf 90' lang='lat' dir='ltr'><strong>quis</strong></span> <span class='ocrx_word' id='word_1_528' title='bbox 1204 4450 1398 4491; x_wconf 91' lang='lat' dir='ltr'><strong>eorum</strong></span> <span class='ocrx_word' id='word_1_529' title='bbox 1433 4436 1528 4506; x_wconf 89' lang='lat' dir='ltr'><strong>qui</strong></span> <span class='ocrx_word' id='word_1_530' title='bbox 1569 4437 1712 4510; x_wconf 86' lang='lat' dir='ltr'><strong>apud</strong></span> <span class='ocrx_word' id='word_1_531' title='bbox 1741 4436 2029 4507; x_wconf 86' lang='lat' dir='ltr'><strong>episcopos</strong></span> <span class='ocrx_word' id='word_1_532' title='bbox 2062 4437 2173 4491; x_wconf 88' lang='lat' dir='ltr'><strong>liti-</strong></span> 
     </span>
    </p>
   </div>
   <div class='ocr_carea' id='block_1_85' title="bbox 2275 4435 3854 4516">
    <p class='ocr_par' dir='ltr' id='par_1_85' title="bbox 2275 4435 3854 4516">
     <span class='ocr_line' id='line_1_86' title="bbox 2275 4435 3854 4516; baseline -0.008 -17"><span class='ocrx_word' id='word_1_533' title='bbox 2275 4446 2401 4516; x_wconf 76' lang='grc' dir='ltr'>ἥτις</span> <span class='ocrx_word' id='word_1_534' title='bbox 2463 4444 2650 4516; x_wconf 69' lang='grc' dir='ltr'>φησιν,</span> <span class='ocrx_word' id='word_1_535' title='bbox 2687 4444 2762 4507; x_wconf 85' lang='grc' dir='ltr'>ὡς</span> <span class='ocrx_word' id='word_1_536' title='bbox 2808 4444 2862 4497; x_wconf 87' lang='grc' dir='ltr'><strong>εῐ</strong></span> <span class='ocrx_word' id='word_1_537' title='bbox 2897 4461 2980 4507; x_wconf 79' lang='grc' dir='ltr'><strong>τις</strong></span> <span class='ocrx_word' id='word_1_538' title='bbox 3008 4443 3116 4497; x_wconf 85' lang='grc' dir='ltr'>τῶν</span> <span class='ocrx_word' id='word_1_539' title='bbox 3152 4444 3305 4514; x_wconf 75' lang='grc' dir='ltr'>παρὰ</span> <span class='ocrx_word' id='word_1_540' title='bbox 3337 4442 3625 4511; x_wconf 84' lang='grc' dir='ltr'>ἐπισκόπῳ</span> <span class='ocrx_word' id='word_1_541' title='bbox 3654 4435 3854 4500; x_wconf 81' lang='grc' dir='ltr'>δικαζο-</span> 
     </span>
    </p>
   </div>
   <div class='ocr_carea' id='block_1_86' title="bbox 574 4527 2169 4609">
    <p class='ocr_par' dir='ltr' id='par_1_86' title="bbox 574 4527 2164 4601">
     <span class='ocr_line' id='line_1_87' title="bbox 574 4527 2164 4601; baseline 0.001 -17"><span class='ocrx_word' id='word_1_542' title='bbox 574 4540 728 4601; x_wconf 82' lang='lat' dir='ltr'><strong>gant,</strong></span> <span class='ocrx_word' id='word_1_543' title='bbox 757 4530 901 4583; x_wconf 85' lang='lat' dir='ltr'><strong>intra</strong></span> <span class='ocrx_word' id='word_1_544' title='bbox 957 4529 1148 4584; x_wconf 88' lang='lat' dir='ltr'><strong>decem</strong></span> <span class='ocrx_word' id='word_1_545' title='bbox 1183 4529 1302 4585; x_wconf 86' lang='lat' dir='ltr'><strong>dies</strong></span> <span class='ocrx_word' id='word_1_546' title='bbox 1330 4527 1632 4601; x_wconf 85' lang='lat' dir='ltr'><strong>[judicatis]</strong></span> <span class='ocrx_word' id='word_1_547' title='bbox 1675 4529 2038 4597; x_wconf 86' lang='lat' dir='ltr'><strong>contradicat,</strong></span> <span class='ocrx_word' id='word_1_548' title='bbox 2077 4531 2164 4585; x_wconf 91' lang='lat' dir='ltr'><strong>lo-</strong></span> 
     </span>
    </p>
   </div>
   <div class='ocr_carea' id='block_1_87' title="bbox 2271 4527 3852 4609">
    <p class='ocr_par' dir='ltr' id='par_1_87' title="bbox 2277 4531 3852 4609">
     <span class='ocr_line' id='line_1_88' title="bbox 2277 4531 3852 4609; baseline -0.008 -17"><span class='ocrx_word' id='word_1_549' title='bbox 2277 4538 2477 4609; x_wconf 88' lang='grc' dir='ltr'>μένων,</span> <span class='ocrx_word' id='word_1_550' title='bbox 2534 4538 2664 4591; x_wconf 80' lang='grc' dir='ltr'>εἴσω</span> <span class='ocrx_word' id='word_1_551' title='bbox 2719 4536 2852 4590; x_wconf 84' lang='grc' dir='ltr'>δέκα</span> <span class='ocrx_word' id='word_1_552' title='bbox 2903 4537 3128 4607; x_wconf 79' lang='grc' dir='ltr'>ἡμερῶν</span> <span class='ocrx_word' id='word_1_553' title='bbox 3167 4536 3436 4598; x_wconf 85' lang='grc' dir='ltr'>ἀντείποι,</span> <span class='ocrx_word' id='word_1_554' title='bbox 3479 4537 3507 4588; x_wconf 88' lang='grc' dir='ltr'>ὁ</span> <span class='ocrx_word' id='word_1_555' title='bbox 3548 4534 3660 4588; x_wconf 84' lang='grc' dir='ltr'><strong>τῶν</strong></span> <span class='ocrx_word' id='word_1_556' title='bbox 3689 4531 3852 4585; x_wconf 79' lang='grc' dir='ltr'>τόπων</span> 
     </span>
    </p>
   </div>
   <div class='ocr_carea' id='block_1_88' title="bbox 575 4621 2169 4703">
    <p class='ocr_par' dir='ltr' id='par_1_88' title="bbox 575 4621 2169 4703">
     <span class='ocr_line' id='line_1_89' title="bbox 575 4621 2169 4703; baseline 0 -25"><span class='ocrx_word' id='word_1_557' title='bbox 575 4638 769 4678; x_wconf 90' lang='lat' dir='ltr'><strong>corum</strong></span> <span class='ocrx_word' id='word_1_558' title='bbox 832 4623 1193 4703; x_wconf 68' lang='lat' dir='ltr'><strong>magistratus</strong></span> <span class='ocrx_word' id='word_1_559' title='bbox 1245 4623 1527 4694; x_wconf 79' lang='lat' dir='ltr'><strong>negOtium</strong></span> <span class='ocrx_word' id='word_1_560' title='bbox 1576 4623 1943 4678; x_wconf 87' lang='lat' dir='ltr'><strong>examinato:</strong></span> <span class='ocrx_word' id='word_1_561' title='bbox 1993 4633 2048 4679; x_wconf 89' lang='lat' dir='ltr'><strong>et</strong></span> <span class='ocrx_word' id='word_1_562' title='bbox 2102 4621 2169 4695; x_wconf 91' lang='lat' dir='ltr'><strong>[si</strong></span> 
     </span>
    </p>
   </div>
   <div class='ocr_carea' id='block_1_89' title="bbox 2271 4621 3852 4703">
    <p class='ocr_par' dir='ltr' id='par_1_89' title="bbox 2275 4621 3852 4700">
     <span class='ocr_line' id='line_1_90' title="bbox 2275 4621 3852 4700; baseline -0.006 -17"><span class='ocrx_word' id='word_1_563' title='bbox 2275 4630 2460 4700; x_wconf 82' lang='grc' dir='ltr'>ἄρχων</span> <span class='ocrx_word' id='word_1_564' title='bbox 2508 4627 2810 4694; x_wconf 75' lang='grc' dir='ltr'>ἐξεταζέτω</span> <span class='ocrx_word' id='word_1_565' title='bbox 2843 4629 2904 4682; x_wconf 85' lang='grc' dir='ltr'><strong>τὸ</strong></span> <span class='ocrx_word' id='word_1_566' title='bbox 2939 4631 3207 4699; x_wconf 76' lang='grc' dir='ltr'>πρᾶγμα,</span> <span class='ocrx_word' id='word_1_567' title='bbox 3236 4629 3328 4680; x_wconf 70' lang='grc' dir='ltr'>καὶ</span> <span class='ocrx_word' id='word_1_568' title='bbox 3359 4628 3392 4698; x_wconf 84' lang='grc' dir='ltr'>ἢ</span> <span class='ocrx_word' id='word_1_569' title='bbox 3433 4625 3736 4697; x_wconf 79' lang='grc' dir='ltr'>βεϐαιούτω</span> <span class='ocrx_word' id='word_1_570' title='bbox 3763 4621 3852 4691; x_wconf 77' lang='grc' dir='ltr'><strong>τὴν</strong></span> 
     </span>
    </p>
   </div>
   <div class='ocr_carea' id='block_1_90' title="bbox 511 4715 2169 4818">
    <p class='ocr_par' dir='ltr' id='par_1_90' title="bbox 511 4715 2169 4818">
     <span class='ocr_line' id='line_1_91' title="bbox 511 4715 2169 4818; baseline 0 -47"><span class='ocrx_word' id='word_1_571' title='bbox 511 4740 528 4818; x_wconf 46' lang='lat'><strong>1&#39;</strong></span> <span class='ocrx_word' id='word_1_572' title='bbox 577 4725 725 4771; x_wconf 89' lang='lat' dir='ltr'><strong>recte</strong></span> <span class='ocrx_word' id='word_1_573' title='bbox 750 4716 1058 4786; x_wconf 86' lang='lat' dir='ltr'><strong>judicatum</strong></span> <span class='ocrx_word' id='word_1_574' title='bbox 1085 4732 1208 4773; x_wconf 90' lang='lat' dir='ltr'><strong>esse</strong></span> <span class='ocrx_word' id='word_1_575' title='bbox 1238 4715 1443 4788; x_wconf 84' lang='lat' dir='ltr'><strong>videat]</strong></span> <span class='ocrx_word' id='word_1_576' title='bbox 1472 4718 1801 4772; x_wconf 86' lang='lat' dir='ltr'><strong>sententiam</strong></span> <span class='ocrx_word' id='word_1_577' title='bbox 1843 4717 2169 4772; x_wconf 74' lang='lat' dir='ltr'><strong>confirmato</strong></span> 
     </span>
    </p>
   </div>
   <div class='ocr_carea' id='block_1_91' title="bbox 2271 4715 3851 4818">
    <p class='ocr_par' dir='ltr' id='par_1_91' title="bbox 2271 4716 3851 4814">
     <span class='ocr_line' id='line_1_92' title="bbox 2271 4716 3851 4814; baseline -0.008 -36"><span class='ocrx_word' id='word_1_578' title='bbox 2271 4721 2448 4792; x_wconf 72' lang='grc' dir='ltr'>ψῆφον</span> <span class='ocrx_word' id='word_1_579' title='bbox 2497 4721 2594 4775; x_wconf 81' lang='grc' dir='ltr'><strong>καὶ</strong></span> <span class='ocrx_word' id='word_1_580' title='bbox 2631 4719 2992 4787; x_wconf 77' lang='grc' dir='ltr'>ἐκϐιϐαζέτω,</span> <span class='ocrx_word' id='word_1_581' title='bbox 3037 4721 3111 4792; x_wconf 76' lang='grc' dir='ltr'>μὴ</span> <span class='ocrx_word' id='word_1_582' title='bbox 3151 4721 3451 4789; x_wconf 81' lang='grc' dir='ltr'>δυναμένου</span> <span class='ocrx_word' id='word_1_583' title='bbox 3483 4718 3579 4772; x_wconf 82' lang='grc' dir='ltr'>τοῦ</span> <span class='ocrx_word' id='word_1_584' title='bbox 3614 4716 3851 4814; x_wconf 58' lang='grc' dir='ltr'>δεύτερον</span> 
     </span>
    </p>
   </div>
   <div class='ocr_carea' id='block_1_92' title="bbox 571 4801 2169 4882">
    <p class='ocr_par' dir='ltr' id='par_1_92' title="bbox 571 4805 2163 4878">
     <span class='ocr_line' id='line_1_93' title="bbox 571 4805 2163 4878; baseline -0.001 -16"><span class='ocrx_word' id='word_1_585' title='bbox 571 4816 630 4862; x_wconf 87' lang='lat' dir='ltr'><strong>et</strong></span> <span class='ocrx_word' id='word_1_586' title='bbox 652 4808 1002 4877; x_wconf 82' lang='lat' dir='ltr'><strong>exscquitor:</strong></span> <span class='ocrx_word' id='word_1_587' title='bbox 1029 4823 1207 4878; x_wconf 90' lang='lat' dir='ltr'><strong>neque</strong></span> <span class='ocrx_word' id='word_1_588' title='bbox 1223 4807 1319 4878; x_wconf 88' lang='lat' dir='ltr'><strong>qui</strong></span> <span class='ocrx_word' id='word_1_589' title='bbox 1348 4808 1546 4862; x_wconf 89' lang='lat' dir='ltr'><strong>iterum</strong></span> <span class='ocrx_word' id='word_1_590' title='bbox 1575 4807 1630 4860; x_wconf 91' lang='lat' dir='ltr'><strong>in</strong></span> <span class='ocrx_word' id='word_1_591' title='bbox 1659 4808 1762 4862; x_wconf 86' lang='lat' dir='ltr'><strong>hoc</strong></span> <span class='ocrx_word' id='word_1_592' title='bbox 1781 4807 1961 4862; x_wconf 89' lang='lat' dir='ltr'><strong>victus</strong></span> <span class='ocrx_word' id='word_1_593' title='bbox 1981 4805 2163 4872; x_wconf 85' lang='lat' dir='ltr'><strong>fuerit,</strong></span> 
     </span>
    </p>
   </div>
   <div class='ocr_carea' id='block_1_93' title="bbox 2271 4801 3850 4882">
    <p class='ocr_par' dir='ltr' id='par_1_93' title="bbox 2271 4801 3850 4882">
     <span class='ocr_line' id='line_1_94' title="bbox 2271 4801 3850 4882; baseline -0.004 -19"><span class='ocrx_word' id='word_1_594' title='bbox 2271 4811 2361 4864; x_wconf 72' lang='grc' dir='ltr'><strong>ἐπὶ</strong></span> <span class='ocrx_word' id='word_1_595' title='bbox 2389 4811 2565 4880; x_wconf 86' lang='grc' dir='ltr'>τούτῳ</span> <span class='ocrx_word' id='word_1_596' title='bbox 2597 4811 2922 4882; x_wconf 78' lang='grc' dir='ltr'>ἡττηθέντος</span> <span class='ocrx_word' id='word_1_597' title='bbox 2963 4810 3316 4864; x_wconf 85' lang='grc' dir='ltr'>ἐκκαλεῖσθαι</span> <span class='ocrx_word' id='word_1_598' title='bbox 3349 4827 3364 4842; x_wconf 77' lang='grc' dir='ltr'><strong>ο</strong></span> <span class='ocrx_word' id='word_1_599' title='bbox 3403 4811 3665 4871; x_wconf 79' lang='grc' dir='ltr'>ἐναντίως</span> <span class='ocrx_word' id='word_1_600' title='bbox 3691 4807 3744 4858; x_wconf 87' lang='grc' dir='ltr'><strong>δὲ</strong></span> <span class='ocrx_word' id='word_1_601' title='bbox 3781 4801 3850 4872; x_wconf 80' lang='grc' dir='ltr'>τῷ</span> 
     </span>
    </p>
   </div>
   <div class='ocr_carea' id='block_1_94' title="bbox 579 4896 2169 4975">
    <p class='ocr_par' dir='ltr' id='par_1_94' title="bbox 579 4896 2165 4970">
     <span class='ocr_line' id='line_1_95' title="bbox 579 4896 2165 4970; baseline 0.001 -19"><span class='ocrx_word' id='word_1_602' title='bbox 579 4896 865 4970; x_wconf 77' lang='lat' dir='ltr'><strong>[amplius]</strong></span> <span class='ocrx_word' id='word_1_603' title='bbox 901 4898 1240 4968; x_wconf 87' lang='lat' dir='ltr'><strong>provocandi</strong></span> <span class='ocrx_word' id='word_1_604' title='bbox 1270 4907 1596 4968; x_wconf 80' lang='lat' dir='ltr'><strong>potestatem</strong></span> <span class='ocrx_word' id='word_1_605' title='bbox 1648 4899 1868 4953; x_wconf 84' lang='lat' dir='ltr'><strong>habeto.</strong></span> <span class='ocrx_word' id='word_1_606' title='bbox 1926 4896 1984 4952; x_wconf 90' lang='lat' dir='ltr'><strong>Si</strong></span> <span class='ocrx_word' id='word_1_607' title='bbox 2036 4912 2165 4953; x_wconf 83' lang='lat' dir='ltr'><strong>vero</strong></span> 
     </span>
    </p>
   </div>
   <div class='ocr_carea' id='block_1_95' title="bbox 2271 4896 3850 4975">
    <p class='ocr_par' dir='ltr' id='par_1_95' title="bbox 2271 4901 3850 4975">
     <span class='ocr_line' id='line_1_96' title="bbox 2271 4901 3850 4975; baseline -0.005 -19"><span class='ocrx_word' id='word_1_608' title='bbox 2271 4905 2557 4958; x_wconf 84' lang='grc' dir='ltr'>ἐπισκόπω</span> <span class='ocrx_word' id='word_1_609' title='bbox 2577 4903 2671 4957; x_wconf 89' lang='lat'><strong>106</strong></span> <span class='ocrx_word' id='word_1_610' title='bbox 2695 4905 2957 4975; x_wconf 81' lang='grc' dir='ltr'>ἄρχοντος</span> <span class='ocrx_word' id='word_1_611' title='bbox 2985 4903 3386 4974; x_wconf 76' lang='grc' dir='ltr'>ψηφιζομένου,</span> <span class='ocrx_word' id='word_1_612' title='bbox 3414 4905 3446 4973; x_wconf 80' lang='grc' dir='ltr'>ὴ</span> <span class='ocrx_word' id='word_1_613' title='bbox 3479 4901 3574 4955; x_wconf 80' lang='grc' dir='ltr'><strong>τοῦ</strong></span> <span class='ocrx_word' id='word_1_614' title='bbox 3605 4901 3850 4971; x_wconf 82' lang='grc' dir='ltr'>ἄρχοντος</span> 
     </span>
    </p>
   </div>
   <div class='ocr_carea' id='block_1_96' title="bbox 576 4990 2169 5066">
    <p class='ocr_par' dir='ltr' id='par_1_96' title="bbox 576 4990 2162 5061">
     <span class='ocr_line' id='line_1_97' title="bbox 576 4990 2162 5061; baseline 0 -17"><span class='ocrx_word' id='word_1_615' title='bbox 576 4990 933 5061; x_wconf 81' lang='lat' dir='ltr'><strong>magistratus</strong></span> <span class='ocrx_word' id='word_1_616' title='bbox 993 4991 1271 5046; x_wconf 87' lang='lat' dir='ltr'><strong>contrario</strong></span> <span class='ocrx_word' id='word_1_617' title='bbox 1314 4991 1480 5046; x_wconf 91' lang='lat' dir='ltr'><strong>modo</strong></span> <span class='ocrx_word' id='word_1_618' title='bbox 1521 5001 1686 5060; x_wconf 85' lang='lat' dir='ltr'><strong>atque</strong></span> <span class='ocrx_word' id='word_1_619' title='bbox 1738 4991 2029 5061; x_wconf 87' lang='lat' dir='ltr'><strong>episcopus</strong></span> <span class='ocrx_word' id='word_1_620' title='bbox 2071 4990 2162 5060; x_wconf 85' lang='lat' dir='ltr'><strong>ju-</strong></span> 
     </span>
    </p>
   </div>
   <div class='ocr_carea' id='block_1_97' title="bbox 2271 4990 3849 5066">
    <p class='ocr_par' dir='ltr' id='par_1_97' title="bbox 2271 4992 3849 5066">
     <span class='ocr_line' id='line_1_98' title="bbox 2271 4992 3849 5066; baseline -0.004 -18"><span class='ocrx_word' id='word_1_621' title='bbox 2271 4995 2440 5065; x_wconf 60' lang='grc' dir='ltr'>ςῖκῆφος</span> <span class='ocrx_word' id='word_1_622' title='bbox 2460 4996 2746 5050; x_wconf 68' lang='grc' dir='ltr'>ὑπόκειται</span> <span class='ocrx_word' id='word_1_623' title='bbox 2761 4996 3130 5066; x_wconf 80' lang='grc' dir='ltr'>ἐκκλήτῳ,κα“ι</span> <span class='ocrx_word' id='word_1_624' title='bbox 3145 4996 3287 5048; x_wconf 84' lang='grc' dir='ltr'>κατὰ</span> <span class='ocrx_word' id='word_1_625' title='bbox 3307 4995 3396 5048; x_wconf 85' lang='grc' dir='ltr'><strong>τὸν</strong></span> <span class='ocrx_word' id='word_1_626' title='bbox 3413 4994 3575 5065; x_wconf 85' lang='grc' dir='ltr'>νόμον</span> <span class='ocrx_word' id='word_1_627' title='bbox 3597 4992 3849 5060; x_wconf 83' lang='grc' dir='ltr'>ἀναφέρε-</span> 
     </span>
    </p>
   </div>
   <div class='ocr_carea' id='block_1_98' title="bbox 576 5076 2169 5158">
    <p class='ocr_par' dir='ltr' id='par_1_98' title="bbox 576 5080 2162 5152">
     <span class='ocr_line' id='line_1_99' title="bbox 576 5080 2162 5152; baseline 0.001 -18"><span class='ocrx_word' id='word_1_628' title='bbox 576 5080 744 5148; x_wconf 88' lang='lat' dir='ltr'><strong>dicet,</strong></span> <span class='ocrx_word' id='word_1_629' title='bbox 791 5081 1149 5152; x_wconf 81' lang='lat' dir='ltr'><strong>magistratus</strong></span> <span class='ocrx_word' id='word_1_630' title='bbox 1182 5081 1459 5136; x_wconf 87' lang='lat' dir='ltr'><strong>sententia</strong></span> <span class='ocrx_word' id='word_1_631' title='bbox 1512 5081 1890 5152; x_wconf 86' lang='lat' dir='ltr'><strong>provocationi</strong></span> <span class='ocrx_word' id='word_1_632' title='bbox 1923 5081 2162 5136; x_wconf 81' lang='lat' dir='ltr'><strong>obnoxia</strong></span> 
     </span>
    </p>
   </div>
   <div class='ocr_carea' id='block_1_99' title="bbox 2271 5076 3848 5158">
    <p class='ocr_par' dir='ltr' id='par_1_99' title="bbox 2271 5076 3848 5158">
     <span class='ocr_line' id='line_1_100' title="bbox 2271 5076 3848 5158; baseline 0.001 -18"><span class='ocrx_word' id='word_1_633' title='bbox 2271 5105 2353 5141; x_wconf 89' lang='grc' dir='ltr'><strong>ται</strong></span> <span class='ocrx_word' id='word_1_634' title='bbox 2374 5089 2467 5142; x_wconf 73' lang='grc' dir='ltr'><strong>καὶ</strong></span> <span class='ocrx_word' id='word_1_635' title='bbox 2485 5088 2817 5155; x_wconf 71' lang='grc' dir='ltr'>ἐξετάζεταιο</span> <span class='ocrx_word' id='word_1_636' title='bbox 2838 5091 2932 5142; x_wconf 78' lang='grc' dir='ltr'>ἐὰν</span> <span class='ocrx_word' id='word_1_637' title='bbox 2949 5089 3004 5143; x_wconf 83' lang='grc' dir='ltr'>δὲ</span> <span class='ocrx_word' id='word_1_638' title='bbox 3024 5089 3130 5142; x_wconf 77' lang='grc' dir='ltr'><strong>ἀπὸ</strong></span> <span class='ocrx_word' id='word_1_639' title='bbox 3146 5087 3498 5158; x_wconf 83' lang='grc' dir='ltr'>κελεύσεωςῆ</span> <span class='ocrx_word' id='word_1_640' title='bbox 3518 5076 3848 5157; x_wconf 78' lang='grc' dir='ltr'>προστάξεως</span> 
     </span>
    </p>
   </div>
   <div class='ocr_carea' id='block_1_100' title="bbox 575 5172 2165 5243">
    <p class='ocr_par' dir='ltr' id='par_1_100' title="bbox 575 5172 2165 5243">
     <span class='ocr_line' id='line_1_101' title="bbox 575 5172 2165 5243; baseline 0.001 -16"><span class='ocrx_word' id='word_1_641' title='bbox 575 5181 695 5228; x_wconf 82' lang='lat' dir='ltr'><strong>esto</strong></span> <span class='ocrx_word' id='word_1_642' title='bbox 732 5181 946 5243; x_wconf 30' lang='lat' dir='ltr'><strong>:xatque</strong></span> <span class='ocrx_word' id='word_1_643' title='bbox 977 5172 1282 5228; x_wconf 84' lang='lat' dir='ltr'><strong>secundum</strong></span> <span class='ocrx_word' id='word_1_644' title='bbox 1319 5172 1496 5243; x_wconf 80' lang='lat' dir='ltr'><strong>legem</strong></span> <span class='ocrx_word' id='word_1_645' title='bbox 1527 5173 1760 5229; x_wconf 85' lang='lat' dir='ltr'><strong>relertor</strong></span> <span class='ocrx_word' id='word_1_646' title='bbox 1789 5185 1844 5228; x_wconf 91' lang='lat' dir='ltr'><strong>et</strong></span> <span class='ocrx_word' id='word_1_647' title='bbox 1881 5173 2165 5229; x_wconf 75' lang='lat' dir='ltr'><strong>exatnina-</strong></span> 
     </span>
    </p>
   </div>
   <div class='ocr_carea' id='block_1_101' title="bbox 574 5265 2169 5338">
    <p class='ocr_par' dir='ltr' id='par_1_101' title="bbox 574 5265 2169 5338">
     <span class='ocr_line' id='line_1_102' title="bbox 574 5265 2169 5338; baseline 0.001 -18"><span class='ocrx_word' id='word_1_648' title='bbox 574 5276 682 5321; x_wconf 91' lang='lat' dir='ltr'><strong>tor.</strong></span> <span class='ocrx_word' id='word_1_649' title='bbox 721 5265 990 5321; x_wconf 69' lang='lat' dir='ltr'><strong>Cancrum</strong></span> <span class='ocrx_word' id='word_1_650' title='bbox 1062 5267 1106 5320; x_wconf 86' lang='lat' dir='ltr'><strong>si</strong></span> <span class='ocrx_word' id='word_1_651' title='bbox 1148 5282 1237 5321; x_wconf 68' lang='lat' dir='ltr'><strong>ex-</strong></span> <span class='ocrx_word' id='word_1_652' title='bbox 1259 5266 1509 5334; x_wconf 85' lang='lat' dir='ltr'><strong>jussione</strong></span> <span class='ocrx_word' id='word_1_653' title='bbox 1556 5277 1652 5323; x_wconf 89' lang='lat' dir='ltr'><strong>aut</strong></span> <span class='ocrx_word' id='word_1_654' title='bbox 1719 5268 1981 5324; x_wconf 86' lang='lat' dir='ltr'><strong>mandato</strong></span> <span class='ocrx_word' id='word_1_655' title='bbox 2051 5269 2169 5338; x_wconf 84' lang='lat' dir='ltr'><strong>epi-</strong></span> 
     </span>
    </p>
   </div>
   <div class='ocr_carea' id='block_1_102' title="bbox 576 5358 2171 5432">
    <p class='ocr_par' dir='ltr' id='par_1_102' title="bbox 576 5358 2171 5432">
     <span class='ocr_line' id='line_1_103' title="bbox 576 5358 2171 5432; baseline -0.001 -17"><span class='ocrx_word' id='word_1_656' title='bbox 576 5374 777 5428; x_wconf 86' lang='lat' dir='ltr'><strong>scopus</strong></span> <span class='ocrx_word' id='word_1_657' title='bbox 818 5358 1050 5429; x_wconf 88' lang='lat' dir='ltr'><strong>judicct,</strong></span> <span class='ocrx_word' id='word_1_658' title='bbox 1081 5360 1402 5429; x_wconf 83' lang='lat' dir='ltr'><strong>provocatio</strong></span> <span class='ocrx_word' id='word_1_659' title='bbox 1425 5361 1752 5415; x_wconf 87' lang='lat' dir='ltr'><strong>sententiam</strong></span> <span class='ocrx_word' id='word_1_660' title='bbox 1781 5362 1901 5432; x_wconf 84' lang='lat' dir='ltr'><strong>ejus</strong></span> <span class='ocrx_word' id='word_1_661' title='bbox 1947 5362 2013 5417; x_wconf 86' lang='lat' dir='ltr'><strong>ad</strong></span> <span class='ocrx_word' id='word_1_662' title='bbox 2043 5376 2171 5417; x_wconf 90' lang='lat' dir='ltr'><strong>cum</strong></span> 
     </span>
    </p>
   </div>
   <div class='ocr_carea' id='block_1_103' title="bbox 583 5450 1742 5524">
    <p class='ocr_par' dir='ltr' id='par_1_103' title="bbox 583 5450 1742 5524">
     <span class='ocr_line' id='line_1_104' title="bbox 583 5450 1742 5524; baseline 0.005 -22"><span class='ocrx_word' id='word_1_663' title='bbox 583 5450 674 5520; x_wconf 85' lang='lat' dir='ltr'><strong>qui</strong></span> <span class='ocrx_word' id='word_1_664' title='bbox 709 5453 1146 5506; x_wconf 84' lang='lat' dir='ltr'><strong>controversiam</strong></span> <span class='ocrx_word' id='word_1_665' title='bbox 1184 5453 1473 5524; x_wconf 79' lang='lat' dir='ltr'><strong>delegavit,</strong></span> <span class='ocrx_word' id='word_1_666' title='bbox 1514 5453 1742 5509; x_wconf 86' lang='lat' dir='ltr'><strong>referto.</strong></span> 
     </span>
    </p>
   </div>
   <div class='ocr_carea' id='block_1_104' title="bbox 643 5540 2171 5614">
    <p class='ocr_par' dir='ltr' id='par_1_104' title="bbox 643 5540 2171 5614">
     <span class='ocr_line' id='line_1_105' title="bbox 643 5540 2171 5614; baseline 0.001 -18"><span class='ocrx_word' id='word_1_667' title='bbox 643 5540 1140 5607; x_wconf 82' lang='lat' dir='ltr'><strong>CAP.Vll.-—Quid</strong></span> <span class='ocrx_word' id='word_1_668' title='bbox 1161 5542 1208 5597; x_wconf 88' lang='lat' dir='ltr'><strong>si</strong></span> <span class='ocrx_word' id='word_1_669' title='bbox 1227 5544 1496 5613; x_wconf 86' lang='lat' dir='ltr'><strong>episcopus</strong></span> <span class='ocrx_word' id='word_1_670' title='bbox 1515 5560 1633 5597; x_wconf 88' lang='lat' dir='ltr'><strong>cum</strong></span> <span class='ocrx_word' id='word_1_671' title='bbox 1646 5545 1950 5614; x_wconf 81' lang='lat' dir='ltr'><strong>coepiscopo</strong></span> <span class='ocrx_word' id='word_1_672' title='bbox 1965 5554 2171 5600; x_wconf 89' lang='lat' dir='ltr'><strong>contro-</strong></span> 
     </span>
    </p>
   </div>
   <div class='ocr_carea' id='block_1_105' title="bbox 2269 5172 3844 5254">
    <p class='ocr_par' dir='ltr' id='par_1_105' title="bbox 2269 5172 3844 5254">
     <span class='ocr_line' id='line_1_106' title="bbox 2269 5172 3844 5254; baseline -0.005 -22"><span class='ocrx_word' id='word_1_673' title='bbox 2269 5180 2470 5254; x_wconf 77' lang='grc' dir='ltr'>δικάσῃ</span> <span class='ocrx_word' id='word_1_674' title='bbox 2503 5182 2805 5244; x_wconf 83' lang='grc' dir='ltr'>ἐπίσκοπος</span> <span class='ocrx_word' id='word_1_675' title='bbox 2829 5223 2843 5246; x_wconf 96' lang='grc'><strong>,</strong></span> <span class='ocrx_word' id='word_1_676' title='bbox 2872 5184 2904 5253; x_wconf 83' lang='grc' dir='ltr'>ἡ</span> <span class='ocrx_word' id='word_1_677' title='bbox 2945 5181 3209 5251; x_wconf 77' lang='grc' dir='ltr'>ἐκκλητος</span> <span class='ocrx_word' id='word_1_678' title='bbox 3234 5180 3332 5251; x_wconf 84' lang='grc' dir='ltr'><strong>τὴν</strong></span> <span class='ocrx_word' id='word_1_679' title='bbox 3361 5180 3541 5250; x_wconf 73' lang='grc' dir='ltr'>ψῆφον</span> <span class='ocrx_word' id='word_1_680' title='bbox 3570 5175 3732 5232; x_wconf 79' lang='grc' dir='ltr'>αὐτοῦ</span> <span class='ocrx_word' id='word_1_681' title='bbox 3765 5172 3844 5225; x_wconf 79' lang='grc' dir='ltr'><strong>ἐπὶ</strong></span> 
     </span>
    </p>
   </div>
   <div class='ocr_carea' id='block_1_106' title="bbox 2272 5273 3646 5346">
    <p class='ocr_par' dir='ltr' id='par_1_106' title="bbox 2272 5273 3646 5346">
     <span class='ocr_line' id='line_1_107' title="bbox 2272 5273 3646 5346; baseline 0.002 -21"><span class='ocrx_word' id='word_1_682' title='bbox 2272 5273 2364 5325; x_wconf 72' lang='grc' dir='ltr'><strong>τὸν</strong></span> <span class='ocrx_word' id='word_1_683' title='bbox 2405 5275 2853 5345; x_wconf 77' lang='grc' dir='ltr'>παραπέμψαντα</span> <span class='ocrx_word' id='word_1_684' title='bbox 2886 5274 2985 5346; x_wconf 78' lang='grc' dir='ltr'><strong>τὴν</strong></span> <span class='ocrx_word' id='word_1_685' title='bbox 3021 5273 3280 5328; x_wconf 88' lang='grc' dir='ltr'>ὑπόθεσιν</span> <span class='ocrx_word' id='word_1_686' title='bbox 3309 5274 3646 5343; x_wconf 80' lang='grc' dir='ltr'>ἀναπέμπει.</span> 
     </span>
    </p>
   </div>
   <div class='ocr_carea' id='block_1_107' title="bbox 2345 5532 3843 5609">
    <p class='ocr_par' dir='ltr' id='par_1_107' title="bbox 2345 5532 3843 5609">
     <span class='ocr_line' id='line_1_108' title="bbox 2345 5532 3843 5609; baseline -0.001 -11"><span class='ocrx_word' id='word_1_687' title='bbox 2345 5547 2598 5600; x_wconf 63' lang='lat' dir='ltr'><strong>ﬁcosa.</strong></span> <span class='ocrx_word' id='word_1_688' title='bbox 2660 5548 2733 5600; x_wconf 71' lang='lat' dir='ltr'><strong>z&#39;.</strong></span> <span class='ocrx_word' id='word_1_689' title='bbox 2791 5577 2862 5587; x_wconf 84' lang='lat'><strong>—</strong></span> <span class='ocrx_word' id='word_1_690' title='bbox 2901 5547 3038 5599; x_wconf 82' lang='grc' dir='ltr'><strong>Ἐὰν</strong></span> <span class='ocrx_word' id='word_1_691' title='bbox 3091 5546 3429 5609; x_wconf 76' lang='grc' dir='ltr'>ἐπίσκοπος</span> <span class='ocrx_word' id='word_1_692' title='bbox 3497 5542 3652 5609; x_wconf 79' lang='grc' dir='ltr'><strong>ἔχων</strong></span> <span class='ocrx_word' id='word_1_693' title='bbox 3707 5532 3843 5602; x_wconf 78' lang='grc' dir='ltr'>πρι¹ς</span> 
     </span>
    </p>
   </div>
   <div class='ocr_carea' id='block_1_108' title="bbox 576 5627 2169 5710">
    <p class='ocr_par' dir='ltr' id='par_1_108' title="bbox 576 5635 2169 5710">
     <span class='ocr_line' id='line_1_109' title="bbox 576 5635 2169 5710; baseline 0.004 -21"><span class='ocrx_word' id='word_1_694' title='bbox 576 5635 1034 5703; x_wconf 76' lang='lat' dir='ltr'><strong>versiamltabens,</strong></span> <span class='ocrx_word' id='word_1_695' title='bbox 1050 5654 1153 5691; x_wconf 84' lang='lat' dir='ltr'><strong>non</strong></span> <span class='ocrx_word' id='word_1_696' title='bbox 1166 5636 1379 5707; x_wconf 85' lang='lat' dir='ltr'><strong>judicio</strong></span> <span class='ocrx_word' id='word_1_697' title='bbox 1397 5639 1699 5704; x_wconf 86' lang='lat' dir='ltr'><strong>contendat,</strong></span> <span class='ocrx_word' id='word_1_698' title='bbox 1725 5640 1813 5694; x_wconf 84' lang='lat' dir='ltr'><strong>sed</strong></span> <span class='ocrx_word' id='word_1_699' title='bbox 1836 5656 1994 5694; x_wconf 83' lang='lat' dir='ltr'><strong>manu</strong></span> <span class='ocrx_word' id='word_1_700' title='bbox 2017 5642 2169 5710; x_wconf 72' lang='lat' dir='ltr'><strong><em>agat?</em></strong></span> 
     </span>
    </p>
   </div>
   <div class='ocr_carea' id='block_1_109' title="bbox 2271 5627 3844 5710">
    <p class='ocr_par' dir='ltr' id='par_1_109' title="bbox 2276 5627 3844 5710">
     <span class='ocr_line' id='line_1_110' title="bbox 2276 5627 3844 5710; baseline -0.001 -16"><span class='ocrx_word' id='word_1_701' title='bbox 2276 5641 2758 5707; x_wconf 82' lang='grc' dir='ltr'>συνεπίσκοπον,</span> <span class='ocrx_word' id='word_1_702' title='bbox 2782 5637 2869 5710; x_wconf 83' lang='grc' dir='ltr'>μὴ</span> <span class='ocrx_word' id='word_1_703' title='bbox 2893 5637 3235 5706; x_wconf 72' lang='grc' dir='ltr'>δικάσηται,</span> <span class='ocrx_word' id='word_1_704' title='bbox 3271 5635 3433 5692; x_wconf 74' lang='grc' dir='ltr'><strong>ἀλλὰ</strong></span> <span class='ocrx_word' id='word_1_705' title='bbox 3460 5632 3608 5704; x_wconf 79' lang='grc' dir='ltr'><em>χειρὶ</em></span> <span class='ocrx_word' id='word_1_706' title='bbox 3635 5627 3844 5699; x_wconf 60' lang='grc' dir='ltr'>πράξω</span> 
     </span>
    </p>
   </div>
   <div class='ocr_carea' id='block_1_110' title="bbox 650 5749 1711 5824">
    <p class='ocr_par' dir='ltr' id='par_1_110' title="bbox 650 5749 1711 5824">
     <span class='ocr_line' id='line_1_111' title="bbox 650 5749 1711 5824; baseline 0.006 -22"><span class='ocrx_word' id='word_1_707' title='bbox 650 5749 878 5804; x_wconf 70' lang='lat' dir='ltr'><strong>Consilii</strong></span> <span class='ocrx_word' id='word_1_708' title='bbox 917 5751 1356 5824; x_wconf 74' lang='lat' dir='ltr'><strong>Cart/zaginensis</strong></span> <span class='ocrx_word' id='word_1_709' title='bbox 1391 5770 1560 5808; x_wconf 87' lang='lat' dir='ltr'><strong>canon</strong></span> <span class='ocrx_word' id='word_1_710' title='bbox 1593 5753 1711 5808; x_wconf 76' lang='lat'><strong>1‘20.</strong></span> 
     </span>
    </p>
   </div>
   <div class='ocr_carea' id='block_1_111' title="bbox 650 5862 1282 5924">
    <p class='ocr_par' dir='ltr' id='par_1_111' title="bbox 650 5862 1282 5924">
     <span class='ocr_line' id='line_1_112' title="bbox 650 5862 1282 5924; baseline 0.009 -8"><span class='ocrx_word' id='word_1_711' title='bbox 650 5862 693 5896; x_wconf 79' lang='lat'>&quot;</span> <span class='ocrx_word' id='word_1_712' title='bbox 721 5864 887 5922; x_wconf 76' lang='lat' dir='ltr'><strong>Conc.</strong></span> <span class='ocrx_word' id='word_1_713' title='bbox 918 5866 1085 5924; x_wconf 75' lang='lat' dir='ltr'><strong>Afric.</strong></span> <span class='ocrx_word' id='word_1_714' title='bbox 1111 5886 1158 5924; x_wconf 78' lang='grc' dir='ltr'><strong>ς.</strong></span> <span class='ocrx_word' id='word_1_715' title='bbox 1193 5869 1282 5923; x_wconf 79' lang='grc'><strong>65.</strong></span> 
     </span>
    </p>
   </div>
   <div class='ocr_carea' id='block_1_112' title="bbox 2517 5744 3613 5824">
    <p class='ocr_par' dir='ltr' id='par_1_112' title="bbox 2517 5744 3613 5824">
     <span class='ocr_line' id='line_1_113' title="bbox 2517 5744 3613 5824; baseline -0.007 -16"><span class='ocrx_word' id='word_1_716' title='bbox 2517 5754 2785 5810; x_wconf 79' lang='grc' dir='ltr'>Συνόδου</span> <span class='ocrx_word' id='word_1_717' title='bbox 2819 5753 3243 5824; x_wconf 81' lang='grc' dir='ltr'>Καρθαγέννης</span> <span class='ocrx_word' id='word_1_718' title='bbox 3277 5749 3476 5806; x_wconf 86' lang='grc' dir='ltr'>κανὼν</span> <span class='ocrx_word' id='word_1_719' title='bbox 3513 5744 3613 5820; x_wconf 86' lang='grc' dir='ltr'>ρκ’.</span> 
     </span>
    </p>
   </div>
  </div>
