4122 6450
464 426 569 491 ’129

1231 408 1630 474 SYNTAG'MA
1669 402 2056 467 CANONUM.
2079 425 2147 436 -·’
2178 402 2328 462 TlT.
2364 401 2472 476 IX,
2513 401 2670 462 CAP.
2704 401 2959 462 VII-IX.

3627 402 3733 466 730

536 536 678 607 Περὶ
714 533 832 588 τῶν
888 529 1014 594 τοῖς
1063 525 1236 590 λαοῖς
1294 521 1403 584 οὓς
1453 515 1797 607 νομίζουσαν
1847 510 2052 607 αὐτοῖς

2228 508 2305 563 De
2323 511 2407 564 Itis
2431 510 2522 580 qui
2541 512 2596 563 in
2628 508 2821 578 plebes,
2855 523 2986 578 quas
3036 505 3104 559 ad
3135 522 3189 559 se
3227 514 3419 569 putant
3455 506 3735 576 pertinere,

466 599 736 694 ἀνήκειν,
753 621 1010 676 mea“
1022 617 1208 671 όντων
1235 611 1393 680 παρὰ
1416 605 1658 678 γνώμην
1678 601 1798 657 τῶν
1824 599 2045 666 αὐτοὺς

468 718 862 787 κατεχόντων.

553 779 784 879 Ὁμοίως
809 803 1027 873 ἦρεσεν,
1057 797 1143 850 ἵνα
1167 791 1466 862 οἱοιδήποτε
1493 785 1804 848 ἐπίσκοποι,
1833 799 1888 839 κ.
1913 798 1964 833 τ.
1993 779 2044 832 λ.

540 1008 793 1066 ΚΕΦΑΛ.
820 1003 905 1058 Η’.
933 1031 1002 1043 -—
1034 998 1185 1053 Πότε
1222 995 1471 1048 δύναται
1497 986 1831 1049 ἐπίσκοπος
1859 977 2052 1035 κινεῖν

475 1103 784 1165 ὲπισκόπῳ
806 1095 968 1165 παρὰ
1007 1093 1261 1162 ἄρχοντι
1285 1080 1589 1145 πολιτικῷ.

711 1279 984 1336 Συνόδου
1012 1268 1434 1341 Κορθαγέννης
1458 1256 1656 1313 κανὼν
1693 1256 1803 1328 μη⁹.

545 1378 684 1446 Περὶ
732 1353 1275 1436 ἁναϐαπτῖσμάτων
1315 1357 1416 1412 καί
1471 1347 1968 1424 ἁναχειροτονιῶν
2011 1345 2050 1413 ἢ

471 1469 854 1546 μεταϐάσεως
877 1466 1248 1520 ἐπισκόπων.

550 1564 638 1637 μη¹
673 1533 879 1618 Ἐκεῖνο
911 1561 968 1614 δέ
1006 1561 1352 1628 ἀναφέρομεν
1376 1549 1624 1606 ἐνταλθέν
1649 1543 1802 1614 ἡμῖν,
1833 1554 1888 1591 κ.
1911 1552 1963 1588 τ.
2000 1533 2054 1585 λ.

546 1758 802 1811 ΚΕΦΛΛ.
833 1756 908 1807 Θ’.
951 1782 1020 1793 -
1040 1750 1178 1819 Περὶ
1201 1747 1319 1802 τῶν
1342 1747 1561 1810 ἀδίκως
1598 1735 2059 1807 ἐκϐαλλομένων

478 1848 824 1905 ἐπισκόπων
855 1844 952 1898 καὶ
991 1839 1312 1909 κληρικῶν.

691 1956 965 2013 Συνόδου
996 1951 1298 2021 Σαρδικῆς
1328 1947 1528 2003 κανὼν
1573 1943 1630 1996 ιδ’
1665 1948 1729 2011 ιη’
1757 1937 1842 1994 ιθ’.

553 2051 614 2108 ιδ’
620 2053 827 2113 ,Ὅσιος
851 2049 1148 2108 ἐπίσκοπος
1175 2038 1318 2095 εἷπε⁹
1349 2039 1421 2091 Τὸ
1441 2038 1497 2090 δὲ
1527 2033 1754 2089 πάντοτέ
1771 2046 1838 2102 με
1855 2025 2061 2091 κινοῦν,

483 2143 537 2180 κ.
571 2124 699 2178 τ.λ.

555 2215 644 2288 ιη’.
687 2216 874 2275 "Octo;
907 2210 1204 2270 ἐπίσκοπος
1255 2200 1409 2258 εἶπεν
1436 2219 1450 2232 ·
1501 2197 1924 2256 Ὑποϐἀλλοντος
1969 2191 2063 2244 καὶ

483 2286 850 2373 τοῦ-ἀδελφοῦ
899 2300 1056 2372 ἡμῶν
1112 2295 1432 2366 Ὀλυμπίου,
1485 2292 1579 2344 καὶ
1623 2289 1782 2341 τοῦτο
1813 2286 2011 2354 ἤρεσεν
2042 2296 2062 2315 ο

483 2403 570 2456 ἵνα
612 2401 764 2461 εἴτις
799 2396 1114 2457 ἐπίσκοπος,
1148 2389 1268 2460 βίαν
1300 2383 1598 2454 ὑπομείνας
1627 2379 1826 2439 ἀδίκως
1864 2375 2064 2442 ἐκϐλη-

484 2491 627 2561 θείη,
660 2489 692 2560 ἢ
718 2487 806 2541 διὰ
834 2485 932 2556 τὴν
964 2484 1294 2550 ἐπιστήμην,
1330 2476 1362 2545 ἢ
1395 2475 1480 2528 διὰ
1501 2472 1600 2541 τὴν
1638 2466 1934 2561 opai-oriae
1965 2465 2066 2561 τῇς

485 2555 778 2650 καθολικῆς
816 2555 1166 2646 Ἐκκλησίας,
1204 2571 1239 2641 ἢ
1263 2568 1353 2622 διὰ
1380 2567 1476 2637 τὴν
1506 2565 1602 2634 τῆς
1637 2559 1895 2650 ἀληθείας
1921 2555 2067 2610 ἐκδι-

487 2675 633 2739 κίαν,
663 2648 759 2726 καλ
781 2668 996 2739 φεύγων
1034 2665 1125 2717 τὸν
1158 2662 1423 2721 κίνδυνον,
1454 2655 1628 2716 ἁθῶος
1655 2653 1749 2706 καὶ
1781 2648 2066 2704 καθωσιω-

491 2770 650 2840 μένος
686 2765 782 2828 ὣν,
835 2764 913 2824 είς
957 2760 1145 2830 ἐτέραν
1203 2753 1345 2807 ἔλθοι
1403 2750 1596 2812 πόλιν,
1656 2745 1731 2817 μὴ
1776 2740 2067 2840 κωλυέσθω

489 2861 606 2914 ἐκεῖ
643 2858 734 2910 ἐπὶ
775 2853 1028 2908 τοσοῦτον
1061 2849 1287 2916 διάγειν,
1343 2844 1447 2906 ἓως
1481 2843 1546 2894 ἂν
1574 2835 1869 2905 ἐπανέλθῃ,
1909 2834 1942 2904 ἢ
1970 2833 2067 2902 τῆς

489 2951 700 3022 ὕϐρεως
723 2948 822 3016 τῆς
849 2942 1220 3022 γεγενημένης
1270 2934 1418 3004 αὐτῷ
1457 2929 1782 2996 ἀπαλλαγὴν
1808 2922 2066 2994 εὑρέσθαι

487 3013 690 3114 δυνηθῇ
725 3056 738 3069 ⁸
760 3013 994 3108 σκληρδν
1028 3031 1249 3104 γὰρκαὶ
1278 3027 1601 3100 βαρύτατον,
1639 3020 1858 3073 ἐλασίαν
1877 3017 2066 3114 άδικον

491 3109 954 3204 ὑπομεμενηκότα
989 3127 1065 3200 μὴ
1081 3120 1441 3192 ὑποδέχεσθαι
1475 3117 1563 3186 ὑφ’
1597 3111 1756 3204 ἡμων
1789 3127 1802 3139 ·
1836 3109 2065 3204 πλείστη

2156 602 2477 657 inconventis
2500 601 2580 655 Itis
2606 619 2638 655 α
2661 601 2852 672 quibus
2883 609 3123 654 tenentur
3143 599 3418 652 irruerint.

2228 778 2357 833 ltem
2387 778 2613 848 placuit,
2651 785 2713 832 ut
2740 776 3055 848 quicunque
3080 772 3340 842 episcopi,
3366 781 3496 839 etc.,
3523 779 3578 823 ut
3610 787 3732 842 pag.

2160 867 2288 923 7‘26.

2228 980 2388 1049 257
2422 979 2577 1034 CAP.
2609 980 2744 1044 VIIL
2783 1010 2851 1019 —
2884 978 3247 1043 Quandonam
3295 975 3453 1029 liceat
3497 975 3739 1044 episcopo

2162 1073 2430 1125 actionem
2471 1071 2740 1125 intendere
2775 1081 2959 1124 contra
2983 1071 3287 1139 episcopum
3337 1067 3478 1137 apud
3533 1065 3739 1119 civilem

2149 1162 2404 1231 judicent.

2449 1249 2673 1304 Concilii
2701 1249 3135 1316 Carthaginensis
3166 1266 3332 1303 canon
3357 1248 3446 1301 48.

2234 1343 2308 1392 De
2325 1339 2834 1408 rebaptizationibus
2863 1351 2911 1395 et
2935 1342 3444 1405 reordinationibus,
3465 1339 3542 1393 vel
3565 1350 3741 1393 trans-

2164 1431 2452 1486 lotionibus
2487 1433 2878 1501 episcoporum.

2233 1523 2370 1578 Illud
2433 1533 2616 1578 autem
2681 1524 3024 1594 suggerimus
3074 1523 3430 1582 mandatum.
3481 1533 3585 1576 etc.
3615 1564 3629 1589 ,
3680 1532 3736 1574 ut

2163 1631 2284 1685 pag.
2314 1613 2441 1669 559.

2236 1725 2394 1784 CAP.
2433 1725 2526 1781 1X.
2567 1757 2632 1769 -
2662 1727 2740 1781 De
2784 1727 3041 1796 episcopis
3080 1735 3129 1779 et
3173 1725 3376 1779 clericis
3429 1726 3606 1795 inique,
3653 1741 3742 1778 ex-

2165 1818 2353 1887 pulsis.

2343 1929 2569 1984 Concilii
2614 1927 2950 1984 Sardicensis
2991 1945 3213 1982 canones
3240 1926 3326 1992 M,
3365 1925 3452 1990 18,
3481 1927 3565 1980 19.

2234 2021 2323 2075 Η.
2370 2019 2533 2077 Osius
2579 2021 2872 2090 episcOpus
2919 2020 3095 2075 dixit:
3147 2019 3304 2084 Quod
3345 2027 3528 2071 autem
3577 2017 3746 2070 unde—

2162 2129 2379 2185 quaque
2414 2129 2499 2167 me
2526 2123 2729 2178 movet,
2757 2123 2887 2177 etc.,
2921 2121 2978 2165 nt
3001 2128 3122 2180 pag.
3157 2111 3284 2165 7‘25.

2237 2206 2304 2260 18
2333 2205 2448 2278 [17]
2491 2203 2655 2261 Osius
2691 2205 2984 2274 episcopus
3033 2203 3211 2257 dixit:
3258 2201 3588 2271 Suggerente
3634 2198 3748 2253 fra-

2167 2308 2248 2354 tre
2276 2308 2468 2353 nostro
2499 2295 2770 2367 Olympio,
2801 2297 2906 2352 hoc
2943 2311 3164 2365 quoque
3191 2295 3429 2365 placuit;
3464 2303 3522 2346 ut
3552 2293 3593 2345 si
3624 2292 3748 2361 quis

2165 2391 2456 2460 episcopus
2492 2391 2601 2444 vim
2645 2405 2862 2460 passus,
2898 2389 3097 2458 injuste
3126 2387 3335 2457 ejectus
3374 2387 3466 2449 sit,
3496 2385 3579 2438 vel
3611 2400 3744 2454 pro-

2165 2496 2283 2553 pter
2307 2484 2617 2550 scientiam,
2646 2483 2732 2536 vel
2765 2492 2989 2552 prepler
3013 2481 3298 2535 catholicae
3329 2478 3585 2533 Ecclesia
3618 2493 3749 2531 con-

2165 2573 2484 2637 fessionem,
2513 2573 2595 2627 vel
2623 2583 2847 2642 propter
2888 2570 3134 2625 veritatis
3159 2568 3556 2629 defensionem,
3586 2576 3636 2620 et
3663 2565 3749 2618 fu-

2168 2667 2320 2735 giens
2365 2664 2692 2734 periculum,
2736 2664 3002 2718 innocens
3050 2659 3416 2716 exsecrationi
3468 2659 3750 2725 subjectus

2168 2755 2224 2809 in
2249 2755 2413 2810 aliam
2448 2756 2638 2810 urbem
2680 2755 2924 2820 venerit;
2964 2769 3030 2807 ne
3054 2752 3412 2821 prohibeatur
3438 2749 3606 2818 258
3630 2749 3746 2803 illic

2168 2845 2358 2900 tandiu
2397 2862 2576 2912 agere,
2638 2846 2812 2900 donec
2847 2855 3170 2909 revertatur,
3225 2845 3308 2898 vel
3365 2858 3396 2897 a
3452 2842 3597 2897 iacta
3644 2841 3750 2895 sibi

2169 2937 2369 3007 injuria
2417 2939 2592 3008 possit
2638 2939 3012 2992 liberationem
3050 2937 3314 2991 invenire.
3348 2936 3555 2990 Durum
3595 2935 3744 2989 enim

2168 3039 2272 3096 est,
2296 3038 2460 3100 atque
2513 3033 2652 3086 adeo
2696 3031 3106 3100 gravissimum,
3163 3045 3289 3085 eum
3346 3029 3441 3099 qui
3488 3028 3751 3097 injustam

2170 3120 2493 3190 ejectionem
2527 3137 2721 3192 passus
2741 3129 2847 3185 est,
2874 3138 2902 3174 a
2937 3121 3095 3176 nobis
3119 3136 3228 3174 non
3263 3121 3492 3190 suscipi.
3519 3117 3570 3174 ls
3601 3117 3750 3172 enim

453 3245 458 3248 ·
491 3201 1001 3297 γάρ-καλοκαγαθίᾳ
1045 3217 1140 3272 καί¹
1173 3211 1560 3286 φιλοφρονήσει
1591 3201 1798 3274 ὀφείλει
1839 3201 2074 3273 παραδέ-

2179 3213 2341 3270 debet
2377 3228 2407 3268 a
2457 3215 2619 3270 nobis
2656 3214 2892 3285 plurima
2940 3214 3282 3269 humanitate
3308 3221 3375 3280 _ct
3419 3212 3754 3282 benignitate

491 3317 682 3392 χεσθαι
707 3318 734 3370 ὁ
761 3313 1016 3376 τοιοῦτος.

686 3434 966 3493 ’Ἀπαντες
991 3429 1301 3500 είρήκασιν’
1333 3426 1538 3496 Ἢρεσε
1567 3423 1664 3478 καὶ
1692 3422 1866 3476 τοῦτο.

565 3524 650 3582 ιθ’.
689 3525 1009 3584 Γαυδέντιος
1069 3519 1366 3580 ἐπίσκοπος
1410 3512 1564 3569 εἶπεν
1605 3530 1620 3545 ⁸
1654 3511 1836 3577 Οίδας,
1878 3507 2072 3578 ἀδελφέ

507 3623 701 3686 ’Δέτιε,
757 3621 831 3683 ὼς
879 3617 941 3668 τδ
970 3613 1269 3684 τηνικαῦτά
1328 3627 1458 3664 ποτε
1504 3605 1942 3667 κατασταθέντος
1981 3619 2074 3655 σου

495 3717 815 3777 ἐπισκόπου,
846 3715 880 3782 ἡ
909 3711 1098 3781 εἰρήνη
1127 3707 1312 3761 λοιπὸν
1339 3701 1668 3774 ἐϐράϐευσεν
1689 3717 1702 3730 ·
1739 3701 1824 3752 ἵνα
1849 3697 1924 3768 μή
1955 3711 2076 3749 τινα

495 3811 723 3881 λείψανα
759 3804 1025 3877 διχονοίας
1053 3802 1181 3872 περὶ
1230 3800 1339 3852 τῶν
1369 3790 1841 3868 ἐκκλησιαστικῶν
1875 3791 2074 3842 ἐναπο-

501 3879 680 3978 μείνῃ,
711 3900 854 3965 ἔδοξε
876 3898 970 3950 καὶ
992 3899 1117 3958 τοὺς
1143 3893 1292 3965 παρὰ
1317 3889 1593 3946 Μουσαίου
1613 3879 2074 3944 κατασταθέντας,

498 3997 744 4058 καὶτοὺς
802 3992 955 4062 παρὰ
994 3984 1350 4058 Εὐτυχιανοῦ,
1409 3979 1599 4052 ἐπειδὴ
1623 3976 1806 4033 αὐτῶν
1851 3971 2076 4043 οὐδεμία

498 4091 645 4147 αἰτία
669 4087 991 4157 εὑρίσκοιτο,
1029 4081 1234 4141 πάντας
1270 4073 1650 4144 ὑποδεχθῆναι.

579 4205 641 4259 Ἦ
671 4202 755 4273 κγ’
789 4200 1028 4266 διάταξις
1083 4196 1178 4251 τοῦ
1216 4192 1262 4263 γ’
1289 4193 1395 4246 τίτ.
1420 4187 1513 4244 τοῦ
1544 4185 1590 4241 α’
1643 4182 1782 4256 βιϐλ.
1815 4179 1909 4233 τοῦ
1939 4177 2074 4233 κὼδ.

499 4295 831 4371 δέχεταιτὴν
867 4293 1087 4362 μνήμην
1125 4283 1448 4346 Φλαϐιανοῦ,
1489 4279 1585 4334 καὶ
1620 4274 1871 4371 ἐκϐάλλει

499 4361 603 4463 χέ’δι
631 4405 644 4418 ·
677 4389 711 4458 ἡ
737 4361 892 4454 δέλή¹
914 4381 1052 4435 διὰτ.
1085 4377 1178 4432 τοῦ
1213 4373 1378 4430 αὐτοῦ
1407 4371 1510 4424 τίτ.
1536 4367 1720 4438 φησὶν,
1752 4365 1858 4428 ὅτι,
1890 4362 1967 4416 Οὐ
2000 4361 2081 4415 δεῖ

499 4452 626 4540 τοὺς
656 4452 987 4533 ἐπισκόπους
1032 4468 1126 4523 καὶ
1179 4462 1495 4535 κληρικοὺς,
1546 4454 1878 4524 ἀναγκάζειν
1930 4452 2080 4513 τινας

2174 3305 2373 3376 excipi.

2248 3420 2452 3477 Omnes
2483 3419 2742 3475 dixerunt
2773 3435 2786 3473 :
2822 3417 2939 3475 lloc
2971 3418 3136 3474 etiam
3166 3419 3395 3488 placuit.

2249 3513 2315 3568 l9
2355 3512 2494 3585 [18].
2537 3513 2880 3568 Gaudentius
2925 3514 3215 3583 episcopus
3241 3513 3424 3567 dixit:
3459 3510 3601 3578 Scis,
3641 3510 3756 3566 fra-

2177 3610 2260 3657 ter
2288 3605 2462 3666 Aetie,
2501 3603 2649 3671 quod
2683 3612 2813 3657 tunc
2843 3618 2967 3657 cum
2991 3604 3281 3672 episcopus
3312 3601 3641 3656 constitutus
3671 3616 3752 3666 es,

2176 3711 2283 3766 pax
2331 3695 2589 3765 deinceps
2633 3695 2838 3766 viguit;
2886 3711 2955 3749 ne
3002 3695 3198 3764 aliqum
3249 3694 3459 3748 dissidii
3509 3694 3755 3763 reliquiae

2177 3797 2517 3852 remaneant,
2565 3787 2744 3841 visum
2785 3796 2889 3851 est,
2940 3796 2999 3841 ut
3032 3787 3125 3855 qui
3170 3803 3200 3839 a
3242 3785 3445 3841 Musam
3477 3794 3530 3840 et
3588 3784 3756 3854 Euty-

2177 3881 2376 3935 chiauo
2426 3878 2713 3934 constituti
2770 3886 2920 3942 sunt,
2962 3879 3092 3948 quia
3159 3879 3306 3933 nulla
3366 3893 3558 3934 eorum
3596 3878 3755 3948 culpa

2175 3970 2574 4037 inveniebatur,
2617 3985 2808 4025 omnes
2855 3970 3252 4040 suscipiantur.

2251 4171 2464 4226 Textus.
2499 4168 2689 4225 Const.
2718 4169 2808 4232 25,
2858 4171 2940 4222 tit.
2989 4169 3042 4232 5,
3076 4168 3172 4224 lib.
3207 4185 3221 4221 ι
3278 4167 3410 4223 Cod.
3452 4167 3581 4222 facit
3607 4182 3757 4222 men-

2181 4264 2378 4318 tionem
2411 4261 2682 4325 Flaviani,
2720 4271 2774 4315 et
2802 4260 2953 4328 ejicit
2984 4260 3363 4329 Eutychetem.
3393 4260 3626 4314 Constit.
3661 4276 3755 4313 ve-

2179 4372 2242 4410 ro
2269 4356 2338 4410 '58
2390 4354 2638 4424 ejusdem
2673 4354 2755 4407 tit.
2783 4353 2861 4406 ait
2894 4394 2908 4417 ,
2942 4352 3097 4417 Quod
3126 4368 3234 4406 non
3270 4361 3518 4421 Oporteat
3542 4353 3756 4420 episco—

2181 4460 2282 4515 pos
2316 4453 2412 4498 aut
2441 4443 2672 4498 clericos
2701 4457 2896 4512 cogere
2926 4443 3164 4510 aliquos,
3195 4450 3252 4495 ut
3285 4442 3496 4496 fructus
3525 4442 3758 4495 otl'eraut

501 4531 891 4640 καρποφορεῖν,
1005 4531 1302 4627 ἀγγαρείατς
1351 4551 1572 4614 διδόναι,
1600 4548 1632 4619 ἢ
1663 4541 2012 4640 ἐπηρεάζειν,

2184 4543 2278 4589 aut
2327 4535 2580 4605 angarias
2631 4539 2887 4603 przesteut
2919 4550 2933 4586 :
2965 4531 3049 4586 vel
3096 4542 3382 4602 propterea
3429 4548 3645 4599 vexare,
3675 4533 3758 4586 vel

501 4631 802 4729 ἀφορίζειν,
843 4655 876 4724 ἢ
925 4647 1359 4720 ἀναθεματίζειν,
1405 4643 1438 4714 ἢ
1487 4643 1560 4712 μὴ
1595 4636 1901 4710 βαπτίζειν,
1926 4635 1965 4729 ἢ
1997 4631 2072 4729 μή

501 4750 704 4805 διδόναι
731 4744 1012 4800 κοινωνίαν
1039 4741 1127 4795 διὰ
1149 4738 1342 4799 ταῦτα,
1374 4735 1474 4788 κᾶν
1499 4733 1619 4794 ἔθος
1643 4729 1884 4783 τοιοῦτον
1921 4724 2078 4794 ἐκρά-

503 4856 691 4911 τησεν
721 4838 748 4888 ὁ
768 4836 824 4889 δέ
852 4832 1226 4904 παραϐαίνων,
1253 4827 1469 4880 ἐπίπτει
1501 4823 1598 4892 τῆς
1627 4817 1959 4888 Ἐκκλησίας
1981 4814 2079 4911 καὶ

504 4909 602 5003 τῆς
630 4931 948 5000 διοικήσεως
998 4926 1188 4995 αὐτῆς,
1219 4922 1312 4975 καὶ
1332 4919 1512 4971 δίδωσι
1546 4914 1576 4968 ι’
1633 4914 1822 4985 λίτρας
1859 4930 1873 4944 ·
1905 4909 2082 4964 ταῦτα

506 4999 572 5077 δέ.⁷
618 4999 811 5094 κρατεῖ
854 5022 913 5072 ἐν
968 5018 1102 5088 μόνῃ
1142 5015 1207 5084 τῇ
1253 5008 1607 5082 βασιλευούσῃ
1652 5005 1746 5059 καὶ
1785 5007 1852 5074 τῇ
1897 4999 2082 5094 ἐνορία

507 5093 700 5185 αὐτῆς,
737 5115 830 5167 καὶ
866 5116 979 5175 τοῖς
1015 5110 1276 5180 ἀνήκουσι
1302 5105 1488 5166 τόποις
1525 5098 1938 5172 μητροπολίτου,
1978 5093 2082 5146 ὑπὸ

509 5211 603 5265 τοῦ
630 5209 968 5280 πατριάρχου
1021 5196 1534 5272 χειροτονουμένοις,
1566 5195 1734 5265 ἣτοίς
1768 5191 1828 5255 ἐξ
1860 5189 2083 5242 ἐκείνων

511 5279 814 5372 γινομένοις
857 5294 1204 5354 ἐπισκόποιςο
1265 5290 1360 5343 καὶ
1402 5290 1436 5358 ἡ
1471 5283 1530 5351 ιζ’
1577 5287 1715 5338 διάτ.
1747 5282 1841 5335 τοῦ
1879 5279 1931 5334 ἀ’
1974 5279 2082 5332 τίτ.

511 5396 620 5448 τῶν
645 5391 876 5462 Νεαρὼν
921 5403 1107 5459 φησιν,
1143 5384 1227 5436 ὅτι
1275 5381 1570 5439 ἐπίσκοπος
1621 5376 1652 5446 ἦ
1691 5371 2083 5444 πρεσϐύτερος,

514 5487 680 5557 χωρὶς
721 5480 1012 5548 κανυνικῆς
1046 5475 1243 5539 αἰτίας,
1287 5471 1563 5540 ἀφορίζων
1605 5467 1728 5520 τινὰ
1763 5466 1860 5535 τῆς
1893 5480 2087 5517 κοινω-

514 5579 656 5642 νίας,
685 5575 947 5644 λυομένου
994 5569 1088 5623 τοῡ
1121 5563 1401 5637 χωρισμοῦ
1442 5561 1545 5615 ὑπὸ
1594 5557 1686 5612 τοῦ
1733 5557 1976 5628 μείζονος
2010 5557 2088 5607 is-

521 5671 678 5742 ρέως,
707 5667 868 5730 αὐτὸς
911 5661 1271 5729 ἀκοινώνητος
1322 5656 1562 5725 γίνεται,
1605 5652 1687 5721 ἐφ’
1729 5652 1850 5704 ὅσον
1899 5649 2089 5719 χρόνον

520 5757 702 5829 ἱερεὺς
735 5755 825 5823 ὑφ’
847 5755 906 5810 ὃν
929 5751 1077 5808 τελεῖ
1100 5747 1320 5803 συνίδοι.

2176 4628 2675 4692 θςοοιυιιιυηὶοιιτθ,
2701 4626 2783 4680 vel
2818 4626 3167 4680 anathemate
3204 4626 3386 4692 ferire,
3431 4628 3514 4680 vel
3546 4626 3760 4680 Eucha-

2178 4721 2348 4775 ristize
2395 4727 2800 4774 sacramentum
2855 4733 2963 4772 nou
3006 4720 3331 4787 porrigere:
3376 4718 3591 4772 tametsi
3639 4733 3766 4772 eon-

2180 4808 2466 4866 suetudine
2499 4809 2551 4861 id
2598 4807 2910 4862 invaluerit.
2964 4807 3456 4876 Transgressorem
3489 4817 3670 4860 autem
3697 4807 3767 4860 ab

2180 4899 2420 4954 Ecclesia
2448 4898 2676 4967 ejusque
2698 4897 3165 4953 administratione
3186 4897 3456 4962 excidere,
3487 4912 3551 4950 ac
3578 4898 3763 4951 decem

2182 4992 2346 5045 libras
2374 4991 2526 5044 dare.
2564 4991 2742 5059 Atque
2773 4990 2887 5044 haec
2932 4989 3150 5057 quidem
3185 4989 3238 5042 in
3271 4988 3388 5044 sola
3429 4988 3575 5056 regia
3605 4989 3763 5050 urbe,

2183 5085 2412 5154 ejusque
2460 5082 2762 5146 territorio,
2810 5091 2864 5135 et
2897 5082 3032 5136 locis
3081 5092 3176 5135 aut
3209 5081 3276 5135 ad
3323 5082 3768 5149 metrOpolitanos

2187 5179 2280 5248 qui
2317 5193 2347 5230 a
2382 5175 2690 5245 patriarcha
2723 5175 3068 5238 ordinantur,
3104 5183 3198 5228 aut
3246 5173 3312 5228 ad
3352 5173 3637 5243 episcopos
3679 5174 3770 5241 qui

2188 5269 2256 5323 ab
2286 5268 2437 5322 hisce
2492 5264 2976 5338 [metropolitanis]
3028 5271 3308 5329 creantur,
3346 5264 3768 5333 pertinentibus,

2189 5361 2450 5418 obtinere.
2486 5359 2552 5413 Et
2597 5369 2776 5415 coast.
2811 5359 2868 5424 2,
2915 5359 2998 5413 tit.
3034 5373 3051 5410 ι
3083 5355 3429 5411 Novellarum
3455 5357 3530 5410 ait
3560 5373 3574 5408 :
3616 5356 3772 5420 Quod

2191 5453 2480 5522 episcopus
2514 5461 2608 5504 aut
2640 5451 2940 5520 presbyter,
2974 5450 3068 5520 qui
3095 5449 3232 5502 citra
3264 5462 3486 5503 causam
3517 5447 3572 5500 in
3609 5460 3771 5499 cano-

2192 5546 2354 5599 nibus
2415 5543 2867 5611 comprehensam
2920 5557 2950 5596 a
3014 5540 3400 5595 communione
3461 5536 3771 5606 quempiam

2194 5645 2488 5706 segregat,
2532 5635 2770 5690 resoluta
2822 5633 3168 5703 separatione
3218 5647 3312 5702 per
3373 5630 3635 5699 majorem
3683 5644 3770 5681 sa,

2197 5733 2493 5795 ecrdotcm,
2553 5729 2667 5797 ipse
2728 5737 3154 5796 quantocunque
3200 5734 3442 5794 tempore
3501 5721 3774 5777 sacerdoti

2203 5823 2288 5878 cui
2322 5825 2508 5878 subest
2533 5821 2702 5877 visum
2733 5820 2915 5884 fuerit,
2949 5836 2978 5873 a
3011 5817 3394 5875 communione
3437 5813 3770 5872 excludatur.
