4122 6478
511 384 611 452 ἿΪΗ

1685 390 1949 452 ΡΗΟΤῙΙ
1987 387 2493 454 ΡΑΤΒΙΑΒΕΗᾸΞ
2525 391 2636 452 CP.

3704 397 3822 460 732

586 473 753 545 259
784 475 864 529 CA
879 475 938 530 Ρ.
970 475 1042 531 Χ.
1066 475 1230 532 --De
1263 481 1524 548 separatis
1553 491 1647 535 aut
1670 481 1838 549 pulsis
1868 478 2107 533 Ecclesia

2283 479 2536 532 ΚΙΞΦΑΛ.
2567 482 2626 534 l'.
2651 511 2720 522 —
2747 479 2885 548 Περὶ
2913 479 3032 535 τῶν
3058 481 3494 552 ἀφοριζομένων
3515 486 3554 554 ἣ
3582 485 3819 541 ἐκϐαλ-

515 563 590 617 υεί
613 567 1004 620 communione.

742 673 1118 745 Apostolorum
1135 696 1360 735 canones
1385 681 1471 746 12,
1503 681 1593 748 15,
1634 682 1725 746 52,
1765 685 1855 739 5|.

581 765 671 820 12.
734 766 791 822 Si
835 768 958 838 quis
1012 765 1093 801 ⁸⁸*
1123 771 1353 828 clericus
1409 772 1491 827 vel
1531 773 1705 828 laicus
1745 784 2062 846 segregatus
2087 817 2102 844 ,

514 859 633 914 sive
711 877 817 915 non
869 861 1233 931 recipiendus,
1277 864 1583 930 discedens,
1665 867 1718 920 in
1759 868 1929 923 altera
1968 870 2105 925 urbe

513 962 767 1021 receptus
839 952 1006 1007 fuerit
1072 955 1280 1026 absque
1327 956 1525 1013 litteris
1584 961 2052 1016 eommendatitiis
2087 1005 2102 1029 ,

511 1056 870 1114 segregetur,
923 1053 976 1099 et
1038 1046 1132 1116 qui
1207 1049 1457 1118 excipit,
1522 1063 1577 1105 et
1668 1053 1762 1121 qui
1843 1063 2106 1124 exceptus

511 1141 612 1188 est.

581 1247 669 1301 15.
703 1247 797 1302 Sin
829 1260 1009 1304 autent
1041 1259 1125 1306 est
1153 1265 1497 1325 segregatus,
1529 1257 1650 1327 ejus
1677 1257 1992 1314 intendatur
2021 1277 2107 1316 se-

520 1340 786 1411 gregatio.
1343 1409 1360 1430 δ

581 1431 671 1486 3‘2.
702 1434 757 1486 Si
791 1434 916 1502 quis
946 1435 1228 1508 presbyter
1254 1438 1333 1492 vel
1367 1439 1631 1496 diaconus
1660 1443 1729 1495 ab
1756 1443 2014 1514 epise0po
2037 1445 2108 1500 sit

510 1531 847 1590 segregatus,
881 1540 987 1578 non
1018 1525 1178 1581 liceat
1208 1528 1296 1581 alii
1331 1545 1455 1583 eum
1486 1534 1788 1600 suscipere,
1814 1550 1979 1603 quam
2010 1537 2105 1605 qui

511 1611 688 1681 ipsum
717 1617 1021 1685 segregavit
1057 1636 1071 1672 :
1114 1620 1221 1674 nisi
1258 1619 1400 1676 forte
1435 1606 1506 1676 sit
1530 1635 1784 1681 mortuus
1811 1627 2106 1698 episcopus

512 1706 605 1774 qui
637 1707 820 1776 ipsum
858 1712 1191 1780 segregavit.

581 1890 672 1944 5|.
702 1892 758 1945 Si
805 1894 930 1962 quis
963 1894 1272 1965 episcopus,
1323 1897 1628 1968 presbyter,
1679 1901 1762 1954 vel
1817 1901 2102 1967 diaconus,

515 1984 597 2038 vel
629 1985 854 2040 omnino
884 2001 946 2040 ex
983 1989 1309 2042 sacerdotali
1338 2005 1587 2057 numero,
1614 2007 1644 2046 a
1675 1993 1898 2062 nuptiis,
1923 1995 2105 2049 carni-

517 2073 619 2129 bus
649 2083 702 2128 et
728 2075 878 2140 vino,
904 2092 1011 2130 non
1035 2086 1256 2147 propter
1273 2081 1744 2147 exercitationem,
1767 2085 1859 2137 sed
1883 2095 2106 2153 propter

516 2165 971 2220 abominationem
1010 2169 1273 2231 abstinet,
1303 2171 1507 2227 oblitus
1539 2173 1684 2242 quod
1728 2174 1911 2230 omnia
1951 2177 2106 2232 valde

518 2259 680 2324 bona,
710 2269 763 2313 et
796 2260 924 2330 quia
961 2263 1322 2316 masculinum
1359 2273 1413 2318 et
1441 2263 1767 2319 femininum
1805 2265 1934 2322 fecit
1963 2267 2106 2326 Deus

520 2353 796 2407 hominem
824 2371 837 2406 :
873 2355 966 2408 sed
991 2355 1378 2425 blasphemans
1400 2358 1768 2413 calumniatur
1793 2362 2067 2430 opiﬁcium
2089 2380 2103 2430 ;

518 2445 601 2498 vel
629 2446 953 2516 corrigatur,
983 2447 1067 2501 vel
1091 2447 1419 2516 deponatur,
1446 2460 1501 2504 et
1529 2440 1596 2506 ex
1633 2450 1882 2508 Ecclesia
1912 2453 2106 2525 ejicia-

521 2547 628 2592 tur.
663 2539 929 2594 Similiter
969 2549 1022 2595 et
1054 2540 1250 2596 laicus.

715 2651 944 2707 Concilii
980 2653 1188 2710 Nicami
1217 2674 1442 2712 canones
1466 2658 1519 2726 5,
1569 2659 1654 2722 12,
1695 2661 1782 2722 l3,
1814 2660 1904 2717 16.

591 2743 644 2798 5.
687 2743 761 2798 De
794 2743 861 2797 iis
890 2744 983 2814 qui
1017 2760 1047 2799 a
1081 2749 1470 2805 communione
1498 2752 1768 2822 segregati
1801 2761 1950 2820 sunt,
1976 2764 2108 2821 etc.,

520 2849 576 2890 ut
609 2853 731 2907 pag.
773 2837 900 2892 674.

591 2953 682 3007 12.
723 2951 826 3018 Qui
860 2962 1040 3009 autem
1073 2970 1103 3010 a
1128 2956 1297 3026 gratia
1325 2960 1373 2989 "
1407 2959 1624 3028 quidem
1656 2963 1890 3028 evocati,
1917 2972 1971 3017 et
1996 2963 2110 3031 pri-

521 3062 669 3101 mum
711 3061 872 3101 suum
915 3048 1170 3103 ardorem
1197 3051 1582 3119 ostenderunt,
1614 3063 1668 3109 et
1697 3055 1916 3126 cingula
1945 3056 2112 3126 depo-

522 3148 773 3204 suerunt,
821 3149 1010 3209 postea
1039 3152 1219 3195 autem
1251 3152 1312 3198 ut
1344 3159 1509 3200 canes
1540 3146 1608 3200 ad
1652 3163 1814 3201 suum
1843 3149 2109 3203 vomitum

2205 569 2478 639 λομένων
2511 571 3001 640 τῆς-Ἐκκλησία(
3032 572 3070 642 ἣ
3111 573 3222 642 τῆς
3249 576 3584 644 κοινωνίας.

2511 684 2892 739 Ἀποστόλων
2916 685 3121 739 κανὼν
3145 683 3210 756 ιβ’
3238 683 3306 755 ιγ’
3329 686 3518 756 λβ¹να’.

2282 773 2368 844 ιβ’.
2401 776 2467 830 Εἴ
2511 794 2594 838 τις
2636 777 2900 848 κληρικδς
2929 777 2961 848 ἦ
2990 778 3198 843 λαῖκὸς,
3246 780 3633 851 ἀφωρισμένος
3690 783 3817 852 ἦτοι

2207 868 2452 934 ἄδεκτος,
2489 869 2744 923 ἀπελθὼν
2774 872 2832 924 ὲν
2860 871 3025 943 ἑτέρα
3057 871 3211 925 πόλει
3239 872 3424 943 δεχθῇ.
3462 874 3589 928 ἄνευ
3620 892 3819 945 γραμ-

2211 960 2398 1028 μάτων
2424 963 3138 1036 συστατικῶν,ἀφοριζέσθω
3165 965 3258 1020 καὶ
3279 967 3307 1017 6
3334 965 3623 1036 δεξάμενος
3657 966 3762 1020 καὶ
3789 969 3818 1020 ό

2206 1055 2447 1125 δεχθείς.

2280 1253 2369 1324 ιγ’.
2401 1256 2462 1308 Εἰ
2507 1255 2562 1309 δὲ
2612 1257 2995 1330 ἀφωρισμένος
3025 1259 3137 1332 εἴη,
3172 1259 3530 1314 ὲπιτεινέσθω
3582 1260 3744 1332 αὑτῷ
3786 1263 3816 1315 6

2211 1348 2539 1417 ἀφορισμός.

2280 1438 2379 1508 λβ’.
2417 1439 2483 1492 Εἴ
2502 1457 2584 1502 τις
2619 1440 3044 1513 πρεσῦύτεροςῆ
3080 1437 3327 1506 διάκονος
3353 1442 3460 1496 ὑπὸ
3499 1443 3811 1496 ἐπισκόπου

2210 1530 2434 1599 γένηται
2463 1533 2520 1581 ὲν
2540 1529 2853 1600 ἁφορισμῷ,
2883 1531 3075 1585 τοῦτον
3108 1534 3184 1602 μὴ
3211 1532 3409 1597 ἐξεῖναι
3450 1532 3581 1603 παρ’
3610 1532 3810 1602 ἑτέρου

2207 1622 2460 1692 δεχθῆναι
2488 1622 2602 1675 ἀλλ’
2631 1623 2662 1693 ἢ
2695 1624 2846 1694 παρὰ
2871 1623 2966 1676 τοῦ
3006 1623 3367 1694 ἀφορίσαντος
3401 1622 3562 1677 αὐτόν
3586 1639 3599 1651 ’
3642 1625 3695 1676 εί
3734 1623 3813 1694 μὴ

2207 1715 2273 1770 ἂν
2303 1716 2443 1770 κατὰ
2473 1715 2774 1788 συγκυρίαν
2802 1716 3102 1788 τελευτήσῃ
3135 1718 3164 1768 6
3200 1717 3468 1788 ἀφορίσας
3491 1717 3654 1770 αὐτὸν
3684 1717 3813 1768 ἐπί-

2139 1850 2180 1904 B
2211 1827 2437 1872 σκοπος.

2281 1899 2380 1955 να¹.
2412 1900 2478 1953 Εἴ
2506 1917 2589 1963 τις
2627 1900 2947 1967 ἐπίσκοπος,
2979 1901 3013 1971 ἦ
3042 1899 3437 1971 πρεσϐύτερος,
3472 1898 3504 1969 ἢ
3530 1899 3811 1965 διάκονος,

2212 1991 2410 2062 ἢόλως
2459 1989 2553 2042 τοῦ
2605 1989 2906 2059 καταλόγου
2971 1989 3066 2042 τοῦ
3130 1989 3429 2061 ἱερατικοῦ,
3479 1990 3663 2058 γάμου
3715 1992 3813 2041 καὶ

2211 2082 2389 2151 κρεῶν
2429 2083 2522 2136 καί
2551 2077 2695 2136 οἴνου
2721 2083 2784 2136 ού
2832 2082 2897 2134 δι’
2935 2081 3190 2151 ἄσκησιν,
3238 2081 3375 2135 ἀλλὰ
3403 2080 3490 2133 διὰ
3517 2079 3812 2151 βδελυρίαν

2211 2176 2494 2245 ἀπέχεται,
2521 2176 2603 2229 ὅτι
2636 2175 2814 2228 πάντα
2844 2174 2986 2227 καλὰ
3005 2173 3124 2228 λίαν
3163 2173 3258 2227 καὶ
3277 2174 3358 2226 ὅτι
3384 2173 3549 2244 ἄρσεν
3578 2174 3678 2226 καὶ
3707 2173 3811 2241 θῆ-

2211 2267 2276 2320 λυ
2305 2267 2560 2332 ὲποιήσεν
2591 2268 2618 2319 6
2652 2266 2782 2330 Θεὸς
2821 2266 2910 2320 τὸν
2943 2265 3250 2337 ἄνθρωπον,
3290 2266 3426 2318 ἀλλὰ
3451 2266 3804 2336 βλασφημῶν

2211 2359 2484 2414 διαϐάλλει
2509 2359 2605 2431 τὴν
2625 2359 3008 2429 δημιουργίαν,
3042 2359 3075 2430 ἢ
3110 2357 3440 2430 διορθούσθω
3463 2357 3495 2429 ἢ
3525 2357 3814 2426 καθαιρεί-

2216 2451 2328 2505 σθω
2359 2453 2454 2505 καί¹
2481 2453 2579 2522 τῆς
2595 2451 2920 2522 Ἐκκλησίας
2954 2451 3344 2506 ἁποὸαλλέσθω
3371 2468 3385 2483 ·
3411 2451 3676 2515 ὡσαύτως
3717 2451 3812 2504 καὶ

2214 2543 2425 2608 λαῖκός.

2422 2662 2702 2718 Συνόδου
2729 2662 2978 2728 Νικαίας
3001 2662 3203 2716 κανὼν
3227 2659 3267 2715 ε’
3295 2658 3362 2732 ιβ’
3397 2659 3466 2730 ιγ’
3500 2659 3622 2726 ις.’.

2288 2754 2350 2810 ε’.
2389 2756 2526 2827 Περὶ
2556 2755 2664 2808 τῶν
2695 2756 3076 2826 ἁκοινωνήτων
3104 2754 3439 2825 γενομένων,
3479 2771 3534 2809 κ.
3564 2772 3621 2809 τ.
3650 2755 3704 2809 λ.

2293 2955 2380 3028 ιβ’.
2414 2958 2476 3010 Οί
2505 2956 2562 3009 δὲ
2589 2953 3023 3028 προσκληθέντες
3046 2955 3147 3026 μὲν
3187 2955 3419 3026 ύπὺ,τῆς
3446 2955 3693 3026 χάριτος,
3720 2956 3815 3010 καὶ

2217 3047 2316 3120 τὴν
2357 3047 2581 3120 πρώτην
2611 3049 2790 3118 ὁρμὴν
2817 3046 3204 3116 ὲνδειξάμενοι,
3233 3047 3328 3100 καὶ⁴
3357 3047 3692 3119 ἀποθέμενοι
3715 3049 3814 3110 τὰς

2220 3135 2417 3201 ζώνας,
2453 3135 2593 3205 μετὰ
2615 3134 2672 3188 δὲ
2692 3135 2867 3189 ταῦτα
2892 3135 2984 3187 ἐπὶ
3010 3135 3100 3188 τὸν
3120 3136 3320 3188 οἰκεῖον
3353 3135 3544 3206 ἔμετον
3571 3138 3815 3208 ἀναδρα-

524 3233 730 3287 reversi
763 3242 912 3299 sunt,
956 3243 1016 3289 ut
1053 3237 1301 3290 nonnulli
1347 3238 1512 3292 etiam
1551 3241 1842 3308 pecuniam
1878 3241 2109 3310 profun-

2221 3227 2416 3299 μόντες
2441 3228 2515 3291 ὠς
2564 3227 2746 3291 κύνες,
2781 3227 2853 3290 ὥς
2895 3245 3046 3292 τινας
3107 3230 3202 3281 καὶ
3237 3229 3478 3298 ἀργύρια
3522 3230 3813 3300 προέσθαι,

523 3323 738 3386 dercnt,
796 3333 851 3378 ct
898 3325 1178 3381 beneﬁciis
1229 3328 1496 3383 malitiam
1558 3342 2003 3401 asscquerentur,
2055 3333 2107 3386 Iri

525 3413 712 3469 decem
750 3414 908 3468 annis
939 3425 1359 3484 prosternantur
1413 3417 1710 3486 supplices,
1771 3419 1934 3474 etiam
1987 3428 2113 3488 post

527 3507 746 3562 triennii
799 3507 1099 3563 auditionis
1133 3517 1368 3578 tempus.
1403 3509 1462 3563 In
1496 3509 1581 3564 his
1629 3519 1808 3565 autem
1856 3511 2113 3568 omnibus

527 3599 843 3654 examinare
904 3601 1162 3655 convenit
1219 3601 1511 3656 consilium
1568 3611 1622 3656 et
1676 3603 1914 3672 speciem
1951 3604 2116 3675 260

527 3691 886 3761 poenitentiae.
918 3691 1248 3762 Quicunque
1277 3692 1422 3748 enim
1456 3703 1510 3747 et
1543 3704 1714 3757 metu,
1746 3703 1801 3749 et
1831 3695 2114 3766 lacrymis,

530 3794 588 3840 et
635 3785 950 3851 tolerantia,
994 3795 1050 3840 et
1098 3785 1258 3841 bonis
1307 3787 1570 3856 operibus
1605 3789 2016 3844 conversionem
2063 3799 2120 3844 et

532 3890 698 3944 opere
744 3884 799 3928 et
834 3874 1024 3928 habitu
1071 3875 1388 3939 ostendunt,
1431 3874 1485 3928 hi
1544 3875 1770 3944 impleto
1821 3874 2118 3930 auditionis

531 3976 783 4037 tempore
830 3967 974 4036 quod
1021 3967 1346 4036 przeﬁnitum
1393 3975 1498 4033 est,
1559 3965 1764 4023 merito'
1804 3965 2120 4022 orationum

531 4059 980 4114 communionem
1010 4058 1311 4120 habebunt,
1347 4073 1469 4114 cum
1504 4074 1570 4114 eo
1600 4059 1746 4129 quod
1772 4060 1936 4114 liceat
1954 4061 2119 4114 etiam

531 4150 791 4221 episcopo
832 4150 1130 4205 humanius
1171 4149 1378 4219 aliquid
1409 4148 1477 4203 de
1516 4151 1594 4203 eis
1631 4159 1871 4206 statuere
1890 4151 1959 4206 ³ο.
1991 4149 2124 4216 Qui-

532 4257 754 4312 cunque
812 4251 994 4296 antem
1050 4257 1159 4295 non
1213 4243 1350 4296 adeo
1402 4244 1640 4312 graviter
1697 4243 1962 4308 tulerunt,
2022 4257 2125 4297 nec

533 4333 766 4387 multum
825 4349 924 4388 sua
975 4333 1183 4388 referre
1229 4335 1640 4400 existimarunt,
1705 4336 1952 4405 satisque
2003 4351 2125 4392 esse

532 4434 798 4496 putarunt
862 4426 916 4481 in
965 4428 1231 4482 ecclesias
1285 4429 1495 4499 ingredi
1561 4430 1627 4483 ad
1684 4429 2123 4496 conversionem,

537 4529 754 4590 tempus
791 4521 1018 4577 omnino
1048 4521 1334 4592 impleant.

608 4634 693 4687 15.
739 4632 811 4688 De
853 4634 918 4689 iis
950 4634 1045 4704 qui
1096 4636 1367 4690 excedunt
1390 4636 1458 4702 δι,
1489 4637 1713 4707 antiqua
1759 4646 1813 4692 et
1860 4638 2124 4693 canonica

536 4724 624 4777 lex
656 4740 802 4778 nunc
833 4741 1052 4796 quoque
1099 4729 1432 4794 servabitur,
1473 4738 1534 4785 ut
1564 4731 1610 4787 si
1645 4731 1772 4801 quis
1812 4732 1922 4786 vita
1957 4747 2123 4787 exce-

541 4815 656 4877 dat,
687 4813 881 4868 ultimo
909 4823 963 4869 et
997 4818 1236 4872 maxime
1278 4821 1592 4874 necessario
1622 4821 1823 4876 viatico
1852 4837 1921 4877 ne
1947 4823 2128 4891 prive—

544 4914 653 4958 tur.
687 4905 743 4958 Si
775 4915 956 4960 autem
990 4907 1303 4977 deploratus
1332 4920 1385 4964 et
1413 4915 1861 4970 communionem
1903 4930 2128 4970 assecu-

544 5005 633 5051 tus
671 5012 867 5052 rursus
895 4999 948 5053 in
980 4999 1136 5055 vivos
1172 5003 1378 5057 relatus
1420 5005 1492 5058 sit
1527 5021 1652 5060 cum
1701 5006 1766 5060 iis
1797 5008 1890 5077 qui
1921 5008 2128 5062 oratio-

546 5103 675 5142 num
745 5096 874 5141 sunt
938 5096 1147 5144 tantum
1219 5094 1622 5150 communionis
1687 5097 2002 5166 participes.
2069 5095 2128 5150 ln

548 5194 762 5233 summa
796 5189 1008 5243 autem,
1049 5183 1116 5235 de
1158 5185 1405 5250 quolibet
1444 5189 1741 5242 excedente
1781 5197 1835 5243 et
1865 5189 2126 5244 Euchari-

549 5273 667 5324 stire
717 5271 1195 5341 participationem
1244 5284 1496 5344 petente,
1549 5293 1674 5333 cum
1730 5281 2137 5336 examinatione

550 5364 882 5418 oblationem
918 5365 1216 5434 impertiat.

628 5543 708 5600 16.
750 5544 1075 5616 Quicunque
1121 5557 1345 5615 temere,
1370 5557 1500 5616 etc.,
1533 5561 1589 5606 ut
1621 5567 1743 5622 pag.
1769 5552 1895 5608 56:2.

628 5720 852 5778 “"(Ian.
892 5728 1096 5781 Nicren.

1175 5728 1220 5805 ’ξ’
1245 5727 1409 5805 Neoc.
1443 5732 1474 5784 5
1497 5747 1532 5805 ;7
1557 5731 1732 5805 :Afric.
1769 5735 1867 5798 10;
1919 5732 2082 5805 Siric.
2132 5733 2197 5798 5;
2236 5735 2424 5791 lnnoc.
2473 5738 2570 5805 10;
2602 5737 2801 5793 Leonis
2834 5737 2924 5792 Ἡ.

2212 3319 2310 3373 καὶ
2343 3320 2674 3390 βενεεςικίοις
2733 3318 3081 3389 κατορθῶσαι
3131 3319 3190 3372 τὺ
3246 3321 3814 3391 ἀναστρατεύσασθαι,

2213 3407 2358 3466 οὗτοι
2395 3413 2526 3465 δέκα
2566 3411 2665 3482 ἐτη
2711 3412 3191 3477 ύποπιπτέτωσαν,
3237 3414 3374 3482 μετὰ
3402 3414 3493 3466 τὸν
3552 3415 3655 3485 τῆς
3697 3433 3815 3483 τρι-

2214 3502 2368 3567 ετοῦς
2397 3503 2715 3574 ἀκροάσεως
2754 3505 2944 3576 χρόνον
2977 3520 2990 3533 ·
3027 3506 3110 3572 ἐφ’
3129 3503 3298 3556 ἅπασι
3325 3503 3379 3556 δὲ
3407 3504 3618 3568 τούτοις
3650 3522 3789 3572 προσ

2217 3597 2342 3668 ήκει
2397 3595 2670 3660 ἐξετάζειν
2733 3595 2832 3666 τὴν
2874 3596 3194 3667 προαίρεσιν
3250 3598 3336 3668 καὶ
3405 3596 3463 3650 τὸ
3534 3593 3676 3661 εἶδος
3721 3597 3816 3666 τῆς

2221 3686 2542 3754 μετανοίας·
2607 3687 2722 3739 ὅσοι
2784 3687 2884 3756 μὲν
2935 3686 3044 3756 γὰρ
3093 3685 3241 3756 φόϐῳ
3287 3685 3385 3739 καὶ
3437 3686 3674 3757 δάκρυσι
3723 3686 3818 3739 καὶ

2222 3781 2468 3850 ὑπομονῇ
2501 3778 2596 3831 καὶ
2625 3777 3018 3848 ἁγαθοεργίαις
3037 3777 3136 3849 τὴν
3167 3766 3523 3848 ὲπιστροςέὴν,
3547 3779 3698 3850 ἔργῳ
3726 3778 3816 3832 καὶ

2221 3874 2283 3927 ού
2333 3873 2575 3942 σχήματι
2626 3871 3052 3938 ἐπιδείκνυνται,
3105 3865 3251 3923 οὗτοι
3298 3869 3689 3942 πληρώσαντες
3731 3869 3816 3922 τὸν

2222 3964 2416 4036 χρόνον
2450 3963 2542 4016 τὸν
2583 3962 2891 4032 ὡρισμένον
2933 3961 3030 4031 τῆς
3063 3962 3412 4032 ἀκροάσεως,
3451 3960 3679 4024 εἰκότως
3713 3959 3815 4012 τῶν

2225 4057 2400 4126 εὐχῶν
2433 4055 2848 4125 κοινωνήσουσι,
2885 4053 3025 4123 μετᾶ
3051 4052 3145 4106 τοῦ
3185 4053 3384 4117 ἐξεῖναι
3415 4053 3492 4123 τῷ
3514 4052 3813 4120 ὲπισκόπῳ,

2226 4149 2322 4202 καὶ
2354 4147 2865 4218 φιλανθρωπότερόν
2894 4163 2948 4200 τι
2986 4147 3114 4217 περὶ
3144 4145 3322 4199 αὐτῶν
3373 4146 3764 4216 βουλεύσασθαι
3795 4161 3809 4175 ο

2229 4240 2340 4293 ὅσοι
2365 4238 2419 4290 δὲ
2444 4236 2744 4307 ἀδιοφόρως
2771 4237 3032 4307 ἤνεγκαν,
3060 4235 3230 4289 καὶτὸ
3256 4235 3442 4305 σχῆμα
3474 4235 3565 4288 τοῦ
3597 4235 3813 4289 εἰσιέναι

2229 4331 2310 4392 εἰς
2340 4330 2439 4401 τὴν
2486 4329 2784 4399 ἐκκλησίαν
2815 4330 3007 4399 ἀρκεῖν
3049 4329 3234 4390 αὐτοῖς
3261 4328 3535 4398 ἡγήσαντο
3561 4328 3698 4399 πρὸς
3723 4326 3813 4396 τὴν

2230 4423 2569 4496 ἐπιστροφὴν
2596 4465 2610 4490 ,
2638 4417 2784 4478 οὗτοι
2807 4422 3110 4488 ὲξάπαντος
3142 4419 3539 4491 πληρούτωσαν
3568 4421 3664 4476 τὸν
3692 4418 3813 4492 χρό-

2233 4534 2341 4571 νον.

2307 4629 2395 4698 ιγ’.
2437 4629 2576 4700 Περὶ
2626 4628 2684 4682 δὲ
2717 4628 2824 4681 τῶν
2852 4627 3209 4694 ὲξοδευόντων
3235 4667 3249 4691 ,
3283 4625 3313 4678 6
3345 4625 3573 4689 παλαιὸς
3601 4625 3695 4679 καὶ
3727 4639 3812 4675 και

2235 4723 2446 4787 νονικὸς
2493 4723 2656 4793 νόμος
2713 4721 3122 4792 φυλαχθήσεται
3177 4719 3274 4774 καὶ
3301 4719 3417 4783 νῦν,
3474 4717 3614 4771 ὥστε
3651 4717 3815 4775 εἴτις

2235 4818 2470 4886 ὲξοδεύοι
2494 4861 2508 4882 ,
2545 4815 2640 4870 τοῦ
2686 4816 2998 4869 τελευταίου
3031 4815 3125 4868 καὶ
3157 4814 3586 4882 ἀναγκαιοτάτου
3614 4808 3814 4881 ὲφοδίου

2233 4911 2425 4965 τοῦτον
2471 4910 2546 4982 μὴ
2587 4910 3013 4980 ἀποστερεῖσθαι
3046 4922 3059 4936 '
3105 4909 3154 4961 εἰ
3201 4907 3258 4960 δὲ
3309 4906 3683 4975 ἀπογνωσθεὶς
3731 4899 3814 4956 καὶ

2236 5004 2526 5067 κοινωνίας
2555 5001 2759 5072 τυχὼν,
2797 5002 2936 5073 μετὰ
2963 5002 3070 5054 τῶν
3096 5000 3500 5054 κοινωνούντων
3533 4998 3636 5066 τῆς
3661 4994 3814 5065 εύχῆς

2241 5097 2410 5166 μόνης
2441 5094 2604 5160 ἔστω,
2651 5095 2811 5165 ἄχρις
2841 5093 2909 5147 ἂν
2943 5092 3208 5163 πληρωθῇ
3239 5092 3268 5144 6
3318 5090 3559 5161 ὁρισθεὶς
3592 5089 3693 5144 ὑπὸ
3725 5085 3815 5153 τῆς

2241 5187 2485 5257 μεγάλης
2530 5186 2747 5239 συνόδου
2778 5186 2966 5255 χρόνος
2990 5201 3006 5219 ο
3035 5184 3266 5238 καθόλου
3291 5183 3347 5236 δὲ
3385 5185 3479 5237 καὶ
3520 5183 3651 5254 περὶ
3688 5195 3812 5232 παν·-

2238 5281 2327 5343 τὸς
2355 5277 2666 5333 οὑτινοσοῦν
2705 5277 3063 5341 ὲξοδεύοντος,
3101 5276 3378 5339 αἰτοῦντος
3413 5275 3508 5329 τοῦ
3540 5270 3811 5346 μετασχεῖν

2243 5370 2618 5442 εὐχαριστίας,
2660 5369 2689 5420 6
2734 5367 3034 5431 ἐπίσκοπος
3081 5367 3218 5438 μετὰ
3248 5365 3575 5438 δοκιμασίας
3613 5359 3812 5418 μεταδι-

2241 5465 2379 5518 δὸτω
2402 5465 2502 5534 τῆς
2533 5463 2871 5533 προσφορᾶς.
3455 5454 3464 5462 ’

2318 5573 2379 5621 ις
2405 5597 2416 5610 .
2445 5558 2601 5611 Ὅσοι
2636 5555 3046 5626 ῥιψοκινδύνως,
3080 5573 3135 5610 κ.
3158 5573 3210 5610 τ.
3239 5557 3290 5612 λ.

3005 5739 3047 5769 ³ο
3104 5736 3312 5792 Valent.
3342 5732 3427 5787 l9.
3504 5736 3544 5767 ³¹
3573 5729 3708 5787 Arel.
3741 5721 3800 5788 δι

563 5790 752 5848 Cattlt.
789 5795 857 5864 7;
903 5796 1112 5852 Valent.
1145 5799 1252 5861 ‘21;
1295 5790 1614 5870 lnnocleil;
1653 5790 1878 5861 Caelesti.
1915 5804 2024 5870 15;
2059 5790 2257 5860 Leonis
2286 5806 2375 5858 2i.
