4122 6462
353 335 458 398 733
1165 346 1569 411 SYNTAGMA
1604 354 1992 418 CANONUM.
2020 382 2088 393 -
2115 362 2264 424 TIT.
2308 364 2412 438 IX,
2452 365 2612 429 CAP.
2653 363 2733 424 X.
3516 369 3620 432 73!.

634 455 896 512 Συνὸδου
939 458 1301 528 Ἀντιοχείας
1337 465 1537 519 κανὼν
1567 466 1640 531 ς’.

2391 477 2617 533 Concilii
2650 479 2960 533 Antiocheni
2991 497 3160 534 canon
3196 481 3246 536 6.

423 545 486 598 Εἰ
512 564 594 609 τις
622 547 726 599 ύπὺ
764 548 858 601 τοῦ
915 549 1046 603 ἰδίου
1098 553 1402 608 ἐπισκόπου
1456 557 1816 632 ἀκοινώνητος
1846 579 1938 632 γε-

2115 565 2172 619 Si
2225 567 2349 636 quis
2404 583 2432 620 a
2478 567 2975 638 proprioepiscopo
3012 569 3174 625 fuerit
3235 576 3611 630 excommuni-

349 639 498 706 γόνε,
515 657 565 692 κ,
597 657 648 696 τ.
679 639 728 695 λ.

2044 665 2220 724 catus,
2248 668 2382 722 etc.,
2407 667 2463 712 ιιι
2494 675 2616 727 pag.
2645 658 2772 716 248.

627 754 900 809 Συνόδου
941 755 1295 824 Λαοδικείας
1326 759 1529 814 κανὼν
1550 761 1661 828 λς’.

2395 770 2626 826 Concilii
2655 771 2942 827 Laodicem’
2971 791 3144 829 canon
3177 777 3267 831 56.

427 866 548 920 Ὀτι
606 867 668 920 οὐ
698 868 803 956 δεῖ
859 871 1171 940 ἰερατικοὺς
1213 873 1246 944 ἦ
1284 874 1599 946 κληρικοὺς,
1652 879 1860 949 μάγους
1901 880 1936 953 ἧ

2111 882 2265 950 Quod
2319 898 2429 937 non
2481 893 2695 953 oportet
2755 900 2852 941 eos
2916 887 3008 954 qui
3057 897 3184 942 sunt
3237 890 3481 956 sacrati,
3539 893 3624 946 vel

351 958 636 1022 ὲπαοιδοὺς
671 954 832 1024 εἶναι,
864 961 897 1032 ἢ
940 963 1379 1034 μαθηματικοὺς,
1410 968 1441 1037 ἢ
1482 968 1868 1040 ἀστρολόγους,
1903 972 1936 1043 ἢ

2044 977 2245 1044 clerici,
2291 992 2416 1032 esse
2457 993 2668 1048 magos,
2712 979 2797 1033 vel
2849 979 3242 1048 incantatores,
3280 983 3365 1038 vel
3409 985 3625 1039 mathe-

352 1051 532 1104 ποιεῖν
560 1051 628 1103 τὰ
661 1051 926 1122 λεγόμενα
952 1055 1324 1130 φυλακτήρια,
1375 1059 1533 1114 ἅτινά
1579 1061 1695 1113 ἐστι
1725 1061 1938 1128 δεσμω-

2044 1067 2292 1132 maticos,
2317 1067 2401 1121 vel
2431 1071 2757 1138 astrologos,
2781 1070 2863 1123 vel
2897 1069 3078 1125 facere
3111 1085 3173 1124 ea
3207 1088 3328 1141 quae
3362 1073 3623 1127 dicuntur

349 1141 518 1209 τήρια
539 1139 648 1191 τῶν
678 1139 865 1211 ψυχῶν
898 1144 1076 1197 αὐτῶν
1096 1161 1110 1176 ο
1146 1147 1271 1208 τοὺς
1297 1147 1354 1200 δὲ
1390 1148 1713 1220 φοροῦντας,
1751 1153 1932 1221 ῥίπτε-

2044 1160 2314 1223 amuli-ta,
2377 1174 2499 1228 quae
2551 1161 2770 1228 quidem
2828 1171 2959 1214 sunt
3004 1163 3250 1230 ipsarum
3308 1165 3620 1217 animarum

355 1228 480 1282 σθαι
510 1229 575 1281 ἐκ
595 1231 693 1300 τῆς
734 1231 1064 1304 Ἑκκλησίας
1093 1236 1484 1310 ἐκελεύσαμεν.

2044 1252 2256 1305 vincula
2306 1269 2318 1305 :
2377 1266 2472 1306 eos
2528 1261 2708 1307 autem
2769 1255 2863 1322 qui
2933 1253 3140 1320 ferunt,
3195 1254 3320 1324 ejici
3378 1254 3622 1312 Ecclesia

2035 1357 2329 1410 jussnnus.

584 1419 857 1488 Συνόδου
891 1437 1279 1505 Χαλκηδόνος
1307 1441 1508 1496 κανών
1533 1441 1576 1496 δ’
1615 1451 1713 1509 ις’.

2251 1452 2479 1507 Concilii
2509 1452 2951 1508 Chalcedonensis
2982 1473 3204 1509 canones
3232 1459 3282 1522 ὦ,
3316 1457 3404 1510 l6.

425 1545 486 1601 δ’.
515 1550 576 1602 Οί
607 1550 824 1619 ἀληθῶς
846 1551 939 1605 καὶ¹
967 1554 1279 1624 εἰλικρινῶς
1305 1556 1395 1609 τὸν
1423 1560 1636 1630 μονήρη
1664 1561 1941 1631 μετιόντες

2115 1571 2172 1624 4.
2201 1568 2305 1634 Qui
2336 1582 2463 1622 vere
2490 1575 2544 1621 et
2572 1567 2785 1621 sincere
2825 1568 3185 1622 monasticam
3223 1570 3390 1624 vitam
3427 1586 3622 1642 aggre-

356 1638 493 1707 βίον,
514 1641 614 1710 τῆς
657 1643 1045 1714 προσηκούσης
1069 1646 1443 1709 ἀξιούσθωσαν
1487 1652 1655 1722 τιμῆς
1690 1668 1706 1682 ·
1752 1655 1938 1726 ἐπειδὴ

2044 1662 2287 1723 diuntur,
2321 1659 2478 1728 261
2509 1659 2656 1727 digni
2688 1659 3032 1712 convenienti
3063 1661 3270 1714 honore
3300 1661 3620 1716 habeantur.

352 1728 413 1780 δέ
446 1746 590 1792 τινες
621 1729 698 1800 τῷ
734 1733 1014 1803 μοναχικῷ
1045 1736 1376 1806 κεχρημένοι
1426 1743 1801 1810 προσχήματι,
1841 1745 1941 1807 τάς

2044 1751 2313 1817 Quoniam
2387 1759 2567 1804 autem
2647 1750 2898 1802 nonnulli
2974 1752 3299 1805 monachico
3361 1763 3624 1821 praetextu

353 1837 413 1872 τε
457 1822 780 1891 Ἐκκλησίας
822 1825 915 1878 καὶ
946 1825 1013 1878 τὰ
1053 1827 1308 1881 πολιτικὰ
1335 1829 1758 1901 διαταράσσονσι
1802 1836 1941 1906 πρά-

2045 1854 2279 1909 utentes,
2319 1850 2373 1896 et
2403 1841 2696 1907 Ecclesias,
2727 1853 2782 1895 et
2812 1842 3031 1911 negotia
3063 1842 3243 1896 civilia
3281 1845 3623 1912 perturbant,

353 1927 562 1980 γματα,
601 1915 904 1984 περιιόντες
928 1917 1196 1986 διαφόρως
1223 1922 1282 1971 ἐν
1313 1923 1435 1983 ταῖς
1466 1921 1704 1987 πόλεσιν,
1740 1925 1799 1976 οὐ
1836 1925 1941 1995 μὴν

2044 1946 2094 1990 et
2127 1944 2355 1998 temere,
2387 1935 2524 1988 citra
2562 1933 2727 1986 ullam
2759 1933 3094 1988 discriminis
3122 1935 3408 2000 rationem,
3439 1938 3492 1989 in
3531 1953 3624 1990 ur-

353 2002 490 2054 ἀλλὰ,
517 2005 610 2056 καὶ
630 2007 970 2074 μοναστήρια
996 2009 1254 2077 συνιστᾷν
1271 2010 1485 2072 ἑαυτοῖς
1502 2011 1939 2082 ἐπιτηδεύοντες,

355 2088 503 2156 ἔδοξε
529 2091 730 2160 μηδένα
759 2093 856 2161 μὲν
877 2095 1124 2165 μηδαμοῦ
1143 2097 1468 2167 οἰκοδομεῖν,
1505 2102 1578 2171 μὴ
1606 2102 1660 2154 δὲ
1686 2107 1942 2176 συνιστᾷν

359 2185 722 2253 μοναστήριον
747 2184 779 2251 ἢ
811 2185 1103 2255 εύκτήριον
1122 2182 1268 2241 οἷκον
1291 2230 1306 2256 ,
1330 2193 1482 2262 παρὰ
1502 2192 1828 2264 γνώμηντοῦ
1848 2199 1943 2265 τῆς

357 2273 564 2336 πόλεως
595 2275 917 2330 ἐπισκόπου·
956 2279 1086 2342 τοὺς
1118 2280 1244 2333 καθ’
1264 2283 1501 2354 ἑκάστην
1527 2285 1682 2338 πόλιν
1709 2288 1803 2340 καὶ
1832 2287 1942 2359 χώ-

2045 2029 2202 2084 bihus
2251 2029 2775 2090 circumcursantcs,
2818 2028 3122 2096 quinetiam
3154 2029 3490 2082 monasteria
3519 2028 3626 2083 sibi

2044 2123 2380 2176 constituere
2425 2119 2729 2183 studentes,
2773 2119 2955 2174 visunt
2995 2127 3079 2174 est
3146 2121 3357 2174 nullum
3391 2136 3626 2189 usquam

2044 2212 2315 2266 aedificare
2366 2227 2464 2266 nec
2502 2218 2826 2265 construere
2872 2225 3033 2279 posse
3075 2211 3493 2277 monasterium,
3541 2213 3627 2266 vel

2044 2299 2340 2354 oratoriam
2396 2298 2641 2357 domum.
2689 2307 2887 2366 prteter
2933 2300 3258 2352 sententiam
3295 2299 3467 2369 ipsius
3495 2300 3629 2356 civi-

359 2382 460 2435 ραν
492 2367 820 2435 μονάζοντας
866 2369 1233 2442 ὑποτετάχθαι
1263 2373 1340 2443 τῷ
1386 2375 1692 2448 ὲπισκόπῳ,
1729 2379 1820 2431 καὶ
1846 2379 1941 2446 τὴν

2049 2395 2174 2450 latis
2209 2394 2449 2464 episcopi
2484 2411 2497 2447 :
2535 2394 2836 2447 monachos
2863 2403 3070 2460 autem,
3104 2395 3196 2464 qui
3231 2407 3360 2449 sunt
3401 2396 3460 2450 in
3491 2413 3630 2452 una-

355 2458 586 2529 ἡσυχίαν
607 2460 968 2529 ἀσπάζεσθαι,
1011 2465 1104 2517 καὶ
1141 2467 1436 2537 προσέχειν
1467 2468 1603 2541 μόνῃ
1626 2473 1690 2541 τῇ
1718 2473 1941 2544 νηστείᾳ

2046 2500 2260 2553 quaque
2289 2484 2513 2551 regione
2545 2490 2599 2535 et
2619 2482 2860 2545 civitate,
2886 2482 3144 2551 episeopo
3174 2482 3451 2551 subjectos
3480 2498 3626 2544 esse,

357 2553 452 2605 καὶ
479 2556 543 2623 τῇ
573 2557 869 2624 προσευχῇ,
902 2555 958 2610 ὲν
985 2552 1065 2619 οἷς
1090 2556 1278 2621 τόποις
1297 2559 1640 2625 ἁπετάξαντο
1659 2580 1941 2634 προσκαρ-

2045 2552 2098 2628 et
2128 2575 2367 2645 quietem
2401 2573 2674 2642 amplecti,
2711 2583 2766 2628 et
2814 2573 2915 2627 soli
2939 2574 3150 2642 jejunio
3183 2583 3236 2627 et
3266 2574 3500 2628 orationi
3531 2589 3630 2628 va-

367 2643 640 2715 ιεροῦντες
667 2663 680 2675 ·
717 2649 852 2717 μήτε
873 2647 928 2700 δὲ
959 2647 1438 2719 ἐκκλησιαστικοῖς
1456 2692 1471 2716 ,
1503 2655 1642 2725 μήτε
1668 2655 1941 2725 βιωτικοῖς

2047 2643 2193 2730 care,
2241 2667 2295 2722 in
2347 2666 2548 2735 quibus
2578 2665 2812 2718 ordinati
2857 2677 2988 2719 sunt
3037 2665 3169 2720 locis
3201 2664 3414 2720 fortiter
3441 2681 3627 2736 perse-

359 2736 714 2806 παρενοχλεῖν
749 2739 1070 2809 πράγμασιν
1104 2741 1136 2811 ἢ
1173 2741 1569 2806 ἐπικοινωνεῖν,
1599 2745 1941 2816 καταλιμπά·

2046 2768 2322 2818 verantes.
2350 2773 2451 2812 nec
2498 2756 2909 2821 ecclesiasticis,
2941 2771 3044 2810 nec
3074 2757 3429 2812 sateularibus
3463 2772 3632 2828 nego-

357 2845 546 2890 νοντας
576 2829 647 2882 τὰ
683 2829 791 2882 ἴδια
822 2833 1186 2902 μοναστήρια,
1222 2836 1270 2887 εἰ
1300 2837 1374 2904 μή
1415 2852 1546 2888 ποτε
1573 2837 1680 2908 ἄρα
1722 2840 1941 2909 ἐπιτρα-

2047 2850 2137 2905 tiis
2169 2864 2226 2904 se
2273 2849 2543 2919 ingerere,
2583 2847 2669 2902 vel
2700 2848 3132 2910 communicare,
3182 2850 3401 2918 propria
3454 2850 3624 2903 relin-

359 2923 513 2973 πεῖεν
545 2919 632 2973 διὰ
661 2923 850 2991 χρείαν
870 2924 1176 2992 ἀναγκαίαν
1211 2927 1315 2980 ὑπὸ
1344 2928 1439 2980 τοῦ
1465 2929 1564 2999 τῆς
1596 2932 1805 2994 πόλεως
1826 2935 1941 2987 ἐπι·

2047 2950 2276 3011 quentes
2335 2940 2686 3004 monasteria,
2750 2939 2857 2994 nisi
2919 2941 3252 3008 quandoque
3299 2954 3327 2992 a
3391 2939 3631 2994 civitatis

359 3011 566 3064 σκόπου
592 3027 606 3042 ⁸
657 3013 862 3083 μηδένα
889 3015 946 3067 δὲ
981 3017 1378 3086 προσδέχεσθαι
1409 3020 1467 3072 ἐν
1517 3023 1631 3084 τοῖς
1675 3040 1941 3094 μοναστη-

2049 3035 2307 3105 episcopo
2342 3034 2421 3089 eis
2472 3034 2800 3103 permissum
2845 3033 3051 3088 fuerit:
3101 3035 3308 3088 nullum
3353 3043 3532 3088 autem
3573 3036 3628 3088 in

365 3104 503 3172 ρίοις
539 3103 724 3156 δοῦλον
749 3106 841 3158 ἐπὶ
870 3105 945 3176 τῷ
971 3109 1224 3177 μονάσαι,
1249 3111 1400 3179 παρὰ
1434 3111 1661 3184 γνώμην
1686 3114 1780 3167 τοῦ
1816 3116 1941 3169 ἰδίου

2051 3125 2370 3182 monasterii
2401 3141 2618 3179 servum
2658 3125 2846 3190 recipi,
2882 3127 2947 3178 ad
2987 3127 3086 3178 hoc
3112 3137 3171 3179 ut
3204 3127 3276 3180 sit
3307 3127 3632 3190 monachus,

361 3194 647 3249 δεσπότου·
672 3198 763 3250 τὸν
781 3197 836 3250 δὲ
858 3200 1268 3267 παραϐαίνοντα
1291 3201 1480 3256 τοῦτον
1509 3204 1666 3273 ἡμῶν
1692 3207 1782 3258 τδν
1798 3207 1941 3277 ὅρον,

2053 3231 2250 3292 prteter
2295 3220 2629 3274 voluntatem
2681 3218 2765 3272 sui
2825 3218 3054 3272 domini.
3114 3218 3249 3271 Eum
3302 3226 3482 3272 autem
3540 3217 3635 3286 qui

361 3285 646 3355 ώρίσαμεν
697 3289 1060 3358 ἀκοινώνητον
1118 3287 1280 3358 εἶναι,
1326 3293 1411 3345 ἵνα
1459 3295 1533 3364 μὴ
1564 3296 1624 3348 τὸ
1655 3297 1824 3366 ὄνομα
1856 3298 1941 3351 τοῦ

2053 3315 2194 3368 hanc
2245 3322 2492 3366 nostram
2538 3311 2914 3364 definitionem
2964 3310 3389 3380 transgreditur,
3439 3309 3636 3364 defini-

365 3382 502 3434 Θεοῦ
533 3383 920 3452 βλασφημῆται
951 3403 966 3418 ·
998 3387 1088 3440 τὸν
1137 3390 1234 3457 μέν
1273 3407 1355 3442 τοι
1389 3391 1686 3444 ἐπίσκοπον
1721 3394 1821 3461 τῆς
1855 3394 1941 3447 πό·

2055 3421 2176 3460 mns
2213 3421 2336 3459 esse
2388 3404 2948 3466 excommunicatum,
2998 3417 3066 3456 ne
3115 3417 3311 3455 nomen
3363 3401 3454 3454 Dei
3486 3401 3636 3455 blas-

364 3473 524 3536 λεως.
557 3475 659 3545 χρὴ
683 3476 779 3548 τὴν
803 3477 1027 3532 δέουσαν
1061 3481 1314 3550 πρόνοιαν
1344 3483 1614 3537 ποιεῖσθαι
1635 3483 1744 3539 τῶν
1781 3503 1941 3557 μονα-

2053 3500 2344 3568 phemetur
2377 3513 2391 3550 :
2426 3495 2666 3549 civitatis
2699 3502 2883 3548 autem
2924 3497 3239 3564 cpisc0pum
3271 3502 3488 3562 oportet
3516 3507 3635 3546 eam

367 3568 629 3638 στηρίων-
2055 3605 2218 3660 quam
2249 3604 2346 3658 par
2386 3596 2470 3642 est
2502 3587 2965 3640 monasteriorum
2994 3602 3182 3640 curam
3219 3601 3428 3655 gerere.

442 3660 538 3725 ις’.
571 3663 844 3733 Παρθένον
877 3665 1077 3736 ἑαυτὴν
1106 3667 1398 3721 ἀναθεῖσαν
1434 3667 1513 3738 τῷ
1541 3670 1785 3743 Δεσπότῃ
1810 3672 1941 3742 Θεῷ1

2129 3684 2214 3737 16.
2263 3681 2558 3751 Virginem,
2617 3695 2740 3749 quae
2797 3695 2858 3735 se
2893 3678 3125 3734 Doinino
3179 3679 3290 3732 Deo
3324 3677 3592 3732 dedicavit
3621 3719 3638 3744 ,

366 3753 628 3818 ὡσαύτως
659 3756 714 3808 δὲ
746 3760 838 3809 καὶ
875 3758 1196 3828 μονάζοντα,
1225 3759 1299 3829 μὴ
1330 3761 1531 3826 ἐξεῖναι
1563 3762 1726 3834 γάμῳ
1781 3782 1941 3836 προσ‹

2057 3773 2310 3830 similiter
2357 3782 2412 3827 et
2449 3773 2752 3826 monachos
2781 3786 2885 3825 non
2921 3771 3089 3824 licere
3123 3769 3476 3824 matrimonio
3502 3785 3638 3823 con-

367 3849 596 3918 ομιλεῖν·
624 3852 672 3902 εἰ
707 3850 762 3903 δέ
797 3869 858 3920 γε
887 3851 1160 3919 εὑρεθεῖεν
1193 3852 1349 3906 τοῦτο
1378 3854 1679 3920 ποιοῦντες,
1711 3857 1941 3911 ἔστωσω

2053 3866 2230 3936 jungi.
2285 3864 2382 3920 Sin
2432 3872 2613 3917 autem
2653 3864 2757 3918 hoc
2795 3861 2991 3916 fecisse
3023 3861 3228 3915 inventi
3261 3860 3493 3922 fuerint,
3530 3860 3642 3914 sint

367 3940 724 4010 ἀκοινώνητοι
758 3958 772 3972 ⁶
821 3942 1101 4012 ώρίσαμεν
1143 3942 1200 3995 δὲ
1230 3943 1375 4015 ἔχειν
1409 3945 1506 4011 τὴν
1535 3947 1823 4000 αύθεντίαν
1858 3950 1941 4020 τῆς

2057 3953 2536 4011 excommunicati.
2599 3951 2967 4007 Ostendenda:
3021 3961 3202 4006 autem
3242 3953 3295 4006 in
3325 3967 3420 4004 eos
3444 3952 3640 4004 huma—

370 4033 458 4086 ἐπ’
501 4037 684 4098 αὐτοῖς
725 4034 1136 4104 φιλανθρωπίας
1182 4034 1278 4089 τὸν
1320 4037 1462 4090 κατὰ
1508 4037 1672 4091 τόπον
1727 4038 1941 4094 ἐπίσκο-

2058 4045 2247 4100 uitatis
2275 4043 2662 4097 auctoritatem
2714 4043 2916 4097 habere
2963 4043 3255 4098 statuimus
3317 4041 3637 4112 episcopum

373 4145 473 4181 πον
479 4168 494 4184 ο

2061 4137 2180 4206 ejus
2221 4133 2346 4187 loci.

650 4240 923 4295 Συνόὸου
948 4241 1247 4310 Σαρδικῆς
1275 4243 1476 4299 κανὼν
1504 4243 1574 4314 ιγ’
1601 4244 1678 4301 ιδ’.

2313 4245 2520 4304 Concili
2555 4244 2886 4299 Sardicensis
2920 4259 3146 4296 canones
3175 4244 3260 4304 l5,
3302 4243 3390 4297 M.

447 4353 729 4421 ιγ’.Ἷ)σιο;
767 4356 1066 4419 ἐπίσκοπος
1101 4351 1220 4409 εἷπε
1247 4373 1260 4385 ·
1297 4358 1407 4411 Καὶ
1434 4357 1594 4411 τοῦτο
1629 4361 1796 4412 πᾶσιν
1827 4361 1941 4432 ἀρε·

2134 4362 2201 4416 4.5
2266 4359 2361 4416 Osi
2383 4408 2388 4413 .
2408 4375 2432 4415 s
2465 4359 2753 4427 episc0pus
2784 4357 2921 4410 dixit
2950 4377 2963 4412 :
2999 4355 3112 4411 Hoc
3137 4371 3353 4426 quoque
3383 4356 3642 4411 omnibus

376 4449 542 4513 σάτω,
602 4449 688 4500 ἵνα
737 4447 848 4500 εἴτε
891 4447 1156 4513 διάκονος,
1193 4448 1305 4501 εἴτε
1352 4449 1811 4522 πρεσϐύτεροςνῆ
1863 4471 1941 4505 κω

2061 4453 2272 4523 placeat
2311 4470 2324 4506 :
2363 4459 2424 4504 ut
2473 4449 2519 4504 si
2560 4449 2824 4502 diaconus
2859 4447 2942 4500 vel
2995 4447 3292 4516 presbyter,
3346 4445 3427 4499 vel
3476 4446 3640 4499 etiam

374 4555 462 4601 τις
495 4538 604 4590 τῶν
647 4537 925 4606 κληρικῶν
961 4535 1326 4607 ἀκοινώνητος
1374 4538 1622 4608 γένηται,
1671 4542 1766 4592 καὶ
1817 4541 1941 4610 πρὸς

2061 4543 2259 4612 aliquis
2284 4558 2350 4596 ex
2387 4541 2601 4596 clericis
2633 4542 2703 4593 sit
2729 4541 3262 4602 excommunicatus,
3291 4548 3344 4590 et
3376 4537 3440 4589 ad
3473 4536 3644 4590 alium

375 4631 565 4702 ἓτερον
625 4630 923 4682 ἐπίσκοπον
983 4627 1076 4682 τὸν
1143 4629 1322 4682 εἰδότα
1387 4630 1552 4685 αὐτὸν
1611 4631 1941 4701 καταφύγοι.

2061 4635 2400 4704 episcopum,
2448 4632 2541 4702 qui
2603 4646 2728 4684 eum
2779 4631 2947 4694 novit,
3001 4629 3331 4698 confugerit,
3381 4631 3644 4684 scientem

378 4723 718 4792 γινώσκοντα
741 4721 1173 4790 ἁποκεκινῆσθαι
1200 4722 1362 4775 αὑτὸν
1384 4721 1484 4792 τῆς
1507 4724 1789 4785 κοινωνίας
1809 4724 1941 4794 παρὲ

2061 4743 2185 4783 eum
2236 4743 2266 4780 a
2312 4725 2531 4796 proprio
2581 4724 2838 4793 episcopo
2876 4737 2997 4777 esse
3048 4723 3209 4792 262
3259 4723 3650 4778 communione

373 4819 470 4871 τοῦ
501 4818 634 4870 ἰδίου
669 4816 989 4881 ἐπισκόπου,
1013 4817 1088 4886 μὴ
1110 4816 1308 4885 χρῆναι
1334 4816 1412 4887 τῷ
1429 4816 1645 4886 ἀδελφῷ
1670 4817 1835 4870 αὐτοῦ
1866 4818 1941 4870 κα

2064 4828 2296 4882 motum,
2324 4831 2431 4871 non
2466 4826 2718 4884 oportere
2747 4815 3002 4883 episcopo
3043 4822 3099 4868 et
3141 4813 3298 4868 fratri
3353 4831 3454 4870 suo
3502 4815 3646 4884 inju-

376 4908 664 4978 ἐπισκόπῳ
681 4905 840 4976 ὓϐριν
867 4905 1145 4972 ποιοῦντα,
1180 4906 1438 4976 παρέχειν
1472 4906 1620 4977 αὑτῷ
1655 4908 1938 4962 κοινωνίαν

2064 4911 2201 4965 riam
2262 4909 2571 4972 facientem,
2623 4907 2673 4961 ei
2729 4906 3174 4960 communionem
3229 4908 3492 4975 prmbcre.
3551 4907 3649 4964 Sin

374 5001 426 5053 εἰ
451 4999 510 5054 δὲ
535 4999 707 5068 τολμή
718 5015 796 5050 σοι
823 4998 979 5050 τοῦτο
1006 4999 1230 5067 ποιῆσαι
1253 4998 1585 5066 γινωσκέτω,
1603 4998 1941 5054 συνελθόντωε

2066 5011 2247 5053 autem
2284 4997 2386 5050 hoc
2418 4994 2598 5049 facere
2630 5008 2798 5048 ausus
2841 4993 3026 5060 fuerit,
3061 4994 3344 5049 sciatcnm
3379 5011 3651 5051 convene-

376 5093 717 5158 ἐπισκόπων,
745 5092 1010 5162 ἀπολογίᾳ
1043 5091 1237 5145 ἑαυτὸν
1263 5091 1564 5144 ὑπεύθυνον
1611 5093 1939 5149 καθεστάναι

2066 5096 2175 5150 rint
2203 5090 2466 5162 episcopi,
2501 5090 2738 5158 seipsum
2770 5102 2991 5142 causam
3017 5102 3137 5142 esse
3170 5088 3468 5142 dicturum.

452 5211 728 5272 ’Ἅπαντες
755 5211 804 5262 οἱ
841 5208 1133 5261 ἐπίσκοποι
1182 5204 1336 5260 εἷπον
1367 5222 1380 5236 ⁸
1409 5206 1558 5276 Αὕτη
1603 5208 1635 5278 ἠ
1666 5207 1846 5278 κρίσις
1869 5225 1939 5259 κα

2138 5207 2341 5261 Omnes
2387 5191 2628 5273 episcopi
2676 5201 2930 5254 dixerunt
2962 5217 2974 5252 :
3012 5199 3123 5253 lloc
3153 5201 3420 5270 judicium
3463 5214 3510 5256 ct
3554 5219 3649 5270 pa-

385 5306 482 5374 την
516 5305 738 5374 εἰρήνην
764 5301 996 5355 πάντοτε
1025 5300 1363 5368 διαφυλάξει,
1399 5299 1495 5353 καὶ
1516 5299 1835 5370 διατηρήσει
1863 5301 1941 5370 τὴε

2067 5314 2186 5353 cem
2218 5312 2393 5366 usque
2439 5293 2732 5358 custodiet,
2762 5300 2817 5345 et
2855 5293 3102 5346 omnium
3139 5294 3490 5347 concordiam
3530 5303 3649 5346 tue-

384 5397 603 5451 πάντων
638 5395 912 5464 ὁμόνοιαν.
2069 5392 2238 5446 bitur.

459 5489 541 5542 ιδ.
570 5489 757 5552 ’Ὀειος
807 5488 1103 5550 ἐπίσκοπος
1127 5481 1246 5539 εἷπε
1274 5502 1288 5516 ο
1325 5484 1398 5538 Τὸ
1425 5485 1480 5538 δὲ
1515 5485 1744 5540 πάντοτέ
1782 5503 1847 5556 με
1881 5504 1935 5540 κι

2145 5481 2229 5536 14.
2275 5479 2440 5534 Osius
2497 5476 2788 5544 episcopus
2837 5475 3014 5530 dixit:
3079 5475 3233 5542 Quod
3285 5475 3503 5544 quidem
3564 5491 3650 5529 inc

384 5581 534 5648 νοῦν,
575 5599 631 5635 κ.
661 5599 713 5635 τ.
744 5581 796 5635 λ.

2070 5578 2431 5642 undequaque
2470 5576 2671 5630 movet,
2702 5575 2831 5628 etc.,
2863 5576 2920 5620 ut
2949 5584 3074 5638 pag.
3117 5566 3241 5620 7°35.

458 5676 667 5738 Πάντες
715 5675 1000 5744 εἰρήκασιν
1029 5673 1121 5726 "0
1151 5670 1545 5740 ἐκϐαλλόμενος
1596 5669 1766 5740 ἐχετὼ
1813 5671 1934 5737 ἐξω

2150 5666 2355 5720 Omnes
2427 5661 2747 5714 dixerunt:
2799 5659 2904 5726 Qui
2972 5661 3238 5732 ejicitur,
3323 5667 3648 5730 potestatem

388 5771 603 5828 diam-1.
644 5785 692 5822 τ.
735 5768 783 5822 λ.

2081 5757 2257 5815 habet,
2289 5761 2419 5814 etc.,
2464 5758 2519 5801 ut
2558 5764 2679 5818 pag.
2715 5747 2842 5801 7'25.
