4122 6434
634 369 738 432 735

913 484 1140 542 Concilii
1177 483 1613 550 Cartlmgiueusts
1639 493 1804 528 cunuu
1841 475 1929 525 (53.

713 580 792 634 De
827 578 1041 648 Equitio
1076 577 1188 645 [99)
1229 576 1467 644 episcopo
1506 576 1782 624 damnato.

709 753 800 808 65.
833 752 1091 806 Aurelius
1117 749 1161 780 ³⁸
1191 748 1479 816 episcopus
1506 743 1643 798 dixit
1681 784 1694 796 .
1722 740 1920 810 Equitii
1947 740 2024 809 (l)
2053 740 2215 794 etiam

642 847 772 902 olim
810 845 1004 898 merito
1044 857 1143 896 suo
1172 839 1464 910 episcopali
1515 835 1782 890 sententia
1815 833 2077 897 damnati,
2109 848 2218 888 non

645 937 881 992 arbitror
926 932 1357 1004 pra'tcreundam
1403 943 1523 983 esse
1560 926 1852 996 legationis
1883 939 2128 988 causam,
2163 933 2222 978 ut

648 1031 692 1083 si
742 1029 878 1082 forte
919 1041 1042 1080 eum
1089 1026 1144 1079 in
1183 1025 1293 1078 illis
1345 1023 1592 1094 partibus
1642 1023 1864 1091 reperit,
1923 1021 1993 1074 sit
2045 1019 2222 1072 eidem

648 1116 802 1172 fratri
831 1123 1019 1169 nostro
1049 1128 1194 1167 cura:
1228 1127 1326 1181 pro
1348 1110 1603 1166 Ecclesiae
1623 1120 1764 1164 statu
1795 1109 1939 1180 quod
1967 1118 2222 1178 oportue-

646 1212 738 1272 rit,
763 1207 849 1262 vcl
879 1206 972 1261 ubi
1005 1206 1238 1268 licuerit,
1272 1204 1536 1260 adversus
1565 1218 1690 1258 eum
1721 1217 2002 1273 peragere.

713 1387 798 1441 Ab
823 1386 1095 1441 universis
1117 1385 1389 1455 episcopis
1419 1385 1623 1439 dictum
1651 1392 1771 1438 est:
1797 1383 2018 1436 Multum
2048 1383 2226 1451 placet

645 1489 699 1533 et
728 1481 831 1533 ista
872 1478 1218 1546 prosccutio;
1284 1477 1524 1531 maxime
1580 1490 1704 1530 cum
1742 1475 1872 1528 olim
1933 1475 2225 1527 damnatus

646 1573 718 1626 sit
745 1569 1016 1638 Equitius,
1057 1577 1109 1622 et
1139 1569 1260 1636 ejus
1287 1566 1575 1636 impudens
1606 1567 1924 1636 inquietudo
1946 1581 2047 1635 pro
2079 1575 2228 1620 statu

646 1672 702 1716 et
742 1661 924 1716 salute
967 1657 1226 1714 Ecclesiae
1271 1660 1446 1729 magis
1476 1659 1758 1729 magisque
1800 1658 2006 1728 ubique
2051 1656 2231 1726 repel-

649 1753 832 1810 lenda.

723 1932 788 1988 Et
840 1931 1602 2004 subscripserunt:Aurelius
1642 1935 1932 2005 episcopus
1973 1934 2228 1991 Ecclesiae

649 2025 1117 2096 Carthaginensis,
1152 2027 1279 2081 huic
1318 2027 1540 2082 decreto
1571 2029 1862 2094 consensi,
1890 2039 1944 2082 et
1972 2029 2227 2098 praelecto

648 2113 948 2183 subscripsi
977 2131 990 2166 :
1016 2114 1266 2170 similiter
1293 2125 1350 2170 et
1386 2116 1570 2170 caeteri
1617 2118 1858 2188 episcopi
1887 2118 2228 2190 subst'ripse-

650 2214 796 2258 runt.

860 2298 1021 2368 263
1057 2296 1284 2352 Concilii
1307 2301 1610 2354 wcumenici
1640 2317 1690 2354 vt
1723 2318 1891 2355 canon
1922 2303 2012 2358 2|.

714 2389 804 2442 9.1.
837 2388 938 2455 Qui
967 2392 1227 2445 canonice
1254 2393 1615 2462 quorumdam
1651 2395 1943 2449 criminum
1969 2394 2044 2449 rei
2073 2393 2226 2462 facti,

647 2490 934 2550 propterea
983 2481 1240 2550 perfectae
1277 2499 1342 2537 ac
1389 2494 1662 2554 perpetua:
1713 2485 2041 2555 depositioni
2095 2486 2226 2540 sub-

641 2572 792 2642 jecti,
821 2573 873 2626 in
907 2573 1171 2628 laicorum
1207 2575 1385 2629 locum
1417 2575 1621 2630 detrusi
1648 2586 1797 2638 sunt,
1834 2578 1878 2631 si
1905 2578 2123 2646 quidem
2157 2578 2226 2632 ad

644 2665 1056 2719 conversionem
1077 2681 1175 2721 sua
1198 2678 1390 2736 sponte
1416 2669 1778 2738 respicientes
1809 2679 2094 2739 peccatum
2127 2669 2226 2724 de-

643 2757 793 2823 flent,
826 2769 1050 2827 propter
1076 2760 1217 2828 quod
1246 2775 1275 2813 a
1304 2761 1476 2831 gratia
1507 2761 1850 2826 exciderunt,
1883 2772 1938 2815 et
1973 2762 2041 2814 ab
2073 2777 2140 2816 eo
2166 2776 2227 2816 sc

644 2853 862 2922 penitus
884 2854 1092 2909 alienos
1135 2853 1393 2920 alliciunt,
1425 2857 1606 2911 clerici
1647 2857 1834 2910 habitu
1871 2856 2222 2911 tondeautur.

646 2945 741 2998 Sin
787 2956 967 3000 autem
1011 2961 1118 3000 non
1163 2962 1264 3001 sua
1304 2957 1499 3017 sponte
1558 2949 1660 3003 hoc
1700 2951 1976 3018 elegerint,
2011 2964 2222 3004 comam

643 3035 786 3088 sicut
813 3036 936 3089 laici
972 3037 1238 3101 nutriant,
1266 3045 1455 3107 utpote
1485 3039 1577 3108 qui
1612 3040 1946 3094 mundanam
1994 3055 2225 3095 conver-

645 3126 912 3181 sationem
945 3128 1065 3182 vita:
1097 3129 1306 3183 caalesti
1338 3130 1762 3200 praeposuerint.

721 3293 938 3351 Texlus.
970 3296 1162 3352 Const.
1204 3299 1304 3364 ιι,
1337 3300 1422 3354 tit.
1461 3301 1535 3366 δ,
1568 3302 1662 3357 lib.
1705 3319 1742 3358 ι.
1779 3302 1837 3358 Si
1869 3305 2092 3377 (inquit)
2125 3307 2223 3377 qui

641 3385 851 3455 judicio
895 3389 1281 3460 episcoporum
1333 3391 1400 3446 ab
1448 3394 1767 3462 episcopatu
1818 3397 2077 3453 detrusus
2115 3408 2222 3466 est,

645 3488 838 3534 contra
875 3481 1115 3548 quietem
1141 3481 1417 3550 publicam
1439 3484 1645 3554 aliquid
1668 3485 1852 3554 faciat,
1889 3497 1942 3543 et
1968 3489 2224 3547 invadere

648 3573 900 3626 eumdem
923 3573 1296 3643 episc0patum
1320 3575 1485 3644 velit;
1514 3579 1705 3646 procul
1727 3580 1795 3634 ab
1828 3582 1962 3637 urbe
1991 3583 2058 3637 ad
2095 3600 2225 3639 cen-

648 3673 762 3717 tum
815 3661 835 3733 [
867 3664 1173 3736 passuum]
1210 3665 1381 3720 millia
1429 3669 1750 3738 propellitur
1779 3688 1793 3724 :
1821 3688 1924 3728 nec
1985 3675 2223 3731 adeundi

650 3754 976 3823 principem,
1031 3764 1126 3809 aut
1179 3757 1482 3827 accipiendi
1524 3762 1848 3832 rescriptum
1910 3763 2222 3822 facultatem

651 3846 813 3900 habet
854 3864 867 3900 :
908 3847 1038 3916 quin
1075 3849 1176 3903 etsi
1227 3848 1601 3923 [rescriptum]
1652 3854 1975 3922 impetrarit.
2011 3860 2222 3914 nullum

651 3935 826 4007 [inde]
873 3940 1220 3993 commodum
1253 3942 1397 4009 capit
1441 3957 1453 3994 :
1496 3957 1560 3997 ac
1621 3944 1878 4000 defensor
1932 3946 2099 4021 [ejus]
2137 3951 2224 4004 in-

648 4029 1018 4097 dignationem
1055 4032 1220 4086 subit.
1257 4033 1323 4088 Et
1354 4034 1424 4088 23
1453 4042 1632 4090 const.
1681 4038 1924 4106 ejusdem
1957 4041 2226 4113 ti:.EuIy-

649 4119 860 4174 cbctem
911 4121 1079 4189 ejicit.
1145 4121 1211 4175 Et
1266 4134 1447 4178 const.
1527 4126 1580 4193 5,
1641 4128 1725 4182 tit.
1780 4147 1796 4183 1
1848 4129 2221 4199 Novellarum,

653 4212 892 4278 Petrum,
922 4214 1264 4281 Antbitnum,
1291 4216 1552 4273 Severum
1602 4231 1657 4275 et
1687 4221 1921 4278 Zooram
1945 4229 2169 4296 expellit
2209 4247 2221 4283 :

650 4304 720 4358 iis
749 4307 842 4374 qni
869 4308 1052 4362 Severi
1085 4311 1284 4381 scripta
1322 4315 1541 4381 habent,
1564 4334 1664 4373 nec
1695 4323 2049 4385 comburunt,
2088 4325 2224 4380 alias

650 4411 841 4464 poenas
917 4409 970 4452 et
1043 4401 1438 4458 abscissionem
1506 4423 1767 4464 manuum
1853 4413 2224 4470 interminata.

1788 357 2045 416 P110111
2089 351 2590 412 PATRURCHE
2625 353 2730 410 (ΣΡ.

2251 469 2299 523 Α

3782 353 3876 413 736

2580 470 2625 520 Σ
2633 465 2851 519 ι’νόδου
2872 466 3294 534 Καρθαγέννης
3325 464 3530 518 κανὼν
3559 464 3646 529 ξε’.

2414 559 2554 626 Περὶ
2595 557 2862 611 Ἀκυτιου
2896 557 3028 627 ιτοῦ
3069 557 3409 611 ἐπισκόπου
3449 555 3555 610 τοῦ
3580 557 3877 613 καταδικα-

2327 647 2610 714 σθέντος.

2401 739 2762 811 ξε’.Αύρήλιος
2779 740 3078 803 ἐπίσκοπος
3099 740 3276 794 εἶπεν·
3296 740 3404 794 Τοῦ
3419 739 3666 792 Ἀκυτίου
3693 739 3771 792 ἐτι
3789 742 3879 813 μὴν

2326 833 2420 887 τοῦ
2451 833 2686 886 ἔκπαλαι
2723 833 2862 886 κατὰ
2891 832 2989 903 τὴν
3022 833 3155 886 ίδίαν
3182 833 3338 899 ἀξίαν
3364 835 3429 903 τῇ
3456 832 3566 884 τῶν
3589 834 3879 886 ἐπισκόπων

2329 925 2519 995 γνώμῃ
2548 923 3059 987 καταδικασθέντος,
3077 923 3138 976 τὸ
3157 924 3388 993 πρᾶγμα
3407 923 3506 976 οὐκ
3525 918 3676 993 οἶμαι
3696 939 3881 992 παρεσ-

2329 1017 2449 1070 τέον
2469 1019 2531 1087 τῇ
2546 1016 2832 1086 πρεσϐείᾳ,
2850 1015 2937 1068 ἵνα
2953 1017 3046 1068 ἐὰν
3057 1016 3217 1086 τυχὸν
3233 1016 3419 1068 τοῦτον
3443 1014 3591 1084 εὖροι
3609 1017 3664 1066 ἐν
3677 1015 3882 1077 ἐκείνοις

2329 1111 2440 1171 τοῖς
2475 1109 2717 1178 μέρεσιν,
2751 1108 2890 1162 ἐστω
2924 1109 3061 1180 πρὸς
3111 1109 3392 1180 φροντίδος
3441 1107 3519 1177 τῷ
3554 1107 3701 1176 αύτῷ
3745 1106 3883 1177 ἡμῶν

2331 1199 2546 1269 ἀδελφῷ
2575 1201 2715 1272 ὑπὲρ
2748 1201 2848 1268 τῆς
2880 1201 3344 1270 ἐκκλησιαπικῆς
3374 1200 3783 1263 καταστάσεως,
3819 1199 3882 1262 ὠς

2332 1291 2439 1361 χρὴ
2465 1292 2562 1344 καὶ
2584 1292 2718 1345 ὅπου
2747 1293 2866 1358 ἐξὸν
2897 1293 2983 1362 εἴη
3012 1293 3134 1346 κατ’
3164 1293 3372 1346 ἐκείνου
3405 1292 3820 1362 διαπράξασθαι.

2416 1383 2548 1437 Ἀπὸ
2575 1383 2791 1437 πάντων
2820 1385 2929 1437 τῶν
2949 1387 3262 1438 ἐπισκόπων
3296 1384 3491 1454 ἐλέχθη
3518 1399 3531 1412 ⁸
3578 1383 3718 1436 Πολὺ
3769 1384 3881 1454 ἀρέ-

2335 1494 2453 1530 σκει
2482 1478 2576 1530 καὶ
2603 1477 2742 1550 αὕτη
2772 1482 2804 1550 ἡ
2832 1479 3270 1548 ἐξακολούθησις,
3305 1477 3539 1549 μάλιστα
3567 1479 3648 1531 ὅτι
3677 1477 3885 1532 ἔκπαλαι

2333 1570 2786 1624 καταδεδίκασται
2812 1573 2840 1624 ὁ
2861 1571 3022 1634 αὐτὸς
3060 1570 3328 1635 Ἀκύτιος,
3350 1570 3445 1623 καὶ
3473 1572 3506 1640 ἡ
3535 1569 3728 1622 τούτου
3754 1569 3888 1621 ἀναί-

2334 1680 2562 1732 σχυντος
2599 1663 2796 1734 ἡσυχία
2845 1663 2986 1734 ὑπὲρ
3027 1666 3127 1735 τῆς
3154 1664 3543 1726 καταστάσεως
3579 1663 3678 1732 τῆς
3707 1662 3886 1730 ἐκκλη-

2337 1755 2646 1825 σιαπικῆς,
2685 1755 2781 1808 καὶ
2807 1757 3080 1825 σωτηρίας
3109 1756 3553 1824 τῆςἘκκλ-ησίας
3582 1755 3778 1824 μᾶλλον
3805 1754 3887 1808 καὶ

2257 1824 2308 1885 Β
2339 1848 2540 1918 μᾶλλον
2572 1824 2850 1916 πανταχοῦ
2883 1824 3280 1916 καταμαχητέα
3318 1846 3457 1898 ἐστί.

2398 1939 2508 1991 Καὶ
2531 1938 2877 2010 ὑπέγραψαν·
2909 1937 3178 2007 Αὐρήλιος
3210 1938 3508 2002 ἐπίσκοπος
3539 1938 3640 2008 τῆς
3669 1940 3726 1991 ἐν
3755 1939 3883 2006 Καρ·

2327 2029 2856 2102 χηδόνιἘκκλησίας
2881 2029 2959 2098 τῷ
2995 2029 3228 2101 παρόντι
3268 2029 3583 2099 ψηφίσματι
3613 2029 3886 2099 συνῄνεσα,

2327 2124 2422 2175 καὶ
2451 2122 2852 2189 ἁναγνωσθέντι
2885 2121 3203 2194 ὑπέγραψα.
3243 2120 3476 2192 Ὁμοίως
3503 2123 3603 2175 καὶ
3645 2124 3695 2175 οί
3727 2122 3888 2176 λοιποὶ

2327 2218 2616 2272 ἐπίσκοποι
2644 2218 2986 2288 ὑπέγραψαν.

2469 2309 2738 2364 Συνόδου
2772 2307 3191 2378 οἱκουμενικῆς
3216 2309 3395 2376 ἕκτης
3427 2308 3630 2362 κανὼν
3657 2307 3762 2362 κα’.

2396 2401 2501 2456 κα’.
2545 2403 2606 2454 Οἱ
2639 2403 2726 2455 ἐπ’
2756 2401 3065 2472 ἐγκλήμασι
3099 2404 3405 2463 κανονικοῖς
3439 2401 3732 2454 ὑπεύθυνοι
3759 2399 3888 2468 γινό-

2331 2512 2501 2565 μενοι,
2538 2495 2631 2546 καλ
2657 2494 2745 2548 διὰ
2769 2492 2927 2546 τοῦτο
2957 2494 3213 2548 παντελεῖ
3237 2511 3295 2546 τε
3324 2493 3418 2546 καὶ
3447 2492 3687 2563 διηνεκεῖ
3719 2491 3892 2544 καθαιν

2331 2585 2477 2656 ρέσει
2499 2583 2944 2653 ύποϐαλλόμενοι,
2979 2584 3072 2636 καὶ
3101 2585 3157 2636 ἐν
3185 2583 3263 2654 τῷ
3290 2584 3395 2637 τῶν
3423 2582 3632 2638 λαῐκῶν
3660 2581 3890 2634 ἀπωθού-

2329 2693 2479 2748 μενοι
2506 2676 2675 2747 τόπῳ,
2709 2678 2756 2728 εἰ
2789 2675 2888 2745 μὲν
2923 2675 3183 2737 ἑκουσίως
3215 2675 3350 2745 πρὸς
3377 2673 3712 2743 ἐπιστροφὴν
3736 2673 3892 2744 ὁρῶν-

2325 2784 2437 2832 τες,
2469 2766 2723 2820 ἁθετούσι
2771 2765 2870 2836 τὴν
2901 2764 3179 2836 ἁμαρτίαν
3213 2764 3280 2818 δι’
3324 2759 3391 2835 ἧς
3417 2762 3516 2832 τῆς
3551 2763 3773 2832 χάριτος
3813 2763 3892 2813 ἐκ·

2325 2859 2672 2926 πεπτώκασι,
2723 2861 2819 2913 καὶ
2862 2860 3067 2930 ταύτης
3109 2858 3291 2912 τέλεον
3321 2858 3547 2920 ἑαυτοὺς
3579 2856 3892 2911 καθιστῶσιν

2325 2951 2657 3022 ἀλλοτρίους,
2701 2950 2778 3022 τῷ
2807 2950 2902 3004 τοῦ
2937 2950 3201 3020 κληρικοῦ
3234 2949 3602 3019 κειρέσθωσαν
3633 2949 3889 3020 σχήματιο

2325 3047 2372 3098 εί
2399 3044 2456 3098 δέ
2491 3044 2565 3115 μὴ
2611 3044 2769 3097 τοῦτο
2820 3044 3160 3114 αὐθαιρέτως
3207 3044 3542 3114 αἱρήσονται,
3580 3041 3821 3112 καθάπερ
3847 3039 3890 3092 οἱ

2325 3137 2505 3190 λαῖκοὶ
2532 3137 2630 3202 τὴν
2659 3136 2839 3206 κόμην
2871 3135 3318 3205 ἐπιτρεφέτωσαν
3339 3175 3353 3200 ,
3403 3133 3477 3197 ὡς
3503 3133 3606 3203 τὴν
3634 3134 3691 3186 ἐν
3718 3131 3890 3201 κόσμῳ

2324 3227 2693 3299 ἀναστροφὴν,
2723 3227 2823 3295 τῆς
2848 3225 3100 3297 οὐρανίου
3135 3225 3279 3297 ζωῆς
3311 3225 3777 3296 προτιμήσαντες.

2407 3320 2473 3373 Ἥ
2507 3320 2565 3372 ιδ’
2591 3317 2836 3381 διάταξις
2868 3317 2963 3370 τοῦ
2994 3315 3046 3385 γ’
3076 3316 3183 3370 τίτ.
3217 3316 3310 3370 τοῦ
3356 3313 3405 3369 α’
3451 3315 3594 3386 βιϐλ.
3626 3315 3788 3384 λέγει,
3817 3316 3888 3368 ὅτι

2334 3413 2393 3466 '0
2421 3410 2560 3465 κατὰ
2575 3409 2898 3480 δοκιμασίαν
2917 3409 3232 3462 ἐπισκόπων
3261 3407 3549 3478 ἐκϐληθεὶς
3583 3408 3886 3476 ἐπισκοπῆς,

2324 3505 2418 3559 ἐάν
2450 3521 2502 3556 τι
2547 3505 2676 3573 ποιῇ
2712 3502 3025 3574 ταραχῶδες
3073 3502 3167 3554 καὶ
3203 3500 3333 3574 θέλῃ
3387 3501 3646 3572 ἐπιϐῆναι
3677 3503 3740 3571 τῇ
3768 3498 3886 3570 αὐτῇ

2325 3594 2621 3663 ἐπισκοπῇ,
2669 3591 2860 3662 πόρρω
2894 3590 2992 3660 τῆς
3021 3590 3228 3653 πόλεως
3279 3588 3323 3660 ρ’
3369 3588 3521 3660 μίλια
3565 3587 3886 3647 ἐκϐάλλεται,

2325 3685 2420 3740 καὶ
2447 3683 2548 3737 ούκ
2597 3682 2710 3753 ἔχει
2747 3682 2932 3737 ἄδειαν
2963 3681 3249 3752 προσιέναι
3295 3679 3504 3752 βασιλεί
3551 3679 3888 3752 ἢλαμϐάνειν

2328 3778 2664 3847 ἀντίγραφον
2683 3792 2696 3806 ⁸
2747 3774 2862 3829 ἀλλ’
2893 3777 2942 3828 εἰ
2985 3775 3078 3827 καὶ
3105 3774 3280 3838 λάϐοι,
3317 3775 3416 3827 οὐκ
3443 3772 3727 3837 ἀπολαύει,
3756 3770 3840 3824 καὶ
3865 3771 3888 3821 ὁ

2328 3868 2540 3940 βοηθῶν
2573 3867 2724 3937 αύτῷ
2751 3868 3139 3936 άγανακτεϊται
3159 3882 3173 3898 ο
3213 3866 3307 3919 καὶ
3338 3868 3370 3935 ἡ
3405 3871 3487 3933 κγ’
3517 3865 3660 3919 διάτ.
3690 3862 3780 3918 τοῦ
3805 3861 3887 3916 αύ-

2325 3960 2420 4014 τοῦ
2476 3962 2581 4013 τίτ.
2639 3959 2892 4013 ἐκϐάλλει
2944 3958 3190 4029 Εὐτυχέα
3216 3973 3230 3987 ·
3279 3958 3375 4011 καὶ
3406 3959 3438 4028 ἡ
3482 3963 3524 4009 ε’
3557 3957 3696 4012 διάτ.
3731 3957 3817 4008 τοῦ
3844 3958 3887 4007 α’

2324 4053 2430 4107 τίτ.
2453 4051 2561 4104 τῶν
2585 4050 2814 4121 Νεαρῶν
2832 4049 3085 4102 ἐκϐάλλει
3119 4049 3344 4119 Πέτρον,
3369 4050 3649 4119 ΙἈντιμον,
3672 4047 3884 4116 Σεϐῆρον

2327 4146 2423 4198 καὶ
2469 4145 2712 4214 Ζωόραν,
2759 4143 3056 4196 ἀπειλοῦσα
3101 4145 3214 4206 τοῖς
3261 4142 3443 4212 ἔχουσι
3498 4141 3884 4212 συγγράμματα

2329 4241 2569 4311 Σεϐήρου
2601 4241 2696 4294 καλ⁵
2743 4239 2819 4310 μὴ
2869 4239 3114 4292 καίουσιν
3160 4237 3320 4302 αὐτὰ,
3352 4237 3546 4300 ποινὰς
3573 4238 3761 4307 ἐτέρας
3804 4233 3882 4287 καὶ

2327 4333 2508 4404 χειρὸς
2543 4330 2831 4399 ἀποκοπήν
2851 4346 2864 4359 ·
2899 4331 2931 4399 ἡ
2965 4329 3021 4382 δέ
3053 4328 3095 4398 β’
3121 4329 3262 4382 διὰτ.
3294 4327 3386 4381 τοῦ
3417 4327 3466 4380 α’
3495 4328 3602 4380 τίτ.
3637 4326 3740 4380 τῶν
3761 4324 3883 4378 Νεα-

2330 4425 2439 4494 ρῶν
2475 4439 2660 4492 φησιν,
2691 4423 2772 4474 ὅτι
2800 4422 3096 4483 ἐπίσκοπος
3129 4419 3428 4482 κανονικῶς
3467 4419 3567 4488 τῆς
3607 4415 3880 4486 ἱερωσύνης

650 4490 839 4543 Const.
869 4507 998 4546 vero
1030 4492 1096 4558 2,
1135 4496 1215 4550 tit.
1266 4513 1277 4549 ι
1314 4497 1660 4555 Novellarum
1695 4503 1802 4569 ait,
1846 4507 1992 4574 quod
2025 4509 2071 4561 si
2103 4511 2217 4578 epi-

2328 4490 2595 4581 ἐκπεσων,
2629 4515 2724 4568 καὶ
2749 4512 3042 4566 ἐπιϐαίνων
3066 4514 3129 4582 τῇ
3161 4511 3312 4564 πόλει
3340 4509 3432 4578 ἀφ’
3465 4506 3533 4580 ἧς
3560 4505 3876 4580 ἐξεϐλήθη.ἢ

651 4593 872 4649 scopus,
904 4586 998 4653 qui
1043 4586 1112 4641 ob
1139 4604 1360 4644 causam
1397 4595 1702 4649 canonibus
1750 4599 1991 4665 agnitum
2037 4616 2222 4656 sacer-

651 4670 804 4727 dotio
849 4677 1070 4739 excidit,
1122 4680 1461 4750 ingrediatur
1516 4687 1705 4741 urbem
1759 4705 1826 4742 ex
1872 4706 1978 4759 qua
2016 4693 2225 4762 ejectus

650 4773 756 4827 est,
791 4776 882 4820 aut
921 4768 1264 4840 derelinquat
1311 4775 1487 4830 locum
1539 4778 1594 4831 in
1646 4796 1755 4849 quo
1783 4782 1980 4852 degere
2031 4785 2226 4852 jussus

651 4862 756 4919 est,
802 4857 854 4909 in
885 4863 1271 4918 monasterium
1299 4866 1524 4922 alterius
1554 4873 1846 4938 provincia).
1872 4876 2223 4944 conjiciatur.

722 4946 886 5019 264
907 4949 1059 5004 CAP.
1094 4953 1257 5006 XL—
1298 4955 1442 5020 Quds
1474 4960 1537 5012 ob
1588 4980 1778 5018 causas
1799 4979 2094 5037 segregetur
2111 4972 2227 5040 epi-

651 5054 861 5109 scopus,
886 5053 977 5095 aut
1031 5046 1272 5111 clericus,
1302 5063 1392 5102 aut
1430 5052 1621 5109 laicus.
1657 5057 1802 5123 Quid
1853 5062 1898 5113 si
1953 5063 2226 5132 episcopus

652 5139 951 5197 accusatus,
967 5150 1059 5201 per
1092 5135 1326 5192 libellum
1351 5157 1401 5193 se
1419 5143 1624 5198 abdicet
1646 5149 1943 5218 episcopatu
1965 5153 1989 5204 ἰ)
2009 5151 2226 5222 thuod

653 5235 758 5272 non
795 5223 1062 5310 expediat,
1089 5227 1388 5297 episcopum
1429 5233 1555 5301 jure
1593 5247 1684 5289 aut
1719 5240 1984 5294 immerito
2037 5243 2225 5310 depul-

651 5319 789 5376 sum,
814 5309 883 5362 ad
917 5313 1208 5383 presbyteri
1233 5321 1459 5388 gradum
1477 5325 1728 5395 redigere.

716 5505 763 5540 ⁸³
793 5507 965 5566 Couc.
998 5512 1171 5572 Afric.
1197 5532 1246 5573 c.
1273 5518 1363 5574 32.

675 5653 1116 5743 !7_(~99)LEpit_ome
1144 5674 1415 5743 canonum
1449 5664 1885 5743 Adnanipapg;
1921 5691 1936 5722 ι
1971 5671 2038 5727 Ut
2060 5674 2224 5743 Equ‘-

650 5726 760 5809 tius
810 5726 1100 5809 damnatus
1155 5731 1646 5809 quomodoeunquc
1687 5726 2216 5809 'cx'pcllet'etur,'nc

651 5801 851 5850 statum
878 5794 1132 5857 Ecclesiae
1157 5794 1503 5869 inquietaret.
1540 5825 1556 5855 ι

2327 4606 2757 4677 καταλιμπάνων
2807 4606 2898 4657 τὸν
2931 4604 3096 4658 τόπον
3135 4605 3194 4656 ἐν
3244 4596 3287 4670 ᾧ
3333 4603 3544 4670 διάγειν
3588 4597 3875 4666 ἐκελεύσθη,

2330 4697 2680 4771 μοναστηρίῳ
2711 4696 2874 4767 άλλη-ς
2902 4695 3167 4766 ἐπαρχίας
3196 4693 3541 4765 ἐμϐάλλεται.

2399 4965 2650 5018 ΚΕΦΑΛ.
2695 4966 2761 5017 ιΑ
2788 5003 2802 5016 .
2849 4993 2922 5004 —-
2969 4964 3062 5015 Ἐκ
3100 4962 3286 5016 ποίων
3321 4959 3526 5014 αἰτιῶν
3567 4958 3876 5027 ἀφορίζεται

2326 5055 2685 5120 ἐπίσκοπος,
2723 5055 2760 5122 ἢ
2800 5053 3109 5122 κληρικὸς,
3139 5052 3176 5119 ἢ
3206 5053 3450 5117 λατκός’
3500 5051 3599 5104 καὶ
3633 5050 3736 5102 ἐὰν
3763 5043 3872 5099 ἐπί-

2327 5162 2558 5211 σκοπος
2591 5147 3128 5214 κατηγορούμενος,
3161 5143 3257 5198 διὰ
3284 5144 3571 5197 λιϐἑλλου
3616 5133 3872 5206 παραιτῆ-

2328 5257 2420 5292 ται
2465 5238 2580 5305 τὴν
2615 5237 2989 5302 ἐπισκοπὴν·
3032 5238 3132 5290 καὶ
3171 5237 3258 5290 ὅτι
3289 5238 3360 5290 οὐ
3399 5235 3496 5288 δεῖ
3518 5234 3629 5288 τὸν
3655 5232 3870 5286 ἐπίσκο·

2329 5347 2446 5383 πον
2477 5330 2922 5398 ἐκϐαλλόμενον
2966 5330 3200 5398 ἀλόγως
3238 5328 3276 5397 ἣ
3313 5330 3599 5397 εὐλόγως,
3631 5328 3715 5391 εἰς
3753 5335 3869 5389 πρε-

2329 5421 2622 5487 σϐυτέρου
2647 5420 3005 5490 κατάγεσθαι
3021 5422 3260 5490 ,ϐαθμόν
3275 5447 3290 5457 ·

2397 5673 2476 5742 (1)
2505 5671 2604 5726 Ms.
2642 5670 2876 5741 Λῖφιῐεὲ,
2897 5672 3137 5742 episcopi
3171 5672 3600 5742 llipponensium
3635 5671 3865 5739 Diarrhy-

2324 5753 2522 5807 torutn,
2563 5742 2629 5798 de
2657 5760 2765 5812 quo
2796 5743 2989 5799 iterum
3017 5744 3070 5799 in
3099 5758 3256 5799 conc.
3281 5745 3465 5800 Carth.
3490 5743 3616 5799 anni
3646 5742 3756 5795 404.
