4122 6446
390 362 496 435 737

406 482 793 538 ’Λποστόλων
828 478 1027 531 κανὼν

464 575 566 639 κδ’,
597 573 706 638 λς’,
741 571 851 641 μγ’,
889 575 990 639 με’,
1028 565 1138 637 μη⁹,
1181 566 1273 629 νῦ,
1316 570 1426 628 νς’,
1468 562 1564 627 νς,
1613 558 1719 630 νη’,
1745 559 1843 625 νθ’,
1887 558 1981 622 ξε’,

469 666 567 732 ξς,
597 664 658 727 θ’.
693 663 793 727 οα’,
831 662 928 731 οβ’,
964 658 1064 728 ογ’,
1101 656 1211 725 ος’,
1244 657 1347 710 πδί.

468 767 531 814 ε’.
585 757 931 818 Ἐπίσκοπος,
979 755 1012 825 ἢ
1067 752 1455 823 πρεσϐύτερος,
1503 749 1834 820 ἢδιάκονος,
1884 750 1984 821 τὴν

396 851 594 907 ἑαυτοῦ
621 851 858 919 γυναῖκα
891 847 964 918 μὴ
994 847 1303 899 ἐκϐαλλέτω
1336 844 1605 915 προφάσει
1656 843 1941 905 εὐλαϐείας
1965 859 1980 873 ο

396 947 495 1000 ἐὰν
511 945 565 997 δέ
580 942 808 1011 ἐκϐάλῃ,
827 939 1189 1010 ἀφοριζέσθω·
1206 937 1480 1005 ἐπιμένων
1496 937 1572 999 δὲ,
1588 936 1979 1005 καθαιρείσθω.

471 1042 541 1105 η’.
586 1035 653 1086 Et
678 1049 762 1095 τις
790 1032 1107 1095 ἐπίσκοπος,
1143 1030 1176 1099 ἢ
1214 1026 1603 1099 πρεσϐύτερος,
1635 1027 1669 1097 ἢ
1714 1027 1982 1089 διάκονος,

398 1146 461 1181 κ.
492 1145 542 1179 τ.
573 1126 622 1179 λ.

476 1220 538 1272 θ’.
582 1218 796 1278 Πάντας
818 1214 945 1277 τοὺς
978 1214 1243 1276 εἰσιόντας
1269 1213 1512 1276 πιστοὺς,
1544 1229 1599 1264 κ.
1634 1229 1685 1264 τ.
1718 1210 1767 1262 λ.

476 1317 526 1364 ι’.
566 1310 634 1362 Εἴ
657 1326 738 1371 τις
762 1307 1112 1377 ἁκοινωνὴτῳ
1143 1304 1247 1359 κᾶν
1277 1306 1333 1356 ἐν
1368 1304 1501 1373 οἴκῳ
1528 1301 1862 1368 συνεύξεται,
1895 1293 1987 1355 οὗ·

399 1421 493 1466 τος
530 1398 896 1471 ἀφοριζέσθω.

478 1493 564 1562 ιβ’,
585 1498 676 1559 ιγ’.
696 1492 762 1545 Εἰ
779 1508 860 1551 τις
884 1488 1141 1559 κληρικὺς
1166 1488 1196 1558 ἢ
1225 1486 1431 1551 λαῖκὸς,
1458 1485 1839 1557 ἀφωρισμένος
1870 1484 1987 1555 ἦτοι

403 1584 653 1646 ἄδεκτος,
693 1599 747 1635 κ.
784 1598 833 1634 τ.
867 1579 917 1633 λ.

481 1682 560 1727 ιε’.
604 1674 668 1726 Εἴ
698 1691 781 1736 τις
830 1671 1200 1743 πρεσϐύτερος
1244 1671 1276 1740 ἢ
1335 1669 1611 1734 διάκονος,
1656 1668 1690 1738 ἢ
1724 1668 1861 1730 ὅλως
1895 1666 1989 1719 τοῦ

406 1767 710 1834 καταλόγου
735 1766 840 1818 τῶν
870 1763 1169 1834 κληρικῶν,
1198 1780 1253 1814 κ.
1284 1779 1333 1816 τ.
1366 1762 1414 1815 λ.

1208 362 1607 423 SYNTAGMA
1644 358 2032 418 CANONUM.
2059 384 2125 392 -
2155 361 2300 419 ΤΙΤ.
2344 363 2446 434 IX,
2483 360 2641 422 CAP.
2684 364 2790 423 XI.

1070 492 1093 527 ε
1118 515 1132 538 9
1179 480 1247 542 η’,
1285 472 1351 536 0'9
1399 471 1451 536 ι’,
1495 471 1581 539 ιβ’
1635 468 1723 537 ιγ’,
1759 475 1839 529 ιε’,
1879 472 1976 531 ις’,
2009 468 2061 527 Λ

2118 471 2456 538 ἱροδιοιονιιηι
2488 489 2713 526 canones
2740 472 2793 534 5,
2818 472 2873 537 8,
2902 472 2957 538 9,
3005 476 3090 537 10,
3120 474 3206 537 l2,
3243 475 3438 538 15,15,
3466 474 3664 537 1634·

3557 364 3666 427 738

2157 563 2246 626 56,
2290 564 2377 627 45,
2418 563 2509 629 45,
2538 564 2628 625 48,
2654 565 2744 629 54,
2778 564 2864 631 56,
2913 565 3003 630 57,
3038 565 3128 630 58,
3154 565 3221 620 59
3246 606 3261 632 ,
3295 565 3397 633 65,
3435 566 3520 631 66,
3576 568 3665 631 70,

2157 656 2248 722 71,
2290 658 2376 721 7‘2,
2405 659 2496 723 7'5,
2536 658 2621 723 76,
2656 659 2747 714 84.

2160 748 2209 802 5.
2242 748 2543 819 Episcopus
2568 752 2666 821 (2),
2687 753 2771 807 vel
2801 753 3102 824 presbyter,
3132 752 3217 807 vel
3237 753 3505 810 diaconus
3533 769 3670 808 uxo—

2086 855 2201 895 rem
2227 856 2381 894 suam
2413 857 2480 895 ne
2508 842 2690 911 ejiciat
2721 845 2999 915 religionis
3033 853 3294 914 praetextu
3323 864 3336 912 ;
3375 846 3460 899 sin
3490 855 3669 899 autem

2086 929 2310 999 ejecerit
2336 970 2351 994 ,
2393 942 2708 1001 segregetur
2738 952 2752 1000 ;
2786 946 2838 989 et
2867 936 2912 987 si
2963 944 3270 1003 perseveret
3298 974 3312 998 ,
3347 936 3669 1001 deponatur.

2158 1021 2210 1075 8.
2239 1021 2294 1074 Si
2321 1023 2445 1090 quis
2472 1024 2781 1093 episcopus,
2802 1027 3085 1096 presbyter
3112 1025 3193 1079 vel
3212 1025 3501 1089 diaconus,
3536 1036 3673 1090 etc.,

2091 1119 2147 1163 ut
2184 1128 2309 1181 pag.
2348 1111 2469 1165 606.

2160 1201 2212 1255 9.
2235 1202 2559 1273 Quicunque
2578 1204 3322 1274 liilclesingrediuntur,etc.,
3355 1211 3411 1255 ut
3443 1219 3498 1271 p.
3545 1201 3670 1256 606.

2160 1292 2251 1347 10.
2290 1292 2346 1347 Si
2407 1296 2530 1362 quis
2588 1313 2711 1349 cum
2756 1295 3259 1362 excommunicato,
3298 1296 3380 1349 vel
3401 1295 3454 1349 in
3485 1296 3674 1358 duino,

2088 1398 2198 1437 una
2229 1396 2484 1453 precatus
2514 1386 2697 1452 fuerit,
2728 1388 2774 1440 is
2806 1400 3142 1457 segregetur.

2162 1475 2374 1540 12,15.
2429 1478 2484 1531 Si
2537 1482 2662 1548 quis
2709 1481 2944 1534 clericus
2987 1480 3071 1533 vel
3121 1481 3295 1534 laicus
3360 1488 3677 1550 segregatus

2091 1566 2204 1621 sive
2246 1583 2353 1621 non
2388 1569 2754 1638 recipiendus,
2789 1582 2918 1634 etc.,
2954 1580 3010 1623 ut
3044 1588 3167 1639 pag.
3203 1571 3327 1625 751.

2171 1664 2334 1736 265
2363 1666 2423 1719 15
2447 1662 2586 1735 [14].
2621 1662 2677 1718 Si
2699 1662 2825 1733 quis
2854 1659 3161 1733 presbyter,
3181 1659 3266 1714 vel
3292 1658 3575 1718 diaconus,
3598 1655 3683 1708 vel

2098 1760 2325 1813 omnino
2350 1774 2412 1812 ex
2443 1758 2768 1811 clericorum
2796 1756 3068 1825 catalogo,
3102 1761 3235 1817 etc.,
3262 1760 3318 1806 ut
3343 1768 3465 1820 pag.
3498 1748 3621 1803 658.

484 1866 579 1923 ις’.
623 1858 771 1911 Εἱδέ
810 1859 838 1909 ὁ
872 1855 1191 1919 ἐπίσκοπος,
1232 1854 1361 1923 παρ’
1478 1852 1823 1920 τυγχάνουσι,
1864 1846 1991 1917 παρ’
2028 1834 2067 1891 Β

2170 1850 2238 1903 16
2260 1848 2401 1919 [15].
2429 1849 2527 1905 Sin
2550 1849 2595 1880 ⁸³
2617 1857 2798 1902 autem
2829 1848 3121 1916 episcopus
3147 1846 3303 1901 nihili
3344 1844 3551 1897 faciens
3589 1840 3683 1892 ad-

406 1954 560 2006 οὐδὲν
591 1952 946 2020 λογισάμενος
970 1950 1069 2020 τὴν
1091 1950 1210 2002 κατ’
1235 1947 1415 2001 αὐτῶν
1442 1946 1752 2017 ὁρισθεῖσαν
1775 1942 1990 2011 ἀργίαν,

407 2047 616 2109 δέξεται
652 2044 850 2107 αὐτοὺς
880 2042 955 2105 ὡς
986 2041 1304 2112 κληρικοὺς,
1351 2036 1697 2109 ἀφοριζέσθω
1729 2035 1803 2098 ὡς
1845 2033 1993 2086 διδά-

412 2138 609 2199 σκαλος
642 2135 889 2201 ἀταξίας.

485 2230 581 2282 κδ’.
624 2227 820 2289 Λαῖκὸς
852 2224 1044 2278 ἑαυτὸν
1073 2223 1496 2296 ἀκρωτηριάσας
1528 2220 1872 2292 ἀφοριζέσθω
1900 2217 1996 2287 ἔτη

410 2317 568 2389 τρία’
609 2314 893 2377 ἐπίϐουλος
926 2316 1034 2384 γάρ
1066 2315 1181 2366 ἐστι
1219 2314 1319 2382 τῆς
1350 2311 1543 2365 ἑαυτοῦ
1579 2310 1744 2380 ζωῆς.

487 2408 593 2473 λς’.
636 2408 704 2462 Εἴ
734 2427 816 2472 τις
843 2408 1239 2480 χειροτονηθεὶς
1277 2409 1593 2471 ἐπίσκοπος,
1630 2425 1684 2461 κ.
1718 2424 1769 2460 τ.
1802 2406 1852 2462 λ.

490 2596 601 2660 μγ’.
660 2588 1043 2651 ’Υποδιάκονος
1102 2588 1134 2658 ἢ
1188 2587 1544 2655 ἀναγνώστης
1594 2587 1626 2656 ἢ
1674 2586 1885 2657 ψάλτης
1932 2586 2001 2638 τὰ

413 2682 579 2749 ὅμοια
610 2680 799 2747 ποιῶν,
833 2680 867 2752 ἢ
904 2678 1265 2749 παυσάσθωῆ
1300 2678 1649 2748 ἁφοριζέσθω
1676 2694 1691 2709 ⁸
1740 2677 2002 2739 ὡσαύτως

418 2774 513 2827 κα)⁸
537 2773 744 2837 λαῖκός.

496 2864 597 2936 με’.
649 2866 975 2927 Ἐπίσκοπος
1020 2864 1053 2935 ἦ
1099 2862 1472 2934 πρεσϐύτερος
1520 2863 1553 2933 ἢ
1602 2862 1867 2927 διάκονος,
1917 2863 2004 2914 al-

423 2959 660 3029 ρετικοῖς
687 2956 1080 3025 συνευξάμενος
1112 2955 1294 3026 μόνον,
1328 2972 1382 3007 κ.
1411 2972 1464 3009 τ.
1493 2954 1545 3008 λ.

502 3173 613 3237 μη’.
655 3165 724 3219 Εἴ
749 3182 833 3229 τις
863 3164 1050 3228 λαῖκδς
1093 3163 1193 3234 τὴν
1241 3155 1717 3228 ἐαυτοῦθγυναῖκα
1763 3156 2009 3211 ἐκϐαλὼν
2039 3176 2079 3232 C

428 3258 623 3329 ἑτέραν
673 3256 849 3322 λάϐοι,
898 3256 931 3327 ἢ
989 3256 1142 3326 παρὰ
1187 3254 1349 3309 ἄλλου
1386 3252 1829 3322 ἀπολελυμένην,
1877 3252 2013 3319 ἀφο-

435 3349 691 3421 ριζέσθω.

505 3442 596 3496 νδ’.
626 3441 696 3495 Εἴ
713 3458 794 3504 τις
820 3440 1079 3511 κληρικδς
1103 3441 1159 3492 ἐν
1185 3439 1464 3509 καπηλείῳ
1490 3437 1772 3509 φωραθείη
1800 3436 2018 3499 ἐσθίων,

430 3530 797 3602 ἀφοριζέσθω,
825 3532 999 3602 πάρεξ
1020 3530 1112 3584 τοῦ
1140 3533 1198 3583 ἐν
1223 3530 1525 3600 πανδοκείῳ
1553 3531 1610 3581 ἐν
1634 3528 1737 3598 ὀδῷ
1766 3529 1833 3581 δι’
1857 3527 2025 3596 ἀνάγ-

433 3642 540 3696 κην
572 3622 934 3684 καταλύοντος

512 3813 619 3870 νς¹.
663 3806 730 3859 Εἴ
772 3822 854 3867 τις
886 3803 1147 3874 κληρικδς
1181 3802 1393 3873 ὑϐρίσει
1428 3801 1801 3873 πρεσϐύτερον
1839 3800 1873 3872 ἢ
1907 3799 2026 3854 διά-

440 3916 618 3960 κονον,
645 3896 1010 3967 ἁφοριζέσθω.

513 3987 610 4053 νίζ’.
654 3988 720 4040 Εἴ
768 4004 852 4049 τις
884 3984 1148 4055 κληρικὸς
1186 3982 1356 4052 χωλὸν
1389 3982 1421 4050 ἢ
1454 3980 1635 4047 κωφὸν
1680 3978 1713 4049 ἢ
1763 3977 1961 4047 τυφλὸν
1993 3976 2025 4047 ἢ

441 4079 543 4144 τὰς
607 4079 789 4149 βάσεις
843 4076 1230 4145 πεπληγμένον
1299 4072 1585 4142 χλευάσει,
1646 4066 2027 4139 ἀφοριζέσθω·

440 4171 706 4235 ὡσαύτως
734 4171 829 4224 καὶ
863 4169 1069 4231 λαῖκός.

516 4270 618 4334 νη¹.
655 4263 981 4323 Ἐπίσκοπος
1013 4262 1044 4333 ἢ
1072 4257 1446 4330 πρεσϐύτερος
1466 4253 1683 4325 ἀμελῶν
1706 4253 1799 4306 τοῦ
1827 4251 2029 4323 κλήρου

445 4356 481 4427 ἢ
515 4354 609 4408 τοῦ
636 4354 787 4417 λαοῦ,
815 4372 870 4406 κ.
904 4370 953 4406 τ.
989 4352 1040 4406 λ.

521 4446 619 4502 νθ’.
662 4446 730 4500 Εἴ
752 4463 835 4509 τις
865 4444 1161 4506 ἐπίσκοπος
1190 4442 1223 4511 ἢ
1250 4440 1641 4510 πρεσϐύτερος,
1687 4455 1743 4492 κ.
1777 4453 1832 4492 τ.
1870 4437 1920 4491 λ.

2098 1950 2289 1989 versus
2318 1949 2412 1987 eos
2463 1931 2736 1984 decretam
2790 1944 2818 1980 a
2895 1941 3122 1981 munere
3178 1926 3680 1984 cessationein,eos

2096 2026 2405 2080 utclericos
2439 2022 2729 2091 receperit,
2763 2028 3077 2090 scgregctur
3122 2026 3185 2073 ut
3223 2015 3577 2072 immodestia:
3629 2022 3684 2068 et

2098 2116 2401 2172 insolentia).
2432 2114 2714 2184 magister.

2168 2210 2237 2261 21
2271 2204 2407 2278 [:25].
2441 2203 2642 2258 Laicus
2667 2201 2759 2271 qui
2790 2200 3033 2270 seipsum
3062 2196 3358 2261 mutilavit,
3387 2194 3561 2249 tribus
3590 2208 3689 2247 an-

2098 2286 2185 2356 nis
2209 2306 2559 2371 segregetur;
2591 2305 2674 2352 est
2702 2296 2850 2350 enim
2884 2309 3000 2349 suae
3024 2292 3196 2362 ipsius
3225 2291 3350 2344 vita:
3376 2286 3688 2343 insidiator.

2169 2393 2237 2448 56
2282 2390 2420 2463 [55].
2477 2389 2535 2444 Si
2599 2389 2723 2459 quis
2771 2386 3060 2466 ordinatus
3104 2384 3419 2454 episcopus,
3449 2389 3579 2444 etc.,
3631 2386 3692 2431 ut

2100 2503 2223 2557 pag.
2257 2484 2379 2539 506.

2172 2579 2243 2632 45
2274 2575 2412 2649 [42].
2452 2572 2899 2646 Hypodiaconus,
2933 2570 3017 2625 vel
3051 2570 3244 2633 lector,
3276 2567 3361 2621 vel
3394 2572 3589 2621 cantor
3617 2563 3696 2619 si-

2104 2669 2254 2722 milia
2298 2668 2527 2730 faciens,
2550 2665 2634 2719 vel
2684 2671 2886 2729 cesset,
2932 2660 3019 2716 vel
3047 2666 3381 2729 segregetur.
3417 2655 3609 2710 Itidem
3638 2663 3696 2708 et

2105 2757 2299 2813 laicus.

2175 2851 2247 2905 45
2299 2847 2439 2919 [14].
2478 2845 2783 2917 Episcopus
2815 2840 2901 2895 vel
2931 2840 3238 2912 presbyter,
3283 2838 3369 2895 vel
3395 2838 3694 2897 diaconus,

2108 2943 2200 3011 qui
2225 2957 2350 2996 cum
2384 2937 2650 2993 Inercticis
2679 2935 2765 2990 vel
2790 2934 2969 2990 solum
2998 2939 3383 3002 comprecatus
3428 2935 3534 2993 est,
3560 2935 3694 2988 etc.,

2108 3044 2166 3089 ut
2197 3050 2317 3102 pag.
2345 3032 2469 3085 610.

2186 3125 2416 3198 48[47].
2467 3123 2522 3178 Si
2578 3123 2702 3193 quis
2757 3121 2932 3177 laicus
2983 3135 3082 3176 sua
3117 3119 3294 3188 ejecta
3332 3128 3505 3171 uxore
3538 3111 3699 3167 aliam

2119 3222 2409 3293 acceperit,
2443 3220 2529 3275 vel
2561 3220 2629 3274 ab
2651 3218 2760 3273 alio
2780 3219 3038 3283 solutam,
3068 3222 3403 3287 segregetur.

2197 3433 2264 3486 54
2296 3432 2434 3503 [55].
2477 3428 2534 3484 Si
2571 3428 2696 3498 quis
2748 3426 2983 3481 clericus
3022 3421 3075 3476 in
3119 3437 3367 3493 caupona
3416 3419 3711 3475 comedens

2123 3522 2503 3595 deprehensus
2542 3520 2730 3585 fuerit,
2764 3524 3097 3587 segregetur,
3141 3526 3506 3583 pra-terquam
3556 3511 3602 3566 si
3653 3512 3710 3565 in

2124 3617 2350 3690 publico
2377 3614 2683 3670 diversorio
2708 3612 2762 3665 in
2794 3612 2880 3664 via
2927 3619 3149 3680 propter
3197 3606 3576 3661 necessitatem
3626 3603 3715 3658 di-

2126 3707 2371 3763 verterit.

2202 3798 2269 3851 56
2305 3793 2445 3867 [55].
2490 3793 2548 3847 Si
2584 3791 2707 3861 quis
2734 3789 2966 3844 clericus
2991 3785 3375 3857 presbyterum
3412 3781 3498 3838 vel
3531 3782 3718 3837 diaco-

2128 3904 2258 3945 num
2297 3886 2501 3954 injuria
2532 3881 2795 3946 aﬂ‘ecerit,
2830 3887 3171 3949 segregetur.

2206 3980 2272 4033 57
2312 3976 2452 4050 [56].
2498 3974 2555 4029 Si
2591 3974 2715 4044 quis
2748 3972 2981 4027 clericus
3019 3968 3297 4033 claudum,
3330 3967 3415 4021 vel
3463 3965 3717 4026 surdum,

2130 4075 2215 4131 vel
2249 4089 2398 4138 eum,
2433 4070 2522 4125 cui
2560 4070 2791 4123 vitiosus
2829 4077 2915 4122 est
2958 4067 3231 4129 incessus,
3266 4062 3522 4124 irriserit,
3562 4074 3723 4130 sepa-

2132 4173 2311 4223 retur.
2349 4161 2620 4217 Similiter
2643 4168 2697 4214 et
2728 4160 2920 4214 laicus.

2208 4257 2276 4313 58
2308 4253 2447 4327 [57].
2500 4251 2807 4323 Episcopus
2841 4248 2929 4304 vel
2977 4247 3285 4318 presbyter,
3326 4242 3419 4311 qui
3457 4240 3589 4297 cleri
3636 4238 3723 4293 vel

2135 4349 2325 4424 populi
2353 4361 2542 4403 curam
2567 4359 2672 4399 non
2696 4342 2856 4413 gerit,
2887 4350 3017 4405 etc.,
3049 4350 3104 4393 ut
3124 4356 3247 4409 pag.
3272 4337 3400 4391 682.

2208 4443 2277 4499 59
2312 4440 2450 4513 [58].
2479 4438 2538 4493 Si
2583 4437 2707 4509 quis
2736 4435 3030 4505 episcopus
3055 4430 3141 4484 vel
3161 4427 3467 4499 presbyter,
3495 4430 3628 4486 etc.,
3662 4426 3721 4473 ut

2138 4556 2259 4611 pag.
2296 4537 2422 4592 674.

519 4656 612 4722 ξε’.
658 4657 723 4709 El.’
764 4674 848 4720 τις
897 4653 1153 4725 κληρικὸς
1203 4653 1237 4723 ἢ
1272 4651 1458 4714 λαῖκὸς
1501 4649 1734 4703 εἰσέλθοι
1778 4650 1859 4712 είς
1906 4648 2075 4703 συν-1

2142 4608 2150 4611 ﬁ
2424 4628 2495 4684 65
2538 4625 2676 4700 [65].
2738 4623 2796 4677 Si
2834 4622 2962 4691 quis
3024 4616 3261 4672 clericus
3304 4613 3388 4667 vel
3436 4611 3612 4665 laicus
3669 4608 3723 4660 in

449 4749 673 4819 αγωγὴν
703 4748 967 4801 Ἰουδαίων
998 4747 1030 4818 ἢ
1062 4745 1353 4818 αἱρετικῶν
1382 4738 1804 4814 προσεύξασθαι,
1841 4738 2036 4793 καθαι-

453 4843 654 4915 ρείσθω
684 4842 778 4894 καὶ
809 4838 1169 4909 ἀφοριζέσθω.

525 4933 621 5001 ξζ.
686 4933 754 4986 Εἰ
807 4950 891 4995 τις
937 4929 1208 5002 παρθένον
1268 4930 1643 4999 ἀμνήστευτον
1704 4925 2038 4996 βιασάμενος

454 5026 591 5097 ἔχει,
626 5022 969 5095 ἁφοριζέσθω
1003 5040 1017 5054 ο
1073 5023 1147 5092 μὴ
1178 5020 1379 5087 ἐξεῖναι.
1412 5020 1470 5074 δέ
1499 5018 1646 5089 αὐτῷ
1674 5019 1866 5091 ἑτέραν
1894 5018 2038 5088 λαμ-

456 5119 662 5181 ϐάνειν,
705 5115 818 5168 ἀλλ’
845 5114 1061 5185 ἐκείνην
1092 5113 1344 5183 κατέχειν
1371 5113 1438 5183 ἦν
1468 5114 1563 5164 καὶ
1590 5110 1901 5182 ᾑρετίσατο,
1935 5108 2041 5163 κᾶν

456 5208 692 5280 πενιχρὰ
718 5207 982 5277 τυγχάνῃ.

530 5307 594 5355 o'.
634 5300 700 5353 Εῐ
728 5316 813 5362 τις
843 5298 1162 5363 ἐπίσκοπος,
1207 5298 1241 5367 ἢ
1276 5296 1665 5367 πρεσϐύτερος,
1711 5295 1744 5365 ἦ
1776 5294 2039 5360 διάκονος,

463 5393 496 5462 ἢ
527 5392 663 5456 ὅλως
693 5390 788 5444 τοῦ
815 5391 1120 5459 καταλόγου
1159 5388 1264 5442 τῶν
1296 5386 1595 5459 κληρικῶν,
1628 5387 1880 5455 νηστεύοι
1908 5386 2047 5457 μετά

473 5482 763 5551 Ἰουδαίων,
791 5484 825 5555 ἢ
856 5482 1101 5553 ἐορτάζοι
1135 5483 1251 5550 μετ’
1268 5481 1468 5541 αὐτῶν,
1491 5480 1524 5551 ἢ
1550 5479 1761 5549 δέχεται
1793 5480 1925 5549 παρ’
1948 5479 2046 5532 αύ-

462 5576 572 5629 τῶν
600 5574 667 5628 τὰ
697 5574 799 5644 τῆς
831 5573 1022 5643 ἑορτῆς
1056 5570 1223 5637 ξένια,
1258 5566 1370 5624 οἷον
1399 5572 1606 5639 ἄζυμα,
1654 5571 1687 5641 ἦ
1722 5588 1775 5623 τι
1812 5570 2044 5638 τοιοῦτο,

466 5665 867 5738 καθαιρείσθωο
905 5666 956 5717 εἰ
984 5663 1043 5716 δὲ
1075 5661 1284 5728 λαῖκὸς,
1319 5660 1683 5733 ἀφοριζέσθω.

542 5827 588 5861 ³³
623 5828 794 5883 Cone.
824 5825 941 5881 Nic.
992 5839 1115 5879 can.
1179 5823 1265 5879 16.

2143 4701 2456 4777 «Ιιιᾱαέοτυηι
2487 4720 2574 4774 vel
2608 4716 2985 4770 liaareticorum
3013 4720 3343 4781 synagogam
3367 4707 3622 4775 ingessus
3649 4701 3721 4755 sit

2146 4815 2213 4870 ad
2244 4813 2533 4875 orandum,
2569 4811 2877 4878 deponatur
2907 4815 2961 4861 et
3000 4810 3340 4875 segregetur.

2203 4917 2271 4972 67
2307 4913 2449 4988 [66].
2495 4912 2556 4966 Si
2607 4910 2732 4980 quis
2770 4907 3041 4978 virginem
3091 4919 3197 4959 non
3232 4903 3617 4971 desponsatam
3659 4899 3714 4953 vi

2132 5011 2297 5066 allata
2346 5007 2530 5071 habet,
2576 5010 2931 5073 segregetur;
2964 5000 3014 5053 ei
3057 5006 3239 5052 autem
3273 4995 3433 5049 aliam
3471 4993 3718 5063 accipere

2132 5115 2241 5156 non
2286 5097 2473 5159 liceat,
2526 5092 2620 5149 sed
2664 5090 2811 5145 illam
2857 5087 3095 5143 retinere
3124 5100 3288 5155 quam
3339 5084 3521 5153 elegit,
3554 5082 3718 5137 etiam

2134 5194 2178 5248 si
2212 5204 2418 5261 pauper
2441 5187 2534 5243 sit.

2209 5282 2277 5336 70
2320 5279 2462 5353 [69].
2520 5278 2577 5332 Si
2626 5276 2752 5347 quis
2798 5275 3110 5344 cpiscopus,
3164 5271 3249 5325 vel
3291 5271 3590 5341 presbyter,
3639 5270 3721 5323 vel

2141 5377 2432 5437 diaconus,
2467 5372 2553 5426 vel
2579 5368 2807 5425 omnino
2837 5382 2902 5420 ex
2935 5366 3261 5421 clericorum
3287 5362 3555 5432 catalogo,
3578 5360 3725 5430 jeju-

2138 5478 2235 5525 nat
2260 5482 2384 5524 cum
2415 5465 2640 5527 Iudaeis,
2695 5461 2780 5516 vel
2818 5475 2940 5515 cum
2979 5458 3111 5528 ipsis
3138 5456 3307 5512 l‘estos
3334 5455 3446 5509 dies
3478 5456 3608 5524 agit,
3643 5453 3727 5506 vel

2141 5565 2210 5619 ab
2242 5561 2380 5633 ipsis
2410 5559 2571 5614 xenia
2619 5555 2854 5624 accipit;
2879 5561 2960 5619 ut,
2992 5552 3143 5605 verbi
3181 5551 3376 5621 gratia,
3401 5563 3609 5618 azyma,
3645 5546 3730 5599 vel

2138 5655 2284 5711 aliud
2312 5652 2494 5725 quale,
2511 5651 2835 5717 deponatur.
2856 5645 2909 5700 Si
2939 5660 3069 5701 vero
3086 5644 3157 5699 sit
3183 5643 3375 5708 laicus,
3400 5646 3734 5711 segregctur.

553 5983 628 6052 Ὠ)
654 5983 864 6040 Citatur
915 5997 946 6036 a
982 5989 1170 6038 sancto
1214 5979 1376 6051 Grcg.
1440 5978 1534 6034 lib.
1579 5994 1653 6036 vn
1687 5977 1851 6049 Reg.,
1883 5976 2040 6048 epist.
2068 5977 2155 6030 '50.
