4122 6434
594 351 700 414 739

1763 357 2021 417 ΡΙΙΟΤΙΙ
2061 358 2562 417 I’ATRIARCIL’E
2593 359 2699 418 (ΞΡ.

3742 371 3838 434 740

663 458 725 513 71
764 454 904 530 ξ70].
934 456 989 512 Si
1023 457 1150 527 quis
1179 459 1527 514 Christianus
1556 461 1734 515 oleum
1769 465 1999 528 deferat,
2035 473 2139 518 etc.

2342 469 2440 518 οα’.
2487 463 2552 515 Εἴ
2580 480 2662 528 τις
2694 465 3017 535 Χριστιανὸς
3056 467 3232 521 ἔλαιον
3274 470 3580 539 ἀπενέγκοι,
3620 491 3675 529 κ.
3709 493 3758 528 τ.
3795 477 3836 531 λ.

591 561 649 605 ut
677 568 796 621 pag.
832 551 955 605 65L

664 643 731 694 7:).
766 641 906 713 [71].
941 641 997 695 Si
1033 642 1158 712 quis
1189 644 1444 706 clericus,
1481 645 1562 697 vel
1594 645 1765 700 laicus
1796 661 1825 699 a
1861 659 2048 703 sancta
2075 648 2179 705 Ee-

599 735 765 790 clesia
797 749 980 788 ceram
1009 733 1091 787 vel
1124 735 1305 787 oleum
1333 734 1564 798 auferat,
1591 746 1928 807 segregctur.

665 914 730 966 75
762 912 901 984 [72].
928 913 1035 967 Vas
1073 928 1324 980 aureum,
1366 916 1445 969 vel
1478 926 1823 986 argenteum,
1862 921 1947 977 vel
1993 925 2174 979 velum

593 1006 1012 1069 sanctiﬁcatum,
1047 1015 1176 1070 etc.,
1208 1015 1263 1058 ut
1297 1024 1418 1076 pag.
1462 1008 1584 1064 575.

665 1096 729 1148 76
764 1094 900 1166 [75].
920 1094 1076 1159 Quod
1107 1111 1215 1148 non
1246 1107 1459 1167 uporlct
1487 1101 1802 1171 episcopum
1836 1103 2014 1171 fratri,
2043 1116 2172 1173 etc.,

590 1201 645 1243 ut
675 1205 798 1258 pag.
837 1187 962 1242 507.

655 1299 722 1352 84
759 1298 896 1370 [83].
941 1301 1206 1372 Quisquis
1256 1319 1436 1371 regem
1490 1305 1574 1358 vel
1621 1307 1922 1378 principem
1975 1322 2173 1380 praeter

580 1391 670 1459 jus
727 1396 1060 1448 contumelia
1114 1397 1382 1464 all‘ecerit,
1437 1415 1628 1469 pinnas
1677 1401 1844 1456 luat:
1897 1413 1952 1457 et
2005 1406 2048 1458 si
2099 1408 2172 1459 sit

582 1486 800 1554 quidem
830 1489 1087 1554 clericus,
1113 1491 1462 1561 deponatur:
1505 1495 1550 1548 si
1593 1511 1722 1550 vero
1754 1497 1949 1562 laicus,
1983 1515 2168 1568 segre-

583 1586 760 1645 gctul‘.

583 1667 807 1724 Concilii
823 1672 1265 1750 Chalcedonensis
1300 1695 1366 1731 ex
1385 1680 1588 1750 actione
1606 1681 1669 1733 de
1689 1680 1877 1734 Pliotio
1909 1679 2166 1750 Tyrorum

756 1747 996 1812 episcoiio
1025 1758 1072 1799 et
1106 1747 1386 1802 Eustathio
1423 1749 1702 1820 Berytensi
1738 1747 1998 1821 episcopo.

650 1932 702 1986 1.
727 1931 1246 1998 Magnificentissimi
1280 1945 1334 1988 et
1376 1937 1754 2004 gloriosissimi
1783 1939 2053 2009 principes
2084 1941 2165 1994 di-

579 2035 780 2076 xerunt
811 2042 824 2078 :
867 2022 941 2078 De
966 2024 1238 2094 episcopis
1272 2026 1434 2096 267
1475 2043 1504 2080 a
1542 2026 1736 2082 Photio
1754 2030 2165 2100 religiosissimo

576 2110 833 2177 episeopo
878 2111 1147 2164 ordinatis
1195 2121 1248 2165 et
1291 2113 1360 2165 ab
1401 2112 1690 2168 Eustathio
1748 2116 2165 2187 religiosissimo

577 2201 838 2271 episcopo
871 2203 1139 2271 depositis
1169 2220 1232 2259 ac
1276 2214 1398 2272 post
1434 2206 1808 2275 episcopatum
1837 2207 2010 2278 jussis
2042 2226 2165 2266 esse

575 2293 924 2363 presbyteris,
949 2294 1079 2364 quid
1114 2296 1327 2350 videtur
1357 2305 1562 2351 sancta:
1597 2299 1805 2367 synodo
1831 2298 1856 2350 7

926 2491 1153 2548 Concilii
1175 2494 1451 2564 Ancyraui
1483 2511 1654 2549 canon
1698 2495 1780 2550 l8.

641 2600 698 2655 8.
741 2601 796 2654 Si
827 2602 951 2671 quis
990 2604 1270 2658 constituti
1303 2605 1568 2674 episcopi,
1597 2615 1706 2662 etc.
1734 2645 1748 2669 ,
1779 2616 1834 2660 ut
1870 2621 1993 2679 pag.
2033 2609 2160 2666 5'06.

851 2711 1080 2766 Concilii
1107 2713 1580 2778 ﬂeocwsareensis
1612 2735 1780 2771 canon
1808 2719 1859 2773 l.

642 2821 692 2874 l.
739 2822 1027 2894 Presbyter
1054 2825 1097 2878 si
1129 2841 1349 2880 uxorem
1396 2828 1631 2890 duxerit,
1665 2829 1855 2884 ordine
1883 2846 1986 2885 suo
2039 2846 2159 2884 mo-

570 2925 778 2968 Veatur.
845 2916 900 2969 Si
937 2926 1115 2970 autem
1172 2917 1472 2975 fornicatus
1499 2920 1682 2982 fuerit,
1725 2923 1806 2975 vel
1831 2923 2159 2977 adulterium

568 3010 929 3076 couuniserit,
962 3013 1180 3080 penitus
1207 3013 1550 3077 extrudatur,
1585 3023 1640 3068 et
1678 3015 1744 3068 ad
1777 3014 2155 3083 ptenitentiam

567 3101 894 3158 deducatur.
1850 3108 1855 3113 ’

715 3194 908 3264 Cyr-illi
951 3211 1015 3250 ex
1043 3196 1271 3264 epistola
1294 3197 1364 3250 ad
1387 3197 1676 3262 Damnum,
1702 3213 1823 3270 cap.
1863 3201 1914 3261 Ι,
1946 3201 2001 3257 5.

643 3365 695 3418 l.
722 3365 1076 3437 Unaquzrque
1103 3383 1193 3422 res
1216 3378 1424 3436 nostra,
1443 3380 1750 3443 etc.,usque
1770 3374 1837 3426 ad
1859 3383 1910 3428 te
1933 3375 2154 3441 salutat,

567 3469 623 3510 ut
653 3474 776 3528 pag.
806 3459 934 3514 491.

633 3570 786 3625 CAP.
828 3571 941 3626 Xll.
971 3600 1044 3612 --
1075 3571 1143 3627 Ut
1165 3575 1404 3644 quandiu
1425 3577 1698 3646 episcopus
1727 3595 1844 3632 cum
1888 3592 2153 3650 segregata

565 3677 597 3712 a
626 3677 681 3714 se
706 3676 810 3714 non
835 3665 1213 3727 communicat,
1246 3682 1308 3719 ne
1346 3671 1523 3722 caeteri
1551 3669 1762 3738 quidem
1789 3673 2017 3739 episcopi
2034 3687 2152 3725 cum

563 3769 870 3824 aegregante
910 3762 1320 3815 communicent.

866 3838 1090 3894 Cuncilii
1129 3841 1569 3914 Carthagineusis
1590 3863 1755 3902 canon
1789 3849 1912 3904 155.

638 3949 705 4004 Ut
763 3967 869 4002 non
937 3960 1124 4007 temere
1175 3972 1486 4029 quemquam
1549 3963 1914 4015 communione
1982 3961 2150 4032 privet

561 4039 856 4106 cpiscopus.

632 4153 883 4220 Quandiu
949 4157 997 4189 "
1062 4163 1536 4218 excommunicato
1613 4179 1719 4218 non
1775 4165 2147 4220 communica-

557 4248 698 4300 verit
743 4265 878 4304 suus
923 4250 1237 4321 episcopus,
1282 4255 1458 4310 cidem
1493 4257 1754 4326 episeopo
1784 4257 1853 4312 ab
1889 4258 2008 4314 aliis
2037 4273 2144 4314 non

556 4340 998 4393 conununicetur
1025 4343 1320 4412 episcopis,
1346 4345 1598 4414 utzmagis
1617 4356 1806 4400 caveat
1828 4347 2141 4418 episcopus,

555 4443 625 4480 ne
656 4427 803 4483 dicat
832 4431 885 4484 in
914 4446 1267 4501 quemquam,
1301 4435 1450 4504 quod
1476 4436 1600 4490 aLis
1635 4437 1984 4492 documentis
2013 4453 2145 4493 con-

553 4518 772 4574 vincere
801 4536 908 4575 non
935 4532 1132 4590 potest.

625 4632 885 4687 Aurelius
919 4633 965 4665 ⁸⁸
996 4637 1288 4708 episcopus
1319 4640 1456 4695 dixit
1485 4661 1498 4696 :
1530 4641 1693 4698 Juxta
1745 4653 1942 4700 statuta
1973 4625 2138 4703 tdtius

554 4722 772 4776 concilii
820 4731 1160 4798 congregati,
1207 4740 1419 4786 etmea:
1471 4735 1867 4794 mediocritatis
1917 4752 2136 4795 senten-

554 4814 712 4878 tiam,
758 4817 935 4884 placet
985 4819 1164 4876 facere
1194 4840 1375 4878 rerum
1411 4828 1656 4882 omnium
1695 4832 2132 4900 conclusionem,

557 4905 804 4962 universi
854 4909 1069 4964 titulum
1119 4915 1407 4986 designati,
1454 4918 1622 4989 263
1658 4931 1714 4975 et
1737 4923 1932 4992 digesti
1972 4925 2135 4994 hujus

554 4991 662 5047 diei
693 5004 979 5052 tractatum
1006 4999 1263 5058 Ecclesiae
1290 5017 1441 5074 gesta
1481 5010 1781 5078 suscipiant
1863 5027 1985 5081 qua:
2007 4991 2134 5069 vero

555 5084 735 5140 adhuc
778 5103 1034 5158 expressa
1071 5109 1181 5148 non
1214 5107 1364 5162 sunt,
1398 5099 1486 5152 dic
1526 5102 1776 5168 sequenti
1818 5118 1914 5172 per
1937 5104 2136 5162 fratres

557 5184 777 5233 nostros
807 5179 1131 5236 Faustinum
1167 5186 1509 5254 episcopum,
1549 5187 1858 5260 Philippum
1895 5203 1950 5248 ct
1981 5195 2135 5250 Asel-

555 5265 668 5320 lum
723 5271 1098 5340 presbyteros,
1148 5278 1446 5360 venerabili
1502 5281 1656 5338 fratri
1707 5293 1762 5339 et
1812 5289 2133 5361 coepiscopo

554 5369 747 5415 nostro
779 5361 1062 5419 Bonifacio
1095 5369 1475 5428 rescribemus.

623 5447 692 5505 Et
722 5446 1187 5522 subscripserunt.

2349 643 2446 714 οβ’.
2492 645 2559 698 Εἴ
2577 663 2661 710 τις
2688 646 2949 716 κληρικδς
2995 646 3026 717 ἢ
3057 647 3240 711 λαῐκὸς
3271 649 3378 702 ἀπὸ
3405 653 3500 720 τῆς
3526 653 3688 720 ἁγίας
3727 655 3832 707 Ἐκ·

2279 737 2510 808 κλησὶας
2545 738 2810 808 ἀφέληταί
2857 739 3026 808 κηρὸν
3057 740 3089 810 ἢ
3126 740 3323 806 ἔλαιον,
3369 742 3728 812 ἀφοριζέσθω,
3759 748 3839 799 καὶ

2277 831 2338 881 τὸ
2367 829 2710 898 ὲπίπεμπτον
2749 829 3091 898 προστιθέτω
3126 832 3242 901 μεθ’
3275 825 3335 885 οὗ
3364 833 3574 888 ἐλαϐεν.

2347 925 2444 985 ογ’.
2475 918 2674 981 Σκεῦος
2698 917 2937 989 χρυσοῦν
2959 919 2991 990 ἢ
3015 921 3286 992 ἀργυροῦν
3307 923 3561 990 ἀγιασθὲν
3584 922 3616 994 ἦ
3642 923 3838 994 ὀθόνην,

2278 1029 2330 1066 κ.
2358 1029 2408 1065 τ.
2443 1012 2491 1065 λ.

2347 1110 2451 1166 ος’.

2275 1211 2329 1248 κ.
2370 1212 2420 1247 τ.
2465 1195 2513 1248 λ.

2528 1105 2650 1156 Ὅτι
2713 1106 2788 1177 μὴ
2845 1105 2954 1179 χρὴ
3007 1105 3101 1160 τὸν
3148 1105 3446 1159 ἐπίσκοπον
3497 1105 3572 1176 τῷ
3618 1106 3838 1179 ἀδελφῷ,

2345 1304 2439 1359 08'.
2483 1307 2582 1369 ’ος
2613 1325 2694 1370 τις
2738 1307 2951 1379 ὑϐρίσει
3001 1306 3223 1377 βασιλέα
3254 1307 3286 1377 ἢ
3323 1309 3556 1377 ἄρχοντα
3612 1309 3760 1379 παρὰ
3787 1308 3840 1362 τὸ

2271 1396 2498 1462 δίκαιον,
2547 1399 2817 1468 τιμωρίαν
2865 1400 3131 1454 τιννύτω·
3190 1400 3286 1452 καὶ
3334 1403 3381 1452 εί
3432 1401 3528 1469 μὲν
3571 1401 3839 1472 κληρικὸς,

2272 1489 2672 1559 καθαιρείσθω·
2711 1493 2760 1543 εί
2791 1491 2845 1543 δὲ
2873 1491 3077 1554 λαῖκὺς,
3109 1491 3474 1561 ἀφοριζέσθω.

2269 1667 2542 1741 Συνόὃου
2579 1671 2968 1741 Χαλκηδόνος
2995 1674 3064 1726 ἐκ
3106 1673 3217 1741 τῆς
3257 1674 3526 1740 πράξεως
3572 1673 3685 1741 τῆς
3718 1673 3839 1740 περὶ

2339 1740 2566 1792 Φωτίου
2599 1740 2936 1813 ἐπισκόπου
2982 1740 3191 1813 Τύρου,
3223 1746 3320 1798 καὶ
3355 1740 3694 1800 Εὐστιιθίου
3724 1745 3838 1797 ἐπι-

2339 1810 2578 1863 σκόπου
2610 1812 2905 1878 Βηρυτοῦ.

2337 1943 2406 1990 α’.
2452 1938 2514 1988 Οἱ
2552 1939 3136 2009 μεγαλοπρεπέστατοι
3167 1943 3259 1996 καὶ
3289 1943 3621 2007 ἐνδοξότατοι
3656 1944 3841 2013 ἄρχον-

2266 2045 2356 2092 τες
2383 2026 2555 2081 εἶπον·
2589 2032 2724 2101 Περὶ
2749 2032 2859 2084 τῶν
2888 2035 3202 2088 ἐπισκόπων
3232 2036 3340 2088 τῶν
3367 2037 3840 2106 χειροτονηθέντων

2267 2121 2366 2189 μὲν
2425 2125 2574 2191 παρὰ
2639 2126 2844 2178 Φωτέου
2902 2127 2995 2180 τοῦ
3051 2128 3449 2182 εὐλαϐεστάτου
3510 2132 3837 2194 ἐπισκόπου,

2263 2213 2708 2282 ἁποκινηθέντων
2745 2219 2802 2270 δὲ
2833 2221 2982 2290 παρὰ
3010 2220 3307 2273 Εὑσταθίου
3335 2221 3428 2274 τοῦ
3455 2223 3839 2275 εὐλαϐεστάτου

2265 2302 2589 2372 ἐπισκόπου,
2642 2317 2737 2361 καὶ
2771 2325 2908 2377 μετα
2951 2316 3051 2380 τὴν
3096 2313 3400 2381 επισκοπὴν
3451 2311 3840 2366 κελευσθεντων

2264 2388 2404 2447 εἴναι
2447 2398 2854 2470 πρεσϐυτέρων,
2886 2401 2939 2454 τί
2977 2403 3309 2472 παρίσταται
3352 2405 3417 2474 τῇ
3449 2404 3582 2475 ἁγίᾳ
3612 2403 3835 2475 συνόδῳ;

2573 2519 2619 2568 Σ
2626 2515 2844 2571 υνόδου
2889 2519 3178 2588 Ἀγκύρας
3207 2520 3410 2574 κανὼν
3443 2526 3532 2592 ιη’.

2337 2628 2425 2691 ιη’.
2467 2622 2535 2676 Εἴ
2557 2642 2698 2689 τινες
2725 2628 3014 2682 ἐπίσκοποι.
3047 2632 3502 2700 κατασταθέντες,
3546 2652 3602 2689 κ.
3634 2652 3685 2689 τ.
3721 2634 3768 2689 λ.

2499 2734 2771 2788 Συνόδου
2795 2738 3259 2807 Νεοκαισαρείας
3290 2741 3492 2794 κανὼν
3522 2749 3594 2798 α’.

2329 2844 2397 2893 α’.
2458 2840 2836 2914 Πρεσϐύτερος
2889 2846 2984 2899 ἐὰν
3038 2849 3229 2922 γήμῃ,
3280 2852 3379 2922 τῆς
3429 2853 3638 2918 τάξεως
3683 2855 3833 2907 αὐτὸν

2261 2932 2682 3000 μετατίθεσθαι·
2726 2937 2821 2990 ἐὰν
2847 2937 2903 2990 δὲ
2937 2941 3206 3013 πορνεύσῃ
3237 2944 3268 3014 ἦ
3309 2946 3593 3015 μοιχεύσῃ,
3628 2946 3834 3012 ἐξωθεῖ-

2257 3022 2382 3076 σθαι
2416 3026 2578 3080 αὑτὸν
2605 3027 2810 3097 τέλεον,
2856 3031 2952 3084 καὶ
2982 3033 3210 3102 ἄγεσθαι
3241 3038 3320 3099 είς
3353 3038 3665 3106 μετάνοιαν.

2351 3202 2656 3270 Κυρίλλου
2697 3206 2768 3260 ἐκ
2809 3197 2920 3276 τῆς
2966 3211 3117 3280 πρὸς
3145 3213 3378 3350 ξύλινον
3414 3211 3751 3286 ἐπιστολῆς·

2878 3296 3013 3348 κερ.
3055 3288 3104 3335 α’
3182 3289 3216 3335 ’.

2878 3296 3013 3348 κερ.
3055 3288 3104 3335 α’
3145 3289 3216 3348 τ’.

2329 3385 2400 3434 α’.
2444 3381 2690 3437 ’Έκαστα
2720 3386 2826 3439 τῶν
2869 3388 2994 3440 καθ’
3023 3391 3171 3461 ἡμᾶς
3206 3394 3570 3464 πραγμάτων,
3609 3413 3666 3452 κ.
3696 3413 3745 3454 τ.
3781 3394 3827 3452 λ.

2327 3590 2579 3644 ΚΕΦΑΛ.
2616 3593 2716 3646 ΙΒ’.
2738 3619 2808 3632 --
2832 3594 2958 3647 Ὅτι
2985 3596 3078 3665 ἐφ’
3103 3596 3257 3652 ὅσον
3283 3601 3506 3669 χρόνον
3526 3605 3560 3657 ὁ
3587 3605 3826 3659 ἐπισκο-

2255 3693 2369 3745 πος
2395 3683 2465 3733 οὺ
2491 3684 2771 3737 κοινωνεῖ
2792 3684 2870 3750 τῷ
2896 3689 3031 3756 παρ’
3053 3689 3240 3742 αὐτοῦ
3267 3691 3671 3762 ἀφορισθέντι,
3697 3698 3826 3752 οὔτε

2253 3770 2307 3822 οἱ
2335 3769 2512 3824 ἄλλοι
2538 3773 2861 3828 ἐπίσκοποι
2893 3779 3252 3834 κοινωνοῦσι
3281 3779 3360 3846 τῷ
3385 3783 3759 3851 ἀφορίσαντι.

2482 3865 2754 3919 Συνόδου
2786 3869 3209 3939 Καρθαγέννης
3247 3875 3448 3928 κανὼν
3485 3877 3620 3947 ρλγθ.

2325 3974 2451 4030 "Im
2475 3977 2562 4047 μὴ
2587 3978 2666 4044 ὡς
2695 3981 2874 4050 ἔτυχε
2913 3984 3047 4037 τινὰ
3084 3987 3354 4057 στερήσῃ
3387 3989 3496 4057 τῆς
3521 3992 3822 4060 κοινωνίας

2252 4067 2287 4119 ὁ
2325 4065 2680 4138 ἐπίσκοπος.
3371 4077 3374 4079 ⁸

2323 4180 2456 4251 ρλγ’.
2510 4185 2627 4254 Ἐφ’
2671 4187 2793 4240 ὅσον
2833 4187 2910 4259 τῷ
2962 4190 3330 4266 ἀφωρισμένῳ
3378 4197 3453 4268 μὴ
3503 4205 3752 4256 κοινωνεί
3789 4201 3817 4254 ὁ

2248 4273 2381 4339 ἴδιος
2425 4279 2743 4344 ἐπίσκοπος,
2776 4283 2853 4354 τῷ
2893 4284 3040 4354 αὐτῷ
3071 4287 3358 4361 ἐπισκόπῳ
3405 4292 3555 4347 ἄλλοι
3591 4297 3668 4368 μὴ
3698 4314 3814 4364 συγ-

2246 4372 2648 4438 κοινωνήσωσιν
2679 4372 2967 4427 ἐπίσκοποι
2999 4389 3014 4404 ⁸
3067 4375 3208 4430 ὥστε
3241 4381 3441 4450 μᾶλλον
3471 4386 3813 4456 παραφυλάτο

2247 4458 2436 4513 τεσθαι
2467 4461 2558 4513 τὸν
2585 4461 2886 4518 ἐπίσκοπον
2939 4467 3013 4538 μὴ
3060 4468 3241 4536 λέγειν
3291 4475 3432 4526 κατά
3472 4491 3642 4544 τινος,
3689 4478 3811 4547 ὅπερ

2173 4523 2216 4578 D
2244 4550 2583 4618 ἀποδείξεσιν
2610 4554 2828 4623 ἐλέγξαι
2861 4523 3226 4632 παρίὲτέροις
3257 4523 3322 4616 οὗ.
3344 4523 3584 4621 δύναται.

2315 4661 2582 4732 Αὐρήλιος
2613 4665 2909 4731 ἐπίσκοπος
2949 4665 3123 4723 εἶπεν·
3159 4673 3316 4726 Κατὰ
3349 4676 3416 4729 τὰ
3443 4677 3725 4748 ὁρισθέντα
3748 4680 3807 4750 τῇ

2243 4752 2436 4826 γνώμῃ
2469 4757 2648 4826 πάσης
2678 4759 2778 4827 τῆς
2812 4762 3290 4834 συναθροισθείσης
3337 4769 3554 4822 συνόδου
3599 4772 3692 4824 καὶ
3721 4771 3809 4840 τῆς

2242 4845 2383 4916 ἐμῆς
2412 4850 2779 4920 μετριότητος,
2825 4854 3049 4922 ἀρέσκει
3083 4857 3300 4911 πάντων
3347 4860 3453 4912 τῶν
3481 4863 3808 4933 πραγμάτων

2240 4939 2336 4991 τοῦ
2365 4940 2800 5011 προδηλωθέντος
2829 4946 3105 5011 ὁλοτελοῦς
3133 4949 3312 5002 τίτλου
3345 4953 3563 5022 ποιῆσαι
3596 4955 3656 5008 τὸ
3683 4970 3806 5021 συμ-

2242 5032 2523 5103 πέρασμα,
2570 5035 2665 5088 καὶ
2692 5036 2790 5106 τὴν
2831 5038 3124 5110 συζήτησιν
3150 5042 3246 5112 τῆς
3289 5043 3672 5112 διατυπώσεως
3715 5045 3806 5115 τῆς

2243 5124 2526 5195 παρούσης
2579 5126 2794 5197 ἡμέρας
2846 5130 2916 5180 τὰ
2963 5131 3394 5202 ἑκκλησιαστικὰ
3455 5136 3804 5208 πεπραγμένα

2240 5215 2589 5283 ἀναδέξονται
2609 5237 2624 5247 ’
2655 5218 2815 5273 ἅτινα
2845 5220 2901 5272 δὲ
2929 5223 3113 5292 ἀκμὴν
3148 5225 3248 5277 οὐκ
3278 5225 3799 5300 ὲπεξειργάσθησαν,

2238 5310 2304 5378 τῇ
2337 5309 2465 5378 ἑξῆς
2491 5311 2675 5382 ἡμέρᾳ.
2702 5311 2789 5366 διὰ
2816 5312 2928 5367 τῶν
2956 5315 3198 5385 ἀδελφῶν
3221 5317 3378 5388 ἡμῶν
3404 5322 3696 5375 Φαυστίνου
3719 5317 3802 5371 τοῦ

2240 5399 2562 5466 ἐπισκόπου,
2584 5403 2850 5457 Φιλιππου
2879 5406 2974 5460 καὶ
2993 5408 3246 5463 Ἀσέλλου
3277 5410 3385 5465 τῶν
3408 5413 3800 5483 πρεσϐυτέρων,

2238 5491 2316 5562 τῷ
2338 5495 2697 5565 προσκυνητῷ
2730 5496 2944 5570 ἀδελφῷ
2968 5500 3124 5571 ἡμῶν
3150 5502 3243 5555 καὶ
3267 5505 3647 5578 συνεπισκὸπῳ
3671 5505 3800 5556 Βονι·

2240 5584 2414 5656 φατίῳ
2449 5586 2870 5658 ἀντιγράψομεν.

623 5760 670 5793 ³⁸
699 5761 868 5818 Cone.
903 5762 1089 5820 Carth.
1129 5783 1225 5836 vu,
1259 5784 1304 5823 ρ.
1339 5771 1370 5824 5
1413 5790 1426 5840 ;
1460 5773 1630 5828 Afrir.
1678 5794 1727 5833 (ι.
1762 5778 1849 5832 99.
1929 5780 1972 5811 ³⁵
2025 5779 2149 5833 Cum

2253 5782 2401 5839 Uric.
2435 5800 2554 5855 cap.
2589 5787 2708 5842 'lOO.
