4122 6446
365 341 461 407 πι

1070 341 1473 402 SYNTAGMA
1513 337 1902 399 CANONUM.
1930 338 2164 398 —TIT.
2213 339 2316 408 IX,
2358 338 2516 398 CAP.
2560 339 2863 400 XII-XIV.

3541 349 3649 412 742

438 459 690 516 ΚΕΨΑΛ.
731 459 816 515 II‘.
841 485 911 498 -—
941 461 1128 513 Πόσοι
1172 459 1496 510 ἐπίσκοποι
1553 453 1800 508 ποιοῦσι
1865 470 1949 506 και

2127 453 2279 509 CAP.
2316 455 2454 510 XIII.
2482 455 2962 527 -—Quot'episcopi
3012 459 3311 531 episcopum
3358 464 3646 533 deponunt.

364 550 638 618 θᾶίρεσιν
668 551 1029 605 ἐπισκόπου.

362 641 637 696 Συνόδου
694 640 1393 704 Κωνσταντινουπόλεως
1449 637 1561 705 τῆς
1615 637 1765 691 κατὰ
1812 636 1956 704 τοὺς

805 710 1180 776 ἐπισκόπους
1220 709 1512 779 Ἀραϐίας.

447 805 766 877 Ἀραϐιανὸς
814 804 1114 867 ἐπίσκοπος
1174 803 1449 871 Ἀγκύρας
1494 798 1688 854 εἶπενο
1726 801 1800 854 Οὐ
1856 799 1956 870 τῆς

361 896 645 966 παρούσης
674 895 838 949 ἕνεκα
869 895 1044 966 δίκης,
1081 895 1217 949 ἀλλά
1245 893 1339 947 τοῦ
1375 893 1574 963 ἐφεξῆς
1609 893 1724 963 βίου
1753 891 1958 955 παντὸς

364 987 618 1051 δεδοικὼς
653 987 832 1051 τὀὖῒο,
862 988 998 1054 ἀξιῶ
1023 989 1122 1058 τὴν
1156 987 1316 1057 ἁγίαν
1351 987 1566 1039 σύνοδον
1597 985 1953 1058 διαλαλῆσαιο

361 1081 538 1148 ἔξεστι
576 1080 830 1149 γενέσθαι
857 1079 1178 1150 καθαίρεσιν
1226 1079 1378 1149 παρὰ
1410 1078 1504 1131 δύο
1539 1079 1878 1146 ἐπισκόπων,
1919 1079 1953 1150 ἢ

361 1172 446 1236 οὖ;
472 1173 564 1225 καὶ
598 1174 736 1225 κατά
759 1173 990 1234 ἀπόντος
1022 1171 1250 1237 ἔξεστιν,
1273 1171 1306 1242 ἦ
1332 1169 1426 1235 οῦ;
1459 1170 1624 1223 Οὐδὲν
1653 1171 1956 1242 πρόκριμαι

363 1266 500 1336 πρὸς
527 1265 624 1335 τὴν
652 1263 934 1333 παροῦσαν
979 1264 1254 1327 ὑπόθεσιν,
1290 1263 1500 1315 δέδοικα
1532 1262 1589 1315 δὲ
1630 1263 1704 1334 μὴ
1746 1263 1810 1316 ἐκ
1847 1262 1956 1316 τῶν

364 1357 470 1408 ὑπο
477 1373 578 1424 μνη
589 1355 773 1424 μάτων
797 1353 1001 1407 τούτων
1019 1354 1163 1416 τινὲς
1179 1353 1468 1424 λαϐόμενοι
1488 1353 1756 1421 ἐξουσίαν,
1773 1351 1957 1407 τοιαῦ-

361 1467 432 1503 τα
466 1448 807 1518 τολμήσωσιν
827 1462 841 1475 '
873 1445 1006 1510 ἀξιῶ
1030 1447 1175 1516 ὑμᾶς
1209 1445 1630 1517 ἀποκρίνασθαι.

436 1539 740 1608 Νεκτάριος
772 1538 1071 1600 ἐπίσκοπος
1115 1536 1744 1600 Κωνσταντινουπόλεως
1778 1533 1951 1591 εἶπενο

378 1631 710 1696 Ἐπαινετῶς
760 1633 1091 1701 εἰσηγήσατο
1144 1633 1172 1684 ὁ
1212 1630 1609 1693 εύλαϐἐστατος
1658 1631 1955 1696 ἐπίσκοπος

373 1723 694 1795 Ἀραὸιανός
723 1739 736 1754 ο
789 1724 848 1776 οὐ
888 1722 994 1795 μὴν
1028 1723 1336 1793 δυναμένης
1365 1722 1521 1792 δίκης
1555 1722 1951 1792 ἐξομοιοῦσθαι,

2132 630 2359 685 Concilii
2387 631 2970 701 szstantinopolilani
2989 635 3051 689 de
3067 637 3324 707 episcopis
3344 638 3575 696 Arabica.

2130 799 2439 854 Arabianus
2474 801 2700 871 Ancyra:
2727 799 3021 870 episc0pus
3052 801 3229 856 dixit:
3261 800 3380 856 Non
3418 810 3645 872 promer

2058 891 2163 946 hoc
2199 891 2494 961 judicium,
2527 894 2621 947 sed
2658 893 2726 948 de
2773 903 2884 948 t0ta
2929 895 3186 964 deinceps
3230 897 3337 949 vita
3371 906 3646 959 metuens,

2059 983 2221 1052 cupio
2263 997 2508 1038 sanetam
2556 986 2822 1056 synodum
2862 988 2929 1041 de
2959 987 3064 1042 hoc
3093 995 3354 1053 statuere,
3389 989 3586 1043 licetne
3617 1004 3648 1042 a

2059 1073 2277 1128 duobus
2306 1074 2580 1144 episcopis
2613 1077 2727 1130 ﬁeri
2760 1078 3180 1147 depositionem,
3243 1096 3448 1142 annon,
3474 1090 3529 1136 et
3551 1083 3649 1134 ad-

2061 1182 2255 1222 versus
2285 1167 2563 1222 absentem
2608 1168 2750 1233 licet,
2782 1171 3009 1225 annon?
3052 1171 3132 1226 Ad
3165 1181 3490 1242 praeSentem
3517 1171 3644 1241 qui-

2058 1258 2180 1312 dem
2217 1272 2437 1312 causam
2483 1258 2619 1312 nihil
2656 1268 2739 1314 est
2776 1261 3101 1332 praejudicii.
3130 1263 3332 1317 Vereor
3362 1273 3544 1318 antem
3579 1279 3647 1318 ne

2066 1363 2131 1402 ex
2155 1347 2241 1402 his
2271 1348 2408 1404 actis
2445 1349 2616 1418 aliqui
2643 1360 2912 1418 potestate
2941 1364 3163 1424 accepta
3198 1355 3326 1409 talia
3358 1355 3592 1410 audeant
3629 1374 3643 1410 :

2057 1441 2220 1496 velim
2243 1456 2374 1509 ergo
2395 1456 2494 1496 vos
2519 1443 2872 1512 respondere.

2131 1531 2421 1587 Nectarius
2446 1533 2743 1604 episcopus
2777 1536 3427 1608 Constantinopolitanus
3454 1539 3593 1594 dixit
3630 1557 3645 1594 :

2058 1623 2430 1679 Laudabiliter
2476 1627 2661 1681 intulit
2690 1628 3142 1697 religiosissimus
3187 1630 3478 1700 episcOpus
3508 1631 3648 1686 Ara-

2060 1717 2279 1771 bianus.
2310 1717 2414 1772 Sed
2447 1734 2572 1772 cum
2605 1735 2714 1773 non
2766 1721 2944 1789 possit
2978 1720 3247 1790 judicium
3279 1737 3555 1789 recusare,
3595 1723 3647 1778 id

359 1816 424 1869 τὸ
451 1815 717 1887 παρελθὸν
755 1815 830 1887 μὴ
872 1814 1322 1885 κατακρίναντες,
1368 1814 1429 1868 τὸ
1470 1813 1599 1884 ἑξῆς
1634 1814 1949 1885 ἀσφαλισώ-

2056 1809 2200 1880 quod
2252 1818 2335 1865 est
2366 1811 2704 1879 prmterilum
2753 1828 2863 1865 non
2908 1812 3363 1880 condemnantes,
3393 1814 3537 1881 quod
3566 1805 3652 1870 est

362 1904 528 1976 μεθα.

445 1995 764 2066 Ἀραόιανὸς
785 1995 1084 2058 ἐπίσκοπος
1107 1995 1385 2068 Ἀγκύρας
1409 1993 1551 2050 εἶπε·
1583 1996 1657 2050 Τὸ
1682 1996 1952 2068 παρελθὸν

358 2087 395 2156 ἠ
426 2086 534 2141 τῶν
566 2088 856 2159 μακαρίων
903 2089 1166 2162 Πατέρων
1219 2091 1330 2143 τῶν
1373 2091 1430 2143 ἐν
1477 2090 1684 2161 Νικαία
1736 2089 1952 2154 σύνοδος

357 2182 698 2249 κατακρινεῖ,
746 2182 779 2250 ἡ
833 2180 1131 2235 κελεύουσα
1177 2181 1254 2254 μὴ
1295 2182 1554 2247 ἐλάττους
1597 2179 1736 2236 εἶναι
1785 2183 1952 2254 τριῶν

357 2273 487 2335 τοὺς
515 2272 980 2343 χειροτονοῦντας,
1026 2274 1100 2346 μὴ
1129 2275 1186 2329 δὲ
1233 2275 1469 2340 ἀπόντος
1511 2275 1909 2347 μητροπολίτου
1935 2293 1947 2306 ·

356 2366 450 2419 τοῦ
480 2365 537 2419 δὲ
568 2365 855 2436 μέλλοντος
883 2366 1072 2420 ἕνεκεν
1106 2367 1359 2433 δεδοικὼς
1387 2369 1520 2439 ἐγὼ,
1547 2368 1646 2439 τὴν
1677 2367 1947 2440 ἐρώτησιν

356 2458 705 2529 ἐποιησάμην
725 2476 739 2491 ·
786 2457 922 2524 ἀξιῶ
952 2456 1045 2514 οῦν
1079 2461 1224 2532 ὑμᾶς
1256 2461 1446 2532 σαφῶς
1475 2461 1817 2533 διαλαλῆσαι,
1852 2462 1948 2516 καὶ

360 2545 500 2615 μήτε
531 2547 856 2616 ἠρτημένως
891 2549 1028 2620 μήτε
1057 2550 1398 2620 ἀμφιϐόλως,
1449 2550 1591 2605 ὥστε
1630 2552 1707 2624 μὴ
1751 2553 1950 2620 ἐξεῖναι

357 2635 465 2690 ὑπὸ
499 2636 592 2690 δύο
621 2637 924 2710 ἀνθρώπων
955 2643 1092 2710 μήτε
1124 2644 1550 2711 χειροτονεῖσθαι
1584 2646 1720 2715 μήτε
1750 2645 1950 2699 καθαι-

358 2728 570 2800 ρεῐσθαι
595 2730 889 2785 ἐπίσκοπον
918 2733 1229 2798 ἀκολούθως
1255 2738 1319 2806 τῇ
1352 2737 1409 2788 ἐν
1438 2737 1645 2808 Νικαίᾳ
1673 2739 1896 2809 συνόδῳ.

909 2826 1017 2880 Kal
1053 2827 1183 2894 μεθ’
1223 2827 1415 2896 ἕτερα.

429 2915 688 2984 Θεόφιλος
744 2917 1157 2988 Ἀλεξανδρείας
1202 2916 1390 2974 εἶπεν*
1460 2923 1584 2976 Ἐπὶ
1627 2923 1735 2978 τῶν
1781 2925 1954 2980 ἀπελ-

356 3005 581 3074 θόντων,
625 3010 686 3062 οὐ
727 3009 950 3064 δυνατὸν
989 3011 1172 3082 ψῆφον
1211 3014 1466 3084 ἐκφέρειν
1499 3016 1949 3088 ἀγανακτήσεως,

354 3096 659 3170 ἐπειδήπερ
691 3100 765 3171 μὴ
800 3101 1068 3172 παρόντες
1097 3105 1536 3176 κατεκρίθησαν’
1569 3109 1616 3160 εί
1649 3110 1747 3177 μέν
1775 3110 1858 3162 τοί
1885 3127 1949 3178 γε

354 3192 489 3260 περὶ
516 3191 622 3244 τῶν
659 3192 961 3261 μελλόντων
993 3193 1318 3266 διασκοποίη
1347 3197 1455 3261 τίς,
1483 3197 1594 3251 τῶν
1620 3200 1948 3268 ὀφειλόντων

354 3283 626 3351 καθελεῖν,
679 3284 926 3354 φαίνεταί
981 3302 1073 3356 μοι
1132 3287 1208 3356 μὴ
1273 3289 1434 3357 μόνον
1487 3294 1639 3361 τρεῖς
1693 3296 1949 3363 παρεῖναι

353 3379 677 3446 προσήκειν,
713 3377 850 3432 ἀλλά
881 3379 976 3432 καὶ
1021 3380 1072 3432 εί
1119 3381 1346 3435 δυνατὸν
1378 3383 1505 3447 τοὺς
1545 3385 1754 3448 πάντας
1780 3388 1950 3459 ἐπαρ⁴

351 3467 586 3536 χεώτας,
624 3469 711 3524 ἵνα
739 3473 805 3541 τῇ
841 3471 949 3523 τῶν
996 3471 1206 3526 πολλῶν
1239 3475 1440 3545 ψήφῳ,
1495 3475 1867 3550 ἀκριϐεστέρα
1915 3481 1946 3551 ἡ

352 3561 685 3630 κατάκρισις
716 3561 807 3615 τοῦ
859 3561 1014 3628 ἀξίου
1060 3565 1162 3636 τῆς
1200 3566 1573 3639 καθαιρέσεως
1613 3569 1945 3642 δεικνυήται,

351 3651 626 3721 παρόντος
659 3655 753 3708 καὶ
787 3655 1133 3727 κρινομένου.

431 3744 737 3818 Νεκτάριος
782 3749 1079 3812 ἐπίσκοπος
1125 3750 1753 3818 Κωνσταντινουπόλεως
1799 3751 1946 3811 εἴπεο

350 3837 622 3908 Νομίμων
652 3840 990 3910 είσηγήσεων
1018 3841 1108 3894 καὶ
1137 3842 1422 3913 δογμάτων
1454 3851 1948 3918 πρυτανευομένων

352 3929 673 3998 ἀκόλουθον,
707 3933 766 3984 οὐ
795 3932 882 3985 διὰ
909 3932 1220 4003 προσώπων
1249 3937 1403 4001 τινας
1427 3938 1607 4003 αίτίας
1630 3940 1700 3993 τά
1725 3943 1948 3998 τοιαῦτα

351 4023 778 4095 δογματίζεσθαι
797 4043 810 4058 ·
842 4027 1133 4098 τοιγαροῦν
1157 4029 1409 4100 καθάπερ
1438 4034 1465 4084 ὁ
1496 4031 1798 4100 ἁγιώτατος
1827 4035 1948 4088 ἐπί-

355 4133 558 4180 σκοπος
596 4118 918 4189 Ἀραὸιανὸς
952 4120 1304 4189 εἰσηγήσατο,
1328 4122 1397 4175 τὰ
1429 4122 1690 4194 μέλλοντα
1717 4126 1947 4195 ἀσφαλί-

354 4208 558 4263 σασθαι
615 4209 957 4279 βουλόμενος,
1009 4213 1302 4278 ἀκόλουθος
1354 4215 1450 4268 καὶ
1490 4215 1941 4291 φιλάνθρωποςὴ

352 4299 452 4354 τοῦ
501 4301 806 4369 ἀγιωτάτου
845 4303 1150 4356 ἐπισκόπου
1199 4305 1462 4377 Θεοφίλου
1491 4306 1670 4377 ψῆφος
1704 4309 1944 4380 διορισα-

357 4391 525 4462 μένη,
564 4392 636 4462 μὴ
679 4392 878 4462 χρῆναι
925 4395 1062 4464 πρὸς
1095 4397 1156 4448 τὸ
1197 4398 1323 4465 ἑξῆς
1364 4399 1438 4470 μὴ
1477 4398 1714 4470 δὲποιρά
1755 4401 1944 4472 τριῶν,

2055 1903 2313 1973 deinceps
2341 1903 2610 1969 futurum,
2645 1903 3012 1958 stabiliamus.

2126 1993 2439 2048 Arabianus
2478 1993 2709 2065 Ancyrae
2751 1995 3042 2063 episcopus
3064 1993 3204 2050 dixit
3231 2011 3246 2049 :
3277 1993 3334 2050 Id
3371 1994 3518 2066 quod
3568 2005 3653 2054 est

2055 2088 2428 2156 praeteritum,
2479 2087 2799 2151 beatorum,
2853 2086 2948 2155 qni
2997 2083 3194 2142 Nicaeae
3234 2097 3648 2154 convenerunt,

2055 2181 2282 2236 damnat
2322 2176 2811 2248 synodus,jubens
2846 2192 2954 2230 non
2984 2191 3106 2232 esse
3137 2177 3424 2246 pauciores
3463 2179 3644 2235 tribus

2054 2274 2148 2345 qui
2193 2272 2467 2336 ordinent,
2505 2286 2606 2325 nec
2644 2271 2869 2326 absente
2907 2270 3326 2340 metropolitano
3369 2287 3384 2323 :
3429 2271 3523 2325 sed
3581 2271 3652 2326 de

2054 2369 2248 2423 futuro
2283 2381 2382 2436 ego
2437 2373 2690 2420 metuens
2746 2363 2848 2419 Ieci
2904 2365 3414 2434 interrogationem.
3463 2362 3648 2419 Velim

2053 2475 2183 2532 ergo
2209 2475 2307 2515 vos
2342 2468 2526 2528 aperte
2556 2457 2788 2520 edicere,
2823 2467 2876 2510 et
2909 2471 3008 2510 nec
3031 2455 3195 2527 269
3229 2471 3517 2526 suspense,
3543 2471 3647 2510 nec

2055 2551 2240 2615 dubie,
2280 2559 2339 2606 ut
2378 2567 2406 2604 a
2440 2551 2661 2606 duobus
2719 2548 3066 2614 hominibus,
3107 2562 3209 2602 nec
3251 2547 3518 2614 ordinari,
3548 2561 3650 2603 nec

2053 2645 2252 2714 deponi
2279 2644 2599 2714 episcopum
2631 2643 2812 2703 liceat,
2832 2639 3064 2696 Nicaanae
3085 2641 3296 2712 synodo
3319 2639 3652 2696 convenien-

2057 2744 2158 2791 ter.

2661 2822 2732 2876 Et
2757 2832 2872 2890 post
2910 2823 3042 2877 alia.

2120 2912 2455 2984 Theophilus
2505 2911 2797 2982 episcopus
2843 2910 3189 2966 Alexandria:
3225 2909 3364 2966 dixit
3398 2907 3650 2964 :Adver-

2055 3021 2150 3062 sus
2173 3020 2268 3060 eos
2297 3005 2388 3076 qui
2411 3015 2790 3069 excesserunt,
2815 3003 2932 3059 ﬁeri
2963 3018 3070 3058 non
3097 3012 3278 3074 potest
3307 3011 3368 3058 ut
3396 3002 3648 3074 indigna-

2056 3098 2224 3153 tionis
2271 3097 2544 3152 sententia
2589 3096 2827 3161 l'eratur,
2864 3099 3131 3167 quoniam
3180 3103 3483 3168 praesentes
3535 3110 3648 3150 non

2059 3187 2210 3243 fuere
2258 3189 2629 3244 condemnati.
2671 3190 2778 3245 Sed
2826 3190 2872 3246 si
2907 3191 3032 3260 quis
3071 3191 3140 3245 de
3184 3191 3250 3245 iis
3276 3189 3371 3260 qui
3402 3189 3456 3243 in
3492 3188 3646 3244 futu-

2058 3298 2180 3337 rum
2245 3282 2445 3338 debent
2489 3282 2743 3352 deponi,
2807 3283 3155 3349 consideret,
3222 3283 3359 3338 mihi
3432 3283 3644 3339 videtur

2058 3392 2167 3431 non
2192 3377 2372 3432 solum
2409 3384 2521 3432 tres
2545 3377 2745 3432 debere
2780 3379 3062 3442 accedere,
3089 3377 3185 3432 sed
3221 3378 3268 3432 si
3302 3377 3421 3432 ﬁeri
3448 3377 3646 3448 possit,

2056 3484 2250 3525 omnes
2278 3469 2670 3540 provinciales,
2698 3479 2759 3524 ut
2784 3471 3084 3524 multorum
3116 3470 3388 3525 sententia
3412 3484 3646 3524 accura-

2057 3562 2167 3616 tior
2205 3561 2588 3617 condemnatio
2624 3563 2883 3617 reddatur
2923 3563 3045 3632 ejus
3079 3563 3174 3632 qui
3205 3563 3405 3634 dignus
3434 3573 3518 3618 est
3549 3563 3648 3619 de-

2055 3653 2208 3724 poni,
2229 3652 2514 3721 praesentis
2539 3659 2593 3706 et
2611 3650 2863 3721 judicati.

2132 3739 2424 3797 Nectarins
2469 3742 2760 3811 episcopus
2794 3742 3433 3813 Constantinopolitanus
3463 3741 3645 3802 dixit:

2055 3834 2193 3891 Cum
2215 3835 2288 3891 de
2317 3835 2578 3906 legitimis
2618 3835 2886 3891 institutis
2932 3845 2987 3890 et
3019 3837 3252 3891 decretis
3275 3836 3478 3907 agitur,
3507 3851 3646 3892 con-

2055 3943 2292 3997 sequens
2340 3937 2422 3982 est
2477 3942 2587 3982 non
2615 3937 2834 3998 pr0pter
2885 3943 3248 3997 personarum
3296 3943 3493 3983 causas
3546 3928 3647 3984 ali-

2055 4036 2193 4092 quas
2220 4021 2346 4075 talia
2371 4020 2615 4074 decerni.
2646 4018 3039 4087 Quamobrem,
3071 4021 3212 4075 sicut
3233 4021 3644 4076 sanctissimum

2053 4116 2348 4185 episcopus
2380 4112 2698 4168 Arabianus
2724 4111 2934 4174 intulit,
2956 4112 3145 4168 volens
3172 4112 3349 4168 futura
3377 4112 3644 4179 stabilire,

2053 4215 2457 4275 consequenter
2483 4214 2538 4259 et
2569 4204 2808 4258 humane
2838 4203 3171 4259 sanctissimi
3194 4200 3434 4272 episcopi
3469 4200 3646 4257 Theo-

2052 4295 2188 4368 phili
2220 4295 2489 4351 sententia
2516 4294 2778 4360 decrevit,
2803 4309 2912 4349 non
2944 4295 3111 4350 licere
3132 4294 3517 4365 imposterum,
3543 4310 3646 4350 nec

2053 4405 2085 4444 a
2115 4389 2294 4444 tribus
2323 4388 2572 4458 quidem,
2628 4389 2830 4443 nedum
2866 4403 2898 4442 a
2940 4388 3179 4450 duobus,
3214 4403 3339 4444 cum
3381 4390 3474 4458 qui
3512 4403 3645 4443 reus

359 4482 439 4553 μή
470 4485 552 4536 τοί
585 4500 649 4551 γε
685 4484 837 4554 παρά
872 4485 988 4550 δύο,
1033 4486 1126 4539 τὸν
1171 4487 1471 4542 ὑπεύθυνον
1517 4489 1945 4563 δοκιμαζόμενον

2055 4481 2420 4547 examinatnr,
2454 4480 2651 4550 deponi
2680 4498 2693 4535 :
2721 4481 2814 4534 sed
2850 4479 3081 4550 majoris
3113 4479 3307 4550 synodi
3341 4487 3396 4533 et
3420 4480 3644 4549 provin-

354 4575 779 4648 καθαιρεῖσθαι·
817 4579 953 4632 ἀλλά
979 4581 1088 4651 γὰρ
1112 4581 1356 4646 πλείονος
1387 4583 1608 4636 συνόδου
1638 4584 1822 4656 ψήφῳ,
1853 4587 1948 4640 καὶ

354 4667 470 4721 τῶν
498 4669 599 4740 τῆς
621 4671 913 4743 ἐπαρχίας,
943 4672 1126 4739 καθὼς
1152 4674 1247 4728 καὶ
1276 4676 1326 4729 οἱ
1349 4675 1700 4730 ἀποστολικοὶ
1722 4678 1946 4743 κανόνες

353 4760 702 4831 διωρίσαντο.

429 4853 727 4918 Φλαὸιανδς
772 4856 1071 4922 ἐπίσκοπος
1141 4859 1475 4930 Ἀντιοχείας
1530 4853 1707 4915 εἶπενο
1768 4862 1948 4933 ’Ἀπερ

355 4944 653 5000 κατέθεντο
677 4948 726 5000 οἱ
759 4948 889 5020 περὶ
917 4949 1010 5002 τὸν
1037 4950 1343 5019 ἁγιώτατον
1372 4953 1468 5004 καὶ
1495 4952 1794 5007 ὁσιώτατον
1825 4954 1946 5007 ἐπί-

358 5053 565 5090 σκοπον
595 5037 922 5110 Νεκτάριον,
953 5041 1045 5094 καὶ
1069 5041 1159 5096 τὸν
1191 5040 1501 5110 ἁγιώτατον
1527 5043 1620 5096 καὶ
1651 5043 1947 5098 ὁσιώτατον

355 5128 657 5183 ἐπίσκοπον
689 5130 948 5200 Θεόφιλον
983 5132 1151 5205 δῆλα,
1196 5134 1291 5186 καὶ
1326 5133 1629 5206 στέργομεν
1661 5137 1864 5200 πάντες
1898 5137 1949 5190 oi.

357 5219 832 5289 ἐκκλησιαστικοί.

435 5313 687 5369 ΚΕΦΑΛ.
723 5316 820 5370 ΙΔ’.
861 5345 934 5356 ——
975 5317 1077 5371 Ἐκ
1109 5317 1297 5370 ποίων⁸
1327 5315 1534 5371 αἰτιῶν
1567 5317 1950 5387 καθαιρεῖται;

372 5405 751 5462 Ἄποστόλων
783 5410 987 5463 κανὼν
1014 5407 1083 5477 γ’,
1111 5416 1180 5476 ε’,
1216 5417 1290 5477 ς’,
1337 5409 1403 5475 ζ’,
1438 5418 1526 5476 ια’,
1569 5409 1674 5478 κγ’,
1713 5411 1811 5470 κε’.
1844 5410 1950 5474 κζ’,

434 5479 538 5552 κδῖν
590 5479 655 5552 λ’,
709 5480 812 5544 λεικ
845 5480 937 5543 λε’,
993 5480 1101 5550 μὲν.
1151 5482 1252 5550 μδκ
1308 5488 1410 5552 με’,
1447 5483 1716 5552 μεἰμξκ
1751 5482 1859 5552 μοό
1887 5483 1948 5547 ν’,

437 5548 538 5637 κείν
569 5549 667 5637 γβν,
699 5557 799 5637 νγ,
827 5557 921 5637 νῆ’,
954 5548 1052 5637 νρςῷ
1083 5548 1276 5622 ξ’έξβκ
1308 5548 1418 5622 Et".
1449 5548 1544 5618 ξδ’.
1577 5548 1670 5617 ξέ,
1706 5548 1813 5620 ea.
1848 5552 1947 5624 ξη’,

437 5619 534 5685 ξθ’,
561 5627 623 5684 o',
653 5619 766 5683 πα’,
795 5628 908 5688 πγν,
939 5622 1045 5673 πδν.
1210 5619 1230 5691 ’-

435 5719 505 5781 γ’.
540 5713 607 5766 El’
632 5731 713 5776 τις
745 5715 1043 5778 ἐπίσκοπος
1071 5715 1104 5785 ἢ
1142 5716 1515 5788 πρεσϐύτερος
1545 5717 1696 5788 παρά
1724 5716 1823 5789 τὴν
1859 5715 1951 5770 τοῦ

359 5804 570 5876 Κυρίου
596 5807 856 5874 διάταξιν,
885 5827 937 5863 κ.
971 5827 1019 5863 τ.
1048 5808 1101 5873 λ.

2050 4575 2148 4630 ciae
2177 4575 2562 4644 episcoporum
2588 4571 2883 4637 sententia,
2903 4571 3048 4628 sicut
3071 4570 3358 4642 apostolici
3383 4569 3645 4626 deﬁniere

2049 4682 2310 4722 canones.

2119 4850 2415 4907 Flavianus
2439 4851 2737 4922 episcopus
2754 4851 3067 4907 Antiochiae
3101 4852 3242 4908 dixit
3267 4866 3283 4907 :
3304 4851 3436 4918 Quae
3466 4865 3641 4920 expo-

2052 4955 2282 5001 suerunt
2321 4945 2710 5001 sanctissimus
2768 4945 3064 5014 episcopus
3103 4944 3392 5000 Nectarius
3431 4954 3485 4998 et
3522 4959 3642 4998 san-

2052 5037 2335 5092 ctissimus
2383 5035 2727 5106 Theophilus
2777 5037 3071 5107 episcopus
3098 5077 3113 5103 ,
3158 5048 3348 5106 aperta
3390 5047 3540 5092 sunt.
3574 5034 3642 5089 Et

2052 5145 2245 5184 omnes
2271 5129 2636 5185 ecclesiastici
2672 5129 2764 5184 hic
2797 5129 3233 5199 acquiescimus.

2123 5321 2288 5392 270
2310 5318 2467 5374 CAP.
2505 5316 2646 5372 XIV.
2679 5315 2892 5382 -—Quot
2926 5314 2989 5369 ob
3015 5331 3205 5369 causas
3226 5314 3322 5384 ﬁat
3357 5313 3635 5382 depositio.

2055 5411 2428 5494 Αρρξιοέοταιτι
2467 5423 2714 5494 σκοπέειν
2766 5407 2819 5494 3’5:
2855 5405 2990 5494 5:9,
3023 5403 3090 5494 3:
3128 5405 3216 5494 ’ἐς
3248 5403 3342 5494 εΞι
3392 5401 3493 5494 ιὲξν
3545 5401 3637 5494 ἓῖν

2124 5481 2459 5545 29,50,51,
2497 5480 2588 5544 55,
2623 5479 2714 5542 ιε,
2753 5478 2844 5540 ιι,
2889 5477 2979 5532 45.
3011 5477 3099 5538 46,
3151 5477 3242 5537 47,
3274 5475 3364 5534 49,
3407 5473 3501 5531 so.
3545 5473 3635 5536 δι,

2126 5555 2216 5614 52,
2236 5552 2325 5613 ss,
2355 5550 2445 5613 55,
2478 5549 2567 5614 59,
2609 5552 2699 5613 eo,
2734 5548 2820 5611 δε,
2857 5548 2947 5612 es,
2979 5546 3069 5611 64,
3095 5545 3184 5613 es,
3213 5543 3301 5609 oo,
3332 5542 3420 5606 68,
3447 5540 3636 5605 69,70,

2367 5621 2455 5674 84.

2126 5625 2216 5690 8i,
2247 5623 2334 5688 85,
2367 5623 2455 5674 84.

2127 5718 2184 5771 5.
2241 5714 2296 5768 Si
2347 5713 2471 5783 quis
2516 5712 2827 5781 cpiscopus,
2868 5710 2950 5764 vel
3002 5708 3281 5778 presbyter
3312 5714 3506 5774 praeter
3530 5702 3638 5755 Do-

2058 5806 2193 5862 mini
2219 5806 2286 5862 dc
2320 5805 2591 5862 sacriﬁcio
2630 5803 3058 5866 ordinationem,
3109 5809 3239 5868 etc.,
3269 5807 3323 5852 ut
3354 5811 3474 5864 pag.
3510 5793 3625 5848 595$.
