  <div class='ocr_page' id='page_1' title='image "/cluster/home/n/w/nwhite01/storage/ocr_20150623/104:no.4/coo.31924054870088/381.png"; bbox 0 0 4122 6430; ppageno 0'>
   <div class='ocr_carea' id='block_1_1' title="bbox 573 329 680 391">
    <p class='ocr_par' dir='ltr' id='par_1_1' title="bbox 573 329 680 391">
     <span class='ocr_line' id='line_1_1' title="bbox 573 329 680 391; baseline 0.028 -3"><span class='ocrx_word' id='word_1_1' title='bbox 573 329 680 391; x_wconf 73' lang='grc'><strong>743</strong></span> 
     </span>
    </p>
   </div>
   <div class='ocr_carea' id='block_1_2' title="bbox 650 442 670 470">
    <p class='ocr_par' dir='ltr' id='par_1_2' title="bbox 650 442 670 470">
     <span class='ocr_line' id='line_1_2' title="bbox 650 442 670 470; baseline 0 0"><span class='ocrx_word' id='word_1_2' title='bbox 650 442 670 470; x_wconf 70' lang='grc' dir='ltr'><strong>ιι</strong></span> 
     </span>
    </p>
   </div>
   <div class='ocr_carea' id='block_1_3' title="bbox 576 525 2164 600">
    <p class='ocr_par' dir='ltr' id='par_1_3' title="bbox 576 525 2164 600">
     <span class='ocr_line' id='line_1_3' title="bbox 576 525 2164 600; baseline -0.008 -14"><span class='ocrx_word' id='word_1_3' title='bbox 576 547 692 586; x_wconf 91' lang='lat' dir='ltr'><strong>rem</strong></span> <span class='ocrx_word' id='word_1_4' title='bbox 718 547 872 586; x_wconf 89' lang='lat' dir='ltr'><strong>suam</strong></span> <span class='ocrx_word' id='word_1_5' title='bbox 909 547 976 586; x_wconf 88' lang='lat' dir='ltr'><strong>ne</strong></span> <span class='ocrx_word' id='word_1_6' title='bbox 1010 531 1224 600; x_wconf 88' lang='lat' dir='ltr'><strong>rejiciat</strong></span> <span class='ocrx_word' id='word_1_7' title='bbox 1277 527 1563 597; x_wconf 81' lang='lat' dir='ltr'><strong>religionis</strong></span> <span class='ocrx_word' id='word_1_8' title='bbox 1593 533 1863 596; x_wconf 65' lang='lat' dir='ltr'><strong>prmtextu</strong></span> <span class='ocrx_word' id='word_1_9' title='bbox 1898 540 1912 576; x_wconf 86' lang='lat'><strong>:</strong></span> <span class='ocrx_word' id='word_1_10' title='bbox 1948 525 2031 576; x_wconf 88' lang='lat' dir='ltr'><strong>sin</strong></span> <span class='ocrx_word' id='word_1_11' title='bbox 2065 538 2164 575; x_wconf 85' lang='lat' dir='ltr'><strong>au-</strong></span> 
     </span>
    </p>
   </div>
   <div class='ocr_carea' id='block_1_4' title="bbox 579 616 2163 692">
    <p class='ocr_par' dir='ltr' id='par_1_4' title="bbox 579 616 2163 692">
     <span class='ocr_line' id='line_1_4' title="bbox 579 616 2163 692; baseline -0.008 -14"><span class='ocrx_word' id='word_1_12' title='bbox 579 636 689 678; x_wconf 90' lang='lat' dir='ltr'><strong>tem</strong></span> <span class='ocrx_word' id='word_1_13' title='bbox 724 623 968 692; x_wconf 87' lang='lat' dir='ltr'><strong>ejecerit,</strong></span> <span class='ocrx_word' id='word_1_14' title='bbox 1009 631 1359 692; x_wconf 81' lang='lat' dir='ltr'><strong>segregetur;</strong></span> <span class='ocrx_word' id='word_1_15' title='bbox 1401 629 1454 675; x_wconf 91' lang='lat' dir='ltr'><strong>et</strong></span> <span class='ocrx_word' id='word_1_16' title='bbox 1483 619 1531 673; x_wconf 89' lang='lat' dir='ltr'><strong>si</strong></span> <span class='ocrx_word' id='word_1_17' title='bbox 1561 627 1886 688; x_wconf 89' lang='lat' dir='ltr'><strong>perseveret,</strong></span> <span class='ocrx_word' id='word_1_18' title='bbox 1920 616 2163 684; x_wconf 89' lang='lat' dir='ltr'><strong>depona-</strong></span> 
     </span>
    </p>
   </div>
   <div class='ocr_carea' id='block_1_5' title="bbox 583 717 797 786">
    <p class='ocr_par' dir='ltr' id='par_1_5' title="bbox 583 717 797 786">
     <span class='ocr_line' id='line_1_5' title="bbox 583 717 797 786; baseline -0.014 -15"><span class='ocrx_word' id='word_1_19' title='bbox 583 727 670 771; x_wconf 91' lang='lat' dir='ltr'><strong>tur</strong></span> <span class='ocrx_word' id='word_1_20' title='bbox 699 717 797 786; x_wconf 71' lang='lat'><strong>(5).</strong></span> 
     </span>
    </p>
   </div>
   <div class='ocr_carea' id='block_1_6' title="bbox 657 799 2166 876">
    <p class='ocr_par' dir='ltr' id='par_1_6' title="bbox 657 799 2166 876">
     <span class='ocr_line' id='line_1_6' title="bbox 657 799 2166 876; baseline -0.006 -17"><span class='ocrx_word' id='word_1_21' title='bbox 657 805 710 861; x_wconf 85' lang='lat'><strong>6.</strong></span> <span class='ocrx_word' id='word_1_22' title='bbox 737 805 1144 876; x_wconf 84' lang='lat' dir='ltr'><strong>Episcopus,vel</strong></span> <span class='ocrx_word' id='word_1_23' title='bbox 1171 802 1470 872; x_wconf 73' lang='lat' dir='ltr'><strong>presbyter,</strong></span> <span class='ocrx_word' id='word_1_24' title='bbox 1488 800 1572 854; x_wconf 90' lang='lat' dir='ltr'><strong>vel</strong></span> <span class='ocrx_word' id='word_1_25' title='bbox 1592 800 1856 854; x_wconf 74' lang='lat' dir='ltr'><strong>diaconus</strong></span> <span class='ocrx_word' id='word_1_26' title='bbox 1875 799 2166 853; x_wconf 63' lang='lat' dir='ltr'><strong>saeculares</strong></span> 
     </span>
    </p>
   </div>
   <div class='ocr_carea' id='block_1_7' title="bbox 581 894 1824 964">
    <p class='ocr_par' dir='ltr' id='par_1_7' title="bbox 581 894 1824 964">
     <span class='ocr_line' id='line_1_7' title="bbox 581 894 1824 964; baseline -0.006 -11"><span class='ocrx_word' id='word_1_27' title='bbox 581 913 742 954; x_wconf 87' lang='lat' dir='ltr'><strong>curas</strong></span> <span class='ocrx_word' id='word_1_28' title='bbox 779 913 884 952; x_wconf 92' lang='lat' dir='ltr'><strong>non</strong></span> <span class='ocrx_word' id='word_1_29' title='bbox 921 895 1192 964; x_wconf 75' lang='lat' dir='ltr'><strong>suscipiat</strong></span> <span class='ocrx_word' id='word_1_30' title='bbox 1225 912 1236 947; x_wconf 96' lang='lat'><strong>:</strong></span> <span class='ocrx_word' id='word_1_31' title='bbox 1270 894 1476 964; x_wconf 84' lang='lat' dir='ltr'><strong>alioqui</strong></span> <span class='ocrx_word' id='word_1_32' title='bbox 1500 894 1824 963; x_wconf 78' lang='lat' dir='ltr'><strong>deponatur.</strong></span> 
     </span>
    </p>
   </div>
   <div class='ocr_carea' id='block_1_8' title="bbox 653 1072 2162 1144">
    <p class='ocr_par' dir='ltr' id='par_1_8' title="bbox 653 1072 2162 1144">
     <span class='ocr_line' id='line_1_8' title="bbox 653 1072 2162 1144; baseline -0.003 -16"><span class='ocrx_word' id='word_1_33' title='bbox 653 1076 702 1130; x_wconf 91' lang='lat'><strong>7.</strong></span> <span class='ocrx_word' id='word_1_34' title='bbox 743 1075 797 1128; x_wconf 89' lang='lat' dir='ltr'><strong>Si</strong></span> <span class='ocrx_word' id='word_1_35' title='bbox 821 1079 940 1144; x_wconf 88' lang='lat' dir='ltr'><strong>quis</strong></span> <span class='ocrx_word' id='word_1_36' title='bbox 969 1076 1281 1144; x_wconf 86' lang='lat' dir='ltr'><strong>episcopus,</strong></span> <span class='ocrx_word' id='word_1_37' title='bbox 1313 1074 1394 1126; x_wconf 88' lang='lat' dir='ltr'><strong>vel</strong></span> <span class='ocrx_word' id='word_1_38' title='bbox 1434 1073 1738 1144; x_wconf 82' lang='lat' dir='ltr'><strong>presbyter,</strong></span> <span class='ocrx_word' id='word_1_39' title='bbox 1773 1072 2162 1133; x_wconf 86' lang='lat' dir='ltr'><strong>veldiaconus,</strong></span> 
     </span>
    </p>
   </div>
   <div class='ocr_carea' id='block_1_9' title="bbox 579 1164 2162 1232">
    <p class='ocr_par' dir='ltr' id='par_1_9' title="bbox 579 1164 2162 1232">
     <span class='ocr_line' id='line_1_9' title="bbox 579 1164 2162 1232; baseline -0.003 -12"><span class='ocrx_word' id='word_1_40' title='bbox 579 1181 793 1220; x_wconf 81' lang='lat' dir='ltr'><strong>sacrum</strong></span> <span class='ocrx_word' id='word_1_41' title='bbox 814 1164 1035 1219; x_wconf 57' lang='lat' dir='ltr'><strong>Pascha:</strong></span> <span class='ocrx_word' id='word_1_42' title='bbox 1063 1165 1204 1218; x_wconf 89' lang='lat' dir='ltr'><strong>diem</strong></span> <span class='ocrx_word' id='word_1_43' title='bbox 1225 1173 1350 1217; x_wconf 82' lang='lat' dir='ltr'><strong>ante</strong></span> <span class='ocrx_word' id='word_1_44' title='bbox 1363 1180 1591 1216; x_wconf 91' lang='lat' dir='ltr'><strong>vernum</strong></span> <span class='ocrx_word' id='word_1_45' title='bbox 1627 1164 2012 1232; x_wconf 78' lang='lat' dir='ltr'><strong>aequinoctium</strong></span> <span class='ocrx_word' id='word_1_46' title='bbox 2039 1178 2162 1217; x_wconf 89' lang='lat' dir='ltr'><strong>cum</strong></span> 
     </span>
    </p>
   </div>
   <div class='ocr_carea' id='block_1_10' title="bbox 575 1257 1551 1324">
    <p class='ocr_par' dir='ltr' id='par_1_10' title="bbox 575 1257 1551 1324">
     <span class='ocr_line' id='line_1_10' title="bbox 575 1257 1551 1324; baseline -0.002 -14"><span class='ocrx_word' id='word_1_47' title='bbox 575 1257 777 1310; x_wconf 66' lang='lat' dir='ltr'><strong>.Indaais</strong></span> <span class='ocrx_word' id='word_1_48' title='bbox 812 1257 1188 1322; x_wconf 81' lang='lat' dir='ltr'><strong>celebraverit,</strong></span> <span class='ocrx_word' id='word_1_49' title='bbox 1227 1257 1551 1324; x_wconf 84' lang='lat' dir='ltr'><strong>deponatur.</strong></span> 
     </span>
    </p>
   </div>
   <div class='ocr_carea' id='block_1_11' title="bbox 648 1347 2163 1419">
    <p class='ocr_par' dir='ltr' id='par_1_11' title="bbox 648 1347 2163 1419">
     <span class='ocr_line' id='line_1_11' title="bbox 648 1347 2163 1419; baseline -0.003 -17"><span class='ocrx_word' id='word_1_50' title='bbox 648 1351 734 1404; x_wconf 83' lang='grc' dir='ltr'><strong>Η.</strong></span> <span class='ocrx_word' id='word_1_51' title='bbox 790 1348 846 1403; x_wconf 92' lang='lat' dir='ltr'><strong>Si</strong></span> <span class='ocrx_word' id='word_1_52' title='bbox 894 1351 1037 1419; x_wconf 86' lang='lat' dir='ltr'><strong>quis,</strong></span> <span class='ocrx_word' id='word_1_53' title='bbox 1075 1365 1200 1404; x_wconf 91' lang='lat' dir='ltr'><strong>cum</strong></span> <span class='ocrx_word' id='word_1_54' title='bbox 1254 1351 1326 1402; x_wconf 91' lang='lat' dir='ltr'><strong>sit</strong></span> <span class='ocrx_word' id='word_1_55' title='bbox 1357 1348 1610 1412; x_wconf 81' lang='lat' dir='ltr'><strong>clericus,</strong></span> <span class='ocrx_word' id='word_1_56' title='bbox 1662 1363 1769 1401; x_wconf 91' lang='lat' dir='ltr'><strong>una</strong></span> <span class='ocrx_word' id='word_1_57' title='bbox 1821 1362 1944 1400; x_wconf 85' lang='lat' dir='ltr'><strong>cum</strong></span> <span class='ocrx_word' id='word_1_58' title='bbox 1981 1347 2163 1415; x_wconf 90' lang='lat' dir='ltr'><strong>coqui</strong></span> 
     </span>
    </p>
   </div>
   <div class='ocr_carea' id='block_1_12' title="bbox 573 1439 1878 1510">
    <p class='ocr_par' dir='ltr' id='par_1_12' title="bbox 573 1439 1878 1510">
     <span class='ocr_line' id='line_1_12' title="bbox 573 1439 1878 1510; baseline -0.002 -17"><span class='ocrx_word' id='word_1_59' title='bbox 573 1450 658 1495; x_wconf 87' lang='lat' dir='ltr'><strong>est</strong></span> <span class='ocrx_word' id='word_1_60' title='bbox 686 1441 990 1510; x_wconf 88' lang='lat' dir='ltr'><strong>depositus,</strong></span> <span class='ocrx_word' id='word_1_61' title='bbox 1024 1440 1284 1504; x_wconf 87' lang='lat' dir='ltr'><strong>oraverit,</strong></span> <span class='ocrx_word' id='word_1_62' title='bbox 1317 1441 1628 1509; x_wconf 88' lang='lat' dir='ltr'><strong>deponatur</strong></span> <span class='ocrx_word' id='word_1_63' title='bbox 1655 1449 1708 1490; x_wconf 91' lang='lat' dir='ltr'><strong>et</strong></span> <span class='ocrx_word' id='word_1_64' title='bbox 1745 1439 1878 1507; x_wconf 88' lang='lat' dir='ltr'><strong>ipse.</strong></span> 
     </span>
    </p>
   </div>
   <div class='ocr_carea' id='block_1_13' title="bbox 643 1531 2166 1604">
    <p class='ocr_par' dir='ltr' id='par_1_13' title="bbox 643 1531 2166 1604">
     <span class='ocr_line' id='line_1_13' title="bbox 643 1531 2166 1604; baseline -0.003 -17"><span class='ocrx_word' id='word_1_65' title='bbox 643 1534 716 1587; x_wconf 76' lang='lat'><strong>9.5</strong></span> <span class='ocrx_word' id='word_1_66' title='bbox 743 1533 877 1604; x_wconf 70' lang='lat'><strong>[‘22].</strong></span> <span class='ocrx_word' id='word_1_67' title='bbox 915 1532 972 1586; x_wconf 94' lang='lat' dir='ltr'><strong>Si</strong></span> <span class='ocrx_word' id='word_1_68' title='bbox 1010 1533 1134 1602; x_wconf 90' lang='lat' dir='ltr'><strong>quis</strong></span> <span class='ocrx_word' id='word_1_69' title='bbox 1163 1548 1288 1586; x_wconf 89' lang='lat' dir='ltr'><strong>cum</strong></span> <span class='ocrx_word' id='word_1_70' title='bbox 1321 1533 1392 1586; x_wconf 91' lang='lat' dir='ltr'><strong>sit</strong></span> <span class='ocrx_word' id='word_1_71' title='bbox 1421 1532 1655 1585; x_wconf 89' lang='lat' dir='ltr'><strong>clericus</strong></span> <span class='ocrx_word' id='word_1_72' title='bbox 1679 1531 1744 1595; x_wconf 81' lang='grc'><strong>³⁸,</strong></span> <span class='ocrx_word' id='word_1_73' title='bbox 1781 1532 2020 1598; x_wconf 88' lang='lat' dir='ltr'><strong>seipsnm</strong></span> <span class='ocrx_word' id='word_1_74' title='bbox 2049 1546 2166 1584; x_wconf 85' lang='lat' dir='ltr'><strong>mu-</strong></span> 
     </span>
    </p>
   </div>
   <div class='ocr_carea' id='block_1_14' title="bbox 579 1621 1983 1692">
    <p class='ocr_par' dir='ltr' id='par_1_14' title="bbox 579 1621 1983 1692">
     <span class='ocr_line' id='line_1_14' title="bbox 579 1621 1983 1692; baseline -0.004 -14"><span class='ocrx_word' id='word_1_75' title='bbox 579 1625 837 1687; x_wconf 77' lang='lat' dir='ltr'><strong>tilaverit,</strong></span> <span class='ocrx_word' id='word_1_76' title='bbox 881 1625 1186 1692; x_wconf 71' lang='lat' dir='ltr'><strong>deponatur</strong></span> <span class='ocrx_word' id='word_1_77' title='bbox 1225 1640 1238 1675; x_wconf 94' lang='lat'><strong>:</strong></span> <span class='ocrx_word' id='word_1_78' title='bbox 1271 1631 1355 1677; x_wconf 92' lang='lat' dir='ltr'><strong>est</strong></span> <span class='ocrx_word' id='word_1_79' title='bbox 1381 1622 1524 1675; x_wconf 87' lang='lat' dir='ltr'><strong>enim</strong></span> <span class='ocrx_word' id='word_1_80' title='bbox 1569 1622 1653 1675; x_wconf 90' lang='lat' dir='ltr'><strong>sui</strong></span> <span class='ocrx_word' id='word_1_81' title='bbox 1689 1621 1983 1675; x_wconf 86' lang='lat' dir='ltr'><strong>homicida.</strong></span> 
     </span>
    </p>
   </div>
   <div class='ocr_carea' id='block_1_15' title="bbox 645 1713 2161 1786">
    <p class='ocr_par' dir='ltr' id='par_1_15' title="bbox 645 1713 2161 1786">
     <span class='ocr_line' id='line_1_15' title="bbox 645 1713 2161 1786; baseline -0.003 -17"><span class='ocrx_word' id='word_1_82' title='bbox 645 1717 716 1769; x_wconf 74' lang='grc'><strong>25</strong></span> <span class='ocrx_word' id='word_1_83' title='bbox 750 1715 884 1786; x_wconf 60' lang='grc'>[24].</span> <span class='ocrx_word' id='word_1_84' title='bbox 931 1714 1257 1784; x_wconf 82' lang='lat' dir='ltr'><strong>Episcopus,</strong></span> <span class='ocrx_word' id='word_1_85' title='bbox 1293 1714 1375 1766; x_wconf 90' lang='lat' dir='ltr'><strong>vel</strong></span> <span class='ocrx_word' id='word_1_86' title='bbox 1407 1713 1708 1783; x_wconf 84' lang='lat' dir='ltr'><strong>presbyter,</strong></span> <span class='ocrx_word' id='word_1_87' title='bbox 1759 1714 1837 1766; x_wconf 85' lang='lat' dir='ltr'><strong>vel</strong></span> <span class='ocrx_word' id='word_1_88' title='bbox 1875 1713 2161 1776; x_wconf 88' lang='lat' dir='ltr'><strong>diaconus,</strong></span> 
     </span>
    </p>
   </div>
   <div class='ocr_carea' id='block_1_16' title="bbox 580 1795 2238 1873">
    <p class='ocr_par' dir='ltr' id='par_1_16' title="bbox 580 1795 2238 1873">
     <span class='ocr_line' id='line_1_16' title="bbox 580 1795 2238 1873; baseline -0.003 -15"><span class='ocrx_word' id='word_1_89' title='bbox 580 1799 974 1869; x_wconf 77' lang='lat' dir='ltr'><strong>furiiicationis,</strong></span> <span class='ocrx_word' id='word_1_90' title='bbox 1023 1805 1106 1858; x_wconf 97' lang='lat' dir='ltr'><strong>vel</strong></span> <span class='ocrx_word' id='word_1_91' title='bbox 1150 1803 1396 1873; x_wconf 89' lang='lat' dir='ltr'><strong>perjnrii,</strong></span> <span class='ocrx_word' id='word_1_92' title='bbox 1444 1802 1528 1855; x_wconf 86' lang='lat' dir='ltr'><strong>vel</strong></span> <span class='ocrx_word' id='word_1_93' title='bbox 1560 1801 1691 1854; x_wconf 79' lang='lat' dir='ltr'><strong>furti</strong></span> <span class='ocrx_word' id='word_1_94' title='bbox 1727 1801 2033 1864; x_wconf 88' lang='lat' dir='ltr'><strong>convictus,</strong></span> <span class='ocrx_word' id='word_1_95' title='bbox 2065 1801 2160 1855; x_wconf 90' lang='lat' dir='ltr'><strong>de-</strong></span> <span class='ocrx_word' id='word_1_96' title='bbox 2194 1795 2238 1853; x_wconf 84' lang='grc' dir='ltr'><strong>Β</strong></span> 
     </span>
    </p>
   </div>
   <div class='ocr_carea' id='block_1_17' title="bbox 578 1892 2159 1966">
    <p class='ocr_par' dir='ltr' id='par_1_17' title="bbox 578 1892 2159 1966">
     <span class='ocr_line' id='line_1_17' title="bbox 578 1892 2159 1966; baseline 0 -20"><span class='ocrx_word' id='word_1_97' title='bbox 578 1907 833 1966; x_wconf 84' lang='lat' dir='ltr'><strong>ponatur,</strong></span> <span class='ocrx_word' id='word_1_98' title='bbox 866 1906 921 1950; x_wconf 90' lang='lat' dir='ltr'><strong>et</strong></span> <span class='ocrx_word' id='word_1_99' title='bbox 958 1911 1066 1949; x_wconf 90' lang='lat' dir='ltr'><strong>non</strong></span> <span class='ocrx_word' id='word_1_100' title='bbox 1103 1904 1436 1966; x_wconf 78' lang='lat' dir='ltr'><strong>segregetur.</strong></span> <span class='ocrx_word' id='word_1_101' title='bbox 1472 1893 1608 1949; x_wconf 90' lang='lat' dir='ltr'><strong>Dicit</strong></span> <span class='ocrx_word' id='word_1_102' title='bbox 1651 1895 1796 1949; x_wconf 90' lang='lat' dir='ltr'><strong>enim</strong></span> <span class='ocrx_word' id='word_1_103' title='bbox 1829 1892 2109 1964; x_wconf 87' lang='lat' dir='ltr'><strong>Scriptura</strong></span> <span class='ocrx_word' id='word_1_104' title='bbox 2145 1911 2159 1946; x_wconf 88' lang='lat'><strong>:</strong></span> 
     </span>
    </p>
   </div>
   <div class='ocr_carea' id='block_1_18' title="bbox 584 1985 2162 2056">
    <p class='ocr_par' dir='ltr' id='par_1_18' title="bbox 584 1985 2162 2056">
     <span class='ocr_line' id='line_1_18' title="bbox 584 1985 2162 2056; baseline -0.002 -15"><span class='ocrx_word' id='word_1_105' title='bbox 584 1987 705 2041; x_wconf 83' lang='lat' dir='ltr'><strong>Non</strong></span> <span class='ocrx_word' id='word_1_106' title='bbox 752 1987 1040 2041; x_wconf 81' lang='lat' dir='ltr'><strong>vindicabis</strong></span> <span class='ocrx_word' id='word_1_107' title='bbox 1074 1988 1153 2042; x_wconf 82' lang='lat' dir='ltr'><strong>bis</strong></span> <span class='ocrx_word' id='word_1_108' title='bbox 1197 1989 1251 2040; x_wconf 83' lang='lat' dir='ltr'><strong>in</strong></span> <span class='ocrx_word' id='word_1_109' title='bbox 1286 1988 1516 2056; x_wconf 80' lang='lat' dir='ltr'><strong>idipsum</strong></span> <span class='ocrx_word' id='word_1_110' title='bbox 1544 1988 1611 2040; x_wconf 82' lang='grc'><strong>³⁷.</strong></span> <span class='ocrx_word' id='word_1_111' title='bbox 1657 1985 1916 2041; x_wconf 84' lang='lat' dir='ltr'><strong>Similiter</strong></span> <span class='ocrx_word' id='word_1_112' title='bbox 1968 1986 2162 2056; x_wconf 89' lang='lat' dir='ltr'><strong>reliqui</strong></span> 
     </span>
    </p>
   </div>
   <div class='ocr_carea' id='block_1_19' title="bbox 579 2079 1043 2148">
    <p class='ocr_par' dir='ltr' id='par_1_19' title="bbox 579 2079 1043 2148">
     <span class='ocr_line' id='line_1_19' title="bbox 579 2079 1043 2148; baseline 0.002 -17"><span class='ocrx_word' id='word_1_113' title='bbox 579 2094 797 2148; x_wconf 87' lang='lat' dir='ltr'><strong>quoque</strong></span> <span class='ocrx_word' id='word_1_114' title='bbox 837 2079 1043 2134; x_wconf 86' lang='lat' dir='ltr'><strong>clerici.</strong></span> 
     </span>
    </p>
   </div>
   <div class='ocr_carea' id='block_1_20' title="bbox 641 2169 2164 2242">
    <p class='ocr_par' dir='ltr' id='par_1_20' title="bbox 641 2169 2164 2242">
     <span class='ocr_line' id='line_1_20' title="bbox 641 2169 2164 2242; baseline -0.004 -15"><span class='ocrx_word' id='word_1_115' title='bbox 641 2171 708 2222; x_wconf 65' lang='lat'><strong>27</strong></span> <span class='ocrx_word' id='word_1_116' title='bbox 746 2169 859 2242; x_wconf 73' lang='grc'>[26]</span> <span class='ocrx_word' id='word_1_117' title='bbox 892 2171 1244 2240; x_wconf 83' lang='lat' dir='ltr'><strong>Episcopum,</strong></span> <span class='ocrx_word' id='word_1_118' title='bbox 1273 2171 1356 2226; x_wconf 89' lang='lat' dir='ltr'><strong>vel</strong></span> <span class='ocrx_word' id='word_1_119' title='bbox 1379 2171 1799 2241; x_wconf 68' lang='lat' dir='ltr'><strong>presbyterum,</strong></span> <span class='ocrx_word' id='word_1_120' title='bbox 1845 2171 1929 2224; x_wconf 91' lang='lat' dir='ltr'><strong>vel</strong></span> <span class='ocrx_word' id='word_1_121' title='bbox 1977 2169 2164 2223; x_wconf 87' lang='lat' dir='ltr'><strong>diaco-</strong></span> 
     </span>
    </p>
   </div>
   <div class='ocr_carea' id='block_1_21' title="bbox 581 2261 2164 2334">
    <p class='ocr_par' dir='ltr' id='par_1_21' title="bbox 581 2261 2164 2334">
     <span class='ocr_line' id='line_1_21' title="bbox 581 2261 2164 2334; baseline 0.001 -20"><span class='ocrx_word' id='word_1_122' title='bbox 581 2278 734 2324; x_wconf 88' lang='lat' dir='ltr'><strong>num,</strong></span> <span class='ocrx_word' id='word_1_123' title='bbox 789 2263 884 2332; x_wconf 92' lang='lat' dir='ltr'><strong>qui</strong></span> <span class='ocrx_word' id='word_1_124' title='bbox 922 2263 1176 2317; x_wconf 88' lang='lat' dir='ltr'><strong>verberat</strong></span> <span class='ocrx_word' id='word_1_125' title='bbox 1227 2277 1322 2319; x_wconf 83' lang='lat' dir='ltr'><strong>eos</strong></span> <span class='ocrx_word' id='word_1_126' title='bbox 1353 2263 1444 2334; x_wconf 90' lang='lat' dir='ltr'><strong>qui</strong></span> <span class='ocrx_word' id='word_1_127' title='bbox 1483 2272 1731 2333; x_wconf 86' lang='lat' dir='ltr'><strong>peccant,</strong></span> <span class='ocrx_word' id='word_1_128' title='bbox 1780 2262 1865 2317; x_wconf 90' lang='lat' dir='ltr'><strong>vel</strong></span> <span class='ocrx_word' id='word_1_129' title='bbox 1917 2261 2164 2316; x_wconf 80' lang='lat' dir='ltr'><strong>inﬁdeles</strong></span> 
     </span>
    </p>
   </div>
   <div class='ocr_carea' id='block_1_22' title="bbox 579 2353 2160 2424">
    <p class='ocr_par' dir='ltr' id='par_1_22' title="bbox 579 2353 2160 2424">
     <span class='ocr_line' id='line_1_22' title="bbox 579 2353 2160 2424; baseline 0 -18"><span class='ocrx_word' id='word_1_130' title='bbox 579 2356 672 2423; x_wconf 90' lang='lat' dir='ltr'><strong>qui</strong></span> <span class='ocrx_word' id='word_1_131' title='bbox 704 2355 956 2423; x_wconf 84' lang='lat' dir='ltr'><strong>injuriam</strong></span> <span class='ocrx_word' id='word_1_132' title='bbox 981 2353 1244 2420; x_wconf 81' lang='lat' dir='ltr'><strong>fecerunt,</strong></span> <span class='ocrx_word' id='word_1_133' title='bbox 1267 2363 1322 2409; x_wconf 89' lang='lat' dir='ltr'><strong>et</strong></span> <span class='ocrx_word' id='word_1_134' title='bbox 1347 2355 1568 2424; x_wconf 71' lang='lat' dir='ltr'><strong>perlutae</strong></span> <span class='ocrx_word' id='word_1_135' title='bbox 1586 2354 1700 2408; x_wconf 86' lang='lat' dir='ltr'><strong>vult</strong></span> <span class='ocrx_word' id='word_1_136' title='bbox 1717 2354 2160 2423; x_wconf 78' lang='lat' dir='ltr'><strong>perterrelacere,</strong></span> 
     </span>
    </p>
   </div>
   <div class='ocr_carea' id='block_1_23' title="bbox 579 2446 2162 2517">
    <p class='ocr_par' dir='ltr' id='par_1_23' title="bbox 579 2446 2162 2517">
     <span class='ocr_line' id='line_1_23' title="bbox 579 2446 2162 2517; baseline 0.001 -20"><span class='ocrx_word' id='word_1_137' title='bbox 579 2447 778 2517; x_wconf 79' lang='lat' dir='ltr'><strong>deponi</strong></span> <span class='ocrx_word' id='word_1_138' title='bbox 822 2447 1096 2516; x_wconf 89' lang='lat' dir='ltr'><strong>jubemus.</strong></span> <span class='ocrx_word' id='word_1_139' title='bbox 1149 2446 1416 2502; x_wconf 89' lang='lat' dir='ltr'><strong>Dominus</strong></span> <span class='ocrx_word' id='word_1_140' title='bbox 1471 2449 1616 2502; x_wconf 91' lang='lat' dir='ltr'><strong>enim</strong></span> <span class='ocrx_word' id='word_1_141' title='bbox 1659 2463 1760 2501; x_wconf 90' lang='lat' dir='ltr'><strong>nos</strong></span> <span class='ocrx_word' id='word_1_142' title='bbox 1817 2461 2162 2516; x_wconf 85' lang='lat' dir='ltr'><strong>nequaquam</strong></span> 
     </span>
    </p>
   </div>
   <div class='ocr_carea' id='block_1_24' title="bbox 581 2540 2164 2611">
    <p class='ocr_par' dir='ltr' id='par_1_24' title="bbox 581 2540 2164 2611">
     <span class='ocr_line' id='line_1_24' title="bbox 581 2540 2164 2611; baseline -0.002 -17"><span class='ocrx_word' id='word_1_143' title='bbox 581 2540 684 2594; x_wconf 83' lang='lat' dir='ltr'><strong>hoc</strong></span> <span class='ocrx_word' id='word_1_144' title='bbox 716 2541 938 2602; x_wconf 78' lang='lat' dir='ltr'><strong>docuit;</strong></span> <span class='ocrx_word' id='word_1_145' title='bbox 965 2549 1157 2595; x_wconf 88' lang='lat' dir='ltr'><strong>contra</strong></span> <span class='ocrx_word' id='word_1_146' title='bbox 1185 2549 1368 2595; x_wconf 87' lang='lat' dir='ltr'><strong>autem</strong></span> <span class='ocrx_word' id='word_1_147' title='bbox 1422 2542 1537 2611; x_wconf 92' lang='lat' dir='ltr'><strong>ipse</strong></span> <span class='ocrx_word' id='word_1_148' title='bbox 1585 2540 1898 2594; x_wconf 88' lang='lat' dir='ltr'><strong>verberatus</strong></span> <span class='ocrx_word' id='word_1_149' title='bbox 1939 2554 2043 2593; x_wconf 92' lang='lat' dir='ltr'><strong>non</strong></span> <span class='ocrx_word' id='word_1_150' title='bbox 2078 2554 2164 2592; x_wconf 90' lang='lat' dir='ltr'><strong>re-</strong></span> 
     </span>
    </p>
   </div>
   <div class='ocr_carea' id='block_1_25' title="bbox 581 2633 2166 2703">
    <p class='ocr_par' dir='ltr' id='par_1_25' title="bbox 581 2633 2166 2703">
     <span class='ocr_line' id='line_1_25' title="bbox 581 2633 2166 2703; baseline 0.001 -18"><span class='ocrx_word' id='word_1_151' title='bbox 581 2633 894 2700; x_wconf 87' lang='lat' dir='ltr'><strong>percussit;</strong></span> <span class='ocrx_word' id='word_1_152' title='bbox 947 2633 1249 2689; x_wconf 84' lang='lat' dir='ltr'><strong>maledictis</strong></span> <span class='ocrx_word' id='word_1_153' title='bbox 1296 2634 1588 2703; x_wconf 89' lang='lat' dir='ltr'><strong>appetitus,</strong></span> <span class='ocrx_word' id='word_1_154' title='bbox 1629 2633 1916 2688; x_wconf 88' lang='lat' dir='ltr'><strong>maledicta</strong></span> <span class='ocrx_word' id='word_1_155' title='bbox 1947 2648 2054 2686; x_wconf 93' lang='lat' dir='ltr'><strong>non</strong></span> <span class='ocrx_word' id='word_1_156' title='bbox 2081 2647 2166 2686; x_wconf 87' lang='lat' dir='ltr'><strong>re-</strong></span> 
     </span>
    </p>
   </div>
   <div class='ocr_carea' id='block_1_26' title="bbox 582 2725 1545 2793">
    <p class='ocr_par' dir='ltr' id='par_1_26' title="bbox 582 2725 1545 2793">
     <span class='ocr_line' id='line_1_26' title="bbox 582 2725 1545 2793; baseline 0.005 -16"><span class='ocrx_word' id='word_1_157' title='bbox 582 2725 742 2788; x_wconf 85' lang='lat' dir='ltr'><strong>tulit;</strong></span> <span class='ocrx_word' id='word_1_158' title='bbox 771 2727 1002 2793; x_wconf 89' lang='lat' dir='ltr'><strong>patiens,</strong></span> <span class='ocrx_word' id='word_1_159' title='bbox 1032 2743 1138 2780; x_wconf 91' lang='lat' dir='ltr'><strong>non</strong></span> <span class='ocrx_word' id='word_1_160' title='bbox 1172 2728 1408 2784; x_wconf 88' lang='lat' dir='ltr'><strong>minatus</strong></span> <span class='ocrx_word' id='word_1_161' title='bbox 1445 2739 1545 2783; x_wconf 90' lang='lat' dir='ltr'><strong>est.</strong></span> 
     </span>
    </p>
   </div>
   <div class='ocr_carea' id='block_1_27' title="bbox 649 2815 2162 2890">
    <p class='ocr_par' dir='ltr' id='par_1_27' title="bbox 649 2815 2162 2890">
     <span class='ocr_line' id='line_1_27' title="bbox 649 2815 2162 2890; baseline 0.001 -21"><span class='ocrx_word' id='word_1_162' title='bbox 649 2816 718 2869; x_wconf 77' lang='lat'><strong>9.9</strong></span> <span class='ocrx_word' id='word_1_163' title='bbox 751 2815 887 2886; x_wconf 65' lang='lat'><strong>[28}.</strong></span> <span class='ocrx_word' id='word_1_164' title='bbox 931 2818 984 2871; x_wconf 84' lang='lat' dir='ltr'><strong>Si</strong></span> <span class='ocrx_word' id='word_1_165' title='bbox 1049 2819 1173 2888; x_wconf 90' lang='lat' dir='ltr'><strong>quis</strong></span> <span class='ocrx_word' id='word_1_166' title='bbox 1224 2819 1516 2888; x_wconf 87' lang='lat' dir='ltr'><strong>episcopus</strong></span> <span class='ocrx_word' id='word_1_167' title='bbox 1547 2834 1643 2890; x_wconf 87' lang='lat' dir='ltr'><strong>per</strong></span> <span class='ocrx_word' id='word_1_168' title='bbox 1695 2817 1978 2889; x_wconf 88' lang='lat' dir='ltr'><strong>pecunias,</strong></span> <span class='ocrx_word' id='word_1_169' title='bbox 2029 2826 2162 2882; x_wconf 90' lang='lat' dir='ltr'><strong>etc.,</strong></span> 
     </span>
    </p>
   </div>
   <div class='ocr_carea' id='block_1_28' title="bbox 580 2907 1376 2980">
    <p class='ocr_par' dir='ltr' id='par_1_28' title="bbox 580 2907 1376 2980">
     <span class='ocr_line' id='line_1_28' title="bbox 580 2907 1376 2980; baseline -0.014 -5"><span class='ocrx_word' id='word_1_170' title='bbox 580 2907 738 2975; x_wconf 88' lang='lat'><strong>271</strong></span> <span class='ocrx_word' id='word_1_171' title='bbox 785 2918 841 2960; x_wconf 73' lang='lat' dir='ltr'><strong>ut</strong></span> <span class='ocrx_word' id='word_1_172' title='bbox 868 2925 1062 2978; x_wconf 85' lang='lat' dir='ltr'><strong>supra,</strong></span> <span class='ocrx_word' id='word_1_173' title='bbox 1097 2926 1220 2980; x_wconf 85' lang='lat' dir='ltr'><strong>pag.</strong></span> <span class='ocrx_word' id='word_1_174' title='bbox 1252 2910 1376 2964; x_wconf 67' lang='grc' dir='ltr'>διε.</span> 
     </span>
    </p>
   </div>
   <div class='ocr_carea' id='block_1_29' title="bbox 651 2999 2166 3072">
    <p class='ocr_par' dir='ltr' id='par_1_29' title="bbox 651 2999 2166 3072">
     <span class='ocr_line' id='line_1_29' title="bbox 651 2999 2166 3072; baseline 0.002 -21"><span class='ocrx_word' id='word_1_175' title='bbox 651 3000 739 3052; x_wconf 79' lang='lat'><strong>&#39;50.</strong></span> <span class='ocrx_word' id='word_1_176' title='bbox 768 2999 904 3071; x_wconf 72' lang='lat'><strong>[29].</strong></span> <span class='ocrx_word' id='word_1_177' title='bbox 935 3000 990 3054; x_wconf 87' lang='lat' dir='ltr'><strong>Si</strong></span> <span class='ocrx_word' id='word_1_178' title='bbox 1017 3017 1141 3072; x_wconf 83' lang='lat' dir='ltr'><strong>quis</strong></span> <span class='ocrx_word' id='word_1_179' title='bbox 1157 3004 1446 3071; x_wconf 90' lang='lat' dir='ltr'><strong>episcopus</strong></span> <span class='ocrx_word' id='word_1_180' title='bbox 1460 3001 1814 3058; x_wconf 71' lang='lat' dir='ltr'><strong>smcularibus</strong></span> <span class='ocrx_word' id='word_1_181' title='bbox 1829 2999 2166 3071; x_wconf 84' lang='lat' dir='ltr'><strong>principibus</strong></span> 
     </span>
    </p>
   </div>
   <div class='ocr_carea' id='block_1_30' title="bbox 582 3094 1494 3164">
    <p class='ocr_par' dir='ltr' id='par_1_30' title="bbox 582 3094 1494 3164">
     <span class='ocr_line' id='line_1_30' title="bbox 582 3094 1494 3164; baseline 0.007 -20"><span class='ocrx_word' id='word_1_182' title='bbox 582 3106 736 3156; x_wconf 86' lang='lat' dir='ltr'><strong>usus,</strong></span> <span class='ocrx_word' id='word_1_183' title='bbox 771 3099 902 3155; x_wconf 84' lang='lat' dir='ltr'><strong>etc.,</strong></span> <span class='ocrx_word' id='word_1_184' title='bbox 930 3106 983 3144; x_wconf 78' lang='lat' dir='ltr'><strong>ut</strong></span> <span class='ocrx_word' id='word_1_185' title='bbox 1004 3109 1166 3162; x_wconf 86' lang='lat' dir='ltr'><strong>supra</strong></span> <span class='ocrx_word' id='word_1_186' title='bbox 1196 3111 1321 3164; x_wconf 83' lang='lat' dir='ltr'><strong>pag.</strong></span> <span class='ocrx_word' id='word_1_187' title='bbox 1366 3094 1494 3150; x_wconf 81' lang='grc'><strong>511.</strong></span> 
     </span>
    </p>
   </div>
   <div class='ocr_carea' id='block_1_31' title="bbox 653 3181 2168 3256">
    <p class='ocr_par' dir='ltr' id='par_1_31' title="bbox 653 3181 2168 3256">
     <span class='ocr_line' id='line_1_31' title="bbox 653 3181 2168 3256; baseline 0.003 -22"><span class='ocrx_word' id='word_1_188' title='bbox 653 3182 713 3235; x_wconf 83' lang='grc'><strong>51</strong></span> <span class='ocrx_word' id='word_1_189' title='bbox 762 3181 902 3254; x_wconf 79' lang='grc'>[50].</span> <span class='ocrx_word' id='word_1_190' title='bbox 963 3183 1018 3236; x_wconf 90' lang='lat' dir='ltr'><strong>Si</strong></span> <span class='ocrx_word' id='word_1_191' title='bbox 1073 3185 1197 3253; x_wconf 89' lang='lat' dir='ltr'><strong>quis</strong></span> <span class='ocrx_word' id='word_1_192' title='bbox 1229 3185 1533 3256; x_wconf 86' lang='lat' dir='ltr'><strong>presbyter,</strong></span> <span class='ocrx_word' id='word_1_193' title='bbox 1582 3195 1893 3254; x_wconf 91' lang='lat' dir='ltr'><strong>contempto</strong></span> <span class='ocrx_word' id='word_1_194' title='bbox 1946 3185 2168 3256; x_wconf 84' lang='lat' dir='ltr'><strong>prOprio</strong></span> 
     </span>
    </p>
   </div>
   <div class='ocr_carea' id='block_1_32' title="bbox 581 3275 2169 3348">
    <p class='ocr_par' dir='ltr' id='par_1_32' title="bbox 581 3275 2169 3348">
     <span class='ocr_line' id='line_1_32' title="bbox 581 3275 2169 3348; baseline 0.003 -22"><span class='ocrx_word' id='word_1_195' title='bbox 581 3275 862 3343; x_wconf 85' lang='lat' dir='ltr'><strong>episc0po,</strong></span> <span class='ocrx_word' id='word_1_196' title='bbox 893 3275 1126 3330; x_wconf 90' lang='lat' dir='ltr'><strong>seorsim</strong></span> <span class='ocrx_word' id='word_1_197' title='bbox 1175 3279 1648 3348; x_wconf 76' lang='lat' dir='ltr'><strong>congregationem</strong></span> <span class='ocrx_word' id='word_1_198' title='bbox 1703 3277 1912 3343; x_wconf 80' lang='lat' dir='ltr'><strong>fecerit,</strong></span> <span class='ocrx_word' id='word_1_199' title='bbox 1950 3288 2080 3341; x_wconf 89' lang='lat' dir='ltr'><strong>etc.,</strong></span> <span class='ocrx_word' id='word_1_200' title='bbox 2114 3286 2169 3330; x_wconf 87' lang='lat' dir='ltr'><strong>ut</strong></span> 
     </span>
    </p>
   </div>
   <div class='ocr_carea' id='block_1_33' title="bbox 584 3367 859 3435">
    <p class='ocr_par' dir='ltr' id='par_1_33' title="bbox 584 3367 859 3435">
     <span class='ocr_line' id='line_1_33' title="bbox 584 3367 859 3435; baseline 0.011 -17"><span class='ocrx_word' id='word_1_201' title='bbox 584 3383 703 3435; x_wconf 78' lang='lat' dir='ltr'><strong>pag.</strong></span> <span class='ocrx_word' id='word_1_202' title='bbox 735 3367 859 3421; x_wconf 78' lang='lat'><strong>585.</strong></span> 
     </span>
    </p>
   </div>
   <div class='ocr_carea' id='block_1_34' title="bbox 655 3459 2169 3531">
    <p class='ocr_par' dir='ltr' id='par_1_34' title="bbox 655 3459 2169 3531">
     <span class='ocr_line' id='line_1_34' title="bbox 655 3459 2169 3531; baseline 0.003 -20"><span class='ocrx_word' id='word_1_203' title='bbox 655 3459 744 3512; x_wconf 73' lang='lat'><strong>55.</strong></span> <span class='ocrx_word' id='word_1_204' title='bbox 791 3459 929 3530; x_wconf 72' lang='grc'>[54].</span> <span class='ocrx_word' id='word_1_205' title='bbox 964 3459 1269 3531; x_wconf 88' lang='lat' dir='ltr'><strong>Episcopus</strong></span> <span class='ocrx_word' id='word_1_206' title='bbox 1317 3477 1382 3516; x_wconf 90' lang='lat' dir='ltr'><strong>ne</strong></span> <span class='ocrx_word' id='word_1_207' title='bbox 1428 3461 1625 3516; x_wconf 87' lang='lat' dir='ltr'><strong>audeat</strong></span> <span class='ocrx_word' id='word_1_208' title='bbox 1665 3471 1817 3517; x_wconf 79' lang='lat' dir='ltr'><strong>extra</strong></span> <span class='ocrx_word' id='word_1_209' title='bbox 1854 3477 1985 3517; x_wconf 87' lang='lat' dir='ltr'><strong>suos</strong></span> <span class='ocrx_word' id='word_1_210' title='bbox 2031 3461 2169 3516; x_wconf 85' lang='lat' dir='ltr'><strong>ﬁnes</strong></span> 
     </span>
    </p>
   </div>
   <div class='ocr_carea' id='block_1_35' title="bbox 583 3551 2173 3625">
    <p class='ocr_par' dir='ltr' id='par_1_35' title="bbox 583 3551 2173 3625">
     <span class='ocr_line' id='line_1_35' title="bbox 583 3551 2173 3625; baseline 0.003 -19"><span class='ocrx_word' id='word_1_211' title='bbox 583 3551 765 3608; x_wconf 85' lang='lat' dir='ltr'><strong>facere</strong></span> <span class='ocrx_word' id='word_1_212' title='bbox 792 3555 1170 3620; x_wconf 75' lang='lat' dir='ltr'><strong>ordinationes</strong></span> <span class='ocrx_word' id='word_1_213' title='bbox 1202 3556 1254 3609; x_wconf 92' lang='lat' dir='ltr'><strong>in</strong></span> <span class='ocrx_word' id='word_1_214' title='bbox 1287 3555 1516 3610; x_wconf 87' lang='lat' dir='ltr'><strong>urbibus</strong></span> <span class='ocrx_word' id='word_1_215' title='bbox 1555 3565 1608 3610; x_wconf 89' lang='lat' dir='ltr'><strong>et</strong></span> <span class='ocrx_word' id='word_1_216' title='bbox 1651 3557 1804 3625; x_wconf 78' lang='lat' dir='ltr'><strong>pagis</strong></span> <span class='ocrx_word' id='word_1_217' title='bbox 1828 3571 1935 3610; x_wconf 92' lang='lat' dir='ltr'><strong>non</strong></span> <span class='ocrx_word' id='word_1_218' title='bbox 1962 3557 2010 3610; x_wconf 90' lang='lat' dir='ltr'><strong>ei</strong></span> <span class='ocrx_word' id='word_1_219' title='bbox 2041 3557 2173 3611; x_wconf 90' lang='lat' dir='ltr'><strong>sub-</strong></span> 
     </span>
    </p>
   </div>
   <div class='ocr_carea' id='block_1_36' title="bbox 578 3644 2168 3716">
    <p class='ocr_par' dir='ltr' id='par_1_36' title="bbox 578 3644 2168 3716">
     <span class='ocr_line' id='line_1_36' title="bbox 578 3644 2168 3716; baseline -0.001 -18"><span class='ocrx_word' id='word_1_220' title='bbox 578 3644 762 3714; x_wconf 86' lang='lat' dir='ltr'><strong>jectis.</strong></span> <span class='ocrx_word' id='word_1_221' title='bbox 799 3646 892 3700; x_wconf 86' lang='lat' dir='ltr'><strong>Sin</strong></span> <span class='ocrx_word' id='word_1_222' title='bbox 917 3656 1099 3700; x_wconf 85' lang='lat' dir='ltr'><strong>autem</strong></span> <span class='ocrx_word' id='word_1_223' title='bbox 1127 3645 1231 3702; x_wconf 91' lang='lat' dir='ltr'><strong>hoc</strong></span> <span class='ocrx_word' id='word_1_224' title='bbox 1263 3646 1456 3701; x_wconf 81' lang='lat' dir='ltr'><strong>fecisse</strong></span> <span class='ocrx_word' id='word_1_225' title='bbox 1488 3647 1771 3702; x_wconf 89' lang='lat' dir='ltr'><strong>convictus</strong></span> <span class='ocrx_word' id='word_1_226' title='bbox 1802 3646 1984 3709; x_wconf 81' lang='lat' dir='ltr'><strong>fuerit,</strong></span> <span class='ocrx_word' id='word_1_227' title='bbox 2030 3663 2168 3716; x_wconf 66' lang='lat' dir='ltr'><strong>pra!-</strong></span> 
     </span>
    </p>
   </div>
   <div class='ocr_carea' id='block_1_37' title="bbox 585 3739 2170 3808">
    <p class='ocr_par' dir='ltr' id='par_1_37' title="bbox 585 3739 2170 3808">
     <span class='ocr_line' id='line_1_37' title="bbox 585 3739 2170 3808; baseline 0.001 -17"><span class='ocrx_word' id='word_1_228' title='bbox 585 3748 665 3791; x_wconf 87' lang='lat' dir='ltr'><strong>ter</strong></span> <span class='ocrx_word' id='word_1_229' title='bbox 705 3753 893 3792; x_wconf 91' lang='lat' dir='ltr'><strong>eorum</strong></span> <span class='ocrx_word' id='word_1_230' title='bbox 943 3739 1266 3792; x_wconf 87' lang='lat' dir='ltr'><strong>sententiam</strong></span> <span class='ocrx_word' id='word_1_231' title='bbox 1315 3739 1409 3808; x_wconf 88' lang='lat' dir='ltr'><strong>qui</strong></span> <span class='ocrx_word' id='word_1_232' title='bbox 1457 3746 1644 3792; x_wconf 89' lang='lat' dir='ltr'><strong>tenent</strong></span> <span class='ocrx_word' id='word_1_233' title='bbox 1700 3753 1868 3808; x_wconf 79' lang='lat' dir='ltr'><strong>pagos</strong></span> <span class='ocrx_word' id='word_1_234' title='bbox 1919 3739 2042 3793; x_wconf 89' lang='lat' dir='ltr'><strong>illos</strong></span> <span class='ocrx_word' id='word_1_235' title='bbox 2086 3741 2170 3794; x_wconf 87' lang='lat' dir='ltr'><strong>vel</strong></span> 
     </span>
    </p>
   </div>
   <div class='ocr_carea' id='block_1_38' title="bbox 585 3829 2168 3902">
    <p class='ocr_par' dir='ltr' id='par_1_38' title="bbox 585 3829 2168 3902">
     <span class='ocr_line' id='line_1_38' title="bbox 585 3829 2168 3902; baseline 0.001 -18"><span class='ocrx_word' id='word_1_236' title='bbox 585 3829 883 3897; x_wconf 90' lang='lat' dir='ltr'><strong>civitatem,</strong></span> <span class='ocrx_word' id='word_1_237' title='bbox 924 3830 1230 3900; x_wconf 91' lang='lat' dir='ltr'><strong>deponatur</strong></span> <span class='ocrx_word' id='word_1_238' title='bbox 1259 3839 1314 3886; x_wconf 91' lang='lat' dir='ltr'><strong>et</strong></span> <span class='ocrx_word' id='word_1_239' title='bbox 1346 3832 1485 3902; x_wconf 91' lang='lat' dir='ltr'><strong>ipse,</strong></span> <span class='ocrx_word' id='word_1_240' title='bbox 1535 3840 1590 3886; x_wconf 91' lang='lat' dir='ltr'><strong>et</strong></span> <span class='ocrx_word' id='word_1_241' title='bbox 1621 3830 1657 3884; x_wconf 94' lang='lat' dir='ltr'><strong>ii</strong></span> <span class='ocrx_word' id='word_1_242' title='bbox 1707 3846 1846 3900; x_wconf 92' lang='lat' dir='ltr'><strong>quos</strong></span> <span class='ocrx_word' id='word_1_243' title='bbox 1876 3831 2168 3886; x_wconf 87' lang='lat' dir='ltr'><strong>ordinavit.</strong></span> 
     </span>
    </p>
   </div>
   <div class='ocr_carea' id='block_1_39' title="bbox 657 4017 2170 4091">
    <p class='ocr_par' dir='ltr' id='par_1_39' title="bbox 657 4017 2170 4091">
     <span class='ocr_line' id='line_1_39' title="bbox 657 4017 2170 4091; baseline 0.001 -21"><span class='ocrx_word' id='word_1_244' title='bbox 657 4017 881 4091; x_wconf 63' lang='grc' dir='ltr'>εηιη.</span> <span class='ocrx_word' id='word_1_245' title='bbox 915 4017 1216 4086; x_wconf 85' lang='lat' dir='ltr'><strong>Episcopus</strong></span> <span class='ocrx_word' id='word_1_246' title='bbox 1248 4017 1313 4083; x_wconf 81' lang='grc'><strong>³⁸,</strong></span> <span class='ocrx_word' id='word_1_247' title='bbox 1348 4017 1428 4073; x_wconf 89' lang='lat' dir='ltr'><strong>vel</strong></span> <span class='ocrx_word' id='word_1_248' title='bbox 1450 4018 1752 4090; x_wconf 88' lang='lat' dir='ltr'><strong>presbyter,</strong></span> <span class='ocrx_word' id='word_1_249' title='bbox 1778 4017 1861 4073; x_wconf 89' lang='lat' dir='ltr'><strong>vel</strong></span> <span class='ocrx_word' id='word_1_250' title='bbox 1883 4017 2170 4084; x_wconf 90' lang='lat' dir='ltr'><strong>diaconus,</strong></span> 
     </span>
    </p>
   </div>
   <div class='ocr_carea' id='block_1_40' title="bbox 584 4108 2172 4178">
    <p class='ocr_par' dir='ltr' id='par_1_40' title="bbox 584 4108 2172 4178">
     <span class='ocr_line' id='line_1_40' title="bbox 584 4108 2172 4178; baseline -0.001 -16"><span class='ocrx_word' id='word_1_251' title='bbox 584 4110 716 4164; x_wconf 84' lang='lat' dir='ltr'><strong>aleis</strong></span> <span class='ocrx_word' id='word_1_252' title='bbox 753 4118 807 4164; x_wconf 92' lang='lat' dir='ltr'><strong>et</strong></span> <span class='ocrx_word' id='word_1_253' title='bbox 851 4108 1207 4164; x_wconf 88' lang='lat' dir='ltr'><strong>ebrietatibus</strong></span> <span class='ocrx_word' id='word_1_254' title='bbox 1253 4122 1476 4175; x_wconf 90' lang='lat' dir='ltr'><strong>vacans,</strong></span> <span class='ocrx_word' id='word_1_255' title='bbox 1524 4109 1608 4163; x_wconf 89' lang='lat' dir='ltr'><strong>vel</strong></span> <span class='ocrx_word' id='word_1_256' title='bbox 1641 4118 1837 4175; x_wconf 83' lang='lat' dir='ltr'><strong>cesset,</strong></span> <span class='ocrx_word' id='word_1_257' title='bbox 1889 4109 1973 4164; x_wconf 90' lang='lat' dir='ltr'><strong>vel</strong></span> <span class='ocrx_word' id='word_1_258' title='bbox 2007 4109 2172 4178; x_wconf 88' lang='lat' dir='ltr'><strong>depo-</strong></span> 
     </span>
    </p>
   </div>
   <div class='ocr_carea' id='block_1_41' title="bbox 586 4211 768 4257">
    <p class='ocr_par' dir='ltr' id='par_1_41' title="bbox 586 4211 768 4257">
     <span class='ocr_line' id='line_1_41' title="bbox 586 4211 768 4257; baseline 0.011 -2"><span class='ocrx_word' id='word_1_259' title='bbox 586 4211 768 4257; x_wconf 89' lang='lat' dir='ltr'><strong>natur.</strong></span> 
     </span>
    </p>
   </div>
   <div class='ocr_carea' id='block_1_42' title="bbox 653 4316 2161 4392">
    <p class='ocr_par' dir='ltr' id='par_1_42' title="bbox 653 4316 2161 4392">
     <span class='ocr_line' id='line_1_42' title="bbox 653 4316 2161 4392; baseline -0.003 -18"><span class='ocrx_word' id='word_1_260' title='bbox 653 4320 722 4374; x_wconf 70' lang='lat' dir='ltr'><strong>M</strong></span> <span class='ocrx_word' id='word_1_261' title='bbox 753 4317 889 4392; x_wconf 70' lang='grc'>[45].</span> <span class='ocrx_word' id='word_1_262' title='bbox 917 4318 1290 4389; x_wconf 77' lang='lat' dir='ltr'><strong>Episcopus”,</strong></span> <span class='ocrx_word' id='word_1_263' title='bbox 1319 4317 1400 4370; x_wconf 84' lang='lat' dir='ltr'><strong>vel</strong></span> <span class='ocrx_word' id='word_1_264' title='bbox 1433 4316 1738 4388; x_wconf 84' lang='lat' dir='ltr'><strong>presbyter,</strong></span> <span class='ocrx_word' id='word_1_265' title='bbox 1764 4317 1847 4370; x_wconf 85' lang='lat' dir='ltr'><strong>vel</strong></span> <span class='ocrx_word' id='word_1_266' title='bbox 1873 4317 2161 4380; x_wconf 90' lang='lat' dir='ltr'><strong>diaconus,</strong></span> 
     </span>
    </p>
   </div>
   <div class='ocr_carea' id='block_1_43' title="bbox 584 4409 2170 4485">
    <p class='ocr_par' dir='ltr' id='par_1_43' title="bbox 584 4409 2170 4485">
     <span class='ocr_line' id='line_1_43' title="bbox 584 4409 2170 4485; baseline -0.003 -16"><span class='ocrx_word' id='word_1_267' title='bbox 584 4417 846 4485; x_wconf 90' lang='lat' dir='ltr'><strong>pecunias</strong></span> <span class='ocrx_word' id='word_1_268' title='bbox 880 4421 1068 4467; x_wconf 88' lang='lat' dir='ltr'><strong>mutuo</strong></span> <span class='ocrx_word' id='word_1_269' title='bbox 1093 4413 1246 4468; x_wconf 88' lang='lat' dir='ltr'><strong>datas</strong></span> <span class='ocrx_word' id='word_1_270' title='bbox 1275 4426 1397 4467; x_wconf 92' lang='lat' dir='ltr'><strong>cum</strong></span> <span class='ocrx_word' id='word_1_271' title='bbox 1425 4411 1612 4466; x_wconf 82' lang='lat' dir='ltr'><strong>fenore</strong></span> <span class='ocrx_word' id='word_1_272' title='bbox 1645 4410 1893 4479; x_wconf 81' lang='lat' dir='ltr'><strong>exigens,</strong></span> <span class='ocrx_word' id='word_1_273' title='bbox 1945 4409 2027 4464; x_wconf 91' lang='lat' dir='ltr'><strong>vel</strong></span> <span class='ocrx_word' id='word_1_274' title='bbox 2049 4424 2170 4464; x_wconf 88' lang='lat' dir='ltr'><strong>ces-</strong></span> 
     </span>
    </p>
   </div>
   <div class='ocr_carea' id='block_1_44' title="bbox 586 4507 1166 4574">
    <p class='ocr_par' dir='ltr' id='par_1_44' title="bbox 586 4507 1166 4574">
     <span class='ocr_line' id='line_1_44' title="bbox 586 4507 1166 4574; baseline -0.003 -12"><span class='ocrx_word' id='word_1_275' title='bbox 586 4516 692 4570; x_wconf 89' lang='lat' dir='ltr'><strong>set,</strong></span> <span class='ocrx_word' id='word_1_276' title='bbox 724 4507 809 4560; x_wconf 91' lang='lat' dir='ltr'><strong>vel</strong></span> <span class='ocrx_word' id='word_1_277' title='bbox 841 4507 1166 4574; x_wconf 87' lang='lat' dir='ltr'><strong>deponatur.</strong></span> 
     </span>
    </p>
   </div>
   <div class='ocr_carea' id='block_1_45' title="bbox 653 4595 2170 4669">
    <p class='ocr_par' dir='ltr' id='par_1_45' title="bbox 653 4595 2170 4669">
     <span class='ocr_line' id='line_1_45' title="bbox 653 4595 2170 4669; baseline -0.002 -17"><span class='ocrx_word' id='word_1_278' title='bbox 653 4598 726 4652; x_wconf 74' lang='grc'><strong>45</strong></span> <span class='ocrx_word' id='word_1_279' title='bbox 757 4596 870 4669; x_wconf 67' lang='grc' dir='ltr'>[Μ]</span> <span class='ocrx_word' id='word_1_280' title='bbox 909 4597 1232 4666; x_wconf 89' lang='lat' dir='ltr'><strong>Episcopus,</strong></span> <span class='ocrx_word' id='word_1_281' title='bbox 1276 4596 1361 4651; x_wconf 91' lang='lat' dir='ltr'><strong>vel</strong></span> <span class='ocrx_word' id='word_1_282' title='bbox 1413 4595 1713 4666; x_wconf 89' lang='lat' dir='ltr'><strong>presbyter,</strong></span> <span class='ocrx_word' id='word_1_283' title='bbox 1756 4595 1839 4650; x_wconf 86' lang='lat' dir='ltr'><strong>vel</strong></span> <span class='ocrx_word' id='word_1_284' title='bbox 1881 4595 2170 4661; x_wconf 87' lang='lat' dir='ltr'><strong>diaconus,</strong></span> 
     </span>
    </p>
   </div>
   <div class='ocr_carea' id='block_1_46' title="bbox 584 4689 2169 4758">
    <p class='ocr_par' dir='ltr' id='par_1_46' title="bbox 584 4689 2169 4758">
     <span class='ocr_line' id='line_1_46' title="bbox 584 4689 2169 4758; baseline 0 -16"><span class='ocrx_word' id='word_1_285' title='bbox 584 4689 813 4758; x_wconf 85' lang='lat' dir='ltr'><strong>quicum</strong></span> <span class='ocrx_word' id='word_1_286' title='bbox 845 4689 1112 4742; x_wconf 66' lang='lat' dir='ltr'><strong>haereticis</strong></span> <span class='ocrx_word' id='word_1_287' title='bbox 1137 4689 1220 4744; x_wconf 86' lang='lat' dir='ltr'><strong>vel</strong></span> <span class='ocrx_word' id='word_1_288' title='bbox 1252 4689 1426 4744; x_wconf 90' lang='lat' dir='ltr'><strong>solum</strong></span> <span class='ocrx_word' id='word_1_289' title='bbox 1460 4697 1848 4754; x_wconf 80' lang='lat' dir='ltr'><strong>comprecatus</strong></span> <span class='ocrx_word' id='word_1_290' title='bbox 1888 4696 1992 4752; x_wconf 87' lang='lat' dir='ltr'><strong>est,</strong></span> <span class='ocrx_word' id='word_1_291' title='bbox 2036 4697 2169 4752; x_wconf 89' lang='lat' dir='ltr'><strong>etc.,</strong></span> 
     </span>
    </p>
   </div>
   <div class='ocr_carea' id='block_1_47' title="bbox 586 4779 1167 4848">
    <p class='ocr_par' dir='ltr' id='par_1_47' title="bbox 586 4779 1167 4848">
     <span class='ocr_line' id='line_1_47' title="bbox 586 4779 1167 4848; baseline 0.007 -20"><span class='ocrx_word' id='word_1_292' title='bbox 586 4785 642 4828; x_wconf 88' lang='lat' dir='ltr'><strong>ut</strong></span> <span class='ocrx_word' id='word_1_293' title='bbox 676 4793 858 4846; x_wconf 81' lang='lat' dir='ltr'><strong>supra,</strong></span> <span class='ocrx_word' id='word_1_294' title='bbox 881 4795 1002 4848; x_wconf 83' lang='lat' dir='ltr'><strong>pag.</strong></span> <span class='ocrx_word' id='word_1_295' title='bbox 1044 4779 1167 4834; x_wconf 80' lang='grc'>610.</span> 
     </span>
    </p>
   </div>
   <div class='ocr_carea' id='block_1_48' title="bbox 655 4868 2171 4941">
    <p class='ocr_par' dir='ltr' id='par_1_48' title="bbox 655 4868 2171 4941">
     <span class='ocr_line' id='line_1_48' title="bbox 655 4868 2171 4941; baseline 0.001 -20"><span class='ocrx_word' id='word_1_296' title='bbox 655 4868 724 4922; x_wconf 72' lang='grc'><strong>46</strong></span> <span class='ocrx_word' id='word_1_297' title='bbox 759 4868 899 4940; x_wconf 72' lang='grc'>[45].</span> <span class='ocrx_word' id='word_1_298' title='bbox 924 4869 1274 4940; x_wconf 90' lang='lat' dir='ltr'><strong>Episcopum,</strong></span> <span class='ocrx_word' id='word_1_299' title='bbox 1305 4872 1385 4924; x_wconf 86' lang='lat' dir='ltr'><strong>vel</strong></span> <span class='ocrx_word' id='word_1_300' title='bbox 1412 4871 1815 4941; x_wconf 86' lang='lat' dir='ltr'><strong>presbyterum,</strong></span> <span class='ocrx_word' id='word_1_301' title='bbox 1858 4869 1948 4939; x_wconf 88' lang='lat' dir='ltr'><strong>qui</strong></span> <span class='ocrx_word' id='word_1_302' title='bbox 1993 4869 2171 4923; x_wconf 74' lang='lat' dir='ltr'><strong>luere—</strong></span> 
     </span>
    </p>
   </div>
   <div class='ocr_carea' id='block_1_49' title="bbox 584 4963 2162 5035">
    <p class='ocr_par' dir='ltr' id='par_1_49' title="bbox 584 4963 2162 5035">
     <span class='ocr_line' id='line_1_49' title="bbox 584 4963 2162 5035; baseline 0.001 -20"><span class='ocrx_word' id='word_1_303' title='bbox 584 4963 819 5016; x_wconf 90' lang='lat' dir='ltr'><strong>ticorum</strong></span> <span class='ocrx_word' id='word_1_304' title='bbox 843 4965 1198 5035; x_wconf 86' lang='lat' dir='ltr'><strong>baptismum,</strong></span> <span class='ocrx_word' id='word_1_305' title='bbox 1233 4965 1318 5019; x_wconf 91' lang='lat' dir='ltr'><strong>vel</strong></span> <span class='ocrx_word' id='word_1_306' title='bbox 1343 4963 1699 5028; x_wconf 78' lang='lat' dir='ltr'><strong>sacrificium,</strong></span> <span class='ocrx_word' id='word_1_307' title='bbox 1728 4974 1861 5029; x_wconf 90' lang='lat' dir='ltr'><strong>etc.,</strong></span> <span class='ocrx_word' id='word_1_308' title='bbox 1888 4971 1942 5016; x_wconf 85' lang='lat' dir='ltr'><strong>ut</strong></span> <span class='ocrx_word' id='word_1_309' title='bbox 1975 4979 2162 5032; x_wconf 80' lang='lat' dir='ltr'><strong>supra,</strong></span> 
     </span>
    </p>
   </div>
   <div class='ocr_carea' id='block_1_50' title="bbox 584 5057 867 5126">
    <p class='ocr_par' dir='ltr' id='par_1_50' title="bbox 584 5057 867 5126">
     <span class='ocr_line' id='line_1_50' title="bbox 584 5057 867 5126; baseline 0.014 -19"><span class='ocrx_word' id='word_1_310' title='bbox 584 5071 707 5126; x_wconf 76' lang='lat' dir='ltr'><strong>pag.</strong></span> <span class='ocrx_word' id='word_1_311' title='bbox 743 5057 867 5112; x_wconf 83' lang='lat' dir='ltr'><strong>GIO.</strong></span> 
     </span>
    </p>
   </div>
   <div class='ocr_carea' id='block_1_51' title="bbox 655 5147 2165 5220">
    <p class='ocr_par' dir='ltr' id='par_1_51' title="bbox 655 5147 2165 5220">
     <span class='ocr_line' id='line_1_51' title="bbox 655 5147 2165 5220; baseline -0.001 -18"><span class='ocrx_word' id='word_1_312' title='bbox 655 5149 724 5202; x_wconf 75' lang='grc'><strong>47</strong></span> <span class='ocrx_word' id='word_1_313' title='bbox 754 5147 891 5220; x_wconf 62' lang='grc'>[46].</span> <span class='ocrx_word' id='word_1_314' title='bbox 924 5148 1242 5218; x_wconf 88' lang='lat' dir='ltr'><strong>Episcopus,</strong></span> <span class='ocrx_word' id='word_1_315' title='bbox 1295 5150 1378 5204; x_wconf 91' lang='lat' dir='ltr'><strong>vel</strong></span> <span class='ocrx_word' id='word_1_316' title='bbox 1429 5150 1733 5220; x_wconf 78' lang='lat' dir='ltr'><strong>presbyter,</strong></span> <span class='ocrx_word' id='word_1_317' title='bbox 1765 5165 1888 5202; x_wconf 90' lang='lat' dir='ltr'><strong>eum</strong></span> <span class='ocrx_word' id='word_1_318' title='bbox 1913 5147 2006 5218; x_wconf 91' lang='lat' dir='ltr'><strong>qui</strong></span> <span class='ocrx_word' id='word_1_319' title='bbox 2039 5161 2165 5201; x_wconf 90' lang='lat' dir='ltr'><strong>vere</strong></span> 
     </span>
    </p>
   </div>
   <div class='ocr_carea' id='block_1_52' title="bbox 585 5241 1858 5312">
    <p class='ocr_par' dir='ltr' id='par_1_52' title="bbox 585 5241 1858 5312">
     <span class='ocr_line' id='line_1_52' title="bbox 585 5241 1858 5312; baseline 0.003 -20"><span class='ocrx_word' id='word_1_320' title='bbox 585 5242 746 5296; x_wconf 84' lang='lat' dir='ltr'><strong>liabet</strong></span> <span class='ocrx_word' id='word_1_321' title='bbox 776 5241 1106 5310; x_wconf 87' lang='lat' dir='ltr'><strong>baptismum</strong></span> <span class='ocrx_word' id='word_1_322' title='bbox 1135 5252 1266 5309; x_wconf 85' lang='lat' dir='ltr'><strong>etc.,</strong></span> <span class='ocrx_word' id='word_1_323' title='bbox 1303 5251 1359 5294; x_wconf 87' lang='lat' dir='ltr'><strong>ut</strong></span> <span class='ocrx_word' id='word_1_324' title='bbox 1393 5257 1556 5310; x_wconf 82' lang='lat' dir='ltr'><strong>supra</strong></span> <span class='ocrx_word' id='word_1_325' title='bbox 1585 5259 1704 5312; x_wconf 88' lang='lat' dir='ltr'><strong>pag.</strong></span> <span class='ocrx_word' id='word_1_326' title='bbox 1733 5241 1858 5296; x_wconf 66' lang='lat'><strong>6‘22.</strong></span> 
     </span>
    </p>
   </div>
   <div class='ocr_carea' id='block_1_53' title="bbox 654 5329 2164 5406">
    <p class='ocr_par' dir='ltr' id='par_1_53' title="bbox 654 5329 2164 5406">
     <span class='ocr_line' id='line_1_53' title="bbox 654 5329 2164 5406; baseline -0.002 -20"><span class='ocrx_word' id='word_1_327' title='bbox 654 5333 722 5389; x_wconf 74' lang='grc'><strong>49</strong></span> <span class='ocrx_word' id='word_1_328' title='bbox 756 5332 836 5406; x_wconf 64' lang='grc'>[4]</span> <span class='ocrx_word' id='word_1_329' title='bbox 897 5332 953 5386; x_wconf 92' lang='lat' dir='ltr'><strong>Si</strong></span> <span class='ocrx_word' id='word_1_330' title='bbox 1016 5334 1140 5401; x_wconf 86' lang='lat' dir='ltr'><strong>quis</strong></span> <span class='ocrx_word' id='word_1_331' title='bbox 1170 5333 1459 5403; x_wconf 88' lang='lat' dir='ltr'><strong>episcopus</strong></span> <span class='ocrx_word' id='word_1_332' title='bbox 1503 5335 1787 5404; x_wconf 88' lang='lat' dir='ltr'><strong>presbyter</strong></span> <span class='ocrx_word' id='word_1_333' title='bbox 1827 5350 1892 5389; x_wconf 80' lang='lat' dir='ltr'><strong>ex</strong></span> <span class='ocrx_word' id='word_1_334' title='bbox 1948 5329 2164 5387; x_wconf 90' lang='lat' dir='ltr'><strong>Domini</strong></span> 
     </span>
    </p>
   </div>
   <div class='ocr_carea' id='block_1_54' title="bbox 582 5427 1710 5497">
    <p class='ocr_par' dir='ltr' id='par_1_54' title="bbox 582 5427 1710 5497">
     <span class='ocr_line' id='line_1_54' title="bbox 582 5427 1710 5497; baseline -0.002 -17"><span class='ocrx_word' id='word_1_335' title='bbox 582 5429 948 5490; x_wconf 82' lang='lat' dir='ltr'><strong>ordinatione,</strong></span> <span class='ocrx_word' id='word_1_336' title='bbox 975 5434 1107 5492; x_wconf 85' lang='lat' dir='ltr'><strong>etc.,</strong></span> <span class='ocrx_word' id='word_1_337' title='bbox 1136 5437 1193 5480; x_wconf 86' lang='lat' dir='ltr'><strong>ut</strong></span> <span class='ocrx_word' id='word_1_338' title='bbox 1219 5444 1400 5496; x_wconf 85' lang='lat' dir='ltr'><strong>supra,</strong></span> <span class='ocrx_word' id='word_1_339' title='bbox 1423 5445 1547 5497; x_wconf 79' lang='lat' dir='ltr'><strong>pag.</strong></span> <span class='ocrx_word' id='word_1_340' title='bbox 1583 5427 1710 5481; x_wconf 69' lang='grc'><strong>442.</strong></span> 
     </span>
    </p>
   </div>
   <div class='ocr_carea' id='block_1_55' title="bbox 3755 301 3812 331">
    <p class='ocr_par' dir='ltr' id='par_1_55' title="bbox 3755 301 3812 331">
     <span class='ocr_line' id='line_1_55' title="bbox 3755 301 3812 331; baseline 0 0"><span class='ocrx_word' id='word_1_341' title='bbox 3755 301 3812 331; x_wconf 78' lang='grc'><strong>’³1</strong></span> 
     </span>
    </p>
   </div>
   <div class='ocr_carea' id='block_1_56' title="bbox 1745 314 3819 375">
    <p class='ocr_par' dir='ltr' id='par_1_56' title="bbox 1745 314 3819 375">
     <span class='ocr_line' id='line_1_56' title="bbox 1745 314 3819 375; baseline -0.006 -1"><span class='ocrx_word' id='word_1_342' title='bbox 1745 315 2009 375; x_wconf 83' lang='grc' dir='ltr'><strong>ΡΙῙΟΤΙῙ</strong></span> <span class='ocrx_word' id='word_1_343' title='bbox 2044 314 2552 374; x_wconf 65' lang='grc' dir='ltr'><strong>ΡΑΤΗΙΛΒΕΠΕ</strong></span> <span class='ocrx_word' id='word_1_344' title='bbox 2583 314 2692 372; x_wconf 88' lang='lat' dir='ltr'><strong>CP.</strong></span> <span class='ocrx_word' id='word_1_345' title='bbox 3758 314 3819 362; x_wconf 67' lang='lat'><strong>7!.</strong></span> 
     </span>
    </p>
   </div>
   <div class='ocr_carea' id='block_1_57' title="bbox 647 416 2169 509">
    <p class='ocr_par' dir='ltr' id='par_1_57' title="bbox 647 433 2163 509">
     <span class='ocr_line' id='line_1_57' title="bbox 647 433 2163 509; baseline -0.007 -15"><span class='ocrx_word' id='word_1_346' title='bbox 647 440 699 496; x_wconf 78' lang='lat'><strong>5.</strong></span> <span class='ocrx_word' id='word_1_347' title='bbox 758 438 1084 509; x_wconf 88' lang='lat' dir='ltr'><strong>Episcopus,</strong></span> <span class='ocrx_word' id='word_1_348' title='bbox 1117 437 1220 505; x_wconf 77' lang='lat' dir='ltr'><strong>ivel</strong></span> <span class='ocrx_word' id='word_1_349' title='bbox 1252 435 1558 507; x_wconf 83' lang='lat' dir='ltr'><strong>presbyter,</strong></span> <span class='ocrx_word' id='word_1_350' title='bbox 1604 433 1686 487; x_wconf 89' lang='lat' dir='ltr'><strong>vel</strong></span> <span class='ocrx_word' id='word_1_351' title='bbox 1724 433 1990 487; x_wconf 84' lang='lat' dir='ltr'><strong>diaconus</strong></span> <span class='ocrx_word' id='word_1_352' title='bbox 2022 446 2163 484; x_wconf 81' lang='lat' dir='ltr'><strong>uxo-</strong></span> 
     </span>
    </p>
   </div>
   <div class='ocr_carea' id='block_1_58' title="bbox 2269 416 3855 509">
    <p class='ocr_par' dir='ltr' id='par_1_58' title="bbox 2338 416 3855 491">
     <span class='ocr_line' id='line_1_58' title="bbox 2338 416 3855 491; baseline -0.011 -10"><span class='ocrx_word' id='word_1_353' title='bbox 2338 429 2400 480; x_wconf 87' lang='grc' dir='ltr'>ε’.</span> <span class='ocrx_word' id='word_1_354' title='bbox 2442 428 2794 489; x_wconf 82' lang='grc' dir='ltr'>Ἐπίσκοπος,</span> <span class='ocrx_word' id='word_1_355' title='bbox 2848 422 2880 491; x_wconf 84' lang='grc' dir='ltr'>ἣ</span> <span class='ocrx_word' id='word_1_356' title='bbox 2927 419 3316 490; x_wconf 88' lang='grc' dir='ltr'>πρεσϐύτερος,</span> <span class='ocrx_word' id='word_1_357' title='bbox 3366 417 3398 486; x_wconf 78' lang='grc' dir='ltr'>ἢ</span> <span class='ocrx_word' id='word_1_358' title='bbox 3441 416 3706 476; x_wconf 83' lang='grc' dir='ltr'>διάκονος</span> <span class='ocrx_word' id='word_1_359' title='bbox 3759 416 3855 481; x_wconf 77' lang='grc' dir='ltr'><strong>τὴν</strong></span> 
     </span>
    </p>
   </div>
   <div class='ocr_carea' id='block_1_59' title="bbox 2269 506 3857 588">
    <p class='ocr_par' dir='ltr' id='par_1_59' title="bbox 2269 506 3857 588">
     <span class='ocr_line' id='line_1_59' title="bbox 2269 506 3857 588; baseline -0.009 -15"><span class='ocrx_word' id='word_1_360' title='bbox 2269 521 2464 574; x_wconf 81' lang='grc' dir='ltr'>ἐαυτοῦ</span> <span class='ocrx_word' id='word_1_361' title='bbox 2503 521 2735 588; x_wconf 89' lang='grc' dir='ltr'>γυναῖκα</span> <span class='ocrx_word' id='word_1_362' title='bbox 2767 516 2842 584; x_wconf 82' lang='grc' dir='ltr'><strong>μὴ</strong></span> <span class='ocrx_word' id='word_1_363' title='bbox 2871 512 3176 566; x_wconf 82' lang='grc' dir='ltr'>ἐκϐαλλέτω</span> <span class='ocrx_word' id='word_1_364' title='bbox 3211 512 3484 581; x_wconf 73' lang='grc' dir='ltr'><strong>προφάσει</strong></span> <span class='ocrx_word' id='word_1_365' title='bbox 3535 506 3857 569; x_wconf 66' lang='grc' dir='ltr'>εύλαϐείαςυ</span> 
     </span>
    </p>
   </div>
   <div class='ocr_carea' id='block_1_60' title="bbox 2268 598 3862 678">
    <p class='ocr_par' dir='ltr' id='par_1_60' title="bbox 2268 598 3862 678">
     <span class='ocr_line' id='line_1_60' title="bbox 2268 598 3862 678; baseline -0.011 -12"><span class='ocrx_word' id='word_1_366' title='bbox 2268 614 2362 666; x_wconf 82' lang='grc' dir='ltr'>ἐὰν</span> <span class='ocrx_word' id='word_1_367' title='bbox 2393 612 2450 665; x_wconf 83' lang='grc' dir='ltr'><strong>δέ</strong></span> <span class='ocrx_word' id='word_1_368' title='bbox 2489 611 2716 678; x_wconf 79' lang='grc' dir='ltr'>ἐκϐάλῃ,</span> <span class='ocrx_word' id='word_1_369' title='bbox 2769 605 3110 676; x_wconf 79' lang='grc' dir='ltr'>ἀφοριζέσθω</span> <span class='ocrx_word' id='word_1_370' title='bbox 3142 621 3155 634; x_wconf 85' lang='grc'><em>’</em></span> <span class='ocrx_word' id='word_1_371' title='bbox 3216 603 3491 672; x_wconf 76' lang='grc' dir='ltr'><strong>ἐπιμένων</strong></span> <span class='ocrx_word' id='word_1_372' title='bbox 3537 601 3620 664; x_wconf 79' lang='grc' dir='ltr'><strong>δὲ,</strong></span> <span class='ocrx_word' id='word_1_373' title='bbox 3677 598 3862 651; x_wconf 87' lang='grc' dir='ltr'>καθαι-</span> 
     </span>
    </p>
   </div>
   <div class='ocr_carea' id='block_1_61' title="bbox 2269 702 2742 775">
    <p class='ocr_par' dir='ltr' id='par_1_61' title="bbox 2269 702 2742 775">
     <span class='ocr_line' id='line_1_61' title="bbox 2269 702 2742 775; baseline -0.004 -19"><span class='ocrx_word' id='word_1_374' title='bbox 2269 705 2488 775; x_wconf 75' lang='grc' dir='ltr'>ρείσθω,</span> <span class='ocrx_word' id='word_1_375' title='bbox 2521 721 2576 756; x_wconf 87' lang='grc' dir='ltr'><strong>κ.</strong></span> <span class='ocrx_word' id='word_1_376' title='bbox 2606 720 2657 755; x_wconf 86' lang='grc' dir='ltr'><strong>τ.</strong></span> <span class='ocrx_word' id='word_1_377' title='bbox 2691 702 2742 754; x_wconf 87' lang='grc' dir='ltr'><strong>λ.</strong></span> 
     </span>
    </p>
   </div>
   <div class='ocr_carea' id='block_1_62' title="bbox 2340 785 3860 861">
    <p class='ocr_par' dir='ltr' id='par_1_62' title="bbox 2340 785 3860 861">
     <span class='ocr_line' id='line_1_62' title="bbox 2340 785 3860 861; baseline -0.011 -12"><span class='ocrx_word' id='word_1_378' title='bbox 2340 803 2412 861; x_wconf 87' lang='grc' dir='ltr'><strong>ς’.</strong></span> <span class='ocrx_word' id='word_1_379' title='bbox 2437 795 2788 855; x_wconf 80' lang='grc' dir='ltr'><strong>Ἐπίσκοπος,</strong></span> <span class='ocrx_word' id='word_1_380' title='bbox 2821 792 2854 861; x_wconf 82' lang='grc' dir='ltr'><strong>ἧ</strong></span> <span class='ocrx_word' id='word_1_381' title='bbox 2884 789 3275 860; x_wconf 85' lang='grc' dir='ltr'>πρεσϐύτερος,</span> <span class='ocrx_word' id='word_1_382' title='bbox 3302 786 3334 856; x_wconf 86' lang='grc' dir='ltr'>ἢ</span> <span class='ocrx_word' id='word_1_383' title='bbox 3361 785 3641 845; x_wconf 86' lang='grc' dir='ltr'>διάκονος,</span> <span class='ocrx_word' id='word_1_384' title='bbox 3672 798 3860 850; x_wconf 86' lang='grc' dir='ltr'>κοσμι-</span> 
     </span>
    </p>
   </div>
   <div class='ocr_carea' id='block_1_63' title="bbox 2267 876 3858 963">
    <p class='ocr_par' dir='ltr' id='par_1_63' title="bbox 2267 876 3858 963">
     <span class='ocr_line' id='line_1_63' title="bbox 2267 876 3858 963; baseline -0.011 -16"><span class='ocrx_word' id='word_1_385' title='bbox 2267 893 2370 955; x_wconf 80' lang='grc' dir='ltr'><strong>κάς</strong></span> <span class='ocrx_word' id='word_1_386' title='bbox 2401 891 2689 963; x_wconf 79' lang='grc' dir='ltr'>φροντίδας</span> <span class='ocrx_word' id='word_1_387' title='bbox 2723 890 2798 960; x_wconf 81' lang='grc' dir='ltr'>μὴ</span> <span class='ocrx_word' id='word_1_388' title='bbox 2837 885 3300 957; x_wconf 76' lang='grc' dir='ltr'>ἁναλαμϐανέτω-</span> <span class='ocrx_word' id='word_1_389' title='bbox 3347 884 3395 934; x_wconf 86' lang='grc' dir='ltr'>εἰ</span> <span class='ocrx_word' id='word_1_390' title='bbox 3430 881 3485 934; x_wconf 81' lang='grc' dir='ltr'>δὲ</span> <span class='ocrx_word' id='word_1_391' title='bbox 3525 880 3633 950; x_wconf 76' lang='grc' dir='ltr'><strong>μὴ,</strong></span> <span class='ocrx_word' id='word_1_392' title='bbox 3669 876 3858 930; x_wconf 85' lang='grc' dir='ltr'>καθαι-</span> 
     </span>
    </p>
   </div>
   <div class='ocr_carea' id='block_1_64' title="bbox 2270 984 2488 1053">
    <p class='ocr_par' dir='ltr' id='par_1_64' title="bbox 2270 984 2488 1053">
     <span class='ocr_line' id='line_1_64' title="bbox 2270 984 2488 1053; baseline 0 -17"><span class='ocrx_word' id='word_1_393' title='bbox 2270 984 2488 1053; x_wconf 86' lang='grc' dir='ltr'>ρείσθω.</span> 
     </span>
    </p>
   </div>
   <div class='ocr_carea' id='block_1_65' title="bbox 2339 1062 3857 1142">
    <p class='ocr_par' dir='ltr' id='par_1_65' title="bbox 2339 1062 3857 1142">
     <span class='ocr_line' id='line_1_65' title="bbox 2339 1062 3857 1142; baseline -0.014 -9"><span class='ocrx_word' id='word_1_394' title='bbox 2339 1075 2403 1141; x_wconf 86' lang='grc' dir='ltr'>ζ’.</span> <span class='ocrx_word' id='word_1_395' title='bbox 2441 1077 2508 1129; x_wconf 77' lang='grc' dir='ltr'><strong>Εἴ</strong></span> <span class='ocrx_word' id='word_1_396' title='bbox 2536 1094 2618 1137; x_wconf 90' lang='grc' dir='ltr'><strong>τις</strong></span> <span class='ocrx_word' id='word_1_397' title='bbox 2650 1075 2965 1139; x_wconf 83' lang='grc' dir='ltr'>ἐπίσκοπος,</span> <span class='ocrx_word' id='word_1_398' title='bbox 3002 1073 3036 1140; x_wconf 82' lang='grc' dir='ltr'><strong>ἢ</strong></span> <span class='ocrx_word' id='word_1_399' title='bbox 3071 1070 3460 1142; x_wconf 78' lang='grc' dir='ltr'>πρεσϐύτερος,</span> <span class='ocrx_word' id='word_1_400' title='bbox 3507 1064 3544 1132; x_wconf 82' lang='grc' dir='ltr'>ἣ</span> <span class='ocrx_word' id='word_1_401' title='bbox 3591 1062 3857 1124; x_wconf 86' lang='grc' dir='ltr'>διάκονος,</span> 
     </span>
    </p>
   </div>
   <div class='ocr_carea' id='block_1_66' title="bbox 2266 1157 3857 1242">
    <p class='ocr_par' dir='ltr' id='par_1_66' title="bbox 2266 1157 3857 1242">
     <span class='ocr_line' id='line_1_66' title="bbox 2266 1157 3857 1242; baseline -0.011 -20"><span class='ocrx_word' id='word_1_402' title='bbox 2266 1171 2364 1242; x_wconf 83' lang='grc' dir='ltr'>τὴν</span> <span class='ocrx_word' id='word_1_403' title='bbox 2393 1170 2552 1237; x_wconf 85' lang='grc' dir='ltr'>ἁγίαν</span> <span class='ocrx_word' id='word_1_404' title='bbox 2581 1169 2673 1222; x_wconf 80' lang='grc' dir='ltr'>τοῦ</span> <span class='ocrx_word' id='word_1_405' title='bbox 2712 1169 2902 1238; x_wconf 79' lang='grc' dir='ltr'>Πάσχα</span> <span class='ocrx_word' id='word_1_406' title='bbox 2930 1169 3144 1238; x_wconf 80' lang='grc' dir='ltr'>ἡμέραν</span> <span class='ocrx_word' id='word_1_407' title='bbox 3189 1163 3294 1235; x_wconf 76' lang='grc' dir='ltr'><strong>πρὸ</strong></span> <span class='ocrx_word' id='word_1_408' title='bbox 3330 1161 3431 1230; x_wconf 78' lang='grc' dir='ltr'><strong>τῆς</strong></span> <span class='ocrx_word' id='word_1_409' title='bbox 3464 1160 3706 1228; x_wconf 80' lang='grc' dir='ltr'>ἐαρινῆς</span> <span class='ocrx_word' id='word_1_410' title='bbox 3748 1157 3857 1224; x_wconf 84' lang='grc' dir='ltr'><strong>ἰση-</strong></span> 
     </span>
    </p>
   </div>
   <div class='ocr_carea' id='block_1_67' title="bbox 2271 1250 3753 1330">
    <p class='ocr_par' dir='ltr' id='par_1_67' title="bbox 2271 1250 3753 1330">
     <span class='ocr_line' id='line_1_67' title="bbox 2271 1250 3753 1330; baseline -0.007 -17"><span class='ocrx_word' id='word_1_411' title='bbox 2271 1261 2462 1330; x_wconf 84' lang='grc' dir='ltr'>μερίας</span> <span class='ocrx_word' id='word_1_412' title='bbox 2501 1260 2640 1329; x_wconf 72' lang='grc' dir='ltr'>μετὰ</span> <span class='ocrx_word' id='word_1_413' title='bbox 2683 1261 2950 1314; x_wconf 79' lang='grc' dir='ltr'>Ἰουδαίων</span> <span class='ocrx_word' id='word_1_414' title='bbox 2987 1257 3310 1318; x_wconf 87' lang='grc' dir='ltr'>ἐπιτελέσει,</span> <span class='ocrx_word' id='word_1_415' title='bbox 3342 1250 3753 1320; x_wconf 77' lang='grc' dir='ltr'>καθαιρείσθω.</span> 
     </span>
    </p>
   </div>
   <div class='ocr_carea' id='block_1_68' title="bbox 2341 1338 3857 1421">
    <p class='ocr_par' dir='ltr' id='par_1_68' title="bbox 2341 1338 3857 1421">
     <span class='ocr_line' id='line_1_68' title="bbox 2341 1338 3857 1421; baseline -0.009 -17"><span class='ocrx_word' id='word_1_416' title='bbox 2341 1359 2428 1406; x_wconf 85' lang='grc' dir='ltr'>ια’.</span> <span class='ocrx_word' id='word_1_417' title='bbox 2469 1351 2535 1404; x_wconf 81' lang='grc' dir='ltr'><strong>Εἴ</strong></span> <span class='ocrx_word' id='word_1_418' title='bbox 2561 1369 2644 1414; x_wconf 86' lang='grc' dir='ltr'><strong>τις</strong></span> <span class='ocrx_word' id='word_1_419' title='bbox 2673 1350 3061 1421; x_wconf 80' lang='grc' dir='ltr'>καθῃρημένῳ,</span> <span class='ocrx_word' id='word_1_420' title='bbox 3093 1346 3350 1416; x_wconf 81' lang='grc' dir='ltr'>κληρικὺς</span> <span class='ocrx_word' id='word_1_421' title='bbox 3374 1343 3468 1409; x_wconf 83' lang='grc' dir='ltr'>ὢν,</span> <span class='ocrx_word' id='word_1_422' title='bbox 3499 1343 3582 1404; x_wconf 81' lang='grc' dir='ltr'>ὡς</span> <span class='ocrx_word' id='word_1_423' title='bbox 3614 1338 3857 1410; x_wconf 80' lang='grc' dir='ltr'>κληρικῷ</span> 
     </span>
    </p>
   </div>
   <div class='ocr_carea' id='block_1_69' title="bbox 2269 1439 3336 1511">
    <p class='ocr_par' dir='ltr' id='par_1_69' title="bbox 2269 1439 3336 1511">
     <span class='ocr_line' id='line_1_69' title="bbox 2269 1439 3336 1511; baseline -0.007 -15"><span class='ocrx_word' id='word_1_424' title='bbox 2269 1444 2603 1509; x_wconf 77' lang='grc' dir='ltr'>συνεύξεται,</span> <span class='ocrx_word' id='word_1_425' title='bbox 2636 1441 3002 1511; x_wconf 80' lang='grc' dir='ltr'>καθαιρείσθω</span> <span class='ocrx_word' id='word_1_426' title='bbox 3027 1440 3123 1492; x_wconf 71' lang='grc' dir='ltr'><strong>καὶ</strong></span> <span class='ocrx_word' id='word_1_427' title='bbox 3153 1439 3336 1498; x_wconf 75' lang='grc' dir='ltr'>αὑτός.</span> 
     </span>
    </p>
   </div>
   <div class='ocr_carea' id='block_1_70' title="bbox 2337 1523 3855 1600">
    <p class='ocr_par' dir='ltr' id='par_1_70' title="bbox 2337 1523 3855 1600">
     <span class='ocr_line' id='line_1_70' title="bbox 2337 1523 3855 1600; baseline -0.007 -15"><span class='ocrx_word' id='word_1_428' title='bbox 2337 1539 2442 1600; x_wconf 82' lang='grc' dir='ltr'>κγ’.</span> <span class='ocrx_word' id='word_1_429' title='bbox 2498 1533 2563 1584; x_wconf 79' lang='grc' dir='ltr'><strong>Εἴ</strong></span> <span class='ocrx_word' id='word_1_430' title='bbox 2604 1549 2686 1594; x_wconf 89' lang='grc' dir='ltr'><strong>τις</strong></span> <span class='ocrx_word' id='word_1_431' title='bbox 2735 1531 2994 1600; x_wconf 73' lang='grc' dir='ltr'>κληρικδς</span> <span class='ocrx_word' id='word_1_432' title='bbox 3043 1530 3116 1582; x_wconf 75' lang='grc' dir='ltr'><strong>ὢν</strong></span> <span class='ocrx_word' id='word_1_433' title='bbox 3173 1527 3364 1581; x_wconf 74' lang='grc' dir='ltr'>ἑαυτὸν</span> <span class='ocrx_word' id='word_1_434' title='bbox 3419 1523 3855 1594; x_wconf 80' lang='grc' dir='ltr'>άκρωτηριάσει,</span> 
     </span>
    </p>
   </div>
   <div class='ocr_carea' id='block_1_71' title="bbox 2267 1617 3449 1696">
    <p class='ocr_par' dir='ltr' id='par_1_71' title="bbox 2267 1617 3449 1696">
     <span class='ocr_line' id='line_1_71' title="bbox 2267 1617 3449 1696; baseline -0.008 -18"><span class='ocrx_word' id='word_1_435' title='bbox 2267 1625 2634 1696; x_wconf 79' lang='grc' dir='ltr'>καθαιρείσθω</span> <span class='ocrx_word' id='word_1_436' title='bbox 2658 1642 2671 1656; x_wconf 75' lang='grc'><strong><em>⁸</em></strong></span> <span class='ocrx_word' id='word_1_437' title='bbox 2705 1626 2900 1692; x_wconf 70' lang='grc' dir='ltr'>φονεὺς</span> <span class='ocrx_word' id='word_1_438' title='bbox 2928 1627 3036 1692; x_wconf 81' lang='grc' dir='ltr'><strong>γάρ</strong></span> <span class='ocrx_word' id='word_1_439' title='bbox 3063 1625 3210 1675; x_wconf 88' lang='grc' dir='ltr'>ἐστιν</span> <span class='ocrx_word' id='word_1_440' title='bbox 3234 1617 3449 1673; x_wconf 80' lang='grc' dir='ltr'>ἐαυτοῦ.</span> 
     </span>
    </p>
   </div>
   <div class='ocr_carea' id='block_1_72' title="bbox 2336 1707 3857 1786">
    <p class='ocr_par' dir='ltr' id='par_1_72' title="bbox 2336 1707 3857 1786">
     <span class='ocr_line' id='line_1_72' title="bbox 2336 1707 3857 1786; baseline -0.009 -15"><span class='ocrx_word' id='word_1_441' title='bbox 2336 1725 2434 1771; x_wconf 88' lang='grc' dir='ltr'>κε’.</span> <span class='ocrx_word' id='word_1_442' title='bbox 2477 1718 2829 1781; x_wconf 77' lang='grc' dir='ltr'>Ἐπίσκοπος,</span> <span class='ocrx_word' id='word_1_443' title='bbox 2874 1717 2906 1786; x_wconf 83' lang='grc' dir='ltr'>ἢ</span> <span class='ocrx_word' id='word_1_444' title='bbox 2943 1713 3332 1786; x_wconf 88' lang='grc' dir='ltr'>πρεσϐύτερος,</span> <span class='ocrx_word' id='word_1_445' title='bbox 3375 1711 3407 1780; x_wconf 82' lang='grc' dir='ltr'>ἢ</span> <span class='ocrx_word' id='word_1_446' title='bbox 3448 1711 3732 1772; x_wconf 85' lang='grc' dir='ltr'>διάκονος,</span> <span class='ocrx_word' id='word_1_447' title='bbox 3772 1707 3857 1759; x_wconf 72' lang='grc' dir='ltr'><strong>ἐπὶ</strong></span> 
     </span>
    </p>
   </div>
   <div class='ocr_carea' id='block_1_73' title="bbox 2267 1801 3858 1883">
    <p class='ocr_par' dir='ltr' id='par_1_73' title="bbox 2267 1801 3858 1883">
     <span class='ocr_line' id='line_1_73' title="bbox 2267 1801 3858 1883; baseline -0.009 -18"><span class='ocrx_word' id='word_1_448' title='bbox 2267 1813 2493 1883; x_wconf 80' lang='grc' dir='ltr'>πορνείᾳ</span> <span class='ocrx_word' id='word_1_449' title='bbox 2535 1811 2568 1881; x_wconf 85' lang='grc' dir='ltr'>ἢ</span> <span class='ocrx_word' id='word_1_450' title='bbox 2620 1811 2894 1881; x_wconf 74' lang='grc' dir='ltr'>ἐπιορκία,</span> <span class='ocrx_word' id='word_1_451' title='bbox 2932 1810 2964 1880; x_wconf 86' lang='grc' dir='ltr'>ἢ</span> <span class='ocrx_word' id='word_1_452' title='bbox 3003 1811 3175 1877; x_wconf 77' lang='grc' dir='ltr'>κλοπῇ</span> <span class='ocrx_word' id='word_1_453' title='bbox 3229 1807 3430 1868; x_wconf 73' lang='grc' dir='ltr'>ἁλοὺς,</span> <span class='ocrx_word' id='word_1_454' title='bbox 3482 1801 3858 1872; x_wconf 81' lang='grc' dir='ltr'>καθαιρείσθω</span> 
     </span>
    </p>
   </div>
   <div class='ocr_carea' id='block_1_74' title="bbox 2266 1895 3857 1972">
    <p class='ocr_par' dir='ltr' id='par_1_74' title="bbox 2266 1895 3857 1972">
     <span class='ocr_line' id='line_1_74' title="bbox 2266 1895 3857 1972; baseline -0.008 -14"><span class='ocrx_word' id='word_1_455' title='bbox 2266 1904 2360 1958; x_wconf 74' lang='grc' dir='ltr'><strong>καὶ</strong></span> <span class='ocrx_word' id='word_1_456' title='bbox 2395 1904 2468 1972; x_wconf 85' lang='grc' dir='ltr'>μὴ</span> <span class='ocrx_word' id='word_1_457' title='bbox 2494 1901 2856 1971; x_wconf 55' lang='grc' dir='ltr'>άτοριζέσθω.</span> <span class='ocrx_word' id='word_1_458' title='bbox 2906 1901 3068 1968; x_wconf 90' lang='grc' dir='ltr'>Λέγει</span> <span class='ocrx_word' id='word_1_459' title='bbox 3098 1900 3204 1969; x_wconf 79' lang='grc' dir='ltr'><strong>γάρ</strong></span> <span class='ocrx_word' id='word_1_460' title='bbox 3235 1900 3269 1966; x_wconf 85' lang='grc' dir='ltr'>ὴ</span> <span class='ocrx_word' id='word_1_461' title='bbox 3300 1897 3491 1967; x_wconf 78' lang='grc' dir='ltr'>Γραφή</span> <span class='ocrx_word' id='word_1_462' title='bbox 3517 1913 3530 1926; x_wconf 85' lang='grc'><strong>·</strong></span> <span class='ocrx_word' id='word_1_463' title='bbox 3601 1897 3726 1948; x_wconf 79' lang='grc' dir='ltr'><strong>Οὐκ</strong></span> <span class='ocrx_word' id='word_1_464' title='bbox 3766 1895 3857 1946; x_wconf 79' lang='grc' dir='ltr'><strong>ἑκ-</strong></span> 
     </span>
    </p>
   </div>
   <div class='ocr_carea' id='block_1_75' title="bbox 2265 1984 3859 2060">
    <p class='ocr_par' dir='ltr' id='par_1_75' title="bbox 2265 1984 3859 2060">
     <span class='ocr_line' id='line_1_75' title="bbox 2265 1984 3859 2060; baseline -0.007 -14"><span class='ocrx_word' id='word_1_465' title='bbox 2265 1993 2536 2060; x_wconf 78' lang='grc' dir='ltr'>ὃικήσεις</span> <span class='ocrx_word' id='word_1_466' title='bbox 2562 1992 2656 2057; x_wconf 79' lang='grc' dir='ltr'>δὶς</span> <span class='ocrx_word' id='word_1_467' title='bbox 2677 1993 2772 2045; x_wconf 75' lang='grc' dir='ltr'>ἐπὶ</span> <span class='ocrx_word' id='word_1_468' title='bbox 2803 1993 2868 2045; x_wconf 85' lang='grc' dir='ltr'>τὸ</span> <span class='ocrx_word' id='word_1_469' title='bbox 2897 1994 3076 2046; x_wconf 79' lang='grc' dir='ltr'>αὑτό·</span> <span class='ocrx_word' id='word_1_470' title='bbox 3107 1989 3368 2052; x_wconf 80' lang='grc' dir='ltr'>ὡσαύτως</span> <span class='ocrx_word' id='word_1_471' title='bbox 3398 1988 3454 2040; x_wconf 81' lang='grc' dir='ltr'>δὲ</span> <span class='ocrx_word' id='word_1_472' title='bbox 3481 1987 3582 2040; x_wconf 76' lang='grc' dir='ltr'><strong>καὶ</strong></span> <span class='ocrx_word' id='word_1_473' title='bbox 3612 1987 3664 2038; x_wconf 85' lang='grc' dir='ltr'>οἱ</span> <span class='ocrx_word' id='word_1_474' title='bbox 3688 1984 3859 2037; x_wconf 66' lang='grc' dir='ltr'>λοιποὶ</span> 
     </span>
    </p>
   </div>
   <div class='ocr_carea' id='block_1_76' title="bbox 2267 2086 2540 2155">
    <p class='ocr_par' dir='ltr' id='par_1_76' title="bbox 2267 2086 2540 2155">
     <span class='ocr_line' id='line_1_76' title="bbox 2267 2086 2540 2155; baseline 0.004 -18"><span class='ocrx_word' id='word_1_475' title='bbox 2267 2086 2540 2155; x_wconf 78' lang='grc' dir='ltr'>κληρικοί.</span> 
     </span>
    </p>
   </div>
   <div class='ocr_carea' id='block_1_77' title="bbox 2337 2166 3859 2246">
    <p class='ocr_par' dir='ltr' id='par_1_77' title="bbox 2337 2166 3859 2246">
     <span class='ocr_line' id='line_1_77' title="bbox 2337 2166 3859 2246; baseline -0.007 -18"><span class='ocrx_word' id='word_1_476' title='bbox 2337 2175 2443 2240; x_wconf 87' lang='grc' dir='ltr'>κζ’.</span> <span class='ocrx_word' id='word_1_477' title='bbox 2490 2175 2904 2246; x_wconf 84' lang='grc' dir='ltr'>Ἐπίσκοπον,ἢ</span> <span class='ocrx_word' id='word_1_478' title='bbox 2950 2173 3340 2246; x_wconf 89' lang='grc' dir='ltr'>πρεσϐύτερον,</span> <span class='ocrx_word' id='word_1_479' title='bbox 3383 2174 3416 2243; x_wconf 80' lang='grc' dir='ltr'>ἦ</span> <span class='ocrx_word' id='word_1_480' title='bbox 3453 2174 3734 2230; x_wconf 81' lang='grc' dir='ltr'>διάκονον,</span> <span class='ocrx_word' id='word_1_481' title='bbox 3773 2166 3859 2220; x_wconf 85' lang='grc' dir='ltr'>τύ-</span> 
     </span>
    </p>
   </div>
   <div class='ocr_carea' id='block_1_78' title="bbox 2268 2262 3857 2339">
    <p class='ocr_par' dir='ltr' id='par_1_78' title="bbox 2268 2262 3857 2339">
     <span class='ocr_line' id='line_1_78' title="bbox 2268 2262 3857 2339; baseline -0.007 -16"><span class='ocrx_word' id='word_1_482' title='bbox 2268 2287 2469 2323; x_wconf 85' lang='grc' dir='ltr'>πτοντα</span> <span class='ocrx_word' id='word_1_483' title='bbox 2485 2268 3156 2339; x_wconf 82' lang='grc' dir='ltr'>πιστοὺςάμαρτάνοντας,</span> <span class='ocrx_word' id='word_1_484' title='bbox 3284 2266 3548 2328; x_wconf 81' lang='grc' dir='ltr'>ἀπίστους</span> <span class='ocrx_word' id='word_1_485' title='bbox 3562 2263 3857 2334; x_wconf 83' lang='grc' dir='ltr'>ἀδικήσαν-</span> 
     </span>
    </p>
   </div>
   <div class='ocr_carea' id='block_1_79' title="bbox 2267 2353 3858 2429">
    <p class='ocr_par' dir='ltr' id='par_1_79' title="bbox 2267 2353 3858 2429">
     <span class='ocr_line' id='line_1_79' title="bbox 2267 2353 3858 2429; baseline -0.008 -13"><span class='ocrx_word' id='word_1_486' title='bbox 2267 2380 2366 2425; x_wconf 90' lang='grc' dir='ltr'><strong>τας</strong></span> <span class='ocrx_word' id='word_1_487' title='bbox 2415 2361 2504 2415; x_wconf 74' lang='grc' dir='ltr'><strong>καὶ</strong></span> <span class='ocrx_word' id='word_1_488' title='bbox 2534 2362 2622 2414; x_wconf 77' lang='grc' dir='ltr'>διὰ</span> <span class='ocrx_word' id='word_1_489' title='bbox 2654 2363 2910 2416; x_wconf 88' lang='grc' dir='ltr'>τοιούτων</span> <span class='ocrx_word' id='word_1_490' title='bbox 2952 2361 3136 2429; x_wconf 85' lang='grc' dir='ltr'>φοϐεῖν</span> <span class='ocrx_word' id='word_1_491' title='bbox 3169 2360 3440 2418; x_wconf 81' lang='grc' dir='ltr'>ἐθέλοντα.</span> <span class='ocrx_word' id='word_1_492' title='bbox 3475 2353 3858 2426; x_wconf 84' lang='grc' dir='ltr'>καθαιρεῖσθαι</span> 
     </span>
    </p>
   </div>
   <div class='ocr_carea' id='block_1_80' title="bbox 2267 2446 3857 2526">
    <p class='ocr_par' dir='ltr' id='par_1_80' title="bbox 2267 2446 3857 2526">
     <span class='ocr_line' id='line_1_80' title="bbox 2267 2446 3857 2526; baseline -0.005 -20"><span class='ocrx_word' id='word_1_493' title='bbox 2267 2455 2697 2526; x_wconf 82' lang='grc' dir='ltr'>προστάσσομεν·</span> <span class='ocrx_word' id='word_1_494' title='bbox 2733 2454 2967 2524; x_wconf 80' lang='grc' dir='ltr'>ούδαμού</span> <span class='ocrx_word' id='word_1_495' title='bbox 2983 2454 3090 2524; x_wconf 83' lang='grc' dir='ltr'><strong>γάρ</strong></span> <span class='ocrx_word' id='word_1_496' title='bbox 3119 2457 3146 2507; x_wconf 86' lang='grc' dir='ltr'>ὁ</span> <span class='ocrx_word' id='word_1_497' title='bbox 3175 2455 3378 2524; x_wconf 83' lang='grc' dir='ltr'>Κύριος</span> <span class='ocrx_word' id='word_1_498' title='bbox 3405 2451 3566 2505; x_wconf 78' lang='grc' dir='ltr'>τοῦτο</span> <span class='ocrx_word' id='word_1_499' title='bbox 3588 2451 3740 2518; x_wconf 75' lang='grc' dir='ltr'>ἡμᾶς</span> <span class='ocrx_word' id='word_1_500' title='bbox 3759 2446 3857 2499; x_wconf 86' lang='grc' dir='ltr'>ἐδί-</span> 
     </span>
    </p>
   </div>
   <div class='ocr_carea' id='block_1_81' title="bbox 2265 2540 3856 2616">
    <p class='ocr_par' dir='ltr' id='par_1_81' title="bbox 2265 2540 3856 2616">
     <span class='ocr_line' id='line_1_81' title="bbox 2265 2540 3856 2616; baseline -0.009 -14"><span class='ocrx_word' id='word_1_501' title='bbox 2265 2547 2422 2611; x_wconf 82' lang='grc' dir='ltr'>δαξε·</span> <span class='ocrx_word' id='word_1_502' title='bbox 2475 2548 2781 2601; x_wconf 76' lang='grc' dir='ltr'>τούναντίον</span> <span class='ocrx_word' id='word_1_503' title='bbox 2819 2548 2875 2600; x_wconf 86' lang='grc' dir='ltr'><strong>δὲ</strong></span> <span class='ocrx_word' id='word_1_504' title='bbox 2925 2549 3086 2611; x_wconf 81' lang='grc' dir='ltr'>αὐτὸς</span> <span class='ocrx_word' id='word_1_505' title='bbox 3113 2547 3466 2616; x_wconf 71' lang='grc' dir='ltr'>τυπτόμενος,</span> <span class='ocrx_word' id='word_1_506' title='bbox 3500 2543 3608 2595; x_wconf 77' lang='grc' dir='ltr'><strong>οὐκ</strong></span> <span class='ocrx_word' id='word_1_507' title='bbox 3638 2540 3856 2594; x_wconf 86' lang='grc' dir='ltr'>άντέτυ-</span> 
     </span>
    </p>
   </div>
   <div class='ocr_carea' id='block_1_82' title="bbox 2267 2632 3858 2711">
    <p class='ocr_par' dir='ltr' id='par_1_82' title="bbox 2267 2632 3858 2711">
     <span class='ocr_line' id='line_1_82' title="bbox 2267 2632 3858 2711; baseline -0.003 -20"><span class='ocrx_word' id='word_1_508' title='bbox 2267 2655 2403 2692; x_wconf 79' lang='grc' dir='ltr'>πτε’</span> <span class='ocrx_word' id='word_1_509' title='bbox 2445 2640 2871 2711; x_wconf 85' lang='grc' dir='ltr'>λοιδορούμενος,</span> <span class='ocrx_word' id='word_1_510' title='bbox 2907 2643 3006 2695; x_wconf 86' lang='grc' dir='ltr'><strong>οὐκ</strong></span> <span class='ocrx_word' id='word_1_511' title='bbox 3049 2639 3438 2708; x_wconf 73' lang='grc' dir='ltr'>ἀντελοιδόρειο</span> <span class='ocrx_word' id='word_1_512' title='bbox 3483 2637 3737 2704; x_wconf 84' lang='grc' dir='ltr'>πάσχων,</span> <span class='ocrx_word' id='word_1_513' title='bbox 3764 2632 3858 2684; x_wconf 69' lang='grc' dir='ltr'>οὒκ</span> 
     </span>
    </p>
   </div>
   <div class='ocr_carea' id='block_1_83' title="bbox 2268 2729 2506 2799">
    <p class='ocr_par' dir='ltr' id='par_1_83' title="bbox 2268 2729 2506 2799">
     <span class='ocr_line' id='line_1_83' title="bbox 2268 2729 2506 2799; baseline -0.004 -16"><span class='ocrx_word' id='word_1_514' title='bbox 2268 2729 2506 2799; x_wconf 69' lang='grc' dir='ltr'>ἠπείλει.</span> 
     </span>
    </p>
   </div>
   <div class='ocr_carea' id='block_1_84' title="bbox 2345 2821 3722 2892">
    <p class='ocr_par' dir='ltr' id='par_1_84' title="bbox 2345 2821 3722 2892">
     <span class='ocr_line' id='line_1_84' title="bbox 2345 2821 3722 2892; baseline -0.001 -15"><span class='ocrx_word' id='word_1_515' title='bbox 2345 2823 2449 2878; x_wconf 90' lang='grc' dir='ltr'>κθ’.</span> <span class='ocrx_word' id='word_1_516' title='bbox 2490 2823 2557 2878; x_wconf 75' lang='grc' dir='ltr'><strong>Εἴ</strong></span> <span class='ocrx_word' id='word_1_517' title='bbox 2583 2841 2667 2887; x_wconf 89' lang='grc' dir='ltr'><strong>τις</strong></span> <span class='ocrx_word' id='word_1_518' title='bbox 2696 2822 2992 2885; x_wconf 80' lang='grc' dir='ltr'>ἐπίσκοπος</span> <span class='ocrx_word' id='word_1_519' title='bbox 3021 2821 3107 2875; x_wconf 84' lang='grc' dir='ltr'>διὰ</span> <span class='ocrx_word' id='word_1_520' title='bbox 3138 2823 3458 2892; x_wconf 85' lang='grc' dir='ltr'>χρημάτων,</span> <span class='ocrx_word' id='word_1_521' title='bbox 3497 2841 3554 2877; x_wconf 91' lang='grc' dir='ltr'><strong>κ.</strong></span> <span class='ocrx_word' id='word_1_522' title='bbox 3584 2841 3636 2876; x_wconf 88' lang='grc' dir='ltr'>τ.</span> <span class='ocrx_word' id='word_1_523' title='bbox 3670 2823 3722 2876; x_wconf 93' lang='grc' dir='ltr'><strong>λ.</strong></span> 
     </span>
    </p>
   </div>
   <div class='ocr_carea' id='block_1_85' title="bbox 2339 2998 3853 3074">
    <p class='ocr_par' dir='ltr' id='par_1_85' title="bbox 2339 2998 3853 3074">
     <span class='ocr_line' id='line_1_85' title="bbox 2339 2998 3853 3074; baseline -0.006 -14"><span class='ocrx_word' id='word_1_524' title='bbox 2339 3009 2404 3061; x_wconf 84' lang='grc' dir='ltr'>λ’.</span> <span class='ocrx_word' id='word_1_525' title='bbox 2459 3007 2528 3060; x_wconf 70' lang='lat' dir='ltr'><strong>EE</strong></span> <span class='ocrx_word' id='word_1_526' title='bbox 2563 3025 2644 3069; x_wconf 88' lang='grc' dir='ltr'><strong>τις</strong></span> <span class='ocrx_word' id='word_1_527' title='bbox 2688 3005 2986 3068; x_wconf 85' lang='grc' dir='ltr'>ἐπίσκοπος</span> <span class='ocrx_word' id='word_1_528' title='bbox 3037 3005 3323 3074; x_wconf 84' lang='grc' dir='ltr'>κοσμικοῖς</span> <span class='ocrx_word' id='word_1_529' title='bbox 3375 3001 3612 3074; x_wconf 82' lang='grc' dir='ltr'>ἄρχουσι</span> <span class='ocrx_word' id='word_1_530' title='bbox 3651 2998 3853 3071; x_wconf 82' lang='grc' dir='ltr'>χρησά-</span> 
     </span>
    </p>
   </div>
   <div class='ocr_carea' id='block_1_86' title="bbox 2193 3095 2707 3207">
    <p class='ocr_par' dir='ltr' id='par_1_86' title="bbox 2193 3095 2707 3207">
     <span class='ocr_line' id='line_1_86' title="bbox 2193 3095 2707 3207; baseline -0.004 -57"><span class='ocrx_word' id='word_1_531' title='bbox 2193 3145 2237 3207; x_wconf 78' lang='lat' dir='ltr'>C</span> <span class='ocrx_word' id='word_1_532' title='bbox 2273 3114 2452 3169; x_wconf 87' lang='grc' dir='ltr'>μενος,</span> <span class='ocrx_word' id='word_1_533' title='bbox 2483 3113 2538 3151; x_wconf 89' lang='grc' dir='ltr'><strong>κ.</strong></span> <span class='ocrx_word' id='word_1_534' title='bbox 2569 3113 2620 3151; x_wconf 88' lang='grc' dir='ltr'><strong>τ.</strong></span> <span class='ocrx_word' id='word_1_535' title='bbox 2657 3095 2707 3148; x_wconf 89' lang='grc' dir='ltr'><strong>λ.</strong></span> 
     </span>
    </p>
   </div>
   <div class='ocr_carea' id='block_1_87' title="bbox 2343 3185 3852 3260">
    <p class='ocr_par' dir='ltr' id='par_1_87' title="bbox 2343 3185 3852 3260">
     <span class='ocr_line' id='line_1_87' title="bbox 2343 3185 3852 3260; baseline -0.005 -18"><span class='ocrx_word' id='word_1_536' title='bbox 2343 3191 2445 3244; x_wconf 80' lang='grc' dir='ltr'>λα’.</span> <span class='ocrx_word' id='word_1_537' title='bbox 2489 3190 2554 3242; x_wconf 87' lang='grc' dir='ltr'>Εἴ</span> <span class='ocrx_word' id='word_1_538' title='bbox 2592 3207 2675 3253; x_wconf 89' lang='grc' dir='ltr'><strong>τις</strong></span> <span class='ocrx_word' id='word_1_539' title='bbox 2725 3188 3096 3259; x_wconf 87' lang='grc' dir='ltr'>πρεσϐύτερος</span> <span class='ocrx_word' id='word_1_540' title='bbox 3128 3189 3552 3260; x_wconf 82' lang='grc' dir='ltr'>καταφρονήσας</span> <span class='ocrx_word' id='word_1_541' title='bbox 3602 3186 3696 3241; x_wconf 83' lang='grc' dir='ltr'>τοῦ</span> <span class='ocrx_word' id='word_1_542' title='bbox 3729 3185 3852 3239; x_wconf 76' lang='grc' dir='ltr'>ἰδίου</span> 
     </span>
    </p>
   </div>
   <div class='ocr_carea' id='block_1_88' title="bbox 2273 3279 3395 3352">
    <p class='ocr_par' dir='ltr' id='par_1_88' title="bbox 2273 3279 3395 3352">
     <span class='ocr_line' id='line_1_88' title="bbox 2273 3279 3395 3352; baseline -0.001 -17"><span class='ocrx_word' id='word_1_543' title='bbox 2273 3281 2597 3346; x_wconf 72' lang='grc' dir='ltr'>ἐπισκόπου,</span> <span class='ocrx_word' id='word_1_544' title='bbox 2629 3279 2799 3351; x_wconf 73' lang='grc' dir='ltr'>χωρὶς</span> <span class='ocrx_word' id='word_1_545' title='bbox 2833 3279 3138 3352; x_wconf 83' lang='grc' dir='ltr'>συναγάγῃ,</span> <span class='ocrx_word' id='word_1_546' title='bbox 3175 3297 3230 3333; x_wconf 89' lang='grc' dir='ltr'><strong>κ.</strong></span> <span class='ocrx_word' id='word_1_547' title='bbox 3261 3297 3307 3332; x_wconf 88' lang='grc' dir='ltr'><strong>τ.</strong></span> <span class='ocrx_word' id='word_1_548' title='bbox 3345 3279 3395 3334; x_wconf 90' lang='grc' dir='ltr'>λ.</span> 
     </span>
    </p>
   </div>
   <div class='ocr_carea' id='block_1_89' title="bbox 2343 3460 3850 3534">
    <p class='ocr_par' dir='ltr' id='par_1_89' title="bbox 2343 3460 3850 3534">
     <span class='ocr_line' id='line_1_89' title="bbox 2343 3460 3850 3534; baseline -0.005 -18"><span class='ocrx_word' id='word_1_549' title='bbox 2343 3464 2438 3518; x_wconf 90' lang='grc' dir='ltr'>λε’.</span> <span class='ocrx_word' id='word_1_550' title='bbox 2493 3465 2821 3518; x_wconf 90' lang='grc' dir='ltr'>Ἐπίσκοπον</span> <span class='ocrx_word' id='word_1_551' title='bbox 2851 3463 2924 3534; x_wconf 86' lang='grc' dir='ltr'>μὴ</span> <span class='ocrx_word' id='word_1_552' title='bbox 2951 3463 3154 3534; x_wconf 81' lang='grc' dir='ltr'>τολμᾷν</span> <span class='ocrx_word' id='word_1_553' title='bbox 3186 3460 3291 3526; x_wconf 80' lang='grc' dir='ltr'><strong>ἔξω</strong></span> <span class='ocrx_word' id='word_1_554' title='bbox 3319 3461 3428 3514; x_wconf 82' lang='grc' dir='ltr'><strong>τῶν</strong></span> <span class='ocrx_word' id='word_1_555' title='bbox 3466 3460 3668 3516; x_wconf 78' lang='grc' dir='ltr'>ἐαυτοῦ</span> <span class='ocrx_word' id='word_1_556' title='bbox 3697 3462 3850 3529; x_wconf 80' lang='grc' dir='ltr'>ὅρων,</span> 
     </span>
    </p>
   </div>
   <div class='ocr_carea' id='block_1_90' title="bbox 2271 3549 3851 3628">
    <p class='ocr_par' dir='ltr' id='par_1_90' title="bbox 2271 3549 3851 3628">
     <span class='ocr_line' id='line_1_90' title="bbox 2271 3549 3851 3628; baseline -0.005 -16"><span class='ocrx_word' id='word_1_557' title='bbox 2271 3560 2607 3628; x_wconf 86' lang='grc' dir='ltr'>χειροτονίας</span> <span class='ocrx_word' id='word_1_558' title='bbox 2652 3558 2923 3611; x_wconf 88' lang='grc' dir='ltr'>ποιεῖσθαι</span> <span class='ocrx_word' id='word_1_559' title='bbox 2972 3559 3050 3620; x_wconf 86' lang='grc' dir='ltr'><strong>είς</strong></span> <span class='ocrx_word' id='word_1_560' title='bbox 3078 3558 3176 3621; x_wconf 83' lang='grc' dir='ltr'><strong>τάς</strong></span> <span class='ocrx_word' id='word_1_561' title='bbox 3213 3556 3287 3628; x_wconf 83' lang='grc' dir='ltr'>μὴ</span> <span class='ocrx_word' id='word_1_562' title='bbox 3318 3556 3687 3625; x_wconf 83' lang='grc' dir='ltr'>ὑποκειμένας</span> <span class='ocrx_word' id='word_1_563' title='bbox 3714 3549 3851 3620; x_wconf 80' lang='grc' dir='ltr'>αὐτῷ</span> 
     </span>
    </p>
   </div>
   <div class='ocr_carea' id='block_1_91' title="bbox 2275 3642 3849 3720">
    <p class='ocr_par' dir='ltr' id='par_1_91' title="bbox 2275 3642 3849 3720">
     <span class='ocr_line' id='line_1_91' title="bbox 2275 3642 3849 3720; baseline -0.005 -17"><span class='ocrx_word' id='word_1_564' title='bbox 2275 3650 2458 3713; x_wconf 82' lang='grc' dir='ltr'>πόλεις</span> <span class='ocrx_word' id='word_1_565' title='bbox 2484 3650 2579 3703; x_wconf 72' lang='grc' dir='ltr'><strong>καὶ</strong></span> <span class='ocrx_word' id='word_1_566' title='bbox 2607 3647 2788 3720; x_wconf 85' lang='grc' dir='ltr'>χώρας</span> <span class='ocrx_word' id='word_1_567' title='bbox 2812 3665 2826 3680; x_wconf 78' lang='grc' dir='ltr'><strong>ο</strong></span> <span class='ocrx_word' id='word_1_568' title='bbox 2875 3650 2922 3700; x_wconf 85' lang='grc' dir='ltr'><strong>εί</strong></span> <span class='ocrx_word' id='word_1_569' title='bbox 2951 3647 3009 3700; x_wconf 85' lang='grc' dir='ltr'>δὲ</span> <span class='ocrx_word' id='word_1_570' title='bbox 3043 3648 3326 3718; x_wconf 82' lang='grc' dir='ltr'>ἐλεγχθείη</span> <span class='ocrx_word' id='word_1_571' title='bbox 3352 3647 3513 3701; x_wconf 81' lang='grc' dir='ltr'>τοῦτο</span> <span class='ocrx_word' id='word_1_572' title='bbox 3544 3642 3849 3714; x_wconf 74' lang='grc' dir='ltr'>πεποιηκὼς</span> 
     </span>
    </p>
   </div>
   <div class='ocr_carea' id='block_1_92' title="bbox 2274 3733 3850 3813">
    <p class='ocr_par' dir='ltr' id='par_1_92' title="bbox 2274 3733 3850 3813">
     <span class='ocr_line' id='line_1_92' title="bbox 2274 3733 3850 3813; baseline 0 -17"><span class='ocrx_word' id='word_1_573' title='bbox 2274 3743 2429 3812; x_wconf 81' lang='grc' dir='ltr'>παρὰ</span> <span class='ocrx_word' id='word_1_574' title='bbox 2453 3743 2550 3813; x_wconf 79' lang='grc' dir='ltr'><strong>τὴν</strong></span> <span class='ocrx_word' id='word_1_575' title='bbox 2583 3742 2692 3794; x_wconf 80' lang='grc' dir='ltr'><strong>τῶν</strong></span> <span class='ocrx_word' id='word_1_576' title='bbox 2720 3743 3056 3812; x_wconf 84' lang='grc' dir='ltr'>κατεχόντων</span> <span class='ocrx_word' id='word_1_577' title='bbox 3089 3742 3187 3805; x_wconf 87' lang='grc' dir='ltr'><strong>τὰς</strong></span> <span class='ocrx_word' id='word_1_578' title='bbox 3222 3742 3406 3796; x_wconf 80' lang='grc' dir='ltr'>πόλεις</span> <span class='ocrx_word' id='word_1_579' title='bbox 3449 3741 3670 3802; x_wconf 86' lang='grc' dir='ltr'>ἐκείνας</span> <span class='ocrx_word' id='word_1_580' title='bbox 3699 3739 3729 3808; x_wconf 84' lang='grc' dir='ltr'>ῆ</span> <span class='ocrx_word' id='word_1_581' title='bbox 3761 3733 3850 3796; x_wconf 84' lang='grc' dir='ltr'><strong>τὰς</strong></span> 
     </span>
    </p>
   </div>
   <div class='ocr_carea' id='block_1_93' title="bbox 2275 3831 3849 3907">
    <p class='ocr_par' dir='ltr' id='par_1_93' title="bbox 2275 3831 3849 3907">
     <span class='ocr_line' id='line_1_93' title="bbox 2275 3831 3849 3907; baseline -0.008 -16"><span class='ocrx_word' id='word_1_582' title='bbox 2275 3835 2460 3905; x_wconf 83' lang='grc' dir='ltr'>χώρας</span> <span class='ocrx_word' id='word_1_583' title='bbox 2487 3837 2734 3907; x_wconf 82' lang='grc' dir='ltr'>γνώμην,</span> <span class='ocrx_word' id='word_1_584' title='bbox 2765 3835 3132 3907; x_wconf 85' lang='grc' dir='ltr'>καθαιρείσθω</span> <span class='ocrx_word' id='word_1_585' title='bbox 3161 3834 3255 3888; x_wconf 71' lang='grc' dir='ltr'><strong>καὶ</strong></span> <span class='ocrx_word' id='word_1_586' title='bbox 3289 3833 3451 3896; x_wconf 80' lang='grc' dir='ltr'>αὐτὸς</span> <span class='ocrx_word' id='word_1_587' title='bbox 3477 3836 3575 3886; x_wconf 72' lang='grc' dir='ltr'>καὶ</span> <span class='ocrx_word' id='word_1_588' title='bbox 3604 3831 3696 3895; x_wconf 81' lang='grc' dir='ltr'><strong>οὓς</strong></span> <span class='ocrx_word' id='word_1_589' title='bbox 3716 3832 3849 3899; x_wconf 80' lang='grc' dir='ltr'>ἐχει-</span> 
     </span>
    </p>
   </div>
   <div class='ocr_carea' id='block_1_94' title="bbox 2277 3929 2552 4000">
    <p class='ocr_par' dir='ltr' id='par_1_94' title="bbox 2277 3929 2552 4000">
     <span class='ocr_line' id='line_1_94' title="bbox 2277 3929 2552 4000; baseline 0 -18"><span class='ocrx_word' id='word_1_590' title='bbox 2277 3929 2552 4000; x_wconf 85' lang='grc' dir='ltr'>ροτόνησε.</span> 
     </span>
    </p>
   </div>
   <div class='ocr_carea' id='block_1_95' title="bbox 2350 4013 3843 4093">
    <p class='ocr_par' dir='ltr' id='par_1_95' title="bbox 2350 4013 3843 4093">
     <span class='ocr_line' id='line_1_95' title="bbox 2350 4013 3843 4093; baseline -0.006 -17"><span class='ocrx_word' id='word_1_591' title='bbox 2350 4022 2457 4093; x_wconf 85' lang='grc' dir='ltr'>μβ’.</span> <span class='ocrx_word' id='word_1_592' title='bbox 2503 4023 2852 4088; x_wconf 84' lang='grc' dir='ltr'>Ἐπίσκοπος,</span> <span class='ocrx_word' id='word_1_593' title='bbox 2896 4023 2928 4093; x_wconf 85' lang='grc' dir='ltr'>ἢ</span> <span class='ocrx_word' id='word_1_594' title='bbox 2961 4021 3349 4091; x_wconf 86' lang='grc' dir='ltr'>πρεσϐύτερος,</span> <span class='ocrx_word' id='word_1_595' title='bbox 3392 4021 3424 4090; x_wconf 74' lang='grc' dir='ltr'><strong>ἢ</strong></span> <span class='ocrx_word' id='word_1_596' title='bbox 3457 4019 3725 4080; x_wconf 84' lang='grc' dir='ltr'>διάκονος,</span> <span class='ocrx_word' id='word_1_597' title='bbox 3756 4013 3843 4066; x_wconf 92' lang='grc' dir='ltr'>κύ·</span> 
     </span>
    </p>
   </div>
   <div class='ocr_carea' id='block_1_96' title="bbox 2275 4106 3845 4185">
    <p class='ocr_par' dir='ltr' id='par_1_96' title="bbox 2275 4106 3845 4185">
     <span class='ocr_line' id='line_1_96' title="bbox 2275 4106 3845 4185; baseline -0.004 -19"><span class='ocrx_word' id='word_1_598' title='bbox 2275 4113 2388 4176; x_wconf 86' lang='grc' dir='ltr'>ϐοις</span> <span class='ocrx_word' id='word_1_599' title='bbox 2435 4113 2709 4185; x_wconf 81' lang='grc' dir='ltr'>σχολάζων</span> <span class='ocrx_word' id='word_1_600' title='bbox 2743 4114 2838 4167; x_wconf 75' lang='grc' dir='ltr'><strong>καὶ</strong></span> <span class='ocrx_word' id='word_1_601' title='bbox 2888 4113 3102 4183; x_wconf 80' lang='grc' dir='ltr'>μέθαις,</span> <span class='ocrx_word' id='word_1_602' title='bbox 3148 4113 3181 4183; x_wconf 81' lang='grc' dir='ltr'><strong>ἦ</strong></span> <span class='ocrx_word' id='word_1_603' title='bbox 3234 4111 3626 4180; x_wconf 86' lang='grc' dir='ltr'>παυσάσθω,ἢ</span> <span class='ocrx_word' id='word_1_604' title='bbox 3671 4106 3845 4161; x_wconf 82' lang='grc' dir='ltr'>καθαι-</span> 
     </span>
    </p>
   </div>
   <div class='ocr_carea' id='block_1_97' title="bbox 2278 4204 2494 4272">
    <p class='ocr_par' dir='ltr' id='par_1_97' title="bbox 2278 4204 2494 4272">
     <span class='ocr_line' id='line_1_97' title="bbox 2278 4204 2494 4272; baseline 0.005 -14"><span class='ocrx_word' id='word_1_605' title='bbox 2278 4204 2494 4272; x_wconf 87' lang='grc' dir='ltr'>ρείσθω.</span> 
     </span>
    </p>
   </div>
   <div class='ocr_carea' id='block_1_98' title="bbox 2350 4307 3842 4389">
    <p class='ocr_par' dir='ltr' id='par_1_98' title="bbox 2350 4307 3842 4389">
     <span class='ocr_line' id='line_1_98' title="bbox 2350 4307 3842 4389; baseline -0.009 -16"><span class='ocrx_word' id='word_1_606' title='bbox 2350 4318 2451 4389; x_wconf 86' lang='grc' dir='ltr'>μδ’.</span> <span class='ocrx_word' id='word_1_607' title='bbox 2505 4316 2856 4382; x_wconf 86' lang='grc' dir='ltr'>Ἐπίσκοπος,</span> <span class='ocrx_word' id='word_1_608' title='bbox 2903 4317 2936 4389; x_wconf 78' lang='grc' dir='ltr'><strong>ἢ</strong></span> <span class='ocrx_word' id='word_1_609' title='bbox 2975 4315 3367 4388; x_wconf 87' lang='grc' dir='ltr'>πρεσϐύτερος,</span> <span class='ocrx_word' id='word_1_610' title='bbox 3405 4316 3438 4383; x_wconf 81' lang='grc' dir='ltr'>ἢ</span> <span class='ocrx_word' id='word_1_611' title='bbox 3469 4317 3731 4377; x_wconf 89' lang='grc' dir='ltr'>διάκονος,</span> <span class='ocrx_word' id='word_1_612' title='bbox 3765 4307 3842 4362; x_wconf 76' lang='grc' dir='ltr'><strong>τό·</strong></span> 
     </span>
    </p>
   </div>
   <div class='ocr_carea' id='block_1_99' title="bbox 2275 4393 3842 4480">
    <p class='ocr_par' dir='ltr' id='par_1_99' title="bbox 2275 4393 3842 4480">
     <span class='ocr_line' id='line_1_99' title="bbox 2275 4393 3842 4480; baseline -0.004 -18"><span class='ocrx_word' id='word_1_613' title='bbox 2275 4427 2408 4473; x_wconf 85' lang='grc' dir='ltr'>κους</span> <span class='ocrx_word' id='word_1_614' title='bbox 2453 4411 2699 4464; x_wconf 85' lang='grc' dir='ltr'>ἀπαιτῶν</span> <span class='ocrx_word' id='word_1_615' title='bbox 2745 4411 2871 4474; x_wconf 80' lang='grc' dir='ltr'>τοὺς</span> <span class='ocrx_word' id='word_1_616' title='bbox 2921 4393 3354 4480; x_wconf 78' lang='grc' dir='ltr'>δανειζομένους,</span> <span class='ocrx_word' id='word_1_617' title='bbox 3393 4409 3426 4480; x_wconf 85' lang='grc' dir='ltr'>ἢ</span> <span class='ocrx_word' id='word_1_618' title='bbox 3469 4397 3842 4467; x_wconf 81' lang='grc' dir='ltr'>παυσάσθω,ἢ</span> 
     </span>
    </p>
   </div>
   <div class='ocr_carea' id='block_1_100' title="bbox 2201 4479 2668 4572">
    <p class='ocr_par' dir='ltr' id='par_1_100' title="bbox 2201 4479 2668 4572">
     <span class='ocr_line' id='line_1_100' title="bbox 2201 4479 2668 4572; baseline 0 -19"><span class='ocrx_word' id='word_1_619' title='bbox 2201 4479 2246 4535; x_wconf 81' lang='grc' dir='ltr'><strong>Ῑ)</strong></span> <span class='ocrx_word' id='word_1_620' title='bbox 2277 4499 2668 4572; x_wconf 88' lang='grc' dir='ltr'>καθαιρείσθω.</span> 
     </span>
    </p>
   </div>
   <div class='ocr_carea' id='block_1_101' title="bbox 2351 4579 3839 4663">
    <p class='ocr_par' dir='ltr' id='par_1_101' title="bbox 2351 4579 3839 4663">
     <span class='ocr_line' id='line_1_101' title="bbox 2351 4579 3839 4663; baseline -0.008 -19"><span class='ocrx_word' id='word_1_621' title='bbox 2351 4599 2453 4663; x_wconf 85' lang='grc' dir='ltr'>με’.</span> <span class='ocrx_word' id='word_1_622' title='bbox 2503 4591 2855 4652; x_wconf 84' lang='grc' dir='ltr'>Ἐπίσκοπος,</span> <span class='ocrx_word' id='word_1_623' title='bbox 2904 4590 2937 4660; x_wconf 82' lang='grc' dir='ltr'>ἢ</span> <span class='ocrx_word' id='word_1_624' title='bbox 2982 4589 3375 4661; x_wconf 85' lang='grc' dir='ltr'>πρεσϐύτερος,</span> <span class='ocrx_word' id='word_1_625' title='bbox 3407 4589 3440 4659; x_wconf 82' lang='grc' dir='ltr'>ἢ</span> <span class='ocrx_word' id='word_1_626' title='bbox 3471 4589 3733 4649; x_wconf 87' lang='grc' dir='ltr'>διάκονος,</span> <span class='ocrx_word' id='word_1_627' title='bbox 3764 4579 3839 4633; x_wconf 78' lang='grc' dir='ltr'><strong>αἱ·</strong></span> 
     </span>
    </p>
   </div>
   <div class='ocr_carea' id='block_1_102' title="bbox 2276 4679 3415 4752">
    <p class='ocr_par' dir='ltr' id='par_1_102' title="bbox 2276 4679 3415 4752">
     <span class='ocr_line' id='line_1_102' title="bbox 2276 4679 3415 4752; baseline -0.004 -17"><span class='ocrx_word' id='word_1_628' title='bbox 2276 4683 2510 4752; x_wconf 83' lang='grc' dir='ltr'>ρετικοῖς</span> <span class='ocrx_word' id='word_1_629' title='bbox 2543 4680 2940 4751; x_wconf 79' lang='grc' dir='ltr'>συνευξάμενος</span> <span class='ocrx_word' id='word_1_630' title='bbox 2975 4681 3154 4751; x_wconf 85' lang='grc' dir='ltr'>μόνον,</span> <span class='ocrx_word' id='word_1_631' title='bbox 3189 4697 3243 4734; x_wconf 88' lang='grc' dir='ltr'><strong>κ.</strong></span> <span class='ocrx_word' id='word_1_632' title='bbox 3275 4698 3326 4733; x_wconf 88' lang='grc' dir='ltr'><strong>τ.</strong></span> <span class='ocrx_word' id='word_1_633' title='bbox 3366 4679 3415 4732; x_wconf 94' lang='grc' dir='ltr'><strong>λ.</strong></span> 
     </span>
    </p>
   </div>
   <div class='ocr_carea' id='block_1_103' title="bbox 2348 4852 3838 4939">
    <p class='ocr_par' dir='ltr' id='par_1_103' title="bbox 2348 4852 3838 4939">
     <span class='ocr_line' id='line_1_103' title="bbox 2348 4852 3838 4939; baseline -0.007 -14"><span class='ocrx_word' id='word_1_634' title='bbox 2348 4876 2467 4939; x_wconf 84' lang='grc' dir='ltr'>μς’.</span> <span class='ocrx_word' id='word_1_635' title='bbox 2505 4864 2858 4934; x_wconf 86' lang='grc' dir='ltr'>Ἐπίσκοπον,</span> <span class='ocrx_word' id='word_1_636' title='bbox 2888 4868 2920 4939; x_wconf 85' lang='grc' dir='ltr'>ἦ</span> <span class='ocrx_word' id='word_1_637' title='bbox 2957 4866 3346 4938; x_wconf 87' lang='grc' dir='ltr'>πρεσϐύτερον,</span> <span class='ocrx_word' id='word_1_638' title='bbox 3381 4860 3672 4935; x_wconf 83' lang='grc' dir='ltr'>αἱρετικῶν</span> <span class='ocrx_word' id='word_1_639' title='bbox 3702 4852 3838 4916; x_wconf 57' lang='grc' dir='ltr'>δείξω</span> 
     </span>
    </p>
   </div>
   <div class='ocr_carea' id='block_1_104' title="bbox 2277 4958 3360 5034">
    <p class='ocr_par' dir='ltr' id='par_1_104' title="bbox 2277 4958 3360 5034">
     <span class='ocr_line' id='line_1_104' title="bbox 2277 4958 3360 5034; baseline -0.005 -17"><span class='ocrx_word' id='word_1_640' title='bbox 2277 4963 2472 5033; x_wconf 87' lang='grc' dir='ltr'>μένους</span> <span class='ocrx_word' id='word_1_641' title='bbox 2508 4963 2791 5034; x_wconf 87' lang='grc' dir='ltr'>βάπτισμα</span> <span class='ocrx_word' id='word_1_642' title='bbox 2819 4961 2852 5032; x_wconf 80' lang='grc' dir='ltr'><strong>ἢ</strong></span> <span class='ocrx_word' id='word_1_643' title='bbox 2882 4961 3095 5026; x_wconf 89' lang='grc' dir='ltr'>θυσίαν,</span> <span class='ocrx_word' id='word_1_644' title='bbox 3132 4978 3185 5013; x_wconf 92' lang='grc' dir='ltr'>κ.</span> <span class='ocrx_word' id='word_1_645' title='bbox 3222 4977 3274 5012; x_wconf 92' lang='grc' dir='ltr'><strong>τ.</strong></span> <span class='ocrx_word' id='word_1_646' title='bbox 3309 4958 3360 5012; x_wconf 88' lang='grc' dir='ltr'><strong>λ.</strong></span> 
     </span>
    </p>
   </div>
   <div class='ocr_carea' id='block_1_105' title="bbox 2348 5131 3834 5217">
    <p class='ocr_par' dir='ltr' id='par_1_105' title="bbox 2348 5131 3834 5217">
     <span class='ocr_line' id='line_1_105' title="bbox 2348 5131 3834 5217; baseline -0.013 -16"><span class='ocrx_word' id='word_1_647' title='bbox 2348 5146 2455 5217; x_wconf 62' lang='grc' dir='ltr'><strong>μζ.</strong></span> <span class='ocrx_word' id='word_1_648' title='bbox 2484 5147 2864 5217; x_wconf 84' lang='grc' dir='ltr'>Ἐπίσκοποςῆ</span> <span class='ocrx_word' id='word_1_649' title='bbox 2889 5145 3280 5215; x_wconf 85' lang='grc' dir='ltr'>πρεσϐύτερος,</span> <span class='ocrx_word' id='word_1_650' title='bbox 3306 5141 3400 5196; x_wconf 82' lang='grc' dir='ltr'><strong>τὸν</strong></span> <span class='ocrx_word' id='word_1_651' title='bbox 3430 5139 3570 5195; x_wconf 83' lang='grc' dir='ltr'>κατὰ</span> <span class='ocrx_word' id='word_1_652' title='bbox 3596 5131 3834 5204; x_wconf 82' lang='grc' dir='ltr'>ἀλήθειαν</span> 
     </span>
    </p>
   </div>
   <div class='ocr_carea' id='block_1_106' title="bbox 2273 5237 3025 5310">
    <p class='ocr_par' dir='ltr' id='par_1_106' title="bbox 2273 5237 3025 5310">
     <span class='ocr_line' id='line_1_106' title="bbox 2273 5237 3025 5310; baseline -0.001 -19"><span class='ocrx_word' id='word_1_653' title='bbox 2273 5239 2461 5310; x_wconf 82' lang='grc' dir='ltr'>ἔχοντα</span> <span class='ocrx_word' id='word_1_654' title='bbox 2492 5237 2796 5308; x_wconf 85' lang='grc' dir='ltr'>βάπτισμα,</span> <span class='ocrx_word' id='word_1_655' title='bbox 2821 5255 2875 5290; x_wconf 90' lang='grc' dir='ltr'>κ.</span> <span class='ocrx_word' id='word_1_656' title='bbox 2899 5254 2951 5289; x_wconf 91' lang='grc' dir='ltr'><strong>τ.</strong></span> <span class='ocrx_word' id='word_1_657' title='bbox 2976 5237 3025 5290; x_wconf 90' lang='grc' dir='ltr'><strong>λ.</strong></span> 
     </span>
    </p>
   </div>
   <div class='ocr_carea' id='block_1_107' title="bbox 2348 5310 3831 5401">
    <p class='ocr_par' dir='ltr' id='par_1_107' title="bbox 2348 5310 3831 5401">
     <span class='ocr_line' id='line_1_107' title="bbox 2348 5310 3831 5401; baseline -0.002 -18"><span class='ocrx_word' id='word_1_658' title='bbox 2348 5331 2454 5400; x_wconf 84' lang='grc' dir='ltr'>μΘ’.</span> <span class='ocrx_word' id='word_1_659' title='bbox 2497 5331 2562 5383; x_wconf 81' lang='lat' dir='ltr'><strong>El’</strong></span> <span class='ocrx_word' id='word_1_660' title='bbox 2589 5348 2672 5393; x_wconf 89' lang='grc' dir='ltr'><strong>τις</strong></span> <span class='ocrx_word' id='word_1_661' title='bbox 2716 5331 3016 5394; x_wconf 82' lang='grc' dir='ltr'>ἐπίσκοπος</span> <span class='ocrx_word' id='word_1_662' title='bbox 3063 5336 3095 5400; x_wconf 81' lang='grc' dir='ltr'>ἢ</span> <span class='ocrx_word' id='word_1_663' title='bbox 3133 5328 3526 5401; x_wconf 85' lang='grc' dir='ltr'>πρεσϐύτερος,</span> <span class='ocrx_word' id='word_1_664' title='bbox 3573 5319 3709 5380; x_wconf 74' lang='grc' dir='ltr'>κατὰ</span> <span class='ocrx_word' id='word_1_665' title='bbox 3748 5310 3831 5380; x_wconf 61' lang='grc' dir='ltr'><strong>τὴν</strong></span> 
     </span>
    </p>
   </div>
   <div class='ocr_carea' id='block_1_108' title="bbox 2272 5423 3141 5496">
    <p class='ocr_par' dir='ltr' id='par_1_108' title="bbox 2272 5423 3141 5496">
     <span class='ocr_line' id='line_1_108' title="bbox 2272 5423 3141 5496; baseline 0.002 -20"><span class='ocrx_word' id='word_1_666' title='bbox 2272 5423 2366 5476; x_wconf 80' lang='grc' dir='ltr'><strong>τοῦ</strong></span> <span class='ocrx_word' id='word_1_667' title='bbox 2399 5423 2606 5496; x_wconf 81' lang='grc' dir='ltr'>Κυρίου</span> <span class='ocrx_word' id='word_1_668' title='bbox 2631 5423 2893 5492; x_wconf 80' lang='grc' dir='ltr'>διάταξιν,</span> <span class='ocrx_word' id='word_1_669' title='bbox 2923 5442 2978 5479; x_wconf 87' lang='grc' dir='ltr'><strong>κ.</strong></span> <span class='ocrx_word' id='word_1_670' title='bbox 3009 5441 3059 5478; x_wconf 90' lang='grc' dir='ltr'><strong>τ.</strong></span> <span class='ocrx_word' id='word_1_671' title='bbox 3095 5424 3141 5478; x_wconf 92' lang='grc' dir='ltr'><strong>λ.</strong></span> 
     </span>
    </p>
   </div>
   <div class='ocr_carea' id='block_1_109' title="bbox 652 5601 2169 5670">
    <p class='ocr_par' dir='ltr' id='par_1_109' title="bbox 652 5602 2145 5670">
     <span class='ocr_line' id='line_1_109' title="bbox 652 5602 2145 5670; baseline -0.004 -7"><span class='ocrx_word' id='word_1_672' title='bbox 652 5607 698 5641; x_wconf 81' lang='grc'><strong>³⁸</strong></span> <span class='ocrx_word' id='word_1_673' title='bbox 725 5607 845 5664; x_wconf 89' lang='lat' dir='ltr'><strong>Nic.</strong></span> <span class='ocrx_word' id='word_1_674' title='bbox 875 5620 1031 5662; x_wconf 88' lang='lat' dir='ltr'><strong>conc.</strong></span> <span class='ocrx_word' id='word_1_675' title='bbox 1076 5621 1198 5662; x_wconf 91' lang='lat' dir='ltr'><strong>can.</strong></span> <span class='ocrx_word' id='word_1_676' title='bbox 1225 5623 1263 5660; x_wconf 87' lang='grc' dir='ltr'><strong>ι.</strong></span> <span class='ocrx_word' id='word_1_677' title='bbox 1341 5605 1384 5638; x_wconf 84' lang='grc'>³⁷</span> <span class='ocrx_word' id='word_1_678' title='bbox 1411 5603 1514 5661; x_wconf 82' lang='lat' dir='ltr'><strong>Job</strong></span> <span class='ocrx_word' id='word_1_679' title='bbox 1545 5621 1738 5670; x_wconf 76' lang='lat' dir='ltr'><strong>xxxiii,</strong></span> <span class='ocrx_word' id='word_1_680' title='bbox 1769 5605 1855 5659; x_wconf 77' lang='lat' dir='ltr'><strong>M.</strong></span> <span class='ocrx_word' id='word_1_681' title='bbox 1931 5604 1975 5637; x_wconf 72' lang='grc'><strong>³⁸</strong></span> <span class='ocrx_word' id='word_1_682' title='bbox 2010 5602 2145 5658; x_wconf 88' lang='lat' dir='ltr'><strong>Dist.</strong></span> 
     </span>
    </p>
   </div>
   <div class='ocr_carea' id='block_1_110' title="bbox 2269 5601 2694 5670">
    <p class='ocr_par' dir='ltr' id='par_1_110' title="bbox 2269 5601 2694 5658">
     <span class='ocr_line' id='line_1_110' title="bbox 2269 5601 2694 5658; baseline 0.009 -4"><span class='ocrx_word' id='word_1_683' title='bbox 2269 5641 2273 5654; x_wconf 83' lang='lat'><strong>.</strong></span> <span class='ocrx_word' id='word_1_684' title='bbox 2350 5604 2396 5638; x_wconf 66' lang='grc'><strong>³⁸</strong></span> <span class='ocrx_word' id='word_1_685' title='bbox 2432 5602 2570 5658; x_wconf 81' lang='lat' dir='ltr'><strong>Dist.</strong></span> <span class='ocrx_word' id='word_1_686' title='bbox 2604 5601 2694 5658; x_wconf 71' lang='grc'>47.</span> 
     </span>
    </p>
   </div>
   <div class='ocr_carea' id='block_1_111' title="bbox 655 5761 2049 5836">
    <p class='ocr_par' dir='ltr' id='par_1_111' title="bbox 655 5761 2049 5836">
     <span class='ocr_line' id='line_1_111' title="bbox 655 5761 2049 5836; baseline -0.001 -18"><span class='ocrx_word' id='word_1_687' title='bbox 655 5765 750 5836; x_wconf 76' lang='lat'><strong>(3).</strong></span> <span class='ocrx_word' id='word_1_688' title='bbox 780 5766 989 5822; x_wconf 89' lang='lat' dir='ltr'><strong>Citatur</strong></span> <span class='ocrx_word' id='word_1_689' title='bbox 1020 5779 1050 5819; x_wconf 89' lang='lat' dir='ltr'><strong>a</strong></span> <span class='ocrx_word' id='word_1_690' title='bbox 1079 5763 1138 5819; x_wconf 86' lang='lat' dir='ltr'><strong>S.</strong></span> <span class='ocrx_word' id='word_1_691' title='bbox 1163 5764 1322 5835; x_wconf 75' lang='lat' dir='ltr'><strong>Greg.</strong></span> <span class='ocrx_word' id='word_1_692' title='bbox 1350 5762 1443 5818; x_wconf 86' lang='lat' dir='ltr'><strong>lib.</strong></span> <span class='ocrx_word' id='word_1_693' title='bbox 1498 5778 1570 5817; x_wconf 80' lang='lat' dir='ltr'><strong>vn</strong></span> <span class='ocrx_word' id='word_1_694' title='bbox 1606 5761 1736 5835; x_wconf 78' lang='lat' dir='ltr'><strong>Reg.</strong></span> <span class='ocrx_word' id='word_1_695' title='bbox 1768 5761 1930 5832; x_wconf 88' lang='lat' dir='ltr'><strong>epist.</strong></span> <span class='ocrx_word' id='word_1_696' title='bbox 1957 5761 2049 5817; x_wconf 80' lang='lat'><strong>50.</strong></span> 
     </span>
    </p>
   </div>
  </div>
