4122 6442
308 467 419 529 715

1070 463 1475 523 SYNTAGMA
1514 463 1908 525 CANONUM.
1936 464 2173 524 -Tl'1‘.
2219 466 2326 540 1X,
2373 467 2530 527 CAP.
2574 468 2727 529 X‘tV.

3506 466 3612 530 746

383 586 445 634 ν’.
486 579 553 632 Εἴ
577 595 660 642 τις
697 576 997 641 ἐπίσκοπος
1031 577 1064 648 ἢ
1101 576 1498 649 πρεσϐύτερος,
1532 577 1608 648 μὴ
1635 578 1764 649 τρία
1802 578 1895 649 βα·
1935 584 1976 642 Α

2082 580 2150 634 50
2179 580 2317 653 [i9].
2352 583 2410 638 Si
2443 585 2567 651 quis
2606 585 2899 654 cpiscopus
2918 583 3000 639 vel
3030 584 3336 655 presbyter,
3370 601 3475 641 non
3510 588 3616 641 tria

310 673 592 743 πτίσματα
623 672 753 742 μιᾶς
787 670 1040 741 μυήσεως
1069 671 1395 736 ἐπιτελέσει,
1434 688 1490 724 κ.
1518 687 1571 724 τ.
1605 669 1656 724 λ.

380 883 483 931 να⁹.
523 876 593 932 Εἴ
617 896 701 942 τις
731 878 1052 941 ἐπίσκοπος.
1080 877 1113 949 ἢ
1147 875 1542 950 πρεσϐύτερος,
1577 876 1612 947 ἢ
1643 876 1910 944 διάκονος,

314 968 347 1038 ἢ
377 967 517 1033 ὅλως
544 970 639 1023 τοῦ
669 969 971 1039 καταλόγου
998 968 1092 1023 τοῦ
1126 968 1427 1039 ἱερατικοῦ,
1462 970 1660 1039 γάμου,
1689 986 1740 1022 κ.
1776 984 1826 1020 τ.
1858 968 1909 1022 λ.

385 1156 488 1229 νβ’.
516 1157 585 1211 Εἴ
611 1175 697 1223 τις
732 1158 1032 1221 ἐπίσκοπος
1062 1155 1094 1227 ἢ
1130 1154 1503 1228 πρεσϐύτερος
1533 1154 1625 1207 τὸν
1666 1155 1917 1224 ἐπιστρέ-

316 1269 487 1319 φοντα
523 1250 632 1304 ἀπὸ
667 1251 947 1321 ἁμαρτίας
987 1250 1047 1301 οὐ
1080 1248 1464 1320 προσδέχεται,
1509 1246 1648 1301 ἀλλὰ
1676 1248 1918 1301 ἀποϐάλ-

315 1346 491 1408 λεται,
536 1343 932 1415 καθαιρείσθω,
978 1343 1059 1396 ὅτι
1091 1342 1251 1394 λυπεῖ
1282 1340 1517 1412 Χριστὸν
1549 1340 1641 1393 τὸν
1670 1341 1913 1394 είπόντα·

318 1438 481 1506 Χαρὰ
517 1438 746 1507 γίνεται
776 1436 846 1490 ἐν
872 1434 1109 1505 οὐρανῷ
1134 1436 1234 1490 ἐπὶ
1267 1434 1359 1489 ἑυνὶ
1392 1431 1720 1505 ἁμαρτωλῷ
1736 1450 1918 1504 μετα-

317 1530 589 1587 νοοῦντι.

391 1625 575 1693 νγ’.Εί¹
598 1642 681 1689 τις
710 1623 1009 1687 ἐπίσκοπος
1028 1667 1042 1691 ,
1070 1623 1103 1695 ἢ
1148 1621 1538 1695 πρεσϐύτερος,
1574 1621 1608 1692 ἢ
1647 1620 1916 1686 διάκονος,

320 1719 380 1772 ἐν
404 1720 525 1782 ταῖς
558 1718 798 1789 ἡμέραις
824 1716 931 1769 τῶν
960 1714 1187 1787 ἑορτῶν,
1212 1716 1270 1768 οὐ
1305 1712 1715 1783 μεταλαμϐάνει
1739 1714 1919 1783 κρεῶν

320 1812 418 1865 καὶ
450 1811 616 1876 οίνου,
652 1807 1079 1879 βδελυσσόμενος
1111 1808 1208 1860 καὶ
1246 1806 1306 1859 ού
1338 1806 1403 1858 δι’
1440 1805 1695 1875 ἄσκησιν,
1727 1802 1923 1857 καθαιο

326 1901 550 1974 ρείσθω,
598 1900 673 1965 ὡς
710 1899 1255 1970 κεκαυτηριασμένος
1289 1897 1386 1968 τὴν
1423 1895 1558 1949 ἰδίαν
1591 1893 1920 1967 συνείδησιν,

323 1995 420 2047 καὶ
445 1991 620 2055 αἴτιος
652 1989 953 2044 σκανδάλου
983 1988 1198 2051 πολλοῖς
1222 1986 1527 2057 γινόμενος.

398 2081 491 2137 νε’.
533 2083 603 2137 Εἴ
632 2100 715 2146 τις
747 2080 1010 2153 κληρικὺς
1048 2079 1264 2151 ὑϐρίσει
1294 2079 1386 2131 τὸν
1429 2076 1750 2140 ἐπίσκοπον,
1788 2074 1924 2128 καθ-

323 2175 591 2249 αιρείσθω
614 2191 627 2204 ·
668 2175 961 2244 Ἄρχοντα
1010 2173 1120 2244 γὰρ
1156 2170 1262 2226 τοῦ
1292 2170 1447 2225 λαοῦ
1478 2185 1597 2225 σου
1627 2170 1739 2222 οὐκ
1770 2167 1927 2236 ἐρεῖς

326 2265 549 2333 κακῶς.

403 2361 501 2415 νθ⁹.
544 2361 612 2414 Εἴ
638 2377 722 2423 τις
754 2358 1077 2423 ἐπίσκοπος,
1122 2358 1155 2428 ἢ
1200 2357 1596 2431 πρεσϐύτερος,
1646 2355 1791 2419 τινὸς
1818 2354 1928 2408 τῶν

331 2453 616 2526 κληρικῶν
647 2452 862 2517 ἐνδεοῦς
895 2451 1070 2517 ὄντος,
1104 2469 1161 2505 κ.
1190 2469 1242 2505 τ.
1282 2451 1335 2504 λ.

406 2540 468 2606 ξ’.
512 2539 581 2594 Εἴ
603 2558 687 2605 τις
716 2540 785 2594 τὰ
809 2540 1252 2610 ψευδεπίγραφοι,
1282 2558 1336 2595 κ.
1368 2557 1424 2594 τ.
1452 2539 1504 2593 λ.

408 2631 505 2703 ξβ’.
546 2633 615 2687 Et
652 2650 738 2696 τις
773 2631 1055 2702 κληρικὸς,
1088 2631 1180 2685 διὰ
1229 2631 1390 2700 φόϐον
1432 2629 1770 2703 ἀνθρώπινον
1800 2629 1937 2683 ’ῐου-

330 2726 575 2797 δαίου,1ῆ
616 2725 934 2796 Ἕλληνοςῆ
969 2724 1250 2796 αίρετικοῦ
1286 2726 1605 2796 ἀρνήσεται,
1658 2726 1706 2776 εί
1742 2722 1839 2793 μὲν
1878 2723 1941 2775 τὸ

331 2822 511 2890 ὄνομα
536 2817 631 2873 τοῦ
662 2817 926 2889 Χριστοῦ,
972 2815 1398 2870 ἀποϐαλλέσθω·
1454 2816 1501 2867 εί
1552 2814 1607 2867 δὲ
1664 2813 1725 2867 τὸ
1767 2813 1941 2883 ὄνομα

336 2910 431 2965 τοῦ
462 2907 750 2981 κληρικοῦ,
782 2906 1188 2979 καθαιρείσθωο
1238 2905 1584 2977 μετανοήσας
1609 2903 1689 2968 δὲ,
1718 2903 1794 2966 ὡς
1826 2903 1945 2956 λαῖ-

338 3005 437 3069 κὺς
471 3004 525 3057 δε
534 3003 742 3075 χθήτω.

415 3097 519 3165 ξγ’.
558 3096 623 3149 Ei
644 3112 728 3159 τις
761 3093 1140 3163 ἐπίσκοπος,ἣ
1171 3091 1544 3164 πρεσϐύτερος
1567 3133 1582 3157 ,
1608 3092 1642 3163 ἢ
1677 3092 1945 3157 διάκονος,

340 3191 381 3263 ἦ
410 3190 546 3254 ὅλως
585 3188 677 3242 τοῦ
715 3188 1023 3257 καταλόγου
1056 3186 1152 3241 τοῦ
1191 3186 1489 3258 ἱερατικοῦ,
1534 3186 1687 3258 φάγῃ
1716 3185 1855 3257 κρέα
1890 3186 1947 3237 ἐν

342 3284 537 3353 αἵματι
582 3282 763 3354 ψυχῆς
814 3282 1002 3346 αὐτοῦ,
1040 3282 1075 3352 ἦ
1123 3280 1484 3351 θηριὰλωτον,
1532 3280 1566 3349 ἢ
1601 3278 1945 3350 θνησιμαῖον,

346 3374 725 3448 καθαιρείσθω
744 3391 757 3404 '
790 3373 951 3427 τοῦτο
982 3374 1091 3444 γὰρ
1124 3375 1152 3426 ό
1178 3374 1341 3443 νόμος
1362 3374 1595 3426 ἀπεῖπεν
1616 3388 1631 3403 ·
1672 3374 1720 3425 εἰ
1750 3373 1806 3425 δὲ
1832 3372 1946 3426 λαῖ-

345 3467 445 3533 κδς
475 3468 585 3540 εἴη,
614 3465 981 3538 ἀφοριζέσθω.

423 3652 520 3721 ξδ’.
564 3650 632 3706 E't'
653 3669 737 3714 τις
768 3649 1031 3722 κληρικὸς
1063 3649 1260 3721 εὑρεθῇ
1295 3648 1394 3720 τὴν
1422 3646 1706 3719 Κυριακὴν
1737 3646 1951 3718 ἡμέραν

349 3747 654 3820 νηστεύων,
708 3745 742 3816 ἢ
791 3743 854 3797 τὸ
900 3743 1199 3810 Σάϐϐατον,
1251 3742 1390 3813 πλὴν
1446 3741 1541 3795 τοῦ
1595 3741 1715 3805 ἐνὸς
1764 3742 1950 3812 μόνου,

353 3836 768 3912 καθαιρείσθω·
816 3836 865 3890 εἰ
894 3834 949 3888 δέ
981 3836 1189 3903 λαῖκδς,
1224 3833 1593 3906 ἀφοριζέσθω.

429 3932 522 4001 ξε’.
564 3933 631 3987 Et
671 3949 757 3996 τις
804 3930 1067 4000 κληρικὸς
1121 3929 1155 4000 ἢ
1190 3929 1379 3992 λαῖκὸς
1424 3926 1657 3981 εἰσέλθοι
1698 3927 1779 3990 είς
1822 3943 1953 3979 συν-

356 4027 585 4099 αγωγὴν
613 4026 883 4081 Ἰουδαίων
917 4025 950 4095 ἢ
988 4021 1282 4095 αίρετικῶν
1332 4019 1764 4092 προσεύξασθαι,
1814 4020 1955 4074 καθ-

356 4118 621 4193 αιρείσθω
652 4118 745 4171 καὶ
774 4114 1143 4187 ἀφοριζὼθω.

434 4212 542 4280 ξςθ.
584 4211 651 4266 Εἴ
679 4227 764 4275 τις
792 4209 1055 4280 κληρικὸς
1104 4208 1163 4261 ὲν
1216 4207 1363 4279 μάχῃ
1416 4204 1537 4259 τινὰ
1585 4204 1831 4277 κρούσει,
1865 4204 1960 4258 καὶ¹

359 4307 472 4362 ἀπὸ
514 4305 609 4360 τοῦ
658 4304 777 4367 ἐνὸς
821 4300 1169 4371 κρούσματος
1202 4300 1541 4365 ἀποκτείνει,
1588 4297 1961 4369 καθαιρείσθω

363 4401 457 4455 διὰ
485 4401 585 4470 τὴν
612 4397 946 4475 προπέτειαν
976 4392 1144 4448 αὑτοῦ
1172 4410 1185 4425 ·
1238 4393 1336 4448 ἐὰν
1368 4392 1425 4446 δὲ
1458 4392 1644 4457 λαῖκὸς
1673 4386 1731 4464 ᾗ,
1767 4390 1963 4461 ἀφορι-

364 4492 568 4559 ζέσθω.

439 4586 545 4657 ξτγ.
587 4586 655 4640 Et
670 4603 755 4650 τις
785 4583 1107 4646 ἐπίσκοπος,
1139 4580 1173 4653 ἢ
1209 4576 1603 4651 πρεσϐύτερος,
1633 4576 1666 4646 ἦ
1696 4575 1963 4638 διάκονος,

2015 674 2181 731 unius
2206 678 2447 748 mysterii
2490 680 2822 749 baptismata
2854 676 3165 749 perfecerit,
3200 687 3332 746 etc.,
3358 691 3415 735 ut
3447 696 3615 750 supra

2014 783 2133 839 pag.
2170 769 2275 824 M9.
2305 782 2358 825 et
2392 771 2517 825 615.

2090 884 2151 937 51
2189 883 2333 957 [50].
2369 886 2425 939 Si
2458 888 2582 956 quis
2612 888 2932 959 episcopus,
2969 888 3280 959 presbyter,
3314 888 3399 944 vel
3431 888 3621 944 diaco-

2018 992 2145 1040 nus,
2177 978 2262 1031 vel
2309 980 2537 1033 omnino
2569 996 2633 1033 ex
2670 981 3001 1035 sacerdotali
3036 997 3287 1048 numero,
3316 996 3350 1036 a
3383 983 3617 1052 nuptiis,

2018 1079 2150 1135 etc.,
2175 1081 2232 1124 ut
2260 1088 2421 1141 supra
2445 1088 2567 1143 pag.
2605 1074 2729 1129 751.

2092 1164 2161 1219 52
2190 1163 2326 1235 [51].
2357 1165 2416 1219 Si
2440 1168 2562 1236 quis
2577 1169 2890 1239 episcopus,
2918 1171 3202 1241 presbyter
3238 1168 3320 1225 vel
3346 1169 3616 1224 diaconus

2022 1268 2171 1316 eum,
2203 1253 2297 1323 qui
2331 1270 2362 1309 a
2404 1257 2643 1324 peccatis
2673 1261 3032 1325 convertitur,
3066 1276 3175 1316 non
3215 1260 3452 1329 recipit,
3518 1260 3613 1313 sed

2019 1346 2191 1414 ejicit,
2227 1346 2554 1416 deponatur.
2579 1348 2851 1413 Quoniam
2892 1351 3169 1405 Christum
3207 1351 3457 1406 molestia
3507 1351 3624 1405 alli-

2021 1438 2133 1501 cit,
2169 1438 2262 1507 qui
2296 1438 2432 1492 dixit
2463 1457 2476 1494 :
2511 1437 2783 1494 Gaudium
2811 1452 2889 1495 est
2941 1442 2996 1496 in
3035 1443 3163 1496 caelo
3208 1455 3422 1511 propter
3457 1458 3625 1496 unum

2021 1538 2348 1596 peccatorem
2379 1528 2741 1595 paenitentiam
2777 1541 3016 1597 agentem
3050 1530 3118 1584 "°.

2094 1619 2257 1688 272
2276 1619 2344 1672 55
2373 1617 2507 1691 [52].
2530 1618 2585 1673 Si
2617 1622 3055 1691 quiscpiscopus,
3084 1624 3167 1677 vel
3199 1624 3501 1695 presbyter,
3538 1623 3622 1679 νει

2024 1711 2290 1766 diaconus
2318 1713 2369 1765 in
2398 1712 2549 1767 festis
2574 1714 2767 1767 diehus
2797 1728 3018 1769 carnem
3058 1726 3111 1769 ct
3156 1716 3343 1769 vinum
3378 1732 3483 1771 non
3528 1734 3625 1773 su-

2034 1804 2153 1868 mit,
2212 1804 2537 1865 abhorrcns,
2592 1814 2646 1859 et
2706 1821 2815 1859 non
2856 1816 3080 1875 propter
3117 1809 3568 1862 exercitationem
3607 1846 3623 1868 ,

2026 1896 2351 1965 deponatur,
2416 1898 2601 1967 utqui
2659 1898 2861 1952 habeat
2924 1899 3185 1968 injustam
3234 1900 3628 1955 conscientiam

1956 1974 2000 2028 Β
2031 1992 2333 2061 propriam,
2396 2002 2448 2045 et
2482 1992 2548 2045 sit
2583 1990 2770 2044 multis
2803 1990 3128 2046 oﬂensiouis
3154 2007 3345 2046 causa.

2102 2082 2173 2136 55
2206 2080 2346 2153 [54].
2400 2081 2455 2135 Si
2504 2086 2631 2151 quis
2662 2083 2897 2138 clericus
2929 2084 3246 2154 episcopum
3298 2084 3631 2139 contumelia

2032 2174 2299 2239 ail‘ecerit,
2332 2176 2643 2244 deponatur
2679 2192 2691 2229 :
2721 2175 2961 2244 Principi
2992 2177 3133 2231 enim
3191 2178 3379 2246 populi
3424 2179 3502 2231 tui
3531 2193 3639 2232 non

2036 2266 2317 2320 maledices
2333 2266 2399 2318 δι.

2108 2359 2176 2415 59
2202 2357 2343 2431 [58].
2373 2358 2428 2412 Si
2461 2360 2587 2429 quis
2612 2360 2907 2432 episcopus
2942 2362 3025 2417 vel
3057 2362 3365 2435 presbyter,
3393 2378 3518 2418 cum
3572 2362 3647 2418 sit

2037 2452 2240 2521 aliquis
2267 2467 2331 2504 ex
2366 2451 2583 2507 clericis
2610 2467 2841 2522 egenus,
2875 2463 3007 2520 etc.,
3040 2464 3096 2508 ut
3155 2472 3321 2527 supra
3352 2473 3476 2527 pag.
3511 2456 3642 2511 674.

2112 2540 2181 2595 60
2209 2541 2348 2614 [59].
2371 2542 2426 2596 Si
2462 2542 2589 2612 quis
2624 2542 2763 2597 falso
2787 2545 3259 2614 inscriptos,etc.,
3287 2558 3345 2601 ut
3365 2563 3490 2618 pag.
3514 2547 3639 2603 590.

2113 2635 2181 2688 6'2
2201 2635 2336 2707 [61].
2358 2637 2412 2690 Si
2437 2635 2562 2705 quis
2589 2637 2825 2692 clericus
2855 2647 3076 2708 propter
3095 2648 3295 2694 metum
3317 2641 3641 2707 humanum,

2044 2727 2127 2781 vel
2181 2726 2374 2793 Judaei,
2446 2727 2528 2781 vel
2559 2728 2756 2794 Graeci,
2810 2730 2893 2783 vel
2945 2731 3205 2796 hmretici,
3254 2734 3555 2801 negaverit,
3602 2733 3648 2785 si

2044 2820 2266 2889 quidem
2326 2836 2524 2875 nomen
2552 2820 2779 2887 Christi,
2813 2822 3087 2891 ejiciatur,
3148 2822 3193 2877 si
3240 2830 3422 2877 autem
3450 2839 3648 2877 nomen

2046 2913 2253 2978 clerici,
2294 2912 2601 2982 deponatur
2632 2912 2699 2966 ⁴¹.
2740 2912 3125 2967 Ρωιιίιυιιιίιιηι
3155 2924 3337 2968 autem
3373 2928 3561 2983 agens,
3593 2921 3655 2967 ut

2047 3006 2220 3061 laicus
2245 3005 2557 3075 recipiatur.

2122 3096 2194 3150 65
2213 3092 2351 3167 [62].
2379 3092 2437 3148 Si
2464 3096 2589 3165 quis
2611 3094 2902 3165 episcopus
2924 3094 3008 3149 vel
3034 3093 3338 3165 presbyter,
3357 3093 3443 3149 vel
3467 3094 3657 3150 diaco-

2054 3207 2180 3257 nus,
2251 3190 2337 3244 vel
2386 3188 2613 3243 omnino
2674 3204 2742 3243 ex
2774 3189 3100 3244 sacerdotali
3158 3188 3427 3260 catalogo,
3464 3204 3651 3244 come-

2059 3283 2200 3337 derit
2234 3295 2435 3335 carnes
2464 3280 2518 3334 in
2576 3279 2846 3350 sanguine
2891 3280 3092 3335 anima:
3118 3279 3389 3351 ipsorum,
3412 3280 3497 3334 vel
3527 3280 3661 3351 quid

2052 3390 2083 3430 a
2113 3374 2245 3429 feris
2296 3382 2541 3442 captum,
2592 3373 2677 3427 vel
2727 3374 3103 3439 morticiuum,
3162 3373 3489 3443 deponatur.
3548 3372 3663 3430 lloc

2050 3469 2196 3524 enim
2251 3468 2338 3523 lex
2360 3466 2644 3537 prohibuit
2704 3483 2717 3520 :
2769 3466 2815 3521 si
2886 3475 3066 3520 autem
3119 3466 3192 3521 sit
3240 3467 3432 3533 laicus,
3477 3483 3664 3539 segre-

2053 3568 2230 3631 getur.

2126 3652 2195 3705 64
2215 3649 2355 3723 [65].
2376 3649 2434 3705 Si
2468 3650 2589 3721 quis
2609 3649 2843 3706 clericus
2868 3649 3125 3708 inventus
3155 3651 3319 3709 fuerit
3352 3652 3441 3709 die
3480 3652 3665 3709 Domi-

2050 3745 2322 3816 jejunare,
2362 3744 2447 3798 vel
2489 3744 2753 3811 Sabbato,
2804 3756 3172 3816 praeterquam
3241 3763 3353 3802 uno
3394 3747 3535 3814 solo,
3568 3747 3667 3803 de-

2055 3836 2437 3908 ponaturzsin
2472 3844 2652 3891 autem
2682 3837 2877 3902 laicus,
2909 3848 3253 3910 segregetur.

2130 3926 2199 3981 65
2228 3925 2362 3997 [65].
2390 3924 2447 3980 Si
2475 3928 2598 3997 quis
2618 3928 2852 3983 clericus
2874 3928 2957 3982 vel
2974 3930 3145 3986 laicus
3171 3930 3223 3984 in
3250 3928 3563 3987 Iudaeorum
3586 3931 3673 3984 vel

2058 4019 2184 4073 nico
2214 4019 2593 4073 haereticorum
2634 4036 2963 4092 synagogam
2990 4022 3271 4093 ingressus
3311 4023 3381 4077 sit
3404 4022 3472 4077 ad
3508 4038 3673 4077 oran-

2060 4112 2214 4175 dum,
2251 4113 2557 4181 deponatur
2586 4121 2634 4166 et
2660 4123 2996 4183 segregetur.

2133 4205 2203 4260 66
2238 4203 2374 4277 [64].
2400 4205 2459 4258 Si
2485 4205 2609 4274 quis
2639 4205 2873 4261 clericus
2925 4208 3007 4262 vel
3046 4207 3099 4262 in
3153 4222 3334 4279 pugna
3391 4211 3669 4281 pulsatum

2064 4298 2302 4369 aliquem
2341 4314 2451 4353 uno
2482 4299 2591 4353 ictu
2625 4298 2907 4365 occiderit,
2940 4301 3247 4370 deponatur
3268 4312 3487 4373 propter
3518 4319 3674 4359 suam

2067 4392 2468 4463 proclivitatem
2496 4400 2553 4447 et
2604 4391 3006 4459 temeritatem;
3038 4391 3212 4449 laicus
3243 4407 3375 4449 vero
3411 4396 3457 4451 si
3488 4393 3674 4461 fuerit,

2068 4492 2413 4555 segregetur.

2140 4575 2208 4631 68
2243 4574 2381 4647 [67].
2414 4573 2471 4628 Si
2502 4574 2627 4645 quis
2658 4573 2950 4645 episcopus
2994 4573 3094 4645 (4),
3131 4574 3214 4630 vel
3241 4576 3542 4649 presbyter,
3586 4576 3672 4632 vel

366 4680 633 4752 δευτέραν
667 4678 1003 4751 χειροτονίαν
1028 4675 1244 4741 δέξεται
1286 4672 1438 4743 παρά
1470 4687 1639 4735 τινος,
1682 4667 1966 4741 καθαιρεί-

2048 4667 2341 4724 χᾱὶιιοοιιιιε
2374 4668 2674 4723 secundam
2713 4666 3119 4720 ordinationem
3164 4667 3233 4722 ab
3276 4668 3388 4723 alio
3419 4684 3680 4739 suscepeo

373 4770 491 4825 σθω
519 4772 613 4825 καὶ
645 4769 807 4833 αὐτὸς
839 4769 934 4823 καὶ
973 4769 1001 4820 ὁ
1047 4764 1435 4837 χειροτονήσας
1460 4777 1473 4790 °
1527 4763 1576 4814 εί
1631 4762 1705 4832 μή
1754 4776 1817 4828 γε
1861 4758 1973 4831 ἄρα

374 4864 630 4934 συσταίη,
677 4864 758 4917 ὅτι
787 4862 940 4931 παρὰ
972 4859 1269 4932 αίρετικῶν
1298 4858 1414 4927 ἔχει
1453 4854 1552 4927 τὴν
1596 4852 1931 4926 χειροτονίαν
1957 4866 1972 4881 ο

372 4957 502 5021 τοὺς
527 4955 640 5028 γὰρ
674 4956 824 5028 παρὰ
850 4954 959 5008 τῶν
988 4951 1246 5007 τοιούτων
1290 4946 1771 5020 χειροτονηθέντας
1804 4946 1839 5017 ἢ
1880 4945 1976 5016 βα-

377 5050 741 5117 πτισθέντας,
795 5047 921 5102 οὕτε
969 5046 1231 5111 πιστοὺς,
1294 5042 1419 5097 οὔτε
1482 5040 1779 5112 κληρικοὺς
1838 5036 1976 5093 εἶναι

376 5144 625 5198 δυνατόν.

454 5237 550 5303 ξθθ.
582 5236 652 5291 Et
681 5252 765 5301 τις
788 5235 1110 5299 ἐπίσκοπος,
1134 5231 1169 5302 ἢ
1201 5228 1574 5303 πρεσϐύτερος
1607 5271 1620 5295 ,
1646 5227 1681 5299 ἢ
1709 5225 1977 5291 διάκονος,

378 5329 413 5401 ἦ
445 5328 818 5393 ὑποδιακονος,
850 5325 1205 5396 ἀναγνώστης
1224 5323 1258 5396 ἢ
1276 5323 1510 5393 ψάλτης,
1531 5322 1631 5393 τὴν
1656 5320 1821 5389 ἁγίαν
1844 5320 1981 5373 Τεσ-

384 5420 755 5492 σαρακοστὴν,
795 5436 850 5472 κ.
884 5434 937 5473 τ.
967 5415 1019 5471 λ.

455 5512 519 5568 o'.
556 5512 624 5566 Ei’
647 5530 731 5575 τις
762 5512 1081 5574 ἐπίσκοπος,
1137 5503 1595 5579 ἢπρεσϐύτερος,
1638 5503 1671 5574 ἦ
1711 5504 1979 5565 διάκονος,

2078 4759 2172 4823 rit,
2232 4758 2538 4827 deponatur
2572 4767 2626 4811 et
2665 4756 2780 4826 ipse
2806 4799 2821 4823 ,
2853 4755 3015 4827 273
3049 4765 3104 4811 et
3129 4757 3223 4827 qui
3249 4758 3545 4826 ordinavit,
3575 4758 3682 4813 nisi

2079 4851 2269 4921 utique
2292 4848 2618 4914 constiterit,
2669 4849 2814 4919 quod
2875 4851 2944 4903 ab
2980 4850 3253 4905 haereticis
3276 4851 3681 4907 ordinationem

2081 4944 2302 4999 habeat.
2353 4941 2458 5010 Qui
2535 4942 2681 4997 enim
2726 4941 2796 4995 ab
2874 4942 2955 4997 eis
3012 4941 3273 5011 baptizati
3328 4952 3383 4997 et
3443 4944 3683 4998 ordinati

2081 5044 2231 5102 sunt,
2292 5043 2354 5090 ut
2418 5033 2604 5089 ﬁdeles
2657 5033 2741 5088 vel
2796 5032 2982 5088 clerici
3047 5034 3197 5101 sint,
3265 5034 3384 5091 ﬁeri
3442 5052 3551 5092 non
3583 5053 3685 5108 po-

2079 5138 2206 5184 test.

2152 5221 2220 5276 69
2248 5218 2387 5294 [68].
2440 5218 2503 5274 Si
2564 5219 2691 5289 quis
2740 5219 3055 5291 cpiscopus,
3106 5221 3193 5276 vel
3238 5222 3548 5295 presbyter,
3600 5221 3687 5277 vel

2082 5313 2351 5370 diaconus
2400 5313 2486 5369 vel
2545 5311 2944 5379 subdiaconus,
2995 5313 3169 5369 lector
3205 5314 3288 5369 vel
3329 5325 3522 5369 cantor
3554 5330 3687 5371 san—

2082 5416 2225 5460 ctam
2251 5403 2476 5459 Pascha:
2493 5402 3147 5475 Quadragesimam,etc.,
3164 5415 3221 5461 ut
3236 5423 3401 5478 supra
3416 5424 3539 5479 pag.
3561 5408 3688 5464 655.

2154 5498 2226 5553 70
2251 5496 2392 5570 [69].
2418 5497 2477 5551 Si
2506 5496 2632 5566 quis
2660 5498 2977 5568 episcopus,
3009 5499 3093 5555 vel
3122 5500 3408 5568 diaconus,
3440 5502 3526 5557 vel
3562 5503 3693 5571 quis

384 5607 420 5677 ἢ
448 5605 583 5669 ὅλως
614 5604 711 5659 τοῦ
738 5603 1041 5673 καταλόγου
1071 5600 1179 5656 τῶν
1210 5598 1510 5671 κληρικῶν,
1539 5600 1795 5670 νηστεύοι
1848 5595 1976 5666 μετὲ

2100 5592 2327 5646 omnino
2369 5606 2435 5646 ex
2470 5590 2801 5647 clericorum
2842 5593 3114 5666 catalogo,
3152 5591 3366 5667 jejunat
3418 5609 3539 5652 cum
3596 5593 3696 5651 Ju-

398 5698 689 5763 οἰουδαίων,
715 5716 769 5753 κ.
801 5716 853 5752 τ.
882 5697 934 5752 λ.

462 5815 508 5847 ⁸⁸
542 5814 677 5871 Luc.
701 5831 770 5871 xv
791 5853 810 5882 ,
837 5816 892 5869 7.

986 5814 1031 5847 ’δι
1059 5815 1181 5870 Act.
1224 5826 1379 5879 χχιιι,
1415 5810 1470 5866 5.
1538 5808 1581 5840 δ’
1606 5804 1727 5862 Nic.
1758 5820 1881 5861 can.
1914 5804 2002 5859 10.

2104 5684 2237 5741 dacis
2260 5692 2391 5749 etc.,
2428 5691 2484 5737 ut
2522 5700 2645 5754 pag.
2681 5682 2809 5741 7'58.

484 5964 562 6036 (ί)
596 5961 925 6031 lntelligitur
955 5960 1021 6015 de
1048 5958 1510 6031 Cataphrygibus,
1563 5964 1625 6011 ut
1680 5968 1805 6024 cap.
1868 5952 1932 6007 19
1959 5949 2139 6006 concil
2163 5991 2176 6006 .
2230 5948 2347 6005 Nic.
2371 5956 2424 6005 et
2457 5947 2527 6006 95
2558 5959 2724 6007 sexta:
2758 5966 2893 6023 syno
2916 5950 2971 6005 li.

692 6060 969 6116 ΡΑτιιοι..
1010 6054 1128 6116 Gn.
1160 6051 1317 6114 CIV.

3174 6044 3253 6105 2's
