4156 6438
521 430 624 494 747

1698 419 1959 479 l‘llO’l‘II
1990 416 2497 477 PATRIARCHE
2537 416 2646 475 (ΣΡ.

3726 410 3831 475 748

588 552 649 606 81
696 546 834 621 [80].
880 544 1128 600 Diximus
1184 557 1293 596 non
1350 547 1602 610 opaitere
1655 538 1973 605 episcopum
2024 535 2108 589 vel

2285 540 2396 589 πα’.
2425 534 2664 602 Εἴπομεν
2696 530 2776 583 ὅτι
2806 527 2881 599 μὴ
2909 526 3013 599 χρὴ
3043 528 3342 583 ἐπίσκοπον
3380 530 3411 602 ἢ
3450 531 3830 602 πρεσϐύτερον

520 640 905 712 presbyterum
949 636 1188 705 seipsum
1223 633 1288 687 ad
1330 631 1578 702 publicas
1609 628 2118 682 administrationes

520 733 852 797 demittere,
908 729 1001 784 sed
1051 728 1105 782 in
1164 723 1556 781 ecclesiasticis
1604 722 1843 793 negotiis
1886 721 2115 776 versari.

519 826 619 881 Vel
649 839 779 895 ergo
810 825 883 877 ita
927 838 1035 877 non
1076 820 1257 876 facere
1298 818 1714 887 persuadeatur,
1747 814 1833 869 vel
1876 814 2117 883 depona-

513 928 638 973 tur:
674 915 842 970 Nemo
864 914 1009 970 enim
1042 909 1432 982 potestduobus
1462 906 1692 961 dominis
1732 901 2007 969 servire",
2030 918 2119 957 se-

522 1011 766 1067 cundum
793 1006 1007 1062 Domini
1038 1012 1389 1075 praeceptum.

593 1102 663 1157 85
702 1100 840 1175 [82].
882 1099 1219 1169 Episcopus,
1258 1095 1343 1151 vel
1386 1093 1708 1165 presbyter,
1739 1090 1823 1146 vel
1855 1089 2121 1146 diaconus

521 1197 787 1253 exercitui
810 1208 1034 1259 vacans,
1061 1201 1112 1247 et
1141 1202 1375 1259 utraque
1398 1187 1648 1242 obtinere
1675 1186 1884 1251 volens,
1918 1184 2122 1237 Roma-

522 1305 654 1345 num
696 1288 908 1345 scilicet
949 1284 1330 1354 magistratum
1360 1322 1375 1347 ,
1415 1288 1468 1335 et
1510 1276 1905 1334 sacerdotalem
1948 1274 2124 1328 admi-

524 1380 908 1437 nistrationem
931 1418 946 1444 ,
974 1366 1283 1447 deponatur
1313 1390 1327 1426 :
1360 1371 1492 1437 Qua:
1524 1378 1647 1425 sunt
1686 1368 1833 1425 enim
1868 1366 2122 1433 Cwsaris,

522 1474 725 1529 (Σανδανὶ
750 1491 768 1536 ;
799 1481 850 1527 et
883 1487 1000 1542 qua:
1021 1477 1143 1524 sunt
1179 1467 1297 1532 Dei,
1324 1464 1430 1519 Deo
1448 1464 1512 1517 “.

596 1566 688 1621 84.
727 1564 994 1634 Quisquis
1020 1577 1226 1633 regem,
1251 1568 1381 1623 etc.,
1408 1570 1461 1611 ιιι
1493 1572 1615 1625 pag.
1638 1555 1766 1610 759.

800 1655 1035 1713 Concilii
1060 1653 1275 1708 Nicazni
1302 1666 1530 1705 canones
1553 1648 1608 1713 2,
1644 1648 1731 1710 10,
1761 1646 1848 1700 17.

594 1749 652 1804 2.
711 1747 987 1815 Quoniam
1060 1744 1271 1809 multa,
1333 1740 1417 1797 vel
1479 1737 1841 1802 necessitate,
1890 1745 2022 1803 etc.,
2068 1745 2125 1790 ut

525 1865 650 1920 pag.
691 1844 819 1901 499.

2220 627 2468 681 καθιέναι
2496 625 2689 679 ὲαυτδν
2738 624 2819 687 είς
2850 624 3117 693 δημοσίας
3149 622 3465 692 διοικήσεις,
3497 625 3639 678 ἀλλὰ
3658 642 3829 693 προσ-

2219 720 2500 789 ευκαιρεῖν
2554 719 2675 779 ταῖς
2722 714 3209 784 ἐκκλησιαστικαῖς
3255 713 3491 784 χρείαις·
3559 715 3593 785 ἢ
3643 715 3829 769 πειθέο

2222 814 2334 867 σθω
2356 812 2447 867 οὖν
2476 811 2635 865 τοῦτο
2662 812 2736 884 μὴ
2762 812 2955 875 ποιεῖν,
2981 808 3013 879 ἢ
3048 808 3439 880 καθαιρείσθω·
3469 807 3693 872 Οὐδεὶς
3724 807 3830 877 γὰρ

2221 912 2470 966 δύναται
2489 909 2633 964 δυσὶ
2654 909 2883 979 κυρίοις
2899 908 3235 971 δουλεύειν,
3259 904 3403 959 κατὰ
3421 904 3522 976 τὴν
3542 904 3830 975 Κυριακὴν

2221 1004 2648 1075 παρακέλευσιν.

2292 1098 2406 1160 πγ’.
2450 1090 2796 1153 Ἐπίσκοπος,
2828 1090 2860 1161 ἢ
2888 1088 3281 1161 πρεσϐύτερος,
3306 1089 3339 1159 ἢ
3362 1088 3638 1152 διάκονος,
3674 1102 3833 1157 στρα-

2222 1186 2343 1256 τείᾳ
2374 1182 2673 1255 σχολάζων,
2711 1185 2806 1238 καὶ
2847 1184 3170 1255 βουλόμενος
3206 1184 3497 1253 ἀμφότερα
3549 1181 3830 1251 κατέχειν,

2235 1278 2549 1350 Ῥωμαϊκὴν
2584 1277 2758 1349 ἀρχὴν
2788 1279 2880 1331 καὶ
2912 1277 3192 1348 ἱερατικὴν
3222 1278 3491 1345 διοίκησιν
3512 1315 3528 1340 ,
3550 1272 3830 1343 καθαιρείο

2227 1371 2358 1424 σθω·
2396 1369 2471 1423 Τὰ
2506 1367 2615 1440 γὰρ
2655 1369 2958 1438 Καίσαρος
2986 1371 3264 1438 Καίσαρι,
3299 1370 3397 1423 καὶ
3433 1368 3507 1422 τὰ
3532 1367 3641 1422 τοῦ
3687 1365 3832 1421 Θεοῦ

2224 1464 2305 1529 τῷ
2342 1463 2484 1527 Θεῷ.

2297 1554 2399 1611 τπδ’.
2436 1556 2534 1620 Ὂς
2554 1572 2635 1619 τις
2663 1556 2876 1627 ὑϐρίσει
2913 1556 3159 1626 βασιλέα,
3195 1575 3249 1611 κ.
3278 1575 3326 1610 τ.
3366 1558 3415 1611 λ.
3614 1559 3624 1620 ἰ

2528 1648 2799 1703 Συνόδου
2832 1651 3081 1716 Νικαίας
3114 1649 3314 1703 κανὼν
3341 1653 3384 1721 β’
3404 1659 3433 1704 ι’
3464 1650 3554 1716 ιζ’.

2298 1740 2365 1812 β’.
2398 1740 2619 1813 Ἐπειδὴ
2654 1742 2826 1796 πολλὰ
2848 1743 2965 1813 ἦτοι
2995 1743 3103 1796 ὑπὸ
3130 1745 3400 1816 ἀνάγκης,
3433 1765 3488 1803 κ.
3513 1766 3564 1802 τ.
3595 1746 3645 1801 λ.

594 1907 683 1994 10.
725 1936 1053 2005 Quicunque
1111 1949 1177 1988 ex
1227 1933 1293 1987 iis
1341 1930 1435 2002 qui
1505 1930 1645 2001 lapsi
1680 1937 1831 1997 sunt,
1882 1936 2014 1993 etc.,
2067 1936 2124 1981 ut

2304 1934 2355 1981 t'.
2392 1928 2546 1981 Ὅσοι
2590 1926 3084 1999 προεχειρίσθησαν
3114 1928 3223 1982 τῶν
3286 1933 3832 2003 παραπεπτωκότων,

640 2073 651 2085 .
686 2028 815 2084 547.

567 2048 598 2085 a
640 2073 651 2085 .
686 2030 815 2084 547.

529 2049 561 2101 p
602 2048 695 2177 g7.
738 2119 1013 2187 Quoniam
1060 2117 1218 2173 multi
1250 2117 1297 2149 ⁸⁸
1332 2115 1427 2186 qui
1478 2114 1533 2168 in
1577 2126 1791 2168 canone
1834 2125 2129 2166 recensen-

529 2225 638 2278 tur,
672 2214 832 2285 plura
860 2210 1095 2266 habendi
1128 2208 1370 2264 studium
1417 2218 1465 2261 et
1502 2214 1662 2275 turpe
1692 2205 1905 2260 lucrum
1939 2217 2128 2273 persc—

532 2320 791 2379 quentes,
822 2306 1026 2360 divinae
1063 2303 1362 2373 Scriptura:
1407 2298 1563 2353 obliti
1615 2306 1766 2361 sunt,
1800 2312 1923 2366 quae
1950 2295 2084 2349 dicit
2114 2312 2127 2347 :

529 2401 824 2471 Argentum
868 2413 1023 2453 suum
1064 2412 1166 2449 non
1206 2394 1353 2447 dedit
1402 2394 1471 2446 ad
1514 2405 1737 2444 usuram
1764 2388 1851 2443 “2
1886 2386 2052 2458 274.
2077 2394 2133 2441 et

524 2493 840 2547 fenerantes
903 2487 1236 2543 centesimas
1290 2484 1554 2555 exigunt;
1636 2495 1853 2550 aequum
1916 2479 2133 2534 censuit

529 2592 724 2641 sancta
764 2590 819 2636 et
847 2594 1052 2651 magna
1088 2577 1354 2649 synodus,
1398 2584 1459 2630 ut
1486 2573 1534 2631 si
1562 2573 1688 2644 quis
1719 2572 1977 2626 inventus
2009 2570 2130 2623 fue-

526 2676 601 2731 rit
645 2682 772 2747 post
823 2681 1088 2729 statutum
1134 2684 1337 2725 usuras
1386 2683 1456 2723 ex
1512 2674 1709 2721 mutuo
1755 2677 1993 2727 sumere,
2050 2660 2133 2715 vel

528 2782 651 2824 eam
696 2782 810 2822 rem
863 2764 1022 2819 aliter
1054 2763 1333 2834 persequi,
1368 2759 1449 2814 vel
1490 2756 1887 2828 sesquialteras
1916 2752 2131 2826 [sescu-

531 2857 675 2930 plas]
710 2858 951 2928 exigere,
1005 2855 1091 2911 vel
1138 2853 1345 2923 aliquid
1395 2850 1547 2906 aliud
1593 2847 1909 2918 excogitare
1949 2845 2128 2916 turpis

528 2959 777 3023 quastus
806 2949 1005 3021 gratia,
1048 2962 1080 3003 e
1108 2946 1259 3003 clero
1285 2945 1617 3015 deponatur,
1659 2951 1715 2997 et
1748 2940 1825 2996 sit
1855 2940 2066 2995 alienus
2100 2954 2128 2993 a

529 3058 763 3101 canone.

752 3135 982 3192 Concilii
1017 3134 1292 3205 Ancyrani
1322 3147 1549 3187 canones
1580 3129 1669 3197 10,
1704 3129 1793 3193 14,
1824 3128 1914 3184 18.

606 3235 695 3288 10.
727 3233 1058 3303 Quicunque
1085 3229 1306 3285 diaconi
1337 3224 1621 3283 constituti
1649 3263 1664 3287 ,
1696 3223 1751 3278 in
1782 3225 1897 3293 ipsa
1926 3219 2129 3277 consti-
2160 3260 2204 3319 ϐ

533 3326 748 3381 tutione
818 3322 1093 3379 testiﬁcati
1158 3328 1288 3377 sunt
1335 3326 1392 3373 et
1441 3318 1701 3371 dixerunt
1753 3322 2007 3386 oportere
2072 3328 2131 3368 se

534 3431 737 3471 uxores
780 3415 1016 3476 ducere,
1054 3429 1177 3468 cum
1229 3426 1336 3466 non
1371 3409 1583 3481 possint
1618 3409 1698 3464 sic
1738 3421 1985 3469 manere,
2018 3405 2055 3459 ii
2086 3406 2132 3459 si

536 3522 766 3564 uxorem
797 3516 987 3577 postea
1011 3506 1287 3572 duxerint,
1317 3504 1429 3559 sint
1458 3503 1511 3556 in
1536 3501 1863 3566 ministerio,
1896 3515 1963 3554 eo
1986 3498 2132 3569 quod

534 3601 641 3655 hoc
678 3599 751 3654 sit
800 3599 908 3653 illis
940 3597 1009 3652 ab
1038 3598 1301 3667 episcopo
1336 3610 1684 3652 concessum.
1731 3594 1786 3648 Si
1818 3593 1915 3664 qui
1944 3603 2132 3647 autem

535 3694 642 3748 hoc
671 3692 891 3748 silentio
930 3691 1243 3761 praeterito,
1301 3699 1356 3745 et
1407 3689 1461 3743 in
1512 3686 1899 3751 ordinatione,
1952 3694 2012 3740 ut
2060 3686 2133 3740 ita

538 3793 857 3849 manerent,
896 3783 1138 3852 suscepti
1179 3788 1337 3844 sunt,
1388 3788 1577 3851 postea
1612 3787 1794 3833 autem
1837 3778 1904 3833 ad
1944 3776 2136 3832 matri-

535 3873 784 3928 monium
816 3882 1107 3938 venerunt,
1147 3873 1181 3926 ii
1211 3888 1241 3926 a
1274 3871 1569 3926 diaconatu
1606 3876 1844 3924 cessent.

608 3966 696 4021 14.
741 3964 844 4033 Qui
885 3967 938 4019 in
971 3965 1119 4021 clero
1166 3974 1334 4032 sunt,
1379 3965 1723 4036 presbyteros
1751 3964 1832 4017 vel
1866 3962 2135 4016 diaconos

536 4073 567 4112 a
602 4057 865 4113 carnibus
899 4057 1238 4113 abstinentes
1265 4100 1279 4125 ,
1326 4057 1507 4111 visum
1549 4063 1632 4110 est
1676 4070 1771 4109 eas
1822 4054 2093 4123 attingere
2119 4094 2133 4117 ,

535 4160 593 4207 et
622 4154 724 4219 sic,
749 4161 808 4206 ut
837 4152 1025 4218 velint,
1062 4151 1130 4206 ab
1160 4151 1240 4205 eis
1277 4150 1574 4205 abstinere.
1618 4148 1674 4202 Si
1726 4157 1908 4203 autem
1960 4147 2139 4201 nolint

536 4242 687 4298 olera
716 4283 730 4307 ,
771 4257 898 4312 quae
926 4257 1051 4296 cum
1086 4240 1347 4295 carnibus
1385 4248 1761 4310 apponuntur,
1807 4237 2138 4306 comedere,

535 4343 591 4391 et
624 4335 825 4391 canoni
856 4350 963 4391 non
993 4333 1234 4401 cedant,
1287 4333 1357 4389 ab
1390 4333 1585 4387 ordine
1630 4346 1870 4387 cessare.

601 4520 690 4577 18.
726 4519 784 4575 Si
815 4520 909 4591 qui
948 4518 1235 4576 constituti
1292 4518 1561 4590 episcopi,
1606 4526 1740 4583 etc.,
1769 4526 1827 4571 ut
1850 4534 1970 4589 pag.
2000 4517 2135 4574 506.

895 4696 1120 4753 Concilii
1155 4696 1508 4751 Ca’sareensis
1531 4712 1703 4750 canon
1726 4696 1778 4750 1.

608 4790 662 4845 1.
695 4788 987 4861 Presbyter
1013 4791 1058 4845 si
1086 4805 1311 4844 uxorem
1346 4788 1600 4856 duxerit,
1625 4798 1756 4856 etc.,
1792 4800 1848 4841 ut
1870 4805 1991 4860 pag.
2021 4788 2146 4844 739.

699 4882 1265 4938 ConciliiAntioc/zeni
1296 4899 1525 4938 canones
1558 4883 1609 4948 1,
1639 4883 1693 4949 '5,
1732 4882 1787 4950 4,
1813 4882 1980 4951 5,13.

612 4976 665 5030 1.
693 4974 899 5032 Omnes
924 4978 1017 5048 qui
1039 4978 1261 5043 audent,
1288 4985 1419 5043 etc.,
1443 4985 1500 5029 ut
1525 4992 1649 5046 pag.
1674 4974 1799 5031 659.

612 5069 667 5127 ὃ.
704 5069 761 5124 Si
786 5070 908 5141 quis
944 5070 1249 5142 presbyter,
1280 5071 1362 5125 vel
1411 5070 1699 5137 diaconus,
1739 5070 1828 5125 vel
1855 5071 1980 5141 quis
2020 5086 2140 5125 om-

541 5160 674 5216 nino
700 5176 767 5217 ex
806 5162 1133 5218 sacerdotali
1157 5164 1350 5219 ordine
1369 5163 1557 5218 relicta
1583 5177 1682 5218 sua
1706 5163 1989 5233 parochia,
2011 5173 2139 5231 etc.,

540 5261 597 5304 ut
621 5268 741 5322 pag.
780 5251 906 5307 658.

614 5343 777 5415 275
817 5345 871 5401 4.
929 5343 985 5399 Si
1037 5346 1163 5417 quis
1197 5346 1491 5417 episcopus
1528 5361 1558 5400 a
1594 5347 1805 5418 synodo
1830 5346 2136 5419 depositus,

536 5447 669 5504 etc.,
705 5448 759 5491 ut
794 5438 1061 5508 pag.90|.

615 5532 669 5587 5.
716 5533 773 5585 Si
825 5530 952 5601 quis
999 5531 1287 5603 presbyter
1320 5531 1401 5587 vel
1428 5533 1694 5589 diaconus
1719 5535 1944 5606 proprio
2002 5548 2136 5589 con-

542 5630 750 5693 tempto
781 5624 1060 5694 episcopo,
1096 5625 1164 5679 ab
1197 5624 1441 5681 Ecclesia
1473 5627 1717 5697 seipsum
1750 5628 2139 5700 segregaverit,

534 5724 672 5781 etc.,
717 5726 773 5769 ut
830 5733 953 5788 pag.
1023 5717 1150 5773 585.

609 5892 656 5925 ⁸⁸
695 5895 991 5972 Mattli.vt,
1031 5903 1124 5957 24.
1217 5903 1654 5980 ⁸³,11ιιιιιι.ξιχιι,
1681 5909 1774 5964 21.

1882 5909 1928 5941 ⁸⁵
1954 5909 2146 5981 Apost.
2183 5911 2280 5978 44;
2316 5912 2484 5970 Laod.
2516 5912 2583 5981 5;
2624 5912 2826 5973 Leonis
2857 5917 3139 5987 5;.Gelas.
3178 5918 3265 5973 15.

2231 2037 2287 2075 κ.
2303 2035 2355 2074 τ.
2375 2018 2424 2073 λ.

2305 2110 2389 2177 ιζ’.
2436 2112 2656 2186 Ἐπειδὴ
2696 2114 2883 2169 πολλοὶ
2910 2116 2969 2169 ἐν
2995 2114 3075 2187 τῷ
3105 2115 3291 2169 κανόνι
3309 2116 3715 2187 ἐξεταζόμενοι,
3740 2122 3837 2190 τὴν

2232 2204 2546 2270 πλεονεξίαν
2572 2206 2667 2259 καὶ
2689 2206 2788 2278 τὴν
2819 2207 3271 2279 αἰσχροκέρδειαν
3306 2208 3835 2276 διώκοντες,ἐπελά-

2233 2298 2388 2351 θοντο
2448 2298 2544 2352 τοῦ
2564 2298 2709 2353 θείου
2747 2299 3078 2371 Γράμματος
3119 2300 3402 2369 λέγοντος·
3456 2304 3529 2359 Τὸ
3556 2305 3837 2375 ἀργύριον

2232 2391 2421 2447 αὐτοῦ
2455 2394 2569 2447 οὐκ
2591 2392 2819 2447 ἔδωκεν
2839 2392 2939 2447 ἐπὶ
2980 2396 3157 2460 τόκῳ,
3186 2396 3281 2449 καὶ
3327 2396 3672 2463 δανείζοντες
3707 2400 3835 2454 ἐκα-

2232 2485 2432 2549 τοστάς
2465 2485 2790 2541 ἀπαιτοῦσιν
2815 2528 2831 2553 ,
2890 2487 3211 2542 ἐδικαίωσεν
3242 2491 3275 2560 ἠ
3306 2489 3441 2558 ἁγία
3475 2491 3573 2545 καὶ
3627 2493 3834 2564 μεγάλη

2236 2579 2475 2645 σύνοδος,
2506 2578 2582 2643 ὡς
2629 2580 2682 2633 εί
2728 2597 2814 2645 τις
2860 2580 3113 2652 εὑρεθείη
3163 2582 3303 2652 μετὰ
3350 2584 3440 2637 τὸν
3471 2584 3601 2657 ὃρον
3648 2586 3832 2641 τοῦτον

2232 2674 2426 2737 τόκους
2450 2672 2768 2744 λαμϐάνων,
2801 2676 2865 2729 ἐκ
2900 2675 3353 2746 μεταχειρίσεως,
3378 2676 3410 2747 ἢ
3431 2678 3613 2744 ἄλλως
3649 2696 3836 2750 μετερ-

2234 2767 2463 2837 χόμενος
2503 2766 2564 2821 τὸ
2604 2768 2873 2840 πρᾶγμα,
2909 2767 2941 2838 ἢ
2996 2767 3254 2839 ἡμιολίας
3304 2770 3563 2825 ἀπαιτῶν
3587 2812 3601 2837 ,
3651 2771 3834 2842 ἣόλως

2235 2859 2425 2930 ἕτερόν
2453 2877 2507 2913 τι
2533 2860 2766 2913 ἐπινοῶν
2810 2858 3038 2931 αἰσχροῦ
3069 2860 3296 2931 κέρδους
3348 2862 3538 2929 ἕνεκα,
3576 2866 3834 2936 καθαιρε-

2235 2954 2463 3024 θήσεται
2489 2953 2583 3007 τοῦ
2612 2952 2839 3025 κλήρου,
2872 2954 2967 3008 καὶ
2994 2954 3277 3027 ἀλλότριος
3298 2955 3393 3009 τοῦ
3410 2957 3637 3022 κανόνος
3666 2958 3832 3011 ἔσται.

2448 3121 2721 3178 Συνοδου
2773 3123 3054 3193 Ἀγκύρας
3086 3124 3290 3179 κανὼν
3315 3133 3369 3192 ι’,
3400 3126 3458 3180 ιδ’
3472 3168 3486 3193 ,
3536 3135 3627 3197 ιη’.

2309 3221 2361 3269 ι’.
2388 3215 2636 3270 Διάκονοι
2667 3216 2782 3269 ὅσοι
2801 3216 3179 3280 καθίστανται,
3202 3221 3332 3287 παρ’
3351 3219 3525 3290 αὐτὴν
3548 3221 3644 3291 τὴν
3677 3220 3837 3272 κατά-

2239 3323 2430 3360 στασιν
2461 3308 2511 3360 εί
2547 3307 2928 3379 ἐμαρτύραντο
2970 3309 3064 3362 καὶ
3097 3310 3304 3379 ἔφασαν
3333 3313 3539 3383 χρῆναι
3573 3316 3831 3384 γαμῆσαι,

2240 3398 2315 3470 μὴ
2344 3399 2631 3469 δυνάμενοι
2672 3398 2847 3463 οὕτως
2878 3397 3247 3471 μένειν,οὗτοι
3271 3409 3409 3477 μετὰ
3440 3409 3620 3462 ταῦτα
3663 3410 3835 3478 γαμή-

2238 3510 2451 3556 σαντες,
2465 3493 2712 3547 ἐστωσαν
2730 3495 2788 3547 ἐν
2808 3497 2874 3566 τῇ
2894 3495 3171 3569 ὑπηρεσίᾳ
3189 3498 3275 3553 διὰ
3294 3500 3352 3553 τὸ
3366 3503 3738 3573 ἐπιτραπῆναι
3755 3504 3837 3555 αὺ-

2240 3587 2355 3648 τοῖς
2380 3584 2484 3638 ὑπὸ
2507 3585 2602 3638 τοῦ
2625 3586 2954 3641 ἐπισκόπου·
2977 3588 3138 3641 τοῦτο
3153 3590 3210 3643 δὲ
3227 3593 3280 3643 εἴ
3297 3610 3440 3657 τινες
3463 3597 3834 3667 σιωπήσαντες

2238 3678 2332 3731 καὶ
2373 3677 2803 3748 καταδεξάμενοι
2855 3681 2914 3733 ἐν
2970 3684 3036 3754 τῇ
3069 3686 3377 3756 χειροτονίᾳ
3419 3687 3608 3756 μένειν
3649 3686 3833 3749 οὕτως,

2240 3769 2381 3838 μετὰ
2412 3769 2583 3824 ταῦτα
2614 3766 2778 3842 ἦλθον
2808 3771 2903 3825 ἐπὶ
2925 3774 3128 3844 γάμον,
3162 3776 3482 3831 πεπαῦσθαι
3525 3779 3719 3841 αὐτοὺς
3744 3780 3835 3847 τῆς

2237 3863 2538 3927 διακονίας.

2313 3955 2394 4011 ιδ’.
2426 3958 2563 4021 Τοὺς
2588 3959 2644 4009 ἐν
2676 3958 2864 4030 κλήρῳ
2884 3960 3291 4033 πρεσϐυτέρους
3310 3962 3471 4027 ὄντας
3487 3965 3523 4036 ἢ
3543 3963 3832 4024 διακόνους,

2240 4050 2334 4102 καὶ
2377 4051 2753 4122 ἀπεχομένους
2796 4053 2975 4124 κρεῶν
3009 4093 3025 4119 ,
3073 4053 3252 4119 ἔδοξεν
3316 4056 3684 4125 ἐφάπτεσθαι·
3739 4056 3828 4107 καὶ

2239 4143 2415 4208 οὕτως
2441 4187 2454 4211 ,
2489 4146 2539 4198 εί
2571 4144 2848 4216 βούλοιντο
2904 4150 3125 4218 κρατεῖν
3157 4149 3390 4203 ἐαυτῶν·
3426 4151 3561 4204 εἰδὲ
3619 4148 3825 4221 βδελύσ-

2244 4253 2421 4290 σοιντο
2455 4236 2532 4301 ὡς
2567 4239 2643 4309 μὴ
2674 4238 2731 4292 δὲ
2754 4238 2823 4292 τά
2861 4240 3000 4309 μετὰ
3034 4241 3142 4295 τῶν
3182 4243 3365 4314 κρεῶν
3417 4243 3721 4315 βαλλόμενα
3741 4241 3829 4294 λά-

2242 4344 2379 4396 χανα
2414 4327 2636 4394 ἐσθίειν,
2676 4332 2771 4383 καὶ
2803 4330 2881 4401 μὴ
2918 4331 3196 4387 ὑπείκοιεν
3247 4334 3324 4405 τῷ
3387 4336 3599 4400 κανόνι,
3629 4330 3830 4388 πεπαῦ-

2245 4420 2370 4472 σθαι
2392 4420 2587 4485 αὑτοὺς
2614 4423 2713 4492 τῆς
2738 4421 2967 4488 τάξεως.

2318 4520 2409 4582 ιη’.
2442 4514 2510 4567 Oi'
2534 4532 2678 4579 τινες
2707 4516 2998 4570 ἐπίσκοποι
3044 4520 3479 4587 κατασταθέντες
3514 4521 3608 4576 καὶ
3648 4519 3721 4591 μὴ
3749 4516 3830 4569 δε-

2174 4617 2217 4674 D
2246 4606 2471 4676 χθέντες
2500 4625 2555 4665 κ.
2587 4625 2640 4664 τ.
2662 4610 2711 4663 λ.

2566 4704 2837 4760 Συνόδου
2867 4708 3226 4776 Καισαρείας
3260 4709 3465 4763 κανὼν
3487 4715 3560 4762 α’.

2318 4791 2788 4870 α’ρΠρεσϐύτερος
2820 4800 2916 4855 ἐὰν
2938 4803 3115 4874 γήμῃ,
3147 4820 3201 4857 κ.
3241 4821 3291 4856 τ.
3328 4808 3378 4859 λ.

2314 4887 2589 4942 Συνόδου
2642 4890 3009 4961 Ἀντιοχείας
3043 4894 3247 4949 κανὼν
3279 4904 3349 4964 α’,
3373 4905 3442 4968 γ’,
3474 4900 3540 4968 δ’,
3584 4906 3646 4967 ε’,
3674 4902 3762 4966 ιγ’.

2312 4985 2381 5033 α’.
2416 4981 2632 5045 Πάντας
2654 4983 2778 5047 τοὺς
2810 4985 3149 5056 τολμῶντας,
3178 5005 3231 5041 κ.
3266 5008 3318 5043 τ.
3354 4990 3404 5045 λ.

2309 5079 2379 5141 γ’.
2412 5073 2480 5127 Et
2501 5091 2585 5138 τις
2616 5076 3015 5148 πρεσϐύτερος,
3041 5080 3073 5151 ἢ
3097 5080 3364 5149 διάκονος,
3392 5084 3425 5155 ἢ
3455 5085 3593 5149 ὅλως
3609 5082 3713 5138 τῶν
3739 5076 3823 5133 τοῦ

2251 5166 2549 5238 ἱερατείου,
2574 5168 2893 5225 καταλιπὼν
2920 5171 3018 5243 τὴν
3050 5174 3247 5228 ἑαυτοῦ
3278 5180 3596 5248 παροικίαν,
3620 5195 3674 5232 κ.
3700 5193 3747 5228 τ.
3775 5176 3819 5225 λι

2316 5349 2378 5405 δ’.
2394 5351 2554 5416 Είτις
2568 5353 2867 5419 ἐπίσκοπος
2889 5355 2994 5410 ὑπὸ
3018 5357 3236 5412 συνόδου
3260 5359 3628 5432 καθαιρεθεὶς,
3647 5374 3699 5412 κ.
3716 5351 3819 5408 τ.λ.

2314 5535 2374 5591 ε’.
2411 5538 2477 5591 Εἴ
2504 5556 2587 5603 τις
2628 5541 3001 5615 πρεσϐύτερος
3031 5543 3063 5613 ἢ
3090 5544 3357 5610 διάκονος,
3415 5542 3816 5615 καταφρονήσας

2249 5629 2343 5682 τοῦ
2372 5630 2502 5683 ἰδίου
2538 5633 2863 5699 ἐπισκόπου,
2894 5635 3171 5709 ἀφώρισεν
3223 5639 3416 5694 ἑαυτὸν
3468 5643 3567 5711 τῆς
3608 5634 3817 5699 ἘκκλτΓ

2252 5723 2391 5788 σίας,
2425 5741 2478 5778 κ.
2510 5742 2561 5777 τ.
2605 5725 2655 5779 λ.

3384 5918 3429 5951 ⁸⁸
3461 5913 3602 5974 Psal.
3638 5919 3739 5971 xw,
3769 5896 3813 5953 5-
