4156 6430
394 418 506 483 ’719

406 602 413 608 η
475 534 567 605 ιγ’.
608 536 829 608 Μηδένα
857 535 1157 591 ἐπίσκοπον
1176 535 1406 605 τολμᾷν,
1434 552 1487 588 κ.
1522 552 1573 589 τ.
1610 534 1657 585 λ.

731 630 1007 686 Συνόδου
1068 628 1330 699 Ἐφέσου
1378 627 1580 681 κανὼν
1628 626 1692 695 ﬁ"

477 722 543 794 β’.
574 724 642 777 Ei.’
664 740 809 787 τινες
844 721 1198 795 ἐπαρχεῶται
1228 720 1517 774 ἐπίσκοποι
1544 762 1558 786 ,
1590 718 2001 789 ἀπελείφθησαν

402 821 501 891 τῆς
530 818 694 887 ἁγίας
726 817 965 883 συνόδου,
1000 819 1094 870 καὶ
1127 819 1195 887 τῇ
1219 816 1526 887 ἀποστασία
1562 816 1999 885 προσετέθησαν,

402 914 437 984 ἢ
467 911 838 983 προστεθῆναι
863 911 1179 981 πειραθεῖεν
1213 952 1227 975 ,
1258 910 1293 979 ἢ
1336 910 1430 962 καὶ
1461 907 1879 978 ὑπογράψαντες
1932 910 1999 979 τῇ

402 1007 701 1078 Νεστορίου
736 1006 1063 1078 καθαιρέσει
1109 1005 1589 1075 ἐπαλινδρόμησαν
1628 1006 1766 1073 πρὸς
1813 1004 1874 1056 τὸ
1900 1004 2002 1073 τῆς

400 1098 744 1161 ἁποστασίας
777 1097 1077 1167 συνέδριον,
1117 1097 1343 1160 τούτους
1371 1097 1549 1166 πάντη
1582 1094 1726 1149 κατὰ
1755 1095 1814 1148 τὸ
1840 1094 1998 1160 δόξαν

401 1193 468 1261 τῇ
504 1190 635 1262 ἁγίᾳ
670 1189 894 1260 συνόδῳ,
916 1189 1232 1262 ἀλλοτρίους
1265 1186 1404 1243 εἶναι
1436 1188 1536 1258 τῆς
1569 1187 1871 1259 ἱερωσύνης
1904 1189 2001 1241 καὶ

401 1284 496 1339 τοῦ
529 1282 737 1354 βαθμοῦ
769 1282 1160 1346 ἐκπίπτοντας.

558 1375 835 1431 Συνόδου
861 1375 1256 1444 Χαλκηδόνος
1290 1375 1494 1429 κανὼν
1521 1374 1587 1445 β’,
1632 1381 1725 1445 ιη’,
1751 1374 1855 1439 κζ’.

476 1470 542 1542 β’.
574 1469 643 1524 Εἴ
666 1487 751 1533 τις
766 1470 1069 1533 ἐπίσκοπος
1088 1470 1182 1523 ἐπὶ
1211 1473 1461 1543 χρήμασι
1479 1469 1822 1541 χειροτονίαν
1853 1470 2007 1539 ποιή-

402 1581 580 1631 σαιτο,
608 1582 665 1619 κ.
698 1581 749 1617 τ.
781 1563 831 1616 λ.

476 1656 567 1729 ιη’.
603 1658 677 1711 Τὸ
708 1658 807 1729 τῆς
839 1656 1185 1729 συνωμοσίας
1242 1656 1276 1727 ἢ
1310 1656 1543 1727 φατρίας
1568 1654 1844 1726 ἔγκλημα,
1906 1655 2005 1709 καὶ

403 1751 557 1821 παρὰ
588 1750 695 1804 τῶν
732 1751 838 1817 ἐξω
889 1750 1069 1821 νόμων
1104 1751 1281 1820 πάντη
1324 1747 1657 1813 κεκώλυται,
1720 1748 1901 1819 πολλῷ
1938 1748 2003 1820 δὴ

404 1842 610 1915 μᾶλλον
666 1844 726 1897 ἐν
759 1845 827 1914 τῇ
862 1842 955 1895 τοῦ
1021 1840 1159 1896 Θεοῦ
1198 1840 1501 1911 Ἐκκλησία
1546 1840 1706 1893 τοῦτο
1756 1840 2004 1910 γίνεσθαι

1194 418 1597 479 SYNTAGMA
1637 418 2029 479 CANONUM.
2059 420 2288 481 *TlT.
2334 420 2439 495 IX,
2481 420 2640 481 CAP.
2680 422 2835 482 XIV.

3594 432 3698 494 756

2026 545 2072 596 Α
2174 534 2260 588 15.
2300 531 2494 589 Nullus
2525 534 2818 604 episcopus
2842 535 3061 601 amicat,
3091 544 3221 602 ctc.,
3253 548 3308 591 ut
3348 554 3471 608 pag.
3501 538 3628 597 475.

2514 626 2742 682 Concilii
2769 628 3023 693 Epltesini
3040 647 3207 684 canon
3232 630 3287 683 2.

2176 720 2231 774 2.
2270 719 2327 774 Si
2396 720 2488 789 qui
2534 732 2716 775 autem
2750 722 3143 793 fprovincialcs
3174 722 3414 792 episcopi
3446 738 3474 776 a
3507 733 3701 777 sancta

2107 809 2318 881 synodo
2354 810 2666 874 abfuerint,
2702 821 2756 865 et
2789 810 3177 865 deﬁcientibus
3212 810 3539 865 adlizeserint
3561 851 3576 875 ,
3610 821 3704 865 ant

2106 900 2390 955 adhzerere
2425 901 2779 962 tcutaverint,
2812 902 2894 954 vel
2929 900 3095 955 etiam
3128 910 3418 970 postquam
3455 901 3704 956 subscri-

2106 1000 2337 1063 pserunt
2365 989 2603 1046 Nestor-ii
2638 992 2970 1062 depositioni
2999 1033 3012 1057 ,
3046 1008 3243 1047 rursus
3277 992 3345 1046 ad
3380 990 3705 1047 defectionis

2103 1101 2432 1141 consessum
2458 1094 2827 1151 recurrcrunt,
2879 1088 3014 1141 istos
3037 1086 3241 1155 placuit
3271 1094 3477 1141 sanctre
3496 1087 3705 1158 synodo

2106 1178 2327 1248 penitus
2370 1177 2580 1233 alienos
2624 1192 2748 1233 esse
2788 1178 3131 1244 sacerdotio,
3178 1187 3233 1234 et
3271 1194 3300 1232 a
3342 1179 3514 1250 gradu
3560 1180 3704 1234 ccci-

2107 1269 2276 1324 disse.
2780 1280 2781 1283 ‘

2182 1360 2413 1415 Coucilii
2458 1359 2901 1416 Chalcedonensis
2953 1378 3177 1416 canones
3223 1361 3293 1423 2,
3336 1360 3556 1425 18,27.

2178 1458 2235 1512 2.
2275 1457 2334 1511 Si
2383 1459 2509 1528 quis
2574 1459 2869 1528 episcopus
2918 1468 3137 1528 proriter
3169 1462 3435 1528 pecunias
3464 1459 3695 1514 ordina-

2107 1551 2309 1606 tionem
2345 1551 2556 1616 fecerit,
2592 1560 2724 1614 ctc.,
2760 1560 2817 1603 ut
2850 1567 2971 1621 pag.
3008 1551 3134 1605 515.

2183 1645 2268 1699 18.
2334 1644 2750 1712 Conjurationis
2821 1645 2903 1697 vel
2975 1644 3287 1699 sodalitatis
3366 1646 3573 1699 crimen
3638 1646 3705 1698 ab

2108 1736 2456 1792 exter-uitatis
2506 1737 2671 1789 ctiam
2721 1734 2934 1802 legibus
2955 1745 3037 1789 est
3068 1736 3294 1790 omnino
3336 1736 3703 1805 prohibitum:

2114 1831 2287 1883 multo
2315 1829 2492 1897 magis
2548 1828 2652 1881 hoc
2686 1839 2873 1881 autem
2925 1828 2977 1881 in
3013 1826 3107 1883 Dei
3160 1828 3390 1882 ecclesia
3427 1828 3543 1881 ﬁeri
3579 1844 3710 1897 pro-

400 1904 773 2006 διπαγορεύειν
800 1904 1113 2005 ’προσήκεμ
1146 1932 1212 1985 Ei’
1242 1904 1400 1995 τινες.
1432 1904 1614 1986 τοίνυν
1663 1904 1937 2003 κληρικοὶ,
1973 1933 2006 2003 ἢ
2042 1904 2051 1957 1

2125 1920 2314 1973 bibere
2369 1926 2610 1987 oportet.
2650 1915 2705 1969 Si
2744 1916 2837 1984 qui
2896 1931 3027 1984 ergo
3083 1914 3269 1969 clerici
3321 1915 3404 1968 vel
3453 1913 3711 1968 monachi

404 2029 733 2101 μονάζοντες
764 2027 1060 2100 εὑρεθεῖεν,
1095 2026 1128 2092 ἢ
1162 2024 1585 2096 συνομνύμενοι,
1618 2024 1650 2094 ἢ
1683 2025 2012 2096 φατριὰζον-

402 2141 517 2191 τες,
552 2124 585 2196 ἢ
620 2124 969 2185 κατασκευὰς
1027 2122 1349 2193 τυρεύοντες
1400 2120 1723 2182 ἐπισκόποις
1756 2120 1788 2191 ἢ
1818 2120 2012 2191 κληρι-

401 2217 544 2282 κοῖς,
586 2215 1004 2270 ἐκπιπτέτωσαν
1035 2215 1215 2285 πάντη
1250 2213 1344 2267 τοῦ
1368 2214 1572 2267 οἰκείου
1615 2212 1851 2283 βαθμοῦ.

478 2399 741 2465 κζ’.Τοῦς
759 2399 1111 2472 ἁρπάζοντας
1154 2402 1425 2469 γυναῖκας
1454 2401 1797 2471 ἐπ’όνόματι
1840 2418 2017 2454 συνοι-

400 2494 615 2558 κεσίου,
642 2493 675 2562 ἢ
700 2492 1169 2563 συμπράττοντας.
1195 2491 1228 2561 ἢ
1258 2492 1681 2563 συναιρομένους
1707 2496 1818 2556 τοῖς
1837 2493 2021 2562 ἁρπά-

402 2585 616 2650 ζουσιν,
661 2583 863 2654 ὥρισεν
894 2582 1085 2655 ηάγία
1118 2582 1359 2647 σύνοδος,
1391 2586 1440 2637 εἰ
1469 2584 1567 2655 μὲν
1600 2584 1854 2656 κληρικοὶ
1884 2579 2018 2648 εἷεν,

403 2676 704 2731 ἐκπίπτειν
719 2676 813 2730 τοῦ
836 2675 966 2730 ίδίου
989 2674 1221 2747 βαθμοῦ·
1249 2678 1296 2728 εἰ
1318 2676 1376 2730 δέ
1401 2676 1602 2744 λαῖκοὶ,
1622 2676 2021 2748 ἀναθεματίζε-

406 2768 558 2825 σθαι.

726 2861 1002 2917 Συνόδου
1024 2862 1333 2933 Σαρδικῆς
1364 2863 1566 2917 κανὼν
1586 2870 1696 2920 κα’.

485 2953 800 3018 Γαυδέντιος
836 2956 1135 3020 ἐπίσκοπος
1191 2950 1337 3009 εἶπεο
1387 2955 1563 3010 ταῦτα
1610 2956 1679 3010 τὰ
1742 2973 2023 3029 σωτηριω-

408 3048 545 3112 δὼς,
578 3066 633 3102 κ.
667 3066 717 3101 τ.
755 3047 806 3102 λ.

489 3144 600 3197 Καὶ
626 3141 785 3196 τοῦτο
812 3142 869 3196 δέ
895 3142 1107 3197 ἐκεῖθεν
1141 3143 1380 3215 μάλιστα
1414 3144 1696 3219 γνώριμον
1726 3144 2024 3216 γενήσεται

412 3239 513 3293 καὶ
544 3236 990 3309 πληρωθήσεται,
1020 3255 1075 3291 κ.
1102 3255 1153 3292 τ.
1182 3238 1234 3293 λ.

414 3329 693 3385 Συνόδου
732 3330 1154 3399 οἱκουμενικῆς
1211 3330 1393 3398 ἕκτης
1443 3332 1645 3388 κανὼν
1664 3339 1736 3404 γ’,
1761 3332 1827 3398 δ’,
1858 3339 1921 3399 ε’,
1953 3331 2017 3397 θ’,

992 3428 1043 3487 ι’,
1075 3420 1161 3489 ια’,
1195 3424 1303 3488 πζ’,
1339 3425 1453 3491 ις’,

492 3514 631 3584 Περὶ
663 3514 871 3582 ἱερέων
904 3514 1006 3568 καὶ
1047 3517 1373 3584 κληρικῶν.

492 3618 564 3679 γ’.
603 3607 824 3679 Ἐπειδὴ
855 3607 911 3662 δὲ
942 3609 970 3661 ὁ
1002 3609 1234 3683 εὐσεϐὴς
1268 3611 1364 3665 καὶ
1386 3611 1733 3683 φιλόχριστος
1754 3612 1912 3683 ἡμῶν
1928 3611 2024 3682 βα-

419 3705 626 3770 σιλεὺς,
657 3723 713 3759 κ.
743 3723 793 3758 τ.
824 3705 876 3759 λ.

492 3799 558 3854 δ’.
590 3800 659 3854 Εἴ
682 3818 768 3864 τις
821 3800 1119 3864 ἐπίσκοπος
1140 3843 1155 3865 ,
1197 3799 1230 3871 ἢ
1259 3797 1650 3869 πρεσϐύτερος,
1688 3797 1720 3867 ἢ
1753 3796 2022 3861 διάκονος,

419 3894 456 3964 ἢ
494 3892 871 3958 ύποδιάκονος,
904 3893 936 3964 ἢ
961 3894 1339 3962 ἀναγνώστης,
1366 3892 1399 3961 ἢ
1424 3891 1658 3961 ψάλτης,
1692 3891 1725 3960 ἢ
1753 3890 2022 3962 θυρωρὸς,

425 3988 655 4054 γυναικὶ
686 3985 1046 4059 ἁφιερωμένῃ
1098 3985 1219 4057 Θεῷ
1254 3982 1498 4053 μιχθείη,
1532 3981 1926 4051 καταιρείσθω,
1950 3981 2026 4045 ὼς

418 4080 525 4151 τὴν
555 4079 775 4151 νύμφην
813 4080 909 4134 τοῦ
967 4082 1213 4153 Χριστοῦ
1251 4078 1593 4150 διαφθείρας·
1638 4081 1686 4131 εἰ
1733 4078 1791 4131 δὲ
1815 4077 2022 4142 λαῖκὲς,

420 4172 795 4242 ἁφοριζέσθω.

498 4264 562 4319 ε’.
604 4265 811 4334 Μηδεὶς
854 4263 963 4318 τῶν
1020 4266 1078 4318 ἐν
1118 4262 1380 4336 ἱερατικῷ
1420 4259 1880 4331 καταλεγομένων
1932 4260 2030 4313 τά-

422 4374 600 4429 γματι
629 4375 754 4412 κ.τ.
785 4358 837 4411 λ.

503 4451 568 4506 θ’.
596 4450 801 4520 Μηδενὶ
828 4449 1028 4517 ἐξεῖναι
1065 4448 1312 4520 κληρικῷ
1344 4448 1651 4520 καπηλικὸν
1682 4448 1834 4521 ἔχειν
1869 4450 2030 4519 ἐργα-

427 4546 674 4618 στήριον.
710 4544 774 4598 Εἰ
808 4544 918 4614 γάρ
977 4542 1056 4613 τῷ
1094 4542 1320 4612 τοιούτῳ
1380 4543 1605 4597 εἰσιέναι
1645 4544 1702 4595 ἐν
1746 4542 2031 4613 καπηλείῳ

2117 2010 2327 2067 inventi
2354 2008 2581 2072 fuerint,
2639 2024 2699 2063 se
2721 2008 3015 2078 jactantes,
3052 2006 3133 2059 vel
3189 2006 3510 2061 sodalitates
3561 2021 3714 2060 com-

2117 2114 2413 2175 parantes,
2444 2103 2527 2155 vel
2570 2101 2775 2171 aliquid
2830 2108 3108 2154 struentes
3151 2114 3217 2152 ac
3272 2098 3566 2153 molientes
3620 2099 3715 2151 ad-

2116 2214 2311 2253 versus
2330 2197 2620 2267 episcopos
2650 2209 2715 2249 ac
2743 2192 2999 2257 clericos,
3032 2192 3259 2262 proprio
3290 2191 3465 2262 gradu
3490 2191 3714 2246 omnino

2118 2289 2392 2344 excident.

2192 2382 2284 2435 27.
2331 2380 2438 2435 Eos
2472 2380 2564 2449 qui
2602 2377 2824 2433 nomine
2879 2376 3121 2446 coniugii
3174 2375 3437 2432 mulieres
3494 2376 3721 2446 rapiunt

2122 2474 2208 2529 vel
2256 2490 2413 2543 opem
2446 2473 2655 2539 ferunt,
2716 2486 2781 2526 ac
2813 2470 3170 2525 consentiunt
3218 2469 3285 2525 iis
3326 2470 3420 2538 qui
3470 2471 3716 2540 rapiunt,

2126 2569 2320 2624 statuit
2380 2566 2644 2639 synodus,
2716 2564 2762 2619 si
2824 2564 2933 2618 sint
2981 2562 3200 2632 quidem
3242 2562 3451 2622 clerici,
3495 2562 3721 2631 proprio

2124 2660 2296 2730 gradu
2318 2659 2603 2723 excidere;
2636 2656 2720 2709 sin
2747 2664 2927 2710 autem
2961 2653 3108 2721 laici,
3132 2653 3608 2707 anathematizari.

2464 2874 2692 2930 Concilii
2718 2871 3056 2928 Sardiccnsis
3097 2888 3267 2924 canon
3298 2870 3389 2925 21.

2199 2973 2291 3026 21.
2313 2970 2658 3026 Gaudentius
2702 2966 2993 3038 episeopus
3017 2966 3153 3019 dixit
3184 2983 3196 3019 :
3226 2963 3353 3021 lbec
3383 2966 3720 3033 salutariter,

2129 3073 2261 3127 ctc.,
2290 3072 2349 3116 ut
2386 3079 2513 3133 pag.
2543 3060 2669 3115 666.

2205 3157 2377 3211 Porro
2430 3164 2614 3209 autem
2679 3152 2784 3207 hoc
2809 3167 3030 3223 quoque
3060 3150 3208 3206 illius
3228 3150 3331 3205 erit
3359 3150 3596 3205 maxime
3630 3167 3728 3204 no-

2048 3259 2092 3322 C
2129 3262 2267 3316 tum,
2302 3260 2434 3316 ctc.,
2470 3260 2527 3305 ut
2555 3266 2677 3320 pag.
2705 3248 2833 3304 666.

2203 3344 2371 3416 276
2416 3342 2642 3399 Concilii
2692 3342 2999 3396 cecumenici
3052 3358 3106 3396 vl
3152 3359 3377 3398 canones
3409 3346 3463 3410 5,
3502 3346 3554 3410 4,
3593 3345 3645 3413 ὅ,
3674 3346 3726 3410 9,

2670 3436 2758 3499 1θ,
2791 3437 2877 3502 11,
2907 3436 2996 3504 86,
3028 3436 3119 3493 97.

2210 3531 2282 3586 De
2312 3529 2631 3601 presbyteris
2664 3538 2712 3582 et
2742 3528 2969 3583 clericis.
3442 3598 3443 3605 γ

2204 3628 2261 3681 3.
2297 3626 2571 3693 Quoniam
2596 3625 2857 3695 veroquis
2876 3624 3109 3695 piusCln
3125 3625 3572 3696 istiqueamator,
3594 3637 3726 3691 ctc.,

2136 3733 2194 3777 ut
2221 3740 2345 3792 pag.
2378 3722 2509 3777 511.

2208 3815 2260 3869 4.
2298 3813 2354 3869 Si
2404 3814 2532 3884 quis
2563 3813 2607 3844 ⁸⁷
2642 3814 2959 3883 episcopus,
3010 3813 3090 3866 vel
3125 3813 3426 3886 presbyter,
3482 3815 3564 3870 vel
3616 3817 3735 3870 dia-

2138 3922 2334 3972 conus,
2374 3907 2458 3961 vel
2492 3906 2886 3969 subdiaconus,
2939 3907 3021 3959 vel
3056 3907 3246 3973 lector,
3288 3908 3374 3962 vel
3410 3920 3623 3977 cantor,
3654 3913 3733 3965 vel

2141 4001 2428 4066 ostiarius,
2464 4015 2588 4053 cum
2625 4000 2855 4053 muliere
2892 3999 3000 4053 Deo
3032 3999 3207 4053 dicata
3245 4000 3462 4065 coierit,
3492 4003 3735 4072 deponao

2140 4104 2252 4157 tur,
2282 4104 2339 4149 ut
2368 4093 2463 4163 qui
2492 4092 2694 4148 Christi
2731 4108 2949 4163 sponsae
2980 4094 3170 4147 vitium
3205 4095 3484 4163 attulerit;
3514 4098 3597 4152 sin
3631 4113 3732 4152 au-

2138 4201 2245 4245 tem
2281 4188 2476 4253 laicus,
2513 4199 2851 4259 segregetur.

2212 4282 2263 4336 5.
2300 4282 2503 4346 Nullus
2553 4281 2700 4336 enim
2732 4282 2825 4351 qui
2860 4281 2912 4335 in
2943 4280 3286 4336 sacerdotem
3310 4322 3323 4349 ,
3349 4289 3482 4352 ctc.,
3518 4294 3575 4337 ut
3608 4300 3730 4357 pag.

2138 4375 2265 4431 2|9.

2214 4469 2268 4522 9.
2322 4464 2466 4520 Nulli
2519 4466 2682 4521 licere
2734 4465 2778 4497 ⁸⁸
2828 4466 3028 4521 clerico
3083 4467 3484 4537 cauponariam
3534 4470 3739 4525 habere

2146 4559 2456 4613 tabernam.
2512 4557 2568 4613 Si
2616 4557 2763 4611 enim
2814 4558 2868 4612 in
2904 4574 3212 4629 cauponam
3262 4561 3472 4631 ingredi
3514 4579 3621 4618 non
3654 4574 3741 4621 est

425 4637 530 4691 οὐκ
559 4636 978 4707 ἐπιτέτραπται,
1010 4635 1161 4706 πόσῳ
1198 4634 1399 4705 μᾶλλον
1425 4633 1606 4697 ἄλλοις
1639 4634 1697 4686 ἐν
1723 4633 1900 4703 τούτῳ
1921 4633 2035 4685 δια-

2142 4651 2497 4721 perinissum,
2542 4660 2751 4721 quanto
2807 4651 2981 4720 magis
3030 4651 3153 4705 aliis
3190 4651 3242 4704 in
3278 4667 3339 4705 ea
3398 4654 3739 4721 ministrare,

430 4727 733 4794 κονεῖσθαι,
764 4731 859 4781 καὶ
886 4726 922 4781 ἂ
951 4726 1025 4798 μὴ
1061 4725 1219 4794 θέμις
1256 4724 1406 4795 αὐτῷ
1437 4726 1707 4796 ἐγχειρεῖν
1741 4741 1754 4790 ;
1792 4725 1853 4777 Ei
1886 4724 1943 4777 δέ
1987 4740 2042 4776 τι

430 4820 678 4875 τοιοῦτον
709 4820 1093 4892 διαπράξαιτο,
1130 4818 1163 4887 ἢ
1201 4819 1529 4880 παυσάσθω,
1558 4818 1591 4890 ἢ
1625 4817 2022 4888 καθαιρείσθω.

511 4922 561 4970 ι’.
610 4914 965 4980 Ἐπίσκοπος,
1020 4913 1054 4985 ἢ
1107 4912 1569 4984 πρεσϐύτερος,ἣ
1618 4913 1889 4978 διάκονος,
1949 4911 2041 4964 τό-

431 5024 564 5071 κους
602 5005 757 5077 ἧτάς
805 5006 1106 5077 λεγομένας
1136 5005 1437 5069 ἐκατοστὰς
1469 5004 1790 5076 λαμϐάνων,
1828 5003 2043 5057 παυσά-

434 5099 549 5152 σθω
593 5097 628 5169 ἢ
661 5098 1057 5171 καθαιρείσθω.

509 5199 599 5247 ια’.
639 5192 848 5264 Μηδεὶς
881 5191 991 5245 τῶν
1037 5194 1093 5245 ἐν
1136 5189 1395 5263 ἱερατικῷ
1446 5188 1901 5261 καταλεγομένων
1939 5189 2038 5242 τά·

433 5285 876 5357 γματι,ἦλαῑκδς
890 5283 961 5338 τὰ
981 5284 1133 5356 παρὰ
1158 5285 1267 5338 τῶν
1293 5284 1565 5337 Ἰουδαίων
1584 5282 1771 5353 ἄζυμα
1788 5283 2038 5344 ἐσθιέτω,

434 5379 469 5450 ἢ
497 5378 710 5443 τούτοις
732 5379 1217 5452 προσοικειούσθω,
1256 5378 1288 5450 ἢ
1310 5379 1366 5430 ἐν
1391 5377 1570 5441 νόσοις
1594 5376 2040 5449 προσκαλείσθω,

436 5472 532 5525 καὶ
588 5472 833 5544 ἰατρείας
892 5473 1025 5543 παρ’
1070 5471 1248 5526 αύτῶν
1299 5470 1648 5542 λαμϐανέτω,
1697 5470 1822 5540 ἢέν
1870 5470 2043 5540 βαλα-

437 5567 601 5629 νείοις
630 5565 839 5631 τούτοις
867 5565 1145 5628 παντελῶς
1172 5563 1515 5617 συλλουέσθω
1545 5578 1559 5593 ο
1598 5564 1648 5616 εί
1681 5563 1739 5617 δέ
1763 5581 1848 5627 τις
1880 5564 2041 5617 τοῦτο

439 5657 646 5727 πρᾶξαι
681 5657 1011 5729 ἐπιχειροίη,
1048 5660 1097 5710 εἰ
1130 5656 1230 5728 μὲν
1282 5656 1546 5729 κληρικὸς
1575 5655 1687 5727 εἴη,
1752 5656 2037 5728 καθαιρεί-

443 5748 575 5803 clior
608 5750 655 5803 εί
687 5751 745 5804 δέ
780 5751 989 5818 λαῖκὸς,
1026 5750 1396 5823 ἁφοριζέσθω.

514 5863 557 5894 ⁵⁷
582 5863 785 5939 Confer
814 5882 938 5921 can.
974 5876 1151 5939 apost.
1188 5865 1279 5923 28.

445 5932 669 5993 Laodic.
698 5936 789 6006 57,
822 5939 914 5993 '58.

2145 4751 2202 4799 et
2242 4756 2305 4796 ea
2351 4756 2475 4811 qua:
2524 4755 2633 4794 non
2684 4739 2808 4795 licet
2838 4739 2938 4811 ipsi
2995 4742 3273 4796 tractare?
3304 4740 3361 4796 Si
3393 4744 3525 4813 quid
3554 4754 3739 4802 autem

2143 4834 2251 4891 tale
2282 4833 2495 4899 fecerit,
2533 4832 2615 4887 vel
2643 4842 2842 4900 cesset,
2887 4834 2970 4887 vel
3000 4835 3330 4901 deponatur.

2218 4923 2306 4979 10.
2363 4923 2667 4993 Episc0pus
2697 4922 2767 4987 “,
2824 4928 3126 4995 presbyter,
3170 4930 3255 4980 vel
3302 4927 3594 4997 diaconus,
3646 4934 3740 5001 qui

2147 5031 2371 5078 usuras,
2423 5015 2509 5069 vel
2549 5030 2672 5085 qua:
2712 5016 2973 5071 dicuntur
3021 5020 3355 5076 centesimas
3391 5022 3610 5092 accipit,
3661 5027 3744 5079 vel

2149 5115 2353 5172 ccssct,
2383 5105 2467 5159 vel
2498 5105 2824 5176 deponatur.

2226 5196 2314 5251 11.
2368 5195 2541 5251 Nemo
2594 5212 2786 5252 eorum
2819 5197 2865 5229 ⁸⁵
2923 5199 3016 5269 qui
3059 5200 3114 5253 in
3171 5201 3499 5256 sacerdotali
3553 5204 3747 5259 ordine

2151 5296 2573 5356 enumerantur,
2616 5290 2699 5343 vel
2735 5289 2927 5354 laicus,
2977 5289 3296 5347 Judazorum
3330 5310 3519 5367 azyma
3569 5312 3751 5351 come-

2155 5380 2271 5449 dat,
2300 5382 2385 5436 vel
2420 5383 2587 5437 ullam
2620 5399 2743 5438 cum
2770 5384 2851 5439 eis
2893 5382 3328 5442 familiaritatem
3362 5389 3530 5455 ineat,
3575 5389 3658 5443 vel
3693 5389 3748 5445 in

2157 5473 2367 5527 morbis
2396 5483 2665 5540 accersat,
2700 5473 2782 5529 vel
2809 5474 2878 5528 ab
2903 5475 2985 5529 eis
3033 5476 3336 5533 medicinas
3368 5478 3621 5549 accipiat,
3664 5483 3751 5535 vel

2153 5580 2262 5619 una
2292 5580 2417 5619 cum
2452 5565 2535 5621 eis
2565 5566 2619 5619 in
2650 5566 2861 5622 balneis
2901 5567 3133 5622 lavetur.
3178 5566 3235 5623 Si
3272 5572 3397 5640 quis
3430 5580 3611 5625 autem
3649 5572 3752 5629 boc

2154 5659 2336 5713 facere
2370 5673 2664 5728 aggressus
2692 5658 2877 5725 fuerit,
2928 5660 2974 5715 si
3008 5661 3081 5716 sit
3112 5661 3333 5729 quidem
3366 5662 3621 5727 clericus,
3656 5665 3751 5720 de—

2154 5766 2389 5824 ponetur
2424 5773 2437 5809 :
2474 5755 2520 5810 si
2551 5763 2733 5811 autem
2776 5756 2974 5819 laicus,
3026 5766 3365 5827 segregetur.

1392 5864 1605 5939 “_Can.
1637 5874 1815 5937 apost.
1843 5865 1932 5935 5i,
1968 5866 2035 5922 12
2068 5884 2083 5934 ;
2125 5864 2349 5925 Laodic.
2391 5867 2484 5925 24.
2564 5868 2607 5903 ‘9
2642 5868 2775 5927 (Ian.
2812 5878 2989 5941 apost.
3026 5869 3116 5925 45.
3201 5836 3414 5927 ll".Can.
3453 5881 3631 5945 apost.
3664 5872 3755 5940 69;
