4156 6444
492 423 593 491 751

1680 410 1941 470 ΡΙΙΟΤΙΙ
1992 408 2497 470 PATRIARCIUE
2534 410 2643 471 (ΣΡ.
2717 412 2721 420 ’

3679 406 3775 476 7⁷52

561 537 722 609 277
776 534 867 589 86.
907 532 1011 587 Eos
1070 528 1162 600 qui
1218 526 1283 581 ad
1339 526 1645 581 animarum
1694 524 1879 592 lapsus
1922 536 2094 574 merc-

2276 520 2383 585 πς’.
2424 522 2562 586 Τοὺς
2597 521 2691 575 ἐπὶ⁹
2721 519 2911 591 ψυχῶν
2939 520 3139 593 ὀλίσθῳ
3175 526 3380 597 πόρνας
3432 528 3773 601 ἐπισυνάγον-

490 634 656 688 triecs
705 634 911 699 cogunt
942 634 995 680 et
1025 624 1198 687 alunt,
1238 621 1280 675 si
1319 621 1430 676 sint
1482 617 1704 688 quidem
1740 614 1948 683 clerici,
1996 614 2091 685 ju-

490 728 686 782 bemus
720 719 920 791 deponi
949 737 962 773 :
994 718 1040 771 si
1071 730 1200 771 vero
1236 713 1383 777 laici,
1418 708 1713 781 segregari.

561 818 652 873 97.
696 813 806 869 Eos
860 811 953 882 qui
1012 809 1097 864 vel
1149 820 1269 860 cum
1328 817 1502 859 uxore
1562 800 1806 868 coitant,
1861 806 1995 865 ete.,
2034 805 2092 850 ut

493 906 857 1057 Ραέλῗδῒίξν.
881 1027 951 1039 —-
984 994 1128 1060 Quas
1158 992 1220 1047 ob
1271 1006 1464 1046 causas
1493 988 1760 1060 quispiam
1791 992 2095 1059 segregetur

492 1093 655 1150 simul
682 1100 732 1145 et
759 1091 1073 1158 deponatur,
1103 1084 1181 1139 vel
1212 1083 1511 1153 deponatur
1532 1091 1581 1136 et
1609 1080 1976 1135 communione
1999 1087 2093 1133 aut

496 1185 735 1243 Ecclesia
760 1178 1138 1237 abscindatur?

709 1271 1082 1344 Apostolorum
1116 1284 1343 1323 canones
1389 1265 1481 1333 28,
1521 1265 1615 1334 29,
1647 1266 1741 1333 '50,
1786 1264 1879 1321 65.

564 1369 635 1426 ‘28
663 1366 800 1443 [27].
832 1366 890 1423 Si
917 1365 1042 1436 quis
1071 1365 1385 1435 episcopus,
1417 1361 1501 1417 vel
1532 1361 1836 1432 presbyter,
1865 1357 1950 1415 vel
1979 1357 2096 1414 dia-

492 1477 685 1527 conus,
706 1461 853 1531 juste
877 1457 946 1513 ob
971 1453 1260 1511 manifesta
1284 1450 1513 1507 erimina
1533 1450 1835 1519 depositus,
1859 1448 1964 1504 sibi
1991 1447 2095 1502 ali-

494 1557 715 1626 quando
746 1551 1016 1608 creditum
1050 1546 1427 1602 ministerium
1463 1543 1729 1615 attingere
1761 1541 1992 1607 audeat,
2026 1541 2096 1597 ab

493 1646 740 1705 Ecclesia
770 1644 996 1702 omnino
1028 1639 1405 1697 abscindatur.

576 1831 647 1888 29
695 1827 833 1902 [9.8].
866 1826 923 1883 Si
948 1826 1073 1899 quis
1098 1823 1387 1896 episcopus
1429 1836 1525 1893 per
1554 1817 1837 1891 pecunias,
1869 1824 2001 1884 etc.,
2033 1824 2095 1870 ut

812 2009 868 2066 Si
894 2010 1019 2081 quis
1039 2006 1332 2078 episcopus
1353 2001 1711 2062 saecularibus
1732 1998 2096 2072 principibus,

498 2122 627 2178 etc.,
664 2117 721 2162 ut
743 2122 866 2177 pug.
900 2104 1027 2159 511.

570 2204 643 2260 65
675 2199 811 2274 [65].
841 2198 899 2253 Si
933 2196 1060 2267 quis
1107 2193 1339 2249 clericus
1369 2190 1454 2245 vel
1488 2188 1663 2244 laicus
1691 2186 1745 2241 in
1777 2184 2094 2241 Judzeorum

497 2297 583 2354 vel
629 2292 1010 2349 haereticorum
1048 2298 1377 2359 synagogam
1414 2283 1696 2353 ingressus
1726 2279 1799 2335 sit
1823 2278 1891 2334 ad
1922 2292 2089 2333 oran-

498 2391 661 2451 dum,
697 2384 1007 2453 deponatur
1030 2387 1086 2434 et
1117 2383 1453 2448 segregetur.

565 2477 718 2535 CAP.
758 2473 905 2531 XVI.
943 2504 1014 2517 —-
1043 2470 1191 2538 Quae
1226 2468 1288 2523 ob
1322 2483 1513 2522 causas
1544 2465 1766 2520 clericus
1792 2463 1871 2519 vel
1922 2463 2094 2517 laicus

495 2566 1001 2625 anathematizetur.

850 2654 1078 2712 Concilii
1102 2649 1425 2723 Gangrensis
1453 2664 1625 2702 canon
1661 2646 1751 2701 20.

564 2748 655 2803 20.
688 2747 746 2801 Si
805 2745 932 2816 quis
974 2740 1291 2811 arrogantia
1327 2748 1485 2793 utens
1534 2744 1589 2791 et
1618 2744 1925 2805 martyrum
1962 2747 2092 2789 con-

496 2842 858 2915 gregationes,
883 2836 1053 2908 278
1069 2835 1373 2890 abhorrens
1391 2842 1444 2886 et
1470 2845 1624 2885 saera
1643 2845 1765 2900 quae
1783 2829 1837 2883 in
1855 2828 1935 2882 eis
1952 2828 2096 2883 cele-

495 2939 744 3005 brantur,
766 2942 819 2989 et
857 2944 1049 2988 eorum
1074 2926 1373 2984 memorias
1397 2931 1643 2991 accuset,
1666 2923 1752 2991 sit
1776 2922 2091 2977 anathema.

731 3111 957 3170 Concilii
985 3106 1428 3165 Chalcedonensis
1458 3119 1686 3159 canones
1712 3102 1767 3168 2,
1807 3104 1861 3156 7.

567 3203 621 3257 2.
643 3201 699 3257 Si
720 3200 843 3272 quis
864 3200 1159 3268 cpisc0pus
1175 3202 1398 3266 propter
1431 3192 1693 3264 pecunias
1713 3188 2091 3247 ordinationes

496 3296 709 3359 fecerit,
741 3301 871 3357 ete.,
900 3302 951 3345 ut
986 3306 1110 3360 pag.
1146 3288 1270 3343 515.

571 3388 621 3440 7.
665 3387 773 3440 Eos
806 3383 902 3453 qui
949 3382 1005 3436 in
1056 3380 1205 3436 clero
1247 3378 1418 3434 semel
1452 3376 1691 3432 ordinati
1727 3383 1875 3440 sunt,
1919 3381 1973 3429 et
2010 3373 2098 3426 iti-

496 3481 620 3535 dem
655 3477 977 3540 monachos,
1008 3472 1305 3529 statuimus
1350 3486 1452 3525 nec
1494 3469 1559 3523 ad
1609 3468 1900 3523 militarem
1932 3480 2096 3536 expe-

495 3572 785 3635 ditionem,
827 3583 930 3622 ncc
958 3566 1026 3621 ad
1061 3554 1381 3621 srecularem
1428 3562 1751 3634 dignitatem
1796 3572 1962 3631 posse
2000 3574 2094 3613 ve-

498 3668 640 3722 nire.
686 3664 789 3732 Qui
838 3670 1024 3717 autem
1077 3660 1183 3714 hoc
1226 3658 1464 3723 audent,
1506 3666 1562 3711 et
1607 3671 1719 3711 non
1770 3651 2095 3723 paenitentia

497 3762 644 3817 ducti
682 3762 749 3817 ad
782 3760 831 3815 id
864 3765 1233 3821 revertuntur,
1270 3752 1415 3824 quod
1458 3760 1685 3824 propter
1733 3750 1901 3804 Deum
1943 3749 2097 3819 prius

497 3856 798 3926 elegerant,
832 3848 1307 3906 anathematizari.

598 3944 791 4000 Basilii
816 3958 881 3999 ea:
905 3940 1135 4012 epistola
1164 3940 1232 3992 ad
1264 3938 1574 4009 Gregorium
1605 3937 1987 4005 presbyterum.

569 4108 698 4179 Legi
756 4116 879 4162 tuas
936 4105 1149 4160 litteras
1201 4115 1327 4157 cum
1358 4098 1511 4154 omni
1554 4098 1842 4168 patientia,
1874 4104 2007 4161 ete.,
2036 4104 2097 4149 ut

494 4217 619 4274 pag.
651 4200 778 4255 687.

846 4291 1049 4363 Synodi
1078 4288 1293 4343 unionis
1329 4290 1565 4341 canones
1588 4285 1642 4351 5,
1678 4284 1731 4341 6.

569 4391 623 4447 5.
660 4388 765 4457 Qui
814 4385 1117 4443 Ecclesiam
1168 4390 1417 4439 sanctam
1473 4378 1885 4435 calumniantur
1947 4375 2095 4448 quod

497 4491 724 4553 quartas
743 4479 962 4549 nuptias
984 4474 1317 4545 permiserit,
1334 4472 1517 4527 divina
1540 4472 1644 4525 hoc
1670 4471 1743 4525 ita
1772 4469 2098 4524 institueute

496 4572 811 4646 prudentia,
840 4584 964 4641 quae
992 4568 1190 4622 fratres
1225 4565 1459 4620 adunari
1487 4563 1663 4619 voluit
1695 4562 2089 4618 scandalorum

501 4668 744 4737 pessimo
770 4664 1023 4733 exemplo
1053 4669 1214 4716 antea
1245 4667 1551 4730 separatos,
1582 4655 1875 4712 anathema
1909 4654 2001 4709 sit.

570 4852 628 4909 6.
655 4851 761 4920 Qui
787 4863 1038 4906 asserere
1061 4853 1404 4918 praesumunt
1427 4843 1573 4915 quod
1602 4839 1853 4897 Ecclesia
1884 4840 2097 4911 purita-

499 4957 610 5004 tem
652 4955 708 5002 et
744 4944 1056 5000 castitatem
1091 4937 1626 5007 sanctimoniamque
1671 4935 1858 4991 minus
1891 4942 2093 4999 servet,

498 5043 611 5097 imo
642 5039 812 5111 prolis
846 5035 1094 5092 fovendae
1119 5048 1284 5089 causa
1314 5030 1500 5103 gratiae
1528 5044 1559 5083 a
1594 5029 1703 5084 Deo
1733 5027 1877 5083 datae
1907 5042 2097 5081 macu-

497 5138 606 5189 lam
650 5130 948 5204 asperserit
994 5129 1181 5183 liberis
1224 5126 1293 5179 ob
1348 5121 1667 5180 scandalum
1706 5120 1923 5187 divisis,
1956 5132 2095 5188 quos

499 5235 684 5298 postea
709 5220 1077 5295 coniunxerit,
1103 5217 1398 5274 anathema
1432 5222 1575 5269 esto.

506 5502 522 5509 “
570 5508 725 5565 CAP.
757 5505 924 5562 XVII.
955 5534 1022 5543 ——
1053 5502 1134 5556 Ne
1166 5501 1242 5556 bis
1284 5499 1577 5553 vindicetur
1606 5497 1659 5552 in
1688 5497 1873 5551 eadem
1906 5511 1980 5549 re.

942 5687 1315 5758 Apostolorum
1350 5700 1519 5739 canon
1544 5683 1636 5739 25.

564 5785 660 5839 25.
694 5782 1023 5854 EpiscOpus,
1060 5781 1144 5834 vel
1176 5780 1483 5851 presbyter,
1524 5776 1609 5831 vel
1638 5776 1926 5845 diaconus,
1976 5773 2061 5829 for

494 5876 806 5939 nieationis,
836 5884 966 5940 ete.,
992 5883 1183 5944 utpag.
1210 5874 1331 5928 745.

2197 630 2314 677 τας,
2358 614 2453 668 καὶ
2486 613 2878 685 ἐκτρέφοντας,
2914 616 2963 667 εἰ
2995 615 3095 686 μὲν
3125 617 3380 689 κληρικοὶ
3425 616 3556 687 εἷεν,
3592 625 3773 682 καθαι-

2196 704 2411 778 ρεῖσθαι
2430 705 2707 778 ὁρίζομεν·
2741 708 2788 760 εί
2821 706 2877 760 δὲ
2905 706 3106 773 λαῖκοὶ,
3141 710 3521 781 ἀφορίζεσθαι.

2268 798 2519 867 ιιιζ¹.Τοὺς
2551 800 2584 871 ἢ
2624 802 2839 873 γαμετῇ
2882 801 3289 869 συνοικοῦντας,
3330 822 3385 860 κ.
3418 822 3469 860 τ.
3508 806 3560 862 λ.

2271 987 2521 1041 ΚΕΦΑΛ.
2554 986 2659 1043 IE'.
2683 1018 2754 1030 —-
2792 988 2888 1043 Ἐκ
2915 989 3106 1044 ποίων
3127 991 3221 1059 τίς
3249 993 3457 1048 αἰτιῶν
3484 993 3553 1048 ἐν
3579 995 3657 1062 τῷ
3677 1000 3774 1054 αὐ-

2198 1078 2279 1144 τῷ
2310 1078 2651 1149 ἀφορίζεται
2680 1080 2779 1135 καὶ
2812 1081 3205 1151 καθαιρεῒται,
3234 1085 3273 1153 ἢ
3306 1086 3661 1155 καθαιρεῖται
3689 1090 3779 1145 καὶ

2198 1167 2311 1238 τῆς
2339 1172 2635 1237 κονωνίας
2664 1170 2703 1238 ἢ
2734 1171 2831 1224 καὶ
2852 1170 2963 1240 τῆς
2979 1172 3348 1241 Ἐκκλησίας
3366 1176 3726 1235 ἐκκόπτεται.

2426 1262 2813 1317 Ἀποστόυῑων
2832 1262 3039 1317 κανὼν
3067 1264 3177 1336 κη’,
3215 1265 3322 1331 κθ’,
3349 1266 3417 1332 λ’,
3454 1268 3552 1336 ξεν.

2274 1360 2380 1427 κη’.
2416 1354 2488 1410 Εῐ
2511 1371 2597 1417 τις
2642 1354 2958 1422 ἐπίσκοπος,
3013 1358 3045 1429 ἢ
3100 1349 3495 1431 πρεσϐύτερος.
3542 1363 3780 1432 ἢδιίίικο⁴

2199 1470 2288 1516 νος
2301 1449 2654 1522 καθαιρεθεὶς
2678 1450 2903 1515 δικαίως
2924 1452 3017 1505 ἐπὶ
3044 1453 3354 1525 ἐγκλήμασι
3384 1460 3653 1526 φανεροῖς,
3674 1460 3780 1513 τυλ.

2201 1546 2428 1617 μήσειεν
2455 1542 2697 1614 ἅψασθαι
2723 1544 2821 1615 τῆς
2850 1562 2979 1598 ποτε
3014 1546 3455 1620 ὲγχειρισθείσης
3484 1549 3632 1620 αὐτῷ
3655 1550 3783 1605 λειτο

2198 1640 2447 1710 ουργίας,
2503 1629 2659 1702 οὗτος
2691 1638 3044 1694 παντάπασιν
3068 1640 3425 1697 ἐκκοπέσθω
3465 1643 3564 1714 τῆς
3602 1644 3781 1717 Ἑκλη-

2204 1733 2345 1795 σίας.

2274 1825 2378 1880 κθ’.
2414 1825 2481 1879 El
2510 1842 2595 1889 τις
2624 1824 2925 1891 ἐπίσκοπος
2960 1825 3049 1881 διά
3076 1826 3403 1899 χρημάτων,
3430 1846 3486 1884 κ.
3517 1846 3570 1884 τ.
3602 1829 3653 1886 λ.

2267 2002 2335 2060 λ’.
2370 2004 2438 2059 El
2462 2021 2547 2069 τις
2576 2004 2877 2072 ἐπίσκοπος
2905 2008 3194 2079 κοσμικοῖς
3221 2008 3478 2081 ἄρχουσι,
3512 2027 3567 2065 κ.
3592 2028 3637 2067 τ.
3668 2012 3715 2067 λ.

2275 2179 2368 2247 ξε’.
2401 2181 2470 2236 El
2498 2199 2582 2247 τις
2624 2181 2887 2255 κληρικὺς
2940 2184 2974 2254 ἢ
3007 2182 3199 2248 λαῖκδς
3237 2184 3469 2239 εἰσέλθοι
3530 2188 3608 2251 είς
3667 2204 3785 2242 συν-

2200 2274 2424 2346 αγωγὴν
2467 2274 2737 2329 Ἰουδαίων
2764 2276 2797 2346 ἢ
2824 2275 3118 2347 αἱρετικῶν
3153 2275 3788 2347 προσεύξασθαι,καθαι-

2201 2366 2403 2437 ρείσθω
2438 2367 2530 2419 καὶ
2569 2365 2935 2436 ἀφοριζέσθω.

2272 2456 2763 2525 ΚΕΦΑΛ.1ς’.-
2815 2458 2910 2511 Ἐκ
2968 2456 3159 2512 ποίων
3214 2442 3419 2514 almam
3448 2460 3788 2530 κληραόςῆ

2198 2546 2411 2613 λαϊκὸς
2468 2546 2970 2617 ἀναθεματίζεται.

2546 2638 2821 2694 Συνόδου
2866 2639 3143 2709 Γάγγρας
3167 2642 3369 2697 κανὼν
3402 2651 3477 2698 κ’.

2270 2731 2338 2785 Ei
2390 2747 2474 2794 τις
2534 2729 2756 2801 αἰτιῷτο
2812 2730 3149 2802 ὑπερηφάνῳ
3228 2732 3469 2787 διαθέσει
3523 2736 3792 2807 κεχρημέ-

2198 2839 2308 2886 νος,
2352 2822 2445 2875 καὶ
2476 2820 2902 2891 βδελυσσόμενος
2927 2820 3028 2885 τὰς
3061 2821 3311 2887 συνάξεις
3343 2823 3455 2877 τῶν
3480 2826 3791 2898 μαρτύρων,

2197 2916 2231 2987 ἢ
2262 2916 2360 2979 τὰς
2397 2917 2454 2969 ἐν
2487 2916 2679 2978 αὑταῖς
2709 2914 3001 2983 γινομένας
3028 2914 3375 2987 λειτουργίας
3397 2919 3490 2971 καὶ
3516 2920 3615 2982 τὰς
3655 2921 3785 2989 μνή-

2200 3026 2309 3080 μας
2335 3006 2535 3074 αὐτῶν,
2574 3006 2822 3077 ἀνάθεμα
2852 3006 3013 3062 ἔστω.

2434 3096 2708 3151 Συνόδου
2736 3098 3128 3166 Χαλκηδόνος
3156 3100 3357 3154 κανὼν
3382 3099 3448 3171 β’,
3482 3101 3548 3166 ζ’.

2270 3186 2334 3257 β’.
2370 3185 2439 3239 Ei
2456 3202 2538 3249 τις
2566 3186 2865 3249 ἐπίσκοπος
2894 3187 2987 3239 ἐπὶ
3010 3191 3256 3259 χρήμασι
3289 3190 3626 3261 χειροτονίαν
3642 3189 3793 3260 ποιή-

2199 3297 2371 3345 σαιτο,
2399 3298 2452 3333 κ.
2477 3297 2529 3333 τ.
2566 3295 2615 3332 Α.

2269 3371 2335 3437 ζ’.
2374 3374 2515 3438 Τοὺς
2541 3372 2688 3440 ἆπαξ
2720 3374 2779 3427 ἐν
2812 3373 3009 3445 κλήρῳ
3057 3376 3447 3447 τεταγμένους,
3485 3377 3519 3448 ἣ
3554 3376 3648 3430 καὶ
3706 3392 3797 3445 μου

2197 3464 2719 3535 ναστάς,ὼρίσαμεν
2749 3465 2885 3535 μήτε
2911 3465 3003 3517 ἐπὶ
3031 3466 3322 3537 στρατείαν
3350 3468 3489 3539 μὴτε
3522 3468 3617 3520 ἐπὶ
3647 3467 3796 3533 ἀξίαν

2197 3556 2469 3627 κοσμικὴν
2492 3556 2769 3626 ἔρχεσθαι·
2796 3557 2829 3627 ἢ
2862 3556 3021 3611 τοῦτο
3071 3558 3386 3630 τολμῶντας
3416 3564 3513 3613 καὶ
3544 3560 3617 3630 μὴ
3650 3576 3798 3630 μετα-

2200 3647 2587 3718 μελουμένους,
2614 3647 2756 3701 ὥστε
2798 3649 3125 3721 ἐπιστρέψαι
3160 3652 3252 3703 ἐπὶ
3289 3651 3449 3706 τοῦτο
3474 3652 3503 3706 ὃ
3550 3653 3637 3706 διὰ
3670 3651 3796 3705 Θεὸν

2198 3741 2463 3810 πρότερον
2485 3740 2711 3807 εἴλοντο,
2739 3741 3263 3812 ἀναθεματίζεσθαι.

2198 3941 2523 3996 Βασιλείου
2554 3941 2623 3995 ἐκ
2656 3940 2768 4010 τῆς
2801 3940 2953 4014 πρὸς
2990 3941 3329 4014 Γρῃγόρισν
3392 3944 3799 4014 πρεσϐύτερον

2802 4012 3162 4081 ἐπιστολῆς.

2283 4104 2567 4175 Ἐνέτυχόν
2601 4120 2696 4158 σου
2717 4105 2831 4166 τοῖς
2858 4106 3153 4177 γράμμασι
3186 4106 3327 4177 μετά
3356 4106 3544 4179 πάσης
3598 4120 3795 4178 paxpa-

2200 4197 2420 4269 θυμίας,
2448 4215 2503 4252 κ.
2523 4198 2631 4253 τ.λ.

2412 4290 2687 4348 Συνόδου
2725 4290 2835 4363 τῆς
2871 4292 3145 4359 ἑνώσεως
3179 4292 3384 4347 κανὼν
3421 4291 3484 4357 ε’,
3511 4292 3588 4359 ς’.

2274 4382 2337 4440 ε’.
2379 4385 2505 4449 Τοῖς
2544 4386 2945 4454 συκοφαντοῦσι
2983 4387 3084 4459 τὴν
3129 4387 3289 4456 ἁγίαν
3324 4386 3691 4457 Ἐκκλησίαν,
3720 4385 3797 4438 ὅτι

2199 4477 2577 4550 τετραγαμίαν
2602 4479 2843 4547 ἐδέξατο,
2879 4480 3040 4553 χάριν
3068 4481 3169 4551 τῆς
3198 4480 3422 4553 εὐδοκία
3461 4479 3604 4533 Θεοῦ
3649 4494 3798 4548 γενο-

2205 4571 2373 4642 μένης
2401 4570 2717 4641 οἰκονομίας
2735 4609 2750 4635 ,
2782 4571 2876 4624 καὶ
2903 4571 3002 4641 τῆς
3036 4570 3400 4641 προσλήψεως
3424 4573 3521 4625 καὶ
3554 4568 3798 4630 ἐνὼσεως

2200 4663 2309 4717 τῶν
2338 4663 2587 4734 ἀδελφῶν
2615 4663 2795 4735 ἡμῶν,
2820 4662 2915 4727 οὓς
2940 4666 2974 4734 ἡ
3008 4663 3116 4719 τῶν
3149 4663 3536 4735 προλαϐόντων
3572 4661 3800 4718 σκανδά-

2199 4755 2308 4810 λων
2334 4756 2482 4809 αίτία
2512 4754 2798 4828 ἐχώριζεν,
2826 4755 3098 4827 ἀνάθεμα.

2272 4846 2349 4912 ς’.
2390 4846 2516 4911 Τοῖς
2537 4847 2778 4918 τολμῶσι
2810 4846 3010 4916 λέγειν,
3062 4849 3143 4901 ὅτι
3175 4850 3207 4918 ἡ
3254 4847 3558 4920 Ἐκκλησία
3592 4846 3655 4900 τὸ
3702 4860 3799 4900 κα-

2200 4939 2366 5013 θαρὸν
2406 4940 2500 4993 καὶ
2530 4939 2802 5012 ἄχραντον
2828 4939 2887 4994 οὐ
2935 4938 3097 5006 σώζει
3145 4941 3244 5011 τῆς
3283 4940 3574 5009 ἁγιστείας
3609 4939 3795 5007 αὐτῆς.

2197 5035 2335 5089 ἀλλά
2380 5034 2660 5106 μολυσμόν
2711 5051 2834 5087 τινα
2888 5034 3295 5105 προσετρίψατο
3339 5033 3430 5087 διὰ
3470 5032 3574 5105 τὴν
3617 5032 3798 5103 χάριτι

2196 5127 2333 5183 Θεοῦ
2361 5126 2666 5198 γενομένην
2710 5124 2943 5197 σύναψιν
2976 5126 3086 5180 τῶν
3118 5127 3348 5191 τέκνων,
3377 5125 3471 5191 οὒς
3516 5126 3798 5195 διεμέρισε

2201 5221 2299 5291 μὲν
2332 5221 2393 5275 τὸ
2422 5220 2523 5291 ἤδη
2556 5219 2887 5291 προγεγονὸς
2916 5218 3210 5273 σκάνδαλον
3233 5259 3248 5285 ,
3286 5219 3491 5290 συνῆψε
3523 5218 3581 5271 δὲ
3611 5218 3643 5288 ἡ
3681 5214 3799 5269 τού-

2194 5333 2290 5369 του
2336 5313 2487 5383 παρά
2542 5313 2761 5367 πάντων
2803 5312 2940 5384 ὁμοῦ
2992 5312 3251 5385 ἀθέτησις
3298 5314 3393 5368 καὶ
3435 5308 3795 5382 ἀποκήρυξις,

2196 5408 2466 5463 ἀνάθεμα.

2215 5426 2361 5463 ιναυε
2414 5426 2466 5461 α.

2215 5426 2540 5556 ’δ’ΚΕΞΑΛΪ
2575 5498 2674 5554 1Ζ’.
2719 5531 2787 5541 --
2816 5499 2947 5553 Ὀτι
2976 5500 3048 5553 οὐ
3083 5500 3204 5569 χρὴ
3232 5500 3329 5566 δὶς
3383 5496 3650 5553 ἐκδικεῖν
3702 5491 3798 5551 ἐπὶ

2193 5596 2273 5663 τῷ
2305 5594 2481 5662 αὐτῷ.

2634 5686 3022 5740 Ἀποστόλων
3052 5684 3254 5738 κανὼν
3276 5683 3377 5738 κε’.

2264 5784 2365 5831 κε’.
2403 5775 2766 5841 Ἐπίσκοπος,
2811 5777 2845 5847 ἢ
2889 5776 3283 5848 πρεσϐύτερος,
3324 5776 3355 5849 ἢ
3396 5774 3666 5839 διάκονος,
3705 5770 3795 5826 ἐπὶ

2199 5871 2427 5941 πορνείᾳ
2456 5870 2487 5942 ἢ
2522 5871 2798 5943 ἐπιορκία,
2823 5889 2877 5927 κ.
2906 5889 2955 5926 τ.
2995 5871 3042 5926 λ.
