4156 6430
696 503 1017 557 Βασιλείου
1056 501 1258 558 κανὼν
1282 501 1353 572 γ’,
1378 502 1480 574 λβ⁹,
1508 510 1608 558 να’.

451 594 524 659 γ’.
572 591 832 656 Διάκονος
900 593 1039 664 μετά
1087 593 1188 665 τὴν
1227 594 1582 649 διακόνισσαν
1632 595 1980 667 πορνεύσας,

381 679 686 753 ἀπόϐλητος
719 683 820 754 μὲν
849 684 948 754 τῆς
975 683 1255 749 διακονίας
1286 684 1460 739 ἔσται·
1495 687 1575 751 είς
1607 687 1663 740 δὲ
1701 687 1810 742 τῶν
1863 687 1983 741 λαῖ-

384 775 495 831 κῶν
533 774 812 841 ἀπωσθεὶς
836 777 1022 844 τόπον,
1046 777 1150 848 τῆς
1173 779 1460 842 κοινωνίας
1484 778 1585 833 ούκ
1607 779 1979 852 είρχθήσεται·

384 867 522 922 διότι
551 865 780 938 ἀρχαῖός
815 870 933 922 ἐστι
967 867 1172 932 κανὼν,
1213 870 1341 932 τοὺς
1374 869 1484 923 ἀπὸ
1513 868 1726 940 βαθμοῦ
1760 887 1981 924 πεπτω-

385 958 567 1022 κότας,
595 957 775 1030 τούτῳ
810 959 958 1029 μόνῳ
986 959 1064 1031 τῷ
1097 961 1286 1031 τρόπῳ
1309 961 1412 1032 τῆς
1435 961 1715 1028 κολάσεως
1741 963 1981 1018 ὑποϐάλ-

384 1051 595 1115 λεσθαι,
621 1049 1129 1122 ἀκολουθησάντων,
1152 1051 1230 1117 ὡς
1256 1050 1433 1124 οϊμαι,
1457 1053 1566 1107 τῶν
1593 1054 1654 1119 ἐξ
1675 1057 1852 1128 ἀρχῆς
1903 1057 1982 1127 τῷ

384 1144 534 1216 νόμῳ
559 1144 778 1215 ἐκείνῳ,
799 1143 897 1216 τῷ,
927 1148 1051 1200 Οὐκ
1077 1144 1426 1216 ἑκδικήσεις
1447 1146 1542 1214 δὶς
1560 1147 1662 1202 ἐπὶ
1684 1147 1765 1214 τῷ
1786 1149 1948 1212 αὐτῷ
1965 1165 1977 1180 ⁸

383 1237 478 1292 καὶ
509 1237 580 1291 δι’
630 1237 827 1310 ἑτέραν
877 1239 934 1291 δὲ
985 1238 1188 1304 αἰτίαν,
1237 1239 1322 1293 ὅτι
1363 1241 1412 1293 oi
1464 1241 1564 1311 μὲν
1596 1243 1655 1295 ἐν
1681 1242 1762 1313 τῷ
1805 1242 1981 1316 λαῖκῷ

381 1328 535 1393 ὄντες
571 1328 812 1400 τάγματι
834 1329 1233 1401 ἐκϐεϐλημένοι
1289 1331 1384 1384 τοῦ
1416 1331 1586 1385 τόπου
1604 1332 1714 1385 τῶν
1746 1333 1976 1402 πιστῶν,

381 1421 546 1476 πάλιν
573 1423 653 1486 είς
690 1422 784 1475 τὸν
813 1422 908 1491 ἀφ’
941 1416 1004 1477 οῦ
1059 1421 1320 1489 ἐξέπεσον
1353 1425 1520 1478 τόπον
1561 1423 1979 1494 ἀναλαμϐάνον-

379 1531 490 1570 ut“
514 1515 542 1568 ὁ
564 1515 622 1568 δὲ
646 1515 895 1579 διάκονος
927 1513 1076 1580 ἅπαξ
1099 1514 1211 1585 ἔχει
1243 1515 1344 1586 τὴν
1381 1516 1540 1587 δίκην
1585 1516 1686 1586 τῆς
1721 1518 1983 1590 καθαιρέ..

381 1625 520 1672 σεως
573 1608 797 1679 διαρκῆ·
832 1609 908 1674 ὡς
958 1607 1052 1663 οῦν
1100 1608 1202 1661 οὐκ
1236 1608 1636 1681 ἀποδιδομένης
1698 1611 1847 1682 αὐτῷ
1878 1611 1980 1682 τῆς

378 1697 662 1761 διακονίας
688 1739 703 1762 ,
754 1697 851 1752 ἐπὶ
883 1697 1094 1769 ταύτης
1145 1696 1384 1768 ἔστησαν
1425 1697 1595 1768 μόνης
1623 1697 1723 1767 τῆς
1760 1698 1981 1768 ἐκδική-

379 1807 539 1854 σεως·
573 1789 750 1845 ταῦτα
789 1790 889 1860 μὲν
938 1785 1032 1844 οὖν
1073 1788 1144 1843 τὰ
1175 1789 1239 1841 ὲκ
1268 1787 1378 1841 τῶν
1401 1787 1610 1841 τύπων·
1645 1787 1874 1842 καθόλου
1920 1788 1978 1841 δὲ

1090 383 1492 445 SYNTAGMA
1534 383 1926 446 CANONUM.
1959 405 2020 419 ’-
2052 383 2200 444 ΤῖΤ.
2244 382 2351 459 IX,
2393 383 2552 444 CAP.
2591 382 2892 445 XV-XIX.

2005 500 2061 562 Δ

3577 385 3685 450 754

2391 499 2558 572 279
2583 499 2779 556 Basilii
2811 516 3045 556 canones
3088 501 3141 565 5,
3180 503 3270 566 52.,
3305 502 3394 557 51.

2162 595 2215 650 5.
2258 594 2535 652 Diaconus
2583 605 2708 668 post
2753 594 3104 651 diaconatum
3149 594 3474 662 fornicatus,
3506 595 3690 650 diaco-

2089 696 2222 742 natu
2259 688 2508 759 ejicictur
2552 688 2797 758 quidem,
2851 689 2945 744 sed
3001 689 3056 743 in
3106 689 3371 743 laicorum
3420 690 3679 744 detrusus

2093 779 2301 844 locum,
2329 796 2360 835 a
2387 783 2778 838 communione
2810 798 2918 838 non
2960 782 3260 838 arcebitur.
3287 780 3556 848 Quoniam
3586 796 3686 835 an-

2091 873 2278 944 tiquus
2307 881 2393 930 est
2425 889 2639 943 canon,
2669 885 2730 931 ut
2770 876 2805 932 ii
2839 876 2932 947 qui
2969 876 3142 949 gradu
3169 874 3528 936 exciderunt.
3560 874 3689 929 huic

2090 966 2191 1022 soli
2251 982 2428 1037 poena
2471 969 2656 1040 generi
2711 970 3097 1041 subjiciantur,
3150 969 3416 1041 antiquis,
3466 969 3684 1039 opinor,

2089 1059 2294 1115 secutis
2350 1061 2522 1131 legem
2581 1063 2767 1128 illam,
2818 1061 2944 1118 Non
3002 1063 3298 1119 vindicabis
3359 1062 3439 1116 bis
3491 1063 3546 1117 in
3603 1062 3689 1115 id-

2088 1148 2322 1217 ipsum“
2351 1165 2363 1200 :
2398 1159 2562 1221 atque
2586 1151 2752 1206 etiam
2783 1162 3007 1223 propter
3042 1153 3204 1208 aliam
3237 1168 3500 1216 causam;
3535 1151 3681 1222 quod

2089 1238 2186 1308 qui
2214 1240 2269 1294 in
2310 1239 2507 1295 ordine
2540 1251 2671 1297 sunt
2697 1242 2857 1307 laico,
2885 1247 2984 1298 sia
3019 1243 3142 1300 loco
3173 1243 3416 1299 ﬁdelium
3449 1241 3683 1314 ejician-

2087 1338 2198 1396 tur,
2237 1347 2433 1388 rursus
2473 1333 2528 1387 in
2555 1348 2706 1400 eum,
2752 1349 2820 1390 ex
2861 1351 2972 1406 quo
3007 1336 3348 1399 ceciderunt,
3382 1335 3562 1390 locum
3595 1349 3686 1390 re—

2088 1423 2404 1504 cipiuntur;
2432 1425 2702 1482 diaconus
2733 1442 2863 1483 vero
2890 1429 3057 1484 semel
3094 1428 3258 1483 habet
3286 1443 3504 1498 semper
3528 1441 3686 1480 man-

2089 1536 2277 1576 suram
2311 1536 2530 1592 pcenam
2585 1523 2968 1593 depositionis.
3029 1522 3306 1591 Quoniam
3360 1524 3528 1594 igitur
3561 1521 3684 1577 dia-

2089 1621 2321 1669 conatus
2363 1614 2413 1669 ei
2447 1629 2553 1668 non
2589 1615 2917 1682 restituitur,
2949 1616 3002 1670 in
3030 1631 3094 1671 ea
3134 1616 3250 1671 sola
3297 1616 3464 1669 multa
3519 1621 3684 1667 stete-

2091 1716 2240 1763 runt.
2255 1706 2430 1778 Atque
2448 1707 2565 1764 haec
2581 1708 2801 1779 quidem
2828 1719 2959 1764 sunt
2977 1725 3095 1779 quae
3116 1724 3178 1763 ex
3199 1706 3684 1764 eonstitutionilms

2094 1795 2386 1851 habentur.
2443 1797 2500 1851 In
2556 1798 2815 1855 omnibus
2844 1809 3026 1854 autem
3075 1800 3257 1854 verior
3303 1799 3570 1852 medicina
3604 1806 3688 1850 est

377 1879 743 1952 ἀληθέστερόν
768 1881 916 1934 ἐστιν
970 1881 1186 1951 ίαμα,ή
1225 1879 1323 1949 τῆς
1370 1877 1648 1949 ἁμαρτίας
1687 1878 1978 1952 ἀναχώρη-

2097 1903 2348 1943 recessus
2378 1904 2408 1943 a
2438 1899 2684 1960 peccato.
2717 1889 2901 1958 Quare
2930 1892 3024 1962 qui
3057 1900 3282 1962 prOpter
3314 1891 3498 1945 carnis
3528 1890 3683 1943 volu—

377 1988 492 2035 σις’
525 1972 666 2025 ὥστε
692 1973 722 2025 ό
756 1972 843 2027 διὰ
866 1972 1067 2044 σαρκὸς
1116 1973 1310 2046 ἡδονὴν
1340 1975 1618 2044 ἀθετήσας
1647 1975 1748 2046 τὴν
1799 1976 1981 2048 χάριν,

377 2064 465 2119 διὰ
488 2066 582 2119 τοῦ
614 2065 956 2138 συντριμμοῦ
987 2069 1089 2139 τῆς
1113 2069 1337 2140 σαρκὸς,
1367 2069 1462 2122 καὶ
1491 2068 1675 2141 πάσης
1705 2069 1984 2138 δουλαγω-

375 2159 497 2226 γίας
531 2159 632 2228 τῆς
660 2162 782 2214 κατ’
834 2161 1166 2231 ἐγκράτειαν
1192 2160 1435 2224 ἀποστὰς
1488 2160 1600 2214 τῶν
1651 2161 1855 2231 ἡδονῶν
1881 2163 1984 2231 ὑφ’

375 2241 449 2303 ὧν
478 2249 858 2322 κατεστράφη,
883 2250 1097 2304 τελείαν
1119 2253 1251 2322 ἡμῖν
1285 2249 1514 2321 παρέξει
1535 2250 1636 2317 τῆς
1665 2251 1861 2315 ἰάσεως
1885 2251 1984 2304 αὐ-

371 2341 466 2395 τοῦ
523 2341 622 2412 τὴν
666 2344 960 2411 ἀπόδειξιν.
995 2344 1313 2416 Ἀμφότερα
1353 2345 1535 2398 τοίνυν
1577 2345 1730 2415 ἡμᾶς
1781 2345 1985 2399 εἰδέναι

374 2434 474 2499 δεῖ,
505 2437 601 2489 καὶ
621 2435 690 2489 τὰ
705 2437 805 2507 τῆς
833 2437 1140 2509 ἀκριϐείας,
1172 2437 1267 2490 καὶ
1296 2438 1364 2492 τά
1384 2437 1484 2508 τῆς
1513 2438 1822 2508 συνηθείας·
1851 2440 1984 2492 ’ἐπε-

377 2526 502 2581 σθαι
526 2527 584 2580 δὲ
607 2569 621 2593 ,
666 2529 761 2581 ἐπὶ
802 2529 912 2583 τῶν
943 2529 1405 2604 καταδεξαμένων
1446 2531 1544 2601 τὴν
1580 2532 1881 2604 ἀκρότητα,
1909 2532 1989 2604 τῷ

378 2621 746 2692 παραδοθέντι
768 2623 946 2695 τύπῳ.

446 2714 645 2784 λβ¹.οἱ
670 2713 769 2786 τὴν
815 2716 954 2787 πρὸς
998 2717 1230 2772 θάνατον
1275 2719 1553 2791 ἁμαρτίαν
1579 2720 1983 2792 ἁμαρτάνοντες

377 2806 639 2878 κληρικοὶ
663 2849 676 2873 ,
705 2808 798 2862 τοῦ
833 2808 1040 2880 βαθμοῦ
1079 2811 1433 2880 κατάγονται’
1465 2813 1564 2884 τῆς
1591 2813 1876 2877 κοινωνίας
1928 2813 1986 2868 δὲ

373 2899 485 2954 τῶν
508 2900 716 2955 λαῖκῶν
735 2901 836 2956 οὐκ
862 2902 1220 2974 ὲξείργονται·
1257 2907 1340 2958 Οὐ
1375 2903 1486 2975 γὰρ
1515 2904 1863 2974 ἐκδικήσεις
1890 2904 1987 2976 δὶς

375 2992 475 3048 ἐπὶ
500 2993 586 3060 τῷ
605 2993 788 3061 αὐτῷ.
1179 3030 1181 3033 -

447 3093 556 3143 να’.
605 3089 679 3143 Τὸ
744 3089 891 3144 κατά
936 3092 1064 3156 τοὺς
1087 3092 1413 3163 κληρικοὺς,
1449 3093 1775 3166 ἀδιορίστως
1799 3096 1847 3147 oi
1882 3111 1987 3149 κα-

375 3180 533 3247 νόνες
558 3182 826 3249 ἐξέθεντο,
864 3185 1226 3250 κελεύσαντες
1268 3186 1399 3257 μίαν
1453 3187 1546 3240 ἐπὶ
1577 3190 1690 3252 τοῖς
1722 3186 1984 3243 πεσοῦσιν

374 3276 661 3347 ὁρίζεσθαι
694 3279 965 3349 τιμωρίαν
995 3321 1011 3344 ,
1039 3279 1145 3350 ,τὴν
1183 3279 1466 3335 ἔκπτωσιν
1515 3284 1617 3354 τῆς
1659 3283 1986 3355 ὑπηρεσίας,

376 3369 490 3424 εἴτε
527 3371 586 3423 ὲν
621 3368 815 3442 βαθμῷ
842 3371 1184 3443 τυγχάνοιεν,
1214 3373 1324 3426 εἴτε
1376 3373 1472 3428 καὶ
1506 3375 1844 3449 ἀχειροθέτῳ
1874 3377 1982 3433 ὑπ-

375 3478 411 3532 η
417 3462 582 3535 ρεσίᾳ
609 3467 1093 3537 προσκαρτεροῖεν.

449 3555 710 3612 ΚΕΦΑΛ.
742 3557 938 3612 IH'.—-
974 3557 1078 3613 Ἐκ
1115 3560 1305 3615 ποίων
1358 3560 1566 3616 αἰτιῶν
1606 3564 1848 3630 τελείως
1889 3564 1992 3620 ἐκ·

379 3646 690 3704 ϐάλλεται.

667 3743 1059 3798 Ἀποστόλων
1082 3743 1289 3799 κανὼν
1308 3744 1419 3816 κη’,
1456 3752 1566 3812 ναν,
1599 3747 1701 3818 ξβ’.

449 3835 565 3907 κη’.
593 3836 664 3891 Εἴ
687 3856 774 3902 τις
803 3837 1128 3904 ἐπίσκοπος,
1159 3839 1191 3911 ἢ
1223 3839 1621 3913 πρεσϐύτερος,
1651 3842 1684 3914 ἢ
1715 3842 1990 3911 διάκονος,

379 3934 738 4007 καθαιρεθεὶς
765 3937 1014 4006 δικαίως,
1050 3955 1109 3993 κ.
1133 3955 1184 3994 τ.
1208 3938 1256 3994 λ.

453 4126 560 4175 ναν.
585 4120 757 4185 Εῑτις
789 4121 1111 4191 ἐπίσκοπος,
1138 4124 1172 4196 ἢ
1201 4122 1595 4196 πρεσϐύτερος,
1634 4124 1668 4196 ἦ
1708 4124 1982 4194 διάκονος,

378 4215 414 4284 ἢ
470 4214 613 4278 ὅλως
655 4215 752 4270 τοῦ
805 4217 1110 4288 καταλόγου
1171 4217 1267 4272 τοῦ
1335 4217 1637 4288 ἱερατικοῦ,
1693 4218 1873 4290 γάμου
1895 4219 1992 4273 καὶ

381 4304 588 4377 κρεῶν,
621 4324 677 4362 κ.
713 4325 766 4362 τ.
793 4307 844 4362 λ.

455 4400 559 4470 ξβ’.
593 4402 662 4456 El
696 4421 782 4469 τις
832 4404 1095 4476 κληρικδς
1141 4406 1230 4461 διὰ
1261 4405 1427 4477 φόϐον
1469 4404 1815 4479 ἀνθρώπινον
1861 4407 1992 4460 Ἰου-

378 4489 559 4559 δαίου,
587 4511 644 4549 κ.
669 4511 722 4549 τ.
742 4493 797 4550 λ.

696 4611 973 4667 Συνόδου
993 4611 1353 4682 Ἀντιοχείας
1381 4610 1587 4666 κανὼν
1602 4612 1666 4666 δ’.

456 4713 522 4771 δ’.
553 4715 620 4772 Εἰ
661 4736 746 4782 τις
809 4720 1132 4788 ἐπίσκοπος,
1193 4721 1300 4775 ὑπὸ
1341 4721 1560 4775 συνόδου
1611 4723 1984 4794 καθαιρεθεὶς,

384 4823 442 4860 κ.
457 4825 511 4862 τ.
547 4808 598 4863 λ.

645 4923 910 4983 Συνόδου
946 4925 1301 4992 Λαοδικείας
1333 4925 1534 4980 κανὼν
1554 4926 1660 4991 λς’.

458 5037 570 5104 λς’.
604 5039 728 5094 Ὅτι
754 5039 814 5094 οὗ
866 5041 948 5096 δεῖ
989 5041 1296 5113 ἱερατικοὺς
1327 5041 1360 5112 ἢ
1397 5040 1717 5112 κληρικοὺς,
1749 5041 1984 5112 μάγους,

386 5149 445 5186 κ.
479 5147 531 5188 τ.
564 5134 617 5186 λ.

537 5225 806 5281 Σ-υνόδου
837 5226 1275 5297 ²οίκουμενικῆς
1299 5226 1478 5296 ἕκτης
1503 5225 1706 5282 κανὼν
1737 5234 1844 5282 κα’.

465 5323 573 5373 κα’.
605 5321 670 5374 Οἱ
693 5322 779 5374 ἐπ’
797 5320 1109 5392 ἐγκλήμασι
1125 5323 1433 5385 κανονικοῖς
1454 5321 1767 5387 ὑπεύθυνοι,
1789 5339 1843 5376 κ.
1871 5339 1922 5375 τ.
1939 5320 1990 5374 λ.

456 5503 710 5561 ΚΕΦΑΛ.
746 5505 1108 5562 ΙΘ’.-Πότε
1148 5523 1237 5573 τις
1285 5504 1580 5575 καθέδρας
1612 5505 1732 5575 μὲν
1777 5506 1814 5575 ἢ
1851 5504 1994 5559 στά-

389 5608 552 5660 σεως
612 5597 915 5667 ἱερατικῆς
949 5596 1229 5669 μετέχει,
1261 5597 1375 5652 οὐκ
1412 5595 1655 5667 ἐνεργεῖ
1679 5595 1748 5650 δέ
1787 5614 1840 5652 τι
1878 5593 1995 5650 τῶν

387 5687 644 5744 λοιπῶν.

465 5864 750 5941 ⁵⁸-Νιιιιυιιι
789 5885 825 5936 l,
854 5871 906 5926 9.

2093 1989 2306 2050 ptatem
2340 1982 2573 2053 gratiam
2606 1983 2828 2055 abjecit,
2853 1984 2900 2040 is
2935 1985 2980 2038 si
3013 1999 3234 2039 carnem
3271 1982 3604 2039 conterenda
3631 1990 3686 2035 et

2089 2073 2143 2127 in
2178 2089 2420 2142 omnem,
2451 2077 2758 2131 secundum
2809 2077 3162 2132 continentiae
3195 2077 3534 2147 praescripta,
3569 2090 3685 2129 ser-

2091 2166 2320 2221 vitutem
2352 2167 2671 2239 redigendo,
2697 2170 2916 2223 secedat
2947 2185 2976 2223 a
3009 2168 3405 2239 voluptatibus,
3435 2183 3463 2221 a
3486 2166 3687 2236 quibus

2090 2258 2272 2314 victus
2309 2267 2364 2314 et
2412 2269 2726 2329 prostratus
2755 2273 2862 2328 est,
2905 2261 3127 2332 plenum
3165 2263 3324 2317 nobis
3371 2277 3485 2316 suae
3519 2273 3686 2314 cura—

2088 2350 2258 2405 tionis
2308 2352 2587 2422 specimen
2642 2353 2812 2408 dabit.
2868 2353 3060 2425 Itaque
3115 2355 3259 2408 scire
3298 2369 3399 2409 nos
3448 2364 3686 2420 utraque

2089 2453 2326 2513 oportet,
2372 2453 2428 2498 et
2478 2461 2601 2516 quer
2647 2457 2778 2501 sunt
2829 2448 3222 2518 summijuris,
3277 2456 3335 2501 et
3382 2462 3506 2517 quIc
3552 2452 3684 2500 sunt.

2090 2536 2508 2593 consuetudinis
2549 2557 2561 2594 :
2612 2542 2767 2612 sequi
2815 2550 2995 2596 autem
3039 2542 3092 2596 in
3138 2542 3204 2596 iis
3247 2556 3369 2611 qua:
3405 2553 3682 2594 summum

2086 2629 2179 2700 jus
2217 2645 2325 2684 non
2367 2629 2686 2699 admittunt,
2730 2632 2966 2689 formam
3010 2633 3286 2689 traditam.

2163 2723 2254 2778 '52.
2299 2725 2591 2780 Peccatum
2627 2727 2693 2781 ad
2733 2737 2966 2784 mortem
3026 2738 3320 2798 peccantes
3373 2725 3578 2790 clerici,
3617 2723 3684 2777 de.

2091 2818 2262 2889 gradu
2305 2818 2660 2888 dejiciuntur,
2699 2836 2727 2875 a
2766 2822 3035 2876 laicorum
3071 2832 3253 2877 autem
3285 2820 3680 2876 communione

2091 2923 2200 2964 non
2262 2917 2541 2967 arcentur.
2611 2909 2735 2966 Non
2799 2914 2939 2966 enim
3001 2911 3292 2966 vindicabis
3355 2912 3435 2965 bis
3489 2912 3543 2964 in
3597 2910 3685 2963 id-

2090 3002 2290 3072 ipsum.

2163 3095 2256 3150 51.
2297 3095 2460 3162 Quod
2487 3097 2554 3153 ad
2590 3097 2821 3154 clericos
2862 3099 3075 3165 attinet,
3111 3098 3410 3153 'indelinite
3443 3111 3686 3153 canones

2091 3200 2493 3258 exposuerunt,
2525 3206 2689 3245 unam
2726 3189 2894 3261 lapsis
2930 3191 3188 3261 jubentes
3227 3205 3448 3260 pmnam
3482 3187 3683 3258 intligi,

2092 3281 2419 3352 ejectionem
2455 3297 2486 3336 a
2510 3282 2850 3347 ministerio,
2885 3283 3000 3337 sive
3027 3283 3080 3336 in
3109 3283 3279 3353 gradu
3314 3280 3538 3341 fuerint.
3570 3281 3687 3335 sive

2092 3375 2258 3429 etiam
2317 3374 2371 3428 in
2434 3375 2767 3440 ininisterio,
2821 3376 2969 3444 quod
3019 3361 3294 3432 manuum.
3326 3373 3685 3445 impositione

2093 3481 2200 3522 non
2227 3466 2414 3531 datur,
2443 3478 2824 3538 permaneant.

2164 3559 2334 3630 280
2363 3559 2516 3614 CAP.
2542 3559 2728 3616 XVIII.
2752 3590 2824 3601 —
2853 3560 3000 3629 Quas
3035 3560 3098 3614 ob
3143 3575 3335 3615 causas
3377 3576 3686 3616 ommmm

2091 3651 2330 3723 expulsio
2357 3653 2478 3723 ﬁat.

2415 3746 2791 3817 Apostolorum
2816 3763 2987 3803 canon
3012 3746 3105 3810 28,
3134 3747 3226 3812 51,
3255 3745 3343 3800 6‘2.

2165 3836 2236 3893 28
2267 3836 2404 3911 [27].
2435 3838 2493 3894 Si
2523 3841 2648 3910 quis
2679 3841 2992 3911 episcopus,
3016 3841 3096 3894 vel
3128 3841 3432 3912 presbyter,
3454 3841 3537 3895 vel
3571 3841 3688 3894 dia-

2093 3949 2269 3990 conus
2301 3934 2453 4004 juste
2486 3936 2557 3990 ob
2599 3933 2886 3992 manifesta
2923 3936 3152 3992 crimina
3189 3935 3492 4005 depositus,
3553 3943 3686 3999 etc.,

2094 4034 2152 4079 ut
2183 4042 2306 4098 pag.
2329 4027 2455 4082 751.

2167 4120 2226 4174 51
2259 4117 2400 4193 [50].
2435 4118 2491 4174 Si
2520 4121 2649 4192 quis
2675 4121 2993 4193 episcopus,
3027 4122 3335 4194 presbyter,
3379 4123 3462 4176 vel
3501 4121 3689 4176 diaco-

2093 4226 2223 4274 nus,
2258 4211 2345 4265 vel
2398 4212 2628 4268 omnino
2663 4228 2729 4268 ex
2764 4213 3092 4269 sacerdOIali
3120 4227 3351 4268 numero
3377 4228 3414 4266 ιι
3461 4213 3688 4280 nuptiis,

2093 4304 2224 4357 vino
2260 4311 2315 4358 et
2344 4304 2629 4371 carnibus,
2654 4314 2784 4370 etc.,
2813 4316 2867 4358 ut
2902 4322 3026 4377 pag.
3061 4305 3186 4359 751.

2167 4395 2236 4450 62
2268 4394 2409 4469 [61].
2451 4397 2507 4452 Si
2549 4397 2674 4468 quis
2700 4399 2936 4455 clericus
2987 4408 3208 4469 propter
3242 4407 3436 4453 nutum
3488 4397 3685 4453 huma-

2097 4504 2253 4554 num,
2296 4490 2378 4545 vel
2417 4489 2613 4557 Judari,
2643 4501 2775 4558 etc.,
2807 4500 2867 4545 ut
2897 4508 3021 4563 pag.
3057 4491 3188 4548 746.

2475 4599 2708 4656 Concilii
2732 4601 3044 4657 Antiocheni
3077 4619 3248 4656 canon
3278 4601 3374 4659 4.“

2167 4709 2221 4765 4.
2247 4708 2303 4765 Si
2332 4710 2456 4782 quis
2485 4710 2776 4783 episcopus
2815 4729 2846 4768 a
2885 4712 3096 4784 synodo
3135 4712 3437 4784 depositus,
3466 4721 3598 4778 etc.,
3637 4720 3695 4767 ut

2095 4817 2218 4872 pag.
2250 4800 2380 4856 201.
3151 4817 3167 4866 1

2471 4917 2698 4974 Concilii
2730 4917 3017 4975 Laodiceui
3045 4937 3215 4974 canon
3243 4921 3332 4976 56.

2173 5032 2262 5090 56.
2291 5033 2448 5101 Quod
2486 5052 2592 5091 non
2620 5046 2835 5108 oportet
2877 5053 2974 5094 eos
3009 5039 3102 5111 qni
3141 5052 3269 5096 sunt
3304 5041 3529 5106 sacrati,
3557 5053 3690 5109 etc.,

2101 5136 2159 5181 ut
2187 5144 2310 5200 pag.
2355 5129 2483 5185 751..

2383 5221 2614 5279 Concilii
2643 5227 2947 5280 oecumenici
2991 5244 3042 5281 vr
3105 5244 3275 5281 canon
3305 5228 3395 5282 21.

2170 5317 2259 5375 21.
2315 5315 2458 5383 Quid
2515 5319 2784 5375 canonice
2841 5321 3209 5391 quorumdam
3273 5320 3566 5376 criminum
3617 5319 3695 5373 rei

2106 5411 2255 5475 facti,
2288 5419 2419 5476 etc.,
2447 5419 2504 5465 ut
2535 5429 2660 5483 pag.
2696 5414 2824 5469 755.
3686 5408 3688 5411 -

2174 5499 2328 5558 CAP.
2353 5499 2496 5556 XIX.
2523 5533 2593 5544 —
2631 5502 2985 5569 Quandouam
3012 5505 3206 5576 aliquis
3242 5505 3550 5559 cathedram
3576 5506 3695 5574 qni-

2103 5596 2223 5650 dem
2250 5603 2554 5665 statumque
2583 5596 3006 5653 ecclesiasticum
3041 5600 3247 5662 retinet,
3272 5596 3584 5651 nullatenus
3611 5605 3698 5649 ta-

2107 5707 2222 5745 men
2252 5691 2608 5746 ministerium
2630 5699 2874 5762 exercet}
