4156 6442
484 371 516 434 7
522 372 590 434 55

846 487 1072 543 Com'ilii
1102 489 1373 561 Ancyrani
1399 507 1564 545 canon
1604 490 1654 555 l,
1678 489 1735 542 9.

479 629 483 640 .
556 581 581 634 1
598 581 986 654 ,Ριοεὶιγιοιυε
1004 585 1095 653 qui
1115 585 1582 646 sacriﬁcaverunt,
1599 593 1730 647 etc.,
1747 592 1806 636 ut
1821 599 1941 654 pag.
1959 581 2083 636 595.

483 668 488 675 ’
557 675 612 728 ει.
651 673 928 730 Diaconos
976 676 1232 731 similiter
1278 678 1372 746 qui
1416 677 1833 742 sacriﬁcarunt,
1897 685 2085 746 postea

486 776 671 822 autem
723 769 976 824 reluctati
1019 780 1169 834 sunt,
1207 770 1378 824 alium
1411 771 1631 840 quidem
1677 770 1944 824 honorem
1996 769 2086 823 ha-

485 863 638 928 bere,
680 863 833 931 ipsos
882 872 1064 917 autem
1111 863 1180 916 ab
1231 865 1380 917 omni
1431 862 1760 918 sacerdotali
1800 863 1878 934 (5)
1923 862 2086 916 mini-

486 955 656 1009 sterio
691 971 932 1020 cessare,
968 965 1020 1010 et
1051 971 1249 1026 panem
1288 957 1369 1010 vel
1411 958 1637 1010 calicem
1663 956 1950 1020 olfercndi,
1997 954 2085 1010 vel

484 1047 860 1116 pnedicnndi:
910 1047 1004 1102 sed
1039 1048 1085 1102 si
1129 1064 1192 1102 ex
1241 1049 1521 1119 cpiscOpis
1565 1049 1735 1118 aliqui
1785 1048 1839 1102 in
1886 1048 1953 1103 iis
1997 1048 2080 1102 vel

485 1138 840 1195 alllictioncm
874 1140 1139 1210 aliquam,
1192 1143 1274 1196 vel
1317 1143 1682 1198 humilitatem
1721 1158 1784 1197 ac
1827 1157 2085 1196 mansue-

485 1230 728 1285 tudinem
782 1232 1041 1296 viderint.
1075 1245 1130 1288 et
1177 1236 1384 1304 aliquid
1433 1236 1671 1306 amplius
1703 1235 1835 1290 dare
1877 1234 1960 1290 vel
2003 1233 2086 1289 of-

486 1325 629 1380 ferre
661 1325 959 1394 voluerint,
987 1328 1040 1381 in
1075 1345 1262 1382 eorum
1297 1338 1570 1398 potestate
1598 1328 1649 1382 id
1686 1343 1828 1382 esse.

661 1417 822 1487 281
875 1415 1101 1472 Concilii
1139 1417 1589 1472 Neocwsariensis
1632 1434 1799 1470 canon
1829 1417 1883 1472 9.

550 1512 605 1567 9.
646 1512 698 1565 Si
725 1511 1005 1582 presbyter
1025 1511 1116 1582 qui
1147 1526 1382 1582 corpore
1411 1513 1566 1582 prius
1593 1517 2082 1582 peccaverat,elc.,

479 1609 534 1653 ut
572 1616 696 1671 pag.
731 1599 856 1655 547.

729 1697 959 1752 Concilii
993 1697 1300 1751 mcumenici
1335 1713 1387 1751 vt
1419 1713 1642 1751 canones
1673 1697 1727 1763 5,
1764 1695 1856 1751 26.

557 1789 632 1845 De
662 1790 982 1860 presbyteris
1005 1800 1055 1843 et
1086 1789 1314 1843 clericis.

552 1885 608 1938 5.
641 1884 913 1950 Quoniam
955 1897 1087 1938 vero
1135 1882 1258 1952 pius
1296 1880 1611 1953 Christique
1649 1891 1885 1948 amator,
1935 1891 2040 1938 etc.
2065 1924 2080 1948 ,
2114 1857 2158 1916 Β

480 1987 537 2031 ut
568 1993 690 2047 pag.
725 1976 848 2030 5H.

554 2069 645 2122 26.
698 2068 1121 2139 Presbyterum,
1171 2066 1261 2138 qni
1313 2081 1414 2136 per
1466 2065 1826 2136 ignorantiam
1879 2065 2082 2121 illicitis

481 2164 690 2234 nuptiis
717 2172 800 2217 cst
827 2163 1158 2232 implicatus,
1188 2177 1312 2216 esse
1349 2161 1569 2230 quidem
1603 2159 1879 2214 cathedrze
1912 2160 2082 2230 parti-

481 2259 682 2327 cipem,
708 2257 1008 2310 secundum
1041 2271 1103 2309 ea
1125 2271 1247 2325 qua:
1277 2262 1407 2309 sunt
1435 2253 1594 2308 nobis
1622 2269 1650 2308 a
1681 2268 1840 2308 sacro
1869 2267 2082 2307 canone

480 2351 702 2404 decreta
735 2367 747 2401 :
781 2364 812 2403 ιι
855 2346 1081 2418 reliquis
1114 2357 1295 2402 autem
1330 2346 1743 2418 operationibus
1779 2346 2077 2400 abstinere.

479 2441 541 2494 Ei
572 2443 740 2507 enim,
773 2442 865 2512 qui
899 2452 983 2498 est
1012 2442 1158 2507 talis,
1187 2441 1320 2496 satis
1348 2450 1434 2495 cst
1462 2441 1506 2496 si
1538 2439 1694 2494 venia
1721 2438 1900 2493 detur.
1931 2437 2001 2493 Ut
2034 2439 2080 2494 is

480 2544 664 2588 autem
699 2536 789 2590 alii
825 2535 1115 2591 benedicat
1150 2537 1240 2604 qui
1284 2535 1447 2590 debet
1477 2534 1696 2604 propria
1731 2549 1927 2588 curare
1957 2535 2080 2587 vnl-

480 2644 634 2693 nera,
674 2645 782 2683 non
831 2639 916 2684 est
960 2641 1416 2684 consentaneum.
1452 2627 1769 2682 Benedictio
1804 2629 1946 2681 enim
1997 2641 2082 2682 est

480 2723 934 2779 sanctiﬁcationis
956 2724 1252 2793 impertitio
1281 2741 1294 2778 :
1327 2723 1420 2794 qui
1451 2733 1636 2776 autem
1675 2722 1725 2776 id
1774 2737 1882 2776 non
1917 2721 2080 2776 habet

481 2827 706 2886 propter
735 2817 994 2872 delictum
1024 2833 1091 2871 ex
1123 2817 1455 2887 ignorantia,
1483 2815 1764 2888 quomodo
1791 2815 1944 2868 alteri
1978 2815 2080 2869 im-

477 2908 709 2977 pcrtiet?
742 2905 854 2962 Nec
895 2923 1025 2979 ergo
1060 2908 1295 2978 publice,
1336 2923 1434 2961 nec
1485 2907 1734 2975 privatim
1769 2907 2077 2971 benedicat,

479 3016 581 3054 nec
631 2999 837 3056 Christi
892 3016 1096 3070 corpus
1147 3001 1270 3056 aliis
1325 3001 1623 3056 distribuat
1682 3001 1804 3070 (nec
1855 2999 2079 3070 aliquod

477 3093 626 3147 aliud
661 3094 1028 3148 ministerium
1055 3094 1262 3161 obeat),
1290 3095 1382 3149 sed
1403 3092 1751 3164 prarsidentia
1784 3101 2080 3147 contentus

1686 373 1951 434 PllOTlI
1990 373 2498 436 PATRIARCHIE
2530 375 2641 437 ΟΡ.

2112 494 2162 552 Λ

3691 377 3804 442 756

2475 487 2747 542 Συνόδου
2783 488 3075 558 Ἀγκύρας
3119 490 3321 545 κανὼν
3345 489 3415 555 α’,
3441 491 3505 563 β’.

2262 587 2330 635 α’.
2372 582 2791 654 Πρεσϐυτέρους
2823 584 2948 648 τοὺς
2973 583 3365 650 ὲπιΟύσαντας,
3391 604 3446 640 κ.
3479 605 3529 641 τ.
3551 585 3606 640 λ.

2263 679 2329 746 β’.
2369 679 2668 741 Διακόνους
2722 679 2924 746 ὁμοίως
2975 681 3270 748 θύσαντας,
3330 681 3468 752 μετὰ
3517 682 3573 735 δὲ
3618 677 3808 734 ταῦτα

2189 771 2700 836 ἀναπαλαίσαντας,
2725 773 2826 843 τὴν
2865 773 2965 844 μὲν
2988 774 3155 847 ἀλλην
3186 777 3354 846 τιμὴν
3385 774 3548 845 ἔχειν,
3571 770 3804 825 πεπαῦ-

2192 865 2316 920 σθαι
2343 868 2399 919 δὲ
2433 867 2630 931 αὐτοὺς
2662 866 2846 937 πάσῃς
2874 867 2973 938 τῆς
3003 869 3284 940 ἱερατικῆς
3306 867 3659 938 λειτουργίας
3702 865 3804 920 τοῦ

2188 962 2374 1033 ἄρτον,
2406 962 2438 1034 ἦ
2463 963 2722 1034 ποτήριον
2755 965 3075 1036 ἀναφέρειν,
3102 965 3136 1035 ἢ
3170 964 3488 1036 κηρύσσειν·
3507 965 3556 1016 εί
3583 963 3807 1034 μέντοι,

2189 1057 2338 1119 τινὲς
2368 1056 2477 1108 τῶν
2508 1057 2829 1110 ἐπισκόπων
2850 1057 3079 1120 τούτους
3101 1058 3366 1112 συνίδοιεν
3399 1058 3656 1127 κάματόν
3675 1074 3805 1111 τινα

2187 1153 2222 1224 ἢ
2258 1156 2592 1207 ταπείνωσιν
2622 1157 2953 1224 πραότητος,
2986 1158 3082 1208 καὶ
3127 1154 3364 1209 ἐθέλοιεν
3399 1155 3560 1208 πλέον
3585 1173 3642 1210 τι
3670 1155 3808 1209 διδό-

2187 1265 2275 1301 ναι
2303 1249 2334 1317 ἢ
2369 1249 2646 1319 ἀφαιρεῖν,
2673 1249 2760 1300 ἐπ’
2799 1247 2984 1312 αὐτοῖς
3008 1243 3152 1303 εἶναι
3179 1249 3280 1322 τὴν
3306 1248 3578 1313 ἐξουσίαν.

2438 1410 2710 1466 Συνόδου
2741 1413 3213 1482 Νεοκαισορειας
3239 1411 3445 1466 κανὼν
3473 1411 3538 1467 θ’.

2259 1507 2322 1560 θ’.
2356 1505 2740 1576 Πρεσϐύτερος
2796 1504 2892 1558 ἐὰν
2951 1503 3406 1577 προημαρτηκὼς
3458 1501 3712 1576 σώματι,
3744 1521 3800 1558 κ..

2185 1617 2237 1655 τ.
2289 1600 2340 1651 ).

2283 1691 2556 1746 Συνόὸου
2582 1688 3003 1759 οἱκουμενικῆς
3039 1690 3223 1759 ἕκτης
3251 1689 3454 1745 κανὼν
3477 1696 3547 1760 γ’,
3584 1695 3711 1755 κς’.

2260 1787 2401 1856 Περὶ
2435 1785 2638 1855 ἱερέων
2664 1787 2762 1840 καί
2793 1783 3120 1854 κληρικῶν.

2259 1887 2330 1950 γ’.
2372 1877 2590 1950 Ἐπειδὴ
2642 1877 2752 1931 δὲό
2795 1877 3026 1948 εὐσεϐὴς
3084 1876 3181 1931 καὶ
3241 1875 3588 1947 φιλόχριστος
3637 1873 3806 1946 ἡμῶν

2189 1975 2468 2047 βασιλεὺς,
2499 1991 2556 2028 κ.
2588 1989 2638 2026 τ.
2671 1973 2721 2026 λ.

2255 2071 2372 2134 κς’.
2402 2068 2781 2143 Πρεσϐύτερον
2809 2066 2901 2120 τὸν
2949 2065 3093 2120 κατά
3150 2065 3374 2136 ἄγνοιαν
3419 2063 3650 2136 ἀθέσμῳ
3702 2064 3808 2133 γά-

2188 2183 2274 2238 μῳ
2336 2164 2741 2235 περιπαρέντα,
2809 2160 3083 2232 καθέδρας
3135 2161 3234 2231 μὲν
3304 2158 3598 2230 μετέχειν,
3654 2159 3804 2212 κατὰ

2182 2261 2253 2314 τὰ
2283 2259 2394 2313 ἀπὸ
2424 2259 2518 2312 τοῦ
2541 2258 2689 2328 ἱεροῦ
2709 2259 2937 2316 κανόνος
2960 2256 3095 2324 ἡμῖν
3116 2252 3579 2324 νομοθετηθέντα,
3604 2252 3720 2306 τῶν
3739 2253 3799 2306 δὲ

2183 2353 2388 2406 λοιπῶν
2406 2350 2698 2424 ἐνεργειῶν
2724 2348 3046 2420 ἀπέχεσθαι’
3075 2346 3309 2418 ἀρκετὸν
3338 2345 3448 2418 γὰρ
3475 2344 3806 2416 τῷτοιούτῳ

2184 2449 2218 2518 ἡ
2247 2444 2547 2515 συγγνώμη
2570 2460 2584 2475 ο
2617 2444 2862 2512 εὐλογεῖν
2879 2442 2936 2496 δὲ
2967 2441 3156 2513 ἕτερον
3194 2440 3288 2493 τὸν
3309 2439 3378 2494 τὰ
3407 2439 3588 2492 οἰκεία
3618 2455 3689 2510 τη
3699 2453 3799 2508 με·

2183 2543 2295 2596 λεῖν
2367 2541 2654 2610 ὀφείλοντα
2711 2537 3042 2610 τραύματα,
3101 2533 3466 2589 ἀνακόλουθον
3493 2549 3509 2566 ο
3567 2529 3799 2600 εὐλογία

2184 2637 2295 2708 γὰρ
2360 2632 2635 2704 ἁγιασμοῦ
2690 2629 2980 2701 μετάδοσις
3041 2629 3230 2680 ἐστιν·
3293 2624 3324 2676 ὁ
3369 2624 3428 2679 δὲ
3500 2622 3668 2677 τοῦτο
3722 2620 3800 2693 μὴ

2184 2730 2324 2801 ἔχων
2353 2729 2442 2780 διὰ
2471 2727 2532 2780 τὸ
2561 2727 2626 2780 ὲκ
2651 2725 2752 2793 τῆς
2776 2722 3002 2792 ἀγνοίας
3043 2721 3422 2792 παράπτωμα,
3455 2718 3576 2781 πῶς
3619 2715 3797 2786 ἑτέρῳ

2187 2822 2532 2896 μεταδώσει;
2577 2819 2718 2891 μήτε
2766 2817 2948 2871 τοίνυν
2995 2814 3258 2886 δημοσίᾳ,
3292 2815 3430 2884 μήτε
3479 2810 3590 2882 ἰδία
3643 2808 3800 2864 εὐλο-

2183 2915 2372 2987 γείτω,
2411 2915 2546 2986 μήτε
2573 2913 2632 2966 τὸ
2664 2909 2824 2980 σῶμα
2866 2908 2961 2962 τοῦ
2999 2904 3238 2978 Χριστοῦ
3269 2902 3635 2973 κατανεμὲτω
3675 2899 3797 2954 ἑτέ-

2189 3028 2326 3082 ροις,
2365 3009 2502 3079 μήτε
2538 3025 2589 3060 τι
2658 3004 2788 3059 ἄλλο
2818 3002 3242 3074 λειτουργείτωο
3277 2999 3392 3052 ἀλλ’
3442 2994 3796 3066 ἀρκούμενος

2182 3107 2248 3176 τῇ
2307 3097 3011 3174 προεδρίᾳ,ςπροσκλαιέτω
3035 3095 3114 3168 τῷ
3137 3093 3315 3166 κυρίῳ
3361 3088 3795 3161 συγχωρηθῆναι

476 3185 705 3238 omnino
739 3185 952 3248 deﬂeat,
989 3193 1050 3240 ut
1099 3185 1172 3239 illi
1203 3202 1269 3239 ex
1306 3184 1616 3256 ignorantia
1667 3193 1951 3254 peccatum
1988 3199 2078 3239 rc-

2183 3197 2331 3268 αὐτῷ
2355 3196 2417 3249 τδ
2449 3198 2513 3249 ἐκ
2543 3196 2642 3264 τῆς
2670 3193 2895 3262 ἀγνοίας
2913 3191 3175 3261 ἀνόμημα
3201 3204 3214 3218 °
3270 3184 3539 3258 πρόδηλον
3571 3183 3688 3252 γὰρ
3715 3178 3794 3244 ὡς

477 3277 748 3331 mittatur.
779 3276 1126 3332 Manifestum
1157 3280 1302 3332 enitn
1355 3288 1437 3334 est
1469 3281 1614 3350 quod
1648 3278 1918 3334 nefarium
1945 3295 2076 3334 con-

2182 3293 2206 3344 ὁ
2249 3288 2494 3352 τοιοῦτος
2533 3287 2708 3358 γάμος
2737 3283 3148 3353 διαλυθήσεται,
3179 3280 3274 3333 καὶ
3302 3275 3558 3346 οὐδαμῶς
3591 3277 3620 3328 ὁ
3649 3272 3796 3342 ἀνὴρ

472 3368 688 3438 jngium
727 3370 1074 3435 dissolvetur,
1109 3387 1209 3425 nec
1243 3371 1326 3425 vir
1358 3388 1483 3426 cum
1514 3387 1576 3426 ea
1608 3372 1718 3426 ullo
1749 3373 1914 3426 modo
1940 3387 2074 3426 con-

477 3460 823 3515 suetudinem
850 3461 1089 3527 habebit,
1118 3470 1341 3532 propter
1375 3479 1541 3534 quam
1568 3477 1726 3519 sacra
1755 3464 2076 3534 Operatione

475 3555 722 3624 privatus
762 3563 869 3610 est.

912 3645 1106 3702 Basilii
1139 3664 1370 3704 canones
1399 3649 1492 3714 27,
1533 3650 1621 3706 70.

545 3739 639 3795 27.
682 3739 758 3794 De
797 3741 1114 3812 presbytero
1157 3743 1252 3813 qui
1298 3743 1543 3802 insciens
1595 3745 1806 3802 illicitis
1859 3745 2068 3817 nuptiis

477 3832 794 3902 implicatus
829 3844 932 3899 est,
956 3843 1060 3889 etc.
1094 3845 1149 3888 ιιι
1181 3853 1301 3906 oag.
1332 3836 1461 3891 547.

549 3926 640 3982 70.
683 3927 961 3982 Diaconus
1010 3929 1104 3998 qui
1151 3929 1392 3999 pollutus
1431 3939 1519 3985 est
1567 3931 1621 3985 in
1659 3931 1852 3998 labris,
1905 3948 2076 4002 seque

476 4033 542 4073 eo
567 4034 743 4089 usque
774 4035 1034 4088 peccasse
1064 4021 1359 4076 confessus
1387 4031 1490 4085 est,
1526 4037 1554 4075 a
1578 4023 1886 4078 ministerio
1915 4039 2075 4079 amo-

474 4113 727 4179 vebitnr;
765 4113 861 4169 sed
894 4113 942 4168 ei
977 4116 1333 4179 concedetur,
1368 4126 1426 4170 ut
1457 4132 1582 4171 cum
1618 4117 1869 4173 diaconis
1898 4119 2074 4188 parti-

474 4223 604 4279 ceps
635 4209 706 4263 sit
737 4219 1238 4265 sacramentorum.
1263 4211 1318 4264 ld
1353 4211 1533 4280 ipsum
1568 4221 1752 4267 autem
1786 4212 2075 4284 presbyter

474 4319 715 4372 quoque.
755 4302 812 4357 Si
850 4303 981 4373 quid
1024 4315 1208 4358 autem
1240 4305 1480 4374 amplius
1516 4305 1642 4375 quis
1677 4322 1940 4376 peccasse
1972 4306 2073 4361 de-

473 4393 784 4461 prehensus
845 4391 1032 4460 fuerit,
1076 4394 1131 4448 in
1165 4411 1496 4464 quocunque
1530 4395 1602 4450 sit
1653 4399 1848 4467 gradu,
1905 4398 2071 4467 depo-

472 4497 657 4541 lictur.

2181 3383 2473 3455 μετουσίαν
2517 3381 2629 3445 ἕξει
2679 3380 2816 3450 πρὸς
2851 3377 2951 3449 τὴν
2981 3376 3051 3430 δι’
3085 3371 3150 3450 ἧς
3170 3374 3268 3445 τῆς
3299 3373 3452 3445 ἱερᾶς
3503 3366 3796 3441 ἐνεργείας

2179 3477 2495 3548 ἐστέρηται.

2595 3661 2922 3716 Βασιλείου
2952 3656 3154 3712 κανὼν
3174 3655 3277 3720 κζ’,
3300 3660 3363 3708 o'.

2250 3754 2356 3820 κζ’.
2393 3754 2534 3826 Περὶ
2599 3752 2694 3808 τοῦ
2756 3750 3134 3824 πρεσϐυτέρου
3206 3747 3300 3800 τοῦ
3357 3743 3499 3799 κατὰ
3559 3741 3792 3811 ἄγνοιαν

2180 3849 2410 3921 ἀθέσμῳ
2445 3848 2611 3920 γάμῳ
2642 3845 3069 3922 περιπαρέντος,
3105 3860 3159 3898 κ.
3192 3859 3246 3898 τ.
3273 3842 3326 3896 λ.

2249 3948 2310 3996 o'.
2346 3941 2604 4005 Διάκονος
2631 3941 2688 3994 ὲν
2720 3939 2925 4010 χείλεσι
2959 3936 3232 4008 μιανθεὶς,
3267 3933 3362 3988 καὶ
3395 3932 3557 4004 μέχρι
3585 3928 3793 3983 τούτου

2179 4035 2562 4108 ἡμαρτηκέναι
2586 4033 2956 4104 ὁμολογήσας,
3007 4031 3107 4102 τῆς
3157 4028 3506 4099 λειτουργίας
3555 4027 3786 4094 ἐπισχε-

2179 4132 2450 4202 θήσεται·
2501 4130 2598 4184 τοῦ
2643 4129 2698 4182 δὲ
2741 4128 2992 4198 μετέχειν
3045 4126 3156 4180 τῶν
3197 4123 3584 4194 ἀγιασμάτων,
3645 4114 3788 4188 μετά

2176 4225 2287 4279 τῶν
2317 4225 2583 4279 διακόνων
2609 4222 2980 4292 ἀξιωθήσεται
3005 4235 3018 4249 ⁸
3072 4220 3135 4274 τὸ
3167 4219 3224 4273 δὲ
3257 4216 3392 4273 αὐτὸ
3421 4217 3515 4270 καὶ
3540 4209 3785 4286 πρεσϐύο

2177 4333 2335 4388 τερον
2363 4332 2378 4347 ο
2409 4318 2457 4368 εί
2482 4315 2539 4368 δέ
2561 4332 2614 4368 τι
2646 4313 2840 4367 τούτου
2873 4311 3057 4365 πλεῖον
3088 4308 3375 4382 φωραθείη
3408 4324 3492 4371 τις
3523 4307 3784 4378 ἠμαρτηι

2179 4408 2318 4476 κὼς,
2352 4410 2411 4463 ὲν
2441 4409 2538 4480 οἴῳ
2573 4407 2640 4462 ἂν
2675 4405 2709 4480 ᾖ
2745 4405 2964 4478 βαθμῷ,
3003 4403 3494 4477 καθαιρεθήσεται.

547 4581 713 4652 282
748 4580 902 4636 CAP.
927 4579 1049 4636 XX.
1072 4613 1142 4622 —
1162 4580 1289 4637 Non
1340 4600 1452 4637 esse
1481 4583 1802 4636 credendum
1827 4583 2068 4652 episcopo

2251 4591 2507 4646 ΚΕΦΛΛ.
2533 4589 2622 4646 κ’.
2649 4622 2718 4632 —
2749 4588 2893 4658 Περὶ
2942 4585 3052 4642 τοῦ
3097 4586 3184 4656 μὴ
3241 4584 3635 4639 πιστεύεσθαι
3675 4577 3784 4633 τόν

470 4676 756 4744 ιιῙῙὶιίιιιιηΙί
809 4676 1061 4744 privatim
1107 4676 1208 4730 sibi
1264 4677 1516 4731 clericum
1561 4677 1626 4730 de
1681 4677 1904 4731 crimine
1956 4693 2068 4731 esse

469 4769 788 4837 confessam.

734 4860 962 4916 Concilii
989 4861 1428 4933 Carthaginensis
1462 4880 1636 4920 canon
1664 4863 1792 4920 152.

543 4955 620 5008 De
665 4957 926 5026 episcopo,
983 4957 1072 5026 qui
1111 4957 1538 5010 excommunicat
1589 4975 1729 5023 eum,
1782 4974 1934 5028 quem
1967 4957 2070 5012 sibi

470 5044 571 5098 soli
603 5044 800 5097 crimen
830 5045 962 5097 dicit
992 5061 1105 5098 esse
1139 5045 1459 5116 confessum.

547 5229 670 5283 152.
707 5229 838 5285 Item
875 5229 1084 5299 placuit
1115 5234 1203 5301 δυ’,
1233 5243 1294 5288 ιιι
1333 5233 1378 5288 si
1408 5233 1631 5303 quando
1662 5235 1954 5304 episc0pus
1980 5234 2068 5289 di-

472 5323 548 5376 cit
601 5322 839 5392 aliquem
876 5322 981 5378 sihi
1014 5323 1113 5378 soli
1158 5326 1442 5396 proprium
1477 5327 1684 5382 crimen
1717 5327 1890 5382 fuisse
1925 5343 2066 5382 con-

473 5417 702 5481 fessum,
741 5427 906 5488 atque
945 5417 1035 5472 ille
1067 5427 1225 5488 neget
1274 5431 1327 5474 et
1359 5421 1626 5489 pmnitere
1654 5421 1924 5488 noluerit;
1958 5438 2068 5476 non

470 5518 622 5579 putet
652 5512 718 5565 ad
753 5511 1012 5582 injuriam
1061 5527 1218 5567 suam
1267 5513 1563 5584 episcopus
1590 5519 1888 5586 pertinuere,
1922 5517 2066 5585 quod

537 5695 582 5724 ⁸³
611 5693 780 5750 Cone.
815 5695 1005 5750 Carth.
1036 5711 1130 5757 vn,
1168 5712 1216 5751 c.
1255 5696 1360 5767 55,
1389 5696 1559 5752 Afric.
1597 5714 1644 5753 c.
1677 5701 1766 5756 99.

2179 4685 2521 4739 ἐπίσκοπον
2538 4682 2798 4753 λέγοντα
2834 4679 3170 4746 ἰδιαζόντως
3190 4675 3351 4743 αὐτῷ
3365 4677 3474 4730 τὸν
3491 4670 3786 4743 κληρικόν

2179 4775 2683 4848 συνομολογῆσαι
2721 4773 2788 4828 τὸ
2821 4773 3158 4842 ἁμάρτημα.

2407 4868 2679 4923 Συνὸδοιι
2709 4865 3137 4935 Καρθαγέννης
3173 4861 3378 4918 κανὼν
3419 4861 3559 4933 ρλβ’.

2251 4963 2390 5031 Περὶ
2415 4961 2757 5015 ἐπισκόπου
2780 4959 2888 5013 τοῦ
2935 4957 3056 5014 ἀπὸ
3105 4957 3423 5020 κοινωνίας
3461 4952 3779 5012 ποιοῦντος

2179 5058 2290 5109 τὸν
2322 5054 2486 5120 αὐτῷ
2562 5054 2729 5125 μόνῳ
2796 5052 2862 5106 τὸ
2912 5052 3068 5106 ἴδιον
3136 5051 3413 5120 ἔγκλημα
3481 5042 3780 5118 ὁμολογήσ-

2172 5164 2390 5203 σαντα.

2248 5238 2384 5312 ρλβ’.
2437 5239 2673 5310 Ὀμοίως
2715 5239 2936 5311 ἤρεσεν.
2983 5237 3072 5290 ἵνα
3138 5236 3235 5290 ἐάν
3291 5252 3423 5289 ποτε
3478 5233 3775 5291 ἐπίσκοπος

2174 5333 2312 5405 λέγῃ
2341 5331 2467 5386 τινὰ
2495 5331 2647 5402 αὐτῷ
2686 5331 2835 5403 μόνῳ
2856 5331 2917 5385 τὸ
2951 5331 3084 5384 ίδιον
3117 5329 3374 5401 ἔγκλημα
3415 5327 3771 5398 ὁμολογῆσαι,

2176 5429 2272 5481 καὶ
2295 5429 2502 5490 ἐκεῖνος
2551 5427 2807 5497 ἀρνῆται,
2851 5425 2925 5498 μὴ
2982 5424 3273 5494 λογίσηται
3311 5424 3340 5475 ὁ
3371 5421 3670 5481 ἐπίσκοπος
3695 5417 3774 5475 εἰς

2181 5517 2318 5571 ἰδίαν
2353 5517 2512 5588 ὖῦριν
2541 5517 2862 5583 συντείνειν,
2901 5519 2983 5572 ὅτι
3033 5517 3201 5582 αὐτὸς
3237 5515 3398 5589 μόνος
3427 5515 3488 5568 οὐ
3517 5511 3770 5567 πιστεύε-

539 5848 614 5919 (Ei)
659 5851 826 5906 Sacro
880 5855 1061 5925 aptius
1112 5855 1344 5911 reddidit
1388 5855 1702 5926 Dionysius,
1745 5860 2085 5929 habeturque
2117 5859 2170 5914 in
2195 5861 2360 5917 veteri
2395 5860 2866 5931 interpretatione.
