4156 6430
393 336 496 402 75⁵7

1063 335 1472 399 SYNTAGMA
1511 333 1906 396 CANONUM.
1931 334 2179 397 —TIT.
2222 335 2331 411 IX,
2377 336 2536 396 CAP.
2579 336 2912 397 XX-XXII.

3601 339 3707 403 753

393 471 517 510 ταιο
569 456 617 510 εί
653 456 750 511 καὶ
791 454 869 528 τῷ
919 453 1235 526 σκινδαλμῷ
1277 455 1379 527 τῆς
1429 455 1568 518 ιδίας
1634 455 1998 528 συνειδήσεως

2107 454 2184 508 illi
2237 455 2339 511 soli
2397 471 2504 511 non
2555 455 2823 519 creditur,
2877 454 2978 510 etsi
3027 456 3290 526 scrupulo
3328 457 3438 528 l5°)|
3465 463 3699 528 propriae

393 548 544 618 λέγει
576 548 653 622 μὴ
693 550 868 604 θέλειν
902 550 1096 604 ἐαυτὸν
1125 551 1406 603 κοινωνεῖν
1432 548 1511 619 τῷ
1535 549 1880 620 ἀρνουμένῳ.

467 643 720 698 ΚΕΦΑΛ.
760 643 892 698 KA'.
925 674 996 686 —
1034 643 1173 712 Περὶ
1218 642 1560 697 ἐπισκόπου
1604 642 1642 710 ἢ
1695 641 1990 712 κληρικοῦ

393 736 713 802 ἐσθίοντος
795 735 976 805 κρέας
1040 737 1112 790 ἐν
1167 737 1392 806 αἵματι,
1452 736 1490 805 ἣ
1533 735 1898 807 θνησιμαῖον
1951 735 1990 806 ἢ

394 826 788 897 θηριιὶλωτον.

819 919 1206 974 Ἀποστόλων
1238 920 1438 975 κανὼν
1477 920 1577 989 ξγ’.

467 1009 566 1079 ξγ’.
600 1011 668 1064 El
695 1029 780 1076 τις
803 1013 1125 1078 ἐπίσκοπος,
1155 1014 1190 1084 ἢ
1226 1012 1621 1084 πρεσϐύτερος,
1657 1013 1690 1086 ἢ
1723 1012 1992 1079 διάκονος,

393 1104 428 1176 ἢ
462 1104 598 1168 ὅλως
645 1104 741 1158 τοῦ
789 1106 1090 1176 καταλόγου
1141 1109 1237 1163 τοῦ
1287 1108 1586 1178 ἱερατικοῦ,
1651 1107 1803 1180 φάγῃ
1832 1109 1991 1178 κρέα,

394 1214 451 1253 κ.
484 1215 534 1252 τ.
573 1198 622 1256 λ.

715 1294 990 1350 Συνόδου
1031 1295 1322 1364 Ἀγκύρας
1369 1294 1574 1348 κανὼν
1603 1294 1671 1362 γ’.

465 1394 536 1456 γ’.
591 1387 732 1450 Τοὺς
785 1386 1090 1457 φεύγοντας
1149 1388 1244 1440 καὶ
1317 1387 1742 1459 συλληφθέντας,
1799 1387 1833 1458 ἢ
1888 1387 1995 1441 ὑπὸ

395 1481 618 1534 οἰκείων
689 1479 1142 1551 παραδοθέντας,
1199 1480 1232 1551 ἢ
1310 1480 1489 1544 ἄλλως
1543 1480 1612 1534 τὰ
1680 1480 1994 1551 ὑπάρχοντα

395 1573 818 1645 ἀφαιρεθέντας,
891 1574 924 1646 ἢ
993 1575 1401 1644 ὑπομείναντας
1475 1573 1841 1645 βασάνους,ἢ
1895 1575 1978 1635 εἰς

393 1670 767 1739 δεσμωτήριον
799 1667 1196 1738 ἐμϐληθέντας,
1247 1667 1493 1739 βοῶντας
1518 1685 1578 1720 τε
1612 1668 1692 1721 ὅτι
1720 1669 1827 1720 είσὶ
1855 1666 1993 1737 Χρι-

396 1761 622 1823 στιανοὶ,
675 1762 768 1815 καὶ
816 1761 1297 1832 περισχισθέντας,
1359 1762 1482 1832 ἦτοι
1531 1762 1611 1823 εἰς
1666 1763 1766 1821 τὰς
1801 1760 1994 1830 χεῖρας

394 1855 532 1925 πρὸς
557 1855 676 1924 βίαν
730 1853 1112 1922 ἐμϐαλλόντων
1144 1853 1254 1906 τῶν
1286 1851 1684 1923 βιαζομένωνόι,
1721 1852 1754 1920 ἢ
1792 1850 1992 1922 βρῶμά
2025 1832 2068 1894 Β

393 1965 448 2000 τι
485 1947 616 2018 πρὸς
646 1947 894 2017 ἀνάγκης
925 1945 1281 2016 δεξαμένους,
1307 1943 1711 2014 ὁμολογοῦντας
1736 1943 1792 1995 δὲ
1823 1942 2001 1996 διόλου

395 2042 478 2094 ὃτι
539 2041 644 2093 εἰσὶ
692 2039 1032 2110 Χριστιανοὶ,
1063 2039 1158 2092 καὶ
1199 2039 1260 2092 τὸ
1310 2039 1504 2101 πένθος
1557 2036 1649 2091 τοῦ
1692 2036 2005 2107 συμϐάντος

397 2135 482 2188 ἀεὶ
542 2133 1025 2203 ἐπιδεικνυμένους
1081 2135 1148 2204 τῇ
1203 2133 1352 2203 πάσῃ
1414 2130 1726 2201 καταστολῇ
1790 2130 1887 2183 καὶ
1917 2127 1997 2199 τῷ

397 2229 659 2298 σχήματι,
698 2228 795 2280 καὶ
845 2230 910 2297 τῇ
946 2225 1041 2278 τοῦ
1089 2224 1206 2296 βίου
1241 2223 1618 2293 ταπεινότητι,
1668 2221 1896 2285 τούτους
1924 2219 2002 2286 ὡς

396 2321 500 2386 ἔξω
553 2321 956 2390 ἁμαρτήματος
1003 2319 1188 2383 ὄντας,
1221 2319 1322 2388 τῆς
1356 2317 1646 2380 κοινωνίας
1681 2316 1755 2386 μὴ
1785 2313 1999 2369 κωλύε-

399 2413 544 2466 σθαι.
579 2413 642 2465 Εἰ
673 2412 730 2465 δὲ
757 2413 851 2465 καὶ
879 2409 1233 2480 ἐκωλύθησαν
1266 2409 1371 2462 ὑπό
1406 2426 1573 2474 τινος,
1603 2406 2004 2476 περισσοτέρας

399 2503 686 2576 ἀκριϐείας
741 2503 950 2568 ἕνεκεν,
982 2503 1015 2575 ἢ
1045 2502 1138 2557 καί
1180 2520 1344 2556 τινων
1389 2501 1604 2572 ἀγνοίᾳ,
1648 2499 1810 2562 εὐθὺς
1835 2515 2004 2570 προσ-

397 2597 655 2668 δεχθῆναι
682 2613 696 2628 ο
723 2596 882 2650 τοῦτο
902 2597 960 2650 δὲ
993 2597 1198 2668 ὁμοίως
1224 2597 1316 2649 ἐπί
1349 2613 1408 2649 τε
1438 2595 1549 2649 τῶν
1574 2596 1640 2648 ἐκ
1667 2593 1762 2647 τοῦ
1795 2591 2002 2664 κλήρου

397 2691 494 2743 καὶ
523 2689 633 2743 τῶν
659 2688 836 2744 ἄλλων
874 2690 1080 2744 λαῖκῶν
1102 2707 1117 2722 ο
1167 2690 1553 2764 προεξητάσθη
1582 2692 1638 2745 δέ
1668 2693 1913 2757 κάκεῖνο,
1954 2692 2002 2745 εί

398 2781 654 2835 δύνανται
690 2783 784 2836 καὶ
813 2783 993 2837 λαῖκοὶ
1026 2785 1091 2855 τῇ
1125 2785 1262 2855 αὐτῇ
1315 2785 1533 2856 ἀνάγκη
1609 2785 2000 2850 ὑποπεσόντες,

401 2875 742 2946 προάγεσθαι
789 2877 868 2942 είς
917 2876 1074 2942 τάξιν
1103 2895 1116 2908 ·
1161 2877 1340 2945 ἔδοξεν
1385 2877 1480 2932 οῦν
1527 2879 1623 2933 καὶ
1672 2879 1899 2943 τούτους
1925 2878 2003 2942 ὡς

404 2970 572 3040 μηδὲν
603 2970 1022 3042 ἡμαρτηκότας,
1053 2972 1102 3025 εί
1121 2973 1214 3025 καὶ
1238 2973 1272 3043 ἡ
1299 2971 1656 3043 προλαϐοῦσα
1690 2973 2004 3044 εὑρίσκοιτο

399 3061 535 3133 ὀρθὴ
565 3061 660 3115 τοῦ
701 3061 815 3133 βίου
847 3063 1130 3128 πολιτεία,
1173 3063 1641 3137 προχειρίζεσθαι.

543 3155 819 3210 Συνόδου
845 3157 1269 3226 οὶκουμενικῆς
1315 3157 1496 3226 ἕκτης
1534 3157 1739 3213 κανὼν
1760 3159 1856 3226 ξζν.

474 3245 574 3313 ξξ.
603 3246 736 3300 Θεία
761 3248 894 3318 ἡμῖν
917 3249 1109 3320 Γραφὴ
1132 3249 1457 3314 ἐνετείλατο,
1489 3251 1795 3322 ἀπέχεσθαι
1836 3251 2001 3322 αἵμα-

401 3357 492 3404 τος
544 3340 640 3394 καὶ
685 3341 914 3395 πνικτοῦ
961 3342 1054 3396 καὶ
1105 3343 1405 3414 πορνείας·
1452 3345 1568 3409 τοῖς
1627 3345 1722 3398 οὖν
1769 3345 1859 3399 διὰ
1901 3345 2003 3417 τὴν

399 3433 584 3504 λίχνον
619 3435 886 3505 γαστέρα,
941 3430 1083 3504 αἷμα
1127 3439 1450 3508 οίουδήποτε
1501 3437 1643 3505 ζώου
1685 3437 1852 3510 τέχνῃ
1894 3440 2002 3493 τινὶ

403 3528 909 3593 κατασκευάζουσιν
939 3528 1225 3600 ἐδώδιμον,
1252 3533 1347 3584 καὶ
1367 3530 1511 3585 οὑτω
1540 3531 1700 3586 τοῦτο
1736 3531 2001 3599 ἐσθίουσι,

403 3619 734 3688 προσφόρως
784 3621 1171 3690 ἐπιτιμῶμεν·
1216 3621 1272 3674 εἴ
1327 3625 1411 3686 τις
1473 3618 1567 3676 οῦν
1607 3623 1715 3676 ἀπὸ
1749 3623 1844 3676 τοῦ
1881 3622 2000 3687 νῦν,

401 3705 542 3781 αἷμα
596 3711 737 3776 ζώου
777 3712 982 3766 ἐσθίειν
1015 3715 1357 3786 ἐπιχειρήσοι
1388 3715 1691 3787 οίῳδήποτέ
1735 3734 1844 3770 τινι
1880 3716 2007 3787 τρό-

403 3822 510 3874 πῳ,
537 3806 587 3858 εἰ
621 3806 720 3876 μὲν
763 3807 1028 3879 κληρικὸς
1057 3809 1142 3880 εἴη
1175 3807 1548 3880 καθαιρείσθω
1569 3827 1580 3840 ·
1619 3812 1667 3864 εἰ
1703 3810 1760 3863 δὲ
1794 3809 2003 3877 λαῐκὸς,

401 3898 772 3971 ἀφοριζέσθω.

474 4069 731 4124 ΚΕΦΑΛ.
765 4068 896 4124 ΚΒ⁹.
929 4101 998 4110 ——
1030 4070 1173 4140 Περὶ
1229 4070 1338 4125 τοῦ
1402 4070 1547 4137 τοὺς
1601 4071 2003 4138 ἐπισκόπους,

402 4165 503 4219 καί
556 4166 1024 4234 πρεσϐυτέρους,
1067 4165 1161 4220 καὶ
1209 4166 1556 4234 διακόνους,
1613 4167 1713 4220 καὶ
1770 4166 2006 4233 πάντας

401 4259 546 4324 τοὺς
597 4261 668 4314 τὰ
723 4260 850 4328 ἱερὰ
881 4259 1317 4330 ψηλαφῶντας,
1353 4260 1625 4330 ὀφείλειν
1671 4261 2006 4331 ἀπέχεσθαι

401 4350 502 4404 καὶ
533 4349 650 4403 τῶν
675 4352 910 4405 οἰκείων
939 4350 1230 4421 γαμετῶν.

511 4444 786 4497 Evt-(560v
825 4446 1250 4514 Καρθαγέννιις
1279 4444 1484 4500 κανὼν
1508 4453 1580 4516 γ’,
1609 4446 1672 4513 δ’,
1702 4445 1798 4512 κε’,
1832 4455 1894 4502 o'.

473 4537 614 4604 Περὶ
649 4536 1016 4604 ἐγκρατείας.

474 4635 545 4697 γ’.
582 4629 851 4701 Αὐρήλιος
885 4630 1188 4696 ἐπίσκοπος
1211 4627 1387 4685 εἷπεψ
1427 4633 1516 4688 Ἐν
1546 4637 1614 4706 τῇ
1650 4633 2005 4707 προλαϐούσῃ

405 4722 630 4793 συνόδῳ,
693 4724 771 4788 ὡς
834 4723 964 4794 περὶ
1011 4725 1222 4796 ῥυθμοῦ
1283 4727 1612 4797 ἐγκρατείας
1656 4729 1752 4780 καὶ
1780 4727 2006 4794 ἁγνείας

403 4816 672 4887 ἐζητεῖτο,
705 4816 903 4888 ἤρεσεν
934 4817 1075 4872 ὥστε
1111 4818 1238 4882 τοὺς
1268 4822 1418 4890 τρεῖς
1460 4819 1704 4889 βαθμοὺς
1755 4819 2004 4887 τούτους,

403 4909 530 4970 τοὺς
556 4907 839 4980 συνδέσμῳ
861 4909 970 4964 τινὶ
993 4910 1094 4979 τῆς
1115 4910 1337 4979 ἁγνείας
1360 4909 1450 4963 διὰ
1469 4914 1568 4982 τῆς
1593 4910 2006 4982 καθιερωσύνης

407 5002 936 5072 συμτπεπλεγμένοὺς
958 5045 972 5068 ,
1003 5004 1150 5075 φημὶ
1195 5004 1254 5056 δὲ
1289 5003 1626 5068 ἐπισκόπους
1647 5045 1662 5068 ,
1701 5005 2008 5076 πρεσϐυτέ-

408 5111 559 5161 ρους,
592 5095 688 5147 κα).
721 5095 1027 5162 διακόνους,
1056 5097 1133 5161 ὡς
1181 5098 1384 5170 πρέπει
1439 5099 1610 5162 ὁσίοις
1662 5099 2006 5163 ἐπισκόποις,

405 5185 500 5238 καὶ
535 5186 739 5257 ἱερεῦσι
763 5187 921 5251 Θεοῦ,
947 5189 1044 5244 καὶ
1076 5189 1338 5258 λευῖταις,
1369 5191 1462 5244 καὶ
1487 5189 2010 5262 ὑπουργοῦσιθείοις

406 5277 845 5348 καθιερώμασιν,
882 5282 1174 5351 ἐγκρατεῖς
1208 5279 1348 5336 εἶναι
1372 5283 1430 5336 ἐν
1457 5285 1643 5348 πᾶσιν,
1671 5282 1820 5345 ὅπως
1849 5281 2011 5352 δυνη-

407 5369 544 5424 θῶσι
570 5371 664 5425 τοῦ
693 5372 720 5425 ὃ
738 5374 889 5446 παρὰ
908 5373 1004 5428 τοῦ
1035 5374 1170 5429 Θεοῦ
1195 5375 1383 5440 ἁπλῶς
1409 5377 1674 5443 αἰτοῦσιν,
1695 5381 1971 5452 ἐπιτυχεῖν
1991 5396 2003 5409 ·

481 5548 578 5624 (5‘)
640 5547 765 5604 ΙΙ.εο
810 5565 938 5624 pars
986 5550 1178 5624 ultima
1226 5553 1476 5619 canonis,
1521 5553 1881 5624 subsequenti
1911 5569 2002 5609 ca-

407 5623 537 5674 noni
572 5622 866 5676 attexenda
905 5631 1009 5687 est,
1047 5631 1106 5676 ut
1135 5623 1470 5680 Hincmarus
1511 5635 1656 5680 recte
1683 5622 1917 5680 attexuit
1947 5629 1998 5679 in

406 5691 709 5769 opusczpe
741 5692 972 5769 divortio
1006 5692 1158 5769 Loth.
1192 5707 1241 5752 et
1282 5694 1432 5751 Tetb.
1463 5704 1598 5752 tum.
1639 5695 1680 5764 Ι,
1714 5712 1841 5769 pag.
1870 5695 1998 5752 572.

479 5761 557 5831 (6)
592 5760 690 5815 Ms.
723 5763 1152 5832 conscriptione.

481 5833 558 5903 (7)
619 5832 718 5888 Ms.
768 5836 1036 5906 cpisc0pi,
1091 5837 1336 5910 inquam,
1389 5837 1722 5911 presbyteri,
1768 5850 1822 5896 et
1871 5839 1990 5896 dia-

2097 549 2431 618 cognitionis
2462 563 2521 604 se
2550 548 2684 603 dicit
2718 547 2939 616 neganti
2977 547 3121 602 nolle
3151 550 3584 608 communicare.

2167 640 2322 696 CAP.
2353 639 2500 694 XXI.
2534 671 2605 682 —
2637 640 2714 695 De
2747 643 2989 709 episcopo
3025 649 3118 694 aut
3157 641 3347 694 clerico
3396 644 3486 710 qui
3517 660 3699 698 vesca-

2096 745 2184 788 tur
2212 750 2371 788 carne
2410 749 2530 787 cum
2571 736 2848 805 sanguine,
2891 733 2974 789 vel
3007 735 3314 802 morticina,
3357 735 3436 790 vel
3498 753 3530 789 a
3580 737 3694 805 fera

2095 827 2380 896 suﬂocato.

2540 919 2919 990 Apostolorum
2945 935 3116 973 canon
3161 919 3251 974 63.

2166 1010 2237 1066 65
2289 1009 2426 1084 {6'2}.
2471 1011 2528 1067 Si
2579 1013 2706 1082 quis
2758 1013 3052 1083 episcopus
3099 1014 3185 1066 vel
3233 1011 3547 1083 presbyter,
3608 1015 3696 1068 vel

2095 1105 2364 1160 diaconus
2391 1106 2474 1160 vel
2514 1107 2743 1161 omnino
2780 1124 2844 1160 cx
2881 1105 3212 1163 sacerdotali
3248 1121 3476 1161 numero
3502 1121 3704 1162 come-

2095 1199 2236 1254 derit
2264 1213 2486 1262 carnes,
2511 1208 2641 1265 etc.,
2675 1209 2734 1252 ut
2767 1215 2892 1269 pag.
2935 1199 3064 1253 746.

2471 1289 2701 1346 Concilii
2732 1293 3004 1364 Ancyrani
3041 1309 3212 1346 canon
3247 1294 3302 1348 3.

2171 1382 2224 1436 5.
2268 1380 2490 1451 Εοεψιὶ
2519 1381 2790 1452 fugientes
2843 1384 3224 1452 comprehensi
3255 1393 3403 1450 sunt,
3441 1385 3528 1439 vel
3573 1393 3706 1440 sunt

2097 1490 2129 1530 a
2180 1475 2298 1530 suis
2345 1475 2550 1541 traditi,
2583 1475 2664 1529 vel
2688 1475 2805 1532 suis
2839 1475 3044 1546 alioqui
3081 1475 3444 1532 facultatibus
3475 1478 3698 1548 privati,

2100 1569 2182 1624 vel
2237 1579 2505 1624 tormenta
2565 1569 2830 1639 perpessi,
2880 1573 2962 1625 vel
3015 1570 3068 1624 in
3126 1583 3406 1627 carcerem
3465 1573 3703 1642 conjecti

2098 1673 2244 1727 sunt,
2277 1663 2579 1717 clamantes
2633 1677 2692 1716 se
2721 1677 2845 1716 esse
2876 1661 3249 1724 Christianos.
3298 1674 3352 1718 et
3378 1664 3578 1720 divulsi
3639 1681 3705 1720 ac

2097 1756 2345 1812 distracti
2395 1765 2545 1823 sunt,
2592 1757 2677 1811 vel
2733 1757 2802 1812 iis
2848 1757 2944 1827 qui
2978 1757 3084 1811 vim
3137 1757 3438 1813 all‘crebant
3482 1762 3611 1815 thus
3651 1762 3703 1814 in

2109 1865 2307 1904 manus
2335 1849 2783 1914 immittentibus,
2829 1849 2916 1904 vel
2964 1849 3089 1904 cibo
3117 1850 3301 1920 aliquo
3345 1866 3437 1920 per
3466 1853 3708 1907 necessi-

2107 1953 2273 1998 tatem
2313 1949 2599 2013 suscepto,
2634 1958 2694 1998 se
2731 1953 2913 1998 tamen
2949 1958 3074 1999 esse
3124 1943 3472 1998 Christianus
3514 1961 3710 2016 perpe-

2107 2042 2204 2088 tuo
2233 2031 2494 2099 fatentes,
2520 2043 2574 2090 et
2592 2034 2714 2104 ejus
2735 2035 2883 2104 quod
2907 2035 3107 2090 accidit
3129 2034 3374 2090 dolorem
3399 2045 3452 2091 et
3473 2039 3705 2105 amictu,

2107 2136 2160 2180 ct
2191 2126 2402 2191 habitu,
2431 2135 2488 2181 et
2521 2127 2646 2182 vitae
2676 2127 2840 2198 283
2876 2127 3187 2184 humilitate
3219 2143 3331 2198 prae
3355 2144 3416 2184 se
3444 2129 3705 2197 ferentes,

2107 2235 2138 2274 a
2173 2220 2568 2274 communione
2597 2236 2708 2275 non
2743 2223 2944 2277 arceri.
2974 2219 3070 2276 Sin
3100 2230 3284 2276 autem
3311 2223 3477 2278 etiam
3507 2225 3576 2278 ah
3605 2224 3708 2280 ali-

2106 2326 2218 2382 quo
2253 2319 2382 2366 sunt
2432 2312 2719 2381 prohibiti,
2771 2313 3004 2383 majoris
3055 2313 3334 2370 cautionis
3384 2315 3579 2386 gratia,
3627 2315 3712 2372 vel

2105 2403 2270 2458 etiam
2302 2412 2529 2474 propter
2573 2404 2888 2474 aliquorum
2944 2404 3338 2476 ignorantiam,
3384 2407 3570 2461 statim
3608 2409 3713 2462 ad-

2109 2497 2414 2550 mittantnr.
2451 2496 2568 2551 Hoc
2603 2509 2789 2552 autem
2838 2499 3098 2553 similiter
3137 2497 3192 2552 in
3237 2498 3454 2554 clericis
3488 2508 3542 2556 et
3583 2502 3711 2556 aliis

2107 2586 2284 2644 laicis.
2343 2589 2457 2645 Hoc
2505 2606 2726 2662 quoque
2773 2600 2860 2647 est
2917 2593 3319 2658 examinatum,
3374 2609 3442 2648 an
3497 2597 3713 2664 possint

2106 2682 2270 2736 etiam
2315 2681 2461 2748 laici,
2511 2684 2606 2753 qui
2659 2683 2712 2736 in
2763 2683 3012 2738 eamdem
3069 2683 3457 2740 necessitatem
3503 2685 3686 2743 incide

2108 2785 2259 2842 runt,
2281 2778 2347 2831 ad
2377 2777 2629 2833 ordinem
2655 2778 2993 2847 promoveri.
3020 2777 3212 2832 Visum
3243 2788 3328 2832 est
3347 2792 3504 2848 ergo,
3531 2789 3585 2834 et
3609 2797 3706 2837 eos

2109 2881 2168 2925 ut
2198 2871 2290 2941 qui
2325 2871 2459 2924 nihil
2503 2879 2848 2941 peccassent,
2881 2870 2928 2925 si
2965 2871 3131 2925 etiam
3165 2873 3483 2940 praecedens
3513 2889 3706 2928 eorum

2109 2963 2231 3018 vita:
2273 2963 2624 3018 iustituendae
2673 2963 2814 3018 ratio
2864 2973 3015 3019 recta
3078 2965 3414 3030 inveniatur,
3483 2982 3707 3036 promo-

2109 3053 2248 3109 veri.

2433 3145 2660 3203 Concilii
2688 3146 2995 3200 mcumenici
3023 3161 3072 3201 vr
3093 3161 3266 3201 canon
3295 3146 3386 3203 67.

2177 3241 2267 3297 67.
2301 3239 2493 3295 Divina
2532 3239 3002 3320 nobis'Seriptura
3026 3240 3330 3306 mandavit,
3354 3260 3384 3296 ει
3417 3242 3708 3314 sanguine,

2108 3345 2163 3389 et
2201 3334 2489 3395 sulfocato,
2542 3343 2596 3388 et
2627 3332 2992 3389 fornicatione
3048 3334 3348 3390 abstinere.
3389 3335 3499 3391 Eos
3544 3351 3698 3408 ergo,

2107 3433 2201 3504 qui
2252 3443 2476 3504 propter
2514 3431 2809 3486 delicatum
2863 3440 3107 3485 ventrem
3149 3431 3533 3501 cujuscunque
3586 3432 3710 3487 ani-

2110 3524 2269 3580 malis
2324 3524 2650 3594 sanguinem
2730 3532 2850 3578 arte
2907 3523 3093 3590 aliqua
3159 3523 3504 3578 esculentum
3574 3539 3712 3580 con-

2108 3617 2268 3672 diunt
2330 3632 2395 3672 ac
2459 3616 2772 3680 instruunt,
2851 3623 3016 3684 atque
3086 3614 3160 3669 ita
3228 3616 3322 3670 illo
3382 3627 3706 3685 vescuntur,

2108 3711 2500 3767 convenienter
2539 3711 2821 3781 punimus.
2887 3707 2944 3763 Si
3014 3709 3140 3779 quis
3197 3709 3453 3779 deinceps
3493 3711 3710 3766 anima-

2110 3805 2179 3862 lis
2234 3807 2557 3876 sanguinem
2600 3802 2795 3872 quovis
2847 3800 3013 3856 modo
3074 3802 3367 3856 comedere
3419 3804 3708 3872 aggredia-

2111 3909 2222 3965 tur,
2273 3900 2318 3955 si
2341 3901 2415 3955 sit
2448 3898 2668 3968 quidem
2719 3895 2974 3960 clericus,
2999 3895 3305 3965 deponatur
3335 3913 3348 3949 :
3403 3895 3492 3951 sin
3525 3907 3709 3952 autem

2111 3993 2307 4057 laicus,
2347 4001 2686 4063 segregetur.

2181 4082 2336 4139 CAP.
2372 4082 2538 4138 XXII.
2567 4113 2640 4122 —
2685 4081 2836 4148 Quod
2884 4081 3138 4152 episcopi,
3198 4089 3247 4135 et
3307 4080 3618 4154 presbyteri,
3659 4089 3710 4136 et

2109 4179 2347 4242 diaconi,
2389 4193 2668 4246 omnesque
2705 4177 2796 4244 qui
2823 4191 2979 4229 sacra
3023 4183 3281 4238 tractant,
3315 4189 3348 4225 a
3395 4175 3708 4246 conjugibus

2111 4271 2330 4325 debeant
2376 4287 2430 4324 se
2463 4269 2751 4324 continere.

2183 4451 2413 4507 Concilii
2443 4449 2884 4521 Curt/taginensis
2919 4464 3142 4502 canones
3174 4449 3228 4515 5,
3263 4449 3318 4513 4,
3349 4447 3441 4513 25,
3482 4449 3573 4504 70-.

2047 4548 2096 4608 D
2191 4544 2269 4599 De
2298 4544 2646 4598 continentia.

2181 4639 2234 4692 5.
2255 4636 2509 4692 Aurelius
2525 4637 2820 4705 episcopus
2851 4633 2991 4688 dixit
3019 4653 3032 4688 :
3069 4633 3206 4689 Cum
3226 4635 3504 4704 prrrterito
3521 4633 3710 4689 conci-

2112 4733 2186 4786 lio
2225 4732 2291 4786 de
2319 4730 2659 4786 continentia
2695 4739 2748 4782 et
2777 4727 3050 4782 castitatis
3083 4728 3462 4783 moderamine
3501 4736 3711 4782 tracta-

2115 4833 2283 4888 retur,
2333 4821 2535 4892 gradus
2582 4819 2670 4876 isti
2720 4830 2853 4884 tres,
2897 4819 2995 4889 qui
3025 4820 3426 4875 constrictione
3459 4820 3537 4892 (6)
3574 4836 3712 4890 qua-

2112 4915 2238 4969 dam
2291 4912 2566 4968 castitatis
2623 4927 2720 4982 per
2779 4912 3226 4966 eonsecrationes
3292 4912 3492 4966 adnexi
3555 4921 3709 4977 sunt,

2112 5007 2406 5078 episcopos
2452 5005 2552 5076 (7),
2617 5005 2866 5074 inquam,
2908 5005 3260 5075 presbyteros
3309 5015 3364 5060 et
3419 5005 3712 5069 diaconos,

2112 5101 2188 5156 ita
2222 5100 2555 5172 complacuit
2582 5098 2684 5170 (8),
2722 5107 2783 5154 ut
2819 5098 3084 5153 condecet
3110 5113 3301 5154 sacros
3336 5097 3616 5152 antistites
3645 5113 3711 5151 ac

2117 5197 2209 5250 Dei
2262 5195 2596 5256 sacerdotes,
2631 5193 2800 5266 284
2850 5208 2952 5248 nec
2983 5208 3092 5247 non
3125 5203 3179 5248 et
3219 5190 3441 5248 Levitas
3479 5192 3580 5262 (9),
3628 5192 3713 5246 vel

2113 5289 2208 5359 qui
2273 5289 2637 5344 sacramentis
2694 5287 2898 5342 divinis
2969 5287 3298 5352 inserviunt,
3361 5286 3715 5340 continentes

2114 5395 2236 5434 esse
2289 5378 2342 5432 in
2396 5376 2679 5443 omnibus,
2713 5392 2824 5447 quo
2859 5377 3074 5447 possint
3126 5375 3454 5447 simpliciter
3503 5373 3650 5446 quod
3683 5388 3718 5427 α

2111 5570 2321 5611 com.‘

2185 5627 2688 5706 (ifilli-Placuit.
2805 5700 2815 5706 _
2939 5698 2950 5706 .
3069 5696 3154 5706 ..
3269 5695 3279 5706 .

2110 5769 2160 5826 ὁ,
2181 5690 2260 5769 (9)
2295 5700 2395 5783 llls.
2428 5690 2484 5759 et
2529 5703 2612 5759 vel
2645 5699 2691 5758 si
2723 5700 2817 5772 qui
2848 5714 2860 5752 :
2897 5698 2971 5756 al.
3002 5696 3084 5753 vel
3111 5696 3158 5754 si
3189 5695 3320 5766 qui;
3353 5707 3548 5763 nempe
3577 5690 3710 5746 snh—

2151 5784 2354 5828 tat-oni.
