4156 6476
491 321 521 380 ’ἱ
533 321 597 378 ΞΩ

1605 318 1870 388 ΡΠΟΤΙΙ
1919 319 2429 384 ΡΛΤΒΙᾹΒΟΗᾹΞ
2458 324 2570 388 CP.

3676 331 3791 396 760

488 436 725 490 Domino
755 435 864 508 (l0)
891 435 1194 508 postulant,
1225 435 1522 507 impetrare
1551 455 1563 491 :
1595 446 1651 491 ιιι
1674 437 1819 508 quod
1851 439 2081 507 apostoli

2209 439 2276 494 ’να
2310 440 2407 494 καὶ
2435 441 2497 495 τὸ
2519 441 2608 496 διὰ
2626 441 2736 497 τῶν
2761 441 3081 498 ἀποστόλων
3108 443 3436 516 παραδοθὲν,
3470 446 3564 502 καὶ
3601 446 3665 513 ἐξ
3691 451 3800 503 αι’.-

487 529 822 594 docuerunt,
857 537 911 584 et
941 528 1060 600 ipsa
1098 529 1340 585 servavit
1377 528 1701 600 antiquitas,
1738 543 1840 584 nos
1862 545 2083 601 quoque

488 621 894 678 custodiamus.

560 713 642 769 De
667 715 892 770 diversis
920 714 1197 770 ordinibus
1228 715 1292 769 ab
1334 715 1590 769 uxoribus
1626 713 1974 769 abstinendis.

559 899 614 952 4.
655 897 956 953 Faustinus
980 898 1272 969 episcopus
1312 896 1572 954 Ecclesiae
1609 897 1930 962 Potentiam,
1958 911 2085 966 pro-

486 988 682 1044 vincia:
735 988 952 1054 Piceni,
1006 988 1220 1057 legatus
1275 988 1537 1044 Romanae
1587 987 1865 1053 Ecclt-siar,
1903 989 2082 1044 dixit:

487 1079 676 1135 Placet
706 1090 763 1135 ut
797 1081 1113 1152 episc0pus,
1162 1081 1448 1152 presbyter
1477 1092 1532 1137 et
1554 1083 1840 1148 diaconus,
1880 1082 1965 1138 vel
1991 1081 2084 1152 qui

489 1184 835 1229 sacramenta
889 1183 1267 1242 contrectant,
1322 1175 1601 1245 pudicitiae
1668 1175 1966 1241 custodes,
2019 1175 2089 1230 ab

488 1265 755 1322 uxoribus
782 1281 840 1322 se
863 1265 1200 1322 abstineant.

560 1466 639 1522 De
671 1467 952 1539 episcopis,
983 1470 1063 1524 uel
1090 1470 1423 1540 sequentibus
1448 1472 1748 1539 ordinibus,
1775 1477 1866 1545 qui
1905 1492 2090 1530 sacro-

492 1571 683 1614 sancta
727 1562 980 1631 mysteria
1038 1573 1391 1629 contrectant,
1455 1567 1656 1636 placuit
1716 1568 1780 1621 ab
1831 1570 2088 1624 uxoribus

495 1656 753 1710 contineri
779 1654 1110 1729 [abstineri].

563 1743 656 1799 25.
693 1745 952 1800 Aurelius
978 1746 1272 1816 episcopus
1301 1747 1498 1802 dixit”
1529 1767 1543 1804 :
1572 1748 1860 1819 Addimus,
1894 1750 2090 1808 fratres

493 1833 836 1901 cbarissimi,
869 1844 1154 1905 prtvterea,
1188 1853 1315 1892 cum
1353 1839 1419 1893 de
1452 1841 1820 1909 quorumdam
1855 1843 2088 1898 clerico-
2124 1813 2166 1868 Β

493 1941 640 1989 rtuu,
673 1927 928 1995 quamvis
959 1928 1248 1994 lectorum,
1274 1946 1400 2000 erga
1428 1947 1627 1986 uxores
1652 1934 1872 2002 prOpria
1906 1934 2093 1990 incon-

496 2019 724 2072 tinentia
758 2019 1078 2086 referretur,
1112 2021 1338 2091 placuit,
1371 2024 1519 2092 quod
1554 2023 1604 2077 in
1638 2025 1869 2080 diversis
1905 2027 2092 2084 conci—

495 2107 587 2162 liis
620 2106 894 2163 firmatum
927 2117 1036 2176 est,
1062 2120 1120 2166 ut
1152 2111 1496 2178 subdiaconi,
1531 2115 1623 2183 qui
1655 2129 1810 2168 sacra
1835 2118 2094 2186 mysteria

498 2198 626 2273 [ms.
670 2201 998 2276 ministeria]
1029 2213 1375 2259 contrectant
1419 2215 1472 2260 et
1502 2205 1628 2278 [ms.
1671 2206 1830 2279 item]
1857 2208 2093 2276 diaconi,

495 2305 552 2346 et
621 2296 946 2367 presbyteri,
1007 2296 1102 2352 sed
1157 2308 1210 2352 et
1259 2283 1504 2370 epiScopi
1555 2301 1855 2356 secundum
1912 2307 2097 2373 priora

501 2388 626 2461 [ms.
655 2389 900 2460 propria]
948 2399 1152 2446 statuta
1184 2391 1348 2446 etiam
1398 2393 1469 2448 ab
1518 2395 1784 2451 uxoribus
1813 2412 1872 2452 se
1917 2397 2094 2451 eunti-

499 2491 692 2546 neant,
724 2493 782 2537 ut.
830 2493 1091 2555 tanquam
1143 2500 1251 2540 non
1303 2486 1564 2542 habentes
1602 2488 1890 2542 videantur
1925 2503 2048 2544 esse
2082 2507 2094 2542 :

499 2576 648 2640 quod
708 2578 813 2630 nisi
869 2576 1117 2646 fecerint,
1165 2578 1235 2632 ab
1277 2580 1655 2635 ecclesiastico
1707 2592 2098 2635 removeantur

500 2667 701 2722 nlIicio.
731 2668 971 2724 Caeteros
996 2680 1175 2726 autem
1205 2673 1436 2728 clericos
1463 2673 1528 2727 ad
1557 2673 1660 2726 boc
1685 2689 1791 2726 non
1825 2673 1967 2743 mgi,
1995 2674 2100 2726 nisi

502 2761 791 2815 maturiori
825 2771 1005 2817 astate.
1046 2750 1128 2818 Ab
1163 2768 1424 2819 universo
1456 2765 1692 2820 Concilio
1723 2765 1930 2820 dictum
1965 2776 2046 2819 est
2085 2783 2099 2818 :

501 2850 637 2914 Quae
670 2861 849 2906 vestra
878 2853 1146 2910 sanctitas
1187 2864 1268 2908 est
1295 2854 1441 2923 juste
1473 2855 1775 2922 moderata,
1805 2864 1859 2910 et
1889 2863 2101 2920 saneta,

503 2953 557 2996 et
593 2940 703 2998 Deo
735 2944 933 3014 placita
962 2955 1090 3001 sunt
1118 2947 1529 3002 conlirmamus.

498 3209 503 3220 Ι
577 3127 686 3195 Qui
719 3129 900 3185 clerici
923 3130 987 3185 ab
1020 3130 1273 3186 uxoribus
1301 3131 1525 3187 debeant
1551 3133 1812 3188 abstinere
1832 3136 1858 3189 ?

581 3294 747 3366 285
765 3295 852 3351 70.
876 3295 1142 3352 Prteterea
1168 3296 1367 3367 “‘(ll),
1385 3313 1508 3352 cum
1535 3297 1600 3352 de
1621 3298 1984 3367 quorumdam
2001 3298 2106 3352 cle-

507 3388 773 3452 ricorum,
819 3389 1074 3458 quamvis
1109 3404 1236 3458 erga
1281 3404 1482 3444 uxores
1506 3393 1756 3460 preprias
1789 3390 2105 3445 incontincn

506 3479 582 3534 tia
607 3479 933 3546 referretur;
966 3483 1170 3552 placuit
1196 3483 1522 3553 episcopos,
1564 3490 1619 3537 et
1653 3484 2023 3555 presbyteros,
2057 3495 2110 3540 et

507 3572 776 3629 diaconos
817 3575 1122 3629 secundum
1170 3575 1352 3644 priora
1386 3583 1587 3630 Statuta
1628 3576 1794 3630 etiam
1821 3577 1890 3630 ab
1921 3576 2110 3631 uxori-

508 3664 614 3719 bus
641 3667 926 3720 continere
955 3684 968 3719 ι
1002 3667 1150 3736 quod
1193 3667 1297 3722 nisi
1326 3667 1578 3734 fecerint,
1626 3669 1696 3722 ab
1735 3670 2113 3725 ecclesiastico

515 3767 908 3811 removeantur
938 3756 1136 3813 ofﬁcio.
1167 3758 1410 3814 Caeteros
1445 3772 1627 3815 autem
1658 3761 1892 3816 clericos
1918 3761 1985 3816 ad
2013 3766 2114 3816 hoc

515 3863 628 3903 non
677 3849 818 3919 cogi,
865 3851 957 3904 sed
1005 3853 1308 3906 secundum
1359 3853 1796 3926 uniuscujUSque
1851 3853 2114 3910 Ecclesiae

517 3943 974 3998 consuetudinem
1005 3945 1284 3999 observari
1316 3945 1536 4000 debere.

759 4057 988 4114 Concilii
1019 4061 1325 4116 cecurnenici
1355 4077 1404 4115 νι
1431 4078 1658 4116 canones
1696 4061 1781 4128 l2,
1814 4063 1900 4116 l3.

591 4170 685 4225 12.
708 4169 886 4226 Porro
914 4171 1020 4227 hoc
1058 4188 1285 4242 quoque
1331 4173 1399 4229 ad
1448 4175 1814 4246 cognitionem
1867 4184 2114 4230 nostram

526 4261 793 4331 pervenit,
818 4270 946 4329 etc.,
979 4271 1036 4315 ut
1073 4279 1195 4333 pag.
1229 4263 1352 4318 ΒΜ.

597 4350 748 4406 13."
776 4351 1049 4418 Quoniam
1070 4351 1333 4408 Romanae
1363 4354 1620 4410 Ecclesia:
1650 4371 1752 4426 pro
1767 4371 1975 4411 canone
2000 4365 2116 4410 tra~

517 4443 691 4499 ditum
724 4459 846 4499 esse
873 4446 1257 4516 coguovimus,
1286 4455 1346 4500 ut
1369 4448 1726 4517 promovendi
1755 4449 1821 4502 ad
1854 4447 2116 4502 diacona-

2185 532 2287 602 τῆς
2334 533 2436 604 τῆς
2483 535 2846 607 ἀρχαιότητος
2896 535 3193 607 κρατηθὲν,
3228 537 3328 591 καὶ
3374 539 3538 611 ἡμεῖς
3580 541 3797 612 ὁμοίως

2187 625 2536 698 φυλάξωμεν.

2263 719 2401 787 Περὶ
2421 719 2728 800 ’διαφόρων
2771 722 3001 789 τάξεων
3033 721 3416 793 ὀφειλουσῶν
3449 723 3792 796 ἀπέχεσθαι

2189 808 2512 862 τυναικων.

2259 882 2320 938 δ’.
2347 886 2642 948 Φαυστῖνος
2673 885 2975 950 ἐπίσκοπος
3019 887 3254 941 Πικένου
3302 890 3403 959 τῆς
3443 887 3798 960 Ποτεντηνῆς

2189 975 2396 1047 χώρας,
2423 977 2806 1049 τοποτηρητὴς
2837 978 2939 1048 τῆς
2970 978 3299 1048 Ἐκκλησίας
3340 978 3583 1049 Ῥώμης,
3613 976 3796 1035 εἶπεν·

2203 1071 2453 1142 Ἀρέσκει
2521 1071 2610 1124 ἵνα
2672 1071 3008 1137 ἐπίσκοπος,
3065 1071 3163 1126 καὶ
3224 1070 3640 1144 πρεσϐύτερος,
3699 1074 3797 1129 καὶ

2189 1163 2454 1230 διάκονος,
2486 1165 2581 1219 καί⁵
2630 1165 2831 1229 πάντες
2873 1166 2923 1218 οἱ
2972 1166 3042 1218 τὰ
3094 1164 3216 1236 ἱερά
3265 1164 3664 1236 ψηλαφῶντες,
3695 1166 3796 1238 τῆς

2193 1256 2550 1328 σωφροσύνης
2597 1256 2890 1328 ὑπάρχωσι
2928 1255 3212 1326 φύλακες,
3249 1256 3343 1311 καὶ
3378 1258 3661 1327 γυναικῶν
3691 1258 3801 1313 άπ-

2191 1348 2448 1420 ἔχωνται.

2265 1459 2408 1528 Περὶ
2456 1459 2808 1515 ἐπισκόπων
2854 1461 2953 1516 καὶ
3007 1459 3125 1516 τῶν
3172 1460 3484 1531 ἑπομένων
3540 1460 3797 1528 τάξεων,

2191 1551 2312 1607 τῶν
2343 1553 2412 1608 τὰ
2446 1552 2585 1621 ἅγια
2617 1554 2921 1623 μυστήρια
2955 1554 3400 1625 ψηλαφουσῶν,
3425 1553 3652 1624 ὥρισεν
3677 1553 3799 1610 ἀπὸ

2193 1642 2498 1714 γυναικῶν
2534 1644 3015 1714 ἐγκρατεύεσθαι.

2263 1735 2363 1792 κε’.
2402 1737 2672 1808 Αὐρήλιος
2700 1737 3000 1802 ἐπίσκοπος
3029 1733 3204 1792 εἶπενο
3247 1738 3621 1810 Προστίθημι,
3644 1738 3798 1793 ἀδελ-

2197 1827 2287 1897 φοὶ
2312 1827 2652 1899 τιμιώτατοι,
2691 1829 3162 1896 προσεπιτοὺτοις,
3194 1831 3252 1882 ἐν
3298 1827 3378 1900 τῷ
3421 1829 3801 1901 ἀναφέρεσθαι

2196 1923 2384 1974 ’ἐνεκεν
2409 1921 2739 1992 ἐγκρατείας
2765 1922 2866 1990 τῆς
2900 1922 3026 1994 περ).
3057 1925 3156 1986 τὰς
3183 1922 3323 1986 ἰδίας
3349 1925 3618 1991 γυναῖκας
3639 1923 3802 1979 τινῶν

2203 2013 2313 2067 τῶν
2347 2010 2651 2082 κληρικῶν,
2670 2011 2964 2084 ἐξαιρέτως
2995 2011 3380 2080 ἀνα-γνωστῶν,
3403 2012 3464 2064 τδ
3485 2012 3584 2065 καὶ
3609 2012 3666 2064 ἐν
3686 2012 3804 2064 δια-

2199 2105 2389 2176 φόροις
2418 2104 2658 2168 συνόδοις
2695 2104 2993 2172 βεϐαιωθέν
3021 2145 3034 2169 ,
3069 2102 3209 2156 ὥστε
3243 2104 3373 2168 τοὺς
3409 2103 3806 2165 ὑποδιακόνους

2197 2201 2325 2263 τοὺς
2355 2199 2424 2254 τὰ
2457 2198 2575 2271 ἱερὰ
2608 2199 2886 2269 μυστήρια
2913 2198 3301 2268 ψηλαφῶντας,
3337 2197 3436 2252 καὶ
3462 2197 3594 2261 τοὺς
3618 2196 3806 2250 διακό-

2199 2310 2346 2359 νους,
2380 2293 2475 2346 καὶ
2521 2291 2949 2364 πρεσϐυτέρους,
2985 2290 3124 2345 ἀλλά
3154 2291 3249 2344 καὶ
3293 2291 3637 2354 ἐπισκόπους
3665 2289 3804 2343 κατὰ

2200 2386 2327 2450 τοὺς
2354 2385 2514 2448 ἰδίους
2533 2386 2717 2456 ὄρους,
2738 2387 2833 2439 καὶ
2855 2387 2918 2438 ἐκ
2942 2383 3051 2439 τῶν
3074 2383 3322 2456 συμϐίων
3343 2381 3812 2454 ἐγκρατεύεσθαι,

2204 2479 2294 2531 ἵνα
2323 2478 2399 2542 ὡς
2429 2479 2504 2549 μὴ
2534 2478 2751 2549 ἔχοντες
2785 2472 2952 2532 ὦσινο
3001 2480 3140 2550 ὅπερ
3181 2480 3230 2531 εί
3264 2479 3340 2548 μὴ
3367 2479 3688 2548 ποιήσουσι,
3713 2474 3806 2529 τοῦ

2205 2571 2665 2642 ἐκκλησιαστικοῦ
2722 2571 3104 2638 ἁποκινηθῶσι
3150 2570 3526 2641 καθήκοντος·
3581 2570 3713 2632 τοὺς
3753 2568 3808 2621 δὲ

2204 2667 2427 2729 λοιποὺς
2457 2666 2759 2738 κληρικοὺς
2807 2666 2944 2736 πρὸς
2986 2665 3145 2719 τοῦτο
3177 2666 3252 2738 μὴ
3287 2663 3725 2732 ἀναγκάζεσθαι,
3760 2663 3810 2714 εί

2210 2761 2285 2833 μὴ
2331 2762 2389 2813 ἐν
2434 2761 2817 2832 προϐεϐηκυίᾳ
2860 2760 3196 2832 mmmam
3243 2759 3426 2830 πάσης
3460 2757 3662 2829 ἐλέχθη
3715 2757 3810 2826 τῆς

2209 2854 2446 2908 συνόδου.
2472 2854 2537 2906 ’Ἀ
2549 2871 2654 2926 περ
2685 2855 2719 2925 ή
2745 2853 2988 2924 ὑμετέρα
3013 2853 3292 2924 ἁγιωσύνη
3323 2850 3551 2915 δικαίως
3579 2850 3807 2922 ἐρὺθμι-

2211 2965 2303 3002 σεν
2328 2948 2634 3020 ἱεροπρεπῆ
2675 2948 2804 3003 ὅντα
2843 2947 2941 3002 καὶ
2979 2947 3270 3018 θεάρεστα,
3313 2945 3668 3017 βεϐαιοῦμεν.

2141 3169 2185 3232 C
2292 3137 2428 3206 Περὶ
2471 3135 2580 3191 τοῦ
2619 3135 2780 3192 ποῖοι
2830 3135 3148 3206 ὀφείλουσι
3204 3133 3481 3203 κληρικοὶ
3543 3130 3822 3203 γαμετῶν

2217 3207 2574 3262 ἀπέγεσθαι.

2261 3207 2574 3276 πέχεσθαι.

2284 3297 2346 3354 o'.
2374 3299 2835 3368 Προσεπιτοὺτοις
2858 3299 2916 3351 ἐν
2937 3296 3014 3366 τῷ
3041 3295 3175 3367 περὶ
3201 3294 3531 3366 ἐκγρατείας
3561 3292 3662 3356 τῆς
3687 3290 3812 3359 περὶ

2213 3390 2313 3454 τάς
2337 3390 2547 3455 οἰκείας
2575 3393 2844 3462 γαμετὰς,
2873 3390 3037 3444 τινῶν
3068 3388 3511 3461 μνημονεύεσθαι
3532 3384 3812 3457 κληρικῶν

2215 3485 2413 3555 ἤρεσεν
2435 3500 2448 3512 ·
2486 3483 2630 3538 ὥστε
2664 3485 2792 3546 τοὺς
2826 3483 3163 3546 ἐπισκόπους
3189 3483 3284 3536 καὶ
3308 3483 3372 3534 ἐκ
3405 3480 3515 3535 τῶν
3557 3479 3701 3534 ἰδίων
3734 3477 3811 3530 ἔτι

2219 3577 2326 3648 μὴν
2357 3577 2660 3648 ἀπέχεσθαι
2686 3578 2946 3648 γαμετῶν
2971 3594 2984 3607 ·
3017 3577 3155 3647 ὅπερ
3186 3577 3235 3628 εί
3268 3576 3342 3645 μὴ
3373 3575 3684 3645 ποιήσαιεν,
3710 3569 3812 3626 ἀπὸ

2214 3670 2316 3740 τῆς
2365 3669 2830 3741 ἐκκλησιαστικῆς
2879 3667 3260 3740 ἁποκινηθῶσι
3304 3667 3549 3732 τάξεως·
3582 3667 3710 3729 τοὺς
3758 3663 3812 3716 δὲ

2217 3762 2436 3826 λοιποὺς
2463 3761 2761 3832 κληρικοὺς
2785 3761 2924 3832 πρὸς
2953 3761 3114 3816 τοῦτο
3144 3760 3219 3832 μὴ
3241 3752 3824 3828 ἀναγκάζεσθαι,άλλ“

2217 3855 2458 3922 ὀφείλειν
2511 3855 2654 3908 κατὰ
2699 3853 2800 3925 τὴν
2845 3854 3088 3925 ἑκάστης
3137 3852 3471 3923 Ἐκκλησίας
3527 3849 3816 3921 συνήθειαν

2219 3948 2774 4020 παραφυλάττεσθαι.

2291 4063 2564 4118 Συνόδου
2603 4060 3030 4132 οὶκουμενικῆς
3069 4057 3490 4128 ἕκτης-κανὼν·
3530 4055 3618 4127 ιβ’,
3661 4050 3746 4122 ιγ’.

2295 4173 2384 4246 ιβ’.
2427 4174 2536 4229 Καὶ
2563 4170 2725 4226 τοῦτο
2775 4172 2832 4227 δὲ
2875 4173 2957 4237 είς
2998 4173 3204 4242 γνῶσιν
3233 4167 3514 4240 ἡμετέραν
3546 4163 3728 4241 ἦλθεν,
3760 4179 3811 4216 ιι.

2259 4268 2351 4323 .λ.

2259 4308 2273 4323 .
2301 4286 2351 4323 Α.

2219 4286 2250 4322 τ
2298 4361 2388 4432 ιγ’.
2428 4361 2650 4433 Ἐπειδὴ
2678 4363 2736 4413 ἐν
2771 4361 2840 4431 τῇ
2876 4358 3167 4429 Ῥωμαίων
3190 4355 3516 4428 Ἐκκλησία,
3561 4356 3621 4408 ἐν
3669 4350 3813 4416 τάξει

2226 4455 2452 4516 κανόνος
2497 4450 2901 4524 παραδεδόσθαι
2956 4450 3261 4520 διέγνωμεν
3287 4489 3302 4514 ,
3337 4448 3466 4511 τοὺς
3529 4445 3816 4518 μέλλοντας

520 4549 662 4605 tum,
721 4539 803 4593 vel
845 4540 1310 4611 presbyteratum,
1357 4543 1718 4611 profiteantur
1758 4557 1818 4598 se
1850 4557 1958 4596 non
2003 4558 2108 4597 am-

2224 4544 2474 4598 διακόνου
2507 4543 2538 4613 ἢ
2569 4541 2945 4615 πρεσϐυτέρου
2973 4529 3256 4608 ἀξιοῦσθαι
3299 4539 3656 4610 χειροτονίας,
3687 4531 3813 4587 καθ-

518 4632 668 4703 plius
713 4632 831 4688 suis
871 4634 1145 4689 uxoribus
1183 4634 1634 4706 conjungendos;
1684 4651 1786 4691 nos
1828 4635 2116 4706 antiquum

521 4737 790 4777 canonem
821 4724 1137 4792 apostolicae
1165 4724 1522 4796 perfectionis
1547 4727 1871 4797 ordinisque
1897 4743 2120 4782 servan-

523 4825 631 4881 tes,
676 4815 960 4871 bominum
989 4817 1081 4887 qui
1113 4826 1242 4874 sunt
1277 4819 1332 4874 in
1374 4820 1548 4876 sacris
1583 4821 1824 4891 legitima
1865 4821 2120 4892 conjugia

525 4907 787 4976 deinceps
834 4924 1056 4978 quoque
1103 4909 1257 4966 firma
1305 4918 1358 4966 et
1408 4912 1624 4967 stabilia
1677 4929 1801 4968 esse
1843 4914 2118 4978 volumus,

528 5017 876 5072 nequaquam
931 5019 1122 5057 eorum
1187 5020 1311 5059 cum
1365 5005 1634 5060 uxoribus
1669 5006 2118 5075 conjunctionem

529 5094 916 5162 dissolventes,
966 5096 1051 5150 vel
1093 5110 1192 5152 eos
1238 5104 1428 5151 mutua
1479 5105 1728 5166 tempore
1779 5097 2126 5152 eonvcuienti

531 5188 931 5243 consuetudine
955 5190 1256 5259 privantes.
1290 5189 1666 5256 Quamobrem
1704 5191 1749 5245 si
1780 5191 1905 5261 quis
1931 5191 2131 5261 dignus

533 5281 789 5336 iuventus
840 5281 1026 5348 fuerit,
1088 5283 1181 5352 qui
1235 5283 1675 5355 bypodiaconus,
1718 5284 1802 5339 vel
1837 5283 2128 5349 diaconus,

533 5375 620 5428 vel
652 5375 933 5447 presbyter
963 5374 1273 5440 ordinetur,
1311 5376 1357 5431 is
1381 5377 1445 5428 ad
1481 5376 1642 5430 talem
1669 5377 1896 5447 gradum
1922 5376 2131 5431 assumi

535 5481 886 5540 nequaquam
941 5469 1318 5540 prohibeatur,
1370 5469 1415 5526 si
1477 5485 1602 5526 cum
1661 5471 1907 5541 legitima
1963 5485 2135 5527 uxore

2224 4637 2510 4705 ομολογεῖν
2537 4635 2612 4699 ὡς
2644 4635 2833 4688 οὐκέτι
2873 4636 2997 4695 ταῖς
3033 4633 3217 4689 αὑτῶν
3247 4634 3612 4687 συνάπτονται
3637 4643 3816 4699 γυναι-

2227 4727 2330 4793 ξὶν,
2371 4729 2533 4798 ἡμεῖς
2581 4725 2660 4797 τῷ
2715 4726 2929 4796 ἀρχαίῳ
2977 4723 3465 4789 ἐξακολουθοῦντες
3517 4721 3697 4778 κανόνι
3725 4717 3814 4784 τῆς

2226 4817 2594 4888 ἁποστολικῆς
2644 4817 2930 4888 ἀκριϐείας
2977 4818 3071 4870 καὶ
3123 4816 3364 4883 τάξεως,
3396 4816 3465 4868 τὰ
3514 4815 3621 4868 τῶν
3664 4806 3815 4879 ἱερῶν

2227 4913 2438 4984 ἀνδρῶν
2464 4911 2608 4966 κατὰ
2639 4911 2837 4980 νόμους
2863 4910 3199 4974 συνοικέσια,
3233 4909 3327 4963 καί
3349 4908 3458 4962 ἀπὸ
3491 4906 3584 4962 τοῦ
3616 4904 3708 4958 νῦν
3729 4901 3813 4972 sp-

2229 5003 2438 5077 ρῶσθαι
2471 5001 2775 5074 βουλόμεθα
2797 5042 2810 5064 ,
2846 5002 3116 5073 μηδαμῶς
3145 5000 3339 5055 αὐτῶν
3357 5000 3458 5070 τὴν
3493 4997 3627 5069 πρὸς
3656 5005 3818 5062 γαμε-

2235 5097 2333 5160 τὰς
2369 5097 2665 5164 συ-νὰφειαν
2693 5093 3002 5158 διαλύοντες
3024 5137 3039 5161 ,
3079 5094 3112 5166 ἢ
3159 5091 3594 5164 ἀποστεροῦντες
3632 5083 3816 5144 αὑτοὺς

2233 5191 2335 5260 τῆς
2369 5187 2504 5260 πρὸς
2529 5187 2796 5260 ἀλλήλους
2825 5187 2967 5241 κατὰ
2997 5187 3190 5260 καιρὸν
3212 5186 3305 5240 τὸν
3340 5185 3682 5256 προσήκοντα
3705 5179 3816 5244 ὀμιο

2235 5283 2389 5345 λίας¹
2426 5281 2572 5335 ὥστε
2621 5282 2676 5335 εί
2709 5298 2794 5345 τις
2823 5278 2972 5345 ἄξιος
3009 5279 3264 5351 εὑρεθείη
3311 5277 3450 5349 πρὸς
3497 5266 3814 5347 χειροτονίαν

2238 5375 2619 5440 ὑποδιακόνου,
2652 5373 2685 5446 ἢ
2715 5373 2986 5439 διακόνου,
3029 5371 3061 5444 ἢ
3091 5371 3464 5444 πρεσϐυτέρου
3492 5411 3506 5434 ,
3537 5365 3686 5426 οὗτος
3718 5372 3814 5428 μη·

2235 5469 2424 5541 δαμῶς
2455 5468 2748 5522 κωλυέσθω
2777 5469 2869 5521 ἐπὶ
2902 5466 3142 5521 τοιοῦτον
3176 5464 3384 5537 βαθμὸν
3414 5452 3818 5536 ἐμϐιῦκζεσθαε,

613 5653 658 5683 ⁸³
683 5650 945 5723 Carthag.
983 5667 1034 5717 v,
1080 5665 1205 5706 can.
1238 5653 1274 5707 ’ὁ
1303 5663 1356 5709 ct
1397 5652 1485 5707 l0.
1565 5654 1614 5687 “
1648 5653 1816 5710 Cone.
1847 5652 2106 5726 Cartbag.
2141 5669 2193 5722 v,
2234 5668 2358 5708 can.
2387 5653 2458 5714 ’ἲς
2497 5650 2665 5705 Afric.
2697 5667 2743 5704 (τ.
2778 5649 2869 5705 '57.
2939 5647 2988 5681 ⁵⁸
3021 5647 3158 5703 Can.
3191 5654 3370 5713 apost.
3395 5645 3446 5699 5.

543 5837 553 5880 ς
621 5809 733 5881 (ιο)
777 5809 890 5866 MS.
926 5807 1070 5881 quod
1106 5808 1351 5866 omnino.

2336 5810 2382 5882 (ι
2403 5811 2418 5863 ι
2431 5822 2445 5880 )
2485 5808 2549 5864 Ει
2581 5807 2632 5863 in
2667 5808 2768 5864 hoc
2801 5807 2918 5878 ipso
2957 5806 3143 5864 codice
3174 5803 3426 5876 superius
3457 5817 3580 5857 can.
3606 5793 3693 5849 ‘23.
