4156 6436
271 423 283 432 _
346 345 448 413 761

1034 353 1440 416 SYNTAGMA
1478 353 1868 418 CANONUM.
1899 382 1968 393 -
1995 353 2146 420 TlT.
2191 357 2296 434 IX,
2338 355 2500 420 CAP.
2534 356 2762 434 XXIII,
2790 356 3001 421 XXIV.

3557 355 3668 423 76‘2

344 465 562 536 γαμετῇ
593 464 860 521 συνοικῶν
887 466 1108 539 νομίμῳ
1131 485 1144 500 ·
1194 469 1333 540 μήτε
1365 467 1464 539 μὲν
1503 470 1562 524 ἐν
1595 470 1675 542 τῷ
1707 471 1807 540 τῆς
1837 487 1949 541 χει-

2061 471 2351 527 cohabitet.
2406 469 2512 526 Sed
2548 485 2727 541 neque
2771 469 3145 526 ordinationis
3198 477 3448 542 temqore
3487 472 3557 527 ab
3594 487 3662 527 eo

348 556 599 626 ροτονίας
627 557 809 631 καιρῷ
837 561 1180 615 ἀπαιτείσθω
1207 563 1234 614 ὁ
1267 561 1512 625 τοιοῦτος
1540 562 1850 631 ὁμολογεῖν,
1874 563 1950 627 ὡς

346 650 722 720 ἀποστήσεται
765 651 870 723 τῆς
899 653 1133 724 νομίμου
1165 654 1302 724 πρὸς
1335 654 1432 725 τὴν
1457 655 1669 710 οἰκείαν
1702 656 1952 728 γαμετὴν

345 743 566 814 ὁμιλίας
592 761 605 774 ·
642 745 731 800 ἴνα
761 745 838 817 μὴ
869 746 1120 800 ἐντεῦθεν
1142 747 1234 801 τὸν
1265 750 1330 802 ἐκ
1346 747 1484 802 Θεοῦ
1515 747 1952 821 νομοθετηθέντα

347 837 449 891 καὶ
473 836 839 909 εὖλογηθέντα
867 843 935 910 τῇ
958 840 1124 894 αὑτοῦ
1156 841 1434 912 παρουσίᾳ
1457 841 1658 911 γάμον,
1691 839 1953 912 καθυϐρί-

348 927 468 995 ζειν
498 929 883 1001 ἐκϐιασθῶμεν
908 949 922 962 ’
962 932 1060 1001 τῆς
1089 931 1181 985 τοῦ
1216 931 1554 1000 Εὑαγγελίου
1586 931 1771 1001 φωνῆς
1815 930 1954 999 βοώ-

351 1038 453 1092 σης
475 1037 492 1052 ·
533 1023 595 1076 Ἃ
637 1024 670 1076 ὁ
712 1024 857 1089 Θεὸς
888 1022 1151 1089 ἔζευξεν,
1179 1023 1493 1091 ἅνθρωπος
1510 1021 1602 1092 μὴ
1629 1019 1947 1092 χωριζέτω·

350 1115 448 1168 καὶ
460 1113 552 1168 τοῦ
566 1114 893 1170 Ἀποστόλου
909 1115 1280 1184 διδάσκοντος,
1292 1117 1352 1171 Τί
1350 1133 1494 1186 μιον
1512 1117 1620 1169 τὸν
1641 1115 1834 1186 γάμον
1851 1115 1953 1170 καὶ

347 1207 464 1275 τὴν
481 1207 693 1276 κοίτην
707 1208 1020 1278 ἀμίαντον-ο
1049 1209 1168 1277 καὶ,
1195 1209 1442 1264 Δέδεσαι
1460 1209 1702 1280 γυναικί
1714 1225 1732 1273 ;
1752 1208 1840 1278 μὴ
1859 1206 1956 1277 ζή-

348 1315 440 1352 τει
461 1300 648 1354 λύσιν
667 1315 682 1329 ο
712 1300 871 1371 ἴσμεν
893 1300 950 1355 δὲ
981 1301 1130 1364 ὅπως
1157 1302 1253 1355 καὶ
1285 1303 1334 1354 οἱ
1357 1303 1415 1354 ὲν
1438 1300 1799 1374 Καρθαγέννῃ
1825 1317 1953 1354 συν-

349 1390 601 1456 ελθόντες
629 1395 729 1462 τῆς
773 1395 834 1447 ἐν
878 1393 982 1465 βίῳ
1010 1394 1341 1464 σεμνότητος
1375 1395 1484 1448 τῶν
1514 1393 1846 1464 λειτουργῶν
1874 1411 1956 1447 τι-

350 1484 575 1552 θέμενοι
615 1485 878 1558 πρόνοιαν
922 1487 1134 1556 ἔφασαν
1159 1503 1171 1516 ·
1210 1486 1353 1540 ὣστε
1402 1489 1528 1550 τοὺς
1563 1485 1954 1550 ὑποδιακόνους

345 1578 478 1643 τοὺς
507 1577 576 1631 τὰ
604 1578 726 1650 ἱερὰ
755 1579 1034 1649 μυστήρια
1063 1577 1454 1650 ψηλαφῶντας,
1485 1580 1582 1632 καὶ
1610 1579 1739 1643 τοὺς
1764 1579 1952 1634 διακό-

345 1687 473 1734 νους
508 1671 602 1724 καὶ
629 1671 1040 1743 πρεσϐυτέρους
1063 1711 1079 1736 ,
1110 1672 1256 1726 κατὰ
1285 1673 1413 1735 τοὺς
1449 1671 1615 1737 ἰδίους
1647 1675 1830 1744 ὅρους,
1860 1674 1954 1727 καὶ

344 1764 414 1816 ὲκ
444 1762 554 1834 τῶν
585 1763 834 1834 συμϐίων
859 1763 1326 1835 ἐγκρατεύεσθαιο
1364 1765 1452 1819 ἵνα
1493 1767 1589 1818 καὶ
1613 1764 1678 1833 τὸ
1718 1766 1810 1819 διὰ
1840 1766 1952 1820 τῶν

2060 564 2389 633 postuletur,
2424 573 2482 618 ut
2525 562 2849 633 proliteatur
2879 576 2939 616 se
2985 576 3017 616 a
3049 561 3300 631 legitima
3324 578 3448 616 eum
3487 577 3663 617 uxore

2061 655 2461 710 consuetudine
2490 656 2868 709 abstenturam
2909 671 2923 707 :
2957 667 3027 708 ne
3053 668 3122 707 ex
3157 668 3223 708 eo
3259 669 3290 708 a
3315 653 3426 709 Deo
3453 653 3661 709 consti-

2060 756 2208 804 tutas
2254 757 2308 803 et
2331 763 2430 802 sua
2474 747 2765 817 praesentia
2807 745 3128 802 benedictas
3179 746 3404 815 nuptias
3461 745 3661 815 injuria

2061 842 2274 897 allicere
2297 856 2581 911 COgamur,
2617 839 2936 912 evangelica
2961 855 3092 894 voce
3117 839 3458 894 exclamante
3485 858 3499 893 :
3527 838 3661 904 Qua:

2060 935 2203 989 Deus
2237 933 2534 1003 conjunxit,
2567 933 2724 989 homo
2779 950 2883 987 non
2922 943 3125 1002 separet
3157 934 3242 985 ’σε
3292 944 3348 989 et
3397 932 3660 1002 Apostolo

2061 1030 2310 1095 docente,
2345 1028 2703 1083 Honorabiles
2760 1029 2974 1097 nuptias
3021 1038 3070 1082 et
3112 1038 3286 1082 torum
3338 1029 3660 1082 immacula—

2063 1128 2173 1173 tum
2192 1121 2260 1184 ⁵⁷,
2283 1129 2356 1184 et,
2387 1118 2658 1189 Alligatus
2682 1135 2737 1173 es
2766 1119 2934 1190 286
2957 1120 3114 1173 uxori
3137 1120 3165 1174 ?
3196 1135 3261 1173 ne
3309 1135 3493 1190 quaere
3513 1119 3661 1173 solu-

2063 1212 2256 1267 tionem
2279 1214 2325 1249 δε
2355 1230 2368 1266 :
2401 1211 2612 1268 scimus
2664 1219 2870 1277 autem,
2911 1212 3055 1267 sicut
3095 1219 3150 1266 et
3192 1211 3287 1282 qui
3320 1210 3656 1281 Carthagine

2062 1311 2438 1358 convenerunt
2467 1301 2571 1366 '3’“,
2625 1310 2680 1356 et
2721 1300 2845 1356 vitae
2903 1301 3286 1358 ministrorum
3345 1301 3656 1358 honestatis

2063 1409 2254 1449 curam
2287 1402 2537 1463 gerentes
2572 1393 2852 1461 dixerunt,
2901 1404 2962 1448 ut
2992 1394 3337 1458 subdiaconi,
3367 1395 3458 1463 qui
3494 1408 3653 1449 sacra

2063 1490 2325 1560 mysteria
2366 1495 2732 1551 contrectant,
2763 1496 2819 1542 et
2865 1487 3107 1553 diaconi,
3140 1498 3196 1542 et
3237 1488 3542 1559 presbyteri
3569 1502 3657 1543 se-

2063 1583 2307 1638 cundum
2362 1580 2622 1651 proprios
2687 1581 2954 1637 terminos
3008 1597 3038 1635 a
3098 1580 3453 1636 consortibus
3482 1579 3658 1634 absti-

2065 1682 2273 1728 neant:
2324 1681 2383 1727 ut
2434 1682 2489 1727 et
2538 1671 2685 1741 quod
2720 1685 2814 1741 per
2843 1671 3127 1740 apostolos
3173 1671 3434 1724 traditum
3468 1678 3573 1735 est,
3603 1679 3658 1724 et

2063 1768 2134 1822 ab
2174 1768 2292 1837 ipsa
2342 1781 2518 1836 usque
2555 1765 2883 1835 antiquitate
2936 1773 3239 1830 servatum,
3291 1777 3391 1818 nos
3437 1778 3657 1832 quoque

343 1854 662 1910 ἀποστόλων
689 1855 1015 1926 παραδοθὲν,
1049 1858 1146 1910 καὶ
1176 1859 1340 1927 ἡμεῖς
1364 1856 1567 1928 ὁμοίως
1597 1857 1951 1930 φυλάξωμεν,

2061 1863 2315 1919 similiter
2343 1875 2650 1924 servemus,
2685 1867 2902 1928 tempus
2937 1856 2992 1912 in
3031 1856 3185 1912 omni
3221 1872 3281 1909 re
3307 1857 3565 1920 scientes,
3602 1863 3660 1911 et

343 1947 540 2020 καιρὸν
575 1951 668 2002 ἐπὶ
694 1949 896 2013 παντὸς
928 1949 1284 2020 ἐπιστάμενοι
1315 1950 1643 2021 πράγματος
1664 1993 1679 2015 ,
1714 1951 1810 2004 καὶ
1845 1950 1954 2021 μά-

342 2040 504 2094 λιστα
547 2041 803 2112 νηστείας
851 2043 948 2096 καὶ
984 2043 1314 2115 προσευχῆς.
1375 2043 1496 2115 Χρὴ
1545 2042 1655 2115 γὰρ
1708 2045 1835 2108 τοὺς
1875 2044 1955 2118 τῷ

340 2129 524 2201 καιρῷ
539 2133 636 2202 τῆς
655 2132 767 2185 τῶν
797 2132 965 2202 ἁγίων
1001 2134 1454 2204 μεταχειρίσεως,
1480 2136 1775 2204 ἐγκρατεῖς
1809 2128 1954 2188 εἶναι

338 2224 403 2276 ὲν
433 2225 624 2289 πᾶσιν,
663 2224 814 2289 ὃπως
846 2224 1152 2297 δυνηθῶσιν
1181 2221 1243 2282 οὗ
1276 2227 1430 2297 παρὰ
1463 2227 1560 2280 τοῦ
1592 2227 1729 2281 Θεοῦ
1758 2227 1951 2292 ἁπλῶς

337 2319 589 2375 αἰτοῦσιν
617 2321 900 2393 ἐπιτυχεῖν
923 2339 935 2352 ·
979 2322 1035 2374 εἴ
1059 2340 1144 2387 τις
1172 2322 1267 2377 οὖν
1303 2324 1600 2396 τολμήσει,
1639 2324 1793 2394 παρὰ
1822 2325 1953 2389 τοὺς

335 2410 738 2475 ἀποστολικοὺς
775 2413 1008 2476 κανόνας
1047 2413 1395 2484 κινούμενος,
1423 2414 1546 2468 τινὰ
1575 2413 1684 2468 τῶν
1715 2415 1952 2486 ἱερωμέ-

334 2519 466 2567 νων,
497 2501 888 2575 πρεσϐυτέρων
937 2503 1138 2576 φαμὲν,
1170 2505 1204 2575 ἢ
1253 2504 1540 2573 διακόνων,
1576 2505 1610 2577 ἢ
1657 2504 1951 2560 ὑποδιακό-

333 2611 469 2658 νων,
504 2596 828 2668 ἀποστερεῖν
854 2596 952 2667 τῆς
987 2597 1126 2668 πρὸς
1153 2596 1254 2668 τὴν
1285 2597 1519 2668 νόμιμον
1549 2600 1788 2666 γυναῖκα
1819 2615 1949 2652 συν-

333 2687 538 2756 αφείας
561 2705 620 2740 τε
652 2691 747 2742 καὶ
777 2689 1088 2753 κοινωνίας,
1121 2689 1494 2762 καθαιρείσθω
1517 2705 1527 2718 '
1551 2690 1815 2755 ὡσαύτως
1848 2691 1948 2745 καὶ

332 2781 394 2834 εἴ
421 2797 504 2844 τις
535 2780 933 2852 πρεσϐύτερος,
967 2781 999 2852 ἦ
1034 2782 1282 2846 διάκονος
1302 2824 1316 2846 ,
1353 2783 1452 2853 τὴν
1485 2782 1680 2836 ἑαυτοῦ
1711 2786 1946 2852 γυναῖκα

332 2876 615 2946 προφάσει
658 2875 947 2940 εὐλαϐείας
998 2876 1275 2941 ἐκϐάλλει,
1327 2875 1678 2948 ἀφοριζέσθω
1703 2894 1717 2907 ·
1750 2877 1948 2948 ἐπιμέ-

332 2983 448 3019 νων
476 2965 553 3028 δὲ,
588 2965 989 3035 καθαιρείσθω.

412 3058 668 3114 ΚΕΦΑΛ.
709 3057 836 3115 Kl".
869 3089 939 3100 —
973 3057 1113 3126 Περὶ
1185 3057 1480 3128 κληρικοῦ
1552 3057 1950 3126 χλευάζοντος

331 3151 484 3217 τοὺς
521 3151 823 3218 ἀσθενεῖς.

765 3243 1147 3298 Ἀποστόλων
1182 3243 1385 3297 κανὼν·
1421 3241 1496 3307 νζ¹
1506 3282 1520 3297 .

414 3335 510 3402 vi].
553 3335 624 3389 Et
649 3353 735 3400 τις
769 3335 1054 3408 κλῃρικὸς,
1089 3337 1262 3408 χωλὸν
1291 3337 1325 3408 ἢ
1362 3337 1568 3406 κωφὸν,
1602 3353 1657 3390 κ.
1681 3353 1732 3391 τ.
1760 3335 1811 3390 λ.

413 3521 670 3576 ΚΕΦΑΛ.
711 3519 839 3578 ΚΔ¹.
871 3549 946 3561 —
974 3519 1118 3591 Περὶ
1165 3519 1464 3589 κληρικοῦ
1503 3519 1723 3575 ἑαυτὸν
1749 3520 1944 3590 ἀκρω-

333 3611 742 3684 τηριάζοντος.

765 3705 1148 3760 Ἀποστόλων
1185 3705 1391 3761 κανὼν
1429 3703 1535 3776 κγ’.

414 3796 520 3869 κγ’.
563 3799 630 3853 Εἴ
647 3815 733 3862 τις
753 3799 1016 3869 κληρικὺς
1039 3798 1114 3853 ὢν
1141 3799 1330 3853 ἑαυτὸν
1353 3800 1786 3872 ἀκρωτηριάσει,
1812 3798 1948 3853 καθ-

339 3889 614 3962 αιρείσθω
637 3906 650 3920 ·
686 3889 885 3960 φονεὺς
915 3890 1025 3961 γάρ
1053 3890 1202 3944 ἐστιν
1231 3889 1450 3945 ἑαυτοῦ.

687 3998 962 4055 Συνόδου
1001 3999 1254 4066 Νικαίας
1291 3998 1494 4054 κανὼν
1532 3996 1603 4053 α’.

415 4113 488 4172 α’.
530 4115 598 4169 EE
625 4132 712 4180 τις
751 4115 809 4169 ἐν
837 4113 979 4186 νόσῳ
1032 4113 1139 4168 ὑπὸ
1194 4113 1394 4186 ἰατρῶν
1437 4112 1860 4187 ἐχειρουργήθη,
1889 4129 1946 4170 κ.

337 4228 396 4265 τ.
425 4212 476 4266 λ.

341 4326 621 4383 Συνόδου
652 4323 704 4380 a'
739 4324 836 4380 καί
866 4323 928 4390 ,ϐ’
957 4324 1486 4396 συγκροτηθείσης
1519 4324 1591 4378 ἐν
1628 4327 1951 4378 Κωνσταν-

416 4399 766 4452 τινουπόλει
786 4397 859 4451 ἐν
895 4396 976 4462 τῷ
1003 4395 1129 4462 ναῷ
1165 4395 1287 4450 τῶν
1311 4397 1527 4467 Ἁγίων
1557 4397 1952 4452 Ἀποστόλων

419 4469 626 4524 κανὼν
648 4467 722 4540 η’.

2057 1955 2297 2010 maxime
2334 1954 2386 2008 in
2431 1952 2647 2023 jejunio
2682 1962 2735 2006 et
2779 1951 3051 2006 oratione.
3087 1949 3318 2019 Oportet
3368 1949 3517 2004 enim
3564 1963 3658 2005 eos

2055 2051 2147 2121 qui
2182 2049 2368 2104 divino
2409 2047 2570 2103 altari
2605 2046 2873 2112 assident,
2908 2047 2962 2099 in
2993 2053 3308 2101 sanctorum
3342 2042 3656 2098 tractando-

2056 2161 2178 2198 rum
2221 2151 2465 2211 tempore
2493 2155 2617 2197 esse
2663 2139 2892 2194 omnino
2934 2137 3304 2200 continentes,
3349 2145 3409 2191 ut
3446 2137 3659 2203 possint

2055 2243 2108 2298 id
2139 2241 2288 2313 quod
2319 2258 2350 2296 a
2399 2241 2508 2296 Deo
2537 2238 2861 2310 simpliciter
2894 2244 3088 2308 petunt
3123 2236 3395 2291 obtinere.
3445 2233 3503 2288 Si
3529 2233 3656 2304 quis

2054 2349 2186 2403 ergo
2216 2333 2381 2388 fuerit
2426 2346 2599 2387 ausus
2651 2341 2849 2402 praeter
2884 2329 3218 2398 apostolicos
3247 2343 3487 2383 canones
3520 2325 3658 2382 inci-

2055 2435 2203 2480 tatus
2233 2425 2473 2496 aliquem
2511 2439 2708 2480 eorum
2738 2423 2831 2492 qui
2869 2431 3001 2478 sunt
3050 2421 3103 2476 in
3140 2420 3334 2484 sacris,
3372 2420 3656 2491 presbyte-

2055 2531 2266 2580 rorum,
2294 2514 2578 2585 inquimus
2605 2514 2691 2569 vel
2725 2513 3108 2577 diaconorum,
3139 2510 3222 2566 vel
3250 2511 3657 2582 hypodiacono—

2055 2624 2202 2673 rum,
2235 2608 2629 2676 conjunctione
2675 2621 2799 2661 cum
2845 2605 3087 2675 legitima
3133 2618 3309 2659 uxore
3341 2613 3395 2658 et
3421 2617 3658 2658 consue-

2057 2700 2246 2755 tudine
2304 2699 2542 2769 privare,
2597 2699 2928 2767 deponatur.
2991 2695 3258 2750 Similiter
3292 2703 3367 2748 .ct
3419 2695 3466 2748 si
3524 2694 3653 2764 quis

2054 2793 2341 2862 presbyter
2369 2791 2454 2844 vel
2494 2790 2766 2844 diaconus
2806 2803 2966 2844 suam
3000 2801 3226 2840 uxorem
3263 2785 3484 2856 pietatis
3515 2798 3656 2854 prae-

2055 2892 2204 2937 textu
2237 2881 2482 2953 ejecerit,
2534 2887 2850 2952 segregetur
2881 2897 2893 2933 :
2947 2886 3001 2934 et
3031 2878 3076 2935 si
3105 2885 3444 2949 perseveret,
3480 2877 3653 2946 depo-

2053 2987 2278 3104 magi).
2313 3045 2506 3102 XXIII.
2529 3075 2595 3088 ——
2623 3044 2700 3099 De
2726 3045 2918 3100 clerico
2947 2975 3192 3114 inﬁrmos
3223 3042 3500 3096 irridente.

2493 3229 2871 3300 Apostolorum
2905 3243 3078 3281 canon
3108 3226 3195 3282 57.

2116 3322 2185 3378 57
2218 3320 2356 3394 [5'6].
2382 3321 2438 3376 Si
2464 3324 2590 3392 quis
2616 3319 2853 3376 clericus
2883 3319 3140 3374 claudum
3165 3317 3249 3373 vel
3269 3316 3520 3385 surdum,
3545 3326 3657 3374 etc.

2048 3429 2104 3472 ut
2139 3435 2258 3484 paq.
2295 3415 2420 3471 753.

2120 3511 2277 3568 CAP.
2314 3509 2511 3566 XXIV.
2545 3538 2616 3550 --
2649 3508 2724 3562 De
2752 3507 2943 3563 clerico
2985 3507 3077 3577 qui
3108 3506 3338 3577 scipsum
3380 3505 3625 3560 mutilat.

2496 3700 2872 3772 Apostolorum
2896 3713 3068 3752 canon
3098 3695 3190 3751 2'5.

2131 3800 2202 3855 9.5
2237 3798 2375 3873 [29.].
2413 3796 2469 3854 Si
2501 3797 2626 3868 quis
2654 3812 2778 3852 cum
2814 3795 2886 3852 sil
2919 3793 3176 3856 clericus,
3202 3790 3444 3860 seipsum
3497 3786 3665 3843 muti-
3740 3820 3745 3825 -

2050 3893 2269 3961 laverit,
2303 3894 2612 3962 deponatur
2649 3907 2663 3943 :
2701 3897 2787 3945 est
2818 3887 2965 3943 enim
2996 3888 3080 3940 sui
3112 3882 3413 3940 homicida.

2351 4003 2516 4076 287
2546 4002 2775 4058 Concilii
2812 3999 3024 4054 Νίσιεηὶ
3056 4013 3226 4053 canon
3265 3998 3316 4051 Ι.

2124 4120 2178 4176 1.
2219 4119 2274 4174 Si
2315 4117 2444 4189 quis
2503 4133 2535 4172 a
2591 4113 2819 4170 medicis
2849 4113 2902 4167 in
2941 4112 3136 4166 morbo
3173 4109 3423 4175 excisus,
3450 4116 3555 4163 etc.
3602 4114 3662 4161 ut

2051 4230 2176 4284 pag.
2211 4211 2336 4267 505.

2054 4323 2255 4396 Synodi
2304 4339 2422 4396 qua:
2450 4322 2626 4396 primu
2671 4328 2720 4396 et
2769 4319 3003 4373 secunda
3029 4323 3368 4396 nuncupatur
3401 4310 3663 4368 Constan-

2126 4389 2348 4465 tinopoli
2374 4397 2429 4448 in
2447 4389 2639 4462 templo
2664 4389 2988 4446 Sanctorum
3020 4389 3343 4457 Apostoloru
3363 4401 3414 4438 m
3438 4398 3660 4454 congre—

2125 4478 2252 4539 gata
2281 4482 2453 4520 canon
2479 4467 2533 4521 8.
2545 4472 2566 4536 ι

418 4581 488 4655 η’.
529 4583 588 4636 Ὅ
616 4582 756 4646 θεῖος
789 4581 884 4636 καὶ
918 4580 1063 4652 ἱερὸς
1089 4579 1198 4634 τῶν
1221 4581 1394 4650 ἁγίων
1419 4581 1737 4635 ἀποστόλων
1759 4579 1942 4635 κανὼν

2119 4576 2170 4631 8.
2191 4577 2418 4632 Divinus
2434 4583 2489 4630 et
2505 4590 2662 4632 sacer
2674 4581 2992 4630 sanctorum
3014 4568 3389 4641 apostolorum
3408 4563 3666 4630 canon”,

343 4674 475 4737 τοὺς
502 4674 870 4743 ὲκτέμνοντας
903 4672 1134 4735 ἑαυτοὺς
1165 4673 1571 4741 αύτοφονευτάς
1601 4673 1818 4744 κρίνει,
1853 4673 1949 4726 καὶ

348 4767 519 4836 ἱερεῖς
553 4765 652 4836 μὲν
679 4766 840 4828 ὄντας
873 4763 1150 4835 καθαιρεῖ,
1185 4762 1482 4832 μέλλοντας
1519 4764 1579 4817 δὲ
1606 4764 1702 4818 καὶ
1728 4767 1828 4830 τῆς
1853 4765 1951 4817 ἐπὶ

350 4855 655 4929 ἱερωσύνην
687 4855 977 4926 προκοπῆς
1003 4855 1258 4925 ἀπείργει
1283 4871 1297 4885 ’
1331 4854 1494 4925 δῆλον
1534 4855 1787 4909 ἐντεῦθεν
1817 4854 1951 4908 καθ-

350 4951 536 5016 ιστῶν,
567 4950 644 5014 ὡς
676 4950 834 5019 εἴπερ
887 4951 914 5002 ὁ
965 4948 1158 5002 ἑαυτὸν
1212 4948 1495 5019 ἐκτέμνων
1547 4949 1951 5021 αὐτοφονευτής

349 5048 520 5110 ἐστιν,
553 5043 582 5095 ὁ
626 5043 813 5114 ἕτερον
860 5041 1146 5112 ἐκτέμνων
1215 5040 1435 5104 πάντως
1483 5041 1749 5112 φονευτής
1797 5042 1954 5093 ἐστι·

350 5137 476 5209 θείη
505 5136 550 5190 δ’
577 5136 644 5190 ἄν
669 5153 753 5200 τις
781 5135 874 5188 τὸν
904 5135 1146 5188 τοιοῦτον
1176 5134 1404 5198 δικαίως
1439 5135 1536 5187 καὶ
1564 5135 1669 5206 τῆς
1693 5133 1756 5205 δη
1767 5150 1956 5204 μιουρ-

349 5230 476 5298 γίας
509 5229 680 5296 αὐτῆς
712 5229 998 5301 ὑϐριστήν.
1031 5228 1232 5299 Διόπερ
1259 5227 1519 5300 ῶρισενή
1551 5227 1683 5297 ἁγία
1714 5227 1957 5293 σύνοδος,

350 5323 426 5388 ὡς
463 5325 516 5377 εἴ
541 5343 626 5388 τις
652 5325 971 5388 ἐπίσκοπος,
999 5325 1034 5394 ἢ
1068 5323 1461 5396 πρεσϐύτερος,
1490 5324 1524 5394 ἢ
1555 5323 1797 5388 διάκονος
1817 5361 1832 5385 ,
1867 5325 1958 5376 εύ-

351 5419 616 5490 νουχίζων
639 5419 762 5472 τινὰ
793 5417 1046 5488 ἐλεγχθῇ,
1069 5416 1102 5489 ἢ
1126 5417 1464 5489 αὐτοχειρίᾳ,
1490 5417 1523 5487 ἣ
1555 5417 1616 5483 ἐξ
1645 5417 1960 5486 έὲπιτόιγμα⁴

351 5530 467 5580 τος,
499 5512 690 5566 τοῦτον
726 5510 1050 5584 καθαιρέσει
1083 5509 1600 5564 καθυποϐάλλεσθαι
1628 5527 1640 5540 ·
1678 5514 1727 5564 εἰ
1753 5511 1810 5563 δὲ
1845 5511 1962 5564 λαῖ-

356 5607 452 5671 κὸς
483 5607 593 5677 εἴη,
633 5605 1029 5676 ἀφορίζεσθαι·
1079 5604 1220 5676 πλὴν
1270 5605 1319 5656 εί
1371 5606 1542 5674 μήπω
1592 5605 1811 5678 νόσημά
1853 5622 1959 5659 τινι

427 5771 473 5801 ⁸6
504 5768 692 5822 Matth.
737 5783 851 5831 xu,
904 5766 956 5820 6.
1065 5763 1307 5822 "Hebr.
1370 5781 1491 5834 xui,
1545 5764 1600 5821 4.

361 5851 537 5912 apust.
568 5840 660 5906 2:2,
691 5839 762 5893 “2.5
785 5847 840 5893 ct
863 5837 953 5892 2i.

1716 5766 1758 5797 ⁵⁸
1813 5766 1832 5821 l
1883 5766 2014 5825 Cor.
2045 5783 2142 5837 vti,
2181 5766 2274 5822 27.

2058 4687 2151 4726 eos
2176 4671 2268 4741 qui
2301 4686 2360 4726 se
2385 4671 2533 4747 ipsos
2567 4676 2813 4724 castraut
2843 4681 2966 4720 esse
2991 4665 3074 4720 sui
3103 4662 3410 4718 homicidas
3427 4659 3663 4729 iudicat.

2056 4762 2123 4818 Et
2168 4764 2214 4818 si
2244 4764 2356 4818 sint
2384 4762 2604 4833 quidem
2638 4760 2972 4823 sacerdotes,
3017 4756 3270 4826 deponit;
3303 4755 3349 4808 si
3398 4768 3507 4806 non
3554 4751 3668 4805 sint

2059 4865 2263 4923 autem,
2298 4871 2367 4910 ne
2393 4855 2462 4910 ad
2503 4853 2872 4910 sacerdotium
2923 4855 3354 4921 promoveantur
3385 4843 3662 4915 prohibet,

2060 4965 2125 5004 ex
2153 4965 2218 5005 eo
2247 4962 2434 5020 aperte
2462 4957 2732 5010 statuens,
2759 4944 2908 5016 quod
2940 4943 2986 4999 si
3019 4943 3065 4998 is
3095 4941 3189 5012 qui
3213 4956 3273 4995 se
3297 4938 3477 5010 ipsum
3509 4951 3668 4991 exse-

2058 5041 2203 5095 cavit
2223 5042 2307 5095 sui
2327 5050 2409 5095 est
2430 5037 2727 5103 homicida,
2753 5037 2843 5107 qui
2870 5035 3035 5089 alium
3060 5041 3302 5096 exsecat,
3327 5039 3413 5084 est
3438 5027 3666 5081 οιιιιιὶιιο

2064 5134 2360 5189 homicida.
2420 5131 2609 5187 Merito
2662 5141 2843 5186 autem
2902 5127 3162 5184 statuerit
3207 5123 3481 5194 quispiam
3536 5137 3663 5176 eum

2066 5244 2288 5300 quoque
2323 5229 2376 5282 in
2412 5227 2691 5297 opiﬁcium
2717 5223 3181 5280 contumeliosum
3212 5218 3408 5271 videri.
3455 5215 3666 5282 Quam-

2063 5321 2250 5377 obrem
2279 5319 2525 5375 decrevit
2545 5325 2730 5375 sancta
2758 5317 3023 5388 synodus,
3051 5323 3108 5368 ut
3132 5312 3178 5368 si
3204 5311 3332 5382 quis
3349 5310 3664 5380 episcopus,

2063 5415 2147 5468 vel
2177 5415 2483 5485 presbyter,
2522 5414 2606 5468 vel
2636 5411 2928 5476 diaconus,
2967 5419 3214 5464 castrare
3255 5404 3495 5475 aliquem
3528 5415 3664 5455 con-

2064 5509 2242 5565 victus
2269 5508 2456 5576 fuerit,
2495 5509 2578 5563 vel
2639 5522 2805 5561 manu
2853 5503 3101 5576 propria,
3144 5501 3226 5554 vel
3252 5515 3350 5554 suo
3382 5497 3565 5567 jussu,
3617 5493 3666 5547 is

2064 5603 2396 5676 depositioni
2425 5601 2754 5673 subjiciatur
2789 5618 2803 5655 :
2840 5600 2886 5655 si
2919 5599 2992 5654 sit
3019 5609 3203 5652 autem
3236 5593 3430 5654 laicus,
3477 5602 3664 5657 segre-

2381 5764 2463 5799 ⁵⁸⁸
2488 5765 2660 5824 Cone.
2710 5762 2970 5832 Carthag.
3002 5773 3066 5827 ιι,
3097 5771 3220 5814 can.
3280 5751 3338 5808 9..
3438 5752 3481 5783 “9
3519 5749 3659 5805 (Jan.
