4156 6434
550 333 657 399 763
1623 321 1634 336 '
1727 323 1991 386 PHOTII
2029 322 2540 384 PATRIARCILE
2571 324 2681 387 cr.
3747 335 3847 400 764

549 462 733 524 getur,
764 459 965 522 prmter
997 463 1162 520 quam
1198 446 1244 502 si
1291 445 1536 509 morbus,
1579 443 1672 515 qui
1719 443 1881 499 alieni
1932 443 2152 506 accidit,

2267 444 2598 512 προσπεσὸν,
2621 443 2758 512 προς
2785 445 3028 518 ἐκτομὴν
3052 449 3147 502 τοῦ
3173 452 3503 518 πεπονθότος
3524 453 3847 520 ἐκϐιάζοιτο’

548 546 615 599 ad
659 545 812 598 illum
863 541 1252 599 exsecandum,
1286 539 1382 608 qui
1417 544 1689 591 castratos
1736 543 1842 598 est,
1887 535 2149 604 coegerit.

551 636 1033 704 Quemadmodum
1061 633 1205 688 enim
1237 630 1472 686 Nicaeum
1502 629 1692 699 prima:
1721 627 1912 700 synodi
1949 641 2152 690 canon,

549 745 649 784 eos
675 731 767 798 qui
800 730 852 782 in
885 729 1078 782 morbo
1108 724 1316 781 exsecti
1355 731 1503 789 sunt,
1551 737 1662 776 non
1714 721 1894 791 punit,
1929 729 2155 790 propter

551 825 830 887 morbum,
891 823 992 885 sic,
1033 833 1087 874 et
1115 833 1234 882 nos,
1272 834 1373 872 nec
1406 818 1745 880 sacerdotes,
1779 816 1871 884 qui
1915 821 2154 885 aegrotos

552 918 787 972 castrari
833 915 1114 977 mandant,
1163 911 1624 976 condenmamus,
1669 924 1772 964 nec
1817 908 2010 972 laicos,
2060 907 2155 973 qui

550 1011 791 1082 propriis
855 1008 1110 1062 manibus
1173 1006 1239 1059 ad
1295 1005 1687 1060 castrationem
1741 1011 2008 1066 tttuntur,
2069 1015 2157 1054 re-

553 1100 969 1172 prehendimus.
1010 1096 1124 1152 Hoc
1154 1095 1302 1150 enim
1340 1095 1521 1150 morbi
1557 1111 1681 1150 esse
1709 1093 2000 1157 medelam,
2042 1106 2154 1146 non

553 1203 737 1248 autem
765 1201 1031 1245 creatura:
1072 1190 1302 1243 insidias
1329 1189 1468 1254 fieri,
1506 1189 1591 1244 vel
1625 1187 1906 1258 opificium
1953 1185 2158 1256 injuria

554 1284 692 1340 affici
725 1283 1126 1338 existimamus.

621 1377 762 1447 Lege
791 1393 912 1446 qua:
953 1375 1211 1446 superius
1238 1381 1501 1429 annotata
1525 1373 1728 1427 suntin
1763 1387 1885 1441 cap.
1917 1370 2005 1435 14,
2029 1369 2154 1424 ιὶι.1

547 1471 833 1543 prmsentis
867 1471 1069 1540 operis.

623 1563 792 1634 288
825 1563 978 1616 CAP.
1010 1561 1178 1616 XXV.
1213 1591 1285 1600 —
1317 1559 1390 1615 De
1422 1560 1630 1614 clericis
1657 1558 1917 1627 apostatis
1939 1597 1954 1620 ,
1984 1565 2032 1610 et
2067 1572 2160 1609 sa-

550 1655 916 1728 criﬁcantibus
967 1667 1015 1710 et
1050 1656 1303 1725 magis,et
1322 1654 1836 1716 incantatoribus,et
1855 1649 2159 1720 astrologis,

567 1770 630 1806 ac
663 1751 1074 1817 mathematicis,
1097 1760 1146 1806 et
1178 1752 1397 1818 divinis,
1437 1758 1486 1804 et
1511 1747 1774 1817 veneﬁcis,
1829 1754 1878 1798 et
1909 1746 1971 1798 de
2004 1761 2161 1798 amu-

553 1845 696 1901 latis.

1012 1939 1392 2007 Apostolorum
1419 1958 1591 1996 canon
1621 1940 1712 1994 (i2.

624 2033 695 2088 6?.
731 2032 865 2105 [Gl].
903 2031 960 2086 Si
987 2034 1112 2100 quis
1147 2033 1386 2088 clericus
1440 2043 1663 2104 propter
1699 2039 1907 2086 metum
1964 2029 2156 2080 Imma-

556 2145 720 2188 num.
773 2128 858 2183 vel
905 2127 1109 2193 Judaei,
1151 2127 1235 2182 vel
1288 2127 1528 2182 haeretici
1593 2123 1902 2197 negaverit,
1943 2125 2156 2181 eloqui

554 2224 835 2293 pag.746.

863 2338 1091 2394 Concilii
1129 2337 1402 2408 Aucyrani
1450 2351 1678 2391 canones
1714 2335 1763 2400 l,
1789 2334 1844 2388 2.

627 2433 678 2487 1.
700 2432 1054 2505 Presbyteros
1074 2431 1167 2501 qui
1191 2430 1664 2494 sacrificaverunt,
1685 2440 1790 2485 ctc.
1814 2439 1869 2482 ut
1886 2426 2159 2499 pag.'595.

633 2529 689 2580 2.
728 2526 1000 2579 Diaconos
1033 2523 1289 2579 similiter
1327 2522 1420 2592 qui
1456 2521 1930 2587 sacrificaverunt,
1969 2530 2157 2590 postea

553 2623 737 2670 autem
770 2614 1019 2669 reiuetati
1051 2621 1198 2678 sunt,
1223 2623 1356 2675 etc.,
1389 2621 1448 2665 ut
1480 2629 1601 2681 pag.
1639 2611 1764 2665 755.

918 2727 1146 2783 Concilii
1177 2726 1464 2780 Laodiceni
1494 2743 1664 2780 canon
1703 2725 1794 2780 56.

624 2823 714 2878 56.
745 2821 905 2889 Quod
943 2838 1048 2876 non
1085 2827 1302 2892 oportet
1327 2835 1423 2875 eos
1459 2820 1553 2891 qui
1609 2826 1740 2874 sunt
1772 2819 1996 2885 sacrati,
2028 2829 2161 2884 etc.,

556 2929 613 2972 ut
642 2935 766 2988 pag.
797 2917 924 2971 754.

634 3032 852 3088 Τεπιιιε.
889 3031 964 3087 De
999 3032 1280 3098 veneficis,
1315 3032 1748 3096 mathematicis,
1776 3031 2196 3100 similibusque-

554 3124 642 3178 tit.
684 3125 770 3188 18,
807 3125 898 3178 lib.
933 3141 1009 3180 ix.
1033 3125 1157 3180 cod.
1193 3125 1384 3180 Const.
1420 3127 1443 3179 i
1478 3125 1632 3180 :liarc
1663 3125 1895 3180 statuit:
1923 3123 2053 3178 Plus
2077 3130 2161 3177 est

555 3235 794 3281 veneno,
845 3234 1010 3288 quam
1052 3219 1233 3290 gladio
1265 3220 1542 3275 occidere.
1576 3217 1769 3273 Const.
1805 3218 1841 3272 2
1872 3238 1885 3274 :
1920 3217 2154 3273 Geome-

558 3313 722 3367 triam
753 3312 896 3367 scire
920 3313 1054 3367 utile
1077 3322 1163 3368 est
1193 3329 1206 3369 :
1233 3328 1324 3368 ars
1346 3321 1530 3366 autem
1559 3313 1951 3367 mathematica
1983 3312 2154 3366 inter-

556 3408 700 3462 dicta
729 3415 834 3467 est,
859 3414 912 3462 et
941 3405 1220 3461 damnata.
1251 3397 1446 3462 Const.
1474 3408 1543 3461 ὃς
1574 3404 1770 3460 Nullus
1797 3404 2024 3470 artifex,
2061 3413 2158 3461 aut

561 3495 849 3560 sacerdos,
894 3505 990 3550 aut
1035 3510 1230 3550 eorum
1265 3495 1559 3566 quisquam
1593 3495 1687 3566 qui
1726 3496 1853 3550 huic
1882 3495 2010 3549 ritui
2047 3495 2156 3550 mi-

559 3587 821 3651 nistrant,
865 3587 936 3642 ob
984 3588 1152 3642 ullam
1195 3587 1424 3642 omnino
1491 3603 1718 3643 causam
1763 3589 1829 3642 ad
1891 3589 2155 3658 aliquem,

562 3682 778 3735 tametsi
830 3681 1044 3736 amicus
1083 3681 1258 3752 ipsius
1292 3682 1394 3747 sit,
1451 3681 1691 3737 introeat
1733 3699 1745 3734 :
1796 3681 2043 3753 alioquin
2104 3692 2160 3738 et

562 3771 682 3840 ipse
709 3780 1100 3826 concrematur
1134 3790 1147 3826 :
1199 3781 1254 3828 et
1279 3773 1372 3839 qui
1413 3772 1593 3840 ipsum
1636 3771 1974 3837 evocaverit,
2033 3782 2161 3842 post

561 3863 834 3918 bonorum
897 3864 1350 3920 confiscationem
1401 3865 1723 3934 deportatur
1769 3886 1781 3922 :
1827 3875 1882 3921 et
1931 3868 2162 3935 quilibet

561 3968 807 4014 accusat.
844 3958 1036 4017 Const.
1069 3961 1102 4014 4
1139 3975 1152 4013 :
1203 3959 1308 4028 Qui
1349 3961 1575 4032 magicis
1610 3961 1824 4017 artibus
1863 3961 2029 4017 saluti
2057 3962 2158 4017 ho-

563 4053 777 4107 minum
821 4064 916 4108 aut
960 4053 1240 4124 pudicitia:
1274 4054 1627 4119 insidiantur,
1659 4055 1964 4126 puniuntur
1999 4075 2012 4110 :
2050 4072 2158 4110 non

563 4153 746 4199 autem
781 4143 873 4213 qui
909 4141 1029 4215 [per
1059 4142 1202 4216 illas]
1233 4145 1550 4200 hominibus
1581 4145 1892 4211 medentur,
1921 4155 2016 4200 aut
2043 4145 2158 4199 fru-

561 4249 750 4292 cuium
793 4247 1120 4308 proventum
1165 4239 1389 4294 uberem
1425 4250 1778 4304 conservant,
1815 4241 2022 4296 imbres
2067 4250 2162 4297 aut

553 4327 851 4398 grandines
889 4339 1221 4385 avertentes.
1257 4329 1449 4386 Const.
1488 4332 1522 4386 5
1554 4349 1568 4386 :
1619 4333 1790 4388 Nemo
1825 4343 1918 4388 aut
1952 4344 2158 4401 vatem,

564 4431 660 4474 aut
703 4423 1036 4492 aruspicem,
1071 4435 1165 4478 aut
1207 4440 1470 4496 augurem
1503 4426 1758 4481 consulat
1807 4444 1821 4480 :
1871 4443 2050 4498 neque
2078 4427 2160 4482 di-

2258 534 2450 606 ὥσπερ
2483 536 2593 607 γὰρ
2625 538 2654 590 ὁ
2687 537 2788 606 τῆς
2819 538 2878 591 ἐν
2907 539 3116 612 Νικαίᾳ
3154 545 3372 598 συνόδου
3400 545 3614 614 πρῶτος
3647 544 3848 613 κανὼν,

2258 629 2388 689 τοὺς
2418 630 2478 681 ἐν
2504 628 2646 698 νόσῳ
2677 631 3176 701 χειρουργηθέντας
3209 635 3273 688 οὑ
3308 635 3530 700 κολάζει
3557 635 3646 690 διὰ
3681 635 3741 688 τὸ
3768 635 3848 690 νό-

2260 738 2327 789 ση
2338 737 2436 790 μα,
2457 719 2602 773 οὑτω
2628 723 2723 774 καὶ
2747 723 2907 793 ἡμεῖς
2927 739 2942 753 ·
2970 722 3094 778 οὔτε
3120 727 3246 791 τοὺς
3281 728 3447 799 ἱερεῖς
3473 727 3848 792 ἐπιτάττοντας

2258 812 2670 883 εὑνουχίζεσθαι
2725 816 2851 879 τοὺς
2904 815 3195 882 νοσοῦντας
3258 819 3681 890 κατακρίνομεν,
3732 819 3847 872 οὒτε

2263 905 2371 976 μὴν
2389 906 2516 969 τοὺς
2540 905 2766 970 λαῖκοῦς
2797 909 3121 983 αὐτοχειρίᾳ
3149 911 3286 984 πρὸς
3319 911 3417 983 τὴν
3449 912 3685 983 ἐκτομὴν
3708 930 3844 984 χρω-

2263 1000 2496 1070 μένους,
2535 1000 2874 1066 ὑπευθύνους
2921 1003 3220 1074 τιθέμεθαο
3278 1004 3438 1057 τοῦτο
3469 1005 3578 1076 γὰρ
3617 1005 3848 1075 ἰατρείαν

2258 1091 2355 1145 τοῦ
2389 1094 2715 1164 νοσήματος,
2755 1094 2872 1147 ἀλλ’
2905 1095 3004 1149 οὑκ
3038 1097 3335 1169 ἐπιϐουλὴν
3377 1098 3472 1151 τοῦ
3518 1096 3849 1168 πλάσματος,

2261 1185 2295 1257 ἢ
2326 1187 2424 1256 τῆς
2456 1187 2711 1251 πλάσεως
2747 1187 2928 1260 ὕϐριν,
2957 1189 3308 1262 λογιζόμεθα.

2334 1372 2636 1440 Ἀνάγνωθι
2685 1373 2755 1427 τά
2807 1374 3329 1447 παρα-γεγραμμένα
3377 1373 3639 1446 ἀνωτέρω
3681 1375 3738 1428 ἐν
3779 1374 3856 1446 τῷ

2266 1465 2326 1520 ιδ’
2363 1486 2488 1535 κεφ.
2522 1468 2616 1522 τοῦ
2648 1469 2695 1523 α’
2724 1470 2828 1526 τίτ.
2862 1471 2957 1524 τοῦ
2995 1473 3266 1542 παρόντος
3297 1471 3696 1540 συντάγματος.

2335 1563 2590 1616 ΚΕΦΛΛ.
2635 1565 2841 1620 ΚΕ’.--
2866 1565 3003 1632 Περὶ
3030 1563 3335 1634 κληρικῶν
3358 1559 3739 1626 ἀποστατῶν,
3760 1562 3852 1616 και

2264 1655 2489 1719 ϐυτῶν,
2521 1656 2618 1709 καὶ
2663 1656 2890 1728 μάγων,
2923 1656 3024 1711 καί
3065 1655 3384 1718 emensam,
3418 1654 3517 1708 καί
3568 1653 3850 1723 ἀστρολό-

2265 1769 2406 1820 γων,
2429 1750 2879 1820 μαθηματικῶν,
2919 1751 3018 1806 καί
3049 1750 3183 1820 περὶ
3221 1745 3543 1820 μαντειῶν,
3576 1747 3676 1802 καὶ
3716 1764 3858 1818 Spap-

2258 1845 2542 1916 μακειῶν,
2580 1846 2679 1899 καὶ
2714 1845 3076 1914 περιάκτων.

2679 1938 2739 1993 Ἀ
2748 1941 3070 1994 ποστόλων
3111 1940 3315 1995 κανὼν
3353 1943 3451 2015 ξβ’.

2332 2030 2436 2102 ξβ’.
2482 2030 2547 2084 Et
2572 2049 2656 2094 τις
2702 2031 2966 2103 κληρικὸς
3014 2033 3102 2086 διὰ
3148 2034 3314 2102 φόϐον
3361 2036 3704 2108 ἀνθρώπινον
3723 2035 3852 2090 Ἰουο

2258 2124 2432 2191 δαίου,
2457 2126 2492 2195 ἢ
2514 2124 2795 2195 Ἕλληνος,
2829 2125 2863 2196 ἦ
2895 2125 3172 2197 αἱρετικοῦ
3199 2167 3215 2193 ,
3251 2127 3570 2201 ἀρνήσεται,
3599 2149 3656 2184 κ.
3677 2147 3729 2186 τ.
3750 2129 3800 2184 λ.
3844 2173 3856 2197 ε

2530 2335 2800 2390 Συνόδου
2839 2335 3124 2405 Ἀγκύρας
3163 2336 3368 2390 κανὼν
3404 2343 3478 2404 α’,
3524 2337 3589 2409 β’.

2334 2437 2402 2485 α’.
2445 2429 2862 2502 Πρεσὸυτὲρους
2890 2429 3018 2492 τοὺς
3049 2428 3438 2494 ὲπιθύσαντας,
3475 2448 3530 2485 κ.
3553 2448 3607 2486 τ.
3635 2431 3687 2488 λ.

2335 2523 2401 2594 β’.
2443 2523 2738 2586 Διακόνους
2755 2522 2960 2593 ὁμοίως
2979 2519 3269 2590 θύσαντας,
3296 2523 3433 2594 μετά
3460 2524 3514 2578 δὲ
3539 2523 3714 2579 ταῦτα
3735 2524 3864 2579 ἀνα·-

2266 2615 2670 2680 παλαίσαντας,
2702 2632 2757 2668 κ.
2778 2631 2832 2670 τ.
2856 2615 2906 2669 λ.

2534 2729 2807 2785 Συνόδου
2847 2731 3203 2797 Λαοδικείας
3241 2730 3446 2786 κανὼν
3483 2729 3593 2796 λς’.

2340 2823 2467 2875 Ὀτι
2501 2821 2562 2876 οὑ
2595 2822 2678 2876 δεῖ
2713 2825 3025 2896 ἱερατικοὺς
3077 2825 3110 2895 ἢ
3161 2825 3482 2897 κληρικοὺς,
3536 2825 3772 2895 μάγους,
3803 2839 3856 2878 κ.

2264 2933 2315 2970 τ.
2341 2917 2393 2970 λ.

2337 3033 2475 3102 Περὶ
2497 3033 2812 3105 φαρμακῶν
2832 3035 2928 3088 καὶ
2955 3033 3359 3106 μαθηματικῶν
3394 3033 3620 3088 καὶτῶν
3641 3032 3856 3105 ὁμοίων,

2266 3125 2628 3197 διαλαμϐάνει
2660 3127 2688 3179 ό
2725 3125 2792 3198 ιη’
2823 3128 2932 3182 τίτ.
2959 3127 3053 3182 τοῦ
3091 3127 3134 3180 0'
3164 3128 3305 3199 βιὸλ.
3350 3127 3446 3180 τοῦ
3485 3127 3616 3183 κώδ.
3669 3126 3855 3181 ταῦτα.

2263 3219 2413 3273 Διάτ.
2450 3217 2528 3272 α”
2555 3219 2759 3284 Μεῖζόν
2790 3221 2908 3273 ἐστι
2937 3220 3000 3274 τὸ
3020 3222 3301 3293 φαρμάκῳ
3325 3221 3358 3291 ἢ
3391 3219 3534 3291 ξίφει
3568 3219 3862 3288 φονεῦσαισ

2264 3314 2413 3370 Διάτ.
2434 3313 2500 3384 ﬂ"
2519 3314 2632 3386 Τὴν
2649 3313 2998 3386 γεωμετρίαν
3025 3314 3296 3387 χρήσιμόν
3317 3317 3463 3369 ἐστιν
3483 3331 3497 3346 ⁶
3511 3314 3780 3385 είδέναι,ή
3805 3311 3859 3366 δὲ

2269 3405 2624 3478 μαθηματικὴ
2649 3409 3026 3479 ἀπηγόρευται
3057 3411 3151 3463 καὶ
3171 3409 3589 3480 κατακέκριται.
3604 3407 3756 3461 Διάτ.
3776 3410 3822 3474 γ’
3845 3421 3858 3435 ⁸

2264 3500 2473 3573 Μηδεὶς
2498 3503 2936 3574 οἰωνοσκόπος,ἢ
2989 3501 3252 3574 ἱερεὺς,ἢ
3283 3502 3392 3556 τῶν
3445 3500 3859 3572 ὑπουργούντων

2267 3595 2494 3668 τοιαύτῃ
2527 3595 2834 3668 θρησκείᾳ,
2867 3595 3053 3649 εἰσίτω
3092 3597 3230 3667 πρός
3277 3613 3402 3649 τινα
3451 3595 3537 3665 ἐφ’
3572 3595 3858 3667 οἱᾳδήποτε

2269 3686 2438 3759 αἰτία,
2473 3688 2575 3741 κᾶν
2606 3686 2774 3742 αὑτοῦ
2803 3687 2956 3758 φίλος
2984 3682 3052 3758 ἦν
3075 3702 3086 3714 ’
3123 3687 3245 3740 ἐπεὶ
3275 3687 3370 3741 καὶ
3420 3685 3582 3750 αὑτὸς
3625 3685 3858 3750 καίεται,

2269 3781 2361 3835 καὶ
2391 3781 2419 3833 ὁ
2458 3778 2910 3851 προτρεψάμενος
2935 3779 3099 3834 αὑτὸν
3131 3779 3589 3852 δεπορτατεύεται
3631 3777 3860 3850 δημευό-

2273 3891 2454 3945 μενος,
2501 3873 2595 3928 καὶ
2622 3875 2650 3926 ὁ
2683 3871 2999 3944 βουλόκενος
3046 3875 3364 3946 κατηγορεῖ.
3400 3872 3551 3928 Διάτ.
3576 3869 3618 3926 δ’
3641 3886 3656 3901 ’
3689 3872 3751 3927 Οἱ
3779 3869 3862 3924 διὰ

2274 3966 2506 4037 μαγείας
2529 3968 2596 4037 τῇ
2631 3968 2878 4037 σωτήρια
2903 3966 3012 4022 τῶν
3043 3964 3349 4038 ἀνθρώπων
3374 3965 3408 4038 ἢ
3440 3967 3506 4036 τῇ
3540 3962 3860 4036 σωφροσύνῃ

2270 4059 2714 4123 ἐπιϐουλεύοντες
2749 4058 3159 4132 τιμωροῦνται,
3206 4060 3268 4113 οὑ
3308 4060 3414 4131 μὴν
3444 4059 3494 4113 οἱ
3530 4057 3668 4130 πρὸς
3703 4057 3858 4127 θερα-

2271 4151 2432 4204 πείαν
2477 4151 2587 4204 τῶν
2637 4150 2928 4218 σωμάτων,
2969 4149 3002 4221 ἢ
3051 4151 3118 4221 τῇ
3172 4149 3434 4219 εὐετηρίᾳ
3483 4146 3590 4199 τῶν
3639 4142 3860 4216 καρπῶν

2271 4243 2574 4309 ποιοῦντες,
2595 4237 2708 4298 οἷον
2737 4241 2990 4314 βροχὴνῆ
3014 4242 3254 4313 χάλαζαν
3277 4241 3583 4311 ἐπέχοντες.
3613 4237 3764 4292 Διάτ.
3793 4231 3860 4287 ε’⁶

2270 4337 2476 4408 Μηδεὶς
2505 4335 2766 4408 ὲρωτάτῳ
2797 4337 2989 4405 μάντιν
3015 4334 3047 4407 ἢ
3073 4334 3290 4406 θύτηνῆ
3316 4333 3705 4393 οἰωνοσκόπον,
3730 4329 3859 4400 μήτε

2272 4428 2662 4502 χρηματιζέτω
2696 4429 2962 4491 Χαλδαῖος
2991 4427 3022 4499 ἢ
3061 4425 3447 4498 μαθηματικὸς
3492 4425 3526 4496 ἢ
3574 4424 3659 4487 τίς
3690 4437 3860 4494 παρα-

562 4514 716 4569 viuet
768 4515 1085 4581 Chaldaeus,
1118 4529 1212 4573 aut
1249 4520 1696 4584 mathematicus,
1753 4530 1848 4574 aut
1881 4522 2158 4592 quispiam

2274 4524 2531 4594 πλήσιος·
2561 4525 2590 4576 ὁ
2621 4523 2676 4575 δὲ
2712 4522 2858 4595 παρὰ
2887 4523 3060 4576 ταῦτα
3091 4521 3295 4590 ποιῶν,
3329 4518 3724 4590 ἀποτέμνεται.

563 4606 784 4661 similis.
822 4609 925 4676 Qui
970 4618 1162 4666 contra
1219 4614 1334 4668 inec
1364 4611 1574 4678 fecerit,
1616 4613 1785 4684 289
1828 4614 2156 4668 decollatur.

635 4697 854 4756 Textus.
916 4702 1106 4759 Const.
1156 4704 1189 4760 6
1224 4703 1370 4772 :Qui
1428 4708 1700 4762 elementa
1753 4709 2016 4771 turbant,
2064 4715 2161 4761 aut

564 4790 820 4846 inimicos
862 4808 992 4848 suos
1043 4809 1140 4865 per
1177 4811 1369 4853 manes
1413 4799 1690 4865 occidunt,
1741 4815 1771 4854 a
1815 4797 1948 4855 feris
1995 4799 2161 4853 absu-

564 4895 814 4942 muntur.
869 4885 1062 4944 Const.
1121 4889 1173 4944 7.
1221 4889 1359 4945 Cum
1412 4893 1616 4963 ubique
1657 4893 1925 4948 maleficia
1969 4893 2164 4948 odiosa

566 4978 702 5043 sint,
739 4980 833 5049 qui
872 4980 926 5034 in
956 4981 1314 5052 imperatorio
1339 4982 1654 5056 [comitatu]
1684 4985 1852 5056 magi,
1883 4984 2067 5052 arioli,
2110 4987 2163 5039 in

567 5075 896 5131 enarrandis
932 5077 1166 5132 somniis
1199 5076 1537 5142 divinantes,
1567 5089 1663 5133 aut
1687 5080 1977 5150 aruspices
2014 5079 2164 5135 inve-

568 5166 822 5232 niuntur,
859 5177 1212 5237 torquentur,
1251 5177 1306 5224 et
1337 5180 1598 5240 negantes
1645 5187 1708 5226 ac
1739 5169 2005 5244 [facinus]
2038 5187 2165 5240 pro-

565 5259 832 5316 bantibus
865 5271 1236 5333 repugnantes
1267 5262 1347 5334 [in
1385 5265 1580 5319 aculeo
1611 5265 1856 5338 ungulis]
1909 5254 2165 5321 incidun-

569 5365 681 5424 tur,
713 5358 924 5411 nullum
964 5357 1214 5412 valentes
1247 5357 1451 5414 habere
1475 5359 1844 5430 privilegium.
1881 5359 2074 5415 Const.
2109 5361 2164 5414 8.

573 5446 787 5502 Similia
831 5457 960 5503 sunt
995 5449 1271 5518 prohibita
1293 5449 1530 5516 discere,
1551 5460 1616 5530 [et
1650 5452 1867 5508 docere.
1894 5452 2086 5508 Const.
2111 5454 2164 5508 9.

571 5540 676 5608 Qui
705 5542 914 5596 noverit
956 5541 1414 5612 praestigiatorem
1454 5545 1715 5616 aliquem,
1769 5547 2059 5616 ipsumque
2111 5548 2167 5602 in

572 5635 975 5706 praestigiatura
1011 5639 1403 5704 occupaverit:
1432 5635 1638 5710 [illum]
1675 5640 1901 5694 tradito.
1949 5639 2007 5693 Si
2045 5639 2172 5709 quis

572 5743 707 5782 vero
753 5727 1110 5800 [agitatorum
1157 5728 1298 5801 sive]
1357 5732 1702 5802 aurigarum,
1745 5733 1960 5787 aliusve
2011 5732 2169 5801 quis-

576 5820 722 5890 piam
757 5828 950 5878 contt‘a
985 5823 1088 5878 lioc
1124 5822 1333 5891 fectrit,
1370 5834 1464 5880 aut
1496 5823 1852 5884 clandestinis
1889 5826 2172 5896 suppliciis

2336 4711 2485 4766 Διάτ.
2530 4717 2583 4774 ς’
2616 4726 2627 4740 ’
2661 4711 2724 4764 Oi
2781 4708 2852 4763 τὰ
2904 4711 3144 4779 στοιχεῖα
3191 4707 3598 4780 ταράσσοντες,
3659 4705 3692 4778 ἦ
3742 4702 3862 4764 τοὺς

2265 4810 2495 4880 ἐχθροὺς
2559 4807 2740 4860 αὐτῶν
2797 4807 2886 4859 διὰ
2938 4805 3210 4876 δαιμόνων
3271 4801 3608 4874 φονεύοντες,
3656 4798 3859 4872 θηρίοις

2265 4899 2641 4973 ἀναιροῦνται.
2667 4897 2815 4953 Διάτ.
2849 4897 2890 4962 ζ’
2919 4913 2931 4926 ·
2961 4895 3242 4968 Πανταχοῦ
3269 4896 3367 4966 μὲν
3401 4895 3469 4948 τὰ
3490 4894 3859 4966 ἁμαρτήματα

2271 4993 2492 5066 μυσαρά
2521 4994 2691 5054 ἐστιν,
2728 4992 2786 5043 ἐν
2819 4989 2876 5043 δὲ
2901 4992 2964 5060 τῇ
3000 4987 3363 5061 βασιλευούσῃ
3397 4987 3449 5040 οί
3486 4984 3858 5057 εὑρισκόμενοι

2269 5089 2488 5157 γόητες,
2518 5087 2552 5159 ἢ
2593 5085 2836 5157 μάντεις,
2871 5084 2903 5153 ἢ
2937 5085 2995 5137 ἐν
3026 5082 3303 5152 ἀφηγήσει
3337 5081 3564 5152 ὀνείρων
3605 5073 3857 5148 μαντευό-

2273 5195 2446 5248 μενοι,
2508 5177 2542 5248 ἢ
2594 5175 2983 5240 οίωνοσκόποι,
3039 5171 3428 5244 βασανίζονται
3497 5169 3594 5223 καὶ
3650 5168 3853 5234 ξέονται

2269 5269 2617 5342 ἀρνούμενοι,
2672 5268 2768 5323 καὶ
2812 5268 2924 5330 τοῖς
2976 5265 3293 5335 ἐλέγχουσιν
3347 5261 3735 5332 ἀνθιστάμενοι
3783 5255 3854 5328 μὴ

2268 5363 2554 5432 δυνάμενοι
2578 5359 2875 5432 προνόμιον
2901 5358 3065 5429 ἔχειν.
3089 5357 3307 5428 Διάτ.η’
3339 5371 3352 5384 ·
3381 5350 3533 5408 Ἶσόν
3575 5356 3690 5406 ἐστι
3719 5350 3778 5404 τὸ
3794 5345 3855 5400 τά

2270 5453 2701 5526 ἀπηγορευμένα
2738 5451 2929 5524 μαθεῖν
2945 5451 3040 5504 καὶ
3067 5449 3294 5518 διδάξαι.
3321 5449 3471 5502 Διάτ.
3493 5447 3537 5500 θ’
3563 5463 3578 5478 ο
3619 5448 3676 5501 '0
3711 5441 3855 5504 εἰδὼς

2272 5546 2444 5617 γόητά
2467 5563 2610 5610 τινα,
2635 5545 2730 5598 καὶ
2762 5541 3054 5613 κατασχὼν
3086 5541 3250 5597 αὑτὸν
3296 5540 3388 5594 ἐπὶ
3414 5539 3660 5610 γοητείᾳ,
3685 5551 3852 5605 παρα-

2273 5641 2496 5696 διδότω’
2532 5640 2582 5693 εἰ
2638 5639 2697 5691 δὲ
2746 5638 2962 5708 ἡνίοχος
2986 5677 3001 5701 ,
3041 5637 3075 5708 ἦ
3108 5653 3192 5700 τις
3245 5635 3435 5706 ἔτερος
3495 5632 3646 5703 παρά
3687 5626 3848 5682 ταῦτα

2275 5736 2530 5806 ποιήσει,
2588 5732 2622 5803 ἢ
2656 5731 2934 5802 λαθραίως
2981 5731 3146 5784 αὑτὸν
3175 5729 3554 5801 τιμωρήσεται
3578 5769 3594 5794 ,
3623 5723 3852 5794 ἐσχάτως

2276 5828 2630 5896 τιμωρεῖται·
2693 5824 3135 5895 ὑπολαμϐάνεται
3171 5824 3280 5896 γὰρ
3328 5821 3487 5876 τοῦτο
3539 5818 3735 5892 πρᾶξαι
3781 5812 3850 5875 ὡς
