4156 6438
287 357 394 419 ’165

1113 351 1519 414 8ΥΝΤΛϐ-ΜΛ
1551 351 1944 415 CANONUM.
1975 377 2045 388 -
2069 353 2219 415 ΤΙΤ.
2255 354 2355 428 ΙΧ,
2403 355 2562 418 CAP.
2604 355 2782 417 XXV.

3489 362 3597 425 766

290 468 372 527 εἰς
404 461 618 534 ἐχθρὸν,
659 463 694 534 ἢ
735 462 822 517 ἵνα
853 462 1062 528 ἐκεῖνος
1114 464 1190 534 μὴ
1220 462 1559 536 δημοσιεύσῃ
1607 465 1732 527 τοὺς
1765 482 1892 518 συν-

1999 465 2355 534 oppresserit,
2383 465 2580 520 ultimo
2611 464 2883 536 supplicio
2913 465 3168 522 allicitur.
3223 467 3480 540 Suspicio
3515 480 3600 527 est

288 559 529 627 ίστορας.

360 744 522 810 Λέγει
554 742 611 796 δὲ
645 743 741 797 καὶ
779 741 919 813 βιϐλ.
949 749 998 798 α’
1032 743 1126 797 τοῦ
1158 743 1288 799 mea.
1319 743 1424 799 τίτ.
1468 742 1511 796 δ’
1533 743 1673 798 διάτ.
1703 750 1774 812 γ’,
1803 745 1889 799 ὅτι

284 845 336 898 oi
383 845 579 912 γόητες
624 844 720 895 καὶ
751 843 809 894 ἐν
845 844 967 905 ταῖς
1002 843 1241 912 ἡμέραις
1288 843 1389 911 τῆς
1427 843 1743 912 Πασχαλίας
1790 845 1886 912 ὲγο

284 935 558 990 κλείονται
587 933 683 987 καὶ
717 933 1064 1004 δεσμοῦ-παν
1097 936 1192 988 καὶ
1219 935 1362 989 διάτ.
1383 941 1432 988 α’
1464 935 1558 988 τοῦ
1594 934 1760 988 αὑτοῦ
1787 935 1887 990 τίτ.

283 1029 367 1082 ὅτι
396 1029 444 1080 oi
481 1026 857 1097 μαθηματικοὶ
899 1027 974 1098 μὴ
1009 1027 1256 1092 καίοντες
1289 1029 1388 1092 τὰς
1418 1027 1634 1099 βίϐλους
1657 1029 1841 1082 αὐτῶν
1874 1070 1888 1095 ,

283 1121 382 1174 καὶ
423 1120 744 1189 προσιόντες
792 1122 859 1190 τῇ
907 1120 1176 1192 ὀρθοδόξῳ
1227 1122 1409 1175 πίστει
1463 1123 1556 1176 ἐπὶ
1613 1121 1722 1175 τῶν
1769 1123 1890 1175 ἐπι-

290 1213 534 1275 σκόπων,
565 1212 745 1282 πάσης
778 1211 1130 1265 ἀπωθοῦνται
1160 1212 1370 1276 πόλεως
1399 1230 1410 1244 ·
1451 1213 1500 1266 εί
1533 1212 1590 1266 δὲ
1623 1213 1680 1266 ὲν
1733 1213 1888 1268 πόλει

282 1302 583 1373 εὑρεθῶσιν
603 1341 618 1364 ,
642 1302 675 1371 ἢ
716 1301 784 1356 τὰ
813 1302 914 1372 τῆς
947 1303 1083 1367 ἰδίας
1113 1303 1414 1375 θρησκείας
1443 1304 1886 1376 δημοσιεύοντες,

181 1452 187 1459 ,
281 1393 337 1446 δε
347 1394 794 1464 πορτατεύονται.

278 1497 288 1523 ί
352 1489 466 1542 Καὶ
506 1487 614 1541 τίτ.
647 1488 715 1542 ια’
741 1485 834 1542 τοῦ
871 1486 1038 1542 αὐτοῦ
1087 1490 1228 1561 βιϐλ.
1274 1492 1428 1545 διάτ’
1464 1492 1529 1564 β’.
1557 1494 1766 1565 Μηδεὶς
1797 1495 1886 1550 διὰ

282 1580 801 1650 σπλαγχνοσκοπίας
854 1581 1244 1650 μαντευέσθωο
1301 1584 1518 1656 πικρῶς
1551 1587 1660 1657 γὰρ
1714 1604 1888 1658 τιμω-

284 1675 459 1743 ρεῖται
491 1674 520 1726 ὁ
567 1672 675 1726 τῶν
721 1673 1038 1727 ἐνεστώτων
1094 1676 1190 1728 καὶ
1245 1675 1574 1747 μελλόντων,
1626 1677 1782 1748 παρὰ
1821 1678 1886 1732 τὸ

279 1765 706 1835 κεκωλυμένον,
779 1765 1028 1838 ἐκζητῶν
1097 1769 1198 1838 τὴν
1262 1770 1524 1842 ἀλήθειαν
1561 1787 1574 1801 °
1638 1771 1780 1842 βιὸλ.
1843 1779 1884 1826 ε’

276 1858 386 1911 τίτ.
413 1856 479 1921 ις’
504 1858 644 1913 διάτ.
664 1866 712 1930 η’
732 1875 746 1889 ·
768 1860 1062 1929 Εὑλόγωςό
1085 1861 1224 1932 ἀνὴρ
1255 1863 1528 1934 εὑρίσκων
1557 1864 1658 1934 τὴν
1685 1864 1883 1919 ἑαυτοῦ

276 1949 527 2021 γαμετὴν
584 1951 909 2021 φαρμακὸν,
951 1953 1221 2024 ρεπουδίῳ
1269 1954 1385 2008 λύει
1413 1956 1504 2009 τὸν
1537 1957 1738 2026 γάμον,
1789 1959 1885 2012 καὶ

276 2041 340 2093 ἑκ
369 2041 460 2095 τοῦ
491 2043 736 2096 ἐναντίου
766 2045 798 2114 ἡ
830 2044 990 2114 γυνὴ,
1017 2044 1114 2098 τοῦ
1136 2047 1333 2117 ἀνδρὸς
1362 2047 1518 2112 όντος
1552 2051 1876 2121 φαρμακοῦ.

274 2134 478 2204 ὁμοίως
506 2134 599 2189 καὶ
628 2137 660 2205 ἠ
697 2137 825 2206 περὶ
856 2137 1160 2208 ῥεπουδίων
1189 2139 1382 2211 νεαρὰ,
1413 2140 1557 2211 etet.
1590 2141 1635 2206 ζ’
1673 2141 1778 2195 τίτ.
1805 2143 1883 2209 ξε’

272 2227 416 2283 διάτ.
443 2229 508 2300 β’·
552 2228 612 2282 Ὀ
669 2231 765 2283 ἐπὶ
804 2231 1030 2303 γοητεία
1069 2233 1511 2297 καταδικασθεὶς,
1549 2235 1598 2286 εί
1635 2234 1734 2305 μὲν
1775 2234 1883 2288 ἀπὸ

271 2323 596 2396 τεκμηρίων
643 2326 736 2376 καὶ
778 2325 1078 2396 μαρτύρων
1134 2326 1230 2379 καὶ
1268 2327 1404 2390 ἰδίας
1430 2326 1662 2399 ἐλεγχθῇ
1703 2345 1878 2381 κατα-

273 2413 498 2479 θέσεως,
529 2415 559 2468 ό
604 2416 698 2468 ἐπὶ
758 2417 985 2489 γοητείᾳ
1037 2419 1499 2483 καταδικασθεὶς,
1549 2421 1611 2473 οὐ
1652 2419 1882 2474 δύναται

271 2508 668 2562 ἐκκαλεῖσθαι·
703 2511 752 2562 εἰ
780 2509 836 2563 δὲ
861 2511 968 2564 ἀπὸ
1021 2511 1315 2585 μαρτύρων
1359 2514 1451 2567 καὶ
1493 2512 1882 2584 δικαιωμάτων

271 2601 371 2654 καὶ
402 2601 579 2656 ἄλλων
621 2603 959 2674 τεκμηρίων,
992 2605 1051 2657 οὗ
1095 2606 1202 2675 μὴν
1241 2606 1337 2659 καὶ
1385 2606 1445 2671 ἐξ
1471 2605 1681 2670 οἰκείας
1713 2624 1880 2661 κατα-ι

270 2694 520 2762 θέσεως,
572 2695 605 2767 ἦ
652 2696 805 2767 φόϐῳ
852 2697 960 2749 τῶν
1012 2697 1260 2767 βασάνων
1305 2698 1605 2762 κατέθετο,
1651 2699 1879 2753 δύναται

271 2789 653 2843 ἐκκαλεῖσθαι.
691 2789 841 2844 Βιϐλ.
875 2789 920 2842 θ’
950 2791 1056 2844 τίτ.
1097 2798 1208 2860 μα’,
1237 2791 1377 2845 διάτ.
1412 2799 1459 2860 γ’
1483 2809 1496 2824 ·
1532 2791 1749 2864 Πρῶτοι
1788 2793 1883 2863 βα-

269 2881 585 2946 σανίζονται
625 2885 675 2935 οἱ
712 2883 985 2954 ἀλλότριοι
1019 2884 1217 2950 δοῦλοι,
1273 2887 1369 2940 καὶ
1399 2886 1489 2938 ὅτε
1542 2885 1756 2952 δόξουσι
1790 2885 1882 2938 λέ-

267 2991 395 3040 γειν
426 2975 628 3028 πιθανὰ
658 2975 790 3045 περὶ
825 2975 920 3029 τοῦ
979 2977 1348 3048 ἐγκλήματος,
1382 2977 1506 3031 τότε
1547 2980 1642 3032 καὶ
1673 2981 1700 3031 ὁ
1725 2977 1883 3046 λεγό-

270 3085 438 3138 μενος
472 3069 760 3140 φαρμάξαι
790 3069 1145 3139 βασανίζεται
1167 3086 1180 3101 ⁸
1210 3071 1304 3125 καὶ
1334 3072 1439 3126 τίτ.
1476 3070 1562 3142 μζ¹
1593 3072 1686 3126 τοῦ
1715 3071 1881 3126 αὑτοῦ

270 3154 421 3224 βιὸλ.
458 3156 604 3211 διάτ.
642 3164 716 3221 ις’
751 3173 764 3186 °
802 3159 874 3211 Οὐ
911 3158 992 3211 δεῖ
1043 3159 1377 3230 ψηφίζεσθαι
1420 3163 1553 3234 περὶ
1599 3166 1878 3232 γοητείας,
1909 3188 1953 3246 C

265 3252 382 3312 ἓως
413 3250 481 3304 ἂν
510 3249 804 3322 ἀποδειχθῇ
842 3251 902 3304 τὸ
952 3250 1208 3322 ἔγκλημα
1255 3252 1344 3306 διὰ
1394 3252 1748 3316 καταθέσεως
1780 3252 1877 3305 τοῦ

265 3343 781 3415 κατηγορουμένου,
814 3343 909 3398 καὶ
942 3344 1193 3414 βασάνων
1226 3346 1322 3400 καὶ
1351 3345 1662 3416 συμφώνων
1697 3365 1882 3400 κατα-

266 3438 504 3491 θέσεων.

341 3533 454 3585 Καὶ
490 3529 630 3602 βιϐλ.
662 3537 714 3596 ι’,
742 3530 845 3584 τίτ.
886 3531 968 3595 ιε’,
1001 3531 1234 3599 διάτ.ἀ’,
1266 3532 1349 3587 ὅτι
1383 3532 1632 3597 Ἔξεστιν
1667 3532 1882 3604 ἑκάστῳ

263 3626 327 3678 ἐν
364 3623 444 3696 τῷ
475 3623 590 3695 ἰδίῳ
622 3624 775 3696 τόπῳ
837 3623 1019 3696 ζητεῖν
1072 3625 1384 3697 θησαυρὸν,
1421 3627 1552 3680 ἄνευ
1605 3626 1807 3680 θυσιῶν
1847 3628 1881 3698 ἦ

263 3734 418 3780 τινος
490 3717 814 3787 παρανόμου
905 3718 1134 3788 τέχνης·
1211 3719 1306 3772 καὶ
1384 3719 1651 3773 ἀπολαύει
1702 3720 1731 3773 ὁ
1787 3721 1881 3773 εὐ·-

265 3809 504 3880 ρίσκων,
561 3809 658 3862 καὶ
716 3810 846 3880 περὶ
895 3809 1004 3862 τῶν
1045 3811 1288 3864 τοιοῦτον
1330 3811 1432 3864 οὐκ
1485 3809 1662 3877 ἔξεστι
1711 3827 1884 3882 προσ-

266 3903 590 3974 αγγέλλειν.

341 3999 482 4068 Περὶ⁵
507 3999 563 4052 δὲ
597 3998 946 4061 ἀποστατῶν,
975 3999 1185 4070 φησὶνὸ
1215 3997 1259 4062 ζ’
1286 3997 1400 4053 τίτ.
1419 3998 1513 4052 τοῦ
1549 4004 1597 4050 α’
1624 3997 1766 4068 βιϐλ.
1786 3995 1880 4050 τοῦ

264 4093 405 4148 κώδ.
438 4093 578 4148 διάτ.
610 4092 681 4156 α’,
711 4095 739 4147 ὁ
759 4093 867 4146 ἀπὸ
898 4092 1245 4164 Χριστιανῶν
1275 4093 1564 4162 γινόμενος
1605 4092 1879 4157 Ἰουδαῖος,

263 4185 573 4256 δημεύεται
612 4203 625 4217 ·
650 4184 791 4238 διάτ.
826 4185 893 4256 β’,
926 4189 954 4240 ὁ
1001 4185 1176 4253 λέγων
1217 4184 1309 4238 τὸν
1338 4185 1750 4255 τελευτήσαντα
1799 4185 1877 4255 μὴ

262 4279 535 4332 δύνασθαι
575 4278 932 4343 διατίθεσθαι,
965 4278 1056 4332 διὰ
1079 4279 1138 4332 τὸ
1169 4277 1279 4331 ἀπὸ
1323 4278 1670 4347 Χριστιανῶν
1718 4280 1881 4332 αὑτὸν

277 4369 540 4424 Ἰουδαῖον
584 4371 619 4443 ἢ
656 4371 894 4440 Ἕλληνα
939 4371 1218 4440 γενέσθαι,
1255 4370 1387 4424 εἴσω
1421 4372 1748 4435 πενταετίας
1791 4373 1880 4424 ὲν-

265 4465 420 4532 ἁγοι’
447 4464 587 4517 διάτ·
619 4471 690 4534 γ’,
723 4465 804 4518 ὅτι
829 4467 856 4518 ὁ
881 4464 941 4529 ἐξ
969 4463 1252 4535 όρθοδόξου
1273 4465 1560 4536 γινόμενος
1574 4464 1877 4537 αἱρετικὸς,

1993 557 2163 622 enim,
2224 557 2403 627 ipsum
2456 557 2561 612 hoc
2625 565 2887 627 tanquam
2944 559 3171 615 inimico
3215 559 3432 626 fecisse,
3501 571 3598 617 aut

1995 647 2166 720 [certe
2192 647 2362 722 ideo],
2395 665 2464 704 ne
2493 650 2584 704 ille
2620 649 2884 706 facinoris
2911 652 3093 706 socios
3118 652 3448 721 publicaret.

2071 743 2209 796 Dicit
2240 759 2369 798 vero
2400 743 2564 798 etiam
2594 742 2688 797 lib.
2718 760 2734 798 ι
2788 743 2910 798 cod.
2950 743 3033 798 tit.
3065 745 3122 807 4,
3158 754 3338 800 const.
3368 747 3424 811 5,
3448 745 3597 816 quod

1993 835 2430 906 praestigiatores
2473 834 2528 890 in
2569 834 2767 891 diebus
2815 834 3175 891 Paschalibus
3212 845 3265 890 et
3301 835 3593 891 includan-

1994 938 2085 983 tur
2125 938 2178 983 et
2221 928 2552 984 vinciantur.
2608 927 2676 984 Et
2710 939 2890 986 eonst.
2927 928 2995 984 10
3025 929 3272 998 ejusdem
3312 929 3395 984 tit.
3443 931 3594 1000 quod

1995 1024 2367 1078 mathematici
2394 1024 2488 1092 qui
2531 1039 2642 1079 non
2693 1024 3063 1080 concrematis
3105 1039 3294 1080 coram
3330 1024 3594 1095 episcopo

1993 1116 2148 1171 libris
2177 1117 2294 1172 suis
2329 1118 2398 1172 ad
2447 1117 2809 1173 orthodoxam
2842 1116 3002 1172 fidem
3045 1117 3405 1180 accesserint,
3438 1116 3591 1170 omni

1991 1208 2216 1264 civitate
2273 1210 2544 1280 pellantur
2601 1229 2616 1266 :
2672 1220 2776 1277 et,
2851 1212 2896 1266 si
2957 1209 3012 1265 in
3082 1210 3304 1264 civitate
3351 1208 3586 1282 [aliqua]

1991 1297 2200 1354 fuerint
2256 1300 2624 1370 deprehensi,
2681 1300 2767 1355 vel
2835 1299 3294 1355 caeremoniarum
3358 1314 3586 1355 suarum

1989 1392 2391 1464 professionem
2426 1392 2809 1462 publicaverit,
2839 1391 3221 1460 deportentur.

2065 1485 2284 1540 Textus.
2327 1484 2395 1540 Et
2429 1488 2511 1540 tit.
2543 1484 2605 1538 11
2665 1483 2911 1555 ejusdem
2942 1485 3036 1538 lib.
3067 1484 3291 1539 constit.
3325 1483 3382 1538 2.
3414 1481 3590 1539 Nemo

1990 1594 2089 1649 per
2126 1588 2376 1633 extorum
2421 1577 2723 1633 sectionem
2754 1577 3021 1631 divinato.
3055 1576 3268 1632 Acerbe
3303 1576 3450 1630 enim
3488 1591 3588 1646 pu-

1990 1671 2160 1734 nitur,
2195 1669 2292 1740 qui
2341 1679 2534 1723 contra
2583 1669 2811 1722 vetitum
2852 1669 3208 1738 praesentium
3255 1669 3338 1723 vel
3375 1667 3592 1722 futura-

1989 1778 2110 1816 rum
2159 1760 2395 1832 [rerum]
2431 1761 2684 1831 explorat
2729 1763 3041 1816 veritatem.
3091 1758 3217 1815 Lib.
3276 1777 3325 1828 v,
3377 1760 3462 1815 tit.
3499 1760 3591 1827 17,

1991 1856 2216 1910 constit.
2272 1855 2305 1909 8
2341 1872 2354 1907 :
2385 1853 2619 1910 Maritus
2667 1854 3084 1925 deprehendens
3136 1869 3367 1908 uxorem
3427 1868 3589 1908 suam

1989 1950 2291 2004 veneﬁcam
2335 1948 2514 2022 [csse,
2558 1948 2749 2022 misso]
2785 1949 3017 2020 repudio
3065 1960 3213 2005 recte
3259 1949 3420 2006 solvit
3475 1967 3594 2007 ma-

1990 2044 2310 2098 trimonium
2345 2053 2494 2098 :ete
2540 2043 2760 2110 diverso
2810 2042 3032 2107 mulier,
3085 2042 3131 2097 si
3183 2042 3268 2097 vir
3309 2043 3592 2101 veneficus

1987 2136 2175 2193 fuerit.
2231 2136 2495 2193 Similiter
2546 2138 2710 2192 etiam
2769 2139 3004 2204 novella,
3051 2154 3176 2209 quae
3225 2139 3295 2194 de
3346 2140 3595 2211 repudiis

1988 2230 2258 2303 [tractat.]
2289 2231 2382 2287 lib.
2414 2248 2512 2298 vn,
2535 2231 2622 2287 tit.
2657 2232 2748 2299 65,
2781 2233 3004 2287 constit.
3032 2232 3068 2286 2
3099 2251 3112 2287 :
3150 2230 3414 2288 Veneﬁcii
3458 2248 3596 2288 cou-

1994 2328 2311 2391 dcmnatus,
2367 2326 2412 2381 si
2456 2327 2678 2395 quidem
2722 2327 3088 2398 argumentis,
3125 2328 3378 2391 testibus,
3428 2336 3595 2398 atque

1990 2433 2091 2473 sua
2130 2418 2307 2489 ipsius
2333 2417 2689 2474 confessione
2727 2420 3018 2475 convictus
3045 2418 3235 2484 fuerit,
3269 2435 3375 2473 non
3412 2427 3598 2489 potest

1988 2510 2154 2581 290
2194 2510 2475 2582 appellare
2521 2529 2535 2566 :
2585 2512 2632 2567 si
2681 2527 2810 2566 vero
2863 2511 3122 2574 testibus,
3180 2511 3592 2577 instrumentis,

1988 2606 2226 2675 aliisque
2279 2606 2644 2675 argumentis,
2696 2620 2804 2659 non
2852 2614 3036 2660 autem
3087 2619 3189 2660 sua
3240 2604 3594 2660 confessione

1989 2697 2348 2770 [convictus,]
2393 2699 2474 2752 vel
2509 2698 2803 2752 formidine
2845 2707 3252 2753 tormentorum
3289 2696 3588 2753 confessus

1987 2793 2080 2858 sit,
2127 2807 2433 2863 provocare.
2493 2808 2602 2846 non
2649 2790 2973 2862 impeditur.
3034 2790 3154 2846 Lib.
3217 2803 3294 2855 Ix,
3352 2791 3434 2844 tit.
3498 2787 3593 2855 41,

1987 2887 2212 2943 constit.
2244 2887 2329 2942 ’ὃς
2380 2885 2632 2941 Primum
2696 2885 2840 2941 servi
2901 2885 3069 2940 alieni
3129 2892 3484 2954 torquentur,
3537 2890 3598 2938 et

1986 2982 2208 3052 quando
2258 2981 2324 3035 de
2381 2981 2618 3036 crimine
2673 2979 3000 3036 verisimilia
3069 2978 3255 3033 dicere
3311 2977 3594 3041 videntur,

1987 3078 2120 3124 tunc
2161 3071 2256 3140 qui
2312 3085 2583 3124 venenum
2633 3069 2948 3140 porrexisse
2998 3068 3225 3130 dicitur,
3279 3075 3592 3136 torquetur.

1988 3162 2053 3217 Et
2098 3164 2182 3218 tit.
2214 3163 2282 3218 47
2326 3163 2575 3234 ejusdem
2626 3162 2774 3229 libri,
2805 3161 3030 3217 constit.
3081 3159 3150 3215 16
3190 3158 3348 3215 :Non
3401 3168 3488 3216 est
3535 3159 3594 3214 in

1987 3256 2260 3311 veneficos
2317 3256 2544 3312 ferenda
2595 3255 2914 3321 sententia,
2969 3255 3294 3325 priusquam
3355 3269 3454 3323 per
3514 3251 3596 3308 rei

1986 3347 2416 3413 confessionem,
2461 3358 2762 3414 tormenta,
2803 3357 2970 3419 atque
2999 3348 3397 3406 concordantia
3433 3347 3593 3404 testi-

1988 3446 2172 3498 monia
2211 3445 2506 3514 probatum
2535 3443 2699 3500 fuerit
2733 3445 2966 3500 crimen.

2060 3537 2280 3592 Textus.
2327 3540 2396 3594 Et
2429 3538 2523 3592 lib.
2563 3554 2615 3603 ιι,
2648 3538 2735 3595 tit.
2784 3538 2872 3604 15,
2925 3547 3102 3594 coust.
3145 3538 3171 3593 1
3214 3554 3227 3590 :
3269 3535 3424 3592 Licet
3467 3534 3596 3589 titti-

2010 3633 2213 3702 cuique
2245 3633 2298 3685 in
2327 3646 2430 3688 suo
2466 3631 2586 3686 loco
2614 3631 2735 3686 sine
2767 3631 3062 3687 sacriﬁciis
3091 3630 3347 3700 aliquave
3381 3627 3597 3696 legibus

1989 3725 2184 3778 odiosa
2245 3731 2364 3778 arte
2415 3722 2739 3778 thesaurum
2794 3736 3082 3792 qurerere,
3140 3733 3205 3774 ac
3258 3717 3459 3771 fruitur
3509 3714 3597 3767 in-

1985 3827 2171 3882 veuto,
2208 3829 2388 3885 neque
2416 3815 2542 3870 licet
2583 3814 2650 3870 de
2686 3829 2752 3870 ea
2783 3811 2869 3886 [re
2892 3811 2961 3867 ad
2992 3807 3322 3882 principem]
3361 3805 3591 3862 referre.

2061 4004 2135 4060 De
2181 4003 2450 4074 apostatis
2493 4003 2629 4057 dicit
2677 4001 2762 4056 tit.
2827 4000 2881 4066 7,
2947 3999 3043 4054 lib.
3093 4014 3107 4052 l
3153 3997 3278 4052 cod.
3325 4002 3502 4051 const.
3538 3994 3594 4060 1,

1984 4099 2132 4170 quod
2174 4097 2268 4168 qui
2314 4113 2384 4150 ex
2444 4095 2765 4151 Christiano
2814 4092 3036 4148 Judaens
3085 4089 3268 4144 factus
3306 4097 3410 4152 est,
3448 4085 3594 4161 [ejus

1985 4189 2154 4264 bona]
2211 4189 2608 4246 confiscentur.
2661 4187 2902 4242 Coustit.
2955 4184 3010 4238 ‘2.
3073 4183 3176 4250 Qui
3218 4180 3352 4237 dicit
3394 4179 3596 4233 defun-

1985 4293 2134 4338 ctum
2190 4280 2384 4336 testari
2450 4294 2562 4334 non
2616 4277 2886 4348 potuisse,
2940 4271 3091 4344 quod
3154 4287 3221 4325 ex
3273 4267 3597 4324 Christiano

1985 4377 2244 4446 Paganus
2293 4383 2389 4428 aut
2419 4371 2648 4427 Judaaus
2693 4368 2876 4424 factus
2934 4368 3028 4431 sit,
3081 4365 3226 4419 intra
3278 4361 3597 4432 quinquen-

1985 4471 2136 4525 nium
2169 4470 2302 4540 agit.
2337 4467 2534 4523 Const.
2585 4465 2640 4520 5.
2671 4463 2778 4531 Qui
2827 4479 2895 4518 ex
2944 4460 3253 4515 orthodoxo
3303 4453 3596 4511 haereticus

264 4559 331 4610 οὐ
366 4555 869 4627 συναναστρέφεται
889 4560 1003 4618 τοῖς
1030 4556 1362 4627 ἀνθρώποις,
1387 4557 1483 4610 καὶ
1514 4558 1571 4609 οὑ
1609 4558 1881 4628 μαρτυρεῖ

1993 4564 2172 4620 fat-tus
2220 4575 2326 4630 est,
2388 4577 2500 4617 non
2555 4567 2924 4616 conversatur
2959 4571 3084 4610 cum
3123 4550 3465 4611 hominibus,
3497 4560 3599 4601 ne-

266 4650 302 4719 ἧ
341 4648 674 4715 διατίθεται,
712 4647 837 4703 οὔτε
870 4649 1231 4720 κληρονομεῖ,
1274 4650 1368 4703 καὶ
1407 4651 1508 4704 οὑκ
1549 4649 1663 4721 ἔχει
1713 4649 1880 4722 μετά-

268 4759 426 4795 νοιαν
482 4742 558 4806 ὠς
603 4745 661 4796 ὲν
715 4745 828 4807 τοῖς
868 4742 1048 4807 ἄλλοις
1084 4743 1483 4814 ἁμαρτήμασιν
1515 4759 1528 4774 ⁸
1568 4745 1600 4813 ἠ
1643 4742 1699 4795 δὲ
1746 4744 1879 4814 περὶ

268 4841 384 4893 τῶν
424 4840 765 4911 Ἐκκλησιῶν
811 4841 1092 4912 Ἀφρικῆς.
1130 4840 1490 4912 διαλεγομένη
1549 4840 1651 4912 ρι6¹
1681 4839 1874 4912 νεαρὰ,

267 4934 458 4988 δίδωσι
501 4934 695 5004 καιρὸν
727 4934 1016 5004 μετανοίας
1051 4935 1166 4996 τοῖς
1203 4931 1261 4997 ἐξ
1299 4931 1601 5004 ὀρθοδόξων
1648 4930 1755 4983 ὑπὸ
1789 4931 1876 4983 αἱ-

274 5028 512 5097 ρετικῶν
561 5026 949 5098 βαπτισθεῖσι·
994 5027 1135 5081 διάτ.
1189 5025 1252 5091 δ’,
1307 5028 1335 5079 ὁ
1388 5025 1719 5097 Χριστιανὸς
1749 5025 1879 5078 ἀπο-

274 5121 407 5183 στὰς
439 5121 536 5174 καὶ
568 5119 738 5184 θύσας
760 5161 774 5186 ,
805 5120 838 5192 ἢ
871 5120 1256 5192 ἐντειλάμενος
1296 5119 1470 5190 ἑτέρῳ
1507 5117 1690 5184 θῦσαι,
1723 5119 1878 5188 παρᾶ

270 5213 476 5276 παντὸς
503 5247 509 5251 ς
537 5215 932 5284 κατηγορεῖται
958 5253 973 5274 ,
1032 5213 1109 5284 μὴ
1168 5211 1589 5282 ἁντιτιθεμένης
1657 5210 1879 5282 χρονίας

270 5309 648 5379 παραγραφῆς
670 5323 686 5341 ο
721 5307 815 5359 καὶ
850 5305 974 5359 οὔτε
996 5306 1250 5378 δωρεῖται
1277 5305 1461 5371 ἐξότου
1497 5305 1734 5376 ἀποστῇ,
1753 5302 1877 5356 οὔτε

270 5402 330 5454 ἐν
362 5404 604 5472 σχήματι
666 5401 926 5473 πράσεως
984 5401 1322 5472 περιγράφει
1375 5399 1469 5452 τὸν
1517 5399 1706 5469 νόμον,
1747 5395 1874 5451 οὔτε

267 5495 595 5562 διατίθεται,
618 5495 735 5550 ἀλλ’
764 5495 822 5560 ἐξ
855 5494 1141 5550 ἀδιαθέτου
1176 5495 1358 5548 πάντα
1388 5496 1499 5559 τοῖς
1530 5493 1699 5548 αὑτοῦ
1741 5509 1874 5562 συγ-

268 5591 486 5656 γενέσιν
525 5589 781 5660 ἁρμόζει,
807 5584 888 5654 οἷς
929 5589 1024 5641 καὶ
1062 5589 1201 5659 μετὰ
1230 5588 1463 5642 θάνατον
1487 5589 1700 5658 ἐφεῖται
1741 5603 1876 5640 κατ-

270 5683 513 5751 ηγορεῖν,
565 5684 614 5736 εἰ
655 5682 750 5736 καὶ
783 5683 859 5754 μὴ
899 5681 1090 5751 γέγονε
1127 5680 1270 5736 κατὰ
1310 5680 1513 5746 ζῶντος
1546 5679 1642 5734 τοῦ
1676 5679 1876 5752 μιαροῦ

269 5777 680 5848 προκάταρξις·
739 5778 834 5830 καλ¹
891 5778 1291 5848 ἀνατρέπονται
1331 5777 1428 5829 καὶ
1459 5779 1512 5830 αἱ
1540 5778 1745 5848 δωρεαὶ
1784 5777 1876 5830 καὶ

273 5873 325 5921 αἱ
360 5870 616 5941 διαθῆκαι
656 5869 854 5934 αὐτῶν,
899 5872 990 5923 καὶ
1029 5874 1140 5934 τοῖς
1170 5869 1277 5922 ἀπὸ
1328 5870 1424 5922 τοῦ
1473 5869 1636 5939 νόμου
1678 5868 1873 5923 καλου-

2000 4674 2110 4726 que
2140 4655 2522 4712 testimonium
2552 4653 2708 4719 dicit,
2741 4665 2920 4722 neque
2953 4646 3265 4704 testamenti
3299 4642 3597 4699 factionem

1993 4749 2185 4814 habet,
2241 4763 2420 4817 neque
2455 4748 2508 4801 in
2546 4743 2962 4801 hazreditatibus
2994 4740 3263 4804 succedit,
3316 4750 3498 4806 neque
3539 4743 3602 4792 ut

1999 4845 2053 4898 in
2089 4843 2215 4897 aliis
2249 4839 2595 4900 criminibus.
2640 4838 2980 4909 pmnitentize
3014 4829 3373 4909 [remedium]
3408 4830 3593 4883 habet.

1985 4935 2220 4992 Novella
2258 4948 2438 4989 tamen
2470 4933 2561 5000 57,
2590 4949 2711 5003 qua:
2737 4931 2802 4985 tle
2828 4929 3090 4984 Ecclesiis
3116 4925 3392 4980 Alricanis
3417 4922 3598 4976 disse-

1994 5033 2088 5097 rit,
2162 5029 2494 5084 orthodoxis
2543 5027 2639 5097 qui
2693 5025 2762 5080 ab
2814 5023 3101 5105 lmrcticis
3138 5017 3596 5105 baptizalis‘tmt,

1984 5125 2343 5196 paenitentiae
2377 5133 2595 5192 tempus
2631 5121 2847 5176 tribuit.
2889 5098 3168 5171 Consth
3193 5115 3298 5181 Qui
3323 5098 3601 5168 iungiti-

1987 5235 2093 5274 nus
2126 5216 2188 5290 [a
2225 5214 2353 5288 title]
2409 5213 2698 5281 defecerit,
2736 5220 2791 5266 et
2833 5207 3247 5272 sacriﬁcaverit,
3299 5205 3460 5260 aliive
3507 5219 3598 5260 sa-

1982 5315 2236 5369 criticare
2282 5308 2650 5370 mandaverit,
2717 5321 2830 5362 non
2865 5303 3222 5376 Oppositurus
3261 5300 3407 5371 longi
3453 5308 3597 5352 tem-

2000 5409 2154 5479 poris
2201 5404 2679 5477 pra-scriptionum
2729 5417 2758 5456 a
2806 5413 3143 5472 quocunque
3189 5406 3504 5455 accusatur,
3543 5400 3599 5446 et

1994 5515 2175 5570 neque
2210 5515 2274 5554 ex
2313 5513 2424 5568 quo
2472 5496 2771 5552 desciverit
2812 5495 3004 5559 donat,
3052 5509 3104 5546 nt
3122 5505 3231 5560 que
3262 5486 3594 5573 venditionis

1990 5591 2175 5661 Specie
2211 5590 2318 5662 legi
2361 5589 2610 5643 fraudem
2659 5588 2791 5643 facit
2822 5607 2833 5639 :
2870 5582 3144 5658 [insuper]
3181 5598 3286 5638 non
3330 5588 3588 5642 testatur,

1981 5685 2073 5738 sed
2110 5688 2178 5737 ab
2206 5684 2467 5738 intestato
2499 5693 2696 5738 cuncta
2741 5681 2928 5751 ipsius
2953 5679 3202 5750 cognatis
3245 5682 3586 5744 competunt,

1987 5779 2198 5847 quibus
2250 5777 2414 5832 etiam
2469 5787 2594 5847 post
2639 5785 2874 5831 mortem
2913 5773 3250 5844 permittitur
3301 5782 3584 5830 accusare,

1980 5871 2141 5943 291
2185 5874 2402 5928 tametsi
2454 5871 2723 5928 adrrrsus
2772 5868 3061 5940 profanum
3113 5865 3339 5939 [adhuc]
3395 5864 3582 5917 vivum
