4156 6430
614 357 718 421 767

1780 359 2046 420 PIIOTII
2085 355 2596 419 PATRIARCllrE
2621 355 2731 416 CP.

3781 357 3880 421 768

615 472 768 527 nulla
825 469 973 528 facta
1034 471 1106 528 sit
1155 473 1507 529 contestatio.
1561 471 1901 528 Evcrtuntur
1953 473 2199 542 ipsorum

2318 471 2492 540 μένοις
2549 469 2856 540 ἀρμόζουσι
2893 483 2906 498 °
2957 467 3100 521 διάτ.
3165 473 3240 532 ε’,
3309 469 3336 520 6
3396 451 3578 520 δουλον
3623 467 3656 538 ἢ
3704 469 3885 541 εὐγενῆ

610 565 942 621 donationes
970 573 1025 620 et
1061 575 1408 634 testamenta,
1463 575 1628 636 atque
1669 567 1736 622 iis
1763 566 1857 636 qui
1890 581 1920 620 a
1962 565 2078 638 lege
2111 579 2209 621 vo-

609 665 829 722 cantur,
879 665 1223 727 competunt.
1275 658 1464 713 Const.
1517 658 1570 713 5.
1603 657 1934 729 Quicunque
1983 673 2206 713 servum

609 748 699 803 vel
745 749 1046 817 ingenuum
1079 749 1481 816 Christianum,
1532 749 1765 804 invitum
1819 748 1904 803 vel
1943 748 2208 804 suasione

611 841 679 894 ad
733 840 1032 896 nefandum
1082 841 1364 912 religionis
1413 841 1578 896 ritum
1636 840 1964 908 traduxerit,
2028 840 2208 910 capite

611 936 865 1003 punitur,
911 935 1163 1005 bonaque
1193 934 1314 1005 ejus
1355 934 1749 991 conﬁscantur.
1791 935 1982 990 Const.
2012 933 2065 989 6.
2101 932 2207 1000 Qui

614 1022 854 1079 clericus
893 1032 992 1079 aut
1027 1026 1334 1081 monachus
1362 1027 1707 1083 orthodoxus
1741 1025 2065 1098 Eutychetis
2113 1032 2211 1080 aut

610 1112 946 1181 Apollinaris
978 1112 1237 1184 dogmata
1285 1126 1531 1172 sectatus
1578 1117 1765 1186 fuerit,
1802 1125 2020 1172 tenetur
2073 1117 2208 1188 legi—

2313 559 2662 630 Χριστιανὺν,
2695 558 2897 613 ἄκοντα
2927 556 2960 628 ἢ
2999 556 3088 611 διὰ
3141 556 3452 628 συμϐουλῆς
3476 557 3796 629 μεταγαγὼν
3817 563 3889 624 εἰς

2314 652 2574 722 ἀθέμιτον
2628 650 2969 724 θρησκείαν,
3041 651 3357 720 κεφαλικῶς
3416 653 3738 722 τιμωρεῖται
3802 657 3887 707 καὶ

2313 743 2610 815 δημεύεται
2636 759 2651 774 ·
2679 744 2818 798 διάτ.
2852 745 2927 810 ς’,
2957 743 3237 816 όρθόδοξος
3258 743 3522 815 κληρικὸς
3562 743 3598 814 ἢ
3643 745 3883 815 μοναχὺς.

2316 836 2640 908 θρησκεύων
2679 837 2748 892 τά
2783 837 3056 910 Εὐτυχοῦς
3090 838 3124 909 ἢ
3172 837 3590 910 Ἀπολιναρίου,
3621 838 3888 893 ὑπόκειται

2313 932 2426 995 τοῖς
2453 930 2595 985 κατὰ
2610 929 2901 1003 αίρετικῶν
2929 930 3137 1001 νόμοις,
3173 930 3271 984 καὶ
3294 931 3394 999 τῆς
3434 930 3746 1001 Ῥωμαῖκῆς
3771 931 3888 998 ἐξω-

2316 1024 2490 1080 θεῖται
2531 1025 2827 1092 πολιτείας,
2866 1023 3012 1080 κατὰ
3059 1023 3128 1080 τὰ
3155 1025 3297 1080 κατὰ
3322 1025 3642 1097 Μανιχαίων
3679 1025 3886 1097 νομοθε-

2314 1117 2571 1188 τηθέντα,

613 1208 722 1264 bus
749 1208 1017 1267 adversus
1061 1212 1353 1271 haereticos
1385 1213 1535 1287 [latis
1563 1214 1604 1286 ε]
1635 1224 1690 1271 et
1735 1224 1903 1286 prout
1934 1214 2002 1272 de
2073 1213 2385 1272 Manichacis
2457 1215 2732 1272 sancitum
2795 1223 2902 1283 est,
2947 1226 3102 1272 extra
3171 1212 3479 1271 Romanam
3511 1215 3886 1286 rempublicam

610 1303 956 1376 proﬂigator.

689 1420 904 1477 Textus.
940 1421 1062 1477 Lib.
1095 1439 1135 1487 ι,
1165 1426 1249 1480 tit.
1281 1426 1338 1491 9,
1367 1437 1544 1483 const.
1575 1427 1663 1482 l8.
1687 1426 1931 1493 Iudaeus,
1958 1428 2050 1497 qui
2082 1443 2214 1482 eum

611 1515 705 1584 qui
732 1515 976 1570 Judaica:
1003 1517 1286 1586 religionis
1313 1534 1422 1573 non
1450 1529 1619 1582 esset,
1648 1522 1923 1575 contraria
1962 1521 2215 1575 doctrina

612 1610 679 1662 ad
710 1609 855 1664 illam
891 1612 1220 1676 traduxerit,
1246 1613 1518 1668 bonorum
1549 1616 1958 1684 proscriptione
1981 1614 2215 1669 damna-

614 1712 725 1767 tur,
753 1703 1129 1775 miserumque
1159 1707 1211 1758 in
1244 1707 1464 1761 modum
1493 1709 1739 1777 punitur.

684 1794 953 1850 Caeterum
996 1798 1066 1854 de
1113 1799 1424 1856 istiusmodi
1469 1801 1524 1855 in
1565 1802 1674 1872 dig.
1704 1803 1868 1856 etiam
1917 1810 2209 1857 tractatur.
2244 1836 2286 1890 Β

611 1886 705 1941 Ait
749 1887 896 1943 enim
941 1889 1035 1945 lib.
1071 1906 1148 1958 Ix,
1183 1892 1270 1947 tit.
1305 1892 1362 1958 2,
1393 1892 1589 1963 digest.
1619 1894 1671 1958 '7,
1704 1893 1852 1964 quod
1906 1897 2001 1964 qui
2051 1909 2212 1948 servo

612 1995 887 2035 venenum
917 1998 1016 2053 pro
1044 1985 1446 2040 medicamento
1473 1986 1641 2048 dedit,
1666 1987 1729 2040 ad
1765 1987 1938 2055 ipsius
1975 1986 2212 2057 pretium

616 2071 1040 2146 [praestandum]
1071 2085 1341 2143 teneatur,
1375 2088 1434 2132 ut
1463 2080 1554 2148 qui
1592 2095 1818 2133 causam
1851 2081 2046 2134 mortis
2078 2095 2214 2148 prae-

616 2171 819 2225 buerit.
845 2170 1000 2228 Scias
1024 2182 1229 2237 autem,
1253 2175 1396 2244 quod
1423 2177 1624 2230 actioni
1654 2175 1867 2248 [etiam]
1893 2176 2045 2230 locus
2069 2173 2211 2247 [sit,]

614 2263 660 2317 si
706 2263 1170 2319 medicamentum
1221 2282 1506 2337 perperam
1550 2268 1796 2331 dederit,
1848 2278 1906 2324 ut
1951 2269 2146 2342 digest.
2181 2271 2214 2324 8

617 2351 769 2425 [ait].
807 2355 1074 2410 Similiter
1103 2357 1264 2412 etiam
1295 2359 1362 2414 de
1394 2361 1688 2416 obstetrice
1716 2362 1912 2432 digest.
1945 2364 1998 2428 9,
2033 2363 2129 2419 lib.
2159 2381 2211 2430 x,

612 2446 700 2500 tit.
730 2445 798 2512 2,
831 2447 1026 2516 digest.
1057 2449 1110 2503 4.
1144 2450 1202 2504 1η
1247 2451 1564 2507 haereditate
1608 2463 1825 2523 reperta
1863 2455 2003 2508 mala
2039 2457 2214 2509 medi-

616 2546 902 2606 ramenta,
935 2548 1029 2593 aut
1061 2541 1254 2612 magici
1303 2542 1579 2598 similesve
1623 2543 1748 2598 libri
1788 2545 1930 2599 inter
1973 2545 2214 2600 hzcrcdes

615 2644 728 2684 non
761 2630 1084 2687 dividuntur
1111 2651 1124 2688 :
1158 2634 1251 2688 sed
1279 2634 1483 2706 judicis
1507 2636 1733 2692 arbitrio
1759 2648 2230 2708 corrmnpuntur._

613 2720 736 2777 Lib.
767 2739 921 2787 xvm,
954 2725 1037 2779 tit.
1072 2727 1122 2791 Ι,
1157 2727 1353 2798 digest.
1385 2728 1472 2782 55.
1506 2729 1727 2784 Venena
1767 2731 1908 2784 mala
1941 2746 2048 2785 non
2078 2747 2211 2786 ven—

612 2816 842 2872 duntur.
881 2815 936 2870 Si
975 2827 1156 2873 tamen
1197 2819 1342 2892 [aliis
1375 2822 1645 2895 materiis]
1680 2824 1864 2888 mista,
1891 2825 2048 2879 utilia
2079 2825 2210 2889 sint,

615 2918 677 2964 nt
707 2909 775 2964 de
813 2913 1062 2966 antidoto
1098 2912 1227 2985 [dici
1263 2914 1485 2988 debet],
1518 2917 1848 2972 \‘endunlur.
1879 2915 1998 2971 Lib.
2033 2934 2211 2982 xuii,

613 3004 702 3060 tit.
738 3005 827 3074 10,
856 3007 1050 3077 digest.
1085 3007 1174 3062 15.
1206 3009 1310 3075 Qui
1345 3008 1753 3065 medicamento
1786 3011 2026 3080 alicujus
2060 3027 2215 3065 men-

611 3104 727 3152 tem
775 3099 1169 3165 alienaverint,
1200 3110 1458 3157 tenentur
1503 3101 1830 3170 iniuriarum
1881 3104 2118 3158 aetione.
2151 3103 2210 3158 Si

2391 1425 2544 1482 Βιϐλ.
2580 1433 2651 1493 α’,
2678 1425 2882 1497 τίτ.ξο’,
2931 1426 3074 1482 διάτ.
3101 1424 3188 1497 ιη’,
3235 1425 3486 1490 Ἰουδαῖος
3526 1427 3619 1480 τὸν
3661 1428 3735 1499 μὴ
3777 1428 3889 1483 ὄντα

2315 1525 2416 1593 τῆς
2480 1523 2652 1594 αὐτῆς
2706 1523 3004 1595 θρησκείας
3067 1523 3290 1595 ἐναντίᾳ
3357 1523 3679 1598 διδασκαλίᾳ
3741 1543 3888 1596 μετα-

2315 1615 2503 1684 γαγὼν
2555 1619 2634 1680 εἰς
2681 1617 2880 1688 αὐτὴν,
2905 1616 3227 1687 δημεύεται,
3271 1619 3367 1671 καὶ
3399 1617 3714 1686 κεφαλικῶς
3740 1637 3890 1689 τιμω-

2316 1710 2512 1780 ρεϊται.

2386 1801 2755 1872 Διαλαμόάνει
2815 1802 2872 1856 δὲ
2937 1803 3066 1872 περ)⁵
3116 1801 3229 1859 τῶν
3283 1802 3541 1862 τοιούτων
3591 1805 3691 1858 καὶ
3716 1805 3770 1858 ἐν
3796 1811 3893 1872 τοῖς

2315 1891 2585 1960 διγὲστοις
2607 1909 2621 1923 ·
2673 1892 2810 1962 φησὶ
2845 1893 2955 1961 γὰρ
2988 1892 3130 1962 βιὸλ.
3165 1891 3231 1952 θ’,
3260 1890 3365 1945 τίτ.
3403 1890 3470 1962 β’,
3497 1892 3607 1962 δίγ.
3660 1892 3737 1959 ζ’,
3771 1893 3893 1948 ὃτιό

2318 1983 2613 2052 φάρμακον
2647 1985 2768 2036 ἀντὶ
2813 1983 3056 2054 ἰατρείας
3100 1982 3271 2054 δούλῳ
3309 1982 3558 2048 δεδωκὼς
3583 2026 3599 2050 ,
3633 1985 3892 2040 ὑπόκειται

2317 2078 2395 2136 εἰς
2425 2075 2523 2146 τὴν
2551 2075 2716 2129 αὑτοῦ
2749 2077 2936 2147 τιμὴν,
2969 2076 3044 2138 ὠς
3071 2075 3252 2129 αἰτίαν
3278 2075 3511 2129 θανάτου
3565 2076 3853 2147 παρασχών
3878 2093 3891 2107 ο

2320 2169 2427 2223 ἴσθι
2461 2168 2517 2222 δὲ
2543 2170 2626 2223 ὅτι
2667 2167 2818 2240 χώρα
2845 2167 2922 2238 τῷ
2944 2168 3276 2239 ἐγκλήματι,
3303 2168 3396 2221 καὶ
3427 2170 3481 2221 εί
3504 2185 3586 2231 τις
3627 2168 3893 2238 προπετῶς

2314 2259 2429 2331 δοίη
2497 2261 2787 2332 φάρμακον
2822 2275 2834 2287 ·
2883 2259 2960 2323 ὡς
3015 2260 3122 2329 δίγ.
3208 2267 3278 2331 η’.
3339 2259 3568 2330 Ὅμοιον
3632 2259 3726 2313 καὶ
3785 2261 3895 2331 περὶ

2320 2354 2624 2426 ἱατραίνης,
2661 2355 2768 2422 δίγ.
2807 2353 2872 2420 θ’,
2908 2353 3049 2425 βιϐλ.
3082 2359 3111 2406 ι’
3144 2351 3248 2409 τίτ.
3283 2351 3359 2423 β’⁶
3394 2352 3503 2422 δίγ’
3537 2352 3578 2406 δ’
3607 2395 3623 2419 ,
3663 2352 3724 2405 ού
3777 2350 3896 2405 διαι-

2319 2445 2539 2517 ροῦνται
2590 2444 2794 2516 μεταξὺ
2841 2445 2951 2499 τῶν
3007 2444 3382 2516 κληρονόμων,
3417 2445 3485 2498 τὰ
3523 2446 3580 2499 ὲν
3612 2447 3681 2515 τῇ
3717 2444 3895 2515 κληρο-

2318 2538 2479 2610 νομί-α
2502 2537 2795 2609 εὑρεθέντα
2838 2536 2983 2591 κακὰ
3012 2537 3302 2608 φάρμακα,
3330 2537 3363 2607 ἢ
3400 2535 3614 2607 μαγικὰ
3651 2535 3892 2607 βιϐλία,ἣ

2316 2633 2384 2684 τὰ
2409 2633 2592 2703 ὅμοια,
2624 2631 2758 2686 ἀλλὰ
2789 2632 2932 2686 κατὰ
2979 2631 3305 2701 δοκιμασίαν
3339 2631 3432 2684 τοῦ
3465 2629 3725 2684 δικαστοῦ
3760 2629 3895 2700 φθεί-

2322 2743 2524 2796 ρονται,
2561 2726 2701 2797 βι6λ.
2731 2733 2799 2798 ιη’
2828 2727 2934 2780 τίτ.
2981 2734 3029 2779 α’
3059 2726 3166 2794 δίγ.
3192 2725 3288 2787 λε’,
3322 2728 3390 2778 τὰ
3441 2726 3589 2779 κακά
3644 2725 3896 2796 φάρμακα

2317 2818 2377 2871 ού
2411 2818 2786 2889 πιπράσκεται
2817 2836 2830 2849 ο
2875 2818 2924 2870 εί
2968 2818 3071 2888 μέν
3100 2835 3182 2871 τοι
3221 2817 3490 2888 δεχόμενα
3539 2815 3691 2888 μίξιν
3719 2833 3892 2889 χρησι-

2321 2911 2600 2983 μεύουσιν,
2623 2911 2699 2976 ὡς
2731 2912 2823 2965 ἐπὶ
2852 2911 2954 2982 τῆς
2979 2910 3257 2966 ἁντιδότου
3285 2911 3699 2982 πιπράσκονται
3730 2926 3740 2938 ·
3766 2908 3891 2980 eia.

2321 3003 2406 3075 μζ¹
2439 3005 2545 3061 τίτ.
2584 3011 2614 3058 ι’
2648 3003 2749 3074 δίγ²
2780 3011 2862 3070 ιε’,
2897 3005 2947 3058 οἱ
2993 3003 3419 3075 παραφρονῆσαί
3458 3020 3584 3058 τινα
3639 3004 3894 3076 φαρμάκῳ

2319 3098 2622 3162 ποιοῦντες,
2672 3098 2950 3170 ἐνέχονται
2990 3097 3066 3168 τῷ
3107 3098 3236 3166 περὶ
3275 3096 3489 3168 ὕϐρεων
3539 3097 3725 3169 νόμῳ⁹
3774 3094 3894 3148 εἰδὲ

613 3202 750 3243 vero
781 3190 872 3259 qui
902 3191 1258 3261 astrologiam
1296 3192 1535 3247 aliamve
1561 3194 1782 3247 vetitam
1815 3194 2210 3249 divinationem

2319 3189 2414 3242 καὶ
2452 3187 2863 3260 ἁστρολόγος,ἢ
2905 3187 3101 3258 ἑτέραν
3146 3188 3617 3259 ἀπηγορευμένην
3654 3185 3895 3259 μαντείαν
3939 3244 3944 3247 ,

613 3289 866 3346 exercet,
909 3283 1227 3349 consultus,
1278 3282 1569 3354 [aliquem]
1621 3283 1795 3338 furem
1849 3285 2078 3347 dixerit,
2119 3286 2212 3354 qui

616 3384 728 3423 non
755 3381 872 3426 erat
897 3389 910 3425 :
940 3380 1156 3429 tenetur
1182 3375 1691 3432 constitutionibus.
1719 3376 1837 3431 Lib.
1866 3393 2023 3438 eru,
2048 3379 2133 3431 tit.
2156 3376 2212 3441 8,

613 3461 812 3532 digest.
849 3463 906 3518 2.
942 3462 1189 3519 Tenetur
1229 3466 1346 3538 lege
1388 3465 1691 3541 [Cornelia]
1735 3469 1802 3524 de
1841 3469 2089 3534 sicariis,
2119 3466 2214 3539 qui

617 3553 780 3624 292
807 3570 1077 3610 venenum
1122 3559 1353 3614 necandi
1399 3561 1640 3615 hominis
1680 3577 1847 3616 causa
1893 3563 2022 3636 [vel]
2062 3561 2212 3630 facit,

615 3643 702 3697 vel
731 3645 1043 3711 vendit,vel
1070 3645 1254 3702 habet.
1285 3646 1425 3704 Sunt
1451 3659 1632 3706 autem
1662 3653 1827 3706 etiam
1852 3669 2062 3707 venena
2093 3668 2216 3722 qua:

615 3747 836 3802 sanant,
858 3745 914 3793 et
941 3754 1063 3808 quae
1090 3743 1359 3796 amatoria
1387 3743 1671 3799 dicuntur.
1701 3745 1758 3799 Si
1787 3759 1915 3800 vero
1938 3746 2212 3817 quispiam

615 3828 745 3883 licet
789 3845 900 3885 non
946 3833 1093 3887 malo
1140 3835 1328 3889 animo
1372 3836 1586 3891 mulieri
1636 3838 2214 3896 medicamentum'ad

615 3923 1027 3992 conceptionem
1074 3925 1318 3993 dederit,
1351 3943 1526 3999 eaque
1575 3928 1664 4002 [ex
1707 3928 1797 4002 eo]
1844 3943 2060 3986 mortua
2109 3933 2212 3998 sit,

616 4013 910 4084 relegatur.
933 4014 1244 4091 [Similiter]
1265 4020 1430 4074 etiam
1454 4021 1982 4095 pigmentarius,qui
2009 4035 2216 4081 temere

615 4105 782 4161 alicui
823 4108 1082 4175 cit-utam,
1113 4111 1543 4178 salamandram,
1579 4115 1880 4183 aconitum,
1917 4118 2216 4188 pityocam-

614 4215 777 4270 pam,
815 4201 1136 4273 buprestum
1161 4247 1177 4274 ,
1217 4206 1676 4278 mandragoram,
1719 4217 1816 4264 aut
1858 4210 2216 4267 cantharidas

613 4293 847 4350 dederit.
1159 4288 1171 4302 “

692 4385 914 4445 Textus.
941 4388 1142 4461 Digest.
1177 4391 1264 4446 15.
1296 4391 1398 4460 Qui
1422 4394 1591 4450 vetita
1621 4395 1890 4452 sacriﬁcia
1922 4395 2075 4462 facit,
2101 4397 2217 4468 lege

619 4477 920 4554 [Cornelia]
972 4483 1040 4538 de
1089 4485 1307 4542 sicariis
1355 4494 1594 4542 tenetur.
1626 4486 1748 4543 Lib.
1783 4505 1974 4552 xum,
2005 4490 2089 4544 tit.
2124 4491 2212 4558 l9,

2321 3280 2543 3350 μετιὼν,
2600 3281 2902 3352 ἐρωτηθεὶς
2974 3282 3103 3352 εἴπῃ
3158 3280 3401 3348 κλέπτην
3456 3279 3550 3333 τὸν
3620 3281 3694 3350 μὴ
3759 3280 3894 3343 ὄντα,

2317 3373 2605 3427 ὑπόκειται
2631 3375 2750 3436 ταῖς
2779 3371 3060 3438 διατάξεσι
3094 3389 3105 3401 ·
3142 3371 3287 3442 βιϐλ.
3323 3371 3415 3443 μη¹
3439 3372 3547 3425 τίτ.
3578 3378 3654 3443 η’,
3702 3371 3799 3440 δίγ.
3837 3365 3893 3440 β’,

2315 3465 2394 3536 τῷ
2423 3466 2552 3536 περὶ
2581 3465 2784 3534 φονέων
2811 3465 2960 3536 νόμῳ
3008 3464 3318 3535 κατέχεται,
3353 3465 3381 3516 6
3411 3464 3500 3517 διὰ
3543 3464 3609 3518 τὸ
3655 3462 3896 3534 φονεῦσαι

2316 3558 2605 3629 ἄνθρωπον
2634 3559 2803 3612 ποιῶν
2834 3561 3148 3630 φάρμακον,
3175 3559 3214 3630 ἢ
3247 3559 3578 3629 πιπράσκων
3603 3601 3618 3624 ,
3664 3558 3697 3628 ἢ
3729 3557 3856 3628 ἔχων
3882 3572 3895 3585 ·

2317 3653 2424 3705 είσὶ
2441 3651 2498 3704 δὲ
2534 3653 2803 3722 φάρμακα
2825 3651 3016 3722 ὑγείαν
3048 3650 3407 3722 ἐμποιοῦντα,
3429 3653 3523 3704 καὶ
3551 3651 3624 3705 τὰ
3644 3651 3899 3720 λεγόμενα

2318 3743 2517 3816 φίλτρα
2547 3759 2560 3773 ·
2596 3744 2725 3798 εἰδὲ
2773 3745 2868 3798 καί
2915 3762 3000 3809 τις
3034 3743 3108 3815 μὴ
3156 3743 3314 3814 κακῷ
3363 3743 3617 3815 λογισμῷ
3658 3743 3900 3814 παράσχῃ

2318 3838 2542 3906 γυναικὶ
2585 3836 2985 3908 συλληπτικὸν,
3031 3839 3126 3892 καὶ
3177 3837 3494 3910 τελευτήσει
3559 3839 3595 3909 ὴ
3649 3835 3898 3899 λαϐοῦσα,

2318 3932 2618 4002 ὲξορίζεται
2644 3947 2660 3965 ο
2688 3931 2784 3984 καὶ
2823 3933 2850 3985 ὁ
2883 3931 3260 4002 πημεντάριος
3289 3931 3581 4004 προπετῶς
3607 3930 3780 3993 διδούς
3804 3945 3900 3982 τινι

2318 4022 2564 4086 κώνειον,
2609 4021 2643 4092 ἢ
2702 4021 3113 4093 σαλαμάνὸραν,
3135 4022 3407 4086 ἀκόνιτον,
3437 4022 3471 4093 ἢ
3496 4022 3902 4094 πιτυοκάμπην,

2319 4112 2738 4186 ἢβούόρωστιν,
2774 4114 2806 4184 ἢ
2840 4113 3224 4185 μανδραγόραν
3245 4154 3260 4180 ,
3297 4114 3330 4184 ἢ
3383 4114 3737 4185 κανθαρίδας.

2390 4397 2508 4466 Δίγ.
2550 4397 2639 4465 ιγ’,
2674 4399 2702 4451 6
2729 4399 2900 4452 ποιῶν
2943 4399 3137 4464 θυσίας
3172 4387 3654 4472 ἀπηγορευμένας,
3686 4400 3759 4472 τῷ
3787 4397 3900 4469 περὶ

2321 4496 2527 4560 φονέων
2567 4493 2889 4547 ὑπόκειται·
2929 4492 3071 4564 βιὸλ.
3116 4499 3228 4565 μηι,
3265 4493 3373 4549 τίτ.
3415 4491 3502 4556 ιϐ’,
3541 4493 3652 4563 δίγ.
3709 4491 3811 4564 κη’,
3856 4489 3898 4544 οἱ

617 4573 732 4643 dig.
767 4573 868 4640 28,
901 4553 1206 4634 Venenarii
1257 4581 1526 4653 dignitate
1568 4583 1782 4654 praediti
1833 4553 2212 4655 deportantur,

2322 4553 2608 4659 φαρμακοὶ
2633 4553 2994 4658 ἀξιωματικοὶ
3026 4553 3198 4651 ὄντες,
3217 4553 3719 4658 ’δεπορτατεύονται
3737 4553 3823 4639 ’.οἱ
3849 4583 3897 4636 δὲ

617 4666 817 4738 reliqui
848 4670 1024 4739 capite
1054 4674 1382 4742 puniuntur.
1412 4675 1614 4747 Digest.
1638 4675 1727 4730 38.
1751 4677 1854 4743 Qui
1884 4679 2216 4732 amatorium

621 4765 719 4812 aut;
749 4759 1052 4818 abortionis
1084 4765 1341 4834 poculum
1372 4767 1492 4822 sine
1518 4768 1646 4823 dolo
1673 4769 1822 4824 dedit
1853 4787 1866 4823 :
1900 4770 1944 4823 si
1972 4770 2094 4825 vilis
2125 4771 2215 4838 sit,

621 4847 676 4902 in
712 4851 992 4907 metallum
1029 4854 1323 4913 damnatur
1363 4878 1374 4912 :
1414 4861 1460 4915 si
1494 4860 1793 4929 honestus,
1827 4863 2030 4918 amissa
2063 4872 2219 4933 parte

621 4940 894 4998 bonorum
939 4947 1216 5020 relegatur
1260 4952 1354 5006 sed
1399 4951 1444 5006 si
1489 4955 1617 5022 quis
1657 4954 1785 5010 inde
1826 4963 2081 5012 mortuus
2122 4957 2217 5022 sit,

622 5049 900 5092 summum
933 5043 1266 5112 supplicium
1301 5045 1588 5116 inﬂigitur.

543 5235 547 5238 _
694 5152 845 5208 CAP.
874 5153 1070 5211 XXVI.
1111 5187 1174 5197 —
1216 5157 1293 5213 De
1332 5161 1588 5229 episcopis
1624 5169 1717 5215 aut
1758 5161 1966 5216 clericis
2004 5176 2218 5230 percus-

625 5244 832 5300 soribus
860 5248 936 5302 vel
959 5249 1263 5306 homicidia.

1011 5363 1388 5431 Apostolorum
1424 5381 1594 5421 canon
1638 5367 1730 5436 27,
1767 5367 1857 5424 66.

699 5452 767 5506 27
789 5451 924 5527 [28].
945 5453 1386 5527 Episcopum,ch
1407 5475 1456 5530 pi
1472 5461 1902 5534 cshyterum,vel
1923 5462 2216 5520 diaconum

629 5548 726 5618 qui
752 5549 1009 5604 verberat
1036 5566 1130 5606 eos
1159 5553 1250 5622 qui
1279 5565 1529 5624 peccant,
1556 5556 1640 5611 vel
1671 5556 1919 5613 inﬁdeles
1951 5557 2043 5628 qui
2081 5558 2221 5628 inju-

629 5643 767 5697 riam
793 5641 1062 5710 fecerunt,
1099 5655 1151 5700 et
1189 5661 1287 5718 per
1337 5646 1454 5704 haec
1500 5649 1610 5704 vult
1653 5657 1982 5718 perterrere,
2021 5651 2219 5721 deponi

626 5733 906 5802 iubemus.
951 5736 1220 5796 Dominus
1260 5741 1407 5795 enim
1443 5757 1545 5798 nos
1589 5758 1935 5813 nequaquam
1987 5745 2089 5798 hoc
2124 5746 2222 5799 do-

634 5827 775 5899 cuit;
817 5840 1005 5888 coutra
1047 5841 1229 5890 autem
1264 5834 1379 5906 ipsc
1412 5836 1748 5906 verberatus,
1788 5854 1896 5894 non
1935 5853 2221 5908 repercus-

2321 4677 2518 4744 λοιποὶ,
2554 4681 2636 4743 είς
2685 4678 2928 4750 κεφαλὴν
2966 4677 3339 4750 τιμωροῦνται
3373 4696 3387 4711 ο
3439 4680 3538 4733 καὶ
3585 4680 3695 4748 δίγ.
3747 4676 3897 4748 λη’,ό

2319 4770 2570 4834 δεδωκὼς
2599 4773 2752 4840 πόμα
2785 4772 2922 4842 πρὸς
2958 4771 3202 4840 φίλτρον,
3229 4770 3261 4841 ἢ
3295 4770 3443 4841 άμδλ
3459 4770 3710 4843 ωθρίδιον
3747 4767 3897 4840 χωρὶς

2319 4863 2497 4927 δόλου,
2538 4864 2752 4927 εὐτελὲς
2790 4863 2889 4933 μὲν
2913 4862 2988 4916 ὢν
3022 4862 3424 4934 μεταλλίζεταιο
3458 4864 3643 4934 τίμιος
3669 4863 3744 4927 δὲ,
3795 4860 3897 4925 ἐξο-

2324 4955 2533 5027 ρίζεται
2629 4955 2772 5027 μετὰ
2843 4956 3076 5027 μερικῆς
3146 4955 3512 5027 δημεύσεως·
3574 4955 3777 5027 ἐσχάτῃ
3848 4950 3896 5002 δὲ

2321 5047 2563 5120 τιμωρίᾳ
2591 5047 2880 5117 ἐπάγεται,
2917 5049 3014 5103 ὲάν
3040 5065 3124 5112 τις
3162 5049 3227 5102 ὲκ
3250 5049 3445 5102 τούτου
3476 5049 3792 5119 τελευτήσῃ.

2393 5165 2647 5218 ΚΕΦΑΛ.
2679 5162 2828 5232 KG'.
2861 5194 2932 5203 ——-
2972 5164 3112 5233 Περὶ
3155 5163 3506 5218 ἐπισκόπων
3537 5163 3578 5232 ἢ
3617 5157 3894 5230 acinprer

2322 5259 2672 5313 τυπτόντων
2723 5257 2762 5327 ἢ
2809 5257 3216 5327 φονευόντων.

2682 5372 3060 5427 Ἅποστόλων
3083 5370 3288 5427 κανὼν
3310 5370 3415 5437 κζ’,
3454 5370 3560 5437 εἰς’.

2395 5465 2498 5530 κζ’.
2541 5465 2895 5532 Ἐπίσκοπον,
2931 5465 2965 5534 ἢ
3013 5467 3409 5537 πρεσϐύτερον,
3445 5467 3478 5538 ἣ
3521 5465 3780 5525 διάκονον,
3811 5458 3891 5513 τύ-

2325 5578 2527 5615 πτοντα
2545 5563 2771 5625 πιστοὺς
2796 5561 3212 5632 ἁμαρτάνοντας
3231 5601 3245 5626 ,
3275 5561 3308 5631 ἢ
3339 5558 3604 5622 ἀπίστους
3636 5555 3892 5626 ἀδικήσαν-

2324 5673 2441 5719 τας,
2470 5655 2564 5708 καὶ
2594 5655 2682 5709 διὰ
2714 5655 2974 5709 τοιούτων
3013 5654 3201 5724 φοϐεῖν
3228 5653 3501 5721 ἐθέλοντα,
3537 5647 3889 5721 καθαιρεῖσθαι

2326 5747 2740 5820 προστάσσομεν
2769 5766 2780 5777 ·
2839 5746 3078 5817 οὐδαμοῦ
3113 5747 3220 5817 γὰρ
3253 5749 3280 5801 6
3335 5747 3536 5815 Κύριος
3566 5745 3720 5799 τοῦτο
3767 5739 3890 5810 ἡμᾶς

2327 5839 2529 5905 ἐδίδαξε
2559 5855 2570 5869 '
2624 5839 2933 5894 τούναντίον
2964 5839 3018 5893 δὲ
3054 5839 3215 5904 αὐτὸς
3247 5838 3600 5910 τυπτόμενος,
3636 5835 3730 5889 οὐκ
3758 5827 3888 5885 ἀντέ-
