4156 6438
289 414 401 478 709

1111 403 1517 469 SYNTAGMA
1556 395 1954 464 CANONUM.
1985 419 2054 430 -
2085 395 2235 457 TIT.
2279 396 2384 469 IX,
2422 395 2585 458 CAP.
2627 395 2838 457 XXVI.

3503 398 3609 461 770

291 545 466 585 τυπτε
501 543 514 556 ·
554 523 990 598 λοιδορούμενος,
1041 522 1143 576 οὐκ
1184 520 1547 590 ἀντελοιδόρει
1572 536 1586 551 ο
1647 517 1895 587 πάσχων,

2003 509 2104 578 sit;
2156 510 2466 566 maledictis
2497 510 2818 582 appetitus,
2884 509 3174 565 maledicta
3219 525 3327 566 non
3387 513 3604 581 retulit;

292 623 395 675 οὐκ
424 617 661 688 ἠπείλει.

365 711 474 780 ξς·’.
511 711 579 764 Εῖ
599 727 682 773 τις
734 706 999 780 κληρικὸς
1034 707 1094 759 ἐν
1139 703 1292 777 μάχῃ
1340 701 1465 755 τινά
1515 699 1760 771 κρούσει,
1806 695 1900 751 καὶ

292 809 404 863 ἀπὸ
454 805 548 859 τοῦ
607 804 725 867 ἐνὸς
775 802 1123 874 κρούσματος
1163 798 1498 859 ἀποκτείνει,
1528 792 1900 864 καθαιρείσθω

291 899 384 954 διὰ
410 899 509 970 τὴν
543 895 876 968 προπέτειαν
931 891 1137 950 αὐτοῦ’
1193 891 1290 946 ἐάν
1328 889 1388 943 δὲ
1417 886 1606 950 λαῖκὸς
1648 883 1706 958 ᾗ,
1763 885 1899 954 ἀφο-

298 991 552 1064 ριζέσθω.

290 1086 572 1142 Συνέδου
627 1082 679 1139 α’
715 1083 812 1138 καί
852 1083 914 1148 β’
962 1078 1488 1151 συγκροτηθείσης
1544 1075 1623 1130 ὲν
1656 1072 1737 1139 τῷ
1766 1069 1896 1151 καῷ

367 1157 488 1212 τῶν
515 1157 576 1211 Ἀ
586 1156 727 1226 γέων
753 1145 1140 1209 Ἀσίου-τόλὶυιῖ
1163 1154 1232 1207 ἐν
1252 1145 1901 1204 Κωνσταντινουπόλει

367 1227 569 1282 κανὼν
593 1227 660 1280 θ’.

368 1317 435 1374 θ’.
458 1316 566 1372 Τοῦ
606 1313 967 1372 ἀποστολικοῦ
997 1314 1094 1370 καὶ
1133 1313 1278 1368 θείου
1305 1311 1549 1375 κανόνος,
1578 1313 1705 1375 τοὺς
1736 1311 1902 1383 ἱερεῖς

292 1411 523 1466 τύπτειν
569 1409 988 1483 ἐπιχειροῦντας
1049 1407 1277 1472 πιστοὺς
1345 1406 1814 1476 ἁμαρτήσαντας,
1865 1404 1899 1476 ἢ

295 1506 562 1568 ἀπίστους
649 1503 1065 1572 ἀδικήσαντας,
1152 1499 1473 1570 καθαιρέσει
1549 1496 1901 1552 καθυποϐαλ-

291 1596 504 1663 λοντος,
545 1597 594 1648 οἱ
639 1593 730 1648 τὸν
774 1595 976 1647 οἰκεῖον
1021 1589 1463 1662 ἀποθεραπεύειν
1513 1589 1900 1660 μηχανώμενοι

297 1688 493 1760 θυμὸν,
531 1686 753 1750 καὶτὰς
811 1682 1173 1748 ἀποστολικάς
1208 1682 1483 1746 διατάξεις
1538 1681 1901 1753 παραχαράτο-

294 1800 501 1850 τοντες,
526 1785 653 1847 τοὺς
687 1781 1006 1854 αὐτοχειρίᾳ
1035 1779 1261 1834 τύπτειν
1286 1777 1728 1850 ἐπιχειροῦντας,
1763 1778 1898 1842 ἐξεισ

2003 604 2238 673 patiens,
2275 619 2384 658 non
2419 604 2663 660 minatus
2693 613 2798 658 est.

2075 695 2145 751 66
2178 694 2314 768 [64].
2358 695 2415 751 Si
2450 697 2577 768 quis
2613 696 2850 752 clericus
2881 695 2933 749 in
2965 711 3149 766 pugna
3197 696 3472 767 pulsatum
3503 698 3610 752 ali-

2004 803 2166 861 quem
2209 805 2318 844 uno
2379 789 2488 844 ictu
2523 789 2809 855 occiderit,
2844 788 3150 858 deponatur
3187 799 3410 860 propter
3443 806 3604 846 suam

2002 880 2400 952 proclivitatem
2437 888 2491 935 et
2525 879 2927 946 temeritatem;
2966 878 3014 934 si
3057 879 3232 934 laicus
3265 889 3606 952 segregetur.

2007 1067 2235 1123 Concilii
2286 1067 2446 1136 primi
2501 1076 2550 1121 et
2611 1066 2832 1120 secundi
2868 1065 3347 1136 Constantinopoli
3399 1068 3452 1122 in
3495 1065 3608 1124 atde

2301 1135 2626 1192 Sanctorum
2650 1135 3028 1207 Apostolorum
3058 1153 3230 1192 canon
3263 1136 3318 1193 9.

2075 1320 2127 1374 9.
2168 1318 2306 1375 Cum
2331 1317 2667 1389 apostolicus
2698 1326 2750 1374 et
2780 1332 2942 1375 sacer
2975 1334 3150 1375 canon
3207 1319 3603 1388 sacerdotes",

2003 1409 2098 1478 qui
2130 1409 2421 1463 verberare
2454 1405 2617 1477 293
2649 1407 3046 1477 aggrediuntur
3075 1447 3090 1471 ,
3135 1407 3217 1462 vel
3268 1408 3472 1474 ﬁdeles,
3508 1409 3605 1480 qui

2004 1513 2326 1576 peccarunt,
2361 1503 2446 1558 vel
2482 1503 2732 1558 inlideles
2760 1502 2853 1572 qui
2891 1500 3155 1571 injuriam
3179 1500 3457 1568 iecerunt,
3509 1503 3606 1559 dc-

2003 1596 2266 1667 positioni
2300 1594 2557 1663 subjiciat
2597 1613 2610 1650 :
2645 1594 2682 1649 ii
2713 1595 2806 1665 qui
2837 1610 2955 1649 suae
2998 1595 3093 1649 iraa
3126 1595 3331 1650 mederi
3358 1594 3604 1650 moliun-

2006 1693 2114 1753 tur,
2167 1695 2222 1740 et
2264 1684 2597 1756 apostolicos
2643 1684 3068 1740 constitutiones
3123 1685 3472 1756 detorquent,
3507 1701 3604 1741 eos

2006 1778 2413 1842 intellexerunt,
2437 1777 2532 1848 qui
2565 1793 2664 1832 sua
2705 1793 2870 1832 manu
2917 1777 3229 1846 verberant,
3262 1794 3363 1833 nec
3392 1793 3606 1834 canone

293 1871 502 1941 λήφασι
529 1887 544 1900 ’
599 1871 737 1942 μήτε
795 1869 890 1924 τοῦ
945 1870 1168 1930 κανόνος
1208 1867 1373 1938 μηδὲν
1407 1867 1653 1922 τοιοῦτον
1681 1869 1894 1938 ὑποση-

2003 1868 2108 1926 tale
2143 1871 2276 1941 quid
2310 1870 2674 1942 signiﬁcante,
2713 1885 2814 1925 nec
2859 1879 3008 1925 recta
3053 1870 3267 1926 ratione
3299 1871 3402 1927 hoc
3437 1872 3602 1926 intel-

299 1963 607 2032 μαίνοντος,
635 1965 777 2034 μήτε
804 1961 897 2016 τοῦ
922 1961 1090 2034 ὀρθοῦ
1121 1961 1284 2029 λόγου
1321 1962 1480 2015 τοῦτο
1503 1963 1642 2014 νοεῖν
1678 1961 1895 2030 ὲπιτρέ-

2001 1963 2165 2033 ligere
2240 1963 2610 2033 permittente.
2676 1960 2896 2017 Etenim
2952 1978 3144 2018 revera
3200 1964 3490 2032 ineptum,
3551 1973 3607 2020 et

295 2070 494 2121 ποντος
514 2072 530 2090 ο
572 2057 801 2128 μάταιον
817 2056 928 2127 γάρ
953 2054 1028 2118 ὡς
1051 2054 1268 2126 ἀληθῶς
1302 2055 1397 2108 καὶ
1425 2053 1543 2108 λίαν
1570 2051 1895 2122 ἐπισφαλὲς,

1999 2054 2158 2110 valde
2189 2054 2488 2121 lubricum,
2540 2055 2724 2125 utqui
2764 2071 2863 2112 sua
2905 2056 3128 2126 quidem
3173 2072 3340 2111 manu
3383 2067 3485 2124 ter,
3519 2058 3604 2113 vel

295 2149 390 2202 τὸν
423 2148 740 2221 αὐτοχειρίᾳ
779 2147 879 2220 μὲν
919 2151 976 2201 ἐν
1025 2147 1102 2220 τῷ
1143 2149 1370 2202 τύπτειν
1403 2147 1528 2219 τρὶς
1566 2147 1598 2218 ἢ
1639 2147 1898 2218 τετράκις

293 2239 600 2314 πλήξαντα,
627 2241 1006 2314 καθαιρεῖσθαι
1036 2258 1052 2274 σ
1077 2241 1262 2305 ἀδείας
1285 2241 1342 2295 δὲ
1371 2240 1654 2312 διδομένης
1673 2239 1898 2293 τύπτειν

288 2334 357 2400 ’ἐξ
397 2336 795 2408 ἐπιτάγματος,
826 2336 918 2390 τὸν
943 2334 1172 2406 ἀπηνῶς
1203 2334 1299 2388 καὶ
1333 2335 1498 2406 μέχρι
1537 2333 1772 2387 θανάτου
1797 2334 1898 2406 τὴν

293 2430 572 2502 τιμωρίαν
637 2429 966 2495 ἐπαύξοντα,
1051 2427 1401 2500 παρορᾶσθαι
1491 2426 1844 2500 ἀτιμώρητον
1878 2445 1895 2462 ο

295 2523 490 2594 διόπερ
520 2523 614 2577 τοῦ
647 2523 874 2587 κανόνος
926 2523 988 2576 τὸ
1038 2523 1266 2576 τύπτειν
1314 2521 1504 2586 ἁπλῶς
1553 2522 1895 2589 κολάζοντος,

296 2615 398 2670 καὶ
432 2617 598 2688 ἡμεῖς
652 2614 797 2669 οὕτω
849 2613 1318 2686 συμψηφιζὸμεθα
1348 2628 1362 2647 ⁸
1399 2615 1508 2686 χρὴ
1535 2613 1646 2686 γὰρ
1673 2615 1765 2668 τὸν
1801 2613 1896 2668 τοῦ

293 2706 438 2761 Θεοῦ
493 2706 666 2779 ίερέα,
721 2707 814 2760 καὶ
857 2706 1233 2771 διδασκαλίαις
1266 2707 1360 2761 καὶ
1387 2707 1718 2772 νουθεσίαις,
1780 2708 1895 2761 ἐσθ’

290 2798 390 2852 ὅτε
447 2797 504 2850 δὲ
551 2798 646 2851 καὶ
701 2799 813 2861 τοῖς
864 2797 1343 2868 ἐκκλησιαστικαῖς
1414 2798 1735 2868 ἐπιτιμίοις,
1807 2798 1898 2853 τὸν

292 2888 644 2943 ἀτακτοῦντα
696 2888 1070 2958 παιδαγωγεῖν
1108 2907 1124 2922 '
1179 2889 1318 2945 ἀλλά
1377 2891 1452 2962 μὴ
1503 2895 1624 2954 ταῖς
1679 2891 1898 2962 μάστιξι

290 2980 398 3035 xui.
426 2983 543 3046 ταῖς
573 2981 830 3053 πληγαῖς,
853 2982 935 3045 είς
956 2981 1026 3035 τά
1053 2980 1162 3036 τῶν
1188 2981 1494 3054 ἀνθρώπων
1520 2984 1750 3054 σώματα
1776 2985 1898 3038 ἐπι-

290 3074 480 3145 πηδᾷν
507 3087 520 3100 '
550 3075 600 3128 εί
631 3073 686 3127 δέ
715 3091 860 3138 τινες
890 3069 1001 3129 εἷεν
1030 3074 1313 3139 παντελῶς
1353 3077 1893 3143 ἀνυποτακτοῦντες,

289 3173 396 3225 καὶ
414 3168 493 3240 τῷ
545 3169 913 3242 σωφρονισμῷ
963 3169 1074 3223 τῶν
1110 3170 1405 3241 ἐπιτιμίων
1444 3171 1519 3242 μὴ
1553 3172 1894 3238 ὑπείκοντες,

286 3263 523 3326 τούτους
554 3262 644 3317 διὰ
668 3262 770 3333 τῆς
798 3262 938 3334 πρὸς
966 3263 1094 3326 τοὺς
1141 3263 1284 3316 κατά
1310 3243 1403 3317 τόν
1432 3263 1599 3317 τόπον
1628 3266 1898 3335 ἄρχοντας

285 3357 634 3427 ἐγκλήσεως,
680 3357 852 3421 οὐδεὶς
883 3355 1082 3410 κωλύει
1121 3356 1556 3427 σωφρονίζεσθαι
1583 3375 1597 3388 ’
1645 3359 1735 3410 καὶ
1791 3358 1900 3428 γὰρ

286 3449 444 3504 καὶὸ
494 3449 593 3518 τῆς
647 3449 704 3504 ἐν
754 3449 1056 3519 Ἀντιοχείᾳ
1089 3447 1309 3500 συνόδου
1374 3448 1626 3518 πέμπτος
1686 3445 1896 3516 κανὼν,

285 3544 426 3605 τοὺς
457 3539 822 3612 θορυϐοῦντας
857 3542 952 3594 καὶ
982 3540 1199 3603 στάσεις
1227 3541 1293 3610 τῇ
1336 3539 1636 3612 Ἐκκλησία
1667 3557 1897 3611 παρεισ-

285 3637 551 3706 άγοντας,
572 3634 663 3690 διά
690 3635 790 3706 τῆς
847 3631 1050 3699 ἔξωθεν
1081 3632 1267 3704 χειρὸς
1301 3633 1618 3686 ἐκανόνισεν
1649 3634 1901 3705 ἐπιστρέ-

283 3729 514 3802 φεσθαι.
935 3782 940 3788 ,

755 3824 1084 3879 Βασιλείαν
1117 3823 1319 3878 κανὼν
1350 3831 1444 3878 νεν.

373 3923 467 3972 νεν.
491 3917 554 3971 Ol
577 3917 693 3981 τοῖς
716 3915 944 3988 λῃσταῖς
969 3917 1408 3984 ἀντεπεξιόντες,
1446 3917 1553 3982 ἔξω
1589 3915 1691 3988 μὲν
1722 3916 1901 3982 ὄντεςς

283 4015 398 4086 τῆς
425 4014 711 4078 κοινωνίας
768 4015 1046 4082 εἴργονται
1093 4013 1188 4068 τοῦ
1246 4013 1458 4084 ἀγαθοῦ
1486 4032 1499 4046 ·
1540 4013 1797 4087 κληρικοὶ
1840 4016 1900 4070 δὲ

284 4107 470 4172 ὄντες,
501 4105 594 4161 τοῦ
635 4106 848 4179 βαθμοῦ
881 4107 1306 4179 καθαιροῦνται·
1337 4107 1466 4175 Πᾶς
1493 4108 1627 4178 γάρ,
1662 4110 1900 4182 φησὶν,ὁ

284 4200 498 4257 λαϐὼν
516 4199 840 4272 μάχαιραν,
882 4201 954 4255 ἐν
999 4202 1269 4271 μαχαίρᾳ
1313 4201 1718 4258 ἀποθανεῖται.

377 4292 443 4348 Ἦ
475 4294 521 4365 β’
558 4295 801 4362 διάταξις
849 4293 947 4348 τοῦ
987 4301 1037 4347 α’
1069 4294 1176 4348 τίτ.
1215 4294 1327 4348 τῶν
1379 4293 1636 4367 Νεαρῶν,
1686 4295 1899 4364 ἀπαγο-

290 4386 449 4462 ρεύει
487 4386 589 4458 μὲν
609 4388 726 4449 τοῖς
755 4384 1080 4450 ἐπισκόποις
1123 4385 1385 4458 πλήττειν
1409 4387 1599 4458 χερσὶν
1625 4387 1855 4452 οἰκείαις
1879 4405 1895 4421 ο

287 4482 396 4553 οὐχ
431 4480 603 4551 ὥρισε
633 4480 694 4535 δέ
723 4480 918 4550 ποινήν
949 4495 961 4508 ·
1001 4478 1241 4549 γενικῶς
1297 4479 1354 4533 δὲ
1404 4479 1536 4551 περὶ
1572 4479 1777 4544 παντὸς
1806 4479 1898 4532 τύ-

2000 2155 2195 2217 quater
2227 2148 2585 2218 percusserit,
2604 2147 2936 2218 deponatur,
2969 2149 3096 2204 data
3127 2157 3312 2205 autem
3344 2149 3607 2207 facultate

1996 2240 2157 2310 jussu
2190 2240 2540 2306 verberandi,
2577 2255 2702 2296 eum
2736 2241 2830 2311 qui
2858 2242 3198 2305 immaniter,
3232 2253 3287 2298 et
3327 2260 3502 2314 usque
3536 2245 3605 2300 ad

2001 2342 2236 2388 mortem
2294 2333 2628 2403 supplicium
2700 2333 3016 2389 indicturus
3087 2344 3197 2402 est,
3270 2337 3494 2407 impune
3547 2338 3604 2392 id

1998 2424 2144 2482 ferre
2174 2426 2388 2498 negligi.
2426 2426 2794 2494 Quamobrem
2843 2442 3054 2483 canone
3095 2429 3274 2498 ipsum
3313 2431 3604 2487 verberare

2001 2519 2255 2574 absolute
2310 2519 2594 2589 puniente,
2646 2535 2748 2574 nos
2800 2535 3024 2591 quoque
3064 2521 3228 2575 simul
3275 2538 3400 2577 cum
3432 2537 3498 2577 eo
3529 2523 3604 2578 ita

1999 2613 2367 2668 decernimus.
2395 2611 2622 2682 Oportet
2669 2613 2819 2668 enim
2873 2613 2966 2669 Dei
3005 2615 3349 2670 sacerdotem
3388 2616 3603 2672 doctri-

1999 2704 2106 2768 nis,
2167 2713 2221 2758 et
2279 2704 2787 2768 admonitionibus,
2846 2719 3245 2775 nonnunquam
3312 2717 3495 2762 autem
3548 2717 3604 2762 et

2001 2797 2179 2867 pcenis
2218 2798 2504 2853 canonicis
2551 2814 2675 2854 eum
2711 2799 2803 2868 qui
2840 2813 2900 2854 se
2950 2799 3273 2855 immodeste
3331 2811 3385 2855 et
3451 2802 3602 2858 inso-

1999 2890 2175 2945 lenter
2204 2891 2364 2961 gerit,
2402 2891 2712 2954 instituere,
2741 2891 2835 2945 sed
2879 2907 2990 2946 non
3031 2891 3283 2961 ﬂagellis,
3322 2902 3378 2948 et
3406 2894 3600 2949 verbe-

2000 2983 2153 3039 ribus
2186 2984 2239 3037 in
2273 2985 2565 3039 hominum
2607 2999 2840 3054 corpora
2879 2985 3167 3040 insultare.
3198 2983 3256 3040 Si
3293 2987 3386 3056 qui
3417 2997 3600 3042 autem

2001 3085 2128 3133 sunt
2188 3093 2396 3134 morem
2443 3077 2672 3132 omnino
2729 3095 2837 3132 non
2893 3088 3162 3149 gerentes,
3216 3087 3271 3133 et
3306 3095 3596 3150 poenarum

2001 3171 2332 3227 correctioni
2387 3187 2497 3226 non
2553 3172 2833 3238 cedentes,
2868 3187 2963 3227 eos
3017 3187 3114 3242 per
3149 3174 3492 3228 vocationem
3533 3172 3602 3226 ad

2002 3264 2122 3334 ejus
2187 3263 2289 3319 loci
2348 3264 2704 3333 magistratus
2773 3278 2934 3317 nemo
2999 3262 3260 3334 castigari
3323 3263 3598 3334 prohibet.

2001 3356 2356 3414 Antiochenae
2385 3358 2532 3413 enim
2575 3357 2769 3430 synodi
2803 3373 2980 3412 canon
3010 3357 3064 3422 5,
3092 3372 3299 3428 eosque
3333 3356 3604 3414 tumultus

2002 3454 2245 3510 excitant
2273 3463 2326 3509 et
2357 3452 2658 3508 seditiones
2712 3453 2764 3506 in
2798 3449 3048 3507 Ecclesia
3083 3451 3464 3518 introducunt,
3503 3466 3602 3522 per

2004 3562 2232 3602 manum
2269 3555 2551 3602 externam
2583 3544 2830 3601 converti
2859 3556 3118 3616 oportere
3145 3544 3358 3600 statuit.

2540 3806 2736 3862 Basilii
2763 3822 2938 3861 canon
2968 3805 3056 3862 55.

2073 3903 2164 3959 55.
2201 3901 2304 3969 Qui
2347 3901 2402 3956 in
2445 3900 2688 3955 latrones
2721 3916 2787 3956 ex
2821 3900 3056 3956 adverso
3088 3897 3367 3962 feruntur,
3405 3897 3450 3953 si
3485 3898 3600 3953 sint

2002 3996 2224 4068 quidem
2255 3995 2402 4060 laici,
2435 4009 2465 4048 a
2491 3994 2621 4049 boni
2649 3993 3044 4049 communione
3067 4006 3364 4059 arcentur;
3397 3993 3443 4046 si
3470 4008 3602 4048 vero

2003 4089 2210 4153 clerici,
2247 4102 2277 4142 a
2304 4086 2476 4158 gradu
2515 4085 2873 4155 dcjiciuntur.
2909 4084 3163 4155 Quisquis
3186 4086 3347 4150 enim,
3379 4084 3582 4153 inquit,

2002 4183 2244 4257 gladium
2269 4181 2495 4251 accepit,
2524 4180 2706 4252 gladio
2734 4179 2949 4249 peribit.

2076 4276 2294 4332 Textus.
2328 4273 2565 4330 Conslit.
2611 4273 2676 4339 2,
2715 4274 2798 4327 tit.
2841 4273 2866 4326 1
2917 4269 3268 4325 Navellarum
3322 4267 3602 4339 episcopis

2001 4369 2224 4442 quidem
2286 4367 2545 4422 manibus
2599 4366 2714 4422 suis
2771 4373 3058 4436 percutere
3117 4361 3372 4432 prohibet
3424 4379 3437 4415 :
3503 4360 3599 4415 sed

2001 4463 2169 4538 294
2220 4477 2442 4534 poenam
2494 4476 2607 4515 non
2654 4458 2866 4514 deﬁnit.
2909 4456 3254 4514 Generaliter
3298 4463 3482 4510 autem
3531 4454 3602 4510 de

289 4545 522 4636 πτοντος
577 4572 611 4645 ἧ
640 4545 978 4644 ὑϐρίζοντος,
1092 4571 1376 4635 πολιτικὸς
1426 4545 1654 4643 διορίζει
1685 4572 1847 4644 νόμος
1876 4589 1890 4604 ⁸

2002 4572 2336 4630 quocunque
2374 4555 2466 4626 qui
2513 4552 2764 4609 verberat
2802 4550 2885 4605 vel
2931 4548 3188 4619 injuriam
3234 4547 3388 4612 facit,
3421 4545 3602 4603 civilis

290 4665 440 4738 βιϐλ.
480 4664 588 4737 μζν,
625 4663 732 4719 τίτ.
770 4662 820 4727 ι’,
854 4663 1036 4719 κανὼν
1063 4662 1208 4734 βιϐλ.
1246 4663 1291 4716 θ’
1325 4661 1422 4716 τοῦ
1445 4661 1576 4718 κώδ.
1617 4661 1727 4717 τίτ.
1761 4661 1831 4728 α’,
1868 4665 1898 4716 ὁ

287 4756 470 4820 διδοὺς
529 4754 652 4810 κατ’
675 4756 856 4810 αὐτῶν
883 4755 984 4827 τὴν
1019 4755 1149 4828 περὶ
1187 4754 1399 4826 ὕϐρεως
1431 4753 1689 4826 ἀγωγὴν,
1720 4755 1756 4826 ἦ
1811 4773 1898 4820 τις

289 4850 390 4904 καὶ⁵
414 4847 780 4920 χρηματικῶς
815 4850 1047 4902 κινεῖται
1080 4847 1176 4902 καὶ¹
1196 4847 1643 4918 ὲγκληματικῷς,
1675 4847 1896 4918 γραφῆς

289 4943 719 5016 ἁποτιθεμένης,
764 4943 860 4995 καὶ
877 4939 1108 5011 διορίζει
1137 4940 1265 4994 ποία
1294 4941 1412 4994 ἐστὶ
1441 4942 1674 5011 τραχεῖα
1706 4939 1892 5012 ὕϐρις,

289 5037 426 5093 ποία
453 5037 512 5092 δὲ
541 5037 755 5108 ἐλαφρά
786 5050 801 5065 ·
835 5034 966 5104 περί⁸
997 5034 1054 5088 δέ
1079 5034 1258 5105 φόνων
1279 5033 1433 5088 διαλα
1445 5032 1639 5103 μϐάνει
1661 5035 1690 5086 ό
1718 5031 1892 5103 η’τίτ.

287 5130 389 5186 τοῦ
421 5129 513 5202 μη¹
553 5129 696 5201 βιὸλ.
742 5128 838 5182 καὶ
884 5129 913 5182 ὁ
973 5127 1048 5191 ις¹
1082 5126 1188 5181 τίτ.
1223 5125 1318 5180 τοῦ
1356 5126 1400 5180 θ’
1435 5126 1579 5197 βιϐλ.
1613 5124 1707 5179 τοῦ
1758 5125 1889 5183 κὼδ.

290 5223 535 5276 Γίνωσκε
563 5221 621 5274 δὲ
650 5220 735 5274 ὅτι
756 5223 784 5274 ὀ
808 5219 968 5290 φόνος
1003 5218 1113 5272 ἀπὸ
1137 5210 1238 5288 τῆς
1263 5217 1559 5282 διαθέσεως
1582 5220 1890 5284 σκοπεῖται,

291 5316 342 5368 εί
376 5316 579 5368 σκοπὸν
610 5312 734 5382 ἔσχε
768 5311 1030 5381 φονεῦσαι
1056 5327 1070 5341 '
1118 5310 1242 5363 ὅθεν
1267 5309 1416 5363 ἔστιν
1440 5309 1651 5381 εὑρεῖν,
1679 5311 1761 5364 ὃτι
1796 5310 1892 5363 καὶ

291 5412 321 5464 ὁ
349 5407 560 5479 πλήξας
617 5406 738 5478 μὲν,
803 5405 882 5475 μὴ
925 5405 1195 5472 φονεύσας
1242 5403 1332 5468 δὲ,
1372 5403 1446 5466 ὼς
1476 5405 1673 5473 φονεὺς
1717 5420 1892 5474 τιμω·

291 5505 471 5576 ρεϊται
504 5516 518 5532 ο
550 5501 644 5554 καὶ
676 5500 704 5552 ό
763 5498 1033 5568 φονεύσας
1065 5496 1125 5550 ού
1179 5497 1506 5566 τιμωρεῖται
1556 5496 1629 5560 ὡς
1670 5499 1886 5566 φονεὺς,

291 5595 389 5649 ὲάν
423 5594 584 5665 μόνον
632 5592 870 5664 ἠθέλησε
920 5590 1126 5659 πλῆξαι
1161 5607 1175 5621 ⁸
1212 5591 1245 5660 ἡ
1280 5589 1337 5642 δὲ
1375 5589 1598 5660 τοιαύτη
1647 5588 1889 5653 διάθεσις

294 5687 578 5740 σκοπεῖται
604 5684 712 5738 ἀπὸ
744 5682 841 5738 τοῦ
866 5683 1170 5754 πλήξαντος
1213 5680 1448 5752 ὀργάνου
1484 5697 1497 5712 ·
1523 5683 1618 5736 καὶ
1646 5680 1763 5734 ἔστι
1790 5681 1886 5735 τοῦ

296 5777 396 5848 μὲν
439 5775 692 5831 ἑκουσίου
737 5778 924 5847 φόνου,
989 5775 1083 5829 ἐπὶ
1124 5773 1225 5846 μὲν
1251 5773 1472 5844 ἐντίμου
1502 5773 1883 5843 φονεύσαντος,

292 5868 660 5942 δεπορτατίων
686 5867 781 5924 καὶ
809 5869 990 5922 τελεία
1029 5867 1297 5940 δήμευσις
1319 5883 1332 5898 ·
1365 5865 1456 5920 ἐπὶ
1503 5865 1559 5920 δὲ
1588 5867 1697 5920 τῶν
1727 5867 1883 5920 εὐτε-

2002 4653 2085 4706 lex
2127 4650 2350 4716 statuit,
2383 4648 2476 4702 lib.
2512 4659 2658 4700 XLVII
2679 4683 2694 4706 ,
2724 4644 2806 4698 tit.
2841 4641 2938 4710 i0;
2985 4641 3081 4696 lib.
3113 4656 3199 4704 Ix,
3228 4641 3310 4694 tit.
3338 4637 3440 4703 '55,
3473 4637 3600 4692 cod.

2001 4747 2141 4803 dans
2203 4743 2467 4800 adversos
2530 4739 2655 4794 illos
2714 4735 3044 4808 injuriarum
3105 4732 3420 4794 actionem,
3475 4743 3600 4800 quae

1999 4837 2249 4911 deposita
2279 4836 2552 4904 scriptura
2586 4841 2698 4887 tum
2729 4828 3046 4898 pecnnarie,
3089 4835 3200 4880 tum
3235 4823 3600 4880 criminaliter

2001 4931 2331 4987 instituitur.
2357 4927 2489 4996 Quae
2512 4925 2677 4982 etiam
2704 4920 2838 4995 [lex]
2865 4918 3174 4990 cuiusmodi
3208 4916 3410 4988 injuria
3436 4925 3597 4970 atrox

1998 5025 2104 5088 sit,
2151 5019 2462 5091 cujusmodi
2520 5015 2692 5080 levis,
2751 5011 3100 5068 determinat.
3161 5007 3236 5063 De
3301 5007 3596 5062 homicidia

1999 5127 2183 5172 autem
2223 5124 2419 5168 tractat
2465 5111 2554 5164 tit.
2591 5112 2644 5174 1,
2675 5107 2772 5161 lib.
2808 5120 3000 5170 XLVIII,
3033 5111 3087 5158 et
3119 5097 3260 5173 [tit.]
3293 5101 3377 5165 16,
3407 5099 3501 5153 lib.
3537 5113 3593 5152 Ix

1997 5210 2118 5265 cod.
2147 5207 2301 5264 Scias
2332 5219 2485 5271 vero,
2511 5200 2659 5273 quod
2687 5197 3047 5254 homicidium
3079 5210 3144 5249 ex
3177 5192 3374 5246 allectu
3405 5191 3593 5247 consi-

1994 5303 2239 5358 deretur.
2286 5297 2444 5353 Unde
2492 5293 2738 5349 invenire
2787 5297 2903 5355 est,
2946 5287 3091 5359 quod
3146 5286 3237 5358 qui
3293 5285 3592 5356 percussit,

1995 5397 2211 5453 tametsi
2249 5410 2354 5448 non
2386 5390 2624 5453 occidit,
2655 5395 2713 5442 ut
2750 5384 3025 5441 homicida
3061 5391 3244 5436 tamen
3281 5379 3539 5450 puniatur
3575 5393 3590 5430 :

1991 5499 2047 5546 et
2085 5488 2178 5559 qui
2221 5484 2454 5547 occidit,
2487 5481 2654 5536 modo
2697 5486 2916 5533 tantum
2964 5481 3250 5544 percutere
3293 5470 3496 5531 voluit,
3534 5476 3594 5559 ut

1991 5558 2269 5638 homicida
2302 5594 2410 5633 non
2439 5575 2723 5647 puniatur.
2751 5570 2930 5640 Atque
2973 5563 3282 5622 istiusmodi
3318 5558 3588 5634 [quidem]

1990 5677 2221 5732 allectus
2251 5689 2316 5728 ex
2350 5671 2740 5732 instrumento,
2773 5681 2884 5735 quo
2915 5674 3236 5733 percussuro
3270 5669 3378 5721 est,
3405 5654 3592 5710 consi-

1988 5773 2233 5828 deratur.
2283 5767 2556 5824 Caeterum
2617 5758 2914 5818 voluntarii
2972 5751 3257 5810 homicidii
3316 5763 3476 5818 paena
3532 5747 3587 5802 in

1990 5865 2240 5923 honestis
2271 5869 2355 5920 est
2383 5856 2715 5931 dcportatio,
2746 5863 2801 5912 et
2831 5849 3080 5909 omnium
3115 5848 3386 5903 bonorum
3409 5839 3590 5915 publi-
