4156 6434
618 393 716 458 771
1791 399 2057 460 ΡΗΟΤΙΙ
2097 401 2213 462 PA'J

2319 404 2374 463 [Α
2385 405 2607 466 ΒΟΠίΕ
2646 409 2755 468 CP.

2517 177 2529 206 \

3822 425 3918 490 772

616 508 766 562 catio
795 525 809 562 :
846 507 900 560 in
939 505 1260 574 humilibus,
1285 516 1344 561 ut
1371 506 1552 577 gladio
1580 514 1633 561 et
1660 504 1851 562 bestiis
1879 508 2166 564 tradantur
2199 528 2213 566 :

2319 516 2450 578 λῶν,
2479 517 2622 586 ξίφει
2647 519 2742 572 καὶ
2760 519 2970 593 θηρίοις
3003 522 3378 597 ύποδληθῆναι
3405 544 3418 558 ·
3445 530 3538 584 ἐπὶ
3567 532 3622 586 δὲ
3647 535 3744 588 τοῦ
3772 543 3908 594 κατὰ

616 601 672 654 in
710 615 775 654 eo
806 600 898 671 qui
933 616 1027 669 per
1059 600 1446 671 negligentiam
1482 600 1600 656 sive
1635 600 1949 655 socordiam
1989 603 2216 668 occidit,

615 692 1032 762 quinquennale
1077 693 1356 748 exsilium.
1403 690 1460 746 ln
1504 707 1614 746 non
1663 693 1982 748 voluntario
2031 703 2214 749 autem

615 786 777 840 venia
809 785 993 840 datur.
1020 785 1160 840 Cum
1191 784 1358 855 igitur
1379 783 1447 840 de
1477 784 1778 839 homicidio
1805 800 2043 856 qurercs,
2071 788 2220 858 legas

615 878 797 936 dictos
847 879 1034 935 titulos
1081 895 1205 934 cum
1258 880 1502 949 ipsorum
1551 879 1842 948 paratitlis.
1877 879 2092 934 Dictum
2136 890 2221 936 est

615 979 798 1026 autem
843 969 1169 1041 generaliter
1209 969 1304 1024 lib.
1337 984 1496 1033 xum,
1529 970 1612 1024 tit.
1642 969 1729 1034 l9,
1760 971 1957 1041 digest.
1989 972 2041 1037 5,
2072 973 2218 1041 quod

613 1063 668 1118 in
695 1064 952 1119 omnibus
978 1063 1305 1118 criminibus
1334 1064 1504 1134 quatri
1533 1074 1823 1134 oporteat,
1857 1067 2216 1133 consultone,

615 1173 684 1211 an
723 1172 856 1212 casu
901 1156 1158 1230 [aliquid]
1203 1157 1508 1212 admissum
1562 1157 1664 1222 sit,
1697 1169 1863 1226 atque
1904 1159 1977 1212 ita
2020 1169 2115 1214 aut
2149 1158 2218 1216 ad

614 1249 787 1320 legem
832 1257 927 1303 aut
963 1249 1239 1304 mitiorem
1283 1265 1505 1320 ptenam
1547 1249 1759 1304 inferri.
1793 1251 1861 1305 Et
1895 1251 2092 1322 digest.
2129 1252 2213 1317 ll,

614 1340 764 1410 quod
795 1340 1000 1410 aliquis
1030 1341 1317 1413 delinquat
1340 1353 1435 1398 aut
1465 1344 1769 1414 proposito,
1799 1354 1856 1398 ut
1890 1345 1984 1414 qui
2026 1345 2216 1399 factio-

609 1448 735 1488 nem
776 1433 984 1489 excitat
1025 1453 1038 1487 :
1087 1443 1182 1490 aut
1228 1435 1457 1505 impetu,
1489 1445 1550 1490 ut
1591 1435 1684 1506 qui
1731 1435 1906 1490 iratus
1945 1446 2028 1492 est
2069 1456 2080 1491 :
2125 1447 2219 1491 aut

610 1541 779 1594 casu,
814 1537 873 1581 ut
920 1528 1015 1598 qui
1065 1528 1120 1582 in
1165 1529 1460 1585 venatione
1504 1529 1560 1584 in
1608 1529 1783 1585 feram
1834 1528 1993 1602 [telo]
2045 1529 2218 1586 misso

607 1618 890 1674 hominem
915 1620 1138 1675 occidit.

678 1708 841 1780 295
871 1709 1024 1764 CAP.
1079 1709 1297 1766 XXVII.
1354 1742 1426 1751 —
1473 1711 1552 1766 De
1607 1712 1864 1782 episcopis
1917 1722 1967 1766 et
2007 1713 2215 1767 clericis

608 1802 956 1866 aleatoribus,
1020 1812 1114 1857 aut
1164 1803 1412 1869 ebriosis,
1460 1813 1553 1858 aut
1606 1804 2033 1875 spectaculorum
2098 1818 2216 1858 stu-

2325 608 2585 679 βλακείαν
2655 613 2825 683 ἡγουν
2884 615 3150 686 ἀμέλειαν
3213 619 3560 690 φονεύοντος,
3615 632 3912 704 πενταετὴς

2321 702 2534 774 ὲξορίαο
2570 705 2667 758 επὶ
2703 706 2762 759 δὲ
2822 706 2918 760 τοῦ
2970 709 3256 774 ἀκουσίου,
3313 715 3611 790 συγγνώμη
3672 702 3911 777 δίδοται·

2322 793 2503 866 ζητῶν
2527 791 2622 850 οὖν
2661 798 2790 868 περὶ
2825 799 3002 866 φόνων
3024 841 3039 864 ,
3075 803 3419 872 ἀναγίνωσκε
3437 809 3566 872 τοὺς
3589 810 3909 882 εἰρημένους

2320 888 2426 943 τίτ.
2463 890 2560 942 σὺν
2583 893 2698 956 τοῖς
2725 891 2907 947 αὐτῶν
2936 897 3312 967 παρατίτλοις.
3365 901 3597 974 Εἴρηται
3616 905 3676 959 δὲ
3695 910 3914 977 γενικῶς

2323 980 2466 1052 βιόλ.
2520 990 2635 1054 μη’,
2679 983 2784 1040 τίτ.
2845 987 2929 1054 ιθ’,
2963 988 3072 1057 δίγ.
3105 987 3168 1057 ε’,
3199 993 3281 1044 ὅτι
3316 995 3374 1048 ὲν
3405 996 3543 1048 πᾶσι
3581 1000 3698 1062 τοῖς
3729 1002 3913 1075 ἐγκλήο

2325 1091 2457 1145 μασι
2515 1077 2597 1129 δεῖ
2653 1077 2858 1148 ζητεῖν,
2906 1082 2971 1135 ἐκ
3024 1085 3286 1154 προνοίας
3347 1084 3500 1158 τίςῆ
3558 1093 3704 1146 κατὰ
3753 1094 3910 1166 τύχην

2320 1166 2559 1237 ἥμαρτε,
2592 1169 2686 1222 καὶ
2724 1169 2898 1235 οὕτως
2928 1171 2960 1242 ἢ
3015 1175 3147 1246 πρὸς
3184 1177 3276 1230 τὸν
3328 1178 3514 1249 νόμον,
3545 1181 3580 1252 ἢ
3608 1184 3911 1256 πραοτέραν

2321 1261 2592 1332 τιμωρίαν
2617 1263 2904 1338 ἐπιφέρειν
2935 1281 2950 1298 ο
2983 1269 3080 1322 καὶ
3135 1269 3242 1340 δίγ.
3293 1278 3395 1339 ια’,
3447 1274 3584 1346 ὄτιῆ
3630 1276 3742 1330 ἀπὸ
3784 1296 3908 1349 προ-

2321 1353 2470 1416 νοίας
2502 1356 2810 1426 ἁμαρτάνει
2839 1377 2924 1422 τις
2953 1402 2966 1426 ,
2996 1359 3074 1426 ὡς
3097 1363 3124 1415 ὁ
3164 1365 3402 1434 φατρίαν
3439 1369 3710 1422 συνιστῶν
3857 1373 3909 1438 ἐξ

2320 1445 2511 1517 ὀργῆς,
2588 1447 2664 1513 ὡς
2729 1451 2758 1502 ὁ
2830 1449 3213 1521 θυμούμενος·
3267 1458 3300 1529 ἢ
3366 1459 3509 1513 κατὰ
3567 1461 3776 1532 τύχην.
3840 1464 3907 1528 ὡς

2319 1539 2348 1592 ὁ
2387 1540 2445 1591 ὲν
2494 1539 2636 1610 θήρᾳ
2685 1543 2825 1594 κατὰ
2867 1543 3061 1615 θηρίου
3119 1546 3284 1617 ῥίψας
3331 1550 3428 1604 καὶ
3489 1551 3760 1621 φονεύσας
3821 1555 3906 1609 άνο

2323 1627 2566 1702 θρωπον.

2390 1725 2642 1779 ΚΕΦΑΛ.
2683 1725 2808 1782 ΚΖ’.
2837 1760 2908 1768 -
2930 1731 3068 1799 Περὶ
3110 1732 3461 1788 ἐπισκόπων
3487 1736 3588 1790 καὶ
3621 1737 3907 1805 κληρικῶν

2320 1818 2718 1885 κυϐευόντων,
2746 1820 2784 1889 ἢ
2797 1824 3288 1894 μεθυσκομένων,
3321 1827 3358 1895 ἢ
3388 1828 3552 1894 θέαις
3579 1832 3905 1899 παρεμϐαλ-

607 1894 799 1958 diosis,
830 1897 1109 1950 bustorum
1141 1895 1530 1966 expilatoribus
1557 1898 1794 1967 furibus,
1825 1899 2076 1967 per-juris,
2120 1899 2213 1966 [az-

2319 1909 2590 1977 λόντων,
2631 1914 3212 1984 τυμϐωριιμὺντων,
3269 1920 3678 1981 κλεπτόντων.
3721 1921 3904 1987 ἐπιορ-

607 1988 964 2056 neratoribus,
997 1998 1091 2042 aut
1111 1990 1494 2059 sesquialteras
1514 1991 1922 2060 accipientibus,
1946 2002 2038 2045 aut
2065 1991 2218 2044 aliud

611 2089 766 2152 turpe
799 2079 1009 2134 lucrum
1049 2082 1151 2135 sibi
1192 2083 1638 2154 excogitantibus.

908 2173 1290 2241 Apostolorum
1320 2191 1545 2229 canones
1585 2177 1679 2241 25,
1712 2175 1802 2244 42,
1828 2176 1922 2232 45.

679 2264 751 2320 25
794 2264 934 2338 [2i].
974 2265 1302 2337 Episcopus,
1344 2268 1429 2323 vel
1459 2269 1764 2340 presbyter,
1804 2269 1889 2322 vel
1926 2268 2214 2336 diaconus,

607 2357 1014 2423 fornicationis,
1045 2359 1128 2415 vel
1177 2361 1428 2431 perjurii,
1461 2361 1545 2417 vel
1575 2361 1708 2417 furti
1742 2362 2052 2427 convictus,
2080 2371 2213 2429 etc.,

610 2460 670 2505 ut
708 2468 832 2523 pag.
869 2451 993 2508 745.

680 2545 753 2600 ιε
787 2541 925 2617 [ll].
985 2543 1291 2616 Episcopus
1333 2546 1417 2602 vel
1476 2547 1761 2619 presbyter
1813 2552 1899 2606 vel
1948 2551 2215 2607 diaconus

605 2635 744 2693 aleis
797 2647 852 2692 et
914 2636 1273 2694 ebrietatibus
1323 2655 1526 2696 vacans
1574 2641 1659 2696 vel
1700 2654 1902 2710 cesset,
1929 2645 2013 2700 vel
2040 2645 2213 2715 depo-

607 2739 802 2787 natur.

676 2825 748 2880 45
799 2823 937 2897 (42].
977 2823 1431 2894 llvpodiaconus,
1469 2826 1555 2882 vel
1608 2827 1782 2884 lector
1811 2830 1892 2885 vel
1922 2842 2114 2886 cantor
2141 2830 2215 2885 si-

2323 2003 2614 2068 κούντων,
2643 2004 3014 2069 τοκιζόντων,
3045 2007 3082 2077 ἢ
3101 2013 3539 2079 λαμϐανόντων
3558 2015 3902 2084 ήμιολίας,ἣ

2321 2093 2530 2165 ἕτερον
2555 2095 2794 2162 ἑαυτοῖς
2826 2099 3087 2167 αἰσχρὸν
3111 2101 3519 2158 ἐπινοούντων
3549 2105 3784 2173 κέρδος.

2586 2191 2965 2248 Ἀποστόλων
2997 2195 3200 2248 κανὼν
3229 2195 3327 2262 κε’,
3364 2198 3479 2269 μβ’.
3519 2207 3636 2269 μγ’.

2394 2289 2492 2337 κε’.
2543 2284 2895 2351 Ἐπίσκοπος,
2933 2287 2964 2356 ἢ
2995 2288 3372 2360 πρεσϐύτερος
3399 2331 3412 2354 ,
3455 2291 3487 2362 ἢ
3518 2292 3790 2359 διάκονος,
3824 2295 3904 2348 ἐπὶ

2322 2375 2628 2448 πορνείᾳ,ἢ
2671 2379 2951 2450 ἐπιορκία,
2982 2380 3014 2450 ἦ
3071 2381 3246 2453 κλοπῇ
3274 2382 3457 2450 ἁλοὺς,
3494 2403 3548 2440 κ.
3571 2403 3625 2440 τ.
3656 2387 3708 2441 λ.

2392 2558 2502 2630 μβ’.
2531 2558 2884 2627 Ἐπίσκοπος,
2907 2561 2940 2631 ἢ
2965 2561 3235 2633 πρεσϐύτε
3247 2565 3410 2636 ρος,ἢ
3439 2566 3710 2632 διάκονος,
3734 2568 3903 2632 κύϐοις

2319 2651 2601 2722 σχολάζων
2680 2653 2776 2708 καὶ
2859 2653 3095 2724 μέθαις,
3161 2656 3194 2728 ἢ
3258 2658 3585 2726 παυσάσθω,
3639 2661 3673 2731 ἢ
3730 2662 3901 2715 καθαι-

2319 2746 2538 2817 ρείσθω.

2392 2847 2503 2910 μγ’.
2547 2840 2953 2908 ’Υποδιάκονος,
2994 2843 3026 2914 ἢ
3075 2843 3453 2917 ἁναγνώστης,
3496 2845 3530 2917 ἢ
3586 2846 3794 2917 ψάλτης
3841 2849 3900 2901 τὰ

606 2920 761 2975 milia
809 2920 1041 2984 iaciens,
1078 2921 1163 2974 vel
1189 2929 1388 2986 ;cesset
1421 2921 1514 2976 vel
1558 2934 1896 2994 segregetur.
1929 2927 2120 2981 Itidem
2160 2934 2213 2980 et

2319 2933 2476 3003 ὅμοια
2515 2934 2713 3000 ποιῶν,
2751 2935 3118 3006 ἣπαυσάσθω
3157 2938 3190 3009 ἢ
3232 2939 3619 3011 ἁφοριζέσθω·
3655 2940 3899 3003 ὡσαύτως

607 3011 806 3068 laicus.

1009 3101 1194 3158 Concil
1202 3104 1238 3157 ii
1264 3101 1313 3157 Ν
1322 3103 1475 3158 ἱεαεηί
1502 3121 1671 3160 canon
1709 3107 1800 3161 l7.

2316 3027 2411 3080 καὶ
2455 3026 2664 3091 λαῖκὸς.

2654 3124 2928 3181 Συνόδου
2963 3129 3215 3196 Νικαίας
3245 3129 3449 3184 κανὼν
3483 3129 3572 3196 ιζ’.

680 3215 1060 3284 i7.Quoniam
1084 3217 1246 3273 multi
1271 3218 1365 3288 qui
1386 3219 1443 3273 in
1471 3235 1685 3277 canone
1700 3231 2060 3279 recensentur
2079 3234 2208 3294 etc.,

696 3327 797 3332 μ..-
849 3309 956 3332 ’91η

2392 3239 2481 3304 ιζ’.
2553 3239 2778 3310 Ἐπειδὴ
2862 3241 3048 3298 πολλοὶ
3121 3245 3181 3297 ὲν
3208 3246 3229 3316 ζ
3255 3245 3334 3317 τῷ
3404 3247 3597 3301 κανόνι
3667 3246 3897 3315 ἐξεταζό-

608 3319 668 3364 ut
694 3327 817 3382 pag.
849 3309 975 3367 747.

903 3403 1133 3460 Concilii
1155 3403 1449 3460 Laodiceni
1479 3424 1706 3462 canones
1743 3409 1798 3475 Ai,
1829 3409 1921 3465 5i.

679 3497 734 3553 4.
765 3498 888 3554 Non
912 3507 1167 3568 Oportere
1197 3499 1482 3554 hominem
1532 3512 1812 3557 sacratum
1862 3503 2123 3569 fenerari,
2160 3513 2214 3559 et

611 3608 813 3648 usuras
843 3600 898 3647 et
924 3607 1047 3663 quae
1073 3591 1335 3648 dicuntur
1374 3595 1769 3662 scsquialteras
1794 3597 2069 3666 accipere.

680 3685 771 3740 54.
804 3685 962 3753 Quod
995 3700 1102 3738 non
1133 3695 1351 3756 oportet
1379 3696 1626 3742 sacratos
1659 3697 1714 3742 et
1757 3690 1990 3744 clericos
2019 3690 2072 3744 in
2109 3707 2212 3744 nu-

608 3777 740 3847 ptiis
789 3777 871 3830 vel
907 3775 1177 3832 conviviis
1226 3776 1408 3846 aliqua
1459 3779 1771 3847 spectacula
1815 3781 2210 3850 contemplari,

609 3869 704 3924 sed
736 3869 1058 3939 priusquam
1107 3866 1488 3940 ingrediantur
1529 3869 1840 3940 thymelici,
1889 3885 2112 3941 surgere
2161 3878 2216 3926 et

608 3960 889 4017 secedere.

2139 4032 2199 4054 ι..

719 4073 888 4145 296
916 4072 1144 4130 Concilii
1175 4073 1608 4145 Carthaginensis
1639 4091 1868 4130 canones
1900 4075 1957 4142 5,
1990 4075 2078 4131 16.

1238 4165 1317 4221 De
1338 4167 1586 4222 avaritia.

688 4281 754 4337 5.-
775 4282 1030 4339 Aurelius
1057 4283 1352 4354 cpiscopus
1378 4284 1549 4354 dixit}:
1571 4284 1831 4340 Avaritia:
1855 4285 1974 4356 (12)
2006 4287 2218 4356 cupidi-

619 4384 724 4439 tas,
753 4393 920 4446 quatu
965 4393 1150 4432 rerum
1195 4379 1443 4432 omnium
1483 4379 1755 4434 malarum
1803 4393 2031 4435 matrem
2071 4397 2214 4444 esse,

2321 3349 2494 3404 μενοι.

2533 3427 2805 3483 Συνόδου
2847 3431 3203 3498 Λαοδικείας
3249 3432 3450 3487 κανὼν
3477 3434 3541 3498 δ’,
3583 3436 3677 3489 νδ’.

2387 3521 2451 3575 δ’.
2486 3523 2623 3592 Περὶ
2681 3521 2775 3575 τοῦ
2830 3523 2906 3594 μὴ
2954 3523 3064 3578 δεῖν
3118 3527 3430 3597 ἱερατικοὺς
3477 3527 3766 3592 δανείζειν,
3815 3525 3896 3579 καὶ

2317 3613 2512 3678 τόκους
2555 3615 2774 3678 καὶτὰς
2829 3616 3136 3686 λεγομένας
3173 3619 3430 3688 ἡμιολίας
3482 3618 3800 3691 λαμϐάνειν.

2389 3704 2480 3759 νδ’.
2509 3705 2634 3758 ’Ότι
2666 3706 2726 3759 ού
2752 3705 2834 3759 δεῖ
2861 3708 3170 3778 ίερατικοὺς
3203 3708 3234 3777 ἢ
3272 3707 3575 3780 κληρικούς
3597 3727 3750 3772 τινας
3775 3713 3896 3762 θεω-

2321 3797 2441 3869 ρίας
2482 3796 2712 3868 θεωρεῖν
2754 3801 2812 3851 ὲν
2849 3799 3053 3868 γάμοις
3108 3801 3139 3870 ἦ
3173 3801 3438 3865 δείπνοις,
3491 3803 3632 3856 ἀλλά
3671 3803 3775 3872 πρὸ
3815 3799 3896 3854 τοῦ

2318 3890 2664 3960 εἰσέρχεσθαι
2700 3891 3052 3962 θυμελικοὺς,
3087 3895 3402 3966 ἐγείρεσθαι
3425 3897 3627 3964 αὐτοὺς
3653 3898 3746 3952 καὶ
3786 3899 3900 3950 ἁνα-

2319 3987 2520 4057 χωρείν
2579 3985 2816 4043 ἐκεῖθεν.

2520 4098 2793 4154 Συνόδου
2838 4102 3265 4172 Καρθαγέννης
3316 4104 3518 4160 κανὼν
3545 4114 3609 4173 ε’,
3646 4107 3739 4171 ις’.

2814 4194 2959 4262 Περὶ
2999 4195 3368 4263 ἀπληστίας.

2391 4283 2454 4337 ε’.
2489 4283 2758 4356 Αὐρήλιος
2805 4287 3107 4352 ἐπίσκοπος
3135 4283 3290 4343 εἶπεν
3309 4307 3322 4321 ·
3359 4291 3470 4362 Τὴν
3498 4291 3603 4363 τῆς
3620 4291 3896 4364 ἀπληστίας

2321 4377 2483 4431 ἐπιθυ
2493 4377 2642 4448 μίαν,
2675 4379 2742 4448 ἦν
2761 4379 2982 4434 πάντων
2999 4381 3109 4434 τῶν
3130 4383 3315 4436 κακῶν
3335 4385 3550 4456 μητέρα
3581 4382 3718 4439 εἶναι
3743 4385 3896 4445 οὐδεὶς

612 4483 777 4523 nemo
815 4469 910 4537 qui
956 4468 1069 4540 (15)
1123 4469 1355 4534 dubitet,
1395 4471 1625 4540 proinde
1659 4471 1954 4526 inhibenda
1996 4483 2101 4536 est,
2150 4487 2213 4527 ne

2321 4469 2680 4540 ἀμφιϐάλλει,
2731 4470 2849 4524 δέον
2874 4472 3114 4542 ἐπέχειν,
3141 4474 3229 4527 ἵνα
3265 4475 3338 4545 μή
3368 4493 3450 4538 τις
3479 4479 3593 4541 τοῖς
3617 4474 3894 4546 ἀλλοτρίοις

608 4560 736 4628 quis
793 4559 1002 4616 alienos
1055 4560 1192 4617 ﬁnes
1220 4571 1449 4632 usurpet
1499 4563 1638 4633 (M),
1667 4572 1764 4618 aut
1789 4580 1886 4634 per
1926 4566 2213 4635 praemium

2322 4566 2471 4635 ὅροις
2521 4563 2957 4636 κατακέχρηται,
2997 4567 3074 4636 μὴ
3109 4566 3166 4619 δὲ
3197 4568 3286 4620 ἵνα
3320 4567 3407 4620 διὰ
3434 4569 3626 4641 κέρδος
3653 4569 3774 4631 τοὺς
3801 4565 3894 4619 τῶν

607 4652 878 4707 terminos
909 4650 1134 4707 Patrum
1175 4664 1415 4710 statutos
1441 4657 1815 4720 transcendat,
1851 4673 1950 4714 nec
1986 4660 2213 4713 omnino

2321 4630 2584 4730 Ilatépwv
2627 4630 2788 4732 δρούς
2831 4630 2920 4724 τις
2956 4630 3288 4733 ὑπερϐαίνῃ,
3324 4663 3398 4734 μὴ
3424 4664 3481 4717 δὲ
3504 4630 3626 4720 ’ἵνα
3652 4630 3893 4724 παντοίως

607 4745 1250 4820 cuiquamkclericorum
1301 4748 1462 4804 liceat
1517 4748 1586 4804 de
1638 4749 1885 4820 qualibet
1942 4765 2002 4806 re
2048 4750 2210 4807 fenus

609 4817 1262 4911 acciperer-Quanquam
1327 4842 1557 4896 novellae
1633 4843 2042 4914 suggestiones,
2092 4861 2216 4915 quae

609 4931 697 4983 vel
741 4929 992 4985 obscura:
1035 4942 1184 4995 sunt,
1214 4933 1299 4989 vel
1334 4934 1438 4988 sub
1465 4949 1664 5004 genere
1687 4934 1858 4990 latent
1885 4935 1997 5006 (15)
2030 4937 2215 5006 inspe-

2324 4753 2431 4805 τινὶ
2468 4750 2721 4823 κληρικῷ
2764 4752 2884 4820 ὲξὸν
2933 4753 3018 4824 είη
3065 4754 3174 4808 ἀπὸ
3231 4757 3550 4827 οίουδήποτε
3596 4761 3894 4831 πράγματος

2314 4845 2475 4898 τόκον
2526 4845 2869 4916 λαμϐάνειν·
2927 4848 3024 4902 καὶ
3067 4850 3134 4902 τὰ
3186 4850 3286 4920 μὲν
3311 4853 3508 4905 νεωστὶ
3565 4849 3892 4922 ἀνενεχθέντα

2314 4934 2545 5007 ἀμαυρά
2585 4935 2716 4990 ὄντα
2756 4938 2852 4991 καὶ
2878 4938 3117 4992 καθόλου
3170 4939 3523 5008 λανθάνοντα,
3571 4941 3890 5010 σκοπούμενα

612 5029 716 5077 ctaa
738 5038 768 5076 a
807 5022 967 5079 nobis
998 5022 1232 5080 fortnam
1274 5027 1548 5095 accipiant
1580 5043 1594 5080 :
1627 5037 1886 5081 caeterum
1921 5028 1987 5083 de
2013 5030 2213 5099 quibus

2320 5027 2452 5097 παρ’
2481 5029 2642 5097 ἡμῶν
2670 5030 3114 5103 ’τυιιτωθήσονται⁸
3143 5034 3272 5104 περὶ
3295 5034 3352 5088 δὲ
3383 5029 3458 5089 ὧν
3499 5030 3887 5108 φανερώταταή

609 5115 958 5184 apertissime
979 5117 1164 5173 divina
1196 5116 1480 5188 Scriptura
1511 5122 1715 5185 sanxit,
1745 5136 1852 5174 non
1881 5130 1966 5176 est
1992 5121 2213 5178 ferenda

2319 5120 2441 5175 θεία
2459 5122 2653 5195 Γραφὴ
2677 5124 2993 5188 ἐθέσπισεν,
3013 5127 3074 5180 ού
3094 5126 3548 5198 δεῖψηφίζεσθαι·
3565 5128 3700 5183 ἀλλὰ
3715 5124 3888 5196 μᾶλλον

609 5209 906 5275 sententia,
947 5211 1042 5266 sed
1077 5211 1261 5281 potius
1293 5213 1664 5282 exsequenda.
1699 5212 1933 5270 Proinde
1950 5217 2117 5287 [quod
2152 5217 2204 5271 in

614 5295 772 5353 laicis
802 5301 1246 5370 reprehenditur,
1291 5302 1342 5357 id
1393 5304 1566 5358 multo
1614 5306 1789 5375 magis
1818 5306 1980 5362 debet
2009 5307 2062 5362 in
2089 5310 2202 5365 cle-

2314 5215 2582 5270 ἕπεσθαιο
2634 5217 2946 5283 ἀκολούθως
2976 5220 3085 5290 γὰρ
3117 5221 3179 5274 τὸ
3223 5223 3282 5273 ὲν
3310 5221 3520 5286 λαῖκοῖς
3567 5219 3884 5292 ἐπιλήψιμον,

2314 5310 2496 5382 πολλῷ
2526 5314 2730 5383 μᾶλλον
2766 5316 2825 5368 ὲν
2864 5313 3150 5383 κληρικοῖς
3189 5317 3396 5384 ὀφείλει
3431 5311 3884 5378 καταδικάξεσθαι.

613 5392 745 5446 ricis
812 5393 1205 5462 przedamnari.
1259 5394 1590 5451 Universum
1656 5398 1955 5453 concilium
2056 5401 2239 5456 dixit:
2277 5402 2450 5460 Nemo
2525 5417 2718 5462 contra
2771 5409 3094 5480 prophetas,
3149 5425 3313 5466 nemo
3371 5420 3565 5467 contra
3619 5404 3880 5477 Evangelia

617 5481 749 5540 facit
778 5486 897 5540 sine
923 5486 1170 5556 periculo
1195 5489 1330 5560 (16).

607 5668 620 5720 '.
830 5660 934 5738 bis.
968 5662 1214 5719 Avaritia
1247 5673 1300 5719 et
1327 5667 1618 5738 cupiditas.

715 5734 796 5807 lii)
829 5733 931 5807 bis.
973 5751 1135 5789 nemo
1168 5737 1315 5807 quis.

681 5802 1074 5882 (MLCitatur
1129 5802 1200 5861 in'
1239 5810 1442 5882 concil.
1501 5809 1840 5882 Aquisgran.
1894 5813 2027 5867 anni
2079 5814 2204 5870 789.

614 5883 738 5945 cap.
770 5874 860 5929 '55.
886 5873 980 5931 Est
1012 5892 1080 5933 ex
1101 5880 1308 5936 concil.
1346 5873 1604 5952 Carthag’.
1630 5873 1735 5941 su'b
1761 5880 1930 5941 Grato
1958 5902 2048 5942 an.
2076 5888 2209 5943 518.

2329 5690 2452 5730 can.
2486 5675 2552 5729 10
2583 5684 2636 5730 et
2667 5677 2755 5732 15.

2550 5747 2732 5826 llis.__al
2762 5751 2846 5826 vel
2880 5751 2982 5808 sub
3011 5751 3234 5826 diverso
3259 5770 3480 5826 genere.

2320 5899 2374 5946 et
2391 5819 2522 5947 gllbg_
2540 5821 2615 5876 at.
2642 5819 2744 5881 Ms.
2765 5824 2882 5882 sine
2903 5840 3005 5880 suo
3025 5819 3289 5895 periculo,
3318 5838 3376 5884 ut
3404 5831 3460 5886 in
3490 5825 3676 5884 concil.
3698 5824 3869 5882 Illiber-

2453 5908 2465 5946 ι
2509 5908 2545 5947 Ι.

2453 5908 2545 5947 ιυι.
