4156 6436
311 457 412 522 7⁷73

1059 447 1468 510 SYNTAGMA
1507 444 1902 508 CANONUM.
1935 470 2004 479 -
2033 443 2181 503 TiT.
2230 443 2333 516 1X,
2377 443 2538 504 CAP.
2578 439 2821 504 XXVII.

3512 443 3618 504 774

383 571 567 625 Ὥστε
623 564 860 635 μηδένα
910 562 1274 625 ἐπίσκοπον,
1317 559 1356 628 ἢ
1402 558 1835 628 πρεσϐύτερον,
1869 557 1906 625 ἣ

2090 552 2158 607 Ut
2206 554 2387 608 nullus
2421 555 2718 623 episwpus,
2759 556 3029 624 presbyter
3088 565 3136 608 et
3185 555 3441 612 diaconus
3492 577 3618 613 con-

312 663 615 726 διιίκονον,
647 657 918 726 ἐκληψίν
944 672 1080 709 τινα
1101 654 1453 724 λαμϐάνειν,
1501 670 1556 706 κ.
1590 670 1639 706 τ.
1675 651 1726 704 λ.

365 762 476 822 ις’.
528 751 763 823 Ὁμοίως
793 752 1028 822 ἤρεσεν,
1063 749 1152 801 ἵνα
1207 748 1498 800 ἐπίσκοποι
1532 744 1626 798 καὶ
1666 741 1909 813 πρεσϐύ-

313 864 461 919 τεροι
537 846 634 898 καὶ
703 843 987 909 διάκονοι,
1061 840 1401 912 ἐκλήπτορες
1459 837 1534 909 μὴ
1618 834 1902 904 γίνωνται.

313 959 366 994 κ.
396 956 446 993 τ.
483 938 535 992 λ.

312 1031 578 1088 Συνόδου
607 1025 1031 1099 οἱκουμενικῆς
1058 1025 1238 1094 ἕκτης
1272 1021 1474 1078 κανὼν
1492 1020 1545 1085 ι’,
1578 1027 1683 1090 κγ’,
1713 1019 1813 1083 κδ’,
1841 1018 1902 1074 ν’.

375 1125 426 1180 ι’.
470 1124 818 1186 Ἐπίσκοπος,
842 1119 876 1191 ἢ
902 1118 1296 1191 πρεσϐύτερος,
1326 1117 1359 1189 ἢ
1390 1116 1658 1182 διάκονος,
1689 1115 1904 1180 τόκους,

313 1235 366 1277 κ.
393 1235 443 1272 τ.
469 1216 519 1270 λ.

389 1307 498 1378 κγ’.
533 1308 668 1380 Περί¹
694 1307 789 1361 τοῦ
815 1306 1018 1379 μηδένα
1051 1305 1166 1360 τῶν
1199 1295 1312 1357 εἴτε
1352 1299 1666 1356 ἐπισκόπων
1702 1298 1735 1370 ἢ
1769 1314 1905 1368 πρε-

315 1403 612 1474 σϐυτέρων,
643 1418 698 1456 κ.
730 1419 784 1456 τ.
808 1402 861 1458 λ.

388 1495 489 1552 κδ’.
513 1497 606 1566 Μὴ
657 1493 863 1561 ἐξέστω
893 1495 1002 1549 τινὶ
1041 1493 1152 1549 τῶν
1201 1495 1259 1547 ἐν
1292 1487 1556 1563 ίερατικῷ
1609 1487 1906 1557 καταλεγο-

314 1588 490 1660 μένων
522 1591 788 1660 τάγματι,
838 1589 872 1661 ἢ
905 1588 1179 1660 μοναχῶν,
1233 1589 1288 1640 ἐν
1333 1582 1716 1655 ἱπποδρομίαις
1755 1584 1903 1635 ἀνιέ-

313 1699 419 1748 ναι,
452 1680 823 1754 ἥθυμελικῶν
877 1683 1146 1752 παιγνίων
1205 1679 1536 1751 ἀνέχεσθαι·
1572 1675 1688 1729 ἀλλ’
1729 1677 1778 1728 εἰ
1812 1674 1903 1727 καί

310 1791 394 1839 τις
423 1774 686 1846 κληρικὸς
707 1775 934 1848 κληθείη
975 1777 1033 1828 ἐν
1065 1776 1251 1846 γάμῳ,
1277 1773 1444 1842 ἡνίκα
1473 1771 1518 1824 δ’
1546 1771 1612 1825 ἂν
1653 1769 1721 1822 τὰ
1767 1768 1904 1837 πρὸς

312 1866 529 1936 ἀπάτην
572 1866 870 1920 είσέλθοιεν
894 1866 1144 1934 παίγνια,
1190 1865 1540 1933 ἐξαναστήτω
1572 1861 1667 1914 καὶ
1701 1877 1907 1929 παραυ-

2017 648 2206 700 ductor
2236 647 2486 711 exsistat,
2526 656 2656 713 etc.,
2695 656 2751 700 ut
2783 663 2905 717 pag.
2948 647 3077 701 550.

2089 739 2178 794 16.
2213 740 2344 795 Item
2381 740 2589 810 placuit
2647 748 2706 795 ut
2761 741 3028 810 episcopi,
3063 741 3367 812 presbyteri
3399 751 3454 797 et
3501 721 3620 798 dia-

2017 835 2143 891 coni
2172 852 2280 890 non
2309 837 2420 890 sint
2452 835 2846 901 conductores,
2875 846 3005 900 etc.,
3040 845 3096 888 ut
3132 853 3257 907 pug.
3285 836 3414 891 550.

2124 1019 2350 1074 Coucilii
2376 1021 2680 1074 woumenici
2703 1035 2756 1074 νι
2787 1037 3013 1075 canones
3052 1022 3133 1087 10,
3167 1023 3260 1088 25,
3299 1021 3392 1087 24,
3422 1023 3509 1076 50.

2089 1114 2176 1168 10.
2224 1112 2552 1184 Episcopus,
2595 1115 2901 1187 presbyter,
2943 1115 3024 1170 vel
3050 1116 3319 1170 diaconus
3360 1117 3454 1187 qui
3483 1132 3619 1172 usu-

2015 1223 2127 1270 ras,
2158 1215 2286 1272 etc.,
2317 1215 2374 1260 ut
2405 1224 2528 1277 pag.
2559 1207 2683 1261 750.

2085 1301 2176 1356 25.
2214 1299 2278 1352 lit
2301 1301 2486 1356 nullus
2516 1301 2633 1356 sive
2652 1302 2972 1372 episcopus,
3006 1302 3122 1357 sive
3155 1303 3460 1374 presbyter,
3484 1312 3615 1368 etc.,

2015 1406 2070 1451 ut
2105 1413 2228 1466 pag.
2254 1394 2378 1451 515.

2085 1488 2174 1543 24.
2201 1487 2278 1544 Ne
2306 1489 2395 1544 cui
2427 1487 2590 1543 liceat
2616 1503 2830 1552 eorum,
2857 1488 2950 1558 qui
2984 1487 3036 1541 in
3067 1487 3392 1542 sacerdotali
3421 1487 3616 1541 ordine

2012 1588 2430 1647 enumerantur,
2467 1579 2551 1633 vel
2587 1582 3010 1645 monachorum,
3043 1578 3098 1633 in
3136 1593 3403 1647 equorum
3441 1579 3622 1632 curri-

2013 1673 2153 1728 culis
2181 1673 2344 1744 297
2371 1671 2695 1737 subsistere,
2728 1672 2812 1727 vel
2847 1673 3099 1728 scenicos
3130 1671 3285 1726 ludos
3320 1673 3617 1726 sustinere.

2015 1766 2122 1824 Sed
2163 1778 2217 1823 et
2251 1769 2295 1822 si
2329 1769 2454 1839 quis
2497 1768 2734 1824 clericus
2767 1768 2831 1822 ad
2870 1768 3088 1835 nuptias
3121 1777 3367 1830 vocetur,
3399 1767 3621 1838 quando

2014 1861 2082 1916 ad
2109 1861 2488 1932 deceptionem
2518 1869 2836 1932 comparata
2875 1861 3084 1916 ludicra
3117 1860 3364 1932 ingressa
3392 1859 3622 1921 fuerint,

311 1957 437 2012 τίκα
459 1958 833 2030 ἀναχωρείτω,
862 1957 1007 2012 οὕτω
1026 1958 1125 2028 τῆς
1157 1956 1420 2026 Πατέρων
1447 1954 1604 2024 ἡμῶν
1635 1968 1908 2023 προστατ-

2015 1966 2206 2026 surgat
2252 1965 2307 2010 et
2345 1956 2614 2021 discedat,
2653 1954 2878 2010 Patrum
2924 1966 3238 2011 nostrorum
3276 1954 3356 2009 sic
3398 1953 3624 2022 jubenle

312 2049 513 2120 τούσης
568 2049 962 2113 διδασκαλίας·
997 2052 1046 2104 εἰ
1101 2050 1158 2105 δέ
1191 2067 1276 2112 τις
1295 2049 1390 2102 ἐπί
1445 2047 1624 2116 τοῦτῳ
1688 2043 1823 2115 ἁλῷ,
1873 2043 1907 2114 ἢ

313 2142 619 2198 παυσάσθω
642 2143 675 2214 ἢ
709 2141 1105 2214 καθαιρείσθω.

382 2235 448 2291 ν’.
471 2236 697 2307 Μηδένα
719 2234 830 2290 τῶν
854 2235 1112 2289 ἁπάντων
1141 2233 1250 2288 εἴτε
1271 2232 1479 2288 λαῖκῶν
1505 2230 1615 2286 εἴτε
1633 2230 1912 2303 κληρικῶν

315 2325 572 2380 κυϐεύειν
614 2325 724 2380 ἀπὸ
756 2324 851 2378 τοῦ
888 2326 984 2380 νῦν
1012 2341 1024 2354 ’
1072 2326 1120 2379 εί
1172 2325 1230 2378 δέ.
1265 2343 1350 2389 τις
1382 2323 1593 2378 τοιοῦτο
1629 2322 1912 2395 φωραθείη

315 2421 595 2489 πράττων,
629 2420 678 2472 εί
713 2419 816 2490 μὲν
859 2419 1121 2490 κληρικὸς
1155 2418 1266 2490 εἴη,
1299 2417 1702 2490 καθαιρείσθω’
1756 2418 1806 2470 εἰ
1855 2417 1913 2471 δὲ

312 2510 524 2580 λαϊκδς,
560 2510 935 2583 ἀφοριζέσθω.

574 2701 851 2758 Συνόδου
877 2702 1131 2769 Νικαίας
1161 2701 1229 2756 τὸ
1257 2700 1318 2768 ,ϐ’
1342 2703 1546 2757 κανὼν
1574 2702 1636 2756 δ’.

385 2795 530 2866 Περὶ
584 2796 693 2852 τοῦ
726 2796 1062 2867 ἀπέχεσθαι
1103 2795 1246 2863 τοὺς
1296 2796 1676 2862 ἐπισκόπους
1710 2795 1915 2863 πάσης

308 2891 720 2960 δοσοληψίας.

378 2979 449 3037 δ’.
499 2982 557 3035 '0
587 2978 764 3053 κῆρυξ
791 2982 892 3052 τῆς
920 2981 1184 3054 ἀληθείας
1209 2981 1442 3050 Παῦλος,
1477 3000 1533 3038 κ.
1565 3002 1614 3037 τ.
1647 2983 1696 3038 λ.

665 3075 997 3129 Βασιλείου
1027 3075 1230 3128 κανὼν
1262 3082 1316 3140 ι’,
1360 3075 1442 3141 ιδ’,
1479 3075 1565 3142 ιζ’.

384 3171 441 3220 ι’.
479 3167 544 3221 Οἱ
591 3167 890 3237 ὀμνύοντες
919 3168 1020 3242 ῖμὴ
1068 3169 1468 3241 καταδέχεσθαι
1513 3171 1614 3241 τὴν
1669 3188 1916 3243 χειροτο-

310 3260 456 3326 νίαν,
489 3278 546 3316 κ.
572 3279 624 3316 τ.
657 3262 709 3317 λ.

383 3351 472 3406 ιδ’.
517 3351 577 3405 Ὀ
610 3353 805 3416 τόκους
831 3352 1150 3424 λαμϐάνων,
1189 3355 1285 3407 ἐὰν
1312 3355 1678 3426 καταδέξηται
1705 3355 1765 3409 τὸ
1799 3356 1913 3411 ἄδι-

310 3461 410 3499 κον
454 3444 649 3514 κέρδος
696 3446 778 3509 εἰς
827 3446 1079 3517 πτωχοὺς
1127 3447 1430 3512 ἀναλῶσαι,
1464 3448 1559 3501 καὶ
1592 3448 1688 3501 τοῦ
1722 3447 1912 3501 λοιποῦ

306 3536 402 3591 τοῦ
429 3537 740 3609 νοσήματος
769 3538 867 3610 τῆς
899 3539 1338 3610 φιλοχρηματίας
1378 3541 1763 3612 ἀπαλλαγῆναι
1789 3584 1803 3608 ,
1833 3541 1917 3595 δε-

306 3631 439 3695 κτός
467 3633 615 3686 ἐστιν
647 3633 728 3696 εἰς
762 3632 1087 3704 ἱερωσύνην.

382 3723 476 3790 ιζ’.
523 3725 847 3797 Ἦρώτησας
881 3727 1032 3797 ἡμᾶς
1084 3726 1215 3798 περὶ
1244 3727 1507 3800 Βιάνορος
1537 3729 1631 3783 τοῦ
1671 3728 1916 3800 πρεσϐυ-

307 3817 498 3890 τέρου,
531 3820 581 3870 εἰ
613 3818 805 3883 δεκτός
836 3820 987 3872 ἐστιν
1016 3820 1096 3882 εἰς
1128 3820 1220 3873 τὸν
1249 3821 1456 3892 κλῆρον
1487 3821 1574 3874 διὰ
1604 3823 1695 3875 τὸν
1725 3824 1910 3894 ὅρκοψ

307 3910 423 3982 ἐγὼ
457 3910 515 3964 δὲ
549 3911 652 3983 ἤδη
697 3912 821 3966 τινὰ
869 3913 964 3966 καὶ
995 3913 1176 3967 κοινὸν
1208 3914 1335 3986 ὅρον
1370 3915 1503 3986 περὶ
1527 3916 1748 3970 πάντων
1776 3915 1913 3988 ὁμοῦ

306 4005 421 4059 τῶν
471 4005 592 4076 μετ’
618 4005 786 4059 αὐτοῦ
819 4005 1194 4077 ὀμωμοκότων
1233 4010 1348 4072 τοῖς
1396 4009 1539 4063 κατά
1579 4010 1914 4080 Ἀντιόχειαν

307 4099 602 4172 κληρικοῖς
641 4096 758 4154 οῖδα
786 4099 1150 4165 ἐκτεθεικώς·
1182 4100 1327 4155 ὥστε
1355 4101 1468 4155 τῶν
1499 4102 1601 4172 μὲν
1632 4102 1914 4174 δημοσίων

307 4193 519 4256 αὐτοὺς
549 4193 857 4264 ἀπέχεσθαι
895 4193 1197 4264 συλλόγων,
1225 4195 1333 4267 ἰδία
1359 4195 1415 4249 δὲ
1441 4198 1689 4268 ἐνεργεῖν
1709 4195 1779 4250 τὰ
1803 4195 1914 4249 τῶν

307 4287 708 4360 πρεσϐυτέρων
733 4302 746 4316 ·
784 4288 846 4341 τὸ
874 4287 930 4341 δὲ
962 4289 1096 4343 αὐτὸ
1138 4288 1300 4343 τοῦτο
1353 4289 1452 4345 καὶ
1486 4290 1624 4363 πρὸς
1662 4289 1760 4361 τὴν
1789 4291 1915 4343 ἐαυ-

304 4379 402 4434 τοῦ
432 4378 765 4449 ὑπηρεσίαν,
798 4379 989 4435 ἄδειαν
1033 4381 1185 4453 αὐτῷ
1253 4383 1517 4454 παρέχειο
1552 4383 1688 4436 διότι
1726 4383 1828 4436 οὐκ
1853 4384 1911 4436 ἐν

318 4473 636 4545 Ἀντιοχείᾳ
662 4473 814 4527 ἐστὶν
843 4475 876 4546 ἡ
906 4473 1202 4546 ἱερωσύνη,
1230 4474 1347 4528 ἀλλ’
1381 4476 1440 4528 ἐν
1484 4474 1712 4545 Ἰκονίῳ,
1741 4475 1808 4546 ἣν
1836 4474 1913 4539 ὡς

307 4565 478 4628 αὐτὸς
507 4565 832 4631 ἐπέστειλας
877 4568 1013 4638 ἡμῖν
1041 4567 1142 4638 τῆς
1177 4567 1513 4638 Ἀντιοχείας
1561 4570 1642 4632 είς
1692 4568 1910 4637 οἴκησιν

2013 2048 2287 2104 doctrina.
2340 2046 2399 2103 Si
2431 2049 2557 2120 quis
2605 2057 2789 2104 autem
2838 2048 2962 2119 ejus
3006 2049 3083 2104 rei
3115 2047 3399 2103 convictus
3437 2046 3624 2114 fuerit,

2015 2141 2097 2196 vel
2129 2149 2331 2207 cesset,
2360 2141 2446 2195 vel
2481 2143 2811 2211 deponatur.

2089 2232 2178 2288 50.
2221 2231 2439 2288 Nullum
2468 2235 2716 2288 omnium
2752 2235 2845 2300 “9',
2888 2235 3006 2291 sive
3032 2235 3319 2301 clericum,
3360 2237 3484 2293 sive
3515 2238 3622 2292 lai-

2017 2343 2166 2392 rum,
2199 2328 2270 2382 ab
2303 2327 2409 2382 hoc
2435 2327 2697 2399 deinceps
2729 2337 2975 2400 tempore
3005 2331 3125 2384 alea
3161 2330 3368 2386 ludere.
3399 2331 3457 2385 Si
3494 2333 3623 2400 quis

2015 2430 2200 2476 autem
2235 2421 2339 2476 hoc
2385 2421 2649 2493 deinceps
2692 2421 2876 2478 facere
2921 2423 3308 2492 deprehensus
3347 2423 3537 2488 fuerit,
3575 2425 3622 2479 si

2016 2521 2090 2574 sit
2127 2518 2347 2589 quidem
2391 2517 2650 2586 clericus,
2701 2520 3049 2590 deponatur;
3106 2519 3154 2574 si
3201 2519 3403 2580 laicus.
3432 2532 3622 2590 segre-

2015 2620 2195 2683 getur.

2413 2705 2643 2760 Concilii
2675 2704 2890 2761 Nicwni
2919 2722 2954 2760 ιι
2983 2722 3156 2760 canon
3180 2707 3234 2759 4.

2093 2798 2250 2865 Quod
2273 2797 2507 2869 episcopi
2540 2797 2606 2852 ab
2633 2799 2774 2852 omni
2809 2799 3043 2852 avaritia
3073 2814 3185 2852 sese
3237 2795 3505 2851 abstinere
3531 2795 3622 2849 de-

2017 2894 2195 2946 beant.

2087 2985 2142 3040 4.
2187 2984 2441 3041 Veritatis
2465 2999 2647 3056 praeco
2679 2983 2904 3049 Paulus,
2944 2993 3076 3051 etc.,
3106 2993 3162 3038 ut
3193 3000 3317 3054 pag.
3346 2980 3477 3036 515.
3534 3047 3538 3050 _

2421 3077 2622 3133 Basilii
2642 3095 2866 3133 canones
2895 3079 2983 3144 10,
3016 3078 3105 3144 14,
3144 3078 3227 3132 l7.

2093 3172 2181 3228 10.
2226 3171 2330 3239 Qui
2377 3173 2573 3243 jurant
2608 3187 2669 3228 se
2689 3171 3101 3226 ordinationem
3145 3187 3254 3226 non
3300 3179 3628 3240 accepturos

2018 3273 2151 3333 etc.,
2182 3279 2239 3321 ut
2270 3282 2393 3337 pag.
2420 3265 2546 3322 505.

2095 3362 2180 3418 14.
2221 3361 2329 3428 Qui
2365 3377 2563 3417 usuras
2590 3360 2812 3429 accipit,
2851 3359 2899 3413 si
2941 3358 3182 3413 voluerit
3215 3358 3485 3428 injustum
3529 3361 3616 3413 lu-

2019 3468 2174 3510 crum
2205 3449 2265 3507 in
2313 3467 2586 3524 pauperes
2632 3453 2936 3515 insumere,
2979 3459 3033 3504 et
3071 3450 3334 3520 deinceps
3365 3451 3434 3506 ab
3490 3467 3624 3505 ava-

2017 3545 2158 3600 ritiae
2200 3545 2398 3600 morbo
2439 3543 2688 3612 liberari,
2736 3542 2805 3599 ad
2843 3541 3212 3598 sacerdotium
3262 3541 3477 3597 admitti
3529 3556 3628 3612 po-

2021 3647 2149 3695 test.

2093 3731 2184 3786 17.
2226 3729 2580 3802 lnterrogasti
2631 3744 2733 3785 nos
2759 3729 2827 3785 de
2863 3727 3099 3785 Bianore
3140 3730 3489 3802 presbytero,
3551 3745 3626 3787 an

2018 3825 2075 3880 in
2133 3825 2346 3879 clerum
2395 3823 2612 3879 admitti
2671 3824 2867 3894 possit,
2922 3836 3150 3894 propter
3199 3823 3621 3894 jusjurandum.

2017 3917 2133 3991 Ego
2162 3928 2347 3972 autem
2403 3933 2493 3972 me
2519 3918 2635 3987 jam
2682 3933 3035 3973 communem
3093 3918 3332 3988 aliquam
3376 3919 3622 3988 regulam

2017 4013 2087 4068 de
2117 4012 2379 4067 omnibus
2408 4012 2501 4082 qui
2552 4026 2662 4066 una
2695 4027 2819 4067 cum
2850 4026 2917 4066 eo
2942 4011 3286 4081 juraverant,
3317 4012 3625 4066 Antioche-

2018 4103 2108 4159 nis
2157 4103 2376 4158 clericis
2429 4101 2669 4158 edidisse
2724 4103 2988 4157 memini:
3029 4112 3090 4157 ut
3148 4104 3251 4174 ipsi
3293 4119 3324 4157 a
3381 4103 3624 4172 publicis

2016 4196 2236 4267 quidem
2267 4195 2639 4251 conventibus
2671 4195 3011 4262 abstineant,
3045 4196 3300 4264 privatim
3333 4211 3463 4250 vero
3501 4211 3623 4248 mu-

2016 4287 2108 4341 nia
2137 4284 2341 4340 obeant
2384 4284 2856 4356 presbyterorum.
2904 4281 2961 4336 ld
3019 4284 3202 4354 ipsum
3239 4293 3423 4338 autem
3449 4283 3616 4338 etiam

2014 4379 2064 4436 ei
2093 4378 2340 4434 muneris
2366 4379 2452 4434 sui
2503 4378 2799 4449 peragendi
2839 4377 3048 4448 praebet
3103 4378 3439 4441 libertatem,
3474 4376 3623 4446 quod

2016 4488 2123 4527 non
2160 4472 2233 4527 sit
2274 4470 2581 4526 Antiochia
2610 4469 3004 4534 sacerdotium,
3040 4469 3134 4524 sed
3188 4467 3358 4522 lconii
3403 4485 3415 4520 :
3451 4482 3618 4536 quam

2016 4561 2234 4627 urbem,
2275 4560 2476 4630 utipse
2511 4558 2578 4613 ad
2613 4573 2716 4613 uos
2760 4556 3060 4628 scripsisti,
3092 4555 3381 4609 Antiochia
3417 4555 3483 4608 ad
3521 4554 3620 4606 ha-

305 4658 720 4730 ἀντηλλάξατο’
765 4661 916 4714 ἐστιν
959 4657 1054 4716 οῦν
1094 4661 1284 4726 δεκτὸς
1315 4663 1344 4716 ὁ
1375 4663 1516 4734 ἀνὴρ
1546 4664 1777 4728 ἐκεῖνος,
1809 4661 1908 4716 ἀπ·

2020 4652 2306 4708 bitandum
2343 4649 2698 4721 permutavit.
2737 4647 2881 4718 Ergo
2911 4648 2996 4701 vir
3028 4647 3122 4700 ille
3156 4644 3362 4714 suscipi
3391 4653 3608 4714 potest;

306 4751 636 4822 αιτούμενος
668 4753 823 4822 παρὰ
851 4755 952 4824 τῆς
981 4753 1274 4820 εὐλαϐείας
1323 4773 1439 4820 σου,
1498 4754 1909 4826 μεταμέλεσθαι

305 4843 404 4896 ἐπὶ
432 4845 500 4914 τῇ
535 4843 761 4916 εὐκολίᾳ
791 4843 888 4898 τοῦ
935 4846 1128 4916 ὅρκου,
1155 4845 1214 4900 ὃν
1255 4846 1350 4899 ἐπὶ
1398 4845 1494 4900 τοῦ
1545 4847 1780 4901 ἀπίστου
1812 4849 1909 4899 ἀν-

305 4932 435 5001 δρὸς
461 4931 803 5003 ἐξωμόσατο,
837 4933 1106 5004 βαστάξαι
1128 4935 1228 5008 τὴν
1260 4937 1546 5008 ἐνόχλησιν
1575 4936 1670 4990 τοῦ
1704 4936 1906 5009 μικροῦ

305 5023 523 5078 ἐκείνου
548 5025 800 5080 κινδύνου
835 5026 914 5098 μὴ
942 5027 1222 5098 δυνηθείς.

388 5117 458 5171 Ἥ
504 5118 576 5172 λδ¹
608 5118 852 5187 διάταξις
883 5121 976 5175 τοῦ
1008 5122 1051 5175 δ’
1079 5122 1188 5176 τίτ.
1222 5121 1317 5177 τοῦ
1356 5123 1402 5176 α’
1437 5124 1579 5195 βιϐλ.
1627 5123 1722 5179 τοῦ
1769 5125 1902 5180 κώδ.

309 5210 497 5282 φησιν·
544 5211 876 5278 Ἐπίσκοπος
903 5214 937 5285 ἢ
966 5214 1250 5286 κληρικὸς,
1276 5215 1526 5271 κυϐεύων
1559 5217 1590 5288 ἢ
1629 5218 1906 5274 κοινωνῶν

305 5307 418 5370 τοῖς
448 5303 775 5361 κυϐεύουσιν
803 5307 837 5378 ἢ
871 5308 1362 5379 παρακαθήμενος,
1385 5309 1418 5380 ἢ
1445 5309 1673 5382 θέατρον
1702 5310 1735 5384 ἢ
1772 5329 1907 5364 κυν-

305 5398 464 5468 ήγιον
488 5399 732 5471 θεωρῶν,
760 5400 1090 5472 ἀφορίζεται
1137 5401 1319 5472 πάσης
1350 5403 1635 5474 ἱερατικῆς
1660 5403 1908 5478 λειτουρ-

307 5490 456 5561 γίας,
474 5496 568 5548 καὶ
591 5494 702 5549 τῶν
731 5498 998 5567 σιτήσεων
1030 5495 1197 5550 αὐτοῦ
1228 5501 1524 5568 στερεῖται,
1545 5499 1643 5552 καὶ
1661 5499 1907 5570 ὁρίζεται

309 5583 464 5656 αῦτῷ
492 5587 685 5658 χρόνος
719 5590 801 5652 είς
837 5590 1130 5661 μετάνοιαν
1154 5607 1167 5621 ·
1204 5592 1298 5645 καὶ
1328 5590 1423 5644 ἐὰν
1455 5592 1623 5658 ἀξίως
1653 5592 1784 5647 εἴσω
1808 5594 1903 5647 τοῦ

308 5678 506 5750 χρόνου
551 5685 694 5754 φανῇ
745 5687 1128 5755 μετανοήσας,
1181 5685 1463 5756 ἱερατικῆς
1499 5683 1748 5749 ἀξιοῦται
1780 5687 1906 5756 φιλ-

306 5769 630 5842 ανθρωπίας
651 5794 664 5808 ·
699 5779 749 5830 εἰ
779 5777 837 5830 δὲ
863 5777 1004 5848 μετά
1027 5778 1120 5832 τὸν
1144 5777 1339 5850 χρόνον
1362 5777 1661 5850 ἐπιμείνοι,
1681 5778 1906 5844 τελείως

303 5995 310 6001 .
372 5933 434 5964 ⁸⁹’
471 5934 607 5992 Can.
637 5947 816 6008 apost.
841 5939 931 6005 4‘2,
961 5939 1051 5995 45.

2018 4746 2336 4818 postulante
2370 4745 2440 4800 ab
2474 4759 2540 4800 eo
2568 4743 2773 4814 pietate
2813 4751 2930 4806 tua,
2957 4749 3019 4795 ut
3051 4737 3430 4810 paenitentiam
3468 4746 3619 4806 agat,

2018 4841 2091 4896 ob
2125 4838 2342 4895 facilem
2386 4848 2439 4894 et
2461 4847 2780 4910 promptum
2809 4836 2877 4891 ad
2909 4833 3302 4906 jusjurandum
3341 4830 3617 4895 animum,

2016 4935 2161 5006 quod
2188 4949 2374 4989 coram
2417 4933 2624 4988 inlideli
2674 4932 2792 4986 viro
2839 4928 3072 4998 juravit,
3107 4927 3423 4983 molestiam
3465 4923 3616 4980 ferre

2015 5028 2198 5098 exigui
2231 5028 2380 5084 illius
2405 5025 2632 5097 periculi
2663 5041 2773 5080 nou
2805 5024 3018 5080 valens.

2089 5123 2306 5178 Textus.
2337 5122 2506 5193 298
2533 5121 2725 5176 Const.
2745 5119 2838 5185 54,
2863 5120 2951 5174 tit.
2976 5119 3032 5181 4,
3059 5116 3154 5171 lib.
3180 5132 3196 5171 ι
3247 5113 3370 5170 cod.
3396 5111 3624 5182 Episco-

2014 5233 2118 5289 pus
2149 5228 2241 5271 aut
2267 5217 2522 5282 clericus,
2559 5215 2758 5285 inquit,
2783 5214 2876 5284 qui
2909 5220 3005 5267 aut
3029 5212 3145 5266 alea
3178 5209 3340 5273 ludit,
3372 5215 3467 5262 aut
3493 5223 3616 5260 cum

2016 5312 2349 5367 aleatoribus
2373 5309 2770 5366 commerciqu
2803 5307 2992 5372 habet,
3015 5305 3099 5361 vel
3127 5302 3241 5376 [iis]
3275 5301 3499 5365 assidet,
3525 5308 3623 5353 aut

2017 5409 2329 5481 spectacula
2360 5408 2717 5463 arenariasve
2738 5404 3062 5460 venationes
3089 5407 3299 5472 Spectat
3327 5414 3340 5451 :
3371 5397 3440 5450 ah
3467 5393 3619 5448 omni

2017 5517 2179 5558 sacro
2211 5509 2536 5572 segregatur
2563 5498 2901 5561 ministerio,
2929 5491 3252 5550 annonariis
3285 5489 3402 5544 suis
3438 5486 3622 5556 priva-

2016 5604 2106 5651 tur
2154 5595 2518 5666 pcnsiouibus
2576 5608 2592 5646 :
2640 5601 2695 5648 et
2744 5589 3108 5647 constituitur
3151 5586 3228 5640 illi
3283 5579 3619 5654 pmuiteutize

2014 5699 2268 5759 tempus,
2314 5687 2459 5742 intra
2509 5685 2658 5756 quod
2709 5685 2758 5741 si
2806 5679 2969 5753 digne
3015 5679 3289 5752 poenitere
3335 5673 3616 5735 videatur,

2014 5777 2343 5837 sacerdotali
2385 5776 2728 5848 benignitate
2769 5775 2968 5846 dignus
3008 5771 3244 5827 habetur
3291 5785 3304 5822 :
3351 5774 3407 5821 at
3447 5763 3512 5836 si_
3539 5764 3618 5834 [in
