4156 6480
497 430 604 494 775
1650 421 1912 484 PllOTIl
1941 421 2138 482 PATR

2252 420 2448 480 {CI-LE
2489 419 2598 479 (ΞΡ.
3721 414 3844 480 776

501 543 648 598 vitiis
691 542 837 616 istis]
876 540 1210 612 perstiterit,
1248 541 1476 596 omnino
1518 554 1548 594 e
1591 538 1738 595 clero
1781 539 2021 608 ejicitur,
2055 547 2147 599 et,

2252 537 2536 592 ιϐάλλεται
2572 537 2666 590 τοῦ
2694 535 2921 608 κλήρου,
2957 536 3054 591 καὶ
3082 535 3288 605 γίνεται
3342 535 3647 608 βουλευτὴς
3681 537 3844 608 μετᾶ

499 637 659 707 cujus
705 637 944 692 civitatis
988 636 1224 691 clericus
1269 645 1414 701 erat,
1451 635 1572 704 ejus
1620 649 1746 688 cum
1794 634 2103 688 substantia

2252 627 2310 698 ἧς
2336 627 2504 682 αὑτοῦ
2535 629 2855 698 περιουσίας
2881 628 2984 698 τῆς
3016 629 3228 692 πόλεως
3253 623 3322 699 ἧς
3348 625 3416 700 ἧν
3449 629 3766 702 κληρικὸς,
3801 629 3841 701 ἢ

501 741 604 780 sua
650 727 821 781 curiae
867 726 1216 796 mancipatur
1263 741 1278 778 :
1327 733 1418 779 aut
1459 724 1506 778 si
1552 739 1613 778 ea
1658 723 1854 778 civitas
1891 724 2102 779 curiam

2252 722 2308 790 ἧς
2340 721 2552 785 πόλεως
2577 722 2793 790 ἐκείνης
2822 721 2924 774 οὐκ
2957 720 3188 792 ἐχούσης
3215 721 3626 795 βουλευτήριον,
3669 723 3804 790 γίνε
3823 752 3843 763 -

507 833 615 872 non
648 817 836 883 habet,
861 817 1115 873 concedit
1146 819 1198 871 in
1227 817 1541 871 destitutam
1576 814 1844 888 [aliquam
1871 814 2105 887 curiam]

2252 833 2298 869 ιι
2345 817 2425 878 εἰς
2447 816 2548 885 τὴν
2574 815 2884 887 χρῄζουσαν
2915 816 2980 869 ἐκ
3036 817 3146 868 τῶν
3179 816 3597 886 πλησιαζουσῶν
3623 833 3642 848 ”
3683 818 3741 869 εί
3780 816 3844 869 δὲ

509 911 825 966 vicinarum
884 908 1242 982 [civitatum].
1290 908 1444 975 Quod
1495 910 1542 964 si
1592 910 1770 965 nullas
1818 909 2108 965 facultates

2255 907 2289 978 ὴ
2319 906 2433 976 ἔχει
2461 905 2735 972 ἐξουσίαν,
2754 907 2967 974 γίνεται
2985 905 3293 978 ταί-,εώτης-
3322 907 3844 978 παραφυλάττουσι

512 1004 734 1069 haheat,
761 1004 817 1057 fit
839 1004 1139 1074 apparitor.
1163 1002 1495 1057 Custodiuut
1516 1011 1701 1059 autem
1733 1003 1848 1058 haec
1878 1006 2110 1071 patriar—

2252 1001 2269 1052 ὲ
2301 999 2477 1053 ταῦτα
2501 1002 2548 1052 οἱ
2583 999 2926 1072 πατριάρχαι
2949 999 3047 1053 καὶ
3075 1001 3126 1051 οί
3162 998 3456 1052 ἐπίσκοποι
3481 1000 3576 1052 καὶ
3631 999 3693 1052 oi.
3743 999 3844 1050 ἐκ·

507 1098 648 1161 chae,
682 1097 948 1167 episcopi,
983 1096 1229 1151 ecclesia:
1257 1094 1602 1163 defensores,
1635 1094 1908 1166 cujusque
1937 1096 2112 1166 juris-

2253 1092 2610 1164 ληπιέκδικοι,
2665 1094 2760 1148 καὶ
2805 1093 2855 1146 οἱ
2891 1092 3130 1164 ἑκάστης
3181 1091 3499 1163 διοικήσεως
3543 1091 3841 1162 ὕπαρχοι,

511 1191 776 1246 dictionis
801 1187 1040 1258 praefecti
1067 1199 1121 1243 et
1145 1188 1431 1258 praesides.
1456 1189 1633 1260 Atque
1654 1189 1970 1245 defensores
2001 1189 2115 1243 haec

2255 1185 2313 1238 at
2353 1186 2401 1239 οἱ
2449 1186 2714 1256 ἄρχοντες
2745 1187 2842 1239 καὶ
2874 1186 2922 1238 οἱ
2970 1185 3179 1239 ἔκδικοι
3223 1182 3398 1240 ταῦτα
3442 1186 3554 1247 τοῖς
3603 1183 3846 1254 ἱερεῦσι

513 1283 894 1339 sacerdotibus
921 1281 1272 1337 anuuntiaut.
1302 1280 1528 1351 Oportet
1557 1281 1722 1336 etiam
1752 1282 1870 1337 hac
1900 1295 2116 1336 summa

511 1393 637 1432 cum
671 1374 957 1446 diligentia
995 1389 1181 1429 coram
1220 1373 1533 1446 Evangeliis
1567 1374 1802 1444 inquiri,
1832 1384 1887 1429 et
1929 1374 1982 1428 in
2027 1389 2116 1428 ca-

512 1470 872 1526 lumniatores
919 1469 1346 1540 indignationem
1378 1469 1596 1540 concipi
1623 1489 1635 1524 :
1666 1485 1729 1525 ac
1755 1469 1807 1524 in
1831 1468 2118 1539 przesides,

513 1565 803 1629 cohortes,
838 1573 1002 1635 atque
1036 1565 1386 1629 defensores,
1417 1563 1463 1618 si
1504 1563 1595 1620 ubi
1631 1563 1750 1619 haec
1789 1564 2118 1630 didicerint,

517 1657 959 1730 competentibus
1002 1657 1388 1712 sacerdotibus
1430 1672 1541 1713 non
1585 1656 2008 1721 annuntiariut,
2040 1656 2124 1710 di-

521 1767 710 1807 versas
742 1765 934 1820 pmnas
971 1751 1164 1806 statui.
1193 1749 1396 1805 Verum
1431 1758 1613 1805 const.
1641 1747 1708 1813 2,
1739 1750 1822 1804 tit.
1862 1751 1881 1803 l
1922 1749 2124 1803 Novel-

522 1844 698 1899 larum
735 1843 889 1909 dicit,
922 1848 983 1898 'ut
1013 1841 1252 1898 triennio
1281 1843 1356 1898 illi
1388 1858 1418 1898 a
1449 1843 1757 1899 ministerio
1793 1843 2125 1915 prohibean-

521 1947 632 2000 tur,
670 1953 734 1992 ac
775 1937 828 1990 in
875 1936 1274 1992 monasterium
1325 1937 1696 2008 conjiciantur

523 2030 901 2086 sacerdotibus
933 2029 1204 2098 praebens,
1237 2032 1384 2096 ut,si
1420 2029 1742 2101 poenitentia
1777 2039 2116 2101 compareat,

525 2133 744 2191 tempus
776 2121 1131 2176 imminuant.

601 2212 820 2267 Tenus.
858 2211 976 2266 Non
1021 2212 1185 2268 modo
1227 2212 1494 2283 peierare.
1527 2229 1717 2269 verum
1749 2215 1913 2268 etiam
1941 2213 2130 2286 jurare

526 2303 582 2356 in
630 2303 949 2358 universum
974 2302 1191 2358 clericis
1214 2303 1564 2374 prohibetur.
1591 2305 1800 2360 Dicitur
1820 2305 1962 2360 enim
1993 2306 2084 2360 lib.
2113 2321 2131 2360 ι

525 2395 650 2451 cod.
686 2398 770 2448 tit.
800 2395 863 2458 5,
893 2403 1074 2450 const.
1103 2395 1207 2460 25,
1236 2395 1382 2465 quod
1419 2396 1606 2450 clerici
1644 2397 1956 2469 litigantes,
1992 2397 2128 2452 title-

522 2485 808 2557 jussiones
841 2484 968 2538 deut
1003 2499 1176 2554 usque
1216 2484 1282 2538 ad
1318 2483 1722 2554 quinquaginta
1760 2483 1928 2539 libras
1963 2482 2131 2556 [auri]

527 2587 584 2632 et
613 2579 657 2632 si
693 2565 781 2630 res
811 2574 978 2648 [hanc
1011 2573 1310 2646 summam]
1342 2574 1604 2639 excedat,
1641 2589 1741 2644 pro
1775 2575 2132 2644 exsuperauti

534 2669 851 2725 cautionem
902 2667 1127 2737 injurali
1175 2667 1379 2722 faciant
1427 2687 1439 2724 :
1489 2683 1556 2723 eo
1600 2669 1748 2740 quod
1795 2679 1848 2724 et
1889 2671 2037 2740 leges
2082 2676 2139 2723 et

531 2776 774 2820 canones
801 2761 1061 2816 clericum
1083 2761 1274 2831 jurare
1305 2761 1984 2833 prohibeant,quanquam
2004 2761 2134 2835 [vel]

531 2855 773 2909 maxime
814 2853 1032 2906 dicatur
1069 2851 1263 2906 eodem
1306 2851 1400 2906 lib.
1437 2852 1520 2906 tit.
1558 2852 1654 2919 12,
1689 2865 1867 2908 const.
1895 2854 1959 2918 5,
1989 2854 2136 2922 quod

533 2954 786 3016 Oporteat
833 2960 929 2999 eos
967 2943 1064 3015 qui
1111 2941 1201 3016 [ad
1242 2944 1531 3017 ecclesias]
1581 2944 1936 3016 confugiunt,
1973 2946 2140 3017 299

535 3039 882 3100 admonitos,
914 3045 970 3092 et
1014 3037 1083 3091 de
1125 3037 1429 3092 securitate
1469 3037 1833 3107 jurejurando
1879 3049 2136 3108 accepto,

535 3130 812 3199 deponere
853 3143 977 3199 quae
1019 3126 1094 3199 [in
1139 3127 1285 3199 illas]
1330 3127 1617 3184 intulerint
1659 3146 1812 3185 arma
1859 3148 1872 3183 :
1916 3138 1969 3186 et
2011 3146 2143 3185 eou-

539 3223 658 3279 stit.
689 3221 754 3287 6,
787 3221 1033 3292 ejusdem
1071 3237 1148 3274 xu
1186 3221 1280 3276 lib.
1307 3223 1454 3277 dit-at
1482 3241 1497 3278 :
1531 3223 1691 3290 Quod
1722 3225 1766 3278 si
1799 3224 2042 3293 suspicio
2070 3225 2141 3277 sit

539 3313 609 3367 de
634 3312 870 3378 clerico,
900 3321 1158 3381 tauquam
1205 3326 1291 3366 res
1336 3311 1602 3385 [aliquas]
1643 3313 1878 3386 confuge
1911 3317 2139 3379 habeat,

535 3403 699 3475 jussu
730 3403 973 3474 episcopi
1004 3403 1088 3458 sui
1115 3403 1285 3473 juret.
1316 3404 1390 3458 De
1425 3405 1795 3474 prohibitione
1823 3417 2005 3462 autem
2029 3447 2041 3468 ,
2079 3423 2145 3462 ne

541 3497 726 3553 clerici
777 3513 976 3552 usuras
1015 3496 1288 3567 accipiant
1329 3497 1566 3568 ubique,
1601 3496 1744 3570 [ubi]
1788 3500 1854 3555 de
1898 3499 2147 3569 pecunia:

542 3591 766 3647 credita:
811 3590 928 3647 sive
967 3589 1108 3660 pacti
1153 3589 1544 3663 [actionibus],
1573 3592 1875 3662 quinetiam
1925 3595 1989 3648 iis
2027 3611 2149 3660 «line

545 3703 613 3740 ex
643 3684 907 3739 dilatione
939 3683 1219 3737 actionum
1256 3684 1414 3738 bona:
1450 3685 1575 3740 ﬁdei
1619 3687 1785 3740 tacite
1827 3695 2149 3758 competunt

550 3774 804 3849 [agitun]
838 3775 972 3830 mibi
997 3789 1123 3830 esse
1149 3775 1354 3830 dictum
1384 3777 1622 3831 videtur.

627 3866 847 3921 Textus.
878 3865 1046 3936 Atqui
1085 3875 1262 3921 const.
1287 3866 1341 3930 5,
1383 3868 1464 3922 tit.
1492 3867 1527 3919 2
1564 3865 1915 3923 Novellarum
1956 3870 2009 3923 iu
2052 3870 2155 3940 piis

551 3957 749 4029 legatis
803 3969 1030 4027 propter
1083 3956 1408 4012 dilationem
1468 3973 1673 4014 usuras
1723 3969 1890 4031 atque
1941 3958 2155 4016 fructus

552 4051 697 4122 exigi
727 4050 881 4105 dicit.

626 4143 867 4198 Proinde
907 4142 975 4197 de
1014 4141 1180 4198 furtis
1219 4142 1549 4198 clericorum
1594 4143 1882 4214 speciatim
1929 4143 2012 4199 lex
2049 4159 2159 4200 non

556 4236 801 4292 disserit.
835 4235 1179 4292 Generaliter
1211 4247 1393 4292 autem
1429 4238 1497 4292 de
1531 4235 1695 4292 furtis
1732 4246 1933 4293 tractat
1970 4239 2056 4292 tit.
2089 4237 2159 4305 2,

558 4330 651 4384 lib.
679 4345 730 4383 vi
778 4328 904 4382 eod.
928 4337 984 4383 et
1007 4327 1092 4382 tit.
1116 4327 1170 4394 5,
1197 4327 1290 4383 lib.
1317 4344 1484 4394 vatt,
1510 4330 1621 4400 dig.
1647 4328 1947 4385 Furtorum
1981 4340 2162 4385 autem

560 4424 684 4478 (tua:
708 4431 838 4478 sunt
863 4423 1098 4491 species,
1117 4438 1349 4496 quarum
1375 4424 1549 4478 altera
1575 4422 1928 4480 manifestum
1957 4424 2161 4479 furtum

561 4516 765 4570 dicitur
794 4530 810 4569 :
835 4513 1004 4568 altera
1038 4530 1141 4569 nec
1175 4513 1552 4571 manifestum.
1581 4513 1906 4571 Manifestus
1940 4516 2028 4570 fur
2055 4525 2162 4583 est,

1744 1955 1758 1991 :
1811 1935 2122 1992 faettltatem
2159 1908 2200 1966 Β

2219 1277 2691 1348 προσαγγέλλουσι
2713 1293 2727 1308 ·
2759 1277 2842 1330 δεῖ
2873 1276 2931 1330 δὲ
2956 1275 3182 1329 τοιαῦτα
3217 1273 3358 1344 μετά
3387 1273 3720 1347 ἀκριϐείας,
3741 1273 3847 1328 ἐπὶ

2220 1371 2329 1424 τῶν
2375 1369 2728 1439 Εὑαγγελίων
2775 1367 3105 1440 ζητεῖσθαι,
3161 1369 3256 1422 καὶ
3297 1367 3424 1430 τοὺς
3471 1366 3847 1437 συκοφάντας

2223 1460 2690 1531 ἀγανακτεῖσθαιο
2749 1461 2942 1524 ποινάς
3003 1459 3062 1513 δέ
3111 1459 3406 1529 διαφόρους
3452 1459 3631 1531 ὁρίζει
3689 1457 3849 1511 κατὰ

2223 1553 2332 1608 τῶν
2357 1555 2636 1626 ἀρχόντων
2680 1554 2777 1608 καὶ
2824 1553 2934 1608 τῶν
2966 1552 3176 1619 τάξεων
3209 1553 3305 1607 καὶ
3347 1552 3458 1606 τῶν
3483 1551 3758 1613 ἐκδίκων,
3796 1551 3850 1603 εί

2225 1648 2400 1705 ταῦτα
2429 1648 2694 1721 μαθόντες
2729 1650 2804 1722 μὴ
2839 1649 3283 1719 προσαγγείλωσι
3335 1650 3448 1714 τοῖς
3483 1647 3853 1719 προσφόροις

2231 1741 2499 1813 ἱερεῦσιν·
2533 1743 2566 1814 ἡ
2601 1743 2785 1814 μέντοι
2816 1745 2859 1814 β’
2889 1741 3029 1798 διάτ.
3067 1741 3164 1796 τοῦ
3194 1743 3242 1795 α’
3273 1741 3382 1796 τίτ.
3426 1741 3535 1794 τῶν
3564 1739 3850 1811 Νεαρῶν,

2232 1837 2324 1889 ἐπὶ
2351 1833 2596 1908 τριετίαν
2648 1830 2803 1888 εἶπεν
2835 1836 3038 1898 αὐτοὺς
3089 1836 3189 1906 τῆς
3221 1832 3566 1906 λειτουργίας
3612 1831 3854 1886 κωλύε-

2231 1927 2377 1994 σθαι,
2414 1930 2509 1984 καὶ
2554 1929 2905 2000 μοναστηρίῳ
2965 1927 3363 1999 ἐμϐάλλεσθαι·
3405 1927 3592 1982 ἄδειαν
3645 1943 3852 1997 παρα-

2231 2021 2440 2094 σχοῦσα
2501 2024 2614 2086 τοῖς
2681 2022 2888 2094 ἱερεῦσι
2961 2021 3253 2092 μετανοίας
3335 2020 3851 2092 ἐπιδεικνυμένηξ,

2231 2114 2492 2169 ἐλαττοῦν
2519 2117 2608 2167 τὸν
2639 2115 2850 2186 χρόνον.

2305 2210 2381 2262 Οὐ
2445 2207 2607 2279 μόνον
2664 2208 2948 2279 ἐπιορκεῖν
3002 2205 3273 2261 κωλύεται
3329 2204 3591 2276 κληρικδς
3623 2246 3641 2270 ,
3708 2203 3856 2258 ἀλλά

2232 2299 2464 2354 καθόλου
2514 2299 2782 2370 ὀμνύναι·
2834 2299 3052 2370 εἴρηται
3096 2300 3204 2370 γὰρ
3258 2299 3350 2354 τοῦ
3394 2298 3525 2355 κώδ.
3581 2297 3739 2370 βιϐλ.
3780 2296 3851 2361 α’,

2233 2393 2342 2447 τίτ.
2375 2400 2444 2462 γ’,
2481 2393 2760 2461 διάτικεκ
2798 2393 2880 2446 ὅτι
2908 2395 2957 2445 οἱ
3005 2392 3258 2464 κληρικοὶ
3281 2393 3633 2461 δικαζόμενοι
3663 2390 3858 2445 διδόα-

2238 2503 2325 2541 σιν
2361 2486 2567 2554 ἐγγύας
2606 2485 2768 2557 μέχρι
2793 2491 2836 2541 ν’
2868 2485 3103 2557 λιτρῶν·
3139 2487 3186 2538 εἰ
3216 2486 3273 2539 δὲ
3303 2485 3363 2538 τὸ
3393 2487 3630 2556 πρᾶγμα
3665 2485 3854 2552 ὑπερ·

2237 2575 2436 2642 ϐαίνει,
2496 2575 2790 2646 ὁμολογίαν
2826 2576 2946 2638 ζέπὶ
2997 2573 3075 2646 τῷ
3135 2573 3518 2644 ὑπερϐαίνοντι
3582 2573 3854 2626 ποιοῦσιν

2239 2668 2525 2740 ἀνώμοτον
2549 2684 2560 2696 ·
2599 2669 2734 2722 διότι
2772 2669 2867 2722 καὶ
2904 2671 2955 2722 οἱ
2988 2670 3143 2740 νόμοι
3193 2670 3289 2723 καὶ
3335 2669 3385 2722 οἱ
3423 2668 3680 2732 κανόνες.
3739 2685 3854 2719 κως

2239 2761 2428 2816 λύουσι
2459 2760 2723 2832 κληρικὺν
2752 2761 2980 2832 ὀμνύειν
3002 2778 3015 2792 ·
3052 2763 3101 2814 εἱ
3131 2762 3226 2816 καὶ
3254 2760 3323 2814 τὰ
3355 2761 3592 2830 μάλιστα
3620 2760 3855 2832 εἴρηται

2244 2854 2387 2926 βιϐλ.
2426 2854 2504 2926 τῷ
2535 2851 2708 2917 αὑτῶ,
2743 2853 2848 2908 τίτ.
2891 2853 2976 2924 ιβ’,
3008 2853 3150 2909 διάτ.
3183 2860 3254 2922 γ’,
3292 2854 3374 2906 ὅτι
3400 2853 3481 2907 δεῖ
3513 2854 3645 2916 τοὺς
3673 2869 3856 2923 προσο

2249 2945 2580 3016 φεύγοντας,
2613 2942 3097 3014 προτρεπομένους
3129 2944 3223 2994 καὶ
3258 2943 3420 3010 ὅρκον
3445 2941 3538 2992 ἐπὶ
3564 2944 3634 3010 τῇ
3667 2942 3858 3006 ἀσφα-

2241 3037 2364 3109 λείᾳ
2418 3035 2838 3105 λαμϐάνοντας,
2888 3033 3248 3088 ἀποτίθεσθαι
3296 3033 3440 3105 ἅπερ
3485 3033 3853 3102 ἐπιφέρονται

2243 3135 2418 3188 ὅπλα·
2442 3133 2598 3204 καὶὴ
2632 3131 2688 3199 ς’
2718 3132 2860 3186 διάτ.
2894 3131 2990 3184 τοῦ
3026 3130 3190 3185 αὑτοῦ
3235 3130 3380 3201 βιϐλ.
3413 3129 3606 3201 φησὶν,
3640 3129 3730 3183 ὅτι
3759 3126 3856 3179 ἐὰν

2247 3227 2396 3281 ἔστιν
2428 3226 2658 3279 ὑπόνοια
2693 3227 2820 3296 περὶ
2865 3226 3132 3296 κληρικοῦ
3165 3224 3241 3288 ώς
3289 3225 3506 3294 ἔχοντος
3538 3221 3857 3293 πράγματα

2247 3320 2344 3374 τοῦ
2377 3319 2843 3391 προσφεύγοντος,
2875 3318 3124 3372 κελεύσει
3150 3315 3243 3370 τοῦ
3279 3316 3582 3369 ἐπισκόπου
3611 3311 3814 3384 ὀμνύει
3840 3326 3852 3337 ’

2248 3416 2283 3487 ἡ
2327 3413 2384 3468 δὲ
2427 3413 2666 3477 κώλυσις
2710 3411 2807 3466 τοῦ
2837 3412 3140 3484 λαμϐάνειν
3188 3410 3451 3482 κληρικὸν
3477 3410 3700 3472 τόκους,
3728 3407 3857 3475 ἐμοὶ

2252 3505 2506 3578 φαίνεται
2555 3503 2835 3574 πανταχοῦ
2887 3505 3019 3575 περὶ
3064 3503 3173 3557 τῶν
3233 3501 3343 3556 ἀπὸ
3405 3501 3625 3554 δανείου
3679 3500 3858 3570 ἤγουν

2254 3595 2550 3668 συμφώνου
2606 3595 2882 3666 λελέχθαι,
2932 3594 2994 3646 οὐ
3063 3593 3169 3666 μὴν
3226 3594 3356 3663 περὶ
3393 3591 3500 3645 τῶν
3549 3586 3856 3658 σιωπηρὼς

2253 3692 2606 3764 ἁρμοζόντων
2640 3689 2700 3756 ἐξ
2733 3689 3084 3760 ὑπερθέσεως
3108 3688 3204 3742 ἐπὶ
3233 3685 3342 3741 τῶν
3387 3685 3516 3755 βόνα
3553 3685 3676 3754 φίδε
3708 3683 3859 3750 ἀγω-

2254 3803 2388 3854 γων.

2341 3875 2558 3947 Ἀμέλει
2589 3876 2684 3929 καὶ
2720 3876 2752 3945 ἡ
2808 3880 2856 3943 γ’
2885 3873 3026 3926 διάτ.
3058 3869 3154 3926 τοῦ
3213 3869 3258 3941 β’
3287 3869 3394 3925 τίτ.
3437 3869 3547 3924 τῶν
3595 3864 3856 3938 Νεαρῶνο

2261 3972 2354 4025 ἐπὶ
2382 3971 2634 4042 ληγάτων
2663 3969 2907 4024 εὐσεϐῶν
2937 3969 2997 4035 ἐξ
3023 3968 3376 4042 ὑπερθέσεως
3420 3961 3576 4022 εἶπεν
3601 3963 3857 4020 ἀπαιτεῖ-

2262 4064 2389 4119 σθαι
2419 4065 2514 4119 κα¹ι
2541 4064 2736 4128 τόκους
2766 4064 2870 4118 καὶ·
2893 4062 3164 4135 καρπούς.

2334 4159 2473 4230 Περὶ
2499 4158 2555 4212 δὲ
2583 4157 2793 4228 κλοπῆς
2823 4156 3122 4228 κληρικῶν,
3160 4155 3342 4219 ίδικῶς
3384 4156 3413 4208 ὁ
3461 4151 3625 4224 νόμος
3654 4150 3714 4204 οὑ
3744 4148 3859 4201 δια-

2264 4251 2509 4320 λέγεται,
2555 4250 2788 4319 γενικῶς
2823 4249 2880 4302 δέ
2909 4247 3274 4320 διαλαμϐάνει
3319 4247 3449 4319 περὶ
3498 4243 3735 4314 κλοπῆς,
3783 4234 3858 4307 οβ’

2265 4341 2370 4396 τίτ.
2405 4341 2502 4395 τοῦ
2532 4341 2620 4411 μζ¹
2668 4339 2811 4410 βιϐλ.
2845 4340 2956 4394 τῶν
2981 4340 3095 4409 δίγ.
3133 4338 3239 4394 Δύο
3268 4339 3326 4392 δὲ
3349 4338 3468 4408 εἴδη
3500 4336 3600 4407 τῆς
3625 4333 3853 4402 κλοπῆς.

2265 4432 2362 4487 καὶ
2420 4432 2482 4485 τδ
2534 4432 2632 4503 μὲν
2680 4431 2854 4501 αὑτῆς
2905 4429 3124 4500 λέγεται
3175 4429 3390 4502 φανερά
3441 4427 3653 4499 κλοπὴ,
3692 4426 3756 4480 τὸ
3804 4420 3862 4478 δὲ

2267 4527 2525 4596 ἀφανής⁶
2571 4526 2808 4597 φανερὸς
2842 4525 3084 4596 κλέπτης
3127 4524 3299 4592 ἐστὶν,
3347 4525 3376 4576 ὁ
3413 4521 3551 4594 μετά
3597 4519 3694 4574 τοῦ
3737 4521 3858 4572 ἐπι-

564 4609 660 4680 qui
700 4623 824 4663 cum
862 4605 1064 4662 furtiva
1104 4622 1163 4661 re
1197 4622 1227 4660 a
1263 4607 1638 4678 qualicunque
1679 4623 1946 4679 persona,
1982 4610 2147 4678 prius-

2272 4617 2605 4689 κλοπιμαίου
2666 4618 2995 4690 πράγματος
3057 4616 3117 4683 ἐξ
3172 4616 3493 4686 οίουδήποτε
3565 4611 3858 4684 προσώπου

566 4714 734 4769 quam
764 4711 885 4750 eam
919 4696 1194 4767 perferat,
1227 4712 1339 4767 quo
1373 4712 1440 4752 eo
1471 4699 1561 4753 die
1597 4697 1886 4771 [perferre]
1926 4699 2166 4754 destina-

569 4801 679 4858 rat,
706 4791 824 4845 sive
855 4791 909 4844 in
937 4790 1060 4845 loco
1087 4790 1305 4860 publico
1331 4791 1447 4846 sive
1477 4790 1532 4845 in
1564 4792 1780 4862 privato
1808 4792 2170 4862 deprehendi-

573 4896 682 4937 tur.
713 4882 821 4937 Sed
855 4883 903 4937 si
934 4883 1228 4954 pertulerit
1255 4899 1368 4954 quo
1401 4884 1730 4951 destinavit,
1762 4885 1982 4939 tametsi
2021 4895 2170 4954 post-

575 4977 798 5030 modum
829 4990 955 5030 cum
987 4991 1047 5031 re
1076 4975 1276 5032 furtiva
1305 4977 1750 5047 deprehendatur
1780 4995 1795 5032 :
1827 4993 1935 5032 non
1969 4986 2055 5032 est
2084 4979 2171 5031 fur

575 5069 925 5124 manifestus.
956 5067 1061 5135 Qui
1091 5085 1222 5125 vero
1254 5070 1380 5125 talis
1409 5085 1517 5124 non
1553 5069 1715 5142 [est,]
1745 5069 1832 5124 fur
1864 5085 1965 5125 nec
1994 5072 2172 5124 mani-

575 5161 768 5217 festus.
802 5162 1074 5217 Caeterum
1117 5177 1281 5233 poena
1315 5161 1454 5218 furis
1493 5162 1773 5218 manifesti
1809 5163 2058 5232 procedit
2101 5161 2170 5216 ad

577 5253 948 5326 quadruplum
987 5254 1145 5324 pretii
1175 5255 1254 5309 rei
1294 5254 1523 5320 furtivae,
1549 5256 1826 5312 interdum
1855 5257 2020 5310 etiam
2053 5257 2173 5326 ejus

576 5349 724 5418 quod
777 5349 1008 5404 interest
1049 5363 1062 5401 :
1109 5363 1222 5402 non
1266 5347 1575 5412 manifesti,
1610 5349 1678 5404 ad
1721 5350 1971 5419 duplum.
2005 5349 2070 5405 Et
2106 5350 2175 5406 ab

581 5447 818 5510 utroque
838 5449 1032 5493 exacta
1056 5454 1117 5492 ea
1147 5441 1502 5509 pteua,datur
1521 5439 1794 5513 [insuper]
1817 5458 1901 5498 res
1924 5440 2172 5514 [furtiva]

578 5531 766 5600 ejuSVe
791 5529 1106 5585 aestimatio.

652 5624 875 5680 Texlus.
900 5621 1006 5690 Qui
1033 5638 1096 5678 ex
1129 5622 1383 5679 incendio
1409 5635 1503 5679 aut
1530 5625 1818 5698 naufragio
1845 5626 2175 5701 [quidpiam|

582 5719 759 5787 capit,
783 5727 940 5772 extra
972 5732 1087 5772 rem
1117 5715 1379 5790 [captam]
1411 5719 1553 5773 intra
1587 5721 1777 5776 utilem
1810 5737 2015 5777 annum
2042 5739 2182 5792 qua-

585 5807 840 5877 druplum
889 5808 936 5862 ei
983 5809 1074 5862 cui
1119 5809 1337 5864 furatus
1384 5820 1500 5876 est,
1535 5821 1590 5866 et
1633 5814 1998 5884 quadruplum
2050 5815 2183 5871 fisco

589 5901 683 5956 dat
727 5919 742 5955 :
798 5911 922 5972 post
965 5918 1171 5958 annum
1221 5918 1350 5959 vero
1397 5905 1685 5976 simplum,
1724 5919 1783 5964 ut
1823 5908 1918 5963 lib.
1971 5925 2023 5964 vt
2059 5912 2180 5967 cod.

2271 4707 2687 4778 λαμϐανόμενος
2740 4708 2870 4777 πρὶν
2916 4708 2950 4779 ἢ
3004 4707 3066 4760 τὸ
3113 4709 3349 4778 πρᾶγμα
3407 4703 3700 4771 ἐπαγάγοι,
3733 4695 3859 4752 ἔνθα

2275 4800 2545 4872 προέθετο
2567 4802 2624 4853 ἐν
2651 4800 2793 4872 αὐτῇ
2827 4804 2892 4872 τῇ
2928 4799 3136 4872 ἡμέρᾳ,
3166 4799 3278 4852 εἴτε
3305 4800 3364 4852 ἐν
3393 4795 3640 4869 δημοσίῳ
3670 4794 3779 4847 εἴτε
3805 4791 3860 4842 ἐν

2277 4891 2534 4963 ἰδιωτικῷ
2560 4892 2713 4964 τόπῳ
2733 4907 2748 4924 ο
2788 4893 2837 4945 εί
2867 4891 2923 4945 δὲ
2949 4890 3240 4963 ἀπήγαγεν
3270 4889 3402 4944 ἔνθα
3426 4887 3690 4961 προέθετο
3712 4880 3859 4943 αὑτὸν

2275 4987 2379 5043 κᾶν
2408 4987 2596 5042 λοιπον
2626 4985 2908 5058 συλληφθῇ
2946 4987 3064 5056 μετ’
3099 4983 3299 5050 αὑτοῦ,
3335 4984 3437 5038 οὑκ
3490 4981 3602 5034 ἐστι
3635 4973 3859 5049 φανερδς

2276 5081 2523 5151 κλέπτης
2544 5097 2557 5111 ·
2590 5082 2619 5135 ὁ
2648 5080 2705 5135 δέ
2732 5079 2809 5151 μὴ
2856 5079 3122 5144 τοιοῦτος,
3155 5077 3370 5150 ἀφανὴς
3405 5075 3646 5145 κλέπτης
3688 5068 3859 5126 ἐστίν·

2278 5176 2312 5246 ἡ
2343 5174 2401 5228 δέ
2437 5174 2598 5246 ποινὴ
2625 5173 2721 5228 τοῦ
2756 5173 2856 5244 μέν
2885 5173 3123 5244 φανεροῦ
3159 5172 3399 5226 κλέπτου
3427 5168 3660 5239 γίνεται,
3701 5165 3778 5226 είς
3804 5157 3860 5211 τὸ

2277 5266 2623 5338 τετραπλοῦν
2652 5265 2750 5320 τοῦ
2773 5268 3086 5337 τιμήματος
3115 5263 3210 5319 τοῦ
3249 5262 3552 5325 κλαπέντος
3573 5276 3586 5288 ·
3611 5258 3757 5313 ἔστιν
3777 5255 3858 5307 ὅτε

2280 5363 2374 5418 καὶ
2422 5362 2518 5417 τοῦ
2571 5365 2961 5433 διαφέροντος*
2993 5362 3089 5417 τοῦ
3140 5363 3198 5417 δὲ
3253 5360 3516 5431 ἀφανοῦς,
3561 5359 3643 5420 είς
3686 5355 3745 5410 τὸ
3789 5351 3860 5404 δι-

2280 5456 2450 5512 πλοῦν
2471 5475 2484 5489 ·
2533 5457 2628 5512 καὶ
2658 5459 2743 5527 ἐφ’
2775 5458 3063 5529 ἐκατέρου,
3095 5457 3295 5525 ἔξωθεν
3323 5455 3424 5527 τῆς
3456 5451 3714 5522 τοιαύτης
3735 5445 3860 5502 δίδο-

2281 5567 2374 5605 ται
2423 5551 2485 5604 τὸ
2534 5553 2772 5624 πρᾶγμα
2819 5553 2852 5623 ἢ
2903 5554 2937 5621 ἡ
2986 5551 3310 5622 διατίμησις
3354 5547 3544 5603 αὑτοῦ.

2369 5642 2428 5696 Ὁ
2450 5642 2507 5697 δὲ
2530 5644 2639 5697 ἀπὸ
2655 5643 2993 5717 ἐμπρησμοῦ
3015 5645 3046 5715 ἢ
3071 5644 3333 5714 ναυαγίου
3351 5640 3649 5713 λαμϐάνων
3679 5631 3858 5700 ἔξωθεν

2283 5732 2379 5787 τοῦ
2402 5734 2752 5806 πράγματος,
2773 5735 2988 5789 δίδωσιν
3015 5736 3147 5788 εἵσω
3181 5734 3277 5803 μὲν
3294 5733 3530 5787 ούτιλίου
3548 5722 3789 5784 ἐνιαυτοῦ
3806 5717 3856 5769 τδ

2286 5827 2626 5896 τετραπλοῦν
2647 5827 2723 5898 τῷ
2745 5827 3027 5891 κλαπέντι,
3044 5825 3229 5896 καὶτῷ
3249 5825 3430 5896 φίσκῳ
3445 5823 3505 5877 τὺ
3520 5811 3854 5890 τετραπλοῦν·

2293 5918 2432 5990 μετὰ
2462 5918 2520 5973 δὲ
2549 5919 2641 5974 τὸν
2691 5920 2962 5988 ἐνιαυτὸν,
3013 5919 3074 5972 τὸ
3117 5916 3345 5984 ἁπλοῦν,
3375 5916 3452 5981 ὼς
3500 5913 3642 5987 βιὸλ,
3685 5915 3736 5976 ς’
3775 5898 3855 5957 τοῦ
