4156 6430
346 409 452 470 ῚἸἾ
1084 419 1484 479 ΒΥΝΤΑΕΜΑ
1521 420 1907 507 CANQNUM.
1939 448 2009 458 —
2035 425 2182 486 TIT.
2219 427 2302 487 IX
2323 475 2338 502 ,
2375 429 2531 490 CAP-
2563 432 2838 495 XXVIII-
3508 448 3617 512 778

349 517 480 570 ιιώδ.
505 517 590 569 τίτ
620 558 634 583 ,
665 517 732 589 β’,
764 519 904 575 διάτ.
934 521 1023 591 ιη’,
1056 528 1148 577 καὶ
1181 527 1330 596 ἐντῷ
1358 524 1403 580 0'
1428 527 1534 582 τίτ.
1563 527 1658 580 τοῦ
1683 529 1756 599 μζ
1797 529 1897 600 βιϐ]

1993 533 2125 593 tm.
2159 533 2216 602 ε,
2247 547 2424 592 const.
2458 538 2548 603 ts,
2576 548 2631 594 et
2657 541 2742 595 tit.
2776 542 2830 608 9,
2862 543 2959 598 lib.
2990 560 3134 602 mu
3172 521 3429 623 [dicunt].
3453 553 3617 625 δυο

430 607 518 670 Ὧς
547 609 641 662 ἐπὶ
670 611 731 664 τὺ
760 613 894 665 πολὺ
923 616 978 667 δὲ
1008 617 1430 685 ὲγκληματικῶς
1459 619 1507 671 οἱ
1539 619 1770 673 κλέπται
1808 639 1897 674 και

2037 624 2366 698 Plerumque
2398 631 2759 686 criminaliter
2793 635 3059 706 scriptura
3097 643 3430 708 praecedente
3461 645 3613 700 fures

348 698 707 769 ηγοροῦνται,
735 703 946 774 κλοπῆς
979 709 1321 779 ἡγουμένης,
1350 709 1428 770 ὡς
1456 711 1562 779 δίγ.
1593 709 1680 778 ιιγ’
1707 711 1801 764 τοῦ
1832 715 1897 766 αὐ

2037 729 2396 787 accusantur,
2463 726 2921 794 quemadmodum
2978 730 3173 798 digest.
3219 734 3324 798 95,
3371 734 3613 802 ejusdem

347 791 444 845 τοῦ
472 793 576 846 τίτ.
629 795 724 848 καὶ
769 799 801 866 ἡ
853 797 950 851 τοῦ
1005 799 1194 852 διπλοῦ
1227 801 1384 872 ἢτοῦ
1427 802 1732 874 τετραπλοῦ
1775 822 1896 857 ποιν

2034 806 2117 860 tit.
2145 805 2234 878 [de
2259 809 2416 864 furtis
2443 791 2724 886 traditur,]
2755 791 2811 870 et
2831 827 3010 872 cessat
3032 791 3180 891 dupli
3208 833 3300 876 aut
3323 791 3611 895 quadrupli

346 886 539 955 ἀργεῖ·
575 888 788 958 εἴρηται
819 891 927 958 γὰρ
961 891 1070 960 δίγ.
1105 891 1183 956 νζ¹
1214 894 1309 947 τοῦ
1343 894 1532 958 αὐτοῦ.
1582 896 1664 949 ὅτι
1710 897 1804 951 ἐάν
1849 914 1897 949 τι

2033 912 2218 966 paena.
2250 899 2458 956 Dicitur
2487 905 2634 959 enim
2665 906 2863 975 digest.
2893 909 2989 975 57,
3018 886 3262 981 ejusdem
3301 886 3436 987 |t-it.]
3465 886 3610 986 quod

345 977 438 1028 τὸν
467 977 710 1048 κλέπτην
745 981 971 1050 παραδῷ
1000 985 1360 1056 νυκτεπάρχῳ
1390 987 1422 1058 ἢ
1455 986 1532 1058 τῷ
1558 988 1801 1058 ἄρχοντι,
1838 1007 1897 1042 κα

2032 990 2079 1044 si
2113 990 2237 1060 quis
2270 991 2447 1049 furem
2485 997 2660 1051 tradat
2693 998 2948 1068 praefecto
2982 977 3203 1073 vigilum
3239 977 3334 1061 aut
3361 977 3609 1077 pczcsidi.

349 1066 775 1132 καταδικασθεὶς
811 1071 1069 1144 παράσχῃ
1109 1073 1171 1126 τὸ
1213 1077 1451 1145 πρᾶγμα
1481 1078 1513 1148 ἢ
1542 1078 1641 1147 τὴν
1671 1079 1894 1149 διατίμη

2031 1088 2084 1132 et
2112 1078 2254 1152 [ille]
2285 1066 2834 1144 cettdemnatusrem
2867 1066 3063 1161 ejusve
3090 1096 3322 1163 pretium
3354 1066 3560 1153 dederit
3593 1119 3607 1153 :

345 1173 431 1209 σιν
457 1157 648 1223 αὑτοῦ,
669 1160 977 1230 ἀναιρεῖται
1008 1165 1041 1232 ἡ
1076 1167 1199 1217 κατ’
1229 1167 1393 1219 αὐτοῦ
1433 1169 1624 1238 ἀγωγὴ
1657 1169 1733 1232 ὼς
1762 1171 1892 1222 αὐτο

2031 1167 2256 1224 tollatur
2281 1170 2547 1229 adversus
2578 1176 2754 1245 ipsum
2787 1157 2967 1246 actio,
2996 1157 3167 1254 [ideo]
3193 1187 3336 1253 quod
3365 1185 3454 1256 [de
3486 1203 3607 1241 ma-

340 1247 826 1314 κινδυνεύσαντος·
877 1254 907 1305 6
937 1253 993 1307 δὲ
1036 1256 1461 1321 καταδικασθεὶς
1506 1260 1602 1312 ἐπὶ
1650 1260 1846 1331 κλοπῇ,
1890 1280 1897 1291 ·

2024 1259 2142 1326 jorc
2175 1262 2358 1334 pmna]
2395 1266 2748 1331 periclitetur.
2779 1270 2880 1337 Qui
2927 1247 3105 1328 autem
3148 1247 3277 1330 furti
3317 1247 3609 1335 damnatus

341 1337 572 1405 φιλικῶς
627 1341 967 1411 ἀπαλλαγεὶς
1019 1345 1116 1398 ἐπὶ
1170 1345 1315 1400 δόσει
1364 1349 1681 1418 χρημάτων,
1733 1350 1897 1420 ἄτιμο

2027 1361 2137 1414 est,
2167 1361 2263 1406 aut
2292 1355 2467 1411 amice
2495 1357 2636 1412 datis
2665 1361 2909 1429 pecuniis
2943 1362 3031 1434 [de
3060 1365 3150 1437 eo]
3185 1371 3448 1439 transegit
3475 1388 3488 1424 :
3524 1371 3609 1424 ln-

340 1429 567 1499 γίνεται,
618 1432 695 1495 ὡς
743 1433 885 1502 βιϐλ.
932 1434 1004 1504 γ’,
1061 1436 1168 1491 τίτ.
1228 1435 1295 1507 β’,
1346 1439 1454 1507 δίγ.
1509 1437 1575 1509 β’,
1627 1440 1807 1496 κανὼν
1847 1440 1897 1506 ς’

2026 1439 2187 1496 famis
2213 1444 2477 1513 redditur,
2501 1458 2562 1502 ut
2585 1449 2679 1503 lib.
2701 1466 2783 1516 ιιι,
2806 1454 2888 1508 tit.
2913 1429 2967 1518 2—,
2987 1429 3254 1526 digesti,
3273 1429 3458 1514 cattott-
3477 1461 3531 1515 6.

421 1522 556 1591 Περὶ
600 1522 977 1593 τυμϐωρύχων
1004 1528 1237 1594 γενικῶς
1268 1529 1625 1601 διαλαμϐάνει
1652 1533 1680 1585 6
1719 1531 1782 1602 ιβ’
1814 1535 1897 1587 τίτ

2100 1531 2314 1591 Texms.
2352 1535 2427 1592 De
2467 1540 2840 1609 sepulcrorum
2880 1546 3239 1604 violatoribus
3280 1554 3604 1620 generaliter

334 1609 429 1663 τοῦ
467 1618 558 1681 μη¹
593 1611 733 1681 βιϐλ.
777 1619 834 1666 έν
859 1608 903 1682 ᾧ
936 1633 1122 1687 φησιν,
1153 1619 1260 1672 ὅτι.
1297 1620 1406 1672 Καὶ
1435 1625 1792 1692 χρηματικῶς
1828 1642 1897 1677 κα

2025 1632 2224 1680 tractat
2251 1627 2332 1680 tit.
2365 1629 2460 1694 12,
2489 1608 2583 1685 lib.
2622 1648 2812 1696 vaut,
2837 1650 2960 1690 cum
2988 1638 3120 1692 dicit
3147 1657 3159 1693 :
3194 1608 3466 1711 [sepulcri
3493 1645 3606 1700 vio-

334 1700 757 1771 ἑγκληματικῶς
803 1705 1154 1760 ὑπόκεινται·
1189 1712 1282 1763 καὶ
1337 1711 1484 1763 ἔστιν
1525 1713 1558 1782 ή
1607 1717 1897 1784 χρηματικῆ

2023 1714 2119 1768 lati
2150 1717 2301 1789 reus]
2337 1726 2451 1774 tum
2487 1724 2804 1791 pecuniarie
2837 1738 2952 1782 tum
2985 1731 3340 1787 criminaliter
3367 1745 3600 1791 tenetur.

333 1793 518 1862 ποινὴ,
545 1793 676 1845 ποτὲ
711 1795 810 1864 μὲν
837 1798 916 1859 εἰς
942 1794 1014 1866 ρ’,
1049 1799 1185 1852 ποτὲ
1217 1800 1274 1853 δὲ
1302 1803 1384 1866 εἱς
1412 1808 1476 1870 σ’,
1510 1804 1640 1856 ποτε
1672 1805 1728 1858 δὲ
1760 1808 1837 1869 εἱς
1860 1808 1897 1859 τὲ

2021 1809 2100 1864 Ac
2153 1813 2470 1880 pecuniaria
2528 1812 2822 1890 [quidem]
2880 1835 3039 1888 puana
3091 1821 3227 1878 alias
3282 1824 3336 1877 in
3385 1837 3602 1882 centum

334 1880 594 1952 διαφέρον
623 1883 725 1953 τῆς
751 1888 1048 1960 γενομένης
1107 1889 1333 1962 ζημίας,
1370 1895 1463 1948 καὶ
1489 1895 1681 1965 ἄτιμος
1711 1897 1896 1967 γίνετα

1993 1916 1994 1923 ‘
2022 1914 2245 1968 aureos,
2276 1903 2414 1961 alias
2449 1905 2502 1958 in
2528 1907 2826 1972 ducentos,
2861 1911 2996 1966 alias
3025 1913 3091 1966 ad
3127 1914 3180 1968 id
3206 1917 3349 1986 quod
3377 1917 3604 1973 interest

331 1971 360 2023 ὁ
385 1972 908 2044 καταδικαζόμενος.

2017 1991 2280 2048 damnum
2309 1994 2517 2052 factum
2547 2014 2670 2055 esse
2697 2003 2964 2073 procedit.
2987 2005 3394 2066 Condemnatus
3419 2022 3600 2068 autem

2017 2083 2239 2141 infamis
2271 2087 2350 2142 fit.

398 2154 467 2206 Οἱ
500 2153 556 2207 δὲ
591 2155 1102 2228 τυμϐωρυχοῦντες,
1131 2165 1181 2216 εἱ
1211 2166 1311 2234 μὲν
1344 2167 1484 2236 μετὰ
1509 2168 1709 2235 ὅπλων,
1741 2187 1916 2240 κεφα-

327 2241 500 2306 λικῶς
531 2262 899 2317 τιμωρουνται
921 2266 935 2280 ·
967 2253 1015 2304 εἱ
1046 2252 1102 2304 δὲ
1134 2254 1305 2324 χωρὶς
1337 2257 1538 2324 ὃπλων,
1573 2259 1736 2330 μέχρι
1781 2264 1908 2332 μἐτο

325 2333 506 2389 ἀλλων
530 2351 546 2368 ·
576 2338 625 2391 οἱ
653 2339 709 2390 δὲ
746 2341 814 2392 τὰ
845 2339 1073 2402 λείψανα
1113 2345 1146 2416 ἢ
1193 2349 1261 2398 τὰ
1287 2347 1420 2402 ὀστᾶ
1469 2350 1910 2421 μετακινοῦντες,

329 2425 570 2490 εὐτελεῖς
605 2430 703 2497 μὲν
734 2431 910 2500 ὅντες,
939 2436 1127 2505 ἄκρως
1151 2439 1562 2509 τιμωροῦνται·
1581 2443 1630 2494 οἱ
1659 2442 1716 2496 δὲ
1739 2442 1912 2504 ἄλλως

330 2517 465 2586 περὶ
514 2523 777 2590 μνημεῖον
832 2525 1306 2595 πλημμελοῦντες,
1351 2529 1708 2601 ἐξορίξονται,
1749 2533 1783 2605 ἢ
1832 2536 1914 2598 εἰς

328 2605 598 2673 μέταλλον
641 2613 1131 2678 καταδικάζονται·
1174 2618 1293 2683 πῶς
1336 2619 1394 2674 δὲ
1427 2620 1650 2676 δυνατὸν
1695 2623 1913 2678 ἀκινδύ-

324 2713 437 2762 νως
483 2701 576 2754 καὶ
616 2702 868 2774 ἀζημίως
917 2709 1246 2779 μεταφέρειν
1275 2709 1528 2782 λείψανα,
1561 2715 1659 2768 καὶ
1689 2715 1914 2785 φιλοκα-

318 2789 436 2842 λείν
464 2795 748 2863 μνημεῖον,
778 2795 1018 2852 διδάσκει
1046 2801 1075 2853 6
1115 2801 1280 2866 αὐτὸς
1312 2804 1418 2860 τίτ.
1446 2808 1541 2858 καὶ
1573 2806 1602 2859 6
1632 2805 1680 2870 ζ’
1711 2807 1807 2863 τοῦ
1838 2806 1906 2860 ια’
1965 2817 1970 2828 ⁸

320 2880 470 2950 βιϐλ.
507 2882 616 2935 τῶν
645 2885 755 2954 διγ.
791 2888 1111 2944 ὑπόκεινται
1139 2890 1196 2943 δὲ
1228 2895 1277 2946 οἱ
1309 2894 1682 2966 τυμϐωρύχοι,
1712 2899 1910 2970 καὶτῷ

319 2973 454 3042 περὶ
489 2974 794 3044 ἱεροσυλίας·
815 2979 987 3051 νόμῳ,
1019 2981 1096 3045 ὡς
1126 2982 1274 3052 βιϐλ.
1304 2991 1421 3056 μη’,
1454 2987 1562 3042 τίτ.
1594 2993 1685 3058 ιγ’,
1703 2987 1842 3042 διάτ.
1869 2987 1908 3042 ε’

313 3063 412 3116 τοῦ
467 3062 530 3117 ιθ¹
577 3067 683 3120 τίτ.
733 3069 829 3121 τοῦ
860 3069 908 3122 θ’
960 3071 1104 3145 βιϐλ.
1141 3075 1236 3128 τοῦ
1267 3075 1423 3141 κώδ.,
1474 3072 1616 3149 ὲνῷ
1665 3081 1762 3136 καὶ
1809 3080 1908 3145 τὰς

315 3159 671 3226 χρηματικὰς
699 3159 852 3225 αὔξει
880 3163 1072 3226 ποινὰς
1095 3204 1114 3232 ,
1172 3166 1306 3220 ποτὲ
1353 3168 1454 3238 μὲν
1486 3171 1741 3243 στέρησιν
1775 3176 1907 3245 κτή-

317 3263 495 3314 ματος
526 3246 558 3318 ﬂ
591 3249 767 3320 ἀγροῦ
794 3251 827 3324 ἢ
857 3254 1010 3308 οἴκου
1036 3255 1280 3326 ἐπάγων,
1316 3259 1412 3313 ἐὰν
1457 3262 1537 3325 εἱς
1572 3239 1768 3328 αὐτοὺς
1800 3239 1900 3340 ὕλη
1931 3239 1973 3297 C

312 3337 592 3410 ἀπενεχθῇ
637 3342 746 3394 άπὸ
796 3345 1100 3415 μνημείου·
1149 3350 1282 3402 ποτε
1325 3351 1378 3404 δὲ
1415 3350 1445 3404 ι’
1478 3352 1676 3424 λιτρῶν
1708 3337 1900 3429 ποινὴν

313 3429 562 3496 ἐπάγων,
595 3432 688 3484 καὶ
719 3438 766 3485 κ’
791 3434 868 3505 τῷ
892 3436 1115 3507 ἄρχοντι
1145 3442 1222 3511 μὴ
1244 3441 1513 3507 ἐπεξιόντι
1539 3459 1551 3474 ⁸
1579 3446 1672 3498 καὶ
1697 3447 1755 3500 ὲν
1780 3452 1900 3512 ταῖς

313 3518 554 3586 ἡμέραις
599 3519 657 3572 δὲ
708 3521 803 3575 τοῦ
848 3524 1042 3592 Πάσχα
1075 3529 1124 3580 οἱ
1171 3530 1522 3602 τυμϐωρύχοι
1567 3535 1898 3603 ἐγκλείονται

311 3607 404 3659 καὶ
459 3606 808 3679 δεσμοῦνται,
866 3617 946 3681 ὡς
1005 3617 1148 3688 βιϐλ.
1180 3617 1230 3674 α’
1280 3621 1378 3677 τοῦ
1435 3623 1616 3694 κώδ.,
1665 3630 1769 3684 τίτ.
1831 3631 1893 3694 δ’,

307 3694 454 3750 διάτ.
496 3695 570 3766 γ’.

375 3976 635 4033 ΚΕΦΑΛ.
663 3979 801 4035 Kll'.
836 4015 906 4025 —
937 3989 1078 4056 Περὶ
1121 3988 1242 4045 τῶν
1261 3991 1760 4066 βδελυττομένων
1785 3999 1891 4053 τὸν

301 4067 498 4138 γάμον
524 4070 563 4139 ἢ
591 4071 701 4126 τὸν
730 4069 908 4130 οἶνον
938 4078 977 4146 ἣ
1011 4079 1086 4134 τὰ
1120 4083 1286 4150 κρέα.

661 4163 1050 4224 Ἀποστόλων
1081 4173 1284 4228 κανὼν
1315 4173 1414 4241 να’,
1443 4175 1542 4246 νγ’.

371 4258 478 4307 νει’.
521 4255 590 4309 Et
614 4272 700 4321 τις
729 4259 1102 4335 ὲπίσκοπος,ἥ
1132 4267 1524 4340 πρεσϐύτερος,
1552 4270 1584 4341 ἢ
1619 4271 1884 4340 διάκονος,

299 4339 334 4410 ἢ
388 4339 532 4405 ὅλως
573 4347 670 4400 τσῦ
704 4350 1010 4422 καταλόγου
1056 4355 1152 4411 τοῦ
1207 4339 1507 4431 ἱερατικοῦ,
1560 4339 1742 4434 γάμου
1795 4339 1886 4420 κοιλ⁴

298 4431 503 4501 κρεῶν,
534 4450 590 4488 κ.
620 4452 673 4490 τ.
709 4439 760 4494 λ.

237 4513 240 4516 ’
366 4518 473 4589 νγ¹.
501 4524 569 4576 El’
595 4543 679 4590 τις
703 4529 1024 4600 ἐπίσκοπος,
1057 4537 1092 4609 ἢ
1125 4540 1520 4614 πρεσϐύτερος,

295 4611 352 4662 ἐν
379 4615 508 4680 ταῖς
536 4617 773 4688 ἡμέραις
803 4623 911 4676 τῶν
942 4611 1177 4696 ἑορτῶν,
1200 4648 1255 4686 κ.
1287 4649 1338 4687 τ.
1368 4611 1418 4689 λ.

610 4713 883 4770 Συνόδου
919 4717 1207 4790 Ἀγκύρας
1238 4726 1440 4783 κανὼν
1477 4729 1554 4783 ιδ’.

368 4796 452 4850 ιδ’.
495 4797 636 4864 Τοὺς
681 4803 741 4858 ἐν
787 4806 974 4882 κλήρῳ
1027 4813 1434 4888 πρεσϐυτέρους
1477 4819 1635 4886 ὄντας
1681 4825 1714 4895 ἢ
1760 4825 1875 4878 δια-

290 4889 503 4957 κόνους,
530 4910 586 4948 κ.
619 4911 668 4949 τ.
705 4896 754 4951 λ.

395 4983 670 5075 ξυνόδου
697 4989 1120 5064 οἱκουμενικῆς
1146 4997 1328 5069 ἕκτης
1359 5003 1562 5059 κανὼν
1584 5005 1670 5075 ιγ’,
1702 5007 1765 5060 λ’.

359 5066 449 5168 ιγ’.
497 5071 716 5147 Ἐπειδὴ
753 5080 811 5132 ἐν
842 5085 908 5152 τῇ
948 5083 1236 5155 Ῥωμαίων
1277 5066 1625 5168 Ἑκκλησίᾳί
1738 5116 1787 5151 τ.
1817 5097 1864 5154 λ.

355 5157 421 5214 λ’.
465 5163 650 5218 Πάντα
699 5169 837 5238 πρὸς
888 5173 1178 5248 οἰκοδομὴν
1224 5181 1319 5253 τῆς
1367 5157 1694 5256 Ἐκκλησίας
1746 5191 1869 5261 βου-

288 5245 501 5318 λόμενοι
547 5254 998 5331 διαπράττεσθαι,
1049 5268 1145 5321 καὶ
1190 5272 1319 5336 τοὺς
1362 5275 1422 5329 ἐν
1452 5279 1569 5340 ταῖς
1604 5270 1867 5354 βαρϐαρι-

290 5342 411 5441 καῖς
463 5343 816 5420 Ἐκκλησίαις
861 5355 1044 5426 ἱερέας
1099 5362 1408 5436 οἰκονομεῖν
1451 5342 1863 5444 διεγνῶκάμεν·

286 5427 425 5484 ὥστε
451 5436 499 5487 εἰ
527 5439 618 5492 τὸν
647 5442 1008 5503 ἅποστολικὸν
1039 5453 1239 5508 κανόνα
1257 5498 1272 5521 ,
1305 5458 1397 5510 τὸν
1451 5462 1580 5532 περὶ
1611 5465 1706 5517 τοῦ
1733 5483 1866 5538 προ-

287 5521 446 5588 φάσει
471 5527 758 5599 εὐλαϐείας
793 5539 893 5608 τὴν
924 5542 1134 5597 οἰκείαν
1160 5551 1411 5620 γαμετὴν
1446 5521 1857 5628 μὴιέκϐάλλέιν,

291 5615 745 5691 ὖπεραναϐαίνειν
772 5633 976 5691 οῑονται
1006 5639 1140 5706 δεῖν,
1180 5615 1275 5698 καὶ
1303 5615 1459 5717 πέριι⁷
1476 5615 1586 5706 silv
1612 5615 1860 5725 ὀρισθένζ

287 5723 394 5808 των
422 5719 614 5786 ποιεῖν,
657 5723 722 5776 ἐκ
744 5724 935 5780 τούτου
970 5747 1031 5782 τε
1069 5735 1207 5802 μετὰ
1240 5736 1350 5791 τῶν
1381 5741 1596 5798 οἰκείων
1624 5763 1856 5818 συμφω-

289 5797 495 5870 νοῦντες
534 5809 798 5878 συμϐίων,
842 5814 945 5886 τῆς
995 5797 1136 5890 πρὸς
1183 5825 1444 5897 ἀλλήλους
1486 5797 1853 5900 mitiga;-

601 5900 875 5968 PATROL.
923 5909 1035 5975 Gn;
1087 5914 1243 5980 CIV.

2086 2177 2189 2244 Qui
2222 2180 2471 2250 sepulcra
2498 2183 2722 2251 violant,
2750 2187 2795 2241 si
2819 2189 3015 2243 armati
3045 2188 3122 2261 [id
3151 2190 3396 2265 faciant],
3421 2196 3600 2264 capite

2013 2268 2324 2338 plectantur
2352 2290 2366 2326 :
2393 2272 2438 2329 si
2473 2275 2591 2330 sine
2617 2278 2807 2345 armis,
2832 2295 3004 2350 usque
3031 2282 3098 2336 ad
3128 2285 3330 2340 metalli
3357 2283 3598 2358 [prunam

2011 2364 2378 2438 proceditur.]
2421 2366 2526 2433 Qui
2561 2384 2691 2424 vero
2734 2371 2996 2443 reliquias
3044 2384 3138 2429 aut
3179 2391 3304 2432 ossa
3345 2394 3597 2434 remore-

2012 2455 2153 2524 rint,
2205 2458 2250 2514 si
2312 2461 2537 2516 humilis
2589 2462 2825 2520 fortunae
2876 2466 3016 2533 sint,
3063 2484 3280 2524 summo
3331 2473 3598 2542 supplicio

2015 2546 2324 2604 adiciuntur
2362 2569 2375 2605 :
2415 2553 2461 2607 si
2506 2555 2753 2627 honesti,
2790 2557 3167 2628 deportantur.
3204 2562 3306 2627 Qui
3349 2564 3505 2618 aliter
3539 2565 3594 2619 in
3697 2567 3700 2572 ’

2011 2650 2424 2697 monumentum
2485 2644 2814 2719 [quidpiam]
2861 2652 3269 2716 commiserint,
3313 2663 3410 2709 aut
3458 2656 3596 2709 rele-

2009 2741 2232 2800 gantur,
2263 2743 2360 2789 aut
2397 2736 2450 2790 in
2488 2739 2767 2793 metallum
2803 2742 3153 2798 damnantur.
3190 2743 3292 2811 Qui
3329 2747 3468 2802 idem
3507 2749 3590 2802 tit.

2009 2839 2073 2877 ac
2103 2824 2158 2890 7,
2187 2825 2281 2879 lib.
2316 2843 2354 2881 ιι
2393 2827 2510 2897 Dig.
2545 2828 2753 2904 [etiam]
2779 2833 2955 2898 docet,
2987 2838 3263 2904 quomodo
3287 2839 3419 2894 citra
3447 2845 3592 2909 peri-

2008 2914 2195 2968 culum
2224 2925 2278 2970 et
2308 2916 2569 2973 damnum
2597 2932 2937 2979 mortuorum
2969 2941 3198 2997 corpora
3231 2930 3514 2987 transferri
3537 2941 3590 2988 ct

2008 3016 2366 3062 monumenta
2397 3012 2656 3066 exornari
2685 3015 2916 3083 possint.
2945 3013 3050 3083 Qui
3079 3020 3326 3090 sepulcra
3359 3023 3586 3085 violant.

2007 3094 2170 3152 etiam
2203 3099 2477 3169 sacrilegii
2509 3102 2629 3174 lege
2665 3113 2935 3174 tenentur,
2965 3117 3025 3163 ut
3050 3110 3145 3166 lib.
3174 3128 3363 3182 ιιγιιι,
3393 3116 3475 3170 tit.
3506 3119 3589 3182 15,

2006 3196 2061 3242 et
2103 3198 2280 3245 const.
2306 3190 2370 3255 5,
2401 3194 2486 3248 tit.
2526 3196 2622 3262 19,
2653 3197 2747 3252 lib.
2777 3214 2862 3266 ιιι,
2899 3200 3021 3256 cod.
3055 3200 3336 3278 [traditur]
3381 3208 3433 3261 in
3481 3225 3589 3280 quo

2010 3275 2337 3348 [posteriore
2368 3283 2477 3356 tit.]
2511 3302 2683 3357 pains:
2709 3289 2873 3344 eliam
2906 3303 3194 3363 augentur,
3218 3297 3355 3352 alias
3381 3316 3586 3368 posses-

2002 3367 2253 3436 sionutn,
2282 3373 2430 3443 agri,
2463 3384 2560 3428 aut
2587 3377 2815 3446 domus,
2838 3381 2884 3435 si
2912 3379 2967 3434 in
2999 3397 3062 3436 ea
3093 3387 3322 3440 materia
3356 3367 3587 3463 [aliqua]

1999 3457 2067 3512 de
2089 3474 2446 3520 monumento
2469 3464 2759 3542 [detracta]
2783 3482 3060 3542 asportata
3083 3475 3266 3544 fuerit,
3286 3457 3587 3549 pri—vatione

2002 3548 2224 3608 inducta
2262 3572 2276 3608 :
2313 3556 2450 3613 alias
2484 3559 2673 3615 decem
2713 3564 2895 3632 pondo
2928 3564 3073 3637 [auri
3109 3570 3359 3644 reis],et
3394 3574 3584 3643 viginti

1998 3643 2343 3712 magistratui
2413 3651 2583 3704 multa
2643 3651 2921 3725 irrogata.
2975 3643 3230 3732 Denique,
3279 3664 3334 3719 in
3391 3667 3585 3722 diebus

1997 3731 2282 3793 Pascltatis
2340 3743 2718 3811 sepulcrorum
2779 3749 3069 3809 violatores
3123 3754 3212 3826 [in
3270 3760 3582 3832 carcerem]

1998 3826 2358 3885 includuntur
2387 3843 2552 3904 atque
2584 3839 2920 3909 vinciuntur,
2949 3854 3008 3902 ιιι
3039 3846 3138 3902 lib.
3177 3862 3222 3914 I,
3253 3850 3376 3905 cod.
3413 3851 3492 3906 tit.
3517 3826 3579 3917 4,

1992 3928 2172 3976 const.
2199 3922 2253 3990 5,
2280 3923 2586 4002 [traditur.]

2059 4010 2218 4084 301
2287 4015 2441 4073 CAP.
2475 4018 2713 4088 XXVIII,
2752 4053 2825 4066 --
2856 4023 2934 4080 De
2983 4028 3426 4097 vituperatoribus
3479 4051 3580 4088 nu-

1988 4103 2242 4174 ptiarum,
2275 4109 2384 4164 uini
2405 4119 2457 4164 et
2479 4114 2747 4174 carnium.
3428 4166 3436 4171 -

2341 4201 2716 4272 Apostolorum
2745 4223 2971 4264 canones
2999 4210 3088 4277 5|,
3128 4211 3219 4268 55.

2060 4288 2120 4343 5|
2153 4289 2296 4363 [50].
2333 4292 2390 4348 Si
2422 4298 2548 4366 quis
2579 4299 2890 4370 episc0pu6,
2937 4303 3234 4375 presbyter.
3269 4306 3352 4360 vel
3383 4307 3576 4364 diaco-

1988 4393 2116 4444 nus,
2179 4382 2264 4438 vel
2309 4385 2500 4444 omnia
2559 4403 2627 4445 ex
2673 4393 2999 4448 sacerdotali
3055 4411 3307 4463 numero,
3341 4406 3448 4454 etc.
3508 4414 3565 4454 ul

1985 4487 2106 4541 pag.
2137 4473 2234 4528 751
2249 4515 2261 4527 .

1552 4545 1586 4616 ἢ
1613 4545 1876 4614 διάκονος,

2063 4565 2133 4620 52
2165 4566 2304 4643 [55].
2354 4570 2411 4626 Si
2450 4574 2576 4643 quis
2623 4576 2936 4648 episcopus,
2989 4582 3074 4636 vel
3127 4584 3428 4657 presbyter,
3484 4591 3568 4645 vel

1981 4653 2251 4716 diaconus
2281 4661 2335 4716 in
2365 4661 2518 4719 festis
2544 4666 2754 4730 diebus,
2781 4680 2886 4724 etc.
2919 4683 2978 4724 ιιι
2997 4690 3122 4743 pag.
3155 4675 3278 4730 746.

2352 4756 2581 4812 Concilii
2613 4765 2884 4834 Ancyrani
2914 4782 3085 4820 canon
3116 4769 3203 4823 14.

2048 4839 2135 4895 id.
2173 4841 2277 4908 Qui
2316 4844 2370 4900 in
2399 4846 2547 4902 clero
2590 4859 2739 4916 sunt,
2772 4855 3118 4925 presbyteros
3165 4860 3249 4914 vcl
3283 4861 3564 4930 diaconos,

1974 4934 2032 4979 ut
2057 4945 2182 5002 pag.
2219 4933 2344 4987 747.

2174 5023 2403 5080 Concilii
2437 5035 2742 5088 tecumenici
2771 5052 2844 5103 Vl,
2874 5054 3098 5094 canones
3127 5041 3215 5107 15,
3245 5044 3336 5102 50.

2043 5107 2130 5161 15.
2157 5109 2427 5174 Quoniam
2461 5115 2726 5175 Romanae
2745 5122 3025 5192 Ecclesiae,
3059 5139 3165 5185 etc.
3193 5141 3250 5183 ut
3278 5150 3403 5204 pag.
3431 5135 3555 5192 759.

2041 5198 2130 5254 50.
2165 5201 2245 5256 Ad
2276 5205 2533 5265 Eetlesia:
2570 5212 2982 5272 aedificationem
3014 5223 3197 5276 omnia
3242 5198 3421 5280 facere
3459 5243 3560 5281 vo-

1969 5287 2177 5359 lentes,
2212 5297 2378 5352 etiam
2428 5304 2778 5372 sacerdotes,
2823 5309 2917 5378 qui
2966 5319 3094 5366 sunt
3141 5313 3196 5368 in
3248 5314 3558 5375 Barbaricis

1968 5377 2263 5453 Ecclesiis,
2303 5393 2590 5461 complecti
2643 5411 2775 5452 cura
2825 5403 3230 5460 constituimus.
3282 5407 3460 5472 Quare
3508 5414 3554 5465 si

1964 5477 2324 5541 apostolicum
2351 5496 2614 5537 canonem
2646 5487 2712 5541 de
2746 5504 2912 5545 uxore
2941 5508 3048 5547 non
3085 5496 3345 5564 ejicienda
3379 5501 3550 5568 pieta—

1964 5562 2035 5617 tis
2060 5580 2125 5619 ac
2151 5567 2430 5638 religionis
2461 5583 2750 5642 praetenu,
2782 5595 2841 5634 se
2878 5562 3193 5654 supergredi
3220 5587 3414 5642 debere
3436 5592 3550 5643 exi—

1962 5655 2223 5726 stimant;
2272 5669 2326 5714 et
2363 5662 2504 5717 ultra
2550 5681 2613 5720 ea
2655 5684 2779 5738 qua:
2823 5683 2953 5728 sunt
2986 5679 3304 5744 constituta,
3347 5677 3549 5744 facere,

1957 5756 2012 5803 et
2043 5749 2166 5805 ideo
2195 5756 2474 5810 communi
2501 5773 2627 5815 cum
2661 5764 2779 5818 suis
2811 5770 3162 5825 consortibus
3189 5774 3553 5827 conventione

1956 5847 2009 5894 et
2036 5855 2307 5899 consensu
2341 5844 2500 5915 inito,
2536 5865 2566 5904 a
2597 5860 2790 5909 mutua
2822 5859 3218 5917 consuetudine
3251 5861 3548 5932 abstinent,

3099 5953 3178 6018 25
