4156 6476
584 412 691 475 7Ξο

1717 414 1987 475 ΡΗΟΤΗ
2026 414 2533 477 ΡΑΤΒΙΑΒΟΗᾹΞ
2571 417 2690 477 CP.

3753 425 3858 489 780

581 525 877 582 statuimus
907 540 1004 581 eos
1031 540 1140 582 non
1160 526 1399 598 amplius
1429 540 1552 583 cum
1585 526 1692 582 illis
1730 526 1843 581 ullo
1875 525 2039 581 modo
2072 541 2165 583 co-

2272 526 2502 598 έχονται,
2528 528 2784 599 ὁρίζομεν
2813 528 3037 593 τούτους
3070 532 3267 602 μηκέτι
3299 531 3523 598 ταύταις
3570 540 3858 590 συνοικεῖν

581 617 830 674 habitare
880 619 1107 686 debere,
1144 628 1205 675 ut
1248 635 1318 675 eo
1352 620 1509 675 nobis
1559 618 1859 690 perfectam
1908 621 1995 674 sui
2047 634 2174 691 pro-

582 710 738 764 missi
773 711 1295 766 demonszrationem
1340 712 1636 783 praebeant.
1670 711 1784 767 Hoc
1832 722 2012 767 autem
2063 713 2173 769 illis

584 816 691 855 non
731 811 956 872 propter
988 804 1135 858 aliud
1180 819 1343 873 quam
1395 812 1615 873 propter
1657 819 1848 858 eorum
1881 804 2171 873 pusillani-

583 893 849 958 mitatem,
878 904 1280 965 extraneosque
1308 909 1373 949 ac
1422 909 1533 949 non
1582 894 1718 950 satis
1771 894 1959 950 firmos
1995 911 2172 951 mores

582 986 980 1041 Concessimns.

652 1077 813 1147 302
847 1076 1002 1133 CAP.
1041 1074 1235 1131 XXIX.
1268 1106 1338 1115 —
1360 1075 1435 1130 De
1458 1075 1617 1129 licitis
1640 1085 1689 1129 et
1713 1076 1917 1131 illicitis
1949 1079 2168 1147 nuptiis.

581 1170 650 1223 Et
690 1172 827 1239 quod
871 1171 1091 1223 lectores
1114 1171 1232 1239 jam
1274 1168 1491 1239 puberes
1546 1168 1869 1240 interrogari
1930 1179 2171 1239 oporteat

582 1272 757 1314 turum
772 1264 963 1315 nubere
987 1264 1168 1316 velint.
1203 1261 1271 1316 Et
1298 1263 1361 1315 de
1392 1260 1768 1329 concubinam,
1796 1264 2168 1330 [ornicalione,

578 1364 627 1407 et
668 1355 953 1408 adulterio.

747 1562 1126 1632 Apostolorum
1165 1579 1389 1618 canones
1422 1566 1512 1630 17,
1547 1566 1635 1631 18,
1668 1564 1753 1631 19,
1782 1565 1873 1630 25,
1909 1564 2000 1623 26.

656 1674 720 1727 17
777 1673 917 1746 [16].
978 1673 1081 1741 Qui
1122 1685 1248 1745 post
1299 1686 1550 1732 sanctum
1584 1678 1913 1749 baptismum
1952 1678 2169 1735 duobus

579 1765 906 1836 couijug'rbus
931 1765 1097 1821 fuerit
1131 1768 1453 1838 implicitus,
1488 1782 1619 1837 etc.,
1652 1783 1709 1825 ut
1741 1788 1860 1841 pag.
1892 1772 2012 1826 511.

2274 619 2397 673 καθ’
2444 619 2755 690 οίονδήποτε
2796 620 3022 691 τρόπον,
3070 622 3175 687 ἕως
3219 623 3286 677 ἂν
3314 624 3446 693 ἡμῖν
3492 624 3746 680 ὲντεῦθεν
3774 630 3856 680 ἐν·

2273 711 2403 781 τελῆ
2427 711 2525 781 τῆς
2559 710 2909 781 ὑποσχέσεως
2935 712 3227 783 παρέξοιεν
3252 713 3351 784 τὴν
3385 715 3658 782 ἀπόδειξιν
3679 731 3693 744 ’
3722 719 3859 788 πρὸς

2272 801 2435 857 τοῦτο
2467 802 2523 856 δὲ
2553 804 2762 867 αὐτοῖς,
2807 804 2868 857 οὐ
2910 803 2979 857 δι’
3012 804 3140 858 ἄλλο
3166 822 3218 857 τι
3248 804 3283 875 ἢ
3315 804 3403 859 διὰ
3444 806 3544 875 τὴν
3577 810 3676 875 τῆς
3713 807 3853 875 γνὼ-

2277 911 2384 964 μης
2420 894 2810 965 μικροψυχίαν,
2864 897 2960 950 καὶ
2992 896 3054 949 τὸ
3095 896 3202 950 τῶν
3251 896 3400 968 ἠθῶν
3442 898 3855 970 ἁπεξενωμένον

2275 988 2369 1038 καὶ
2395 986 2609 1053 ἀπαγὲς
2640 986 2908 1040 ὲνδεδὼκα
2914 1004 3035 1054 μεν.

2345 1077 2596 1131 ΚΕΦΑΛ.
2628 1077 2757 1132 KG’.
2782 1108 2851 1117 —
2876 1080 3015 1148 Περὶ
3055 1079 3571 1150 ἐπιςετραμμένων
3607 1082 3647 1150 ἢ
3683 1099 3857 1135 κεκω-

2272 1166 2551 1235 λυμένων
2592 1169 2833 1239 γάμων’
2874 1172 2971 1224 καί
3017 1173 3153 1240 περί
3187 1174 3292 1227 τοῦ
3336 1173 3667 1242 ἐρωτᾶσθαι
3714 1173 3852 1236 τοὺς

2272 1257 2667 1327 ἀναγνώστας
2698 1260 2968 1330 ἐφήϐους
3000 1262 3373 1331 γινομένους,
3424 1266 3477 1317 εί
3522 1264 3853 1327 ,βούλονται

2275 1350 2517 1417 γαμεῖν·
2575 1352 2673 1404 καὶ
2722 1352 2857 1421 περὶ
2906 1355 3359 1425 παλλακισμοῦ.
3404 1356 3502 1409 καί
3550 1359 3849 1425 πορνείας,

2272 1441 2369 1494 καὶ
2391 1446 2682 1511 μοιχείας.

2442 1562 2820 1616 ’.ἀποστόλων
2849 1564 3051 1621 κανὼν
3084 1563 3170 1629 ιζ’,
3204 1564 3297 1633 ιη’,
3332 1566 3418 1630 ιθ’,
3453 1573 3551 1633 κε’,
3581 1566 3698 1631 καῖ’.

2342 1670 2429 1736 ιζ’.
2495 1672 2554 1727 '0
2605 1674 2727 1727 δυσὶ
2779 1675 2978 1747 γάμοις
3044 1676 3387 1747 συμπλακεὶς
3440 1676 3581 1746 μετὰ
3643 1677 3706 1731 τὸ
3763 1678 3852 1749 βά-

2271 1781 2499 1835 πτισμα,
2531 1784 2586 1820 κ.
2617 1783 2669 1821 τ.
2706 1767 2753 1821 λ.

646 1857 714 1910 18
745 1856 882 1929 [17].
942 1856 1047 1923 Qui
1104 1859 1327 1913 viduam
1392 1863 1623 1931 accepit,
1672 1861 1756 1916 vel
1799 1861 2055 1931 ejeCtam,
2090 1862 2169 1915 vel

2348 1855 2439 1929 ιη’.
2472 1857 2534 1911 '0
2565 1859 2741 1931 χήραν
2773 1858 3037 1932 λαϐὼν,ἢ
3073 1861 3507 1934 ἐκϐεϐλημένην,
3540 1862 3575 1933 ἢ
3612 1862 3849 1935 ἑταίραν,

580 1951 942 2015 meretricem,
969 1950 1055 2005 vel
1079 1966 1316 2018 servam,
1346 1963 1431 2007 etc
1458 1993 1475 2018 ,
1512 1964 1567 2007 ut
1596 1970 1717 2021 pag.
1756 1954 1879 2009 511.

655 2042 721 2098 19
751 2042 890 2116 [18].
956 2045 1058 2110 Qui
1090 2046 1227 2102 duas
1282 2062 1505 2103 sorores
1563 2049 1742 2114 duxit,
1778 2054 1859 2106 vel
1888 2050 2176 2106 consobri-

584 2148 736 2199 nam,
763 2150 869 2189 non
900 2143 1080 2205 potest
1122 2151 1243 2193 esse
1267 2138 1521 2193 clericus.

663 2224 736 2278 25
764 2223 906 2297 [24].
963 2224 1288 2298 Episcopus,
1340 2228 1423 2283 vel
1470 2228 1772 2299 presbyter,
1801 2229 1885 2283 vel
1913 2229 2176 2285 diaconus

581 2316 961 2374 fornicationis
987 2320 1069 2373 vel
1092 2321 1339 2391 perjnrii,
1373 2330 1504 2388 etc.,
1534 2330 1591 2374 ut
1614 2338 1735 2391 pag.
1769 2323 1897 2378 745.

650 2410 721 2465 ‘26
749 2408 887 2483 [25].
934 2410 1013 2466 Ex
1079 2412 1169 2478 iis,
1201 2414 1295 2483 qui
1326 2430 1434 2467 non
1473 2415 1631 2468 ducta
1669 2430 1839 2470 uxore
1870 2417 1938 2470 ad
1965 2415 2170 2471 clerum

582 2503 817 2571 promoti
862 2512 1010 2570 sunt,
1059 2503 1339 2571 jubemus,
1382 2505 1427 2560 si
1479 2505 1646 2561 velint
1697 2521 1923 2562 uxorem
1972 2509 2174 2565 ducere

580 2595 815 2650 lectores
846 2604 902 2650 et
925 2606 1177 2651 cantores
1212 2597 1381 2651 solos.

956 2707 1187 2763 Concilii
1223 2709 1493 2779 Ancyrani
1522 2726 1693 2764 canon
1717 2712 1803 2766 10.

653 2824 741 2879 10.
831 2822 1158 2893 Quicunque
1231 2824 1454 2880 diaconi
1532 2824 1843 2890 constituti,
1923 2833 2032 2882 etc.
2112 2836 2171 2881 ut

581 2930 703 2985 pag.
738 2913 863 2967 747.

757 3024 988 3081 Concilii
1021 3023 1474 3082 Neocwsariensis
1497 3044 1722 3083 canones
1748 3027 1801 3095 1,
1821 3028 1875 3096 9,
1906 3029 1975 3083 10

653 3119 707 3173 1.
747 3117 1036 3188 Presbyter
1069 3118 1115 3172 si
1150 3134 1375 3173 uxorem
1408 3120 1651 3187 duxerit,
1683 3121 1877 3177 ordine
1918 3136 2021 3177 suo
2052 3136 2169 3177 mo-

2276 1947 2309 2020 ἢ
2343 1949 2585 2021 οίκέτην,
2628 1969 2683 2005 κ.
2718 1968 2768 2005 τ.
2800 1952 2851 2007 λ.

2350 2036 2440 2091 ιθ’.
2488 2038 2547 2092 ’0
2578 2038 2673 2094 δύο
2719 2040 2959 2109 ἀδελφὰς
2988 2042 3257 2113 ἀγόμενος
3286 2042 3319 2113 ἢ
3356 2042 3598 2114 ἀδελφὴν
3622 2083 3638 2110 ,
3679 2043 3739 2096 ού
3765 2044 3850 2097 δύο

2276 2148 2434 2185 ναται
2464 2126 2604 2186 εῖναι
2637 2131 2919 2204 κληρικός.

2344 2230 2443 2278 κε’.
2487 2224 2842 2291 Ἐπίσκοπος,
2878 2226 2911 2298 ῆ
2970 2227 3365 2299 πρεσϐύτερος,
3396 2228 3429 2300 ἢ
3458 2228 3730 2294 διάκονος,
3766 2229 3850 2281 ἐπὶ

2275 2318 2503 2387 πορνείᾳ
2533 2317 2566 2387 ἢ
2602 2318 2880 2389 ἐπιορκία,
2912 2336 2965 2375 κ.
3001 2336 3052 2376 τ.
3080 2320 3132 2376 λ.

2344 2407 2457 2473 κς’.
2490 2409 2611 2462 Τῶν
2653 2412 2734 2474 είς
2778 2411 2979 2483 κλῆρον
3024 2412 3399 2483 προελθόντων
3447 2411 3715 2483 ἀγάμων,
3764 2429 3848 2465 κε-

2273 2500 2503 2572 λεύομεν
2533 2500 2891 2574 βουλομένους
2915 2502 3501 2575 γαμεῖν,ἀναγνώστας
3529 2505 3627 2559 καὶ
3646 2503 3847 2573 ψάλτας

2276 2596 2455 2665 μόνον.

2603 2708 2874 2764 Συνόδου
2917 2709 3198 2779 Ἀγκύρας
3236 2708 3438 2764 κανὼν
3466 2717 3519 2763 ι’.

2347 2822 2399 2877 ι’.
2440 2826 2688 2880 Διάκονοι
2740 2825 2855 2879 ὅσοι
2912 2825 3265 2880 καθίστανται
3314 2826 3445 2897 παρ’
3474 2824 3648 2898 αὐτὴν
3693 2823 3846 2880 κατά·

2274 2929 2485 2979 στασιν,
2521 2931 2577 2969 κ.
2605 2931 2658 2969 τ.
2693 2914 2744 2969 λ.

2352 3092 2359 3099 _
2402 3026 2674 3081 Συνόδου
2706 3030 3177 3098 Νεοκαισαρείας
3219 3028 3423 3085 κανὼν
3450 3027 3525 3093 α’,
3555 3027 3623 3096 θ’,
3662 3025 3710 3083 ι’.

2342 3125 2411 3176 α’.
2450 3120 2830 3192 Πρεσϐύτερος
2888 3122 2984 3174 ἐὰν
3033 3122 3225 3193 γήμῃ,
3272 3122 3372 3192 τῆς
3428 3120 3641 3185 τάξεως
3685 3118 3838 3173 αὐτὸν

588 3224 801 3267 veatur.
818 3212 979 3283 303
1015 3210 1071 3267 Si
1100 3222 1282 3268 autem
1312 3212 1616 3270 fornicatus
1649 3214 1835 3281 fuerit,
1858 3216 1940 3271 vel
1964 3216 2169 3271 adulte-

2276 3210 2693 3281 μετατίθεσθαι·
2724 3211 2819 3265 ἐὰν
2852 3212 2907 3265 δὲ
2936 3213 3211 3285 πορνεύσῃ
3245 3212 3278 3284 ἢ
3313 3213 3601 3284 μοιχεύσῃ,
3633 3210 3839 3276 ἔξωοεί-

580 3305 724 3358 rium
757 3306 1115 3369 commiserit,
1144 3307 1363 3376 penitus
1388 3309 1737 3375 cxtrudutur,
1779 3320 1830 3364 et
1868 3310 1938 3365 ad
1989 3312 2169 3381 pomi-

582 3397 810 3451 tentiam
842 3397 1167 3453 deducatur.

651 3486 704 3541 9.
732 3487 789 3541 Si
819 3488 1123 3558 presbyter,
1145 3488 1240 3558 qui
1268 3504 1498 3560 corpore
1516 3489 1669 3561 prius
1689 3499 2030 3563 peccaverat,
2061 3500 2168 3547 etc.

580 3586 637 3631 ut
665 3596 786 3651 pag.
830 3581 955 3635 54⁸7.
1900 3604 1903 3607 λ

660 3673 745 3727 10.
800 3671 1069 3727 Similiter
1114 3681 1169 3728 et
1217 3672 1504 3740 diaconus,
1538 3674 1586 3729 si
1619 3674 1674 3729 in
1701 3674 1842 3732 idem
1882 3685 2170 3747 peccatum

582 3766 855 3831 inciderit,
890 3764 1131 3821 ministri
1165 3767 1417 3822 ordinem
1451 3768 1669 3823 habeat.

765 3858 992 3914 Concilii
1033 3858 1470 3914 Chalcedonensis
1506 3876 1731 3914 canones
1772 3861 1863 3926 14,
1895 3861 1981 3917 15.

654 3953 744 4007 14.
776 3951 1046 4017 Quoniam
1094 3952 1146 4005 in
1183 3951 1485 4019 nonnullis,
1523 3953 1817 4022 provinciis
1844 3966 2171 4009 concessum

578 4053 662 4099 est
691 4043 985 4097 lectoribus
1019 4052 1073 4097 et
1101 4044 1417 4098 cantoribus
1448 4059 1649 4100 uxores
1676 4046 1896 4111 ducere,
1928 4044 2173 4101 decrevit

582 4146 769 4190 sancta
814 4135 1061 4207 synodus
1091 4136 1226 4190 nulli
1253 4151 1455 4203 ,eorum
1493 4137 1659 4193 licere
1687 4139 1917 4192 diversae
1956 4154 1987 4193 a
2022 4148 2170 4195 recta

578 4228 856 4298 Opinionis
898 4242 1122 4283 uxorem
1169 4228 1372 4283 ducere
1401 4243 1535 4285 :eos
1568 4238 1749 4285 autem
1788 4230 1883 4300 qui
1923 4246 1991 4286 ex
2023 4231 2171 4300 ejus-

577 4320 727 4375 modi
767 4320 1118 4374 matrimonio
1164 4321 1366 4375 liberos
1403 4332 1786 4392 susceperunt,
1828 4322 1875 4377 si
1913 4338 2008 4379 eos
2048 4324 2171 4394 qui-

576 4412 698 4466 dem
732 4412 1008 4482 baptizare
1052 4411 1193 4483 apud
1246 4413 1528 4469 haereticos
1566 4414 1948 4484 praevenerint,
1979 4415 2047 4469 ad
2076 4430 2170 4471 ca-

579 4504 797 4559 tholicae
824 4504 1082 4558 Ecclesiaa
1105 4505 1548 4561 communionem
1578 4506 1850 4563 adducere
1875 4526 1888 4562 :
1912 4507 1958 4562 si
1984 4516 2165 4561 autem

2276 3303 2401 3356 σθαι
2429 3302 2593 3357 αὐτὸν
2620 3302 2805 3357 τέλεον
2832 3304 2925 3358 καὶ
2956 3305 3186 3374 ἄγεσθαι
3216 3308 3296 3369 εἰς
3324 3308 3635 3375 μετάνοιαν.

2353 3483 2417 3538 θ’.
2459 3482 2836 3556 Πρεσϐύτερος
2868 3483 2963 3537 ἐὰν
2992 3483 3462 3556 προημαρτηκὼς,
3502 3502 3558 3538 κ.
3583 3501 3632 3538 τ.
3664 3482 3711 3536 λ.

2347 3667 2399 3723 ι’.
2452 3668 2684 3739 Ὁμοίως
2730 3668 2828 3722 καὶ
2874 3669 2902 3722 ό
2947 3667 3217 3732 διάκονος,
3252 3668 3350 3720 ἐὰν
3376 3665 3455 3738 τῷ
3486 3665 3639 3737 αὐτῷ
3671 3666 3834 3735 ἁμαρ.

2272 3762 2474 3831 τήματι
2509 3761 2806 3831 περιπέσῃ,
2835 3760 2934 3831 τὴν
2959 3759 3056 3813 τοῦ
3084 3759 3360 3832 ὑπηρέτου
3394 3759 3551 3824 τάξιν
3577 3758 3764 3829 ἐχέτω.

2487 3853 2757 3907 Συνόδου
2785 3853 3177 3920 Χαλκηδόνος
3206 3852 3409 3906 κανὼν
3435 3852 3517 3917 ιδ’,
3554 3849 3633 3905 ιε’.

2344 3943 2421 3999 ιδ’.
2458 3944 2679 4017 Ἐπειδὴ
2717 3944 2774 3998 ἐν
2798 3962 2941 3998 τισιν
2971 3946 3264 4017 ἐπαρχίαις
3294 3944 3711 4017 συγκεχώρηται
3738 3942 3835 4001 τοῖς

2270 4036 2648 4105 άναγνώσταις
2699 4038 2794 4090 καὶ
2842 4036 3074 4107 ψάλταις
3123 4040 3342 4107 γαμεῖν,
3376 4037 3580 4109 ὥρισεν
3630 4038 3660 4106 ἠ
3705 4033 3823 4101 ἁγία

2273 4129 2510 4196 σύνοδος,
2548 4130 2623 4200 μὴ
2679 4130 2882 4197 ἐξεῖναί
2911 4147 3018 4183 τινι
3050 4131 3232 4183 αύτῶν
3279 4132 3589 4201 ἐτερόδοξον
3621 4128 3833 4198 γυναῖκα

2270 4221 2607 4291 λαμϐάνειν⁸
2662 4223 2788 4285 τοὺς
2843 4221 2945 4293 ἢδη
3011 4223 3074 4275 ἐκ
3126 4222 3369 4275 τοιούτου
3430 4225 3610 4294 γάμου
3661 4216 3829 4273 παιδοο

2270 4314 2625 4384 ποιήσαντας,
2673 4314 2722 4366 εἰ
2759 4313 2858 4383 μὲν
2886 4314 3132 4385 ἔφθασαν
3168 4314 3428 4385 βαπτίσαι
3471 4316 3541 4369 τὰ
3574 4312 3631 4378 ἐξ
3673 4304 3828 4363 αὐτῶν

2269 4406 2534 4476 τεχθέντα
2567 4406 2721 4477 παρὰ
2751 4409 2862 4471 τοῖς
2912 4408 3210 4478 αἱρετικοῖς
3238 4450 3253 4475 ,
3286 4407 3582 4478 προσάγειν
3613 4398 3740 4453 αὐτὰ
3766 4397 3822 4465 τῇ

2273 4499 2533 4569 κοινωνίᾳ
2562 4501 2661 4569 τῆς
2688 4498 2988 4567 καθολικῆς
3039 4498 3366 4568 Ἐκκλησίας
3386 4512 3401 4527 ·
3434 4496 3510 4566 μὴ
3558 4489 3825 4564 βαπτίσαν·

579 4610 686 4651 ιιοη
721 4597 1151 4664 baptizaverint,
1199 4612 1310 4651 non
1339 4612 1503 4668 posse
1553 4613 1650 4654 eos
1698 4598 1842 4670 apud
1877 4599 2165 4656 haereticos

2272 4608 2368 4655 τας
2398 4591 2475 4657 δὲ,
2511 4591 2588 4663 μὴ
2616 4590 2877 4646 δύνασθαι
2909 4590 2990 4644 ἔτι
3024 4590 3310 4661 βαπτίζειν
3354 4588 3497 4643 αὐτὰ
3538 4584 3684 4656 παρὰ
3725 4581 3823 4639 τοῖς

577 4688 877 4757 baptizare.
935 4688 1039 4744 Sed
1084 4705 1258 4759 neque
1316 4690 1605 4757 haeretico,
1653 4691 1739 4745 vel
1789 4706 2036 4761 pagano,
2078 4692 2165 4746 vel

578 4777 790 4843 ludam,
820 4780 1170 4834 matrimonio
1194 4781 1547 4852 conjungere,
1574 4781 1677 4837 nisi
1702 4782 1885 4851 utique
1908 4796 2162 4852 persona,

579 4887 702 4941 qua:
762 4870 1081 4927 orthodoxa:
1140 4873 1523 4944 conjungitur,
1581 4889 1640 4928 se
1688 4876 1757 4928 ad
1800 4875 2164 4932 orthodoxam

582 4964 739 5018 tidem
776 4964 1197 5018 convertendam
1234 4966 1515 5034 spondeat.
1556 4964 1613 5019 Si
1665 4966 1791 5035 quis
1830 4974 2011 5020 autern
2060 4966 2165 5022 hoc

582 5063 784 5110 sanctae
815 5057 1007 5127 synodi
1044 5058 1323 5113 decretum
1355 5068 1730 5128 transgressus
1762 5058 1948 5126 fuerit,
1995 5073 2167 5115 cano-

584 5148 719 5203 nicis
756 5149 931 5217 pomis
962 5149 1304 5219 subjiciatur.

586 5244 591 5247 '
651 5237 741 5292 15.
798 5237 1174 5294 Diaconissam
1225 5255 1334 5295 non
1378 5254 1500 5295 esse
1554 5239 1837 5296 mulierem
1896 5240 2165 5297 ordinan-

578 5330 726 5395 dam,
749 5340 879 5397 etc.,
910 5341 960 5383 ut
984 5346 1108 5399 pag.
1143 5331 1270 5385 550.

861 5444 1089 5498 Concilii
1130 5445 1561 5515 Carthaginensis
1592 5464 1763 5502 canon
1792 5449 1875 5504 16.

651 5557 720 5611 Ut
743 5557 923 5611 nullus
952 5559 1228 5627 episcopus
1248 5600 1262 5625 ,
1297 5562 1567 5630 presbyter
1587 5603 1603 5627 ,
1650 5573 1701 5617 et
1739 5564 1997 5619 diaconus
2032 5581 2160 5620 con-

578 5646 769 5700 ductor
795 5648 1038 5713 exsistat,
1070 5655 1200 5713 etc.,
1235 5658 1290 5702 ut
1321 5665 1443 5720 pag.
1476 5650 1604 5705 550.

649 5732 782 5789 ltam
811 5737 1041 5806 placuit,
1077 5748 1137 5792 ut
1174 5740 1441 5811 episcopi,
1474 5743 1782 5815 presbyteri
1836 5756 1889 5803 et
1943 5747 2159 5804 diaconi

580 5840 687 5879 non
715 5827 824 5882 sint
852 5828 1232 5898 conductores,
1257 5842 1385 5899 etc.,
1416 5844 1472 5887 ut
1489 5851 1611 5907 pag.
1641 5838 1767 5893 550.
2098 5830 2101 5831 ⁷

2273 4685 2571 4755 αἱρετικοῖς
2596 4702 2609 4716 ·
2646 4690 2786 4756 μήτε
2842 4685 2950 4756 μὴν
2982 4686 3277 4738 συνάπτειν
3305 4682 3443 4754 πρὸς
3488 4681 3659 4751 γάμον
3698 4676 3822 4743 αἱρε-

2270 4778 2408 4851 τικῷ
2433 4779 2466 4850 ἢ
2505 4778 2746 4849 Ἰουδαίῳ
2775 4780 2808 4850 ἢ
2844 4778 3090 4850 Ἕλληνι,
3144 4780 3192 4831 εί
3224 4778 3301 4849 μὴ
3328 4778 3435 4849 ἄρα
3462 4770 3820 4842 ἐπαγγέλλοιτο

2276 4870 2661 4942 μετατίθεσθαι
2691 4872 2771 4934 είς
2816 4871 2915 4941 τὴν
2956 4868 3237 4941 ὀρθόδοξον
3281 4870 3464 4922 πίστιν
3496 4867 3554 4921 τὸ
3587 4855 3819 4919 συναπτό-

2276 4978 2437 5032 μενον
2464 4961 2752 5032 πρόσωπον
2798 4961 2875 5031 τῷ
2904 4960 3172 5031 ὁρθοδόξῳ
3192 4976 3208 4992 -
3256 4960 3305 5012 εί
3334 4959 3391 5013 δέ
3419 4976 3502 5022 τις
3534 4954 3708 5010 τοῦτον
3739 4945 3816 4998 τὸν

2270 5054 2397 5124 ὅρον
2445 5054 2730 5125 παραϐαίη
2782 5055 2883 5124 τῆς
2912 5054 3075 5123 ἁγίας
3129 5052 3368 5119 συνόδου,
3418 5045 3675 5116 κανονικῷ
3706 5042 3813 5095 ὑπο-

2270 5139 2473 5193 κείσθω
2502 5142 2788 5213 ἐπιτιμίῳ.

2342 5232 2424 5288 ιε’.
2444 5236 2807 5291 Διακόνισσαν
2841 5236 2916 5308 μὴ
2945 5236 3372 5308 χειροτονεῖσθαι
3398 5234 3646 5305 γυναῖκα,
3666 5223 3805 5281 κ.τ.λο

2513 5444 2784 5501 Συνόδου
2810 5448 3234 5516 Καρθαγεννης
3256 5461 3458 5499 κανων
3482 5442 3574 5508 ις’.

2344 5559 2534 5613 Ὥστε
2572 5559 2809 5630 μηδένα
2862 5561 3225 5625 ἐπίσκοπον,
3277 5561 3316 5629 ἢ
3353 5553 3743 5628 πρεσϐύτερον.
3766 5538 3800 5606 ἦ

2268 5652 2571 5721 διάκονον,
2611 5654 2878 5722 eximit-Ir
2906 5671 3041 5707 τινα
3070 5653 3416 5723 λαμϐάνειν.
3723 5720 3770 5738 Μ

2345 5752 2441 5811 ις’.
2479 5746 2713 5818 Ὁμοίως
2751 5748 2967 5818 1ἤρεσεν,
2998 5747 3084 5800 ἵνα
3135 5747 3445 5811 ἐπίσκοποι,
3480 5739 3569 5795 καὶ
3596 5724 3796 5818 πρεσῷ

2270 5856 2438 5912 τεροι,
2471 5814 2565 5894 καί
2591 5814 2851 5908 διάκονοι,
2878 5840 3215 5912 ἐκλήπτορες
3243 5838 3316 5910 μὴ
3348 5836 3610 5909 γίνωνται,
3626 5842 3671 5879 κ.
3696 5814 3793 5872 τ.λ.
