4156 6454
441 421 543 488 781

1276 414 1676 478 SYNTAGMA
1710 412 2175 476 CANONUM.—
2204 413 2350 473 TIT.
2380 413 2484 474 IX.
2527 414 2686 472 CAP.
2729 413 2940 473 XXIX.

3610 424 3715 486 782

393 596 397 603 ,
442 535 717 594 Συνόᾶου
740 532 1167 605 οἰκουμενικῆς
1194 532 1600 605 ἔκτηςῇκανὼν
1631 531 1702 600 γ’,
1735 532 1797 599 δ’,
1831 531 1906 598 ς’,
1943 530 2028 601 ιβ’,

2134 527 2296 599 304
2343 526 2568 582 Concilii
2618 534 2930 605 wcitineniei
2972 544 3052 605 vi,
3083 547 3308 586 canones
3354 534 3408 600 5,
3448 534 3498 600 ί,
3531 535 3586 604 6,
3624 538 3712 603 1‘2,

1048 606 1139 674 ιγ’,
1172 603 1286 675 μη’,
1313 601 1413 657 νθ’.

512 718 654 788 Περὶ
680 720 885 787 ἱερέων
910 717 1008 771 καί
1042 714 1367 784 κληρικῶν.

512 814 583 881 γ’.
638 813 857 884 Ἐπειδὴ
900 811 958 865 δὲ
998 812 1026 865 ὁ
1076 810 1309 881 εὐσεϐὴς
1337 809 1433 863 καὶ
1479 807 1822 879 φιλόχριστος
1868 805 2026 877 ἡμῶν

443 904 715 975 βασιλεὺς,
751 921 807 956 κ.
838 921 888 955 τ.
930 902 979 956 λ.

442 1028 445 1029 ν
510 992 571 1051 δ’.
632 996 700 1048 Et
746 1010 827 1058 τις
882 993 1215 1059 ἐπίσκοπος,
1268 993 1303 1063 ἢ
1361 990 1763 1064 πρεσϐύτερος,
1820 988 1855 1059 ἢ
1906 987 2025 1042 διὰ-

439 1105 615 1152 ιιονος,
640 1105 692 1140 κ.
723 1103 774 1140 τ.
802 1086 851 1140 λ.

513 1185 586 1242 ς’.
646 1177 868 1247 Ἐπειδὴ
900 1176 1053 1248 παρὰ
1096 1177 1208 1239 τοῖς
1242 1174 1625 1237 ἀποστολικοῖς
1662 1172 1885 1226 κανόσιν
1933 1167 2023 1222 εὖ·

441 1270 747 1344 ρηται,τῶν
775 1272 855 1332 εἰς
878 1267 1083 1337 κλῆρον
1114 1267 1511 1339 προαγομένων
1542 1265 1796 1335 ἀγάμων,
1828 1262 2023 1332 μόνους

438 1362 796 1430 ἀναγνώστας
844 1362 940 1414 καὶ
972 1360 1184 1430 ψάλτας
1235 1361 1457 1430 γαμεῖν,
1508 1358 1603 1411 καὶ
1653 1358 1817 1426 ἡμεῖς
1863 1353 2022 1407 τοῦτο

439 1453 957 1523 παραφυλάττοντες
1005 1450 1284 1523 ὁρίζομεν,
1328 1449 1437 1503 ἀπὸ
1476 1448 1572 1501 τοῦ
1605 1446 1701 1500 νῦν
1754 1443 2021 1517 μηδαμῶς

437 1542 814 1606 ύποδιάκονον,
850 1540 884 1610 ἢ
914 1539 1198 1604 διάκονον,
1239 1539 1276 1610 ἢ
1309 1537 1703 1609 πρεσϐύτερον,
1745 1534 1881 1605 μετὰ
1921 1531 2021 1602 τὴν

436 1636 522 1688 ἐπ’
570 1632 722 1703 αὐτῷ
771 1631 1188 1703 προερχομένην
1236 1631 1595 1702 χειροτονίαν,
1642 1628 1787 1697 ἔχειν
1836 1625 2021 1680 ἄδειαν

437 1725 671 1796 γαμικὸν
721 1723 901 1794 ἐαυτῷ
958 1724 1215 1794 συνιστᾷν
1265 1723 1627 1776 συνοικέσιον·
1678 1721 1727 1772 εἰ
1768 1718 1825 1771 δὲ
1861 1715 2020 1769 τοῦτο

437 1817 696 1888 τολμήσοι
730 1816 997 1884 ποιῆσαι,
1028 1815 1400 1886 καθαιρείσθω
1424 1828 1436 1842 ·
1480 1815 1528 1866 εἰ
1571 1812 1628 1865 δὲ
1661 1809 1904 1881 βούλοιτό
1934 1825 2019 1871 τις

2744 599 2833 663 15,
2866 600 2956 661 48,
2988 600 3077 655 49.

2205 711 2281 764 De
2311 713 2666 766 sacerdotibus
2683 720 2731 766 et
2746 711 2970 766 clericis.

2202 802 2255 855 5.
2285 800 2557 867 Quoniam
2597 816 2728 857 vero
2759 802 2883 871 pius
2917 802 3233 872 Christique
3274 815 3487 861 amator
3542 809 3711 880 impc-

2129 902 2280 947 rator
2307 904 2510 954 noster.
2545 902 2630 947 etc
2659 933 2674 957 ,
2719 906 2922 961 utpag.
2950 893 3008 947 51
3028 894 3074 946 l.

2201 982 2251 1036 εἰ.
2291 982 2347 1037 Si
2377 983 2502 1053 quis
2529 984 2839 1052 cpiscopus,
2864 984 2948 1038 vel
2979 985 3289 1056 presbyter,
3322 987 3406 1041 vel
3428 987 3713 1055 diaconus,

2127 1082 2259 1138 etc.,
2293 1084 2348 1127 ut
2372 1092 2494 1144 pag.
2526 1075 2650 1129 750.

2198 1166 2251 1219 6.
2274 1164 2543 1231 Quoniam
2575 1167 2689 1220 in“
2724 1168 3039 1237 apostolicis
3059 1170 3364 1226 canonibus
3392 1171 3598 1227 dictum
3629 1182 3712 1227 est

2126 1270 2319 1311 eorum
2354 1257 2448 1327 qui
2493 1273 2601 1312 non
2630 1259 2792 1314 ducta
2826 1275 2995 1315 uxore
3042 1263 3094 1315 in
3135 1263 3342 1317 clerum
3379 1280 3707 1333 promoven-

2128 1357 2237 1413 tur,
2286 1350 2436 1404 solos
2482 1349 2716 1406 lectores
2762 1361 2815 1405 et
2864 1363 3120 1408 cantores
3161 1370 3386 1410 uxorem
3416 1372 3576 1426 posse
3605 1359 3708 1413 du-

2125 1454 2284 1507 cere;
2314 1449 2368 1494 et
2397 1457 2497 1496 nos
2527 1442 2633 1495 boc
2662 1451 2945 1498 servantes
2968 1443 3338 1513 decernimus,
3368 1456 3428 1501 ut
3453 1447 3710 1517 deinceps

2125 1533 2260 1586 nulli
2298 1533 2516 1603 penitus
2544 1534 2945 1605 hypodiacono,
2975 1538 3055 1591 vel
3089 1538 3340 1603 diacono,
3371 1539 3455 1593 vel
3487 1541 3712 1611 presby—

2124 1633 2243 1679 tero
2294 1634 2419 1696 post
2440 1627 2524 1682 sui
2564 1628 2968 1683 ordinationem
3029 1631 3352 1687 contrahere
3414 1632 3599 1687 liceat.
3653 1632 3708 1686 Si

2126 1726 2309 1771 autem
2340 1716 2505 1772 fuerit
2539 1718 2643 1773 hoc
2674 1734 2845 1774 ausus
2896 1718 3099 1785 facere,
3133 1722 3458 1791 deponatur.
3497 1721 3554 1778 Si
3583 1726 3711 1794 quis

2124 1819 2307 1864 autem
2363 1824 2582 1874 eorum,
2629 1812 2724 1881 qui
2778 1812 2832 1865 in
2864 1812 3071 1867 clerum
3117 1815 3406 1880 accedunt,
3436 1816 3563 1869 velit
3592 1817 3708 1886 lege

437 1910 542 1962 τῶν
595 1910 676 1972 εἰς
711 1907 915 1977 κλῆρον
962 1907 1411 1979 προερχομένων,
1461 1905 1640 1974 γάμου
1685 1903 1835 1972 νόμῳ
1889 1918 2016 1953 συν-

2129 1904 2467 1959 matrimonii
2501 1905 2718 1960 mulieri
2755 1906 3017 1977 conjungi
3048 1918 3343 1978 antequam
3378 1910 3710 1981 hypodiaco-

434 2002 705 2056 ἅπτεσθαι
735 2001 993 2069 γυναικὶ,
1024 2001 1133 2072 πρὸ
1158 2002 1257 2070 τῆς
1288 1998 1382 2052 τοῦ
1416 1996 1794 2059 ὑποδιακόνου,
1845 1993 1878 2064 ἢ
1904 1993 2019 2047 δια-

434 2097 614 2163 κόνου,
645 2094 678 2163 ἢ
706 2093 1086 2165 πρεσϐυτέρου
1133 2080 1488 2163 χειροτονίας,
1522 2089 1682 2143 τοῦτο
1708 2086 2013 2157 πραττέτω.

502 2188 592 2261 ιβ’.
638 2188 750 2243 Καὶ
788 2186 948 2241 τοῦτο
975 2186 1031 2239 δὲ
1064 2186 1145 2249 εἰς
1179 2184 1383 2253 γνῶσιν
1411 2181 1689 2253 ἡμετέραν
1716 2176 1899 2251 ἢλθεν,
1939 2177 2017 2241 ὼς

432 2284 489 2335 ἐν
516 2284 585 2353 τῇ
627 2281 887 2351 Ἀφρικῇ,
920 2296 975 2333 κ.
1006 2295 1059 2333 τ.
1091 2276 1144 2330 λ.

500 2368 593 2440 ιγ’.
647 2370 870 2442 Ἐπειδὴ
894 2370 955 2424 ἐν
982 2371 1052 2440 τῇ
1094 2366 1386 2437 Ῥωμαίων
1426 2366 1746 2439 Ἐκκλησία,
1793 2382 1848 2420 κ.
1876 2382 1926 2420 τ.
1961 2363 2012 2417 λ.

498 2561 612 2627 μη’.
668 2556 735 2609 Ἡ
764 2554 859 2608 τοῦ
908 2557 1047 2626 πρὸς
1078 2554 1387 2624 ἐπισκοπῆς
1415 2552 1712 2624 προεδρίαν
1740 2549 2014 2621 ἀναγομέ-

433 2667 522 2703 νου
554 2648 733 2720 γυνὴ,
782 2648 926 2703 κατὰ
956 2648 1143 2719 κοινὴν
1192 2646 1517 2717 συμφωνίαν
1542 2644 1638 2698 τοῦ
1674 2644 1879 2698 οἰκείου
1912 2644 2009 2696 ἀν-

431 2742 552 2813 δρὸς
580 2741 1089 2813 προδιαζευχθεῖσα,
1127 2740 1267 2811 μετὰ
1294 2739 1395 2808 τὴν
1436 2738 1524 2790 ἐπ’
1566 2736 1719 2807 αύτῷ
1760 2737 1861 2807 τῆς
1888 2737 2012 2789 ἐπι-

432 2834 639 2905 σκοπῆς
668 2832 1005 2903 χειροτονίαν
1025 2872 1040 2895 ,
1087 2833 1146 2884 ἐν
1189 2830 1537 2901 μοναστηρίῳ
1566 2829 1755 2882 εἰσίτω
1775 2869 1791 2893 ,
1822 2825 2012 2898 πόρρω

429 2924 525 2994 τῆς
569 2923 663 2977 τοῦ
721 2923 1025 2976 ἐπισκόπου
1075 2921 1413 2992 καταγωγῆς
1442 2918 1871 2991 ᾠκοδομημένῳ,
1918 2917 2012 2970 καὶ

429 3016 524 3086 τῆς
550 3017 615 3069 ἐκ
653 3014 750 3068 τοῦ
798 3015 1103 3069 ἐπισκόπου
1157 3013 1415 3084 προνοίας
1452 3012 1811 3067 ἀπολαυέτωο
1864 3012 1914 3065 εἰ
1953 3010 2012 3064 δὲ

426 3110 524 3162 καὶ
551 3107 679 3173 ἀξία
714 3108 909 3179 φανείη
937 3146 953 3170 ,
981 3107 1079 3161 καὶ
1107 3107 1248 3177 πρὸς
1276 3106 1338 3160 τὸ
1374 3105 1472 3177 τῆς
1504 3105 1856 3177 διακονίσσης
1879 3105 2013 3160 ἁνα-

428 3201 734 3265 ειϐαζέσθω
762 3201 1004 3269 ἀξίωμα.

494 3290 594 3347 νθ’.
636 3291 848 3364 Μηδεὶς
877 3293 935 3345 ἐν
961 3290 1241 3362 εὑκτηρίῳ
1266 3291 1423 3361 οἴκῳ,
1456 3306 1511 3343 κ.
1546 3306 1599 3344 τ.
1625 3287 1676 3343 λ.

707 3405 1037 3460 Βασαείου
1072 3403 1276 3458 κανὼν
1303 3402 1374 3473 γ’,
1414 3408 1489 3468 ς’,
1524 3402 1621 3468 ξθν,
1656 3408 1719 3455 ον.

492 3506 567 3570 γ’.
662 3499 927 3562 Διάκονος
1010 3496 1153 3569 μετὰ
1233 3495 1333 3568 τὴν
1417 3495 1697 3551 διακονίαν

427 3610 544 3658 σας,
578 3611 632 3648 κ.
650 3610 697 3648 τ.
712 3592 763 3647 λ.

498 3693 574 3751 ς’.
609 3687 733 3740 Τῶν
778 3686 1085 3742 κανονικῶν
1144 3685 1245 3749 τὰς
1294 3682 1556 3755 πορνείας
1596 3680 1679 3743 εἰς
1727 3682 1904 3751 γάμον
1936 3679 2013 3751 μὴ

425 3780 912 3851 καταλογίζεσθαι,
965 3780 1103 3835 ἀλλὰ
1138 3779 1303 3833 παντὶ
1334 3777 1523 3848 τρόπῳ
1555 3775 1790 3846 διασπᾳν
1831 3773 2013 3828 αὐτῶν

424 3874 524 3947 τὴν
557 3875 855 3944 συνάφειαν
882 3889 895 3904 ⁸
936 3874 1097 3927 τοῦτο
1130 3871 1241 3945 γὰρ
1280 3871 1376 3926 καὶ
1408 3871 1478 3940 τῇ
1516 3866 1817 3938 Ἐκκλησία
1873 3863 2013 3937 πρὸς

425 3968 733 4038 ἀσφάλειαν
758 3968 1062 4035 λυσιτελὲς,
1114 3952 1211 4022 καὶ
1272 3969 1385 4030 τοῖς
1409 3964 1707 4036 αίρετικοϊς
1737 3962 1797 4014 οὐ
1851 3958 2012 4013 δώσει

424 4060 545 4114 καθ’
574 4060 731 4131 ἡμῶν
761 4060 955 4132 λαϐὴν,
982 4059 1060 4125 ὡς
1087 4059 1175 4113 διὰ
1196 4058 1294 4131 τὴν
1322 4057 1415 4112 τοῦ
1436 4053 1774 4127 ἁμαρτάνειν
1805 4052 2010 4119 ἄδειαν,

428 4149 838 4220 ἐπισπωμένων
869 4150 1007 4222 πρὸς
1048 4149 1298 4212 ἑαυτούς.

492 4240 592 4307 ξθ¹.
665 4242 1050 4312 Ἀναγνώστης
1089 4243 1140 4295 εἰ
1184 4243 1251 4313 τῇ
1282 4238 1478 4294 ἐαυτοῦ
1521 4239 1734 4309 μνηστῇ
1774 4236 1881 4308 πρὸ
1907 4233 2012 4304 γά-

426 4350 533 4403 μου
567 4332 968 4399 συναλλάξειεν,
1013 4332 1263 4387 ἐνιαυτὸν
1308 4332 1564 4403 ἀργήσας
1603 4331 1685 4393 εἰς
1725 4327 1788 4381 τὸ
1811 4328 2008 4394 ἀναγι-

421 4425 656 4480 νώσκειν
719 4426 1065 4498 δεχθήσεται,
1112 4425 1292 4489 μένων
1324 4425 1675 4494 ἀπρόσκοπος
1700 4438 1716 4455 ο
1745 4419 2009 4490 κλεψιγα-

1776 3492 2009 3565 πορνεύ-

2121 2014 2251 2064 nus,
2283 1998 2369 2054 vel
2399 1999 2686 2071 presbyter
2708 1999 3014 2067 ordinetur,
3050 2001 3157 2057 hoc
3184 2001 3367 2058 faciat.

2188 2179 2279 2234 12.
2324 2179 2494 2235 Porro
2545 2180 2653 2235 hoc
2690 2195 2910 2250 quoque
2941 2181 3009 2235 ad
3061 2192 3305 2237 nostram
3337 2184 3709 2252 cognitionem

2115 2271 2386 2341 pervenit,
2415 2272 2559 2341 quod
2584 2273 2637 2326 in
2665 2282 2719 2327 et
2751 2271 2957 2338 Africa,
2989 2283 3119 2340 etc.,
3143 2285 3198 2328 ιιι
3219 2291 3342 2345 pag.
3380 2275 3506 2330 514.

2197 2362 2284 2417 1⁸5.
2333 2361 2607 2429 Quoniam
2658 2362 2921 2419 Romana:
2969 2363 3264 2432 Ecclesiae,
3315 2375 3422 2422 etc.
3474 2379 3531 2421 ιιι
3560 2384 3707 2439 pag.,

2126 2452 2250 2511 759.

2186 2548 2278 2605 48.
2323 2547 2474 2605 Uxor
2527 2550 2649 2621 ejus
2694 2552 2789 2622 qui
2834 2552 2902 2607 ad
2964 2552 3338 2623 episcopalem
3389 2553 3706 2624 dignitatem

2113 2652 2494 2711 promovetur,
2548 2644 2833 2698 communi
2886 2644 2971 2699 sui
3038 2645 3142 2700 vi‘ri
3214 2660 3486 2701 consensu
3557 2646 3710 2716 prius

2113 2742 2388 2801 separata,
2420 2741 2713 2803 postquam
2752 2735 2805 2787 in
2833 2736 3152 2804 episcopum
3194 2735 3485 2790 ordinatus
3524 2744 3611 2791 est
3640 2750 3705 2789 ac

2113 2833 2492 2888 consecratus,
2540 2825 2958 2881 monasterimm
3008 2824 3351 2896 ingrediatur
3398 2823 3592 2895 procul
3640 2827 3712 2879 ab

2113 2916 2357 2987 episcopi
2388 2917 3131 2983 babitationeexstructum,
3176 2926 3230 2973 et
3280 2918 3523 2989 episcopi
3574 2934 3706 2988 pro-

2112 3010 2353 3065 videntia
2390 3008 2625 3065 fruatur.
2656 3009 2751 3065 Sin
2778 3022 2959 3066 autem
2984 3011 3149 3081 digna
3180 3010 3299 3067 visa
3322 3010 3510 3078 fuerit,
3538 3012 3706 3067 etiam

2115 3102 2183 3156 ad
2217 3102 2545 3160 diaconatus
2584 3104 2907 3175 dignitatem
2944 3103 3300 3175 provebetur.

2190 3288 2280 3347 59.
2318 3288 2375 3345 ln
2404 3290 2520 3346 aede
2567 3292 2807 3347 oratoria
2849 3302 2981 3360 etc.,
3019 3301 3077 3345 ut
3112 3307 3235 3361 pag.
3259 3291 3386 3346 607.

2379 3399 2542 3472 305
2577 3400 2769 3457 Basilii
2801 3418 3027 3455 canones
3056 3401 3112 3466 ὅ,
3145 3400 3201 3467 6,
3233 3401 3323 3466 69,
3352 3401 3442 3466 70,

2184 3492 2240 3547 '5.
2278 3489 2551 3548 Diaconus
2581 3502 2704 3564 post
2732 3494 3079 3550 diaconatum
3119 3493 3447 3560 fornicatus,
3485 3501 3618 3561 etc.,
3646 3504 3705 3548 ut

2117 3599 2242 3654 pag.
2279 3583 2402 3639 755.

2189 3674 2240 3730 6.
2289 3673 2703 3731 Canonicarum
2748 3691 2913 3748 supra
2951 3692 3048 3748 pro
3089 3677 3447 3733 matrimonio
3480 3692 3593 3734 non
3620 3693 3709 3733 reo

2115 3778 2400 3838 putentur,
2437 3769 2532 3824 sed
2560 3784 2750 3824 earum
2783 3769 3101 3841 conjunctio
3131 3771 3365 3826 omnino
3392 3771 3704 3828 divellatur.

2115 3860 2233 3917 Hoc
2265 3863 2411 3916 enim
2436 3871 2492 3917 et
2525 3861 2788 3918 Ecclesiae
2817 3865 2886 3920 ad
2931 3866 3287 3922 securitatem
3326 3878 3409 3923 est
3444 3868 3598 3936 utile,
3650 3880 3707 3923 et

2118 3949 2393 4007 haereticis
2420 3967 2532 4007 non
2562 3953 2716 4009 dabit
2738 3955 3004 4013 adversus
3034 3972 3139 4012 nos
3169 3974 3384 4025 ansam,
3417 3962 3575 4031 quasi
3606 3976 3706 4032 per

2114 4044 2374 4111 peccandi
2404 4043 2715 4100 libertatem
2756 4047 2824 4100 ad
2845 4062 2947 4103 nos
2977 4052 3342 4106 attraliatnus.

2186 4266 2276 4321 69.
2320 4267 2538 4331 Lector,
2589 4268 2637 4323 si
2674 4284 2798 4324 cum
2848 4286 2949 4327 sua
3001 4288 3206 4343 sponsa
3240 4282 3368 4329 ante
3411 4278 3701 4331 matrimo-

2113 4355 2265 4411 nium
2299 4358 2692 4413 commercium
2741 4361 3015 4427 habuerit,
3068 4372 3363 4433 postquam
3395 4380 3544 4420 anno
3578 4384 3704 4422 ces-

2115 4449 2340 4515 saverit,
2376 4447 2445 4503 ad
2492 4449 2783 4519 legendum
2815 4453 3187 4522 suscipietur;
3224 4472 3332 4509 non
3380 4463 3566 4512 tamen
3612 4459 3701 4512 ul-

426 4519 611 4590 μήσας
660 4519 719 4573 δὲ
775 4521 904 4575 ἄνευ
958 4518 1276 4591 μνηστείας,
1340 4518 1686 4589 παυθήσεται
1747 4518 1849 4588 τῆς
1901 4514 2043 4603 ὑπο]

2115 4548 2198 4595 tra
2252 4514 2682 4610 promovendus.
2728 4542 2885 4610 Quod
2945 4514 2991 4601 si
3029 4547 3237 4616 absque
3275 4548 3702 4618 desponsatione

424 4611 649 4686 ηρεσίας
679 4628 695 4642 ο
728 4613 791 4667 τὸ
812 4613 868 4667 δὲ
891 4613 1024 4667 αὐτὸ
1055 4612 1154 4667 καὶ
1187 4611 1491 4682 ὑπηρέτης.

489 4808 555 4856 ο’.
586 4802 847 4867 Διάκονος
873 4805 932 4856 ἐν
961 4802 1166 4875 χείλεσι
1204 4801 1473 4873 μιανθείς,
1505 4818 1560 4854 κ.
1579 4817 1630 4853 τ.
1654 4799 1706 4852 1.

494 4997 790 5066 Θεοφίλου
812 4998 881 5053 ἐκ
913 4998 1021 5053 τοῦ
1034 4991 1749 5083 Ὺπομνηστικοῦάκανὼν
1770 4992 1834 5058 δ’,
1862 4997 1925 5044 ε’.

488 5089 555 5143 δ’.
578 5090 716 5161 Περὶ
749 5090 807 5143 δὲ
836 5090 1081 5159 Πανοὺφ,
1115 5107 1169 5144 κ.
1206 5107 1257 5145 τ.
1292 5090 1343 5143 λ.

491 5190 555 5237 ε’.
585 5184 725 5256 Περὶ
750 5182 949 5238 Ἰακὼϐ
980 5183 1239 5256 ζητῆσαι,
1267 5200 1323 5238 κ.
1354 5200 1404 5236 τ.
1432 5183 1482 5237 1.

504 5273 570 5328 Ἦ
609 5283 658 5330 α’
707 5276 799 5330 τοῦ
840 5275 998 5343 κὼδ.,
1038 5276 1146 5331 τίτ.
1202 5280 1273 5345 γ’,
1309 5274 1452 5329 διάτ.
1479 5278 1539 5338 ε’,
1598 5272 1695 5326 ἐάν
1722 5288 1805 5332 τις
1840 5270 2001 5341 μόνον

416 5367 656 5438 πειραθῇ
685 5367 873 5422 λαϐεῖν
896 5367 1148 5438 γαμετὴν
1181 5365 1454 5439 παρθένον
1487 5363 1664 5435 ἱερὰν,
1684 5361 2001 5433 κεφαλικῶς

414 5460 775 5527 τιμωρεῖται·
801 5458 898 5512 καὶ
937 5458 1079 5512 διάτ.
1151 5457 1231 5529 μδ¹
1269 5456 1364 5512 τοῦ
1409 5456 1576 5510 αὑτοῦ
1624 5455 1732 5510 τίτ.
1783 5456 1867 5509 ὅτι
1904 5454 2001 5508 ἐὰν

413 5547 813 5621 πρεσϐύτερος,
853 5549 887 5621 ἢ
928 5550 1198 5615 διάκονος,
1262 5548 1295 5620 ἦ
1338 5546 1697 5609 ύποδιάκονος
1744 5545 1997 5617 γαμήσῃ,

413 5640 701 5693 ὑπόκειται
727 5640 826 5711 μὲν
849 5644 963 5706 τοῖς
991 5640 1236 5708 κανόσιν,
1288 5641 1485 5703 οἵτινες
1534 5640 1636 5710 οὐχ
1682 5632 1845 5711 ἧττον
1891 5636 2002 5695 τῶν

411 5731 597 5800 νόμων
648 5731 916 5804 ἰσχύουσι,
961 5733 1057 5788 καὶ
1087 5736 1188 5805 τῆς
1218 5733 1525 5805 ἱερωσύνης
1581 5733 1867 5799 ἐκπίπτει,
1902 5728 2001 5787 καὶ

409 5826 461 5878 οἰ
495 5823 683 5891 παῖδες
746 5826 821 5890 ὡς
850 5826 908 5893 ἐξ
938 5826 1216 5898 ἀθεμίτων
1244 5826 1440 5897 γάμων
1499 5825 1810 5898 τεχθέντες,
1867 5825 1993 5881 οὔτε

2115 4633 2302 4688 tut-tim
2334 4633 2547 4702 coierit,
2584 4635 2827 4691 cessabit
2851 4651 2882 4692 a
2918 4637 3246 4694 ministerio.
3280 4639 3483 4696 Eadem
3514 4650 3571 4697 et
3597 4642 3702 4696 mi-

2110 4724 2268 4782 nistri
2305 4727 2469 4780 ratio.

2180 4817 2345 4889 306
2357 4818 2445 4874 70.
2466 4819 2740 4877 Diaconus
2763 4820 2855 4892 qui
2878 4821 3117 4893 pollutus
3144 4834 3229 4881 est
3257 4825 3312 4880 in
3342 4825 3532 4896 labris,
3561 4834 3697 4894 etc.,

2114 4917 2173 4962 ut
2202 4927 2326 4980 pag.
2369 4910 2497 4965 755.

2286 5000 2553 5071 Theophili
2582 5018 2649 5057 ea:
2672 5002 3088 5060 Commonitorio
3116 5023 3344 5065 canones
3375 5010 3430 5077 4,
3462 5012 3517 5067 5.

2177 5092 2232 5149 4.
2264 5093 2340 5150 De
2377 5092 2627 5166 Panuph,
2656 5105 2763 5152 etc.
2795 5107 2851 5151 ut
2878 5114 3003 5169 pag.
3031 5098 3159 5155 550.

2177 5182 2233 5237 5.
2274 5182 2349 5238 De
2376 5182 2548 5239 Jacob
2580 5200 2852 5255 quaerere,
2877 5196 3011 5254 etc.,
3040 5199 3097 5242 ut
3128 5205 3251 5260 pag.
3283 5190 3411 5248 550.

2182 5276 2399 5332 Textus.
2432 5276 2554 5333 Lib.
2590 5295 2628 5344 ι,
2660 5280 2783 5335 cod.
2831 5280 2919 5336 tit.
2945 5281 3001 5349 5,
3032 5291 3211 5339 const.
3246 5284 3300 5339 5.
3348 5284 3404 5340 Si
3437 5287 3564 5356 quis
3597 5303 3697 5344 sa-

2106 5384 2255 5425 cram
2277 5370 2543 5441 virginem
2567 5386 2796 5428 uxorem
2817 5372 3019 5429 ducere
3039 5377 3425 5432 tantummodo
3446 5382 3693 5445 tentarit.

2104 5464 2325 5534 capitali
2356 5480 2513 5533 ptena
2558 5463 2774 5522 feritur.
2822 5466 2892 5521 Et
2938 5468 3161 5524 constit.
3197 5469 3290 5533 44,
3319 5470 3567 5541 ejusdem
3607 5474 3693 5528 tit.

2106 5557 2162 5612 Si
2226 5557 2532 5627 presbyter,
2600 5567 2697 5613 aut
2750 5558 3059 5624 diaconus,
3121 5570 3217 5615 aut
3277 5562 3693 5632 liypodiaconus

2105 5648 2329 5717 nuptias
2386 5648 2746 5715 contraxerit,
2796 5651 3104 5706 canonibus
3153 5660 3387 5717 tenetur,
3438 5653 3531 5723 qui
3576 5668 3688 5708 non

2104 5738 2289 5793 minus
2340 5739 2521 5794 valent
2566 5755 2732 5811 quam
2786 5742 2955 5812 leges,
3012 5752 3067 5798 et
3114 5743 3423 5801 sacerdotio
3464 5745 3688 5801 excidit.

2104 5828 2284 5885 Liberi
2340 5838 2543 5899 autent,
2596 5843 2856 5904 tanquam
2912 5851 2979 5891 ex
3039 5834 3245 5892 illicitis
3290 5838 3495 5909 nuptiis
3549 5839 3685 5908 uati,
