4156 6444
529 391 647 452 Ἳόἓ

1712 385 1974 448 ΡΠΟΤΙἸ
2000 389 2505 451 PATRIARCH/E
2535 392 2642 452 CP.

3703 398 3803 464 784

547 517 722 573 neque
766 503 1046 558 naturales
1090 517 1264 573 neque
1316 501 1468 557 nothi
1527 511 1672 565 sunt,
1733 512 1787 556 et
1835 517 2013 572 neque
2059 519 2124 557 ex

2239 506 2446 574 ρυσικοὶ
2496 506 2619 558 οὔτε
2650 507 2794 560 νόΘοι
2828 507 2952 572 εἰσὶ,
2995 509 3088 562 καὶ
3113 508 3238 563 οὔτε
3277 512 3419 566 κατὰ
3451 512 3721 584 διαδοχὴν,

547 597 858 659 donatione,
908 595 1277 657 successione,
1330 595 1455 649 ficto
1501 595 1708 656 debito,
1755 605 1849 647 aut
1898 596 2125 649 aliorum

548 689 881 760 obligatione
929 689 1189 758 quiquam
1242 688 1551 757 percipiunt
1600 704 1629 740 a
1687 689 1934 757 patribus
1966 690 2126 744 suis:

549 781 641 833 sed
676 795 854 849 neque
891 788 1096 833 matres
1145 778 1387 846 ipsorum
1422 797 1434 832 :
1468 793 1656 831 verum
1712 777 1800 831 illa
1837 779 1984 847 capit
2031 777 2132 832 Ec-

549 873 736 936 clesia,
768 873 954 939 inqua
1009 871 1085 924 illi
1143 869 1523 925 deservierint.
1593 869 1731 925 Dicit
1778 887 1911 924 vero
1966 871 2130 926 etiam

549 975 718 1019 ronst.
760 966 842 1030 i5,
881 966 964 1018 tit.
999 980 1016 1017 ι
1050 962 1393 1016 Novellarum
1426 982 1439 1017 :
1476 965 1531 1018 Si
1566 965 1869 1020 monachus
1900 966 2133 1019 clericus

549 1057 725 1110 factus
772 1056 864 1120 sit,
913 1055 978 1108 ad
1028 1055 1436 1108 matrimonium
1489 1054 1748 1110 devenire
1782 1071 1848 1108 ne
1879 1057 2128 1109 audi-to:

549 1147 762 1201 tauntsi
813 1147 864 1200 in
918 1146 1064 1200 clero
1093 1161 1219 1201 eum
1256 1145 1484 1217 gradum
1537 1157 1730 1202 nactus
1776 1148 1866 1213 sit,
1919 1148 1971 1200 in
2021 1162 2132 1216 quo

548 1241 764 1294 cleiicis
820 1239 1258 1302 matrimonium,
1308 1240 1638 1294 contrahere
1695 1241 1837 1304 licet,
1888 1237 2129 1310 [qualem

549 1331 820 1402 \ideiicel]
875 1342 1152 1397 cantores,
1210 1341 1264 1386 et
1325 1333 1558 1386 lectores
1615 1330 1934 1403 [obtinent].
1999 1332 2132 1386 Aliis

546 1427 690 1479 enim
751 1425 1009 1480 omnibus
1058 1425 1111 1478 in
1171 1425 1489 1479 universum
1552 1425 1758 1494 nuptizr
1827 1424 2132 1478 interdicta:

544 1526 693 1571 sunt.
723 1515 789 1570 At
819 1518 862 1572 si
899 1528 991 1571 aut
1026 1518 1246 1585 nuptias
1283 1519 1596 1579 contrahat,
1634 1527 1728 1571 aut
1759 1517 2128 1571 concubinam

548 1612 764 1674 habeat,
816 1617 910 1662 aut
963 1609 1234 1678 impudice
1281 1609 1447 1673 vivat,
1491 1609 1726 1678 ejieitor,
1773 1624 1836 1662 ac
1886 1609 2132 1677 plebeius

547 1715 685 1756 csto.
721 1704 799 1756 Ad
829 1703 1078 1756 militiam
1113 1700 1289 1772 [vero]
1322 1703 1404 1755 vel
1436 1703 1580 1756 aliud
1607 1702 1844 1756 oﬂicium
1875 1701 2132 1756 de'venire

549 1811 614 1849 ne
666 1796 884 1848 audete.
915 1793 981 1847 Et
1022 1795 1244 1848 constit.
1299 1811 1335 1860 ι,
1386 1794 1627 1862 ejusdem
1682 1795 1762 1848 tit.
1810 1793 2004 1848 Nullus
2035 1794 2130 1863 qui

546 1886 959 1940 matrimonium
1043 1887 1279 1952 iteravit,
1341 1887 1625 1956 presbyter
1701 1896 1795 1940 aut
1863 1887 2133 1942 diaconus

549 1981 838 2034 ordinator
873 1995 887 2032 :
926 1996 1102 2049 neque
1139 1979 1301 2032 etiam
1334 1978 1428 2046 qui
1475 1977 1638 2031 uxori
1677 1979 1972 2044 cohabitat,
2009 1994 2132 2048 quae

553 2073 807 2126 maritum
845 2088 1002 2126 suum
1035 2070 1202 2142 [facto
1230 2068 1486 2141 divortio]
1521 2070 1738 2139 reliquit
1773 2089 1786 2124 :
1819 2087 1991 2141 neque
2037 2071 2131 2141 qui

551 2162 914 2215 concubinam
977 2161 1157 2215 habet.
1201 2161 1273 2212 At
1321 2158 1490 2230 Italis]
1539 2172 1747 2213 casum)
1785 2162 1948 2215 vitam
1986 2171 2129 2229 agat,

551 2264 646 2309 aut
676 2255 842 2308 etiam
878 2253 1034 2307 uxori
1079 2252 1376 2314 cohabitet,
1406 2253 1490 2306 vel
1540 2257 1703 2307 unius
1736 2252 1949 2324 [uxoris
1982 2253 2133 2323 ejus-

551 2344 807 2417 demque]
839 2354 1023 2412 easne,
1062 2360 1124 2400 ac
1153 2361 1219 2399 ex
1251 2345 1564 2414 virginitate
1594 2345 1934 2418 [assumptze]
1966 2346 2134 2400 mari-

554 2453 642 2494 tus
680 2439 865 2494 fuerit.
897 2438 1164 2494 Caeterum
1198 2439 1244 2493 si
1277 2438 1400 2508 quis
1432 2453 1555 2491 cum
1591 2439 1872 2508 presbyter
1915 2438 2008 2501 sit,
2041 2446 2134 2492 aut

553 2535 818 2588 diaconus
864 2543 957 2586 aut
999 2531 1432 2602 hypodiaconus,
1466 2531 1549 2584 Vel
1603 2533 1803 2600 palam,
1838 2531 1921 2585 vel
1969 2530 2133 2595 clam,

552 2625 633 2678 vel
667 2626 770 2680 sub
806 2624 993 2694 aliquo
1024 2633 1287 2692 pragtextu
1322 2622 1409 2695 [ad
1445 2622 1530 2693 ευ]
1581 2638 1806 2678 uxorem
1859 2629 1954 2678 aut
1999 2637 2134 2677 cou-

552 2714 807 2766 l'UiiilliIlll
876 2713 1239 2767 introduxerit
1290 2730 1303 2766 :
1360 2727 1520 2768 sacro
1584 2713 1876 2768 confestim
1941 2711 2136 2767 ordine

2231 598 2462 668 δωρεὰν,
2492 598 2524 667 ἢ
2557 600 3035 669 ἐσχηματισμένον
3056 602 3287 670 δάνειον,
3327 605 3572 674 ἣὲτέραν
3601 607 3805 677 ἐνοχὴν,

2232 689 2567 760 λαμϐάνουσί
2600 709 2652 744 τι
2685 693 2835 762 παρά
2876 693 2985 747 τῶν
3021 696 3278 767 πατέριον
3324 697 3583 769 αὑτῶν,ἢ
3621 699 3676 752 αἰ
3709 715 3808 769 μη-

2232 779 2388 848 τέρες
2439 779 2643 844 αὐτῶν,
2701 780 2839 834 ἀλλά
2893 780 3066 835 ταῦτα
3100 781 3367 853 λαμϐάνει
3398 788 3430 855 ἡ
3464 786 3586 838 κατ’
3619 785 3809 851 αὐτοὺς

2246 870 2557 943 Ἐκκλησία·
2578 872 2794 941 λέγειδὲ
2821 875 2854 944 ἡ
2883 881 2949 942 ιγ’
2973 873 3113 929 διάτ.
3132 876 3225 930 τοῦ
3252 883 3300 930 α’
3317 878 3418 932 τίτ.
3435 881 3542 932 τῶν
3568 879 3806 952 Νεαρῶν,

2232 963 2314 1017 ὅτι
2342 965 2437 1018 ἐὰν
2471 966 2708 1036 μοναχδς
2744 967 3025 1039 κληρωθῇ,
3086 971 3160 1039 μὴ
3219 969 3494 1042 Θαρρείτω
3533 973 3666 1042 πρὸς
3716 975 3811 1045 γά-

2236 1073 2334 1125 μον
2363 1056 2558 1122 ἐλθεῖν,
2600 1057 2702 1111 κᾶν
2733 1055 2976 1112 τοιούτου
3022 1059 3232 1130 βαθμοῦ
3273 1063 3571 1133 τετύχηκεν
3642 1065 3698 1118 ἐν
3739 1066 3810 1135 τῷ

2234 1146 2422 1218 κλήρῳ
2453 1147 2511 1201 ἐν
2539 1141 2583 1216 ᾧ
2611 1152 2722 1213 τοῖς
2749 1151 3033 1221 κληρικοῖς
3065 1150 3246 1216 ἔξεστι
3291 1157 3513 1224 γαμεῖν,
3567 1157 3808 1210 τουτέστι

2232 1241 2410 1312 ψάλτῃ
2445 1241 2540 1295 καὶ
2583 1242 2928 1314 ἀναγνώστῃ·
2965 1246 3083 1307 τοῖς
3111 1244 3224 1315 γὰρ
3247 1244 3427 1309 ἄλλοις
3458 1249 3634 1301 ἆπασι
3685 1247 3810 1301 καθ-

2233 1332 2382 1398 άπαξ
2425 1333 2452 1385 ὀ
2493 1335 2667 1404 γάμος
2696 1336 3092 1406 ἀπηγόρευται·
3116 1337 3240 1391 εἰδὲ
3265 1339 3531 1410 γαμήσει,
3563 1339 3594 1409 ἢ
3618 1341 3813 1396 παλλα-

2234 1425 2338 1496 κὴν
2367 1427 2492 1494 σχῇ,
2530 1426 2563 1496 ἦ
2595 1425 2844 1496 ἀσελγῶς
2891 1428 3072 1499 ζήσει,
3100 1429 3450 1484 ἐκϐαλλέσθω
3473 1431 3568 1484 τοῦ
3596 1434 3810 1505 κλήρου.

2236 1517 2331 1570 καὶ
2364 1517 2582 1587 ἰδιώτης
2623 1518 2784 1583 ἔστω,
2840 1521 2977 1590 πρὸς
3010 1522 3306 1590 στρατείαν
3359 1521 3390 1592 ἦ
3418 1523 3614 1594 ἑτέραν
3639 1528 3815 1596 ἐπιτή-

2235 1607 2421 1660 δευσιν
2445 1607 2618 1660 ἐλθεῖν
2657 1610 2716 1660 οὑ
2776 1609 3014 1680 Οαρῤῶν·
3056 1611 3148 1663 καὶ
3195 1613 3227 1680 ἡ
3279 1617 3327 1664 α’
3361 1612 3501 1665 διάτ.
3538 1611 3633 1666 τοῦ
3657 1616 3813 1668 αὖτοῦ

2243 1699 2378 1761 τίτ.,
2433 1700 2516 1752 ὅτι
2609 1700 2797 1770 μηδεὶς
2857 1701 3341 1772 δευτερογαμήσας
3411 1707 3815 1774 χειροτονείσίω

2235 1790 2607 1864 πρεσϐύτερος
2641 1792 2673 1861 ἢ
2708 1792 2976 1856 διάκονος,
3017 1797 3152 1862 μήτε
3184 1794 3283 1864 μὲν
3315 1797 3363 1848 εἰ
3394 1797 3614 1864 γυναικὶ
3649 1814 3817 1849 συνοι⁴

2171 1885 2207 1937 Β
2234 1885 2322 1936 κεῖ
2340 1883 2430 1936 τὸν
2462 1883 2592 1936 ἴδιον
2637 1884 2809 1954 ἄνδρα
2840 1885 3242 1958 καταλιπούσῃ,
3282 1888 3419 1958 μήτε
3455 1891 3503 1940 εἰ
3542 1890 3815 1960 παλλακὴν

2239 1973 2373 2044 ἔχοι,
2391 1975 2526 2028 ἀλλὰ
2550 1975 2873 2049 σωφροσύνῃ
2892 1976 3090 2040 συζῶν,
3120 1977 3266 2049 καὶῆ
3298 1981 3510 2049 γαμετῇ
3539 1981 3816 2046 συνοικῶν,

2239 2066 2271 2136 ἢ
2308 2067 2437 2137 μιᾶς
2469 2066 2607 2138 ἀνὴρ
2633 2068 2927 2138 γενόμενος
2978 2065 3259 2138 σώφρονος
3286 2071 3378 2124 καὶ
3402 2071 3465 2124 ἐκ
3504 2072 3815 2140 παρῧενίας·

2241 2162 2289 2212 εἰ
2317 2159 2375 2212 δέ
2401 2177 2484 2224 τις
2508 2160 2879 2232 πρεσϐύτερος
2905 2161 3002 2229 ὢν,
3037 2163 3068 2233 ἣ
3098 2163 3367 2228 διάκονος,
3409 2163 3440 2234 ἢ
3475 2164 3820 2223 ὑποδιάκονος

2241 2253 2489 2323 γαμετὴν
2549 2253 2582 2324 ἦ
2649 2253 2932 2324 παλλακὴν
2991 2257 3264 2323 εἰσάγοιτο
3316 2255 3568 2324 φανερῶς
3613 2255 3822 2326 ἢὲσχη-

2245 2345 2618 2415 ματισμένως,
2675 2346 2878 2410 εύΟέως
2909 2348 3008 2416 τῆς
3057 2349 3209 2419 ἱερᾶς
3255 2348 3571 2402 ἐκπιπτέτω
3597 2347 3819 2413 τάξεως,

2242 2437 2336 2490 καὶ
2356 2436 2572 2506 ἰδιώτης
2605 2438 2698 2490 καὶ
2731 2439 2924 2501 λαῖκὺς
2956 2439 3096 2492 ἔστω
3117 2456 3130 2469 ·
3170 2439 3522 2510 ἀναγνώστης
3553 2440 3613 2492 δὲ
3646 2439 3822 2492 δευτε-

2240 2529 2522 2599 ρογαμῶν,
2555 2529 2631 2601 μὴ
2657 2531 3039 2601 προκοπτέτω,
3081 2532 3157 2602 μὴ
3196 2533 3303 2602 μὴν
3329 2533 3426 2586 καὶ
3463 2531 3819 2602 τριγαμείτω·

2235 2621 2376 2673 εἰδὲ
2439 2620 2927 2694 δευτερογαμήσας
2987 2625 3214 2678 σπεύσει
3259 2623 3554 2696 προκόψαι,
3607 2624 3813 2691 γίνεται

2239 2707 2472 2777 ἰδιώτης.

549 2807 805 2868 eveiditu,
864 2814 918 2860 et
976 2807 1221 2876 privatus
1256 2819 1420 2875 atque
1474 2808 1718 2876 plebeius
1771 2807 1930 2877 307
1987 2813 2132 2861 esto.
2173 2803 2368 2858 Lector
2438 2813 2621 2858 autem
2691 2811 3104 2860 matrimonium
3139 2807 3343 2863 iterans
3384 2805 3478 2879 [ad
3508 2803 3731 2876 altiora]
3759 2818 3824 2858 ne

553 2903 911 2972 progreditor,
949 2919 1127 2974 neque
1169 2904 1236 2958 ad
1281 2903 1470 2958 tertias
1504 2904 1722 2974 nuptias
1752 2903 2024 2958 devenito.
2057 2903 2136 2957 Ac
2179 2904 2226 2958 si
2294 2911 2416 2970 post
2437 2900 2693 2955 iteratum
2725 2901 3043 2972 conjugium
3125 2901 3376 2972 progredi
3421 2901 3688 2966 enitatur,
3720 2899 3824 2971 plc-

551 2995 706 3050 beius
737 3006 877 3048 esto.

625 3088 768 3141 Dicit
800 3087 928 3140 item
969 3104 982 3140 :
1023 3087 1154 3152 Quae
1182 3086 1513 3140 diaconissae
1558 3084 1904 3149 ordinantur,
1939 3085 2133 3140 admo-

2311 3084 2475 3154 Λέγει
2505 3084 2561 3137 δέ
2605 3085 2687 3138 ὅτι
2731 3083 3209 3155 χειροτονούμεναι
3267 3085 3321 3138 αἰ
3349 3083 3613 3149 διάκονοι,
3646 3081 3824 3136 νουθε-

556 3192 786 3235 nemor:
813 3180 924 3248 lac]
949 3179 1186 3243 sciunto,
1224 3177 1372 3246 quod
1405 3177 1449 3231 si
1475 3177 2136 3233 contractomatrimonio

2240 3176 2564 3230 τείσθωσαν·
2594 3177 2791 3230 εἰδυῖαι
2833 3176 2908 3239 ὡς
2955 3177 3001 3229 εἰ
3067 3177 3401 3248 Θαρρήσαιεν
3462 3175 3825 3246 καταισχῦναι

557 3274 732 3327 aliave
767 3270 889 3325 vita:
928 3270 1139 3324 ratione
1186 3267 1490 3341 [suscepta]
1533 3269 1864 3324 dedecorare
1907 3269 2134 3323 ordina-

557 3366 761 3419 tionem
793 3377 940 3416 ausa:
972 3360 1198 3426 fuerint,
1226 3374 1333 3414 rem
1364 3360 1558 3415 mortis
1593 3360 1742 3424 tient,
1770 3369 1823 3414 et
1847 3359 2138 3414 facultates

555 3471 669 3510 sua:
699 3452 1048 3508 monasteriis
1077 3461 1173 3506 aut
1219 3451 1480 3506 Ecclesiis
1533 3450 1649 3505 suis
1701 3451 2136 3518 applicabuntur.

557 3548 660 3613 Qui
692 3562 822 3602 vero
853 3547 1054 3601 ducere
1087 3545 1208 3599 illas
1235 3553 1332 3599 aut
1360 3554 1726 3614 constuprare
1757 3544 1872 3598 ausi
1908 3541 2134 3608 fuerint,

555 3640 738 3710 gladio
764 3638 989 3694 obnoxii
1022 3648 1206 3704 erunt,
1245 3651 1548 3708 eorumque
1571 3637 1937 3693 substantiam
1971 3636 2140 3692 ﬁscus

556 3732 753 3802 capiet.
1231 3783 1233 3790 ,

631 3823 851 3877 ’l‘extus.
888 3823 1126 3878 Constit.
1167 3821 1222 3887 εὶ,
1267 3821 1513 3893 ejusdem
1565 3821 1647 3876 tit.
1695 3821 1751 3876 Si
1791 3821 2014 3876 decurio
2049 3804 2151 3874 aut

561 3916 883 3982 cohortalis,
912 3915 1004 3969 ubi
1039 3915 1352 3984 quindecim
1396 3913 1554 3968 annis
1603 3915 1907 3968 monachus
1952 3911 2139 3975 fuerit,

560 4009 797 4064 clericus
844 4008 958 4074 ﬁat,
1000 4006 1108 4079 [ac]
1143 4007 1339 4062 deinde
1387 4008 1609 4078 nuptias
1649 4006 1958 4070 contrahat,
2006 4003 2142 4076 {pri-

558 4097 738 4171 stinm]
776 4115 891 4157 sua;
922 4098 1157 4154 fortunae
1191 4099 1519 4154 restituitur.
1570 4097 1774 4171 [Quod]
1819 4099 1962 4154 idem
1994 4107 2046 4151 et
2087 4097 2141 4150 in

558 4193 679 4246 aliis
704 4191 799 4262 qui
831 4207 898 4247 ex
931 4191 1224 4247 monachis
1251 4191 1436 4246 clerici
1473 4190 1626 4263 [facti
1660 4203 1808 4257 sunt,
1857 4189 2086 4262 obtinet]
2124 4209 2138 4244 ;

559 4284 776 4339 tametsi
804 4285 1134 4338 decuriones
1165 4293 1260 4338 aut
1290 4283 1604 4338 cohortales
1634 4299 1741 4336 non
1777 4282 2000 4338 l‘uerint.
2032 4282 2098 4335 Et
2125 4299 2138 4334 :

559 4377 663 4442 Qui
719 4376 962 4431 caelibem
1000 4375 1240 4439 ordinat,
1288 4376 1626 4445 interrogato
1676 4375 1850 4440 illum,
1905 4389 1972 4428 an
2023 4375 2143 4428 sine

557 4469 795 4538 legitima
831 4481 1004 4522 uxore
1039 4477 1187 4522 caste
1217 4469 1399 4520 vivere
1442 4469 1634 4538 possit.
1665 4466 1767 4533 Qui
1818 4482 1951 4522 vero
2001 4476 2140 4521 tem-

559 4575 688 4630 pore
721 4559 1087 4614 ordinationis
1126 4559 1360 4613 diacono
1403 4569 1524 4629 post
1567 4559 1973 4613 ordinationem
2025 4575 2142 4611 ma-
2174 4534 2219 4590 D

557 4652 875 4706 trimonium
938 4652 1264 4706 contrahere
1316 4653 1648 4721 permiserit,
1702 4653 1771 4705 ab
1821 4651 2142 4720 episcopatu

557 4744 796 4813 ej-icitur.
832 4741 1006 4797 Porro
1035 4743 1340 4813 presbyter,
1374 4753 1467 4796 aut
1498 4743 1786 4806 diaconus,
1829 4749 1923 4795 aut
1972 4739 2146 4810 hypo-

557 4837 824 4892 diaconus
848 4837 939 4908 qui
966 4826 1089 4907 post
1112 4835 1518 4890 ordinationem
1560 4834 1974 4888 matrimonium
2009 4848 2144 4886 con-

560 4930 746 4995 trahit,
778 4944 808 4983 e
854 4929 1000 4983 clero
1034 4928 1275 4998 eiicitur,
1321 4939 1374 4982 et
1415 4943 1540 4982 cum
1596 4929 1760 4981 rebus
1810 4925 1926 4980 suis
1978 4925 2147 4979 curiae

563 5017 804 5072 civitatis
837 5017 888 5070 in
919 5032 1027 5087 qua
1063 5017 1299 5071 clericus
1343 5025 1484 5082 erat,
1518 5015 1773 5070 traditur.
1804 5014 1934 5068 item
1971 5013 2146 5069 lector

560 5111 652 5178 qui
713 5109 934 5178 nuptias
1017 5109 1200 5173 iterat,
1264 5116 1359 5161 aut
1426 5107 1672 5172 viduam,
1745 5105 1832 5159 vel
1907 5104 2146 5158 divortio

562 5199 915 5266 disjunclam,
945 5201 1030 5256 vel
1057 5201 1268 5269 legibus
1295 5199 1664 5253 eanOnibusve
1696 5197 2041 5252 interdictam
2065 5195 2145 5269 [in

563 5290 810 5363 uxorem]
844 5292 1098 5356 assumit,
1144 5292 1198 5344 in
1237 5291 1404 5345 alium
1455 5291 1683 5362 gradum
1726 5304 1794 5344 ne
1840 5288 2142 5360 procedito.

561 5384 706 5450 Quin
729 5395 785 5439 et
809 5385 853 5440 si
885 5381 1238 5453 processerit,
1275 5382 1446 5453 priori
1481 5383 1807 5438 restituitur.

635 5476 777 5529 Dicit
805 5476 1034 5542 insuper
1068 5493 1080 5529 :
1118 5473 1220 5540 Qui
1253 5474 1564 5540 ascctriam,
1617 5481 1710 5527 aut
1759 5473 2144 5532 monastriam,

565 5577 659 5622 aut
711 5568 1106 5635 diaconissam,
1155 5577 1251 5622 aut
1293 5568 1461 5621 alium
1518 5567 1836 5638 religiosum
1896 5565 2144 5618 habitum

564 5667 863 5727 gestantem
926 5657 1262 5730 [mulierem]
1325 5658 1568 5727 rapiunt,
1624 5663 2005 5726 corrumpunt,
2062 5655 2147 5710 vel

567 5757 952 5820 constuprant,
987 5751 1189 5820 quique
1221 5749 1356 5821 [illis
1387 5748 1534 5821 sese]
1565 5750 1845 5804 associant
1875 5766 1888 5801 :
1923 5747 2146 5816 capitali

567 5842 835 5909 supplicio
863 5845 1196 5910 aﬂiciuntur,
1232 5859 1294 5899 ac
1328 5858 1414 5900 res
1441 5843 1660 5900 illorum
1694 5843 1896 5914 injuria
1939 5840 2143 5898 ati‘cctae

2241 3269 2339 3339 τὴν
2370 3272 2728 3340 χειροτονίαν,
2785 3268 3217 3340 προσομιλοῦσαι
3251 3269 3415 3338 γάμῳ
3452 3267 3485 3338 ἢ
3519 3267 3682 3322 ἄλλου
3716 3265 3825 3336 βίου

2241 3364 2458 3435 πορείᾳ,
2493 3363 2707 3433 θανάτῳ
2763 3363 3088 3433 γενήσονται
3147 3360 3342 3432 ἔνοχοι·
3375 3360 3607 3424 καὶτοῖς
3653 3357 3826 3413 αὐτῶν

2243 3456 2563 3528 ἐκκλησίαις
2598 3456 2652 3509 αἱ
2684 3455 2992 3525 περιουσίαι
3029 3453 3208 3508 αὐτῶν
3249 3452 3823 3524 προσκυρωθήσονται·

2241 3553 2290 3605 οἱ
2330 3549 2387 3602 δὲ
2426 3549 2604 3618 γῆμαι
2641 3547 2918 3617 ἢφθεῖραι
2949 3547 3122 3608 αὐτάς
3152 3545 3544 3616 τολμήσαντες,
3592 3542 3827 3598 ὑπεύθυ-

2244 3637 2325 3691 νοί
2358 3639 2466 3690 εἰσι
2497 3636 2664 3706 ξίφει,
2698 3636 2795 3690 καὶ
2822 3635 2920 3708 τὴν
2947 3636 3134 3690 οὐσίαν
3159 3634 3340 3688 αὐτῶν
3361 3633 3422 3686 τὸ
3448 3633 3712 3704 δημόσιον
3735 3632 3826 3704 λή-

2241 3729 2402 3800 ψεται
2412 3770 2425 3785 .

2318 3824 2426 3878 Καὶ
2457 3825 2490 3896 ἡ
2515 3823 2559 3894 βπ
2588 3825 2730 3878 διάτ.
2757 3823 2851 3877 τοῦ
2889 3821 3054 3876 αὐτοῦ
3077 3821 3208 3885 τίτ.,
3243 3822 3325 3875 ὅτι
3354 3821 3450 3875 ἐὰν
3481 3819 3828 3890 βουλευτὴςῆ

2245 3915 2550 3986 ταξεὼτης,
2585 3917 2677 3969 ἐπὶ
2740 3913 2802 3969 ιε’
2857 3916 3097 3987 μονάσας
3128 3913 3248 3985 ’ἐτη
3289 3913 3515 3984 γένηται
3545 3911 3826 3984 κληρικὸς,

2243 4002 2365 4060 εἶτα
2394 4007 2643 4078 γαμήσῃ,
2689 4005 3003 4060 ἀποδίδοται
3042 4007 3110 4076 τῇ
3165 4004 3272 4074 ἰδίᾳ
3310 4003 3470 4075 τύχῃ·
3506 4003 3574 4056 τὰ
3601 4004 3743 4057 αὐτὰ
3774 4001 3827 4054 δὲ

2245 4097 2503 4170 καὶπερὶ
2555 4098 2666 4152 τῶν
2700 4097 2875 4153 ἄλλων
2937 4095 3217 4168 κληρικῶν
3261 4097 3371 4149 τῶν
3399 4095 3508 4149 ἀπὸ
3556 4093 3825 4166 μοναχῶν,

2244 4190 2348 4242 κᾶν
2376 4189 2450 4260 μὴ
2493 4190 2752 4258 γεγόνασι
2789 4189 3072 4260 βουλευταὶ
3118 4188 3152 4258 ἢ
3208 4186 3506 4252 ταξεῶται·
3563 4187 3661 4240 καὶ
3687 4187 3768 4240 ὅτι
3802 4186 3830 4237 ὁ

2243 4279 2565 4351 χειροτονῶν
2589 4281 2824 4350 ἄγαμον,
2852 4279 3112 4352 ἐρωτάτω
3138 4277 3301 4332 αὑτὸν
3330 4279 3379 4330 εἰ
3399 4277 3625 4330 δύναται
3665 4276 3827 4347 χωρὶς

2243 4371 2476 4442 νομίμου
2503 4372 2750 4441 γαμετῆς
2787 4371 2999 4441 σεμνῶς
3041 4371 3191 4440 βιοῦν
3212 4387 3227 4402 ·
3262 4372 3292 4423 ὁ
3340 4369 3396 4421 δὲ
3418 4368 3495 4439 τῷ
3517 4368 3696 4438 καιρῷ
3731 4364 3828 4433 τῆς

2245 4465 2581 4535 χειροτονίας
2613 4465 2925 4536 ἐπιτρέπων
2947 4463 3181 4534 διακόνῳ
3209 4463 3242 4534 ἢ
3277 4461 3620 4530 ὑποδιακύνῳ
3649 4456 3828 4527 γαμῆ-

2251 4574 2340 4610 σαι
2372 4556 2514 4626 μετὰ
2528 4557 2626 4628 τὴν
2653 4556 3009 4628 χειροτονίαν,
3033 4555 3131 4624 τῆς
3155 4552 3461 4622 ἐπισκοπῆς
3482 4551 3824 4605 ἐκϐάλλεται·

2246 4649 2703 4720 πρεσδύτερος,ἢ
2737 4649 3002 4712 διάκονος,
3052 4648 3086 4717 ἢ
3133 4646 3504 4709 ὑποδιάκονος,
3564 4642 3705 4714 μετά
3731 4640 3824 4711 τὴν

2247 4743 2582 4812 χειροτονίαν
2613 4742 2806 4813 γαμῶν
2837 4740 3158 4795 ἐκϐάλλεται
3180 4739 3272 4793 τοῦ
3305 4739 3529 4808 κλήρου,
3560 4737 3654 4790 καὶ
3691 4731 3824 4805 μετά

2248 4833 2356 4887 τῶν
2391 4832 2556 4886 αὐτοῦ
2589 4833 2936 4904 πραγμάτων
2963 4832 3166 4885 δίδοται
3199 4833 3267 4902 τῇ
3301 4830 3463 4901 βουλῇ
3492 4827 3592 4898 τῆς
3620 4827 3822 4886 πόλεως

2247 4919 2371 5000 ἐνῇ
2432 4925 2695 4997 κληρικδς
2720 4922 2824 4996 ἦν·
2885 4924 3301 4994 δευτερογαμῶν
3353 4922 3410 4975 δὲ
3452 4917 3824 4989 ἀναγνώστης.

2247 5017 2281 5088 ἢ
2315 5020 2488 5089 χήραν
2540 5017 2573 5088 ἢ
2599 5015 2988 5088 διεξευγμένην
3035 5014 3346 5085 λαμϐάνων,
3380 5012 3413 5084 ἢ
3443 5012 3554 5074 τοῖς
3582 5010 3767 5079 νόμοις
3793 5006 3822 5073 ἢ

2249 5112 2360 5172 τοῖς
2386 5108 2607 5162 κανόσιν
2654 5107 3138 5178 ἀπηγορευμένην,
3181 5107 3261 5168 εἰς
3299 5104 3455 5157 ἄλλον
3495 5101 3570 5173 μὴ
3607 5098 3828 5172 προϐαι-

2250 5196 2652 5269 νέτωβαθμὺν,
2687 5198 2824 5253 ἀλλὰ
2869 5199 2964 5252 καὶ
3005 5197 3216 5268 προϐὰς
3263 5194 3697 5250 ἀποκαθίσταται
3754 5188 3825 5258 τῷ

2249 5290 2523 5361 προτέρῳ.

2321 5469 2487 5537 Λέγει
2517 5469 2574 5522 δὲ
2605 5469 2686 5522 ὅτι
2744 5470 2794 5522 οἱ
2844 5469 3203 5541 ἀρπαζόντες,
3260 5457 3817 5538 ἢύπονοθεύοντες,ῆ

2250 5561 3026 5644 διαφθείροντεςάσκήτριανῆ
3047 5560 3398 5631 μονάστριαν,
3411 5558 3445 5628 ἣ
3464 5555 3818 5609 διακὸνισσαν,

2250 5653 2283 5722 ἢ
2315 5653 2442 5708 ἄλλο
2471 5654 2698 5718 εύλαϐἐς
2741 5654 2970 5724 ἔχουσαν
3011 5653 3218 5724 σχῆμα,
3248 5652 3343 5704 καὶ
3370 5653 3418 5703 οἰ
3449 5644 3817 5718 μετασχόντες,

2251 5745 2562 5814 κεφαλικῶς
2588 5746 2978 5819 τιμωροῦνται,
3029 5746 3123 5799 καὶ
3148 5746 3215 5799 τὰ
3241 5745 3538 5816 πράγματα
3556 5737 3734 5792 αὐτῶν
3758 5735 3816 5802 τῇ

2265 5839 2560 5910 Ἐκκλησία
2587 5840 2621 5910 ἢ
2657 5839 2734 5911 τῷ
2765 5845 3111 5912 μοναστηρίῳ
3151 5839 3248 5911 τῆς
3294 5834 3639 5907 ὑϐρισθείσης
3671 5841 3817 5897 περι·
