4156 6458
436 471 541 534 785

1322 475 1722 537 SYNTAGMA
1759 473 2147 535 CANONUM.
2176 474 2324 537 TIT.
2354 474 2459 550 1x,
2484 476 2644 536 CAP.
2667 477 2852 539 xxx.
2872 449 2899 476 ”

3613 480 3716 540 786

442 587 722 640 ποιοῦνται
751 586 840 639 διὰ
869 585 964 639 τοῦ
987 586 1289 640 ἐπισκόπου
1348 588 1382 659 ἢ
1439 588 1534 641 τοῦ
1589 588 1876 659 οἰκονόμου
1926 588 2020 641 καὶ
2053 591 2085 645 Α

2165 586 2424 659 mulieris]
2449 586 2695 642 ecclesiae
2717 597 2813 642 aut
2839 586 3172 642 monasterio
3209 602 3304 656 per
3343 601 3712 652 meonomum,

438 677 545 732 τῶν
578 677 859 748 ἀρχόντων
889 679 984 731 καὶ
1039 679 1149 732 τῶν
1181 679 1408 743 τάξεων·
1451 678 1592 749 αὕτη
1637 681 1695 734 δὲ
1731 681 1868 751 μετά
1917 679 2026 733 τῶν

440 773 615 842 αὐτῆς
678 771 1046 843 πραγμάτων,
1083 774 1434 844 μοναστηρίῳ
1482 773 1813 841 ἐμϐάλλεται
1847 773 2026 843 ἀσφα-

441 863 550 927 λῶς
581 864 1040 935 φυλαχθησομένη
1061 883 1074 897 ·
1113 867 1161 918 εἰ
1208 865 1266 917 δὲ
1315 865 1627 919 διακόνισσά
1653 867 1800 918 ἐστιν
1828 865 2028 936 ἔχουσα

443 957 707 1026 νομίμους
757 957 972 1020 παῖδας,
1042 958 1102 1010 τὸ
1158 958 1389 1028 νόμιμον
1427 958 1590 1028 μέρος
1615 957 1986 1027 λαμϐάνουσιν
2012 973 2024 987 ⁸

443 1053 492 1103 εἰ
520 1049 684 1102 δέ.ἐπ“ι
707 1048 952 1101 ἐνιαυτὸν
1011 1049 1151 1117 μετά
1205 1050 1268 1101 τὸ
1321 1048 1632 1118 γνωσθῆναι
1666 1048 1727 1101 τδ
1752 1047 1922 1119 μῦσος
1953 1048 2027 1120 μὴ

444 1142 792 1211 ἐκδικὴσουσι
814 1143 883 1195 τὰ
909 1141 1214 1212 πράγματα
1246 1144 1296 1196 οἱ
1343 1144 1560 1208 εύαγεῖς
1585 1137 1745 1205 οἶκοι,
1774 1143 1803 1194 ὁ
1837 1141 2032 1211 φίσκος

446 1231 586 1284 αὐτὰ
615 1229 907 1300 λαμϐάνει,
962 1231 1057 1282 τοῦ
1109 1229 1441 1298 ἀμελοῦντος
1474 1229 1614 1284 αύτά
1675 1229 2031 1301 ἐκδικηθῆναι

445 1324 705 1394 ἄρχοντος
727 1322 1206 1392 ἀποζωννυμένου,
1251 1321 1342 1376 καὶ
1392 1321 1435 1374 ε’
1471 1321 1657 1392 λίτρας
1697 1323 1809 1385 τοῖς
1835 1322 2032 1392 πριὸά-

447 1431 560 1476 τοις
590 1415 1067 1486 προστιμωμένου.

523 1599 775 1652 ΚΕΦΑΛ.
807 1599 888 1654 Λ’.
915 1628 984 1640 -—
1009 1598 1150 1666 Περὶ
1204 1596 1323 1652 τῶν
1363 1597 1463 1652 ἐπὶ
1517 1598 1680 1669 γάμῳ
1740 1600 2034 1668 γυναῖκας

451 1688 855 1761 ἁρπαζόντων.

890 1785 1268 1838 Ἀποστόλων
1297 1784 1500 1837 κανὼν
1534 1783 1631 1850 ξζ’.

526 1873 621 1938 ξζν.
652 1875 718 1927 Εἴ
741 1891 827 1938 τις
854 1876 1118 1946 παρθένον
1140 1875 1512 1944 ἁμνήστευτον
1545 1874 1874 1946 βιασάμενος
1896 1875 2030 1945 ἔχει,

453 1985 580 2023 κ.τ.
624 1968 675 2022 λ.

709 2058 980 2114 Συνόδου
1013 2059 1296 2129 Ἀγκύρας
1323 2059 1526 2114 κανὼν
1551 2067 1640 2124 ια’,
1681 2061 1778 2115 κε’.

529 2157 615 2206 ια’.
651 2151 763 2215 Τάς
801 2151 1231 2222 μνηστευθείσας
1286 2151 1476 2222 κόρας,
1536 2154 1631 2205 καὶ
1694 2152 1834 2222 μετά
1870 2151 2045 2206 ταῦτα

458 2245 564 2296 ὑπὸ
630 2244 806 2298 ἄλλων
854 2245 1227 2316 ἀρπαγείσας,
1272 2244 1451 2309 ἔδοξεν
1507 2245 1853 2299 ἀποδίδοσθαι
1933 2247 2047 2308 τοῖς

461 2336 1098 2407 προμνηστευσαμένοις,
1158 2337 1207 2388 εί
1244 2337 1338 2389 καὶ
1396 2335 1520 2406 βίαν
1579 2335 1670 2389 ὑπ’
1715 2335 1898 2390 αὐτῶν
1942 2335 2047 2391 πά-

461 2427 625 2482 θοιεν.

536 2527 635 2575 κε’.
659 2521 1158 2591 Μνηστευσάμενός
1185 2538 1270 2586 τις
1332 2521 1524 2591 κόρην,
1580 2519 1936 2590 προσεφθάρη
1981 2522 2047 2590 τῇ

465 2611 667 2683 ἀδελφῇ
706 2612 898 2683 αὐτῆς,
933 2611 1009 2676 ὡς
1035 2612 1128 2666 καὶ
1153 2613 1491 2683 ἐπιφορῆσαι
1545 2611 1718 2688 αὑτήν
1741 2629 1754 2642 ·
1791 2611 1966 2683 ἔγημε
1993 2611 2049 2664 δὲ

463 2707 564 2776 τὴν
590 2707 833 2777 μνηστὴν
858 2707 998 2777 μετὰ
1019 2707 1213 2769 ταῦτα,
1248 2708 1280 2776 ὴ
1313 2707 1371 2760 δέ
1413 2707 1685 2778 φθαρεῖσα
1722 2708 2011 2779 ἀπήγξατο
2032 2723 2046 2737 ’

466 2801 517 2853 οἱ
551 2799 854 2863 συνειδότες
909 2798 1312 2868 ἐκελεύσθησαν
1358 2801 1415 2853 ἐν
1472 2800 1731 2872 δεκαετίᾳ
1787 2799 2050 2870 δεχθῆναι

468 2893 550 2954 εἰς
595 2892 722 2955 τοὺς
761 2893 1124 2955 συνεστῶτας,
1168 2893 1312 2945 κατά
1352 2893 1482 2956 τοὺς
1533 2891 1873 2964 ὡρισμένους
1951 2893 2052 2960 βα-

472 2979 665 3051 θμούς.

756 3075 1024 3128 Συνόδου
1040 3075 1426 3145 Χαλκηδόνος
1438 3075 1644 3129 κανὼν
1665 3075 1767 3140 κζ’.

545 3166 647 3232 κζ’.
707 3167 844 3231 Τοὺς
880 3168 1223 3240 ἁρπάζοντας
1253 3170 1541 3230 γυναῖκας,
1567 3184 1624 3221 κ.
1660 3185 1713 3220 τ.
1747 3168 1798 3222 λ.

607 3260 877 3315 Συνόδου
933 3259 1352 3330 οὶκουμενικῆς
1383 3260 1561 3327 ἕκτης
1583 3259 1786 3314 κανὼν
1812 3259 1918 3330 ἥβη

545 3351 650 3422 ιιβν.
680 3353 818 3415 Τοὺς
858 3352 1205 3422 ἁρπάζοντας
1235 3355 1504 3421 γυναῖκας
1535 3351 1622 3406 ἐπ’
1661 3353 1887 3422 ὀνόματι
1934 3370 2060 3407 συν-

475 3445 734 3510 οικεσίου,
780 3446 813 3515 ἦ
858 3445 1333 3515 συμπράττοντας,
1387 3445 1416 3515 ἢ
1489 3444 1917 3515 συναιρομένους
1946 3447 2060 3508 τοῖς

479 3537 842 3606 ἁρπάζουσιν,
874 3539 1073 3606 ὦριοεεν
1126 3539 1159 3607 ἡ
1192 3537 1324 3605 ἁγία
1382 3536 1621 3600 σύνοδος,
1663 3539 1712 3590 εί
1744 3537 1842 3606 μέν
1866 3538 2059 3607 κληρι-

478 3631 566 3682 κοὶ
596 3626 725 3693 εἷεν,
763 3630 1052 3685 ἐκπίπτειν
1077 3629 1172 3684 τοῦ
1201 3630 1404 3683 οἰκείου
1438 3629 1670 3700 βαθμοῠο
1697 3631 1745 3683 εί
1773 3630 1828 3683 δὲ
1857 3631 2058 3695 λαῖκοὶ,

477 3720 841 3792 ἁναθεματίζε
851 3722 996 3778 σθαι.

591 3814 887 3881 Θεοφίλου
909 3813 976 3866 ἐκ
1024 3813 1131 3866 τοῦ
1149 3809 1628 3881 Ὑπομνηστικοῦ
1660 3814 1861 3869 κανὼν
1889 3814 1954 3884 β’.

557 3906 620 3978 β’.
648 3908 786 3978 Περὶ
834 3908 1044 3978 Βήστου
1087 3907 1457 3969 καταστάντος
1491 3908 1547 3959 ἐν
1592 3906 1788 3978 Ἐρέϐῃ
1833 3907 2069 3977 πρεσϐυ-

484 4001 648 4071 τέρου
714 4000 998 4070 ζητητέον,
1073 4001 1168 4053 καὶ
1224 4001 1272 4051 εἰ
1334 3999 1431 4069 μὲν
1483 3998 1909 4068 ἀποταξαμένην
1945 4001 2067 4053 τινὰ

487 4092 690 4156 ζῶντος
727 4093 819 4146 τοῦ
854 4093 1047 4163 ἀνδρὸς
1081 4093 1360 4154 ἐϐιάσατο,
1397 4090 1471 4162 μὴ
1517 4091 1910 4160 συγχωρείσΟω
1931 4089 2070 4148 εἶναι

487 4186 884 4257 πρεσϐύτερος*
911 4187 1045 4239 ὅπου
1081 4203 1144 4254 γε
1192 4185 1315 4238 οὐδὲ
1345 4184 1421 4246 ὡς
1465 4184 1650 4245 λαῖκὸς
1680 4184 1884 4251 ὀφείλει
1940 4203 2072 4240 συν-

487 4277 742 4344 άγεσθαι,
795 4278 896 4346 τῆς
953 4275 1280 4345 Ἐκκλησίας
1311 4272 1570 4336 εἰωθυίας
1618 4275 1746 4336 τοὺς
1795 4274 2073 4339 τοιούτους

488 4367 765 4438 χωρίζεινο
821 4368 880 4420 οὐ
908 4367 1064 4437 φέρει
1096 4368 1202 4437 γὰρ
1233 4367 1391 4418 τοῦτο
1427 4365 1714 4434 πρόκριμα
1740 4365 1816 4436 τῷ
1846 4367 2074 4420 ἐπισκό-

491 4475 580 4527 atq)
596 4457 910 4523 Ἀπόλλωνι,
942 4459 991 4510 εἰ
1023 4457 1082 4522 ἐξ
1134 4458 1352 4523 ἀγνοίας
1408 4457 1571 4510 αὐτὸν
1620 4458 2074 4530 κατέστησε,τῆς

491 4549 654 4618 ἁγίας
681 4549 898 4606 συνόδου
950 4549 1286 4619 κελευσάσης
1341 4551 1465 4616 τοὺς
1516 4553 1772 4617 ἀναξίους
1810 4553 1948 4622 μετά
1975 4551 2075 4623 τὴν

491 4642 828 4714 χειροτονίαν
877 4642 1271 4714 ἐλεγχομένους
1314 4645 1407 4697 ἐπὶ
1460 4645 1809 4716 ἐγκλήμασιν
1863 4645 2069 4700 ἐκῦἀλ-
2100 4624 2153 4684 1)

491 4735 704 4790 λετθαι.

565 4831 714 4901 Βιβλ.
747 4837 818 4892 α’,
845 4831 950 4884 τίτ.
975 4838 1046 4901 γ’,
1073 4831 1214 4887 διάτ.
1242 4837 1304 4897 ε’,
1355 4832 1449 4887 ἐάν
1476 4851 1558 4897 τις
1588 4833 1831 4905 ἁρπάσῃ,
1855 4833 1888 4904 ἢ
1915 4835 2075 4904 μόνον

495 4923 730 4994 πειραθῇ
768 4923 952 4975 λαϐεῖν
983 4923 1233 4994 γαμετὴν
1275 4923 1548 4994 παρθένον
1616 4924 1788 4994 ἱερὰν,
1848 4924 2075 4993 κεφαλι-

496 5015 608 5078 κῶς
645 5017 988 5085 τιμωρεῖται·
1052 5013 1146 5068 καὶ
1196 5013 1337 5068 διάτ.
1367 5020 1445 5084 νγ’
1474 5013 1566 5068 τοῦ
1615 5014 1781 5067 αὐτοῦ
1803 5015 1933 5080 τίτ.,
1965 5016 2076 5078 τοῖς

497 5106 741 5177 γονεῦσι,
781 5108 877 5160 καὶ
919 5109 1036 5172 τοῖς
1099 5106 1368 5176 ἀδελφοῖς,
1408 5107 1638 5170 καὶτοῖς
1680 5107 1943 5178 κηδεμόσι
1972 5108 2080 5161 τῶν

500 5200 808 5272 παρθένων,
843 5201 936 5253 καὶ
963 5201 1338 5265 διακονισσῶν,
1400 5203 1497 5254 καὶ
1541 5200 1652 5256 τῶν
1679 5199 1981 5271 ἀνειμένων
2004 5199 2082 5270 τῷ

500 5293 620 5364 Θεῷ
646 5293 854 5364 χηρῶν,
886 5292 1062 5357 ἔξεστι
1111 5294 1237 5356 τοὺς
1294 5294 1552 5364 ἅρπαγας
1595 5292 1798 5361 αὐτῶν,
1831 5295 1926 5348 καὶ
1955 5295 2083 5358 τοὺς

503 5387 560 5437 ἐν
591 5383 768 5455 καιρῷ
795 5385 896 5453 τῆς
924 5384 1115 5453 ἐφόδου
1171 5383 1506 5455 βοηθοῦντας
1565 5386 1772 5450 αὐτοῖς,
1809 5387 1895 5438 ἐπ’
1924 5388 2084 5440 αύτο-

504 5475 672 5548 φώρῳ
700 5477 971 5546 φονεύεινο
1005 5479 1053 5530 εί
1087 5478 1142 5530 δέ
1171 5477 1532 5547 διαφύγωσιν,
1578 5479 1942 5550 ἀναζητοῦσιν
1968 5480 2086 5548 ξαύ-

504 5570 652 5636 τοὺς,
683 5571 742 5624 ἐν
787 5571 1358 5624 Κωνσταντινουπόλει
1412 5571 1509 5642 μέν
1561 5571 1611 5624 οἱ
1649 5572 1884 5643 ὕπαρχοι
1913 5574 2004 5626 καὶ
2057 5573 2084 5624 ὁ

505 5665 768 5736 ἔπαρχος,
802 5666 859 5719 ἐν
886 5665 943 5718 δὲ
970 5670 1088 5728 ταῖς
1117 5664 1429 5735 ἐπαρχίαις,
1482 5666 1684 5730 πάντες
1711 5667 1760 5718 ot
1804 5666 2086 5738 ἄρχοντες,

510 5758 778 5812 πολιτικοί
828 5775 888 5812 τε
919 5759 1010 5811 καὶ
1069 5757 1474 5827 στρατιωτικοὶ,
1528 5761 1620 5812 καὶ
1653 5759 1789 5830 μετὰ
1833 5761 2088 5815 σύστασιν

583 5915 627 5948 ⁸ο
666 5915 832 5972 Bas'd.
869 5931 1043 5972 canon
1076 5916 1174 5988 50;
1202 5914 1454 5973 Cltalccd.
1484 5913 1573 5970 27.

2133 678 2300 749 308
2325 679 2642 749 episcopum
2668 679 2933 749 praesides
2959 686 3014 733 ct
3048 679 3302 734 cohortes
3333 680 3712 735 vindicantur:

2136 767 2254 837 ipsa
2286 783 2415 823 vero
2446 783 2571 822 cum
2604 769 2769 823 rebus
2801 769 2916 822 suis
2956 768 3008 821 in
3038 767 3436 822 monasterium
3485 770 3716 838 conjici-

2137 867 2246 922 tur,
2283 856 2530 930 [ibidem]
2558 868 2718 914 caute
2747 860 3102 914 asservanda.
3133 858 3301 913 Plane
3332 859 3376 913 si
3405 859 3714 914 diacouissa

2136 953 2228 1015 sit,
2281 959 2334 1003 et
2390 949 2669 1020 legitimos
2717 949 2921 1004 liberos
2978 949 3192 1015 habeat,
3242 948 3364 1022 [illi]
3423 951 3716 1019 legitimam

2136 1049 2345 1109 partem
2376 1040 2616 1110 capiunt.
2651 1038 2810 1106 Quod
2859 1041 2903 1094 si
2945 1039 3084 1094 intra
3128 1056 3332 1094 annum
3366 1057 3477 1110 quo
3527 1042 3716 1096 istius-

2138 1131 2283 1186 modi
2333 1133 2515 1188 scelus
2549 1133 2819 1194 innotuit,
2874 1131 3014 1204 [cas]
3056 1132 3343 1188 facultates
3378 1134 3719 1189 venerabiles

2136 1221 2334 1276 domus
2361 1237 2469 1276 non
2499 1221 2776 1276 vindicent
2807 1241 2819 1275 :
2855 1222 3019 1276 ﬁscus
3048 1222 3170 1276 illas
3210 1223 3429 1292 accipit.
3479 1224 3630 1289 Quas
3675 1228 3718 1279 si

2136 1332 2338 1386 praeses
2361 1317 2640 1372 vindicare
2673 1304 3002 1386 neglexerit,
3029 1317 3245 1387 singulo
3271 1319 3533 1386 privatur,
3561 1329 3722 1387 atque

2137 1409 2380 1477 quinque
2415 1407 2568 1463 libris
2614 1406 2758 1479 [auri
2792 1407 2954 1462 rebus
2997 1406 3288 1480 principis]
3325 1409 3552 1479 privatis
3600 1408 3724 1480 [ap-

2138 1497 2426 1571 plicandis]
2460 1500 2740 1555 multatur.

2201 1592 2354 1647 CAP.
2385 1590 2556 1648 XXX.
2589 1625 2660 1633 —
2701 1593 2775 1648 De
2809 1594 2874 1649 iis
2899 1596 2986 1666 qui
3031 1596 3358 1648 matrimonn
3397 1611 3563 1648 causa
3606 1609 3726 1649 mu-

2139 1684 2290 1738 lieres
2330 1685 2566 1752 rapiunt.

2580 1775 2957 1845 Apostolorum
2992 1793 3159 1830 canon
3201 1778 3291 1831 67.

2207 1868 2277 1922 67
2310 1867 2444 1941 [66].
2478 1869 2536 1923 Si
2567 1871 2691 1938 quis
2734 1870 2996 1939 virginem
3057 1886 3164 1924 non
3226 1871 3631 1941 desponsatam,
3676 1889 3726 1928 vt

2067 1937 2106 1990 Β
2148 1937 2525 2028 allata—liabet,
2559 1937 2662 2016 etc.
2702 1973 2756 2014 ut
2789 1937 2908 2030 pug.
2938 1961 3063 2016 858.

2434 2053 2660 2108 Concilii
2686 2051 2954 2122 Ancyrani
2991 2069 3216 2107 canones
3253 2054 3334 2118 ll,
3360 2053 3451 2108 25.

2225 2145 2314 2199 ll.
2353 2143 2719 2214 Desponsatas
2753 2145 2874 2199 aliis
2906 2145 3141 2215 puellas,
3186 2156 3239 2199 et
3280 2147 3348 2200 ab
3392 2146 3513 2202 aliis
3547 2157 3732 2218 postea

2153 2247 2334 2308 raptas
2361 2278 2375 2301 ,
2423 2237 2600 2291 visum
2651 2245 2736 2291 est
2795 2237 2903 2304 iis,
2937 2239 3140 2307 quibus
3189 2239 3530 2308 desponsata:
3556 2251 3730 2306 erant,

2154 2332 2339 2397 reddi,
2371 2332 2534 2386 etiam
2570 2331 2615 2385 si
2647 2331 2755 2385 vim
2792 2345 2970 2401 passae
2996 2341 3142 2386 sunt.

2225 2541 2315 2595 25.
2353 2539 2587 2607 Quidam
2631 2541 2717 2595 cui
2749 2550 2868 2595 erat
2902 2541 3080 2611 puella
3108 2542 3457 2610 desponsata,
3501 2543 3619 2611 ejus
3646 2560 3740 2600 so-

2155 2635 2264 2689 rori
2291 2634 2480 2688 vitium
2511 2634 2714 2696 attulit,
2741 2634 2812 2688 ita
2843 2643 2903 2688 ut
2929 2650 2991 2688 ea
3019 2635 3183 2688 etiam
3212 2637 3542 2704 conciperet.
3567 2637 3743 2706 Spon-

2155 2741 2273 2781 sam
2310 2735 2490 2781 autem
2525 2735 2710 2795 postea
2737 2741 2962 2780 uxorem
2992 2726 3164 2781 duxit.
3201 2726 3278 2782 Ea
3319 2737 3499 2782 autem
3538 2731 3626 2782 cui
3659 2729 3740 2783 vi-

2157 2821 2293 2874 tium
2338 2829 2454 2874 erat
2498 2820 2745 2884 allatum,
2791 2834 2848 2874 se
2895 2819 3198 2875 sumicavit.
3240 2822 3345 2887 Qui
3377 2823 3583 2877 conscii
3620 2821 3742 2876 fue-

2156 2923 2299 2977 rant,
2323 2913 2464 2984 jussi
2505 2921 2634 2966 sunt
2660 2912 2928 2966 decennio
2959 2912 3013 2966 in
3043 2929 3136 2970 eos
3169 2913 3263 2984 qui
3293 2915 3622 2977 consistunt,
3659 2931 3746 2968 re-

2157 3007 2264 3076 cipi
2293 3022 2389 3077 per
2414 3007 2617 3075 gradus
2640 3005 2912 3062 deﬁnitus.

2443 3097 2669 3154 Concilii
2701 3097 3143 3154 Chalcedonensis
3177 3117 3346 3153 canon
3373 3101 3463 3154 27.

2235 3191 2326 3245 27.
2367 3189 2476 3244 Eos
2503 3190 2594 3260 qui
2628 3191 2850 3244 nomine
2887 3190 3126 3261 coniugii
3151 3231 3165 3256 ,
3200 3200 3332 3258 etc.,
3375 3201 3431 3245 ut
3462 3192 3742 3261 pag.‘750.

2458 3278 2681 3334 Concilii
2719 3281 3026 3334 wrumenici
3063 3297 3116 3334 v1
3161 3297 3330 3335 canon
3370 3282 3460 3337 92.

2233 3375 2322 3429 92.
2367 3373 2472 3428 Eos
2526 3374 2620 3443 qui
2676 3374 2896 3428 nomine
2959 3375 3293 3428 matrimonii
3346 3375 3602 3431 mulieres
3662 3393 3750 3430 ra-

2164 3465 2323 3536 piunt
2351 3465 2418 3528 °°,
2458 3465 2666 3535 quique
2709 3481 2874 3535 opera
2921 3480 3134 3535 opeque
3180 3482 3276 3520 sua
3313 3478 3558 3535 raptores
3596 3468 3751 3532 adju-

2167 3567 2327 3624 vant,
2369 3557 2559 3613 statuit
2592 3567 2783 3613 sancta
2814 3558 3098 3629 synodus:
3136 3558 3181 3612 si
3232 3558 3341 3613 sint
3373 3559 3592 3628 quidem
3638 3559 3750 3614 clc-

2168 3649 2289 3711 rici,
2315 3647 2537 3718 proprio
2566 3647 2736 3716 gradu
2772 3647 3024 3702 excidere
3052 3665 3066 3714 ;
3094 3648 3140 3702 si
3171 3662 3301 3703 vero
3334 3648 3479 3714 laici,
3522 3650 3753 3703 anathe-

2170 3749 2314 3794 mate
2343 3740 2572 3808 percuti.

2277 3831 2440 3903 309
2477 3832 2745 3903 Theophili
2809 3850 2872 3888 ex
2916 3832 3327 3889 Commonitorio
3364 3851 3532 3888 canon
3566 3834 3619 3887 2.

2241 3925 2296 3978 2.
2341 3925 2416 3979 De
2459 3923 2631 3987 Bislo,
2664 3926 2757 3995 qui
2808 3927 2862 3980 in
2912 3924 3086 3981 Ereba
3125 3929 3462 3982 constitutus
3492 3936 3576 3982 est
3606 3941 3759 3996 pres-

2173 4010 2346 4080 byter,
2379 4011 2736 4080 quaerendum
2767 4019 2849 4065 est
2883 4027 2897 4078 ;
2934 4022 2987 4066 et
3017 4011 3063 4067 si
3102 4011 3267 4066 alicui
3291 4012 3510 4081 quidem
3541 4011 3758 4064 mulieri

2174 4113 2457 4174 separatae.
2506 4105 2723 4160 vivente
2758 4106 2974 4174 marito,
3013 4108 3121 4161 vim
3175 4109 3378 4174 attulit,
3415 4124 3522 4162 non
3547 4111 3760 4163 sinatur

2174 4212 2297 4252 esse
2361 4198 2690 4268 presbyter;
2733 4213 2857 4252 nam
2899 4215 2968 4254 ne
3023 4209 3080 4254 ut
3127 4200 3300 4256 laicus
3349 4201 3566 4269 quidem
3601 4201 3762 4254 debet

2175 4289 2606 4353 communicare,
2649 4305 2774 4344 cum
2831 4305 2928 4345 eos
2999 4292 3093 4360 qui
3138 4291 3277 4346 tales
3331 4303 3460 4346 sunt
3507 4307 3763 4360 separare

2177 4380 2530 4434 consueverit
2576 4381 2842 4437 Ecclesia.
2873 4382 2987 4437 Hoc
3017 4393 3199 4439 autem
3232 4385 3438 4438 nullum
3470 4384 3626 4438 adert
3646 4385 3764 4453 epi-

2178 4487 2347 4541 seopo
2400 4473 2639 4543 Apollini
2695 4475 3095 4545 praejudicium,
3149 4477 3194 4532 si
3222 4493 3346 4532 eum
3379 4493 3475 4547 per
3505 4477 3761 4546 ignoran-

2181 4568 2311 4621 tiam
2367 4568 2687 4633 constituit;
2729 4583 2855 4622 cum
2885 4580 3073 4624 sancta
3126 4572 3367 4641 synodus
3401 4570 3763 4641 jusseriteos,

2180 4659 2271 4727 qui
2307 4667 2432 4729 post
2490 4659 2893 4714 ordinationem
2926 4671 3147 4731 propter
3172 4662 3382 4716 crimen
3417 4661 3621 4731 indigni
3644 4677 3767 4715 cs<c

2178 4749 2600 4812 convincuntur,
2621 4749 2840 4819 expelli.

2253 4835 2468 4890 Τρωίας.
2502 4836 2622 4890 Lib.
2661 4854 2700 4902 l,
2729 4837 2811 4891 tit.
2842 4838 2899 4905 5,
2927 4848 3107 4895 const.
3137 4839 3190 4894 5.
3231 4838 3288 4893 Si
3331 4839 3455 4910 quis
3499 4840 3769 4915 rapuerit,

2179 4936 2274 4983 aut
2305 4928 2498 4982 saltem
2553 4929 2605 4981 in
2661 4944 2889 4984 uxorem
2941 4944 3136 5000 capere
3188 4941 3457 4985 sacratam
3503 4931 3769 4999 virginem

2179 5029 2410 5075 conatus
2460 5021 2532 5074 sit
2555 5059 2570 5082 ,
2643 5021 2867 5089 capitali
2916 5037 3078 5090 poena
3115 5020 3328 5077 feritur.
3365 5021 3432 5076 Et
3466 5033 3646 5079 const.
3681 5024 3770 5086 55,

2188 5115 2432 5185 ejusdem
2468 5115 2551 5169 tit.
2581 5113 2908 5171 Parentibus
2941 5115 3228 5178 fratribus,
3259 5124 3314 5170 et
3345 5117 3622 5173 tutoribus
3659 5117 3772 5172 sive

2190 5208 2541 5262 curatoribus
2569 5209 2864 5277 virginum,
2899 5209 3366 5276 diaconiSSarum,
3401 5218 3454 5264 et
3484 5225 3759 5265 consecra-

2194 5309 2374 5354 tarum
2405 5297 2516 5353 Deo
2544 5299 3016 5364 viduarum,-licct
3058 5310 3307 5368 raptores
3341 5317 3557 5367 earum,
3587 5309 3642 5352 ct
3681 5300 3774 5368 qui

2193 5392 2273 5446 eis
2315 5391 2582 5446 auxilium
2632 5401 2876 5462 tempore
2916 5392 3220 5447 invasionis
3267 5394 3532 5463 praebent,
3566 5392 3620 5445 in
3657 5391 3775 5461 ipso

2194 5494 2317 5538 actu
2342 5482 2710 5553 deprehensos
2735 5483 3008 5539 occidere.
3041 5484 3136 5538 Sin
3178 5496 3360 5538 autem
3413 5482 3536 5553 fuga
3584 5496 3773 5536 evasco

2193 5577 2323 5640 rint,
2396 5576 2728 5645 investigant
2798 5577 2947 5646 ipsos
3006 5575 3478 5644 ConStantinOpoli
3539 5572 3776 5642 puniet-ti

2194 5667 2499 5740 [praetorio]
2537 5676 2592 5722 et
2622 5669 2918 5738 prmfectus
2949 5667 3151 5740 [urbis]
3181 5687 3192 5721 :
3230 5669 3282 5721 in
3318 5665 3615 5736 provinciis
3648 5680 3779 5718 vero

2193 5759 2510 5831 quicunque
2549 5761 2901 5832 magistratus
2949 5769 3002 5815 ct
3053 5759 3239 5815 civiles
3273 5767 3325 5812 ct
3369 5757 3679 5812 militares;
3727 5765 3780 5809 et
