4156 6444
579 392 683 454 ῖ87

1703 393 1906 453 ΡΠΟἸ*
1910 393 1965 453 ΙΙ
2007 392 2515 454 l’ATRIARCH/E
2540 392 2648 452 CP.

3737 389 3835 453 788

582 516 704 568 post
735 501 1006 576 [testium]
1043 503 1381 559 eoactionem
1415 500 1538 558 illos
1573 502 1723 557 nulla
1768 503 2010 559 admissa
2055 504 2150 558 fori

2267 504 2344 575 μὴ
2383 504 2703 575 χρωμένους
2739 502 3105 575 παραγραφῇ.
3158 500 3526 573 τιμωροῦνται
3576 501 3830 571 ἐσχάτως·

580 597 994 667 praescriptione
1036 597 1231 651 ultimo
1278 595 1550 666 supplicio
1594 594 1835 649 afﬁciunt
1873 612 1979 651 :ac
2015 602 2159 654 bona

583 692 841 758 raptoris,
876 690 1108 759 ejusque
1148 688 1239 759 qui
1277 688 1359 757 (ut
1394 688 1599 742 dictum
1628 689 1735 755 est)
1772 688 1847 743 illi
1880 691 2160 759 suppetias

579 783 726 849 tulit,
756 783 902 853 capit
948 782 1345 837 monasterium
1393 789 1489 835 aut
1531 782 1883 845 asceterium,
1933 792 1991 837 ut
2032 782 2161 838 inde

578 875 691 928 vim
723 890 885 944 passa
916 874 1027 928 illic
1064 874 1264 928 alatur.
1302 871 1358 927 Si
1390 887 1519 927 vero
1551 888 1673 943 quae
1706 875 1813 927 vim
1846 890 2007 945 passa
2048 884 2156 940 est,

579 965 891 1019 diaconissa
918 966 1185 1018 duntaxat
1215 964 1307 1029 sit,
1341 978 1446 1018 non
1476 972 1659 1017 autem
1694 965 1953 1029 ascetria,
1980 981 2160 1035 neque

581 1058 879 1112 monastria
912 1074 925 1111 :
964 1056 1349 1126 proprietatem
1391 1056 1565 1127 ipsius
1591 1058 1854 1124 ecclesia,
1884 1059 2000 1128 ipsa
2028 1073 2159 1114 vero

578 1149 984 1204 usumfructum
1031 1149 1200 1219 capit.
1238 1148 1511 1205 Cteterum
1550 1150 1644 1219 qui
1688 1150 1797 1204 alio
1829 1151 1992 1205 modo
2021 1152 2157 1222 ipsis

576 1242 893 1311 adjumento
943 1240 1187 1305 fuerunt,
1228 1251 1323 1296 aut
1361 1242 1728 1297 ministerium
1781 1244 2153 1314 praebuerunt,

574 1345 666 1389 aut
700 1334 908 1389 conseii
960 1334 1203 1399 fuerunt,
1250 1344 1345 1390 aut
1392 1345 1777 1406 susceperunt,
1821 1348 1913 1392 aut
1957 1352 2156 1407 quam-

573 1440 793 1493 cunque
826 1440 984 1494 opem
1017 1425 1340 1489 attulerunt,
1372 1426 1568 1481 ultimo
1603 1428 1986 1482 tantummodo
2018 1444 2153 1497 sup-

572 1518 738 1586 plicio
765 1517 1076 1584 subjaeent.
1112 1517 1316 1573 Locum
1366 1527 1548 1573 autem
1580 1519 1835 1589 praedicta
1881 1518 2151 1592 [habent,]

572 1609 789 1663 tamet~i
822 1610 1012 1664 volens
1046 1610 1316 1664 dictarum
1346 1611 1638 1665 mulierum
1669 1611 1848 1682 aliqua
1880 1620 2033 1681 rapta
2060 1613 2151 1666 sit.

571 1699 693 1755 Lib.
732 1716 768 1766 I,
803 1700 887 1756 tit.
920 1701 974 1765 4,
1000 1700 1163 1771 310
1192 1711 1369 1756 const.
1400 1704 1449 1755 5.
1483 1704 1543 1756 Et
1570 1705 1622 1757 in
1648 1704 1841 1757 diebus
1869 1703 2154 1759 Paschalis

569 1787 845 1858 \irginum
905 1798 1153 1857 raptores
1212 1791 1289 1863 [in
1345 1791 1653 1864 carcerem]
1705 1792 2062 1846 includuntur
2098 1801 2152 1846 et

2266 595 2359 649 καὶ
2380 595 2449 648 τά
2468 596 2771 666 πράγματα
2801 595 2895 648 τοῦ
2922 595 3194 666 ἅρπαγος,
3226 596 3319 648 καί⁸
3352 594 3472 660 τοῦ,
3500 594 3573 658 ὡς
3602 595 3831 666 εῖρηται,

2265 688 2637 760 βοηθήσαντος
2667 687 2837 757 αύτῷ,
2888 688 3157 759 λαμδάνει
3212 688 3274 741 τὸ
3324 688 3686 758 μοναστήριον
3722 688 3834 759 ἧτὺ

2262 778 2623 848 ἀσκητήριον,
2658 780 2745 847 ἐφ’
2768 772 2812 847 ᾧ
2838 778 3044 849 καὶτὴν
3080 776 3396 847 βιασθεῖσαν
3425 776 3486 841 ἐξ
3512 777 3690 831 αύτῶν
3729 777 3837 830 ἐκεῖ

2260 871 2581 942 τρέφεσθαι’
2616 872 2665 924 εί
2691 872 2748 924 δὲ
2779 871 2940 939 μόνον
2966 870 3281 924 διακόνισσά
3302 870 3452 922 ἐστιν
3486 870 3519 940 ἡ
3565 868 3836 938 βιασθεῖσα

2261 962 2357 1015 καὶ
2386 962 2487 1015 οὐκ
2518 962 2850 1033 ἀσκήτριαῆ
2882 963 3204 1032 μονάστρια,
3238 961 3337 1033 τὴν
3374 961 3482 1032 μὴν
3528 960 3834 1014 δεσποτείαν

2261 1054 2295 1124 ἡ
2330 1053 2452 1106 κατ’
2479 1053 2653 1122 αὐτὴν
2688 1051 2986 1120 Ἐκκλησία
3005 1050 3297 1121 λαμϐάνει,
3332 1052 3470 1121 αὐτὴ
3498 1049 3678 1121 δὲτὴν
3708 1051 3835 1120 χρῆ-

2261 1160 2370 1197 σιν·
2404 1145 2454 1198 oi
2496 1145 2553 1198 δὲ
2583 1144 2758 1209 άλλως
2786 1145 2925 1215 αὐτῇ
2976 1144 3426 1215 βοηθήσαντες,ἢ
3462 1144 3834 1214 ὑπουργήσαν-

2258 1252 2375 1300 τες,
2404 1234 2438 1289 ἢ
2476 1237 2803 1302 συνειδότες,
2833 1236 2867 1308 ἦ
2893 1235 3311 1307 ὑποδεξάμενοι,
3354 1235 3388 1305 ἢ
3424 1235 3661 1305 σπουδὴν
3698 1236 3835 1289 οἱαν-

2256 1328 2459 1396 δήποτε
2512 1324 3028 1399 συνεισαγαγόντες,
3072 1330 3211 1403 μόνῃ
3256 1332 3553 1401 τῇὲσχάτῃ
3604 1330 3835 1402 τιμωρίᾳ

2258 1420 2594 1475 ὑπόκεινται·
2641 1422 2793 1493 χώρα
2844 1421 2901 1475 δὲ
2928 1424 3042 1485 τοῖς
3101 1423 3438 1493 εἰρημένοις,
3489 1423 3594 1476 κᾶν
3643 1422 3835 1477 ἑκοῦσά

2256 1512 2458 1576 τιςτῶν
2483 1514 2793 1584 εἰρημένων
2819 1512 3097 1583 γυναικῶν
3118 1515 3435 1586 ἁμαρτηθῇ,
3466 1514 3611 1585 βιδλ.
3644 1510 3715 1581 α’,
3733 1515 3831 1569 τίτ.

2254 1604 2319 1668 δ’,
2350 1604 2491 1659 διάτ.
2514 1612 2586 1675 γ’·
2628 1606 2724 1659 καὶ
2779 1607 2837 1659 ὲν
2858 1609 2978 1670 ταῖς
3032 1607 3270 1679 ἡμέραις
3296 1606 3391 1660 τοῦ
3433 1609 3629 1677 Πάσχα
3666 1608 3712 1660 oi
3737 1606 3836 1660 τῶν

2256 1697 2541 1767 παρθένων
2600 1697 2856 1769 ἅρπαγες
2928 1700 3267 1769 ὲγκλείονται
3344 1700 3441 1754 καὶ
3496 1700 3833 1770 δεσμοῦνταιο

2258 1788 2399 1857 βι6λ.
2422 1786 2493 1857 γ’,
2521 1789 2626 1844 τίτ.
2656 1790 2757 1858 κδ’,
2791 1790 2935 1846 διάτ.
2976 1798 3049 1856 α’,
3082 1793 3112 1845 ὁ
3144 1792 3220 1863 μὴ
3247 1792 3322 1846 ὣν
3356 1791 3688 1862 ίλλούστριος
3714 1791 3836 1845 ἀλλὰ

569 1880 911 1937 vinciuntur.
944 1882 1066 1937 Lib.
1102 1900 1184 1949 Ill,
1215 1885 1298 1938 tit.
1330 1883 1422 1949 ει,
1460 1892 1643 1939 const.
1677 1883 1728 1938 1.
1769 1882 1872 1949 Qui
1916 1884 2146 1939 illustris

2262 1882 2423 1952 μόνον
2440 1882 2846 1955 λαμπρότατος.
2906 1886 3167 1957 ἁρπαγὴν
3207 1888 3267 1939 ὲν
3298 1886 3542 1958 ἐπαρχίᾳ
3571 1884 3834 1957 παρθένου

569 1987 678 2026 non
713 1981 818 2040 est,
862 1975 956 2029 sed
1002 1976 1385 2031 tantummodo
1430 1976 1795 2039 clarissimus,
1840 1976 1887 2031 si
1935 1986 2151 2045 raptum

568 2064 800 2134 virginis
827 2066 880 2121 in
914 2068 1199 2133 provincia
1229 2068 1610 2124 commiserit:
1644 2069 1753 2124 illic
1780 2069 1992 2139 legibus
2024 2069 2154 2125 sub-

568 2157 812 2225 iugatur,
845 2173 945 2213 nec
970 2158 1072 2213 l‘ori
1107 2160 1521 2230 praescriptione
1552 2161 1743 2215 utitur.

642 2246 861 2306 Texlus.
888 2250 997 2305 Tit.
1026 2251 1118 2315 41,
1152 2262 1329 2307 const.
1361 2253 1415 2307 4.
1451 2252 1558 2319 Qui
1592 2254 1725 2309 dicit
1756 2269 1787 2309 a
1823 2268 1982 2309 servo
2016 2271 2154 2309 uxo-

567 2354 684 2393 rem
718 2355 874 2395 suam
907 2353 1120 2412 raptam
1150 2358 1294 2407 esse,
1327 2360 1438 2399 non
1471 2345 1781 2412 dominum,
1832 2347 1925 2401 sed
1972 2348 2150 2417 ipsum

567 2444 833 2486 accusare
859 2432 1036 2487 debet.
1068 2432 1186 2487 Lib.
1213 2449 1310 2500 vn,
1336 2435 1421 2489 tit.
1454 2436 1510 2499 3,
1564 2447 1743 2491 const.
1776 2437 1829 2490 5.
1864 2436 1920 2490 Si
1957 2452 2153 2493 servus

564 2520 822 2575 detulerit
854 2521 1085 2591 virginis
1117 2532 1354 2593 raptum,
1381 2532 1542 2594 pacto
1576 2534 1673 2580 aut
1714 2526 2153 2582 dissimulatione

564 2612 829 2682 celatum,
859 2614 1113 2670 libertate
1144 2616 1400 2672 donatur.
1428 2617 1549 2672 Lib.
1584 2634 1661 2684 IX,
1692 2619 1773 2673 tit.
1804 2619 1857 2677 9.
1890 2629 2065 2675 const.
2092 2619 2148 2676 7.

563 2703 793 2760 Maritus
817 2705 887 2761 de
927 2705 1169 2761 violenta
1216 2706 1445 2777 virginis
1498 2708 1969 2777 constupratione,
2023 2717 2152 2763 ante

562 2796 975 2851 matrimonium
1018 2796 1234 2870 [facta].
1263 2799 1369 2855 nisi
1397 2798 1539 2872 [illa]
1566 2816 1767 2870 sponsa
1798 2800 1917 2869 ejus
1948 2798 2148 2867 fuerat,

561 2882 886 2961 [actionem]
925 2904 1168 2951 movere.
1208 2899 1469 2961 tanquam
1512 2891 1763 2956 maritus,
1801 2908 1909 2946 non
1947 2902 2145 2961 potest.

561 2978 681 3047 ipsa
716 2990 898 3035 autem
939 2998 1045 3036 una
1091 2999 1217 3039 cum
1257 2984 1607 3041 curatoribus
1655 2994 1859 3040 movet.
1904 2983 2012 3042 Tit.
2058 2988 2147 3053 10,

562 3078 743 3123 const.
771 3071 823 3124 1.
860 3069 917 3124 Si
958 3072 1083 3140 quis
1120 3088 1245 3127 eam
1272 3074 1432 3143 cujus
1465 3084 1611 3129 tutor
1635 3075 1760 3141 fuit,
1791 3078 2148 3146 stupraverit,

561 3154 906 3229 depertatur,
933 3165 1164 3235 ejusque
1213 3167 1484 3222 universa:
1531 3167 1822 3225 facultates
1859 3170 2147 3238 publican-

564 3262 673 3306 tur.
725 3252 838 3307 Tit.
878 3232 1173 3316 H.7const.
1206 3258 1262 3312 5.
1303 3257 1359 3313 Si
1396 3269 1551 3330 rapta
1594 3260 1760 3316 fuerit
1809 3232 2013 3333 sponsa
2046 3263 2143 3318 lilii
2173 3232 2217 3291 θ

562 3344 694 3407 mei,
723 3344 896 3417 legem
930 3346 1181 3421 [Juliam]
1221 3351 1289 3405 de
1317 3352 1367 3407 vi
1395 3367 1611 3407 moveo.
1643 3353 1762 3409 Lib.
1795 3370 1872 3421 Ix,
1922 3355 2005 3410 tit.
2054 3356 2146 3421 15,

560 3449 741 3494 const.
774 3440 825 3508 1,
864 3449 919 3495 et
962 3443 1146 3498 unica.
1184 3443 1242 3499 Si
1280 3445 1406 3514 quis
1460 3446 1901 3518 qualemcunque
1947 3448 2147 3504 mulie-

561 3546 700 3596 rem,
731 3532 846 3587 sive
883 3535 1173 3604 ingenuam
1226 3537 1344 3593 sive
1389 3553 1627 3607 servam,
1676 3540 1922 3609 rapuerit
1970 3558 1983 3594 :
2037 3550 2147 3595 tam

565 3622 672 3677 etsi
731 3623 832 3692 ipsi
883 3625 1155 3695 desponsa
1213 3626 1398 3695 fuerit,
1431 3631 1645 3700 capitali
1695 3632 1966 3686 sententia
2014 3648 2149 3687 con~

560 3718 853 3769 denmatus
904 3718 1159 3782 moritur,
1198 3728 1253 3774 et
1286 3722 1493 3789 pariter
1531 3738 1654 3776 cum
1695 3738 1761 3777 eo
1791 3725 1883 3792 qui
1910 3724 1961 3777 in
1988 3734 2146 3793 raptu

560 3804 826 3859 auxilium
861 3808 1106 3864 tulerint.
1141 3810 1443 3881 Raptarum
1495 3824 1677 3868 autem
1713 3815 1983 3884 patribus,
2029 3816 2147 3870 fra-

562 3899 757 3964 tribus,
787 3902 1062 3958 tutoribus
1094 3904 1178 3959 vel
1212 3904 1582 3973 curatoribus,
1613 3907 1862 3977 patronis
1890 3918 1944 3963 et
1967 3908 2150 3964 domi-

561 3990 646 4045 nis
696 3990 996 4048 invasionis
1042 4001 1289 4065 tempore
1336 3996 1435 4051 hos
1481 3996 1792 4053 interﬁcere
1846 3998 1991 4052 licet.
2048 3996 2147 4053 Sin

558 4089 742 4135 autem
793 4082 918 4151 fuga
964 4086 1262 4147 evaserint,
1316 4086 1648 4157 investigant
1698 4087 1847 4157 ipsos
1899 4086 2147 4160 Byzantii

559 4171 798 4241 praal‘ecti
824 4172 1129 4248 [praetorio]
1158 4183 1212 4232 et
1237 4177 1527 4248 praal‘ectus
1556 4177 1734 4249 [urbis
1766 4178 1805 4250 :]
1843 4179 1897 4235 in
1923 4179 2147 4249 provin-

556 4264 660 4320 ciis
687 4281 816 4320 vero
843 4266 1162 4336 quicunque
1196 4269 1569 4339 magistratus,
1590 4270 1841 4341 magistri
1885 4271 2143 4333 militum,

555 4365 611 4411 ct
643 4358 807 4413 duces
844 4376 859 4413 :
900 4369 1065 4429 atque
1100 4372 1225 4430 post
1261 4360 1533 4433 [testium]
1568 4363 1912 4417 coactionem
1945 4363 2141 4417 interi-

555 4461 736 4513 munt,
778 4449 885 4506 fori
919 4454 1300 4524 prmsciptione
1353 4463 1449 4509 aut
1493 4456 1884 4525 provocatione
1911 4458 1987 4512 uti
2035 4475 2145 4513 non

555 4550 846 4609 queuntes.

628 4630 696 4686 Et
727 4632 772 4687 si
809 4634 1025 4703 quidem
1078 4637 1277 4692 ancilla
1328 4638 1411 4693 vel
1452 4640 1708 4695 libertina
1758 4652 1912 4711 rapta
1956 4641 2144 4709 fuerit,

556 4722 961 4784 interﬁciuntur
1021 4739 1267 4797 raptores
1322 4746 1336 4782 :
1397 4731 1493 4785 sed
1552 4732 1758 4785 nullam
1822 4733 2147 4788 substantia:

556 4816 999 4872 imminutionem
1031 4821 1331 4876 sustinent.
1368 4822 1437 4877 At
1467 4824 1513 4878 si
1565 4825 1801 4895 ingenua
1848 4836 2005 4895 rapta
2052 4828 2142 4891 sit,

556 4925 750 4966 omnes
775 4927 863 4968 res
899 4916 1157 4982 raptoris,
1195 4915 1356 4984 311
1393 4933 1698 4988 eorumque
1729 4919 1824 4989 qui
1851 4918 1950 4988 ipsi
1985 4919 2144 4973 auxi--

554 5004 688 5058 lium
716 5005 1068 5074 praebuerunt
1092 5009 1441 5077 applicantur
1480 5020 1692 5080 raptae:
1729 5027 1853 5081 quze
1899 5028 1964 5067 ne
2007 5026 2142 5066 con-

554 5092 825 5148 sentiente
871 5096 1089 5165 quidem
1123 5107 1279 5167 patre
1314 5100 1520 5169 raptori
1554 5116 1657 5155 suo
1698 5104 1906 5159 nubere
1939 5113 2140 5174 potest.

556 5184 817 5240 Eamdem
856 5199 1037 5241 autem
1084 5205 1300 5258 poenam
1346 5200 1401 5245 et
1444 5194 1637 5249 mortis
1680 5204 1734 5250 et
1780 5196 2141 5269 [amissionisj

553 5294 737 5332 rerum
788 5282 1086 5350 excipiunt.
1154 5282 1249 5351 qui
1318 5284 1387 5338 ad
1426 5300 1808 5354 aggressuram
1868 5301 2140 5359 raptorem

554 5376 800 5430 comitati
845 5387 993 5430 sunt.
1028 5378 1133 5431 Sed
1183 5380 1415 5441 conscii,
1449 5390 1503 5435 et
1552 5382 1810 5445 ministri,
1859 5394 1915 5438 et
1955 5399 2142 5439 susceo

553 5476 762 5535 ptores,
817 5476 872 5523 et
918 5471 1011 5537 qui
1069 5473 1569 5541 quomodocunque
1617 5476 1929 5545 raptoribus
1979 5492 2139 5547 opem

553 5562 799 5625 tulerint,
838 5561 1283 5635 [utriuscunque]
1316 5581 1502 5629 sexus,
1533 5577 1585 5620 et
1630 5569 2012 5638 cujuscunque
2046 5580 2142 5622 aut

2254 1972 2682 2045 πλημμελήσας,
2743 1977 2863 2029 ἐκεῖ
2910 1978 3025 2041 τοῖς
3078 1977 3270 2049 νόμοις
3312 1978 3703 2044 ύποῦάλλεται,
3768 1977 3837 2049 μὴ

2252 2064 2537 2137 χρώμενος
2578 2067 2746 2138 φόρου
2780 2072 3144 2140 παραγραφῇ·

2324 2249 2443 2303 Τίτ.
2477 2257 2594 2319 μα’,
2625 2250 2765 2305 διάτ.
2796 2250 2860 2317 δ’,
2917 2252 2946 2305 ὁ
2983 2251 3161 2321 λέγων
3185 2252 3338 2323 παρὰ
3370 2250 3561 2305 δούλου
3589 2250 3690 2316 τὴν
3728 2251 3828 2304 αύ-

2251 2339 2347 2395 τοῦ
2374 2341 2624 2412 γαμετὴν
2652 2342 2996 2414 ἁρπαγῆναι,
3024 2344 3087 2398 ού
3114 2343 3212 2398 τοῦ
3251 2344 3511 2399 δεσπότου
3535 2343 3654 2397 ἀλλ’
3681 2341 3835 2396 αὐτοῦ

2252 2436 2585 2505 κατηγορεῖν
2601 2434 2826 2504 ὀφείλει·
2847 2436 2989 2506 βιὸλ.
3011 2435 3077 2503 ζ’,
3091 2437 3198 2492 τίτ.
3220 2441 3289 2505 γ’.
3308 2436 3448 2491 διάτ.
3466 2443 3537 2507 γ’,
3552 2436 3651 2491 ἐὰν
3665 2434 3835 2499 δοῦλος

2252 2525 2620 2597 καταμηνύσῃ
2678 2528 2938 2599 ἁρπαγὴν
2972 2529 3244 2600 παρθένου
3272 2528 3563 2595 λαθοῦσαν,
3584 2529 3773 2597 πάκτῳ
3801 2528 3832 2598 ἢ

2250 2616 2723 2687 άποπροσποιήσει
2757 2616 3162 2688 ἐλευθεροῦταιο
3187 2618 3329 2688 βιδλ,
3368 2618 3438 2683 θ’,
3468 2618 3574 2673 τίτ.
3608 2617 3674 2680 θ’,
3701 2616 3832 2671 διάτ.

2251 2706 2319 2772 ζ’,
2344 2710 2372 2761 ὁ
2404 2706 2546 2778 ἀνὴρ
2579 2709 2642 2761 ού
2668 2708 2895 2762 δύναται
2925 2712 3098 2763 κινεῖν
3127 2711 3203 2773 ὡς
3238 2711 3379 2781 ἀνὴρ
3431 2711 3561 2781 περὶ
3600 2712 3701 2781 τῆς
3736 2709 3832 2779 πρὸ

2250 2798 2345 2851 τοῦ
2371 2800 2553 2870 γάμου
2606 2798 2788 2869 βιαίας
2817 2800 2919 2871 τῆς
2980 2801 3255 2873 παρθένου
3316 2802 3545 2874 φθορᾶς,
3579 2804 3629 2857 εί
3670 2802 3742 2873 μὴ
3768 2796 3831 2872 ἦν

2250 2910 2417 2963 αὑτοῦ
2453 2911 2689 2982 μνηστή·
2724 2910 2862 2983 αὐτὴ
2884 2911 2942 2965 δὲ
2981 2914 3123 2966 κινεῖ
3162 2912 3432 2967 συνόντων
3482 2913 3596 2966 τῶν
3649 2928 3831 2979 κουραο

2249 3000 2460 3071 τώρων·
2512 3000 2622 3055 τίτ.
2687 3006 2739 3068 ι’,
2772 3000 2912 3055 διάτ.
2946 3009 3021 3066 α’,
3075 3003 3171 3057 ὲάν
3225 3021 3311 3067 τις
3334 3003 3533 3076 φθείρῃ
3574 3002 3674 3074 τὴν
3710 3001 3830 3072 παρ’

2249 3092 2416 3147 αὐτοῦ
2440 3095 2929 3165 ὲπιτροπευθεῖσαν
2953 3096 3435 3166 δεπορτατεύεται,
3473 3097 3569 3149 καὶ
3608 3098 3687 3160 είς
3731 3097 3831 3150 ὁλὸ-

2249 3183 2451 3253 κληρον
2483 3182 2807 3252 δημεύεται·
2841 3185 2946 3238 τίτ.
2976 3186 3066 3250 ια’,
3106 3186 3247 3241 διάτ.
3294 3193 3363 3255 γ’,
3415 3187 3513 3240 ἐὰν
3546 3187 3827 3257 ἁρπαγῇή

2256 3274 2471 3347 μνηστὴ
2498 3274 2595 3328 τοῦ
2632 3274 2755 3328 υίοῦ
2781 3294 2908 3346 μου,
2936 3277 3071 3330 κινῶ
3092 3277 3184 3331 τὸν
3200 3279 3328 3348 περὶ
3349 3278 3469 3349 βίας
3488 3278 3673 3348 νόμον·
3696 3277 3829 3347 βιὸλ.

2252 3366 2319 3431 θ’,
2343 3367 2448 3422 τίτ.
2483 3372 2574 3435 ιγ’,
2603 3367 2745 3423 διάτ.
2784 3374 2833 3421 α’
2888 3369 2984 3422 καὶ
3014 3370 3177 3440 μόνη,
3206 3373 3301 3424 ἐάν
3357 3388 3443 3434 τις
3488 3371 3711 3441 ἁρπάσῃ
3756 3370 3830 3422 oi-

2252 3458 2521 3529 ανδήποτε
2560 3462 2797 3528 γυναῖκα
2823 3460 3016 3531 δούλην
3045 3462 3079 3531 ἢ
3105 3460 3420 3533 ἐλευθέραν,
3464 3462 3565 3516 κᾶν
3599 3459 3668 3533 ἦν
3694 3460 3831 3530 αὐτῷ

2254 3552 2744 3623 μεμνηστευμένη,
2787 3552 3102 3622 κεφαλικῶς
3151 3556 3659 3625 καταδικαζόμενος
3711 3555 3831 3607 ἀπο-

2252 3642 2498 3713 θνήσκει,
2524 3644 2617 3695 καὶ
2639 3645 2686 3695 οί
2717 3644 2775 3695 έν
2830 3646 2896 3715 τῇ
2949 3646 3175 3717 ἁρπαγῇ
3224 3645 3597 3716 βοηθήσαντες
3646 3646 3825 3716 αὐτῷ.

2252 3736 2343 3787 καὶ
2402 3737 2515 3799 τοῖς
2572 3736 2811 3804 πατράσι
2841 3737 2947 3790 τῶν
2979 3738 3333 3807 ἁρπαγεισῶν
3368 3739 3569 3806 ἔξεστι,
3604 3740 3697 3793 καὶ
3728 3742 3831 3800 τοῖς

2250 3828 2503 3898 ἀδελφοῖς
2533 3830 2628 3881 καὶ
2656 3831 2769 3892 τοῖς
2810 3831 3070 3901 κηδεμόσι
3110 3831 3204 3885 καὶ
3241 3832 3493 3901 πάτρωσι
3522 3834 3620 3887 καὶ
3650 3832 3831 3886 δεσιιτό⁴

2249 3937 2391 3985 ταις,
2420 3921 2479 3973 ὲν
2502 3920 2581 3991 τῷ
2615 3921 2794 3992 καιρῷ
2822 3922 2920 3992 τῆς
2980 3922 3172 3988 ἐφόδου
3220 3923 3447 3987 τούτους
3486 3923 3753 3992 φονεύειν·
3786 3923 3829 3975 εί

2248 4012 2305 4066 δὲ
2323 4013 2683 4083 διαφύγωσιν,
2712 4015 3076 4083 άναζητοῦσιν
3104 4016 3325 4080 αὐτοὺς,
3354 4018 3412 4070 ὲν
3439 4016 3537 4086 μὲν
3561 4015 3829 4085 Βυζαντίῳ

2249 4103 2300 4155 οί
2341 4100 2574 4173 ὕπαρχοι
2603 4104 2699 4156 καὶ
2732 4104 3040 4176 ὁέπαρχος,
3072 4109 3130 4158 ὲν
3150 4105 3207 4158 δὲ
3224 4109 3348 4168 ταῖς
3376 4107 3672 4177 ἐπαρχίαις
3704 4106 3828 4160 πάν-

2248 4211 2338 4255 τες
2374 4196 2423 4246 οἰ
2489 4195 2774 4265 ἄρχοντες,
2806 4198 2901 4249 καὶ
2928 4197 3337 4267 στρατηλάται,
3379 4199 3474 4252 καὶ
3497 4198 3709 4262 δοῦκες,
3743 4196 3828 4251 καὶ

2252 4286 2391 4354 μετὰ
2419 4286 2679 4341 σύστασιν
2712 4289 3020 4359 ἀναιροῦσι,
3061 4289 3138 4360 μὴ
3167 4290 3498 4362 δυναμένους
3528 4290 3827 4363 χρήσασθαι

2250 4380 2418 4448 φόρου
2446 4384 2788 4453 παραγραφῇ
2820 4381 2853 4453 ἢ
2883 4382 3153 4454 ἐκκλήτῳ.

2324 4654 2433 4706 Καὶ
2478 4654 2528 4706 εί
2577 4654 2677 4724 μὲν
2724 4654 2887 4727 δούλη
2945 4654 2979 4726 ἢ
3032 4653 3379 4727 ἀπελευθέρα
3408 4655 3657 4727 ἁρπαγῇ,
3683 4655 3819 4707 ἀναι-

2250 4744 2471 4815 ροῦνται
2500 4747 2547 4798 οί
2570 4744 2841 4817 ἅρπαγες,
2874 4747 2933 4799 ού
2964 4746 3071 4817 μὴν
3105 4747 3199 4799 καὶ
3234 4747 3458 4817 μείωσιν
3506 4748 3611 4818 τῆς
3649 4745 3822 4805 οὐσίας

2248 4838 2594 4908 ὑφίστανταιο
2626 4840 2676 4892 εί
2709 4838 2765 4891 δὲ
2797 4839 3026 4910 εὐγενὴς
3067 4840 3320 4910 ἡρπάγη,
3360 4841 3540 4894 πάντα
3585 4842 3655 4894 τὰ
3694 4837 3823 4908 πρά-

2247 4946 2435 5001 γματα
2459 4930 2554 4983 τοῦ
2589 4931 2941 5001 ἁρπάσαντος
2970 4932 3066 4985 καὶ
3097 4931 3208 4986 τῶν
3240 4932 3627 5001 βοηθησάντων
3658 4931 3818 5001 αὐτῷ.

2248 5021 2688 5093 προσκυροῦνται
2714 5025 2780 5092 τῇ
2831 5022 3168 5093 ἁρπαγείσῃο
3219 5022 3342 5077 οὔτε
3374 5024 3431 5077 δὲ
3456 5023 3820 5083 συναινοῦντος

2244 5112 2339 5166 τοῦ
2375 5112 2602 5183 πατρὸς,
2626 5112 2882 5167 δύνανται
2921 5116 3221 5184 γαμεῖσθαι
3254 5114 3332 5185 τῷ
3364 5116 3708 5187 ἁρπάσαντι⁸
3731 5112 3820 5181 τὴν

2247 5204 2417 5275 αὐτὴν
2456 5205 2512 5258 δὲ
2543 5205 2737 5274 ποινὴν
2792 5208 2885 5259 τοῦ
2918 5206 3153 5260 θανάτου
3202 5208 3295 5261 καὶ
3332 5208 3443 5260 τῶν
3490 5206 3820 5278 πραγμάτων

2247 5297 2594 5364 ὑφίστανται,
2652 5298 2701 5349 οἱ
2730 5298 2867 5367 πρὸς
2901 5298 3000 5368 τὴν
3032 5298 3218 5367 ἔφοδον
3247 5300 3418 5369 αὐτῆς
3439 5298 3817 5367 ὁικολουθήσαν⁹

2244 5401 2355 5448 τες·
2388 5388 2437 5438 οἱ
2485 5386 2543 5439 δὲ
2600 5387 2916 5457 συνίστορες
2968 5389 3428 5460 καὶοίούπουργοὶ
3458 5390 3549 5441 καὶ
3600 5390 3649 5440 οί
3704 5388 3817 5439 ὑπο-

2243 5481 2442 5551 δοχεῐς,
2476 5480 2570 5531 καὶ
2594 5482 2643 5532 οἱ
2674 5481 2923 5533 ὁπωσοῦν
2954 5481 3139 5544 αὐτοῖς
3165 5482 3589 5545 σπουδάσαντες,
3617 5480 3727 5542 οἵας
3756 5477 3813 5531 ἂν

2243 5569 2352 5626 εἶεν
2387 5572 2603 5641 φύσεως
2629 5574 2725 5625 καὶ
2765 5571 2937 5642 τύχης
2969 5573 3063 5625 καὶ
3099 5572 3370 5644 βαθμοῦῆ
3426 5573 3602 5639 ἀξίας,
3656 5570 3811 5641 μόνην

555 5650 808 5716 fortuna},
840 5662 937 5706 aut
978 5655 1204 5725 gradus,
1238 5665 1333 5709 aut
1374 5656 1654 5725 dignitatis
1697 5660 1809 5712 sint
1852 5680 1863 5713 :
1919 5676 2137 5730 poenam

2252 5666 2341 5737 τὴν
2373 5666 2677 5737 κεφαλικὴν
2713 5666 3040 5735 ὑφίστανται
3077 5668 3371 5735 τιμωρίαν,
3415 5668 3466 5719 εί
3500 5666 3593 5719 καὶ
3624 5662 3809 5716 ἑκοῦσα

558 5747 936 5802 tantummodo
987 5748 1274 5817 capitalem
1330 5750 1588 5815 subeunt,
1649 5752 1863 5823 [idque]
1917 5754 2137 5808 etiamsi

2252 5761 2274 5828 θ
2306 5759 2442 5826 γυνὴ
2471 5759 2722 5829 ἡρπάγη·
2756 5761 2803 5811 εἰ
2833 5760 2889 5812 δὲ
2914 5761 2964 5813 oi
3001 5763 3177 5828 γονεῖς
3199 5763 3299 5827 τῆς
3322 5759 3663 5830 ἁρπαγείσης
3692 5752 3809 5807 ἀνά-

559 5833 753 5890 tnulicr
800 5838 986 5895 volens
1035 5851 1186 5910 rapta
1237 5839 1325 5896 sit.
1364 5839 1530 5895 Plane
1578 5844 1621 5899 si
1671 5856 1925 5913 parentes
1970 5854 2138 5914 raptte

2252 5865 2478 5918 σχωνται
2509 5852 2601 5903 καὶ
2626 5853 3111 5921 παρσχωρήοουσι,
3148 5849 3648 5921 δεπορτατεύονταιο
3676 5845 3723 5899 oi
3753 5842 3803 5897 δὲ
