4156 6442
400 378 505 441 789

1190 365 1605 457 'SYNTAGMA
1639 358 2023 423 CANONUM-
2058 379 2127 392 —
2156 352 2282 412 TIT
2350 346 2457 425 IX,
2480 346 2641 413 CAP.
2659 340 2872 405 XXXI.

3561 318 3681 384 799‘

406 486 855 557 ὕπουργήσαντες
883 480 1058 535 δοῦλοι
1092 448 1358 533 καίονται·
1410 476 1507 531 καὶ
1530 474 1691 544 ἀργεῖ
1720 473 1898 525 πάντα
1918 468 1988 521 τὰ
2014 470 2051 529 Α

2128 456 2385 529 nulieris]
2432 456 2752 527 patientiam
2799 441 3134 519 praebuerint
3184 447 3240 495 et
3293 431 3663 497 conniveriut,

2513 545 2546 557 ’-
2652 544 2663 555 ·
2725 550 2736 557 -
2780 538 2977 557 iii-mu
3040 533 3126 557 ---=
3158 530 3234 557 τι..
3280 525 3463 557 "nam
3504 523 3663 557 m:..;_

414 577 545 647 περὶ
590 575 846 647 ἁρπαγῆς
889 571 1174 641 γυναικῶν
1218 568 1454 639 ἀλλαχοῦ
1495 559 1991 635 νενομοθετημένα,

414 669 514 740 τῆς
552 667 836 737 παρούσης
874 664 1172 729 διατάξεως
1205 660 1485 734 ἀρκούσης
1537 658 1631 711 ἐπὶ
1692 653 1871 710 αὐτῶν
1901 652 1997 706 καὶ

420 760 584 832 ἱερῶν
617 759 713 813 καὶ
743 756 953 829 χηρῶν.

498 1034 608 1089 Καὶ
637 1033 743 1104 μζν,
766 1032 874 1089 τίτ.
916 1030 983 1102 β’,
1014 1031 1120 1099 δίγ.
1152 1026 1252 1095 λθ¹,
1280 1028 1310 1081 6
1332 1026 1525 1096 δούλην
1554 1022 1838 1096 ἀλλοτρίαν
1869 1023 2000 1093 πόρ-

426 1144 525 1196 νην
550 1121 715 1180 οὖσαν
771 1124 1031 1194 ἁρπάζων
1076 1122 1108 1193 ἢ
1142 1120 1426 1191 κρύπτων,
1488 1116 1613 1170 οὔτε
1644 1115 1721 1180 ὡς
1740 1116 1999 1185 κλέπτης,

427 1218 553 1272 οὔτε
607 1217 683 1281 ὡς
737 1213 1166 1285 ἀνδραποδιστὴς
1216 1211 1495 1281 ἐνέχεται*
1541 1209 1603 1261 οὑ
1635 1207 1744 1278 γάρ
1796 1206 2003 1277 κλοπῆς

430 1312 545 1366 ἀλλ’
579 1311 771 1382 ἡδονῆς
799 1310 959 1380 χάριν
992 1307 1150 1361 τοῦτο
1183 1306 1434 1376 ἐποίησε·
1484 1304 1626 1375 βιϐλ.
1660 1301 1772 1375 μη’,
1800 1303 1908 1359 τίτ.
1939 1309 2001 1367 ε’,

431 1404 539 1472 δίγ.
567 1400 671 1467 κθ’,
713 1403 742 1455 6
784 1399 1089 1471 ὡρισμένος
1147 1399 1227 1461 είς
1277 1395 1615 1466 κατηγορίαν
1635 1395 1735 1466 τῆς
1762 1393 2006 1465 μοιχείας

420 1494 625 1566 ,χρόνος
653 1494 753 1563 τῆς
786 1488 1236 1554 πενταετίας,οὐκ
1260 1486 1373 1567 ἔχει
1396 1486 1581 1558 χώραν
1614 1486 1707 1540 ἐπὶ
1738 1484 1839 1555 τῆς
1867 1484 2009 1538 κατά

436 1584 556 1653 βίαν
583 1582 883 1652 γενομένης
908 1580 1114 1650 φθορᾶς
1132 1592 1148 1607 '
1194 1578 1663 1651 ἀπροσδιορίστως
1712 1576 1823 1646 γάρ
1844 1577 2010 1629 κινεῖ-

432 1693 545 1742 ται,
580 1675 765 1747 ἐπειδὴ
790 1676 885 1729 καὶ
910 1673 1142 1746 δημοσία
1187 1671 1277 1740 βία
1317 1670 1741 1742 πλημμελεῖται.
1778 1668 2011 1737 Ὁμοίως

436 1768 545 1836 δίγ.
569 1766 608 1821 ε’
641 1767 736 1821 τοῦ
762 1766 815 1832 ς’
868 1769 972 1821 τίτ.
1010 1765 1102 1820 τοῦ
1134 1763 1300 1818 αὐτοῦ
1337 1762 1482 1834 βιϐλ.
1540 1764 1599 1818 ἐν
1628 1755 1671 1829 ᾧ
1714 1777 1900 1832 φησιν,
1930 1762 2015 1813 ὅτι

2095 523 2477 623 deportantur.
2513 544 2668 600 Servi
2690 550 2745 597 et
2772 538 3001 601 ancilla},
3035 533 3129 604 qui
3158 530 3238 603 [in
3280 525 3466 599 raptu]
3504 523 3669 579 mini-

2097 644 2325 702 sterium
2357 636 2710 711 praabuerint,
2736 636 3182 688 concremantur.
3204 621 3375 676 Porro
3404 633 3529 673 cum
3551 616 3669 669 haec

2097 732 2418 791 constitutio
2468 730 2536 784 de
2590 734 2748 795 raptu
2792 719 3086 776 mulierum
3131 722 3186 771 et
3228 718 3567 769 sacratarum
3614 713 3671 759 et

2099 825 2386 880 viduarum
2421 817 2653 875 sulIiciat
2684 834 2697 870 :
2731 820 2951 870 cessant
2993 822 3116 879 quae
3160 806 3227 861 de
3267 818 3333 859 eo
3370 799 3499 855 alibi
3537 812 3671 852 con-

2100 918 2290 973 stituta
2323 923 2453 969 sunt
2482 909 2692 965 omnia.

2174 1006 2393 1061 Textus.
2426 1002 2493 1056 Et
2516 1001 2614 1055 lib.
2652 1012 2799 1061 τινι,
2822 994 2905 1050 tit.
2932 992 2988 1059 2,
3013 990 3209 1060 digest.
3241 984 3331 1041 59.
3367 981 3474 1048 Qui
3499 992 3676 1035 mere-

2102 1099 2293 1155 tricem
2311 1097 2541 1151 alienam
2570 1089 2822 1145 ancillam
2836 1085 3035 1155 rapuit,
3054 1080 3138 1136 vel
3159 1076 3386 1135 celavit:
3405 1086 3582 1142 neque
3615 1075 3677 1122 ut

2104 1189 2194 1246 fur
2214 1202 2391 1257 neque
2415 1195 2474 1239 ut
2495 1181 2790 1255 plagiarius
2819 1186 3048 1233 tenetur.
3080 1172 3197 1227 Non
3220 1171 3365 1225 enim
3392 1165 3547 1229 furti,
3580 1161 3678 1217 sed

2105 1255 2345 1336 libidinis
2371 1292 2537 1333 causa
2576 1275 2680 1328 boc
2708 1270 2856 1326 fecit.
2890 1266 3007 1321 Lib.
3038 1277 3228 1325 nvut,
3257 1260 3339 1314 tit.
3372 1258 3429 1323 5,
3479 1255 3676 1324 digest.

2105 1378 2194 1434 26.
2216 1370 2586 1444 Quinquennii
2604 1380 2814 1436 tempus
2833 1359 3163 1419 accusationi
3177 1353 3423 1412 adulterii
3447 1349 3685 1423 praelini-

2108 1480 2247 1535 tum,
2280 1470 2335 1523 in
2372 1475 2561 1534 stupro
2588 1477 2685 1533 per
2708 1460 2817 1513 vim
2846 1457 2987 1511 facto
3006 1455 3186 1508 locum
3209 1465 3315 1504 non
3345 1447 3526 1501 habet.
3545 1444 3678 1496 Nam

2111 1534 2239 1615 cum
2267 1556 2350 1612 vis
2382 1552 2598 1624 publica
2629 1548 3028 1609 committatur,
3069 1542 3205 1597 citra
3234 1534 3492 1607 temporis
3540 1547 3681 1602 prie-

2112 1621 2413 1707 ﬁnitionem
2445 1642 2581 1717 [illa]
2612 1638 2938 1696 instituitur.
2975 1633 3241 1688 Similiter
3268 1629 3468 1698 digest.
3502 1624 3555 1689 5,
3588 1621 3676 1677 tit.

2113 1745 2168 1811 6,
2196 1713 2619 1814 ejusdem—libri,
2655 1747 2780 1788 cum
2811 1729 2966 1792 dicit,
3001 1723 3147 1796 quod
3194 1728 3382 1790 raptus
3407 1713 3686 1771 enormior

448 1809 595 1836 ..μυ
651 1809 791 1832 ,ης
1021 1809 1101 1820 η-
1134 1809 1297 1818 η---
1374 1809 1482 1816 η..-
1542 1809 1594 1818 -,
1761 1809 1872 1814 --η
1935 1809 2012 1813 -_-

448 1862 516 1916 Ἦ
540 1861 765 1933 ἁρπαγὴ
796 1862 994 1931 μείζων
1020 1861 1139 1912 ἐστὶ
1152 1860 1252 1929 τῆς
1294 1809 1560 1929 μοιχείας,
1588 1809 1681 1907 κξι
1712 1809 2010 1926 όάρπάσας
2043 1835 2051 1891 Ῑ

2128 1809 2184 1894 sit
2225 1809 2516 1889 adulterio.
2563 1825 2650 1891 Et,
2690 1821 2835 1894 quod
2880 1818 2973 1889 qui
3023 1821 3249 1884 nuptam
3283 1819 3379 1865 aut
3404 1809 3683 1875 innuptam

2258 1928 2267 1933 -
2652 1916 2828 1933 ηνν-εΑ
2863 1908 3123 1933 -η-ειιι..-
3148 1924 3161 1933 .
3198 1900 3404 1933 r:,t,.....1
3428 1907 3683 1933 "nam,"

437 1954 901 2025 γεγαμημένηνῆ
961 1952 1036 2023 μὴ
1090 1949 1510 2021 γεγαμημένην,
1576 1948 1823 2018 ἐσχάτως
1852 1964 2016 2015 τιμω-

441 2048 638 2118 ρεῖται,
669 2046 763 2100 καὶ
791 2043 1048 2111 ὲξωτικοῦ
1083 2040 1537 2113 κατηγοροῦντος,
1562 2039 1655 2093 ἐάν
1677 2040 1706 2092 6
1726 2039 1824 2109 τῆς
1849 2038 2016 2109 κόρης

439 2136 626 2209 πατὴρ
660 2136 1033 2208 παρακληθεὶς
1065 2136 1421 2205 συγχωρήσῃ.

512 2229 677 2297 Λέγει
701 2228 759 2281 δὲ
793 2229 888 2281 καὶ
919 2227 1060 2282 διάτ.
1098 2233 1147 2281 α’
1178 2226 1272 2280 τοῦ
1298 2225 1345 2281 α’
1384 2227 1494 2283 τίτ.
1525 2226 1634 2281 τῶν
1663 2226 1915 2297 Νεαρῶν,
1937 2226 2019 2279 ὅτι

442 2322 492 2375 οἱ
521 2320 836 2392 φθείροντες
864 2320 1232 2384 διακόνισσαν,
1273 2320 1691 2374 ὑπεύθυνοίείσι
1730 2320 1895 2390 ξίφει,
1926 2320 2021 2372 καὶ

445 2412 546 2476 τὰς
580 2413 771 2477 οὐσίας
795 2412 976 2466 αὐτῶν
1020 2413 1285 2483 λαμϐάνει
1313 2413 1374 2467 τὸ
1409 2412 1690 2483 δημόσιον
1720 2413 1754 2482 ἡ
1803 2411 1862 2465 δὲ
1891 2412 2022 2481 περὶ

450 2507 734 2578 μανδάτων
757 2506 864 2560 τῶν
895 2506 1168 2575 ἀρχόντων
1190 2505 1547 2576 διαλεγομένη
1568 2502 1631 2569 ιζ’
1661 2502 1871 2573 Νεαρά,
1919 2502 2023 2556 ἀπ-

451 2600 711 2670 ἀγορεύει
741 2598 900 2669 ὄρους
917 2597 1142 2661 ἀσυλίας
1159 2595 1520 2664 φυλάττεσθαι
1543 2598 1653 2658 τοῖς
1682 2592 1887 2665 άρπαξι
1913 2592 2024 2646 τῶν

454 2690 744 2762 παρθένων
770 2706 784 2720 ·
812 2691 913 2745 καὶ
966 2692 999 2760 ἡ
1040 2687 1084 2760 β’
1132 2688 1227 2742 τοῦ
1263 2686 1426 2742 αὐτοῦ
1476 2687 1695 2754 διατάγ.
1726 2686 1913 2756 φησὶν,
1941 2684 2024 2738 ὅτι

448 2785 503 2837 ot
546 2782 906 2852 ἁρπάζοντες,
960 2783 992 2852 ἢ
1046 2780 1490 2844 ὑπονοθεύοντες,
1538 2778 1573 2850 ἢ
1618 2778 2026 2849 διαφθείροντες

448 2878 778 2948 ἀσκὴτριαν,
841 2876 875 2947 ἢ
930 2873 1363 2944 διακόνισσαν,ἢ
1406 2872 1756 2944 μονάστριαν,
1792 2871 1825 2941 ἢ
1860 2869 2028 2938 ἀλλην

452 2968 921 3038 εὐλαϐὲςέχουσαν
945 2968 1152 3039 σχῆμα,
1167 2968 1261 3019 καὶ
1283 2966 1333 3019 oi
1358 2964 1699 3036 μετέχοντες,
1718 2961 2028 3032 κεφαλικῶς

448 3059 843 3132 τιμωροῦνται·
875 3059 973 3112 καὶ⁹
996 3058 1064 3111 τά
1094 3058 1396 3128 πράγματα
1425 3055 1605 3109 αὐτῶν
1627 3058 1694 3126 τῇ
1734 3052 2031 3124 Ἐκκλησία

454 3152 493 3224 ἢ
521 3153 602 3217 τῷ
635 3152 984 3223 μοναστηρίῳ
1010 3150 1111 3220 τῆς
1135 3149 1482 3219 ὑϐρισθείσης
1510 3144 1918 3219 περιποιοῦνται
1944 3144 2032 3197 διά
2057 3172 2102 3234 C

454 3244 554 3299 τοῦ
584 3244 907 3305 ἐπισκόπου,
942 3240 1144 3295 καὶτοῦ
1170 3240 1476 3310 οἰκονόμου,
1506 3239 1602 3291 καὶ
1630 3236 1737 3290 τῶν
1757 3236 2034 3308 ἀρχόντων

456 3336 556 3390 καὶ
588 3335 696 3389 τῶν
737 3335 945 3399 τάξεων
976 3350 989 3364 ·
1040 3332 1179 3404 αὐτὴ
1238 3333 1295 3385 δὲ
1356 3330 1495 3400 μετά
1520 3330 1630 3384 τῶν
1681 3328 2028 3400 πραγμάτων

456 3426 631 3495 αὐτῆς
656 3425 988 3495 ἐμϐάλλεται
1037 3421 1387 3493 μοναστηρίῳ
1439 3418 1699 3488 ἀσφαλῶς
1749 3417 2034 3488 φυλαχθη-

464 3516 694 3587 σομένηο
747 3516 795 3568 εἰ
842 3514 898 3567 δὲ
936 3512 1256 3566 διακόνισσά
1312 3513 1463 3564 ἐστιν
1513 3509 1711 3580 ἔχουσα
1750 3509 2013 3579 νομίμους

465 3607 687 3670 παῖδας,
721 3605 783 3659 τὸ
827 3605 1062 3675 νόμιμον
1122 3604 1289 3673 μέρος
1339 3600 1731 3671 λαμϐάνουσινο
1779 3601 1827 3652 εἰ
1860 3598 1917 3652 δὲ
1946 3598 2041 3651 ἐπὶ

465 3698 710 3753 ἐνιαυτὸν
743 3695 881 3767 μετά
938 3695 999 3748 τὸ
1038 3693 1347 3763 γνωσθῆναι
1380 3693 1443 3745 τὸ
1496 3690 1685 3763 μῦσος,
1717 3688 1790 3760 μὴ
1828 3688 2043 3759 ἐκδική-

468 3803 621 3841 acuat
660 3785 729 3838 τά
768 3784 1069 3853 πράγματα
1099 3782 1148 3833 οί
1174 3780 1390 3846 εὐαγεῖς
1408 3773 1566 3842 οἴκοι,
1613 3774 1641 3829 6
1687 3776 1882 3845 φίσκος
1903 3774 2043 3827 αύτά

466 3880 755 3951 λαμϐάνειν
787 3875 883 3930 τοῦ
926 3872 1258 3945 ἀμελοῦντος
1290 3872 1428 3926 αὑτά
1466 3869 1817 3939 ἐκδικηθῆναι
1850 3867 2045 3938 ἄρχον-

470 3990 561 4037 τος
618 3967 1071 4037 ἀποζωννυμένου
1127 3965 1219 4018 καὶ
1267 3961 1309 4016 ε’
1353 3962 1541 4033 λίτρας
1590 3963 1706 4025 τοῖς
1761 3958 2044 4029 πριϐάτοις

473 4059 947 4133 προστιμωμένοιν
982 4059 1017 4129 ἡ
1046 4056 1104 4111 δὲ
1130 4052 1258 4128 ρμα¹
1316 4052 1486 4123 νεαρὰ
1521 4050 1880 4120 διαλεγομένη
1915 4047 2045 4118 περὶ

474 4154 731 4223 γυναικὸς
747 4151 1109 4223 ἁρπαγείσης,
1131 4149 1224 4203 καὶ
1242 4144 1585 4217 γαμηθείσης
1607 4141 1684 4213 τῷ
1702 4140 2039 4212 ἁρπάσαντι,

477 4248 631 4316 φησὶ,
654 4246 755 4314 τὴν
783 4241 1036 4313 τοιαυτὴν
1059 4242 1134 4312 μὴ
1161 4238 1418 4294 δύνασθαι
1443 4235 1629 4289 λαϐεῖν
1649 4234 1718 4287 τά
1743 4232 2044 4304 πράγματα

477 4338 666 4401 αὐτοῦ,
708 4336 845 4407 μήτε
873 4354 982 4389 των
1024 4331 1399 4401 μετασχόντων
1444 4323 1537 4379 τοῦ
1589 4324 1814 4395 μύσους,
1862 4321 2046 4375 ἀλλὀί

478 4428 655 4493 γονεῖς
688 4425 856 4493 αὐτῆς
894 4421 1261 4491 λαμϐάνουσιν
1303 4416 1474 4482 αὑτά,
1526 4417 1575 4468 εί
1636 4414 1710 4485 μὴ
1758 4413 1836 4484 τῷ
1885 4413 2048 4483 γάμῳ

2116 1928 2318 1998 rapuit,
2352 1922 2545 1977 ultimo
2567 1916 2835 1987 supplicio
2863 1908 3123 1982 puniatur
3148 1924 3162 1961 :
3198 1900 3405 1977 [idque]
3428 1907 3689 1955 extraneo

2114 2021 2277 2076 etiam
2318 2013 2650 2089 postulante,
2688 2010 2732 2064 si
2760 2015 2913 2077 pater
2937 1999 3182 2058 mulieris
3209 2002 3465 2051 exoratus
3499 1986 3691 2044 conni-

2118 2111 2277 2166 xerit.

2193 2201 2337 2256 Dixit
2363 2211 2494 2254 vero
2522 2196 2687 2251 etiam
2712 2188 2935 2247 constit.
2962 2202 3003 2252 ι,
3034 2184 3120 2241 tit.
3150 2178 3524 2243 Novellarum,
3548 2172 3698 2243 quod

2119 2298 2213 2369 qui
2255 2293 2621 2351 diaconissam
2651 2289 3032 2354 constuprant,
3072 2274 3301 2333 obnoxii
3354 2272 3465 2327 sint
3490 2266 3692 2338 gladio,

2119 2360 2424 2457 eorumque
2449 2382 2737 2441 facultates
2783 2377 2946 2432 liscns
2970 2370 3169 2441 capiat.
3201 2364 3418 2421 Novella
3451 2360 3540 2425 l7,
3575 2371 3698 2428 qua:

2123 2483 2191 2537 de
2220 2448 2492 2535 mandatis
2540 2470 2833 2543 praesidum
2869 2462 3111 2527 disserit,
3146 2456 3440 2516 interdicit,
3489 2467 3556 2506 ne
3584 2448 3698 2504 vir-

2124 2574 2311 2642 ginum
2343 2565 2654 2636 raptoribus
2700 2558 2836 2630 asyli
2882 2553 3098 2612 termini
3139 2555 3445 2606 serventur.
3476 2544 3541 2598 Et
3565 2557 3700 2597 con-

2125 2635 2240 2720 stit.
2270 2660 2326 2725 2,
2372 2635 2617 2727 eiusdem
2651 2651 2813 2723 312
2860 2649 2947 2702 tit.
2995 2645 3071 2700 ait
3108 2660 3122 2696 :
3153 2641 3260 2707 Qui
3306 2635 3699 2696 diaconissam,

2127 2765 2221 2811 aut
2271 2749 2665 2809 monastriam,
2716 2752 2812 2798 aut
2858 2741 3020 2795 aliam
3079 2735 3396 2805 religiosum
3447 2727 3703 2782 habitum

2127 2854 2427 2920 gestantem
2486 2833 2838 2912 [mulierem]
2888 2830 3142 2901 rapiunt,
3187 2826 3581 2889 corrumpunt,
3618 2814 3707 2869 vel

2129 2941 2490 3007 constuprant
2524 2932 2768 3001 :quiqne
2803 2925 2939 2998 [illis
2973 2918 3116 2991 sese]
3148 2916 3450 2981 associant,
3485 2907 3710 2979 capitali

2132 3032 2396 3104 supplicio
2428 3027 2759 3087 adiciuntur,
2789 3036 2851 3074 ac
2886 3033 2975 3072 res
3015 3016 3231 3069 illorum
3275 3007 3471 3076 injuria
3502 3002 3707 3058 aﬂ‘ecttc

2136 3125 2405 3199 [mulieris
2428 3118 2673 3175 ecclesiae
2709 3122 2804 3168 aut
2832 3107 3168 3167 monasterio
3196 3119 3294 3175 per
3337 3111 3709 3159 eeconomum,

2135 3219 2476 3289 episcopum,
2504 3207 2766 3281 praesides
2798 3214 2852 3259 et
2898 3204 3153 3257 cohortes
3183 3196 3552 3251 vindicantur.
3585 3187 3710 3256 Ipsa

2137 3325 2267 3367 vero
2318 3322 2442 3363 cum
2493 3303 2656 3357 rebus
2700 3297 2817 3355 suis
2866 3297 2922 3350 in
2976 3288 3369 3347 monasterium
3424 3280 3714 3348 coniicitur

2140 3399 2389 3477 [ibidem]
2425 3405 2584 3453 caute
2613 3388 2968 3448 asservanda.
3002 3384 3169 3438 Plane
3198 3380 3245 3436 si
3283 3376 3591 3433 diaconissa
3622 3369 3713 3435 sit,

2141 3469 2195 3553 et
2222 3469 2493 3563 legitimos
2520 3486 2722 3541 liberos
2756 3481 2974 3540 habeat,
3015 3472 3139 3547 [illi]
3168 3469 3464 3540 legitimam
3504 3472 3713 3534 partem

2143 3589 2386 3660 capiunt.
2410 3580 2569 3649 Quod
2596 3577 2640 3633 si
2674 3576 2814 3630 intra
2841 3584 3044 3625 annum
3070 3578 3232 3635 quam
3260 3555 3569 3617 istiusmodi
3597 3568 3715 3609 sce-

2143 3646 2228 3735 lus
2284 3646 2541 3737 innotuit,
2584 3665 2752 3741 [eas]
2809 3661 3093 3718 facultates
3146 3650 3484 3710 venerabiles
3522 3646 3719 3701 domus

2152 3785 2261 3825 non
2292 3765 2608 3821 vindicent:
2642 3759 2808 3811 liscus
2841 3754 2964 3808 illas
3002 3748 3220 3817 accipit.
3272 3742 3422 3810 Quas
3444 3739 3490 3795 si
3521 3750 3720 3808 praeses

2146 3859 2432 3916 vindicare
2470 3848 2789 3919 neglexerit,
2824 3842 3046 3912 cingulo
3074 3838 3341 3909 privatur,
3372 3840 3535 3899 atque
3557 3826 3719 3898 quin.

2148 3965 2256 4019 que
2281 3946 2435 4001 libris
2463 3941 2605 4014 [auri
2641 3937 2804 3991 rebus
2854 3928 3139 4004 principis]
3174 3923 3401 3997 privatis
3424 3918 3712 3993 [applican-

2146 4008 2253 4111 dis]
2287 4008 2571 4091 multatur.
2606 4028 2829 4084 Novella
2879 4034 3059 4079 autem
3093 4020 3216 4085 Ml,
3249 4031 3369 4086 qua:
3404 4016 3471 4068 de
3500 4008 3721 4065 muliere

2147 4144 2325 4204 rapta,
2354 4146 2474 4201 quae
2504 4124 2708 4195 raptori
2738 4119 2945 4190 nupsit,
2966 4113 3207 4175 disserit,
3241 4104 3550 4165 istiusmodi
3586 4102 3719 4174 [mir

2148 4221 2361 4294 lierern]
2394 4235 2481 4274 res
2514 4214 2751 4285 raptoris
2783 4223 2962 4279 neque
2982 4222 3044 4261 ex
3083 4205 3220 4274 lege,
3251 4214 3428 4267 neque
3457 4211 3524 4249 ex
3555 4192 3723 4263 ipsius

2151 4321 2499 4376 testamento,
2536 4324 2635 4363 nec
2661 4304 2814 4377 [item
2840 4298 2952 4370 res]
2980 4309 3171 4352 eorum
3208 4290 3303 4362 qui
3344 4287 3568 4344 sceleris
3590 4283 3726 4339 socii

2153 4411 2397 4470 fuerunt,
2449 4415 2645 4471 capere
2666 4375 2838 4468 posse
2870 4392 3005 4448 :sed
3057 4389 3180 4443 illas
3230 4391 3483 4454 parentes
3530 4375 3724 4448 ipsius,

483 4515 667 4577 ίδικῶς
714 4470 1034 4584 συνξνεσανο
1068 4512 1118 4563 εί
1145 4509 1255 4580 γὰρ
1307 4470 1648 4577 σννῄύεσανί
1688 4470 1736 4557 ἐξ
1769 4470 1844 4577 pi)
1896 4470 2045 4576 ἒιέρὶ-

2152 4498 2255 4555 nisi
2290 4493 2596 4565 specialiter
2615 4483 2968 4541 matrimonio
2984 4475 3387 4537 consenserint,
3414 4470 3725 4540 percipere:

2615 4580 2624 4584 _
2854 4574 2871 4584 ,
3001 4571 3010 4584 ,
3240 4568 3251 4580 _
3300 4577 3311 4584 _
3366 4564 3574 4584 ’,ΛΑΜ
3600 4574 3697 4584 Mn

479 4624 608 4672 εισι,
636 4604 955 4675 φισκοῦνται
991 4605 1061 4656 τά
1086 4602 1312 4657 τοιαῦτα
1337 4599 1659 4671 πράγματα.

552 4789 805 4841 ΚΕΦΑΛ.
845 4783 1045 4839 AA'.-
1072 4782 1210 4850 Περὶ
1239 4776 1550 4848 ίερατικῶν
1580 4774 2055 4844 συλλουομένων

482 4878 788 4951 γυναιξίν,

790 4968 1059 5023 Συνόδου
1095 4962 1443 5027 Λαοδικείας
1468 4956 1668 5013 κανὼν
1694 4954 1767 5010 λ’.

554 5063 619 5115 λ’.
653 5062 777 5115 Ὅτι
808 5061 869 5113 οὐ
917 5059 998 5113 δεῖ
1026 5056 1331 5127 ίερατικοὺς
1364 5052 1398 5124 ἥ
1428 5050 1720 5121 κληρικοὺς
1749 5046 1783 5117 ἢ
1814 5045 2060 5115 ἀσκητάς

487 5156 546 5208 ὲν
573 5154 836 5225 βαλανείῳ
869 5149 1009 5220 μετὰ
1032 5148 1307 5218 γυναικῶν
1329 5142 1710 5208 ἀπολούεσθαι,
1753 5140 1893 5211 μήτε
1921 5139 2061 5201 ὅλως

485 5245 812 5318 Χριστιανὸν
847 5243 879 5313 ἢ
903 5242 1113 5296 λαῖκόψ
1176 5238 1316 5308 αῦτη
1353 5236 1462 5307 γὰρ
1488 5232 1685 5304 πρώτη
1708 5230 2060 5299 κατάγνωσις

488 5339 641 5411 παρὰ
669 5340 781 5402 τοῖς
810 5335 1038 5389 ἔθνεσιν.

630 5521 900 5577 Συνόδου
920 5514 1341 5587 οὶκουμενικῆς
1371 5514 1551 5579 ἕκτης
1577 5526 1777 5566 κανων
1806 5525 1864 5572 ος
1890 5548 1902 5561 .

562 5610 661 5677 οξ.
694 5614 817 5665 Ὅτι
845 5612 904 5664 οὐ
933 5611 1011 5664 δεῖ
1045 5608 1375 5679 ίερατικοὺς,
1412 5604 1446 5675 ἢ
1476 5602 1798 5673 κληρικοῦς,
1832 5600 1867 5670 ἢ
1888 5599 2065 5667 ἀσκη-

494 5703 613 5769 τάς,
657 5704 716 5758 ὲν
751 5702 1018 5774 βαλανείῳ
1044 5698 1182 5771 μετά
1213 5693 1486 5773 γυναικῶν
1512 5690 1896 5755 ἀπολούεσθαι,
1928 5688 2065 5759 μηδὲ

496 5795 674 5852 πάντα
704 5793 1031 5863 Χριστιανὸν
1064 5791 1097 5861 ἢ
1127 5789 1333 5845 λα’ίκόν·
1364 5785 1506 5853 αῦτη
1533 5783 1647 5855 γὰρ.
1672 5780 1865 5858 πρώτη
1898 5780 2066 5837 κατὰ·

2156 4604 2209 4646 et
2235 4589 2282 4644 si
2311 4580 2717 4644 consenserint,
2735 4587 2829 4631 aut
2854 4571 3013 4646 [non]
3043 4568 3340 4640 supersint,
3358 4564 3577 4619 easdem
3596 4574 3721 4615 con-

2156 4680 2335 4739 liscari
2365 4677 2516 4733 dicit.

2228 4772 2384 4828 CAP.
2418 4768 2611 4823 XXXI.
2636 4763 2785 4817 ——De
2811 4759 2953 4815 sacri
2985 4754 3187 4811 ordinis
3222 4748 3519 4805 hominibus
3549 4742 3637 4812 qui
3678 4756 3737 4794 se

2161 4882 2278 4919 cum
2314 4860 2624 4917 mulieribus
2653 4857 2859 4909 lavant.

2516 4944 2745 5003 Concilii
2773 4936 3059 4995 Laudiceni
3092 4948 3259 4988 canon
3288 4928 3379 4983 ⁸50.

2232 5044 2321 5100 '50.
2363 5040 2521 5108 Quod
2552 5054 2659 5093 non
2691 5042 2907 5105 oportet
2931 5045 3055 5085 cum
3087 5025 3180 5094 qui
3205 5031 3289 5078 est
3333 5023 3604 5079 sacratus,
3651 5019 3733 5064 vel

2163 5136 2417 5198 clericus,
2460 5130 2548 5185 vel
2590 5128 2876 5189 excitator,
2910 5123 2963 5176 in
3014 5119 3213 5174 balneo
3247 5126 3370 5167 cum
3416 5103 3732 5162 mulieribus

2163 5226 2377 5291 lavari,
2425 5236 2604 5291 neque
2652 5232 2870 5273 omnem
2932 5212 3148 5284 penitus
3208 5202 3583 5260 Christianum
3654 5192 3733 5245 vel

2165 5284 2390 5373 laicum:
2428 5284 2552 5367 Haec
2586 5320 2671 5365 est
2707 5306 2853 5361 enim
2904 5302 3075 5373 prima
3120 5295 3264 5367 apud
3300 5300 3488 5364 gentes
3534 5284 3723 5342 conde-

2167 5409 2399 5465 mnatio.

2473 5491 2701 5549 Concilii
2722 5487 3024 5545 wcunwnici
3053 5497 3102 5537 vt
3136 5493 3305 5535 canon
3334 5474 3424 5528 77.

2239 5588 2329 5643 7.7.
2358 5583 2517 5651 Quod
2550 5597 2658 5637 non
2702 5584 2919 5647 oportet
2966 5570 3137 5626 sacris
3174 5565 3440 5625 initiatos,
3472 5553 3557 5609 vel
3584 5549 3735 5607 cleri'

2169 5696 2285 5745 cos,
2331 5679 2416 5733 vel
2443 5684 2679 5739 ascetas,
2733 5670 2789 5725 id
2839 5674 2942 5729 est,
2990 5660 3379 5720 exercitatores
3422 5664 3515 5706 seu
3559 5660 3723 5697 mona

2171 5776 2326 5841 chos,
2356 5766 2527 5826 lavari
2553 5780 2678 5823 cum
2708 5758 3050 5822 mulieribus,
3089 5767 3190 5808 nec
3224 5758 3441 5803 omnem
3472 5738 3727 5798 Cbristia;
