4156 6462
555 372 652 437 ’1θῖ

1712 367 1908 427 ΡΠΟΤ
1919 367 1973 424 II
2002 366 2507 429 PATRIARCILE
2540 367 2648 427 ΟΡ.

3696 353 3802 416 ’ῖθὲ

558 497 685 538 num
727 479 888 550 313
932 477 1154 532 lucum.
1211 476 1336 533 llaec
1366 487 1449 532 est
1477 478 1628 532 enim
1666 479 1842 547 prima
1872 477 2131 533 candente

2235 497 2435 549 γνωσις
2459 479 2609 547 παρὰ
2634 479 2744 539 τοῖς
2769 473 3001 527 ἔθνεσινο
3027 472 3080 525 εἰ
3108 470 3164 525 δέ
3191 486 3272 533 τις
3311 469 3405 524 liti
3425 468 3604 538 τούτῳ
3624 487 3803 540 φωρα-

554 575 707 628 natio
736 572 874 643 apud
906 579 1116 640 gentes.
1150 568 1206 623 Si
1247 570 1372 639 quis
1411 578 1593 623 autem
1625 573 1724 623 hac
1754 569 1807 622 in
1843 585 1900 623 re
1929 570 2126 640 depre-

556 667 759 720 hensus
807 663 993 741 fuerit,
1029 662 1072 716 si
1103 663 1176 716 sit
1209 661 1430 730 quidem
1483 660 1742 725 clericus,
1783 661 2124 731 deponatur;

553 759 636 812 sin
662 767 842 811 autem
868 756 1060 818 lairus,
1101 763 1433 822 sagi-egetur.

628 847 850 901 Textus.
886 846 1107 900 Novella
1158 846 1278 908 H7,
1308 860 1426 913 qua:
1472 845 1539 897 de
1588 845 1830 913 rcpudiis
1862 843 2127 917 [tractat,]

557 941 872 996 fac-nitatem
907 938 1102 991 marito
1123 937 1235 999 dat,
1271 946 1326 989 ut
1355 936 1398 986 si
1424 945 1621 1004 prmter
1647 937 1982 990 voluntatem
2006 936 2128 1006 ejus

563 1045 682 1081 cum
716 1029 846 1084 viris
891 1042 950 1081 se
998 1041 1133 1078 uxor
1167 1025 1326 1087 lavet,
1365 1024 1467 1091 ipsi
1521 1025 1806 1093 repudium
1846 1027 2042 1092 mittat,
2075 1034 2130 1081 et

556 1135 622 1173 tu;
646 1118 966 1172 trimomum
999 1117 1278 1178 dissolvat,
1311 1116 1541 1186 ejusque
1573 1115 1816 1170 lucretur
1848 1116 2054 1172 dotem.

615 1209 767 1262 (ᾺΡ.
803 1208 1022 1263 XXXII.
1050 1239 1118 1249 —
1149 1208 1492 1277 Deepiscopis
1518 1218 1568 1261 et
1583 1209 1814 1272 clericis,
1840 1211 1930 1278 qui
1959 1219 2131 1263 trans-

553 1310 675 1354 (nul
706 1300 774 1353 ad
807 1301 1006 1354 inicum
1045 1308 1278 1365 statum,
1336 1309 1430 1353 aut
1482 1299 1772 1371 dignitates
1815 1301 1990 1356 civiles
2035 1314 2130 1356 aut

553 1393 823 1446 militiam.

995 1484 1366 1552 Apostolorum
1394 1498 1564 1537 emton
1595 1482 1682 1538 85.

622 1578 690 1632 83
735 1575 875 1648 [82].
915 1576 1221 1646 Episc0pus
1241 1616 1256 1640 ,
1289 1575 1373 1630 vel
1405 1576 1721 1645 presbyter,
1754 1575 1839 1631 vel
1868 1574 2131 1631 diaconus

535 1669 817 1728 exercitui
850 1683 1071 1732 vacans,
1105 1677 1211 1723 etc.
1237 1680 1294 1722 ut
1324 1685 1448 1738 pag.
1477 1667 1612 1722 747.

943 1762 1168 1817 Concilii
1203 1760 1414 1816 Nicami
1448 1777 1617 1814 canon
1659 1761 1743 1815 12.

627 1852 710 1904 lit.
738 1849 842 1916 Qui
877 1860 1062 1905 autem
1096 1865 1127 1905 a
1161 1850 1332 1920 gratia
1385 1850 1603 1920 quidem
1641 1849 1875 1917 avocati,
1907 1859 2016 1907 etc.
2072 1862 2130 1904 ut
2169 1827 2208 1881 Β

552 1960 678 2012 pug.
719 1941 846 1995 τοι.

855 2029 1083 2086 Conciiii
1115 2029 1559 2085 Chalcedonensis
1595 2047 1763 2084 canon
1790 2031 1846 2083 7.

632 2126 686 2178 7.
723 2125 832 2179 Eos
870 2125 962 2192 qui
995 2122 1048 2175 in
1082 2123 1229 2177 clero
1259 2123 1425 2178 semel
1457 2122 1696 2178 ordinati
1720 2132 1848 2177 sunt
1871 2121 2127 2178 etitidem

547 2219 868 2279 monachos,
893 2224 1001 2269 etc.
1030 2225 1088 2268 ut
1108 2232 1233 2284 pag.
1261 2214 1385 2267 75L

622 2307 836 2360 Texms.
872 2304 996 2360 Lib.
1035 2319 1078 2368 I,
1109 2306 1233 2362 cod.
1269 2307 1352 2364 tit.
1387 2307 1442 2370 5,
1479 2317 1656 2360 const.
1690 2305 1781 2361 57.
1835 2305 1989 2361 Servi
2032 2307 2126 2377 qui

545 2397 827 2450 voluntate
875 2396 1222 2450 dominorum
1291 2396 1544 2449 monachi
1597 2397 1756 2460 liunt,
1818 2396 2127 2450 libertatem

542 2497 980 2556 Consec-muntnr.
1023 2492 1093 2542 At
1144 2489 1190 2542 si
1231 2487 1422 2542 relicto
1472 2485 1828 2559 [mouacbali]
1863 2489 2128 2544 exercitio

543 2581 609 2635 ad
663 2581 830 2633 alium
883 2590 1087 2634 statum
1126 2589 1429 2641 transeant,
1481 2581 1531 2632 in
1582 2580 1898 2634 servitutem
1953 2591 2127 2634 retra-

544 2675 772 2728 huntur.
824 2674 888 2725 Et
942 2674 1172 2727 constit.
1204 2673 1294 2736 52,
1348 2673 1595 2742 ejusdem
1622 2674 1705 2727 tit.
1741 2673 1795 2727 Si
1843 2674 1966 2743 quis
1999 2689 2123 2728 cum

540 2765 777 2818 clericus
804 2765 894 2828 sit,
922 2775 1190 2819 armatam
1227 2766 1476 2820 militiam
1505 2767 1686 2826 obeat,
1718 2775 1813 2819 aut
1845 2765 2004 2838 [jam]
2030 2768 2126 2820 de-

541 2859 752 2929 positus
789 2857 844 2912 in
867 2859 1117 2913 militiam
1155 2859 1443 2919 concedat.
1480 2870 1895 2921 exauctoratur,
1930 2860 2124 2915 confe-

539 2951 668 3004 ειὶηι
700 2964 815 3003 suae
849 2949 1105 3015 civitatis,
1143 2959 1237 3004 aut
1281 2951 1506 3004 alterius
1537 2950 1680 3006 intra
1712 2967 1874 3005 unam
1905 2953 2126 3022 provin-

539 3042 707 3104 ciam,
750 3041 794 3094 si
845 3041 1016 3110 ipsius
1070 3041 1264 3096 civitas
1307 3043 1512 3096 multos
1565 3041 1893 3116 decuriones
1939 3044 2123 3107 habet.

2230 574 2373 643 θείη,
2409 574 2458 625 εί
2492 572 2592 642 μὲν
2615 567 2873 640 κληρικδς
2894 566 3002 634 εἴη,
3030 561 3420 634 καθαιρείσθω·
3440 564 3490 617 εί
3516 561 3577 616 δὲ
3601 559 3802 628 λαῐκδς,

2227 665 2594 739 ἀφοριξέσθω.

2309 852 2373 904 'll
2398 849 2524 921 περὶ
2556 843 3067 920 ρεπουδίωνἪεαρὰ
3119 837 3238 911 ριξ,
3273 839 3484 894 δίδωσιν
3504 837 3691 892 ἄδειαν
3730 836 3805 908 τῷ

2227 943 2402 1014 ἀνδρὶ,
2431 942 2532 1012 τῆς
2588 938 2752 993 αὑτοῦ
2786 936 3038 1007 γαμετῆς
3061 932 3211 1003 παρὰ
3237 930 3460 1001 γνώμην
3504 928 3673 983 αὐτοῦ
3696 928 3804 981 συλ-

2227 1034 2524 1105 λουομένης
2583 1031 2831 1100 ἀνδράσι,
2897 1027 3136 1080 στέλλειν
3175 1025 3313 1094 αὐτῇ
3370 1021 3684 1095 ρεπούδιον,
3715 1021 3804 1073 καὶ

2227 1125 2376 1178 λύειν
2402 1124 2492 1178 τὸν
2521 1122 2698 1192 γάμον
2738 1118 2832 1174 καὶ
2869 1117 3177 1188 κερδαίνειν
3222 1114 3324 1186 τὴν
3369 1113 3543 1182 αὐτῆς
3582 1113 3800 1182 προῖκα.

2302 1217 2556 1269 ΚΕΦΛΛ.
2584 1215 2709 1267 AB'.
2734 1241 2785 1252 —
2819 1210 2958 1278 Περὶ
2997 1209 3349 1262 ἐπισκόπων
3377 1204 3476 1260 καί
3507 1201 3807 1271 κληρικῶν

2228 1307 2562 1379 γινομένων
2578 1302 2806 1360 λαῖιιῶν
2834 1302 2872 1372 ἢ
2900 1297 3315 1370 ἀξιωματικῶν
3348 1297 3386 1366 ἢ
3408 1292 3799 1364 στρατευομέ-

2228 1415 2372 1454 νων.

2655 1490 3041 1545 Ἀποστόλων
3070 1484 3271 1540 κανὼν
3295 1487 3408 1551 an".

2295 1591 2406 1656 πγ.
2425 1582 2772 1648 Ἐπίσκοπος,
2796 1579 2830 1650 ἢ
2860 1577 3252 1652 πρεσϐύτερος,
3285 1573 3319 1645 ἢ
3349 1571 3620 1636 διάκονος,
3645 1583 3803 1623 στοα-

2230 1677 2351 1749 τείᾳ
2381 1675 2678 1746 σχολάζων,
2714 1691 2771 1726 κ.
2795 1689 2850 1726 τ.
2876 1670 2928 1724 λ.

2569 1763 2836 1820 Συνόδου
2857 1761 3100 1823 Νικαίας
3130 1755 3333 1813 κανὼν
3381 1754 3468 1821 ιβ’.

2307 1858 2395 1914 ιδ’.
2420 1858 2484 1912 Oi
2539 1857 2598 1911 δὲ
2634 1853 3072 1928 προσκληθέντες
3113 1851 3212 1922 μὲν
3271 1846 3382 1902 ἀπὸ
3417 1845 3519 1916 τῆς
3569 1841 3798 1914 χάριτος,

2232 1971 2286 2008 κ.
2322 1970 2372 2006 τ.
2413 1953 2464 2005 λ.

2499 2041 2775 2099 Συνόὸου
2805 2036 3196 2106 Χαλκηδόνος
3224 2033 3424 2088 κανὼν
3449 2031 3518 2096 ζ’.

2304 2136 2370 2202 ζ’.
2395 2136 2533 2200 Τοὺς
2562 2133 2708 2200 anas
2739 2133 2798 2185 ὲν
2819 2131 3009 2202 κλήρῳ
3029 2126 3400 2198 τεταγμένους
3432 2122 3466 2194 ἢ
3515 2121 3616 2175 καὶ
3644 2135 3799 2192 μονα-

2231 2231 2384 2292 στὰς,
2414 2246 2471 2283 κ.
2504 2245 2556 2281 τ.
2590 2227 2642 2280 λ.

2298 2323 2450 2377 Βισλ.
2504 2327 2552 2374 α’
2579 2319 2673 2372 τοῦ
2729 2316 2884 2382 κώδ.,
2951 2315 3058 2368 τίτ.
3100 2319 3170 2381 γ’,
3203 2310 3478 2376 διάτ.λζ⁷,
3531 2309 3582 2360 οἱ
3635 2303 3799 2359 δοῦλοι

2226 2414 2424 2486 γνώμῃ
2448 2411 2558 2465 τῶν
2587 2408 2864 2464 δεσποτῶν
2892 2404 3218 2477 μονάζοντες
3267 2399 3683 2470 ἐλευθεροῦνται
3713 2413 3726 2426 ·
3754 2394 3798 2448 εί

2226 2508 2282 2560 δὲ
2312 2503 2704 2564 καταλιπόντες
2731 2500 2828 2568 τὴν
2881 2497 3138 2564 ἄσκησιν,
3169 2495 3251 2558 είς
3291 2492 3486 2560 ἑτέραν
3531 2486 3798 2542 κατάστα-

2228 2616 2314 2653 σιν
2357 2594 2710 2667 μετέλθωσιν,
2763 2586 3180 2644 ἀναδωλοῦνται
3210 2601 3225 2616 ο
3259 2585 3357 2638 καὶ
3407 2581 3554 2635 διάτ.
3586 2578 3664 2650 νβ’
3711 2573 3798 2629 τοῦ

2227 2687 2393 2743 αὐτοῦ
2427 2689 2562 2750 τίτ.,
2599 2685 2681 2736 ὅτι
2725 2683 2817 2736 έὰν
2841 2698 2927 2744 τις
2955 2680 3031 2733 ὢν
3057 2678 3318 2745 κληρικὺς
3345 2673 3591 2734 ένόπλως
3645 2683 3796 2738 στραρ

2224 2779 2506 2847 τεύσηται,
2554 2776 2588 2847 ἢ
2651 2770 2998 2843 καθαιρεθεὶς
3034 2766 3276 2838 μετέλθῃ
3331 2764 3649 2833 στρατείαν,
3676 2760 3799 2811 ἁπο-

2229 2869 2606 2940 στρατεύέται,
2639 2867 2732 2920 καλ⁵
2759 2863 3049 2934 βουλευτὴς
3093 2857 3441 2928 παραχρῆμα
3472 2853 3684 2922 γίνεται

2230 2938 2362 3025 ἰδίας
2392 2959 2621 3024 πόλεως,
2650 2957 2686 3027 ἢ
2720 2957 2913 3026 ἐτέρας
2945 2954 3110 3023 μέχρι
3153 2951 3281 3022 μιᾶς
3304 2944 3596 3017 ἐπαρχίας,
3630 2940 3721 2992 ἐὰν
3767 2938 3797 3007 ἠ

2229 3053 2380 3116 πόλις
2414 3050 2579 3104 αὐτοῦ
2606 3049 2834 3110 πολλοὺς
2858 3046 2954 3116 ἔχῃ
3000 3041 3294 3113 βουλευτάς·
3327 3055 3342 3070 ·
3380 3038 3428 3090 εἰ
3450 3036 3511 3088 δὲ
3540 3031 3796 3092 λανθάνοι,

538 3133 769 3188 decurio
812 3132 890 3186 fit.
939 3132 1095 3198 Quod
1132 3133 1177 3188 si
1216 3134 1527 3199 delitescat,
1578 3135 1750 3204 ipsius
1785 3136 1928 3189 bona
1961 3137 2121 3190 decu-

2230 3141 2690 3211 ὲπιλαμϐἁνονται
2717 3140 2765 3192 οἱ
2790 3136 3073 3206 βουλευταὶ
3100 3133 3208 3187 τῶν
3252 3129 3598 3222 πραγμάτων
3625 3118 3796 3222 cxi-i105:

541 3227 732 3280 rienes
787 3225 1050 3290 involant,
1102 3235 1156 3281 et
1190 3226 1474 3282 semissem
1529 3243 1595 3281 ex
1644 3229 1912 3282 reditibus
1965 3229 2128 3301 [jam]

540 3317 859 3371 constitutis
909 3325 1003 3370 aut
1048 3317 1297 3372 emendis
1357 3317 1701 3387 percipiunt;
1751 3319 1889 3372 alter
1944 3329 2128 3374 autem

540 3405 706 3477 315.
757 3405 926 3460 seruis
973 3404 1360 3475 praefectorum
1410 3421 1614 3461 mensae
1676 3407 1929 3464 infertur.
1985 3407 2127 3464 ldem

541 3500 706 3551 etiam
760 3497 1052 3560 monacho,
1100 3497 1195 3567 qui
1236 3498 1733 3567 quoi-nociocunqne
1783 3500 1999 3564 militat,
2037 3508 2132 3554 aut

540 3590 862 3659 dignitatem
893 3592 1147 3656 assumit,
1192 3600 1287 3644 aut
1336 3589 1612 3645 forensem
1660 3592 1830 3646 vitam
1859 3601 2125 3659 sectatur,

546 3680 828 3754 [obtineL]

619 3773 837 3827 Textus.
867 3773 1059 3827 Const.
1090 3774 1185 3838 55,
1215 3774 1462 3842 ejusdem
1500 3775 1590 3830 tit.
1629 3774 1748 3831 Non
1783 3777 1910 3830 licet
1945 3791 2134 3846 paren-

546 3865 694 3921 tibus
728 3873 786 3920 ut
834 3865 1136 3934 impediant
1194 3868 1491 3934 quominus
1522 3867 1678 3922 liberi
1727 3868 1975 3923 volentes
2007 3882 2132 3922 mo-

545 3955 708 4008 nachi
734 3962 830 4008 aut
855 3953 1043 4008 clerici
1072 3954 1203 4008 fiant
1233 3972 1245 4007 :
1273 3963 1368 4009 aut
1389 3965 1609 4025 propter
1633 3956 1736 4010 hoc
1761 3957 1936 4012 solum
1965 3955 2132 4029 [illos]

544 4046 914 4100 exhaaredcnt.
952 4043 1056 4099 Sed
1091 4047 1137 4099 si
1169 4047 1271 4115 ipsi
1315 4055 1701 4102 testamentum
1732 4048 1992 4114 condant,
2032 4062 2134 4102 ne-

546 4153 699 4192 cesse
733 4138 956 4200 habent,
993 4147 1051 4193 ut
1083 4139 1192 4194 illis
1245 4140 1606 4209 quadrantem
1643 4141 1960 4209 relinquant
1995 4157 2008 4194 :
2043 4141 2129 4195 sin

545 4233 750 4288 autem,
792 4221 945 4280 locus
970 4223 1096 4298 [est]
1124 4229 1192 4281 ab
1217 4227 1500 4282 intestato.
1539 4228 1693 4294 Quod
1727 4229 1772 4284 si
1803 4228 1925 4302 [illi]
1957 4231 2134 4284 eccle-

544 4317 658 4371 sias
724 4328 818 4371 aut
866 4321 1204 4374 monasteria
1262 4321 1608 4392 relinquant,
1651 4331 1816 4392 atque
1867 4323 2132 4378 mundani

543 4409 678 4463 fiant
707 4427 722 4462 :
750 4425 913 4465 omne
937 4413 1182 4482 ipsorum
1203 4415 1295 4484 jus
1312 4415 1378 4469 ad
1411 4416 1807 4471 monasterium
1832 4426 1928 4471 aut
1955 4417 2132 4471 eccle-

541 4501 679 4553 siam
711 4503 960 4570 pertinet.
998 4504 1138 4559 Dicit
1175 4521 1305 4561 vero
1342 4507 1505 4561 etiam
1541 4517 1719 4562 const.
1753 4508 1808 4571 l,
1845 4509 1928 4562 tit.
1963 4508 1989 4562 1
2022 4506 2127 4564 Νο-
2159 4497 2206 4556 ῐ)

545 4594 830 4662 vellat-um,
856 4598 1002 4665 quod
1043 4598 1157 4653 sive
1209 4602 1512 4672 presbyter,
1545 4601 1659 4656 sive
1701 4600 1986 4668 diaconus,
2033 4611 2127 4656 aut

544 4686 972 4755 lt}'p0:.ii:tCOlltls.
1007 4698 1101 4743 aut
1125 4690 1296 4746 lector
1329 4693 1638 4748 clericalem
1664 4694 1912 4749 habitum
1953 4695 2124 4749 relin-

545 4793 737 4847 quere,
783 4793 836 4835 et
884 4781 950 4835 ad
993 4783 1142 4844 aliud
1195 4787 1318 4839 vitae
1354 4801 1526 4855 genus
1568 4789 1799 4842 transire
1848 4788 2127 4843 voluerit:

543 4871 630 4924 vel
656 4885 780 4925 cum
817 4872 979 4929 bonis
1029 4877 1216 4936 curite.
1253 4877 1337 4932 vel
1377 4893 1583 4946 egenus
1638 4878 1908 4934 cohortali
1941 4880 2130 4934 condi-

545 4963 680 5016 tioni
703 4965 1031 5020 ascribatur.
1066 4966 1130 5020 Et
1159 4979 1336 5024 const.
1373 4969 1408 5022 2
1428 4970 1670 5038 ejusdem
1701 4971 1786 5027 lit.
1824 4971 2015 5037 Nemo,
2044 4971 2130 5026 in-

546 5055 686 5124 quit,
709 5054 1188 5131 [ecclesiasticam]
1214 5077 1367 5114 suam
1403 5073 1603 5117 sortem
1633 5065 1917 5130 deserens,
1965 5081 2129 5118 mun-

542 5149 722 5202 danus
763 5147 1010 5203 efﬁcitur.
1059 5151 1276 5221 Alioqui
1321 5152 1602 5219 dignitate,
1655 5169 1777 5223 qua:
1829 5153 1972 5209 forte
2023 5155 2127 5224 ipsi

543 5239 848 5303 obvenerit,
903 5253 998 5295 aut
1032 5244 1226 5297 militia
1272 5244 1598 5313 privabitur,
1645 5257 1697 5300 et
1741 5261 1856 5301 sure
1889 5247 2128 5303 civitatis

543 5334 710 5387 curiaa
733 5335 998 5388 tradetur.
1034 5335 1087 5389 Si
1141 5352 1334 5392 servus
1379 5339 1588 5392 sciente
1619 5354 1798 5407 neque
1852 5341 2129 5396 contradi-

542 5435 700 5481 cente
738 5426 964 5481 domino
1002 5428 1235 5484 clericus
1281 5431 1457 5484 factus
1488 5431 1651 5486 fuerit
1685 5451 1697 5486 :
1728 5433 1863 5487 liber
1894 5441 1948 5487 et
1977 5434 2128 5503 inge-

541 5531 692 5573 nuus
732 5517 812 5572 fit.
848 5520 919 5573 At
963 5520 1008 5573 si
1062 5521 1322 5574 dominus
1369 5520 1730 5590 ignoraverit,
1779 5535 1942 5594 atque
1984 5524 2125 5578 intra

543 5622 748 5663 annum
784 5610 1060 5666 fortunam
1089 5613 1429 5682 comprobet,
1455 5614 1603 5670 illum
1639 5617 1852 5685 recipit.
1895 5616 2050 5683 Quod
2079 5617 2126 5671 si

544 5697 623 5752 ita
662 5699 796 5755 liber
820 5703 1020 5768 factus,
1056 5704 1120 5758 ad
1148 5703 1480 5759 mundanam
1512 5707 1678 5762 vitam
1725 5717 1991 5771 transeat,
2020 5719 2128 5763 tra-

557 5787 701 5846 ditur
730 5794 954 5853 domino
980 5799 1034 5856 in
1067 5800 1410 5856 servitutem.
1453 5799 1584 5856 Item
1607 5843 1623 5870 ,
1657 5804 1837 5874 si,qui
1884 5820 1978 5874 per
2005 5819 2125 5858 mo-

2233 3233 2327 3286 καὶ
2357 3232 2418 3285 τὸ
2441 3230 2538 3302 μὲν
2569 3231 2742 3300 ἥμισυ
2776 3229 2833 3279 ὲν
2856 3227 3104 3298 προσόδῳ
3120 3223 3254 3292 οῦσῃ
3292 3221 3325 3291 ἢ
3361 3217 3643 3287 ὠνουμένῃ
3671 3211 3796 3277 λαμο

2232 3323 2474 3385 ϐάνουσι,
2499 3321 2562 3374 τὸ
2587 3321 2643 3374 δὲ
2668 3320 2841 3390 ἥμισυ
2872 3321 2936 3389 τῇ
2967 3316 3214 3386 τραπέζῃ
3243 3312 3350 3366 τῶν
3381 3310 3644 3380 ὑπάρχων
3699 3303 3799 3356 εἰσ-

2232 3415 2516 3485 κομίζεται
2547 3429 2560 3443 ·
2641 3415 2703 3465 τὸ
2761 3410 2896 3465 αὐτὸ
2981 3410 3075 3463 καὶ
3138 3409 3230 3460 ἐπὶ
3275 3403 3514 3475 μοναχοῦ
3568 3393 3799 3454 ὁπωσοῦν

2236 3505 2666 3578 στρατευομένου
2697 3504 2732 3574 ἢ
2752 3502 3122 3572 λαμϐάνοντος
3172 3496 3353 3562 ἀξίαν,
3375 3495 3410 3566 ἢ
3447 3494 3543 3548 τὸν
3573 3494 3630 3546 ὲν
3656 3489 3798 3542 δικα-

2237 3600 2478 3670 στηρίοις
2516 3597 2628 3668 βίον
2662 3591 3114 3666 μεταδιώκοντος.

2310 3783 2459 3835 Διάτ.
2487 3779 2569 3849 νγ⁹
2601 3777 2694 3831 τοῦ
2717 3775 2883 3831 αὑτοῦ
2917 3775 3048 3842 τίτ.,
3086 3773 3187 3828 οὐκ
3221 3772 3400 3838 ἔξεστι
3451 3772 3565 3834 τοῖς
3599 3762 3796 3836 γονεῦσι

2237 3871 2596 3945 βουλομένους
2666 3870 2793 3931 τοὺς
2846 3867 3042 3928 παῖδας
3102 3865 3335 3936 μονάσαι
3391 3861 3426 3931 ἢ
3473 3856 3798 3931 κληρωθῆναι

2235 3964 2488 4030 κωλύειν,
2547 3961 2672 4015 οὔτε
2731 3961 2819 4014 διὰ
2882 3958 3043 4011 τοῦτο
3109 3957 3269 4027 μόνον
3337 3949 3797 4024 ἀποκληρονόμους

2234 4061 2409 4111 ποιεῖν
2440 4072 2455 4086 ·
2511 4053 2627 4108 ἁλλ’
2661 4055 2710 4106 εἰ
2761 4053 2862 4122 μὲν
2892 4053 2961 4104 τὰ
3008 4049 3131 4103 καθ’
3156 4047 3386 4111 ἑαυτοὺς
3441 4041 3794 4100 διατυποῦσιν,

2233 4148 2482 4215 ἀνάγκην
2539 4145 2725 4214 ἔχουσι
2776 4143 2926 4212 τρεῖς
2951 4140 3142 4208 ὀγκίας
3175 4141 3270 4210 ὲᾷν
3293 4139 3479 4200 αὐτοῖς
3506 4152 3520 4168 °
3553 4136 3601 4188 εί
3630 4132 3682 4185 δὲ
3730 4127 3792 4199 μὴ

2233 4236 2660 4298 διατυπὼσουσι,
2726 4233 2878 4305 χώρα
2927 4235 3041 4293 τοῖς
3100 4229 3160 4295 ἐξ
3187 4228 3470 4285 ἀδιαθέτου
3496 4245 3511 4258 ο
3556 4227 3605 4280 εί
3635 4223 3686 4277 δὲ
3711 4219 3794 4279 τὰς

2248 4328 2572 4395 Ἐκκλησίας
2597 4325 2628 4393 ἦ
2657 4322 2725 4376 τὰ
2759 4322 3096 4392 μοναστήρια
3115 4316 3478 4380 καταλίπωσι,
3503 4313 3598 4368 καὶ
3619 4321 3790 4375 κοσμι-

2236 4420 2324 4473 uol.
2345 4418 2634 4486 γένωνται,
2674 4413 2851 4468 πάντα
2875 4413 2941 4467 τὰ
2960 4411 3144 4463 δίκαια
3163 4407 3342 4462 αὐτῶν
3367 4406 3444 4476 τῷ
3470 4395 3792 4486 μοναστηρίίι)

2233 4511 2326 4563 καὶ
2359 4485 2426 4578 τῇ
2444 4505 2739 4576 Ἐκκλησία
2764 4504 3034 4573 διαφέρει·
3067 4501 3217 4569 λέγει
3243 4499 3300 4552 δὲ
3319 4499 3462 4568 καλή
3483 4497 3534 4549 α’
3551 4494 3685 4548 διάτ.
3708 4485 3790 4539 τοῦ

2235 4599 2283 4655 α’
2319 4600 2422 4653 τίτ.
2447 4598 2552 4651 τῶν
2571 4597 2823 4668 Νεαρῶν,
2843 4597 2925 4648 ὅτι
2953 4593 3064 4647 εἴτε
3088 4591 3480 4662 πρεσϐύτερος,
3504 4590 3609 4642 εἴτε
3630 4583 3789 4636 διάκο-

2235 4692 2400 4762 νος,ἣ
2439 4689 2810 4756 ὑποδιάκονος,
2848 4688 2882 4758 ἢ
2936 4684 3313 4755 ἀναγνώστης,
3368 4681 3648 4736 ἀπολιπεῖν
3684 4673 3789 4743 βων

2232 4786 2369 4858 ληθῇ
2416 4785 2476 4837 τὸ
2529 4786 2713 4856 σχῆμα
2777 4781 2874 4834 τοῦ
2927 4779 3214 4851 κληρικοῦ,
3257 4777 3352 4830 καὶ
3385 4779 3461 4838 εἰς
3486 4775 3665 4846 ἕτερον
3692 4765 3790 4858 βίον

2237 4854 2537 4949 μέτέλθεῖν,
2564 4854 2616 4947 ίῆ
2678 4877 2758 4939 εἰς
2808 4873 3191 4945 βουλευτήριον
3226 4869 3362 4941 μετὰ
3390 4868 3489 4938 τῆς
3518 4863 3713 4922 οὐσίας,

2232 4971 2435 5037 ἄπορος
2462 4965 2536 5020 ὢν
2568 4969 2647 5029 εἰς
2684 4963 3022 5034 ταξεωτικὴν
3053 4961 3460 5032 καταχθήσεται
3488 4956 3652 5025 τύχην
3675 4968 3687 4980 ’
3706 4942 3786 4998 καὶ

2232 5063 2334 5133 ήβ⁹
2373 5061 2513 5115 διάτ.
2548 5059 2642 5112 τοῦ
2669 5058 2836 5112 αὑτοῦ
2875 5058 2978 5111 τίτ.
3011 5058 3170 5127 φησι,
3217 5054 3407 5124 μηδεὶς
3460 5051 3552 5104 τὸν
3603 5043 3778 5133 οἰκεῖον

2233 5129 2431 5224 κλῆρον
2458 5152 2583 5218 ἐῶν,
2615 5152 2848 5220 γινέσθω
2872 5149 3156 5220 κοσμικὸς,
3199 5145 3320 5199 ἐπεὶ
3340 5144 3436 5198 καὶ
3455 5143 3552 5214 τῆς
3573 5140 3642 5200 ὡς
3657 5129 3780 5224 εἰκὸς

2232 5219 2546 5319 πρδξούσης
2598 5245 2748 5317 αὐτῷ
2781 5243 2939 5310 ἀξίας
3038 5241 3331 5312 στρατείας
3361 5237 3650 5306 στερεῖται,
3675 5219 3780 5323 Antei

2231 5345 2296 5413 τῇ
2331 5340 2493 5411 βουλῇ
2527 5339 2626 5409 τῆς
2654 5338 2788 5400 ἱδέοις
2815 5336 3022 5397 πόλεως
3043 5333 3356 5388 ἀποδίδοται
3389 5346 3402 5360 ·
3434 5329 3531 5382 καὶ
3559 5328 3646 5379 ἐὰν
3671 5319 3777 5413 δοῦ*

2230 5409 2552 5496 λοςήείδότος
2580 5431 2676 5486 καὶ
2733 5427 2808 5499 μὴ
2843 5426 3220 5495 ἀντιλέγοντος
3252 5422 3345 5476 τοῦ
3381 5420 3634 5475 δεσπότου
3669 5409 3779 5499 κλητ

2232 5525 2403 5596 ρωθῇ,
2435 5496 2856 5592 ὲλεύθεροςνκαὶ
2894 5519 3122 5588 εὐγενὴς
3171 5517 3379 5586 γίνεται
3410 5530 3424 5545 ·
3457 5508 3655 5580 ἀγνοῶν
3683 5496 3776 5596 ξὲό

2230 5591 2530 5686 Δεσπότης,
2589 5591 2721 5666 sieo)
2775 5611 2894 5674 ἑνὸς
2941 5607 3191 5663 ἐνιαυτοῦ
3234 5607 3334 5678 τὴν
3380 5604 3550 5674 τύχην
3582 5591 3771 5652 ἀποδει-

2229 5711 2383 5773 κνὺς,
2416 5706 2684 5776 λαμϐάνει
2719 5703 2884 5757 αὐτόν
2913 5718 2926 5731 ·
2960 5703 2988 5755 ὁ
3023 5701 3082 5754 δὲ
3111 5698 3283 5762 οὕτως
3330 5690 3768 5775 ὲλευθερούμενοξι

2231 5805 2324 5856 ἐὰν
2385 5802 2463 5864 εἰς
2511 5796 2774 5869 κοσμικὴν
2835 5795 2950 5866 βίον
3005 5790 3276 5865 μετέλθοι,
3321 5785 3658 5860 παραδίδοται
3705 5782 3769 5833 τερ
