4156 6434
304 392 414 456 793

918 386 1318 451 SYNTAGMA
1357 383 1746 450 CANONUM.
1775 411 1847 422 -
1867 384 2016 446 ΤΙΤ.
2048 383 2168 459 IX,
2201 381 2362 444 CAP.
2394 381 2885 443 XXXII-XXXV.

3485 355 3590 448 τοι

306 499 546 571 δεσπότῃ
573 496 736 552 αὑτοῦ
769 499 849 562 είς
873 497 1116 551 δουλείαν
1150 513 1166 529 ⁶
1212 499 1308 552 καὶ
1336 499 1418 552 ὅτι
1446 499 1474 551 ό
1500 496 1588 551 διὰ
1650 495 1746 550 τοῦ
1800 513 1886 563 μο-

1999 490 2288 544 nachatinn
2341 489 2478 543 liber
2515 488 2694 544 factus
2742 498 2847 554 est,
2885 489 3196 546 mundanus
3244 490 3362 557 fiat,
3398 505 3494 549 aut
3532 499 3586 550 in

305 595 473 651 νάσαι
530 593 939 663 ἐλευθερωθεὶς,
989 593 1086 646 ἐὰν
1132 593 1398 664 κοσμικδς
1451 592 1699 663 γένηται,
1746 591 1780 661 ἢ
1834 593 1891 644 ἐν

306 691 504 760 ἀγροῖς
534 686 917 758 περιέρχηται,
940 685 1252 738 ἀποδίδοται
1293 687 1360 755 τῇ
1420 684 1526 754 ἰδίᾳ
1563 683 1704 755 τύχῃ
1735 700 1748 714 ·
1798 683 1893 736 καὶ

307 783 344 852 ἡ
373 779 440 848 ιγ’
468 779 562 831 τοῦ
608 777 776 831 αὑτοῦ
829 775 936 830 τίτ.
993 775 1132 830 διάτ.
1200 778 1385 846 φησὶν,
1418 777 1498 830 ὅτι
1525 776 1709 840 δοῦλος
1751 777 1892 829 κατὰ

306 871 414 942 τὴν
435 871 490 922 ἐν
520 867 669 938 αύτῷ
702 867 1090 938 παρατήρησιν
1121 868 1382 937 μονάσας,
1410 866 1512 920 ἐὰν
1547 867 1782 938 πειραθῇ
1832 867 1892 920 τὸ

310 965 673 1035 μοναστήριον
701 961 1006 1024 ἀπολιπεῖν,
1047 959 1141 1013 καὶ
1186 958 1300 1030 βίου
1321 961 1508 1029 ἐτέρου
1539 959 1725 1030 σχῆμα
1758 976 1891 1028 μετ-

307 1055 508 1116 ελθεῖν,
560 1053 764 1119 ἔξεστι
798 1052 877 1121 τῷ
925 1052 1039 1122 ἰδίῳ
1067 1052 1302 1123 δεσπότῃ
1332 1050 1432 1122 τὴν
1473 1051 1642 1122 τύχην
1674 1051 1893 1105 ἀποδει-

310 1143 524 1209 κνύντι,
560 1142 738 1195 ἕλκειν
767 1141 929 1195 αὑτὸν
959 1143 1054 1195 καὶ
1078 1144 1157 1205 εἰς
1180 1141 1402 1203 οἰκέτας
1433 1142 1667 1211 ὑπάγειν
1698 1159 1713 1174 ο
1743 1143 1890 1212 λέγει

305 1238 368 1290 δὲ
425 1236 576 1305 καὶὴ
611 1234 654 1304 β’
680 1234 818 1287 διάτ.
853 1230 949 1286 τοῦ
1005 1239 1053 1287 α’
1082 1235 1189 1286 τίτ.
1243 1231 1354 1286 τῶν
1383 1232 1634 1303 Νεαρῶν,
1671 1235 1753 1288 ὅτι
1796 1235 1892 1287 ἐὰν

309 1327 546 1400 μοναχὸς
588 1326 818 1396 γένηται
864 1324 1069 1390 λαῖκδς,
1108 1326 1410 1395 γυμνοῦται
1445 1328 1546 1395 τῆς
1600 1325 1892 1396 στρατείας

306 1421 406 1474 καὶ
460 1421 558 1490 τῆς
623 1419 814 1489 τιμῆς,
869 1418 962 1471 καὶ
1013 1417 1099 1471 διὰ
1124 1417 1218 1470 τοῦ
1279 1418 1603 1482 ἐπισκόπου,
1647 1417 1766 1488 μεθ’
1816 1410 1892 1471 ὧν

307 1513 675 1581 ἐπεκτήσατο,
706 1511 786 1572 εἰς
819 1510 1186 1580 μοναστήριον
1222 1508 1508 1578 βάλλεταιο
1551 1509 1602 1561 εί
1639 1509 1697 1562 δὲ
1727 1508 1891 1562 πάλιν

306 1602 599 1656 καταλίποι
625 1602 686 1655 τὸ
719 1601 1107 1672 μοναστήριον,
1148 1604 1176 1653 ὁ
1225 1600 1411 1671 ἅρχων
1465 1601 1564 1670 τῆς
1619 1602 1892 1672 ἐπαρχίας

305 1696 368 1746 ἐν
459 1692 785 1765 συνελήφθη,
823 1693 933 1746 ἑνοῖ
959 1692 1121 1745 αὑτὸν
1140 1693 1204 1762 τῇ
1237 1693 1517 1762 ἐπιχωρίῳ
1537 1690 1710 1756 τάξει.

381 1787 630 1840 ΚΕΦΑΛ.
697 1783 815 1838 AI".
850 1815 922 1828 η-
987 1785 1128 1853 Περὶ
1184 1783 1302 1837 τῶν
1358 1785 1893 1855 συνεπισταμένων

303 1876 715 1947 ἁμαρτάνουσι
750 1875 1078 1943 κληρικοῖς,
1119 1876 1218 1929 καὶ
1263 1875 1343 1945 μὴ
1377 1879 1816 1944 φανερούντων.

756 1969 1008 2022 Βασιλεί
1011 1986 1082 2021 ου
1108 1969 1313 2022 κανὼν
1340 1967 1439 2022 οα’.

373 2059 473 2116 οα⁸.
518 2061 576 2116 Ὀ
633 2061 987 2130 συνεγνωκὼς
1041 2063 1256 2130 ἑκάστῳ
1319 2061 1428 2114 τῶν
1473 2065 1890 2133 προειρημένων

303 2153 744 2224 ἁμαρτημάτων,
765 2152 860 2205 καὶ
878 2153 950 2222 μὴ
967 2153 1326 2223 ὁμολογήσας,
1345 2153 1459 2206 ἀλλ’
1483 2153 1779 2226 ἐλεγχθεὶς,
1794 2156 1888 2210 τοῦ

301 2244 560 2297 τοσούτου
585 2244 778 2314 χρόνου
805 2246 887 2308 εἰς
918 2243 977 2296 ὃν
1003 2247 1030 2298 ὁ
1057 2246 1296 2315 ἐργάτης
1359 2247 1469 2300 τῶν
1496 2246 1683 2301 κακῶν
1709 2249 1892 2301 ἐπιτε-

218 2348 222 2349 ’
301 2337 552 2406 τίμηται,
589 2337 681 2390 καὶ
713 2337 876 2401 αὐτὸς
908 2337 1061 2391 ἔσται
1095 2338 1154 2390 ἐν
1179 2339 1461 2409 ἐπιτιμίῳ.

376 2430 514 2500 Περὶ
541 2431 650 2484 τῶν
685 2430 1095 2501 ὑποδεχομένων
1139 2433 1171 2502 ἢ
1207 2433 1556 2502 κρυπτόντων
1589 2431 1815 2507 λῃστὰς,
1850 2434 1883 2506 ἢ

298 2523 613 2594 δυναμένων
630 2525 721 2576 καὶ
742 2525 815 2594 μὴ
835 2525 1258 2595 παραδιδόντων,
1280 2526 1311 2596 ἢ
1327 2527 1533 2597 ἑτέροις
1548 2529 1886 2600 ἐγκλήμασιν

299 2616 698 2686 ὑποκειμένων,
726 2617 1080 2686 διαλαμϐάνει
1111 2619 1138 2670 ὁ
1173 2618 1373 2672 λθ¹τίτ.
1408 2619 1502 2672 τοῦ
1531 2620 1574 2673 θ’
1611 2619 1752 2690 βιϐλ.
1789 2623 1883 2676 τοῦ

297 2710 430 2764 κώδ.
448 2711 539 2764 καὶ
554 2713 581 2765 ό
602 2713 792 2775 ις’τίτ.
817 2711 908 2764 τοῦ
930 2712 1015 2782 μζ¹
1032 2712 1172 2782 βιδλ.
1198 2714 1306 2767 τῶν
1323 2717 1443 2782 Διγ.
1466 2715 1541 2783 πῆ
1563 2716 1661 2785 μὲν
1687 2717 1885 2780 αὐτοὺς

299 2802 696 2872 ὑποβάλλοντες
721 2807 840 2867 ταῖς
871 2807 990 2858 κατ’
1036 2805 1264 2859 ἐκείνων
1307 2805 1678 2876 ἁρμοζούσαις
1705 2825 1882 2878 τιμω-

302 2894 470 2962 ρίαις,
503 2895 578 2964 πῆ
615 2894 670 2947 δὲ
695 2895 988 2966 διαφόρους
1014 2897 1204 2960 ποινὰς
1233 2898 1533 2964 ἐπάγοντες
1556 2913 1572 2929 ο
1625 2899 1720 2950 καὶ
1763 2899 1882 2961 πῶς

296 2985 658 3038 ἀποσπῶνται
713 2987 762 3039 οί
801 2987 1094 3041 ὑπεύθυνοι
1138 2988 1421 3055 διάγοντες
1467 2991 1524 3041 ἐν
1555 2988 1780 3058 χωρίοις
1817 2992 1882 3044 ’ὀ

294 3078 355 3130 δὲ
390 3079 624 3147 συγγενῆ
657 3077 690 3149 ἢ
726 3079 990 3149 ἀγχιστέα
1019 3081 1226 3151 λῃστὴν
1283 3080 1525 3150 φυλάξας
1558 3083 1654 3134 καὶ
1679 3081 1880 3135 διασώ-

2003 581 2321 636 civitatibus
2363 581 2444 634 vel
2481 581 2533 633 in
2569 581 2719 650 agris
2768 581 3147 647 circumerret,
3198 598 3310 637 sua:
3353 584 3587 640 fortuna:

1999 673 2330 728 restituitur.
2384 673 2450 726 Et
2477 681 2656 728 const.
2686 675 2774 738 15,
2810 674 3055 744 ejusdem
3091 675 3174 728 tit.
3209 676 3285 728 ait
3318 695 3330 730 :
3367 675 3423 729 Si
3477 693 3590 730 ser-

2005 779 2104 818 vus
2132 765 2432 819 secundum
2454 765 2892 819 observationem
2924 765 2979 819 in
3015 766 3104 819 illa
3134 766 3438 838 [traditam]
3471 784 3588 823 mo-

1995 856 2204 911 nachus
2236 856 2436 922 factus,
2481 858 2880 911 monasterium
2933 858 3267 928 relinquere,
3317 861 3588 931 aliamque

1994 950 2118 1005 vitae
2159 952 2422 1006 rationem
2455 950 2652 1006 sectari
2703 952 2992 1008 tentaverit
3026 971 3040 1010 :
3073 955 3234 1025 315
3276 955 3460 1011 licebit
3487 958 3588 1011 do-

1996 1043 2170 1108 mino,
2203 1055 2559 1113 posteaquam
2590 1043 2865 1100 fortunam
2894 1048 3284 1115 comprobarit,
3319 1058 3379 1102 ut
3403 1050 3582 1118 ipsum

1995 1138 2196 1200 trahat,
2220 1145 2274 1190 et
2305 1136 2446 1191 inter
2466 1151 2653 1192 servos
2680 1137 2953 1205 subjiciat.
2976 1136 3080 1191 Sed
3109 1148 3162 1192 et
3183 1149 3355 1194 const.
3384 1157 3423 1207 ι,
3451 1141 3538 1193 tit.
3568 1159 3584 1196 ι

2000 1226 2348 1281 Novellarnm
2391 1226 2524 1281 dicit
2555 1246 2568 1282 :
2603 1226 2658 1281 Si
2703 1229 3010 1282 monachus
3049 1229 3222 1285 laicus
3256 1229 3433 1287 factus
3461 1232 3581 1285 fue-

1998 1317 2096 1383 rit,
2120 1318 2430 1373 dcnudatur
2454 1317 2650 1372 militia
2681 1337 2695 1372 :
2727 1327 2781 1373 et
2810 1336 2935 1374 cum
2962 1321 3028 1376 iis
3052 1337 3172 1390 quae
3201 1322 3578 1391 acquisiverit,

1994 1423 2089 1477 per
2116 1408 2433 1478 episcopum
2460 1409 2514 1462 in
2541 1412 2934 1466 monasterium
2964 1413 3220 1467 mittitur.
3244 1414 3452 1469 Praeses
3481 1430 3580 1469 au-

1993 1509 2102 1554 tem
2139 1501 2436 1570 provinciae
2460 1502 2516 1556 in
2549 1517 2654 1572 qua
2679 1505 3107 1572 comprehensus
3138 1502 3328 1572 fuerit,
3365 1506 3566 1578 adjun-

1995 1594 2071 1662 git
2100 1593 2277 1664 ipsum
2315 1594 2642 1664 provinciali
2671 1595 2908 1651 cohorti.

2064 1783 2214 1839 CAP.
2239 1783 2482 1838 XXXIII.
2511 1815 2584 1825 —
2605 1783 2680 1840 De
2705 1785 2930 1839 consciis
2954 1785 3210 1840 scelerum
3231 1784 3573 1849 clericorum,

1994 1892 2155 1946 neque
2182 1877 2559 1932 revolantibus.

2506 1969 2701 2023 Basilii
2751 1984 2921 2022 canon
2961 1967 3051 2022 7|.

2064 2060 2151 2116 7i.
2193 2060 2296 2128 Qui
2331 2059 2770 2128 uniuscujusque
2799 2059 3185 2129 praedictorum
3223 2066 3574 2128 peccatorum

1991 2155 2243 2209 conscius
2269 2163 2372 2216 est,
2405 2168 2503 2207 nec
2522 2150 2830 2217 confessus,
2850 2150 2944 2205 sed
2975 2150 3260 2206 convictus
3291 2159 3398 2215 est,
3423 2161 3576 2206 tanto

1973 2233 2252 2312 tempore,
2288 2250 2494 2311 quanto
2527 2243 2799 2296 malorum
2833 2250 3027 2295 auctor
3058 2241 3286 2310 punitus
3318 2249 3426 2306 est,
3457 2241 3578 2312 ipsc

1989 2349 2211 2404 quoque
2242 2334 2522 2404 punietur.

2054 2426 2270 2482 Toxlus.
2305 2427 2379 2480 De
2411 2428 2479 2481 iis
2506 2427 2597 2496 qui
2627 2425 2798 2492 fures,
2823 2424 3015 2480 aliisve
3044 2425 3373 2479 criminibus
3395 2425 3572 2478 obno-

1990 2521 2135 2584 xios,
2174 2529 2269 2574 aut
2299 2519 2590 2590 recipiunt,
2624 2528 2720 2574 aut
2745 2518 3048 2582 occultant,
3086 2527 3178 2571 ant
3199 2533 3322 2572 cum
3349 2527 3578 2587 possunt

1990 2630 2095 2669 non
2125 2616 2366 2682 tradunt,
2403 2623 2640 2669 tractant
2671 2615 2753 2668 tit.
2788 2614 2875 2676 59,
2912 2613 3006 2666 lib.
3040 2628 3089 2665 ix
3135 2612 3259 2665 cod.
3294 2620 3349 2666 et
3375 2612 3456 2666 tit.
3485 2611 3572 2674 16,

1987 2705 2081 2760 lib.
2113 2720 2255 2758 XLVI!
2284 2704 2488 2774 Digest.
2533 2704 2645 2774 jam
2684 2704 2832 2774 ipsos
2855 2702 3034 2771 poenis
3062 2716 3185 2770 quae
3217 2712 3405 2755 contra
3453 2701 3575 2755 illos

1985 2803 2326 2864 competunt,
2365 2795 2723 2866 subjicientes
2759 2795 2910 2864 :jam
2961 2794 3208 2848 diversas
3255 2807 3444 2861 poenas
3488 2793 3573 2844 in.-

1987 2886 2244 2941 fercntcs.
2281 2885 2432 2958 [Qui]
2470 2887 2633 2941 etiam
2689 2883 3001 2955 [tractant],
3053 2883 3329 2954 quomodo
3369 2882 3447 2936 rei
3478 2883 3571 2951 qui

1985 2980 2038 3033 in
2068 2983 2216 3049 agris
2247 2981 2465 3050 degunt,
2513 2978 2926 3033 abstrahamur.
2964 2975 3069 3041 Qui
3116 2992 3246 3031 vero
3301 2977 3570 3029 latronem

1984 3075 2280 3136 cognatum
2322 3082 2417 3121 aut
2467 3066 2833 3136 propinquum
2874 3063 3115 3118 custodit
3165 3073 3219 3116 et
3263 3069 3573 3123 conservat,

299 3185 420 3232 σας,
448 3170 628 3237 μέσως
659 3185 774 3232 πως
803 3171 1150 3240 τιμωρεῖται,
1177 3169 1252 3233 ὡς
1304 3171 1411 3239 δίγ.
1455 3169 1500 3241 β’
1527 3171 1622 3224 τοῦ
1653 3179 1728 3235 ις’
1767 3173 1872 3227 τίτ.

1990 3159 2160 3212 medio
2193 3160 2428 3228 quodam
2482 3159 2647 3213 modo
2695 3158 2920 3229 punitur
2954 3172 2966 3210 :
2999 3163 3059 3208 ut.
3089 3154 3202 3225 dig.
3257 3156 3311 3219 2,
3345 3154 3475 3209 dicti
3511 3155 3576 3206 16

293 3257 394 3309 τοῦ
417 3259 709 3328 εἰρημένου
739 3258 830 3311 τοῦ
865 3260 952 3328 μζ²
984 3257 1127 3328 βιϐλ.

370 3367 621 3419 ΚΕΦΔΛ.
656 3364 777 3420 AA'.
809 3397 876 3407 -—
911 3369 1053 3436 Περὶ
1108 3367 1216 3423 τοῦ
1279 3368 1689 3438 καθαιρεῖσθαι
1739 3370 1882 3438 τοὺς

293 3457 623 3526 κνῖηρικοὺς
656 3457 936 3524 διδόντας
973 3459 1214 3528 ἐγγύας.

734 3550 954 3606 Ἀποστ
963 3551 1120 3606 ὅλων
1139 3551 1341 3606 κανὼν
1388 3557 1456 3607 κ’.

364 3641 434 3698 κ’.
459 3643 740 3716 Κληρικδς
764 3645 971 3712 ἐγγύας
1003 3644 1203 3708 διδοὺς,
1239 3645 1631 3710 καθαιρείσθω.

374 3734 438 3788 Ἦ
470 3742 546 3788 κε’
579 3735 674 3788 καὶ
715 3734 850 3805 ἡλβ¹
887 3733 1027 3789 διάτ.
1055 3734 1149 3788 τοῦ
1177 3741 1228 3803 γ’
1255 3734 1361 3788 τίτ.
1391 3735 1485 3788 τοῦ
1533 3741 1582 3789 α’
1619 3736 1761 3804 βιδλ.
1786 3734 1879 3790 τοῦ

294 3827 445 3882 Κὼδ.
496 3825 718 3896 λέγουσι
747 3826 872 3889 τοὺς
904 3827 1202 3896 κληρικοὺς
1253 3827 1644 3896 δικαζομένους
1680 3829 1881 3883 διδόναι

290 3921 503 3989 ἐγγύας
539 3935 555 3952 ο
589 3923 616 3991 ἡ
646 3919 702 3972 δὲ
739 3919 782 3989 β’
805 3919 948 3972 διάτ.
973 3920 1066 3985 τοῦ
1100 3920 1145 3972 α’
1176 3919 1281 3976 τίτ.
1313 3920 1422 3973 τῶν
1454 3921 1684 3991 Νεαρῶν
1711 3922 1877 3990 λέγει,

288 4016 426 4076 τοὺς
459 4013 558 4084 μὲν
606 4013 904 4081 κληρικοὺς
948 4012 1364 4083 δικαζομένους,
1415 4013 1489 4084 μὴ
1548 4014 1750 4068 διδόναι
1784 4019 1878 4083 ἐγ-

291 4106 527 4176 γυητὴν,
563 4104 678 4157 ἀλλ’
704 4103 996 4174 ὁμολογίαν
1030 4105 1366 4172 ἐνυπόθηκον
1393 4105 1565 4155 ποιεῖν
1620 4103 1748 4156 ἄνευ
1786 4104 1880 4174 ὅρδ

291 4217 396 4252 κου
428 4213 443 4227 ⁶
473 4197 599 4260 τοὺς
627 4196 684 4250 δέ
708 4195 1039 4258 ἐπισκόπους
1061 4193 1473 4265 δικαζομένους,
1508 4195 1647 4266 μήτε
1667 4195 1876 4266 ἐγγύας

289 4289 514 4354 διδόναι,
542 4289 681 4360 μήτε
715 4293 888 4344 ποιεῖν
908 4289 1223 4360 ὁμολογίαν.

365 4403 622 4459 ΚΕΦΑΛ.
673 4403 799 4458 AE'.
831 4433 901 4445 —
929 4402 1072 4471 Περὶ
1096 4401 1405 4470 κληρικῶν
1430 4399 1760 4456 ἐσθιόντων
1810 4401 1882 4454 ἐν

289 4497 607 4566 καπηλείῳ
633 4496 671 4567 ἢ
691 4497 1050 4564 πανδοκείῳ.

733 4590 1120 4644 Ἀποστόλων
1142 4587 1343 4642 κανὼν
1357 4586 1447 4640 νέ’.

367 4679 460 4738 νδ’.
493 4683 557 4736 Εἴ
580 4701 664 4747 τις
681 4683 941 4755 κληρικὸς
961 4684 1017 4734 ἐν
1043 4680 1326 4752 καπηλείῳ
1360 4679 1639 4750 φωραθείη
1660 4679 1880 4746 ἐσθίων,

289 4796 347 4832 κ.
385 4794 438 4830 τ.
466 4777 519 4833 λ.

560 4886 831 4941 Συνόδου
862 4887 1212 4953 Λαοδικείας
1234 4885 1437 4940 κανὼν
1465 4887 1565 4941 κδ’.

366 4979 467 5034 κδ’.
505 4980 627 5034 ’Ὁτι
652 4981 713 5034 οὑ
733 4981 815 5033 δεῖ
860 4980 1169 5052 ίερατικοὺς
1203 4979 1313 5033 ἀπὸ
1341 4981 1733 5052 πρεσϐυτέρων
1770 4979 1876 5046 ἕως

285 5070 578 5135 διακόνων,
605 5073 699 5125 καὶ
733 5070 881 5141 ἐξῆς.

565 5185 836 5241 Συνόδου
865 5186 1288 5256 Καρθαγέννης
1321 5185 1523 5240 κανὼν
1554 5194 1629 5257 μ’.

363 5278 501 5346 Περὶ
532 5277 641 5332 τοῦ
664 5278 752 5348 μὴ
789 5279 1241 5346 καπηλεύεσθαι
1283 5278 1422 5346 τοὺς
1448 5278 1796 5347 κληρικοὺς,
1828 5281 1880 5333 εὶ

283 5369 377 5441 μὴ
412 5369 943 5439 ἐπιξενουμένους.

367 5458 440 5532 μ’.
469 5461 635 5514 Ὥστε
664 5461 792 5524 τοὺς
820 5461 1117 5533 κληρικοὺς
1138 5463 1301 5533 χάριν
1333 5461 1428 5517 τοῦ
1449 5463 1683 5537 τρώγειν
1708 5463 1740 5535 ἢ
1781 5464 1874 5518 πί-

288 5570 428 5616 νειν,
471 5553 545 5624 μὴ
587 5552 814 5606 εἰσιέναι
866 5555 946 5618 εἰς
981 5554 1277 5626 καπηλεῖα,
1305 5555 1354 5609 εί
1387 5557 1461 5627 μή
1487 5557 1538 5627 γ’
1585 5556 1651 5611 ἂν
1701 5556 1883 5622 ξενίας

287 5648 504 5721 ἀνάγκη
531 5647 995 5720 συνωθουμένους.

367 5831 410 5866 ⁸⁸
450 5829 621 5889 Cone.
645 5827 819 5886 Afric.
852 5844 902 5886 c.
934 5830 987 5884 7.

1987 3250 2067 3304 tit.
2103 3251 2196 3306 lib.
2228 3267 2373 3305 mn
2395 3249 2623 3324 [ἀπα]

2053 3361 2206 3419 CAP.
2234 3363 2479 3417 XXXIV.
2508 3394 2580 3404 —
2623 3361 2690 3418 Ut
2726 3365 3059 3434 deponantur
3096 3361 3276 3418 clerici
3314 3360 3405 3430 qui
3429 3359 3576 3427 {idei-

1976 3455 2242 3526 jussiones
2274 3455 2549 3509 dederunt.

2409 3545 2786 3616 Apostolorum
2822 3563 2991 3600 canon
3020 3546 3114 3598 ‘20.

2059 3637 2129 3692 20
2153 3636 2294 3710 [19].
2321 3637 2567 3693 Clericus
2595 3636 2892 3705 [idejubens
2917 3637 3250 3707 deponatur.

2055 3749 2218 3822 316
2238 3753 2448 3804 Toxlus.
2475 3751 2667 3806 Const.
2687 3752 2758 3805 25‘
2776 3760 2830 3806 et
2846 3751 2938 3817 '52,
2956 3751 3038 3806 tit.
3059 3753 3114 3817 '5,
3129 3751 3223 3805 lib.
3244 3749 3397 3805 tcod.
3415 3748 3577 3802 cleri-

1983 3858 2078 3900 cos
2097 3843 2370 3912 litigantes
2395 3843 2781 3912 ﬁdejussiones
2798 3845 2930 3898 dare
2949 3843 3158 3898 dicunt.
3181 3843 3246 3896 Et
3275 3842 3498 3897 constit.
3517 3839 3575 3900 2,

1985 3937 2067 3990 tit.
2100 3953 2116 3991 ι
2155 3935 2528 3999 Novellarnin.
2578 3936 2807 3992 clericos
2855 3936 3130 4006 litigantes
3198 3934 3576 4003 fidejussorem

1984 4045 2094 4084 non
2133 4030 2288 4090 dare,
2326 4030 2418 4083 sed
2455 4028 2859 4085 confessionem
2883 4029 3302 4098 pignoraticiam
3331 4029 3450 4082 sine
3487 4025 3577 4095 ju-

1987 4130 2239 4176 ramcnto
2271 4120 2452 4175 facere
2491 4140 2504 4176 :
2543 4123 2834 4192 episcopos
2855 4131 3037 4176 autem
3090 4121 3370 4190 litigantes
3397 4132 3576 4186 neque

1985 4213 2366 4282 tidejussiones
2432 4214 2610 4280 dare,
2680 4215 2858 4284 neque
2908 4213 3317 4270 confessionem
3395 4211 3576 4263 facere

1982 4306 2137 4359 dicit.

2053 4412 2212 4470 CAP.
2241 4411 2464 4469 XXXV.
2501 4442 2570 4455 —-
2601 4414 2677 4470 De
2699 4415 2908 4469 clericis
2937 4417 2990 4469 in
3017 4415 3211 4485 popina
3240 4413 3318 4468 vel
3337 4414 3571 4466 diverso-

1905 4526 1957 4585 ι)
1983 4507 2062 4561 rio
2095 4504 2442 4561 vescentibus.

2413 4599 2791 4670 Apostolorum
2821 4614 2991 4653 canon
3017 4599 3108 4653 54.

2054 4691 2266 4765 54[55].
2286 4694 2342 4749 Si
2363 4694 2488 4765 quis
2512 4692 2742 4748 clericus
2771 4693 2826 4747 in
2852 4707 3096 4763 caupona
3130 4689 3444 4752 comedens,
3464 4698 3570 4744 etc.

1980 4793 2037 4838 ut
2074 4801 2196 4856 pag.
2225 4787 2352 4842 858.

2338 4899 2565 4957 Concilii
2608 4898 2899 4954 Laodiceni
2924 4915 3095 4952 canon
3126 4897 3219 4952 24.

2043 4991 2135 5046 24.
2165 4990 2322 5059 Quod
2351 5009 2458 5046 non
2483 5001 2697 5062 oportet
2717 5000 2961 5046 sacratos
2983 5006 3012 5044 a
3035 4988 3369 5061 presbyteris
3395 5005 3574 5059 usque

1978 5085 2046 5139 ad
2079 5083 2360 5150 diaconos,
2391 5092 2498 5139 etc.
2532 5093 2587 5137 ιιι
2616 5100 2740 5153 pag.
2773 5083 2899 5137 555.

2265 5197 2494 5253 Concilii
2526 5195 2959 5263 Carthaginensis
2987 5211 3153 5248 canon
3182 5193 3273 5249 40.

2059 5287 2126 5343 Ut
2156 5289 2336 5343 clerici
2403 5288 2673 5352 tabernas,
2705 5287 2812 5340 nisi
2841 5288 2896 5340 in
2924 5287 3237 5357 peregrinis,
3270 5301 3374 5339 non
3399 5284 3572 5356 ingre-

1981 5381 2224 5435 diantur.

2053 5472 2144 5528 40.
2185 5471 2258 5527 Ut
2309 5470 2495 5526 clerici
2549 5468 2748 5524 edendi
2803 5469 2884 5523 vel
2918 5467 3138 5523 bibendi
3171 5466 3218 5500 “
3265 5481 3426 5521 causa
3485 5474 3566 5519 ta-

1987 5563 2188 5618 bernas
2224 5576 2330 5617 non
2381 5562 2778 5632 ingrediantur,
2823 5558 2928 5614 nisi
2981 5557 3438 5629 peregrinationis
3469 5571 3567 5610 ne-

1990 5655 2245 5712 cessitate
2278 5655 2547 5726 compulsi
2577 5652 2703 5726 [ms.
2743 5651 2996 5722 compulsi
3023 5649 3190 5722 sunt].
