4156 6474
590 390 698 454 795

922 503 1151 560 Concilii
1186 502 1493 557 aecumenici
1516 517 1566 555 vt
1596 517 1762 554 canon
1806 502 1860 554 9.

664 597 717 650 9.
756 594 900 649 Nulli
927 596 1091 649 licere
1110 593 1309 648 clerico
1342 591 1725 660 cauponariam
1761 590 1961 644 habere
1997 589 2183 643 taber-

597 704 747 751 nam,
770 698 901 749 etc.,
935 696 993 740 ut
1023 703 1146 755 pag.
1182 684 1304 744 750.

673 779 890 832 Textus.
943 778 1133 831 Const.
1185 778 1273 841 Μ,
1308 776 1444 829 tit.I
1493 774 1840 828 Novellarum
1890 773 1985 837 ait,
2037 774 2184 843 quod

600 871 932 925 monachum
1000 870 1054 922 in
1122 882 1367 937 caupona
1439 877 1853 919 conversantem
1927 868 2181 937 castigati

601 968 871 1031 oporteat,
905 960 957 1013 in
995 959 1294 1029 provinciis
1324 958 1540 1026 quidem
1566 973 1594 1010 a
1616 958 1897 1011 civitatum
1933 957 2187 1011 defenso-

598 1056 778 1120 ribus,
813 1051 1288 1119 Constantinopoli
1327 1064 1456 1103 vero
1490 1065 1517 1102 a
1562 1048 1941 1119 praetoriorum
1996 1047 2186 1116 prafe-

601 1158 734 1200 cto:
772 1152 826 1199 et
873 1160 904 1197 a
950 1143 1112 1213 317
1146 1141 1609 1195 monasteriorum
1655 1140 1901 1194 antistite
1962 1140 2184 1209 expelli.

602 1235 784 1308 [Tunc
827 1236 991 1289 etiam
1028 1232 1195 1304 banc]
1252 1232 1425 1302 legem
1481 1232 1685 1300 ubique
1716 1232 1917 1293 valere,
1947 1246 2186 1300 eamque

605 1327 1002 1382 observandam
1032 1325 1320 1397 praefectos
1357 1336 1521 1393 atque
1550 1324 1812 1393 praesides
1850 1340 2043 1379 curare
2068 1323 2185 1395 [de-

601 1417 775 1491 bere]

673 1532 828 1587 CAP.
860 1530 1105 1586 XXXVI.
1134 1560 1205 1572 —
1239 1529 1315 1583 De
1337 1529 1541 1583 clericis
1567 1530 1961 1583 contumeliosis
2001 1531 2053 1583 in
2082 1530 2184 1581 im-

603 1635 919 1693 peratorem,
957 1632 1051 1676 aut
1089 1623 1419 1691 episcopum,
1478 1631 1571 1675 aut
1630 1624 2042 1692 magistratum,
2094 1634 2185 1677 aut

606 1716 994 1786 presbyterum.

895 1826 1265 1895 Apostolorum
1299 1841 1545 1888 canones,
1577 1825 1665 1889 55,
1702 1825 1789 1888 56,
1821 1826 1912 1880 84.

674 1921 744 1973 55
946 1919 1000 1973 Si
1028 1924 1152 1989 quis
1208 1921 1441 1973 clericus
1488 1919 1801 1988 episcopum
1855 1917 2186 1973 contumelia

1772 386 2038 447 PHOTII
2078 384 2581 446 PATRIARCIle
2606 384 2711 444 ΟΡ.

2208 502 2259 559 Α

3779 384 3880 447 7.16

2444 498 2717 552 Σονόδου
2746 499 3171 566 οὶκουμενικῆς
3197 497 3375 566 ἕκτης
3402 500 3621 554 κανὼν
3648 503 3717 556 θ’.

2350 590 2419 646 θ’.
2439 591 2645 661 Μηδενὶ
2678 590 2878 653 ἐξεῖναι
2911 588 3155 659 κληρικῷ
3198 591 3507 662 καπηλικὸν
3530 592 3683 663 ἔχειν
3714 596 3879 667 ἐργα-

2287 686 2525 751 στήριον,
2553 701 2606 736 κ.
2637 698 2687 737 τ.
2712 681 2761 737 λ.

2371 775 2436 826 Ἦ
2484 773 2541 825 ιδ’
2572 773 2712 825 διάτ.
2744 771 2839 826 τοῦ
2871 769 2916 824 α’
2949 770 3054 827 τίτ.
3112 771 3221 825 τῶν
3264 773 3499 844 Νεαρῶν
3548 781 3748 847 φησὶν,
3776 780 3876 844 ὅτι,

2288 864 2378 916 τὸν
2440 863 2675 933 μοναχὸν
2727 862 3203 930 ἀναστρεφόμενον
3248 864 3304 915 ὲν
3339 865 3640 936 καπηλείῳ
3666 867 3750 919 δεῖ
3776 887 3878 922 σω-

2287 954 2657 1024 φρονίζεσθαι,
2691 954 2750 1005 ὲν
2774 954 2873 1023 μὲν
2894 955 3010 1016 ταῖς
3038 956 3333 1023 ἐπαρχίαις
3401 960 3566 1027 παρὰ
3623 961 3737 1013 τῶν
3788 965 3877 1017 ὲκ-

2284 1045 2470 1109 δίκων,
2524 1046 2584 1096 ὲν
2624 1044 2683 1096 δὲ
2724 1044 3297 1099 Κωνσταντινουπόλει
3328 1050 3483 1121 παρὰ
3511 1051 3612 1102 τοῦ
3640 1051 3879 1123 ἐπάρχου

2283 1135 2393 1187 τῶν
2454 1136 2841 1206 πραιτωρίων,
2902 1137 3275 1208 ἐξωθούμενον
3320 1140 3427 1192 τῶν
3488 1146 3877 1214 μοναστηρίων

2288 1227 2439 1295 παρὰ
2478 1227 2588 1279 τῶν
2644 1226 2963 1296 ἡγουμένων
3003 1245 3017 1258 ⁸
3078 1232 3353 1300 πανταχοῦ
3391 1232 3449 1285 δὲ
3502 1237 3709 1304 κρατεῖ
3733 1239 3760 1287 ό
3792 1238 3877 1289 νό-

2288 1337 2388 1390 μος
2421 1335 2433 1349 ·
2471 1320 2567 1373 καὶ
2600 1320 2889 1389 προνοοῦσι
2934 1321 3034 1390 τῆς
3059 1321 3302 1393 φυλακῆς
3347 1324 3518 1377 αὑτοῦ
3552 1326 3606 1377 οἱ
3642 1325 3871 1398 ὕπαρχοι

2287 1412 2380 1466 καὶ
2410 1412 2459 1464 οἱ
2487 1413 2766 1483 ἄρχοντες.

2355 1526 2606 1581 ΚΕΦΑΛ.
2662 1528 2803 1594 ΔΕΓ.
2859 1558 2927 1569 --—
2960 1530 3098 1598 Περὶ
3168 1532 3473 1599 κληρικῶν
3525 1534 3877 1601 ὑϐριζόντων

2279 1616 2547 1679 βασιλέα
2575 1618 2613 1687 ἧ
2643 1618 3001 1685 ἐπίσκοπον,
3053 1622 3091 1691 ἢ
3150 1621 3432 1693 ἄρχοντα,
3472 1623 3514 1693 ἣ
3553 1628 3873 1694 πρεσϐύτε-

2277 1725 2415 1776 ρον.

2218 1844 2265 1902 Β

2587 1825 2967 1879 Ἀποστόλων
2998 1831 3199 1881 κανὼν
3220 1835 3312 1891 vs',
3344 1830 3456 1896 vg',
3487 1829 3598 1885 πεδ’.

2358 1914 2452 1969 νε¹.
2490 1915 2558 1969 El
2615 1935 2696 1981 τις
2726 1918 2983 1987 κληρικὸς
3015 1920 3227 1989 ὑϐρίσει
3249 1920 3339 1973 τὸν
3389 1921 3721 1981 ἐπίσκοπον,
3755 1922 3874 1974 καί)-

609 2010 869 2076 allecetit,
921 2012 1244 2081 deponatur.
1281 2010 1524 2089 Principi
1560 2012 1697 2064 enim
1734 2011 1916 2080 populi
1970 2012 2047 2064 tui
2083 2026 2186 2063 non

2296 2008 2548 2076 αιρείσθω
2574 2023 2586 2036 ·
2620 2009 2915 2077 Ἄρχοντα
2938 2009 3047 2079 γὰρ
3077 2011 3182 2065 τοῦ
3223 2011 3377 2066 λαοῦ
3421 2028 3548 2066 σου
3599 2016 3712 2066 οὐκ
3734 2014 3873 2083 ἐρεῖς

612 2101 915 2155 maledices.

682 2190 751 2244 56
779 2188 917 2261 [55].
966 2190 1020 2244 Si
1048 2191 1169 2260 quis
1198 2192 1431 2247 clericus
1474 2192 1857 2262 presbyterum
1884 2192 1969 2247 vel
2003 2192 2189 2246 iliaco-

611 2298 742 2336 1111111
774 2282 972 2352 injuria
997 2283 1258 2350 aﬂ‘cccrit,
1290 2294 1623 2354 segregetur.

677 2372 747 2428 8-5
773 2372 909 2445 [83].
945 2374 1206 2445 Quisquis
1229 2391 1433 2446 regem,
1474 2386 1577 2431 etc.
1608 2385 1664 2429 ut
1694 2391 1816 2446 pag.
1854 2375 1983 2431 739.

1016 2488 1091 2542 De
1115 2487 1306 2542 Pliotio
1344 2490 1533 2559 synodi
1565 2506 1734 2543 canon
1763 2492 1818 2544 '5.

683 2598 738 2654 3.
780 2598 836 2655 Si
882 2600 1007 2669 quis
1065 2600 1241 2655 laicus
1297 2602 1481 2657 divina
1542 2616 1606 2657 ac
1649 2604 1796 2671 regia
1842 2611 2197 2658 contemnens

613 2691 900 2758 mandata,
970 2693 1390 2764 tremendasque
1450 2695 1871 2750 constitutiones
1929 2708 1985 2750 et
2049 2696 2197 2767 leges

614 2781 875 2835 Ecclesire
932 2792 1311 2847 contemnens,
1363 2786 1584 2854 pr0pria
1644 2786 1974 2840 auctoritate
2028 2802 2198 2842 ausus

614 2874 781 2928 fuerit
821 2874 1138 2943 episcopum
1178 2877 1468 2930 verberare
1500 2877 1676 2931 autin
1704 2893 1982 2933 carcerem
2021 2881 2197 2949 conji-

616 2984 778 3036 cere,
816 2967 901 3023 vel
947 2971 1067 3024 sine
1116 2986 1324 3038 causa,
1362 2972 1444 3026 vel
1487 2972 1611 3027 ﬁcta
1656 2988 1856 3039 causa,
1907 2976 2198 3029 anathema

615 3072 733 3116 esto
745 3102 759 3117 .

690 3152 908 3209 Textus.
941 3152 1017 3209 De
1042 3152 1257 3209 clericis
1281 3156 1613 3211 contumelia
1635 3155 1992 3213 amcientibus
2019 3158 2197 3215 civilis
2226 3180 2271 3241 ο

620 3245 707 3301 lex
738 3247 1048 3315 specialiter
1076 3248 1208 3301 nihil
1234 3256 1462 3302 tractat.
1507 3248 1645 3303 Dicit
1680 3259 1863 3304 autem
1896 3251 1949 3305 in
1983 3250 2077 3305 lib.
2118 3268 2194 3315 rx,

622 3339 745 3393 cod.
781 3338 865 3392 tit.
898 3338 949 3402 7,
997 3340 1218 3395 constit.
1255 3355 1292 3405 I,
1338 3355 1510 3409 eaque
1564 3342 1750 3405 unica,
1787 3342 1936 3413 quod
1975 3343 2071 3413 qui
2099 3344 2201 3397 im-

622 3439 933 3499 peratorem
972 3431 1238 3486 conviciis
1282 3431 1590 3498 incesserit,
1647 3448 1754 3487 non
1789 3435 2066 3503 puniatur,
2102 3452 2200 3491 nc-

623 3540 731 3592 que
786 3523 988 3577 durum
1038 3524 1243 3593 aliquid
1304 3540 1405 3580 nec
1453 3541 1709 3596 asperum
1746 3528 2039 3585 sustineat.
2093 3530 2202 3583 Aut

620 3616 767 3668 cnim
822 3614 1047 3686 [inquit]
1088 3631 1153 3669 ex
1203 3614 1421 3670 levitate
1465 3616 1627 3679 dixit,
1684 3627 1739 3671 et
1781 3620 2198 3673 contemnitur:

628 3716 725 3760 aut
745 3722 811 3761 ex
842 3708 1076 3770 insania,
1102 3716 1156 3761 et
1198 3707 1550 3762 miseratione
1582 3709 1777 3779 dignus
1812 3710 2041 3764 habetur
2071 3728 2084 3763 :
2110 3719 2205 3765 aut

624 3807 886 3867 tanquam
938 3797 1195 3866 injuriam
1246 3813 1467 3868 passus,
1516 3807 1570 3853 et
1608 3800 1970 3854 condonatur.
2021 3800 2200 3874 [Eam]

626 3900 808 3944 autem
839 3888 1002 3960 [rem]
1045 3890 1113 3945 ad
1157 3890 1543 3959 imperatorem
1598 3890 1820 3958 referri,
1864 3906 2101 3957 eumque
2137 3909 2204 3947 ex

625 3979 887 4048 qualitate
921 3994 1168 4048 persona:
1192 3979 1465 4049 judicare,
1509 3981 1741 4034 veniane
1780 3980 2074 4050 dignanda,
2111 3993 2206 4036 aut

626 4083 757 4123 vero
803 4068 1073 4138 punienda
1127 4068 1217 4124 sit.
1262 4067 1401 4122 Nam
1435 4068 1637 4123 dicitur
1677 4071 1841 4125 etiam
1888 4070 1984 4124 lib.
2018 4086 2204 4139 vam,

628 4163 715 4215 tit.
745 4163 799 4227 4,
826 4162 1019 4231 digest.
1057 4162 1108 4227 ’1,
1134 4161 1346 4231 judices
1378 4161 1695 4233 principalis
1728 4160 2079 4235 [majestatis]
2122 4179 2205 4217 ve-

631 4255 912 4309 neratione
935 4256 1086 4309 abuti
1120 4271 1231 4310 non
1260 4255 1477 4319 debere,
1506 4256 1597 4310 sed
1619 4255 1904 4309 veritatem
1938 4266 2205 4324 spectare,

629 4363 699 4401 an
726 4345 1021 4418 [videlicet]
1049 4345 1215 4415 318
1234 4362 1468 4416 persona
1499 4344 1612 4417 [illa
1634 4344 1708 4417 id]
1748 4345 1927 4401 facere
1946 4349 2205 4415 potuerit,

628 4448 683 4496 et
731 4455 798 4493 an
832 4449 956 4494 ante
1002 4440 1215 4501 fecerit,
1272 4448 1325 4492 et
1359 4453 1427 4491 an
1470 4439 1823 4508 cogitaverit,
1868 4449 1922 4493 et
1956 4454 2025 4493 an
2063 4456 2209 4495 sanat

2289 2100 2508 2168 κακῶς.

2361 2191 2470 2255 νς·’.
2500 2193 2568 2247 Εἴ
2587 2211 2672 2257 τις
2698 2194 2955 2266 κληρικὺς
2986 2195 3196 2264 ὑϐρίσει
3231 2196 3612 2267 πρεσϐύτερον
3646 2199 3679 2269 ἢ
3711 2199 3873 2252 διάκο-

2292 2302 2403 2350 νον,
2436 2285 2802 2357 ἀφοριζέσθω.

2364 2376 2468 2433 πδ’.
2509 2379 2701 2441 Ὅστις
2733 2378 2943 2450 ὑϐρίσει
2977 2378 3221 2449 βασιλέα,
3254 2398 3309 2433 κ.
3349 2398 3401 2436 τ.
3424 2381 3479 2435 λ.

2537 2491 2653 2561 Τῆς
2689 2492 2790 2545 ἐπὶ
2820 2495 3019 2561 Φωτίῳ
3041 2494 3312 2548 συνόδου
3343 2496 3553 2549 κανὼν
3580 2504 3651 2566 γ’.

2354 2603 2425 2675 γ’.
2448 2604 2515 2659 El’
2544 2622 2630 2668 τις
2660 2604 2769 2659 τῶν
2791 2604 2996 2659 λαῖκῶν
3032 2607 3386 2677 αὐθεντήσας,
3414 2609 3515 2661 καὶ
3549 2610 3875 2679 καταφρονή·

2300 2716 2397 2761 σας
2420 2698 2516 2767 μὲν
2540 2696 2647 2749 τῶν
2677 2696 2837 2749 θείων
2856 2697 2949 2749 καὶ
2980 2696 3270 2767 βασιλικῶν
3299 2701 3763 2771 προσταγμάτων,
3788 2718 3874 2754 κα·

2297 2787 2606 2858 ταγελάσας
2654 2786 2847 2840 δὲκαὶ
2920 2788 3027 2840 τῶν
3090 2790 3334 2858 φρικτῶν
3390 2792 3496 2860 τῆς
3557 2791 3870 2860 Ἐκκλησίας

2300 2860 2518 2948 θεσμῶν
2553 2895 2614 2930 τε
2662 2878 2757 2930 καὶ
2803 2876 3004 2947 νόμιον,
3036 2878 3357 2949 τολμήσειεν
3403 2881 3711 2934 ἐπίσκοπόν
3762 2896 3872 2933 τινα

2299 2973 2487 3041 τύψαι,
2530 2970 2563 3041 ἢ
2601 2970 2985 3040 φυλακίσαι,ἥ
3038 2972 3207 3041 χωρὶς
3258 2971 3463 3039 αἰτίας,
3531 2973 3693 3043 ﬁxa!
3745 2989 3874 3042 συμ-

2302 3062 2648 3132 πλασάμενος
2673 3061 2873 3125 αἰτίαν,
2904 3063 2932 3114 ό
2964 3061 3204 3125 τοιοῦτος
3230 3063 3483 3132 ἀνάθεμα
3515 3064 3676 3117 ἔστω.

2386 3157 2587 3218 Ἰδικῶς
2644 3155 2740 3225 μὲν
2771 3154 2865 3207 καὶ
2891 3155 3019 3224 περὶ
3070 3154 3347 3225 κληρικῶν
3372 3156 3714 3228 ὑϐριζόντων
3737 3157 3763 3209 ὁ
3789 3171 3873 3209 πο·

2302 3248 2503 3310 λιτικδς
2530 3246 2693 3317 νόμος
2729 3246 2790 3298 οὐ
2811 3245 3167 3316 διαλαμϐάνει
3200 3264 3214 3277 ·
3250 3246 3400 3316 λέγει
3430 3248 3492 3301 δὲ
3543 3249 3684 3319 βιϐλ.
3723 3246 3765 3299 θ’
3789 3245 3873 3299 τοῦ

2312 3339 2470 3403 κώδ.,
2512 3338 2618 3391 τίτ.
2662 3334 2727 3402 ζ’,
2757 3336 2895 3389 διάτ.
2928 3343 2975 3390 α’
3004 3341 3095 3390 καὶ
3132 3338 3289 3406 μόνη,
3345 3339 3425 3391 ὅτι
3453 3342 3484 3393 ὁ
3540 3340 3632 3392 τὸν
3666 3338 3869 3408 βασιλέα

2301 3431 2538 3502 ὑϐρίζων
2590 3430 2648 3483 ού
2694 3431 3041 3500 τιμωρεῖται,
3098 3429 3223 3482 οὕτε
3272 3447 3324 3483 τι
3386 3431 3699 3503 σκληρὸνῆ
3750 3431 3869 3497 ταχὺ

2303 3522 2604 3592 ὑπομένει·
2638 3522 2671 3591 ἣ
2706 3521 2814 3590 γὰρ
2850 3521 2957 3573 ἀπὸ
2984 3522 3312 3590 κουφότητος
3362 3516 3487 3574 εἶπε
3516 3563 3530 3588 ,
3582 3522 3672 3574 κα)
3733 3534 3872 3586 περι-

2304 3617 2581 3685 φρονεῖται
2609 3626 2623 3641 ⁸
2652 3612 2684 3681 ἢ
2718 3613 2775 3678 ἐξ
2809 3612 3012 3676 ἀνοίας,
3049 3613 3142 3665 καὶ
3185 3613 3413 3665 ὲλεεῖται
3448 3630 3462 3642 ·
3506 3613 3538 3678 ἢ
3570 3613 3645 3674 ὼς
3678 3608 3871 3664 ἀδικού-

2308 3722 2486 3775 μενος,
2513 3704 2607 3757 κοιὶ
2638 3706 3004 3774 συγχωρεῖται
3034 3718 3047 3732 ο
3103 3703 3434 3773 ἀναφέρεται
3468 3704 3528 3756 δὲ
3558 3702 3635 3773 τῷ
3658 3701 3866 3772 βασιλεῖ,

2306 3796 2400 3850 καὶ
2432 3795 2594 3857 αὐτὸς
2625 3796 2687 3847 ὲκ
2726 3795 2827 3864 τῆς
2879 3794 3165 3865 ποιότητος
3207 3793 3301 3847 τοῦ
3356 3794 3658 3865 προσώπου
3712 3792 3868 3862 κρίνει

2307 3890 2355 3941 εἰ
2386 3888 2591 3958 ὀφείλει
2631 3887 3054 3957 συγχωρηθῆναι
3099 3887 3132 3958 ἢ
3187 3888 3573 3958 τιμωρηθῆναι
3606 3904 3620 3918 ·
3672 3887 3867 3956 εἴρηται

2307 3980 2415 4049 γὰρ
2446 3981 2539 4031 καὶ
2572 3977 2714 4048 βιϐλ.
2775 3983 2886 4047 μη’,
2919 3978 3024 4030 τίτ.
3058 3975 3100 4029 δ’
3120 4018 3134 4041 ,
3164 3976 3271 4043 δίγ.
3306 3976 3349 4040 ζ’
3370 4017 3385 4040 ,
3412 3978 3496 4029 ὅτι
3522 3977 3582 4029 ού
3606 3976 3708 4046 χρὴ
3757 3973 3865 4033 τοὺς

2307 4071 2567 4133 δικαστὰς
2602 4069 3011 4140 ἀποκεχρῆσθαι
3035 4072 3100 4140 τῇ
3133 4068 3382 4139 βασιλικῇ
3416 4070 3576 4139 τιμῇ,
3630 4065 3760 4121 ἀλλά
3809 4064 3862 4115 τὸ

2307 4164 2506 4234 ἀληθὲς
2564 4165 2810 4227 σκοπεῖν,
2855 4162 2950 4215 καὶ
2998 4163 3045 4213 εἰ
3105 4161 3328 4214 δυνατὸν
3365 4156 3433 4231 ἦν
3477 4161 3539 4213 τὸ
3598 4158 3865 4229 πρόσωπον

2310 4256 2553 4325 ποιῆσαι,
2590 4255 2685 4306 καὶ
2720 4257 2769 4306 εἰ
2817 4254 2923 4325 πρὸ
2946 4252 3138 4305 τούτου
3170 4253 3419 4324 ἐποίησε,
3471 4254 3567 4307 καὶ
3617 4251 3663 4303 εἰ
3702 4246 3864 4301 ὲνεθυ·

2313 4346 2483 4419 μήθη,
2540 4348 2634 4400 καὶ
2667 4348 2714 4399 εἰ
2776 4346 2974 4414 ἐνηφεν
3007 4361 3021 4375 ·
3074 4343 3199 4397 οὔτε
3237 4346 3346 4416 γὰρ
3398 4343 3640 4417 εὐχερῶς
3680 4338 3862 4409 ὀφείλει

2310 4438 2666 4510 τιμωρεῖσθαι
2724 4439 2751 4490 ὁ
2798 4438 3077 4509 φλύαρος’
3137 4440 3185 4490 εἰ
3238 4436 3313 4508 μὴ
3370 4438 3610 4491 τοιοῦτόν
3671 4430 3861 4487 ἐστιτὸ

630 4531 832 4587 mentis
863 4530 1047 4585 fuerit.
1092 4531 1285 4599 Neque
1307 4530 1451 4584 enim
1496 4529 1658 4585 facile
1706 4532 1987 4601 garrulum
2025 4533 2205 4600 puniri

2310 4532 2635 4602 ἁμάρτημα,
2667 4530 2804 4598 ὅπερ
2831 4530 2858 4581 ὁ
2892 4529 3054 4599 νόμος
3112 4528 3293 4599 ῥητῶς
3326 4529 3385 4593 ἐξ
3412 4529 3597 4600 ὁμοίου
3626 4522 3859 4595 τιμωρεῖ-

628 4624 828 4678 debere
852 4622 956 4678 nisi
984 4625 1029 4677 si
1057 4623 1165 4677 tale
1196 4622 1458 4677 delictum
1488 4624 1579 4689 sit,
1612 4621 1759 4692 quod
1782 4638 1850 4678 ex
1889 4633 2036 4678 certa
2068 4624 2205 4694 lege,

632 4723 728 4769 aut
763 4716 831 4769 ad
856 4716 1167 4784 exemplum
1199 4715 1477 4783 puniatur.
1508 4713 1774 4769 Acerbius
1802 4724 1985 4770 autem
2022 4716 2076 4769 in
2108 4716 2212 4770 mi-

637 4807 765 4861 lites
808 4806 1038 4875 insurgi.
1068 4805 1406 4861 Generaliter
1437 4804 1613 4877 [vero]
1664 4806 1729 4861 de
1772 4806 1840 4861 iis
1870 4808 1963 4877 qui
2012 4815 2213 4861 contu-

635 4899 795 4952 melia
822 4897 1085 4961 alliciunt,
1109 4898 1193 4951 vel
1223 4899 1536 4963 verberant,
1568 4899 1651 4952 vel
1676 4896 1921 4955 famosos
1954 4898 2213 4972 [libellos]

633 4987 951 5052 coniiciunt,
989 4986 1072 5041 vel
1126 4987 1313 5056 legunt
1348 4995 1541 5041 etnon
1589 4988 1977 5058 disrumpunt,
2022 4998 2219 5044 tractat

634 5079 772 5133 liber
788 5093 957 5145 XLVII,
977 5079 1063 5133 tit.
1085 5094 1140 5142 x,
1167 5077 1267 5143 lO;
1302 5087 1356 5132 et
1381 5077 1474 5130 lib.
1498 5094 1573 5145 IX,
1605 5080 1727 5133 cod.
1761 5080 1844 5133 tit.
1866 5080 1935 5135 55
1964 5090 2021 5135 et
2043 5080 2141 5148 56;
2165 5089 2215 5135 et

636 5171 814 5227 lnstit.
856 5168 975 5242 [lib]
1011 5185 1087 5237 tv,
1120 5170 1206 5223 tit.
1237 5170 1294 5236 4,
1338 5170 1392 5223 in
1425 5171 1623 5239 quibus
1674 5172 1894 5238 dicitur,
1930 5174 2076 5242 quod
2109 5172 2220 5243 [ine

632 5260 910 5329 juriarum
954 5258 1118 5331 actio]
1166 5267 1281 5312 tum
1333 5260 1648 5329 pecuniarie
1691 5269 1805 5315 tum
1857 5262 2219 5316 criminaliter

639 5360 947 5406 moveatur.
1003 5354 1068 5407 Et
1102 5352 1248 5422 quod
1288 5351 1614 5421 injuriarum
1663 5353 1954 5407 damnatus
1999 5352 2219 5407 infamis

638 5445 771 5499 tiat:
812 5443 1027 5499 tametsi
1060 5459 1277 5498 servum
1325 5443 1561 5497 alienum
1598 5444 1797 5514 injuria
1831 5444 2090 5510 aﬂ‘ecerit,
2127 5456 2223 5500 aut

641 5536 819 5590 amice
874 5535 1017 5590 datis
1050 5534 1298 5605 pecuniis
1350 5532 1441 5605 [de
1478 5549 1541 5589 ea
1593 5534 1831 5607 actione]
1876 5537 2217 5607 transegerit,

643 5630 720 5682 nti
757 5627 855 5681 lib.
893 5642 976 5691 111,
1029 5628 1113 5681 tit.
1171 5627 1239 5693 2,
1288 5627 1481 5696 digest.
1521 5627 1557 5680 2
1611 5638 1665 5683 et
1710 5628 1742 5681 6
1778 5628 2083 5700 [traditur].
2134 5629 2219 5694 Et,

646 5721 791 5789 quod
824 5728 978 5773 atrox
1024 5718 1224 5789 injuria
1268 5720 1362 5785 sit,
1412 5735 1533 5789 qua:
1579 5722 1948 5792 magistratui,
1981 5722 2218 5787 consuli,

647 5811 935 5878 sacerdOti,
971 5809 1218 5884 [alioqui]
1248 5810 1330 5867 vel
1362 5812 1567 5867 honore
1607 5812 1831 5883 praedito
1867 5814 1944 5869 lit.
1980 5814 2043 5868 Et
2069 5814 2216 5884 quod

2310 4641 2401 4676 ται
2439 4637 2451 4651 ’
2511 4624 2846 4692 τραχύτερον
2888 4621 2946 4674 δὲ
3002 4619 3146 4673 κατὰ
3196 4621 3547 4692 στρατιωτῶν
3600 4618 3859 4671 κινεῖται·

2311 4714 2544 4784 γενικῶς
2596 4714 2653 4766 δὲ
2698 4714 2828 4783 περὶ
2896 4714 3005 4765 τῶν
3043 4713 3375 4782 ὑϐριζόντων
3404 4713 3438 4783 ἢ
3496 4711 3792 4766 τυπτόντων
3834 4701 3861 4767 ἢ

2314 4804 2612 4860 ποιούντων
2666 4806 2907 4875 φάμοσα,
2962 4805 3055 4857 καὶ
3083 4804 3191 4858 τῶν
3221 4803 3587 4875 εὑρισκόντων
3610 4798 3740 4853 αὐτὰ
3784 4792 3864 4846 καὶ

2313 4896 2818 4966 ἀναγινωσκόντων,
2850 4897 2943 4949 καὶ
2983 4895 3058 4966 μὴ
3103 4895 3551 4966 διαρρηγνύντων
3586 4882 3862 4958 διαλαμϐά-

2316 5006 2396 5043 νει
2427 4988 2568 5058 βιὸλ.
2613 4986 2722 5056 μζ,
2759 4987 2865 5041 τίτ.
2898 4993 2948 5053 ι’,
2980 4986 3078 5040 καὶ
3101 4986 3242 5055 βιόλ.
3278 4985 3321 5038 θ’
3344 4986 3439 5039 τοῦ
3471 4984 3627 5048 κώδ.,
3658 4981 3754 5033 τίτ.
3800 4974 3859 5025 λε’

2318 5080 2413 5135 καὶ
2432 5081 2542 5142 λς’·
2574 5079 3035 5133 καὶἰνστιτυτίων
3063 5078 3104 5132 δ’
3135 5076 3241 5133 τίτ.
3267 5077 3308 5131 δ’
3332 5119 3347 5144 ,
3369 5079 3426 5131 ὲν
3442 5072 3523 5140 οἷς
3555 5076 3773 5145 εἴρηται,
3790 5066 3860 5118 ὅτι

2318 5173 2413 5224 καὶ
2449 5169 2808 5242 χρηματικῶς
2836 5171 2932 5224 καὶ
2958 5168 3382 5240 ἐγκληματικῶς
3410 5170 3653 5229 κινεῖται,
3690 5157 3860 5215 καὶὸτι

2318 5265 2346 5315 ὁ
2377 5262 2505 5333 περὶ
2529 5262 2741 5333 ὕϐρεως
2771 5259 3265 5329 καταδικαζόμενος
3308 5259 3500 5330 ἄτιμος
3523 5257 3740 5326 γίνεται,
3772 5246 3857 5299 κᾶν

2320 5353 2598 5423 ἀλλότριον
2644 5351 2829 5405 δοῦλον
2881 5349 3124 5420 ὓόρισεν,
3162 5349 3194 5419 ἢ
3232 5349 3480 5417 φιλικῶς,
3522 5346 3553 5418 ἢ
3612 5343 3697 5396 ἐπὶ
3736 5337 3857 5390 δόσει

2321 5445 2620 5517 χρημάτων
2654 5442 2969 5513 ἀπηλλάγη,
2996 5441 3072 5504 ὡς
3122 5439 3264 5510 βιελ.
3284 5446 3331 5508 γ’
3353 5482 3367 5505 ,
3395 5440 3500 5493 τίτ.
3528 5437 3569 5507 β’
3589 5478 3604 5502 ,
3654 5432 3761 5498 Ely.
3778 5427 3817 5517 β’
3841 5462 3853 5485 1

2323 5514 2503 5597 άὰιςι
2531 5549 2544 5563 ·
2578 5532 2673 5586 καὶ
2702 5533 2784 5586 ὅτι
2806 5534 3036 5602 τραχεῖα
3065 5530 3224 5601 ὖὸρις
3258 5530 3406 5583 ἐστὶν
3446 5530 3479 5598 ἡ
3507 5522 3751 5595 γινομένη
3773 5514 3855 5584 ἄρ·

2324 5643 2474 5698 Χοντι
2506 5626 2538 5697 ἢ
2572 5624 2783 5695 ὑπάτῳ,
2825 5624 2919 5676 καὶ
2949 5624 3085 5693 ἱερεῖ
3122 5622 3219 5675 καὶ
3248 5616 3597 5690 ἀξιωματικῷ
3621 5631 3636 5645 ⁸
3675 5610 3757 5663 καὶ

2327 5720 2458 5774 εἴσω
2519 5718 2614 5771 τοῦ
2668 5716 2918 5771 ἐνιαυτοῦ
2978 5714 3140 5786 μόνου
3193 5714 3469 5766 κινεῖται·
3519 5698 3766 5775 κεφάλικὴ

2329 5814 2567 5882 τιμωρία
2599 5808 2828 5878 ὥρισται
2852 5808 2992 5862 κατὰ
3045 5805 3153 5860 τῶν
3182 5803 3475 5859 ποιούντων
3509 5799 3733 5870 φάμοεαν
3780 5780 3851 5836 καὶ
