4156 6434
346 410 449 471 797

975 412 1375 474 SYNTAGMA
1394 412 1780 474 CANONUM-
1811 438 1882 448 —
1913 413 2060 473 TIT-
2091 414 2195 483 IX,
2218 406 2374 474 CAP.
2406 414 2953 476 XXXVI-XXXIX.

3512 416 3615 479 798

341 523 454 575 τῶν
487 522 969 591 ἀναγινωσκόντων
1013 526 1174 592 αὐτὰ,
1214 525 1309 579 καὶ
1336 526 1434 596 τὴν
1468 525 1695 597 δύναμιν
1747 526 1926 578 αὐτῶν

2052 536 2173 579 ntra
2199 540 2400 579 annum
2429 526 2692 578 duntaxat
2720 523 2857 595 [haec
2902 521 3067 593 actio]
3102 534 3405 577 moveatur.
3439 525 3615 579 Caete-

341 614 610 683 λεγόντων
638 619 798 681 τισὶν,
832 616 908 680 ὡς
934 617 1073 686 βιϐλ.
1107 618 1151 671 0'
1169 659 1184 683 ,
1213 618 1320 671 τίτ.
1359 617 1466 682 λς’.

2041 633 2164 671 rum
2194 618 2247 671 in
2270 634 2365 672 eos
2392 617 2482 687 qui
2506 616 2753 672 famosos
2776 615 3035 688 [libellos]
3065 625 3420 685 componunt,
3456 617 3619 686 quive

343 704 469 762 illos
503 708 705 777 legunt,
727 708 889 776 quive
918 710 1025 763 vim
1051 724 1239 765 eorum
1290 710 1565 779 aliquibus
1630 709 1842 775 dicunt,
1868 708 2116 780 capitalis
2181 724 2340 780 poena
2372 710 2671 765 constituta
2735 719 2859 765 est:
2894 708 3354 779 quemadmodum
3408 708 3501 761 lib.
3526 724 3579 762 Ix
3601 726 3615 751 ν

344 796 433 851 tit.
471 796 539 851 '56
571 796 797 868 [ulocet.]

417 890 671 943 ΚΕΦΛΛ.
702 890 825 944 AZ'.
856 921 929 931 —-
948 894 1088 959 Περὶ
1120 892 1240 946 τῶν
1266 893 1603 947 ποιούντων
1644 907 1924 963 συνωμοο

340 984 484 1047 aiat;
508 982 547 1047 ἢ
577 982 850 1051 φατρίας.

616 1074 888 1128 Συνόδου
920 1074 1310 1141 Χαλκηδόνος
1336 1074 1541 1128 κανὼν
1566 1081 1659 1146 ιη’.

419 1164 510 1239 ιη’.
544 1166 618 1219 Τὸ
642 1165 745 1236 τῆς
780 1165 1123 1235 συνωμοσίας
1138 1165 1170 1237 ἢ
1187 1166 1422 1237 φατρίας
1438 1166 1607 1237 ἐγκλη
1616 1184 1714 1238 μα,
1732 1184 1787 1221 κ.
1806 1184 1857 1222 τ.
1874 1167 1927 1220 λ.

581 1352 855 1407 Συνόδου
893 1353 1319 1421 Καρθαγέννης
1353 1352 1558 1407 κανῶν
1590 1351 1691 1422 νγ’.

418 1445 597 1497 Ὥστε
627 1443 737 1511 τὰς
758 1442 1106 1509 διοικήσεις,
1136 1445 1189 1497 εὶ
1235 1442 1317 1511 μὴ
1363 1445 1514 1497 κατὰ
1560 1444 1931 1497 avrata-satr-

346 1536 457 1589 τοῦ
513 1534 668 1588 ιδίου
740 1534 1119 1599 ἐπισκόπου,
1200 1534 1545 1588 ἐπίσκοπον
1597 1534 1803 1603 ἕτερον
1844 1533 1931 1604 μὴ

348 1628 653 1697 δέχεσθαι.

422 1717 523 1788 νγ’.
568 1719 873 1788 Ἐπιγόνιος
898 1718 1196 1780 ἐπίσκοπος
1225 1711 1398 1769 εἶπενο
1435 1716 1524 1770 Ἐν
1561 1715 1781 1780 πολλαῖς
1812 1732 1938 1769 συν·

351 1811 494 1875 ὁδοις
517 1810 743 1881 ὥρισται
773 1808 1034 1881 συνεδρίῳ
1063 1806 1343 1880 ἱερατικῷ,
1368 1824 1422 1861 κ.
1454 1822 1507 1861 τ.
1526 1804 1578 1861 λ.

423 2005 689 2077 Αὐρήλιος
721 2003 1017 2065 ἐπίσκοπος
1056 1998 1228 2058 εἶπενο
1260 1999 1368 2054 Τοῦ
1398 1998 1631 2069 ἀδελφοῦ
1656 2000 1749 2055 καὶ
1803 2016 1935 2053 συν-

354 2089 654 2152 επισκὸπου
685 2096 843 2167 ἡμῶν
873 2098 941 2167 τῇ
962 2092 1360 2164 ὲξακολουϐήσε
1379 2111 1419 2156 ι,
1450 2111 1506 2146 κ.
1535 2110 1586 2147 τ.
1622 2093 1672 2147 λ.

439 2188 736 2258 Ὁνωράτος
800 2185 893 2239 καὶ
947 2183 1225 2255 Οὑρϐανὸς
1294 2183 1586 2235 ἐπίσκοποι
1640 2177 1814 2235 εἷπον·
1876 2181 1942 2234 Ἠ

357 2278 589 2350 μεγίστη
613 2276 838 2347 πρόνοια
864 2274 967 2342 τῆς
1017 2272 1289 2343 ὑμετέρας
1353 2270 1682 2341 ἁγιωσύνης,
1713 2288 1768 2325 κ.
1798 2289 1850 2325 τ.
1888 2270 1939 2325 λ.

422 2371 740 2442 Σύμπαντες
769 2366 1056 2420 ἐπίσκοποι
1084 2360 1259 2419 εἷπον.
1289 2364 1643 2435 -Ἀρέσκει,
1693 2364 1940 2435 ἀρέσκει.

498 2553 771 2608 Συνόδου
810 2546 1227 2619 οίκουμενικῆς
1259 2547 1440 2614 ἕκτης
1472 2546 1679 2600 κανὼν
1704 2545 1799 2600 λδ’.

427 2644 520 2699 λδ’.
550 2646 657 2697 Καὶ
688 2643 847 2696 τοῦτο
872 2641 928 2694 δὲ
957 2640 1047 2693 τοῦ
1077 2639 1350 2710 ἱερατικοῦ
1380 2638 1602 2701 κανόνος
1628 2638 1813 2705 σαφῶς
1830 2637 1946 2690 δια-

356 2739 694 2810 γορεύοντος,
718 2737 792 2797 ὼς
809 2734 870 2787 τὸ
891 2736 989 2803 τῆς
1007 2732 1347 2802 συνωμοσίας
1365 2734 1397 2802 ἦ
1418 2730 1646 2802 φατρίας
1672 2730 1943 2799 ἔγκλημα,

359 2831 461 2884 καὶ
481 2830 632 2899 παρὰ
659 2827 768 2881 τῶν
791 2827 895 2893 ἔξω
923 2828 1103 2896 νόμων
1142 2824 1319 2893 πάντη
1368 2821 1695 2886 κεκώλυται,
1764 2822 1944 2893 πολλῷ

358 2927 428 2997 δὴ
458 2925 657 2996 μᾶλλον
695 2925 753 2977 ὲν
780 2926 845 2993 τῇ
870 2921 963 2975 τοῦ
996 2921 1132 2973 Θεοῦ
1177 2918 1478 2989 Ἐκκλησία
1511 2916 1669 2971 τοῦτο
1699 2914 1945 2983 γίνεσθαι

359 3017 734 3087 ἀπαγορεύειν
806 3016 1098 3087 προσήκει,
1155 3014 1251 3067 καὶ
1297 3015 1458 3084 ἡμεῖς
1498 3010 1945 3082 παραφυλάττειν

358 3108 774 3177 σπουδάζομεν·
834 3106 971 3159 ὥστε
1032 3106 1085 3158 εἴ
1126 3122 1273 3167 τινες
1322 3102 1576 3173 κληρικοὶ
1625 3103 1658 3171 ἢ
1715 3101 1942 3171 μοναχοὶ

356 3196 655 3268 εὑρεθεῖεν,
696 3195 1179 3266 ἢσυνομνύμενοι,
1215 3194 1249 3263 ἢ
1302 3194 1713 3263 φατριάζοντες,
1756 3190 1789 3261 ἢ
1846 3207 1943 3243 κα-

356 3288 633 3349 τασκευὰς
695 3286 1011 3356 τυρεύοντες
1060 3285 1400 3350 ἐπισκόπων,
1460 3280 1938 3353 ἢσυγκληρικῶν,

357 3377 775 3430 ὲκπιπτέτωσαν
800 3377 975 3447 πάντη
1006 3374 1100 3428 τοῦ
1124 3375 1325 3428 οἰκείου
1354 3372 1584 3444 βαθμοῦ.

432 3467 543 3519 Kal.
591 3466 621 3518 ὀ
667 3466 944 3528 πολιτικὸς
994 3464 1157 3534 νόμος
1207 3464 1533 3532 τιμωρεῖται
1570 3461 1668 3523 τὰς
1704 3456 1939 3528 φατρίας

358 3560 457 3614 καὶ
487 3560 584 3623 τὰς
617 3558 980 3627 συνωμοσίας,
1011 3557 1086 3619 ὡς
1130 3554 1273 3624 βιϐλ.
1328 3561 1418 3625 μην
1451 3554 1556 3606 τίτ.
1584 3552 1656 3617 δ’,
1696 3550 1802 3619 δίγ.
1854 3549 1894 3603 δ’
1923 3589 1938 3615 ,

358 3653 457 3707 καὶ
491 3652 593 3705 τίτ.
632 3651 697 3704 ιο¹
718 3690 732 3709 .
756 3650 863 3717 δίγ.
894 3655 939 3701 α’
965 3649 1062 3700 καὶ
1088 3655 1187 3712 ις’.

436 3744 683 3797 ΚΕΦΔΛ.
713 3739 915 3796 AH'.—
950 3741 1095 3793 Ποῖα
1121 3738 1509 3809 ἁμαρτήματα
1530 3737 1567 3805 ἡ
1606 3733 1942 3803 χειροθεσία

355 3835 513 3890 λύει.

608 3923 878 3978 Συνόδου
915 3921 1383 3989 Νεοκαισαρείας
1406 3917 1606 3972 κανὼν
1626 3916 1692 3969 θ’.

437 4016 503 4071 0'.
544 4015 920 4089 Πρεσϐύτερος
952 4014 1046 4067 ἐὰν
1076 4010 1547 4084 προημαρτηκὼς,
1573 4027 1629 4063 κ.
1661 4026 1712 4062 τ.
1747 4008 1799 4061 λ.

433 4205 687 4259 ΚΕΦΑΛ.
727 4199 857 4256 ΛΘ’.
915 4230 983 4240 --
1035 4199 1176 4269 Περὶ
1235 4197 1575 4267 μετανοίας,
1622 4194 1717 4247 καὶ
1780 4193 1941 4259 τίνες

360 4300 569 4354 ἄδειαν
600 4297 814 4364 ἔχουσι
837 4294 1067 4348 διδόναι
1088 4292 1213 4356 τοῖς
1240 4288 1605 4360 μετανοοῦσι
1636 4288 1938 4340 καταλλα-

360 4393 500 4461 γὴν,
527 4390 623 4444 καὶ
647 4388 736 4441 ὅτι
754 4385 958 4452 ἔξεστι
984 4384 1063 4452 τῷ
1085 4384 1232 4453 ἱερεῖ
1255 4381 1464 4451 μειοῦν
1484 4380 1581 4433 καὶ
1610 4379 1822 4443 αὔξειν
1867 4376 1943 4430 τὰ

360 4483 648 4552 ἐπιτίμια.

788 4576 846 4629 Ἀ
854 4572 1171 4630 ποστόλων
1212 4567 1415 4621 κανὼν
1437 4565 1538 4635 νβ’.

434 4665 535 4721 νϐ’.
562 4667 629 4720 Εἴ
653 4684 734 4729 τις
767 4667 1063 4725 ἐπίσκοπος
1092 4662 1124 4731 ἢ
1156 4658 1525 4731 πρεσϐύτερος
1570 4655 1658 4708 τὸν
1692 4650 1948 4722 ἐπιστρέ-

364 4775 538 4827 φοντα
558 4758 667 4811 ἀπὸ
691 4757 969 4827 ἁμαρτίας
1000 4755 1062 4807 ού
1081 4751 1453 4824 προσδέχεται,
1488 4746 1624 4801 ἀλλά
1653 4744 1951 4798 ἀποϐάλλε-

364 4850 869 4921 ται,καοαιρείσθω,
907 4851 988 4903 ὅτι
1007 4848 1165 4899 λυπεῖ
1182 4843 1416 4913 Χριστὸν
1431 4842 1521 4894 τὸν
1533 4840 1776 4892 εἰπόντα’
1793 4834 1955 4902 Χαρὰ

366 4943 591 5010 γίνεται
610 4943 680 4995 ἐν
704 4938 937 5008 οὐρανῴ
958 4939 1055 4993 ἐπὶ
1086 4937 1176 4990 ἐνὶ
1196 4931 1518 5005 ἁμαρτωλῷ
1537 4928 1953 5000 μετανοοῦντι.

656 5122 926 5178 Συνόδου
953 5121 1198 5185 Νικαίας
1221 5116 1422 5171 κανὼν
1451 5122 1541 5181 ια’,
1578 5112 1666 5185 ιβ’.

1979 4511 2027 4569 D

2103 893 2253 950 CAP.
2286 893 2547 949 XXXVII.
2588 924 2660 936 -—-
2696 894 2775 949 De
2800 893 3204 963 conjurantibus
3261 899 3312 945 et
3363 892 3619 946 sodalitia

2036 987 2374 1059 facientibus.

2305 1078 2530 1135 Concilii
2563 1077 2997 1133 Chalcedonensis
3024 1094 3197 1129 canon
3247 1076 3333 1132 I8.

2108 1166 2197 1222 18.
2253 1166 2660 1235 Conjurationis
2708 1166 2790 1220 vel
2821 1164 3128 1220 sodalitatis
3176 1164 3407 1229 crimen,
3480 1173 3616 1228 etc.,

2035 1268 2093 1313 ut
2123 1274 2245 1328 pag.
2280 1257 2405 1311 730.

2321 1348 2547 1403 Concilii
2589 1347 2998 1417 Carthaginenis
3030 1363 3202 1401 canon
3247 1346 3335 1403 53.

2113 1439 2179 1494 Ut
2211 1439 2477 1497 diasceses,
2512 1438 2615 1490 nisi
2643 1453 2706 1491 ea:
2732 1454 2985 1491 consensu
3006 1436 3234 1506 episcopi
3256 1435 3479 1505 proprii,
3508 1436 3619 1504 epi-

2039 1547 2253 1601 scopum
2287 1547 2387 1583 non
2418 1529 2708 1598 accipiant.

2120 1715 2209 1770 5'5.
2264 1712 2561 1783 Epigonins
2594 1711 2883 1778 episc0pns
2934 1710 3114 1765 dixit:
3156 1708 3338 1763 Multis
3374 1708 3621 1762 conciliis

1969 1804 2143 1863 Bboc
2201 1815 2467 1861 statutum
2529 1812 2612 1858 cst
2652 1818 2683 1856 a
2757 1809 2904 1857 ccetu
2968 1801 3309 1865 sacerdotali,
3370 1812 3503 1864 etc.,
3565 1810 3622 1852 ιιι

2037 1918 2159 1972 pag.
2207 1898 2337 1954 650.

2105 1991 2272 2064 319
2302 1988 2555 2045 Aurelius
2585 1988 2879 2058 episcopus
2919 1986 3059 2040 dixit
3090 2003 3104 2040 :
3141 1984 3362 2039 Fratres
3405 1993 3457 2037 et
3488 1998 3622 2037 con-

2039 2085 2346 2142 sacerdotes
2373 2081 2541 2136 nostri
2576 2078 2971 2150 prosecutioni,
2992 2086 3122 2141 (δια,
3150 2085 3206 2128 ut
3232 2092 3353 2145 pag.
3387 2074 3515 2129 650.

2109 2177 2422 2231 Honoratus
2442 2184 2497 2228 et
2525 2172 2785 2228 Urbanus
2805 2169 3045 2239 episcopi
3074 2168 3369 2222 dixerunt:
3398 2167 3625 2221 Summa

2041 2267 2283 2341 provisio
2306 2264 2611 2321 sanctitatis
2644 2274 2769 2329 tum,
2796 2273 2926 2328 etc.,
2958 2270 3013 2314 ut
3039 2277 3163 2329 paq.
3190 2258 3317 2313 651.

2123 2359 2375 2415 Universi
2400 2355 2638 2428 episcopi
2668 2354 2926 2409 dixerunt
2956 2371 2969 2406 :
3003 2350 3210 2417 Placet,
3247 2351 3442 2421 placet.

2347 2543 2572 2601 Concilii
2606 2539 2911 2596 oecumenici
2941 2552 2995 2592 Vl
3021 2552 3191 2590 canon
3217 2535 3309 2589 δι.

2114 2642 2203 2698 54,
2255 2638 2428 2694 Porro
2470 2645 2652 2690 autem
2677 2634 2724 2665 θ’
2772 2646 2896 2684 cum
2920 2638 2975 2684 et
3009 2628 3111 2682 hoc
3139 2642 3317 2681 canon
3371 2627 3628 2679 sacerdo-

2046 2737 2171 2793 talis
2216 2741 2401 2801 apcrte
2428 2730 2625 2790 edirat,
2670 2725 2815 2795 quod
2842 2720 3240 2791 coniurationis
3302 2718 3385 2773 vel
3420 2718 3625 2772 sodali-

2047 2828 2172 2882 tatis
2201 2826 2409 2880 crimen
2438 2820 2599 2875 etiam
2658 2817 2727 2870 ab
2792 2814 3029 2868 externis
3092 2810 3303 2880 legibus
3356 2809 3627 2873 vetitum,

2045 2918 2215 2973 multo
2274 2923 2453 2969 autem
2486 2908 2659 2980 magis
2682 2908 2785 2962 hoc
2835 2905 2947 2959 ﬁeri
2982 2904 3036 2957 in
3066 2901 3307 2956 Ecclesia
3340 2901 3631 2970 prohibere

2045 3018 2306 3079 Oportet:
2352 3020 2451 3059 nos
2487 3014 2708 3072 quoque
2751 2997 3047 3052 observare
3100 2993 3383 3048 studemus
3419 3033 3434 3057 ,
3478 3000 3537 3046 ut
3584 2992 3630 3047 si

2049 3101 2139 3171 qui
2174 3098 2357 3155 clerici
2409 3104 2503 3149 ant
2559 3088 2810 3146 monachi
2864 3086 3072 3141 inventi
3132 3086 3241 3139 sint
3299 3084 3382 3138 vel
3437 3083 3632 3153 conju-

1970 3172 2011 3229 (ἶ
2044 3198 2246 3254 rantes,
2280 3187 2363 3241 vel
2386 3184 2700 3240 sodalitates
2740 3179 3013 3237 ineuntes,
3071 3176 3154 3228 vel
3199 3174 3464 3229 adversus
3515 3173 3633 3241 epi-

2043 3297 2239 3352 scopos
2268 3279 2352 3333 vel
2384 3274 2723 3333 conclericos
2782 3268 2991 3339 aliquid
3024 3276 3321 3333 struentes,
3358 3283 3387 3321 a
3415 3266 3636 3336 proprio

2042 3375 2212 3447 gradu
2246 3372 2474 3429 omnino
2507 3368 2786 3424 excidant.

2115 3467 2326 3520 Textus.
2365 3463 2551 3518 Civilis
2593 3463 2757 3516 etiam
2795 3463 2880 3516 lex
2923 3458 3194 3514 factiones
3240 3462 3406 3522 atque
3433 3449 3632 3518 conju-

2043 3557 2285 3611 rationes
2337 3553 2495 3624 punit
2533 3551 3037 3621 :quetnadmodum
3078 3548 3173 3601 lib.
3215 3560 3406 3605 XLVIII,
3461 3541 3544 3595 tit.
3574 3540 3631 3606 4,

2042 3649 2151 3718 dig.
2197 3647 2250 3710 4,
2295 3656 2346 3699 et
2394 3644 2475 3697 tit.
2512 3644 2595 3697 19.
2655 3644 2848 3714 digesl.
2892 3643 2945 3704 I,
2993 3650 3045 3695 et
3079 3640 3173 3692 lib.
3226 3653 3336 3697 xw,
3374 3631 3636 3705 [docenL]

2111 3736 2265 3791 CAP.
2301 3732 2590 3787 XXXVIII.
2640 3763 2710 3773 —-
2742 3733 2999 3798 Quianam
3046 3736 3263 3798 peccata
3293 3741 3385 3794 per
3418 3722 3635 3776 ordina—

2047 3831 2241 3883 tionem
2266 3827 2560 3880 solvantur.

2321 3917 2553 3971 Concilii
2592 3912 3052 3969 Neoca'sarecnsis
3096 3926 3263 3964 canon
3291 3908 3346 3963 9.

2112 4011 2167 4066 9.
2199 4010 2256 4065 Si
2282 4011 2569 4080 presbyter
2597 4010 2686 4077 qui
2714 4022 2946 4077 corpore
2973 4006 3123 4075 prius
3138 4006 3477 4072 peccaverat,
3502 4005 3633 4056 ctc..

2048 4112 2104 4156 ut
2130 4118 2252 4170 pag.
2301 4099 2429 4154 547.

2112 4192 2277 4261 320
2304 4188 2456 4244 CAP.
2486 4186 2734 4241 XXXIX.
2765 4213 2831 4226 --
2862 4183 2937 4237 De
2972 4180 3314 4252 pcenitentia;
3340 4186 3386 4229 et
3419 4174 3634 4244 quinam

2047 4283 2276 4337 habeant
2304 4289 2618 4351 potestatem
2646 4278 2951 4347 pwnitentes
2990 4269 3398 4330 reconciliandi;
3424 4277 3469 4320 et
3497 4264 3633 4334 quod

2047 4374 2313 4430 sacerdoti
2367 4373 2526 4426 liceat
2575 4372 2810 4423 minuere
2858 4367 2937 4421 vel
2987 4379 3179 4434 augere
3226 4374 3431 4430 pwnant
3472 4372 3634 4411 cano-

2051 4469 2247 4522 nicam.

2478 4550 2848 4621 Apostolorum
2876 4564 3045 4601 canon
3081 4547 3172 4601 52.

2129 4646 2354 4720 5%![51].
2386 4646 2442 4700 Si
2469 4646 2593 4713 quis
2616 4644 2926 4712 episcopus,
2946 4640 3226 4709 presbytt'r
3267 4635 3349 4688 vel
3378 4634 3641 4688 diaconus

2059 4757 2183 4797 cum
2216 4740 2309 4810 qui
2334 4755 2364 4791 a
2388 4736 2622 4807 peccatis
2637 4734 2973 4789 convertitur
2991 4747 3098 4785 non
3124 4728 3337 4796 recipit,
3356 4726 3447 4780 sed
3470 4724 3640 4793 ejicit,

2062 4835 2405 4903 deponatur;
2436 4830 2695 4899 quoniam
2731 4826 3013 4882 Christum
3051 4820 3300 4877 molestia
3329 4817 3514 4881 allicit,
3543 4815 3640 4885 qui

2065 4925 2202 4980 dixit
2229 4941 2242 4977 :
2278 4921 2545 4977 Gaudium
2575 4929 2651 4973 est
2676 4921 2729 4970 in
2757 4918 2883 4971 caelo
2912 4925 3126 4985 propter
3176 4927 3338 4965 unum
3394 4918 3641 4979 peccato-

2054 5032 2157 5070 rem
2184 5013 2547 5083 paenitentiam
2570 5020 2805 5080 agentem
2833 5010 2899 5040 ⁸³⁸

2358 5106 2583 5160 Concitii
2618 5103 2827 5157 Nicarni
2859 5115 3085 5154 canones
3117 5098 3205 5159 II,
3244 5095 3332 5149 12.

2131 5200 2220 5252 Il.
2266 5197 2338 5250 De
2372 5198 2461 5261 iis,
2508 5195 2599 5265 qui
2636 5194 2754 5247 sine
2801 5191 3124 5246 necessitate
3152 5187 3226 5251 “,
3282 5184 3367 5239 vel
3410 5182 3528 5237 sine
3560 5181 3643 5235 fa-

2058 5293 2320 5346 cultatum
2355 5303 2579 5343 suarum
2616 5284 2915 5343 ablatione,
2948 5281 3032 5335 vel
3072 5280 3193 5333 sine
3232 5276 3343 5330 ullo
3373 5274 3640 5345 periculo,

2058 5385 2140 5438 vel
2191 5384 2375 5451 aliquo
2419 5378 2714 5449 ejusmodi,
2772 5374 3097 5444 transgressi
3150 5379 3301 5433 sttnt,
3349 5366 3497 5437 quod
3544 5364 3647 5417 sub

2062 5477 2257 5531 Licinii
2298 5474 2587 5546 tyrannide
2622 5474 2827 5526 factum
2865 5479 2969 5533 est,
2998 5467 3206 5538 synodo
3240 5465 3414 5519 visunt
3450 5469 3553 5523 est,
3583 5468 3639 5511 ct

2066 5569 2111 5621 si
2164 5565 2506 5619 humanitate
2548 5562 2757 5633 indigni
2808 5568 2955 5623 sunt,
3020 5556 3304 5611 clementia
3365 5561 3544 5604 tamen
3590 5558 3646 5601 et

2074 5657 2409 5728 benignitate
2441 5656 2495 5708 in
2528 5670 2621 5709 eos
2656 5654 2754 5707 uti.
2792 5650 3118 5718 Quicunque
3143 5660 3272 5716 ergo
3304 5656 3559 5713 germane
3593 5648 3649 5693 ιιι

448 5212 537 5268 ια’.
562 5217 695 5285 Περὶ
721 5213 829 5266 τῶν
857 5212 1219 5282 παραϐάντων
1236 5210 1404 5278 χωρὶς
1424 5207 1687 5276 ἀνάγκης,
1720 5203 1753 5275 ἢ
1786 5203 1954 5274 χωρὶς

376 5309 722 5377 ἀφαιρέσεως
752 5306 1125 5375 ὑπαρχόντων,
1163 5302 1195 5369 ἢ
1232 5301 1400 5370 χωρὶς
1433 5297 1701 5361 κινδύνου,
1734 5297 1768 5366 ἦ
1811 5312 1954 5358 τινος

375 5398 644 5458 τοιούτου,
698 5397 727 5449 ὃ
769 5397 991 5463 γέγονεν
1030 5392 1124 5445 ἐπὶ
1180 5391 1281 5459 τῆς
1310 5388 1621 5459 τυραννίδος
1656 5387 1952 5450 Λικιννίου,

377 5490 523 5553 ἔδοξε
552 5492 615 5559 τῇ
653 5488 875 5557 συνόδῳ,
910 5488 957 5538 εἱ
986 5486 1079 5538 καὶ
1113 5482 1318 5547 ἀνάξιοι
1344 5477 1485 5551 ἦσαν
1522 5479 1959 5548 φιλανθρωπίας,

379 5582 530 5648 ὅμως
559 5578 999 5650 χρηστεύσασθαι
1036 5578 1115 5640 είς
1144 5574 1337 5636 αὐτούς
1373 5588 1388 5603 ο
1437 5574 1553 5625 ὅσοι
1607 5571 1698 5624 οὖν
1722 5570 1958 5639 γνησίως

383 5670 832 5741 μεταμελοῦνται,
862 5676 910 5738 γ’
934 5668 1027 5738 ἐτη
1078 5668 1134 5721 ἐν
1162 5664 1530 5736 ἀκροωμένοις
1565 5663 1872 5733 ποιήσουσιν
1900 5662 1949 5713 οἱ

460 5825 507 5856 ⁶¹
541 5824 710 5879 Cone.
736 5821 994 5879 Calehcd.
1031 5837 1079 5876 ο.
1130 5821 1212 5875 18.
1289 5819 1334 5852 ⁸³
1366 5817 1497 5874 Luc.
1537 5833 1621 5884 sv,
1656 5817 1710 5869 7.
1787 5816 1831 5849 εδ
1856 5817 1946 5871 Aw

2044 5855 2055 5869 .
2088 5812 2123 5866 ε
2152 5823 2205 5869 et
2232 5812 2301 5880 δ,
2337 5810 2511 5882 Syric.
2545 5810 2599 5864 ὅ.
