4156 6456
612 413 720 481 ’199

1739 429 2002 489 ΡΠΟΤΙΙ
2039 432 2548 498 PATRIARCHA‘I
2588 441 2701 503 Cl’.

3776 451 3876 518 800

611 543 740 583 vere
767 530 1090 598 poenitentia
1124 531 1428 600 ducuntur,
1464 544 1576 592 tres
1602 553 1776 592 annos
1813 541 1952 596 inter
1983 543 2194 597 audito-

2305 551 2510 616 πιστοὶ,
2548 554 2642 606 καὶ
2677 554 2818 609 ἑπτά
2846 555 2940 628 ἔτη
2979 558 3380 611 ύποπεσούνται
3411 573 3423 587 ·
3455 559 3547 613 δύο
3566 559 3620 612 δὲ
3660 560 3752 630 ἐτη
3774 581 3873 631 χω-

611 635 702 674 rcs
726 622 966 692 exigent,
994 634 1054 679 ut
1091 625 1302 689 ﬁdeles,
1328 638 1382 682 et
1408 638 1614 698 septem
1647 631 1808 686 annis
1840 645 2195 700 prosternen-

611 721 702 764 tur
741 716 1060 784 supplices;
1089 717 1306 774 duobus
1357 731 1541 775 autem
1589 725 1749 777 annis
1790 727 2000 794 absque
2044 728 2198 783 obla-

612 800 761 855 tione
783 814 946 859 erunt
985 807 1294 861 orationum
1324 823 1447 862 eum
1474 812 1674 880 popqu
1710 815 2027 884 participes.

678 893 767 948 12.
803 895 908 962 Qui
948 909 1128 952 autem
1182 915 1213 954 a
1243 902 1414 972 gratia
1443 903 1663 972 quidem
1712 908 1947 973 evocati,
1984 918 2095 966 etc.
2136 919 2196 964 ut

611 989 886 1058 pag.75l.

615 1100 842 1157 Concilii
867 1103 1138 1177 Ancyrani
1166 1123 1390 1164 canones
1424 1111 1478 1178 Ι,
1509 1112 1564 1177 2,
1593 1114 1647 1181 '5,
1685 1113 1740 1180 4,
1781 1115 1833 1182 5,
1874 1115 1931 1180 6,
1969 1118 2020 1183 ’1,
2055 1118 2108 1186 8,
2141 1120 2196 1176 9.

681 1310 736 1366 l.
753 1310 1122 1385 Presbyteros.
1145 1316 1237 1386 qui
1266 1318 1666 1385 sacriﬁcarunt,
1683 1321 1882 1376 deinde
1897 1332 2086 1378 contra
2111 1340 2198 1380 re-

610 1400 799 1457 luctati
827 1413 976 1470 sunt,
1008 1415 1140 1473 ete.,
1171 1418 1228 1462 ιιι
1255 1426 1380 1480 pag.
1417 1411 1545 1465 595.

677 1492 734 1548 2.
769 1493 1041 1555 Diaconos
1097 1500 1369 1568 similiter,
1420 1505 1512 1572 qui
1559 1505 1966 1571 sacrificarunt,
1997 1517 2100 1563 etc.
2139 1519 2196 1564 ut

606 1601 731 1658 pag.
760 1589 884 1644 755.

677 1681 732 1736 5.
760 1680 868 1738 Eos
898 1683 993 1754 qui
1030 1683 1302 1754 fugientes
1346 1692 1729 1762 comprehensi
1776 1703 1942 1761 sunt,
1987 1702 2090 1748 etc.
2139 1703 2197 1748 ut

605 1788 733 1844 pag.
767 1775 892 1832 758.

2303 640 2386 711 ρὶς
2411 646 2729 715 προσφορᾶς
2753 649 3148 720 κοινωνήσωσι
3174 651 3252 722 τῷ
3271 648 3386 720 λαῷ
3413 651 3521 704 τῶν
3541 653 3867 723 προσευχῶν.

2376 927 2462 983 ιϐ’.
2477 928 2539 981 Ut
2553 925 2609 982 δὲ
2622 928 3053 1000 προσκληθέντες
3077 930 3176 1000 μὲν
3195 931 3298 985 ὑπὸ
3313 932 3410 1002 τῆς
3426 930 3666 1004 χάριτος,
3685 951 3737 988 κ.
3759 952 3804 988 τ.
3822 935 3866 988 λ.

2301 1132 2572 1189 Συνόδου
2603 1133 2882 1203 Ἀγκύρας
2907 1134 3107 1189 κανὼν
3123 1142 3193 1201 α’,
3218 1135 3282 1207 β’,
3302 1144 3372 1207 γ’,
3391 1137 3452 1204 δ’,
3472 1143 3534 1204 ε’,
3554 1145 3628 1204 ς’,
3643 1137 3708 1204 ζ’,
3725 1148 3793 1209 η’,
3811 1141 3866 1194 θ’.

2371 1335 2437 1392 α’.
2468 1337 2876 1409 Πρεσϐυτέρους
2895 1339 3021 1402 τοὺς
3045 1337 3431 1402 ἐπιθύσαντας,
3449 1335 3564 1392 εἶτα
3587 1339 3869 1392 ἀναπαλαί-

2301 1447 2519 1493 σαντας,
2559 1448 2614 1484 κ.
2647 1449 2694 1484 τ.
2727 1430 2777 1485 λ.

2370 1521 2433 1592 β’.
2471 1523 2761 1586 Διακόνους
2785 1521 2986 1593 ὁμοίως
3015 1521 3310 1587 θύσαντας,
3337 1539 3391 1575 κ.
3420 1539 3472 1578 τ.
3508 1522 3558 1576 λ.

2371 1707 2439 1772 γ’.
2468 1702 2608 1766 Τοὺς
2637 1701 2938 1773 φεύγοντας
2970 1703 3063 1756 καὶ
3095 1674 3520 1774 συλληφθέντας,
3560 1724 3615 1759 κ.
3657 1724 3705 1764 τ.
3736 1711 3780 1761 λ.

677 1893 733 1947 4.
772 1892 847 1946 De
894 1892 961 1949 iis
1010 1894 1104 1964 qui
1148 1895 1200 1950 vi
1247 1898 1666 1967 sacriﬁcarunt,
1723 1912 1780 1958 et
1810 1911 2070 1974 praeterea
2119 1902 2186 1959 ad

2359 1911 2421 1968 δ’.
2443 1913 2577 1984 Περὶ
2598 1913 2708 1967 τῶν
2729 1914 2868 1986 πρὸς
2891 1915 3012 1986 βίαν
3039 1914 3339 1982 θυσάντων,
3369 1919 3462 1970 ἐπὶ
3482 1917 3538 1971 δέ
3555 1921 3761 1983 τούτοις
3785 1920 3866 1973 καὶ

605 1979 749 2036 idola
795 1983 983 2052 pransi
1026 1993 1177 2048 sunt,
1209 1987 1526 2059 quicunque
1565 1990 1807 2059 abducti,
1857 1995 2101 2064 quidem,
2140 2004 2196 2050 et

603 2071 812 2128 laetiore
858 2075 1044 2130 habitu
1081 2089 1458 2144 accesserunt,
1504 2090 1560 2136 et
1588 2093 1738 2139 veste
1787 2085 2196 2155 sumptuosiore

603 2165 692 2220 usi
739 2175 890 2231 sunt,
935 2177 989 2222 et
1036 2170 1212 2238 parati
1239 2172 1479 2240 prandii,
1526 2189 1634 2229 non
1663 2191 1804 2247 aegre
1841 2177 1891 2232 id
1937 2177 2193 2245 ferentes,

602 2257 899 2328 participes
926 2258 1166 2324 fuerunt,
1217 2263 1396 2318 visum
1446 2274 1531 2320 est
1579 2281 1725 2322 anno
1755 2268 1968 2331 audire,
2019 2269 2195 2325 tribus

603 2360 786 2404 autem
819 2351 981 2408 annis
1027 2354 1304 2408 substerni
1338 2371 1403 2412 ac
1423 2359 1709 2429 supplices
1733 2360 2053 2431 esse,321
2092 2361 2194 2416 soli

601 2450 789 2495 autem
821 2444 1059 2499 orationi
1085 2445 1300 2503 duobus
1331 2450 1492 2506 annis
1524 2453 1956 2518 communicare,
1983 2462 2040 2509 et
2067 2463 2196 2509 tunc

493 2589 506 2602 ο
601 2530 670 2584 ad
699 2533 748 2586 id
783 2535 925 2602 quod
951 2546 1036 2590 est
1065 2536 1368 2606 perfectum
1395 2540 1681 2596 accedere.

673 2626 728 2681 5.
771 2625 1097 2700 Quicunque
1155 2631 1268 2702 (l5)
1296 2642 1478 2688 autem
1510 2651 1632 2690 cum
1663 2643 1818 2693 veste
1851 2636 2068 2707 lugubri
2101 2653 2196 2693 ac-

600 2730 909 2785 cesserunt,
935 2731 990 2777 et
1013 2726 1402 2783 accumbentes
1432 2728 1812 2795 comederunt,
1849 2729 2057 2786 interea
2079 2739 2195 2788 toto

601 2813 894 2871 accubitus
948 2825 1193 2887 tempore
1228 2819 1504 2891 laerymas
1557 2820 1874 2887 fundentes,
1924 2824 1968 2878 si
2025 2824 2193 2878 trien-

599 2907 727 2962 nale
772 2908 1172 2966 substrationis
1204 2920 1422 2982 tempus
1470 2913 1863 2984 impleverunt,
1898 2915 2019 2970 sine
2045 2914 2194 2970 obla-

603 3000 749 3056 tione
790 3001 1146 3072 recipientur.
1192 3004 1251 3058 Si
1283 3013 1466 3060 autem
1494 3022 1602 3062 non
1639 3008 2022 3073 comederunt,
2067 3023 2190 3064 eum

600 3094 820 3150 duobus
850 3097 1011 3151 annis
1045 3097 1319 3166 supplices
1354 3099 1729 3170 substratique
1760 3099 1988 3164 fuerint,
2029 3101 2193 3156 tertio

603 3202 750 3241 anno
783 3188 1192 3243 communicent
1219 3189 1338 3245 sine
1369 3190 1669 3256 oblatione,
1713 3201 1775 3247 ut
1805 3192 1859 3247 id
1892 3193 2038 3262 quod
2063 3208 2192 3263 per-

2299 2005 2411 2060 τῶν
2434 2005 2838 2076 δειπνησάντων
2869 2009 2950 2071 είς
2964 2007 3031 2060 τά
3058 2009 3273 2074 εἴδωλα,
3305 2009 3424 2063 ὅσοι
3468 2009 3568 2080 μὲν
3605 2011 3866 2081 ἀπαγόμε-

2301 2115 2382 2150 νοι
2434 2099 2528 2150 καὶ
2569 2098 2812 2168 σχήματι
2869 2097 3211 2170 φαιδροτέρῳ
3256 2099 3512 2169 ἀνῆλθον,
3573 2102 3668 2154 καὶ
3697 2101 3864 2172 ἐσθῆτι

2298 2189 2606 2261 ἐχρήσαντο
2636 2187 3094 2261 πολυτελεστέρα,
3124 2190 3221 2244 καὶ
3283 2191 3546 2261 μετέσχον
3578 2191 3672 2244 τοῦ
3707 2209 3865 2260 παρα-

2301 2281 2694 2344 σκευασθέντος
2739 2281 2958 2334 δείπνου
3021 2282 3351 2351 ἀδιαφόρως,
3405 2283 3584 2349 ἔδοξεν
3644 2284 3866 2338 ἐνιαυτὸν

2298 2371 2624 2441 ἀκροᾶσθαι,
2653 2372 2947 2424 ὑποπεσεῖν
2974 2372 3031 2425 δέ
3081 2371 3209 2442 τρία
3233 2371 3350 2442 ἐτη,
3379 2374 3550 2444 εὐχῆς
3610 2373 3666 2427 δέ
3718 2373 3864 2443 μόνης

2299 2462 2630 2532 κοινωνῆσαι
2657 2462 2752 2534 ἐτη
2778 2463 2894 2530 δύο,
2927 2464 3023 2518 καὶ
3076 2463 3200 2518 τότε
3231 2465 3404 2519 ἐλθεῖν
3449 2467 3546 2518 ἐπὶ
3575 2466 3635 2518 τὸ
3659 2465 3862 2519 τέλειον.

2365 2651 2428 2700 ε’.
2458 2645 2613 2698 Ὅσοι
2659 2645 2715 2698 δέ
2754 2646 2984 2716 ἀνῆλθον
3029 2645 3168 2716 μετά
3207 2647 3434 2718 ἐσθῆτος
3475 2648 3755 2719 πενθικῆς,
3783 2639 3863 2703 καὶ

2298 2739 2661 2802 ἀναπεσόντες
2693 2738 2916 2808 ἔφαγον,
2947 2739 3148 2810 μεταξὺ
3171 2739 3238 2793 δι’
3265 2741 3394 2811 ὅλης
3414 2741 3514 2811 τῆς
3548 2740 3862 2803 άνακλίσεως

2297 2831 2659 2901 δακρύοντες,
2717 2831 2767 2883 εί
2825 2831 3155 2902 ἐπλήρωσαν
3198 2833 3292 2884 τὸν
3355 2832 3454 2902 τῆς
3515 2831 3862 2895 ὑποπτώσεως

2295 2924 2485 2994 τριετῆ
2516 2924 2739 2994 χρόνον,
2783 2923 2953 2996 χωρὶς
2983 2925 3302 2995 προσφορᾶς
3335 2924 3684 2996 δεχθήτωσαν
3703 2941 3718 2955 ⁸
3755 2924 3865 2978 εἰδὲ

2300 3017 2374 3087 μὴ
2406 3016 2638 3086 ἔφαγον,
2671 3017 2764 3070 δύο
2814 3017 3182 3080 ὑποπεσόντες
3229 3015 3346 3086 ἔτη,
3375 3016 3453 3088 τῷ
3498 3017 3670 3088 τρίτῳ
3695 3034 3866 3070 κοινω-

2296 3111 2620 3180 νησάτωσαν
2672 3111 2843 3179 χωρὶς
2894 3109 3246 3180 προσφορᾶς,
3305 3109 3392 3162 ἵνα
3444 3109 3505 3162 τὸ
3564 3111 3762 3163 τέλειον
3809 3111 3864 3178 τῇ

2295 3200 2587 3270 τετραετία
2657 3198 2896 3253 λάϐωσιο
2955 3200 3084 3263 τοὺς
3132 3200 3190 3253 δὲ
3244 3199 3590 3264 ἐπισκόπους
3638 3198 3868 3266 ἐξουσίαν

602 3277 805 3330 fectum
837 3285 942 3344 est,
969 3278 1210 3334 triennio
1253 3279 1548 3350 accipiant.
1579 3280 1889 3338 Statuimus
1913 3291 2096 3337 autem
2131 3290 2193 3338 ut

2297 3292 2441 3364 ἐχειν
2463 3294 2555 3346 τὸν
2581 3293 2783 3364 τρόπον
2801 3295 2902 3364 τῆς
2931 3295 3272 3363 ἐπιστροφῆς
3300 3295 3728 3365 δοκιμάσαντας,
3755 3295 3863 3364 φιλ-

602 3365 872 3435 cpiscopi,
920 3367 1084 3423 modo
1122 3369 1556 3425 conversationis
1607 3369 2037 3442 [conversionis]
2064 3385 2195 3426 exa-

604 3457 834 3522 minato,
889 3469 1218 3529 potestatem
1263 3460 1502 3516 habeant
1528 3461 1612 3516 vel
1647 3462 1830 3517 utendi
1879 3463 2192 3526 clementia,

604 3549 690 3603 vel
720 3549 842 3618 plus
870 3551 1133 3620 temporis
1182 3551 1505 3618 adjiciendi.
1535 3551 1675 3608 Ante
1715 3553 1900 3608 omnia
1927 3564 2109 3608 autem
2140 3560 2196 3608 et

603 3642 920 3714 praecedens
941 3643 1076 3709 vita,
1105 3652 1160 3698 et
1203 3658 1326 3712 qua:
1351 3653 1649 3698 consecuta
1682 3654 1788 3710 est,
1821 3645 2192 3712 examinetur,

603 3749 659 3794 et
679 3739 758 3795 sic
790 3741 872 3796 eis
905 3741 1196 3795 clementia
1223 3740 1590 3810 impertiatur.

676 3852 730 3908 δ’.
773 3851 851 3908 De
889 3852 977 3918 iis,
1015 3853 1108 3922 qui
1143 3853 1394 3923 supplicii
1425 3853 1627 3918 minis.
1669 3862 1724 3909 et
1761 3854 2027 3910 bonorum
2051 3859 2194 3911 abla-

608 3945 795 4010 tionis,
845 3946 931 4002 vel
972 3947 1449 4002 exterminationis
1507 3955 1720 4002 tantum
1777 3957 2089 4010 cesserunt,
2140 3957 2194 4003 et

607 4035 1081 4102 sacriﬁcaverunt,
1109 4042 1161 4090 et
1187 4035 1252 4090 ad
1285 4050 1528 4106 praesens
1558 4052 1733 4106 usque
1768 4045 1984 4105 tempus
2018 4037 2194 4106 patui-

604 4128 831 4183 tentiam
861 4143 970 4182 non
1018 4137 1270 4199 egerunt,
1305 4143 1405 4184 nec
1433 4129 1684 4184 conversi
1713 4137 1873 4195 sunt;
1903 4145 2049 4184 nunc
2094 4145 2194 4184 au-

602 4232 712 4276 tem
744 4221 886 4275 circa
933 4229 1148 4290 tempus
1177 4220 1371 4291 synodi
1410 4229 1819 4289 processerunt,
1861 4229 1915 4275 et
1959 4236 2192 4276 conver-

603 4311 773 4365 sionis
845 4311 1232 4379 cogitationem
1311 4310 1646 4365 induerunt:
1711 4312 1889 4366 visum
1959 4320 2048 4367 est
2122 4312 2191 4368 ad

604 4417 862 4472 magnum
897 4418 1073 4472 usque
1099 4402 1244 4457 diem
1272 4417 1365 4457 eos
1401 4403 1466 4456 ad
1497 4402 1834 4457 auditionem
1860 4402 2102 4469 admitti,
2134 4411 2191 4459 et

602 4506 725 4566 post
767 4512 1027 4568 magnum
1062 4495 1208 4552 diem
1261 4497 1438 4551 tribus
1465 4499 1625 4552 annis
1662 4513 1785 4552 esse
1815 4499 2091 4568 supplices
2137 4507 2192 4552 et

603 4589 904 4653 substerni,
941 4597 995 4643 et
1041 4596 1165 4658 post
1206 4587 1344 4643 alios
1391 4587 1531 4643 duos
1574 4603 1749 4642 annos
1778 4589 2190 4644 communicare

603 4682 722 4735 sine
756 4649 1059 4746 oblatione;
1076 4688 1130 4735 et
1161 4680 1242 4735 sic
1273 4680 1341 4734 ad
1377 4680 1430 4734 id
1464 4679 1607 4750 quod
1651 4679 1956 4748 perfectum
1982 4690 2067 4734 est
2098 4695 2186 4734 ve-
2213 4649 2267 4709 D

604 4775 739 4837 nire,
783 4780 840 4827 ut
879 4781 1050 4829 totum
1099 4773 1426 4830 sexennium
1459 4773 1757 4843 impleant:
1809 4773 1853 4827 si
1887 4772 1978 4841 qui
2005 4781 2188 4826 autem

603 4875 731 4920 ante
773 4864 918 4920 bane
955 4866 1227 4937 synodqu
1262 4865 1328 4920 ad
1357 4865 1737 4935 paenitentiam
1773 4863 2001 4919 admissi
2035 4872 2186 4926 sunt,

602 4961 672 5014 ab
701 4959 796 5015 illo
835 4969 1081 5029 tempore
1110 4959 1190 5015 eis
1226 4959 1548 5016 sexennium
1578 4958 1843 5023 reputari.
1871 4955 1976 5012 Sed
2013 4957 2061 5010 si
2095 4970 2191 5026 pe-

601 5053 861 5118 riculum,
903 5054 1211 5123 mortisque
1247 5053 1585 5123 exspectatio
1628 5066 1694 5106 ex
1722 5051 1931 5116 morbo,
1959 5049 2046 5105 vel
2090 5048 2188 5102 ali-

601 5159 712 5215 qua
755 5145 862 5200 alia
896 5145 1190 5202 occasione
1227 5144 1492 5210 evenerit,
1540 5144 1580 5200 ii
1611 5144 1714 5200 sub
1748 5142 2070 5199 deﬁnitione
2101 5158 2191 5199 re-

602 5235 893 5305 cipiantur.

674 5354 729 5410 7.
769 5353 845 5410 De
883 5355 950 5411 iis
979 5355 1074 5426 qui
1117 5355 1174 5410 in
1205 5353 1349 5412 festo
1386 5356 1606 5410 cthnico
1661 5353 1717 5408 in
1750 5353 1871 5409 loco
1895 5352 2192 5424 gentilibus

603 5453 883 5522 deputato,
935 5451 1211 5508 convivali
1246 5458 1397 5512 sunt,
1429 5459 1486 5504 et
1526 5449 1778 5520 proprios
1811 5450 1965 5504 cibos
2005 5447 2196 5502 attule-

605 5554 757 5609 runt,
793 5555 846 5600 et
866 5543 1260 5600 comederunt:
1291 5543 1472 5597 visum
1501 5549 1607 5607 est,
1641 5557 1766 5596 cum
1807 5540 2028 5595 biennio
2056 5539 2188 5595 sub-

606 5641 763 5696 strati
787 5639 1013 5706 fuerint,
1064 5652 1189 5696 esse
1221 5635 1602 5708 ~recipiendos.
1637 5635 1800 5706 322
1856 5633 1938 5687 An
1996 5647 2191 5687 unum-

2296 3383 2745 3453 ανθρωπεύεσθαι
2779 3385 2812 3457 ἢ
2860 3384 3086 3437 πλείονα
3120 3383 3475 3452 προστιθέναι
3505 3385 3726 3457 χρόνον*
3775 3382 3869 3447 πρὸ

2295 3477 2514 3529 πάντων
2543 3475 2600 3530 δὲ
2627 3477 2723 3530 καὶ
2747 3479 2774 3530 ό
2801 3477 3049 3548 προέχων
3074 3477 3187 3548 βίος
3209 3477 3304 3530 καὶ
3327 3479 3355 3530 ὁ
3389 3477 3528 3546 μετά
3566 3477 3733 3531 ταῦτα
3789 3475 3866 3541 ἐξ·

2296 3566 2605 3635 εταζέσθω,
2643 3569 2739 3622 κειιλ⁵
2768 3567 2943 3633 οὕτως
2973 3570 3006 3639 ἡ
3043 3569 3425 3638 φιλανθρωπία
3461 3568 3864 3641 ἐπιμετρείσθω.

2368 3869 2441 3934 ς’.
2471 3869 2608 3942 Περὶ
2633 3869 2741 3922 τῶν
2766 3867 2963 3940 ἀπειλῇ
3002 3867 3164 3939 μόνον
3189 3867 3449 3934 εἰξάντων
3479 3867 3768 3929 κολάσεως,
3787 3871 3868 3918 καὶ

2293 3965 2636 4037 ἀφαιρέσεως
2662 3964 3018 4035 ὑπαρχόντων
3047 3963 3081 4035 ἢ
3115 3963 3422 4034 μετοικίας,
3461 3963 3559 4016 καὶ
3589 3962 3866 4026 θυσάντων,

2293 4059 2389 4112 καὶ
2431 4057 2592 4127 μέχρι
2631 4054 2727 4109 τοῦ
2762 4054 3031 4124 παρόντος
3081 4052 3276 4125 καιροῦ
3312 4055 3386 4126 μὴ
3419 4053 3866 4125 μετανοησάντων,

2296 4148 2432 4219 μηδὲ
2483 4146 2952 4218 ἐπιστρεψάντων,
2980 4146 3074 4200 νῦν
3119 4146 3177 4199 δὲ
3228 4146 3383 4218 παρά
3430 4147 3520 4199 τὸν
3567 4144 3751 4214 καιρὸν
3780 4141 3868 4210 τῆς

2296 4239 2516 4293 συνόδου
2545 4237 2974 4308 προσελθόντων,
3004 4237 3099 4291 καὶ
3131 4239 3211 4301 εἰς
3232 4237 3469 4290 διάνοιαν
3501 4237 3604 4308 τῆς
3637 4237 3867 4306 ἐπιστρο-

2293 4331 2401 4400 φῆς
2435 4330 2767 4400 γενομένων,
2802 4329 2948 4393 ἔδοξε
2984 4331 3146 4401 μέχρι
3173 4333 3271 4401 τῆς
3303 4331 3548 4400 μεγάλης
3573 4330 3779 4402 ἡμέρας
3799 4328 3867 4387 εἰς

2292 4422 2556 4493 ἀκρόασιν
2586 4420 2866 4491 δεχθῆναι,
2891 4422 2984 4474 καὶ
3013 4422 3151 4489 μετά
3189 4421 3288 4491 τὴν
3319 4423 3564 4492 μεγάλην
3594 4421 3866 4474 ὑποπεσεῖν

2292 4513 2420 4584 τρία
2443 4513 2561 4584 ἔτη,
2593 4513 2688 4565 καὶ
2730 4513 2872 4582 μετὰ
2923 4511 3058 4566 ἄλλα
3088 4511 3180 4564 δύο
3227 4511 3322 4583 ἐτη
3360 4512 3686 4581 κοινωνῆσαι
3716 4507 3866 4580 χωρὶς

2296 4607 2634 4678 προσφορᾶς,
2669 4605 2766 4658 καὶ
2812 4604 2986 4666 οὓτως
3027 4603 3203 4656 ἐλθεῖν
3237 4604 3331 4657 ἐπὶ
3376 4603 3435 4656 τὸ
3474 4604 3710 4656 τέλειον·
3741 4599 3864 4652 ὥστε

2294 4699 2396 4768 τὴν
2438 4697 2616 4750 πᾶσαν
2649 4696 2900 4762 ἑξαετίαν
2945 4695 3267 4766 πληρῶσαν
3311 4697 3358 4748 εἰ
3394 4694 3451 4749 δέ
3482 4711 3628 4757 τινες
3653 4692 3752 4764 πρὸ
3782 4690 3865 4757 τῆς

2299 4789 2520 4844 συνόδου
2543 4789 2749 4858 ταύτης
2777 4788 3075 4859 ἐδέχθησαν
3106 4789 3186 4851 εἰς
3212 4787 3503 4858 μετάνοιαν
3533 4787 3629 4840 ἀπ’
3673 4783 3864 4838 ἐκείνου

2293 4880 2389 4936 τοῦ
2431 4882 2623 4954 χρόνου
2655 4880 2967 4951 λελογίσθαι
3025 4881 3211 4944 αὐτοῖς
3269 4881 3368 4950 τὴν
3418 4879 3594 4952 ἀρχὴν
3628 4879 3723 4948 τῆς
3756 4873 3862 4938 ἐξα-

2294 4973 2473 5037 ετίας·
2505 4974 2555 5026 εξ
2600 4971 2785 5042 μέντοι
2819 4969 3084 5036 κίνδυνος,
3109 4969 3203 5022 καὶ⁵
3223 4968 3454 5021 θανάτου
3507 4961 3791 5037 προσδοκία
3810 4960 3863 5010 ἐν

2294 5066 2451 5119 νόσου
2491 5065 2523 5137 ἦ
2561 5064 2729 5134 ἄλλης
2778 5064 2924 5127 τινὸς
2965 5062 3294 5134 προφάσεως
3349 5058 3619 5130 συμϐαίη,
3660 5053 3861 5111 τούτους

2294 5158 2388 5211 ἐπὶ
2416 5157 2528 5228 ὅρῳ
2550 5156 2830 5228 δεχθῆναι.

2369 5353 2436 5419 ζ’.
2478 5353 2617 5422 Περὶ
2652 5352 2761 5408 τῶν
2806 5349 3269 5406 συνεστιαθέντων
3304 5351 3361 5403 ἐν
3393 5348 3554 5421 ἑορτῇ
3582 5344 3783 5412 ἐθνικῇ,
3812 5338 3858 5391 ἐν

2295 5449 2446 5516 τόπῳ
2475 5445 2848 5517 ἀφωρισμένῳ
2877 5445 2989 5506 τοῖς
3031 5429 3294 5506 ἐθνικοῖς,
3323 5442 3430 5494 ἴδια
3475 5439 3732 5510 βρώματα
3756 5434 3856 5483 ἐπ’--

2298 5541 2684 5612 κομισαμένων
2727 5540 2822 5592 καὶ
2844 5539 3149 5608 φαγόντων,
3177 5537 3321 5602 ἔδοξε
3345 5536 3547 5590 διετίαν
3578 5526 3854 5587 ὑποπεσόν-

2300 5652 2400 5699 τας
2443 5633 2736 5706 δεχθῆναι·
2767 5634 2829 5686 τὸ
2883 5635 2940 5686 δὲ
2981 5634 3030 5686 εί
3067 5632 3172 5706 χρὴ
3230 5631 3370 5702 μετά
3414 5630 3512 5701 τῆς
3545 5618 3853 5696 προσφορᾶς.

680 5825 790 5894 (13)
830 5824 890 5878 In
928 5824 1120 5882 codice
1145 5819 1401 5879 Ecclesia).
1434 5818 1694 5876 Romanae
1721 5817 1875 5875 'cdito
1907 5815 2197 5886 Moguntia:
2238 5815 2327 5872 hic
2413 5829 2588 5872 canon
2627 5811 2942 5869 Grzccorum
2988 5832 3041 5883 v,
3116 5828 3221 5869 non
3275 5809 3573 5882 sejungitur
3607 5822 3633 5862 a
3681 5807 3851 5873 quam)

568 5970 570 5972 _
614 5894 916 5964 superiore.
