4156 6456
319 386 424 451 80!

1102 371 1504 436 SYNTAGMA
1555 364 1944 428 CANONUM.
1971 387 2042 399 -
2079 363 2229 423 ΤΙΤ-
2259 363 2363 436 ΙΧ,
2392 363 2548 423 CAP.
2589 362 2858 422 XXXIX.

3490 355 3595 423 80?.

321 495 544 565 ἑκάστῳ
589 491 697 545 τῶν
747 485 1075 542 ἐπισκόπων
1117 482 1320 550 ἐξέστω
1355 478 1671 550 δοκιμάσαι,
1706 475 1916 531 καὶτὸν

2044 488 2293 543 ιιιοιηηυθ
2343 483 2525 529 autem
2566 489 2691 527 cum
2722 471 2995 528 oblatione
3046 470 3287 540 recipere
3320 481 3591 539 Oporteat,

319 585 480 639 ἄλλον
508 581 623 652 βίον
659 577 745 648 ἐφ’
777 578 1009 632 ἑκάστου
1038 571 1312 636 ἐξετάσαι.

395 773 466 838 η’.
498 766 565 817 Οι
607 761 664 815 δὲ
698 758 947 828 δεύτερον
971 755 1066 809 καὶ
1086 754 1268 824 τρίτον
1304 750 1568 812 θύσαντες
1595 743 1746 838 ,μετὰ
1766 743 1910 814 βίας,

322 837 646 928 τετραετίαν
676 848 1126 912 ὑποπεσέτωσαν,
1150 843 1244 896 δύο
1271 842 1328 894 δέ
1349 841 1445 911 ἐτη
1477 837 1648 910 χωρὶς
1675 851 1915 905 προσφο-

329 927 436 1022 ρᾶςγ
462 945 976 1017 κοινωνησάτωσαν,
1013 939 1108 994 καὶ
1141 937 1219 1010 τῷ
1245 935 1457 1006 ἑϐδόμῳ
1486 929 1708 994 τελείως
1724 927 1917 998 δεχθή’

325 1058 532 1095 τωσαν.

407 1132 472 1184 θ’.
495 1131 651 1183 ’Ὀσοι
685 1128 740 1180 δὲ
775 1125 849 1196 μὴ
892 1123 1051 1195 μόνον
1105 1120 1423 1196 ἀπέστησαν
1451 1114 1586 1168 ἀλλὰ
1622 1113 1716 1166 καὶ
1753 1112 1920 1165 ἐπαν-

330 1224 567 1294 έστησαν
594 1221 687 1274 καὶ
715 1192 1032 1287 ἠνάγκασαν
1065 1211 1345 1279 ἀδελφοὺς,
1365 1192 1462 1263 καὶ
1494 1206 1654 1261 αἴτιοι
1675 1203 1920 1272 ἐγένοντο

329 1313 428 1368 τοῦ
455 1293 892 1381 ἀναγκασθῆναι,
909 1301 1054 1360 οὗτοι
1079 1305 1173 1374 ἔτη
1196 1305 1292 1373 μὲν
1320 1301 1445 1372 τρία
1466 1299 1558 1351 τὸν
1587 1300 1688 1367 τῆς
1713 1293 1922 1366 ἀκροά-

336 1422 476 1467 σεως
528 1399 872 1467 δεξάσθωσαν
945 1396 1148 1448 τόπονο
1199 1395 1257 1445 ἐν
1302 1391 1359 1443 δὲ
1404 1388 1543 1460 ἄλλῃ
1578 1383 1794 1454 ἐξαετίᾳ.
1831 1381 1921 1434 τὸν

334 1497 436 1566 τῆς
465 1491 860 1552 ὑποπτώσεως·
889 1487 1046 1542 ἄλλον
1075 1485 1131 1538 δὲ
1156 1483 1399 1537 ἐνιαυτὸν
1434 1477 1922 1546 κοινωνησάτωσαν

343 1565 514 1656 χωρὶς
560 1581 904 1653 προσφορᾶςο
935 1578 1021 1630 ἵνα
1045 1576 1144 1646 τὴν
1183 1571 1466 1626 δεκαετίαν
1514 1565 1920 1636 πληρώσαντες,

339 1677 441 1730 τοῦ
467 1676 671 1729 τελείου
699 1671 1041 1743 μετάσχωσιν
1060 1683 1072 1695 ³
1097 1669 1154 1720 ἐν
1186 1667 1368 1736 μέντοι
1398 1660 1570 1729 τούτῳ
1608 1657 1685 1727 τῷ
1728 1654 1921 1727 χρόνῳ,

339 1770 437 1822 καὶ
465 1771 552 1821 τὸν
582 1766 739 1820 ἄλλον
767 1761 946 1817 αὐτῶν
971 1756 1352 1828 ἐπιτηρεῖσθαι
1379 1753 1516 1824 βίον.

567 1857 837 1911 Συ-νόὸου
885 1849 1351 1917 Νεοκίιισαρείας
1381 1845 1582 1899 κανὼν
1633 1842 1698 1912 β’.

416 1952 480 2022 β’.
497 1950 640 2019 Γυνὴ
665 1949 758 2002 ἐὰν
782 1947 1028 2017 γήμηται
1050 1943 1140 1996 δύο
1157 1942 1424 2009 ἀδελφοῖς,
1445 1935 1749 2002 ἐξωθείσθω
1767 1933 1926 2005 μέχρι

348 2043 612 2098 θανάτου’
674 2039 815 2110 πλὴν
878 2039 936 2089 ἐν
983 2036 1062 2106 τῷ
1103 2034 1319 2102 θανάτῳ
1374 2030 1462 2083 διὰ.
1516 2027 1928 2098 φιλανθρωπίαν

348 2132 579 2186 είποῦσα
640 2131 716 2193 ὡς
770 2129 1041 2197 ὑγιάνασα
1104 2125 1256 2176 λύσει
1296 2123 1386 2175 τὸν
1438 2119 1638 2190 γάμον,
1666 2118 1774 2184 ἕξει
1834 2116 1930 2186 τὴν

353 2225 660 2295 μετάνοιαν·
690 2221 786 2274 ἐὰν
815 2219 870 2272 δὲ
899 2217 1196 2286 τελευτήσῃ
1225 2215 1258 2285 ἡ
1285 2211 1424 2295 γυνὴ
1454 2213 1510 2263 ἐν
1527 2208 1751 2278 τοιούτῳ
1771 2207 1933 2276 γάμῳ

351 2294 508 2375 οὖσα,
549 2313 667 2384 ἦτοι
705 2312 733 2364 ὁ
771 2308 929 2379 ἀνὴρ,
981 2305 1251 2377 δυσχερὴς
1295 2294 1372 2374 τῷ
1403 2301 1645 2373 μείναντι
1681 2301 1715 2370 ἡ
1773 2299 1938 2370 μετά-

352 2422 489 2459 νοια.

653 2491 924 2548 Συνόδου
954 2487 1308 2553 Λαοδικείας
1340 2484 1542 2540 κανὼν
1575 2483 1639 2554 β’.

433 2587 498 2659 β’.
546 2585 685 2654 Περὶ
726 2582 820 2636 τοῦ
872 2581 999 2644 τοὺς
1047 2576 1521 2648 ἐξαμαρτάνοντας
1565 2575 1622 2628 ἐν
1663 2572 1938 2644 διαφόροις
1976 2567 1985 2578 ⁷

357 2675 706 2748 πταίσμασι,
747 2676 843 2727 καὶ
872 2668 1419 2742 προσκαρτεροῦντας
1439 2669 1506 2737 τῇ
1539 2668 1812 2736 προσευχῇ
1844 2667 1941 2735 τῆς

360 2771 802 2843 ἐξομολογήσεως
848 2766 945 2819 καὶ
996 2762 1302 2834 μετανοίας,
1335 2759 1428 2813 καὶ
1468 2757 1565 2828 τὴν
1595 2755 1942 2827 ἀποστροφὴν

360 2865 470 2919 τῶν
497 2861 682 2916 κακῶν
706 2859 918 2912 τελείαν
949 2853 1328 2924 ποιουμένους,
1353 2848 1497 2904 κατὰ
1529 2849 1629 2917 τὴν
1655 2846 1942 2914 ἀναλογίαν

360 2954 457 3009 τοῦ
507 2954 848 3022 πταίσματος
896 2946 1090 3018 καιροῦ
1140 2945 1428 3015 μετανοίας
1496 2940 1775 3004 δοθέντος,
1819 2939 1946 3002 τοὺς

363 3046 638 3108 τοιούτους
681 3041 772 3096 διὰ
824 3039 949 3103 τοὺς
993 3035 1312 3108 οἰκτιρμοὺς
1355 3033 1447 3086 καὶ
1491 3030 1588 3103 τὴν
1629 3029 1947 3098 ἁγαθότητα

362 3137 460 3192 τοῦ
495 3133 630 3190 Θεοῦ
665 3130 1037 3206 προσάγεσθαι
1061 3131 1128 3200 τῇ
1161 3126 1439 3197 κοινωνίᾳ.

349 3243 637 3308 ¹Συνόδου
674 3245 1087 3315 Καρθαγέννης
1135 3239 1445 3315 κανὼν-ς’,
1477 3236 1520 3304 ζ’
1539 3238 1652 3315 κζ’,
1698 3231 1807 3315 μγξ,
1843 3238 1948 3304 με’.

443 3323 620 3375 Ὥστε
649 3309 891 3387 χρίᾶμᾱ
910 3315 1026 3369 ἀπὸ
1042 3309 1566 3382 -πρεσϐυτέρωνμὴ
1592 3309 1881 3378 γίνεσθαι.

447 3419 519 3478 ς’.
540 3408 939 3481 Φουρτουνάτος
973 3405 1269 3465 ἐπίσκοπος
1295 3401 1469 3454 εἶπεν·
1487 3401 1574 3454 Ἐν
1604 3402 1722 3461 ταῖς
1753 3396 1954 3464 προλα-

373 3504 597 3565 ϐούσαις
635 3499 873 3562 συνόδοις
923 3495 1250 3567 μεμνήμεθα
1280 3509 1444 3564 usque
1482 3492 1550 3546 ad
1584 3490 1693 3544 ἀπὸ
1731 3489 1951 3542 πάντων

375 3596 688 3653 ἐπισκόπων
714 3591 906 3664 ἐλέχθη
924 3607 938 3622 ·
977 3592 1147 3644 Πᾶσιν
1173 3587 1418 3659 ἀρέσκει.
1454 3584 1770 3655 Χρίσματος
1794 3581 1951 3650 ποίη-

377 3709 462 3755 σις
490 3691 585 3744 καὶ
609 3685 785 3756 κορῶν
810 3683 1157 3753 καθιέρωσις,
1178 3679 1345 3736 κ.τ.λ.

375 3782 517 3854 Περὶ
579 3778 688 3847 τῆς
727 3776 846 3832 τῶν
904 3774 974 3829 ἐν
1010 3773 1269 3896 κιέδὺιξῳ
1303 3768 1690 3824 καθεστώτων
1736 3769 1955 3819 καταλ-

1111 3860 1283 3896 amo.

1111 3860 1283 3913 αγνης.

450 3947 514 4010 ξ’.
545 3941 813 4014 Αὐρήλιος
845 3937 1139 3999 ἐπίσκοπος
1176 3931 1348 3987 εἶπεν⁹
1369 3932 1491 3987 Ἐάν
1514 3947 1597 3993 τις
1630 3931 1687 3982 ἐν
1728 3927 1958 3999 κινδύνῳ

380 4035 681 4100 καθεστὼς,
710 4033 908 4102 αίτήση
957 4028 1150 4082 ἑαυτὸν
1177 4023 1583 4094 καταλλαγῆναι
1630 4023 1743 4100 τοῖς
1795 4020 1957 4086 ίεροῖς

380 4125 813 4196 θυσιαστηρίοις,
847 4121 939 4176 τοῦ
966 4119 1265 4172 ἐπισκόπου
1297 4115 1549 4180 ἀπόντος,
1588 4112 1787 4181 ὀφείλει
1817 4107 1958 4164 είκόο

380 4238 488 4283 τως
533 4221 561 4272 ὁ
603 4215 976 4286 πρεσϐύτερος
1033 4210 1307 4282 ἐρωτῆσαι
1361 4206 1453 4260 τὸν
1499 4204 1831 4270 ἐπίσκοπον,
1867 4204 1960 4257 καὶ

383 4311 556 4373 οὕτως
594 4309 684 4361 τὸν
723 4309 780 4359 ἐν
813 4303 1041 4372 κινδύνῳ
1067 4298 1396 4364 καταλλάξαι
1429 4297 1572 4350 κατὰ
1617 4295 1715 4366 τὴν
1751 4295 1960 4348 ἐκείνου

387 4401 791 4472 παραγγελίανσ
819 4397 975 4450 τοῦτο
1015 4394 1069 4448 δὲ
1097 4393 1159 4446 τὸ
1188 4393 1418 4464 πρᾶγμα
1462 4389 1750 4459 ὀφείλομεν
1789 4404 1964 4458 σωτη-

2013 574 2096 618 est
2121 564 2501 634 episcoporum
2527 563 2865 631 examinare,
2895 570 2950 618 et
2974 561 3139 617 aliam
3167 561 3332 616 vitam
3365 563 3421 616 in
3448 577 3592 616 uno-

2014 669 2236 724 quoque
2271 655 2576 724 inquirere.

2085 745 2139 801 8.
2192 746 2297 811 Qui
2339 757 2522 800 autem
2553 745 2638 799 his
2675 743 2757 799 vel
2793 751 2875 798 ter
2913 741 3298 798 sacrificarunt
3323 755 3420 809 per
3448 740 3596 804 vim',

2020 839 2254 893 triennio
2296 839 2756 902 substernantur,
2794 835 3008 890 duobus
3049 842 3229 887 autem
3266 832 3426 886 anuis
3480 832 3600 886 sine

2018 931 2291 986 oblatione
2320 927 2725 985 communicent
2750 967 2765 994 ,
2801 936 2856 982 et
2885 925 3116 996 septimo
3144 921 3382 994 perfecte
3427 921 3602 978 susci-

2018 1021 2257 1093 piantur.

2091 1113 2144 1167 9.
2186 1111 2512 1181 Quicunque
2540 1121 2720 1167 autem
2758 1125 2866 1165 non
2895 1109 3069 1164 solum
3103 1109 3477 1173 desciverunt,
3506 1105 3603 1161 sed

2021 1203 2184 1259 etiam
2222 1204 2675 1265 insurrexerunt,
2713 1211 2766 1255 ct
2801 1199 2998 1254 fratres
3025 1215 3156 1255 suos
3181 1206 3516 1268 coegerunt,
3548 1203 3604 1250 et

2022 1310 2202 1350 causae
2236 1293 2452 1348 fuerunt
2494 1302 2553 1347 ut
2585 1302 2907 1362 cogerentur
2929 1333 2942 1353 ,
2986 1292 3018 1345 ii
3051 1292 3210 1346 annis
3241 1291 3458 1360 quidem
3502 1287 3603 1343 tri-

2022 1385 2126 1439 bus
2156 1383 2452 1438 auditionis
2483 1383 2662 1437 locum
2695 1382 3039 1450 suscipiant,
3072 1396 3166 1435 sex
3197 1377 3600 1442 substratioriis,

2024 1477 2130 1530 alio
2177 1484 2360 1529 autem
2409 1490 2554 1529 anno
2596 1476 2715 1530 sine
2757 1474 3032 1528 oblatione
3073 1473 3509 1534 communicent,
3546 1480 3605 1523 ut

2025 1567 2291 1622 decennio
2341 1567 2594 1636 expleto,
2649 1565 2768 1635 ejus
2805 1565 2952 1635 quod
3000 1573 3084 1619 est
3115 1547 3453 1634 perfectum,
3498 1562 3606 1617 sint

2026 1658 2336 1730 participes.
2379 1657 2581 1711 Eorum
2643 1664 2825 1710 autem
2884 1658 2940 1712 in
2987 1672 3052 1712 eo
3098 1671 3314 1726 quoque
3367 1665 3607 1724 tempore

2027 1750 2191 1805 vitam
2222 1749 2536 1803 exarninare
2565 1759 2797 1820 oportet.

2313 1838 2541 1893 Concilii
2575 1838 3026 1893 Ncocwsariensis
3056 1855 3244 1892 canon.
3270 1837 3326 1891 2.

2102 1933 2160 1986 2.
2197 1932 2422 1987 Femina
2462 1933 2508 1988 si
2544 1933 2758 1987 duobus
2809 1933 3072 1987 fratribus
3109 1931 3379 2000 nupserit,
3422 1937 3608 1983 extru-

2036 2026 2198 2081 datur
2229 2040 2401 2095 usque
2435 2027 2499 2078 ad
2532 2034 2777 2079 mortem.
2815 2023 2919 2078 Sed
2952 2023 3004 2078 in
3036 2032 3241 2086 morte,-
3266 2030 3480 2091 propter
3509 2021 3613 2076 ltu-

2036 2120 2373 2181 manitatem,
2399 2118 2444 2171 si
2475 2117 2694 2183 dixerit,
2724 2115 2883 2185 quod-
2913 2115 3002 2169 ubi
3043 2115 3398 2178 convaluerit,
3442 2116 3615 2168 solvet

2035 2210 2467 2276 matrimonium,
2511 2209 2730 2262 habebit
2763 2207 3156 2278 pmnitentiam.
3188 2205 3292 2260 Sed
3326 2207 3370 2261 si
3400 2217 3613 2261 mortua

2037 2299 2203 2354 fuerit
2252 2300 2447 2353 mulier
2497 2299 2789 2363 exsistens,
2835 2299 2918 2353 vel
2975 2298 3096 2366 ejus
3143 2297 3391 2362 maritus,
3421 2297 3476 2351 in
3522 2298 3616 2351 tali

2036 2389 2292 2461 conjugio
2327 2389 2562 2444 dillicilis
2594 2399 2677 2444 est
2707 2389 3050 2459 pmnitentia.

2410 2482 2637 2536 Concilii
2666 2480 2951 2536 Laodiceni
2986 2497 3154 2534 canon
3187 2481 3246 2534 2.

2109 2575 2165 2630 2.
2209 2573 2312 2630 Eos
2364 2574 2458 2644 qui
2507 2574 2561 2628 in
2614 2573 2852 2629 diversis
2901 2573 3115 2627 delictis
3163 2579 3412 2642 pecrant,
3457 2579 3512 2623 et
3562 2569 3618 2622 in

2041 2668 2289 2722 oratione
2352 2665 2808 2734 confessioneque
2886 2673 2939 2719 et
3018 2663 3342 2732 poenitentia
3404 2661 3620 2715 fortiter

2042 2765 2413 2828 perseverant,
2457 2765 2512 2810 et
2569 2772 2628 2810 se
2677 2771 2707 2810 a
2764 2754 2922 2808 malis
2979 2752 3223 2823 perfecte
3275 2761 3618 2816 convertunt,

2045 2862 2290 2919 tempore
2349 2847 2685 2917 poenitentiae
2744 2846 2824 2902 eis
2893 2861 2988 2914 pro
3046 2845 3229 2899 delicti
3270 2847 3622 2913 proportione

2046 2941 2193 3008 dato,
2228 2949 2450 3011 propter
2488 2939 2586 2994 Dei
2630 2938 3018 2995 miserationes
3054 2947 3109 2994 et
3157 2937 3482 3001 bonitatem,
3538 2936 3623 2990 of-

2047 3032 2145 3088 feri
2178 3031 2576 3088 communioni.

2081 3231 2306 3289 Concilii
2345 3231 2780 3301 Carthaginensis
2813 3245 3035 3301 canones
3065 3228 3118 3293 6,
3168 3229 3221 3293 7,
3255 3228 3346 3301 27,
3381 3228 3472 3296 45,
3511 3226 3601 3282 45.

2347 3302 2415 3356 Ut
2453 3300 2679 3356 chrisma
2714 3318 2747 3354 a
2786 3300 3097 3370 presbyteris
3127 3315 3227 3352 non
3251 3300 3369 3367 ﬁat.

2128 3394 2182 3450 6.
2217 3395 2554 3450 Fortunatus
2580 3394 2872 3464 episcopus
2905 3391 3076 3446 dixit:
3098 3389 3152 3442 ln
3182 3391 3475 3460 praeteritis
3502 3405 3636 3445 con-

2060 3488 2222 3552 ciliis,
2269 3497 2371 3542 etc.
2407 3487 2569 3558 323
2614 3502 2776 3557 usque
2809 3485 2877 3539 ad
2912 3500 2932 3539 ε
2961 3485 3044 3540 Ab
3066 3485 3338 3539 universis
3367 3483 3638 3553 episcopis

2060 3579 2267 3634 dictum
2297 3589 2423 3635 est:
2454 3578 2719 3634 Omnibus
2759 3577 2957 3648 placet.
2988 3576 3322 3632 Chrismatis
3361 3576 3637 3633 confectio

2060 3683 2114 3729 et
2140 3673 2443 3743 puellarum
2471 3670 2830 3735 consecratio,
2850 3679 2955 3725 etc.
2980 3678 3040 3723 ut
3067 3687 3189 3741 pag.
3222 3669 3346 3726 562.

2209 3765 2280 3818 De
2300 3765 2380 3818 Itis
2405 3763 2496 3834 qui
2524 3764 2580 3816 in
2607 3761 2838 3832 periculo
2867 3763 3030 3832 positi
3061 3761 3495 3817 reconciliantur.

2135 3923 2190 3978 7.
2225 3921 2480 3976 Aurelius
2532 3920 2647 3990 (id)
2691 3918 2986 3989 episcopus
3031 3917 3205 3972 dixit:
3245 3915 3301 3970 Si
3345 3917 3639 3986 quisquam

2065 4021 2119 4073 in
2145 4018 2385 4088 periculo
2414 4015 2578 4070 fuerit
2605 4015 2960 4076 constitutus,
2991 4021 3046 4066 et
3076 4027 3135 4068 se
3155 4013 3499 4067 reconciliari
3525 4013 3640 4083 (15)

2065 4109 2268 4166 divinis
2297 4107 2564 4161 altaribus
2604 4104 2861 4174 petierit:
2895 4105 2940 4159 si
2983 4104 3272 4172 episcopus
3297 4101 3497 4157 absens
3517 4100 3644 4156 fue-

2068 4203 2158 4264 rit,
2207 4201 2366 4255 debet
2411 4198 2598 4266 utique
2635 4195 2921 4266 presbyter
2961 4192 3250 4247 consulere
3293 4192 3640 4260 episcopum,

2067 4302 2122 4348 ct
2170 4293 2253 4348 sic
2292 4291 2688 4361 periclitantem
2741 4287 2863 4356 ejus
2916 4293 3192 4355 praecepto
3243 4283 3638 4338 reconciliare:

2066 4400 2232 4456 quam
2307 4399 2419 4438 rem
2481 4382 2743 4435 debemus
2798 4376 3002 4432 salubri
3064 4374 3295 4430 consilio
3357 4373 3641 4428 roborare.

391 4495 571 4566 ριώδει
609 4491 767 4563 βουλῇ
795 4491 1059 4562 nopiam.
1097 4485 1228 4537 Ἀπὸ
1256 4485 1472 4535 πάντων
1508 4480 1613 4533 τῶν
1649 4479 1945 4532 ἐπισκόπωη

2044 4479 2152 4548 lAl)
2192 4475 2465 4530 universis
2513 4473 2787 4543 episcopis
2839 4470 3048 4524 dictum
3094 4475 3218 4522 est:
3267 4465 3449 4521 Placet
3500 4465 3643 4534 quod

390 4587 604 4656 ἐλέχθη·
642 4583 890 4653 Ἀρέσκει
935 4580 1072 4647 ὅπερ
1119 4579 1154 4645 ἡ
1183 4575 1426 4645 ὑμετέρα
1481 4571 1759 4642 ἁγιωσύνη
1797 4571 1968 4638 ἀναγ-

391 4680 562 4741 καίως
591 4679 737 4747 ἡμᾶς
768 4672 1044 4742 ὠφελῆσαι
1073 4667 1430 4739 κατηξίωσεν.

391 4789 786 4859 Πρεσϐύτεροι
846 4783 948 4859 καί
979 4780 1246 4836 διάκονοι
1307 4777 1404 4859 ἐπὶ
1425 4774 1740 4859 ,βαργτξριρ
1791 4777 1974 4859 (inap-

463 4845 1110 4928 τὴματίέλεγξχθέντες,
1138 4849 1513 4920 χειροθεσίαν
1531 4847 1610 4911 ὡς
1628 4845 1824 4900 λαῐκοὶ
1856 4863 1972 4915 μη-

465 4926 664 5000 δαμῶς
700 4926 1118 4990 ὑποδέξονται.

469 5040 572 5105 κζ’.
611 5039 842 5111 Ὁμοίως
879 5035 1183 5108 ἐϐεϐαιώθη
1214 5035 1290 5098 ὼς
1323 5034 1419 5088 ἐάν
1460 5049 1590 5085 ποτε
1613 5029 1973 5102 πρεσβύτεροι

399 5135 435 5204 ἣ
464 5133 722 5194 διάκονοι,
753 5131 844 5184 ἐπί
869 5146 976 5183 τινι
1007 5127 1278 5200 βαρυτέρα
1303 5123 1550 5196 ἁμαρτίᾳ
1569 5122 1886 5191 ἐλεγχθῶσι,
1910 5122 1974 5190 τῇ

2070 4569 2332 4624 sanctitas
2383 4573 2564 4620 vestra
2616 4559 2930 4616 necessario
2981 4573 3080 4613 nos
3111 4558 3384 4612 instruere
3424 4557 3644 4625 dignata

2067 4673 2172 4718 CSL

2075 4772 2370 4843 Presbyteri
2424 4779 2472 4824 et
2528 4767 2742 4843 diaconi
2793 4769 2846 4821 in
2897 4763 3331 4843 gravi_ore_culpa
3400 4761 3645 4827 convicti,

2141 4835 2329 4897 manus
2350 4841 2734 4911 impositionem
2759 4835 3010 4908 tanquam
3032 4835 3157 4888 laici
3181 4849 3510 4905 nequaquam
3531 4849 3648 4887 sus-

2143 4916 2358 4984 cipiunt.

2142 5027 2231 5081 27.
2269 5025 2400 5080 Item
2436 5023 2816 5079 confirmatum
2847 5032 2930 5077 est
2957 5021 3024 5086 ⁸⁸,
3059 5029 3119 5076 ut
3153 5020 3197 5076 si
3231 5021 3452 5089 quando
3497 5030 3651 5086 pres-

2075 5119 2247 5191 byteri
2285 5119 2366 5172 vel
2391 5116 2607 5172 diaconi
2648 5115 2700 5168 in
2745 5115 2927 5184 aliqua
2955 5113 3188 5184 graviori
3228 5111 3385 5180 culpa
3416 5109 3650 5164 convicti

402 5226 616 5298 ἀνάγκη
642 5225 836 5288 αὐτοὺς
868 5222 966 5293 τῆς
996 5217 1336 5290 λειτουργίας
1357 5215 1716 5285 ἀποκινούσῃ,
1743 5214 1817 5285 μὴ
1860 5215 1945 5265 ἐπι

2076 5213 2302 5276 fuerint,
2333 5225 2440 5280 qua
2475 5224 2568 5264 eos
2595 5223 2625 5261 a
2665 5207 2974 5262 ministerio
3006 5221 3228 5261 necesse
3251 5205 3323 5259 sit
3355 5202 3649 5265 removeri,

400 5317 647 5372 τίθεσθαι
680 5317 865 5379 αὐτοῖς
898 5315 1086 5385 χεῖρας
1139 5312 1214 5374 ὡς
1263 5307 1634 5382 μετανοοῦσιν,
1702 5305 1841 5378 ἢὼς
1889 5322 1980 5358 πι-

475 5501 530 5533 ⁶⁵
568 5469 830 5567 Οιινιιιες.
864 5511 920 5560 v,
962 5509 1011 5549 c.
1041 5495 1132 5549 9.5.

479 5655 874 5728 (14)(ὲοιιοῑιιιὶί
894 5651 1514 5728 sentcntiamﬁurelins,
1542 5649 1698 5728 «ει-είς
1719 5649 1809 5704 alii
1851 5650 1984 5704 alio-

409 5721 529 5784 rnin
574 5721 953 5798 episcoporum
996 5741 1027 5798 e
1059 5722 1432 5798 superioribus
1466 5721 1714 5776 conciliis
1752 5730 1973 5774 senten-

409 5803 510 5856 tias
542 5795 1076 5869 synodolirmandas
1106 5795 1322 5849 nomine
1344 5808 1444 5848 suo
1484 5805 1787 5860 proponere
1831 5807 1974 5846 nunc

2079 5323 2190 5364 non
2213 5305 2292 5360 eis
2327 5318 2521 5360 manus
2546 5312 2805 5374 tanquam
2840 5300 3232 5373 paenitentibus
3260 5297 3438 5364 laicis,
3470 5295 3648 5369 impo-

2086 5647 2359 5701 videntur.

2157 5718 2266 5789 (15)
2299 5717 2408 5772 MS.
2450 5734 2466 5768 ι
2505 5724 2556 5772 ct
2587 5732 2642 5772 se
2668 5713 2976 5771 comiliare.
3012 5729 3029 5764 ι
