4156 6504
572 383 678 447 803

1752 372 2012 435 PHOTII
2050 371 2558 433 PATRIARCH/E
2586 372 2699 431 CP.

3745 374 3843 438 804

577 506 773 560 natur;
828 487 1009 561 neque
1066 487 1526 560 permittendum,
1590 497 1649 542 ut
1707 486 2030 558 rebaptizati
2082 486 2149 541 ad

2270 487 2480 549 ςτικοῖς,
2516 484 2652 555 μηδὲ
2700 482 3099 554 ἐπιτρέπεσθαι
3139 482 3327 548 αὐτοῖς
3352 483 3495 539 ὥστε
3548 484 3842 541 ἀναδαπτι·

572 586 869 643 clericatus
910 584 1135 655 gradum
1166 588 1592 652 promoveantur
1623 576 1761 649 (16).

1098 672 1176 726 De
1209 672 1593 742 paenitentibus.

643 771 735 824 45.
796 766 869 822 Ut
913 766 1305 837 prenitentibus
1364 765 1410 797 “
1459 764 1758 819 secundum
1802 764 2163 821 differentiam

577 870 926 932 peccatorum
964 858 1206 927 episcopi
1239 856 1470 911 arbitrio
1519 857 1857 925 pmnitentiaa
1915 867 2162 927 tempora

579 956 948 1010 decernantur
980 969 994 1004 :
1026 959 1079 1005 et
1109 960 1168 1003 ut
1199 949 1487 1018 presbyter
1536 948 1851 1003 inconsulto
1901 950 2165 1020 episcopo

581 1063 691 1102 non
720 1044 1036 1100 reconciliet
1062 1041 1441 1112 poenitenlem,
1478 1040 1583 1095 nisi
1616 1041 1868 1095 absentia
1914 1040 2164 1110 episcopi

581 1139 907 1194 necessitate
964 1144 1216 1204 cogente.
1300 1132 1697 1202 Cujuscunque
1764 1142 1943 1185 autem
2002 1131 2167 1203 324

580 1229 899 1300 pmnitenlis
932 1227 1210 1297 publicum
1247 1233 1301 1279 et
1344 1224 1779 1295 vulgatissimum
1820 1224 2027 1277 crimen
2058 1234 2163 1286 est,

578 1323 723 1393 quod
777 1321 1089 1374 universam
1125 1318 1425 1373 Ecclesiam
1474 1318 1850 1383 commoverit,
1885 1326 2008 1372 ante
2050 1317 2164 1389 (Π)

578 1414 821 1468 absidem
854 1426 1052 1466 manus
1091 1410 1141 1465 ei
1176 1410 1551 1480 imponantur.

584 1612 657 1666 De
697 1608 1077 1681 aegrotantibus
1129 1608 1219 1677 qui
1265 1622 1483 1674 prorsus
1542 1606 1855 1674 respondere
1907 1620 2010 1659 non
2039 1619 2164 1673 pos-

1217 1687 1361 1731 sum.

654 1771 744 1827 ‘5.
776 1770 851 1826 Ut
887 1775 1237 1838 aegrotantes,
1272 1777 1327 1820 ut
1356 1783 1479 1837 pag.
1522 1766 1648 1822 ϐω.

832 1860 1058 1915 Concilii
1095 1859 1400 1912 wcumenici
1427 1873 1479 1911 v1
1510 1874 1680 1911 canon
1714 1856 1839 1911 102.

659 1955 780 2010 l0‘2.
837 1955 1062 2023 Oportet
1096 1962 1277 2006 autem
1334 1967 1429 2006 eos
1457 1952 1527 2016 ⁸⁷,
1563 1952 1658 2022 qui
1704 1950 1952 2006 solvendi
2000 1958 2054 2007 et
2102 1949 2168 2005 li-

584 2050 746 2121 gandi
789 2056 1118 2118 potestatem
1166 2061 1196 2100 a
1242 2045 1353 2099 Deo
1398 2058 1679 2113 accepere,
1728 2044 1939 2113 peccati
1998 2044 2169 2113 quali-

586 2152 753 2198 tatem
800 2140 1168 2204 cousiderare,
1225 2146 1281 2193 et
1312 2136 1428 2205 ejus
1494 2138 1587 2207 qui
1620 2137 1866 2207 peccavit
1921 2137 1990 2191 ad
2036 2153 2169 2191 con-

586 2232 895 2287 versionem
931 2238 1239 2300 promptum
1284 2228 1547 2293 studium,
1616 2239 1668 2283 et
1697 2228 1981 2283 sicmorbo
2034 2243 2169 2281 con-

587 2321 895 2376 venientem
948 2318 1143 2374 all‘erre
1195 2318 1525 2373 medicinam
1560 2336 1574 2374 :
1614 2332 1681 2372 ne
1735 2319 1779 2373 si
1836 2318 1889 2371 in
1935 2328 2170 2386 utroque

588 2410 1043 2465 immoderatione
1089 2420 1295 2473 utatur,
1326 2409 1392 2461 ab
1417 2408 1557 2478 ejus,
1614 2408 1708 2477 qui
1740 2408 1971 2473 laborat,
1998 2409 2171 2462 salute

585 2503 822 2558 excidat.
858 2500 976 2557 Non
1016 2500 1160 2556 enim
1205 2500 1435 2570 simplex
1500 2509 1583 2555 est
1646 2500 1866 2555 morbus
1917 2500 2168 2570 peccati,

586 2598 680 2649 sed
720 2594 906 2648 varius
967 2603 1017 2648 et
1076 2592 1450 2657 multiformis,
1494 2602 1547 2646 et
1596 2594 1797 2647 multas
1841 2592 2171 2648 incommodi

585 2686 913 2754 propagines
940 2684 1295 2753 germinans:
1343 2700 1407 2737 ex
1450 2684 1651 2753 quibus
1708 2685 1909 2738 malum
1940 2686 2169 2740 multum

586 2777 933 2839 dill‘unditur,
986 2789 1040 2831 et
1092 2776 1317 2830 ulterius
1346 2776 1708 2845 progreditur,
1757 2776 1933 2831 donec
1962 2777 2172 2833 viribus

587 2866 857 2921 medentis
910 2866 1202 2930 consistat,
1261 2864 1445 2931 Quare
1498 2866 1590 2935 qui
1646 2866 1930 2921 medicinae
1995 2868 2173 2922 scien-

586 2959 718 3027 tiam
780 2960 832 3012 in
876 2958 1069 3027 spiritu
1136 2957 1443 3027 proﬁtetur,
1492 2966 1704 3026 oportet
1764 2974 1889 3012 eum
1938 2960 2171 3028 primum

588 3051 708 3122 ejus
765 3051 861 3121 qui
918 3050 1187 3120 peccavit,
1212 3048 1564 3104 alicctionem
1595 3050 1945 3105 considerare
1976 3060 2029 3104 et
2059 3050 2175 3105 sive

2268 577 2533 647 ζομένους
2565 575 2704 647 πρὸς
2722 575 2815 629 τὸν
2837 576 2933 629 τοῦ
2956 575 3162 645 κλήρου
3193 574 3403 645 βαθμὸν
3425 575 3782 646 προκόπτειν.

2648 667 2791 734 Περὶ
2820 666 2940 720 τῶν
2960 668 3446 737 μετανοούντων.

2338 755 2450 830 μγ’.
2484 759 2651 812 Ὥστε
2688 761 2805 822 τοῖς
2841 758 3166 828 μετανοοῦσι
3213 757 3357 812 κατὰ
3397 759 3501 830 τὴν
3529 759 3642 813 τῶν
3676 760 3847 834 ἀμαρ-

2263 849 2524 919 τημάτων
2577 849 2842 920 διαφορὰν
2897 852 2963 921 τῇ
3013 850 3122 903 τῶν
3168 850 3491 903 ἐπισκόπων
3537 851 3719 921 κρίσει
3758 856 3848 915 τὰς

2277 940 2565 1011 μετανοίας
2613 941 2673 994 ἐν
2728 940 2908 1013 καιρῷ
2960 939 3334 1011 ψηφίζεσθαιο
3391 942 3760 1013 πρεσϐύτερος
3797 946 3848 998 δὲ

2266 1033 2419 1103 παρὰ
2445 1030 2674 1102 γνώμην
2705 1031 2800 1085 τοῦ
2830 1033 3157 1096 ἐπισκόπου,
3189 1032 3265 1104 μὴ
3300 1032 3657 1106 καταλλάσσῃ
3694 1052 3845 1105 μετα-

2265 1121 2508 1189 νοοῦντα,
2548 1124 2597 1175 εί
2646 1123 2721 1193 μή
2768 1122 2820 1190 γ’
2871 1122 2938 1175 ἂν
2990 1124 3241 1192 ἀνάγκης
3278 1123 3649 1193 συνωθούσης,
3691 1126 3746 1178 ἐν
3786 1130 3844 1197 τῇ

2267 1216 2505 1285 ἀπουσίᾳ
2570 1215 2665 1269 τοῦ
2720 1215 3055 1269 ἐπισκόπου⁸
3109 1216 3538 1284 οὑτινοσδήποτε
3589 1216 3648 1269 δὲ
3695 1235 3845 1285 μετα-

2265 1305 2546 1373 νοοῦντος,
2574 1309 2621 1360 εί
2678 1307 2969 1361 πούὸλικον
3016 1308 3111 1361 καὶ⁸
3159 1308 3602 1378 τεθρυλλημένον
3650 1310 3761 1363 ἐστὶ
3794 1312 3846 1364 τδ

2267 1396 2522 1469 ἔγκλημα
2546 1400 2607 1452 τὸ
2634 1400 2929 1470 σύμπασαν
2954 1400 3053 1471 τὴν
3079 1398 3376 1471 ἐκκλησίαν
3408 1398 3617 1469 κινοῦν,
3637 1402 3740 1470 πρὸ
3759 1403 3846 1472 τῆς

2265 1489 2458 1559 ἀψίδος
2484 1492 2659 1563 τούτῳ
2684 1494 2717 1562 ὴ
2739 1494 2862 1563 χεὶρ
2898 1491 3149 1561 ἐπιτεθῇ.

2340 1608 2480 1676 Περί
2510 1607 2629 1661 τῶν
2657 1608 3100 1672 ἀσθενούντων,
3137 1608 3236 1662 καί
3263 1608 3418 1676 ὑπὲρ
3456 1604 3686 1661 ἑαυτῶν
3717 1608 3845 1661 ἁπο-

2659 1680 2967 1747 κρίνεσθαι
2998 1679 3085 1748 μὴ
3116 1679 3489 1748 δυναμένων.

2341 1776 2447 1840 με’.
2468 1770 2633 1823 Ὥστε
2662 1770 2786 1834 τοὺς
2814 1770 3205 1835 ἀσθενοῦντας,
3248 1788 3303 1823 κ.
3330 1786 3382 1825 τ.
3421 1768 3473 1822 λ.

2425 1862 2696 1917 Συνόδου
2723 1862 3141 1932 οὶκουμενικῆς
3168 1862 3349 1929 ἕκτης
3379 1859 3588 1914 κανὼν
3610 1858 3706 1932 ρβ’.

2301 1970 2306 1982 '
2341 1953 2444 2027 ρβ’.
2491 1956 2585 2009 Δεῖ
2606 1955 2663 2008 δὲ
2694 1956 2822 2018 τοὺς
2860 1954 3110 2019 ἐξουσίαν
3155 1955 3305 2007 λύειν
3339 1954 3438 2008 καὶ
3466 1954 3685 2024 δεσμεῖν
3712 1951 3842 2023 παρὰ

2268 2048 2403 2102 Θεοῦ
2436 2048 2699 2111 λαϐόντας
2718 2089 2732 2113 ,
2760 2051 2981 2103 σκοπεῖν
3008 2050 3106 2119 τὴν
3148 2050 3246 2119 τῆς
3278 2048 3555 2119 ἁμαρτίας
3584 2046 3837 2115 ποιότητα,

2269 2140 2363 2194 καὶ
2386 2138 2485 2209 τὴν
2515 2138 2611 2191 τοῦ
2655 2139 3039 2209 ἡμαρτηκότος
3085 2137 3221 2207 πρὸς
3264 2135 3608 2207 ἐπιστροφὴν
3646 2137 3841 2204 ἑτοιμα-

2272 2230 2415 2295 σέαν,
2450 2230 2544 2282 καὶ¹
2568 2229 2711 2283 οὕτω
2739 2230 3074 2298 κατάλληλον
3103 2230 3201 2299 τὴν
3224 2228 3530 2300 θεραπείαν
3564 2227 3838 2297 προσάγειν

2270 2320 2350 2391 τῷ
2382 2322 2778 2392 ἀρῤωστήματι
2799 2336 2812 2351 ·
2845 2320 2932 2373 ἵνα
2974 2320 3048 2390 μὴ
3082 2324 3148 2393 τῇ
3185 2321 3426 2393 ἀμετρίᾳ
3459 2320 3582 2374 καθ’
3607 2321 3839 2389 ἑκάτερον

2270 2413 2585 2485 χρώμενος,
2616 2414 2959 2485 ἀποσφαλείη
2993 2415 3131 2485 πρὸς
3162 2415 3262 2482 τὴν
3295 2414 3575 2484 σωτηρίαν
3621 2412 3710 2466 τοῦ
3749 2412 3835 2465 κά-

2275 2520 2533 2576 μνοντος·
2577 2505 2637 2557 οὺ
2678 2504 2787 2574 γὰρ
2813 2503 2958 2576 ἁπλῆ
2991 2506 3091 2575 τῆς
3132 2505 3410 2576 ἁμαρτίας
3457 2506 3491 2576 ἡ
3524 2507 3691 2566 νόσος,
3723 2502 3838 2556 ἀλλὰ

2273 2598 2519 2660 ποικίλος
2584 2597 2679 2651 καὶ
2723 2597 3029 2669 πολυειδὴς,
3094 2599 3188 2652 καὶ
3243 2597 3449 2662 πολλὰς
3499 2598 3598 2669 τῆς
3665 2596 3838 2667 βλάδης

2273 2691 2634 2763 παραφυάδας
2648 2690 2941 2761 βλαστάνου
2950 2708 3037 2757 σα,
3059 2692 3117 2756 ἐξ
3139 2685 3213 2745 ὧν
3232 2690 3291 2743 τὸ
3311 2690 3483 2744 κακὸν
3496 2691 3585 2743 ἐπὶ
3601 2690 3725 2741 πολὺ
3746 2688 3839 2740 διας

2272 2785 2448 2855 χεῖται
2476 2783 2571 2836 καὶ
2598 2782 2788 2853 πρόσω
2822 2781 3015 2852 βαίνει.
3052 2782 3245 2853 μέχρις
3266 2780 3331 2835 ἂν
3361 2782 3527 2852 σταίη
3558 2784 3621 2851 τῇ
3644 2779 3836 2847 δυνάμει

2272 2876 2367 2928 τοῦ
2396 2874 2794 2945 θεραπεύοντος
2815 2892 2829 2906 ο
2855 2873 2996 2927 ὥστε
3028 2874 3119 2927 τὸν
3140 2872 3239 2945 τὴν
3270 2873 3523 2945 ἰατρικὴν
3552 2871 3835 2940 ἐπιστήμην

2274 2966 2333 3020 ἑν
2365 2966 2638 3036 πνεύματι
2688 2964 3155 3033 ἐπιδεικνύμενον,
3182 2963 3453 3034 πρότερον
3504 2962 3606 3034 χρὴ
3647 2961 3734 3031 τὴν
3756 2958 3834 3012 τοῦ

2276 3057 2661 3129 ἡμαρτηκότος
2712 3057 2953 3111 διάθεσιν
2982 3056 3433 3118 ἐπισκέπτεσθαι,
3471 3057 3563 3107 καὶ
3594 3054 3694 3106 είτε
3722 3051 3836 3121 πρὸς

589 3144 769 3212 vergit
821 3142 889 3197 ad
952 3142 1270 3207 sanitatem,
1328 3141 1442 3195 sive
1498 3150 1713 3204 contra,
1743 3141 1977 3210 propriis
2003 3141 2174 3196 rueri-

2276 3151 2377 3221 τὴν
2423 3149 2633 3218 ὑγίειαν
2688 3148 2869 3213 νεύει,
2915 3146 2950 3217 ἢ
3010 3147 3319 3200 τούναντίον
3363 3144 3461 3199 διὰ
3503 3145 3609 3197 τῶν
3648 3141 3835 3195 οίκείων

590 3237 695 3291 bus
734 3244 997 3305 provocat
1033 3236 1086 3290 in
1141 3250 1198 3289 se
1231 3234 1507 3298 morbum,
1564 3235 1848 3303 aspicere,
1902 3234 2174 3302 quomodo

2282 3245 2499 3315 τρόπων
2559 3242 2948 3313 προσκαλεῖται
2999 3240 3122 3293 καθ’
3176 3238 3372 3292 ἐαυτοῦ
3421 3238 3481 3291 τὸ
3530 3235 3835 3308 ἀρρώστημα

591 3331 712 3401 ejus
773 3346 895 3399 qua;
944 3328 1231 3385 intercedit
1286 3328 1408 3382 vita:
1438 3328 1669 3384 rationis
1698 3330 2182 3399 conversionisque

594 3439 783 3480 curam
850 3430 1039 3493 gerat:
1098 3429 1152 3475 et
1204 3421 1249 3475 si
1305 3420 1503 3475 artillci
1541 3436 1650 3475 non
1716 3421 2016 3476 reluctatur
2055 3461 2071 3485 ,
2127 3429 2182 3476 et

595 3519 752 3575 ulcus
789 3517 983 3570 animm
1010 3524 1174 3585 auget
1212 3528 1309 3583 per
1378 3512 1759 3583 impositorum
1812 3514 2182 3568 medicamen-

597 3621 777 3663 torum
811 3605 1211 3675 adjeetionem;
1262 3613 1315 3657 et
1372 3603 1453 3657 sic
1496 3604 1957 3668 misericordiam,
2020 3614 2183 3674 prout

594 3699 794 3769 dignus
848 3705 954 3761 est,
999 3694 1286 3765 impertiri.
1331 3692 1560 3749 Omnem
1622 3696 1768 3750 enim
1790 3697 2058 3751 rationem
2080 3697 2181 3751 iuit

599 3791 764 3855 Deus,
796 3791 953 3860 isque
1007 3788 1097 3843 eui
1142 3788 1439 3857 pastoralis
1473 3787 1708 3844 traditus
1772 3800 1856 3844 est
1904 3790 2176 3861 principa-

597 3895 704 3950 tus,
754 3893 815 3938 ut
860 3893 1131 3938 errantem
1192 3894 1348 3935 ovem
1380 3882 1658 3945 reducat;
1708 3891 1763 3937 et
1792 3882 1867 3948 ei,
1897 3883 2045 3952 quod
2095 3890 2182 3937 est

597 3993 628 4031 a
688 3983 939 4045 serpente
981 3975 1350 4036 vulneratum,
1394 3976 1713 4043 medeatur;
1764 3982 1819 4030 et
1865 3990 2039 4044 neque
2084 3992 2181 4046 per

596 4067 997 4138 desperationis
1032 4069 1330 4137 pra'cipitia
1392 4068 1654 4135 impellat,
1695 4082 1797 4122 nec
1829 4068 1896 4122 ad
1925 4069 2047 4123 vita:
2067 4070 2181 4124 dis-

594 4162 1020 4225 solutionem,et
1051 4169 1422 4230 contemptum
1466 4159 1619 4215 frena
1651 4160 1857 4215 relaxet
1890 4178 1904 4215 :
1934 4160 2030 4215 sed
2070 4175 2180 4215 una

594 4255 813 4325 quidem
839 4252 1000 4323 325
1037 4252 1262 4308 omnino
1300 4254 1533 4318 ratione,
1567 4254 1683 4307 sive
1728 4268 1824 4322 per
1877 4254 2091 4308 acriora
2128 4262 2182 4308 et

594 4352 973 4420 astringentia,
1012 4349 1128 4403 sive
1181 4364 1275 4418 per
1334 4349 1559 4403 meliora
1590 4356 1644 4401 et
1687 4347 1892 4402 leniora
1950 4348 2184 4403 medica-

596 4453 775 4497 menta
811 4440 1086 4495 afl‘ectioni
1132 4440 1375 4503 resistat,
1434 4450 1488 4493 et
1538 4440 1603 4493 ad
1642 4438 1845 4494 ulceris
1897 4439 2184 4493 obductio-

2285 3335 2511 3405 ἐφορᾷν,
2547 3333 2696 3396 ὅπως
2745 3349 2806 3385 τε
2849 3331 2949 3401 τῆς
2982 3332 3040 3385 ἐν
3066 3330 3143 3400 τῷ
3176 3328 3379 3401 μέταξὺ
3410 3330 3705 3398 προνοεῖται
3731 3326 3838 3378 ἀνα-

2286 3426 2547 3495 στροφῆς,
2578 3424 2673 3477 καὶ
2713 3424 2761 3476 εί.
2798 3423 2873 3493 μὴ
2899 3422 2979 3494 τῷ
3003 3422 3221 3493 τεχνίτῃ
3268 3420 3647 3484 ἀντιπαλαίει,
3678 3417 3761 3471 καὶ
3785 3416 3836 3468 τὶ

2280 3516 2381 3586 τῆς
2422 3514 2602 3585 ψυχῆς
2640 3514 2798 3578 ἕλκος
2828 3515 2917 3568 διὰ
2944 3514 3043 3583 τῆς
3070 3514 3179 3567 τῶν
3212 3511 3610 3581 ἐπιτιθεμένων
3646 3506 3835 3578 φαρμά-

2282 3624 2394 3660 κων
2446 3607 2669 3673 αὐξάνει
2728 3603 3119 3676 προσαγωγῆς,
3176 3604 3270 3657 καὶ
3331 3602 3481 3656 οὕτω
3552 3601 3641 3654 τὸν
3711 3598 3835 3650 ἔλεον

2283 3699 2409 3753 κατ’
2442 3700 2600 3765 ἀξίαν
2631 3700 2975 3769 ἐπιμετρεῖν·
3008 3698 3116 3759 πᾶς
3143 3696 3251 3765 γάρ
3283 3694 3448 3763 λόγος
3488 3693 3605 3763 Θεῷ
3657 3689 3742 3743 καὶ
3772 3686 3836 3755 τῷ

2280 3792 2381 3863 τὴν
2410 3794 2779 3863 ποιμαντικὴν
2806 3791 3201 3863 ἐγχειρισθέντι
3229 3788 3547 3861 ἠγεμονίαν,
3576 3788 3633 3841 τὸ
3656 3782 3835 3837 πλανώ-

2285 3901 2447 3955 μενον
2482 3883 2757 3955 πρόδατον
2791 3885 3187 3953 ἐπαναγαγεῖν,
3211 3883 3386 3938 καὶτὸ
3412 3879 3613 3952 τρωθὲν
3643 3874 3735 3929 ὑπὸ
3755 3869 3831 3925 τοῦ

2280 3977 2458 4047 ὄφεως
2512 3977 2854 4042 ἐξιάσασθαι,
2887 3979 2981 4031 καὶ
3022 3978 3161 4047 μήτε
3189 3978 3332 4031 κατὰ
3366 3971 3625 4047 κρημνῶν
3652 3967 3831 4035 ὠθῆσαι

2281 4070 2385 4139 τῆς
2434 4070 2823 4139 ἀπογνώσεως,
2881 4071 3020 4141 μήτε
3048 4069 3141 4124 τὸν
3180 4069 3399 4139 χαλινὸν
3445 4064 3678 4120 ἐνδοῦναι
3716 4055 3831 4127 πρὸς

2281 4164 2378 4233 τὴν
2419 4162 2533 4233 βίου
2578 4162 2801 4216 ἓλκυσίν
2825 4180 2885 4216 τε
2940 4164 3036 4216 καὶ
3084 4163 3521 4233 καταφρόνησινο
3553 4155 3661 4213 ἀλλ’
3689 4150 3759 4205 ἐνί
3777 4163 3830 4215 γε

2281 4255 2468 4325 τρόπῳ
2514 4253 2754 4317 πάντως,
2798 4254 2909 4307 εἴτε
2951 4254 3041 4308 διὰ
3075 4255 3184 4307 τῶν
3220 4251 3628 4324 αὐστηροτέρων
3669 4260 3723 4297 τε
3752 4238 3831 4293 καὶ

2285 4344 2615 4411 στυφόντων,
2643 4345 2753 4399 εἴτε
2780 4345 2868 4399 διά
2896 4346 3002 4398 τῶν
3034 4345 3288 4399 ἀπαλωτέ
3298 4362 3407 4416 ρων
3421 4361 3480 4398 τε
3512 4340 3602 4395 καὶ
3630 4329 3827 4406 πραοτέ-

2287 4450 2394 4502 ρων
2431 4433 2764 4505 φαρμάκων,
2798 4434 2940 4488 κατά
2984 4435 3077 4488 τοῦ
3114 4434 3344 4501 πάθους,
3378 4435 3472 4487 καὶ
3511 4429 3642 4502 πρὸς
3671 4420 3829 4478 συνού-

596 4550 717 4589 nem
752 4534 1050 4599 animatur,
1092 4532 1307 4586 fructus
1355 4532 1692 4601 poenitentiae
1722 4532 2069 4595 examinans,
2124 4541 2174 4585 et

2284 4525 2450 4577 λωσιν
2474 4525 2569 4578 τοῦ
2591 4525 2783 4588 ἕλκους
2806 4525 3298 4595 ἀνταγωνίσασθαι,
3318 4526 3442 4587 τοὺς
3462 4523 3558 4593 τῆς
3581 4512 3827 4617 μετανυίςις

596 4627 870 4696 sapienter
901 4626 1227 4695 dispensans
1282 4633 1335 4677 et
1365 4625 1677 4694 gubernans
1741 4624 2045 4687 hominem,
2079 4624 2174 4694 qui

598 4720 663 4773 ad
718 4718 1062 4786 superiorem
1123 4715 1579 4770 illuminationem
1608 4723 1856 4769 vocatur.
1881 4712 1992 4768 Nos
2027 4715 2173 4768 enim

600 4817 831 4877 utraque
859 4809 1001 4860 scire
1041 4813 1290 4874 oportet,
1328 4814 1383 4858 et
1443 4821 1565 4874 qua:
1599 4815 1729 4859 sunt
1773 4808 1971 4858 summi
1994 4805 2135 4874 juris
2162 4847 2179 4870 ,

597 4911 650 4954 et
680 4916 802 4969 quae
850 4909 978 4954 sunt
1038 4898 1452 4953 consuetudinis
1508 4915 1521 4950 :
1577 4898 1631 4950 in
1706 4897 1773 4951 iis
1814 4908 2020 4961 autem,
2080 4896 2177 4966 qui

597 5002 840 5047 extrema
876 5007 981 5045 non
1037 4991 1348 5055 admittant,
1409 4991 1561 5059 sequi
1602 4989 1833 5043 formam
1870 4990 2123 5045 traditam
2159 5030 2176 5056 ,

599 5084 1060 5154 quemadmodum
1091 5092 1314 5136 sanctus
1338 5097 1439 5136 nos
1462 5082 1621 5136 docet
1640 5080 1896 5135 Basilius.

754 5256 945 5311 Basilii
974 5272 1200 5310 canones
1231 5255 1286 5321 5,
1317 5254 1407 5320 54,
1449 5254 1538 5317 ⁵74,
1576 5254 1663 5319 75,
1695 5254 1784 5319 76,
1824 5255 1916 5320 82,
1956 5255 2046 5311 84.

671 5346 725 5400 5.
767 5345 1062 5402 Haereticos
1094 5351 1147 5398 in
1178 5347 1326 5399 exitu
1358 5346 1735 5414 paenitentiam
1782 5356 2005 5416 agentes
2036 5346 2179 5401 rcci-

602 5453 731 5507 pere
778 5446 1013 5507 Oportet.
1069 5436 1333 5506 Recipere
1382 5446 1587 5502 autem,
1624 5452 1733 5493 non
1782 5439 1902 5493 sine
1942 5440 2175 5509 judicio,

2288 4619 2535 4684 καρποὺς
2572 4617 2950 4689 δοκιμάζοντι,
3001 4619 3097 4671 καὶ
3145 4616 3513 4687 οἰκονομοῦντι
3568 4607 3729 4678 σοφῶς
3751 4603 3827 4656 τὸν

2283 4706 2420 4775 πρὸς
2447 4706 2547 4775 τὴν
2579 4707 2692 4760 ἄνω
2733 4707 3151 4779 λαμπροφορίαν
3184 4707 3513 4778 καλούμενον
3548 4700 3823 4770 ἄνθρωπον·

2279 4799 2569 4869 ἀμφότερα
2608 4800 2785 4855 τοίνυν
2812 4801 3006 4854 εἰδέναι
3038 4802 3187 4871 ἡμᾶς
3212 4802 3341 4872 χρὴ,
3372 4800 3466 4854 καὶ
3498 4796 3563 4850 τὰ
3590 4792 3680 4861 τῆς
3705 4789 3826 4855 ibi?"

2283 4890 2458 4956 ϐείας,
2495 4892 2591 4944 καὶ
2630 4892 2698 4946 τὰ
2734 4894 2833 4964 τῆς
2868 4894 3247 4964 συμπαθείαςο
3281 4892 3508 4946 ἕπεσθαι
3531 4888 3605 4952 δὲ,
3633 4876 3825 4937 ἐπὶτῶν

2284 4980 2738 5053 καταδεξαμένων
2762 4986 2859 5055 τὴν
2872 4985 3153 5054 ἀκρότητα
3175 4980 3574 5055 παραδέξασθαι
3589 4973 3661 5045 τῷ
3676 4981 3800 5038 παρα
3814 4986 3825 5002 ⁵

2292 5072 2503 5127 δοθέντι
2564 5074 2721 5146 τύπῳ
2744 5117 2761 5144 ,
2801 5074 2987 5141 καθὼς
3028 5078 3058 5129 ό
3085 5076 3229 5147 ἱερὸς
3254 5076 3400 5147 ἡμᾶς
3434 5068 3717 5127 ἐκδιδάσκει
3739 5058 3824 5110 Bl-

2293 5165 2513 5230 σίλειος.

2349 5260 2676 5313 Βασιλείω
2716 5258 2917 5314 κανὼν
2947 5258 3007 5326 ε’,
3042 5260 3139 5326 λδ’,
3173 5259 3265 5327 οδ’,
3297 5258 3390 5324 σε’,
3419 5262 3523 5322 οέὀ
3556 5248 3659 5320 “is;
3685 5240 3773 5338 “61'

2356 5357 2418 5404 ε’.
2440 5351 2580 5414 Τοὺς
2603 5350 2661 5404 δὲ
2688 5352 2781 5405 ἐπὶ
2804 5350 2971 5421 ἐξόδῳ
2999 5351 3391 5422 μετανοοῦντας
3417 5347 3521 5400 τῶν
3541 5340 3821 5409 αἱρετικων,

2284 5440 2539 5511 δέχεσθαι
2593 5441 2733 5512 χρήσ
2793 5441 3045 5512 δέχεσθαι
3084 5441 3143 5495 δὲ
3193 5439 3431 5512 δηλονότι
3470 5437 3564 5490 οὐκ
3601 5422 3817 5496 ἀκρίτωῖο

671 5592 717 5623 ⁸⁸
749 5590 918 5646 Conc.
948 5589 1117 5647 Afric.
1145 5605 1267 5661 cap.
1297 5590 1384 5647 10.
1455 5590 1499 5623 ⁸⁷
1540 5590 1661 5647 Vid.
1698 5607 1817 5661 cap.
1863 5592 1913 5661 7,
1948 5608 2106 5649 conc.
2145 5593 2517 5664 Vormatien.;
2555 5595 2721 5651 Basil.
2758 5613 2880 5652 can.
2920 5596 2987 5652 74
3020 5606 3075 5655 et
3108 5597 3210 5666 84;
3245 5596 3474 5670 Nyssen.
3507 5592 3557 5647 8.

604 5746 791 5868 ³ἱι(13
834 5743 1144 5802 Ferrandus
1177 5760 1300 5818 cap.
1372 5746 1495 5811 HS,
1546 5764 1610 5803 ex
1671 5748 1867 5805 concil.
1927 5748 2185 5820 Cartltag.

2374 5752 2487 5818 (τι)
2528 5752 2702 5817 Absis,
2748 5753 2834 5807 vel
2877 5752 3088 5824 absida,
3144 5753 3512 5811 sanctuarium
3548 5726 3813 5803 εειενυίὸ(

2288 5824 2412 5878 ςίιυι
2430 5839 2517 5877 um
2547 5824 2801 5879 dicimus.
