4156 6436
273 374 388 437 805

1070 340 1471 426 SYNTAGMA
1493 360 1885 423 CANONUM.
1920 384 1990 396 -
2014 360 2165 423 TIT.
2192 360 2297 436 IX,
2332 362 2492 423 CAP.
2527 362 2798 423 XXXIX.

3471 359 3577 427 896

271 484 419 538 ἀλλὰ
466 480 867 553 δοκιμάζοντας
924 478 974 532 εί
1013 477 1275 549 ἀληθινὴν
1333 475 1739 530 ἐπιδείκνυνται.
1787 476 1916 543 τὴν,

2021 477 2085 531 ed
2115 486 2495 533 exanttnatttes
2527 492 2595 531 an
2629 492 2815 531 veram
2843 474 3225 545 paenitentiam
3258 479 3576 543 ostendam,

275 577 595 640 μετάνοιαν,
613 575 709 628 καὶ
737 575 785 626 εί
814 572 940 635 τοὺς
966 572 1211 640 καρποὺς
1244 571 1432 641 έχουσι
1466 567 1885 641 μαρτυροῦντας

278 670 356 738 τῇ
386 666 525 736 πρὸς
554 664 616 717 τὸ
647 663 888 733 σωθῆναι
914 661 1141 731 σπουδῇ.

353 758 446 812 λδ.
486 756 599 818 Τὰς
629 753 1013 826 μοιχευθείσας
1045 754 1140 805 καὶ
1172 750 1605 821 ὲξαγορευούσας
1627 750 1693 803 δι’
1723 749 1884 803 εὐλά-

279 849 465 914 ϐειαν,
495 850 528 917 ἦ
561 845 813 901 ὁπωσοῦν
839 844 1225 914 ἐλεγχομένας,
1249 842 1598 912 δημοσιεύειν
1633 842 1732 911 μὲν
1754 841 1892 893 ἐκώ-

279 940 459 993 λυσαν
522 939 571 991 οἱ
628 935 873 1005 Πατέρες
915 935 1073 1005 ἡμῶν
1116 975 1131 1001 ,
1161 934 1250 986 ἵνα
1311 932 1386 1003 μὴ
1432 932 1661 985 θανάτου
1717 932 1894 984 αἰτίαν

281 1033 666 1103 παράσχωμεν
710 1027 1114 1098 ἐλεγχθείσαις’
1149 1025 1398 1077 ἵστασθαι
1433 1023 1489 1076 δὲ
1546 1024 1718 1087 αὑτὰς
1766 1022 1892 1077 ἄνευ

281 1122 573 1184 κοινωνίας
599 1120 960 1193 προσέταξαν,
986 1118 1148 1188 μέχρι
1187 1115 1280 1169 τοῦ
1310 1114 1771 1186 συμπληροῦσθαι
1802 1115 1894 1168 τὸν

282 1212 479 1283 χρόνον
506 1210 603 1279 τῆς
636 1208 945 1276 μετανοίας.

366 1302 457 1360 οδ’.
475 1303 601 1356 Ἐὰν
631 1301 878 1371 μέντοιγε
901 1299 1130 1361 ἕκαστος
1158 1297 1268 1351 τῶν
1297 1298 1355 1352 ἐν
1380 1299 1493 1357 τοῖς
1522 1313 1895 1368 προγεγραμ-

292 1396 482 1467 μένόις
517 1394 882 1463 ἁμαρτήμασι
927 1392 1278 1460 γενομένων,
1334 1389 1621 1451 σπουδαῖος
1673 1389 1896 1457 γένηται

292 1484 811 1556 ἐξομολογούμενος,
844 1485 871 1535 ὁ
924 1481 1239 1544 πιστευθεὶς
1268 1480 1420 1552 παρὰ
1466 1482 1564 1551 τῆς
1617 1481 1711 1533 τοῦ
1760 1478 1897 1532 Θεοῦ

294 1576 711 1648 φιλανθρωπίας
745 1574 895 1627 λύειν
951 1574 1046 1627 καὶ
1099 1573 1354 1642 δεσμεῖν,
1383 1571 1897 1642 φιλανθρωπότερος

294 1671 532 1740 γένοιτο,
560 1670 620 1722 τὸ
652 1667 994 1739 ὑπερϐάλλον
1020 1667 1119 1736 τῆς
1153 1665 1597 1736 ἐξομολογήσεως
1633 1664 1775 1735 ὁρῶν
1805 1664 1898 1717 τοῦ

295 1762 706 1835 ἡμαρτηκότος,
741 1764 821 1823 εἰς
851 1760 911 1812 τὸ
938 1757 1245 1812 ἐλαττῶσαι
1276 1758 1368 1810 τον
1404 1758 1596 1828 χρόνον
1632 1758 1742 1810 τῶν
1775 1758 1897 1809 ἑπι-

296 1855 519 1923 τιμίων,
549 1854 650 1905 οὐκ
698 1852 850 1904 ἔσται
902 1850 1302 1917 καταγνώσεως
1339 1850 1486 1915 ἄξιος
1510 1864 1522 1876 ’
1561 1849 1661 1918 τῆς
1690 1850 1747 1900 ὲν
1780 1850 1899 1911 ταῖς

299 1945 549 2016 Γραφαῖς
581 1942 821 2011 ἱστορίας
852 1938 1226 2009 γνωριζούσης
1258 1939 1413 2007 ἡμῖν,
1444 1938 1570 2001 τοὺς
1603 1937 1741 2007 μετὰ
1773 1937 1903 2005 μεί-

302 2039 459 2103 ζονος
500 2038 661 2090 πόνου
693 2035 1017 2103 ὲξομο).ογου
1028 2034 1244 2102 μένους,
1279 2031 1491 2101 ταχέως
1511 2030 1610 2102 τὴν
1644 2029 1738 2083 τοῦ
1769 2030 1904 2083 Θεοῦ

304 2127 717 2199 φιλανθρωπίαν
746 2126 1209 2195 καταλαμϐάνειν.

374 2310 470 2359 οε⁹.
516 2304 573 2357 Ὀ
615 2303 817 2375 ἀδελφῇ
855 2302 964 2373 ἰδίᾳ
1019 2304 1085 2355 ὲκ
1145 2300 1398 2373 πατρὸςῆ
1425 2301 1489 2353 ὲκ
1548 2300 1752 2371 μητρὸς
1776 2316 1911 2369 συμ-

312 2397 579 2469 μιανθεὶς,
602 2399 678 2459 είς
697 2391 844 2449 οἷκον
874 2394 1184 2465 πρσευχῆς
1217 2394 1291 2464 μὴ
1322 2394 1702 2464 ὲπιτρεπέσθω
1720 2395 1911 2462 παρεί-

309 2509 424 2553 ναι,
448 2490 550 2552 ἕως
573 2489 638 2542 ἂν
666 2489 877 2558 ἀποστῇ
897 2489 997 2557 τῆς
1022 2486 1341 2557 παρανόμου
1364 2485 1460 2539 καὶ
1486 2483 1745 2553 ἀθεμίτου
1769 2484 1912 2555 πρά-

313 2584 449 2648 ξεως
468 2598 481 2610 ·
512 2582 650 2652 μετὰ
682 2580 739 2633 δὲ
764 2580 823 2632 τὸ
848 2580 1022 2632 ἐλθεῖν
1045 2581 1125 2641 εἰς
1155 2576 1508 2648 συναίσθησιν
1535 2580 1631 2647 τῆς
1676 2576 1914 2647 φοϐερᾶς

311 2674 609 2743 ἁμαρτίας,
643 2670 885 2741 τριετίαν
912 2670 1312 2741 προσκλαιέτω,
1333 2671 1402 2738 τῇ
1428 2666 1567 2739 θύρᾳ
1587 2667 1695 2719 τῶν
1719 2668 1910 2737 εὐκτη-

315 2767 448 2838 ρίων
480 2767 644 2819 οἴκων
676 2762 1070 2836 παρεστηκὼς,
1120 2763 1215 2816 καὶ⁸
1237 2762 1492 2828 δεόμενος
1520 2761 1613 2813 τοῦ
1641 2760 1772 2814 λαοῦ
1811 2761 1917 2813 εἰσ-

318 2860 488 2921 ιόντος
527 2857 621 2909 ἐπὶ
658 2855 756 2926 τὴν
800 2854 1109 2926 προσευχήν
1135 2870 1150 2884 ο
1174 2852 1315 2905 ὥστε
1345 2851 1576 2905 ἕκαστον
1610 2851 1747 2921 μετά
1779 2868 1917 2920 συμ-

316 2950 551 3013 παθείας
585 2948 724 3020 ὑπὲρ
758 2947 925 3001 αὐτοῦ
955 2948 1198 3008 ἐκτενεῖς
1238 2944 1513 2998 ποιεῖσθαι
1544 2945 1682 3014 πρὸς
1713 2942 1917 3014 Κύριον

317 3044 661 3118 προσευχάς·
685 3041 838 3113 παρὰ
866 3042 922 3094 δὲ
955 3041 1130 3104 τοῦτο,
1160 3039 1328 3109 ἄλλην
1348 3037 1589 3110 τριετίαν
1611 3038 1689 3102 είς
1715 3037 1919 3108 ἀκρόα-

320 3156 410 3192 σιν
452 3137 619 3207 μόνην
674 3133 1101 3207 παραδεχθήτω,
1144 3135 1239 3185 καὶ
1286 3131 1502 3185 ἁκούων
1549 3129 1656 3184 τῶν
1687 3128 1920 3200 Γραφῶν

321 3230 419 3284 καὶ
453 3229 552 3297 τῆς
598 3226 970 3291 διδασκαλίας,
1008 3223 1357 3278 ὲκὸαλλέσθω
1394 3223 1490 3275 καὶ
1525 3222 1599 3293 μὴ
1632 3217 1920 3283 καταξιούν

327 3320 446 3373 σθω
496 3318 807 3390 προσευχῆς
831 3334 845 3348 ο
877 3316 1068 3369 ἔπειτα
1099 3319 1256 3386 εἴπερ
1287 3315 1426 3384 μετὰ
1451 3313 1704 3384 δακρύων
1729 3313 1920 3382 ἐξεζή-

324 3429 493 3484 τησεν
521 3411 681 3464 αὐτὸν
708 3410 802 3463 καὶ⁵
832 3409 1140 3481 προσέπεσε
1165 3407 1242 3478 τῷ
1272 3407 1464 3478 Κυρίῳ
1498 3406 1637 3479 μετὰ
1662 3422 1924 3475 σύντριμ-

330 3503 437 3574 μοῦ
492 3501 717 3573 καρδίας
777 3501 872 3554 καὶ
930 3498 1315 3561 ταπεινώσεως
1392 3498 1640 3569 ἰσχυρᾶς,
1697 3496 1923 3549 διδόσθω

329 3593 482 3663 αὐτῷ
510 3594 542 3664 ἡ
572 3593 888 3654 ύπόπτωσις
912 3593 969 3643 ὲν
1000 3590 1180 3653 ἄλλοις
1206 3588 1385 3660 τρισὶν
1424 3589 1603 3653 ἐτεσιῄ
1636 3588 1729 3641 καὶ
1750 3585 1923 3649 οὕτως

330 3683 557 3736 ἐπειδάν
601 3683 726 3745 τοὺς
766 3680 1014 3752 καρποὺς
1053 3677 1474 3749 τῆςκμετανοίας
1502 3676 1685 3741 ἀξίους
1719 3676 1919 3730 ἐπιδεί-

332 3778 517 3847 ξηται,
554 3774 634 3845 τῷ
663 3773 875 3844 δεκάτῳ
914 3773 1025 3825 ἔτει
1072 3773 1153 3835 είς
1208 3772 1308 3840 τὴν
1354 3770 1461 3823 τῶν
1509 3768 1713 3822 πιστῶν
1762 3768 1925 3840 εὐχὴν

330 3868 583 3939 δεχθήτω
612 3866 783 3937 χωρὶς
818 3866 1168 3937 προσφορᾶς·
1200 3862 1297 3916 καὶ
1344 3861 1440 3917 δύο
1476 3861 1569 3931 ἔτη
1618 3860 1819 3922 συστὰς
1846 3864 1929 3925 εἰς

331 3962 437 4031 τὴν
482 3958 647 4031 εὐχὴν
699 3961 811 4021 τοῖς
863 3959 1095 4020 πιστοῖς,
1125 3954 1297 4019 οὕτως
1338 3954 1524 4008 λοιπὸν
1554 3953 1928 4021 καταξιούσθω

334 4050 440 4121 τῆς
476 4049 571 4102 τοῦ
606 4048 813 4117 ἀγαθοῦ
843 4046 1153 4110 κοινωνίας.

410 4148 516 4207 σις’.
552 4140 611 4195 Ὀ
642 4140 801 4203 αὐτὸς
820 4141 988 4205 τύπος
1016 4143 1109 4195 καὶ
1142 4143 1270 4214 περὶ
1295 4144 1404 4196 τῶν
1428 4156 1527 4207 τας
1556 4142 1771 4214 νύμφας
1806 4144 1932 4197 ἐαυ-

334 4235 448 4288 τῶν
470 4234 877 4305 λαμϐανόντων.

415 4328 526 4398 πβ’.
561 4329 671 4381 Καὶ
704 4326 962 4399 περὶτῶν
1000 4328 1472 4399 ὲπιορκησάντων,
1499 4331 1547 4381 ει
1584 4328 1683 4399 μὲν
1715 4331 1779 4382 ὲκ
1809 4327 1931 4399 βίας

336 4421 436 4473 καὶ
481 4421 729 4491 ἀνάγκης
764 4420 1090 4491 παρέϐησαν
1152 4423 1281 4485 τοὺς
1330 4423 1545 4493 ὅρκους,
1582 4423 1931 4493 κουφοτέροις

1994 568 2317 638 fructusque
2376 570 2636 638 habeant,
2691 569 2785 640 qui
2830 568 3026 625 salutis
3073 569 3317 625 studium
3385 570 3580 626 testili-

1993 666 2205 711 centur.

2063 752 2154 808 54.
2196 751 2453 807 Mulieres
2511 752 2786 807 adulterio
2852 752 3116 821 pollutas,
3168 761 3225 809 et
3280 753 3353 808 ob
3411 753 3582 823 pieta-

1994 851 2104 898 tem
2154 844 2499 909 conﬁtentes,
2559 854 2653 897 attt
2700 843 3093 913 quoquomodo
3157 846 3437 899 convictas
3485 861 3585 912 pu-

1994 937 2185 991 blicari
2232 936 2424 992 Patres
2456 937 2629 991 nostri
2678 937 2995 1000 uoluerunt,
3029 952 3097 991 tte
3121 952 3343 990 causam
3388 936 3582 991 mortis

1997 1031 2338 1099 praebeamus
2383 1032 2682 1096 convictis;
2726 1032 3031 1086 consistere
3067 1041 3248 1085 autem
3300 1032 3423 1086 illas
3457 1032 3579 1086 sine

1999 1125 2387 1177 communione
2421 1123 2733 1193 jusserunt,
2780 1123 2958 1178 donec
3007 1124 3301 1193 impleatur
3363 1133 3579 1194 tempus

1998 1216 2351 1285 pmttitetttite.

2070 1307 2159 1362 74.
2201 1307 2357 1374 Quod
2418 1308 2464 1363 si
2514 1310 2901 1379 unusquisque
2961 1325 3153 1364 eorum
3201 1314 3294 1380 qui
3338 1311 3392 1365 itt
3446 1325 3586 1380 prae-

2002 1399 2165 1454 dictis
2209 1399 2453 1468 peccatis
2500 1398 2676 1464 fuere,
2734 1400 3116 1468 pmniteutiam
3162 1417 3353 1470 agens,
3406 1402 3585 1457 bonus

2000 1492 2260 1556 evaserit,
2296 1493 2342 1545 is
2366 1488 2517 1545 cui'a
2558 1491 2652 1545 Dei
2685 1491 3019 1561 benignitate
3056 1493 3257 1559 ligandi
3287 1502 3449 1563 atque
3475 1495 3583 1549 sol-

2001 1583 2163 1638 vendi
2193 1585 2395 1638 credita
2422 1594 2687 1655 potestas,
2722 1585 2767 1639 si
2802 1585 3127 1639 elementior
3155 1585 3270 1649 ﬁat,
3299 1596 3585 1655 perspecta

2005 1678 2152 1733 illius
2195 1679 2287 1748 qui
2365 1678 2613 1747 peccavit
2693 1678 3027 1746 pceuitcutize
3073 1677 3467 1747 magnitudine,
3521 1678 3587 1730 ad

2005 1770 2420 1824 diminuendum
2473 1785 2760 1839 pmttarum
2804 1779 3043 1839 tempus,
3090 1785 3196 1823 non
3244 1770 3348 1824 erit
3392 1768 3591 1839 dignus

2008 1861 2490 1923 condemttatione,
2525 1877 2650 1914 cum
2679 1877 2741 1915 ea
2772 1877 2894 1931 quae
2920 1872 3005 1916 est
3055 1862 3110 1915 in
3148 1860 3447 1930 Scripturis
3476 1860 3591 1915 his-

2010 1954 2146 2009 toria
2180 1969 2282 2007 nos
2310 1954 2524 2015 doceat,
2562 1967 2657 2006 cos
2691 1953 2784 2021 qui
2835 1967 2958 2006 cum
2994 1953 3199 2018 majore
3247 1952 3432 2005 labore
3473 1965 3593 2019 pce-

2010 2046 2299 2101 nitentiam
2351 2054 2539 2115 agunt,
2589 2045 2698 2099 cito
2745 2044 2837 2099 Dei
2888 2044 3329 2101 misericordiam
3395 2056 3593 2098 conse-

2010 2157 2128 2211 qut.

2083 2318 2170 2373 75.
2208 2318 2313 2385 Qui
2357 2334 2484 2373 eum
2522 2333 2621 2372 sua
2670 2332 2737 2372 ex
2777 2326 2934 2387 patre
2976 2316 3061 2370 vel
3095 2331 3162 2370 ex
3193 2324 3369 2370 matre
3407 2329 3601 2370 sorore

2014 2412 2255 2481 pollutus
2300 2420 2405 2474 est,
2446 2411 2498 2463 in
2557 2410 2781 2464 dontum
2826 2411 3095 2464 orationis
3146 2424 3217 2463 ne
3253 2408 3603 2477 permittatur

2015 2504 2298 2568 accedere,
2340 2504 2514 2557 donec
2534 2503 2699 2574 326
2730 2503 2797 2557 ab
2831 2504 3019 2572 iniqua
3055 2510 3112 2555 et
3142 2501 3350 2557 nefaria
3383 2503 3603 2557 actione

2015 2595 2268 2650 desistat.
2296 2594 2593 2665 Postquam
2628 2604 2811 2647 autem
2847 2594 2899 2646 itt
2938 2593 3197 2647 horrendi
3236 2593 3445 2662 peccati
3474 2609 3602 2647 sen-

2017 2703 2135 2742 sum
2192 2698 2247 2741 et
2302 2686 2833 2740 animadversionem
2898 2684 3128 2748 venerit,
3164 2684 3395 2738 triennio
3452 2684 3599 2749 ﬂeat,

2017 2789 2169 2834 stans
2208 2786 2429 2848 prepter
2459 2778 2604 2832 fores
2636 2776 2836 2829 domus
2862 2776 3155 2838 orationis,
3188 2784 3244 2828 et
3276 2790 3473 2844 rogans
3504 2790 3601 2843 po-

2018 2874 2209 2944 pulum
2241 2873 2637 2943 ingredientem
2668 2872 2735 2926 ad
2763 2873 3091 2931 orationem,
3125 2878 3185 2923 ut
3225 2869 3603 2938 unusquisque

2018 2962 2447 3017 misericorditer
2501 2976 2602 3029 pro
2668 2959 2789 3028 ipso
2853 2958 3098 3012 itttensas
3177 2957 3244 3010 ad
3310 2955 3601 3009 Dominum

2022 3069 2210 3125 preces
2242 3051 2454 3106 fundat.
2480 3050 2677 3106 Postea
2721 3059 2901 3104 autent
2934 3049 3043 3102 alio
3070 3048 3304 3102 triennio
3329 3048 3397 3101 ad
3431 3048 3602 3103 solatn

2020 3145 2359 3198 auditionem
2423 3142 2765 3208 admittatur,
2802 3150 2856 3195 et
2900 3139 3200 3209 Scripturis
3250 3139 3608 3209 doctrinaque

2021 3236 2224 3290 auditis
2268 3234 2540 3303 ejiciatur,
2599 3248 2698 3287 nee
2759 3232 2958 3301 dignus
3017 3231 3286 3284 habeatur
3334 3230 3604 3283 oratione.

2021 3328 2248 3392 Deinde,
2281 3328 2327 3381 si
2367 3326 2533 3380 modo
2558 3326 2705 3379 illam
2739 3341 2865 3380 cum
2901 3324 3161 3394 lacrytnis
3188 3322 3531 3392 exquisierit,
3554 3332 3607 3375 et

2023 3419 2255 3473 Domino
2289 3432 2414 3471 cum
2468 3416 2650 3471 cordis
2683 3415 3012 3471 contritione
3038 3423 3093 3469 et
3123 3415 3301 3468 valida
3351 3414 3608 3468 humilia-

2026 3512 2174 3565 tione
2232 3508 2458 3579 supplex
2512 3508 2831 3578 prociderit,
2877 3508 3040 3562 detur
3088 3508 3138 3562 ei
3180 3506 3479 3561 SUbSll‘aliO
3515 3521 3611 3575 per

2026 3604 2164 3657 alios
2197 3609 2307 3655 tres
2328 3616 2527 3655 annos.
2565 3600 2629 3654 Et.
2683 3608 2973 3670 postquam
3016 3600 3355 3669 paenitentiae
3392 3598 3608 3652 fructus

2026 3692 2225 3761 dignos
2250 3691 2575 3755 ostenderit,
2610 3704 2757 3744 anno
2794 3690 3010 3743 decimo
3045 3690 3098 3742 itt
3131 3688 3368 3743 ﬁdelium
3410 3688 3615 3741 oratio-

2029 3800 2126 3837 nes
2154 3783 2488 3853 suscipiatur
2511 3781 2629 3836 siue
2651 3781 2932 3835 oblatione
2958 3798 2971 3834 :
3001 3788 3057 3835 et
3093 3780 3188 3833 ubi
3219 3778 3379 3833 annis
3399 3779 3616 3833 duobus

2032 3892 2139 3931 una
2188 3892 2315 3932 eum
2372 3874 2624 3929 lidelibus
2655 3875 2869 3929 steterit
2907 3873 2975 3928 ad
3027 3872 3356 3936 orationem,
3409 3871 3484 3925 ita
3524 3872 3620 3925 de-

2030 3982 2182 4022 mum
2211 3966 2408 4036 dignus
2440 3965 2707 4019 habeatur
2737 3964 2863 4019 boni
2886 3963 3291 4020 communione.

2105 4145 2196 4201 '76.
2236 4144 2440 4200 Eadem
2473 4152 2559 4200 est
2584 4142 2723 4198 ratio
2745 4142 2811 4199 de
2838 4142 2904 4197 iis
2930 4156 3152 4213 quoque
3173 4158 3265 4212 qut
3294 4156 3424 4197 suas
3448 4156 3621 4196 nurus

2034 4240 2337 4309 accipiunt.

2105 4333 2195 4388 82.
2238 4332 2313 4386 De
2362 4331 2429 4386 iis
2471 4328 2635 4385 etiam
2667 4330 2760 4398 qtti
2801 4327 3143 4399 pejerarunt,
3188 4327 3236 4380 si
3289 4324 3343 4379 vi
3385 4324 3611 4395 quidem

2036 4437 2200 4498 atque
2228 4424 2554 4481 necessitate
2576 4423 2887 4492 jurantenta
2909 4420 3237 4487 transgressi
3265 4425 3413 4483 sunt,
3442 4417 3621 4485 ptenis

338 4515 658 4570 ὑπόκεινται
697 4518 809 4579 τοῖς
856 4516 1178 4586 ἐπιτιμίοις,
1215 4515 1359 4571 ὥστε
1390 4519 1527 4587 μετὰ
1566 4517 1624 4584 ἒξ
1655 4518 1750 4588 ἔτη
1787 4513 1916 4571 εἶναι

2037 4521 2334 4575 levioribus
2364 4518 2756 4586 subjiciuntur,
2786 4515 2866 4570 sic
2903 4524 2958 4569 ut
3004 4522 3126 4584 post
3154 4527 3250 4566 sex
3286 4525 3463 4564 annos
3499 4525 3625 4579 pos-

338 4604 542 4667 αὺτοὺς
602 4604 852 4668 δεκτούς’
888 4606 936 4657 εί
969 4604 1028 4657 δὲ
1076 4605 1206 4659 ἄνευ
1236 4608 1483 4677 ἀνάγκης
1518 4608 1806 4678 προδόντες
1831 4607 1931 4678 τὴν

338 4699 555 4753 ἑαυτῶν
607 4700 810 4765 πίστιν,
852 4702 910 4753 ὲν
945 4700 1098 4753 δυσὶν
1124 4700 1270 4753 ἔτεσι
1305 4700 1805 4771 προσκλαύσαντες,
1837 4702 1933 4755 καὶ

340 4793 403 4846 ἐν
438 4790 589 4844 δυσὶν
621 4792 1046 4863 ἀκροασάμενοι,
1077 4793 1173 4845 καὶ
1208 4795 1265 4845 ὲν
1312 4793 1477 4845 πέντε
1519 4794 1577 4847 ὲν
1620 4791 1933 4847 ὑποπτώσει

341 4883 661 4953 εὐξάμενοι,
697 4885 793 4937 καὶ
834 4887 891 4938 ὲν
936 4884 1088 4938 δυσὶν
1115 4885 1295 4948 ἄλλοι,
1339 4884 1467 4937 ἄνευ
1504 4887 1821 4957 προσφορᾶς
1853 4887 1934 4949 εἰς

338 4975 443 5046 τὴν
480 4977 768 5030 κοινωνίαν
797 4976 897 5047 τῆς
950 4977 1257 5047 προσευχῆς
1286 4977 1720 5048 παραδεχθέντες
1740 5018 1756 5044 ,
1790 4976 1934 5032 οὕτω

342 5068 659 5122 τελευταῖον
698 5070 978 5139 ἀξιόλογον
1016 5069 1217 5140 δηλαδὴ
1260 5069 1358 5140 τὴν
1404 5073 1692 5141 μετάνοιαν
1732 5069 1935 5123 ἐπιδει-

346 5162 595 5233 ξάμενοι,
632 5162 1252 5232 ἀποκατασταθήσονται
1282 5161 1363 5224 είς
1390 5161 1489 5228 τὴν
1525 5160 1809 5214 κοινωνίαν
1838 5158 1932 5213 τοῦ

345 5252 600 5322 σώματος
624 5252 719 5305 τοῦ
750 5250 1011 5322 Χριστοῦ.

419 5342 520 5398 πδ’.
550 5346 735 5399 Πάντα
765 5345 822 5397 δὲ
849 5343 1023 5396 ταῦτα
1039 5341 1504 5414 γράφομεν,ὥστε
1531 5343 1658 5404 τοὺς
1686 5342 1934 5414 καρποὺς

346 5436 741 5508 δοκιμάζεσθαι
792 5435 891 5505 τῆς
928 5434 1247 5504 μετανοίας⁶
1297 5434 1358 5486 οὐ
1415 5434 1523 5505 γὰρ
1572 5434 1795 5497 πάντως
1857 5433 1935 5503 τῷ

348 5530 528 5603 χρόνῳ
590 5532 848 5600 κρίνομεν
905 5528 973 5580 τὰ
1005 5526 1253 5589 τοιαῦτα,
1302 5525 1439 5579 ἀλλὰ
1498 5525 1577 5595 τῷ
1622 5526 1810 5594 τρόπῳ
1838 5525 1937 5593 τῆς

350 5624 640 5695 μετανοίας
656 5622 997 5693 προσέχομεν
1018 5637 1032 5651 ο
1059 5621 1154 5673 ὲαν
1194 5621 1249 5671 δὲ
1274 5618 1741 5682 δυσαποσπάστως
1769 5618 1934 5688 ἔχωσι

344 5716 457 5769 τῶν
512 5716 656 5768 ἰδίων
705 5714 865 5778 ἐθῶν,
894 5714 988 5766 καὶ
1018 5715 1138 5775 ταῖς
1166 5712 1386 5782 ἡδοναῖς
1418 5710 1519 5781 τῆς
1550 5710 1753 5781 σαρκὸς
1791 5710 1935 5781 μᾶλ-

348 5807 438 5862 λον
463 5807 732 5863 δουλεύειν
766 5806 1019 5861 ἐθέλωσιν
1049 5807 1080 5877 ἢ
1109 5803 1186 5875 τῷ
1217 5803 1425 5875 Κυρίῳ,
1452 5803 1547 5861 καὶ
1573 5803 1672 5875 τὴν
1706 5803 1846 5859 κατὰ
1874 5803 1934 5857 τὸ

2038 4615 2149 4668 sint
2180 4612 2406 4681 suscipi.
2446 4608 2541 4663 Sin
2575 4617 2781 4672 autem,
2812 4607 2864 4661 vi
2894 4622 3001 4660 non
3041 4606 3215 4669 illata,
3254 4606 3413 4659 [idem
3466 4618 3623 4668 suam

2035 4706 2422 4776 prodiderunt,
2460 4701 2551 4755 ubi
2587 4700 2804 4755 duobus
2858 4699 3017 4753 anuis
3044 4698 3295 4752 ﬂeverint
3326 4707 3380 4751 et
3412 4697 3626 4752 duobus

2036 4799 2197 4852 annis
2224 4796 2515 4859 audierint,
2562 4804 2616 4849 et
2659 4810 2754 4864 per
2798 4793 3043 4863 quinque
3086 4791 3363 4846 oraverint
3396 4792 3449 4845 itt
3493 4792 3625 4846 sub-

2036 4888 2326 4953 stratione,
2360 4895 2410 4941 et
2445 4902 2543 4956 per
2581 4885 2718 4939 alios
2745 4884 2885 4939 duos
2930 4885 3050 4936 sine
3095 4882 3374 4938 oblatione
3401 4883 3468 4936 ad
3501 4898 3627 4953 pre—

2036 4977 2271 5033 cationis
2322 4976 2767 5031 commuttionem
2829 4974 3035 5028 fuerint
3097 4974 3348 5036 admissi,
3403 4973 3477 5027 ita
3529 4972 3628 5027 de-

2036 5085 2211 5134 mum,
2256 5070 2415 5140 digna
2452 5068 2703 5123 videlicet
2749 5065 3075 5137 poenitentia
3121 5076 3366 5131 ostensa,
3413 5066 3467 5118 in
3502 5079 3628 5119 cor-

2035 5165 2185 5237 poris
2206 5161 2412 5220 Christi
2436 5161 2885 5216 communionem
2919 5158 3302 5214 restituentur.

2109 5342 2199 5396 84.
2240 5340 2365 5397 Haec
2391 5352 2573 5397 autem
2600 5340 2787 5395 omnia
2820 5339 3137 5405 scribimus,
3172 5347 3232 5393 ut
3258 5338 3468 5394 fruetus
3497 5353 3626 5407 pro-

2037 5433 2238 5488 bentur
2302 5426 2658 5504 ptenitentiaa.
2721 5432 2842 5487 Non
2894 5434 3042 5487 enim
3097 5432 3327 5485 omnino
3382 5441 3626 5498 tempore

2037 5526 2203 5597 327
2250 5526 2625 5596 dijudicantus
2665 5542 2753 5580 res
2801 5524 3097 5595 ejusmodi,
3137 5523 3229 5577 sed
3278 5524 3343 5574 ad
3395 5521 3621 5574 modum

2038 5620 2377 5689 poenitentia:
2428 5620 2785 5674 attendimus.
2826 5617 2981 5683 Quod
3014 5617 3057 5670 si
3091 5616 3183 5684 qui
3238 5612 3453 5667 ditlieile
3476 5612 3624 5665 avel-

2037 5712 2220 5766 lantur
2252 5727 2281 5765 a
2317 5712 2560 5780 proltriis
2611 5710 2876 5770 moribus.
2920 5707 3209 5775 carnisque
3255 5702 3625 5773 voluptatibus

2042 5804 2249 5862 servire
2299 5802 2490 5859 ntalint
2528 5818 2693 5875 quant
2749 5800 3003 5867 Domino,
3036 5806 3091 5854 ct
3124 5796 3287 5852 vitant
3324 5793 3623 5852 secundum
