  <div class='ocr_page' id='page_1' title='image "/cluster/home/n/w/nwhite01/storage/ocr_20150623/104:no.4/coo.31924054870088/413.png"; bbox 0 0 4156 6496; ppageno 0'>
   <div class='ocr_carea' id='block_1_1' title="bbox 555 380 3920 472">
    <p class='ocr_par' dir='ltr' id='par_1_1' title="bbox 555 380 3920 472">
     <span class='ocr_line' id='line_1_1' title="bbox 555 380 3920 472; baseline -0.004 -15"><span class='ocrx_word' id='word_1_1' title='bbox 555 405 657 472; x_wconf 63' lang='grc' dir='ltr'><strong>δοῖ</strong></span> <span class='ocrx_word' id='word_1_2' title='bbox 1729 389 1993 452; x_wconf 83' lang='lat' dir='ltr'><strong>PHUTII</strong></span> <span class='ocrx_word' id='word_1_3' title='bbox 2032 385 2537 450; x_wconf 54' lang='lat' dir='ltr'><strong>ruminans:</strong></span> <span class='ocrx_word' id='word_1_4' title='bbox 2572 385 2684 449; x_wconf 71' lang='grc' dir='ltr'>ει».</span> <span class='ocrx_word' id='word_1_5' title='bbox 3810 380 3920 444; x_wconf 81' lang='lat'><strong>803</strong></span> 
     </span>
    </p>
   </div>
   <div class='ocr_carea' id='block_1_2' title="bbox 561 492 2174 589">
    <p class='ocr_par' dir='ltr' id='par_1_2' title="bbox 561 503 2154 589">
     <span class='ocr_line' id='line_1_2' title="bbox 561 503 2154 589; baseline -0.011 -15"><span class='ocrx_word' id='word_1_6' title='bbox 561 515 917 589; x_wconf 81' lang='lat' dir='ltr'><strong>Evangelium</strong></span> <span class='ocrx_word' id='word_1_7' title='bbox 972 513 1270 570; x_wconf 88' lang='lat' dir='ltr'><strong>instituere</strong></span> <span class='ocrx_word' id='word_1_8' title='bbox 1299 509 1498 575; x_wconf 86' lang='lat' dir='ltr'><strong>nolint,</strong></span> <span class='ocrx_word' id='word_1_9' title='bbox 1531 506 1679 562; x_wconf 91' lang='lat' dir='ltr'><strong>nulla</strong></span> <span class='ocrx_word' id='word_1_10' title='bbox 1712 515 1797 562; x_wconf 89' lang='lat' dir='ltr'><strong>est</strong></span> <span class='ocrx_word' id='word_1_11' title='bbox 1822 503 1983 560; x_wconf 91' lang='lat' dir='ltr'><strong>nobis</strong></span> <span class='ocrx_word' id='word_1_12' title='bbox 2025 517 2154 558; x_wconf 86' lang='lat' dir='ltr'><strong>eum</strong></span> 
     </span>
    </p>
   </div>
   <div class='ocr_carea' id='block_1_3' title="bbox 2275 492 3921 589">
    <p class='ocr_par' dir='ltr' id='par_1_3' title="bbox 2275 492 3921 569">
     <span class='ocr_line' id='line_1_3' title="bbox 2275 492 3921 569; baseline -0.006 -14"><span class='ocrx_word' id='word_1_13' title='bbox 2275 501 2592 569; x_wconf 69' lang='grc' dir='ltr'>Ξὺαγγὲλιον</span> <span class='ocrx_word' id='word_1_14' title='bbox 2657 496 2805 569; x_wconf 75' lang='grc' dir='ltr'>ζωὴν</span> <span class='ocrx_word' id='word_1_15' title='bbox 2862 496 2938 568; x_wconf 83' lang='grc' dir='ltr'>μὴ</span> <span class='ocrx_word' id='word_1_16' title='bbox 2993 494 3432 567; x_wconf 78' lang='grc' dir='ltr'><strong>καταδέχωνται,</strong></span> <span class='ocrx_word' id='word_1_17' title='bbox 3497 492 3717 558; x_wconf 67' lang='grc' dir='ltr'>οὐδεὶς</span> <span class='ocrx_word' id='word_1_18' title='bbox 3782 496 3921 566; x_wconf 78' lang='grc' dir='ltr'>ἡμῖν</span> 
     </span>
    </p>
   </div>
   <div class='ocr_carea' id='block_1_4' title="bbox 559 587 2174 669">
    <p class='ocr_par' dir='ltr' id='par_1_4' title="bbox 559 587 2150 669">
     <span class='ocr_line' id='line_1_4' title="bbox 559 587 2150 669; baseline -0.011 -2"><span class='ocrx_word' id='word_1_19' title='bbox 559 612 669 668; x_wconf 80' lang='lat' dir='ltr'><strong>illis</strong></span> <span class='ocrx_word' id='word_1_20' title='bbox 691 587 1004 667; x_wconf 80' lang='lat' dir='ltr'><strong>communis</strong></span> <span class='ocrx_word' id='word_1_21' title='bbox 1057 606 1224 664; x_wconf 85' lang='lat' dir='ltr'><strong>ratio.</strong></span> <span class='ocrx_word' id='word_1_22' title='bbox 1251 602 1364 660; x_wconf 88' lang='lat' dir='ltr'><strong>Nos</strong></span> <span class='ocrx_word' id='word_1_23' title='bbox 1407 602 1555 659; x_wconf 92' lang='lat' dir='ltr'><strong>enim</strong></span> <span class='ocrx_word' id='word_1_24' title='bbox 1604 601 1658 655; x_wconf 92' lang='lat' dir='ltr'><strong>in</strong></span> <span class='ocrx_word' id='word_1_25' title='bbox 1701 599 1902 669; x_wconf 87' lang='lat' dir='ltr'><strong>populo</strong></span> <span class='ocrx_word' id='word_1_26' title='bbox 1930 597 2150 652; x_wconf 86' lang='lat' dir='ltr'><strong>inobse-</strong></span> 
     </span>
    </p>
   </div>
   <div class='ocr_carea' id='block_1_5' title="bbox 2275 587 3924 669">
    <p class='ocr_par' dir='ltr' id='par_1_5' title="bbox 2275 587 3924 663">
     <span class='ocr_line' id='line_1_5' title="bbox 2275 587 3924 663; baseline -0.004 -16"><span class='ocrx_word' id='word_1_27' title='bbox 2275 595 2437 657; x_wconf 80' lang='grc' dir='ltr'>ιοινὺς</span> <span class='ocrx_word' id='word_1_28' title='bbox 2471 595 2610 663; x_wconf 81' lang='grc' dir='ltr'>πρὸς</span> <span class='ocrx_word' id='word_1_29' title='bbox 2637 593 2836 654; x_wconf 77' lang='grc' dir='ltr'>αὐτοὺς</span> <span class='ocrx_word' id='word_1_30' title='bbox 2867 591 3026 659; x_wconf 85' lang='grc' dir='ltr'>λόγος</span> <span class='ocrx_word' id='word_1_31' title='bbox 3048 605 3062 616; x_wconf 89' lang='grc'>·</span> <span class='ocrx_word' id='word_1_32' title='bbox 3097 591 3258 660; x_wconf 80' lang='grc' dir='ltr'>ἡμεῖς</span> <span class='ocrx_word' id='word_1_33' title='bbox 3281 589 3388 660; x_wconf 82' lang='grc' dir='ltr'>γὰρ</span> <span class='ocrx_word' id='word_1_34' title='bbox 3411 591 3486 642; x_wconf 85' lang='grc' dir='ltr'>ὲν</span> <span class='ocrx_word' id='word_1_35' title='bbox 3518 587 3662 657; x_wconf 81' lang='grc' dir='ltr'>λαῷ</span> <span class='ocrx_word' id='word_1_36' title='bbox 3691 588 3924 641; x_wconf 79' lang='grc' dir='ltr'><strong>ἀπειθεῖ</strong></span> 
     </span>
    </p>
   </div>
   <div class='ocr_carea' id='block_1_6' title="bbox 560 677 2174 773">
    <p class='ocr_par' dir='ltr' id='par_1_6' title="bbox 560 686 2153 773">
     <span class='ocr_line' id='line_1_6' title="bbox 560 686 2153 773; baseline -0.012 -14"><span class='ocrx_word' id='word_1_37' title='bbox 560 705 752 773; x_wconf 88' lang='lat' dir='ltr'><strong>quenti</strong></span> <span class='ocrx_word' id='word_1_38' title='bbox 799 711 855 756; x_wconf 89' lang='grc' dir='ltr'><strong>ει</strong></span> <span class='ocrx_word' id='word_1_39' title='bbox 888 697 1289 756; x_wconf 88' lang='lat' dir='ltr'><strong>contradicenti</strong></span> <span class='ocrx_word' id='word_1_40' title='bbox 1327 694 1504 749; x_wconf 89' lang='lat' dir='ltr'><strong>edocti</strong></span> <span class='ocrx_word' id='word_1_41' title='bbox 1537 707 1735 748; x_wconf 90' lang='lat' dir='ltr'><strong>sumus</strong></span> <span class='ocrx_word' id='word_1_42' title='bbox 1764 690 1998 744; x_wconf 89' lang='lat' dir='ltr'><strong>audire:</strong></span> <span class='ocrx_word' id='word_1_43' title='bbox 2025 686 2153 743; x_wconf 82' lang='lat' dir='ltr'><strong>Ser-</strong></span> 
     </span>
    </p>
   </div>
   <div class='ocr_carea' id='block_1_7' title="bbox 2275 677 3922 773">
    <p class='ocr_par' dir='ltr' id='par_1_7' title="bbox 2275 677 3922 753">
     <span class='ocr_line' id='line_1_7' title="bbox 2275 677 3922 753; baseline -0.004 -15"><span class='ocrx_word' id='word_1_44' title='bbox 2275 685 2349 738; x_wconf 73' lang='lat' dir='ltr'><strong>:ctl</strong></span> <span class='ocrx_word' id='word_1_45' title='bbox 2370 685 2708 753; x_wconf 84' lang='grc' dir='ltr'>ἀντιλέγοντι</span> <span class='ocrx_word' id='word_1_46' title='bbox 2725 680 3087 751; x_wconf 80' lang='grc' dir='ltr'>δεδιδάγμεθα</span> <span class='ocrx_word' id='word_1_47' title='bbox 3109 680 3349 743; x_wconf 82' lang='grc' dir='ltr'><strong>ἀκούειν,</strong></span> <span class='ocrx_word' id='word_1_48' title='bbox 3367 681 3458 734; x_wconf 80' lang='grc' dir='ltr'>ὅτι</span> <span class='ocrx_word' id='word_1_49' title='bbox 3497 677 3749 738; x_wconf 76' lang='grc' dir='ltr'><strong>Σώζων</strong></span> <span class='ocrx_word' id='word_1_50' title='bbox 3768 677 3922 739; x_wconf 79' lang='grc' dir='ltr'><strong>σῶζε</strong></span> 
     </span>
    </p>
   </div>
   <div class='ocr_carea' id='block_1_8' title="bbox 562 771 2174 854">
    <p class='ocr_par' dir='ltr' id='par_1_8' title="bbox 562 771 2150 854">
     <span class='ocr_line' id='line_1_8' title="bbox 562 771 2150 854; baseline -0.014 -3"><span class='ocrx_word' id='word_1_51' title='bbox 562 771 688 852; x_wconf 65' lang='lat' dir='ltr'><strong>anns</strong></span> <span class='ocrx_word' id='word_1_52' title='bbox 709 811 858 849; x_wconf 80' lang='lat' dir='ltr'><strong>serva</strong></span> <span class='ocrx_word' id='word_1_53' title='bbox 884 792 1123 847; x_wconf 78' lang='lat' dir='ltr'><strong>animam</strong></span> <span class='ocrx_word' id='word_1_54' title='bbox 1156 799 1301 843; x_wconf 84' lang='lat' dir='ltr'><strong>tuam</strong></span> <span class='ocrx_word' id='word_1_55' title='bbox 1335 787 1406 840; x_wconf 77' lang='grc'><strong>⁸⁸.</strong></span> <span class='ocrx_word' id='word_1_56' title='bbox 1431 783 1508 838; x_wconf 85' lang='grc' dir='ltr'>Νε</span> <span class='ocrx_word' id='word_1_57' title='bbox 1538 783 1704 854; x_wconf 83' lang='lat' dir='ltr'><strong>igitur</strong></span> <span class='ocrx_word' id='word_1_58' title='bbox 1721 781 2150 841; x_wconf 72' lang='lat' dir='ltr'><strong>committamus,</strong></span> 
     </span>
    </p>
   </div>
   <div class='ocr_carea' id='block_1_9' title="bbox 2275 771 3916 854">
    <p class='ocr_par' dir='ltr' id='par_1_9' title="bbox 2275 771 3916 844">
     <span class='ocr_line' id='line_1_9' title="bbox 2275 771 3916 844; baseline -0.002 -16"><span class='ocrx_word' id='word_1_59' title='bbox 2275 777 2373 843; x_wconf 65' lang='grc' dir='ltr'><strong>τὴν</strong></span> <span class='ocrx_word' id='word_1_60' title='bbox 2403 775 2676 829; x_wconf 82' lang='grc' dir='ltr'><strong>σεαυτοῦ</strong></span> <span class='ocrx_word' id='word_1_61' title='bbox 2698 772 2932 843; x_wconf 70' lang='grc' dir='ltr'><strong>ψυχήν·</strong></span> <span class='ocrx_word' id='word_1_62' title='bbox 2964 773 3040 844; x_wconf 84' lang='grc' dir='ltr'>μὴ</span> <span class='ocrx_word' id='word_1_63' title='bbox 3068 773 3247 827; x_wconf 79' lang='grc' dir='ltr'>τοίνυν</span> <span class='ocrx_word' id='word_1_64' title='bbox 3265 771 3752 841; x_wconf 77' lang='grc' dir='ltr'>καταδεξὼμεθα</span> <span class='ocrx_word' id='word_1_65' title='bbox 3788 789 3916 825; x_wconf 86' lang='grc' dir='ltr'>συν-</span> 
     </span>
    </p>
   </div>
   <div class='ocr_carea' id='block_1_10' title="bbox 566 862 2174 951">
    <p class='ocr_par' dir='ltr' id='par_1_10' title="bbox 566 866 2155 951">
     <span class='ocr_line' id='line_1_10' title="bbox 566 866 2155 951; baseline -0.014 -9"><span class='ocrx_word' id='word_1_66' title='bbox 566 898 625 942; x_wconf 85' lang='grc' dir='ltr'><strong>υι</strong></span> <span class='ocrx_word' id='word_1_67' title='bbox 663 901 789 940; x_wconf 89' lang='lat' dir='ltr'><strong>emn</strong></span> <span class='ocrx_word' id='word_1_68' title='bbox 825 883 1027 938; x_wconf 81' lang='lat' dir='ltr'><strong>talibus</strong></span> <span class='ocrx_word' id='word_1_69' title='bbox 1061 893 1351 951; x_wconf 81' lang='lat' dir='ltr'><strong>pereamus</strong></span> <span class='ocrx_word' id='word_1_70' title='bbox 1377 895 1390 931; x_wconf 92' lang='lat'><strong>:</strong></span> <span class='ocrx_word' id='word_1_71' title='bbox 1422 875 1516 931; x_wconf 88' lang='lat' dir='ltr'><strong>sed</strong></span> <span class='ocrx_word' id='word_1_72' title='bbox 1547 888 1714 944; x_wconf 82' lang='lat' dir='ltr'><strong>grave</strong></span> <span class='ocrx_word' id='word_1_73' title='bbox 1743 870 2016 940; x_wconf 82' lang='lat' dir='ltr'><strong>judicium</strong></span> <span class='ocrx_word' id='word_1_74' title='bbox 2045 866 2155 921; x_wconf 78' lang='lat' dir='ltr'><strong>for-</strong></span> 
     </span>
    </p>
   </div>
   <div class='ocr_carea' id='block_1_11' title="bbox 2275 862 3920 951">
    <p class='ocr_par' dir='ltr' id='par_1_11' title="bbox 2275 862 3920 936">
     <span class='ocr_line' id='line_1_11' title="bbox 2275 862 3920 936; baseline -0.002 -16"><span class='ocrx_word' id='word_1_75' title='bbox 2275 867 2587 921; x_wconf 85' lang='grc' dir='ltr'>ιπόλλυσθαι</span> <span class='ocrx_word' id='word_1_76' title='bbox 2614 867 2727 928; x_wconf 81' lang='grc' dir='ltr'>τοῖς</span> <span class='ocrx_word' id='word_1_77' title='bbox 2750 865 3010 926; x_wconf 82' lang='grc' dir='ltr'><strong>τοιούτοις</strong></span> <span class='ocrx_word' id='word_1_78' title='bbox 3030 882 3044 897; x_wconf 89' lang='grc'><strong>·</strong></span> <span class='ocrx_word' id='word_1_79' title='bbox 3079 864 3216 919; x_wconf 85' lang='grc' dir='ltr'>ἀλλὰ</span> <span class='ocrx_word' id='word_1_80' title='bbox 3254 865 3628 936; x_wconf 77' lang='grc' dir='ltr'>φοϐηθέντες</span> <span class='ocrx_word' id='word_1_81' title='bbox 3675 862 3747 915; x_wconf 81' lang='grc' dir='ltr'><strong>τὸ</strong></span> <span class='ocrx_word' id='word_1_82' title='bbox 3775 863 3920 934; x_wconf 75' lang='grc' dir='ltr'>βαρὺ</span> 
     </span>
    </p>
   </div>
   <div class='ocr_carea' id='block_1_12' title="bbox 567 954 2174 1038">
    <p class='ocr_par' dir='ltr' id='par_1_12' title="bbox 567 959 2154 1038">
     <span class='ocr_line' id='line_1_12' title="bbox 567 959 2154 1038; baseline -0.013 -6"><span class='ocrx_word' id='word_1_83' title='bbox 567 979 858 1038; x_wconf 87' lang='lat' dir='ltr'><strong>midantes,</strong></span> <span class='ocrx_word' id='word_1_84' title='bbox 888 985 944 1030; x_wconf 90' lang='lat' dir='ltr'><strong>et</strong></span> <span class='ocrx_word' id='word_1_85' title='bbox 991 971 1288 1028; x_wconf 84' lang='lat' dir='ltr'><strong>terribilem</strong></span> <span class='ocrx_word' id='word_1_86' title='bbox 1333 965 1712 1024; x_wconf 85' lang='lat' dir='ltr'><strong>retributionis</strong></span> <span class='ocrx_word' id='word_1_87' title='bbox 1752 961 1968 1017; x_wconf 91' lang='lat' dir='ltr'><strong>Domini</strong></span> <span class='ocrx_word' id='word_1_88' title='bbox 2011 959 2154 1013; x_wconf 89' lang='lat' dir='ltr'><strong>diem</strong></span> 
     </span>
    </p>
   </div>
   <div class='ocr_carea' id='block_1_13' title="bbox 2275 954 3918 1038">
    <p class='ocr_par' dir='ltr' id='par_1_13' title="bbox 2275 954 3918 1028">
     <span class='ocr_line' id='line_1_13' title="bbox 2275 954 3918 1028; baseline -0.004 -16"><span class='ocrx_word' id='word_1_89' title='bbox 2275 960 2474 1028; x_wconf 82' lang='grc' dir='ltr'>ιρίμα,</span> <span class='ocrx_word' id='word_1_90' title='bbox 2505 957 2602 1012; x_wconf 69' lang='grc' dir='ltr'><strong>καὶ⁵</strong></span> <span class='ocrx_word' id='word_1_91' title='bbox 2651 955 2751 1026; x_wconf 81' lang='grc' dir='ltr'>τὴν</span> <span class='ocrx_word' id='word_1_92' title='bbox 2801 955 3039 1028; x_wconf 74' lang='grc' dir='ltr'>φοϐερὰν</span> <span class='ocrx_word' id='word_1_93' title='bbox 3062 955 3279 1026; x_wconf 80' lang='grc' dir='ltr'><strong>ἡμέραν</strong></span> <span class='ocrx_word' id='word_1_94' title='bbox 3308 956 3408 1026; x_wconf 81' lang='grc' dir='ltr'><strong>τῆς</strong></span> <span class='ocrx_word' id='word_1_95' title='bbox 3443 954 3918 1017; x_wconf 82' lang='grc' dir='ltr'>ἀνταποδόσεως</span> 
     </span>
    </p>
   </div>
   <div class='ocr_carea' id='block_1_14' title="bbox 564 1046 2174 1129">
    <p class='ocr_par' dir='ltr' id='par_1_14' title="bbox 564 1050 2158 1129">
     <span class='ocr_line' id='line_1_14' title="bbox 564 1050 2158 1129; baseline -0.013 -5"><span class='ocrx_word' id='word_1_96' title='bbox 564 1072 634 1125; x_wconf 88' lang='lat' dir='ltr'><strong>ob</strong></span> <span class='ocrx_word' id='word_1_97' title='bbox 685 1068 877 1123; x_wconf 90' lang='lat' dir='ltr'><strong>oculos</strong></span> <span class='ocrx_word' id='word_1_98' title='bbox 925 1066 1219 1129; x_wconf 90' lang='lat' dir='ltr'><strong>habentes,</strong></span> <span class='ocrx_word' id='word_1_99' title='bbox 1271 1077 1338 1115; x_wconf 90' lang='lat' dir='ltr'><strong>ne</strong></span> <span class='ocrx_word' id='word_1_100' title='bbox 1384 1061 1623 1114; x_wconf 80' lang='lat' dir='ltr'><strong>velimus</strong></span> <span class='ocrx_word' id='word_1_101' title='bbox 1659 1071 1769 1111; x_wconf 90' lang='lat' dir='ltr'><strong>una</strong></span> <span class='ocrx_word' id='word_1_102' title='bbox 1803 1069 1928 1109; x_wconf 91' lang='lat' dir='ltr'><strong>cum</strong></span> <span class='ocrx_word' id='word_1_103' title='bbox 1962 1050 2158 1106; x_wconf 77' lang='lat' dir='ltr'><strong>alienis</strong></span> 
     </span>
    </p>
   </div>
   <div class='ocr_carea' id='block_1_15' title="bbox 2275 1046 3918 1129">
    <p class='ocr_par' dir='ltr' id='par_1_15' title="bbox 2275 1046 3918 1121">
     <span class='ocr_line' id='line_1_15' title="bbox 2275 1046 3918 1121; baseline -0.005 -16"><span class='ocrx_word' id='word_1_104' title='bbox 2275 1050 2351 1105; x_wconf 70' lang='grc' dir='ltr'>τοῦ</span> <span class='ocrx_word' id='word_1_105' title='bbox 2398 1050 2605 1121; x_wconf 80' lang='grc' dir='ltr'><strong>Κυρίου</strong></span> <span class='ocrx_word' id='word_1_106' title='bbox 2635 1049 2744 1120; x_wconf 82' lang='grc' dir='ltr'><strong>πρὸ</strong></span> <span class='ocrx_word' id='word_1_107' title='bbox 2775 1047 3075 1119; x_wconf 74' lang='grc' dir='ltr'><strong>ὀφθαλμῶν</strong></span> <span class='ocrx_word' id='word_1_108' title='bbox 3104 1047 3384 1111; x_wconf 86' lang='grc' dir='ltr'>λαϐόντες,</span> <span class='ocrx_word' id='word_1_109' title='bbox 3419 1047 3514 1117; x_wconf 83' lang='grc' dir='ltr'>μὴ</span> <span class='ocrx_word' id='word_1_110' title='bbox 3559 1046 3918 1116; x_wconf 81' lang='grc' dir='ltr'>θελήσωμεν</span> 
     </span>
    </p>
   </div>
   <div class='ocr_carea' id='block_1_16' title="bbox 569 1132 2174 1231">
    <p class='ocr_par' dir='ltr' id='par_1_16' title="bbox 569 1139 2159 1231">
     <span class='ocr_line' id='line_1_16' title="bbox 569 1139 2159 1231; baseline -0.014 -15"><span class='ocrx_word' id='word_1_111' title='bbox 569 1161 807 1231; x_wconf 68' lang='lat' dir='ltr'><strong>peccatis</strong></span> <span class='ocrx_word' id='word_1_112' title='bbox 856 1158 1062 1228; x_wconf 88' lang='lat' dir='ltr'><strong>perire.</strong></span> <span class='ocrx_word' id='word_1_113' title='bbox 1108 1154 1166 1210; x_wconf 90' lang='lat' dir='ltr'><strong>Si</strong></span> <span class='ocrx_word' id='word_1_114' title='bbox 1201 1153 1347 1209; x_wconf 90' lang='lat' dir='ltr'><strong>enim</strong></span> <span class='ocrx_word' id='word_1_115' title='bbox 1379 1167 1481 1206; x_wconf 91' lang='lat' dir='ltr'><strong>nos</strong></span> <span class='ocrx_word' id='word_1_116' title='bbox 1511 1165 1619 1205; x_wconf 91' lang='lat' dir='ltr'><strong>non</strong></span> <span class='ocrx_word' id='word_1_117' title='bbox 1646 1147 1968 1203; x_wconf 81' lang='lat' dir='ltr'><strong>erudierunt</strong></span> <span class='ocrx_word' id='word_1_118' title='bbox 1998 1139 2159 1196; x_wconf 89' lang='lat' dir='ltr'><strong>terri-</strong></span> 
     </span>
    </p>
   </div>
   <div class='ocr_carea' id='block_1_17' title="bbox 2275 1132 3913 1231">
    <p class='ocr_par' dir='ltr' id='par_1_17' title="bbox 2275 1132 3913 1215">
     <span class='ocr_line' id='line_1_17' title="bbox 2275 1132 3913 1215; baseline -0.004 -18"><span class='ocrx_word' id='word_1_119' title='bbox 2275 1144 2557 1215; x_wconf 66' lang='lat' dir='ltr'><strong>ipaprtatc</strong></span> <span class='ocrx_word' id='word_1_120' title='bbox 2617 1143 2932 1214; x_wconf 70' lang='grc' dir='ltr'>ἀλλοτρίαις</span> <span class='ocrx_word' id='word_1_121' title='bbox 2985 1132 3470 1196; x_wconf 77' lang='grc' dir='ltr'><strong>συναπόλλυσθαι·</strong></span> <span class='ocrx_word' id='word_1_122' title='bbox 3537 1142 3598 1195; x_wconf 83' lang='grc' dir='ltr'><strong>εί</strong></span> <span class='ocrx_word' id='word_1_123' title='bbox 3655 1141 3780 1211; x_wconf 84' lang='grc' dir='ltr'>γὰρ</span> <span class='ocrx_word' id='word_1_124' title='bbox 3840 1143 3913 1210; x_wconf 81' lang='grc' dir='ltr'>μὴ</span> 
     </span>
    </p>
   </div>
   <div class='ocr_carea' id='block_1_18' title="bbox 569 1235 2174 1316">
    <p class='ocr_par' dir='ltr' id='par_1_18' title="bbox 569 1242 2160 1316">
     <span class='ocr_line' id='line_1_18' title="bbox 569 1242 2160 1316; baseline -0.011 -9"><span class='ocrx_word' id='word_1_125' title='bbox 569 1255 694 1307; x_wconf 90' lang='lat' dir='ltr'><strong>bilia</strong></span> <span class='ocrx_word' id='word_1_126' title='bbox 726 1250 966 1313; x_wconf 87' lang='lat' dir='ltr'><strong>Domini,</strong></span> <span class='ocrx_word' id='word_1_127' title='bbox 1005 1265 1107 1303; x_wconf 90' lang='lat' dir='ltr'><strong>nec</strong></span> <span class='ocrx_word' id='word_1_128' title='bbox 1133 1247 1268 1300; x_wconf 86' lang='lat' dir='ltr'><strong>tales</strong></span> <span class='ocrx_word' id='word_1_129' title='bbox 1297 1245 1471 1316; x_wconf 80' lang='lat' dir='ltr'><strong>plagae</strong></span> <span class='ocrx_word' id='word_1_130' title='bbox 1507 1242 1882 1302; x_wconf 74' lang='lat' dir='ltr'><strong>adduxerunt,</strong></span> <span class='ocrx_word' id='word_1_131' title='bbox 1917 1245 1980 1291; x_wconf 91' lang='lat' dir='ltr'><strong>ut</strong></span> <span class='ocrx_word' id='word_1_132' title='bbox 2004 1249 2105 1290; x_wconf 87' lang='lat' dir='ltr'><strong>nos</strong></span> <span class='ocrx_word' id='word_1_133' title='bbox 2128 1247 2160 1290; x_wconf 85' lang='lat' dir='ltr'><strong>a</strong></span> 
     </span>
    </p>
   </div>
   <div class='ocr_carea' id='block_1_19' title="bbox 2275 1235 3913 1316">
    <p class='ocr_par' dir='ltr' id='par_1_19' title="bbox 2275 1235 3913 1307">
     <span class='ocr_line' id='line_1_19' title="bbox 2275 1235 3913 1307; baseline -0.002 -17"><span class='ocrx_word' id='word_1_134' title='bbox 2275 1237 2583 1290; x_wconf 63' lang='grc' dir='ltr'>ἐπαίδευσεν</span> <span class='ocrx_word' id='word_1_135' title='bbox 2617 1238 2765 1306; x_wconf 79' lang='grc' dir='ltr'>ἡμᾶς</span> <span class='ocrx_word' id='word_1_136' title='bbox 2809 1237 2879 1290; x_wconf 76' lang='grc' dir='ltr'>τὰ</span> <span class='ocrx_word' id='word_1_137' title='bbox 2932 1236 3144 1307; x_wconf 73' lang='grc' dir='ltr'>φοϐερὰ</span> <span class='ocrx_word' id='word_1_138' title='bbox 3187 1235 3283 1290; x_wconf 79' lang='grc' dir='ltr'>τοῦ</span> <span class='ocrx_word' id='word_1_139' title='bbox 3337 1237 3604 1303; x_wconf 82' lang='grc' dir='ltr'>Κυρίου,</span> <span class='ocrx_word' id='word_1_140' title='bbox 3665 1235 3818 1304; x_wconf 84' lang='grc' dir='ltr'>μηδὲ</span> <span class='ocrx_word' id='word_1_141' title='bbox 3859 1236 3913 1287; x_wconf 76' lang='lat' dir='ltr'><strong>al</strong></span> 
     </span>
    </p>
   </div>
   <div class='ocr_carea' id='block_1_20' title="bbox 567 1324 2174 1410">
    <p class='ocr_par' dir='ltr' id='par_1_20' title="bbox 567 1324 2159 1410">
     <span class='ocr_line' id='line_1_20' title="bbox 567 1324 2159 1410; baseline -0.014 -13"><span class='ocrx_word' id='word_1_142' title='bbox 567 1341 799 1397; x_wconf 89' lang='lat' dir='ltr'><strong>Domino</strong></span> <span class='ocrx_word' id='word_1_143' title='bbox 846 1349 1070 1410; x_wconf 84' lang='lat' dir='ltr'><strong>propter</strong></span> <span class='ocrx_word' id='word_1_144' title='bbox 1138 1346 1385 1392; x_wconf 83' lang='lat' dir='ltr'><strong>nostram</strong></span> <span class='ocrx_word' id='word_1_145' title='bbox 1448 1333 1796 1402; x_wconf 78' lang='lat' dir='ltr'><strong>iniquitatem</strong></span> <span class='ocrx_word' id='word_1_146' title='bbox 1849 1324 2159 1386; x_wconf 86' lang='lat' dir='ltr'><strong>derelictos,</strong></span> 
     </span>
    </p>
   </div>
   <div class='ocr_carea' id='block_1_21' title="bbox 2275 1324 3910 1410">
    <p class='ocr_par' dir='ltr' id='par_1_21' title="bbox 2275 1329 3910 1401">
     <span class='ocr_line' id='line_1_21' title="bbox 2275 1329 3910 1401; baseline -0.001 -18"><span class='ocrx_word' id='word_1_147' title='bbox 2275 1329 2584 1400; x_wconf 74' lang='grc' dir='ltr'>τηλικαῦται</span> <span class='ocrx_word' id='word_1_148' title='bbox 2624 1329 2833 1399; x_wconf 71' lang='grc' dir='ltr'>πληγαὶ</span> <span class='ocrx_word' id='word_1_149' title='bbox 2889 1331 2970 1393; x_wconf 88' lang='grc' dir='ltr'><strong>είς</strong></span> <span class='ocrx_word' id='word_1_150' title='bbox 3030 1329 3286 1400; x_wconf 62' lang='grc' dir='ltr'>αἴσθησιν</span> <span class='ocrx_word' id='word_1_151' title='bbox 3320 1331 3473 1401; x_wconf 74' lang='grc' dir='ltr'>ἡμᾶς</span> <span class='ocrx_word' id='word_1_152' title='bbox 3510 1330 3786 1399; x_wconf 77' lang='grc' dir='ltr'>ἤγαγον,</span> <span class='ocrx_word' id='word_1_153' title='bbox 3829 1329 3910 1382; x_wconf 75' lang='grc' dir='ltr'>ὅτι</span> 
     </span>
    </p>
   </div>
   <div class='ocr_carea' id='block_1_22' title="bbox 566 1421 2174 1500">
    <p class='ocr_par' dir='ltr' id='par_1_22' title="bbox 566 1421 2165 1500">
     <span class='ocr_line' id='line_1_22' title="bbox 566 1421 2165 1500; baseline -0.008 -16"><span class='ocrx_word' id='word_1_154' title='bbox 566 1433 1042 1500; x_wconf 84' lang='lat' dir='ltr'><strong>Barbarorumque</strong></span> <span class='ocrx_word' id='word_1_155' title='bbox 1076 1431 1132 1482; x_wconf 92' lang='lat' dir='ltr'><strong>in</strong></span> <span class='ocrx_word' id='word_1_156' title='bbox 1174 1443 1372 1481; x_wconf 87' lang='lat' dir='ltr'><strong>manus</strong></span> <span class='ocrx_word' id='word_1_157' title='bbox 1419 1425 1651 1480; x_wconf 90' lang='lat' dir='ltr'><strong>traditos</strong></span> <span class='ocrx_word' id='word_1_158' title='bbox 1692 1421 2045 1480; x_wconf 86' lang='lat' dir='ltr'><strong>sentiremus,</strong></span> <span class='ocrx_word' id='word_1_159' title='bbox 2109 1425 2165 1471; x_wconf 88' lang='lat' dir='ltr'><strong>et</strong></span> 
     </span>
    </p>
   </div>
   <div class='ocr_carea' id='block_1_23' title="bbox 2275 1421 3909 1500">
    <p class='ocr_par' dir='ltr' id='par_1_23' title="bbox 2275 1423 3909 1495">
     <span class='ocr_line' id='line_1_23' title="bbox 2275 1423 3909 1495; baseline -0.001 -18"><span class='ocrx_word' id='word_1_160' title='bbox 2275 1424 2352 1478; x_wconf 68' lang='grc' dir='ltr'>διὰ</span> <span class='ocrx_word' id='word_1_161' title='bbox 2395 1425 2494 1495; x_wconf 77' lang='grc' dir='ltr'><strong>τὴν</strong></span> <span class='ocrx_word' id='word_1_162' title='bbox 2532 1425 2763 1494; x_wconf 85' lang='grc' dir='ltr'>ἀνομίαν</span> <span class='ocrx_word' id='word_1_163' title='bbox 2802 1425 2960 1495; x_wconf 84' lang='grc' dir='ltr'>ἡμῶν</span> <span class='ocrx_word' id='word_1_164' title='bbox 2984 1425 3344 1494; x_wconf 73' lang='grc' dir='ltr'>ἐγκατέλιπεν</span> <span class='ocrx_word' id='word_1_165' title='bbox 3375 1425 3546 1494; x_wconf 84' lang='grc' dir='ltr'>ἡμας</span> <span class='ocrx_word' id='word_1_166' title='bbox 3598 1424 3634 1476; x_wconf 83' lang='grc' dir='ltr'>ὀ</span> <span class='ocrx_word' id='word_1_167' title='bbox 3669 1423 3909 1494; x_wconf 82' lang='grc' dir='ltr'>Κύριος,</span> 
     </span>
    </p>
   </div>
   <div class='ocr_carea' id='block_1_24' title="bbox 565 1513 2174 1592">
    <p class='ocr_par' dir='ltr' id='par_1_24' title="bbox 565 1513 2164 1592">
     <span class='ocr_line' id='line_1_24' title="bbox 565 1513 2164 1592; baseline -0.011 -15"><span class='ocrx_word' id='word_1_168' title='bbox 565 1521 825 1592; x_wconf 82' lang='lat' dir='ltr'><strong>pepulum</strong></span> <span class='ocrx_word' id='word_1_169' title='bbox 866 1520 1009 1588; x_wconf 91' lang='lat' dir='ltr'><strong>apud</strong></span> <span class='ocrx_word' id='word_1_170' title='bbox 1052 1521 1242 1574; x_wconf 85' lang='lat' dir='ltr'><strong>hostes</strong></span> <span class='ocrx_word' id='word_1_171' title='bbox 1275 1517 1555 1587; x_wconf 88' lang='lat' dir='ltr'><strong>captivmn</strong></span> <span class='ocrx_word' id='word_1_172' title='bbox 1586 1513 1882 1568; x_wconf 88' lang='lat' dir='ltr'><strong>abductum</strong></span> <span class='ocrx_word' id='word_1_173' title='bbox 1917 1523 2060 1571; x_wconf 89' lang='lat' dir='ltr'><strong>esse,</strong></span> <span class='ocrx_word' id='word_1_174' title='bbox 2099 1518 2164 1561; x_wconf 89' lang='lat' dir='ltr'><strong>ac</strong></span> 
     </span>
    </p>
   </div>
   <div class='ocr_carea' id='block_1_25' title="bbox 2275 1513 3907 1592">
    <p class='ocr_par' dir='ltr' id='par_1_25' title="bbox 2275 1516 3907 1589">
     <span class='ocr_line' id='line_1_25' title="bbox 2275 1516 3907 1589; baseline -0.001 -20"><span class='ocrx_word' id='word_1_175' title='bbox 2275 1518 2361 1570; x_wconf 74' lang='grc' dir='ltr'>καὶ</span> <span class='ocrx_word' id='word_1_176' title='bbox 2411 1516 2729 1588; x_wconf 78' lang='grc' dir='ltr'>παρέδωκεν</span> <span class='ocrx_word' id='word_1_177' title='bbox 2779 1517 2860 1578; x_wconf 83' lang='grc' dir='ltr'><strong>είς</strong></span> <span class='ocrx_word' id='word_1_178' title='bbox 2901 1519 3088 1588; x_wconf 81' lang='grc' dir='ltr'>χεῖρας</span> <span class='ocrx_word' id='word_1_179' title='bbox 3123 1517 3450 1587; x_wconf 80' lang='grc' dir='ltr'>Βαρϐάρων,</span> <span class='ocrx_word' id='word_1_180' title='bbox 3489 1516 3610 1570; x_wconf 72' lang='grc' dir='ltr'><strong>καὶ</strong></span> <span class='ocrx_word' id='word_1_181' title='bbox 3675 1518 3907 1589; x_wconf 79' lang='grc' dir='ltr'>ἀπήχθη</span> 
     </span>
    </p>
   </div>
   <div class='ocr_carea' id='block_1_26' title="bbox 565 1594 2174 1684">
    <p class='ocr_par' dir='ltr' id='par_1_26' title="bbox 565 1594 2166 1684">
     <span class='ocr_line' id='line_1_26' title="bbox 565 1594 2166 1684; baseline -0.011 -17"><span class='ocrx_word' id='word_1_182' title='bbox 565 1613 893 1684; x_wconf 88' lang='lat' dir='ltr'><strong>dispersioni</strong></span> <span class='ocrx_word' id='word_1_183' title='bbox 922 1611 1202 1674; x_wconf 87' lang='lat' dir='ltr'><strong>traditum,</strong></span> <span class='ocrx_word' id='word_1_184' title='bbox 1232 1609 1361 1680; x_wconf 88' lang='lat' dir='ltr'><strong>quia</strong></span> <span class='ocrx_word' id='word_1_185' title='bbox 1391 1608 1506 1662; x_wconf 63' lang='lat' dir='ltr'><strong>haec</strong></span> <span class='ocrx_word' id='word_1_186' title='bbox 1524 1605 1802 1661; x_wconf 83' lang='lat' dir='ltr'><strong>audebant</strong></span> <span class='ocrx_word' id='word_1_187' title='bbox 1829 1605 1923 1672; x_wconf 90' lang='lat' dir='ltr'><strong>qui</strong></span> <span class='ocrx_word' id='word_1_188' title='bbox 1952 1594 2166 1654; x_wconf 86' lang='lat' dir='ltr'><strong>Christi</strong></span> 
     </span>
    </p>
   </div>
   <div class='ocr_carea' id='block_1_27' title="bbox 2275 1594 3904 1684">
    <p class='ocr_par' dir='ltr' id='par_1_27' title="bbox 2275 1608 3904 1679">
     <span class='ocr_line' id='line_1_27' title="bbox 2275 1608 3904 1679; baseline -0.001 -18"><span class='ocrx_word' id='word_1_189' title='bbox 2275 1609 2611 1678; x_wconf 70' lang='grc' dir='ltr'>αἰχμάλωτος</span> <span class='ocrx_word' id='word_1_190' title='bbox 2640 1609 2722 1671; x_wconf 84' lang='grc' dir='ltr'><strong>είς</strong></span> <span class='ocrx_word' id='word_1_191' title='bbox 2749 1610 2876 1673; x_wconf 82' lang='grc' dir='ltr'>τοὺς</span> <span class='ocrx_word' id='word_1_192' title='bbox 2905 1609 3202 1678; x_wconf 82' lang='grc' dir='ltr'>πολεμίους</span> <span class='ocrx_word' id='word_1_193' title='bbox 3225 1611 3254 1662; x_wconf 86' lang='grc' dir='ltr'><strong>ό</strong></span> <span class='ocrx_word' id='word_1_194' title='bbox 3279 1609 3426 1674; x_wconf 87' lang='grc' dir='ltr'>λαὸς,</span> <span class='ocrx_word' id='word_1_195' title='bbox 3455 1608 3571 1661; x_wconf 78' lang='grc' dir='ltr'><strong>καὶ</strong></span> <span class='ocrx_word' id='word_1_196' title='bbox 3609 1608 3904 1679; x_wconf 75' lang='grc' dir='ltr'>παρεδόθη</span> 
     </span>
    </p>
   </div>
   <div class='ocr_carea' id='block_1_28' title="bbox 567 1689 2174 1773">
    <p class='ocr_par' dir='ltr' id='par_1_28' title="bbox 567 1689 2166 1773">
     <span class='ocr_line' id='line_1_28' title="bbox 567 1689 2166 1773; baseline -0.01 -15"><span class='ocrx_word' id='word_1_197' title='bbox 567 1720 764 1759; x_wconf 87' lang='lat' dir='ltr'><strong>nomen</strong></span> <span class='ocrx_word' id='word_1_198' title='bbox 794 1703 1240 1773; x_wconf 78' lang='lat' dir='ltr'><strong>circumierunt:</strong></span> <span class='ocrx_word' id='word_1_199' title='bbox 1295 1701 1343 1759; x_wconf 84' lang='lat' dir='ltr'><strong>si</strong></span> <span class='ocrx_word' id='word_1_200' title='bbox 1387 1716 1495 1754; x_wconf 91' lang='lat' dir='ltr'><strong>non</strong></span> <span class='ocrx_word' id='word_1_201' title='bbox 1529 1705 1823 1760; x_wconf 87' lang='lat' dir='ltr'><strong>noverunt,</strong></span> <span class='ocrx_word' id='word_1_202' title='bbox 1859 1707 2032 1764; x_wconf 88' lang='lat' dir='ltr'><strong>neque</strong></span> <span class='ocrx_word' id='word_1_203' title='bbox 2080 1689 2166 1743; x_wconf 87' lang='lat' dir='ltr'><strong>in-</strong></span> 
     </span>
    </p>
   </div>
   <div class='ocr_carea' id='block_1_29' title="bbox 2275 1689 3902 1773">
    <p class='ocr_par' dir='ltr' id='par_1_29' title="bbox 2275 1696 3902 1772">
     <span class='ocr_line' id='line_1_29' title="bbox 2275 1696 3902 1772; baseline -0.002 -19"><span class='ocrx_word' id='word_1_204' title='bbox 2275 1703 2333 1770; x_wconf 80' lang='grc' dir='ltr'><strong>τῇ</strong></span> <span class='ocrx_word' id='word_1_205' title='bbox 2366 1702 2654 1772; x_wconf 82' lang='grc' dir='ltr'>διασπορᾷ,</span> <span class='ocrx_word' id='word_1_206' title='bbox 2685 1700 2821 1754; x_wconf 80' lang='grc' dir='ltr'>διότι</span> <span class='ocrx_word' id='word_1_207' title='bbox 2875 1700 3052 1753; x_wconf 81' lang='grc' dir='ltr'>ταῦτα</span> <span class='ocrx_word' id='word_1_208' title='bbox 3095 1699 3338 1769; x_wconf 73' lang='grc' dir='ltr'>ἐτόλμων</span> <span class='ocrx_word' id='word_1_209' title='bbox 3372 1700 3418 1751; x_wconf 89' lang='grc' dir='ltr'><strong>οί</strong></span> <span class='ocrx_word' id='word_1_210' title='bbox 3465 1699 3540 1750; x_wconf 80' lang='grc' dir='ltr'><strong>τὸ</strong></span> <span class='ocrx_word' id='word_1_211' title='bbox 3578 1697 3773 1767; x_wconf 80' lang='grc' dir='ltr'>δνομα</span> <span class='ocrx_word' id='word_1_212' title='bbox 3808 1696 3902 1750; x_wconf 71' lang='grc' dir='ltr'>τοῦ</span> 
     </span>
    </p>
   </div>
   <div class='ocr_carea' id='block_1_30' title="bbox 569 1781 2174 1865">
    <p class='ocr_par' dir='ltr' id='par_1_30' title="bbox 569 1781 2164 1865">
     <span class='ocr_line' id='line_1_30' title="bbox 569 1781 2164 1865; baseline -0.007 -16"><span class='ocrx_word' id='word_1_213' title='bbox 569 1798 914 1860; x_wconf 78' lang='lat' dir='ltr'><strong>tellexerunt,</strong></span> <span class='ocrx_word' id='word_1_214' title='bbox 964 1803 1251 1865; x_wconf 82' lang='lat' dir='ltr'><strong>propterea</strong></span> <span class='ocrx_word' id='word_1_215' title='bbox 1299 1791 1518 1848; x_wconf 80' lang='lat' dir='ltr'><strong>venisse</strong></span> <span class='ocrx_word' id='word_1_216' title='bbox 1567 1790 1623 1844; x_wconf 92' lang='lat' dir='ltr'><strong>in</strong></span> <span class='ocrx_word' id='word_1_217' title='bbox 1677 1804 1778 1844; x_wconf 90' lang='lat' dir='ltr'><strong>nos</strong></span> <span class='ocrx_word' id='word_1_218' title='bbox 1833 1787 1970 1840; x_wconf 85' lang='lat' dir='ltr'><strong>iram</strong></span> <span class='ocrx_word' id='word_1_219' title='bbox 2024 1781 2164 1838; x_wconf 86' lang='lat' dir='ltr'><strong>Dei&#39;.</strong></span> 
     </span>
    </p>
   </div>
   <div class='ocr_carea' id='block_1_31' title="bbox 2275 1781 3904 1865">
    <p class='ocr_par' dir='ltr' id='par_1_31' title="bbox 2275 1789 3904 1863">
     <span class='ocr_line' id='line_1_31' title="bbox 2275 1789 3904 1863; baseline -0.003 -17"><span class='ocrx_word' id='word_1_220' title='bbox 2275 1793 2510 1862; x_wconf 81' lang='grc' dir='ltr'>Χριστοῦ</span> <span class='ocrx_word' id='word_1_221' title='bbox 2563 1791 2983 1863; x_wconf 83' lang='grc' dir='ltr'>περιφέροντες·</span> <span class='ocrx_word' id='word_1_222' title='bbox 3019 1793 3068 1844; x_wconf 86' lang='grc' dir='ltr'><strong>εί</strong></span> <span class='ocrx_word' id='word_1_223' title='bbox 3115 1790 3190 1862; x_wconf 79' lang='grc' dir='ltr'>μὴ</span> <span class='ocrx_word' id='word_1_224' title='bbox 3236 1790 3487 1858; x_wconf 77' lang='grc' dir='ltr'>ἔγνωσαν</span> <span class='ocrx_word' id='word_1_225' title='bbox 3572 1789 3729 1860; x_wconf 81' lang='grc' dir='ltr'>μηδὲ</span> <span class='ocrx_word' id='word_1_226' title='bbox 3781 1805 3904 1841; x_wconf 78' lang='grc' dir='ltr'>συν-</span> 
     </span>
    </p>
   </div>
   <div class='ocr_carea' id='block_1_32' title="bbox 569 1851 2174 1961">
    <p class='ocr_par' dir='ltr' id='par_1_32' title="bbox 569 1877 2149 1961">
     <span class='ocr_line' id='line_1_32' title="bbox 569 1877 2149 1961; baseline -0.011 -16"><span class='ocrx_word' id='word_1_227' title='bbox 569 1906 691 1961; x_wconf 83' lang='lat' dir='ltr'><strong>quae</strong></span> <span class='ocrx_word' id='word_1_228' title='bbox 716 1905 804 1946; x_wconf 88' lang='lat' dir='ltr'><strong>res</strong></span> <span class='ocrx_word' id='word_1_229' title='bbox 834 1889 994 1945; x_wconf 87' lang='lat' dir='ltr'><strong>nobis</strong></span> <span class='ocrx_word' id='word_1_230' title='bbox 1031 1903 1156 1942; x_wconf 89' lang='lat' dir='ltr'><strong>cum</strong></span> <span class='ocrx_word' id='word_1_231' title='bbox 1209 1887 1294 1942; x_wconf 91' lang='lat' dir='ltr'><strong>his</strong></span> <span class='ocrx_word' id='word_1_232' title='bbox 1325 1883 1639 1940; x_wconf 89' lang='lat' dir='ltr'><strong>communis</strong></span> <span class='ocrx_word' id='word_1_233' title='bbox 1686 1879 1807 1937; x_wconf 83' lang='lat' dir='ltr'><strong>est?</strong></span> <span class='ocrx_word' id='word_1_234' title='bbox 1838 1877 1943 1933; x_wconf 88' lang='lat' dir='ltr'><strong>Sed</strong></span> <span class='ocrx_word' id='word_1_235' title='bbox 1961 1887 2149 1930; x_wconf 79' lang='lat' dir='ltr'><strong>tamen</strong></span> 
     </span>
    </p>
   </div>
   <div class='ocr_carea' id='block_1_33' title="bbox 2275 1851 3894 1961">
    <p class='ocr_par' dir='ltr' id='par_1_33' title="bbox 2275 1851 3894 1954">
     <span class='ocr_line' id='line_1_33' title="bbox 2275 1851 3894 1954; baseline -0.002 -17"><span class='ocrx_word' id='word_1_236' title='bbox 2275 1851 2430 1954; x_wconf 69' lang='grc' dir='ltr'>ἧκαν,</span> <span class='ocrx_word' id='word_1_237' title='bbox 2460 1885 2542 1937; x_wconf 79' lang='grc' dir='ltr'>ὅτι</span> <span class='ocrx_word' id='word_1_238' title='bbox 2572 1851 2662 1937; x_wconf 67' lang='lat' dir='ltr'><strong>Sui:</strong></span> <span class='ocrx_word' id='word_1_239' title='bbox 2693 1851 2866 1938; x_wconf 63' lang='grc' dir='ltr'>ταύτα</span> <span class='ocrx_word' id='word_1_240' title='bbox 2895 1851 3060 1954; x_wconf 75' lang='grc' dir='ltr'>ἦλθεν</span> <span class='ocrx_word' id='word_1_241' title='bbox 3079 1851 3332 1954; x_wconf 57' lang='grc' dir='ltr'>ὲξρήμας</span> <span class='ocrx_word' id='word_1_242' title='bbox 3358 1851 3695 1952; x_wconf 50' lang='grc' dir='ltr'>ήόργὴ-τοῦ</span> <span class='ocrx_word' id='word_1_243' title='bbox 3724 1881 3861 1934; x_wconf 76' lang='grc' dir='ltr'>Θεοῦ</span> <span class='ocrx_word' id='word_1_244' title='bbox 3879 1923 3894 1948; x_wconf 88' lang='grc'><strong>,</strong></span> 
     </span>
    </p>
   </div>
   <div class='ocr_carea' id='block_1_34' title="bbox 569 1969 2174 2044">
    <p class='ocr_par' dir='ltr' id='par_1_34' title="bbox 569 1969 2154 2042">
     <span class='ocr_line' id='line_1_34' title="bbox 569 1969 2154 2042; baseline -0.008 -8"><span class='ocrx_word' id='word_1_245' title='bbox 569 1980 834 2034; x_wconf 85' lang='lat' dir='ltr'><strong>obtestari</strong></span> <span class='ocrx_word' id='word_1_246' title='bbox 879 1994 975 2034; x_wconf 83' lang='lat' dir='ltr'><strong>eos</strong></span> <span class='ocrx_word' id='word_1_247' title='bbox 1015 1988 1072 2033; x_wconf 89' lang='lat' dir='ltr'><strong>et</strong></span> <span class='ocrx_word' id='word_1_248' title='bbox 1106 1985 1268 2032; x_wconf 93' lang='lat' dir='ltr'><strong>noctu</strong></span> <span class='ocrx_word' id='word_1_249' title='bbox 1323 1986 1378 2030; x_wconf 91' lang='lat' dir='ltr'><strong>et</strong></span> <span class='ocrx_word' id='word_1_250' title='bbox 1427 1975 1688 2039; x_wconf 84' lang='lat' dir='ltr'><strong>interdiu,</strong></span> <span class='ocrx_word' id='word_1_251' title='bbox 1737 1982 1793 2027; x_wconf 84' lang='lat' dir='ltr'><strong>et</strong></span> <span class='ocrx_word' id='word_1_252' title='bbox 1843 1969 2056 2042; x_wconf 86' lang='lat' dir='ltr'><strong>publice</strong></span> <span class='ocrx_word' id='word_1_253' title='bbox 2099 1975 2154 2022; x_wconf 89' lang='lat' dir='ltr'><strong>et</strong></span> 
     </span>
    </p>
   </div>
   <div class='ocr_carea' id='block_1_35' title="bbox 2275 1969 3898 2044">
    <p class='ocr_par' dir='ltr' id='par_1_35' title="bbox 2275 1973 3898 2044">
     <span class='ocr_line' id='line_1_35' title="bbox 2275 1973 3898 2044; baseline -0.001 -18"><span class='ocrx_word' id='word_1_254' title='bbox 2275 1975 2342 2037; x_wconf 74' lang='lat' dir='ltr'><strong>ri;</strong></span> <span class='ocrx_word' id='word_1_255' title='bbox 2374 1977 2507 2043; x_wconf 79' lang='grc' dir='ltr'>ἡμῖν</span> <span class='ocrx_word' id='word_1_256' title='bbox 2534 1975 2713 2038; x_wconf 84' lang='grc' dir='ltr'>κοινὸς</span> <span class='ocrx_word' id='word_1_257' title='bbox 2739 1975 2876 2044; x_wconf 78' lang='grc' dir='ltr'>πρὸς</span> <span class='ocrx_word' id='word_1_258' title='bbox 2907 1974 3130 2037; x_wconf 78' lang='grc' dir='ltr'>τούτους</span> <span class='ocrx_word' id='word_1_259' title='bbox 3165 1973 3344 2042; x_wconf 82' lang='grc' dir='ltr'>λόγος,</span> <span class='ocrx_word' id='word_1_260' title='bbox 3379 1974 3509 2026; x_wconf 81' lang='grc' dir='ltr'>ἀλλ’</span> <span class='ocrx_word' id='word_1_261' title='bbox 3570 1973 3609 2042; x_wconf 80' lang='grc' dir='ltr'><strong>ἢ</strong></span> <span class='ocrx_word' id='word_1_262' title='bbox 3659 1973 3898 2042; x_wconf 78' lang='grc' dir='ltr'>διαμαρ-</span> 
     </span>
    </p>
   </div>
   <div class='ocr_carea' id='block_1_36' title="bbox 570 2062 2174 2141">
    <p class='ocr_par' dir='ltr' id='par_1_36' title="bbox 570 2062 2152 2141">
     <span class='ocr_line' id='line_1_36' title="bbox 570 2062 2152 2141; baseline -0.009 -16"><span class='ocrx_word' id='word_1_263' title='bbox 570 2071 823 2141; x_wconf 84' lang='lat' dir='ltr'><strong>privatim</strong></span> <span class='ocrx_word' id='word_1_264' title='bbox 854 2069 1117 2126; x_wconf 76' lang='lat' dir='ltr'><strong>debemus</strong></span> <span class='ocrx_word' id='word_1_265' title='bbox 1149 2085 1180 2139; x_wconf 83' lang='grc'><strong>;·</strong></span> <span class='ocrx_word' id='word_1_266' title='bbox 1202 2085 1301 2122; x_wconf 92' lang='lat' dir='ltr'><strong>nos</strong></span> <span class='ocrx_word' id='word_1_267' title='bbox 1324 2074 1506 2121; x_wconf 90' lang='lat' dir='ltr'><strong>autem</strong></span> <span class='ocrx_word' id='word_1_268' title='bbox 1539 2065 1702 2119; x_wconf 88' lang='lat' dir='ltr'><strong>simul</strong></span> <span class='ocrx_word' id='word_1_269' title='bbox 1735 2062 1910 2132; x_wconf 80' lang='lat' dir='ltr'><strong>abripi</strong></span> <span class='ocrx_word' id='word_1_270' title='bbox 1959 2072 2152 2114; x_wconf 86' lang='lat' dir='ltr'><strong>eorum</strong></span> 
     </span>
    </p>
   </div>
   <div class='ocr_carea' id='block_1_37' title="bbox 2275 2062 3894 2141">
    <p class='ocr_par' dir='ltr' id='par_1_37' title="bbox 2275 2064 3894 2136">
     <span class='ocr_line' id='line_1_37' title="bbox 2275 2064 3894 2136; baseline -0.002 -18"><span class='ocrx_word' id='word_1_271' title='bbox 2275 2065 2530 2136; x_wconf 80' lang='grc' dir='ltr'>ιύρασθαι</span> <span class='ocrx_word' id='word_1_272' title='bbox 2563 2067 2745 2130; x_wconf 77' lang='grc' dir='ltr'>αὐτοῖς</span> <span class='ocrx_word' id='word_1_273' title='bbox 2777 2067 2872 2120; x_wconf 80' lang='grc' dir='ltr'>καὶ</span> <span class='ocrx_word' id='word_1_274' title='bbox 2899 2066 3092 2129; x_wconf 81' lang='grc' dir='ltr'>νυκτὸς</span> <span class='ocrx_word' id='word_1_275' title='bbox 3122 2066 3216 2118; x_wconf 85' lang='grc' dir='ltr'><strong>καὶ</strong></span> <span class='ocrx_word' id='word_1_276' title='bbox 3248 2066 3465 2135; x_wconf 80' lang='grc' dir='ltr'>ἡμέρας</span> <span class='ocrx_word' id='word_1_277' title='bbox 3512 2067 3621 2118; x_wconf 74' lang='grc' dir='ltr'><strong>καὶ</strong></span> <span class='ocrx_word' id='word_1_278' title='bbox 3655 2064 3894 2135; x_wconf 63' lang='grc' dir='ltr'><strong>δημοσίᾳ⁸</strong></span> 
     </span>
    </p>
   </div>
   <div class='ocr_carea' id='block_1_38' title="bbox 573 2151 2174 2232">
    <p class='ocr_par' dir='ltr' id='par_1_38' title="bbox 573 2151 2153 2232">
     <span class='ocr_line' id='line_1_38' title="bbox 573 2151 2153 2232; baseline -0.011 -15"><span class='ocrx_word' id='word_1_279' title='bbox 573 2161 1050 2232; x_wconf 80' lang='lat' dir='ltr'><strong>improbitatibus,</strong></span> <span class='ocrx_word' id='word_1_280' title='bbox 1130 2173 1202 2213; x_wconf 89' lang='lat' dir='ltr'><strong>ne</strong></span> <span class='ocrx_word' id='word_1_281' title='bbox 1287 2159 1554 2220; x_wconf 82' lang='lat' dir='ltr'><strong>feramus,</strong></span> <span class='ocrx_word' id='word_1_282' title='bbox 1625 2155 1862 2208; x_wconf 80' lang='lat' dir='ltr'><strong>maxime</strong></span> <span class='ocrx_word' id='word_1_283' title='bbox 1934 2151 2153 2219; x_wconf 89' lang='lat' dir='ltr'><strong>quidem</strong></span> 
     </span>
    </p>
   </div>
   <div class='ocr_carea' id='block_1_39' title="bbox 2275 2151 3894 2232">
    <p class='ocr_par' dir='ltr' id='par_1_39' title="bbox 2275 2154 3894 2227">
     <span class='ocr_line' id='line_1_39' title="bbox 2275 2154 3894 2227; baseline -0.002 -17"><span class='ocrx_word' id='word_1_284' title='bbox 2275 2158 2360 2210; x_wconf 71' lang='grc' dir='ltr'><strong>καὶ</strong></span> <span class='ocrx_word' id='word_1_285' title='bbox 2414 2157 2521 2227; x_wconf 75' lang='grc' dir='ltr'>ίδίᾳ</span> <span class='ocrx_word' id='word_1_286' title='bbox 2573 2155 2896 2226; x_wconf 75' lang='grc' dir='ltr'>όφείλομεν;</span> <span class='ocrx_word' id='word_1_287' title='bbox 2939 2157 3359 2225; x_wconf 84' lang='grc' dir='ltr'>συναπάγεσθαι</span> <span class='ocrx_word' id='word_1_288' title='bbox 3403 2156 3465 2208; x_wconf 79' lang='grc' dir='ltr'><strong>δὲ</strong></span> <span class='ocrx_word' id='word_1_289' title='bbox 3532 2154 3740 2208; x_wconf 81' lang='grc' dir='ltr'>αὐτῶν</span> <span class='ocrx_word' id='word_1_290' title='bbox 3777 2158 3894 2217; x_wconf 78' lang='grc' dir='ltr'>ταῖς</span> 
     </span>
    </p>
   </div>
   <div class='ocr_carea' id='block_1_40' title="bbox 572 2241 2157 2324">
    <p class='ocr_par' dir='ltr' id='par_1_40' title="bbox 572 2241 2157 2324">
     <span class='ocr_line' id='line_1_40' title="bbox 572 2241 2157 2324; baseline -0.008 -17"><span class='ocrx_word' id='word_1_291' title='bbox 572 2265 825 2324; x_wconf 89' lang='lat' dir='ltr'><strong>optantes</strong></span> <span class='ocrx_word' id='word_1_292' title='bbox 863 2268 960 2308; x_wconf 89' lang='lat' dir='ltr'><strong>eos</strong></span> <span class='ocrx_word' id='word_1_293' title='bbox 1005 2249 1356 2318; x_wconf 82' lang='lat' dir='ltr'><strong>lucrifacere,</strong></span> <span class='ocrx_word' id='word_1_294' title='bbox 1395 2259 1450 2304; x_wconf 89' lang='lat' dir='ltr'><strong>et</strong></span> <span class='ocrx_word' id='word_1_295' title='bbox 1487 2264 1518 2303; x_wconf 84' lang='lat' dir='ltr'><strong>a</strong></span> <span class='ocrx_word' id='word_1_296' title='bbox 1568 2247 1793 2316; x_wconf 81' lang='lat' dir='ltr'><strong>maligni</strong></span> <span class='ocrx_word' id='word_1_297' title='bbox 1822 2246 2017 2315; x_wconf 87' lang='lat' dir='ltr'><strong>laqueo</strong></span> <span class='ocrx_word' id='word_1_298' title='bbox 2049 2241 2157 2296; x_wconf 81' lang='lat' dir='ltr'><strong>cri-</strong></span> 
     </span>
    </p>
   </div>
   <div class='ocr_carea' id='block_1_41' title="bbox 573 2334 2159 2416">
    <p class='ocr_par' dir='ltr' id='par_1_41' title="bbox 573 2334 2159 2416">
     <span class='ocr_line' id='line_1_41' title="bbox 573 2334 2159 2416; baseline -0.009 -16"><span class='ocrx_word' id='word_1_299' title='bbox 573 2362 735 2416; x_wconf 88' lang='lat' dir='ltr'><strong>pere;</strong></span> <span class='ocrx_word' id='word_1_300' title='bbox 771 2344 867 2400; x_wconf 93' lang='lat' dir='ltr'><strong>sed</strong></span> <span class='ocrx_word' id='word_1_301' title='bbox 918 2344 964 2398; x_wconf 88' lang='lat' dir='ltr'><strong>si</strong></span> <span class='ocrx_word' id='word_1_302' title='bbox 1016 2344 1119 2397; x_wconf 88' lang='lat' dir='ltr'><strong>hoc</strong></span> <span class='ocrx_word' id='word_1_303' title='bbox 1160 2358 1267 2399; x_wconf 88' lang='lat' dir='ltr'><strong>non</strong></span> <span class='ocrx_word' id='word_1_304' title='bbox 1314 2355 1632 2412; x_wconf 87' lang='lat' dir='ltr'><strong>possumus,</strong></span> <span class='ocrx_word' id='word_1_305' title='bbox 1685 2337 2005 2394; x_wconf 79' lang='lat' dir='ltr'><strong>Studeamus</strong></span> <span class='ocrx_word' id='word_1_306' title='bbox 2050 2334 2159 2388; x_wconf 88' lang='lat' dir='ltr'><strong>sal-</strong></span> 
     </span>
    </p>
   </div>
   <div class='ocr_carea' id='block_1_42' title="bbox 572 2429 2158 2497">
    <p class='ocr_par' dir='ltr' id='par_1_42' title="bbox 572 2429 2158 2497">
     <span class='ocr_line' id='line_1_42' title="bbox 572 2429 2158 2497; baseline -0.008 -4"><span class='ocrx_word' id='word_1_307' title='bbox 572 2450 679 2493; x_wconf 88' lang='lat' dir='ltr'><strong>tem</strong></span> <span class='ocrx_word' id='word_1_308' title='bbox 707 2439 916 2497; x_wconf 87' lang='lat' dir='ltr'><strong>animas</strong></span> <span class='ocrx_word' id='word_1_309' title='bbox 949 2444 1168 2492; x_wconf 87' lang='lat' dir='ltr'><strong>nostras</strong></span> <span class='ocrx_word' id='word_1_310' title='bbox 1203 2435 1273 2490; x_wconf 90' lang='lat' dir='ltr'><strong>ab</strong></span> <span class='ocrx_word' id='word_1_311' title='bbox 1307 2445 1511 2491; x_wconf 69' lang='lat' dir='ltr'><strong>acterna</strong></span> <span class='ocrx_word' id='word_1_312' title='bbox 1544 2429 2002 2488; x_wconf 83' lang='lat' dir='ltr'><strong>condemnatione</strong></span> <span class='ocrx_word' id='word_1_313' title='bbox 2039 2441 2158 2484; x_wconf 76' lang='lat' dir='ltr'><strong>ser-</strong></span> 
     </span>
    </p>
   </div>
   <div class='ocr_carea' id='block_1_43' title="bbox 579 2545 726 2585">
    <p class='ocr_par' dir='ltr' id='par_1_43' title="bbox 579 2545 726 2585">
     <span class='ocr_line' id='line_1_43' title="bbox 579 2545 726 2585; baseline -0.007 0"><span class='ocrx_word' id='word_1_314' title='bbox 579 2545 726 2585; x_wconf 86' lang='lat' dir='ltr'><strong>vare.</strong></span> 
     </span>
    </p>
   </div>
   <div class='ocr_carea' id='block_1_44' title="bbox 821 2704 1909 2782">
    <p class='ocr_par' dir='ltr' id='par_1_44' title="bbox 821 2704 1909 2782">
     <span class='ocr_line' id='line_1_44' title="bbox 821 2704 1909 2782; baseline -0.006 -16"><span class='ocrx_word' id='word_1_315' title='bbox 821 2710 1058 2782; x_wconf 77' lang='lat' dir='ltr'><strong>Gregorii</strong></span> <span class='ocrx_word' id='word_1_316' title='bbox 1091 2709 1324 2780; x_wconf 81' lang='lat' dir='ltr'><strong>Nysseni</strong></span> <span class='ocrx_word' id='word_1_317' title='bbox 1353 2724 1577 2762; x_wconf 82' lang='lat' dir='ltr'><strong>canones</strong></span> <span class='ocrx_word' id='word_1_318' title='bbox 1609 2708 1662 2771; x_wconf 84' lang='grc'>5,</span> <span class='ocrx_word' id='word_1_319' title='bbox 1689 2706 1744 2772; x_wconf 75' lang='grc' dir='ltr'><strong>ι,</strong></span> <span class='ocrx_word' id='word_1_320' title='bbox 1775 2707 1830 2772; x_wconf 89' lang='lat'><strong>7,</strong></span> <span class='ocrx_word' id='word_1_321' title='bbox 1854 2704 1909 2759; x_wconf 82' lang='lat'><strong>8.</strong></span> 
     </span>
    </p>
   </div>
   <div class='ocr_carea' id='block_1_45' title="bbox 640 2793 2166 2873">
    <p class='ocr_par' dir='ltr' id='par_1_45' title="bbox 640 2793 2166 2873">
     <span class='ocr_line' id='line_1_45' title="bbox 640 2793 2166 2873; baseline -0.005 -19"><span class='ocrx_word' id='word_1_322' title='bbox 640 2800 676 2854; x_wconf 82' lang='grc'><strong>’5</strong></span> <span class='ocrx_word' id='word_1_323' title='bbox 707 2800 810 2873; x_wconf 66' lang='grc'><strong>14].</strong></span> <span class='ocrx_word' id='word_1_324' title='bbox 844 2800 1043 2856; x_wconf 89' lang='lat' dir='ltr'><strong>Eorum</strong></span> <span class='ocrx_word' id='word_1_325' title='bbox 1076 2809 1259 2854; x_wconf 90' lang='lat' dir='ltr'><strong>autem</strong></span> <span class='ocrx_word' id='word_1_326' title='bbox 1291 2813 1412 2868; x_wconf 61' lang='lat' dir='ltr'><strong>quae</strong></span> <span class='ocrx_word' id='word_1_327' title='bbox 1444 2797 1509 2851; x_wconf 89' lang='lat' dir='ltr'><strong>ad</strong></span> <span class='ocrx_word' id='word_1_328' title='bbox 1539 2796 1894 2866; x_wconf 85' lang='lat' dir='ltr'><strong>cupiditatem</strong></span> <span class='ocrx_word' id='word_1_329' title='bbox 1924 2804 1978 2851; x_wconf 89' lang='lat' dir='ltr'><strong>et</strong></span> <span class='ocrx_word' id='word_1_330' title='bbox 2006 2793 2166 2849; x_wconf 79' lang='lat' dir='ltr'><strong>volu-</strong></span> 
     </span>
    </p>
   </div>
   <div class='ocr_carea' id='block_1_46' title="bbox 573 2887 2165 2964">
    <p class='ocr_par' dir='ltr' id='par_1_46' title="bbox 573 2887 2165 2964">
     <span class='ocr_line' id='line_1_46' title="bbox 573 2887 2165 2964; baseline -0.006 -16"><span class='ocrx_word' id='word_1_331' title='bbox 573 2902 774 2964; x_wconf 87' lang='lat' dir='ltr'><strong>ptatem</strong></span> <span class='ocrx_word' id='word_1_332' title='bbox 803 2893 942 2947; x_wconf 82' lang='lat' dir='ltr'><strong>ﬁunt</strong></span> <span class='ocrx_word' id='word_1_333' title='bbox 970 2901 1344 2962; x_wconf 85' lang='lat' dir='ltr'><strong>peccatorum,</strong></span> <span class='ocrx_word' id='word_1_334' title='bbox 1372 2891 1489 2945; x_wconf 85' lang='lat' dir='ltr'><strong>haec</strong></span> <span class='ocrx_word' id='word_1_335' title='bbox 1515 2899 1598 2946; x_wconf 89' lang='lat' dir='ltr'><strong>est</strong></span> <span class='ocrx_word' id='word_1_336' title='bbox 1622 2889 1819 2944; x_wconf 83' lang='lat' dir='ltr'><strong>divisio</strong></span> <span class='ocrx_word' id='word_1_337' title='bbox 1851 2907 1864 2942; x_wconf 92' lang='lat'>:</span> <span class='ocrx_word' id='word_1_338' title='bbox 1891 2888 1996 2943; x_wconf 90' lang='lat' dir='ltr'><strong>hoc</strong></span> <span class='ocrx_word' id='word_1_339' title='bbox 2021 2887 2165 2942; x_wconf 91' lang='lat' dir='ltr'><strong>enim</strong></span> 
     </span>
    </p>
   </div>
   <div class='ocr_carea' id='block_1_47' title="bbox 572 2981 2168 3049">
    <p class='ocr_par' dir='ltr' id='par_1_47' title="bbox 572 2981 2168 3049">
     <span class='ocr_line' id='line_1_47' title="bbox 572 2981 2168 3049; baseline -0.005 -9"><span class='ocrx_word' id='word_1_340' title='bbox 572 2997 801 3042; x_wconf 88' lang='lat' dir='ltr'><strong>vocatur</strong></span> <span class='ocrx_word' id='word_1_341' title='bbox 833 2985 1196 3049; x_wconf 85' lang='lat' dir='ltr'><strong>adulterium,</strong></span> <span class='ocrx_word' id='word_1_342' title='bbox 1232 2984 1364 3038; x_wconf 92' lang='lat' dir='ltr'><strong>illud</strong></span> <span class='ocrx_word' id='word_1_343' title='bbox 1403 2997 1532 3037; x_wconf 89' lang='lat' dir='ltr'><strong>vero</strong></span> <span class='ocrx_word' id='word_1_344' title='bbox 1567 2981 1881 3037; x_wconf 80' lang='lat' dir='ltr'><strong>fornicatio.</strong></span> <span class='ocrx_word' id='word_1_345' title='bbox 1916 2981 1995 3036; x_wconf 86' lang='lat' dir='ltr'><strong>Ac</strong></span> <span class='ocrx_word' id='word_1_346' title='bbox 2030 2996 2168 3034; x_wconf 86' lang='lat' dir='ltr'><strong>non-</strong></span> 
     </span>
    </p>
   </div>
   <div class='ocr_carea' id='block_1_48' title="bbox 576 3069 2171 3146">
    <p class='ocr_par' dir='ltr' id='par_1_48' title="bbox 576 3069 2171 3146">
     <span class='ocr_line' id='line_1_48' title="bbox 576 3069 2171 3146; baseline -0.006 -14"><span class='ocrx_word' id='word_1_347' title='bbox 576 3077 736 3133; x_wconf 87' lang='lat' dir='ltr'><strong>nullis</strong></span> <span class='ocrx_word' id='word_1_348' title='bbox 775 3076 995 3146; x_wconf 81' lang='lat' dir='ltr'><strong>quidem</strong></span> <span class='ocrx_word' id='word_1_349' title='bbox 1043 3089 1234 3129; x_wconf 88' lang='lat' dir='ltr'><strong>eorum</strong></span> <span class='ocrx_word' id='word_1_350' title='bbox 1274 3074 1367 3146; x_wconf 91' lang='lat' dir='ltr'><strong>qui</strong></span> <span class='ocrx_word' id='word_1_351' title='bbox 1414 3081 1545 3128; x_wconf 91' lang='lat' dir='ltr'><strong>sunt</strong></span> <span class='ocrx_word' id='word_1_352' title='bbox 1583 3072 1918 3139; x_wconf 87' lang='lat' dir='ltr'><strong>subtiliores,</strong></span> <span class='ocrx_word' id='word_1_353' title='bbox 1966 3069 2171 3140; x_wconf 86' lang='lat' dir='ltr'><strong>placuit</strong></span> 
     </span>
    </p>
   </div>
   <div class='ocr_carea' id='block_1_49' title="bbox 574 3159 2171 3234">
    <p class='ocr_par' dir='ltr' id='par_1_49' title="bbox 574 3159 2171 3234">
     <span class='ocr_line' id='line_1_49' title="bbox 574 3159 2171 3234; baseline -0.006 -11"><span class='ocrx_word' id='word_1_354' title='bbox 574 3170 740 3223; x_wconf 90' lang='lat' dir='ltr'><strong>etiam</strong></span> <span class='ocrx_word' id='word_1_355' title='bbox 777 3165 1163 3220; x_wconf 75' lang='lat' dir='ltr'><strong>fornicationis</strong></span> <span class='ocrx_word' id='word_1_356' title='bbox 1201 3172 1492 3234; x_wconf 87' lang='lat' dir='ltr'><strong>peccatum</strong></span> <span class='ocrx_word' id='word_1_357' title='bbox 1527 3162 1856 3217; x_wconf 83' lang='lat' dir='ltr'><strong>adulterium</strong></span> <span class='ocrx_word' id='word_1_358' title='bbox 1891 3175 2015 3216; x_wconf 89' lang='lat' dir='ltr'><strong>esse</strong></span> <span class='ocrx_word' id='word_1_359' title='bbox 2049 3159 2171 3214; x_wconf 77' lang='lat' dir='ltr'><strong>exi-</strong></span> 
     </span>
    </p>
   </div>
   <div class='ocr_carea' id='block_1_50' title="bbox 577 3248 2173 3326">
    <p class='ocr_par' dir='ltr' id='par_1_50' title="bbox 577 3248 2173 3326">
     <span class='ocr_line' id='line_1_50' title="bbox 577 3248 2173 3326; baseline -0.009 -12"><span class='ocrx_word' id='word_1_360' title='bbox 577 3261 825 3324; x_wconf 87' lang='lat' dir='ltr'><strong>stimare,</strong></span> <span class='ocrx_word' id='word_1_361' title='bbox 853 3257 1020 3326; x_wconf 78' lang='lat'><strong>328</strong></span> <span class='ocrx_word' id='word_1_362' title='bbox 1043 3257 1306 3325; x_wconf 87' lang='lat' dir='ltr'><strong>quoniam</strong></span> <span class='ocrx_word' id='word_1_363' title='bbox 1344 3269 1450 3308; x_wconf 90' lang='lat' dir='ltr'><strong>una</strong></span> <span class='ocrx_word' id='word_1_364' title='bbox 1477 3261 1560 3308; x_wconf 90' lang='lat' dir='ltr'><strong>est</strong></span> <span class='ocrx_word' id='word_1_365' title='bbox 1586 3252 1826 3322; x_wconf 84' lang='lat' dir='ltr'><strong>legitima</strong></span> <span class='ocrx_word' id='word_1_366' title='bbox 1857 3248 2173 3318; x_wconf 86' lang='lat' dir='ltr'><strong>conjunctio</strong></span> 
     </span>
    </p>
   </div>
   <div class='ocr_carea' id='block_1_51' title="bbox 577 3338 2178 3410">
    <p class='ocr_par' dir='ltr' id='par_1_51' title="bbox 577 3338 2178 3410">
     <span class='ocr_line' id='line_1_51' title="bbox 577 3338 2178 3410; baseline -0.008 -4"><span class='ocrx_word' id='word_1_367' title='bbox 577 3361 632 3406; x_wconf 87' lang='lat' dir='ltr'><strong>et</strong></span> <span class='ocrx_word' id='word_1_368' title='bbox 656 3349 903 3404; x_wconf 90' lang='lat' dir='ltr'><strong>mulieris</strong></span> <span class='ocrx_word' id='word_1_369' title='bbox 934 3363 1057 3402; x_wconf 87' lang='lat' dir='ltr'><strong>eum</strong></span> <span class='ocrx_word' id='word_1_370' title='bbox 1095 3347 1235 3410; x_wconf 92' lang='lat' dir='ltr'><strong>viro,</strong></span> <span class='ocrx_word' id='word_1_371' title='bbox 1259 3357 1311 3400; x_wconf 91' lang='lat' dir='ltr'><strong>et</strong></span> <span class='ocrx_word' id='word_1_372' title='bbox 1337 3344 1437 3400; x_wconf 91' lang='lat' dir='ltr'><strong>viri</strong></span> <span class='ocrx_word' id='word_1_373' title='bbox 1471 3359 1594 3398; x_wconf 83' lang='lat' dir='ltr'><strong>cum</strong></span> <span class='ocrx_word' id='word_1_374' title='bbox 1630 3343 1878 3398; x_wconf 90' lang='lat' dir='ltr'><strong>muliere.</strong></span> <span class='ocrx_word' id='word_1_375' title='bbox 1901 3338 2178 3410; x_wconf 80' lang='lat' dir='ltr'><strong>Quidquid</strong></span> 
     </span>
    </p>
   </div>
   <div class='ocr_carea' id='block_1_52' title="bbox 577 3431 2182 3509">
    <p class='ocr_par' dir='ltr' id='par_1_52' title="bbox 577 3431 2182 3509">
     <span class='ocr_line' id='line_1_52' title="bbox 577 3431 2182 3509; baseline -0.007 -15"><span class='ocrx_word' id='word_1_376' title='bbox 577 3456 708 3509; x_wconf 80' lang='lat' dir='ltr'><strong>ergo</strong></span> <span class='ocrx_word' id='word_1_377' title='bbox 754 3455 864 3493; x_wconf 88' lang='lat' dir='ltr'><strong>non</strong></span> <span class='ocrx_word' id='word_1_378' title='bbox 907 3448 991 3494; x_wconf 89' lang='lat' dir='ltr'><strong>est</strong></span> <span class='ocrx_word' id='word_1_379' title='bbox 1035 3437 1372 3508; x_wconf 76' lang='lat' dir='ltr'><strong>legitimum,</strong></span> <span class='ocrx_word' id='word_1_380' title='bbox 1408 3443 1494 3490; x_wconf 90' lang='lat' dir='ltr'><strong>est</strong></span> <span class='ocrx_word' id='word_1_381' title='bbox 1539 3435 1766 3489; x_wconf 90' lang='lat' dir='ltr'><strong>omnino</strong></span> <span class='ocrx_word' id='word_1_382' title='bbox 1811 3431 2078 3502; x_wconf 82' lang='lat' dir='ltr'><strong>injustum</strong></span> <span class='ocrx_word' id='word_1_383' title='bbox 2127 3439 2182 3484; x_wconf 89' lang='lat' dir='ltr'><strong>et</strong></span> 
     </span>
    </p>
   </div>
   <div class='ocr_carea' id='block_1_53' title="bbox 579 3522 2182 3603">
    <p class='ocr_par' dir='ltr' id='par_1_53' title="bbox 579 3522 2182 3603">
     <span class='ocr_line' id='line_1_53' title="bbox 579 3522 2182 3603; baseline -0.003 -22"><span class='ocrx_word' id='word_1_384' title='bbox 579 3531 682 3603; x_wconf 62' lang='lat' dir='ltr'><strong>pagi</strong></span> <span class='ocrx_word' id='word_1_385' title='bbox 713 3531 1048 3586; x_wconf 88' lang='lat' dir='ltr'><strong>contrarium</strong></span> <span class='ocrx_word' id='word_1_386' title='bbox 1083 3547 1097 3584; x_wconf 92' lang='lat'><strong>:</strong></span> <span class='ocrx_word' id='word_1_387' title='bbox 1130 3536 1184 3583; x_wconf 92' lang='lat' dir='ltr'><strong>et</strong></span> <span class='ocrx_word' id='word_1_388' title='bbox 1212 3529 1312 3598; x_wconf 90' lang='lat' dir='ltr'><strong>qui</strong></span> <span class='ocrx_word' id='word_1_389' title='bbox 1350 3543 1459 3582; x_wconf 92' lang='lat' dir='ltr'><strong>non</strong></span> <span class='ocrx_word' id='word_1_390' title='bbox 1492 3527 1654 3582; x_wconf 87' lang='lat' dir='ltr'><strong>habet</strong></span> <span class='ocrx_word' id='word_1_391' title='bbox 1681 3525 1986 3602; x_wconf 69' lang='lat' dir='ltr'><strong>proprium,</strong></span> <span class='ocrx_word' id='word_1_392' title='bbox 2018 3522 2182 3578; x_wconf 82' lang='lat' dir='ltr'><strong>habet</strong></span> 
     </span>
    </p>
   </div>
   <div class='ocr_carea' id='block_1_54' title="bbox 580 3617 2181 3677">
    <p class='ocr_par' dir='ltr' id='par_1_54' title="bbox 580 3617 2181 3677">
     <span class='ocr_line' id='line_1_54' title="bbox 580 3617 2181 3677; baseline -0.004 -1"><span class='ocrx_word' id='word_1_393' title='bbox 580 3623 817 3677; x_wconf 89' lang='lat' dir='ltr'><strong>omnino</strong></span> <span class='ocrx_word' id='word_1_394' title='bbox 850 3622 1112 3676; x_wconf 87' lang='lat' dir='ltr'><strong>alienum.</strong></span> <span class='ocrx_word' id='word_1_395' title='bbox 1138 3619 1359 3675; x_wconf 80' lang='lat' dir='ltr'><strong>l-lomini</strong></span> <span class='ocrx_word' id='word_1_396' title='bbox 1387 3619 1530 3675; x_wconf 89' lang='lat' dir='ltr'><strong>enim</strong></span> <span class='ocrx_word' id='word_1_397' title='bbox 1566 3633 1673 3672; x_wconf 90' lang='lat' dir='ltr'><strong>una</strong></span> <span class='ocrx_word' id='word_1_398' title='bbox 1706 3627 1914 3672; x_wconf 89' lang='lat' dir='ltr'><strong>tantum</strong></span> <span class='ocrx_word' id='word_1_399' title='bbox 1943 3617 2068 3672; x_wconf 89' lang='lat' dir='ltr'><strong>data</strong></span> <span class='ocrx_word' id='word_1_400' title='bbox 2095 3623 2181 3670; x_wconf 88' lang='lat' dir='ltr'><strong>est</strong></span> 
     </span>
    </p>
   </div>
   <div class='ocr_carea' id='block_1_55' title="bbox 581 3709 2181 3780">
    <p class='ocr_par' dir='ltr' id='par_1_55' title="bbox 581 3709 2181 3780">
     <span class='ocr_line' id='line_1_55' title="bbox 581 3709 2181 3780; baseline -0.003 -12"><span class='ocrx_word' id='word_1_401' title='bbox 581 3713 891 3768; x_wconf 81' lang='lat' dir='ltr'><strong>auxiliatrix</strong></span> <span class='ocrx_word' id='word_1_402' title='bbox 925 3729 956 3767; x_wconf 88' lang='lat' dir='ltr'><strong>a</strong></span> <span class='ocrx_word' id='word_1_403' title='bbox 991 3712 1131 3776; x_wconf 87' lang='lat' dir='ltr'><strong>Deo,</strong></span> <span class='ocrx_word' id='word_1_404' title='bbox 1162 3721 1216 3770; x_wconf 89' lang='lat' dir='ltr'><strong>et</strong></span> <span class='ocrx_word' id='word_1_405' title='bbox 1260 3710 1477 3766; x_wconf 88' lang='lat' dir='ltr'><strong>mulieri</strong></span> <span class='ocrx_word' id='word_1_406' title='bbox 1527 3725 1701 3764; x_wconf 91' lang='lat' dir='ltr'><strong>unum</strong></span> <span class='ocrx_word' id='word_1_407' title='bbox 1743 3709 2052 3780; x_wconf 87' lang='lat' dir='ltr'><strong>appositum</strong></span> <span class='ocrx_word' id='word_1_408' title='bbox 2096 3715 2181 3763; x_wconf 85' lang='lat' dir='ltr'><strong>est</strong></span> 
     </span>
    </p>
   </div>
   <div class='ocr_carea' id='block_1_56' title="bbox 579 3801 2181 3872">
    <p class='ocr_par' dir='ltr' id='par_1_56' title="bbox 579 3801 2181 3872">
     <span class='ocr_line' id='line_1_56' title="bbox 579 3801 2181 3872; baseline -0.005 -14"><span class='ocrx_word' id='word_1_409' title='bbox 579 3811 764 3872; x_wconf 87' lang='lat' dir='ltr'><strong>caput.</strong></span> <span class='ocrx_word' id='word_1_410' title='bbox 796 3801 938 3872; x_wconf 73' lang='lat' dir='ltr'><strong>Ergo</strong></span> <span class='ocrx_word' id='word_1_411' title='bbox 970 3803 1017 3856; x_wconf 74' lang='lat' dir='ltr'><strong>si</strong></span> <span class='ocrx_word' id='word_1_412' title='bbox 1049 3803 1185 3872; x_wconf 80' lang='lat' dir='ltr'><strong>quis,</strong></span> <span class='ocrx_word' id='word_1_413' title='bbox 1218 3801 1456 3872; x_wconf 88' lang='lat' dir='ltr'><strong>quidem,</strong></span> <span class='ocrx_word' id='word_1_414' title='bbox 1486 3801 1761 3870; x_wconf 81' lang='lat' dir='ltr'><strong>proprium</strong></span> <span class='ocrx_word' id='word_1_415' title='bbox 1796 3816 1888 3854; x_wconf 84' lang='lat' dir='ltr'><strong>vas</strong></span> <span class='ocrx_word' id='word_1_416' title='bbox 1916 3814 2092 3862; x_wconf 79' lang='lat' dir='ltr'><strong>suum,</strong></span> <span class='ocrx_word' id='word_1_417' title='bbox 2120 3803 2181 3851; x_wconf 91' lang='lat' dir='ltr'><strong>ut</strong></span> 
     </span>
    </p>
   </div>
   <div class='ocr_carea' id='block_1_57' title="bbox 583 3891 2178 3964">
    <p class='ocr_par' dir='ltr' id='par_1_57' title="bbox 583 3891 2178 3964">
     <span class='ocr_line' id='line_1_57' title="bbox 583 3891 2178 3964; baseline -0.005 -14"><span class='ocrx_word' id='word_1_418' title='bbox 583 3895 804 3950; x_wconf 84' lang='lat' dir='ltr'><strong>divinus</strong></span> <span class='ocrx_word' id='word_1_419' title='bbox 832 3893 1129 3964; x_wconf 84' lang='lat' dir='ltr'><strong>Apostolus</strong></span> <span class='ocrx_word' id='word_1_420' title='bbox 1159 3893 1432 3960; x_wconf 88' lang='lat' dir='ltr'><strong>nominat,</strong></span> <span class='ocrx_word' id='word_1_421' title='bbox 1462 3893 1750 3962; x_wconf 79' lang='lat' dir='ltr'><strong>possederit</strong></span> <span class='ocrx_word' id='word_1_422' title='bbox 1769 3891 1841 3958; x_wconf 72' lang='grc' dir='ltr'><strong>σθ,</strong></span> <span class='ocrx_word' id='word_1_423' title='bbox 1871 3891 1920 3947; x_wconf 90' lang='lat' dir='ltr'><strong>ei</strong></span> <span class='ocrx_word' id='word_1_424' title='bbox 1955 3891 2040 3946; x_wconf 85' lang='lat' dir='ltr'><strong>lex</strong></span> <span class='ocrx_word' id='word_1_425' title='bbox 2076 3905 2178 3944; x_wconf 83' lang='lat' dir='ltr'><strong>na-</strong></span> 
     </span>
    </p>
   </div>
   <div class='ocr_carea' id='block_1_58' title="bbox 585 3984 2178 4056">
    <p class='ocr_par' dir='ltr' id='par_1_58' title="bbox 585 3984 2178 4056">
     <span class='ocr_line' id='line_1_58' title="bbox 585 3984 2178 4056; baseline 0 -18"><span class='ocrx_word' id='word_1_426' title='bbox 585 3996 722 4040; x_wconf 77' lang='lat' dir='ltr'><strong>tura:</strong></span> <span class='ocrx_word' id='word_1_427' title='bbox 760 3985 970 4054; x_wconf 85' lang='lat' dir='ltr'><strong>justum</strong></span> <span class='ocrx_word' id='word_1_428' title='bbox 1016 4001 1176 4041; x_wconf 82' lang='lat' dir='ltr'><strong>usum</strong></span> <span class='ocrx_word' id='word_1_429' title='bbox 1223 3987 1495 4040; x_wconf 87' lang='lat' dir='ltr'><strong>concedit.</strong></span> <span class='ocrx_word' id='word_1_430' title='bbox 1531 3985 1588 4040; x_wconf 89' lang='lat' dir='ltr'><strong>Si</strong></span> <span class='ocrx_word' id='word_1_431' title='bbox 1627 3984 1751 4056; x_wconf 86' lang='lat' dir='ltr'><strong>quis</strong></span> <span class='ocrx_word' id='word_1_432' title='bbox 1793 3992 1973 4039; x_wconf 88' lang='lat' dir='ltr'><strong>autem</strong></span> <span class='ocrx_word' id='word_1_433' title='bbox 2023 3991 2178 4038; x_wconf 83' lang='lat' dir='ltr'><strong>extra</strong></span> 
     </span>
    </p>
   </div>
   <div class='ocr_carea' id='block_1_59' title="bbox 583 4075 2174 4146">
    <p class='ocr_par' dir='ltr' id='par_1_59' title="bbox 583 4075 2174 4146">
     <span class='ocr_line' id='line_1_59' title="bbox 583 4075 2174 4146; baseline -0.001 -16"><span class='ocrx_word' id='word_1_434' title='bbox 583 4076 864 4146; x_wconf 86' lang='lat' dir='ltr'><strong>proprium</strong></span> <span class='ocrx_word' id='word_1_435' title='bbox 899 4091 1200 4132; x_wconf 87' lang='lat' dir='ltr'><strong>conversus</strong></span> <span class='ocrx_word' id='word_1_436' title='bbox 1234 4077 1423 4143; x_wconf 80' lang='lat' dir='ltr'><strong>fuerit,</strong></span> <span class='ocrx_word' id='word_1_437' title='bbox 1452 4077 1556 4132; x_wconf 87' lang='lat' dir='ltr'><strong>erit</strong></span> <span class='ocrx_word' id='word_1_438' title='bbox 1590 4077 1820 4131; x_wconf 89' lang='lat' dir='ltr'><strong>omnino</strong></span> <span class='ocrx_word' id='word_1_439' title='bbox 1855 4075 1908 4130; x_wconf 94' lang='lat' dir='ltr'><strong>in</strong></span> <span class='ocrx_word' id='word_1_440' title='bbox 1945 4075 2126 4129; x_wconf 88' lang='lat' dir='ltr'><strong>alieno</strong></span> <span class='ocrx_word' id='word_1_441' title='bbox 2160 4093 2174 4129; x_wconf 91' lang='lat'><strong>:</strong></span> 
     </span>
    </p>
   </div>
   <div class='ocr_carea' id='block_1_60' title="bbox 579 4169 2179 4241">
    <p class='ocr_par' dir='ltr' id='par_1_60' title="bbox 579 4169 2179 4241">
     <span class='ocr_line' id='line_1_60' title="bbox 579 4169 2179 4241; baseline -0.002 -17"><span class='ocrx_word' id='word_1_442' title='bbox 579 4178 669 4226; x_wconf 84' lang='lat' dir='ltr'><strong>est</strong></span> <span class='ocrx_word' id='word_1_443' title='bbox 697 4177 880 4223; x_wconf 88' lang='lat' dir='ltr'><strong>autem</strong></span> <span class='ocrx_word' id='word_1_444' title='bbox 909 4169 1207 4240; x_wconf 85' lang='lat' dir='ltr'><strong>unicuique</strong></span> <span class='ocrx_word' id='word_1_445' title='bbox 1237 4169 1476 4225; x_wconf 81' lang='lat' dir='ltr'><strong>aliemlm</strong></span> <span class='ocrx_word' id='word_1_446' title='bbox 1505 4169 1770 4241; x_wconf 90' lang='lat' dir='ltr'><strong>quidquid</strong></span> <span class='ocrx_word' id='word_1_447' title='bbox 1799 4184 1907 4224; x_wconf 88' lang='lat' dir='ltr'><strong>non</strong></span> <span class='ocrx_word' id='word_1_448' title='bbox 1940 4176 2023 4223; x_wconf 91' lang='lat' dir='ltr'><strong>est</strong></span> <span class='ocrx_word' id='word_1_449' title='bbox 2051 4183 2179 4238; x_wconf 88' lang='lat' dir='ltr'><strong>pro-</strong></span> 
     </span>
    </p>
   </div>
   <div class='ocr_carea' id='block_1_61' title="bbox 580 4259 2173 4332">
    <p class='ocr_par' dir='ltr' id='par_1_61' title="bbox 580 4259 2173 4332">
     <span class='ocr_line' id='line_1_61' title="bbox 580 4259 2173 4332; baseline -0.002 -18"><span class='ocrx_word' id='word_1_450' title='bbox 580 4265 756 4332; x_wconf 89' lang='lat' dir='ltr'><strong>prium</strong></span> <span class='ocrx_word' id='word_1_451' title='bbox 777 4301 792 4328; x_wconf 96' lang='lat'><strong>,</strong></span> <span class='ocrx_word' id='word_1_452' title='bbox 818 4261 1030 4316; x_wconf 89' lang='lat' dir='ltr'><strong>etiamsi</strong></span> <span class='ocrx_word' id='word_1_453' title='bbox 1067 4260 1121 4316; x_wconf 91' lang='lat' dir='ltr'><strong>id</strong></span> <span class='ocrx_word' id='word_1_454' title='bbox 1158 4277 1267 4315; x_wconf 88' lang='lat' dir='ltr'><strong>non</strong></span> <span class='ocrx_word' id='word_1_455' title='bbox 1301 4261 1628 4315; x_wconf 87' lang='lat' dir='ltr'><strong>conliteatur</strong></span> <span class='ocrx_word' id='word_1_456' title='bbox 1658 4261 1751 4330; x_wconf 93' lang='lat' dir='ltr'><strong>qui</strong></span> <span class='ocrx_word' id='word_1_457' title='bbox 1785 4269 1870 4315; x_wconf 80' lang='lat' dir='ltr'><strong>est</strong></span> <span class='ocrx_word' id='word_1_458' title='bbox 1896 4259 2173 4314; x_wconf 87' lang='lat' dir='ltr'><strong>dominus.</strong></span> 
     </span>
    </p>
   </div>
   <div class='ocr_carea' id='block_1_62' title="bbox 578 4350 2176 4426">
    <p class='ocr_par' dir='ltr' id='par_1_62' title="bbox 578 4350 2176 4426">
     <span class='ocr_line' id='line_1_62' title="bbox 578 4350 2176 4426; baseline -0.003 -18"><span class='ocrx_word' id='word_1_459' title='bbox 578 4351 699 4408; x_wconf 87' lang='lat' dir='ltr'><strong>Non</strong></span> <span class='ocrx_word' id='word_1_460' title='bbox 727 4355 888 4424; x_wconf 83' lang='lat' dir='ltr'><strong>longe</strong></span> <span class='ocrx_word' id='word_1_461' title='bbox 911 4368 1040 4424; x_wconf 82' lang='lat' dir='ltr'><strong>ergo</strong></span> <span class='ocrx_word' id='word_1_462' title='bbox 1065 4368 1096 4406; x_wconf 92' lang='lat' dir='ltr'><strong>a</strong></span> <span class='ocrx_word' id='word_1_463' title='bbox 1122 4361 1349 4426; x_wconf 88' lang='lat' dir='ltr'><strong>peccato</strong></span> <span class='ocrx_word' id='word_1_464' title='bbox 1383 4352 1638 4409; x_wconf 88' lang='lat' dir='ltr'><strong>adulterii</strong></span> <span class='ocrx_word' id='word_1_465' title='bbox 1669 4351 1982 4418; x_wconf 80' lang='lat' dir='ltr'><strong>fornicatio,</strong></span> <span class='ocrx_word' id='word_1_466' title='bbox 2009 4351 2078 4405; x_wconf 89' lang='lat' dir='ltr'><strong>ab</strong></span> <span class='ocrx_word' id='word_1_467' title='bbox 2109 4350 2176 4404; x_wconf 88' lang='lat' dir='ltr'><strong>iis</strong></span> 
     </span>
    </p>
   </div>
   <div class='ocr_carea' id='block_1_63' title="bbox 579 4448 2172 4520">
    <p class='ocr_par' dir='ltr' id='par_1_63' title="bbox 579 4448 2172 4520">
     <span class='ocr_line' id='line_1_63' title="bbox 579 4448 2172 4520; baseline -0.001 -18"><span class='ocrx_word' id='word_1_468' title='bbox 579 4449 674 4520; x_wconf 91' lang='lat' dir='ltr'><strong>qui</strong></span> <span class='ocrx_word' id='word_1_469' title='bbox 704 4463 815 4502; x_wconf 91' lang='lat' dir='ltr'><strong>rem</strong></span> <span class='ocrx_word' id='word_1_470' title='bbox 849 4449 1009 4518; x_wconf 89' lang='lat' dir='ltr'><strong>paulo</strong></span> <span class='ocrx_word' id='word_1_471' title='bbox 1037 4448 1350 4505; x_wconf 89' lang='lat' dir='ltr'><strong>accuratius</strong></span> <span class='ocrx_word' id='word_1_472' title='bbox 1379 4448 1731 4510; x_wconf 78' lang='lat' dir='ltr'><strong>examinant,</strong></span> <span class='ocrx_word' id='word_1_473' title='bbox 1772 4454 2027 4515; x_wconf 87' lang='lat' dir='ltr'><strong>suscepta</strong></span> <span class='ocrx_word' id='word_1_474' title='bbox 2055 4451 2172 4500; x_wconf 89' lang='lat' dir='ltr'><strong>est.</strong></span> 
     </span>
    </p>
   </div>
   <div class='ocr_carea' id='block_1_64' title="bbox 580 4539 1442 4610">
    <p class='ocr_par' dir='ltr' id='par_1_64' title="bbox 580 4539 1442 4610">
     <span class='ocr_line' id='line_1_64' title="bbox 580 4539 1442 4610; baseline -0.001 -15"><span class='ocrx_word' id='word_1_475' title='bbox 580 4556 705 4595; x_wconf 92' lang='lat' dir='ltr'><strong>cum</strong></span> <span class='ocrx_word' id='word_1_476' title='bbox 757 4542 906 4596; x_wconf 68' lang='lat' dir='ltr'><strong>dicat</strong></span> <span class='ocrx_word' id='word_1_477' title='bbox 945 4541 1110 4597; x_wconf 83' lang='lat' dir='ltr'><strong>etiam</strong></span> <span class='ocrx_word' id='word_1_478' title='bbox 1157 4539 1442 4610; x_wconf 89' lang='lat' dir='ltr'><strong>Scriptura</strong></span> 
     </span>
    </p>
   </div>
   <div class='ocr_carea' id='block_1_65' title="bbox 579 4631 2172 4701">
    <p class='ocr_par' dir='ltr' id='par_1_65' title="bbox 579 4631 2172 4701">
     <span class='ocr_line' id='line_1_65' title="bbox 579 4631 2172 4701; baseline -0.003 -15"><span class='ocrx_word' id='word_1_479' title='bbox 579 4631 853 4698; x_wconf 80' lang='lat' dir='ltr'><strong>aliena&quot;;</strong></span> <span class='ocrx_word' id='word_1_480' title='bbox 889 4633 982 4687; x_wconf 90' lang='lat' dir='ltr'><strong>sed</strong></span> <span class='ocrx_word' id='word_1_481' title='bbox 1017 4647 1142 4687; x_wconf 90' lang='lat' dir='ltr'><strong>eum</strong></span> <span class='ocrx_word' id='word_1_482' title='bbox 1174 4631 1621 4686; x_wconf 86' lang='lat' dir='ltr'><strong>imbecillioribus</strong></span> <span class='ocrx_word' id='word_1_483' title='bbox 1647 4631 1986 4701; x_wconf 84' lang='lat' dir='ltr'><strong>indulgenter</strong></span> <span class='ocrx_word' id='word_1_484' title='bbox 2009 4645 2172 4699; x_wconf 83' lang='lat' dir='ltr'><strong>agen-</strong></span> 
     </span>
    </p>
   </div>
   <div class='ocr_carea' id='block_1_66' title="bbox 581 4723 2168 4792">
    <p class='ocr_par' dir='ltr' id='par_1_66' title="bbox 581 4723 2168 4792">
     <span class='ocr_line' id='line_1_66' title="bbox 581 4723 2168 4792; baseline -0.001 -14"><span class='ocrx_word' id='word_1_485' title='bbox 581 4724 713 4778; x_wconf 88' lang='lat' dir='ltr'><strong>dum</strong></span> <span class='ocrx_word' id='word_1_486' title='bbox 759 4732 1094 4778; x_wconf 91' lang='lat' dir='ltr'><strong>censuerunt</strong></span> <span class='ocrx_word' id='word_1_487' title='bbox 1134 4723 1357 4789; x_wconf 90' lang='lat' dir='ltr'><strong>Patres,</strong></span> <span class='ocrx_word' id='word_1_488' title='bbox 1391 4723 1709 4778; x_wconf 88' lang='lat' dir='ltr'><strong>distinctum</strong></span> <span class='ocrx_word' id='word_1_489' title='bbox 1758 4731 1843 4778; x_wconf 87' lang='lat' dir='ltr'><strong>est</strong></span> <span class='ocrx_word' id='word_1_490' title='bbox 1888 4733 2168 4792; x_wconf 85' lang='lat' dir='ltr'><strong>peccatum</strong></span> 
     </span>
    </p>
   </div>
   <div class='ocr_carea' id='block_1_67' title="bbox 587 4814 2174 4886">
    <p class='ocr_par' dir='ltr' id='par_1_67' title="bbox 587 4814 2174 4886">
     <span class='ocr_line' id='line_1_67' title="bbox 587 4814 2174 4886; baseline -0.001 -17"><span class='ocrx_word' id='word_1_491' title='bbox 587 4816 690 4870; x_wconf 90' lang='lat' dir='ltr'><strong>hac</strong></span> <span class='ocrx_word' id='word_1_492' title='bbox 723 4814 962 4884; x_wconf 79' lang='lat' dir='ltr'><strong>generali</strong></span> <span class='ocrx_word' id='word_1_493' title='bbox 999 4814 1302 4882; x_wconf 87' lang='lat' dir='ltr'><strong>divisione,</strong></span> <span class='ocrx_word' id='word_1_494' title='bbox 1332 4815 1478 4885; x_wconf 90' lang='lat' dir='ltr'><strong>quod</strong></span> <span class='ocrx_word' id='word_1_495' title='bbox 1514 4815 1800 4870; x_wconf 83' lang='lat' dir='ltr'><strong>fornicatio</strong></span> <span class='ocrx_word' id='word_1_496' title='bbox 1831 4815 2050 4886; x_wconf 90' lang='lat' dir='ltr'><strong>quidem</strong></span> <span class='ocrx_word' id='word_1_497' title='bbox 2086 4814 2174 4868; x_wconf 69' lang='lat' dir='ltr'><strong>dio</strong></span> 
     </span>
    </p>
   </div>
   <div class='ocr_carea' id='block_1_68' title="bbox 587 4907 2175 4979">
    <p class='ocr_par' dir='ltr' id='par_1_68' title="bbox 587 4907 2175 4979">
     <span class='ocr_line' id='line_1_68' title="bbox 587 4907 2175 4979; baseline -0.001 -15"><span class='ocrx_word' id='word_1_498' title='bbox 587 4917 742 4964; x_wconf 88' lang='lat' dir='ltr'><strong>catur</strong></span> <span class='ocrx_word' id='word_1_499' title='bbox 770 4907 1084 4976; x_wconf 87' lang='lat' dir='ltr'><strong>cupiditatis</strong></span> <span class='ocrx_word' id='word_1_500' title='bbox 1119 4922 1212 4962; x_wconf 89' lang='lat' dir='ltr'><strong>seu</strong></span> <span class='ocrx_word' id='word_1_501' title='bbox 1249 4907 1492 4965; x_wconf 87' lang='lat' dir='ltr'><strong>libidinis</strong></span> <span class='ocrx_word' id='word_1_502' title='bbox 1526 4909 1792 4978; x_wconf 82' lang='lat' dir='ltr'><strong>expletio,</strong></span> <span class='ocrx_word' id='word_1_503' title='bbox 1820 4924 1942 4979; x_wconf 85' lang='lat' dir='ltr'><strong>quae</strong></span> <span class='ocrx_word' id='word_1_504' title='bbox 1973 4908 2031 4964; x_wconf 85' lang='lat' dir='ltr'><strong>lit</strong></span> <span class='ocrx_word' id='word_1_505' title='bbox 2056 4909 2175 4964; x_wconf 87' lang='lat' dir='ltr'><strong>sine</strong></span> 
     </span>
    </p>
   </div>
   <div class='ocr_carea' id='block_1_69' title="bbox 587 4997 2180 5069">
    <p class='ocr_par' dir='ltr' id='par_1_69' title="bbox 587 4997 2180 5069">
     <span class='ocr_line' id='line_1_69' title="bbox 587 4997 2180 5069; baseline 0.003 -15"><span class='ocrx_word' id='word_1_506' title='bbox 587 4999 694 5054; x_wconf 88' lang='lat' dir='ltr'><strong>alia</strong></span> <span class='ocrx_word' id='word_1_507' title='bbox 742 4998 976 5068; x_wconf 86' lang='lat' dir='ltr'><strong>alicujus</strong></span> <span class='ocrx_word' id='word_1_508' title='bbox 1017 4997 1252 5069; x_wconf 86' lang='lat' dir='ltr'><strong>injuria;</strong></span> <span class='ocrx_word' id='word_1_509' title='bbox 1302 5000 1630 5055; x_wconf 90' lang='lat' dir='ltr'><strong>adulterium</strong></span> <span class='ocrx_word' id='word_1_510' title='bbox 1676 5015 1834 5067; x_wconf 87' lang='lat' dir='ltr'><strong>vero,</strong></span> <span class='ocrx_word' id='word_1_511' title='bbox 1864 5001 2076 5057; x_wconf 69' lang='lat' dir='ltr'><strong>insidiae</strong></span> <span class='ocrx_word' id='word_1_512' title='bbox 2123 5009 2180 5059; x_wconf 83' lang='lat' dir='ltr'><strong>et</strong></span> 
     </span>
    </p>
   </div>
   <div class='ocr_carea' id='block_1_70' title="bbox 589 5090 2178 5162">
    <p class='ocr_par' dir='ltr' id='par_1_70' title="bbox 589 5090 2178 5162">
     <span class='ocr_line' id='line_1_70' title="bbox 589 5090 2178 5162; baseline 0.003 -19"><span class='ocrx_word' id='word_1_513' title='bbox 589 5090 790 5162; x_wconf 89' lang='lat' dir='ltr'><strong>injuria</strong></span> <span class='ocrx_word' id='word_1_514' title='bbox 817 5107 938 5161; x_wconf 76' lang='lat' dir='ltr'><strong>qua:</strong></span> <span class='ocrx_word' id='word_1_515' title='bbox 970 5091 1127 5146; x_wconf 90' lang='lat' dir='ltr'><strong>alteri</strong></span> <span class='ocrx_word' id='word_1_516' title='bbox 1153 5092 1398 5146; x_wconf 76' lang='lat' dir='ltr'><strong>alfertur.</strong></span> <span class='ocrx_word' id='word_1_517' title='bbox 1425 5091 1480 5147; x_wconf 94' lang='lat' dir='ltr'><strong>ln</strong></span> <span class='ocrx_word' id='word_1_518' title='bbox 1513 5107 1578 5148; x_wconf 93' lang='lat' dir='ltr'><strong>co</strong></span> <span class='ocrx_word' id='word_1_519' title='bbox 1611 5103 1794 5149; x_wconf 89' lang='lat' dir='ltr'><strong>autem</strong></span> <span class='ocrx_word' id='word_1_520' title='bbox 1825 5103 1880 5148; x_wconf 90' lang='lat' dir='ltr'><strong>et</strong></span> <span class='ocrx_word' id='word_1_521' title='bbox 1907 5109 2032 5149; x_wconf 91' lang='lat' dir='ltr'><strong>cum</strong></span> <span class='ocrx_word' id='word_1_522' title='bbox 2063 5093 2178 5149; x_wconf 90' lang='lat' dir='ltr'><strong>ani-</strong></span> 
     </span>
    </p>
   </div>
   <div class='ocr_carea' id='block_1_71' title="bbox 591 5183 2181 5257">
    <p class='ocr_par' dir='ltr' id='par_1_71' title="bbox 591 5183 2181 5257">
     <span class='ocr_line' id='line_1_71' title="bbox 591 5183 2181 5257; baseline 0.004 -22"><span class='ocrx_word' id='word_1_523' title='bbox 591 5183 824 5237; x_wconf 89' lang='lat' dir='ltr'><strong>malibus</strong></span> <span class='ocrx_word' id='word_1_524' title='bbox 851 5183 1055 5237; x_wconf 88' lang='lat' dir='ltr'><strong>coitum</strong></span> <span class='ocrx_word' id='word_1_525' title='bbox 1087 5191 1142 5237; x_wconf 91' lang='lat' dir='ltr'><strong>et</strong></span> <span class='ocrx_word' id='word_1_526' title='bbox 1172 5183 1492 5252; x_wconf 84' lang='lat' dir='ltr'><strong>paedicatum</strong></span> <span class='ocrx_word' id='word_1_527' title='bbox 1521 5199 1644 5239; x_wconf 88' lang='lat' dir='ltr'><strong>esse</strong></span> <span class='ocrx_word' id='word_1_528' title='bbox 1669 5185 2016 5252; x_wconf 86' lang='lat' dir='ltr'><strong>existimant;</strong></span> <span class='ocrx_word' id='word_1_529' title='bbox 2043 5201 2181 5257; x_wconf 90' lang='lat' dir='ltr'><strong>quo-</strong></span> 
     </span>
    </p>
   </div>
   <div class='ocr_carea' id='block_1_72' title="bbox 591 5276 2180 5350">
    <p class='ocr_par' dir='ltr' id='par_1_72' title="bbox 591 5276 2180 5350">
     <span class='ocr_line' id='line_1_72' title="bbox 591 5276 2180 5350; baseline 0.004 -23"><span class='ocrx_word' id='word_1_530' title='bbox 591 5276 737 5328; x_wconf 91' lang='lat' dir='ltr'><strong>niam</strong></span> <span class='ocrx_word' id='word_1_531' title='bbox 770 5276 884 5329; x_wconf 66' lang='lat' dir='ltr'><strong>haac</strong></span> <span class='ocrx_word' id='word_1_532' title='bbox 913 5283 1042 5330; x_wconf 91' lang='lat' dir='ltr'><strong>sunt</strong></span> <span class='ocrx_word' id='word_1_533' title='bbox 1068 5284 1277 5331; x_wconf 63' lang='lat' dir='ltr'><strong>natura:</strong></span> <span class='ocrx_word' id='word_1_534' title='bbox 1307 5276 1661 5335; x_wconf 88' lang='lat' dir='ltr'><strong>adulterium.</strong></span> <span class='ocrx_word' id='word_1_535' title='bbox 1687 5276 1746 5332; x_wconf 88' lang='lat' dir='ltr'><strong>In</strong></span> <span class='ocrx_word' id='word_1_536' title='bbox 1780 5280 1831 5334; x_wconf 91' lang='lat' dir='ltr'><strong>id</strong></span> <span class='ocrx_word' id='word_1_537' title='bbox 1859 5279 2004 5332; x_wconf 91' lang='lat' dir='ltr'><strong>enim</strong></span> <span class='ocrx_word' id='word_1_538' title='bbox 2031 5279 2180 5350; x_wconf 88' lang='lat' dir='ltr'><strong>quod</strong></span> 
     </span>
    </p>
   </div>
   <div class='ocr_carea' id='block_1_73' title="bbox 590 5367 2182 5445">
    <p class='ocr_par' dir='ltr' id='par_1_73' title="bbox 590 5367 2182 5445">
     <span class='ocr_line' id='line_1_73' title="bbox 590 5367 2182 5445; baseline 0.003 -21"><span class='ocrx_word' id='word_1_539' title='bbox 590 5377 674 5424; x_wconf 87' lang='lat' dir='ltr'><strong>est</strong></span> <span class='ocrx_word' id='word_1_540' title='bbox 701 5367 962 5434; x_wconf 90' lang='lat' dir='ltr'><strong>alienum,</strong></span> <span class='ocrx_word' id='word_1_541' title='bbox 986 5377 1042 5424; x_wconf 89' lang='lat' dir='ltr'><strong>et</strong></span> <span class='ocrx_word' id='word_1_542' title='bbox 1067 5369 1214 5439; x_wconf 92' lang='lat' dir='ltr'><strong>quod</strong></span> <span class='ocrx_word' id='word_1_543' title='bbox 1247 5377 1332 5424; x_wconf 87' lang='lat' dir='ltr'><strong>est</strong></span> <span class='ocrx_word' id='word_1_544' title='bbox 1355 5381 1552 5439; x_wconf 63' lang='lat' dir='ltr'><strong>praeter</strong></span> <span class='ocrx_word' id='word_1_545' title='bbox 1584 5379 1859 5439; x_wconf 88' lang='lat' dir='ltr'><strong>naturam,</strong></span> <span class='ocrx_word' id='word_1_546' title='bbox 1885 5373 1944 5428; x_wconf 85' lang='lat' dir='ltr'><strong>ﬁt</strong></span> <span class='ocrx_word' id='word_1_547' title='bbox 1969 5374 2182 5445; x_wconf 88' lang='lat' dir='ltr'><strong>injusti-</strong></span> 
     </span>
    </p>
   </div>
   <div class='ocr_carea' id='block_1_74' title="bbox 594 5458 2184 5534">
    <p class='ocr_par' dir='ltr' id='par_1_74' title="bbox 594 5458 2184 5534">
     <span class='ocr_line' id='line_1_74' title="bbox 594 5458 2184 5534; baseline 0.004 -20"><span class='ocrx_word' id='word_1_548' title='bbox 594 5461 686 5515; x_wconf 91' lang='lat' dir='ltr'><strong>tia.</strong></span> <span class='ocrx_word' id='word_1_549' title='bbox 714 5458 851 5514; x_wconf 87' lang='lat' dir='ltr'><strong>Cum</strong></span> <span class='ocrx_word' id='word_1_550' title='bbox 879 5462 996 5515; x_wconf 86' lang='lat' dir='ltr'><strong>haec</strong></span> <span class='ocrx_word' id='word_1_551' title='bbox 1021 5475 1154 5530; x_wconf 84' lang='lat' dir='ltr'><strong>ergo</strong></span> <span class='ocrx_word' id='word_1_552' title='bbox 1183 5459 1378 5514; x_wconf 90' lang='lat' dir='ltr'><strong>divisio</strong></span> <span class='ocrx_word' id='word_1_553' title='bbox 1405 5459 1460 5514; x_wconf 89' lang='lat' dir='ltr'><strong>in</strong></span> <span class='ocrx_word' id='word_1_554' title='bbox 1494 5461 1595 5516; x_wconf 92' lang='lat' dir='ltr'><strong>hac</strong></span> <span class='ocrx_word' id='word_1_555' title='bbox 1622 5462 1788 5517; x_wconf 89' lang='lat' dir='ltr'><strong>etiam</strong></span> <span class='ocrx_word' id='word_1_556' title='bbox 1819 5465 2026 5534; x_wconf 89' lang='lat' dir='ltr'><strong>peccati</strong></span> <span class='ocrx_word' id='word_1_557' title='bbox 2060 5480 2184 5534; x_wconf 86' lang='lat' dir='ltr'><strong>spe-</strong></span> 
     </span>
    </p>
   </div>
   <div class='ocr_carea' id='block_1_75' title="bbox 595 5551 2178 5617">
    <p class='ocr_par' dir='ltr' id='par_1_75' title="bbox 595 5551 2178 5617">
     <span class='ocr_line' id='line_1_75' title="bbox 595 5551 2178 5617; baseline 0.004 -12"><span class='ocrx_word' id='word_1_558' title='bbox 595 5553 679 5605; x_wconf 90' lang='lat' dir='ltr'><strong>cie</strong></span> <span class='ocrx_word' id='word_1_559' title='bbox 713 5553 825 5617; x_wconf 83' lang='lat' dir='ltr'><strong>liat,</strong></span> <span class='ocrx_word' id='word_1_560' title='bbox 857 5552 1166 5606; x_wconf 86' lang='lat' dir='ltr'><strong>universale</strong></span> <span class='ocrx_word' id='word_1_561' title='bbox 1197 5563 1280 5608; x_wconf 89' lang='lat' dir='ltr'><strong>est</strong></span> <span class='ocrx_word' id='word_1_562' title='bbox 1307 5551 1630 5614; x_wconf 79' lang='lat' dir='ltr'><strong>remedium.</strong></span> <span class='ocrx_word' id='word_1_563' title='bbox 1666 5563 1724 5608; x_wconf 90' lang='lat' dir='ltr'><strong>ut</strong></span> <span class='ocrx_word' id='word_1_564' title='bbox 1753 5571 1784 5610; x_wconf 92' lang='lat' dir='ltr'><strong>a</strong></span> <span class='ocrx_word' id='word_1_565' title='bbox 1819 5557 2089 5612; x_wconf 89' lang='lat' dir='ltr'><strong>concitata</strong></span> <span class='ocrx_word' id='word_1_566' title='bbox 2126 5557 2178 5612; x_wconf 90' lang='lat' dir='ltr'><strong>in</strong></span> 
     </span>
    </p>
   </div>
   <div class='ocr_carea' id='block_1_76' title="bbox 602 5642 2182 5718">
    <p class='ocr_par' dir='ltr' id='par_1_76' title="bbox 602 5642 2182 5718">
     <span class='ocr_line' id='line_1_76' title="bbox 602 5642 2182 5718; baseline 0.005 -22"><span class='ocrx_word' id='word_1_567' title='bbox 602 5642 916 5713; x_wconf 85' lang='lat' dir='ltr'><strong>lmjusmodi</strong></span> <span class='ocrx_word' id='word_1_568' title='bbox 951 5643 1244 5715; x_wconf 89' lang='lat' dir='ltr'><strong>voluptatis</strong></span> <span class='ocrx_word' id='word_1_569' title='bbox 1271 5645 1442 5710; x_wconf 89' lang='lat' dir='ltr'><strong>rabie,</strong></span> <span class='ocrx_word' id='word_1_570' title='bbox 1475 5661 1569 5716; x_wconf 86' lang='lat' dir='ltr'><strong>per</strong></span> <span class='ocrx_word' id='word_1_571' title='bbox 1596 5649 1971 5718; x_wconf 74' lang='lat' dir='ltr'><strong>pwnitentiam</strong></span> <span class='ocrx_word' id='word_1_572' title='bbox 2017 5651 2182 5704; x_wconf 90' lang='lat' dir='ltr'><strong>homo</strong></span> 
     </span>
    </p>
   </div>
   <div class='ocr_carea' id='block_1_77' title="bbox 674 5800 1154 5868">
    <p class='ocr_par' dir='ltr' id='par_1_77' title="bbox 674 5800 1154 5868">
     <span class='ocr_line' id='line_1_77' title="bbox 674 5800 1154 5868; baseline 0.004 -12"><span class='ocrx_word' id='word_1_573' title='bbox 674 5800 722 5832; x_wconf 67' lang='grc'><strong>’⁸</strong></span> <span class='ocrx_word' id='word_1_574' title='bbox 759 5804 892 5857; x_wconf 82' lang='lat' dir='ltr'><strong>Gen.</strong></span> <span class='ocrx_word' id='word_1_575' title='bbox 924 5819 1035 5868; x_wconf 70' lang='lat' dir='ltr'><strong>XIX,</strong></span> <span class='ocrx_word' id='word_1_576' title='bbox 1066 5803 1154 5858; x_wconf 81' lang='lat' dir='ltr'><strong>l7.</strong></span> 
     </span>
    </p>
   </div>
   <div class='ocr_carea' id='block_1_78' title="bbox 2265 2247 3888 2319">
    <p class='ocr_par' dir='ltr' id='par_1_78' title="bbox 2265 2247 3888 2319">
     <span class='ocr_line' id='line_1_78' title="bbox 2265 2247 3888 2319; baseline -0.001 -19"><span class='ocrx_word' id='word_1_577' title='bbox 2265 2247 2554 2318; x_wconf 83' lang='grc' dir='ltr'>πονηρίαις</span> <span class='ocrx_word' id='word_1_578' title='bbox 2581 2247 2657 2319; x_wconf 78' lang='grc' dir='ltr'>μὴ</span> <span class='ocrx_word' id='word_1_579' title='bbox 2682 2247 3132 2318; x_wconf 85' lang='grc' dir='ltr'>καταδεχώμεθα,</span> <span class='ocrx_word' id='word_1_580' title='bbox 3165 2249 3624 2319; x_wconf 85' lang='grc' dir='ltr'>προσευχόμενοι</span> <span class='ocrx_word' id='word_1_581' title='bbox 3651 2248 3888 2318; x_wconf 77' lang='grc' dir='ltr'>μάλιστα</span> 
     </span>
    </p>
   </div>
   <div class='ocr_carea' id='block_1_79' title="bbox 2268 2339 3889 2412">
    <p class='ocr_par' dir='ltr' id='par_1_79' title="bbox 2268 2339 3889 2412">
     <span class='ocr_line' id='line_1_79' title="bbox 2268 2339 3889 2412; baseline -0.001 -19"><span class='ocrx_word' id='word_1_582' title='bbox 2268 2339 2368 2412; x_wconf 80' lang='grc' dir='ltr'>μὲν</span> <span class='ocrx_word' id='word_1_583' title='bbox 2397 2340 2660 2411; x_wconf 83' lang='grc' dir='ltr'>κερδῆσαι</span> <span class='ocrx_word' id='word_1_584' title='bbox 2695 2340 2892 2402; x_wconf 81' lang='grc' dir='ltr'>αὐτοὺς</span> <span class='ocrx_word' id='word_1_585' title='bbox 2919 2341 3015 2393; x_wconf 79' lang='grc' dir='ltr'><strong>καὶ</strong></span> <span class='ocrx_word' id='word_1_586' title='bbox 3043 2340 3323 2405; x_wconf 76' lang='grc' dir='ltr'>ἐξελέσθαι</span> <span class='ocrx_word' id='word_1_587' title='bbox 3365 2341 3472 2410; x_wconf 81' lang='grc' dir='ltr'>τῆς</span> <span class='ocrx_word' id='word_1_588' title='bbox 3518 2341 3774 2410; x_wconf 81' lang='grc' dir='ltr'>παγίδος</span> <span class='ocrx_word' id='word_1_589' title='bbox 3799 2339 3889 2392; x_wconf 75' lang='grc' dir='ltr'>τοῦ</span> 
     </span>
    </p>
   </div>
   <div class='ocr_carea' id='block_1_80' title="bbox 2267 2430 3886 2502">
    <p class='ocr_par' dir='ltr' id='par_1_80' title="bbox 2267 2430 3886 2502">
     <span class='ocr_line' id='line_1_80' title="bbox 2267 2430 3886 2502; baseline -0.001 -19"><span class='ocrx_word' id='word_1_590' title='bbox 2267 2432 2504 2502; x_wconf 85' lang='grc' dir='ltr'>πονηροῦ</span> <span class='ocrx_word' id='word_1_591' title='bbox 2524 2449 2539 2464; x_wconf 79' lang='grc' dir='ltr'><strong><em>ο</em></strong></span> <span class='ocrx_word' id='word_1_592' title='bbox 2571 2431 2667 2483; x_wconf 75' lang='grc' dir='ltr'><strong>ἐὰν</strong></span> <span class='ocrx_word' id='word_1_593' title='bbox 2700 2431 2757 2484; x_wconf 85' lang='grc' dir='ltr'>δὲ</span> <span class='ocrx_word' id='word_1_594' title='bbox 2788 2432 2950 2484; x_wconf 80' lang='grc' dir='ltr'>τοῦτο</span> <span class='ocrx_word' id='word_1_595' title='bbox 2985 2432 3061 2501; x_wconf 81' lang='grc' dir='ltr'>μὴ</span> <span class='ocrx_word' id='word_1_596' title='bbox 3091 2430 3414 2502; x_wconf 63' lang='grc' dir='ltr'>δυνηθῶμεν</span> <span class='ocrx_word' id='word_1_597' title='bbox 3468 2431 3886 2500; x_wconf 77' lang='grc' dir='ltr'>σπουδάσωμεν</span> 
     </span>
    </p>
   </div>
   <div class='ocr_carea' id='block_1_81' title="bbox 2265 2519 3886 2592">
    <p class='ocr_par' dir='ltr' id='par_1_81' title="bbox 2265 2519 3886 2592">
     <span class='ocr_line' id='line_1_81' title="bbox 2265 2519 3886 2592; baseline -0.001 -18"><span class='ocrx_word' id='word_1_598' title='bbox 2265 2521 2367 2584; x_wconf 77' lang='grc' dir='ltr'>τὰς</span> <span class='ocrx_word' id='word_1_599' title='bbox 2410 2519 2540 2589; x_wconf 80' lang='grc' dir='ltr'>γοῦν</span> <span class='ocrx_word' id='word_1_600' title='bbox 2594 2521 2808 2573; x_wconf 74' lang='grc' dir='ltr'>ἑαυτῶν</span> <span class='ocrx_word' id='word_1_601' title='bbox 2849 2520 3034 2591; x_wconf 84' lang='grc' dir='ltr'>ψυχὰς</span> <span class='ocrx_word' id='word_1_602' title='bbox 3075 2521 3178 2592; x_wconf 80' lang='grc' dir='ltr'>τῆς</span> <span class='ocrx_word' id='word_1_603' title='bbox 3211 2521 3432 2574; x_wconf 84' lang='grc' dir='ltr'>αίωνίου</span> <span class='ocrx_word' id='word_1_604' title='bbox 3485 2521 3886 2592; x_wconf 79' lang='grc' dir='ltr'>κατακρίσεως</span> 
     </span>
    </p>
   </div>
   <div class='ocr_carea' id='block_1_82' title="bbox 2269 2614 2705 2686">
    <p class='ocr_par' dir='ltr' id='par_1_82' title="bbox 2269 2614 2705 2686">
     <span class='ocr_line' id='line_1_82' title="bbox 2269 2614 2705 2686; baseline 0.002 -18"><span class='ocrx_word' id='word_1_605' title='bbox 2269 2614 2705 2686; x_wconf 84' lang='grc' dir='ltr'>περισώσασθαι.</span> 
     </span>
    </p>
   </div>
   <div class='ocr_carea' id='block_1_83' title="bbox 2447 2703 3726 2777">
    <p class='ocr_par' dir='ltr' id='par_1_83' title="bbox 2447 2703 3726 2777">
     <span class='ocr_line' id='line_1_83' title="bbox 2447 2703 3726 2777; baseline -0.004 -16"><span class='ocrx_word' id='word_1_606' title='bbox 2447 2708 2781 2777; x_wconf 77' lang='grc' dir='ltr'>Γρηγορίου</span> <span class='ocrx_word' id='word_1_607' title='bbox 2803 2707 3059 2773; x_wconf 84' lang='grc' dir='ltr'>Νύσσης</span> <span class='ocrx_word' id='word_1_608' title='bbox 3087 2705 3290 2760; x_wconf 75' lang='grc' dir='ltr'>κανὼν</span> <span class='ocrx_word' id='word_1_609' title='bbox 3321 2712 3393 2775; x_wconf 88' lang='grc' dir='ltr'>γ’,</span> <span class='ocrx_word' id='word_1_610' title='bbox 3431 2703 3502 2769; x_wconf 89' lang='grc' dir='ltr'>δ’,</span> <span class='ocrx_word' id='word_1_611' title='bbox 3542 2704 3616 2770; x_wconf 79' lang='grc' dir='ltr'><strong>ζ’,</strong></span> <span class='ocrx_word' id='word_1_612' title='bbox 3649 2710 3726 2774; x_wconf 85' lang='grc' dir='ltr'><strong>η’.</strong></span> 
     </span>
    </p>
   </div>
   <div class='ocr_carea' id='block_1_84' title="bbox 2339 2795 3882 2870">
    <p class='ocr_par' dir='ltr' id='par_1_84' title="bbox 2339 2795 3882 2870">
     <span class='ocr_line' id='line_1_84' title="bbox 2339 2795 3882 2870; baseline -0.006 -14"><span class='ocrx_word' id='word_1_613' title='bbox 2339 2807 2414 2870; x_wconf 78' lang='grc' dir='ltr'><strong>γ’.</strong></span> <span class='ocrx_word' id='word_1_614' title='bbox 2451 2800 2572 2853; x_wconf 86' lang='grc' dir='ltr'>Τῶν</span> <span class='ocrx_word' id='word_1_615' title='bbox 2599 2801 2656 2853; x_wconf 74' lang='grc' dir='ltr'>δὲ</span> <span class='ocrx_word' id='word_1_616' title='bbox 2688 2801 2754 2854; x_wconf 87' lang='grc' dir='ltr'>δι’</span> <span class='ocrx_word' id='word_1_617' title='bbox 2792 2799 3089 2870; x_wconf 72' lang='grc' dir='ltr'>ἐπιθυμίαν</span> <span class='ocrx_word' id='word_1_618' title='bbox 3117 2817 3176 2852; x_wconf 87' lang='grc' dir='ltr'><strong>τε</strong></span> <span class='ocrx_word' id='word_1_619' title='bbox 3213 2801 3306 2852; x_wconf 81' lang='grc' dir='ltr'><strong>καὶ</strong></span> <span class='ocrx_word' id='word_1_620' title='bbox 3347 2798 3553 2869; x_wconf 78' lang='grc' dir='ltr'>ἡδονὴν</span> <span class='ocrx_word' id='word_1_621' title='bbox 3581 2795 3882 2866; x_wconf 72' lang='grc' dir='ltr'>γινομένων</span> 
     </span>
    </p>
   </div>
   <div class='ocr_carea' id='block_1_85' title="bbox 2273 2885 3881 2963">
    <p class='ocr_par' dir='ltr' id='par_1_85' title="bbox 2273 2885 3881 2963">
     <span class='ocr_line' id='line_1_85' title="bbox 2273 2885 3881 2963; baseline -0.007 -16"><span class='ocrx_word' id='word_1_622' title='bbox 2273 2889 2955 2963; x_wconf 83' lang='grc' dir='ltr'>ἀμαρτημάτων,τοιαύτη</span> <span class='ocrx_word' id='word_1_623' title='bbox 2983 2891 3130 2942; x_wconf 77' lang='grc' dir='ltr'>ἐστὶν</span> <span class='ocrx_word' id='word_1_624' title='bbox 3157 2889 3480 2960; x_wconf 82' lang='grc' dir='ltr'>ήδιαίρεσις</span> <span class='ocrx_word' id='word_1_625' title='bbox 3504 2905 3520 2918; x_wconf 81' lang='lat'><strong><em>°</em></strong></span> <span class='ocrx_word' id='word_1_626' title='bbox 3558 2889 3625 2941; x_wconf 79' lang='grc' dir='ltr'><strong>τὸ</strong></span> <span class='ocrx_word' id='word_1_627' title='bbox 3655 2888 3759 2957; x_wconf 84' lang='grc' dir='ltr'>μὲν</span> <span class='ocrx_word' id='word_1_628' title='bbox 3781 2885 3881 2953; x_wconf 68' lang='grc' dir='ltr'><strong>γὰρ</strong></span> 
     </span>
    </p>
   </div>
   <div class='ocr_carea' id='block_1_86' title="bbox 2275 2976 3879 3055">
    <p class='ocr_par' dir='ltr' id='par_1_86' title="bbox 2275 2976 3879 3055">
     <span class='ocr_line' id='line_1_86' title="bbox 2275 2976 3879 3055; baseline -0.006 -16"><span class='ocrx_word' id='word_1_629' title='bbox 2275 2985 2522 3039; x_wconf 87' lang='grc' dir='ltr'>καλεῖται</span> <span class='ocrx_word' id='word_1_630' title='bbox 2559 2985 2796 3055; x_wconf 87' lang='grc' dir='ltr'>μοιχεία,</span> <span class='ocrx_word' id='word_1_631' title='bbox 2817 2984 2881 3037; x_wconf 80' lang='grc' dir='ltr'><strong>τὸ</strong></span> <span class='ocrx_word' id='word_1_632' title='bbox 2927 2983 2984 3036; x_wconf 82' lang='grc' dir='ltr'>δὲ</span> <span class='ocrx_word' id='word_1_633' title='bbox 3042 2985 3303 3052; x_wconf 76' lang='grc' dir='ltr'>πορνείαο</span> <span class='ocrx_word' id='word_1_634' title='bbox 3333 2981 3446 3034; x_wconf 74' lang='grc' dir='ltr'>τισὶ</span> <span class='ocrx_word' id='word_1_635' title='bbox 3497 2982 3609 3050; x_wconf 82' lang='grc' dir='ltr'>μὲν</span> <span class='ocrx_word' id='word_1_636' title='bbox 3657 2976 3753 3034; x_wconf 75' lang='grc' dir='ltr'>οὖν</span> <span class='ocrx_word' id='word_1_637' title='bbox 3778 2976 3879 3030; x_wconf 84' lang='grc' dir='ltr'>τῶν</span> 
     </span>
    </p>
   </div>
   <div class='ocr_carea' id='block_1_87' title="bbox 2276 3073 3876 3151">
    <p class='ocr_par' dir='ltr' id='par_1_87' title="bbox 2276 3073 3876 3151">
     <span class='ocr_line' id='line_1_87' title="bbox 2276 3073 3876 3151; baseline -0.005 -19"><span class='ocrx_word' id='word_1_638' title='bbox 2276 3079 2686 3151; x_wconf 80' lang='grc' dir='ltr'>ἀκριϐεστέρων</span> <span class='ocrx_word' id='word_1_639' title='bbox 2733 3080 2922 3150; x_wconf 73' lang='grc' dir='ltr'>ῆρεσε,</span> <span class='ocrx_word' id='word_1_640' title='bbox 2956 3080 3050 3132; x_wconf 73' lang='grc' dir='ltr'>καὶ</span> <span class='ocrx_word' id='word_1_641' title='bbox 3096 3078 3160 3130; x_wconf 80' lang='grc' dir='ltr'>τὸ</span> <span class='ocrx_word' id='word_1_642' title='bbox 3203 3078 3344 3131; x_wconf 78' lang='grc' dir='ltr'>κατὰ</span> <span class='ocrx_word' id='word_1_643' title='bbox 3391 3077 3672 3146; x_wconf 81' lang='grc' dir='ltr'>πορνείαν</span> <span class='ocrx_word' id='word_1_644' title='bbox 3704 3073 3876 3142; x_wconf 81' lang='grc' dir='ltr'>πλημ-</span> 
     </span>
    </p>
   </div>
   <div class='ocr_carea' id='block_1_88' title="bbox 2282 3165 3874 3242">
    <p class='ocr_par' dir='ltr' id='par_1_88' title="bbox 2282 3165 3874 3242">
     <span class='ocr_line' id='line_1_88' title="bbox 2282 3165 3874 3242; baseline -0.005 -17"><span class='ocrx_word' id='word_1_645' title='bbox 2282 3171 2521 3242; x_wconf 85' lang='grc' dir='ltr'>μέλημα,</span> <span class='ocrx_word' id='word_1_646' title='bbox 2562 3172 2810 3241; x_wconf 87' lang='grc' dir='ltr'>μοιχείαν</span> <span class='ocrx_word' id='word_1_647' title='bbox 2841 3166 2985 3223; x_wconf 81' lang='grc' dir='ltr'>εῐναι</span> <span class='ocrx_word' id='word_1_648' title='bbox 3026 3170 3288 3240; x_wconf 79' lang='grc' dir='ltr'>νομίζειν,</span> <span class='ocrx_word' id='word_1_649' title='bbox 3325 3169 3464 3222; x_wconf 87' lang='grc' dir='ltr'>διότι</span> <span class='ocrx_word' id='word_1_650' title='bbox 3507 3169 3616 3236; x_wconf 86' lang='grc' dir='ltr'><strong>μία</strong></span> <span class='ocrx_word' id='word_1_651' title='bbox 3651 3166 3802 3219; x_wconf 78' lang='grc' dir='ltr'>ἐστὶν</span> <span class='ocrx_word' id='word_1_652' title='bbox 3845 3165 3874 3232; x_wconf 79' lang='grc' dir='ltr'><em>ἡ</em></span> 
     </span>
    </p>
   </div>
   <div class='ocr_carea' id='block_1_89' title="bbox 2278 3252 3871 3332">
    <p class='ocr_par' dir='ltr' id='par_1_89' title="bbox 2278 3252 3871 3332">
     <span class='ocr_line' id='line_1_89' title="bbox 2278 3252 3871 3332; baseline -0.005 -18"><span class='ocrx_word' id='word_1_653' title='bbox 2278 3263 2509 3332; x_wconf 86' lang='grc' dir='ltr'>νόμιμος</span> <span class='ocrx_word' id='word_1_654' title='bbox 2539 3260 2789 3330; x_wconf 82' lang='grc' dir='ltr'>συζυγία,</span> <span class='ocrx_word' id='word_1_655' title='bbox 2822 3261 2917 3314; x_wconf 71' lang='grc' dir='ltr'><strong>καὶ</strong></span> <span class='ocrx_word' id='word_1_656' title='bbox 2945 3259 3168 3327; x_wconf 79' lang='grc' dir='ltr'>γυναικὶ</span> <span class='ocrx_word' id='word_1_657' title='bbox 3204 3259 3340 3332; x_wconf 82' lang='grc' dir='ltr'>πρὸς</span> <span class='ocrx_word' id='word_1_658' title='bbox 3369 3258 3572 3329; x_wconf 81' lang='grc' dir='ltr'>ἄνδρα,</span> <span class='ocrx_word' id='word_1_659' title='bbox 3611 3259 3706 3310; x_wconf 85' lang='grc' dir='ltr'><strong>καί</strong></span> <span class='ocrx_word' id='word_1_660' title='bbox 3728 3252 3871 3324; x_wconf 56' lang='grc' dir='ltr'>ἀνδρὶ</span> 
     </span>
    </p>
   </div>
   <div class='ocr_carea' id='block_1_90' title="bbox 2279 3348 3871 3424">
    <p class='ocr_par' dir='ltr' id='par_1_90' title="bbox 2279 3348 3871 3424">
     <span class='ocr_line' id='line_1_90' title="bbox 2279 3348 3871 3424; baseline -0.007 -16"><span class='ocrx_word' id='word_1_661' title='bbox 2279 3354 2415 3424; x_wconf 69' lang='grc' dir='ltr'>πρὸς</span> <span class='ocrx_word' id='word_1_662' title='bbox 2442 3357 2676 3422; x_wconf 87' lang='grc' dir='ltr'>γυναῖκα</span> <span class='ocrx_word' id='word_1_663' title='bbox 2699 3369 2714 3387; x_wconf 79' lang='grc'><strong>’</strong></span> <span class='ocrx_word' id='word_1_664' title='bbox 2749 3355 2858 3406; x_wconf 83' lang='grc' dir='ltr'>πᾶν</span> <span class='ocrx_word' id='word_1_665' title='bbox 2897 3352 2991 3407; x_wconf 78' lang='grc' dir='ltr'><strong>οὖν</strong></span> <span class='ocrx_word' id='word_1_666' title='bbox 3035 3352 3098 3405; x_wconf 80' lang='grc' dir='ltr'>τὸ</span> <span class='ocrx_word' id='word_1_667' title='bbox 3157 3351 3233 3422; x_wconf 87' lang='grc' dir='ltr'>μὴ</span> <span class='ocrx_word' id='word_1_668' title='bbox 3261 3353 3522 3421; x_wconf 85' lang='grc' dir='ltr'>νόμιμον,</span> <span class='ocrx_word' id='word_1_669' title='bbox 3558 3348 3871 3418; x_wconf 80' lang='grc' dir='ltr'>παράνομον</span> 
     </span>
    </p>
   </div>
   <div class='ocr_carea' id='block_1_91' title="bbox 2278 3441 3869 3516">
    <p class='ocr_par' dir='ltr' id='par_1_91' title="bbox 2278 3441 3869 3516">
     <span class='ocr_line' id='line_1_91' title="bbox 2278 3441 3869 3516; baseline -0.006 -18"><span class='ocrx_word' id='word_1_670' title='bbox 2278 3445 2524 3509; x_wconf 73' lang='grc' dir='ltr'>πάντωςσ</span> <span class='ocrx_word' id='word_1_671' title='bbox 2558 3445 2656 3499; x_wconf 69' lang='grc' dir='ltr'>καὶ</span> <span class='ocrx_word' id='word_1_672' title='bbox 2682 3446 2711 3498; x_wconf 83' lang='grc' dir='ltr'>ὁ</span> <span class='ocrx_word' id='word_1_673' title='bbox 2740 3443 2815 3516; x_wconf 85' lang='grc' dir='ltr'>μὴ</span> <span class='ocrx_word' id='word_1_674' title='bbox 2843 3444 2902 3498; x_wconf 87' lang='grc' dir='ltr'><strong>τδ</strong></span> <span class='ocrx_word' id='word_1_675' title='bbox 2938 3445 3069 3499; x_wconf 86' lang='grc' dir='ltr'>ῐδιον</span> <span class='ocrx_word' id='word_1_676' title='bbox 3097 3443 3259 3514; x_wconf 75' lang='grc' dir='ltr'>ἔχων,</span> <span class='ocrx_word' id='word_1_677' title='bbox 3284 3442 3488 3513; x_wconf 86' lang='grc' dir='ltr'>δηλαδὴ</span> <span class='ocrx_word' id='word_1_678' title='bbox 3511 3443 3577 3495; x_wconf 82' lang='grc' dir='ltr'><strong>τὸ</strong></span> <span class='ocrx_word' id='word_1_679' title='bbox 3599 3441 3869 3510; x_wconf 82' lang='grc' dir='ltr'>ἀλλότριον</span> 
     </span>
    </p>
   </div>
   <div class='ocr_carea' id='block_1_92' title="bbox 2277 3529 3867 3609">
    <p class='ocr_par' dir='ltr' id='par_1_92' title="bbox 2277 3529 3867 3609">
     <span class='ocr_line' id='line_1_92' title="bbox 2277 3529 3867 3609; baseline -0.005 -19"><span class='ocrx_word' id='word_1_680' title='bbox 2277 3537 2390 3608; x_wconf 70' lang='grc' dir='ltr'>ἔχει</span> <span class='ocrx_word' id='word_1_681' title='bbox 2411 3553 2424 3568; x_wconf 90' lang='grc'><strong>·</strong></span> <span class='ocrx_word' id='word_1_682' title='bbox 2452 3537 2531 3606; x_wconf 88' lang='grc' dir='ltr'>τῷ</span> <span class='ocrx_word' id='word_1_683' title='bbox 2575 3537 2684 3608; x_wconf 80' lang='grc' dir='ltr'>γὰρ</span> <span class='ocrx_word' id='word_1_684' title='bbox 2710 3536 2984 3609; x_wconf 79' lang='grc' dir='ltr'>ἀνθρώπῳ</span> <span class='ocrx_word' id='word_1_685' title='bbox 3016 3536 3114 3607; x_wconf 90' lang='grc' dir='ltr'><strong>μία</strong></span> <span class='ocrx_word' id='word_1_686' title='bbox 3147 3536 3354 3590; x_wconf 81' lang='grc' dir='ltr'>δέδοται</span> <span class='ocrx_word' id='word_1_687' title='bbox 3403 3535 3566 3606; x_wconf 73' lang='grc' dir='ltr'>παρὰ</span> <span class='ocrx_word' id='word_1_688' title='bbox 3612 3533 3709 3587; x_wconf 78' lang='grc' dir='ltr'>τοῦ</span> <span class='ocrx_word' id='word_1_689' title='bbox 3745 3529 3867 3585; x_wconf 79' lang='grc' dir='ltr'>Θεοῦ</span> 
     </span>
    </p>
   </div>
   <div class='ocr_carea' id='block_1_93' title="bbox 2281 3622 3863 3701">
    <p class='ocr_par' dir='ltr' id='par_1_93' title="bbox 2281 3622 3863 3701">
     <span class='ocr_line' id='line_1_93' title="bbox 2281 3622 3863 3701; baseline -0.004 -18"><span class='ocrx_word' id='word_1_690' title='bbox 2281 3629 2495 3700; x_wconf 79' lang='grc' dir='ltr'>βοηθὸς,</span> <span class='ocrx_word' id='word_1_691' title='bbox 2533 3630 2630 3684; x_wconf 81' lang='grc' dir='ltr'>καὶ</span> <span class='ocrx_word' id='word_1_692' title='bbox 2678 3633 2744 3701; x_wconf 80' lang='grc' dir='ltr'>τῇ</span> <span class='ocrx_word' id='word_1_693' title='bbox 2793 3629 3015 3698; x_wconf 74' lang='grc' dir='ltr'>γυναικὶ</span> <span class='ocrx_word' id='word_1_694' title='bbox 3074 3627 3173 3699; x_wconf 85' lang='grc' dir='ltr'><strong>μία</strong></span> <span class='ocrx_word' id='word_1_695' title='bbox 3219 3629 3574 3698; x_wconf 76' lang='grc' dir='ltr'>ὲφήρμοσται</span> <span class='ocrx_word' id='word_1_696' title='bbox 3626 3622 3863 3692; x_wconf 75' lang='grc' dir='ltr'>κεφαλή·</span> 
     </span>
    </p>
   </div>
   <div class='ocr_carea' id='block_1_94' title="bbox 2277 3715 3863 3790">
    <p class='ocr_par' dir='ltr' id='par_1_94' title="bbox 2277 3715 3863 3790">
     <span class='ocr_line' id='line_1_94' title="bbox 2277 3715 3863 3790; baseline -0.004 -17"><span class='ocrx_word' id='word_1_697' title='bbox 2277 3720 2472 3774; x_wconf 69' lang='grc' dir='ltr'>οὐκοῦν</span> <span class='ocrx_word' id='word_1_698' title='bbox 2487 3723 2539 3775; x_wconf 86' lang='grc' dir='ltr'><strong>εί</strong></span> <span class='ocrx_word' id='word_1_699' title='bbox 2557 3721 2674 3790; x_wconf 81' lang='grc' dir='ltr'>μέν</span> <span class='ocrx_word' id='word_1_700' title='bbox 2694 3739 2785 3788; x_wconf 77' lang='grc' dir='ltr'><strong>τις</strong></span> <span class='ocrx_word' id='word_1_701' title='bbox 2798 3721 2863 3774; x_wconf 80' lang='grc' dir='ltr'>τὸ</span> <span class='ocrx_word' id='word_1_702' title='bbox 2887 3721 3044 3775; x_wconf 77' lang='grc' dir='ltr'>ῑδιον</span> <span class='ocrx_word' id='word_1_703' title='bbox 3057 3719 3276 3776; x_wconf 82' lang='grc' dir='ltr'>ἑαυτοῦ</span> <span class='ocrx_word' id='word_1_704' title='bbox 3297 3718 3552 3786; x_wconf 54' lang='grc' dir='ltr'>εκεῦος,</span> <span class='ocrx_word' id='word_1_705' title='bbox 3569 3716 3752 3778; x_wconf 87' lang='grc' dir='ltr'>καθὼς</span> <span class='ocrx_word' id='word_1_706' title='bbox 3763 3715 3863 3767; x_wconf 86' lang='grc' dir='ltr'>ὀνο-</span> 
     </span>
    </p>
   </div>
   <div class='ocr_carea' id='block_1_95' title="bbox 2287 3805 3862 3884">
    <p class='ocr_par' dir='ltr' id='par_1_95' title="bbox 2287 3805 3862 3884">
     <span class='ocr_line' id='line_1_95' title="bbox 2287 3805 3862 3884; baseline -0.009 -16"><span class='ocrx_word' id='word_1_707' title='bbox 2287 3813 2448 3884; x_wconf 74' lang='grc' dir='ltr'>μάζει</span> <span class='ocrx_word' id='word_1_708' title='bbox 2472 3814 2500 3866; x_wconf 86' lang='grc' dir='ltr'>ὁ</span> <span class='ocrx_word' id='word_1_709' title='bbox 2527 3813 2669 3876; x_wconf 85' lang='grc' dir='ltr'>θεῖος</span> <span class='ocrx_word' id='word_1_710' title='bbox 2685 3812 3026 3876; x_wconf 85' lang='grc' dir='ltr'>Ἀπόστολος,</span> <span class='ocrx_word' id='word_1_711' title='bbox 3051 3809 3245 3875; x_wconf 81' lang='grc' dir='ltr'>ἐαυτῷ</span> <span class='ocrx_word' id='word_1_712' title='bbox 3257 3810 3574 3878; x_wconf 80' lang='grc' dir='ltr'>κτήσαιτο,</span> <span class='ocrx_word' id='word_1_713' title='bbox 3601 3805 3862 3876; x_wconf 84' lang='grc' dir='ltr'>συγχωρεῖ</span> 
     </span>
    </p>
   </div>
   <div class='ocr_carea' id='block_1_96' title="bbox 2275 3897 3860 3974">
    <p class='ocr_par' dir='ltr' id='par_1_96' title="bbox 2275 3897 3860 3974">
     <span class='ocr_line' id='line_1_96' title="bbox 2275 3897 3860 3974; baseline -0.001 -18"><span class='ocrx_word' id='word_1_714' title='bbox 2275 3904 2305 3956; x_wconf 86' lang='grc' dir='ltr'><strong>ό</strong></span> <span class='ocrx_word' id='word_1_715' title='bbox 2354 3903 2516 3974; x_wconf 86' lang='grc' dir='ltr'>νόμος</span> <span class='ocrx_word' id='word_1_716' title='bbox 2563 3903 2662 3972; x_wconf 82' lang='grc' dir='ltr'>τῆς</span> <span class='ocrx_word' id='word_1_717' title='bbox 2717 3901 2936 3972; x_wconf 81' lang='grc' dir='ltr'>φύσεως</span> <span class='ocrx_word' id='word_1_718' title='bbox 2977 3901 3076 3970; x_wconf 83' lang='grc' dir='ltr'>τὴν</span> <span class='ocrx_word' id='word_1_719' title='bbox 3105 3899 3319 3954; x_wconf 87' lang='grc' dir='ltr'>δικαίαν</span> <span class='ocrx_word' id='word_1_720' title='bbox 3351 3901 3558 3971; x_wconf 81' lang='grc' dir='ltr'>χρῆσιν</span> <span class='ocrx_word' id='word_1_721' title='bbox 3582 3916 3597 3930; x_wconf 87' lang='grc'><strong>·</strong></span> <span class='ocrx_word' id='word_1_722' title='bbox 3626 3899 3676 3950; x_wconf 91' lang='grc' dir='ltr'><strong>εί</strong></span> <span class='ocrx_word' id='word_1_723' title='bbox 3705 3897 3760 3949; x_wconf 83' lang='grc' dir='ltr'><em>δέ</em></span> <span class='ocrx_word' id='word_1_724' title='bbox 3787 3910 3860 3954; x_wconf 81' lang='grc' dir='ltr'><strong>τις</strong></span> 
     </span>
    </p>
   </div>
   <div class='ocr_carea' id='block_1_97' title="bbox 2276 3985 3858 4065">
    <p class='ocr_par' dir='ltr' id='par_1_97' title="bbox 2276 3985 3858 4065">
     <span class='ocr_line' id='line_1_97' title="bbox 2276 3985 3858 4065; baseline -0.006 -18"><span class='ocrx_word' id='word_1_725' title='bbox 2276 3993 2382 4060; x_wconf 75' lang='grc' dir='ltr'>ἔξω</span> <span class='ocrx_word' id='word_1_726' title='bbox 2409 3993 2503 4048; x_wconf 80' lang='grc' dir='ltr'>τοῦ</span> <span class='ocrx_word' id='word_1_727' title='bbox 2552 3995 2684 4048; x_wconf 81' lang='grc' dir='ltr'>ἰδίου</span> <span class='ocrx_word' id='word_1_728' title='bbox 2729 3992 2990 4064; x_wconf 87' lang='grc' dir='ltr'>τραπείη,</span> <span class='ocrx_word' id='word_1_729' title='bbox 3022 3993 3080 4045; x_wconf 78' lang='grc' dir='ltr'>ὲν</span> <span class='ocrx_word' id='word_1_730' title='bbox 3123 3993 3393 4065; x_wconf 77' lang='grc' dir='ltr'>ἀλλοτρίῳ</span> <span class='ocrx_word' id='word_1_731' title='bbox 3441 3993 3671 4050; x_wconf 83' lang='grc' dir='ltr'>πάντως</span> <span class='ocrx_word' id='word_1_732' title='bbox 3704 3985 3858 4056; x_wconf 81' lang='grc' dir='ltr'>γενήο</span> 
     </span>
    </p>
   </div>
   <div class='ocr_carea' id='block_1_98' title="bbox 2278 4073 3857 4157">
    <p class='ocr_par' dir='ltr' id='par_1_98' title="bbox 2278 4073 3857 4157">
     <span class='ocr_line' id='line_1_98' title="bbox 2278 4073 3857 4157; baseline -0.004 -19"><span class='ocrx_word' id='word_1_733' title='bbox 2278 4102 2460 4140; x_wconf 79' lang='grc' dir='ltr'>σεται⁶</span> <span class='ocrx_word' id='word_1_734' title='bbox 2492 4086 2771 4157; x_wconf 80' lang='grc' dir='ltr'>ἀλλότριον</span> <span class='ocrx_word' id='word_1_735' title='bbox 2806 4085 2863 4138; x_wconf 84' lang='grc' dir='ltr'>δὲ</span> <span class='ocrx_word' id='word_1_736' title='bbox 2893 4086 3108 4154; x_wconf 78' lang='grc' dir='ltr'>ἑκάστῳ</span> <span class='ocrx_word' id='word_1_737' title='bbox 3139 4085 3246 4137; x_wconf 80' lang='grc' dir='ltr'>πᾶν</span> <span class='ocrx_word' id='word_1_738' title='bbox 3272 4085 3333 4137; x_wconf 79' lang='grc' dir='ltr'><strong>τὸ</strong></span> <span class='ocrx_word' id='word_1_739' title='bbox 3369 4085 3441 4154; x_wconf 75' lang='grc' dir='ltr'><strong>μὴ</strong></span> <span class='ocrx_word' id='word_1_740' title='bbox 3468 4085 3627 4147; x_wconf 74' lang='grc' dir='ltr'>ἴδιον,</span> <span class='ocrx_word' id='word_1_741' title='bbox 3652 4079 3750 4133; x_wconf 82' lang='grc' dir='ltr'>κᾶν</span> <span class='ocrx_word' id='word_1_742' title='bbox 3789 4073 3857 4145; x_wconf 80' lang='grc' dir='ltr'>μὴ</span> 
     </span>
    </p>
   </div>
   <div class='ocr_carea' id='block_1_99' title="bbox 2275 4170 3854 4249">
    <p class='ocr_par' dir='ltr' id='par_1_99' title="bbox 2275 4170 3854 4249">
     <span class='ocr_line' id='line_1_99' title="bbox 2275 4170 3854 4249; baseline -0.004 -18"><span class='ocrx_word' id='word_1_743' title='bbox 2275 4177 2709 4249; x_wconf 84' lang='grc' dir='ltr'>ὁμολογούμενον</span> <span class='ocrx_word' id='word_1_744' title='bbox 2736 4177 2833 4249; x_wconf 70' lang='grc' dir='ltr'><strong>ἔχῃ</strong></span> <span class='ocrx_word' id='word_1_745' title='bbox 2858 4177 2951 4231; x_wconf 79' lang='grc' dir='ltr'><strong>τὸν</strong></span> <span class='ocrx_word' id='word_1_746' title='bbox 2979 4176 3333 4248; x_wconf 73' lang='grc' dir='ltr'>κυριεύονταο</span> <span class='ocrx_word' id='word_1_747' title='bbox 3358 4175 3561 4229; x_wconf 74' lang='grc' dir='ltr'>οὐκοῦν</span> <span class='ocrx_word' id='word_1_748' title='bbox 3593 4174 3654 4227; x_wconf 84' lang='grc' dir='ltr'><strong>οὐ</strong></span> <span class='ocrx_word' id='word_1_749' title='bbox 3680 4170 3854 4242; x_wconf 74' lang='grc' dir='ltr'>πόρῤω</span> 
     </span>
    </p>
   </div>
   <div class='ocr_carea' id='block_1_100' title="bbox 2275 4266 3855 4339">
    <p class='ocr_par' dir='ltr' id='par_1_100' title="bbox 2275 4266 3855 4339">
     <span class='ocr_line' id='line_1_100' title="bbox 2275 4266 3855 4339; baseline -0.004 -17"><span class='ocrx_word' id='word_1_750' title='bbox 2275 4269 2371 4322; x_wconf 79' lang='grc' dir='ltr'>τοῦ</span> <span class='ocrx_word' id='word_1_751' title='bbox 2414 4270 2554 4322; x_wconf 84' lang='grc' dir='ltr'>κατὰ</span> <span class='ocrx_word' id='word_1_752' title='bbox 2601 4269 2700 4339; x_wconf 81' lang='grc' dir='ltr'>τὴν</span> <span class='ocrx_word' id='word_1_753' title='bbox 2749 4269 2998 4339; x_wconf 88' lang='grc' dir='ltr'>μοιχείαν</span> <span class='ocrx_word' id='word_1_754' title='bbox 3033 4268 3508 4339; x_wconf 83' lang='grc' dir='ltr'>πλημμελήματος</span> <span class='ocrx_word' id='word_1_755' title='bbox 3544 4267 3640 4320; x_wconf 60' lang='grc' dir='ltr'><strong>καὶ⁸</strong></span> <span class='ocrx_word' id='word_1_756' title='bbox 3668 4266 3699 4334; x_wconf 82' lang='grc' dir='ltr'>ἡ</span> <span class='ocrx_word' id='word_1_757' title='bbox 3731 4277 3855 4330; x_wconf 78' lang='grc' dir='ltr'>πορ-</span> 
     </span>
    </p>
   </div>
   <div class='ocr_carea' id='block_1_101' title="bbox 2276 4354 3848 4434">
    <p class='ocr_par' dir='ltr' id='par_1_101' title="bbox 2276 4354 3848 4434">
     <span class='ocr_line' id='line_1_101' title="bbox 2276 4354 3848 4434; baseline -0.007 -18"><span class='ocrx_word' id='word_1_758' title='bbox 2276 4361 2428 4429; x_wconf 90' lang='grc' dir='ltr'>νεία,</span> <span class='ocrx_word' id='word_1_759' title='bbox 2484 4367 2596 4427; x_wconf 76' lang='grc' dir='ltr'>τοῖς</span> <span class='ocrx_word' id='word_1_760' title='bbox 2652 4363 2743 4416; x_wconf 79' lang='grc' dir='ltr'><strong>τὸν</strong></span> <span class='ocrx_word' id='word_1_761' title='bbox 2804 4362 3198 4434; x_wconf 83' lang='grc' dir='ltr'>ἀκριϐέστερον</span> <span class='ocrx_word' id='word_1_762' title='bbox 3246 4361 3564 4428; x_wconf 78' lang='grc' dir='ltr'>ἐξετάζουσι</span> <span class='ocrx_word' id='word_1_763' title='bbox 3607 4354 3848 4425; x_wconf 77' lang='grc' dir='ltr'>λογισμὸν</span> 
     </span>
    </p>
   </div>
   <div class='ocr_carea' id='block_1_102' title="bbox 2277 4443 3845 4523">
    <p class='ocr_par' dir='ltr' id='par_1_102' title="bbox 2277 4443 3845 4523">
     <span class='ocr_line' id='line_1_102' title="bbox 2277 4443 3845 4523; baseline 0.003 -17"><span class='ocrx_word' id='word_1_764' title='bbox 2277 4453 2510 4522; x_wconf 72' lang='grc' dir='ltr'>ἐδείχθη,</span> <span class='ocrx_word' id='word_1_765' title='bbox 2544 4453 2811 4523; x_wconf 87' lang='grc' dir='ltr'>λεγούσης</span> <span class='ocrx_word' id='word_1_766' title='bbox 2865 4453 3087 4522; x_wconf 76' lang='grc' dir='ltr'>καὶτῆς</span> <span class='ocrx_word' id='word_1_767' title='bbox 3134 4451 3288 4514; x_wconf 81' lang='grc' dir='ltr'>θείας</span> <span class='ocrx_word' id='word_1_768' title='bbox 3351 4452 3600 4522; x_wconf 82' lang='grc' dir='ltr'>Γραφῆς,</span> <span class='ocrx_word' id='word_1_769' title='bbox 3647 4449 3726 4502; x_wconf 84' lang='grc' dir='ltr'>ὅτι</span> <span class='ocrx_word' id='word_1_770' title='bbox 3757 4443 3845 4509; x_wconf 73' lang='lat' dir='ltr'><strong>Mil</strong></span> 
     </span>
    </p>
   </div>
   <div class='ocr_carea' id='block_1_103' title="bbox 1493 4538 3844 4614">
    <p class='ocr_par' dir='ltr' id='par_1_103' title="bbox 1493 4538 3844 4614">
     <span class='ocr_line' id='line_1_103' title="bbox 1493 4538 3844 4614; baseline -0.008 -11"><span class='ocrx_word' id='word_1_771' title='bbox 1493 4558 1508 4596; x_wconf 71' lang='grc' dir='ltr'>ε</span> <span class='ocrx_word' id='word_1_772' title='bbox 1559 4538 1643 4594; x_wconf 66' lang='lat' dir='ltr'><strong>NP</strong></span> <span class='ocrx_word' id='word_1_773' title='bbox 1688 4540 1885 4592; x_wconf 71' lang='grc' dir='ltr'>ηιαίίυδ</span> <span class='ocrx_word' id='word_1_774' title='bbox 1927 4539 2002 4592; x_wconf 71' lang='grc' dir='ltr'>δῖε</span> <span class='ocrx_word' id='word_1_775' title='bbox 2053 4553 2171 4591; x_wconf 72' lang='lat' dir='ltr'><strong>Cum</strong></span> <span class='ocrx_word' id='word_1_776' title='bbox 2207 4557 2249 4613; x_wconf 82' lang='grc' dir='ltr'><strong>ι)</strong></span> <span class='ocrx_word' id='word_1_777' title='bbox 2277 4545 2476 4609; x_wconf 76' lang='grc' dir='ltr'>πολὺς</span> <span class='ocrx_word' id='word_1_778' title='bbox 2494 4546 2624 4600; x_wconf 83' lang='grc' dir='ltr'>Ζσθι</span> <span class='ocrx_word' id='word_1_779' title='bbox 2643 4544 3156 4613; x_wconf 60' lang='grc' dir='ltr'>πρὸς-ἀλλοτρίαν</span> <span class='ocrx_word' id='word_1_780' title='bbox 3194 4543 3334 4614; x_wconf 80' lang='grc' dir='ltr'>πλὴν</span> <span class='ocrx_word' id='word_1_781' title='bbox 3363 4542 3478 4595; x_wconf 82' lang='grc' dir='ltr'>ἀλλ’</span> <span class='ocrx_word' id='word_1_782' title='bbox 3504 4539 3723 4596; x_wconf 71' lang='grc' dir='ltr'>ἐπειδὰν</span> <span class='ocrx_word' id='word_1_783' title='bbox 3747 4539 3844 4596; x_wconf 80' lang='grc' dir='ltr'>τοῖς</span> 
     </span>
    </p>
   </div>
   <div class='ocr_carea' id='block_1_104' title="bbox 2279 4631 3842 4707">
    <p class='ocr_par' dir='ltr' id='par_1_104' title="bbox 2279 4631 3842 4707">
     <span class='ocr_line' id='line_1_104' title="bbox 2279 4631 3842 4707; baseline -0.008 -16"><span class='ocrx_word' id='word_1_784' title='bbox 2279 4635 2695 4707; x_wconf 87' lang='grc' dir='ltr'>ἀσθενεστέροις</span> <span class='ocrx_word' id='word_1_785' title='bbox 2727 4634 2946 4704; x_wconf 78' lang='grc' dir='ltr'>ἐγένετό</span> <span class='ocrx_word' id='word_1_786' title='bbox 2990 4651 3075 4698; x_wconf 87' lang='grc' dir='ltr'><strong>τις</strong></span> <span class='ocrx_word' id='word_1_787' title='bbox 3117 4633 3268 4705; x_wconf 84' lang='grc' dir='ltr'>παρὰ</span> <span class='ocrx_word' id='word_1_788' title='bbox 3295 4634 3405 4687; x_wconf 80' lang='grc' dir='ltr'><strong>τῶν</strong></span> <span class='ocrx_word' id='word_1_789' title='bbox 3435 4631 3694 4701; x_wconf 81' lang='grc' dir='ltr'>Πατέρων</span> <span class='ocrx_word' id='word_1_790' title='bbox 3718 4642 3842 4694; x_wconf 86' lang='grc' dir='ltr'>συμ-</span> 
     </span>
    </p>
   </div>
   <div class='ocr_carea' id='block_1_105' title="bbox 2281 4722 3841 4802">
    <p class='ocr_par' dir='ltr' id='par_1_105' title="bbox 2281 4722 3841 4802">
     <span class='ocr_line' id='line_1_105' title="bbox 2281 4722 3841 4802; baseline -0.007 -19"><span class='ocrx_word' id='word_1_791' title='bbox 2281 4729 2580 4802; x_wconf 80' lang='grc' dir='ltr'>περιφορὰ,</span> <span class='ocrx_word' id='word_1_792' title='bbox 2621 4729 2866 4800; x_wconf 84' lang='grc' dir='ltr'>διεκρίθη</span> <span class='ocrx_word' id='word_1_793' title='bbox 2905 4729 2968 4782; x_wconf 83' lang='grc' dir='ltr'><strong>τὸ</strong></span> <span class='ocrx_word' id='word_1_794' title='bbox 3000 4729 3380 4800; x_wconf 82' lang='grc' dir='ltr'>πλημμέλημα</span> <span class='ocrx_word' id='word_1_795' title='bbox 3412 4731 3476 4799; x_wconf 82' lang='grc' dir='ltr'>τῇ</span> <span class='ocrx_word' id='word_1_796' title='bbox 3508 4726 3692 4796; x_wconf 79' lang='grc' dir='ltr'>γενικῇ</span> <span class='ocrx_word' id='word_1_797' title='bbox 3722 4722 3841 4774; x_wconf 79' lang='grc' dir='ltr'>διαι-</span> 
     </span>
    </p>
   </div>
   <div class='ocr_carea' id='block_1_106' title="bbox 2286 4811 3842 4896">
    <p class='ocr_par' dir='ltr' id='par_1_106' title="bbox 2286 4811 3842 4896">
     <span class='ocr_line' id='line_1_106' title="bbox 2286 4811 3842 4896; baseline -0.005 -19"><span class='ocrx_word' id='word_1_798' title='bbox 2286 4825 2434 4894; x_wconf 87' lang='grc' dir='ltr'>ρέσει</span> <span class='ocrx_word' id='word_1_799' title='bbox 2462 4822 2670 4896; x_wconf 76' lang='grc' dir='ltr'>ταύτῃο</span> <span class='ocrx_word' id='word_1_800' title='bbox 2701 4823 2779 4884; x_wconf 87' lang='grc' dir='ltr'>ὼς</span> <span class='ocrx_word' id='word_1_801' title='bbox 2826 4821 3084 4892; x_wconf 82' lang='grc' dir='ltr'>πορνείαν</span> <span class='ocrx_word' id='word_1_802' title='bbox 3112 4823 3211 4892; x_wconf 82' lang='grc' dir='ltr'><strong>μὲν</strong></span> <span class='ocrx_word' id='word_1_803' title='bbox 3248 4820 3523 4890; x_wconf 81' lang='grc' dir='ltr'>λέγεσθαι,</span> <span class='ocrx_word' id='word_1_804' title='bbox 3559 4817 3656 4889; x_wconf 78' lang='grc' dir='ltr'>τὴν</span> <span class='ocrx_word' id='word_1_805' title='bbox 3691 4811 3842 4884; x_wconf 79' lang='grc' dir='ltr'>χωρὶς</span> 
     </span>
    </p>
   </div>
   <div class='ocr_carea' id='block_1_107' title="bbox 2283 4903 3834 4985">
    <p class='ocr_par' dir='ltr' id='par_1_107' title="bbox 2283 4903 3834 4985">
     <span class='ocr_line' id='line_1_107' title="bbox 2283 4903 3834 4985; baseline -0.006 -19"><span class='ocrx_word' id='word_1_806' title='bbox 2283 4913 2496 4976; x_wconf 81' lang='grc' dir='ltr'>ἀδικίας</span> <span class='ocrx_word' id='word_1_807' title='bbox 2525 4913 2714 4985; x_wconf 78' lang='grc' dir='ltr'>ἑτέρου</span> <span class='ocrx_word' id='word_1_808' title='bbox 2747 4913 3039 4983; x_wconf 82' lang='grc' dir='ltr'>γινομένην</span> <span class='ocrx_word' id='word_1_809' title='bbox 3073 4914 3181 4967; x_wconf 74' lang='grc' dir='ltr'>τινὶ</span> <span class='ocrx_word' id='word_1_810' title='bbox 3209 4913 3308 4982; x_wconf 84' lang='grc' dir='ltr'><strong>τῆς</strong></span> <span class='ocrx_word' id='word_1_811' title='bbox 3333 4911 3627 4981; x_wconf 73' lang='grc' dir='ltr'>ἐπιθυμίας</span> <span class='ocrx_word' id='word_1_812' title='bbox 3653 4903 3834 4971; x_wconf 77' lang='grc' dir='ltr'>ἐκπλή-</span> 
     </span>
    </p>
   </div>
   <div class='ocr_carea' id='block_1_108' title="bbox 2289 4995 3838 5076">
    <p class='ocr_par' dir='ltr' id='par_1_108' title="bbox 2289 4995 3838 5076">
     <span class='ocr_line' id='line_1_108' title="bbox 2289 4995 3838 5076; baseline -0.012 -13"><span class='ocrx_word' id='word_1_813' title='bbox 2289 5021 2483 5074; x_wconf 81' lang='grc' dir='ltr'>ρωσιν·</span> <span class='ocrx_word' id='word_1_814' title='bbox 2537 5005 2784 5075; x_wconf 83' lang='grc' dir='ltr'>μοιχείαν</span> <span class='ocrx_word' id='word_1_815' title='bbox 2813 5005 2910 5072; x_wconf 78' lang='grc' dir='ltr'><strong>δὲ,</strong></span> <span class='ocrx_word' id='word_1_816' title='bbox 2951 5005 3049 5076; x_wconf 84' lang='grc' dir='ltr'><strong>τὴν</strong></span> <span class='ocrx_word' id='word_1_817' title='bbox 3093 5005 3389 5074; x_wconf 70' lang='grc' dir='ltr'>ἐπιϐουλήν</span> <span class='ocrx_word' id='word_1_818' title='bbox 3427 5021 3488 5056; x_wconf 85' lang='grc' dir='ltr'><strong>τε</strong></span> <span class='ocrx_word' id='word_1_819' title='bbox 3525 5003 3618 5056; x_wconf 73' lang='grc' dir='ltr'>καὶ</span> <span class='ocrx_word' id='word_1_820' title='bbox 3649 4995 3838 5054; x_wconf 82' lang='grc' dir='ltr'>ἀδικίαν</span> 
     </span>
    </p>
   </div>
   <div class='ocr_carea' id='block_1_109' title="bbox 2276 5085 3834 5171">
    <p class='ocr_par' dir='ltr' id='par_1_109' title="bbox 2276 5085 3834 5171">
     <span class='ocr_line' id='line_1_109' title="bbox 2276 5085 3834 5171; baseline -0.001 -21"><span class='ocrx_word' id='word_1_821' title='bbox 2276 5098 2370 5150; x_wconf 80' lang='grc' dir='ltr'>τοῦ</span> <span class='ocrx_word' id='word_1_822' title='bbox 2399 5097 2685 5170; x_wconf 88' lang='grc' dir='ltr'>ἀλλοτρίου</span> <span class='ocrx_word' id='word_1_823' title='bbox 2712 5113 2727 5130; x_wconf 90' lang='grc'><strong>·</strong></span> <span class='ocrx_word' id='word_1_824' title='bbox 2757 5099 2814 5152; x_wconf 77' lang='grc' dir='ltr'>ὲν</span> <span class='ocrx_word' id='word_1_825' title='bbox 2840 5097 3017 5171; x_wconf 82' lang='grc' dir='ltr'>ταύτῃ</span> <span class='ocrx_word' id='word_1_826' title='bbox 3047 5098 3105 5151; x_wconf 81' lang='grc' dir='ltr'>δὲ</span> <span class='ocrx_word' id='word_1_827' title='bbox 3131 5098 3230 5169; x_wconf 79' lang='grc' dir='ltr'>τὴν</span> <span class='ocrx_word' id='word_1_828' title='bbox 3270 5097 3607 5168; x_wconf 79' lang='grc' dir='ltr'>ζωοφθορίαν</span> <span class='ocrx_word' id='word_1_829' title='bbox 3641 5091 3728 5147; x_wconf 76' lang='grc' dir='ltr'><strong>καὶ</strong></span> <span class='ocrx_word' id='word_1_830' title='bbox 3752 5085 3834 5156; x_wconf 70' lang='grc' dir='ltr'><strong>τὴν</strong></span> 
     </span>
    </p>
   </div>
   <div class='ocr_carea' id='block_1_110' title="bbox 2278 5175 3828 5259">
    <p class='ocr_par' dir='ltr' id='par_1_110' title="bbox 2278 5175 3828 5259">
     <span class='ocr_line' id='line_1_110' title="bbox 2278 5175 3828 5259; baseline -0.006 -17"><span class='ocrx_word' id='word_1_831' title='bbox 2278 5189 2670 5259; x_wconf 85' lang='grc' dir='ltr'>παιδεραστίαν</span> <span class='ocrx_word' id='word_1_832' title='bbox 2709 5183 2847 5242; x_wconf 74' lang='grc' dir='ltr'>εἶναι</span> <span class='ocrx_word' id='word_1_833' title='bbox 2881 5188 3193 5258; x_wconf 76' lang='grc' dir='ltr'>λογίζονται</span> <span class='ocrx_word' id='word_1_834' title='bbox 3218 5205 3235 5220; x_wconf 79' lang='grc'><em>’</em></span> <span class='ocrx_word' id='word_1_835' title='bbox 3267 5189 3402 5241; x_wconf 86' lang='grc' dir='ltr'>διότι</span> <span class='ocrx_word' id='word_1_836' title='bbox 3429 5188 3527 5243; x_wconf 72' lang='grc' dir='ltr'><strong>καὶ</strong></span> <span class='ocrx_word' id='word_1_837' title='bbox 3563 5183 3726 5238; x_wconf 84' lang='grc' dir='ltr'>ταῦτα</span> <span class='ocrx_word' id='word_1_838' title='bbox 3753 5175 3828 5246; x_wconf 80' lang='grc' dir='ltr'><strong>φύ-</strong></span> 
     </span>
    </p>
   </div>
   <div class='ocr_carea' id='block_1_111' title="bbox 2281 5266 3829 5354">
    <p class='ocr_par' dir='ltr' id='par_1_111' title="bbox 2281 5266 3829 5354">
     <span class='ocr_line' id='line_1_111' title="bbox 2281 5266 3829 5354; baseline -0.003 -20"><span class='ocrx_word' id='word_1_839' title='bbox 2281 5281 2417 5344; x_wconf 88' lang='grc' dir='ltr'>σεώς</span> <span class='ocrx_word' id='word_1_840' title='bbox 2449 5283 2568 5334; x_wconf 81' lang='grc' dir='ltr'>ἐστι</span> <span class='ocrx_word' id='word_1_841' title='bbox 2595 5281 2812 5352; x_wconf 89' lang='grc' dir='ltr'>μοιχεία</span> <span class='ocrx_word' id='word_1_842' title='bbox 2831 5297 2845 5312; x_wconf 72' lang='grc' dir='ltr'><strong><em>ο</em></strong></span> <span class='ocrx_word' id='word_1_843' title='bbox 2875 5283 2956 5344; x_wconf 87' lang='grc' dir='ltr'>εἰς</span> <span class='ocrx_word' id='word_1_844' title='bbox 2987 5283 3094 5354; x_wconf 82' lang='grc' dir='ltr'>γὰρ</span> <span class='ocrx_word' id='word_1_845' title='bbox 3119 5281 3179 5334; x_wconf 83' lang='grc' dir='ltr'><strong>τὸ</strong></span> <span class='ocrx_word' id='word_1_846' title='bbox 3201 5282 3480 5354; x_wconf 85' lang='grc' dir='ltr'>ἀλλότριόν</span> <span class='ocrx_word' id='word_1_847' title='bbox 3509 5297 3567 5334; x_wconf 93' lang='grc' dir='ltr'><strong>τε</strong></span> <span class='ocrx_word' id='word_1_848' title='bbox 3589 5276 3680 5332; x_wconf 73' lang='grc' dir='ltr'>καὶ</span> <span class='ocrx_word' id='word_1_849' title='bbox 3706 5266 3829 5339; x_wconf 75' lang='grc' dir='ltr'>ποιρά</span> 
     </span>
    </p>
   </div>
   <div class='ocr_carea' id='block_1_112' title="bbox 2280 5360 3834 5446">
    <p class='ocr_par' dir='ltr' id='par_1_112' title="bbox 2280 5360 3834 5446">
     <span class='ocr_line' id='line_1_112' title="bbox 2280 5360 3834 5446; baseline -0.005 -18"><span class='ocrx_word' id='word_1_850' title='bbox 2280 5375 2442 5444; x_wconf 87' lang='grc' dir='ltr'>φύσιν</span> <span class='ocrx_word' id='word_1_851' title='bbox 2460 5360 2670 5443; x_wconf 81' lang='grc' dir='ltr'>γίνεται</span> <span class='ocrx_word' id='word_1_852' title='bbox 2691 5378 2724 5446; x_wconf 85' lang='grc' dir='ltr'>ἠ</span> <span class='ocrx_word' id='word_1_853' title='bbox 2750 5375 2964 5430; x_wconf 83' lang='grc' dir='ltr'>ἀδικία·</span> <span class='ocrx_word' id='word_1_854' title='bbox 2986 5377 3193 5446; x_wconf 86' lang='grc' dir='ltr'>ταύτης</span> <span class='ocrx_word' id='word_1_855' title='bbox 3219 5377 3400 5431; x_wconf 87' lang='grc' dir='ltr'>τοίνυν</span> <span class='ocrx_word' id='word_1_856' title='bbox 3425 5377 3523 5445; x_wconf 83' lang='grc' dir='ltr'><strong>τῆς</strong></span> <span class='ocrx_word' id='word_1_857' title='bbox 3549 5367 3834 5440; x_wconf 83' lang='grc' dir='ltr'>διαιρέσεως</span> 
     </span>
    </p>
   </div>
   <div class='ocr_carea' id='block_1_113' title="bbox 2285 5457 3825 5540">
    <p class='ocr_par' dir='ltr' id='par_1_113' title="bbox 2285 5457 3825 5540">
     <span class='ocr_line' id='line_1_113' title="bbox 2285 5457 3825 5540; baseline -0.005 -20"><span class='ocrx_word' id='word_1_858' title='bbox 2285 5467 2378 5520; x_wconf 73' lang='grc' dir='ltr'><strong>καὶ</strong></span> <span class='ocrx_word' id='word_1_859' title='bbox 2423 5469 2480 5522; x_wconf 85' lang='grc' dir='ltr'>ὲν</span> <span class='ocrx_word' id='word_1_860' title='bbox 2526 5466 2704 5538; x_wconf 85' lang='grc' dir='ltr'>τούτῳ</span> <span class='ocrx_word' id='word_1_861' title='bbox 2727 5467 2807 5539; x_wconf 82' lang='grc' dir='ltr'>τῷ</span> <span class='ocrx_word' id='word_1_862' title='bbox 2857 5467 2990 5521; x_wconf 76' lang='grc' dir='ltr'>εῖδει</span> <span class='ocrx_word' id='word_1_863' title='bbox 3023 5469 3124 5537; x_wconf 81' lang='grc' dir='ltr'><strong>τῆς</strong></span> <span class='ocrx_word' id='word_1_864' title='bbox 3153 5468 3432 5540; x_wconf 84' lang='grc' dir='ltr'>ἁμαρτίας</span> <span class='ocrx_word' id='word_1_865' title='bbox 3466 5457 3825 5536; x_wconf 72' lang='grc' dir='ltr'>γεγενημένης,</span> 
     </span>
    </p>
   </div>
   <div class='ocr_carea' id='block_1_114' title="bbox 2286 5553 3826 5632">
    <p class='ocr_par' dir='ltr' id='par_1_114' title="bbox 2286 5553 3826 5632">
     <span class='ocr_line' id='line_1_114' title="bbox 2286 5553 3826 5632; baseline -0.003 -18"><span class='ocrx_word' id='word_1_866' title='bbox 2286 5559 2549 5631; x_wconf 83' lang='grc' dir='ltr'>καθολικὴ</span> <span class='ocrx_word' id='word_1_867' title='bbox 2574 5561 2672 5632; x_wconf 86' lang='grc' dir='ltr'><strong>μέν</strong></span> <span class='ocrx_word' id='word_1_868' title='bbox 2701 5563 2814 5614; x_wconf 81' lang='grc' dir='ltr'>ἐστι</span> <span class='ocrx_word' id='word_1_869' title='bbox 2841 5561 3108 5631; x_wconf 84' lang='grc' dir='ltr'>θεραπεία</span> <span class='ocrx_word' id='word_1_870' title='bbox 3133 5561 3194 5615; x_wconf 78' lang='grc' dir='ltr'>τὸ</span> <span class='ocrx_word' id='word_1_871' title='bbox 3213 5562 3312 5632; x_wconf 84' lang='grc' dir='ltr'>τῆς</span> <span class='ocrx_word' id='word_1_872' title='bbox 3338 5558 3616 5632; x_wconf 82' lang='grc' dir='ltr'>ἐμπαθοῦς</span> <span class='ocrx_word' id='word_1_873' title='bbox 3635 5553 3826 5616; x_wconf 63' lang='grc' dir='ltr'>λύσσης,</span> 
     </span>
    </p>
   </div>
   <div class='ocr_carea' id='block_1_115' title="bbox 2287 5653 3825 5728">
    <p class='ocr_par' dir='ltr' id='par_1_115' title="bbox 2287 5653 3825 5728">
     <span class='ocr_line' id='line_1_115' title="bbox 2287 5653 3825 5728; baseline 0.004 -22"><span class='ocrx_word' id='word_1_874' title='bbox 2287 5653 2387 5722; x_wconf 78' lang='grc' dir='ltr'>τῆς</span> <span class='ocrx_word' id='word_1_875' title='bbox 2420 5655 2548 5724; x_wconf 71' lang='grc' dir='ltr'>περὶ</span> <span class='ocrx_word' id='word_1_876' title='bbox 2579 5657 2676 5722; x_wconf 72' lang='grc' dir='ltr'><strong>τὰς</strong></span> <span class='ocrx_word' id='word_1_877' title='bbox 2709 5657 2964 5719; x_wconf 80' lang='grc' dir='ltr'>τοιαύτας</span> <span class='ocrx_word' id='word_1_878' title='bbox 3006 5656 3221 5728; x_wconf 63' lang='grc' dir='ltr'>ἡδονὰς,</span> <span class='ocrx_word' id='word_1_879' title='bbox 3258 5656 3496 5727; x_wconf 78' lang='grc' dir='ltr'>καθαρὸν</span> <span class='ocrx_word' id='word_1_880' title='bbox 3527 5656 3586 5709; x_wconf 83' lang='grc' dir='ltr'>ὲκ</span> <span class='ocrx_word' id='word_1_881' title='bbox 3621 5656 3825 5722; x_wconf 72' lang='grc' dir='ltr'><strong>μεταμ⁵’</strong></span> 
     </span>
    </p>
   </div>
   <div class='ocr_carea' id='block_1_116' title="bbox 1232 5803 2409 5878">
    <p class='ocr_par' dir='ltr' id='par_1_116' title="bbox 1232 5803 2409 5878">
     <span class='ocr_line' id='line_1_116' title="bbox 1232 5803 2409 5878; baseline 0.003 -18"><span class='ocrx_word' id='word_1_882' title='bbox 1232 5806 1274 5841; x_wconf 75' lang='grc'><strong>⁸⁸</strong></span> <span class='ocrx_word' id='word_1_883' title='bbox 1303 5805 1324 5860; x_wconf 92' lang='lat' dir='ltr'><strong>l</strong></span> <span class='ocrx_word' id='word_1_884' title='bbox 1351 5803 1596 5860; x_wconf 78' lang='lat' dir='ltr'><strong>Thessal.</strong></span> <span class='ocrx_word' id='word_1_885' title='bbox 1637 5822 1709 5875; x_wconf 77' lang='lat' dir='ltr'><strong>iv,</strong></span> <span class='ocrx_word' id='word_1_886' title='bbox 1753 5809 1806 5863; x_wconf 72' lang='grc'><strong>4.</strong></span> <span class='ocrx_word' id='word_1_887' title='bbox 1872 5808 1915 5841; x_wconf 83' lang='grc' dir='ltr'><strong>⁷ο</strong></span> <span class='ocrx_word' id='word_1_888' title='bbox 1953 5807 2163 5866; x_wconf 87' lang='lat' dir='ltr'><strong>Eccles.</strong></span> <span class='ocrx_word' id='word_1_889' title='bbox 2207 5825 2283 5878; x_wconf 78' lang='lat' dir='ltr'><strong>rx,</strong></span> <span class='ocrx_word' id='word_1_890' title='bbox 2323 5811 2409 5865; x_wconf 71' lang='lat'><strong>12.</strong></span> 
     </span>
    </p>
   </div>
  </div>
