4156 6460
469 394 581 461 $09

1226 408 1630 474 SYNTAGMA
1665 415 2056 480 CANONUM.
2088 446 2156 457 —
2186 425 2334 486 TIT.
2373 428 2476 506 Ix,
2518 432 2679 499 CAP.
2712 415 2984 502 xxxrx.

3646 461 3755 530 810

469 504 620 566 λείας
645 505 900 572 γενέσθαι
929 508 1020 562 τὸν
1049 510 1336 583 ἄνθρωπον
1353 533 1366 546 ·
1386 518 1510 572 ἐπεὶ
1533 522 1589 574 δὲ
1615 521 1724 576 τῶν
1742 525 1800 577 ἐν
1831 529 2020 598 πορνεί

469 597 848 634 ρει-Αιιυῧέυιι-ωη
919 602 1098 634 Att-ul-
1132 624 1213 634 _.-
1262 612 1324 634 -.ε
1386 612 1491 634 1..--
1510 613 1619 634 -_r,.
1664 633 1674 634 κ
1742 617 1754 632 ο
1903 621 1915 634 ι

2462 504 2466 506 ι
3646 504 3754 530 υιυ

2128 578 2133 592 ,
2162 550 2334 602 purus
2359 540 2659 614 elliciatur;
2687 551 2780 604 sed
2808 553 2934 621 quia
2961 569 3154 614 eorum
3183 560 3275 629 qui
3305 561 3359 618 in
3389 563 3754 634 fornicatione

467 597 848 665 μολυνθέντων
871 642 886 667 ,
917 602 1100 658 ἀδικία
1132 624 1213 670 τις
1261 612 1328 680 τῇ
1380 612 1624 685 ἁμαρτίᾳ
1657 617 1829 690 ταύτῃ
1865 597 1924 673 ού
1959 597 2058 674 καί·

465 688 846 759 ταμὲμικται·
876 691 966 746 διὰ
1012 695 1172 750 τοῦτο
1219 698 1520 756 διπλασίων
1570 705 1780 779 ὡρίσθη
1809 711 1908 780 τῆς
1941 713 2060 764 ἐπι-

463 775 713 850 στροφῆς
763 781 793 833 ὁ
841 783 1033 854 χρόνος
1058 789 1171 851 τοῖς
1201 791 1258 843 ἐν
1291 795 1509 867 μοιχείᾳ
1558 799 1829 866 μιανθεῖσι
1864 803 1959 855 καὶ
2001 805 2057 854 ἐν

463 874 578 934 τοῖς
625 873 1099 945 ἀπηγορευμένοις
1139 885 1352 950 κακοῖς,
1391 885 1699 961 ζωοφθορίᾳ
1746 909 1807 944 τε
1855 894 1950 946 καὶ
1988 897 2052 967 τῇ

459 964 610 1016 κατὰ
636 965 728 1018 τοῦ
757 965 988 1038 ἄρρενος
1017 970 1190 1045 λύσσῃ
1215 990 1230 1004 ·
1270 975 1686 1044 διπλασιάζεται
1712 983 1844 1055 γὰρ,
1879 987 1953 1050 ὡς
1977 983 2056 1040 εἷο

456 1072 586 1121 πον,
617 1058 710 1110 ἐπὶ
758 1059 867 1112 τῶν
910 1063 1170 1118 τοιούτων
1203 1069 1234 1137 ἡ
1272 1069 1549 1141 ἁμαρτία,
1587 1075 1682 1144 μία
1717 1077 1816 1147 μὲν
1845 1081 1877 1150 ή
1912 1083 2053 1135 κατά

457 1145 562 1214 τὴν
585 1147 825 1217 ἄθεσμον
853 1151 1066 1223 ἡδονὴν,
1098 1157 1263 1226 ἑτέρα
1291 1161 1348 1214 δὲ
1396 1163 1428 1232 ἡ
1469 1165 1613 1218 κατά
1641 1145 1740 1238 τὴν
1769 1145 2052 1227 «co-imo-

451 1239 612 1307 τρίου
659 1241 874 1296 ἀδικίαν
918 1252 1316 1321 συνισταμένη·
1353 1254 1590 1326 διαφορὰ
1617 1259 1673 1310 δέ
1704 1260 1787 1324 τίς
1817 1264 1965 1316 ἐστιν
1995 1267 2051 1317 ἐν

450 1331 539 1400 τῷ
581 1331 722 1401 λόγῳ
773 1335 877 1403 τῆς
928 1343 1216 1407 μετανοίας
1262 1346 1356 1399 καὶ
1405 1349 1499 1401 ἐπὶ
1553 1351 1658 1403 τῶν
1707 1354 1828 1407 καθ’
1856 1356 2050 1427 ἡδονὴν

454 1419 933 1492 πλημμελούντων·
952 1431 1207 1504 τοιαύτην
1224 1450 1240 1464 ·
1267 1435 1295 1486 ὁ
1320 1437 1419 1506 μὲν
1449 1441 1557 1510 γὰρ
1580 1441 1674 1511 ἀφ’
1693 1419 1892 1498 ἑαυτού
1917 1419 2052 1517 api;

454 1513 560 1581 τὴν
605 1515 955 1586 ἐξαγόρευσιν
1002 1522 1103 1593 τῆς
1149 1525 1426 1597 ἁμαρτίας
1471 1531 1754 1605 ὁρμήσας,
1791 1513 2049 1609 αὐτῷτῷ

454 1607 854 1672 καταδέξασθαι
883 1611 953 1666 δι’
978 1616 1186 1680 οἰκείας
1228 1619 1408 1690 ὁρμῆς
1458 1625 1713 1692 γενέσθαι
1758 1627 1866 1682 τῶν
1911 1607 2047 1700 iege-

452 1697 596 1766 φίων
625 1700 950 1771 κατήγορος,
983 1705 1059 1770 ὡς
1091 1708 1190 1780 ἤδη
1237 1711 1336 1780 τῆς
1386 1712 1684 1784 θεραπείας
1716 1721 1807 1772 τοῦ
1841 1721 2048 1785 πάθους

451 1789 781 1861 ἀρξάμενος,
811 1796 906 1849 καὶ
937 1802 1161 1868 σημεῖον
1190 1801 1290 1872 τῆς
1323 1803 1461 1873 πρὸς
1504 1807 1566 1860 τὸ
1608 1811 1856 1880 κρεῖττον
1887 1830 2048 1884 μετα-

451 1878 619 1950 ϐολῆς
672 1884 1106 1957 ἐπιδειξάμενος,
1139 1892 1196 1944 ὲν
1248 1878 1784 1971 φιλανθρωποτέροις
1835 1878 2042 1970 γίνεται

447 1975 562 2034 τοῖς
592 1975 917 2047 ἐπιτιμίοις·
949 1982 977 2034 ὁ
1007 1980 1062 2034 δὲ
1093 1985 1368 2054 φωραθεὶς
1412 1989 1503 2042 ἐπὶ
1544 1990 1620 2061 τῷ
1659 1993 1836 2064 κακῷ,
1880 1995 1913 2065 ἦ
1956 1996 2044 2050 διά

447 2083 594 2131 τινος
636 2070 895 2139 ὑποψίας,
928 2072 960 2143 ἢ
989 2077 1330 2148 κατηγορίας
1358 2079 1629 2146 ἀκουσίως
1655 2084 1952 2156 ἐλεγχθεὶς,
1985 2090 2042 2142 ὲν

448 2158 855 2236 ὲπιτεταγμὲνῃ
903 2166 1113 2232 γίνεται
1145 2173 1211 2241 τῇ
1245 2174 1580 2246 ἐπιστροφῇ·
1618 2176 1758 2232 ὥστε
1806 2180 2038 2251 καθαρι-

449 2251 644 2308 σθέντα
674 2255 743 2308 δι’
772 2257 1059 2326 ἀκριϐείας
1092 2263 1279 2326 αὐτὸν,
1303 2264 1476 2330 οὕτως
1500 2268 1592 2320 ἐπὶ
1623 2273 1720 2341 τὴν
1751 2271 1860 2324 τῶν
1885 2275 2042 2338 ἁγια-

448 2344 675 2412 σμάτων
715 2348 1003 2401 κοινωνίαν
1037 2352 1447 2425 παραδεχθῆναι
1469 2371 1482 2384 ·
1521 2356 1638 2412 ἐστι
1668 2360 1848 2414 τοίνυν
1877 2364 1904 2415 ὀ
1937 2381 2038 2417 κα-

443 2434 554 2489 νὼν
591 2437 864 2504 τοιοῦτος,
895 2440 1037 2495 ὥστε
1065 2443 1190 2508 τοὺς
1218 2445 1276 2498 ἐν
1311 2450 1538 2520 πορνείᾳ
1566 2451 1950 2521 μολυνθέντας,
1977 2458 2036 2510 ἐν

442 2528 594 2596 τρισί⁹
624 2529 744 2598 μὲν,
770 2532 868 2601 τῆς
894 2533 1212 2603 ἀκροάσεως
1244 2539 1494 2609 μετέχειν
1527 2542 1727 2614 μόνης·
1770 2546 1828 2599 ἐν
1857 2547 2036 2612 ἄλλοις

439 2620 501 2673 δὲ
522 2627 697 2691 τρισὶν
718 2622 864 2678 ἔτεσι
906 2626 1041 2695 μετά
1069 2627 1175 2681 τῶν
1197 2632 1255 2682 ὲν
1279 2633 1346 2702 τῇ
1364 2633 1664 2706 ἐπιστροφῇ
1699 2638 2034 2694 ὑποπιπτόν-

438 2729 552 2766 των
586 2717 1008 2786 προσεύχεσθαι,
1049 2721 1144 2772 καὶ
1173 2722 1293 2776 τότε
1331 2725 1582 2796 μετέχειν
1615 2727 1725 2782 τῶν
1753 2732 2034 2801 ἀγιασμά·

439 2818 580 2856 των·
615 2805 707 2858 ἐπὶ
736 2805 794 2858 δὲ
825 2807 934 2861 τῶν
975 2811 1394 2884 σπουδαιότερον
1424 2817 1780 2887 κεχρημένων
1812 2823 1876 2892 τῇ
1910 2823 2032 2875 ὲπι-

441 2897 673 2966 στροφῇ,
705 2899 800 2950 καὶ
836 2899 915 2968 τῷ
947 2899 1047 2971 βίῳ
1078 2901 1404 2958 δεικνύντων
1431 2905 1529 2977 τὴν
1562 2908 1700 2979 πρὸς
1731 2911 1792 2963 τὸ
1826 2912 2032 2980 ἀγαθὸν

436 2985 717 3051 ἐπάνοδον,
747 2989 925 3054 ἔξεστι
957 2992 1033 3062 τῷ
1063 2995 1435 3065 οἰκονομοῦντι
1477 2998 1613 3070 πρὸς
1655 3000 1717 3054 τὸ
1751 3005 2030 3075 συμφέρον

435 3081 504 3150 τῇ
536 3079 963 3155 ἑκκλησιαστικῇ
988 3087 1272 3160 οἰκονομίᾳ
1296 3093 1583 3160 συντεμεῖν
1603 3091 1694 3146 τὸν
1714 3096 1906 3164 χρόνον
1930 3097 2028 3168 τῆς

435 3171 776 3241 ἀκροάσεως,
809 3176 904 3229 καὶ
931 3176 1119 3248 τάχιον
1147 3181 1228 3244 είς
1261 3182 1596 3254 ἐπιστροφὴν
1620 3185 1847 3256 ἀγαγεῖν
1873 3203 1886 3218 ·
1932 3192 2027 3244 καὶ

434 3262 603 3316 πάλιν
650 3266 743 3318 καὶ
784 3267 974 3320 τοῦτον
1017 3274 1300 3339 συντεμεῖν
1330 3273 1422 3326 τὸν
1449 3275 1662 3346 χρόνον,
1695 3279 1791 3332 καὶ
1836 3279 2024 3350 τάχιον

433 3351 730 3407 ἀποδοῦναι
761 3357 859 3423 τὴν
890 3358 1198 3423 κοινωνίαν,
1229 3360 1377 3424 ὅπως
1421 3360 1488 3415 ἂν
1534 3365 1599 3434 τῇ
1630 3363 1827 3418 ἑαυτοῦ
1873 3365 2023 3420 δοκι·-

435 3444 612 3516 μασίᾳ
643 3447 886 3518 ἐγκρίνοι
924 3449 1022 3519 τὴν
1053 3450 1145 3503 τοῦ
1179 3450 1619 3524 θεραπευομένου
1653 3456 2020 3512 κατάστασιν·

426 3533 626 3608 ὥσπερ
656 3539 866 3609 γάρκιὸ
897 3542 1009 3603 τοῖς
1044 3542 1250 3613 χοίροις
1283 3545 1496 3615 ῥίπτειν
1537 3545 1628 3600 τὸν
1672 3549 2024 3620 μαργαρίτην

430 3627 748 3699 ἀπείρηται,
779 3629 951 3695 οὕτως
985 3633 1046 3686 τὸ
1075 3636 1401 3706 ἀποστερεῖν
1426 3637 1519 3690 τοῦ
1541 3638 1723 3708 τιμίου
1751 3640 2026 3710 μαργαρί-

428 3735 527 3772 του
571 3721 660 3774 τὸν
699 3721 800 3792 ἠδη
839 3723 1125 3793 ἄνθρωπον
1155 3725 1242 3781 διὰ
1287 3727 1388 3797 τῆς
1433 3729 1806 3803 καθαρότητός
1833 3749 1894 3785 τε
1929 3734 2023 3786 καὶ

427 3810 702 3877 ἀπαθείας
743 3815 1056 3886 γενόμενον,
1092 3817 1202 3871 τῶν
1241 3820 1458 3874 ἀτόπων
1506 3822 1685 3876 ἐστίν·
1719 3824 1752 3894 ή
1791 3823 1849 3876 δὲ
1880 3825 2022 3879 κατὰ

427 3906 682 3975 μοιχείαν
731 3908 848 3978 ἦτοι
897 3912 1039 3965 κατά
1072 3911 1140 3966 τὰ
1178 3913 1342 3968 λοιπά
1378 3915 1495 3986 εἴδη
1533 3916 1632 3986 τῆς
1674 3910 2020 3990 ἀκαθαρσίας

424 3999 695 4070 γενομένη
727 4004 1064 4074 παρανομία,
1089 4005 1276 4070 καθὼς
1299 4008 1644 4080 προείρηται,
1679 4011 1819 4065 κατὰ
1840 4012 2018 4067 πάντα

422 4089 485 4141 ἐν
514 4088 592 4161 τῷ
620 4091 768 4162 αὐτῷ
791 4095 1022 4164 κρίματι
1049 4095 1542 4168 θεραπευθήσεται,
1562 4100 1621 4152 ὲν
1642 4093 1686 4167 ᾧ
1707 4101 1802 4154 καὶ
1834 4100 1892 4154 τὸ
1917 4105 2017 4173 τῆς

423 4180 683 4252 πορνείας
728 4183 897 4253 ἄγος·
944 4186 1021 4256 τῷ
1064 4187 1121 4241 δὲ
1166 4188 1344 4260 χρόνῳ
1382 4190 1531 4261 μόνῳ
1562 4191 2012 4257 διπλασιάζεται·

424 4273 953 4345 παρατηρηθήσεται
979 4275 1035 4328 δὲ
1065 4277 1158 4330 καὶ⁵
1179 4278 1264 4330 ἐπ’
1288 4279 1438 4349 αὐτῷ
1469 4281 1500 4351 ή
1529 4279 1621 4333 τοῦ
1651 4281 2014 4353 θεραπευομέ-

418 4378 515 4415 νον
549 4361 806 4430 διάθεσις,
830 4365 888 4420 ὃν
910 4369 1108 4438 τρόπον
1135 4370 1229 4423 καὶ
1265 4370 1358 4422 ἐπὶ
1391 4371 1498 4425 τῶν
1527 4373 1606 4442 τῷ
1631 4374 1892 4445 μολυσμῷ
1915 4377 2013 4444 τῆς

420 4453 680 4525 πορνείας
723 4460 1149 4529 συνενεχθέντων
1170 4476 1184 4490 ·
1221 4462 1362 4516 ὥστε
1392 4463 1424 4534 ἢ
1458 4463 1653 4520 θᾶττον
1682 4467 1715 4538 ἢ
1749 4467 2011 4538 βραδύτε-

421 4562 518 4617 ρον
540 4548 799 4616 γενέσθαι
827 4552 1010 4617 αὐτοῖς
1034 4553 1132 4624 τὴν
1167 4554 1262 4608 τοῦ
1297 4555 1502 4624 ἀγαθοῦ
1528 4559 1842 4628 μετουσίαν.

490 4637 556 4693 δ’.
587 4641 850 4696 Λείπεται
879 4644 1014 4715 πρὸς
1040 4646 1250 4710 τούτοις
1286 4649 1348 4701 τὸ
1383 4648 1663 4720 θυμοειδὲς
1703 4651 1802 4722 τῆς
1826 4652 2003 4725 ψυχῆς

417 4731 707 4802 προθεῖναι
761 4735 843 4798 είς
915 4734 1186 4803 ἐξέτασιν,
1235 4738 1364 4792 ὅταν
1424 4741 1844 4811 παρασιραὶεῖσα
1907 4745 2006 4813 τῆς

415 4823 630 4895 ἀγαθῆς
683 4825 777 4879 τοῦ
812 4827 986 4898 θυμοῦ
1017 4829 1283 4901 χρήσεως,
1314 4833 1396 4896 είς
1447 4831 1726 4904 ἁμαρτίαν
1751 4836 1960 4908 ἐκπέσῃ
1981 4853 1994 4868 ·

415 4912 628 4968 πολλῶν
649 4915 707 4969 δὲ
728 4915 905 4970 ὄντων
931 4917 1040 4971 τῶν
1066 4919 1209 4974 κατὰ
1245 4919 1411 4991 θυμὸν
1443 4923 1522 4986 είς
1551 4923 1825 4994 ἁμαρτίαν
1858 4926 2004 4998 ὲνερ-

411 5006 717 5077 γουμένων,
763 5008 860 5061 καὶ
888 5010 1106 5064 πάντων
1140 5012 1346 5077 κακῶν,
1401 5013 1569 5084 ἦρεσέ
1602 5032 1719 5079 πως
1747 5018 1857 5080 τοῖς
1885 5015 2000 5071 Πα-

408 5100 608 5170 τράσιν
655 5099 837 5171 ἡμῶν,
889 5101 949 5154 ὲν
997 5104 1112 5166 τοῖς
1142 5103 1322 5167 ἄλλοις
1370 5105 1446 5174 μὴ
1476 5106 1598 5160 λίαν
1628 5108 2002 5180 ἀκριϐολογεί-

413 5194 562 5256 σθαι,
615 5192 750 5262 μηδὲ
801 5193 1002 5262 πολλῆς
1045 5195 1192 5259 ἄξιον
1240 5198 1492 5267 ἡγεῖσθαι
1525 5202 1780 5271 σπουδῆς,
1812 5205 1871 5256 τὸ
1907 5203 1998 5256 θε-

409 5280 674 5354 ραπεύειν
702 5285 879 5338 πάντα
903 5287 970 5339 τὰ
997 5288 1059 5339 ὲκ
1080 5287 1173 5340 τοῦ
1203 5287 1374 5360 θυμοῦ
1404 5291 1851 5362 παραπτώματα·
1877 5296 1999 5349 καί-

405 5393 492 5428 τοι
517 5392 582 5444 γε
613 5375 712 5446 τῆς
750 5376 978 5448 Γραφῆς
1008 5377 1068 5429 ού
1103 5377 1264 5447 μόνον
1293 5378 1392 5448 τὴν
1418 5377 1578 5451 ψιλὴν
1609 5382 1990 5455 ἀπαγορευού-

408 5483 510 5537 σης
565 5465 802 5537 πληγὴν,
859 5467 996 5522 ἀλλὰ
1044 5467 1140 5521 καὶ
1171 5470 1350 5523 πᾶσαν
1383 5469 1649 5540 λοιδορίαν
1682 5472 1714 5545 ἢ
1752 5472 1995 5548 βλασφη-

409 5559 562 5630 μίαν,
613 5562 708 5613 καὶ
738 5561 866 5614 εἴτι
896 5561 1026 5615 ἄλλο
1054 5561 1293 5616 τοιοῦτον
1320 5565 1348 5615 ὁ
1377 5562 1546 5634 θυμὸς
1584 5567 1990 5638 ἀπεργάζεται·

407 5651 569 5722 μόνον
598 5651 656 5705 δὲ
684 5652 779 5706 τοῦ
806 5655 949 5708 κατά
974 5654 1066 5709 τὸν
1095 5654 1256 5724 φόνον
1282 5656 1450 5723 ἄγους
1469 5656 1567 5726 τὴν
1596 5659 1992 5733 παραφυλακὴν

401 5746 734 5817 ἐποιήσαντο
792 5747 882 5800 διὰ
936 5749 1045 5801 τῶν
1107 5749 1437 5820 ἐπιτιμίων·
1499 5750 1762 5822 διῄρηται
1811 5755 1870 5809 δὲ
1931 5758 1990 5812 τὸ

398 5836 641 5896 τοιοῦτον
691 5839 862 5893 κακὸν
911 5843 979 5912 τῇ
1040 5841 1274 5912 διαφορᾷ
1319 5841 1422 5904 τοῦ
1486 5844 1739 5900 ἑκουσίου
1769 5865 1828 5902 τε
1893 5852 1989 5905 καὶ

718 5933 989 5994 Parnm"
1025 5933 1140 5996 Gn.
1181 5935 1312 5999 CIV
1321 5979 1337 5997 .

2162 629 2354 697 polluti
2398 647 2557 702 sunt,
2593 639 2793 709 injuria
2837 646 3018 714 aliqua
3064 664 3188 704 cum
3233 655 3336 711 hoc
3377 673 3601 728 peccato
3643 683 3751 725 non

2161 725 2448 780 commista
2478 739 2591 793 est,
2621 745 2906 804 propterea
2940 739 3165 810 duplum
3199 752 3578 811 conversionis
3611 768 3750 813 tem-

2161 825 2262 879 pus
2307 815 2375 871 iis
2417 822 2793 892 pra:scriptum
2827 839 2914 882 est
2949 832 3042 899 qui
3079 833 3130 886 in
3169 836 3440 894 adulterio
3477 844 3746 915 inquinati

2160 914 2314 973 sunt;
2367 917 2422 964 et
2468 911 2520 965 in
2568 915 2690 968 aliis
2734 917 2920 973 itidem
2970 925 3149 980 velitis
3199 931 3384 997 malis,
3423 937 3742 996 animalium

2164 997 2330 1067 initu,
2361 1011 2416 1055 et
2449 1004 2599 1060 rabie
2642 1008 2696 1062 in
2740 1013 3036 1072 masculos.
3071 1015 3126 1070 lu
3173 1019 3242 1074 iis
3280 1023 3458 1090 enim,
3495 1037 3552 1082 ut
3583 1031 3750 1102 329

2159 1087 2292 1155 dixi,
2321 1104 2601 1160 peccatum
2635 1099 2972 1170 duplicatur;
3003 1122 3171 1162 unum
3196 1113 3421 1179 quidem
3448 1087 3527 1188 [in
3558 1087 3747 1178 illic—it;

2159 1186 2212 1230 ct
2246 1179 2452 1236 nefaria
2490 1187 2795 1256 voluptate;
2834 1194 3064 1250 alterum
3104 1200 3311 1273 autem]
3353 1179 3498 1272 quod
3542 1210 3743 1279 injuria

2157 1283 2280 1338 qua:
2317 1274 2375 1326 tit
2407 1274 2596 1338 alteri,
2627 1271 2901 1336 consistit.
2935 1284 3032 1340 Est
3069 1298 3248 1344 autem
3294 1271 3543 1362 qua-dam
3589 1271 3743 1356 dim:-

2157 1364 2329 1417 rentia
2378 1367 2431 1419 in
2479 1370 2689 1425 ratione
2732 1376 3066 1442 paenitentiae
3109 1381 3162 1436 in
3215 1384 3284 1440 iis
3331 1389 3423 1456 qui
3466 1393 3740 1463 voluptate

2154 1467 2481 1522 pcccaruut,
2511 1461 2805 1530 ejusmodi.
2840 1466 2945 1533 Qui
2985 1471 3129 1526 enim
3171 1491 3237 1530 ex
3278 1492 3336 1531 se
3381 1481 3498 1548 ipso
3535 1486 3600 1538 ad
3641 1503 3738 1541 sua

2152 1547 2475 1615 proferenda
2499 1565 2718 1622 peccata
2744 1557 3012 1628 impulsus
3036 1573 3140 1630 est,
3160 1582 3225 1620 eo
3249 1571 3396 1638 quod
3423 1589 3520 1628 sua
3546 1592 3739 1646 sponte

2150 1641 2486 1697 occultorum
2543 1657 2831 1703 accusdtor
2883 1667 3006 1707 esse
3058 1659 3316 1724 voluerit,
3371 1672 3430 1716 ut
3478 1669 3571 1735 qui
3619 1669 3732 1738 jam

2149 1730 2420 1788 aﬂ‘ectioni
2465 1739 2791 1794 medicinam
2838 1744 3097 1800 adhibere
3138 1753 3396 1820 coeperit,
3431 1730 3735 1829 et-signnm

2151 1823 2471 1878 mutationis
2506 1826 2559 1880 in
2592 1828 2644 1881 id
2679 1831 2828 1900 Quod
2859 1845 2944 1888 est
2971 1837 3160 1892 melius
3188 1845 3514 1910 ostenderit,
3550 1823 3602 1904 in
3634 1855 3736 1908 nti-

2070 1894 2117 1951 Β
2147 1911 2380 1970 tioribus
2408 1918 2589 1985 pugnis
2623 1894 2894 1979 versatur.
2925 1924 3032 1992 Qui
3062 1935 3334 1988 autem'in
3368 1940 3508 1992 malo
3537 1943 3730 2012 depre-

2147 2002 2354 2061 hensus
2399 2017 2514 2075 est,
2553 2012 2632 2064 vel
2685 2025 2904 2084 propter
2942 2019 3181 2090 aliquam
3235 2029 3605 2098 suspicionem
3648 2039 3733 2092 wl

2144 2099 2552 2155 accusationem
2589 2105 2646 2158 in
2688 2109 2881 2175 gratiis
2909 2114 3194 2170 convictus
3241 2132 3354 2188 est,
3394 2123 3608 2194 longius
3655 2130 3730 2184 illi

2143 2194 2518 2249 conversionis
2556 2206 2770 2267 tempus
2799 2201 2990 2269 datur,
3025 2215 3083 2261 ut
3114 2208 3228 2278 ipse
3259 2215 3496 2281 perfecte
3528 2236 3730 2292 purga-

2142 2289 2260 2358 tus,
2291 2284 2372 2340 sic
2401 2287 2469 2341 ad
2499 2302 2965 2348 sacramentorum
2997 2305 3438 2361 communionem
3470 2311 3728 2368 admitta-

2141 2381 2252 2427 tur.
2275 2373 2371 2430 Est
2399 2393 2528 2448 ergo
2554 2395 2729 2436 canon
2763 2384 3055 2458 ejusmodi,
3081 2403 3139 2447 ut
3164 2396 3254 2463 qui
3284 2397 3338 2452 in
3366 2398 3727 2462 fornicatione

2139 2468 2334 2535 polluti
2379 2481 2536 2534 sunt,
2577 2473 2630 2528 in
2674 2477 2851 2534 tribus
2899 2482 3117 2551 quidem
3163 2490 3324 2544 annis
3365 2495 3435 2547 ab
3477 2499 3728 2555 oratione

2138 2558 2363 2613 omnino
2409 2563 2783 2632 expellantur;
2838 2569 2891 2624 in
2944 2574 3120 2629 tribus
3165 2588 3349 2634 autem
3399 2585 3509 2639 sint
3550 2590 3726 2646 solius

2137 2648 2432 2707 auditionis
2467 2656 2778 2726 participes,
2806 2660 2861 2714 in
2896 2664 3069 2721 tribus
3101 2678 3282 2725 autem
3316 2675 3460 2742 aliis,
3492 2695 3615 2734 cmn
3655 2683 3724 2739 iis

2135 2742 2226 2808 qui
2284 2743 2338 2796 in
2389 2750 2751 2805 conversione
2802 2754 3262 2828 substernuntur,
3310 2781 3624 2838 precentur,
3671 2787 3726 2831 ct

2135 2842 2265 2889 tunc
2312 2835 2424 2890 sint
2467 2853 2934 2901 sacramentorum
2979 2854 3288 2921 participes.
3325 2858 3383 2913 ln
3429 2862 3497 2916 iis
3540 2835 3721 2922 autem

2133 2927 2224 2994 qui
2257 2927 2589 2998 diligentiori
2619 2937 2979 2994 conversione
3012 2945 3095 2998 usi
3127 2946 3361 3015 fuerint,
3394 2962 3448 3006 et
3479 2957 3618 3021 vita,
3651 2960 3721 3015 ad

2134 3017 2184 3070 id
2230 3020 2376 3088 quod
2417 3023 2618 3078 bonum
2659 3037 2771 3095 est,
2809 3033 3042 3088 reditum
3091 3041 3462 3108 ostenderint,
3500 3017 3625 3103 licet
3667 3053 3718 3106 ei

2132 3108 2224 3175 qui
2249 3109 2547 3180 dispensat,
2572 3131 2670 3184 pro
2700 3120 3088 3178 ecclesiastica:
3113 3137 3434 3188 ceconomia:
3463 3140 3718 3210 utilitate,

2136 3207 2350 3270 tempus
2385 3205 2714 3277 auditionis,
2745 3215 3101 3283 contrahere,
3132 3230 3186 3274 et
3215 3224 3449 3284 celerius
3481 3231 3547 3284 ad
3583 3249 3717 3288 can-

2131 3293 2438 3349 versionem
2469 3298 2734 3356 deducere
2765 3319 2778 3356 :
2809 3315 2864 3358 et
2890 3321 3084 3364 rursus
3118 3311 3220 3367 hoc
3249 3331 3469 3388 quoque
3503 3332 3716 3393 tempus

2125 3384 2485 3451 contrahere,
2513 3398 2569 3444 et
2604 3391 2840 3448 celerius
2879 3402 3324 3460 communionem
3367 3412 3619 3478 reddere,
3656 3428 3717 3475 ut

2125 3487 2227 3554 sua.
2253 3476 2594 3546 probatione,
2621 3483 2740 3552 ejus
2765 3486 2850 3539 cui
2881 3491 3084 3544 medela
3113 3495 3418 3564 adhibetur,
3449 3476 3719 3563 constitu-

2125 3552 2328 3620 tionem
2358 3569 2645 3637 dijudicct.
2674 3574 3144 3641 Quemadmodum
3175 3590 3322 3643 enim
3355 3599 3535 3662 porcis
3567 3615 3714 3656 mar-

2126 3659 2334 3728 garitas
2361 3663 2630 3734 projicere
2659 3679 2742 3724 est
2771 3674 3019 3739 vetitum,
3049 3677 3120 3730 ita
3151 3691 3204 3734 ct
3233 3659 3467 3750 pretiosa
3500 3707 3714 3762 marga-

2124 3750 2226 3804 rita
2273 3754 2485 3820 privare
2529 3773 2655 3813 eum
2692 3763 2782 3830 qui
2817 3764 2928 3833 jam
2968 3783 3062 3837 per
3092 3771 3474 3834 alienationem
3513 3799 3542 3836 a
3579 3786 3712 3842 vitio

2122 3851 2175 3896 et
2203 3849 2580 3916 purgationem
2608 3853 2773 3911 homo
2801 3859 2873 3912 sit
2899 3859 3099 3928 factus,
3123 3865 3424 3924 absurdum
3451 3883 3553 3927 est.
3579 3877 3712 3942 Quae

2120 3941 2302 3987 autem
2335 3936 2388 3989 in
2419 3939 2692 3997 adulterio
2720 3954 2776 3999 et
2805 3947 2858 3999 in
2892 3950 3120 4019 reliquis
3149 3954 3510 4016 immunditize
3541 3981 3708 4034 gene-

2121 4023 2273 4078 ribus
2306 4025 2362 4078 lit
2393 4027 2675 4098 iniquitas,
2705 4042 2764 4088 ut
2788 4037 2996 4094 dictum
3025 4051 3130 4108 est,
3158 4049 3348 4102 eodem
3375 4023 3705 4125 330jttdi-

2118 4116 2204 4170 cio
2229 4121 2482 4185 puttietur
2505 4139 2613 4193 quo
2637 4135 2692 4180 et
2717 4128 3091 4190 fornicationis
3112 4139 3312 4206 scelus,
3338 4147 3430 4198 sed
3459 4155 3704 4217 tempore

2115 4205 2504 4275 duplicabitur.
2537 4211 2594 4267 In
2635 4230 2703 4271 eo
2743 4225 2958 4283 autem,
2991 4223 3111 4290 ejus
3153 4228 3317 4281 etiam
3359 4231 3447 4285 cui
3492 4239 3700 4292 medela

2115 4299 2428 4368 adhibetur,
2459 4303 2674 4362 allectio
2711 4310 3168 4381 considerabitur,
3199 4333 3308 4387 quo
3352 4323 3514 4377 modo
3555 4336 3610 4379 et
3644 4329 3699 4383 in

2113 4390 2181 4446 iis
2215 4393 2306 4462 qui
2345 4392 2727 4456 fornicationis
2764 4401 3182 4472 inquinamento
3222 4410 3499 4482 illaqucati
3539 4430 3695 4487 sunt,

2113 4495 2172 4538 ut
2203 4487 2285 4540 vel
2315 4487 2476 4544 citius
2509 4491 2592 4544 vel
2623 4493 2835 4550 tardius
2861 4500 2943 4552 eis
2976 4499 3046 4553 sit
3072 4500 3201 4555 boni
3235 4506 3604 4574 participatio.

2177 4665 2213 4720 4
2241 4664 2342 4739 [5].
2371 4665 2560 4724 Restat
2587 4671 2651 4726 ad
2680 4672 2799 4729 hazc
2829 4684 2886 4729 ut
2916 4676 3239 4737 irascentem
3263 4687 3462 4742 anima:
3490 4702 3696 4760 partem

2107 4760 2527 4815 examinandam
2575 4779 2981 4835 proponamus,
3019 4775 3238 4841 quando
3280 4777 3430 4847 lapsa
3477 4800 3507 4838 a
3553 4785 3697 4839 bono

2106 4849 2202 4903 ine
2233 4866 2333 4905 usu
2369 4851 2422 4904 in
2454 4865 2736 4922 peccatum
2789 4860 3071 4915 ceciderit.
3129 4865 3265 4920 Cum
3311 4881 3492 4926 autem
3527 4879 3698 4935 multa

2104 4941 2216 4994 sint
2257 4957 2380 5011 quae
2424 4960 2519 5014 per
2553 4944 2692 5000 iram
2730 4947 2868 5004 fiunt
2899 4965 3122 5019 peccata
3160 4969 3215 5010 et
3253 4963 3436 5017 omnis
3479 4971 3697 5035 generis

2104 5035 2266 5098 mala,
2294 5034 2499 5104 placuit
2533 5039 2790 5095 omnibus
2822 5047 3027 5101 nostris
3050 5045 3306 5106 Patribus
3337 5053 3390 5108 in
3420 5034 3544 5113 aliis
3572 5064 3697 5128 qui-

2101 5125 2223 5181 dem
2253 5142 2362 5182 non
2392 5129 2622 5185 nimium
2655 5133 2933 5191 subtiliter
2957 5153 3135 5208 agere,
3161 5159 3261 5198 nec
3286 5146 3516 5204 nimium
3549 5153 3602 5206 in
3630 5172 3697 5208 eo

2102 5218 2266 5274 studii
2291 5236 2583 5292 operasque
2611 5241 2832 5295 ponere,
2857 5241 2917 5283 ut
2939 5233 3122 5288 omnia
3149 5251 3270 5304 qua:
3300 5253 3362 5292 ex
3394 5241 3470 5296 ira
3503 5260 3697 5301 nasce-

2101 5320 2292 5367 rentur
2339 5314 2534 5370 delicta
2593 5330 2884 5390 curarent;
2935 5328 3188 5393 quamvis
3241 5328 3523 5400 Scriptura
3581 5354 3692 5392 non

2099 5400 2278 5454 solum
2307 5402 2505 5458 vulnus
2534 5406 2840 5473 prohibeat,
2866 5411 2960 5466 sed
2993 5413 3157 5468 etiam
3189 5431 3350 5471 omne
3379 5420 3691 5476 convicium

2099 5488 2182 5541 vel
2221 5489 2604 5560 maledictum,
2628 5505 2683 5550 et
2714 5495 2761 5552 si
2797 5500 2927 5568 quid
2961 5501 3106 5558 aliud
3141 5504 3411 5574 ejusmodi
3455 5510 3525 5564 ita
3573 5511 3692 5565 clli-

2097 5576 2204 5645 cit;
2243 5581 2336 5634 sed
2369 5583 2548 5648 solam
2585 5586 2751 5640 credis
2781 5589 3094 5647 cautionem
3140 5598 3256 5650 suis
3293 5599 3472 5666 ptenis
3513 5601 3692 5657 intro-

2095 5666 2387 5726 duxerunt.
2425 5671 2692 5728 Dividitur
2737 5686 2919 5733 autem
2964 5679 3069 5736 hoc
3111 5684 3340 5749 malum,
3371 5687 3693 5747 diﬂ‘erentias

2095 5760 2417 5818 voluntariae
2457 5775 2511 5819 et
2545 5765 2928 5826 involuntaria:
2972 5789 2986 5826 :
3029 5782 3084 5826 et
3123 5785 3209 5830 est
3247 5777 3427 5834 cades
3461 5780 3692 5850 quidem

2095 5853 2427 5927 voluntaria,
2451 5874 2573 5930 (piae
2602 5865 2977 5931 praemeditato
3007 5881 3265 5941 susccpta
3293 5881 3375 5927 est
3400 5873 3469 5939 ab
3497 5887 3565 5938 eo
3593 5878 3688 5947 qui

3291 5963 3372 6027 26
