4156 6456
535 392 631 458 811

1684 389 1946 450 ΡΠΟΤΙΙ
1985 386 2488 448 ΡΛΤΒΙΑΠΟΗΕ
2536 388 2644 448 CP.

3709 389 3799 453 81?.

541 521 597 558 se
627 503 693 558 ad
730 504 832 557 hoc
863 509 1279 571 comparaverat
1308 510 1366 554 nt
1394 499 1499 555 hoc
1526 494 1738 554 facinus
1773 505 2126 567 perpetraret.

2249 495 2497 548 ἀκουσίου
2523 515 2534 527 ·
2566 499 2622 549 ἐν
2639 491 2718 560 οἷς
2743 497 2987 560 ἑκούσιος
3022 497 3120 566 μέν
3144 496 3260 550 ἐστι
3281 496 3462 566 φόνος,
3485 497 3692 567 πρῶτον
3715 493 3814 571 μὲν

541 596 746 651 Deinde
772 595 902 649 illud
930 609 1151 664 quoque
1182 594 1234 646 in
1266 591 1590 647 voluntariis
1622 591 1998 645 existimatum
2034 596 2139 652 est,

545 688 768 761 quando
799 688 924 758 quis
962 688 1020 742 in
1053 701 1353 756 congressu
1389 685 1682 739 verberans
1715 694 1770 738 et
1803 684 2141 737 verberatus,

540 797 708 835 manu
755 780 970 850 plagam
1019 776 1355 832 mortiferam
1407 775 1674 830 intulerit.
1708 775 1812 840 Qui
1864 773 2010 828 enim
2060 773 2140 827 ira

539 871 708 928 semel
747 871 930 924 vietus
981 877 1095 933 est,
1125 877 1176 921 et
1217 865 1383 919 animi
1433 864 1753 935 appetitioni
1796 863 1971 928 cedit,
2003 863 2142 917 nihil

541 974 731 1014 eorum
762 973 883 1026 quae
911 956 1113 1010 malum
1147 962 1368 1023 possent
1395 963 1705 1022 amputare,
1731 951 1780 1005 ei
1815 953 1867 1032 in
1902 961 2137 1005 mentem

541 1051 711 1106 venit.
749 1051 929 1116 Quare
973 1056 1027 1102 et
1069 1047 1179 1101 illic
1222 1062 1442 1116 quoque
1487 1045 1578 1116 qui
1623 1061 1690 1099 ex
1733 1044 2142 1099 concertatione

540 1142 820 1212 profectus
845 1150 946 1200 est,
977 1139 1140 1193 caedis
1165 1145 1415 1203 eventus,
1435 1138 1488 1190 in
1518 1137 1719 1190 factum
1745 1138 2136 1199 voluntarium,

543 1249 650 1287 non
684 1233 737 1286 in
767 1246 956 1286 casum
985 1229 1288 1284 confertur.
1313 1228 1697 1284 lnvolun’tarim
1727 1239 1909 1282 autem
1937 1229 2141 1282 habent

544 1324 833 1381 manifesta
875 1323 1113 1387 indicia,
1147 1323 1366 1392 quando
1411 1322 1536 1390 quis
1576 1321 1734 1391 331
1780 1319 1942 1374 alicui
1985 1319 2138 1371 alteri

543 1419 620 1473 rei
661 1417 900 1473 studium
947 1414 1260 1484 applicans,
1298 1428 1430 1468 casu
1479 1413 1869 1483 gravissimum
1916 1409 2139 1479 aliquod

543 1511 746 1564 malum
795 1506 1114 1578 patraverit.
1151 1505 1207 1558 In
1264 1504 1350 1559 his
1393 1517 1523 1574 ergo
1601 1503 1775 1558 ca‘des
1818 1501 2036 1572 quidem
2086 1500 2138 1553 in

547 1604 740 1672 triplex
773 1612 989 1670 tempus
1024 1598 1338 1654 extenditur
1370 1598 1437 1652 iis
1466 1597 1558 1666 qui
1592 1611 1688 1666 per
1720 1594 2138 1650 conversionem

543 1695 854 1756 voluntario
889 1691 1118 1746 facinori
1160 1690 1458 1745 remedium
1511 1689 1770 1742 atferunt.
1805 1687 1910 1741 Ter
1947 1701 2139 1739 novem

546 1789 711 1843 etiam
759 1794 888 1840 sunt
926 1787 1088 1848 anui,
1123 1783 1460 1836 novennario
1495 1795 1768 1834 annorum
1806 1794 2032 1832 numero
2084 1777 2136 1830 in

2247 588 2274 639 ό
2309 588 2372 639 ἐκ
2427 592 2780 660 παρασκευῆς
2813 587 3221 658 τετολμημένος
3244 589 3338 641 τοῦ
3373 589 3454 650 εἰς
3502 588 3629 642 αὐτὸ
3663 591 3802 647 τοῦτο

2248 680 2701 753 εὐτρεπισμένου,
2726 684 2873 744 ὅπως
2897 682 2960 735 ἂν
2979 682 3042 734 τὸ
3059 682 3190 749 ἄγος
3210 682 3544 751 ἐργάσηται·
3567 680 3738 736 ἔπειτα
3755 686 3804 738 δὲ

2247 773 2498 836 κάκεῖνος
2519 775 2575 826 ἐν
2596 776 2708 837 τοῖς
2730 775 2998 837 ἑκουσίοις
3021 773 3305 843 ἐνομίσθη,
3330 774 3455 825 ὅταν
3489 789 3570 836 τις
3595 775 3648 825 ἐν
3681 793 3805 846 συμ-

2247 863 2420 934 πλοκῇ
2451 867 2544 916 καὶ
2578 867 2725 937 μάχῃ
2756 870 2975 919 τύπτων
3003 882 3061 918 τε
3103 867 3199 917 καὶ
3240 866 3592 934 τυπτόμενος,
3627 867 3804 940 ἐνέγκῃ

2246 958 2388 1010 κατά
2402 975 2542 1017 τινος
2568 958 2782 1029 καιρίου
2807 957 2903 1028 τὴν
2926 957 3014 1010 διὰ
3041 956 3140 1026 τῆς
3175 958 3352 1026 χειρὸς
3385 957 3630 1026 πληγήν·
3661 961 3686 1010 ὁ
3706 960 3803 1030 γὰρ

2245 1048 2391 1113 ἅπαξ
2414 1049 2489 1119 τῷ
2509 1048 2664 1119 θυμῷ
2683 1050 2995 1119 κρατηθεὶς,
3017 1049 3107 1101 καὶ
3130 1051 3192 1117 τῇ
3215 1051 3356 1119 ὁρμῇ
3375 1049 3472 1117 τῆς
3493 1048 3658 1119 όργῆς
3674 1068 3807 1122 χαρι-

2246 1142 2492 1211 ζόμενος,
2517 1143 2668 1194 οὐδὲν
2687 1142 2752 1195 ἂν
2777 1142 2925 1211 παρά
2948 1142 3038 1193 τὸν
3065 1141 3255 1212 καιρὸν
3312 1140 3408 1193 τοῦ
3463 1141 3662 1204 πάθους
3713 1145 3808 1195 τῶν

2245 1234 2514 1303 ἀνακόψαι
2548 1233 2607 1288 τὸ
2633 1234 2801 1287 κακὸν
2823 1234 3161 1304 δυναμένων,
3188 1232 3278 1285 ἐπὶ
3302 1232 3426 1285 νοῦν
3461 1232 3612 1285 λάϐοι
3632 1246 3645 1260 ’
3683 1232 3808 1285 ὥστε

2243 1327 2338 1378 καὶ
2367 1327 2425 1379 τὸ
2454 1328 2517 1379 ἐκ
2541 1328 2640 1396 τῆς
2666 1326 2987 1397 συμπλοκῆς
3015 1327 3366 1396 ἀποτέλεσμα
3395 1325 3491 1378 τοῦ
3525 1326 3705 1392 φόνου,
3736 1329 3808 1388 εἰς

2247 1418 2406 1488 ἔργον
2435 1419 2808 1488 προαιρέσεως
2839 1419 2932 1472 καὶ
2964 1421 3066 1472 οὐκ
3102 1421 3183 1481 είς
3207 1421 3510 1487 ἀποτυχίαν
3542 1419 3805 1486 ἀνάγεται·

2245 1515 2292 1565 oi
2321 1512 2377 1564 δέ
2413 1510 2658 1564 ἀκούσιοι
2689 1513 2900 1582 φανερά
2937 1511 3124 1580 ἔχουσι
3175 1511 3244 1564 τά
3276 1511 3652 1582 γνωρίσματα,
3697 1513 3809 1564 ὅταν

2245 1620 2329 1666 τις
2363 1604 2502 1673 πρὸς
2534 1602 2721 1670 ’έτερόν
2753 1619 2805 1655 τι
2832 1603 2931 1670 τῆν
2963 1602 3198 1667 σπουδὴν
3241 1600 3402 1670 ἔχων,
3439 1599 3496 1675 ἐξ
3525 1599 3806 1668 ἀποτυχίας

2243 1713 2298 1749 τι
2323 1696 2431 1750 τῶν
2467 1695 2783 1766 ἀνηκέστων
2813 1694 2986 1764 δράσῃ
3009 1711 3022 1726 ·
3061 1694 3152 1746 ἐπὶ
3183 1693 3389 1746 τούτων
3433 1692 3636 1756 τοίνυν,
3668 1693 3694 1743 ό
3723 1691 3810 1759 μὲν

2246 1787 2405 1855 φόνος
2449 1787 2528 1848 είς
2565 1785 2922 1858 τριπλασίονα
2964 1784 3154 1856 χρόνον
3196 1784 3588 1855 παρατείνεται
3625 1785 3728 1846 τοῖς
3754 1782 3810 1836 δι’

551 1893 880 1950 unoquoque
913 1877 1084 1946 gradu
1122 1875 1389 1946 prmtinito
1410 1914 1424 1939 ,
1457 1885 1516 1927 ut
1549 1873 1602 1926 in
1640 1871 1879 1942 perfecta
1918 1871 2137 1940 quidem

2249 1879 2584 1949 ἐπιστροφῆς
2617 1877 3076 1949 θεραπευομένοις
3109 1877 3169 1930 τὸ
3199 1877 3446 1930 ἐκούσιον
3497 1876 3629 1944 ἄγος
3658 1892 3672 1906 ’
3707 1877 3812 1946 τρὶς

549 1973 925 2044 segregatione
963 1985 1160 2025 novem
1197 1984 1466 2023 annorum
1506 1976 1762 2036 tempore
1796 1973 2045 2019 versetur
2075 1963 2144 2016 ab

550 2065 793 2122 Ecclesia
827 2063 1169 2136 prohibitus;
1205 2062 1343 2130 alios
1376 2068 1552 2114 autem
1584 2067 1664 2114 tor
1690 2074 1865 2113 annos
1898 2057 1951 2111 in
1983 2054 2142 2110 audi-

551 2161 702 2215 tione
743 2165 1090 2228 permaneat,
1124 2155 1241 2210 sola
1287 2154 1572 2208 doctorum
1619 2160 1674 2205 et
1723 2149 2133 2219 Scripturarum

551 2249 834 2304 auditione
858 2257 911 2302 et
934 2245 1350 2302 conversatione
1376 2258 1500 2298 cum
1535 2240 1735 2311 populo
1760 2239 1958 2310 dignus
1991 2237 2144 2291 habi-

552 2349 672 2404 tus,
710 2339 764 2391 in
808 2337 970 2392 tertio
1013 2346 1197 2390 autem
1243 2333 1582 2388 novenuario
1609 2347 1733 2385 cum
1765 2329 2053 2384 substratis
2087 2328 2140 2381 in

551 2431 911 2487 conversione
952 2445 1145 2496 orans,
1179 2439 1239 2484 ut
1277 2426 1556 2497 perveniat
1592 2425 1658 2480 ad
1700 2423 2140 2479 communionem

553 2524 881 2578 sacramenti
913 2523 1150 2587 scilicet;
1189 2530 1243 2576 et
1277 2522 1330 2574 in
1365 2520 1557 2575 eodem
1591 2519 1779 2573 eadem
1816 2516 1920 2572 erit
1952 2515 2142 2569 obser-

549 2616 699 2670 vatio
735 2616 803 2670 ab
835 2630 902 2670 eo
936 2615 1026 2683 qui
1061 2613 1362 2669 Ecclesium
1428 2612 1809 2675 administrat,
1842 2618 1896 2663 et
1926 2623 2025 2678 pro
2057 2622 2144 2660 ra-

552 2707 700 2760 tione
726 2706 1099 2761 conversionis
1125 2705 1201 2759 illi
1225 2720 1444 2776 quoque
1470 2719 1644 2775 pinnae
1667 2699 1915 2756 extensio
1939 2696 2143 2754 rescin-

548 2799 729 2864 detur,
761 2807 820 2852 ut
844 2813 941 2868 pro
973 2813 1164 2851 novem
1195 2797 1354 2850 annis
1388 2796 1442 2848 in
1474 2807 1808 2862 unoquoque
1836 2789 2030 2860 gradu,
2060 2788 2140 2841 vel

549 2901 704 2959 octo,
739 2894 822 2947 vel
858 2901 1099 2963 septem,
1128 2891 1213 2945 vel
1246 2891 1490 2960 quinque
1523 2887 1698 2942 solum
1736 2885 1865 2940 anui
1903 2885 2061 2946 fiant,
2094 2881 2140 2936 si

548 2986 884 3056 pteuiteutia:
934 2984 1255 3056 magnitudo
1308 2992 1524 3051 tempus
1569 2981 1783 3045 vincat,
1820 2985 1875 3030 et
1923 2983 2143 3044 superet

549 3076 911 3131 correctionis
946 3076 1130 3131 studio
1162 3091 1259 3130 eos
1293 3076 1386 3146 qui
1427 3078 1479 3130 in
1516 3075 1680 3146 longo
1716 3086 1962 3145 tempore
2003 3088 2142 3143 pra:-

2245 1971 2404 2026 ἐννέα
2442 1973 2552 2041 γάρ
2580 1973 2720 2025 εἰσιν
2755 1971 3018 2034 ἐνιαυτοὶ,
3065 1971 3188 2023 καθ’
3220 1971 3453 2024 ἕκαστον
3481 1969 3686 2039 βαθμὸν
3723 1969 3810 2038 τῆς

2247 2063 2463 2127 ἐννάδος
2502 2064 2609 2117 τῶν
2638 2064 2776 2117 ἐτῶν
2795 2063 3112 2134 ὁρισθείσης
3135 2080 3147 2093 ⁸
3178 2061 3319 2115 ὥστε
3359 2064 3416 2115 ἐν
3462 2063 3561 2130 μὲν
3593 2061 3668 2132 τῷ
3695 2079 3812 2114 παν-

2244 2157 2392 2210 τελεῖ
2431 2156 2747 2229 ἀφορισμῷ,
2780 2158 3006 2225 ἐνναετῆ
3027 2155 3218 2225 χρόνον
3251 2153 3596 2222 διαγενέσθαι
3633 2155 3813 2222 ἀπειρ-

2244 2251 2475 2320 γόμενον
2504 2250 2604 2319 τῆς
2647 2248 2997 2320 Ἐκκλησίας·
3027 2247 3162 2302 ἄλλα
3193 2248 3248 2300 δὲ
3283 2247 3520 2300 τοσαῦτα
3552 2245 3644 2316 ἔτη
3674 2247 3727 2298 ἐν
3756 2247 3813 2314 τῇ

2243 2341 2509 2412 ἀκροάσει
2561 2343 2924 2412 παραμεῖναι,
2979 2341 3149 2410 μόνης
3200 2339 3309 2392 τῶν
3349 2337 3688 2391 διδασκάλων
3733 2338 3816 2389 καὶ

2244 2431 2344 2502 τῆς
2375 2431 2482 2485 τῶν
2508 2431 2741 2502 Γραφῶν
2773 2431 3111 2502 ἀκροάσεως,
3149 2430 3243 2482 καὶ
3286 2431 3425 2498 μετά
3457 2429 3557 2497 τῆς
3587 2425 3814 2480 τοῦλαοῦ

2247 2525 2557 2587 συστάσεως
2611 2523 2932 2593 ἀξιούμενον
2954 2541 2965 2553 ·
3011 2524 3067 2575 ἐν
3097 2523 3155 2575 δὲ
3188 2524 3255 2592 τῇ
3287 2521 3447 2592 τρίτῃ
3479 2520 3659 2573 ἐννάδι
3690 2518 3815 2589 μετά

2244 2618 2354 2672 τῶν
2409 2618 2828 2670 ὑποπιπτόντων
2889 2617 2946 2682 ἐν
3003 2617 3313 2685 ἐπιστροφῇ
3375 2613 3816 2685 προσευχόμενον,

2244 2709 2417 2771 οὕτως
2477 2709 2653 2762 ἐλθεῖν
2691 2707 2786 2760 ἐπὶ
2816 2707 2914 2778 τὴν
2981 2706 3275 2776 μετουσίαν
3313 2703 3406 2757 τοῦ
3457 2705 3816 2771 ἀγιάσμοιτος·

2243 2801 2444 2874 δηλαδὴ
2507 2802 2601 2854 καὶ
2654 2801 2749 2854 ἐπὶ
2773 2800 2867 2853 τοῦ
2901 2799 3147 2853 τοιούτου
3193 2801 3226 2868 ἡ
3277 2796 3415 2868 αὐτὴ
3445 2796 3817 2866 παρατήρησις

2245 2898 2397 2949 ἐσται
2423 2895 2587 2966 ,παρά
2616 2895 2712 2948 τοῦ
2746 2893 3160 2967 οίκονομοῦντος
3189 2893 3288 2964 τὴν
3323 2892 3657 2962 Ἐκκλησίαν
3681 2908 3692 2919 ·
3733 2888 3819 2942 καὶ

2245 2987 2381 3058 πρὸς
2416 2987 2573 3055 λόγον
2601 2987 2701 3057 τῆς
2750 2986 3114 3058 ἐπιστροφῆς,
3177 2983 3627 3054 συντμηθήσεται
3675 2979 3812 3049 αὐτῴ

2243 3078 2400 3149 καὶὴ
2458 3079 2551 3132 τοῦ
2593 3079 2869 3150 ἐπιτιμίου
2934 3077 3280 3147 παράτασις’
3335 3075 3474 3126 ὥστε
3517 3074 3638 3126 ἀντὶ
3677 3072 3821 3124 ἐννέα

551 3169 743 3223 stituto
778 3177 1063 3236 susceptas
1098 3184 1127 3220 a
1161 3183 1219 3222 se
1257 3168 1502 3223 maculas
1535 3169 1774 3237 segniter
1808 3166 2017 3220 eluunt.
2054 3165 2142 3219 lu-

2249 3171 2380 3224 ἐτῶν
2417 3173 2501 3240 ἐφ’
2562 3173 2780 3243 ἐκάστῳ
2849 3170 3061 3242 βαθμῷ,
3123 3167 3269 3222 ὀκτὼ
3320 3168 3354 3238 ἢ
3408 3168 3569 3231 ἐπτὰ,
3604 3164 3736 3235 ἢέξ.
3787 3163 3817 3233 ἢ

553 3259 923 3314 voluntarium
955 3269 1136 3313 autem
1173 3261 1325 3314 venia
1360 3261 1579 3329 quidem
1611 3261 1868 3330 dignum,
1901 3259 1999 3316 sed
2031 3275 2142 3314 non

555 3351 828 3406 laudabile
872 3351 1179 3421 judicatum
1229 3363 1332 3407 est.
1382 3351 1497 3406 Hoc
1546 3362 1729 3407 autem
1775 3353 1918 3418 dixi,
1964 3362 2025 3405 ut
2077 3351 2148 3405 sit

556 3452 842 3512 apertum,
873 3440 1018 3511 quod
1055 3441 1217 3494 etiam
1256 3443 1300 3494 si
1337 3442 1462 3512 quis
1498 3440 1865 3495 iuvoluntarie
1895 3438 2058 3492 fuerit
2092 3437 2144 3490 in

557 3535 763 3590 scelere
807 3534 1084 3589 homicidii
1136 3551 1146 3585 :
1192 3549 1316 3588 eum
1363 3542 1625 3602 tanquam
1668 3531 1779 3602 jam
1824 3529 2142 3600 profanum,

559 3628 834 3697 piaCqum
865 3627 1168 3690 redditum,
1197 3643 1227 3680 a
1257 3626 1584 3681 sacerdotali
1610 3625 1784 3694 gratia
1814 3623 2144 3693 ejiciendum

558 3721 930 3793 pronuntiavit
956 3736 1155 3775 canon.
1185 3719 1460 3786 Quantum
1495 3728 1676 3772 autem
1708 3728 1790 3772 est
1819 3716 2148 3786 expiationis

557 3825 775 3886 tempus
809 3816 880 3869 ob
915 3815 1220 3884 simplicem
1255 3812 1702 3876 fornicationem,
1736 3821 1944 3865 tantum
1982 3810 2144 3864 etiam

557 3916 705 3962 recte
736 3907 934 3961 habere
960 3905 1331 3960 existimatum
1361 3913 1443 3956 est
1472 3902 1524 3955 in
1557 3903 1623 3956 iis
1649 3903 1738 3970 qui
1769 3901 1971 3955 catdcm
2001 3899 2149 3951 invo-

557 4000 851 4055 luntariam
891 3999 1182 4066 fecissent;
1222 3996 1458 4061 scilicet,
1495 3997 1548 4049 in
1589 3995 1656 4048 iis
1690 4008 1938 4063 quoque,
1973 3991 2149 4062 pomi-

558 4091 722 4146 tcntis
763 4091 1043 4145 voluntate
1079 4091 1428 4152 examinata;
1479 4095 1536 4140 ut
1579 4086 1627 4140 si
1665 4086 1736 4139 sit
1785 4084 1886 4138 lide
1927 4083 2145 4153 quidem

558 4187 721 4255 digna
765 4187 1086 4246 conversio,
1119 4197 1223 4234 non
1263 4189 1512 4234 servetur
1547 4193 1814 4230 annorum
1850 4191 2144 4241 numerus;

556 4281 650 4334 sed
680 4278 945 4348 t‘emporis
974 4275 1290 4345 prolixitate
1316 4282 1582 4338 resecata,
1606 4272 1671 4325 ad
1701 4270 1862 4340 332
1892 4270 2150 4324 Ecclesia:

557 4371 957 4426 restitutionem
1004 4378 1059 4424 et
1106 4367 1232 4422 boni
1289 4365 1764 4437 participationem
1823 4363 2148 4432 compendio

557 4466 870 4520 reducatur.

2248 3264 2410 3319 πέντε
2443 3266 2581 3336 μόνα
2661 3264 2938 3333 γενέσθαι,
2991 3264 3150 3334 εἰπερ
3189 3261 3250 3314 τὸ
3288 3259 3520 3330 μεγέθος
3579 3262 3674 3330 τῆς
3709 3263 3820 3310 ἐπις

2251 3359 2495 3431 στροφῆς
2545 3357 2715 3428 νικῴη
2770 3357 2862 3410 τὸν
2908 3356 3118 3427 χρόνον,
3175 3355 3268 3407 καὶ
3321 3353 3713 3424 ὑπερϐάλλοιτο
3761 3351 3820 3418 τῇ

2249 3453 2453 3521 σπουδῇ
2493 3452 2591 3518 τῆς
2646 3451 2992 3520 διορθώσεως
3047 3452 3174 3513 τοὺς
3233 3452 3290 3502 ἐν
3319 3451 3384 3518 τῇ
3421 3449 3609 3521 μακρᾷ
3638 3443 3823 3515 προθε-

2251 3544 2387 3614 σμίᾳ.
2421 3542 2794 3614 ῥᾳθυμότερον
2829 3543 3056 3604 ἑαυτοὺς
3090 3543 3196 3597 ἀπὸ
3247 3543 3343 3612 τῆς
3377 3541 3597 3612 κηλίδος
3637 3535 3820 3592 καθαί-

2253 3650 2462 3706 ροντας·
2486 3635 2544 3686 τὸ
2564 3633 2620 3686 δέ
2639 3633 2912 3695 ἀκούσιον,
2941 3634 3289 3702 συγγνωστὸν
3317 3635 3434 3704 μὲν,
3457 3635 3517 3686 ού
3547 3634 3654 3702 μὴν
3678 3633 3825 3682 ἐπιιι⁹

2248 3723 2400 3777 νετὸν
2417 3723 2629 3794 ἐκρίθη·
2656 3724 2816 3777 τοῦτο
2843 3723 2901 3776 δὲ
2923 3721 3094 3790 εἷπον,
3120 3725 3262 3778 ὥστε
3283 3725 3439 3794 δῆλον
3470 3724 3726 3792 γενέσθαι
3747 3721 3821 3772 ὃτι

2250 3817 2356 3870 κᾶν
2380 3817 2650 3880 ἀκουσίως
2671 3834 2754 3879 τις
2781 3816 3010 3887 γένηται
3039 3818 3097 3869 ἐν
3130 3816 3208 3888 τῷ
3229 3816 3324 3870 τοῦ
3353 3818 3514 3886 φόνου
3545 3817 3825 3887 μιάσματι,

2249 3905 2323 3968 ὡς
2357 3906 2456 3976 ἤδη
2513 3905 2741 3976 βέϐηλον
2801 3906 2967 3960 αὐτὸν
3031 3908 3139 3961 ἀπὸ
3171 3909 3263 3960 τοῦ
3313 3907 3479 3975 ἄγους
3520 3905 3822 3974 γενόμενον.

2249 3998 2556 4068 ἀπόϐλητον
2615 3999 2896 4070 ἱερατικῆς
2945 4001 3169 4070 χάριτος
3197 4003 3224 4052 ὁ
3266 4001 3446 4053 κανὼν
3477 3999 3824 4067 ἀπεφήνατο·

2249 4090 2374 4154 ὅσος
2407 4090 2465 4144 δέ
2489 4092 2637 4142 ἐστιν
2673 4092 2766 4144 ἐπὶ
2803 4095 2870 4162 τῇ
2895 4092 3025 4162 ψιλῇ
3061 4092 3291 4162 πορνείᾳ
3325 4091 3420 4144 τοῦ
3453 4092 3756 4162 καθαρσίου
3803 4089 3827 4140 ὁ

2249 4183 2460 4252 χρόνος,
2488 4181 2742 4246 τοσοῦτος
2779 4186 2874 4236 καὶ
2915 4184 3008 4236 ἐπὶ
3063 4184 3173 4236 τῶν
3209 4184 3480 4247 ἀκουσίως
3515 4181 3834 4252 πεφονευκό-

2249 4295 2356 4332 των
2385 4277 2717 4348 ἐδοκιμάσθη
2769 4277 2951 4341 καλῶς
2976 4278 3124 4348 ἔχειν
3149 4293 3162 4309 ο
3193 4278 3395 4350 δηλαδὴ
3429 4281 3525 4333 καὶ
3581 4281 3639 4332 ἐν
3667 4276 3831 4344 τούτῳ

2251 4371 2349 4440 τῆς
2384 4371 2759 4441 προαιρέσεως
2786 4370 2881 4423 τοῦ
2937 4370 3332 4438 μετανοοῦντος
3361 4371 3478 4424 δοκι
3489 4370 3831 4441 μαζομένης,

2251 4461 2392 4515 ὥστε
2417 4462 2732 4525 ἀξιόπιστος
2785 4461 2998 4529 γένοιτο
3035 4463 3068 4531 ἡ
3120 4462 3445 4531 ἐπιστροφὴ,
3493 4461 3573 4534 μὴ
3626 4462 3832 4518 πάντως

560 4555 1060 4627 παραφυλαχθῆναι
1125 4554 1215 4607 τὸν
1246 4551 1480 4622 ἀριθμὸν
1524 4550 1636 4604 τῶν
1691 4549 1856 4617 ἐτῶν,
1887 4550 2023 4605 ἀλλά
2050 4552 2140 4606 διά
2214 4554 2509 4624 συντομίας
2571 4555 2803 4622 ἀγαγεῖν
2856 4553 3018 4606 αὐτὸν
3076 4555 3156 4615 είς
3223 4554 3322 4624 τὴν
3379 4556 3476 4624 τῆς
3518 4550 3834 4621 Ἐκκλησίας

557 4649 1026 4712 ἀποκατάστασιν,
1061 4648 1156 4700 καὶ
1204 4648 1284 4708 εἰς
1316 4647 1417 4717 τὴν
1464 4642 1560 4696 τοῦ
1597 4643 1802 4713 ἀγαθοῦ
1833 4647 2146 4715 μετουσίαν.

633 4740 686 4797 7.
717 4743 1109 4812 Sepulerorum
1142 4749 1323 4795 autem
1354 4740 1594 4805 elfossio,
1620 4740 1734 4810 ipsa
1763 4755 1985 4810 quoque
2012 4741 2144 4796 divi-

2328 4742 2391 4805 ζ’.
2430 4742 2496 4794 Ἢ
2525 4741 2580 4793 δέ
2620 4739 2982 4811 τυμϐωρυχία
3041 4741 3135 4794 καὶ
3187 4740 3324 4810 αὕτη
3387 4740 3644 4812 διῄρηται
3679 4739 3754 4800 εἰς
3781 4736 3835 4788 τὸ

561 4834 710 4890 ditur
743 4835 797 4887 in
842 4834 893 4888 id
936 4833 1081 4903 quod
1117 4834 1330 4887 veniam
1376 4841 1638 4896 meretur,
1670 4841 1722 4885 et
1759 4832 1809 4885 id
1851 4832 1997 4901 quod
2043 4848 2148 4886 non

561 4938 827 4982 meretur.
863 4926 920 4980 Si
952 4926 1099 4979 enim
1131 4924 1256 4994 quis
1287 4933 1629 4979 mortuorum
1660 4939 1888 4994 parcens
1916 4923 2149 4978 faculta-

564 5019 712 5074 tibus
744 5027 797 5073 et
828 5027 1036 5072 tectum
1065 5032 1264 5087 corpus
1292 5018 1555 5072 intactum
1585 5018 1930 5086 relinquens,
1967 5027 2024 5073 ut
2055 5033 2152 5072 uec

563 5111 663 5167 soli
690 5112 1010 5166 ostendatur
1034 5110 1315 5181 turpitudo
1338 5110 1616 5178 corporis;
1643 5109 1916 5179 lapidibus
1944 5109 2153 5178 aliquot

562 5221 628 5259 ex
663 5205 732 5260 iis
762 5204 856 5274 qui
887 5215 1012 5258 ante
1039 5203 1352 5272 sepulcrum
1387 5202 1612 5272 projeeti
1641 5210 1796 5266 sunt,
1827 5202 1894 5255 ad
1931 5201 2152 5270 aliquod

563 5311 701 5364 opus
743 5293 1172 5350 construendum
1213 5307 1348 5346 usus
1389 5301 1500 5358 est;
1539 5305 1609 5346 ne
1651 5294 1757 5346 hoc
1799 5293 2020 5361 quidem
2067 5300 2152 5346 est

562 5385 872 5450 laudabile;
921 5385 1013 5439 sed
1059 5393 1118 5436 ut
1149 5393 1296 5437 esset
1327 5383 1550 5452 dignum
1582 5381 1772 5448 venia,
1805 5381 1983 5436 effecit
2015 5397 2148 5436 eon-

563 5478 827 5542 suetudo,
861 5474 1083 5545 quando
1134 5475 1200 5527 ad
1247 5473 1454 5543 aliquid
1505 5473 1702 5528 melius
1750 5482 1803 5527 et
1846 5474 2156 5543 reipublicae

563 5572 751 5625 utilius
791 5568 1019 5623 materia
1065 5567 1316 5620 traducta
1355 5565 1447 5620 sit.
1481 5563 1586 5619 Sed
1631 5566 1810 5622 carnis
1852 5566 1905 5619 in
1953 5575 2154 5620 terram

566 5665 800 5719 redacta:
832 5663 1109 5732 pulverem
1146 5659 1506 5729 perscrutari,
1543 5667 1596 5715 et
1627 5674 1749 5714 ossa
1779 5675 2026 5725 movere;
2063 5676 2156 5730 spe

566 5757 798 5825 aliquem
826 5771 889 5809 ex
918 5754 1148 5809 defos‘sis
1176 5752 1550 5808 luerifaciendi
1579 5763 1858 5818 ornatum,
1883 5754 1935 5804 in
1964 5753 2152 5806 eodem

566 5847 770 5916 iudicio
803 5848 1222 5903 condemnatum
1257 5857 1366 5914 est,
1403 5861 1514 5916 quo
1556 5846 1787 5916 simplex
1824 5845 2148 5912 furnieatio,

2258 4832 2608 4901 συγγνωστόν
2669 4849 2728 4885 τε
2777 4833 2874 4885 καὶ⁸
2923 4831 3353 4901 ἀσύγγνωστον·
3419 4833 3603 4901 εἰμὲν
3631 4831 3735 4899 γάρ
3759 4843 3836 4889 τις

2256 4924 2354 4994 τῆς
2395 4923 2548 4986 ὁσίας
2583 4922 2922 4992 φειδόμενος,
2955 4925 3050 4976 καὶ
3089 4922 3288 4977 ἄσυλον
3319 4923 3478 4992 ἀφεὶς
3510 4923 3573 4975 τὸ
3602 4938 3834 4993 κεκρυμ-

2261 5016 2420 5087 μένον
2483 5015 2664 5085 σῶμα,
2733 5017 2808 5079 ὡς
2843 5016 2918 5087 μὴ
2938 5016 3326 5086 ἀναδειχθῆναι
3357 5016 3491 5087 ἡλίῳ
3533 5017 3638 5084 τὴν
3675 5016 3833 5082 ἀσχη-

2261 5107 2501 5178 μοσύνην
2529 5109 2626 5177 τῆς
2661 5107 2896 5177 φύσεως,
2929 5107 3096 5171 λίθοις
3122 5108 3236 5160 τισὶ
3263 5107 3372 5160 τῶν
3396 5107 3473 5179 τῷ
3511 5109 3672 5178 τάφῳ
3703 5121 3828 5174 προ-

2258 5197 2610 5270 ϐεϐλημένων
2673 5198 3062 5270 συγχρήσαιτο,
3117 5199 3196 5259 είς
3260 5197 3423 5266 ἔργου
3463 5197 3614 5260 τινος
3673 5209 3835 5249 κατα-

2260 5290 2483 5360 σκευὴν,
2516 5289 2802 5343 ἐπαινετὸν
2849 5289 2949 5360 μὲν
2999 5288 3120 5342 οὐδὲ
3161 5287 3324 5341 τοῦτό
3377 5291 3515 5353 ἐστι,
3547 5287 3691 5358 πλὴν
3714 5283 3839 5339 ἀλλά

2263 5383 2610 5451 συγγνωστὸν
2642 5385 2896 5454 ἐποίησεν
2927 5383 2959 5453 ή
2998 5381 3279 5452 συνήθεια,
3304 5382 3433 5434 ὃταν
3467 5381 3553 5443 εἰς
3579 5374 3836 5448 προτιμό-

2263 5474 2419 5546 τερόν
2455 5493 2507 5527 τι
2531 5477 2628 5528 καὶ
2660 5474 3156 5544 κοινωφελέστερον
3184 5476 3217 5544 ή
3259 5474 3358 5541 τῆς
3386 5472 3518 5542 ὕλης
3555 5468 3836 5542 μετάθεσις

2257 5567 2512 5635 γίνηται·
2543 5567 2605 5619 τὸ
2624 5567 2681 5620 δὲ
2712 5566 3094 5638 διερευνᾶσθαι
3117 5565 3216 5634 τὴν
3245 5565 3397 5618 κόνιν
3436 5564 3548 5618 ἀπὸ
3579 5563 3684 5630 τῆς
3702 5575 3835 5627 γεω·

2257 5662 2445 5732 θείσης
2509 5663 2734 5733 σαρκὸς,
2786 5664 2883 5717 καὶ
2918 5664 3195 5716 ἀνακινεῖν
3239 5662 3309 5714 τὰ
3341 5662 3497 5725 όστᾶ,
3551 5657 3727 5712 ἐλπίδι
3755 5651 3837 5705 τού

2255 5755 2460 5824 κόσμον
2492 5755 2615 5808 τινὰ
2636 5755 2744 5808 τῶν
2775 5754 3333 5824 συγκατορυχθέντων
3370 5753 3655 5826 κερδᾶναι,
3684 5747 3831 5801 τοῦτο

2253 5847 2329 5917 τῷ
2368 5845 2517 5918 αύτῷ
2547 5847 2779 5918 κρίματι
2813 5847 3202 5918 κατεδικάσθη,
3326 5847 3420 5901 καὶ
3455 5847 3486 5915 ὴ
3542 5843 3676 5916 ψιλὴ
3716 5855 3839 5909 πορ-
