4156 6448
404 433 504 497 813

407 545 537 609 Ιιείσι,
567 539 752 603 καθὼς
785 541 840 594 ἐν
864 537 942 608 τῷ
999 535 1324 606 προλαϐόντι
1352 535 1606 606 διῄρηται
1636 533 1780 601 λόγῳ
1813 548 1827 562 ο

405 635 730 696 σκοποῦντος
755 630 956 701 δηλαδὴ
981 630 1074 682 τοῦ
1105 628 1410 697 οἰκονόμου,
1443 627 1501 692 ἐξ
1528 625 1696 679 αὑτοῦ
1729 623 1824 678 τοῦ
1856 623 1976 693 βίου

407 729 497 798 τὴν
528 725 771 796 ἰατρείαν
794 721 887 777 τοῦ
917 719 1384 790 θεραπευομένου,
1407 717 1548 770 ὥστε
1575 734 1730 769 συντε
1741 718 1860 787 μεῖν
1879 715 1977 784 τὴν

407 825 464 877 ἐκ
507 818 616 870 τῶν
675 815 919 869 κανόνων
975 811 1287 882 ὁρισθεῖσαν
1337 808 1431 862 τοῦ
1497 807 1772 875 ἐπιτιμίου
1849 823 1983 877 προ-

313 968 332 979 ,
407 909 651 979 δεσμίαν.

472 1001 540 1073 η’.
590 1000 651 1053 Ἦ
698 1000 754 1052 δὲ
790 999 1069 1069 ἱεροσυλία
1122 995 1275 1067 παρὰ
1309 996 1405 1064 μὲν
1439 997 1506 1065 τῇ
1557 993 1760 1064 ἀρχαίᾳ
1795 994 1983 1062 Γραφῇ

411 1095 555 1149 ›ύδέν
585 1091 846 1163 ἐνομίσθη
872 1091 972 1159 τῆς
1005 1091 1238 1160 φονικῆς
1270 1087 1659 1156 κατακρίσεως
1697 1083 1986 1137 ἀνεκτοτέ-

409 1203 475 1255 ρα
499 1202 512 1214 ⁸
541 1183 742 1253 ὁμοίως
769 1182 876 1251 γὰρ
910 1182 996 1233 ὅτε
1031 1181 1122 1232 ἐπὶ
1159 1180 1304 1250 φόνῳ
1358 1178 1540 1242 ἁλοὺς,
1569 1176 1664 1228 καὶ
1691 1174 1761 1226 τὰ
1790 1175 1986 1227 ἀνατε-

410 1277 565 1330 θέντα
630 1273 710 1344 τῷ
780 1271 900 1342 Θεῷ
959 1271 1310 1340 ὑφελόμενος,
1379 1269 1477 1338 τὴν
1537 1267 1624 1319 διὰ
1653 1265 1763 1317 τῶν
1823 1264 1988 1317 λίθων

413 1366 677 1438 τιμωρίαν
715 1367 937 1434 ὑπεῖχον
961 1380 974 1394 ·
1003 1364 1096 1416 ἐπὶ
1120 1365 1176 1415 δὲ
1221 1362 1321 1430 τῆς
1351 1357 1817 1429 ἐκκλησιαστικῆς
1865 1373 1990 1408 συν-

411 1460 592 1530 ηθείας
634 1460 733 1512 οὐκ
782 1455 878 1511 οἷδ’
905 1457 1055 1519 ὅπως
1091 1453 1502 1523 συγκατάὸασίς
1530 1469 1614 1515 τις
1645 1451 1864 1519 ἐγένετο
1893 1452 1988 1502 καὶ

412 1548 816 1620 συμπεριφορὰ,
849 1547 989 1600 ὥστε
1029 1545 1382 1616 ἀνεκτότερον
1421 1542 1745 1614 νομισθῆναι
1775 1541 1837 1593 τὸ
1883 1541 1984 1607 τῆς

413 1641 659 1710 τοιαύτης
687 1641 842 1694 νόσου
901 1638 1198 1708 καθάρσιον
1222 1653 1236 1666 ·
1267 1639 1323 1689 ἐν
1353 1635 1598 1688 ἐλάττονι
1648 1633 1757 1704 γὰρ
1813 1633 1989 1704 χρόνῳ

411 1732 556 1803 παρὰ
589 1731 684 1800 τὴν
720 1730 986 1799 μοιχείαν,
1040 1731 1154 1791 τοῖς
1198 1726 1460 1789 τοιούτοις
1490 1725 1554 1778 τὸ
1598 1725 1876 1792 ἐπιτίμιον
1907 1723 1989 1775 δι-

412 1825 632 1888 ετάξατο
661 1825 694 1891 ἡ
725 1822 830 1873 τῶν
857 1820 1114 1890 Πατέρων
1145 1817 1442 1889 παράδοσις
1463 1834 1477 1848 ·
1524 1815 1801 1884 πανταχοῦ
1823 1815 1878 1867 δὲ
1931 1815 1988 1866 ἐν

415 1914 882 1986 πλημμελήματος
921 1912 1049 1966 εἴδει
1093 1910 1252 1963 τοῦτο
1299 1910 1540 1981 καθορᾷν
1572 1911 1840 1979 προσήκει
1881 1907 1989 1977 πρὸ

415 2005 648 2071 πάντων,
677 2005 762 2058 οῖα
796 2005 945 2056 ἐστὶν
977 2001 1125 2072 ἠτοῦ
1151 2000 1592 2072 θεραπευομένου
1620 1998 1880 2062 διάθεσις,
1915 1997 1989 2066 μὴ

415 2096 499 2148 τὸν
533 2096 724 2164 χρόνον
756 2093 964 2147 οἴεσθαι
1019 2093 1154 2163 πρὸς
1196 2091 1496 2161 θεραπείαν
1528 2093 1738 2160 ἀρκεῖν·
1775 2090 1856 2153 τίς
1884 2096 1990 2160 γὰρ

416 2189 478 2243 iv
509 2190 570 2241 ἐκ
593 2186 686 2240 τοῦ
713 2205 745 2255 χ
755 2189 910 2254 ρόνου
937 2186 1078 2250 ἴασις
1101 2186 1348 2253 γένοιτο;
1374 2184 1510 2238 ἀλλὰ
1540 2183 1637 2254 τὴν
1670 2183 1990 2254 προαίρεσιν

337 2277 350 2290 ’
419 2281 504 2336 τοῦ
526 2281 716 2335 ἑαυτὸν
747 2280 835 2334 διὰ
863 2279 959 2349 τῆς
987 2279 1322 2348 ἐπιστροφῆς
1353 2276 1774 2348 θεραπεύοντος.

482 2373 668 2428 Ταῦτά
693 2391 796 2436 σοι,
831 2367 876 2426 ὦ
929 2370 1182 2442 ἄνθρωπε
1238 2369 1332 2422 τοῦ
1378 2370 1536 2432 Θεοῦ,
1572 2368 1714 2423 κατὰ
1756 2367 1994 2438 σπουδὴν

417 2463 614 2533 πολλὴν
662 2465 727 2515 ἐκ
784 2462 892 2514 τῶν
947 2459 1256 2532 προχείρων
1302 2459 1609 2526 συνθέντες,
1662 2459 1750 2511 διὰ
1781 2459 1843 2511 τὸ
1885 2459 1994 2512 δεῖν

421 2557 526 2616 τοῖς
593 2552 703 2605 τῶν
757 2551 1002 2618 ἀδελφῶν
1066 2549 1405 2618 ἐπιτάγμασι
1462 2548 1789 2612 πείθεσθαι,
1855 2547 1996 2601 κατὰ

417 2644 653 2715 σπουδὴν
703 2641 1134 2709 ἀπεστείλαμενο
1196 2641 1261 2693 σὺ
1312 2641 1368 2694 δὲ
1411 2642 1508 2704 τὰς
1559 2641 1809 2712 συνήθεις
1855 2640 1996 2712 ὑπὲρ

421 2735 572 2808 ἡμῶν
596 2735 758 2806 εὐχὰς
783 2733 860 2804 τῷ
893 2733 1013 2802 Θεῷ
1039 2733 1330 2801 προσάγων
1363 2733 1438 2802 μὴ
1466 2733 1750 2804 διαλείπῃς
1773 2749 1786 2762 ·
1820 2749 1996 2804 χρεω-

418 2828 560 2888 στεῖς
609 2824 739 2895 γὰρ,
796 2823 872 2885 ὼς
905 2821 1204 2892 εὐγνώμων
1257 2821 1392 2886 υίὸς,
1447 2821 1523 2890 τῷ
1581 2822 1722 2874 κατὰ
1755 2821 1888 2874 Θεὸν
1937 2838 1996 2874 σε

418 2919 736 2987 γεννήσαντι
793 2915 892 2984 τὴν
938 2913 1027 2966 διὰ
1079 2913 1187 2966 τῶν
1246 2913 1565 2984 προσευχῶν
1609 2913 1991 2983 γηρωκομίαν·

419 3012 561 3065 κατὰ
584 3011 682 3081 τὴν
707 3012 928 3082 ἐντολὴν
957 3009 1054 3081 τὴν
1081 3007 1410 3062 κελεύουσαν
1432 3027 1482 3061 τι
1492 3009 1598 3078 μᾷν
1632 3009 1758 3070 τοὺς
1783 3007 1994 3074 γονέας,

418 3104 520 3158 ἵνα
545 3099 615 3158 εὖ
633 3118 734 3157 σοι
755 3103 1019 3173 γένηται,
1055 3103 1154 3156 καὶ
1182 3102 1299 3168 ἕση
1324 3103 1753 3170 μακροχρινιος
1777 3098 2001 3167 ἐπὶτῆς

420 3195 564 3266 γῆς’
597 3195 753 3267 δῆλον
817 3196 873 3248 δὲ
922 3196 1005 3248 ὅτι
1038 3197 1114 3258 ὼς
1161 3194 1428 3265 σύμϐολον
1484 3193 1754 3261 ἱερατικὸν
1779 3192 1906 3264 δέξῃ
1939 3193 1998 3244 τὸ
2025 3233 2067 3290 C

419 3289 678 3358 γράμμα,
731 3289 825 3339 καὶ
863 3287 962 3339 οὐκ
995 3287 1282 3356 ἀτιμάσεις
1329 3286 1387 3338 τὸ
1423 3285 1597 3351 ξένιον
1633 3284 1738 3338 κᾶν
1769 3282 1999 3354 σμικρό-

421 3396 580 3434 τατον
606 3381 702 3450 τῆς
735 3382 833 3449 σῆς
869 3379 1243 3446 μεγαλοφυῒας

505 3472 566 3525 Ἦ
597 3474 806 3542 γ’διάτ.
839 3476 932 3527 τοῦ
973 3473 1015 3540 ζ’
1049 3475 1155 3526 τίτ.
1183 3473 1276 3525 τοῦ
1304 3471 1356 3527 α’
1384 3472 1514 3526 κὼδ.
1557 3471 1737 3526 ἀνεῖλε
1771 3472 1868 3541 τὴν
1902 3486 2000 3540 με-

420 3569 644 3624 τάνοιαν
674 3570 752 3641 τῷ
788 3571 845 3637 ἐξ
875 3570 1176 3641 ὀρθοδόξων
1212 3571 1288 3632 είς
1326 3569 1634 3638 αἱρετικοῦς
1667 3566 1996 3620 ἀποστάντι’

419 3664 454 3734 ἡ
511 3663 567 3716 δὲ
596 3660 674 3724 λζ’
726 3662 916 3732 νεαρὰ,
950 3664 982 3732 ἠ
1021 3661 1152 3732 περὶ
1183 3660 1293 3713 τῶν
1331 3659 1670 3729 Ἐκκλησιῶν
1734 3657 2000 3728 Ἀφρικῆς

418 3754 799 3824 διαλεγομένη,
837 3753 932 3806 καὶ
951 3755 1064 3816 τοῖς
1093 3752 1354 3815 τοιούτοις
1383 3752 1572 3822 καιρὸν
1599 3750 1798 3804 δέδωκε
1834 3765 2000 3820 μετα-

420 3846 601 3907 νοίας·
637 3847 670 3914 ἡ
697 3845 751 3896 δὲ
781 3841 852 3896 λὸ’
877 3843 1016 3897 διάτ.
1046 3843 1138 3895 τοῦ
1167 3840 1208 3894 δ’
1234 3843 1338 3895 τίτ.
1372 3839 1465 3894 τοῦ
1514 3837 1562 3893 α’
1596 3840 1735 3909 βιὸλ.
1774 3840 1865 3891 καὶ
1891 3839 1922 3906 ἡ
1955 3835 1998 3907 β’

419 3938 561 3990 διάτ.
595 3940 698 3992 τοῦ
733 3934 782 3990 α’
808 3937 912 3990 τίτ.
943 3936 1050 3988 τῶν
1084 3935 1344 4006 Νεαρῶν,
1385 3933 1569 3986 ἄδειαν
1599 3933 1678 4002 τῷ
1715 3932 2000 4000 ἐπισκόπῳ

418 4029 640 4092 δέδωκε,
667 4027 958 4097 θεωροῦντι
990 4027 1278 4097 μετάνοιαν
1311 4025 1405 4079 τοῦ
1457 4025 1820 4088 κυϐεύσαντος
1865 4024 1997 4094 κλη-

424 4119 602 4190 ρικοῦ,
638 4120 671 4188 ἢ
703 4119 850 4181 θέαις
878 4117 1344 4188 παρεμϐαλόντος,
1377 4116 1574 4187 μειοῦν·
1601 4117 1659 4168 τὸ
1700 4115 1996 4185 ἐπιτίμιον,

423 4216 520 4264 καὶ
551 4211 657 4280 πρὸ
688 4209 1138 4280 συμπληρώσεως
1175 4209 1268 4261 τοῦ
1298 4207 1607 4280 ὁρισθέντος
1637 4207 1831 4278 χρόνου
1858 4209 1997 4260 ἁπο-

421 4304 688 4374 καθιστᾷν
741 4303 902 4356 αὑτὸν
937 4305 1002 4371 τῇ
1035 4302 1155 4373 θείᾳ
1205 4301 1516 4371 λειτουργίᾳ
1537 4316 1551 4332 ο
1603 4299 1761 4352 τοῦτο
1787 4299 1841 4350 δέ
1870 4299 1998 4370 περὶ

422 4398 738 4449 ἐπισκόπων
767 4395 934 4448 ίδικόν
961 4397 1108 4446 ἐστιν
1135 4411 1146 4423 ·
1173 4395 1222 4447 οἱ
1239 4394 1346 4463 γὰρ
1371 4393 1662 4455 πολιτικῶς
1685 4391 1998 4455 δικάζοντες

421 4489 608 4542 ἄδειαν
665 4486 870 4558 ἔχουσι,
929 4487 1027 4558 τὴν
1061 4487 1237 4558 ἀρχὴν
1271 4485 1657 4556 ψηφιζόμενοι,
1686 4483 1871 4550 αὔξειν
1902 4482 1998 4536 καὶ

1173 418 1575 481 SYNTAGMA
1604 416 1992 480 CANONUM-
2020 438 2087 453 ’-·
2119 417 2269 476 ΤΙΤ.
2309 417 2416 491 ΙΧ,
2451 419 2610 478 CAP-
2652 421 2921 482 XXXIX.

1859 532 1979 583 ἐπι·
2009 531 2061 591 Α
2085 528 2550 598 quemadmodum
2585 532 2639 586 in
2673 535 3012 604 praecedente
3039 538 3286 590 oratione
3311 535 3505 591 divisio
3531 537 3670 592 facta

3569 425 3672 489 814

2085 629 2200 686 cst;
2251 623 2632 679 considerante
2675 627 2883 681 scilicet
2919 642 3209 682 (economo
3256 643 3350 681 seu
3395 629 3672 697 dispensa-

2085 720 2222 780 tore,
2253 728 2321 768 ex
2353 714 2467 783 ipsa
2494 715 2601 770 vita
2632 716 2772 786 ejus,
2803 717 2890 770 cui
2923 718 3128 771 medela
3158 718 3474 781 adhibetur,
3503 721 3676 772 medi-

2087 808 2273 861 cinam
2299 849 2314 871 ,
2343 815 2402 860 ut
2437 809 2668 876 spatium
2700 824 2733 863 a
2761 811 3070 865 canonibus
3101 809 3472 880 praestitutum
3503 813 3674 881 possit

2085 898 2428 954 contrahere.

2163 989 2216 1043 8.
2252 988 2607 1060 Saerilegium
2656 999 2837 1045 autem
2882 993 2936 1046 in
2981 995 3205 1064 antiqua
3254 994 3473 1064 quidem
3525 994 3675 1048 Scii-

2095 1088 2283 1147 ptura,
2319 1095 2387 1134 ne
2424 1082 2587 1136 caedis
2623 1083 2842 1150 quidem
2887 1082 3342 1139 condemuatinue
3380 1085 3557 1138 visum
3596 1094 3676 1138 est

2093 1171 2457 1226 tolerabilius.
2494 1173 2756 1227 Similiter
2786 1175 2962 1240 enim,
2990 1188 3043 1229 et
3071 1178 3163 1245 qui
3197 1177 3360 1230 (mdis
3392 1177 3676 1230 convictus

2088 1269 2226 1325 erat,
2255 1270 2308 1314 et
2339 1262 2432 1330 qui
2465 1276 2554 1316 res
2584 1261 2694 1316 Deo
2724 1263 3004 1318 dedicatas
3038 1265 3355 1328 abstulerat,
3389 1265 3676 1335 lapidatio-

2088 1352 2174 1406 nis
2205 1353 2532 1421 supplicium
2569 1354 2808 1408 subibat.
2837 1355 2895 1408 lu
2928 1355 3296 1410 ecclesiastica
3325 1364 3504 1410 autem
3539 1373 3675 1410 eon-

2090 1442 2412 1508 suetudiue,
2447 1442 2514 1496 de
2546 1457 2721 1512 pinna:
2751 1444 3015 1512 gravitate
3052 1446 3234 1499 nescio
3267 1448 3540 1514 quomodo
3572 1448 3677 1500 ali-

2090 1535 2218 1605 quid
2265 1535 2603 1598 detractum,
2631 1547 2686 1590 et
2719 1550 2786 1589 eo
2827 1537 3067 1591 lenitatis
3107 1537 3429 1592 descensum
3472 1548 3586 1604 est,
3620 1551 3677 1594 ut

2091 1628 2238 1682 illius
2268 1628 2439 1681 morbi
2469 1628 2875 1682 existimaretur
2920 1629 3252 1684 tolerabilius
3281 1631 3587 1700 piaculum;
3623 1632 3674 1684 in

2091 1719 2287 1773 minori
2317 1720 2461 1774 enim
2491 1730 2734 1788 tempore
2765 1735 2928 1789 quam
2961 1721 3307 1786 adulterium,
3336 1721 3369 1774 ii
3397 1738 3426 1774 a
3454 1721 3676 1776 Patrum

2093 1810 2387 1865 traditione
2428 1826 2643 1879 patriam
2690 1823 3069 1881 susceperunt.
3097 1813 3308 1883 Ubique
3351 1825 3532 1868 autem
3576 1820 3680 1870 hoc

2095 1903 2148 1956 in
2183 1903 2437 1973 supplicii
2472 1918 2668 1972 genere
2699 1913 2825 1958 ante
2859 1906 3044 1959 omnia
3077 1905 3365 1960 videndum
3400 1915 3512 1974 est,
3541 1924 3678 1977 qua-

2093 1997 2160 2051 lis
2191 1998 2260 2052 sit
2286 1997 2406 2066 ejus
2436 1998 2524 2051 cui
2555 1999 2848 2053 adhibetur
2871 1998 3118 2062 alIectio;
3148 2009 3202 2054 ct
3229 2016 3334 2054 non
3366 2002 3682 2056 existimare

2095 2098 2311 2158 tempus
2343 2091 2409 2144 ad
2443 2091 2712 2145 medelam
2749 2090 2997 2146 sullicere
3032 2094 3308 2163 (quaenam
3341 2094 3486 2148 enim
3518 2093 3682 2147 fuerit

2092 2197 2156 2234 ex
2183 2190 2422 2250 tempore
2455 2179 2722 2235 medicina
2739 2182 2807 2251 ?),
2843 2182 2937 2236 sed
2974 2184 3117 2252 ejus,
3152 2185 3246 2253 qui
3283 2185 3383 2239 sibi
3419 2200 3514 2255 per
3544 2201 3680 2239 cou-

2093 2275 2402 2327 versiouem
2436 2274 2702 2340 medetur,
2731 2275 2973 2329 animum
3006 2285 3059 2330 et
3090 2277 3426 2331 institutum.

2165 2365 2325 2435 333
2359 2365 2483 2420 Haec
2514 2367 2639 2432 tibi,
2669 2382 2701 2422 ο
2733 2367 2897 2421 homo
2930 2367 3052 2432 Dei,
3082 2385 3144 2423 ex
3180 2370 3248 2424 iis
3279 2387 3399 2439 quae
3425 2379 3581 2425 erant
3613 2373 3680 2425 ad

2096 2477 2322 2516 manum
2357 2463 2602 2516 studiose
2631 2463 2934 2532 composita
2957 2503 2971 2525 ,
2999 2464 3138 2532 quod
3171 2474 3420 2534 oporteat
3447 2465 3680 2519 fratrum

2096 2553 2371 2607 mandatis
2409 2569 2636 2622 parere,
2667 2555 2910 2608 studiose
2955 2555 3228 2608 misimus.
3257 2553 3336 2608 Tu
3373 2570 3498 2608 vero
3543 2569 3679 2608 con-

2097 2655 2281 2701 suetas
2315 2660 2414 2715 pro
2447 2647 2605 2700 nobis
2636 2661 2826 2714 preces
2859 2644 2967 2700 Deo
2993 2645 3192 2699 oﬂ‘erre
3227 2662 3295 2700 ne
3331 2646 3678 2700 intermittas.

2102 2738 2272 2793 Debes
2311 2738 2456 2792 enim
2506 2747 2564 2791 ut
2609 2749 2796 2805 gratus
2842 2736 3013 2801 ﬁlius,
3044 2737 3092 2790 ei
3139 2737 3230 2804 qui
3283 2746 3334 2790 te
3379 2737 3679 2791 secundum

2099 2829 2266 2884 Deum
2307 2830 2525 2900 genuit,
2558 2829 2611 2882 in
2650 2838 2928 2884 senectute
2963 2845 3059 2899 per
3097 2840 3219 2885 tuas
3258 2831 3532 2884 orationes
3576 2829 3680 2886 ali-

2099 2931 2375 2984 mentum,
2411 2922 2799 2976 convenienter
2832 2933 3104 2991 przecepto
3137 2923 3284 2991 quod
3319 2922 3471 2991 jubet
3509 2923 3682 2977 hono-

2102 3029 2224 3068 rare
2254 3023 2533 3082 parentes,
2562 3023 2616 3065 ut
2650 3012 2745 3066 tibi
2775 3013 2898 3066 bene
2928 3014 3027 3079 sit,
3054 3022 3102 3066 et
3134 3014 3206 3067 sis
3239 3012 3498 3082 longa-vus
3527 3028 3682 3081 super

2104 3115 2298 3160 terram
2319 3108 2383 3159 τ’.
2415 3106 2635 3161 Clarum
2667 3117 2752 3162 est
2785 3115 2962 3160 autem
2996 3105 3139 3175 quod
3175 3114 3233 3158 ut
3261 3105 3561 3174 symbolum
3594 3120 3684 3158 sa-

2103 3202 2396 3269 cerdotale,
2422 3203 2628 3257 litteras
2660 3203 2918 3272 accipies.
2943 3216 3251 3270 munusque
3277 3200 3546 3269 hospitale
3574 3214 3681 3252 non

2104 3304 2448 3357 eontemnes,
2474 3295 2689 3350 etiamsi
2725 3294 2797 3350 sit
2825 3295 3008 3350 minus
3039 3309 3201 3363 quam
3239 3309 3336 3364 pro
3361 3309 3576 3348 summa
3606 3294 3684 3348 tui

2102 3386 2303 3456 ingenii
2336 3387 2600 3440 bonitate.

2177 3475 2395 3530 Textus.
2455 3476 2688 3532 Coustit.
2736 3478 2792 3540 ’5,
2842 3477 2929 3531 tit.
2979 3477 3031 3542 7,
3075 3477 3169 3529 lib.
3209 3493 3248 3542 ι,
3291 3476 3416 3530 cod.
3484 3475 3683 3531 sustuli

2103 3569 2477 3640 paenitentiam
2527 3568 2959 3623 orthodoxorum
2996 3571 3059 3622 ad
3097 3569 3381 3623 hwreticos
3427 3568 3685 3621 deficien-

2103 3663 2261 3717 tium.
2304 3660 2523 3716 Novella
2565 3670 2748 3715 autem
2797 3661 2888 3726 57,
2927 3677 3047 3731 qua:
3088 3662 3154 3715 de
3181 3659 3456 3715 Africanis
3505 3659 3687 3714 Eccle-

2102 3755 2201 3810 siis
2261 3753 2504 3818 disserit,
2574 3753 2773 3807 talibus
2850 3753 3182 3823 poenitentia:
3249 3762 3462 3822 tempus
3515 3752 3684 3805 dedit.

2098 3847 2334 3902 Coustit.
2383 3862 2550 3915 porro
2601 3847 2690 3914 54,
2739 3847 2820 3902 ιὶι.
2852 3846 2906 3910 4,
2959 3847 3052 3900 lib.
3089 3862 3130 3909 ι,
3169 3846 3293 3900 cod.
3325 3857 3377 3900 et
3412 3855 3589 3900 const.
3628 3843 3683 3911 2,

2101 3941 2185 3994 tit.
2245 3957 2282 4007 ι,
2318 3939 2691 4003 Novellarum,
2744 3940 3008 4010 episeopo
3057 3939 3261 3994 videnti
3312 3938 3684 4008 paenitentiam

2101 4031 2285 4086 clerici
2338 4032 2430 4101 qui
2460 4031 2575 4084 alea
2613 4031 2764 4096 lusit,
2816 4039 2910 4084 aut
2955 4031 3282 4098 spectaculis
3331 4029 3439 4100 [se]
3505 4029 3685 4082 immi-

2099 4121 2264 4185 scuit,
2305 4130 2622 4189 potestatem
2667 4120 2817 4184 facit,
2853 4130 2912 4174 ut
2952 4136 3165 4189 poenam
3192 4121 3420 4183 minuat,
3448 4129 3502 4173 et
3528 4129 3682 4173 ante-

2099 4227 2262 4282 quam
2304 4222 2569 4268 statutum
2621 4219 2837 4280 tempus
2890 4213 3222 4280 completum
3260 4212 3351 4274 sit,
3386 4211 3562 4280 ipsum
3593 4225 3685 4265 sa-

2099 4316 2194 4356 cro
2246 4301 2552 4356 ministerio
2603 4302 2874 4355 restituat.
2922 4299 3124 4354 Verum
3174 4301 3277 4355 hoc
3322 4301 3684 4369 inepiscopis

2100 4395 2334 4462 speciale
2362 4405 2464 4451 est.
2493 4393 2631 4448 Nam
2665 4395 2855 4449 civiles
2875 4393 3090 4464 judices
3120 4394 3433 4447 facultatem
3462 4393 3682 4456 habent,

2100 4496 2157 4541 ut
2208 4487 2261 4541 in
2317 4488 2435 4558 ipsa
2492 4488 2762 4542 sententia
2821 4503 3039 4558 poenam
3102 4497 3214 4542 tum
3266 4497 3519 4558 augeant,
3569 4495 3686 4541 tum

425 4579 614 4650 μειοῦν
661 4579 759 4649 τὴν
816 4581 1007 4649 ποινήν
1033 4595 1046 4608 ·
1074 4578 1218 4631 ὥστε
1269 4579 1367 4649 μέν
1395 4596 1478 4631 τοι
1511 4578 1602 4630 ἐπὶ
1633 4575 1892 4645 ἐκατέρου
1923 4577 1996 4646 μὴ

2106 4578 2403 4633 minuant:
2440 4589 2499 4633 ut
2540 4588 2721 4634 tamen
2773 4579 2826 4633 in
2878 4591 3108 4650 utroque
3163 4579 3376 4652 [modo]
3420 4581 3686 4634 rationem

425 4668 744 4740 παρεξιέναι
788 4668 887 4738 τὴν
937 4667 1305 4737 συμμετρίαν,
1357 4665 1432 4728 ὡς
1469 4665 1608 4736 βιόλ.
1642 4670 1752 4733 μη’,
1796 4662 1901 4715 τίτ.
1935 4659 2000 4725 θ’,

423 4763 566 4815 δ;άτ.
616 4758 705 4830 ιβ’,
759 4758 860 4828 ιγ’·
900 4761 948 4812 εί
992 4761 1086 4812 καὶ
1116 4759 1184 4812 τὰ
1224 4759 1458 4828 μάλιστα
1489 4757 1703 4826 εἴρηται
1740 4755 1881 4823 βιϐλ.
1925 4754 2005 4825 τῷ

423 4855 493 4915 αὐ
510 4853 578 4924 τῷ
615 4852 720 4907 τίτ.
756 4849 832 4918 ς’,
863 4852 1002 4906 διάτ.
1034 4848 1105 4916 α’,
1135 4851 1228 4903 καὶ
1270 4846 1610 4918 βιὸλ.ν’,τίτ.
1641 4843 1710 4908 α’,
1739 4845 1880 4899 διάτ.
1921 4843 2002 4906 ιε’,

423 4947 508 5000 ὅτι
535 4948 567 5016 ἡ
594 4945 688 4999 τοῦ
718 4947 925 5014 φάκτου
950 4943 1200 5014 ζήτησις,
1233 4941 1626 5016 ἐπιτέτραπται
1647 4938 1725 5008 τῷ
1751 4939 2002 5007 δικαστῇ,

424 5040 487 5093 οὐ
547 5039 654 5110 μὴν
709 5041 743 5109 ὴ
793 5037 886 5090 τοῦ
943 5037 1109 5105 νόμου
1145 5032 1517 5097 ἐπεξέλευσις’
1585 5031 1736 5097 ὅμως
1772 5031 1872 5100 μέν
1925 5047 2006 5083 τοι

423 5131 830 5202 ψηφισάμενος,
859 5129 1044 5181 οὐκέτι
1074 5127 1298 5180 δύναται
1321 5125 1415 5192 τὴν
1443 5123 1621 5192 ψῆφον
1654 5121 2004 5194 ἀνατρέπειν·

428 5227 644 5292 ε²’ρηται
705 5222 815 5291 γὰρ
863 5220 1004 5291 βιὸλ.
1039 5217 1084 5283 ζ’
1124 5218 1218 5272 τοῦ
1255 5216 1386 5270 κώδ.
1418 5216 1523 5268 τίτ.
1554 5213 1618 5280 ν’,
1648 5215 1788 5268 διάτ.
1822 5213 1892 5279 α’,
1924 5217 2008 5269 ὅτι

427 5312 554 5367 οὔτε
581 5315 681 5385 τὴν
711 5313 846 5367 ἰδίαν
875 5315 1076 5384 ψῆφον,
1103 5310 1230 5364 οὔτε
1273 5309 1373 5379 τὴν
1401 5305 1496 5360 τοῦ
1527 5307 1899 5377 διαλεχθέντος
1923 5307 2008 5360 δύο

429 5406 588 5458 ναταί
621 5422 707 5468 τις
731 5406 1082 5475 ἀνατρέπειν·
1116 5403 1211 5456 καὶ
1248 5401 1388 5470 βιόλ.
1419 5397 1462 5450 θ’
1493 5398 1596 5451 τίτ.
1624 5397 1708 5468 μζ¹
1734 5398 1874 5451 διάτ.
1922 5397 2008 5463 ιε’,

429 5496 512 5550 ὅτι
536 5496 566 5548 ὁ
604 5497 789 5566 ἄρχων
815 5497 916 5566 τὴν
946 5495 1076 5566 παρ’
1121 5493 1290 5548 αὐτοῦ
1343 5490 1671 5561 ἀνατρέπειν
1699 5491 1762 5544 οὐ
1792 5491 2010 5545 δύναται

430 5590 742 5660 ὁρισθεῖσαν
762 5592 975 5658 ποινήν.

515 5680 604 5731 Ἐν
634 5679 692 5732 δὲ
740 5680 819 5750 τῷ
868 5678 948 5750 με’
998 5681 1212 5748 διατάγ.
1250 5679 1342 5732 τοῦ
1374 5677 1420 5732 α’
1473 5678 1580 5733 τίτ.
1617 5678 1712 5731 τοῦ
1745 5676 1833 5748 μβ⁹
1869 5677 2008 5749 βιϐλ.

504 5859 547 5889 “
575 5857 746 5913 Exod.
774 5874 864 5925 xx,
895 5859 985 5924 l2;
1021 5859 1175 5915 Deut.
1200 5858 1382 5924 ν,16;
1417 5856 1606 5912 Matth.
1635 5873 1721 5923 xv,
1749 5857 1800 5913 4.

2111 4683 2218 4722 ιιοιι
2269 4669 2578 4722 excedant:
2611 4669 3071 4738 quemadmodum
3116 4670 3211 4724 lib.
3245 4686 3432 4735 χινιιι,
3484 4671 3567 4724 tit.
3603 4672 3687 4731 19.

2110 4761 2222 4830 dig.
2279 4761 2346 4814 l2
2396 4759 2702 4833 [traditur],
2757 4761 2973 4816 tametsi
3022 4761 3267 4831 ejusdem
3306 4763 3424 4828 lib.,
3486 4763 3566 4817 tit.
3604 4764 3691 4821 16.

2110 4855 2219 4921 dig.
2277 4853 2328 4918 1,
2361 4861 2413 4906 et
2452 4853 2546 4906 lib.
2612 4852 2777 4915 1,,tit.
2824 4853 2876 4916 1,
2913 4851 3111 4922 digest.
3167 4853 3254 4918 15,
3281 4853 3413 4926 [vel]
3457 4856 3696 4909 maxime

2111 4946 2344 5007 dicatur,
2374 4945 2521 5014 quod
2551 4943 2729 5012 judiei
2757 4946 2884 5000 facti
2921 4947 3172 5014 quaastio,
3208 4963 3318 5002 non
3349 4959 3529 5003 autem
3564 4950 3694 5019 legis

2114 5035 2425 5102 persecutio
2453 5034 2746 5089 commissa
2777 5035 2868 5090 sit.
2901 5033 3062 5091 Certe
3091 5037 3310 5106 quidem
3351 5040 3444 5109 qui
3479 5039 3699 5108 judica-

2111 5127 2208 5189 vit,
2261 5125 2588 5180 seutentiam
2637 5137 2887 5181 evertere
2910 5143 3017 5182 non
3047 5137 3247 5198 potest.
3295 5128 3507 5186 Dicitur
3541 5147 3698 5186 nam-

2112 5234 2217 5288 que
2264 5220 2359 5274 lib.
2407 5236 2500 5284 vn,
2551 5219 2674 5272 cod.
2724 5221 2811 5274 tit.
2852 5219 2942 5283 50,
2980 5225 3202 5279 ceustit.
3242 5222 3292 5290 l,
3335 5225 3481 5293 quod
3520 5240 3698 5293 lquttt:

2113 5327 2269 5367 suam
2316 5325 2496 5381 neque
2547 5310 2856 5364 decessoris
2891 5311 2975 5365 sui
3024 5315 3350 5368 sententiam
3407 5317 3694 5383 quisquam

2114 5405 2426 5459 rescindere
2475 5405 2665 5472 possit.
2701 5400 2764 5454 Et
2796 5402 2888 5457 lib.
2929 5418 3002 5467 ts,
3047 5406 3130 5458 tit.
3167 5407 3256 5466 47,
3293 5406 3457 5477 334
3515 5415 3694 5460 const.

2121 5494 2209 5560 15,
2250 5492 2393 5562 quod
2432 5492 2644 5561 praesidi
2697 5505 2913 5559 poenam
2950 5510 3046 5547 sua
3077 5495 3275 5550 dictam
3318 5494 3584 5550 sententia
3612 5511 3691 5546 re-

2122 5599 2315 5638 vorare
2343 5599 2449 5636 non
2482 5583 2660 5637 liceat.

2197 5675 2411 5731 Textus.
2477 5675 2534 5730 In
2587 5677 2780 5747 digest.
2838 5679 2930 5743 45,
2969 5679 3049 5732 tit.
3096 5680 3145 5745 l,
3193 5680 3283 5734 lib.
3312 5696 3443 5744 xui,
3482 5693 3692 5749 mnam
