4156 6508
553 467 658 531 815
1751 471 2011 531 ΡΗΟΤΙΙ
2052 473 2193 534 ΡΑΤ

2140 473 2555 536 .TRIARCH/E
2600 476 2710 537 CP.
3693 484 3781 549 816

544 577 815 633 sententia
850 575 1076 644 dictam,
1104 575 1222 634 sine
1257 579 1544 656 principali
1596 582 1921 637 auctoritate
1955 600 2129 653 neque
2161 594 2185 647 Α

2161 594 2206 647 Α
2236 587 2422 657 φησὶν,
2452 588 2534 640 ὅτι
2563 589 2662 659 τὴν
2690 587 3061 658 ψηφισθεϊσαν
3106 590 3297 662 ποινὴν
3350 593 3531 661 αὔξειν
3556 597 3587 668 ἢ
3617 604 3782 669 μειοῦν

542 669 797 739 ampliari
846 686 1024 741 neque
1066 671 1236 726 minui
1270 687 1433 742 posse
1463 672 1687 727 dicitur.
1722 672 1901 727 Etlib.
1932 690 2123 742 XLVIII,

2237 679 2266 731 ό
2296 681 2479 751 ἄρχων
2516 683 2684 752 χωρὶς
2712 680 3001 751 βασιλικῆς
3026 680 3315 743 αὑθεντίας
3338 686 3397 737 οὑ
3424 686 3677 743 δύναται·
3710 698 3789 747 καὶ

546 775 627 831 ιῖι,
666 761 751 829 l8,
795 760 908 831 dig.
957 764 1007 818 l.
1043 764 1160 818 ait:
1198 762 1255 817 Si
1291 778 1488 817 servus
1541 773 1690 819 metu
1724 764 1792 818 ad
1838 764 2126 820 dominum

2240 769 2381 841 βιόλ.
2441 769 2563 844 μή,
2587 773 2690 825 τίτ.
2745 770 2834 841 ιη’,
2875 772 3013 827 διάτ.
3062 772 3111 827 α’
3162 776 3347 844 φησὶν,
3377 776 3463 829 ὃτι
3488 773 3588 831 ὲάν
3628 782 3788 849 δοῦλος

537 862 850 933 revertendi
918 858 1147 931 [crimen
1197 852 1440 926 aliquod]
1485 853 1539 908 in
1593 870 1652 910 se
1719 855 2014 925 contingat,
2076 867 2131 913 et

2241 863 2575 933 φοϐούμενος
2636 862 2775 933 πρὸς
2827 862 2921 917 τὸν
2971 865 3251 935 Δεσπότην
3286 867 3647 940 ὑποστρέψαι,
3679 877 3789 948 εῐπῃ

541 966 669 1029 post
698 948 1207 1010 condemnationem
1241 960 1305 1000 co
1332 946 1400 1000 de
1432 946 1669 1001 consciis
1708 948 1960 1017 quaesito,
1987 949 2129 1003 veri-

2238 951 2363 1005 καθ’
2394 951 2589 1004 ἑαυτοῦ
2622 951 2900 1017 πλαστῶς,
2930 953 3027 1006 καὶ
3069 934 3215 1023 μετὰί
3240 934 3553 1027 κιιιιιξοιδίκηιιν⁷
3589 934 3789 1029 ἐρωτωῖ

543 1056 631 1102 tas
660 1049 919 1114 appareat
951 1055 963 1089 :
998 1038 1262 1092 liberatur
1300 1049 1486 1105 poena,
1510 1050 1684 1103 eaque
1713 1036 2028 1092 conditione
2056 1052 2128 1093 ne

2240 1044 2402 1115 μένου
2436 1044 2603 1097 αὑτοῦ
2634 1044 2765 1115 περὶ
2786 1044 2897 1098 τῶν
2928 1045 3277 1116 συνιστόρων,
3327 1052 3468 1119 φανῇ
3499 1051 3534 1121 ἡ
3562 1052 3791 1121 ἀλήθεια,

542 1138 612 1191 ad
660 1135 941 1191 dominum
994 1136 1301 1183 revertatur
1344 1141 1374 1180 a
1422 1125 1647 1181 cohorte
1698 1127 2030 1193 direnditur,
2074 1139 2131 1184 et

2238 1136 2618 1206 ἐλευθεροῦται
2646 1134 2748 1205 τῆς
2770 1136 2983 1207 ποινῆς,
3016 1138 3109 1190 καὶ
3138 1138 3225 1190 διὰ
3247 1139 3346 1209 τῆς
3374 1141 3578 1207 τάξεως
3604 1148 3791 1215 πιπρά-

541 1226 779 1299 pretium
826 1220 1049 1278 domino
1097 1219 1280 1273 datur.
1316 1216 1492 1273 Judex
1528 1229 1712 1274 autem
1756 1221 1850 1291 qui
1885 1222 2125 1291 aliquem

2238 1245 2451 1292 σκεται,
2477 1228 2563 1296 ἐφ’
2596 1221 2641 1295 ᾦ
2704 1227 2779 1298 μὴ
2838 1229 3179 1299 ὑποστρέψαι
3213 1230 3349 1300 πρὸς
3381 1233 3471 1285 τὸν
3510 1216 3793 1306 Δεσπότην,

542 1314 822 1374 damnavit
853 1322 1111 1381 tanquam
1143 1319 1379 1375 sontem,
1408 1309 1641 1365 liberare
1670 1311 1938 1367 insontem
1978 1328 2129 1368 com-

2235 1321 2330 1371 καὶ
2357 1318 2418 1370 τὸ
2446 1317 2663 1387 τίμημα
2688 1316 2765 1386 τῷ
2789 1317 3040 1391 Δεσπότῃ
3067 1317 3269 1371 δίδοται
3291 1333 3305 1348 ο
3328 1319 3488 1382 αὑτὸς
3511 1320 3567 1373 δὲ
3594 1324 3623 1374 ό
3643 1339 3795 1376 κατα-

537 1417 755 1480 pertum
789 1421 898 1461 non
927 1413 1129 1476 potest.
1185 1401 1371 1472 Neque
1397 1402 1543 1455 enim
1590 1403 1879 1473 quisquam
1912 1413 2129 1459 senten-

2233 1408 2459 1471 δικάσας
2515 1408 2591 1472 ὡς
2642 1408 2813 1461 αἴτιόν
2876 1425 3034 1471 τινα.
3094 1408 3156 1461 οὑ
3218 1408 3443 1464 δύναται
3494 1411 3798 1484 ἐλευθεροῦν

539 1500 672 1554 tiam
710 1513 868 1553 suam
912 1506 1155 1559 revocat,
1196 1494 1413 1548 etiamsi
1459 1495 1773 1565 pecuniaria
1808 1496 1898 1550 sit.
1928 1497 1986 1549 lu
2020 1496 2127 1550 cri-

2234 1498 2474 1551 ἀναίτιον
2530 1498 2959 1568 εὑρισκόμενον·
3012 1499 3139 1553 οὔτε
3196 1500 3307 1571 γάρ
3358 1518 3442 1565 τις
3466 1502 3564 1572 τὴν
3602 1504 3797 1558 οἰκείαν

539 1592 779 1646 minibus
805 1590 970 1659 igitur
998 1589 1065 1644 dc
1096 1604 1160 1642 eo
1185 1589 1254 1643 ad
1286 1590 1585 1658 principem
1613 1588 1815 1643 referre
1839 1586 2122 1661 [judicem]

2232 1587 2411 1657 ψῆφον
2475 1588 2852 1655 ἀνακαλεῖται,
2912 1589 3018 1643 κᾶν
3072 1592 3392 1664 χρηματικὴ
3443 1593 3551 1664 εἴη.
3614 1594 3797 1651 δεῖοῦν

537 1691 774 1753 oportet.
833 1681 901 1735 Et
933 1681 1129 1752 digest.
1170 1684 1203 1736 9
1234 1691 1286 1735 et
1328 1681 1420 1735 2'7.
1461 1681 1544 1734 tit.
1592 1679 1678 1745 l9,
1726 1680 1969 1749 ejusdem
2027 1680 2123 1735 lib.

2236 1676 2364 1747 περὶ
2426 1674 2617 1730 τούτου
2651 1676 2861 1748 βασιλεῖ
2892 1678 3187 1749 ἀναφέρειν
3218 1679 3310 1731 ἐπὶ
3360 1680 3467 1733 τῶν
3528 1679 3796 1749 ὲγκλημι-

539 1773 774 1829 Decurio
804 1787 980 1842 neque
1008 1772 1063 1825 in
1096 1772 1397 1836 metallum,
1452 1786 1631 1840 neque
1670 1771 1724 1824 in
1759 1786 1896 1840 opus
1921 1770 2124 1824 mctalli

2230 1782 2377 1821 των’
2424 1768 2518 1821 καὶ¹
2549 1767 2688 1822 διάτ.
2743 1766 2809 1833 θ’,
2858 1769 2953 1822 καὶ
2983 1766 3067 1833 κζ’
3108 1769 3203 1822 τοῦ
3248 1768 3313 1822 :0'
3371 1769 3475 1823 τίτ.
3522 1768 3618 1823 τοῦ
3648 1770 3798 1823 αὑτοῦ

537 1866 853 1928 damnatur,
894 1878 993 1919 nec
1035 1862 1203 1918 furcae
1264 1864 1574 1933 subjicitur,
1626 1880 1801 1933 neque
1852 1865 2122 1919 exuritur.

2235 1859 2375 1929 βι6λ.
2438 1860 2522 1915 ὅτι
2590 1860 2883 1931 βουλευτὴς
2942 1860 3067 1914 οὔτε
3128 1862 3207 1925 εἰς
3239 1860 3501 1932 μέταλλον
3532 1903 3547 1928 ,
3588 1862 3799 1923 οὖτεεί;

544 1957 652 2013 Sed
678 1956 897 2012 tametsi
925 1956 1031 2011 tale
1051 1955 1328 2025 quidpiam
1359 1955 1665 2025 judicatum
1697 1955 1788 2020 sit,
1824 1955 2119 2010 liberatur:
2155 1950 2185 2004 li

2156 1950 2197 2004 Β
2226 1950 2388 2023 ἔργον
2449 1953 2713 2023 μετάλλου
2769 1953 3213 2020 καταδικάζεται,
3258 1952 3383 2005 οὔτε
3440 1953 3797 2022 φουλκίζεται,

540 2064 651 2103 nou
710 2045 979 2119 [quidem]
1032 2062 1131 2116 per
1185 2045 1447 2116 judicem,
1501 2046 1594 2101 sed
1647 2062 1741 2114 per
1802 2046 2120 2117 principem,

2227 2043 2354 2097 οὔτε
2416 2047 2655 2110 καίεται,
2719 2045 2835 2098 ἀλλ’
2874 2045 2923 2097 εἰ
2990 2044 3083 2097 καί
3125 2062 3177 2097 τι
3241 2044 3480 2098 τοιοῦτον
3538 2046 3798 2116 ψηφισθῇ,

537 2139 633 2209 qui
689 2138 830 2211 [eam
863 2135 1004 2209 rem]
1033 2136 1259 2192 edoctus
1304 2152 1521 2207 poenam
1553 2149 1647 2192 aut
1689 2147 1983 2207 permutat,
2029 2148 2126 2192 aut

2234 2134 2640 2205 ἐλευθεροῦται,
2675 2136 2737 2189 οὑ
2778 2136 2869 2188 διὰ
2932 2134 3026 2189 τοῦ
3084 2135 3366 2205 ἄρχοντος,
3414 2136 3548 2189 ἀλλά
3578 2135 3667 2189 διὰ
3712 2136 3801 2188 τοῦ

536 2229 772 2285 remittit
801 2265 820 2294 ,
875 2236 930 2284 et
965 2227 1233 2301 praesides
1272 2228 1573 2283 sententias
1613 2244 1740 2283 suas
1764 2243 1871 2282 non
1917 2230 2126 2284 rescin-

2241 2224 2509 2295 βασιλέως
2573 2226 3003 2296 διδασκομένου,
3057 2227 3158 2296 τὴν
3210 2226 3483 2297 τιμωρίαν
3550 2226 3802 2279 ὲναλλάσ·

535 2321 692 2377 dunt.
726 2320 797 2375 Se
825 2329 1006 2375 tamen
1042 2321 1096 2374 in
1126 2334 1184 2375 se
1205 2320 1330 2389 quis
1370 2321 1655 2386 mentitus,
1700 2331 1795 2375 aut
1850 2322 1922 2376 ob
1956 2321 2125 2377 -defe-

2228 2335 2414 2381 σοντος
2488 2318 2522 2389 ἦ
2602 2318 3056 2390 ὲλευθεροῦντος·
3114 2319 3210 2374 καὶ
3274 2320 3322 2372 οἱ
3386 2318 3648 2388 ἄρχοντες
3706 2320 3804 2371 οὑκ

534 2420 683 2467 ctum
708 2410 1148 2465 tcstilicationum
1166 2412 1560 2468 condemnatus
1585 2414 1771 2480 fuerit,
1801 2428 1854 2471 et
1880 2427 2126 2487 postmo-

2224 2411 2592 2481 ἀνατρέπουσι
2627 2411 2727 2475 τάς
2781 2411 2917 2475 ἰδίας
2945 2410 3190 2481 ψήφους·
3223 2411 3270 2463 εί
3310 2411 3493 2480 μέντοι
3547 2429 3636 2474 τις
3686 2409 3803 2465 καθ’

532 2503 667 2559 dum
714 2501 1064 2571 probationes
1111 2516 1233 2571 quae
1273 2502 1452 2572 ipsum
1504 2504 1699 2575 juvent
1747 2507 2119 2572 inveniantur,

2225 2501 2418 2554 ἑαυτοῦ
2469 2501 2833 2571 ψευσάμενος,
2877 2502 2908 2571 ἢ
2966 2501 3173 2572 ἀπορίᾳ
3219 2500 3532 2565 συστάσεως
3579 2501 3803 2554 καταδι-

537 2593 795 2664 princeps
824 2601 920 2648 aut
942 2594 1138 2649 liberat
1162 2609 1290 2649 cum
1349 2604 1447 2649 aut
1476 2610 1695 2665 poenam
1729 2597 1949 2656 minuit.

2225 2592 2424 2661 κασθῇ,
2451 2592 2545 2644 καὶ
2569 2590 2794 2659 ὕστερον
2817 2588 3084 2661 εὑρεθῶσι
3102 2587 3398 2659 βοηθοῦντα
3420 2587 3570 2658 αὑτῷ
3584 2586 3803 2641 δικαιὼ-

2228 2695 2393 2750 ματα,
2458 2680 2487 2731 ὁ
2542 2677 2869 2749 βασιλεὺςῆ
2920 2678 3200 2749 ἐλευθεροί
3249 2677 3480 2749 αὑτδνῆ
3537 2679 3686 2748 μειοῖ
3707 2677 3802 2746 τὴν

2224 2771 2436 2835 ποινήν.

604 2856 823 2921 Teum.
876 2856 1101 2929 [Atque]
1132 2858 1248 2912 haec
1296 2856 1565 2930 [quidem]
1599 2858 1666 2913 de
1696 2858 1953 2927 perfectis
1991 2875 2119 2915 sen-

2291 2861 2475 2914 Ταῦτα
2527 2861 2661 2933 περὶ⁵
2722 2860 3026 2915 αὑτοτελῶν
3059 2863 3274 2933 εἴρηται
3322 2861 3557 2932 ψήφων⁶
3598 2862 3668 2916 τὰ
3695 2861 3801 2931 γὰρ

528 2953 718 3009 tentiis
766 2952 911 3008 dicta
964 2952 1095 3008 sint.
1147 2951 1429 3023 Siquidem
1480 2968 1605 3023 quae
1652 2953 1818 3021 judex
1864 2954 1919 3007 in
1965 2964 2117 3023 parte

2220 2955 2356 3009 κατὰ
2402 2954 2569 3026 μέρος
2628 2954 3045 3025 διαλαλοὺμενα,
3075 2955 3297 3009 δύναται
3334 2956 3364 3009 ό
3395 2955 3663 3023 δικαστὴς
3710 2956 3801 3007 καὶ

529 3043 736 3116 [aliqua
762 3041 977 3114 judicii]
1010 3043 1369 3100 interlocutus
1419 3042 1605 3111 fuerit,
1645 3059 1708 3098 ea
1740 3058 1966 3113 prorsus
2010 3044 2117 3098 tol-

2216 3047 2436 3110 τελείως
2463 3048 2708 3118 ἀναιρεῖν
2742 3048 2836 3101 καὶ
2866 3048 3235 3111 ὲναλλάσσειν,
3262 3046 3335 3111 ὡς
3365 3046 3509 3117 βιὸλ.
3567 3047 3801 3117 μβ’,τίτ.

525 3137 639 3191 lere
669 3142 723 3189 et
748 3136 1041 3189 immutare
1076 3143 1252 3205 potest
1283 3151 1298 3188 :
1334 3135 1793 3204 quemadmodum
1835 3135 1931 3190 lib.
1981 3150 2113 3202 XLII,

2218 3137 2445 3203 α’,διάτ.
2505 3139 2590 3204 ιδ’,
2648 3140 2744 3192 καὶ
2792 3138 2936 3210 βιϐλ.
2993 3135 3171 3202 δ’,τίτ.
3225 3136 3456 3207 η’,διάτ.
3507 3137 3600 3198 :0‘,
3662 3133 3732 3188 κ’·
3776 3138 3804 3187 ὁ

524 3225 615 3281 tit.
664 3224 716 3277 1.
748 3223 946 3294 digest.
1005 3223 1095 3290 14,
1126 3232 1180 3279 et
1203 3224 1297 3279 lib.
1329 3238 1403 3289 IV,
1434 3225 1519 3279 tit.
1545 3224 1599 3288 8,
1633 3225 1831 3295 digest.
1893 3224 1979 3289 l9,
2019 3224 2113 3278 20.

2222 3230 2320 3300 μὲν
2353 3229 2462 3302 γὰρ
2505 3230 2856 3301 διαλαλήσας,
2895 3229 3048 3300 μένει
3084 3229 3346 3298 δικαστής
3374 3244 3390 3259 ·
3423 3229 3451 3281 ό
3473 3227 3530 3281 δὲ
3556 3227 3802 3297 ψηφισά-

524 3312 829 3386 [traditur].
879 3311 950 3367 Et
995 3314 1193 3368 merito
1243 3312 1536 3386 [quidem].
1576 3311 1713 3368 Nam
1753 3314 1845 3383 qui
1886 3304 2165 3369 interlo—(

2163 3303 2184 3363 ἶ
2220 3336 2399 3389 μενος,
2437 3320 2714 3375 πέπαυται
2744 3320 2833 3374 ἐπ’
2860 3319 3008 3390 αὑτῷ
3042 3318 3122 3389 τῷ
3153 3318 3442 3389 πράγματι
3470 3312 3617 3371 εἶναι
3650 3316 3804 3369 δικα-

524 3414 688 3459 cutus
711 3411 817 3467 est,
852 3414 1038 3458 manet
1069 3404 1236 3475 judex
1276 3421 1289 3458 :
1320 3405 1410 3475 qui
1445 3421 1578 3460 vero
1610 3404 1934 3461 sententiam
1952 3405 2112 3471 dixit,

2220 3411 2372 3481 στὴς,
2414 3410 2490 3474 ὡς
2539 3410 2680 3481 βιϐλ.
2736 3411 2922 3483 μ’,τίτ.
2970 3409 3043 3481 η’,
3069 3410 3208 3464 διάτ.
3253 3406 3323 3475 κ’,
3364 3408 3460 3463 καὶ
3516 3407 3666 3480 βιϐλ.
3694 3401 3802 3475 μβ’,

524 3494 579 3549 ἰη
624 3494 815 3550 eadem
862 3493 1001 3566 [illa]
1040 3511 1098 3550 re
1127 3494 1295 3564 judex
1334 3510 1456 3552 esse
1498 3496 1695 3553 desiit:
1729 3505 1787 3552 ut
1820 3497 1915 3553 lib.
1975 3510 2109 3560 XLII,

1073 3511 1098 3550 ε
1127 3494 1295 3564 judex
1334 3510 1456 3552 esse
1498 3496 1695 3553 desiit:
1729 3505 1787 3552 ut
1820 3497 1915 3553 lib.
1975 3510 2109 3560 XLII,
2216 3499 2324 3552 τίτ.
2362 3499 2593 3564 α’,διάτ.
2620 3500 2714 3555 νε’.

524 3588 613 3643 tit.
646 3587 701 3654 l,
738 3585 848 3657 dig.
884 3586 955 3641 5?;
983 3585 1279 3659 [docetur].

1881 3964 2291 4051 ΤΙΤΛΟΣ
2367 3968 2451 4048 I'.

517 4169 679 4224 ΠΕΡΙ
716 4170 1123 4227 ΔΙΟΙΚΗΣΕΩΣ
1179 4169 1796 4226 ΕΚΚΑΗΣΙΑΣἸῚΚΩΝ
1836 4168 2264 4225 ΠΡΑΓΜΑΤΩΝ
2289 4209 2303 4234 ,
2345 4169 2468 4223 ΚΑΙ
2524 4168 2687 4222 ΠΕΡΙ
2726 4167 2863 4223 ΤΩΝ
2902 4168 3137 4223 ῘΔΙΚΩΝ
3190 4167 3329 4221 ΤΟΥ
3367 4163 3805 4221 ΕΠΙΣΚΟΠΟΥ.

1837 4515 2305 4594 TITULUS
2379 4514 2471 4590 X.

650 4680 811 4768 335
842 4696 931 4751 DE
970 4649 1614 4750 ADbﬁl‘ilSTﬁATIONE
1651 4687 2057 4745 ΡΑΤΒΙΜΟΝΙΙ
2096 4684 2640 4755 ECCLESIASTICI,
2664 4684 2751 4741 ET
2781 4685 2869 4742 DE
2900 4684 2994 4740 RE
3026 4683 3317 4742 PROPRIA
3348 4684 3697 4743 EPISCOPI.

553 4869 782 4926 CAPUT
809 4870 860 4942 ,1.
890 4902 959 4912 -
1005 4870 1258 4940 Oportere
1323 4885 1648 4924 mconomum
1706 4868 1770 4921 de
1797 4866 2047 4925 Ecclesia:
2133 4876 2177 4931 ι)

2170 4885 2177 4921 ι
2278 4866 2527 4920 ΚΕΦΑΛ.
2559 4863 2644 4922 A'.
2672 4896 2741 4907 —
2768 4864 2911 4935 Περὶ
2938 4865 3046 4919 τοῦ
3078 4865 3299 4936 χρῆναι
3328 4865 3436 4919 τὸν
3466 4867 3811 4936 οἰκονόμον

1168 4957 1308 5012 clero
1328 4958 1446 5026 ﬁat.
2198 4955 2267 5009 ἐκ
2304 4956 2409 5009 τοῦ
2442 4955 2673 5024 κλήρου
2702 4956 2809 5025 τῆς

2198 4955 2267 5009 ἐκ
2304 4956 2409 5009 τοῦ
2442 4955 2673 5024 κλήρου
2702 4956 2813 5025 τῆς
2856 4957 3223 5023 Ἐκκλησίας
3252 4952 3424 5011 εἶναι.

789 5049 997 5105 Concil.
1026 5050 1467 5106 Chalcedonensis
1493 5065 1663 5104 canon
1722 5047 1811 5103 26.

2452 5048 2725 5103 Συνόδου
2753 5049 3142 5118 Χαλκηδόνος
3173 5048 3375 5103 κανὼν
3408 5054 3522 5114 κςῆ

578 5140 669 5195 QG.
708 5140 981 5208 Quoniam
1042 5141 1098 5194 in
1130 5141 1411 5195 nonnullis
1441 5138 1723 5205 Ecclesiis,
1779 5146 1837 5191 ut
1864 5152 2007 5208 saepe
2061 5154 2091 5192 a

2266 5138 2380 5205 κς’.
2442 5139 2662 5210 Ἐπειδὴ
2725 5141 2782 5192 ἑν
2821 5156 2964 5193 τισιν
2991 5140 3357 5211 Ἐκκλησίαις,
3397 5141 3473 5204 ὼς
3513 5142 3809 5212 περιηχήο

506 5234 665 5289 nobis
725 5233 973 5287 auditum
1026 5242 1130 5298 est,
1189 5234 1429 5303 episcopi
1461 5242 1627 5303 atque
1667 5232 1941 5288 meonomi
1984 5244 2092 5285 tra—

2192 5232 2390 5302 θημεν,
2431 5231 2553 5304 δίχα
2603 5232 2905 5302 οἰκονόμων
2961 5231 3010 5284 οἱ
3044 5231 3331 5285 ἐπίσκοποι
3374 5233 3449 5286 τὰ
3487 5234 3809 5304 ἐκκλησια-

505 5334 656 5381 ctant
706 5341 794 5381 res
841 5324 1265 5389 ecclesiasticas,
1298 5326 1747 5396 placuitomnem
1790 5323 2088 5379 Ecclesiam

2200 5325 2362 5379 στικά
2423 5324 2723 5395 χειρίζουσι
2764 5324 3087 5395 πράγματα,
3118 5324 3266 5389 εδοξε
3304 5325 3488 5377 πᾶσαν
3555 5325 3809 5394 Ἐκκλη⁶

503 5418 825 5487 episcopum
882 5416 1198 5484 habentem,
1257 5433 1321 5472 ex
1377 5418 1600 5487 proprio
1658 5417 1830 5482 clero,
1866 5431 2089 5472 oecono-

2200 5416 2321 5469 σίαν
2352 5417 2654 5469 ἐπίσκοπον
2682 5415 2935 5485 ἔχουσαν,
2972 5416 3066 5468 καὶ
3096 5415 3382 5487 οίκονόμον
3414 5414 3568 5483 ἔχειν
3604 5417 3678 5469 ὲκ
3707 5415 3804 5469 τοῦ

501 5523 653 5564 mum
688 5507 913 5574 habere,
981 5515 1041 5562 ut
1074 5506 1191 5562 sine
1225 5508 1454 5564 testibus
1501 5509 1574 5565 sit
1606 5507 1872 5564 Ecclesiae
1905 5508 2082 5564 admi-

2199 5504 2331 5557 ἰδίου
2359 5504 2587 5576 κλήρου,
2619 5504 3011 5575 οἰκονομοῦντα
3050 5505 3119 5559 τὰ
3167 5505 3613 5575 ὲκκλησιαστικὰ
3656 5503 3808 5560 κατά

500 5600 777 5664 nistratio,
818 5614 922 5654 nec
987 5598 1109 5654 ideo
1146 5614 1235 5655 res
1264 5600 1385 5670 ejus
1438 5600 1803 5670 dissipentur,
1861 5609 1915 5654 et
1962 5615 2083 5669 pro-

2192 5596 2419 5667 γνώμην
2475 5598 2570 5649 τοῦ
2636 5597 2767 5649 ἰδίου
2799 5597 3100 5649 ἐπισκόπου
3139 5612 3151 5624 ·
3177 5597 3317 5649 ὥστε
3352 5597 3427 5666 μὴ
3458 5598 3804 5666 ἀμάρτυρον

498 5691 657 5746 brum
686 5706 752 5745 ac
771 5691 1007 5747 dedecus
1032 5693 1344 5748 sacerdotio
1382 5693 1655 5748 inuratur.
1694 5692 1750 5747 Si
1777 5703 1956 5747 autem
1982 5694 2083 5747 hoc

2192 5683 2467 5759 εἶναιτὴν
2522 5688 2837 5759 οἰκονομίαν
2882 5687 2982 5759 τῆς
3048 5688 3398 5759 Ἐκκλησίας,
3431 5689 3530 5741 καὶ
3579 5692 3655 5743 ὲκ
3678 5689 3803 5743 τοὺ·

500 5797 608 5835 non
640 5780 851 5847 fecerit,
903 5799 1029 5839 eum
1065 5784 1265 5839 divinis
1315 5784 1480 5839 etiam
1533 5784 1836 5839 canonibus
1860 5783 2081 5853 subjici.

2190 5800 2287 5836 του
2308 5783 2778 5856 σκορπίζεσθαιτὰ
2804 5786 2900 5857 τῆς
2919 5786 3087 5855 αὑτῆς
3103 5784 3431 5853 Ἐκκλησίας
3446 5787 3802 5855 πράγματα,

499 5876 593 5928 κοιλ⁸
659 5874 926 5945 λοιδορίαν
965 5882 1031 5949 τῇ
1086 5879 1356 5951 ἱερωσύνῃ
1408 5878 1835 5951 προστρίόεσθαι
1871 5894 1883 5909 ’
1919 5879 1967 5931 εἰ
1998 5878 2054 5931 δὲ
2092 5878 2166 5949 μὴ
2199 5877 2356 5931 τοῦτο
2404 5881 2555 5949 ποιῇ,
2590 5880 2911 5935 ὑποκεῖσθαι
2941 5879 3104 5934 αὑτὸν
3143 5881 3255 5941 τοῖς
3304 5877 3467 5939 θείοις
3532 5881 3801 5936 κανόσιν.
