4156 6430
432 451 537 512 817

678 554 948 611 Συνόδου
975 551 1223 617 Νικαίας
1255 553 1322 605 τὸ
1342 551 1424 617 β’,
1446 551 1648 606 κανὼν
1680 552 1767 607 ια’.

507 650 634 703 Ὀτι
661 646 757 701 δεῖ
768 646 1120 713 οἰκονόμους
1151 640 1304 697 εἶναι
1342 644 1411 696 ὲν
1438 643 1562 710 τοῖς
1604 644 2010 712 ἐπισκοπείοις

434 742 530 794 καὶ
561 739 683 804 τοῖς
707 737 1156 806 μοναστηριόις.

507 830 593 885 ια’.
636 830 924 899 ’Υπόχρεοι
954 827 1107 890 ὄντες
1156 828 1367 892 πάντας
1386 829 1512 892 τοὺς
1543 827 1723 890 θείους
1779 828 2011 891 κανόνας

432 922 744 990 φυλάττειν,
779 918 987 973 καὶτὸν
1015 918 1244 985 λέγοντα
1270 920 1589 989 οἰκονόμους
1620 915 1760 972 εἶναι
1792 921 1849 972 ὲν
1880 919 2011 972 ἑκά-

435 1029 533 1086 στῃ
561 1012 878 1083 Ἐκκλησία,
898 1012 1061 1065 παντὶ
1092 1012 1279 1083 τρόπῳ
1298 1012 1695 1082 ἁπαράτρωτον
1731 1012 2009 1082 διατηρεῖν

432 1102 719 1171 ὀφείλομεν
746 1120 760 1133 ·
798 1102 891 1154 καὶ
921 1104 968 1154 εἰ
996 1100 1095 1172 μὲν
1137 1101 1367 1164 ἕκαστος
1398 1102 1801 1171 μητροπολίτης
1834 1104 1892 1155 ὲν
1938 1104 2006 1172 τῇ

446 1191 742 1265 Ἐκκλησία
766 1193 930 1246 αὑτοῦ
966 1194 1195 1264 καθιστᾷ
1220 1194 1524 1263 οἰκονόμον,
1558 1193 1738 1258 καλῶς
1762 1192 1829 1247 ἂν
1854 1193 1967 1265 ἔχοι
1991 1210 2004 1224 ·

432 1286 485 1337 εἰ
516 1284 570 1337 δὲ
610 1285 683 1355 μή
719 1302 803 1353 γε,
836 1284 895 1350 ἐξ
944 1284 1230 1349 αύθεντίας
1266 1285 1400 1349 ἰδίας
1444 1285 1521 1355 τῷ
1566 1287 2008 1341 Κωνσταντινου-

434 1376 643 1438 πόλεως
671 1378 955 1447 ὲπισκόπῳ
989 1377 1143 1431 ἅδειά
1171 1379 1285 1430 ἐστι
1304 1377 1752 1449 προχειρίζεσθαι
1798 1380 2006 1432 οἰκονό-

433 1485 534 1531 μον
549 1468 607 1520 ὲν
626 1470 691 1539 τῇ
719 1467 885 1531 αὐτοῦ
917 1468 1215 1539 Ἐκκλησία
1230 1486 1243 1499 -
1264 1468 1526 1532 ὡσαύτως
1553 1469 1649 1522 καὶ
1664 1474 1777 1533 τοῖς
1801 1488 2008 1542 μητρο-

432 1559 702 1623 πολίταις,
734 1561 782 1611 εἰ
816 1560 865 1613 οἰ
894 1560 987 1612 ὑπ’
1019 1559 1214 1622 αὐτοὺς
1248 1560 1538 1612 ἐπίσκοποι
1565 1561 1625 1612 ού
1660 1561 2003 1632 προαιροῦν-

432 1651 848 1722 ταιοίκονόμους
872 1655 1280 1723 ἐγκαταστῆσαι
1306 1652 1362 1703 ὲν
1377 1654 1495 1716 ταῖς
1520 1652 1731 1705 ἑαυτῶν
1770 1653 2006 1723 Ἐκκλη-

432 1742 575 1805 σὶαις
610 1759 624 1772 °
649 1742 710 1796 τὸ
726 1743 857 1796 αὐτὸ
881 1743 937 1796 δὲ
965 1743 1325 1812 φυλάττεσθαι
1348 1746 1441 1796 καὶ
1476 1744 1569 1797 ἐπὶ
1599 1744 1710 1797 τῶν
1738 1761 2007 1816 μοναστη-

436 1834 594 1905 ρίων.

536 1925 830 1993 Θεοφίλου
855 1925 921 1979 ἐκ
953 1925 1059 1979 τοῦ
1094 1924 1575 1996 Ὑπομνηστικοῦ
1594 1928 1796 1983 κανὼν
1824 1928 1892 1985 θ’.

502 2013 569 2069 θ’.
602 2016 764 2069 Ὥστε
795 2016 988 2092 γνώμῃ
1033 2018 1234 2083 παντὸς
1271 2018 1365 2072 τοῦ
1395 2020 1686 2090 ἰερατείου,
1721 2022 2006 2092 οἰκονόμον

428 2107 817 2177 ἀποδειχθῆναι
850 2109 1058 2180 ἕτερον,
1092 2110 1177 2179 ἐφ’
1197 2104 1241 2179 ᾧ
1274 2111 1585 2166 συντίθεται
1612 2114 1751 2166 καὶὸ
1779 2113 2008 2168 ἐπίσκο-

429 2215 531 2261 πος
573 2199 866 2264 Ἀπόλλων,
907 2201 1044 2272 πρδς
1070 2201 1130 2256 τὸ
1158 2203 1229 2267 τά
1266 2206 1365 2275 τῇς
1400 2203 1730 2277 Ἐκκλησίας
1758 2208 1840 2270 εἰς
1885 2206 2005 2260 δέον

426 2291 844 2347 ἀναλίσκεσθαι.

508 2382 574 2435 Ἦ
607 2382 684 2453 λβ¹
713 2383 857 2439 διάτ.
899 2384 993 2439 τοῦ
1033 2384 1081 2454 γ’
1139 2387 1247 2441 τίτ.
1292 2387 1387 2440 τοῦ
1448 2385 1497 2441 α’
1546 2388 1687 2458 βιὸλ.
1724 2390 1816 2443 τοῦ
1872 2391 2001 2447 κῶδ.

425 2473 575 2542 λέγει
599 2476 690 2529 τὸν
712 2477 993 2547 οἰκονόμον
1035 2479 1232 2549 χρῆναι
1285 2480 1436 2550 παρά
1467 2480 1560 2533 τοῦ
1590 2483 1887 2537 ἐπισκόπου
1919 2486 2005 2552 γί-

425 2568 612 2621 νεσθαι
633 2584 645 2597 ·
676 2570 770 2622 καὶ
800 2571 833 2641 ἡ
858 2578 947 2640 μα’
976 2571 1119 2625 διάτ.
1150 2573 1244 2625 τοῦ
1273 2572 1438 2625 αὐτοῦ
1468 2574 1574 2627 τίτ.
1600 2575 1840 2628 ὄτικατά
1864 2576 2008 2629 δοκι-

429 2661 635 2730 μασίαν
663 2661 872 2731 γίνεται
903 2679 916 2694 °
952 2665 985 2735 ἡ
1009 2664 1064 2717 δὲ
1087 2663 1161 2718 κδ’
1192 2665 1287 2719 τοῦ
1313 2663 1357 2735 β’
1384 2666 1488 2720 τίτ.
1513 2666 1595 2719 ὃτι
1624 2666 1705 2719 δεῖ
1726 2668 1852 2729 τοὺς
1866 2668 2011 2722 οἰκο-

423 2753 626 2821 νόμους
678 2755 821 2808 κατά
857 2756 1000 2826 μῆνα
1029 2756 1062 2827 ἢ
1094 2756 1157 2810 τὸ
1207 2758 1474 2828 μήκιστον
1531 2757 1670 2827 ὑπὲρ
1702 2757 1814 2822 δύο,
1851 2758 2009 2827 λογο-

425 2847 602 2898 ποιεῖν
636 2845 775 2917 πρδς
812 2850 937 2912 τοὺς
984 2848 1304 2919 άρκαρίους,
1329 2850 1451 2902 ἐπεὶ
1490 2849 1881 2914 κινδυνεύουσι,
1913 2852 2009 2906 καὶ⁸

426 2936 513 2988 ὅτι
544 2935 774 3001 ἕκαστος
809 2938 908 3008 μὲν
955 2939 1241 3007 οἰκονόμος
1291 2941 1448 3011 ζητεῖ
1468 2942 1533 2994 τὰ
1565 2942 1662 3010 τῆς
1693 2941 1785 3011 ὑφ’
1815 2942 2008 2998 ἑαυτὸν

427 3026 769 3095 διοικήσεως,
802 3028 850 3081 οἰ
904 3028 961 3082 δὲ
1009 3029 1187 3083 λοιποὶ¹
1233 3033 1375 3085 κατὰ
1418 3032 1716 3103 πρόσταξιν
1760 3033 2009 3105 ἄγραφον

428 3114 526 3168 τοῦ
558 3118 898 3187 πατριάρχου
927 3121 1038 3182 τοῖς
1053 3119 1334 3189 λογισμοῖς
1370 3121 1772 3194 ὑπογράφουσι,
1810 3124 1872 3177 τὸ
1909 3126 2006 3178 άν-

432 3206 614 3301 έγνων-
636 3222 652 3239 ο
693 3208 787 3261 καὶ
839 3207 901 3301 τδ
956 3210 1127 3301 χωρὶς
1155 3210 1255 3278 τῆς
1288 3211 1541 3282 τοιαύτης
1570 3216 2004 3285 παρατηρήσεως
2036 3240 2082 3301 C

431 3296 798 3367 λογιζόμενον,
828 3298 1041 3352 οῐκοθεν
1069 3300 1118 3352 οἰ
1146 3301 1420 3372 οἰκονόμοι
1446 3302 1650 3356 διδόασι
1681 3319 1695 3333 ·
1728 3305 1875 3376 καὶὴ
1917 3305 2008 3377 μα’

431 3390 530 3443 τοῦ
550 3390 718 3459 γ’τίτ.
744 3392 826 3446 ὅτι
848 3393 965 3446 κατ’
983 3393 1228 3448 ἐνιαυτὸν
1268 3395 1297 3446 ὁ
1318 3395 1604 3465 οἰκονόμος
1653 3397 2015 3466 παρατίθεται

432 3482 591 3551 λόγον
613 3483 715 3553 τῆς
743 3485 909 3539 αὐτοῦ
948 3484 1266 3557 διοικήσεως
1293 3485 1371 3556 τῷ
1406 3488 1715 3559 ὲπισκόπῳ,
1759 3492 1855 3542 καὶ
1876 3491 2015 3543 άπο-

433 3574 651 3628 δίδωσιν
679 3576 732 3628 εἰ
761 3593 814 3628 τι
841 3580 983 3648 φανῇ
1025 3576 1232 3647 βλάψας
1266 3577 1298 3648 ἢ
1334 3578 1603 3649 κερδήσας
1625 3597 1638 3611 ·
1669 3583 1717 3634 εἰ
1751 3582 1807 3635 δὲ
1832 3584 2017 3639 τελευ-

433 3668 593 3738 τήσει
620 3668 726 3739 πρὸ
751 3668 857 3722 τῶν
884 3670 1181 3738 λογισμῶν,
1215 3671 1532 3724 ὑπόκεινται
1572 3674 1781 3737 τούτοις
1805 3676 1852 3727 οἰ
1884 3674 2018 3747 κλη-

440 3759 657 3831 ρονόμοι
703 3761 868 3813 αὑτοῦ
896 3777 909 3790 ·
945 3761 1230 3815 ὑπόκειται
1277 3761 1387 3831 γὰρ
1442 3763 1536 3815 καὶ
1567 3764 1674 3817 ἀπὸ
1723 3765 2015 3836 ῥᾳθυμίας,

435 3854 535 3907 καὶ
574 3854 669 3906 ὲάν
698 3853 924 3926 ἀπόροις
958 3852 1224 3907 ἐκδώσει·
1264 3856 1297 3925 ἡ
1331 3856 1386 3909 δὲ
1412 3854 1456 3926 β’
1486 3856 1626 3911 διάτ.
1675 3858 1770 3911 τοῦ
1801 3858 1845 3927 β’
1907 3860 2013 3916 τὶτ.

436 3944 546 3997 τῶν
574 3945 827 4015 Νεαρῶν,
856 3945 1191 4015 ἀπαγορεύει
1233 3948 1347 4010 τοῖς
1367 3949 1694 4019 οἰκονόμοις.
1725 3952 1820 4005 καὶ
1843 3953 2019 4023 ὀρφα-

437 4039 740 4108 νοτρόφοις,
771 4039 865 4093 καὶ
886 4039 1185 4110 διοικηταῖς
1213 4042 1322 4093 τῶν
1350 4040 1555 4094 λοιπῶν
1587 4043 1803 4112 εύαγῶν
1830 4047 2016 4113 οἴκων,

439 4130 521 4183 ἔτι
556 4130 661 4201 μὴν
691 4132 784 4185 καὶ
812 4134 922 4195 τοῖς
941 4132 1159 4186 πάντων
1174 4133 1612 4203 χαρτουλαρίοις,
1645 4136 1736 4189 καὶ
1762 4140 1873 4200 τοῖς
1892 4139 2017 4192 τού-

437 4240 549 4277 των
591 4223 810 4292 γονεῦσι
854 4226 949 4278 καὶ
978 4225 1157 4289 παισὶ,
1194 4223 1432 4288 καὶτοῖς
1475 4228 1614 4279 κατὰ
1666 4228 1820 4294 γένος
1854 4229 1886 4299 ἢ
1915 4231 2020 4299 γά-

443 4330 543 4381 μον
570 4314 752 4376 αύτοῖς
785 4316 1231 4385 συναπτομένοις,
1269 4314 1650 4384 ὲμςρυτεύσεις,
1688 4318 1784 4370 καὶ
1816 4319 2020 4388 μισθὼο

440 4422 577 4468 σεις,
612 4405 706 4457 καὶ
728 4405 1008 4476 ὑποθήκας
1023 4405 1365 4475 πραγμάτων
1396 4405 1503 4459 τῶν
1530 4407 1745 4474 εὐαγῶν
1774 4407 1959 4471 οἴκων,
1985 4411 2017 4481 ἦ

437 4496 507 4549 δι’
554 4496 856 4567 ὲαυτῶν,ἢ
917 4496 1005 4549 διὰ
1053 4496 1403 4566 παρενθέτων
1439 4497 1750 4567 προσώ..ων
1804 4499 2018 4569 λαμϐά-

1252 446 1656 506 SYNTAGMA
1692 446 2082 507 CANONUM.
2112 470 2180 482 -
2210 444 2358 505 ΤΙΤ.
2390 446 2464 517 Χ,
2499 444 2662 504 CAP.
2703 443 2753 514 I,
2800 443 2879 505 Π.

2044 552 2092 611 Α

3588 436 3693 501 818

2457 550 2688 605 Conciliu'
2734 548 2944 602 Nicrrm'
2972 566 3007 602 ll
3040 568 3206 605 canon
3240 551 3327 605 Η.

2191 646 2405 709 Oportet
2443 658 2738 697 meouomos
2764 658 2872 698 esse
2916 646 2968 698 in
3012 645 3289 712 episcopiis
3332 652 3379 696 et
3420 644 3471 697 in
3511 662 3687 699 mona-

2118 735 2317 789 steriis.

2193 829 2283 880 11.
2342 825 2477 881 Cum
2511 844 2701 882 omnes
2737 828 2781 859 ⁷¹
2812 826 3025 882 divinos
3070 843 3309 883 canones
3360 843 3579 883 servare
3624 839 3699 881 le-

2117 934 2367 983 neamur,
2406 934 2532 973 eum
2574 934 2816 989 quoque,
2864 920 2958 989 qui
3006 920 3161 990 jubet
3219 933 3537 975 (economos
3577 934 3701 974 esse

2116 1012 2170 1066 in
2200 1010 2435 1080 singulis
2468 1010 2746 1073 Ecclesiis,
2797 1011 3024 1065 illzesum
3066 1010 3293 1065 omnino
3338 1025 3557 1065 servare
3601 1010 3697 1065 de-

2116 1101 2329 1157 bemus.
2364 1100 2432 1156 Et
2475 1102 2521 1156 si
2552 1102 2772 1168 quidem
2806 1102 3187 1172 unusquisque
3217 1100 3382 1172 336
3420 1110 3699 1170 metropo-

2116 1194 2318 1249 litanus
2339 1194 2393 1248 in
2422 1210 2521 1250 sua
2556 1193 2801 1249 Ecclesia
2844 1209 3189 1249 oeconomum
3225 1193 3529 1257 constituit,
3560 1192 3700 1247 bene

2116 1286 2322 1342 habet:
2385 1287 2468 1343 sin
2531 1288 2737 1351 minus,
2786 1286 3395 1357 Constantinopolitano
3439 1286 3698 1355 episc0po

2116 1378 2339 1448 speciali
2376 1378 2706 1432 auctoritate
2753 1377 2936 1432 licebit
2966 1393 3310 1432 meonomutn
3344 1379 3396 1430 in
3432 1376 3554 1445 ejus
3597 1376 3699 1429 Ec—

2115 1467 2282 1523 clesia
2324 1468 2617 1537 praeﬁcere.
2653 1467 2919 1522 Similiter
2949 1477 3001 1522 et
3037 1469 3496 1537 metmpolitanis,
3531 1466 3576 1521 si
3604 1466 3698 1536 qui

2115 1560 2196 1614 eis
2226 1560 2461 1614 subsunt
2492 1559 2760 1628 episcopi,
2803 1559 2979 1614 nolint
3027 1559 3081 1613 in
3115 1560 3233 1614 suis
3258 1558 3518 1614 Ecclesiis
3546 1572 3698 1613 (eco-

2116 1666 2309 1708 nomos
2330 1651 2688 1708 constituere.
2730 1650 2844 1707 lloc
2873 1652 3053 1722 ipsum
3090 1662 3271 1706 autem
3298 1650 3507 1707 servari
3531 1650 3693 1705 etiam

2115 1743 2169 1798 in
2244 1745 2613 1801 monasteriis.

2354 1914 2625 1984 Theophili
2657 1928 2723 1967 ea:
2753 1911 3172 1969 Commonitorio
3222 1927 3392 1965 canon
3425 1916 3481 1966 ι).

2181 2006 2234 2062 9.
2271 2002 2345 2061 Ut
2383 2005 2551 2060 totius
2590 2002 2948 2059 sacerdotalis
2993 2002 3206 2057 ordinis
3240 1999 3510 2056 sententia
3555 1995 3695 2053 alius

2110 2097 2457 2153 renuntietur
2490 2109 2843 2159 meonomus,
2879 2094 2933 2147 in
2964 2108 3075 2163 quo
3105 2092 3298 2163 Apollo
3332 2105 3551 2161 quoque
3575 2089 3693 2160 epi-

2107 2202 2309 2259 sc0pus
2326 2186 2626 2249 consensit,
2654 2194 2716 2241 ut
2737 2185 2878 2239 bona
2910 2183 3168 2239 Ecclesiae
3198 2184 3252 2238 in
3288 2198 3353 2237 ea
3380 2198 3500 2239 quae
3532 2194 3697 2252 opor-

2106 2289 2184 2335 tet
2218 2279 2628 2348 impendantur.

2179 2373 2396 2427 Tactus.
2430 2371 2621 2427 Const.
2658 2370 2749 2434 52,
2777 2370 2860 2424 tit.
2897 2370 2952 2433 5,
2982 2369 3076 2423 lib.
3116 2384 3155 2433 ι,
3184 2368 3310 2424 cod.
3343 2382 3693 2425 meonomurn

2109 2464 2177 2518 ab
2216 2464 2473 2532 episcopo
2508 2462 2621 2516 ﬁeri
2653 2470 2904 2531 oportere
2947 2460 3101 2515 dicit.
3136 2461 3202 2515 Et
3231 2470 3410 2515 const.
3444 2461 3504 2513 41
3547 2460 3697 2527 ejus-

2108 2555 2230 2607 dem
2262 2554 2344 2608 tit.
2371 2568 2467 2623 per
2490 2551 2927 2621 explorationem
3056 2547 3196 2608 ﬁeri.
3225 2558 3241 2571 '
3293 2546 3482 2603 Const.
3575 2546 3646 2601 24
3670 2586 3687 2611 ,

2116 2642 2202 2698 tit.
2258 2638 2329 2701 ‘2.
2432 2645 2578 2711 quod
2628 2652 2878 2713 oporteat
2911 2655 3235 2696 meonomus
3288 2640 3557 2709 singulis,
3608 2639 3696 2693 vel

2110 2748 2390 2789 summum
2429 2734 2657 2789 alternis
2692 2734 2973 2788 mensibus
2995 2732 3140 2802 apud
3172 2731 3696 2789 arcarios.rationes

2109 2825 2425 2891 coniicere,
2478 2825 2683 2895 alioqui
2741 2824 3060 2893 periclitari.
3119 2823 3220 2888 Et,
3276 2821 3423 2892 quod
3461 2820 3697 2891 quisque

2112 2932 2435 2974 oeconomus
2460 2928 2672 2989 quaerat
2700 2934 2822 2988 qua:
2856 2933 2967 2972 suae
2996 2916 3490 2971 administrationis
3521 2924 3650 2970 sunt
3680 2931 3694 2967 :

2110 3009 2308 3080 reliqui
2347 3023 2479 3063 vero
2529 3008 2830 3065 secundum
2870 3008 3179 3078 iussionem
3227 3007 3553 3077 patriarchae
3584 3021 3697 3060 non

2116 3103 2381 3171 scriptam
2416 3102 2759 3165 rationibus,
2809 3099 3200 3166 subseribant,
3258 3100 3359 3169 legi
3394 3117 3407 3153 :
3439 3098 3700 3169 quodque

2120 3194 2255 3250 citra
2290 3194 2434 3250 hanc
2463 3194 2900 3249 observationem
2929 3192 2982 3246 in
3016 3193 3286 3248 rationem
3310 3191 3617 3257 deducitur,
3645 3191 3699 3245 id

2121 3288 2191 3343 de
2224 3304 2327 3343 suo
2357 3288 2628 3343 meonomi
2712 3276 2863 3335 dent.
2940 3277 3010 3335 Et
3078 3280 3186 3347 41,
3262 3282 3347 3338 tit.
3421 3285 3493 3353 5,
3552 3283 3701 3353 quod

2122 3379 2357 3448 singulis
2381 3394 2452 3448 qu
2472 3379 2685 3448 busque
2707 3378 2868 3432 annis
2895 3392 3213 3431 oeconomus
3237 3375 3480 3431 rationes
3512 3376 3702 3430 reddat

2121 3476 2334 3525 tractus
2366 3470 2448 3525 sui
2476 3470 2754 3539 episcopo,
2788 3477 2843 3523 et
2871 3468 3148 3531 restituat,
3182 3467 3228 3521 si
3259 3468 3407 3537 quod
3438 3467 3699 3521 damnum

2123 3560 2364 3629 dedisse,
2401 3572 2493 3617 aut
2520 3562 2733 3617 lucrum
2761 3559 2958 3615 fecisse
3004 3558 3274 3613 videatur.
3329 3556 3387 3611 Si
3418 3572 3548 3611 vero
3578 3567 3705 3612 ante

2126 3651 2417 3726 [redditas]
2456 3654 2695 3708 rationes
2735 3652 3025 3716 moriatur,
3056 3649 3165 3704 illis
3191 3650 3434 3704 literetles
3462 3648 3583 3717 ejus
3621 3655 3703 3702 te-

2126 3746 2265 3801 neri.
2306 3745 2505 3800 Teneri
2532 3746 2677 3800 enim
2720 3744 2789 3799 ob
2817 3743 3236 3815 negligentiam,
3281 3750 3377 3797 aut
3430 3742 3474 3796 si
3525 3740 3702 3814 [quid]

2126 3838 2193 3894 iis
2226 3838 2319 3908 qui
2352 3838 2616 3892 solvendo
2636 3851 2743 3891 non
2763 3846 2889 3892 sunt
2906 3834 3224 3890 elocaverit.
3246 3833 3415 3887 Porro
3440 3832 3476 3885 Ξ
3500 3837 3701 3894 const.,

2126 3931 2212 3985 tit.
2250 3947 2265 3984 ι
2318 3929 2697 3993 Novellarum,
2736 3927 3012 3983 interdicit
3043 3925 3369 3992 meonomis,
3417 3935 3471 3978 et
3501 3924 3706 3993 orpha-

2127 4020 2452 4088 notrOpliis,
2508 4031 2562 4074 et
2595 4019 2929 4087 reliquarum
2988 4017 3381 4072 venerabilium
3439 4015 3704 4069 domuum

2125 4107 2639 4178 dispensatoribus,
2705 4120 2869 4178 atque
2939 4107 3163 4176 insuper
3252 4120 3707 4175 quarumcunque

2128 4199 2441 4272 [domuum]
2468 4198 2843 4262 chartulariis,
2876 4206 2931 4253 et
2968 4198 3165 4252 horum
3195 4195 3515 4267 parentibus
3543 4196 3706 4250 simul

2126 4305 2181 4349 et
2211 4295 2414 4359 liberis,
2441 4303 2495 4349 et
2524 4294 2647 4349 aliis
2676 4292 2837 4363 337
2872 4308 3073 4363 genere
3120 4292 3255 4361 ipsis
3308 4298 3401 4344 aut
3445 4289 3707 4344 aﬂinitate

2127 4386 2459 4454 conjunctis,
2496 4401 2565 4440 ne
2586 4385 2992 4454 empbyteuscs,
3023 4392 3117 4437 aut
3147 4382 3467 4445 locationes,
3496 4391 3588 4435 aut
3619 4382 3705 4452 hy-

2128 4479 2389 4546 potliecas
2414 4492 2596 4531 rerum
2631 4476 3035 4530 venerabilibus
3081 4476 3334 4530 domibus
3356 4474 3706 4547 {competen-

438 4603 553 4640 νειν
586 4603 599 4617 ·
640 4587 761 4639 ἐπεὶ
786 4566 879 4639 καὶ
922 4586 983 4639 τὸ
1003 4585 1352 4656 συνάλλαγμα
1386 4566 1709 4657 ἀκυροῦται,
1741 4590 1834 4641 καὶ
1866 4566 2018 4643 πᾶσα

2128 4569 2286 4641 tium]
2317 4570 2397 4623 vel
2429 4585 2525 4638 per
2542 4584 2600 4623 se
2632 4568 2716 4622 vel
2742 4583 2836 4637 per
2861 4568 3210 4638 interpositas
3237 4582 3501 4638 personas
3532 4566 3707 4620 susci-

437 4680 474 4748 ὴ
512 4678 800 4748 περιουσία
836 4678 946 4730 τῶν
979 4678 1280 4748 οἰκονόμων
1310 4681 1404 4732 καὶ
1462 4680 1873 4751 χαρτουλαρίων
1919 4681 2015 4735 καὶ

438 4769 727 4839 διοικητῶν
749 4764 827 4832 οἷς
856 4769 998 4822 κατά
1023 4769 1113 4822 τὸν
1134 4769 1427 4839 εἰρημένον
1448 4770 1648 4841 τρόπον
1710 4771 2015 4826 συνάπτον-

434 4878 549 4926 ται,
575 4863 654 4925 εἰς
682 4863 773 4915 τὸν
803 4862 978 4932 εὐαγῆ
1006 4856 1172 4926 οἶκον,
1210 4860 1271 4926 ἐξ
1311 4852 1373 4913 οὗ
1428 4862 1489 4914 τὸ
1542 4864 1773 4933 πρᾶγμα
1807 4864 2021 4934 λαμὸά-

436 4970 614 5021 νουσι,
643 4955 994 5026 περιέρχεται
1026 4953 1162 5024 μετὰ
1192 4954 1290 5023 τὴν
1316 4953 1497 5007 αὐτῶν
1521 4954 1797 5026 τελευτήν.

509 5222 765 5275 ΚΕΦΑΛ.
798 5220 873 5274 B'.
911 5249 981 5262 -—
1012 5220 1151 5288 Περί
1211 5219 1566 5287 διοικήσεως
1588 5217 1706 5273 τῶν
1732 5218 2020 5288 ἐκκλησι-

438 5312 709 5369 αστικῶν
733 5312 1116 5382 πραγμάτων.
1202 5322 1207 5327 ’

735 5405 1112 5461 Ἀποστόλων
1144 5403 1346 5461 κανὼν
1370 5404 1474 5475 λη’,
1514 5410 1587 5475 μ’,
1623 5410 1735 5474 μα’.

510 5504 612 5574 λη’.
644 5502 870 5557 Πάντων
918 5500 1026 5552 τῶν
1077 5497 1546 5569 ὲκκλησιαστικῶν
1597 5498 1938 5569 πραγμάτων
1989 5498 2019 5550 ὁ

437 5596 735 5657 ἐπίσκοπος
776 5594 946 5664 ἐχέτω
989 5594 1090 5664 τὴν
1139 5591 1415 5662 φροντίδα,
1449 5592 1539 5644 καὶ
1579 5590 1851 5644 διοικείτω
1880 5588 2019 5643 αύτά

440 5688 515 5751 ὡς
560 5685 652 5741 τοῦ
692 5684 829 5740 Θεοῦ
866 5680 1173 5756 ἐφορῶντος
1204 5698 1218 5715 ’
1260 5683 1334 5755 μὴ
1362 5682 1561 5751 ἐξεῖναι
1595 5682 1651 5737 δὲ
1686 5682 1835 5754 αύτῷ
1884 5696 2017 5750 σφε-

512 5867 558 5905 "
584 5866 761 5922 Cone.
788 5862 1077 5928 Ultalcml'.,
1096 5878 1214 5917 can.
1260 5861 1349 5917 9.6.

2123 4661 2571 4732 piant.Alioquin
2606 4658 2911 4732 [inquiens]
2938 4668 2995 4713 et
3018 4669 3334 4713 contractus
3366 4659 3551 4711 irritus
3582 4658 3707 4719 erit,

2122 4764 2177 4808 et
2208 4769 2647 4816 meonomorum,
2674 4761 2727 4806 et
2755 4753 3242 4816 cliartulariorum,
3282 4760 3337 4805 et
3362 4752 3708 4821 dispensato-

2124 4863 2271 4912 rum,
2305 4847 2507 4917 quibus
2560 4844 2685 4917 [illi]
2719 4846 2980 4916 praedicto
3016 4846 3180 4901 modo
3225 4844 3507 4913 conjuncti
3555 4852 3705 4905 sunt,

2126 4939 2448 4991 universum
2481 4936 2875 5006 patrimonium
2911 4943 3032 5005 post
3067 4935 3309 5003 ipsorum
3364 4943 3598 4987 mortem
3640 4932 3707 4985 ad

2126 5029 2497 5085 venerabilem
2529 5029 2779 5093 domum,
2832 5028 2977 5083 unde
3010 5043 3127 5082 rem
3168 5034 3551 5097 susceperunt,
3585 5038 3708 5095 per-

2124 5124 2323 5177 veniet.

2192 5212 2343 5269 CAP.
2378 5211 2440 5268 ll.
2465 5244 2532 5255 —
2572 5212 2648 5266 De
2663 5214 2971 5282 patrimonii
2992 5212 3339 5266 ecclesiastici
3360 5210 3706 5265 administra—

2125 5306 2285 5359 tione.

2405 5390 2786 5467 Apostolorum
2819 5410 3045 5449 canones
3089 5395 3179 5458 58,
3215 5394 3306 5454 40,
3330 5391 3419 5445 41.

2196 5494 2286 5549 58.
2322 5491 2439 5565 [57]
2462 5491 2717 5545 Omnium
2751 5502 2932 5542 rerum
2955 5486 3449 5541 ecclesiasticarum
3491 5482 3706 5551 episco-

2126 5601 2229 5657 pus
2258 5600 2445 5640 euram
2475 5590 2646 5654 gerat,
2696 5590 2749 5636 et
2772 5594 2865 5634 eas
2908 5577 3254 5633 administrct
3304 5584 3561 5643 tanquam
3596 5570 3707 5625 Deo

2124 5678 2390 5734 intuente.
2420 5674 2495 5732 Ne
2522 5675 2683 5730 liceat
2710 5681 2890 5727 autem
2922 5686 2985 5725 ex
3017 5669 3096 5725 eis
3123 5666 3323 5733 aliquid
3373 5665 3476 5721 sibi
3527 5664 3698 5719 vindi-
