4156 6442
509 463 615 528 819

1602 450 1868 513 PIIOTI’I
1903 448 2411 512 PATRIARCII/E
2445 452 2554 512 CP-

3683 441 3783 502 820

511 591 658 640 care,
687 573 773 628 vel
818 569 1057 642 propriis
1092 567 1361 639 cognatis,
1413 580 1535 634 quae
1578 562 1671 618 Dei
1707 571 1857 625 sunt,
1889 562 2096 633 largiri.

2221 563 2521 634 ιερίζεσθαί
2560 580 2612 614 τι
2665 561 2723 624 ἐξ
2769 559 2968 624 αὐτῶν,
3014 560 3047 628 ἢ
3082 555 3400 624 συγγενέσιν
3447 557 3481 625 ἢ
3533 554 3682 617 ἰδίοις
3718 556 3783 607 τά

513 669 611 723 Sin
652 677 834 722 autem
899 674 1027 720 sunt
1072 677 1361 733 pauperes,
1405 669 1465 713 ut
1507 655 1839 728 pauperibus
1901 671 2099 724 suppe-

513 762 682 816 ditet:
715 758 808 814 sed
834 771 942 812 non
969 770 1156 811 eorum
1184 760 1446 824 praetextu
1471 748 1668 805 vendat
1698 763 1820 818 qtne
1850 756 1979 804 sunt
2000 748 2099 804 Ec-

513 853 714 907 clesiac.

583 946 674 1000 40.
859 940 1153 994 Manifesta!
1191 939 1297 992 sint
1341 938 1574 1007 episcopi
1617 954 1701 992 τος
1732 938 1983 1008 ῐποῑπῙίθθ
2022 936 2100 991 δί’

515 1041 732 1108 quidem
786 1053 871 1088 res
913 1036 1067 1088 habet
1111 1032 1378 1100 prom‘ias,
1423 1041 1476 1086 et
1528 1031 1826 1086 manifeste
1877 1048 1964 1084 res
1992 1029 2099 1084 Do-

517 1133 726 1184 minicae
767 1147 781 1183 :
822 1137 881 1182 ut
941 1130 1008 1181 sit
1061 1127 1114 1178 in
1181 1134 1443 1194 potestate
1497 1126 1784 1179 morientis
1835 1124 2096 1194 episcopi,

513 1220 729 1290 propria
763 1218 963 1288 quibus
996 1217 1110 1270 vult
1142 1224 1196 1269 et
1246 1216 1362 1267 vult
1385 1215 1724 1284 relinquere,
1763 1222 1817 1268 et
1875 1230 1977 1267 non
2015 1229 2102 1266 re-

513 1315 781 1382 linquere,
826 1319 879 1365 et
923 1326 1032 1362 non
1083 1325 1265 1363 rerum
1315 1308 1811 1363 ecclesiasticarum
1837 1315 2100 1378 prartextu

512 1421 600 1460 res
644 1403 884 1473 episcopi
914 1401 1286 1471 intercipiunt,
1321 1400 1414 1470 qui
1457 1416 1846 1470 nonnunquam
1877 1414 2102 1454 uxorem

512 1498 678 1551 habet
699 1506 752 1549 et
785 1497 1010 1557 liberos,
1041 1495 1124 1548 vel
1141 1503 1420 1564 cognatos,
1444 1495 1526 1547 vel
1554 1492 1807 1548 famulos.
1837 1494 1929 1548 Est
1956 1493 2104 1547 enim

510 1589 721 1658 justum
752 1587 799 1618 ⁷³
827 1588 968 1656 apud
1016 1587 1182 1640 Deum
1213 1591 1266 1639 et
1325 1585 1600 1648 homines,
1631 1594 1689 1639 ut
1742 1601 1839 1638 nec
1858 1584 2104 1639 Ecclesia

512 1687 774 1740 damnum
812 1685 1035 1754 aliquod
1076 1685 1313 1753 accipiat
1357 1693 1582 1753 propter
1617 1699 1802 1737 rerum
1859 1681 2104 1751 episcopi

512 1777 910 1846 ignorationem
940 1793 954 1828 :
981 1792 1082 1832 nec
1112 1776 1402 1846 cpiscopus
1431 1776 1514 1828 vel
1537 1775 1657 1844 ejus
1681 1775 1895 1843 cognati
1922 1773 2107 1828 Eccle-

513 1871 608 1923 si:e
643 1877 906 1938 praetextu
941 1869 1378 1938 proscribantur,
1413 1867 1498 1922 vel
1530 1868 1580 1921 in
1625 1869 1837 1936 negotia
1877 1868 2106 1936 litesque

515 1963 783 2026 incidant,
821 1962 917 2031 qui
950 1961 1014 2014 ad
1045 1977 1169 2014 eum
1207 1961 1464 2024 attinent,
1489 1969 1540 2014 et
1568 1960 1687 2030 ejus
1730 1969 1960 2014 mortem
1985 1974 2104 2013 ma—

516 2052 732 2106 ledictis
764 2050 1134 2118 infaustisque
1164 2049 1347 2103 verbis
1381 2056 1802 2118 prosequantur.

588 2144 756 2215 338
780 2145 836 2197 ιΗ
877 2141 1014 2214 [40].
1050 2142 1314 2196 Jubemus
1345 2141 1664 2210 episcopum
1710 2157 1889 2194 rerum
1921 2141 2108 2196 Eccle-

517 2237 614 2291 siae
655 2243 983 2305 potestatem
1034 2235 1236 2288 habere
1260 2233 1328 2287 ⁷⁸.
1381 2233 1438 2288 Si
1463 2235 1606 2288 enim
1645 2235 1896 2303 pretiosae
1932 2235 2111 2286 homi-

519 2343 650 2382 num
677 2327 874 2382 anima:
909 2332 1040 2384 sunt
1067 2328 1116 2380 ei
1152 2325 1454 2388 crcdend:e,
1495 2327 1668 2379 multo
1700 2325 1872 2395 magis
1901 2325 1947 2377 ei
1984 2332 2112 2378 sunt

518 2419 928 2475 committendae
955 2421 1230 2489 pecuniae,
1261 2427 1313 2473 et
1340 2419 1390 2472 in
1442 2419 1562 2488 ejus
1594 2419 1663 2474 sit
1705 2416 1966 2471 facultate
1990 2433 2112 2471 om-

520 2512 610 2565 nia
645 2511 1054 2576 administrare,
1075 2520 1128 2565 et
1159 2510 1227 2563 iis
1259 2511 1351 2580 qui
1376 2520 1534 2578 egent
1557 2526 1653 2578 per
1683 2509 2032 2580 presbyteros
2060 2518 2114 2561 et

521 2605 789 2660 diaconos
844 2605 1240 2659 subministare
1275 2619 1396 2657 cum
1454 2602 1546 2656 Dei
1598 2602 1815 2666 timore,
1863 2610 1918 2654 et
1963 2603 2109 2655 omni

519 2697 808 2766 religione,
862 2705 916 2751 et
960 2697 1149 2761 etiam,
1195 2697 1240 2751 si
1296 2695 1367 2750 sit
1415 2711 1584 2764 opus,
1634 2697 1688 2749 in
1741 2693 2112 2748 necessarium

523 2805 687 2844 suum
717 2784 877 2843 usum
911 2789 1185 2856 accipere,
1217 2795 1271 2842 et
1295 2787 1524 2841 fratrum
1563 2785 1654 2856 qui
1700 2787 1939 2856 huSpitio
1967 2787 2117 2841 exci-

520 2879 774 2946 piuntur,
832 2879 906 2932 ita
961 2886 1020 2931 nt
1060 2879 1174 2948 ipse
1225 2876 1375 2932 nullo
1411 2877 1576 2931 modo
1619 2885 1794 2946 egeat.
1828 2875 1939 2930 Lex
1971 2878 2115 2932 enim

523 2967 618 3021 Dei
651 2969 752 3023 hoc
783 2967 969 3033 habet,
995 2969 1170 3037 utqui
1202 2966 1363 3020 altari
1397 2966 1664 3031 assident,
1696 2981 1758 3020 ex
1787 2966 1942 3019 altari
1967 2966 2120 3020 alan-

525 3072 614 3114 tur
645 3061 690 3093 ⁷⁸
723 3081 736 3116 :
771 3062 1216 3132 quandoquidem
1245 3077 1348 3117 nec
1388 3062 1546 3118 miles
1587 3077 1829 3134 unquam
1874 3078 1976 3119 suo
2003 3061 2120 3119 via-

527 3153 637 3209 tico
663 3154 931 3211 adversus
961 3155 1149 3211 hostes
1170 3155 1537 3226 progreditur.

780 3419 1010 3474 Concih'i
1041 3419 1350 3475 Amice/teni
1389 3437 1613 3475 canones
1651 3420 1740 3486 24,
1775 3421 1868 3476 2'3.

600 3511 692 3567 24.
728 3510 895 3568 Recte
928 3514 1110 3578 habet,
1160 3523 1218 3568 ut
1248 3530 1309 3568 ea
1356 3531 1478 3585 quae
1511 3515 1772 3570 Ecclesia:
1798 3556 1812 3578 ,
1862 3514 2121 3571 Ecclesiae

535 3613 822 3658 serventur
848 3619 972 3658 cum
1028 3605 1177 3658 omni
1230 3606 1357 3660 boni
1392 3607 1753 3663 conscientia.
1800 3617 1853 3659 et
1909 3608 2009 3661 lide
2066 3607 2120 3660 in

535 3692 782 3746 omnium
820 3693 1105 3762 pratsidmn
1163 3702 1217 3748 et
1258 3693 1496 3762 judicem
1536 3693 1705 3748 Deum
1738 3714 1750 3749 :
1786 3711 1907 3762 qum
1957 3696 2123 3749 etiam

537 3782 912 3836 administrari
930 3784 1188 3836 convenit
1216 3801 1337 3837 cum
1368 3784 1599 3853 judicio,
1629 3795 1682 3839 et
1709 3795 1978 3855 potestate
2006 3787 2123 3857 epi-

537 3872 732 3941 scopi,
782 3873 872 3927 cui
927 3885 1013 3928 est
1067 3875 1247 3930 omnis
1282 3876 1519 3944 populus
1549 3877 1810 3939 creditus,
1847 3887 1900 3932 et
1931 3893 2122 3932 eorum

536 3964 738 4019 anima:
771 3980 892 4034 qua:
949 3965 1001 4019 in
1060 3965 1360 4021 Ecclesiam
1393 3969 1746 4023 conveniunt.
1792 3969 1911 4025 Sint
1941 3980 2122 4024 autem

540 4055 833 4111 manifesta
863 4073 983 4126 quae
1014 4058 1079 4111 ad
1104 4057 1405 4113 Ecclesiam
1439 4061 1713 4128 pertinent
1761 4078 1886 4116 cum
1941 4064 2129 4132 cogni-

539 4146 690 4201 tione
712 4147 1159 4218 presbyterorum
1187 4157 1240 4202 et
1267 4150 1649 4217 diaconorum,
1687 4153 1780 4221 qui
1823 4163 1952 4208 sunt
1982 4155 2128 4209 circa

537 4253 688 4302 eum,
715 4248 772 4292 ut
797 4239 973 4293 sciant
1005 4248 1058 4294 et
1100 4255 1205 4295 non
1258 4242 1512 4311 ignorent
1567 4259 1689 4312 quae
1726 4253 1858 4297 sunt
1907 4246 2128 4314 propria

540 4331 821 4396 Ecclesiae,
859 4340 917 4386 ut
953 4331 1089 4386 nihil
1119 4333 1267 4402 ipsos
1297 4335 1464 4388 lateat
1491 4353 1503 4389 :
1537 4344 1598 4389 ut
1627 4337 1671 4390 si
1702 4337 1987 4406 contingat
2011 4339 2130 4407 epi-

540 4438 770 4492 scopum
809 4439 839 4478 e
871 4425 980 4478 vita
1021 4427 1281 4496 migrare,
1309 4426 1374 4480 iis
1399 4427 1709 4482 manifestis
1737 4428 2130 4485 exsistcntihus

540 4531 665 4584 qum
712 4517 776 4570 ad
817 4514 1120 4572 Ecclesiam
1156 4519 1448 4585 pertinent,
1487 4535 1555 4574 ne
1604 4535 1664 4573 ea
1716 4521 2044 4576 intercidant
2077 4530 2131 4575 et

541 4617 769 4676 pereant
801 4625 812 4661 :
843 4624 942 4662 nec
975 4625 1096 4678 quze
1143 4621 1271 4665 sunt
1299 4613 1516 4681 propria
1563 4612 1823 4681 episcopi,
1861 4623 2125 4683 praetextu
2159 4635 2205 4693 ι)

541 4714 728 4752 rerum
759 4698 1259 4756 ecclesiasticarum
1282 4713 1568 4757 vexentur.
1602 4703 1699 4760 Est
1722 4705 1866 4759 enim
1893 4706 2126 4776 justum,

541 4801 597 4846 et
640 4793 782 4861 apud
818 4791 989 4846 Deum
1029 4805 1084 4848 et
1114 4795 1368 4851 homines
1396 4808 1684 4868 acceptum
1710 4842 1724 4861 ,
1756 4808 1815 4853 ut
1844 4801 2135 4872 episc0pus

545 4885 761 4954 propria
794 4888 992 4954 quibus
1074 4886 1208 4940 velit
1277 4889 1570 4957 relinquat.
1640 4889 1773 4956 Quae
1801 4901 2132 4947 suntautem

543 4977 841 5044 Ecclesia,
901 4978 1004 5048 ipsi
1063 4988 1383 5043 serventur,
1438 4990 1491 5033 et
1529 4979 1694 5052 339
1740 4997 1843 5036 nec
1890 4982 2132 5038 Ecclesia

547 5069 812 5125 damnum
846 5071 1067 5140 aliquod
1102 5073 1393 5136 sustineat,
1421 5088 1522 5127 nec
1545 5075 1838 5142 episcopus
1877 5073 2134 5132 Ecclesiae

542 5171 810 5233 praetextu
835 5163 1230 5233 proscribatur,
1265 5163 1347 5216 vel
1395 5164 1489 5233 qui
1522 5165 1589 5218 ad
1621 5180 1744 5218 eum
1783 5166 2034 5233 attinent,
2076 5168 2128 5221 in

543 5255 761 5324 negotia
797 5256 1042 5312 incidant
1075 5272 1198 5311 cum
1225 5272 1312 5321 eo,
1343 5257 1485 5324 quod
1519 5266 1571 5311 et
1615 5257 1793 5326 ipsum
1827 5267 1950 5329 post
1981 5274 2132 5314 mor-

546 5357 655 5402 tem
685 5349 854 5406 malis
869 5349 1126 5405 omnibus
1153 5361 1574 5420 prosequantur.

614 5616 706 5672 25.
753 5616 1057 5689 Episcopus
1080 5621 1278 5677 habeat
1299 5637 1479 5677 rerum
1513 5622 1768 5678 Ecclesiae
1787 5629 2133 5694 potestatem,

551 5716 612 5761 ut
638 5724 730 5765 eas
763 5710 816 5763 in
843 5727 1033 5768 omnes
1063 5725 1286 5782 egentes
1324 5715 1607 5786 dispenset
1635 5732 1759 5772 cum
1798 5717 1969 5772 multa
2003 5731 2136 5771 cau-

2207 657 2300 710 τοῦ
2331 657 2466 709 Θεοῦ
2508 654 2824 726 χαρίζεσθαι
2862 669 2875 683 ο
2909 654 2955 705 εἰ
3010 651 3067 704 δέ
3112 652 3344 720 πένητες
3394 644 3524 710 εἷεν,
3565 647 3785 718 ἐπιχορ-

2209 749 2414 817 ηγείτω
2442 749 2516 811 ὼς
2547 747 2776 814 πένησιν
2811 763 2824 777 ·
2855 744 2992 798 ἀλλὰ
3029 742 3104 814 μὴ
3139 741 3413 812 προφάσει
3443 739 3669 803 τούτων,
3717 737 3785 790 τά

2207 844 2306 912 τῆς
2348 840 2672 908 Ἐκκλησίας
2707 835 3118 908 άπεμπολείτω.

2283 932 2358 1001 μ’.
2398 931 2581 983 Ἔστω
2628 929 2835 998 φανερὰ
2872 925 2943 979 τὰ
2995 925 3102 978 ἴδια
3159 924 3252 977 τοῦ
3302 921 3600 974 ἐπισκόπου
3647 916 3789 988 πρά-

2210 1021 2485 1092 γματα,εἴ
2511 1037 2571 1087 γε
2608 1019 2701 1073 καὶ
2733 1017 2838 1069 ἴδια
2866 1016 2983 1084 ἔχει
3011 1031 3024 1046 ·
3051 1015 3144 1068 καὶ
3176 1012 3388 1083 φανερὰ
3419 1011 3487 1063 τὰ
3517 1009 3788 1078 Κυριακὰ,

2212 1117 2277 1168 ἵν’
2296 1115 2544 1181 ἐξουσίαν
2575 1111 2672 1181 ἔχῃ
2701 1110 2810 1162 τῶν
2849 1107 2993 1160 [δίων
3015 1104 3282 1158 τελευτῶν
3306 1105 3334 1156 ὁ
3359 1103 3677 1165 ἐπίσκοπος,
3713 1095 3790 1160 οἷς

2216 1207 2463 1280 βούλεται
2493 1207 2585 1258 καλ⁸
2619 1204 2695 1265 ὡς
2731 1200 2980 1272 βούλεται
3023 1196 3348 1266 καταλεῖψαι
3380 1211 3394 1223 ·
3419 1197 3511 1247 καὶ
3553 1193 3626 1263 μὴ
3663 1209 3792 1262 πρου

2213 1301 2375 1370 φάσει
2425 1298 2532 1351 τῶν
2589 1291 3060 1365 ἐκκλησιαστικῶν
3090 1289 3454 1360 πραγμάτων,
3485 1284 3793 1338 διαπίπτειν

2212 1394 2282 1445 τὰ
2316 1388 2409 1442 τοῦ
2442 1386 2767 1449 ἐπισκόπου,
2797 1383 2908 1435 ἐσθ’
2942 1383 3030 1435 ὅτε
3077 1381 3313 1448 γυναῖκα
3344 1375 3440 1430 καλ⁹
3471 1374 3664 1433 παῖδας
3703 1389 3790 1423 κε-

2215 1481 2511 1552 κτημένου,
2543 1479 2575 1548 ἢ
2614 1477 2898 1545 συγγενεῖς
2930 1472 2963 1543 ἢ
3004 1471 3241 1532 οἰκέτας·
3277 1467 3485 1521 δίκαιον
3513 1463 3620 1533 γάρ
3640 1460 3794 1514 τοῦτο

2217 1572 2369 1643 παρὰ
2403 1569 2521 1638 Θεῷ
2561 1569 2655 1621 καὶ
2687 1565 3016 1636 ἀνθρώποις,
3049 1562 3109 1614 τὸ
3146 1562 3282 1630 μήτε
3315 1559 3413 1624 τὴν
3469 1553 3794 1620 Ἐκκλησίαν

2216 1662 2419 1733 ζημίαν
2459 1660 2582 1713 τινὰ
2633 1657 2948 1726 ὑπομένειν,
2977 1652 3170 1721 ἀγνοίᾳ.
3201 1649 3309 1702 τῶν
3352 1646 3447 1700 τοῦ
3494 1643 3794 1698 ἐπισκόπου

2217 1754 2581 1827 πραγμάτιον,
2619 1751 2756 1821 μήτε
2783 1748 2874 1802 τὸν
2896 1747 3194 1800 ἐπίσκοπον
3243 1742 3275 1811 ἢ
3307 1741 3431 1802 τοὺς
3465 1735 3632 1791 αὐτοῦ
3665 1749 3795 1801 συγ-

2216 1824 2414 1915 γενεῖς,
2451 1842 2720 1914 προφάσει
2743 1840 2842 1908 τῆς
2869 1835 3212 1905 Ἐκκλησίας,
3244 1828 3578 1900 δημεύεσθαι
3604 1825 3672 1895 ’ἢ
3705 1824 3797 1877 καὶ

2134 1928 2181 1986 Β
2211 1942 2289 2002 είς
2341 1936 2643 2008 πράγματα
2699 1931 2996 2002 ἐμπίπτειν
3034 1928 3160 1988 τοὺς
3218 1923 3364 1993 αὐτῷ
3419 1919 3794 1990 διαφέροντας,

2211 2028 2307 2083 καὶ
2332 2029 2422 2080 τὸν
2449 2023 2614 2078 αὑτοῦ
2644 2023 2872 2076 θάνατον
2898 2016 3180 2087 δυσφημίᾳ
3212 2011 3656 2084 περιϐάλλεσθαι.

2287 2124 2397 2190 μα’.
2436 2114 2862 2186 Προστάσσομεν
2888 2109 2978 2163 τὸν
3015 2109 3313 2161 ἐπίσκοπον
3359 2104 3501 2173 ἔχειν
3548 2099 3797 2164 ἐξουσίαν

2210 2212 2318 2265 τῶν
2354 2209 2453 2277 τῆς
2493 2204 2821 2275 Ἐκκλησίας
2847 2200 3192 2273 πραγμάτιον
3222 2217 3234 2230 ο
3259 2198 3308 2250 εί
3343 2196 3452 2265 γὰρ
3484 2194 3584 2255 τὰς
3613 2191 3797 2260 τιμίας

2211 2301 2320 2354 τῶν
2347 2295 2651 2369 ἀνθρώπων
2707 2295 2884 2364 ψυχὰς
2933 2291 3082 2359 αὐτῷ
3124 2287 3463 2350 πιστευτέον,
3502 2283 3688 2352 πολλῷ
3734 2283 3797 2334 ἂν

2211 2394 2319 2447 δέοι
2350 2389 2610 2460 περὶτῶν
2641 2389 2937 2458 χρημάτων
2958 2382 3299 2436 ἐντέλλεσθαι
3326 2396 3337 2408 ·
3365 2379 3504 2431 ὥστε
3532 2375 3676 2429 κατὰ
3704 2373 3797 2445 τὴν

2213 2482 2378 2538 αὑτοῦ
2413 2479 2660 2547 ἐξουσίαν
2706 2478 2886 2531 πάντα
2918 2472 3238 2527 διοικεῖσθαι
3268 2473 3377 2534 τοῖς
3413 2468 3692 2539 δεομένοις
3716 2465 3800 2518 διὰ

2213 2575 2320 2627 τῶν
2352 2568 2738 2641 πρεσὸυτέρων
2772 2567 2864 2619 καὶ
2904 2562 3188 2621 διακόνων,
3222 2561 3317 2613 καὶ
3347 2556 3796 2629 ἐπιχορηγεῖσθαι

2219 2665 2357 2738 μετὰ
2402 2661 2568 2730 φόϐου
2604 2658 2739 2712 Θεοῦ
2783 2657 2876 2710 καὶ
2919 2655 3100 2722 πάσης
3132 2651 3416 2714 εὐλαϐείας
3449 2665 3462 2678 ·
3519 2647 3799 2738 μεταλαμ-

2215 2736 2398 2810 ϐάνειν
2431 2754 2487 2806 δέ
2521 2751 2618 2805 καὶ
2657 2749 2819 2803 αὐτὸν
2851 2747 2960 2800 τῶν
2981 2745 3230 2809 δεόντων,
3253 2743 3369 2809 εῐγε
3405 2739 3574 2793 δέοιτο
3605 2740 3686 2801 εἰς
3709 2736 3800 2798 τάς

2216 2846 2524 2915 ἀναγκαίας
2581 2841 2744 2898 αὑτοῦ
2797 2839 3009 2912 χρείας,
3063 2837 3156 2891 καὶ
3211 2835 3320 2888 τῶν
3369 2829 3800 2900 ἐπιξενουμένων

2218 2939 2484 3009 ἀδελφῶν,
2513 2938 2588 3000 ὡς
2637 2935 2778 2989 κατὰ
2817 2932 3022 3004 μηδένα
3070 2931 3270 3000 τρόπον
3309 2927 3506 2989 αὐτοὺς
3560 2924 3802 2994 ὑστερεῖ-

2222 3035 2375 3088 σθαι·
2404 3033 2432 3084 ὁ
2467 3031 2576 3101 γὰρ
2606 3029 2768 3099 νόμος
2797 3027 2890 3080 τοῦ
2934 3024 3070 3078 Θεοῦ
3100 3023 3402 3086 διετάξατο,
3431 3019 3560 3081 τοὺς
3608 3016 3688 3088 τῷ
3715 3015 3804 3068 θυ-

2223 3127 2530 3196 σιαστηρίῳ
2555 3120 3040 3193 προσεδρεύοντας,
3062 3119 3126 3170 ἐκ
3151 3115 3245 3168 τοῦ
3272 3111 3662 3181 θυσιαστηρίου
3680 3108 3802 3178 τρέ-

2225 3220 2417 3289 φεσθαι
2447 3234 2460 3249 ’
2507 3215 2740 3286 ἐπείπερ
2766 3212 2888 3265 οὐδὲ
2926 3212 3265 3279 στρατιώτης
3293 3208 3425 3260 ποτέ
3470 3205 3623 3268 ἰδίοις
3667 3202 3804 3272 ὀψω-

2223 3315 2376 3376 νίοις,
2407 3311 2547 3364 ὅπλα
2576 3309 2716 3362 κατὰ
2741 3305 3014 3374 πολεμίων
3045 3303 3387 3372 ἐπιφέρεται.

2439 3403 2709 3460 Συνόδου
2749 3401 3106 3469 Ἀντιοχείας
3128 3396 3330 3451 κανὼν
3359 3395 3457 3460 κδ’,
3493 3393 3593 3446 κε’.

2294 3502 2394 3556 κδ’.
2420 3498 2503 3552 Τὰ
2532 3499 2630 3567 τῆς
2659 3494 3009 3563 Ἐκκλησίας,
3029 3494 3096 3561 τῇ
3140 3487 3440 3558 Ἐκκλησία
3461 3485 3645 3547 καλῶς
3669 3482 3808 3551 ἔχειν

2230 3589 2596 3664 φυλάττεσθαι
2642 3588 2742 3653 δεῖ,
2783 3585 2920 3656 μετὰ
2967 3583 3149 3652 πάσης
3202 3578 3518 3651 ἐπιμελείας
3550 3576 3808 3664 καῖάγα-

2227 3687 2326 3756 θῆς
2367 3681 2724 3749 συνειδήσεως
2770 3677 2865 3730 καὶ
2919 3675 3158 3734 πίστεως
3190 3671 3289 3740 τῆς
3331 3669 3410 3730 εἰς
3440 3665 3532 3719 τὸν
3591 3663 3806 3717 πάντων

2226 3779 2420 3847 ἔφορον
2451 3774 2546 3826 καὶ
2578 3769 2771 3842 κριτὴν
2797 3767 2948 3820 Θεόν·
2981 3765 3016 3820 ὃ.
3046 3765 3140 3818 καὶ
3185 3761 3504 3815 διοικεῖσθαι
3536 3757 3807 3827 προσήκει

2231 3870 2368 3940 μετὰ
2386 3868 2621 3938 κρίσεως
2655 3862 2749 3916 καὶ
2797 3859 3046 3924 ἐξουσίας
3072 3854 3166 3910 τοῦ
3225 3852 3552 3912 ἐπισκόπου,
3584 3847 3681 3900 τοῦ
3714 3862 3810 3897 πε-

2229 3959 2594 4030 πιστευμένου
2628 3955 2806 4008 πάντα
2826 3954 2915 4004 τὸν
2938 3951 3064 4004 λαὸν
3100 3949 3194 4002 καὶ
3222 3947 3323 4010 τὰς
3349 3945 3525 4015 ψυχὰς
3554 3940 3667 3994 τῶν
3693 3956 3811 3991 σνν-

2229 4053 2512 4124 αγομένων
2537 4066 2552 4081 ο
2581 4046 2790 4118 φανερὰ
2839 4045 2896 4098 δὲ
2940 4040 3078 4096 εἶναι
3121 4041 3192 4094 τὰ
3225 4039 3551 4108 διαφέροντα
3592 4035 3660 4103 τῇ
3693 4032 3811 4124 Ἔκ-

2229 4123 2448 4215 κλησίᾳ,
2489 4140 2630 4212 μετὰ
2660 4138 2915 4207 γνώσεως
2945 4134 3054 4188 τῶν
3085 4133 3214 4203 περὶ
3243 4131 3405 4184 αὑτὸν
3426 4123 3810 4197 πρεσϐυτέρων

2230 4238 2324 4290 καὶ
2358 4236 2620 4288 διακόνων
2640 4249 2654 4263 ·
2697 4230 2837 4284 ὥστε
2861 4226 3085 4289 τούτους
3117 4225 3339 4285 εἰδέναι,
3370 4223 3464 4275 καὶ
3490 4219 3563 4289 μὴ
3599 4219 3810 4286 ἀγνοεῖν

2230 4329 2350 4380 τίνα
2379 4325 2510 4377 ποτέ
2547 4325 2664 4375 ἐστι
2695 4321 2762 4373 τά
2791 4319 2900 4373 [δια
2932 4320 3030 4388 τῆς
3073 4314 3426 4379 Ἐκκλησίας,
3459 4309 3602 4362 ὥστε
3652 4303 3810 4378 μηδὲν

2230 4420 2431 4481 αὐτοὺς
2459 4415 2742 4469 λανθάνειν
2766 4429 2780 4442 ·
2801 4413 2868 4466 ἵν’
2894 4413 2942 4464 εἰ
2977 4408 3221 4480 συμϐαίη
3241 4406 3332 4459 τὸν
3360 4404 3658 4458 ἐπίσκοπον
3692 4414 3813 4468 μετ·

2231 4509 2514 4562 αλλάττειν
2555 4507 2648 4559 τὸν
2690 4505 2825 4576 βίον,
2865 4499 3118 4572 φανερῶν
3174 4497 3344 4551 ὄντων
3373 4496 3481 4549 τῶν
3530 4491 3811 4562 διαφερόν-

2232 4619 2339 4654 των
2364 4602 2430 4671 τῇ
2480 4597 2779 4669 Ἐκκλησία
2830 4594 3196 4666 πραγμάτων,
3255 4592 3394 4661 μήτε
3460 4586 3596 4641 αὐτὰ
3643 4583 3813 4638 διαπί-

2237 4710 2394 4746 πτειν
2443 4692 2535 4744 καὶ
2569 4688 2927 4751 ἀπόλλυσθαι,
2965 4687 3102 4756 μήτε
3139 4685 3208 4737 τὰ
3245 4684 3351 4736 ἴδια
3382 4679 3476 4734 τοῦ
3517 4677 3811 4732 ἐπισκόπου

2235 4785 2593 4855 ἐνοχλεῖσθαι,
2620 4782 2893 4853 προφάσει
2921 4778 3028 4832 τῶν
3053 4771 3525 4845 ἐκκλησιαπικῶν
3566 4767 3813 4842 πραγμά-

2233 4894 2342 4930 των
2375 4892 2390 4906 ο
2426 4874 2633 4928 δίκαιον
2679 4873 2788 4944 γὰρ
2839 4871 2932 4926 καὶ
2971 4869 3203 4941 ἀρεστὸν
3243 4867 3389 4936 παρά
3447 4883 3506 4918 τε
3562 4862 3681 4932 Θεῷ
3725 4860 3813 4914 καὶ

2235 4967 2562 5038 ἀνθρώποις,
2624 4968 2690 5019 τά
2747 4965 2856 5019 ἴδια
2901 4963 2994 5016 τοῦ
3046 4961 3370 5020 ἐπισκόπου,
3417 4953 3499 5018 οἷς
3544 4955 3611 5009 ἂν
3661 4953 3812 5014 aut-5;

2237 5067 2494 5140 βούληται
2546 5056 3078 5130 καταλιμπάνεσθαι,
3119 5055 3186 5108 τὰ
3237 5053 3421 5123 μέντοι
3459 5051 3556 5118 τῆς
3590 5047 3813 5114 Ἐκκλη-

2239 5139 2358 5222 σίας
2389 5158 2525 5225 αὐτῇ
2565 5150 2928 5222 φυλάττεσθαι
2957 5165 2970 5177 ·
3004 5148 3098 5201 καὶ⁵
3165 5150 3302 5216 μήτε
3348 5142 3446 5211 τὴν
3494 5139 3813 5209 Ἐκκλησίαν

2241 5253 2533 5323 ὑπομένειν
2555 5246 2676 5300 τινὰ
2699 5246 2922 5316 ζημίαν,
2957 5243 3095 5311 μήτε
3115 5241 3204 5293 τὸν
3227 5238 3523 5291 ἐπίσκοπον
3551 5232 3813 5302 προφάσει

2240 5346 2338 5414 τῆς
2403 5338 2730 5408 Ἐκκλησίας
2783 5332 3195 5406 δημεύεσθαι,ἥ
3249 5331 3345 5384 καὶ
3394 5330 3475 5392 είς
3520 5326 3812 5398 πράγματα

2244 5436 2538 5507 ἐμπίπτειν
2558 5433 2682 5494 τοὺς
2711 5426 2857 5496 αὐτῷ
2879 5424 3251 5495 διαιρέροντας,
3280 5422 3417 5494 μετὰ
3442 5419 3534 5473 τοῦ
3552 5419 3644 5472 καὶ
3661 5413 3812 5468 αὑτὸν

2239 5527 2377 5601 μετὰ
2414 5526 2643 5579 θάνατον
2700 5519 2985 5590 δυσ-φημίᾳ⁴
3015 5514 3462 5587 περιϐάλλεσθαι.

2306 5620 2406 5675 κε’.
2440 5619 2768 5672 Ἐπίσκοπον
2790 5615 2932 5685 ἔχειν
2954 5611 3062 5664 τῶν
3080 5610 3178 5680 τῆς
3215 5607 3542 5678 Ἐκκλησίας
3564 5599 3810 5677 πραγμά-

2234 5731 2342 5768 των
2376 5711 2651 5780 ἐξουσίαν,
2680 5708 2821 5762 ὦστε
2846 5707 3068 5760 διοικεῖν
3099 5705 3181 5768 εἰς
3214 5701 3422 5764 πάντας
3457 5699 3584 5761 τοὺς
3626 5689 3806 5763 δεομέ-

625 5885 927 5943 "Antioch.
959 5905 1080 5946 can.
1105 5889 1197 5945 24.
1276 5889 1322 5925 ⁷⁵
1354 5889 1578 5957 Quresit.
1616 5891 1703 5956 12,
1735 5905 1786 5946 c.
1810 5886 2162 5963 Prwcipimus
2193 5905 2212 5955 ;
2242 5884 2492 5944 Antioch.
2529 5899 2651 5940 can.
2680 5883 2771 5938 25.
2846 5882 2898 5916 ’³
2933 5882 3084 5936 Deut.
3121 5892 3274 5944 xvnt,
3323 5875 3345 5931 l
3376 5872 3591 5939 ;lCor.
3625 5887 3697 5927 ix.
3726 5866 3803 5922 13-
