4156 6430
399 431 496 494 821

1218 428 1616 489 ΞΥΝΤΛΟΜΑ
1654 428 2040 490 CANONUM.
2075 454 2142 464 -
2172 430 2318 488 TIT.
2355 430 2434 504 Χ,
2468 431 2624 490 CAP-
2666 433 2779 494 ΠΙ.

3555 436 3659 498 822

398 560 522 606 νους
554 541 690 612 μετά
721 542 899 610 πάσης
941 540 1248 604 εύλαϐείας,
1277 543 1373 595 καὶ
1410 542 1574 611 φόϐου
1604 539 1739 594 Θειῦ
1771 557 1784 571 ο
1815 559 1978 611 μετα-

2085 542 2228 597 tione
2261 553 2315 597 et
2352 544 2439 597 Dei
2489 545 2685 598 timore
2717 563 2731 600 :
2765 547 2880 614 ipse
2905 556 3082 600 autem
3115 563 3329 614 eorum,
3359 565 3478 619 qua:
3521 567 3658 620 Opus

402 633 699 705 λαμϐάνειν
737 634 793 687 δὲ
849 635 941 687 καὶ
975 635 1136 687 αὑτὸν
1182 634 1287 687 τῶν
1321 635 1564 700 δεόντων,
1605 634 1659 687 εί
1694 652 1755 702 γε
1789 635 1981 700 δέοιτο,

402 730 482 790 είς
501 729 599 790 τὰς
625 725 928 794 ἀναγκαίας
960 726 1120 778 αὑτοῦ
1151 727 1339 796 χρείας
1398 730 1490 780 καὶ
1537 726 1648 778 τῶν
1676 726 1805 796 παρ’
1834 725 1982 796 αὐτῷ

401 819 830 889 ἐπιξενουμένων
877 818 1122 888 ἀδελφῶν
1152 835 1164 848 ’
1219 819 1294 882 ὡς
1345 819 1485 871 κατά
1538 817 1741 888 μηδένα
1785 817 1985 888 τρόπον

403 911 598 972 αὐτοὺς
661 909 1001 979 ὑστερεῖσθαι
1035 947 1050 971 ,
1102 907 1244 962 κατά
1292 908 1382 962 τὸν
1447 907 1588 961 θεῖον
1665 907 1984 961 ’Δπόστολον

403 999 944 1067 λέγοντα,Ἔχοντες
957 999 1276 1067 διατροφὰς
1294 999 1391 1051 καί
1413 998 1836 1065 σκεπάσματα,
1853 997 1985 1050 τού-

403 1108 526 1156 τοις
556 1090 1054 1158 ἀρκεσθησόμεθα
1086 1105 1098 1119 ·
1132 1092 1179 1142 εἰ
1209 1089 1263 1141 δὲ
1296 1089 1368 1160 μὴ
1397 1088 1605 1151 τούτοις
1632 1089 1872 1157 ἀρκοῖτο,
1897 1105 1987 1157 με·

403 1181 656 1235 ταϐάλλοι
685 1180 741 1233 δὲ
767 1181 836 1232 τὰ
867 1181 1173 1251 πράγματα
1202 1182 1280 1242 είς
1313 1180 1520 1239 οἰκείας
1544 1178 1737 1232 ἑαυτοῦ
1762 1179 1979 1248 χρείας,

406 1274 500 1326 καὶ
530 1273 657 1335 τοὺς
683 1273 881 1342 πόρους
903 1272 1002 1340 τῆς
1037 1270 1438 1340 Ἐκκλησίας,ἢ
1487 1270 1614 1332 τοὺς
1647 1269 1756 1323 τῶν
1797 1271 1984 1340 ἀγρῶν

405 1363 671 1433 καρποὺς,
707 1362 780 1432 μὴ
818 1363 955 1432 μετά
999 1361 1224 1431 γνώμης
1257 1361 1365 1414 τῶν
1396 1361 1839 1432 πρεσϐυτέρωνῆ
1868 1362 1982 1414 δια-

406 1453 577 1504 κόνων
605 1451 853 1521 χειρίζοι,
885 1451 997 1504 ἀλλ’
1035 1450 1254 1513 οἰκείοις
1303 1448 1490 1512 αὐτοῦ,
1524 1449 1621 1502 καὶ
1644 1449 1980 1517 συγγενέσιν,

402 1543 435 1613 ἤ
473 1543 798 1612 ἀδελφοῖς,ἢ
835 1544 970 1606 υἱοῖς
999 1541 1338 1612 παράσχοιτο
1367 1540 1462 1610 τὴν
1497 1539 1769 1604 ἐξουσίαν,
1803 1542 1879 1602 είς
1922 1540 1983 1592 τὸ

399 1638 489 1691 διὰ
511 1639 616 1691 τῶν
652 1639 910 1690 τοιούτων
938 1637 1240 1707 λεληθότως
1275 1635 1605 1706 βλάπτεσθαι
1640 1635 1765 1697 τοὺς
1793 1636 1984 1703 λόγους

400 1729 500 1796 τῆς
539 1725 884 1796 Ἐκκλησίας,
917 1724 1103 1778 τοῦτον
1137 1725 1364 1786 εὐθύνας
1399 1726 1662 1795 παρέχειν
1695 1726 1760 1794 τῇ
1781 1723 1982 1792 συνόδῳ

401 1820 498 1888 τῆς
526 1819 795 1888 ἐπαρχίας
817 1833 828 1845 ·
855 1819 902 1870 εί
930 1817 985 1870 δὲ
1013 1817 1107 1870 καὶ
1144 1816 1317 1881 ἄλλως
1345 1815 1680 1869 διαϐάλλοιτο
1703 1817 1732 1867 ὁ
1761 1814 1980 1866 ὲπίσκου

2086 645 2190 696 est,
2233 634 2302 686 sit
2332 635 2605 703 particeps
2646 634 2712 688 ad
2749 651 2881 689 usus
2927 637 3288 702 necessarios,
3333 648 3386 691 et
3429 637 3657 694 fratrum

2086 723 2178 792 qui
2213 724 2354 792 apud
2394 739 2514 776 eum
2567 725 2803 793 hospitio
2852 725 3219 794 excipiuntur,
3278 737 3336 780 ut
3375 728 3476 797 ipsi
3510 730 3659 782 nullo

2088 815 2248 867 modo
2282 815 2562 880 priventur
2595 816 2896 870 secundum
2929 817 3169 871 divinum
3193 819 3538 886 Apostolum,
3566 822 3657 890 qui

2085 907 2216 960 dicit
2250 924 2262 959 :
2302 907 2563 959 Habentes
2609 918 2787 960 autent
2816 909 3066 961 alimenta
3093 920 3141 961 et
3173 909 3361 979 quibus
3396 921 3656 980 tegantur,

2086 998 2152 1050 iis
2174 999 2400 1050 contenti
2420 999 2615 1052 erimus
2646 1000 2710 1053 ⁷⁸.
2752 999 2846 1053 Sin
2879 1010 3060 1054 autem
3095 1000 3162 1054 iis
3195 1017 3298 1055 non
3331 1003 3402 1056 sit
3431 1013 3659 1056 centen-

2087 1098 2196 1152 tus,
2227 1098 2279 1143 et
2303 1104 2387 1144 res
2421 1089 2474 1142 in
2508 1091 2760 1160 proprios
2804 1107 2934 1146 usus
2969 1102 3274 1155 convertat,
3317 1103 3370 1147 et
3405 1091 3658 1148 Ecclesiae

2083 1179 2409 1242 reditus,vel
2432 1193 2682 1248 agrorum
2712 1179 2919 1234 fructus
2943 1196 3048 1234 non
3072 1195 3194 1235 cum
3218 1183 3658 1253 presbyterorum

2084 1270 2165 1323 vel
2198 1270 2555 1323 diaconorum
2593 1271 2861 1324 sententia
2893 1272 3237 1326 administret
3259 1314 3273 1337 ,
3301 1275 3394 1327 sed
3423 1274 3537 1328 suis
3564 1289 3658 1330 co-

2084 1361 2286 1432 gnatis,
2326 1362 2410 1414 vel
2447 1360 2728 1422 fratribus.
2780 1363 2861 1415 vel
2913 1363 3038 1418 liliis
3073 1365 3306 1435 plmbeat
3348 1366 3655 1430 facultates,

2083 1461 2143 1504 ut
2172 1466 2264 1518 per
2294 1449 2536 1504 rationes
2564 1449 2823 1505 Ecclesiae
2855 1451 3086 1506 latenter
3126 1455 3388 1508 laedantur
3409 1496 3424 1520 ,
3471 1456 3517 1510 is
3568 1457 3657 1510 det

2085 1541 2296 1610 synodo
2325 1539 2621 1610 provincia:
2669 1541 2958 1597 rationem.
2999 1543 3094 1596 Sin
3128 1553 3310 1599 autem
3337 1547 3498 1600 etiam
3524 1547 3657 1600 alias

2083 1631 2429 1685 insimuletur
2458 1631 2769 1700 episcopos,
2794 1633 2876 1686 vel
2903 1633 2993 1700 qui
3029 1643 3158 1688 sunt
3187 1650 3310 1688 cum
3346 1651 3410 1689 eo
3432 1637 3659 1706 presby-

2087 1724 2212 1788 teri,
2237 1723 2380 1791 quod
2415 1738 2535 1791 qua:
2558 1724 2834 1791 pertinent
2864 1725 2928 1778 ad
2944 1724 3260 1789 Ecclesiam,
3288 1727 3370 1780 vel
3394 1742 3458 1780 ex
3489 1729 3656 1793 agris,

2081 1811 2163 1868 vel
2185 1830 2251 1869 ex
2272 1830 2599 1884 quacunque
2621 1816 2726 1871 alia
2749 1831 2914 1872 causa
2940 1818 3332 1880 ecclesiastica,
3356 1819 3422 1872 ad
3448 1820 3658 1888 seipsos

401 1927 522 1973 πος,
558 1911 590 1981 ἢ
613 1912 662 1962 οί
690 1912 785 1964 σὺν
809 1908 958 1978 αύτῷ
985 1909 1365 1980 πρεσϐύτεροι,
1387 1907 1461 1970 ὡς
1487 1907 1553 1960 τά
1572 1909 1637 1977 τῇ
1681 1906 1978 1976 Ἐκκλησία

2085 1906 2341 1971 referant,
2373 1915 2431 1960 ut
2461 1922 2727 1975 pauperes
2759 1907 2979 1977 quidam
3007 1909 3410 1977 opprimantur,
3439 1919 3492 1963 et
3516 1910 3658 1963 invi-

399 2002 747 2072 διαφέροντα,
778 2003 896 2071 ἦτοι
924 2000 982 2065 ἐξ
1017 2001 1220 2069 ἀγρῶν,
1258 2000 1290 2070 ἢ
1327 1999 1385 2062 ἐξ
1415 1999 1607 2067 ἐτέρας
1650 1998 1974 2067 προφάσεως

401 2091 882 2160 ἐκκλησιαπικῆς,
912 2093 992 2154 είς
1023 2090 1248 2154 ἑαυτοὺς
1297 2089 1720 2158 ἀποφερόμενοι,
1746 2089 1820 2150 ὡς
1856 2087 1971 2139 θλί-

399 2182 590 2235 ϐεσθαι
612 2184 707 2252 μὲν
729 2183 853 2244 τοὺς
881 2181 1141 2251 πένητας,
1173 2179 1425 2249 διαϐολὴν
1451 2179 1505 2231 δὲ
1538 2179 1631 2230 καὶ
1664 2177 1974 2246 δυσφημίαν

2085 1997 2172 2051 dia
2208 2012 2270 2050 ac
2305 1998 2530 2052 infamia
2558 1999 2722 2053 verbo
2756 2000 3030 2065 inuratur,
3077 2010 3130 2054 et
3161 2002 3228 2056 iis
3257 2002 3346 2069 qui
3382 2004 3461 2055 sic
3489 2001 3660 2055 admi-

2081 2089 2314 2144 nistrant
2365 2107 2377 2142 :
2437 2090 2474 2143 ii
2537 2107 2756 2160 quoque
2819 2093 3216 2146 correctionem
3276 2101 3650 2162 assequamur

2082 2189 2272 2233 sancta
2305 2181 2514 2251 synodo
2543 2181 2593 2235 id
2635 2182 2781 2250 quod
2811 2182 2966 2235 decet
3010 2181 3375 2236 examinante.

401 2271 826 2342 προστρίϐεσθαι
858 2270 934 2339 τῷ
965 2285 1026 2322 τε
1060 2269 1204 2338 λόγῳ
1259 2270 1350 2321 καὶ
1381 2271 1493 2331 τοῖς
1518 2266 1660 2320 οὕτω
1696 2267 1978 2334 διοικοῦσι,
2022 2270 2116 2322 καὶ
2178 2269 2402 2332 τούτους
2466 2271 2800 2340 διορθώσεως
2832 2272 3117 2341 τυγχάνειν
3147 2289 3160 2304 ·
3192 2274 3252 2326 τὸ
3274 2273 3483 2342 πρέπον
3505 2273 3654 2328 δοκι-

403 2364 681 2434 μαζούσης
708 2365 806 2433 τῆς
836 2362 996 2430 ἁγίας
1019 2361 1256 2415 συνόδου.

398 2457 702 2524 Κυρίλλου
730 2455 796 2507 ἐκ
817 2453 925 2522 τῆς
955 2453 1104 2522 πρὸς
1129 2454 1357 2521 Δόμνον
1376 2451 1724 2520 ἐπιστολῆς,
1745 2468 1876 2520 κερ.
1908 2451 1972 2520 β’.

473 2545 537 2616 β’.
569 2545 650 2599 Τὰ
681 2545 736 2598 δὲ
775 2545 974 2609 ἀδίκως
1007 2543 1278 2615 ληφθέντα
1312 2543 1440 2614 παρ’
1471 2543 1635 2597 αὑτοῦ
1681 2545 1938 2615 χρήματα
1958 2581 1973 2608 ,

401 2654 527 2691 κ.τ.
560 2637 610 2690 λ.

577 2728 870 2795 Θεοφίλου
898 2725 966 2779 ἐκ
985 2725 1091 2779 τοῦ
1113 2723 1566 2794 ὑπομνηστικοῦ
1594 2740 1724 2792 nego.
1764 2722 1815 2776 ι’.

475 2815 527 2873 ι’.
556 2819 619 2871 Δί
643 2821 807 2888 χῆραι
827 2819 983 2869 καὶοὶ
1009 2818 1237 2885 πένητες
1263 2818 1358 2870 καὶ
1381 2818 1429 2869 οἱ
1457 2815 1975 2887 παρεπιδημοῦντες

403 2909 544 2974 ξένοι
571 2910 750 2978 πάσης
782 2908 1142 2969 ἀναπαύσεως
1172 2908 1594 2962 ἀπολαυέτωσαν
1631 2923 1644 2939 ·
1679 2909 1771 2961 καὶ
1797 2909 1868 2979 μή
1894 2925 1977 2970 τις

317 3067 326 3072 _
401 3005 471 3055 τά
506 3003 604 3069 τῆς
637 3001 961 3072 Ἐκκλησίας
1011 2999 1373 3053 ἰδιοποιείσθω
1409 3015 1423 3030 ⁸
1449 2999 1820 3071 ἀφιλάργυρον
1868 3000 1976 3070 γάρ

401 3090 544 3146 εἶναι
569 3093 647 3146 δεῖ
668 3092 758 3146 τὸν
790 3092 1100 3162 λειτουργὸν
1129 3091 1222 3144 τοῦ
1247 3091 1405 3144 Θεοῦ.

475 3183 655 3237 [Ιολλά
683 3183 782 3253 μὲν
825 3183 1039 3254 εἴρηται
1093 3184 1189 3236 καὶ
1231 3182 1362 3254 περὶ
1395 3182 1494 3251 τῆς
1527 3181 1842 3251 διοικήσεως
1875 3181 1986 3236 τῶν

401 3275 871 3345 ὲκκλησιαστικῶν
909 3279 1270 3344 πραγμάτων,
1303 3275 1362 3327 ὲν
1409 3273 1488 3345 τῷ
1533 3271 1576 3342 β’
1630 3273 1738 3326 τίτ.
1789 3273 1883 3327 τοῦ
1936 3273 1984 3327 α’

403 3368 544 3438 βιϐλ.
587 3365 681 3420 τοῦ
734 3366 861 3421 mea.
888 3367 978 3418 καὶ
1013 3366 1072 3416 ὲν
1111 3366 1384 3435 διαφόροις
1425 3364 1531 3418 τῶν
1558 3365 1787 3436 Νεαρῶν
1821 3367 1982 3432 διατ.,

401 3461 495 3512 καὶ
527 3457 797 3526 ἀνάγνωθι
826 3457 916 3510 τὸν
939 3455 982 3526 β’
1004 3456 1103 3509 τίτ.
1128 3455 1234 3508 τῶν
1261 3456 1438 3509 αὐτῶν
1472 3456 1719 3527 Νεαρῶν,
1759 3458 1851 3510 καὶ
1878 3457 1983 3527 μά-

400 3551 560 3603 λιστα
595 3551 692 3620 τὴν
719 3547 762 3618 β’
807 3548 972 3602 αὑτοῦ
1021 3548 1112 3600 καὶ
1141 3545 1188 3616 γ’
1218 3548 1362 3602 δίατ.
1416 3548 1776 3618 περιεχούσας
1808 3549 1985 3602 πάντα

399 3644 468 3694 ςὸι
499 3642 627 3713 περὶ
655 3641 1125 3710 ἐκκλησιαστικῶν
1163 3639 1479 3709 διοικήσεων
1519 3640 1614 3692 καὶ
1651 3641 1982 3710 προνομίων.

405 3735 662 3788 ΚΕΦΔΛ.
693 3733 840 3788 Γ’.--
863 3733 1000 3800 Περὶ
1022 3733 1382 3802 πραγμάτων
1410 3731 1507 3784 καὶ
1528 3733 1845 3799 προσόδων
1866 3731 1985 3785 τῶν

786 3823 1212 3876 ἁνεπισκόπων
1237 3818 1629 3886 Ἐκκλησιῶν.

735 3913 1004 3967 Συνόδου
1040 3911 1326 3981 Ἀγκύρας
1345 3911 1549 3965 κανὼν
1579 3916 1659 3964 ιε’.

474 4001 557 4058 ιε’.
587 4004 722 4074 Περὶ
753 4004 860 4057 τῶν
883 4003 1248 4075 διαφερόντων
1286 4003 1365 4075 τῷ
1397 4001 1679 4074 Κυριακῷ,
1712 4002 1813 4055 ὅσα
1858 4005 1980 4055 ἐπι·

404 4096 607 4148 σκόπου
642 4097 720 4164 μὴ
747 4095 899 4158 ὄντος
940 4094 1301 4166 πρεσϐύτεροι
1347 4093 1662 4164 ὲπὼλησαν,
1694 4093 1979 4147 ἀνακαλεῖ·

405 4186 528 4238 σθαι
558 4186 617 4239 τὸ
648 4187 922 4257 Κυριακόν
952 4205 964 4216 ·
996 4188 1054 4240 ὲν
1109 4187 1165 4238 δὲ
1209 4189 1274 4257 τῇ
1322 4185 1503 4255 κρίσει
1529 4186 1622 4239 τοῦ
1681 4186 1980 4238 ἐπισκόπου

403 4273 562 4342 εἶναι,
589 4281 696 4332 εἴτε
719 4283 984 4351 προσήκει
1015 4279 1306 4333 ἀπολαϐεῖν
1328 4279 1427 4348 τὴν
1444 4278 1608 4348 τιμὴν
1637 4279 1762 4340 τοὺς
1797 4277 1980 4339 κακῶς

2252 2452 2440 2523 Cyrilli
2469 2469 2532 2508 ex
2560 2455 2784 2522 epistola
2810 2453 2878 2506 ad
2919 2453 3180 2507 Domuum
3200 2497 3214 2520 ,
3243 2471 3361 2524 cup.
3405 2457 3462 2510 2.

2144 2545 2198 2599 2.
2241 2541 2530 2599 Pecuniam
2579 2555 2757 2600 autem
2804 2562 2925 2615 quae
2992 2562 3087 2616 per
3129 2547 3473 2616 iujustitiam,
3528 2557 3658 2618 ctc.,

2076 2647 2133 2690 ut
2163 2653 2286 2706 pag.
2319 2637 2446 2692 579.

2239 2695 2402 2797 V3ko
2434 2725 2474 2778 Τ
2478 2727 2701 2796 hcophili
2739 2695 3137 2783 commonitorio
3158 2773 3171 2794 ,
3198 2747 3316 2800 cap.
3367 2731 3455 2786 10.

2156 2817 2242 2872 10.
2278 2818 2464 2873 γωυεη
2500 2831 2551 2874 et
2583 2835 2842 2889 pauperes
2875 2831 2927 2876 et
2979 2825 3387 2893 peregrinantes
3421 2826 3659 2896 hospites

2086 2905 2234 2962 omni
2261 2908 2445 2977 quiete
2474 2906 2722 2964 fruantur
2745 2951 2759 2976 ,
2801 2920 2855 2966 et
2884 2927 3043 2966 nemo
3074 2927 3136 2965 ea
3167 2927 3287 2981 qua:
3320 2925 3447 2968 sunt
3476 2915 3660 2970 Eccle-

2086 3000 2182 3056 siae
2208 3040 2222 3064 ,
2256 3010 2314 3055 ut
2337 3017 2432 3056 sua
2465 3013 2708 3072 usurpet.

2163 3177 2376 3232 Teattus.
2411 3179 2574 3234 Multa
2600 3181 2666 3236 de
2695 3196 2877 3236 rerum
2905 3183 3399 3238 ecclesiasticarum
3427 3183 3660 3238 admini-

2087 3273 2352 3325 stratione
2377 3273 2524 3326 dicta
2558 3281 2684 3328 sunt
2730 3275 2783 3327 in
2825 3274 2908 3328 tit.
2939 3275 2994 3339 2,
3029 3276 3125 3330 lib.
3155 3287 3194 3338 ι,
3238 3276 3361 3329 cod.
3391 3285 3444 3329 et
3477 3276 3661 3330 multis

2087 3361 2432 3418 Novellarum
2457 3366 2966 3421 constitutionibus.
3006 3366 3179 3438 Legas
3220 3383 3345 3423 vero
3379 3368 3464 3421 tit.
3489 3368 3524 3420 2
3549 3367 3660 3422 No-

2086 3455 2371 3518 wllarum,
2411 3461 2464 3510 et
2502 3458 2800 3525 praesertim
2852 3457 2886 3511 2
2931 3469 2984 3512 et
3016 3458 3049 3512 5
3137 3459 3257 3528 ejus
3309 3467 3486 3514 const.
3542 3475 3664 3528 qua:

2087 3549 2555 3618 comprehendunt
2585 3566 2924 3620 quaecunque
2962 3551 3028 3605 ad
3058 3551 3457 3608 ecclesiasticas
3484 3551 3663 3606 admi-

2087 3641 2442 3696 nistrationes
2485 3650 2539 3696 et
2572 3643 2849 3713 privilegia
2880 3645 3180 3713 pertinent.

2085 3728 2237 3784 CAP.
2271 3729 2360 3785 lll.
2395 3759 2463 3772 -—
2492 3733 2568 3786 De
2600 3732 2752 3786 rebus
2792 3745 2839 3786 et
2872 3734 3161 3788 redditibus
3185 3731 3545 3789 Ecclesiarum
3575 3749 3665 3787 va-

2739 3826 2994 3879 cautium.

2441 3915 2666 3969 Concilii
2714 3916 2984 3985 Ancyrani
3018 3933 3186 3970 canon
3216 3917 3304 3972 15.

2075 4049 2078 4052 .
2162 4005 2250 4060 15.
2297 4005 2374 4059 Ex
2418 4006 2486 4060 iis
2531 4022 2652 4076 quae
2690 4008 2963 4076 pertinent
3012 4010 3078 4062 ad
3111 4008 3487 4076 Dominicum,
3523 4027 3664 4081 qua:-

2083 4112 2320 4168 cunque,
2357 4099 2486 4153 dum
2529 4113 2636 4152 non
2670 4110 2810 4155 esset
2833 4099 3119 4170 episcopus
3142 4140 3155 4163 ,
3201 4103 3504 4172 presbyteri
3534 4119 3665 4156 vcn-

2083 4195 2359 4260 diderunt,
2384 4209 2640 4250 revocare
2673 4193 3014 4249 Dominicum
3042 4213 3056 4249 :
3091 4195 3332 4266 episcopi
3362 4206 3542 4251 autem
3572 4197 3663 4266 juo

2082 4283 2226 4337 dicio
2267 4284 2500 4352 relinqui
2535 4323 2550 4349 ,
2591 4298 2659 4336 an
2712 4292 2966 4352 oporteat
3008 4286 3240 4352 pretium
3291 4285 3562 4352 recipere,
3595 4299 3660 4336 an

403 4372 810 4442 ὠνησαμένους,
845 4371 955 4423 εἴτε
973 4372 1066 4424 καὶ
1091 4369 1184 4440 μὴ,
1201 4370 1289 4423 διά
1311 4369 1372 4422 τὸ
1397 4369 1659 4430 πολλάκις
1680 4370 1780 4438 τὴν
1811 4368 1980 4436 πρόσ-

2089 4391 2197 4430 non
2229 4394 2245 4430 :
2314 4383 2500 4444 utpote
2543 4374 2686 4443 quod
2731 4389 2919 4427 eorum
2968 4390 3090 4443 qua:
3127 4384 3256 4430 sunt
3290 4375 3504 4430 vendita
3533 4414 3546 4438 ,
3583 4376 3664 4430 eis

404 4461 525 4512 οδον
551 4461 660 4513 τῶν
709 4461 1076 4533 πεπραμένων
1107 4459 1505 4520 ἀποδεδωκέναι
1541 4459 1723 4520 αὐτοῖς
1776 4456 1986 4520 τούτοις

406 4549 629 4607 πλείονα
658 4553 758 4622 τὴν
792 4553 983 4622 τιμήν.

674 4643 944 4698 Συνόδου
975 4640 1361 4707 Χαλκηδόνος
1383 4640 1584 4693 κανὼν
1618 4647 1714 4693 κε’.

479 4736 578 4790 κε’.
635 4737 964 4806 Ἐπειδήπερ
1011 4735 1154 4798 τινὲς
1190 4733 1300 4786 τῶν
1347 4732 1756 4803 μητροπολιτῶν
1789 4733 1862 4796 ὡς
1891 4749 1990 4783 πε-

410 4833 778 4906 ριηχήθημεν,
811 4851 864 4885 κ.
894 4850 945 4888 τ.
977 4833 1026 4886 λ.

583 4921 854 4976 Συνόδου
873 4917 1290 4988 οὶκουμενικῆς
1308 4919 1486 4986 ἕκτης
1509 4919 1708 4972 κανὼν
1732 4920 1822 4973 λε’.

475 5011 571 5066 λε’.
594 5013 685 5084 Μὴ
709 5013 910 5080 ἐξέστω
937 5013 1045 5066 τινὶ
1066 5013 1172 5064 τῶν
1194 5014 1410 5067 πάντων
1444 5012 1878 5083 μητροπολιτῶν,
1901 5029 1991 5065 τε-

404 5104 709 5170 λευτῶντος
744 5105 1066 5171 ἐπισκόπου,
1103 5105 1385 5168 τελοῦντος
1417 5106 1521 5158 ὑπὸ
1541 5105 1633 5158 τὸν
1667 5107 1784 5158 κατ’
1825 5105 1986 5158 αὐτὸν

407 5196 616 5266 θρόνον,
646 5197 717 5250 τὰ
745 5197 910 5251 αὐτοῦ
941 5199 1261 5268 πράγματα,
1352 5199 1449 5267 τῆς
1501 5198 1620 5250 κατ’
1654 5196 1814 5250 αὑτὸν
1862 5198 1983 5250 Ἐκ-

407 5285 636 5356 κλησίας
670 5287 1022 5356 ἀφαιρεῖσθαι
1058 5287 1090 5357 ἢ
1121 5287 1572 5358 σφετερίζεσθαι·
1607 5287 1722 5341 ἀλλ’
1748 5286 1850 5340 ὑπὸ
1882 5304 1989 5338 πα-

409 5376 727 5448 ραφυλακὴν
754 5377 996 5431 ἔστωσαν
1035 5377 1128 5431 τοῦ
1176 5379 1380 5448 κλήρου
1419 5378 1516 5446 τῆς
1539 5376 1869 5446 Ἐκκλησίας
1924 5373 1988 5448 ἧς

408 5469 438 5517 ὁ
464 5467 793 5538 τελευτήσας
835 5468 1098 5540 ἐτύγχανε
1145 5470 1424 5540 πρόεδρος,
1466 5468 1625 5540 μέχρι
1660 5468 1758 5538 τῆς
1794 5468 1982 5539 ἐτέρου

410 5561 708 5614 ἐπισκόπου
756 5564 1109 5634 προαγωγῆς,
1139 5562 1294 5624 ἐκτὸς
1345 5563 1394 5613 εί
1429 5562 1502 5631 μὴ
1535 5562 1786 5630 κληρικοὶ
1823 5563 1879 5613 ἐν
1920 5564 1983 5630 τῇ

410 5649 548 5718 αὐτῇ
595 5651 892 5723 Ἐκκλησία
919 5653 1016 5723 οὐχ
1058 5652 1461 5723 ὑπελείφθησαν
1493 5667 1508 5682 ο
1537 5651 1838 5722 τηνικαῦτα
1883 5655 1988 5722 γὰρ

2091 4467 2225 4536 ipsis
2265 4465 2443 4536 majus
2475 4465 2711 4535 pretium
2747 4463 3061 4518 reddiderit.

2372 4639 2596 4694 Concilii
2629 4637 3068 4692 Chalcedonensis
3097 4654 3267 4691 canon
3290 4637 3378 4691 9.5.

2159 4733 2250 4788 25.
2311 4732 2583 4797 Quoniam
2635 4731 2885 4784 nonnulli
2932 4731 3367 4801 metropolitani,
3417 4739 3550 4798 ctc.,
3607 4743 3662 4785 ut

2094 4842 2220 4896 pag.
2250 4824 2374 4880 498.

2397 4915 2624 4971 Concilii
2658 4915 2959 4968 aecumenici
2987 4930 3037 4968 Vt
3064 4931 3233 4968 canon
3269 4916 3361 4970 55.

2161 5009 2251 5066 55.
2285 5006 2430 5062 Nulli
2455 5007 2702 5062 omnium
2740 5005 3284 5074 metropolitanorum
3317 5007 3496 5072 liceat,
3523 5024 3664 5063 mor-

2091 5111 2185 5156 tuo
2207 5103 2486 5171 episcopo,
2523 5100 2614 5169 qui
2640 5100 2760 5169 ejus
2793 5099 2988 5151 throno
3018 5101 3229 5163 subest,
3258 5115 3344 5154 res
3367 5099 3561 5168 ipsius,
3585 5102 3664 5153 νυΙ

2088 5191 2346 5248 Ecclesia:
2396 5191 2515 5260 ejus
2541 5188 2776 5248 auferre,
2809 5188 2891 5240 Vel
2930 5188 3033 5242 sibi
3085 5187 3360 5242 vindicare
3395 5207 3407 5242 :
3435 5191 3526 5242 sed
3559 5190 3662 5243 sint

2089 5285 2193 5339 Sub
2225 5285 2472 5339 custodia
2526 5281 2654 5335 cleri
2695 5277 2853 5350 341
2904 5279 3180 5344 Ecclesiae,
3230 5279 3320 5334 cui
3375 5279 3663 5334 defunctus

2087 5377 2339 5445 praefuit,
2386 5389 2560 5442 usque
2587 5373 2652 5426 ad
2688 5370 2913 5425 alterius
2940 5371 3180 5440 episcopi
3232 5371 3662 5438 promotionem;

2087 5478 2450 5536 praeterquam
2485 5464 2615 5519 siin
2647 5463 2834 5517 eadem
2883 5461 3124 5516 Ecclesia
3172 5477 3278 5515 non
3330 5461 3508 5514 relicti
3556 5459 3662 5512 sint

2087 5559 2295 5613 clerici.
2345 5557 2502 5611 Tunc
2544 5555 2691 5611 enim
2743 5554 3201 5623 metropolitanus
3251 5568 3312 5605 ea
3344 5568 3451 5605 non
3501 5550 3660 5604 dimi-

2088 5662 2219 5704 nuta
2251 5649 2510 5713 servabit,
2545 5645 2851 5703 ordinando
2886 5646 3144 5715 episcopo
3185 5645 3366 5698 onmia
3407 5643 3662 5698 reddens.

409 5737 440 5787 ὁ
502 5741 900 5813 μητροπολίτης
953 5743 1125 5798 ταῦτα
1177 5742 1551 5814 παραφυλάξει
1596 5743 1863 5814 ἁμείωτα,
1906 5743 1981 5811 τῷ
2021 5739 2588 5813 χειροτονηθησομένῳ
2615 5735 2899 5807 ἐπισκόπῳ
2923 5737 3098 5791 πάντα
3125 5735 3374 5798 ἀποδούς.

485 5831 576 5884 "1
617 5833 758 5890 Tim.
794 5854 866 5902 γι,
898 5837 949 5892 8.
