4156 6456
683 415 686 417 ’
1690 445 1954 506 ΡΙΙΟΤΠ
1991 449 2497 514 PATRIARCIL’E
2535 456 2667 518 GP.

3700 467 3769 529 82

608 468 638 499 ι)
1690 468 1953 506 t'uuut
1992 468 2119 510 ιἈι

608 545 758 602 (ΠΡ.
795 543 884 600 IV.
938 578 1002 588 --
1053 548 1132 602 De
1165 552 1484 609 alienatione
1525 571 1697 609 rerum
1736 557 2119 615 ecclesiastica-

2223 468 2497 514 Λιίιλιιίις
2535 468 2646 518 ω’.
3700 468 3804 530 821

2299 565 2550 621 ΚΕΦΑΛ.
2603 573 2679 623 Δ’.
2705 596 2773 606 --
2798 569 2939 640 Περὶ
2962 569 3334 643 ἐκποιήσεως
3383 577 3811 646 ἐκκλησιαστιο

538 653 675 692 ram.
2219 655 2366 714 κῶν,

657 768 662 772 .
894 730 1267 800 Apostolorum
1299 753 1522 792 canones
1553 740 1642 804 58,
1678 741 1764 794 75.

2222 674 2366 714 κων.

2587 754 2976 811 Ἀποστόλων
3000 758 3204 813 κανὼν
3227 759 3332 831 λη’,
3363 767 3461 830 ογ’.

608 823 676 876 58
713 822 850 896 [57].
908 825 1167 882 Omnium
1193 847 1374 884 rerum
1409 834 1943 904 ecclesiaSticaruui,
1983 847 2114 903 etc.,

536 926 592 965 ut
621 930 739 969 nan.
781 916 907 969 818.

2290 844 2390 916 λη’.
2413 845 2636 902 Πάντων
2648 847 2756 902 τῶν
2767 851 3234 920 ἐκκλησιαστικῶν
3249 853 3679 924 πραγμάτων,κ.
3697 869 3746 905 τ.
3760 851 3812 907 λ.

619 930 739 983 pag.
781 930 907 969 διδ.

609 1008 676 1059 75
727 1007 863 1080 [7‘2].
927 1008 1039 1068 Vas
1097 1028 1323 1070 aureum
1380 1018 1466 1074 vel
1518 1030 1861 1092 argenteum,
1889 1034 2020 1090 ete.,
2062 1034 2119 1079 ut

609 1119 656 1158 α.
685 1103 810 1158 575.

2292 1028 2392 1101 ογ’.
2425 1030 2626 1096 Σκεῦος
2656 1031 2892 1103 χρυσοῦν
2919 1033 2950 1104 ἢ
2987 1033 3264 1106 ἀργυροῦν
3285 1035 3567 1104 ἁγιασϐὲν,
3591 1053 3652 1088 κ.
3679 1052 3730 1087 τ.
3759 1035 3811 1089 λ.

534 1117 810 1172 pag.ot5.

905 1198 1138 1256 Concilii
1174 1204 1448 1274 Απομναηί
1476 1224 1644 1262 canon
1676 1209 1763 1266 l5.

594 1287 682 1342 l5.
715 1288 792 1343 Ex
827 1289 894 1345 iis
921 1308 1045 1362 quae
1085 1296 1358 1363 pertinent
1387 1301 1454 1354 ad
1499 1299 1872 1369 Dominicum,
1899 1310 2034 1369 etc.,
2063 1313 2120 1357 ut

531 1394 652 1449 pag.
685 1380 812 1436 822.

891 1475 1125 1530 Concitii
1153 1475 1366 1533 Nicani
1410 1496 1449 1536 ll
1477 1497 1645 1536 canon
1678 1483 1766 1537 l2.

605 1565 864 1624 Ecclesia:
902 1570 1221 1640 prarpositns
1267 1588 1372 1626 non
1436 1574 1584 1627 debet
1627 1574 1836 1642 praedia
1871 1571 2129 1630 I'Irclesitav

533 1660 792 1713 alienare.

605 1751 692 1804 1'2.
738 1750 796 1806 Si
826 1752 954 1823 quis
985 1753 1278 1824 episcopus
1323 1755 1409 1810 vel
1462 1758 1787 1812 monasterii
1831 1756 2123 1828 praefectus

532 1840 790 1898 inventus
868 1845 1032 1898 l’uerit
1103 1862 1168 1899 ex
1236 1846 1588 1917 episcopatus
1659 1849 1744 1903 vel
1803 1849 2120 1905 monasterii

2544 1207 2818 1262 Συνόδου
2854 1205 3146 1277 Ἀγκύρας
3161 1209 3362 1262 κανὼν
3393 1209 3473 1264 ιε’.

2297 1298 2376 1355 ιε’.
2415 1301 2549 1373 Περὶ
2581 1301 2692 1355 τῶν
2733 1302 3098 1374 διαφερόντων
3144 1303 3223 1375 τῷ
3253 1305 3520 1378 Κυριακῷ
3575 1325 3638 1363 κ.
3672 1325 3724 1362 τ.
3758 1307 3814 1363 λ.

2471 1477 2744 1533 Συνόδου
2781 1477 3034 1544 Νικαίας
3053 1479 3118 1533 τὸ
3142 1479 3226 1544 β’,
3247 1479 3446 1534 κανὼν
3468 1479 3557 1550 ιβ’.

2296 1571 2424 1624 Ὀτι
2457 1573 2529 1624 οὐ
2555 1570 2650 1624 δεῖ
2670 1570 3038 1625 ἐκποιεῖσθαι
3064 1571 3402 1642 ἡγούμενον
3428 1573 3497 1626 ἐκ
3518 1572 3643 1626 τῶν
3666 1589 3814 1642 ,προ-

2221 1663 2483 1716 αστείων
2521 1661 2630 1731 τῆς
2673 1663 3061 1730 Ἐκκλησιάς.

2297 1753 2388 1825 ιβ’.
2428 1754 2496 1807 Εἴ
2541 1771 2627 1818 τις
2655 1754 2954 1818 ἐπίσκοπος
3011 1755 3261 1827 εὑρεθείη
3301 1755 3334 1827 ἢ
3389 1757 3723 1828 ἡγούμενος,
3749 1759 3809 1810 ἐκ

2222 1848 2329 1900 τῶν
2351 1847 2719 1918 αὑτουργείων
2733 1845 2828 1899 τοῦ
2859 1848 3212 1900 ἐπισκοπείου
3234 1848 3268 1918 ἢ
3288 1847 3380 1901 τοῦ
3408 1866 3658 1919 μοναστη
3669 1850 3808 1917 ρίου,

533 1939 682 2006 agris
709 1978 724 1998 ,
752 1936 804 1990 in
843 1938 1105 2007 principis
1148 1939 1385 2008 alicujus
1417 1955 1613 1994 manus
1639 1940 1900 2004 alienare,
1923 1940 2008 1994 vel
2039 1940 2118 1995 al-

2222 1941 2608 2008 ἐκποιούμενος
2645 1939 2724 2001 είς
2755 1939 3079 2011 αρχοντικὴν
3119 1941 3359 2012 χεῖρα,ἥ
3416 1942 3591 2012 ἑτέρῳ
3642 1959 3813 2014 προσ-

533 2028 637 2083 teri
670 2044 916 2099 personui
952 2029 1190 2094 tradere,
1236 2031 1442 2085 nullius
1475 2031 1544 2085 sit
1580 2031 1844 2086 momenti
1876 2020 2115 2094 traditio,

536 2131 599 2175 ut
631 2131 945 2176 sanctorum
975 2124 1348 2191 apostolorum
1387 2121 1500 2176 vult
1527 2137 1706 2177 canon
1741 2123 1832 2190 qui
1869 2123 2001 2177 dicit
2025 2129 2069 2160 ⁷⁷
2101 2137 2113 2174 :

533 2213 792 2270 Omnium
822 2231 1005 2269 rerum
1039 2215 1541 2270 ecclesiasticarum
1588 2217 1879 2286 cpiscopus
1927 2230 2114 2269 curam

534 2316 708 2378 gerat,
752 2316 806 2362 et
848 2321 911 2362 ea
965 2306 1310 2362 administret
1358 2317 1618 2377 tanquam
1680 2307 1791 2361 Deo
1851 2307 2116 2360 intuente.

531 2396 611 2452 Ne
647 2397 808 2452 liceat
850 2408 1029 2453 autem
1063 2399 1361 2470 quidquam
1401 2415 1468 2454 ex
1517 2399 1598 2456 eis
1652 2400 1755 2454 sibi
1820 2399 2117 2461 vindicare,

530 2491 617 2545 vel
665 2492 902 2562 propriis
966 2493 1212 2563 cognatis
1261 2509 1384 2562 quae
1412 2493 1502 2547 Dei
1562 2501 1690 2548 sunt
1757 2492 1998 2562 elargiri.
2061 2491 2118 2545 Si

529 2593 713 2638 autem
746 2585 856 2638 sint
889 2599 1176 2654 pauperes,
1207 2595 1266 2638 ut
1294 2584 1626 2654 pauperibus
1663 2583 1994 2654 suppeditet,
2023 2582 2118 2635 sed

530 2691 644 2732 non
689 2691 883 2730 eorum
923 2688 1186 2746 pra-textu
1229 2693 1314 2731 res
1359 2676 1616 2732 Ecclesiae
1667 2676 1978 2731 venumdet.
2020 2674 2116 2729 Sin

528 2779 710 2823 autem
738 2769 1129 2825 detrimentum
1159 2768 1351 2822 aﬂ‘erre
1375 2777 1654 2834 causetur,
1693 2783 1794 2822 nec
1817 2768 2117 2837 quidquam

528 2875 596 2913 ex
622 2875 754 2929 agro
782 2860 1139 2914 emolumenti
1173 2862 1403 2930 percipi,
1434 2875 1503 2913 ne
1535 2861 1617 2914 sic
1646 2859 1866 2929 quidem
1907 2858 2118 2928 prim-i-

526 2952 709 3022 pibus,
746 2953 836 3021 qui
885 2961 1014 3008 sunt
1047 2952 1100 3005 in
1144 2968 1209 3005 eo
1242 2953 1389 3019 loco,
1441 2952 1640 3006 alicnct
1696 2950 1981 3021 pra-dium,
2023 2949 2116 3005 sed

528 3046 744 3102 clericis
779 3047 862 3101 vel
913 3047 1189 3116 agricolis.
1239 3047 1334 3100 Sin
1390 3055 1572 3099 autem
1631 3047 1812 3114 aliqua
1870 3045 2116 3113 improba

528 3139 829 3195 calliditate
861 3149 1105 3205 utentur,
1139 3149 1192 3194 ct
1223 3138 1390 3211 342
1439 3137 1506 3191 ab
1532 3137 1773 3208 agricola
1806 3138 1885 3190 vel
1917 3137 2118 3190 clerico

529 3245 723 3300 agrum
761 3231 1016 3300 princeps
1054 3232 1268 3296 eluerit,
1306 3232 1386 3284 sic
1416 3245 1634 3300 quoque
1667 3230 1870 3285 nullius
1896 3230 1968 3283 sit
1999 3244 2117 3283 mo-

528 3322 697 3375 menti
727 3323 990 3381 venditio.
1022 3332 1075 3377 et
1107 3322 1450 3392 episcOpatui
1512 3321 1597 3375 vel
1653 3321 1982 3376 monasterio
2031 3336 2118 3375 re-

529 3412 811 3468 stituatur.
859 3413 1029 3466 Porro
1068 3414 1360 3484 episc0pus
1409 3413 1493 3467 vel
1545 3415 1862 3468 monasterii
1922 3415 2117 3484 prafe-

528 3514 654 3561 ctus
684 3505 777 3576 qui
812 3507 914 3560 lioc
956 3503 1170 3572 fecerit,
1205 3507 1529 3562 exturbatur
1573 3507 1791 3576 quidem
1823 3507 2116 3576 episcopus

530 3602 600 3654 ab
624 3601 971 3669 cpisc0patu,
1007 3601 1326 3654 monasterii
1357 3614 1488 3655 vero
1524 3599 1815 3670 praefectus
1846 3615 1876 3652 a
1919 3615 2118 3653 mona-

529 3693 718 3757 sterio,
763 3703 819 3746 ut
847 3693 942 3760 qui
982 3693 1126 3747 male
1173 3692 1443 3762 dissipent
1483 3709 1606 3764 quae
1651 3707 1758 3747 non
1809 3707 2116 3764 congrega-

529 3795 674 3838 vere.

707 3871 902 3942 Cyrilli
923 3888 986 3925 ea:
1022 3873 1246 3942 cpistola
1277 3874 1348 3927 ad
1383 3873 1649 3928 Domuum
1679 3889 1797 3944 cap.
1827 3873 1882 3928 2.

598 3964 656 4018 2.
683 3964 977 4020 Pecuniam
1013 3976 1194 4021 autem
1231 3984 1354 4038 quae
1406 3983 1500 4038 per
1537 3967 1863 4037 injustitiam
1887 3976 2027 4036 etc.,
2058 3977 2117 4021 ut

528 4059 812 4129 pag.579.

528 4232 548 4277 ι
594 4151 742 4278 llnge
776 4169 898 4224 qua:
934 4164 1195 4210 aiinotata
1227 4167 1358 4210 sunt
1396 4155 1449 4210 in
1475 4170 1595 4225 cap.
1647 4156 1683 4210 2
1734 4155 2022 4226 praiseutis
2051 4154 2120 4209 ti-

556 4243 584 4276 ιι
615 4241 648 4277 ι.

556 4241 648 4277 illi.

599 4316 754 4372 CAP.
791 4315 856 4371 ν.
883 4315 961 4370 De
993 4335 1047 4371 re
1079 4317 1143 4372 ab
1174 4320 1433 4390 episcopis
1455 4329 1548 4374 aut
1585 4319 1792 4376 clericis
1820 4329 1936 4391 post
1969 4319 2120 4375 ordi-

530 4410 795 4464 nationem
817 4412 1108 4480 acquisita.

814 4521 1040 4578 Concilii
1064 4525 1500 4595 Cartltaginensis
1543 4545 1712 4582 canon
1741 4528 1832 4584 '52.

599 4614 657 4669 Si
694 4616 811 4686 quis
870 4616 1182 4670 clrricorum
1241 4635 1439 4689 pauper
1476 4631 1750 4690 promotus
1800 4623 1854 4676 in
1913 4623 2118 4688 ordine,
2151 4635 2197 4692 ο

527 4712 706 4774 postea
733 4705 971 4759 habuerit
1007 4708 1235 4777 aliquid,
1269 4707 1526 4763 Ecclesiw
1548 4712 1801 4778 potestati
1821 4711 2114 4780 subjaceat.

598 4879 688 4933 5'2.
727 4877 860 4931 Item
900 4877 1012 4948 (l8)
1058 4879 1283 4949 placuit,
1339 4891 1397 4935 ut
1447 4884 1716 4953 cpisc0pi,
1785 4884 2117 4958 presbyteri,

528 4970 772 5036 diacnni,
804 4971 888 5024 vel
921 4972 1238 5043 quicunque
1268 4974 1475 5042 clerici,
1513 4977 1604 5046 qui
1653 4978 1792 5032 nihil
1852 4978 2116 5034 habentes

530 5064 881 5128 ordmantur,
933 5073 987 5118 et
1046 5073 1290 5134 tempore
1319 5069 1674 5139 episcopatus
1707 5070 1788 5125 vel
1823 5071 2117 5126 clericatus

531 5159 650 5224 sui,
701 5172 862 5227 agros
915 5157 1001 5211 vel
1060 5173 1400 5229 quaecunque
1471 5163 1673 5232 praedia
1730 5165 1954 5220 nomine
2015 5180 2119 5221 suo

533 5258 880 5316 comparant,
934 5257 1197 5316 tanquam
1254 5264 1436 5305 rerum
1492 5253 1900 5308 Dominicarum
1959 5255 2115 5310 iuva—

531 5342 707 5396 sionis
737 5340 969 5395 crimine
1015 5349 1304 5396 teneantur
1337 5361 1351 5398 :
1385 5346 1488 5399 nisi
1526 5346 1791 5402 admoniti
1826 5347 1879 5401 in
1928 5347 2117 5402 Eccle-

532 5437 668 5489 siam
697 5435 886 5489 eadem
913 5435 1033 5503 ipsa
1061 5434 1412 5491 contulerint.
1441 5437 1496 5494 Si
1531 5449 1713 5494 autem
1740 5440 1873 5510 ipsis
1897 5443 2118 5513 proprie

533 5528 739 5598 aliquid
785 5527 1117 5582 liberalitate
1173 5527 1431 5600 alicujus,
1491 5533 1575 5587 νει
1611 5534 1963 5591 successione
2017 5551 2115 5590 co-

594 5708 640 5741 "
671 5708 886 5766 Conon.
921 5711 1012 5767 59.

2219 2031 2356 2102 ὠπῳ
2399 2031 2663 2096 ἐκδιδοὺς,
2701 2029 2907 2102 ἄκυρον
2935 2026 3077 2085 εἶναι
3119 2031 3219 2102 τὴν
3258 2031 3490 2098 ἔκδοσιν,
3528 2033 3678 2086 κατὰ
3723 2033 3812 2086 τὸν

2220 2124 2420 2178 κανόνα
2451 2123 2560 2177 τῶν
2595 2123 2768 2191 ἁγίων
2818 2124 3132 2178 ἀποστόλων
3171 2125 3262 2178 τὸν
3294 2125 3545 2193 λέγοντα,
3587 2126 3811 2180 Πάντων

2219 2215 2331 2269 τῶν
2373 2215 2846 2286 ἐκκλησιαστικῶν
2879 2217 3220 2287 πραγμάτων
3253 2219 3281 2271 ό
3310 2217 3612 2282 ἐπίσκοπος
3643 2219 3812 2288 ἐχέτω

2220 2305 2321 2378 τὴν
2368 2307 2647 2376 φροντίδα,
2687 2307 2785 2361 καὶ
2811 2307 3086 2362 διοικείτω
3110 2309 3248 2362 αὐτὰ
3279 2309 3355 2373 ὡς
3389 2309 3526 2363 Θεοῦ
3562 2309 3807 2380 ἐφορῶν-

2219 2416 2312 2462 τος
2343 2417 2357 2431 ·
2391 2399 2466 2471 μὴ
2500 2399 2700 2465 ἐξεῖναι
2731 2400 2880 2472 αὐτῷ
2919 2399 3335 2470 σφετερίζεσθαι
3396 2418 3449 2455 τι
3489 2402 3548 2469 ἐξ
3605 2401 3805 2466 αὐτῶν,

2221 2492 2254 2564 ἢ
2295 2492 2613 2560 συγγενέσιν
2669 2492 2818 2556 ἰδίοις
2848 2493 2918 2548 τά
2943 2493 3037 2546 τοῦ
3073 2491 3209 2546 Θεοῦ
3239 2493 3562 2564 χαρίζεσθαι
3606 2509 3621 2522 ·
3660 2494 3710 2546 εί
3751 2493 3810 2546 δὲ

2221 2584 2452 2652 πένητες
2483 2578 2614 2647 εἷεν,
2668 2585 3068 2654 ἐπιχορηγείτω
3109 2584 3186 2647 ὡς
3227 2584 3480 2655 πένησιν,
3532 2584 3675 2638 ἀλλὰ
3731 2584 3804 2654 μὴ

2220 2676 2494 2746 προφάσει
2517 2675 2722 2728 τούτων
2745 2677 2813 2728 τὰ
2838 2677 2936 2744 τῆς
2975 2676 3302 2746 Ἐκκλησίας
3319 2676 3730 2746 ἁπεμπολείτω·
3761 2679 3811 2728 εί

2219 2767 2276 2820 δὲ
2306 2767 2717 2839 προφασίζοιτο,
2763 2767 3240 2840 ζημίανέμποιεϊν
3269 2785 3283 2799 ⁸
3319 2769 3415 2823 καὶ
3455 2770 3628 2841 μηδὲν
3674 2769 3808 2838 πρὸς

2219 2859 2406 2928 δνησιν
2445 2859 2734 2930 τυγχάνειν
2788 2860 2880 2913 τὸν
2913 2861 3103 2931 ἀγρὸν,
3147 2861 3221 2932 μὴ
3254 2861 3299 2914 δ’
3329 2859 3473 2914 οὕτω
3517 2863 3634 2925 τοῖς
3670 2860 3806 2914 κατὰ

2221 2950 2385 3004 τόπον
2416 2951 2676 3022 ἄρχουσιν
2703 2950 2966 3005 ἐκδιδόναι
2990 2951 3081 3005 τὸν
3123 2951 3309 3018 τόπον,
3342 2950 3479 3006 ἀλλὰ
3525 2951 3808 3022 κληρικοῖς

2219 3045 2252 3116 ἢ
2284 3049 2552 3116 γεωργοῖς
2583 3061 2596 3077 ’
2638 3047 2688 3098 εί
2715 3046 2771 3098 δὲ
2795 3044 3104 3117 πανουργίᾳ
3131 3045 3343 3116 πονηρᾷ
3369 3045 3682 3115 χρήσοιντο,
3713 3040 3808 3095 καὶ
3857 3067 3864 3075 -

2221 3139 2286 3191 ἐκ
2313 3137 2404 3191 τοῦ
2439 3136 2688 3210 γεωργοῦ
2721 3139 2754 3208 ἥ
2780 3137 2873 3191 τοῦ
2905 3137 3170 3208 κληρικοῦ
3204 3137 3473 3207 ὠνήσεται
3508 3136 3694 3210 ἄρχων
3718 3134 3804 3188 τὸν

2223 3230 2415 3299 ἀγρὸν,
2442 3230 2534 3283 καὶ
2557 3229 2731 3294 οὕτως
2764 3232 2969 3302 ἄκυρον
2999 3227 3262 3300 εἶναιτὴν
3307 3229 3532 3296 πρᾶσιν,
3562 3233 3659 3285 καὶ
3675 3231 3803 3282 ἀπο-

2225 3321 2588 3376 καθίστασθαι
2609 3324 2668 3375 ἐν
2693 3322 2768 3393 τῷ
2797 3324 3138 3395 ὲπισκοπείῳ
3166 3324 3200 3394 ἢ
3225 3326 3283 3377 ἐν
3304 3321 3381 3393 τῷ
3414 3322 3768 3394 μοναστηρίῳ
3785 3333 3806 3347 '

2224 3414 2318 3467 καὶ
2345 3415 2640 3477 ἐπίσκοπος
2669 3415 2727 3468 δὲ
2767 3415 2800 3486 ἢ
2856 3415 3156 3487 ἡγούμενος
3197 3416 3356 3468 τοῦτο
3404 3415 3575 3468 ποιῶν
3615 3413 3804 3466 ἐκδιω-

2225 3505 2427 3577 χοήτω,
2452 3507 2480 3558 ό
2504 3506 2602 3575 μὲν
2636 3506 2935 3570 ἐπίσκοπος
2967 3506 3061 3560 τοῦ
3092 3507 3470 3572 ἐπισκοπείου,
3502 3507 3530 3558 ὁ
3550 3505 3610 3558 δὲ
3645 3501 3807 3575 ἡγού-

2227 3599 2390 3669 μένος
2428 3599 2816 3672 μοναστηρίου,
2845 3599 2920 3661 ὡς
2949 3599 3422 3670 διασκορπίζοντες
3475 3598 3665 3662 κακῶς
3686 3596 3721 3651 ὃ.
3745 3594 3808 3647 οὐ

2227 3693 2556 3762 συνήγαγον.

2219 3869 2528 3935 Κυρίλλου
2557 3868 2626 3922 ἐκ
2645 3866 2754 3935 τῆς
2778 3868 2930 3936 πρὸς
2959 3869 3192 3937 Δόμνον
3221 3865 3556 3934 ἐπιστολῆς
3583 3885 3718 3936 κερ.
3741 3863 3804 3936 βπ.

2295 3959 2361 4031 βί.
2395 3960 2478 4013 Τὰ
2513 3960 2569 4013 δὲ
2599 3960 2798 4025 ἀδίκως
2821 3959 3095 4032 ληφθέντα
3117 3978 3172 4014 κ.
3204 3977 3254 4018 τ.
3294 3960 3343 4014 λ.

2305 4129 2607 4199 Ἀνάγνωθι
2631 4127 2700 4184 τὰ
2723 4127 3243 4202 παραγεγραμμένα
3272 4129 3334 4182 ἐν
3360 4126 3438 4198 τῷ
3461 4129 3504 4200 β’
3548 4143 3675 4196 κεφ.
3711 4120 3805 4178 τοῦ

2221 4221 2491 4292 παρόντος
2519 4222 2627 4276 τίτ.

2297 4313 2528 4367 ΚΕΦΑΛ
2560 4313 2636 4368 E'.
2665 4344 2736 4355 —
2761 4312 3049 4382 Περί-τῶν
3087 4311 3238 4381 μετὰ
3277 4309 3394 4381 τὴν
3437 4308 3804 4380 χειροτονίαν

2221 4409 2528 4480 κτωμένων
2551 4409 2908 4474 ἐπισκόποις
2933 4406 2971 4476 ἢ
3007 4407 3340 4477 κληρικοῖς.

2481 4518 2756 4574 Συνόδου
2781 4519 3202 4590 Καρθαγέννης
3235 4516 3437 4573 κανὼν
3465 4517 3565 4589 λβν.

2307 4611 2450 4666 Ἐάν
2479 4629 2569 4678 τις
2599 4610 2719 4665 τῶν
2740 4610 3046 4679 κληρικῶν
3066 4612 3350 4681 πενιχρὸς
3371 4611 3684 4679 προκόψας
3714 4606 3798 4668 εἷς

2223 4721 2356 4758 τινα
2393 4702 2569 4768 τάξιν
2614 4703 2912 4772 κτήσηταί
2953 4720 3029 4770 τι,
3084 4705 3428 4760 ὑποκείσθω
3459 4700 3535 4771 τῇ
3553 4700 3796 4768 ἐξουσίᾳ

2223 4797 2342 4850 τῶν
2363 4797 2733 4852 ἐπισκόπων.

2295 4887 2398 4960 λβ’.
2431 4888 2667 4959 Ὁμοίως
2707 4887 2934 4959 ἤρεσεν,
2969 4887 3058 4940 ἵνα
3081 4887 3392 4952 ἐπίσκοποι,
3419 4884 3794 4957 πρεσϐύτεροι,

2225 4984 2486 5048 διάκονοι,
2513 4983 2545 5053 ἢ
2576 4980 3023 5053 καὶζρὶοιδήποτε
3070 4979 3343 5052 κληρικοὶ,
3377 4980 3427 5032 οἱ
3456 4978 3621 5051 μηδὲν
3652 4978 3792 5048 ἕχον-

2225 5095 2340 5141 τες,
2374 5076 2472 5130 ἐὰν
2517 5073 2900 5146 προκόψαντες
2939 5072 3018 5144 τῷ
3066 5072 3245 5144 καιρῷ
3281 5071 3383 5142 τῆς
3412 5073 3732 5142 ἐπισκοπῆς,
3761 5065 3791 5138 ἢ

2223 5171 2320 5241 τῆς
2350 5168 2682 5241 κληρώσεως
2737 5167 2918 5221 αὐτῶν
2963 5167 3167 5236 ἀγροὺς
3212 5165 3245 5236 ἦ
3298 5165 3591 5233 οίαδήποτε
3629 5161 3792 5235 χωρία

2222 5261 2311 5314 ἐπ’
2330 5259 2555 5330 ὀνόματι
2586 5257 2700 5329 ἰδίῳ
2731 5256 3098 5327 ἀγοράσωσιν,
3129 5254 3216 5307 ἵνα
3247 5252 3321 5317 ὡς
3353 5252 3493 5306 κατὰ
3542 5253 3791 5305 Δεσποτι-

2225 5352 2339 5407 κῶν
2395 5351 2738 5423 πραγμάτων
2786 5348 2973 5419 ἔφοδον
3015 5346 3377 5417 πεποιηκότες
3420 5344 3727 5415 ἐνέχωνται,
3748 5337 3791 5389 εί

2230 5446 2305 5518 μὴ
2339 5446 2447 5516 ἄρα
2467 5444 2652 5498 λοιπὸν
2694 5440 3161 5514 ὑπομνησθέντες,
3194 5441 3260 5511 τῇ
3309 5436 3606 5508 Ἐκκλησία
3631 5432 3791 5489 ταῦτα

2227 5538 2635 5607 είσκομίσουσιν
2657 5553 2678 5572 ο
2718 5533 2894 5589 ἐὰνδὲ
2924 5533 3003 5597 είς
3040 5531 3236 5597 αὐτοὺς
3272 5530 3500 5603 κυρίως,
3529 5522 3790 5600 φιλοτιμίᾳ

612 5861 722 5932 (l3)
754 5863 1086 5934 Hipponiensi
1119 5864 1354 5920 concilio
1391 5864 1472 5920 tit.
1508 5864 1538 5921 8
1596 5863 1857 5921 tribuitur
1901 5881 1930 5921 a
1985 5863 2263 5922 Fel-rando
2290 5881 2407 5935 cap.
2444 5865 2531 5920 3.3.
