4156 6480
325 430 444 495 825

1117 431 1517 492 SYNTAGMA
1548 430 1935 493 CANONUM.
1963 455 2030 466 -
2053 432 2202 493 ΤΙΤ.
2240 432 2314 507 Χ,
2345 431 2504 494 CAP.
2545 431 2644 506 IV,
2676 431 2748 493 ν.

3507 428 3614 492 826

326 558 362 592 τ
381 539 533 611 ,νὸςῆ
563 537 780 608 διαδοχῇ
819 539 1141 608 συγγενείας
1168 540 1452 613 περιέλθῃ,
1473 540 1534 606 ἐξ
1568 541 1730 594 αὐτοῦ
1768 542 1928 611 ποιή-
1958 596 1961 604 ,

2048 545 2310 613 ξηειὶοηὶε
2345 542 2647 607 obvenerit,
2674 539 2876 594 faciant
2909 537 3052 604 inde,
3101 522 3246 607 quod
3275 550 3466 590 eorum
3494 538 3611 608 (19)

330 648 523 684 σουσιν
556 630 584 682 ὃ
612 629 725 699 ἔχει
755 631 790 699 ἠ
819 630 1078 700 πρόθεσις
1108 630 1290 683 αὐτῶν
1333 648 1346 663 ·
1384 633 1431 684 εἰ
1460 633 1518 684 δὲ
1569 632 1664 686 καὶ
1703 633 1840 702 μετὰ
1870 632 1930 684 τὸ

329 719 641 791 προθέσθαι
675 720 758 782 εἰς
786 719 1029 772 τούπίσω
1056 720 1470 790 μετατραπῶσι,
1501 721 1599 788 τῆς
1626 720 1926 790 ἐκκλησια-

331 811 530 880 στικῆς
555 811 722 880 τιμῆς
754 811 962 875 ἀνάξιοι
1006 812 1081 875 ὡς
1115 812 1363 882 ἀδόκιμοι
1387 812 1674 883 κριθῶσιν.

330 921 608 975 Συνόδου
640 929 691 974 a'
723 923 821 976 καί
853 924 914 988 ,β’
936 926 1458 994 συγκροτηθείσης
1486 928 1557 980 ἐν
1610 932 1930 983 Κωνσταν-

412 994 754 1066 τινορπᾴζει
793 994 866 1046 ἐν
893 995 972 1060 τῷ
1003 997 1127 1060 ναῷ
1155 994 1276 1050 τῶν
1314 998 1519 1066 Ἁγίων
1553 999 1932 1054 Ἀποστόλων

411 1061 615 1114 κανὼν
649 1061 713 1127 ζ’.

411 1172 474 1238 ζ’.
510 1174 720 1238 Πολλὰς
750 1176 858 1229 τῶν
884 1176 1202 1231 ἐπισκοπῶν
1222 1177 1440 1250 ὁρῶμεν
1468 1182 1928 1246 καταπιπτούσας

331 1267 436 1318 καὶ
465 1267 758 1338 ἀφανισμῷ
804 1269 996 1341 τελείῳ
1041 1270 1463 1337 κινδυνευούσας
1510 1275 1926 1343 παραδίδοσθαι,

329 1360 531 1429 ὅτιπερ
597 1358 650 1412 οἰ
695 1359 901 1412 τούτων
944 1363 1369 1431 προεστηκότες,
1405 1364 1503 1436 τὴν
1563 1367 1692 1438 περὶ
1749 1367 1930 1419 αὐτῶν

336 1450 647 1521 φροντίδων
685 1453 780 1505 καὶ
821 1453 1145 1522 ἐπιμέλειαν
1187 1454 1267 1517 είς
1318 1457 1606 1526 νεουργὶας
1655 1475 1930 1528 μοναστη-

335 1544 476 1614 ρίων
531 1543 1012 1610 καταναλίσκουσι,
1061 1548 1158 1599 καὶ
1207 1547 1411 1611 ταύτας
1449 1548 1810 1616 διασπῶντες,
1834 1550 1930 1603 καὶ

329 1634 433 1688 τὸν
473 1634 839 1704 σφετερισμδν
890 1635 1001 1688 τῶν
1055 1636 1276 1690 εἰσόδων
1323 1638 1797 1710 ἐπιμηχανώμενοι,
1829 1641 1929 1710 τὴν

330 1728 567 1781 ἐκείνων
598 1728 903 1799 ἐπαύξησιν
943 1731 1428 1801 πραγματεύονται
1454 1749 1468 1764 ’
1497 1731 1697 1803 ὥρισεν
1722 1727 1814 1786 οὖν
1843 1734 1930 1787 διὰ

330 1822 498 1873 τοῦτο
529 1821 712 1890 ἡάγία
753 1823 988 1885 σύνοδος,
1021 1824 1212 1894 μηδενὶ
1236 1825 1346 1877 τῶν
1373 1825 1692 1878 ἐπισκόπων
1728 1824 1928 1889 ἐξεῖναι

2031 635 2312 706 proposito
2343 635 2596 704 congruit
2639 632 2828 702 :quod
2864 631 2911 685 si
2962 645 2994 685 a
3048 646 3149 684 suo
3203 629 3482 698 proposito
3539 645 3622 683 re-

2033 737 2270 782 trorsum
2305 728 2760 791 exorbitaverint,
2803 726 3014 779 honore
3046 722 3423 779 ecclesiastico
3470 723 3617 776 indi-

2031 820 2144 890 gui,
2179 829 2438 889 tanquam
2473 818 2716 888 reprobi,
2751 817 3090 887 judicentnr.

2030 930 2190 1002 343
2217 931 2442 985 Concilii
2478 931 2638 1000 primi
2678 939 2728 1002 et
2782 930 2998 1002 secundi
3052 926 3515 1002 Constantinopoli
3562 925 3619 980 in

2167 997 2274 1057 icde
2302 997 2621 1057 Sanctorum
2651 1000 3024 1070 Apostolorum
3044 997 3210 1052 habiti
3241 1014 3410 1051 canon
3443 997 3497 1051 7.

2109 1176 2360 1234 7.Multos
2372 1176 2718 1248 episcopatus
2733 1191 2970 1243 ruere,et
2991 1185 3251 1247 perpetuo
3279 1174 3447 1230 exitio
3472 1181 3616 1228 tradi

2032 1271 2300 1336 videmus,
2344 1270 2489 1340 quod
2538 1270 2632 1340 qui
2691 1271 2773 1325 eis
2823 1279 3082 1339 praesunt,
3131 1283 3350 1324 omnem
3411 1267 3479 1321 de
3529 1265 3614 1322 eis

2031 1379 2242 1428 curam,
2263 1371 2316 1416 et
2338 1363 2754 1418 sollicitudinem
2792 1362 2844 1416 in
2870 1371 3114 1416 recentes
3143 1359 3608 1414 monasteriorum

2031 1456 2434 1511 exstructiones
2463 1455 2776 1520 conferunt,
2815 1463 2869 1508 et
2895 1467 2991 1508 eos
3021 1453 3336 1508 divellentes
3376 1467 3441 1506 ac
3495 1451 3611 1506 dis-

2032 1547 2331 1611 trahentes,
2364 1557 2416 1600 et
2442 1555 2500 1599 ut
2525 1545 2591 1599 ad
2627 1560 2685 1599 se
2718 1544 3026 1614 pertineant
3059 1542 3264 1597 reditus
3303 1541 3614 1604 molientes,

2033 1650 2092 1692 ut
2121 1639 2238 1707 ipsa
2269 1646 2576 1706 augeantur
2607 1637 2880 1690 laborant.
2910 1633 3025 1688 Hoc
3053 1649 3183 1702 ergo
3218 1633 3408 1687 statuit
3433 1640 3621 1700 sancta

2031 1727 2300 1798 synodus,
2339 1725 2478 1781 nulli
2520 1726 2688 1780 licere
2722 1724 2980 1794 episcopo
3027 1723 3297 1793 privatum
3347 1729 3624 1775 monaste-

2032 1823 2171 1874 rium
2203 1822 2268 1875 ad
2292 1820 2493 1890 proprii
2518 1821 2868 1890 episcopatus
2900 1817 3200 1886 perniciem
3237 1831 3431 1870 recens
3457 1830 3619 1869 exco-

334 1913 706 1981 μοναστήριον
740 1912 870 1965 ἴδιον
916 1915 1008 1966 ἐπὶ
1051 1915 1350 1968 καταλύσει
1400 1918 1500 1986 τῆς
1540 1916 1748 1979 οἰκείας
1804 1919 1929 1970 ὲπι-

2048 1911 2222 1979 ;itare.
2262 1910 2318 1965 Si
2349 1909 2477 1980 quis
2505 1919 2688 1964 autem
2725 1910 2829 1963 hoc
2860 1910 3063 1962 audere
3093 1907 3469 1976 deprehensus
3502 1905 3620 1958 fue-

332 2000 554 2073 σκοπῆς
575 2008 874 2074 νεουργείν·
908 2007 955 2059 εἰ
987 2006 1043 2060 δέ
1072 2025 1158 2071 τις
1201 2009 1478 2080 φωραθείη
1506 2007 1664 2062 τοῦτο
1691 2009 1926 2079 τολμῶν,

332 2096 504 2148 αὐτὸν
527 2095 627 2165 μὲν
652 2096 730 2167 τῷ
749 2099 1082 2169 προσήκοντι
1102 2100 1370 2171 ἐπιτιμίῳ
1392 2100 1927 2168 καθυποϐἀλλεσθαι,

333 2189 407 2239 τὸ
454 2187 511 2240 δὲ
569 2190 902 2260 νεουργηθὲν
951 2190 1043 2243 ὑπ’
1077 2191 1264 2255 αὐτοῦ,
1301 2191 1377 2255 ὡς
1410 2193 1485 2265 μὴ
1533 2195 1589 2247 δὲ
1629 2195 1728 2262 τὴν
1756 2193 1930 2265 ἀρχὴν

339 2275 712 2344 μοναστηρίου
759 2277 964 2331 δίκαιον
1019 2278 1352 2351 ἁπειληφὸς,
1401 2281 1478 2346 ὼς
1539 2283 1807 2336 ἰδιωτικὸν
1855 2283 1934 2354 τῷ

334 2365 684 2437 ἐπισκοπείῳ
715 2369 1164 2438 προσκυροῦσθαι
1188 2388 1202 2402 ο
1240 2373 1394 2425 οὐδὲν
1415 2374 1524 2444 γὰρ
1549 2373 1658 2428 τῶν
1688 2375 1932 2446 παρανό-

339 2476 464 2527 μως
496 2459 592 2512 καὶ
617 2459 869 2524 ἀτάκτως
893 2464 1414 2534 παρυφισταμένων,
1431 2467 1491 2518 τὸ
1514 2468 1801 2537 πρόκριμα
1827 2467 1938 2520 τῶν

336 2549 643 2610 κανονικῶς
675 2551 1085 2616 συνισταμένων
1109 2552 1487 2622 ἀποφέρεσθαι
1518 2555 1765 2610 δύναται.

429 2639 491 2691 Ἠ
515 2639 592 2707 λγ¹
608 2639 748 2694 διάτ.
770 2641 863 2694 τοῦ
890 2648 940 2711 γ’
968 2643 1074 2697 τίτ.
1097 2644 1191 2697 τοῦ
1212 2642 1261 2698 α’
1294 2644 1435 2715 βιϐλ.
1459 2646 1555 2700 τοῦ
1585 2647 1716 2703 κώδ.
1745 2649 1935 2720 φησὶν,

337 2729 449 2792 ὅτι,
479 2731 542 2782 υἱ
566 2729 834 2800 όρθόδοξοι
873 2735 1163 2789 ἐπίσκοποι
1194 2737 1288 2789 καὶ
1309 2739 1581 2808 κληρικοί,
1619 2738 1757 2810 ὅπερ
1787 2739 1852 2792 ἂν
1881 2741 1939 2794 ἐν

337 2820 425 2892 τῷ
477 2822 654 2894 καιρῷ
706 2826 1043 2895 κτήσωνται,
1077 2829 1172 2883 καὶ
1219 2828 1531 2894 ὑπεξούσιοι
1592 2830 1749 2894 ὄντες
1809 2831 1940 2885 ἴδιον

339 2911 552 2982 ἔχουσι,
605 2913 700 2966 καί⁸
744 2915 804 2967 οὐ
860 2917 1308 2988 συνεισφέρουσιν
1375 2920 1536 2985 αύτά,
1589 2920 1706 2974 ἀλλ’
1756 2921 1940 2975 ἄδειαν

343 3003 533 3072 ἔχουσι
570 3004 663 3059 καὶ
694 3003 897 3069 ζῶντες
929 3009 1195 3075 ὲκποιεῑν,
1223 3012 1317 3064 καὶ
1345 3013 1433 3065 ἐπ’
1471 3012 1654 3066 αὐτῶν
1699 3014 1778 3078 εἰς
1807 3012 1944 3078 ἐξω-

341 3098 540 3159 τικοῦς
569 3099 925 3166 διατίθεσθαι,
961 3101 994 3172 ἢ
1025 3103 1305 3156 κατιοῦσιν
1328 3105 1467 3160 αὐτὰ
1501 3107 1896 3178 παραπέμπειν
1923 3125 1937 3139 ’

343 3191 444 3242 καὶ
499 3191 533 3259 ἡ
586 3190 676 3260 μα’
721 3192 859 3246 διάτ.
895 3193 988 3246 τοῦ
1031 3194 1195 3248 αὐτοῦ
1227 3196 1338 3252 τίτ.
1377 3197 1483 3262 ὅτι,
1539 3197 1618 3250 Τὰ
1673 3199 1812 3268 μετά
1843 3199 1942 3270 τὴν

343 3285 656 3356 ἐπισκοπὴν
698 3285 964 3355 κτηθέντα
1021 3289 1049 3340 ό
1111 3288 1411 3352 ἐπίσκοπος
1463 3291 1524 3342 οὐ
1570 3291 1792 3345 δύναται
1850 3294 1940 3346 ἐκ·
1971 3264 2014 3322 C

347 3376 548 3437 ποιεῖν,
577 3374 610 3446 ἥ
639 3375 972 3431 διατίθεσθαι
1023 3379 1109 3432 ἐπ’
1143 3379 1346 3446 αὐτοῖς,
1374 3383 1422 3434 εἰ
1467 3382 1542 3452 μὴ
1574 3385 1681 3436 ἀπὸ
1739 3385 1943 3452 γονέων

345 3464 384 3532 ἢ
419 3465 579 3518 θείων
622 3466 654 3536 ἢ
721 3467 969 3538 ἀδελφῶν
1012 3471 1093 3533 εἰς
1145 3472 1308 3526 αὐτὸν
1339 3475 1632 3545 περιῆλθον
1658 3493 1671 3508 ⁶
1706 3475 1842 3530 ἀλλά
1875 3479 1940 3548 τῇ

347 3557 472 3610 κατ’
499 3558 666 3612 αὐτὸν
707 3560 1004 3632 Ἐκκλησία
1031 3563 1347 3636 διαφέρουσι
1372 3582 1387 3597 °
1427 3567 1520 3620 καὶ
1545 3567 1686 3637 μετά
1714 3567 1812 3639 τὴν
1847 3569 1945 3621 αὑ-

347 3647 461 3700 τῶν
483 3649 741 3722 τελευτὴν
772 3652 1066 3724 λογισμοὺς
1085 3656 1197 3710 τῶν
1233 3660 1493 3711 τοιούτων
1526 3660 1868 3730 πραγμάτων
1894 3662 1943 3713 οί

353 3739 636 3810 οἰκονόμοι
687 3742 1086 3797 ἀπαιτοῦνται·
1123 3747 1194 3799 τὰ
1235 3747 1292 3800 δὲ
1339 3747 1448 3818 πρὸ
1496 3749 1593 3818 τῆς
1638 3749 1946 3820 ἐπισκοπῆς

356 3829 654 3901 κτηθέντα,
689 3833 783 3886 καὶ
810 3833 1091 3890 ὲκποιοῦσι
1116 3837 1213 3890 καὶ
1239 3837 1569 3894 διατίθενται
1597 3841 1682 3893 ἐπ’
1714 3843 1899 3904 αὐτοῖς
1929 3857 1944 3874 ο
1989 3825 1994 3828 ’

353 3921 451 3975 καὶ
476 3925 509 3993 ἡ
546 3921 635 3993 μθ¹
662 3924 744 3977 ὅτι
774 3927 822 3978 oi
851 3926 1140 3981 ἐπίσκοποι
1191 3931 1288 3984 καί⁵
1321 3931 1684 4004 πρεσϐύτεροι
1711 3934 1804 3987 καὶ
1835 3934 1947 3988 διάο

355 4031 524 4079 κονοι,
555 4017 711 4086 quasi
734 4021 1065 4072 castrension
1095 4019 1295 4091 ἔχουσι,
1325 4023 1418 4075 καὶ
1442 4021 1769 4078 διατίθενται
1791 4024 1948 4093 νομί-

359 4123 476 4176 μως
527 4107 616 4160 ἐπ’
666 4107 858 4180 αὐτῷ·
891 4111 986 4163 καὶ
1033 4112 1132 4181 οὐχ
1180 4113 1467 4167 ὑπόκειται
1525 4114 1826 4186 ήδιαθηκη
1878 4118 1946 4186 τῇ

359 4198 425 4250 de
448 4198 753 4268 inofﬁcioso.
797 4200 859 4254 Ἡ
897 4201 953 4253 δὲ
979 4199 1027 4268 γ’
1056 4202 1193 4255 διάτ.
1238 4202 1333 4256 τοῦ
1366 4203 1410 4273 β’
1443 4204 1549 4259 τίτ.
1577 4204 1688 4257 τῶν
1718 4206 1949 4276 Νεαρῶν

361 4289 550 4358 φησιν,
577 4289 683 4357 ὅτι,
713 4291 776 4344 Ol
805 4291 1100 4345 ἐπίσκοποι
1128 4294 1195 4347 τά
1229 4294 1368 4364 μετά
1402 4294 1500 4366 τὴν
1527 4298 1834 4365 ἐπισκοπὴν
1851 4299 1950 4350 αύ-

357 4383 474 4444 τοίς
502 4383 773 4452 κτηθέντα
805 4384 999 4452 κινητὰ
1023 4385 1056 4456 ἢ
1082 4387 1413 4458 αύτοκίνητα
1451 4389 1531 4451 εἰς
1565 4387 1726 4452 ἰδίους
1753 4404 1950 4456 συγγε-

359 4473 518 4544 νεῖςῆ
546 4473 738 4537 ἄλλους
759 4476 916 4546 οἰῳδὴ
926 4494 1054 4529 ποτε
1075 4479 1264 4549 τρόπῳ
1289 4481 1349 4532 οὐ
1369 4479 1791 4550 μεταφέρουσιν,
1815 4479 1951 4533 ἀλλὰ

360 4566 761 4620 δαπανάτωσαν
784 4569 922 4622 αὐτά
938 4571 1019 4632 είς
1045 4568 1198 4622 λύσιν
1231 4571 1592 4642 αἰχμαλώτων
1610 4572 1706 4624 καὶ
1721 4571 1952 4643 πτωχῶν

365 4657 755 4728 ἁποτροφὴν,ἥ
784 4661 863 4722 είς
894 4661 1172 4732 συμφέρον
1192 4662 1289 4732 τῆς
1321 4663 1458 4726 ἰδίας
1488 4663 1818 4733 Ἐκκλησίας
1846 4679 1862 4696 ο
1883 4665 1954 4719 τά

361 4748 417 4801 δὲ
446 4749 585 4819 μετά
624 4751 722 4820 τὴν
740 4750 920 4804 αὐτῶν
950 4751 1208 4822 τελευτὴν
1232 4753 1296 4806 ἐκ
1320 4753 1526 4807 τούτων
1548 4756 1955 4825 περιττεύοντα,

363 4843 396 4912 ή
461 4842 583 4896 κατ’
641 4844 837 4906 αὐτοὺς
904 4843 1202 4913 Ἐκκλησία
1250 4846 1548 4900 οἰκειοῦται
1593 4862 1607 4878 ⁸
1661 4848 1848 4901 ἄδειαν
1899 4849 1958 4904 δὲ

363 4934 580 5003 ἔχουσιν
633 4935 873 4988 ἐκποιεῖν
913 4935 1073 4990 ἅτινα
1107 4938 1213 5008 πρὸ
1245 4941 1344 5008 τῆς
1379 4938 1688 5008 ἐπισκοπῆς
1722 4941 1952 5009 ἐσχηκόο

363 5042 456 5087 τες
507 5024 888 5096 ἀποδειχθῶσι,
929 5027 1022 5079 καὶ
1071 5027 1171 5080 ὅσα
1237 5030 1373 5098 μετὰ
1416 5029 1516 5098 τὴν
1549 5031 1855 5100 ἐπισκοπὴν
1876 5031 1959 5093 εἰς

366 5116 568 5179 αὐτοὺς
617 5116 898 5187 περιέλθοι
937 5118 1046 5171 ἀπὸ
1080 5118 1382 5186 συγγενῶν,
1422 5117 1514 5183 οὒς
1563 5119 1623 5184 ἐξ
1675 5120 1958 5173 ἀδιαθέτου

370 5207 533 5277 μέχρι
563 5208 824 5277 τετάρτου
852 5207 1063 5279 βαθμοῦ
1095 5209 1437 5279 διαδέχεσθαι
1463 5209 1712 5263 δύνανται
1751 5227 1764 5241 ·
1786 5209 1960 5264 ταῦτα

365 5299 423 5352 δὲ
452 5302 644 5369 κρατεῖ
667 5300 759 5352 ἐπὶ
785 5300 1214 5370 όρφανοτρόφων
1263 5300 1360 5353 καὶ
1407 5302 1831 5371 πτωχοτρόφων,
1865 5303 1960 5355 καὶ

370 5391 703 5467 νοσοκόμιων,
735 5392 830 5446 καὶ
876 5394 1341 5463 γεροντοτρόφων,
1374 5395 1466 5446 καὶ
1522 5392 1834 5465 ξενοδόχων,
1865 5396 1960 5448 καὶ

370 5484 594 5537 πάντων
631 5485 740 5539 τῶν
771 5485 948 5540 ἄλλων
986 5485 1277 5555 διοικητῶν
1312 5485 1421 5540 τῶν
1459 5487 1772 5556 σεϐασμίων
1795 5487 1958 5541 οἴκων

375 5573 471 5627 ἐπὶ
503 5577 616 5636 τοῖς
647 5576 727 5636 είς
761 5575 958 5639 αὐτοὺς
993 5579 1049 5628 ἐν
1081 5575 1158 5646 τῷ
1199 5574 1376 5646 καιρῷ
1402 5576 1502 5646 τῆς
1548 5577 1727 5630 αὐτῶν
1758 5577 1958 5648 διοική·

371 5683 510 5728 cem;
540 5667 682 5719 κατά
714 5666 806 5720 τὸν
863 5667 1156 5738 εἰρημένον
1203 5667 1404 5738 τρόπον
1459 5669 1834 5739 περιελθοῦσιν
1869 5687 1881 5700 ·
1919 5673 1951 5739 ἡ

449 5849 560 5916 (ιν)
599 5847 710 5905 Hoc
742 5855 846 5915 Csl,
884 5850 1168 5916 rocm’ioni,
1203 5851 1534 5920 professioni,
1576 5854 1760 5905 statui.

1979 4621 2033 4682 D

2035 2004 2124 2063 rit.
2158 2003 2335 2072 ipsum
2359 2002 2580 2072 quidem
2613 2001 2962 2056 convenienti
2998 2015 3171 2070 poenae
3215 1998 3414 2068 subjici
3442 2019 3454 2052 :
3478 1999 3624 2066 quod

2034 2096 2104 2150 ab
2137 2097 2256 2166 ipso
2291 2106 2473 2150 autem
2513 2110 2704 2150 recens
2745 2105 3081 2149 exstructum
3114 2101 3219 2154 est.
3258 2101 3316 2147 ut
3346 2093 3491 2162 quod
3523 2105 3628 2145 nec

2034 2199 2119 2245 est
2154 2191 2222 2244 ab
2255 2189 2412 2244 initio
2445 2189 2536 2258 jus
2567 2187 2888 2243 monasterii
2938 2187 3215 2250 sortitum,
3265 2192 3324 2238 ut
3355 2184 3622 2252 privatum

2035 2281 2375 2351 episcopatui
2427 2280 2674 2335 ascribit.
2722 2277 2869 2334 Nihil
2888 2279 3030 2332 enim
3055 2292 3245 2332 eorum
3279 2292 3401 2347 qua:
3429 2283 3627 2345 praeter

2038 2373 2183 2443 leges
2233 2381 2287 2427 et
2331 2372 2640 2426 inordinate
2684 2371 3018 2433 consistunt,
3073 2370 3139 2424 iis
3187 2385 3310 2439 quae
3360 2369 3626 2424 canonice

2038 2464 2337 2519 constituta
2370 2472 2521 2531 sunt,
2549 2463 2924 2534 przejudicium
2957 2460 3156 2525 afferre
3187 2468 3387 2531 potest.

2115 2639 2333 2695 Textus.
2358 2639 2551 2696 Const.
2584 2640 2676 2706 55,
2711 2640 2795 2696 tit.
2824 2639 2877 2704 5,
2909 2636 3188 2692 lib.icod.
3219 2636 3293 2691 ait
3319 2654 3333 2691 :
3357 2635 3628 2702 Quaecun-

2040 2749 2149 2804 que
2181 2733 2422 2803 episcopi
2449 2740 2503 2786 et
2531 2732 2713 2787 clerici
2748 2739 2803 2785 et
2827 2729 3115 2786 orthodoxi
3149 2744 3258 2799 quo
3300 2737 3543 2798 tempore
3569 2726 3624 2781 in

2041 2826 2214 2896 patria
2253 2831 2520 2893 potestate
2555 2832 2741 2878 essent
2787 2821 3140 2892 acquisierint
3179 2839 3193 2876 :
3229 2835 3292 2876 ea
3326 2819 3542 2875 tametsi
3569 2821 3626 2874 in

2042 2923 2314 2986 potestate
2348 2910 2575 2984 [adhuc]
2611 2912 2832 2982 degant,
2879 2912 3102 2981 propria
3151 2911 3392 2976 habent,
3449 2924 3631 2980 neque

2042 3007 2354 3063 conferunt.
2397 3008 2573 3074 Atque
2605 3004 2921 3058 facultatem
2976 3004 3196 3065 habent,
3234 3011 3295 3056 ut
3329 3000 3468 3073 [aut]
3514 3001 3626 3055 vivi

2049 3099 2139 3154 illa
2169 3099 2407 3152 alienent
2429 3137 2444 3163 ,
2482 3104 2577 3151 aut
2628 3103 2958 3150 testamento
2989 3094 3262 3148 extraneis
3297 3093 3630 3164 relinquant,

2047 3193 2133 3246 vel
2162 3190 2229 3246 ad
2261 3199 2513 3260 posteros
2544 3188 2936 3242 transmittant.
2993 3185 3056 3240 Et
3083 3193 3258 3241 const.
3287 3185 3349 3239 Η
3385 3187 3629 3255 ejusdem

2049 3286 2136 3339 tit.
2169 3283 2306 3349 Quae
2333 3291 2458 3353 post
2489 3282 2865 3352 episcopatum
2903 3281 3167 3350 acquisita
3201 3279 3631 3344 sunt,'alieuare,

2049 3385 2143 3431 aut
2166 3376 2234 3429 de
2265 3374 2374 3429 illis
2395 3381 2782 3428 testamentum
2805 3371 2983 3426 facere
3002 3371 3293 3441 cpiscopus
3317 3385 3422 3424 non
3458 3379 3636 3438 potest

2051 3474 2227 3544 (extra
2255 3484 2419 3540 quam
2443 3469 2489 3522 si
2528 3483 2560 3522 a
2592 3467 2932 3538 parentibus,
2965 3476 3060 3521 aut
3083 3465 3313 3535 patruis,
3343 3465 3424 3519 vel
3454 3481 3635 3519 avun-

2051 3565 2210 3627 culis,
2246 3570 2339 3617 aut
2369 3561 2632 3616 fratribtts
2671 3559 2739 3616 ad
2774 3560 2954 3630 ipsum
2988 3558 3382 3630 pervenerint),
3418 3557 3510 3611 sed
3564 3555 3633 3611 ad

2053 3655 2225 3723 ipsius
2254 3652 2554 3710 Ecclesiam
2597 3655 2913 3722 pertinent,
2970 3658 3024 3707 et
3072 3661 3194 3721 post
3227 3649 3346 3720 ejus
3398 3657 3632 3702 mortem

2052 3746 2296 3800 rationes
2354 3745 2548 3798 harum
2599 3758 2782 3799 rerum
2851 3743 2920 3798 ab
2959 3743 3262 3799 oeconomis
3318 3741 3634 3811 exiguntur.

2055 3836 2186 3903 Qua:
2211 3851 2342 3890 vero
2372 3844 2498 3890 ante
2528 3837 2904 3906 episcopatum
2936 3835 3207 3906 acquisita
3236 3843 3384 3899 sunt,
3418 3841 3472 3887 et
3499 3833 3636 3887 alie~

2056 3936 2150 3981 nat
2175 3966 2190 3989 ,
2231 3935 2286 3980 et
2319 3926 2387 3980 de
2444 3926 2511 3996 ii_s
2564 3935 2952 3982 testamentum
2985 3927 3191 3980 condit.
3225 3923 3292 3978 Et
3325 3933 3506 3978 const.
3547 3921 3637 3985 49,

2054 4020 2322 4089 episcopi,
2358 4018 2568 4084 clerici,
2601 4028 2657 4074 et
2683 4017 2848 4091 344
2879 4020 3100 4074 diaconi
3135 4018 3293 4088 quasi
3333 4017 3643 4072 castrensia

2059 4107 2322 4185 [peculia]
2356 4109 2579 4175 habent,
2611 4118 2663 4164 et
2691 4110 2819 4179 jure
2848 4124 3017 4178 super
3054 4109 3163 4164 illis
3210 4117 3500 4173 testantur,
3543 4123 3640 4160 ne-

2055 4220 2161 4274 que
2188 4214 2572 4260 testamentum
2607 4204 2676 4260 de
2703 4204 3006 4260 inollicioso
3039 4202 3316 4275 [querelar]
3339 4211 3420 4256 est
3463 4203 3640 4256 obuo-

2057 4299 2229 4353 xium.
2272 4297 2461 4354 Const.
2494 4299 2549 4362 3,
2583 4299 2668 4354 tit.
2700 4300 2736 4352 2
2763 4297 3110 4353 Novellarum
3144 4315 3158 4351 :
3189 4297 3319 4362 Quae
3365 4306 3488 4365 post
3525 4294 3642 4362 epi-

2059 4401 2366 4460 scopatum,
2401 4391 2598 4460 inquit,
2627 4389 2773 4463 [θυι]
2799 4391 3028 4445 mobiles
3059 4398 3150 4443 aut
3173 4405 3232 4444 se
3257 4397 3534 4442 moventes
3555 4401 3640 4441 res

2060 4482 2345 4551 acquisita:
2383 4491 2532 4548 sunt,
2581 4497 2676 4537 cas
2709 4481 2954 4552 episcOpi
3001 4480 3068 4535 ad
3123 4489 3385 4549 cognatos
3434 4479 3644 4532 aliosve

2062 4573 2215 4627 nullo
2280 4573 2443 4628 modo
2503 4572 2878 4627 transferunto
2911 4589 2924 4626 :
2959 4574 3054 4627 sed
3105 4571 3172 4625 ad
3207 4569 3637 4638 redemptionem

2059 4665 2423 4733 captivorum,
2462 4674 2559 4718 aut
2582 4678 2884 4733 pauperum
2919 4661 3258 4726 alimoniam,
3289 4669 3385 4715 aut
3417 4662 3470 4714 in
3524 4661 3639 4714 uti-

2056 4757 2267 4812 litatem
2294 4754 2549 4810 Ecclesiae
2586 4769 2700 4809 suae
2729 4753 3103 4824 expendunto.
3134 4752 3267 4818 Qua:
3291 4767 3420 4806 vero
3449 4767 3516 4806 ex
3553 4751 3643 4807 his

2060 4858 2186 4919 post
2215 4849 2433 4901 illorum
2464 4847 2673 4902 obitum
2699 4845 3090 4916 snperfnerint,
3119 4844 3364 4913 ipsorum
3380 4844 3639 4899 Ecclesiae

2062 4941 2359 4996 vindicato.
2388 4941 2457 4992 At
2490 4955 2611 5008 qua:
2636 4947 2761 4992 ante
2790 4937 3165 5006 episcopatum
3200 4935 3459 4990 habuisse
3487 4952 3639 4989 com-

2063 5033 2278 5103 probati
2310 5030 2533 5096 fuerint,
2563 5038 2658 5085 aut
2698 5039 2823 5100 post
2869 5030 3242 5098 episcopatum
3295 5042 3326 5080 a
3377 5028 3643 5097 cognatis,

2067 5125 2266 5195 qnihus
2292 5124 2360 5177 ab
2380 5123 2642 5177 intestato
2668 5136 2845 5190 usque
2873 5121 2938 5174 ad
2971 5129 3232 5189 quartum
3267 5119 3492 5188 gradum
3524 5134 3650 5173 suc-

2069 5217 2261 5271 cedere
2308 5222 2598 5284 poterant,
2647 5211 2715 5267 ad
2774 5214 2923 5282 ipsos
2984 5209 3374 5280 pervenerint:
3409 5207 3651 5280 {eorum}

2065 5306 2478 5362 alienandorum
2505 5305 2821 5361 facultatem
2862 5304 3084 5358 habent.
3123 5302 3303 5372 Atque
3348 5302 3463 5356 haec
3503 5299 3640 5372 [ιιιιί-

2063 5398 2211 5469 dum]
2253 5399 2305 5452 in
2340 5397 2806 5468 orphanotrophis
2836 5397 3002 5450 etiam
3035 5394 3304 5459 obtinent,
3336 5403 3385 5448 et
3417 5395 3646 5462 ptocho—

2062 5493 2296 5561 trophis,
2325 5502 2381 5546 et
2406 5490 2737 5554 nosocomis,
2769 5499 2822 5543 et
2853 5486 3294 5558 gerontocomis,
3325 5494 3378 5540 et
3410 5483 3650 5537 xenodu-

2062 5581 2219 5648 chis,
2275 5587 2332 5634 et
2387 5580 2646 5635 omnibus
2717 5579 2841 5634 aliis
2917 5576 3307 5632 venerahiIimn
3376 5573 3642 5626 domuum

2062 5674 2538 5742 dispensatoribus
2572 5690 2586 5727 :
2617 5673 2669 5728 in
2701 5671 2889 5745 [rebus
2926 5666 3221 5741 videlicet,]
3257 5683 3378 5740 qua:
3414 5664 3640 5734 diSpen-
