4156 6452
523 375 627 435 827

525 579 793 633 venerint.
828 580 1018 637 Const.
1047 582 1098 648 2,
1130 584 1212 638 tit.
1250 588 1273 638 1
1302 583 1671 652 Novellarutu,
1706 604 1824 655 qua}
1859 601 1983 659 post
2013 605 2105 646 0r—

525 667 865 724 diuationem
928 673 998 726 ab
1055 675 1325 744 episcopis
1377 679 1643 748 acquisita
1697 689 1859 746 sunt,
1921 696 1984 735 ea
2041 681 2109 735 ad

527 759 804 819 Ecclesias
862 765 1106 835 ipsorum
1164 771 1477 837 pertinere,
1554 773 1860 841 simplicius
1929 775 2107 828 dicit:

526 849 752 917 Omnes,
788 856 1058 925 inquiens,
1095 861 1277 914 clerici
1327 861 1453 932 (hoc
1486 873 1590 930 est,
1625 865 1948 934 presbyteri,
1992 866 2110 919 dia-

527 947 678 1011 coni,
721 948 973 1016 lectores,
1002 955 1275 1022 cantores)
1305 970 1445 1023 quas
1481 971 1568 1009 res
1613 955 2111 1025 quomodocunque

528 1041 904 1108 acquisierint,
974 1054 1080 1099 tam
1122 1050 1222 1102 etsi
1283 1050 1385 1103 sub
1446 1051 1617 1118 patria
1653 1060 1918 1118 potestate
1977 1049 2105 1113 siut,

526 1134 776 1200 proprias
809 1135 1028 1202 habent,
1061 1137 1196 1211 [eas]
1230 1157 1336 1210 que
1362 1142 1588 1207 donare,
1625 1159 1688 1196 ac
1717 1143 1783 1196 de
1819 1143 1884 1196 iis
1919 1142 2110 1195 testari

528 1219 805 1292 [possunt
838 1225 900 1297 ε]
955 1229 1027 1282 ita
1059 1243 1271 1297 tamen,
1323 1243 1382 1287 ut
1427 1233 1670 1302 ipsorum
1708 1235 1838 1299 filii,
1890 1243 1984 1286 aut
2028 1233 2112 1286 his

526 1327 632 1364 non
662 1315 1109 1381 subsistentibus,
1158 1335 1434 1388 parentes,
1472 1325 1770 1392 legitimam
1803 1324 2108 1391 portionem

525 1403 724 1461 ferant.
759 1409 952 1464 Const.
1000 1413 1032 1466 ὅ
1056 1455 1071 1476 ,
1115 1415 1200 1468 tit.
1249 1417 1284 1468 2
1336 1415 1684 1472 Novellarum
1719 1419 1795 1472 ait
1825 1436 1838 1471 :
1875 1415 2030 1480 Quod
2065 1414 2111 1467 si

524 1495 853 1566 episcopus,
919 1513 1013 1556 aut
1053 1506 1286 1561 clericus
1322 1509 1705 1580 cujuscunque
1750 1514 1973 1583 gradus,
2017 1519 2112 1565 aut

523 1583 782 1643 Ecclesia:
821 1591 1129 1650 diacouissa
1189 1599 1309 1653 sine
1345 1610 1673 1658 testamento
1710 1605 1794 1658 vel
1854 1604 2112 1675 legitimis

522 1678 748 1736 decedat
836 1690 1251 1746 successoribus
1339 1695 1582 1748 :borum
1660 1698 1938 1752 successio
2007 1697 2114 1750 Ee-

522 1773 720 1841 eiesiaa,
750 1777 801 1830 in
834 1795 996 1848 quam
1033 1785 1270 1839 ordinati
1303 1786 1539 1856 fuerunt,
1563 1791 1883 1859 applicatur.

590 1887 750 1958 345
773 1891 921 1947 CAP.
958 1893 1041 1949 Vl.
1078 1897 1151 1951 De
1184 1915 1236 1952 re
1268 1900 1532 1968 familiari
1587 1907 1806 1973 propria
1849 1909 2102 1978 episcopis

519 1989 570 2032 et
598 1982 736 2048 quod
775 1999 891 2034 eum
925 2003 1026 2039 non
1068 2001 1304 2056 oporteat
1337 1995 1646 2049 intestatum
1682 2000 1790 2052 vita
1823 2000 2094 2059 decedere.

948 2209 1316 2274 Apostolorum
1349 2233 1517 2271 canon
1575 2220 1667 2275 40.

587 2291 656 2344 40
685 2291 842 2385 [59]..
869 2295 1169 2356 Μλιιίϊυδιιιξ
1199 2316 1327 2360 sunt
1356 2309 1631 2379 episcopis
1663 2315 1920 2384 propriae,
1957 2325 2091 2385 etc.,

519 2393 573 2436 ut
596 2401 718 2456 pag.
759 2376 885 2442 8m.

862 2482 1086 2538 Concilii
1120 2488 1427 2546 Antioclteni
1473 2512 1642 2551 canon
1675 2499 1765 2554 24.

583 2569 672 2632 21.
717 2570 881 2629 Reete
908 2576 1070 2632 habet
1119 2592 1177 2636 ut
1213 2600 1277 2638 ea
1312 2603 1432 2656 quae
1479 2603 1606 2646 sunt
1636 2593 1890 2652 Ecclesiae
1918 2637 1933 2663 ,
1969 2608 2099 2667 etc.,

514 2671 570 2712 ut
594 2677 716 2733 pag.
753 2665 876 2722 8l9.

805 2756 1029 2814 Concilii
1075 2763 1514 2827 Chalcedonensis
1553 2780 1830 2834 canon22.

580 2847 669 2900 22.
729 2848 848 2905 Non
907 2853 1071 2909 licere
1130 2859 1367 2922 clericis,
1410 2874 1536 2931 post
1606 2884 1834 2926 mortem
1889 2878 2098 2946 proprii

513 2940 779 3011 episcopi,
836 2961 924 3001 res
975 2965 1097 3018 qua:
1157 2952 1223 3004 ad
1274 2954 1450 3023 ipsum
1509 2963 1804 3030 pertinent,
1858 2983 2099 3036 rapere,

510 3035 969 3099 quemadmodum
1001 3053 1054 3095 et
1086 3044 1152 3099 iis
1178 3048 1270 3114 qui
1302 3064 1590 3108 assumunt
1613 3035 2096 3129 (20),prohibitum

510 3139 642 3182 est:
704 3148 772 3186 eo
825 3146 1006 3190 autem
1062 3142 1156 3210 qui
1203 3143 1437 3210 facium,
1486 3149 1553 3204 de
1583 3158 1802 3222 proprio
1837 3159 2008 3228 gradu
2043 3159 2096 3214 in

513 3222 817 3289 periculum
857 3229 1062 3285 venire.

864 3340 1086 3398 Concilii
1119 3347 1444 3406 Sardicensis
1475 3371 1640 3409 canon
1675 3357 1757 3413 l2.

582 3426 670 3486 22.
689 3430 1151 3511 OsiusepiseOpus
1175 3443 1338 3500 dixit:
1358 3449 1491 3512 Quia
1508 3453 1643 3511 nihil
1669 3461 1752 3507 est
1788 3456 2104 3523 permitten-

512 3519 663 3587 dum,
695 3537 824 3589 etc.,
855 3540 907 3579 ιιι
932 3545 1055 3597 pag.
1086 3532 1209 3586 659.

688 3613 912 3672 Concilii
948 3620 1380 3694 Carthaginensis
1413 3647 1640 3689 canones
1679 3638 1768 3704 22,
1829 3641 1918 3698 8|.

587 3703 655 3758 Ut
689 3708 918 3779 episcopi
947 3713 1026 3766 vel
1046 3714 1224 3771 clerici
1259 3719 1312 3773 in
1358 3739 1445 3778 eos
1481 3729 1571 3796 qui
1609 3745 1711 3782 non
1752 3743 1874 3786 sunt
1918 3737 2103 3791 cat/to-

512 3795 623 3864 lici,
658 3802 790 3855 nihil
805 3805 1100 3872 conferant.

580 3983 673 4040 22.
729 3986 794 4042 Et
852 3997 909 4046 ut
953 3992 1005 4047 in
1046 4010 1141 4052 eos
1192 3999 1284 4068 qui
1343 4005 1597 4061 catholici
1646 4009 1942 4067 Christiani
1991 4031 2098 4070 nou

510 4080 864 4152 sunt"(20‘),
880 4087 1091 4142 etiamsi
1111 4096 1481 4164 cousanguine
1505 4097 1724 4166 fuerint,
1746 4119 1841 4172 per
1857 4106 2102 4163 donatio-

508 4185 606 4226 nes
628 4188 804 4228 rerum
821 4191 1042 4233 suarum
1062 4183 1297 4253 episcopi
1317 4187 1400 4240 vel
1427 4189 1608 4245 clerici
1633 4194 1765 4248 nihil
1789 4197 2096 4254 conferant.

576 4263 656 4318 De
687 4268 944 4340 episcopis
991 4275 1082 4342 qui
1128 4277 1400 4334 hwreticos
1455 4283 1534 4336 vel
1585 4301 1821 4356 paganos
1867 4290 2098 4346 Itwredes

507 4368 861 4413 constituunt.

574 4447 663 4503 81.
692 4447 816 4505 Item
846 4455 1200 4511 constitutum
1230 4463 1639 4533 est79(2l).utsi
1665 4471 1789 4538 quis
1811 4473 2096 4545 cpiscopus

1644 387 1905 448 PllOTlI
1946 391 2137 451 PATR
2149 393 2216 452 [Α
2229 397 2447 459 ΒΟΙΙ.Έ
2486 405 2591 465 CP.

523 488 756 544 s-uionis
786 504 898 544 sum
932 501 1172 560 tempore
1204 497 1462 564 pmdicto
1490 499 1652 553 modo
1682 499 1749 552 ad
1778 500 1926 568 ipsos
1980 517 2100 570 per-

525 579 770 602 ......-_!-_n
829 580 994 602 I‘----.
1047 582 1079 602 n
1130 584 1188 602 ιε.
1255 588 1269 602 ι
1303 583 1346 602 λτ
1454 587 1486 602 II
1968 601 1976 602 ε

2209 509 2265 562 δὲ
2311 512 2356 582 β’
2408 515 2548 571 διάτ.
2596 519 2689 572 τοῦ
2749 521 2797 574 α’
2840 523 2944 578 τίτ.
2985 527 3094 579 τῶν
3122 529 3372 602 Νεαρῶν,

2135 1853 2182 1912 Β

3687 431 3795 492 8ῖ8

3422 537 3690 596 setosa-.5
3699 547 3794 616 ρόν

2214 617 2397 670 φησιν,
2435 604 2515 658 ὄτι
2564 607 2644 659 Τὰ
2683 613 2820 679 μετά
2852 615 2952 677 τὴν
3006 620 3338 687 χειροτονίαν
3384 627 3653 697 κτηθέντα
3675 604 3794 697 τοῖς

2213 691 2552 759 ἐπισκόποις,
2585 701 2702 762 ταῖς
2736 702 2915 756 αὐτῶν
2955 706 3305 778 Ἐκκλησίαις
3334 691 3618 789 τδιαφῇέρει,
3661 691 3789 793 ἥτις

2211 780 2357 850 λέγει
2387 786 2468 839 ὅτι
2508 789 2717 854 Πάντες
2747 793 2795 844 οἱ
2827 795 3101 866 κληρικοὶ,
3131 803 3379 857 τουτέστι
3403 809 3790 881 πρεσϐύτεροι,

2211 873 2470 942 διάκονοι,
2507 883 2875 950 ἀναγνὼσται,
2907 889 3001 940 καὶ
3053 890 3274 959 ψάλται,
3300 896 3368 949 τὰ
3413 900 3661 955 ὁπωσοῦν
3690 906 3794 958 αὐ-

2211 973 2324 1035 τοῖς
2348 972 2617 1042 κτηθέντα
2644 977 2965 1047 πράγματα,
3008 983 3110 1035 κάν
3151 986 3460 1053 ὑπεξούσιοί
3490 996 3646 1057 εἰσιν,
3679 997 3794 1050 ἴδια

2212 1065 2417 1134 ἔχουσι,
2449 1068 2543 1120 καὶ
2571 1069 2888 1137 δωροῦνται,
2920 1075 3012 1126 καὶ
3063 1077 3392 1134 διατίθενται
3441 1085 3528 1135 ἐπ’
3557 1087 3744 1150 αὐτοῖς
3771 1107 3788 1122 ο

2211 1157 2353 1210 οὕτω
2396 1158 2578 1228 μέντοι
2610 1159 2750 1213 ὥστε
2774 1165 2900 1226 τοὺς
2925 1166 3104 1218 αὐτῶν
3151 1171 3367 1235 παῖδας,
3395 1173 3427 1244 ἢ
3458 1175 3660 1229 τούτων
3691 1180 3794 1250 οὐχ

2213 1243 2477 1310 ὑπόντων,
2503 1247 2630 1310 τοὺς
2668 1252 2845 1316 γονεῖς
2887 1253 3068 1306 αὐτῶν
3109 1259 3429 1326 κομίζεσθαι
3458 1265 3518 1316 τὸ
3560 1267 3794 1338 νόμιμον

2215 1332 2379 1403 μέρος
2413 1351 2425 1364 ·
2464 1338 2494 1405 ἡ
2539 1337 2595 1389 δὲ
2649 1345 2696 1406 γ’
2734 1339 2874 1395 διάτ.
2905 1345 2998 1395 τοῦ
3029 1345 3192 1398 αὐτοῦ
3219 1347 3262 1416 β’
3291 1350 3396 1407 τίτ.
3427 1352 3534 1405 τῶν
3563 1332 3796 1426 Νεαρῶν

2213 1444 2395 1497 φησιν,
2452 1430 2555 1491 ὅτι,
2610 1433 2734 1485 Ἐάν
2786 1435 3080 1500 ἐπίσκοπος
3122 1439 3444 1512 ἢκληρικὸς
3477 1447 3796 1517 οίουδήποτε

2215 1521 2514 1593 βαθμοῦ,ἢ
2581 1525 2907 1596 Ἐκκλησίας
2965 1529 3281 1585 διακόνισσα
3325 1536 3621 1610 τελευτήσῃ
3661 1541 3796 1594 ἄνευ

2211 1614 2549 1686 διαθηκῶνῆ
2606 1619 2853 1687 νομίμων
2904 1619 3183 1690 διαδοχῶν,
3238 1626 3270 1694 ἡ
3320 1628 3523 1681 τούτων
3572 1630 3796 1702 διαδοχὴ

2215 1708 2620 1779 προσκυροῦται
2669 1713 2734 1781 τῇ
2785 1712 3080 1785 Ἐκκλησία
3114 1717 3171 1768 ἐν
3300 1722 3791 1793 κεχειροτόνηνται.

2283 1951 2535 2005 ΚΕΦΛΛ.
2566 1955 2746 2020 σκ-
2776 1955 2910 2024 Περὶ
2935 1956 3055 2009 τῶν
3089 1957 3290 2011 tamam
3318 1959 3422 2012 τοῦ
3456 1960 3796 2017 ἐπισκόπου

2210 2043 2587 2112 πραγμάτων,
2615 2047 2710 2100 καὶ
2746 2046 2834 2100 ὅτι
2897 2049 3009 2101 οὐκ
3049 2049 3307 2118 ὠφειλεν
3338 2052 3646 2120 ἀδιάθετος
3701 2073 3792 2108 τε-

2205 2133 2454 2202 λευτᾷν.

2645 2230 3024 2285 ’Λποστόλων
3058 2233 3260 2286 κανὼν
3297 2243 3347 2304 μ’

2279 2325 2353 2387 μ’.
2395 2321 2574 2373 Ἔστω
2605 2324 2813 2392 φανερὰ
2863 2324 2930 2378 τὰ
2984 2325 3089 2378 ἴδια
3139 2325 3232 2380 τοῦ
3293 2329 3590 2382 ἐπισκόπου
3649 2332 3797 2401 πρά-

2205 2426 2410 2481 γματα,
2437 2431 2490 2466 κ.
2510 2432 2555 2466 τ.
2578 2415 2627 2468 λ.

2490 2509 2536 2557 Σ
2543 2506 2761 2560 υνόδου
2805 2508 3164 2578 Ἀντιοχείας
3195 2509 3399 2562 κανὼν
3428 2510 3524 2562 κδ’.

2277 2597 2374 2650 κδ’.
2403 2597 2480 2650 Τὰ
2493 2591 2588 2662 τῆς
2615 2594 2938 2668 Ἐκκλησίας
2956 2601 3019 2670 τῇ
3047 2600 3338 2672 Ἐκκλησία
3391 2602 3565 2666 καλῶς
3592 2609 3595 2611 ’
3620 2602 3800 2674 ἔχειν,

2209 2710 2262 2747 κ.
2293 2709 2342 2744 τ.
2381 2691 2429 2744 λ.

2454 2779 2725 2834 Συνόδου
2759 2781 3150 2849 Χαλκηδόνος
3180 2783 3380 2836 κανὼν
3399 2784 3503 2854 κβν.

2275 2875 2377 2944 κβ’,
2389 2874 2498 2947 (22)
2520 2875 2609 2943 Μὴ
2628 2875 2823 2940 ἐξεῖναι
2843 2877 2944 2946 κλη
2954 2879 3126 2946 ρικοῖς
3148 2877 3285 2947 μετὰ
3303 2877 3530 2931 θάνατον
3545 2878 3636 2931 τοῦ
3655 2879 3789 2932 ἰδίου

2203 2969 2503 3022 ἐπισκόπου
2556 2969 2876 3038 διαρπάζειν
2929 2971 2998 3023 τὰ
3059 2969 3378 3040 διαφέροντα
3443 2971 3588 3041 αὐτῷ
3646 2972 3790 3042 πρά-

2203 3077 2411 3128 γματα,
2444 3059 2626 3124 καθὼς
2650 3062 2745 3113 καὶ
2775 3063 2886 3124 τοῖς
2928 3060 3094 3114 πάλαι
3125 3065 3342 3114 κανόσιν
3372 3063 3748 3132 ἀπηγόρευται
3771 3080 3783 3092 ·

2131 3198 2173 3257 C
2209 3151 2242 3222 ἢ
2269 3153 2397 3214 τοὺς
2439 3150 2598 3205 τοῦτο
2629 3150 2937 3217 ποιοῦντας,
2967 3153 3298 3206 κινδυνεύειν
3331 3155 3407 3215 εἰς
3466 3155 3590 3216 τοὺς
3625 3153 3785 3214 ἰδίους

2211 3242 2474 3314 βαθμούς.

2535 3359 2806 3415 Συνόδου
2837 3359 3135 3429 Σαρδικῆς
3164 3359 3364 3413 κανὼν
3391 3357 3475 3428 ιβ’.

2276 3451 2363 3522 ιβ’.
2398 3453 2582 3518 Ὅσιος
2641 3454 2936 3517 ἐπίσκοπος
2977 3449 3163 3508 εἶπεν
3207 3453 3423 3524 Ἐπειδὴ
3477 3451 3627 3504 οὐδέν
3671 3451 3778 3502 ἐστι

2207 3547 2640 3622 παραλειπτέον,
2665 3565 2718 3602 κ.
2755 3565 2808 3600 τ.
2835 3547 2885 3601 λ.

2417 3639 2684 3695 Συνόδου
2717 3637 3142 3708 Καρθαγέννης
3171 3639 3375 3692 κανὼν
3393 3637 3498 3706 κβν,
3528 3643 3638 3688 πα’.

2277 3731 2456 3784 Ὥστε
2521 3730 2662 3795 τοὺς
2713 3730 3090 3794 ἐπισκόπους
3123 3727 3225 3782 καὶ
3283 3728 3425 3793 τοὺς
3459 3725 3779 3794 κληρικοὺς

2199 3821 2393 3892 μηδὲν
2417 3821 2807 3891 συνεισάγειν
2826 3821 2949 3888 τοῖς
2983 3822 3070 3892 μὴ
3126 3820 3469 3889 ὀρθοδόξοις
3505 3817 3781 3886 Χριστιαω

2202 3916 2353 3980 νοῖς,
2388 3918 2439 3970 ει
2481 3914 2582 3968 καὶ
2613 3915 2929 3983 συγγενεῖς
2968 3915 3056 3969 ἔτι
3074 3916 3201 3985 μὴν
3220 3909 3392 3968 ὦσιν.

2274 4008 2376 4078 κβ’.
2401 4007 2586 4078 Μηδὲν
2629 4007 2716 4059 διὰ
2749 4006 2958 4079 δωρεᾶς
2989 4004 3098 4059 τῶν
3154 4005 3370 4058 οἰκείων
3416 4008 3782 4108 πραγμάτων,

2199 4100 2274 4165 ὡς
2323 4101 2559 4170 εἴρηται,
2593 4099 2716 4162 τοὺς
2764 4097 3164 4167 ἐπισκόπουςῆ
3222 4096 3516 4167 κληρικοὺς
3575 4096 3781 4157 τούτοις

2202 4193 2562 4260 συνεισάγειν.

2272 4285 2411 4353 Περὶ
2460 4284 2812 4338 ἐπισκόπων
2859 4283 2978 4338 τῶν
3009 4283 3344 4351 αἱρετικοὺς
3387 4283 3424 4349 ἢ
3479 4282 3774 4347 ’Έλληνας

2199 4379 2623 4448 κληρονόμους
2655 4378 3261 4447 κτιταλιμπανόντων.

2272 4468 2383 4524 ποί.
2431 4471 2663 4541 Ὁμοίως
2691 4471 2900 4540 ὡρίσθη
2944 4470 3030 4522 ἵνα
3056 4470 3151 4523 ἐάν
3172 4487 3254 4532 τις
3316 4467 3614 4530 ἐπίσκοπος
3649 4468 3775 4536 κλη-

506 4538 748 4596 haeredes
773 4542 939 4613 346
963 4559 1249 4604 extraneos
1281 4567 1310 4604 a
1353 4558 1826 4626 consanguinitate
1855 4579 1973 4629 sua,
2005 4567 2088 4620 vel

2205 4563 2467 4632 ρονόμους
2497 4538 2812 4630 συγγενεῖς,
2843 4538 3058 4628 nam;
3087 4561 3187 4629 τῆς
3243 4558 3379 4621 ἰδίας
3433 4557 3774 4630 συγγενείας,

507 4630 796 4688 hmreticos
815 4639 977 4692 etiam
1005 4647 1465 4714 consanguineos,
1496 4663 1590 4703 aut
1625 4654 2085 4722 paganos.Eecle-

505 4723 601 4776 sia:
634 4727 952 4792 praatulerit,
1004 4733 1192 4787 saltem
1257 4747 1378 4805 post
1408 4750 1657 4806 mortem,
1714 4745 2002 4799 anathema
2037 4747 2086 4800 ei

503 4817 740 4884 dicatur,
795 4832 958 4891 atque
1010 4825 1129 4894 ejus
1191 4843 1389 4884 nomen
1451 4834 1592 4887 inter
1643 4833 1738 4890 Dei
1777 4838 2088 4893 sacerdotes

504 4909 657 4963 nullo
689 4913 848 4966 modo
896 4916 1177 4973 recitetur.
1212 4920 1322 4978 Nec
1356 4930 1607 4982 excusari
1663 4932 1858 5000 possit,
1910 4933 1955 4986 si
2005 4933 2088 4986 in-

503 5010 736 5060 testatus
765 5007 1079 5076 decesserit,
1111 5016 1237 5082 quia
1268 5018 1457 5088 utique
1495 5023 1699 5088 debuit,
1739 5024 1914 5080 factus
1965 5030 2082 5098 epiv

503 5108 722 5163 scopus,
751 5099 827 5153 rei
871 5117 984 5157 suae
1029 5106 1430 5164 ordinationem
1475 5129 1773 5184 congruam
1807 5135 1922 5175 suae
1954 5135 2085 5189 pro»

502 5184 726 5244 fessioui
759 5208 1104 5264 nequaquam
1133 5198 1372 5256 dilI'erre.

572 5278 746 5352 Legas
796 5301 919 5354 qua:
980 5289 1032 5339 in
1087 5288 1120 5341 5
1169 5305 1291 5360 cap.
1351 5298 1632 5362 praesentis
1681 5302 1763 5354 tit.
1821 5315 2081 5362 annotata

501 5379 649 5421 Slllll.

568 5530 616 5563 ⁷⁸
638 5532 894 5600 Carthag.
925 5552 1008 5602 tu,
1041 5555 1160 5612 cap.
1194 5544 1280 5599 15.
1359 5548 1402 5579 ⁷⁸
1434 5549 1603 5607 Cone.
1633 5554 1806 5611 Alric.
1843 5572 1891 5612 c.
1925 5559 2013 5614 48.

723 5649 1063 5730 Atantiquis
1089 5673 1304 5730 quoque
1335 5669 1660 5724 cauouibus.

575 5720 784 5811 ιξρλιξι
803 5720 1117 5811 [ferraudus
1133 5720 1410 5811 cap.55_cx
1433 5720 2076 5811 conciliarihag.tit.25.

573 5787 690 5860 (9.1)
712 5789 1020 5851 Bonifacius
1051 5787 1303 5873 Cai'tliag.
1336 5787 1418 5860 loc

2187 4655 2543 4727 αἱρετικοὺςῆ
2563 4655 2831 4725 Ἕλληνας
2859 4653 3172 4724 προτιμήσῃ
3196 4651 3291 4722 τῆς
3309 4650 3656 4719 Ἐκκλησίας,
3683 4649 3774 4702 καὶ

2190 4747 2328 4818 μετὰ
2360 4747 2588 4801 θάνατον
2612 4745 2862 4815 ἀνάθεμα
2890 4743 2969 4814 τῷ
3023 4744 3255 4811 τοιούτῳ
3296 4743 3551 4842 galeata],-
3575 4743 3685 4842 mat~
3707 4742 3767 4794 τὸ

2187 4838 2360 4907 ὄνομα
2389 4835 2554 4890 αὐτοῦ
2585 4835 2853 4907 μηδαμῶς
2897 4833 3046 4904 παρὰ
3087 4835 3200 4896 τοῖς
3232 4832 3324 4885 τοῦ
3368 4832 3501 4884 Θεοῦ
3539 4832 3772 4901 ἱερεῦσιν

2190 4929 2453 5000 ἀνενεχθῇ
2485 4945 2499 4958 ·
2530 4928 2605 4998 μὴ
2631 4929 2686 4981 δὲ
2707 4925 2908 4997 δυνηθῇ
2963 4925 3393 4996 ἀπολογηθῆναι,
3427 4925 3522 4976 ἐὰν
3556 4924 3771 4977 ἀδιάθε-

2189 5041 2280 5086 τος
2311 5023 2691 5094 ἀπογένηται·
2752 5021 2940 5092 ἐπειδὴ
2995 5020 3286 5090 γενόμενος
3348 5018 3666 5081 ἐπίσκοπος,
3699 5017 3768 5068 εἰ-

2185 5118 2355 5179 κότως
2385 5116 2588 5185 ὀφείλει
2619 5115 2728 5169 τῶν
2767 5114 3109 5185 πραγμάτων
3158 5111 3324 5164 αὐτοῦ
3359 5113 3456 5182 τὴν
3504 5111 3769 5164 διατύπω-

2185 5227 2267 5262 σιν
2311 5209 2578 5280 ἀρμοδίαν
2606 5209 2684 5275 τῷ
2735 5206 2930 5261 ἑαυτοῦ
2985 5204 3768 5303 ἐπαγγέλματι-ποιήσασθαιί

2267 5300 2569 5368 Ἀνάγνωθι
2607 5300 2675 5353 τὰ
2706 5299 3220 5370 παραγεγραμμένοι
3252 5298 3310 5350 ὲν
3336 5296 3416 5350 τῶ
3445 5303 3484 5348 ε’
3515 5313 3640 5365 κεφ.
3675 5296 3769 5348 τοῦ
3827 5343 3833 5348 ,

2185 5397 2457 5468 παρόντος
2487 5393 2689 5448 τίτλου.
2730 5399 2740 5429 λ

2192 5673 2539 5810 All($202.1)l0l3ars
2593 5743 2821 5797 canonis
2850 5744 3011 5812 hujus
3039 5742 3210 5812 posita
3254 5744 3304 5798 iu
3338 5745 3456 5814 ipso
3492 5741 3648 5796 titulo
3685 5753 3762 5797 est

2190 5815 2256 5870 ab
2289 5817 2582 5882 interprete
2612 5815 2818 5870 Graeco.
