4156 6504
314 473 423 536 829

1087 469 1493 530 SYNTAGMA
1527 466 1911 527 CANONUM.

2009 491 2018 500 ·
2049 467 2202 528 ΤΙΤ.
2236 467 2311 540 Χ,
2349 467 2506 526 CAP.
2549 468 2648 541 VI,
2689 468 2828 530 VII.
3503 471 3608 534 830

387 584 642 640 ΚΕΦΑΛ.
671 580 744 639 Z'.
769 610 843 623 —
864 580 1008 648 Περὶ
1035 582 1140 636 τοῦ
1161 580 1267 647 τὰς
1289 581 1359 634 ἐν
1379 579 1503 644 τοῖς
1518 576 1906 647 βαρϐαρικοῖς

2081 577 2231 631 CAP.
2250 576 2830 634 Vll.-—DeiEcclesias
2859 580 2996 633 inter
3025 579 3282 635 barbaras
3313 591 3487 650 gentes
3509 584 3610 636 ad-

315 680 564 732 ἔθνεσι-ν
595 676 788 740 οὔσας
820 673 926 727 τοῦ
957 673 1107 727 Θεοῦ
1149 671 1542 739 Ἐκκλησίας,
1591 669 1744 723 κατὰ
1796 667 1913 736 τὴν

314 771 717 840 κρατήσασαν
753 766 1107 821 διοικεῖσθαι
1145 763 1495 830 συνήθειαν.

461 862 734 918 Συνόδου
758 859 1463 922 Κωνσταντινουπόλεως
1502 855 1704 910 κανὼν
1721 855 1784 925 β’.

390 955 457 1022 β’.
493 954 632 1016 Τοὺς
667 951 805 1021 ὑπὲρ
840 951 1108 1020 διοίκησιν
1137 948 1493 1010 ἐπισκόπους,
1522 964 1647 1001 κ.τ.
1691 946 1740 999 λ.

571 1133 846 1186 Συνόδου
895 1129 1291 1197 Χαλκηδόνος
1323 1127 1526 1182 κανὼν
1556 1133 1663 1199 κη’.

390 1227 596 1297 Φῆςρος
618 1227 730 1296 τῆς
753 1224 944 1292 αὐτῆς
966 1224 1140 1293 ἁγίας
1194 1222 1462 1276 συνόδου
1493 1221 1914 1290 ἐκφωνηθεῖσα

315 1321 496 1390 χάριν
518 1318 638 1374 τῶν
670 1319 1005 1386 πρεσϐείων
1031 1315 1138 1370 τοῦ
1166 1316 1384 1383 θρόνου
1442 1313 1554 1382 τῆς
1580 1312 1913 1384 ἁγιωτάτης

328 1409 701 1475 Ἐκκλησίας
727 1407 1447 1470 Κωνσταντινουπόλεως.

388 1500 498 1572 κη’.
555 1499 840 1570 Πανταχοῦ
891 1500 1004 1562 τοῖς
1056 1497 1164 1550 τῶν
1212 1496 1384 1566 ἁγίων
1448 1495 1709 1567 Πατέρων
1765 1496 1912 1566 ὅροις

317 1596 604 1664 ἑπόμενοι,
633 1612 686 1646 κ.
711 1610 762 1647 τ.
791 1592 842 1645 λ.

413 1685 683 1740 Συνόδου
711 1681 1130 1751 οἱκουμενικῆς
1158 1681 1338 1748 ἕκτης
1369 1679 1574 1734 κανὼν
1597 1678 1693 1744 λζ’,
1712 1677 1812 1732 λον.

390 1775 489 1840 λζ’.
535 1773 755 1845 Ἐπειδὴ
784 1773 927 1826 κατὰ
954 1773 1246 1842 διαφόρους
1278 1773 1530 1842 καιροὺς,
1563 1787 1618 1824 κ.
1645 1787 1694 1825 τ.
1722 1768 1774 1822 λ.

389 1960 489 2014 λθῖ
523 1959 632 2013 Τοῦ
663 1958 893 2026 ἀδελφοῦ
931 1957 1026 2011 καὶ
1073 1952 1494 2027 συλλειτουργοῢ
1551 1954 1710 2026 ἡμῶν
1785 1953 1906 2007 ’ῐω-
1941 1943 1982 1998 Β

317 2052 505 2120 άννου,
534 2069 587 2106 κ.
607 2070 658 2105 τ.
691 2052 741 2108 λ.

554 2145 825 2199 Συνόδου
862 2143 1291 2211 Καρθαγέννης
1319 2143 1523 2196 κανὼν
1557 2139 1658 2211 νβ’.

392 2237 537 2307 Περὶ
562 2237 669 2292 τοῦ
699 2235 808 2301 τὰς
837 2235 1134 2303 ἐπαρχίας
1160 2233 1657 2288 ἐπισκέπτεσθαι.

392 2331 490 2402 νβ’.
531 2330 835 2402 Ὁνωράτος
895 2330 991 2383 καὶ
1048 2327 1325 2398 Ούρὸανὺς
1387 2327 1700 2391 ἐπίσκοποι,
1732 2319 1906 2378 εἷπον·

315 2427 562 2478 Κάκεῖνο
590 2424 725 2494 ἡμῖν
749 2423 837 2476 διὰ
865 2422 1026 2490 λόγου
1061 2421 1398 2484 ἐντέταλται,
1423 2419 1566 2472 ὥστε
1623 2419 1719 2473 καὶ
1763 2419 1910 2488 ὑμᾶς

317 2512 662 2578 καταξιῶσαι
688 2513 748 2567 τὸ
769 2513 987 2583 ὁρισθὲν
1035 2511 1141 2565 ὑπὸ
1171 2515 1272 2584 τῆς
1295 2514 1352 2565 ἐν
1396 2511 1626 2565 Ἰππῶνι
1664 2511 1908 2577 συνόδου,

315 2607 557 2676 ὀφείλειν
575 2607 811 2676 ἑκάστην
839 2606 1110 2675 ἐπαρχίαν
1138 2607 1196 2657 ἐν
1225 2605 1303 2675 τῷ
1333 2604 1514 2675 καιρῷ
1546 2604 1645 2676 τῆς
1679 2603 1902 2656 συνόδου

315 2699 746 2753 ἐπισκέπτεσθαι
767 2715 782 2730 ⁸
807 2700 898 2752 καὶ
916 2699 997 2751 ὅτι
1022 2702 1079 2752 ἐν
1096 2697 1270 2768 τούτῳ
1294 2699 1388 2752 καὶ
1406 2698 1484 2767 τῷ
1507 2697 1651 2768 ἄλλῳ
1677 2695 1910 2766 ἐνιαυτῷ

316 2791 653 2862 ὑπερέθεσθε
687 2791 829 2846 κατὰ
859 2790 1013 2856 τάξιν
1065 2790 1471 2861 ἐπισκέψασθαι
1527 2789 1628 2860 τὴν
1686 2789 1908 2860 Μαυρι-

314 2886 532 2940 τανίαν.

392 2980 663 3051 Αὐρήλιος
695 2981 995 3044 ἐπίσκοπος
1061 2974 1215 3034 εἶπεν
1237 2997 1250 3012 ·
1285 2979 1422 3032 Τότε
1485 2977 1615 3048 περὶ
1651 2979 1752 3048 τῆς
1799 2975 1910 3030 τῶν

315 3074 688 3146 Μαυριτανῶν
715 3073 899 3144 χώρας
940 3074 1094 3128 οὐδὲν
1145 3073 1452 3142 ὡρίσαμεν,
1487 3072 1576 3125 διὰ
1627 3070 1689 3124 τὸ
1712 3072 1790 3134 εἰς
1842 3068 1912 3123 τὰ

313 3169 448 3239 τέλη
470 3168 568 3236 τῆς
617 3165 885 3237 Ἀφρικῆς
938 3168 1153 3220 κεῖσθαι
1192 3166 1383 3237 αὐτὴν,
1412 3166 1508 3218 καὶ
1537 3166 1619 3219 ὅτι
1655 3163 1735 3234 τῷ
1776 3164 1910 3235 βαρ-

316 3257 536 3328 ϐαρικῷ
559 3257 909 3327 παράκειται·
932 3258 960 3310 ὁ
982 3255 1036 3309 δέ
1054 3255 1184 3319 Θεὸς
1201 3255 1472 3326 παράσχοι
1496 3257 1560 3308 ἐκ
1590 3253 1910 3325 περιουσίας

315 3349 578 3403 δύνασθαι
632 3350 804 3419 ἡμᾶς,
861 3349 954 3402 καὶ
1013 3347 1089 3418 μὴ
1155 3347 1660 3416 ἐπαγγειλαμένους
1749 3342 1908 3397 τοῦτο

317 3445 522 3505 ποιεῖν,
559 3441 656 3495 καὶ
717 3439 1127 3512 παραγενέσθαι
1186 3441 1268 3504 εἰς
1325 3438 1425 3509 τὴν
1478 3437 1663 3509 χώραν
1716 3435 1905 3506 ὑμῶν’

314 3535 564 3603 ὀφείλετε
593 3532 701 3604 γὰρ
769 3534 998 3597 ἐννοεῖν,
1067 3531 1306 3600 ἀδελφοὶ,
1365 3532 1447 3584 ὅτι
1505 3531 1598 3584 ἐὰν
1651 3527 1910 3599 λογισμὸς

316 3631 529 3698 ἀπαιτῇ
553 3626 711 3681 τοῦτο
774 3628 904 3697 περὶ
927 3625 1139 3679 ἑαυτῶν
1167 3624 1478 3689 διεξελθεῖν,
1536 3622 1799 3693 ἠδύναντο
1816 3622 1912 3676 καὶ

316 3724 367 3775 οί
403 3720 786 3792 Τριπολιτανοὶ
815 3718 910 3772 καὶ
936 3719 986 3771 οἱ
1029 3717 1401 3789 Ἀρζουῖτανοὶ
1430 3715 1674 3785 ἀδελφοί.

313 3837 593 3894 Συνόδου
626 3835 1015 3903 Χαλκηδόνος
1037 3835 1107 3887 ἐκ
1141 3832 1252 3901 τῆς
1287 3832 1574 3902 τετάρτης
1613 3833 1908 3903 πράξεως,

387 3911 538 3963 ἔνθα
590 3906 902 3960 σκοπεῖται
953 3905 1019 3958 τὸ
1071 3905 1402 3972 κεφάλαιον
1453 3904 1519 3958 τὸ
1571 3906 1725 3959 κατὰ
1769 3906 1912 3974 τοὺς

388 3979 765 4044 ἐπισκόπους
790 3976 935 4043 τοὺς
964 3976 1066 4030 ἀπ’
1093 3976 1418 4043 Αἰγύπτου.

391 4097 455 4148 Οἱ
491 4091 1067 4165 μεγαλοπρεπέστατα
1104 4091 1200 4144 καὶ
1239 4090 1572 4157 ἐνδοξότατοι
1623 4090 1910 4164 ἄρχοντες,

317 4187 415 4242 καὶ
443 4189 475 4258 ἡ
503 4185 792 4256 ὑπερφυὴς
833 4183 1138 4253 σύγκλητος
1165 4178 1338 4237 εἶπεν.

390 4276 462 4333 α’.
512 4275 737 4347 Ἐπειδὴ
765 4277 812 4328 οἱ
842 4274 1229 4329 εύλαϐέστατοι
1278 4273 1572 4327 ἐπίσκοποι
1616 4275 1715 4345 τῆς
1743 4275 1911 4343 Αἰγυ-

317 4372 515 4436 πτίων,
559 4386 614 4424 κ.
645 4386 696 4421 τ.
725 4367 776 4421 λ.

495 4463 843 4522 Πασκασίνος
893 4461 923 4512 ὁ
985 4456 1384 4520 εὐλαϐέστατος
1420 4456 1758 4522 ἐπίσκοπος.
1816 4475 1909 4512 το-

321 4554 643 4627 ποτηρητὴς
675 4552 768 4608 τοῦ
809 4550 1171 4608 ἀποστολικοῦ
1221 4549 1412 4621 θρόνου
1450 4549 1672 4622 Ῥώμης
1726 4548 1903 4605 εἷπεν·

2018 669 2405 722 ministrandas
2432 685 2544 724 esse
2575 687 2670 740 pro
2693 670 2892 740 vigente
2921 673 3321 727 consuetudine.

2246 851 2475 907 Concilii
2517 850 3111 923 Constantiuopolitani
3148 873 3318 910 canon
3348 857 3404 910 ἓ.

2084 946 2141 998 2.
2174 945 2427 1016 Episc0pi
2449 946 2512 999 ad
2535 946 2810 1001 Eeclesias
2828 963 2951 1017 quae
2972 957 3098 1002 sunt
3119 960 3272 1003 extra
3291 965 3441 1004 suam
3465 947 3606 1004 dim-

2015 1039 2207 1104 cesim,
2237 1046 2366 1099 etc.,
2399 1048 2455 1090 ιιι
2486 1053 2607 1105 pag.
2629 1037 2756 1092 470.

2299 1127 2528 1182 Conciiii
2562 1127 3004 1182 Chalcedonensis
3036 1147 3206 1184 canon
3229 1131 3321 1187 28.

2086 1218 2368 1272 Decretum
2398 1217 2633 1286 ejusdem
2660 1228 2861 1272 sanche
2901 1221 3090 1289 synodi
3119 1225 3520 1292 promulgatum
3547 1221 3607 1273 in

2014 1312 2246 1380 gratiam
2303 1312 2639 1363 sacerdotum
2696 1311 2872 1365 throni
2943 1314 3295 1368 sanctissima:
3350 1311 3606 1368 Ecclesia:

2017 1403 2645 1472 Constantiuopolitame.

2084 1497 2175 1552 28.
2209 1495 2536 1551 Sanctorum
2563 1495 2786 1550 Patrum
2812 1496 3028 1552 decreta
3055 1497 3256 1567 ubique
3288 1506 3604 1567 sequentes,

2015 1603 2146 1661 etc.,
2181 1603 2237 1648 ut
2259 1611 2382 1664 pag.
2405 1595 2531 1649 470.

2231 1685 2460 1742 Concilii
2489 1687 2797 1742 a’cumenici
2828 1704 2877 1742 τι
2907 1703 3130 1741 canones
3160 1686 3249 1750 57,
3279 1686 3369 1741 59.

2085 1783 2176 1838 57.
2203 1782 2475 1848 Quoniam
2531 1781 2767 1836 diversis
2813 1781 3176 1850 temporibus,
3222 1787 3355 1847 etc.,
3388 1791 3443 1833 ut
3479 1796 3604 1850 pag.

2015 1875 2142 1929 487.

2086 1967 2174 2021 59.
2222 1965 2358 2020 Cum
2405 1964 2572 2019 frater
2600 1974 2655 2018 et
2709 1964 3091 2020 comminister
3130 1972 3318 2018 noster
3344 1962 3604 2027 Joannes,

2015 2069 2146 2128 etc.,
2174 2069 2228 2113 ut
2257 2076 2385 2129 pag.
2419 2059 2547 2114 474.
3547 2045 3550 2048 ’

2301 2150 2529 2206 Concilii
2559 2149 2997 2221 Carthaginensis
3027 2167 3192 2204 canon
3229 2150 3294 2204 5‘2

2445 2241 2522 2295 De
2541 2243 2826 2295 visitandis
2870 2243 3177 2312 provinciis.

2085 2333 2177 2388 52.
2217 2330 2532 2387 Honoratus
2551 2332 2597 2363 ⁸ο
2629 2343 2684 2387 et
2725 2331 2975 2389 Urbanus
3023 2332 3263 2404 episcopi
3297 2332 3555 2387 dixerunt
3589 2351 3605 2388 :

2014 2424 2081 2480 Et
2118 2425 2247 2480 illud
2289 2425 2448 2479 nobis
2478 2424 2648 2479 verbo
2672 2426 2996 2479 mandatum
3045 2437 3148 2490 est,
3178 2425 3342 2497 347
3385 2436 3444 2479 ut
3477 2426 3605 2495 quia

2014 2520 2376 2575 constitutum
2431 2523 2514 2572 est
2560 2517 2614 2570 in
2669 2519 2903 2573 concilio
2950 2518 3311 2588 llipponensi,
3361 2519 3611 2588 singulas

2013 2610 2328 2688 provincias
2378 2620 2624 2679 tempore
2671 2611 2893 2664 concilii
2950 2611 3253 2666 visitandas
3284 2627 3407 2667 esse
3439 2612 3601 2681 (22‘),

2014 2705 2312 2775 dignemini
2355 2703 2544 2769 etiam,
2576 2705 2722 2774 quod
2774 2703 2883 2758 hoc
2923 2720 3070 2759 anno
3124 2705 3426 2760 secundum
3458 2705 3608 2759 ordi-

2013 2809 2137 2850 nem
2167 2794 2477 2858 distulistis,
2514 2793 2598 2847 vel
2636 2793 2746 2848 alio
2774 2809 2920 2849 anno
2952 2793 3337 2849 Mauritaniam
3380 2795 3606 2864 provin-

2012 2886 2154 2941 ciam
2185 2885 2427 2939 visitare.

2083 2981 2340 3036 Aurelius
2369 2981 2658 3050 episcopus
2685 2981 2857 3036 dixit:
2884 2979 3039 3037 Tunc
3061 2982 3129 3037 de
3151 2981 3427 3052 provincia
3457 2981 3609 3038 Mau-

2012 3074 2235 3139 ritania,
2276 3084 2566 3143 propterea
2616 3074 2765 3144 quod
2820 3073 2873 3127 in
2917 3075 3121 3129 ﬁnibus
3173 3074 3372 3129 Africae
3427 3079 3608 3144 posita

2015 3168 2108 3230 sit,
2153 3167 2288 3220 nihil
2330 3167 2647 3232 statuimus,
2697 3166 2968 3236 siquidem
3021 3167 3212 3220 vicina:
3244 3166 3370 3238 [ηις.
3415 3163 3606 3237 vicini]

1935 3289 1979 3351 C
2016 3268 2144 3313 sunt
2191 3257 2531 3313 Barbarico:
2565 3258 2661 3313 sed
2709 3267 2932 3328 praestet
2983 3257 3149 3321 Deus,
3210 3266 3269 3310 ut
3317 3272 3383 3311 ex
3430 3258 3608 3310 abun-

2013 3353 2163 3407 danti
2205 3367 2313 3406 non
2347 3352 2673 3421 pollicentes
2720 3350 2911 3406 venire
2947 3351 3232 3420 possimus
3268 3351 3334 3403 ad
3371 3359 3608 3404 vestram

2015 3446 2376 3516 provinciam.
2417 3445 2676 3516 Cogitare
2729 3445 2875 3498 enim
2930 3443 3162 3507 debetis,
3206 3443 3424 3505 fratres,
3476 3443 3608 3512 quia

2014 3537 2121 3593 hoc
2161 3537 2263 3592 sibi
2291 3546 2345 3591 et
2376 3536 2705 3605 Tripolitani
2735 3545 2788 3591 et
2817 3535 3138 3604 Arzugitaui
3175 3535 3378 3590 fratres
3415 3543 3610 3604 potue-

2012 3640 2141 3686 runt
2169 3629 2408 3700 exigere,
2438 3629 2485 3685 si
2514 3629 2654 3685 ratio
2693 3635 3001 3698 pateretur.

2077 3833 2306 3889 Concitii
2329 3833 2774 3904 Chalcedonensis
2805 3850 2870 3888 ea:
2892 3835 3098 3889 actione
3139 3843 3331 3904 quarta
3359 3834 3414 3887 in
3435 3833 3608 3902 capite

2013 3905 2075 3960 de
2101 3907 2359 3974 episcoln's
2399 3903 2646 3974 /Egypli.

2086 4090 2612 4162 llIagnilicentissimi
2653 4099 2707 4145 et
2731 4091 3113 4160 gloriosissimi
3154 4090 3372 4161 judices
3405 4099 3459 4145 et
3481 4106 3604 4146 am-

2011 4183 2294 4256 plissimus
2322 4192 2548 4237 senatus
2577 4181 2836 4236 dixerunt
2870 4195 2888 4236 :

2084 4273 2135 4328 1.
2179 4271 2450 4338 Quoniam
2515 4271 2960 4326 reverendissimi
3019 4271 3260 4341 episcopi
3316 4270 3606 4342 Egyptio-

2011 4379 2157 4427 rum,
2191 4372 2320 4428 etc.,
2349 4371 2406 4414 ut
2437 4378 2558 4432 pag.
2593 4359 2717 4415 694.

2181 4455 2555 4510 Paschasinus
2585 4454 3075 4510 revereudissimus
3105 4455 3396 4525 episcopus
3415 4495 3429 4520 ,
3461 4454 3606 4510 vica-

2012 4552 2134 4606 rius
2168 4550 2314 4605 sedis
2337 4547 2674 4618 apostolicaa,
2716 4546 2854 4600 dixit
2883 4564 2895 4599 :

391 4648 457 4719 β’.
486 4649 549 4701 Εἰ
571 4648 898 4719 προστάττει
921 4646 954 4716 ἡ
976 4643 1218 4714 ὑμετέρα
1243 4642 1461 4708 ἐξουσία
1482 4683 1496 4707 ,
1518 4645 1612 4698 καὶ
1661 4646 1911 4701 κελεύετέ

2087 4641 2143 4694 2.
2171 4638 2225 4692 Si
2257 4639 2575 4709 praeceperit
2602 4638 2715 4709 (25)
2752 4637 2924 4708 gloria
2946 4645 3150 4701 vestra,
3179 4645 3233 4690 et
3260 4637 3466 4706 jubetis
3500 4637 3606 4692 illis

316 4743 374 4796 τί
400 4759 534 4796 ποτε
569 4741 752 4802 αὐτοῖς
808 4737 1223 4809 παρασχεθῆναι
1266 4735 1679 4807 φιλανθρωπίας
1719 4738 1913 4809 ἐχόμε-

2012 4732 2218 4802 aliquid
2275 4729 2524 4800 prmstari
2556 4729 2942 4796 humanitatis,
2979 4729 3398 4798 lidejussoribus
3434 4729 3601 4792 datis,

318 4850 434 4897 νον,
468 4831 674 4900 ἐγγύας
708 4830 972 4892 δότωσαν,
1003 4829 1084 4880 ὅτι
1110 4827 1211 4880 οὐκ
1237 4825 1551 4897 ἐξέρχονται
1583 4827 1788 4899 ταύτης
1812 4830 1911 4900 τῆς

2011 4843 2123 4881 non
2147 4834 2345 4880 exeant
2365 4823 2433 4879 de
2465 4825 2571 4880 ista
2597 4824 2842 4890 civitate,
2869 4824 3107 4894 quamliu
3131 4823 3464 4879 Alexandria
3491 4824 3603 4893 (‘24)

320 4925 554 4989 πόλεως,
582 4923 688 4985 ἕως
721 4915 780 4975 οὗ
808 4923 840 4992 ἡ
879 4917 1275 4989 Ἀλεξανδρέων
1323 4919 1629 4972 ἐπίσκοπον
1666 4919 1908 4991 δέξηται.

393 5018 458 5069 0i
494 5013 1074 5085 μεγαλοπρεπέστατοι
1115 5011 1210 5063 καὶ
1264 5008 1600 5074 ἐνδοξότατοι
1651 5009 1912 5080 ἄρχοντες

319 5114 415 5166 καὶ
441 5113 474 5182 ἠ
507 5108 792 5180 ὑπερφυὴς
823 5106 1130 5176 σύγκλητος
1155 5100 1329 5159 εἶπεν.

393 5211 465 5272 γ’.
509 5205 573 5256 Ἠ
635 5201 727 5255 τοῦ
808 5199 1108 5254 όσιωτάτου
1195 5197 1498 5251 ἐπισκόπου
1559 5197 1910 5252 Πασκασίνου

319 5298 502 5369 ψῆφος
552 5296 747 5366 βεϐαία
779 5295 919 5348 ἔστω
950 5310 963 5323 ’
1000 5294 1121 5346 ὅθεν
1171 5293 1428 5363 μένοντες
1460 5291 1550 5344 ἐπὶ
1583 5290 1678 5343 τοῦ
1707 5291 1909 5344 οἰκείου

329 5392 616 5461 σχήματος
685 5389 733 5442 οἱ
787 5386 1179 5439 εὐλαϐέστατοι
1243 5384 1537 5437 ἐπίσκοποι
1597 5383 1707 5437 τῶν
1753 5385 1917 5450 Αἰγυ-

393 5528 440 5561 ⁸⁰
467 5528 637 5583 Conc.
669 5523 842 5579 Afric.
883 5539 933 5579 c.
972 5522 1063 5578 19.

392 5665 531 5738 (22‘)
573 5665 873 5721 Visitandis
899 5665 966 5721 ab
1006 5659 1610 5738 episcopo‘liarthagin.
1641 5657 1788 5738 Nihil
1821 5658 1910 5714 hic
1941 5660 1943 5662 ’

324 5731 708 5792 (Ιονὶεἱιιὶῑοιό
743 5739 1004 5807 episcopo
1028 5731 1249 5807 agitur.‘
1283 5731 1509 5807 l’isitare
1540 5731 1646 5784 hoc
1677 5731 1797 5784 loco
1823 5739 1908 5807 est

324 5809 520 5862 adesse
547 5801 792 5862 concilio.
818 5801 1088 5878 plen-ario,
1109 5803 1264 5878 quod
1285 5818 1429 5878 nunc
1459 5802 1525 5878 in_
1547 5817 1653 5854 una
1682 5801 1904 5878 proyin-

325 5879 432 5942 cia,
481 5894 626 5932 nunc
655 5879 708 5931 in
746 5871 915 5931 altera
949 5871 1142 5946 cogere
1181 5873 1411 5929 debebat
1444 5873 1734 5944 episcopus
1765 5871 1900 5926 (lar-

327 5950 473 6023 thag.
511 5966 578 6006 cx
613 5949 830 6005 decreto
863 5945 1062 6006 concil.
1099 5945 1332 6017 “ippon.

2013 4919 2331 4989 episcopum
2364 4916 2615 4986 accipiat.

2083 5010 2612 5081 Magniﬁcentissimi
2655 5018 2705 5063 et
2747 5006 3376 5079 gloriosissimijudices
3407 5016 3462 5060 et
3487 5022 3607 5060 am-

2014 5105 2298 5176 plissimus
2329 5113 2556 5158 senatus
2580 5101 2841 5156 dixerunt
2869 5119 2882 5155 :

2087 5197 2253 5268 348
2281 5197 2333 5251 5.
2372 5195 2717 5250 Sanctissimi
2758 5194 2904 5266 [Div.
2934 5203 2983 5248 et
3033 5193 3211 5250 Paris.
3247 5193 3610 5247 Reverendis-

2018 5290 2190 5362 simi.]
2214 5289 2525 5344 l’aschasini
2557 5290 2626 5343 sit
2655 5289 2870 5343 ﬁrmum
2906 5288 3016 5359 Hd.
3039 5286 3272 5358 eertum]
3318 5287 3608 5355 judicium.

2020 5381 2176 5438 Unde
2225 5387 2615 5452 permanentes
2661 5379 2716 5434 in
2765 5380 2989 5449 proprio
3035 5379 3224 5433 habitu
3258 5377 3608 5432 revereudis-

2092 5656 2206 5727 (93)
2240 5655 2406 5727 Cori).
2426 5654 2486 5712 Si
2529 5657 2776 5726 prweepit
2807 5672 2825 5720 ;
2859 5655 3004 5727 quod
3033 5653 3281 5727 Cra_l_i_bus
3318 5650 3393 5727 ita
3422 5664 3612 5727 emen-

2015 5720 2208 5783 dai’iti
2259 5725 2317 5781 Si
2360 5720 2710 5796 praeceperit
2735 5720 3044 5795 chehdum
3075 5742 3088 5779 :
3123 5720 3612 5796 Si_prcccipit._At-

2015 5815 2120 5869 que
2152 5800 2224 5852 ita
2243 5792 2463 5869 habent
2494 5792 3085 5869 codicesrl’arisjeusis
3116 5805 3169 5849 ct
3200 5792 3569 5869 llivioneusis.

2087 5870 2200 5938 (Ἡ)
2239 5867 2452 5924 Divion.
2500 5868 2842 5923 Alexandria:
2877 5866 3194 5936 Episcopatu
3247 5862 3536 5932 accipiant.
