4156 6444
571 389 672 450 83ὶ
1710 385 1966 446 PIIOTll
2010 385 2187 444 PATI

2300 384 2520 444 RCIIE
2548 386 2660 444 (ΣΡ.
3718 393 3806 454 832

569 501 692 555 simi
740 495 981 568 episcopi
1022 494 1429 567 Egyptiorum,
1483 505 1578 550 aut
1609 495 1739 548 dent
1774 494 2145 563 tidejnssores,
2177 529 2187 554 Α

2292 495 2404 557 ίων,
2432 494 2465 564 ἦ
2493 495 2695 562 ἐγγύας
2721 493 3077 564 παρέξουσιν,
3129 493 3180 547 εί
3209 492 3368 548 τοῦτο
3387 495 3567 560 αὐτοῖς
3594 497 3806 566 δυνατὸν,

570 595 614 646 si
655 593 755 646 hoc
790 592 897 646 illis
919 598 1003 646 est
1032 589 1329 658 possibile;
1356 598 1451 642 aut
1483 603 1578 656 per
1604 587 1717 657 (εὴ)
1750 597 2156 640 sacramentum

571 683 652 735 eis
707 681 980 743 credatur,
1019 679 1146 746 quia
1192 687 1511 746 exspectant
1540 678 1944 731 ordinationem
1981 675 2156 731 futuri

574 773 817 842 cpiscopi
848 787 1058 841 magna!
1083 770 1316 823 civitatis
1345 768 1710 822 Alexandriae.

643 865 796 919 CAP.
840 861 1137 916 Vill.-—Ne
1162 864 1434 930 episcopus
1482 860 1560 913 vel
1583 860 1802 912 clericus
1834 859 2149 914 donationis

571 955 654 1009 vel
694 955 986 1008 testamenti
1013 952 1220 1004 nomine
1251 951 1450 1004 tribuat
1490 950 1700 1019 aliquid
1735 951 1937 1004 homini
1981 951 2151 1004 lucre-

578 1051 701 1110 tico,
727 1047 940 1100 etiamsi
973 1044 1298 1112 propinquus
1333 1042 1448 1108 ejus
1484 1042 1575 1093 sit.

764 1135 991 1191 Concitii
1021 1133 1464 1202 Carthaginensis
1501 1148 1731 1185 canones
1762 1131 1857 1195 22,
1895 1130 1984 1185 81.

648 1229 720 1284 Ut
749 1228 976 1298 episcopi
1004 1226 1081 1280 vel
1121 1226 1300 1281 clerici
1332 1225 1385 1278 in
1419 1241 1504 1278 eos
1537 1225 1625 1295 qui
1666 1240 1772 1278 non
1816 1233 1938 1278 sunt
1982 1223 2162 1277 clerici

579 1335 683 1374 non
718 1317 1018 1386 conferant.

646 1501 738 1556 2:2.
780 1499 847 1555 Et
881 1508 938 1554 ut
969 1499 1022 1553 in
1049 1513 1145 1554 eos
1174 1496 1268 1568 qui
1306 1496 1584 1562 catholici,
1615 1506 1670 1549 ut
1699 1511 1823 1566 pag.
1856 1494 1986 1549 827.

657 1687 731 1741 De
769 1685 1022 1755 episcopis
1068 1685 1157 1754 qui
1198 1684 1471 1739 tuereticos
1522 1683 1602 1737 vel
1648 1698 1883 1753 paganos
1931 1681 2164 1735 literedcs

580 1780 884 1834 instituunt.

2260 586 2600 659 ἢέξωμοσίᾳ
2656 585 3284 656 καταπιστευθήσονται,
3335 587 3686 657 ἀναμένοντες
3728 591 3811 662 τὴν

2260 679 2596 748 χειροτονίαν
2622 677 2716 730 τοῦ
2751 678 3015 747 ἐσομένου
3078 679 3382 733 ἐπισκόπου
3440 683 3538 752 τῆς
3597 681 3813 747 Ἀλεξαν-

2261 771 2433 842 δρέων
2478 770 2918 840 μεγαλοπόλεως.

2333 860 2585 914 ΚΕΦΑΛ.
2629 861 2711 915 H'.
2737 889 2808 901 —
2833 859 2970 928 Περὶ
3012 857 3119 912 τοῦ
3139 858 3293 929 μήτε
3321 859 3655 915 ἐπίσκοπον
3685 864 3815 932 μήτε

2263 951 2556 1018 κληρωτὸν
2583 950 2836 1017 διδόναι,
2868 951 2966 1006 διὰ
3015 949 3240 1018 δωρεᾶς
3283 949 3322 1019 ἢ
3345 949 3653 1019 διαθήκης,
3683 956 3816 1022 alpe-

2263 1043 2425 1110 τικῷ,
2465 1043 2580 1096 κᾶν
2608 1043 2701 1110 ειη
2729 1042 3036 1111 συγγενὴς
3065 1041 3276 1095 αὑτοῦ.

2460 1135 2730 1189 Συνόδου
2761 1135 3181 1204 Καρθαγέννης
3217 1135 3426 1188 κανὼν
3456 1135 3562 1205 κβν,
3582 1143 3686 1189 πα’.

2338 1228 2523 1282 Ὥστε
2567 1226 2709 1290 τοὺς
2739 1226 3118 1291 ἐπισκόπους
3155 1225 3254 1278 καὶ
3318 1225 3460 1291 τοὺς
3502 1226 3819 1294 κληρωτοὺς,

2261 1318 2454 1388 μηδὲν
2482 1317 2877 1386 συνεισάγειν
2903 1315 3027 1380 τοῖς
3058 1317 3145 1386 μὴ
3192 1315 3538 1383 ὀρθοδόξοις
3573 1317 3821 1386 Χριστια-

2267 1411 2418 1476 νυῗς,
2449 1412 2500 1464 εί
2533 1410 2628 1464 καὶ
2649 1409 2970 1478 συγγενεῖς
2997 1409 3087 1464 ἔτι
3114 1407 3241 1478 μὴν
3258 1403 3435 1463 ὦσιν.
3564 1420 3577 1430 ‘

2338 1501 2443 1572 κβθ.
2472 1501 2654 1572 Μηδέν
2690 1488 2778 1554 διὰ
2806 1500 3018 1570 δωρεᾶς
3063 1499 3172 1553 τῶν
3234 1499 3451 1554 οἰκείων
3483 1498 3827 1572 πραγμάτων,

2270 1613 2324 1650 κ.
2355 1612 2408 1649 τ.
2432 1593 2482 1648 λ.

2340 1686 2480 1755 Περὶ
2531 1685 2887 1739 ἐπισκόπων
2938 1683 3049 1738 τῶν
3081 1682 3412 1753 αἵρετικοὺς
3462 1683 3503 1752 ἢ
3548 1683 3827 1750 Ἕλληνας

2271 1781 2689 1848 κληρονόμους
2727 1778 3333 1847 καταλιμπανόντων.

652 1873 740 1926 81.
785 1872 914 1926 ltem
976 1869 1331 1926 constitutum
1387 1878 1492 1933 est,
1540 1875 1602 1922 ut
1659 1867 1704 1922 si
1769 1866 1894 1936 quis
1955 1866 2168 1936 episco-

2342 1877 2456 1926 πα’.
2501 1871 2736 1941 Ὁμοίως
2769 1868 3000 1940 ὡρίσθη,
3031 1869 3120 1922 ἵνα
3154 1868 3250 1922 ἐάν
3271 1885 3357 1932 τις
3397 1867 3692 1930 ἐπίσκοπος
3719 1866 3831 1937 κλη-

582 1979 708 2034 pns.
747 1971 879 2027 etc.,
910 1970 967 2015 ut
996 1978 1116 2032 pag.
1146 1960 1273 2016 827.

662 2053 880 2108 Textus.
917 2051 1126 2107 Nedum
1173 2053 1242 2106 ab
1271 2052 1543 2121 episcopis
1571 2061 1626 2106 et
1656 2051 1873 2106 clericis
1919 2052 2172 2120 accipere

587 2145 834 2200 haeretici
869 2145 1248 2214 prohibentur,
1276 2160 1463 2198 verum
1492 2145 1656 2198 etiam
1687 2147 1758 2199 ab
1788 2146 1931 2200 aliis.
1966 2145 2173 2199 Dicitur

586 2239 732 2290 enim
765 2237 858 2290 lib.
895 2253 934 2300 I,
963 2237 1043 2290 tit.
1081 2235 1131 2300 5,
1161 2245 1337 2291 const.
1371 2236 1459 2301 10,
1496 2238 1641 2306 quod
1673 2237 2014 2291 orthodoxus
2053 2253 2168 2290 rem

587 2328 918 2382 immobilem
937 2343 1057 2397 quae
1078 2329 1437 2383 orthodoxam
1463 2328 1762 2382 Ecclesiam
1789 2329 2002 2390 habeat,
2024 2328 2172 2381 nullo

590 2419 756 2472 modo
789 2419 840 2472 in
873 2420 1188 2474 haereticum
1223 2419 1518 2474 transferre
1537 2420 1712 2488 possit
1741 2438 1756 2476 :
1793 2419 1933 2491 [autl
1965 2420 2171 2489 alioqui

590 2507 787 2580 |illani]
820 2510 1130 2564 conliscari.
1161 2507 1377 2565 Rursus
1407 2520 1586 2564 const.
1634 2511 1689 2576 3,
1739 2511 1820 2564 tit.
1854 2509 1889 2561 Ξ).
1920 2508 2173 2562 Novella—

587 2619 712 2659 rum
741 2604 818 2657 ait
857 2620 870 2656 :
912 2601 968 2656 Si
1003 2602 1346 2656 orthodoxus
1391 2603 1606 2656 habens
1661 2601 2068 2672 possessionem
2118 2599 2175 2653 in

589 2710 697 2763 qua
727 2704 916 2750 sancta
951 2693 1022 2747 sit
1055 2693 1320 2757 Ecclesia,
1353 2691 1553 2765 [illam]
1601 2692 1938 2755 alienaverit,
1969 2691 2054 2744 vel
2085 2706 2174 2744 re-

591 2785 836 2856 liquerit,
869 2785 952 2838 vel
982 2785 1035 2839 in
1067 2785 1448 2855 empbyteusin
1497 2785 1728 2848 dederit,
1766 2783 1852 2839 vel
1888 2782 2173 2846 locaverit,

592 2879 679 2932 vel
711 2893 1040 2947 quocunque
1081 2873 1577 2931 administrationis
1631 2891 1829 2946 genere
1884 2875 2178 2946 praebuerit

591 2970 688 3023 aut
712 2965 920 3032 Judzeo,
960 2974 1056 3021 aut
1088 2966 1453 3029 Samaritano,
1488 2972 1582 3020 aut
1613 2964 1853 3035 Pagano,
1895 2977 1988 3019 aut
2013 2963 2179 3036 349

597 3060 966 3121 Montanistar,
1001 3065 1094 3110 aut
1119 3058 1342 3122 Ariano,
1371 3066 1467 3111 aut
1491 3057 1728 3112 breviter
1759 3057 1850 3110 alii
1883 3057 2139 3111 haeretico
2158 3095 2174 3121 ,

2274 1965 2537 2038 ρονόμους
2557 1964 2862 2029 συγγενεῖς,
2891 1979 2945 2016 κ.
2969 1979 3022 2015 τ.
3063 1961 3114 2016 λ.

2342 2057 2418 2109 (ιὺ
2453 2056 2611 2126 μόνον
2641 2055 2748 2108 ἀπὸ
2787 2054 3104 2107 ἐπισκόπων
3128 2051 3223 2106 καὶ
3251 2049 3532 2120 κληρικῶν
3563 2047 3838 2102 κωλύονται

2275 2146 2580 2218 λαμϐάνειν
2615 2147 2664 2198 οἱ
2699 2146 2986 2216 αἱρετικοὶ,
3019 2143 3154 2198 ἀλλὰ
3207 2142 3304 2196 καὶ
3347 2143 3412 2194 ἐκ
3455 2141 3568 2194 τῶν
3615 2140 3839 2210 ἐτέρων⁵

2273 2239 2486 2309 εἴρηται
2512 2238 2619 2308 γὰρ
2650 2237 2793 2308 βιϐλ.
2829 2235 2880 2290 α’
2914 2235 3021 2290 τίτ.
3057 2233 3119 2297 ε’,
3165 2235 3304 2288 διά-ι’.
3337 2238 3390 2296 ι’,
3423 2233 3505 2286 ὅτι
3539 2231 3674 2286 Οὔτε
3697 2231 3836 2303 ὀρθό-

2272 2328 2422 2394 δοξος
2475 2327 2695 2381 δύναται
2750 2326 2873 2379 καθ’
2905 2325 3214 2394 οίονδήποτε
3264 2325 3464 2396 τρόπον
3538 2321 3842 2392 μεταφέρειν

2275 2423 2355 2484 είς
2401 2421 2678 2491 αἱρετικὸν
2727 2419 2984 2490 ἀκίνητον
3058 2420 3312 2490 πρᾶγμα,
3387 2417 3530 2486 ἔχων
3586 2414 3846 2484 όρθὸδοξον

2287 2516 2638 2585 Ἐκκλησίαν,
2671 2516 2793 2566 ἐπεὶ
2824 2513 3146 2582 φισκοῠται·
3177 2513 3211 2581 ἡ
3245 2511 3343 2581 μέν
3391 2527 3474 2562 τοι
3526 2513 3573 2576 γ’
3605 2508 3737 2562 διάτ.
3760 2504 3844 2558 τοῦ

2277 2603 2322 2674 β’
2353 2603 2458 2657 τίτ.
2491 2602 2599 2655 τῶν
2637 2601 2886 2672 Νεαρῶν,
2916 2601 3104 2670 φησὶν,
3131 2601 3234 2665 ὅτι,
3269 2599 3394 2652 Ἐὰν
3423 2597 3702 2670 όρθόδοξος
3724 2596 3846 2667 ἔχων

2278 2696 2496 2766 κτῆσιν,
2526 2696 2584 2747 ἐν
2671 2695 2805 2762 ἁγία
2864 2694 3014 2747 ἐστὶν
3051 2691 3370 2762 Ἐκκλησία,
3403 2688 3730 2761 ἐκποιήσῃῆ
3755 2703 3845 2740 κα-

2284 2787 2511 2862 ταλίπῃ,
2542 2787 2574 2857 ἢ
2605 2785 2942 2857 ἐμφυτεύσῃ,
2971 2785 3002 2854 ἦ
3028 2783 3276 2853 μισθώσῃ
3299 2824 3314 2847 ,
3341 2783 3372 2852 ἦ
3400 2781 3527 2836 καθ’
3546 2780 3846 2850 οἱανδήποτε

2276 2881 2544 2950 διοίκησιν
2562 2880 2821 2949 παράσχῃ
2853 2877 3116 2946 Ἰουδαίῳ,
3138 2876 3170 2946 ἢ
3197 2873 3537 2946 Σαμαρείτῃ,
3565 2875 3596 2944 ἢ
3618 2873 3847 2942 Ἕλληνι,

2277 2972 2311 3041 ἢ
2341 2972 2701 3040 Μοντανιστῇ,
2737 2969 2769 3040 ἦ
2801 2968 3064 3041 ’Λρειανῷ
3087 2968 3118 3038 ἢ
3138 2967 3320 3030 ἁπλῶς
3343 2966 3488 3036 ἄλλῳ
3519 2964 3792 3038 αίρετικῷ,
3817 2963 3848 3033 ἡ

2291 3062 2584 3133 Ἐκκλησία
2602 3061 2702 3131 τῆς
2718 3061 2885 3130 αὐτῆς
2910 3059 3105 3129 κώμης
3130 3059 3228 3129 τὴν
3257 3057 3422 3113 αὑτοῦ
3439 3056 3754 3112 δεσποτείαν
3768 3057 3852 3108 ἐκ·

595 3151 717 3219 ejus
747 3149 988 3218 oppiduli
1025 3139 1271 3202 Ecclesia
1310 3148 1484 3216 ipsius
1517 3146 1820 3200 dominium
1876 3146 2174 3201 vindicato.

2292 3151 2519 3204 Βικείτωο
2548 3149 3118 3222 βιϐλ.α’,τίτ.ε’,διάτ.
3141 3150 3231 3220 ιη’·
3263 3149 3390 3202 Ἐὰν
3418 3147 3698 3219 αίρετικδς
3723 3146 3853 3216 ὑπὲρ

597 3240 723 3296 Lib.
753 3257 787 3305 I,
827 3240 909 3294 tit.
943 3239 998 3305 5,
1031 3247 1211 3294 const.
1256 3238 1344 3292 18.
1385 3238 1442 3293 Si
1486 3238 1796 3299 ha'reticus,
1835 3247 1898 3292 ut
1925 3237 2178 3292 militiam

599 3333 682 3386 vel
718 3331 1036 3400 dignitatem
1069 3339 1474 3400 consequatur,
1529 3339 1625 3384 aut
1687 3329 1905 3399 publico
1954 3343 2184 3383 munere

601 3425 882 3494 iungatur,
912 3431 1006 3476 aut
1035 3421 1247 3488 doceat,
1311 3429 1406 3475 aut
1443 3421 1629 3476 causis
1663 3421 2058 3490 patrocinetnr,
2088 3435 2184 3475 or-

603 3518 901 3571 thodoxum
936 3513 1040 3587 [se]
1083 3514 1327 3579 simulet,
1372 3521 1426 3567 et
1451 3527 1678 3567 uxorem
1709 3521 1804 3566 aut
1845 3513 1983 3568 lilios
2014 3513 2188 3567 haere-
2261 3517 2271 3528 '

605 3611 744 3664 ticos
782 3603 1010 3679 [ipsum]
1075 3605 1276 3660 habere
1334 3612 1580 3671 constet,
1629 3604 1868 3674 ejicitur.
1922 3603 2027 3659 Sed
2084 3605 2187 3659 etsi

604 3701 790 3764 lateat,
825 3715 934 3752 non
965 3706 1143 3767 potest
1168 3697 1467 3767 quidquam
1501 3713 1685 3751 rerum
1711 3712 1934 3750 suarum
1964 3699 2188 3761 donare,

606 3791 880 3860 alioqnive
906 3790 1146 3844 alienare
1178 3789 1230 3843 in
1260 3790 1598 3844 lnereticum.
1619 3787 1820 3843 Verum
1853 3789 1970 3844 illas
1993 3791 2193 3858 ipsius-

606 3898 715 3954 que
747 3881 1115 3936 haereditatem
1171 3896 1294 3950 qua:
1343 3881 1598 3935 haeretico
1641 3880 1905 3947 defertur,
1949 3881 2188 3937 vindicat

610 3980 796 4030 tiscus.
843 3973 902 4026 In
935 3973 1252 4027 universum
1295 3973 1438 4026 enim
1482 3973 1574 4041 qui
1620 3971 1870 4025 militiam
1905 3970 2190 4045 [aliquam]

608 4066 1035 4136 dignitatemque
1083 4065 1332 4119 obtinent
1388 4065 1531 4134 :qui
1580 4063 2028 4118 advocationibus
2079 4063 2193 4135 [va-

610 4156 814 4228 cantz]
850 4158 941 4226 qui
972 4155 1190 4226 publico
1227 4170 1490 4220 munere,
1545 4155 1838 4209 tnilitarive
1873 4156 2193 4224 magistratu

612 4251 953 4324 [funguntur
975 4247 1022 4320 :]
1051 4249 1201 4303 solos
1233 4247 1573 4302 orthodoxos
1605 4247 1846 4302 haeredes
1873 4247 2075 4302 habent
2102 4264 2116 4301 :
2141 4256 2194 4302 et

611 4357 734 4412 quae
764 4342 832 4395 ab
875 4341 982 4394 illis
1013 4340 1512 4408 quomodocumque
1561 4338 1628 4392 ad
1670 4338 1958 4393 haereticos
2003 4354 2194 4408 perve-

613 4434 794 4500 niunt,
823 4431 988 4500 exigit
1021 4433 1209 4485 tiscus.
1243 4427 1456 4483 Rursus
1481 4430 1672 4484 eadem
1717 4440 1894 4485 const.
1925 4430 2055 4484 dicit
2084 4445 2098 4483 :
2137 4429 2194 4484 Si

2289 3242 2380 3296 τοῦ
2397 3244 2575 3312 τυχεῖν
2591 3241 2794 3312 ἀξίαςῆ
2821 3239 3123 3313 στρατείας,
3143 3241 3175 3312 ἢ
3199 3241 3454 3311 δημόσιον
3480 3239 3686 3310 πρᾶξαι
3707 3239 3858 3308 φρόν-

2290 3351 2476 3408 τισμα,
2507 3335 2539 3405 ἢ
2575 3333 2863 3388 παιδεῦσαι
2889 3373 2906 3400 ,
2937 3334 2970 3405 ἦ
2995 3334 3373 3404 συνηγορῆσαι
3433 3333 3856 3405 προσποιήσηται

2291 3427 2384 3481 τὸν
2419 3426 2720 3498 όρθόδοξον,
2754 3427 2849 3479 καὶ
2912 3430 3054 3496 φανῇ
3089 3426 3338 3496 γαμετὴν
3397 3425 3432 3497 ἢ
3489 3427 3698 3490 παῖδας
3732 3425 3857 3496 ἔχων

2294 3519 2626 3590 αἱρετικοὺς,
2658 3519 2976 3572 ἐκϐάλλεται
3003 3535 3018 3550 ο
3059 3521 3108 3573 εί
3137 3519 3194 3572 δὲ
3235 3520 3332 3574 καὶ
3367 3519 3530 3594 λάθῃ,
3573 3521 3636 3574 οὐ
3653 3519 3862 3575 δύναταί

2293 3626 2347 3662 τι
2367 3609 2476 3662 τῶν
2505 3607 2672 3663 αὑτοῦ
2709 3608 3021 3679 δωρεῖσθαι,
3049 3607 3083 3679 ἢ
3111 3609 3286 3672 ἄλλως
3321 3610 3568 3663 ἐκποιεϊν
3594 3606 3860 3681 αίρετικῷ,

2295 3702 2431 3756 ἀλλὰ
2478 3700 2652 3756 ταῦτα
2681 3701 2776 3754 καὶ
2804 3701 2902 3770 τὴν
2931 3699 3196 3772 αίρετικῷ
3230 3701 3684 3773 καταφερομένην
3710 3696 3861 3754 αὐτοῦ

2296 3792 2661 3864 κληρονομίαν
2703 3791 2904 3846 ἐκδικεί
2961 3791 3022 3844 τὸ
3085 3791 3375 3860 δημόσιονο
3410 3790 3642 3846 καθόλου
3686 3791 3790 3861 γὰρ
3818 3789 3866 3842 οἱ

2301 3883 2662 3954 μετασχόντες
2689 3882 2997 3951 στρατείας,
3033 3882 3066 3952 ἢ
3116 3881 3273 3946 ἀξίας
3323 3881 3684 3954 συνηγορίας,
3716 3882 3747 3952 ἥ
3775 3881 3866 3951 δη·

2302 3975 2494 4045 μοσίας
2529 3973 2929 4045 φιλοτιμίας,ἣ
2989 3975 3432 4044 συγκροτήσεως,
3495 3975 3649 4044 παρὰ
3701 3973 3870 4044 μόνων

2299 4066 2592 4140 ὀρθοδόξων
2637 4065 3102 4138 κληρονομοῦνται
3121 4081 3136 4094 ·
3166 4065 3354 4120 καὶτὰ
3381 4065 3441 4130 ἐξ
3470 4066 3656 4119 αὐτῶν
3693 4068 3864 4118 ὁπωσ·

2299 4161 2393 4214 οὖν
2448 4163 2530 4222 είς
2559 4158 2836 4228 αἱρετικὸν
2894 4158 3184 4228 ἐρχόμενα,
3229 4157 3292 4210 τὸ
3341 4157 3603 4227 δημόσιον
3631 4157 3865 4210 ἐκδικεῖ·

2303 4257 2335 4324 ἡ
2361 4253 2418 4307 δὲ
2445 4252 2580 4321 αὑτὴ
2610 4251 2750 4304 διᾱτ.
2778 4251 2963 4322 φησὶν,
2995 4252 3098 4314 ὅτι,
3141 4249 3268 4303 Ἐὰν
3295 4249 3404 4304 τῶν
3452 4249 3679 4315 παίδων,
3706 4251 3753 4301 οἱ
3776 4247 3871 4317 μέν

2302 4349 2438 4400 εἰσιν
2469 4345 2828 4414 αίρετικοὶ,οί
2877 4343 2934 4396 δέ
2984 4341 3276 4413 όρθόδοξοι,
3312 4341 3462 4412 μόνοι
3514 4343 3562 4395 οἱ
3610 4340 3872 4412 ὀρθόδοξοι

2303 4436 2734 4508 κληρονομοῦσιν
2760 4452 2774 4468 ·
2799 4437 2847 4489 εἰ
2875 4436 2930 4490 δὲ
2962 4435 3164 4498 πάντες
3190 4436 3330 4489 είσὶν
3355 4435 3648 4506 αίρετικοὶ,
3687 4449 3872 4502 συγγε-

613 4526 850 4579 ﬁliorum
882 4523 975 4577 alii
1003 4525 1112 4578 sint
1154 4521 1436 4587 haeretici,
1471 4523 1562 4576 alii
1595 4522 1892 4577 orthodoxi
1923 4541 1935 4576 ι
1970 4522 2071 4578 soli
2103 4538 2187 4578 or-

2303 4533 2411 4593 νεϊς
2441 4528 2712 4600 όρθόδοξοι
2748 4527 3179 4599 κληρονομοῦσιν
3207 4543 3222 4558 ο
3251 4526 3283 4598 ἢ
3309 4526 3383 4598 μὴ
3408 4526 3601 4591 ὄντων,
3634 4526 3663 4578 6
3687 4527 3873 4594 φίσκος

614 4616 839 4671 tliodoxi
871 4615 1114 4670 haredes
1140 4623 1288 4669 sunt.
1315 4613 1468 4680 Quod
1490 4615 1534 4669 si
1565 4630 1756 4669 omnes
1792 4615 1901 4669 sint
1934 4614 2193 4680 haeretici,

616 4708 830 4773 cognati
887 4706 1179 4760 orthodoxi
1239 4706 1612 4760 haereditatem
1666 4706 1911 4774 capiunt.
1970 4704 2026 4760 Si
2069 4721 2200 4760 vero

617 4796 759 4850 nulli
809 4797 954 4862 sint,
997 4797 1471 4854 suceedit.iiscus.
1520 4796 1711 4851 Const.
1765 4797 1850 4851 l9.
1906 4796 2203 4853 [hereticus

619 4887 861 4942 ἣξει-ριῂί
885 4887 1030 4942 [ilius
1059 4903 1231 4957 neque
1245 4887 1599 4942 donationem
1636 4904 1813 4958 neque
1835 4890 2202 4943 haereditalem

619 4988 727 5048 pati
747 4979 792 5032 is
821 4980 1070 5048 percipit.
1099 4979 1295 5034 Const.
1335 4981 1426 5034 22.
1457 4979 1645 5050 Neque
1697 4996 1764 5036 ex
1813 4981 2002 5036 militis
2033 4991 2202 5037 testa-

621 5083 808 5124 mento
843 5072 1135 5128 haereticus
1165 5073 1540 5128 hereditatem
1577 5083 1670 5128 aut
1698 5074 1936 5143 legatum
1980 5075 2145 5143 capit.

696 5161 909 5216 Tenus.
937 5160 1071 5229 Quae
1094 5162 1592 5218 ethreditationis
1622 5180 1820 5220 causas
1846 5164 2063 5218 ordinat
2096 5161 2204 5216 No-

621 5253 760 5306 vi-lla
791 5249 911 5317 102,
960 5255 1077 5308 ait:
1113 5253 1172 5308 Si
1204 5269 1402 5323 parcns
1445 5254 1786 5309 orthodoxus
1831 5255 2032 5310 sentiat
2065 5254 2207 5308 ﬁlios

624 5359 753 5399 sues
801 5359 908 5397 non
940 5361 1061 5400 esse
1101 5345 1471 5411 orthodoxos,
1519 5346 1670 5415 ipsos
1710 5346 2094 5400 exhaaredandi
2129 5345 2208 5399 ia-

623 5436 883 5490 cultatem
915 5437 1099 5492 habet.
1125 5436 1281 5502 Quod
1309 5437 1356 5492 si
1387 5452 1417 5491 e
1447 5437 1665 5492 diverso
1694 5451 1893 5507 parens
1924 5437 2208 5490 hatreticus

625 5531 717 5591 sit,
747 5545 854 5582 non
881 5529 1041 5595 alios,
1075 5545 1240 5600 quam
1274 5529 1612 5584 orthodoxos
1644 5529 1806 5593 lilios,
1844 5539 1938 5583 aut
1971 5529 2054 5583 his
2092 5543 2199 5582 non

627 5620 1053 5676 subsistentibus
1083 5621 1418 5677 ortliodoxos
1460 5630 1753 5692 cognatos,
1795 5621 2034 5676 Incredes
2064 5619 2202 5674 scri-

2299 4621 2643 4691 διαδὲχεταιο
2702 4619 2842 4673 διάτ.
2889 4618 2974 4684 ιϐ’,
3028 4619 3078 4672 οί
3132 4619 3400 4688 αίρετικοὶ
3458 4616 3552 4671 τοῦ
3602 4613 3868 4688 αἱρετικοῦ

2303 4713 2512 4776 παῖδες.
2545 4710 2670 4764 οὔτε
2682 4711 2892 4782 δωρεὰν
2924 4709 3047 4764 οὔτε
3070 4711 3271 4782 κλῆρον
3298 4709 3466 4764 αὐτοῦ
3501 4709 3834 4779 λαμϐάνουσι
3854 4719 3869 4734 ⁸

2303 4798 2735 4897 62d1.-xﬁpbts
2766 4799 2876 4897 sua
2902 4799 3303 4897 στρατιωτικῆς
3351 4797 3617 4869 διαθήκης
3677 4797 3878 4855 αίοετι-

2306 4892 2400 4954 κὸς
2425 4890 2750 4962 κληρονομεῖ
2776 4890 2808 4961 ἢ
2840 4891 3073 4961 ληγάτον
3098 4890 3388 4963 λαμϐάνει.

2391 5165 2456 5218 Ἠ
2485 5165 2540 5217 δὲ
2569 5165 2670 5227 τὰς
2699 5163 2877 5228 αἰτίας
2911 5164 3018 5218 τῶν
3064 5163 3482 5236 ἐξερεδατιόνων
3508 5165 3778 5219 τάττουσα
3800 5164 3866 5234 pp

2309 5260 2480 5329 νεαρὰ
2503 5255 2785 5328 φησιν,ὅτι
2808 5255 2934 5310 Ἐὰν
2961 5257 3154 5325 γονεὺς
3175 5256 3455 5327 ὀρθόδοξος
3489 5256 3584 5322 ὢν,
3629 5255 3876 5324 αἴσθηται

2308 5350 2434 5412 τοὺς
2481 5349 2646 5412 ἰδίους
2699 5349 2894 5410 παῖδας
2965 5346 3039 5417 μὴ
3101 5347 3260 5410 ὄντας
3305 5347 3643 5418 ὀρθοδόξους,
3703 5345 3877 5400 ἄδειαν

2311 5437 2423 5506 ἔχει
2460 5439 2632 5490 ποιεῖν
2653 5438 2850 5499 αὐτοὺς
2883 5437 3360 5506 ἁποκληρονόμους
3386 5454 3400 5468 °
3447 5439 3497 5491 εί
3546 5437 3605 5490 δὲ
3659 5437 3878 5490 τούνανο

2307 5529 2421 5580 τίον
2450 5529 2478 5579 6
2503 5527 2694 5594 γονεύς
2745 5531 2892 5580 ἐστιν
2939 5529 3235 5597 αἱρετικὸς,
3269 5528 3344 5600 μὴ
3362 5528 3532 5596 ἐχέτω
3579 5528 3761 5582 ἄδειαν
3793 5525 3878 5580 ἄλ-

2307 5618 2438 5684 λους
2458 5619 2690 5690 γράφειν
2736 5619 3126 5690 κληρονόμους,
3175 5620 3225 5673 εί
3281 5619 3358 5692 μὴ
3399 5619 3526 5685 τοὺς
3570 5618 3874 5690 ὀρθυδόξους

700 5775 811 5844 (9.5)
851 5773 1073 5832 Veteres
1103 5775 1226 5831 libri
1265 5787 1318 5833 ct
1352 5777 1644 5842 editiones,
1678 5785 2033 5840 sacramenta,
2063 5774 2207 5846 quod
2244 5783 2390 5832 certe
2422 5775 2616 5832 melius
2646 5786 2748 5833 est.

3976 91 3978 130 ι

3977 154 3979 192 |

3981 286 3983 330 l

3985 418 3987 442 |

3987 484 3989 530 |

3989 550 3991 592 |

3991 616 3993 654 |

3993 682 3995 736 |
