4156 6514
357 427 468 491 833

1153 421 1555 485 SYNTAGMA
1589 417 1978 480 CANONUM.
2007 440 2077 451 ·-
2105 418 2252 479 ΤΙΤ.
2292 419 2366 494 Χ,
2407 421 2564 481 CAP.
2601 422 2767 484 VIII.

3523 428 3628 488 834

356 537 644 610 παῖδαςσῆ
663 537 739 609 μὴ
754 537 924 593 ὅντων
976 535 1179 601 αὐτῶν,
1213 536 1498 602 συγγενεῖς
1517 532 1830 602 ὀρθοδόξους
1855 549 1866 563 ·
1895 533 1942 584 εί

2046 531 2208 586 bendi
2242 532 2556 588 facultatem
2606 533 2830 589 habeto.
2868 532 2976 589 Sed
3035 534 3185 591 si'ex
3236 535 3424 592 liberis
3455 538 3623 609 aliqui

345 633 412 688 δέ
436 649 580 694 τινες
604 631 714 686 τῶν
739 631 946 685 παίδων
965 629 1103 683 εἰσὶν
1120 627 1412 700 ὀρθόδοξοι,
1441 626 1580 688 τινὲς
1602 625 1658 678 δὲ
1683 624 1767 690 οὒ,
1796 627 1830 696 ή
1851 627 1941 678 οὐ-

346 724 445 777 σία
475 724 556 786 είς
587 723 717 785 τοὺς
759 721 1076 794 ὀρθοδόξους
1136 720 1379 790 ἔρχεται,
1416 717 1522 771 κᾶν
1566 717 1595 770 6
1628 716 1811 787 πατὴρ
1841 716 1939 769 ἆλ-

343 814 481 878 λους
511 812 716 885 ἔγραψε
752 813 1132 884 κληρονόμους
1155 827 1168 841 ·
1198 812 1247 864 εί
1285 810 1342 864 δὲ
1369 807 1514 880 μετὰ
1551 808 1723 862 ταῦτα
1751 809 1800 861 oi
1852 811 1938 862 αί-

351 905 566 977 ρετικοὶ
630 905 854 973 ἀδελφοὶ
927 903 1199 974 όρθόδοξοι
1273 901 1562 971 γένωνται,
1610 901 1814 954 δίδοται
1878 900 1941 954 τὸ

347 997 545 1069 αἱροῦν
575 997 759 1058 αὐτοῖς
794 997 983 1068 μέρος,
1008 996 1067 1048 οὐ
1095 995 1201 1066 μὴν
1220 996 1314 1048 καὶ
1335 996 1383 1048 οί
1409 993 1774 1064 προλαϐόντες
1804 1010 1940 1064 καρ-

349 1090 478 1153 ποὶ,
505 1087 628 1142 οὔτε
658 1087 853 1156 λόγους
878 1085 1170 1141 ἀπαιτοῦσι
1222 1085 1322 1154 τῆς
1386 1085 1739 1153 διοικήσεως·
1800 1083 1940 1146 τέως

346 1181 416 1235 δὲ
451 1180 517 1235 τὰ
545 1180 852 1251 πράγματα
890 1181 938 1232 oi
975 1177 1249 1249 ὀρθόδοξοι
1283 1178 1522 1230 ὲκποιεϊν
1545 1176 1605 1228 οὐ
1638 1177 1897 1230 δύνανται
1923 1192 1937 1208 ’

346 1274 406 1327 εί
440 1272 540 1343 μέν
583 1289 665 1326 τοι
720 1271 884 1342 μέχρι
931 1269 1190 1340 τελευτῆς
1231 1268 1552 1339 ὲπιμείνωσι
1614 1269 1681 1339 τῇ
1740 1267 1937 1339 πλάνῃ,

349 1365 542 1434 πλήρη
573 1363 669 1435 τὴν
693 1361 1012 1416 δεσποτείαν
1047 1361 1281 1415 κτῶνται
1331 1362 1382 1413 οἱ
1426 1359 1696 1431 ὀρθόδοξοι
1751 1359 1846 1412 καὶ
1889 1358 1940 1411 οἱ

349 1458 716 1528 κληρονόμοι·
754 1456 803 1508 εἰ
840 1455 896 1508 δὲ
923 1454 1126 1517 πάντες
1154 1453 1205 1506 οί
1257 1453 1446 1517 παῖδες
1486 1453 1750 1524 αἱρετικοί
1779 1454 1938 1519 εἰσιν,

350 1548 630 1616 δρθὸδοξοι
677 1549 962 1616 συγγενεῖς
1013 1544 1484 1615 κληρονομοῦσιν·
1513 1544 1641 1598 εἰδὲ
1689 1543 1764 1615 μὴ
1810 1544 1938 1608 εἰσὶ,

347 1640 500 1704 τότε,
548 1640 597 1691 εί
645 1640 742 1709 μὲν
773 1635 1028 1708 κληρικοί
1061 1637 1202 1688 εἰσιν
1257 1637 1305 1689 oi
1342 1638 1542 1704 γονεῖς,
1575 1638 1608 1706 ή
1642 1635 1942 1704 Ἐκκλησία

347 1731 457 1800 τῆς
496 1731 706 1794 πόλεως
755 1731 812 1784 ἐν
855 1725 1281 1802 ᾖτὴνοίκησιν
1342 1725 1510 1799 εἶχον,
1548 1729 1814 1799 λαμϐάνει
1873 1729 1943 1782 τὰ

351 1823 662 1895 πράγματα
689 1837 703 1852 ο
759 1823 810 1874 εί
867 1821 924 1874 δὲ
973 1821 1024 1874 οἱ
1080 1820 1529 1890 ὲκκλησιαστικοὶ
1602 1820 1670 1874 δι’
1688 1821 1936 1874 ἐνιαυτοῦ

2043 622 2154 677 sint
2181 623 2496 685 orthodoxi,
2535 623 2705 694 aliqui
2743 639 2874 679 vero
2903 640 3014 680 non
3049 644 3062 680 :
3097 627 3404 682 substantia
3438 630 3504 683 ad
3535 645 3626 684 or-

2045 714 2321 771 thodoxos
2347 717 2595 786 pervenit
2622 734 2636 770 :
2667 717 2884 771 tametsi
2928 727 3081 786 pater
3102 718 3242 773 alios
3271 717 3482 791 [etiam]
3514 721 3625 775 ba:-

2041 807 2198 861 redes
2229 807 2532 877 scripserit.
2563 806 2618 862 Si
2643 823 2770 863 vero
2788 809 3139 879 postmodum
3165 809 3406 864 haeretici
3431 811 3629 868 fratres

2041 896 2333 951 orthodoxi
2384 896 2531 962 ﬁant,
2565 897 2728 952 datur
2762 898 2894 968 ipsis
2927 909 3242 968 competens
3268 893 3446 969 portio
3477 917 3490 954 :
3519 916 3626 954 non

2041 996 2225 1042 autem
2253 987 2418 1058 350
2438 989 2600 1043 etiam
2635 990 2892 1059 prieteriti
2924 989 3136 1045 fructus
3174 1007 3350 1061 neque
3389 991 3629 1046 admini-

2043 1082 2328 1136 strationis
2360 1083 2606 1137 rationes
2627 1082 2874 1152 exigunt.
2907 1081 3126 1138 Interim
3160 1094 3339 1140 tamen
3382 1102 3467 1140 res
3495 1085 3631 1158 [lue-

2041 1172 2353 1244 reditarias]
2389 1174 2678 1228 orthodoxi
2707 1174 2949 1228 alienare
2975 1191 3082 1228 non
3114 1187 3361 1244 possunt.
3395 1178 3463 1230 At
3484 1179 3530 1232 si
3560 1179 3628 1232 ad

2043 1272 2276 1320 mortem
2305 1281 2481 1335 usque
2513 1265 2567 1318 in
2592 1279 2784 1319 errore
2813 1267 3237 1334 permanserint,
3269 1269 3488 1339 plenum
3532 1272 3631 1322 do-

2043 1355 2272 1409 minium
2297 1356 2590 1410 orthodoxi
2640 1354 2987 1428 [eorumque]
3025 1359 3269 1415 hazrcdes
3310 1362 3627 1431 acquirunt.

2043 1445 2212 1501 Plane
2237 1447 2284 1502 si
2325 1462 2516 1502 omnes
2547 1447 2703 1502 liberi
2745 1448 2988 1502 haeretici
3021 1451 3150 1515 sint,
3185 1453 3402 1522 cognati
3436 1455 3631 1508 ortho-

2043 1538 2176 1593 doxi
2210 1539 2454 1594 haeredes
2488 1540 2646 1594 ﬁunt.
2672 1539 2776 1605 Qui
2808 1542 2855 1595 si
2883 1541 3015 1594 nulli
3044 1543 3176 1605 sint,
3211 1550 3325 1597 tum
3370 1545 3416 1599 si
3446 1543 3628 1598 clerici

2042 1638 2297 1701 parentes
2342 1629 2568 1695 fuerint,
2595 1632 2840 1688 Ecclesia
2865 1632 3102 1687 civitatis
3122 1673 3137 1698 ,
3173 1632 3226 1686 in
3263 1649 3369 1703 qua
3397 1634 3630 1688 domici-

2043 1722 2176 1776 littm
2212 1723 2549 1784 habuerunt,
2585 1723 2874 1778 facultates
2925 1725 3175 1794 percipit.
3223 1723 3330 1780 Sed
3383 1727 3429 1780 si
3459 1727 3634 1782 cccle-

2043 1815 2255 1870 siastici
2317 1815 2458 1870 intra
2511 1831 2716 1870 annum
2767 1815 2890 1871 illas
2938 1817 3220 1872 vindicare
3273 1819 3632 1889 neglexerint,

351 1891 697 1984 ἀμελήσουσι
750 1911 1092 1982 διεκδικῆσαι
1143 1912 1210 1963 τά
1290 1911 1614 1981 πράγματα.
1658 1913 1687 1964 6
1745 1911 1936 1981 φίσκος

2046 1905 2190 1975 capit
2218 1919 2311 1962 eas
2341 1905 2527 1961 ﬁscus.
2553 1905 2620 1960 At
2651 1906 2694 1960 si
2727 1906 2850 1962 laici
2884 1906 3106 1972 fuerint,
3151 1909 3265 1964 sive
3309 1911 3489 1964 testati
3523 1911 3636 1965 sint

351 2006 497 2059 αὑτά
525 2004 794 2075 λαμϐάνει
819 2020 834 2035 ο
865 2003 914 2056 εί
958 2003 1014 2056 δὲ
1075 2001 1253 2058 λαῖκοί
1283 2004 1443 2069 είσιν,
1494 2005 1522 2057 ὁ
1565 2004 1758 2072 φίσκος
1799 2005 1942 2058 αὐτὰ

352 2097 646 2168 λαμϐάνει,
678 2097 787 2149 εῐτε
810 2096 1050 2149 διέθεντο
1072 2097 1184 2149 εἴτε
1207 2095 1280 2165 μή
1301 2110 1316 2124 '
1337 2095 1408 2148 τὰ
1431 2095 1571 2148 αὐτὰ
1609 2097 1820 2166 κρατεῖ,
1846 2096 1942 2149 ἐὰν

351 2190 386 2242 ὁ
418 2191 547 2253 παῖς
608 2187 888 2260 όρθόδοξος
919 2186 1015 2254 ὢν,
1065 2187 1322 2256 αἴσθηται
1353 2188 1480 2249 τοὺς
1514 2191 1694 2256 γονεῖς
1728 2189 1942 2258 αίρετι-

355 2282 510 2344 κοὺς,
542 2281 670 2333 ὅταν
705 2280 870 2342 αὐτὸς
897 2280 926 2332 6
948 2280 1078 2342 παῖς
1112 2278 1476 2349 διατίθηταιῆ
1509 2276 1939 2348 κληρονομῆται.

443 2368 504 2422 Ἦ
539 2375 584 2423 α’
621 2369 751 2440 περὶ
781 2367 890 2420 τῶν
923 2366 1307 2436 Σαμαρειτῶν,
1371 2366 1600 2436 δευτέρα
1657 2365 1794 2421 οῦσα
1848 2365 1942 2419 τοῦ

353 2461 465 2515 τίτ.
497 2461 590 2514 τοῦ
608 2458 657 2529 γ’
683 2458 791 2513 τῶν
811 2459 1063 2530 Νεαρῶν,
1091 2459 1435 2529 συνεχώρησε
1453 2459 1577 2522 τοὺς
1599 2458 1941 2529 Σαμαρείτας

357 2552 658 2623 λαμϐάνειν
687 2550 898 2622 δωρεὰς
926 2551 1019 2604 καὶ
1052 2552 1117 2603 ὲκ
1171 2549 1470 2619 διαθηκῶν,
1499 2551 1592 2603 καὶ
1619 2550 1820 2604 διδόναι
1849 2551 1944 2604 καὶ

358 2644 757 2716 παραπέμπειν
792 2643 1168 2713 Σαμαρείταις
1187 2643 1368 2696 αὐτῶν
1402 2642 1562 2696 παισὶ
1599 2642 1694 2696 καὶ
1724 2641 1942 2711 γονεῦσι

355 2736 456 2788 καὶ
472 2733 790 2803 συγγενέσιν
811 2749 825 2765 ⁸
850 2733 884 2804 ή
923 2733 1022 2804 μέν
1049 2748 1132 2786 τοι
1181 2733 1470 2788 τελευταία
1515 2733 1645 2806 περὶ
1673 2735 1943 2805 Σαμαρει-

355 2825 489 2890 τῶν,
519 2822 568 2894 f'
589 2820 724 2878 οὖσα
755 2823 849 2877 τοῦ
876 2821 923 2890 γ’
953 2823 1056 2878 τίτ.
1084 2824 1193 2877 τῶν
1241 2823 1473 2898 Νεαρῶν
1511 2843 1676 2896 φησιν
1697 2867 1712 2892 ,
1743 2827 1848 2891 ὅτι,
1877 2827 1941 2880 Ol

359 2917 700 2986 Σαμαρεῖται
759 2915 820 2968 οὑ
867 2914 1300 2986 κληρονομοῦσιν
1353 2918 1418 2970 ἐκ
1471 2917 1738 2989 διαθήκης
1791 2918 1824 2988 ἢ
1884 2919 1944 2984 ἐξ

356 3007 662 3072 ἀδιαθέτου,
720 3005 844 3061 οὔτε
916 3007 1128 3078 ληγάτα
1184 3006 1218 3078 ἧ
1265 3007 1475 3077 δωρεὰς
1538 3007 1939 3078 λαμϐάνουσινο

355 3099 470 3155 ἀλλ’
495 3098 620 3155 οὔτε
638 3100 913 3171 διαδόχους
942 3099 1156 3165 ἕξουσιν
1183 3101 1243 3165 ἐξ
1267 3100 1545 3171 ἁδιαδόχου
1577 3101 1940 3173 Σαμαρείτας,

355 3191 391 3262 ἢ
424 3192 930 3262 σχηματιζομένους
964 3191 1062 3262 μὲν
1111 3192 1237 3254 τοὺς
1265 3192 1604 3263 ὀρθοδόξους,
1661 3195 1760 3264 οὐχ
1801 3193 1944 3246 οὓτω

355 3284 412 3338 δὲ
445 3284 813 3354 φρονοῦντας·
870 3282 997 3337 οὔτε
1047 3283 1102 3337 δὲ
1155 3284 1491 3339 διατίθεσθαι
1558 3285 1939 3357 ἥδωρεῖσθαι,

357 3377 406 3428 εί
441 3376 515 3446 μὴ
550 3378 664 3440 τοῖς
696 3376 999 3446 δρθοδόξοις
1034 3375 1129 3430 καὶ
1189 3377 1373 3430 πίστει
1425 3378 1520 3431 καὶ
1568 3377 1751 3446 ἔργοις
1776 3394 1790 3409 ⁸
1820 3378 1946 3431 τού-

357 3482 468 3518 των
495 3465 554 3518 δὲ
583 3465 658 3536 μὴ
684 3465 876 3530 δντων,
912 3467 967 3518 αἱ
1006 3465 1189 3519 οὐσίαι
1243 3465 1385 3536 μετὰ
1426 3467 1657 3519 θάνατον
1713 3468 1792 3530 εἰς
1853 3468 1944 3521 τὸν

359 3553 556 3622 φίσκον
585 3553 837 3624 ἔρχονται
859 3570 872 3584 ·
902 3555 953 3607 οί
1001 3555 1058 3608 δὲ
1109 3555 1212 3624 γῆν
1262 3555 1724 3626 διαγεωργοῦντες
1759 3557 1946 3628 Σαμα-

361 3646 560 3715 ρεῖται,
597 3645 854 3700 δύνανται
881 3645 1117 3716 γράφειν
1146 3638 1519 3719 κληρονόμους
1577 3649 1827 3713 ἀνιόντας
1851 3649 1946 3703 καὶ

357 3736 646 3800 κατιόντας
681 3737 885 3802 αὐτῶν,
919 3739 1016 3792 κα)⁸
1041 3738 1364 3808 ληγατεύειν
1420 3741 1602 3804 αὐτοῖς
1630 3742 1723 3794 καὶ
1748 3743 1860 3804 τοῖς
1883 3743 1947 3794 ὲκ

358 3829 616 3897 πλαγίου,
638 3825 743 3883 κᾶν
769 3823 872 3883 ὦσι
890 3830 1229 3902 Σαμαρεῖται
1254 3845 1268 3861 ο
1313 3829 1521 3884 τούτων
1559 3830 1615 3883 δὲ
1651 3832 1726 3902 μὴ
1753 3831 1944 3901 ὄντων,

356 3921 387 3974 6
422 3918 516 3973 τοῦ
548 3921 749 3991 χωρίου
779 3919 1066 3992 δεσπότης,
1091 3923 1150 3974 ὲν
1176 3914 1220 3989 ᾧ
1251 3919 1514 3993 ἐγεώργει
1543 3924 1570 3976 6
1592 3923 1943 3994 τελευτήσας,

357 4009 458 4082 τὴν
496 4011 688 4064 οὐσίαν
721 4009 1010 4081 λαμϐάνει,
1059 4011 1153 4064 τὸν
1190 4011 1354 4065 τόπον
1383 4012 1440 4064 ὲν
1495 4011 1672 4084 τούτῳ
1726 4013 1822 4066 τοῦ
1856 4015 1946 4083 φί-

359 4119 491 4155 σκου
521 4102 754 4173 ἐπέχων.

437 4193 507 4246 Ἦ
533 4193 588 4246 δὲ
616 4193 662 4262 γ’
682 4193 825 4250 διάτ.
851 4194 945 4248 τοῦ
980 4193 1024 4266 β’
1058 4195 1164 4250 τίτ.
1213 4194 1322 4248 τών
1359 4193 1588 4266 Νεαρῶν
1618 4193 1766 4264 λέγει
1789 4205 1804 4222 ⁸
1823 4196 1944 4266 Μη-

356 4283 466 4349 δεὶς
497 4287 775 4356 αἱρετικὸς
825 4287 902 4360 μὴ
954 4289 1098 4342 κατὰ
1152 4287 1478 4358 μίσθωσινῆ
1530 4287 1941 4359 ὲμφύτευσιν,ἢ

357 4377 658 4447 ἀγορασίαν
688 4377 918 4450 ῆέτέρῳ
947 4379 1136 4451 τρόπῳ
1190 4379 1422 4448 ἀκίνητα
1473 4379 1777 4450 πράγματα
1809 4378 1948 4450 λαμ-

358 4469 571 4532 ϐανέτω
603 4472 712 4526 ἀπὸ
753 4472 1106 4544 Ἐκκλησίας,
1134 4474 1168 4545 ἢ
1214 4472 1374 4527 ἄλλου
1409 4473 1709 4544 σεϐασμίου
1733 4473 1902 4526 τόπου
1926 4488 1942 4505 ο

2045 1994 2163 2050 sive
2192 2011 2302 2050 non
2327 2035 2344 2060 ,
2394 1995 2686 2051 facultates
2714 1995 2884 2052 ﬁscus
2922 1999 3088 2066 capit.
3126 1999 3326 2054 Eadem
3363 2002 3633 2069 obtinent,

2046 2089 2093 2143 si
2126 2088 2272 2144 ﬁlius
2301 2088 2642 2144 orthodoxus
2671 2100 2927 2159 parentes
2980 2090 3274 2147 haereticos
3309 2091 3474 2165 [esse]
3506 2111 3634 2148 seu-

2047 2179 2166 2246 tiat,
2201 2181 2421 2250 quando
2447 2179 2742 2254 [videlicet]
2768 2183 2883 2252 ipse
2913 2190 3299 2238 testamentum
3327 2184 3478 2248 facit,
3521 2186 3637 2242 sive

2045 2271 2386 2328 succeditur.

2117 2363 2307 2418 Const.
2342 2364 2409 2418 de
2450 2362 2819 2421 Samaritanis
2853 2369 2903 2434 l,
2934 2383 3056 2437 quae
3078 2367 3113 2421 '2
3137 2379 3220 2423 est
3250 2369 3335 2422 tit.
3373 2369 3406 2424 ’5
3431 2368 3636 2425 Novel-

2045 2454 2244 2520 larum,
2265 2456 2516 2525 permisit
2537 2455 2901 2514 Samaritanis
2920 2471 3033 2514 tum
3060 2476 3126 2514 ex
3151 2461 3445 2515 donatione
3469 2473 3635 2532 atque

2045 2554 2372 2602 testamento
2402 2563 2617 2618 capere,
2648 2559 2762 2604 tum
2802 2552 3030 2617 donare,
3063 2563 3118 2606 et
3146 2553 3215 2609 ad
3245 2555 3448 2611 liberos
3480 2571 3632 2621 suos,

2043 2648 2324 2710 parentes,
2356 2652 2624 2712 cognatos
2644 2641 3024 2700 Satnaritanos
3055 2647 3445 2702 transmittere.
3473 2650 3543 2703 At
3567 2650 3636 2704 de

2046 2728 2413 2784 Samaritanis
2448 2730 2547 2784 ult.
2578 2747 2701 2800 qua:
2735 2742 2818 2787 est
2846 2733 2898 2797 5,
2938 2732 3022 2786 tit.
3052 2732 3087 2786 ὅ
3119 2731 3466 2787 Nuvellarum
3493 2774 3508 2800 ,
3549 2733 3636 2786 di-

2045 2819 2525 2876 cit:Santaritani
2588 2836 2656 2876 ex
2717 2830 3045 2877 testamento
3097 2834 3192 2878 aut
3251 2824 3322 2878 ab
3377 2826 3635 2880 intestato

2046 2913 2291 2969 haeredes
2323 2929 2431 2967 non
2468 2913 2626 2976 ﬁunt,
2659 2927 2837 2984 neque
2881 2915 3054 2986 legata
3106 2916 3506 2978 donationesve
3536 2933 3634 2972 ca—

2044 3005 2205 3074 piunt
2239 3021 2253 3058 :
2282 3004 2376 3060 sed
2399 3020 2498 3058 nec
2527 3004 2929 3073 Samaritanos,
2955 3016 3049 3060 aut
3075 3009 3168 3077 qui
3210 3007 3549 3062 ortltodoxos
3576 3023 3636 3064 se

2047 3096 2352 3162 simulant,
2405 3113 2516 3152 nun
2562 3099 2636 3152 ita
2681 3109 2865 3154 autem
2913 3100 3204 3165 sentiunt,
3259 3099 3330 3154 ab
3379 3091 3637 3154 intestato

2047 3201 2396 3242 successores
2446 3186 2746 3245 habebunt.
2794 3187 2980 3258 Neque
3014 3188 3188 3261 [vero]
3249 3198 3635 3246 testamentum

2046 3277 2257 3334 faciunt
2291 3288 2386 3333 aut
2417 3280 2620 3349 legant,
2668 3289 2763 3333 ant
2798 3280 3026 3346 donant,
3080 3282 3186 3336 nisi
3228 3283 3553 3336 orthodoxis
3585 3291 3639 3337 et

2045 3373 2153 3427 ﬁde
2185 3383 2240 3427 et
2281 3373 2540 3443 operibus
2572 3391 2584 3427 :
2619 3374 2822 3443 quibus
2853 3390 2963 3428 non
3001 3374 3455 3442 subsistentibus,
3491 3377 3636 3430 bona

2046 3474 2171 3536 post
2221 3478 2459 3521 mortem
2521 3466 2588 3520 ad
2634 3466 2826 3520 ﬁscum
2858 3471 3204 3538 perveniunt.
3241 3469 3509 3524 Caeterum
3545 3469 3639 3539 qui

2049 3555 2378 3610 Samaritani
2433 3563 2609 3612 terras
2644 3558 2865 3624 colunt,
2925 3567 3181 3628 parentes
3215 3571 3380 3630 atque
3427 3561 3638 3616 liberos

2047 3664 2179 3704 suos
2215 3650 2461 3705 haeredes
2492 3650 2756 3715 scribere,
2793 3659 2959 3720 atque
2995 3652 3127 3722 ipsis
3148 3661 3203 3707 et
3227 3668 3292 3707 ex
3323 3662 3640 3710 transverso

2049 3739 2375 3814 [cognatis],
2416 3743 2631 3797 tametsi
2653 3743 2989 3798 Samaritani
3022 3747 3155 3810 sint,
3181 3746 3361 3816 legare
3386 3757 3636 3816 possunt.

2048 3833 2206 3900 Quod
2245 3835 2291 3890 si
2316 3835 2509 3889 horum
2539 3835 2722 3890 nullus
2753 3835 2844 3900 sit,
2890 3836 3079 3906 praedii
3110 3838 3164 3890 in
3199 3853 3308 3908 quo
3336 3837 3494 3908 351
3541 3839 3640 3893 dc-

2053 3921 2272 3978 functus
2296 3925 2726 3995 agricolabatur,
2760 3925 3022 3981 dominus
3049 3927 3412 3982 substantiam
3448 3929 3595 3999 capit
3621 3946 3637 3984 :

2049 4011 2276 4086 [quippe
2314 4013 2432 4086 qui]
2483 4015 2658 4082 vicem
2690 4016 2806 4070 ﬁsci
2851 4015 2910 4070 in
2950 4017 3055 4073 hoc
3081 4019 3345 4073 obtineat.

2117 4198 2355 4254 Constit.
2387 4199 2440 4263 5,
2467 4198 2550 4254 tit.
2574 4200 2609 4253 Ξ
2634 4198 2987 4258 Novellarum
3019 4200 3154 4256 dicit
3182 4219 3195 4255 :
3227 4201 3421 4257 Nullus
3465 4203 3639 4258 haere-

2048 4293 2188 4347 ticus
2220 4307 2314 4361 per
2337 4292 2764 4346 conductionem
2797 4301 2892 4345 aut
2919 4294 3343 4363 etupbyteusim,
3377 4303 3472 4348 aut
3519 4313 3639 4348 em-

2050 4384 2318 4454 ptionem,
2336 4391 2432 4438 aut
2458 4383 2565 4437 alio
2595 4384 2760 4438 modo
2789 4383 2854 4436 ab
2883 4385 3120 4440 Ecclesia
3143 4387 3317 4440 aliove
3341 4388 3637 4441 venerabili

2048 4475 2178 4529 loco
2204 4487 2293 4527 res
2324 4473 2636 4528 immobiles
2674 4474 2875 4544 capito.
2911 4474 3129 4543 Alioqui
3180 4475 3469 4531 haereticus
3515 4493 3639 4546 qua:

355 4561 483 4614 ἐπεὶ
507 4565 536 4615 6
559 4561 660 4632 μὲν
685 4564 964 4633 αίρετικὸς
992 4563 1063 4617 τὰ
1111 4563 1246 4635 παρ’
1273 4563 1438 4617 αὐτοῦ
1492 4563 1712 4617 δοθέντα
1739 4564 1831 4617 ἐπὶ
1875 4565 1942 4634 τῇ

2053 4565 2156 4620 bac
2195 4564 2262 4619 de
2291 4579 2457 4620 causa
2493 4564 2662 4628 dedit,
2693 4565 2971 4620 antittito:
3009 4581 3098 4620 res
3132 4575 3315 4620 autem
3345 4567 3410 4622 ad
3454 4569 3636 4622 locum

355 4653 586 4728 τοιαύτῃ
608 4656 758 4728 αίτίᾳ
771 4657 1077 4722 ἀπολλύτω,
1099 4657 1160 4710 τὸ
1178 4657 1234 4711 δὲ
1278 4659 1512 4728 πρᾶγμα
1529 4656 1946 4728 ὲπανατρεχέτω

355 4751 436 4814 εἰς
460 4749 555 4802 τὸν
587 4749 754 4803 τόπον
773 4751 833 4818 ἐξ
868 4746 930 4807 οὗ
965 4750 1124 4822 ἐδόθη
1144 4766 1158 4780 ·
1181 4753 1210 4805 6
1259 4751 1316 4804 δὲ
1374 4750 1624 4815 δεδωκὼς
1668 4751 1948 4822 διοικητὴς

355 4840 604 4913 εἴργεται
630 4839 724 4894 τοῦ
759 4841 948 4895 λοιποῦ
986 4842 1170 4912 πάσης
1204 4842 1304 4913 τῆς
1344 4842 1689 4912 διοικήσεως,
1725 4843 1818 4894 καὶ
1845 4859 1947 4911 μο-

357 4932 639 5002 ναστηρίῳ
667 4931 1024 5001 ἐμϐάλλεται,
1069 4933 1167 4986 καὶ
1222 4931 1316 4984 ἐπὶ
1373 4931 1617 4986 ἐνιαυτὸν
1653 4932 1750 5000 τῆς
1782 4930 1947 5000 ἁγίας

357 5022 650 5087 κοινωνίας
679 5023 974 5094 χωρίζεται
1013 5040 1026 5054 ο
1066 5025 1099 5094 ἠ
1140 5021 1284 5095 αὐτὴ
1338 5022 1396 5075 δὲ
1444 5022 1586 5077 διάτ.
1618 5023 1803 5093 φησὶν,
1841 5023 1944 5088 ὅτι,

370 5117 498 5172 Ἐάν
530 5133 614 5181 τις
644 5116 754 5171 τῶν
779 5116 1093 5189 αἱρετικῶν,
1128 5111 1210 5179 οἷς
1261 5114 1721 5187 συναριθμοῦνται
1749 5113 1952 5168 Νεστοο

361 5210 540 5282 ριανοὶ
566 5209 660 5263 καὶ
686 5208 1111 5280 Εὐτυχιανισταὶ
1166 5208 1262 5261 καὶ
1319 5206 1632 5275 Ἀκέφαλοι,
1684 5205 1948 5277 τολμήσοι

357 5299 710 5370 καταγώγιον
735 5301 835 5372 τῆς
855 5301 993 5363 ίδίας
1016 5299 1316 5370 θρησκείας
1355 5301 1602 5371 ποιῆσαι,
1635 5297 1668 5369 ἢ
1705 5299 1948 5352 Ἰουδαῖοι

357 5395 486 5448 νέαν
516 5393 864 5464 συναγωγὴν,
926 5393 1212 5446 ὲκδικείτω
1271 5389 1412 5444 αὐτὰ
1455 5393 1489 5462 ή
1544 5389 1867 5460 Ἐκκλησία’
1899 5391 1948 5442 εί

358 5489 418 5543 δὲ
440 5487 825 5556 ὲνεφύτευσεν,
858 5485 893 5557 ἦ
926 5484 1255 5556 ἐμίσθωσεν,
1285 5483 1318 5554 ἢ
1353 5483 1604 5538 ὁπωσοῦν
1629 5486 1708 5547 εἰς
1745 5483 1950 5554 διοίκη-

361 5597 446 5636 σιν
464 5580 668 5636 δέδωκε
688 5578 918 5650 τοιούτῳ
941 5575 1245 5649 προσώπῳ,
1265 5577 1312 5628 εί
1337 5575 1436 5645 μὲν
1459 5575 1616 5641 εἰδὼς
1636 5577 1664 5629 ὁ
1683 5574 1950 5645 δεσπότης

361 5671 643 5744 αἰρετικδς
676 5671 884 5742 ἔπραξε
960 5668 1146 5736 τοῦτο,
1175 5669 1355 5732 πάσας
1383 5667 1483 5731 τὰς
1513 5667 1813 5739 προσόδους
1857 5664 1951 5718 τοῦ

362 5766 559 5837 χρόνου
589 5764 682 5818 τοῦ
713 5764 1162 5834 συναλλάγματος
1195 5764 1230 5832 ή
1261 5760 1560 5832 Ἐκκλησία
1586 5759 1684 5829 τῆς
1714 5757 1944 5822 πόλεως,

363 5855 451 5925 ὑφ’
483 5855 552 5928 ὴν
585 5857 620 5926 ή
649 5855 843 5926 κτῆσις
868 5855 1162 5920 διάκειται,
1189 5853 1400 5908 ὲκδικεῖ
1421 5869 1433 5883 °
1465 5850 1752 5922 ἀγνοοῦντι
1787 5850 1843 5904 δὲ
1871 5849 1949 5918 τῷ

2047 4674 2114 4713 ex
2148 4672 2260 4728 quo
2289 4657 2416 4711 data
2455 4666 2540 4712 est
2591 4657 2861 4711 recurrito
2897 4675 2913 4712 :
2946 4657 3294 4727 dispensator
3327 4671 3507 4713 autem
3541 4661 3635 4730 qui

2049 4749 2199 4806 dedit
2223 4749 2291 4804 de
2323 4759 2523 4804 caetero
2573 4764 2604 4803 a
2639 4748 3049 4818 dispensatione
3082 4756 3320 4815 arcetor,‘
3345 4761 3399 4806 et
3430 4751 3482 4804 in
3511 4767 3635 4806 mo-

2053 4841 2354 4896 nasterium
2391 4841 2708 4911 conjicitor,
2762 4849 2816 4895 ct
2841 4856 2937 4910 per
2979 4856 3180 4895 annum
3207 4857 3237 4896 a
3267 4853 3454 4897 sancta
3481 4858 3637 4898 com-

2051 4932 2314 4988 munione
2344 4942 2680 5003 segregator.
2714 4930 2924 4986 Rursus
2947 4934 3136 4985 eadem
3167 4934 3387 4987 constit.
3420 4934 3497 4988 ait
3530 4953 3544 4989 :
3579 4934 3636 4990 Si

2051 5026 2176 5095 quis
2215 5025 2623 5090 haereticorum,
2643 5025 2847 5095 quibus
2872 5035 3344 5079 connumerantur
3360 5024 3639 5081 Nestoria-

2051 5117 2130 5180 ni,
2183 5115 2644 5187 Eutycltianistm,
2702 5122 2757 5168 et
2793 5115 3054 5185 Aeephali
3082 5155 3096 5180 ,
3137 5115 3453 5185 speluncam
3494 5116 3641 5172 ausit

2048 5207 2335 5277 religionis
2376 5222 2490 5260 suae
2519 5205 2882 5268 exaedificare,
2914 5217 3008 5260 aut
3035 5203 3205 5260 Judaei
3235 5222 3427 5260 novatn
3457 5206 3638 5279 Syna-

2052 5315 2243 5370 gogam
2276 5307 2562 5354 exstruere
2598 5316 2612 5353 :
2648 5301 2763 5354 haec
2781 5294 3024 5353 Ecclesia
3058 5299 3351 5354 vindicato.
3385 5299 3438 5353 Si
3466 5297 3636 5373 [quis]

2050 5407 2179 5445 vero
2205 5388 2538 5463 [quippiam]
2568 5389 2878 5459 hujusmodi
2904 5404 3152 5459 persona:
3177 5389 3230 5442 in
3253 5389 3637 5459 emphytcusin

2049 5483 2284 5548 dederit,
2311 5491 2409 5538 aut
2435 5483 2722 5546 locaverit,
2755 5490 2850 5534 aut
2882 5480 3381 5550 quomodocunque
3403 5479 3641 5532 admini-

2052 5577 2344 5634 strandum
2384 5578 2721 5633 concesserit
2759 5592 2772 5628 :
2805 5575 3104 5645 etquidem
3136 5573 3457 5628 haereticum
3486 5573 3638 5625 illurn

2053 5670 2222 5744 [esse]
2268 5672 2450 5728 sciens
2515 5669 2568 5723 id
2609 5668 2848 5724 fecerit:
2881 5683 3074 5723 omnes
3126 5667 3334 5722 reditus
3395 5665 3637 5737 quanditt

2053 5775 2371 5821 contractus
2389 5763 2572 5828 durat,
2599 5761 2842 5818 Ecclesia
2879 5759 3138 5826 civitatis,
3163 5758 3266 5813 sub
3289 5773 3397 5827 qua
3424 5771 3642 5827 posses-

2053 5858 2134 5912 sio
2166 5855 2271 5910 sita
2309 5862 2392 5909 est
2417 5893 2433 5919 ,
2497 5853 2737 5907 vindicat
2768 5869 2781 5906 :
2813 5852 2896 5906 sin
2952 5851 3209 5923 ignorans
3233 5887 3250 5917 ,
3301 5847 3513 5905 nullum
3556 5843 3633 5904 illi
