4156 6462
603 339 710 402 835

1790 348 2053 409 PHOTII
2097 349 2607 414 PATRIARCH/E
2646 327 2785 417 ορ(

3773 372 3871 434 836

601 451 864 506 damnum
887 452 1126 509 obvenit.
1164 454 1467 512 Haereticus
1493 462 1676 513 autem
1704 458 1757 511 in
1788 468 2022 530 utroque
2049 477 2174 518 casu

2289 455 2522 537 δεσπότῃ
2548 509 2562 532 ,
2581 467 2806 538 οὐδεμία
2837 469 3191 536 προσγίνεται
3221 469 3429 542 ζημία·
3462 475 3490 527 ὁ
3523 475 3575 530 δὲ
3605 481 3870 550 αἱρετικὸς

601 553 657 596 et
707 546 1053 614 possessione
1101 547 1384 618 anigitur,
1440 559 1493 604 et
1555 548 1714 621 [ejus
1758 551 1938 622 bona]
2010 554 2188 622 publi-

603 646 820 690 cantur.

2297 558 2383 625 ἐφ’
2416 556 2678 627 ἑκατέρου
2728 556 3002 626 θέματος,
3044 559 3140 612 καὶ
3201 562 3301 632 τῆς
3347 563 3593 633 κτήσεως
3640 568 3870 622 ἀπελαύι

2293 665 2444 704 νεται
2475 649 2570 702 καὶ
2605 647 2668 718 δη
2678 647 2924 719 μεύεται.

617 835 3858 879 __._____________.___________________________________

1916 999 2321 1087 ΤΙΤΛΟΣ
2397 1005 2548 1086 IA'.

1610 1175 1770 1232 ΠΕΡΙ
1807 1178 2306 1235 ΜΟΝΑΣΤΗΡΙΩΝ
2344 1184 2463 1237 ΚΑΙ
2503 1185 2863 1242 ΜΟΝΑΧΩΝ.

1877 1507 2342 1589 TITULUS
2416 1511 2570 1590 XI.

1661 1683 1749 1740 DE
1790 1683 2264 1756 MONASTERIIS
2302 1687 2392 1742 ET
2427 1686 2805 1745 MONACHIS.

664 1871 827 1943 352
850 1867 1079 1926 CAPUT
1116 1868 1313 1924 l.—-De
1336 1871 1778 1924 monasteriorum
1800 1875 2174 1940 nrdiﬁcattone,

2350 1868 2600 1920 ΚΕΦΑΛ.
2628 1870 2706 1922 A'.
2732 1897 2802 1908 —
2827 1871 2966 1937 Περὶ
2981 1873 3280 1942 ποιήσεως
3289 1885 3748 1947 μοναστηρίων·
3771 1884 3860 1936 καὶ

595 1973 645 2017 et
670 1980 730 2018 ne
751 1965 860 2018 Itazc
884 1963 1078 2033 privati
1105 1962 1252 2032 juris
1281 1963 1409 2026 sint,
1430 1973 1477 2015 et
1509 1962 1569 2015 de
1604 1963 1977 2016 monachorum
2007 1964 2180 2016 rebus.

805 2166 1033 2222 Concilii
1063 2167 1499 2222 Chalcedonensis
1527 2183 1750 2221 canones
1793 2167 1847 2231 4,
1877 2169 1968 2222 24.

665 2261 720 2314 ιί.
749 2257 852 2326 Qui
889 2275 1014 2314 vere
1041 2271 1095 2314 et
1125 2261 1337 2314 sincere
1364 2301 1378 2324 ,
1410 2270 1466 2313 ut
1487 2277 1607 2329 pag.
1633 2260 1756 2313 754.

666 2350 757 2405 24.
828 2349 962 2415 Qua:
1018 2349 1187 2404 semel
1231 2349 1512 2404 voluntate
1560 2349 1800 2418 episcopi
1867 2356 2182 2404 consecrata

595 2448 721 2494 sunt
773 2439 1134 2505 monasteria,
1167 2447 1221 2493 et
1250 2454 1338 2492 res
1369 2454 1490 2506 qua:
1542 2439 1607 2491 ad
1649 2454 1710 2492 ea
1764 2439 2035 2508 pertinent
2065 2453 2181 2491 ser-

595 2531 731 2594 vari,
769 2545 944 2600 eaque
982 2546 1086 2584 non
1120 2531 1355 2599 amplius
1388 2531 1501 2585 lieri
1536 2529 1816 2583 saecularia
1851 2528 2180 2583 habitacula.

594 2621 706 2675 Eos
729 2631 930 2686 autem,
962 2621 1054 2691 qui
1093 2621 1196 2676 hoc
1229 2620 1341 2675 ﬁeri
1368 2621 1725 2690 permittunt,
1760 2634 2034 2675 canonum
2062 2634 2181 2689 pa:-

593 2712 680 2767 nis
705 2713 927 2782 subjici.

899 3009 1127 3064 Concilii
1155 3007 1465 3063 oecnmenici
1495 3021 1543 3059 Vl
1575 3021 1742 3059 canon
1779 3003 1868 3058 1.9.

655 3094 743 3154 49.
766 3100 1142 3157 Huncsacrum
1163 3102 1327 3156 etiam
1340 3112 1603 3152 canonem
1651 3102 1976 3150 renovantes
1997 3092 2185 3148 decer-

591 3192 809 3253 nimus,
869 3199 931 3244 ut
983 3204 1106 3258 quae
1160 3187 1455 3257 episcopali
1507 3187 1785 3243 voluntate
1831 3185 1995 3239 semel
2046 3199 2250 3284 con-C

592 3290 805 3338 secrata
886 3280 1096 3336 fuerint
1156 3281 1529 3342 monasteria,
1612 3293 1830 3347 semper
1907 3285 2182 3330 monaste-

595 3375 678 3427 ria
720 3382 998 3439 maneant,
1038 3383 1091 3426 et
1154 3387 1241 3426 res
1298 3387 1418 3441 quae
1459 3370 1524 3425 ad
1560 3371 1676 3440 ipsa
1734 3367 2028 3439 pertinent,
2062 3382 2182 3420 mo-

594 3465 838 3519 nasteria
872 3471 1180 3527 serventur,
1213 3471 1266 3516 et
1295 3478 1358 3516 ea
1389 3477 1494 3515 non
1539 3461 1752 3530 possint
1785 3475 1908 3515 esse
1942 3460 2179 3528 amplius

601 3557 885 3613 saecularia
913 3555 1253 3621 habitacula,
1296 3570 1396 3609 ncc
1437 3554 1506 3608 ab
1550 3553 1661 3606 ullo
1693 3567 1757 3606 ex
1794 3551 2050 3607 omnibus
2081 3566 2177 3606 sae-

593 3650 876 3705 cularibus
912 3648 1054 3702 tradi
1085 3646 1424 3700 hominibus.
1466 3645 1572 3700 Sed
1603 3631 1770 3699 etiam
1824 3645 1869 3700 si
1923 3644 2025 3698 hoc
2072 3645 2178 3696 hu-

593 3756 803 3810 cusque
867 3738 1072 3795 factum
1127 3746 1234 3803 est,
1281 3739 1385 3792 hoc
1439 3752 1788 3807 nequaquam
1844 3737 2176 3791 servandum

592 3831 972 3896 decernimus;
1005 3844 1102 3884 eos
1139 3839 1342 3895 autem,
1389 3829 1484 3898 qui
1533 3829 1790 3896 deinceps
1842 3829 1948 3883 hoc
1996 3827 2179 3883 facere

595 3923 1007 3994 aggrediuntur,
1040 3937 1317 3976 canonum
1347 3921 1528 3992 poenis
1565 3922 1782 3990 subjici.

586 4133 751 4206 353
780 4133 1003 4206 Co_ncilii
1033 4133 1189 4201 primi
1238 4142 1287 4184 et
1338 4131 1554 4206 secundi
1605 4129 2069 4206 Constantinopoli
2120 4130 2177 4206 in

659 4199 772 4258 ἷνᾶε
829 4199 1148 4259 Sanctorum
1206 4203 1576 4272 Apost-olorum
1634 4201 1799 4253 habiti
1862 4216 2088 4254 canones
2149 4199 2171 4251 l

691 4275 788 4329 ιϐ.

658 4291 707 4330 et
735 4291 788 4328 υ.

657 4365 710 4420 l.
739 4365 848 4422 Res
874 4365 1008 4421 adeo
1039 4365 1346 4421 veneranda
1372 4372 1428 4419 et
1449 4363 1813 4429 honorabilis,
1842 4371 1947 4418 etc.
1976 4374 2174 4433 utpag.

586 4457 711 4512 “8.

584 4643 772 4698 omnia
800 4657 990 4696 eorum
1021 4641 1353 4696 monasterio
1371 4642 1595 4696 ascribi.
1624 4639 1761 4692 Dicit
1792 4638 1935 4692 enim
1976 4638 2171 4692 beatus

585 4733 763 4788 Lucas
810 4731 878 4786 de
910 4732 978 4785 iis
1009 4733 1099 4801 qui
1130 4731 1363 4786 credunt
1399 4732 1452 4784 in
1505 4730 1807 4793 Christum,
1864 4736 1920 4781 et
1979 4740 2170 4779 mona-

587 4826 816 4880 chorum
847 4825 1251 4879 institutionem
1285 4823 1621 4887 describunt,
1649 4821 1793 4890 quod
1826 4834 1987 4872 nemo
2012 4817 2170 4887 quid-

585 4931 748 4985 quam
780 4930 970 4970 eorum
1006 4931 1127 4985 qum
1159 4916 1402 4975 aderant,
1439 4913 1724 4982 proprium
1759 4923 1883 4965 esse
1929 4909 2166 4973 dicebat,

585 5007 680 5058 sed
710 5013 868 5058 erant
905 5005 1011 5059 illis
1043 5006 1224 5059 omnia
1278 5004 1618 5058 communia.
1671 5000 1737 5053 Et
1793 5001 1914 5053 ideo
1963 4999 2029 5052 iis
2073 4996 2167 5064 qui

587 5098 839 5152 monachi
864 5113 983 5153 esse
1009 5099 1220 5162 volunt,
1252 5098 1405 5167 prius
1439 5099 1598 5151 datur
1640 5094 1874 5148 facultas
1927 5091 1994 5144 de
2050 5089 2168 5144 suis

585 5189 747 5242 rebus
795 5189 1051 5254 testandi,
1106 5203 1170 5243 ac
1220 5187 1582 5257 disponendi,
1641 5194 1696 5240 et
1745 5183 2168 5253 quibuscunque

582 5281 751 5335 velint
779 5283 1048 5350 personis,
1097 5281 1215 5351 lege
1264 5280 1478 5336 scilicet
1540 5295 1647 5333 non
1699 5275 2011 5347 prohibitis,
2065 5289 2164 5328 sua

582 5374 1011 5439 transmittendi,
1078 5376 1373 5444 Postquam
1450 5374 1596 5427 enim
1691 5370 1949 5426 monachi
2032 5366 2162 5423 facti

583 5464 808 5538 fuerint,
852 5465 1097 5519 onmium
1129 5466 1398 5519 bonorum
1430 5464 1733 5518 dominium
1768 5462 2160 5515 monasterium

583 5557 824 5620 habebit,
855 5564 909 5610 et
941 5555 1148 5610 nullam
1177 5556 1243 5611 de
1275 5555 1439 5610 rebus
1467 5554 1703 5625 propriis
1733 5569 1920 5608 curam
1951 5566 2158 5622 gerere,

581 5647 666 5701 vel
697 5647 983 5717 disponere
1039 5648 1119 5702 eis
1165 5647 1498 5718 permissum
1541 5656 1642 5702 est.
1707 5644 1763 5699 Si
1800 5646 1923 5714 quis
1971 5652 2152 5696 autem

583 5739 956 5808 deprehensus
983 5740 1161 5808 fuerit,
1219 5741 1625 5811 possessionem
1717 5739 1981 5808 aliquam,
2031 5752 2154 5806 qua:

2291 1958 2396 2011 τοῦ
2413 1958 2500 2026 μὴ
2535 1959 2807 2028 τίνεσθαι
2853 1963 3008 2016 αὐτὰ
3073 1964 3361 2021 ίδιωτικάσ
3393 1971 3491 2023 καὶ
3533 1973 3672 2040 περὶ
3726 1990 3860 2042 azm-

2287 2050 2527 2118 γμάτων
2546 2050 2664 2104 τῶν
2683 2053 3082 2121 μσναζόντων.

2533 2167 2805 2222 Συγόδου
2847 2170 3239 2238 Χαλκηδόνος
3263 2173 3466 2228 κανὼν
3488 2175 3550 2242 δ’,
3577 2177 3676 2233 κδ’.

2354 2253 2415 2308 δ’.
2442 2256 2505 2308 Oi
2533 2257 2748 2327 ἀληθῶς
2775 2260 2869 2312 καὶ
2892 2261 3222 2331 εἰλικρινῶς,
3257 2282 3314 2321 κ.
3345 2284 3395 2319 τ.
3425 2267 3472 2323 λ.

2357 2343 2456 2398 κδ’.
2506 2346 2587 2398 Τὰ
2635 2346 2784 2411 ἅπαξ
2848 2349 3258 2420 καθιερωθέντα
3338 2356 3685 2426 μοναστήρια
3725 2358 3858 2414 κατὰ

2285 2436 2511 2508 γνώμην
2542 2439 2867 2506 ἐπισκόπου,
2907 2442 3093 2510 μένειν
3147 2445 3229 2508 εἰς
3281 2445 3342 2500 τὸ
3393 2446 3640 2516 διηκενὲς
3702 2468 3858 2519 μονα-

2286 2531 2516 2600 στήρια”
2549 2534 2642 2584 καὶ
2683 2532 2751 2587 τὰ
2798 2535 3066 2605 ἀνήκοντα
3119 2537 3300 2600 αὐτοῖς
3330 2539 3635 2608 πράγματα
3665 2542 3856 2610 φυλάτ-

2284 2620 2473 2674 τεσθαι
2512 2623 2588 2692 τῷ
2617 2625 2990 2695 μοναστηρίῳ,
3027 2627 3121 2678 καὶ
3173 2627 3370 2696 μηκέτι
3415 2628 3678 2684 δύνασθαι
3716 2634 3855 2700 γενέ-

2285 2712 2407 2766 σθαι
2457 2715 2630 2767 ταῦτα
2679 2717 2919 2786 κοσμικὰ
2958 2719 3319 2788 καταγώγια’
3369 2722 3496 2785 τοὺς
3544 2723 3604 2776 δὲ
3655 2741 3856 2794 συγχω-

2288 2806 2516 2875 ροῦντας
2556 2807 2714 2862 τοῦτο
2766 2810 3036 2878 γίνεσθαι,
3099 2813 3422 2866 ὑποκεῖσθαι
3485 2817 3600 2879 τοῖς
3643 2817 3706 2868 ἐκ
3753 2817 3855 2871 τῶν

2284 2899 2526 2953 κανόνων
2551 2901 2870 2972 ἐπιτιμίοις.

2421 3014 2696 3068 Συνόδου
2731 3017 3159 3086 οἱκουμενικῆς
3193 3018 3372 3087 ἕκτης
3397 3021 3601 3074 κανὼν
3627 3020 3732 3091 μθ’.

2338 3099 2443 3167 μθ’,
2468 3103 2714 3160 Ἀνανεού
2724 3125 2877 3178 μενοι
2893 3108 2986 3162 καὶ
3000 3108 3185 3161 τοῦτον
3201 3109 3293 3161 τὸν
3350 3111 3496 3181 ἱερὸν
3517 3113 3718 3166 κανόνα
3744 3113 3852 3182 δρί-

2285 3191 2448 3262 ζομεν
2479 3232 2493 3257 ,
2529 3192 2668 3247 ὥστε
2717 3197 2786 3250 τὰ
2839 3196 2984 3260 ἅπαξ
3052 3197 3456 3268 καθιερωθέντα
3526 3205 3852 3274 μοναστήρια

2285 3283 2426 3338 κατὰ
2469 3284 2697 3355 γνώμην
2749 3289 3070 3354 ἐπισκόπου,
3125 3291 3305 3359 μένειν
3368 3294 3448 3355 είς
3511 3295 3574 3346 τὸ
3617 3295 3851 3365 διηνεκὲς

2286 3379 2622 3448 μοναστήρια
2652 3379 2742 3432 καὶ
2766 3379 2834 3433 τὰ
2882 3383 3153 3449 ἀνήκοντα
3186 3383 3369 3448 αὐτοῖς
3397 3387 3704 3457 πράγματα
3753 3405 3850 3456 φυ-

2280 3469 2572 3524 λάττεσθαι
2631 3471 2706 3542 τῷ
2768 3475 3132 3545 μοναστηρίῳ,
3191 3475 3286 3530 καὶ
3355 3479 3554 3546 μηκέτι
3606 3480 3852 3532 δύνασθαι

2280 3560 2422 3614 αὑτὰ
2451 3561 2693 3631 κοσμικὰ
2724 3563 3064 3632 καταγώγια,
3103 3569 3241 3637 μήτε
3294 3569 3351 3622 δὲ
3405 3571 3508 3622 ὑπὸ
3559 3589 3708 3634 τινος
3753 3573 3851 3624 τῶν

2279 3652 2538 3706 ἁπάντων
2564 3656 2852 3723 κοσμικοίς
2885 3656 3112 3726 ἀνδράσι
3152 3657 3324 3712 ταῦτα
3370 3660 3677 3716 ἐκδίδοσθαι
3699 3679 3712 3692 ·
3744 3661 3850 3715 ἀλλ’

2279 3746 2328 3796 εί
2352 3745 2444 3797 καὶ
2464 3746 2626 3815 μέχρι
2656 3745 2750 3798 νῦν
2781 3747 2971 3815 γέγονε
3000 3748 3180 3813 τοῦτο,
3227 3752 3493 3821 μηδαμῶς
3543 3755 3849 3824 κρατεῖσθαι

2278 3834 2574 3906 ὁρίζομεν·
2633 3839 2759 3902 τοὺς
2805 3839 2861 3891 δὲ
2922 3841 3034 3893 ἀπὸ
3096 3841 3190 3894 τοῦ
3253 3844 3522 3914 παρόντος
3597 3849 3848 3916 πράττειν

2278 3926 2436 3980 τοῦτο
2482 3929 2918 3999 ἐπιχειροῦντας,
2975 3933 3300 3988 ὑποκεῖσθαι
3339 3938 3453 3999 τοῖς
3485 3937 3550 3989 ὲκ
3604 3939 3712 3991 τῶν
3757 3956 3848 3990 κα-

2278 4016 2445 4070 νόνων
2471 4019 2788 4090 ἐπιτιμίοις.

2279 4129 2552 4183 Συνόδου
2578 4137 2631 4184 a'
2671 4131 2768 4204 καὶ
2787 4130 2847 4196 β’
2877 4137 3402 4204 συγκροτηθείσης
3438 4137 3508 4190 ἐν
3542 4143 3844 4192 Κωνσταν-

2346 4203 2690 4277 τινορπόλει
2825 4203 2904 4267 τῷ
2934 4205 3058 4269 ναῷ
3090 4205 3205 4258 τῶν
3228 4202 3448 4277 Ἀγίων
3474 4210 3844 4263 Ἀποστόλων

2348 4269 2550 4324 κανὼν
2578 4277 2623 4323 α’
2650 4271 2746 4325 καὶ
2779 4280 2854 4335 ς’.

2348 4369 2418 4416 α’.
2462 4363 2700 4434 Πρᾶγμα
2729 4365 2924 4435 σεμνὸν
2953 4364 3094 4419 οὕτω
3119 4367 3215 4420 καὶ
3243 4368 3445 4439 τίμιον,
3474 4387 3525 4423 κ.
3563 4388 3615 4426 τ.
3647 4372 3697 4424 λ.

657 4550 709 4605 6.
753 4549 1007 4604 Monachi
1048 4551 1182 4604 nihil
1217 4551 1418 4604 debent
1468 4551 1671 4605 habere
1719 4548 1992 4618 proprium
2031 4546 2166 4600 :sed

2348 4556 2422 4614 ς’.
2465 4552 2526 4603 Οἱ
2560 4550 2784 4621 μοναχοὶ
2812 4551 2964 4605 οὐδὲν
2991 4551 3119 4604 ἴδιον
3144 4552 3449 4621 ὀφείλουσιν
3475 4552 3642 4623 ἔχειν,
3679 4552 3843 4605 πάντα

2277 4640 2334 4694 δὲ
2371 4644 2439 4694 τὰ
2473 4641 2651 4694 αὐτῶν
2688 4642 3161 4713 προσ-κληροῦσθαι
3203 4643 3280 4713 τῷ
3318 4643 3688 4714 μοναστηρίῳ·
3721 4643 3842 4712 φησι

2278 4733 2384 4804 γὰρ
2418 4735 2447 4786 ὁ
2488 4734 2757 4804 μακάριος
2802 4735 3016 4798 Λουκᾶς
3047 4736 3176 4805 περὶ
3220 4737 3329 4788 τῶν
3358 4737 3434 4798 είς
3476 4736 3711 4805 Χριστὸν
3762 4753 3844 4786 πι-

2279 4825 2596 4888 στευόντων,
2640 4827 2735 4878 καὶ
2763 4826 2862 4896 τὴν
2905 4827 3015 4877 τῶν
3061 4827 3342 4895 μοναστῶν
3374 4825 3650 4878 πολιτείαν
3675 4827 3844 4879 διατυ·

2277 4914 2546 4980 πούντων,
2579 4915 2652 4976 ὡς
2686 4915 2860 4978 οὐδείς
2888 4933 2939 4967 τι
2973 4914 3083 4967 τῶν
3123 4913 3476 4984 ὑπαρχόντων
3502 4913 3689 4981 ἔλεγεν
3724 4913 3843 4964 ἴδιον

2276 5003 2436 5066 εἶναι.
2466 5005 2581 5059 ἀλλ’
2607 5002 2674 5076 ἦν
2702 5007 2886 5070 αὐτοῖς
2921 5007 3138 5060 ἅπαντα
3163 5007 3336 5058 κοινά·
3367 5003 3447 5056 διὸ
3467 5007 3580 5066 τοῖς
3612 5003 3838 5057 ἐθέλουσι

2279 5099 2532 5167 μονάζειν
2562 5099 2714 5153 ἄδεια
2743 5098 2945 5152 δίδοται
2980 5099 3108 5168 περὶ
3138 5097 3248 5150 τῶν
3277 5096 3631 5164 ὑπαρχόντων
3672 5093 3838 5152 αὐτοῖς

2274 5187 2610 5241 διατίθεσθαι
2664 5189 2952 5259 πρότερον,
2989 5188 3085 5241 καὶ
3127 5183 3209 5250 οἷς
3272 5186 3338 5239 ἂν
3371 5183 3644 5254 βούλοιντο
3683 5197 3839 5250 προσ-

2273 5278 2464 5345 ώποις,
2490 5278 2563 5350 μὴ
2594 5280 2805 5333 κεκωλυ
2814 5279 2997 5348 μένοις
3023 5278 3264 5349 δηλονότι
3297 5277 3446 5348 παρὰ
3462 5277 3556 5330 τοῦ
3592 5277 3753 5346 νόμου
3782 5273 3833 5325 τὰ

2272 5371 2454 5424 αὐτῶν
2495 5369 2998 5442 παραπέμπεσθαι·
3041 5370 3179 5440 μετὰ
3223 5369 3332 5439 γάρ
3377 5386 3461 5421 τοι
3501 5367 3558 5420 τὸ
3597 5367 3833 5436 μονάσαι,

2273 5461 2382 5514 τῶν
2409 5460 2720 5531 προσόντων
2755 5460 2939 5521 αὐτοῖς
2966 5459 3223 5512 ἁπάντων
3256 5459 3316 5510 τὸ
3349 5459 3709 5528 μυναστήριον
3735 5453 3833 5523 ἔχει

2269 5555 2370 5625 τὴν
2404 5553 2725 5622 κυριότητα,
2765 5553 2859 5606 καὶ
2899 5553 3049 5606 οὐδὲν
3083 5553 3211 5621 περὶ
3244 5550 3351 5604 τῶν
3383 5550 3601 5603 οἰκείων
3639 5543 3831 5618 φροντί-

2273 5645 2386 5710 ζειν
2420 5645 2452 5714 ἢ
2487 5642 2872 5697 διατάσσεσθαι
2912 5643 3122 5706 τούτοις
3165 5640 3662 5712 παρακεχώρηται’
3709 5637 3754 5688 εἰ
3789 5632 3838 5685 δέ

2272 5756 2353 5802 τις
2400 5735 2680 5807 φωραθείη
2723 5736 2914 5806 κτῆσίν
2947 5753 3100 5800 τινα,
3141 5734 3171 5805 ’ἠ
3223 5751 3306 5797 τις
3345 5734 3443 5786 οὐκ
3490 5725 3834 5798 ἀπεκληρώθη
