4156 6506
357 396 464 460 £31

1219 400 1619 460 SYNTAGMA
1656 401 2050 461 CANONUM.
2090 423 2148 441 μ’
2179 403 2326 462 ΤΙΤ.
2357 402 2475 474 ’ΧΙ,
2513 403 2669 464 CAP.
2716 404 2764 463 Ι.

3534 408 3640 471 828

362 507 440 576 τῷ
474 506 822 578 μοναστηρίῳ
855 506 1300 579 ἰδιοποιούμενος,
1332 511 1426 562 καὶ
1460 511 1818 578 φιλοκτησίας
1851 512 1948 564 πά-

2055 515 2388 569 monasterio
2443 514 2680 582 ascripta
2737 513 2929 574 fuerit,
2995 513 3098 568 sibi
3171 515 3422 583 privatim
3478 519 3639 570 attri-

363 601 447 652 ρει
477 599 865 668 δουλούμενος,
899 599 1104 670 ταύτην
1139 601 1239 670 μὲν
1275 601 1427 671 παρὰ
1455 602 1548 652 τοῦ
1581 601 1886 672 ἡγουμένου
1919 602 1950 672 ἣ

359 690 457 743 τοῦ
485 692 782 744 ἐπισκόπου
816 692 1298 761 ἀναλαμϐάνεσθαι
1322 734 1337 758 ,
1362 693 1458 747 καὶ
1497 693 1710 746 πολλῶν
1745 711 1949 763 παρου-

367 780 458 852 σίᾳ
480 780 909 850 πιπράσκεσθαι,
941 781 1034 834 καὶ
1058 785 1294 852 πτωχοῖς
1320 783 1548 860 άπόροις
1577 782 1950 853 διανέμεσθαι·

372 872 459 925 τὸν
486 872 542 925 δέ
571 889 635 940 γε
665 872 762 942 τὴν
787 874 1046 944 τοιαύτην
1078 875 1293 944 κτῆσιν,
1326 876 1469 928 κατὰ
1497 875 1587 928 τὸν
1612 877 1776 929 πάλαι
1810 877 1956 931 Ἀνα-

364 966 485 1017 νέαν
520 965 789 1036 ὑποσυλᾷν
816 965 1209 1037 μελετήσαντα,
1236 967 1313 1038 τῷ
1342 969 1672 1038 προσήκοντι
1696 970 1956 1039 ἐπιτιμίῳ

369 1058 400 1126 ἡ
435 1056 561 1123 ἁγία
606 1055 820 1120 σύνοδος
852 1056 1021 1127 ὥρισε
1059 1058 1511 1129 σωφρονίζεσθαιο
1547 1059 1702 1128 δῆλον
1737 1058 1793 1112 δὲ
1815 1100 1827 1123 ,
1879 1059 1954 1122 ὡς

367 1149 404 1202 ἃ
429 1167 548 1202 τινα
578 1151 705 1219 περὶ
737 1149 1078 1219 μοναζόντων
1108 1150 1316 1221 ἀνδρῶν
1349 1153 1380 1220 ἠ
1408 1149 1542 1218 ἁγία
1573 1150 1786 1213 σύνοδος
1821 1152 1956 1202 ἐκσι-

363 1242 565 1302 νόνισε,
594 1242 663 1293 τὰ
690 1242 828 1294 αὐτὰ
850 1243 943 1294 καὶ
975 1242 1102 1312 περὶ
1141 1240 1490 1312 μοναζουσῶν
1511 1240 1787 1310 γυναικῶν
1818 1256 1955 1311 κρα-

367 1332 577 1386 τεῖσθαι
612 1332 955 1386 ἐδικαίωσεν.

611 1510 882 1565 Συνόδου
911 1511 1161 1576 Νικαίας
1193 1511 1255 1564 τὸ
1278 1509 1367 1578 β’,
1398 1509 1602 1564 κανὼν
1632 1509 1724 1580 ιγ’.

443 1605 565 1657 ’Ότι
613 1603 883 1672 μεγάλης
937 1603 1345 1672 κατακρίσεως
1395 1602 1552 1666 ἄξιοί
1583 1605 1744 1656 εἰσιν
1787 1604 1841 1657 οι
1883 1604 1953 1657 τὰ

367 1695 743 1766 (tardat-rima
779 1694 1140 1763 κρινοῦντες.

427 1794 497 1852 γ’.
524 1785 740 1856 Ἐπειδὴ
755 1785 955 1855 aram
1013 1785 1309 1856 γενομένην
1362 1785 1504 1838 κατὰ
1534 1783 1631 1847 τὰς
1679 1785 1953 1855 ἁμαρτίας

368 1876 524 1946 ἡμῶν
561 1876 844 1946 συμφοράν
871 1878 928 1929 ἐν
955 1879 1072 1940 ταῖς
1115 1877 1466 1947 Ἐκκλησίαις
1511 1877 1948 1947 καθηρπάγησάν
1977 1865 2025 1924 Β

368 1985 511 2032 τινες
541 1970 759 2037 εὐαγεῖς
788 1964 926 2022 οἶκοι
958 1969 1062 2022 ὑπό
1090 1987 1251 2023 τινων
1281 1970 1508 2040 ἀνδρῶν,
1540 1970 1863 2022 ἐπισκοπεῖά
1890 1987 1948 2023 τε

367 2061 465 2114 καὶ
497 2062 836 2132 μοναστήρια
859 2100 872 2125 ,
907 2060 1004 2113 καὶ
1038 2061 1286 2129 ἐγένοντο
1320 2063 1476 2114 κοινά
1514 2060 1835 2130 καταγώγια
1855 2103 1870 2126 ,
1901 2063 1950 2114 εἰ

370 2153 471 2223 μὲν
491 2154 540 2205 οἱ
556 2152 977 2224 διακρατοῦντες
1001 2152 1172 2205 ταῦτα
1196 2154 1585 2222 προαιροῦνται
1614 2153 1947 2220 ἀποδιδόναι,

367 2245 456 2296 ἵνα
490 2245 631 2297 κατὰ
665 2247 723 2298 τὸ
752 2246 981 2315 ἀρχαῖον
1021 2245 1570 2309 άποκατασταθῶσιν,
1608 2243 1667 2299 εὖ
1702 2246 1765 2298 ἂν
1799 2245 1945 2315 ἔχοι·

366 2337 414 2388 εἱ
445 2336 501 2390 δέ
531 2337 604 2409 μή
628 2353 713 2404 γε,
739 2339 788 2390 εἰ
817 2338 914 2407 μὲν
938 2337 1029 2390 τοῦ
1054 2337 1357 2406 καταλόγου
1387 2338 1479 2390 τοῦ
1515 2337 1791 2406 ἱερατικοῦ
1819 2339 1946 2404 εἰσι,

366 2429 590 2491 τούτους
620 2427 998 2497 καθαιρεῖσθαι
1027 2430 1467 2500 προστάσσομεν·
1503 2432 1549 2482 εξ
1579 2431 1634 2482 δὲ
1661 2430 1887 2499 μοναχοῖ.
1913 2430 1945 2501 ἢ

366 2526 543 2576 λαῖκοὶ
566 2562 580 2587 ,
613 2521 994 2591 ἀφορίζεσθαι,
1025 2524 1100 2586 ὼς
1129 2523 1288 2586 ὄντας
1321 2521 1687 2592 κατακρίτους
1715 2523 1821 2574 ἀπὸ
1855 2521 1948 2574 τοῦ

366 2614 601 2683 Πατρδς,
622 2613 716 2665 καὶ
746 2613 840 2665 τοῦ
873 2612 1025 2674 Υίοῦ,
1057 2613 1267 2666 καὶτοῦ
1295 2614 1450 2681 ἁγίου
1479 2613 1794 2684 Πνεύματος
1814 2655 1829 2681 ,
1855 2612 1962 2667 καὶ·

365 2703 714 2773 τετάχθωσαν
751 2704 882 2756 ὅπου
918 2705 946 2756 6
976 2702 1194 2773 σκώληξ
1239 2704 1297 2755 οὐ
1348 2703 1576 2774 τελευτᾷ
1609 2706 1703 2757 καὶ
1741 2705 1801 2757 τὸ
1839 2706 1950 2774 πῦρ

365 2794 429 2846 ού
461 2793 743 2846 σϐέννυται
763 2835 779 2859 ,
825 2795 907 2847 ὅτι
945 2798 1012 2867 τῇ
1041 2795 1135 2847 τοῦ
1165 2794 1368 2864 Κυρίου
1401 2799 1554 2866 φωνῇ
1583 2797 1950 2850 ἐναντιοῦνται

370 2887 438 2955 τῇ
473 2884 706 2956 λεγούσῃ
741 2902 754 2916 ·
793 2884 889 2953 Μὴ
921 2885 1143 2939 ποιεῖτε
1197 2888 1303 2940 τὸν
1349 2884 1519 2941 οἷκον
1557 2888 1665 2941 τοῦ
1719 2890 1951 2958 Πατρός

366 2994 482 3046 μου
525 2973 696 3030 οἷκον
725 2977 1033 3046 ἐμπορίου.

450 3071 512 3122 Ἡ
550 3069 618 3138 ιγ’
647 3069 784 3125 διάτ.
820 3070 914 3123 τοῦ
950 3077 997 3123 α’
1045 3070 1151 3124 τίτ.
1183 3070 1293 3125 τῶν
1329 3071 1560 3142 Νεαρῶν
1584 3071 1753 3139 λέγει,
1801 3072 1957 3129 ὄτιὈ

368 3159 693 3232 βουλόμενος
719 3162 1074 3232 οίκοδομῆσαι
1097 3165 1480 3234 μοναστήριον,
1503 3163 1765 3234 πρότερον
1785 3181 1952 3234 προσ-

366 3253 699 3322 διαλεγέσθω
740 3253 817 3324 τῷ
873 3253 1160 3324 ἐπισκόπῳ
1192 3254 1300 3307 τῶν
1336 3256 1535 3321 τόπων,
1567 3257 1712 3318 ὅπως
1744 3256 1810 3310 ἂν
1834 3259 1948 3309 ἐκεῖ

367 3346 678 3416 γενόμενος,
714 3346 877 3416 εὐχὴν
909 3347 1189 3416 ποιήσοιτο
1221 3346 1316 3399 καὶ
1358 3347 1588 3419 σταυρὸν
1619 3349 1781 3418 πὴξοι
1803 3389 1817 3414 ,
1853 3349 1948 3403 καὶ

366 3438 490 3491 τότε
520 3437 613 3490 τοῦ
661 3439 958 3508 κτίσματος
993 3440 1026 3509 ἡ
1065 3438 1208 3510 ἁρχὴ
1237 3438 1490 3507 γινέσθω·
1522 3441 1616 3493 καὶ
1648 3443 1680 3511 ἡ
1713 3440 1762 3510 γ’
1803 3443 1942 3498 διάτ.

367 3528 463 3580 τοῦ
498 3526 540 3596 β’
571 3528 677 3581 τίτ.
713 3527 821 3582 τῶν
848 3527 1078 3598 Νεαρῶν
1119 3545 1304 3597 φησιν,
1341 3529 1444 3595 ὅτι,
1490 3529 1546 3582 '0
1579 3530 1746 3583 θέλων
1765 3532 1946 3585 κτίσαι

373 3623 752 3691 μοναστήριον,
784 3621 859 3692 μὴ
889 3621 1062 3684 ἄλλως
1087 3621 1340 3691 ἀρχέσθω
1367 3623 1459 3676 τοῦ
1489 3623 1742 3694 οἰκοδομή
1754 3641 1942 3692 ματος,

372 3713 420 3764 εἰ
458 3713 532 3781 μὴ
555 3713 582 3763 6
614 3711 722 3764 τῶν
746 3715 926 3765 τόπων
962 3711 1260 3775 ἐπίσκοπος
1291 3714 1456 3783 εὐχὴν
1487 3714 1666 3766 ἐκεῖσε
1703 3715 1941 3783 ποιήσει,

370 3801 581 3855 καὶτὸν
623 3802 802 3871 τίμιον
838 3801 998 3873 πήξει
1031 3804 1284 3874 σταυρόψ
1338 3803 1365 3854 6
1397 3804 1452 3855 δέ
1485 3803 1790 3875 ἀρξάμενος
1827 3805 1946 3860 νέον

369 3895 572 3957 κτίζειν
606 3895 640 3966 ἢ
668 3895 895 3948 παλαιὸν
921 3894 1199 3961 ἀνανεοῦν,
1230 3895 1595 3963 ἀναγκάζεται
1629 3897 1941 3968 πληρῶσαι·

370 3985 644 4053 ἀνάγνωθι
674 3985 770 4038 καὶ
803 3987 871 4038 τά
919 3986 1302 4057 προγραφέντα
1334 3987 1390 4038 ἐν
1424 3987 1502 4056 τῷ
1529 3984 1576 4039 α’
1611 4005 1736 4056 κεφ.
1770 3989 1863 4042 τοῦ
1900 3989 1944 4059 β’

369 4077 474 4129 τίτ.
499 4093 626 4144 κεφ.
654 4093 714 4128 τε
743 4075 1322 4147 τεσσαρεσκαιδεκάτῳ
1342 4075 1433 4128 τοῦ
1468 4082 1516 4144 γ’
1544 4077 1649 4130 τίτ.
1677 4077 1768 4130 τοῦ
1799 4096 1943 4148 παρ-

369 4168 517 4229 όντος
568 4169 964 4238 συντάγματος·
1012 4169 1046 4238 ἡ
1098 4167 1156 4219 δέ
1198 4173 1244 4219 α’
1276 4167 1417 4221 διάτ.
1452 4167 1546 4220 τοῦ
1598 4169 1638 4238 β’
1680 4168 1782 4224 τίτ.
1836 4171 1943 4222 τῶν

369 4257 600 4330 Νεαρῶν
623 4259 1017 4329 λέγει’Μηδεὶς
1034 4261 1395 4330 μοναστήριον
1420 4260 1688 4322 πωλείτω,
1721 4261 1754 4332 ἢ
1785 4261 1943 4330 ἀμει-

372 4350 540 4418 ϐέτω,
595 4351 628 4422 ἢ
673 4351 969 4421 δωρείσθω,
1028 4351 1157 4404 ἔνθα
1208 4352 1592 4421 θυσιαστήριον
1643 4351 1939 4423 καθιδρύθη

370 4444 461 4496 καὶ
507 4444 628 4514 ἱερὰ
676 4442 866 4510 γέγονε
895 4441 1205 4513 λειτουργία
1251 4444 1346 4495 καὶ
1379 4443 1646 4513 μοναχικὴ
1677 4442 1936 4513 ἄσκησις·

1929 3243 2020 3271 ..11

2056 609 2244 672 buere,
2295 615 2351 661 et
2397 607 2857 675 acquirendarum
2893 607 3307 674 possessionum
3349 607 3638 676 cupiditati

2057 697 2288 758 servire.
2341 713 2401 750 ea
2452 696 2673 766 quidem
2714 698 2784 750 ab
2825 696 3085 765 episcopo
3129 711 3222 750 seu
3259 696 3515 766 prasfccto
3550 715 3637 752 rc-

2058 789 2333 857 cipiatur,
2410 798 2464 841 et
2530 788 2582 840 in
2654 787 2952 841 multorum
3030 790 3319 858 przcscntia
3374 789 3637 858 vendita,

2055 877 2390 947 pauperibus
2434 885 2489 930 et
2523 877 2788 931 mendicis
2838 878 3224 933 distribuatur.
3274 879 3408 932 Eum
3456 888 3634 933 autem

2057 970 2150 1038 qui
2180 983 2297 1022 eam
2335 969 2768 1036 possessionem,
2808 978 2867 1023 ut
2894 971 3023 1024 olim
3053 972 3319 1036 Ananias,
3353 972 3638 1041 subripere

2057 1061 2347 1115 meditatus
2383 1074 2485 1124 est,
2521 1063 2864 1116 convenienti
2896 1078 3055 1132 poena
3101 1064 3481 1132 castigandum
3515 1081 3637 1118 esse

2061 1162 2248 1208 sancta
2298 1153 2536 1224 synodus
2578 1153 2786 1207 statuit.
2825 1152 3045 1208 Clarum
3086 1161 3168 1206 est
3224 1161 3440 1219 autem,
3487 1152 3635 1222 quod

2057 1260 2179 1315 (luas
2230 1245 2297 1298 dc
2338 1245 2470 1300 viris
2511 1245 2795 1300 monachis
2843 1256 3030 1300 sancta
3078 1246 3319 1316 synodus
3368 1247 3634 1300 canonice

2058 1336 2366 1400 constituit,
2394 1352 2458 1390 ea
2494 1336 2545 1389 in
2594 1337 2879 1390 monachis
2909 1352 3130 1406 quoque
3178 1335 3394 1392 feminis
3433 1337 3635 1401 valere,

2057 1437 2110 1483 et
2140 1429 2419 1483 observari
2467 1443 2683 1496 :rquum
2715 1431 2948 1482 censuit.

2387 1532 2611 1587 Concilii
2653 1531 2858 1586 Nicreni
2904 1549 2939 1587 ιι
2989 1549 3155 1586 canon
3206 1534 3294 1588 15.

2127 1625 2281 1691 Quod
2299 1643 2492 1696 magna
2514 1626 2857 1678 damnatione
2881 1627 3026 1696 digni
3052 1637 3171 1680 sunt
3194 1629 3283 1697 qui
3309 1631 3632 1684 monasteria

2055 1721 2353 1774 communia
2385 1719 2589 1788 faciunt
2621 1719 2934 1774 diversoria.

2128 1830 2212 1882 1³5.
2249 1828 2517 1895 Quoniam
2552 1842 2653 1897 per
2683 1843 2802 1882 eam
2849 1844 2968 1897 qure
3009 1827 3112 1882 fuit
3145 1838 3365 1899 propter
3406 1841 3628 1900 peccata

2053 1932 2238 1977 nostra
2288 1923 2341 1975 in
2390 1920 2648 1976 Ecclesiis
2683 1921 3048 1975 calamitatem
3092 1931 3450 1976 sacrosancta:
3479 1939 3632 1992 quaee

2052 2015 2176 2070 dam
2206 2015 2346 2068 aades
2371 2012 2540 2084 354
2564 2028 2590 2067 a
2617 2013 2944 2082 quibusdam
2967 2013 3101 2066 viris
3122 2025 3350 2082 arrepta:
3396 2024 3546 2078 sunt,
3579 2025 3634 2069 et

2049 2108 2414 2177 episcopatus,
2443 2105 2840 2160 etmonastcria
2865 2145 2879 2170 ,
2914 2113 2969 2158 et
3003 2104 3142 2160 facta
3164 2115 3291 2160 sunt
3322 2108 3634 2161 communia

2050 2220 2349 2275 diversoria
2376 2237 2389 2274 :
2419 2220 2463 2274 si
2489 2220 2581 2290 qui
2605 2234 2667 2273 ea
2695 2219 2914 2288 quidem
2938 2228 3142 2284 tenent,
3164 2220 3356 2272 volunt
3388 2219 3630 2284 reddere,

2051 2324 2107 2369 ut
2140 2315 2191 2366 in
2215 2314 2501 2384 pristinum
2521 2321 2722 2367 statum
2759 2313 3112 2368 restituantur
3133 2355 3147 2378 ,
3184 2312 3318 2366 bene
3341 2313 3635 2381 etpulchre

2052 2406 2249 2470 habet;
2286 2405 2369 2458 sin
2406 2404 2609 2467 minus,
2647 2404 2690 2458 si
2724 2413 2853 2458 sunt
2882 2404 3104 2472 quidam
3148 2403 3506 2457 sacerdotalis
3540 2419 3636 2458 ca-

2052 2497 2234 2566 talogi,
2289 2511 2382 2550 eos
2429 2495 2625 2564 deponi
2670 2495 2925 2564 jubemus
2970 2494 3100 2549 :sin
3148 2504 3327 2549 autem
3376 2496 3632 2550 monachi

2049 2589 2135 2645 vel
2170 2589 2312 2652 laici,
2340 2588 2611 2656 segregari
2633 2627 2647 2652 ,
2678 2596 2736 2641 ut
2766 2587 2856 2655 qui
2887 2587 2998 2640 sint
3019 2587 3362 2640 condemnati
3393 2603 3421 2640 a
3447 2589 3630 2650 Patre,

2050 2693 2102 2739 ct
2128 2683 2285 2747 Filio,
2311 2690 2364 2736 et
2390 2679 2597 2753 Spiritu
2652 2687 2862 2744 sancto,
2909 2689 2963 2734 et
3013 2689 3284 2748 ponantur
3311 2679 3398 2733 ubi
3430 2681 3630 2734 vermis

2051 2793 2159 2831 non
2193 2776 2440 2842 moritur,
2477 2791 2574 2830 nec
2609 2773 2749 2846 ignis
2783 2771 3168 2840 exstinguitur,
3205 2772 3332 2840 quia
3360 2775 3480 2826 voci
3524 2772 3629 2826 Do-

2051 2871 2182 2924 mini
2219 2869 2595 2932 adversantur,
2625 2884 2746 2938 quae
2777 2865 2946 2922 dicit:
2984 2863 3059 2918 Ne
3091 2864 3252 2932 facile
3279 2866 3493 2919 domum
3521 2865 3630 2919 Pa-

2052 2964 2147 3016 tris
2181 2963 2281 3015 mei
2319 2961 2535 3014 domum
2568 2961 2937 3030 negotiationis
2957 2960 3024 3015 ⁸¹.

2126 3069 2340 3125 Texms.
2388 3068 2578 3122 Const.
2625 3067 2714 3129 15,
2767 3067 2846 3120 ιὶι.
2903 3065 2928 3117 1
2982 3064 3324 3120 Novellarum
3376 3064 3491 3117 ait:
3527 3062 3644 3148 Qui

2053 3163 2450 3216 monasterium
2503 3159 2775 3214 aediﬁcare
2825 3158 2960 3223 vult,
3005 3158 3157 3227 prius
3208 3173 3331 3210 cum
3387 3157 3629 3210 locorum

2054 3251 2307 3321 episcopo
2352 3251 2521 3320 agito,
2569 3263 2678 3319 quo
2728 3248 2816 3302 ille
2860 3248 3084 3302 veniens
3129 3257 3315 3301 votum
3360 3246 3539 3311 faciat,
3581 3251 3635 3300 et

2054 3359 2270 3398 crucem
2317 3343 2481 3412 ligat:
2526 3352 2687 3412 atque
2733 3351 2844 3395 tum
2889 3338 3157 3412 [demum]
3193 3340 3406 3393 aediﬁcii
3434 3339 3633 3394 lunda-

2053 3443 2297 3488 mentum
2345 3433 2558 3502 iacitor.
2593 3431 2680 3496 gEt
2728 3439 2907 3487 const.
2949 3431 3003 3496 5,
3047 3431 3130 3487 tit.
3177 3431 3213 3484 2
3284 3430 3631 3486 Novellarum

2053 3527 2171 3581 ait:
2222 3524 2328 3593 Qui
2382 3525 2772 3580 monasterium
2828 3535 3108 3578 exstruere
3157 3523 3272 3577 vult
3317 3538 3424 3576 non
3477 3524 3634 3577 aliter

2052 3619 2463 3673 aediﬁcationem
2497 3617 2742 3685 incipito,
2772 3616 2876 3669 nisi
2916 3616 3156 3669 locorum
3185 3615 3472 3684 episc0pus
3504 3631 3631 3684 pre-

2053 3726 2147 3764 ces
2196 3710 2307 3764 illic
2354 3707 2684 3778 profuderit,
2728 3715 2783 3761 et
2823 3706 3118 3776 pretiosam
3160 3722 3376 3761 crucem
3425 3705 3626 3762 lixerit.

2051 3803 2211 3858 Certe
2264 3803 2358 3872 qui
2415 3802 2584 3856 semel
2636 3808 2951 3865 exstruere,
3004 3800 3088 3854 vel
3144 3810 3302 3854 vetus
3356 3815 3625 3854 renovare

2052 3896 2238 3963 coepit,
2285 3909 2668 3948 consummare
2711 3894 2941 3962 cegitur.
2995 3892 3166 3962 chas
3210 3891 3411 3964 [vero]
3465 3895 3630 3947 etiam

2053 4002 2172 4055 quae
2224 3994 2480 4040 annotata
2527 3995 2656 4040 sunt
2693 3986 2746 4038 in
2784 4001 2906 4054 cap.
2955 3985 3006 4050 1,
3059 3986 3143 4039 tit.
3187 3986 3243 4050 2,
3287 3993 3340 4038 et
3385 4001 3504 4053 cap.
3543 3986 3630 4052 M,

2053 4081 2137 4132 tit.
2169 4078 2202 4130 5
2262 4078 2549 4145 przesentis
2591 4077 2793 4145 operis.
2827 4076 3062 4130 Constit.
3095 4077 3146 4142 1,
3185 4079 3268 4130 tit.
3302 4077 3338 4130 2
3381 4076 3635 4132 Novella-

2049 4185 2170 4223 rum
2195 4170 2267 4221 ait
2291 4187 2303 4222 :
2331 4168 2502 4222 Nemo
2529 4168 2945 4231 monasterium,
2969 4169 3022 4222 in
3045 4183 3152 4237 quo
3173 4169 3344 4222 altare
3365 4179 3629 4236 erectum,

2049 4270 2144 4316 aut
2167 4276 2383 4314 sacrum
2419 4259 2784 4314 ministerium
2816 4259 3141 4323 exhibitum,
3171 4269 3264 4314 aut
3294 4260 3632 4316 monachalis

2049 4351 2369 4406 exercitatio
2402 4349 2562 4404 fuerit
2589 4369 2602 4404 :
2635 4349 2656 4421 ί
2661 4349 2766 4420 vel]
2795 4351 3036 4416 vendito,
3068 4351 3147 4404 vel
3184 4358 3512 4418 permutato,
3546 4349 3632 4403 vel

2048 4448 2273 4501 donato.
2314 4444 2530 4514 Alioqui
2575 4443 2723 4514 quod
2756 4442 2958 4498 factum
3009 4442 3194 4509 fuerit,
3238 4441 3448 4494 irritum
3477 4441 3626 4496 erit:

370 4534 491 4588 ἐπεί
535 4551 618 4588 τοι
651 4551 712 4603 γε
743 4535 804 4588 τὸ
834 4533 1124 4605 γενόμενον
1151 4534 1352 4606 ἄκυρον
1384 4533 1533 4588 ἔσται
1554 4574 1569 4598 ,
1605 4536 1830 4587 καὶτῶν
1863 4553 1942 4588 τι·

2052 4549 2101 4595 et
2132 4539 2224 4610 qui
2260 4539 2485 4610 ceperit,
2523 4538 2715 4607 pretiis
2755 4537 3004 4592 excidet:
3035 4536 3127 4605 qui
3160 4545 3339 4589 autem
3368 4536 3627 4590 vendide-

373 4629 640 4701 μημάτων
663 4633 689 4684 ὁ
719 4630 897 4684 λαϐὼν
927 4632 1278 4694 ἐκπεσεῖται,
1311 4630 1405 4683 καὶ
1436 4631 1464 4682 6
1493 4630 1820 4702 πιπράσκων
1851 4634 1947 4702 ζη-

374 4722 705 4794 μιωθήσεται
731 4727 798 4795 τῇ
845 4741 904 4777 τε
952 4723 1044 4777 τοῦ
1080 4726 1404 4795 πράγματος
1431 4722 1703 4776 ἐκπτώσει
1751 4724 1848 4778 καὶ
1876 4728 1942 4798 τῇ

367 4814 460 4868 τοῦ
493 4816 800 4886 τιμήματος
846 4815 1120 4887 ἀπωλείᾳ,
1156 4819 1221 4887 τῇ
1270 4815 1413 4870 κατὰ
1450 4815 1614 4869 τόπον
1664 4817 1943 4890 ἁγιωτάτῃ

369 4906 694 4979 Ἐκκλησία,
740 4909 832 4962 καὶ
873 4911 984 4972 τοῖς
1017 4909 1159 4962 κατὰ
1206 4910 1371 4963 τόπον
1399 4908 1622 4978 εὐαγέσι
1674 4927 1946 4982 μοναστη..

365 4999 524 5070 ρίοις,
553 4999 757 5052 τούτων
785 5002 1260 5072 προσνεμομένων·
1295 5003 1434 5057 ὥστε
1461 5003 1662 5067 αὐτοὺς
1693 5007 1946 5073 προνοεῖν

365 5092 461 5144 τοῦ
515 5092 574 5144 τὸ
623 5092 806 5156 κακῶς
856 5094 1170 5164 ἐκποιηθέν,
1227 5095 1383 5158 αὖθις
1437 5098 1813 5166 ἐπαναγαγεῖν
1868 5098 1948 5160 εἰς

287 5255 294 5264 Ι
370 5184 663 5254 μοναχικὸν
704 5185 925 5255 σχῆμον
973 5188 1110 5256 μήτε
1159 5187 1405 5258 ὑποθήκη
1453 5187 1548 5240 ἐπὶ
1600 5189 1810 5251 τούτοις
1857 5189 1949 5260 ep-

369 5276 598 5347 ρώσθω,
635 5277 773 5330 ἀλλὰ
817 5278 1171 5349 ἁκυρούσθω,
1227 5281 1321 5333 καὶ
1374 5280 1435 5332 τὸ
1487 5282 1845 5351 μοναστήριον
1882 5284 1947 5352 τῇ

370 5370 491 5440 ιερᾷ
517 5369 832 5439 λειτουργίᾳ
855 5371 1302 5442 προσκυρούσθωο
1338 5373 1432 5425 καὶ
1462 5373 1496 5442 ἠ
1532 5374 1579 5443 β’
1602 5373 1744 5428 διάτ.
1775 5373 1868 5425 τοῦ
1900 5370 1945 5443 β’

365 5460 470 5513 τίτ.
501 5460 611 5513 τῶν
640 5460 880 5530 Νεαρῶν
901 5479 1086 5533 φησιν,
1123 5461 1205 5515 ὅτι
1238 5462 1522 5533 ἐκποίησις
1573 5465 1950 5534 μοναστηρίων

369 5551 444 5622 μὴ
475 5551 710 5620 γινέσθω
741 5553 835 5606 ἐπὶ
866 5552 944 5624 τῷ
971 5553 1032 5606 τὸ
1069 5553 1340 5624 ίερατικὸν
1397 5555 1583 5625 σχῆμα
1624 5557 1704 5618 εἰς
1750 5555 1948 5608 ἰδιωτι-

369 5644 468 5715 κὴν
502 5645 783 5717 διαγωγὴν
816 5646 1416 5719 μετασχηματίζεσθαι,
1439 5647 1562 5702 ἐπεὶ
1584 5647 1766 5703 ἄδειαν
1791 5648 1944 5718 ἔχαν-

439 5800 479 5828 ¹¹¹
513 5797 671 5853 Joan.
706 5814 762 5866 ιι,
799 5799 884 5854 16.
924 5865 936 5902 Ι

2049 4635 2140 4701 rit,
2165 4641 2219 4688 et
2246 4633 2323 4687 rei
2355 4641 2409 4687 et
2437 4631 2595 4702 pretii
2624 4631 2918 4685 amissione
2949 4629 3300 4682 multabitur:
3334 4635 3497 4695 atque
3539 4627 3627 4682 illa

2050 4707 2411 4782 sanctissima:
2467 4725 2586 4794 ejus
2636 4723 2740 4775 loci
2773 4719 3060 4786 Ecclesiae,
3117 4719 3630 4789 venerabilibusquc

2047 4819 2167 4890 ejus
2222 4820 2326 4874 loci
2379 4815 2725 4872 monasteriis
2771 4813 3160 4868 attribuentur.
3219 4812 3380 4883 355
3425 4812 3629 4878 Quam-

2049 4911 2239 4966 obrem
2279 4905 2668 4981 [Ecclesiarum
2708 4917 2870 4975 atque
2919 4906 3375 4960 monasteriorum
3411 4905 3630 4974 dispen-

2049 5003 2284 5075 satores]
2317 5003 2627 5072 dispiciant,
2659 5009 2718 5054 ut
2757 5001 2900 5069 quod
2933 5001 3073 5054 male
3107 5000 3399 5054 alienatum
3428 5005 3529 5064 est,
3560 4999 3628 5051 ad

2049 5095 2364 5151 monasticae
2408 5092 2810 5167 [habitationis]
2857 5091 3088 5146 formam
3125 5092 3414 5144 reducant.
3443 5090 3630 5158 Neque

2049 5187 2224 5261 [mro]
2267 5188 2568 5259 hypOtheca
2620 5189 2673 5240 in
2719 5186 2806 5240 his
2838 5185 3034 5248 valeto,
3081 5185 3175 5239 sed
3221 5183 3374 5236 irrita
3404 5193 3542 5248 esto,
3574 5189 3631 5236 et

2049 5280 2444 5335 monasterium
2520 5287 2710 5332 sancto
2801 5275 3107 5332 ministerio
3192 5275 3480 5330 addicitor.
3561 5271 3629 5326 Et

2049 5372 2267 5424 constit.
2295 5367 2350 5432 2,
2382 5365 2873 5423 tit.2Novellarum
2888 5363 2993 5421 ait:
3023 5365 3411 5418 Monasterium
3439 5362 3492 5416 in
3525 5362 3628 5416 hoc

2057 5479 2126 5517 ne
2160 5463 2446 5523 alicnator,
2484 5468 2544 5514 ut
2577 5471 2790 5514 sacrata
2847 5459 3020 5512 forma
3073 5459 3126 5512 in
3179 5459 3440 5524 privatam
3495 5467 3629 5508 con-

2054 5554 2416 5610 versationem
2495 5551 2938 5606 transformetur.
2979 5549 3196 5619 Alioqui
3270 5544 3509 5615 episc0pi
3574 5544 3626 5598 id

2055 5645 2442 5704 monasterium
2495 5642 2828 5708 vindicandi,
2873 5649 2926 5698 et
2973 5640 3038 5696 ad
3087 5639 3364 5711 pristinam
3397 5636 3626 5692 formam
