4156 6446
533 332 642 396 839

1597 328 1860 387 I‘IIOTIl
1904 328 2412 391 PATRIARClle
2466 332 2573 393 (ΣΡ.

3699 338 3809 400 810

533 444 831 501 reducendi
872 443 1185 499 facultatem
1238 442 1461 498 habent.
1495 440 1612 494 Lib.
1648 456 1685 505 ι,
1729 441 1811 494 tit.
1848 441 1903 503 ’5,
1935 450 2095 495 const

2221 459 2305 494 σιν
2352 444 2400 495 οἱ
2432 443 2721 495 ἐπίσκοποι
2769 441 2830 494 τὸ
2861 439 3100 494 τοιοῦτον
3147 443 3506 513 μοναστήριον
3541 446 3801 503 ἐκδικεῖν.

532 538 626 600 58,
674 539 785 591 ait:
831 537 932 602 Qui
982 535 1314 590 monasteria
1344 550 1439 587 sua
1472 532 1801 599 relinquunt,
1833 546 1940 585 non
1976 531 2113 584 reci-

532 626 690 696 piunt
734 641 871 694 quas
916 625 981 678 ad
1040 625 1129 678 illa
1180 621 1348 695 [res]
1433 620 1665 674 mobiles
1729 622 2109 682 adduxerunt,

532 719 911 787 cujuscunque
957 717 1279 786 quantitatis
1336 716 1577 769 fuerint:
1630 713 1845 767 tametsi
1890 714 1957 767 de
2005 712 2111 765 illis

533 809 679 862 nulla
714 816 958 861 actorum
997 818 1349 860 monumenta
1381 804 1632 858 confecta
1669 804 1798 858 sint.
1832 802 1890 856 In
1918 802 2112 856 immo-

530 898 731 953 bilibus
772 908 953 951 autem
989 897 1079 966 jus
1109 899 1310 951 servari
1343 904 1578 962 oportet,
1610 895 1870 963 quoniam
1897 892 1974 948 illi
2014 891 2109 963 qui

530 991 698 1054 dedit,
740 990 956 1044 illarum
990 988 1290 1044 vindieatio
1328 1004 1434 1042 non
1472 986 1682 1042 interit.

600 1170 667 1223 Et
713 1180 894 1226 const.
949 1170 1035 1237 15,
1085 1171 1172 1227 tit.
1219 1170 1243 1223 1
1280 1168 1627 1224 Novellarum
1669 1169 1836 1223 dicit:
1876 1168 1933 1222 Si
1983 1170 2108 1237 quis

528 1264 830 1317 monachus
868 1264 1121 1318 recedere
1156 1262 1305 1324 velit,
1347 1276 1704 1331 quascunque
1739 1276 1851 1326 res,
1886 1261 2107 1330 quando

528 1353 970 1425 [monasterium]
1007 1355 1288 1424 ingressus
1317 1361 1420 1416 est,
1461 1354 1670 1418 habuit,
1704 1354 1756 1407 in
1789 1352 2104 1408 monasterii

524 1444 827 1499 dominiqu
852 1446 1064 1501 cadent.
1093 1446 1188 1499 Et:
1214 1444 1350 1498 Cum
1371 1445 1761 1502 monasterium
1782 1444 2102 1514 ingreditur,

524 1550 796 1605 quemque
823 1537 889 1589 de
922 1536 1085 1590 rebus
1117 1536 1231 1590 suis
1266 1544 1504 1589 statuere
1530 1544 1764 1605 oportet.
1794 1533 2105 1604 Ingredien-

522 1635 632 1680 tem
657 1629 802 1682 enim
826 1626 975 1699 [illae]
1001 1628 1371 1682 comitantur:
1399 1628 1615 1681 tametsi
1640 1628 1691 1681 id
1716 1642 1825 1681 non
1846 1640 2103 1695 expresse

524 1718 743 1772 dixerit.
787 1717 985 1773 Verum
1018 1720 1061 1773 si
1096 1733 1221 1773 cum
1256 1720 1459 1776 liberos
1489 1720 1703 1781 habeat,
1742 1719 1849 1774 illis
1885 1735 1973 1773 res
2000 1718 2102 1772 ali-

2214 534 2308 585 καὶ
2354 534 2427 595 εἰς
2454 533 2513 584 τὸ
2542 533 2803 602 πρότερον
2828 533 3123 600 ἐπανάγειν
3154 536 3360 604 σχῆμα·
3401 534 3542 604 βιϐλ.
3576 544 3649 600 α’,
3687 540 3801 594 τίτ.

2212 627 2282 684 α’,
2311 621 2451 676 διάτ.
2486 621 2567 692 λη’
2599 624 2783 693 φησιν,
2803 623 2905 687 ὅτι,
2942 624 3005 676 Οἱ
3035 624 3101 675 τὰ
3128 623 3232 677 [δια
3265 627 3599 697 μοναστήρια
3624 644 3801 682 κατα-

2211 712 2605 781 λιμπάνοντες,
2642 715 2700 766 οὐ
2728 713 3098 782 λαμϐάνουσιν
3127 715 3269 785 ἆπερ
3303 715 3484 777 αὐτοῖς
3519 719 3803 786 προσήγα-

2211 821 2329 871 γον,
2373 804 2568 873 νικητὰ
2617 805 2955 875 δσησδήποτε
2998 807 3295 875 ποσότητος
3350 808 3515 873 ὄντα,
3565 811 3670 862 κᾶν
3720 814 3798 880 μὴ

2212 895 2428 948 σύνεστι
2465 896 2662 967 πρᾶξις
2715 897 3127 966 ὑπομνημάτων
3161 899 3248 951 ἐπ’
3301 900 3522 963 αὐτοῖς·
3568 902 3695 969 περὶ
3741 902 3799 956 ἑὲ

2209 984 2318 1038 τῶν
2352 987 2623 1056 ἀκινήτων
2653 986 2733 1039 δεῖ
2759 987 2827 1040 τὰ
2866 988 3073 1057 νόμιμα
3103 987 3491 1056 φυλάττεσθαι,
3544 989 3667 1042 ἐπεὶ
3695 992 3796 1043 οὐκ

2210 1078 2520 1150 ἀναιρεῖται
2552 1081 2628 1150 τῷ
2670 1081 3044 1151 δωρησαμένῳ
3078 1084 3111 1151 ή
3139 1082 3415 1152 ὲκνίκησις
3448 1083 3649 1137 αὐτῶν.

2279 1169 2389 1221 Καὶ
2420 1171 2451 1240 ἡ
2487 1168 2552 1238 ιγ’
2584 1169 2727 1224 διάτ.
2758 1169 2853 1223 τοῦ
2885 1178 2934 1223 α’
2964 1173 3067 1225 τίτ.
3097 1171 3204 1223 τῶν
3238 1174 3469 1243 Νεαρών
3501 1174 3681 1243 λέγει,
3712 1175 3793 1227 ὅτι

2210 1253 2366 1320 Εἵτις
2396 1260 2637 1326 μονάσας
2676 1260 3036 1331 ἀναχωρῆσαι
3066 1262 3304 1333 βουληθῇ
3331 1304 3346 1329 ,
3386 1264 3456 1317 τὰ
3492 1266 3793 1335 πράγματα

2205 1350 2303 1403 ὅσα
2332 1356 2593 1421 παρεῖχεν
2615 1354 2777 1423 ἡνίκα
2802 1356 2972 1425 εἰσῄει
2998 1396 3014 1421 ,
3043 1356 3139 1423 τῆς
3158 1357 3484 1427 δεσποτείας
3519 1356 3670 1410 ἔσται
3692 1359 3787 1411 τοῦ

2206 1443 2597 1512 μοναστηρίου·
2630 1444 2725 1495 καὶ
2752 1446 2935 1497 ὃτιΔεῖ
2962 1446 3054 1498 τὸν
3073 1446 3295 1499 θέλοντα
3320 1448 3572 1515 μονάσαι,
3598 1448 3787 1502 διατυ-

2205 1528 2339 1581 ποῦν
2355 1531 2483 1600 περὶ
2505 1530 2611 1583 τῶν
2640 1531 2785 1583 ἰδίων
2803 1532 3166 1602 πραγμάτων·
3194 1533 3490 1587 εἰσελθόντι
3508 1534 3616 1606 γὰρ
3641 1536 3791 1606 αὐτῷ

2206 1622 2673 1687 συνακολουθοῦσι,
2704 1624 2804 1675 κᾶν
2832 1623 2907 1694 μὴ
2935 1623 3091 1677 τοῦτο
3116 1625 3293 1697 ῥητῶς
3318 1626 3466 1698 εἴπῃ·
3494 1628 3542 1679 εἰ
3578 1628 3678 1696 μέν
3708 1645 3790 1679 τοι

2207 1714 2401 1777 παῖδας
2436 1714 2598 1785 ἔχων,
2628 1714 2786 1783 ἔτυχέ
2818 1732 2940 1769 τινα
2974 1716 3276 1785 πράγματα
3314 1717 3717 1787 δωρησάμεντς.
3752 1718 3785 1787 ἢ

523 1825 691 1880 quas,
740 1824 863 1879 qua:
910 1809 1207 1878 legitimam
1255 1812 1561 1880 portionem
1616 1810 1937 1865 sub5tantiee
1979 1808 2098 1878 ejus

2206 1805 2565 1877 δωρησαμένη
2601 1807 2819 1869 αὐτοῖς,
2857 1808 2890 1877 ἦ
2932 1807 3074 1878 ὑπὲρ
3104 1807 3359 1878 προικὸς,
3402 1808 3434 1878 ἦ
3472 1809 3578 1879 πρὸ
3605 1810 3783 1877 γάμου

520 1902 846 1965 conﬁciant,
887 1901 1031 1956 dotis
1064 1901 1443 1956 donationisve
1476 1911 1601 1955 ante
1634 1900 1854 1970 nuptias
1885 1901 2106 1954 nomine

522 1990 843 2045 donaverit:
876 1991 930 2044 itt
960 1990 1187 2060 reliquis
1221 1992 1295 2044 illi
1322 1991 1522 2045 nullam
1547 1991 2099 2046 communicationem

524 2086 784 2143 habento.
815 2086 913 2143 Sin
941 2084 1079 2145 nihil
1111 2083 1265 2163 ipsi>.
1299 2092 1392 2147 aut
1420 2083 1613 2145 minus
1648 2084 1890 2159 legitima
1931 2085 2104 2141 dona-

524 2188 695 2238 verit:
728 2195 890 2237 etiam
918 2195 1204 2253 postquam
1238 2186 1351 2253 ipse
1385 2184 1688 2238 monachus
1718 2182 1891 2236 factus
1919 2180 2101 2241 fuerit,

520 2274 752 2329 debetur
796 2275 901 2329 illis
945 2273 1210 2343 legitima.
1262 2273 1430 2327 Plane
1468 2272 1513 2327 si
1560 2272 1790 2326 maritus
1830 2279 1925 2324 aut
1968 2284 2106 2324 uxor

522 2366 789 2420 iucratur.
839 2364 902 2419 Et
946 2383 958 2420 :
1010 2364 1066 2419 Si
1115 2366 1421 2421 monachus
1468 2366 1522 2419 in
1572 2365 1841 2429 militiam,
1893 2371 1989 2417 aut
2032 2362 2103 2415 ad

519 2453 683 2507 aliam
734 2454 860 2507 vitae
906 2452 1137 2507 formam
1188 2454 1425 2508 habeat:
1468 2455 1773 2509 substantia
1805 2453 1925 2522 ejus
1959 2454 2102 2522 apud

520 2546 912 2600 monasterium
964 2558 1227 2612 remanet,
1278 2547 1395 2617 ipse
1439 2563 1569 2601 vero
1620 2545 1968 2617 provincialis
2010 2559 2104 2599 σοι

521 2636 751 2691 hortalis
781 2637 873 2689 sit.
908 2635 1075 2707 356
1117 2636 1222 2691 Sed
1253 2646 1309 2690 et
1342 2637 1385 2691 si
1416 2637 1539 2707 quis
1572 2638 1624 2690 in
1655 2636 1799 2691 aliud
1830 2647 2105 2689 monaste-

518 2727 662 2783 rium
694 2737 973 2782 transeat:
1004 2728 1289 2783 iacultales
1321 2729 1492 2797 ipsius
1523 2730 1588 2782 ad
1617 2728 1853 2798 primum
1881 2741 2099 2782 monas-

516 2818 719 2874 terium
783 2818 1081 2888 pertinent.
1149 2817 1419 2873 (laterum
1479 2817 1738 2888 praesules
1806 2816 1983 2886 ipsum
2035 2830 2103 2869 ne

514 2910 897 2979 suscipiunto:
946 2917 1112 2979 atque
1157 2909 1258 2964 hoc
1288 2906 1513 2981 [ipsum]
1557 2916 1669 2963 tum
1713 2906 1952 2977 episcopi
1984 2914 2099 2960 tum

514 3000 961 3056 archimandritte
1008 3000 1356 3070 prohibente.

588 3092 732 3148 Dicit
764 3108 896 3147 vero
942 3092 1109 3146 etiam
1153 3103 1331 3147 const.
1381 3089 1472 3155 52,
1505 3091 1589 3146 ιῑι.
1618 3091 1671 3156 3,
1701 3090 1793 3145 lib.
1818 3106 1856 3145 t.
1887 3088 1945 3145 Si
1973 3088 2099 3161 quis

513 3200 582 3241 ex
631 3199 763 3239 casu
807 3184 853 3239 si
900 3184 1057 3239 liberi
1106 3199 1216 3238 non
1263 3184 1564 3250 exsistent,
1618 3182 1963 3238 restitutione
2010 3182 2097 3237 vel

515 3274 908 3329 sub'stitutione
956 3287 1214 3345 gravatus
1248 3275 1433 3335 fuerit,
1472 3284 1528 3329 et
1570 3275 1716 3345 quod
1765 3274 1930 3327 vitam
1977 3288 2094 3326 mo-

515 3367 781 3421 nasticam
814 3367 1089 3435 praeferat,
1121 3364 1534 3421 matrimonium
1564 3365 1891 3421 contrahere
1921 3363 2093 3418 nolit:

514 3471 606 3511 res
634 3452 993 3527 [assignatas]
1021 3456 1239 3521 retinet,
1288 3464 1454 3526 atque
1501 3458 1630 3511 dum
1674 3454 1827 3521 vivit,
1871 3453 2098 3508 insumit

514 3549 663 3613 illas,
709 3559 803 3602 aut
837 3546 1116 3617 quomodo
1149 3546 1262 3600 vult
1290 3547 1546 3617 relinquit
1570 3546 1867 3601 dummodo
1897 3544 1952 3600 in
1979 3544 2097 3614 pias

513 3655 731 3695 causas.
786 3638 891 3693 Sed
935 3646 990 3693 et
1030 3638 1077 3693 si
1123 3639 1225 3695 sub
1280 3639 1593 3694 conditione
1628 3628 2096 3709 pro-creandorum

514 3730 814 3785 liberorum
860 3730 965 3800 ipsi
1003 3729 1207 3786 relicta:
1247 3731 1375 3795 sint,
1422 3730 1587 3785 habet
1616 3730 1737 3785 illas
1770 3729 1955 3785 liberis
1986 3743 2095 3781 non

513 3825 841 3895 procreatis.
873 3822 1022 3877 Idem
1056 3824 1223 3878 etiam
1257 3825 1325 3879 de
1354 3824 1722 3895 virginitatem
1758 3822 2095 3879 sectantibus

513 3913 905 3989 {tnulieribus]
960 3917 1150 3969 eadem
1203 3926 1380 3971 const.
1445 3918 1596 3971 dicit.
1648 3914 1802 3982 Quod
1850 3916 1897 3969 si
1951 3929 2095 3969 unus

512 4009 809 4080 conjugum
846 4009 1013 4062 vitam
1054 4008 1416 4064 monasticam
1449 4009 1736 4078 suscipiat,
1765 4007 1900 4062 alter
1930 4022 2095 4076 repu-

512 4101 660 4155 dium
689 4099 873 4164 mittit,
898 4099 1161 4168 locusque
1189 4096 1315 4171 [est]
1344 4115 1407 4155 ex
1436 4108 1612 4155 morte
1640 4101 1836 4170 pactis,
1864 4108 1917 4154 et
1947 4098 2096 4168 quod

511 4183 639 4248 inde
664 4192 870 4246 lucrum
904 4195 1172 4261 provenit,
1204 4202 1456 4248 servatur
1486 4208 1554 4247 ex
1585 4193 1775 4247 eodem
1808 4194 2095 4248 matrimo—

512 4285 605 4338 nio
645 4282 788 4338 forte
826 4283 1223 4339 exsistentibus
1256 4283 1467 4349 liberis,
1501 4293 1595 4339 aut
1628 4284 1679 4339 id
1713 4284 1958 4339 lucratur
1982 4281 2093 4356 [ea]

508 4394 746 4450 persona
792 4394 913 4448 qua:
961 4377 1029 4431 ad
1072 4378 1376 4434 secundum
1411 4379 1823 4434 matrimonium
1860 4394 1967 4433 non
2001 4381 2094 4435 de-

2206 1897 2416 1966 δωρεᾶς
2440 1937 2455 1961 ,
2492 1898 2586 1951 καὶ
2620 1900 2765 1951 ποιεῖ
2794 1897 2969 1952 ταῦτα
2998 1900 3058 1951 τδ
3092 1900 3326 1970 νόμιμον
3358 1901 3522 1971 μέρος
3556 1900 3653 1969 τῆς
3684 1901 3786 1953 αὖ·

2206 1986 2299 2039 τοῦ
2325 1988 2662 2058 περιουσίας,
2689 1989 2763 2059 μὴ
2790 1989 3063 2065 ἐχέτωσαν
3086 1993 3136 2043 οἰ
3159 1992 3347 2054 παῖδες
3373 1992 3511 2061 πρὸς
3534 1992 3601 2045 τὰ
3624 1991 3783 2045 λοιπά

2210 2079 2529 2151 μετουσίαν·
2564 2083 2609 2135 εἰ
2645 2080 2700 2134 δὲ
2762 2083 2929 2153 μηδὲν
2964 2084 3166 2147 αὐτοῖς,
3219 2084 3251 2155 ἢ
3304 2084 3523 2136 ἔλαττον
3560 2083 3653 2137 τοῦ
3699 2102 3783 2137 νο-

2209 2173 2377 2245 μίμου
2409 2175 2719 2245 ὲδωρήσατο
2742 2216 2756 2240 ,
2792 2177 2887 2229 καὶ
2914 2177 3052 2247 μετὰ
3079 2177 3140 2230 τὸ
3172 2177 3401 2245 μονάσαι
3438 2178 3600 2231 αὐτὸν
3633 2179 3780 2246 63:5!—

2206 2265 2359 2321 λεται
2387 2271 2497 2331 τοῖς
2539 2268 2699 2322 παισὶ
2726 2270 2787 2321 τὸ
2822 2270 3071 2340 νόμιμον·
3105 2268 3236 2321 εἰδὲ
3272 2268 3408 2337 ἀνὴρ
3446 2270 3479 2340 ἢ
3516 2269 3653 2339 γυνὴ
3684 2288 3780 2338 μο-

2206 2357 2358 2413 νάσει
2384 2399 2399 2423 ,
2442 2361 2531 2412 τὸν
2572 2361 2680 2415 ἀπὸ
2714 2361 2971 2431 τελευτῆς
3013 2362 3179 2415 κάσον
3221 2362 3454 2432 ὁέτερος
3486 2363 3777 2431 κερδαίνει·

2205 2450 2299 2502 καὶ
2331 2450 2412 2503 ὅτι
2444 2446 2570 2500 Ἐάν
2592 2453 2826 2523 μοναχὸς
2875 2454 2955 2516 εἰς
2991 2454 3281 2523 στρατείαν
3310 2453 3437 2521 ἔλθῃ
3461 2495 3474 2517 ,
3513 2454 3546 2525 ῆ
3595 2454 3779 2526 ἕτερον

2206 2541 2321 2611 βίου
2352 2542 2536 2611 σχῆμα
2559 2583 2574 2607 ,
2607 2545 2641 2613 ἡ
2691 2547 2791 2614 μὲν
2829 2544 2987 2599 οὐσία
3022 2546 3171 2615 μένει
3214 2546 3365 2614 παρὰ
3395 2546 3473 2615 τῷ
3508 2564 3777 2616 μοναστη-

2205 2631 2326 2702 ρίῳ,
2358 2633 2517 2696 αὐτὸς
2553 2634 2612 2687 δὲ
2634 2635 2910 2704 ταξεὼτης
2934 2636 3229 2705 ἐπιχώριος
3253 2637 3483 2703 γίνεται·
3517 2639 3564 2689 εἰ
3598 2637 3652 2689 δὲ
3686 2637 3779 2691 καί

2202 2739 2287 2785 τις
2324 2725 2403 2786 εἰς
2443 2725 2808 2796 μοναστήριον
2856 2726 2966 2779 άπὸ
3012 2727 3378 2796 μοναστηρίου
3428 2727 3707 2797 μετέλθοι,
3745 2730 3778 2798 ἡ

2201 2814 2360 2866 οὐσία
2407 2815 2572 2868 αὐτοῦ
2619 2814 2698 2885 τῷ
2748 2815 2949 2888 πρώτῳ
2994 2818 3342 2889 μοναστηρίῳ
3393 2819 3663 2890 διαφέρει·
3724 2822 3775 2873 οι

2206 2904 2393 2974 μέντοι
2427 2906 2719 2977 ἡγούμενοι
2763 2906 2839 2978 μὴ
2876 2908 3219 2977 δεχέσθωσαν
3268 2910 3451 2962 αὐτόν·
3487 2911 3772 2963 κωλυέτω-

2204 3013 2303 3051 σαν
2328 2997 2386 3050 δὲ
2413 2998 2572 3051 τοῦτο
2601 2999 2695 3052 καὶ
2720 3000 2770 3053 οἰ
2801 2999 3094 3053 ἐπίσκοποι
3122 3001 3217 3053 καὶ
3250 3003 3297 3054 oi
3332 3002 3772 3072 ἀρχιμανδρῖται.

2273 3088 2434 3156 Λέγει
2472 3089 2530 3143 δὲ
2569 3092 2663 3143 κα)⁸
2689 3090 2828 3144 διάτ.
2864 3090 2944 3161 νβ’
2971 3090 3066 3144 τοῦ
3096 3097 3144 3159 γ’
3169 3092 3274 3145 τίτ.
3316 3093 3408 3145 τοῦ
3436 3092 3485 3145 α’
3521 3093 3659 3163 βιὸλ.
3698 3096 3779 3148 ὅτι

2207 3177 2436 3246 Ἐὰντις
2486 3181 2700 3255 βαρηθῇ
2752 3185 3194 3239 ὑποκαταστάσει
3244 3184 3277 3255 ἢ
3338 3186 3781 3241 ἅποκαταστάσει

2198 3271 2258 3337 ἐξ
2289 3272 2545 3341 άπαίδου,
2587 3277 2680 3329 καὶ
2734 3277 2807 3347 μὴ
2841 3277 3075 3349 βουληθῇ
3125 3277 3377 3348 γαμῆσαι
3417 3278 3484 3333 δι’
3524 3280 3777 3352 ἄσκησιν,

2199 3363 2351 3430 μένει
2374 3364 2514 3435 ἔχων
2544 3367 2613 3421 τά
2651 3369 2973 3439 πράγματα·
3005 3372 3099 3423 καὶ
3129 3370 3335 3443 περιὼν
3359 3373 3497 3425 αὐτὰ
3529 3374 3777 3445 δαπανᾷ,

2197 3454 2231 3525 ἢ
2263 3458 2667 3529 καταλιμπάνει
2700 3460 2777 3525 ὡς
2811 3460 2955 3515 θέλει
3003 3463 3244 3525 εὐσεϐῶς
3276 3465 3479 3534 μέντοι·
3518 3468 3567 3519 εἰ
3601 3466 3657 3520 δὲ
3690 3468 3782 3520 καὶ

2197 3546 2303 3600 ὑπὸ
2335 3550 2544 3620 αἵρεσιν
2564 3552 2910 3618 παιδοποιίας
2934 3554 3084 3625 αὐτῷ
3107 3556 3468 3629 καταλειφθῇ,
3506 3558 3619 3629 ἔχει
3644 3560 3780 3613 αὐτά

2196 3640 2291 3691 καὶ
2326 3640 2400 3710 μὴ
2427 3643 2780 3697 παιδοποιῶν·
2810 3646 2871 3699 τὸ
2895 3648 3027 3700 αὐτὸ
3050 3648 3145 3701 καὶ
3168 3650 3261 3701 ἐπὶ
3293 3650 3777 3720 παρθενευούσαις·

2198 3732 2230 3800 ἡ
2264 3732 2403 3804 αὑτὴ
2430 3733 2570 3789 διάτ.
2611 3738 2799 3808 φησὶν,
2832 3739 2936 3804 ὅτι,
2982 3740 3106 3793 Ἐάν
3137 3757 3220 3804 τις
3249 3741 3358 3795 τῶν
3391 3744 3780 3797 συνοικούντων

2201 3824 2444 3897 μονάσῃ,
2488 3828 2695 3898 πέμπει
2745 3830 3028 3899 ρεπούδιον
3072 3833 3100 3884 ὁ
3148 3832 3325 3896 ἄλλος,
3360 3833 3454 3886 καὶ
3479 3832 3630 3905 χώρα
3669 3838 3779 3897 τοῖς

2195 3917 2304 3971 ἀπὸ
2346 3918 2604 3991 τελευτῆς
2649 3921 2994 3992 συμφώνοις·
3046 3924 3141 3977 καὶ
3187 3925 3248 3978 τὸ
3292 3925 3542 3978 ἐντεῦθεν
3590 3927 3777 3997 κέρδος

2197 4009 2525 4077 φυλάττεται
2554 4014 2667 4074 τοῖς
2707 4015 2782 4075 ὼς
2816 4014 2963 4077 εἰκὸς
2989 4013 3141 4069 οὖσιν
3172 4018 3235 4068 ἐκ
3268 4016 3363 4069 τοῦ
3395 4016 3560 4071 αὐτοῦ
3599 4022 3774 4086 γάμου

2197 4096 2384 4148 παισίν
2407 4113 2420 4127 ·
2462 4097 2494 4168 ἢ
2530 4098 2590 4151 τὸ
2621 4099 2887 4171 κερδᾶναν
2932 4104 3224 4174 πρόσωπον
3259 4105 3335 4175 μὴ
3367 4106 3519 4159 ἐλθὸν
3551 4109 3629 4171 εἰς
3655 4108 3776 4161 δευ-

2198 4203 2355 4256 τερον
2403 4188 2619 4259 γάμον·
2663 4191 2760 4244 καὶ
2804 4190 2900 4245 τοῦ
2967 4193 3159 4263 ἀνδρὸς
3207 4195 3530 4266 μονάζοντος
3565 4200 3598 4268 ἡ
3641 4200 3775 4268 γυνὴ

2196 4277 2367 4350 ἑτέρῳ
2392 4281 2452 4333 οὐ
2477 4283 2736 4351 γαμεῖται
2758 4285 2849 4337 ἐπὶ
2872 4284 2969 4339 ἕνα
2997 4288 3262 4359 ἐνιαυτόν·
3285 4290 3332 4341 εἰ
3358 4289 3538 4359 μέντοι
3562 4308 3645 4354 τις
3668 4292 3776 4344 τῶν

2200 4374 2527 4440 μνηστήρων
2568 4373 2825 4442 μονάσει,
2868 4376 2917 4427 oi
2956 4358 3275 4447 ἀῤῥαϐὦνες
3313 4358 3473 4431 ἁπλοῖ
3503 4381 3777 4433 ἀποδίδον-

507 4471 679 4527 venit.
729 4472 999 4527 Czeterum
1048 4470 1095 4526 si
1150 4485 1386 4541 sponsus
1424 4471 1699 4541 quispiam
1732 4471 1786 4525 in
1819 4482 2092 4527 monaste-

2201 4478 2306 4525 ται,
2332 4464 2424 4516 καὶ
2459 4465 2611 4519 οὐδὲν
2641 4465 2997 4537 ζημιοῦνται,
3036 4469 3110 4532 ὡς
3151 4471 3184 4541 ἡ
3211 4470 3283 4524 νδ¹
3312 4471 3453 4527 διάτ.
3483 4472 3577 4525 τοῦ
3612 4473 3773 4527 αὐτοῦ

508 4563 653 4616 rium
666 4561 950 4622 concedat,
973 4560 1255 4630 simplices
1268 4561 1444 4616 arrhze
1462 4561 1758 4625 adduntur,
1780 4562 2093 4633 nullumque

505 4656 768 4710 damnum
806 4655 1023 4717 subitur
1052 4673 1065 4709 :
1102 4662 1163 4708 ut.
1191 4653 1433 4721 ejusdem
1467 4653 1552 4708 tit.
1595 4662 1772 4708 const.
1805 4653 1893 4707 54.

581 4746 802 4801 Textus.
852 4745 918 4799 Et
965 4761 1088 4816 quae
1119 4746 1186 4799 de
1217 4746 1443 4814 repudio
1475 4754 1670 4801 tractat
1722 4745 1943 4800 Novella
1989 4746 2089 4800 117

506 4836 605 4891 ait:
630 4835 687 4890 Si
712 4845 908 4907 praeter
930 4852 1127 4893 causas
1153 4837 1221 4891 ab
1246 4837 1359 4905 ipsa
1386 4838 1560 4893 dictas
1583 4837 1779 4892 mulier
1805 4838 2090 4907 repudium

507 4926 756 4981 miserit:
793 4926 894 4980 dos
922 4927 1115 4979 marito
1141 4934 1237 4979 aut
1269 4925 1323 4979 in
1355 4926 1681 4991 dominium,
1715 4936 1811 4981 attt
1849 4927 1893 4981 si
1938 4927 2090 4981 liberi

515 5015 748 5081 subsint,
793 5012 846 5068 in
880 5030 1037 5069 usum
1064 5014 1298 5068 fructum
1345 5016 1523 5070 datur.
1554 5015 1747 5070 Mulier
1776 5024 1956 5071 autem
1996 5032 2093 5086 per

510 5103 745 5159 Iudicem
784 5104 1045 5175 episcopo
1090 5105 1325 5160 civitatis
1359 5107 1413 5161 in
1450 5122 1558 5177 qua
1593 5108 1801 5162 habitat
1840 5109 2089 5172 traditur,

512 5203 560 5251 et
591 5211 688 5265 per
716 5196 893 5265 ipsum
927 5197 994 5249 ad
1029 5212 1248 5251 onmem
1273 5197 1394 5269 ejus
1416 5199 1582 5252 vitam
1615 5199 1668 5252 in
1698 5200 2089 5253 monasterium

512 5287 818 5356 :onjieitur.
844 5289 1020 5357 Atque
1052 5289 1097 5342 si
1131 5290 1349 5359 quidem
1386 5290 1588 5346 liberos
1619 5290 1847 5359 habeat,
1877 5291 2089 5346 bessem

510 5381 831 5437 substantiae
868 5382 989 5451 ejus
1025 5381 1149 5454 [illi]
1180 5383 1426 5452 capiunt,
1456 5383 1709 5439 trientem
1741 5398 1872 5439 vero
1899 5400 2090 5438 mona-

504 5473 754 5529 sterium.
786 5472 881 5529 Sin
912 5489 1042 5530 vero
1068 5490 1176 5528 non
1207 5475 1432 5541 liberos,
1463 5476 1556 5532 sed
1580 5485 1835 5547 parentes
1861 5477 2087 5533 habeat:

506 5563 721 5619 bessem
782 5566 1151 5633 monasterio,
1216 5567 1467 5623 trientem
1534 5578 1716 5623 autem
1774 5570 2089 5638 parentibus

506 5657 673 5710 dato:
707 5668 861 5710 extra
897 5673 1061 5726 quam
1093 5659 1137 5713 si
1173 5659 1267 5728 qtti
1302 5660 1447 5713 illam
1482 5661 1533 5715 in
1567 5668 1833 5728 potestate
1866 5660 2086 5721 habent,

508 5746 713 5816 injuste
747 5749 974 5819 repudio
1000 5765 1286 5806 assensum
1332 5752 1682 5823 praebuerint.
1731 5750 1893 5821 357
1936 5750 2089 5817 Tune

2192 4552 2295 4610 τίτ.

2264 4741 2375 4797 Καὶ
2405 4744 2437 4813 ἡ
2469 4745 2598 4815 περὶ
2642 4746 2944 4816 ρεπουδίων
2974 4748 3423 4820 διαλαμϐάνουσα
3468 4754 3568 4823 ριξν
3608 4755 3777 4827 νεαρά

2194 4850 2382 4902 φησιν,
2417 4834 2498 4887 ὅτι
2530 4835 2626 4887 ἐὰν
2648 4837 2798 4907 παρὰ
2823 4841 2919 4901 τὰς
2951 4841 3247 4910 εἰρημένας
3277 4844 3413 4913 αὐτῇ
3438 4846 3615 4907 αἰτίας
3640 4847 3776 4917 γυνὴ

2194 4925 2385 4996 πέμψῃ
2438 4927 2739 4996 ρεπούδιον,
2773 4932 2804 4999 ἡ
2844 4930 2941 4998 μὲν
2990 4931 3153 5001 προὶξ
3180 4933 3258 5001 τῷ
3285 4934 3438 5004 ἀνδρὶ
3484 4936 3706 5000 δίδοται,
3744 4941 3775 5008 ἢ

2193 5019 2335 5071 κατὰ
2358 5020 2696 5085 δεσποτείαν,
2738 5023 2770 5092 ἢ
2804 5023 3009 5077 παίδων
3044 5024 3290 5079 ὑπόντων
3321 5027 3462 5081 κατὰ
3492 5030 3708 5099 χρῆσιν·
3746 5032 3776 5098 ἡ

2191 5109 2248 5162 δὲ
2278 5110 2415 5180 γυνὴ
2443 5110 2530 5163 διὰ
2554 5111 2649 5165 τοῦ
2682 5113 3001 5177 δικάσαντος
3024 5115 3377 5183 παραδίδοται
3396 5117 3472 5187 τῷ
3498 5120 3777 5189 ὲπισκὸπῳ

2191 5202 2291 5270 τῆς
2320 5201 2529 5265 πόλεως
2576 5203 2635 5257 ὲν
2753 5206 2922 5269 οἰκεῖ,
2977 5204 3073 5257 καὶ
3118 5205 3185 5257 δι’
3216 5206 3382 5259 αὐτοῦ
3431 5210 3775 5278 μοναστηρίῳ

2193 5292 2521 5363 ὲμόάλλεται
2555 5296 2733 5349 πᾶσαν
2764 5298 2862 5367 τὴν
2897 5294 3045 5367 ζωὴν
3076 5298 3264 5369 αὐτῆς·
3296 5302 3391 5353 καὶ
3437 5303 3487 5354 εἰ
3516 5302 3615 5372 μὲν
3666 5304 3773 5371 ἔχει
3824 5312 3864 5320 ’-

2193 5383 2411 5446 παῖδας,
2454 5384 2519 5436 τὸ
2550 5384 2793 5455 δίμοιρον
2826 5386 2991 5456 μέρος
3022 5389 3121 5457 τῆς
3149 5389 3339 5453 οὺσῖας
3366 5392 3536 5459 αὐτῆς
3564 5392 3771 5462 λαμϐά-

2192 5492 2360 5530 νουσι·
2388 5476 2448 5529 τὸ
2470 5476 2528 5529 δὲ
2551 5477 2754 5546 τρίτον,
2787 5477 2847 5528 τὸ
2879 5480 3263 5549 μοναστήριον·
3294 5484 3341 5533 εἰ
3373 5482 3429 5534 is
3457 5484 3651 5544 παῖδας
3680 5483 3771 5536 οὐκ

2192 5568 2303 5638 ἔχει
2342 5569 2478 5621 ἀλλὰ
2513 5573 2711 5637 γονεῖς,
2754 5570 2815 5622 τὸ
2864 5569 3107 5639 δίμοιρον
3141 5570 3341 5625 δίδοται
3390 5573 3469 5643 τῷ
3505 5591 3769 5645 μοναστη-

2195 5663 2295 5731 ρίῳ
2320 5676 2332 5689 ·
2366 5658 2461 5712 καὶ
2503 5661 2563 5712 τὺ
2601 5663 2806 5730 τρίτον,
2843 5663 2953 5723 τοῖς
2987 5660 3271 5729 γονεῦσιν·
3311 5664 3361 5716 εἰ
3393 5666 3469 5735 μὴ
3500 5665 3592 5718 ὑπ’
3622 5666 3762 5728 ἐξου·

2194 5751 2315 5805 σίαν
2342 5750 2512 5821 αὐτὴν
2540 5750 2759 5821 ἔχοντες
2789 5753 2865 5823 τῷ
2894 5753 3074 5824 ἀλόγῳ
3121 5755 3391 5826 ρεπουδίῳ
3435 5754 3770 5827 συνῄνεσαν,
