4156 6446
347 249 453 317 841

1165 249 1569 311 SYNTAGMA
1608 246 1999 311 CANONUM.
2025 271 2092 282 -·-
2119 246 2267 308 ΤΙΤ.
2310 246 2419 321 XI,
2463 246 2624 309 CAP.
2664 249 2716 308 Ι.

3532 249 3643 313 842

349 363 473 419 τότε
494 361 605 434 γὰρ
630 360 810 419 πάντα
828 360 906 432 τῷ
928 362 1278 433 μοναστηρίῳ
1302 360 1735 431 προσκυροῦταιο
1757 362 1934 432 ὥσπερ

2051 359 2198 413 enim
2239 359 2424 414 omnia
2473 359 2808 415 monasterio
2855 358 3236 431 applicantur,
3281 365 3641 432 quemadmo-

348 452 447 508 καὶ
472 454 562 508 ὅτε
599 454 738 525 μήτε
770 452 968 517 παῖδας
996 491 1013 519 ,
1049 453 1189 524 μήτε
1219 454 1400 522 γονεῖς
1422 454 1457 524 ἡ
1493 452 1632 524 γυνὴ
1660 452 1794 522 έχει.

421 640 533 695 Καὶ
558 640 592 712 ἡ
616 639 660 711 β’
690 639 834 694 διάτ.
865 637 959 693 τοῦ
990 645 1039 693 α’
1069 638 1175 693 τίτ.
1204 637 1316 693 τῶν
1346 637 1578 709 Νεαρῶν
1609 656 1798 709 φησιν,
1821 640 1936 705 ὅτι,

346 733 587 800 Δούλου,
629 731 663 801 ἢ
708 731 1096 803 έναπογράφου
1144 730 1288 784 κατά
1336 732 1434 801 τὴν
1465 730 1733 796 διάστιξιν
1768 732 1941 803 αὐτῆς

352 824 681 894 μονάζοντος
703 863 718 888 ,
750 822 820 876 τὰ
848 822 1155 892 πράγματα
1188 821 1332 891 άπερ
1371 821 1454 884 εἰς
1481 820 1543 872 τὸ
1573 821 1939 891 μοναστήριον

347 917 548 986 ἣγαγε,
588 912 860 984 λαμϐάνει
909 914 938 966 ὁ
985 911 1286 982 δεσπότης’
1333 912 1398 965 οὑ
1445 911 1670 982 μένουσι
1717 912 1775 966 δὲ
1821 910 1939 983 ἅμα

353 1006 583 1079 μοναχοὶ
626 1006 722 1059 καὶ
768 1004 1126 1076 μονάστριαι,
1154 1003 1271 1057 ἀλλ’
1299 1005 1349 1057 οἱ
1378 1004 1572 1076 ἄνδρες
1606 1006 1686 1068 είς
1719 1003 1939 1075 ἑτέρους

351 1098 708 1169 μεθίστανται
734 1095 972 1161 τόπους,
1010 1093 1104 1147 καὶ
1146 1092 1482 1166 διαιροῦνται
1526 1094 1605 1155 είς
1630 1093 1830 1156 αὐτοὺς
1871 1092 1941 1148 τὰ

353 1188 658 1259 πράγματα
703 1185 840 1257 πρὸς
867 1185 928 1238 τὸ
964 1183 1206 1256 ἁρμόζον
1237 1184 1424 1248 αὐτοῖς
1450 1184 1681 1237 δίκαιονο
1711 1187 1738 1238 6
1763 1184 1820 1238 δὲ
1851 1183 1941 1254 βε·

350 1278 663 1350 ϐαρημένος
706 1276 931 1348 ληγάτῳ
976 1277 1009 1347 ἢ
1058 1274 1546 1342 άποκαταστάσει,
1579 1275 1683 1328 ὑπὸ
1726 1274 1940 1346 αἵρεσιν

347 1371 533 1441 γάμου
558 1369 590 1440 ἢ
620 1368 876 1432 ἀπαιδίας
899 1409 914 1434 ,
947 1367 981 1438 ἦ
1008 1366 1104 1422 ὲάν
1132 1364 1278 1422 οὕτω
1315 1366 1536 1438 δωρηθῇ
1564 1366 1596 1437 ἢ
1636 1366 1767 1441 ἔλθῃ
1797 1366 1936 1433 τινὶ,

352 1459 448 1515 καὶ
478 1461 706 1531 γένηται
744 1459 980 1530 μοναχὸς
1011 1459 1045 1530 ἢ
1088 1458 1386 1530 ἀσκήτρια,
1423 1458 1710 1513 σϐέννυται
1740 1461 1773 1529 ἠ
1806 1459 1941 1513 ἀπο-

352 1553 692 1615 κατάστασις
716 1567 730 1583 ·
774 1551 878 1607 κᾶν
934 1552 1043 1622 γὰρ
1072 1550 1181 1604 τῶν
1215 1550 1598 1623 μοναστηρίων
1623 1550 1936 1619 έξέλθωσιν,

2045 449 2173 503 dum
2220 450 2386 504 etiam
2432 448 2655 519 quando
2694 464 2874 520 neque
2918 450 3121 506 liberos
3170 468 3345 523 neque
3384 467 3639 525 parentes

2047 538 2252 594 mulier
2281 539 2465 594 habet.

2120 629 2337 685 Textus.
2371 631 2438 687 Et
2469 641 2645 687 const.
2680 632 2738 697 2,
2772 634 2856 687 tit.
2890 632 2914 687 l
2950 631 3300 688 Novellarum
3345 634 3457 689 ait:
3500 635 3637 691 Cum

2043 736 2235 777 servus
2259 730 2351 776 aut
2374 723 2709 793 ascriptitius
2736 724 3037 779 secundum
3064 724 3207 780 hanc
3230 725 3640 782 distinctionem

2044 814 2350 871 monachus
2405 814 2585 872 factus
2620 814 2808 884 fuerit,
2849 833 2938 873 res
2971 833 3111 888 quas
3142 819 3197 873 in
3244 822 3639 875 monasterium

2042 908 2308 973 attulerit,
2359 907 2504 977 capit
2548 908 2823 964 dominus.
2861 907 2981 965 Non
3018 911 3341 965 cohabitant
3385 911 3640 966 monachi

2042 997 2205 1051 simul
2251 1005 2305 1051 et
2353 998 2689 1052 monastriae.
2738 999 2957 1069 Alioqui
3010 1000 3066 1053 in
3111 1000 3217 1054 alia
3249 1000 3367 1055 loca
3404 999 3640 1055 transfe-

2043 1102 2240 1145 runtur
2270 1089 2407 1156 viri,
2438 1100 2492 1145 et
2520 1106 2607 1145 res
2644 1090 3011 1164 [communes]
3050 1092 3189 1147 inter
3237 1093 3385 1163 ipsos
3430 1108 3531 1163 pro
3573 1108 3640 1149 eo

2042 1191 2304 1251 quantum
2339 1182 2539 1252 cuique
2584 1184 2727 1253 juris
2777 1186 3038 1254 competit
3073 1184 3415 1240 dividuntur.
3455 1185 3511 1239 Si
3540 1185 3633 1255 qui

2041 1277 2145 1332 sub
2178 1277 2491 1332 conditione
2521 1278 2857 1333 matrimonii
2898 1286 2993 1332 aut
3020 1293 3130 1332 non
3156 1278 3633 1348 suscipiendorum

2041 1367 2367 1433 liberorum,
2407 1369 2587 1441 legato
2614 1369 2699 1423 vel
2730 1370 3081 1425 restitutione
3110 1380 3369 1441 gravatus
3402 1379 3504 1437 est,
3538 1378 3636 1425 aut

2044 1461 2091 1516 si
2124 1462 2214 1517 cui
2244 1462 2543 1533 quidquam
2599 1462 2703 1517 hac
2751 1462 3062 1517 conditione
3112 1462 3373 1517 donatqu
3415 1473 3519 1528 est,
3565 1462 3635 1516 ad

2042 1571 2276 1627 quemve
2308 1554 2661 1628 [quidquam]
2692 1554 3021 1624 pervenerit,
3052 1555 3359 1610 monachus
3388 1563 3482 1609 aut
3510 1569 3634 1609 mo-

349 1645 502 1714 ὅμως
530 1644 598 1697 τά
641 1643 869 1696 τοιαῦτα
902 1643 1209 1715 πράγματα
1243 1643 1385 1714 μετὰ
1414 1644 1524 1697 τῶν
1546 1644 1725 1699 ἄλλων
1759 1644 1934 1699 αὐτῶν

2042 1647 2255 1704 nastria
2301 1647 2416 1714 fiat,
2457 1647 2828 1717 exstinguitur
2871 1646 3167 1702 restitutio.
3231 1645 3367 1702 Nam
3419 1647 3635 1703 tametsi

348 1738 463 1800 τοῖς
492 1736 877 1807 μοναστηρίοις
915 1714 1167 1806 διαφέρει
1186 1754 1200 1768 ο
1239 1738 1289 1791 εί
1324 1737 1381 1791 δὲ
1406 1737 1500 1790 ἐπὶ
1527 1737 1826 1809 ἀναρρύσει
1853 1739 1934 1792 αἱ·

2043 1738 2393 1795 monasteriis
2447 1714 2822 1811 [postmodum
2876 1735 2975 1809 illi]
3010 1737 3397 1809 egrediantur,
3442 1738 3637 1794 istius—

347 1826 673 1898 χμαλώτων,
702 1827 737 1898 ἢ
770 1829 1054 1899 ἀποτροςρῇ
1082 1828 1340 1899 πτωχῶν,
1369 1830 1402 1899 ἠ
1429 1828 1655 1900 τοιαύτη
1695 1829 1939 1883 ὑπόστα-

349 1936 438 1983 σις
461 1918 709 1989 γένηται,
738 1917 798 1985 ἐξ
828 1918 1044 1982 οὐδενὸς
1077 1918 1521 1990 τῶνέίρημένων
1555 1920 1773 1990 τρόπων
1802 1919 1939 1974 ἀπο-

348 2012 612 2067 κλείεταυ
663 2011 759 2065 τοῦ
798 2010 1065 2075 εἰσιόντος
1105 2010 1187 2075 είς
1229 2012 1293 2064 τὸ
1342 2013 1731 2083 μοναστήριον,
1779 2012 1939 2084 εἴπερ

346 2104 451 2158 οὐκ
498 2102 615 2175 ἔχει
667 2103 864 2167 παῖδας
889 2143 904 2167 ,
953 2102 1025 2156 τά
1073 2103 1380 2175 πράγματα
1434 2103 1513 2174 τῷ
1588 2104 1940 2175 μοναστηρίῳ

348 2196 719 2267 διαφέρουσιν⁶
764 2196 814 2248 εἰ
862 2194 920 2248 δὲ
960 2193 1156 2258 παῖδας
1194 2193 1345 2265 ἔχει,
1394 2195 1488 2247 καὶ
1538 2195 1599 2247 ού
1634 2194 1938 2249 διετύπωσε

350 2288 481 2358 περὶ
529 2287 640 2340 τῶν
686 2284 854 2341 αὐτοῦ
909 2286 1255 2359 πραγμάτων
1292 2286 1424 2356 πρὶν
1471 2285 1723 2357 εἰσέλθῃ,
1752 2286 1939 2341 ἄδειαν

347 2380 464 2451 ἔχει
498 2380 591 2434 καὶ
635 2379 774 2451 μετά
818 2378 992 2433 ταῦτα
1023 2377 1319 2433 διατυποῦν
1346 2394 1361 2410 ο
1399 2378 1494 2431 καλ⁵
1522 2378 1582 2431 οὐ
1617 2377 1841 2432 δύναται
1878 2376 1939 2430 τὸ

347 2474 578 2545 νόμιμον
612 2473 778 2544 μέρος
800 2471 1011 2543 μειοῦν,
1046 2472 1141 2525 καὶ
1163 2471 1343 2543 ἑαυτῷ
1368 2470 1425 2524 δὲ
1456 2470 1718 2542 φυλάττει
1749 2471 1939 2537 παιδὸς

348 2565 469 2628 ένὺς
496 2564 809 2633 ἀναλογίαν,
842 2563 1167 2632 ὀφείλουσαν
1196 2562 1275 2633 τῷ
1314 2563 1665 2635 μοναστηρίῳ
1695 2581 1939 2636 προσκυ-

350 2656 628 2729 ρωθῆναι·
671 2658 719 2710 εί
754 2658 812 2712 δὲ
847 2658 1163 2729 τελευτήσει
1196 2659 1255 2712 ὲν
1292 2657 1369 2729 τῷ
1419 2658 1769 2729 μοναστηρίῳ
1805 2659 1937 2730 πρὶν

347 2750 553 2819 ποιήσῃ
598 2748 698 2820 τὴν
742 2748 1098 2814 διατύπωσιν,
1138 2748 1200 2801 τὸ
1237 2748 1335 2819 μὲν
1371 2748 1603 2820 νόμιμον
1648 2749 1700 2801 οί
1747 2749 1939 2813 παῖδες

344 2840 685 2911 λαμϐάνουσι
707 2880 723 2906 ,
752 2839 823 2893 τὰ
844 2839 902 2892 δὲ
924 2839 1091 2893 λοιπὰ
1120 2839 1180 2894 τὸ
1209 2840 1596 2910 μοναστήριονο
1625 2839 1802 2903 οὐδεὶς
1827 2838 1937 2894 τῶν

348 2935 678 3005 μνηστήρων
711 2932 985 3004 προφάσει
1012 2931 1119 2985 τῶν
1149 2931 1488 3003 ἀρραϐώνων
1518 2931 1811 3004 ζημιοῦται
1841 2948 1938 3004 μο-

350 3025 547 3090 νάξωνε
574 3026 717 3079 καὶὸ
750 3025 928 3096 γάμος
950 3024 1015 3078 ὲκ
1040 3024 1136 3078 τοῦ
1159 3024 1346 3079 λαϐεῖν
1366 3024 1464 3078 ἕνα
1492 3024 1601 3078 τῶν
1628 3024 1937 3080 συνοικούνο

345 3131 454 3168 των
483 3114 543 3167 τὸ
575 3114 869 3185 μοναχικὺν
906 3113 1129 3185 σχῆμα,
1164 3113 1349 3168 λύεται
1397 3114 1571 3185 χωρὶς
1607 3116 1932 3186 ρεπουδίου,

344 3206 442 3260 καὶ
490 3204 867 3277 ἀναλαμϐάνει
914 3207 948 3277 ή
1004 3208 1141 3277 γυνὴ
1186 3205 1286 3279 τὴν
1336 3209 1541 3279 προῖκα
1576 3208 1767 3263 καὶτὰ
1798 3209 1935 3263 ἄλλα

343 3298 518 3369 αὐτῆς
549 3300 870 3372 πράγματα’
899 3298 979 3370 τῷ
1009 3299 1066 3353 δὲ
1096 3299 1170 3369 μὴ
1201 3299 1501 3368 μονάσαντι
1535 3298 1597 3355 τὸ
1622 3301 1729 3355 ἀπὸ
1757 3300 1936 3355 τελευ-

343 3390 448 3459 τῆς
490 3391 851 3460 συμφωνηθὲν
882 3390 1073 3463 κέρδος
1115 3391 1349 3463 ἁρμόζει
1374 3405 1389 3422 ·
1437 3391 1487 3444 εί
1519 3391 1577 3446 δὲ
1606 3393 1722 3463 ἅμα
1752 3394 1802 3446 οἱ
1842 3392 1935 3447 δύο

344 3482 710 3547 ἀποτάξονται
733 3520 749 3546 ,
776 3481 949 3544 οὐδεὶς
977 3481 1155 3535 αὐτῶν
1183 3483 1246 3535 έκ
1275 3481 1369 3535 τοῦ
1397 3482 1587 3554 ἑτέρου
1618 3484 1931 3557 κερδαίνει,

342 3576 393 3628 εί
427 3574 505 3647 μὴ
535 3572 677 3628 έκὼν
704 3591 786 3639 τις
812 3573 890 3645 τῷ
911 3574 1085 3647 ἑτέρῳ
1108 3574 1435 3647 δωρήσεται.

430 3852 496 3905 Ἦ
522 3850 580 3905 δὲ
618 3850 749 3925 περὶ
780 3851 1170 3924 τοποτηρητῶν
1215 3852 1576 3925 διαλεγομένη
1609 3855 1714 3927 ρλδ¹
1761 3857 1934 3928 νεαρά

347 3961 536 4015 φησιν,
574 3944 692 4010 ὅτι,
740 3942 867 3996 Ἐὰν
918 3941 1056 4014 γυνὴ
1107 3943 1202 3996 ἐπὶ
1258 3944 1475 4016 μοιχείᾳ
1519 3947 1927 4019 καταδικασθῇ,

342 4036 464 4097 ταῖς
510 4032 916 4104 προσηκούσαις
964 4032 1206 4102 πληγαῖς
1258 4033 1715 4107 ὑποϐαλλομένη,
1767 4053 1933 4106 μονα-

344 4124 554 4197 στηρίῳ
581 4123 935 4194 ἐμϐάλλεται,
970 4126 1064 4177 καὶ
1088 4126 1274 4179 ἄδειαν
1298 4125 1413 4197 ἔχει
1443 4128 1471 4180 6
1496 4128 1635 4199 ἀνὴρ
1668 4128 1801 4182 εἴσω
1824 4130 1931 4182 διε-

343 4214 465 4277 τίας
503 4214 673 4284 αὐτὴν
722 4214 1037 4278 ἀναλαϐεῖν,
1090 4215 1167 4286 μὴ
1203 4216 1580 4288 βλαπτομένου
1615 4218 1708 4272 τοῦ
1748 4221 1929 4289 γάμου

340 4308 411 4359 ὲκ
435 4306 545 4359 τῶν
575 4308 632 4359 ἐν
660 4304 739 4375 τῷ
778 4305 957 4375 μέσῳ*
999 4307 1047 4359 εί
1077 4307 1134 4361 δὲ
1167 4307 1429 4376 παρέλθοι
1454 4312 1483 4362 6
1516 4310 1740 4380 χρόνος,
1772 4311 1805 4383 ἢ
1841 4328 1931 4365 τε-

2040 1830 2187 1885 modi
2235 1840 2418 1885 tamen
2474 1846 2563 1886 res
2596 1846 2722 1885 cum
2755 1830 3000 1901 ipsorum
3041 1829 3165 1884 aliis
3203 1828 3271 1883 ad
3304 1830 3635 1885 monasteria

2038 1924 2327 1993 pertinent.
2364 1922 2422 1977 Si
2465 1932 2645 1979 tamen
2676 1923 2746 1977 ad
2771 1922 3203 1993 redemptionem
3254 1923 3631 1991 captivorum,

2039 2023 2135 2069 aut
2176 2014 2570 2071 exhibitionem
2625 2030 2930 2085 pauperum
2982 2014 3295 2069 istiusmodi
3358 2014 3634 2068 restitutio

2039 2110 2295 2161 mandata
2329 2107 2423 2171 sit,
2453 2106 2603 2161 nullo
2645 2106 3030 2175 praedictorum
3065 2105 3352 2161 modorum
3380 2103 3632 2159 excludi-

2039 2205 2148 2253 tur.
2193 2198 2328 2268 Ejus
2372 2200 2513 2254 bona
2546 2199 2639 2269 qui
2675 2198 3071 2257 monasterium
3117 2198 3308 2263 intrat,
3341 2198 3389 2254 si
3429 2197 3632 2253 liberos

2038 2305 2149 2345 non
2180 2290 2359 2357 habet,
2384 2290 2449 2344 ad
2477 2291 2872 2345 monasterium
2904 2291 3197 2361 pertinent.
3230 2290 3337 2346 Sed
3365 2290 3411 2345 si
3443 2289 3628 2354 habet,

2039 2396 2141 2436 nec
2204 2382 2272 2436 de
2337 2382 2503 2437 rebus
2566 2382 2683 2437 suis
2744 2382 3067 2453 priusquam
3133 2383 3301 2438 intret
3366 2382 3628 2438 statuit:

2039 2471 2319 2527 statuendi
2346 2473 2699 2543 postmodum
2733 2472 3054 2529 facultatem
3090 2475 3272 2529 habet.
3301 2472 3418 2530 Non
3454 2484 3634 2545 potest

2038 2571 2220 2617 autem
2258 2562 2509 2617 minuere
2538 2561 2860 2633 legitimam.
2890 2560 3008 2616 Sibi
3035 2576 3168 2617 vero
3204 2562 3368 2617 unius
3392 2561 3631 2616 filiorum

2040 2655 2347 2725 portionem
2380 2664 2585 2719 servat,
2622 2668 2744 2724 quae
2774 2651 3111 2708 monasterio
3140 2650 3405 2723 applicari
3447 2649 3629 2706 debet.

2038 2747 2195 2814 Quod
2225 2748 2271 2803 si
2309 2746 2631 2817 priusquam
2670 2744 3089 2815 dispositionem
3126 2743 3312 2809 faciat,
3343 2744 3397 2798 in
3435 2757 3632 2797 mona-

2039 2839 2209 2895 sterio
2246 2837 2516 2903 decedat,
2554 2837 2849 2908 legitimam
2883 2836 3037 2890 liberi
3072 2835 3312 2906 capiunt,
3343 2834 3630 2890 residuum

2039 2947 2168 2988 vero
2196 2931 2615 2987 monasterium.
2633 2927 2829 2985 Nullus
2851 2945 3089 2999 sponsus
3118 2927 3405 2984 occasione
3434 2928 3631 2984 arrha-

2039 3036 2163 3076 rum
2185 3020 2535 3091 dispendium
2558 3018 2707 3085 facit,
2735 3018 2780 3073 si
2806 3019 2972 3072 vitam
2992 3017 3351 3074 monasticam
3375 3016 3629 3087 suscipit.

1984 3113 2009 3136 ί
2043 3112 2258 3186 [Porro]
2284 3114 2699 3168 matrimonium
2724 3111 2911 3176 etiam,
2941 3125 3065 3165 cum
3104 3109 3240 3164 alter
3280 3106 3627 3181 [conjugum]

2041 3205 2419 3259 monachalem
2463 3204 2711 3259 habitum
2765 3202 2954 3269 sumit,
3006 3201 3143 3255 citra
3175 3200 3464 3269 repudium
3495 3198 3634 3254 diri-

2041 3298 2211 3354 mitur
2258 3317 2271 3354 :
2314 3308 2369 3355 et
2412 3299 2610 3355 mulier
2668 3298 2851 3354 dotem
2910 3298 3158 3367 aliasque
3218 3312 3349 3351 suas
3390 3310 3477 3351 res
3541 3309 3632 3350 re-

2039 3390 2191 3461 cipit.
2224 3388 2424 3445 Vcrum
2480 3389 2573 3462 qui
2635 3390 2691 3444 in
2738 3388 3136 3444 monasterium
3184 3402 3293 3442 non
3335 3385 3627 3452 concedit,

2038 3484 2089 3539 ei
2118 3483 2330 3539 lucrum
2378 3481 2524 3552 quod
2572 3482 2628 3537 in
2670 3489 2901 3537 mortem
2956 3490 3177 3551 pactum
3218 3488 3305 3534 est
3346 3478 3626 3548 competit.

2038 3575 2205 3630 Plane
2252 3575 2299 3630 si
2350 3576 2512 3630 ambo
2557 3572 2869 3648 [mundum]
2922 3572 3090 3645 358
3127 3572 3309 3627 valere
3333 3571 3624 3641 jusserint,

2039 3678 2234 3724 neuter
2278 3669 2349 3724 ab
2394 3669 2574 3724 altero
2625 3665 2973 3741 [quidquam]
3027 3666 3164 3721 lucri
3204 3665 3389 3731 sentit,
3441 3663 3548 3720 nisi
3578 3664 3628 3719 si

2038 3770 2234 3831 sponte
2269 3763 2404 3816 alter
2434 3761 2589 3817 alteri
2619 3759 2871 3833 [aliquid]
2908 3761 3094 3815 donet.

2112 3850 2326 3906 Textus.
2356 3851 2489 3918 Quae
2511 3851 2579 3906 de
2621 3852 2841 3907 vicariis
2872 3852 3092 3908 disserit
3122 3849 3342 3907 constit.
3372 3848 3475 3905 154
3499 3849 3575 3906 ait
3606 3865 3625 3905 :

2038 3940 2097 3998 Si
2130 3943 2327 4000 mulier
2359 3942 2612 3997 adulterii
2656 3943 3019 3998 condemnata
3063 3941 3154 4004 sit,
3186 3942 3626 4011 competentibus

2035 4035 2254 4089 subdita
2286 4035 2465 4104 poenis
2501 4036 2555 4089 in
2589 4035 2985 4090 monasterium
3018 4032 3328 4103 conjicitur.
3367 4032 3628 4087 Potesta-

2038 4139 2145 4185 tem
2177 4140 2359 4185 autem
2389 4130 2621 4186 maritus
2657 4131 2842 4195 habet,
2880 4138 2939 4183 ιιι
2973 4129 3119 4183 illam
3157 4129 3297 4183 intra
3343 4128 3620 4183 biennium

2036 4219 2303 4288 recipiat:
2349 4235 2529 4290 neque
2571 4235 2669 4291 per
2701 4235 2765 4275 ea
2793 4234 2915 4289 qua:
2958 4218 3136 4272 medio
3168 4227 3413 4287 tempore
3454 4216 3621 4290 [facta

2035 4309 2209 4383 sunt,]
2264 4311 2674 4368 matrimonium
2719 4311 2951 4365 luditur.
3003 4308 3109 4363 Sed
3152 4310 3197 4363 si
3251 4307 3352 4380 [id]
3405 4318 3620 4377 tempus

340 4395 595 4467 λευτήσει
638 4394 714 4467 μὴ
756 4395 1046 4450 ἀναλαϐὼν
1089 4397 1283 4470 αὐτὴν,
1317 4398 1379 4453 τὸ
1415 4400 1600 4471 σχῆμα
1635 4401 1925 4472 λαμϐάνει·

2036 4409 2341 4470 prtetereat,
2374 4408 2471 4454 aut
2507 4416 2614 4455 non
2645 4408 2861 4469 recepta
2895 4399 2983 4454 illa
3028 4396 3302 4470 [maritus]
3349 4399 3578 4453 decedat
3600 4441 3617 4466 ,

342 4492 437 4546 καὶ
463 4492 510 4544 εί
538 4490 638 4561 μὲν
663 4489 778 4561 ἔχει
812 4490 1031 4558 παῖδας,
1061 4491 1401 4564 λαμϐάνουσι
1423 4494 1522 4556 τὰς
1544 4495 1689 4548 ὀκτὼ
1714 4497 1928 4565 ὀγγίας,

341 4582 439 4635 καὶ
464 4580 527 4633 τὸ
550 4581 913 4651 μοναστήριον
936 4582 1034 4646 τὰς
1061 4580 1100 4635 δ’
1109 4598 1122 4612 ’
1149 4585 1196 4636 εί
1225 4584 1283 4637 δὲ
1318 4585 1511 4655 μόνους
1535 4585 1787 4652 ἀνιόντας
1817 4587 1931 4659 ἔχει

345 4672 423 4744 μὴ
450 4672 897 4744 συνεργήσαντας
946 4674 1024 4745 τῷ
1060 4677 1375 4747 άτοπήματι
1398 4719 1415 4746 ,
1448 4680 1787 4749 λαμϐάνουσι
1830 4683 1931 4747 τὰς

337 4759 382 4813 δ’
412 4760 607 4829 ὀγγίας
630 4800 645 4823 ,
683 4763 778 4815 καὶ
810 4762 872 4815 τὸ
909 4766 1271 4836 μοναστήριον
1308 4767 1407 4832 τάς
1442 4772 1514 4839 η’⁸
1546 4770 1595 4822 εί
1634 4769 1689 4823 δὲ
1723 4772 1930 4842 συνήρ-

340 4867 519 4919 γησαν
549 4850 582 4922 ἢ
618 4850 695 4923 μὴ
720 4853 777 4905 δὲ
803 4853 941 4918 ὅλως
973 4856 1110 4909 είσὶν
1132 4857 1373 4922 ἀνιόντες
1397 4860 1429 4930 ἢ
1463 4861 1766 4929 κατιόντες,
1799 4863 1932 4933 λαμ·

338 4941 496 4995 ϐάνει
526 4941 704 4996 πάντα
736 4942 799 4997 τὸ
826 4948 1213 5020 μοναστήριον,
1254 4951 1362 5003 τῶν
1393 4952 1452 5004 ἐν
1485 4956 1598 5016 τοῖς
1635 4954 1930 5024 προικώοις

341 5033 654 5105 συμφώνων
693 5035 787 5089 ἐπὶ
833 5038 1052 5093 πάντων
1097 5041 1205 5097 τῶν
1237 5041 1492 5114 θεμάτων
1531 5045 1611 5116 τῷ
1644 5046 1800 5117 ἀνδρὶ
1827 5066 1930 5118 φυ-

340 5126 712 5198 λαττομένων·
753 5128 849 5181 ἐὰν
881 5128 940 5182 δέ
977 5148 1061 5194 τις
1093 5132 1188 5186 ἐπὶ
1234 5134 1457 5208 μοιχείᾳ
1490 5138 1927 5210 κατηγορηθεὶς,

340 5220 436 5274 καὶ
474 5222 617 5275 κατὰ
663 5220 956 5291 προδοσίαν
991 5223 1086 5276 τοῦ
1116 5225 1374 5282 δικαστοῦ
1398 5270 1413 5295 ,
1442 5229 1477 5300 ἢ
1516 5230 1711 5302 ἑτέραν
1749 5232 1930 5285 αἰτίαν

338 5313 616 5382 ἀποφύγοι
649 5312 751 5376 τὰς
780 5314 994 5378 ποινάς,
1031 5316 1127 5369 καὶ
1154 5318 1295 5389 μετά
1322 5319 1499 5377 ταῦτα
1522 5322 1729 5388 ζῶντος
1763 5324 1796 5395 ἢ
1840 5342 1931 5379 τε·

337 5402 702 5473 λευτήσαντος
748 5403 844 5455 τοῦ
890 5404 1081 5476 ἀνδρὸς
1115 5409 1309 5480 αὐτῆς,
1341 5412 1582 5484 αἰσχρῶς
1611 5416 1747 5487 αὐτῇ
1793 5433 1920 5470 συν-

338 5494 827 5565 αναστρέφηταινῆ
862 5496 997 5567 πρὸς
1028 5499 1206 5570 γάμον
1232 5504 1404 5575 αὐτὴν
1432 5505 1594 5581 λάϐῃ,
1623 5507 1748 5563 οιτε
1770 5513 1798 5564 ὁ
1827 5510 1929 5579 γά-

342 5605 442 5659 μος
472 5588 731 5659 ἔρρωται,
766 5587 884 5641 ἀλλ’
914 5591 942 5642 6
972 5592 1073 5660 μὲν
1097 5595 1237 5668 ἀνὴρ
1261 5596 1336 5661 ὡς
1373 5600 1560 5672 μοιχὸς
1594 5603 1699 5656 ὑπὸ
1728 5604 1928 5667 παντὸς

339 5683 601 5754 ἄρχοντος
634 5681 947 5749 κολάζεται,
984 5687 1014 5755 η
1047 5685 1103 5739 δὲ
1151 5692 1290 5761 γυνὴ
1332 5695 1773 5769 σωφρονιζομένη
1821 5702 1923 5770 ἐμ-

661 5777 937 5840 ΡΑΤιιοι..
981 5780 1097 5839 Gtt.
1144 5784 1215 5843 Cl
1230 5786 1302 5847 Υ.

2034 4495 2270 4550 assumit
2300 4494 2587 4550 habitum:
2628 4506 2683 4549 et
2716 4496 2761 4549 si
2802 4492 3021 4563 quidem
3050 4492 3251 4547 liberos
3280 4491 3462 4555 habet,
3496 4502 3623 4547 octo

2033 4584 2156 4658 [illi]
2194 4586 2385 4642 uncias
2423 4586 2669 4657 capiunt,
2712 4584 3109 4640 monasterium
3146 4598 3329 4638 autem
3359 4593 3619 4653 quatuor,

2030 4681 2113 4735 sin
2150 4679 2505 4735 ascendentes
2537 4680 2821 4743 duntaxat,
2856 4678 2946 4747 qui
2978 4678 3044 4732 ad
3079 4678 3239 4732 istam
3268 4677 3621 4734 insolentiam

2031 4786 2191 4841 opem
2243 4785 2352 4825 non
2401 4770 2645 4837 tulerint,
2681 4771 2903 4840 capiunt
2946 4768 3071 4843 [illi]
3118 4770 3309 4826 uncias
3357 4779 3619 4839 quatuor,

2032 4860 2429 4917 monasterium
2456 4871 2639 4917 autem
2669 4869 2814 4916 octo.
2850 4860 2957 4914 Sed
2984 4860 3027 4914 si
3058 4874 3217 4930 opem
3253 4860 3495 4925 tulerint,
3526 4868 3622 4916 aut

2030 4953 2254 5009 omnino
2280 4953 2412 5008 nulli
2445 4967 2622 5023 neque
2641 4950 2997 5007 ascendentes
3026 4966 3205 5021 neque
3228 4951 3621 5008 descendentes

2032 5045 2279 5111 fuerint,
2331 5044 2729 5099 monasterium
2781 5042 2966 5098 omnia
3034 5043 3286 5114 percipit.
3351 5042 3618 5115 [Interim

2032 5138 2238 5213 tamen]
2257 5154 2377 5209 quae
2397 5139 2451 5193 in
2468 5137 2806 5210 nuptialibus
2830 5138 3176 5207 pactionibus
3197 5134 3632 5209 [comprehensa

2031 5230 2217 5304 sunt.]
2284 5231 2339 5286 in
2395 5231 2656 5286 omnibus
2701 5230 2924 5285 casibus
2976 5231 3173 5284 marito
3227 5231 3613 5286 servabuntur.

2030 5324 2185 5391 Quod
2210 5325 2255 5379 si
2281 5323 2405 5396 quis
2429 5323 2497 5379 de
2519 5323 2793 5379 adulterio
2816 5331 3111 5379 accusatus
3136 5338 3232 5393 per
3251 5321 3613 5394 proditionem

2026 5418 2229 5489 judicis
2257 5419 2341 5473 vel
2379 5418 2543 5473 aliam
2576 5433 2797 5474 causam
2828 5433 3019 5489 pmnas
3049 5418 3322 5487 effugerit,
3364 5425 3417 5470 et
3461 5425 3622 5486 post-'

2031 5518 2251 5570 modum
2280 5510 2411 5584 [vel]
2438 5513 2563 5567 vivo
2592 5511 2676 5566 vel
2706 5522 2924 5568 mortuo
2946 5511 3205 5567 adulterae
3234 5512 3455 5576 marito,
3487 5524 3613 5564 cum

2028 5609 2121 5664 illa
2188 5605 2417 5675 turpiter
2484 5611 2866 5670 conversetur,
2927 5614 3023 5659 aut
3075 5603 3129 5659 itt
3199 5602 3611 5657 matrimonium

2031 5700 2204 5771 ipsa-at
2248 5697 2627 5768 assumpserit,
2664 5696 3076 5755 matrimonium
3128 5696 3333 5750 nullius
3368 5704 3451 5750 est
3488 5707 3611 5749 mo-

3174 5786 3255 5844 27
