4156 6434
608 255 714 319 843

1737 259 1999 319 PIIOTII
2042 261 2546 327 PATRIABCH/E
2597 266 2706 328 CP.

3743 278 3831 341 844

606 369 777 426 menti
816 386 828 424 :
874 378 1039 441 atque
1086 370 1137 425 vi
1189 370 1407 440 quidem
1477 387 1507 426 a
1555 372 1879 443 magistratu
1930 375 2179 443 punitur,

2292 380 2544 434 ϐάλλεται
2573 380 2921 453 μοναστηρίῳ
2954 380 3074 434 ὅλον
3110 381 3201 437 τὸν
3230 382 3420 455 χρόνον
3452 385 3549 456 τῆς
3576 385 3711 458 ζωῆς
3748 392 3832 444 αὖ.

607 464 801 519 mulier
827 479 957 519 vero
983 466 1245 536 castigata
1284 473 1337 517 cl.
1370 473 1522 519 tonsa
1552 464 1604 518 in
1636 479 1797 519 omne
1823 465 1944 519 vita:
1971 477 2183 536 tempus

608 556 659 609 iu
690 558 1083 610 monasterium
1124 557 1437 625 conjicitur.
1487 554 1830 627 [Utriusque]
1878 572 2057 612 autem
2098 574 2185 614 res

607 645 849 716 periculo
904 648 1220 715 (quomodo
1269 646 1472 700 dictum
1524 646 1646 715 est)
1685 647 1901 702 comitis
1951 646 2185 723 [rerum]

608 738 942 809 privatarum
977 749 1138 808 atque
1172 738 1418 805 praesidis
1447 738 1549 793 loci
1580 738 1917 797 dividuntur.

677 830 842 901 359
894 830 1048 886 CAP.
1105 831 1174 887 ll.
1217 863 1281 873 —
1314 830 1390 885 De
1418 832 1688 885 monachis
1732 834 1823 903 qui
1877 850 1942 888 ea:
1999 836 2189 891 alienis

2288 472 2407 541 τῆς⁸
2444 472 2536 525 καὶ
2582 472 2652 525 τὰ
2682 472 2984 543 πράγματα
3011 473 3087 536 ὡς
3127 474 3343 544 εἴρηται
3370 476 3695 547 διαιροῦνται
3726 497 3833 534 κιν-

2289 564 2430 634 δύνῳ
2455 565 2548 617 τοῦ
2566 566 2807 636 κόμητος
2828 565 2939 621 τῶν
2969 564 3271 638 πριδάτων,
3294 568 3387 620 καὶ
3410 567 3518 622 τῶν
3539 570 3674 625 κατά
3690 571 3840 626 τόπον

2289 656 2586 727 ἀρχόντων.

2360 843 2610 899 ΚΕΦΑΛ.
2650 843 2727 900 B’.
2759 872 2831 887 -
2863 845 3003 914 Περί
3048 845 3170 900 τῶν
3205 844 3277 910 ἐξ
3303 843 3517 914 ἐτέρων
3559 860 3845 915 μοναστηο

608 923 937 976 monasteriis
967 931 1311 976 assumuntur
1346 922 1416 975 ad
1454 922 1773 977 clericatum
1809 925 1890 978 vel
1917 926 1988 979 ad
2014 927 2179 995 digni-

2282 932 2432 1001 ρίων
2459 934 2788 1005 γινομένων
2822 936 3177 1007 ἡγουμένων
3200 937 3239 1008 ἢ
3264 937 3579 1007 κληρικῶν.

611 1024 769 1069 tatem
808 1014 1102 1083 hegumeni.

885 1101 1111 1157 Concilii
1142 1102 1575 1171 Carthaginensis
1615 1120 1789 1158 canon
1815 1103 1902 1161 80.

678 1191 745 1245 Ut
783 1192 846 1247 de
870 1192 1042 1245 alieno
1067 1196 1384 1248 monasterio
1432 1205 1703 1265 susceptos
1751 1213 1843 1251 nec
1881 1197 2188 1268 praepositos

608 1288 910 1341 monasterii
980 1304 1071 1342 nec
1114 1287 1330 1343 clericos
1361 1288 1515 1343 liceat
1548 1291 1825 1347 ordinare.
1960 1288 1961 1293 “

685 1472 774 1528 80.
820 1472 949 1529 ltem
988 1472 1194 1543 placuit
1218 1474 1266 1506 ⁸³
1313 1482 1397 1539 ut,
1435 1473 1479 1528 si
1529 1475 1652 1544 quis
1694 1476 1761 1530 de
1806 1476 2029 1534 alterius
2072 1495 2188 1535 mo-

620 1565 864 1621 nasterio
912 1575 1227 1635 susceptum
1273 1566 1355 1620 vel
1397 1566 1463 1618 ad
1506 1566 1819 1621 clericatum
1868 1584 2188 1638 promovere

618 1658 871 1726 voluerit,
900 1659 985 1713 vel
1016 1659 1068 1712 in
1097 1674 1194 1713 suo
1219 1658 1549 1713 monasterio
1576 1659 1838 1729 majorem
1868 1664 2183 1717 monasterii

2552 1118 2824 1172 Συνόδου
2848 1120 3271 1188 Καρθαγέννης
3303 1118 3505 1175 κανὼν
3533 1128 3606 1175 π’.

2362 1206 2544 1261 Ὥστε
2579 1209 2719 1275 τοὺς
2748 1210 2864 1263 ἀπὸ
2904 1211 3229 1277 ἀλλοτρίου
3262 1213 3669 1281 μοναστηρίου
3708 1215 3850 1267 ὐποο

2290 1298 2643 1368 δεχθέντας,
2688 1302 2843 1371 μηδὲ
2882 1302 3258 1372 ἡγουμένους
3306 1305 3412 1358 τοῦ
3451 1308 3845 1375 μοναστηριόυ

2284 1393 2439 1462 μηδὲ
2473 1394 2811 1462 κληρικοὺς,
2844 1394 3069 1458 ἐξεῖναι
3096 1396 3483 1465 χειροτονεῖν.

2358 1481 2434 1539 π’.
2483 1483 2714 1554 Ὁμοίως
2760 1486 2979 1557 ἤρεσεν,
3027 1486 3115 1539 ἵνα
3160 1488 3256 1541 ὲάν
3303 1506 3389 1551 τις
3426 1488 3534 1541 ἀπὸ
3580 1488 3847 1559 ἀλλοτρίου

2292 1576 2654 1645 μοναστηρίου
2701 1576 3025 1647 ὑποδέξηταί
3068 1596 3225 1641 τινα,
3277 1581 3368 1632 καὶ
3412 1579 3547 1650 πρὸς
3590 1581 3847 1652 κλήρωσιν

2292 1667 2629 1734 προαγαγεῖν
2661 1667 2929 1738 ὲθελήσοι,
2959 1667 2992 1739 ἢ
3023 1669 3117 1721 τοῦ
3148 1670 3277 1722 ἰδίου
3312 1673 3674 1741 μοναστηρίου
3702 1671 3849 1739 ἡγού-

605 1750 975 1813 constituerit,
1015 1750 1304 1819 episcopus
1349 1750 1440 1819 qui
1496 1751 1599 1805 hoc
1661 1750 1885 1816 fecerit,
1942 1768 1972 1807 a
2022 1764 2179 1808 caete-

2291 1774 2453 1825 μενον
2498 1761 2855 1829 καταστήσοι,
2889 1762 2917 1813 ὁ
2955 1761 3111 1813 τοῦτο
3159 1762 3329 1814 ποιῶν
3369 1762 3698 1826 ἐπίσκοπος,
3748 1764 3848 1814 ἀπὸ

608 1858 795 1899 rorum
830 1845 1220 1899 communione
1259 1843 1574 1912 sejunctus,
1618 1858 1730 1898 sua:
1763 1852 1973 1898 tantum
2007 1847 2182 1914 plebis

608 1936 994 1991 communione
1025 1945 1316 1991 contentus
1353 1936 1446 2000 sit,
1487 1946 1544 1991 et
1588 1935 1680 1992 ille
1720 1952 1899 2007 neque
1924 1937 2182 2004 clericus,

610 2044 785 2099 neque
813 2029 1138 2099 prmpositus
1164 2037 1494 2098 perseveret.

976 2120 1196 2175 Concilii
1228 2119 1439 2174 Νίσιεηὶ
1473 2136 1509 2175 ll
1544 2137 1714 2176 canon
1744 2120 1833 2176 2i.

678 2212 833 2279 Quod
861 2230 963 2267 non
998 2222 1199 2282 oportet
1236 2214 1542 2280 monac/tos,
1582 2215 1811 2283 propriis
1846 2215 2043 2269 relictis
2077 2231 2189 2268 mo-

608 2306 879 2374 nasteriis,
908 2307 961 2359 in
990 2306 1097 2359 alia
1130 2307 1377 2359 transire.

675 2399 765 2453 21.
801 2397 921 2453 Non
953 2408 1168 2468 oportet
1212 2398 1540 2453 monachum
1575 2399 1655 2453 vel
1687 2400 2009 2453 monacham
2058 2414 2185 2469 pro-

607 2491 786 2559 prium
819 2491 1126 2560 relinquere
1169 2492 1585 2555 monasterium,
1618 2499 1670 2545 et
1699 2490 1765 2544 ad
1796 2492 1942 2545 aliud
1973 2506 2031 2545 sc
2056 2506 2186 2545 con-

610 2585 771 2636 ferre.
806 2582 863 2636 Si
896 2585 998 2637 hoc
1022 2592 1201 2636 autem
1246 2584 1567 2653 contigerit,
1613 2584 1790 2653 ipsqu
1828 2594 1883 2636 ut
1917 2584 2181 2653 hospitem

605 2674 777 2744 accipi
808 2684 892 2730 est
921 2676 1291 2731 necessarium
1320 2694 1333 2729 :
1362 2679 1455 2730 sed
1484 2690 1606 2730 eum
1641 2676 1811 2745 recipi
1846 2677 1965 2730 sine
2003 2686 2185 2731 mente

608 2767 923 2821 monasterii
959 2768 1077 2837 ejus
1113 2766 1372 2837 prtefecti,
1417 2782 1523 2821 non
1560 2768 1834 2822 convenit.

680 2857 831 2913 CAP.
876 2856 961 2911 Ill.
986 2888 1056 2903 -
1096 2858 1166 2912 De
1195 2862 1357 2912 servis
1404 2860 1492 2928 qtti
1528 2860 1771 2913 monac/ti
1796 2860 1955 2929 ﬁunt,
1988 2856 2068 2912 vel
2101 2874 2185 2912 re-

609 2949 818 3019 ligionis
842 2959 1101 3020 praetextu
1137 2950 1461 3019 famulatum
1492 2949 1827 3003 dominorum
1874 2949 2179 3019 defugiunt.

962 3134 1189 3193 Concilii
1216 3134 1539 3202 Gangrensis
1575 3150 1743 3187 canopi
1778 3133 1831 3187 5.

678 3231 734 3285 ὅ.
773 3229 832 3284 Si
886 3230 1010 3299 quis
1071 3228 1228 3281 docet
1275 3242 1492 3280 servum
1531 3226 1745 3294 pietatis
1794 3234 2059 3295 praetextu
2093 3225 2187 3278 do-

612 3323 820 3376 minum
849 3330 1222 3384 contemnere,
1255 3326 1309 3372 et
1362 3334 1390 3369 a
1452 3317 1754 3372 ministerio
1805 3319 2074 3380 recedere,
2134 3326 2188 3371 et

610 3427 717 3466 non
749 3426 872 3467 cum
920 3410 1085 3481 360
1120 3408 1497 3463 nctncvolentia
1566 3418 1619 3463 et
1668 3410 1817 3463 omni
1858 3408 2065 3463 honore
2092 3410 2187 3463 do-

609 3505 759 3559 mino
784 3518 885 3559 suo
912 3502 1196 3561 inservire,
1223 3501 1295 3555 sit
1333 3501 1642 3553 anathema.

905 3593 1134 3649 Concilii
1171 3592 1612 3649 Chalcedonensis
1644 3607 1815 3645 canon
1846 3594 1900 3647 4.

679 3687 734 3743 4.
773 3686 877 3754 Qui
915 3702 1038 3740 vere
1064 3695 1117 3741 et
1137 3685 1371 3748 sincere,
1410 3694 1540 3748 clc.,
1575 3694 1632 3736 ut
1662 3700 1783 3753 pag.
1813 3684 1936 3737 734.

840 3776 1065 3831 Concilii
1096 3775 1401 3829 a'cumenici
1442 3790 1491 3829 v1
1527 3791 1751 3828 canones
1775 3774 1863 3839 4'5,
1891 3773 1980 3828 8'3.

677 3868 768 3923 45.
803 3867 956 3921 Licet
998 3866 1149 3921 omni
1176 3864 1494 3919 Cnristiano
1542 3866 1709 3919 vitam
1746 3864 2181 3919 exercitatricem

606 3960 839 4030 eligere,
893 3968 946 4013 et
974 3973 1156 4012 rerum
1201 3957 1266 4011 ad
1300 3958 1467 4011 vitam
1516 3956 1907 4027 pertinentium
1940 3955 2181 4025 deposita

608 4061 950 4123 tempestate,
970 4048 1361 4103 monasterium
1392 4047 1621 4118 ingredi,
1642 4047 1896 4101 cthabitu
1928 4047 2181 4101 monachi

609 4144 843 4210 tonderi,
902 4144 953 4196 iu
1007 4156 1334 4211 quacunque
1390 4139 1741 4209 prolapsione
1804 4140 2180 4208 deprehensus

608 4237 791 4292 fuerit.
830 4234 1083 4289 Salvator
1108 4235 1253 4289 enim
1288 4243 1474 4288 noster
1501 4231 1642 4286 Deus
1671 4231 1847 4299 inquit
1878 4249 1890 4284 :
1919 4230 2058 4283 Eum
2090 4232 2179 4300 qui

603 4331 739 4384 venit
776 4329 842 4381 ad
883 4344 962 4381 me
1010 4343 1112 4380 non
1177 4326 1384 4395 ejiciam
1455 4324 1597 4393 foras
1621 4322 1689 4377 ⁸³.
1732 4322 2009 4391 Tanquam
2051 4337 2179 4390 ergo

2284 1848 2383 1918 τῆς
2406 1848 2515 1901 τῶν
2544 1850 2746 1905 λοιπῶν
2776 1852 3055 1915 κοινωνίας
3087 1852 3474 1925 χωριζόμενος,
3506 1857 3571 1925 τῇ
3602 1853 3693 1907 τοῦ
3724 1855 3847 1907 ἰδίου

2284 1942 2414 1995 λαοῦ
2446 1942 2702 2015 κοινωνία
2732 1944 2975 2016 ἀρκεσθῇ
3007 1946 3143 2016 μόνῃ
3176 1962 3190 1979 ο
3232 1947 3440 2009 ἐκεῖνος
3469 1947 3524 2000 δὲ
3563 1946 3694 2018 μηδὲ
3727 1948 3848 2017 κλη-

2290 2034 2441 2101 ρικὸς
2478 2035 2612 2105 μηδὲ
2644 2035 2949 2106 ἡγούμενος
2980 2037 3258 2106 ὲπιμείνῃ.

2518 2126 2788 2181 Συνόδου
2826 2128 3069 2193 Νικαίας
3101 2127 3165 2181 τὸ
3195 2127 3259 2198 β’,
3292 2130 3497 2184 κανὼν
3524 2138 3628 2187 κα’.

2358 2217 2477 2270 Ὅτι
2507 2220 2578 2272 οὐ
2612 2217 2707 2270 δεῖ
2736 2218 2877 2285 τοὺς
2912 2220 3222 2289 μοναχοὺς
3264 2222 3737 2291 καταλιμπάνειν
3786 2227 3849 2276 τὰ

2285 2306 2471 2360 οἰκεῖα
2489 2309 2866 2377 μοναστνήρια
2897 2311 2989 2364 καὶ
3020 2310 3245 2380 ἑτέροις
3270 2314 3668 2381 μεταϐαίνειν.

2359 2403 2464 2450 κα’.
2500 2398 2591 2468 Μὴ
2614 2398 2723 2450 δεῖν
2748 2398 3035 2469 μοναχὸνῆ
3066 2400 3395 2470 μονάστριαν
3428 2400 3848 2469 καταλιμπάνειν

2285 2487 2384 2557 τὴν
2431 2488 2639 2541 οἰκείαν
2686 2489 2852 2558 μονὴν
2896 2490 2992 2542 καὶ
3022 2491 3080 2541 ὲν
3125 2490 3289 2562 ἑτέρᾳ
3335 2476 3692 2561 ἀπέρχεσθαι’
3724 2493 3768 2543 εἰ
3797 2491 3847 2541 δὲ

2287 2578 2468 2647 συμϐῇ
2510 2579 2695 2640 τοῦτο,
2732 2579 3123 2649 ξενοδοχεῖσθαι
3154 2582 3318 2634 αὑτὸν
3346 2583 3661 2649 ἀναγκαῖον·
3697 2600 3850 2651 προσ-

2284 2668 2651 2739 λαμϐάνεσθαι
2689 2670 2745 2722 δὲ
2772 2669 2900 2723 ἄνευ
2952 2670 3177 2741 γνώμης
3202 2670 3297 2724 τοῦ
3326 2672 3630 2743 ἡγουμένου
3657 2672 3812 2725 αὑτοῦ
3833 2713 3848 2738 ,

2284 2763 2345 2815 οὐ
2376 2766 2660 2833 προσήκει.

2354 2856 2603 2909 ΚΕΦΑΛ.
2638 2854 2709 2909 Γ’.
2731 2886 2798 2895 -
2826 2857 2962 2924 Περί
2986 2855 3223 2911 δούλων
3244 2854 3643 2926 μοναζόντων,
3666 2857 3703 2925 ἢ
3725 2871 3852 2922 προ-

2284 2945 2465 3015 φάσει
2508 2949 2825 3014 εὐλαϐείας
2868 2951 3427 3019 καταφρονούντων,
3468 2950 3569 3004 καί
3602 2950 3686 3020 μὴ
3727 2949 3850 3002 δου-

2215 3070 2261 3132 c
2288 3039 2593 3095 λευόντων
2618 3040 2744 3105 τοῖς
2777 3041 3120 3109 δεσπόταις.

2626 3134 2895 3188 Συνόδου
2924 3136 3210 3205 Γαγγρῶν
3234 3136 3436 3190 κανὼν
3468 3142 3541 3204 γ’.

2358 3230 2427 3293 γ’.
2450 3224 2614 3285 Εῐτις
2640 3224 2843 3290 δοῦλον,
2875 3226 3145 3297 προφάσει
3172 3225 3503 3289 θεοσεϐείας,
3524 3226 3850 3280 διδάσκοικαο

2286 3319 2572 3385 ταφρονεῖν
2600 3316 2880 3379 δεσπότου,
2918 3321 3012 3370 καὶ
3051 3319 3353 3389 ἀναχωρεῖν
3385 3319 3483 3388 τῆς
3516 3319 3843 3389 ὑπηρεσίας,

2288 3409 2382 3461 καὶ
2415 3408 2489 3479 μὴ
2526 3408 2643 3477 μετ’
2670 3409 2883 3470 εὐνοίας
2917 3410 3011 3462 καὶ
3045 3409 3223 3479 πάσης
3268 3407 3436 3481 τιμῆς
3478 3410 3559 3482 τῷ
3586 3409 3743 3463 αὐτοῦ
3772 3410 3847 3460 δε-

2290 3499 2462 3570 σπότῃ
2489 3498 2964 3569 ὲξυπηρετεῖσθαι,
2998 3501 3246 3571 ἀνάθεμα
3274 3500 3437 3555 ἔστω.

2566 3590 2835 3645 Συνόδου
2864 3592 3241 3659 Χαλκηδόνος
3277 3592 3478 3645 κανὼν
3507 3591 3571 3647 δ’.

2356 3680 2416 3735 δ’.
2452 3683 2515 3735 Οἱ
2549 3682 2765 3752 ἀληθῶς
2796 3682 2888 3735 καὶ
2920 3682 3253 3752 εἰλικρινῶς,
3284 3700 3339 3735 κ.
3374 3699 3426 3737 τ.
3457 3683 3509 3736 λ.

2412 3775 2686 3829 Συνόδου
2726 3776 3150 3845 οἱκουμενικῆς
3180 3782 3232 3839 ς’
3262 3776 3463 3829 κανὼν
3495 3775 3605 3847 μγ’,
3637 3774 3733 3828 πε’.

2358 3864 2470 3936 μγ’.
2518 3866 2670 3930 Ἐξδν
2703 3867 2938 3938 ὑπάρχει
2969 3869 3134 3922 παντὶ
3166 3868 3476 3940 Χριστιανῷ
3516 3870 3608 3924 τὸν
3634 3869 3841 3936 ἀσκητι-

2284 3958 2378 4012 κὸν
2416 3960 2632 4013 ἑλέσθαι
2675 3960 2806 4029 βίον,
2849 3962 2940 4014 καὶ
2986 3962 3083 4033 τὴν
3124 3962 3497 4031 πολυτάραχον
3538 3962 3703 4033 ζάλην
3745 3960 3841 4013 τῶν

2286 4048 2554 4117 βιωτικῶν
2606 4050 2947 4120 πραγμάτων
2993 4051 3350 4119 ἀποθέμενον,
3402 4054 3460 4104 ὲν
3510 4050 3839 4122 μοναστηρίῳ

2283 4139 2529 4205 εἰσιέναι,
2558 4141 2653 4191 καὶ
2684 4139 2824 4192 κατὰ
2857 4139 2915 4191 τὸ
2950 4140 3237 4209 μοναχικδν
3269 4144 3454 4210 σχῆμα
3488 4144 3837 4212 ἀποκαρῆναι,

2282 4230 2389 4284 κᾶν
2438 4232 2495 4283 ὲν
2546 4231 2842 4301 οἰῳδήποτε
2887 4232 3193 4300 πταίσματι
3243 4232 3386 4301 ἁλῷ·
3427 4233 3454 4285 ὁ
3516 4235 3626 4305 γὰρ
3666 4232 3838 4300 Σωτὴρ

2281 4319 2439 4389 ἡμῶν
2489 4319 2621 4381 Θεὸς
2650 4319 2788 4388 ἔφη’
2835 4322 2943 4372 Τὸν
2974 4321 3299 4389 ἐρχόμενον
3329 4323 3479 4389 πρός
3522 4341 3601 4391 με
3646 4324 3715 4377 οὐ
3762 4320 3837 4390 μὴ

601 4419 912 4475 monachali
938 4419 1060 4472 vita:
1084 4418 1304 4487 agendae.
1330 4416 1580 4469 instituto
1604 4415 1657 4469 in
1676 4412 1995 4484 paenitentia
2019 4415 2177 4468 nobis

2282 4410 2511 4465 ἐκϐάλω
2539 4413 2675 4476 ἔξω
2706 4413 2781 4475 ὡς
2820 4410 2911 4466 οὖν
2940 4415 3039 4483 τῆς
3082 4416 3381 4484 μοναχικῆς
3420 4416 3725 4478 πολιτείας,
3752 4413 3839 4481 τὴν

600 4514 763 4567 vitam
802 4511 1166 4573 describente,
1203 4509 1272 4567 ei,
1307 4508 1400 4576 qui
1432 4507 1499 4561 ad
1524 4507 1654 4560 illud
1686 4520 1942 4577 germano
1975 4522 2039 4561 ac
2067 4507 2179 4561 εἰη-

600 4619 723 4657 corr
756 4602 980 4664 accedit,
1010 4599 1413 4669 acquiescimus
1446 4614 1510 4653 ac
1558 4596 1829 4661 favemus,
1876 4611 1978 4651 nec
2007 4597 2099 4651 ulli
2132 4597 2177 4650 ci

598 4710 781 4747 mures
814 4691 1253 4761 impedimentum
1287 4689 1533 4753 alIerent,
1565 4687 1864 4757 quominus
1894 4687 2175 4756 pr0primu

598 4798 825 4851 secpum
866 4780 1181 4848 adimpleat.

666 4875 756 4929 ὃὸ.
807 4874 863 4929 In
918 4873 1133 4927 duobus
1194 4870 1277 4924 vel
1332 4870 1509 4923 tribus
1570 4867 1805 4922 testibus
1855 4865 2169 4921 confirmari

595 4982 758 5023 omne
814 4966 1039 5021 verbum
1082 4980 1149 5019 ex
1199 4963 1478 5031 Scriptura
1529 4961 1839 5030 accepimus
1870 4960 1935 5015 “.
1971 4960 2173 5015 Servos

596 5076 747 5132 ergo,
779 5061 872 5131 qui
921 5075 950 5113 a
996 5059 1111 5113 suis
1151 5056 1392 5111 dominis
1426 5069 1594 5108 manu
1645 5054 1959 5121 mittuntur,
1993 5053 2169 5108 tribus

596 5152 828 5208 testibus
865 5166 931 5205 eo
964 5148 1067 5203 irui
1107 5148 1317 5201 honore
1347 5146 1718 5209 decernimus,
1748 5146 1840 5215 qui
1871 5155 2168 5215 praesentes

593 5245 830 5299 libertati
866 5244 1011 5296 vires
1043 5250 1097 5295 et
1127 5240 1437 5293 ﬁrmitatem
1462 5236 1722 5301 aﬂ‘crent;
1750 5246 1805 5291 et
1837 5247 1894 5291 ut
1928 5238 2016 5299 iis,
2052 5252 2171 5307 qua:

591 5335 727 5407 ipsis
764 5335 993 5390 testibus
1025 5332 1166 5385 facta
1189 5340 1338 5394 sunt,
1394 5328 1530 5383 lides
1580 5329 1865 5396 habeatur,
1916 5327 2165 5382 alliciant.

667 5426 884 5481 Textus.
925 5425 1115 5478 Const.
1151 5421 1238 5488 36,
1277 5422 1418 5475 tituli
1477 5422 1619 5475 tertii
1665 5421 1789 5475 libri
1836 5420 1997 5490 primi
2046 5421 2166 5474 cod.

592 5522 686 5584 ait,
709 5520 850 5589 quod
872 5518 962 5587 qui
997 5516 1281 5585 ascriptitii
1311 5515 1451 5569 citra
1475 5528 1795 5571 consensum
1824 5513 2167 5571 dominorum

658 5674 704 5706 ”
725 5673 897 5738 Cone,
925 5670 1180 5740 Carthag.
1208 5686 1262 5739 v,
1289 5684 1415 5741 cap.
1439 5668 1542 5736 1'5;
1571 5665 1787 5724 Concil.
1810 5664 1979 5722 Afric.
2018 5681 2065 5722 c.
2091 5668 2177 5722 47.
2253 5668 2298 5700 ⁸³
2329 5666 2486 5722 Joan.
2520 5682 2590 5731 γι,
2611 5667 2699 5721 57.

2280 4504 2340 4557 ἐν
2374 4506 2632 4577 μετανοίᾳ
2661 4505 2803 4575 ζωὴν
2832 4507 3312 4577 στηλογραφούσης
3341 4508 3491 4577 ἡμῖν,
3520 4508 3598 4577 τῷ
3619 4507 3839 4576 γνησίως

2278 4596 2451 4668 ταύτῃ
2485 4596 2896 4667 προστιθεμένῳ
2929 4598 3245 4649 συνευδοκοῦ
3257 4615 3373 4667 μεν,
3419 4600 3512 4651 καί
3548 4600 3720 4661 οὐδεὶς
3751 4598 3838 4649 αὑ-

2274 4689 2365 4741 τὸν
2396 4689 2792 4758 παρεμποδίσοι
2827 4690 3028 4761 τρόπος
3063 4690 3200 4760 πρὸς
3234 4690 3331 4761 τὴν
3372 4691 3464 4744 τοῦ
3494 4692 3694 4745 οἰκείου
3728 4705 3839 4742 σκο-

2279 4780 2381 4832 ποῦ
2417 4782 2830 4852 ἀποπλήρωσιν.

2352 4872 2453 4928 πε’.
2506 4875 2628 4926 Ἐπὶ
2674 4874 2767 4927 δύο
2802 4874 2895 4927 καὶ
2930 4872 3097 4944 τριῶν
3154 4872 3448 4943 μαρτύρων
3501 4868 3838 4943 βεϐαιοῦσθαι

2280 4968 2386 5018 πᾶν
2416 4968 2565 5036 ῥῆμα
2594 4966 2877 5035 γραφικῶς
2906 4964 3306 5034 παρελάϐομενο
3342 4964 3465 5027 τοὺς
3494 4964 3586 5016 οῦν
3617 4963 3717 5016 ὑπὸ
3740 4960 3838 5012 τῶν

2278 5056 2494 5108 οἰκείων
2523 5056 2796 5108 δεσποτῶν
2824 5055 3311 5125 ὲλευθερουμένους
3340 5055 3556 5118 δούλους
3590 5055 3680 5105 ἐπὶ
3702 5050 3835 5121 τρισὶ

2282 5148 2538 5219 μάρτυσι,
2568 5148 2666 5217 τῆς
2686 5146 2944 5214 τοιαύτης
2962 5146 3132 5215 τιμῆς
3158 5145 3455 5199 ἀπολαύειν
3480 5143 3831 5216 διοριζόμεθα,

2277 5239 2327 5292 οἳ
2365 5240 2423 5292 τὸ
2452 5237 2619 5306 κῦρος
2653 5240 2919 5308 παρόντες
2946 5240 3011 5308 τῇ
3036 5237 3319 5308 ἐλευθερία
3352 5238 3718 5311 προσοίσουσι,
3750 5234 3835 5285 καὶ

2277 5332 2336 5383 τὸ
2366 5331 2556 5382 πιστὸν
2583 5330 2639 5394 ἐξ
2672 5330 2878 5382 ἑαυτῶν
2908 5332 3020 5391 τοῖς
3054 5330 3359 5397 γινομένοις
3394 5328 3733 5400 παρέξουσιν.

2360 5421 2424 5473 'll
2470 5423 2555 5484 λς’
2586 5422 2726 5474 διάτ.
2767 5420 2860 5473 τοῦ
2894 5419 2942 5489 γ’
2987 5420 3089 5473 τίτ.
3127 5420 3221 5472 τοῦ
3257 5422 3386 5476 κώδ.
3419 5423 3609 5493 φησὶν,
3646 5422 3743 5479 ὅτι,
3777 5418 3831 5467 Οἱ

2278 5512 2648 5582 ὲναπόγραφοι
2670 5549 2683 5573 ,
2723 5513 2887 5580 χωρὶς
2918 5510 3270 5573 συναινέσεως
3309 5513 3415 5566 τῶν
3446 5510 3712 5564 δεσποτῶν
3744 5525 3833 5574 μ)-

2787 5668 2831 5700 ἰδ
2859 5665 3050 5721 Matth.
3080 5683 3236 5736 xvm,
3273 5668 3368 5727 16;
3408 5668 3562 5723 Deut.
3594 5680 3705 5730 xix,
3752 5659 3825 5713 iii-
