4156 6446
502 261 607 325 845

1247 256 1647 323 SYN'I‘AGMA
1684 262 2073 327 GANONUM.
2102 290 2167 301 ε-
2202 265 2336 327 I‘IT.
2382 267 2487 340 XI,
2528 268 2688 328 CAP.
2731 268 2811 340 II,
2846 268 2960 329 III.

3657 273 3760 343 8m

502 376 780 442 νάζοντες,
808 372 981 438 οὕτως
1005 374 1188 439 αὐτοῖς
1212 376 1552 444 ὑπόκεινται,
1591 376 1671 443 ὡς
1696 376 1773 448 μὴ
1804 378 1965 433 τοῦτο
1994 395 2087 446 γε·

2192 378 2438 433 monaclii
2470 378 2600 435 iacti
2625 391 2785 444 sunt,
2828 381 2901 435 ita
2935 381 3071 454 ipsis
3087 382 3306 440 obnoxii
3331 397 3479 452 sunt,
3508 398 3766 457 taltquaut

501 469 739 540 νόμενοι·
773 468 911 523 διάτ.
948 466 1048 533 λζ’,
1094 468 1270 521 δοῦλοι
1297 468 1494 541 γνώμῃ
1530 470 1638 523 τῶν
1676 470 1951 524 δεσποτῶν
1986 488 2085 541 μο-

502 560 763 624 νάσαντες
806 559 1240 630 ἐλευθεροῦντας
1277 562 1325 613 εἰ
1359 560 1416 612 δὲ
1454 560 1554 631 τὴν
1583 561 1816 631 ἄσκησιν
1857 562 2084 616 καταλι-

503 653 727 720 πόντες,
760 653 841 715 εἰς
882 651 1077 723 ἑτέραν
1122 652 1426 722 μετέλθωσι
1468 652 1803 705 κατάστασιν
1853 654 2084 707 ἀναδου-

500 724 738 799 λοῦνται·
760 746 807 823 ,ᾑ
840 744 898 798 δὲ
925 742 995 813 ιγ’
1024 744 1166 798 διάτ.
1189 742 1284 797 τοῦ
1312 741 1360 797 α’
1386 743 1493 799 τίτ.
1525 743 1633 797 τῶν
1652 745 1882 815 Νεαρῶν
1899 763 2081 816 φησιν,

501 838 604 901 ὅτι,
643 837 707 889 Οἱ
736 836 1165 906 παραγενόμενοι
1196 838 1275 900 είς
1304 836 1515 907 μονήρη
1550 836 1686 906 βίον,
1718 836 1829 890 εἴτε
1869 836 2084 890 ἐλεύθε-

504 946 586 1000 ροι
609 928 721 981 εἴτε
768 928 966 993 δοῦλοι,
1004 928 1272 999 πρότερον
1299 927 1547 998 τριετίαν
1574 928 2083 999 προσκαρτερείτω-

500 1037 625 1084 σαν,
657 1021 831 1090 κουρᾷ
850 1037 910 1073 τε
944 1020 1038 1073 καὶ
1070 1019 1258 1088 ἐσθῆτι
1282 1018 1559 1090 χρώμενοι
1591 1018 1701 1072 τῶν
1732 1019 1960 1085 λαῖκῶν,
1991 1022 2085 1074 καὶ

500 1110 598 1174 τὰς
628 1110 852 1182 Γραφὰς
881 1109 1266 1180 μανθάνοντες,
1301 1110 1395 1163 καὶ
1425 1109 1524 1181 τὴν
1551 1110 1721 1181 τύχην
1747 1111 1928 1165 αὐτῶν
1954 1112 2086 1182 ὁμοε-

498 1201 822 1270 λογοῦντες,
857 1202 951 1255 καὶ
995 1200 1094 1270 τὴν
1133 1200 1315 1255 αἰτίαν
1343 1199 1439 1254 τοῦ
1481 1201 1658 1255 θέλειν
1705 1202 1968 1271 μονάσαι,
2009 1205 2082 1273 μή

499 1309 631 1347 ποτε
658 1293 872 1364 πονηρά
901 1294 1039 1346 ἐστι’
1072 1294 1166 1347 καὶ
1192 1292 1676 1347 νουθετείσθωσανο
1696 1294 1793 1348 καὶ
1823 1294 1873 1347 εί
1904 1311 2077 1364 προσ-

499 1387 899 1458 καρτερήσουσι
942 1386 1041 1458 τὴν
1083 1386 1352 1458 τριετίαν,
1378 1387 1473 1440 καὶ
1529 1386 1669 1452 ἄξιοι
1738 1387 1950 1455 φανῶσι
1989 1388 2083 1441 τοῦ

502 1479 753 1550 μονάσαι,
770 1478 892 1533 τότε
924 1478 1319 1550 κειρέσθωσαν,
1344 1479 1437 1532 καὶ
1465 1478 1710 1543 δουλείας
1734 1478 2083 1551 ἐλευθεροῦν-

498 1588 605 1626 ται·
636 1573 685 1625 εί
711 1572 771 1624 δέ
796 1589 880 1636 τις
906 1573 1037 1627 εἴσω
1064 1572 1306 1643 τριετίας
1328 1572 1492 1626 αὑτὸν
1518 1572 1876 1640 δουλαγωγεῖ,
1906 1571 2081 1646 λέγων

497 1663 660 1717 αὐτὸν
692 1663 1024 1735 ύφελόμενόν
1053 1680 1179 1717 τινα
1201 1664 1574 1734 προσδραμεῖν
1603 1663 1682 1734 τῷ
1703 1664 2075 1735 μοναστηρίῳ,

501 1757 578 1826 μὴ
609 1755 915 1827 προχείρως
948 1756 1110 1810 αὑτὸν
1139 1755 1441 1823 άφελκέτω,
1478 1756 1615 1809 ἀλλὰ
1642 1754 1909 1809 δεικνύτω
1937 1759 2077 1826 πρό-

496 1864 674 1917 τερον,
705 1849 787 1901 ὅτι
830 1848 924 1902 καὶ
961 1846 1147 1911 δοῦλός
1188 1849 1340 1911 ἐστι,
1388 1846 1484 1901 καὶ
1515 1848 1608 1900 ἐπὶ
1638 1847 1812 1917 κλοπῇ
1917 1847 2079 1902 πταί-

499 1956 702 2011 σμασιν
727 1938 951 2003 ἀτόποις
993 1938 1237 2010 ἀπέδρα*
1271 1939 1363 1991 καί
1408 1938 1531 1991 τότε
1569 1937 1731 1991 αὐτὸν
1760 1937 2084 2009 λαμϐανέτω

501 2031 620 2102 μεθ’
650 2024 726 2085 ὧν
760 2031 837 2094 ὡς
864 2030 1012 2093 εἰκὸς
1047 2032 1127 2093 είς
1159 2029 1220 2083 τὸ
1255 2030 1621 2100 μοναστήριον
1671 2030 1938 2099 εἰσήγαγε
1958 2044 1973 2059 ·
2005 2029 2084 2081 δι-

497 2121 635 2174 δότω
658 2122 716 2175 δὲ
736 2120 885 2192 αύτῷ
913 2121 1115 2185 πίστιν,
1142 2120 1218 2184 ὡς
1244 2120 1395 2173 οὐδὲν
1423 2120 1517 2174 ἐπὶ
1544 2121 1719 2192 τούτῳ
1749 2120 1919 2177 κακὸν
1935 2120 2085 2191 αύτῷ

497 2214 705 2285 δράσει·
740 2215 789 2267 εί
822 2214 879 2268 δὲ
910 2214 985 2285 μὴ
1026 2213 1199 2267 ταῦτα
1235 2213 1509 2285 διδαχθείη
1530 2251 1547 2277 ,
1589 2215 1843 2277 κάκεῖνος
1879 2214 1944 2266 ὲκ
1977 2212 2077 2283 τῆς

499 2308 782 2379 ἀσκήσεως
808 2309 951 2379 φανῇ
987 2307 1204 2378 σεμνὸς,
1238 2306 1340 2360 κᾶν
1370 2306 1535 2379 μήπω
1566 2305 1847 2377 παρῆλθεν
1874 2305 1911 2375 ἠ
1932 2322 2075 2375 τριε-

498 2398 589 2453 τία
608 2441 622 2463 ,
668 2399 875 2470 μενέτω
908 2401 968 2452 ὲν
1008 2397 1086 2469 τῷ
1117 2397 1487 2469 μοναστηρίῳ,
1513 2397 1608 2450 καὶ
1641 2397 1778 2469 μετὰ
1802 2396 1904 2467 τὴν
1931 2412 2078 2466 τριε-

499 2492 619 2545 τίαν
651 2490 800 2555 ἄξιος
832 2489 1176 2561 φαινόμενος,
1202 2487 1683 2561 προσκαρτερείτω
1708 2490 1775 2558 τῇ
1806 2488 2039 2559 ἀσκήσει
2058 2528 2073 2553 ,

500 2584 608 2636 εἴτε
632 2582 816 2646 δοῦλος
840 2577 907 2653 ἦν
941 2582 1052 2635 εἴτε
1088 2580 1405 2652 ἐλεύθερος,
1433 2579 1525 2632 ὑπ’
1553 2578 1767 2641 οὐδενὸς
1796 2579 1856 2631 τὸ
1888 2577 2076 2630 λοιπὸν

500 2675 630 2744 περὶ
657 2673 851 2728 τούτου
893 2672 1548 2746 πολυπραγμονούμενος,
1580 2669 1682 2723 κᾶν
1717 2687 2080 2741 προημαρτη-

502 2762 611 2829 κὼς
641 2764 763 2834 εἴη·
802 2766 872 2819 τὰ
901 2764 1084 2835 μέντοι
1135 2764 1210 2827 ὡς
1241 2763 1388 2825 εἰκὸς
1431 2761 1710 2817 κλαπέντα
1741 2762 2080 2832 ὁπουδήποτε

499 2855 649 2923 ὄντα,
673 2855 752 2926 τῷ
780 2856 949 2910 πάλαι
997 2856 1235 2928 δεσπότῃ
1270 2855 1628 2910 ἀποδίδονται.

2189 469 2439 525 monachi
2472 468 2600 524 facti
2638 487 2742 524 non
2770 482 2971 527 essent.
3013 473 3245 528 Constit.
3272 475 3363 529 57.
3397 476 3552 532 Servi
3579 479 3770 534 volun.

2191 573 2300 619 tate
2343 565 2688 621 dominorum
2733 568 2985 623 monachi
3019 568 3183 633 facti,
3229 569 3532 627 libertatem
3576 588 3770 629 conse-

2187 666 2455 726 quuntur.
2514 656 2621 712 Sed
2684 658 2732 714 si
2795 659 2983 715 relicta
3034 660 3140 714 vita
3189 663 3431 717 solitaria
3488 664 3555 718 ad
3604 665 3771 720 alium

2187 744 2357 818 [vita]
2390 757 2587 803 statum
2619 748 2964 817 transierint,
2993 751 3241 805 servituti
3272 752 3451 806 denuo
3477 752 3773 823 subiugan-

2188 851 2297 895 tur.
2337 840 2665 896 Constitutio
2697 841 2907 897 decima
2948 841 3109 896 tertia
3149 842 3287 896 tituli
3319 843 3476 911 primi
3520 841 3773 896 Novella-

2189 946 2307 984 rmn
2342 930 2419 984 ait
2446 948 2461 985 :
2496 930 2808 988 Monasticaa
2837 931 2961 987 vita:
2986 932 3283 996 candidati,
3312 932 3428 987 sive
3466 931 3626 987 liberi
3658 931 3773 986 sive

2187 1021 2330 1075 servi
2365 1020 2496 1086 sint,
2528 1020 2968 1094 [admissionem]
3004 1038 3098 1093 per
3141 1024 3436 1078 triennium
3473 1023 3773 1079 toleranter

2186 1120 2558 1181 exspectanto.
2595 1111 2828 1184 [Interea
2866 1110 3069 1183 tamen]
3104 1121 3328 1167 tonsura
3364 1124 3418 1167 et
3441 1114 3638 1169 vestitu
3673 1111 3772 1166 lai‘

2186 1220 2373 1259 eorum
2418 1214 2674 1268 utuntor.
2706 1204 3021 1276 Scripturas
3055 1206 3214 1278 361
3250 1208 3504 1263 discunto
3528 1247 3542 1271 ,
3584 1206 3772 1262 condi-

2188 1298 2388 1350 tionem
2431 1310 2591 1350 suam
2638 1305 2694 1352 et
2720 1311 2946 1352 causam
2982 1313 3151 1365 quare
3198 1298 3453 1353 monachi
3504 1298 3621 1353 ﬁeri
3668 1315 3771 1353 cuo

2187 1391 2371 1457 piant,
2405 1403 2473 1442 ne
2502 1385 2647 1442 forte
2681 1388 2821 1443 mala
2871 1388 2980 1453 sit,
3017 1388 3252 1444 fatentor
3299 1398 3354 1444 et
3387 1389 3767 1445 admoventor.

2187 1476 2299 1531 Etsi
2326 1475 2621 1530 triennium
2650 1476 3016 1546 exspectarint
3044 1516 3060 1543 ,
3091 1475 3353 1548 dignique
3385 1476 3477 1547 qui
3514 1476 3768 1531 monachi

2188 1570 2318 1622 [lant
2349 1569 2659 1633 videantur,
2710 1576 2843 1622 tunc
2866 1568 3175 1637 tondentor,
3206 1580 3367 1641 atque
3408 1570 3669 1626 servitute
3702 1572 3768 1623 liu
3841 1576 3854 1591 '

2187 1661 2466 1715 berantor.
2497 1659 2555 1715 Si
2584 1660 2707 1729 quis
2729 1674 2857 1713 vero
2886 1659 3029 1714 intra
3049 1661 3343 1715 triennium
3373 1660 3428 1715 in
3450 1662 3765 1715 servitutem

2180 1765 2511 1820 quemquam
2537 1750 2748 1816 ali‘erat,
2784 1750 2962 1820 ipsum
2991 1750 3137 1819 quod
3166 1752 3431 1805 nonnulla
3461 1753 3768 1821 subripuis-

2180 1850 2282 1905 set,
2313 1841 2379 1895 ad
2408 1840 2796 1895 monasterium
2820 1841 3129 1895 accurrisse
3151 1840 3360 1905 dicens,
3383 1856 3452 1896 ne
3472 1841 3763 1896 contestim

2182 1931 2334 1985 illum
2360 1932 2682 1997 abstrahilo,
2740 1933 2835 1987 sed
2876 1932 3029 2002 prius
3064 1941 3118 1987 et
3146 1946 3364 1987 servum
3411 1932 3587 2000 ipsum
3619 1946 3765 1997 esse,

2180 2036 2235 2078 et
2271 2034 2494 2093 pr0pter
2541 2023 2747 2078 furtum
2800 2023 2885 2079 vel
2934 2024 3182 2079 enormia
3220 2024 3418 2079 delicta
3464 2023 3763 2094 aufugisse,

2183 2117 2409 2185 probato
2447 2133 2461 2170 :
2495 2126 2660 2186 atque
2688 2125 2803 2170 tum
2839 2114 3106 2188 [demum]
3135 2131 3260 2172 cum
3290 2116 3377 2179 iis,
3405 2131 3528 2186 qua:
3563 2116 3616 2170 in
3644 2131 3765 2170 mo‘

2186 2206 2485 2261 nasterium
2502 2205 2757 2260 intulisse
2774 2205 3071 2272 constabit,
3094 2205 3273 2274 ipsum
3287 2203 3537 2273 recipito.
3554 2202 3765 2276 [Prius]

2182 2307 2364 2354 tamen
2392 2315 2451 2355 se
2480 2298 2710 2353 nihililli
2734 2307 2955 2369 propter
2986 2299 3087 2354 hoc
3110 2298 3237 2351 mali
3268 2296 3566 2362 facturum,
3597 2297 3760 2354 tidem

2183 2390 2333 2443 dato.
2378 2390 2472 2442 Sin
2514 2405 2642 2445 vero
2686 2391 2800 2445 hanc
2838 2404 2950 2444 non
2988 2388 3313 2460 probentur,
3353 2398 3407 2445 et
3437 2390 3527 2446 ille
3558 2405 3626 2445 ex
3652 2392 3765 2445 vita

2186 2484 2483 2538 monastica
2509 2484 2772 2539 honestus
2793 2493 3080 2554 appareat,
3109 2500 3423 2555 quanquam
3463 2484 3763 2540 triennium

2185 2576 2413 2630 necdum
2440 2576 2686 2646 elapsum
2721 2578 2815 2643 sit,
2852 2586 3071 2632 maneto
3114 2579 3168 2632 in
3215 2579 3576 2634 monasterio.
3617 2577 3765 2633 Sane

2184 2668 2279 2737 qui
2314 2677 2438 2737 post
2467 2668 2762 2724 triennium
2814 2669 3012 2740 dignus
3056 2671 3387 2739 apparuerit,
3424 2672 3537 2726 sive
3570 2687 3766 2727 senus

2185 2760 2300 2816 sive
2322 2760 2461 2815 liber
2486 2761 2577 2827 sit,
2608 2761 2660 2815 in
2688 2763 2993 2817 mouastica
3023 2762 3133 2816 vita
3163 2771 3511 2832 perseverato
3542 2780 3554 2817 :
3586 2777 3766 2833 neque

2184 2867 2249 2907 ea
2283 2852 2349 2907 de
2381 2850 2618 2925 [causa],
2652 2855 2864 2939 etiamsi
2897 2865 3057 2908 antea
3094 2854 3367 2925 quidpiam
3399 2856 3762 2920 commiserit,

497 2962 530 3002 a
586 2964 862 3020 quoquam
918 2950 1174 3020 deinceps
1232 2950 1479 3005 molestia
1532 2950 1779 3005 aliieitor.
1844 2945 2233 3003 Verumtamen
2300 2964 2421 3015 quae
2479 2947 2627 3003 furto
2690 2949 2903 3003 sublata
2942 2964 3064 3004 esse
3100 2950 3393 3017 constabit,
3450 2952 3763 3021 ubicunque

499 3041 723 3110 iuerint,
757 3043 976 3097 domino
1002 3042 1318 3098 redduntor.

570 3138 736 3206 Rati}
765 3134 808 3205 β’
837 3136 981 3192 διάτ.
1012 3135 1105 3190 τοῦ
1138 3135 1303 3189 αὐτοῦ
1329 3136 1435 3190 τίτ.
1469 3136 1656 3207 φησὶν,
1689 3137 1791 3201 ὅτι,
1822 3135 1913 3205 Τῷ
1948 3133 2072 3204 βου-
2103 3143 2145 3198 c

498 3228 714 3299 λομένῳ
744 3228 932 3298 σχῆμα
966 3228 1257 3299 μοναχικὸν
1287 3227 1491 3294 λαϐεῖν,
1520 3230 1567 3281 εἰ
1616 3228 1714 3299 μὲν
1744 3226 2077 3296 γινώσκεται

498 3320 575 3383 ὡς
609 3319 721 3389 οὐχ,
755 3320 1043 3373 ὑπόκειται
1072 3319 1244 3393 τύχῃ,
1281 3321 1309 3373 ό
1355 3318 1659 3390 ἡγούμενος
1689 3319 1778 3371 ὅτε
1825 3316 2036 3386 νομίσοι
2062 3356 2076 3379 ,

497 3412 689 3466 διδότω
717 3412 866 3484 αὐτῷ
890 3413 951 3465 τὸ
981 3413 1186 3483 σχῆμα·
1212 3414 1260 3467 εί
1291 3412 1336 3466 δ’
1363 3413 1659 3481 ἀγνοεῖται,
1692 3410 1957 3481 ὲπεχέτω·
1986 3410 2081 3464 καὶ

502 3500 598 3555 ἐάν
633 3519 717 3565 τις
763 3502 894 3556 εἵσω
935 3503 1175 3573 τριετίας
1204 3503 1462 3574 ἀποδείξῃ
1488 3504 1650 3556 αὑτὸν
1676 3503 1882 3567 δοῦλον,
1929 3500 1963 3572 ἢ
1994 3503 2081 3555 ὲν-

498 3594 840 3664 απόγραφον,
875 3595 909 3665 ἢ
945 3594 1201 3658 κολωνὸν,
1231 3594 1500 3665 λαμϐάνει
1532 3594 1694 3648 αὐτὸν
1735 3594 1854 3664 μεθ’
1885 3588 1960 3648 ὧν
2004 3591 2080 3656 ὡς

498 3684 645 3747 εἰκός
678 3684 924 3754 ὑφείλετο
957 3686 1318 3756 πραγμάτων,
1353 3687 1532 3749 διδοὺς
1567 3685 1717 3756 αὐτῷ
1758 3685 1936 3753 λόγον’
1971 3699 2080 3755 μη-

497 3778 649 3842 δενὸς
691 3778 747 3831 δὲ
790 3778 920 3831 είσω
959 3780 1058 3846 τῆς
1103 3777 1346 3849 τριετίας
1392 3778 1713 3845 ἐνάγοντος,
1746 3776 1902 3844 εἴπερ
1930 3776 2079 3842 ἄξιον

500 3869 661 3922 αὑτὸν
687 3868 869 3941 κρίνῃ,
893 3868 1082 3921 διδότω
1097 3867 1157 3920 τὸ
1183 3868 1370 3939 σχῆμα
1390 3866 1539 3936 αὑτῷ
1562 3867 1661 3920 καὶ
1682 3866 1785 3919 ούκ
1814 3866 2074 3936 ὀχλεῖται⁹

499 3963 567 4016 τά
602 3960 657 4014 δὲ
706 3961 1007 4031 πράγματα
1037 3960 1183 4032 άπερ
1222 3963 1304 4024 είς
1351 3960 1413 4013 τὸ
1454 3960 1818 4030 μοναστήριον
1864 3960 2077 4028 ἤγαγε,

498 4056 763 4129 λαμϐάνει
796 4058 823 4109 ὁ
862 4056 1148 4119 δεσπότης.

580 4240 1023 4310 ⁸118ὲαὺτὴδιάτ.
1050 4240 1236 4312 φησὶν,
1256 4240 1365 4304 ὅτι,
1381 4238 1439 4292 ’0
1460 4238 1758 4300 ἐπίσκοπος
1782 4237 1875 4289 τὸν
1905 4236 2079 4289 ὰϐϐᾱν

498 4332 533 4403 ἢ
563 4333 654 4386 τὸν
678 4332 1111 4404 ἀρχιμανδρίτην
1142 4331 1371 4384 ἑκάστου
1406 4330 1796 4401 μοναστηρίου,
1835 4329 1911 4399 μὴ
1943 4328 2078 4380 πάν-

500 4438 609 4485 τως
646 4423 788 4477 κατὰ
819 4422 909 4475 τὸν
956 4420 1166 4492 βαθμὸν
1211 4420 1633 4492 προϐαλλέσθω,
1665 4420 1780 4471 ἀλλ’
1806 4418 1867 4471 ὃν
1893 4420 1942 4471 οἱ
1984 4434 2079 4487 μο-

2264 3138 2326 3191 Et
2357 3143 2535 3191 const.
2564 3135 2599 3188 2
2626 3134 2871 3202 ejusdem
2903 3134 2988 3189 tit.
3012 3133 3125 3188 ait:
3156 3134 3211 3189 Si
3241 3135 3367 3205 quis
3396 3134 3759 3192 monasticum

2187 3232 2430 3288 lubitum
2460 3242 2743 3284 assumere
2783 3227 2929 3292 velit,
2962 3226 3006 3280 si
3050 3226 3271 3296 quidem
3302 3225 3539 3300 [servili]
3569 3229 3766 3283 condi-

2186 3325 2318 3382 tioni
2372 3325 2551 3395 ipsum
2608 3337 2715 3379 non
2754 3335 2879 3377 esse
2930 3321 3229 3395 obnoxium
3270 3330 3507 3386 constet,
3562 3322 3764 3391 praesul

2185 3417 2403 3492 quando
2428 3417 2601 3472 visum
2632 3414 2814 3479 fuerit,
2851 3414 2924 3467 illi
2957 3414 3198 3468 habitum
3221 3414 3347 3467 dato
3380 3431 3391 3467 :
3430 3414 3513 3468 sin
3544 3414 3765 3484 ignore~

2185 3519 2293 3575 tur,
2324 3508 2560 3564 diﬁ‘erto.
2583 3506 2646 3562 Et
2671 3506 2717 3563 si
2746 3506 2872 3576 quis
2892 3508 3034 3560 intra
3057 3504 3351 3561 triennium
3370 3506 3557 3575 probet
3583 3509 3763 3577 ipsum

2184 3596 2391 3669 [suum]
2423 3612 2663 3661 servum,
2699 3594 3082 3664 ascriptitium,
3120 3606 3214 3650 aut
3250 3595 3502 3650 colonum
3532 3594 3677 3667 [esse
3703 3615 3714 3649 ε
3744 3595 3762 3667 1

2185 3691 2306 3744 data
2364 3689 2439 3743 illi
2488 3690 2614 3752 lide,
2659 3685 2819 3760 [una]
2859 3703 2981 3742 cum
3038 3687 3199 3742 rebus
3241 3702 3376 3757 quas
3423 3687 3766 3758 surbipuisse

2183 3783 2484 3848 constabit,
2543 3782 2720 3852 ipsum
2785 3780 2996 3850 recipit.
3058 3778 3213 3846 Quod
3274 3780 3323 3835 si
3383 3780 3564 3837 nullus
3618 3780 3763 3836 intra

2186 3874 2479 3930 triennium
2502 3871 2720 3946 [istum]
2744 3872 3051 3937 conveniat,
3086 3869 3272 3943 [atque
3288 3872 3509 3945 praesul]
3533 3873 3758 3943 dignum

2184 3967 2362 4036 ipsum
2398 3965 2633 4035 judicet,
2672 3966 2915 4019 habitum
2968 3964 3045 4018 illi
3088 3965 3238 4029 dato,
3284 3981 3461 4036 neque
3498 3965 3636 4037 [ille]
3680 3968 3763 4020 ino

2184 4058 2480 4127 quietator.
2511 4055 2659 4121 Quas
2694 4065 2879 4109 autem
2908 4070 2995 4111 res
3020 4056 3075 4110 in
3108 4058 3500 4112 monasterium
3539 4058 3763 4123 intulit,

2183 4148 2441 4203 dominus
2475 4146 2639 4216 capit.

2260 4238 2475 4293 Textus.
2522 4238 2721 4293 Eadem
2760 4249 2934 4293 const.
2964 4237 3094 4293 dicit
3125 4255 3139 4291 :
3178 4238 3477 4309 Episcopus
3511 4239 3765 4295 abbatem

2186 4341 2285 4386 aut
2351 4330 2836 4385 arebimandritam
2890 4329 3155 4399 cujusque
3218 4330 3537 4385 monasterii
3600 4329 3764 4401 362

2188 4419 2503 4489 neutiquam
2532 4418 2827 4474 secundum
2855 4420 3249 4473 monachorum
3279 4418 3509 4489 gradum
3539 4432 3725 4475 creato
3751 4439 3763 4472 :

502 4513 656 4584 ναχοὶ
714 4514 914 4576 πάντες
965 4512 1337 4581 εὑῡπόληπτοι
1385 4512 1766 4579 ὲπιλέξονται,
1822 4511 1920 4563 ἐπὶ
1968 4512 2077 4563 τῶν

2185 4512 2277 4567 sed
2303 4526 2465 4580 quem
2494 4525 2687 4567 omnes
2714 4512 2993 4575 monachi,
3028 4520 3124 4565 aut
3161 4512 3253 4581 qui
3294 4512 3450 4565 bona:
3478 4510 3766 4566 existima-

503 4605 853 4675 Εὐαγγελίων
877 4604 1147 4673 λέγοντες,
1174 4604 1248 4668 ὡς
1269 4604 1331 4658 οὐ
1353 4604 1441 4656 διὰ
1465 4604 1648 4672 φιλίαν
1671 4602 1702 4672 ἢ
1725 4603 1889 4673 χάριν
1916 4602 2079 4656 αὑτὸν

502 4698 825 4764 ἐπελέξαντο
846 4738 859 4763 ,
894 4697 1031 4752 ἀλλὰ
1063 4696 1427 4766 γινώσκοντες
1462 4695 1624 4748 αὑτὸν
1668 4694 1950 4766 ὀρθόδοξον
1982 4695 2081 4747 καὶ
2102 4724 2113 4728 -

503 4789 754 4861 σώφρονα
806 4788 1033 4857 καὶτῆς
1071 4789 1390 4858 διοικήσεως
1430 4786 1603 4852 ἄξιον,
1644 4788 1738 4839 καὶ
1782 4787 2081 4857 δυνάμενον

502 4884 733 4953 φυλάξαι
778 4887 876 4951 τὴν
914 4883 1223 4953 ἐπιστήμην
1272 4881 1379 4934 τῶν
1416 4880 1665 4950 μοναχῶν
1706 4881 1800 4933 καὶ
1842 4880 1941 4952 τὴν
1987 4880 2079 4933 τοῦ

503 4971 868 5042 μοναστηρίου
899 4970 1255 5024 κατάστασιν⁹
1287 4968 1355 5021 τὰ
1382 4969 1521 5022 αύτά
1551 4969 1644 5021 καὶ
1677 4969 1806 5039 περὶ
1834 4969 1944 5022 τῶν
1976 4986 2075 5037 γυ-

501 5062 753 5117 ναικείων
802 5062 1180 5133 μοναστηρίων
1234 5062 1329 5114 καὶ
1390 5061 1772 5132 ἀσκητηρίιυν’
1826 5060 1895 5113 τὰ
1940 5062 2081 5114 αὐτά

503 5172 636 5225 φησι
667 5156 761 5207 καὶ
790 5155 822 5223 ἡ
854 5154 921 5221 ιγ’
951 5154 1089 5208 διάτ.
1116 5153 1212 5206 τοῦ
1253 5152 1417 5206 αὑτοῦ
1457 5152 1562 5207 τίτ.
1594 5152 1946 5224 προστιθεῖσα
1998 5153 2079 5205 ὅτι

498 5248 579 5300 δεῖ
608 5247 708 5318 τὴν
736 5247 998 5317 ἐπελογην
1023 5244 1118 5300 τοῦ
1146 5246 1299 5312 ἀξίου
1336 5244 1606 5299 ποιεῖσθαι
1641 5246 1750 5298 ἀπὸ
1794 5242 1889 5298 τοῦ
1929 5243 2078 5315 πρώ-

499 5354 592 5390 του
615 5376 633 5402 ,
674 5338 767 5390 καὶ
798 5335 941 5389 οὕτω
977 5336 1119 5391 κατὰ
1170 5335 1378 5406 βαθμὸν
1422 5337 1512 5389 διὰ
1552 5337 1659 5389 τῶν
1692 5336 1837 5407 ἑξῆς·
1885 5337 1936 5389 οἱ
1970 5337 2076 5407 γὰρ

502 5428 708 5499 πρῶτοι
739 5428 879 5493 ἄξιοι
914 5428 1249 5499 φαινόμενοι,
1283 5428 1658 5499 προτιμῶνται
1697 5430 1803 5481 τῶν
1838 5431 1953 5498 μετ’
1980 5430 2078 5482 αύ-

499 5522 648 5586 τοὺς,
676 5520 752 5583 ὡς
776 5523 809 5591 ἡ
836 5527 933 5591 μςν
961 5520 1103 5575 διάτ.
1130 5520 1225 5574 τοῦ
1248 5519 1299 5589 γ’
1320 5519 1416 5573 τοῦ
1444 5520 1659 5591 α’.βιϐλ.
1691 5523 1723 5592 ή
1747 5522 1803 5574 δὲ
1829 5520 1905 5573 λθ¹
1935 5519 2075 5574 διάτ.

501 5614 594 5666 ’τιῦ
637 5613 800 5666 αὑτοῦ
841 5614 945 5667 τίτ.
993 5612 1256 5683 διορίζει,
1303 5614 1386 5667 ὅτι
1430 5615 1554 5677 τοὺς
1599 5613 1695 5683 μὲν
1741 5613 2079 5683 ἡγουμένους

502 5708 797 5762 ἑπιϐλέπου
808 5724 889 5761 σιν
916 5707 964 5760 oi
988 5708 1294 5772 ἐπίσκοποι,
1317 5706 1441 5770 τοὺς
1472 5706 1527 5760 δὲ
1551 5708 1819 5777 μοναχοϋς
1844 5708 1892 5759 οἱ
1922 5707 2080 5777 ήγούδ

2188 4605 2354 4659 tinnis
2402 4616 2531 4659 sunt
2554 4644 2569 4665 ,
2601 4604 2900 4673 elegerint,
2938 4619 3122 4659 coram
3158 4603 3467 4674 Evangeliis
3498 4612 3720 4674 agentes
3746 4643 3762 4665 ,

2186 4698 2329 4767 quod
2365 4712 2471 4751 non
2503 4712 2599 4766 per
2625 4696 2925 4751 amicitiam
2956 4706 3051 4750 aut
3089 4696 3319 4765 gratiam
3363 4696 3540 4765 ipsum
3585 4694 3767 4763 elege-

2190 4792 2319 4855 rint,
2368 4790 2460 4846 sed
2499 4789 2647 4862 [ideo
2678 4788 2817 4857 quod
2827 4787 2845 4859 j
2876 4787 3247 4842 orthodoxum
3302 4787 3558 4857 ipsumet
3598 4785 3768 4845 hone-

2189 4894 2331 4939 stum
2370 4882 2640 4945 noverint,
2685 4886 2742 4935 et
2776 4880 3252 4935 administratione
3306 4880 3551 4951 dignum,
3585 4876 3766 4949 [quod

2192 4970 2357 5045 item]
2400 4971 2793 5026 monachorum
2841 4969 3181 5039 disciplinam
3234 4976 3397 5038 atque
3448 4965 3767 5029 monasterii

2183 5073 2385 5119 statum
2408 5077 2733 5117 conservare
2747 5061 2938 5127 possit.
2955 5060 3153 5115 Eadem
3168 5060 3332 5115 etiam
3360 5062 3411 5113 in
3440 5058 3765 5114 mulieribus

2184 5156 2503 5210 monasterii
2522 5164 2685 5224 atque
2701 5154 2983 5209 asceteriis
3002 5151 3233 5224 [servari
3249 5152 3445 5207 drbere
3463 5150 3640 5221 dicit.]
3666 5152 3767 5206 Ea.

2184 5249 2305 5303 dem
2342 5262 2562 5318 quoque
2589 5246 2980 5315 dicitejusdem
3004 5246 3089 5300 tit.
3114 5254 3289 5300 const.
3328 5242 3415 5311 I5,
3435 5245 3661 5309 addens,
3679 5242 3765 5297 di-

2177 5356 2335 5411 gnam
2358 5340 2677 5395 electionem
2697 5354 2723 5391 a
2739 5340 2999 5409 primo,et
3013 5338 3093 5393 sic
3108 5337 3364 5405 deinceps
3380 5350 3475 5406 per
3491 5336 3627 5391 alios
3642 5350 3695 5403 ει
3707 5352 3766 5386 ιιι-

2177 5431 2343 5483 datim
2374 5437 2623 5499 oportere
2647 5427 2782 5481 ﬁeri.
2818 5426 2920 5493 Qui
2958 5427 3101 5480 enim
3128 5425 3284 5496 primi
3313 5423 3459 5494 digni
3493 5424 3763 5483 videntur,

2178 5522 2542 5591 praeferuntur
2571 5520 2942 5581 inferioribus,
2967 5528 3220 5573 utconst.
3245 5518 3337 5579 46,
3374 5515 3456 5569 tit.
3490 5514 3557 5576 5,
3594 5514 3685 5566 lib.
3726 5530 3760 5575 ι,

2181 5610 2484 5683 [traditum]
2540 5612 2794 5682 Ejusdem
2849 5621 3030 5665 autem
3077 5611 3159 5663 tit.
3211 5616 3387 5663 cunst.
3428 5606 3515 5672 59,
3550 5615 3760 5663 statim,

2181 5716 2237 5759 ut
2286 5706 2521 5775 episcopi
2572 5706 2853 5775 praesules,
2907 5702 3165 5771 praesules
3221 5709 3403 5753 autem
3456 5700 3758 5752 monac-lae
