4156 6452
437 284 539 348 817

1606 272 1861 334 ΡΙΙΟΤΙΙ
1899 270 2396 329 I‘ATRIARCILE
2429 270 2535 329 ΟΡ.

3606 268 3718 332 848

440 397 734 467 inspiciam
778 413 791 449 :
842 406 895 452 et
932 412 1001 451 ne
1045 395 1277 451 duorum
1327 388 1783 447 monasteriorum
1824 384 2011 456 [unus]

2122 400 2307 452 μενοι,
2349 383 2442 436 καὶ
2471 385 2551 437 ὃτι
2589 382 2681 435 δύο
2720 380 3096 453 μοναστηρίων
3140 381 3201 434 ού
3228 379 3436 450 γίνεται
3464 383 3497 436 ὁ
3544 384 3720 445 αὐτὸς

435 491 575 545 idem
608 488 759 561 [que]
795 489 991 559 praesul
1033 489 1124 543 sit.

498 581 655 637 CAP.
700 580 803 635 Ἰν.
849 613 918 625 -—
970 579 1051 633 Ne
1118 577 1402 631 monac/ms
1447 586 1633 628 (emere
1685 570 2006 623 monasterio

425 683 573 727 exeat
604 673 683 726 vel
710 674 917 743 negotia
944 678 1132 726 tractet
1153 678 1241 735 et;
1270 667 1408 739 quod
1435 665 1674 719 monachi
1700 666 1756 717 in
1781 661 2009 731 episcopi

426 775 682 831 potestate
707 776 851 819 sunt.

551 858 781 911 Concilii
815 857 1251 913 Chalcedonensis
1285 868 1509 906 canones
1538 850 1593 914 5,
1630 850 1683 912 ό,
1717 849 1771 913 8,
1794 847 1884 901 25.

503 948 556 1002 3.
606 947 856 1002 Pervenit
906 947 971 1001 ad
1022 955 1263 1000 sanctam
1321 942 1587 1013 synodum
1626 938 1772 1007 quod
1817 951 2007 991 eorum

436 1037 527 1105 qui
563 1037 617 1089 in
648 1036 851 1089 clerum
884 1033 1119 1101 cooptati
1154 1038 1311 1093 sunt,
1348 1040 1478 1093 etc.,
1518 1036 1573 1079 ut
1613 1042 1734 1093 pag.
1770 1023 1894 1077 685.

500 1129 555 1182 4.
599 1126 701 1192 Qui
730 1141 854 1179 vere
886 1138 939 1178 et
965 1125 1197 1185 sincere,
1229 1132 1331 1175 etc.
1357 1161 1370 1183 ,
1403 1129 1459 1171 ut
1490 1135 1612 1188 pag.
1642 1118 1766 1170 754.

496 1222 550 1273 8.
592 1217 786 1272 Clerici
822 1216 1392 1285 ptochotmphiorum,
1429 1222 1567 1277 etc.,
1596 1220 1652 1263 ut
1682 1226 1800 1279 pag.
1838 1209 1963 1264 659.

495 1313 586 1367 25.
628 1309 879 1363 Pervenit
917 1311 983 1363 ad
1041 1324 1204 1363 aures
1259 1315 1462 1362 sancta:
1510 1303 1723 1375 synodi,
1776 1312 1861 1357 etc
1893 1346 1905 1366 ,
1946 1312 2003 1354 ut

424 1422 547 1475 pag.
596 1404 719 1459 558.

578 1495 803 1550 Concilii
837 1494 1139 1547 cecumeuici
1172 1509 1221 1545 vi
1254 1506 1478 1544 canones
1505 1489 1594 1553 41,
1624 1489 1715 1552 42,
1751 1488 1839 1543 46.

498 1587 587 1640 41.
615 1586 721 1642 Eos
760 1586 851 1656 qui
878 1586 931 1637 in
960 1584 1187 1639 urbibus
1217 1584 1300 1636 vel
1337 1582 1472 1635 vicis
1503 1581 1556 1633 in
1591 1582 1877 1634 clausurus
1910 1594 2006 1632 vo-

430 1677 551 1731 lunt
599 1677 889 1738 secedere,
934 1684 989 1729 et
1047 1674 1148 1729 sibi
1202 1673 1336 1742 ipsis
1381 1671 1675 1741 separatim
1706 1671 2002 1733 attendere,

2117 476 2442 546 ἡγούμενος.

2192 568 2440 620 ΚΕΦΑΑ.
2483 566 2553 620 Δ’.
2584 598 2652 605 -
2691 566 2827 634 Περὶ
2863 566 2969 619 τοῦ
2997 568 3082 635 μὴ
3116 568 3195 632 ὠς
3216 569 3393 637 ἔτυχε
3425 569 3720 637 μοναχὸν

2120 660 2339 723 ἐξιέναι
2371 658 2475 712 τοῦ
2506 658 2940 727 μοναστηριου,
2977 658 3015 725 ἢ
3052 659 3362 727 πράγματα
3391 659 3545 728 apd:
3560 675 3717 726 τειγ,

2119 752 2215 804 καὶ
2243 750 2331 802 ὅτι
2357 750 2474 803 ὑπὸ
2509 750 2616 802 τὸν
2634 750 2971 802 ἐπίσκοπον
3000 750 3179 803 εὶσίν.

2223 845 2494 899 Συνόδου
2535 843 2917 910 Χαλκηδόνος
2954 846 3155 898 κανὼν
3185 852 3257 912 γ’,
3285 844 3348 909 δ’,
3376 845 3448 914 η’,
3480 851 3600 913 κγ’.

2189 937 2258 1007 γ’.
2290 935 2495 990 Ἦλθεν
2512 940 2590 999 είς
2610 936 2707 1006 τὴν
2732 937 2897 1004 ἁγίαν
2921 936 3156 1002 σύνοδον,
3184 938 3265 991 ὅτι
3290 938 3400 991 τῶν
3425 940 3483 991 ὲν
3510 937 3720 1010 κλήρῳ

2118 1027 2552 1096 κατειλεγμένων
2581 1028 2746 1092 τινὲς,
2777 1044 2832 1080 κ.
2868 1045 2918 1079 τ.
2949 1028 2997 1080 λ.

2188 1118 2247 1174 δ’.
2290 1119 2352 1171 Οἱ
2384 1118 2599 1189 άληθῶς
2624 1123 2717 1170 καὶ
2748 1118 3078 1188 εἰλικρινῶς,
3107 1136 3160 1171 κ.
3192 1135 3242 1170 τ.
3274 1118 3325 1172 λ.

2186 1209 2255 1281 η’.
2296 1211 2358 1263 Οί
2383 1210 2635 1280 κληρικοί
2659 1210 2765 1262 τῶν
2796 1210 3106 1278 πτωχείων,
3142 1227 3196 1261 κ.
3222 1227 3272 1262 τ.
3304 1210 3356 1264 λ.

2185 1308 2289 1369 κγ’.
2331 1297 2533 1354 Ἦλθεν
2568 1302 2647 1364 εἰς
2676 1302 2843 1363 ἀκοὰς
2875 1302 2973 1371 τῆς
3005 1301 3165 1368 ἁγίας
3194 1300 3439 1365 συνόδου,
3474 1317 3533 1353 κ.
3572 1318 3629 1353 τ.
3659 1299 3716 1353 λ.

2117 1486 2387 1541 Συνόδου
2440 1483 2858 1555 οίκουμετίκῆς
2922 1490 2976 1547 ς’
3014 1483 3214 1535 κανὼν
3269 1479 3379 1553 μα’,
3431 1480 3522 1553 μβ¹
3584 1499 3715 1554 μς.

2193 1576 2302 1648 μα’.
2344 1578 2482 1641 Τοὺς
2521 1578 2580 1630 ὲν
2625 1578 2841 1629 πόλεσιν
2886 1576 2917 1645 ἢ
2951 1576 3173 1645 χωρίοις
3214 1577 3273 1627 ὲν
3314 1576 3717 1646 ὲγκλείστραις

2119 1670 2475 1740 βουλομένους
2492 1670 2815 1739 ἀναχωρεῖν,
2840 1668 2930 1719 καὶ
2962 1668 3172 1728 ἑαυτοῖς
3191 1667 3508 1737 καταμόνας
3541 1683 3717 1737 προσ-

432 1771 586 1841 prius
618 1769 777 1840 363
807 1769 1025 1838 quidem
1066 1769 1119 1820 in
1176 1768 1568 1821 monasterium
1603 1764 1809 1835 ingredi
1841 1778 2006 1833 opor-

2113 1762 2273 1831 έχειν,
2306 1762 2572 1830 πρότερον
2601 1761 2657 1813 ἐν
2693 1759 3045 1830 μοναστηρὶῳ
3073 1759 3298 1812 εἰσιέναι
3330 1760 3444 1825 δεῖ,
3474 1759 3578 1813 καὶ
3605 1758 3715 1829 τὴν

436 1870 533 1924 tet,
571 1869 625 1915 et
662 1860 1130 1923 anachoreticam,
1159 1858 1262 1911 hoc
1294 1866 1398 1920 est,
1449 1856 1517 1909 ab
1555 1856 1675 1909 aliis
1704 1864 2008 1925 separatam

435 1968 501 2008 ac
549 1961 817 2007 semotam
870 1949 1085 2002 vivendi
1122 1948 1385 2001 rationem
1420 1960 1692 2007 exercere,
1734 1954 1788 1999 et.
1836 1945 2012 2014 spatio

433 2044 654 2103 triennii
687 2043 756 2109 ei,
790 2041 885 2112 qui
917 2040 1188 2095 mansioni
1226 2048 1438 2110 prmest,
1475 2038 1527 2092 in
1562 2036 1654 2091 Dei
1682 2037 1873 2090 timore
1911 2052 2010 2105 pa-

432 2154 575 2203 rere,
608 2145 664 2191 et
695 2134 1061 2191 obedientiam
1095 2132 1147 2185 in
1182 2132 1439 2185 omnibus
1464 2173 1478 2196 ,
1538 2139 1597 2183 ut
1654 2144 1871 2197 aequum
1906 2135 2008 2191 est,

431 2230 691 2299 implere,
732 2236 785 2281 et
811 2226 884 2279 ita
914 2225 1074 2295 hujus
1104 2224 1227 2277 vitm
1252 2222 1508 2290 eligendte
1536 2222 1845 2274 institutum
1887 2234 2012 2287 pro-

430 2320 679 2383 ﬁtentes;
736 2324 789 2370 et
820 2314 963 2384 quod
1020 2329 1139 2367 eam
1198 2328 1265 2366 ex
1318 2321 1429 2366 toto
1479 2311 1642 2364 corde
1683 2325 1781 2363 sua
1818 2317 2012 2378 sponte

430 2411 872 2480 amplectuntur,
929 2407 997 2461 ab
1048 2406 1169 2475 ejus
1224 2405 1327 2459 loci
1384 2402 1617 2472 praesule
1663 2400 2007 2455 examinari:

429 2503 627 2559 deinde
658 2502 738 2557 sic
766 2501 874 2554 alio
905 2512 1052 2553 anno
1111 2508 1265 2551 extra
1324 2498 1633 2550 clausuram
1685 2493 1899 2546 fortiter
1952 2507 2011 2546 se

430 2606 638 2662 gerere,
667 2597 727 2643 ut
757 2603 958 2657 seopus
1006 2602 1195 2641 eorum
1238 2586 1431 2639 evadat
1466 2581 1830 2636 manifestior.
1858 2579 2011 2635 Tunc

429 2686 574 2739 enim
630 2684 786 2752 plene
839 2696 902 2734 ac
955 2679 1191 2749 perfecte
1246 2677 1669 2747 significabunt,
1720 2674 2009 2742 quodnon

430 2778 647 2831 inanem
686 2774 912 2844 gloriam
937 2782 1242 2842 captantes.
1277 2774 1370 2824 sed
1430 2777 1655 2839 prOpter
1688 2769 1867 2837 ipsum
1925 2782 2011 2819 re-

427 2885 554 2923 vera
588 2867 875 2933 pulchrum
915 2880 979 2918 ac
1005 2865 1292 2917 honestum
1333 2864 1432 2915 hoc
1458 2861 1629 2915 otium
1664 2874 2009 2929 persequun-

429 2972 539 3023 tur,
601 2967 724 3028 pust
790 2967 973 3011 autem
1034 2955 1298 3023 temporis
1346 2953 1829 3021 complementum,
1860 2950 1902 3003 si
1956 2950 2008 3002 in

429 3053 620 3107 eodem
678 3050 941 3119 eligendae
989 3048 1114 3101 vitae
1175 3046 1423 3099 instituto
1481 3050 1873 3114 permaneant,
1930 3042 2011 3094 iu-

2113 1852 2540 1923 ἀναχωρητικὴν
2582 1850 3048 1922 παιδοτριϐεῖσθαι
3104 1851 3405 1921 διαγωγὴν,
3457 1852 3556 1903 καὶ
3612 1851 3713 1903 ἐπὶ

2114 1944 2302 2013 τριετῆ
2335 1942 2525 2012 χρόνον
2554 1942 2630 2011 τῷ
2661 1942 2759 2011 τῆς
2793 1942 2959 2012 μονῆς
2992 1940 3273 2010 ὲξάρχοντι
3308 1944 3363 1993 ὲν
3386 1941 3540 2009 φόϐῳ
3568 1940 3714 1992 Θεοῦ

2114 2034 2535 2097 ὑποτάττεσθαι,
2591 2036 2682 2086 καὶ
2732 2034 2828 2103 τὴν
2875 2034 3016 2086 κατὰ
3070 2033 3249 2085 πάντα
3294 2031 3370 2094 ὡς
3420 2032 3718 2102 προσῆκεν

2115 2127 2359 2199 ὑπακοὴν
2408 2127 2738 2197 ἐκπληροῦν,
2789 2128 2883 2179 καὶ
2931 2126 3103 2189 οὕτως
3137 2126 3541 2194 ὁμολογοῦντας
3576 2124 3716 2193 περὶ

2113 2221 2209 2288 τῆς
2242 2222 2301 2273 ὲν
2339 2220 2415 2289 τῷ
2439 2220 2665 2289 τοιούτῳ
2705 2218 2803 2288 βίῳ
2835 2218 3228 2289 προαιρέσεως,
3267 2217 3360 2269 καὶ
3389 2217 3463 2280 ὡς
3492 2215 3557 2280 ἐξ
3578 2216 3716 2285 ὅλης

2113 2310 2340 2381 καρδίας
2370 2311 2635 2372 ἑκουσίως
2669 2310 2856 2362 τοῦτον
2890 2308 3223 2371 ἀσπάζονται
3245 2348 3258 2371 ,
3290 2308 3393 2362 ὑπὸ
3432 2306 3529 2360 τοῦ
3563 2308 3715 2360 κατὰ

2040 2402 2041 2405 “
2112 2400 2203 2455 τὸν
2248 2400 2412 2454 τόπον
2458 2399 2847 2470 δοκιμάζεσθαι
2906 2400 3169 2471 προέδρου
3198 2416 3211 2430 ο
3264 2394 3363 2451 εἶθ’
3395 2400 3575 2461 οὕτως
3623 2398 3716 2468 ἐφ’

2111 2491 2296 2562 ἕτερον
2344 2491 2611 2555 ἐνιαυτὸν,
2644 2489 2843 2554 ἔξωθεν
2875 2492 2973 2560 τῆς
3021 2490 3378 2559 ὲγκλείστρας
3419 2507 3716 2561 προσκαρο

2112 2584 2311 2652 τερεῖν,
2338 2582 2409 2644 ὡς
2441 2582 2506 2635 ἂν
2545 2584 2572 2634 ὁ
2604 2582 2805 2644 σκοπὸς
2834 2582 3012 2634 αὐτῶν
3040 2581 3301 2644 πλειόνως
3332 2581 3711 2652 φανερωθείη·

2111 2673 2411 2744 τηνικαῦτα
2434 2672 2541 2743 γὰρ
2564 2674 2939 2745 πληροφορίαν
2968 2673 3316 2743 παρέξουσιν
3347 2673 3421 2736 ὡς
3446 2674 3507 2725 οὐ
3540 2674 3713 2743 κενὴν

2114 2766 2422 2837 θηρώμενοι
2457 2768 2635 2833 δόξαν,
2672 2767 2807 2820 ἀλλὰ
2839 2768 2903 2819 δι’
2931 2769 3064 2821 αὐτὸ
3087 2769 3148 2820 τὸ
3177 2768 3346 2830 ὅντως
3382 2768 3571 2831 καλὸν,
3606 2768 3713 2839 τὴν

2115 2860 2344 2928 ἡσυχίαν
2374 2859 2578 2928 ταύτην
2609 2859 3025 2929 μεταδιώκουσι’
3074 2860 3211 2928 μετὰ
3240 2860 3297 2912 δὲ
3319 2860 3418 2927 τὴν
3448 2860 3547 2912 τοῦ
3572 2877 3707 2913 τοσ-

2113 2952 2272 3004 ούτου
2316 2952 2508 3022 χρόνου
2554 2951 2967 3021 συμπλήρωσιν,
3017 2952 3065 3003 εί
3102 2954 3167 3023 τῇ
3198 2952 3335 3022 αὐτῇ
3374 2952 3711 3022 προαιρέσει

2115 3044 2425 3111 ὲμμένοιεν,
2458 3043 2839 3111 ἐγκεκλεῖσθαι
2867 3043 3083 3107 αὐτοὺς,
3119 3045 3213 3096 καὶ
3246 3044 3446 3113 μηκέτι
3472 3044 3710 3107 τούτους

429 3142 571 3197 eludi
606 3140 773 3208 ipsos,
805 3148 859 3192 et
888 3138 969 3191 eis
1004 3152 1112 3190 non
1153 3136 1389 3205 amplius
1423 3135 1622 3191 licere.
1656 3134 1875 3202 quando
1912 3148 2007 3186 vo-

2115 3136 2313 3199 ὲξεῖναι
2348 3136 2433 3188 ὅτε
2470 3136 2757 3206 βούλονται
2817 3138 2915 3206 τῆς
2950 3135 3206 3205 τοιαύτης
3246 3138 3565 3207 καταμονῆς
3597 3138 3710 3207 ἀφ-

430 3236 655 3295 lueriut,
707 3247 772 3285 ex
815 3231 911 3285 tali
954 3229 1237 3283 mansione
1268 3228 1493 3297 egredi,
1548 3236 1913 3295 praeterquam
1964 3225 2010 3279 si

431 3333 653 3396 propter
678 3336 1022 3377 communem
1057 3320 1344 3373 utilitatem
1377 3320 1459 3374 vel
1513 3318 1675 3371 aliam
1711 3317 2008 3371 necessita-

430 3432 538 3473 tem
574 3418 639 3471 ad
677 3422 903 3469 mortem
950 3420 1256 3482 urgentem,
1298 3412 1363 3465 ad
1397 3411 1449 3463 id
1485 3410 1807 3473 trahentur;
1854 3416 1909 3461 et
1938 3407 2008 3461 ita

430 3525 554 3565 eum
606 3506 985 3563 benedictione
1040 3504 1160 3573 ejus
1206 3502 1309 3556 loci
1363 3500 1626 3571 episcopi.
1683 3500 1787 3565 Qui
1829 3507 2011 3553 autem

430 3603 550 3656 sine
602 3601 687 3654 his
720 3600 831 3669 jam
863 3597 1027 3651 dictis
1058 3596 1239 3649 causis
1264 3611 1330 3649 ex
1358 3597 1475 3649 suis
1506 3594 1833 3649 habitaculis
1863 3594 2013 3649 exire

430 3694 841 3764 aggrediuntur,
854 3692 1031 3760 primo
1048 3689 1268 3758 quidem
1283 3688 1367 3742 vel
1387 3688 1584 3741 invitos
1601 3688 1745 3742 dicta
1758 3688 2009 3742 clausura

430 3787 695 3851 coerceri,
726 3785 919 3838 deinde
946 3782 1169 3852 ieiuniis
1198 3791 1251 3835 et
1279 3780 1399 3834 aliis
1432 3778 1817 3833 afﬂictionibus
1862 3780 2009 3847 ipsos

431 3895 626 3936 curare
652 3879 906 3943 scientes,
923 3873 1382 3945 quemadmodum
1404 3872 1664 3940 scriptum
1680 3880 1761 3925 est
1780 3872 1846 3935 ⁸⁸,
1865 3870 2010 3940 quod

434 3989 593 4028 nemo
620 3974 713 4043 qui
751 3985 973 4025 manum
1005 3976 1190 4022 aratro
1231 3965 1480 4030 immisit,
1522 3974 1575 4018 et
1607 3972 1751 4019 retro
1780 3978 2014 4017 convcr-

432 4082 528 4123 sus
556 4075 658 4133 est,
686 4073 844 4134 aptus
870 4070 954 4118 est
989 4076 1160 4132 regno
1190 4059 1475 4114 caelorum.

498 4247 588 4301 42.
619 4246 725 4301 Eos
752 4245 845 4316 qui
870 4244 1129 4299 dicuntur
1163 4241 1429 4307 eremitaa,
1461 4241 1555 4311 qui
1578 4239 1798 4309 quidem
1836 4239 2009 4309 nigris

429 4340 678 4394 vestibus
712 4337 912 4400 induti,
946 4347 1001 4390 et
1041 4335 1219 4403 copite
1249 4333 1450 4388 eomati
1477 4333 1639 4387 urbes
1679 4332 1904 4398 obeunt,
1957 4341 2015 4386 et

429 4447 554 4487 cum
587 4432 721 4484 viris
760 4428 1119 4484 saecularibus
1152 4440 1216 4479 ac
1248 4425 1568 4479 mulieribus
1598 4433 1908 4488 versantur,
1956 4432 2011 4477 et
2044 4459 2086 4513 Β

426 4523 661 4593 propria:
697 4519 1030 4591 professioni
1060 4516 1270 4571 faciunt
1310 4515 1592 4585 iujuriam,
1617 4516 1931 4580 statuimus,
1962 4515 2009 4570 si

427 4616 689 4687 elegerint
720 4611 942 4682 quidem
987 4609 1165 4664 tonsis
1210 4608 1387 4663 comis
1438 4608 1775 4677 reliquorum
1825 4623 2010 4662 mona-

428 4710 657 4763 chorum
691 4705 951 4759 amictum
979 4701 1281 4769 suscipere,
1313 4715 1409 4755 eos
1439 4700 1492 4753 in
1523 4699 1858 4755 monasterio
1880 4714 2011 4754 con-

428 4802 601 4864 stitui,
628 4809 681 4854 et
714 4799 854 4851 inter
902 4793 1067 4865 365
1116 4793 1313 4847 fratres
1357 4792 1569 4847 referri.
1605 4793 1761 4858 Quod
1810 4791 1857 4847 si
1904 4791 2009 4846 hoc

430 4911 535 4948 non
562 4891 843 4961 elegerint,
886 4903 952 4942 ex
1000 4886 1232 4941 urbibus
1284 4886 1522 4954 expelli,
1575 4894 1629 4939 et
1680 4884 2005 4941 solitudines

431 4984 698 5047 habitare,
728 4997 799 5037 ex
834 4980 1033 5049 quibus
1065 4977 1169 5031 sibi
1205 4979 1371 5032 etiam
1406 4977 1853 5033 denominatione
1880 4993 2007 5032 eon-

429 5084 565 5130 liuxr
576 5092 651 5130 re.

496 5258 735 5326 46.Quaz
762 5259 925 5311 vitam
969 5254 1405 5311 exercitatoriam
1442 5254 1671 5325 eligunt,
1710 5263 1765 5311 et
1795 5256 1849 5310 in
1884 5271 2001 5311 mo-

427 5350 682 5404 nasteriis
714 5357 843 5401 sunt
877 5347 1208 5408 constitutae,
1259 5359 1327 5399 ue
1377 5345 1600 5398 omnino
1646 5346 2004 5416 progredian-

428 5452 536 5499 tur.
563 5442 619 5496 Si
657 5458 762 5512 qua
798 5451 979 5495 autem
1034 5436 1389 5495 inexorabilis
1446 5442 1747 5496 necessitas
1785 5456 1879 5497 eas
1937 5440 2006 5496 ad

426 5534 531 5590 hoc
559 5534 728 5589 trahit
771 5549 897 5589 cum
944 5531 1325 5590 benedictione
1368 5542 1424 5589 et
1470 5533 1836 5605 permissione
1883 5534 2004 5604 ejus

497 5712 543 5743 ⁸³
575 5713 705 5767 Luc.
734 5729 815 5778 -ιι,
846 5713 931 5767 62.

2120 3228 2401 3294 ίστασθαι,
2433 3229 2589 3291 ἐκτὸς
2632 3230 2680 3281 εί
2728 3228 2802 3299 μὴ
2853 3228 2941 3281 διὰ
2990 3228 3178 3299 κοινὴν
3224 3228 3562 3283 λυσιτέλειαν
3609 3231 3710 3284 καὶ

2116 3319 2402 3389 ὠφέλειαν,
2440 3320 2473 3390 ἢ
2522 3319 2717 3391 ἑτέραν
2765 3320 3013 3390 ἀνάγκην
3050 3320 3185 3393 πρὸς
3229 3321 3458 3375 θάνατον
3505 3324 3711 3386 αὐτοὺς

2119 3412 2449 3484 βιαζομένην
2484 3415 2621 3484 πρὸς
2648 3413 2804 3466 τοῦτο
2830 3414 3074 3467 ἓλκοιντο
3098 3432 3112 3445 ο
3159 3415 3253 3467 καὶ
3281 3414 3422 3467 οὕτω
3456 3413 3583 3482 μετ’
3614 3417 3711 3468 εύ-

2116 3506 2305 3575 λογίας
2342 3506 2435 3558 τοῦ
2468 3506 2608 3559 κατὰ
2633 3506 2725 3559 τὸν
2763 3506 2928 3558 τόπον
2956 3507 3277 3560 ἐπισκόπου·
3310 3508 3418 3562 τῶν
3447 3510 3504 3562 δὲ
3547 3511 3709 3581 εἰρηο

2119 3598 2297 3666 μένων
2328 3598 2654 3667 προφάσεων
2683 3597 2833 3667 δίχα,
2869 3597 3257 3666 ἐγχειροῦντας
3300 3602 3364 3653 ὲκ
3408 3601 3519 3653 τῶν
3570 3617 3707 3654 κατα

2121 3688 2380 3756 αγωγίων
2426 3689 2606 3743 αὐτῶν
2654 3688 2880 3756 ἐξιέναι,
2913 3693 3285 3759 πρωτοτύπως
3316 3692 3414 3762 μὲν
3462 3694 3703 3755 ἄκοντας

2116 3781 2493 3851 καθειργνύειν
2520 3784 2576 3835 ὲν
2604 3786 2670 3854 τῇ
2702 3786 2966 3857 εἰρημένῃ
3014 3785 3339 3855 ὲγκλείστρᾳ
3370 3824 3383 3847 ,
3417 3784 3615 3837 ἔπειτα
3645 3783 3704 3836 δὲ

2114 3875 2391 3943 νηστείαις
2417 3876 2510 3928 καὶ
2541 3876 2758 3945 ἑτέραις
2802 3878 3248 3948 σκληραγωγίαις
3286 3878 3484 3940 αὐτοὺς
3534 3878 3702 3947 θερα-

2117 3965 2325 4031 πεύειν,
2362 3968 2569 4030 εεδότας
2595 3970 2739 4022 κατὰ
2768 3970 2826 4021 τὸ
2852 3970 3259 4041 γεγραμμένον,
3286 3969 3362 4032 ὡς
3396 3968 3575 4031 οὐδεὶς
3606 3969 3704 4038 βα-

2115 4058 2222 4110 λὼν
2266 4059 2363 4129 τὴν
2410 4063 2569 4130 χεῖρα
2620 4061 2705 4112 ἐπ’
2756 4061 3009 4133 ἄροτρον,
3053 4062 3148 4114 καὶ
3201 4060 3461 4129 στραφεὶς
3504 4063 3587 4124 είς
3632 4059 3702 4112 τὰ

2114 4151 2309 4216 ὀπίσω,
2339 4151 2553 4216 εὔθετός
2579 4156 2726 4206 ἐστιν
2756 4156 2834 4216 είς
2861 4154 2958 4225 τὴν
2992 4154 3269 4225 βασιλείαν
3293 4153 3399 4207 τῶν
3426 4152 3701 4225 οὐρανῶν.

2190 4244 2297 4312 μβ’.
2338 4244 2477 4307 Τοὺς
2509 4244 2834 4316 λεγομένους
2860 4250 3125 4318 ὲρημῖτας
3145 4287 3160 4311 ,
3187 4249 3239 4300 οἴ
3269 4264 3412 4311 τινες
3446 4247 3701 4313 μελανειο

2116 4334 2427 4403 μονοῦντες,
2458 4336 2551 4388 καὶ
2596 4335 2695 4399 τὰς
2748 4337 2989 4405 κεφαλὰς
3038 4337 3318 4408 κομῶντες
3370 4336 3699 4408 περιάγουσι

2114 4423 2212 4487 τὰς
2233 4424 2434 4490 πόλεις,
2461 4427 2662 4496 μεταξὺ
2684 4427 2893 4497 ἀνδρῶν
2923 4427 3127 4481 λαϊκῶν
3149 4428 3241 4480 καὶ
3266 4428 3539 4495 γυναικῶν
3565 4429 3700 4481 ἁνα-

2117 4516 2513 4587 στρεφόμενοι,
2551 4517 2646 4571 καὶ
2706 4518 2765 4570 τὸ
2812 4520 3011 4572 οἰκεῖον
3060 4520 3386 4589 ἐπάγγελμα
3435 4518 3697 4590 καθυϐρί-

2113 4607 2317 4673 ζοντες,
2349 4609 2623 4681 ὁρίζομεν,
2658 4610 2705 4663 εί
2744 4611 2841 4681 μὲν
2873 4610 3153 4682 αἱροῦνται
3201 4612 3300 4676 τὰς
3349 4611 3525 4681 κόμας
3556 4613 3696 4666 ἁπο-

2111 4699 2449 4768 κειράμενοι,
2483 4699 2544 4752 τὸ
2593 4700 2702 4754 τῶν
2758 4701 2963 4755 λοιπῶν
3023 4704 3273 4773 μοναχῶν
3332 4703 3694 4767 ἀναδέξασθαι

2113 4790 2327 4859 σχῆμα,
2364 4790 2586 4853 τούτους
2616 4792 2677 4845 ὲν
2713 4795 3061 4865 μοναστηρίῳ
3108 4797 3571 4865 ὲγκαθίστασθαι,
3599 4795 3695 4851 καὶ

2111 4884 2227 4945 τοῖς
2255 4882 2507 4953 ἀδελφοῖς
2537 4886 3001 4955 ὲγκαταλέγεσθαι
3024 4904 3036 4919 ·
3073 4892 3121 4941 εὶ
3170 4890 3227 4943 δὲ
3267 4893 3341 4962 μὴ
3369 4890 3527 4945 τοῦτο
3560 4907 3694 4962 προ-

2115 4976 2337 5041 έλοιντο,
2372 4979 2721 5035 παντάπασιν
2752 4981 2951 5046 αὐτοὺς
2995 4982 3104 5036 τῶν
3154 4984 3363 5037 πόλεων
3393 4986 3693 5039 ἀπελαύνε-

2116 5070 2258 5136 σθαι,
2293 5072 2387 5125 καὶ
2412 5072 2509 5135 τὰς
2536 5073 2777 5143 ἐρήμους
2807 5075 2997 5142 οἰκεῖν,
3030 5075 3089 5141 ἐξ
3116 5069 3190 5129 ὧν
3232 5078 3325 5131 καὶ
3350 5078 3448 5150 τὴν
3483 5080 3689 5132 ἐπωνυο

2117 5162 2246 5231 μίαν
2284 5162 2495 5226 ἑαυτοῖς
2531 5164 2927 5222 ἀνεπλάσαντο.

2189 5255 2307 5323 μς’.
2345 5258 2411 5308 Αἱ
2441 5255 2533 5309 τδν
2559 5257 2855 5326 ἀσκητικὸν
2880 5261 3202 5332 αἱρούμεναι
3238 5264 3372 5334 βίον,
3392 5267 3485 5320 καὶ
3512 5267 3568 5320 ἐν
3592 5284 3689 5337 μο-

2114 5349 2389 5421 ναστηρίῳ
2416 5352 2885 5419 καταταττόμεναι
2905 5396 2918 5418 ,
2950 5356 3177 5410 καθόλου
3212 5360 3285 5430 μὴ
3315 5361 3684 5432 προῖέτωσαν·

2113 5440 2242 5492 εἰνδέ
2270 5458 2352 5504 τις
2388 5443 2764 5517 ἀπαραίτητος
2790 5447 2959 5510 αύτὰς
2989 5448 3200 5520 ἀνάγκη
3247 5453 3382 5522 πρὸς
3413 5453 3570 5506 τοῦτο
3602 5452 3685 5503 ἕλ-

2114 5549 2219 5598 κοι,
2249 5534 2366 5602 μετ’
2401 5535 2653 5605 εὐλογίας
2697 5540 2791 5593 καὶ
2837 5540 3140 5613 ἐπιτροπῆς
3188 5542 3286 5613 τῆς
3342 5543 3688 5615 προεστώσης
