4156 6442
501 533 611 600 85.9

1316 537 1715 600 SYNTAGMA
1753 539 2140 616 CANONUM.
2167 539 2401 599 -—T[T.
2446 540 2550 610 Χῐ,
2595 541 2750 600 CAP.
2797 542 2896 603 IV.

3658 539 3764 606 850

502 653 664 710 τοῦτο
689 649 1077 724 πραττέτωσαν
1095 666 1110 682 ο
1145 650 1240 706 καὶ
1265 653 1386 705 τότε
1420 653 1493 723 μὴ
1525 654 1682 721 μόναι
1709 654 1834 707 καθ’
1859 656 2081 720 ἑαυτὰς,
2113 695 2121 715 η

2211 670 2307 725 [me
2341 663 2565 725 prmest,
2608 656 2712 712 hoc
2738 663 2920 727 agant,
2953 665 3192 725 tuncque
3215 669 3322 708 non
3373 655 3502 710 sola:
3551 670 3646 724 per
3682 673 3763 723 se,

502 746 642 800 ἀλλά
693 744 832 816 μετά
875 760 1039 797 τινων
1073 744 1446 813 πρεσϐυτίδων
1476 747 1570 800 καὶ
1600 748 2001 817 πρωτευουσῶν
2028 749 2086 802 ὲν

503 836 583 908 τῷ
631 836 1011 907 μοναστηρίῳ,
1049 837 1167 906 μετ’
1203 836 1424 907 ἐντολῆς
1481 838 1580 908 τῆς
1630 838 2085 910 καθηγουμένης·

506 926 788 990 παντελῶς
827 927 884 980 δὲ
931 927 1101 991 αὑτὰς
1145 926 1251 994 ἔξω
1295 929 1496 981 κοιτεῖν
1541 929 1641 982 οὑκ
1683 929 1922 994 ἔξεστινο
1954 929 2092 984 ἀλλὰ

507 1020 602 1072 καὶ
631 1018 825 1088 ἄνδρες
857 1019 908 1071 οἱ
938 1019 1031 1072 τὸν
1065 1019 1276 1090 μονήρη
1310 1018 1426 1090 βίον
1451 1021 1858 1091 μετερχόμενοι,
1901 1022 2090 1093 χρείας

505 1108 857 1180 ἐπειγούσης,
886 1109 977 1163 καὶ
1002 1110 1157 1163 αὑτοὶ
1189 1110 1308 1182 μετ’
1334 1110 1586 1180 εὐλογίας
1616 1112 1710 1166 τοῦ
1733 1113 1830 1185 τὴν
1857 1115 1989 1186 ὴγου
1998 1131 2092 1185 με-

505 1200 657 1254 νείαν
681 1201 1193 1271 ἐμπεπιστευμένου
1223 1202 1563 1273 προῖὲτωσαν
1583 1219 1600 1236 ο
1635 1204 1778 1259 ὥστε
1822 1207 1870 1260 οἱ
1911 1223 2090 1278 παρα-

508 1293 789 1357 ϐαίνοντες
836 1293 928 1346 τὸν
971 1293 1066 1348 νῦν
1107 1293 1393 1364 ὁρισθέντα
1439 1294 1571 1366 παρ’
1599 1296 1756 1367 ήμῶν
1787 1298 1913 1369 ὅρον
1939 1338 1954 1362 ,
1982 1299 2093 1352 εἴτε

509 1385 700 1457 ἄνδρες
747 1379 860 1438 εῐεν
907 1383 1019 1438 εἴτε
1067 1386 1354 1453 γυναῖκες,
1407 1387 1738 1458 προσφόροις
1796 1389 2094 1457 ἐπιτιμίοις

511 1475 998 1545 ὑποϐληθήτωσαν.

511 1566 781 1622 Συνοὸου
891 1565 988 1640 καί
1024 1565 1082 1631 ,ϐ’
1106 1569 1633 1640 ρὐγκροζηθείσης
1677 1571 1748 1624 ἐν
1779 1575 2095 1626 Κωνσταν-

583 1639 924 1711 τινορπόῖζει
953 1635 1294 1711 ᾆνΑτῷμν-αῷ
1311 1635 1654 1711 τῶν-Ἀνίων·
1697 1641 2094 1696 Ἄποστόλων

585 1706 791 1760 κανὼν
828 1705 893 1776 β’,
926 1705 995 1775 γ’,
1023 1707 1086 1772 δ’,
1117 1704 1182 1762 ε’.

585 1797 652 1869 β’.
689 1797 903 1868 Ἐπειδή
927 1815 1071 1862 τινες
1100 1798 1193 1852 τὸν
1225 1800 1437 1871 μονήρη
1471 1799 1582 1871 βίον
1609 1800 1932 1857 ὑποδύεσθαι
1958 1821 2091 1874 σχη-

516 1888 855 1960 ματίζονται,
883 1891 982 1960 οὑχ
1012 1891 1100 1944 ἵνα
1131 1891 1250 1962 Θεῷ
1282 1892 1539 1963 καθαρῶς
1568 1892 1922 1957 δουλεύωσιν,
1969 1895 2096 1947 ἀλλ’

2188 749 2283 802 sed
2324 763 2447 802 cum
2486 748 2762 818 aliquibus
2797 749 3016 814 vetulis,
3068 757 3123 802 et
3164 762 3288 817 quae
3331 747 3384 801 in
3437 749 3767 802 monasterio

2190 841 2380 911 prima:
2414 842 2543 906 sint,
2577 857 2700 896 eum
2751 840 3012 896 mandato
3051 840 3168 908 ejus
3207 852 3329 908 quae
3369 837 3619 904 prsel'eela
3659 845 3765 893 est.

2190 932 2281 988 Eis
2308 943 2489 987 autem
2527 934 2752 988 omnino
2783 941 2940 988 extra
2973 932 3174 987 cubare
3217 945 3326 984 non
3374 929 3518 983 licet.
3565 927 3671 984 Sed
3716 937 3770 983 et

2191 1025 2318 1089 viri,
2345 1025 2441 1094 qui
2474 1025 2644 1079 vitam
2681 1025 3040 1080 monasticam
3075 1029 3506 1094 persequuntur,
3542 1031 3772 1090 urgente

2194 1117 2522 1172 necessitate
2551 1124 2606 1171 et
2649 1116 2753 1186 ipsi
2788 1132 2912 1172 cum
2945 1113 3325 1170 benedictione
3365 1111 3506 1181 ejus,
3541 1111 3634 1166 eui
3683 1126 3772 1166 re-

2194 1207 2374 1278 gimen
2420 1206 2688 1272 creditum
2738 1216 2844 1271 est,
2899 1206 3216 1276 procedant.
3260 1203 3626 1270 Quamobrem
3677 1204 3771 1273 qui

2196 1303 2673 1372 transgrediuntur
2703 1301 2778 1366 id,
2811 1302 2957 1372 quod
2991 1311 3076 1357 est
3115 1316 3260 1356 nunc
3307 1314 3338 1353 a
3387 1300 3545 1355 nobis
3581 1301 3772 1353 decre-

2197 1403 2336 1457 tum,
2383 1394 2498 1448 sive
2538 1395 2649 1450 sint
2677 1394 2801 1460 viri,
2830 1394 2945 1448 sive
2990 1394 3270 1461 mulieres,
3320 1392 3772 1450 convenientibus

2195 1483 2374 1552 pmnis
2411 1481 2795 1551 subjiciantur.

2195 1572 2424 1642 Concilii
2466 1574 2625 1640 primi
2668 1582 2716 1624 et
2787 1573 3000 1625 secundi
3051 1572 3508 1642 Constantinopoli
3566 1573 3622 1626 in
3663 1572 3773 1626 (ede

2308 1640 2632 1696 Sanctorum
2669 1643 3040 1709 Apostolorum
3083 1659 3308 1696 canones
3336 1640 3406 1709 2,
3432 1644 3488 1708 5,
3521 1645 3576 1707 4,
3613 1642 3666 1696 5.

2266 1803 2322 1857 2.
2359 1803 2628 1870 Quoniam
2677 1803 2922 1858 nonnulli
2967 1803 3134 1858 vitam
3181 1804 3540 1859 monasticam
3586 1804 3776 1860 subire

2199 1907 2310 1962 prae
2365 1909 2423 1948 se
2478 1894 2704 1959 lerunt,
2755 1909 2862 1948 non
2911 1902 2970 1949 ut
3021 1893 3132 1948 Deo
3191 1909 3326 1964 pure
3381 1895 3640 1958 serviant,
3683 1895 3777 1949 sed

516 1983 602 2035 ῐνα
625 1985 690 2052 τῇ
716 1983 1004 2053 σεμνότητι
1026 1983 1118 2037 τοῦ
1141 1985 1419 2054 σχήματος
1442 1982 1600 2049 δόξαν
1624 1984 1912 2048 εὐλαϐείας
1928 2002 2097 2056 προσ·

2211 1995 2262 2039 ut
2303 1991 2527 2054 pr0pter
2562 1985 2786 2040 habitus
2812 1985 3176 2047 honestatem,
3211 1985 3426 2055 pietatis
3465 1987 3775 2055 opinionem

512 2074 740 2136 λάϐωσι,
772 2075 869 2127 καὶ
921 2075 1031 2127 τῶν
1078 2075 1294 2129 οἰκείων
1331 2076 1578 2130 ἐντεῦθεν
1609 2077 1810 2146 ἡδονῶν
1861 2077 2092 2148 ἄφθονον

511 2167 786 2236 εὑρήσωσι
838 2166 941 2237 τὴν
976 2167 1309 2226 ἀπόλαυσινο
1359 2168 1468 2221 τῶν
1513 2169 1716 2238 τριχῶν
1763 2171 1871 2241 γὰρ
1919 2171 2096 2241 μόνων

512 2259 611 2328 τὴν
637 2258 908 2330 ἀποϐολὴν
932 2259 1266 2329 ποιούμενοι,
1291 2260 1350 2315 ὲν
1369 2262 1484 2323 τοῖς
1511 2260 1733 2325 οἰκείοις
1761 2261 1927 2322 οἴκοις
1952 2280 2094 2332 παρ-

514 2350 814 2418 ιδρεύουσι,
863 2351 1132 2423 μηδεμίαν
1182 2351 1292 2406 τῶν
1345 2352 1597 2423 μοναχῶν
1650 2353 2097 2424 ἀποπληροῦντες

513 2440 838 2494 ἀκολουθίαν
883 2441 915 2511 ἢ
966 2441 1332 2508 κατάστασιν,
1376 2444 1575 2514 ὥρισεν
1605 2446 1636 2515 ἡ
1671 2446 1804 2514 ἁγία
1856 2446 2093 2513 σύνοδος,

518 2533 722 2604 μηδένα
743 2534 852 2587 τῶν
876 2534 1130 2588 ἁπάντων
1151 2534 1242 2588 τοῦ
1270 2535 1564 2606 μοναχικοῦ
1590 2538 1866 2607 σχήματος
1889 2537 2094 2604 ἀξιοῦν,

512 2624 642 2680 ἄνευ
675 2626 978 2697 παρουσίας
1025 2626 1118 2680 τοῦ
1171 2627 1478 2696 ὀφείλοντος
1508 2628 1672 2680 αὑτὸν
1707 2630 1785 2691 είς
1819 2629 2096 2698 ὑποταγὴν

519 2713 899 2783 ἀναδέχεσθαι.
933 2719 1026 2769 καὶ
1077 2716 1174 2787 τὴν
1223 2717 1310 2769 ἐπ’
1340 2716 1490 2785 αὑτῷ
1516 2717 1814 2788 ἠγεμονίαν
1857 2719 1949 2770 καὶ
1996 2719 2098 2788 τῆς

514 2805 756 2875 ψυχικῆς
803 2807 964 2860 αὑτοῦ
1012 2809 1289 2877 σωτηρίας
1319 2809 1418 2879 τὴν
1452 2809 1710 2880 πρόνοιαν
1760 2809 2097 2878 ἐπαγγέλλε-

517 2896 664 2959 σθαι,
701 2897 892 2968 ἀνδρὸς
943 2897 1183 2967 δηλονότι
1237 2899 1521 2967 θεοφιλοῦς
1575 2899 1748 2967 ὄντος,
1780 2901 1875 2955 καὶ
1932 2903 2100 2972 μονῆς

515 2984 936 3059 προεστηκότος,
971 2990 1066 3042 καὶ
1117 2989 1300 3042 ἱκανοῦ
1352 2989 1546 3054 σώζειν
1584 2991 1760 3062 ψυχὴν
1791 2993 1992 3062 ἀρτίως
2021 2994 2100 3065 τῷ

516 3080 740 3150 Χριστῷ
774 3081 1196 3153 προσαγομένην
1217 3099 1229 3112 ·
1262 3084 1309 3135 εί
1340 3082 1397 3136 δέ
1421 3101 1506 3146 τις
1536 3085 1813 3155 φωραθείη
1861 3087 2098 3140 ἀποκου-

520 3172 694 3242 ρεύων
720 3173 842 3228 τινὰ
871 3174 1036 3244 χωρὶς
1064 3175 1364 3245 παρουσίας
1390 3174 1486 3228 τοῦ
1522 3178 1602 3240 είς
1631 3177 1912 3246 ὑποταγὴν
1941 3179 2104 3232 αὐτὴν

518 3265 827 3332 ὀφείλοντος
852 3266 1257 3336 ἀναλαμϐάνειν
1281 3269 1607 3338 ἡγουμένου,
1639 3269 1830 3324 τοῦτον
1854 3271 1950 3339 μὲν
1972 3270 2104 3323 καθ-

521 3355 731 3428 αιρέσει
760 3358 1285 3423 καθυποϐἁλλεσθαι,
1311 3360 1382 3422 ὡς
1407 3360 1734 3414 ἀπειθοῦντα
1757 3363 1869 3425 τοῖς
1892 3361 2098 3427 κανόσι,

521 3451 616 3502 καὶ
647 3449 746 3518 τὴν
780 3451 1080 3521 μοναχικὴν
1101 3450 1354 3516 εὑταξίαν
1380 3452 1664 3506 διαλύοντα
1689 3471 1702 3486 ο
1727 3453 1819 3506 τὸν
1843 3453 1898 3507 δὲ
1923 3471 2104 3523 παρα-

523 3539 696 3607 λόγως
727 3539 818 3591 καὶ
849 3541 1098 3603 ἀτάκτως
1127 3541 1621 3612 ἁποκουρευθέντα,
1655 3543 1712 3595 ὲν
1742 3543 1986 3612 ὑποταγῇ
2012 3541 2107 3594 καὶ

525 3631 893 3702 μοναστηρίῳ,
925 3633 983 3684 ὲν
1014 3625 1056 3698 ᾧ
1085 3633 1150 3685 ἂν
1181 3634 1207 3686 ὁ
1229 3634 1368 3686 κατά
1398 3633 1489 3686 τὸν
1515 3633 1677 3686 τόπον
1702 3633 1997 3696 ἐπίσκοπος
2018 3633 2107 3685 δο-

525 3721 756 3792 κιμάσῃ,
791 3721 1211 3791 παραδίδοσθαι·
1245 3723 1302 3775 al
1332 3724 1442 3792 γὰρ
1471 3722 1685 3793 ἄκριτοι
1729 3722 1822 3775 κα)⁴
1875 3724 2106 3790 ἑπισφα-

524 3810 634 3875 λεῖς
664 3812 968 3882 ἀποκουραὶ
988 3851 1002 3876 ,
1039 3813 1132 3866 καὶ
1161 3813 1220 3866 τὸ
1255 3814 1547 3884 μοναχικδν
1576 3815 1759 3884 σχῆμα
1798 3813 2105 3885 ἠτίμωσαν,

527 3903 622 3956 καὶ
649 3903 709 3956 τὸ
738 3903 830 3956 τοῦ
857 3903 1097 3974 Χριστοῦ
1126 3904 1297 3975 ὄνομα
1324 3903 1765 3976 βλασφημεῖσθαι
1802 3905 2105 3975 πεποιήκα-

530 4010 636 4048 σιν.

597 4177 671 4248 γ’.
717 4177 831 4233 Καὶ
875 4177 1036 4233 τοῦτο
1071 4179 1262 4242 κακῶς
1293 4179 1685 4250 πραττόμενον,
1719 4178 1858 4231 κατὰ
1888 4178 2021 4230 πολὺ
2055 4178 2111 4230 δὲ

527 4273 709 4342 χεῖρον
746 4271 1050 4340 παροράσει
1077 4271 1172 4325 καὶ
1202 4270 1431 4342 ἀμελείᾳ
1463 4271 1990 4340 παραπεμπόμενον,
2013 4287 2108 4322 τυ-

528 4363 643 4430 χεῖν
668 4361 858 4430 ἐκρίθη
891 4359 1263 4433 διορθώσεως·
1297 4360 1386 4414 ἵνα
1432 4359 1486 4413 εἴ
1528 4377 1610 4424 τις
1645 4360 1813 4430 μονῆς
1846 4359 2110 4431 προϊστά-

532 4467 714 4521 μενος,
743 4452 868 4515 τοὺς
897 4451 988 4505 ὑπ’
1022 4450 1169 4521 αὑτῷ
1197 4451 1562 4520 τεταγμένους
1611 4451 1876 4520 μοναχοὺς
1928 4449 2114 4502 ἀποδι-

529 4540 864 4611 δράσκοντας
885 4581 899 4606 ,
933 4542 994 4594 οὑ
1029 4542 1170 4612 μετὰ
1205 4541 1408 4613 πολλῆς
1433 4543 1532 4612 τῆς
1558 4541 1875 4611 ἐπιμελείας
1911 4541 2113 4610 avva-

2205 2085 2638 2146 consequantur,
2681 2086 2735 2131 et
2763 2092 2823 2132 ea
2860 2077 3071 2131 ratione
3119 2076 3354 2146 propriis
3408 2077 3779 2146 voluptatibus

2207 2169 2428 2224 uberius
2481 2168 2731 2223 fruantur
2772 2167 3037 2238 (solorum
3089 2171 3234 2223 enim
3283 2167 3515 2238 pilorum
3562 2167 3778 2238 jactura

2201 2260 2384 2325 facta,
2432 2262 2668 2331 prepriis
2711 2260 2968 2316 domibus
3016 2261 3280 2325 assident,
3340 2260 3542 2315 nullam
3584 2274 3781 2314 mona-

2203 2353 2434 2408 chorum
2474 2353 2599 2407 vitae
2633 2352 3186 2417 administrationem,
3217 2351 3302 2406 vel
3327 2350 3779 2405 constitutionem

2203 2442 2532 2510 implentes),
2566 2443 2756 2497 statuit
2780 2450 2970 2496 saneta
3004 2440 3268 2510 synodus,
3298 2454 3368 2494 ne
3395 2439 3536 2492 UIIUs
3565 2454 3634 2492 ex
3661 2452 3783 2492 om-

2203 2533 2367 2588 nibus
2441 2531 2746 2587 monastico
2797 2531 2986 2584 habitu
3044 2530 3240 2600 dignus
3289 2537 3618 2592 censeatur,
3665 2529 3783 2582 sine

2203 2623 2492 2693 prazsentia
2527 2623 2685 2692 ejus,
2732 2622 2827 2692 qui
2882 2620 3034 2673 illum
3089 2620 3252 2674 debet
3292 2619 3359 2673 ad
3413 2619 3782 2673 obedientiam

2205 2715 2507 2783 suscipere,
2559 2722 2613 2768 et
2691 2729 2751 2767 se
2823 2711 3192 2782 principatum
3245 2711 3299 2764 in
3381 2709 3534 2764 illum
3588 2710 3784 2764 obten-

2207 2815 2390 2861 turum
2420 2845 2435 2869 ,
2485 2813 2539 2859 et
2591 2804 2711 2874 ejus
2764 2805 2960 2858 animae
3016 2803 3208 2858 salutis
3259 2815 3447 2857 curam
3506 2808 3783 2870 gesturum

2206 2897 2448 2968 proliteri
2484 2899 2618 2966 :qui
2657 2896 2865 2951 scilicet
2894 2905 2980 2950 est
3023 2895 3108 2949 vir
3154 2895 3301 2964 pius,
3350 2902 3405 2949 et
3435 2903 3632 2963 praeest
3665 2907 3785 2946 mo-

2211 2989 2472 3054 nasterio,
2513 2998 2567 3042 et
2598 2997 2680 3042 est
2729 2989 2957 3041 idoneus
2989 2988 3056 3042 ad
3085 2987 3247 3057 365
3289 2987 3613 3040 servandam
3667 2986 3788 3038 ani-

2210 3093 2376 3142 niam,
2402 3093 2523 3146 qua:
2551 3077 2662 3131 Deo
2691 3077 2936 3132 oll‘ertur.
2963 3076 3020 3130 Si
3049 3078 3173 3145 quis
3203 3084 3385 3130 autem
3416 3074 3788 3144 deprehensus

2215 3169 2376 3224 fuerit
2429 3170 2664 3240 aliquem
2725 3169 2957 3224 tondens
3019 3169 3137 3223 sine
3184 3168 3469 3238 praesentia
3524 3167 3666 3236 ejus,
3693 3165 3788 3234 qui

2217 3261 2395 3328 ipsum
2435 3258 2597 3315 debet
2647 3258 2714 3313 ad
2749 3257 3118 3312 obedientiam
3177 3256 3477 3326 suscipere,
3525 3254 3788 3325 praefecti,

2215 3352 2570 3421 illequidem
2619 3349 2954 3419 depositioni
3004 3347 3348 3416 subjiciatur,
3400 3354 3462 3400 ut
3500 3345 3592 3415 qui
3624 3359 3794 3400 cano-

2214 3442 2375 3495 nihus
2427 3456 2533 3494 non
2583 3450 2804 3508 pareat,
2841 3449 2896 3493 et
2944 3439 3312 3492 monasticum
3361 3436 3610 3491 ordinem
3655 3435 3796 3489 bene

2212 3534 2577 3603 compositum
2628 3531 2912 3585 dissolvat.
2980 3528 3085 3594 Qui
3152 3542 3283 3582 vero
3352 3527 3691 3591 inordinate,
3741 3532 3797 3580 et

2213 3635 2410 3696 przeter
2469 3625 2736 3678 rationem
2787 3631 2979 3676 tonsus
3017 3628 3121 3685 est,
3174 3619 3229 3673 in
3273 3617 3696 3689 subjectionem,
3736 3627 3794 3669 et

2217 3717 2632 3781 monasterium,
2672 3715 2725 3768 in
2777 3729 2887 3783 quo
2936 3712 3082 3766 illius
3133 3711 3238 3766 loci
3269 3712 3558 3781 episcopus
3601 3708 3798 3763 melius

2217 3826 2340 3865 esse
2374 3810 2614 3874 duxerit,
2653 3807 2920 3862 tradatur.
2953 3805 3104 3859 Citra
3134 3803 3404 3874 judicium
3440 3801 3585 3856 enim
3618 3799 3796 3867 facta,

2215 3911 2268 3956 et
2297 3900 2600 3956 temerariae
2655 3915 2718 3954 ac
2764 3897 3070 3969 prrecipites
3134 3905 3396 3959 tonsura,
3431 3893 3797 3948 monasticum

2218 4009 2438 4063 quoque
2470 3993 2716 4046 habitum
2758 3990 3056 4060 ignominia
3087 3987 3407 4051 alleeerunt,
3437 3996 3490 4040 et
3523 3995 3580 4039 ut
3629 3984 3795 4040 Chri-

2219 4086 2288 4140 sti
2326 4100 2524 4139 nomen
2561 4081 2915 4152 blasphemiis
2951 4090 3300 4150 appeteretur
3337 4079 3653 4132 effecerunt.

2292 4176 2344 4230 5.
2389 4175 2447 4227 ld
2482 4187 2700 4242 quoque
2735 4171 2878 4241 quod
2916 4171 3055 4222 male
3089 4169 3164 4232 lit,
3204 4179 3256 4222 et
3295 4168 3464 4220 multo
3512 4165 3666 4234 pejus
3708 4165 3803 4218 de-

2224 4268 2484 4340 spicatui,
2537 4273 2593 4318 et
2643 4262 2986 4333 negligentite
3038 4258 3360 4322 mandatur,
3404 4255 3801 4312 correctionem

2222 4367 2471 4428 oportere
2502 4354 2725 4424 assequi
2753 4353 3062 4422 judicatum
3095 4359 3195 4404 est.
3246 4348 3303 4401 Si
3343 4347 3468 4416 quis
3518 4359 3650 4416 ergo
3705 4345 3803 4414 qui

2225 4463 2419 4526 prmest
2447 4449 2797 4515 monasterio,
2829 4462 2923 4502 eos
2955 4446 3048 4516 qui
3100 4444 3150 4496 ei
3184 4443 3416 4511 subjecti
3447 4451 3576 4497 sunt
3609 4453 3803 4493 mona-

2223 4547 2356 4600 chos
2385 4559 2493 4598 non
2531 4557 2654 4596 cum
2690 4540 2858 4595 multa
2901 4535 3183 4608 diligentia
3228 4535 3493 4604 requirat,
3527 4533 3612 4588 vel
3648 4532 3804 4587 inve-

531 4631 672 4702 τοίη,
706 4632 740 4704 ἢ
763 4633 1102 4703 ὲφευρίσκων
1132 4632 1232 4686 οὑκ
1260 4633 1712 4703 ἀναλαμϐάνοιτο,
1740 4634 1834 4686 καὶ
1856 4635 1922 4703 τῇ
1947 4649 2117 4702 προσ-

2225 4637 2379 4691 niens
2412 4649 2518 4688 non
2551 4632 2798 4700 recipiat,
2829 4638 2883 4684 et
2912 4629 3272 4683 cottvcniente
3323 4627 3611 4696 lapsuique
3668 4639 3803 4679 con-

533 4723 742 4797 ηκούσῃ
777 4725 871 4777 καὶ
906 4724 1227 4795 καταλλήλῳ
1262 4724 1356 4778 τοῦ
1402 4724 1743 4794 πταίσματος
1797 4724 2011 4796 ἰατρεία
2062 4725 2123 4777 τὸ

533 4813 824 4883 νενοσηκὸς
860 4813 1198 4868 ἀνακτᾶσθαι
1250 4815 1344 4867 καὶ
1393 4815 1744 4885 ἑπιρωννύειν
1774 4815 2114 4883 ἀγωνίζοιτο,

533 4901 723 4957 τοῦτον
747 4901 946 4972 ῶρισεν
970 4905 1001 4974 ἡ
1030 4905 1159 4973 ἁγία
1188 4905 1420 4969 σύνοδος,
1445 4907 1737 4976 ἀφορισμῷ
1763 4907 2081 4961 ὑποκεῖσθαι
2103 4946 2120 4962 .

536 4993 600 5047 Εἰ
620 4995 728 5067 γὰρ
745 4998 771 5049 ὀ
787 4994 944 5059 ζώων
961 4997 1168 5066 ἀλόγων
1187 4997 1283 5068 τὴν
1305 4998 1640 5066 προστασίαν
1661 4999 2119 5070 ὲγχειριζόμενος,

539 5086 634 5138 καὶ
659 5086 753 5139 τοῦ
782 5088 1033 5157 ποιμνίου
1060 5089 1406 5160 καταμελῶν,
1444 5091 1542 5142 οὑκ
1576 5090 1922 5162 ἀτιμώρητος
1953 5109 2118 5145 καταα

538 5174 892 5246 λιμπάνεται,
927 5181 954 5231 ὁ
983 5178 1090 5231 τῶν
1121 5180 1357 5251 Χριστοῦ
1385 5181 1716 5252 θρεμμάτων
1745 5181 1842 5252 τὴν
1886 5199 2123 5251 ποιμαν-

537 5267 697 5340 τικὴν
722 5271 898 5340 ἀρχὴν
930 5272 1404 5339 καταπιστευθεὶς,
1425 5274 1518 5328 καὶ
1551 5274 1802 5346 ῥαστώνῃ
1830 5275 1926 5328 καὶ
1957 5276 2123 5346 ρᾳθυ-

544 5360 644 5434 μία
672 5362 770 5435 τὴν
798 5365 978 5418 αὐτῶν
1013 5366 1288 5436 σωτηρίαν
1327 5367 1663 5437 ἀπεμπολῶν
1685 5411 1699 5435 ,
1733 5369 1848 5431 πῶς
1878 5369 1938 5422 οὑ
1970 5369 2125 5434 δίκας

539 5456 634 5508 τοῦ
673 5457 1027 5528 τολμήματος
1064 5461 1573 5533 εἰσπραχθήσεται;

611 5544 674 5602 δ’.
716 5551 1077 5621 Πολυτρόπως
1096 5553 1124 5605 ό
1148 5551 1382 5624 πονηρὸς
1403 5553 1496 5606 τοῦ
1525 5553 1818 5626 μοναχικοῦ
1849 5555 2125 5624 σχήματος

541 5638 604 5692 τὸ
632 5641 952 5711 σεϐάσμιον,
977 5643 1339 5698 ἐπονείδιστον
1366 5644 1537 5698 θεῖναι
1567 5648 2006 5715 κατηγωνίσατοο
2031 5645 2124 5698 καὶ

543 5731 745 5802 πολλὴν
766 5727 924 5803 εὗρεν
953 5737 1032 5798 εἰς
1058 5735 1216 5789 τοῦτο
1246 5737 1568 5808 συνδρομὴν,
1591 5737 1690 5807 τῆς
1713 5737 2126 5808 προκατασχού-

543 5837 646 5894 σης
678 5824 942 5896 αἱρέσεως
973 5826 1064 5880 τδν
1097 5827 1319 5898 καιρόν’
1363 5829 1462 5892 τὰς
1510 5829 1618 5901 γὰρ
1668 5829 1804 5893 ἰδίας
1851 5829 2014 5900 μονὰς
2059 5831 2124 5901 τῇ

545 5912 758 5985 ἀνάγκῃ
781 5915 879 5988 τῆς
902 5917 1164 5987 αἱρέσεως
1188 5921 1232 5971 οἱ
1257 5917 1578 5989 μονάζοντες
1602 5920 2121 5990 καταλιμπάνοντες,

2223 4736 2453 4801 gruente
2487 4725 2757 4781 medicina
2799 4723 2852 4776 id
2884 4721 3027 4792 quod
3060 4719 3258 4774 morbo
3290 4719 3544 4773 allectum
3576 4724 3661 4771 est
3692 4729 3803 4770 non

2224 4826 2530 4889 recuperat,
2583 4826 2638 4871 et
2686 4814 3012 4869 confirmare
3039 4811 3346 4874 contendit,
3380 4808 3572 4862 statuit
3606 4815 3802 4861 sancta

2225 4910 2468 4983 synodus
2516 4924 2642 4964 eum
2687 4903 3051 4977 segregationi
3098 4903 3319 4973 subjici.
3385 4901 3440 4955 Si
3488 4901 3658 4966 enim,
3713 4899 3804 4953 cui

2225 5003 2544 5058 animalium
2594 5002 2808 5054 ratione
2870 4997 3173 5051 carentium
3221 4994 3542 5065 praefectura
3599 4991 3805 5046 credita

2225 5103 2330 5158 est,
2361 5107 2576 5162 gregem
2608 5089 2855 5160 negligit,
2907 5087 2961 5141 id
3006 5104 3112 5142 non
3147 5087 3370 5155 impune
3398 5083 3598 5149 aufert,
3631 5083 3676 5139 is
3705 5098 3805 5138 cu-

2222 5185 2312 5254 jus
2341 5184 2463 5239 lidci
2493 5182 2696 5238 Christi
2745 5181 2963 5250 pecoris
3001 5179 3290 5248 imperium
3315 5177 3669 5232 commissum
3699 5187 3803 5236 est,

2226 5285 2280 5330 et
2355 5273 2608 5330 socordia
2679 5289 2744 5327 ac
2796 5273 3125 5343 negligentia
3178 5286 3370 5324 eorum
3431 5271 3662 5324 salutem
3715 5282 3807 5319 ve-

2228 5367 2457 5432 nundat,
2508 5364 2698 5437 quidni
2757 5363 2983 5418 audacis
3022 5362 3144 5433 ejus
3194 5361 3390 5432 incepti
3439 5375 3612 5430 poena
3642 5357 3710 5412 ab
3738 5372 3807 5412 eo

2225 5457 2558 5529 cxigentur?

2297 5549 2349 5603 4.
2395 5548 2576 5602 Multis
2607 5546 2784 5602 modis
2838 5547 3108 5616 malignus
3159 5544 3524 5599 monasticum
3579 5556 3808 5596 venera-

2234 5641 2394 5695 bilem
2457 5638 2701 5694 habitum
2752 5639 3075 5709 probrosum
3139 5637 3348 5690 allicere
3402 5633 3702 5696 contendit,
3754 5643 3809 5688 et

2229 5747 2486 5803 magnum
2519 5745 2638 5784 eam
2694 5731 2762 5785 ad
2799 5747 2912 5784 rem
2948 5729 3212 5784 auxilium
3265 5726 3471 5780 invenit
3507 5724 3648 5795 ejus,
3685 5739 3811 5793 quae

2230 5826 2543 5898 praecessit,
2590 5824 2815 5880 haeresis
2851 5831 3087 5892 tempus.
3135 5819 3358 5888 Propria
3413 5818 3556 5872 enim
3611 5835 3803 5870 inum-

2229 5919 2390 5974 steria
2445 5917 2669 5974 harresis
2723 5917 3043 5971 necessitate
3100 5915 3469 5981 relinquentes
3525 5911 3801 5970 trinitaehi,
