4156 6430
525 516 626 581 F51

1680 521 1935 583 PHOTII
1965 523 2069 583 PA'.

2175 525 2464 588 [ARCIL'E
2504 531 2610 590 ΟΡ.
3652 534 3750 596 852

525 630 578 686 lii
615 630 834 700 quidcm
866 633 933 688 ad
961 635 1087 701 alia,
1132 633 1207 687 illi
1252 648 1381 687 vero
1427 634 1589 688 etiam
1635 634 1701 687 ad
1736 635 2069 690 saecularium

2189 639 2238 691 oi
2272 640 2369 708 μὲν
2402 643 2481 704 είς
2514 642 2727 711 ἐτέρας,
2758 643 2808 695 oi
2859 642 2917 695 δὲ
2952 634 3064 695 καὶ
3114 640 3196 705 είς
3240 642 3521 710 κοσβικὶυν
3550 639 3753 712 ἀνδρῶν

526 723 768 777 virorum
812 724 1120 781 habitacula
1152 740 1211 781 se
1240 725 1661 780 transferebant.
1710 725 2087 783 Verumenim-

521 813 879 886 vero,366
918 817 1063 885 quod
1116 825 1245 869 tunc
1296 815 1366 869 ab
1417 815 1523 869 illis
1559 824 1777 885 propter
1831 818 2086 887 pietatem

521 904 725 960 factum
751 944 767 969 ,
820 920 917 961 eos
958 906 1258 962 laudandos
1312 906 1662 974 beandosque
1705 908 1990 978 efﬁciebat,
2031 913 2084 966 in

522 1013 705 1053 mores
736 1008 767 1052 a
800 999 1008 1053 ratione
1038 999 1247 1053 alienos
1294 1013 1639 1065 conversum,
1674 1015 1771 1055 eos
1820 1002 1943 1071 jure
1988 1002 2085 1058 de-

521 1088 785 1145 ridendos
835 1089 1017 1145 eilicit.
1049 1090 1182 1144 Cum
1234 1091 1378 1145 enim
1431 1091 1545 1161 jam
1583 1093 1782 1163 ubique
1818 1102 2084 1149 terrarum

518 1187 809 1248 propagata
878 1179 950 1233 sit
1000 1179 1210 1247 religio,
1247 1187 1301 1233 et
1352 1178 1595 1235 Ecclesia
1648 1196 1681 1236 a
1726 1183 2086 1240 scandalis'ct

517 1268 918 1325 oﬂensionibus
944 1268 1197 1336 liberata,
1222 1269 1445 1340 quidam
1474 1270 1652 1325 adhuc
1677 1286 1707 1327 e
1737 1273 1854 1327 suis
1891 1288 2084 1328 mona-

515 1360 696 1416 steriis
724 1360 1075 1425 excedentes,
1130 1367 1189 1415 et
1242 1368 1498 1431 tanquam
1539 1362 1800 1417 ﬂuentum
1834 1362 2081 1432 aliquod,

514 1451 659 1520 quod
708 1452 949 1506 cohiberi
996 1468 1101 1507 non
1156 1459 1361 1520 potest,
1413 1466 1560 1505 nunc
1614 1453 1744 1507 illuc
1797 1468 1855 1508 se
1896 1454 2084 1509 oonfe-

515 1550 726 1607 rentes,
754 1552 810 1596 et
843 1542 1181 1598 conﬂuentes
1209 1584 1224 1609 ,
1268 1543 1597 1599 monasteria
1644 1545 1863 1613 quidem
1910 1546 2081 1601 multa

514 1633 857 1687 immodestia
912 1633 1149 1703 replent,
1178 1644 1231 1689 et
1282 1634 1509 1689 multam
1557 1636 1661 1690 sibi
1702 1636 2079 1691 confusionem

514 1724 980 1797 petulantiamque
1004 1728 1257 1796 afferunt,
1282 1729 1710 1799 obedientizeque
1741 1731 2078 1786 honestatem

512 1818 827 1872 convellunt
872 1834 937 1874 ac
985 1820 1243 1889 perdunt.
1297 1819 1403 1875 Sed
1456 1835 1646 1877 eorum
1692 1821 1996 1878 instabilem
2027 1833 2081 1878 et

513 1921 623 1961 non
655 1906 933 1962 ferendam
972 1910 1357 1978 appetitionem
1392 1926 1650 1966 resecans
1676 1924 1865 1967 sancta
1913 1927 2079 1985 syno-

2192 730 2521 801 μετέπιπτον
2567 734 2913 801 καταγώγια·
2961 732 3095 786 ἀλλὰ
3140 732 3249 802 γάρ
3296 732 3433 800 ὅπερ
3463 731 3638 795 αὐτοῖς
3680 731 3755 787 δι’

2191 822 2476 874 εὐσέϐειαν
2498 824 2616 875 τότε
2650 823 3041 893 πραττόμενον,
3059 820 3429 899 μακαριστοὺς
3446 822 3752 889 ἀπέφαινεν,

2188 916 2268 975 είς
2286 913 2403 975 ἔθος
2424 914 2615 981 ἄλογον
2635 915 2957 984 μεταπεσὸν,
2971 913 3405 982 καταγελάστους
3434 912 3752 981 παρίστησι·

2189 1007 2466 1076 πανταχοῦ
2510 1007 2618 1076 γὰρ
2656 1006 2752 1060 νῦν
2779 1006 2880 1075 τῆς
2913 1006 3195 1069 εὐσεϐείας
3227 1005 3630 1077 ὲξηπλωμένης,
3666 1003 3755 1056 καὶ

2190 1096 2499 1149 σκανδάλων
2528 1098 2627 1167 τῆς
2650 1097 2973 1166 Ἐκκλησίας
3021 1097 3466 1167 ἀπηλλαγμένης,
3499 1094 3577 1147 ἐτι
3618 1093 3754 1157 τινὲς

2188 1186 2296 1239 τῶν
2321 1187 2537 1240 οίκείων
2561 1188 2935 1259 μοναστηρίων
2961 1188 3380 1256 ἀποφοιτῶντες,
3400 1188 3493 1239 καὶ
3512 1186 3753 1255 καθάπερ

2186 1293 2239 1329 τι
2279 1274 2457 1346 ῥεῦμα
2485 1275 2872 1343 δυσκάθεκτον,
2900 1270 3001 1331 ὧδε
3045 1279 3267 1330 κάκεῖσε
3312 1273 3754 1346 μεταγγιζόμενοί

2185 1383 2245 1419 τε
2282 1366 2376 1419 καὶ
2412 1368 2823 1438 μεταρρέοντες;
2847 1368 3049 1437 πολλῆς
3077 1369 3174 1438 μὲν
3199 1368 3297 1437 τῆς
3326 1365 3597 1435 ἀκοσμίας
3618 1365 3752 1433 πλη-

2188 1456 2341 1527 ροῦσι
2371 1457 2439 1509 τὰ
2472 1459 2829 1529 μοναστήρια,
2853 1458 3055 1527 πολλὴν
3082 1458 3140 1511 δὲ
3168 1458 3266 1528 τὴν
3296 1457 3520 1523 ἀταξίαν
3549 1457 3753 1519 ἑαυτοῖς

2187 1547 2711 1619 συνεισκωμάζουσι,
2747 1551 2838 1604 καὶ
2867 1551 2968 1620 τῆς
2999 1550 3281 1618 ὑποταγῆς
3317 1548 3381 1601 τὸ
3411 1548 3605 1618 σεμνὸν
3643 1548 3755 1600 δια-

2185 1637 2362 1690 σπῶσί
2416 1655 2476 1690 τε
2531 1639 2625 1691 καὶ
2693 1639 3224 1710 καταλυμαίνονταιο
3281 1637 3418 1693 ἀλλά
3466 1636 3669 1691 τούτων
3695 1636 3753 1690 τὸ

2182 1727 2414 1782 ἄστατον
2448 1730 2547 1799 τῆς
2572 1729 2747 1799 ὁρμῆς
2783 1730 2877 1783 καὶ
2907 1729 3278 1785 ἀνυπότακτον
3306 1731 3340 1800 ἡ
3378 1729 3513 1797 ἁγία
3544 1727 3753 1790 σύνοδος

2182 1819 2583 1886 ἀνακόπτούσα,
2630 1820 2829 1892 ὥρισεν
2877 1821 2962 1874 ἵνα
2995 1821 3160 1885 εἴτις
3196 1821 3429 1892 μοναχὸς
3472 1822 3571 1891 τῆς
3621 1819 3753 1882 ἰδίας

2183 1914 2498 1985 ἀποδράσας
2545 1917 2732 1986 μονῆς,
2765 1918 2797 1988 ἢ
2832 1919 2911 1980 εἰς
2938 1917 3124 1987 ἕτερον
3154 1916 3437 1988 μεταπέσῃ
3484 1916 3751 1984 μοναστή-

510 1999 636 2061 dus,
674 2000 863 2055 statuit
892 2010 970 2066 ut,
999 2002 1043 2056 si
1079 2004 1202 2071 quis
1231 2004 1533 2059 monachus
1567 2019 1596 2058 a
1636 2006 1858 2073 proprio
1917 1983 2069 2060 aufu-

2185 1983 2381 2079 pictai}
2431 2008 2511 2070 είς
2543 1983 2805 2078 κοσμικὺν
2838 1983 3167 2082 είσκωμάσῖί
3196 1983 3561 2077 καταγώγιον,
3595 1983 3751 2069 αὐτός

511 2088 667 2159 giens
720 2093 1089 2158 monasterio,
1145 2093 1225 2147 vel
1273 2108 1332 2149 se
1388 2095 1442 2148 in
1492 2094 1637 2149 aliud
1684 2099 2075 2153 monasterium

509 2179 780 2245 conferat,
806 2184 887 2237 vel
953 2184 1006 2238 in
1061 2185 1325 2240 smculare
1379 2184 1750 2242 habitaculum
1809 2189 2078 2259 ingredia-

508 2280 639 2337 tur,
691 2272 810 2342 ipse
866 2283 922 2329 et
983 2276 1077 2345 qui
1145 2292 1269 2330 eum
1320 2278 1559 2348 suscepit
1611 2291 1924 2350 segregatus
1982 2282 2075 2344 sit,

507 2362 684 2418 donec
755 2365 848 2434 qui
896 2364 1148 2435 aufugit,
1207 2366 1261 2420 in
1316 2366 1371 2422 id
1438 2371 1829 2425 monasterium
1884 2386 1914 2426 a
1968 2386 2077 2441 quo

507 2455 753 2525 improbe
791 2467 1114 2521 recesserat,
1161 2468 1489 2515 revertatur.
1525 2460 1629 2517 Sed
1680 2463 1726 2518 si
1782 2464 2073 2535 episcopus

505 2544 725 2613 quidem
781 2546 847 2600 de
891 2548 1277 2603 nonnullorum
1309 2550 1707 2606 monachorum
1768 2553 1969 2623 pietate
2018 2565 2073 2611 et

508 2635 631 2689 vitae
683 2637 952 2705 probitate
982 2640 1051 2693 ab
1087 2640 1296 2696 idoneis
1329 2645 1561 2700 testibus
1620 2644 1824 2700 certior
1870 2646 2069 2715 factus,

504 2722 559 2779 in
608 2722 753 2778 aliud
786 2726 1183 2779 monasterium
1219 2728 1285 2782 ad
1323 2730 1441 2797 ejus
1474 2732 1918 2788 constitutionem
1974 2750 2071 2791 eos

506 2808 801 2865 transferre
848 2810 1099 2873 voluerit,
1138 2813 1219 2866 vel
1253 2813 1307 2869 in
1360 2817 1579 2872 domum
1616 2820 1959 2883 saecularem,
2003 2823 2069 2878 ad

2179 2114 2239 2150 τε
2278 2098 2374 2150 καὶ
2405 2099 2433 2151 ὁ
2462 2097 2646 2151 τοῦτον
2681 2099 3078 2169 ὑποδεξάμενος
3105 2100 3487 2170 ἀφωρισμένος
3514 2098 3620 2168 είη,
3649 2097 3750 2159 ἓως

2181 2188 2248 2242 ἂν
2265 2190 2292 2241 ὁ
2308 2188 2607 2259 ἀποφυγὼν
2636 2191 2927 2262 ἐπανέλθῃ,
2948 2191 3006 2258 ἐξ
3021 2187 3090 2264 ἦς
3106 2192 3291 2255 κακῶς
3316 2190 3541 2255 ἐξέπεσε
3566 2189 3749 2258 μονῆς⁸

2179 2280 2229 2332 εί
2278 2279 2378 2349 μέν
2408 2296 2490 2333 τοι
2522 2296 2586 2348 γε
2618 2280 2647 2333 ὁ
2676 2281 2973 2346 ὲπίσκοπός
3018 2299 3170 2346 τινας
3211 2282 3321 2337 τῶν
3369 2280 3618 2352 μοναχῶν
3662 2279 3749 2331 ἐπὶ

2180 2372 2435 2445 εὐλαϐείᾳ
2485 2373 2582 2427 καὶ
2631 2373 2746 2444 βίου
2794 2376 3081 2447 σεμνότητι
3134 2374 3628 2447 μαρτυρουμένους,
3672 2374 3750 2434 είς

2177 2462 2364 2533 ἓτερον
2395 2465 2758 2536 μοναστήριον
2784 2465 2877 2519 ἐπὶ
2906 2467 3238 2521 καταστάσει
3270 2466 3372 2535 τῆς
3401 2466 3568 2536 μονῆς
3596 2465 3748 2534 θελή-

2181 2570 2266 2605 σοι
2299 2555 2686 2623 μετακομίσαι,
2714 2556 2747 2628 ἦ
2782 2557 2876 2610 καὶ
2906 2558 2986 2619 είς
3019 2558 3293 2628 κοσμικὴν
3321 2557 3500 2610 οίκίαν
3525 2556 3616 2609 ἐπὶ
3644 2572 3748 2608 σω-

2178 2644 2342 2713 τηρίᾳ
2370 2644 2477 2698 τῶν
2510 2646 2860 2700 ἐνοικούντων
2886 2648 3173 2719 δοκιμάσοι
3209 2648 3567 2717 καταστῆσαι,
3592 2647 3625 2717 ἢ
3652 2646 3745 2699 ἀλ-

2179 2735 2373 2805 λαχόσε
2409 2737 2690 2809 εὐδοκήσοι
2717 2740 3006 2810 ἐπιστῆσαι
3026 2782 3041 2807 ,
3074 2739 3233 2793 τοῦτο
3260 2738 3384 2793 οὐτε
3412 2741 3539 2802 τούς
3563 2737 3746 2790 ὑποδε-

2180 2828 2467 2898 χομένους,
2508 2829 2630 2882 οὗτε
2658 2831 2785 2894 τοὺς
2820 2833 3107 2901 μοναχοὺς,
3140 2830 3430 2894 ὑποδίκους
3456 2830 3691 2900 ποιήσει.

500 2917 714 2967 eorum,
763 2905 855 2973 qui
926 2906 1251 2975 inhabitant,
1293 2910 1546 2977 salutem,
1595 2913 1958 2968 traducendos
2008 2930 2102 2972 eos
2182 2922 2616 2988 censuerit,vel
2676 2923 2730 2977 in
2788 2923 2895 2977 alio
2949 2923 3144 2993 quovis
3199 2923 3320 2979 loco
3373 2918 3745 2992 praeficiendus

499 2995 714 3050 caneris
762 2996 1007 3063 duxerit,
1062 2999 1168 3055 hoc
1222 3016 1397 3071 neque
1448 3002 1548 3065 iis,
1601 3004 1694 3072 qui
1734 3004 2070 3075 suscipiunt,
2111 3023 2211 3064 nec
2250 3009 2383 3079 ipsis
2436 3012 2721 3069 monachis
2769 3011 2946 3067 fraudi
2997 3012 3120 3068 erit.

572 3089 628 3145 5.
670 3089 803 3155 Qua:
838 3100 1061 3159 temere,
1110 3103 1166 3150 et
1212 3096 1331 3149 sine
1377 3096 1585 3165 judicio
1627 3112 1693 3152 ac
1745 3100 2067 3167 probatione

500 3181 658 3246 fiunt,
698 3183 1155 3251 renuntiationes,
1200 3186 1346 3241 bono
1380 3189 1684 3243 monaSIico
1719 3190 1899 3245 ordini
1951 3205 2070 3246 ma—

500 3284 665 3334 gnum
704 3267 899 3326 alferre
941 3272 1343 3330 incommodum
1410 3278 1737 3333 invenimus.
1774 3278 1831 3333 in
1877 3295 2066 3335 mona-

498 3359 689 3419 sticam
743 3361 887 3416 enim
946 3366 1111 3419 vitam
1165 3381 1225 3421 se
1282 3366 1443 3423 facile
1502 3369 1842 3439 injicientes,
1895 3370 1950 3427 et
1999 3372 2065 3425 ad

497 3468 751 3520 asperam
792 3461 846 3508 et
892 3453 1222 3512 laboriosam
1255 3459 1698 3515 exercitationem
1740 3477 1801 3517 se
1830 3463 2069 3533 segniter

498 3554 798 3615 gerentes,
849 3549 918 3603 ad
976 3550 1248 3605 carnalem
1337 3561 1391 3607 et
1476 3553 1835 3624 voluptariam
1896 3557 2063 3611 vitam

495 3653 693 3693 rursus
727 3638 929 3695 misere
962 3650 1333 3697 revertuntur.
1377 3642 1669 3714 Pr0pterea
1714 3660 1844 3716 ergo
1877 3648 2069 3702 statuit

499 3738 689 3784 sancta
730 3730 1003 3800 synodus,
1056 3741 1117 3787 ut
1174 3749 1334 3790 nemo
1381 3736 1687 3792 monastico
1740 3738 1928 3794 habitu
1985 3740 2067 3795 di-

496 3834 634 3886 gnus
691 3830 952 3890 putetur,
999 3824 1153 3893 prius
1220 3841 1383 3895 quam
1440 3829 1658 3884 triennii
1722 3840 1935 3901 tempus
1995 3834 2063 3888 ad

494 3910 884 3977 experiendum
941 3913 1041 3968 eis'
1077 3915 1344 3978 relictum,
1380 3934 1475 3973 eos
1532 3935 1653 3975 esse
1695 3923 1958 3991 probatos
2008 3932 2065 3980 et

496 3999 590 4053 tali
649 4014 771 4055 esse
824 4001 933 4056 vita
989 4002 1183 4074 dignos
1232 4005 1394 4078 367
1458 4011 1792 4078 ostenderit;
1838 4021 1892 4068 et
1948 4014 2063 4071 lnec

493 4091 642 4145 omni
703 4092 865 4147 modo
921 4094 1197 4150 observari
1237 4099 1537 4169 praecepit,
1590 4113 1948 4172 prmterquam
2016 4107 2062 4160 si

492 4182 671 4251 gravis
702 4181 903 4252 aliquis
935 4186 1159 4241 morbus
1192 4187 1436 4244 incidens
1458 4191 1792 4260 probationis
1817 4204 2059 4266 tempora

490 4269 743 4324 centrahi
795 4272 1070 4342 coegerit,
1129 4274 1213 4329 vel
1275 4276 1323 4331 si
1383 4280 1622 4334 nomium
1690 4284 1813 4353 quis
1858 4285 1929 4339 sit
1978 4286 2062 4340 vir

490 4360 801 4430 religiosus,
833 4372 886 4417 et
937 4373 1120 4419 tamen
1148 4367 1312 4421 vitam
1368 4371 1722 4426 monasticam
1774 4376 1827 4428 in
1870 4376 2057 4431 habitu

489 4453 735 4507 saeculari
782 4465 1025 4523 peragat.
1074 4455 1190 4512 Tali
1246 4459 1392 4515 enim
1444 4462 1561 4517 viro
1620 4466 1686 4518 ad
1750 4466 2057 4524 absolutam

2245 3103 2306 3158 ε’.
2350 3105 2461 3168 Τάς
2497 3106 2757 3177 ἀκρίτους
2789 3107 2884 3159 καὶ
2914 3106 3309 3177 ἀδοκιμάστους
3335 3103 3636 3173 ἀππαγάς,
3657 3102 3744 3157 ἐπὶ

2179 3195 2315 3249 πολὺ
2354 3196 2453 3265 τὴν
2483 3196 2780 3267 μοναχικὴν
2806 3197 3058 3264 εὐταξίαν
3083 3197 3487 3268 λυμαινομένας
3512 3196 3746 3266 εὑρίσκο-

2178 3304 2310 3357 μεν·
2347 3288 2634 3359 προπετῶς
2666 3289 2773 3359 γὰρ
2828 3290 2907 3353 είς
2957 3289 3048 3342 τὸν
3095 3291 3302 3361 μονήρη
3354 3288 3470 3358 βίον
3525 3286 3744 3348 ἑαυτοὺς

2173 3377 2608 3449 ὲπιρῤίπτοντες,
2639 3381 2731 3434 καὶ
2769 3380 2905 3450 πρὸς
2930 3380 2991 3433 τὸ
3017 3381 3189 3451 τραχὺ
3215 3382 3309 3433 καὶ
3338 3380 3595 3433 ἐπίπονον
3617 3394 3742 3431 κατ-

2173 3470 2561 3541 ολιγωροῦντες
2590 3472 2690 3542 τῆς
2719 3473 3027 3543 ἀσκήσεως,
3060 3473 3153 3526 ἐπὶ
3185 3472 3275 3525 τὸν
3308 3472 3633 3543 φιλόσαρκον
3655 3469 3742 3522 καὶ

2172 3561 2419 3631 ἡδονικὸν
2452 3562 2565 3632 βίον
2590 3564 2789 3631 ἀθλίως
2812 3564 2970 3617 πάλιν
2994 3564 3493 3634 ἐπαναστρέφουσιν
3510 3580 3523 3595 ⁸
3552 3563 3743 3634 ὥρισεν

2173 3650 2266 3706 οὖν
2302 3653 2389 3707 διὰ
2416 3654 2575 3707 τοῦτο
2609 3656 2642 3727 ἡ
2669 3655 2801 3724 ἀγία
2836 3654 3071 3720 σύνοδος,
3110 3655 3309 3725 μηδένα
3333 3654 3429 3708 τοῦ
3460 3651 3740 3725 μοναχικοῢ

2175 3745 2563 3813 καταξιοῢσθαι
2593 3748 2891 3819 σχήματος,
2922 3748 3051 3819 πρὶν
3083 3748 3149 3802 ἂν
3180 3749 3207 3801 ὁ
3231 3749 3331 3819 τῆς
3354 3747 3596 3817 τριετίας
3623 3743 3741 3817 χρύ-

2173 3855 2263 3899 νος
2304 3838 2385 3901 είς
2416 3840 2609 3909 πεῖραν
2638 3838 2820 3903 αὐτοῖς
2851 3839 3101 3907 ἀφεθεὶς,
3130 3839 3388 3908 δοκίμους
3421 3838 3619 3900 αὐτοὺς
3650 3833 3740 3888 καὶ

2172 3929 2356 3993 ἀξίους
2384 3929 2484 3999 τῆς
2501 3930 2835 4001 τηλικαύτης
2865 3932 3046 4001 βιοτῆς
3071 3932 3399 4003 παραστήσῃ
3420 3948 3432 3960 ·
3475 3930 3567 3984 καὶ
3592 3926 3741 3982 τοῦτο

2173 4022 2396 4090 κρατεῖν
2425 4021 2588 4074 παντὶ
2615 4021 2805 4093 τρόπῳ
2833 4022 3292 4091 παρεκελεύσατο,
3325 4021 3466 4092 πλὴν
3498 4022 3546 4074 εί
3581 4019 3739 4090 μήπω

2166 4111 2253 4171 τίς
2290 4111 2481 4182 βαρεῖα
2519 4112 2904 4182 προσπεσοῦσα
2933 4114 3084 4178 νόσος
3107 4115 3197 4166 τὸν
3229 4113 3416 4183 χρόνον
3448 4110 3739 4179 ἀναγκάσει

2171 4202 2506 4272 συσταλῆναι
2534 4203 2631 4274 τῆς
2655 4204 2978 4274 δοκιμασίας
2997 4222 3011 4236 ο
3041 4205 3072 4273 ἢ
3106 4206 3155 4257 εἰ
3187 4206 3354 4275 μήπω
3382 4204 3467 4267 τίς
3495 4202 3579 4272 εἴη
3607 4199 3738 4270 ἀνὴρ

2170 4292 2426 4363 εὐλαϐὴς,
2462 4292 2558 4347 καὶ
2591 4293 2682 4346 τὸν
2716 4296 3005 4365 μοναχικδν
3035 4294 3144 4365 βίον
3173 4296 3230 4347 ὲν
3253 4294 3330 4365 τῷ
3356 4292 3603 4363 κοσμικῷ
3627 4291 3738 4344 δια-

2173 4384 2314 4437 νύων
2342 4385 2609 4454 σχήματι’
2641 4385 2736 4437 ἐπὶ
2756 4385 2867 4456 γὰρ
2890 4385 2982 4438 τοῦ
3012 4385 3252 4439 τοιούτου
3276 4386 3489 4456 ἀνδρὸς,
3511 4387 3589 4447 είς
3618 4383 3738 4437 ἀπό-

2174 4493 2371 4545 πειραν
2401 4477 2638 4547 παντελῆ
2660 4476 2756 4531 καὶ
2784 4480 2811 4531 ὁ
2838 4477 3190 4548 ὲξαμηνιαῖος
3219 4477 3503 4547 ἐξαρκέσει
3531 4478 3732 4549 χρόνοςο

488 4545 882 4612 experientiam
920 4556 1137 4619 tempus
1180 4563 1442 4609 semestre
1485 4556 1778 4612 suffecerit.
1839 4559 1893 4614 Si
1938 4563 2061 4632 quis

2175 4568 2215 4617 εί
2245 4565 2302 4618 δέ
2329 4584 2413 4628 τις
2436 4566 2587 4638 παρά
2610 4545 2781 4622 ταῦτα
2804 4545 3182 4640 διαπράξεται,
3204 4570 3295 4623 τὸν
3322 4545 3419 4640 μὲν
3440 4545 3735 4642 ἡγούμενον

488 4644 667 4687 autem
715 4644 911 4703 praeter
942 4638 1057 4691 lucc
1100 4638 1310 4708 fecerit,
1346 4644 1635 4712 praefectus
1664 4648 1883 4718 quidem
1916 4667 2056 4721 pra:-

490 4723 699 4779 fectura
759 4728 1017 4783 excideris
1053 4770 1067 4793 ,
1144 4747 1421 4802 perperam
1498 4737 1770 4793 observati
1844 4742 2057 4798 ordinis

485 4817 908 4883 eorrectionem,
962 4822 1014 4873 in
1068 4826 1373 4881 obedientia
1435 4832 1881 4901 etsubjectione-
1919 4851 2053 4889 con-

489 4910 851 4964 VerSationem
899 4913 1155 4969 inveniat.
1189 4916 1290 4983 Qui
1334 4930 1416 4975 est
1460 4935 1641 4977 autem
1691 4924 1744 4977 in
1795 4927 1903 4980 alio
1942 4938 2058 4980 mo-

489 5001 732 5055 nasterio
765 5006 1087 5071 monachus,
1115 5010 1205 5063 alii
1254 5014 1588 5071 monasterio
1619 5018 1886 5081 tradatur,
1942 5022 2088 5088 quod

485 5102 687 5147 servet.

559 5184 771 5238 Tcxtna.
814 5186 1000 5243 Coum.
1046 5190 1137 5255 29,
1191 5193 1276 5248 tit.
1326 5195 1379 5255 5,
1423 5196 1517 5253 lib.
1551 5213 1569 5252 ι
1603 5201 1722 5254 cod.
1757 5202 1830 5255 ait
1866 5221 1879 5256 :
1942 5201 2056 5258 Soli

483 5276 831 5346 :«pocrisiarli
864 5284 1216 5338 monasteriis
1262 5290 1413 5343 exire
1455 5300 1509 5343 et
1554 5292 1803 5348 civitates
1848 5295 2057 5363 ingredi

485 5378 735 5437 possunt.
756 5368 858 5434 Qui
890 5370 934 5424 si
964 5371 1206 5427 docemlo
1229 5386 1323 5431 aut
1346 5380 1683 5437 consulendo
1714 5400 2059 5440 commovere

483 5461 842 5530 simpliciores
887 5466 1316 5533 conspiciantur,
1368 5473 1721 5542 (astigantur.
1771 5476 1836 5530 Et
1878 5487 2053 5533 const.

482 5552 553 5606 38
589 5552 834 5622 ejusdem
872 5554 953 5609 tit.
994 5557 1132 5621 :Qui
1180 5565 1509 5615 monasteria
1552 5581 1649 5619 sua
1699 5567 2054 5635 relinquunt,

481 5658 587 5695 non
632 5645 905 5714 recipiunt
948 5662 1085 5715 quas
1123 5649 1189 5703 ad
1224 5650 1312 5705 illa
1361 5651 1496 5724 [res]
1544 5658 1771 5713 mobiles
1816 5660 2031 5716 adduxe

481 5743 639 5798 inut,
683 5739 1058 5808 cujuscunque
1096 5743 1418 5811 quantitatis
1462 5746 1683 5813 fuerint,
1742 5766 2053 5822 quanquam

484 5828 633 5884 nulla
664 5829 729 5881 de
761 5828 869 5884 illis
904 5841 1147 5885 actorum
1178 5847 1531 5892 monumenta
1560 5840 1807 5895 confecta
1845 5845 1970 5897 sint.
1995 5845 2051 5898 lu

484 5917 714 5995 [rerum]
746 5929 923 5976 autem
967 5920 1308 5981 mutabilium
1334 5930 1824 6004 donationdmsjus
1850 5940 2050 5992 servari

2163 4657 2267 4726 τῆς
2297 4660 2659 4729 ήγουμενείας
2689 4660 3057 4724 ἐκπίπτοντα,
3091 4661 3338 4716 παιδείαν
3365 4662 3465 4732 τῆς
3495 4660 3731 4726 ἀταξίας,

2164 4750 2265 4822 ’τὴν
2294 4750 2351 4804 ἐν
2383 4752 2630 4823 ὑποταγῇ
2660 4753 2934 4824 διαγωγὴν
2962 4753 3307 4823 ὲφευρίσκειν
3328 4772 3341 4785 ·
3374 4754 3465 4808 τὸν
3489 4754 3544 4807 δὲ
3578 4753 3734 4823 μονά-

2168 4856 2356 4908 σαντα,
2384 4841 2443 4895 ἐν
2485 4842 2649 4914 ἑτέρᾳ
2677 4846 2811 4915 μονῇ
2847 4843 2946 4915 τὴν
2977 4844 3276 4917 μοναχικὴν
3307 4844 3587 4917 ἀκρίϐειαν
3636 4860 3731 4912 φυ-

2164 4928 2429 5002 λαττούσῃ
2470 4932 2881 5003 παραδίδοσθαι.

2168 5024 2527 5079 monasticam
2572 5024 2917 5095 disciplinam
2972 5037 3227 5081 accurate
3267 5026 3607 5098 perfecteque
3636 5024 3729 5078 ob-

2246 5205 2311 5258 Ἦ
2348 5204 2432 5259 κθ¹
2460 5206 2599 5261 διάτ.
2627 5206 2724 5260 τοῦ
2758 5213 2806 5276 γ’
2829 5208 2934 5261 τίτ.
2970 5208 3065 5262 τοῦ
3099 5214 3147 5262 α’
3182 5208 3330 5279 βιϐλ.
3366 5209 3459 5262 τοῦ
3479 5208 3603 5263 κώδ.
3630 5225 3725 5276 φη-

2166 5296 2863 5369 σὶν,ώς,οἱἁποκρισιάριοι
2890 5301 3040 5369 μόνοι
3068 5301 3322 5356 δύνανται
3341 5302 3449 5357 τῶν
3476 5316 3729 5373 μοναστη-

2170 5387 2300 5457 ρίων
2336 5387 2559 5453 ἐξιέναι,
2590 5390 2683 5442 καὶ
2713 5392 2770 5443 ὲν
2805 5394 2925 5455 ταῖς
2955 5392 3175 5447 πόλεσιν
3203 5394 3423 5447 εἰσιέναι
3442 5412 3457 5427 ο
3484 5395 3532 5447 εί
3563 5395 3617 5447 δὲ
3639 5408 3729 5461 φα-

2163 5479 2294 5530 νῶσι
2333 5479 2420 5532 διὰ
2445 5480 2728 5550 δογμάτων
2758 5482 2790 5553 ἦ
2829 5484 3137 5555 συμϐουλῆς
3184 5487 3307 5549 τοὺς
3342 5486 3728 5555 ἁπλουστέρους

2166 5571 2529 5641 ταράσσοντες
2552 5613 2567 5637 ,
2601 5575 2843 5643 νομίμως
2872 5578 3294 5647 σωφρονίζονται
3316 5596 3330 5609 °
3365 5581 3456 5633 καὶ
3484 5578 3620 5633 διάτ.
3653 5571 3728 5644 λη’

2164 5660 2256 5714 τοῦ
2287 5662 2453 5715 αὐτοῦ
2486 5664 2588 5718 τίτ.
2619 5665 2790 5731 ὅτι,οί
2818 5669 2884 5721 τὰ
2915 5668 3019 5721 ἴδια
3035 5673 3372 5741 μοναστήρια
3399 5668 3728 5739 καταλιμπά-

2163 5770 2366 5817 νοντες,
2392 5754 2453 5806 οὐ
2482 5755 2850 5825 λαμϐάνουσιν
2884 5762 3028 5832 ἅπερ
3062 5764 3245 5827 αὐτοῖς
3280 5769 3623 5834 προσήγαγον
3648 5778 3725 5813 κι-

2160 5846 2318 5915 νητὰ,
2351 5847 2687 5919 ὁσησδήποτε
2723 5853 3021 5921 ποσότητος
3068 5854 3215 5917 ὄντα,
3252 5857 3355 5908 κᾶν
3405 5855 3477 5925 μὴ
3510 5853 3724 5917 συνέστη

2162 5937 2359 6005 πίηῧξνς
2388 5939 2795 6012 ὑπομνημάτων
2817 5946 2904 5998 ἐπ’
2923 5946 3134 6011 αὐτοῖς·
3166 5948 3259 6001 ἐπὶ
3284 5948 3336 6002 δὲ
3368 5954 3483 6011 ταῖς
3506 5945 3722 6018 δωρεαῖς
