4156 6458
596 499 707 565 855
1753 497 2015 559 PHOTII
2053 496 2237 560 PATR

2190 497 2553 563 BIARCH/E
2584 504 2691 564 ΟΡ.
3743 500 3831 566 856

663 611 819 671 CAP.
856 611 946 669 VI.
978 644 1049 657 —
1076 612 1150 668 De
1194 613 1466 670 monachis
1502 612 1821 670 sodalitates
1855 615 1932 669 vel
1976 615 2164 685 conju-
2197 622 2241 677 Α

2207 622 2241 677 Α
2340 617 2595 675 ΚΕΦΔΛ.
2631 621 2725 687 ς’.
2756 647 2825 661 --
2853 617 2990 687 Περί
3037 615 3344 688 μοναχῶν’
3364 615 3695 673 ποιούντων
3725 608 3848 723 φιβ’Ι

596 707 830 760 rationes
863 705 1200 774 facientibus.

2272 711 2437 780 τρίας
2465 710 2504 781 ἢ
2532 712 2945 781 συνωμοσίας.

872 796 1099 853 Concilii
1127 796 1569 852 Chalcedonensis
1599 811 1770 850 canon
1810 795 1897 850 18.
2299 773 2316 780 ⁷
2412 773 2428 779 ⁷
2489 773 2501 781 “

2299 773 2316 780 ⁷
2412 773 2428 779 7
2489 773 2501 781 1
2534 773 2807 857 Συνόδου
2845 773 3236 871 Χαλκηδόνος
3274 800 3477 856 κανὼν
3516 806 3607 871 ιη’.
3850 773 3856 831 1

660 887 749 942 18.
788 886 1195 956 Conjurationis
1218 888 1303 943 vel
1341 887 1643 944 sodalitatis
1675 886 1885 942 crimen
1910 928 1926 954 ,
1947 894 2078 953 etc.,
2112 896 2171 940 ut

2342 901 2432 969 ιη’.
2474 894 2549 949 Τὸ
2580 895 2680 963 τῆς
2716 894 3059 966 συνωμοσίας
3111 894 3145 967 ἢ
3196 893 3429 965 φατρίας
3486 892 3761 967 ἔγκλημα,
3787 914 3832 950 κ.

699 1015 713 1030 .
749 975 875 1030 750.
2269 1004 2320 1041 τ.
2352 986 2405 1041 λ.

588 992 713 1048 pag.
749 975 875 1030 750.

883 1064 1112 1120 Concilii
1141 1065 1449 1120 aecumenici
1478 1079 1531 1119 vi
1564 1080 1736 1119 canon
1769 1064 1861 1120 δι.

2269 1004 2320 1041 τ.
2352 986 2405 1041 λ.
2464 1076 2735 1153 Σρνοδου
2770 1072 3194 1143 οικουμενικῆς
3235 1072 3291 1138 ς’
3329 1074 3533 1127 κανὼν
3570 1074 3665 1129 λδ¹.

662 1156 752 1211 54.
794 1155 968 1211 Porro
999 1166 1183 1211 autem
1211 1170 1336 1211 cum
1366 1163 1421 1211 et
1442 1154 1547 1210 hoc
1575 1170 1751 1211 canon
1786 1154 2169 1223 sacerdotalis,

2166 1200 2169 1215 ›
2340 1169 2434 1223 λδ’.
2475 1169 2586 1224 Καὶ
2608 1167 2769 1222 τοῦτο
2801 1168 2855 1220 δὲ
2885 1165 2982 1220 τοῦ
3011 1166 3287 1237 ἱερατικοῦ
3318 1168 3581 1234 κανόνος,
3612 1184 3667 1223 κ.
3690 1185 3735 1221 τ.
3759 1167 3807 1223 λ.

588 1249 720 1304 'etc..
758 1257 817 1302 ut
846 1265 968 1304 naa.
1010 1248 1141 1304 798.

661 1265 720 1313 2.,
758 1265 817 1302 ut
846 1265 968 1319 pag.
1012 1265 1141 1304 ma.

661 1340 803 1410 Lege
835 1356 955 1411 qua:
984 1341 1243 1397 adnotata
1276 1351 1407 1399 sunt
1432 1342 1485 1396 in
1523 1358 1644 1413 cap.
1680 1344 1772 1410 37,
1811 1345 1895 1400 tit.
1928 1346 1961 1401 9
2002 1347 2169 1419 hujus

2339 1352 2640 1423 Ἀνάγνωθι
2676 1352 2745 1407 τά
2774 1354 3291 1424 παραγεγραμμένα
3319 1352 3379 1407 ὲν
3410 1351 3489 1425 τῷ
3515 1352 3592 1418 λζ’
3614 1352 3837 1422 κεφ.τοῦ

583 1432 789 1501 “Pi‘ris-
2269 1447 2313 1513 6'
2351 1446 2459 1500 τίτ.
2497 1445 2689 1499 τούτου
2726 1443 2821 1498 τοῦ
2868 1444 3277 1514 συντάγματος.

654 1521 809 1576 CAP.
844 1520 962 1578 VII.
990 1554 1063 1565 —
1088 1522 1173 1580 Ne
1206 1527 1289 1581 vir
1311 1526 1570 1581 asceticus
1606 1542 1726 1581 cum
1771 1527 1988 1582 muliere
2013 1528 2083 1583 sit
2110 1528 2193 1582 in

2338 1537 2589 1590 ΚΕΦΑΛ.
2619 1533 2694 1591 Z'.
2726 1565 2796 1575 —
2826 1534 2967 1604 Περὶ
2988 1534 3097 1590 τοῦ
3114 1533 3201 1604 μὴ
3233 1533 3643 1589 συλλούεσθαι
3662 1534 3839 1603 ἀσκη-

586 1612 792 1667 balneo.

2266 1627 2384 1697 τὴν
2410 1627 2671 1697 γυναικί.

939 1703 1164 1760 Concilii
1188 1704 1477 1761 Laodiceni
1514 1724 1682 1763 canon
1718 1711 1810 1765 50.
2563 1720 2580 1771 ὲ

2563 1714 2835 1771 Συνόδου
2873 1715 3225 1782 Λαοδικείας
3263 1714 3467 1769 κανὼν
3502 1713 3568 1768 λ’.

659 1791 749 1847 30.
792 1792 948 1860 Quod
976 1811 1083 1851 non
1116 1805 1331 1867 oportet
1362 1812 1486 1853 eum
1517 1799 1607 1870 qui
1651 1809 1735 1857 est
1767 1810 2041 1872 sacratus,
2081 1806 2163 1862 vel

2334 1810 2399 1865 λ’.
2428 1809 2551 1864 ’Ότι
2579 1809 2640 1863 οῦ
2666 1808 2748 1861 δεῖ
2778 1806 3158 1879 ίερατικοὺς,ἢ
3187 1805 3504 1879 κληρικοὺς,
3528 1805 3563 1876 ἢ
3591 1803 3838 1876 ἀσκητάς,

570 1882 816 1939 clericus
845 1890 929 1939 vel
964 1887 1315 1955 exercitatus,
1347 1895 1453 1944 etc.
1475 1927 1490 1953 ,
1516 1899 1574 1944 ut
1596 1908 1718 1961 pag.
1754 1892 1878 1948 790.
2197 1953 2233 1961 _
2270 1921 2328 1959 κ.
2354 1920 2410 1957 τ.
2436 1901 2487 1956 λ.

887 1976 1113 2032 Concilii
1142 1983 1446 2035 aecumenici
1475 1997 1527 2036 vt
1560 1999 1728 2036 canon
1760 1983 1844 2038 77.
2195 1953 2240 2012 Β
2468 1995 2528 2046 Σι

2195 1953 2240 2012 Β
2367 1953 2409 1957 ἡ
2439 1953 2738 2046 γίέυνόδου
2774 1988 3195 2059 οἱκουμενικῆς
3233 1986 3286 2054 ς’
3322 1988 3525 2042 κανὼν
3560 1986 3654 2053 οξ.

657 2067 746 2121 77.
787 2065 944 2134 Quod
996 2086 1106 2125 non
1147 2074 1320 2129 sacris
1354 2074 1626 2142 initiatos,
1658 2075 1742 2130 vel
1782 2076 2032 2143 clericos,
2072 2079 2156 2134 vel

2332 2083 2438 2150 οξ.
2467 2085 2595 2139 Ὀτι
2624 2084 2684 2138 οὐ
2708 2083 2788 2138 δεῖ
2812 2081 3123 2154 ίερατικοὺς
3144 2081 3179 2152 ἢ
3206 2079 3558 2151 κληρικοῦςῆ
3584 2077 3836 2149 ἀσκητάς.

584 2170 819 2227 ascetas,
853 2170 985 2226 etc.,
1018 2172 1076 2216 ut
1100 2181 1225 2235 pag.
1255 2166 1379 2222 790.
1782 2162 1785 2163 7

853 2170 985 2226 etc.,
1018 2172 1076 2216 ut
1100 2181 1225 2235 pag.
1255 2166 1379 2222 790.
1782 2162 1785 2163 ν
2261 2196 2316 2232 κ.
2341 2194 2392 2231 τ.
2428 2177 2477 2230 λ.

651 2245 817 2319 370
852 2247 1007 2306 CAP.
1045 2248 1183 2305 Vill.
1218 2283 1287 2293 -—
1331 2253 1408 2308 De
1441 2271 1716 2311 sacrarum
1756 2256 2020 2326 uirginum
2060 2274 2155 2311 cu-

2332 2268 2584 2324 ΚΕΦΑΛ.
2620 2264 2703 2322 H'.
2732 2293 2802 2306 —
2827 2263 2968 2335 Περὶ
3003 2262 3287 2334 φυλακῆς
3320 2260 3498 2331 ιερῶν
3525 2258 3837 2329 παρθένων.

579 2339 775 2395 stadia.

864 2432 1089 2489 Concilii
1119 2435 1552 2505 Carthaginensis
1582 2456 1753 2495 canon
1780 2441 1869 2499 44.

2508 2451 2781 2506 Συνόδου
2818 2447 3236 2519 Καρθαγέννης
3275 2446 3477 2501 κανὼν
3512 2442 3612 2516 μδ.

654 2522 735 2577 De
772 2524 1085 2595 uirginibus.

2330 2544 2466 2613 Περὶ
2497 2543 2821 2612 παρθένων.

652 2615 743 2671 ιι.
786 2614 858 2670 Ut
886 2619 1124 2688 virgines
1157 2635 1329 2675 sacra:
1358 2621 1407 2655 ⁸⁸
1440 2636 1565 2677 cum
1596 2624 1939 2694 parentibus,
1974 2641 2004 2681 a
2030 2625 2157 2698 qui-

2333 2633 2442 2705 μδ’.
2469 2635 2634 2687 Ὥστε
2670 2634 2771 2696 τάς
2803 2630 2955 2702 ίεράς
2987 2629 3310 2701 παρθένους,
3337 2628 3428 2681 ὅτε
3461 2626 3571 2679 τῶν
3601 2622 3838 2694 πατέρων

579 2707 685 2764 bus
732 2710 1197 2777 custodiebantur,
1246 2712 1472 2783 privatae
1512 2714 1743 2783 fuerint,
1786 2718 2030 2791 episcopi
2074 2722 2157 2776 vel

2263 2724 2588 2799 χωρίζονται
2623 2724 2681 2791 ἐξ
2709 2718 2784 2777 ὧν
2804 2722 3197 2792 ἐφυλάττοντο,
3225 2721 3291 2790 τῇ
3326 2717 3421 2771 τοῦ
3451 2715 3768 2777 ἐπισκόπου,
3797 2710 3827 2780 ἢ

585 2798 894 2870 presbyteri
950 2800 1091 2869 (26),
1138 2802 1229 2857 ubi
1270 2804 1558 2875 episcopus
1592 2809 1790 2864 absens
1835 2819 1939 2875 est,
1974 2813 2156 2881 provi-

2264 2816 2433 2872 αὑτοῦ
2480 2815 2714 2878 ἀπόντος
2761 2817 2825 2885 τῇ
2878 2814 2973 2865 τοῦ
3027 2812 3400 2881 πρεσϐυτέρου
3450 2804 3696 2879 προνοίᾳ,
3728 2803 3834 2863 ταῖς

581 2890 766 2945 dentia
787 2892 1133 2961 gravioribus
1169 2892 1389 2951 feminis
1421 2899 1897 2966 commendentur,
1918 2911 1974 2955 ut
1996 2903 2158 2957 simul

2263 2907 2621 2979 τιμιωτέραις
2650 2906 2867 2975 γυναιξὶ
2898 2902 3297 2976 παρατίθεσθαι
3317 2918 3331 2933 ο
3364 2899 3397 2971 ἦ
3430 2899 3549 2969 ἅμα
3570 2889 3836 2949 κατοικού-

580 2982 895 3038 liabitantes
937 2982 1171 3039 invicem
1211 3001 1270 3041 se
1316 2989 1654 3055 custodiant,
1700 3006 1770 3046 ne
1819 2994 2026 3064 passim
2068 3009 2163 3048 va-

2268 3016 2367 3063 σας
2390 2998 2626 3069 ἀλλήλας
2660 2996 2951 3066 φυλάττειν
2971 3035 2986 3060 ,
3018 2994 3107 3049 ῑνα
3144 2992 3217 3064 μὴ
3252 2989 3532 3061 πανταχοῦ
3574 2985 3832 3054 πλαζόμε-

582 3073 762 3144 gando
784 3072 1041 3130 Ecclesia:
1068 3075 1269 3131 laedant
1291 3079 1772 3136 existimationem.

2265 3107 2378 3155 ναι,
2418 3088 2519 3160 τὴν
2558 3087 2828 3158 ὑπόληψιν
2874 3085 3118 3156 βλάψωσι
3158 3085 3255 3153 τῆς
3294 3081 3642 3150 Ἐκκλησίας.

741 3165 967 3221 Concilii
1004 3169 1309 3222 aecumenici
1340 3185 1393 3225 vt
1426 3186 1648 3226 canones
1672 3173 1763 3241 46,
1792 3174 1883 3241 47,
1914 3174 2006 3229 48.
2334 3183 2381 3236 Σ

2334 3180 2606 3236 Συνόδου
2634 3176 3051 3248 οὶκουμενικῆς
3084 3181 3141 3239 ς’
3168 3173 3366 3228 κανὼν
3397 3172 3518 3241 μς’,
3549 3169 3655 3241 μζ’,
3684 3170 3784 3237 μη¹.

652 3256 738 3309 46.
784 3255 918 3322 Quae
978 3258 1144 3312 vitam
1189 3261 1627 3321 exercitatoriam
1674 3263 1906 3334 eligunt,
1947 3274 2076 3332 etc.,
2115 3284 2174 3329 ut
2202 3284 2247 3342 (ι

2126 3284 2174 3329 ut
2202 3284 2247 3342 ο
2350 3276 2468 3341 μς·’.
2510 3269 2575 3322 Αἱ
2601 3267 2693 3322 τὸν
2721 3265 3018 3336 ἀσκητικὸν
3050 3262 3374 3336 αἱρούμεναι
3402 3262 3540 3332 βίον,
3572 3276 3625 3312 κ.
3651 3273 3698 3311 τ.
3725 3254 3767 3306 λ.

579 3364 702 3418 pag.
740 3348 868 3402 847.

652 3440 744 3494 47.
786 3438 973 3510 Neque
1020 3441 1215 3498 mulier
1246 3441 1302 3498 in
1343 3442 1584 3498 virorum
1634 3447 1988 3517 monasterio,
2032 3458 2162 3515 etc.,

2130 3491 2162 3515 .,
2344 3454 2451 3527 μς.
2489 3453 2644 3524 Μήτε
2672 3452 2729 3503 ὲν
2757 3447 2986 3522 ἀνδρῴῳ
3014 3443 3361 3518 μοναστηρίῳ
3385 3442 3547 3514 γυνὴ,
3579 3456 3635 3495 κ.
3656 3453 3705 3492 τ.
3726 3435 3771 3490 λ.

580 3541 640 3586 ιιι
677 3549 801 3605 pag.
833 3533 965 3589 855.
2073 3548 2083 3554 ·

654 3624 745 3679 48.
790 3624 937 3679 Uxor
989 3625 1110 3695 ejus
1159 3628 1253 3696 qui
1299 3628 1365 3682 ad
1434 3629 1797 3699 episcopalem
1843 3631 2162 3703 dignitatem

2345 3635 2458 3707 μη’.
2492 3634 2556 3689 Ἡ
2580 3632 2675 3686 τοῦ
2703 3632 2839 3704 πρὸς
2864 3631 3172 3701 ἐπισκοπῆς
3193 3628 3487 3699 προεδρίαν
3519 3620 3831 3694 ἀναγομένου

579 3725 958 3788 promovetur,
981 3728 1113 3783 etc.,
1138 3729 1194 3771 ut
1219 3734 1342 3790 pag.
1381 3720 1506 3776 782.

1033 3733 1113 3783 c.,
1138 3729 1194 3771 ut
1219 3734 1342 3790 pag.
1381 3720 1506 3776 782.
2271 3727 2431 3800 γυνὴ,
2467 3745 2521 3782 κ.
2546 3744 2596 3779 τ.
2624 3725 2674 3779 λ.

686 3830 846 3900 371
890 3829 1118 3885 Concilii
1144 3831 1353 3888 Νίσιεηὶ
1388 3849 1426 3888 ιι
1458 3850 1683 3889 canones
1716 3835 1804 3903 18,
1831 3837 1923 3905 20,
1958 3838 2053 3893 22.

2376 3836 2646 3893 Συνόδου
2684 3833 2935 3900 Νικαίας
2972 3832 3039 3886 τὸ
3076 3830 3154 3898 β’,
3195 3832 3397 3888 κανὼν
3437 3833 3529 3905 ιη’,
3553 3825 3738 3897 κ’,κβ’.

653 3919 807 3985 Quod
854 3920 1101 3976 mulieres
1129 3940 1229 3977 non
1258 3924 1481 3980 debeant
1513 3928 1567 3981 in
1601 3931 1884 4001 episcopiis
1917 3930 1993 3985 vel
2020 3931 2166 3986 viro-

2349 3932 2479 3983 Ὂτι
2526 3930 2599 3982 οὐ
2646 3926 2737 3981 δεῖ
2774 3926 3033 3997 γυναῖκα
3050 3923 3458 3981 ἐνδιαιτᾶσθαι
3501 3927 3572 3980 ὲν
3610 3922 3832 3977 ὲπισκο·

581 4027 701 4065 ταηι
730 4014 1070 4067 monasteriis
1100 4018 1325 4071 versari.

2269 4022 2478 4086 πείοις,
2521 4019 2561 4088 ἢ
2592 4019 2662 4073 ἐν
2696 4018 2991 4089 ἀνδρῴοις
3022 4017 3471 4087 μοναστηρίοις.

656 4103 749 4159 18.
795 4103 929 4159 Sine
957 4106 1257 4164 oil‘ensione
1284 4124 1407 4166 esse
1438 4112 1600 4166 etiam
1631 4113 1698 4169 iis
1717 4115 1809 4184 qui
1836 4122 1989 4170 extra
2014 4124 2163 4182 sunt,

2341 4112 2434 4184 ιη’.
2453 4111 2820 4183 Ἀπρόσκοποι
2843 4110 3077 4180 γίνεσθε,
3109 4110 3272 4181 φησὶν
3299 4111 3326 4162 ὁ
3347 4109 3491 4174 Θεῖος
3510 4100 3828 4163 ’Λπόστολοςι

580 4194 658 4249 ait
690 4196 907 4252 divinus
939 4198 1256 4266 Apostolus,
1285 4211 1417 4266 etc.,
1450 4212 1509 4255 ιιι
1528 4220 1648 4272 pag.
1680 4204 1805 4261 686.

2270 4203 2504 4263 κ.τ.λ..
3612 4288 3621 4289 7
3718 4278 3794 4289 Δ-

653 4286 811 4352 Quod
855 4288 920 4343 de
955 4293 1203 4357 pra’sentt'
1249 4309 1351 4347 non
1383 4294 1503 4362 ﬁeri
1534 4295 1719 4350 debeat
1755 4298 1948 4353 dualem
1975 4316 2162 4355 mona-

2342 4297 2471 4349 Ὅτι
2504 4295 2577 4348 οὺ
2594 4294 2684 4348 δεῖ
2714 4293 2833 4347 ἀπὸ
2856 4292 2963 4346 τοῦ
2980 4292 3277 4361 παρόντος
3307 4293 3579 4363 γίνεσθαι
3597 4285 3832 4341 διπλοῦν

578 4381 821 4447 sterium,
848 4391 895 4435 et
920 4382 984 4435 de
1008 4385 1342 4438 monasteriis
1371 4385 1691 4454 duplicibus.

2263 4385 2674 4458 μοναστήριον
2692 4427 2707 4452 ,
2749 4384 2848 4438 καί
2907 4384 3043 4453 περὶ
3094 4382 3214 4438 τῶν
3251 4382 3483 4438 διπλῶν
3545 4382 3830 4453 μοναστη⁶

2307 4480 2415 4531 [cur

651 4563 745 4620 20.
789 4563 837 4618 A
867 4566 1119 4633 prmsenti
1166 4566 1461 4621 statuimus
1494 4582 1600 4621 non
1638 4566 1755 4621 ﬁeri
1786 4568 1988 4639 duplex
2037 4584 2159 4625 mo-
2263 4496 2292 4546 ἐ

2263 4496 2575 4625 “tam
2607 4564 2701 4619 τοῦ
2735 4561 3319 4635 παρόντοςζὸρίζομεν,
3360 4560 3435 4632 μὴ
3483 4555 3722 4629 γίνεσθαι
3759 4547 3829 4600 δι-

578 4654 905 4719 nasterium,
951 4656 1210 4723 quoniam
1260 4657 1365 4710 hoc
1409 4656 1465 4711 ﬁt
1512 4657 1700 4714 multis
1744 4657 2063 4713 scandalum
2109 4641 2219 4714 etl

2196 4641 2238 4694 ί)
2269 4657 2434 4712 πλοῦν
2491 4656 2874 4727 μοναστήριον,
2903 4655 2987 4708 ὅτι
3031 4653 3324 4707 σκάνδαλον
3375 4653 3467 4705 καὶ
3519 4648 3829 4720 πρόσκομμει

578 4743 828 4798 offensio.
877 4743 935 4797 Si
965 4747 1057 4814 qui
1088 4754 1271 4800 autem
1304 4746 1494 4801 volunt
1521 4762 1646 4801 cum
1678 4749 1926 4816 cognatis
1958 4750 2162 4805 mundo

2266 4752 2381 4812 τοῖς
2424 4746 2641 4810 πολλοῖς
2670 4746 2828 4799 τοῦτο
2854 4745 3098 4815 γίνεται·
3148 4746 3195 4798 εί
3227 4744 3282 4797 δέ
3310 4761 3454 4806 τινες
3486 4740 3623 4814 μετά
3651 4744 3828 4835 συγξ-

579 4836 919 4899 renuntiare,
949 4848 1002 4891 et
1032 4838 1197 4892 vitam
1245 4839 1400 4909 sequi
1444 4840 1825 4905 monasticam,
1865 4842 2007 4898 viros
2036 4843 2162 4914 qui-

2268 4841 2373 4895 νῶν
2403 4839 2794 4911 προαιροῦνται
2824 4837 3237 4904 ἀποτάξασθαι,
3270 4836 3467 4906 καὶτῷ
3502 4832 3716 4906 μονήρει
3744 4822 3829 4914 βίῳ

577 4930 702 4981 dem
732 4937 949 4997 oportet
980 4931 1034 4983 in
1081 4930 1323 4983 virorum
1374 4932 1709 4987 monasteria
1740 4932 2049 5001 discedere;
2082 4934 2162 4989 fe-

2267 4930 2704 4995 κατακολουθείν,
2736 4930 2863 4994 τοὺς
2890 4929 2988 5000 μὲν
3017 4929 3216 4999 ἄνδρας
3248 4927 3370 4979 δέον
3395 4926 3615 4980 ἀπιέναι
3646 4920 3723 4977 εὶς
3746 4911 3828 4965 ἀν’

577 5020 758 5074 minas
784 5028 965 5073 autem
999 5021 1206 5091 ingredi
1236 5021 1290 5097 in
1327 5021 1616 5076 mulierum
1649 5026 1986 5081 monasteria
2015 5043 2028 5080 :
2058 5026 2162 5081 hoc

2266 5022 2438 5094 δρῷον
2488 5022 2868 5093 μοναστήριον,
2905 5020 2999 5073 καὶ
3049 5019 3147 5083 τάς
3199 5021 3468 5089 γυναῖκας
3520 5010 3741 5071 εἰσιέναι
3779 5001 3828 5051 ὲν

576 5111 725 5165 enim
756 5120 840 5164 est
863 5111 976 5165 Deo
1005 5124 1311 5182 acceptum.
1346 5114 1479 5179 Qua:
1508 5123 1691 5171 autem
1719 5119 1829 5173 huc
1848 5133 2021 5189 usque
2061 5123 2163 5174 du-

2268 5115 2565 5186 γυναικείῳ
2589 5114 2938 5186 μοναστηρίῳ
2960 5128 2973 5142 ·
3020 5114 3113 5166 ἐπὶ
3135 5112 3308 5184 τούτῳ
3332 5113 3441 5183 γὰρ
3479 5098 3827 5180 εὐαρεστεῖται

575 5202 738 5270 plicia
772 5204 1013 5271 fuerunt,
1045 5216 1330 5261 serventur
1362 5209 1663 5263 secundum
1697 5226 1960 5265 canunem
1991 5211 2165 5266 sancti

2265 5209 2295 5261 ὁ
2322 5208 2455 5271 Θεός
2477 5223 2492 5237 ο
2529 5207 2599 5260 τά
2624 5206 2681 5259 δὲ
2713 5206 2843 5259 ὄντα.
2871 5205 2974 5267 ἓως
3003 5203 3098 5257 τοῦ
3131 5204 3227 5259 νῦν
3256 5205 3449 5267 διπλᾶ..
3478 5195 3826 5273 κρατείτωσαν

576 5293 758 5349 Patris
802 5296 974 5351 nostri
1014 5296 1221 5362 Basilii,
1249 5308 1303 5353 et
1336 5300 1637 5356 secundum
1668 5302 1790 5373 ejus
1819 5304 2168 5358 constitutio-

2270 5299 2413 5352 κατὰ
2443 5298 2535 5353 τὸν
2566 5297 2771 5352 κανόνα
2794 5294 2889 5349 τοῦ
2922 5296 3078 5363 ἁγίου
3108 5296 3320 5366 Πατρδς
3354 5296 3511 5367 ἡμῶν
3542 5278 3821 5346 Basilici-zu,

579 5400 704 5439 nem
754 5386 827 5440 ita
885 5396 1164 5458 regantur.
1212 5387 1270 5442 In
1327 5405 1437 5444 uno
1484 5399 1667 5446 autem
1718 5392 2050 5448 monasterio
2100 5409 2169 5447 ne

2272 5392 2366 5445 καὶ
2391 5390 2534 5443 κατά
2554 5390 2651 5459 τὴν
2672 5388 2932 5459 διαταγὴν
2962 5387 3149 5453 αὑτοῦ,
3174 5386 3316 5440 οὕτω
3342 5379 3824 5459 διατυποὺσθωσανς

578 5485 868 5531 versentur
898 5477 1153 5531 monachi
1185 5487 1239 5533 et
1285 5481 1585 5536 monaclne.
1622 5481 1969 5537 Adulterium
2021 5484 2195 5536 enim-

2188 5506 2195 5511 ·
2276 5485 2369 5552 Μὴ
2402 5452 2806 5534 διαιτάσθωσαν
2922 5480 2979 5531 ὲν
3003 5479 3085 5531 ἑνὶ
3107 5479 3451 5550 μοναστηρίῳ
3497 5465 3709 5549 μοναχοὶ
3742 5452 3822 5511 κοίὶ

580 5563 727 5623 inest
774 5568 949 5622 media
1004 5570 1443 5627 conversatione.
1487 5572 1599 5627 Nec
1649 5574 1953 5654 monachus
2003 5573 2172 5629 libere

2278 5573 2634 5644 μονάστριαιο
2672 5570 2886 5642 μοιχεία
2927 5571 3036 5641 γὰρ
3084 5570 3373 5640 μεσολαϐεῖ
3401 5572 3502 5642 τὴν
3534 5554 3820 5623 συνδιαίτη-

653 5741 699 5773 ⁸⁸
739 5741 910 5798 Cone.
942 5740 1115 5799 Afric.
1146 5761 1195 5802 c.
1228 5745 1316 5812 ll;
1340 5748 1510 5802 Couc.
1530 5746 1783 5818 Cartliag.
1820 5766 1903 5813 ιιι,
1930 5764 2052 5803 can.
2078 5750 2170 5815 55,
2211 5759 2265 5805 et
2292 5748 2606 5807 Ferrandus
2635 5766 2757 5821 cap.
2782 5749 2871 5817 48,
2900 5766 2966 5807 ex
2994 5768 3151 5808 conc.
3176 5751 3435 5824 Carthag.
3467 5749 3555 5804 40.

659 5900 771 5973 (~26)
808 5903 909 5960 Ms.
944 5923 962 5958 ι
997 5902 1250 5977 Episcopi
1282 5904 1364 5961 vel
1399 5902 1697 5976 presbyteri
1727 5921 1739 5959 :
1780 5912 1833 5959 et
1872 5905 1962 5959 ubi
2005 5906 2291 5977 cpiscopus
2330 5906 2528 5963 absens
2556 5916 2656 5967 est.
2690 5905 2992 5978 presbyteri
3023 5889 3384 5978 providentia,
3434 5929 3449 5961 ›
3484 5915 3587 5964 ειν.
