4156 6450
472 523 575 589 857

1247 527 1647 590 SYNTAGMA
1680 530 2069 594 CANONUM.
2102 529 2334 593 r-TIT.
2373 532 2480 592 ΧΙ»
2522 532 2682 592 CAP.
2717 532 2938 593 VI-IX.

3643 528 3749 593 858

476 658 559 695 σιν
583 656 599 672 ·
632 638 709 709 μὴ
737 637 907 709 ἐχέτω
937 638 1169 710 μοναχὺς
1192 636 1506 712 παρρησίαν
1529 642 1668 713 πρὸς
1703 644 2051 714 μονάστριαν,

2167 658 2288 696 cum
2321 642 2613 708 monacha,
2642 642 2727 697 vel
2756 641 3020 696 monacha
3053 655 3176 697 cum
3206 637 3473 694 monacho
3496 653 3747 694 seorsum

472 730 510 802 ἢ
542 732 841 802 μονᾶστρια
890 731 1027 801 πρὸς
1075 732 1307 802 μοναχὸν
1352 732 1458 803 ἰδίᾳ
1507 734 1933 804 προσομιλείτω’
1980 732 2056 803 μὴ

2167 733 2563 798 confabulctur,
2606 749 2707 788 nec
2753 735 2915 787 cubet
2968 732 3269 786 monachus
3313 730 3369 784 in
3418 730 3745 784 feminarum

474 824 810 889 κοιταζέσθω
842 825 1076 895 μοναχὸς
1104 828 1161 879 ἐν
1184 827 1479 898 γυναικείῳ
1506 828 1873 898 μοναστηρίῳ,
1920 826 2057 897 μηδὲ

2167 827 2517 891 monasterio,
2553 841 2652 881 nec
2691 841 2813 880 cum
2865 825 3135 879 mouacha
3182 837 3432 878 seorsum
3475 821 3744 877 comedat.

476 919 802 974 συνεσθιέτω
831 919 1132 990 μοναστρίᾳ
1157 920 1298 973 κατὰ
1326 921 1491 990 μόνας
1513 939 1527 954 ·
1555 921 1650 974 καὶ
1674 922 1763 974 ὅτε
1795 922 1864 974 τὰ
1885 921 2059 990 άναγ-

474 1012 606 1066 mh
654 1009 748 1064 τοῦ
800 1010 915 1081 βίου
963 1011 1117 1080 παρὰ
1165 1010 1259 1063 τοῦ
1286 1011 1529 1082 άνδρῴου
1567 1011 1767 1082 μέρους
1798 1012 1933 1082 πρὸς
1960 1012 2059 1074 τάς

474 1102 764 1167 κανονικάς
806 1101 1252 1171 άποκομίζονται,
1282 1101 1479 1165 ἔξωθεν
1527 1104 1625 1171 τῆς
1671 1103 1846 1171 πύλης
1889 1102 2061 1155 ταῦτα

473 1194 797 1265 λαμϐανέτω
826 1196 860 1264 ἠ
892 1192 1171 1264 ἡγουμένη
1201 1192 1295 1247 τοῦ
1324 1194 1638 1261 γυναικείου
1668 1194 2058 1265 μοναστηρίου,

478 1287 616 1358 μετά
635 1286 804 1358 γραός
826 1302 971 1349 τινος
998 1285 1349 1357 μοναστρίας.
1382 1286 1445 1338 El
1470 1286 1527 1339 δὲ
1558 1286 1737 1358 συμϐῇ
1784 1287 1880 1339 καὶ
1927 1302 2061 1354 συγ-

474 1377 609 1448 γενῆ
620 1394 740 1430 τινα
756 1375 899 1430 θέλει
919 1375 1259 1430 θεάσασθαιῶ
1287 1378 1534 1446 μοναχδς,
1555 1377 1648 1431 ἐπὶ
1668 1377 1943 1448 παρουσίᾳ
1963 1379 2063 1447 τῆς

477 1468 787 1541 ἡγουμένης
817 1465 988 1538 ταύτῃ
1007 1466 1405 1537 προσομιλείτω
1434 1467 1521 1521 διά
1552 1468 1765 1539 μικρῶν
1796 1467 1891 1521 καὶ
1927 1467 2061 1538 βρα-

478 1559 619 1632 χέων
639 1560 839 1625 λόγων,
863 1556 961 1609 καὶ
987 1556 1267 1626 συντόμως
1300 1555 1360 1620 ἐξ
1387 1556 1556 1627 αὐτῆς
1599 1556 2055 1627 άπαναχωρείτω.

551 1653 679 1704 Ὀτι
697 1648 787 1703 δεῖ
796 1648 921 1718 μετ’
939 1649 1324 1716 εὐχαριστίας
1340 1648 1437 1702 καί
1461 1646 1665 1715 πάσης
1691 1646 1936 1716 φειδοῦς
1953 1646 2055 1701 καί

477 1742 790 1807 εὐλαϐείας
850 1738 1155 1809 μοναχοὺς
1200 1741 1255 1793 εί
1299 1738 1503 1809 συμϐῇ
1554 1738 1705 1808 μετὰ
1762 1735 2065 1808 γυναικῶν

478 1832 727 1887 ἐσθίειν.

552 1923 658 1993 κβ’.
697 1922 816 1994 Θεῷ
849 1923 950 1994 μὲν
980 1923 1042 1978 τὸ
1069 1924 1177 1977 πᾶν
1209 1919 1577 1987 ἀνατίθεσθαι,
1606 1936 1659 1974 κ.
1686 1937 1735 1973 τ.
1762 1920 1815 1976 λ.

554 2108 801 2162 ΚΕΦΛΛ.
831 2110 909 2164 Θι.
939 2137 1008 2149 --
1042 2109 1179 2178 Περὶ
1219 2106 1444 2177 φθορᾶς
1476 2107 1651 2176 ιερῶν
1684 2106 2020 2176 παρθένων.

699 2199 969 2254 Συνόδου
1007 2197 1429 2268 οίκουμενικῆς
1468 2195 1524 2261 ς’
1563 2197 1765 2252 κανὼν
1795 2196 1857 2251 δ’.

551 2291 613 2347 δ’.
652 2292 723 2347 Ei
751 2309 833 2356 τις
864 2292 1159 2354 ἐπίσκοπος
1178 2334 1189 2351 ,
1216 2291 1249 2360 ἢ
1282 2289 1679 2361 πρεσϐύτερος,
1714 2307 1767 2343 κ.
1790 2306 1838 2341 τ.
1862 2288 1914 2340 λ.

825 2379 1150 2433 Βασιλείου
1190 2378 1393 2433 κανὼν
1432 2384 1522 2446 ιη’,
1545 2376 1616 2440 κ’,
1646 2375 1709 2443 ξ’.

556 2468 645 2542 ιη’.
686 2471 824 2541 Περὶ
852 2471 957 2523 τῶν
981 2469 1330 2524 ἐκπεσουσῶν
1353 2467 1660 2540 παρθένων,
1687 2466 1797 2519 τῶν
1822 2465 2064 2535 καθομο-

484 2560 868 2632 λογησαμένων
895 2560 987 2613 τὸν
1012 2559 1070 2612 ἐν
1101 2558 1393 2628 σεμνότητι
1439 2558 1553 2627 βίον
1593 2557 1671 2628 τῷ
1702 2558 1911 2627 Κυρίῳ,
1944 2552 2063 2609 εἶτα

484 2653 573 2706 διὰ
599 2652 659 2705 τὸ
685 2652 977 2704 ὑποπεσεῖν
1001 2653 1113 2714 τοῖς
1139 2651 1335 2705 πάθεσι
1363 2652 1461 2721 τῆς
1495 2648 1717 2720 σαρκὸς,
1757 2648 2063 2702 ἁθετουσῶν

483 2743 581 2806 τὰς
615 2742 822 2797 ἑαυτῶν
854 2742 1143 2812 συνθήκας,
1171 2743 1219 2795 οἱ
1270 2741 1368 2811 μὲν
1413 2741 1656 2811 Πατέρες
1686 2739 1847 2811 ἡμῶν
1875 2739 2063 2801 ἁπλῶς

484 2836 578 2888 καὶ
623 2836 813 2904 πράως
867 2834 1401 2905 συμπεριφερόμενοι
1450 2834 1572 2896 ταῖς
1624 2831 1926 2895 ἀσθενείαις
1958 2831 2064 2885 τῶν

484 2924 1022 2990 κατολισθαινόντων,
1057 2924 1453 2996 ἐνομοθέτησαν
1497 2923 1691 2985 δεκτὰς
1742 2919 1881 2976 εἶναι
1928 2922 2065 2993 μετά

483 3016 574 3069 τὸν
605 3013 864 3080 ἐνιαυτὸν,
892 3014 1016 3067 καθ’
1044 3014 1343 3084 ὁμοιότητα
1383 3013 1491 3065 τῶν
1528 3012 1772 3081 διγάμων
1806 3010 2062 3077 διαταξά-

487 3121 667 3176 μενοι·
704 3105 828 3175 ἐμοὶ
868 3105 925 3156 δὲ
959 3105 1109 3158 δοκεῖ
1129 3146 1142 3169 ,
1180 3105 1364 3174 ἐπειδὴ
1396 3107 1461 3174 τῇ
1494 3103 1588 3155 τοῦ
1617 3103 1855 3173 Χριστοῦ
1882 3103 2063 3173 χάριτι

484 3198 749 3266 προϊοῦσα
775 3197 807 3265 ἡ
830 3197 1129 3267 Ἐκκλησία
1157 3195 1522 3266 κραταιοτέρα
1552 3195 1784 3263 γίνεται,
1818 3196 1911 3248 καὶ
1932 3195 2066 3265 πλη-

2165 914 2232 970 Ει
2275 916 2493 986 quando
2539 932 2661 985 quae
2695 924 2823 971 sunt
2855 915 2975 969 vitae
3016 914 3325 968 necessaria
3356 928 3385 967 a
3415 921 3572 982 parte
3602 913 3747 966 viro-

2168 1022 2286 1060 rum
2317 1007 2384 1061 ad
2416 1007 2689 1074 regulares
2721 1005 2956 1060 feminas
2982 1004 3325 1068 deferuntur,
3353 1013 3506 1057 extra
3534 1012 3744 1071 portam

2168 1096 2284 1151 haec
2330 1095 2564 1164 accipiat
2614 1094 2934 1151 monasterii
2985 1093 3271 1148 muliebris
3318 1092 3571 1162 prmfecta
3618 1108 3743 1146 cum

2169 1188 2351 1257 aliqua
2382 1202 2491 1241 anu
2520 1187 2809 1242 monacha.
2844 1187 2899 1240 Si
2932 1196 3112 1241 autem
3147 1183 3384 1248 eveniat,
3411 1192 3469 1237 ut
3505 1183 3743 1251 aliquam

2168 1279 2297 1333 velit
2331 1289 2614 1349 cognatam
2664 1279 2965 1333 monachus
2995 1278 3263 1346 aspicere,
3310 1284 3574 1343 praesente
3606 1288 3744 1343 prae-

2170 1369 2310 1425 fecta
2342 1386 2464 1425 cum
2495 1384 2557 1423 ca
2591 1368 2937 1437 colloquatur
2968 1368 3166 1438 exiguo
3196 1376 3251 1422 et
3287 1365 3437 1421 brevi
3469 1380 3742 1433 sermone,

2168 1470 2223 1517 et
2257 1477 2382 1516 mox
2410 1460 2480 1515 ab
2509 1476 2573 1516 ea
2603 1459 2842 1515 recedat.

2241 1649 2403 1720 372
2441 1648 2593 1716 Quod
2628 1665 2747 1702 cum
2773 1648 3070 1719 gratiarum
3111 1647 3317 1701 actione
3353 1655 3404 1701 et
3444 1661 3560 1699 cum
3603 1644 3745 1705 omni

2171 1744 2479 1797 verecundia
2509 1759 2569 1795 ac
2598 1742 2849 1811 religione
2871 1742 3089 1794 debeant
3118 1739 3361 1794 monachi
3392 1755 3511 1792 cum
3557 1738 3745 1791 mulie-

2171 1834 2338 1898 ribus,
2362 1835 2409 1887 si
2434 1833 2665 1898 accidat,
2700 1833 3043 1888 manducare.

2240 1926 2329 1981 22.
2372 1926 2483 1981 Deo
2508 1926 2727 1996 quidem
2752 1918 3065 1979 universum
3086 1924 3511 1991 dedicare,etc.,
3536 1932 3592 1976 ut
3623 1939 3745 1993 pag.

2094 1992 2141 2054 Β
2169 2018 2291 2074 690.

2232 2109 2387 2165 CAP.
2426 2109 2521 2164 IX.
2547 2139 2619 2150 —
2649 2108 2721 2162 De
2751 2123 3029 2161 sacrarunt
3060 2108 3323 2176 virginum
3356 2115 3559 2175 stupro.

2458 2198 2684 2255 Concilii
2723 2199 3026 2252 wcumenici
3064 2214 3112 2251 vr
3147 2214 3308 2252 canon
3339 2198 3394 2252 6.

2231 2288 2286 2343 4.
2300 2286 2358 2341 Si
2380 2287 2501 2358 quis
2519 2289 2827 2356 cpiscopus,
2850 2287 2930 2341 vel
2948 2288 3247 2357 presbyter,
3266 2297 3395 2351 etc.,
3411 2298 3467 2339 ut
3485 2304 3604 2356 pag.
3622 2287 3746 2341 750.

2554 2378 2747 2432 Basilii
2779 2395 3003 2432 canones
3043 2380 3128 2443 i8,
3157 2379 3246 2445 ‘20,
3281 2382 3370 2434 60.

2240 2469 2321 2524 18.
2368 2469 2439 2524 De
2474 2471 2642 2540 lapsis
2672 2471 2999 2538 virginibus,
3031 2487 3152 2540 quae
3185 2472 3348 2525 vitam
3391 2479 3593 2526 castam
3624 2486 3749 2541 pro-

2166 2562 2325 2616 fessa:
2379 2561 2632 2627 Domino,
2685 2561 2882 2616 deinde
2941 2563 3125 2618 carnis
3189 2562 3510 2618 libidinibus
3565 2564 3743 2629 victm,

2164 2662 2321 2721 pacta
2354 2667 2451 2704 sua
2481 2651 2634 2707 irrita
2664 2651 2893 2716 faciunt,
2924 2650 3113 2708 Patres
3145 2654 3364 2722 quidem
3395 2655 3589 2717 nostri,
3622 2670 3745 2709 cum

2169 2740 2487 2810 simpliciter
2520 2754 2584 2793 ac
2614 2739 2808 2793 leniter
2858 2755 2980 2795 sese
3011 2741 3079 2795 ad
3124 2756 3311 2795 eorum
3353 2743 3444 2811 qui
3487 2742 3750 2796 labuntur

2165 2831 2533 2907 infirmitatem
2559 2831 3064 2899 accommodarent,
3094 2842 3427 2887 censuerunt
3454 2834 3599 2901 ipsas
3625 2841 3749 2902 post

2168 2939 2369 2977 annum
2405 2924 2613 2977 admitti
2642 2938 2826 2992 posse,
2868 2924 2933 2977 de
2985 2922 3096 2977 illis
3139 2923 3204 2977 ad
3229 2923 3640 2978 similitudinem
3663 2922 3749 2977 di-

2170 3028 2455 3083 gamorum
2487 3014 2867 3084 dijudicantes.
2912 3011 3115 3067 Verum
3158 3014 3290 3066 mihi
3326 3014 3546 3082 quidem
3599 3014 3749 3066 vide-

2172 3114 2280 3170 tur,
2332 3106 2592 3175 quoniam
2644 3104 2739 3161 Dei
2788 3106 2935 3160 dono
2984 3106 3344 3176 progrediens
3401 3104 3644 3159 Ecclesia
3692 3105 3750 3160 lit

2175 3197 2386 3265 fortior,
2429 3207 2484 3252 at
2527 3214 2673 3252 nunc
2699 3199 3098 3269 multiplicatur
3128 3199 3262 3253 ordo
3297 3199 3593 3267 virginum,
3622 3199 3748 3254 dili-

485 3290 702 3345 θύνεται
725 3289 817 3343 νῦν
838 3290 897 3343 τὸ
918 3291 1105 3359 τάγμα
1132 3288 1242 3342 τῶν
1267 3288 1573 3361 παρθένων,
1596 3288 1886 3360 προσέχειν
1911 3289 2070 3359 ἀκρι-

2171 3298 2357 3359 genter
2405 3290 2861 3344 considerandam
2920 3306 3041 3345 esse
3075 3298 3130 3344 et
3176 3306 3292 3345 rem
3345 3291 3540 3360 ipsam,
3592 3299 3752 3360 prout

485 3382 595 3445 ϐῶς
618 3382 697 3452 τῷ
719 3382 838 3435 κατ’
855 3380 1061 3435 ἔννοιαν
1086 3381 1395 3451 φαινομένῳ
1421 3381 1727 3451 πράγματι,
1752 3381 1848 3433 καλ⁵
1876 3384 1939 3451 τῇ
1965 3381 2066 3451 τῆς

481 3471 703 3541 Γραφῆς
732 3471 957 3543 διανοίᾳ,
989 3472 1057 3540 ἣν
1085 3470 1307 3523 δυνατὸν
1350 3470 1591 3540 ἐξευρεῖν
1639 3470 1746 3524 ἀπὸ
1793 3471 1888 3524 τοῦ
1934 3471 2063 3524 ἀκο-

482 3561 674 3616 λούθου
700 3580 714 3595 ο
752 3562 946 3633 χηρεία
975 3561 1084 3631 γάρ
1117 3561 1410 3632 παρθενίας
1435 3562 1703 3616 ἐλάττων·
1738 3562 1935 3616 οὐκοῦν
1968 3563 2063 3616 καὶ

482 3652 544 3706 τὸ
572 3652 682 3706 τῶν
728 3653 911 3723 χηρῶν
944 3653 1251 3724 άμάρτημα
1275 3696 1290 3721 ,
1323 3653 1503 3723 πολλῷ
1538 3653 1791 3725 δεύτερόν
1821 3654 1935 3707 ἐστι
1968 3654 2062 3707 τοῦ

479 3745 589 3799 τῶν
622 3745 903 3816 παρθένων
921 3763 936 3778 ο
964 3745 1161 3816 ἴδωμεν
1186 3745 1365 3800 τοίνυν
1392 3746 1445 3798 τί
1475 3745 1783 3816 γέγραπται
1813 3746 2064 3817 Τιμοθέῳ

482 3835 633 3906 παρὰ
662 3834 754 3888 τοῦ
788 3836 1000 3890 Παύλου
1020 3852 1034 3866 ο
1080 3836 1385 3904 Νεωτέρας
1410 3834 1479 3887 δὲ
1510 3834 1702 3904 χήρας
1739 3834 2061 3904 παραιτοῦ⁶

483 3925 631 3979 ὅταν
658 3926 767 3994 γὰρ
800 3925 1360 3995 καταστρηνιάσωσι
1389 3926 1495 3980 τοῦ
1520 3927 1777 3995 Χριστοῦ
1802 3967 1817 3992 ,
1854 3926 2066 3997 γαμεῖν

482 4016 788 4081 θέλουσιν,
827 4016 1080 4083 ἔχουσαι
1118 4017 1295 4087 κρῖμα
1320 4017 1409 4070 ὅτι
1445 4018 1559 4085 τὴν
1587 4016 1827 4086 πρώτην
1856 4019 2065 4072 πίστιν·

480 4106 811 4176 ⁴ἠθέτησαν.
850 4108 913 4161 Et
946 4109 1125 4161 τοίνυν
1154 4109 1187 4178 ἡ
1218 4108 1365 4178 χήρα
1397 4107 1625 4178 κρίματι
1652 4107 1934 4161 ὑπόκειται
1967 4108 2063 4179 βα-

482 4202 698 4271 ρυτάτῳ
748 4200 823 4264 ὡς
868 4200 966 4271 τὴν
1015 4203 1095 4265 εἰς
1141 4202 1375 4269 Χριστὸν
1420 4201 1735 4272 ἁθετήσασα
1768 4202 1973 4267 πίστιν,
2009 4202 2062 4255 τί

481 4291 589 4360 χρὴ
615 4291 927 4361 λογίζεσθαι
967 4294 1117 4363 ἡμᾶς
1139 4294 1269 4363 περὶ
1293 4291 1396 4362 τῆς
1421 4294 1716 4364 παρθένου,
1734 4294 1854 4364 ἥτις
1876 4292 2065 4365 νύμφη

481 4380 599 4433 ἐστὶ
626 4380 720 4434 τοῦ
751 4382 1009 4452 Χριστοῦ,
1038 4383 1131 4436 καλ⁵
1170 4382 1361 4445 σκεῦος
1399 4383 1541 4453 ἱερὸν
1569 4383 1829 4437 ἀνατεθὲν
1856 4384 1935 4454 τῷ
1967 4386 2063 4437 Δε-

481 4469 690 4543 arvom;
725 4473 884 4541 Μέγα
931 4473 1027 4542 μὲν
1072 4474 1378 4544 ἁμάρτημα
1426 4476 1520 4528 καί
1564 4474 1755 4545 δούλην
1783 4474 2063 4546 λαθραίοις

478 4562 680 4633 γάμοις
728 4564 923 4635 ἑαυτὴν
971 4565 1328 4629 ἐπιδιδούσαν,
1366 4566 1571 4636 φθορᾶς
1619 4567 1929 4636 ἀναπλῆσαι
1972 4567 2062 4620 τὸν

479 4648 649 4720 οἷκον,
680 4657 773 4707 καὶ
806 4654 1158 4725 καθυϐρίζειν
1192 4655 1278 4708 διὰ
1306 4656 1400 4707 τοῦ
1434 4654 1670 4725 πονηροῦ
1708 4655 1821 4726 βίου
1852 4655 1942 4707 τὸν
1972 4672 2063 4708 κε-

2167 4672 2431 4725 deteriore
2472 4672 2583 4726 vita
2626 4672 2879 4739 injuriam
2925 4673 3230 4741 possessori
3287 4671 3467 4726 facere
3511 4686 3527 4725 :

477 4746 751 4814 κτημένον
771 4762 784 4776 ·
815 4745 993 4816 πολλῷ
1020 4746 1076 4798 δὲ
1104 4746 1273 4817 δήπου
1303 4746 1703 4817 χαλεπώτερον,
1726 4747 1823 4818 τὴν
1846 4746 2064 4817 νύμφην

483 4836 764 4907 μοιχαλίδα
789 4838 1063 4907 γενέσθαι,
1084 4839 1176 4893 καὶ
1198 4839 1295 4910 τὴν
1322 4840 1459 4910 πρὸς
1488 4838 1578 4893 τὸν
1606 4839 1838 4910 νυμφίον
1870 4839 2064 4893 ἕνωσιν

476 4928 843 4999 άτιμᾶσασαν,
875 4930 1091 5000 ἡδοναῖς
1130 4930 1450 4994 ἀκολάστοις
1496 4931 1693 5001 ἑαυτὴν
1741 4930 2018 4984 ἐπιδοῦναι
2044 4948 2059 4962 ο

476 5018 675 5073 οὐκοῦν
709 5021 743 5091 ὴ
778 5020 876 5090 μὲν
906 5022 1048 5091 χήρα
1071 5020 1146 5084 ὡς
1171 5020 1331 5092 δούλη
1363 5021 1734 5092 διεφθαρμένη
1767 5022 2061 5075 καταδικά-

478 5107 653 5173 ζεται,
677 5112 711 5181 η
737 5110 795 5164 δὲ
818 5111 1085 5182 παρθένος
1111 5112 1190 5183 τῷ
1221 5113 1450 5183 κρίματι
1470 5115 1568 5182 τῆς
1596 5112 1905 5183 μοιχαλίδος
1931 5113 2061 5165 ὑπό-

474 5216 689 5255 κειταιο
721 5202 911 5272 ὥσπερ
966 5200 1053 5257 δῦν
1104 5203 1195 5257 τὸν
1248 5204 1508 5275 ἀλλοτρίᾳ
1559 5206 1779 5273 γυναικὶ
1813 5206 2062 5258 συνιόντα

477 5292 665 5362 μοιχὸν
705 5293 1066 5365 ὀνομάζομεν,
1098 5296 1159 5349 οὐ
1208 5297 1472 5368 πρότερον
1517 5297 1939 5368 παραδεξόμενοι
1983 5300 2061 5362 είς

474 5384 759 5437 κοινωνίαν
788 5386 917 5457 πρὶν
943 5387 974 5457 ἢ
1008 5387 1320 5441 παύσασθαι
1346 5388 1446 5457 τῆς
1471 5389 1765 5459 ἁμαρτίας,
1799 5388 1941 5443 οὕτω
1967 5390 2062 5460 δηο

476 5471 649 5529 λονότι
681 5477 774 5529 καὶ
810 5477 904 5531 ἐπὶ
934 5478 1029 5531 τοῦ
1062 5478 1159 5549 τὴν
1205 5479 1473 5551 παρθένον
1500 5480 1712 5549 ἔχοντος
1741 5481 2058 5551 διατεθησό-

476 5565 652 5635 μεθαο
704 5567 882 5621 ἐκεῖνο
910 5568 966 5622 δὲ
998 5568 1095 5622 νῦν
1126 5568 1671 5642 προδιωμολογῆσθαι
1713 5574 1845 5643 ἡμῖν
1890 5574 2058 5641 ἀναγ-

471 5659 646 5723 καῖον,
678 5658 762 5711 ὅτι
790 5660 1057 5731 παρθένος
1105 5661 1429 5730 ὀνομάζεται
1468 5663 1502 5733 ἡ
1550 5663 1813 5725 ἑκουσίως
1857 5663 2058 5732 ἑαυτὴν

470 5749 903 5819 προσαγαγοῦσα
923 5750 1002 5822 τῷ
1024 5753 1232 5823 Κυρίῳ,
1250 5753 1345 5806 καὶ
1364 5752 1750 5826 ἀποταξαμένη
1772 5753 1851 5825 τῷ
1870 5754 2054 5825 γάμῳ,

545 5935 588 5969 ⁸⁷
631 5937 821 5995 iTim.
857 5956 910 6011 v,
964 5941 1048 6010 ll,
1096 5943 1175 5996 12.

2170 3380 2538 3436 consideranti
2566 3379 2854 3435 manifesta
2882 3390 2986 3447 est,
3016 3391 3070 3436 et
3100 3380 3401 3451 Scriptura:
3422 3381 3749 3436 sententiam

2168 3487 2291 3542 qua:
2320 3487 2388 3526 ex
2412 3471 2806 3527 consecutione
2834 3472 3067 3526 inveniri
3099 3481 3292 3542 potest.
3328 3471 3574 3527 Viduitas
3602 3474 3747 3527 enim

2170 3563 2467 3633 virginitati
2521 3562 2791 3629 inferior;
2840 3580 2969 3633 ergo
3012 3574 3067 3617 et
3136 3565 3429 3618 viduarum
3489 3565 3746 3619 delictum

2170 3655 2330 3725 longe
2360 3656 2543 3710 minus
2574 3670 2740 3726 quam
2785 3656 3086 3724 virginum.
3117 3654 3411 3712 Videamus
3441 3672 3572 3727 ergo
3618 3658 3750 3727 quid

2168 3748 2234 3800 ad
2269 3746 2621 3801 Timotheum
2658 3763 2689 3802 a
2724 3748 2892 3803 Paulo
2925 3748 3190 3817 scriptum
3228 3749 3328 3803 sit:
3362 3747 3610 3803 Iuniores
3650 3766 3750 3803 au-

2170 3847 2273 3891 tent
2307 3839 2495 3892 viduas
2530 3840 2727 3893 devita.
2760 3838 3052 3909 Postquam
3085 3840 3223 3892 enim
3268 3839 3607 3893 lascivierunt
3653 3840 3752 3892 ad-

2167 3946 2347 3984 versus
2398 3930 2693 3995 Christum,
2742 3932 2933 3984 nubere
2970 3931 3171 3993 volunt,
3206 3930 3451 3986 habentes
3499 3931 3750 3985 condem-

2168 4023 2467 4089 nationem,
2505 4023 2642 4092 quod
2680 4024 2907 4091 primam
2953 4023 3109 4093 ﬁdem
3156 4023 3368 4076 irritam
3416 4023 3649 4091 fecerunt
3678 4023 3746 4080 ⁸⁷.

2169 4116 2357 4187 Itaque
2401 4118 2445 4172 si
2498 4117 2660 4171 vidua
2700 4116 2909 4187 judicio
2944 4116 3231 4183 subjicitur
3261 4117 3626 4188 gravissimo,
3687 4126 3751 4172 ut

2165 4225 2287 4278 qua:
2317 4210 2473 4264 [idem
2507 4210 2559 4263 in
2592 4209 2873 4265 Christum
2925 4209 3135 4264 irritam
3168 4210 3379 4277 fecerit,
3414 4210 3544 4280 quid
3588 4208 3747 4265 nobis

2167 4301 2469 4370 putandum
2495 4300 2656 4370 373
2689 4301 2755 4355 de
2782 4300 3010 4371 virgine,
3040 4317 3162 4371 qua:
3186 4318 3385 4371 sponsa
3417 4310 3500 4356 est
3519 4301 3745 4368 Christi,

2168 4404 2225 4448 et
2274 4409 2493 4448 sacrum
2536 4410 2631 4448 vas
2668 4394 2901 4448 Domino
2943 4394 3303 4448 dedicatum?
3340 4394 3591 4464 Magnum
3617 4393 3745 4463 qui-

2166 4488 2287 4540 dem
2319 4496 2404 4541 est
2434 4495 2735 4555 peccatum,
2772 4485 2855 4540 vel
2883 4486 3135 4539 ancillam
3171 4484 3524 4540 clandestinis
3548 4485 3743 4539 matri-

2168 4579 2369 4633 moniis
2412 4594 2533 4633 sese
2580 4580 2821 4643 dantem,
2880 4588 3069 4648 stupro
3117 4578 3340 4632 domum
3390 4578 3638 4648 implere,
3690 4587 3746 4632 et

3588 4672 3746 4741 IOnge

2168 4772 2349 4818 autem
2376 4764 2597 4834 gravius
2630 4774 2713 4818 est
2738 4778 2995 4831 sponsam
3035 4764 3149 4818 fieri
3184 4764 3509 4828 adulteram,
3539 4778 3603 4817 ac
3630 4777 3745 4817 sum

2166 4872 2290 4909 cum
2316 4870 2519 4925 sponso
2548 4855 2931 4925 coniunctioni
2959 4854 3196 4909 dedecus
3228 4854 3516 4917 ferentem,
3560 4855 3743 4924 impu-

2167 4946 2307 5001 dicis
2333 4946 2705 5017 voluptatibus
2730 4961 2788 5000 se
2812 4946 3027 5001 dedere.
3058 4944 3293 5001 Proinde
3318 4947 3474 5000 vidua
3498 4946 3743 5015 quidem,

2168 5046 2224 5090 ut
2253 5047 2507 5105 corrupta
2534 5037 2754 5100 ancilla,
2789 5038 3219 5105 condemnatur;
3255 5039 3405 5108 virgo
3435 5054 3562 5093 vero
3585 5039 3745 5092 adul-

2169 5138 2297 5182 tera:
2320 5127 2526 5196 judicio
2566 5129 2874 5198 subjicitur.
2904 5128 3381 5195 Quemadmodum
3415 5130 3579 5201 igitur
3609 5145 3738 5185 eum

2163 5221 2257 5290 qui
2282 5235 2407 5275 cum
2440 5220 2616 5275 aliena
2640 5229 2724 5276 est
2752 5221 3002 5287 muliere,
3028 5223 3335 5277 adulterum
3365 5222 3741 5287 nominamus,

2164 5328 2272 5365 non
2312 5312 2465 5382 prius
2502 5312 2853 5369 admittentes
2896 5314 2963 5369 ad
2997 5315 3466 5379 communionem,
3518 5328 3683 5383 quam
3711 5328 3744 5368 a

2164 5412 2386 5472 peccato
2420 5403 2761 5469 cessaverit,
2806 5401 2881 5457 ita
2930 5401 3177 5472 profecto
3214 5412 3267 5456 et
3306 5402 3376 5456 de
3413 5415 3478 5455 eo
3506 5399 3600 5469 qui
3634 5398 3746 5453 vir-

2164 5497 2345 5566 ginem
2381 5495 2543 5550 habet
2575 5504 2901 5551 statuemus.
2930 5494 3066 5549 lllud
3094 5504 3275 5549 autem
3312 5508 3458 5548 nunc
3494 5494 3549 5547 in
3583 5502 3742 5548 ante-

2162 5604 2379 5643 cessum
2412 5596 2651 5643 statuere
2677 5588 2832 5644 nobis
2852 5603 3079 5643 necesse
3109 5599 3214 5651 est,
3234 5586 3499 5658 virginem
3531 5585 3738 5649 vocari,

2159 5694 2282 5748 qua:
2327 5694 2385 5734 se
2433 5694 2532 5733 sua
2588 5689 2784 5749 sponte
2828 5679 3026 5733 obtulit
3060 5677 3315 5741 Domino,
3374 5691 3439 5731 ac
3485 5674 3737 5729 nuntium

2160 5767 2367 5840 nuptiis
2399 5768 2635 5839 remisit,
2657 5777 2713 5825 et
2741 5768 3122 5824 sanctimonia:
3155 5766 3463 5823 institutum
3490 5764 3739 5835 amplexa
