4156 6494
432 543 543 609 859

1580 532 1848 604 ΡΗΟΤΙΙ
1883 529 2393 603 ΡΑΤΒΙΑΒΟἨΑΞ
2422 540 2538 602 CP.

3594 539 3701 604 860

428 662 533 709 (ει.
566 653 950 710 Professiones
972 660 1155 708 autem
1189 651 1258 706 ab
1282 667 1347 706 eo
1380 660 1624 722 tempore
1646 653 2005 717 admittimus,

2125 650 2207 703 καὶ
2232 650 2323 703 τὸν
2352 652 2410 703 ὲν
2441 648 2701 720 ἁγιασμῷ
2734 647 2851 719 βίον
2887 646 3273 719 προτιμήσασα
3295 663 3309 679 ’
3355 648 3456 712 τὰς
3481 648 3540 703 δὲ
3569 651 3703 721 ὁμο-

426 761 538 816 qno
579 754 713 801 tetas
742 745 972 800 rationis
1008 744 1471 811 complementum
1515 743 1782 798 habuerit.
1815 743 2005 814 Neque

423 838 567 893 enim
604 838 842 908 pueriles
874 851 1037 891 voces
1075 835 1305 889 omnino
1338 844 1487 889 ratas
1532 836 1584 891 in
1619 838 1889 907 ejusmodi
1920 853 2006 892 re-

424 929 526 982 bus
555 928 759 983 habere
790 928 1085 983 convenit:
1123 926 1215 980 sed
1251 940 1371 993 quae
1395 929 1578 995 {supra
1620 928 1891 982 sexdecim
1919 930 2005 982 vel

424 1018 811 1086 septemdecim
839 1032 1013 1070 annos
1045 1022 1194 1079 nata,
1243 1015 1727 1069 ratiocinationum
1773 1032 2003 1071 suarum

424 1111 654 1175 arbitra,
692 1110 783 1164 diu
830 1110 1137 1164 examinata
1177 1124 1241 1163 ac
1295 1108 1540 1177 probata,
1590 1106 1847 1177 deinceps
1879 1124 2005 1178 per-

426 1200 715 1261 severavit,
757 1208 811 1253 et
854 1208 912 1251 ut
961 1198 1281 1251 admittatur
1335 1206 1653 1251 constanter
1710 1200 2003 1266 rogaverit,

428 1300 541 1345 tum
569 1290 791 1344 demum
828 1290 970 1344 inter
999 1290 1237 1359 virgines
1287 1288 1592 1355 referenda,
1624 1289 1854 1358 ejusque
1888 1300 2005 1343 rata

426 1382 674 1435 habenda
705 1380 1002 1451 professio,
1052 1396 1117 1435 ac
1154 1381 1301 1435 illius
1338 1380 1560 1435 violatio
1596 1380 2006 1436 inexoraliiliter

423 1472 717 1540 punienda.
754 1471 948 1527 Multas
979 1473 1123 1526 enim
1171 1481 1429 1541 parentes
1475 1471 1757 1525 adducunt
1800 1483 1852 1527 et
1896 1471 2006 1526 fra-

426 1573 537 1618 tres
574 1571 628 1617 et
669 1564 1103 1633 propinquorum
1150 1563 1398 1617 nonnulli
1449 1570 1576 1617 ante
1610 1572 1849 1628 atatem,
1895 1580 2004 1618 non

424 1668 522 1708 sua
551 1664 746 1723 sponte
793 1654 857 1708 ad
898 1655 1139 1710 cmlibem
1173 1654 1336 1709 vitam
1371 1654 1645 1717 incitatas,
1679 1656 1774 1710 sed
1818 1664 1878 1710 ut
1904 1655 2009 1710 sibi

426 1743 529 1814 ipsi
573 1744 797 1815 aliquod
839 1745 895 1799 in
933 1747 1042 1801 vita
1073 1746 1423 1801 commodum
1472 1747 1813 1816 provideant.
1850 1745 2008 1801 Tales

429 1850 535 1890 non
572 1835 731 1891 facile
760 1837 1129 1902 admittenda),
1163 1837 1337 1892 donec
1367 1849 1555 1906 aperte
1602 1839 1847 1907 ipsarum
1878 1852 2007 1906 per-

427 1928 656 1983 scrutati
687 1926 958 1984 fuerimus
994 1930 1345 1984 sententiam.

494 2107 661 2179 3'74
695 2108 785 2163 20.
826 2108 1177 2178 Quaecunque
1221 2109 1506 2175 mulieres,
1557 2123 1682 2164 cum
1735 2118 1919 2165 essent
1957 2109 2015 2165 in

428 2197 646 2265 hieresi,
678 2209 805 2266 etc.,
830 2209 888 2253 ut
918 2217 1039 2270 pag.
1076 2200 1202 2255 619.

505 2289 594 2347 60.
637 2290 768 2357 Quae
798 2292 1160 2360 virginitatem
1191 2289 1610 2362 professa,etc.,
1649 2301 1705 2345 ut
1726 2307 1852 2363 pag.
1881 2291 2013 2349 854.

506 2388 649 2467 Lege
707 2387 1086 2443 adnotationes
1148 2390 1215 2443 50
1282 2402 1404 2457 cap.
1484 2388 1569 2441 tit.
1637 2387 1670 2441 9
1734 2386 2017 2457 praesentis

435 2473 639 2528 operis.

498 2571 652 2626 CAP.
693 2571 762 2625 X.
791 2600 861 2611 -—-
887 2569 961 2624 De
992 2580 1149 2626 aetate
1188 2570 1589 2640 suscipientium
1618 2571 1859 2626 habitum
1889 2571 2012 2626 reli-

428 2661 656 2731 giosum.
693 2660 829 2715 Item
859 2677 1104 2731 quamam
1127 2662 1341 2713 dicatur
1365 2661 1553 2731 virgo?

697 2845 923 2900 Concilii
972 2844 1403 2915 Carthaginensis
1430 2860 1600 2898 canon
1634 2844 1755 2899 126.

497 2937 575 2991 De
597 2936 887 3006 virginibus
911 2937 1075 2989 etiam
1106 2935 1400 2989 minoribus
1432 2935 1693 2989 vetandis.

502 3028 625 3082 126.
661 3026 794 3082 Item
838 3027 1043 3098 placuit
1067 3026 1140 3093 ⁸⁸,
1185 3035 1243 3081 ut
1275 3026 1594 3096 quicunque
1634 3025 2015 3095 episcoporum

433 3120 763 3175 necessitate
816 3118 1173 3188 periclitantis
1224 3118 1501 3187 pudicitia:
1544 3117 1844 3187 virginalis,
1891 3132 2014 3172 cum

431 3212 517 3267 vel
563 3212 760 3278 petitor
807 3219 1022 3280 potens,
1072 3209 1158 3264 vel
1202 3218 1388 3279 raptor
1427 3209 1624 3278 aliquis
1657 3208 2015 3279 formidatur;

2114 740 2301 808 λογίας
2329 740 2450 795 τότε
2494 740 2821 811 ἐγκρίνομεν
2843 778 2856 804 ,
2892 739 2984 808 ἀφ’
3012 734 3181 809 οὗπερ
3209 739 3275 793 ἂν
3303 740 3336 811 ή
3371 739 3559 810 ήλικία
3599 741 3702 812 τὴν

2112 832 2209 885 τοῦ
2243 832 2402 900 λόγου
2455 831 2854 901 συμπλήρωσιν
2883 830 2980 900 ἔχῃ
2999 849 3014 861 ·
3041 831 3118 883 ού.
3146 830 3256 901 γὰρ
3298 831 3398 894 τὰς
3445 832 3703 896 παιδικὰς

2117 924 2319 993 φωνὰς,
2350 926 2568 987 πάντως
2618 923 2816 995 κυρίας
2865 923 3094 976 ἐπὶτῶν
3143 923 3401 977 τοιούτων
3448 925 3699 996 ἡγεῖσθαι

2118 1020 2406 1086 προσήκει,
2441 1016 2576 1069 ἀλλὰ
2616 1016 2717 1085 τὴν
2760 1016 2902 1085 ὑπὲρ
2931 1014 2999 1067 τὰ
3026 1014 3221 1080 δεκαὲξ
3252 1015 3285 1085 ἢ
3314 1018 3409 1069 καὶ
3440 1017 3573 1071 δέκα
3605 1018 3699 1072 καὶ

2115 1106 2256 1161 ἑπτὰ
2285 1106 2582 1175 γενομένην
2623 1105 2741 1176 ἐτη,
2792 1106 2989 1177 κυρίαν
3032 1101 3197 1158 οὖσαν
3247 1105 3354 1159 τῶν
3397 1106 3695 1178 λογισμῶν,

2115 1195 2501 1265 ἀνακριθεῐσαν
2528 1196 2618 1247 ἐπὶ
2646 1196 2833 1247 πλεῖον
2850 1235 2867 1261 ,
2900 1190 3021 1248 εἶτα
3053 1195 3472 1265 παραμείνασαν
3498 1198 3591 1250 καὶ
3616 1197 3699 1249 λι-

2115 1287 2399 1359 παροῦσαν
2434 1286 2524 1340 sta
2555 1287 2775 1340 ίκεσιῶν
2819 1285 2958 1356 πρὸς
2998 1285 3061 1338 τὸ
3113 1286 3546 1357 παραδεχθῆναι,
3574 1288 3695 1340 τότε

2115 1379 2581 1448 ὲγκαταλέγεσθαι
2624 1379 2732 1450 χρὴ
2757 1380 2877 1443 ταῖς
2907 1378 3218 1449 παρθένοις,
3249 1380 3344 1431 καὶ
3376 1378 3473 1449 τὴν
3506 1378 3701 1446 ὁμολο-

2116 1474 2242 1542 γίαν
2292 1472 2389 1542 τῆς
2432 1469 2688 1539 τοιαύτης
2737 1468 2938 1541 κυροῦν
2956 1510 2971 1536 ,
2999 1469 3096 1523 καὶ
3124 1470 3222 1537 τὴν
3248 1468 3503 1537 ἀθέτησιν
3532 1468 3699 1539 αὐτῆς

2116 1565 2505 1635 ἀπαραιτήτως
2553 1562 2802 1627 κολάζειν
2827 1579 2841 1594 ·
2898 1561 3098 1625 πολλὰς
3148 1561 3258 1632 γὰρ
3306 1564 3484 1629 γονεῖς
3527 1578 3698 1632 προσ-

2118 1644 2317 1724 άγουσι
2343 1656 2437 1707 καὶ
2464 1653 2707 1723 ἀδελφοὶ,
2737 1654 2832 1707 καὶ
2863 1653 2973 1707 τῶν
3005 1652 3398 1723 προσηκόντων
3421 1652 3563 1714 τινὲς
3593 1653 3700 1722 πρὸ

2116 1746 2217 1816 τῆς
2246 1744 2464 1816 ήλικίας
2483 1784 2499 1809 ,
2533 1746 2635 1798 οὐκ
2667 1745 2878 1801 οἴκοθεν
2907 1745 3242 1816 ὁρμηθείσας
3275 1746 3412 1814 πρὸς
3437 1746 3697 1814 ἀγαμίαν,

2116 1839 2253 1893 ἀλλά
2276 1857 2327 1892 τι
2362 1838 2618 1908 βιωτικδν
2644 1839 2862 1901 ἑαυτοῖς
2890 1837 3255 1907 διοικούμενοι
3272 1854 3287 1870 ο
3314 1839 3382 1901 ἃς
3414 1838 3473 1891 ού
3506 1836 3701 1909 ῥᾳδίως

2119 1930 2512 2001 προσδέχεσθαι
2558 1930 2678 1997 δεῖ,
2709 1930 2817 1994 ἕως
2844 1930 2911 1985 ἂν
2939 1928 3192 2001 φανερῶς
3220 1928 3321 2000 τὴν
3352 1928 3485 1984 ἰδίαν
3524 1928 3703 1982 αὐτῶν

2037 2011 2085 2071 Β
2113 2023 2500 2094 ὲρευνήσωμεν
2539 2021 2787 2092 γνώμην.

2190 2120 2260 2168 κ’.
2293 2114 2457 2167 Ὀσαι
2476 2116 2732 2182 γυναῖκες
2755 2114 2813 2167 ὲν
2840 2111 3051 2184 αἱρέσει
3072 2112 3252 2179 οὖσαι,
3276 2129 3333 2169 κ.
3359 2128 3412 2167 τ.
3440 2112 3491 2166 λ.

2191 2295 2253 2362 ξ’.
2295 2296 2360 2348 Ἦ
2392 2295 2687 2367 παρθενίαν
2709 2296 3095 2367 ὀμολογήσασα
3116 2337 3130 2360 ,
3161 2313 3217 2350 κ.
3248 2313 3300 2350 τ.
3334 2296 3387 2351 λ.

2211 2387 2509 2455 Ἀνάγνωθι
2529 2387 2627 2450 τὰς
2659 2388 3031 2459 παραγραφὰς
3053 2388 3149 2442 τοῦ
3183 2388 3226 2442 λ’
3248 2405 3376 2457 κεφ.
3405 2386 3501 2443 τοῦ
3527 2387 3570 2441 θ’
3597 2385 3701 2441 τίτ.

2115 2457 2212 2512 τοῦ
2247 2459 2511 2529 παρόντος
2543 2457 2942 2528 συντάγματος.

2190 2570 2443 2624 ΚΕΦΑΛ.
2473 2572 2530 2623 l'.
2568 2598 2637 2611 --
2690 2570 2831 2638 Περὶ
2857 2570 3082 2639 χρόνου
3126 2571 3238 2641 τῆς
3286 2573 3530 2641 ἡλικίας
3581 2574 3702 2629 τῶν

2121 2657 2564 2729 λαμϐανουσῶν
2590 2660 2657 2714 τὸ
2688 2661 2900 2731 σχῆμα
2919 2677 2933 2692 ’
2966 2662 3066 2716 καὶ
3115 2666 3259 2718 ποία
3290 2664 3525 2734 λέγεται
3557 2682 3705 2735 παρ·

2121 2753 2315 2821 θένος.

2332 2842 2604 2899 Συνόδου
2644 2845 3069 2915 Καρθαγέννης
3094 2846 3299 2902 κανὼν
3338 2856 3489 2919 ρκς’.

2188 2933 2326 3003 Περὶ
2356 2932 2665 3004 παρθένων
2696 2936 2949 3005 μικρῶν,
2990 2936 3080 2990 ὅτι
3106 2938 3235 3007 μὴν
3270 2939 3635 2995 καλυπτέον.

2192 3032 2343 3099 ρκς’.
2382 3025 2614 3096 Ὁμοίως
2651 3027 2871 3097 ήρεσεν,
2911 3028 3001 3080 ἵνα
3028 3029 3385 3100 όστισδήποτε
3433 3031 3543 3084 τῶν
3582 3032 3703 3085 ἐπι-

2123 3119 2362 3183 σκόπων,
2399 3117 2467 3170 δι’
2503 3117 2747 3187 ἀνάγκην
2802 3118 2902 3187 τῆς
2961 3120 3296 3191 παρθενικῆς
3350 3124 3703 3194 σωφροσύνης

2120 3209 2557 3279 κινίυνευούσης,
2592 3209 2683 3262 ὅτε
2713 3208 2746 3278 ἢ
2774 3209 3015 3282 ἐραστὴς
3040 3209 3285 3279 δυνατὸς,
3329 3211 3362 3282 ἦ
3400 3211 3584 3283 ἅρπαξ
3620 3214 3705 3279 τίς

432 3299 520 3355 vel
577 3300 622 3354 si
676 3301 841 3352 etiam
902 3299 1089 3368 aliquo
1143 3298 1337 3353 mortis
1388 3298 1696 3367 periculoso
1753 3301 2013 3369 scrupulo

2125 3302 2270 3353 ἐστιν
2297 3302 2354 3352 ἐν
2385 3300 2614 3371 ὑποψίᾳ,
2643 3299 2676 3371 ἢ
2707 3299 2790 3353 ἔτι
2834 3300 2943 3372 μήν
2988 3300 3093 3353 ὑπό
3121 3317 3269 3365 τινος
3318 3301 3699 3375 θανατηφόρου

438 3401 768 3461 compuncta
826 3390 1025 3457 fuerit,
1074 3406 1140 3444 ne
1184 3406 1293 3444 non
1342 3390 1519 3445 velata
1574 3391 1869 3459 moriatur;
1924 3401 2017 3447 aut

2125 3390 2368 3445 κινδύνου
2402 3390 2540 3463 αὕτη
2581 3392 2770 3463 ἔσηται
2816 3392 3104 3463 νυχθείσα,
3162 3394 3625 3465 παρακαλούντων
3671 3396 3705 3468 ἢ

433 3484 781 3556 exigentibus
826 3483 1168 3552 parentibus,
1215 3491 1312 3536 aut
1349 3482 1436 3537 his
1469 3483 1536 3537 ad
1566 3497 1800 3552 quorum
1831 3498 2016 3539 curam

436 3575 692 3647 pertinet,
712 3574 970 3629 velaverit
991 3574 1280 3643 virginem,
1307 3588 1403 3629 seu
1442 3574 1643 3629 velavit
1670 3575 1809 3629 intra
1832 3574 2021 3645 viginti

438 3668 680 3739 quinque
731 3681 905 3721 annos
948 3667 1146 3731 aetatis,
1199 3682 1308 3721 non
1348 3665 1398 3720 ei
1446 3666 1589 3721 obsit
1621 3666 1911 3721 concilium
1943 3667 2016 3734 θ’,

439 3759 586 3829 quod
615 3758 683 3813 de
714 3758 817 3814 isto
840 3771 1109 3812 annorum
1143 3770 1375 3812 numero
1403 3757 1760 3813 constitutum
1792 3769 1898 3815 est.

634 3938 865 3993 Consilii
901 3939 1207 3994 aecumenici
1244 3955 1296 3995 γι
1336 3957 1559 3996 canones
1593 3943 1684 4008 40,
1720 3943 1810 3998 45.

504 4032 581 4086 De
611 4032 881 4085 monachis
910 4040 959 4085 et
993 4032 1339 4107 monialibus.

510 4124 600 4178 40.
635 4114 911 4189 Quoniam’
929 4122 1037 4179 Deo
1064 4123 1272 4179 hazrere
1302 4125 1348 4157 ’°
1382 4141 1478 4196 per
1498 4142 1776 4185 secessum
1804 4145 1872 4186 ex
1896 4139 2020 4185 vum

441 4216 671 4286 strepitu
703 4231 769 4271 ac
796 4216 1209 4286 perturbatione
1229 4217 1386 4273 valde
1410 4227 1496 4275 est
1522 4220 1784 4288 salutare,
1808 4230 2026 4292 oportet

438 4326 543 4365 nos
580 4324 691 4364 non
723 4309 843 4364 sine
871 4308 1278 4364 examinatione
1305 4325 1402 4366 eos
1429 4311 1522 4382 qui
1549 4313 1715 4368 vitam
1760 4316 2027 4370 menasti-

440 4416 560 4457 cam
593 4401 820 4470 eligunt,
852 4416 960 4455 non
999 4400 1379 4471 intempestive
1400 4404 1704 4469 admittere,
1741 4407 1832 4461 sed
1866 4407 2028 4464 nobis

441 4508 471 4547 a
498 4493 752 4548 Patribus
773 4492 1028 4547 traditum
1051 4493 1345 4548 terminum
1366 4493 1419 4547 in
1445 4496 1525 4549 eis
1546 4510 1765 4565 quoque
1786 4511 2027 4563 servare,

440 4592 504 4641 ut
534 4584 658 4639 vitae
687 4583 988 4639 secundum
1019 4583 1190 4638 Deum
1218 4583 1618 4653 professionem
1642 4586 1755 4654 jam
1789 4587 2025 4655 firmam,

2127 3484 2237 3537 τῶν
2265 3484 2469 3553 γονέων
2503 3483 2694 3555 αὐτῆς,
2722 3483 2756 3555 ἢ
2791 3478 2866 3539 ὧν
2895 3488 2963 3558 τῇ
2996 3485 3242 3556 φροντίδι
3285 3487 3590 3552 ἀνάκειται,
3619 3490 3708 3542 διὰ

2128 3575 2191 3630 τὸ
2241 3577 2319 3646 μὴ
2362 3575 2530 3647 χωρὶς
2578 3575 2673 3629 τοῦ
2724 3577 3003 3647 σχήματος
3066 3576 3446 3647 τελειωθῆναι,
3491 3576 3707 3650 καλύψῃ

2127 3667 2397 3739 παρθένον
2454 3668 2487 3739 ἢ
2538 3667 2808 3737 ἐκάλυψεν
2847 3668 2997 3732 ἐντὸς
3047 3669 3241 3740 κείρας
3288 3669 3551 3723 ἐνιαυτῶν
3605 3675 3706 3735 κε’,

2129 3759 2301 3830 μηδὲν
2342 3759 2435 3813 τὸν
2464 3758 2707 3812 τοιοῦτον
2746 3759 2921 3830 βλάψῃ
2953 3761 3082 3831 περὶ
3131 3760 3324 3815 τούτου
3348 3760 3445 3815 τοῦ
3474 3760 3708 3834 ἀριθμοῦ

2128 3855 2239 3910 τῶν
2267 3854 2532 3908 ἐνιαυτῶν
2555 3854 2961 3907 κατασταθεῖσα
2998 3854 3240 3919 σύνοδος.

2278 3944 2547 4003 Συνόδου
2562 3944 2982 4014 οἱκουμενικῆς
3021 3950 3079 4009 ς’
3108 3944 3310 4000 κανὼν
3342 3945 3417 4017 μ’,
3443 3952 3546 4016 με’.

2200 4041 2339 4108 Περὶ
2353 4036 2640 4108 μοναχῶν
2668 4038 2765 4093 καὶ
2778 4080 2781 4083 .
2794 4035 3207 4107 μοναστριῶν.

2201 4126 2273 4198 μ’.
2316 4127 2533 4198 Ἐπειδὴ
2583 4126 2664 4198 τῷ
2702 4126 2825 4197 θεῷ
2861 4125 3181 4191 κολλᾶσθαι,
3232 4124 3327 4179 διὰ
3363 4125 3463 4196 τῆς
3501 4127 3566 4178 ὲκ
3599 4123 3708 4178 τῶν

2127 4219 2221 4272 τοῦ
2245 4218 2360 4289 βίου
2390 4217 2636 4289 θορύὸων
2662 4217 3091 4288 ἀναχωρήσεως,
3123 4215 3246 4271 λίαν
3277 4216 3396 4269 ἐστὶ
3419 4216 3707 4287 σωτήριον,

2130 4309 2237 4382 Χρὴ
2268 4308 2343 4380 μὴ
2367 4307 2740 4372 ἀνεξετάστως
2771 4306 3002 4377 ἡμᾶς,ἢ
3040 4307 3195 4377 παρὰ
3216 4306 3309 4360 τὸν
3343 4306 3536 4376 καιρὸν
3581 4308 3709 4370 τοὺς

2130 4402 2221 4454 τὸν
2255 4399 2467 4471 μονήρη
2511 4398 2624 4470 βίον
2653 4397 3015 4469 αἱρουμένους
3060 4398 3408 4469 προσίεσθαι,
3452 4397 3587 4452 ἀλλὰ
3617 4399 3715 4453 τὸν,

2131 4491 2505 4563 παραδοθέντα
2529 4492 2660 4561 ἡμῖν
2689 4490 2844 4561 παρὰ
2867 4489 2977 4545 τῶν
3005 4490 3287 4561 Πατέρων,
3321 4491 3414 4544 καὶ
3446 4492 3503 4545 ὲν
3528 4491 3712 4554 αὐτοῖς

2135 4583 2431 4654 φυλάττειν
2463 4584 2589 4654 ὅρον
2612 4600 2628 4614 ·
2665 4582 2806 4636 ὥστε
2829 4580 2928 4655 τήν
2968 4581 3259 4653 ὁμολογίαν
3279 4582 3374 4636 τοῦ
3411 4584 3552 4637 κατὰ
3578 4583 3715 4636 Θεὸν

438 4682 496 4729 et
544 4689 573 4727 a
607 4672 835 4728 scientia
882 4687 959 4729 ac
994 4671 1203 4742 judicio
1234 4671 1435 4728 factam
1480 4682 1611 4728 tunc
1643 4676 2017 4747 admittamus,

2133 4676 2249 4747 βίου
2278 4676 2401 4729 τότε
2425 4674 2748 4747 προσίεσθαι
2784 4675 2887 4741 δεῖ,
2932 4674 3009 4739 ὡς
3055 4676 3157 4746 ’ήδη
3210 4674 3434 4746 βεϐαίαν
3461 4674 3558 4729 καὶ
3604 4675 3712 4728 ἀπὸ

440 4773 567 4835 post
592 4764 823 4819 rationis
854 4764 1340 4834 complementum.
1384 4764 1488 4834 Qui
1536 4781 1667 4837 ergo
1699 4766 1861 4837 375
1903 4782 2024 4822 mo-

441 4856 734 4912 nachicum
762 4856 953 4927 jugum
984 4864 1070 4911 est
1097 4855 1400 4922 subiturus,
1433 4872 1517 4928 .ne
1549 4857 1617 4911 sit
1656 4858 1836 4913 minor
1858 4874 2023 4929 quam

442 4949 630 5005 decem
653 4961 923 5002 annorum
945 4956 1127 5012 natus,
1147 4947 1268 5017 ejus
1289 4962 1507 5016 quoque
1524 4947 1598 5002 rei
1620 4949 2027 5003 examinatione

446 5038 498 5091 in
530 5036 780 5107 praesulis
815 5037 1049 5092 arbitrio
1089 5038 1195 5094 sita
1219 5076 1234 5102 ,
1293 5053 1361 5092 an
1409 5039 1597 5107 augeri
1648 5047 1862 5109 tempus
1894 5055 2028 5094 con-

445 5126 744 5181 ducibilius
776 5127 1052 5182 existimet
1079 5126 1147 5181 ad
1186 5126 1644 5181 introductionem
1677 5137 1732 5183 et
1760 5129 2027 5184 constitu-

400 5218 650 5286 ,tionem
685 5218 741 5271 in
769 5219 883 5272 vita
929 5219 1259 5274 monastica.
1286 5217 1397 5273 Etsi
1432 5219 1580 5273 enim
1611 5235 1844 5290 magnus
1876 5220 2031 5276 Basi-

444 5312 553 5377 lius
576 5312 620 5345 °‘
661 5315 714 5369 in
743 5314 1374 5385 sacrisjsuiscanonibus
1403 5330 1685 5385 eam,qum
1707 5332 1807 5373 sua
1837 5325 2032 5386 sponte

444 5401 558 5457 Deo
588 5418 647 5458 se
675 5404 850 5471 oﬂ'ert,
870 5416 923 5459 et
952 5405 1320 5476 virginitatem
1353 5405 1753 5476 complectitur,
1784 5409 1830 5462 si
1861 5406 2031 5476 septi-

446 5511 597 5549 mum
647 5495 923 5552 decimum
980 5511 1184 5553 annum
1241 5496 1612 5566 compleverit,
1646 5499 1700 5553 in
1758 5499 2030 5568 virginum

444 5586 691 5642 ordinem
732 5587 1075 5643 referendam
1129 5602 1254 5643 esse
1305 5587 1536 5656 statuit;
1593 5590 1686 5644 sed
1721 5599 1901 5645 tamen
1964 5590 2031 5645 de

445 5676 624 5734 viduis
658 5686 712 5733 et
759 5677 1085 5736 diaconissis
1140 5679 1448 5751 exemplum
1502 5682 1698 5747 secuti,
1724 5681 1777 5737 in
1816 5682 2025 5738 dictum

2130 4765 2354 4837 γνώμης
2377 4765 2586 4829 οἰκείας
2614 4766 2710 4819 καὶ
2734 4766 2971 4837 κρίσεως
2999 4765 3316 4835 γινομένην,
3341 4767 3480 4837 μετὰ
3498 4766 3598 4835 τὴν
3618 4765 3709 4818 τοῦ

2130 4856 2293 4923 λόγου
2316 4855 2712 4927 συμπλήρωσιν
2732 4872 2746 4888 ο
2777 4855 2921 4910 ἔστω
2947 4855 3131 4909 τοίνυν
3150 4857 3178 4909 ό
3208 4856 3419 4926 μέλλων
3438 4856 3530 4908 τὸν
3556 4872 3711 4925 μονα·

2130 4948 2284 5019 χικὸν
2316 4947 2653 5018 ὑπέρχεσθαι
2701 4944 2889 5017 ζυγὸν,
2930 4947 3029 5019 ούχ
3056 4941 3221 5019 ἦττον
3249 4948 3282 5018 ἦ
3320 4948 3585 5018 δεκαετής
3608 4962 3621 4976 ·
3654 4949 3710 5000 ὲν

2131 5039 2210 5111 τῷ
2237 5038 2484 5111 προέδρῳ
2501 5038 2765 5109 κειμένης
2791 5038 3005 5110 καὶτῆς
3044 5039 3137 5092 ἐπὶ
3161 5038 3339 5109 τούτῳ
3367 5038 3710 5108 δοκιμασίας,

2136 5134 2187 5187 εί
2215 5132 2307 5186 τὸν
2335 5131 2530 5203 χρόνον
2559 5131 2710 5202 αύτῷ
2750 5130 3055 5201 αὐξηθῆναι
3087 5131 3529 5201 λυσιτελέστερον
3565 5132 3714 5201 ήγεῖ-

2136 5239 2247 5289 ται,
2277 5221 2417 5293 πρὸς
2470 5221 2572 5290 τὴν
2610 5221 2669 5272 ὲν
2717 5220 2798 5290 τῷ
2835 5221 3065 5291 μονήρει
3120 5219 3222 5291 βίῳ
3273 5217 3585 5288 εἰσαγωγὴν
3617 5217 3714 5271 καὶ

2140 5315 2517 5368 κατάστασινο
2554 5313 2603 5368 εί
2629 5312 2739 5384 γὰρ
2771 5312 2864 5366 καὶ⁵
2904 5314 2934 5367 ό
2963 5311 3138 5382 μέγας
3170 5312 3452 5373 Βασίλειος
3496 5313 3557 5363 ὲν
3601 5311 3713 5372 τοῖς

2141 5406 2304 5477 ἱεροῖς
2332 5404 2499 5460 αὑτοῦ
2531 5405 2722 5460 κανόσι
2748 5405 2846 5477 τὴν
2875 5405 3141 5468 ἑκουσίως
3164 5402 3367 5473 ἑαυτὴν
3397 5403 3708 5472 προσάγου-

2140 5516 2240 5553 σαν
2283 5497 2362 5569 τῷ
2395 5496 2514 5568 Θεῷ
2546 5498 2642 5552 καὶ
2670 5497 2772 5569 τὴν
2818 5499 3121 5570 παρθενίαν
3178 5495 3588 5567 ἀσπαζομένην,
3623 5494 3713 5550 τδν

2139 5589 2606 5646 ἑπτακαιδέκατον
2635 5589 2958 5646 διανύουσαν
2996 5590 3209 5660 χρόνον,
3239 5591 3319 5659 τῷ
3346 5588 3454 5642 τῶν
3505 5587 3712 5659 παρθέ-

2139 5699 2247 5735 νων
2287 5682 2533 5752 τάγματι
2586 5682 2938 5753 ἀριθμεῖσθαι
2970 5682 3291 5753 νομοθετεῖ,σ
3326 5681 3441 5736 ἀλλ’
3495 5679 3591 5735 οὖν
3637 5679 3721 5752 τῷ

519 5850 763 5930 titione.
795 5852 1016 5930 Milevit.
1040 5870 1101 5922 ιι,
1131 5871 1231 5911 can
1259 5855 1365 5921 26;
1398 5855 1664 5930 Afric_._c;
1678 5856 1769 5930 95.
1842 5856 1887 5930 θξ
1914 5856 2170 5930 Carthag.
2198 5873 2278 5930 ιιι,
2305 5873 2428 5916 ean.
2458 5858 2512 5915 4.
2587 5860 2633 5895 '°
2662 5858 2865 5930 Basilii,
2888 5872 3008 5916 can.
3041 5858 3139 5926 18;
3169 5858 3426 5917 Chalced.
3465 5877 3589 5918 can.
3625 5863 3710 5918 l9.

452 5918 496 5950 "
529 5920 664 5978 Vide
692 5922 951 5981 Basilium
983 5918 1262 5998 magnum,
1292 5918 1489 5985 canon.
1537 5928 1603 5984 18
1624 5925 1795 5997 Epist.
1822 5927 1891 5984 ad
1924 5918 2388 6000 Amphilochium.
