4156 6494
313 559 419 624 861

1072 555 1477 617 SYNTAGMA
1514 554 1906 621 CANONUM.
1931 581 2002 593 -·-
2028 557 2179 621 ΤΙΤ.
2217 556 2325 631 XI,
2368 558 2528 617 CAP.
2566 557 2726 616 XXI.

3456 556 3567 619 862

314 672 448 745 περὶ
479 667 590 723 τῶν
619 666 805 739 χηρῶν
834 684 896 721 τε
948 668 1043 722 καὶ
1092 668 1451 721 διακονισσῶν
1485 669 1895 739 παραδείγματι

2000 678 2236 739 tempus,
2290 670 2541 740 analogia
2585 678 2640 725 et
2674 669 3024 740 proportione
3055 667 3246 722 habita
3276 706 3291 730 ,
3345 681 3442 723 eos
3480 668 3576 737 qui

314 762 909 832 κατακολουθήσαντες,
952 762 1032 825 εἰς
1056 761 1148 815 τὸν
1179 762 1473 831 εἰρημένον
1524 762 1717 832 χρόνον
1767 765 1900 816 ἁνα-

312 856 491 926 λόγως
515 857 643 919 τοὺς
674 854 766 908 τὸν
799 857 1009 925 μονήρη
1052 854 1167 923 βίον
1200 853 1496 923 ἑλομένους
1532 855 1900 927 περιεστήσα·

321 966 450 1019 μεν’
478 948 537 1002 ὲν
568 948 678 1018 γὰρ
707 947 785 1018 τῷ
810 947 938 1017 θείῳ
976 946 1282 1017 Ἀποστόλῳ
1328 947 1669 1018 γέγραπταιο
1725 947 1901 1015 Ἐξή-

312 1056 503 1094 scorta
525 1039 678 1094 ἐτῶν
708 1041 846 1109 ’τὴν
895 1042 965 1094 ἐν
996 1042 1073 1109 τῇ
1102 1042 1434 1109 Ἐκκλησία
1463 1043 1901 1111 καταλέγεσθαι

315 1129 533 1200 χήραν.
566 1132 630 1184 Οἱ
658 1131 715 1183 δὲ
746 1133 881 1202 ἱεροὶ
914 1132 1137 1194 κανόνες
1179 1137 1232 1201 μ’
1263 1131 1400 1183 ἐτῶν
1429 1132 1528 1201 τὴν
1554 1131 1901 1186 διακόνισσαν

311 1222 741 1292 χειροτονεῖσθαι
778 1222 1219 1293 παραδεδώκασι,
1258 1223 1359 1294 τὴν
1410 1223 1740 1288 Ἐκκλησίαν
1797 1224 1898 1293 χά-

314 1326 430 1380 ριτι
449 1310 569 1381 θείᾳ
597 1311 994 1381 κραταιοτέραν
1014 1312 1330 1383 γινομένην,
1366 1314 1461 1366 καὶ
1484 1313 1580 1365 ἐπὶ
1608 1314 1677 1367 τὰ
1707 1315 1899 1384 πρόσω

312 1402 607 1472 βαίνουσαν
636 1403 964 1473 ἑωρακότες,
992 1405 1088 1457 καὶ
1124 1403 1186 1457 τὸ
1209 1405 1321 1457 τῶν
1363 1405 1573 1459 πιστῶν
1605 1407 1744 1478 πρὸς
1793 1408 1894 1478 τὴν

310 1493 428 1548 τῶν
455 1494 615 1547 θείων
648 1493 877 1548 ἐντολῶν
901 1497 1135 1566 τήρησιν
1160 1496 1356 1563 πάγιόν
1388 1513 1449 1549 τε
1482 1499 1579 1551 καὶ
1607 1498 1854 1567 ἀσφαλές
1882 1516 1895 1530 ο

312 1586 455 1654 ὅπερ
485 1586 580 1639 καὶ
609 1588 773 1656 ἡμεῖς
800 1587 997 1656 ἄριστα
1042 1588 1503 1657 κατανοήσαντες,
1553 1590 1760 1660 ἀρτίως
1815 1591 1896 1643 δι-

311 1673 638 1745 ωρισάμεθα
660 1673 757 1744 τὴν
777 1675 1026 1743 εὐλογίαν
1039 1678 1138 1748 τῆς
1162 1676 1404 1746 χάριτος,
1423 1678 1501 1749 τῷ
1521 1679 1770 1750 μέλλοντι
1788 1682 1897 1734 τῶν

313 1765 461 1818 κατά
506 1765 642 1818 Θεὸν
670 1766 897 1835 ἀγώνων
925 1768 1269 1839 ἐνάρχεσθαι,
1302 1768 1493 1841 ὥσπερ
1545 1773 1668 1825 τινὰ
1720 1790 1895 1843 σφρα-

308 1856 436 1924 γῖδα
484 1856 694 1927 ταχέως
726 1859 1197 1931 ἐνσημαινόμενοι,
1240 1861 1492 1917 ἐντεῦθεν
1544 1865 1709 1918 αὐτὸν
1758 1866 1895 1937 πρὸς

309 1948 376 2002 τὸ
415 1952 505 2001 ἐπὶ
546 1950 813 2021 μήκιστον
850 1952 925 2023 μὴ
959 1955 1138 2007 ὀκνεῖν
1169 1956 1265 2007 καὶ
1306 1954 1637 2010 ἀναδύεσθαι
1661 1958 1891 2028 προσϐι-

2002 765 2170 818 vitatu
2202 764 2558 818 monasticam
2579 763 2877 833 elegerunt,
2901 760 3249 815 deduximus.
3297 757 3356 812 In
3389 760 3575 813 divino

2000 858 2145 910 enim
2186 855 2448 924 Apostolo
2490 855 2753 923 scriptum
2794 862 2878 907 est
2910 853 2956 884 θ’
2985 854 3265 922 sexaginta
3304 866 3575 914 annorum

2000 950 2216 1003 viduam
2244 947 2297 1001 in
2318 947 2557 1002 Ecclesia
2578 946 2878 1015 eligendam
2911 963 2924 1000 :
2948 946 3088 1001 sacri
3126 954 3308 999 autem
3336 958 3576 999 canones

2000 1044 2359 1113 quadraginta
2387 1056 2654 1095 annorum
2676 1042 3040 1096 diaconissam
3069 1039 3426 1096 ordinandam
3455 1051 3576 1091 esse

2000 1144 2330 1198 statuerunt,
2365 1149 2489 1187 cum
2521 1132 2613 1186 Dei
2654 1133 2943 1187 ecclesiam
2975 1132 3068 1186 Dei
3099 1132 3269 1200 gratia
3301 1128 3576 1199 potentio-

1999 1242 2112 1281 rem
2154 1241 2218 1280 ac
2242 1226 2610 1279 robustiorem
2640 1225 2909 1289 evasisse,
2942 1234 2995 1278 et
3024 1224 3253 1278 ulterius
3283 1219 3576 1291 procedere

2000 1318 2285 1383 vidissent,
2312 1318 2661 1385 ﬁdeliumque
2714 1316 2784 1369 ad
2827 1317 3139 1370 divinorum
3190 1314 3571 1369 mandatorum

1999 1410 2436 1464 observationem
2495 1409 2806 1461 ﬁrmitatem
2862 1421 2925 1460 ac
2986 1406 3357 1461 stabilitatem.
3417 1403 3573 1470 Quod

1998 1503 2216 1573 quidem
2262 1517 2387 1557 cum
2440 1516 2542 1556 nos
2589 1515 2808 1570 quoque
2857 1500 3061 1567 optimc
3096 1499 3572 1560 intellexisset-tus,

1998 1594 2162 1648 modo
2190 1592 2483 1648 statuimus
2509 1590 2939 1645 benedictionem
2968 1590 3153 1660 gratiae
3178 1590 3246 1655 ei,
3273 1588 3365 1658 qui
3401 1596 3563 1642 certa-

1997 1686 2145 1739 mina
2178 1685 2480 1740 secundum
2504 1682 2673 1738 Deum
2694 1698 3052 1753 aggressurus
3083 1682 3369 1746 est,veluti
3400 1680 3573 1749 quod-

1998 1776 2121 1829 dam
2154 1775 2492 1844 signaculum
2523 1774 2772 1828 celeriter
2829 1773 3222 1842 imprimentes,
3275 1770 3402 1824 hinc
3447 1783 3572 1821 eum

1997 1864 2064 1920 ad
2102 1882 2210 1921 non
2242 1865 2336 1920 diu
2366 1864 2734 1920 cunctandum
2772 1873 2826 1917 et
2885 1862 3356 1932 tergiversandum
3411 1860 3573 1913 indu-

1997 1966 2204 2019 centes,
2238 1956 2322 2010 vel
2353 1957 2531 2025 potius
2561 1970 2680 2009 eam
2712 1954 2777 2008 ad
2821 1952 2951 2007 boni
2980 1951 3300 2006 electionem
3347 1957 3403 2005 et
3439 1964 3574 2003 con-

314 2038 597 2104 ϐάζοντες,
641 2042 843 2111 μᾶλλον
880 2044 979 2113 μὲν
1013 2040 1106 2099 οὖν
1133 2046 1229 2099 καὶ
1254 2047 1393 2116 πρὸς
1414 2046 1513 2117 τὴν
1542 2047 1636 2101 τοῦ
1678 2024 1887 2118 ἀγαθοῦ

2000 2048 2341 2103 stitutionem
2367 2046 2677 2099 incitantes.

318 2131 711 2202 παρορμῶντες
740 2133 971 2205 ἐκλογὴν
1018 2137 1115 2189 καὶ
1143 2138 1497 2193 κατάστασιν.

390 2220 495 2291 με’.
551 2224 770 2295 Ἐπειδὴ
833 2226 1259 2298 μεμαθήκαμεν,
1314 2229 1371 2283 ἐν
1405 2248 1515 2284 τισι
1564 2230 1896 2298 γυναικείοις

317 2315 702 2387 μοναστηρίοις
735 2317 835 2380 τὰς
861 2318 1160 2388 μελλούσας
1194 2320 1289 2374 τοῦ
1316 2322 1463 2393 ἱεροῦ
1500 2323 1711 2376 ἐκείνου
1748 2340 1887 2376 κατ-

311 2403 596 2469 αξιοῠσθαι
644 2408 949 2479 σχήματος,
1016 2410 1287 2481 πρότερον
1318 2415 1576 2483 σηρικαῖς
1621 2414 1719 2466 καὶ
1752 2431 1894 2469 παν-

309 2495 489 2559 τοίαις
542 2496 773 2561 στολαῖς,
830 2497 912 2552 ἔτι
967 2500 1076 2569 μὴν
1131 2502 1226 2553 καὶ
1276 2488 1526 2571 κοσμίοις
1575 2502 1762 2575 χρυσῷ
1802 2503 1897 2557 καὶ

311 2586 450 2659 λίθῳ
494 2589 938 2661 πεποικιλμένοις
986 2592 1091 2645 ὑπὸ
1127 2593 1235 2646 τῶν
1279 2596 1667 2664 προσαγόντων
1721 2597 1892 2659 αὐτὰς

312 2679 786 2749 περιστέλλεσθαι,
826 2684 923 2735 καὶ
954 2682 1096 2737 οὕτω
1121 2684 1197 2755 τῷ
1227 2684 1601 2757 θυσιαστηρίῳ
1632 2687 1890 2757 προσιού-

316 2788 440 2837 σας,
468 2771 883 2828 ὲκδιδύσκεσθαι
911 2776 1011 2845 τὴν
1033 2778 1303 2848 τοσαύτην
1323 2780 1421 2849 τῆς
1448 2778 1579 2848 ὕλης
1597 2780 1888 2849 ἀμφίασιν,

315 2864 660 2935 παραχρῆμά
690 2883 748 2918 τε
780 2865 1021 2934 γίνεσθαι
1078 2869 1167 2924 ἐπ’
1200 2871 1391 2933 αὐταῖς
1419 2870 1519 2939 τὴν
1552 2870 1647 2925 τοῦ
1683 2872 1895 2941 σχήμαο

311 2969 405 3015 τος
435 2953 705 3021 εὐλογίαν,
738 2958 832 3009 καὶ
861 2957 923 3009 τὸ
953 2958 1121 3026 μέλαν
1169 2958 1341 3023 αὑτὰς
1397 2959 1607 3028 ἔνδυμα
1657 2959 1893 3029 ἀμφιέν-

312 3045 532 3110 νυσθαι,
594 3048 849 3118 ὁρίζομεν
899 3048 1041 3102 ὥστε
1079 3051 1279 3122 μηκέτι
1310 3051 1419 3105 ἀπὸ
1468 3051 1562 3104 τοῦ
1593 3052 1688 3106 νῦν
1739 3052 1901 3106 τοῦτο

314 3133 564 3201 γίνεσθαι
588 3153 603 3168 ο
629 3138 751 3191 οὐδὲ
780 3140 889 3210 γὰρ
918 3141 1115 3209 εὐαγὲς
1147 3142 1383 3213 ὑπάρχει
1423 3143 1520 3212 τὴν
1548 3144 1650 3214 ήδη
1681 3143 1770 3197 διὰ
1794 3144 1896 3213 τῆς

312 3226 523 3291 οίκείας
543 3230 918 3299 προαιρέσεως
934 3232 1278 3304 ἀποθεμένην
1306 3236 1489 3288 πᾶσαν
1515 3236 1615 3306 τὴν
1640 3234 1733 3289 τοῦ
1768 3235 1883 3305 βίου

2063 2233 2158 2288 45.
2196 2230 2466 2298 Quoniam
2499 2229 2872 2285 intelleximus
2898 2227 2946 2260 ’³
2972 2223 3349 2281 in'nonnullis
3378 2222 3577 2277 mulie-

1997 2339 2121 2379 rum
2155 2322 2508 2377 monasteriis
2540 2322 2823 2385 mulieres,
2856 2335 2977 2388 qua:
3022 2333 3182 2374 sacro
3236 2316 3330 2371 illo
3372 2316 3575 2369 amictu

1997 2425 2127 2471 sunt
2156 2414 2467 2478 induendas,
2500 2413 2652 2481 prius
2674 2412 2865 2467 sericis
2891 2418 2943 2465 et
2966 2410 3146 2463 omnis
3171 2406 3389 2479 generis
3411 2405 3578 2460 vesti—

1997 2509 2129 2573 bus;
2183 2518 2442 2577 praeterea
2485 2515 2668 2561 autem
2712 2516 2767 2559 et
2812 2502 3034 2558 mundis
3070 2516 3205 2555 auro
3248 2508 3303 2555 et
3344 2498 3575 2570 gemmis

1998 2601 2224 2655 variatis
2259 2600 2327 2654 ab
2358 2600 2427 2654 iis
2459 2599 2552 2668 qui
2591 2599 2710 2654 illas
2735 2598 2945 2653 ducunt
2979 2595 3257 2658 exornari,
3303 2600 3357 2647 et
3397 2591 3476 2645 sic
3508 2590 3574 2643 ad

1995 2693 2168 2747 altare
2200 2691 2541 2756 accedentes,
2567 2690 2690 2745 exui
2724 2697 2877 2744 tanto
2909 2702 3073 2757 opum
3105 2694 3387 2754 apparatu,
3413 2683 3578 2752 376

1996 2793 2051 2841 et
2080 2784 2267 2840 statim
2300 2784 2353 2836 in
2385 2783 2495 2837 illis
2536 2782 2651 2836 ﬁeri
2687 2781 2908 2835 habitus
2934 2778 3391 2840 benedictionem,
3429 2775 3577 2827 illas-

1997 2892 2105 2948 que
2142 2877 2297 2946 nigro
2342 2875 2545 2930 amictu
2591 2874 2781 2937 indui,
2815 2872 3112 2928 statuimus
3156 2884 3224 2923 ne
3268 2867 3374 2921 boc
3416 2865 3573 2919 dein-

1995 2981 2123 3037 ceps
2158 2966 2270 3020 ﬁat.
2300 2967 2486 3035 Neque
2513 2966 2658 3020 enim
2692 2963 2775 3018 fas
2797 2971 2900 3029 est,
2940 2969 2999 3014 ut
3031 2975 3153 3030 quae
3194 2959 3306 3027 jam
3355 2955 3575 3025 propria

1996 3060 2274 3112 voluntate
2328 3071 2546 3112 omnem
2595 3056 2720 3110 vitae
2754 3051 3160 3124 iucunditatem
3210 3047 3480 3118 deposuit,
3524 3052 3580 3099 et

1995 3165 2114 3205 eam
2147 3165 2269 3220 quae
2293 3157 2376 3203 est
2402 3147 2702 3204 secundum
2727 3144 2898 3200 Deum
2914 3143 3038 3197 vitae
3060 3139 3283 3209 agenda:
3308 3137 3575 3192 rationem

2001 3240 2251 3308 amplexa
2313 3246 2415 3303 est,
2473 3236 2758 3304 ﬁrmisque
2812 3247 2878 3288 ac
2933 3229 3221 3287 stat-ilibus
3269 3225 3578 3281 rationibus

314 3319 574 3389 φροντίδα
604 3337 665 3373 τε
696 3322 792 3375 καὶ
819 3324 1179 3393 τερπνότητα,
1232 3326 1328 3378 καὶ
1360 3326 1760 3398 ἀσπασαμένην
1790 3327 1890 3399 τὴν

2001 3348 2121 3388 eam
2161 3330 2526 3396 conﬁrmavit,
2565 3338 2620 3384 et
2658 3329 2733 3382 ita
2776 3327 2843 3382 ad
2880 3322 3274 3379 monasterium
3326 3315 3578 3379 accessit,

313 3411 462 3466 κατά
492 3410 626 3465 Θεὸν
655 3412 957 3481 πολιτείαν,
1000 3419 1097 3469 καὶ
1155 3417 1538 3486 βεδαιώσασαν
1570 3417 1777 3489 ταύτην
1803 3420 1893 3473 λο-

312 3504 539 3571 γισμοῖς
560 3503 824 3571 ἀκλινέσι,
858 3507 953 3560 καὶ
980 3508 1121 3561 οὕτω
1150 3508 1227 3579 τῷ
1265 3510 1619 3581 μοναστηρίῳ
1662 3512 1896 3580 προσελ-

314 3593 539 3662 Θοῦσαν,
576 3593 730 3660 αὖθις
758 3600 838 3662 είς
864 3600 1171 3672 ἀνάμνησιν
1198 3602 1285 3656 διὰ
1316 3601 1411 3656 τοῦ
1445 3603 1691 3657 τοιούτου
1716 3606 1889 3676 φθαρ-

310 3686 410 3740 τοῦ
440 3706 501 3741 τε
530 3689 624 3743 καὶ
658 3691 874 3761 ῥέοντος
905 3693 1115 3764 κόσμου
1148 3692 1343 3759 ἐλθεῖν,
1369 3688 1443 3749 ὧν
1469 3696 1570 3768 ήδη
1598 3697 1898 3770 ἐποῖήσατο

309 3776 485 3849 λήθην
509 3793 528 3811 ο
556 3779 620 3831 ὲκ
645 3779 838 3833 τούτου
868 3796 930 3833 τε
976 3780 1275 3851 ἀμφίϐολον
1305 3783 1640 3852 καταστῆναι
1670 3784 1765 3837 καὶ
1793 3784 1894 3855 τὴν

310 3871 493 3940 ψυχὴν
530 3871 962 3943 ὲκταραχθῆναι,
993 3873 1151 3945 δίκην
1180 3873 1441 3943 κυμάτων
1464 3875 1889 3943 ὲπικλυζόντων,

310 3959 408 4011 καὶ
445 3959 570 4031 τῇδε
595 3961 817 4014 κάκεῖσε
843 3962 1344 4033 περιστρεφόντωνο
1382 3963 1459 4027 ὡς
1487 3966 1627 4034 μήτε
1651 3966 1890 4036 δάκρυόν

312 4053 463 4103 ἐστιν
494 4052 583 4104 ὅτε
621 4052 808 4105 λοιπὸν
837 4054 1091 4123 ἀφιεῖσαν
1120 4055 1217 4123 τὴν
1250 4056 1306 4108 ὲν
1332 4057 1398 4125 τῇ
1425 4056 1622 4128 καρδίᾳ
1669 4058 1757 4110 διὰ
1789 4058 1885 4112 τοῦ

312 4143 566 4213 σώματος
595 4146 887 4213 κατάνυξιν
933 4147 1303 4223 ἐπιδείξασθαι
1327 4165 1340 4179 ·
1373 4128 1489 4204 ἀλλ’
1518 4151 1567 4201 εί
1596 4150 1689 4203 καὶ
1715 4149 1889 4222 βραχύ

306 4252 387 4299 τι,
420 4235 496 4301 ὡς
523 4237 691 4307 εἰκὸς⁹
709 4239 1036 4310 ὲκπηδήσειε
1069 4240 1319 4312 δάκρυον,
1331 4239 1405 4312 μὴ
1437 4241 1637 4311 μᾶλλον
1672 4242 1774 4311 τῆς
1803 4242 1892 4296 ὸιά

1992 3441 2089 3495 per
2118 3440 2266 3487 eum,
2293 3423 2389 3494 qui
2420 3424 2606 3477 interit
2637 3436 2703 3477 ac
2729 3420 2870 3485 ﬂuit,
2890 3416 3179 3479 mundum,
3202 3426 3437 3483 quorum
3464 3409 3578 3479 jam

1994 3516 2161 3570 oblita
2212 3525 2330 3570 erat
2380 3514 2707 3568 memoriam
2763 3517 3010 3573 revocet;
3061 3516 3116 3561 et
3156 3519 3331 3561 exeo
3379 3516 3581 3569 anceps

1996 3609 2278 3672 reddatur,
2319 3615 2373 3660 et
2402 3606 2523 3676 ejus
2559 3605 2740 3659 anima
2787 3600 3140 3672 perturbetur
3185 3597 3359 3650 instar
3402 3608 3579 3648 exunv

1998 3701 2243 3755 dautium
2279 3698 2571 3762 ﬂuctuum,
2606 3698 2821 3767 hucque
2852 3703 2905 3749 et
2942 3693 3072 3746 illuc
3105 3689 3445 3745 versantium
3474 3704 3487 3740 :
3517 3692 3579 3739 ut

2003 3806 2106 3846 nec
2136 3805 2530 3860 nonnunquam
2573 3788 2870 3859 lacrymam
2922 3784 3201 3846 eiuittens,
3253 3778 3439 3833 cordis
3484 3790 3582 3845 per

2000 3898 2207 3953 corpus
2227 3883 2723 3953 compunctionem
2758 3878 3049 3942 ostendat;
3082 3874 3175 3930 sed
3219 3880 3273 3927 et
3304 3870 3350 3925 si
3383 3869 3578 3937 exigua

2004 3976 2208 4045 aliqua,
2247 3984 2309 4029 ut
2357 3982 2441 4029 est
2484 3980 2940 4034 consentaneum,
3000 3968 3241 4037 lacryma
3291 3960 3579 4023 exsilierit,

2003 4081 2109 4119 non
2141 4067 2314 4135 magis
2344 4072 2566 4134 pr0pter
2595 4060 3044 4115 exercitatorium
3073 4064 3368 4118 certamen,
3412 4064 3577 4121 quam

2000 4163 2284 4224 propterea
2327 4153 2471 4224 quod
2517 4152 2783 4206 mundum
2828 4159 2883 4205 et
2925 4150 3203 4203 mundana
3244 4145 3577 4213 relinquant,

1998 4260 2061 4299 ea
2088 4261 2117 4299 a
2150 4244 2461 4300 videntibus
2490 4242 2817 4313 proﬂuxisse
2844 4249 3091 4310 putetur.

309 4328 404 4380 τὸν
431 4328 731 4398 ἀσκητικὸν
772 4331 958 4399 ἀγῶνα
984 4331 1275 4393 διαθέσεως
1316 4332 1496 4402 χάριν,
1524 4331 1558 4402 ἢ
1605 4332 1694 4386 διὰ
1724 4333 1786 4386 τὸ
1817 4334 1910 4389 τὸν
1944 4335 2147 4405 κόσμον
2176 4335 2271 4391 καὶ
2300 4336 2369 4387 τά
2437 4336 2496 4388 ἐν
2522 4332 2598 4403 τῷ
2631 4332 2821 4401 κόσμῳ
2862 4328 3206 4391 καταλιπεῖν,
3266 4323 3420 4396 παρά
3462 4324 3574 4385 τοῖς

309 4419 481 4490 ἐρῶσι
514 4421 675 4476 τοῦτο
708 4423 969 4494 προελθὸν
998 4424 1335 4495 λογισθῆναι.

748 4518 1074 4571 Βασιλειου
1118 4517 1317 4571 κανὼν
1374 4525 1463 4589 ιη’.

384 4612 475 4675 ιη’.
504 4606 641 4678 Περὶ
672 4608 782 4662 τῶν
812 4609 1157 4663 ἐκπεσουσῶν
1187 4608 1473 4680 παρθένων
1498 4627 1553 4664 κ.
1578 4626 1631 4667 τ.
1660 4610 1711 4665 λ.

383 4698 633 4753 ΚΕΦΑΛ.
667 4698 769 4754 IA'.
795 4730 867 4740 —
893 4700 1034 4768 Περὶ
1058 4701 1344 4770 μοναχῶν
1383 4702 1722 4772 γινομένων
1742 4704 1892 4771 κλη-

303 4790 511 4860 ρικῶν,
535 4791 575 4861 ἢ
605 4791 830 4847 λατκῶν
847 4792 1279 4864 ἀξιωματικῶν,
1302 4793 1340 4862 ἢ
1375 4793 1887 4864 στρατευομένων.

663 4976 935 5031 Συνόὸου
953 4977 1203 5044 Νικαίας
1223 4975 1425 5031 κανὼν
1448 4975 1536 5047 ιβ’.

382 5064 470 5135 ιβ’.
526 5067 591 5120 Ol.
646 5066 704 5120 δὲ
757 5067 1194 5140 προσκληθέντες
1245 5068 1346 5139 μὲν
1395 5068 1501 5123 ὑπὸ
1563 5072 1665 5143 τῆς
1730 5070 1891 5143 χάρι-

309 5173 399 5221 τος
419 5196 435 5221 ,
466 5174 519 5211 κ.
548 5175 601 5213 τ.
637 5158 687 5215 λ.

419 5196 435 5223 ’
587 5247 859 5305 Συνόδου
887 5250 1277 5320 Χαλκηδόνος
1308 5250 1510 5308 κανὼν
1540 5250 1606 5315 ζ’.

376 5332 440 5398 ξ’.
476 5334 614 5401 Τοὺς
639 5336 789 5406 ἅπαξ
815 5339 874 5393 ὲν
893 5339 1085 5412 κλήρῳ
1114 5342 1505 5415 τεταγμένους,
1540 5361 1593 5398 κ.
1627 5361 1678 5400 τ.
1708 5343 1757 5400 λ.
1821 5350 1824 5355 ’

308 5525 612 5593 Κυρίλλου
644 5525 714 5580 ὲκ
755 5526 869 5596 τῆς
898 5528 1048 5596 πρὸς
1092 5527 1236 5593 τοὺς
1267 5528 1491 5595 Λιϐύης
1530 5529 1629 5583 καὶ
1661 5530 1887 5583 Πεντα-

579 5618 810 5685 πόλεως
854 5620 1231 5685 ἐπισκόπους
1257 5618 1612 5688 ἐπιστολῆς.

378 5709 677 5779 Ἕτεροι;δέ
725 5727 870 5775 τινες
910 5710 970 5776 ἐξ
1012 5711 1193 5765 αὐτῶν
1225 5711 1335 5765 τῶν
1369 5713 1771 5784 μοναστηρίων,
1811 5711 1887 5774 ὡς

305 5800 531 5859 ἄτακτοι
569 5803 977 5875 ἐκϐαλλόμενοι,
1029 5804 1193 5859 πάλιν
1231 5806 1592 5878 ὑποτρέχουσι
1619 5806 1720 5871 τὰς
1769 5822 1884 5877 χει-

382 5984 428 6025 93
471 5983 658 6049 ιτίιμ,
697 5964 746 6054 v,
781 5984 831 6038 9.
914 5985 958 6015 τ³³
1001 5983 1163 6043 Busil.
1198 6000 1321 6040 cuti.
1357 5985 1444 6039 60.

2522 4516 2717 4572 Basilii
2743 4532 2915 4570 canon
2961 4513 3050 4569 18.

2066 4616 2154 4671 18.
2196 4614 2274 4669 De
2298 4613 2602 4685 virginibus
2626 4610 2813 4678 lapsis,
2841 4618 2974 4675 etc.,
3002 4616 3061 4661 ut
3082 4621 3202 4675 pag.
3235 4604 3364 4660 858.

2063 4708 2218 4764 CAP.
2252 4708 2344 4762 XI.
2376 4736 2447 4746 —
2475 4705 2548 4758 De
2596 4702 2873 4758 monachis
2913 4701 2984 4754 ad
3038 4696 3332 4753 clericalem
3378 4702 3580 4749 statum

1994 4801 2411 4865 transeuntibus,
2442 4798 2520 4853 vel
2548 4796 2617 4850 ad
2641 4796 2813 4851 laicas
2844 4792 3156 4863 dignitates,
3200 4786 3280 4841 vel
3310 4786 3379 4840 ad
3428 4783 3577 4841 mili-

1996 4894 2148 4948 tiam.

2379 4978 2610 5035 Consilii
2645 4973 2855 5030 Νίσαιηέ
2885 4989 3054 5027 canon
3084 4970 3175 5025 l2.

2064 5076 2152 5131 12.
2195 5074 2301 5141 Qui
2334 5081 2513 5129 autem
2565 5086 2597 5125 a
2628 5067 2806 5141 gratia
2833 5064 3056 5136 quidem
3086 5059 3321 5128 evocati,
3360 5067 3491 5125 etc.,
3522 5069 3578 5112 ιιι

1988 5187 2111 5242 pag.
2143 5169 2275 5227 751.

2130 5260 2131 5263 “
2277 5258 2506 5314 Coucilii
2531 5253 2979 5312 Chalcedonensis
3011 5263 3187 5304 canon
3225 5244 3279 5299 7.

2062 5354 2117 5408 7.
2152 5350 2260 5407 Eos
2301 5350 2397 5421 qui
2435 5350 2489 5405 in
2521 5350 2668 5405 clero
2697 5346 2866 5404 semel
2902 5341 3140 5399 ordinati
3174 5345 3325 5404 sunt,
3350 5344 3481 5398 etc.,
3517 5340 3578 5385 ut

1993 5441 2275 5513 pag.751.

1993 5531 2156 5605 377
2197 5528 2387 5607 Cyrilli
2431 5544 2497 5584 ea;
2542 5527 2762 5583 eoistola
2807 5525 2877 5579 ad
2917 5524 3186 5592 episcOpos
3222 5516 3315 5590 qui
3347 5523 3470 5571 sunt
3522 5514 3580 5571 in

2498 5616 2667 5688 Libya
2703 5625 2752 5670 et
2785 5611 3084 5683 Pentapoli.

2064 5710 2247 5782 Aliqui
2273 5719 2454 5766 autem
2487 5711 2581 5765 alii
2602 5726 2670 5765 ex
2717 5708 2855 5779 ipsis
2881 5703 3252 5767 monasteriis,
3286 5708 3344 5754 ut
3384 5701 3580 5753 imum-

1990 5803 2128 5860 desti
2210 5802 2621 5872 insolentesque
2694 5799 2874 5871 ejecti,
2933 5811 3129 5853 rursus
3202 5790 3576 5850 ordinationes
