4156 6438
668 498 774 564 863

1855 497 2119 563 PHOTII
2174 491 2679 557 PATRIARCHE
2717 490 2828 552 CP.

3798 489 3891 553 864

674 612 911 677 faciant;
945 619 999 666 et
1036 609 1162 667 facti
1208 610 1419 677 clerici,
1492 610 1548 664 in
1611 624 1675 665 ea
1732 609 1849 681 ipsa
1912 606 2244 664 monasteria

2352 602 2595 675 ροτονίας
2615 618 2628 632 ο
2658 602 2752 655 καὶ
2797 596 3109 670 γενόμενοι
3138 598 3410 669 κληρικοὶ,
3451 596 3774 668 εἰσέρχονται
3802 606 3888 657 καὶ

671 703 1060 774 ingrediuntur
1132 720 1199 759 ex
1251 703 1453 772 quibus
1515 700 1675 771 eiecti
1724 711 1873 768 sunt,
1950 710 2007 757 et
2057 702 2247 757 volunt

670 794 1002 850 oblationem
1026 809 1186 863 agere
1230 804 1285 848 et
1325 808 1387 846 ea
1418 794 1604 847 omnia
1636 791 1815 850 facere
1864 809 1986 863 quae
2025 808 2144 849 mos
2164 801 2250 848 est

671 886 907 949 clericis,
942 896 1003 938 ut
1047 886 1211 939 etiam
1259 883 1427 953 aliqui
1461 899 1650 938 eorum
1689 885 1783 955 qui
1846 885 1993 956 ipsos
2021 893 2245 951 norunt,

670 993 905 1049 synaxes
943 978 1214 1044 devitent,
1246 987 1301 1033 et
1334 979 1743 1035 communicare
1770 979 1824 1034 in
1861 980 2106 1034 animum
2137 993 2247 1034 non

675 1070 938 1124 inducant
963 1071 1069 1125 illis
1095 1071 1553 1128 ministrantibus.

702 1228 713 1239 .
741 1158 880 1228 Lege
912 1161 1294 1217 aunotationes
1321 1177 1442 1234 cap.
1469 1162 1562 1219 52.
1593 1162 1678 1219 tit.
1711 1163 1744 1220 9
1786 1163 2072 1234 praesentis
2112 1176 2247 1234 ope-

669 1244 766 1281 I'IS.

735 1317 888 1373 CAP.
922 1319 1037 1379 XII.
1070 1350 1142 1360 -—-
1175 1320 1250 1375 De
1306 1324 1372 1377 iis
1429 1325 1520 1394 qui
1574 1334 1840 1391 usurpant
1879 1320 2247 1377 monachalem

665 1406 900 1462 habitum
935 1411 1333 1482 vituperantque
1368 1423 1569 1469 utentes
1600 1424 1736 1469 veste
1771 1415 2061 1469 communi.

996 1594 1221 1650 Concilii
1251 1594 1575 1665 Gangrensis
1594 1613 1762 1650 canon
1792 1597 1879 1651 12.

734 1684 820 1738 12.
891 1684 948 1739 Si
1003 1688 1126 1755 quis
1186 1686 1273 1741 vir
1324 1696 1548 1756 propter
1601 1702 1721 1741 eam
1776 1700 1900 1756 quae
1961 1682 2249 1739 existima-

667 1783 756 1829 tur
817 1777 1265 1833 exercitationem
1332 1778 1569 1833 amiculo
1623 1778 1814 1843 utitur,
1884 1785 1939 1831 et
1988 1786 2246 1844 tanquam

666 1867 875 1923 habens
960 1885 1026 1922 ex
1087 1885 1152 1924 eo
1213 1869 1536 1940 justitiam,
1586 1884 1681 1924 eos
1762 1868 2086 1923 condemnet
2152 1866 2245 1936 qui

2348 696 2408 748 ἐν
2435 694 2618 755 αὐτοῖς
2652 691 3040 762 μοναστηρίοις
3076 689 3201 742 ὅθεν
3231 688 3608 758 ὲκϐἐϐληνται,
3642 690 3731 743 καὶ
3781 692 3890 761 βού.

2348 781 2538 835 λονται
2564 780 2922 851 προσφέρειν,
2956 779 3053 832 καὶ
3080 778 3180 831 ὅσα
3203 778 3487 847 κληρικοῖς
3512 777 3630 841 ἔθος
3654 780 3891 852 πληροῦν,

2348 871 2641 927 καὶταῦτα
2670 869 2804 940 δρᾷν
2826 885 2839 899 ’
2874 869 2949 933 ὡς
2988 867 3082 922 καί
3107 886 3259 930 τινας
3281 868 3392 921 τῶν
3437 868 3652 922 εἰδότων
3696 872 3892 939 αὐτοὺς,

2348 962 2737 1036 παραιτεῖσθαι
2772 961 2867 1015 καὶ
2914 960 3013 1023 τάς
3064 960 3332 1024 συνάξεις,
3385 960 3585 1032 καὶμὴ
3634 962 3895 1033 ἀνέχεσθαι

2348 1058 2626 1111 κοινωνεῖν
2659 1052 3119 1125 λειτουργούντων
3147 1052 3395 1106 ἐκείνων.

2430 1146 2730 1215 Ἀνάγνωθι
2766 1146 2866 1208 τὰς
2906 1143 3275 1215 παραγραφὰς
3303 1142 3399 1197 τοῦ
3429 1142 3511 1215 λβ¹
3567 1160 3691 1213 κεφ.
3722 1144 3811 1198 τοῦ
3837 1145 3897 1210 θ’,

2346 1239 2453 1293 τίτ.
2483 1237 2580 1290 τοῦ
2613 1237 2879 1307 παρόντος
2918 1236 3318 1307 συντάγματος.

2420 1328 2671 1382 ΚΕΦΑΛ.
2704 1326 2803 1381 ιε’.
2840 1359 2909 1368 —
2941 1326 3083 1393 napi
3112 1327 3232 1382 τῶν
3282 1326 3606 1398 χρωμένων
3653 1332 3897 1399 σχήματι

2343 1418 2669 1491 μοναχικῷ,
2698 1419 2797 1473 καί
2823 1418 3401 1489 καταψηφιζομένων
3422 1418 3542 1474 τῶν
3566 1419 3735 1489 κοινῇ
3766 1439 3899 1490 χρω-

2345 1509 2547 1579 μένων
2571 1510 2803 1578 ἐσθῆτι.

2664 1602 2935 1657 Συνόδου
2961 1602 3235 1673 Γάγτρας
3282 1603 3483 1656 κανὼν
3516 1602 3601 1672 ιβ’.

2421 1695 2510 1765 ιβ’.
2542 1694 2609 1748 Et
2629 1712 2711 1758 τις
2742 1694 2887 1765 ἀδρῷ
2912 1694 3001 1747 διά
3020 1694 3383 1767 νομιζομένην
3425 1694 3660 1762 ἄσκησιν
3695 1693 3901 1763 περιϐο-

2348 1786 2484 1858 λαίῳ
2510 1788 2731 1859 χρῆται,
2762 1788 2855 1840 καὶ
2881 1786 2957 1849 ὡς
2994 1787 3060 1840 ἂν
3090 1789 3155 1840 ὲκ
3210 1786 3403 1838 τούτου
3435 1786 3533 1856 τὴν
3580 1785 3904 1856 δικαιοσύνην

2351 1879 2490 1950 ἔχων
2517 1879 2949 1949 καταψηφίζοιτο
2969 1878 3077 1932 τῶν
3105 1878 3243 1947 μετά
3268 1876 3554 1937 εὐλαϐείας
3579 1876 3700 1939 τοὺς
3722 1874 3783 1946 βή
3792 1892 3907 1944 ρους

666 1974 788 2012 cum
842 1960 1037 2027 pietate
1095 1960 1208 2031 (27)
1294 1963 1452 2016 beros
1504 1960 1729 2027 ferunt,
1782 1969 1837 2016 et
1926 1961 2028 2014 alia
2098 1974 2246 2014 com-

2354 1969 2685 2039 φορούντων,
2722 1970 2815 2022 καὶ
2844 1972 2908 2039 τῇ
2933 1968 3065 2039 ἄλλῃ
3093 1970 3243 2037 κοινῇ
3278 1967 3374 2018 καὶ
3404 1968 3460 2019 ὲν
3508 1965 3757 2038 συνηθείᾳ
3786 1964 3907 2037 οῦσῃ

666 2052 819 2105 muni
872 2062 926 2107 et
989 2062 1249 2109 consueta
1308 2064 1459 2109 veste
1500 2063 1761 2120 utuntur,
1809 2053 1880 2108 sit
1935 2054 2244 2107 anathema.

740 2144 958 2202 Textus.
1002 2145 1211 2201 Dicitur
1240 2146 1333 2199 lib.
1368 2162 1406 2201 ι.
1447 2146 1527 2200 tit.
1572 2147 1628 2212 4,
1676 2147 1900 2201 constit.
1941 2146 1975 2199 4
2009 2163 2022 2198 :
2062 2142 2246 2209 Mimi,

665 2246 721 2292 et
759 2253 879 2305 qua:
903 2253 1137 2307 corpore
1163 2238 1377 2307 publice
1399 2247 1667 2307 quzestum
1695 2236 1921 2297 faciunt.
1951 2236 2139 2290 habitu
2168 2248 2249 2289 sa-

664 2334 943 2381 cratarum
976 2328 1249 2397 virginum
1278 2344 1346 2382 ne
1380 2338 1622 2383 ntantor.
1661 2327 1725 2381 Et
1755 2327 1976 2381 constit.
2007 2326 2063 2389 2,
2099 2326 2183 2379 tit.
2220 2326 2240 2377 1

666 2416 1011 2472 Novellarum
1044 2419 1117 2473 ait
1148 2437 1162 2476 :
1197 2418 1365 2475 Nemo
1401 2421 1598 2486 laicus,
1632 2420 1857 2474 minime
1882 2434 2010 2474 vero
2045 2416 2248 2473 scenici

664 2518 718 2565 et
761 2513 1097 2577 meretrices,
1127 2512 1312 2568 habitu
1360 2516 1667 2569 monastico
1714 2514 1900 2577 utitor,
1940 2510 2113 2584 [cum]
2160 2511 2243 2566 vel

664 2602 927 2657 imitator.
964 2603 1182 2673 Alioqui
1227 2614 1282 2659 et
1322 2606 1592 2676 corporali
1626 2620 1787 2676 poena
1821 2603 2037 2669 feritur,
2067 2613 2121 2658 et
2147 2617 2245 2657 ex-

664 2696 1013 2749 terminatur.

731 2785 899 2855 378
926 2788 1077 2845 CAP.
1110 2788 1246 2843 Xlll.
1277 2820 1347 2830 —-
1367 2789 1444 2843 De
1471 2789 1687 2843 muliere
1709 2803 1826 2859 qua:
1854 2788 2095 2842 asceticw
2125 2785 2246 2841 vita:

661 2892 828 2931 causa
854 2888 989 2933 veste
1014 2880 1157 2934 virili
1184 2881 1445 2935 induitur.

998 2970 1231 3027 Concilii
1270 2971 1596 3043 Gaugreusis
1630 2989 1799 3027 canon
1836 2972 1922 3026 15.

738 3062 824 3118 15.
898 3063 953 3117 Si
998 3080 1106 3134 qua
1162 3065 1359 3120 mulier
1418 3074 1637 3134 propter
1684 3080 1829 3129 eam,
1890 3078 2011 3133 quae
2061 3062 2250 3118 existi-

662 3164 864 3220 matur,
907 3156 1384 3223 exercitationem,
1415 3165 1472 3211 et
1524 3167 1727 3211 vestem
1786 3165 2002 3223 mutet,
2045 3165 2099 3211 et
2148 3171 2247 3225 pro

2350 2062 2540 2130 ἐσθῆτι
2568 2062 2944 2132 κεχρημένων,
2981 2060 3228 2129 ἀνάθεμα
3260 2058 3420 2111 ἔστω.

2418 2153 2645 2223 Εἴρηται
2680 2152 2821 2222 βιϐλ.
2849 2159 2919 2217 α’,
2946 2153 3053 2205 τίτ.
3083 2153 3146 2215 δ’,
3178 2152 3316 2205 διάτ.
3354 2150 3528 2215 δ’,ὄτι,
3555 2149 3617 2201 Ol
3651 2150 3799 2219 μῖμοι
3824 2150 3908 2201 καὶ

2348 2246 2403 2297 αἱ
2438 2244 2603 2313 πόρον
2652 2244 2717 2297 ὲκ
2754 2243 2847 2296 τοῦ
2891 2243 3139 2313 σώματος
3177 2240 3415 2311 δημοσίᾳ
3462 2239 3802 2309 ποιούμεναι,
3838 2239 3907 2311 τῷ

2352 2336 2595 2404 σχήματι
2646 2334 2755 2387 τῶν
2802 2334 2964 2403 ίερῶν
3020 2332 3308 2402 παρθένων
3359 2331 3433 2401 μὴ
3478 2328 3862 2400 κεχρήσθωσαν
3891 2344 3904 2357 ·

2349 2428 2444 2480 καὶ
2470 2429 2503 2497 ἡ
2538 2426 2603 2497 β’,
2634 2426 2774 2481 διάτ.
2813 2426 2907 2479 τοῦ
2940 2425 2989 2479 α’
3019 2425 3126 2479 τίτ.
3150 2424 3259 2477 τῶν
3300 2423 3530 2492 Νεαρῶν
3563 2438 3724 2491 φησιν
3760 2439 3771 2451 ·
3801 2423 3911 2491 Μη-

2348 2517 2459 2579 δεὶς
2491 2517 2676 2579 λαῖκὸς
2709 2516 2804 2569 καὶ
2840 2516 3075 2585 μάλιστα
3124 2516 3174 2567 οἱ
3220 2514 3470 2585 σκηνικοὶ
3501 2513 3598 2566 καὶ
3645 2513 3701 2564 αἱ
3733 2510 3909 2582 πόρναι

2351 2607 2643 2679 κεχρήσθω
2670 2606 2747 2677 τῷ
2780 2605 3057 2677 μοναχικῷ
3085 2606 3345 2675 σχήματι,
3381 2604 3506 2656 ἐπεὶ
3550 2604 3647 2657 καὶ
3688 2619 3911 2671 σωματι-

2351 2702 2463 2763 κῶς
2496 2704 2818 2772 τιμωρεῖται
2848 2701 2942 2754 καὶ
2972 2700 3293 2769 ὲξορίζεται.

2423 2793 2673 2846 ΚΕΦΑΛ.
2703 2790 2799 2846 II".
2837 2822 2908 2833 ——
2946 2791 3085 2859 Περὶ
3116 2791 3404 2860 γυναικὸς
3428 2788 3504 2843 δι’
3528 2788 3790 2856 ἄσκησιν
3814 2800 3909 2855 φο-

2344 2886 2580 2955 ρούσης
2611 2883 2868 2952 ἁνδρῷα.

2667 2975 2939 3029 Συνόδου
2969 2974 3243 3045 Γάγγρας
3268 2974 3469 3027 κανὼν
3514 2971 3609 3041 ιγ’.

2424 3066 2511 3135 ιγ’.
2544 3069 2610 3121 Et
2628 3085 2710 3130 τις
2733 3068 2871 3137 γυνὴ
2898 3068 2984 3122 διά
3019 3067 3380 3137 νομιζομένην
3402 3066 3662 3137 ἄσκησιν,
3692 3060 3909 3134 μεταϐά-

2350 3158 2431 3213 λοι
2465 3158 2524 3211 τὺ
2556 3158 2877 3230 ἀμφίασμα,
2914 3159 3010 3211 καὶ
3042 3159 3164 3212 ἀντὶ
3197 3158 3291 3211 τοῦ
3324 3156 3582 3221 εἰωθότος
3618 3153 3908 3226 γυναικείου

663 3256 930 3302 consueto
986 3247 1244 3305 muliebri
1280 3250 1601 3304 indumento
1648 3249 1809 3304 virile
1842 3246 2125 3319 accipiat,
2178 3248 2246 3304 sit

2351 3251 2758 3322 ἀμφιάσματος,
2788 3249 3036 3321 ἀνδρῷον
3060 3250 3345 3317 ἀναλάϐοι,
3374 3248 3629 3320 ἀνάθεμα
3669 3247 3819 3299 ἔστω.

666 3338 979 3393 anathema.

731 3428 882 3482 CAP.
938 3428 1068 3485 XIV.
1113 3458 1185 3470 —-
1232 3430 1314 3486 Ne
1365 3430 1607 3486 mulieres
1648 3430 1888 3487 asceticae
1932 3432 2049 3486 vitae
2086 3447 2251 3486 causa

665 3521 1005 3576 tondeantur.

1003 3612 1229 3667 Concilii
1283 3611 1600 3684 Gangrensis
1631 3629 1802 3667 canon
1846 3614 1932 3669 17.

737 3706 824 3759 l7.
891 3704 947 3759 Si
998 3720 1105 3774 qua
1164 3706 1386 3768 mulier,
1451 3714 1674 3774 propter
1732 3721 1851 3759 eam
1916 3720 2037 3775 qua:
2066 3704 2253 3760 existi-

666 3806 868 3861 matur,
940 3796 1198 3865 pietatem
1233 3836 1248 3861 ,
1306 3796 1529 3851 tondeat
1598 3813 1833 3862 comam,
1891 3813 2055 3867 quam
2108 3796 2252 3852 Deus

660 3887 711 3942 ei
768 3888 916 3942 dedit
996 3888 1063 3941 ad
1119 3887 1550 3943 recordationem
1608 3888 2003 3958 subjectionis,
2035 3898 2093 3942 ut
2129 3904 2250 3958 qua:

663 3978 1025 4048 subjectionis
1086 3988 1421 4049 praeceptum
1473 3980 1755 4045 dissolvat,
1806 3981 1878 4034 sit
1932 3981 2245 4035 anathema.

659 4070 815 4126 CAP.
846 4070 965 4127 XV.
1005 4071 1155 4126 —De
1177 4089 1236 4125 eo
1267 4074 1358 4142 qui
1400 4074 1642 4128 ascetica:
1668 4075 1789 4129 vitae
1844 4074 2078 4139 obtentu,
2112 4075 2248 4128 filios

1124 4143 1202 4196 vel
1247 4153 1489 4212 parentes
1534 4160 1638 4198 non
1698 4144 1817 4197 alit.

730 4233 957 4288 Concilii
1006 4233 1326 4305 Gangrensis
1352 4252 1524 4289 canon
1552 4236 1643 4297 15.
1667 4235 1755 4292 16.

767 4322 855 4377 15.
917 4321 975 4377 Si
1030 4324 1154 4391 quis
1217 4339 1350 4379 suos
1408 4326 1610 4379 liberos
1662 4324 1946 4394 relinquit,
1998 4340 2099 4379 nec
2147 4340 2242 4380 eos

660 4414 780 4481 alit,
817 4429 938 4482 nec,
970 4424 1237 4485 quantum
1275 4417 1330 4471 in
1361 4432 1420 4472 se
1443 4429 1548 4484 est,
1588 4418 1654 4473 ad
1687 4418 2097 4473 convenientem
2123 4419 2239 4489 pic-

658 4517 826 4564 tatem
877 4508 1310 4579 religionemque
1366 4509 1609 4575 adducit,
1665 4512 1761 4565 sed
1838 4510 2250 4568 exercitationis

656 4610 919 4673 pranextu
968 4602 1209 4672 negligit,
1239 4602 1312 4659 sit
1376 4603 1693 4658 anathema.

765 4692 857 4747 16.
911 4692 968 4746 Si
1028 4693 1122 4762 qui
1176 4694 1270 4748 lilii
1313 4710 1343 4749 a
1402 4696 1722 4765 parentibus
1758 4736 1773 4762 ,
1834 4694 2074 4749 maxime
2124 4694 2251 4751 (ide-

657 4781 848 4848 libus,
910 4791 1177 4853 praetextu
1240 4787 1464 4855 pietatis
1519 4788 1875 4853 recesserint,
1931 4795 1985 4841 et
2016 4786 2251 4856 parenti-

658 4876 765 4932 bus
825 4891 989 4946 quem
1034 4891 1131 4947 par
1174 4885 1258 4932 est
1316 4878 1578 4933 honorem
1618 4894 1723 4933 non
1760 4879 2071 4941 tribuerint,
2101 4879 2244 4947 apud

659 4984 756 5024 eos
798 4969 1009 5025 scilicet
1066 4969 1360 5040 praeposita
1399 4971 1455 5023 in
1505 4968 1670 5024 Deum
1696 4969 1920 5039 pietate,
1973 4967 2085 5023 sint
2120 4983 2247 5023 ana-

658 5061 868 5115 thema.

728 5152 895 5224 379
921 5150 1079 5210 CAP.
1112 5150 1253 5207 XVI.
1282 5182 1351 5192 —
1379 5151 1653 5218 Quasnam
1691 5152 1835 5207 civili
1864 5152 2070 5224 negotio
2092 5167 2249 5207 curas

658 5243 929 5297 monachis
959 5252 1195 5298 tractare
1226 5242 1405 5297 liceat.

966 5328 1196 5384 Concilii
1221 5328 1668 5386 Chalcedonensis
1705 5347 1877 5386 canon
1903 5333 1957 5387 5.

728 5418 787 5473 5.
816 5417 1075 5475 Pervenit
1107 5422 1173 5475 ad
1200 5430 1447 5475 sanctam
1476 5423 1744 5493 synodum
1784 5433 1838 5477 et
1884 5422 2029 5491 quod
2052 5436 2244 5476 eorum

659 5511 754 5582 qui
780 5509 834 5564 in
865 5510 1074 5566 clerum
1122 5512 1360 5581 c00ptati
1391 5520 1541 5578 sunt,
1569 5523 1699 5578 etc.,
1732 5524 1787 5566 ut
1811 5528 1937 5582 pag.
1969 5511 2098 5566 683.

733 5601 878 5676 Lege
926 5605 1315 5661 adnotationes
1348 5620 1472 5676 cap.
1503 5604 1560 5662 5.
1588 5605 1669 5664 tit.
1703 5606 1737 5663 8
1785 5604 2069 5676 praesentis
2118 5617 2247 5674 Ope-

663 5709 761 5752 TIS.

2423 3413 2674 3467 ΚΕΦΑΛ.
2717 3414 2781 3466 ιΔ
2804 3454 2817 3468 .
2839 3441 2911 3452 -
2940 3412 3078 3481 Περὶ
3105 3411 3213 3465 τοῦ
3235 3412 3323 3482 μὴ
3376 3409 3602 3480 χρῆναι
3648 3406 3912 3480 γυναῖκας

2353 3507 2775 3574 ἀποκείρεσθαι
2806 3504 2882 3558 δι’
2912 3504 3070 3571 ἅσκη
3079 3519 3203 3558 σιν.

2686 3596 2957 3650 Συνόδου
2981 3596 3257 3665 Prin-par;
3284 3594 3485 3648 κανὼν
3511 3593 3600 3657 ιζ’.

2428 3687 2512 3753 ιζ’.
2544 3688 2611 3741 Et
2636 3706 2720 3752 τις
2754 3687 3033 3755 γυναικῶν
3084 3687 3171 3741 διὰ
3215 3685 3586 3756 νομιζομένην
3626 3680 3913 3737 θεοσέϐειαν

2353 3777 2700 3849 ἀποκείροιτο
2725 3777 2827 3840 τὰς
2848 3777 3025 3847 κόμας
3051 3775 3116 3839 ἃς
3139 3776 3337 3829 ἔδωκεν
3358 3776 3384 3826 ό
3416 3775 3551 3837 Θεὸς
3577 3776 3657 3836 είς
3688 3772 3910 3839 ὑπόμνη-

2354 3887 2438 3922 σιν
2474 3870 2573 3938 τῆς
2599 3868 2898 3938 ὑποταγῆς,
2930 3867 3005 3931 ὡς
3036 3868 3101 3920 ἂν
3126 3865 3478 3938 παραλύουσα
3502 3864 3564 3918 τὸ
3598 3864 3907 3935 πρόσταγμα

2350 3963 2450 4032 τῆς
2477 3962 2779 4031 ὑποταγῆς,
2819 3959 3072 4030 ἀνάθεμα
3106 3959 3261 4012 ἔστω.

2419 4053 2668 4106 ΚΕΦΑΛ.
2708 4049 2811 4105 1Ε’.
2852 4080 2923 4091 —
2952 4050 3091 4118 Περὶ
3126 4050 3231 4104 τοῦ
3277 4049 3579 4119 προφάσει
3617 4045 3914 4115 ἀσκήσεως

2347 4143 2429 4214 μὴ
2460 4143 3008 4213 τεκνοτροφοῢντος
3041 4141 3078 4210 ἢ
3109 4141 3696 4210 πατροτροεροῦντος.

2571 4232 2844 4288 Συνόδου
2876 4232 3151 4302 Γάγγρας
3207 4229 3408 4283 κανὼν
3448 4227 3531 4295 ιε’,
3571 4234 3673 4293 ις’.

2425 4326 2506 4383 ιε’.
2532 4329 2601 4383 Εἴ
2620 4346 2705 4392 τις
2738 4325 3141 4394 καταλιμπάνει
3169 4322 3237 4376 τὰ
3273 4321 3466 4375 ἑαυτοῦ
3492 4322 3693 4387 τέκνα,
3730 4317 3818 4370 καὶ
3851 4312 3915 4383 μὴ

2349 4416 2762 4488 τεκνοτροφοίη,
2787 4416 2882 4467 καὶ
2910 4414 2972 4467 τὸ
3005 4414 3129 4464 ὅσον
3158 4411 3245 4463 ἐπ’
3278 4409 3426 4479 αὑτῴ
3468 4407 3608 4479 πρὸς
3632 4402 3915 4459 θεοσέϐειαν

2350 4512 2452 4582 τὴν
2506 4512 2890 4581 προσήκουσαν
2954 4505 3242 4573 ἀναγάγοι,
3304 4503 3442 4558 ἀλλά
3507 4500 3781 4573 προφάσει
3831 4493 3916 4561 τῆς

2361 4603 2654 4672 ἀσκήσεως
2688 4600 2939 4671 ἀμελοίη,
2969 4598 3217 4668 ἀνάθεμα
3245 4596 3405 4653 ἔστω.

2433 4692 2526 4759 ις’.
2560 4694 2625 4746 Εἴ
2653 4709 2776 4746 τινα
2805 4692 2970 4745 τέκνα
3000 4690 3224 4759 γονέων,
3266 4688 3498 4758 μάλιστα
3532 4683 3764 4749 πιστῶν,
3796 4679 3911 4734 ἀνα·

2353 4782 2558 4854 χωροίη
2584 4780 2855 4852 προφάσει
2891 4780 3225 4844 θεοσεϐείας,
3258 4779 3353 4832 καὶ
3406 4778 3481 4849 μὴ
3524 4777 3627 4847 τὴν
3658 4772 3915 4842 καθήκου-

2352 4893 2452 4929 σαν
2508 4875 2677 4945 τιμὴν
2722 4876 2833 4937 τοῖς
2892 4871 3142 4941 γονεῦσιν
3187 4870 3473 4941 ἀπονέμοι,
3512 4862 3919 4940 προτιμωμένης

2349 4964 2482 5037 παρ’
2512 4964 2693 5027 αὐτοῖς
2719 4963 2964 5035 δηλονότι
2995 4961 3094 5032 τῆς
3113 4959 3452 5024 θεοσεϐείας,
3481 4956 3736 5027 ἀνάθεμα
3762 4951 3912 5005 ἔστω.

2429 5143 2698 5202 ΚΕΦᾹΝ.
2737 5143 2851 5213 tq'.
2909 5176 2977 5186 —
3016 5143 3164 5197 Ποῖα
3215 5136 3495 5195 πολιτικὰ
3546 5125 3918 5206 πράγματαῆ

2352 5240 2715 5309 κηδεμονίας
2744 5239 2798 5291 οἱ
2821 5234 3079 5304 μοναχοὶ
3108 5234 3399 5288 δύνανται
3414 5226 3709 5300 μετιέναι.

2660 5330 2929 5385 Συνόδου
2949 5326 3335 5395 Χαλκηδόνος
3354 5323 3557 5377 κανὼν
3579 5320 3653 5389 γ’.

2424 5423 2496 5493 γ’.
2543 5418 2751 5477 Ἦλθεν
2790 5424 2876 5486 είς
2910 5422 3010 5492 τὴν
3067 5419 3230 5488 ἁγίαν
3290 5417 3526 5481 σύνοδον,
3589 5414 3675 5468 ὅτι
3711 5409 3817 5464 τῶν
3869 5405 3920 5456 ἐν

2354 5510 2541 5581 κλήρῳ
2569 5509 3009 5579 κατειλεγμένων
3040 5507 3208 5571 τινὲς,
3241 5523 3297 5560 κ.
3332 5522 3385 5559 τ.
3419 5506 3471 5559 λ.

2440 5578 2739 5671 ’Ᾰνάγνωθι
2799 5600 2898 5663 τάς
2946 5601 3319 5672 παραγραφὰς
3363 5596 3457 5652 τοῦ
3486 5592 3536 5665 γ’
3585 5609 3716 5663 κεφ.
3764 5584 3849 5644 τθῦ
3876 5578 3920 5653 η’

2356 5696 2464 5751 τίτ.
2488 5697 2584 5751 τοῦ
2621 5694 2889 5768 παρόντος
2927 5695 3132 5763 τυντάγ
3147 5709 3336 5765 ματος.

753 5852 869 5922 (27)
900 5852 1059 5907 Beros
1101 5855 1312 5913 videtur
1373 5854 1664 5913 Balsamon
1716 5853 2003 5927 episcopus
2066 5850 2458 5917 Antiochcnus,
2510 5851 2655 5909 hunc
2720 5851 2898 5907 lorum
2948 5851 3335 5922 interpretans,
3390 5856 3593 5902 vocare
3645 5845 3822 5897 vestes
3850 5848 3909 5888 ex

675 5938 851 5978 SOI'lCO
881 5932 1182 5981 CODICXMS.
