4156 6450
1062 249 1461 312 SYNTAGMA
1500 245 1893 309 CANONUM.
1918 270 1986 281 -
2012 245 2163 305 ΤΙΤ.
2204 243 2348 318 XII,
2392 244 2551 304 CAP.
2593 244 2646 305 Ι.

3416 241 3523 306 866

280 479 3505 511 ww

1658 622 2060 711 ΤΙΤΛΟΣ
2139 610 2286 705 ΙΒ’.

1147 808 1307 861 ΠΕΡΙ
1358 806 1758 870 ΑΙΡΕΤΙΚΩΝ,
1800 803 2145 873 ΙΟΥΔΑΙΩΝ,
2186 804 2306 858 ΚΑΙ
2346 803 2698 858 ΕΛΛΗΝΩΝ.

1540 1084 2006 1161 TITULUS
2079 1084 2264 1162 XII.

1352 1240 1439 1294 DE
1475 1239 1865 1295 IIIERETICIS
1901 1240 2136 1307 ATQUE
2170 1239 2508 1296 ETllNlClS.

340 1395 591 1452 ΚΕΦΑΛ.
619 1391 696 1449 Α’.
716 1422 788 1433 ——
813 1394 872 1448 Τί
903 1393 1074 1447 ἐστιν
1100 1390 1332 1460 αἵρεσις
1361 1392 1459 1445 καὶ
1493 1392 1553 1444 τί
1577 1393 1834 1462 σχίσμα,
1866 1443 1870 1453 ,

2011 1393 2237 1449 CAPUT
2276 1395 2316 1447 1.
2345 1425 2414 1434 —
2436 1392 2576 1458 Quid
2603 1393 2672 1447 sit
2701 1393 3076 1464 Itazresis,quid
3106 1396 3359 1462 schisma,
3398 1396 3524 1467 quid
3600 1437 3606 1441 .

266 1486 373 1538 καὶ
410 1486 464 1537 τί
494 1481 997 1550 παρασυγαγωγή.

734 1575 981 1626 Βασιλεί
984 1590 1055 1627 ου
1079 1572 1280 1626 κανὼν
1318 1570 1386 1626 α’.

342 1672 409 1719 α’.
449 1664 523 1717 Τὸ
558 1663 654 1732 μὲν
685 1662 777 1715 οῦν
816 1663 944 1733 περὶ
996 1664 1121 1726 τους
1159 1662 1450 1733 Καθαροὺς
1483 1661 1721 1732 ζήτημα,
1755 1662 1847 1715 καὶ

267 1757 487 1826 εἴρηται
515 1754 802 1822 πρότερον,
837 1754 931 1804 καὶ
965 1750 1145 1813 καλῶς
1187 1750 1720 1819 ἀπεμνημόνευσας·
1765 1748 1847 1801 ὅτι

264 1848 350 1900 δεῖ
382 1846 459 1915 τῷ
490 1844 601 1897 ἔθει
628 1846 735 1896 τῶν
772 1844 892 1896 καθ’
920 1844 1157 1913 ἐκάστην
1185 1842 1367 1913 χώραν
1391 1841 1643 1904 ἕπεσθαι,
1674 1840 1763 1894 διὰ
1788 1841 1849 1893 τὸ

266 1937 540 2007 διαφόρως
592 1935 875 2004 ἐνεχθῆναι
910 1936 1037 2004 περὶ
1078 1933 1169 1986 τοῦ
1229 1933 1603 2003 βαπτίσματος
1641 1933 1844 1996 αὐτῶν,

265 2028 398 2091 τοὺς
425 2027 545 2080 τότε
578 2028 707 2096 περὶ
738 2024 944 2079 τούτων
982 2024 1339 2087 διαλαϐόντας
1361 2041 1373 2055 ·
1408 2022 1467 2075 τὸ
1516 2023 1573 2075 δὲ
1604 2023 1710 2076 τῶν
1741 2025 1847 2075 Πε⁸

268 2123 557 2193 πουςηνῶν
580 2122 770 2175 οὐδένα
804 2121 964 2190 λόγον
994 2120 1139 2191 ἔχειν
1190 2121 1377 2173 δοκεῖ’
1414 2121 1507 2172 καὶ
1562 2117 1851 2187 ἐθαύμασα

268 2216 390 2279 πῶς
419 2213 701 2267 κανονικὸν
729 2214 859 2264 ὄντα
889 2212 980 2265 τὸν
1009 2210 1285 2264 Διονύσιον
1313 2210 1589 2280 παρῆλθεν
1618 2225 1632 2239 '
1676 2210 1852 2262 ἐκεῖνο

266 2307 379 2377 γὰρ
401 2306 622 2375 ἔκριναν
652 2305 700 2357 οἱ
730 2304 950 2357 παλαιοὶ
971 2303 1223 2372 δέχεσθαι
1258 2302 1563 2372 βάπτισμα,
1597 2301 1657 2354 τὸ
1682 2301 1848 2369 μηδὲν

265 2399 370 2469 τῆς
401 2400 632 2462 πίστεως
688 2397 1094 2467 παρεκόαῖνον⁸
1149 2396 1270 2449 ὅθεν
1323 2395 1391 2448 τά
1452 2396 1571 2466 μὲν,
1614 2394 1853 2465 αἱρέσεις

268 2489 562 2560 ὠνόμασαν
586 2505 599 2518 ⁸
630 2488 699 2540 τὰ
729 2488 807 2551 δὲ,
844 2487 1123 2557 σχίσματα
1145 2502 1157 2514 '
1194 2486 1264 2539 τά
1312 2487 1389 2552 δὲ,
1444 2503 1851 2558 παρασυναγω-

268 2584 405 2649 γὰςο
450 2580 687 2649 αἱρέσεις
728 2579 847 2648 μὲν,
884 2580 1011 2640 τοὺς
1037 2577 1320 2640 παντελῶς
1364 2578 1846 2649 ἁπερῤηγμένους,

267 2670 365 2722 καὶ
392 2668 510 2721 κατ’
546 2668 716 2736 αὐτὴν
749 2666 847 2737 τὴν
889 2666 1070 2718 πίστιν
1102 2665 1648 2737 ἀπηλλοτριωμένους
1676 2683 1688 2697 ·
1735 2666 1853 2736 σχί-

1947 1486 2255 1556 illegitimus
2274 1495 2553 1539 conventus
2574 1486 2598 1539 ?

2494 1575 2689 1629 Basilii
2721 1592 2891 1629 canon
2924 1576 2973 1629 1.

2020 1668 2071 1722 1.
2116 1668 2271 1734 Quod
2319 1669 2485 1739 igitur
2530 1670 2596 1723 ad
2651 1666 2920 1722 Calharos
2969 1667 3226 1735 pertinet,
3279 1674 3333 1721 et
3374 1666 3529 1737 prius

1948 1758 2155 1813 dictum
2213 1768 2313 1821 est,
2381 1769 2435 1813 et
2484 1766 2632 1812 recte
2682 1756 3019 1810 admonuisti
3088 1757 3529 1826 uniuscujusque

1950 1852 2189 1921 regionis
2217 1866 2425 1905 morem
2462 1851 2613 1920 sequi
2662 1857 2957 1919 oportere:
2993 1849 3137 1916 quod
3172 1850 3229 1913 ii,
3264 1850 3356 1918 qui
3398 1858 3530 1903 tunc

1950 1943 2017 1998 de
2053 1943 2160 1997 illis
2185 1953 2517 2006 statuerunt,
2554 1944 2606 1996 in
2635 1943 2817 1996 varias
2839 1943 2904 1996 de
2936 1942 3175 2011 ipsorum
3204 1940 3533 2009 baptismate

1951 2032 2252 2087 sententias
2282 2032 2538 2085 abierint.
2576 2028 2990 2098 Pepuzenorum
3042 2037 3221 2082 autem
3259 2025 3531 2097 baptisma

1952 2126 2156 2179 nullam
2204 2124 2337 2177 mihi
2379 2122 2581 2176 habere
2630 2122 2899 2175 rationem
2938 2121 3170 2183 videtur,
3221 2128 3272 2172 et
3304 2118 3535 2171 miratus

1954 2232 2074 2270 sum
2108 2212 2383 2284 quomodo
2419 2213 2521 2266 hoc
2554 2212 2894 2283 Dionysium,
2949 2210 3222 2265 hominem
3262 2222 3533 2262 canonum

1954 2308 2187 2379 peritum
2217 2345 2232 2370 ,
2268 2304 2483 2372 fugerit.
2512 2303 2733 2372 Antiqui
2760 2303 2904 2356 enim
2952 2302 3085 2355 illud
3118 2301 3383 2369 baptisma
3415 2314 3537 2353 sus-

1952 2400 2257 2471 cipiemlum
2314 2408 2611 2468 putavere,
2657 2394 2801 2466 quod
2850 2394 2987 2448 nihil
3035 2409 3064 2447 a
3129 2393 3232 2448 ﬁde
3282 2392 3533 2455 recedit;

1955 2493 2100 2546 unde
2143 2490 2284 2543 alias
2331 2488 2550 2558 quidem
2601 2487 2859 2549 hzcreses,
2893 2486 2997 2539 alia
3034 2485 3355 2544 schismata,
3398 2482 3535 2537 alias

1956 2596 2400 2654 parasynagogas
2435 2578 2798 2647 appellarunt.
2838 2575 3085 2631 Haereses
3106 2574 3323 2645 quidem
3371 2574 3537 2644 380

1958 2688 2076 2736 eos,
2102 2670 2194 2739 qui
2226 2669 2442 2740 penitus
2473 2666 2665 2722 resecti
2698 2675 2847 2732 sunt,
2892 2676 2951 2721 et
3005 2666 3059 2719 in
3105 2666 3218 2735 ipsa
3251 2664 3355 2719 lide
3404 2666 3535 2718 aba-

273 2775 460 2832 σματα
493 2760 571 2825 δέ,
600 2761 724 2823 τοὺς
750 2758 816 2813 δι’
856 2757 1035 2821 αἰτίας
1089 2757 1239 2820 τινὰς
1270 2757 1728 2829 ἐκκλησιαστικάς
1758 2760 1853 2811 καὶ

1962 2762 2184 2828 lienati;
2218 2761 2515 2817 schismata
2550 2774 2702 2824 vero,
2733 2773 2849 2823 eos,
2878 2759 2969 2828 qui
3009 2768 3228 2827 propter
3279 2756 3536 2811 ecclesia-

269 2850 562 2921 ζητήματα
597 2851 809 2921 ἰάσιμα,
846 2850 981 2921 πρὸς
1008 2849 1268 2921 ἀλλήλους
1293 2850 1667 2920 διενεχθέντας
1687 2867 1701 2881 ’
1736 2867 1841 2902 πα-

274 2941 668 3013 ρασυναγωγάς
695 2941 772 3004 δὲ,
803 2942 903 3006 τὰς
938 2942 1189 3009 συνάξεις
1212 2942 1310 3004 τὰς
1338 2943 1489 3011 παρά
1522 2942 1629 2994 τῶν
1649 2942 1849 2995 ἀνυπο-

269 3034 484 3087 τάκτων
516 3032 905 3105 πρεσϐυτέρων
932 3034 963 3105 ἢ
996 3033 1333 3100 ἐπισκόπων,
1368 3033 1521 3104 παρά
1546 3033 1651 3085 τῶν
1685 3035 1852 3086 ἀπαι-

269 3126 473 3181 δεύτων
502 3126 647 3180 λαῶν
676 3127 989 3195 γινομένας,
1018 3124 1130 3179 οἷον
1152 3141 1165 3156 ⁸
1222 3127 1274 3180 ei
1324 3143 1406 3188 τις
1439 3127 1496 3179 ἐν
1546 3124 1850 3195 πταίσματι

271 3216 600 3283 ἐξετασθεὶς,
632 3216 903 3286 ἐπεσχέθη
936 3217 1037 3286 τῆς
1084 3215 1452 3285 λειτουργίας,
1500 3215 1593 3269 καὶ
1629 3215 1702 3286 μὴ
1748 3216 1849 3267 ὑπ-

275 3308 451 3378 ἐκυψε
497 3310 609 3371 τοῖς
634 3309 878 3372 κανόσιν,
915 3307 1029 3361 ἀλλ’
1058 3308 1234 3378 ἐαυτῷ
1259 3306 1538 3377 ἐξεδίκησε
1567 3307 1665 3377 τὴν
1689 3324 1845 3376 προε-

271 3400 445 3471 δρίαν,
480 3404 573 3452 καὶ
600 3398 699 3470 τὴν
728 3399 1092 3469 λειτουργίαν,
1152 3401 1248 3453 καὶ
1292 3400 1637 3470 συναπῆλθον
1668 3400 1845 3470 τούτῳ

270 3491 437 3555 τινὲς,
479 3490 872 3553 καταλιπόντες
896 3492 994 3561 τὴν
1018 3491 1312 3562 καθολικὴν
1356 3491 1703 3562 Ἐκκλησίαν,
1735 3509 1843 3545 πα-

275 3585 641 3654 ρασυναγωγὴ
685 3583 745 3636 τὸ
802 3584 1045 3637 τοιοῦτο¹
1108 3585 1313 3655 σχίσμα
1359 3586 1439 3652 δέ,
1487 3586 1549 3638 τὸ
1595 3586 1723 3655 περὶ
1750 3584 1851 3654 τῆς

276 3675 566 3744 μετανοίας
603 3676 881 3747 διαφόρως
911 3676 1053 3746 ἔχειν
1084 3678 1222 3747 πρὸς
1259 3677 1385 3740 τοὺς
1424 3679 1531 3730 ἀπὸ
1578 3678 1676 3748 τῆς
1728 3677 1851 3731 Ἐκ-

273 3766 538 3836 κ).ησίας’
593 3766 804 3835 αἵρεσις
870 3767 949 3829 δέ,
998 3762 1181 3838 οἷονή
1232 3768 1341 3821 τῶν
1398 3768 1708 3837 Μανιχαίων
1758 3767 1853 3820 καὶ

274 3856 646 3910 Οὑαλεντίνων
692 3858 786 3910 καὶ
830 3859 1282 3928 Μαρκιωνιστῶν,
1314 3860 1408 3913 καὶ
1437 3860 1616 3912 αὐτῶν
1649 3858 1853 3912 τούτων

274 3948 383 4003 τῶν
433 3950 827 4020 Πεπουζηνῶνσ
893 3951 1053 4014 εὐθὺς
1102 3952 1210 4022 γὰρ
1260 3953 1387 4022 περὶ
1429 3952 1601 4022 αὐτῆς
1644 3955 1744 4023 τῆς
1774 3953 1855 4014 είς

273 4040 407 4093 Θεὸν
436 4041 672 4103 πίστεώς
707 4044 855 4094 ἐστιν
881 4045 914 4112 ἡ
945 4043 1178 4114 διαφορά
1198 4060 1212 4073 ⁸
1240 4043 1384 4108 ἔδοξε
1420 4045 1600 4097 τοίνυν
1632 4046 1745 4107 τοῖς
1789 4044 1849 4109 ἐξ

272 4133 468 4204 ἀρχῆς,
500 4134 562 4186 τὸ
590 4135 687 4204 μέν
721 4135 830 4187 τῶν
850 4136 1161 4205 αἱρετικῶν,
1220 4136 1498 4200 παντελῶς
1536 4136 1798 4205 ἀθετῆσαι
1831 4153 1845 4168 '

271 4222 407 4275 τὸδὲ
434 4220 542 4274 τῶν
580 4222 1010 4293 ἀποσχισάντων,
1064 4223 1139 4287 ὡς
1168 4223 1246 4276 ἔτι
1286 4227 1349 4276 ἐκ
1379 4225 1474 4293 τῆς
1525 4224 1850 4295 Ἐκκλησίας

272 4314 464 4379 όντων,
493 4314 896 4385 παραδέξασθαι
917 4329 928 4343 °
959 4317 1088 4380 τοὺς
1123 4316 1178 4368 δέ
1214 4317 1270 4368 ἐν
1298 4319 1417 4378 ταῖς
1447 4333 1851 4388 παρασυναγω-

273 4410 399 4475 γαῖς
420 4407 681 4478 μετανοίᾳ
706 4407 969 4475 ἀξιολόγῳ
993 4409 1085 4460 καὶ
1114 4410 1417 4479 ἐπιστροφῇ
1448 4408 1855 4477 βελτιωθέντας,

275 4498 642 4552 συνάπτεσθαι
700 4499 864 4552 πάλιν
920 4502 987 4569 τῇ
1015 4499 1349 4569 Ἐκκλησία·
1384 4498 1523 4553 ὥστε
1570 4498 1853 4565 πολλάκις,

275 4591 525 4653 καὶτοὺς
581 4590 641 4644 ἐν
693 4589 887 4661 βαθμῷ
934 4590 1370 4654 συναπελθόντας
1415 4593 1529 4655 τοῖς
1578 4591 1853 4645 ἀνυποτά-

274 4698 445 4747 κτοις,
480 4683 697 4737 ἐπειδάν
725 4681 1177 4754 μεταμεληθιῖωιν
1204 4723 1220 4752 ,
1253 4683 1333 4746 εἰς
1359 4682 1458 4753 τὴν
1475 4681 1656 4736 αὐτῶν
1676 4699 1859 4754 παρα-

275 4772 531 4843 δέχεσθαι
559 4773 733 4840 τάξιν.

344 4867 407 4919 Οἱ
429 4866 606 4919 τοίνυν
659 4867 1002 4938 Πεπουζηνοὶ
1052 4865 1335 4937 προδήλως
1380 4867 1517 4920 εἰσὶν
1556 4866 1855 4939 αἱρετικοί·

276 4953 357 5017 είς
384 4954 494 5025 γὰρ
522 4954 582 5007 τὸ
612 4955 836 5026 Πνεῦμα
859 4956 919 5009 τὸ
947 4958 1101 5025 ἅγιον
1141 4956 1549 5026 ἐϐλασφήμουν,
1591 4956 1855 5027 Μοντανῴ

275 5046 370 5097 καὶ
422 5045 722 5117 Πρισκίλλῃ
774 5047 875 5117 τὴν
920 5047 1014 5099 τοῦ
1066 5046 1428 5118 Παρακλήτου
1480 5051 1857 5120 προσηγορίαν

274 5135 552 5205 ὰθεμίτως
582 5137 676 5189 καὶ
704 5138 1082 5207 ἀναισχύντως
1110 5139 1552 5209 ἐπιφημίσαντες
1572 5156 1586 5171 ο
1628 5142 1739 5194 εἴτε
1763 5138 1858 5196 οῦν

274 5225 352 5289 ὡς
395 5227 717 5297 ἀνθρώπους
758 5230 1130 5293 θεοποιοῦντες
1161 5231 1500 5301 κατάκριτοι,
1552 5233 1660 5286 εῐτε
1690 5234 1765 5297 ὡς
1798 5235 1860 5287 τὸ

278 5318 508 5389 Πνεῦμα
561 5320 620 5374 τὸ
675 5320 832 5389 ἅγιον
888 5326 953 5393 τῇ
1002 5323 1143 5392 πρὸς
1198 5322 1521 5392 ἀνθρώπους
1573 5324 1857 5396 συγκρίσει

1962 2857 2127 2911 sticas
2162 2856 2428 2924 quasdam
2467 2868 2665 2906 causas
2698 2860 2752 2905 et
2781 2851 3111 2921 qnzestiones
3148 2849 3287 2903 inter
3326 2858 3539 2901 utram-

1960 2963 2067 3017 qne
2102 2955 2311 3017 partem
2352 2960 2458 2999 non
2510 2944 2843 2998 insanabiles
2884 2942 3190 3007 dissident;
3238 2956 3538 3011 parasyna—

1962 3053 2130 3108 gogas
2161 3047 2366 3100 autem,
2404 3036 2766 3091 conventibus
2806 3033 2927 3087 illos
2953 3034 3045 3103 qui
3069 3033 3138 3087 ab
3172 3032 3537 3099 immorigeris

1960 3131 2293 3201 presbyteris
2339 3137 2433 3181 aut
2479 3128 2753 3198 episcopis
2806 3135 2859 3180 et
2891 3142 2922 3180 a
2976 3126 3187 3195 populis
3234 3126 3539 3196 disciplina:

1960 3220 2277 3290 expertibus
2320 3222 2479 3284 liunt,
2540 3222 2704 3287 velut,
2757 3219 2802 3274 si
2839 3220 2962 3288 quis
3009 3219 3063 3271 in
3116 3218 3314 3273 delicto
3349 3218 3540 3286 depre-

1961 3310 2187 3374 hensus,
2237 3323 2264 3362 a
2320 3309 2634 3363 ministerio
2681 3319 2955 3372 arceatur,
3006 3323 3106 3362 nec
3154 3323 3212 3363 se
3237 3307 3540 3363 canonibus

1959 3400 2280 3463 submittat,
2330 3401 2424 3453 sed
2476 3399 2581 3454 sibi
2638 3400 3006 3468 principatum
3063 3407 3117 3452 et
3168 3398 3535 3453 ministerium

1960 3492 2216 3557 vindicet,
2245 3505 2308 3545 ac
2333 3490 2579 3545 nonnulli
2612 3507 2714 3544 una
2758 3506 2885 3545 cum
2913 3507 2978 3545 eo
3000 3532 3014 3556 ,
3048 3491 3236 3546 relicta
3268 3490 3539 3545 catholica

1963 3581 2227 3649 Ecclesia,
2290 3584 2608 3649 discedant;
2687 3584 2791 3637 hoc
2847 3584 3047 3636 dicitur
3106 3598 3539 3653 parasynagoga.

1962 3674 2211 3730 Schisma
2266 3686 2447 3729 autem
2486 3685 2589 3741 est,
2621 3675 2689 3730 de
2743 3676 3066 3746 pcnnitenlia
3114 3676 3182 3730 ab
3215 3676 3280 3730 iis
3330 3677 3421 3746 qni
3473 3691 3541 3732 ex

1963 3766 2205 3821 Ecclesia
2256 3774 2406 3833 sunt,
2462 3766 2773 3821 dissentire.
2830 3766 3077 3822 llaareses
3128 3776 3333 3833 autem,
3391 3767 3541 3823 velut

1962 3855 2410 3924 Manichaeorum,
2440 3867 2493 3911 et
2517 3854 3056 3920 Valentinianorum.
3083 3867 3139 3913 et
3168 3857 3543 3914 Marcionista-

1961 3964 2105 4013 rum,
2138 3958 2192 4002 et
2215 3948 2408 4002 horum
2442 3949 2685 4019 ipsorum
2712 3949 3124 4017 Pepuzenorum
3149 3968 3162 4015 ;
3183 3952 3366 4005 statim
3389 3952 3538 4005 enim

1961 4040 2027 4095 de
2057 4042 2174 4110 ipsa
2206 4042 2259 4095 in
2298 4042 2468 4097 Deum
2499 4042 2603 4097 ﬁde
2636 4042 2911 4097 dissensio
2939 4052 3041 4097 est.
3075 4042 3265 4098 Visum
3301 4055 3383 4098 est
3409 4058 3540 4113 ergo

1961 4136 2204 4206 antiquis
2235 4135 2617 4190 hmreticorum
2660 4135 2882 4205 quidem
2912 4136 3181 4205 baptisma
3218 4138 3430 4205 penitus
3454 4152 3541 4191 re-

1954 4227 2162 4297 jicere;
2210 4227 2690 4283 scbismaticorum
2723 4244 2873 4295 vero,
2922 4238 2981 4283 ut
3023 4230 3202 4284 adhuc
3244 4246 3307 4284 ex
3353 4230 3540 4285 Eccle-

1961 4318 2043 4373 sia
2087 4319 2487 4386 exsistentium,
2519 4320 2844 4387 admittere;
2895 4336 2990 4377 eos
3024 4322 3240 4376 tandem
3276 4322 3365 4392 qui
3412 4334 3543 4378 sunt

1963 4411 2017 4466 in
2059 4412 2503 4483 parasynagogis,
2535 4412 2685 4482 jnsta
2731 4414 3048 4483 pmnitentia
3088 4422 3142 4468 et
3195 4415 3539 4470 animadver-

1963 4499 2119 4553 sione
2144 4501 2460 4554 emendatos
2487 4516 2679 4555 rursus
2713 4499 2969 4556 Ecclesia-
3004 4503 3337 4572 conjungere
3362 4521 3376 4571 ;
3405 4504 3541 4558 adeo

1965 4594 2025 4639 ut
2055 4601 2197 4655 saape
2222 4595 2275 4640 et
2305 4587 2341 4640 ii
2386 4589 2481 4657 qui
2510 4589 2562 4640 in
2593 4586 2762 4656 gradu
2798 4588 3048 4643 collocati
3076 4605 3183 4643 una
3213 4605 3337 4645 cum
3367 4589 3543 4646 rebel-

1962 4678 2107 4734 libus
2141 4678 2411 4744 abierant,
2456 4686 2747 4750 postquam
2792 4681 3167 4751 paenitentiam
3200 4683 3430 4754 egerint,
3485 4684 3541 4738 in

1962 4769 2217 4825 eumdem
2247 4769 2494 4825 ordinem
2523 4771 2903 4827 admittantnr.

2033 4860 2300 4929 Pepuzeni
2328 4875 2457 4931 ergo
2478 4871 2608 4915 sunt
2637 4871 2822 4931 aperte
2852 4863 3096 4921 haeretici
3124 4882 3137 4919 :
3172 4881 3297 4919 nam
3332 4865 3385 4920 in
3417 4864 3546 4937 Spi-

1963 4951 2128 5005 ritum
2179 4962 2429 5007 sanctum
2477 4953 3015 5023 blasphemaverunt,
3050 4954 3309 5011 Montano
3338 4964 3392 5010 et
3424 4957 3543 5011 Pri-

1964 5045 2130 5101 scillae
2157 5043 2424 5101 Paracleti
2463 5047 2880 5118 appellationem
2926 5047 3135 5103 nefarie
3174 5049 3545 5117 impudenter-

1963 5150 2074 5206 que
2120 5136 2501 5193 attribuentes.
2551 5136 2739 5207 Igitur,
2793 5137 2909 5192 sive
2942 5139 3071 5207 quia
3117 5138 3435 5193 hominibus
3461 5140 3546 5195 di-

1963 5226 2247 5281 vinitatem
2281 5226 2610 5291 attribuunt,
2640 5226 3039 5280 condemnandi
3068 5236 3236 5281 sunt:
3268 5228 3382 5282 sive
3416 5229 3543 5300 quia

1965 5315 2229 5387 Spiritum
2256 5327 2505 5373 sanctum
2539 5316 2782 5373 alliciunt
2811 5317 3035 5385 injuria,
3067 5318 3199 5374 dum
3225 5334 3351 5374 eum
3388 5335 3543 5374 com-

276 5409 699 5481 καθυϐρίζοντες
719 5429 732 5441 ·
770 5414 866 5467 καὶ
895 5413 1039 5467 οῦτω
1065 5417 1129 5484 τῇ
1156 5414 1349 5484 αίωνίᾳ
1380 5414 1644 5486 καταδίκῃ
1692 5416 1859 5470 ὑπεύ-

1968 5415 2161 5477 parant
2191 5422 2315 5462 cum
2351 5409 2693 5473 hominibus,
2723 5410 2802 5465 sic
2827 5411 2990 5465 etiam
3016 5421 3146 5467 sunt
3168 5419 3385 5467 aeterna:
3413 5428 3547 5467 con-

278 5502 446 5566 θυνοι,
479 5503 567 5557 διά
596 5504 658 5557 τὸ
694 5505 1085 5576 ἀσυγχώρητον
1128 5501 1269 5558 εἶναι
1298 5505 1397 5575 τὴν
1432 5507 1511 5568 είς
1544 5506 1603 5558 τὸ
1633 5508 1857 5579 Πνεῦμα

275 5592 339 5645 τὸ
359 5594 513 5662 ἆγιον
554 5593 942 5667 βλασφημίαν*
968 5595 1092 5647 τίνα
1126 5590 1219 5649 οῦν
1266 5593 1425 5663 λόγον
1477 5595 1590 5665 ἔχει
1627 5597 1685 5649 τὸ
1730 5600 1857 5652 τού-

275 5700 389 5740 των
440 5683 724 5755 βάπτισμα
763 5684 1107 5755 ἐγκριθῆναι,
1153 5681 1263 5737 τῶν
1336 5682 1713 5752 βαπτιζόντων
1773 5688 1855 5752 είς

1968 5496 2305 5551 demnationi
2356 5497 2602 5565 obnoxii,
2652 5500 2797 5569 quod
2853 5502 3154 5556 condonari
3212 5518 3319 5557 non
3360 5502 3545 5572 possit

1968 5587 2302 5657 blasphemia
2352 5589 2407 5644 in
2446 5588 2709 5660 Spiritum
2761 5603 3038 5648 sanctum.
3076 5595 3196 5659 Qua
3243 5594 3409 5665 igitur
3454 5609 3545 5648 ra-

1965 5681 2112 5737 tione
2152 5694 2342 5737 eorum
2391 5681 2661 5755 baptisma
2705 5683 2868 5757 381
2917 5687 3255 5751 admittatur,
3306 5701 3429 5743 curn
3489 5688 3543 5739 in
