4156 6468
696 232 799 299 857

1789 234 2048 293 PHOTII
2105 234 2611 296 PATRIARCHAE
2650 238 2759 297 CP.
3830 244 3919 306 858

699 348 912 402 Patrem
968 354 1023 401 et
1080 344 1276 400 Filium
1328 355 1381 402 et
1436 344 1773 401 Montanium
1822 355 1914 398 aut
1967 342 2267 399 Priscillam

2374 345 2597 416 Πατέρα
2621 386 2637 413 ,
2662 348 2753 399 καὶ
2780 347 2906 401 Υίὺν
2939 347 3031 400 καὶ
3075 349 3227 416 ἅγιον
3250 346 3477 417 Πνεῦμα
3524 347 3791 403 Μοντανὸν
3842 357 3919 408 καὶ

699 438 1018 508 haptizent?
1052 439 1161 493 non
1195 439 1338 492 enim
1372 434 1631 507 baptizati
1659 445 1784 491 sunt
1810 435 1903 504 qui
1936 434 1990 489 in
2027 450 2113 500 ea,
2150 451 2273 505 quas

697 527 858 581 nobis
892 526 1088 581 tradita
1128 542 1235 580 non
1261 536 1409 590 sunt,
1446 526 1702 595 baptizati
1733 524 1906 579 fuere.
1941 512 2141 592 Quare,
2170 526 2272 580 etsi

698 618 805 674 hoc
834 618 1149 689 Dionysium
1178 633 1434 687 magnum
1462 617 1641 682 latuit,
1669 616 1937 671 servanda
1967 616 2126 672 nobis
2162 632 2270 670 non

695 722 781 767 eat
807 711 1036 766 imitatio
1062 712 1284 766 erroris.
1328 708 1440 763 Hoc
1477 710 1622 764 enim
1651 724 1815 778 quam
1848 709 2147 765 absurdum
2178 709 2268 775 sit,

699 819 798 858 sua
851 812 1043 872 sponte
1098 803 1447 871 perspicuum
1494 810 1599 866 est,
1631 816 1693 856 ac
1731 799 1988 858 omnibus
2014 802 2263 867 evidens,

697 896 789 966 qui
821 897 904 949 vel
939 895 1126 950 leviter
1158 895 1474 949 ratiocinari
1506 904 1757 963 possunt.

769 987 988 1042 Cathari
1016 997 1142 1041 sunt
1166 995 1219 1040 et
1245 987 1347 1055 ipsi
1376 1001 1440 1041 ex
1480 986 1547 1040 iis
1573 987 1666 1055 qui
1698 996 1826 1040 sunt
1854 986 2107 1041 abseissi.
2152 984 2272 1040 Ca:-

697 1087 873 1132 terum
904 1076 1141 1146 antiquis
1167 1077 1340 1129 visum
1376 1085 1482 1140 est,
1517 1076 1792 1146 Cypriano
1823 1076 1967 1141 dico,
1996 1085 2051 1130 et
2078 1083 2271 1130 nostro

696 1170 1030 1238 Firmiliano,
1077 1172 1176 1227 hos
1219 1188 1411 1226 omnes
1459 1173 1553 1226 uni
1581 1173 1791 1227 calculo
1823 1172 2117 1242 subiicere,
2166 1172 2270 1226 Ca-

698 1264 905 1330 tharos,
924 1274 974 1318 el
999 1265 1330 1327 Eneratitas,
1354 1276 1409 1319 et
1435 1265 1959 1336 Hydroparastatas;
1988 1274 2271 1334 propterea

694 1356 837 1424 quod
875 1356 1206 1425 principium
1254 1357 1474 1425 quidem
1508 1356 1872 1426 separationis
1904 1371 1999 1425 per
2031 1356 2267 1411 sehisma

693 1446 895 1500 factum
924 1447 1100 1503 fuerat
1141 1467 1153 1503 :
1196 1449 1290 1518 qui
1317 1458 1497 1504 autem
1525 1449 1594 1502 ab
1626 1448 1869 1504 Ecclesia
1907 1463 1965 1503 se
1987 1463 2272 1518 separave-

693 1547 840 1602 rant,
878 1554 987 1593 non
1025 1540 1298 1594 habebant
1329 1540 1568 1611 amplius
1596 1540 1649 1594 in
1682 1556 1738 1594 se
1772 1541 2001 1611 gratiam
2033 1539 2271 1609 Spiritus

692 1630 866 1685 sancti
900 1648 913 1684 :
954 1631 1227 1687 defecerat
1262 1634 1406 1687 enim
1448 1633 1901 1695 communicatio,
1959 1633 2267 1704 interrupta

2375 436 2747 505 Πρίσκιλλαν;
2797 440 2858 493 οὗ
2908 440 3018 510 γάρ
3070 438 3488 510 ἐϐαπτίσθησαν
3525 441 3573 493 οἱ
3625 444 3702 504 εἰς
3751 444 3815 496 τὰ
3856 448 3919 516 μὴ

2375 528 2783 598 παραδεδομένα
2812 533 2943 601 ἡμῖν
2997 530 3381 601 βαπτισθέντες
3408 547 3421 561 ·
3475 530 3618 585 ὥστε
3647 534 3695 586 εί
3726 536 3813 589 καὶ
3844 537 3919 591 τὸν

2377 619 2551 689 μέγαν
2595 621 2753 675 τοῦτο
2796 623 3041 692 παρῆλθε
3081 622 3380 689 Διονύσιον,
3419 622 3540 676 ἀλλ’
3569 624 3699 693 ἡμῖν
3738 627 3796 678 οὐ
3832 645 3916 692 φν-

2372 710 2603 765 λακτέον
2629 712 2727 782 τὴν
2747 714 2977 784 μίμησιν
3006 712 3101 767 τοῦ
3133 712 3449 783 σφάλματος
3469 730 3483 745 ·
3520 713 3582 766 τὸ
3606 715 3709 784 γὰρ
3741 716 3917 773 ἄτοπον

2373 802 2563 856 αὐτόθι
2614 804 2902 874 πρόδηλον,
2951 806 3046 858 καὶ
3098 807 3265 858 πᾶσιν
3316 804 3549 875 ἐναργὲς
3612 800 3691 870 οἷς
3749 825 3798 861 τι
3842 811 3920 865 καὶ

2376 894 2571 964 μικρὸν
2605 894 2698 947 τοῦ
2731 894 3042 963 λογίζεσθαι
3071 897 3341 966 μέτεστιν.

2444 987 2506 1038 Οἱ
2531 986 2588 1040 δὲ
2618 987 2866 1058 Καθαροὶ
2899 989 2992 1041 καὶ
3023 990 3177 1043 αὐτοὶ
3210 992 3319 1045 τῶν
3352 993 3770 1064 ἀπεσχισμένων
3811 994 3919 1051 εἰσί·

2375 1075 2511 1145 πλὴν
2538 1075 2680 1143 ἔδοξε
2708 1080 2815 1140 τοίς
2840 1078 3112 1149 ἀρχαίοις,
3136 1083 3247 1143 τοῖς
3280 1083 3409 1153 περὶ
3452 1084 3762 1153 Κυπριανὸν
3801 1084 3923 1153 λέγω

2374 1170 2467 1221 καὶ
2492 1169 2837 1239 Φιρμιλιανὸν
2868 1171 2957 1223 τὸν
2992 1172 3283 1242 ἡμέτερον,
3324 1173 3550 1236 τούτους
3586 1175 3787 1240 πάντας
3837 1180 3920 1248 μιᾷ

2371 1256 2537 1328 ψήφῳ
2566 1259 2909 1324 ὑποϐάλλειν,
2963 1261 3251 1332 Καθαροὺς
3307 1266 3401 1317 καὶ
3443 1265 3797 1335 Ἐγκρατίτας
3844 1272 3922 1322 καὶ

2385 1349 2907 1421 ’Υδροπαραστάτας
2931 1367 2945 1383 °
2978 1353 3110 1405 διότι
3143 1355 3176 1424 ἡ
3210 1354 3308 1422 μὲν
3339 1355 3485 1427 ἀρχὴ
3514 1355 3610 1409 τοῦ
3638 1359 3917 1429 χωρισμοῦ,

2372 1443 2459 1494 διὰ
2484 1444 2780 1513 σχίσματος
2807 1443 3028 1511 γέγονεν
3049 1461 3062 1475 ο
3107 1446 3162 1497 οί
3207 1446 3265 1499 δὲ
3284 1449 3380 1517 τῆς
3445 1446 3764 1517 Ἐκκλησίας
3806 1451 3922 1504 ἀπο-

2376 1532 2618 1597 στάντες,
2643 1532 2839 1587 οὐκέτι
2861 1533 3017 1603 ἔσχον
3042 1532 3138 1605 τὴν
3157 1534 3316 1606 χάριν
3338 1535 3434 1589 τοῦ
3455 1538 3612 1606 άγίου
3635 1538 3923 1607 [Ινεύματος

2337 1644 2342 1651 ’
2374 1622 2457 1691 ἐφ’
2487 1622 2710 1685 ἑαυτούς
2731 1638 2744 1652 ⁸
2781 1623 3002 1676 ἐπέλιπε
3045 1624 3153 1695 γὰρ
3182 1626 3216 1695 ἡ
3246 1626 3535 1695 μετάδοσις
3581 1625 3657 1695 τῷ
3686 1625 3921 1695 διακοπῆ-

692 1721 1121 1777 continuatione.
1188 1724 1288 1788 Qui
1333 1724 1477 1777 enim
1512 1724 1671 1793 primi
1708 1732 2069 1790 recesserant,
2118 1724 2267 1779 ordi-

2372 1731 2462 1768 ναι
2483 1712 2583 1785 τὴν
2617 1713 2965 1767 ἀκολουθείαν
2987 1731 2998 1742 ·
3033 1718 3082 1767 οὶ
3134 1714 3232 1784 μὲν
3276 1714 3385 1783 γὰρ
3419 1714 3627 1785 πρῶτοι
3667 1715 3923 1785 ἀναχωρή-

695 1812 971 1865 nationem
1019 1827 1048 1866 a
1088 1810 1343 1867 Patribus
1396 1813 1693 1879 habebant,
1744 1823 1797 1869 et
1857 1830 1953 1883 per
2003 1828 2262 1868 manuum

691 1914 883 1953 eorum
930 1898 1333 1969 impositionem
1386 1900 1656 1956 habebant
1697 1903 1898 1956 donum
1934 1902 2264 1971 spirituale;

691 1990 786 2059 qui
816 2000 997 2044 autem
1030 1991 1225 2045 resecti
1250 2001 1402 2057 sunt,
1429 1992 1551 2046 laici
1579 1993 1779 2059 effecti,
1811 2010 1909 2048 nec
1932 1993 2261 2063 baptizandi,

693 2096 795 2135 nec
842 2080 1130 2135 ordinandi
1178 2080 1453 2136 habebant
1499 2092 1843 2152 potestatem,
1898 2092 1958 2137 ut
2009 2083 2102 2152 qui
2159 2096 2266 2136 non

692 2180 911 2240 possent
943 2171 1179 2240 amplius
1230 2170 1466 2241 Spiritus
1518 2175 1691 2226 sancti
1724 2175 1954 2242 gratiam
1989 2173 2109 2227 aliis
2140 2188 2270 2240 pra:-

691 2263 843 2326 bere,
888 2277 917 2315 a
950 2278 1055 2331 qua
1088 2262 1190 2332 ipsi
1221 2263 1559 2318 exciderant.
1594 2267 1775 2330 Quare
1804 2280 1920 2328 eos,
1956 2264 2047 2333 qui
2080 2265 2149 2318 ab
2188 2266 2270 2331 ip-

692 2370 877 2409 sorum
940 2356 1189 2424 partibus
1232 2356 1472 2422 stabant,
1525 2364 1785 2426 tanquam
1825 2372 1854 2410 a
1884 2357 2038 2412 laicis
2086 2356 2268 2427 bapti-

692 2459 863 2513 zatos,
902 2446 1182 2515 jusserunt
1226 2462 1357 2502 vero
1389 2448 1646 2502 Ecclesim
1695 2450 2022 2518 baptismate
2066 2450 2133 2504 ad
2162 2450 2267 2504 Ec-

700 2539 926 2594 clesiam
950 2539 1232 2594 venientes
1261 2540 1572 2607 expurgari.
1600 2538 1703 2593 Sed
1734 2542 1994 2609 quoniam
2029 2540 2266 2594 nonnul-

692 2631 758 2686 lis
792 2630 1048 2685 Asiaticis
1094 2631 1319 2685 omnino
1374 2631 1554 2686 visum
1600 2640 1683 2687 est
1731 2647 1920 2686 eorum
1972 2633 2268 2703 baptisma,

688 2721 943 2791 pluribus
999 2722 1317 2776 consulendi
1384 2737 1574 2787 causa,
1629 2723 2039 2793 suscipiendum
2121 2739 2266 2786 esse.

689 2812 1041 2880 suscipiatur.
1099 2810 1507 2866 Encratitarum
1551 2823 1733 2868 autem
1794 2815 2011 2870 facinus
2054 2822 2270 2885 oportet

690 2917 788 2957 nos
826 2904 1146 2974 intelligere.
1175 2903 1470 2969 Nimirum,
1505 2916 1564 2961 ut
1592 2907 1825 2961 reditum
1856 2908 1960 2962 sibi
1996 2908 2049 2961 in
2082 2907 2269 2962 Eccle-

687 2994 826 3049 siam
867 2995 1312 3061 intercluderent,
1336 2997 1577 3069 aggressi
1608 3006 1737 3052 sunt.
1760 2997 2016 3069 deinceps
2046 2999 2267 3069 preprio

688 3086 1012 3157 baptismate
1057 3103 1489 3160 prmoceupare:
1540 3091 1684 3144 unde
1734 3100 1982 3161 egsuam
2019 3092 2263 3159 ipsorum

692 3182 1141 3236 consuetudinem
1199 3183 1496 3237 violarunt.
1552 3182 1818 3237 Existimo
1882 3184 2086 3254 itaque,
2122 3197 2264 3253 quo-

692 3272 840 3326 niant
872 3273 1033 3342 382
1068 3273 1205 3327 nihil
1249 3274 1316 3328 de
1351 3273 1457 3328 illis
1494 3283 1675 3341 aperte
1703 3273 1908 3328 dictum
1938 3283 2041 3338 est,
2076 3289 2265 3329 eorum

690 3364 960 3434 baptisma
996 3382 1023 3419 a
1063 3366 1222 3420 nobis
1259 3365 1616 3435 rejiciendum
1645 3380 1803 3431 esse;
1840 3382 1905 3421 ac
1937 3367 1981 3419 si
2027 3366 2152 3435 quis
2196 3367 2265 3421 ab

690 3457 771 3513 eis
801 3459 1094 3525 acceperit,
1143 3458 1487 3512 accedentem
1536 3459 1603 3513 ad
1636 3457 1937 3513 Ecclesiam
1977 3458 2264 3527 baptizan-

690 3548 842 3604 dum.
888 3548 1064 3619 (Quod
1108 3550 1151 3603 si
1216 3550 1317 3604 hoc
1370 3550 1607 3620 generali
1664 3551 1986 3606 meonontite
2033 3552 2266 3622 impedi-

690 3651 875 3695 mento
914 3644 1039 3708 erit,
1096 3658 1292 3697 rursus
1323 3643 1726 3698 consuetudine
1774 3646 2036 3698 utendum
2070 3654 2178 3710 est,
2211 3650 2266 3697 et

691 3732 844 3801 sequi
890 3740 1105 3802 oportet
1151 3732 1365 3800 Patres,
1405 3734 1496 3803 qui
1533 3748 1654 3803 quae
1711 3735 1776 3787 ad
1809 3748 1913 3789 nos
1960 3734 2261 3804 pertinent,

691 3824 1164 3894 dispensaverunt.
1216 3826 1422 3882 Vereor
1475 3829 1618 3882 enim
1668 3842 1755 3892 ne,
1796 3830 1925 3882 dttm
1979 3843 2076 3883 eos
2108 3829 2263 3883 volu-

691 3931 815 3971 mus
866 3917 933 3971 ad
990 3918 1372 3988 baptizandutn
1416 3921 1601 3974 tardos
1644 3919 1844 3985 facere,
1883 3920 2269 3989 impedimento

691 4015 912 4075 propter
960 4008 1244 4062 sententiae
1305 4023 1401 4063 see
1423 4009 1634 4063 ritatem
1680 4010 1853 4065 simus
1914 4008 1979 4062 iis
2006 4010 2099 4079 qui
2149 4010 2260 4064 sal-

688 4097 930 4165 vantur.)
959 4094 1114 4161 Quod
1150 4096 1197 4152 si
1238 4097 1312 4151 illi
1364 4108 1606 4152 nostrum
1640 4098 1969 4167 baptismum
2024 4106 2264 4160 servant,

689 4184 796 4239 hoc
845 4201 943 4238 nos
1000 4200 1106 4240 non
1139 4199 1372 4243 moveat.
1423 4187 1608 4259 Neque
1654 4192 1799 4243 enim
1849 4189 2113 4244 debemus
2167 4204 2266 4258 par

689 4275 805 4344 pari
855 4273 1073 4340 referre,
1116 4278 1210 4332 sed
1253 4288 1521 4333 accuratae
1563 4295 1835 4333 canonum
1891 4278 2262 4334 observationi

2373 1823 2589 1874 σαντες,
2625 1805 2779 1876 παρὰ
2808 1804 2917 1857 τῶν
2959 1805 3220 1876 Πατέρων
3258 1805 3416 1875 ἔσχον
3467 1807 3566 1867 τὰς
3597 1806 3921 1876 χειροτονίας,

2374 1897 2470 1949 καὶ
2491 1896 2580 1948 διὰ
2607 1894 2707 1963 τῆς
2754 1893 3050 1955 ἐπιθέσεως
3098 1894 3204 1945 τῶν
3234 1892 3434 1964 χειρῶν
3464 1891 3664 1956 αὐτῶν,
3694 1888 3829 1962 εῐχον
3870 1892 3922 1945 τὸ

2373 1989 2619 2060 χάρισμα
2654 1987 2715 2040 τὸ
2745 1985 3113 2056 πνευματικόν
3133 2000 3148 2015 ⁶
3173 1986 3223 2037 ut
3246 1986 3302 2037 δὲ
3337 1984 3742 2056 ἀπορραγέντες
3765 1982 3923 2036 λαῖκοὶ

2373 2082 2674 2151 γενόμενοι,
2707 2077 2831 2131 οὔτε
2855 2079 2949 2132 τοῦ
2984 2077 3269 2147 βαπτίζειν
3301 2075 3427 2129 οὔτε
3456 2076 3551 2128 τοῦ
3604 2078 3919 2146 χειροτονεῖν,

2372 2173 2518 2247 εῐχον
2543 2176 2639 2245 τὴν
2660 2174 2908 2240 ἐξουσίαν
2930 2190 2943 2205 ·
2984 2173 3167 2226 οὐκέτι
3190 2171 3480 2240 δυνάμενοι
3509 2170 3667 2240 χάριν
3695 2167 3920 2239 [ινεύμα-

2373 2284 2460 2329 τος
2495 2266 2652 2333 ἁγίου
2682 2265 2890 2334 έτέροις
2912 2264 3194 2334 παρέχειν,
3222 2257 3289 2333 ἦς
3333 2264 3491 2315 αὐτοὶ
3538 2260 3915 2315 ὲκπεπτώκασι.

2371 2360 2452 2413 διὸ
2480 2360 2555 2422 ὼς
2586 2357 2735 2428 παρά
2762 2357 2965 2409 λαῖκῶν
2996 2354 3428 2425 βαπτιζομένους
3456 2355 3583 2414 τοὺς
3607 2352 3733 2422 παρ’
3757 2352 3916 2403 αὐτῶν

2372 2449 2663 2501 ἐκέλευσαν
2705 2446 3032 2516 ἐρχομένους
3057 2444 3151 2496 ἐπὶ
3192 2444 3290 2514 τὴν
3332 2442 3678 2513 Ἐκκλησίαν,
3701 2441 3773 2510 τῷ
3808 2441 3920 2511 ἀλη-

2373 2538 2503 2609 θινῴ
2526 2536 2862 2608 βαπτίσματι
2892 2536 2967 2605 τῷ
2986 2534 3086 2604 τῆς
3123 2530 3451 2603 Ἐκκλησίας
3466 2529 3915 2598 ἀνακαθαίρεσθαιο

2373 2634 2561 2703 ἐπειδὴ
2617 2630 2673 2684 δὲ
2704 2632 2840 2693 ὅλως
2882 2628 3028 2692 ἔδοξέ
3070 2644 3180 2680 τισι
3230 2627 3338 2679 τῶν
3387 2627 3532 2679 κατά
3572 2626 3668 2696 τὴν
3730 2624 3911 2685 Ἀσίαν,

2372 2721 2681 2792 οἰκονομίας
2715 2720 2897 2782 ἓνεκα,
2935 2717 3045 2771 τῶν
3099 2716 3308 2770 πολλῶν
3368 2717 3628 2785 δεχθῆναι
3659 2715 3822 2768 αὐτῶν
3862 2715 3913 2764 τὸ

2378 2816 2681 2886 βάπτισμα,
2731 2815 2871 2867 ἔστω
2918 2811 3143 2866 δεκτόνο
3190 2812 3250 2865 τὸ
3307 2810 3363 2864 δὲ
3419 2810 3527 2863 τῶν
3583 2807 3911 2879 Ἐγκρατιτῶν

2375 2907 2740 2979 κακούργημα
2767 2907 2956 2978 νοῆσαι
2998 2908 3144 2977 ἡμᾶς
3179 2906 3279 2969 δεῖ,
3312 2906 3395 2958 ὅτι
3425 2904 3512 2958 ἵνα
3537 2900 3908 2973 ἀπροσδέκτους

2376 2999 2573 3060 αὐτοὺς
2608 2998 2877 3068 ποιήσωσι
2911 3000 2977 3068 τῇ
3009 2995 3326 3068 Ἐκκλησία,
3357 2996 3714 3067 ἐπεχείρησαν
3756 2990 3909 3044 λοιπὸν

2380 3091 2496 3162 ἰδίῳ
2549 3090 3100 3163 προκαταλαμϐάνειν
3148 3088 3509 3159 βαπτίσματι,
3560 3088 3677 3142 ὅθεν
3716 3085 3801 3138 καὶ
3830 3082 3909 3152 τὴν

2378 3184 2666 3254 συνήθειαν
2690 3180 2788 3253 τὴν
2818 3181 3027 3235 ἑαυτῶν
3052 3177 3443 3252 παρεχάραξαν
3464 3196 3477 3211 ο
3522 3177 3718 3248 νομίζω
3737 3173 3906 3237 τοίνυν,

2374 3274 2456 3327 ὅτι
2488 3272 2672 3342 ἐπειδὴ
2700 3272 2852 3324 οὐδέν
2883 3274 2997 3324 ἐστι
3025 3273 3153 3341 περὶ
3185 3269 3364 3324 αὐτῶν
3387 3270 3635 3340 φανερῶς
3662 3268 3903 3339 διηγορευ-

2380 3364 2560 3434 μένον,
2582 3364 2727 3430 ἡμᾶς
2759 3365 3036 3433 προσῆκεν
3077 3362 3291 3415 ἀθετεῖν
3338 3362 3522 3415 αὐτῶν
3555 3364 3612 3414 τὸ
3642 3361 3904 3432 βάπτισμα,

2377 3458 2478 3510 κάν
2500 3473 2583 3519 τις
2680 3458 2811 3525 παρ’
2844 3454 3025 3507 αὐτῶν
3069 3453 3329 3524 εἰληφὼς,
3377 3455 3671 3527 προσιόντα
3712 3453 3773 3521 τῇ
3811 3449 3905 3501 Ἑκο

2377 3547 2577 3618 κλησίᾳ
2605 3546 2792 3599 τοῦτον
2822 3545 3229 3611 ἁναϐαπτίζειν.
3288 3547 3413 3600 Ἐὰν
3447 3547 3629 3617 μέντοι
3668 3543 3826 3615 μέλλοι
3852 3542 3904 3608 τῇ

2377 3641 2609 3694 καθόλου
2662 3639 2944 3709 οἰκονομίᾳ
2994 3637 3153 3692 τοῦτο
3203 3639 3465 3709 ἐμπόδιον
3518 3636 3743 3701 ἔσεσθαι,
3775 3632 3905 3685 πάλιν

2377 3733 2455 3805 τῷ
2500 3732 2614 3785 ἔθει
2644 3730 2935 3802 χρηστέον,
2975 3732 3072 3785 καὶ
3122 3734 3236 3796 τοῖς
3288 3732 3680 3801 οἰκονομήμασι
3723 3726 3782 3779 τὰ
3807 3717 3904 3775 καθ’

2380 3826 2527 3895 ἡμᾶς
2578 3823 2855 3894 Πατράσιν
2903 3822 3293 3893 ἀκολουθητέον
3319 3838 3333 3854 ο
3390 3823 3673 3894 ὑφορῶμαι
3710 3818 3803 3887 γὰρ
3844 3811 3903 3882 μή

2383 3937 2539 3984 ποτε,
2567 3921 2642 3983 ῶς
2673 3919 2977 3990 βουλόμεθα
3014 3919 3280 3988 ὀκνηροὺς
3305 3915 3647 3986 αὐτοὺςξπερὶ
3668 3913 3722 3965 τὸ
3745 3904 3903 3981 βαπτί-

2378 4012 2491 4078 ζειν
2552 4011 2795 4081 ποιῆσαι,
2850 4010 3230 4081 έμποδίσωμεν
3276 4011 3387 4073 τοῖς
3421 4007 3735 4077 σωζομένοις
3763 3995 3902 4053 διὰτὸ

2378 4103 2476 4170 τῆς
2500 4103 2815 4172 προτάσεως
2861 4102 3134 4170 αὐστηρόν
3157 4116 3170 4131 ·
3196 4102 3245 4153 εἰ
3291 4100 3347 4153 δὲ
3377 4102 3573 4153 ἐκεῖνοι
3616 4095 3900 4165 φυλάσσουσι

2374 4194 2436 4247 τὸ
2465 4194 2727 4264 ἡμέτερον
2756 4192 3059 4262 βάπτισμα,
3092 4191 3251 4244 τοῦτο
3291 4193 3438 4262 ἡμᾶς
3489 4186 3811 4243 δυσωπείτω”
3851 4178 3898 4229 οὐ

2376 4286 2485 4357 γὰρ
2515 4286 2834 4340 ἀντιδιδόναι
2861 4285 3028 4353 αὐτῆς
3062 4283 3352 4336 ὑπεύθυνοι
3377 4284 3537 4356 χάριν
3583 4278 3753 4350 ἐσμὲν,
3790 4267 3899 4326 ἀλλά

688 4371 910 4422 servire.
953 4371 1110 4423 Omni
1155 4380 1337 4425 autem
1382 4375 1594 4426 ratione
1644 4382 1937 4439 statuatur,
1988 4380 2044 4425 ut
2080 4371 2114 4425 ii
2168 4371 2262 4441 qui

2371 4379 2643 4432 δουλεύειν
2667 4376 2922 4449 ἀκριϐείᾳ
2951 4376 3193 4429 κανόνων
3218 4391 3231 4404 ·
3271 4378 3440 4429 παντῦ⁹
3468 4376 3523 4428 δὲ
3562 4373 3698 4440 λόγῳ
3743 4378 3893 4419 τυπω-

690 4457 761 4511 ab
784 4458 998 4512 illorum
1038 4459 1307 4529 baptismo
1338 4463 1584 4524 veniunt,
1620 4473 1892 4533 ungatttur
1926 4477 2110 4517 coram
2142 4462 2271 4515 fide-

691 4547 835 4601 libus
886 4548 1158 4614 videlicet,
1217 4560 1271 4603 et
1319 4550 1389 4605 ita
1425 4551 1644 4606 demum
1698 4553 1764 4606 ad
1818 4554 2073 4623 mysteria
2114 4567 2270 4607 acce-

691 4638 839 4693 dant.
863 4639 988 4694 Seio
1023 4652 1225 4707 autem,
1255 4642 1471 4706 fratres,
1510 4643 1776 4709 lzointtm,
1808 4654 1859 4699 et
1893 4644 2268 4709 Saturninum,

691 4732 785 4799 qui
833 4740 984 4785 erant
1030 4748 1095 4786 cx
1148 4734 1364 4787 illorum
1412 4735 1621 4802 ordine,
1654 4736 1705 4789 in
1753 4737 2134 4805 episcoporum
2178 4750 2273 4789 ca-

692 4819 940 4874 thedram
992 4835 1023 4875 a
1065 4822 1221 4877 nobis
1273 4839 1396 4878 esse
1457 4834 1764 4895 susceptos.
1809 4826 1990 4890 Qnare
2037 4840 2132 4879 eos
2177 4824 2271 4893 qui

692 4906 910 4962 illorum
942 4912 1121 4965 ordini
1155 4915 1435 4983 conjuncti
1466 4925 1615 4983 sunt,
1671 4931 1778 4970 non
1822 4931 2115 4985 possumus
2151 4931 2273 4968 ant-

691 5002 834 5072 plius
862 5004 929 5057 ab
961 5003 1201 5061 Ecclesia
1236 5023 1525 5078 separare:
1563 5011 1655 5080 qui
1690 5010 1900 5065 scilicet
1930 5008 2273 5063 communio-

692 5092 777 5146 nis
810 5108 933 5149 cum
965 5095 1099 5165 ipsis
1128 5100 1282 5167 quasi
1317 5115 1584 5156 eanonem
1617 5102 1929 5171 quemdam,
1985 5102 2272 5172 episcopos

692 5188 1091 5259 suscipiendos,
1122 5194 1479 5250 ediderimus.

1017 5378 1171 5433 CAP.
1202 5380 1269 5435 ll.
1290 5410 1369 5422 -—
1400 5381 1544 5447 Quid
1568 5386 1637 5439 sit
1668 5386 1943 5439 ltrrreticus
1970 5386 1994 5439 ?

906 5469 1133 5526 Concilii
1164 5472 1746 5545 Constantinopolimni
1769 5492 1936 5529 canon
1962 5477 2015 5530 6.

764 5560 815 5615 6.
837 5562 1108 5628 Quoniam
1128 5567 1281 5621 ntttlli
1305 5566 1735 5623 ecclesiasticuttt
1760 5568 2026 5633 ordinem,
2055 5574 2185 5631 etc.,
2212 5576 2269 5620 ut

693 5660 813 5720 pag.
850 5651 975 5707 (399.

2376 4474 2546 4543 θήτων
2580 4472 2701 4535 τοὺς
2732 4469 2954 4523 ἀπὸτοῦ
3005 4467 3313 4538 βαπτισμοῦ
3375 4468 3597 4520 ἐκείνων
3647 4469 3896 4532 προσερχοι

2378 4567 2592 4634 μένους,
2614 4561 2865 4631 χρίεσθαι
2895 4558 3116 4614 ἐπὶτῶν
3142 4559 3347 4613 πιστῶν
3368 4557 3627 4629 δηλονότι,
3650 4550 3735 4607 καὶ
3756 4544 3894 4601 οὕτως

2376 4656 2659 4727 προσιέναι
2687 4656 2800 4718 τοῖς
2833 4652 3169 4725 μυστηρίοις.
3220 4648 3351 4707 Οἶδα
3381 4652 3437 4705 δὲ
3489 4652 3568 4705 ὅτι
3613 4647 3728 4707 τοὺς
3768 4635 3891 4692 ἀδελ-

2376 4752 2511 4818 φοὺς
2532 4749 2658 4812 τοὺς
2685 4748 2813 4818 περὶ
2868 4747 3037 4817 Ἰςόην
3087 4746 3179 4799 καὶ¹
3214 4745 3549 4815 Σατορνῖνον,
3588 4738 3674 4794 ἀπ’
3720 4728 3893 4818 ἐκείνηί

2374 4817 2531 4903 ὄντας
2563 4844 2662 4913 τῆς
2691 4839 2919 4905 τάξεως,
2954 4837 3396 4909 προσεδεξάμεθα
3435 4839 3513 4900 είς
3544 4834 3636 4903 τὴν
3664 4826 3799 4889 τάξιν
3821 4817 3891 4871 καὶ

2376 4912 2646 5002 καθέδραν
2676 4930 2784 4983 τῶν
2817 4929 3133 4983 ἐπισκόπων
3157 4943 3171 4961 ⁸
3212 4928 3354 4982 ὥστε
3406 4928 3531 4990 τοὺς
3583 4921 3657 4990 τῷ
3694 4917 3890 4982 τάγματι
3986 4912 3991 4919 ’

2375 5022 2597 5076 ἐκείνων
2666 5021 3064 5091 συνημμένους,
3105 5018 3287 5074 οὐκέτι
3330 5018 3600 5089 δυνάμεθα
3644 5004 3891 5091 διακρίνειν

2375 5114 2483 5168 ἀπὸ
2511 5115 2609 5183 τῆς
2642 5089 2991 5183 Ἐκκλησίας,
3016 5109 3127 5165 οἷον
3157 5112 3358 5165 κανόνα
3389 5112 3510 5163 τινὰ
3540 5107 3642 5175 τῆς
3680 5097 3798 5169 πρὸς
3815 5089 3891 5143 “'5‘

2375 5204 2498 5265 τοὺς
2524 5202 2809 5265 κοινωνίας
2856 5201 3161 5272 ὲκθέμενοι,
3213 5202 3300 5255 διὰ
3332 5205 3430 5273 τῆς
3474 5199 3577 5254 τῶν
3622 5185 3889 5248 ἐπισκόπων

2376 5294 2709 5366 παραδοχῆς.

2610 5385 2861 5437 ΚΕΦΛΛ.
2898 5382 2970 5436 Β’.
2996 5412 3069 5423 --
3102 5384 3163 5438 Τί
3192 5383 3361 5437 ἐστιν
3382 5380 3680 5451 αἱρετικός.

2479 5475 2749 5529 Συνόδου
2803 5477 3495 5540 Κωνσταντινουπόλεως
3535 5466 3719 5524 κανὼν
3740 5462 3803 5522 ς’·

2445 5574 2520 5627 ς’.
2583 5565 2800 5635 Ἐπειδὴ
2852 5565 3038 5621 πολλοὶ
3092 5565 3193 5637 τὴν
3255 5557 3697 5635 ὲκκλησιαστικὴν
3761 5544 3887 5599 εὐτα-

2378 5658 2513 5722 ξίαν,
2538 5676 2591 5709 κ.
2624 5674 2675 5710 τ.
2714 5657 2762 5710 λ.
