4156 6498
440 297 546 363 869

1233 297 1632 358 SYNTAG-MA
1673 296 2064 359 CANONUM.
2091 322 2158 333 —
2187 297 2335 360 TIT.
2375 300 2517 374 XII,
2562 299 2720 361 CAP.
2763 301 2845 360 II.

3621 306 3725 366 87:)

527 409 596 463 Ἦ
622 425 658 463 α
725 405 868 464 διάτ.
899 407 996 461 τοῦ
1036 413 1084 462 α’
1126 407 1234 462 τίτ.
1295 408 1392 462 τοῦ
1455 407 1502 461 α’
1559 408 1700 478 βιϐλ.
1747 407 1843 462 τοῦ
1885 408 2018 464 κώδ.

2197 409 2430 464 Texlus.
2473 410 2659 464 Const.
2699 411 2755 475 I,
2799 411 2880 463 tit.
2913 409 2964 464 I.
3007 409 3099 464 lib.
3132 410 3254 465 cod.
3287 411 3364 465 ait
3401 430 3414 466 :
3448 410 3552 478 Qui
3595 431 3724 470 san-

440 502 628 568 φησὶν,
657 499 828 565 ὡς,-Ὀ
859 499 934 570 μὴ
963 499 1203 564 δοξάζων
1249 500 1348 572 τὴν
1407 501 1571 568 ἁγίαν
1605 501 1808 572 Τριάδα
1843 502 1902 556 ὲν
1935 503 2032 572 μιᾷ

441 595 658 662 θεότητι
707 591 1048 662 ίσοδύναμον,
1098 591 1224 645 οὕτε
1256 592 1584 662 Χριστιανὸς
1635 593 1874 662 λέγεται,
1909 593 2026 647 ἀλλ’

441 683 632 754 ἄφρων
662 682 781 734 ἐστὶ
799 683 897 734 καὶ
925 682 1197 755 αἱρετικὸς
1223 684 1417 754 ἄτιμος
1440 685 1536 738 καὶ
1555 687 1906 755 τιμωρεῖται·
1932 686 2028 738 καὶ

438 775 544 830 τίτ.
582 771 617 828 ε’
657 775 754 828 τοῦ
783 776 950 830 αὑτοῦ
982 777 1123 848 βιὸλ.
1147 819 1162 844 ,
1193 779 1296 842 ὅτι,
1328 779 1608 848 Αίρετικός
1649 780 1764 832 ἐστι
1791 781 1884 833 καὶ
1917 782 2028 842 τοῖς

440 867 584 922 κατὰ
614 868 907 939 αἱρετικῶν
959 870 1244 924 ὑπόκειται
1303 871 1509 940 νόμοις,
1573 874 1601 926 ὁ
1653 871 1848 942 μικρέιν
1893 871 2024 941 γοῦν

443 960 710 1015 ἐκκλίνων
747 962 846 1032 τῆς
870 963 1153 1033 όρΟοδόξου
1195 964 1462 1028 πίστεως·
1494 967 1586 1018 καὶ
1627 964 1768 1019 διάτ.
1819 963 1884 1036 ιβ’
1928 963 2023 1018 τοῦ

437 1053 602 1107 αὑτοῦ
625 1054 733 1108 τίτ.
754 1095 770 1120 ,
801 1054 903 1121 ὅτι,
945 1055 1230 1126 Αίρετικός
1250 1055 1453 1126 ἐπινςό
1490 1055 1565 1126 μὴ
1607 1054 1681 1109 ὢν
1708 1056 1983 1122 όρθόδοξος
2006 1071 2022 1085 ·

435 1148 469 1217 ἡ
499 1146 555 1199 δὲ
601 1146 815 1200 α’διάτ.
873 1148 966 1200 τοῦ
1017 1145 1066 1214 γ’
1089 1164 1197 1200 τιτ.
1232 1146 1342 1200 τῶν
1393 1147 1645 1218 Νεαρῶν,
1706 1149 2022 1219 αἱρετικοὺς

435 1236 583 1300 λέγει
611 1237 820 1302 πάντας
851 1240 978 1302 τοὺς
1010 1237 1085 1310 μὴ
1118 1239 1276 1302 ὄντας
1308 1239 1686 1303 κοινωνικούς.

516 1328 605 1381 Ἐν
638 1330 830 1383 πλάτει
857 1330 913 1383 δὲ
943 1330 1011 1384 τὰ
1043 1332 1173 1402 περὶ
1231 1332 1338 1386 τῶν
1391 1334 1686 1402 αἱρετικῶν
1713 1333 2010 1402 ἀνήνεκται

434 1418 493 1472 ὲν
524 1417 602 1488 τῷ
639 1417 682 1471 ε’
716 1420 824 1474 τίτ.
846 1419 941 1473 τοῦ
973 1419 1104 1478 κώδ.
1131 1462 1146 1487 ,
1173 1423 1230 1475 ὲν
1256 1415 1300 1490 ᾧ
1321 1422 1618 1476 κωλύονται
1651 1422 1794 1492 ἔχειν
1822 1423 2020 1494 προνό-

437 1529 558 1584 μια,
584 1511 931 1584 ἢδιδάσκειν,
967 1513 1199 1584 ἢποιεῐν
1262 1513 1580 1586 κληρικοὺς,
1628 1514 1661 1584 ἢ
1715 1513 2018 1567 λιτανεύειν

430 1608 728 1679 δημοσίᾳῆ
764 1610 820 1660 ὲν
849 1606 984 1676 οἴκῳ
1009 1622 1023 1636 ·
1060 1606 1182 1658 ἐπεὶ
1219 1607 1363 1668 τινὸς
1400 1603 1641 1658 τοιούτου
1697 1605 2014 1674 γενομένου,

431 1688 466 1769 ἦ
505 1699 661 1765 τάξις
692 1697 787 1750 τοῦ
843 1697 1084 1767 ἐπάρχου
1133 1697 1324 1768 λίτρας
1361 1696 1576 1750 δίδωσιν
1607 1695 1683 1766 ρ’·
1718 1697 1772 1750 αί
1803 1696 1858 1748 δὲ
1891 1696 2014 1748 ἑπι-

2137 509 2284 555 ctam
2314 501 2641 556 Trinitatem
2684 502 2735 554 in
2776 518 2879 555 una
2903 502 3102 556 deitate
3144 502 3261 572 pari
3290 511 3557 572 potestate
3583 521 3722 575 pra:-

2136 595 2305 648 ditam
2337 610 2444 648 non
2477 595 2673 660 credit,
2704 594 3051 650 Christianus
3083 611 3189 649 non
3235 595 3455 659 dicitur,
3490 598 3584 652 sed
3625 615 3722 655 ve-

2138 701 2324 752 sanus,
2354 687 2662 751 haereticus,
2686 695 2741 741 et
2761 686 2979 740 infamis
3003 696 3105 752 est,
3134 702 3196 741 ac
3217 688 3458 756 punitur.
3487 687 3552 743 Et
3573 689 3656 744 tit.
3689 690 3723 744 5

2129 775 2374 845 ejusdem
2414 778 2560 841 lihri,
2591 787 2769 833 const.
2800 779 2856 831 2.
2888 779 3050 848 383
3094 779 3395 834 Ileeretieus
3425 793 3525 847 est,
3551 796 3615 836 ac
3644 781 3724 835 la-

2131 868 2203 924 tis
2232 869 2508 936 :adversus
2545 869 2827 925 haereticos
2861 870 3071 939 legibus
3118 870 3460 936 succumbit,
3504 872 3596 940 qui
3639 873 3721 926 vel

2132 960 2416 1030 paululum
2450 962 2519 1016 ab
2565 961 2867 1016 orthodoxa
2894 962 3131 1015 declinat
3162 962 3288 1017 ﬁde.
3331 960 3398 1016 Et
3440 971 3617 1016 const.
3654 963 3724 1016 12

2130 1053 2374 1122 ejusdem
2409 1053 2515 1118 tit.,
2555 1052 2856 1107 llzereticus
2876 1060 2958 1106 est
2981 1052 3072 1121 qui
3107 1067 3212 1105 non
3245 1059 3331 1106 est
3358 1053 3719 1108 orthodoxus.

2131 1140 2326 1197 Const.
2375 1141 2428 1208 I,
2483 1143 2568 1196 tit.
2619 1143 2642 1195 I
2701 1141 3046 1197 Novellarum
3095 1142 3380 1195 haereticos
3419 1140 3569 1206 dicit,
3624 1143 3718 1212 qui

2129 1236 2540 1290 communicare
2575 1251 2683 1288 non
2716 1242 2964 1304 possunt.

2207 1326 2424 1382 Textus.
2465 1325 2638 1383 Porro
2684 1344 2805 1396 qua:
2856 1329 2924 1384 de
2986 1329 3258 1385 haereticis
3290 1331 3417 1403 [dici
3458 1334 3714 1408 debeant]

2129 1421 2185 1476 in
2219 1420 2303 1475 tit.
2339 1420 2393 1483 5,
2434 1420 2529 1474 lib.
2561 1435 2579 1473 1
2627 1421 2749 1474 cod.
2781 1420 2989 1490 prolixe
3019 1421 3187 1476 relata
3230 1433 3374 1490 sunt,
3410 1426 3500 1480 ubi
3541 1427 3715 1496 privi-

2127 1513 2326 1581 legium
2367 1511 2590 1576 habere,
2632 1512 2828 1567 docere
2851 1553 2866 1578 ,
2895 1513 3122 1569 clericos
3152 1530 3342 1570 creare
3368 1556 3384 1582 ,
3416 1527 3467 1572 et
3499 1519 3715 1588 publice

2127 1603 2212 1658 vel
2251 1605 2304 1657 in
2357 1603 2568 1658 aedibus
2630 1603 3054 1672 supplicationes
3099 1605 3279 1660 facere
3330 1607 3708 1675 prohibentur.

2130 1694 2344 1764 Alioqui
2383 1693 2617 1748 olIicium
2656 1693 2900 1764 praefecti
2933 1695 3236 1768 lpmtorio]
3279 1708 3496 1753 centum
3533 1699 3710 1755 libras

431 1753 621 1862 itbpto't
644 1753 693 1842 ,ν’
714 1805 730 1821 ο
764 1788 860 1841 καὶ
911 1753 1091 1840 anno):
1126 1753 1471 1859 συνακτήρια
1508 1753 1709 1850 αὐτῶν,
1739 1788 1773 1857 ἡ
1796 1784 2010 1856 ὀρθὸδο-

2131 1753 2344 1859 [auri]:
2390 1753 2756 1851 provinciales
2799 1753 3274 1860 vero"[olliciales]
3319 1753 3710 1860 quinquaginta

369 1920 376 1951 ε
433 1883 521 1946 ξος
558 1879 850 1950 Ἐκκλησία
894 1879 1190 1950 λαμϐάνει·
1229 1880 1327 1933 καὶ
1371 1880 1453 1932 ὅτι
1481 1880 1530 1931 οἱ
1565 1877 1861 1948 Μανιχαϊοι
1915 1876 2013 1931 καὶ

430 1977 479 2027 οἱ
504 1972 820 2025 Δονατισταὶ
866 1971 1110 2042 ἐσχάτως
1145 1971 1513 2042 τιμωροῦνται
1537 1970 1632 2024 καὶ
1661 1969 2012 2040 δημεύονται,

431 2067 524 2119 καὶ
562 2064 685 2117 οὗτε
717 2064 1067 2126 διατίθενται,
1091 2062 1125 2134 ἦ
1151 2063 1401 2117 ὁπωσοῦν
1433 2062 1876 2126 συναλλάσσουσι,
1916 2063 2010 2116 καὶ

429 2157 552 2210 οὔτε
585 2157 689 2208 ὑπὸ
738 2156 945 2209 παίδων
977 2155 1053 2226 μὴ
1075 2155 1243 2208 ὄντων
1267 2155 1567 2227 ὀρθοδόξων
1607 2154 2010 2226 κληρονομοῦν-

429 2269 540 2315 ται,
579 2251 672 2302 καὶ
703 2248 843 2319 μετὰ
876 2247 1106 2301 Θάνατον
1134 2248 1567 2319 κατηγοροῦνται
1597 2249 1691 2302 καὶ
1740 2247 2010 2318 ἀκυροῦν-

428 2359 519 2395 ται
545 2343 598 2395 αί
623 2341 879 2407 διαθῆκαι
906 2340 1086 2395 αὐτῶν
1111 2357 1126 2372 ·
1168 2342 1262 2393 καὶ
1286 2342 1370 2394 ὅτι
1399 2341 1507 2392 τῶν
1542 2341 1752 2394 πόλεων
1809 2339 2008 2394 ἐκϐάλ-

430 2435 632 2499 λονται,
686 2433 784 2488 καὶ
824 2434 907 2486 ὅτι
960 2434 1079 2496 ταῖς
1115 2431 1464 2504 Ἐκκλησίαις
1493 2434 1932 2504 προσκυροῦνται
1959 2437 2010 2489 ot

429 2520 565 2581 οἶκοι
587 2527 644 2581 ὲν
674 2519 755 2591 οἷς
789 2525 1056 2598 αἱρετικσὶ
1077 2524 1269 2598 γνώμῃ
1304 2525 1414 2581 τῶν
1440 2525 1715 2582 δεσποτῶν
1749 2529 2010 2601 συνάγον-

429 2635 521 2673 ται
550 2636 564 2649 ο
615 2619 710 2672 καὶ
753 2621 834 2672 ὅτι
893 2619 1000 2673 τῶν
1073 2618 1437 2690 βουλευτικῶν
1467 2620 1500 2691 ἢ
1531 2621 1876 2684 ταξεωτικῶν
1902 2624 2013 2678 λεια

427 2709 699 2780 τουργιῶν
750 2709 851 2761 οὐκ
901 2707 1262 2764 ἀπολύονται·
1326 2710 1420 2764 καὶ
1464 2711 1547 2764 ὅτι
1575 2712 1636 2764 οὐ
1669 2713 1881 2766 ποιοῦσι
1912 2730 2009 2784 μο-

429 2803 698 2870 ναστήρια
727 2798 852 2852 οὔτε
904 2800 1287 2868 στρατεύονται
1311 2816 1324 2830 ·
1359 2803 1454 2856 καὶ
1485 2802 1602 2866 πῶς
1641 2803 2009 2874 τιμωροῦνται

428 2893 480 2946 oI
516 2893 656 2946 κατά
703 2892 813 2946 τῶν
858 2892 1026 2960 ἁγίων
1062 2892 1298 2946 συνόδων
1335 2893 1719 2965 γράφοντες,ῆ
1769 2894 2004 2964 ἔχοντες,

428 2983 464 3054 ἢ
495 2981 960 3049 ἀναγινώσκοντες
987 2983 1159 3036 αὐτά·
1191 2985 1286 3037 καὶ
1315 2984 1398 3037 ὅτι
1429 2985 1490 3037 οὐ
1521 2984 1814 3039 ϐάπτονται
1853 2987 2007 3055 νομί-

2127 1874 2259 1928 dant
2290 1893 2304 1929 :
2339 1875 2382 1928 si
2418 1873 2680 1946 [ipsorum
2710 1875 3006 1948 permissu]
3046 1877 3152 1932 tale
3181 1877 3466 1948 quidpiam
3503 1879 3708 1934 factum

2131 1967 2222 2022 sit.
2252 1965 2521 2038 [Habetur
2550 1967 2800 2039 ibidem],
2831 1968 2977 2037 quod
3003 1970 3242 2034 ipsorum
3274 1974 3709 2042 congregationis

2125 2058 2240 2112 loca
2289 2057 2588 2113 orthodoxa
2635 2059 2877 2114 Ecclesia
2911 2062 3110 2129 capiat.
3145 2061 3274 2117 Item
3298 2102 3314 2127 ,
3356 2067 3500 2134 quod
3540 2064 3709 2118 Mattio

2124 2149 2258 2204 chaai
2314 2159 2368 2205 et
2428 2151 2723 2206 Donatista:
2794 2151 2986 2207 utlimo
3043 2154 3308 2222 supplicio
3366 2154 3703 2222 afﬁciantur,

2123 2238 2286 2320 [bona
2320 2239 2582 2315 ipsorum]
2630 2244 3012 2312 publicentur,
3061 2254 3438 2300 testamenttnn
3482 2263 3586 2302 non
3621 2247 3706 2302 fa-

2122 2321 2296 2400 ciant,
2325 2334 2475 2390 nullo
2519 2339 2678 2391 modo
2717 2337 3065 2401 contrahant,
3105 2336 3306 2392 liberos
3335 2339 3380 2393 si
3419 2340 3705 2396 orthodoxi

2121 2440 2228 2480 non
2268 2426 2381 2480 sint
2412 2427 2654 2482 haeredes
2685 2443 2792 2482 non
2831 2429 3086 2496 habeant,
3123 2440 3246 2499 post
3278 2440 3507 2485 mortem
3543 2447 3705 2488 accu-

2120 2526 2331 2583 sentur,
2379 2527 2434 2571 et
2481 2519 2718 2588 ipsorum
2765 2526 3088 2574 testamenta
3143 2520 3298 2574 irrita
3353 2522 3461 2575 sint
3501 2539 3514 2574 :
3561 2523 3703 2590 (μιυά

2124 2608 2393 2682 [insuper]
2429 2603 2498 2665 ab
2528 2609 2752 2665 urbibus
2791 2609 3080 2681 ejiciantur
3109 2629 3123 2666 :
3163 2612 3306 2680 quod
3332 2613 3476 2668 aedes
3504 2613 3555 2667 in
3580 2614 3702 2683 qui-

2119 2702 2220 2757 bus
2253 2703 2492 2757 haeretici
2517 2717 2790 2758 consensu
2820 2703 3021 2758 domini
3062 2715 3484 2774 congregantur,
3521 2706 3701 2762 Eccle-

2119 2792 2217 2848 siis
2255 2795 2618 2864 applicentur.
2655 2794 2809 2861 Item,
2839 2795 2981 2862 quod
3015 2811 3043 2848 a
3072 2795 3359 2850 curialium
3385 2805 3480 2851 aut
3502 2797 3702 2852 cohor-

2119 2883 2307 2938 talium
2353 2885 2541 2940 ciliciis
2609 2901 2715 2940 non
2781 2885 3104 2941 liberentur.
3162 2886 3334 2953 Item,
3393 2888 3537 2957 quod
3589 2906 3697 2944 non

2120 2984 2440 3031 construant
2476 2977 2835 3041 monasteria,
2873 2993 3049 3048 neque
3087 2979 3344 3033 militent.
3377 2981 3530 3046 Item,
3567 2995 3702 3050 quo-

433 3087 578 3142 μιυς·
611 3071 706 3125 καὶ
735 3071 816 3124 ὅτι
854 3072 913 3124 οὺ
941 3071 1183 3140 γίνονται
1218 3071 1601 3144 ἀξιωματικοί,
1629 3074 1662 3145 ῆ
1699 3077 2009 3149 συνήγοροι,

2122 3067 2283 3121 modo
2323 3068 2414 3136 qui
2453 3069 2717 3123 adversus
2751 3076 3102 3124 sacrosancta
3137 3069 3372 3124 concilia
3415 3071 3697 3126 scribunt.

428 3165 462 3234 ἢ
497 3163 774 3235 ἔκδικοι,ῆ
815 3164 1050 3236 πατέρες
1085 3163 1315 3232 πόλεων,
1338 3165 1577 3233 γίνονται
1611 3167 1665 3220 δὲ
1686 3171 2008 3239 κορτελῖνοι·

429 3254 523 3308 καὶ
553 3255 670 3317 πῶς
688 3255 1087 3322 ἀναγκάζονται
1116 3257 1243 3320 τοὺς
1272 3256 1470 3320 παῖδας
1517 3256 1829 3327 ὀρθοδόξους
1848 3261 2009 3325 ὄντας

427 3345 684 3415 τρέφειν,
747 3345 842 3399 καὶ
891 3345 1126 3415 γράφειν
1191 3347 1598 3419 κληρονόμους,
1657 3349 1754 3401 καὶ
1812 3350 2011 3404 διδόναι

427 3437 613 3498 αὐτοῖς
670 3439 893 3506 προῖκα,
931 3438 1026 3489 καὶ
1062 3437 1168 3508 πρὸ
1191 3438 1371 3507 γάμου
1405 3439 1634 3509 δωρεάς·
1668 3441 1760 3492 καὶ
1785 3441 1864 3494 ὄτι
1898 3441 2005 3494 τῶν

427 3527 629 3595 γονέων
671 3528 1157 3598 ἀμφισϐητούντων
1190 3571 1205 3595 ,
1261 3530 1718 3602 ὲπικρατέστερός
1773 3535 1922 3586 ἐστιν
1971 3534 2000 3587 ό

429 3616 599 3668 θέλων
630 3619 696 3685 τῇ
730 3617 1009 3687 ὀρίέοδοξία
1055 3619 1180 3680 τοὺς
1236 3619 1433 3683 παῖδας
1465 3625 1858 3690 προσαγαγεῖν,
1911 3625 2006 3676 καὶ

426 3706 509 3760 ὅτι
535 3708 584 3760 οἱ
613 3709 880 3778 ὀρθόδοξοι
923 3710 1113 3771 παῖδες
1172 3710 1622 3781 πλημμελοῦντες
1679 3715 1760 3776 είς
1796 3717 2004 3786 αἱρετι-

426 3799 556 3861 κοὺς
576 3800 755 3866 γονεῖς
785 3797 1199 3875 τιμωροῦνται·
1239 3800 1335 3854 καὶ
1363 3801 1443 3854 ὅτι
1495 3800 1618 3855 οὕτε
1647 3803 2004 3874 βαπτίζουσιν

426 3888 477 3941 οἱ
501 3890 784 3960 αἰρετικοὶ,
822 3889 946 3944 οὔτε
977 3890 1352 3961 φροντίζουσιν
1379 3891 1698 3962 ἢδιοικοῦσι
1732 3895 1905 3965 χωρία
1935 3895 2004 3948 δι’

426 3979 634 4034 ἑαυτῶν
656 3981 688 4053 ἢ
719 3983 1086 4054 παρενθέτων,
1115 3981 1238 4036 οὔτε
1262 3983 1630 4050 παιδεύουσιν,
1649 3985 1770 4039 οὔτε
1806 3987 2002 4057 κληρο-

425 4073 703 4144 νομοῦσιν,
768 4073 892 4128 οὔτε
931 4075 1414 4146 πραγματεύονται
1446 4078 1596 4140 ἐντὸς
1637 4077 1800 4149 ιερῶν
1839 4095 1998 4148 περι-

425 4164 629 4217 ϐόλων·
661 4164 758 4217 καὶ
809 4166 891 4218 ὅτι
940 4168 1000 4218 ὲν
1027 4166 1366 4238 δικαστηρίῳ
1387 4169 1448 4221 οὐ
1480 4168 2001 4239 καταμαρτυροῦσιν

423 4251 728 4324 δρθοδόξου,
757 4255 804 4307 εί
841 4255 914 4325 μὴ
945 4258 1026 4319 εἰς
1062 4255 1442 4329 βουλευτήριον
1463 4258 1740 4326 ὀροόδοξος
1768 4258 1996 4312 ἕλκοιτο·

423 4344 500 4407 ὡς
530 4344 669 4400 διάτ.
707 4345 751 4416 β’
775 4346 868 4399 τοῦ
892 4344 943 4417 η’
969 4346 1074 4402 τίτ.
1114 4347 1223 4400 τῶν
1248 4348 1499 4420 Νεαρῶν,
1541 4347 1655 4402 ἐστι
1682 4350 1738 4403 δὲ
1766 4349 1999 4420 ἀριθμοῦ

2115 3171 2209 3216 aut
2252 3161 2404 3235 [talia
2453 3161 2682 3236 scripta]
2744 3163 2948 3219 habent
2997 3164 3080 3218 vel
3129 3164 3334 3234 legunt,
3380 3166 3697 3233 puniantur.

2113 3253 2273 3320 Item,
2299 3257 2442 3324 quod
2481 3256 2716 3320 legitime
2754 3255 3108 3324 sepeliantur.
3154 3255 3315 3322 Item,
3342 3258 3486 3326 quod
3518 3258 3694 3312 hono-

2113 3362 2200 3401 res
2231 3362 2338 3400 non
2370 3354 2799 3415 consequantur,
2829 3361 3006 3415 neque
3037 3347 3249 3416 patroni
3277 3362 3566 3401 causarum
3602 3358 3698 3402 aut

2113 3435 2433 3491 defensores
2455 3479 2471 3503 ,
2516 3446 2612 3491 aut
2643 3436 2924 3491 civitatum
2961 3446 3180 3504 patres,
3215 3437 3307 3491 sed
3341 3435 3479 3491 viles
3505 3444 3560 3491 et
3598 3437 3695 3492 ab-

2108 3528 2239 3598 jecti
2275 3528 2424 3581 fiant.
2463 3525 2595 3582 Item
2628 3527 2904 3596 quomodo
2936 3526 3136 3582 liberos
3176 3527 3513 3582 orthodoxos
3549 3527 3696 3582 alere

2109 3633 2173 3672 ac
2203 3617 2446 3672 hmredes
2477 3617 2736 3682 scribere,
2773 3617 3018 3687 ipsisque
3051 3617 3232 3670 dctem
3264 3623 3319 3670 et
3341 3617 3688 3672 donationem

2108 3718 2330 3781 prOpter
2357 3710 2576 3777 nuptias
2617 3711 2748 3763 dare
2775 3707 3191 3778 compellantur.
3221 3707 3374 3773 Item,
3400 3709 3544 3776 quod
3575 3706 3690 3779 [ex]

2109 3801 2427 3872 parentibus
2461 3799 2632 3872 [inter
2676 3796 2759 3871 se]
2807 3797 3262 3853 contendentibus
3291 3797 3340 3852 is
3375 3798 3690 3866 prtevaleat,

2107 3891 2198 3962 qui
2258 3891 2459 3946 liberos
2500 3890 2566 3944 ad
2621 3889 2980 3943 orthodoxam
3031 3888 3191 3943 ﬁdem
3243 3887 3514 3943 adducere
3553 3890 3690 3942 vu't.

2108 3981 2238 4036 Item
2264 4021 2279 4046 ,
2311 3980 2455 4050 quod
2503 3980 2663 4034 liberi
2714 3978 3041 4044 orthodoxi,
3085 3978 3295 4045 siquid
3346 3979 3400 4033 in
3436 3987 3690 4047 parentes

2107 4073 2391 4128 haareticos
2421 4071 2778 4142 delinquant,
2809 4070 3132 4141 puniantur.
3165 4070 3295 4125 Item
3327 4071 3473 4141 quod
3516 4071 3688 4126 haere-

2104 4166 2196 4220 tici
2229 4181 2337 4219 non
2362 4165 2658 4232 baptizent,
2693 4178 2865 4234 neque
2897 4179 2992 4234 per
3019 4179 3079 4218 se
3110 4164 3194 4218 vel
3224 4163 3368 4218 inter
3395 4161 3560 4234 384
3591 4178 3688 4231 po-

2105 4257 2238 4312 sitas
2272 4254 2585 4328 [personas]
2619 4257 2871 4323 regiones
2909 4265 3102 4310 curent
3134 4263 3229 4309 aut
3278 4255 3681 4319 administrent,

2106 4362 2282 4414 neque
2313 4346 2582 4409 doceant,
2617 4361 2793 4414 neque
2830 4346 3072 4401 hazredes
3113 4345 3277 4408 ﬁant,
3323 4359 3496 4411 neque
3541 4344 3679 4397 intra

423 4435 534 4488 τῶν
557 4436 693 4490 ὅλων
725 4442 811 4508 μβ·
833 4455 848 4468 ·
875 4440 932 4492 ὲν
961 4439 1017 4491 δὲ
1050 4439 1390 4504 τελευταίαις
1424 4442 1709 4512 βουλήσεσι
1741 4443 1836 4495 καὶ
1861 4461 1923 4494 συ
1935 4461 1997 4512 μ-

2114 4451 2258 4492 sacra
2313 4446 2464 4506 septa
2516 4437 2886 4507 negocientur.
2937 4435 3070 4490 Item
3101 4475 3117 4498 ,
3170 4435 3314 4504 quod
3369 4433 3421 4486 in
3477 4433 3680 4502 indicio

425 4529 663 4593 ϐουλίαις
693 4531 1084 4600 μαρτυροῦσιν.
1110 4530 1408 4598 Ἀνάγνωθι
1435 4533 1502 4584 τά
1533 4533 1999 4604 παραγεγραμμέ-

423 4636 489 4672 να
508 4621 566 4672 ὲν
593 4620 671 4687 τῷ
697 4626 746 4691 η’
777 4637 904 4688 κεφ.
935 4621 1028 4672 τοῦ
1055 4619 1084 4672 ι’
1119 4623 1224 4675 τίτ.
1256 4621 1350 4674 τοῦ
1382 4621 1651 4693 παρόντος
1686 4626 1996 4694 συντάγμα-

421 4727 514 4774 τος
536 4729 552 4744 ·
591 4715 719 4780 περὶ
753 4713 809 4764 δὲ
845 4711 1112 4766 Ἰουδαίων
1145 4713 1505 4784 διαλαμϐάνει
1527 4717 1554 4768 ό
1577 4715 1620 4767 0'
1652 4716 1758 4770 τίτ.
1799 4717 1893 4770 τοῦ
1942 4717 1990 4770 α’

425 4798 566 4868 βιὸλ.
598 4799 690 4851 τοῦ
721 4799 867 4854 Κώδ.
901 4802 958 4853 ὲν
987 4794 1031 4868 ᾧ
1054 4803 1147 4854 καὶ
1172 4802 1273 4865 τὰς
1305 4805 1626 4871 συναγωγάς
1650 4806 1828 4858 αὐτῶν
1848 4806 1997 4874 λέγει

425 4889 501 4960 μὴ
528 4889 935 4960 μιτατεύεσθαι,
995 4895 1130 4961 μήτε
1159 4894 1357 4956 αὐτοὺς
1386 4896 1443 4947 ἐν
1480 4898 1590 4958 τοῖς
1617 4897 1888 4950 Σάξὸασιν
1961 4897 1994 4968 ἢ

421 4981 482 5029 ὲν
518 4980 638 5041 ταῖς
666 4981 876 5049 ἑορταῖς
900 4981 1080 5034 αὐτῶν
1113 4984 1444 5052 σωματικῶς
1470 4985 1834 5056 λειτουργεῖν·
1870 4985 1994 5040 οὔτε

421 5067 726 5135 ὲνάγονται,
764 5067 886 5120 οὔτε
903 5070 1054 5138 παρᾶ
1082 5070 1189 5122 τῶν
1211 5072 1551 5141 Χριστιανῶν
1575 5073 1993 5143 ὲπηρεάζονται,

420 5157 541 5211 οὔτε
603 5159 839 5228 γαμοῦσι
882 5160 1233 5231 Χριστιανάς,
1285 5164 1379 5215 καὶ
1425 5163 1506 5216 ὅτι
1566 5165 1722 5218 αὐτοὶ
1769 5165 1838 5218 τά
1887 5165 1994 5219 ἴδια

421 5249 845 5320 ἀγορανομοῦσι,
890 5251 984 5304 καὶ
1045 5251 1125 5304 ὅτι
1177 5252 1271 5304 ἐπὶ
1331 5254 1440 5305 τῶν
1469 5254 1666 5325 γάμων
1705 5255 1766 5308 οὐ
1797 5256 1996 5324 φυλάτ-

420 5355 572 5392 τουσι
598 5343 685 5392 τὸν
716 5341 880 5411 νόμον
911 5342 1108 5407 αὐτῶν,
1144 5343 1240 5396 καὶ
1272 5345 1355 5398 ὅτι
1383 5348 1474 5399 ἐπὶ
1509 5347 1689 5416 μόνοις
1715 5366 1990 5418 χρηματι-

420 5428 535 5495 κδὶς
556 5432 812 5494 δικαστὰς
854 5434 1138 5498 Ἰουδαιοὺς
1158 5436 1430 5501 αἱρεῖσθαι
1461 5437 1716 5491 δύνανται
1741 5458 1752 5470 ·
1792 5441 1886 5492 καὶ
1910 5442 1992 5494 ὅτι

415 5523 508 5576 τὸν
541 5527 933 5594 στεφανητικὸν
965 5525 1164 5577 κανόνα
1215 5527 1262 5578 οί
1291 5525 1506 5598 ἕξαρχοι
1552 5531 1731 5582 αὐτῶν
1782 5531 1992 5584 ἰδιοκιν-

416 5615 588 5679 ὃύνως
619 5616 897 5683 εἰσάγουσι
945 5619 1065 5681 ταῖς
1093 5616 1419 5689 λαργιτιόσι,
1456 5621 1549 5672 καὶ
1591 5622 1676 5673 ὅτι
1711 5623 1860 5675 οὐδὲν
1891 5625 1988 5678 αὐ-

415 5707 542 5769 τοὺς
576 5706 658 5760 δεῖ
681 5709 885 5779 τολμᾷν
914 5710 1055 5764 κατὰ
1089 5707 1448 5777 Χριστιανῶν.

2103 4529 2364 4582 adversus
2394 4528 2756 4582 orthodoxam
2788 4529 3158 4581 testimonium
3189 4541 3298 4580 non
3332 4525 3532 4589 dicant,
3569 4526 3674 4578 nisi

2099 4619 2144 4674 si
2180 4618 2233 4672 in
2267 4619 2476 4672 curiam
2518 4618 2858 4672 orthodoxus
2886 4617 3236 4687 protrahatur
3272 4631 3286 4670 :
3323 4623 3375 4670 ut
3407 4625 3582 4670 const.
3617 4616 3670 4680 2,

2102 4710 2184 4764 tit.
2216 4710 2249 4764 8
2281 4709 2648 4774 Novellarum,
2679 4724 2800 4777 quae
2833 4710 2884 4762 in
2932 4707 3322 4779 [Novellarum]
3352 4722 3580 4776 corpore
3603 4708 3674 4761 42

2098 4809 2201 4865 est,
2238 4798 2476 4872 [tradit.]
2518 4801 2577 4854 In
2617 4801 2820 4855 ultimis
2849 4811 3030 4855 autem
3058 4800 3423 4853 voluntatibus
3451 4807 3506 4853 et
3537 4814 3673 4853 con-

2100 4892 2362 4947 tractibus
2411 4901 2576 4947 testes
2622 4892 2752 4945 sint.
2798 4889 2941 4961 Lege
2966 4905 3085 4958 quae
3135 4890 3388 4944 adnotata
3441 4900 3566 4944 Sttnl
3616 4890 3669 4943 in

2095 4998 2214 5051 cap.
2243 4983 2297 5045 8,
2329 4983 2412 5037 tit.
2457 4983 2523 5037 I0
2549 4983 2830 5052 praesentis
2849 4986 3052 5054 operis.
3080 4983 3348 5039 Caeterum
3375 4984 3441 5037 de
3465 4981 3670 5036 Iudaeis

2096 5074 2177 5128 tit.
2207 5074 2261 5139 9,
2294 5073 2387 5128 lib.
2421 5089 2435 5127 ι
2469 5073 2591 5128 cod.
2627 5083 2844 5139 tractat,
2880 5075 2933 5129 in
2962 5091 3070 5144 quo
3093 5076 3313 5139 dicitur,
3351 5072 3670 5144 Synagogas

2096 5165 2336 5235 ipsorum
2371 5164 2592 5232 hospitii
2628 5165 3024 5219 immunitatem
3062 5165 3282 5232 habere,
3312 5179 3486 5233 neque
3521 5165 3666 5229 ipsus

2094 5257 2147 5311 in
2186 5256 2438 5311 Sabbatis
2469 5266 2562 5310 aut
2590 5256 2746 5312 feSIis
2775 5259 2891 5312 suis
2922 5258 3279 5326 corporaliter
3309 5257 3546 5322 eperat-i,
3570 5271 3666 5310 non

2093 5361 2199 5416 que
2232 5347 2284 5400 in
2310 5347 2398 5415 jus
2422 5349 2628 5411 vocari,
2651 5363 2826 5416 neque
2856 5365 2886 5403 a
2914 5349 3244 5404 Christianis
3261 5348 3462 5402 vexari.
3486 5345 3661 5420 [Item.

2092 5439 2237 5510 quod
2275 5438 2444 5493 .Iudzei
2483 5439 2762 5512 mulieres]
2803 5441 3148 5497 Christianas
3171 5443 3224 5496 in
3255 5439 3663 5494 matrimonium

2093 5547 2200 5584 non
2229 5530 2521 5600 accipiant.
2550 5530 2705 5598 Item,
2744 5534 2887 5603 quod
2926 5535 3026 5604 ipsi
3061 5549 3243 5590 rerum
3285 5547 3506 5587 suarum
3542 5545 3661 5598 pre-

2093 5624 2164 5677 tia
2196 5630 2468 5677 statuant.‘
2487 5621 2638 5690 Item,
2664 5627 2806 5696 quod
2833 5627 2884 5680 in
2907 5628 3240 5698 pecuniariis
3271 5622 3496 5697 [causis]
3521 5623 3662 5676 dun-

2099 5726 2247 5770 taxat
2294 5719 2768 5785 privatosjudiccs
2808 5723 3007 5784 eligere
3051 5724 3282 5786 possint.
3324 5719 3476 5781 Item,
3514 5720 3662 5780 quod
