4156 6480
525 235 625 303 871
1629 223 1889 286 ΡΗΟΤΙΙ
1930 220 2166 281 PATRI.

2172 220 2435 279 ARCII/E
2469 223 2579 283 CP.
3707 228 3813 291 872

514 348 780 419 primates
830 343 1073 412 ipsorum
1120 354 1222 395 suo
1266 336 1507 410 periculo
1555 334 1674 389 auri
1727 328 2002 388 coronarii
2056 340 2324 383 canonem
2357 328 2742 401 largitionibus
2780 330 3038 390 inferant.
3090 333 3260 402 item,
3307 337 3455 407 quod
3514 335 3814 393 adversum

512 438 857 494 Christianos
890 432 1029 487 nihil
1062 432 1184 486 illos
1220 432 1422 486 audere
1448 434 1720 499 oporteat.

585 546 743 604 CAP.
770 544 857 602 Ill.
887 573 960 588 -ο
984 543 1063 599 De
1092 543 1243 598 libris
1274 543 1662 598 Itwreticorum.
2133 510 2183 572 Α

2133 510 2183 572 Α
2279 537 2530 593 ΚΕΦΑΛ.
2564 540 2727 593 1".--
2756 542 2895 610 Περὶ
2943 543 3202 607 βιϐλίων
3248 541 3596 611 αιρετικῶν.

970 668 1342 738 Apostolorum
1372 682 1542 720 canon
1569 663 1661 721 ϐο.

2643 668 3021 721 Ἀποστόλων
3048 667 3250 722 κανὼν
3282 666 3344 733 ξ’.

590 782 659 838 60
690 781 831 854 [59.]
855 780 911 836 Si
931 781 1053 851 quis
1076 780 1214 835 l‘also
1242 778 1555 848 inscriptos,
1584 786 1718 841 etc.,
1740 784 1798 829 ut
1828 792 1950 846 pag.
1977 772 2103 830 590.

1740 784 1798 829 ut
1828 792 1950 846 pag.
1977 772 2103 830 590-
2279 778 2343 847 ξ’.
2373 781 2441 835 Εἴ
2459 798 2544 845 τις
2572 781 2641 834 τὰ
2662 781 3083 853 ψευδεπίγραφα
3102 822 3116 847 ,
3154 799 3209 835 κ.
3241 798 3291 834 τ.
3322 780 3371 834 λ.

897 897 1123 954 Concilii
1150 895 1361 950 Nictem'
1391 911 1428 949 ll
1465 912 1631 949 canon
1663 895 1715 949 9.
2473 900 2538 950 Σι

2473 897 2743 951 Συνόδου
2769 898 3014 964 Νικαίας
3049 897 3111 951 τὸ
3139 896 3204 967 β’,
3238 897 3437 951 κανὼν
3469 895 3541 951 θ’.

593 1014 744 1081 Quod
770 1029 872 1068 non
899 1020 1133 1081 aporleat
1168 1009 1329 1063 libros
1355 1008 1727 1063 hereticorum
1762 1005 1954 1060 celare.

2283 1011 2420 1076 Περὶ
2438 1009 2545 1063 τοῦ
2566 1009 2651 1077 μὴ
2677 1011 2960 1079 κρύπτειν
2986 1010 3119 1064 τινὰ
3151 1010 3263 1079 τῆς
3289 1024 3812 1079 χριστιανοκατη-

2208 1100 2455 1170 γορικῆς
2484 1102 2770 1170 αἱρέσεως
2801 1103 3067 1167 βιϐλίον.

590 1233 680 1288 69.
709 1231 942 1287 Puerilia
970 1230 1153 1285 omnia
1184 1227 1446 1295 ludibria,
1491 1224 1809 1294 furiosaque
1841 1239 1906 1279 ac
1944 1224 2100 1278 insa-

2282 1228 2377 1292 ξθ’.
2414 1227 2600 1281 Πάντα
2628 1226 2696 1281 τὰ
2731 1228 3065 1299 μειρακιώδη
3094 1228 3406 1298 ἀθύρματα,
3439 1228 3541 1282 καὶ
3564 1227 3812 1299 μανιώδη

522 1339 590 1379 na
632 1325 775 1380 dicta
800 1332 855 1379 et
885 1324 1109 1394 scripta,
1136 1337 1256 1393 quae
1279 1320 1545 1376 adversus
1582 1325 1806 1371 sanctas
1838 1315 2105 1385 imagines

2212 1320 2569 1392 βακχεύματα
2609 1322 2677 1376 τὰ
2721 1308 3297 1392 ψευδοσυγγράμματα
3367 1325 3436 1374 τὰ
3489 1322 3641 1375 κατὰ
3704 1322 3813 1375 τῶν

521 1414 665 1470 edita
696 1423 842 1477 sunt,
875 1422 1092 1485 oportet
1139 1412 1258 1468 dari
1293 1412 1551 1482 episcopo
1600 1407 2105 1478 Constantinopoli-

2212 1414 2425 1467 σεπτῶν
2485 1414 2709 1467 εἰκόνων
2760 1414 3052 1484 γενόμενα,
3080 1414 3199 1467 δέον
3241 1412 3459 1483 δοθῆναι
3484 1414 3547 1465 ἐν
3576 1412 3659 1483 τῷ
3688 1414 3813 1466 επι-

526 1518 677 1571 Iann,
725 1506 887 1578 385
919 1516 976 1561 ut
1007 1521 1132 1561 cum
1176 1504 1399 1573 reliquis
1438 1501 1595 1557 libris
1645 1500 1918 1555 hml‘eiiCiS
1947 1512 2106 1568 νθροο
2212 1505 2451 1575 σκοπείῳ
2510 1506 3157 1572 Κωνσταντινουπόλεως,
3187 1506 3273 1559 ἵνα
3319 1506 3639 1560 ἀποτεθῶσι
3670 1506 3812 1576 μετά

524 1612 744 1655 nantur.
786 1598 842 1653 Si
875 1598 999 1668 quis
1026 1606 1208 1652 autem
1238 1596 1354 1650 haec
1408 1594 1587 1649 celare
1634 1593 1890 1647 inventus
1920 1591 2105 1655 fuerit,

2209 1598 2317 1655 τῶν
2368 1599 2570 1652 λοιπῶν
2600 1598 2889 1670 αίρετικῶν
2951 1597 3209 1667 βιϐλίων·
3261 1599 3310 1650 εί
3338 1598 3394 1651 δέ
3418 1615 3507 1660 τις
3551 1597 3812 1669 εὑρεθείη

523 1690 570 1745 si
606 1690 677 1745 sit
705 1688 922 1759 quidem
963 1701 1274 1757 episcopus,
1311 1686 1394 1739 vel
1444 1684 1750 1755 presbyter,
1798 1683 1881 1738 vel
1926 1682 2111 1736 diaco-

2209 1690 2381 1743 ταῦτα
2430 1689 2712 1761 κρύπτων,
2742 1691 2789 1742 εί
2818 1690 2915 1760 μὲν
2966 1689 3282 1754 ἐπίσκοπος,
3317 1688 3349 1759 ἢ
3396 1689 3807 1760 πρεσϐύτερος⁹

522 1797 650 1847 nus,
696 1781 1045 1849 deponatur:
1097 1778 1184 1833 sin
1229 1786 1410 1833 autem
1452 1776 1625 1832 laicus
1655 1775 1740 1831 vel
1787 1773 2106 1841 monachus,

2210 1782 2243 1852 ἢ
2268 1781 2514 1843 διάκονος
2536 1782 2641 1852 είη,
2673 1780 3042 1853 καθαιρείσθω
3066 1798 3080 1812 ’
3117 1780 3238 1835 εἰδὲ
3265 1780 3449 1844 λαῖκὺς
3472 1781 3508 1851 ἢ
3544 1781 3809 1850 μοναχδς,

525 1884 863 1944 segregetur.
2148 1872 2187 1926 Β
2218 1872 2583 1944 ἀφοριξέσθω.

594 1983 812 2038 Textus.
861 1982 1051 2037 Const.
1096 1981 1152 2047 '5,
1189 1980 1273 2035 tit.
1319 1979 1371 2047 ‘l,
1428 1979 1525 2035 lib.
1555 1994 1598 2044 1,
1651 1977 1774 2034 cod.
1810 1977 1918 2032 ait:
1966 1975 2103 2030 Por-

2297 1986 2361 2038 Ἦ
2395 1984 2442 2053 γ’
2469 1986 2608 2040 διάτ.
2642 1984 2735 2040 τοῦ
2761 1985 2811 2039 α’
2842 1985 2943 2039 τίτ.
2981 1985 3073 2039 τοῦ
3116 1984 3164 2040 α’
3193 1984 3332 2056 βιϐλ.
3363 1984 3458 2038 τοῦ
3528 1985 3667 2039 κώδ.
3701 2001 3809 2056 φη-

525 2076 703 2148 phyrii
772 2075 1115 2143 aliorumque
1178 2073 1557 2127 hmreticorum
1628 2070 1891 2125 adversus
1942 2068 2107 2123 Chri-

2215 2094 2340 2130 σιν·
2379 2078 2461 2131 Τὰ
2518 2077 2662 2131 κατὰ
2721 2075 3064 2147 Χριστιανῶν
3097 2073 3406 2145 Πορφυρίου
3460 2074 3562 2128 καὶ
3632 2074 3807 2130 ἄλλων

524 2179 737 2225 sttanos
766 2168 891 2222 libri
926 2165 1349 2222 'comburuntor.
1386 2164 1525 2236 [Sic]
1562 2163 1799 2219 Nestorii
1827 2163 2023 2228 etiam,
2052 2168 2108 2214 et

2216 2169 2626 2239 συγγράμματα
2677 2167 3039 2231 καιέσθωσαν,
3100 2166 3295 2220 καὶτὰ
3324 2165 3655 2237 Νεστορίου,
3714 2165 3809 2219 καὶ

524 2263 840 2331 quicunque
869 2258 1089 2315 Nicaeno
1134 2258 1556 2329 Ephesinoque;
1596 2256 1869 2321 conciliis,
1901 2263 1953 2309 et
2008 2254 2105 2324 Cy-

2213 2260 2312 2313 ὅσα
2347 2259 2421 2330 μὴ
2458 2261 2742 2329 συμφωνεῖ
2790 2262 2909 2321 ταῖς
2944 2260 3001 2311 ὲν
3041 2258 3247 2327 Νικαίᾳ
3301 2258 3397 2310 καὶ
3428 2256 3648 2326 Ἐφέσῳ
3686 2274 3808 2309 συν-

523 2355 647 2409 rillo
678 2350 1012 2426 [episc0pos]
1048 2350 1443 2415 Alexandrino,
1479 2365 1715 2420 quormn
1747 2346 1908 2401 tidem
1940 2360 2107 2401 exce-

2212 2351 2374 2417 δδοις,
2424 2352 2520 2404 καὶ
2580 2350 2831 2421 Κυρίλλῳ
2882 2351 2961 2421 τῷ
3003 2349 3427 2420 Ἀλεξανδρείας,
3461 2341 3541 2402 ὧν
3581 2350 3685 2401 οὑκ
3725 2348 3808 2415 ἐξ·

523 2447 655 2502 dere
706 2461 815 2500 non
873 2446 1023 2510 licet,
1069 2459 1175 2497 non
1223 2451 1549 2497 consonant.
1583 2439 1688 2506 Qui
1746 2454 1879 2493 vero
1931 2438 2107 2492 dictos

2216 2459 2333 2495 εστι
2358 2442 2672 2513 παρεξιέναι
2703 2443 2801 2512 τὴν
2842 2441 3023 2495 πίστιν
3047 2457 3060 2472 °
3086 2443 3135 2494 οί
3163 2442 3218 2494 δὲ
3241 2440 3310 2494 τὰ
3326 2440 3593 2510 λεχθέντα
3627 2440 3806 2511 βιϐλία

525 2539 697 2594 libros
738 2538 938 2591 habent
970 2546 1026 2592 et
1082 2537 1290 2605 legunt,
1329 2534 1522 2587 ultimo
1550 2530 1820 2602 supplicio
1864 2529 2108 2584 alliciun-

2216 2534 2430 2602 ἔχοντες
2486 2534 2580 2587 καὶ
2618 2531 3105 2601 ἀναγινώσκοντες,
3131 2532 3374 2602 ἐσχάτως
3409 2529 3802 2601 τιμωροῦνται.

526 2640 637 2690 tur.
685 2630 791 2685 Tit.
834 2632 886 2693 4,
916 2629 1135 2686 constit.
1192 2629 1301 2682 10:
1360 2626 1465 2692 Qui
1516 2623 1887 2680 mathematici
1920 2636 2105 2676 coram

2220 2626 2339 2680 Τίτ.
2380 2626 2422 2677 δ’
2449 2625 2587 2679 διάτ.
2628 2630 2657 2677 ι’
2686 2639 2698 2652 ·
2729 2624 2790 2676 Oi
2818 2622 3191 2694 μαθηματικοὶ
3213 2621 3286 2693 μὴ
3314 2621 3566 2684 καίοντες
3583 2620 3676 2674 ἐπὶ
3700 2620 3804 2673 τῶν

526 2726 801 2794 episc0pis
859 2723 1029 2777 libros
1072 2736 1202 2776 suos
1237 2736 1341 2775 non
1380 2727 1757 2782 concremant,
1808 2730 1985 2784 neque
2041 2712 2108 2767 ad

2219 2717 2533 2771 ἐπισκόπων
2590 2716 2689 2780 τὰς
2742 2715 2955 2785 βίϐλους
3000 2713 3198 2780 αὑτῶν,
3262 2714 3357 2767 καὶ
3403 2701 3471 2782 τῇ
3528 2710 3800 2785 ὀρθοδοξίιι

528 2817 894 2874 orthodoxam
957 2816 1117 2870 ﬁdem
1174 2814 1483 2880 accedunt,
1536 2811 1797 2865 omnibus
1833 2807 2112 2879 pelluntur

2224 2814 2537 2880 προσιόντες
2556 2813 2734 2877 πάσης
2757 2806 3106 2863 ἀπωθοῦνται
3136 2806 3340 2869 πόλεως
3364 2823 3380 2837 ·
3415 2807 3802 2877 εὑρισκόμενοι

526 2910 873 2976 civitatibus;
910 2908 1113 2963 inventi
1143 2908 1525 2976 deportantur.
1568 2902 1674 2957 Tit.
1706 2903 1737 2956 5
1760 2941 1775 2966 ,
1813 2911 1993 2957 const.
2028 2899 2107 2954 5:

2218 2902 2274 2955 δὲ
2305 2904 2362 2955 ἐν
2387 2902 2589 2968 πόλεσι,
2630 2898 3138 2971 δεπορτατεύονται.
3172 2899 3291 2954 Τίτ.
3332 2905 3373 2951 ε’
3408 2898 3554 2954 διάτ.
3590 2899 3646 2962 ς’
3676 2917 3689 2931 ο
3726 2898 3802 2952 Τὰ

530 3004 663 3071 Quae
725 3002 1014 3058 Nestorius
1076 3002 1341 3057 adversus
1412 2998 1707 3055 concilium
1777 2996 2108 3065 Ephesinum

2220 2996 2502 3065 γραφέντα
2545 2992 2826 3065 Νεστορίῳ
2870 2991 3009 3045 κατὰ
3060 2992 3158 3062 τῆς
3203 2992 3260 3044 έν
3309 2991 3527 3061 Ἐφέσῳ
3591 2989 3801 3044 συνόδου

531 3095 755 3165 scripsit
798 3095 1002 3148 nemini
1047 3094 1268 3160 habere,
1312 3102 1406 3148 aut
1437 3092 1752 3148 describere
1795 3090 1961 3153 licet,
2016 3086 2109 3142 sed

2223 3090 2323 3141 οὑκ
2353 3088 2559 3155 ἔξεστιν
2581 3086 2742 3156 ἔχειν,
2765 3086 2797 3156 ἢ
2834 3085 3246 3154 ἀναγινώσκειν,
3273 3084 3304 3155 ἢ
3331 3082 3800 3155 μεταγράφεσθαι,

530 3187 774 3242 comburi
809 3185 1080 3257 [debent.]
1126 3186 1261 3240 Cum
1305 3194 1486 3239 autem
1515 3185 1581 3239 de
1625 3184 1729 3237 fide
1771 3183 2108 3251 disputatur,
2137 3195 2171 3257 ε

2159 3195 2181 3257 ]
2222 3179 2358 3232 ἀλλὰ
2414 3179 2691 3231 καίονται·
2725 3180 2782 3229 ὲν
2812 3176 2890 3248 τῷ
2939 3176 3124 3246 ζητεῖν
3158 3176 3337 3229 αὑτῶν
3390 3176 3524 3245 περὶ
3551 3176 3800 3239 πίστεως,

532 3295 641 3334 non
696 3286 781 3331 est
824 3279 1043 3332 illorum
1110 3278 1315 3331 mentio
1367 3276 1654 3330 facienda:
1712 3289 1885 3343 neque
1934 3268 2111 3343 [item]

2220 3270 2281 3322 οὑ
2315 3269 2395 3322 δεῖ
2429 3268 2609 3322 αὑτῶν
2662 3268 2995 3339 μεμνῆσθαιο
3038 3265 3160 3320 οὔτε
3192 3267 3273 3320 δεῖ
3299 3267 3505 3330 αὑτοὺς
3537 3267 3596 3319 ὲν
3618 3265 3800 3343 οίιρδὴτ

532 3372 646 3424 ιιΙΙο
668 3377 880 3440 privato
903 3378 1031 3425 sunt
1062 3368 1407 3438 suscipienda
1432 3367 1571 3421 loco.
1591 3366 1693 3432 Qui
1726 3367 1897 3435 legem
1932 3374 2114 3417 trans-

2224 3379 2353 3416 ποτε
2388 3362 2501 3433 ἰδίῳ
2550 3335 2699 3433 τύπω
2738 3335 2997 3433 δέχεσθαι
3020 3377 3033 3391 ο
3066 3361 3095 3413 6
3123 3360 3180 3414 δὲ
3212 3360 3575 3430 παραϐαίνων
3604 3359 3693 3414 τὸν
3723 3335 3801 3411 νόέ

535 3459 800 3529 greditur,
848 3456 990 3529 [ejus
1019 3456 1349 3529 substantia]
1392 3456 1722 3526 publieatur,
1775 3452 1947 3508 Porro
2001 3451 2111 3504 Ne—

2224 3470 2344 3522 μον,
2408 3453 2745 3524 δημεύεταιο
2802 3455 2863 3508 οὑ
2916 3453 3166 3521 λέγονται
3211 3452 3267 3505 δὲ
3313 3452 3360 3504 οξ
3418 3449 3799 3522 Νεστοριανοὶ,

536 3548 767 3603 storiani
801 3564 908 3603 non
957 3547 1258 3602 Christiani
1302 3554 1586 3609 vocantur,
1638 3544 1733 3598 sed
1779 3540 2110 3603 Nestoriani,

2220 3544 2556 3617 Χριστιανοὶ,
2595 3545 2729 3599 ἀλλὰ
2767 3541 3106 3616 Συμωνιανοί
3139 3561 3153 3576 ·
3210 3542 3399 3613 ῶσπερ
3428 3544 3476 3595 oi
3510 3541 3796 3614 Ἃρειανοὶ,

533 3640 993 3709 quemadmodum
1072 3638 1284 3703 Ariani,
1363 3636 1743 3707 Porphyriani.
1774 3634 1965 3689 Const.
2021 3631 2105 3685 8:

2222 3639 2608 3712 Πορφυριανοί.
2655 3639 2805 3692 Διάτ.
2839 3642 2908 3708 η’.
2967 3636 3158 3691 Οὑδενὶ
3196 3634 3371 3703 ἔξεστι
3418 3635 3568 3689 κατὰ
3596 3633 3697 3702 τῆς
3744 3632 3798 3685 ὲν

534 3731 681 3787 Nulli
710 3732 839 3786 licet
877 3740 1068 3787 contra
1102 3730 1603 3786 Chalcedonensem
1657 3727 1922 3798 synodum
1969 3723 2111 3780 scri-

2221 3737 2525 3807 Χαλκηδόνι
2556 3733 2775 3787 συνόδου
2799 3732 3032 3802 γράφειν
3057 3730 3090 3801 ἢ
3117 3727 3512 3798 ἀναγινώσκειν
3539 3728 3572 3797 ἢ
3598 3727 3797 3792 ὑπαγο-

535 3822 686 3887 bere,
722 3821 921 3892 legere,
952 3821 1183 3885 dictare,
1222 3828 1315 3874 aut
1345 3819 1514 3874 libros
1542 3818 1781 3872 habere:
1816 3814 2018 3884 alioqui
2054 3814 2107 3867 in

2224 3826 2401 3900 ρεύειν
2429 3825 2461 3897 ἢ
2492 3825 2636 3895 ἔχειν
2684 3822 3010 3894 γράμματα,
3073 3819 3196 3871 ἐπεὶ
3244 3817 3508 3889 διηνεκῶς
3542 3817 3797 3883 δεπορτας

535 3923 855 3987 perpetuum
887 3914 1221 3982 deportatur.
1265 3912 1367 3977 Qui
1413 3910 1677 3983 [aliquem
1721 3906 1963 3979 illorum]
2026 3907 2105 3962 di-

2219 3916 2467 3971 τεὺεταιο
2524 3917 2617 3970 καὶ
2638 3918 2665 3969 ὁ
2698 3912 3013 3985 προσελθὼν
3048 3912 3141 3964 ἐπὶ
3195 3909 3273 3980 τῷ
3311 3908 3530 3980 μαθεῖν,
3559 3906 3589 3960 ι’
3620 3906 3797 3974 λίτρας

536 4001 723 4056 scendi
762 4016 927 4057 causa
983 4002 1115 4062 adit.
1154 4002 1286 4055 lisco
1328 4001 1514 4055 decem
1556 3999 1723 4053 libras
1769 3996 1940 4069 [auri]
1993 3997 2109 4051 dat.

2220 4010 2404 4064 δίδωσι
2438 4008 2749 4080 τῶφίσκῳ·
2807 4004 2903 4059 καὶ⁸
2940 4007 2965 4057 6
2991 4003 3262 4058 διδάσκων
3305 3999 3373 4053 τὰ
3424 3996 3794 4067 κεκωλυμένα,

536 4093 641 4160 Qui
664 4109 796 4149 vero
832 4094 994 4147 vetita
1031 4094 1225 4158 docet,
1249 4109 1505 4163 supremo
1535 4093 1767 4146 allicilur
1816 4091 2108 4160 supplicio.

2224 4100 2466 4170 ἐσχάτως
2510 4102 2868 4169 τιμωρεῖται⁹
2903 4097 3080 4150 πάντα
3137 4095 3194 4148 δὲ
3263 4094 3334 4147 τὰ
3392 4092 3796 4161 συγγράμματα

534 4186 617 4240 Ad
662 4185 775 4239 haec
815 4201 1007 4240 omnes
1052 4186 1367 4256 Eutychetis
1421 4195 1584 4255 atque
1625 4183 1954 4254 Apollinaris
1988 4180 2113 4236 libri

2222 4192 2496 4263 Εὑτυχοῦς
2525 4191 2620 4245 καὶ
2660 4190 3055 4261 Ἀπολιναρίου,
3090 4187 3449 4240 καίεσθωσαν·
3478 4187 3528 4238 εί
3560 4181 3795 4238 δὲταῦτα

534 4288 971 4332 concremantor.
1010 4274 1165 4342 Quod
1209 4276 1254 4330 si
1297 4273 1751 4347 [provinciarum]
1807 4275 2115 4329 moderato-

2223 4284 2523 4355 παρίδωσιν
2542 4284 2592 4336 οἱ
2623 4282 2905 4353 ἄρχοντες,
2931 4282 2964 4351 ἢ
2994 4283 3049 4333 αἱ
3095 4280 3278 4344 τάξεις
3340 4279 3547 4343 αὑτῶν,
3574 4277 3606 4348 ἢ
3634 4278 3681 4329 οἱ
3709 4273 3795 4326 ἐκ·

534 4382 646 4432 res,
688 4381 990 4436 eorumque
1036 4366 1398 4435 apparitores,
1450 4375 1504 4419 et
1540 4362 1875 4437 [civitatum]
1919 4362 2110 4418 del‘en-

2219 4376 2381 4441 δικοι,
2442 4374 2550 4429 ἀπὸ
2594 4374 2726 4428 δέκα
2770 4372 2971 4442 λιτρῶν
3012 4370 3089 4442 τῷ
3140 4371 3319 4439 φίσκῳ
3366 4366 3791 4439 προστιμῶνται.

533 4473 687 4512 snrcs
717 4473 825 4511 non
851 4456 1283 4522 obscrvaverint,
1311 4457 1363 4510 in
1382 4457 1550 4511 denas
1580 4457 1748 4510 libras
1780 4454 1945 4527 [auri]
1977 4457 2111 4509 lisco

2223 4468 2374 4523 Διάτ.
2392 4474 2466 4534 ις’
2490 4484 2505 4500 ⁸
2525 4467 2583 4521 '0
2604 4467 2742 4537 ἔχων
2764 4466 2945 4536 βιϐλία
2970 4463 3305 4534 Μανιχαῖκὰ,
3329 4462 3422 4515 κα)⁸
3447 4461 3521 4531 μὴ
3551 4454 3792 4530 φανερῶν

535 4548 859 4601 multantur.
905 4545 1142 4602 Constit.
1192 4547 1300 4601 16:
1337 4548 1438 4612 Qui
1471 4546 1893 4601 Manichaeorum
1939 4546 2110 4600 libros
2141 4539 2176 4596 Ι]

2145 4539 2190 4596 D
2219 4562 2358 4615 αὑτὰ
2413 4562 2506 4615 ἐπὶ
2533 4559 2610 4631 τῷ
2639 4558 2909 4630 καυθῆναι
2936 4595 2952 4621 ,
3004 4557 3346 4627 τιμωρεῖται.
3376 4554 3482 4608 Καὶ
3518 4555 3553 4624 ή
3588 4558 3626 4605 ε’
3656 4548 3786 4602 διάτ.

536 4639 718 4704 habet,
762 4654 939 4709 neque
976 4640 1031 4693 in
1060 4640 1403 4709 propatulum
1434 4639 1641 4710 profert
1666 4648 1725 4693 ut
1749 4654 2109 4695 concremen-

2220 4652 2315 4708 τοῦ
2362 4659 2411 4706 α’
2446 4652 2554 4706 τίτ.
2606 4650 2716 4705 τῶν
2748 4648 2978 4721 Νεαρῶν
3034 4646 3245 4701 κελεύει
3292 4647 3419 4704 τοὺς
3460 4645 3681 4715 ἔχοντας
3726 4635 3790 4690 τὰ

538 4740 647 4796 tur,
678 4730 921 4798 punitur.
968 4729 1037 4783 Et
1065 4740 1245 4785 const.
1274 4731 1308 4786 5
1329 4769 1345 4796 ,
1387 4732 1470 4786 tit.
1502 4732 1528 4784 l
1584 4729 1957 4797 Novellarum,
2020 4746 2114 4786 eos

2221 4741 2461 4811 Σεϐήρου
2494 4739 2903 4811 συγγράμματα
2944 4738 3039 4791 καὶ
3080 4737 3155 4807 μὴ
3186 4736 3443 4798 καίοντας
3472 4733 3632 4794 αὐτὰ,
3680 4742 3787 4799 χει·

536 4820 631 4891 qui
661 4820 846 4875 Severi
900 4821 1105 4890 scripta
1158 4822 1389 4885 habent,
1431 4823 1598 4893 386
1634 4839 1732 4878 nec
1757 4824 2111 4889 comburunt,

2227 4830 2647 4902 ροκοποιεῖσθαι.
2687 4831 2848 4899 Λέγει
2877 4829 2933 4883 δὲ
2960 4828 3053 4883 καὶ
3086 4827 3225 4897 βιϐλ.
3261 4834 3292 4880 ι’
3321 4827 3427 4879 τίτ.
3463 4825 3529 4895 β’,
3560 4822 3696 4876 διάτ.
3723 4819 3782 4883 δ’,

538 4913 797 4969 manibus
835 4915 1077 4968 mutilari
1103 4915 1281 4985 jubet.
1304 4915 1447 4969 Dicit
1472 4932 1601 4970 vero
1628 4917 1792 4971 etiam
1822 4917 1916 4971 lib.
1944 4932 1998 4983 x,
2027 4917 2111 4971 tit.

2221 4924 2408 4990 ὅτι,οὑ
2438 4921 2770 4994 διαιροῦνται
2808 4921 3011 4993 μεταξὺ
3041 4920 3148 4974 τῶν
3168 4918 3521 4988 κληρονόμων
3548 4916 3616 4967 τὰ
3644 4914 3699 4964 ἐν
3722 4908 3781 4977 τῇ

539 5005 813 5075 2,digest.
850 5007 920 5061 λίς
960 5006 1108 5062 Inter
1152 5007 1395 5063 hatredes
1428 5023 1535 5062 non
1561 5009 1881 5063 dividuntur
1913 5009 2114 5079 reperti

2223 5016 2559 5086 κληρονομίᾳ
2593 5014 2882 5084 εὑρεθέντα
2940 5011 3152 5083 μαγικὰ
3210 5011 3392 5081 βιϐλία
3418 5050 3432 5074 ,
3478 5008 3611 5062 ἀλλὰ
3646 5004 3782 5086 δοκιέ

540 5099 595 5152 in
654 5098 966 5154 haereditate
1036 5100 1234 5169 magici
1292 5100 1436 5165 libri,
1492 5102 1585 5156 sed
1636 5103 1866 5157 arbitrio
1911 5102 2116 5172 judicis

2228 5084 2398 5177 paci;
2425 5084 2545 5159 τοῦθ
2570 5104 2823 5158 δικαστοῦ
2856 5103 3188 5174 φθείρονται.
3232 5101 3295 5155 Ἦ
3311 5101 3367 5153 δὲ
3398 5099 3593 5153 ε’διὰτ.
3626 5093 3714 5148 τοῦ
3738 5084 3781 5158 γ’

540 5201 985 5262 corrumpuntur.
1037 5192 1273 5247 Constit.
1303 5193 1357 5258 5,
1410 5193 1491 5247 tit.
1528 5195 1562 5248 5
1606 5193 1960 5250 Novellarum
1993 5210 2117 5265 per-

2212 5199 2319 5251 τίτ.
2368 5198 2476 5252 τῶν
2506 5195 2729 5266 Νεαρῶν
2784 5195 3067 5265 ἐπιτρέπει
3116 5195 3229 5257 τοῖς
3266 5191 3539 5253 Ἰουδαίοις
3585 5188 3642 5239 ὲν
3670 5180 3782 5241 ταῖς

540 5284 709 5338 mittit
735 5283 938 5340 Judaeis
990 5293 1052 5339 ut
1087 5286 1142 5340 in
1184 5283 1487 5357 Synagogis
1529 5288 1646 5343 suis
1668 5286 1856 5343 Graece
1882 5288 2117 5358 aliisque

2214 5290 2565 5358 Συναγωγαῖς
2617 5289 2797 5342 αὑτῶν
2839 5287 2936 5341 καὶ
2985 5283 3295 5354 Ἑλληνιστὶ
3341 5284 3436 5337 καὶ
3462 5283 3577 5344 ταῖς
3605 5275 3778 5331 ἄλλαις

542 5376 749 5445 linguis
783 5391 882 5446 pro
940 5376 1184 5432 locorum
1241 5376 1499 5450 [ratione]
1529 5378 1843 5451 Scripturas
1887 5382 2109 5450 legant:

2213 5381 2512 5445 διαλέκτοις
2579 5380 2717 5451 πρὸς
2764 5379 2892 5442 τοὺς
2926 5379 3124 5441 τόπους
3154 5378 3251 5439 τὰς
3275 5374 3495 5445 Γραφὰς
3524 5361 3779 5434 ἀναγινώ-

543 5463 755 5537 [idque]
776 5468 1080 5522 secundum
1129 5468 1490 5539 Septuaginta
1514 5480 1570 5525 et
1599 5471 1811 5541 Aquila:
1838 5471 2115 5540 interpre~

2216 5488 2387 5535 σκειν,
2447 5469 2588 5523 κατὰ
2638 5468 2737 5541 τὴν
2762 5467 2869 5522 τῶν
2896 5466 2952 5521 0'
2977 5466 3071 5519 καὶ
3099 5466 3198 5537 τὴν
3236 5465 3438 5518 ’Δκύλα
3477 5457 3774 5541 παράδοσιν-⁸

542 5556 826 5612 tationem.
854 5556 957 5624 Qui
986 5572 1118 5613 vero
1142 5537 1283 5613 lia—nc
1310 5537 1596 5617 lectionem
1624 5537 1899 5632 prohibet,
1935 5537 2111 5633 publi-

2213 5563 2242 5615 6
2275 5542 2330 5614 δὲ
2359 5559 2456 5630 τὴν
2477 5537 2732 5631 τοιαύτην
2757 5558 2981 5616 κωλύων
3010 5557 3348 5627 ,ἅνάγνωσιν,
3376 5550 3665 5626 δημεύεται
3690 5537 3776 5596 καὶ

543 5648 681 5705 eatis
711 5650 915 5723 [bonis]
946 5651 1364 5708 exterminatur.

903 5650 915 5723 1
946 5651 1364 5708 exterminatur.
2224 5654 2544 5723 ὲξορίζεται.
