4156 6448
438 378 546 442 873

511 490 765 545 ΚΕΦΔΛ.
791 487 865 543 Δ’.
891 519 961 531 --
988 490 1127 560 Περὶ
1178 493 1576 560 καθαιρέσεως
1628 493 1883 557 ξοάνων.

605 579 880 635 Συνόδου
924 582 1348 651 Καρθαγέννης
1377 582 1578 636 κανὼν
1599 583 1702 655 νη’,
1727 582 1807 637 1:6'
1816 622 1834 639 .

519 676 662 743 Περὶ
719 673 841 727 τῶν
904 674 1467 744 ἐγκαταλειμμιίτων
1519 675 1639 730 τῶν
1716 675 1982 730 εἰδώλων
2002 718 2027 757 ,ξ

439 770 538 823 καὶ
567 768 733 822 ναῶν
774 766 896 819 τῶν
926 767 1294 835 ὀφειλόντων
1316 768 1769 836 ἐξαλειφθῆναι,
1802 763 1890 821 ὧν
1913 768 2023 836 χά-

435 878 539 929 ριν
569 859 815 927 αἰτῆσαι
844 857 935 911 δεῖ
985 857 1128 923 τοὺς
1188 859 1818 927 θρησκευτικωτάτους
1839 859 2025 924 ,βασι-

433 949 585 1015 λεῖς.
1334 1020 1337 1023 Α

501 1046 603 1110 νη’.
639 1039 802 1093 Ὥστε
851 1038 922 1090 τὰ
977 1038 1465 1109 ἐγκαταλείμματα
1520 1040 1628 1092 τῶν
1691 1038 1924 1092 εἰδώλων
1954 1039 2024 1092 τὰ

430 1134 571 1186 κατὰ
588 1135 771 1187 πᾶσαν
801 1131 899 1201 τὴν
936 1133 1223 1204 Ἀφρικὴν,
1283 1134 1535 1186 κελεῦσαι
1572 1133 1851 1196 παντελῶς
1894 1136 2024 1186 ἀνα-

430 1225 690 1293 κοπῆναι·
728 1225 824 1276 καὶ
854 1227 961 1294 γὰρ
1000 1229 1057 1278 ἐν
1088 1224 1304 1289 πολλοῖς
1342 1225 1526 1288 τόποις
1558 1223 2023 1295 παραθαλασσίοις

430 1314 524 1367 καὶ
544 1314 821 1383 διαφόροις
849 1315 1128 1384 κτήσεσιν,
1165 1314 1405 1385 ἀκμάζει
1430 1316 1510 1367 ἔτι
1533 1316 1631 1385 τῆς
1663 1314 1870 1384 πλάνης
1886 1313 2021 1367 ταύ-

428 1423 528 1473 της
558 1408 592 1476 ἡ
622 1405 809 1458 ἀδικία
839 1420 855 1436 ⁸
909 1406 994 1459 ἵνα
1024 1406 1452 1475 παραγγελθῶσι
1486 1407 1582 1461 καὶ
1612 1407 1752 1460 αὐτὰ
1791 1405 2020 1459 ἀπαλει-

429 1499 651 1566 φθῆναι,
709 1498 801 1550 καὶ
834 1500 881 1550 οἱ
919 1500 1038 1553 ναοὶ
1093 1498 1274 1550 αὐτῶν
1322 1500 1372 1552 οἱ
1410 1501 1468 1551 ἐν
1490 1501 1601 1562 τοῖς
1625 1499 1816 1569 ἀγροῖς
1845 1498 1938 1551 καὶ
1962 1498 2020 1550 ἐν

427 1586 947 1657 ἁποκεκρυμμένοις
1020 1588 1249 1651 τόποις,
1304 1588 1473 1657 χωρίς
1522 1604 1665 1650 τινος
1722 1586 2021 1655 εὐκοσμίας

425 1676 796 1742 καθεστῶτες,
865 1677 1031 1731 παντὶ
1081 1677 1269 1747 τρόπῳ
1321 1675 1655 1731 κελευσθῶσι
1709 1690 2022 1744 καταστραο

424 1768 611 1839 φῆναι.

1242 380 1641 442 SYNTAGMA
1676 382 2069 443 CANONUM.
2096 407 2161 418 -·
2186 383 2334 461 ΤΙΤ.
2372 384 2511 458 ΧΠ,
2554 387 2709 446 CAP.
2751 388 2944 449 IIl-V.

3618 395 3721 459 874

2053 504 2099 557 Α
2196 494 2354 550 CAP.
2388 495 2475 549 IV.
2499 527 2569 537 -—
2599 498 2675 552 De
2698 499 3031 554 destruendis
3067 502 3223 557 idolis
3247 519 3338 557 seu
3368 505 3623 560 delubris.

2347 588 2572 645 Concilii
2606 590 3036 661 Cai'tliaginensis
3066 611 3289 648 canones
3311 594 3399 660 58,
3429 594 3517 651 84.

2161 722 2171 735 ε
2214 694 2290 749 De
2339 696 2573 765 reliquiis
2612 698 2900 764 idolorum,
2930 706 2980 753 et
3012 701 3219 768 templis
3252 700 3543 767 abolendis,
3582 720 3718 774 quo-

2145 802 2264 839 rum
2309 803 2472 842 causa
2515 790 2859 855 imperatores
2893 790 3125 859 piissimi
3173 799 3297 845 sunt
3338 794 3577 863 precibus
3620 796 3718 848 ad-

2142 878 2318 932 eundi.

2198 1042 2290 1097 58.
2328 1043 2538 1099 Instant
2567 1045 2615 1077 ³⁸
2671 1047 2836 1101 etiam
2892 1046 3011 1101 alia:
3059 1049 3414 1103 necessitates
3449 1050 3717 1122 religiosis

2133 1134 2556 1204 imperatoribus
2603 1138 2964 1206 postulandae,
3017 1150 3077 1194 ut
3132 1142 3394 1210 reliquias
3445 1144 3712 1198 idolorum

2127 1242 2223 1294 per
2281 1242 2496 1281 omnem
2562 1228 2797 1284 Africam
2852 1232 3083 1300 jubeant
3120 1236 3339 1302 penitus
3390 1238 3711 1305 amputari;

2130 1332 2252 1369 nam
2280 1318 2552 1388 plerisque
2582 1320 2633 1373 in
2668 1321 2803 1375 locis
2844 1323 3167 1387 maritimis,
3208 1336 3374 1394 atque
3408 1328 3713 1395 possessio—

2125 1409 2289 1465 nibus
2308 1412 2540 1466 diversis
2569 1412 2747 1467 adhuc
2781 1415 2984 1469 erroris
3018 1416 3178 1469 istius
3230 1417 3491 1487 iniquitas
3531 1420 3707 1489 viget:

2126 1510 2186 1552 ut
2215 1501 2603 1570 praecipiantur
2632 1511 2687 1556 et
2727 1504 2873 1572 ipsas
2920 1504 3108 1571 deleri,
3151 1516 3205 1561 et
3260 1510 3459 1578 templa
3514 1526 3703 1564 eorum

2123 1606 2243 1659 quae
2271 1591 2323 1644 in
2372 1594 2546 1663 agris,
2589 1596 2670 1648 vel
2714 1595 2770 1648 in
2802 1594 2935 1650 locis
2963 1597 3161 1652 abditis
3209 1600 3505 1655 constituta
3562 1602 3712 1658 nullo

2123 1693 2446 1739 ornamento
2469 1695 2620 1753 sunt,
2648 1688 2946 1757 jubeantur
2973 1690 3290 1747 omnimodo
3320 1693 3554 1749 destrui.

496 1861 636 1930 Περὶ
677 1861 784 1917 τοῦ
813 1863 887 1917 τὰ
919 1861 1184 1930 λείψανα
1232 1861 1352 1914 τῶν
1403 1861 1665 1915 είδώλων
1711 1855 2022 1927 ἐκριζωθῆο
2050 1859 2080 1920 Ι

2199 1862 2277 1919 De
2300 1865 2568 1921 idolorum
2602 1868 2841 1939 reiiquiis
2867 1873 3249 1942 exstirpandis.

422 1971 542 2008 rat.

494 2041 602 2097 τπδ’.
654 2042 885 2113 Ὁμοίως
913 2045 1111 2117 ἤρεσεν
1142 2042 1438 2113 αἰτηθῆναι
1473 2040 1719 2125 ἀπὸιτῶν
1742 2042 2015 2109 ἐνδοξοτά-

422 2151 533 2189 ⁴ιῖων
564 2134 851 2205 βασιλέων,
890 2136 979 2189 ἵνα
1010 2136 1079 2189 τὰ
1128 2135 1355 2205 λείψανα
1409 2136 1511 2204 τῆς
1565 2133 2012 2203 εἰδωλολατρείας

426 2226 503 2298 μὴ
529 2228 691 2297 μόνον
749 2227 819 2281 τὰ
880 2229 939 2282 ἐν
992 2227 1221 2294 ξοάνοις,
1284 2226 1421 2282 ἀλλά
1468 2226 1562 2280 καὶ
1592 2227 1649 2279 ἐν
1676 2225 2015 2297 οίοισδήποτε

423 2318 636 2384 τόποις,
671 2319 706 2388 ἢ
736 2318 988 2387 ἄλσεσιν,
1032 2319 1065 2389 ἢ
1100 2319 1358 2390 δένδροις,
1407 2317 1573 2372 παντὶ
1598 2318 1785 2389 τρόπῳ
1806 2316 2015 2384 ἐξαλει-

418 2408 651 2478 φθῶσιν.

508 2501 569 2553 Ἦ
600 2499 650 2552 α’
675 2499 817 2554 διάτ.
870 2500 968 2555 τοῦ
1028 2498 1096 2554 ια’
1125 2500 1232 2557 τίτ.
1265 2500 1363 2555 τοῦ
1386 2506 1436 2555 α’
1466 2499 1606 2571 βιόλ.
1634 2497 1729 2553 τοῦ
1760 2498 1893 2554 κώδ.
1919 2514 2014 2552 κε-

422 2587 573 2644 λεύει
600 2592 669 2646 τὰ
702 2592 822 2663 ἱερὰ
850 2592 1149 2647 κλείεσθαι.

503 2683 754 2740 ΚΕΦΑΛ.
786 2683 1077 2753 Ε¹.-Περὶ
1100 2684 1452 2753 Νεστορίου,
1474 2679 1812 2748 Μουσαίου,
1830 2682 2014 2735 Εὐτυ-

421 2778 659 2847 χιανοῦ,
684 2777 984 2846 Μαξίμου,
1022 2776 1386 2844 Πορφυρίου,
1418 2775 1514 2828 καὶ
1541 2772 1660 2827 τῶν
1683 2774 1786 2828 ὑπ’
1811 2770 2013 2825 αὐτῶν

418 2867 855 2922 καταστάντων
880 2872 1214 2937 αἱρετικων,
1257 2865 1295 2934 ἢ
1330 2865 1670 2933 ὀρθοδόεων
1692 2861 2013 2930 ἐκϐληθέν-

437 2977 578 3013 των.

566 3051 837 3105 Συνόδου
861 3050 1567 3112 Κωνσταντινουπόλεως
1586 3045 1789 3100 κανὼν
1802 3043 1860 3100 δ’.

2112 2870 2365 2926 derivatis
2389 2884 2439 2928 et
2468 2874 2534 2930 de
2568 2876 2881 2931 orthodoxi:

2194 2047 2281 2102 84.
2304 2047 2433 2104 Item
2450 2049 2653 2120 placuit
2667 2052 2713 2085 "
2724 2053 2889 2108 etiam
2908 2055 2977 2110 ab
2992 2055 3415 2128 imperatoribus
3427 2058 3705 2131 gloriosis-

2120 2137 2276 2194 simis
2303 2142 2504 2211 peti,ut
2519 2144 2764 2214 reliquiae
2785 2146 3108 2204 idololatriae
3130 2164 3240 2205 non
3260 2151 3438 2208 solum
3458 2153 3511 2209 in
3535 2154 3707 2209 simu-

2122 2228 2309 2297 lacris,
2333 2233 2428 2288 sed
2472 2235 2529 2289 in
2558 2236 2983 2310 quibuscunque
3010 2241 3172 2310 locis,
3203 2244 3285 2301 vel
3308 2245 3468 2313 lucis,
3509 2248 3593 2303 vel
3616 2263 3707 2302 ar-

2122 2321 2350 2379 boribus
2371 2326 2520 2381 omni
2544 2329 2707 2384 modo
2729 2329 3030 2387 deleantur.

2189 2506 2353 2578 387
2381 2507 2714 2568 Constitutio
2778 2514 2833 2580 1,
2885 2516 2969 2572 tit.
3011 2517 3072 2587 ξ,
3114 2518 3214 2575 lib.
3245 2536 3263 2577 ι
3294 2520 3431 2577 Cod.
3467 2521 3623 2593 jubet
3647 2537 3714 2581 ut

2124 2603 2325 2668 templa
2353 2600 2699 2658 claudantur.

2195 2687 2350 2742 CAP.
2385 2689 2447 2745 V.
2501 2721 2572 2731 —
2630 2692 2707 2747 De
2755 2692 3027 2762 Nestorio,
3084 2696 3308 2765 Musam,
3370 2700 3705 2771 Eutyeliiano

2116 2776 2373 2848 Maximo,
2415 2780 2712 2853 Poephyrio
2740 2798 2788 2839 et
2829 2787 2892 2841 de
2916 2787 3178 2841 haereticis
3214 2804 3279 2844 ea;
3335 2790 3523 2843 horum
3556 2792 3704 2861 fonte

2947 2882 3203 2947 expulsis.

2344 3055 2578 3112 Concilii
2607 3058 3194 3134 Constantinopolitani
3222 3087 3395 3126 canon
3420 3072 3476 3129 4.

495 3158 559 3213 δ’.
592 3159 728 3228 Περὶ
763 3158 1015 3228 Μαξίμου
1042 3156 1136 3209 τοῦ
1193 3155 1415 3210 κυνικοῦ
1446 3157 1539 3210 καὶ
1564 3155 1664 3226 τῆς
1690 3155 1813 3208 κατ’
1844 3154 2007 3206 αὑτὸν
2037 3198 2080 3254 C

2184 3170 2238 3225 4.
2295 3171 2615 3229 Statuerunt
2646 3177 2810 3231 etiam
2841 3178 2909 3233 de
2957 3179 3198 3240 Maximo
3242 3184 3468 3256 Cynico,
3498 3198 3553 3245 et
3575 3190 3698 3261 ejus

420 3251 673 3316 ἀταξίας,
720 3252 820 3321 τῆς
873 3252 930 3303 ἐν
989 3249 1616 3312 Κωνσταντινουπόλεως
1666 3248 2006 3352 γενομένης·
2047 3248 2080 3254 ⁷

2120 3263 2415 3330 petulantia
2437 3274 2488 3320 et
2546 3267 2857 3335 insolentia,
2894 3287 3017 3341 qua:
3055 3274 3160 3330 fuit
3189 3248 3692 3353 ConstantinOpol',
3776 3320 3777 3323 η

412 3342 559 3396 ὥστε
614 3344 752 3414 μήτε
808 3342 1059 3411 Μάξιμον
1096 3341 1459 3412 ἐπίσκοπονῆ
1502 3338 1810 3409 γενέσθαιῆ
1846 3333 2007 3403 εἶναι,

2121 3362 2180 3408 ιιι
2204 3354 2472 3411 Maximus
2496 3358 2787 3431 episcopus
2815 3379 2916 3418 nec
2947 3364 3113 3422 fuerit
3140 3368 3221 3424 vel
3248 3370 3343 3434 sit,
3372 3386 3471 3427 nec
3502 3333 3597 3444 (ιιίὶ
3626 3377 3695 3430 ab

419 3433 556 3503 μηδὲ
591 3435 716 3497 τοὺς
756 3434 887 3505 παρ’
934 3433 1099 3486 αὺτοῦ
1130 3433 1606 3504 χειροτονηθέντας
1635 3434 1692 3485 ἐν
1712 3430 2010 3502 οίῳδήποτε

2120 3459 2180 3499 eo
2202 3448 2440 3501 ordinati
2472 3430 2697 3505 fuerunt
2728 3453 2780 3507 in
2812 3455 2943 3522 ullo,
2976 3457 3298 3529 quicunque
3330 3430 3375 3516 is
3400 3463 3495 3530 sit,
3518 3430 3693 3535 gradu

419 3524 613 3596 βαθμῷ
646 3525 869 3595 κλήρου,
912 3526 1131 3579 πάντων
1155 3526 1250 3579 καὶ
1281 3525 1389 3578 τῶν
1422 3527 1551 3594 περὶ
1573 3524 1736 3578 αὐτὸν
1775 3524 1869 3577 καὶ
1897 3523 2006 3576 τῶν

2120 3540 2245 3593 cleri
2266 3543 2544 3609 omnibus,
2573 3554 2627 3599 et
2652 3562 2775 3615 quae
2804 3547 2951 3602 circa
2995 3549 3175 3619 ipsum
3210 3552 3453 3625 fuerunt,
3482 3567 3536 3613 et
3567 3574 3693 3630 quae

416 3614 548 3688 παρ’
575 3617 739 3669 αὐτοῦ
768 3617 1073 3686 γενομένων
1098 3618 1513 3689 ἀκυρωθέντων.

2120 3632 2176 3685 ιι)
2203 3632 2297 3687 illo
2326 3635 2467 3690 facta
2491 3648 2640 3702 sunt,
2669 3614 2982 3699 inﬁrmatis.

558 3711 833 3765 Συνόδου
874 3712 1128 3781 Ἐφέσου
1166 3713 1370 3768 κανὼν
1396 3712 1464 3781 α’,
1498 3713 1564 3785 β’,
1588 3712 1659 3783 γ’,
1692 3713 1757 3780 δ’,
1795 3722 1856 3771 ε’.

2277 3724 2505 3782 Concilii
2543 3729 2797 3800 Epliesini
2836 3749 3062 3789 canones
3099 3736 3149 3804 i,
3190 3737 3245 3803 2,
3282 3738 3339 3802 3,
3379 3738 3432 3804 4,
3468 3740 3522 3796 5.

484 3799 555 3854 α’.
604 3803 820 3873 Ἐπειδὴ
846 3803 901 3856 δὲ
931 3805 1099 3875 ἐχρῆν
1155 3805 1251 3858 καὶ
1297 3806 1424 3870 τοὺς
1456 3807 1883 3877 ἀπολειφθέντας
1903 3808 2005 3878 τῆς

2186 3818 2239 3873 1.
2270 3818 2539 3885 Quoniam
2558 3799 2739 3879 autem
2756 3825 2869 3898 (28)
2884 3799 3168 3898 oportebat
3185 3799 3240 3885 et
3248 3799 3501 3887 absentes
3516 3848 3547 3887 a
3566 3848 3696 3889 san-

413 3894 576 3960 ἀγίας
618 3894 857 3960 συνόδου,
896 3898 988 3948 καὶ
1029 3896 1317 3966 μείναντας
1346 3898 1489 3951 κατά
1538 3899 1722 3969 χώραν
1754 3900 1788 3971 ἢ
1825 3899 2002 3964 πόλιν,

2120 3917 2196 3962 cta
2239 3912 2487 3980 synodo,
2525 3926 2917 3987 morantesque
2946 3920 3000 3973 in
3032 3922 3262 3977 urbibus
3299 3930 3355 3977 et
3396 3925 3694 3993 provinciis

408 3984 502 4039 διά
547 4003 670 4039 τινα
719 3987 903 4041 αἰτίαν
964 3987 1494 4060 ἐκκλησιαστικὴνῆ
1549 3992 1895 4060 σωματικὴν,
1925 3992 2001 4063 μὴ

2120 4002 2181 4056 Jb
2210 4002 2429 4073 aliquod
2455 4004 2930 4076 impedimentum,
2959 4013 3075 4068 sive
3114 4014 3549 4071 ecclesiasticum
3579 4019 3694 4074 sive

412 4079 681 4147 ἀγνοῆσαι
702 4080 770 4132 τὰ
792 4079 919 4151 περὶ
942 4080 1121 4134 αὐτῶν
1152 4082 1537 4152 τετυπωμένα,
1566 4082 1906 4154 γνωρίζομεν
1932 4087 1997 4155 τῇ

2120 4111 2455 4167 corporeum,
2478 4116 2586 4155 non
2618 4103 2889 4169 ignorare,
2916 4121 3039 4175 quae
3074 4107 3141 4161 de
3172 4109 3305 4177 ipsis
3332 4120 3461 4165 sunt
3480 4114 3692 4167 consti-

411 4171 654 4242 ὑμετέρα
676 4172 923 4242 ἀγιὸτητί
946 4190 1003 4226 τε
1022 4174 1118 4225 καὶ
1139 4174 1350 4245 ἀγάπῃ,
1382 4174 1575 4244 ὅτιπερ
1613 4176 1725 4229 εἴτε
1748 4179 1775 4229 ὁ
1795 4193 1999 4249 μητρο-

2120 4196 2260 4250 iuta;
2287 4188 2664 4257 signiﬁcamus
2684 4194 2961 4249 sanctitati
2990 4206 3182 4252 vestrae
3212 4213 3278 4252 ac
3302 4198 3581 4254 dilectioni
3607 4210 3690 4268 ut,

412 4262 636 4330 πολίτης
685 4264 784 4332 τῆς
822 4261 1095 4333 ἐπαρχίας
1126 4263 1511 4334 ἀποστατὴσας
1557 4263 1657 4334 τῆς
1698 4266 1860 4334 ἁγίας
1905 4267 2000 4320 καὶ

2120 4280 2151 4335 εἰ
2174 4282 2446 4352 quispiam
2481 4286 2824 4356 metropolita
2856 4290 3171 4358 provinciae,
3197 4292 3453 4348 derelicta
3501 4304 3688 4349 sancta

410 4354 807 4422 οίκουμενικῆς
837 4356 1076 4417 συνόδου,
1112 4354 1407 4424 προσέθετο
1424 4357 1502 4427 τῷ
1530 4356 1629 4426 τῆς
1662 4358 1998 4422 ἁποστασίας

2120 4382 2156 4428 :t
2205 4377 2545 4430 (ecumenica
2596 4379 2828 4448 synodo,
2871 4389 2965 4435 aut
3011 4382 3234 4437 accedet
3280 4383 3337 4438 in
3382 4394 3685 4454 posterum.

411 4445 697 4516 συνεδρίῳ,
726 4446 758 4515 ἢ
792 4446 929 4515 μετὰ
954 4446 1111 4499 τοῦτο
1132 4449 1479 4519 προστεθείη,
1511 4449 1543 4520 ἢ
1571 4450 1639 4502 τὰ
1673 4449 1995 4503 Κελεστίνου
2024 4527 2075 4544 ἢ

2120 4463 2222 4518 sive
2260 4480 2385 4518 cum
2428 4445 2689 4521 Cwlest—io
2733 4469 2937 4535 sensit,
2989 4480 3081 4525 aut
3127 4473 3363 4539 sentiet,
3402 4473 3519 4544 ipse
3550 4475 3687 4531 nihil

406 4537 707 4607 ἐφρόνησεν
734 4538 766 4608 ἢ
793 4541 985 4608 φρονῇ,
1038 4533 1192 4603 οὗτος
1234 4540 1377 4594 κατά
1427 4541 1535 4595 τῶν
1580 4542 1679 4611 τῆς
1731 4542 1997 4614 ἐπαρχίας
2024 4527 2077 4586 Ῑ)

2120 4554 2341 4624 implius
2360 4559 2558 4626 poterit
2584 4572 2750 4629 agere
2768 4560 3032 4617 adversus
3055 4564 3349 4631 provinciae
3374 4566 3684 4637 episcopos,

406 4629 725 4682 ἐπισκόπων
770 4630 1201 4699 διαπράττεσθαί
1222 4650 1276 4685 τι
1305 4633 1556 4703 οὐδαμῶς
1616 4634 1861 4699 δύναται,
1888 4637 1995 4689 πά-

2120 4653 2165 4697 it
2186 4645 2279 4714 qui
2310 4648 2424 4717 jam
2456 4648 2581 4703 inde
2610 4666 2640 4703 a
2672 4652 2884 4721 synodo
2909 4629 3076 4708 totius
3110 4629 3497 4711 ecclesiastica:
3536 4629 3685 4712 δοίης

408 4737 508 4789 σης
543 4720 1005 4794 ἐκκλησιαστικῆς
1040 4725 1326 4788 κοινωνίας
1350 4725 1598 4779 ἐντεῦθεν
1629 4728 1730 4797 ἠδη
1759 4727 1863 4780 ὑπὸ
1894 4728 1995 4799 τῆς

2120 4738 2384 4794 nunionis
2410 4754 2606 4808 expers
2650 4720 2721 4795 sit
2751 4741 2962 4810 factus,
2996 4756 3051 4799 et
3082 4760 3311 4814 prorsus
3350 4748 3561 4803 inutilis
3594 4748 3686 4820 [ad

407 4812 631 4866 συνόδου
683 4814 1103 4886 ἐκϐεϐλημένος,
1160 4818 1256 4870 καὶ
1301 4818 1661 4891 ἁνενέργητος
1706 4820 1991 4893 ὑπάρχωνο

2120 4828 2413 4887 'unctiones
2447 4832 2767 4906 inhabilis];
2815 4839 2910 4890 sed
2944 4846 3002 4893 et
3046 4836 3179 4908 ipsis
3226 4841 3499 4910 episcopis
3542 4842 3687 4896 illius

408 4906 543 4960 ἀλλὰ
576 4910 670 4961 καὶ
698 4910 881 4972 αὐτοῖς
911 4912 1024 4973 τοῖς
1062 4910 1161 4981 τῆς
1202 4912 1471 4982 ἐπαρχίας
1505 4914 1849 4980 ἐπισκόποις,
1897 4917 1992 4969 καὶ

2120 4922 2393 4978 irovineiaa
2420 4925 2742 4996 circumque
2772 4928 2967 4983 vicinis
3000 4932 3358 5001 metr0politis
3390 4943 3536 4987 recta
3563 4949 3688 4987 sen-

405 5000 519 5060 τοῖς
576 5000 738 5069 πέριξ
794 5003 1245 5072 μητροπολίτσις,
1293 5008 1406 5068 τοῖς
1433 5006 1502 5060 τὰ
1532 5006 1633 5077 τῆς
1682 5007 1995 5079 όρθοδοξίας

2125 5013 2364 5072 ientibus
2400 5018 2706 5088 subjacebit
2726 5060 2740 5083 ,
2773 5031 2832 5076 ut
2858 5022 3089 5078 omnino
3116 5000 3363 5095 deiectus
3391 5026 3465 5081 sit
3489 5041 3521 5080 a
3553 5027 3683 5082 sede

406 5087 718 5156 φρονοῦσιν,
757 5091 1105 5146 ὑποκείσεται
1130 5094 1211 5157 είς
1241 5094 1303 5148 τὸ
1333 5096 1515 5167 πάντη
1542 5099 1638 5152 καὶ
1660 5099 1754 5153 τοῦ
1776 5100 1991 5172 βαθμοῦ

2121 5105 2285 5161 etiam
2316 5125 2345 5160 ιι
2372 5107 2567 5180 gradu]
2596 5109 2966 5181 episcopatus.

402 5179 501 5248 τῆς
535 5180 843 5250 ἐπισκοπῆς
866 5182 1220 5254 ἐκϐληθῆναι.

473 5267 537 5339 β’.
567 5272 628 5323 Ei
656 5271 712 5324 δέ
742 5290 880 5335 τινες
918 5275 1261 5345 ὲπαρχιῶται
1291 5278 1601 5347 ἐπίσκοποι,
1632 5300 1686 5337 κ.
1720 5301 1772 5336 τ.
1798 5284 1848 5339 λ.

2162 5289 2217 5343 2.
2263 5290 2320 5345 Si
2357 5291 2449 5361 qui
2482 5304 2663 5349 autem
2699 5298 3103 5367 provinciales,
3136 5310 3269 5367 etc.,
3303 5312 3361 5356 ut
3394 5320 3517 5373 pag.
3552 5303 3673 5358 750.

472 5360 539 5430 γ’.
563 5365 624 5416 Εἰ
650 5365 707 5417 δέ
740 5382 886 5428 τινες
940 5368 1037 5420 καὶ
1085 5368 1193 5423 τῶν
1226 5371 1283 5423 ἐν
1307 5372 1512 5443 ἑκάστῃ
1559 5375 1712 5428 πόλει
1752 5377 1784 5448 ἢ
1838 5378 1991 5450 χώρᾳ

2160 5381 2331 5453 333
2366 5360 2419 5438 ε.
2464 5384 2520 5439 Si
2558 5387 2655 5455 qui
2690 5360 2819 5445 vero
2852 5390 3033 5446 clerici
3068 5360 3121 5446 ii.
3155 5360 3677 5464 sinéulis'uebibus.

401 5454 700 5525 κληρικιῖλν,
753 5456 860 5509 ὑπὸ
904 5458 1200 5530 Νεστορίου
1251 5463 1344 5516 καὶ
1381 5464 1489 5518 τῶν
1526 5466 1623 5520 σὺν
1645 5468 1794 5540 αὐτῷ
1822 5469 1991 5523 ὄντων

2129 5485 2184 5527 ιιι
2212 5476 2526 5544 regionibus
2553 5494 2585 5533 a
2610 5480 2865 5538 Nestorio
2890 5493 2942 5539 et
2974 5499 3098 5539 cum
3122 5500 3190 5541 eo
3212 5486 3676 5557 conspirantibue.

469 5632 513 5663 ³⁵
547 5631 717 5687 Conc.
749 5631 919 5689 Afric.
949 5634 1109 5690 (2.25.
1186 5636 1233 5668 ⁸⁸
1262 5636 1432 5693 Conc.
1470 5640 1728 5713 Carthag.
1763 5656 1793 5695 ν
1824 5658 1943 5714 cap.
1974 5645 2068 5712 15‘;
2105 5644 2277 5699 Afric.
2315 5662 2437 5721 cup.
2478 5651 2570 5705 51.

472 5787 592 5857 (Ξῦ)
638 5784 958 5841 Vi-rsionem
1012 5788 1174 5841 aliam
1221 5788 1498 5848 Laurentii
1531 5794 1701 5849 Sifani
1740 5797 2001 5853 exhibent
2039 5797 2313 5868 Crabhus,
2349 5801 2561 5873 Surius,
2589 5806 2811 5879 aliique.

723 5881 997 5943 ΡΑτῐιοι..
1048 5884 1163 5946 Gn.
1204 5885 1357 5946 CIV.
3190 5914 3269 5975 23
