4156 6436
518 351 626 411 875

1684 340 1944 401 ΡΙΙΟΤΙῙ
1976 339 2483 399 PATRIARCH/E
2514 338 2622 399 (ΣΡ.

3695 340 3794 405 876

519 456 827 517 sacerdotio
874 453 1130 524 prohibiti
1178 461 1347 519 sunt,
1394 452 1538 521 quod
1596 461 1743 505 recte
1793 450 2094 515 sentirent;

2222 450 2301 519 ξῆς
2354 451 2655 520 ἱερωσύνης
2720 445 3072 515 ἐκωλύθησαν
3120 444 3209 498 διὰ.
3241 445 3301 497 τὸ
3330 444 3504 515 ὀρθῶς
3558 459 3792 519 φρονειν,

513 554 724 622 justum
777 547 1091 621 putavimus
1137 547 1234 599 hos
1279 559 1499 614 quoque
1545 543 1826 612 pr0prium
1876 542 2103 609 gradum

517 644 784 712 recipere.
830 638 889 693 In
938 652 1154 693 summa
1196 645 1376 689 autem
1424 634 1655 687 clericos
1704 630 2031 686 οιιιλοάοκαι.
2054 639 2109 685 et

520 733 875 791 oecumcnica:
905 730 1116 801 synodo
1139 726 1544 782 consentientes
1569 724 1850 793 jubemus,
1883 722 1982 785 eis,
2012 720 2106 791 qui

520 827 861 889 defecerunt,
896 832 992 878 aut
1026 820 1289 876 del‘ecturi
1326 827 1475 883 sunt,
1514 817 1788 887 episcopis
1823 814 1977 870 nullo
2011 828 2108 884 pa-

521 932 609 975 cto
638 929 734 973 aut
766 917 975 971 ratione
1001 913 1279 982 subjectos
1311 924 1433 963 esse
1456 908 1676 962 debere.

592 1012 645 1064 4.
680 1010 737 1064 Si
772 1008 863 1078 qui
908 1012 1091 1059 autem
1140 1000 1465 1055 clericorum
1515 996 1836 1061 defecerint,
1877 1003 1935 1051 et
1980 994 2102 1049 ausi

523 1101 726 1156 fuerint
752 1100 834 1153 vel
860 1095 1136 1165 privatim,
1169 1092 1252 1145 vel
1299 1090 1539 1160 publice,
1572 1103 1693 1158 quae
1735 1093 1866 1141 sunt
1899 1083 2098 1141 Nesto-

522 1193 586 1246 rii
624 1202 714 1245 aut
746 1187 967 1244 Celestii
1020 1198 1234 1254 sapere,
1280 1182 1553 1236 sancitum
1585 1187 1670 1235 est
1714 1195 1743 1234 a
1776 1185 1967 1234 sancta
2015 1192 2109 1246 sy-

521 1285 687 1349 nodo,
713 1284 845 1337 istos
875 1294 1095 1350 quoque
1120 1276 1404 1346 depositas
1428 1288 1573 1329 eSSe.

592 1464 645 1518 5.
679 1464 1003 1532 Quicunque
1032 1468 1214 1516 autem
1254 1458 1325 1513 ob
1365 1456 1547 1526 turpia
1598 1462 1749 1523 gesta
1782 1459 1910 1507 sunt
1942 1465 1971 1503 a
2008 1463 2099 1520 sy-

519 1558 665 1613 nodo
689 1553 1069 1618 condemnati,
1111 1552 1199 1606 vel
1231 1566 1259 1603 a
1293 1548 1531 1619 prOpriis
1580 1560 1773 1601 eorum
1804 1541 2103 1613 episcopis,

519 1651 719 1720 quibus
741 1657 934 1717 pra-ter
958 1660 1201 1701 canones
1226 1640 1535 1705 Nestorius,
1562 1638 1654 1707 qui
1685 1636 1892 1692 nullum
1917 1648 2106 1688 rerum

519 1742 817 1798 discrimen
848 1737 1103 1801 habebat,
1132 1745 1185 1790 et
1221 1734 1313 1804 qui
1351 1748 1476 1788 cum
1506 1731 1599 1785 illo
1620 1729 1810 1785 eadem
1838 1726 2103 1791 sentiunt,

2212 541 2611 609 ὲδικαιώσαμεν
2663 539 2756 592 καὶ
2800 538 3021 600 τούτους
3075 536 3164 589 τὸν
3218 536 3349 588 ἴδιον
3392 537 3683 592 ἀπολαϐεῖν
3711 542 3799 610 βα-

2211 632 2366 703 θμὸν·
2410 632 2603 694 κοινῶς
2629 630 2688 683 δὲ
2714 633 2782 701 τῇ
2802 627 3071 700 όρθοδόξῳ
3092 629 3188 681 καὶ
3217 629 3570 700 οίκουμενικῇ
3593 631 3793 703 συνόδῳ

2213 724 2666 795 συμφρονοῦντας
2698 722 2995 793 κληρικοὺς
3028 720 3323 790 κελεύομεν
3348 724 3460 784 τοῖς
3487 722 3800 795 ἀποπατή-

2212 831 2368 869 σασιν
2394 814 2836 885 ἢάςρισταμὲνοις
2853 812 3177 876 ἐπισκόποις
3212 813 3457 883 μηδόλως
3480 813 3800 870 ὑποκεῖσθαι

2213 906 2355 959 κατὰ
2390 905 2595 975 μηδένα
2623 906 2846 976 τρόπον.

2290 993 2352 1048 δ’.
2385 996 2446 1047 Εί
2512 996 2567 1047 δέ
2628 1012 2775 1057 τινες
2832 994 3268 1063 ἀποστατήσαιεν
3307 993 3415 1046 τῶν
3475 994 3776 1065 κληρικῶν,

2214 1087 2311 1140 καὶ
2361 1086 2717 1156 τολμήσαιεν,
2778 1085 2813 1155 ἢ
2846 1084 2964 1139 κατ’
3027 1084 3225 1155 ίδίανῆ
3272 1084 3546 1155 δημοσίᾳ,
3609 1088 3678 1139 τὰ
3700 1087 3803 1141 Νε-

2214 1178 2431 1249 στορίου
2488 1176 2523 1247 ἢ
2576 1177 2646 1230 τὰ
2702 1176 3026 1231 Κελεστίνου
3078 1176 3391 1246 φρονῆσαι,
3444 1179 3539 1231 καὶ
3584 1178 3806 1244 τούτους

2214 1264 2355 1322 εἶναι
2400 1265 2847 1338 καθῃρημένους,
2892 1267 2996 1320 ὑπὸ
3053 1267 3154 1336 τῆς
3210 1266 3375 1334 ἁγίας
3410 1266 3634 1320 συνόδου
3669 1268 3804 1323 δεδι-

2215 1361 2470 1416 καίωται.

2287 1450 2351 1508 ε’.
2387 1452 2543 1505 Ὅσοι
2588 1452 2643 1505 δὲ
2702 1450 2798 1503 ἐπὶ
2845 1450 3069 1513 ἀτόποις
3122 1449 3355 1521 πράξεσι
3401 1451 3808 1523 κατεκρίθησαν

2220 1542 2326 1596 ὑπὸ
2379 1546 2480 1614 τῆς
2509 1542 2674 1611 ἁγίας
2726 1543 2966 1605 συνόδου,
3002 1544 3035 1614 ἢ
3068 1543 3173 1596 ὑπὸ
3197 1544 3307 1596 τῶν
3338 1544 3556 1597 οἰκείων
3594 1546 3809 1598 ὲπισκό⁴

2215 1653 2352 1701 πων,
2405 1635 2503 1689 καὶ
2544 1634 2754 1698 τούτοις
2812 1633 3183 1699 ἀκανονίστως
3206 1636 3349 1690 κατὰ
3374 1636 3473 1707 τὴν
3508 1638 3569 1691 ὲν
3606 1637 3810 1693 ὄιπασιν

2213 1727 2537 1799 ἀδιαφορίαν
2584 1726 2750 1780 αὐτοῦ
2786 1728 2815 1781 ό
2851 1727 3166 1799 Νεστόριος,
3198 1728 3233 1799 ἢ
3276 1730 3324 1781 οἱ
3352 1729 3421 1783 τά
3449 1730 3619 1784 αὑτοῦ
3690 1748 3812 1802 φρο-

520 1835 809 1890 restituere
833 1830 1014 1885 conati
1066 1837 1195 1883 sunt
1228 1825 1458 1897 gradum
1498 1826 1583 1879 vel
1631 1820 2101 1885 communionem,

2222 1816 2474 1883 νοῦντες,
2522 1816 2818 1872 ἀποδοῦναι
2866 1817 2899 1889 ἢ
2957 1818 3332 1891 ἐπειράθησαν
3392 1821 3426 1891 ἢ
3498 1822 3811 1891 πειραθεῖεν

523 1938 617 1981 aut
641 1924 1018 1986 conabuntur;
1072 1921 1208 1974 istos
1244 1918 1564 1971 censuimus
1594 1912 1729 1967 nihil
1771 1909 2096 1982 profecisse,

525 2028 581 2076 et
600 2031 825 2073 manere
851 2024 905 2070 et
936 2028 1060 2069 esse
1093 2010 1446 2066 nihilominus
1473 2004 1779 2077 depositos.

862 2193 1088 2251 Concilii
1117 2190 1450 2248 Sardicensis
1478 2201 1647 2241 canon
1683 2184 1768 2239 19.

600 2290 687 2345 i9.
711 2286 872 2344 Osius
908 2287 1199 2355 episcopus
1241 2283 1376 2338 dixit
1407 2276 1966 2336 :Meacmcdiocritatis
1997 2270 2113 2326 limo

526 2392 612 2439 est
656 2379 972 2445 sententia;
1005 2376 1133 2446 quia
1179 2375 1346 2445 quieti
1383 2380 1436 2427 et
1462 2370 1733 2440 patientes
1776 2381 1900 2421 esse
1948 2365 2113 2419 debe-

527 2490 672 2538 mus,
698 2484 749 2527 et
781 2484 1072 2541 perennem
1110 2468 1164 2520 in
1195 2479 1388 2520 omnes
1422 2462 1623 2516 habere
1648 2456 2109 2519 misericordiam,

525 2582 624 2622 eos
660 2566 753 2635 qui
784 2562 950 2618 semel
992 2561 1047 2614 in
1078 2564 1285 2615 clerum
1337 2553 1773 2610 ecclesiasticum
1809 2550 1878 2605 ab
1911 2549 2110 2619 aliqui-

528 2662 631 2713 bus
658 2656 921 2711 fratribus
953 2652 1158 2707 nostris
1190 2648 1424 2720 promoti
1455 2656 1603 2711 sunt,
1632 2646 1680 2701 si
1722 2644 1897 2698 nolint
1932 2644 2114 2696 redire

525 2752 596 2806 ad
638 2765 732 2805 eas
776 2747 846 2801 ad
885 2761 1023 2815 quas
1053 2744 1317 2799 nominati
1360 2752 1486 2794 sunt
1520 2737 1815 2801 Ecclesias,
1855 2735 2115 2802 deinceps

526 2856 637 2896 non
657 2838 873 2893 admitti
903 2854 916 2891 :
948 2834 1347 2906 Eutychianum
1377 2829 1547 2902 389
1574 2839 1751 2883 autem
1786 2843 1853 2882 ne
1874 2824 2114 2896 episcopi

526 2929 749 3001 quidem
776 2925 882 2982 sibi
918 2939 1115 2979 nomen
1146 2936 1456 2991 usurpare;
1488 2917 1584 2974 sed
1625 2932 1805 2987 neque
1846 2915 2110 2970 Musaeum

528 3031 585 3075 ut
617 3020 939 3091 episcopum
964 3015 1269 3071 existimari
1302 3032 1315 3069 :
1351 3013 1399 3068 si
1424 3020 1609 3066 autem
1636 3010 1834 3064 laicam
1861 3021 2111 3063 commu-

526 3115 748 3168 nionem
804 3109 1095 3181 petiverint
1149 3126 1163 3162 :
1213 3122 1321 3161 non
1392 3114 1646 3175 oportere
1704 3102 1787 3157 eis
1831 3097 2111 3169 denegari.

527 3206 733 3263 Oumes
770 3206 1029 3260 dixerunt
1053 3220 1067 3257 :
1096 3201 1301 3257 Placet.

598 3323 753 3378 CAP.
785 3319 966 3376 Vl.—-
988 3317 1072 3374 Ne
1103 3318 1199 3389 ﬁat
1227 3332 1380 3371 sacra
1412 3312 1612 3368 oblatio
1643 3317 1902 3382 prasente
1938 3308 2113 3364 luere-

528 3417 656 3471 tico.

1057 3499 1318 3556 Timothei
1342 3513 1509 3553 canon
1540 3496 1593 3554 9.

604 3595 983 3667 Interrogatio.
1031 3597 1081 3650 9.
1120 3594 1202 3647 An
1253 3593 1408 3648 debet
1451 3591 1705 3653 clericus,
1733 3583 2119 3657 praesentibus,

529 3703 659 3758 etc.,
694 3701 751 3744 ut
794 3706 919 3760 pag.
961 3689 1105 3743 6H.‘

600 3805 756 3863 CAP.
791 3805 902 3859 VII.
938 3834 1007 3845 ——
1060 3802 1137 3856 De
1153 3800 1356 3854 clericis
1390 3798 1671 3858 Iuvrelicia,
1714 3795 1805 3863 qui
1850 3808 1916 3843 aa
1948 3789 2127 3841 ortho-

529 3902 684 3956 doxa:
712 3898 961 3951 Ecclesia:
988 3896 1245 3964 gremium
1274 3897 1545 3945 accedunt.

737 3990 961 4046 Coucilii
990 3986 1423 4055 Carthagiuensis
1452 3997 1678 4035 canones
1710 3978 1801 4041 57,
1828 3976 1917 4029 68.

609 4084 902 4154 Utparvuli
926 4082 1065 4152 apud
1099 4081 1416 4134 Doualistas
1471 4074 1749 4143 buptizali,
1777 4073 1832 4123 in
1860 4066 2125 4122 catholica

536 4173 779 4228 Ecclesia
803 4172 980 4225 clerici
1004 4170 1337 4223 ordinentur.

605 4358 695 4413 57.
729 4354 886 4410 Unde
911 4354 957 4387 9°
983 4351 1245 4421 quoniam
1274 4347 1548 4418 superiori
1581 4345 1693 4417 (29)
1735 4345 1975 4401 concilio
2011 4353 2125 4400 sta-

532 4457 709 4504 tutum
737 4461 862 4502 esse
912 4458 1124 4500 mecum
1162 4438 1503 4511 recognoscit
1540 4437 1877 4491 unanimitas
1918 4445 2126 4503 vestra,

2218 1908 2561 1981 κοινωνίανῆ
2603 1908 2833 1981 βαθμὸν,
2875 1911 3262 1983 άνωφελὴτους
3314 1913 3498 1980 μένειν
3560 1914 3657 1968 καὶ
3684 1914 3811 1967 τού-

2216 2018 2365 2067 τους,
2393 2000 2489 2056 καὶ
2519 1996 2663 2057 εἶναι
2708 2002 2867 2059 οὐδὲν
2893 1998 3057 2078 ἦττον
3097 2003 3518 2077 καθῃρημένους
3571 2004 3813 2061 ἐδικαιώ-

2219 2107 2414 2161 σαμεν.

2531 2186 2802 2242 Συνόδου
2840 2184 3142 2257 Σαρδικῆς
3187 2187 3508 2244 κανὼνίθ’.

2292 2278 2379 2335 ιθ’.
2418 2280 2603 2345 Ὀσιος
2621 2280 2919 2345 ἐπίσκοπος
2949 2278 3071 2334 εἷπε
3094 2297 3108 2310 ·
3143 2280 3257 2351 Τῆς
3278 2283 3418 2353 ἐμῆς
3458 2281 3811 2353 μετριότητος

2217 2371 2251 2441 ἡ
2279 2372 2550 2441 ἀπόφασίς
2572 2375 2720 2426 ἐστιν
2750 2371 2910 2443 αὕτη·
2934 2373 3124 2446 ἐπειδὴ
3154 2375 3345 2445 ἥσυχοι
3368 2376 3462 2428 καὶ
3487 2376 3813 2446 ὑπομονητι-

2222 2464 2311 2517 κοὶ
2375 2464 2665 2536 ὀφείλομεν
2714 2461 2878 2532 εἶναι,
2931 2468 3029 2520 καὶ
3078 2466 3277 2538 διαρκῆ
3302 2467 3393 2521 τὸν
3429 2471 3572 2539 προς
3608 2470 3810 2529 πάντας

2222 2556 2369 2627 ἔχειν
2420 2554 2622 2625 οἶκτον,
2659 2557 2807 2626 ἅπαξ
2859 2558 3083 2623 τούτους
3111 2562 3239 2623 τοὺς
3272 2562 3351 2625 είς
3384 2560 3591 2631 κλῆρον
3618 2559 3813 2631 ἐκκλη-

2224 2650 2504 2703 σιαστικὸν
2534 2651 2909 2721 ποραχθέντας
2962 2652 3067 2706 ὑπό
3117 2670 3280 2706 τινων
3336 2654 3586 2725 ἀδελφῶν
3640 2654 3811 2725 ἡμῶν,

2223 2741 2319 2794 ἐὰν
2358 2742 2432 2812 μὴ
2466 2740 2738 2811 βούλοιντο
2760 2742 3159 2815 ἐπανέρχεσθαι
3187 2744 3267 2807 είς
3296 2742 3361 2807 ἃς
3386 2744 3811 2815 κατωνομάσθη-

2225 2850 2326 2885 σαν
2362 2833 2713 2905 Ἐκκλησίας,
2762 2834 2858 2888 τοῦ
2885 2835 3075 2889 λοιποῦ
3113 2836 3191 2907 μὴ
3219 2836 3614 2908 ὑποδέχεσθαι·
3646 2838 3812 2891 Eine-

2224 2924 2415 2999 χιανὸν
2435 2925 2514 2991 δὲ,
2569 2927 2709 2997 μήτε
2756 2929 3058 2981 ἐπισκόπου
3102 2926 3284 2997 ἑαυτῷ
3313 2928 3609 2981 διεκδικεῖν
3629 2927 3810 2995 ὖνομα·

2217 3017 2343 3075 ἀλλ’
2369 3018 2491 3072 οὐδὲ
2518 3019 2795 3074 Μουσαῖον
2816 3020 2892 3084 ὡς
2921 3021 3224 3075 ἐπίσκοπον
3251 3020 3622 3092 ὀνομάζεσθαι
3645 3037 3661 3052 ο
3687 3020 3735 3073 εί
3758 3018 3812 3073 δὲ

2222 3110 2419 3182 λαῖκὴν
2473 3111 2761 3165 κοινωνίαν
2825 3113 3132 3179 ἀπαιτοῖεν,
3159 3112 3235 3184 μὴ
3264 3112 3462 3184 χρῆναι
3494 3112 3691 3174 αὐτοὺς
3719 3110 3814 3180 ἀρ-

2225 3206 2454 3261 νεῖσθαι.
2486 3201 2696 3270 Πάντες
2727 3201 2881 3260 εἷπον
2906 3221 2919 3235 ⁸
2957 3206 3227 3278 Ἀρέσκει.

2300 3322 2553 3375 ΚΕΦΑΛ.
2591 3319 2681 3388 ς’.
2715 3351 2783 3362 —-
2813 3322 2955 3389 Περὶ
3002 3321 3108 3376 τοῦ
3145 3321 3233 3391 μὴ
3277 3321 3551 3392 ὀφείλειν
3597 3319 3812 3389 ἀναφο-

2223 3429 2249 3478 έ
2264 3409 2343 3463 ἀν
2365 3412 2638 3481 γίνεσθαι
2667 3414 2967 3479 παρόντος
2988 3414 3310 3483 αἱρετικοῠ.

2711 3503 2995 3573 Τιμοθέου
3039 3504 3241 3559 κανὼν
3270 3502 3314 3558 θ’

2316 3594 2632 3681 Ἐρώτησις
2709 3594 2775 3649 θ’.
2821 3599 2890 3651 Et
2936 3599 3162 3667 ὀφείλει
3205 3599 3495 3669 κληρικὸς
3537 3600 3810 3670 εὔχεσθαι

2231 3687 2546 3751 παρόντων
2589 3687 2924 3755 Ἀρειιινῶν,
2965 3706 3020 3743 κ.
3055 3707 3105 3743 τ.
3135 3688 3186 3743 λ.

2306 3802 2557 3854 ΚΕΦΛΑ.
2598 3803 2675 3855 Ζ’.
2718 3802 2854 3869 Περὶ
2898 3801 3200 3871 κληρικῶν
3230 3798 3546 3870 αἱρετικῶν
3567 3800 3639 3871 τῇ
3658 3802 3810 3870 ὀρθο-

2233 3894 2396 3960 δόξῳ
2420 3898 2798 3962 προσιόντων
2834 3896 3180 3962 Ἐκκληο-ίᾳ.

2407 3987 2683 4041 Συνόδου
2718 3986 3140 4056 Ιίαρθαγέννης
3172 3987 3373 4042 κανὼν
3404 3986 3506 4053 νζ’,
3546 3985 3644 4058 ξη’.

2305 4080 2489 4132 Ὥστε
2540 4079 2685 4144 τοὺς
2725 4080 2981 4148 μικροὺς
3022 4078 3183 4147 παρὰ
3239 4079 3365 4145 τοῖς
3433 4075 3810 4141 Δονατισταῖς

2227 4164 2727 4235 βαπτιζομένους,
2757 4167 2828 4220 ἐν
2854 4166 2929 4237 τῇ
2950 4167 3248 4237 καθολικῇ
3274 4169 3604 4238 κληρικοὺς
3630 4182 3810 4237 χειρο-

2229 4255 2552 4311 τονεῖσθαι.

2307 4346 2405 4412 vC'.
2433 4348 2525 4401 Διὸ
2591 4349 2779 4422 ἐπειδὴ
2802 4350 2860 4404 ὲν
2915 4352 2983 4422 τῇ
3032 4350 3296 4423 ἀνωτέρῳ
3349 4350 3558 4422 συνόδῳ
3589 4348 3809 4422 ’ὁρισθὲν

2219 4440 2519 4511 μέμνηται
2574 4440 2691 4511 ἅμα
2740 4442 2915 4513 ἐμοὶή
2942 4443 3184 4513 ὑμετέρα
3209 4443 3504 4513 ὁμοψυχία,
3533 4443 3672 4496 ὥστε
3692 4443 3809 4501 τοὺς

533 4555 589 4597 ut
642 4541 698 4595 hi
725 4540 817 4611 qui
872 4540 1015 4607 apud
1057 4534 1374 4589 Donatistas
1416 4532 1629 4603 parvuli
1673 4530 1939 4601 baptizati
1974 4537 2113 4585 sunt

2238 4535 2391 4605 παρὰ
2423 4534 2535 4599 τοῖς
2567 4537 2917 4600 Δονατισταίς
2950 4538 3181 4608 μικροὺς
3231 4536 3681 4607 βαπτιζομένους,
3723 4532 3807 4585 καὶ

538 4631 780 4685 nondum
823 4629 967 4684 scire
1003 4628 1244 4682 valentes
1270 4625 1475 4680 erroris
1502 4639 1691 4678 eorum
1726 4622 2007 4677 interitum
2036 4639 2050 4675 :
2075 4631 2129 4676 et

534 4731 891 4792 posteaquam
913 4720 979 4774 ad
1034 4728 1248 4773 mtatem
1304 4716 1537 4771 rationis
1577 4731 1835 4785 capacem
1871 4728 2131 4783 pervene-

534 4823 681 4879 runt,
718 4814 901 4883 agnita
936 4812 1165 4865 veritate
1200 4809 1497 4864 falsitatem
1524 4824 1713 4863 eorum
1742 4809 2125 4873 abhorrentes,

535 4908 600 4962 ad
630 4905 932 4961 Ecclesiam
968 4903 1059 4959 Dei
1086 4903 1414 4957 catholicam
1462 4916 1557 4971 per
1585 4901 1905 4955 universum
1962 4914 2125 4952 mun-

533 5000 665 5054 dum
694 4996 946 5053 diffusam
967 5038 981 5063 ,
1020 4996 1211 5051 ordine
1240 4994 1487 5059 antiquo,
1536 5009 1632 5063 per
1661 5008 1858 5047 manus
1887 4991 2119 5061 imposi-

537 5092 738 5147 tionem
770 5090 971 5159 recepti
1016 5097 1167 5154 sunt,
1214 5087 1414 5142 debere
1452 5088 1654 5147 talibus
1704 5088 2117 5156 suscipiendum

533 5195 737 5236 munus
794 5182 1089 5237 clericatus
1145 5194 1254 5233 non
1319 5177 1584 5246 impedire
1642 5192 1841 5233 nomen
1892 5177 2120 5239 erroris,

532 5290 655 5330 cum
690 5288 869 5326 verum
896 5272 1191 5325 Ecclesiam
1232 5270 1447 5325 illorum
1494 5269 1826 5340 putaverint,
1856 5269 1923 5323 ad
1958 5268 2120 5323 [idem

532 5367 864 5431 accedcndo,
902 5376 954 5419 et
986 5365 1058 5419 ibi
1090 5364 1311 5419 Ubi-isto
1334 5364 1688 5430 crediderint,
1743 5374 1797 5419 et
1838 5363 2129 5418 Trinitatis

532 5469 875 5514 sacramenta
915 5456 1293 5527 perceperint;
1329 5470 1452 5526 quae
1474 5455 1660 5511 omnia
1698 5470 1828 5510 vera
1855 5464 1909 5510 et
1935 5462 2123 5511 sancta

602 5633 651 5663 ⁹⁶
679 5632 848 5686 Cone.
868 5631 1038 5687 Afric.
1077 5649 1127 5689 c.
1153 5633 1242 5688 2t.

601 5794 715 5864 (29)
742 5792 910 5849 Conc.
950 5794 1205 5847 nimirum
1268 5792 1528 5863 Carthag.
1558 5807 1637 5857 ιιι,
1664 5807 1788 5846 can.
1828 5790 1917 5843 48.

2236 4625 2462 4696 μηδέπω
2520 4626 2853 4697 δυναμένους
2902 4626 3197 4697 γινώσκειν
3234 4627 3336 4698 τῆς
3386 4627 3598 4698 πλάνης
3643 4622 3807 4678 αὐτῶν

2231 4717 2322 4768 τὸν
2381 4717 2624 4787 ὀλεθρον,
2666 4720 2811 4789 μετὰ
2840 4721 2900 4772 τὸ
2927 4720 3008 4784 είς
3043 4722 3234 4791 κείραν
3270 4718 3531 4789 λογισμοῦ
3567 4714 3805 4785 δεκτικὴν

2231 4808 2676 4877 παραγενέσθαι,
2738 4808 3185 4880 ἐπιγνωσθείσης⁷
3227 4813 3325 4879 τῆς
3379 4809 3658 4878 ἀληθείας,
3720 4805 3805 4873 τὴν

2229 4898 2543 4969 φαυλότητα
2573 4900 2797 4953 ἐκείνων
2830 4902 3313 4971 βδελυττομένους,
3382 4899 3652 4969 πρὲςλτὴν
3684 4893 3805 4948 καθ-

2229 4990 2418 5061 ολικὴν
2482 4991 2576 5044 τοῦ
2611 4992 2745 5044 Θεοῦ
2786 4992 3135 5064 Ἐκκλησίαν,
3190 4994 3289 5054 τὴν
3346 4993 3448 5046 ἀνὰ
3504 4991 3680 5043 πάντα
3725 4986 3805 5038 τὸν

2237 5085 2440 5155 κόσμον
2501 5084 2923 5156 διακεχυμένην,
2975 5086 3126 5151 τάξει
3156 5085 3363 5157 ἀρχαίᾳ
3392 5085 3479 5138 διὰ
3510 5084 3607 5149 τῆς
3633 5077 3802 5135 ἐπιθέ-

2235 5192 2373 5240 σεως
2411 5176 2520 5230 τῶν
2550 5177 2750 5248 χειρῶν
2781 5176 3142 5247 ἀναδεχθῆναι
3172 5178 3299 5240 τοὺς
3322 5176 3616 5236 τοιούτους,
3638 5174 3724 5224 καὶ
3748 5172 3804 5221 ἐκ

2231 5270 2327 5322 τοῦ
2353 5272 2452 5340 τῆς
2482 5271 2689 5341 πλάνης
2748 5269 3011 5341 ὀνόματος
3043 5271 3117 5341 μὴ
3151 5269 3385 5339 ὀφείλειν
3432 5264 3802 5339 ἐμποδίζεσθαι

2232 5365 2312 5426 εἰς
2334 5362 2488 5427 τάξιν
2522 5362 2874 5433 κληρώσεως,
2906 5362 3109 5418 ὁπόταν
3143 5362 3242 5433 τὴν
3278 5362 3537 5433 ἀληθινὴν
3588 5355 3800 5422 Ἐκκληα

2237 5456 2356 5510 σίαν
2387 5455 2519 5509 ἰδίαν
2544 5455 2753 5509 ἑαυτῶν
2791 5455 3104 5526 ἐλογίσαντο
3159 5456 3342 5510 πίστει
3372 5450 3797 5527 προσερχόμενοι,
