4156 6452
463 468 570 532 877

466 579 554 631 καί
593 578 651 629 ἐν
681 578 820 647 αὐτῇ
850 576 929 644 τῷ
960 575 1182 646 Χριστῷ
1223 575 1619 637 πιστεύσαντες
1642 618 1657 639 ,

464 666 532 719 τὰ
558 665 879 734 ἀγιάσματα
905 663 1234 728 ὑπεδέξαντο
1258 680 1270 692 ·
1307 663 1469 718 ἆτινα
1521 665 1701 717 πάντα
1730 662 1931 732 εύσεὸἧ
1968 663 2064 716 καὶ

466 758 597 825 ἅγια
626 758 719 809 καὶ
760 755 879 809 θεῖα
912 753 1229 825 εἶναιδῆλον
1270 757 1410 820 ἐστι,
1434 756 1527 808 καὶ
1554 757 1610 807 ἐν
1640 754 1849 817 τούτοις
1881 756 2065 806 πᾶσαν

465 851 562 920 τὴν
594 849 692 919 τῆς
725 849 905 919 ψυχῆς
952 849 1142 902 ἐλπίδα
1172 849 1440 919 ὑπάρχειν
1464 864 1477 877 ·
1521 848 1623 900 κᾶν
1657 850 1705 900 εἰ
1734 848 1801 899 τὰ
1828 847 2064 915 μάλιστα

465 943 558 996 οὖν
621 944 772 1013 καὶὴ
803 942 909 996 τῶν
970 942 1263 1013 αἰρετικῶν
1324 940 1699 1011 προληφθείσα
1749 940 1945 1009 τόλμα,
1986 938 2064 1009 τῷ

466 1039 693 1109 ὀνόματι
723 1041 823 1108 τῆς
862 1037 1120 1108 ἀληθείας
1149 1037 1537 1105 ἐναντιούμενά
1560 1054 1681 1089 τινα
1712 1034 2064 1106 παραδιδόναι

468 1132 892 1205 προπετεύεται,
924 1131 1097 1185 ταῦτα
1132 1132 1321 1202 ἐπειδὴ
1349 1130 1498 1184 ἁπλᾶ
1528 1132 1688 1193 εἰσιν,
1716 1129 1789 1191 ὡς
1820 1128 2062 1181 διδάσκει

468 1236 494 1279 ο
532 1227 685 1295 ἅγιος
728 1225 1046 1289 ’Δπόστολος
1099 1225 1311 1294 λέγων’
1348 1222 1453 1289 Εἷς
1489 1223 1654 1289 Θεὸς,
1678 1224 1786 1292 μία
1834 1223 2061 1286 πίστις,

467 1321 535 1375 ἐν
550 1320 894 1390 βάπτισμα,
914 1320 1007 1373 καὶ
1023 1320 1237 1389 ὀφεῖλον
1256 1317 1546 1390 προσάπαξ
1571 1316 1829 1381 δίδοσθαι,
1858 1317 2066 1369 ἐπανα-

468 1415 739 1485 ληφθῆναι
793 1414 893 1466 ούκ
955 1414 1186 1479 ἔξεστιν,
1242 1404 1925 1486 ἀναθεματιςομένουλτοῦ
1965 1411 2064 1479 τῆς

468 1507 678 1576 πλάνης
706 1506 990 1576 ὀνόματος,
1023 1506 1110 1558 διὰ
1137 1505 1239 1575 τῆς
1271 1504 1571 1566 ἐπιθέσεως
1590 1504 1689 1574 τῆς
1712 1503 1891 1574 χειρὸς
1931 1504 2066 1556 ἁνα-

468 1597 730 1668 δεχθῶσιν
770 1600 851 1661 εἰς
874 1598 972 1667 τὴν
1012 1598 1142 1667 μίαν
1167 1596 1519 1667 Ἐκκλησίαν,
1547 1596 1668 1664 τὴν,
1701 1596 1778 1658 ὡς
1824 1594 2062 1665 εἴρηται,

468 1692 799 1761 περιστερὰν
838 1690 929 1744 καὶ
958 1690 1128 1760 μόνην
1178 1690 1393 1761 μητέρα
1443 1688 1551 1741 τῶν
1572 1687 1919 1758 Χριστιανῶν
1953 1704 1966 1717 ο
2005 1689 2065 1740 ἐν

467 1777 501 1857 ᾖ
530 1784 707 1836 πάντα
734 1784 803 1835 τὰ
828 1783 1149 1851 ἀγιάσματα
1174 1780 1534 1852 σωτηριωδῶς
1563 1778 1760 1833 αἰώνια
1796 1779 2064 1843 καὶςωτι-

467 1877 540 1929 κά
569 1874 1113 1946 παραλαμϐάνονται,
1170 1873 1331 1927 ἅτινα
1368 1875 1483 1935 τοϊς
1520 1872 1879 1942 ἐπιμένουσιν
1910 1872 1971 1924 ἐν
1996 1873 2060 1942 τῇ

467 1926 978 2036 αίρέσει,μεὶγάλην
1005 1926 1423 2034 τῆςνκαταδίκης
1462 1926 1562 2032 ⁸τὴν
1591 1926 1867 2032 τιμωρίαν
1898 1926 2060 2031 tropi:
2094 1928 2137 1983 Β

467 2057 650 2121 ζουσιν
671 2073 685 2086 ·
715 2058 801 2110 ἵνα
851 2058 991 2127 ὅπερ
1014 2053 1080 2124 ἧν
1108 2056 1293 2117 αὐτοῖς
1343 2057 1400 2106 ἐν
1438 2057 1505 2124 τῇ
1543 2054 1775 2126 ἀληθείᾳ
1795 2053 1930 2127 πρὸς
1957 2053 2061 2124 τὴν

466 2149 693 2202 αἰωνίαν
753 2148 901 2219 ζωὴν
953 2147 1349 2217 ἀκολουθητέον
1410 2146 1843 2216 φωτεινότερον,
1902 2144 2061 2199 τοῦτο

465 2240 692 2309 γένηται
745 2241 929 2303 αὐτοῖς
991 2241 1052 2291 ἐν
1100 2241 1165 2309 τῇ
1226 2238 1406 2311 πλάνῃ
1464 2239 1868 2308 σκοτεινότερον
1897 2277 1913 2302 ,
1967 2237 2062 2291 καὶ

467 2332 629 2385 πλέον
661 2331 1214 2402 καταδεδικασμένον·
1251 2331 1388 2400 ὅπερ
1418 2329 1560 2392 τινὲς
1589 2329 1812 2399 ἔφυγον,
1840 2330 1933 2383 καὶ
1961 2329 2062 2400 τῆς

478 2423 812 2494 Ἐκκλησίας
866 2423 969 2492 τῆς
1044 2421 1341 2490 καθολικῆς
1401 2421 1607 2490 μητρὸς
1660 2422 1729 2474 τά
1790 2420 2060 2473 εύθύτατα

468 2517 805 2585 ἐπιγνόντες,
841 2514 1020 2569 πάντα
1038 2514 1305 2570 ἐκεῖνατά
1343 2511 1805 2583 ἆγιαμυστήρια,
1852 2512 2061 2581 φίλτρῳ

467 2608 568 2677 τῆς
616 2608 870 2677 ἀληθείας
925 2605 1256 2659 ἐπίστευσαν
1290 2605 1387 2658 καὶ
1435 2604 1783 2670 ὑπεδέξαντω
1820 2606 1933 2668 τοῖς
1966 2601 2059 2657 οὖν

466 2692 750 2757 τοιούτοις,
819 2692 949 2746 ὅταν
1002 2691 1204 2763 δοκιμὴ
1259 2691 1501 2762 χρηστοῦ
1568 2692 1685 2761 βίου
1744 2692 2055 2757 προσέλθοι,

466 2784 853 2855 ἀναμφιϐόλως
892 2784 986 2837 καὶ
1014 2782 1217 2852 κλῆρος
1249 2782 1387 2853 πρὸς
1418 2784 1722 2855 ὑπουργίαν
1752 2782 1859 2835 τῶν
1890 2782 2063 2850 ἁγίων

470 2876 994 2947 προσκυρωθήσεται
1014 2890 1027 2904 ·
1059 2876 1154 2928 καὶ
1214 2874 1447 2945 μάλιστα
1477 2875 1535 2927 ἐν
1567 2876 1636 2944 τῇ
1663 2872 1902 2947 τοσαύτῃ
1951 2873 2061 2927 τῶν

469 2969 811 3039 πραγμάτων
847 2967 1080 3036 ἀνάγκῃ,
1112 2967 1287 3028 οὐδείς
1326 2969 1472 3020 ἐστιν
1500 2969 1527 3019 ὁ
1578 2966 1652 3037 μὴ
1678 2965 1839 3018 τοῦτο
1865 2982 2049 3035 παρα-

471 3055 855 3130 χωρῶνοΕἰδέ
889 3076 1029 3120 τινες
1094 3058 1187 3110 τοῦ
1246 3057 1413 3110 αὑτοῦ
1461 3057 1730 3127 δόγματος
1785 3058 2061 3128 κληρικοὶ,

476 3153 613 3222 μετὰ
644 3150 737 3203 τοῦ
787 3150 1024 3220 πλήθους
1053 3151 1146 3204 καὶ
1180 3149 1287 3203 τῶν
1320 3150 1495 3220 τιμῶν
1524 3150 1705 3202 αὐτῶν
1748 3149 1885 3221 πρὸς
1916 3152 2064 3222 ἡμᾶς

1263 466 1665 528 SYNTAGMA
1698 462 2088 526 CANONUM.
2120 486 2188 497 --
2218 462 2369 523 ΤΙΤ.
2406 462 2546 522 XII.
2585 463 2745 521 CAP.
2786 463 2879 537 Vl,
2914 463 3047 523 Vll.

1696 576 1793 644 τῆς
1831 576 1873 626 Τ
1879 572 2057 644 ριάδος

2171 581 2327 642 atque
2367 572 2551 628 divina
2592 573 2758 643 390
2794 588 2913 628 esse
2955 572 3322 627 certissimum
3362 584 3465 641 est,
3495 584 3549 631 et
3578 575 3634 631 in
3670 578 3753 631 bis

3643 466 3751 527 873

2165 681 2381 721 omnem
2438 666 2637 720 anima:
2688 682 2837 735 spem
2887 666 3263 720 constitutam.
3318 664 3644 738 Quanquam
3703 681 3757 723 et

2170 758 2551 812 hmreticorum
2607 768 2941 827 praesumpta
2971 758 3223 823 audacia,
3256 758 3502 815 veritatis
3534 762 3758 814 nomine

2167 850 2413 917 palliata,
2446 850 2560 905 haec
2590 852 2807 905 tradere
2838 850 3056 914 audeat,
3099 864 3222 919 quas
3249 852 3510 919 quoniam
3542 850 3759 921 simpli-

2166 941 2249 994 cia
2280 952 2424 1005 sunt,
2458 951 2517 996 ut
2569 952 2870 1012 pranuonet
2908 943 3097 996 beatus
3155 943 3446 1010 Apostolus
3480 942 3756 998 dicendo:

2185 1031 2332 1086 Unus
2360 1032 2522 1100 Deus,
2559 1050 2666 1087 una
2709 1034 2863 1103 ﬁdes,
2891 1050 3052 1087 unum
3083 1032 3349 1102 baptisma
3375 1035 3419 1067 "
3443 1052 3458 1101 ;
3485 1043 3538 1088 et
3573 1035 3757 1088 iterari

2167 1142 2276 1181 non
2331 1127 2515 1191 liceat,
2549 1128 2697 1197 quod
2734 1128 2900 1183 semel
2953 1127 3071 1181 dari
3104 1136 3343 1197 oportet,
3390 1126 3758 1183 anathemati-

2169 1228 2293 1273 zato
2321 1220 2551 1273 nomine
2598 1220 2807 1273 erroris
2855 1218 3191 1287 recipiantur
3220 1234 3316 1288 per
3347 1232 3548 1273 manus
3585 1218 3762 1289 impo-

2168 1310 2421 1364 sitionem
2459 1310 2511 1363 in
2542 1325 2704 1363 unam
2732 1310 3053 1376 Ecclesiam,
3083 1310 3420 1377 columbam,
3461 1319 3521 1365 ut
3551 1311 3759 1365 dictum

2166 1411 2269 1463 est,
2307 1410 2361 1455 et
2391 1416 2561 1454 unam
2590 1412 2815 1456 matrem
2864 1403 3111 1456 omnium
3152 1400 3617 1469 Christianorum,
3666 1404 3758 1457 ubi

2167 1495 2350 1548 omnia
2378 1495 2468 1550 illa
2498 1503 2842 1549 sacramenta
2869 1495 3183 1561 salubriter,
3215 1505 3268 1550 et
3296 1505 3520 1559 mterna,
3564 1502 3619 1550 et
3676 1496 3759 1548 vi-

2168 1586 2349 1641 taliter
2376 1586 2721 1656 accipiuntur
2753 1604 2766 1640 :
2802 1601 2925 1655 quae
2959 1586 3438 1656 perseverantibus
3479 1586 3535 1639 in
3561 1586 3757 1640 hwresi

2175 1682 2429 1748 magnam
2471 1677 2844 1733 damnationis
2889 1692 3109 1747 poenam
3142 1677 3491 1746 conquirunt,
3530 1678 3760 1747 utquod

2166 1778 2251 1824 est
2281 1771 2332 1824 in
2363 1769 2595 1824 veritate
2624 1770 2691 1824 ad
2717 1782 2977 1824 arternam
3002 1769 3173 1823 vitam
3204 1770 3644 1837 consequendam
3672 1784 3763 1823 es-

2169 1872 2252 1916 set
2282 1862 2636 1925 luminosius,
2662 1862 2769 1917 hoc
2795 1862 2849 1916 in
2880 1876 3071 1917 errore
3110 1862 3182 1917 sit
3215 1862 3563 1918 tenebrosius
3590 1872 3754 1933 atque

2168 1956 2513 2012 damnosius.
2569 1955 2723 2023 Quod
2785 1954 3061 2026 fugientes
3118 1956 3405 2021 nonnulli,
3466 1964 3521 2010 et
3565 1958 3761 2012 matris

2172 2047 2437 2102 Ecclesia:
2465 2048 2633 2101 ubera
2666 2055 3083 2119 cognoscentes,
3104 2047 3198 2116 qui
3238 2047 3330 2101 illa
3360 2048 3545 2104 omnia
3570 2062 3761 2105 sancta

2169 2140 2429 2211 mysteria
2456 2154 2645 2195 amore
2670 2140 2918 2195 veritatis
2953 2139 3331 2205 crediderunt,
3381 2149 3546 2211 atque
3572 2156 3761 2211 perce-

2168 2240 2388 2301 perunt,
2448 2231 2653 2300 quibus
2712 2241 3200 2288 sacramentorum
3256 2234 3424 2290 rebus
3474 2250 3599 2289 cum
3641 2233 3765 2289 vita:

2172 2324 2330 2377 bona:
2363 2324 2609 2393 probitas
2655 2326 2976 2392 accesserit,
3028 2328 3148 2381 sine
3198 2327 3366 2383 dubio
3416 2326 3485 2381 ad
3524 2327 3763 2381 oﬂicium

2167 2414 2460 2470 clericatus
2511 2416 2648 2471 tales
2674 2430 2797 2471 esse
2859 2418 3241 2488 applicandos,
3290 2428 3343 2474 et
3398 2418 3636 2473 maxime
3704 2419 3763 2473 iu

2172 2516 2319 2560 tanta
2354 2522 2537 2562 rerum
2570 2509 2916 2575 necessitate,
2975 2511 3161 2565 nullus
3183 2520 3269 2565 est
3297 2512 3392 2581 qui
3427 2527 3535 2566 non
3566 2525 3765 2567 conce—

2170 2599 2282 2654 dat.
2306 2598 2633 2670 Quanquam
2663 2602 2916 2656 nonnulli
2950 2602 3195 2672 ejusdem
3227 2614 3392 2659 secta:
3430 2603 3614 2659 clerici
3635 2619 3762 2660 cum

2169 2692 2421 2763 plebibus
2451 2702 2618 2762 atque
2651 2694 2954 2749 hOnoribus
2981 2695 3099 2750 suis
3136 2697 3203 2751 ad
3231 2712 3328 2751 nos
3357 2696 3592 2751 transire
3617 2695 3765 2751 desi-

2172 2783 2365 2839 derent
2417 2801 2430 2837 :
2458 2784 2550 2853 qui
2584 2799 2774 2839 amore
2834 2786 3062 2841 honoris
3094 2796 3187 2840 aut
3226 2787 3557 2856 persuadent
3583 2788 3650 2841 ad
3681 2786 3765 2840 vi-

2171 2890 2305 2942 tam,
2347 2888 2443 2933 aut
2480 2878 2719 2934 retinent
2749 2878 2815 2931 ad
2854 2879 3107 2933 salutem.
3145 2875 3250 2932 Sed
3287 2877 3390 2932 hoc
3420 2875 3616 2945 majori
3650 2875 3765 2929 fra-

2174 2985 2317 3027 trum
2376 2972 2819 3042 supradietorum
2888 2970 3315 3025 considerationi
3373 2968 3761 3024 dimittendum

2172 3078 2401 3130 censeo;
2436 3074 2494 3119 ut
2528 3062 2869 3135 prudentiori
2917 3077 3017 3116 suo
3049 3062 3279 3117 coasilio
3328 3071 3528 3117 nostrae
3562 3078 3762 3133 sugge-

2173 3158 2339 3213 stioni
2368 3172 2677 3212 sermonem
2710 3171 2835 3211 cum
2880 3155 3042 3226 391
3074 3154 3459 3225 perpenderint
3480 3193 3497 3220 ,
3532 3154 3664 3224 quid
3695 3154 3764 3210 de

473 3244 750 3314 μετελθεῖν
806 3244 1164 3315 ποθήσουσιν,
1215 3243 1415 3306 οἵτινες
1446 3241 1526 3313 τῷ
1586 3242 1747 3316 ἔρωτι
1774 3245 1870 3313 τῆς
1902 3244 2065 3313 τιμῆς

2177 3251 2278 3304 hac
2314 3265 2372 3304 re
2409 3249 2489 3305 eis
2537 3248 2748 3318 placeat
2784 3263 2882 3304 nos
2929 3248 3229 3302 informare
3273 3247 3589 3318 dignentur.
3618 3246 3767 3301 Tan-

473 3335 899 3407 συμὸουλεύουσι
934 3336 1069 3400 πρὸς
1123 3336 1291 3404 ζωὴν,
1355 3333 1451 3388 καὶ
1476 3333 1769 3403 κατέχουσι
1794 3332 1930 3403 πρὸς
1957 3349 2061 3385 σωο

470 3428 691 3498 τηρίαν,
744 3428 880 3481 ἀλλά
921 3427 1082 3480 τοῦτο
1119 3425 1517 3480 καταλειπτέον
1557 3426 1727 3496 κρίνω
1751 3428 1816 3496 τῇ
1856 3424 2065 3495 μείζονι

472 3525 823 3591 κατανοήσει,
852 3522 1248 3591 ψηφισομένων
1296 3519 1405 3573 τῶν
1457 3519 1869 3590 προλεχθέντων
1909 3518 2067 3571 ἀδελο

473 3614 612 3682 φῶν,
656 3615 744 3668 ἵνα
772 3618 837 3686 τῇ
875 3616 1219 3685 συνετωτερα
1254 3613 1434 3667 αὐτῶν
1465 3611 1629 3682 βουλῇ
1661 3612 1759 3681 τῆς
1788 3612 2068 3683 ἡμετέρας

470 3707 750 3777 ἀναφορᾶς
775 3710 866 3761 τὸν
896 3709 1051 3776 λόγον
1081 3707 1375 3775 διαγνῶσιν
1395 3722 1408 3737 ⁸
1457 3706 1552 3758 καὶ
1588 3705 1734 3773 ἡμᾶς
1768 3704 2068 3774 βεόαιῶσαι

2171 3352 2283 3396 tum
2336 3341 2403 3395 de
2428 3341 2515 3396 his
2558 3342 2649 3409 qui
2689 3339 2927 3395 infantes
2956 3339 3217 3409 baptizati
3250 3347 3408 3406 sunt,
3440 3339 3763 3409 satagimus,

2173 3441 2231 3485 ut
2265 3443 2490 3495 nostrae,
2542 3430 2587 3484 si
2615 3431 2813 3500 placet,
2847 3431 2903 3484 in
2938 3430 3130 3485 iisdem
3168 3431 3491 3487 ordinandis
3533 3446 3768 3486 consen-

2174 3524 2312 3577 tiant
2343 3522 2633 3577 voluntati.
2670 3521 2863 3576 Omnia
2896 3536 3027 3591 ergo
3061 3537 3184 3591 quae
3209 3522 3464 3591 superius
3511 3536 3765 3593 compre-

2176 3616 2467 3671 hendimus
2529 3616 2669 3686 apud
2702 3624 2924 3670 sanctos
2985 3616 3314 3686 episcopos,
3374 3614 3585 3686 agenda
3642 3633 3767 3673 esse

2175 3722 2389 3760 mecum
2436 3706 2776 3761 honorabilis
2809 3705 3126 3759 fraternitas
3167 3717 3349 3760 vestra
3384 3706 3702 3775 perpendat.

472 3795 926 3862 καταξιώσωσιν,
988 3798 1067 3859 εἰς
1122 3796 1182 3848 τὸ
1238 3794 1455 3864 ὀφεῖλον
1513 3793 1644 3863 περὶ
1700 3792 1893 3845 τούτου
1960 3792 2055 3845 τοῦ
2134 3797 2461 3866 πράγματος
2520 3797 2654 3865 παρ’
2706 3796 2864 3866 ἡμῶν
2915 3795 3279 3865 τυπωθῆναισ
3318 3796 3478 3866 μόνον
3513 3796 3571 3849 δέ
3635 3794 3766 3867 περὶ

470 3887 579 3940 τῶν
618 3890 676 3939 ἐν
706 3889 994 3958 νηπιότητι
1055 3884 1489 3956 βαπτισθέντων,
1529 3881 1872 3952 ἀρκούμεθα,
1905 3884 1995 3935 ἵνα
2021 3884 2069 3936 εἰ
2107 3884 2333 3953 ἀρέσκει
2364 3885 2569 3951 αὐτοῖς,
2642 3888 2709 3955 τῇ
2776 3887 3024 3958 ἡμετέρα
3055 3888 3414 3941 συναινέσωσι
3448 3888 3768 3959 προαιρέσει

472 3984 602 4052 περὶ
653 3980 748 4032 τοῦ
809 3978 1239 4050 χειροτονεῖσθαι
1294 3974 1558 4036 τούτους·
1622 3974 1803 4027 πάντα
1858 3973 2039 4027 τοίνυν
2070 3974 2105 4028 ἃ
2143 3976 2405 4045 ἀνωτέρω
2478 3979 2867 4048 συνηγάγομεν
2914 3978 3070 4049 παρά
3116 3982 3231 4043 τοῖς
3269 3981 3594 4049 ἁγιωτάτοις
3639 3982 3767 4035 ἐπι-

481 4074 705 4135 σκόποις
763 4072 1016 4141 πρακτέα
1049 4067 1190 4120 εἶναι
1249 4068 1450 4120 δικαιοί
1482 4066 1599 4137 ἅμα
1638 4067 1763 4135 ἐμοί⁹
1791 4067 1823 4136 ἡ
1850 4065 2067 4136 ἔντιμος
2109 4068 2263 4137 ὑμῶν
2298 4068 2615 4139 ἀδελφότης.

546 4168 686 4237 Περί
728 4168 835 4220 τοῦ
890 4165 1031 4230 τοὺς
1057 4163 1385 4231 κνίηρικοὺς
1428 4162 1547 4216 τῶν
1600 4160 1983 4215 Δονατιστῶν
2005 4164 2075 4215 ἐν

475 4258 555 4327 τῷ
617 4258 820 4327 κλήρῳ
864 4256 966 4325 τῆς
1003 4255 1332 4325 καθολικῆς
1380 4254 1743 4322 Ἐκκνιησίας
1781 4252 2071 4323 ἀναδέχε-

472 4356 635 4407 σθαι.

548 4446 647 4515 ξη’.
677 4445 765 4508 Ἐς
803 4442 1033 4513 ὕστερον
1056 4441 1277 4512 ἡρεσεν,
1320 4439 1409 4494 ἵνα
1436 4439 1739 4511 γράμματα
1773 4440 2068 4512 πεμφθῶσι

476 4537 612 4607 πρὸς
649 4536 775 4599 τοὺς
831 4534 1095 4601 ἀδελφοὺς
1123 4533 1218 4587 καὶ
1277 4534 1714 4596 συνεπισκόπους
1742 4532 1925 4604 ἡμῶν,
1968 4535 2061 4586 καὶ

2248 4166 2315 4220 Ut
2385 4166 2564 4219 clerici
2636 4166 3042 4221 Donatistarum
3093 4166 3149 4219 in
3202 4166 3446 4221 Ecclesia
3502 4169 3766 4222 catholica

2175 4259 2538 4329 suscipiantur
2577 4259 2632 4311 in
2669 4257 2831 4312 clero.

2241 4441 2329 4497 68.
2365 4441 2569 4497 Deinde
2597 4442 2801 4512 placuit
2826 4442 2895 4506 ⁸⁸,
2926 4450 2982 4497 ut
3006 4441 3202 4497 litterae
3227 4440 3513 4495 mittantur
3536 4442 3603 4495 ad
3644 4441 3759 4497 fra-

2169 4545 2280 4590 tres
2331 4544 2386 4588 et
2414 4534 2770 4604 coepiscopos
2826 4544 3064 4600 nostros,
3100 4542 3153 4589 et
3201 4533 3439 4588 maxime
3467 4535 3534 4588 ad
3580 4534 3761 4589 sedem

482 4628 719 4687 μάλιστα
765 4626 904 4698 πρὸς
932 4626 1033 4696 τὴν
1062 4624 1431 4697 ἀποστολικὴν
1460 4625 1754 4697 καθέδραν,
1780 4629 1839 4680 ἐν
1869 4622 1902 4702 ᾖ
1929 4645 2065 4700 προ.

2173 4627 2556 4695 apostolicam.
2606 4628 2658 4681 in
2692 4642 2799 4696 qua
2828 4627 3087 4696 praesidet
3117 4635 3456 4681 memoratus
3482 4627 3765 4681 venerabi-

475 4721 713 4790 κάθήτὰι
746 4719 774 4770 ὁ
823 4716 1222 4788 μνημονευθεὶς
1270 4718 1649 4788 προσκυνητὸς
1710 4718 1945 4789 ἁδελφὸς
1967 4721 2064 4773 καὶ

477 4812 889 4883 συλλειτουργδς
942 4811 1103 4881 ἡμῶν
1146 4810 1523 4875 Ἀναστάσιος,
1557 4811 1748 4883 ἐπειδὴ
1801 4812 2064 4881 γινώσκει

474 4908 574 4978 τὴν
616 4907 906 4976 Ἀφρικὴν,
964 4904 1209 4975 μεγάλην
1259 4904 1404 4974 ἔχειν
1458 4905 1741 4973 ἀνάγκην·
1802 4906 1941 4960 ὥστε
1978 4907 2066 4961 διὰ

474 5000 575 5069 τὴν
601 5000 701 5066 τῆς
743 4997 1070 5067 Ἐκκλησίας
1114 4996 1341 5066 εἰρήνην
1392 4998 1486 5049 καὶ
1522 4999 1926 5067 χρησιμότητα,
1973 5002 2067 5051 καὶ

478 5093 659 5146 αὐτῶν
712 5092 820 5144 τῶν
872 5091 1210 5144 Δονατιστῶν
1278 5090 1475 5153 οἵτινες
1529 5090 1730 5160 δήποτε
1788 5090 2065 5162 κληρικοὶ,

478 5185 868 5257 διορθουμένης
893 5183 990 5253 τῆς
1028 5182 1226 5253 βουλῆς
1286 5182 1422 5254 πρὸς
1470 5181 1569 5253 τὴν
1627 5182 1921 5255 καθολικὴν
1952 5184 2069 5237 ἐνό-

479 5294 619 5347 τητα
652 5274 932 5345 μετελθεῖν
984 5273 1271 5345 θελήσαιεν
1295 5315 1309 5337 ,
1349 5273 1489 5325 κατά
1513 5272 1611 5343 τὴν
1661 5274 1779 5336 ἐνὸς
1836 5275 2069 5329 ἑκάστου

482 5367 773 5424 καθολικοῦ
834 5367 1138 5421 ἐπισκόπου
1182 5366 1535 5437 προαίρεσιν,
1589 5368 1686 5419 καί.
1728 5366 1922 5437 βουλὴν
1976 5366 2069 5419 τοῦ

483 5461 634 5532 ἐντῷ
665 5459 814 5530 αὐτῷ
870 5462 1021 5530 τόπῳ
1054 5458 1429 5530 κυῦερνῶντος
1456 5460 1555 5528 τὴν
1591 5459 1943 5530 Ἐκκλησίαν,
1975 5459 2069 5513 ἐὰν

481 5552 639 5606 τοῦτο
692 5552 1100 5621 συμϐάλλεσθαι
1150 5553 1216 5620 τῇ
1279 5549 1388 5601 τῶν
1464 5551 1805 5619 Χριστιανῶν
1881 5552 2073 5622 εἰρήνῃ

484 5642 701 5713 φανείη,
738 5645 937 5705 ἐκιταίς
990 5642 1149 5704 ἰδίαις
1198 5643 1385 5708 τιμαῖς
1438 5641 1634 5704 αὐτοὺς
1690 5642 2071 5712 ἀναδεχθῆναιο

486 5733 667 5798 καθὼς
697 5737 789 5787 καὶ
819 5737 876 5787 ἐν
904 5734 1013 5797 τοῖς
1038 5732 1369 5805 προλαϐοῦσι
1398 5734 1612 5803 χρόνοις
1631 5735 1756 5804 περὶ
1781 5734 1880 5805 τῆς
1904 5734 2075 5805 αὐτῆς

557 5912 604 5944 ’⁷
643 5912 841 5981 prcs-
868 5921 939 5973 IV,
974 5909 1025 5966 5.
1104 5910 1149 5945 '9
1174 5909 1345 5966 Conc.
1378 5908 1548 5966 Afric.
1586 5926 1631 5967 (τ.
1677 5910 1763 5966 55.

2175 4720 2242 4775 lis
2278 4718 2447 4774 frater
2476 4729 2529 4775 et
2560 4720 2767 4789 collega
2803 4729 2987 4774 uoster
3019 4719 3366 4784 Anastasius,
3412 4735 3522 4789 quo
3552 4724 3765 4774 noverit

2176 4813 2374 4868 habere
2420 4813 2661 4868 Africam
2691 4828 2940 4884 magnam
2979 4812 3383 4873 necessitatem,
3413 4822 3635 4882 propter
3662 4813 3760 4866 Ec-

2174 4906 2352 4961 clesia:
2408 4921 2597 4975 pacem
2656 4916 2709 4960 et
2754 4906 3043 4959 utilitatem
3078 4922 3090 4958 :
3122 4915 3181 4959 ut
3210 4914 3264 4959 et
3291 4903 3457 4975 [forte
3488 4904 3577 4976 ex]
3630 4905 3765 4974 ipsis

2177 4997 2497 5062 Donatistis,
2572 4999 2887 5069 quicunque
2916 4997 3098 5053 clerici
3151 5006 3399 5051 correcto
3437 4997 3671 5051 consilio
3697 4999 3764 5051 ad

2175 5092 2500 5146 catholicam
2530 5092 2793 5145 unitatem
2847 5090 3080 5143 transire
3117 5088 3422 5154 voluerint,
3463 5090 3763 5143 secundum

2177 5170 2613 5253 uniuscujusque
2651 5182 2895 5252 epise0pi
2928 5182 3184 5237 catholici
3218 5183 3551 5237 voluntatem
3600 5192 3767 5251 atque

2178 5276 2489 5337 consilium,
2533 5275 2624 5344 qui
2650 5275 2703 5328 in
2737 5275 2928 5329 eodem
2964 5276 3085 5329 loco
3111 5277 3379 5344 gubernat
3414 5275 3712 5329 Ecclesiam
3750 5294 3763 5329 :

2146 5368 2225 5421 .si
2250 5366 2353 5420 hoc
2392 5367 2511 5437 paci
2550 5364 2881 5421 Christiana:
2930 5368 3193 5436 prodesse
3240 5368 3418 5421 visunt
3463 5367 3656 5428 fuerit,
3708 5366 3761 5418 in

2181 5460 2295 5515 suis
2321 5459 2625 5515 honoribus
2660 5460 3033 5529 suscipiantur
3060 5500 3075 5523 ,
3130 5461 3274 5513 sicut
3309 5459 3583 5528 prioribus
3620 5458 3767 5526 ejus-

2180 5552 2300 5605 dem
2339 5550 2627 5605 divisionis
2665 5552 2999 5620 temporibus
3025 5550 3225 5604 factum
3259 5566 3380 5605 esse
3413 5548 3763 5602 manifestum

2181 5651 2286 5697 est.
2310 5644 2465 5709 Quod
2495 5643 2790 5697 multarum
2827 5652 2880 5697 et
2909 5659 3045 5713 pene
3088 5644 3333 5697 omnium
3379 5641 3764 5696 Africanarum

2186 5736 2580 5803 Ecclesiarum,
2639 5737 2693 5791 in
2751 5736 2950 5807 quibus
3001 5735 3125 5791 talis
3167 5750 3324 5790 error
3383 5743 3605 5790 exortus
3641 5740 3763 5797 est,
