4156 6466
476 450 593 512 879

475 561 723 629 CXt‘lllpla
776 560 1049 610 testantur
1104 570 1117 605 :

474 648 858 707 transmarinis
881 647 1123 716 partibus
1153 644 1219 698 de
1246 645 1353 699 hac
1385 660 1441 698 re
1474 642 1677 699 factum
1711 651 1816 709 est,
1851 641 2058 697 dissol-

475 755 634 798 vatur
661 760 675 805 ;
701 744 864 796 sednt
884 741 1014 793 illud
1044 738 1414 791 mancatcirca
1428 736 1623 805 cosqui
1647 733 1976 789 sictrnnsire
1996 732 2063 787 ad

477 838 802 891 catholicam
835 832 1135 886 Ecclesium
1163 830 1349 883 volunt
1369 838 1426 883 ut
1449 828 1593 881 nulla
1616 844 1706 897 per
1724 842 1818 882 eos
1837 826 2067 881 unitatis

476 925 725 980 concisio
751 916 1218 993 procuretur.Per
1237 931 1376 985 quos
1401 926 1581 969 autem
1614 913 1700 969 vel
1730 912 1880 968 omni
1900 912 2064 966 modo

476 1015 687 1085 perﬁci,
727 1011 810 1067 vel
861 1008 1107 1080 adjuvari
1154 1006 1316 1077 392
1353 1004 1663 1060 manifestis
1696 1002 2067 1058 fraternarum

470 1111 784 1164 animarum
813 1103 980 1158 lucris
1003 1101 1279 1155 catholica
1312 1098 1497 1153 unitas
1531 1097 1587 1152 in
1617 1098 1751 1153 locis
1780 1096 1834 1150 in
1863 1096 2063 1166 quibus

475 1204 696 1271 degunt,
712 1197 825 1251 visa
858 1192 1042 1257 fuerit,
1072 1207 1178 1245 non
1202 1191 1284 1245 eis
1307 1189 1473 1257 obsit,
1506 1189 1652 1257 quod
1675 1199 1868 1243 contra
1894 1188 2067 1242 hono-

1658 438 1920 499 l‘llOTll
1952 436 2458 498 PATRIARClI/E
2495 438 2603 498 CP.

3648 448 3744 511 880

1171 568 1278 608 non
1345 561 1403 607 ut
1459 552 1752 606 concilium
1803 550 1954 622 quod
2007 552 2061 604 in

2179 551 2508 614 διαστάσεως
2563 550 2823 620 γενέσθαι
2875 550 3108 622 φανερόν
3158 550 3342 604 ἐστιν·
3388 550 3524 619 ὅπερ
3547 550 3745 605 πολλῶν

2171 645 2263 697 καὶ
2296 645 2481 714 σχεδδν
2538 644 2746 707 πασῶν,
2775 644 2882 697 τῶν
2905 644 2964 695 tv
3017 645 3082 714 τῇ
3121 644 3356 714 Ἀφρικῇ
3397 643 3744 714 Ἐκκλησιῶν,

2172 735 2230 786 ἐν
2260 730 2344 799 αἷς
2383 738 2415 806 η
2449 735 2675 805 τοιαύτη
2718 735 2892 806 πλάνη
2941 734 3176 805 ἀνειρύη,
3230 736 3299 789 τὰ
3344 734 3748 806 παραδείγματα

2176 828 2582 899 μαρτύρονται·
2620 830 2720 899 οὐχ
2778 828 2865 881 ἵνα
2894 830 2927 897 ἡ
2962 828 3181 891 σύνοδος
3210 829 3243 898 ἡ
3278 828 3338 880 tv
3368 830 3483 891 τοῖς
3510 845 3747 899 περαμα·

2172 920 2357 987 τικοῖς,
2405 918 2600 988 μέρεσι
2628 918 2758 989 περὶ
2779 919 2971 972 τούτου
3017 917 3111 972 τοῦ
3138 920 3468 990 πράγματος
3496 922 3751 993 γενομένη

2174 1009 2419 1082 διαλυθῇ,
2472 1011 2590 1064 ἀλλ’
2644 1011 2732 1065 ἵνα
2783 1014 2961 1065 έκεῖνο
3020 1011 3183 1085 μείνῃ
3241 1012 3374 1082 περὶ¹
3412 1012 3536 1075 τοὺς
3590 1011 3753 1077 οὕτως

2175 1102 2455 1172 μετελθεῖν
2502 1103 2640 1175 πρὸς
2669 1102 2768 1174 τὴν
2800 1102 3098 1175 καθολικὴν
3134 1101 3466 1175 Ἐκκλησίαν
3501 1103 3753 1174 βουλομέ-

2171 1213 2295 1259 νους
2315 1212 2329 1227 ·
2361 1195 2502 1249 ὥστε
2539 1195 2809 1266 μηδεμίαν
2857 1196 2952 1249 ἐπὶ
2983 1194 3191 1249 τούτων
3220 1198 3319 1265 τῆς
3351 1195 3602 1266 ένότητος
3636 1212 3755 1249 συν-

474 1305 564 1346 res
602 1302 813 1353 eorum,
854 1285 1108 1356 quamvis
1156 1285 1309 1340 salus
1344 1283 1481 1337 nulli
1529 1283 1825 1337 interclusa
1865 1283 1977 1345 sit,
2008 1280 2061 1333 in

2179 1286 2365 1355 τομίαν
2420 1287 2911 1359 περιεργάζεσθαι,
2942 1288 3012 1341 δι’
3040 1280 3116 1343 ὧν
3148 1287 3206 1341 δὲ
3236 1288 3405 1341 παντὶ
3465 1288 3644 1358 τρόπῳ
3667 1288 3756 1340 ὲκ-

475 1379 845 1436 ιιαηειιίει·ἱιιο
884 1377 1121 1432 concilio
1155 1385 1420 1431 statutum
1463 1382 1571 1437 est,
1603 1374 1655 1428 id
1688 1382 1790 1438 est,
1826 1381 1887 1426 ut
1912 1370 2060 1425 ordi-

2179 1376 2513 1448 τελεσθῆναι,
2539 1380 2573 1450 ἡ
2608 1376 2876 1449 καθολικὴ
2920 1377 3112 1451 ἑνότης
3166 1377 3389 1449 φανερῷ
3422 1378 3604 1448 κέρδει
3655 1377 3757 1432 τῶν

474 1472 589 1525 nati
620 1471 673 1524 in
705 1478 861 1539 parte
890 1467 1082 1523 Donati
1122 1466 1166 1521 si
1189 1464 1257 1519 ad
1291 1464 1618 1519 catholicam
1654 1463 1888 1518 correcti
1912 1471 2065 1517 tran-

2179 1467 2478 1536 ἀδελφικῶν
2504 1467 2694 1540 ψυχῶν
2724 1469 2946 1540 φανείη,
2977 1471 3036 1522 ὲν
3066 1472 3178 1533 τοῖς
3202 1469 3391 1533 τόποις
3414 1462 3496 1532 οἷς
3517 1468 3757 1537 διάγουσι

473 1564 584 1617 sire
628 1562 921 1622 voluerint,
957 1574 1066 1615 non
1113 1558 1486 1627 suscipiantur
1525 1557 1578 1610 in
1612 1555 1918 1611 honoribus
1953 1552 2069 1611 suis

2179 1554 2250 1626 μὴ
2282 1557 2584 1629 ὲμποδίσῃς
2638 1558 2851 1623 τούτοις
2880 1560 2941 1613 τὸ
2965 1561 3182 1629 ὁρισθὲν
3247 1559 3391 1613 κατὰ
3420 1559 3528 1611 τῶν
3582 1558 3756 1629 τιμῶν

476 1655 780 1709 secundum
814 1650 1244 1706 transmarinum
1297 1648 1593 1704 concilium
1629 1666 1643 1702 :
1687 1649 1784 1703 sed
1826 1646 2069 1718 exceptis

2179 1645 2351 1700 αὐτῶν
2372 1648 2429 1700 tv
2459 1651 2526 1718 τῆ
2552 1651 2910 1723 περαματικῇ
2945 1648 3180 1719 συνόδῳο
3207 1647 3415 1701 ὁπόταν
3443 1647 3503 1700 τὸ
3529 1645 3757 1716 σωθῆναι

478 1747 586 1811 his,
621 1761 717 1816 per
756 1758 897 1815 quos
924 1741 1207 1797 catholicae
1238 1739 1429 1794 unitati
1454 1736 1783 1794 consulitur.

2179 1736 2351 1792 οὐδενὶ
2398 1739 2678 1812 προσώπῳ
2732 1741 3191 1796 ἀποκέκλεισται’
3248 1740 3529 1794 τουτέστιν
3592 1740 3679 1794 tvo.
3710 1738 3759 1792 ol

476 1838 949 1911 χειροτονηθέντες
984 1839 1042 1889 ὲν
1085 1834 1165 1906 τῷ
1219 1833 1331 1888 τῶν
1381 1832 1722 1888 Δονατιστῶν
1770 1832 1951 1904 μέρει,
2016 1831 2111 1885 ἐὰν
2152 1832 2292 1906 πρὸς
2334 1834 2434 1907 τὴν
2482 1836 2776 1909 καθολικὴν
2842 1836 3062 1891 σύνοδον
3117 1838 3194 1909 μὴ
3246 1836 3505 1907 δεχθῶσιν
3566 1836 3624 1890 tv
3647 1838 3761 1901 ταῖς

477 1933 710 1995 οἰκείαις
758 1931 967 2003 τιμαῖς,
994 1927 1130 1981 ἀλλὰ
1161 1926 1362 1996 μᾶλλον
1390 1920 1536 1979 οὗτοι
1574 1924 1974 1998 προσδεχθῶσι,
2006 1924 2073 1980 δι’
2107 1918 2183 1980 ὧν
2204 1930 2270 2000 τῇ
2299 1927 2566 2002 καθολικῇ
2593 1930 2807 2000 ένότητι
2846 1931 3058 2000 γίνεται
3096 1931 3345 2000 πρόνοια.

1053 2020 1248 2073 Basilii
1266 2036 1443 2073 canon
1473 2020 1523 2073 1.

2642 2024 2975 2078 Βασίλειον
3011 2022 3216 2076 κανὼν
3241 2019 3310 2075 α’.

551 2116 606 2171 1.
638 2113 796 2180 Quod
832 2112 997 2183 igitur
1027 2110 1095 2165 ad
1116 2111 1386 2166 Catharos
1411 2110 1664 2179 pertinet,
1695 2116 1829 2175 etc.,
1864 2116 1919 2161 ut
1948 2122 2073 2177 pag.

493 2203 621 2260 866.

551 2294 826 2368 Pepuzeni
857 2309 1010 2366 ergo,
1044 2302 1176 2361 etc.,
1203 2302 1260 2347 ut
1289 2310 1414 2365 pag.
1450 2290 1580 2348 866.

551 2387 778 2444 Cathari
818 2392 968 2450 sunt,
997 2393 1128 2451 etc.,
1170 2393 1226 2436 ut
1260 2400 1383 2453 pag.
1422 2382 1549 2437 367.

742 2472 1015 2541 Theophili
1056 2486 1121 2525 ea:
1161 2470 1591 2535 commouitorio,
1614 2484 1732 2537 cap.
1770 2468 1822 2522 l.

586 2569 639 2623 1.
699 2566 776 2623 De
848 2567 917 2622 iis
977 2564 1072 2636 qui
1133 2563 1354 2619 Arianis
1420 2563 1969 2618 communicaverunt
2023 2570 2079 2617 et

484 2662 763 2719 Ecclesias
803 2660 911 2715 huc
944 2674 1117 2729 usque
1140 2659 1405 2725 detinent,
1459 2668 1518 2712 ut
1540 2674 1599 2713 se
1648 2658 1815 2714 habet
1837 2671 2076 2713 consue-

2254 2109 2327 2168 α’.
2356 2112 2428 2167 Τὸ
2444 2112 2542 2184 μὲν
2557 2108 2650 2168 οὖν
2673 2115 2800 2187 περὶ
2824 2114 2948 2179 τοὺς
2976 2113 3269 2185 Καθαροὺς
3301 2112 3544 2185 ζήτημα,
3564 2130 3617 2169 κ.
3639 2128 3689 2168 τ.
3712 2113 3761 2169 λ.

2254 2300 2322 2355 Ol
2348 2300 2530 2355 τοίνυν
2556 2301 2922 2373 Πεπουζηνοὶ,
2953 2320 3009 2358 κ.
3034 2319 3087 2358 τ.
3118 2301 3170 2358 λ.

2247 2393 2317 2447 Ol
2349 2394 2404 2447 δὲ
2437 2394 2705 2465 Καθαροὶ,
2734 2412 2788 2449 κ.
2821 2412 2873 2450 τ.
2909 2394 2962 2452 λ.

2324 2488 2622 2557 Θεοφίλου
2655 2488 2723 2542 ἐκ
2754 2487 2862 2543 τοῦ
2901 2486 3362 2559 ὺπομνηστικοῦ
3401 2504 3539 2559 κεφ.
3565 2486 3634 2543 α’.

2252 2582 2323 2633 α’.
2353 2579 2492 2651 Περὶ
2553 2578 2662 2633 τῶν
2695 2579 3143 2651 κοινωνησάντων
3164 2581 3277 2644 τοῖς
3316 2581 3633 2651 Ἀρειανοίς,
3678 2579 3770 2633 καὶ

2185 2669 2348 2741 μέχρι
2377 2669 2474 2723 τοῦ
2521 2670 2617 2724 νῦν
2656 2671 2757 2735 τὰς
2793 2670 3124 2743 Ἐκκλησίας
3164 2672 3526 2742 κατεχόντων,
3565 2673 3640 2737 ὼς
3665 2671 3751 2726 έθε

487 2756 640 2821 tudo,
688 2753 783 2808 ﬁat
816 2773 832 2820 -,
877 2751 952 2805 ita
986 2760 1166 2805 tamen
1202 2758 1263 2805 ut
1319 2749 1411 2804 alii
1442 2750 1871 2816 constituantur,
1894 2751 1987 2820 qui
2012 2749 2068 2803 ἰ»

2179 2763 2239 2816 τὸ
2267 2762 2388 2827 ἔθος
2415 2762 2650 2833 γινέσθω
2671 2777 2687 2792 °
2718 2761 2863 2818 οὕτω
2884 2764 3090 2835 μέντοι,
3141 2764 3283 2820 ὥστε
3327 2764 3552 2837 ἑτέρους
3582 2750 3772 2819 κατα-⁸

484 2845 815 2904 orthodoxia
866 2843 1248 2908 testiﬁcentur,
1309 2850 1365 2898 et
1416 2841 1491 2895 illi
1552 2849 1929 2912 permaneant.
1976 2839 2076 2896 llis

2179 2856 2370 2928 στῆναι
2422 2858 2908 2928 μαρτυρουμένους
2928 2858 2987 2911 tv
3019 2856 3302 2930 όρθοδοξίᾳ
3325 2856 3620 2922 κάκείνους
3650 2855 3771 2911 ἁλί-

484 2957 704 3012 quoque
747 2939 821 2993 ita
856 2936 1208 3007 dispensatis,
1261 2944 1322 2991 ut
1362 2936 1486 2992 aliis
1512 2936 1741 2993 urbibus
1780 2936 2075 2993 orthodoxi

2183 2947 2376 3013 ζεσθαι
2404 2966 2418 2979 ·
2456 2947 2633 3012 οὕτως
2685 2949 3162 3019 οἰκονομουμένων
3194 2948 3554 3014 καὶτούτων,
3588 2947 3772 3019 ὥσπερ

487 3037 542 3088 in
596 3030 878 3087 Thebaide
927 3028 1169 3099 episcopi
1213 3026 1481 3093 fecerunt,
1532 3028 1627 3098 qui
1686 3030 1756 3083 ab
1807 3030 2070 3099 episcopo

2181 3042 2278 3094 καὶ
2303 3043 2359 3094 tv
2392 3045 2518 3105 ταῖς
2546 3041 2737 3105 ἄλλαις
2764 3041 2955 3095 πόλεσι
2982 3043 3353 3114 πεποιήκασιν
3378 3043 3429 3095 οἱ
3451 3042 3515 3094 ὲν
3549 3040 3772 3112 Θηϐαΐδι

488 3124 739 3195 Apolline
798 3121 1106 3184 constituti,
1169 3128 1223 3174 et
1261 3120 1355 3191 qui
1392 3135 1519 3175 cum
1550 3121 1773 3177 Arianis
1795 3121 2076 3178 Ecclesias

2184 3130 2459 3202 ὀρθόδοξοι
2494 3132 2810 3195 ἐπίσκοποι,
2843 3132 2895 3185 οἱ
2918 3132 3285 3196 καταστάντες
3311 3131 3463 3201 παρὰ
3509 3130 3774 3185 Ἀπόλλω-

491 3216 822 3271 habentibus
877 3211 1372 3281 communicantes,
1422 3214 1756 3283 puniantur;
1788 3213 2077 3281 siquidem

2185 3240 2275 3286 νος
2296 3222 2391 3275 τοῦ
2414 3223 2743 3290 ἐπισκόπου,
2772 3224 2863 3278 καὶ
2888 3224 3314 3295 κοινωνήσαντες
3336 3226 3446 3288 τοῖς
3472 3223 3655 3294 ἔχουσι
3681 3224 3775 3285 τὰς

491 3308 736 3376 ipsorum
790 3301 1070 3358 voluntate
1130 3304 1236 3355 hoc
1282 3300 1578 3370 fecerunt;
1617 3302 1705 3358 sin
1736 3311 1918 3357 autem
1948 3316 2077 3373 pro-

2194 3314 2525 3385 Ἐκκλησίας
2567 3317 2864 3388 Ἀρειανοϊς
2896 3314 3346 3388 ὲπιτιμάσθωσαν
3409 3317 3465 3369 εί
3494 3335 3557 3386 γε
3586 3316 3775 3386 γνώμῃ

490 3400 610 3471 Pri"
644 3399 906 3467 episcopo
966 3393 1315 3461 οδθάίθτυηίο
1354 3404 1733 3464 ΡθΓ¹¹¹³¹¹⁰³ῐ¹ῑο
1785 3395 1888 3451 cui
1935 3395 2083 3465 ψιοα
2113 3401 2156 3460 C
2190 3407 2371 3461 αὐτῶν
2418 3410 2758 3480 πεποιήκασι
2802 3408 2993 3463 τοῦτο’
3052 3409 3103 3463 ει
3145 3408 3204 3462 δὲ
3254 3409 3490 3480 ὑπήκοοι
3529 3409 3776 3478 γεγόνασι

490 3494 702 3560 justum
754 3498 841 3543 est
893 3500 1002 3541 non
1042 3485 1318 3541 noverint.
1386 3484 1456 3540 Et
1507 3487 1553 3541 si
1601 3500 1795 3542 omnes
1856 3487 2077 3556 quidem

2189 3498 2270 3570 τῷ
2297 3499 2485 3571 οἰκείῳ
2505 3501 2814 3573 ὲπισκόπῳ,
2845 3500 3240 3567 ἁλιζέσθωσαν,
3258 3502 3335 3567 ὡς
3366 3501 3443 3575 μὴ
3472 3503 3776 3573 ἐπεγνωκό-

474 3581 679 3659 populi
716 3595 814 3635 eos
870 3592 997 3633 cum
1057 3576 1181 3630 aliis
1238 3576 1513 3646 rejiciant,
1566 3578 1659 3632 alii
1710 3578 2077 3645 ordinentur;

2190 3610 2283 3657 τες
2303 3594 2368 3647 τὸ
2401 3592 2625 3664 εὔλογον
2644 3611 2659 3625 ο
2717 3594 2811 3648 καὶ
2841 3596 2889 3648 εί
2923 3595 3023 3667 μὲν
3079 3594 3281 3659 πάντες
3311 3597 3360 3649 οι
3390 3595 3515 3650 λαοὶ
3558 3596 3776 3659 τούτους

493 3681 579 3733 sin
611 3684 791 3729 autem
844 3684 941 3726 cos
994 3669 1231 3724 retinent
1254 3684 1382 3724 cum
1441 3670 1549 3725 illis
1597 3669 1799 3740 quibus
1831 3684 2082 3725 commu-

494 3770 772 3829 nicarunt,
807 3763 843 3816 ii
869 3775 1091 3832 quoque
1129 3776 1249 3816 eam
1304 3763 1762 3818 consuetudinem
1794 3764 2084 3833 experian-

497 3872 606 3926 tur,
668 3871 778 3927 qua
813 3854 900 3910 usi
935 3860 1068 3909 sunt
1113 3867 1306 3911 omnes
1331 3856 1623 3911 orthodoxi
1681 3854 1738 3910 in
1801 3854 2081 3912 Thebaide

495 3952 757 4022 episcopi.

566 4138 730 4211 393
762 4137 915 4194 CAP.
953 4135 1097 4192 VIII.
1128 4164 1197 4177 -—
1228 4133 1305 4187 De
1323 4131 1581 4202 episcopis
1614 4139 1710 4185 aut
1749 4132 1962 4187 clericis
1990 4133 2083 4203 qui

498 4232 898 4287 communicant
929 4230 1007 4284 vel
1046 4238 1198 4283 orant
1222 4242 1342 4281 cum
1367 4226 1654 4289 liazreticis,
1691 4224 1768 4279 vel
1808 4226 1885 4277 eis
1919 4224 2082 4277 mini-

498 4326 721 4379 sterium
776 4339 991 4377 sacrum
1046 4321 1384 4392 permittunt,
1431 4316 1510 4371 vel
1556 4317 1862 4371 earumdem
1909 4315 2083 4386 bapti-

496 4432 668 4471 smum
704 4427 799 4470 aut
835 4413 1165 4483 sacriﬁcium
1196 4409 1479 4478 recipiunt.

783 4506 1165 4578 Apostolorum
1190 4516 1419 4556 canones
1458 4499 1545 4565 l0,
1583 4498 1674 4565 45,
1709 4498 1799 4552 46.

568 4603 657 4658 10.
678 4600 734 4654 Si
758 4601 882 4669 quis
901 4611 1023 4652 cum
1044 4591 1545 4653 excommunicato,
1576 4591 1659 4645 vel
1681 4591 1736 4644 in
1759 4589 1948 4656 domo,
1973 4605 2080 4644 una

498 4704 751 4765 precatus
783 4691 973 4755 fuerit,
1013 4690 1062 4743 is
1088 4698 1422 4758 segregetur.

570 4786 642 4841 45
673 4783 816 4857 [44].
862 4784 1187 4852 Episcopus,
1220 4780 1304 4833 vel
1338 4780 1647 4852 presbyter,
1672 4787 1759 4833 vel
1791 4785 2083 4839 diaconus,
2117 4762 2161 4816 Ῑ)

500 4882 740 4949 quicum
772 4873 1043 4931 Ilil‘l‘ellClS
1063 4874 1142 4927 vel
1176 4875 1354 4928 solum
1386 4880 1767 4941 comprecatus
1800 4880 1906 4935 est,
1933 4878 2068 4932 etc.,

500 4982 553 5023 ut
575 4985 698 5039 pag.
727 4967 851 5021 610.

573 5063 641 5117 46
671 5059 800 5133 [45].
838 5058 1189 5128 Episcopum,
1222 5057 1303 5111 vel
1330 5054 1709 5126 presbyterum
1749 5054 1842 5123 qui
1864 5052 2084 5108 haereti-

501 5169 688 5212 corum
716 5152 1066 5221 baptismum,
1102 5156 1233 5210 etc.,
1268 5156 1325 5199 ut
1360 5161 1482 5215 pag.
1517 5144 1644 5199 610.

853 5237 1083 5294 Concilii
1126 5236 1438 5291 Antiocheni
1471 5251 1640 5290 canon
1674 5234 1729 5290 2.

577 5341 632 5396 2.
662 5337 868 5393 Omnes
902 5332 997 5403 qui
1030 5331 1408 5400 ingrediuntur
1434 5329 1489 5384 in
1513 5328 1813 5384 Ecclesiam
1835 5325 1949 5392 Dei,
1981 5335 2099 5393 etc.,

504 5427 875 5504 utpag.606.

822 5518 1052 5577 Concilii
1082 5515 1369 5569 Laodiceni
1395 5530 1589 5569 canon.
1609 5514 1699 5569 55.

573 5620 663 5673 35.
695 5613 853 5682 Quod
912 5625 1019 5666 non
1076 5617 1291 5679 oportet
1343 5623 1451 5662 una
1503 5622 1630 5662 cum
1681 5604 1958 5661 haereticis
2004 5603 2087 5658 vel

507 5708 877 5765 scliisniaticis
911 5718 1093 5758 orare.

574 5805 713 5873 Lege
742 5815 863 5870 qua:
891 5797 1143 5853 adnotata
1176 5803 1304 5848 sunt
1343 5792 1395 5846 in
1427 5806 1547 5862 cap.
1600 5791 1688 5857 15,
1733 5791 1818 5846 tit.
1878 5791 1911 5846 5
1950 5804 2089 5860 pra:-

537 5896 680 5949 cntis
716 5893 923 5960 operis.

2188 3686 2583 3742 ἁποποιοῦνται
2641 3689 2783 3758 μετὰ
2813 3690 2922 3743 τῶν
2964 3688 3164 3757 ἄλλων,
3226 3689 3407 3761 ἕτεροι
3455 3689 3776 3761 χειροτονεί-

2189 3780 2443 3833 σθωσαν·
2508 3781 2648 3835 εἰδὲ
2676 3781 3082 3836 ἀντιποιοῦνται
3123 3779 3305 3837 αὐτῶν
3374 3781 3499 3852 μετ’
3558 3781 3775 3836 ἐκείνων

2184 3863 2267 3932 οἷς
2315 3872 2749 3940 κεκοινωνήκασι
2788 3871 3015 3943 ταύτης,
3063 3865 3212 3927 οὗτοι
3277 3872 3773 3944 ἀποπειράσθωσαν

2184 3961 2287 4031 τῆς
2342 3962 2651 4033 συνηθείας,
2682 3958 3045 4038 ᾖὲχρήσαντο
3094 3966 3144 4019 ol
3192 3966 3252 4020 tv
3284 3964 3523 4037 Θηϐαΐδι
3576 3966 3774 4028 πάντες

2185 4052 2458 4126 ὀρθόδοξοι
2483 4054 2793 4110 ἐπίσκοποι.

2261 4147 2512 4204 ΚΕΦΑΛ.
2557 4146 2639 4201 H'.
2676 4179 2746 4189 —
2778 4146 2922 4218 Περὶ
2968 4147 3340 4214 ἐπισκόπων,
3389 4150 3428 4220 ἢ
3478 4146 3775 4218 κληρικῶν

2187 4240 2778 4305 συγκοινωνοωτων,
2812 4239 2851 4308 ἢ
2881 4238 3349 4310 συνευχομένων
3373 4240 3709 4309 αἱρετικοῖς,
3737 4238 3771 4306 ἢ

2189 4328 2629 4396 ἐπιτρεπόντων
2658 4329 2865 4396 αὐτοῖς
2888 4330 3180 4401 ἐνεργεῖν,
3222 4330 3261 4401 ἢ
3290 4330 3636 4402 δεχομένων
3670 4332 3774 4385 αὺ-

2190 4416 2311 4469 τῶν
2335 4416 2656 4487 ,βάπτισμα
2691 4418 2729 4487 ἢ
2757 4419 2999 4474 θυσίαν.

2484 4510 2871 4564 Ἀποστόλων
2902 4510 3106 4566 κανὼν
3137 4518 3190 4577 ι’,
3225 4512 3333 4584 με’,
3373 4511 3496 4584 μς·’.

2264 4609 2317 4655 ι’.
2358 4602 2423 4655 Εἴ
2447 4618 2532 4666 τις
2581 4604 2931 4674 ἀκοινωνήτῳ
2970 4605 3079 4660 κάν
3147 4604 3208 4659 tv
3254 4606 3388 4679 οἴκῳ
3438 4603 3771 4678 συνεύξηται,

2193 4686 2349 4757 οὗτος
2374 4694 2741 4765 ἁφοριζέσθω.

2268 4791 2373 4855 με’.
2411 4786 2762 4850 Ἐπίσκοπος,
2808 4786 2842 4857 ἢ
2888 4787 3281 4859 πρεσϐύτερος,
3316 4787 3349 4859 ἢ
3380 4788 3650 4854 διάκονος,
3692 4788 3773 4841 αἱ·

2198 4880 2433 4946 ρετικοῖς
2469 4878 2890 4948 συνευξάμενος,
2923 4897 2979 4933 κ.
3008 4897 3060 4934 τ.
3088 4879 3141 4933 λ.

2270 5063 2389 5127 μς¹.
2430 5056 2762 5110 Ἐπίσκοπον
2800 5057 2833 5128 ἢ
2883 5056 3256 5130 πρεσϐύτερον
3293 5056 3588 5128 αἱρετικῶν
3632 5054 3775 5117 δεξα-

2200 5150 2395 5216 μένους
2420 5147 2664 5219 βάπτισμ
2677 5168 2722 5212 1,
2760 5167 2812 5202 κ.
2840 5166 2892 5201 τ.
2918 5147 2967 5202 λ.

2493 5242 2764 5295 Συνόδου
2802 5240 3170 5311 Ἀντιοχείας
3197 5241 3400 5296 κανὼν
3432 5239 3500 5311 β’.

2266 5333 2333 5403 β’.
2374 5333 2592 5395 Πάντας
2621 5332 2749 5396 τοὺς
2780 5333 3048 5397 εἰσιόντας
3086 5334 3168 5399 εἰς
3199 5331 3298 5403 τὴν
3329 5329 3656 5401 Ἐκκλησίαν
3686 5327 3774 5379 τοῦ

2193 5426 2351 5490 Θεοῦ,
2382 5443 2435 5479 κ.
2464 5443 2513 5478 τ.
2538 5425 2588 5479 λ.

2477 5517 2752 5571 Σνυνόδου
2787 5517 3138 5585 Λαοδικείας
3170 5517 3371 5571 κανὼν
3395 5517 3494 5585 λγ’.

2268 5610 2370 5678 λγ’.
2413 5609 2535 5662 ’Ότι
2563 5610 2622 5663 ού
2650 5611 2733 5663 δεῖ
2766 5612 3063 5681 αίρετικοίς
3109 5611 3142 5682 ἢ
3180 5609 3559 5680 σχισματικοῖς
3594 5602 3772 5660 συνεύ-

2200 5702 2411 5773 χεσθαι.

2275 5795 2571 5866 Ἀνάγνωθι
2600 5796 2669 5849 τὰ
2695 5793 3213 5867 παραγεγραμμένοι
3247 5796 3304 5847 ὲν
3331 5794 3409 5866 τῷ
3438 5799 3501 5848 ιε’
3535 5808 3652 5859 κεφ.
3689 5786 3774 5839 τοῦ

2206 5886 2251 5953 γ’
2284 5886 2386 5941 τίτ.
2424 5886 2516 5940 τοῦ
2552 5885 2819 5958 παρόντος
2857 5885 3255 5955 συντάγματος.
