4156 6436
532 343 629 410 881

1256 342 1657 404 SYNTAGMA
1695 341 2086 403 CANONUM.
2125 363 2195 375 --
2221 338 2369 400 ΤΙΤ.
2405 340 2544 415 XII,
2585 342 2745 405 CAP.
2783 345 2953 419 VII-1,
3003 347 3110 407 ῘΧ.

3710 343 3816 408 882

608 453 851 508 ΚΕΦᾹΑ.
897 449 975 507 8'.
1027 481 1099 493 —
1142 453 1281 521 Περὶ
1327 452 1680 507 ἐπισκόπων
1722 453 1761 522 ἢ
1813 439 2116 521 κληρικῶν

2291 452 2446 507 CAP.
2483 452 2573 508 IX.
2607 485 2671 497 -—
2716 456 2791 512 De
2827 458 3081 527 episcopis
3105 464 3196 511 aut
3216 454 3425 512 clericis
3450 458 3542 528 qui
3576 460 3815 530 eulogia:

532 545 960 613 λαμϐανόντων
984 545 1268 615 εὐλογίας
1301 544 1371 608 ἐξ
1399 546 1709 613 αίρετι-κῶν
1734 546 1771 614 ἢ
1789 544 2115 608 Ἰουδαίων,

532 638 571 704 ἢ
598 635 946 707 εὐχομένων
986 636 1056 690 ἐν
1102 636 1461 704 ἐκκλησίαις
1496 638 1533 703 ἢ
1573 639 1999 706 μοναστηρίοις
2037 640 2122 691 αἱ·

524 728 797 800 ρετικῶν,
850 729 891 799 ἢ
931 729 1205 792 ἐθνικῶν,
1250 731 1287 799 ἢ
1342 730 1839 797 σαϐϐατιζόντων,
1886 734 1925 801 ἢ
1973 750 2123 788 συνο

531 820 926 892 εορταζόντων
980 821 1106 888 τοῖς
1163 822 1499 888 Ἰουδαίοις,
1559 823 1600 893 ἣ
1654 825 2123 893 προσφερόντων

532 912 909 983 συναγωγαῖς
954 912 995 982 ἢ
1034 911 1215 983 ἱεροῖς
1256 912 1470 980 ἐθνῶν,
1520 914 1620 970 καὶ
1661 914 1796 984 περὶ
1855 914 2121 985 ’Δγ-γελι-

530 1005 673 1063 τῶν.

915 1120 1300 1175 Ἀποστόλων
1329 1120 1532 1176 κανὼν
1561 1121 1652 1190 Εε’,
1686 1128 1751 1177 ο’.

602 1234 693 1300 es}.
734 1235 802 1289 Εί
831 1252 916 1298 τις
964 1234 1226 1306 κληρικδς
1253 1235 1288 1306 ἢ
1335 1234 1543 1303 λαῖκδς,
1586 1236 1815 1290 εἰσέλθοι
1867 1237 1949 1300 είς
1992 1253 2121 1290 συν-

530 1327 756 1399 αγωγὴν
793 1327 1066 1381 Ἰουδαίων
1091 1328 1124 1398 ἢ
1153 1327 1445 1400 αἱρετικῶν
1475 1328 1901 1400 προσεύξασθαι.
1931 1329 2123 1383 καθαι-

535 1422 731 1493 ρείσθω
754 1421 849 1475 καὶ
875 1420 1244 1492 άφοριζέσθω.

603 1522 664 1568 o’.
707 1513 776 1567 Εί
804 1532 888 1578 τις
918 1514 1238 1581 ἐπίσκοπος,
1274 1515 1307 1586 ἦ
1353 1515 1746 1586 πρεσϐύτερος,
1784 1513 1817 1585 ἢ
1854 1515 2122 1581 διάκονος,

532 1606 563 1674 ἤ
594 1605 731 1668 ὅλως
759 1604 856 1658 τοῦ
888 1605 1195 1675 καταλόγου
1225 1606 1333 1661 τῶν
1371 1606 1673 1678 κληρικῶν,
1702 1605 1953 1673 νηστεόοι
1986 1606 2126 1677 μετὰ

548 1694 834 1763 Ἰουδαίων,
866 1714 922 1750 κ.
953 1713 1005 1750 τ.
1038 1697 1090 1750 λ.

534 1806 803 1861 Συνόδου
841 1808 1193 1876 Λαοδικείας
1234 1808 1436 1863 κανὼν
1480 1807 1547 1874 θ’,
1592 1809 1695 1876 κθ’,
1744 1809 1847 1880 λβ’,
1893 1808 1987 1873 λε’,
2023 1807 2121 1871 λζ’,
2158 1824 2199 1877 Β

1211 1880 1314 1947 λη’,
1357 1881 1454 1934 λθ’.

605 1986 671 2044 θ’.
715 1989 853 2060 Περὶ
888 1989 982 2043 τοῦ
1014 1990 1089 2062 μὴ
1141 1994 1444 2061 συγχωρεῖν
1489 1993 1569 2055 είς
1598 1991 1665 2045 τὰ
1697 1991 2056 2061 κοιμητήρια,
2089 1991 2123 2061 ἢ

535 2083 616 2145 εἰς
647 2081 718 2135 τὰ
757 2081 1029 2152 λεγόμενα
1064 2086 1370 2153 μαρτυρεῖα
1409 2084 1628 2137 πάντων
1661 2084 1771 2137 τῶν
1810 2083 2127 2155 αἱρετικῶν,

536 2173 758 2227 ἀπιέναι
803 2176 929 2237 τοὺς
972 2175 1075 2246 τῆς
1124 2175 1486 2246 Ἐκκλησίας,
1535 2175 1702 2245 εὐχῆς
1748 2175 1781 2246 ἢ
1833 2176 2131 2247 θεραπείας

539 2264 734 2317 ἕνεκα·
786 2264 923 2319 ἀλλὰ
964 2268 1091 2329 τοὺς
1118 2266 1417 2331 τοιούτους,
1469 2265 1565 2320 ἐὰν
1595 2260 1698 2319 ὦσι
1742 2266 1946 2331 πιστοὶ,
1980 2267 2132 2319 ἀκοι-

543 2359 811 2426 νωνήτους
836 2357 1082 2427 γίνεσθαι
1116 2360 1280 2430 μέχρι
1309 2359 1484 2423 τινός·
1522 2359 1917 2430 μετανοοῦντας
1946 2360 2003 2414 δὲ
2037 2360 2132 2415 καὶ

542 2445 1067 2519 ἐξομολογουμένους
1093 2448 1383 2518 ἐσφάλθαι,
1422 2448 1844 2522 παραδέχεσθαι.

613 2632 719 2687 κθ’.
762 2634 887 2687 Ὅτι
912 2633 975 2687 οὐ
1008 2633 1090 2687 δεῖ
1112 2635 1473 2705 Χριστιανοὺς
1510 2634 1840 2700 Ἰουδαϊζειν,
1866 2652 1920 2690 κ.
1950 2652 2002 2690 τ.
2026 2635 2081 2688 λ.

612 2725 711 2795 λβ’.
752 2726 951 2780 Ὀτιοὺ
975 2725 1056 2779 δεῖ
1083 2726 1375 2797 αίρετικῶν
1410 2726 1661 2793 εὐλογίας
1685 2726 2005 2797 λαμϐάνειν,
2038 2723 2130 2779 αἴ-

550 2818 695 2882 τινές
727 2820 865 2873 εἰσιν
900 2817 1115 2887 ἁλογίαι
1153 2817 1414 2891 μᾶλλονῆ
1441 2818 1707 2887 εὐλογίαι.

616 3003 709 3057 λε’.
753 3004 877 3057 Ὀτι
929 3003 991 3057 οὐ
1039 3004 1121 3057 δεῖ
1152 3001 1540 3073 Χριστιανοω,
1590 3002 2011 3071 ἐγκαταλείπειν
2038 3001 2140 3073 τὴν

559 3098 887 3167 Ἐκκλησίαν
936 3096 1033 3150 τοῦ
1086 3095 1245 3161 Θεοῦ,
1297 3098 1392 3150 καὶ
1438 3097 1684 3163 ἀπιέναι,
1730 3097 1826 3150 καὶ
1867 3096 2140 3165 ἀγγέλους

2230 547 2295 597 ab
2327 543 2590 600 hwreticis
2618 545 2699 599 uel
2716 546 2921 601 Judazis
2944 548 3235 617 accipiunt,
3262 558 3356 601 aut
3384 559 3539 603 orant
3566 550 3620 603 in
3647 552 3814 605 eccle-

2228 638 2325 691 siis
2378 637 2457 691 vel
2494 639 2832 693 monasteriis
2886 638 3259 694 hwreticorum
3306 648 3400 693 aut
3450 640 3803 706 ethnicorum,

2228 729 2307 782 vel
2356 728 2650 785 Sabbatum
2686 730 2900 802 aliaque
2945 732 3081 801 festa
3113 748 3231 785 cum
3276 730 3484 787 Iudicis
3528 734 3813 800 celebrant,

2228 829 2321 873 aut
2351 819 2639 876 oblationes
2663 823 2868 892 faciunt
2884 824 3166 897 synagogis
3185 823 3265 880 vel
3281 824 3426 893 fanis
3449 825 3774 881 ethnicorum
3796 842 3815 881 :

2228 913 2354 967 item
2382 912 2447 968 de
2476 913 2754 985 Angelitis.

2585 1122 2961 1193 Apsotolorum
2999 1136 3223 1177 canones
3247 1119 3340 1187 65,
3368 1119 3463 1177 70.

2301 1238 2371 1293 65
2396 1238 2536 1310 [65].
2572 1238 2629 1292 Si
2654 1238 2780 1307 quis
2808 1238 3041 1292 clericus
3069 1237 3155 1293 vel
3198 1236 3374 1292 laicus
3414 1234 3468 1289 in
3502 1233 3814 1290 Judzeorum

2230 1329 2397 1401 394
2428 1330 2511 1383 vel
2547 1328 2932 1383 haereticorum
2976 1342 3310 1399 synagogam
3341 1326 3623 1396 ingressus
3652 1323 3723 1379 sit
3748 1324 3817 1378 ad

2232 1421 2525 1484 orandum,
2556 1420 2862 1488 deponatur
2881 1427 2935 1474 et
2966 1428 3300 1490 segregetur.

2303 1512 2372 1566 70
2420 1510 2561 1583 [69].
2608 1510 2664 1565 Si
2702 1511 2826 1580 quis
2876 1511 3191 1580 episcopus,
3241 1510 3323 1565 vel
3374 1509 3681 1581 presbyter,
3721 1507 3808 1563 vel

2232 1606 2520 1669 diaconus,
2550 1602 2632 1656 vel
2672 1603 2897 1657 omnino
2923 1618 2990 1657 ex
3020 1602 3343 1659 clericorum
3370 1603 3640 1672 catalago,
3661 1601 3810 1672 jeju-

2236 1708 2328 1754 nat
2352 1714 2475 1755 eum
2505 1694 2732 1759 Iudaeis.
2768 1707 2896 1760 etc.,
2935 1707 2986 1750 ut
3022 1713 3145 1767 pag.
3173 1696 3300 1750 738.

2584 1811 2812 1867 Concilii
2890 1810 3169 1864 Laodiceni
3217 1826 3441 1865 canones
3488 1808 3545 1875 9,
3590 1807 3684 1872 29,
3723 1806 3815 1873 52,

2763 1882 2854 1948 55,
2895 1883 2986 1949 '57,
3026 1882 3116 1948 58,
3149 1882 3241 1937 59.

2303 1994 2358 2061 9,
2401 1992 2517 2047 Non
2546 1992 2955 2049 concedendum
2981 2007 3125 2053 esse,
3160 1998 3218 2046 ut
3247 1992 3299 2045 in
3330 1990 3645 2046 cmmeteria
3667 2032 3681 2057 ,
3725 1990 3816 2044 vel

2236 2085 2379 2139 inea
2405 2099 2529 2155 qua:
2572 2083 2837 2138 dicuntur
2894 2082 3157 2152 martyria
3218 2080 3546 2151 quarumvis
3605 2079 3822 2133 haeretl-

2235 2190 2446 2241 corum,
2486 2174 2683 2229 abeant
2727 2174 2762 2228 ii
2814 2172 2905 2243 qui
2934 2182 3063 2229 sunt
3099 2170 3377 2237 Ecclesiae,
3428 2170 3691 2225 orationis
3737 2167 3825 2223 vel

2234 2268 2609 2323 venerationis
2641 2266 2837 2338 gratia.
2881 2264 2985 2321 Sed
3028 2266 3164 2320 tales
3207 2265 3254 2321 si
3293 2264 3405 2320 sint
3445 2264 3651 2329 fideles,
3698 2276 3824 2317 esse

2235 2360 2632 2431 aliquantisper
2659 2356 3171 2413 excommunicatos
3234 2374 3248 2411 :
3297 2356 3382 2410 sin
3414 2363 3596 2409 autem
3642 2351 3824 2422 poeni-

2236 2454 2409 2508 tentia
2447 2452 2744 2515 ducantur,
2778 2461 2833 2505 et
2864 2466 2923 2506 se
2954 2448 3253 2520 deliquisse
3277 2447 3666 2510 conﬁteantur,
3700 2460 3829 2500 sus-

2238 2543 2367 2614 Cipi.

2312 2633 2403 2689 29.
2426 2632 2584 2699 Quod
2608 2648 2715 2687 non
2741 2640 2957 2703 oportet
2985 2632 3333 2695 Christianos
3356 2630 3661 2701 judaizare.

2314 2725 2405 2780 52.
2440 2724 2595 2791 Quod
2634 2740 2741 2779 non
2762 2732 2979 2796 Oportet
3006 2724 3387 2779 haereticorum
3418 2720 3831 2778 benedictioncs

2248 2819 2497 2889 accipere
2528 2834 2651 2890 quae
2680 2827 2809 2874 sunt
2832 2816 3019 2888 potius
3052 2814 3484 2879 maledictiones,
3518 2826 3683 2883 quam
3731 2811 3832 2867 be-

2247 2909 2610 2965 nedictiones.

2317 3004 2408 3058 '55.
2448 3002 2604 3070 Quod
2653 3017 2763 3057 non
2807 3011 3023 3072 oportet
3066 2998 3434 3065 Christianos,
3492 2996 3679 3051 relicta
3742 2994 3834 3049 Dei

2256 3099 2523 3165 Ecclesia,
2553 3099 2725 3161 abire.
2785 3107 2837 3154 et
2882 3098 3107 3168 angelos
3147 3096 3456 3160 nominare,
3490 3097 3575 3150 vel
3605 3110 3836 3166 congre-

547 3190 855 3261 ὀνομάζειν,
890 3190 985 3244 κα)¹
1011 3189 1261 3255 συνάξεις
1294 3189 1502 3242 ποιεῖν·
1546 3190 1691 3258 ἆπερ
1725 3189 2124 3260 ἀπηγόρευται.

2250 3194 2499 3265 gationes
2530 3192 2743 3259 facere;
2780 3192 2925 3261 quod
2954 3200 3039 3246 est
3062 3190 3418 3261 prohibitum.
3459 3190 3517 3245 Si
3542 3190 3666 3260 quis
3709 3205 3838 3259 ergo

550 3282 715 3345 Εῖτις
756 3277 849 3335 οὖν
880 3281 1077 3353 εὑρεθῇ
1116 3282 1290 3355 ταύτῃ
1336 3283 1401 3352 τῇ
1452 3280 1812 3353 κεκρυμμένῃ
1858 3281 2142 3335 εἰδωλολα-

551 3374 708 3444 τρείᾳ
737 3374 1036 3445 σχολάζων,
1074 3374 1214 3427 ἔστω
1248 3373 1530 3442 ἀνάθεμα·
1584 3374 1665 3426 ὅτι
1700 3373 2023 3441 ἐγκατέλιπε
2048 3372 2142 3427 τὸν

556 3460 757 3531 Κύριον
784 3461 943 3530 ἡμῶν
965 3462 1176 3532 Ἰησοῦν
1202 3461 1437 3534 Χριστὸν
1469 3462 1558 3515 τὸν
1582 3462 1709 3517 Υἱὸν
1738 3462 1832 3515 τοῦ
1860 3462 2018 3531 Θεοῦ,
2046 3464 2143 3517 καὶ

552 3554 965 3626 εἰδωλολατρείᾳ
997 3555 1325 3626 προσῆλθεν.

618 3646 721 3710 λζ’.
765 3647 890 3699 Ὅτι
923 3646 986 3700 οὐ
1016 3646 1096 3700 δεῖ
1126 3647 1279 3717 παρὰ
1304 3646 1414 3701 τῶν
1448 3646 1766 3718 αῳετικῶν,
1804 3646 1838 3718 ἢ
1868 3645 2145 3700 Ἰουδαίων

552 3740 619 3792 τὰ
642 3739 972 3810 πεμπόμενα
998 3738 1326 3812 ἐορταστικά
1348 3740 1670 3811 λαμϐάνειν,
1699 3738 1835 3810 μηδέ
1859 3740 2148 3812 συνεορτά-

555 3831 666 3896 ζειν
696 3833 903 3895 αὐτοῖς.

624 3922 727 3996 λη’.
771 3925 894 3979 ’Ότι
920 3925 980 3980 οὐ
1014 3925 1095 3979 δεῖ
1133 3926 1285 3997 παρὰ
1330 3923 1441 3978 τῶν
1493 3924 1766 3978 Ἰουδαίων
1794 3922 1981 3994 ἄζυμα
2009 3921 2149 3992 λαμ-

556 4015 739 4070 ϐάνειν
771 4016 809 4087 ἢΔ
840 4018 1120 4071 κοινωνεῖν
1151 4018 1271 4079 ταῖς
1299 4014 1577 4079 ἀσεϐείαις
1608 4014 1807 4069 αὐτῶν.

629 4104 725 4162 λθ’.
783 4108 910 4163 Ὀτι
952 4109 1013 4162 οὐ
1064 4108 1147 4162 δεῖ
1205 4109 1320 4171 τοῖς
1372 4106 1552 4161 ἔθνεσι
1616 4104 2001 4177 συνεορτάζειν
2053 4103 2151 4158 καὶ

557 4202 832 4255 κοινωνεῖν
866 4203 935 4273 τῇ
961 4200 1216 4271 ἀθεότητι
1244 4198 1447 4255 αὐτῶν.

698 4316 970 4377 Συνόδου
997 4315 1419 4386 οίκουμενικῆς
1453 4314 1635 4383 ἕκτης
1676 4313 1876 4370 κανὼν
1915 4322 2004 4370 ια’.

634 4417 722 4465 ια’.
762 4411 968 4478 Μηδεὶς
1000 4408 1109 4463 τῶν
1150 4412 1208 4463 ἐν
1252 4407 1514 4479 ίερατικῷ
1553 4408 2008 4478 καταλεγομένων
2054 4408 2152 4463 τά-

2245 3286 2497 3341 inventus
2533 3283 2697 3340 fuerit
2717 3284 3091 3341 ltuicoccultm
3135 3283 3460 3339 idololatria:
3504 3298 3720 3347 vacare,
3767 3281 3841 3337 sit

2248 3378 2562 3438 anathema,
2591 3376 2718 3447 quia
2756 3376 2981 3446 reliquit
3031 3376 3321 3430 Dominum
3371 3384 3618 3430 nOstrum
3649 3372 3839 3429 Iesum

2243 3470 2544 3534 Christum,
2567 3478 2623 3525 et
2652 3469 2885 3525 accessit
2917 3471 2985 3524 ad
3022 3466 3414 3524 idololatriam.

2322 3649 2413 3705 51.
2441 3648 2597 3714 Quod
2632 3664 2736 3702 non
2767 3655 2985 3719 oportet
3014 3663 3134 3719 quas
3158 3664 3189 3704 a
3219 3646 3423 3704 Judazis
3452 3646 3537 3702 vel
3569 3646 3843 3701 haereticis

2250 3741 2544 3796 mittuntur
2598 3739 2789 3796 festiva
2844 3740 3134 3813 accipere,
3180 3756 3358 3812 neque
3422 3755 3530 3795 una
3584 3755 3709 3795 cum
3762 3740 3845 3795 eis

2252 3833 2453 3888 festum
2490 3847 2673 3902 agere.

2326 3926 2417 3981 38.
2460 3923 2615 3992 Quod
2653 3941 2759 3980 non
2793 3934 3011 3996 Oportet
3054 3941 3085 3981 a
3117 3924 3323 3982 Iudaeis
3349 3939 3539 3997 azyma
3574 3924 3844 3993 accipere,

2254 4014 2339 4070 vel
2366 4029 2557 4069 eorum
2588 4015 2963 4085 impietatibus
3000 4016 3433 4070 communicare.

2327 4107 2414 4162 39.
2442 4104 2599 4171 Quod
2632 4122 2737 4162 non
2768 4114 2988 4176 oportet
3008 4122 3134 4161 cum
3159 4108 3415 4178 gentibus
3440 4106 3637 4162 festum
3662 4118 3847 4176 agere,

2252 4208 2524 4254 eteorum
2561 4198 2826 4269 impietati
2857 4198 3283 4254 communicare.

2577 4309 2807 4366 Consilii
2836 4311 3141 4365 mcumenici
3172 4328 3224 4366 v1
3250 4326 3417 4364 canon
3446 4312 3531 4367 ll.

2330 4402 2417 4457 ll.
2445 4399 2619 4456 Nemo
2636 4416 2827 4457 eorum
2855 4402 2949 4470 qui
2974 4404 3025 4457 in
3058 4404 3387 4459 sacerdotali
3405 4404 3597 4459 ordine
3622 4418 3849 4459 enume-

558 4512 731 4565 γματι
782 4498 816 4568 ἢ
875 4496 1083 4563 λαῖκὺς,
1145 4495 1217 4550 τά
1275 4496 1424 4567 παρὰ
1470 4495 1580 4549 τῶν
1639 4494 1916 4549 Ἰουδαίων
1963 4496 2143 4568 ἄζυμα

2258 4503 2449 4549 rantur
2499 4495 2581 4549 vel
2623 4494 2795 4551 laicus
2850 4493 3164 4551 Iudaeorum
3237 4496 3509 4561 comedat,
3579 4505 3712 4561 etc.,
3787 4505 3849 4549 ut

560 4588 809 4651 ἐσθιέτω,
840 4606 895 4644 κ.
918 4606 970 4642 τ.
996 4588 1048 4644 λ.

644 4683 709 4735 Ἠ
758 4688 807 4737 α’
853 4681 995 4735 διάτ.
1045 4679 1141 4760 τοῦ
1192 4679 1235 4733 θ’
1285 4680 1392 4735 τίτ.
1448 4679 1542 4734 τοῦ
1591 4687 1641 4735 α’
1693 4680 1831 4751 βιόλ.
1880 4682 1974 4736 τοῦ
2019 4682 2150 4736 κὼδ.

564 4776 751 4845 φησὶν,
782 4776 866 4827 ὅτι
889 4774 951 4827 τὸ
974 4776 1038 4845 τῇ
1067 4773 1227 4844 όμάδι
1254 4774 1365 4827 τῶν
1396 4772 1665 4827 Ἰουδαίων
1693 4774 2153 4846 ληγατευόμενον,

564 4870 663 4921 οὒκ
696 4869 1029 4921 ἀπαιτεῖται·
1061 4866 1289 4935 λέγειδὲ
1319 4866 1461 4937 βιόλ.
1490 4867 1585 4935 λδ’,
1616 4867 1722 4921 τίτ.
1741 4874 1803 4931 ε’,
1829 4868 1971 4923 διάτ.
1994 4864 2154 4937 κ’,ότι

566 4962 626 5013 τὸ
666 4959 1101 5031 ληγατευόμενον
1152 4960 1362 5030 θεμιτῷ
1417 4961 1707 5032 σωματείῳ
1750 4961 1783 5033 ἢ
1821 4962 2155 5032 συστήματι,

565 5050 840 5123 ἔρρωται·
894 5049 956 5102 τὸ
989 5049 1231 5102 ἐναντίον
1260 5049 1317 5102 δὲ
1348 5049 1439 5102 ἐπὶ
1483 5049 1763 5120 ἀθεμίτου,
1797 5050 1938 5123 πλὴν
1984 5052 2033 5103 εἰ
2083 5051 2158 5123 μὴ

564 5143 675 5203 τοῖς
705 5142 763 5193 ἐν
792 5138 870 5209 τῷ
921 5138 1071 5210 αὐτῷ
1103 5138 1439 5193 καθέκαστον
1485 5138 1819 5211 ληγατευθῇ⁶
1874 5141 1997 5194 τότε
2050 5144 2159 5213 γὰρ

564 5234 838 5304 ἐῤῥωται.
890 5231 1070 5285 Πολλὰ
1097 5231 1153 5284 δὲ
1181 5231 1406 5284 τοιαῦτα
1440 5231 1651 5302 θέματα
1686 5233 1799 5303 ἔχει
1844 5235 1872 5287 ό
1927 5234 2018 5305 μη’
2054 5234 2159 5289 τίτ.

565 5326 659 5378 τοῦ
692 5324 744 5391 ς’
775 5324 917 5395 βιὸλ.
945 5325 1039 5379 τοῦ
1072 5324 1202 5379 κώδ.
1229 5327 1262 5395 ἡ
1294 5324 1351 5377 δὲ
1384 5324 1427 5379 θ’
1453 5325 1593 5380 διάτ.
1627 5326 1720 5380 τοῦ
1755 5334 1823 5380 ια’
1856 5328 1961 5382 τίτ.
1993 5327 2088 5380 τοῦ
2113 5335 2161 5381 α’

570 5416 714 5485 βιδλ.
752 5417 942 5486 φησὶν,
978 5415 1060 5469 ότι
1087 5416 1182 5467 ἐάν
1208 5414 1261 5466 τι
1294 5414 1512 5487 δωρηθῇ
1548 5415 1580 5486 ἢ
1610 5416 1945 5488 καταλειφθῇ
1977 5417 2162 5482 τόποις

566 5509 599 5578 ἢ
633 5508 943 5579 προσώποις
970 5507 1063 5559 ἐπὶ
1090 5506 1347 5560 συστάσει
1371 5509 1469 5575 τῆς
1490 5506 1599 5559 τῶν
1632 5509 1902 5576 Ἑλλήνων
1926 5509 2156 5580 πλάνης,

568 5604 601 5667 ἠ
638 5599 792 5663 πόλις
818 5599 951 5653 αὐτὸ
985 5598 1254 5669 λαμϐάνει
1300 5602 1357 5651 ἐν
1478 5598 1548 5651 τὰ
1585 5602 1858 5669 πρόσωπα
1889 5604 2071 5656 οἰκεῖ’
2125 5603 2157 5673 ἦ

567 5694 658 5762 ὑφ’
688 5694 754 5763 ἢν
806 5694 857 5747 οἱ
910 5695 1067 5747 τόποι
1114 5693 1414 5746 διάκεινται
1454 5694 1548 5746 καὶ
1600 5694 1981 5763 δαπανῶνται,
2033 5696 2160 5752 καθ’

567 5783 860 5854 ὁμοιότητα
890 5782 998 5838 τῶν
1033 5782 1327 5836 πολιτικῶν
1357 5783 1656 5853 προσόδων.

2260 4602 2383 4657 pag.
2411 4585 2537 4641 738.
2966 4632 2979 4641 ρ

2341 4683 2551 4734 Textus.
2581 4679 2745 4750 395
2781 4678 2974 4735 Const.
3018 4682 3069 4745 l,
3106 4681 3192 4735 tit.
3235 4681 3289 4747 9,
3332 4680 3427 4735 lib.
3489 4697 3505 4735 ι
3545 4678 3681 4739 Cod.
3733 4680 3846 4736 ait:

2264 4771 2421 4837 Quod
2454 4770 2800 4826 universitati
2840 4770 3156 4827 Iudaeorum
3213 4773 3445 4843 legatur,
3477 4788 3583 4826 non
3625 4773 3850 4842 petitur.

2272 4865 2412 4919 Dicit
2440 4879 2570 4919 vero
2604 4863 2766 4919 etiam
2790 4864 2883 4921 lib.
2914 4881 3100 4931 xxxw,
3135 4868 3219 4919 tit.
3263 4866 3315 4927 5,
3349 4864 3546 4936 (Ιίιιεει.
3579 4865 3610 4920 8
3645 4882 3657 4918 :
3692 4864 3851 4931 Quod

2266 4957 2415 5011 licito
2448 4957 2663 5027 corpori
2702 4965 2797 5011 aut
2847 4957 3081 5027 collegio
3119 4958 3349 5028 legatur,
3403 4959 3567 5012 valet.
3618 4956 3853 5011 Contra-

2265 5051 2406 5105 rium
2441 5059 2625 5105 autem
2656 5058 2743 5105 est
2785 5050 2837 5104 in
2901 5052 3093 5107 illicito
3144 5069 3161 5107 :
3200 5061 3563 5121 prazterquam
3593 5051 3635 5105 si
3672 5049 3726 5103 in
3759 5050 3851 5104 illo

2274 5141 2507 5211 singulis
2555 5142 2786 5211 legetur,
2826 5151 2954 5197 tunc
3010 5144 3156 5198 enim
3206 5144 3369 5198 valet.
3424 5142 3629 5198 Multas
3666 5150 3852 5196 autem

2274 5234 2584 5289 istiusmodi
2645 5232 2827 5307 [juris]
2871 5236 3170 5304 positiones
3206 5237 3288 5293 tit.
3328 5237 3418 5303 48,
3473 5238 3566 5291 lib.
3601 5252 3673 5300 γι,
3714 5235 3849 5289 Cod.

2270 5326 2453 5380 habet.
2488 5327 2679 5381 Const.
2728 5342 2895 5396 porro
2926 5328 2981 5390 9,
3027 5330 3107 5382 tit.
3155 5328 3211 5394 ἓ,
3260 5329 3355 5383 lib.
3400 5345 3437 5394 ι,
3474 5328 3586 5383 ait:
3630 5329 3685 5381 Si
3719 5327 3852 5397 quid

2268 5415 2669 5487 [quibUSpiam]
2696 5416 2839 5486 jocis
2882 5427 2978 5471 aut
3026 5419 3279 5487 personis
3308 5420 3372 5473 ad
3406 5419 3850 5473 constituendum

2274 5525 2607 5579 paganorum
2634 5524 2883 5565 errorem
2933 5512 3193 5566 donatum
3243 5521 3338 5566 aut
3370 5511 3619 5566 relictum
3650 5510 3848 5564 fuerit:

2269 5600 2462 5657 civitas
2508 5603 2561 5655 iu
2612 5618 2716 5672 qua
2776 5618 3023 5672 persona:
3058 5604 3325 5668 habitant,
3355 5603 3436 5658 vel
3464 5603 3567 5659 sub
3596 5618 3702 5674 qua
3735 5604 3849 5659 loca

2268 5696 2373 5749 sita
2396 5706 2548 5761 sunt,
2571 5696 2703 5751 illud
2728 5698 2981 5766 percipit,
3001 5705 3054 5752 et
3078 5697 3143 5753 ad
3167 5696 3579 5752 similitudinem
3605 5696 3845 5752 civiliun:

2270 5796 2639 5857 proventuum
2682 5784 2999 5841 insumitur.
