4156 6462
396 351 501 415 883

1549 348 1808 410 ΡΗΟΤῙΙ
1831 348 2335 411 ΡΛΤΒῘΑΒΟΗΕ
2381 351 2489 411 CP.

3577 350 3685 417 881

467 458 618 517 CAP.
653 459 720 514 Χ.
745 489 815 500 —-
839 459 913 514 De
944 460 1182 530 cpiscOpo
1208 460 1299 530 qui
1335 459 1469 512 scire
1520 474 1574 512 se
1618 458 1748 512 dicit
1771 459 1977 513 lucreti-

2155 459 2407 514 ΚΕΦΑΛ.
2449 457 2502 512 l'.
2546 489 2616 500 —
2658 459 2795 527 Napi
2823 460 3163 514 ἐπισκόπου
3211 459 3281 513 ἐν
3314 458 3542 529 εἰδήσει
3584 465 3689 517 λέο

397 571 511 610 cttm
541 553 976 610 communicasse.

671 641 900 697 Concilii
935 641 1371 711 Carthagineusis
1403 654 1575 693 canon
1610 639 1733 693 124.

464 731 544 788 De
572 734 830 803 episcopis
856 731 945 802 qui
973 729 1736 784 Donatista:communicasse
1784 729 1991 783 mentiti

398 824 620 895 fuerint.
1038 839 1040 842 '

468 919 594 975 194.
627 917 686 972 Si
714 926 896 972 autem
931 915 1218 987 probatum
1265 911 1447 975 fuerit,
1497 927 1622 966 eum
1647 912 1714 966 de
1736 927 1990 969 commu-

414 991 834 1066 nione'illorum
872 1008 1039 1063 fuisse
1068 1007 1377 1066 mentitum,
1400 1015 1532 1069 ct,c.,
1565 1016 1619 1058 ut
1635 1003 1914 1075 .pag.68‘2.

465 1101 620 1158 CAP.
650 1101 744 1155 XI.
771 1132 840 1142 —
882 1098 1004 1152 Non
1034 1115 1146 1153 esse
1191 1097 1490 1152 abeundum
1517 1101 1586 1150 ad
1617 1097 1986 1151 haereticorum

396 1197 875 1267 pscudomartyres.
1066 1257 1072 1264 .

759 1283 988 1339 Concilii
1010 1281 1298 1336 Laodiceni
1331 1297 1500 1335 canon
1526 1280 1617 1334 54.

469 1378 540 1433 54
615 1375 774 1444 Quod
840 1393 949 1430 non
1014 1383 1232 1444 oportet
1313 1388 1531 1428 omnem
1601 1373 1979 1427 Christianum

392 1469 595 1524 Christi
678 1478 949 1539 martyres
991 1467 1323 1536 relinquere,
1366 1464 1534 1536 396
1584 1475 1635 1519 et
1684 1465 1750 1519 ad
1807 1463 1979 1520 falsos

392 1573 686 1634 martyres,
750 1561 854 1616 hoc
902 1570 1008 1623 est,
1061 1559 1351 1614 haereticos
1400 1558 1572 1621 abire,
1607 1556 1689 1608 vel
1736 1572 1833 1610 eos
1882 1558 1976 1626 qui

394 1656 543 1724 prius
577 1653 817 1708 haeretici
864 1650 1037 1706 luere.
1099 1649 1160 1702 lli
1210 1649 1356 1703 enim
1395 1655 1527 1704 sunt
1568 1663 1597 1701 a
1648 1645 1756 1700 Deo
1792 1647 1974 1700 alieni.

393 1745 516 1802 Sint
548 1761 680 1815 ergo
709 1743 999 1798 anathema
1028 1739 1123 1811 qui
1155 1741 1220 1795 ad
1251 1755 1347 1795 eos
1380 1743 1603 1794 abeunt.

464 1925 621 1984 CAP.
656 1925 772 1984 Xll.
811 1956 880 1969 ——-
908 1924 991 1980 Ne
1016 1923 1254 1980 Itwretici
1271 1923 1553 1979 ecclesiam
1580 1925 1974 1995 ingrediantur.

761 2107 985 2162 Conrilii
1017 2105 1297 2160 Lnodiceni
1322 2123 1492 2160 conon
1530 2106 1582 2160 6.

459 2201 511 2256 6.
539 2199 656 2256 Non
690 2201 1004 2270 permittere
1051 2199 1338 2263 haereticis,
1377 2209 1438 2252 ut
1471 2199 1522 2252 in
1594 2200 1819 2254 domum
1877 2201 1980 2257 Do-

391 2297 520 2350 nimi
555 2291 953 2364 ingrediantur,
980 2290 1022 2345 si
1057 2291 1110 2344 in
1140 2291 1328 2344 lueresi
1363 2299 1739 2359 permaneant.

459 2481 612 2536 CAP.
646 2480 787 2536 XIII.
815 2511 875 2519 —
916 2480 989 2534 De
1021 2481 1388 2536 Itwrcticorum
1422 2481 1620 2550 nuptiis
1651 2499 1770 2535 cum
1793 2484 1977 2538 ortho-

388 2573 570 2626 domis.

659 2660 888 2716 Concilii
921 2659 1208 2714 Laodiceni
1248 2677 1472 2716 canones
1506 2661 1594 2722 10,
1623 2663 1712 2717 51.

458 2755 545 2810 10.
581 2752 699 2808 Non
725 2764 975 2822 oportere
1001 2769 1097 2808 eos
1126 2754 1218 2822 qui
1261 2762 1391 2807 sunt
1415 2753 1689 2819 Ecclesiae,
1723 2755 1977 2810 Indiscri-

387 2846 638 2901 minatim
675 2862 807 2901 suos
855 2845 994 2901 lllios
1041 2846 1314 2901 haereticis
1350 2847 1701 2901 lltall'imOlliO
1738 2848 1973 2918 conjun-

387 2954 534 3007 gere.

458 3031 548 3085 51.
589 3030 745 3097 Quod
792 3047 902 3084 non
945 3040 1160 3098 oportet
1202 3046 1326 3084 cum
1362 3032 1512 3084 omni
1561 3032 1824 3087 lneretico
1861 3050 1975 3088 ma-

2098 568 2309 620 τοντος
2346 553 2696 606 κοινωνικὸν
2724 553 2831 606 τὸν
2861 552 3179 620 αἱρετικόν.

2332 644 2603 699 Συνόδου
2626 642 3050 713 Καρθαγέννης
3078 643 3279 697 κανὼν
3307 643 3437 715 ρκδ’.

2165 735 2304 804 Περὶ
2335 735 2452 788 τῶν
2489 735 2631 801 τοὺς
2667 736 3032 800 Δονατιστὰς
3065 734 3430 804 κοινωνῆσαι
3456 733 3686 803 ψευδο-

2087 823 2291 896 μένων
2318 827 2688 880 ἐπισκόπων.

2165 918 2294 988 ρκδ’.
2337 918 2467 971 Ἐὰν
2498 917 2556 971 δὲ
2600 916 2895 989 ἀποδειχθῇ
2936 917 3030 971 τὸν
3069 917 3310 971 τοιοῦτον
3336 917 3684 988 ψευσάμενον

2091 1011 2244 1080 παρὰ
2273 1011 2372 1079 τῆς
2399 1012 2624 1064 ἐκείνων
2654 1011 2963 1074 κοινωνίας,
2999 1027 3053 1064 κ.
3079 1027 3130 1064 τ.
3163 1009 3213 1063 λ.

2161 1101 2411 1154 ΚΕΦΑΛ.
2449 1098 2551 1154 lA'.
2587 1127 2657 1142 --
2685 1100 2822 1170 Περὶ
2849 1101 2957 1154 τοῦ
2981 1099 3066 1169 μὴ
3091 1100 3331 1154 ἀπιέναι
3353 1099 3502 1168 πρὸς
3535 1098 3685 1166 τοὺς

2087 1190 2206 1244 τῶν
2231 1190 2541 1261 αἱρετικῶν
2572 1190 3092 1260 ψευδομάρτυρας.

2379 1284 2650 1338 Συνόδου
2681 1284 3034 1350 Λαοδικείας
3062 1287 3266 1338 κανὼν
3291 1284 3390 1338 λδ’.

2154 1374 2249 1429 λδ’.
2293 1375 2417 1429 Ὀτι
2448 1377 2509 1428 οὐ
2549 1377 2633 1429 δεῖ
2671 1377 2845 1429 πάντα
2885 1378 3213 1447 Χριστιανὸν
3259 1376 3684 1445 ἐγκαταλείπειν

2087 1465 2370 1536 μάρτυρας
2411 1465 2671 1534 Χριστοῦ,
2727 1468 2821 1520 καὶ
2867 1467 3088 1521 ἀπιέναι
3139 1467 3276 1534 πρὸς
3311 1470 3434 1528 τοὺς
3483 1466 3682 1536 ψευδο-

2087 1557 2394 1628 μάρτυρας,
2441 1558 2722 1611 τουτέστιν
2756 1557 3048 1628 αἱρετικῶν
3079 1558 3111 1630 ἢ
3145 1559 3346 1619 αὐτοὺς
3376 1557 3514 1627 πρὸς
3547 1559 3679 1620 τοὺς

2085 1648 2521 1720 προειρημένους
2541 1649 2858 1719 αἱρετικοὺς
2884 1650 3212 1718 γενομένους
3235 1668 3247 1680 ·
3280 1642 3428 1702 οῦτοι
3453 1650 3563 1718 γὰρ
3587 1649 3683 1700 ἀλ.

2085 1741 2286 1809 λότριοι
2317 1739 2411 1794 τοῦ
2441 1741 2576 1793 θεοῦ
2610 1741 2991 1810 τυγχάνουσιν,
3029 1740 3272 1794 ἔστωσαν
3301 1739 3393 1793 οῦν
3425 1737 3684 1805 ἀνάθεμα

2087 1835 2134 1886 οί
2175 1835 2541 1904 ἀπερχόμενοι
2581 1833 2714 1904 πρὸς
2749 1832 2967 1896 αύτούς.

2158 1927 2408 1979 ΚΕΦΑΛ.
2441 1927 2541 1978 ΙΒ’.
2586 1957 2658 1967 —
2687 1925 2824 1994 "cpi
2870 1923 2978 1978 τοῦ
3015 1923 3103 1993 μὴ
3135 1925 3384 1978 εἰσιέναι
3414 1923 3558 1990 τοὺς
3590 1926 3683 1977 αἱς

2075 2018 2352 2085 ρετικοὺς
2389 2019 2476 2084 είς
2510 2017 2628 2084 τὴν
2657 2017 3012 2076 ἐκκλησίαν.

2384 2110 2657 2164 Συνόδου
2687 2109 3034 2175 Λαοδικείας
3065 2108 3269 2163 κανὼν
3296 2109 3371 2174 ς’.

2159 2210 2236 2268 ς’.
2277 2203 2415 2271 Περὶ
2451 2201 2546 2255 τοῦ
2585 2202 2998 2272 μὴ,συγχωρεῖν
3029 2205 3142 2265 τοῖς
3171 2203 3472 2272 αίρετικοῖς
3505 2201 3681 2254 εἰσιέ-

2083 2316 2173 2352 ναι
2219 2299 2300 2362 εἰς
2346 2297 2437 2350 τὸν
2485 2291 2636 2348 οἷκον
2683 2293 2779 2348 τοῦ
2827 2295 3004 2360 Θεοῦ,
3061 2295 3422 2366 ἐπιμένοντας
3472 2296 3540 2366 τῇ
3597 2295 3684 2348 αἱ·

2126 2395 2259 2447 ἐσει.

2126 2413 2259 2447 εσει.

2088 2413 2116 2466 ρ
2158 2487 2405 2541 ΚΕΦΛΛ.
2453 2483 2550 2540 ΙΓ¹.
2598 2514 2670 2525 -
2718 2484 2855 2554 Περὶ
2908 2482 3110 2553 γάμων
3161 2479 3473 2552 αἱρετικῶν
3526 2481 3682 2550 πρὸς·

2085 2580 2467 2648 ὀρθοδόξους.

2316 2671 2588 2726 Συνόδου
2628 2669 2973 2734 Λαοδικείας
3011 2671 3215 2722 κανὼν
3250 2675 3302 2732 ι’,
3339 2668 3443 2722 λα’.

2157 2770 2209 2820 ι’.
2235 2763 2370 2835 Περὶ
2389 2763 2483 2816 τοῦ
2513 2763 2586 2833 μὴ
2603 2763 2714 2816 δεῖν
2739 2762 2865 2824 τοὺς
2887 2761 2988 2831 τῆς
3015 2760 3341 2832 Ἐκκλησίας
3366 2761 3679 2832 ἀδιαφόρως

2087 2856 2224 2924 πρὸς
2253 2855 2436 2924 γάμου
2482 2853 2768 2907 κοινωνίαν
2809 2853 3102 2907 συνάπτειν
3135 2853 3206 2905 τὰ
3243 2852 3450 2907 ἑαυτῶν
3487 2852 3681 2906 παιδία

2085 2949 2404 3016 αἱρετικοῖς.

2154 3039 2257 3092 λα’.
2287 3039 2410 3091 Ὅτι
2441 3039 2500 3091 οὐ
2526 3038 2606 3091 δεῖ
2635 3037 2770 3107 πρὸς
2797 3037 3006 3100 πάντας
3033 3038 3344 3107 αἱρετικοὺς
3373 3037 3681 3107 ἐπιγαμίαν

387 3123 707 3178 trimonium
755 3125 1106 3186 contrahere,
1137 3124 1220 3177 vel
1267 3124 1397 3177 dare
1448 3125 1590 3179 ﬁlios
1646 3135 1744 3180 aut
1793 3127 1976 3182 lilias:

2088 3129 2350 3201 ποιεῖν,ἢ
2399 3131 2608 3184 διδόναι
2642 3131 2791 3192 υἱοὺς
2833 3130 2865 3199 ἢ
2911 3129 3240 3199 θυγατέρας.
3291 3129 3427 3182 ἀλλὰ
3475 3131 3680 3199 μᾶλλον

386 3213 481 3267 sed
521 3213 695 3282 magis
729 3213 978 3282 accipere
1036 3214 1082 3269 si
1114 3230 1174 3269 se
1206 3216 1550 3270 Christianos
1597 3215 1811 3272 futuros
1844 3232 1967 3287 pro-

388 3301 670 3356 liteantur.

673 3479 902 3536 Concilii
932 3480 1376 3537 Chalcedonensis
1398 3500 1568 3536 canon
1601 3484 1688 3538 M.

462 3573 547 3628 M.
602 3573 873 3640 Quoniam
912 3573 966 3628 in
992 3575 1274 3629 nonnullis
1320 3577 1616 3644 provinciis
1651 3593 1972 3634 concessum

387 3677 472 3723 cst
497 3667 816 3732 lectoribus,
855 3677 961 3721 etc.
993 3675 1050 3719 ut
1089 3681 1212 3736 pag.
1246 3667 1369 3722 779.

665 3759 894 3812 Goncilii
925 3758 1363 3831 Carthaginiensis
1391 3778 1563 3816 canon
1597 3764 1687 3819 21.

466 3850 532 3905 Ut
558 3852 660 3921 lilii
703 3852 1014 3908 clericorum
1049 3861 1103 3908 in
1141 3857 1482 3910 matrimonio
1536 3874 1641 3911 non
1677 3858 1978 3929 junguntur

389 3941 672 3995 hwreticis.

460 4033 774 4088 21.]terum
799 4034 1001 4104 placuit
1031 4045 1086 4090 ut
1123 4035 1221 4091 lilii
1267 4042 1588 4096 clericorum
1657 4041 1976 4110 gentilibus,

389 4124 474 4180 vel
501 4125 795 4193 luereticis,
827 4129 1186 4182 matrimonio
1220 4144 1327 4183 non
1348 4135 1672 4200 pingantur.

599 4310 763 4380 397
798 4310 1024 4367 Coucilii
1051 4313 1358 4366 azcumenici
1390 4328 1440 4367 vt
1471 4329 1642 4368 canon
1674 4314 1761 4369 72.

461 4395 554 4460 7'2.
587 4403 703 4458 Non
749 4405 916 4460 licere
950 4405 1129 4460 virum
1177 4406 1548 4461 ortltodoxum
1586 4423 1711 4463 cum
1746 4408 1978 4464 muliere

2087 3223 2407 3294 λαμόάνειν,
2459 3224 2512 3276 εἴ
2559 3240 2622 3290 γε
2676 3223 3100 3291 ἐπαγγέλλοιντο
3150 3222 3470 3292 Χριστιανοὶ
3521 3225 3678 3291 γενέ-

2088 3315 2240 3370 σθαι.

2369 3499 2639 3554 Συνόδου
2667 3499 3059 3567 Χαλκηδόνος
3085 3500 3287 3554 κανὼν
3316 3500 3394 3556 ιδ’.

2160 3593 2237 3646 ιδ’.
2271 3592 2494 3664 Ἐπειδὴ
2523 3591 2580 3646 ἐν
2613 3611 2756 3647 τισιν
2785 3593 3080 3665 ἐπαρχίαις
3109 3594 3534 3665 συγκεχώρηται
3566 3595 3682 3659 τοῖς

2087 3684 2484 3753 ἀναγνώσταις,
2521 3704 2574 3740 κ.
2609 3705 2660 3740 τ.
2699 3685 2750 3738 λ.

2345 3777 2613 3831 Συνόδου
2641 3777 3065 3846 Κιιρθιιγέννης
3094 3779 3297 3832 κανὼν
3321 3786 3428 3833 κα’.

2158 3873 2336 3926 Ὥστε
2378 3872 2450 3923 τὰ
2482 3868 2666 3923 τέκνα
2701 3869 2820 3922 τῶν
2863 3871 3168 3940 κληρικῶγ
3204 3872 3275 3925 ἐν
3312 3875 3680 3938 συνοικεσίῳ

2081 3966 2167 4037 μὴ
2195 3965 2614 4020 συνάπτεσθαι
2643 3963 2983 4032 αἱρετικοῖς.

2160 4063 2268 4111 κα’.
2326 4054 2560 4124 Ὁμοίως
2593 4055 2812 4124 ἤρεσεν,
2852 4055 2994 4108 ὥστε
3028 4055 3097 4108 τὰ
3140 4055 3303 4109 τέκνα
3340 4056 3450 4110 τῶν
3490 4057 3678 4127 κληρι-

2088 4149 2233 4211 κῶν,
2284 4147 2517 4210 ἐθνικοῖς
2565 4145 2598 4218 ἢ
2647 4148 2952 4217 αἱρετικοῖς
2991 4147 3244 4218 γαμικῶς
3292 4147 3368 4219 μὴ
3405 4152 3675 4203 συνάπτε-

2091 4240 2236 4294 σθαι.

2244 4331 2515 4385 Συνόδου
2543 4328 2966 4398 οἱκουμενικῆς
2993 4329 3173 4396 ἕκτης
3205 4329 3406 4384 κανὼν
3435 4327 3534 4400 οβ’.

2160 4422 2257 4492 οβ’.
2318 4423 2409 4492 Μὴ
2460 4421 2662 4486 ἐξέστω
2707 4421 2986 4492 ὀρθόδοξον
3030 4421 3198 4490 ἄνδρα
3249 4423 3498 4493 αἱρετικῇ
3555 4439 3676 4474 συν-

391 4497 647 4554 lueretica
695 4497 978 4568 conjungi,
1037 4515 1215 4568 neque
1264 4514 1396 4553 vero
1431 4499 1798 4555 orthodoxam
1845 4517 1973 4556 cum

2087 4515 2353 4570 ἅπτεσθαι
2387 4515 2628 4582 γυναικὶ,
2664 4515 2800 4585 μήτε
2834 4513 2940 4583 μὴν
2972 4513 3232 4584 αἱρετικῷ
3259 4513 3412 4583 ἀνδρὶ
3441 4517 3675 4580 γυναῖκα

395 4589 516 4643 viro
550 4588 808 4643 haeretica
836 4589 1100 4658 copulari.
1141 4590 1266 4666 Sed
1307 4591 1408 4646 etsi
1443 4592 1574 4662 quid
1607 4593 1878 4662 ejusmodi
1911 4595 1980 4649 ab

390 4682 502 4735 ullo
531 4696 597 4734 ex
635 4680 895 4734 omnibus
935 4681 1139 4734 factum
1173 4685 1510 4751 apparuerit,
1543 4683 1731 4739 irritas
1763 4685 1981 4755 nuptias

390 4774 734 4837 existimare,
760 4781 814 4826 et
852 4771 1136 4838 nefariqu
1158 4773 1477 4845 conjugium
1509 4777 1759 4833 dissolvi.
1793 4777 1981 4849 Neque

388 4869 536 4921 enim
590 4882 653 4920 ea
689 4883 811 4937 qua}
860 4882 967 4921 non
1007 4919 1011 4923 ,
1055 4876 1186 4921 sunt
1241 4869 1521 4923 miscenda
1583 4869 1825 4936 misceri,
1882 4886 1985 4926 nec

391 4976 547 5013 ovem
579 4975 702 5013 cum
742 4959 891 5029 lupo,
922 4976 1023 5015 nec
1049 4969 1398 5030 peccatorum
1427 4940 1629 5016 sortem
1663 4978 1788 5016 cum
1816 4963 1977 5017 Chri-

391 5052 458 5104 sti
504 5064 656 5120 parte
687 5051 947 5122 conjungi
983 5062 1223 5124 oportet.
1263 5053 1319 5107 Si
1355 5055 1700 5123 quis-autem
1736 5072 1820 5122 ea,
1853 5073 1978 5126 qua:

390 5162 421 5200 a
453 5145 613 5201 nobis
663 5145 881 5201 decreta
904 5156 1051 5212 sunt,
1086 5156 1468 5216 transgressus
1501 5147 1688 5211 fuerit,
1724 5165 1980 5220 segrege-

393 5249 502 5292 tnr.
538 5235 596 5292 Si
623 5248 804 5293 autem
837 5239 1006 5309 aliqui
1039 5240 1132 5309 qui
1158 5239 1340 5294 adhuc
1366 5247 1496 5293 sunt
1526 5239 1797 5304 inﬁdeles,
1830 5253 1882 5296 et
1926 5242 1977 5295 in

392 5329 826 5386 orthodoxorum
870 5346 1089 5402 gregem
1153 5331 1395 5384 nondum
1444 5331 1596 5386 relati
1648 5343 1802 5395 sunt,
1836 5343 1965 5387 sunt

393 5427 535 5479 inter
581 5441 640 5480 se
695 5426 943 5496 legitimo
1002 5425 1357 5480 matrimonio
1399 5424 1683 5496 conjuncti
1721 5443 1734 5479 :
1779 5425 1980 5481 deinde

392 5519 483 5572 hic
522 5517 744 5588 quidem
785 5533 851 5572 eo
891 5519 1052 5587 quod
1085 5525 1170 5571 est
1221 5517 1514 5572 honestum
1566 5519 1761 5582 electo,
1796 5522 1863 5574 ad
1897 5520 1979 5572 lu-

393 5627 510 5665 cem
556 5613 799 5666 veritatis
840 5611 1166 5677 occurrerit,
1207 5611 1298 5664 ille
1339 5620 1466 5666 vero
1515 5613 1723 5665 erroris
1759 5613 1979 5666 vinculo

394 5703 648 5758 detentus
686 5703 874 5767 fuerit,
929 5704 1123 5757 nolens
1157 5703 1376 5757 divinos
1411 5705 1593 5758 radios
1643 5704 1764 5758 lixis
1803 5705 1976 5759 oculis

398 5795 617 5862 intueri,
655 5797 798 5851 lideli
831 5812 958 5852 vero
984 5797 1193 5852 homini
1223 5798 1441 5868 placeat
1483 5814 1606 5854 cum
1639 5799 1843 5854 inﬁdeli
1886 5815 1977 5855 co-

2083 4605 2364 4674 ὀρθόδοξον
2397 4604 2726 4674 ζεύγνυσθαι
2747 4621 2760 4634 υ
2804 4604 2920 4658 ἀλλ’
2961 4605 3009 4657 εί
3041 4605 3135 4657 καὶ
3167 4607 3308 4675 φανῇ
3355 4623 3408 4657 τι
3437 4605 3676 4658 τοιοῦτον

2087 4699 2194 4752 ὑπό
2221 4718 2364 4763 τινος
2389 4699 2498 4752 τῶν
2524 4699 2781 4752 ἁπάντων
2810 4699 3112 4767 γινόμενον,
3146 4699 3350 4768 ἄκυρον
3382 4697 3473 4751 τὸν
3497 4698 3674 4766 γάμον

2086 4791 2360 4863 ἡγεῖσθαι,
2393 4792 2487 4844 καὶ
2513 4791 2575 4844 τὸ
2604 4790 2843 4861 ἄθεσμον
2869 4789 3181 4843 διαλύεσθαι
3215 4790 3550 4843 συνο-κέσιον
3570 4807 3581 4817 ·
3615 4789 3672 4841 ού

2091 4885 2327 4956 γὰρχρὴ
2353 4886 2420 4938 τὰ
2445 4886 2650 4954 ἄμικτα
2676 4883 2952 4955 μιγνύναι,
2983 4883 3104 4936 οῦδέ
3131 4883 3208 4952 τῷ
3237 4884 3494 4954 προϐάτῳ
3515 4883 3673 4935 λύκον

2097 4975 2525 5045 συμπλέκεσθαι,
2577 4977 2673 5028 καὶ
2720 4980 2786 5046 τῇ
2817 4975 2908 5027 τοῦ
2953 4974 3191 5045 Χριστοῦ
3230 4975 3410 5043 μερίδι
3447 4975 3538 5027 τὸν
3567 4974 3672 5027 τῶν

2089 5067 2427 5136 ἁμαρτωλῶν
2463 5067 2686 5137 κλῆρον.
2715 5067 2778 5122 Εἰ
2803 5067 2859 5118 δὲ
2895 5065 3118 5135 παραϐῇ
3154 5083 3236 5127 τις
3266 5066 3331 5118 τὰ
3361 5067 3492 5136 παρ’
3518 5066 3670 5135 ἡμῶν

2088 5155 2395 5225 ὁρισθέντα,
2430 5153 2774 5224 ἀφοριςέσθω
2797 5170 2810 5183 ⁸
2841 5156 2887 5204 εἰ
2911 5153 2966 5205 δέ
2986 5171 3132 5216 τινες
3168 5152 3248 5204 ἔτι
3283 5152 3340 5204 ἐν
3361 5155 3425 5222 τῇ
3448 5150 3670 5220 ἀπιστίᾳ.

2088 5249 2468 5315 τυγχάνοντες,
2521 5246 2615 5299 καὶ
2652 5243 2806 5297 οὔπω
2840 5247 2904 5314 τῇ
2955 5245 3066 5297 τῶν
3099 5243 3397 5314 ὀρθοδὸξων
3435 5245 3670 5313 ἐγκατα-

2088 5340 2334 5407 λεγέντες
2352 5339 2577 5410 ποίμνῃ,
2603 5338 2851 5408 ἀλλήλοις
2874 5338 3037 5407 γάμῳ
3059 5337 3274 5408 νομίμῳ
3296 5338 3666 5407 ἡρμόσθησαν,

2089 5429 2209 5484 εἶτα
2252 5433 2280 5484 ὁ
2317 5431 2413 5501 μὲν
2441 5432 2500 5483 τὸ
2526 5431 2693 5483 καλὸν
2724 5429 3087 5500 ἐκλεξάμενος
3120 5429 3197 5499 τῷ
3237 5433 3375 5499 φωτὶ
3405 5430 3504 5498 τῆς
3535 5429 3665 5497 ἁλη-

2087 5523 2234 5586 θείας
2271 5523 2673 5592 προσέδραμεν,
2722 5520 2751 5572 ὁ
2790 5520 2847 5572 δὲ
2891 5519 2996 5572 ὑπὸ
3025 5520 3120 5572 τοῦ
3166 5521 3268 5589 τῆς
3301 5522 3511 5589 πλάνης
3537 5534 3667 5571 κατ-

2086 5618 2284 5685 εσχέθη
2328 5614 2551 5684 δεσμοῦ,
2584 5614 2658 5683 μὴ
2698 5614 2832 5682 πρὸς
2866 5614 2963 5674 τὰς
2997 5612 3149 5676 θείας
3180 5613 3423 5666 ἀτενίσαι
3449 5607 3667 5669 ἀκτῖναξ

2087 5707 2359 5775 ἐλόμενος,
2394 5704 2606 5756 εὐδοκεῖ
2637 5703 2694 5754 δὲ
2735 5702 2816 5772 τῷ
2844 5703 3022 5771 πιστῷ
3051 5705 3081 5772 ἡ
3121 5705 3344 5766 ἄπιστος
3385 5700 3660 5759 συνοικεῖν,

2087 5801 2117 5871 ἢ
2147 5799 2206 5853 τὸ
2232 5798 2468 5870 ἔμπαλιν
2499 5800 2524 5849 ὁ
2550 5799 2774 5858 ἄπιστος
2809 5798 2873 5866 τῇ
2907 5800 3095 5867 moti},
3126 5797 3199 5867 μὴ
3225 5795 3660 5871 μεριζέσθωσαν,
