4156 6452
443 416 552 484 885
1189 417 1593 479 SYNTAGMA
1629 417 2021 480 CANONUM.
2050 443 2119 456 --
2145 419 2292 480 ΤῘΤ.
2332 421 2472 496 XII,
2509 419 2667 486 CAP.
2703 423 2939 484 X-XIV.
3621 421 3728 485 886

448 529 592 584 κατὰ
622 535 712 582 τὸν
747 527 889 583 θεῖον
928 527 1252 582 Ἀπόστολον
1278 545 1291 558 ·
1353 529 1663 600 Ἦγίασται
1704 529 1815 601 γὰρ
1846 533 1879 586 ό
1906 531 2042 585 ἄπι-
2067 539 2089 592 Λ

2085 531 2122 592 Α
2147 532 2416 598 habitare,
2463 535 2547 590 vel
2593 543 2648 590 et
2691 544 2906 600 contra,
2941 547 3012 590 ne
3037 548 3070 589 a
3117 547 3178 590 se
3201 532 3434 589 invicem
3469 549 3726 605 separen-

446 637 596 688 στος
638 620 796 688 ἀνὴρ
841 621 911 675 ἐν
943 620 1017 689 τῇ
1056 622 1316 689 γυναικί,
1359 623 1458 676 καὶ
1503 623 1784 692 ἡγίασται
1825 625 1863 694 ἠ
1901 624 2039 678 ἄπι-

2146 633 2252 679 tur.
2291 623 2370 679 Ex
2412 625 2580 679 divini
2625 627 2770 681 enim
2802 626 2957 681 Pauli
3002 626 3271 682 sententia
3305 643 3318 680 :
3351 625 3726 696 Sanctiﬁcatus

447 729 597 781 στος
626 712 782 785 γυνὴ
814 713 886 767 ἐν
912 709 992 782 τῷ
1018 712 1214 782 ἀνδρί.

2143 725 2223 770 est
2250 719 2328 770 vir
2350 718 2579 788 inﬁdelis
2614 719 2666 772 in
2713 719 2954 784 muliere,
2985 726 3036 774 et
3057 718 3401 788 sanctiﬁcata
3429 733 3504 776 est
3543 721 3729 774 mulier

2146 808 2375 876 inﬁdelis
2397 811 2450 864 in
2477 811 2589 864 viro
2602 812 2668 865 θ’.

532 901 592 956 Ὀ
619 900 898 965 πολιτικὸς
926 901 1112 970 νόμος,
1144 903 1194 955 εί
1224 903 1318 955 καὶ
1357 903 1427 957 τὰ
1469 901 1706 972 μάλιστα
1738 902 1828 955 τὸν
1866 901 2044 973 γάμον

2222 901 2435 958 Textus.
2465 934 2536 944 —
2573 904 2762 960 Civilis
2799 906 2881 959 lex
2921 903 3166 969 tametsi,
3201 918 3327 960 cum
3376 902 3733 959 exactissime

449 993 766 1066 ὁριζόμενος
785 995 970 1064 φησὶν,
999 993 1139 1064 etsi.
1165 992 1270 1062 κγ’,
1301 994 1403 1049 τίτ.
1425 992 1489 1065 β’,
1507 994 1646 1049 διάτ.
1667 992 1738 1059 α’,
1763 994 1844 1047 ὅτι
1869 995 2047 1064 γάμος

2148 996 2368 1063 nuptias
2411 995 2620 1062 deﬁnit,
2653 997 2817 1061 dicat,
2853 996 2946 1052 lib.
2998 1012 3158 1063 χχιιι,
3184 995 3272 1052 tit.
3313 998 3367 1061 5,
3415 995 3613 1066 digest.
3652 995 3676 1049 ‘l
3716 1014 3730 1051 τ

453 1087 604 1140 ἐστὶν
631 1086 824 1158 ἀνδρὸς
856 1086 952 1140 καὶ
984 1087 1242 1154 γυναικὸς
1278 1087 1568 1156 συνάφεια,
1603 1085 1699 1138 καὶ
1728 1085 2048 1154 συγκλήρω-

2147 1085 2361 1154 Nuptiae
2392 1097 2527 1156 sunt
2557 1087 2875 1158 conjunctio
2914 1088 3084 1144 maris
3122 1098 3176 1144 et
3221 1087 3463 1153 feminae,
3499 1102 3731 1143 consor-

458 1198 545 1243 σις
570 1179 752 1251 πάσης
774 1183 876 1250 τῆς
902 1181 1070 1252 ζωῆς,
1097 1180 1243 1235 θείου
1269 1199 1328 1234 τε
1352 1181 1447 1235 καὶ¹
1469 1180 1809 1252 ἀνθρωπίνου
1835 1179 2045 1233 δικαίου

2150 1179 2285 1233 tium
2317 1181 2498 1235 omnis
2539 1182 2683 1244 vitae,
2725 1181 2898 1236 divini
2936 1188 2990 1236 et
3031 1180 3259 1235 humani
3305 1181 3450 1251 juris
3484 1194 3735 1236 commu-

456 1273 732 1339 κοινωνία,
769 1274 865 1328 καὶ
897 1274 1040 1328 κατὰ
1065 1274 1254 1328 τοῦτον
1283 1273 1376 1328 τὸν
1425 1274 1550 1344 ὅρον
1593 1272 1699 1326 ἔδει
1733 1273 1858 1336 τοὺς
1884 1273 2048 1344 γάμῳ

2152 1272 2391 1326 nieatio:
2422 1275 2726 1328 secundum
2765 1288 2934 1342 quam
2966 1273 3338 1328 deﬁnitionem
3369 1287 3465 1328 eos
3498 1272 3591 1342 qui
3621 1287 3737 1325 ma-

456 1363 921 1434 συναπτομένους,
956 1364 1335 1436 όμοθρήσκους
1385 1361 1559 1418 εἶναι·
1608 1363 1758 1433 ὅμως
1799 1357 1910 1416 οἶδε
1952 1364 2049 1417 καὶ

2152 1365 2414 1422 trimonio
2463 1365 2893 1434 conjunguntur,
2950 1365 3194 1435 ejusdem
3270 1379 3394 1420 esse
3453 1363 3733 1434 religionis

453 1448 670 1520 δέχεται
694 1451 896 1520 μεταξὺ
921 1451 1204 1522 ὀρθοδόξου
1229 1453 1326 1506 καὶ
1348 1451 1627 1523 αἱρετικοῦ
1662 1453 1842 1522 γάμον
1866 1469 1880 1483 ·
1913 1453 2049 1522 φησὶ

2151 1466 2400 1527 oportet:
2452 1457 2703 1525 agnoscit
2743 1465 2921 1510 tamen
2970 1464 3134 1525 atque
3180 1454 3420 1510 admittit
3471 1455 3612 1508 inter
3640 1468 3734 1507 or-

455 1542 565 1613 γὰρ
596 1540 739 1614 βιϐλ.
771 1542 821 1598 α’
847 1544 941 1598 τοῦ
975 1544 1104 1599 κώδ.
1133 1546 1264 1607 τίτ.,
1285 1543 1346 1611 ε’,
1376 1545 1516 1600 διάτ.
1551 1544 1641 1615 ιβ’,
1667 1546 1748 1600 ὅτι
1771 1545 2050 1616 ἀμφισϐη-

2153 1547 2458 1602 thodoxum
2511 1556 2677 1617 atque
2718 1547 3054 1612 haereticum,
3105 1546 3538 1601 matrimonium.
3594 1545 3734 1600 DicEt

457 1635 698 1690 τούντων
727 1637 836 1691 τῶν
869 1638 1093 1705 γονέων,
1138 1637 1597 1709 ἐπικρατέστερος
1625 1638 1776 1692 ἐστὶν
1809 1642 1840 1693 ό
1880 1639 2051 1692 θέλων

2151 1653 2390 1710 namque
2419 1637 2514 1695 lib.
2566 1639 2592 1693 l
2623 1638 2782 1704 Cod.,
2826 1638 2909 1692 tit.
2948 1637 3004 1700 5,·
3055 1647 3230 1692 const.
3279 1637 3369 1701 12,
3401 1637 3568 1707 quod,
3599 1636 3737 1690 Cum

457 1729 524 1798 τῇ
556 1727 825 1800 ὀρθοδόξῳ
858 1729 1042 1782 πίστει
1091 1730 1220 1793 τοὺς
1250 1730 1444 1794 παῖδας
1489 1732 1864 1799 προσαγαγεῖν
1889 1747 1902 1761 ·
1955 1731 2051 1784 καὶ

2155 1741 2408 1802 parentes
2440 1731 2674 1800 litigant,
2729 1731 2910 1800 potior
2946 1731 3016 1784 sit
3054 1729 3148 1798 qui
3187 1729 3388 1784 liberos
3438 1729 3504 1783 ad
3548 1728 3740 1782 ortho-

457 1818 596 1876 διάτ.
641 1817 711 1890 ιη’
756 1819 850 1874 τοῦ
885 1820 1052 1874 αὐτοῦ
1090 1821 1198 1875 τίτ.
1247 1821 1331 1875 ὅτι
1379 1821 1473 1876 ἐὰν
1509 1821 1738 1893 θάτερος
1781 1820 1891 1874 τῶν
1927 1837 2051 1874 συν-
2083 1880 2098 1893 ι

2096 1880 2120 1893 ,ἱ
2159 1827 2354 1877 doxam
2392 1823 2555 1878 [idem
2586 1822 2860 1876 adducere
2895 1821 3031 1875 vult.
3066 1819 3129 1874 Et
3177 1829 3353 1875 const.
3388 1819 3455 1873 l8
3490 1818 3737 1888 ejusdem

459 1880 753 1966 οικούντων
786 1911 1069 1984 ὀρθόδοξος
1101 1915 1209 1983 εἴη,
1242 1913 1336 1967 καὶ
1373 1915 1401 1967 ὁ
1439 1913 1596 1977 ἄλλος
1639 1880 1937 1984 αἱρετικὸς,
1971 1913 2052 1966 δεῖ
2083 1880 2100 1934 1

2099 1882 2123 1933 3
2155 1909 2236 1974 tit,
2265 1909 2433 1978 quod,
2466 1909 2522 1963 Si
2547 1909 2682 1964 alter
2707 1907 2998 1978 conjugum
3024 1909 3362 1963 orthodoxus
3391 1909 3485 1973 sit,
3519 1880 3574 1962 et
3604 1907 3740 1961 alter

457 2003 707 2071 γίνεσθαι
727 2004 852 2068 τοὺς
886 2006 1084 2070 παῖδας
1112 2005 1294 2060 αὐτῶν
1325 2005 1660 2077 ὀρθοδόξους·
1693 2005 1790 2059 καὶ
1817 2005 1958 2076 βιόλ.
1981 2004 2046 2072 ε’,

2156 2001 2470 2066 lnereticus,
2519 2002 2721 2057 liberos
2766 2001 2984 2054 illorum
3027 2000 3196 2071 398
3233 2000 3568 2054 orthodoxos
3625 1999 3740 2053 ﬁeri

457 2091 564 2144 τίτ.
598 2090 667 2158 α’,
693 2093 832 2147 διάτ.
854 2091 916 2159 ε’,
955 2095 1050 2147 ἐὰν
1078 2096 1111 2164 ἡ
1149 2095 1360 2166 μνηστὴ
1389 2095 1724 2166 παραιτῆται
1749 2095 1840 2148 τὸν
1871 2095 2050 2164 γάμον

2154 2099 2419 2161 oporteat.
2456 2089 2522 2144 Et
2551 2090 2650 2144 lib.
2686 2104 2737 2157 v,
2767 2089 2851 2144 tit.
2888 2089 2910 2141 1
2961 2097 3138 2144 const.
3176 2088 3210 2141 5
3251 2104 3264 2140 :
3299 2086 3357 2141 Si
3388 2101 3589 2156 sponsa
3619 2099 3742 2154 pro-

462 2183 552 2238 διὰ
580 2186 642 2238 τὸ
669 2185 768 2250 τῆς
803 2185 1099 2256 θρησκείας
1129 2187 1406 2259 διάφορον,
1455 2189 1503 2241 εί
1537 2189 1636 2258 μὲν
1685 2189 1905 2260 προῄδει
1953 2189 2052 2260 τὴν

2160 2197 2277 2256 pter
2315 2184 2595 2254 religionis
2627 2184 3005 2240 diversitatem
3045 2182 3365 2254 conjugium
3411 2187 3650 2244 recuset,
3698 2178 3741 2233 si

462 2278 664 2341 αἰτίαν,
700 2280 734 2349 ἡ
761 2278 900 2351 γυνὴ
928 2279 960 2350 ἦ
991 2281 1040 2333 οἱ
1075 2284 1254 2348 γονεῖς
1281 2281 1452 2352 αὐτῆς
1496 2281 1815 2336 ὑπόκεινται
1851 2300 1865 2313 ·
1916 2283 1963 2335 εἰ
1995 2282 2052 2334 δὲ

2157 2278 2380 2350 quidem
2421 2276 2590 2350 [eam]
2637 2292 2754 2332 rem
2789 2278 2879 2332 illa
2911 2275 3207 2348 praescivit,
3232 2283 3487 2345 parentes
3510 2272 3634 2344 ejus
3663 2278 3743 2325 tev-

459 2369 714 2441 ἠγνόουν,
745 2370 777 2441 ἤ
814 2373 954 2442 μετὰ
985 2372 1046 2426 τὸ
1073 2373 1257 2427 λαϐεῖν
1299 2375 1427 2438 τοὺς
1476 2375 1803 2446 ἀρραϐῶνας
1841 2376 1875 2447 ἠ
1905 2376 2054 2430 αἰτία

2159 2380 2357 2427 nentur
2377 2386 2396 2425 :
2428 2372 2512 2427 sin
2551 2371 2846 2443 ignoravit,
2871 2381 2965 2426 aut
2994 2377 3287 2442 postquam
3316 2369 3515 2424 arrhas
3575 2367 3743 2437 cepit,

465 2457 688 2530 συνέϐη,
717 2459 778 2512 τὸ
809 2460 1014 2516 ἁπλοῦν
1044 2462 1351 2517 ἀναδίδοται
1372 2480 1385 2495 ⁸
1417 2464 1478 2517 τὸ
1507 2465 1639 2518 αὐτὸ
1667 2466 1762 2519 καὶ
1791 2465 1884 2519 ἐπὶ
1921 2484 2057 2537 μνη-

2163 2461 2272 2536 [ea]
2305 2478 2391 2518 res
2428 2463 2637 2529 incidit,
2665 2462 2923 2533 simplum
2947 2461 3213 2516 redditur.
3245 2456 3451 2532 [Quod]
3480 2457 3658 2528 ipsum
3695 2465 3747 2508 et

466 2551 698 2621 στῆρος.
738 2551 801 2606 ἸΙ
849 2553 908 2606 δὲ
956 2559 1010 2618 ς’
1048 2553 1189 2610 διάτ.
1225 2555 1319 2609 τοῦ
1359 2555 1401 2610 θ’
1441 2558 1543 2612 τίτ.
1580 2557 1674 2611 τοῦ
1704 2566 1754 2611 α’
1783 2557 1925 2628 βι6λ.
1957 2558 2053 2612 τοῦ

2159 2557 2214 2611 in
2246 2570 2451 2626 sponso
2492 2554 2777 2628 [obtinet.]
2813 2553 3002 2610 Const.
3045 2563 3228 2607 autem
3263 2552 3316 2617 6,
3375 2550 3454 2605 tit.
3495 2549 3549 2614 9,
3603 2548 3696 2602 lib.
3731 2563 3745 2599 I

464 2641 596 2696 κώδ.
634 2644 818 2712 φησιν,
853 2643 936 2698 ὄτι
968 2645 1294 2716 Χριστιανὸς
1326 2647 1623 2720 λαμϐάνων
1655 2649 1923 2703 Ἰουδαίαν
1949 2668 2054 2718 γα-

2159 2645 2298 2701 Cod.
2333 2645 2447 2701 ait:
2500 2646 2605 2713 Qui
2654 2644 3003 2701 Christianus
3041 2643 3290 2699 Judteam
3344 2640 3425 2713 [in
3459 2639 3747 2694 matrimo-

469 2736 661 2807 μετῆν,
695 2737 730 2809 ἢ
765 2738 1100 2812 Χριστιανὴν
1127 2740 1406 2808 Ἰουδαῖος,
1437 2744 1530 2796 ἐπὶ
1564 2744 1782 2816 μοιχείᾳ
1814 2761 2054 2816 κατηγο-

2163 2737 2339 2811 nium]
2371 2739 2591 2810 accipit,
2629 2747 2725 2794 aut
2753 2738 2847 2810 qui
2896 2735 3120 2793 Judaeus
3154 2734 3548 2799 Christianam,
3592 2731 3748 2787 adul-

472 2831 672 2900 ρεῐται.

2163 2832 2283 2888 tcrii
2316 2842 2629 2889 accusatur.
2987 2851 2988 2854 η

541 2952 793 3009 ΚΕΦΑΛ.
841 2957 938 3011 lA'.
988 2987 1059 2998 -—
1116 2960 1256 3028 Περὶ
1306 2958 1429 3013 τῶν
1482 2959 1551 3024 ἐξ
1604 2959 1914 3028 tripertitth
1969 2963 2057 3027 εις

2229 2958 2385 3016 CAP.
2430 2958 2576 3016 XIV.
2610 2989 2677 3001 —--
2716 2958 2793 3013 De
2840 2958 3101 3012 haereticis
3161 2955 3232 3008 ad
3291 2950 3668 3007 orthodomiam
3696 2965 3751 3004 se

470 3044 822 3113 ὀρθοδοξίαν
846 3049 1352 3120 ἐπιστρεφόντων,
1400 3052 1497 3106 καὶ
1530 3055 1580 3106 el
1621 3052 1883 3108 δυνατὸν
1919 3057 2057 3109 τοὺ-

2164 3051 2606 3118 convertentibus,
2658 3059 2709 3104 ct
2762 3059 2944 3102 utrum
2977 3047 3030 3100 Ιιὶ
3055 3047 3109 3100 in
3140 3046 3338 3100 clerum
3393 3041 3606 3097 admitti
3633 3056 3750 3109 pos-

473 3154 613 3202 τοοος
663 3140 1058 3207 κληροῦσθαι,
1101 3142 1201 3197 καὶ
1231 3143 1393 3209 τίνες
1418 3143 1618 3199 αὐτῶν
1648 3145 2057 3213 βαπτίζονται,
2099 3207 2114 3216 ,

2113 3207 2133 3216 _
2167 3146 2295 3210 sint,
2351 3155 2401 3198 et
2448 3144 2667 3216 quinam
2696 3158 2760 3197 ex
2797 3144 2878 3196 his
2933 3140 3285 3209 baptizentur,
3311 3137 3401 3208 qui
3427 3144 3608 3190 autem
3635 3141 3754 3188 tan-

473 3226 570 3278 καὶ
600 3227 762 3292 τίνες
789 3231 984 3298 μόνον
1016 3236 1305 3302 χρίονται,
1351 3207 1449 3289 ιιαὶ
1481 3235 1570 3290 ὅτι
1597 3207 1799 3304 πράως
1824 3236 1918 3291 δεῖ
1937 3207 2061 3303 τοῖςζ
2091 3207 2114 3267 ί

2112 3207 2134 3267 Ϊ·
2171 3233 2442 3289 tummodo
2471 3244 2780 3304 angantur;
2809 3242 2859 3286 et
2916 3229 3058 3302 quod
3089 3241 3360 3282 mansuete
3396 3242 3517 3280 cum
3541 3225 3753 3281 lucreti-

471 3321 787 3388 αἱρετικοῐς
825 3322 1156 3392 κεχρῆσθαι
1195 3325 1292 3380 διὰ
1325 3327 1390 3382 τὸ
1423 3327 1783 3398 ἐπιστρέψαι
1815 3330 2060 3398 αὐτούς.

1712 3345 1783 3381 -αι
1815 3330 2060 3398 αὐτούς.
2164 3330 2240 3384 cis
2270 3337 2348 3383 est
2387 3330 2669 3399 agendum,
2701 3327 2764 3380 ob
2805 3341 2947 3395 spem
2975 3321 3353 3378 conversionis.

757 3432 1031 3487 Συνδόὸου
1068 3434 1316 3502 Νικαίας
1352 3436 1554 3490 κανὼν
1584 3443 1656 3507 η’,
1691 3435 1775 3492 ιθ’.

2504 3436 2731 3495 Concilii
2761 3435 2972 3492 Νίσανηὶ
3003 3450 3228 3489 canones
3249 3433 3303 3499 8,
3329 3431 3454 3487 507.

546 3530 620 3604 η’,
649 3535 788 3607 Περὶ
816 3535 927 3591 τῶν
952 3537 1331 3609 ὀνομαζόντων
1363 3539 1465 3611 μὲν
1495 3541 1722 3606 ἑαυτοὺς
1748 3541 2066 3615 Καθαροὺς.

1934 3545 2066 3609 ὀὺςν
2240 3551 2293 3606 8.
2332 3551 2405 3605 De
2432 3551 2517 3605 his
2549 3549 2642 3619 qui
2675 3563 2734 3604 se
2774 3547 3049 3611 catharos,
3083 3553 3215 3610 etc.,
3241 3552 3298 3596 ut
3332 3557 3454 3612 pag.
3487 3540 3575 3593 '59.

476 3640 535 3681 κ.
554 3641 606 3682 τ.
632 3626 685 3682 λ.

549 3717 634 3774 ιθ’.
677 3720 816 3792 Περὶ
845 3722 953 3776 τῶν
981 3723 1478 3792 Παυλιανισάντων,
1510 3745 1564 3780 κ.
1593 3745 1642 3782 τ.
1675 3727 1724 3782 λ.

2241 3732 2418 3791 l9.De
2443 3731 2819 3795 Paulianistis,
2853 3740 2985 3796 etc.,
3012 3737 3068 3782 ut
3101 3745 3224 3798 pag.
3267 3725 3392 3781 559.

747 3835 1018 3890 Συνόδου
1049 3835 1405 3905 Λαοδικείας
1431 3846 1630 3893 κανὼν
1659 3839 1726 3907 ζ’,
1760 3849 1830 3912 η’.

1783 3849 1830 3912 ι’.
2515 3841 2742 3897 Concilii
2773 3839 3062 3894 Laediceni
3091 3854 3261 3891 canon
3293 3837 3340 3903 7,
3373 3836 3424 3891 8.

549 3943 616 4011 ζ’.
643 3946 779 4019 Περὶ
806 3947 901 4000 τοῦ
927 3950 1053 4014 τοὺς
1076 3950 1139 4002 ἐκ
1161 3948 1266 4004 τῶν
1289 3950 1583 4023 αἱρέσεων,
1617 3954 1863 4008 τουτέστι
1887 3955 2071 4010 Ναυα-

2244 3955 2296 4009 7.
2330 3953 2437 4010 Eos
2461 3955 2554 4022 qui
2590 3968 2654 4006 ex
2680 3950 3007 4014 haeresibus,
3033 3951 3138 4004 hoc
3167 3957 3251 4004 est
3275 3947 3621 4014 Novatianis,
3647 3949 3761 4003 sive

479 4037 682 4091 τυανῶν
734 4040 854 4110 ἤτοι
886 4042 1263 4097 Φωτεινιανῶν
1301 4043 1334 4114 ἢ
1386 4045 2068 4117 Τεσσαρεσκαιδεκατιτῶν

2171 4047 2540 4113 Photinianis,
2565 4047 2646 4102 vel
2667 4043 3155 4100 Tessaradecatitis
3171 4050 3594 4105 convertuntur,
3625 4051 3765 4105 etc.,

481 4129 1004 4202 ἐπιστρεφομένους,
1040 4151 1094 4187 κ.
1122 4151 1174 4188 τ.
1202 4135 1252 4189 λ.
2173 4150 2231 4196 ut
2265 4158 2390 4212 pag.
2421 4139 2550 4196 625.
3618 4205 3630 4214 ,

553 4221 624 4294 η’.
665 4224 802 4295 Περὶ
847 4225 940 4278 τοῦ
989 4227 1115 4291 τοὺς
1146 4228 1254 4280 ἀπὸ
1298 4228 1396 4298 τῆς
1435 4228 1700 4299 αἱρέσεως
1750 4229 1860 4283 τῶν
1912 4229 2070 4296 λεγο-

2243 4235 2297 4291 8.
2334 4234 2442 4291 Eos
2474 4233 2568 4305 qui
2587 4235 2654 4288 ab
2678 4245 2868 4286 eorum
2931 4227 3124 4284 haeresi
3155 4227 3249 4297 qui
3294 4225 3538 4297 Phryges
3566 4222 3762 4280 dicun-

486 4315 665 4387 μένων
700 4319 930 4390 Φρυγῶν
962 4321 1416 4393 ἐπιστρέφοντας,
1445 4339 1500 4375 κ.
1527 4340 1577 4380 τ.
1607 4322 1655 4375 λ.

1200 4338 1416 4388 φονταςο
1445 4339 1500 4375 κ·
1527 4340 1577 4380 τι
1607 4322 1655 4375 λ·
2173 4342 2282 4398 tur,
2311 4339 2444 4393 etc.,
2476 4338 2532 4381 ut
2559 4343 2684 4397 pag.
2718 4324 2841 4378 623.

610 4427 882 4484 Συνόδου
917 4433 1616 4499 Κωνσταντινουπόλεως
1645 4431 1845 4487 κανὼν
1874 4431 1940 4497 ζ’.

2301 4437 2468 4510 399
2497 4433 2724 4491 Concilii
2755 4427 3338 4499 Constantinopolitani
3375 4442 3546 4480 canon
3576 4425 3629 4478 7.

555 4516 620 4584 ζ’.
662 4521 804 4587 Τοὺς
840 4523 1302 4596 προστιθεμένους
1339 4527 1406 4597 τῇ
1437 4525 1738 4597 ὀρθοδοξίᾳ,
1777 4543 1833 4580 κ.
1860 4545 1913 4584 τ.
1940 4526 1990 4581 λ.
2103 4559 2148 4616 1)

2120 4562 2148 4616 )
2245 4530 2302 4586 7.
2376 4530 2482 4584 Eos
2532 4527 2626 4597 qui
2701 4532 2861 4580 rectae
2910 4521 3036 4578 lidei
3088 4520 3448 4592 adjiciuntur,
3508 4527 3640 4586 etc.,
3703 4526 3761 4568 ut

2179 4641 2306 4696 pag.
2329 4621 2453 4676 6&5.

601 4722 873 4777 Συνόδου
900 4722 1327 4792 Καρθαγέννης
1352 4725 1554 4779 κανὼν
1585 4724 1695 4796 με’,
1727 4726 1825 4793 vC’,
1856 4725 1962 4792 ξς’.

2315 4732 2542 4788 Concilii
2565 4727 3000 4799 Carthaginensis
3035 4739 3262 4780 canones
3293 4724 3382 4789 47,
3409 4723 3498 4785 57,
3529 4719 3620 4775 66.

559 4816 702 4885 Περὶ
729 4816 1106 4871 Δονατιστῶν
1133 4817 1387 4872 παιδίων
1406 4816 1526 4872 τῶν
1550 4819 1713 4886 παρὰ
1738 4822 1864 4886 τοῖς
1893 4824 2074 4876 Δονα-

2064 4851 2074 4863 ·
2254 4826 2330 4881 De
2361 4825 2596 4896 parvulis
2620 4823 2710 4892 qui
2746 4820 2886 4889 apud
2923 4818 3241 4873 Donatistas
3273 4815 3536 4882 baptizati
3561 4822 3705 4868 sunt.

488 4905 717 4973 τισταῖς
743 4907 1219 4978 βαπτιζομένων.

565 5013 671 5085 μζ.
705 5016 963 5083 Ἤρεσεν,
999 5017 1087 5072 ἶνα
1118 5018 1487 5091 ὲρωτήσωμεν
1513 5021 1642 5083 τοὺς
1685 5020 1950 5091 ἀδελφοὺς
1979 5023 2074 5075 καὶ

2247 5027 2336 5081 47.
2373 5026 2449 5082 De
2474 5023 2776 5080 Donatistis
2811 5021 3038 5092 placuit,
3065 5029 3128 5076 ut
3155 5017 3515 5076 consulamus
3569 5014 3765 5070 fratres

492 5109 761 5178 cuvteps‘t’c
794 5107 954 5179 ἡμῶν
979 5107 1219 5180 Σιρίκιον
1255 5111 1349 5166 καὶ
1386 5110 1799 5181 Σιμπλικιανὸν,
1838 5130 1891 5168 κ.
1936 5133 1985 5170 τ.
2021 5115 2074 5168 λ.

2179 5128 2234 5172 et
2259 5115 2680 5173 consacerdotes
2715 5122 2931 5168 nostros
2958 5111 3217 5168 Sirieium
3249 5118 3302 5164 et
3322 5105 3763 5178 Simplicianum,

2179 5220 2310 5274 etc.,
2343 5217 2398 5260 ut
2438 5223 2563 5276 pag.
2594 5205 2720 5260 595.

563 5307 748 5362 ’Ὥστε
770 5307 913 5373 τοὺς
928 5309 1185 5379 μικροὺς
1209 5313 1367 5379 παρὰ
1399 5311 1523 5377 τοῖς
1554 5314 1938 5380 Δονατισταῖς
1961 5316 2074 5380 βα-

2241 5317 2308 5372 Ut
2330 5316 2540 5386 parvuli
2567 5315 2708 5385 apud
2745 5314 3057 5369 Donatistas
3118 5312 3378 5378 baptizati
3417 5312 3471 5366 in
3500 5307 3763 5364 catholica

492 5399 897 5470 πτιζομένους,
928 5402 999 5455 ἐν
1031 5401 1104 5471 τῇ
1127 5406 1418 5472 καθολικῇ
1455 5406 1780 5473 κληρικοὺς
1818 5424 2076 5476 χειροτο-

1342 5406 1418 5472 κῖῖ
1455 5406 1780 5473 κληρικοὺς
1818 5424 2076 5476 χειροτο-
2182 5409 2422 5466 Ecclesia
2455 5408 2633 5464 clerici
2655 5407 2983 5473 ordinentur,

489 5490 741 5546 νεῖσθαι.

561 5581 659 5647 VC.
700 5583 792 5636 Διὸ
837 5585 1022 5658 ἐπειδὴ
1073 5589 1131 5640 ἐν
1181 5589 1249 5659 τῇ
1301 5585 1561 5656 ἀνωτέρω
1610 5590 1810 5660 συνόδῳ
1859 5591 2077 5662 ὁρισθὲν

2256 5591 2346 5648 57.
2390 5589 2542 5645 Unde
2581 5588 2839 5659 quoniam
2878 5586 3424 5667 superioriconcnliu
3475 5589 3760 5645 statutum,

494 5673 792 5745 μέμνηται,
824 5694 879 5730 κ.
907 5695 958 5732 τ.
983 5679 1033 5732 λ.

2184 5692 2316 5751 etc.,
2344 5693 2399 5737 ut
2431 5699 2549 5752 pag.
2590 5681 2712 5736 875.

568 5852 612 5884 "
640 5852 656 5907 Ι
689 5853 816 5909 Cor.
853 5856 1072 5917 vnn-ii.
