4156 6444
446 405 551 468 887
622 358 633 367 κ

522 520 591 577 Ut
613 537 730 576 cum
763 520 1058 576 Donatistis
1090 519 1274 577 leniter
1305 530 1516 591 agatur.

518 702 609 758 66.
642 702 844 757 Deinde
889 704 903 734 ¹
958 703 1304 772 pertractatis
1346 710 1399 755 et
1441 700 1805 755 consideratis
1846 699 2023 753 muni-

451 796 571 859 bus,
592 812 715 866 quas
746 797 961 850 utilitati
993 796 1242 850 Ecclesiae
1269 795 1558 849 convenire
1585 791 1751 863 400
1774 793 2031 846 videban-

449 895 559 947 tur,
583 896 857 940 annuente
873 895 1033 953 atque
1052 886 1378 939 admonente
1397 884 1601 952 Spiritu
1631 883 1744 948 Dei,
1768 885 2031 954 elegimus

449 993 573 1030 cum
625 979 942 1032 memoratis
974 977 1307 1041 hominibus,
1354 978 1606 1045 quamvis
1654 976 1722 1032 de
1755 976 2025 1032 Dominici

448 1071 694 1139 corporis
726 1070 929 1124 unitate
960 1069 1199 1138 inquieta
1233 1070 1570 1124 dissensione
1601 1068 1863 1137 prmcisis,
1895 1068 2031 1123 leni-

450 1174 531 1218 ter
561 1174 614 1219 et
644 1164 866 1233 pacilice
890 1179 1087 1231 agere;
1129 1171 1187 1215 ut
1213 1172 1477 1232 quantum
1514 1162 1567 1216 in
1592 1162 1750 1216 nobis
1781 1171 1884 1223 est.
1910 1177 2031 1217 om-

448 1257 609 1310 nibus
631 1256 722 1325 qui
746 1271 934 1310 eorum
978 1257 1368 1309 communione
1420 1262 1475 1308 et
1526 1254 1787 1309 societate
1833 1254 2027 1308 irretiti

447 1358 596 1412 sunt,
630 1362 721 1416 per
759 1348 1046 1401 universas
1096 1347 1409 1413 provincias
1455 1345 1752 1400 Africanas
1811 1347 2028 1416 penitus

445 1437 783 1500 innotescat,
822 1453 985 1505 quam
1020 1436 1314 1492 miserabili
1348 1451 1533 1491 errore
1572 1437 1810 1491 devincti
1847 1447 1978 1493 sunt
2012 1456 2025 1493 :

444 1527 528 1584 Ne
554 1530 711 1599 forte,
747 1530 888 1584 sicut
916 1530 1055 1583 dicit
1081 1528 1401 1597 Apostolus,
1433 1529 1590 1583 nobis
1626 1529 1680 1583 in
1719 1538 2031 1585 mansuetu-

440 1623 568 1677 dine
602 1623 1021 1693 corripientibus
1046 1622 1261 1676 diversa
1288 1622 1605 1685 sentientes,
1638 1630 1724 1676 det
1751 1623 1862 1677 illis
1891 1623 2027 1677 Deus

439 1714 799 1781 paenitentiam
846 1712 916 1765 ad
949 1710 1361 1781 cognoscendam
1398 1712 1687 1776 veritatem,
1716 1721 1791 1765 'et
1838 1714 2025 1782 resipi-

437 1813 589 1857 scant
630 1804 695 1857 de
731 1802 934 1857 diaboli
977 1801 1200 1871 laqueis,
1234 1803 1485 1871 captivati
1532 1802 1597 1856 ab
1630 1804 1742 1873 ipso
1770 1808 1840 1857 ad
1861 1806 2025 1875 ipsius

438 1894 553 1947 salu
563 1901 759 1948 ntalem
774 1893 818 1947 ².

750 2171 976 2227 Concilii
1003 2168 1311 2225 acumenici
1343 2184 1394 2222 v1
1418 2185 1585 2223 canon
1609 2168 1700 2224 95.

506 2282 597 2338 95.
646 2280 753 2337 Eos
788 2282 881 2351 qui
912 2297 975 2335 ex
1003 2280 1273 2335 haereticis
1313 2279 1379 2333 ad
1440 2290 1643 2334 rectam
1680 2278 1838 2333 [idem
1870 2293 2032 2335 acce-

434 2375 589 2443 dunt,
613 2384 743 2442 etc.,
768 2384 823 2428 ut
844 2390 965 2445 pag.
993 2374 1118 2428 626.

901 2482 1097 2537 Basilii
1137 2497 1361 2535 canones
1397 2480 1448 2547 l,
1471 2480 1565 2538 47.

508 2578 561 2632 1.
617 2575 777 2644 Quod
833 2574 1000 2646 igitur
1051 2575 1117 2629 ad
1160 2573 1427 2629 Catliaros
1479 2572 1733 2643 pertinet,
1787 2580 1917 2639 etc.,
1966 2579 2025 2625 ut

431 2689 559 2743 pag.
586 2671 717 2726 866.

503 2763 772 2834 Pepnzeni
810 2776 943 2832 ergo
976 2769 1126 2827 sunt,
1159 2768 1245 2815 etc
1276 2799 1292 2826 ,
1324 2770 1382 2813 ut
1405 2776 1527 2830 pag.
1560 2758 1685 2813 866.

502 2858 724 2912 Cazliari
755 2865 885 2912 sunt
908 2863 963 2910 et
990 2854 1116 2924 ipsi,
1142 2862 1272 2919 etc.,
1298 2864 1353 2906 ut
1388 2870 1510 2924 pag.
1544 2852 1670 2907 867.

502 2951 593 3004 49.
622 2948 913 3004 Encratita':
933 2957 987 3003 et
1011 2946 1369 3016 Sacc0phori,
1398 2957 1527 3009 etc.,
1554 2954 1611 2999 ut
1650 2942 1904 3015 pag.l66.

507 3040 779 3110 Theophili
807 3056 874 3095 ea:
899 3039 1123 3109 epistola
1143 3039 1212 3091 ad
1241 3038 1573 3108 Aphgngium
1602 3038 1919 3106 episcopum.

826 3216 903 3272 De
933 3218 1012 3270 his
1038 3217 1128 3287 qui
1144 3216 1390 3269 dicuntur
1410 3215 1654 3271 Cat/tari.

508 3311 815 3368 Declaravit
846 3310 975 3365 mihi
1002 3320 1093 3364 tua
1124 3310 1299 3378 pietas
1321 3349 1337 3375 ,
1400 3306 1546 3377 quod
1577 3305 1799 3375 quidam
1829 3306 2027 3359 horum

438 3406 532 3477 qui
562 3420 622 3460 se
642 3402 913 3459 Catharos
946 3401 1248 3461 nominant,
1285 3400 1475 3455 volunt
1505 3399 1571 3453 ad
1602 3398 1897 3452 Ecelesiam
1934 3411 2029 3449 ac—

439 3501 654 3557 cedere.
682 3496 952 3565 Qnoniam
981 3509 1113 3564 ergo
1154 3508 1349 3564 magna
1389 3492 1653 3563 synodus,
1684 3506 1807 3561 quae
1833 3488 2027 3544 Nicaeae

444 3590 625 3644 habita
664 3595 747 3642 est
795 3602 824 3641 a
866 3586 1073 3640 sanctis
1120 3582 1376 3638 Patribns
1420 3582 1655 3646 nostris,
1707 3580 1927 3643 statuit,
1968 3589 2028 3633 ut

441 3683 765 3737 ordinentur
795 3680 888 3750 qui
918 3677 1182 3735 accedunt
1214 3717 1229 3741 ,
1264 3676 1401 3729 velis
1427 3675 1579 3745 juxta
1614 3673 1758 3728 hanc
1788 3673 2021 3726 formam

440 3784 537 3825 eos
583 3770 678 3841 qui
721 3769 789 3824 ad
842 3766 1142 3821 Ecclesiam
1184 3764 1444 3818 accedere
1487 3764 1677 3818 volunt
1724 3762 1983 3817 ordinare
2008 3799 2023 3825 ,

442 3861 487 3915 si
521 3860 740 3930 quidem
769 3859 880 3912 vita
906 3872 1096 3912 eorum
1129 3865 1278 3910 recta
1306 3864 1388 3909 cst
1412 3891 1430 3919 ,
1461 3863 1515 3908 et
1554 3853 1690 3909 nihil
1724 3854 1803 3909 eis
1829 3854 2025 3907 adver-

442 3958 616 4004 satur.

511 4042 671 4114 501
700 4040 1006 4096 Concilium
1040 4038 1296 4111 Cypriani
1340 4037 1706 4111 [temporibus
1741 4034 2023 4107 habitum]

442 4136 656 4200 statuit,
694 4142 752 4188 ut
794 4134 1111 4204 quicunque
1166 4133 1455 4188 haereticus
1504 4130 1571 4185 ad
1622 4140 1825 4185 rectam
1861 4130 2019 4183 tidem

440 4229 678 4293 devenit,
722 4228 1073 4298 baptizetur:
1117 4225 1502 4281 haereticorum
1542 4220 1851 4294 [lotionem]
1904 4236 2011 4275 non

441 4334 567 4374 csse
604 4317 938 4388 baptismum
975 4316 1189 4371 dicens.

514 4446 667 4501 CAP.
701 4444 821 4502 XV.
855 4478 925 4487 —
953 4443 1077 4498 Non
1107 4451 1344 4513 oportere
1378 4442 1442 4494 ab
1468 4442 1724 4509 episcopis
1753 4440 1832 4494 vel
1867 4439 2026 4494 cleri-

442 4542 519 4593 cis
550 4540 743 4595 donari
798 4555 853 4592 re
894 4539 1101 4604 aliqua,
1133 4536 1211 4591 vel
1243 4537 1454 4589 heredes
1483 4544 1575 4587 aut
1604 4535 1889 4603 legatarios
1941 4533 2025 4586 in-

446 4634 596 4689 stitui
623 4632 917 4695 ha’reticos,
965 4630 1178 4684 etiamsi
1212 4629 1315 4682 sint
1350 4643 1529 4680 eorum
1558 4626 1860 4695 propinqui.

653 4724 875 4781 Concilii
908 4723 1342 4792 Carthaginensis
1364 4736 1589 4777 canones
1629 4719 1718 4780 Ἡ,
1750 4718 1839 4774 81.

523 4819 591 4875 Ut
617 4818 843 4889 episcopi
873 4818 948 4871 vel
973 4818 1173 4883 clerici,
1201 4826 1331 4880 etc.,
1361 4825 1416 4869 ut
1446 4832 1563 4885 pag.
1602 4814 1725 4868 827.

518 5005 611 5060 23.
639 5004 705 5058 Et
731 5015 789 5059 ut
812 5004 865 5058 in
891 5017 986 5058 eos
1011 5000 1105 5071 qui
1135 4997 1412 5062 catholici,
1444 5004 1646 5059 etc.,ut
1682 5012 1807 5065 pag.
1843 4992 1969 5047 827.

516 5210 590 5265 De
629 5208 886 5281 episcOpis
936 5206 1029 5277 qui
1080 5202 1352 5258 hwreticos
1414 5198 1491 5253 vel
1539 5213 1774 5269 paganos
1806 5197 2033 5251 hwrcdes

447 5304 747 5357 instituunt.

516 5414 605 5467 8|.
635 5412 766 5465 Item
792 5408 994 5479 p.aenit
1018 5414 1075 5458 ut
1097 5406 1140 5460 si
1166 5405 1290 5474 quis
1308 5403 1598 5473 cpiscopus
1618 5400 1881 5464 lneredes,
1902 5409 2033 5467 etc.,

454 5520 506 5557 ιιι
539 5522 658 5575 pag.
694 5504 821 5556 827.

525 5600 663 5669 Lege
696 5614 817 5665 qum
845 5595 1096 5649 adnotata
1138 5600 1263 5645 sunt
1307 5591 1359 5643 in
1395 5606 1513 5657 cap.
1565 5588 1617 5654 8,
1646 5589 1727 5642 tit.
1776 5587 1843 5640 10
1898 5604 2035 5656 pra:-

450 5694 619 5747 sentis
648 5691 852 5760 aperis.

526 5855 541 5883 ‘
564 5851 732 5905 Coac.
769 5846 939 5903 Alric.
967 5846 1055 5901 55.
1080 5838 1151 5893 Ἠ
1184 5841 1325 5897 Tim.
1354 5856 1409 5907 ll,
1442 5842 1531 5906 ἐξ),
1558 5841 1642 5893 ‘26.

1607 404 1871 464 PHOTII
1904 404 2411 467 PATRIARCHJS
2451 408 2559 468 ΕΡ.

2056 520 2107 581 Δ
2202 523 2343 590 Περὶ
2393 522 2499 577 τοῦ
2540 523 2689 592 μετὰ
2738 520 2856 576 τῶν
2916 518 3290 575 Δονατιστῶν
3333 518 3532 587 πράως
3586 518 3719 573 δια-

3613 407 3721 470 888

2132 615 2496 684 πράξασθαι.

2206 708 2311 774 ξς’.
2336 710 2492 763 Μετὰ
2514 708 2687 763 ταῦτα
2704 706 3134 779 ψηλαφηθέντων
3155 707 3249 761 καὶ
3271 706 3717 777 κατανοηθέντων

2132 801 2371 866 πάντων,
2383 802 2491 854 τῶν
2503 803 2567 870 τῇ
2581 799 3008 867 ἐκκλησιαστικῇ
3024 797 3385 868 χρησιμὸτητι
3404 797 3717 867 συντρέχειν

2131 894 2451 959 δοκούντων,
2466 892 2847 949 ἐπινεύσαντος
2864 891 2959 945 καὶ
2979 892 3143 962 ὲνηχή
3152 906 3339 953 σαντος
3357 889 3449 943 τοῦ
3466 889 3717 958 Πνεύμα-

2132 1004 2223 1049 τος
2243 986 2337 1039 τοῦ
2364 984 2521 1051 Θεοῦ,
2550 983 2925 1054 ἐπελεξάμεθα
2946 984 3123 1054 ἠπίως
3156 983 3247 1035 καὶ
3276 984 3566 1052 εἰρηνικῶς
3597 982 3717 1034 δια-

2133 1078 2443 1148 πράξασθαι
2504 1078 2641 1148 μετὰ
2690 1077 2800 1130 τῶν
2854 1075 3338 1146 μνημονευθέντων
3391 1072 3715 1144 ἀνθρώπων,

2132 1170 2235 1223 κᾶν
2262 1172 2311 1223 εί
2341 1170 2410 1223 τὰ
2461 1170 2694 1239 μάλιστα
2741 1170 2805 1221 ὲκ
2860 1168 2960 1237 τῆς
3012 1166 3106 1220 τοῦ
3140 1165 3420 1235 Κυριακοῦ
3465 1165 3717 1233 σώματος

2132 1262 2377 1325 ὲνώσεως
2398 1261 2759 1331 ἁνησυχάστῳ
2787 1259 3023 1328 διχονοίᾳ
3053 1257 3420 1326 ἁποσχίζωσιν
3439 1274 3452 1287 ·
3485 1256 3571 1309 ἶνα
3595 1257 3718 1307 ὅσον

2130 1352 2191 1406 τὸ
2229 1354 2285 1404 ὲν
2330 1354 2483 1419 ἡμῖν,
2536 1351 2673 1403 πᾶσι
2724 1349 2951 1401 καθόλου
2982 1346 3202 1417 γνωσθῇ
3251 1347 3363 1405 τοῖς
3391 1346 3458 1413 τῇ
3496 1343 3718 1396 ἐκείνων

2131 1445 2388 1515 κοινωνίᾳ
2431 1445 2525 1497 καὶ
2559 1443 2778 1513 ἑταιρίᾳ
2816 1438 3235 1511 σαγηνευθεῖσιν
3276 1436 3379 1491 ἀνὰ
3414 1436 3591 1499 πάσας
3619 1434 3718 1497 τὰς

2129 1540 2229 1605 τῆς
2265 1534 2534 1605 Ἀφρικῆς
2563 1533 2853 1603 ἐπαρχίας,
2890 1529 3008 1593 πῶς
3053 1528 3260 1598 ἐλεεινῇ
3295 1527 3473 1598 πλάνῃ
3503 1525 3719 1579 κατεδέ-

2132 1631 2340 1699 θησανο
2372 1629 2561 1693 Ἴσως,
2609 1624 2792 1688 καθὼς
2830 1623 2978 1690 λέγει
3020 1624 3047 1674 ὁ
3090 1618 3433 1682 Ἀπόστολος,
3474 1615 3632 1686 ἡμῶν
3661 1617 3720 1667 ὲν

2131 1720 2432 1791 ἡμερότητι
2476 1718 2821 1785 συναγόντων
2853 1715 2977 1775 τοὺς
3005 1712 3072 1765 τὰ
3102 1711 3333 1780 διάφορα
3362 1706 3718 1777 φρονοῦντας,

2130 1811 2306 1864 δώσει
2348 1808 2553 1874 αὐτοῖς
2597 1810 2631 1861 ό
2672 1806 2816 1872 Θεὸς
2850 1803 3167 1873 μετάνοιαν
3200 1801 3353 1868 πρὸς
3377 1797 3443 1851 τὸ
3471 1795 3721 1866 ἐπιγνῶ-

2134 1921 2231 1959 ναι
2271 1901 2388 1969 τὴν
2424 1899 2735 1965 ἀλήθειαν,
2773 1896 2872 1950 καὶ
2920 1893 3364 1963 ἀνιισφήλωσιν
3398 1892 3450 1943 οἱ
3497 1889 3563 1941 ἐκ
3604 1886 3723 1939 τῶν

2128 1996 2236 2050 τοῦ
2264 1994 2549 2047 διαϐόλου
2573 1992 2819 2060 βρόχων
2843 1985 3424 2059 αἰχμαλωτισθέντες
3447 1979 3608 2051 αὐξῷ
3634 1982 3717 2045 εὶς

2130 2086 2199 2142 τὸ
2228 2084 2416 2139 αὑτοῦ
2443 2083 2694 2150 θέλημα.

2289 2176 2561 2233 Συγόδου
2586 2170 3007 2242 οίκουμενικῆς
3035 2169 3217 2235 ἕκτης
3246 2165 3446 2220 κανὼν
3475 2161 3576 2232 ιε’.

2203 2288 2306 2356 ιιεθ.
2332 2287 2473 2350 Τοὺς
2508 2283 2971 2356 προστιθεμένους
2998 2282 3066 2351 τῆ
3098 2275 3395 2351 ὀρθοδοξίᾳ,
3422 2292 3477 2329 κ.
3503 2290 3549 2327 τ.
3578 2273 3629 2327 λ.

2530 2482 2857 2538 Βασιλείου
2886 2477 3087 2533 κανὼν
3116 2474 3184 2541 α’,
3221 2473 3326 2543 μζῖ

2225 2588 2295 2636 α’.
2356 2578 2431 2632 Τὸ
2485 2575 2585 2648 μὲν
2632 2569 2725 2628 οὖν
2780 2572 2909 2643 περὶ
2948 2572 3074 2634 τοὺς
3126 2566 3414 2638 Καθαροὺς
3463 2562 3718 2634 ζήτημα,

2134 2692 2189 2729 κ.
2222 2690 2273 2726 τ.
2306 2672 2357 2725 λ.

2206 2766 2272 2818 Οἱ
2304 2764 2481 2818 τοίνυν
2512 2760 2874 2830 Πεπουζηνοὶ,
2905 2776 2959 2811 κ.
2984 2775 3033 2811 τ.
3063 2757 3113 2808 λ.

2208 2858 2272 2911 Ol
2302 2856 2359 2909 δὲ
2392 2854 2636 2924 Καθαροί.
2666 2854 2759 2907 καὶ
2784 2850 2959 2916 αὐτοὶ,
2987 2868 3040 2903 κ.
3063 2866 3113 2900 τ.
3136 2847 3188 2902 λ.

2211 2947 2319 3018 μθν.
2373 2946 2723 3016 Ἐγκρατῖται
2762 2943 2857 2996 καὶ
2887 2939 3248 3009 Σακκοφόροι,
3281 2953 3335 2989 κ.
3361 2952 3410 2987 τ.
3435 2935 3489 2987 λ.

2212 3040 2507 3108 Θεοφίλου
2552 3038 2622 3091 ἐκ
2664 3035 2774 3104 τῆς
2821 3035 2968 3102 πρὸς
3010 3032 3330 3101 Ἀφύγγιον
3381 3026 3723 3079 ἐπίσκοπον

2136 3131 2488 3201 ἐπιστολῆς.

2447 3225 2585 3293 Ile-pl
2616 3223 2735 3277 τῶν
2762 3220 3102 3291 λεγομένων
3134 3215 3437 3285 Καθαρῶν.

2208 3318 2488 3389 Δεδήλωκέ
2523 3334 2614 3387 μοι
2640 3318 2672 3386 ἡ
2708 3315 2774 3385 σὴ
2804 3313 3079 3378 εὐλάϐεια,
3112 3311 3186 3374 ὥς
3216 3327 3359 3370 τινες
3388 3307 3495 3361 τῶν
3524 3306 3722 3374 ὀνομα-

2136 3412 2337 3477 ζόντων
2368 3411 2596 3471 ἑαυτοὺς
2630 3407 2921 3479 Καθαροὺς
2955 3404 3277 3477 προσελθεῖν
3324 3401 3607 3471 βούλονται
3653 3399 3721 3467 τῇ

2146 3503 2445 3573 Ἐκκλησία
2465 3519 2478 3533 ·
2513 3500 2702 3571 ἐπειδὴ
2724 3499 2904 3551 τοίνυν
2934 3500 2966 3566 ἡ
3008 3495 3219 3566 μεγάλη
3249 3492 3485 3555 σύνοδος,
3511 3491 3545 3559 ἡ
3566 3505 3721 3557 γενο-

2138 3596 2274 3666 μένη
2308 3596 2365 3647 ὲν
2390 3592 2595 3661 Νικαίᾳ
2622 3590 2775 3660 παρὰ
2799 3589 2909 3642 τῶν
2937 3587 3226 3658 μακαρίων
3258 3584 3518 3655 Πατέρων
3542 3580 3721 3654 ἡμῶν,

2132 3686 2331 3756 ὥρισεν
2378 3683 2518 3737 ὥστε
2568 3679 2996 3753 χειροτονεῖσθαι
3047 3678 3174 3740 τοὺς
3227 3676 3719 3746 προσερχομένους,

2134 3778 2364 3847 θέλησον
2393 3774 2536 3829 κατὰ
2559 3774 2649 3826 τὸν
2675 3772 2844 3826 τύπον
2866 3770 3055 3823 τοῦτον
3084 3771 3210 3831 τοὺς
3243 3768 3525 3830 ἐθέλοντας
3553 3782 3723 3836 προσ-

2134 3869 2393 3939 έρχεσθαι
2425 3870 2491 3937 τῇ
2524 3865 2825 3936 Ἐκκλησία
2858 3863 3206 3934 χειροτονεῖν,
3237 3861 3289 3913 ετ
3320 3877 3382 3926 γε
3413 3860 3442 3912 ὁ
3473 3858 3584 3928 βίος
3620 3857 3724 3910 aii-

2132 3962 2241 4014 τῶν
2272 3960 2431 4031 ὀρθός
2466 3961 2603 4021 ἐστι,
2640 3959 2735 4010 καὶ
2766 3957 2931 4027 μηδὲν
2959 3954 3167 4007 τούτων
3202 3952 3525 4006 ἀντίκειται.

2219 4053 2281 4105 Ἦ
2306 4052 2448 4105 κατὰ
2476 4048 2790 4121 Κυπριανὸν
2818 4047 3035 4110 σύνοδος
3063 4047 3241 4100 πάντα
3267 4043 3542 4115 αἱρετικὸν
3571 4040 3722 4111 ὲρχόο

2141 4164 2301 4219 μενον
2333 4148 2412 4209 είς
2439 4144 2752 4214 ὀρθοδοξίαν
2781 4141 2953 4211 ὁρίζει
2984 4138 3366 4210 βαπτίζεσθαι,
3398 4137 3635 4205 λέγουσα
3662 4133 3724 4186 τὸ

2135 4239 2244 4293 τῶν
2272 4237 2563 4309 αἱρετικῶν
2600 4235 2675 4307 μὴ
2708 4232 2848 4288 εἶναι
2882 4233 3188 4304 βάπτισμα.

2209 4456 2460 4510 ΚΕΦΛΛ.
2494 4455 2594 4509 1Ε’.
2616 4484 2686 4493 ——
2706 4453 2844 4523 Περὶ
2876 4453 2980 4507 τοῦ
3002 4452 3153 4523 μήτε
3182 4453 3555 4516 ἐπισκόπους
3571 4450 3724 4519 μήτε

2140 4547 2467 4617 κληρικοὺς
2513 4545 2847 4613 δωρεῖσθαι,
2905 4544 2943 4612 ἢ
2994 4546 3063 4598 ἑν
3104 4543 3357 4612 διαθήκῃ
3397 4542 3627 4595 διδόναι
3669 4554 3723 4593 τι

2138 4639 2472 4710 αἱρετικῶς,
2504 4637 2621 4691 κᾶν
2644 4633 2797 4691 ὦσιν
2823 4636 3021 4690 αὐτῶν
3048 4636 3382 4706 συγγενεῖς.

2315 4728 2585 4784 Συνόδου
2621 4726 3041 4796 Καρθαγέννης
3069 4726 3270 4778 κανὼν
3300 4722 3403 4795 κβ’,
3435 4722 3544 4776 πα’.

2213 4823 2390 4877 Ὥστε
2434 4820 2571 4885 τοὺς
2624 4819 2997 4883 ἐπισκόπους
3051 4818 3149 4870 καὶ
3195 4816 3327 4881 τοὺς
3378 4816 3721 4882 κληρικοὺς,

2140 4935 2194 4971 κ.
2230 4934 2282 4970 τ.
2313 4916 2363 4971 λ.

2212 5007 2316 5079 κβ¹.
2355 5004 2540 5076 Μηδὲν
2568 5004 2657 5057 διὰ
2703 5002 2913 5076 δωρεάς
2962 5002 3072 5057 τῶν
3105 5002 3321 5055 οίκείων
3354 5001 3720 5073 πραγμάτων,

2139 5121 2194 5156 κ.
2228 5120 2280 5155 τ.
2310 5101 2360 5156 λ.

2212 5209 2352 5278 Περὶ
2396 5210 2746 5263 ἐπισκόπων
2789 5206 2910 5262 τῶν
2951 5205 3287 5277 αἰρετικοὺς
3329 5205 3367 5273 ἣ
3415 5204 3724 5270 ’Έλληνας

2143 5301 2557 5368 κληρονόμους
2594 5300 3189 5368 καταλιμπίινόντων.

2214 5415 2320 5464 πα’.
2397 5409 2627 5478 Ὁμοίως
2678 5408 2909 5479 ὡρίσθη,
2974 5410 3059 5462 ἵνα
3109 5409 3206 5463 ἐάν
3259 5425 3344 5469 τις
3402 5406 3720 5469 ἐπίσκοπος,

2136 5499 2504 5568 κληρονόμους
2534 5503 2838 5568 συγγενεῖς,
2872 5518 2924 5553 κ.
2955 5517 3005 5552 τ.
3032 5500 3080 5552 λ.

2216 5592 2512 5661 Ἀνάγνωθι
2563 5593 2633 5645 τὰ
2683 5592 3199 5663 παραγεγραμμένα
3261 5593 3319 5644 ὲν
3368 5590 3446 5661 τῷ
3497 5587 3544 5661 η’
3594 5604 3716 5657 κεφ.

2136 5681 2228 5736 τοῦ
2260 5680 2289 5735 ι’
2323 5683 2425 5735 τίτ.
2453 5681 2547 5735 τοῦ
2584 5682 2848 5754 παρόντος
2883 5684 3287 5753 συντάγματος.
