4156 6410
469 370 591 440 ’891

843 507 1070 564 Concilii
1104 507 1447 564 Sardicensis
1475 523 1645 562 canon
1675 507 1767 563 ll.

561 600 650 656 ll.
687 597 852 656 Osius
891 600 1182 670 episcopus
1215 599 1350 653 dixit
1381 616 1394 652 :
1432 597 1544 652 Hoc
1598 612 1817 668 quoque
1862 595 2090 652 delinire

489 691 771 758 debemus,
800 699 934 756 etc.,
963 701 1018 743 ut
1043 705 1166 760 pag.
1195 689 1320 744 606.

821 778 1362 837 Conciliiwcnmenici
1386 793 1437 831 vi
1460 793 1631 830 canon
1661 776 1751 831 80.

562 873 653 929 80.
689 873 745 927 Si
776 872 901 942 quis
926 871 1236 942 episcopus,
1267 870 1347 923 vel
1372 869 1670 940 presbyter,
1697 867 2085 935 veldiaconus,

491 973 626 1026 etc.,
657 974 716 1016 ut
743 980 865 1032 pag.
902 962 1031 1016 606.

557 1047 722 1127 404
761 1055 914 1111 CAP.
957 1055 1020 1111 ll.
1049 1088 1116 1102 -
1156 1055 1235 1110 De
1270 1055 1422 1110 laicis
1475 1052 1706 1109 secundo
1760 1054 1838 1109 uel
1883 1055 2084 1125 pluries

491 1143 827 1208 nubentibus,
849 1142 983 1198 etde
1016 1143 1228 1198 illicitis
1259 1144 1459 1212 nuptiis
1488 1152 1537 1197 et
1563 1142 1776 1210 copula.

841 1326 1222 1396 Apostolorum
1256 1342 1484 1380 canones
1539 1326 1626 1390 l9,
1669 1326 1758 1381 48.

553 1413 618 1470 l9
643 1413 778 1488 [l8].
811 1414 914 1482 Qui
946 1417 1083 1471 duas
1106 1431 1326 1472 sorores
1357 1416 1536 1484 duxit,
1558 1418 1640 1472 vel
1657 1417 2070 1484 consobrinam,

487 1522 597 1560 non
642 1508 821 1576 p‘nti-st
853 1524 974 1562 esse
1025 1509 1284 1564 clericus.

559 1599 631 1654 43
665 1580 801 1672 [4η.
830 1599 884 1654 Si
931 1603 1054 1670 quis
1094 1601 1270 1656 laicus
1325 1616 1424 1657 sua
1477 1601 1648 1670 ejecta
1687 1615 1861 1656 uxore
1915 1601 2082 1656 aliam

489 1692 761 1762 acceperit
786 1694 865 1747 vel
907 1693 974 1748 ab
1032 1694 1140 1748 alio
1182 1690 1453 1756 solutam,
1491 1701 1838 1762 segregetur.

775 1875 1003 1930 Concilii
1033 1860 1299 1945 Ancyrani
1323 1891 1550 1929 canones
1592 1874 1680 1941 16,
1711 1875 1799 1928 ΓΙ.

563 1967 652 2023 l6.
686 1968 761 2022 De
797 1970 863 2024 iis
887 2011 901 2035 ,
957 1970 1049 2039 qui
1083 1970 1312 2025 rationis
1353 1969 1596 2036 expertia
1647 1969 1906 2024 animalia
1946 1969 2081 2024 inie-

469 2069 621 2139 jriint
649 2101 663 2123 ,
707 2061 790 2115 vel
828 2061 1020 2128 ineunt
1092 2060 1226 2132 ('50).
1271 2059 1592 2129 Quicunque
1636 2061 1954 2130 priusquam
1995 2062 2080 2116 vi-

473 2148 626 2217 fginti
653 2150 872 2220 quidem
901 2163 1076 2207 annos
1123 2154 1234 2206 nati
1272 2161 1458 2208 essent
1483 2191 1499 2216 ,
1547 2163 1878 2222 peccarunt,
1920 2163 2077 2224 post-

472 2233 656 2325 :qua'm
691 2243 1003 2312 quindecim
1033 2245 1192 2301 anuis
1223 2246 1490 2301 substrati
1531 2262 1597 2302 ac
1640 2246 1913 2320 supplices
1958 2247 2079 2303 lue—
2109 2276 2111 2278 -

493 2336 603 2388 iiut
625 2377 640 2401 ,
664 2337 1105 2402 communionem
1138 2338 1203 2391 ad
1236 2354 1428 2408 preces
1457 2351 1845 2410 assequamur.
1874 2340 2078 2396 Deinde

493 2433 547 2478 et
577 2441 698 2480 cum
735 2426 786 2479 in
820 2427 1208 2483 communione
1229 2430 1474 2499 quinque
1505 2430 1664 2485 annis
1694 2446 2079 2500 perseverave-

492 2519 634 2584 rint,
686 2518 1020 2574 oblationem
1055 2515 1346 2590 attingant.
1398 2521 1754 2578 Examinetur
1797 2534 1978 2579 autem
2025 2535 2081 2580 et

491 2623 684 2664 eorum
730 2611 786 2664 in
833 2612 1205 2667 substratione
1244 2614 1394 2680 vita,
1449 2623 1504 2670 et
1554 2615 1626 2669 ita
1681 2616 2078 2671 humanitatem

492 2709 926 2772 consequantur.
963 2703 1150 2773 Siqui
1193 2714 1374 2759 autem
1427 2706 1675 2776 improbe
1735 2723 1800 2763 ac
1845 2709 2082 2779 maligne

492 2794 548 2846 in
582 2794 820 2864 peccatis
860 2794 1106 2861 luerunt,
1155 2795 1320 2868 longe
1359 2799 1787 2854 sulistrationem
1821 2799 2077 2854 habeant.

490 2885 821 2957 Quicunque
850 2896 1030 2943 autem
1100 2889 1242 2944 hanc
1277 2891 1866 2961 ietatem'trausgressi,
1890 2901 1943 2947 et
1979 2893 2082 2946 lia-

492 2977 683 3035 bentes
711 2995 912 3035 uxores
945 3020 958 3043 ,
993 2980 1046 3033 in
1082 2981 1188 3036 hoc
1219 2993 1499 3051 peccatum
1533 2983 1862 3049 inciderunt,
1890 2982 2084 3054 viginti

491 3070 653 3125 annis
675 3071 961 3136 substratl,
995 3074 1445 3129 communionem
1466 3075 1531 3128 ad
1560 3090 1750 3144 preces
1774 3091 2080 3144 assequan-

494 3174 607 3216 tur.
662 3161 871 3218 Deinde
894 3179 1018 3218 cum
1059 3165 1116 3218 in
1155 3180 1378 3233 precum
1408 3167 1795 3222 cunnnunione
1838 3169 2084 3239 quinque

494 3270 672 3309 annos
710 3249 1050 3325 peregerint,
1087 3256 1426 3312 oblationem
1465 3268 1854 3328 assequamur.
1897 3259 1956 3314 Si
1989 3261 2084 3330 qui

495 3355 681 3401 autem
719 3355 776 3401 et
824 3347 1084 3406 mulieres
1125 3349 1385 3426 habentes
1411 3390 1429 3425 ,
1470 3359 1526 3405 et
1569 3351 2086 3422 quinquagesimum

499 3453 706 3492 annum
768 3440 1148 3510 transgressi,
1205 3450 1600 3511 peccaverunt,
1649 3441 1705 3496 in
1755 3441 1884 3497 vita:
1934 3441 2088 3498 exitu

495 3533 941 3588 communionem
985 3543 1375 3604 assequamur.

569 3623 656 3678 17.
701 3622 806 3680 Eos
831 3623 923 3694 qui
962 3625 1193 3693 rationis
1220 3623 1464 3694 expertia
1488 3625 1790 3680 animantia
1825 3625 2087 3693 inierunt,

498 3721 553 3766 et
585 3713 677 3781 qui
706 3713 904 3783 leprosi
941 3719 1070 3768 sunt
1101 3713 1182 3767 vel
1205 3713 1448 3768 'l‘uerunt
1469 3753 1485 3778 ,
1521 3715 1689 3786 jussit
1713 3726 1902 3771 sancta
1926 3733 2091 3788 syno-

498 3806 602 3861 dus
634 3807 775 3859 inter
813 3806 1114 3860 hiemantes
1144 3821 1322 3860 orare.
1654 3811 1658 3818 '

551 3898 715 3971 405
749 3898 975 3953 Concilii
1013 3896 1485 3965 Neocwsariensis,
1511 3915 1736 3955 canones
1759 3901 1813 3967 ἓ,
1839 3902 1892 3965 5,
1916 3902 1970 3966 4,
1999 3905 2050 3957 7.

567 3990 623 4046 2.
657 3989 880 4046 Femina
927 3991 972 4047 si
1014 3992 1230 4047 duobus
1263 3991 1528 4048 fratribus
1570 3994 1838 4064 nupserit,
1862 4005 1992 4060 etc.,
2027 4004 2087 4050 ut

499 4099 620 4154 png.
658 4083 787 4138 802.

569 4173 622 4229 5.
678 4173 750 4228 De
783 4173 849 4227 iis
898 4172 991 4242 qui
1040 4171 1096 4227 in
1139 4171 1376 4242 plurima
1422 4173 1773 4229 matrimonia
1811 4174 2084 4238 incidunt,

1659 393 1922 455 PHOTII
1950 391 2462 453 I’ATRIARCH.'E
2489 393 2599 454 (ΞΡ.

2115 503 2170 564 Α

3672 383 3802 454 892

2512 499 2784 558 Συνόδου
2810 495 3113 568 Σαρδικῆς
3140 497 3343 551 κανὼν
3374 494 3461 552 ια’.

2261 592 2350 651 ια’.
2394 595 2582 657 Ὀσιος
2617 591 2916 652 ἐπίσκοπος
2966 583 3122 644 εἷπε·
3162 589 3274 642 Καὶ
3316 586 3474 641 τοῦτο
3505 588 3564 642 δὲ
3603 588 3798 657 ὁρίσαι

2189 685 2500 756 ὀφείλομεν,
2533 701 2590 737 κ.
2618 699 2668 736 τ.
2694 683 2747 735 λ.

2348 775 2624 830 Συνόδου
2650 770 3074 842 οἱκουμενικῆς
3104 769 3280 835 ἕκτης
3317 768 3519 822 κανὼν
3549 767 3625 821 π’.

2261 865 2337 921 π’.
2379 868 2446 920 Et
2481 884 2565 932 τις
2598 867 2918 929 ἐπίσκοπος,
2950 864 2981 935 ἢ
3017 862 3412 934 πρεσϐύτερος,
3446 861 3478 931 ἢ
3513 861 3787 925 διάκονος.

2187 976 2245 1012 κ.
2282 977 2334 1013 τ.
2364 961 2419 1013 λ.

2261 1053 2510 1107 ΚΕΦΑΛ.
2543 1052 2622 1106 B'.
2654 1081 2724 1092 —
2753 1047 2891 1119 Περὶ
2912 1046 3141 1104 λατκῶν
3167 1046 3790 1115 δευτερογαμούντων,

2190 1143 2229 1213 ἢ
2256 1144 2794 1216 πολυγαμούντων,
2847 1142 2948 1196 καὶ
2983 1139 3417 1209 κεκωλυμένων
3439 1139 3662 1208 γάμων,
3688 1139 3793 1191 καὶ

2187 1235 2428 1308 μίξεως.

2547 1327 2928 1382 ’Λποστόλων
2959 1324 3161 1378 κανὼν
3195 1322 3281 1388 ti)’,
3317 1320 3431 1392 μη’.

2259 1416 2344 1472 ιϐ’.
2413 1417 2469 1470 '0
2515 1418 2608 1470 δύο
2661 1416 2896 1488 ἀδελφὰς
2944 1415 3216 1483 ἀγόμενος
3266 1412 3299 1483 ἢ
3353 1411 3667 1482 ἀδελφιδᾶς,
3723 1414 3787 1467 οὗ

2187 1511 2412 1565 δύναται
2443 1505 2585 1563 εἶναι
2617 1508 2903 1578 κληρικός.

2262 1602 2373 1676 μη’.
2419 1603 2484 1657 El
2525 1621 2610 1666 τις
2658 1600 2846 1664 λαῖκὸς
2876 1600 2976 1668 τὴν
3023 1599 3222 1652 ἐαυτοῦ
3255 1599 3489 1667 γυναῖκα
3535 1597 3790 1652 ἐκϐαλὼν

2185 1695 2378 1766 ἑτέραν
2407 1693 2585 1759 λάϐοι,
2617 1693 2650 1765 ἦ
2685 1693 2835 1764 παρὰ
2903 1692 3064 1746 ἄλλου
3115 1689 3547 1762 ἀπολελυμένην,
3591 1691 3791 1763 ἀφορι-

2186 1787 2386 1852 ζέσθω.

2449 1877 2721 1934 Συνόδου
2759 1878 3042 1948 Ἀγκύρας
3075 1875 3278 1930 κανὼν
3305 1883 3406 1941 ις’,
3442 1874 3529 1941 ιζ’.

2264 1970 2362 2038 ις’.
2390 1973 2526 2042 Περὶ
2551 1970 2661 2024 τῶν
2686 1968 3138 2039 ἀλογευσαμένων
3164 1967 3196 2037 ἦ
3233 1967 3328 2022 καὶ
3351 1965 3788 2035 ἀλογευομένων,

2191 2063 2309 2118 ὅσοι
2359 2062 2490 2133 πρὶν
2536 2061 2871 2122 είκοσαετεῖς
2903 2055 3161 2125 γενέσθαι
3188 2055 3459 2126 ἥμαρτον,
3499 2053 3790 2108 πεντεκαί-

2190 2156 2324 2210 δεκα
2363 2155 2542 2208 ἐτεσιν
2594 2151 2984 2215 ὑποπεσόντες,
3031 2149 3316 2212 κοινωνίας
3370 2146 3790 2216 τυγχανέτωσαν

2190 2248 2290 2317 τῆς
2341 2249 2419 2310 εἰς
2453 2246 2553 2308 τὰς
2597 2243 2943 2316 προσευχάς·
2997 2235 3118 2294 εἶτα
3167 2241 3226 2292 ἐν
3271 2241 3338 2310 τῇ
3375 2238 3632 2310 κοινωνίᾳ
3667 2237 3792 2290 δια-

2197 2339 2520 2400 τελέσαντες
2549 2336 2644 2406 ἔτη
2679 2334 2862 2393 πέντε.
2893 2333 3015 2386 τότε
3079 2331 3176 2386 καὶ
3213 2331 3311 2401 τῆς
3345 2331 3660 2401 προσφορᾶς
3690 2329 3789 2396 ἐφ-

2196 2430 2593 2485 απτέσθωσαν·
2627 2426 2968 2496 ἐξεταζέσθω
2996 2424 3052 2477 δὲ
3082 2422 3261 2477 αὐτῶν
3289 2423 3384 2476 καὶ
3409 2425 3438 2476 ὁ
3463 2423 3524 2474 ὲν
3549 2424 3614 2492 τῇ
3647 2423 3783 2474 ὑπο-

2194 2521 2398 2576 πτώσει
2427 2521 2559 2592 βίος,
2588 2521 2684 2574 καὶ
2711 2518 2885 2582 οὕτως
2904 2517 3326 2587 τυγχανέτωσαν
3354 2513 3454 2582 τῆς
3479 2511 3787 2583 φιλανθρω-

2195 2614 2326 2679 πίας
2354 2631 2368 2646 ·
2423 2615 2472 2668 εί
2523 2613 2580 2666 δέ
2629 2628 2776 2676 τινες
2825 2609 3149 2680 κατακόρως
3187 2610 3245 2661 ἐν
3277 2608 3388 2670 τοῖς
3420 2605 3785 2676 ἁμαρτήμασι

2192 2705 2477 2774 γεγόνασι,
2507 2702 2608 2774 τὴν
2643 2701 2863 2774 μακρὰν
2887 2701 3162 2772 ἐχέτωσαν
3193 2698 3509 2751 ὑπόπτωσιν
3529 2712 3544 2726 ·
3580 2696 3694 2749 ὅσοι
3725 2695 3786 2749 δὲ

2193 2798 2294 2851 ὑπε
2305 2795 2532 2867 ρϐάντες
2551 2796 2651 2865 τὴν
2673 2793 2889 2864 ἡλικίαν
2911 2790 3138 2862 ταύτην,
3164 2788 3260 2843 καὶ
3281 2789 3546 2857 γυναῖκας
3568 2786 3786 2856 ἔχοντες

2193 2886 2648 2960 περιπεπτώκασι
2698 2885 2776 2956 τῷ
2821 2883 3220 2953 ἁμαρτήματι,
3273 2877 3435 2934 πέντε
3480 2879 3574 2932 καὶ
3609 2878 3785 2931 εἴκοσι

2195 2980 2372 3034 ἐτεσιν
2403 2978 2792 3040 ὑποπεσόντες.
2824 2973 3111 3037 κοινωνίας
3137 2971 3554 3042 τυγχανέτωσαν
3581 2971 3679 3038 τῆς
3701 2969 3785 3030 είς

2196 3071 2295 3135 τὰς
2327 3069 2640 3141 προσευχάς
2667 3084 2682 3099 ο
2735 3064 2858 3120 εἶτα
2895 3064 3276 3126 ἐκτελέσαντες
3308 3060 3471 3115 πέντε
3500 3060 3596 3130 ἐτη
3624 3059 3681 3111 ἐν
3713 3059 3788 3128 τῇ

2198 3161 2455 3232 κοινωνίᾳ
2481 3160 2591 3213 τῶν
2620 3157 2816 3229 εὐχῶν,
2851 3155 3274 3227 τυγχανέτωσαν
3300 3153 3401 3224 τῆς
3429 3153 3746 3224 προσφορᾶς
3766 3167 3783 3182 ·

2197 3259 2246 3311 εί
2271 3255 2330 3310 δέ
2359 3272 2504 3319 τινες
2531 3255 2627 3308 καὶ
2659 3255 2922 3322 γυναῖκας
2942 3250 3184 3322 ἔχοντες,
3216 3249 3312 3302 καὶ
3333 3247 3671 3319 ὑπερϐάντες
3694 3247 3788 3300 τὸν

2199 3348 2637 3419 πεντηκονταετῆ
2673 3345 2864 3417 χρόνον
2897 3344 3170 3415 ἥμαρτον,
3221 3341 3315 3395 ἐπὶ
3359 3342 3427 3412 τῇ
3479 3337 3644 3410 ἐξόδῳ
3688 3338 3787 3393 τοῦ

2200 3441 2318 3514 βίου
2348 3439 2768 3511 τυγχανέτωσαν
2797 3439 2895 3508 τῆς
2929 3434 3238 3498 κοινωνίας.
3637 3491 3642 3504 ί
3764 3421 3775 3428 ’

2272 3630 2358 3697 ιζ’.
2398 3629 2540 3693 Τοὺς
2571 3623 3046 3696 ἀλογευσαμένους
3076 3621 3169 3676 καὶ
3196 3620 3435 3693 λεπροὺς
3461 3619 3640 3682 ὄντας,
3668 3619 3789 3691 ήτοι

2195 3723 2586 3797 λεπρώσαντας
2613 3720 2858 3783 τούτους,
2885 3715 3219 3789 προσέταξεν
3249 3715 3281 3785 ἡ
3313 3713 3441 3783 ἁγία
3469 3713 3684 3776 σύνοδος
3706 3713 3786 3776 είς

2196 3818 2321 3879 τοὺς
2356 3813 2794 3886 χειμαζομένους
2824 3809 3110 3880 εὔχεσθαι.

2287 3906 2564 3961 Συνόδου
2594 3902 3060 3971 Νεοκαισαρείας
3098 3899 3299 3954 κανὼν
3339 3898 3404 3970 β’,
3437 3905 3506 3966 γ’,
3538 3897 3602 3965 δ’,
3629 3896 3696 3963 ζ’.

2269 3998 2332 4072 β’.
2371 3998 2515 4070 Γυνή
2544 3999 2638 4051 ἐὰν
2667 3998 2917 4066 γήμηται
2947 3993 3041 4048 δύο
3068 3993 3337 4062 ἀδελφοῖς,
3369 4009 3422 4046 κ.
3447 4010 3495 4047 τ.
3521 3991 3570 4046 λ.

2265 4180 2332 4254 γ’.
2369 4178 2621 4252 Περὶτῶν
2638 4177 2912 4239 πλείστοις
2930 4174 3132 4244 γάμοις
3150 4172 3613 4243 περιπιπτόντων,
3637 4173 3664 4224 ὁ
3689 4171 3786 4240 μὲν

499 4275 713 4336 tempus
747 4265 965 4336 quidem
1004 4266 1372 4336 praestitutum
1411 4281 1534 4322 esse
1585 4267 1936 4322 manifestum
1978 4279 2081 4323 est.

2194 4274 2385 4345 χρόνος
2415 4271 2591 4342 σαφὴς
2633 4272 2661 4323 ὁ
2699 4268 3005 4340 ὡρισμένος
3030 4282 3043 4295 ⁸
3097 4269 3129 4335 ή
3162 4265 3218 4318 δὲ
3255 4263 3568 4334 ἀναστροφή
3619 4265 3712 4316 καὶ
3753 4266 3784 4334 ἡ

502 4357 608 4412 Sed
661 4359 950 4414 conversio
991 4365 1046 4414 et
1085 4359 1407 4429 poenitentia
1452 4374 1645 4415 eorum
1695 4369 1911 4428 tempus
1956 4374 2089 4414 con-

501 4449 688 4505 trahit.

2199 4368 2381 4430 πίστις
2411 4365 2588 4419 αὐτῶν
2642 4362 2928 4431 συντέμνει
2955 4360 3046 4414 τὸν
3072 4358 3288 4429 χρόνον.

519 4529 524 4533 ’
569 4545 624 4598 4.
665 4544 723 4598 Si
751 4543 878 4614 quis
909 4544 1263 4615 proposuerit
1283 4544 1677 4616 concupiscere
1707 4544 1988 4599 mulierem
2018 4544 2084 4598 ad

2261 4547 2323 4602 δ’.
2366 4549 2495 4602 Ἐὰν
2529 4547 2800 4619 πρόθηταί
2830 4565 2914 4610 τις
2949 4543 3300 4615 ἐπιθυμήσας
3331 4542 3610 4612 γυναικὸς,
3651 4559 3778 4610 συγ·

498 4635 880 4691 dormiendum
916 4652 1043 4692 cum
1073 4638 1215 4708 ipsa,
1261 4638 1383 4707 ejus
1427 4645 1610 4692 autem
1655 4637 1985 4692 desiderium
2023 4635 2084 4690 ad

2194 4642 2526 4710 καθευδῆσαι
2555 4641 2714 4710 αὐτῇ,
2770 4639 2845 4708 μὴ
2879 4637 3006 4708 ἔλθῃ
3046 4637 3103 4689 δὲ
3137 4639 3216 4698 εἰς
3243 4635 3402 4705 ἔργον
3430 4633 3596 4687 αὐτοῦ
3630 4637 3662 4704 ή
3695 4637 3780 4685 ὲν-
3866 4643 3868 4645 ’

500 4740 639 4795 opus
669 4741 778 4780 non
812 4729 1038 4793 venerit,
1073 4728 1290 4784 videtur
1318 4743 1440 4784 esse
1466 4744 1495 4782 a
1524 4729 1697 4798 gratia
1733 4728 2020 4782 liberatus.

572 4818 624 4872 7.
662 4817 953 4892 Presbyter
984 4821 1040 4874 in
1081 4824 1288 4891 nuptiis
1321 4821 1443 4892 ejus
1463 4823 1720 4892 quiduas
1765 4837 1970 4878 uxores
1992 4822 2096 4877 du-

501 4909 595 4979 cit,
630 4926 700 4966 ne
716 4912 1055 4978 convivetur,
1077 4923 1208 4980 etc.,
1241 4924 1300 4969 ut
1336 4931 1462 4985 pag.
1503 4914 1630 4970 691.

729 5018 958 5073 Concilii
985 5018 1277 5074 Laodiceni
1299 5038 1526 5075 canones
1557 5023 1603 5087 Ι,
1642 5022 1729 5087 10,
1756 5021 1847 5076 51.

576 5111 626 5165 1.
659 5110 926 5182 Oportere
995 5128 1061 5168 ex
1143 5115 1520 5170 ecclesiastico
1585 5130 1796 5169 canone
1847 5129 1945 5170 eos
1995 5115 2089 5186 qui

2195 4734 2450 4803 θὺμησις,
2482 4733 2730 4800 φαίνεται
2763 4734 2844 4785 ὃτι
2870 4732 2972 4785 ὑπὸ
3000 4730 3099 4800 τῆς
3130 4730 3351 4799 χάριτος
3381 4726 3642 4798 ἐρῤύσθη.

2213 4842 2217 4846 ‘
2267 4824 2332 4890 ζ’.
2378 4824 2758 4894 Πρεσϐύτερον
2792 4825 2871 4887 εἰς
2921 4823 3100 4894 γάμον
3126 4819 3486 4890 διγαμοῦντος
3516 4819 3589 4890 μὴ
3614 4820 3783 4872 ἑστιᾶ-

2201 4914 2346 4981 σθαι,
2376 4931 2431 4968 κ.
2461 4930 2511 4966 τ.
2539 4914 2590 4968 λ.

2388 5023 2660 5078 Συνόδου
2693 5022 3042 5088 Λαοδικείας
3071 5021 3273 5076 κανὼν
3299 5021 3369 5082 α’,
3403 5019 3455 5085 ι’,
3487 5020 3592 5074 λα’.

2269 5114 2338 5170 α’.
2369 5115 2508 5186 Περὶ
2537 5117 2629 5168 τοῦ
2662 5117 2772 5168 δεῖν
2802 5115 2943 5169 κατὰ
2968 5115 3060 5168 τὸν
3081 5113 3536 5189 ἐκκλησιαστικὸν
3561 5113 3778 5172 κανόνα,

503 5203 672 5260 libere
717 5212 773 5258 et
833 5205 1070 5276 legitime
1117 5207 1357 5262 secundo
1407 5208 1763 5263 matrimonio
1807 5208 2084 5278 conjuncti

2194 5208 2319 5270 τοὺς
2346 5207 2670 5278 ἐλευθερίως
2703 5206 2800 5260 καὶ
2824 5205 3073 5276 νομίμως
3105 5205 3479 5274 συναφθέντας
3511 5205 3779 5276 δευτέροις

501 5306 648 5356 sunt.
675 5303 730 5352 et
759 5311 866 5351 non
896 5298 1036 5351 clam
1082 5307 1284 5352 ux0res
1328 5300 1607 5354 duxerunt
1653 5315 1778 5355 cum
1828 5302 2087 5370 exiguum

504 5396 720 5459 tempus
749 5387 1095 5459 prieterierit,
1149 5397 1205 5444 et
1244 5387 1587 5444 orationibus
1637 5399 1692 5443 et
1725 5388 1954 5460 jejuniis
1991 5405 2089 5444 va-

503 5481 766 5546 caverint,
795 5481 876 5535 eis
899 5495 964 5534 ex
999 5481 1154 5535 venia
1189 5480 1307 5535 dari
1339 5481 1808 5536 communionem.

2191 5302 2413 5371 γάμοις,
2454 5303 2527 5371 μὴ
2574 5299 2950 5371 λαθρογαμίαν
2982 5299 3330 5369 ποιήσαντες,
3363 5297 3546 5364 ὀλίγου
3594 5298 3779 5366 χρόνου

2193 5391 2557 5462 παρελθόντος
2593 5391 2970 5462 σχολασάντων
3018 5391 3140 5451 ταῖς
3184 5391 3513 5461 προσευχαῖς
3558 5393 3653 5442 καὶ
3678 5405 3778 5457 ,νη-

2193 5484 2435 5548 στείαις,
2482 5484 2624 5537 κατὰ
2679 5482 3013 5554 συγγνώμην
3059 5480 3406 5535 ἀποδίδοσθαι
3451 5481 3636 5544 αὐτοῖς
3687 5481 3782 5550 τὴν

2195 5573 2480 5626 κοινωνίαν
2507 5573 2679 5645 ὡρίσα
2691 5592 2812 5646 μεν.

576 5747 688 5825 (ΞΟ)
733 5748 849 5806 Hoc
877 5749 1106 5820 intelligi
1152 5759 1330 5821 potest
1370 5750 1438 5809 de
1474 5747 1558 5805 liis
1590 5749 1683 5820 qui
1717 5751 1798 5806 vel
1834 5767 1957 5808 cum
1989 5753 2401 5823 pecoribus,vel
2452 5769 2600 5809 more
2664 5755 2933 5824 pecudum
2996 5768 3122 5810 cum
3191 5753 3497 5825 propinquo
3517 5749 3780 5820 sanguine

508 5819 649 5874 inisti
685 5829 832 5877 sunt.
