4156 6454
283 378 398 443 893

1152 385 1549 447 SYNTAGMA
1585 389 1975 450 CANONUM.
2008 418 2077 428 —
2101 394 2250 454 Tl'I‘.
2285 396 2457 470 XIII,
2498 399 2656 461 CAP.
2699 401 2782 462 II.

3470 407 3576 473 894

365 491 418 547 ι’.
460 491 598 565 Περὶ
642 476 738 548 τοῦ
774 494 850 566 μὴ
882 494 992 548 δεῖν
1040 496 1166 560 τοὺς
1209 499 1309 568 τῆς
1356 500 1689 572 Ἐκκλησίας
1732 503 1886 556 ἀδια-

2066 506 2153 560 10.
2191 507 2308 562 Non
2339 521 2600 578 oportere
2623 526 2718 564 eos
2749 511 2839 579 qui
2869 521 2997 568 sunt
3019 512 3295 580 Ecclesiae,
3321 516 3577 573 indisert-

287 584 474 656 φόρως
504 585 638 656 πρὸς
676 587 856 655 γάμου
889 589 1174 643 κοινωνίαν
1207 591 1502 646 συνάπτειν
1548 595 1618 646 τὰ
1669 596 1879 650 ἑαυτῶν

289 677 484 731 παιδία
513 679 835 748 αίρετικοῖς.

361 770 464 829 λα’.
509 771 632 824 Ὅτι
661 771 722 824 οὐ
751 771 832 825 δεῖ
865 773 1003 844 πρὸς
1033 776 1241 840 πάντας
1279 778 1610 849 αἱρετικοὺς.
1647 797 1701 835 κ.
1737 798 1787 836 τ.
1825 780 1876 837 λ.

345 1035 350 1039 .
556 955 830 1011 Συνόδου
857 959 1248 1027 Χαλκηδόνος
1279 960 1482 1016 κανὼν
1513 960 1610 1028 ις’.

365 1046 462 1114 ις’.
505 1048 782 1119 Παρθένον
806 1050 1007 1122 ἑαυτὴν
1038 1050 1354 1122 ἀναθεῖσαν,
1385 1071 1439 1109 κ.
1465 1071 1518 1108 τ.
1543 1054 1594 1108 λ.

358 1234 632 1292 Συνόδου
659 1235 1079 1360 οἱκουμενιὲιέξς
1099 1237 1288 1375 ἕκτης
1330 1238 1532 1295 κανὼν
1572 1239 1673 1310 νγ’,
1713 1239 1809 1307 νδν,

825 1373 832 1375 ,
991 1334 1022 1375 r’
1043 1347 1058 1371 ν
1159 1339 1170 1375 l
1193 1349 1207 1363 ο
1617 1327 1628 1340 ’

825 1373 832 1381 .
958 1314 1058 1377 οβ’,
1099 1314 1207 1378 ιιηό
1617 1327 1628 1340 ’

363 1396 468 1467 νγ’.
521 1397 740 1468 Ἐπειδὴ
770 1398 972 1469 μείζων
999 1401 1033 1469 ἠ
1063 1399 1206 1454 κατά
1233 1400 1454 1470 πνεῦμα
1482 1403 1751 1474 οἰκειότης
1783 1405 1881 1474 τῆς

287 1491 402 1544 τῶν
437 1489 706 1555 σωμάτων
738 1490 1054 1560 συναφείας,
1090 1490 1338 1560 ἔγνωμεν
1366 1492 1422 1546 δέ
1451 1492 1508 1548 ἓν
1535 1511 1644 1547 τισι
1693 1495 1883 1555 τόποις

288 1584 445 1648 τινὰς
493 1585 558 1637 ἐκ
605 1581 701 1636 τοῦ
747 1583 906 1651 ἁγίου
953 1587 1049 1637 καὶ
1092 1585 1474 1655 σωτηριώδους
1506 1586 1884 1659 βαπτίσματος

290 1677 492 1738 παῖδας
520 1675 971 1746 ἀναδεχομένους,
995 1677 1146 1748 ’,μετά
1174 1677 1331 1732 τοῦτο
1357 1683 1478 1744 ταῖς
1519 1665 1745 1734 ἐκείνων
1781 1699 1883 1752 μη-

287 1766 452 1838 τράσι
477 1766 838 1838 χηρευούσαις
864 1768 1103 1840 γαμικὸν
1137 1769 1603 1836 συναλλάσσοντας
1640 1775 1881 1827 συνοικέο

1982 597 2228 652 minatim
2263 613 2394 654 suos
2428 599 2565 656 [ilios
2612 601 2885 658 haereticis
2937 606 3291 662 matrimonio
3344 608 3577 678 conjun-

1982 704 2127 759 gere.

2053 783 2143 836 51.
2185 781 2339 855 Quod
2371 799 2479 841 non
2512 795 2728 856 oportet
2784 802 2911 843 cum
2948 789 3097 844 omni
3129 787 3407 857 haeretico,
3443 798 3574 856 etc.,

1980 884 2038 928 ut
2060 892 2183 947 pag.
2219 877 2346 932 883.

2253 965 2480 1021 Concilii
2509 965 2960 1024 Chalcedonensis
2991 986 3165 1024 canon
3209 970 3298 1026 16.

2055 1055 2142 1111 16.
2175 1056 2454 1129 Virginem
2489 1076 2612 1132 quae
2639 1077 2698 1118 se
2729 1061 2961 1118 Domino
2987 1061 3098 1120 Deo
3124 1063 3416 1129 dedicavit,
3442 1074 3578 1125 etc.,

1985 1161 2042 1206 ut
2081 1169 2203 1223 pag.
2237 1153 2362 1210 754.
3564 1169 3570 1176 '

2070 1245 2299 1301 Concilii
2334 1248 2640 1302 azcumeuici
2667 1262 2719 1303 Vl
2752 1265 2977 1303 canones
3011 1249 3102 1316 55,
3134 1249 3228 1315 54,
3270 1248 3360 1313 7'2,
3391 1249 3485 1304 98.

2062 1427 2151 1483 55.
2180 1425 2466 1501 Quoniam
2498 1426 2762 1498 spiritalis
2796 1428 3149 1483 necessitudo
3185 1442 3282 1483 seu
3341 1425 3577 1483 allinitas

1987 1531 2282 1585 corporum
2349 1513 2743 1585 conjunctione
2791 1515 2968 1585 major
3015 1525 3135 1578 est,
3192 1516 3248 1570 in
3297 1515 3575 1570 nonnullis

1986 1620 2166 1665 autem
2199 1609 2336 1665 lovis
2369 1608 2734 1678 cognovimus
2757 1608 3051 1677 quosdam,
3085 1608 3178 1678 qui
3204 1623 3267 1662 ex
3304 1617 3496 1663 sancto
3523 1616 3579 1661 et

1986 1700 2218 1757 salutari
2283 1699 2608 1771 baptismate
2674 1696 2922 1754 infantes
2987 1700 3329 1769 suscipiunt,
3391 1708 3576 1770 postea

1989 1807 2210 1861 quoque
2247 1809 2370 1845 eum
2400 1791 2673 1846 matribus
2701 1793 2918 1846 illormn
2953 1791 3132 1847 viduis
3164 1792 3575 1846 matrimonium:

289 1876 432 1922 σιον,
489 1859 745 1930 ὁρίζομεν
795 1858 907 1913 ἀπὸ
958 1860 1052 1914 τοῦ
1100 1862 1368 1931 παρόντος
1423 1863 1591 1932 μηδὲν
1641 1864 1886 1917 τοιοῦτον

1996 1883 2341 1949 contrahere,
2405 1883 2699 1940 statuimus
2749 1894 2808 1938 ιιι
2865 1885 2918 1938 in
2971 1870 3437 1953 posterum’nihil
3487 1884 3581 1937 liat

290 1951 635 2024 πραχθῆναι.
699 1949 767 2004 Εί
793 1951 850 2005 δέ
883 1968 1029 2015 τινες
1061 1953 1199 2023 μετά
1246 1954 1336 2008 τὸν
1386 1957 1631 2026 παρόντα
1680 1956 1884 2011 κανόνα

290 2043 598 2115 φωραθεῖεν
650 2042 812 2097 τοῦτο
860 2043 1175 2111 ποιοῦντες,
1237 2046 1611 2116 πρωτοτύπως
1675 2049 1774 2118 μὲν
1831 2051 1882 2103 οἱ

289 2135 525 2189 τοιοῦτοι
571 2134 994 2203 ἀφιστάσθωσαν
1041 2133 1136 2188 τοῦ
1185 2137 1503 2208 παρανόμου
1529 2138 1720 2192 τούτου
1754 2158 1880 2194 συν-

291 2227 554 2293 οικεσίου,
585 2227 780 2280 ἔπειτα
811 2227 868 2280 δὲ
893 2227 986 2279 καὶ
1021 2228 1134 2290 τοῖς
1161 2227 1270 2281 τῶν
1301 2230 1675 2300 πορνευόντων
1705 2233 1881 2286 ἐπιτι-

291 2321 440 2391 μίοις
473 2319 955 2391 ὑποῦληθήτωσαν.

368 2413 460 2468 νδ’.
501 2415 614 2484 Τῆς
661 2413 814 2477 θείας
869 2413 1018 2482 ἡμᾶς
1065 2411 1208 2466 οὕτω
1253 2409 1881 2489 σαφῶςὲκδιδασκούσης

292 2507 537 2579 Γραφῆς·
561 2507 680 2560 Οὐκ
700 2506 1026 2573 είσελεύσῃ
1040 2506 1189 2573 πρὸς
1207 2506 1404 2562 πάντα
1417 2508 1640 2562 οἰκεῖον
1651 2514 1873 2578 σαρκός

289 2600 836 2667 σου,ἀποκαλύψαι
857 2595 1306 2668 ἀσχημοσύνην
1335 2602 1544 2666 αὐτοῦ,
1573 2603 1601 2654 ό
1627 2603 1880 2673 θεοφιλὴς

292 2692 573 2755 Βασίλειος
588 2691 708 2745 τινὰ
734 2691 844 2744 τῶν
877 2692 1346 2764 ἀπηγορευμένων
1369 2693 1563 2764 γάμων
1586 2694 1646 2747 ἐν
1661 2697 1774 2758 τοῖς
1799 2691 1878 2748 οἶ-

290 2785 462 2848 κείοις
508 2785 726 2838 κανόσιν
789 2784 1250 2856 ἀπηριθμήσατο,
1303 2789 1480 2857 σιωπῇ
1523 2788 1590 2841 τά
1649 2788 1878 2842 πλεῖστα

293 2877 695 2950 παραδραμὼν,
724 2877 819 2931 καὶ
851 2877 972 2931 κατ’
996 2866 1282 2948 ἀμφότερα
1309 2881 1724 2942 κατασκευάσας
1749 2883 1880 2950 ἡμῖν

289 2968 352 3022 τὸ
377 2968 680 3039 ὠφέλιμον.
697 2963 774 3022 Τὸ
799 2968 907 3038 γὰρ
934 2967 1042 3022 τῶν
1071 2969 1312 3041 αἰσχρῶν
1339 2971 1645 3041 ὀνομασιῶν
1675 2972 1878 3041 πλῆθος

290 3060 792 3131 παραιτησάμενος,
819 3060 895 3123 ὡς
926 3061 992 3114 ἂν
1027 3063 1100 3132 μὴ
1128 3062 1218 3114 τὸν
1243 3062 1397 3130 λόγον
1419 3066 1878 3136 καταρρυπαίνοι,

1995 1975 2292 2045 ejusmodi.
2326 1973 2382 2030 Si
2416 1977 2508 2044 qui
2543 1985 2729 2030 autem
2778 1985 2899 2046 post
2932 1986 3258 2045 praesentem
3312 1990 3523 2029 canone
3549 1993 3579 2026 tl

1999 2071 2100 2123 hoc
2128 2069 2307 2122 facere
2343 2069 2670 2137 deprehensi
2702 2069 2934 2133 fuerint,
2963 2069 2998 2122 ii
3028 2069 3249 2138 quidem
3280 2066 3446 2139 406
3469 2068 3582 2136 pri-

1996 2176 2085 2214 mo
2112 2161 2180 2214 ab
2209 2161 2312 2214 hoc
2353 2161 2542 2215 illicito
2583 2162 2938 2215 matrimonio
2978 2163 3270 2228 desistant,
3303 2162 3500 2216 deinde
3529 2171 3583 2217 et

1993 2251 2390 2307 fornicatornm
2421 2253 2600 2323 ptBttiS
2631 2253 3022 2324 subjiciantur.

2066 2440 2153 2495 5.5.
2197 2439 2332 2494 Cum
2384 2439 2566 2494 divina
2614 2440 2897 2512 Scriptura
2943 2459 3043 2498 nos
3089 2451 3276 2513 aperte
3326 2442 3520 2498 doc-rat
3563 2461 3582 2498 :

1995 2530 2125 2604 Non_
2167 2532 2479 2602 ingredieris
2535 2533 2603 2585 ad
2655 2550 2861 2586 omnem
2909 2537 3352 2604 consanguineam
3406 2537 3582 2590 carnis

2004 2635 2108 2679 tua:
2143 2623 2212 2677 ad
2274 2622 2611 2679 revelandatn
2667 2624 2782 2687 eius
2838 2625 3227 2694 turpitudinem
3270 2625 3309 2688 ⁸,
3362 2626 3584 2682 divinus

1995 2713 2232 2768 Basilius
2261 2714 2282 2745 ⁸
2325 2714 2622 2770 nonnullas
2680 2715 2980 2783 prohibitos
3011 2717 3232 2784 nuptias
3259 2717 3310 2769 in
3343 2718 3459 2771 suis
3491 2734 3585 2770 ca-

1993 2804 2230 2859 nonibus
2258 2805 2630 2869 enumeravit,
2663 2804 2852 2859 multis
2901 2806 3124 2859 silentio
3176 2808 3491 2875 praeteritis,
3529 2820 3584 2864 et

1994 2894 2080 2948 his
2114 2894 2360 2963 utrisque
2388 2896 2550 2949 nobis
2571 2895 2863 2949 utilitatem
2897 2895 3098 2950 attulit.
3129 2895 3394 2966 Turpium
3433 2898 3580 2951 enim

1995 2987 2281 3040 nominum
2313 2987 2668 3040 multitudine
2699 2988 2931 3050 evitata,
2962 3003 3030 3042 ne
3056 2988 3237 3041 verbis
3273 2990 3580 3044 orationem

1992 3079 2278 3146 pollueret,
2315 3079 2665 3149 generalibus
2699 3079 3017 3134 nominibus
3052 3080 3398 3150 impun-italus
3426 3097 3582 3135 eom-

288 3154 404 3216 τοῖς
435 3153 643 3223 ῥήμασι
672 3151 908 3221 γενικοῖς
939 3152 1112 3222 ὄνομα
1142 3153 1242 3219 τῆς
1265 3154 1608 3225 ἀκαθαρσίας
1637 3157 1876 3218 διέλαϐε,

1995 3172 2184 3241 plexos
2219 3179 2323 3234 est,
2364 3185 2461 3240 per
2488 3187 2630 3240 quas
2675 3171 2887 3241 legibus
2919 3173 3123 3226 vetitas
3169 3175 3389 3240 nuptias
3425 3173 3583 3228 nobis

288 3245 357 3298 δι’
397 3237 473 3299 ὧν
521 3245 888 3315 περιεκτικῶς
932 3245 1065 3316 ἡμῖν
1110 3245 1238 3308 τοὺς
1289 3247 1640 3318 παρανόμους
1673 3249 1884 3320 γάμους

290 3336 596 3403 ὑπέδειξεν’
642 3337 831 3408 ἐπειδὴ
872 3338 938 3408 τῇ
973 3335 1200 3411 τοιαύτῃ
1243 3341 1444 3410 σιωπῇ,
1489 3340 1582 3393 καὶ
1618 3340 1696 3411 τῷ
1729 3341 1882 3395 ἀδια-

288 3429 516 3500 γνώστῳ
561 3429 664 3498 τῆς
711 3429 822 3482 τῶν
877 3409 1142 3500 ἀθέσμων
1191 3409 1415 3498 γάμων
1454 3409 1883 3504 ἀπαγορεύσεως

288 3519 492 3589 ἐαυτὴν
523 3519 557 3589 ἡ
586 3518 748 3588 φύσις
780 3518 1021 3596 συνέχεε,
1072 3518 1388 3590 συνείδομεν
1435 3522 1770 3592 γυμνότερον
1811 3525 1880 3576 τὰ

287 3612 420 3684 περὶ
444 3611 638 3665 τούτου
671 3610 954 3678 ἐκθέσθαι,
997 3610 1273 3683 ὁρίζοντες
1305 3611 1414 3666 ἀπὸ
1443 3612 1537 3666 τοῦ
1569 3611 1663 3666 νῦν
1696 3613 1788 3666 τόν
1813 3616 1880 3685 τῇ

285 3705 467 3777 οίκείᾳ
519 3702 788 3776 ἐξαδέλφῃ
846 3705 985 3774 πρὸς
1039 3705 1221 3774 γάμου
1277 3705 1566 3759 κοινωνίαν
1607 3707 1881 3761 συναπτό-

289 3813 476 3868 μενον,
525 3796 559 3867 ἢ
604 3796 818 3866 πατέρα
849 3795 945 3849 καὶ
979 3796 1092 3851 υίὸν
1125 3795 1292 3868 μητρὶ
1317 3797 1411 3851 καὶ
1438 3798 1690 3868 θυγατρὶ,
1725 3797 1757 3869 ἢ
1790 3799 1882 3852 δύο

285 3891 478 3961 κόραις
518 3888 772 3959 ἀδελφαῖς
821 3889 1033 3960 πατέρα
1075 3889 1171 3942 καὶ
1210 3890 1348 3954 υἱὸν,
1388 3890 1424 3960 ἢ
1468 3891 1713 3959 ἀδελφοῖς
1756 3891 1881 3944 δυσὶ

289 3984 503 4054 μητέρα
539 3983 635 4036 καὶ
685 3982 985 4053 θυγατέρα,
1023 3982 1056 4053 ἦ
1105 3983 1369 4054 ἀδελφοὺς
1408 3983 1500 4037 δύο
1535 3984 1688 4038 δυσὶν
1722 3986 1879 4039 ἀδελ-

286 4081 434 4149 φαῖς,
468 4077 573 4130 ὑπὸ
595 4078 685 4131 τὸν
715 4077 810 4148 τῆς
837 4077 1133 4142 ἑπταετίας
1161 4077 1380 4135 πίπτειν
1403 4077 1625 4142 κανόνα,
1650 4058 1883 4147 ἀφιστά-

291 4171 473 4240 μένων
525 4169 706 4224 αὐτῶν
765 4169 1048 4242 προδήλως
1102 4168 1198 4222 τοῦ
1249 4170 1570 4240 παρανόμου
1631 4187 1879 4225 συνοικε-

287 4261 426 4315 σίου.
790 4301 792 4303 -

354 4354 455 4424 οβ’.
496 4353 588 4425 Μὴ
630 4351 836 4420 ἐξέστω
886 4350 1169 4424 ὀρθόδοξον
1217 4353 1408 4424 ἄνδρα,
1460 4353 1710 4424 αἱρετικῇ
1744 4369 1874 4406 συνο

284 4450 556 4505 ἅπτεσθαι
587 4450 828 4519 γυναικὶ,
859 4466 913 4503 κ.
941 4466 993 4504 τ.
1022 4448 1072 4503 λ.

1995 3265 2047 3318 in
2071 3279 2282 3317 summa
2309 3262 2570 3318 ostendit.
2589 3264 2859 3330 Quoniam
2877 3273 3056 3318 autem
3076 3275 3295 3332 propter
3311 3266 3582 3334 ejusmodi

1989 3357 2294 3419 silentium,
2327 3363 2382 3410 et
2417 3355 2561 3424 quod
2599 3371 2706 3407 non
2756 3355 2992 3409 discerni
3044 3366 3229 3424 posset
3265 3357 3582 3413 illicitarum

1991 3447 2304 3517 nuptiarum
2340 3445 2657 3516 prohibitio,
2685 3445 2918 3514 scipsam
2941 3457 3136 3500 natura
3166 3448 3411 3503 confudit
3440 3466 3454 3503 :
3481 3465 3585 3502 no-

1987 3540 2071 3594 bis
2103 3539 2281 3592 visum
2313 3546 2394 3592 est
2433 3553 2496 3593 ea
2536 3539 2699 3608 paulo
2731 3539 2978 3608 apertius
3009 3555 3308 3610 exponere.
3356 3543 3426 3596 ab
3471 3545 3578 3597 hoc

1988 3631 2246 3702 deinceps
2273 3640 2517 3702 tempore
2553 3632 2937 3693 decernentes,
2971 3641 3031 3687 ut
3069 3633 3161 3702 qui
3211 3650 3335 3688 cum
3397 3637 3578 3704 patrui

1987 3725 2073 3781 sui
2107 3724 2214 3779 tilia
2261 3724 2598 3779 matrimonii
2651 3725 2970 3779 societatem
3025 3725 3244 3792 inierit;
3289 3727 3371 3780 vel
3426 3737 3582 3796 pater

1986 3827 2039 3872 et
2069 3818 2236 3882 filius,
2263 3818 2358 3887 qui
2394 3833 2520 3872 cum
2558 3825 2732 3871 matre
2769 3826 2823 3872 et
2855 3817 2997 3884 lilia;
3042 3819 3126 3889 vel
3184 3835 3309 3874 cum
3362 3819 3580 3875 duabus

1988 3911 2184 3982 puellis
2238 3912 2523 3965 sororibus
2571 3919 2722 3980 pater
2755 3919 2810 3965 et
2855 3911 3029 3978 filius;
3068 3912 3152 3966 vel
3198 3929 3321 3967 cum
3367 3914 3583 3969 duobus

1989 4000 2254 4056 fratribus
2280 4010 2454 4054 mater
2481 4010 2536 4055 et
2567 4001 2700 4063 tilia.
2730 4001 2813 4055 vel
2844 4000 3043 4058 fratres
3071 4003 3181 4057 duo
3206 4019 3330 4059 cum
3366 4006 3582 4060 duabus

1989 4093 2298 4156 sororibus,
2334 4092 2388 4145 in
2426 4091 2700 4162 septeunii
2737 4108 3002 4147 canonem
3047 4093 3310 4157 incidant,
3357 4096 3423 4150 iis
3457 4097 3582 4166 pro-

1985 4183 2074 4238 cul
2098 4182 2264 4238 dubio
2290 4182 2556 4250 separatis
2585 4199 2615 4236 a
2651 4180 2863 4237 nefario
2896 4183 3258 4240 contubernio
3283 4188 3326 4239 ⁸.

2060 4367 2148 4424 72.
2180 4364 2300 4422 Νοη
2350 4365 2514 4422 licere
2557 4366 2736 4421 virum
2785 4366 3153 4423 orthodoxum
3193 4383 3316 4423 cum
3353 4365 3581 4421 muliere

1987 4459 2242 4516 lueretica
2268 4459 2551 4531 conjungi,
2581 4471 2712 4525 etc.,
2746 4470 2802 4513 ut
2827 4477 2950 4530 pag.
2986 4460 3116 4515 883.

353 4541 469 4611 ιιηκ
521 4540 581 4600 '0
628 4542 797 4614 ἑτέρῳ
853 4541 1282 4612 μνηστευθεῖσαν
1330 4543 1604 4611 γυναῖκα,
1653 4541 1734 4597 ἔτι
1783 4541 1878 4598 τοῦ

2056 4553 2144 4609 98.
2173 4553 2278 4620 Qui
2292 4553 2447 4608 alteri
2465 4553 2852 4622 desponsatam
2871 4553 3152 4607 mulierem
3173 4567 3236 4607 eo
3252 4551 3435 4607 adhuc
3457 4551 3581 4606 vivo

288 4633 773 4709 μνηστευσαμένου
805 4633 1027 4699 ζῶντος,
1055 4633 1191 4703 πρὸς
1221 4633 1402 4704 γάμου
1433 4635 1721 4688 κοινωνίαν
1748 4635 1879 4705 ἀγό-

287 4746 470 4802 μενος,
506 4726 585 4798 τῷ
612 4726 712 4796 τῆς
739 4725 986 4797 μοιχείας
1011 4725 1320 4779 ὑποκείσθω
1350 4725 1680 4797 ἐγκλήματι.

448 4819 721 4874 Συνόδου
757 4817 869 4886 τῆς
902 4817 1174 4884 ἑνώσεως
1198 4817 1402 4872 κανὼν
1438 4815 1510 4884 α’,
1544 4817 1610 4890 β’,
1647 4816 1716 4887 γ’.

355 4910 426 4966 α’.
467 4912 737 4983 Τέταρτον
784 4911 962 4980 γάμον
996 4911 1185 4982 μηδενὶ
1221 4910 1546 4981 τολμᾶσθαι,
1589 4909 1705 4966 ἀλλ’
1738 4904 1878 4965 εἶναι

283 5005 594 5075 ἀπόϐλητον
626 5005 925 5071 παντελῶς,
971 5005 1024 5058 εἷ
1049 5022 1133 5067 τις
1163 5005 1258 5058 ἐπὶ
1281 5004 1523 5058 τοιοῦτον
1549 5005 1725 5058 ἐλθεῖν
1753 5021 1879 5057 συν-

286 5099 522 5152 οικέσιον
568 5099 973 5170 προθυμηθείη,
1027 5099 1206 5168 πάσης
1251 5097 1697 5169 ἀπεστερημένον
1737 5092 1879 5151 εἶναι

289 5191 565 5257 συνάξεως
600 5193 1079 5264 ἐκκλησιαστικῆς,
1130 5191 1225 5244 καὶ
1265 5191 1436 5259 αὐτῆς
1482 5192 1582 5261 τῆς
1624 5190 1759 5263 πρὸς
1788 5190 1880 5243 τὸν

288 5283 445 5353 ἅγιον
480 5285 608 5338 ναὸν
639 5286 845 5340 είσόδου
877 5285 1179 5355 ἀλλότριον,
1214 5284 1407 5356 μέχρις
1438 5283 1504 5338 ἂν
1530 5284 1778 5354 ἐπιμένοι
1804 5281 1882 5352 τῷ

292 5378 640 5447 συνοικεσίῳ.
691 5371 864 5430 Τοῦτο
917 5377 1026 5448 γὰρ
1073 5377 1168 5430 καὶ
1217 5379 1328 5440 τοῖς
1364 5376 1469 5448 πρὸ
1500 5374 1660 5446 ἡμῶν
1705 5374 1882 5444 ἁγίοις

287 5468 436 5533 ἔδοξε
471 5470 734 5542 [ῐατράσι,
757 5470 852 5523 καὶ
883 5471 1043 5540 ἡμεῖς
1065 5470 1120 5522 δέ
1150 5470 1248 5541 τὴν
1273 5468 1500 5540 γνώμην
1524 5468 1880 5540 ἐνδηλοτέραν

1986 4647 2073 4703 cui
2123 4647 2452 4716 desponsata
2487 4655 2586 4707 est,
2627 4643 2680 4697 in
2721 4646 3034 4715 nuptiarum
3064 4645 3214 4700 ducit
3239 4628 3576 4710 societatem,

1988 4738 2242 4794 adulterii
2280 4737 2497 4791 crimini
2522 4735 2868 4804 subjiciatur.

2299 4825 2525 4884 Concilii
2551 4826 2758 4880 umonis
2785 4842 3010 4880 canones
3049 4825 3099 4891 I,
3145 4825 3200 4888 2,
3231 4825 3285 4881 '5.

2057 4918 2307 4992 4071.
2335 4916 2538 4973 Tribus
2599 4917 2804 4986 nuptiis
2868 4902 3096 4988 quartas
3128 4917 3363 4988 adjicere
3419 4933 3580 4972 nemo

1987 5021 2302 5083 praesumat,
2342 5013 2434 5066 sed
2462 5025 2689 5080 prorsus
2723 5010 2792 5064 ab
2820 5009 2885 5065 iis
2915 5009 3207 5071 abstineat.
3236 5026 3298 5064 ac.
3331 5011 3571 5067 recorde-

1988 5114 2076 5160 tur
2098 5120 2156 5160 se
2192 5121 2286 5176 per
2317 5103 2422 5160 tale
2446 5103 2660 5159 facinus
2703 5105 2770 5157 ab
2811 5104 2958 5156 omni
3001 5104 3281 5158 communi
3314 5103 3579 5159 ecclesia-

1986 5197 2143 5262 stica,
2177 5196 2288 5250 imo
2314 5196 2382 5250 ab
2406 5194 2555 5250 omni
2587 5193 2732 5248 aditu
2759 5193 2958 5249 dooms
2983 5210 3155 5249 sacrae
3181 5195 3467 5249 exclusum
3499 5194 3571 5247 iri
3657 5214 3679 5220 ~

1983 5305 2081 5359 per
2114 5303 2276 5342 omne
2307 5296 2520 5356 tempus
2543 5300 2653 5355 quo
2689 5284 2798 5340 isto
2845 5286 2970 5338 vitae
3003 5299 3201 5354 genere
3247 5294 3454 5337 utatur.
3487 5281 3580 5338 Sic

1979 5379 2126 5432 enim
2197 5377 2403 5434 sanctis
2453 5375 2604 5446 prius
2660 5375 2822 5429 etiam
2883 5390 3045 5445 quam
3107 5375 3288 5449 nobis,
3347 5371 3576 5443 placuit.

1980 5469 2152 5535 Quam
2178 5469 2396 5537 quidem
2446 5468 2771 5522 sententiam
2807 5465 3156 5520 dilucidaluri
3188 5466 3580 5520 conﬁrmamus
3617 5461 3630 5471 “

287 5562 591 5631 πιιοῦντες,
627 5563 702 5628 ὡς
729 5563 1008 5635 ἀλλότριον
1033 5565 1192 5617 αὐτὸν
1225 5566 1324 5633 τῆς
1354 5561 1744 5634 Χριστιανικῆς
1777 5578 1877 5614 πο-

1989 5561 2247 5628 ejusmodi
2275 5561 2490 5632 nuptias
2520 5559 2766 5616 moribus
2785 5557 3118 5616 Christianis
3143 5569 3468 5628 repugnare.

290 5659 495 5725 λιτείας
526 5658 981 5732 ἀποκηρύττομεν
1001 5677 1014 5692 ο
1065 5659 1182 5714 ἀλλ’
1208 5657 1351 5713 οὕτω
1385 5657 1484 5730 μὲν
1513 5658 1641 5731 περὶ
1669 5657 1765 5712 τοῦ
1799 5657 2063 5729 τετάρτου
2099 5658 2304 5728 γάμου.

364 5816 385 5848 ’⁸
426 5817 578 5873 chit
627 5832 782 5883 wi,
813 5820 900 5874 06.
979 5818 998 5849 ⁵
1031 5819 1167 5872 Cati.
1218 5817 1284 5872 88
1329 5826 1382 5874 ct
1425 5816 1516 5873 68.
1594 5818 1614 5850 ⁸
1658 5817 1786 5873 Vide
1815 5831 1938 5874 can.
1971 5816 2039 5871 23
2082 5815 2264 5871 Basilii
2299 5816 2362 5870 ad
2400 5814 2742 5880 Atnpliiloch.
