4156 6436
689 361 795 428 895

1834 348 2093 410 PHOTII
2133 347 2246 407 PA']

2354 350 2634 414 uncum
2673 358 2782 422 cr.
3840 385 3933 447 εοσ

757 474 814 528 2.
829 470 931 527 Sed
946 467 1308 527 secundarum
1323 478 1540 536 quoque
1552 461 1942 531 tertiarumque
1954 460 2246 529 nuptiarun

2444 460 2509 531 β’.
2551 464 2664 519 Ἵνα
2697 469 2752 520 δὲ
2786 470 2879 522 καὶ
2910 471 2978 525 τὰ
3014 473 3123 525 τῶν
3154 474 3329 530 ἄλλων
3370 480 3562 552 γάμων
3606 485 3929 559 εὐσχημονέ-

691 565 1033 620 conditiones
1088 560 1440 616 excusatione
1488 571 1625 626 opus
1658 554 1858 609 habent
1887 562 2073 623 utpote
2096 552 2263 607 Chri-

688 658 989 713 stianOrnm
1053 653 1300 707 moribus
1351 651 1532 703 minus
1576 654 1961 715 congruentes.
1996 645 2061 699 Et
2088 645 2263 699 tertiae

687 748 907 818 quidem
944 762 974 800 a
1002 744 1257 799 Patribus
1310 741 1443 810 ipsis
1491 739 1675 793 minus
1719 738 1853 792 bene
1892 746 1946 791 et
1994 751 2105 790 non
2140 736 2262 791 sine

688 849 813 893 nota
869 836 1146 892 sorditatis
1201 830 1743 887 commendabantur.
1811 826 1948 882 Cum
2000 826 2146 881 enim
2188 827 2260 881 ob

686 930 945 1000 majorem
981 925 1363 981 verecundiam
1386 938 1450 977 ea
1484 936 1569 975 res
1621 920 1828 988 pudore
1868 934 1976 973 non
2007 919 2256 983 vacabat,

686 1036 803 1084 nec,
859 1027 919 1072 ut
972 1030 1119 1069 nunc
1167 1014 1410 1084 quidem,
1462 1012 1517 1065 in
1549 1025 1728 1065 mores
1763 1010 1909 1078 ipsos
1941 1009 2254 1064 transierat.

689 1110 843 1173 Quod
896 1108 1039 1163 enim
1076 1106 1272 1161 accidit
1304 1104 1353 1158 ei
1384 1104 1478 1174 qui
1527 1118 1642 1157 rem
1688 1102 1981 1156 obscenam
2026 1100 2081 1154 in
2108 1107 2259 1169 parte

680 1202 875 1255 domus
914 1196 1197 1253 recondita
1228 1195 1444 1257 viderit,
1481 1201 1540 1247 ut
1590 1192 1744 1247 ﬂocci
1767 1192 1952 1257 faciat,
1986 1192 2095 1245 imo
2129 1205 2255 1245 cum

680 1292 929 1344 libertate
951 1289 1019 1343 de
1036 1303 1098 1342 ea
1132 1287 1299 1342 verba
1327 1284 1512 1350 faciat,
1541 1285 1621 1339 sic
1643 1292 1698 1338 et
1728 1299 1826 1337 nus
1856 1282 2118 1353 quidquid
2145 1297 2255 1337 sor-

678 1382 791 1435 didi
852 1382 1147 1447 inhaascrit,
1180 1380 1428 1450 ejicimus
1464 1393 1527 1432 ac
1573 1378 1755 1431 minus
1795 1377 2043 1431 odiosum
2073 1375 2257 1429 reddi-

678 1488 825 1526 mus.
887 1470 1055 1541 Igitur
1112 1469 1414 1525 debilitatis
1461 1469 1713 1522 humana:
1750 1467 1965 1521 ratione
1999 1468 2175 1521 habita
2201 1476 2256 1521 et

673 1579 739 1619 ea
773 1579 895 1633 qua:
919 1562 1263 1618 Christianos
1287 1562 1463 1624 decet,
1495 1560 1821 1615 verecundia
1846 1562 1955 1625 usi,
1985 1560 2252 1630 ejusmodi

678 1652 884 1723 nuptiis
941 1652 1329 1708 abstinendum
1368 1667 1491 1706 esse
1540 1651 1939 1706 existimamus.
1988 1649 2122 1704 Nam
2159 1651 2249 1719 qui

674 1744 1157 1815 quadragesimum
1210 1743 1450 1813 attigerit
1501 1758 1735 1806 annum,
1782 1751 1837 1797 et
1867 1742 2015 1796 nullo
2044 1751 2252 1795 naturae

2367 570 2557 653 στερον
2609 561 2873 653 τυπωθῇ,
2927 564 3020 617 καὶ
3060 567 3155 619 τοῦ
3186 569 3295 624 τῶν
3323 572 3667 642 Χριστιανῶν
3715 580 3827 649 βίου
3863 586 3931 653 μὴ

2364 647 2584 743 ἀνάξιον
2613 649 2709 743 ἔχη
2740 652 2839 724 τὴν
2887 660 3273 731 προσαγωγὴν,
3322 665 3417 717 καὶ
3462 670 3589 736 περὶ
3631 647 3729 724 τοῦ
3759 647 3929 743 τρίτού

2323 771 2331 777 -
2363 737 2617 831 ὁρίζομεν
2644 742 2825 811 γάμου
2856 744 2995 799 ὥστε
3029 748 3102 817 μὴ
3130 750 3319 815 ἁπλῶς
3349 755 3484 826 μηδὲ
3506 758 3581 823 ὼς
3604 737 3803 831 ἔτυχεν.
3821 767 3931 818 ἐπι-

2361 828 2635 883 τελεῖσθαι
2662 833 2825 926 αύτέθ
2847 851 2862 865 ο
2903 836 2998 926 καὶ
3028 839 3137 908 γὰρ
3169 845 3585 918 συγκεχώρηται
3615 828 3819 920 μὲννὼς
3847 856 3930 926 ρύ-

2362 934 2557 987 πασμα
2609 924 2722 985 τοῖς
2763 924 3057 994 Πατράσιν,
3115 929 3400 986 οὐπώποτε
3440 936 3617 999 καθὼς
3651 940 3747 993 νῦν
3784 924 3929 1010 γινο-

2364 1010 2526 1079 μένου
2576 1013 2670 1065 τοῦ
2731 1015 3054 1085 πράγματος
3109 1021 3662 1094 άπηρυθριασμὲνου,
3710 1031 3819 1084 οὐδ’
3860 1036 3929 1097 είς

2360 1099 2561 1166 πλάτος
2620 1102 3027 1176 ὲξηπλωμένου,
3080 1110 3194 1163 ἀλλ’
3240 1112 3430 1185 ὥσπερ
3476 1117 3529 1169 εί
3574 1136 3660 1183 τις
3705 1122 3763 1174 ὲν
3809 1125 3928 1196 οἴκῳ

2359 1197 2802 1263 παραπεπτωκὸς
2833 1200 2892 1251 ὲν
2918 1201 3093 1271 γωνίᾳ
3135 1204 3353 1272 παρίδοι
3398 1206 3654 1272 πολλάκις
3692 1212 3929 1281 κείμενον

2359 1284 2627 1354 ρύπασμα
2656 1303 2668 1315 ·
2704 1286 2799 1340 νῦν
2832 1289 2911 1340 ὅτι
2947 1290 3128 1360 χώραν
3168 1293 3327 1346 ἔλαϐε
3365 1298 3695 1367 παρρησίας,
3733 1304 3821 1353 καὶ
3861 1304 3927 1367 ὡς

2357 1376 2508 1428 οὐδὲν
2535 1377 2656 1445 ἕχον
2683 1380 2762 1439 είς
2794 1379 3179 1451 ἀσχημοσύνην
3203 1385 3323 1437 οὐδὲ
3355 1389 3614 1455 ρυπαῖνον
3643 1390 3921 1459 λογίζεται,

2357 1468 2422 1518 ὲκ
2451 1467 2544 1518 τοῦ
2590 1469 2855 1539 προϐῆναι
2882 1473 2961 1534 είς
2992 1473 3331 1543 πληθυσμὸν,
3379 1477 3558 1542 καλῶς
3599 1481 3775 1546 ἔδοξεν
3809 1485 3923 1537 ἀνα-

2358 1551 2638 1623 καθαίρειν
2671 1556 2802 1608 αύτὺ
2830 1557 3018 1629 ὥσπερ
3045 1563 3138 1612 καὶ
3171 1559 3360 1633 αἶσχος
3380 1565 3478 1618 οὐκ
3507 1569 3564 1619 ὲν
3596 1571 3769 1641 γωνίᾳ
3798 1588 3924 1644 παρ-

2357 1644 2692 1715 ερῤιμμένον
2728 1646 2845 1699 ἀλλ’
2876 1648 3259 1719 ἐξηπλωμένον
3301 1656 3393 1708 ἐπὶ
3418 1657 3516 1725 τῆς
3547 1658 3745 1726 οίκίας,
3779 1663 3924 1715 οὐδα-

2359 1736 2478 1803 μῶς
2501 1736 2698 1807 ἐῶμεν,
2729 1740 2866 1792 ἀλλὰ
2892 1743 3247 1813 καθαίρομεν,
3276 1748 3451 1802 καὶτὸ
3479 1751 3543 1803 ὲκ
3572 1752 3761 1804 τούτου
3779 1755 3925 1823 ἀηδὲς

675 1847 732 1890 ct
760 1811 943 1890 decori
971 1835 1117 1905 quod
1150 1850 1180 1888 a
1209 1811 1523 1888 Christiana
1573 1849 1853 1903 nunquam
1906 1831 2104 1888 abesse
2142 1832 2246 1885 vita

2355 1823 2730 1896 ἀποϐάλλομεν
2751 1844 2763 1857 ·
2807 1831 2898 1881 καὶ
2934 1834 2998 1901 τῇ
3031 1833 3345 1905 ἀνθρωπίνῃ
3372 1837 3549 1889 τοίνυν
3584 1811 3923 1894 συνυπείκον-

677 1934 877 1995 potest,
916 1933 1167 1995 respectu
1220 1924 1288 1979 ad
1334 1924 1548 1978 tertiam
1592 1934 1778 1976 curret
1833 1937 2080 1989 uxorem,
2131 1922 2251 1977 solo

680 2016 972 2087 voluptatis
998 2016 1222 2070 stimulo
1238 2016 1529 2081 excitatus,
1551 2030 1675 2068 cum
1700 2030 1794 2085 per
1814 2013 2247 2083 quinquennium

675 2116 1144 2163 sacramentorum
1228 2107 1644 2177 participatione
1725 2106 1925 2175 privari
1994 2105 2250 2175 jubemus

672 2213 798 2254 cum
845 2198 994 2253 omni
1050 2198 1359 2251 severitate.
1423 2195 1525 2262 Qui
1578 2196 1724 2249 enim
1780 2209 1886 2248 non
1941 2195 2158 2247 erubuit
2191 2196 2243 2247 in

672 2287 877 2344 Christi
913 2286 1152 2342 Ecclesia
1181 2285 1417 2341 hominis
1452 2286 1653 2355 impuri
1703 2293 1885 2353 partes
1915 2298 1974 2337 re
2006 2297 2057 2338 et
2083 2283 2246 2337 verbo

672 2394 853 2451 agere,
883 2394 1071 2449 parum
1112 2378 1310 2449 dignus
1361 2387 1445 2433 est
1474 2382 1566 2446 qui
1596 2375 1880 2431 clementia
1924 2374 2136 2429 fruatur
2168 2374 2247 2429 fa-

670 2480 996 2541 ctorumque
1042 2469 1435 2539 indulgentiam
1492 2475 1870 2537 persequatur.
1923 2464 2073 2519 Licet
2098 2466 2244 2521 enim

671 2565 724 2619 in
753 2579 969 2619 sacrum
998 2572 1199 2618 coetum
1236 2570 1487 2631 receptus
1532 2560 1698 2615 fuerit
1726 2576 1822 2629 per
1845 2559 2101 2630 gratiam,
2140 2559 2244 2613 ista

670 2666 849 2711 tamen
875 2655 1112 2726 receptio
1141 2654 1379 2725 perfecta
1412 2668 1522 2707 non
1552 2653 1657 2708 erit
1686 2653 1805 2707 sine
1826 2651 2244 2707 resurrectionis

669 2747 972 2803 Salvatoris
1011 2747 1184 2801 nostri
1225 2755 1278 2801 et
1313 2745 1401 2799 Dei
1445 2745 1739 2807 beneflcio;
1772 2758 1943 2814 quare
1968 2744 2246 2799 abstinen-

668 2841 757 2896 tiae
781 2841 1238 2909 continentiaeque
1252 2837 1423 2910 408
1443 2852 1663 2906 cperam
1697 2836 1878 2890 dando
1908 2836 1974 2889 ad
1996 2833 2247 2906 puritatis

664 2937 870 2989 statum
889 2941 1229 2997 revertetur;
1265 2938 1393 2999 puta
1446 2927 1539 2983 ubi
1576 2942 1607 2981 e
1642 2927 1917 2997 prioribus
1955 2924 2247 2981 eonnubiis

664 3024 820 3079 liberi
853 3022 1130 3094 procreati
1177 3037 1285 3075 non
1327 3019 1544 3085 adsunt,
1598 3028 1722 3088 post
1764 3019 2242 3088 quadragesimum

663 3116 790 3171 vitae
826 3129 1028 3169 annum
1056 3113 1123 3168 ad
1154 3113 1343 3167 tertias
1380 3111 1671 3167 convolare
1719 3111 1955 3179 nuptias,
1985 3107 2068 3163 fas
2097 3123 2242 3171 esse,

664 3204 810 3276 quod
850 3204 1029 3259 facere
1054 3202 1206 3257 nefas
1260 3202 1367 3257 erit
1416 3202 1508 3255 ubi
1558 3200 1672 3256 nati
1705 3199 2028 3271 superstites
2066 3200 2246 3270 priera

664 3297 936 3352 connubia
988 3295 1337 3352 annuntiant.
1396 3292 1538 3359 Quid
1583 3292 1730 3347 enim
1790 3290 2053 3361 injustins
2079 3305 2243 3358 quam

665 3385 873 3440 libidini
926 3384 1303 3455 inopportuuat
1364 3381 1631 3448 deditum,
1681 3379 1881 3434 liberos
1910 3377 2243 3457 aprioribus

662 3484 946 3546 susceptos
992 3474 1257 3531 uxoribus
1291 3472 1562 3544 negligere
1616 3479 1877 3542 tanquam
1920 3484 2085 3536 onus,
2120 3483 2244 3523 mo-

663 3569 898 3634 lestiam.
926 3568 1227 3640 praesertim
1268 3566 1360 3621 ubi
1405 3565 1703 3620 liberorum
1751 3562 2083 3617 abundantia
2114 3562 2243 3617 est?

662 3659 769 3726 Qui
824 3658 989 3730 igitur
1036 3658 1255 3729 triginta
1299 3670 1473 3711 annos
1506 3661 1667 3709 natus
1693 3661 1819 3724 post
1865 3662 2148 3722 susceptos
2174 3667 2239 3707 ex

664 3749 925 3805 uxoribus
955 3749 1155 3803 liberos
1184 3748 1372 3803 tertias
1408 3745 1594 3801 inierit
1622 3744 1863 3815 nuptias,
1886 3759 1985 3815 per
2004 3753 2240 3815 quatuor

662 3856 837 3896 annos
888 3854 1173 3896 sacrorum
1224 3838 1498 3908 particeps
1546 3851 1615 3891 ne
1670 3845 1788 3890 esto
1828 3836 2237 3905 mysteriorum,

663 3932 864 4003 quippe
907 3946 1067 4001 quem
1101 3930 1237 3985 nihil
1262 3927 1430 3994 aliud,
1482 3938 1542 3983 ut
1591 3927 1800 3982 clarum
1828 3936 1930 3990 est,
1957 3926 2061 3982 nisi
2110 3942 2244 3982 con-

662 4024 999 4091 cupiscentia
1041 4031 1097 4077 et
1125 4021 1386 4076 effrenata
1413 4020 1579 4075 libido
1611 4020 1677 4074 ad
1705 4020 1924 4089 nuptias
1954 4018 2237 4089 compulit.

660 4114 817 4180 Quod
872 4115 916 4170 si
964 4122 1148 4184 postea
1194 4112 1471 4182 mysteriis
1513 4113 1561 4166 ei
1617 4111 1721 4165 frui
1774 4112 2122 4177 concedetur,
2157 4120 2239 4165 ter

660 4221 755 4277 per
778 4221 980 4261 annum
1010 4206 1076 4261 ad
1092 4205 1479 4260 eucharistiam
1510 4204 1748 4267 accedet,
1769 4202 1970 4273 primo,
1994 4211 2237 4272 tempore

658 4298 917 4354 salutaris
950 4297 1373 4353 resurrectionis
1395 4295 1524 4352 Jesu
1574 4296 1776 4351 Christi
1800 4303 1855 4351 et
1898 4293 1992 4348 Dei
2020 4310 2035 4360 ;
2064 4294 2233 4348 altera

658 4389 773 4443 vice
803 4388 859 4442 in
918 4388 1297 4458 assumptione
1345 4387 1709 4442 immaculatae
1754 4384 2041 4456 Deiparae;
2074 4385 2235 4441 tertia

2357 1930 2448 1976 τες
2480 1914 2754 1989 ἀσθενείᾳ,
2788 1922 2882 1972 καὶ
2915 1922 3013 1991 τῆς
3048 1925 3363 1994 πρεπούσης
3394 1929 3654 1999 αἰσχύνης
3685 1935 3925 2002 φροντίδα

2362 2004 2675 2076 ποιούμενοι
2704 2011 2769 2078 τῇ
2815 2011 3157 2078 Χριστιανῶν
3204 2012 3338 2084 ζωῇ,
3384 2016 3540 2070 τοῦτο
3567 2020 3660 2074 ἐπὶ
3690 2021 3796 2073 τῶν
3820 2040 3923 2094 τρι-

2359 2098 2552 2165 γάμων
2606 2102 3125 2170 παραφυλάττεσθαι
3178 2106 3518 2177 διορίζομεν,
3572 2110 3713 2163 ὥστε
3757 2114 3806 2164 εἰ
3848 2130 3923 2175 τις

2357 2190 2495 2258 πρὸς
2520 2196 2952 2263 τεσσαρακοστὸν
2985 2196 3347 2266 ἀναϐεϐηκὼς
3374 2199 3511 2262 ἔτος,
3544 2203 3640 2253 καὶ
3672 2203 3805 2273 μήτε
3834 2205 3922 2273 τὴν

2358 2280 2520 2348 φύσιν
2546 2282 2882 2353 αἰδούμενος.
2918 2286 3055 2356 μήτε
3085 2290 3183 2356 τῆς
3208 2288 3561 2359 ὀφειλομένης
3593 2293 3920 2362 Χριστιανοῖς

2354 2370 2626 2440 εύκόσμου
2650 2373 2797 2443 ζωῆς
2816 2376 3071 2445 φροντίδα
3112 2380 3449 2449 ποιούμενος,
3478 2383 3613 2435 ἁλλά
3652 2386 3814 2454 μόνης
3834 2387 3920 2455 τῆς

2356 2462 2640 2533 ὲμπαθοῦς
2671 2466 2966 2535 ἐπιθυμίας
3014 2471 3324 2538 γενόμενος,
3369 2473 3504 2541 πρὸς
3534 2477 3715 2545 τρίτον
3744 2478 3921 2529 ἑαυτὸν

2355 2554 2669 2624 ὲπιρῤίπτοι
2705 2557 2901 2627 γάμον,
2934 2559 3123 2611 τοῦτον
3151 2563 3288 2631 μετά
3324 2565 3505 2634 πάσης
3530 2567 3813 2635 ἀκριϐείας
3836 2570 3917 2621 καὶ

2357 2646 2814 2717 παρατηρήσεως,
2842 2649 3005 2718 μέχρι
3036 2652 3357 2717 πενταετίας
3388 2656 3653 2726 ἀμέτοχον
3679 2654 3812 2711 εἶναι
3832 2660 3916 2727 τῆς

2352 2732 2447 2787 τοῦ
2482 2734 2755 2805 ἀγιασμοῦ
2789 2740 3162 2809 μεταλήψεως,
3208 2744 3302 2795 καὶ
3355 2744 3623 2816 μηδαμῶς
3667 2748 3752 2799 ἐπ’
3784 2748 3917 2818 αὐτῷ

2356 2826 2750 2897 συντέμνεσθαι
2781 2829 2872 2881 τὸν
2897 2835 3107 2901 χρόνον.
3141 2835 3241 2896 ’ος
3279 2834 3386 2904 γὰρ
3424 2838 3564 2907 μετά
3604 2856 3915 2910 τεσσαρακο-

2355 2918 2478 2971 στὸν
2506 2917 2623 2981 Ero;
2653 2920 2711 2972 τὸ
2738 2920 3003 2992 ῥύπασμα
3033 2924 3091 2976 ὲν
3116 2927 3181 2993 τῇ
3217 2925 3309 2978 τοῦ
3354 2928 3594 2997 Χριστοῦ
3642 2930 3913 3001 Ἐκκλησία

2352 3003 2493 3062 εῖναι
2529 3010 2626 3062 καὶ
2652 3011 2909 3080 λέγεσθαι
2939 3013 3217 3086 ἠγάπησε,
3264 3017 3383 3071 τίνα
3410 3020 3637 3092 παρέξει
3665 3023 3913 3094 πληροφο-

2355 3100 2476 3171 ρίαν
2498 3100 2599 3171 τῆς
2636 3104 2764 3173 περὶ
2790 3103 2882 3156 τὸν
2913 3104 3028 3175 βίον
3061 3107 3227 3159 αὑτοῦ
3266 3110 3525 3179 σπουδῆς,
3563 3112 3632 3164 δι’
3662 3114 3729 3183 ἣν
3756 3120 3781 3167 ό
3805 3115 3912 3184 χρό-

2351 3209 2441 3254 νος
2473 3193 2572 3263 τῆς
2604 3196 2960 3265 μεταλήψεως
2993 3199 3102 3250 τῶν
3132 3201 3491 3271 ἀγιασμάτων
3521 3204 3671 3275 αύτῴ
3698 3223 3912 3276 συντμη-

2353 3282 2614 3353 θήσεταις
2684 3285 2844 3340 Ἀλλά
2888 3291 2996 3360 γὰρ
3045 3291 3140 3343 καὶ
3195 3294 3332 3361 μετά
3373 3294 3435 3346 τὸ
3482 3296 3780 3368 ἀξιωθῆναι
3826 3300 3910 3365 τῆς

2352 3376 2622 3446 ἀχράντου
2674 3380 3030 3452 μεταλήψεως
3053 3422 3068 3447 ,
3118 3383 3218 3437 οὐκ
3254 3385 3407 3439 ἔσται
3441 3390 3908 3461 συγκεχωρημένον

2351 3469 2501 3539 αὐτῷ
2527 3472 2587 3522 ὲν
2620 3470 2767 3542 ἄλλῳ
2813 3474 2991 3545 καιρῷ
3018 3477 3084 3546 τῇ
3129 3476 3427 3548 μεταλήψει
3464 3484 3762 3553 προσιέναι,
3797 3482 3825 3552 ἢ
3860 3484 3907 3533 ἐν

2354 3560 2492 3633 μόνῃ
2522 3565 2589 3633 τῇ
2615 3562 2709 3616 τοῦ
2738 3564 2991 3635 Σωτῆρος
3022 3567 3119 3620 καὶ
3147 3566 3279 3620 Θεοῦ
3308 3571 3340 3640 ὴ
3350 3570 3466 3638 μῶν
3493 3572 3802 3635 ἀναστάσει,
3833 3572 3908 3625 διὰ

2348 3651 2447 3723 τὴν
2474 3655 2539 3707 ὲκ
2564 3653 2665 3725 τῆς
2692 3660 3113 3731 προηγουμένης
3151 3663 3479 3731 ἐγκρατείας
3521 3665 3636 3717 τῶν
3668 3664 3905 3735 νηστειῶν

2345 3743 2470 3797 ὅσον
2497 3744 2721 3800 δυνατὸν
2744 3748 3145 3822 ἀνακάθαρσιν.
3162 3750 3346 3806 Ταῦτα
3367 3754 3423 3807 δέ
3453 3771 3657 3825 φαμεν,
3693 3757 3814 3809 ὅταν
3841 3756 3906 3824 μὴ

2346 3835 2513 3889 τέκνα
2541 3839 2695 3909 παρῇ
2725 3840 2789 3891 ὲκ
2814 3840 2923 3893 τῶν
2954 3844 3233 3913 προτέρων
3268 3844 3481 3915 γάμων,
3514 3849 3629 3909 τοῖς
3661 3846 3757 3917 ἤδη
3788 3846 3907 3915 μετά

2346 3929 2405 3981 τὸ
2425 3933 2865 4002 τεσσαρακοστὸν
2893 3933 3033 3999 ἔτος,
3056 3936 3246 4006 τρίτην
3273 3938 3500 4005 ἄγεσθαι
3523 3941 3904 4011 προῃρημένοις

2346 4024 2584 4089 γυναῖκα
2602 4038 2617 4055 ·
2649 4026 2771 4078 ἐπεὶ
2799 4027 2897 4079 ὲάν
2922 4027 3090 4083 τέκνα
3118 4033 3292 4101 παρῇ,
3324 4031 3710 4103 ἀσυγχώρητος
3742 4032 3904 4092 αὐτοῖς

2345 4115 2379 4184 ὴ
2408 4114 2677 4185 τριγαμία
2700 4130 2714 4144 ·
2758 4114 2880 4170 λίαν
2912 4118 3018 4190 γάρ
3047 4120 3192 4172 ἐστιν
3219 4123 3425 4184 ἄδικον,
3459 4125 3550 4174 τὸν
3581 4124 3682 4193 μὲν
3710 4120 3904 4193 χαρίζε-

2346 4204 2473 4257 σθαι
2507 4207 2572 4277 τῇ
2621 4205 2809 4277 ἐξὼρῳ
2840 4208 3127 4281 ἐπιθυμίᾳ,
3168 4214 3279 4273 τοῖς
3311 4213 3369 4265 δὲ
3399 4212 3559 4266 παισὶ
3593 4214 3701 4266 τῶν
3727 4210 3902 4283 προτέ-

2348 4313 2458 4368 ρων
2480 4298 2675 4367 γάμων
2701 4299 2778 4370 μὴ
2800 4303 3147 4372 προνοεῖσθαι
3172 4304 3231 4356 τὸ
3256 4304 3495 4373 ἀσφαλὲς
3518 4306 3613 4359 καὶ
3639 4305 3699 4359 τὸ
3721 4304 3901 4358 ἄλυπον

2343 4390 2437 4443 καὶ
2482 4390 2778 4461 ἀτάραχον,
2827 4392 2924 4445 καὶ
2966 4395 3089 4448 ὅσον
3138 4392 3244 4448 οἶδε
3277 4396 3335 4450 τὸ
3383 4397 3720 4468 ἀνθρώπινον
3754 4413 3901 4451 κατα-

658 4480 774 4535 vice
803 4479 858 4533 in
894 4478 1033 4535 festo
1066 4478 1192 4535 Jesu
1222 4479 1425 4535 Christi
1459 4477 1667 4549 Deique
1699 4477 1988 4544 natalitio;
2039 4477 2240 4548 quibus

2354 4481 2647 4552 λαμϐάνειν
2677 4485 2743 4538 ὲκ
2770 4484 2872 4556 τῆς
2898 4486 3241 4559 πολυσπόρου
3267 4488 3615 4555 τεκνώσεως.
3639 4491 3742 4544 Καὶ
3766 4489 3901 4550 είτις

656 4569 846 4625 diebus
897 4569 1167 4639 jejunium
1220 4570 1328 4624 erit
1381 4567 1772 4624 exercendum.
1844 4566 2236 4623 Deficientibus

657 4670 840 4714 autem
878 4660 1063 4717 liberis
1093 4661 1283 4716 tertias
1308 4661 1449 4717 inire
1474 4661 1695 4730 nuptias
1723 4658 1925 4713 nemini
1949 4659 2231 4727 probrum,

660 4752 929 4822 siquidem
976 4756 1319 4825 paternitalis
1358 4754 1481 4824 jura
1540 4769 1799 4810 exercere
1855 4755 2142 4809 honestum
2174 4770 2238 4810 ac

659 4847 1090 4913 reprehensione
1122 4848 1266 4903 haud
1301 4847 1547 4919 dignum.
1568 4848 1696 4903 Haec
1718 4849 1785 4903 de
1818 4847 1998 4902 tertiis
2035 4847 2238 4917 nuptiis

657 4938 985 4993 disseruisse
1016 4938 1269 4994 sufﬁciat.

2348 4574 2405 4627 δὲ
2435 4578 2861 4647 τριακονταετὴς
2888 4576 2985 4645 ὢν,
3013 4580 3107 4632 καὶ
3137 4580 3301 4633 τέκνα
3333 4580 3469 4651 ἔχων
3498 4584 3563 4635 ὲκ
3591 4582 3698 4636 τῶν
3723 4581 3900 4652 προλα-

2345 4668 2547 4721 ϐόντων
2577 4668 2791 4740 γάμων,
2828 4671 2988 4744 τρίτῃ
3020 4673 3343 4727 συνάπτοιτο
3374 4675 3615 4743 γυναικὶ,
3647 4674 3738 4728 καὶ
3767 4665 3900 4734 οὗτος

2343 4759 2737 4831 ἀσυγχώρητος
2794 4762 2956 4833 μέχρι
3000 4764 3263 4835 τετάρτου
3316 4764 3469 4829 ἔτους
3508 4767 3610 4837 τῆς
3640 4764 3898 4824 κοινωνίας

2342 4850 2451 4903 τῶν
2501 4851 2877 4922 ἀγιασμάτων,
2910 4853 3006 4907 καὶ
3051 4854 3318 4925 ἀμέτοχος
3364 4855 3539 4910 ἔστω·
3591 4856 3723 4909 διότι
3762 4851 3897 4922 δῆλός

2345 4943 2495 4996 ἐστιν
2523 4944 2581 5009 ἐξ
2611 4945 2821 5009 οὐδενὸς
2854 4945 3066 5017 ἐτέρου,
3096 4947 3213 5001 ἀλλ’
3245 4948 3350 5001 ὑπὸ
3379 4950 3651 5019 ἀκρασίας
3674 4946 3897 5014 κινούμε-

661 5050 770 5100 νος,
826 5034 921 5087 καὶ
956 5036 1050 5089 τοῦ
1080 5037 1264 5099 δοῦλος
1311 5031 1452 5089 εἶναι
1486 5036 1753 5107 σαρκικῆς
1790 5035 2110 5109 ἐπιθυμίας,
2153 5037 2244 5091 ἐπὶ
2281 5038 2374 5092 τὸν
2400 5039 2638 5095 τοιοῦτον
2664 5038 2841 5110 γάμον
2870 5040 3040 5094 ἐλθών
3063 5058 3077 5071 ·
3146 5043 3243 5097 καὶ
3269 5044 3405 5114 μετά
3435 5044 3495 5097 τὸ
3537 5047 3715 5114 τυχεῖν
3736 5042 3786 5094 δὲ
3808 5039 3892 5107 τῆς

668 5124 1021 5197 μεταλήψεως
1043 5128 1152 5181 τῶν
1178 5126 1513 5199 μυστηρίων,
1538 5128 1659 5198 τρὶς
1682 5128 1779 5181 τοῦ
1811 5130 2059 5183 ἐνιαυτοῦ
2086 5131 2247 5201 μόνον
2286 5130 2650 5202 ἀξιωθήσεται
2713 5131 3021 5186 ἀπολαῦσαι
3042 5150 3056 5163 ·
3101 5134 3249 5197 ama
3311 5134 3430 5205 μὲν,
3462 5137 3521 5188 ὲν
3550 5132 3791 5204 σωτηρίῳ
3816 5125 3892 5181 τοῦ

660 5221 897 5293 Χριστοῦ
930 5224 1025 5276 καὶ
1054 5222 1187 5277 Θεοῦ
1218 5222 1375 5294 ἡμῶν
1408 5224 1703 5280 ἀναστάσει
1725 5241 1741 5257 ⁸
1770 5224 2046 5297 δεύτερον,
2108 5227 2166 5279 ὲν
2195 5230 2261 5298 τῇ
2308 5230 2563 5299 κοιμήσει
2609 5228 2709 5297 τῆς
2756 5228 3027 5298 ἀχράντου
3087 5229 3386 5299 Δεσποίνης
3434 5229 3591 5299 ἡμῶν
3620 5225 3858 5281 Θεοτόκου
3879 5234 3892 5248 ·

664 5318 758 5371 καὶ
786 5316 991 5388 τρίτον,
1024 5319 1082 5372 ὲν
1125 5322 1191 5389 τῇ
1225 5317 1487 5390 γενεθλίῳ
1518 5320 1705 5391 ἡμέρᾳ
1740 5318 1834 5373 τοῦ
1882 5320 2119 5390 Χριστοῦ
2151 5325 2245 5375 καὶ
2283 5323 2418 5377 Θεοῦ
2450 5323 2637 5394 ἡμῶν·
2685 5323 2771 5376 διὰ
2830 5323 2892 5375 τὸ
2957 5322 3052 5377 καὶ
3095 5325 3152 5377 ὲν
3181 5324 3408 5387 ταύταις
3431 5322 3779 5395 προηγεῖσθαι
3818 5330 3893 5381 νη·

676 5409 880 5476 στείαν,
930 5410 1029 5463 καὶ
1055 5408 1117 5463 τὸ
1146 5409 1210 5462 ὲκ
1234 5407 1439 5479 ταύτης
1483 5409 1696 5480 ὄφελος.
1755 5413 1821 5465 Ei
1865 5410 1921 5463 δὲ
1950 5411 2143 5476 παῖδες
2204 5414 2279 5485 μὴ
2345 5414 2684 5485 παρείησαν,
2736 5414 2925 5486 ἐπειδὴ
2974 5416 3034 5468 τὸ
3088 5416 3437 5483 τεκνογονίας
3489 5415 3765 5484 ἐπιθυμεῖν
3808 5406 3891 5460 οὐκ

675 5499 1081 5583 ἀσύγγνωςτον.
1112 5499 1172 5553 τδ
1201 5501 1501 5570 τηνικαῦτα
1530 5501 1860 5573 συγγνώμης
1887 5503 2254 5576 ἀξιωθήσεται
2291 5508 2320 5560 ὁ
2352 5507 2591 5571 τοιοῦτος
2653 5507 2851 5578 γάμος,
2900 5508 2994 5562 καὶ
3031 5509 3177 5580 μόνῳ
3201 5510 3278 5578 τῷ
3331 5508 3391 5574 ἐξ
3434 5510 3607 5581 ἀρχῆς
3640 5507 3728 5562 καὶ
3755 5502 3890 5574 μέχρι

677 5591 769 5646 τοῦ
791 5591 885 5647 νῦν
909 5593 1244 5660 κρατήσαντι
1268 5591 1527 5663 ἐπιτιμίῳ
1549 5591 2017 5664 θεραπευθήσεται
2043 5611 2057 5626 ο
2085 5596 2258 5650 ταῦτα
2299 5597 2396 5665 μὲν
2431 5598 2523 5650 καὶ
2556 5597 2687 5668 περὶ
2718 5597 2811 5650 τοῦ
2843 5596 3027 5668 τρίτου
3053 5598 3253 5667 γάμου.

751 5692 808 5745 5.
838 5688 949 5743 Nec
1008 5687 1218 5758 primus
1249 5701 1348 5741 nec
1387 5688 1657 5743 secundus
1686 5698 1842 5745 torus
1871 5690 2129 5759 periculis
2155 5705 2248 5746 ca-

2428 5698 2499 5758 γ’.
2540 5691 2615 5744 Ού
2648 5692 2753 5762 μὴν
2780 5691 2901 5743 οὐδὲ
2930 5691 3019 5743 τὸν
3050 5691 3301 5761 δεύτερον
3327 5692 3447 5745 οὐδὲ
3474 5692 3565 5744 τὸν
3594 5687 3792 5760 πρῶτον
3810 5680 3887 5732 ἐκ·

680 5791 761 5835 ret
778 5780 893 5835 suis
918 5797 930 5843 ;
951 5779 1209 5834 alteruter
1235 5778 1376 5833 enim
1405 5778 1477 5833 ita
1501 5789 1850 5849 comparatus
1869 5795 1987 5837 csse
2008 5780 2165 5836 debet
2188 5790 2245 5836 ut

2354 5783 2441 5847 τὸς
2463 5783 2765 5851 ἀσφαλείας
2787 5782 2987 5853 ἐῶμεν,
3016 5784 3151 5837 ἀλλά
3176 5786 3460 5848 κάκείνους
3482 5783 3728 5855 ὁρίζομεν
3744 5776 3889 5833 οὕτως
