4156 6444
366 398 477 465 89⁷1

1192 398 1591 458 SYNTAGMA
1629 394 2024 457 CANONUM.
2050 419 2119 430 -
2147 394 2302 455 ΤΙΤ.
2339 393 2512 467 XIII,
2548 393 2707 453 CAP.
2750 392 2832 452 II.

3541 393 3646 457 898

371 511 750 576 συνίστασθαι,
802 510 942 562 ὥστε
986 510 1256 581 μηδεμίαν
1286 512 1431 579 ἔχειν
1477 509 1721 580 πονηρὰν
1754 508 1956 572 αἰτίαν,

2065 521 2225 561 causa
2252 520 2415 576 prava
2440 519 2549 558 non
2564 503 2731 576 409
2754 502 3231 572 snbsit,utraptus
3259 507 3646 575 autcorruptio

369 608 406 677 ἢ
440 606 499 672 ἐξ
528 604 805 674 ἁρπαγῆς,
842 602 874 671 ἢ
916 605 979 654 ὲκ
1027 600 1497 672 προηγησαμένης
1534 599 1796 671 λαθραίου
1829 597 1959 667 φθο-

376 701 501 770 ρᾶς,
540 696 677 749 ἀλλά
715 694 962 764 νομίμως
995 694 1090 746 καὶ
1124 691 1531 763 καθαρεύοντας
1560 690 1668 742 τῶν
1703 687 1959 741 τοιούτων

374 786 742 856 μολυσμάτων
786 786 881 837 καὶ
924 784 1024 851 τῆς
1068 782 1335 853 πορνικῆς
1381 780 1756 849 ἀκαθαρσίας·
1794 778 1960 840 εἴτις

370 874 467 931 οὖν
498 877 605 929 τῶν
646 875 950 946 εἰρημένων
983 874 1404 944 καταφρονήσας
1444 871 1654 937 τύπων,
1687 871 1825 942 πρὸς
1854 886 1958 939 γα-

376 968 547 1038 μικὴν
588 965 805 1036 ὁμιλίαν
842 964 1065 1031 πρώτην
1096 963 1129 1033 ἦ
1161 962 1420 1032 δευτέραν
1466 961 1729 1026 συνέλθοι,
1772 959 1958 1012 τοῦτον

371 1061 408 1129 ἡ
438 1057 531 1111 τοῦ
562 1056 801 1126 Χριστοῦ
843 1053 1138 1125 Ἐκκλησία
1162 1055 1193 1123 ἡ
1218 1051 1455 1121 καθαρὰ,
1485 1051 1581 1105 κα)¹
1609 1051 1812 1123 μηδένα
1837 1052 1960 1103 σπῖ-

370 1149 463 1200 λον
516 1147 728 1216 ἔχουσα.
760 1145 793 1217 ἢ
825 1146 1034 1217 ῥυτίδα,
1069 1146 1182 1207 τοῖς
1236 1145 1527 1215 σωτηρίοις
1583 1142 1961 1196 ὑποὸάλλουσα

372 1239 656 1308 ἑτασμοῖς,
690 1239 748 1289 οὺ
778 1238 908 1306 πρὶν
932 1237 1011 1299 είς
1035 1235 1336 1306 μετάληψιν
1364 1234 1726 1305 παραδέξεται
1756 1249 1961 1303 μυστη-

376 1331 527 1399 ρίων,
564 1330 595 1400 ἦ
625 1329 716 1382 τὸν
749 1328 1055 1398 ὡρισμένον
1095 1329 1187 1380 ἐπὶ
1230 1330 1296 1397 τῇ
1328 1327 1557 1397 πορνείᾳ
1582 1326 1773 1395 χρόνον
1802 1326 1959 1395 ἀκρι-

373 1420 486 1483 ϐῶς
535 1418 904 1490 ἐκπληρώσῃο
962 1417 1115 1489 εἰμὴ
1166 1417 1274 1488 ἄρα
1306 1420 1339 1488 ἡ
1388 1416 1483 1470 τοῦ
1532 1418 1651 1487 βίου
1685 1416 1961 1484 ἀναγκαία

373 1514 695 1581 κατεπείγει
718 1511 1088 1581 ἀναχώρησις,
1117 1511 1366 1564 τουτέστι
1398 1511 1592 1581 μέχρις
1622 1509 1688 1563 ἂν
1716 1510 1776 1562 τὸ
1806 1509 1958 1562 ἕϐδο-

376 1620 478 1670 μον
519 1602 851 1672 ἐκπληρωθῇ
890 1601 1039 1664 ἕτοςο
1086 1601 1114 1653 6
1144 1599 1201 1654 δὲ
1229 1599 1442 1670 τολμῶν
1473 1600 1653 1669 ἱερεὺς
1685 1598 1836 1670 παρά
1868 1598 1959 1651 τὸν

372 1695 847 1763 διατετυπωμένον
875 1694 1001 1762 ὅρον
1037 1692 1391 1763 μεταλήψεως
1429 1690 1580 1755 θείας
1603 1692 1725 1744 τινὰ
1751 1691 1959 1743 τούτων

373 1782 625 1847 ἀξιῶσαι,
654 1783 784 1852 περὶ
807 1782 898 1835 τὸν
933 1782 1061 1836 ἴδιον
1087 1781 1421 1835 κινδυνεύσει
1457 1778 1688 1852 βαθμὸν,
1717 1781 1958 1851 δηλονότι

2064 612 2158 666 per
2207 596 2610 652 seductionem.
2658 596 2928 664 Suprema
2952 608 3191 664 namque
3229 594 3314 647 lex
3348 596 3560 664 puritas
3591 606 3647 651 et

2059 688 2258 742 artium
2308 686 2742 741 meretriciartnn
2805 686 3077 740 absentia.
3133 683 3189 738 Si
3226 685 3352 754 quis
3389 687 3555 756 igitur
3581 688 3650 743 iis

2060 795 2180 849 qua:
2204 781 2590 849 praemisimus,
2626 779 2823 849 spretis
2850 780 3054 847 primas
3079 787 3172 832 aut
3199 781 3471 833 secundas
3504 781 3651 834 cele-

2060 872 2182 926 brat
2214 874 2451 942 nuptias,
2489 886 2613 925 cum
2668 870 2911 925 Ecclesia
2944 868 3148 924 Christi
3184 874 3339 939 ‘pura
3370 879 3423 924 et
3454 871 3652 924 imma-

2059 965 2235 1018 culata
2261 964 2574 1018 salutariter
2599 963 2933 1033 experietur,
2970 976 3071 1018 nec
3098 962 3248 1031 prius
3278 962 3345 1016 ad
3388 963 3647 1029 mysteria

2060 1055 2332 1120 admittet,
2386 1070 2550 1125 quam
2603 1053 3022 1109 fornicationem
3064 1068 3222 1107 suam
3267 1054 3526 1123 expiarit,
3582 1053 3653 1107 ad

2061 1148 2357 1215 septimum
2424 1162 2650 1199 annum.
2715 1145 3012 1213 Presbyter
3072 1157 3254 1198 autem
3309 1146 3402 1214 qui
3457 1155 3650 1199 contra

2061 1237 2354 1291 terminum
2408 1236 2888 1306 redintegrationis
2925 1236 3161 1308 aliquem
3206 1238 3258 1289 in
3289 1246 3493 1291 coetum
3524 1236 3646 1302 pio-

2063 1346 2182 1382 rum
2248 1329 2533 1399 receperit,
2588 1344 2711 1382 cum
2732 1344 2834 1381 suo
2879 1328 3053 1396 ipsius
3100 1327 3344 1397 periculo
3391 1328 3444 1380 id
3496 1326 3648 1384 facit.

2058 1419 2196 1473 Nam
2242 1420 2407 1475 homo
2455 1420 2526 1472 ita
2564 1428 2814 1487 receptus
2854 1418 2920 1471 de
2940 1428 3083 1472 statu
3124 1419 3312 1487 gratia:
3364 1418 3653 1487 dejicietur

2060 1528 2156 1581 per
2198 1511 2563 1580 seplennium.
2618 1511 2745 1564 Hazc
2788 1525 2956 1579 porro
3005 1511 3261 1566 scandala
3303 1527 3495 1565 eorum
3546 1512 3639 1581 qui

2060 1603 2366 1672 antiquitus
2389 1603 2542 1673 regni
2568 1602 2812 1656 habenas
2838 1603 3112 1665 tenebant,
3133 1619 3269 1672 opus
3295 1614 3471 1658 erant.
3489 1601 3643 1657 Nunc

2059 1706 2241 1747 autem
2264 1692 2465 1756 Patris,
2484 1702 2540 1747 et
2559 1691 2702 1757 Filii,
2727 1700 2783 1747 et
2809 1691 3045 1763 Spiritus
3066 1694 3239 1747 sancti
3272 1694 3647 1750 benevolentia

2058 1794 2115 1838 et
2142 1785 2336 1853 gratia,
2395 1798 2610 1838 necnon
2660 1783 3022 1839 sanctissima
3054 1784 3297 1854 Deiparae
3348 1794 3402 1839 et
3457 1789 3639 1857 magni

372 1875 469 1928 τοῦ
498 1873 823 1939 ἀξιωθέντος
854 1875 1006 1945 παρά
1034 1872 1123 1927 τὸν
1152 1872 1457 1943 ὡρισμένον
1488 1872 1657 1927 τύπον
1686 1873 1783 1942 τῆς
1807 1872 1955 1938 θείας

2065 1872 2398 1927 exercituum
2429 1872 2585 1928 ducis
2617 1873 2826 1927 auxilio
2863 1873 3177 1929 sacerdotes
3213 1875 3491 1931 solitarius
3524 1878 3651 1933 inde

374 1967 660 2029 κοινωνίας
690 1964 852 2019 πάλιν
880 1966 958 2028 είς
996 1965 1055 2017 τὸ
1088 1963 1451 2035 ἀκοινώνητον
1505 1964 1927 2035 περιισταμένου
1946 2004 1961 2030 ,

2076 1978 2107 2017 a
2131 1965 2425 2033 nonaginta
2455 1964 2615 2019 annis
2644 1964 2714 2019 ob
2743 1980 2967 2020 causam
2999 1981 3164 2035 quam
3195 1969 3654 2022 commemoravi-

379 2054 542 2125 μέχρι
580 2057 679 2126 τῆς
712 2054 1158 2126 συμπληρώσεως
1187 2054 1280 2109 τοῦ
1336 2052 1566 2125 ἑϐδόμου
1603 2055 1756 2119 ἔτους
1780 2071 1795 2085 ·
1827 2054 1964 2109 ἀλλὰ

2065 2070 2189 2109 mus
2240 2070 2465 2125 regnum
2532 2055 2803 2124 placidum
2867 2055 3260 2124 imperaturum
3337 2066 3653 2116 no~trorunt

374 2146 447 2197 τά
476 2146 745 2200 σκάνδαλα
770 2146 925 2217 δῆλον
952 2146 1124 2200 ταῦτα
1159 2147 1257 2217 μὲν
1287 2146 1361 2210 ὡς
1390 2147 1688 2217 δεδήλωται
1720 2146 1826 2199 ὑπὸ
1854 2145 1962 2198 τῶν

2065 2141 2245 2199 Basilii
2271 2154 2322 2197 et
2341 2143 2688 2200 Constantini
2725 2145 3013 2216 conjunxit
3057 2146 3113 2201 in
3153 2164 3433 2218 unamque
3462 2152 3653 2205 catho-

374 2233 547 2287 πάλαι
593 2236 1028 2305 βασιλευσάντων
1079 2235 1454 2306 ἐπράχθησαν.
1493 2234 1609 2289 Νῦν
1658 2235 1715 2287 δὲ
1757 2237 1824 2305 τῇ
1863 2233 1958 2287 τοῦ

2065 2235 2225 2288 licam
2249 2244 2303 2288 et
2325 2236 2680 2304 apostolicam
2706 2236 3007 2292 Ecclesiam
3038 2243 3393 2296 coadunavit.
3425 2240 3653 2313 Oportet

374 2328 589 2398 Πατρὸς
634 2329 728 2381 καὶ
760 2326 893 2381 Υίοῦ
935 2327 1031 2381 καὶ
1059 2328 1218 2396 ἁγίου
1254 2325 1571 2396 Πνεύματος
1610 2324 1829 2395 εὐδοκία
1867 2327 1960 2379 καὶ

2068 2326 2234 2395 igitur
2282 2326 2540 2383 maximis
2574 2328 2851 2398 {laudibus
2903 2330 3083 2386 ell‘erri
3134 2350 3230 2390 eos
3259 2336 3353 2406 qui
3381 2336 3484 2391 hoc
3516 2351 3657 2407 Opus

372 2420 578 2491 χάριτι,
609 2421 703 2473 καὶ
731 2423 851 2483 ταῖς
891 2421 989 2489 τῆς
1020 2420 1299 2487 πανάγνου
1330 2419 1425 2471 καὶ
1465 2416 1817 2487 θεομήτορος,
1866 2421 1962 2473 καὶ

2066 2420 2310 2474 divinum
2337 2430 2392 2475 et
2416 2422 2696 2477 excelsum
2729 2435 3134 2494 perpetrarunt.

372 2516 495 2577 ταῖς
534 2513 629 2566 τοῦ
686 2513 923 2583 μεγάλου
962 2510 1405 2581 ἀρχιστρατήγου
1444 2508 1786 2580 πρεσϐείαις,
1822 2513 1947 2575 τοὺς
1982 2511 2083 2582 ἤδη
2124 2514 2230 2583 πρὸ
2258 2513 2585 2583 ἐνενήκοντα
2639 2516 2847 2585 χρόνων
2911 2518 3101 2572 ἕνεκεν
3159 2520 3257 2590 τῆς
3291 2521 3659 2593 προδηλωθεί-

374 2623 476 2676 σης
524 2605 702 2669 αίτίας
753 2606 847 2659 καὶ
896 2605 1149 2682 ἀφορμῆς
1194 2603 1610 2675 ἀπορραγέντας
1682 2604 1851 2674 ἱερεῖς
1890 2606 1985 2658 καὶ
2025 2605 2388 2675 μονάζοντας,
2424 2608 2458 2677 ὴ
2528 2607 2881 2676 παγγάληνος
2920 2610 3165 2681 βασιλεία
3204 2612 3313 2665 τῶν
3348 2614 3659 2683 θεοστεφῶν

374 2696 644 2769 βασιλέων
672 2697 831 2768 ἡμῶν
863 2695 1144 2748 Βασιλείω
1176 2696 1270 2749 καὶ
1297 2692 1712 2748 Κωνσταντίνου
1744 2695 1947 2764 συνῆψέ
1989 2713 2047 2748 τε
2080 2699 2173 2750 καὶ
2207 2697 2507 2767 συνήνωσε,
2545 2699 2642 2750 καὶ
2709 2698 2838 2769 μίαν
2903 2699 3198 2772 καθολικὴν
3229 2703 3326 2755 κα)⁸
3369 2703 3660 2756 ἀποστολι-

375 2790 479 2860 κὴν
523 2788 850 2858 Ἐκκλησίαν
870 2787 1165 2858 εἰργάσατο
1184 2800 1198 2815 ·
1229 2786 1352 2839 ὅθεν
1377 2782 1555 2856 χρεὼν
1582 2783 2061 2855 ἀνακηρύττεσθαι
2123 2803 2183 2839 τε
2212 2787 2307 2840 καὶ
2371 2786 2772 2857 μεγαλύνεσθαι
2836 2789 2964 2855 τοὺς
3020 2790 3261 2845 τοιοῦτον
3282 2792 3527 2861 θεοφιλὲς
3556 2805 3657 2858 καὶ

373 2881 656 2949 ἀξιόλογον
678 2880 840 2952 ἔργον
868 2877 1320 2950 πεπληρωκότας.

375 2998 701 3055 Βασιλείου
734 2995 935 3049 κανὼν
963 2993 1027 3056 δ’,
1056 2999 1144 3062 ιη’,
1177 2998 1284 3059 κγ’,
1317 2989 1415 3066 κδ’,
1469 2996 1580 3066 μα’,
1612 2995 1677 3056 ν’,
1713 2994 1815 3059 νγ’,
1856 2987 1956 3056 ξζ,

2072 2991 2272 3047 Basilii
2321 3009 2572 3066 canones~
2601 2994 2656 3066 4,
2678 2994 2776 3066 ᾲ18,
2809 2994 2901 3060 25,
2922 2995 3035 3066 724,
3067 2997 3157 3063 41,
3194 2997 3286 3066 50,
3315 2999 3405 3066 55,
3437 3000 3528 3064 67,
3560 3003 3652 3063 68,

804 3066 906 3135 ξη’,
937 3070 1029 3129 σε’,
1060 3061 1166 3127 ος¹,
1198 3068 1300 3132 οη’,
1332 3062 1428 3127 σθ’,
1461 3061 1535 3116 π’.

2559 3064 2645 3131 75,
2676 3064 2764 3130 76,
2794 3066 2884 3130 78,
2919 3065 3007 3133 79,
3041 3067 3130 3121 80.

447 3162 511 3214 δ’.
545 3159 681 3228 Περὶ
702 3157 989 3228 τριγάμων
1017 3155 1112 3206 καὶ
1138 3154 1492 3224 πολυγάμων,
1529 3152 1619 3204 τὸν
1650 3150 1810 3205 αὑτὸν
1831 3149 1955 3221 ὥρι-

2127 3153 2294 3225 410
2314 3156 2367 3210 4.
2386 3154 2460 3208 De
2482 3157 2725 3224 trigamis
2748 3165 2801 3211 et
2817 3157 3118 3228 polygamis
3131 3159 3389 3215 deﬁniere
3400 3162 3652 3218 eumdem

380 3271 481 3307 σαν
539 3252 764 3317 κανόνα,
819 3248 879 3301 ὃν
931 3249 1024 3301 καὶ
1074 3247 1169 3299 ἐπὶ
1217 3245 1324 3299 τῶν
1364 3244 1610 3316 διγάμων
1648 3242 1957 3311 ἀναλόγως·

378 3345 622 3399 ἐνιαυτὸν
656 3341 755 3413 μὲν
778 3343 886 3411 γὰρ
918 3340 1012 3392 ἐπὶ
1034 3338 1144 3392 τῶν
1166 3338 1438 3409 διγάμων,
1464 3336 1615 3390 ἄλλοι
1643 3334 1699 3388 δὲ
1727 3334 1821 3388 δύο
1841 3334 1958 3404 ἔτη·

378 3438 504 3499 τοὺς
548 3435 603 3488 δὲ
652 3433 991 3505 τριγάμους,
1030 3434 1087 3483 έν
1124 3430 1273 3500 τρισὶ
1313 3428 1409 3483 καὶ
1445 3430 1670 3496 τέτρασι
1703 3423 1962 3486 πολλάκις

379 3528 555 3579 ἐτεσιν
598 3526 978 3596 ἀφορίζουσιν.
1010 3521 1366 3589 Ὀνομάζουσι
1407 3520 1465 3571 δὲ
1504 3519 1565 3572 τὺ
1594 3516 1835 3571 τοιοῦτον
1865 3516 1958 3569 οὑ-

382 3621 501 3673 κέτι
531 3620 730 3688 γάμον,
780 3615 917 3670 ἁλλά
966 3613 1331 3682 πολυγαμίαν,
1371 3612 1570 3683 μᾶλλον
1611 3611 1667 3664 δὲ
1702 3609 1960 3679 πορνείαν

380 3712 793 3781 κεκολασμένην
811 3726 825 3741 ο
843 3709 922 3761 διὸ
943 3710 1037 3761 καὶ
1057 3708 1084 3760 6
1102 3706 1306 3777 Κύριος
1327 3709 1391 3776 τῇ
1418 3704 1770 3776 Σαμαρείτιδι
1799 3704 1960 3755 πέντε

379 3805 579 3875 ἄνδρας
608 3804 965 3875 διαμειψάσῃ,
994 3802 1097 3853 Ὃν
1116 3799 1255 3864 νῦν,
1292 3798 1478 3868 φησιν,
1503 3799 1681 3865 ἔχεις,
1709 3798 1818 3850 οὐκ
1839 3796 1961 3849 ἔστι

379 3912 497 3952 σου
519 3896 702 3965 ἀνήρ’
726 3896 801 3959 ὡς
830 3895 1013 3947 οὐκέτι
1039 3893 1203 3957 ἀξίων
1232 3892 1402 3945 ὄντων
1423 3891 1532 3943 τῶν
1554 3888 1962 3959 ὑπερεκπεσόν-

379 4009 489 4043 των
517 3990 611 4042 τοῦ
650 3989 854 4060 μέτρου
895 3986 996 4055 τῆς
1021 3983 1301 4054 διγαμίας,
1334 3982 1409 4053 τῷ
1439 3981 1533 4035 τοῦ
1571 3978 1819 4051 ἀνδρδςῆ
1853 3982 1954 4050 τῆς

379 4081 637 4151 γυναικὸς
664 4078 944 4133 καλεῖσθαι
977 4078 1362 4149 προσρήματι·
1408 4072 1700 4143 συνήθειαν
1731 4071 1787 4125 δὲ
1828 4087 1959 4123 κατ-

379 4175 648 4243 ελάϐομεν
684 4172 777 4225 ἐπὶ
807 4171 916 4224 τῶν
935 4168 1240 4241 τριγάμων,
1275 4166 1597 4228 πενταετίας
1631 4162 1958 4234 ἀφορισμδν,

376 4270 480 4321 οὑκ
523 4267 633 4320 ἀπὸ
673 4260 1059 4328 κανόνος,ἀλλ’
1111 4260 1218 4313 ἀπὸ
1250 4260 1348 4329 τῆς
1402 4257 1509 4309 τῶν
1555 4254 1959 4325 προειληφότων

378 4358 703 4415 ἀκόλουθον.
742 4358 830 4409 Δεῖ
882 4354 940 4407 δὲ
986 4353 1061 4423 μὴ
1106 4351 1283 4421 πάντη
1316 4350 1511 4411 αὐτοὺς
1536 4347 1825 4417 ἀπείργειν
1859 4347 1962 4413 τῆς

390 4449 754 4518 Ἐκκλησίας,
806 4446 923 4500 ἀλλ’
966 4444 1285 4513 ἀκροάσεως
1325 4442 1526 4504 αὐτοὺς
1569 4437 1755 4503 ἀξιοῦν
1782 4441 1841 4490 ὲν
1868 4437 1961 4491 δύο

379 4560 485 4597 που
514 4542 694 4594 ἐτεσιν
726 4540 759 4610 ἣ
794 4537 942 4609 τρισί
970 4553 983 4567 ·
1015 4537 1109 4589 καὶ
1159 4534 1297 4606 μετὰ
1324 4532 1500 4586 ταῦτα
1527 4530 1843 4603 ἐπιτρέπειν
1868 4547 1961 4581 συ-

381 4634 606 4703 στήκειν
654 4632 776 4701 μὲν,
815 4633 914 4699 τῆς
959 4627 1015 4679 δὲ
1055 4624 1344 4679 κοινωνίας
1373 4621 1467 4676 τοῦ
1502 4618 1707 4688 ἀγαθοῦ
1754 4619 1959 4688 ἀπέχε-

380 4724 542 4777 σθαι·
576 4724 670 4775 καὶ
696 4718 867 4781 οὕτως
901 4716 1342 4784 ἐπιδειξαμένους
1380 4712 1593 4783 καρπόν
1638 4726 1760 4762 τινα
1793 4726 1957 4780 μετα-

378 4815 549 4875 νοίας,
575 4809 948 4879 ἀποκαθιστᾷν
975 4807 1053 4877 τῷ
1074 4806 1225 4876 τόπῳ
1248 4805 1344 4875 τῆς
1375 4803 1678 4864 κοινωνίας.

454 4912 545 4977 ιη’.
577 4906 714 4975 Περὶ
743 4902 850 4956 τῶν
874 4898 1222 4953 ἐκπεσουσῶν
1250 4896 1555 4967 παρθένων,
1585 4911 1639 4947 κ.
1667 4910 1718 4946 τ.
1755 4893 1806 4948 λ.

451 5004 560 5067 κγ’.
596 4997 733 5067 Περὶ
767 4994 824 5047 δὲ
857 4993 966 5045 τῶν
996 4991 1090 5044 δύο
1119 4989 1353 5057 ἀδελφὰς
1382 4986 1705 5056 γαμούντων
1735 4987 1767 5056 ἢ
1806 4985 1961 5039 ἀδελ-

379 5094 499 5161 φοῖς
519 5091 642 5143 δυσὶ
682 5086 1068 5159 γαμουμένων,
1089 5080 1442 5136 ἐπιστολίδιον
1473 5082 1606 5152 ἡμῖν
1636 5076 1962 5149 ἐκπεφώνη-

379 5202 495 5249 ται,
515 5177 576 5237 οὗ
602 5184 664 5237 τὸ
684 5181 1019 5250 ἀντίγραφον
1046 5174 1445 5246 ἀπεστείλαμέν
1472 5190 1566 5227 σου
1592 5175 1658 5243 τῇ
1683 5172 1959 5242 εὐλαῦείᾳ·

377 5278 407 5330 6
438 5278 493 5330 δὲ
527 5272 760 5345 ἀδελφοῦ
815 5273 945 5326 ἰδίου
977 5272 1211 5340 γυναῖκα
1245 5266 1449 5333 λαϐὼν,
1476 5267 1537 5319 οὐ
1579 5263 1847 5335 πρότερον
1873 5262 1962 5316 δε-

379 5368 644 5439 χθήσεται
678 5366 810 5437 πρὶν
830 5365 1135 5434 ἀποστῆναι
1164 5361 1357 5431 αὐτῆς.

451 5461 552 5514 κδ’.
585 5460 778 5529 Χήραν
803 5458 902 5526 τὴν
926 5455 1322 5522 καταλεγεῖσαν
1352 5454 1431 5514 είς
1464 5453 1557 5504 τὶν
1588 5449 1823 5519 ἀριθμὸν
1851 5449 1961 5501 τῶν

383 5553 588 5623 χηρῶν,
621 5550 867 5604 τουτέστι
896 5548 994 5618 τὴν
1015 5545 1439 5615 διακονουμένην
1462 5544 1565 5597 ὑπὸ
1599 5543 1694 5613 τῆς
1732 5540 1961 5611 Ἐκκλη-

387 5645 527 5711 σίας,
551 5644 767 5716 ἔκρινεν
794 5645 823 5697 6
859 5639 1183 5704 Ἀπόστολος
1203 5638 1559 5710 γαμουμένην
1578 5636 1955 5708 παρορᾶσθαι·

454 5824 472 5854 ⁷
499 5821 661 5879 Joan.
688 5837 763 5888 tv,
791 5821 880 5879 18.
956 5820 978 5853 ⁸
1006 5820 1026 5875 ι
1058 5818 1203 5874 Tim.
1235 5835 1290 5886 ν,
1320 5818 1407 5887 Η,
1450 5817 1535 5871 12.

2072 3258 2359 3304 canonem.
2387 3260 2548 3313 quem
2575 3246 2714 3300 etde
2736 3245 2991 3317 digamis,
3020 3256 3234 3302 servata
3263 3251 3650 3319 proportione:

2070 3352 2277 3390 annum
2319 3337 2573 3393 videlicet
2601 3338 2655 3392 in
2688 3338 2939 3409 digamis,
2984 3340 3076 3394 alii
3110 3356 3238 3395 vero
3272 3343 3412 3396 duos
3448 3358 3644 3401 annos.

2075 3428 2364 3499 Trigamos
2399 3442 2582 3486 autem
2624 3433 2821 3499 tribus,
2851 3444 2907 3487 et
2940 3449 3081 3505 sazpe
3113 3447 3350 3505 quatuor
3384 3428 3544 3492 annis
3574 3453 3655 3493 sc-

2072 3532 2320 3591 gregant.
2356 3522 2415 3577 Id
2447 3534 2631 3579 antem
2655 3540 2764 3579 non
2793 3527 3031 3596 amplius
3059 3528 3399 3600 conjugium,
3435 3531 3529 3585 sed
3557 3548 3653 3601 pu-

2070 3615 2360 3686 lygamiam
2387 3616 2685 3686 appellant,
2725 3618 2808 3672 vel
2856 3619 3039 3688 potius
3086 3620 3423 3675 moderatam
3476 3622 3651 3676 furni-

2069 3708 2363 3763 cationem.
2415 3710 2760 3779 Quapropter
2828 3719 2884 3766 et
2948 3710 3213 3767 Dominus
3267 3711 3644 3780 Samaritanae,

2068 3814 2191 3869 qua:
2240 3799 2465 3854 maritos
2516 3801 2757 3870 quinque
2808 3817 2903 3871 per
2948 3804 3097 3857 vices
3144 3803 3430 3871 habuerat,
3482 3804 3649 3869 Quem

2072 3905 2229 3949 nunc.
2282 3889 2480 3959 inquit,
2528 3890 2706 3956 habes,
2776 3892 3005 3945 maritus
3059 3908 3163 3945 non
3213 3902 3289 3946 est
3318 3895 3339 3925 ⁷
3386 3911 3400 3947 :
3446 3899 3649 3965 quippe

2068 3985 2214 4055 quod
2243 3986 2279 4039 ii
2308 3987 2400 4054 qui
2427 3986 2677 4057 digamia:
2701 4003 2956 4042 mensura
2986 3989 3328 4056 exciderunt,
3357 3991 3507 4061 digni
3534 4010 3643 4047 non

2069 4079 2182 4132 sint
2215 4078 2309 4148 qui
2340 4078 2421 4132 vel
2456 4079 2638 4132 mariti
2680 4080 2763 4133 vel
2800 4080 2987 4135 uxoris
3018 4082 3240 4137 nomine
3284 4083 3646 4151 appellentur.

2068 4166 2188 4222 Jam
2258 4185 2389 4223 vero
2450 4171 2850 4226 consuetudine
2913 4175 3229 4241 accepimus
3285 4175 3339 4227 in
3402 4176 3650 4245 trigamis

2069 4257 2431 4328 quinquennii
2468 4261 2926 4329 segregationem,
2970 4276 3078 4315 non
3117 4276 3147 4315 a
3178 4263 3504 4327 canonibus,
3552 4265 3648 4319 sed

2068 4364 2164 4404 eos
2198 4350 2290 4419 qui
2321 4351 3042 4420 prascesseruntsequendo.
3077 4350 3303 4420 Oportet
3335 4366 3518 4407 autem
3552 4369 3649 4410 eos

2070 4458 2179 4497 non
2217 4442 2441 4496 omnino
2470 4456 2660 4496 arcere
2700 4443 2769 4497 ab
2800 4441 3063 4506 Ecclesia,
3106 4443 3202 4497 sed
3247 4441 3528 4498 auditione
3564 4442 3649 4498 di-

2067 4530 2223 4601 gnari
2264 4529 2479 4585 duobus
2516 4530 2599 4584 vel
2651 4530 2826 4585 tribus
2866 4530 3057 4585 annis:
3123 4546 3187 4586 ac
3243 4531 3471 4600 posthac
3514 4532 3646 4601 ipsis

2068 4620 2402 4689 permittere,
2450 4629 2509 4674 ut
2548 4620 2854 4675 consistant
2888 4620 3130 4690 quidem,
3176 4621 3486 4676 abstineant
3518 4637 3646 4675 vero

2068 4724 2099 4763 a
2145 4709 2273 4763 boni
2306 4711 2716 4773 communione,
2759 4720 2814 4766 et
2865 4712 2967 4776 sic,
3014 4710 3258 4765 exhibito
3309 4713 3646 4781 ptenitentia:

2069 4800 2253 4869 aliquo
2277 4800 2478 4865 fructu,
2506 4802 2916 4856 communionis
2941 4802 3061 4856 loco
3091 4804 3403 4858 restituere.

2144 4894 2232 4947 18.
2271 4893 2346 4947 De
2375 4893 2541 4962 lapsis
2565 4894 2891 4964 virginibus.
2914 4900 3045 4959 etc.,
3080 4902 3138 4946 ut
3162 4910 3286 4963 pag.
3317 4893 3443 4949 858.

2140 4985 2231 5041 2'5.
2264 4984 2338 5039 De
2370 4986 2436 5039 iis
2480 4993 2661 5040 autem
2708 4986 2803 5056 qui
2850 4986 2990 5040 duas
3038 5000 3258 5041 sorores
3304 5000 3506 5041 uxores
3550 4984 3647 5039 du-

2069 5086 2223 5142 cunt,
2256 5078 2337 5131 vel
2379 5077 2446 5132 de
2473 5078 2566 5146 giis
2611 5092 2730 5146 quae
2773 5076 2989 5132 duobus
3021 5075 3285 5131 fratribus
3335 5077 3567 5142 nubunt,
3613 5094 3646 5133 a

2068 5168 2227 5224 nobis
2275 5169 2419 5223 edita
2459 5178 2545 5223 est
2585 5169 2841 5239 epistola,
2891 5168 3051 5238 cujus
3085 5170 3336 5223 misimus
3367 5169 3647 5238 exemplar

2068 5269 2175 5315 tuae
2201 5261 2408 5331 pietati.
2436 5261 2538 5328 Qui
2564 5272 2745 5316 autem
2772 5261 2857 5316 sui
2884 5259 3071 5316 fratris
3098 5276 3320 5315 uxorem
3346 5261 3641 5331 acceperit,

2066 5368 2173 5407 non
2208 5354 2359 5422 prius
2384 5354 2721 5420 admittetur,
2750 5368 2915 5423 quam
2949 5353 3019 5407 ab
3047 5367 3109 5406 ea
3153 5353 3463 5407 recesserit.

2133 5443 2295 5516 411
2325 5444 2415 5500 94.
2468 5444 2719 5511 Viduam,
2769 5461 2891 5515 qua:
2928 5446 2983 5500 in
3036 5445 3321 5499 viduarum
3354 5459 3640 5499 numerum

2066 5538 2235 5592 relata
2263 5548 2367 5602 cst,
2422 5539 2527 5592 hoc
2556 5547 2659 5605 est,
2699 5554 2821 5609 qua:
2848 5538 2916 5593 ab
2951 5536 3194 5592 Ecclesia
3226 5537 3406 5601 alitur,
3435 5534 3643 5604 judica-

2068 5632 2141 5684 vit
2189 5632 2483 5702 Apostolus
2534 5633 2825 5688 nubentem
2880 5630 3156 5687 contemni
3207 5629 3477 5686 dcbcre'.
3518 5626 3642 5681 Viro
