4156 6504
530 410 638 474 899
1666 397 1928 459 PHOTII
1963 396 2472 458 PATRIARCHIE
2507 397 2618 458 CP.
3809 392 3922 454 9m

532 523 721 571 autem
766 513 934 568 viduo
979 527 1065 566 rex
1103 508 1356 581 imposita
1403 523 1508 562 non
1541 517 1644 572 cst,
1676 506 1771 561 sed
1804 505 1896 560 tali
1928 505 2130 560 sullicit
2154 519 2173 571 λ

2262 503 2388 575 ινδρὶ
2434 504 2491 557 δὲ
2527 501 2886 574 χηρεύεαντι,
2918 501 3094 566 οὐδεὶς
3137 502 3443 557 ἐπίκειται
3513 498 3740 570 νόμος.
3796 499 3903 556 ἀλλ

534 623 695 677 pinna
747 607 1115 677 digamorum.
1157 605 1331 657 Porro
1382 601 1544 655 vidua
1594 600 1878 668 sexaginta
1943 613 2122 652 annos

2275 595 2418 648 ιανδν
2437 595 2514 665 τῷ
2534 594 2762 665 τοιούτῳ
2794 595 2855 648 τὸ
2881 593 2988 647 τῶν
3015 594 3261 665 διγάμων
3284 591 3658 661 ἐπιτίμιον.
3683 593 3757 647 Ἠ
3778 593 3916 659 μέν.

536 709 687 763 nata,
733 699 779 753 si
832 711 1028 751 rursus
1074 709 1180 748 una
1224 708 1350 747 cum
1405 693 1524 745 viro
1577 691 1822 744 habitare
1871 688 2126 751 voluerit,

2279 703 2314 739 ἰ
2364 687 2509 756 χήρα
2554 686 2947 756 ἐξηκο“θτιετὴς
2979 689 3258 754 γεγονυῖα,
3289 688 3402 740 ἐὰν
3443 684 3690 754 ἕληται
3739 681 3920 735 πάλιν

536 789 669 844 1)οηί
717 788 1111 844 communione
1164 801 1273 839 non
1319 782 1656 855 dignabitur,
1694 782 1869 836 donec
1909 783 1977 836 ab
2022 781 2129 834 im-

2278 778 2392 849 νδρὶ
2425 782 2717 845 συνοικεῖν,
2748 779 2808 831 οὐ
2857 778 3327 850 καταξιωθήσεται
3364 781 3499 848 τῆς
3535 776 3656 830 τοῦ
3694 759 3919 843 ἀγαθοῦ

537 881 792 953 puritatis
825 881 960 936 vitio
993 879 1286 934 destiterit.
1343 876 1451 931 Sed
1481 875 1526 931 si
1557 885 1686 928 ante
1721 873 2010 944 sexaginta
2038 887 2129 926 an-

2279 871 2544 934 οινωνίας,
2582 871 2686 934 ἕως
2718 870 2784 924 ἂν
2812 870 2907 924 τοῦ
2937 871 3147 934 πάθους
3175 875 3274 937 τῆς
3300 867 3735 940 ἀκαθαρσίας
3768 866 3920 922 παύ-

541 989 643 1029 nos
675 989 800 1028 eam
865 971 1306 1040 ascripseritnus,
1338 977 1527 1022 nostra
1569 975 1673 1028 est,
1724 980 1831 1019 non
1883 965 2131 1022 mulieris

2274 979 2395 1033 ηται
2414 977 2427 990 ⁸
2456 963 2551 1016 ἐὰν
2583 964 2766 1033 μέντοι
2820 963 2924 1033 πρὸ
2951 963 3218 1034 ἐξήκοντα
3246 964 3391 1017 ἐτῶν
3436 961 3915 1035 ἀριθμήσωμεν

539 1064 721 1132 culpa.
2233 1056 2425 1126 αὐτὴν,
2467 1056 2740 1126 ἡμέτερον
2766 1055 2826 1109 τὸ
2856 1055 3108 1126 ἔγκλημα
3141 1057 3202 1108 οὐ
3225 1057 3319 1108 τοῦ
3340 1054 3663 1120 γυναίου.

609 1154 700 1208 41.
742 1151 876 1218 Quae
904 1151 957 1205 in
995 1150 1259 1205 viduitate
1289 1149 1453 1202 habet
1501 1148 1584 1203 sui
1628 1154 1974 1217 potestatem,
2021 1160 2130 1199 una

2297 1145 2420 1215 μα’.
2461 1146 2525 1197 'H
2562 1147 2619 1198 ὲν
2644 1148 2711 1217 τῇ
2737 1146 2931 1217 χηρείᾳ
2961 1145 3210 1212 ἐξουσίαν
3241 1145 3754 1216 ἑαυτῆςσεχουσα
3786 1161 3918 1198 συν-

541 1260 667 1301 cum
718 1246 840 1298 viro
904 1243 1155 1297 habitare
1200 1250 1379 1310 potest
1431 1241 1550 1294 sine
1592 1238 2038 1308 reprehensione,
2084 1239 2132 1292 si

2278 1237 2404 1288 ,κεῖν
2426 1235 2578 1305 ἀνδρὶ
2605 1237 2960 1306 ἀνέγκλητος,
2983 1239 3034 1289 εἰ
3058 1237 3246 1308 μηδείς
3274 1240 3436 1291 ἐστιν
3467 1235 3836 1290 ὁῦιασπῶν
3857 1235 3919 1292 τὸ

540 1352 703 1394 nemo
727 1345 810 1391 est
853 1337 948 1406 qui
992 1337 1314 1404 conjugiutn
1372 1333 1612 1397 divellat,
1664 1348 1789 1387 cum
1839 1332 2132 1400 Apostolus

2277 1325 2610 1379 υνοικέσιον·
2636 1325 2730 1380 τοῦ
2768 1327 3086 1381 Ἀποστόλου
3111 1328 3376 1392 εἰπόντος·
3428 1328 3612 1384 Ἐὰν
3647 1328 3735 1382 δὲ
3765 1329 3918 1384 ἀπο·

537 1431 720 1484 dicat:
756 1426 818 1482 Si
858 1438 1098 1481 mortuus
1139 1427 1209 1480 sit
1268 1426 1517 1490 maritus,
1570 1424 1737 1477 libera
1775 1432 1850 1477 est
1881 1431 1937 1475 ut
1970 1420 2133 1474 nubat

2274 1421 2390 1490 ἁνῃ
2421 1425 2454 1476 ό
2493 1421 2671 1490 ἀνὴρ,
2701 1421 2987 1492 ἐλευθέρα
3015 1415 3253 1490 ὲστὶνῷ
3278 1423 3450 1478 θέλει
3489 1424 3911 1496 γαμηθῆναι.

540 1522 628 1576 cui
658 1521 822 1582 uelit;
857 1529 1066 1573 tantum
1093 1519 1148 1572 in
1184 1517 1410 1571 Domino
1436 1517 1481 1569 θ.

1125 1536 1148 1571 rt
1184 1517 1410 1571 Domino
1436 1517 1481 1569 θ.
2229 1514 2426 1583 μόνον
2454 1513 2525 1566 ἐν
2553 1515 2766 1582 Κυρίῳ.

610 1613 703 1669 50.
737 1611 1032 1682 Trigamia:
1065 1611 1149 1665 lex
1185 1626 1294 1663 non
1325 1617 1428 1663 est.
1471 1607 1654 1673 Quare
1703 1607 1817 1675 lege
1847 1605 2136 1660 matrimo-

2307 1614 2372 1662 ν’.
2407 1607 2718 1679 Τριγαμίας
2746 1608 2911 1678 νόμος
2939 1607 3041 1661 οὐκ
3082 1609 3254 1672 ἔστιν,
3290 1607 3444 1662 ὥστε
3488 1606 3686 1678 νόμῳ
3711 1606 3915 1679 τρίτος

541 1705 696 1759 nium
733 1705 959 1759 tertium
990 1718 1101 1757 non
1132 1702 1501 1756 contrahitur.
1530 1702 1608 1754 Ac
1638 1699 1766 1753 talia
1797 1700 2042 1769 quidem,
2076 1706 2136 1752 ut

2269 1699 2418 1770 ’ἀμος
2445 1700 2546 1752 οὐκ
2569 1700 2784 1767 ἄγεταιο
2809 1701 2876 1752 τὰ
2899 1700 3084 1770 μέντοι
3110 1700 3359 1767 τοιαῦτα,
3385 1701 3478 1764 ὡς
3515 1700 3910 1772 ρυπάσματα

543 1797 807 1854 Ecclesiae
835 1797 1276 1866 inquinamenta,
1327 1795 1612 1849 habemus.
1646 1792 1752 1846 Sed
1796 1792 2130 1847 condemna-

2272 1791 2338 1860 ἧς
2391 1791 2720 1862 Ἐκκλησὲας
2769 1791 3016 1863 ὁρῶμεν·
3065 1793 3355 1864 δημοσίαις
3398 1793 3470 1847 δὲ
3534 1793 3909 1858 καταδίκαις

545 1888 788 1943 tionibus
822 1887 1058 1956 publicis
1093 1902 1206 1941 non
1230 1886 1560 1956 subjicinius
1599 1896 1656 1940 ut
1679 1885 1857 1939 soluta
1888 1883 2125 1938 l’ornica-
2158 1878 2186 1933 Ε

2266 1886 2325 1954 Dx
2357 1885 2752 1956 ὑποϐάλλομεν,
2797 1885 2875 1950 ὡς
2930 1889 3030 1958 τῆς
3057 1887 3348 1958 ἀνειμένης
3392 1886 3708 1959 πορνείας
3737 1889 3907 1960 αἱρε-

549 1981 695 2036 tione
720 1981 897 2049 magis
922 1980 1193 2050 eligenda.

834 1981 897 2049 gis
922 1980 1193 2050 eligenda.
2239 1978 2475 2050 τώτερα..

619 2071 711 2124 53.
776 2069 954 2125 Vidua
1007 2071 1204 2124 ancilla
1249 2068 1485 2124 fortasse
1546 2083 1655 2122 non
1700 2067 1933 2120 multum
1983 2065 2136 2135 lapsa

2313 2079 2415 2140 νγ⁹.
2459 2073 2523 2125 Ἦ
2556 2072 2703 2143 χήρα
2741 2070 2902 2143 δούλη
2942 2072 3004 2126 οὐ
3032 2073 3176 2144 μέγα
3207 2087 3259 2125 τι
3294 2072 3612 2140 ἔπταισεν,
3646 2071 3905 2142 ἑλομένη

547 2175 654 2232 est,
687 2179 812 2233 quae
841 2163 1112 2217 secundas
1143 2162 1363 2231 nuptias
1393 2175 1490 2230 per
1529 2170 1716 2228 raptus
1749 2158 1989 2228 speciem
2019 2158 2135 2211 ele-

2265 2163 2494 2235 ἱεὺτερον
2532 2167 2712 2234 γάμον
2755 2163 2815 2216 ἐν
2864 2165 3105 2236 σχήματι
3159 2165 3455 2236 ἁρπαγῆς·
3511 2164 3685 2218 ὥστε
3741 2165 3906 2218 οὐδὲν

547 2256 642 2326 git.
693 2254 1062 2320 Quamobrem
1113 2255 1186 2306 ob
1233 2253 1283 2307 id
1331 2251 1636 2306 incusanda
1697 2265 1804 2304 non
1863 2256 1968 2303 est.
2020 2246 2140 2302 Non

2256 2254 2436 2309 τούτου
2468 2255 2657 2310 ἕνεκεν
2687 2257 3042 2326 ἐγκαλεῖσθαι
3074 2257 3215 2328 χρή·
3245 2258 3306 2311 οὐ
3342 2259 3450 2328 γὰρ
3481 2258 3567 2312 τὰ
3609 2258 3897 2328 σχήματα

555 2349 701 2402 enim
731 2356 1030 2418 praetentis
1056 2347 1396 2415 iudicantur,
1445 2342 1542 2397 sed
1568 2341 1844 2396 voluntas.
1875 2339 2025 2393 Illam
2051 2354 2143 2393 au-

2258 2347 2492 2417 ιιρίνεται
2513 2389 2528 2411 ,
2562 2348 2678 2403 ἀλλ’
2711 2352 2742 2418 ἡ
2776 2349 3128 2421 προαίρεσις·
3154 2348 3314 2420 δῆλον
3347 2351 3405 2404 δὲ
3432 2351 3534 2406 ὃτι
3566 2350 3640 2404 τὺ
3667 2350 3785 2420 τῆς
3813 2349 3899 2402 δι-

549 2448 680 2504 teni,
714 2446 772 2492 ut
800 2436 1146 2507 perspicuum
1176 2443 1281 2498 est,
1309 2442 1494 2487 manet
1521 2432 1772 2503 digamiae
1807 2446 1995 2502 pmna.

1548 2432 1772 2503 ligamine
1807 2446 1995 2502 paena.
2245 2440 2454 2511 γαμίας
2487 2441 2672 2508 μένειν
2700 2441 2870 2512 αὐτὴν
2893 2443 3189 2514 ἐπιτίμιον.

626 2532 718 2586 67.
758 2531 896 2585 Cum
934 2543 1124 2584 sorore
1143 2531 1346 2594 coitus,
1384 2525 1670 2583 homicidae
1703 2534 1920 2596 tempus
1946 2526 2002 2579 in
2034 2538 2146 2594 νω-

2320 2531 2416 2597 ξζ’.
2475 2533 2540 2586 Ἡ
2571 2533 2929 2604 ἀδελφομιξία
2959 2535 3049 2588 τὸν
3075 2534 3170 2588 τοῦ
3194 2535 3400 2604 φονέως
3429 2535 3657 2608 χρόνον
3682 2533 3865 2605 ὲξομσ
3887 2561 3898 2573 -

551 2622 780 2678 nitentia
814 2621 1071 2692 explebit.

2247 2623 2564 2694 λογήσεται.
3339 2609 3358 2626 ’

619 2715 709 2770 68.
759 2713 1116 2783 Cognationis
1165 2714 1219 2764 ln
1262 2710 1522 2765 humanis
1588 2708 1798 2779 nuptiis
1853 2707 2142 2778 prohibita:

2323 2714 2422 2786 ξη’-
2471 2717 2533 2770 Ἥ
2558 2717 2658 2788 τῆς
2691 2717 3070 2790 ἀπειρημένης
3100 2718 3420 2786 συγγενείας
3440 2719 3530 2781 εἰς
3566 2716 3774 2787 γάμον
3793 2715 3890 2768 ἀν-

548 2809 884 2878 eonjunctio,
919 2807 964 2862 si
997 2809 1050 2860 in
1083 2806 1321 2876 peccatis
1349 2804 1809 2876 deprehendatur,
1856 2801 2138 2856 adultero-

2249 2805 2486 2877 θρώπων
2525 2807 2806 2877 σύστασις,
2848 2812 2897 2864 εἰ
2933 2809 3211 2882 φωραθείη
3259 2812 3317 2864 ὲν
3349 2810 3753 2882 ἁμαρτήμασι
3784 2824 3883 2878 γε-

549 2917 672 2955 rum
702 2914 893 2967 punias
925 2898 1149 2953 subibit.

2249 2899 2546 2970 γενημὲνη,
2577 2901 2644 2954 τὰ
2670 2902 2778 2954 τῶν
2809 2902 3014 2972 μοιχῶν
3043 2903 3293 2973 ἐπιτίμια
3317 2901 3564 2966 δέξεται.

617 2989 783 3061 412
805 2989 891 3042 75.
932 2990 1034 3056 Qui
1062 3002 1188 3042 eum
1232 3002 1330 3041 sua
1355 3001 1421 3041 ex
1455 2996 1609 3056 patre
1631 2985 1716 3039 vel
1736 2999 1801 3039 ex
1835 2992 2008 3038 matre
2056 2999 2147 3039 so-

2325 2991 2418 3046 os'.
2469 2992 2527 3048 '0
2569 2993 2776 3065 ἀδελφῇ
2812 2993 2919 3066 ἰδίᾳ
2949 2995 3013 3048 ὲκ
3057 2995 3264 3067 πατρὸς
3290 2994 3324 3066 ἢ
3355 2995 3420 3048 ἐκ
3452 2993 3692 3066 μητρὸς
3728 3007 3879 3064 συμ-

548 3099 676 3140 rore
709 3084 948 3152 pollutus
977 3088 1082 3148 est,
1123 3090 1254 3143 etc.,
1284 3090 1340 3132 ut
1375 3096 1496 3149 pag.
1538 3080 1662 3134 806.

1127 3090 1254 3143 etc.,
1284 3090 1340 3132 ut
1375 3096 1496 3149 pag.
1538 3080 1662 3134 806.
2257 3081 2526 3154 μιανθεὶς,
2557 3101 2612 3137 κ.
2639 3101 2691 3138 τ.
2719 3083 2768 3138 λ.

623 3175 713 3230 76.
755 3174 955 3228 Eadem
994 3183 1078 3229 est
1106 3173 1245 3227 ratio
1273 3173 1341 3227 de
1385 3173 1450 3227 iis
1497 3186 1716 3241 quoque
1740 3170 1835 3241 qui
1871 3187 2003 3226 suas
2039 3187 2143 3225 nu-
2184 3242 2216 3248 _

2324 3179 2431 3237 og’.
2487 3173 2544 3226 Ὀ
2576 3175 2742 3239 αὐτὸς
2784 3174 2954 3241 τύπος
2998 3177 3094 3231 καὶ
3133 3177 3263 3248 περὶ
3311 3175 3422 3230 τῶν
3471 3176 3587 3239 τὰς
3640 3172 3873 3245 νύμφας

552 3283 650 3323 rus
687 3267 989 3336 accipiunt.
2172 3243 2193 3300 ί

2172 3242 2216 3300 (ἶ
2253 3264 2464 3331 ἑαυτῶν
2502 3264 2568 3318 λα
2577 3266 2909 3336 μϐανόντων.

627 3359 715 3440 78..
755 3357 955 3412 Eadem
988 3369 1170 3413 autem
1207 3356 1379 3411 forma
1411 3355 1731 3411 observetur
1761 3366 1816 3410 et
1842 3357 1895 3410 in
1923 3371 2018 3411 eos
2041 3357 2135 3426 qui

2326 3356 2424 3428 οη’.
2481 3357 2540 3412 Ὀ
2570 3359 2732 3424 αὐτὸς
2759 3360 2816 3414 δὲ
2840 3361 3114 3432 κρατείτω
3139 3361 3310 3425 τύπος
3353 3363 3448 3416 καὶ
3475 3364 3579 3418 ἐπὶ
3618 3363 3739 3416 τῶν
3773 3359 3868 3414 δύο

557 3465 780 3506 sorores
812 3451 950 3505 duas
985 3451 1038 3502 in
1072 3448 1496 3504 matrimonium
1520 3447 1749 3515 ducunt,
1782 3448 1886 3502 etsi
1909 3447 2142 3503 diversis

2254 3448 2494 3519 ἀδελφὰς
2537 3452 2925 3522 λαμϐανόντων
2970 3455 3051 3518 εἰς
3100 3456 3454 3521 συνοικέσιον,
3489 3456 3543 3508 εἰ
3575 3455 3681 3509 καὶ
3723 3451 3867 3507 κατὰ

555 3541 916 3610 temporibus.

2254 3543 2548 3616 διαφόρους
2573 3547 2820 3616 χρόνους.
3163 3565 3189 3574 -

627 3657 720 3711 79.
753 3657 857 3723 Qui
889 3665 1070 3710 autem
1115 3657 1168 3708 in
1212 3670 1343 3710 suas
1377 3668 1644 3708 novercas
1673 3653 1975 3717 insaniunt,
2017 3665 2146 3710 sunt

2330 3636 2425 3690 00'.
2468 3638 2532 3689 Οί
2554 3637 2609 3691 δὲ
2631 3640 2752 3699 ταῖς
2778 3640 3048 3710 μητρυαίς
3070 3637 3278 3691 ἑαυτῶν
3303 3640 3756 3711 ὲπιμαινόμενοι,
3784 3634 3864 3706 τῷ

551 3752 735 3806 cidem
779 3750 978 3805 canoni
1015 3748 1262 3811 obnoxii,
1315 3745 1405 3801 cui
1441 3755 1495 3800 et
1531 3745 1590 3813 ii,
1622 3748 1717 3817 qui
1769 3747 2050 3802 insaniunt
2085 3748 2143 3803 in

2257 3728 2407 3798 αὐτῷ
2433 3729 2753 3782 ὑπόκεινται
2780 3731 2990 3796 κανόνι,
3027 3724 3072 3799 ᾧ
3102 3733 3195 3784 καὶ
3221 3731 3271 3783 οἱ
3302 3734 3422 3796 ταῖς
3448 3731 3677 3786 ἑαυτῶν
3707 3729 3861 3785 ἀδελ-

555 3858 687 3898 SIIaS
717 3856 954 3896 ὅσιοι-οε.

2259 3823 2389 3891 φαῖς
2427 3823 2516 3874 ἐπι
2525 3825 2863 3893 μαινόμενοι.

629 3935 719 3990 80.
789 3933 1161 4004 Polygamiam
1211 3929 1402 3986 Patres
1442 3929 1658 3986 silentio
1714 3931 2144 4001 praetermisere,

2274 4000 2286 4004 _
2330 3919 2405 3966 π’.
2447 3914 2558 3984 Τὴν
2586 3914 2643 3967 δὲ
2683 3914 3034 3986 πολυγαμίαν
3059 3916 3110 3970 οἱ
3141 3915 3387 3988 Πατέρες
3425 3913 3853 3986 ἀπεσιώπησαν,

560 4036 620 4083 ιιι
645 4027 968 4091 belluinam,
1003 4039 1342 4095 prorsusque
1377 4025 1445 4078 ab
1473 4024 1754 4077 hominum
1784 4039 1982 4094 genere
2010 4025 2146 4080 alie-

2257 4000 2332 4064 ὡς
2359 4001 2629 4073 κτηνώδη,
2653 4004 2749 4055 καὶ
2777 4003 3059 4068 παντελῶς
3087 4004 3376 4074 ἀλλοτρίαν
3399 4003 3492 4057 τοῦ
3518 4004 3720 4073 γένους
3746 4000 3854 4054 τῶν

562 4135 713 4176 nam.
751 4117 824 4172 Ea
870 4127 1053 4172 autem
1088 4117 1248 4172 nobis
1293 4115 1507 4171 videtur
1546 4124 1830 4186 peccatum
1865 4131 1987 4172 esse
2031 4117 2146 4171 for.-

2258 4092 2593 4165 ἁνθρώπωνο
2643 4095 2776 4166 ἡμῖν
2814 4095 2870 4149 δὲ
2914 4097 3268 4166 παρίσταται,
3301 4096 3465 4150 πλέον
3501 4113 3555 4149 τι
3591 4095 3856 4166 πορνείας

561 4214 839 4270 nicatione
912 4210 1114 4280 majus.
1174 4209 1518 4280 Quapropter
1565 4218 1995 4265 consentaneum
2058 4220 2144 4264 est

2258 4180 2400 4238 εἶναι
2430 4185 2492 4237 τὸ
2515 4186 2850 4258 ἁμάρτημα·
2873 4187 3119 4258 δηλονότι
3142 4189 3391 4243 ἐνιαυτὸν
3423 4187 3847 4259 προσκλαύσαν-

554 4322 656 4364 eos
693 4303 888 4373 subjici
937 4303 1266 4366 eanonibus,
1317 4311 1376 4358 ut
1421 4303 1628 4358 scilicet
1665 4311 1952 4372 postquam
2001 4314 2147 4353 anno

2258 4295 2391 4341 τας,
2428 4277 2524 4330 καὶ
2571 4279 2630 4331 ὲν
2675 4279 2856 4349 τρισὶν
2897 4280 3370 4351 ἀκροασαμένους,
3420 4283 3514 4335 καὶ
3560 4285 3622 4336 ὲν
3673 4278 3853 4353 τρισὶν

556 4397 828 4464 ﬂeverint,
853 4408 906 4453 et
941 4397 1118 4451 tribus
1145 4396 1409 4452 substt'ati
1443 4370 1678 4461 fuerint,
1700 4393 1781 4450 sic
1822 4393 2137 4461 suscipian-

1632 4370 1678 4461 ι,
1700 4393 1781 4450 sic
1822 4393 2137 4461 suscipian-
2263 4370 2661 4438 ὑποπεσόντας,
2688 4371 2833 4426 οὕτω
2859 4374 3084 4438 δεκτοὺς
3112 4371 3273 4430 εἶναι.

560 4500 672 4546 tur.

558 4557 815 4661 Ejusdem
847 4594 912 4634 ea:
949 4577 1274 4661 epistolanad
1314 4575 1610 4661 Iliadem-nt
1639 4573 1954 4661 Tarsensem
1987 4579 2059 4661 de.
2080 4578 2146 4629 iis
2188 4606 2199 4661 ι

2204 4610 2233 4660 υ
2271 4555 2385 4661 Ἰ·οέ
2409 4555 2598 4638 αὑτοῦ
2625 4557 2695 4610 ἐκ
2721 4556 2833 4661 τῇς
2864 4556 3035 4661 ξτρὸξΙ
3058 4557 3352 4661 Δξξωροζ
3382 4555 3718 4645 ἐπιστολῆς
3744 4553 3845 4661 te:

630 4654 718 4720 qui
742 4652 876 4704 duas
925 4623 1128 4704 sorrores
1165 4649 1385 4713 ducunt,
1417 4647 1493 4700 vel
1520 4646 1597 4720 _de
1631 4647 1840 4713 l'emiids
1875 4663 1990 4716 qua!
2027 4651 2158 4699 duo-
2191 4623 2233 4661 υ

2200 4623 2233 4660 υ
2340 4628 2594 4720 ῖξρςοῦ,
2635 4623 2791 4720 ergata;
2811 4623 2936 4681 ’τῶὶρ
2967 4628 3374 4720 δύοιὰδενῑφὰς
3403 4623 3775 4698 γαμούντων,
3807 4623 3841 4690 ἣ

632 4696 726 4774 ϐας
759 4721 1015 4788 jratribus
1039 4696 1385 4772 matrimonio,
1409 4696 1826 4787 conjung'untur.
1886 4696 1899 4716 ’

1608 4696 1833 4787 g'ttntttr.
1879 4696 1899 4716 7'
2332 4696 2618 4767 ἀδελφοῖς
2650 4698 2795 4753 δυσὶ
2829 4698 3243 4769 γαμουμένων.

633 4811 914 4866 Venerunt
943 4813 1100 4866 nobis
1127 4813 1323 4866 litterae
1349 4810 1571 4864 nomine
1600 4808 1824 4863 Diodori
1863 4810 2160 4880 inscriptae,

2346 4788 2604 4857 Ἀφίκετο
2632 4791 2788 4861 ἡμῖνὶ
2827 4793 3160 4862 γράμματα,
3188 4790 3286 4862 τὴν
3313 4790 3628 4861 ἐπιγραφὴν
3656 4789 3841 4859 ἔχοντα

559 4891 701 4947 cte.,
730 4897 787 4935 ut
818 4899 941 4952 pag.
983 4882 1111 4938 455.
1687 4927 1690 4929 .
2041 4879 2052 4880 7

1687 4927 1690 4929 .
2041 4879 2052 4880 7
2263 4879 2554 4948 Διοδώρου,
2586 4897 2643 4935 κ.
2673 4897 2726 4933 τ.
2764 4881 2814 4936 λ.

640 4974 912 5044 Theophili
972 4974 1354 5044 archiepiscopi
1405 4972 1765 5027 Alexandrini
1798 4972 1870 5026 ad
1922 4973 2165 5044 Agatho-
2265 4976 2281 5024 ε

2265 4973 2560 5040 Θεοφίλου
2589 4973 3072 5044 ἀρχιεπισκόπου
3111 4972 3570 5044 Ἀλεξανδρείας
3591 5013 3607 5039 ,
3638 4972 3707 5026 ἐκ
3737 4963 3839 5034 τῆς

563 5061 704 5100 nem.
783 5043 788 5044 7
1978 5043 1985 5044 7
2629 5045 2781 5112 πρὸς
2819 5043 3095 5115 Ἀγάθων
3123 5043 3477 5113 ἐπιστολῆς.

635 5136 908 5192 Maximus
944 5137 1142 5191 asserit
1189 5152 1248 5191 se
1293 5135 1551 5191 Ecclesiae
1597 5135 1741 5205 leges
1812 5137 2152 5204 ignorantem

2349 5134 2586 5202 Ἀγνοῶν
2628 5137 2753 5199 τοὺς
2800 5136 2902 5205 τῆς
2972 5136 3302 5207 Ἐκκλησίας
3329 5137 3526 5206 νόμους
3576 5134 3834 5202 Μάξιμος,

566 5228 757 5283 illicito
805 5228 1156 5282 matrimonio
1195 5227 1550 5298 conjunctunt
1581 5243 1740 5292 esse,
1785 5237 1839 5282 et
1880 5229 2005 5297 quia
2051 5228 2156 5284 hoc

2264 5229 2636 5303 διισχυρίσατο
2675 5234 2980 5304 παρανόμῳ
3032 5233 3334 5304 συμϐιώσει
3394 5231 3695 5302 συνῆφθαι·
3752 5224 3836 5279 καὶ

564 5337 690 5377 cum
732 5321 873 5375 male
906 5322 1067 5377 habet
1101 5322 1245 5389 quod
1271 5337 1377 5374 non
1415 5330 1563 5374 recte
1594 5332 1647 5374 et
1676 5337 1741 5374 ex
1777 5320 1970 5375 ordine
1996 5331 2153 5391 agat,

2265 5323 2454 5393 ἐπειδὴ
2481 5323 2702 5395 θορυϐεῖ
2735 5327 2901 5380 αὑτὸν
2924 5326 2986 5379 τὸ
3015 5326 3322 5379 ἀσύνακτον
3349 5321 3511 5390 εἶναι,
3535 5316 3832 5376 διεϐεϐαιὼ·

567 5414 857 5470 allii-litavit
882 5453 898 5477 ,
943 5413 1037 5483 qui
1067 5421 1257 5468 contra
1293 5414 1436 5484 leges
1477 5412 1603 5467 fecit
1635 5429 1727 5483 per
1762 5413 2156 5483 ignorantiam,

2268 5432 2417 5479 σατο,
2444 5417 2631 5486 ἐπειδὴ
2656 5397 2847 5488 ἀγνοίᾳ
2888 5419 2948 5470 τὸ
2981 5419 3299 5489 παράνομον
3325 5416 3571 5486 ἔδρασεν,
3612 5419 3676 5469 ὲκ
3711 5427 3833 5478 συμ-

568 5527 624 5566 se
655 5511 724 5564 ab
759 5509 943 5564 illicita
981 5508 1102 5563 vita:
1146 5508 1409 5562 societate
1445 5524 1510 5561 ex
1556 5523 1828 5562 consensu
1875 5509 2159 5562 ahslentu-

2267 5508 2470 5575 φωνίας
2509 5511 2810 5580 ἀπέχεσθαι
2842 5511 2942 5579 τῆς
2969 5511 3289 5583 παρανόμου
3332 5508 3685 5578 συμϐιώσεως
3706 5499 3829 5556 ἐκεῖ·

569 5621 685 5658 rum
715 5645 730 5670 ,
784 5603 873 5656 illa
916 5603 1081 5658 etiam
1127 5601 1232 5655 hoc
1262 5601 1495 5655 volente.
1544 5601 1600 5655 Si
1633 5619 1762 5670 crgn
1803 5602 2156 5669 probaveris,

2265 5617 2363 5666 νης
2392 5599 2694 5676 ἀγαπῲσης
2739 5603 2836 5655 καὶ
2864 5603 3055 5656 τοῦτο’
3105 5603 3201 5656 ἐὰν
3230 5601 3410 5655 τοίνυν
3436 5601 3733 5672 δοκιμάςῃς
3761 5593 3831 5646 ὅτι

569 5698 712 5767 quod
746 5696 848 5750 hoc
877 5711 940 5750 ex
976 5708 1249 5749 consensu
1283 5692 1505 5758 faciant,
1544 5704 1595 5747 et
1629 5709 1737 5746 nun
1782 5693 1994 5758 fallant,
2029 5691 2157 5760 quia

2268 5696 2426 5745 τοῦτο
2473 5692 2718 5747 ποιοῦσιν
2770 5697 2835 5748 ὲκ
2885 5695 3226 5766 συμφωνίας,
3271 5694 3370 5747 καῖ
3417 5694 3492 5766 μὴ
3543 5691 3823 5748 ἀπατῶσιν»
3865 5760 3869 5764 ι

639 5857 660 5886 ³
696 5853 861 5909 ICor.
891 5869 987 5918 vn,
1020 5851 1108 5907 59.
