4156 6444
318 327 418 393 εει

1134 320 1539 381 SYNTAGMA
1575 304 1962 378 CANONUM.
1991 340 2059 350 ·-
2086 313 2239 375 ΤΙΤ.
2273 312 2415 387 XII,
2454 312 2613 372 CAP.
2652 313 2771 372 III.

3480 309 3588 374 902

316 439 508 510 ἐπειδὴ
542 435 805 505 δεκαέτης
848 431 965 487 ἐστὶ
991 433 1203 502 χρόνος,
1251 431 1303 482 εἰ
1338 430 1562 492 σκοπεῖς
1597 428 1734 498 μετά
1761 444 1900 480 κατι
1928 433 1954 488 Α

2037 435 2084 478 st
2130 434 2343 492 tempus
2394 422 2736 485 decennale;
2786 420 2834 476 si
2895 419 3207 474 consideres
3258 428 3354 475 eos
3392 420 3590 475 debere

318 531 638 605 ηχουμένων
668 527 864 588 αὐτοὺς
917 523 1249 591 συνάγεσθαι
1292 522 1453 585 τέως,
1484 519 1658 583 οὕτως
1701 518 1908 587 διοίκη-

320 639 445 678 σον⁹
488 623 538 675 εί
575 619 632 672 δὲ
672 618 903 688 συνορᾷς
943 617 1027 669 ὅτι
1068 614 1348 683 ἀπατῆσαι
1393 612 1771 683 βεβούληνται,
1807 609 1907 662 καὶ

318 716 492 769 δεῖται
514 714 584 766 τὰ
609 713 731 765 κατ’
763 710 961 772 αὐτοὺς
994 708 1073 761 ἔτι
1108 706 1378 776 στύψεως,
1403 706 1541 775 ὅπερ
1578 704 1752 767 όΘεὸς
1779 702 1910 755 ὑπο·-

321 805 510 859 6άλλει
547 820 653 865 σοι,
684 801 845 853 τοῦτο
879 800 1131 870 ποίησον,
1162 795 1440 867 πανταχοῦ
1471 795 1607 868 πρὸς
1635 796 1696 848 τὸ
1717 795 1911 864 ἐπέχον

322 899 725 969 όδηγούμενος’
776 896 871 948 ἐπὶ
914 895 1024 966 γὰρ
1076 892 1188 946 τῶν
1227 892 1410 945 τόπων
1467 888 1771 959 τυγχάνων,
1811 884 1912 948 τὰς

324 992 553 1062 γνώμας
586 987 765 1041 αὐτῶν
800 986 1001 1057 μᾶλλον
1031 984 1232 1037 εἰδέναι
1266 982 1518 1036 δύνασαι.

410 1083 472 1135 '0
504 1079 781 1141 πολιτικὸς
820 1078 980 1146 νόμος
1013 1075 1074 1129 οὑ
1102 1072 1320 1137 κολάζει
1350 1072 1449 1142 τὴν
1484 1066 1914 1138 δευτερογαμίαν

323 1173 360 1243 ἢ
392 1171 765 1241 πολυγαμίαν,
804 1169 1080 1222 ἔκπτωσιν
1107 1166 1165 1218 δὲ
1202 1163 1412 1235 κερδῶν
1443 1163 1639 1230 ἐπάγει
1672 1162 1785 1221 τοῖς
1817 1175 1911 1226 γο-

325 1264 480 1317 νεῦσι
522 1256 1045 1331 δευτερογαμοῦσιν,
1097 1255 1342 1309 ὑπόντων
1385 1253 1569 1315 αὐτοῖς
1608 1248 1817 1302 παίδων
1851 1249 1917 1299 ὲκ

324 1356 425 1410 τοῦ
462 1356 732 1427 προτέρου
764 1351 1098 1405 συνοικεσίου
1119 1367 1133 1381 ·
1161 1351 1290 1419 περί
1311 1347 1370 1400 δὲ
1397 1339 1472 1400 ὧν
1503 1346 1560 1397 ὲν
1587 1343 1781 1397 πλάτει
1803 1342 1918 1395 δια-

326 1449 601 1520 λαμϐάνει
634 1450 662 1501 ὁ
691 1444 733 1501 θ’
762 1446 870 1500 τίτ.
920 1444 1013 1499 τοῦ
1044 1441 1084 1496 ε’
1126 1441 1268 1513 βι6λ.
1301 1438 1395 1493 τοῦ
1427 1436 1559 1492 κώδ.
1596 1436 1693 1490 καὶ
1719 1437 1753 1505 ἡ
1790 1433 1919 1504 περὶ

328 1544 528 1613 γάμων
555 1539 745 1611 Νεαρά
762 1556 774 1569 ·
801 1535 939 1591 Ἡδὲ
966 1536 1106 1607 γυνὴ
1139 1534 1276 1606 πρὸς
1307 1532 1519 1609 τούτοις
1547 1527 1919 1596 ἀναγκάζεται

333 1636 519 1705 μεῖναι
547 1633 639 1686 τὸν
680 1630 946 1699 πένθιμον
974 1627 1189 1699 χρόνον,
1223 1625 1503 1678 τουτέστιν
1531 1620 1797 1683 ἐνιαυτὸν,
1831 1617 1921 1671 διὰ

2010 515 2216 569 versari
2248 530 2372 569 cum
2405 514 2811 567 catecliuinenis
2832 553 2846 574 .
2880 528 3027 566 nunc
3071 527 3166 566 cos
3197 512 3275 566 sic
3311 513 3588 581 dispensa.

2014 607 2107 661 Sin
2142 615 2327 660 autem
2367 607 2517 660 vides
2548 605 2689 674 quod
2722 604 2974 673 decipere
3001 604 3168 668 velit,
3214 614 3267 657 ct
3298 605 3592 658 acerbitate

2012 698 2191 751 adhuc
2228 697 2282 749 in
2315 712 2380 749 co
2410 712 2548 765 opus
2597 697 2688 760 sit,
2745 694 2832 749 fac
2874 696 2925 750 id
2966 696 3108 765 quod
3156 697 3297 749 Deus
3325 696 3417 748 tibi
3461 712 3592 764 Stig-

2011 788 2279 858 gesserit;
2322 786 2375 840 id
2408 802 2622 856 semper
2654 802 2888 855 sequens
2932 780 3079 857 quod
3123 788 3176 841 in
3219 802 3321 841 usu
3348 786 3596 840 cstvim-

2016 895 2123 948 que
2168 879 2399 933 obtinet.
2440 878 2575 932 Nam
2636 893 2762 931 cum
2828 878 2896 933 iis
2966 879 3043 937 sis
3089 879 3143 933 in
3201 878 3370 943 locis,
3408 892 3596 932 eorum

2014 984 2226 1029 mentes
2254 974 2448 1027 melius
2480 973 2628 1027 nullo
2654 988 2985 1042 cognoscere
3014 982 3190 1042 potes.

2088 1065 2306 1120 Textus.
2332 1066 2495 1137 413
2548 1065 2736 1121 Civilis
2767 1066 2851 1119 lex
2885 1067 3083 1120 iterum
3134 1067 3402 1136 saepiusve
3440 1080 3597 1134 repe-

2017 1156 2272 1211 titasnon
2314 1158 2470 1224 punit
2497 1158 2735 1226 nuptias.
2756 1155 3029 1229 [Interim]
3068 1167 3247 1211 tamen
3273 1157 3598 1227 parentibus

2017 1249 2113 1319 qui
2143 1248 2529 1318 superstitibus
2562 1263 2626 1303 ex
2652 1250 2835 1318 priore
2877 1250 3116 1319 conjuge
3164 1250 3351 1304 liberis
3379 1240 3599 1318 nuptias

2019 1345 2219 1403 terant,
2270 1338 2549 1393 lucrorum
2589 1338 2941 1393 amissionem
2993 1339 3218 1393 inducit.
3282 1338 3355 1393 De
3386 1340 3590 1405 quibus

2022 1432 2128 1485 late
2157 1439 2353 1485 tractat
2381 1430 2531 1495 tit.9,
2564 1429 2657 1484 lib.
2685 1430 2739 1489 5.
2773 1428 2929 1495 Cod.,
2964 1442 3017 1485 et
3037 1431 3255 1486 Novella
3278 1431 3345 1487 de
3375 1434 3602 1501 nuptiis.

2022 1524 2102 1577 Ad
2144 1524 2256 1577 haec
2274 1538 2402 1577 vero
2431 1523 2627 1578 mulier
2657 1530 2882 1593 pr0pter
2911 1524 3345 1579 commistionem
3374 1526 3602 1593 sangui-

2025 1616 2133 1680 nis,
2196 1631 2401 1669 annum
2465 1616 2751 1687 lugubrem
2782 1624 3099 1685 exspectare
3151 1617 3365 1684 cogitur
3406 1636 3419 1669 :
3459 1618 3602 1684 quod

328 1725 431 1795 τὴν
484 1724 746 1794 σύγχυσιν
796 1721 895 1792 τῆς
924 1719 1121 1789 γονῆς’
1163 1718 1303 1787 ὅπερ
1331 1715 1425 1768 ἐπὶ
1462 1714 1557 1765 τοῦ
1599 1710 1794 1780 ἀνδρὸς
1821 1710 1954 1787 οὐκ.

2037 1724 2078 1760 lll
2102 1707 2236 1761 viris
2262 1709 2441 1762 locum
2474 1724 2581 1763 non
2612 1709 2796 1763 habet.
2822 1707 2955 1775 Qua:
2984 1708 3169 1778 itaque
3214 1719 3335 1778 post
3370 1718 3604 1763 mortem

329 1814 770 1887 ἕστιάΓαμοῦσα
799 1813 981 1866 τοίνυν
1006 1809 1110 1883 πρὸ
1143 1827 1206 1863 συ
1218 1804 1597 1879 μπληρώσεως
1620 1802 1715 1856 τοῦ
1742 1802 1922 1853 ένιαυ-
1950 1834 1954 1839 -

2037 1796 2126 1850 viri
2157 1805 2284 1850 ante
2310 1796 2643 1865 completum
2695 1811 2896 1850 annum
2948 1795 3127 1862 nubit,
3163 1797 3383 1853 infamis
3432 1799 3610 1852 reddi-

330 1910 432 1965 τοῦ
474 1909 614 1979 μετὰ
651 1900 883 1962 θάνατον
912 1902 1007 1958 τοῦ
1037 1901 1251 1975 ἀνδρὸς,
1274 1898 1591 1969 ἀτιμοῦται,
1622 1896 1715 1949 καὶ
1738 1893 1799 1945 οὐ
1828 1891 1920 1946 δύ-

2037 1899 2117 1943 Lur
2146 1906 2158 1942 :
2193 1889 2369 1958 deque
2390 1890 2628 1959 amplius
2663 1890 2860 1944 triente
2890 1889 3211 1944 substantia:
3230 1903 3341 1943 suae
3365 1890 3609 1944 secundo

332 2019 495 2056 ναται
526 1998 688 2053 πλέον
712 1994 805 2050 τοῦ
837 1995 1022 2066 τρίτου
1048 1993 1151 2061 τῆς
1175 1990 1360 2051 οὐσίας
1393 1988 1563 2057 αὐτῆς
1594 1985 1799 2041 διδόναι
1842 1981 1920 2052 τῷ

2037 1979 2225 2033 marito
2242 1980 2619 2044 donare,autin
2638 1990 2960 2035 testamento
2971 1982 3273 2048 relinquere
3288 1994 3394 2032 non
3410 1986 3608 2048 potest.

332 2092 574 2164 δευτέρῳ
604 2090 778 2161 ἀνδρὶ,
823 2088 857 2158 ἦ
887 2089 946 2141 ἐν
969 2084 1203 2155 διαθήκῃ
1246 2081 1571 2136 καταλιπεῖν
1592 2095 1606 2109 ·
1648 2079 1742 2132 καὶ
1780 2076 1920 2145 αὐτὴ

2037 2069 2170 2135 Quin
2198 2070 2316 2139 ipsa
2336 2069 2501 2124 etiam
2531 2083 2597 2122 ex
2633 2067 2971 2133 haereditate,
3003 2069 3314 2139 autlegato,
3349 2078 3444 2124 aut
3466 2084 3613 2124 mor-

334 2185 494 2239 οὐδὲν
534 2183 646 2247 ἔξει
692 2179 800 2234 ἀπὸ
851 2174 1220 2248 κληρονομίας
1264 2173 1298 2243 ἢ
1338 2171 1599 2242 ληγάτου,
1644 2168 1678 2239 ἢ
1732 2169 1917 2221 mortis

337 2291 507 2330 causa
531 2273 739 2344 δωρεᾶς
761 2285 775 2300 ⁸
817 2268 954 2324 ἀλλά
984 2267 1160 2322 ταῦτα
1186 2264 1560 2335 λαμϐάνουσιν
1583 2262 1635 2314 οἱ
1666 2259 1926 2330 κληρονό-

342 2385 438 2437 μοι
471 2363 567 2419 τοῦ
612 2360 1042 2424 καταλιπόντος
1082 2357 1181 2412 καὶ
1213 2357 1267 2410 εί
1304 2373 1358 2409 τι
1391 2353 1686 2408 κατέλιπεν
1724 2352 1863 2420 αὐτῇ
1899 2352 1927 2403 ὀ

342 2458 561 2531 πρῶτος
609 2456 773 2527 ἀνὴρ,
825 2451 1168 2524 λαμσάνουσι
1226 2448 1371 2503 κατά
1420 2446 1630 2518 βαθμὸν
1676 2445 1748 2498 τά
1794 2442 1929 2496 δέκα

343 2552 639 2623 πρόσωπα,
690 2548 933 2608 ἀνιόντες
976 2545 1073 2597 καὶ
1120 2538 1404 2601 κατιόντες
1434 2537 1530 2591 καὶ
1574 2537 1638 2589 ὲκ
1670 2535 1927 2602 πλαγίου,

346 2644 509 2715 μέχρι
537 2640 794 2711 δευτέρου
818 2634 1051 2708 βαθμοῦ·
1074 2633 1135 2700 ἐξ
1160 2630 1442 2686 ἀδιαθέτου
1467 2628 1795 2701 κληρονομεί
1821 2624 1930 2677 τῶν

348 2733 629 2805 συγγενῶν
657 2731 830 2801 αὐτῆς
853 2728 1016 2799 μέχρι
1041 2726 1207 2797 μόνου
1230 2722 1417 2795 τρίτου
1444 2718 1677 2792 βαθμοῦ,
1705 2719 1801 2773 καὶ
1828 2717 1930 2771 πά-

346 2844 450 2898 σης
473 2823 630 2890 ἀξίας
660 2824 954 2894 στερείται,
984 2818 1081 2873 καὶ
1104 2816 1212 2870 τῶν
1239 2814 1347 2869 ἀπὸ
1370 2812 1465 2867 τοῦ
1491 2811 1710 2886 πρώτου
1738 2809 1932 2880 ἀνδρὸς

350 2921 432 2983 είς
459 2916 629 2987 αὐτὴν
667 2913 933 2968 ἐλθόντων
965 2909 1238 2982 προφάσει
1281 2920 1531 2976 sponson,
1560 2903 1594 2974 ἢ
1628 2900 1771 2955 κατὰ
1811 2899 1933 2971 βού-

349 3012 508 3082 λησιν
535 3008 631 3062 τοῦ
680 3004 1136 3075 τελευτήσαντοςο
1183 2998 1411 3070 μηδενὸς
1462 2995 1575 3050 τῶν
1628 2993 1934 3064 εἰρημένων

350 3101 485 3156 δέκα
508 3097 821 3169 προσώπων
841 3091 1256 3165 εὑρισκομένου,
1287 3089 1441 3160 χώρα
1469 3087 1546 3157 τῷ
1570 3086 1779 3157 φίσκῳ·
1811 3083 1936 3136 οὒτε

351 3190 454 3261 τῆς
486 3188 623 3260 πρὸς
647 3187 831 3257 γάμου
864 3185 1075 3255 δωρεᾶς
1103 3180 1393 3235 ἀπολαύει.
1424 3178 1489 3232 Et
1514 3178 1571 3231 δὲ
1609 3179 1707 3232 καὶ
1736 3176 1938 3259 κληρο-

352 3254 796 3354 νόμος-ἐγράφη,
835 3278 885 3331 εἰ
916 3254 1015 3348 μὲν
1046 3272 1270 3347 μερικὴ,
1311 3271 1371 3325 τὸ
1402 3272 1567 3341 μέρος
1595 3267 1765 3338 αὐτῆς
1792 3254 1943 3340 παρὰ

352 3378 470 3441 τοῖς
502 3371 978 3444 συγκληρονόμοις
1010 3368 1163 3439 μένει
1184 3383 1198 3397 ο
1240 3367 1291 3419 εί
1316 3364 1372 3417 δὲ
1410 3363 1546 3434 μόνη
1574 3361 1791 3432 ἐγράφη
1812 3401 1825 3426 ,
1859 3361 1941 3423 είς

354 3467 482 3531 τοὺς
536 3464 599 3530 ἐξ
642 3460 928 3518 ἀδιαθέτου
971 3461 999 3512 ό
1045 3456 1250 3528 κλῆρος
1280 3453 1535 3525 ἔρχεται⁸
1569 3451 1603 3521 ἡ
1640 3451 1698 3503 δὲ
1746 3449 1942 3518 ἀτιμία

354 3557 565 3624 λύεται,
602 3555 843 3626 δεήσεως
875 3550 1007 3621 παρ’
1042 3548 1214 3618 αὐτῆς
1239 3546 1319 3617 τῷ
1351 3543 1561 3616 βασιλεῖ
1589 3539 1945 3611 προσαγομέ-

356 3669 477 3724 νης,
508 3651 606 3705 καὶ
640 3644 1098 3718 φιλοτιμουμένου
1130 3641 1321 3695 τοῦτο·
1364 3637 1573 3692 παίδων
1610 3635 1670 3689 δὲ
1710 3635 1848 3705 αὐτῇ
1880 3634 1945 3685 ὲκ

358 3740 455 3796 τοῦ
502 3739 771 3812 προτέρου
812 3732 1155 3789 συνοικεσίου
1192 3730 1460 3796 ὑπόντων,
1498 3728 1599 3779 οὑκ
1630 3725 1806 3788 ἄλλως
1842 3724 1945 3793 τῆς

358 3832 619 3903 τοιαύτης
648 3829 900 3897 τεύξεται
926 3822 1261 3896 φιλοτιμίας,
1285 3822 1382 3875 καὶ
1408 3819 1519 3875 τῶν
1547 3817 1724 3872 ἄλλων
1744 3815 1946 3870 ποινῶν

360 3925 458 3979 καὶ
500 3922 604 3994 τῆς
639 3919 871 3990 ἀτιμίας
910 3915 1392 3985 ἀπαλλαγήσεται,
1439 3913 1490 3965 εί
1531 3909 1608 3981 μὴ
1637 3908 1739 3980 τῆς
1779 3906 1946 3978 οὔσης

2034 2162 2103 2215 tis
2137 2175 2304 2215 causa
2332 2159 2627 2215 donatione
2662 2158 2739 2212 nil
2769 2160 3127 2228 consequitur
3158 2177 3171 2213 :
3202 2160 3295 2214 sed
3346 2160 3460 2215 haec
3490 2160 3614 2229 ejus

2033 2251 2125 2320 qui
2156 2250 2374 2320 reliquit
2418 2249 2659 2304 baeredes
2681 2248 2927 2318 capiunt.
2980 2247 3046 2304 Et
3078 2250 3123 2304 si
3152 2250 3283 2320 quid
3313 2250 3415 2319 ipsi
3466 2251 3615 2320 prior

2036 2341 2267 2397 maritus
2310 2340 2625 2420 reliquerit,
2660 2341 2883 2410 capiunt
2909 2338 3088 2412 [illud]
3124 2341 3391 2411 gradatim
3423 2342 3611 2420 decem

2035 2414 2320 2502 persona},-
2360 2432 2465 2487 hoc
2518 2442 2603 2486 est
2634 2431 2990 2487 ascendentes
3019 2444 3073 2486 ct
3093 2433 3511 2499 descendentes;
3558 2414 3617 2487 et

2034 2539 2101 2578 ex
2136 2533 2445 2578 transverso
2473 2538 2645 2593 usque
2674 2522 2741 2577 ad
2775 2525 3075 2577 secundum
3108 2526 3361 2594 gradum.
3392 2523 3476 2579 Ab
3529 2524 3616 2578 in-

2035 2624 2237 2672 testato
2285 2630 2414 2670 vero
2458 2614 2705 2685 cognatis
2753 2613 2928 2685 ipsius
2988 2614 3054 2669 ad
3094 2616 3310 2669 tertium
3357 2615 3621 2668 duntaxat

2040 2725 2216 2780 usque
2241 2707 2471 2780 gradum
2504 2706 2770 2763 succedit.
2820 2704 3109 2778 [Denique]
3145 2706 3306 2759 etiam
3332 2706 3482 2759 omni
3536 2706 3621 2759 di-

2037 2801 2263 2872 gnitate,
2304 2812 2533 2867 quaeque
2589 2812 2622 2850 a
2661 2796 2844 2872 priore
2893 2795 3090 2848 marito
3157 2792 3290 2866 [vel]
3329 2794 3622 2849 occasione

2042 2892 2386 2963 sponsalium
2440 2869 2754 2955 munerum;
2804 2889 2886 2943 vel
2917 2885 3137 2959 [ipsius]
3185 2887 3472 2941 morientis
3524 2902 3623 2941 vo-

2048 2985 2259 3039 luntate
2280 2983 2345 3036 ad
2367 2982 2516 3035 illam
2549 2978 2917 3051 pervenerint,
2947 2979 3212 3048 privatur.
3240 2976 3393 3042 Quod
3424 2979 3468 3031 si
3498 2976 3623 3030 nul-

2044 3077 2127 3131 Ius
2152 3075 2424 3129 dictarum
2453 3073 2640 3127 decem
2685 3084 3045 3141 personarum
3080 3069 3413 3132 inveniatur,
3465 3068 3625 3123 locus

2047 3166 2153 3239 [lit]
2194 3166 2346 3222 ﬁsco.
2374 3162 2562 3235 Neque
2596 3162 2773 3235 [vero]
2802 3162 3097 3217 donatione
3128 3170 3349 3231 propter
3401 3161 3627 3231 nuptias

2044 3257 2465 3325 iruitur.Atque
2495 3254 2542 3309 si
2573 3254 2748 3307 haeres
2779 3253 2946 3307 etiam
2976 3252 3180 3319 scripta
3210 3248 3400 3317 fuerit,
3426 3251 3470 3305 si
3498 3248 3629 3319 qui-

2048 3351 2172 3405 dem
2204 3358 2465 3418 exparte,
2498 3346 2620 3416 ejus
2667 3345 2846 3414 portio
2886 3342 3028 3413 apud
3062 3343 3373 3397 coliteredes
3403 3349 3629 3396 manet:

2049 3444 2136 3499 sin
2162 3456 2229 3497 ex
2258 3454 2405 3506 asse,
2430 3439 2497 3493 ad
2534 3434 2931 3509 [successores]
2959 3435 3027 3489 ab
3057 3434 3315 3490 intestato
3343 3434 3632 3489 haereditas

2048 3530 2193 3586 abit.
2215 3528 2486 3583 Caaterum
2518 3525 2744 3580 infamia
2770 3523 3040 3587 aboletur,
3070 3522 3114 3576 si
3161 3522 3275 3590 ipsa
3315 3518 3633 3590 imperatori

2052 3638 2244 3697 preces
2267 3622 2485 3686 oﬂ‘erat,
2545 3620 2747 3688 illeque
2800 3616 2946 3671 istud
2981 3616 3267 3685 largiatur.
3327 3615 3397 3667 At
3426 3614 3468 3668 si
3530 3612 3633 3681 ipsi

2053 3720 2212 3777 liberi
2236 3735 2303 3775 ex
2330 3718 2514 3789 priore
2546 3713 2899 3771 matrimonio
2920 3712 3222 3782 supersint,
3245 3724 3353 3765 non
3386 3710 3543 3763 aliter
3572 3722 3636 3761 ea

2054 3810 2390 3879 benignitate
2450 3806 2710 3877 potietur,
2764 3818 2863 3857 nec
2915 3802 3038 3856 aliis
3068 3801 3244 3873 poenis
3276 3809 3371 3854 aut
3410 3796 3636 3852 infamia

2054 3901 2397 3967 liberabitur,
2460 3914 2623 3968 quam
2686 3898 2732 3951 si
2782 3896 3068 3951 semissem
3126 3892 3451 3948 substantiae
3501 3904 3635 3951 suae,

2056 4011 2184 4050 nam
2223 4009 2350 4049 cum
2395 3991 2618 4061 nuptias
2660 3990 2881 4042 iteraret
2914 3986 3125 4052 habuit,
3172 3982 3272 4056 [et]
3318 3981 3638 4037 ususfructtt

2004 4142 2009 4149 ,
2055 4095 2109 4142 et
2138 4083 2367 4139 dominii
2401 4079 2568 4154 [jure]
2595 4078 2703 4133 illis
2735 4079 2899 4132 donet
2926 4094 2940 4130 :
2976 4074 3143 4148 [‘14
3173 4072 3635 4144 quemadmodum

364 4015 506 4088 αὐτῇ
533 4010 723 4076 οὐσίας
750 4013 809 4065 ὲν
849 4008 930 4081 τῷ
958 4006 1403 4078 δευτερογαμεῖν,
1429 4004 1544 4067 τοῖς
1569 3999 1733 4054 παισὶ
1768 3999 1950 4072 δωρή-

369 4122 525 4160 σεται
554 4104 698 4159 κατά
739 4100 940 4174 χρῆσιν
974 4099 1073 4153 καὶ
1118 4098 1458 4161 δεσποτείαν,
1491 4093 1567 4157 ὡς
1606 4091 1750 4163 βιϐλ.
1782 4097 1825 4143 ε’
1850 4090 1947 4145 τοῦ

370 4197 526 4264 κώδ.,
550 4197 658 4251 τίτ.
702 4191 769 4258 θ’,
802 4192 940 4246 διάτ.
978 4188 1025 4244 α’
1054 4189 1150 4244 καὶ
1183 4186 1248 4259 β’,
1294 4186 1391 4243 καὶ
1415 4186 1474 4240 ὲν
1502 4188 1569 4257 τῇ
1602 4186 1729 4256 περὶ
1756 4184 1951 4255 γάμων

366 4253 768 4361 ΝεαρᾷοἜστι
793 4286 851 4340 δὲ
892 4285 989 4338 καὶ
1037 4253 1336 4345 ἀκινδύνως
1369 4278 1467 4333 καὶ
1797 4253 1953 4339 ἐντὸς

2057 4264 2336 4339 traditur.]
2369 4265 2641 4320 Interdum
2676 4270 2855 4315 tamen
2892 4259 3035 4314 citra
3063 4256 3365 4325 periculurn
3388 4261 3443 4308 et
3482 4253 3637 4306 dam-

364 4343 762 4450 τοῦιπενθίμου
801 4378 997 4449 χρόνου
1038 4376 1261 4446 γαμεῖν,
1302 4343 1583 4426 τουτέστιν
1607 4343 1724 4424 ’ἀπὸ
1756 4369 1949 4423 κελεύ-

2054 4378 2187 4419 num
2231 4361 2372 4415 intra
2411 4371 2615 4412 annum
2664 4353 2951 4424 lugubrem
2983 4349 3197 4405 'nubit:
3254 4362 3321 4402 ex
3375 4343 3637 4415 principis

368 4436 539 4537 σεως’
573 4436 673 4525 καὶ,
707 4436 897 4525 ὅτειὶέν
924 4467 1003 4539 τῷ
1032 4436 1283 4536 πεύθίμιρ
1309 4465 1487 4535 χρόνῳ
1512 4462 1668 4534 τέκῃ,
1697 4462 1773 4526 ὡς
1806 4461 1947 4533 βιϐλ.

2056 4450 2515 4521 videlicetjussu,
2549 4445 2842 4517 etquando
2876 4444 2927 4497 in
2956 4440 3172 4513 lugubri
3208 4454 3355 4495 anno
3392 4436 3636 4508 peperit:
3698 4514 3705 4519 _

369 4526 555 4633 γἐ
598 4564 768 4627 διατ.,
813 4560 920 4615 τίτ.
953 4526 1022 4629 f3",
1055 4526 1278 4623 διάτίιί
1304 4526 1406 4609 id."
1434 4526 1563 4625 περὶ
1684 4526 1954 4623 ἀθεμίτων

2060 4553 2120 4600 ut
2151 4543 2247 4598 lib.
2278 4543 2330 4596 5.
2366 4541 2511 4610 Dig.,
2539 4538 2621 4592 tit.
2677 4537 2731 4602 2,
2762 4536 2959 4605 digest.
2999 4531 3084 4597 10,
3130 4530 3173 4585 Il
3214 4526 3512 4602 [docetur.]
3567 4526 3641 4579 De

369 4619 468 4708 καὶ
502 4619 899 4723 κεκωλυμένων
950 4619 1168 4720 γάμων,
1221 4619 1582 4717 διαλαμϐάνει
1625 4647 1654 4698 ό
1699 4642 1741 4697 ε’
1772 4619 1868 4698 καὶ
1907 4647 1954 4707 ς¹

2059 4635 2266 4692 illicitis
2301 4647 2468 4704 porro
2497 4639 2554 4685 et
2606 4628 2913 4683 interdictis
2936 4626 3143 4696 nuptiis
3184 4630 3421 4680 tractant
3460 4621 3547 4675 tit.
3584 4619 3638 4684 5,

370 4749 469 4801 καὶ
504 4746 532 4797 ὁ
558 4744 601 4810 ζ’
632 4713 739 4799 τίτί
772 4744 865 4798 τοῦ
898 4740 938 4796 ε’
961 4713 1101 4812 βιύλ.
1122 4713 1218 4794 τοῦ
1237 4713 1400 4807 κώδη-
1424 4738 1517 4793 καὶ
1545 4736 1688 4808 βιὸλ.
1722 4734 1831 4807 κγ’,
1853 4737 1954 4791 τίτ.

2060 4730 2114 4795 6,
2147 4728 2200 4794 7,
2234 4727 2328 4781 lib.
2373 4724 2412 4779 V
2440 4724 2600 4790 Cod.,
2645 4732 2701 4778 et
2728 4720 2821 4776 lib.
2862 4720 2956 4786 25,
2995 4716 3153 4782 tit.2,
3181 4718 3377 4789 digest.
3425 4714 3518 4780 58,
3548 4713 3639 4776 5t,

2055 4178 2151 4233 lib.
2172 4178 2225 4232 5.
2245 4174 2380 4231 Cod.
2415 4174 2497 4226 tit.
2520 4172 2574 4238 9,
2603 4170 2827 4226 const.i
2861 4176 2915 4223 et
2935 4168 2991 4232 2,
3023 4176 3077 4222 et
3096 4167 3308 4220 novella
3334 4165 3400 4219 de
3430 4162 3636 4231 nuptiis
3736 4210 3748 4219 ,

372 4838 441 4911 β’,
471 4839 614 4895 διάη.
643 4834 746 4909 λη’,
777 4833 879 4904 να’,
909 4831 1005 4901 ve’,
1036 4832 1133 4899 ξςν.

447 4932 697 4987 ΚΕΦιιΛ.
740 4931 815 4984 Γν.
846 4958 917 4973 --
944 4928 1088 4996 Περὶ
1120 4926 1243 4981 τῶν
1290 4921 1693 4981 ὑπωοουσῶν
1732 4922 1958 4977 ἀποθαο

2082 4823 2151 4873 ἱ5.
2186 4820 2276 4873 67.

2082 4824 2090 4835 ,
2224 4821 2276 4873 7.
3588 4822 3591 4826 Α

2059 4821 2287 4971 ὃὸίίξΡ.
2324 4912 2414 4969 IlI.
2453 4944 2523 4953 --
2551 4913 2629 4965 ι)ε
2658 4908 2867 4980 feminis
2887 4949 2903 4975 ,
2934 4921 3052 4977 qua:
3080 4906 3219 4960 viros
3247 4918 3370 4958 suos
3408 4901 3645 4957 absentes

374 5024 506 5082 νεῖν
534 5024 676 5091 τοὺς
716 5021 943 5091 ἄνδρας
970 5018 1170 5075 αὐτῶν
1191 5013 1822 5087 ἀπολιμπανομένους,
1862 5012 1954 5067 καί

2064 5007 2254 5062 abiisse
2278 5014 2521 5076 putantes
2549 5003 2772 5056 nubunt.

376 5116 721 5190 ταμουσῶν.

523 5209 795 5265 Συνόδου
822 5204 1239 5276 οὶκουμεννικῆς
1267 5203 1448 5270 ἕκτης
1476 5198 1677 5255 κανὼν
1708 5195 1815 5267 ἥγ’.

454 5302 564 5373 ια’.
619 5304 686 5356 Ἦ
725 5302 1176 5371 ἀναχωρήσαντος
1212 5297 1307 5349 τοῦ
1357 5295 1551 5366 ἀνδρὸς
1574 5294 1671 5347 καὶ
1722 5290 1963 5361 ἀφανοῦς

384 5395 559 5460 ὄντος,
591 5392 697 5465 πρὸ
732 5390 827 5444 τοῦ
874 5390 1163 5461 πεισθῆναι
1210 5388 1341 5458 περὶ
1373 5386 1467 5439 τοῦ
1510 5383 1739 5439 θανάτου
1767 5383 1961 5447 αὑτοῦ,

388 5490 561 5560 ἑτέρῳ
587 5484 912 5542 συνθικοῦσα
950 5484 1237 5555 μοιχᾶται*
1275 5479 1538 5543 ὡσαύτως
1574 5480 1667 5531 καὶ
1699 5472 1966 5546 στρατιώ-

2348 5191 2574 5247 Concilii
2621 5186 2928 5243 azcumenici
2967 5200 3018 5237 vt
3062 5199 3230 5237 canon
3273 5180 3366 5236 95.

2142 5286 2232 5342 95.
2276 5283 2427 5340 Πτοι-
2452 5287 2493 5322 ¹⁰
2525 5282 2626 5336 viri
2659 5281 2751 5350 qui
2786 5277 3014 5335 secessit
3040 5288 3092 5331 et
3124 5291 3233 5329 non
3277 5280 3519 5343 apparet,
3552 5286 3650 5323 az!-

2070 5388 2291 5448 tequam
2321 5376 2387 5429 de
2418 5375 2536 5443 ejus
2565 5383 2739 5427 morte
2764 5371 2967 5425 certior
2999 5369 3139 5423 facta
3171 5368 3261 5430 sit,
3299 5365 3456 5418 alteri
3487 5362 3654 5416 colin-

2075 5472 2254 5525 bitans
2304 5468 2665 5522 adulteratur.
2712 5465 2980 5520 Similiter
3029 5474 3085 5518 et
3145 5460 3378 5514 militum
3432 5469 3651 5515 uxores,

385 5584 527 5648 τιδες
559 5582 616 5636 αἱ
655 5581 762 5636 τῶν
790 5576 1003 5649 ἀνδρῶν
1035 5573 1260 5645 ἀφανῶν
1294 5573 1463 5625 ὄντων
1502 5570 1859 5641 γαμηθεῖσαι,
1889 5566 1954 5635 sq

2074 5580 2196 5633 qua:
2228 5578 2335 5617 non
2366 5558 2752 5631 apparentibus
2784 5557 2994 5613 maritis
3030 5561 3363 5624 nupsu'unt,
3403 5548 3457 5602 in
3500 5560 3655 5600 eain-

463 5765 505 5797 ¹⁰
544 5759 623 5816 Ex
650 5757 818 5815 Basil.
851 5772 975 5812 can.
1005 5755 1093 5822 51,
1130 5752 1218 5819 36,
1254 5752 1335 5807 46.
