4156 6436
562 319 672 383 903

1739 306 2005 368 PHOTII
2044 307 2553 368 PATIUARCIME
2589 308 2699 370 ΟΡ.

3733 308 3859 371 ⁸504

562 430 689 484 dem
741 424 1019 480 rationem
1073 421 1362 488 incidunt;
1411 417 1875 491 quemadmodum
1936 425 1992 471 et
2041 432 2151 487 qua

2267 417 2417 489 αὑτῴ
2453 418 2771 472 ὑπόκεινται
2796 419 2960 492 λόγῳ,
2995 414 3150 492 ᾧπερ
3183 419 3277 474 καὶ
3311 421 3367 474 αι
3397 420 3486 476 διά
3514 420 3614 491 τὴν
3642 423 3859 488 ἀποδτι-

565 525 787 587 propter
827 512 1012 568 mariti
1056 510 1574 582 peregrinationem,
1628 508 1862 562 reditum
1910 522 2019 559 non
2066 522 2164 559 ex-

562 614 834 677 spectant.
883 604 990 659 Sed
1033 618 1123 657 res
1173 603 1262 655 hic
1288 599 1508 670 quidem
1556 599 1798 668 aliquam
1820 597 2034 652 veniam
2069 596 2166 650 ha-

566 699 675 763 bet,
714 697 859 768 qnod
892 695 964 751 sit
991 693 1169 763 major
1198 692 1317 762 ejus
1347 692 1539 746 mortis
1558 689 1826 760 suspicio.
1854 687 1931 743 Ea
1958 699 2162 755 autem,

561 805 686 861 quae
740 790 817 844 illi
868 787 962 858 qui
1016 787 1084 840 ad
1143 795 1356 855 tempus
1400 791 1519 838 erat
1572 783 1641 837 ab
1688 796 1860 837 uxore
1915 781 2161 845 relictus,

562 883 749 954 nupsit
792 898 890 953 per
920 880 1286 953 ignorantiam
1316 919 1332 944 ,
1380 877 1579 932 deinde
1618 876 1846 931 dimissa
1891 884 1977 930 est
2016 876 2161 945 quod

563 978 711 1046 prior
743 974 812 1029 ad
850 976 1023 1043 ipsum
1053 970 1304 1035 redierit,
1342 978 1427 1024 est
1458 967 1682 1040 quidem
1724 966 2025 1032 fornicata,
2066 967 2161 1022 sed

561 1084 657 1137 per
691 1067 1103 1139 ignorantiam;
1153 1078 1185 1117 a
1227 1061 1583 1116 matrimonio
1630 1074 1762 1129 ergo
1802 1074 1911 1114 non
1952 1059 2164 1114 arcebi-

560 1168 669 1223 tur,
706 1157 909 1212 rectius
941 1165 1147 1222 autem,
1191 1155 1238 1209 si
1269 1154 1353 1209 sic
1384 1152 1674 1208 manserit.
1720 1150 1815 1205 Sin
1842 1160 2025 1205 autem
2049 1153 2158 1204 mi-

558 1253 637 1304 les
682 1249 964 1319 aliquanto
1018 1256 1142 1318 post
1202 1255 1447 1315 tempore
1505 1244 1751 1308 redierit,
1808 1244 1967 1313 cujus
2021 1258 2159 1297 uxor

557 1351 781 1411 pr0pter
808 1342 1027 1412 longam
1060 1339 1207 1393 illius
1235 1336 1544 1392 absentiam
1578 1335 1735 1391 alteri
1768 1334 1887 1389 viro
1923 1336 2157 1405 conjun-

555 1445 643 1485 cta
672 1440 776 1495 est,
839 1431 884 1485 is
912 1431 958 1485 si
992 1430 1143 1492 velit,
1179 1427 1456 1499 propriam
1504 1441 1731 1480 uxorem
1770 1425 2020 1495 recipiat,
2052 1424 2156 1495 ipsi

557 1526 715 1577 venia
750 1533 970 1593 propter
1011 1520 1380 1593 ignorantiam
1408 1519 1557 1584 data,
1593 1517 1757 1589 eique
1789 1517 1882 1588 qui
1915 1517 2062 1571 illam
2098 1518 2153 1572 in

554 1616 812 1671 secundis
839 1614 1046 1683 nuptiis
1079 1614 1303 1667 domum
1338 1611 1517 1666 duxit.

854 1705 1020 1778 415
1060 1704 1255 1759 Basilii
1280 1719 1509 1757 canones
1534 1703 1624 1769 5i,
1656 1700 1745 1765 56,
1770 1699 1863 1755 46.

2266 510 2398 578 μίαν
2431 511 2524 564 τοῦ
2552 512 2743 584 ἀνδρὸς
2770 516 2845 583 μὴ
2875 513 3240 583 ἀναμείνασαι
3268 513 3367 583 τὴν
3396 514 3676 568 ἐπάνοδον·
3707 515 3862 584 πλὴν

2264 602 2377 671 ἔχει
2422 602 2546 655 τινὰ
2590 602 2921 674 συγγνώμην
2963 603 3024 655 τὸ
3075 604 3311 674 πρᾶγμα
3361 603 3619 667 ἐνταῦθα,
3668 603 3760 657 διὰ
3786 604 3859 656 τὸ

2266 693 2468 764 μᾶλλον
2510 695 2649 767 πρὸς
2692 695 2920 751 θάνατον
2956 690 3098 750 εἶναι
3132 695 3229 766 τὴν
3274 696 3531 750 ὑπόνοιαν
3552 713 3566 729 ·
3613 698 3647 766 ἡ
3682 696 3739 750 δὲ
3766 696 3858 766 τῷ

2262 787 2673 856 καταλειφθέντι
2706 787 2845 858 πρὸς
2875 788 3065 859 καιρὸν
3098 788 3247 857 παρά
3270 790 3369 858 τῆς
3403 787 3667 855 γυναικὸς
3699 791 3854 842 κατά

2261 877 2485 946 ἄγνοιαν
2512 884 2833 951 γημαμένη,
2859 876 2978 934 εἶτα
3001 881 3288 951 ἀφεθεῖσα,
3324 882 3413 935 διά
3440 881 3501 934 τὸ
3530 881 3855 936 ἐπανελθεῖν

2261 973 2398 1044 πρὸς
2428 974 2591 1026 αὐτὸν
2619 974 2715 1043 τὴν
2747 975 3043 1046 προτέραν,
3078 975 3382 1045 ὲπόρνευσε
3412 974 3529 1044 μὲν,
3558 976 3617 1027 ὲν
3649 974 3854 1046 ἀγνοίᾳ

2259 1062 2351 1127 δὲ,
2402 1064 2584 1133 γάμου
2632 1064 2762 1133 γοῦν
2809 1066 2911 1119 οὐκ
2957 1066 3339 1137 εἰρχθήσεταιο
3393 1065 3615 1119 κάλλιον
3650 1065 3708 1119 δὲ
3747 1067 3853 1120 ὲάν

2262 1155 2421 1225 μείνῃ
2455 1153 2645 1218 οὕτως.
2671 1156 2734 1209 El
2762 1157 2818 1210 δέ
2844 1172 2905 1225 γε
2930 1157 2958 1209 ό
2986 1158 3323 1227 στρατιώτης
3353 1157 3637 1211 ἐπανέλθοι
3657 1158 3843 1228 χρόνῳ

2258 1247 2413 1313 ποτὲ,
2448 1242 2509 1302 οὑ
2550 1250 2583 1317 ἡ
2622 1249 2759 1319 γυνὴ
2791 1248 2880 1302 διὰ
2905 1249 3003 1321 τὴν
3032 1250 3124 1302 ἐπὶ
3152 1250 3285 1304 πολὺ
3311 1249 3523 1303 ἐκείνου
3558 1250 3850 1320 ἀπόλειψιν

2258 1339 2431 1410 ἑτέρῳ
2458 1339 2709 1411 συνήφθη
2750 1342 2925 1413 ἀνδρὶ,
2958 1335 3114 1406 οὗτος
3151 1344 3200 1395 εἰ
3229 1344 3599 1413 προαιρεῖται,
3628 1342 3729 1413 τὴν
3760 1345 3848 1395 ol-

2257 1432 2412 1483 κείαν
2461 1431 2617 1495 αὖθις
2663 1433 2988 1488 ἀπολαὸέτω
3021 1437 3278 1505 γυναῖκα,
3326 1433 3660 1503 συγγνώμης
3698 1433 3844 1505 αὐτῇ

2256 1521 2350 1573 ἐπὶ
2391 1523 2458 1591 τῇ
2490 1522 2685 1593 ἀγνοίᾳ
2720 1522 3027 1596 διδομένης,
3065 1525 3162 1578 καὶ
3194 1524 3273 1595 τῷ
3300 1524 3506 1596 ταύτην
3536 1525 3847 1578 εἰσοικισα-

2259 1612 2405 1683 μένῳ
2431 1614 2575 1667 κατά
2607 1614 2860 1687 δεύτερον
2891 1617 3067 1687 γάμον
3098 1618 3275 1688 ἀνδρί.

2552 1708 2883 1762 Βασιλείου
2912 1709 3112 1764 κανὼν
3140 1708 3244 1775 λα’,
3276 1706 3388 1775 λς’,
3431 1706 3548 1779 μετ’.

623 1800 717 1856 51.
748 1800 918 1869 Cujus
954 1799 1038 1852 vir
1084 1796 1363 1864 discessit,
1414 1810 1517 1851 nec
1551 1806 1857 1865 comparet,
1889 1808 1954 1848 ea
1989 1802 2130 1847 ante-

2324 1794 2429 1852 λα’.
2480 1797 2544 1851 Ἦ
2577 1799 3039 1869 ἀναχωρήσαντος
3086 1768 3552 1869 τοῦ
3598 1797 3841 1867 ἀφανοῦς

551 1906 719 1962 quam
748 1891 816 1946 de
843 1890 965 1960 ejus
1000 1896 1177 1943 morte
1205 1887 1411 1944 certior
1439 1886 1586 1943 facta
1612 1887 1704 1952 sit,
1734 1901 1843 1941 una
1864 1900 1989 1940 cum
2024 1883 2135 1938 alio

553 1982 813 2039 habitans
842 1981 1169 2035 mmchatur.

622 2074 716 2131 56.
755 2072 990 2127 Militum
1026 2084 1249 2134 uxores,
1279 2083 1407 2141 quae
1447 2067 1666 2124 maritis
1698 2067 1817 2124 suis
1850 2082 1959 2123 non
1989 2081 2145 2123 com-

552 2166 898 2238 parentibus,
932 2170 1263 2234 nupserunt,
1296 2161 1495 2217 rationi
1533 2161 1712 2217 eidem
1745 2160 2139 2231 subjiciuntur,

552 2260 641 2315 cui
688 2268 743 2315 et
788 2259 915 2321 illae,
967 2271 1090 2328 quae
1137 2255 1208 2311 ob
1250 2255 1752 2326 peregrinationem
1798 2255 2148 2318 maritorum,

555 2353 791 2408 reditum
852 2365 963 2405 non
1014 2356 1443 2419 exspectavere:
1495 2346 1591 2401 sed
1655 2354 1839 2401 tamen
1892 2361 1981 2401 res
2004 2360 2145 2399 non-

554 2444 762 2499 nullam
808 2442 900 2497 hic
936 2441 1155 2497 veniam
1188 2439 1451 2505 admittit,
1483 2437 1631 2510 quod
1652 2438 1831 2508 major
1857 2437 1930 2494 sit
1960 2438 2152 2494 mortis

552 2533 823 2604 suspicio.

626 2636 716 2691 46.
758 2637 892 2703 Quae
925 2636 1047 2690 viro
1095 2633 1165 2689 ad
1199 2641 1417 2702 tempus
1448 2630 1518 2686 ab
1565 2645 1742 2686 uxore
1764 2629 2031 2686 derelicto
2056 2628 2144 2685 in—

554 2732 734 2785 sciens
766 2729 970 2799 nupsit,
1003 2728 1050 2783 si
1082 2727 1277 2782 deinde
1326 2724 1555 2779 dimissa
1586 2731 1691 2788 est,
1720 2722 1865 2793 quod
1893 2722 2044 2793 prior
2078 2723 2145 2778 ad

559 2822 743 2891 ipsum
776 2835 1002 2875 reversa
1043 2818 1138 2884 sit,
1197 2816 1469 2872 fornicata
1494 2814 1718 2884 quidem
1748 2823 1853 2877 est,
1899 2814 1994 2869 sed
2037 2815 2144 2868 im-

552 2914 817 2984 prudens.
859 2912 902 2965 Α
945 2909 1300 2965 matrimonio
1347 2922 1481 2978 ergo
1528 2921 1637 2961 non
1676 2906 1977 2972 arcebitur,
2040 2907 2136 2963 sed

554 3006 754 3061 melius
791 3012 877 3058 est
900 3002 949 3059 si
976 3004 1059 3059 sic
1088 3009 1434 3073 permaneat.

659 3106 794 3173 Quae
842 3105 909 3160 de
979 3103 1224 3174 repudiis
1252 3102 1475 3157 disserit
1498 3100 1708 3156 novella
1739 3100 1862 3164 H7,
1916 3099 1995 3155 ait
2032 3118 2045 3154 :
2081 3100 2137 3155 Si
2173 3108 2215 3166 C

557 3198 738 3262 miles,
820 3194 1113 3258 scholaris,
1185 3193 1505 3257 foederatus,
1565 3192 1775 3247 aliusve
1830 3190 2149 3265 [quispiam]

557 3287 868 3343 armatnsin
886 3284 1326 3355 expeditionibus
1355 3283 1536 3355 degat,
1599 3292 1955 3353 quotcunque
1986 3284 2149 3338 annis

559 3376 870 3452 [abfuerit,]
938 3378 1114 3447 ipsum
1149 3375 1271 3445 ejus
1328 3391 1467 3431 uxor
1536 3382 1871 3444 exspectato,
1932 3374 2149 3430 tametsi

560 3472 740 3526 nullas
792 3471 862 3524 ab
915 3469 1036 3538 ipso
1085 3466 1297 3522 litteras
1355 3466 1609 3535 accipiat.
1656 3464 1813 3531 Quod
1859 3465 1903 3520 si
1969 3465 2147 3535 ipsum

563 3561 869 3616 decessisse
927 3560 1187 3625 audierit,
1236 3572 1304 3612 ne
1357 3557 1560 3628 [adhuc
1614 3555 1860 3628 quidem]
1914 3558 2146 3625 nubito,

563 3650 671 3704 nisi
722 3649 875 3719 prius
927 3646 1064 3719 [vel]
1118 3662 1213 3716 per
1254 3636 1358 3713 se,’
1379 3647 1465 3701 vel
1526 3661 1621 3717 per
1682 3653 1933 3715 parentes
1965 3661 2142 3711 suos,

558 3742 798 3797 aliumve
867 3741 971 3795 fide
1026 3740 1249 3810 dignum
1323 3740 1595 3809 primores
1643 3747 1700 3793 et
1777 3737 2146 3793 chartularios

562 3833 801 3898 numeri,
850 3832 905 3886 in
933 3846 1044 3901 quo
1103 3830 1215 3903 ille]
1255 3832 1489 3886 militare
1510 3828 1722 3903 [solet],
1788 3839 1842 3885 et
1863 3830 2141 3885 tribunum

558 3924 927 3995 interrOgarit,
964 3938 1032 3977 an
1093 3938 1281 3977 revera
1323 3931 1575 3977 mortuus
1604 3922 1699 3985 sit,
1737 3930 1792 3975 et
1826 3921 1902 3975 illi
1943 3936 2147 3991 propo-

556 4015 680 4072 sitis
730 4013 1098 4070 sacrosanctis
1138 4012 1447 4082 Evangeliis
1499 4013 1677 4082 ipsum
1710 4020 1984 4065 mortuum
2023 4025 2148 4066 esse

556 4107 612 4161 in
698 4107 1065 4161 instrumento
1141 4104 1519 4175 deposuerint.
1576 4100 1702 4173 [Ea]
1771 4111 1961 4156 autem
2023 4111 2151 4157 acta

556 4199 757 4254 mulier
788 4198 988 4268 capito,
1022 4211 1087 4251 ac
1129 4197 1255 4252 dein
1291 4194 1519 4267 [adhuc]
1554 4210 1759 4249 annum
1806 4203 2146 4263 exspectato,

557 4305 787 4360 tumque
818 4285 1107 4363 [denique]
1141 4287 1379 4359 legitime
1425 4286 1637 4341 nubilo.
1672 4283 1729 4339 Si
1777 4300 1908 4339 vero
1952 4297 2148 4340 contra

2252 1886 2428 1953 ὄντος,
2482 1888 2590 1959 πρὸ
2623 1888 2719 1943 τοῦ
2768 1891 3063 1961 πεισθῆναι
3105 1893 3234 1963 περὶ
3276 1891 3371 1945 τοῦ
3401 1890 3633 1946 Θανάτου
3668 1890 3841 1945 αὑτοῦ

2252 1976 2429 2048 ἑτέρῳ
2462 1979 2855 2048 συνοικήσασα,
2885 1982 3165 2051 μοιχᾶται.

2326 2066 2437 2134 λς’.
2481 2070 2877 2141 Στρατιώτιδες
2919 2073 2973 2125 al
3004 2072 3113 2125 τῶν
3155 2071 3367 2143 ἀνδρῶν
3402 2070 3626 2141 ἀφανῶν
3666 2070 3840 2125 όντων

2252 2158 2612 2229 γαμηθεῖσαι,
2637 2159 2716 2231 τῷ
2742 2160 2895 2232 αὑτῷ
2926 2161 3250 2216 ὑπόκεινται
3282 2161 3451 2232 λόγῳ,
3480 2154 3636 2232 ᾧπερ
3662 2160 3757 2214 καὶ
3779 2160 3838 2212 αἱ

2250 2249 2345 2305 διὰ
2372 2248 2472 2322 τὴν
2509 2250 2824 2322 ἀποδημίαν
2859 2250 2967 2305 τῶν
3001 2250 3212 2322 ἀνδρῶν
3244 2251 3319 2323 μὴ
3354 2251 3716 2320 ἀναμείνασαι
3741 2249 3839 2320 τὴν

2253 2340 2516 2395 ἐπάνοδον
2533 2356 2548 2372 ο
2578 2341 2722 2413 πλὴν
2756 2340 2871 2411 ἔχει
2897 2340 3022 2395 τινά
3049 2342 3383 2413 συγγνώμην
3409 2343 3471 2395 τὺ
3490 2343 3723 2413 πρᾶγμα
3749 2342 3841 2394 ὲν·-

2253 2432 2465 2499 ταῦθα,
2514 2434 2604 2488 διά
2629 2433 2691 2487 τὸ
2722 2432 2927 2505 μᾶλλον
2960 2432 3098 2505 πρὸς
3125 2434 3355 2489 θάνατον
3398 2430 3539 2489 εἶναι
3570 2436 3671 2506 τὴν
3700 2435 3837 2489 ὑπό-

2254 2537 2427 2575 νοιαν.

2335 2612 2456 2685 μς’.
2511 2615 2577 2669 Ἠ
2618 2617 2675 2670 δὲ
2719 2617 2800 2689 τῷ
2840 2617 3260 2689 καταλειφθέντι
3297 2616 3436 2689 πρὸς
3468 2616 3659 2690 καιρὸν
3689 2616 3840 2688 παρά

2254 2706 2637 2777 τῆςξγυναικὸς
2664 2710 2805 2764 κατά
2834 2710 3058 2779 ἄγνοιαν
3081 2711 3399 2782 γημαμένη,
3431 2705 3550 2763 εἶτα
3578 2709 3839 2779 ἀφεθεῖσα

2253 2798 2344 2853 διά
2386 2800 2449 2852 τὸ
2481 2801 2798 2856 ἐπανελθεῖν
2839 2803 2978 2875 πρὸς
3012 2804 3175 2859 αὑτὸν
3204 2804 3306 2874 τὴν
3343 2803 3637 2875 προτέραν,
3672 2800 3841 2872 ἐπόρ-

2255 2908 2413 2946 νευσε
2446 2892 2566 2962 μὲν,
2596 2896 2655 2946 ὲν
2678 2895 2868 2964 ἀγνοία
2888 2896 2976 2949 δέ⁹
3006 2897 3189 2966 γάμου
3218 2891 3314 2949 οὖν
3342 2897 3445 2950 οὑκ
3464 2895 3832 2967 είρχθήσεται·

2257 2983 2478 3037 κάλλιον
2506 2985 2564 3038 δὲ
2595 2987 2691 3040 ἑὰν
2723 2989 2882 3060 μείνῃ
2908 2987 3101 3052 οὕτως.

2333 3073 2399 3126 Ἦ
2432 3076 2559 3146 περὶ
2585 3077 2883 3147 ρεπουδίων
2911 3079 3271 3150 διαλεγομένη
3322 3077 3398 3150 ρδ¹
3428 3078 3619 3150 Νεαρά
3648 3075 3833 3149 φησὶν,

2261 3166 2337 3227 ώς
2373 3167 2468 3221 ὲάν
2506 3170 2869 3243 στρατιώτης,
2918 3172 2952 3244 ἢ
2990 3172 3297 3244 σχολάριος,
3346 3174 3379 3244 ἥ
3420 3171 3766 3242 φοιδεράτοςν
3800 3169 3836 3240 ἢ

2255 3253 2432 3321 ἄλλως
2446 3255 2691 3323 ἔνοπλος,
2709 3261 2766 3312 ὲν
2792 3260 3056 3334 ὲξπεδίτῳ
3078 3262 3255 3331 διάγει
3272 3262 3634 3333 ὁσουσδήττοτε
3663 3264 3837 3314 ὲνιαυ-

2262 3346 2412 3412 τοὺς,
2466 3350 2814 3418 περιμενέτω
2851 3351 3018 3406 αὑτὸν
3060 3354 3094 3425 η
3146 3351 3311 3406 αὑτοῦ
3346 3353 3582 3424 γαμετὴ,
3616 3351 3717 3405 κᾶν
3762 3349 3836 3420 μὴ

2258 3437 2566 3507 γράμματα
2616 3439 2649 3509 ἢ
2690 3441 2987 3512 ἀπόκρισιν
3038 3441 3257 3507 ἐδέξατο
3302 3443 3434 3512 παρ’
3464 3441 3662 3496 αὑτοῦο
3698 3442 3747 3493 ει
3780 3440 3837 3493 δὲ

2259 3528 2485 3583 ἀκούσει
2520 3529 2683 3585 αὑτὸν
2714 3533 3063 3603 τελευτῆσαι,
3101 3536 3175 3606 μὴ
3210 3535 3479 3608 γαμείτω,
3512 3535 3560 3587 εί
3594 3533 3669 3604 μὴ
3706 3531 3838 3602 πρό-

2256 3636 2415 3691 τερον
2471 3622 2539 3675 δι’
2594 3622 2819 3695 ἑαυτῆς.
2872 3625 2905 3696 ἢ
2958 3626 3067 3681 τῶν
3096 3627 3301 3697 γονέων
3349 3627 3544 3698 αὐτῆς,
3586 3624 3835 3696 ῆὲτέρου

2258 3711 2577 3778 ἀξιοπίστου
2602 3716 2729 3780 τοὺς
2759 3718 2992 3788 πριόρας
3013 3718 3107 3771 τοῦ
3133 3718 3390 3790 ἀριθμοῦ,
3426 3721 3520 3772 καὶ
3546 3719 3673 3779 τοὺς
3697 3732 3834 3787 χαρ-

2255 3801 2577 3874 τουλαρίους
2605 3805 2663 3858 ὲν
2691 3799 2735 3873 ᾧ
2760 3808 3137 3877 στρατεύεται,
3162 3809 3257 3861 καὶ
3280 3806 3562 3879 τριὸοὗνον
3588 3807 3837 3876 ἐρωτήσῃ

2256 3893 2306 3943 εί
2327 3894 2393 3963 τῇ
2425 3893 2653 3967 ἀληθείᾳ
2678 3897 2999 3970 ἐτελεύτησε
3020 3915 3037 3932 ο
3066 3902 3309 3953 κάκεῖνοι
3334 3899 3444 3953 τῶν
3467 3899 3637 3966 ἀγίων
3660 3896 3836 3963 Εὐαγ-

2256 3982 2455 4050 γελίων
2491 3988 2874 4058 προκειμένων
2905 3991 3250 4046 κατάθωνται
3282 3991 3446 4045 αὑτὸν
3477 3988 3829 4058 τελευτῆσαι·

2257 4074 2351 4127 καὶ
2377 4075 2477 4147 τὴν
2508 4079 2709 4149 πρᾶξιν
2738 4083 2771 4152 ἡ
2802 4083 2941 4153 γυνὴ
2969 4082 3316 4153 λαμϐανέτω,
3352 4083 3445 4135 καὶ
3477 4080 3617 4152 μετά
3640 4079 3702 4132 τὸ
3733 4078 3833 4132 λαο

2244 4165 2373 4222 ιϐεῖν
2405 4171 2615 4240 μενέτω
2649 4175 2920 4242 ἐνιαυτὸν,
2972 4176 3070 4229 καὶ
3102 4177 3223 4229 τότε
3270 4174 3518 4244 νομίμως
3549 4173 3827 4245 γαμείτω·

2243 4260 2305 4315 .εί
2335 4260 2393 4313 δὲ
2429 4264 2581 4334 παρὰ
2615 4264 2824 4335 ταύτην
2852 4266 2950 4336 τὴν
2981 4266 3247 4334 διάστιξιν
3277 4267 3541 4337 γαμήσει,
3573 4266 3667 4318 καὶ
3690 4264 3827 4333 αὑτὴ

554 4384 661 4437 hoc
695 4354 1477 4452 praescriptum-nupserit,et
1529 4377 1667 4445 ipsa,
1720 4383 1776 4429 et
1828 4376 1921 4445 qui
1969 4376 2144 4444 ipsam

2255 4354 2350 4406 καὶ
2386 4355 2611 4409 όλαϐὼν
2648 4358 2837 4428 αὑτὴν,
2866 4360 2943 4421 ώς
2978 4359 3155 4429 μοιχοὶ
3182 4356 3571 4429 τιμωροῦνται.
3604 4358 3668 4409 El
3694 4355 3752 4408 δὲ
3779 4357 3827 4408 οἱ

550 4444 730 4536 duxit,
752 4482 811 4527 ut
837 4444 1096 4538 adulteri,
1121 4444 1445 4539 puniuntur.
1484 4444 1625 4523 Atsi
1656 4467 1748 4537 qui
1775 4444 2147 4537 deposuerunt

2255 4446 2616 4519 καταθέμενοι
2644 4448 2896 4520 δειχθῶσι
2921 4451 3279 4520 ψευσάμενοι,
3311 4447 3824 4520 ἀποστρατεύονται,

555 4566 769 4622 mentiti
807 4579 929 4620 esse
974 4564 1304 4634 probentur,
1326 4561 1516 4615 militia
1536 4560 1844 4630 privamur,
1874 4568 1929 4613 et
1954 4560 2144 4613 decem

557 4660 825 4714 librarum
859 4653 1027 4729 [auri]
1065 4655 1291 4709 multam
1331 4655 1463 4708 dant
1485 4651 1609 4725 [illi]
1672 4668 1833 4722 quem
1866 4660 2144 4705 mortuum

552 4767 678 4808 esse
730 4751 1008 4815 dixerunt,
1065 4756 1230 4819 atque
1268 4745 1367 4819 [is]
1420 4748 1466 4803 si
1516 4749 1667 4812 velit,
1719 4744 1886 4817 416
1919 4760 2143 4800 uxorein

552 4857 711 4899 suam
742 4840 1038 4911 recipiendi
1066 4840 1379 4895 facultatem
1414 4838 1594 4892 habet.
1630 4835 1687 4891 Si
1719 4835 1988 4891 scliolaris
2003 4843 2141 4898 erat,

553 4951 584 4989 a
628 4933 960 5005 primoribus
1012 4931 1214 4986 scholae
1261 4938 1317 4985 et
1375 4928 1625 4984 actuario
1669 4928 1820 4983 dicta
1868 4925 2143 4997 depositio

554 5031 648 5084 fiat
696 5046 710 5082 :
767 5029 851 5083 sin
902 5026 1229 5090 fcederatus,
1260 5025 1330 5080 ab
1348 5024 1521 5094 ipsius
1573 5022 1816 5093 cptione.

623 5119 776 5176 CAP.
799 5119 891 5173 ιγ.
920 5147 994 5159 -
1014 5119 1090 5172 De
1125 5118 1193 5172 iis
1214 5118 1303 5187 qui
1336 5117 1624 5170 divortium
1653 5114 1879 5183 faciunt.

1016 5205 1394 5275 Apostolorum
1421 5220 1589 5259 canon
1623 5202 1677 5257 5.

620 5296 676 5352 5.
727 5294 1054 5366 Episcopus,
1084 5293 1169 5349 vel
1192 5293 1477 5363 presbyter
1508 5292 1591 5347 vel
1618 5291 1900 5357 diaconus,
1919 5299 2051 5355 elc.,
2081 5298 2142 5342 ut
2204 5327 2211 5331 .

550 5408 673 5463 pag.
705 5388 831 5445 738.

904 5479 1133 5535 Concilii
1168 5480 1493 5550 Gangrensis
1525 5493 1695 5532 canon
1731 5475 1817 5530 14.

623 5576 712 5631 14.
736 5574 793 5629 Si
818 5589 926 5644 qna
961 5572 1155 5627 mulier
1193 5572 1454 5642 relinquit
1494 5571 1780 5635 maritum,
1811 5579 1867 5623 et
1890 5566 2010 5621 vult
2053 5581 2140 5623 re-

549 5668 763 5734 cedere,
796 5666 1210 5723 matrimonium
1230 5666 1558 5732 abhorrens,
1594 5665 1667 5721 sit
1690 5661 2009 5719 anathema.

2249 4539 2346 4593 καὶ
2372 4539 2506 4595 δέκα
2532 4540 2733 4609 λιτρῶν
2762 4542 2954 4614 ποινὴν
2984 4542 3217 4595 διδόασιν
3246 4536 3291 4611 ᾧ
3318 4535 3471 4594 εἷπον
3505 4540 3820 4594 ἀποθανεῖν·

2248 4632 2343 4684 καὶ
2375 4631 2488 4702 ἔχει
2518 4634 2731 4699 ἄδειαν,
2763 4635 2810 4687 εἰ
2838 4634 3104 4704 βούλοιτο,
3134 4635 3233 4705 τὴν
3256 4634 3389 4687 ἰδίαν
3414 4632 3704 4686 ἀναλαϐεῖν
3724 4648 3825 4698 γα-

2251 4726 2448 4793 μετήν.
2473 4722 2537 4776 El
2582 4724 2640 4778 δὲ
2681 4726 2967 4797 σχολάριος
3021 4722 3112 4798 ἦν,
3144 4726 3296 4795 παρὰ
3328 4724 3436 4778 τῶν
3468 4723 3700 4794 πρώτων
3729 4725 3826 4791 τῆς

2249 4814 2447 4885 σχολῆς
2473 4816 2566 4869 καὶ
2591 4817 2685 4871 τοῦ
2711 4818 3039 4890 ἀκτουαρίου
3061 4822 3094 4889 ὴ
3127 4819 3381 4889 λεχθεῖσα
3400 4815 3635 4885 γινέσθω
3660 4815 3827 4869 κατά-

2251 4907 2402 4973 θεσις
2421 4925 2435 4939 ο
2468 4910 2517 4963 εί
2545 4909 2603 4964 δὲ
2639 4910 2985 4981 φοιδεράτος,
3023 4911 3175 4983 παρά
3195 4910 3289 4963 τοῦ
3319 4909 3565 4971 όπτίονος
3601 4906 3785 4960 αὑτοῦ.

2316 5093 2569 5149 ΚΕΦΑΛ.
2601 5096 2677 5149 A'.
2712 5121 2780 5136 --
2808 5093 2947 5163 Περὶ
2976 5092 3095 5147 τῶν
3120 5088 3652 5160 διαζευγνυμένων.

2680 5187 3069 5243 Ἀποστόλων
3094 5185 3296 5239 κανὼν
3321 5190 3384 5237 ε’.

2315 5276 2378 5335 ε’.
2414 5277 2768 5343 Ἐπίσκοπος,
2793 5277 2827 5349 ἢ
2853 5276 3245 5351 πρεσϐύτερος,
3272 5275 3306 5345 ἢ
3329 5274 3599 5339 διάκονος,
3617 5290 3671 5326 κ.
3699 5289 3749 5325 τ.
3773 5269 3821 5322 λ.

2580 5464 2853 5519 Συνόδου
2885 5463 3157 5533 Γάγπρας
3192 5460 3394 5515 κανὼν
3425 5460 3507 5514 ιδ’.

2236 5594 2247 5603 .
2318 5555 2402 5609 ιδ.
2444 5554 2513 5609 Εἴ
2559 5573 2644 5619 τις
2694 5558 2834 5627 γυνὴ
2893 5556 3299 5624 καταλιμπάνει
3357 5553 3446 5607 τὸν
3492 5551 3679 5621 ἄνδρα,
3732 5551 3823 5603 καὶ

2244 5649 2551 5720 ἀναχωρεῖν
2582 5647 2760 5703 ἐθέλοι
2790 5648 3188 5721 βδελυττομένη
3222 5647 3313 5702 τὸν
3343 5648 3541 5718 γάμον,
3577 5643 3823 5714 ἀνάθεμα

2246 5745 2408 5799 ἔστω.
