4156 6452
337 407 453 472 905

589 509 861 567 Συνόδου
897 509 1315 579 Καρθαγέννης
1346 507 1546 562 κανὼν
1583 505 1682 578 ρβῖ

417 600 559 671 Περὶ
592 599 714 654 τῶν
757 598 902 664 τοὺς
949 597 1173 665 ἄνδρας
1202 597 1240 665 ἢ
1291 598 1398 662 τὰς
1448 597 1736 668 γυναῖκας
1779 596 1930 650 ἀπο-

341 697 626 751 λυόντων
659 693 760 747 ἵνα
785 691 978 756 οὕτως
998 691 1304 760 μείνωσιν.

421 785 523 857 ρβ’.
559 785 796 855 Ἥρεσεν
825 781 970 836 ὥστε
1000 782 1142 836 κατὰ
1166 781 1266 852 τὴν
1290 780 1656 851 εὐαγγελικὴν
1684 780 1778 834 καὶ
1801 779 1936 833 ἀπο-

349 879 607 947 στολικὴν
636 875 972 945 ἐπιστήμην,
1021 874 1160 944 μήτε
1204 874 1234 926 ὁ
1275 872 1384 926 ἀπὸ
1427 873 1686 940 γυναικὸς
1731 871 1934 936 ὲαθεὶς,

350 972 496 1041 μήτε
532 971 566 1040 ὴ
601 966 712 1023 ἀπὺ
740 967 936 1038 ἀνδρὸς
965 964 1392 1035 καταλειφθεῖσα
1423 965 1595 1036 ἑτέρῳ
1631 961 1934 1034 συζευχθῇ,

346 1063 468 1117 ἀλλ’
497 1062 532 1134 ἢ
585 1058 760 1124 οὕτως
811 1059 1091 1131 μείνωσιν,
1140 1059 1174 1127 ἢ
1216 1043 1429 1120 ἑαυτοῖς
1478 1054 1897 1124 καταλλαγῶσιν
1921 1070 1935 1084 ο

350 1149 527 1224 οὗπερ
557 1152 652 1206 ἐὰν
690 1151 1176 1222 καταφρονήσωσι,
1209 1148 1347 1220 πρὸς
1380 1149 1668 1219 μετάνοιαν
1697 1163 1939 1201 κατανα-

347 1241 696 1312 γκασθῶσιν·
733 1241 790 1294 ἐν
827 1232 874 1308 ᾧ
909 1239 1232 1309 πράγματι,
1275 1237 1441 1307 νόμον
1470 1236 1753 1307 βασιλικὸν
1781 1238 1942 1291 ἐκτε-

354 1335 515 1405 θῆναι
551 1331 730 1404 χρεών
756 1333 908 1386 ἐστιν
935 1330 1180 1400 αἰτῆσαι.

497 1424 768 1480 Συνόδου
796 1418 1226 1492 οἱκουμενικῆς
1252 1419 1432 1490 ἕκτης
1463 1418 1664 1474 κανὼν
1691 1418 1799 1484 υπς’.

427 1514 537 1582 πξ.
586 1516 650 1569 Ἠ
677 1517 766 1569 τὸν
797 1515 972 1586 ἄνδρα
1003 1512 1376 1568 καταλιποῦσα
1414 1512 1663 1584 μοιχαλίς
1692 1513 1862 1578 ἐστιν,
1893 1513 1943 1565 εἰ

353 1610 444 1663 ἐπ’
482 1608 640 1662 ἄλλον
667 1603 822 1678 ἦλθε,
853 1606 998 1661 κατὰ
1036 1607 1129 1660 τὸν
1162 1604 1308 1676 ἱερὸν
1335 1604 1431 1658 καὶ
1461 1604 1605 1658 θεῖον
1640 1604 1941 1673 Βασίλειον,

353 1703 423 1756 ἐκ
451 1701 548 1771 τῆς
587 1699 854 1771 Ἱερεμίου
883 1698 1225 1770 προφητείας
1253 1698 1454 1768 ἄριστα
1479 1697 1640 1751 τοῦτο
1677 1697 1944 1762 ἀναλεξάη

360 1807 545 1861 μενον,
569 1791 650 1844 ὅτι
674 1789 801 1843 Εὰν
828 1789 1071 1859 γένηται
1091 1786 1246 1858 γυνὴ
1267 1787 1444 1857 ἀνδρὶ
1467 1788 1666 1856 ἑτέρῳ,
1686 1789 1798 1843 οὐκ
1819 1790 1944 1842 em-

1138 401 1540 463 SYNTAGMA
1579 397 1974 462 CANONUM.
1999 422 2068 436 --
2094 398 2246 461 ΤΙΤ.
2281 394 2452 470 XIII,
2495 393 2652 454 CAP.
2694 390 2795 453 IV.
2851 410 2854 412 ·

3501 385 3608 452 906

2295 501 2522 560 Concilii
2561 495 2995 568 Cartltaginensis
3018 512 3189 551 canon
3224 494 3345 553 162.

2113 595 2191 651 De
2219 596 2300 649 his
2350 596 2440 664 qui
2491 607 2707 659 uxores,
2735 602 2830 646 aut
2879 607 2995 662 qua:
3033 590 3172 645 viros
3207 590 3509 657 dimittunt,
3557 600 3617 645 ut

2038 687 2114 738 sic
2145 693 2414 746 maneant.

2111 775 2232 828 N2.
2269 774 2482 829 Placuit
2505 775 2578 840 “,
2610 783 2670 829 ut
2693 773 2993 830 secundum
3017 773 3389 843 evangelicam
3411 781 3466 826 et
3489 787 3624 840 apo-

2041 865 2291 922 stolicam
2348 865 2717 936 disciplinam,
2763 877 2940 934 neque
2999 864 3260 919 dimissus
3311 866 3380 917 ab
3428 879 3623 927 uxore,

2042 973 2220 1028 neque
2267 958 2493 1014 dimissa
2545 973 2572 1010 a
2622 956 2842 1022 marito,
2894 956 3051 1012 alteri
3083 955 3491 1025 eonjungatur;
3531 956 3626 1010 sed

2039 1051 2116 1105 ita
2147 1058 2424 1116 maneant,
2463 1058 2558 1104 aut
2607 1048 2825 1104 sibimet
2873 1049 3338 1104 reconcilientur:
3394 1047 3542 1118 quod
3575 1045 3622 1100 si

2041 1142 2493 1210 contempserint,
2539 1138 2610 1194 ad
2645 1141 3022 1209 paenitentiam
3078 1139 3396 1210 redigantur
3444 1139 3509 1193 ".
3564 1136 3627 1192 In

2043 1245 2152 1301 qua
2203 1245 2371 1285 causa
2419 1229 2594 1299 legem
2633 1229 2972 1300 imperialem
3037 1229 3152 1300 (5t)
3187 1228 3484 1300 petendum
3543 1238 3627 1284 est

2045 1321 2405 1392 promulgari.

2347 1410 2571 1465 Concilii
2599 1412 2901 1465 acumenici
2937 1426 2989 1465 vr
3025 1427 3197 1466 canon
3225 1410 3316 1468 87.

2117 1505 2207 1561 87.
2241 1505 2376 1571 Quae
2404 1505 2449 1536 ¹³
2483 1504 2742 1558 maritum
2767 1503 3008 1574 reliquit,
3058 1515 3140 1560 est
3166 1505 3435 1572 adultera,
3463 1505 3509 1561 si
3534 1519 3628 1560 ve-

2047 1598 2190 1654 nerit
2213 1598 2283 1652 ad
2318 1596 2505 1661 alium,
2539 1604 2601 1651 ut
2643 1598 2763 1652 vult
2793 1611 2948 1652 sacer
2998 1604 3053 1651 et
3095 1597 3313 1653 divinus
3364 1597 3624 1663 Basilius,

2047 1689 2141 1757 qui
2207 1703 2274 1742 ex
2321 1687 2557 1743 Ieremia
2612 1687 2876 1758 propheta
2925 1687 3034 1743 hoc
3087 1691 3293 1758 optime
3357 1690 3626 1762 collegit:

2053 1778 2205 1843 Quod
2227 1779 2273 1833 si
2306 1779 2402 1832 alii
2427 1780 2537 1834 viro
2561 1795 2700 1833 uxor
2726 1779 2910 1848 fuerit,
2955 1780 3024 1832 ad
3050 1781 3304 1834 maritum
3333 1798 3487 1834 suum
3521 1799 3632 1837 non

356 1852 610 1952 στρέψει
631 1883 782 1952 πρὸς
800 1852 910 1937 τδν
938 1852 1129 1951 ἄνδρα
1158 1852 1574 1950 αὐτῆς,νάΜᾶ
1590 1881 1942 1950 μιαινομένη

2052 1881 2396 1937 ronvertelur,
2453 1873 2544 1926 sed
2590 1871 2798 1942 polluta
2852 1871 3119 1942 polluetur
3150 1873 3216 1929 ".
3268 1873 3338 1928 Et
3397 1891 3630 1931 rursus:

350 1973 753 2044 μιανθήσεται
771 1988 785 2002 ⁸
808 1971 904 2026 καὶ
925 1970 1107 2027 πάλιν·
1133 1970 1194 2024 Ὁ
1211 1969 1368 2040 ἔχων
1384 1968 1729 2040 μοιχαλίδα,
1743 1969 1948 2039 ἄφρων

361 2064 463 2119 καὶ
492 2063 723 2131 ἀσεϐής
740 2080 754 2095 ο
775 2065 824 2118 εἰ
850 2059 946 2118 οὖν
975 2065 1117 2135 φανῇ
1146 2062 1239 2116 τοῦ
1267 2062 1460 2134 ἀνδρὸς
1488 2063 1699 2130 ἀλόγως
1729 2064 1944 2132 ἀναχωο

361 2159 600 2231 ρήσασα,
649 2157 678 2210 ὁ
719 2155 819 2228 μὲν
845 2155 1178 2227 συγγνώμης
1227 2155 1376 2220 ἄξιός
1407 2157 1577 2220 ἐστιν,
1615 2155 1732 2225 ἡδὲ
1764 2157 1943 2208 ὲπιτι-

362 2251 506 2322 μίων
526 2266 540 2280 '
595 2250 629 2320 ἡ
663 2250 721 2304 δὲ
757 2247 1053 2319 συγγνώμη
1098 2245 1274 2318 τούτῳ
1302 2247 1438 2318 πρὸς
1478 2249 1540 2301 τὸ
1566 2248 1847 2301 κοινωνεῖν
1874 2247 1942 2317 τῇ

373 2341 672 2413 Ἐκκλησία
711 2340 1039 2412 δοθήσεταιο
1083 2339 1112 2392 ὁ
1148 2340 1337 2409 μέντοι
1371 2338 1805 2411 καταλιμπάνων
1845 2337 1945 2410 τὴν

359 2439 610 2509 νομίμως
664 2435 1032 2506 συναφθεῖσαν
1077 2433 1226 2506 αὐτῷ
1276 2436 1547 2504 γυναῖκα,
1601 2435 1697 2489 καὶ
1750 2432 1946 2505 ὲτέραν

357 2529 650 2600 ἀγόμενος,
696 2528 839 2582 κατὰ
878 2526 978 2600 τὴν
998 2527 1094 2581 τοῦ
1126 2527 1334 2599 Κυρίου
1373 2527 1669 2597 ἀπόφασιν,
1721 2527 1800 2599 τῷ
1845 2529 1948 2600 τῆς

360 2621 611 2692 μοιχείας
666 2620 956 2674 ὑπόκειται
982 2619 1212 2691 κρίματι
1233 2636 1247 2651 ·
1274 2621 1655 2674 κεκανόνισται
1702 2621 1761 2675 δὲ
1793 2621 1949 2693 παρὰ

355 2711 472 2765 τῶν
510 2711 769 2781 Πατέρων
811 2709 988 2782 ἡμῶν,
1023 2712 1150 2774 τοὺς
1187 2709 1466 2774 τοιούτους
1498 2711 1745 2765 ἐνιαυτὸν
1773 2727 1948 2783 προσ-

359 2804 592 2868 κλαίειν.
644 2805 850 2858 διετίαν
879 2803 1281 2874 ἐπακροᾶσθαι,
1314 2804 1556 2874 τριετίαν
1590 2805 1946 2870 ὑποπίπτειν,

358 2899 456 2951 καὶ
478 2897 557 2968 τῷ
601 2896 816 2966 ἑϐδόμῳ
859 2893 1216 2949 συνίστασθαι
1244 2897 1358 2960 τοῖς
1392 2899 1628 2961 πιστοῖς,
1679 2895 1776 2951 καὶ
1798 2893 1947 2950 οὕτω

357 2993 459 3062 τῆς
513 2992 831 3064 προσφορᾶς
884 2987 1300 3056 καταξιοῦσθαι,
1348 2991 1446 3044 ἐὰν
1496 2989 1637 3062 μετὰ
1688 2989 1945 3062 δακρύων

362 3086 800 3155 μετανοήσωσιν.

619 3173 940 3228 Βασιλείω
978 3171 1181 3227 κανὼν
1213 3171 1280 3239 θ’,
1315 3171 1413 3239 λε’,
1449 3180 1564 3246 μη’,
1596 3172 1693 3240 οξ.

430 3264 499 3321 θ’.
541 3266 606 3319 Ἠ
633 3267 691 3320 δὲ
717 3265 810 3320 τοῦ
837 3266 1045 3338 Κυρίου
1072 3266 1369 3334 ἀπόφασις,
1401 3269 1543 3320 κατὰ
1577 3268 1679 3339 μὲν
1714 3267 1816 3338 τὴν
1842 3266 1942 3338 τῆς

363 3358 575 3421 ἐννοίας
605 3356 946 3425 ἀκολουθίαν,
978 3357 1038 3424 ἐξ
1066 3359 1180 3413 ίσου
1204 3360 1300 3414 καὶ
1329 3359 1554 3430 ἀνδράσι
1580 3360 1674 3414 καὶ
1695 3359 1943 3428 γυναιξὶν

361 3450 596 3522 ἁρμόζει
619 3451 752 3523 περὶ
771 3449 865 3505 τοῦ
908 3452 982 3523 μὴ
1013 3451 1213 3517 ἐξεῖναι
1244 3454 1424 3524 γάμου
1456 3452 1773 3520 ἐξίστασθαι
1801 3471 1944 3524 παρ-

360 3545 522 3609 εκτὸς
565 3545 726 3613 λόγου
788 3546 1076 3614 πορνείας’
1123 3547 1158 3617 ἠ
1210 3546 1267 3599 δὲ
1314 3547 1573 3616 συνήθεια
1624 3548 1723 3618 οὐχ
1768 3546 1944 3611 οὕτως

360 3636 508 3708 ἔχει·
533 3636 647 3691 ἀλλ’
668 3639 761 3691 ἐπὶ
789 3638 889 3708 μὲν
917 3637 1026 3692 τῶν
1051 3638 1349 3707 γυναικῶν,
1381 3639 1584 3708 πολλὴν
1615 3639 1944 3711 εὑρίσκομεν

357 3729 462 3800 τὴν
492 3728 898 3800 ἀκριϐολογίαν,
929 3728 1024 3783 τοῦ
1060 3729 1160 3800 μὲν
1203 3729 1529 3784 Ἀποστόλου
1557 3730 1829 3800 λέγοντος,
1860 3732 1944 3785 ὅτι

375 3821 441 3874 Ὅ
457 3820 841 3890 κολλώμενος
851 3821 926 3892 τῇ
947 3822 1139 3890 πόρνῃ
1152 3819 1183 3875 ἑ
1190 3838 1224 3874 ν
1244 3819 1417 3890 σῶμά
1433 3821 1588 3876 ἐστι·
1607 3821 1701 3876 τοῦ
1714 3823 1770 3876 δὲ
1785 3822 1851 3876 Ἱε
1861 3839 1947 3894 ρε-

365 3911 515 3982 μίου,
541 3913 623 3965 ὃτι
654 3911 789 3966 Ἐὰν
807 3910 1049 3982 γένηται
1078 3911 1234 3981 γυνὴ
1257 3911 1430 3980 ἀνδρὶ
1457 3912 1659 3980 ἑτέρῳ,
1693 3915 1803 3968 οὐκ
1815 3913 1945 3966 ἐπι-

359 4003 614 4071 στρέψει
653 4001 803 4071 πρὸς
829 4003 938 4057 τὸν
959 4001 1152 4070 ἄνδρα
1175 4001 1387 4072 αὐτῆς,
1411 4003 1573 4058 ἀλλὰ
1589 4005 1943 4075 μιαινομένη

357 4095 775 4165 μιανθήσεται·
797 4096 888 4150 καί¹
905 4095 1094 4150 πάλιν·
1116 4095 1177 4149 Ὀ
1201 4094 1358 4164 ἔχων
1369 4096 1717 4165 μοιχαλίδα,
1741 4098 1945 4167 ἄφρων

364 4187 744 4256 καὶάσεὸής·
773 4188 808 4259 ἡ
847 4187 905 4242 δὲ
937 4186 1197 4258 συνήθεια
1217 4226 1233 4254 ,
1267 4189 1362 4243 καὶ
1411 4188 1803 4259 μοιχεύσαντας
1853 4189 1946 4244 ἄν·

364 4277 517 4351 δρας,
545 4280 641 4332 καὶ
671 4280 732 4334 ὲν
758 4277 1036 4350 πορνείαις
1059 4278 1238 4347 δντας,
1263 4281 1588 4349 κατέχεσθαι
1617 4281 1723 4334 ὑπὸ
1750 4297 1944 4351 γυναι-

363 4370 478 4423 κῶν
514 4372 882 4440 προστάσσει·
918 4370 1059 4424 ὥστε
1095 4369 1228 4441 ήτῷ
1254 4370 1536 4444 ἀφειμένῳ
1571 4373 1726 4445 ἀνδρὶ
1768 4391 1945 4428 συνοι-

363 4461 536 4514 κοῦσα
554 4501 569 4526 ,
595 4461 695 4514 οὐκ
721 4457 839 4515 οἶδα
859 4463 908 4514 εί
933 4461 1156 4516 δύναται
1181 4462 1430 4533 μοιχαλὶς
1457 4463 1817 4535 χρηματίζειν
1837 4480 1852 4495 ⁸
1882 4465 1943 4519 τὸ

2053 1962 2157 2028 Qui
2196 1972 2375 2017 autem
2418 1966 2612 2018 detinet
2671 1963 2995 2030 adulteram,
3049 1973 3128 2018 est
3161 1967 3410 2036 insipiens
3447 1976 3496 2020 et
3530 1969 3633 2020 im-

2046 2056 2166 2123 pius
2203 2056 2265 2110 ¹⁸.
2326 2055 2386 2111 Si
2435 2071 2568 2128 ergo
2602 2066 2798 2126 praeter
2851 2057 3120 2112 rationem
3162 2073 3193 2112 a
3239 2058 3436 2112 marito
3465 2058 3633 2131 417

2048 2149 2345 2204 recessisse
2389 2148 2508 2204 visa
2555 2149 2649 2213 sit,
2701 2149 2791 2204 ille
2817 2150 3039 2221 quidem
3095 2151 3254 2208 venia
3294 2151 3494 2223 dignus
3523 2163 3632 2219 est,

2049 2242 2166 2297 lucc
2209 2255 2338 2297 vero
2395 2257 2577 2312 poena.
2615 2242 2693 2298 Illi
2747 2254 2930 2298 autem
2957 2243 3114 2300 venia
3158 2245 3398 2309 dabitur,
3436 2255 3500 2299 ut
3527 2245 3634 2301 Ec-

2048 2334 2228 2392 clesia:
2267 2338 2654 2391 communicet.
2687 2334 2792 2391 Sed
2817 2337 2866 2392 ei
2898 2337 2994 2403 qui
3043 2335 3286 2408 legitime
3315 2336 3420 2393 sibi
3447 2336 3636 2392 datam

2050 2443 2279 2485 uxorem
2329 2428 2615 2500 relinquit,
2667 2437 2721 2483 et
2751 2430 2914 2484 aliam
2955 2430 3128 2496 ducit,
3183 2447 3215 2487 e
3255 2429 3472 2486 Domini
3505 2446 3637 2487 sen-

2058 2521 2230 2575 tentia
2265 2520 2311 2552 “
2336 2529 2419 2576 est
2447 2514 2700 2575 adultiarii
2737 2521 2947 2586 judicio
2975 2521 3266 2578 obnoxius.
3299 2525 3341 2578 A
3377 2523 3636 2580 Patribus

2051 2612 2196 2667 enim
2229 2613 2434 2668 nostris
2459 2621 2724 2668 statutum
2755 2624 2860 2681 est,
2894 2623 2954 2670 ut
2980 2615 3077 2686 qui
3111 2624 3240 2671 sunt
3261 2615 3537 2686 ejusmodi
3566 2617 3633 2684 ⁸⁷,

2050 2720 2258 2760 annum
2296 2705 2552 2772 deﬂeant,
2579 2705 2807 2761 biennio
2840 2708 3089 2775 audiant,
3127 2709 3364 2764 triennio
3388 2709 3638 2766 subster-

2051 2804 2278 2862 nantur,
2313 2807 2369 2852 et
2398 2795 2633 2866 septimo
2655 2811 2786 2851 cum
2828 2795 3084 2854 fidelibus
3119 2798 3448 2867 consistant,
3479 2807 3534 2852 et
3555 2795 3636 2853 sic

2050 2887 2328 2945 oblatione
2354 2887 2506 2960 digni
2542 2886 2868 2944 habeantur.

2393 3170 2587 3226 Basilii
2611 3187 2834 3225 canones
2858 3171 2912 3236 9,
2941 3171 3032 3237 '55,
3055 3171 3145 3238 48,
3188 3173 3278 3226 77.

2124 3260 2178 3318 9.
2221 3261 2399 3332 IEque
2431 3262 2564 3318 viris
2591 3271 2645 3318 et
2677 3261 3004 3318 mulieribus
3039 3264 3298 3318 convenit
3329 3265 3635 3319 secundum

2055 3354 2340 3412 sententiae
2373 3354 2817 3410 consecutionem
2849 3355 2997 3425 quod
3037 3369 3067 3410 a
3104 3354 3335 3410 Domino
3382 3371 3634 3425 pronun-

2055 3449 2252 3504 tiatum
2291 3456 2393 3514 est,
2449 3463 2561 3502 non
2607 3448 2776 3503 licere
2841 3463 2873 3502 a
2924 3448 3281 3503 matrimonio
3331 3447 3637 3515 discedere,

2061 3541 2165 3596 nisi
2208 3541 2280 3597 ob
2330 3540 2778 3596 fornicationem.
2815 3539 3172 3596 Consuetudo
3203 3551 3381 3596 autem
3416 3557 3522 3596 non
3557 3543 3639 3596 sic

2058 3649 2117 3689 se
2160 3633 2342 3699 habet,
2391 3633 2485 3688 sed
2531 3632 2854 3698 mulieribus
2905 3632 3126 3702 quidem
3168 3633 3335 3686 multa
3385 3643 3640 3687 accurato

2057 3725 2337 3781 observari
2380 3725 2862 3795 deprehendimus,
2909 3740 3032 3779 cum
3083 3724 3378 3794 Apostolus
3415 3725 3638 3795 quidem

2057 3816 2242 3871 dicat:
2281 3816 2436 3881 Quod
2483 3817 2574 3886 qui
2617 3816 2849 3869 adln'eret
2895 3816 3180 3882 meretrici,
3217 3816 3277 3885 ﬁt
3311 3831 3475 3868 unum
3520 3832 3640 3870 cor-

2058 3923 2156 3975 pus
2194 3906 2274 3973 ¹⁸;
2311 3904 2580 3962 Jeremias
2602 3921 2766 3961 vero:
2804 3905 2956 3970 Quod
3003 3906 3048 3959 si
3087 3906 3245 3973 fuerit
3281 3906 3471 3959 mulier
3497 3921 3638 3970 cum,

2059 4001 2167 4054 alio
2194 4000 2328 4062 viro,
2374 4015 2481 4052 non
2502 4007 2788 4052 revertetur
2818 3997 2887 4049 ad
2914 3997 3084 4050 virum
3109 4012 3286 4058 suum,
3317 3997 3408 4050 sed
3431 3996 3639 4066 polluta

2054 4091 2320 4162 polluetur
2352 4091 2427 4156 ¹⁹;
2461 4098 2515 4143 et
2549 4089 2786 4142 iterum:
2826 4086 2930 4152 Qui
2956 4086 3111 4140 habet
3141 4086 3465 4151 adulteram,
3501 4088 3639 4138 stul-

2060 4194 2141 4238 tus
2170 4193 2248 4237 est
2277 4193 2323 4236 et
2354 4182 2548 4252 impius
2580 4181 2648 4234 '°.
2686 4179 3042 4236 Consuetudo
3071 4189 3253 4232 autem
3285 4178 3448 4231 etiam
3481 4177 3636 4231 adul-

2055 4284 2204 4334 teros
2238 4276 2385 4330 viros
2424 4282 2478 4329 et
2510 4275 2564 4329 in
2601 4272 3061 4328 fornicationibus
3099 4280 3382 4326 versantes
3405 4271 3563 4338 jubet
3604 4285 3634 4322 a
3677 4267 3680 4272 ’

2058 4368 2380 4424 mulieribus
2418 4366 2665 4422 retineri.
2715 4364 2899 4433 Quare
2942 4379 3065 4435 quze
3095 4377 3204 4418 una
3234 4377 3357 4418 cum
3397 4362 3514 4415 viro
3553 4360 3640 4414 di-

2059 4461 2230 4516 misso
2258 4457 2489 4525 habitat,
2537 4458 2725 4513 nescio
2761 4471 2830 4511 an
2866 4457 3042 4526 possit
3075 4455 3326 4510 adultera
3354 4453 3636 4524 appellari.

361 4555 473 4622 γὰρ
518 4553 771 4623 ἔγκλημα
822 4552 1078 4620 ἐνταῦθα,
1125 4553 1225 4623 τῆς
1255 4554 1608 4626 ἀπολυσάσης
1647 4555 1738 4609 τὸν
1780 4555 1949 4633 ἄνδρα

2052 4552 2274 4609 Crimen
2317 4550 2464 4606 enim
2529 4549 2619 4604 hic
2668 4549 2887 4618 attingit
2931 4547 3240 4612 mulierem,
3288 4561 3410 4615 qua:
3457 4546 3639 4600 virum

359 4644 620 4711 ἅπτεται,
650 4645 794 4698 κατὰ
827 4645 988 4700 ποίαν
1021 4647 1202 4702 αἰτίαν
1232 4647 1446 4718 ἀπέστη
1474 4647 1568 4700 τοῦ
1601 4648 1800 4718 γάμου·
1832 4645 1944 4699 εἴτε

362 4740 472 4807 γὰρ
499 4737 813 4806 τυπτομένη
853 4736 928 4807 μὴ
968 4738 1209 4809 φέρουσα
1243 4738 1344 4802 τὰς
1383 4738 1617 4809 πληγὰς,
1654 4738 1946 4807 ὑπομένειν

361 4826 532 4896 ἐχρῆν
557 4825 780 4895 μᾶλλον,
809 4826 843 4898 ἢ
871 4826 1254 4899 διαζευχθῆναι
1286 4828 1380 4882 τοῦ
1403 4829 1801 4894 συνοικοῦντος·
1834 4829 1945 4882 εἴτε

361 4921 460 4985 τὴν
485 4921 565 4980 είς
589 4917 660 4970 τὰ
691 4918 952 4988 χρήματα
982 4919 1186 4990 ζημίαν
1220 4920 1295 4992 μὴ
1332 4921 1570 4993 φέρουσα
1589 4963 1604 4988 ,
1646 4921 1766 4975 οὐδὲ
1803 4921 1942 4993 αὕτη

361 5012 396 5079 ὴ
428 5009 701 5080 πρόφασις
724 5009 1001 5078 ἀξιόλογος
1022 5027 1036 5042 ο
1069 5012 1201 5065 εἰδὲ
1231 5013 1321 5070 διὰ
1346 5014 1407 5067 τὸ
1435 5016 1494 5069 ὲν
1524 5017 1752 5086 πορνείᾳ
1783 5014 1946 5068 αὐτὸν

363 5099 484 5170 ζῇν,
518 5101 618 5152 οὐκ
638 5098 872 5170 ἔσχομεν
900 5100 1061 5155 τοῦτο
1084 5104 1142 5156 ὲν
1171 5105 1236 5174 τῇ
1271 5103 1533 5176 συνηθείᾳ
1565 5107 1627 5174 τῇ
1659 5104 1950 5175 ἐκκλησια-

364 5193 526 5261 στικῇ
577 5191 637 5243 τὸ
691 5193 1101 5264 παρατήρημα·
1161 5194 1299 5247 ἀλλὰ
1348 5195 1445 5249 καὶ
1489 5191 1718 5248 ἀπίστου
1754 5195 1950 5266 ἀνδρὸς

362 5282 696 5352 χωρίζεσθαι
738 5283 800 5337 οὐ
835 5283 1189 5356 προσετάχθη
1223 5286 1386 5356 γυνὴ,
1419 5285 1556 5340 ἀλλὰ
1611 5287 1951 5357 παραμένειν

361 5375 450 5429 διὰ
496 5377 558 5428 τὸ
597 5375 794 5446 ἄδηλον
839 5378 940 5448 τῆς
987 5378 1270 5444 ἐκϐάσεως
1292 5395 1305 5409 ·
1330 5380 1392 5434 Τί
1408 5381 1519 5449 γὰρ
1539 5375 1726 5445 οἶδας,
1752 5379 1948 5450 γύναι,

360 5468 412 5520 εί
433 5465 541 5519 τὸν
564 5465 754 5536 ἄνδρα
776 5465 1031 5534 σώσεις
1051 5467 1192 5524 ὥστε
1220 5472 1255 5542 ή
1286 5471 1682 5536 καταλιποῦσα,
1701 5469 1948 5540 μοιχαλὶς

435 5583 476 5652 ’f
510 5581 658 5636 Cone
688 5580 909 5637 Milevit.
959 5597 1043 5652 nt
1085 5596 1207 5652 cap.
1244 5581 1321 5649 7.;
1371 5582 1542 5639 Afric.
1602 5584 1669 5639 69
1741 5600 1792 5639 e.

363 5650 408 5684 "
446 5650 647 5706 Jerem.
690 5668 774 5715 Ill,
805 5653 858 5706 1.
941 5653 982 5683 ³⁵
1016 5650 1177 5708 Prov.
1208 5667 1363 5720 xvm,
1403 5655 1474 5708 22

1897 5585 1938 5615 ¹¹
1973 5583 2161 5639 Matth.
2210 5599 2260 5646 v,
2302 5581 2406 5649 32;
2450 5581 2625 5639 lCor.
2665 5596 2761 5645 vn,
2813 5581 2899 5642 lO,
2951 5581 3038 5634 ll.

1621 5656 1667 5686 ¹⁸
1702 5655 2093 5717 Μιιιιιι.ν,5;ι.
2184 5655 2224 5685 ¹⁷
2285 5652 2420 5708 Can.
2472 5650 2562 5706 57.
2623 5652 3029 5723 BasiliiMagni.

362 5722 405 5755 ¹¹
427 5721 630 5778 Jerem.
663 5737 748 5788 in,
777 5722 831 5778 1.
909 5722 956 5757 ³⁸
980 5721 1142 5778 Prov.
1173 5739 1331 5790 xviii,
1361 5724 1451 5780 22.
1529 5726 1571 5758 ³⁸
1609 5725 1624 5780 Ι
1654 5726 1780 5781 Cor.
1815 5742 1910 5792 vn,
1948 5726 2033 5781 16.

2053 4643 2283 4708 dimisit,
2316 4655 2554 4713 quanam
2587 4641 2653 4695 de
2695 4654 2863 4694 causa
2913 4654 2944 4693 a
2994 4637 3249 4709 coningio
3296 4637 3636 4692 discesserit.

2055 4736 2185 4792 Sive
2224 4735 2371 4790 enim
2410 4747 2672 4804 percussa
2702 4732 2892 4802 plagas
2933 4746 3040 4786 non
3079 4731 3242 4796 ferat,
3281 4729 3424 4784 ferre
3458 4729 3637 4784 satius

2053 4839 2174 4884 erat
2224 4842 2391 4896 quam
2442 4841 2474 4881 a
2509 4824 2743 4895 conjuge
2773 4823 3061 4893 separari:
3106 4823 3222 4878 sive
3267 4823 3529 4876 damnum
3582 4823 3638 4874 in

2057 4921 2304 4991 pecuniis
2331 4934 2438 4974 non
2465 4917 2627 4982 ferat,
2661 4932 2730 4971 ne
2755 4916 2869 4971 haec
2891 4917 3110 4985 quidem
3141 4916 3289 4986 justa
3317 4915 3637 4970 excusatio:

2057 5013 2146 5068 sin
2178 5018 2385 5078 autem,
2427 5009 2692 5079 quoniam
2718 5008 2840 5078 ipse
2867 5008 3001 5062 vivit
3025 5008 3078 5061 in
3112 5007 3490 5068 fornicatione.
3532 5023 3640 5062 non

2057 5105 2322 5159 habemus
2347 5104 2490 5158 hanc
2514 5102 2568 5156 in
2597 5101 2974 5158 ecclesiastica
3013 5101 3414 5156 consuetudine
3452 5100 3645 5155 obser-

2057 5197 2355 5261 vationem,
2396 5195 2508 5248 imo
2539 5207 2672 5249 vero
2718 5194 2786 5248 ab
2836 5192 3039 5248 inﬁdeli
3080 5193 3199 5246 viro
3231 5208 3338 5247 non
3367 5193 3523 5263 jussu
3555 5203 3644 5248 est

2061 5288 2256 5341 mulier
2278 5284 2546 5355 separari,
2584 5284 2679 5340 sed
2718 5297 2939 5354 propter
2961 5293 3216 5338 eventum
3253 5285 3520 5340 incertum
3556 5300 3644 5338 re-

2058 5390 2299 5432 manere.
2332 5373 2474 5440 Quid
2496 5374 2636 5428 enim
2659 5374 2758 5435 sic,
2786 5373 2996 5438 mulier,
3030 5388 3098 5426 an
3131 5372 3300 5425 virum
3333 5372 3539 5426 salvum
3566 5372 3641 5425 sis

2057 5473 2268 5540 factura
2290 5470 2332 5500 “
2358 5467 2382 5521 ?
2423 5465 2628 5534 Quare,
2655 5480 2777 5536 quae
2807 5465 3053 5535 reliquit,
3086 5476 3171 5520 est
3193 5465 3461 5528 adultera,
3495 5463 3540 5519 si
3571 5465 3640 5518 ad

3167 5581 3210 5612 ι³
3257 5579 3392 5634 Can.
3445 5578 3498 5640 9,
3546 5571 3636 5628 ιιιο

3155 5652 3198 5683 ¹⁸
3225 5651 3241 5705 l
3273 5650 3398 5705 Cor.
3442 5663 3516 5716 vl,
3551 5644 3636 5701 l6.

435 5834 558 5906 (5|)
600 5832 732 5901 Qum
764 5848 874 5889 non
909 5834 1108 5904 legitur
1137 5842 1272 5890 tunc
1314 5837 1619 5908 impetrata.
1662 5838 1793 5895 Vide
1837 5841 2068 5913 August.
2100 5857 2269 5897 sertn.
2301 5839 2390 5909 49,
2422 5839 2564 5894 inter
2591 5835 2660 5892 50
2716 5835 2868 5893 hom.
2905 5835 2941 5879 -‘

662 5928 940 5990 PATRUL.
997 5928 1114 5990 GR.
1151 5933 1222 5994 Cl
1237 5935 1310 5994 γ.

3201 5927 3285 5988 29
