4156 6448
652 364 753 427 957

1826 363 2086 421 PllOTi-l
2130 362 2629 423 PATRIARCILE
2653 363 2762 423 (ΖΡ.

3813 373 3907 438 9ίὶ8

645 481 812 533 alium
862 480 1038 532 virum
1085 479 1334 533 accessit.
1370 477 1472 543 Qui
1517 489 1695 532 autem
1739 478 1958 531 relictus
1999 487 2105 541 est,
2147 478 2213 531 dit

2332 478 2378 529 εἰ
2409 479 2495 531 ἐπ’
2550 477 2710 533 ἄλλον
2746 472 2908 547 ἦλθεν
2958 476 3157 546 ἄνδρα*
3192 480 3221 531 6
3269 478 3325 533 δὲ
3355 480 3750 549 καταλειφθεὶς
3788 500 3907 555 συγ-

648 589 785 642 gnos
817 584 899 627 est
935 571 1110 634 venia,
1165 580 1219 625 ct
1256 586 1375 640 quae
1425 586 1530 625 una
1562 584 1685 625 cum
1738 586 1804 625 eo
1844 570 2077 635 habitat,
2118 585 2226 625 non

645 665 1064 718 condemnatur.
1101 662 1269 733 [‘18
1299 662 1403 716 Sed
1447 662 1490 717 si
1533 663 1633 726 vir,
1683 662 1775 728 qui
1806 664 1875 717 ab
1906 680 2079 729 uxore
2123 664 2231 718 dis-

647 758 832 823 cessit,
867 757 1101 811 accessit
1140 757 1208 811 ad
1260 756 1446 819 aliam,
1480 764 1561 809 est
1590 764 1644 809 et
1685 756 1796 824 ipse
1826 757 2059 824 adulter,
2094 758 2222 828 quia

648 849 777 903 facit
814 860 871 902 ut
920 850 1035 918 ipsa
1085 849 1417 904 adulterium
1454 850 1793 914 committat;
1844 858 1897 903 et
1950 866 2072 918 qua:
2115 866 2221 905 una

647 956 773 992 eum
830 940 947 1008 ipso
990 939 1218 1003 habitat,
1265 948 1349 993 est
1400 939 1669 1005 adultera,
1705 941 1833 1009 quia
1866 941 2104 995 alienum
2138 941 2220 994 vi—

646 1045 765 1082 rum
805 1031 869 1081 ad
902 1045 959 1083 se
991 1029 1251 1084 traduxit.

716 1121 803 1173 55.
846 1120 903 1173 ln
938 1122 1134 1175 marito
1175 1123 1242 1175 ab
1284 1136 1454 1177 uxore
1504 1123 1765 1178 derelicto
1818 1123 2217 1177 consideranda

643 1211 1015 1267 derelictionis
1060 1228 1271 1268 causa:
1325 1228 1390 1269 ac
1431 1215 1477 1269 si
1520 1230 1641 1268 eam
1690 1223 1888 1284 praeter
1950 1216 2220 1269 rationem

642 1304 934 1358 soCessisse
957 1306 1287 1367 constiterit,
1319 1305 1410 1359 ille
1431 1306 1649 1373 quidem
1677 1306 1876 1375 dignus
1900 1307 2078 1372 venia,
2104 1307 2221 1361 haac

644 1410 773 1447 vero
842 1395 1033 1447 multa.
1068 1393 1240 1449 Venia
1278 1397 1558 1461 autem‘ei,
1597 1406 1655 1449 ut
1681 1393 1939 1451 Ecclesia:
1967 1412 2221 1451 commu-

640 1486 805 1551 nicet,
831 1486 1067 1541 dabitur.

708 1599 799 1654 48.
834 1598 965 1664 Quae
994 1615 1023 1653 a
1054 1600 1250 1654 marito
1298 1600 1482 1655 relicta
1515 1608 1620 1667 est,
1670 1616 1789 1655 mea
1821 1601 2041 1670 quidem
2091 1616 2223 1656 sen-

640 1693 829 1757 tentia,
865 1708 1085 1746 manere
1120 1692 1296 1755 debet,
1329 1691 1386 1745 Si
1435 1693 1581 1747 enim
1635 1692 1899 1749 Dominus
1944 1694 2081 1749 dixit
2115 1692 2219 1749 :Si

640 1784 754 1852 quis
792 1783 1054 1851 relinquat
1086 1799 1324 1846 uxorem,
1370 1792 1582 1852 excepta
1624 1784 1990 1851 fornicationis
2025 1803 2214 1853 causa,

639 1874 770 1941 facit
809 1891 925 1927 eam
968 1875 1223 1927 mwchari
1249 1875 1294 1906 “
1319 1892 1331 1926 :
1356 1891 1416 1927 ex
1464 1890 1528 1928 eo
1575 1875 1721 1944 quod
1762 1891 1879 1929 eam
1912 1877 2216 1931 adulteram

638 1973 816 2028 vocet,
844 1964 1115 2032 praeclusit
1166 1967 1215 2019 ei
1272 1965 1715 2034 coniunctionem
1748 1982 1869 2022 cum
1908 1967 2036 2021 alio.
2064 1967 2215 2034 Quo-

641 2056 806 2109 modo
836 2055 982 2110 enim
1017 2055 1191 2125 possit
1218 2055 1299 2109 vir
1327 2055 1545 2125 quidem
1570 2072 1693 2113 esse
1720 2073 1867 2124 reus,
1903 2066 1963 2112 ut
1997 2059 2214 2113 adulte-

644 2148 708 2201 rii
751 2164 936 2212 causa,
994 2149 1191 2202 mulier
1230 2163 1361 2203 vero
1411 2149 1704 2219 inculpata,
1742 2166 1863 2221 qua:
1889 2152 2135 2206 adultera
2184 2166 2215 2206 a

644 2239 875 2295 Domino
916 2240 987 2294 ob
1019 2240 1462 2311 conjunctionem
1507 2257 1631 2297 cum
1671 2242 1780 2297 alio
1802 2243 2071 2313 appellata
2094 2243 2216 2299 est?

710 2512 802 2567 77.
846 2511 949 2579 Qui
998 2512 1257 2582 relinquit
1292 2514 1530 2584 legitime
1579 2515 1682 2572 sibi
1735 2520 2044 2587 copulatam
2097 2536 2215 2575 mu-

642 2603 847 2665 lierem,
882 2615 934 2656 et
976 2603 1135 2657 aliam
1187 2605 1358 2665 ducit,
1390 2621 1456 2658 ex
1490 2605 1707 2661 Domini
1750 2611 2015 2663 sententia
2057 2611 2214 2666 adul-

641 2694 761 2746 terii
808 2694 1097 2763 subjicitur
1146 2696 1374 2764 judicio.
1441 2695 1546 2751 Sed
1580 2706 1841 2752 statutum
1880 2709 1960 2754 est
1990 2699 2212 2756 Patrum

640 2794 951 2839 nostrorum
1005 2788 1333 2853 canonibus,
1379 2802 1437 2842 ut
1486 2789 1520 2843 ii
1570 2805 1715 2845 anno
1762 2790 1944 2857 ﬂeant,
1994 2792 2215 2848 blennio

639 2878 886 2942 audiant,
919 2878 1156 2934 triennio
1186 2881 1623 2948 substernantur,
1654 2884 1886 2951 septimo
1909 2886 2215 2941 consistant

638 2986 763 3023 cum
794 2971 1063 3037 lidelibus,
1099 2980 1152 3026 et
1182 2976 1252 3027 ita
1296 2974 1573 3029 oblatione
1611 2977 1759 3046 dignl
1799 2976 2130 3045 habeantur,
2167 2979 2212 3033 si

637 3078 761 3117 cum
798 3063 1057 3132 lacrymis
1096 3065 1473 3134 paenitentiam
1500 3068 1733 3137 egerint.

714 3221 929 3277 Tcxtus.
974 3223 1049 3279 De
1106 3225 1473 3295 disiunctione
1504 3231 1976 3287 matrimoniorum
2020 3235 2208 3290 multis

638 3314 772 3370 locis
823 3317 998 3371 civilis
1023 3317 1189 3389 419
1246 3320 1327 3373 les
1370 3322 1609 3387 disserit,
1644 3326 1883 3381 maxime
1934 3338 2114 3381 autem
2156 3331 2209 3382 in

646 3409 743 3461 lib.
774 3424 900 3473 xxv,
946 3410 1028 3463 tit.
1061 3410 1117 3475 2,
1149 3419 1201 3464 et
1235 3411 1326 3465 lib.
1354 3428 1403 3478 ν,
1438 3417 1557 3468 cod.
1596 3416 1678 3469 tit.
1713 3417 1777 3469 l7
1806 3428 1861 3472 et
1894 3417 2114 3474 Novella
2146 3421 2214 3475 de

642 3498 1169 3570 nuptiis.Perfectius
1191 3510 1370 3555 autem
1389 3502 1607 3558 Novella
1632 3506 1974 3580 ll7[utqua2]
1989 3524 2211 3578 expres-

640 3605 699 3645 se
736 3605 933 3644 causas
961 3592 1183 3660 exponit
1218 3593 1289 3647 ob
1318 3610 1455 3661 quas
1479 3594 1621 3667 [aut]
1667 3598 1894 3651 maritus
1939 3610 2032 3653 aut
2073 3615 2211 3654 uxor

642 3684 929 3750 repudium
976 3685 1189 3739 mittere
1219 3686 1446 3753 possint.
1476 3693 1651 3756 Atque
1682 3686 1937 3758 [maritus
1961 3692 2206 3764 quidem]

642 3774 823 3827 dotem
866 3774 1129 3835 lucratur,
1166 3774 1284 3842 ejus
1332 3775 1635 3828 dominium
1673 3776 1857 3831 liberis
1894 3792 1961 3831 ex
1990 3793 2057 3832 eo
2086 3793 2211 3832 ma-

641 3862 900 3917 trimonio
956 3866 1339 3933 superstitibus
1361 3878 1698 3933 servaturus,
1731 3868 1773 3922 si
1808 3867 1951 3939 [cum
1988 3870 2205 3943 mulier]

642 3957 854 4024 aliquos
914 3957 1274 4026 imperatoria:
1340 3962 1642 4030 tnajestatis
1710 3963 1959 4018 insidiari
2023 3966 2208 4029 sciret,

642 4046 744 4118 [id]
781 4049 980 4103 marito
1041 4064 1140 4105 suo
1183 4066 1292 4105 non
1348 4053 1781 4111 manifestaverit
1813 4074 1826 4109 :
1856 4057 2000 4111 illam
2066 4057 2211 4130 [ma-

637 4138 801 4211 ritus]
834 4141 900 4195 de
930 4142 1199 4197 adulterio
1244 4148 1586 4201 aceusaverit
1618 4188 1633 4214 ,
1674 4157 1728 4203 et
1774 4150 2075 4206 convicerit
2112 4171 2125 4206 :
2164 4153 2208 4209 si

642 4245 971 4301 quacunque
1003 4235 1165 4288 modo
1194 4236 1316 4289 vita:
1369 4240 1550 4290 mariti
1601 4240 1829 4295 insidias
1864 4243 2213 4299 collocaverit

642 4321 883 4373 autaliis
914 4320 964 4375 id
1004 4321 1335 4396 [agentibus]
1366 4331 1586 4382 conseia
1616 4330 1690 4383 illi
1743 4347 1848 4385 non
1894 4337 2211 4391 manifesta-

640 4412 777 4465 verit
812 4413 893 4467 :si
927 4412 1082 4484 [una]
1120 4431 1244 4470 eum
1293 4421 1567 4475 extraneis
1599 4422 1730 4476 viris
1756 4425 1975 4480 nolente
2012 4432 2210 4485 marito

2331 571 2606 639 γνωστὸς,
2652 571 2747 626 καὶ
2777 572 2809 641 ἡ
2843 570 3164 623 συνοικοῦσα
3195 572 3277 642 τῷ
3303 574 3534 644 τοιούτῳ
3566 576 3630 628 ού
3658 580 3907 649 κατακρίι⁸

2329 678 2480 713 νεται
2502 678 2516 691 ·
2548 662 2596 712 εἰ
2630 660 2811 730 μέντοι
2840 662 2869 712 6
2900 658 3037 729 ἀνὴρ
3071 662 3100 712 6
3130 662 3375 724 ἀποστὰς
3408 664 3510 732 τῆς
3541 666 3800 729 γυναικὸς
3828 668 3905 720 ἐπ’

2328 750 2495 819 ἄλλην
2520 746 2675 821 ἦλθε,
2698 751 2792 803 καὶ
2818 748 2979 812 αὐτὸς
3011 749 3195 820 μοιχός
3212 765 3225 779 ⁸
3257 750 3392 804 διότι
3418 754 3573 805 ποιεῖ
3602 754 3772 823 αὐτὴν
3802 774 3905 825 μοι-

2328 842 2609 912 χευθῆναι,
2658 841 2810 911 καὶὴ
2861 841 3181 895 συνοικοῦσα
3237 841 3387 913 αύτῷ
3439 844 3727 913 μοιχαλὶς,
3782 846 3904 899 διότι

2328 934 2611 1005 ἀλλότριον
2638 933 2807 1006 ἄνδρα
2836 934 2973 1005 πρὸς
3006 933 3205 1004 ἑαυτὴν
3239 934 3581 1007 μετέστησεν

2397 1116 2492 1171 λε’.
2546 1118 2668 1170 Ἐπί
2718 1118 2775 1170 δὲ
2822 1116 2915 1170 τοῦ
2949 1115 3409 1186 καταλειφθέντος
3451 1119 3654 1191 ἀνδρὸς
3687 1120 3791 1173 ὑπὸ
3817 1124 3904 1191 τῆς

2327 1211 2601 1279 γυναικὸς,
2628 1212 2726 1279 τὴν
2749 1210 2925 1263 αἰτίαν
2950 1210 3055 1280 χρὴ
3082 1212 3305 1264 σκοπεῖν
3326 1211 3423 1281 τῆς
3448 1212 3903 1281 ὲγκαταλείψεως,

2327 1303 2432 1355 κᾶν
2478 1305 2619 1372 φανῇ
2670 1302 2881 1370 ἀλόγως
2915 1304 3345 1373 ἀναχωρήσασα,
3374 1304 3402 1356 6
3444 1303 3550 1373 μὲν
3587 1305 3905 1375 συγγνώμης

2326 1395 2474 1447 ἐστὶν
2511 1394 2679 1460 ἄξιος,
2726 1395 2759 1463 ὴ
2790 1392 2847 1445 δὲ
2894 1394 3175 1463 ἐπιτιμίου
3197 1410 3208 1423 ’
3246 1395 3279 1465 ἡ
3313 1394 3369 1447 δὲ
3404 1395 3712 1465 συγγνώμη
3744 1397 3906 1465 τούτῳ

2326 1487 2463 1556 πρὸς
2490 1486 2550 1540 τὸ
2579 1489 2855 1540 κοινωνεῖν
2883 1489 2947 1557 τῇ
2993 1486 3290 1558 Ἐκκλησία
3319 1487 3633 1558 δοθήσεται.

2398 1598 2508 1671 μη’.
2563 1600 2628 1653 Ἡ
2670 1599 2726 1652 δὲ
2782 1599 3275 1668 ὲγκαταλειφθεϊσα
3326 1600 3480 1668 παρὰ
3529 1599 3625 1652 τοῦ
3681 1600 3899 1670 ανδρὺς,

2325 1693 2464 1746 κατὰ
2486 1693 2585 1763 τὴν
2611 1692 2750 1763 ἐμὴν
2772 1692 2999 1764 γνώμην
3024 1694 3204 1761 μένειν
3226 1692 3429 1761 ὀφείλει
3452 1695 3677 1763 ἄγαμος
3700 1710 3712 1722 ·
3738 1696 3785 1745 εἰ
3806 1694 3901 1763 γὰρ

2324 1786 2351 1837 6
2389 1783 2595 1853 Κύριος
2634 1779 2816 1837 εἶπεν·
2877 1783 3023 1837 Ἐάν
3053 1801 3143 1850 τις
3175 1784 3482 1853 καταλίπῃ
3522 1784 3781 1854 γυναῖκα
3812 1785 3901 1837 ὲκ-

2324 1874 2428 1941 τὸς
2473 1874 2660 1944 λόγου
2710 1875 3015 1942 πορνείας,
3060 1875 3219 1929 ποιεῖ
3252 1874 3449 1944 αὐτὴν
3489 1874 3898 1945 μοιχευθῆναι,

2329 1969 2394 2019 ὲκ
2447 1966 2542 2019 τοῦ
2603 1968 2884 2038 μοιχαλίδα
2953 1968 3126 2039 αὐτὴν
3193 1967 3507 2038 ὀνομάσαι,
3594 1967 3901 2020 ἀπέκλεισεν

2332 2058 2500 2129 αὐτὴν
2530 2059 2629 2129 τῆς
2661 2060 2799 2130 πρὸς
2861 2060 3050 2130 ἕτερον
3109 2060 3394 2124 κοινωνίας
3419 2076 3433 2090 ⁶
3501 2059 3624 2123 πῶς
3674 2059 3781 2130 γὰρ
3817 2058 3898 2111 δύ-

2335 2166 2492 2202 ναται
2518 2151 2547 2202 6
2574 2150 2673 2220 μὲν
2695 2150 2832 2221 ἀνὴρ
2854 2149 3151 2215 ὑπεύθυνος
3171 2147 3311 2204 εἶναι
3335 2150 3411 2214 ὡς
3443 2148 3696 2221 μοιχείας
3724 2149 3896 2208 αἴτιος.

2332 2242 2366 2309 ἡ
2402 2240 2461 2293 δὲ
2492 2240 2629 2311 γυνὴ
2678 2240 3009 2310 ἀνέγκλητος
3058 2236 3219 2306 εἶναι,
3270 2242 3304 2311 ἡ
3348 2240 3607 2311 μοιχαλὶς
3640 2240 3787 2311 παρὰ
3812 2236 3894 2289 τοῦ

2330 2330 2535 2399 Κυρίου
2578 2330 2666 2383 διὰ
2693 2334 2791 2400 τὴν
2819 2330 2955 2399 πρὸς
2987 2329 3175 2401 ἕτερον
3204 2330 3375 2402 ἄνδρα
3403 2330 3697 2385 κοινωνίαν
3742 2344 3895 2399 προσ-

2332 2422 2693 2492 αγορευθεῖσα
2710 2440 2725 2486 ;

2401 2509 2496 2574 oC’.
2562 2512 2618 2565 '0
2670 2513 2851 2582 μέντοι
2908 2514 3335 2584 καταλιμπάνων
3359 2515 3462 2587 τὴν
3506 2514 3755 2585 νομίμως
3785 2530 3891 2565 συνο

2330 2603 2597 2673 αφθείσαν
2626 2604 2771 2675 αύτῴ
2801 2608 3065 2674 γυναῖκα,
3099 2609 3193 2660 καὶ
3223 2607 3415 2677 ἑτέραν
3446 2607 3734 2677 ἀγόμενος,
3767 2602 3891 2657 κατὰ

2328 2698 2427 2767 τὴν
2457 2696 2551 2749 τοῦ
2578 2696 2783 2768 Κυρίου
2806 2697 3102 2765 ἀπόφασιν,
3128 2698 3205 2769 τῷ
3228 2700 3326 2768 τῆς
3352 2699 3603 2769 μοιχείας
3628 2698 3891 2750 ὑπόκειται

2329 2786 2590 2856 κρίματι·
2625 2787 3005 2840 κεκανόνισται
3029 2786 3084 2838 δὲ
3116 2788 3264 2857 παρὰ
3296 2785 3403 2838 τῶν
3441 2785 3703 2855 Πατέρων
3728 2782 3887 2851 ἡμῶν,

2328 2879 2455 2941 τοὺς
2501 2877 2778 2940 τοιούτους
2840 2877 3083 2930 ἐνιαυτὸν
3142 2875 3528 2948 προσκλαίειν,
3570 2875 3767 2927 διετίαν
3804 2873 3886 2922 ἐπ-

2328 2969 2654 3040 ακροᾶσθαι,
2678 2970 2916 3040 τριετίαν
2948 2971 3297 3034 ὑποπίπτειν,
3326 2969 3402 3039 τῷ
3424 2969 3641 3039 ἑϐδόμῳ
3662 2965 3887 3020 συνίστα-

2329 3062 2451 3115 σθαι
2476 3066 2587 3125 τοῖς
2608 3064 2843 3129 πιστοῖς,
2867 3062 2959 3115 καὶ
2988 3060 3131 3115 οὓτω
3154 3062 3251 3133 τῆς
3276 3062 3600 3133 προσφορᾶς
3624 3055 3888 3121 καταξιοῦο

2326 3151 2468 3218 σθαι,
2502 3152 2596 3204 ἐὰν
2627 3153 2764 3221 μετὰ
2794 3152 3045 3223 δακρύων
3082 3154 3514 3223 μετανοήσωσιν.

2398 3244 2537 3315 Περὶ
2562 3242 2888 3309 διαζεύξεως
2912 3244 3113 3314 γάμου,
3146 3246 3203 3297 ὲν
3234 3243 3449 3307 πολλοῖς
3482 3246 3667 3306 τόποις
3700 3242 3727 3293 ό
3752 3238 3884 3291 πολι-

2323 3336 2473 3399 τικὸς
2518 3336 2823 3405 διαλέγεται
2872 3338 3035 3405 νόμος
3067 3337 3202 3407 (3i),
3237 3336 3331 3390 xui.
3371 3338 3611 3407 μάλιστα
3645 3332 3777 3405 βιὸλ.
3820 3324 3884 3381 κε’

2320 3426 2425 3481 τίτ.
2456 3424 2519 3495 β’,
2553 3426 2644 3479 καὶ
2676 3426 2816 3496 βι6λ.
2840 3424 2881 3478 ε’
2906 3426 2998 3479 τοῦ
3030 3426 3138 3479 κώδ
3168 3468 3181 3490 ,
3218 3426 3322 3479 τίτ.
3359 3427 3446 3492 ιζ’,
3481 3428 3575 3482 καὶ
3602 3429 3657 3480 ὲν
3688 3426 3750 3493 τῇ
3773 3419 3883 3488 περὶ

2324 3518 2517 3587 γάμων
2552 3519 2772 3589 Νεαρᾷ·
2804 3518 3134 3588 τελειότερον
3159 3518 3215 3571 δὲ
3243 3520 3275 3589 ἡ
3330 3516 3428 3589 ριξ¹
3479 3520 3693 3589 Νεαρα,
3725 3512 3883 3585 ῥητῶς

2321 3612 2643 3682 ἐκτιθεμένη
2667 3613 2765 3675 τὰς
2788 3612 2966 3675 αἰτίας
2993 3613 3109 3667 καθ’
3134 3613 3199 3675 ἃς
3230 3615 3257 3665 ό
3281 3613 3420 3685 ἀνὴρ
3447 3613 3480 3684 ἢ
3503 3616 3537 3684 ή
3566 3610 3701 3681 γυνὴ
3733 3608 3875 3660 δύνα·

2322 3719 2413 3755 ται
2474 3702 2757 3774 ρεπουδίου
2808 3703 3184 3772 στελλομένου,
3220 3703 3462 3772 εὐλόγως
3509 3704 3665 3757 λῦσαι
3688 3700 3771 3753 τὸν
3793 3698 3880 3763 γά-

2330 3812 2457 3865 μον·
2514 3796 2622 3850 εἰσ)⁵
2664 3797 2721 3849 δὲ
2753 3798 2923 3852 αἰτίαι
2954 3798 3074 3852 καθ’
3108 3798 3173 3861 ἃς
3211 3801 3239 3852 6
3262 3798 3401 3871 ἀνὴρ
3430 3799 3669 3867 εὐλόγως
3696 3792 3879 3847 στέλλει

2327 3888 2631 3959 ῥεπούδιον,
2660 3890 2753 3942 καὶ
2778 3890 2876 3960 τὴν
2907 3892 3111 3961 προῖκα
3138 3892 3430 3962 κερδαίνει,
3465 3893 3565 3963 τὴν
3589 3887 3880 3944 δεσποτείαν

2324 3984 2495 4052 αὐτῆς
2528 3982 2810 4051 φυλάττων
2839 3986 2951 4047 τοῖς
2980 3985 3043 4037 ὲκ
3072 3983 3163 4037 τοῦ
3190 3985 3356 4038 αὐτοῦ
3396 3987 3578 4056 γάμου
3605 3983 3780 4037 παισὶν
3810 3975 3877 4028 εῖ-

2326 4092 2432 4146 περ
2462 4076 2619 4138 εἰσὶν,
2651 4075 2745 4129 ἐὰν
2790 4076 2996 4129 σύνοιδέ
3035 4094 3189 4140 τινας
3221 4078 3673 4138 ἐπιϐουλεύοντας
3706 4076 3765 4143 τῇ
3801 4070 3882 4139 βλ·

2326 4168 2524 4238 σιλείᾳ,
2557 4168 2651 4221 καὶ
2680 4166 2757 4237 τῷ
2800 4168 2915 4239 ἰδίῳ
2946 4168 3021 4238 μὴ
3051 4167 3347 4242 φανερώσῃ
3384 4169 3541 4240 ἀνδρί
3562 4186 3577 4203 θ
3607 4169 3699 4220 ἐὰν
3728 4159 3877 4224 αὐτῆς

2326 4260 2457 4329 περὶ
2486 4259 2732 4328 μοιχείας
2765 4263 3045 4331 κατηγορῇ
3072 4261 3165 4313 καὶ
3189 4262 3479 4333 ἀποδείξῃ·
3511 4260 3605 4314 ἐὰν
3626 4259 3683 4311 ὲν
3712 4252 3881 4322 οἰῳδή-

2326 4368 2457 4405 ποτε
2482 4352 2669 4422 τρόπῳ
2697 4354 2763 4422 τῇ
2789 4349 2901 4422 ζωῇ
2934 4352 3026 4405 τοῦ
3059 4351 3250 4422 ἀνδρὸς
3279 4353 3661 4421 ἐπιϐουλεύσῃ,
3685 4348 3715 4418 ἥ
3742 4342 3877 4396 τοῦτο

2326 4440 2532 4511 ἑτέροις
2582 4440 3055 4510 συγγινώσκουσα,
3098 4442 3173 4512 μὴ
3222 4443 3517 4516 φανερὼσῃ
3576 4439 3747 4507 αὐτῷ·
3795 4434 3876 4485 ἐὰν

638 4503 799 4570 agitet
832 4504 1102 4572 convivia,
1130 4516 1225 4561 aut
1269 4523 1393 4563 cum
1437 4509 1528 4583 [iis
1560 4512 1640 4584 se]
1676 4514 1818 4569 lavet
1858 4533 1869 4569 :
1904 4518 1951 4573 si
1991 4521 2213 4577 nolente

2327 4503 2599 4598 ἐξωτικοίς
2622 4503 2848 4600 ἀνδράσι
2876 4503 3281 4604 συμποσιὰξῃίἢ
3315 4503 3639 4602 σύλλούΙηται
3666 4503 3735 4599 μὴ
3765 4523 3873 4592 βου·

641 4597 843 4648 marito
874 4607 1027 4650 extra
1058 4599 1201 4654 aedes
1236 4613 1470 4667 maneat,
1513 4620 1619 4659 non
1656 4606 1885 4681 [tamen]
1920 4614 2061 4679 apud
2081 4630 2213 4668 suos

640 4697 914 4752 parentes,
979 4701 1131 4745 extra
1163 4710 1325 4762 quam
1374 4698 1416 4752 si
1457 4697 1572 4767 ipse
1614 4702 1748 4754 citra
1795 4702 1967 4759 dictas
2017 4722 2212 4763 causas

640 4775 815 4841 ipsam
868 4783 1156 4848 expulerit.
1219 4785 1410 4841 Mulier
1439 4800 1621 4845 autem
1677 4793 1839 4848 mittit
1903 4799 2210 4865 repudium,

641 4866 1340 4945 donationemquepropter
1357 4879 1597 4948 nuptias,
1639 4884 1759 4953 ejus
1803 4887 2103 4943 dominium
2145 4908 2209 4944 ex

642 4970 705 5009 eo
734 4962 1082 5015 matrimonio
1109 4970 1496 5034 superstitibus
1537 4973 1723 5031 liberis
1764 4988 2067 5044 servatura,
2129 4983 2210 5035 lu-

712 5133 755 5161 "
779 5132 966 5189 Matth.
1003 5154 1051 5201 ν,
1084 5141 1171 5194 32.

713 5289 1236 5381 Legesciviles,
1259 5303 1325 5381 ad
1348 5303 1639 5381 tliyortium
1668 5312 1810 5380 quod
1836 5315 2047 5375 attinet,
2064 5316 2206 5370 haud

645 5377 771 5457 Iraro
809 5374 1140 5457 repugnasse
1169 5374 1277 5457 juri
1304 5374 1708 5444 ecclesiastico,
1752 5383 1859 5435 imo
1890 5397 1943 5437 et
1975 5402 2205 5457 evange-

641 5433 969 5525 lio—thymus
993 5438 1096 5525 heu
1145 5433 1487 5525 exploratum
1522 5459 1624 5503 est.
1651 5433 1954 5525 (laeteroqui
1980 5433 2212 5525 ’ρ’τῖῗὶὶ)-

639 5514 816 5596 ctrina
841 5517 1199 5596 etconstante
1227 5515 1517 5596 traditione
1551 5514 1916 5596 ecclesiaStica
1945 5514 2210 5596 legantur,

638 5578 943 5665 eoiiipendr'ii
975 5582 1182 5665 gratia,
1222 5598 1343 5665 qua}
1385 5587 1547 5665 docte
1572 5592 1886 5665 scribuntur
1921 5578 2212 5665 in‘insigni

638 5658 836 5731 optare}
877 5647 1152 5730 Tradition
1170 5647 1491 5731 'ou'__lt_istoire
1513 5660 1811 5731 del’Eglise
1839 5647 2213 5722 siti'lesuctre-i

640 5714 869 5805 nt'iht‘tndu
903 5721 1161 5805 iiiariage,
1187 5724 1337 5805 t.'ll|,
1369 5743 1430 5805 p._
1468 5729 1593 5795 164,
1631 5714 1799 5805 sciit].
1832 5714 2213 5805 ptiarcipueqtie

644 5797 696 5848 ι).
735 5783 868 5851 224,
909 5783 1434 5852 γωνιιαἯίιῑὶιιιιὶιὶιιί
1464 5816 1528 5854 ex
1559 5783 1789 5858 oratr?”
1821 5783 2213 5876 {15:7}?deth

2317 4619 2544 4690 λομένου
2576 4620 2672 4672 τοῦ
2702 4621 2893 4693 ἀνδρός
2914 4638 2927 4652 ·
2965 4622 3061 4674 ἐὰν
3096 4623 3170 4691 μὴ
3205 4621 3536 4692 βουλομένου
3576 4616 3754 4677 αὐτοῦ,
3784 4610 3873 4673 ἔξω

2316 4710 2411 4764 τοῦ
2458 4711 2609 4764 οἴκου
2675 4712 2833 4784 μείνῃ
2880 4713 3031 4783 παρὰ
3063 4715 3175 4775 τοῖς
3223 4713 3470 4780 γονεῦσιν
3498 4711 3692 4779 αύτῆς³
3720 4706 3763 4756 εί
3805 4699 3869 4769 μὴ

2318 4806 2481 4869 αὐτὸς
2511 4807 2681 4878 χωρὶς
2710 4808 2819 4860 τῶν
2845 4807 3150 4877 εἰρημένων
3184 4806 3374 4861 αἰτιῶν
3412 4806 3584 4876 αὐτὴν
3614 4799 3807 4866 ὲξωοᾖ’
3839 4794 3865 4859 ἡ

2316 4897 2370 4949 δὲ
2392 4898 2528 4968 γυνὴ
2558 4899 2763 4952 στέλλει
2788 4898 3089 4969 ῥεπούδιον,
3117 4898 3214 4953 καὶ
3239 4899 3337 4970 τὴν
3363 4898 3469 4970 πρὸ
3492 4898 3665 4969 γάμου
3683 4885 3867 4977 δωρεάῗ

2321 4989 2629 5056 κερδαίνει,
2676 4992 2775 5061 τὴν
2813 4990 3134 5045 δεσποτείαν
3177 4990 3520 5060 φυλάττουσα
3550 4989 3659 5050 τοῖς
3691 4985 3749 5036 ὲκ
3786 4990 3864 5026 του

2318 5336 2492 5399 omnes
2519 5325 2580 5375 ob
2606 5341 2793 5378 causas
2818 5326 3049 5380 libellum
3071 5328 3163 5382 dat
3184 5333 3417 5399 repudii:
3444 5342 3496 5383 at
3522 5327 3858 5399 Christus-"0"

2317 5392 2378 5441 ob
2417 5408 2617 5445 omnem
2654 5413 2890 5455 causam,
2927 5400 3016 5450 sed
3048 5392 3285 5467 separari
3315 5413 3517 5453 tantum
3549 5402 3608 5450 ab
3643 5393 3858 5472 adut/erit

2315 5475 2479 5541 uacare
2523 5467 2778 5541 permittit
2805 5468 2927 5541 :_'0
2953 5469 3049 5537 μὲν
3098 5471 3259 5538 νόμος
3308 5473 3449 5525 κατὰ
3500 5469 3670 5541 πᾶσαν
3700 5467 3855 5541 αἰτίαν

2313 5531 2373 5608 τῆ)
2414 5532 2755 5608 ,ἀποστᾴσιον
2798 5531 3004 5600 δίδωσι,
3037 5531 3271 5608 Χριστὸς
3306 5542 3351 5593 δ’
3390 5543 3450 5594 οὐ
3512 5537 3663 5608 κατά-
3702 5531 3853 5602 πᾶσαν

2314 5600 2514 5681 αἰτίαν,
2566 5605 2706 5681 ριλλὰ
2749 5611 3037 5681 ’συγχωρεῖ
3070 5600 3169 5675 μὲν
3220 5600 3379 5680 μίένπιν
3416 5605 3724 5681 χυ›ρίξε,σ⁰αι

2317 5669 2542 5751 πόρνης.
2565 5670 2711 5751 Idem
2749 5669 2899 5730 inl'ra'
2921 5669 3317 5751 tl'icetitluni'ad
3351 5669 3558 5751 ca'qtite
3587 5676 3649 5730 de
3673 5678 3849 5727 concu-

2316 5740 2503 5797 binatu
2532 5742 2843 5801 referuntur
2868 5765 2932 5806 ex
2964 5748 3191 5819 legibus.
