4156 6430
415 357 518 421 909

1215 353 1614 416 SYNTAGMA
1656 353 2042 414 CANONUM.
2072 376 2138 386 --
2167 348 2313 409 'I‘IT.
2353 340 2525 406 XIII.
2567 337 2724 398 CAP.
2765 333 2863 395 IV.

3579 340 3684 407 910

416 465 580 522 αὑτοῦ
599 464 780 534 γάμου
796 463 1016 528 παισὶν,
1051 463 1210 535 εἴπερ
1234 466 1392 530 εἰσιν,
1418 464 1513 517 ἐάν
1533 482 1585 518 τι
1615 465 1756 519 κατᾶ
1783 465 1884 535 τῆς
1905 464 2001 534 βα·
2028 511 2035 523 ,

2128 459 2313 510 :ratur,
2351 447 2394 499 si
2431 456 2622 501 contra
2673 447 3014 515 majestatem
3052 448 3459 516 imperatoriam
3495 449 3684 522 [mari-

417 559 622 620 σιλείας
653 556 1046 627 βουλεύσηται·
1095 556 1129 626 ἢ
1168 557 1327 610 τοῦτο
1369 556 1626 620 συνειδὼς
1662 559 1887 632 ἑτέροις,
1923 555 1999 628 μὴ

417 649 710 721 φανερὼσῃ
748 651 813 719 τῇ
847 648 1098 720 βασιλείᾳ
1129 650 1195 702 δι’
1243 649 1438 704 ἑαυτοῦ
1471 649 1505 720 ἢ
1549 649 1618 702 δι’
1651 650 1868 719 ἑτέρου·
1904 649 2000 701 ἐὰν

416 743 714 812 ιίῳδὴποτε
742 740 931 810 τρόπῳ
949 743 1015 811 τῇ
1044 741 1156 811 ζωῇ
1183 741 1352 811 αὐτῆς
1373 741 1759 811 ἐπιϐουλεύσῃ,
1783 739 1816 811 ἦ
1842 740 2002 792 τοῦτο

421 831 676 893 συνειδὼς
720 830 950 901 ἑτέροις,
1005 829 1078 899 μὴ
1111 829 1401 902 φανερώσῃ
1437 831 1574 901 αὐτῇ
1607 832 1698 884 καὶ
1726 829 2001 899 σπουδάσῃ

421 924 566 976 κατὰ
595 923 719 986 τοὺς
752 921 950 990 νόμους
981 921 1268 991 ἐκδικῆσαι
1292 937 1306 952 ·
1335 922 1431 974 ἐὰν
1464 926 1532 992 τῇ
1565 920 1889 992 σωφροσύνῃ
1911 920 2003 970 αὑ-

421 1015 522 1084 τῆς
551 1014 629 1074 είς
663 1013 724 1064 τὸ
759 1012 1110 1083 μοιχευθῆναι
1152 1012 1431 1084 σπουδάσῃ
1456 1011 1865 1066 ἐπιϐουλεῦσαι·
1908 1009 2003 1062 ἐὰν

426 1103 812 1175 κατηγορήσας
845 1103 1020 1173 αὐτῆς
1049 1106 1077 1156 ὁ
1107 1104 1246 1174 ἀνὴρ
1280 1104 1409 1174 περὶ
1440 1103 1685 1174 μοιχείας
1705 1141 1720 1164 .
1757 1102 1832 1172 μὴ
1861 1101 2002 1154 άπο-

424 1197 568 1268 δείξῃ
585 1215 599 1228 ·
634 1199 726 1250 ἐπὶ
751 1196 942 1250 τούτου
967 1197 1024 1251 δὲ
1050 1198 1111 1250 οὑ
1141 1198 1301 1268 μόνον
1324 1198 1423 1268 τὴν
1452 1197 1559 1268 πρὸ
1591 1197 1769 1266 γάμου
1794 1192 2004 1265 δωρεάν

421 1291 452 1342 ό
479 1290 617 1359 ἀνὴρ
675 1288 968 1360 ζημιοῦται
990 1331 1004 1354 ,
1047 1289 1184 1342 άλλά
1233 1289 1329 1342 καὶ
1364 1290 1551 1359 ἕτερον
1593 1287 1775 1358 τρίτον
1810 1285 2003 1354 αὑτῆς,

429 1385 488 1437 ὲκ
532 1381 630 1451 τῆς
664 1380 830 1450 ἄλλης
877 1379 1042 1433 αὐτοῦ
1076 1379 1429 1450 περιουσίας·
1467 1379 1559 1433 καὶ
1606 1377 1704 1441 τάς
1733 1376 2006 1448 τιμωρίας

433 1470 740 1539 δφίσταται,
759 1467 824 1532 ἃς
843 1468 1065 1540 ἔμελλεν
1079 1469 1112 1539 ἡ
1126 1471 1260 1537 γυνὴ
1278 1468 1753 1536 καταδικαζομένη
1780 1466 2008 1535 ὑφίστα-

432 1562 590 1619 σθαι·
650 1561 747 1614 ἐὰν
800 1560 968 1632 ἑτέρᾳ
1007 1564 1227 1632 συνοικῇ
1275 1563 1334 1615 ὲν
1376 1561 1453 1632 τῷ
1505 1558 1656 1630 αὑτῷ
1691 1558 1827 1630 οἴκῳ
1865 1557 1899 1628 ἢ
1937 1561 2005 1630 τῇ

432 1655 568 1726 αὑτῇ
594 1653 768 1719 πόλει,
793 1655 890 1707 καὶ
911 1653 1044 1726 παρ’
1076 1654 1267 1724 αὐτῆς,
1286 1654 1320 1725 ἢ
1340 1653 1406 1709 δι’
1424 1655 1609 1724 ἑτέρου
1631 1651 2001 1723 ὑπομνησθεὶς

2109 533 2218 606 tus]
2247 535 2532 589 consilium
2575 534 2894 605 captaverit,
2920 535 3004 588 vel
3047 536 3169 604 ejus
3211 539 3483 602 conscius,
3515 541 3688 608 maje-

2108 627 2239 683 stati
2279 643 2388 681 non
2423 627 2860 682 manilesraverit
2901 642 2997 697 per
3036 629 3213 696 ipsum
3241 630 3320 684 vel
3353 645 3448 698 per
3473 632 3638 686 alium
3673 651 3688 686 :

2109 719 2276 794 420
2299 722 2344 777 si
2367 721 2613 792 quolibet
2649 721 2812 774 modo
2842 721 3074 775 maritus
3101 722 3287 775 uxoris
3310 721 3436 776 vita:
3462 725 3692 779 insidias

2113 817 2377 885 posuerit,
2403 826 2497 871 aut
2519 815 2641 871 aliis
2665 815 2733 871 de
2757 815 2860 870 hoc
2889 816 3330 871 consultantibus
3357 817 3536 872 sciens
3565 834 3695 885 pru-

2114 911 2361 980 densque
2387 925 2494 966 non
2525 909 2961 966 manifestaverit
2994 910 3122 981 ipsi,
3159 925 3258 964 nec
3283 911 3586 965 secundum
3622 912 3696 960 ιι·-

2114 1017 2211 1073 ges
2239 1003 2521 1058 vindicare
2550 1002 2821 1058 studuerit
2861 1020 2873 1054 :
2907 1003 2952 1057 si
3002 1004 3244 1057 castitati
3281 1003 3478 1072 ipsius,
3508 1015 3564 1056 ut
3602 1004 3692 1055 ad-

2114 1095 2312 1150 ulterio
2345 1095 2640 1165 polluatur,
2689 1095 2940 1150 insidiari
2989 1095 3277 1150 tentaverit
3317 1110 3331 1147 :
3366 1095 3413 1150 si
3442 1095 3697 1160 maritus,

2116 1187 2210 1242 ubi
2245 1202 2467 1242 uxorem
2497 1188 2563 1242 de
2594 1188 2867 1242 adulterio
2904 1188 3266 1252 accusaverit,
3301 1185 3559 1259 [crimen]
3588 1203 3698 1242 non

2115 1279 2449 1350 probaverit.
2481 1278 2579 1334 His
2607 1295 2736 1335 vero
2769 1281 2837 1336 de
2863 1279 3092 1352 [causis]
3117 1282 3349 1335 maritus
3381 1294 3491 1334 non
3521 1280 3699 1334 solum

2116 1371 2415 1426 donatione
2464 1381 2683 1442 propter
2717 1374 2938 1442 nuptias
2982 1373 3268 1438 multatur,
3303 1387 3490 1427 verum
3536 1372 3700 1427 etiam

2117 1464 2350 1518 alterum
2381 1463 2502 1532 ejus
2531 1463 2784 1517 trientem
2813 1478 2876 1517 ex
2903 1463 3026 1519 aliis
3064 1463 3180 1518 suis
3214 1463 3371 1518 bonis
3406 1463 3628 1535 [amittit
3662 1461 3700 1533 ε]

2122 1553 2295 1627 [cum]
2326 1564 2380 1611 et
2415 1568 2610 1625 poenas
2639 1556 2892 1622 sustinet,
2922 1571 3059 1625 quas
3087 1556 3285 1611 mulier
3315 1559 3574 1610 damnata
3607 1571 3701 1610 su—

2121 1657 2372 1704 stentnra
2410 1648 2622 1703 luisset.
2659 1646 2716 1701 Si
2753 1645 3029 1720 [maritus]
3055 1647 3210 1702 alteri
3238 1649 3294 1702 in
3327 1648 3515 1702 eadem
3546 1651 3706 1702 domo

427 1745 506 1816 μὴ
537 1745 828 1815 ἀπόσχοιτο
851 1759 865 1774 ·
913 1745 1010 1798 καὶ
1037 1745 1130 1799 ἐπὶ
1156 1745 1348 1799 τούτου
1382 1746 1439 1800 δὲ
1488 1744 1675 1813 ἕτερον
1713 1743 1877 1814 μέρος
1908 1743 2007 1812 τῆς

2128 1740 2384 1796 eademve
2412 1740 2631 1795 civitate
2659 1740 2959 1806 cobabitet,
2982 1748 3038 1794 et
3071 1740 3138 1794 ab
3168 1753 3336 1796 uxore
3366 1751 3459 1794 aut
3497 1740 3565 1796 ab
3597 1741 3706 1794 alio

425 1837 535 1910 πρὸ
576 1838 754 1909 γάμου
795 1837 1004 1908 δωρεᾶς
1043 1837 1339 1908 κερδαίνει,
1371 1839 1467 1893 καὶ
1503 1835 1668 1892 αὑτοῦ
1697 1837 1795 1908 τὴν
1821 1835 2008 1889 δεσπο-

2128 1833 2438 1889 admonitus
2481 1849 2592 1887 non
2637 1833 2911 1888 abstineat
2957 1849 2972 1886 :
3022 1833 3185 1888 etiam
3243 1831 3312 1888 de
3350 1833 3453 1886 bac
3491 1831 3706 1904 [causa]

426 1927 580 1982 τείαν
621 1928 964 1998 φυλάττουσα
1007 1931 1122 1993 τοῖς
1165 1930 1261 1982 ἐπὶ
1293 1930 1473 2000 γάμου
1519 1929 1742 1982 παισίν·
1779 1927 1876 1981 ἐὰν
1914 1923 2010 1982 οὖν

2128 1927 2378 1982 trientem
2430 1926 2746 1982 donationis
2797 1932 2924 1981 ante
2976 1926 3196 1997 nuptias
3248 1925 3480 1979 alterum
3524 1923 3709 1996 [uxor]

429 2023 583 2092 ⁶παρὰ
601 2021 800 2085 ταύτας
820 2021 919 2086 τὰς
935 2021 1116 2086 αἰτίας
1138 2021 1278 2094 ἀνὴρ
1301 2022 1486 2096 στείλῃ
1512 2020 1818 2093 ρεπούδιον,
1843 2021 2012 2074 ἀπόλ-

429 2113 512 2166 λει
553 2113 651 2184 τὴν
683 2113 890 2184 δωρεὰν
930 2114 1024 2168 καὶ
1054 2113 1182 2169 ἄλλο
1208 2114 1392 2186 τρίτον
1419 2113 1610 2183 αὐτῆς·
1645 2113 1692 2165 εί
1725 2113 1782 2166 δὲ
1815 2112 2010 2184 ή⁹γυνὴ

436 2202 624 2276 στείλῃ
672 2202 865 2271 ἄλογον
913 2201 1215 2272 ῥεπούδιον,
1257 2203 1480 2257 άπόλλει
1525 2204 1625 2273 τὴν
1654 2203 1887 2274 προῖκα,
1919 2205 2016 2256 καὶ

435 2296 574 2366 πρὸς
622 2293 834 2358 τούτοις
895 2295 1239 2367 μοναστηρίῳ
1297 2295 1624 2366 ἐμϐάλλεται
1687 2297 1869 2349 πᾶσαν
1915 2295 2016 2365 τὴν

432 2388 580 2459 ζωὴν
623 2388 816 2458 αὐτῆς,
849 2391 944 2443 καὶ
987 2389 1059 2443 τὰ
1104 2391 1409 2461 πράγματα
1439 2391 1609 2459 αὐτῆς
1646 2388 2011 2460 διαιροῦνται·

433 2479 528 2533 καὶ
552 2479 602 2531 οἱ
663 2478 762 2546 μὲν
819 2477 1007 2542 παῖδες
1061 2479 1430 2550 λαμϐάνουσιν
1458 2479 1686 2548 οὑγγίας
1733 2477 1803 2550 η’,
1855 2478 1916 2532 τὸ
1950 2478 2010 2532 δὲ

436 2569 800 2640 μοναστήριον
843 2567 1071 2636 οὐγγίας
1093 2567 1135 2622 δ’
1157 2583 1171 2598 ·
1209 2569 1259 2620 ει
1291 2568 1348 2622 δὲ
1377 2568 1480 2622 οὒκ
1507 2569 1616 2620 eisi.
1657 2566 1844 2629 παῖδες
1877 2565 2015 2620 ἀλλὰ

435 2661 612 2726 γονεῖς
663 2659 740 2730 μὴ
793 2659 1209 2722 συναινέσαντες
1256 2657 1336 2728 τῷ
1377 2656 1666 2728 ρεπουδίῳ,
1723 2657 1878 2709 αὐτοὶ
1917 2656 2017 2727 μὲν

434 2749 801 2822 λαμϐάνουσιν
843 2749 1071 2819 οὐγγίας
1097 2747 1160 2816 δ’,
1197 2748 1258 2802 τὸ
1295 2749 1354 2803 δὲ
1400 2750 1762 2822 μοναστήριον
1792 2748 2020 2818 οὑγγίας

436 2842 484 2915 η’
501 2861 515 2878 ο
551 2846 600 2896 εἰ
627 2843 683 2896 δὲ
722 2842 1039 2915 συνῄνεσαν,
1073 2843 1201 2914 ὃλην
1227 2841 1326 2915 τὴν
1351 2843 1539 2896 οὐσίαν
1568 2842 1630 2896 τὸ
1655 2842 2019 2913 μοναστήριον

435 2935 701 3007 λαμϐάνει
720 2951 735 2968 ·
754 2935 978 2989 δυνατὸν
997 2935 1055 2988 δὲ
1073 2933 1246 2989 ταῦτα
1265 2933 1443 3004 λέγειν
1460 2935 1551 2988 καὶ
1567 2935 1661 2987 ἐπὶ
1678 2932 1870 3004 ἀνδρὸς
1893 2931 2019 2986 ἀλό-

437 3047 553 3098 γως
589 3027 1098 3102 ῥεπουδιατεύοντος
1128 3028 1192 3081 ὲκ
1229 3026 1330 3096 τῆς
1360 3025 1459 3098 ριζ¹
1483 3026 1720 3096 Νεαρᾶς,
1753 3023 2022 3095 λεγούσης

441 3125 564 3188 [σας
590 3118 731 3175 εῖναι
749 3121 848 3186 τὰς
867 3120 1057 3184 ποινὰς
1077 3121 1184 3174 τῶν
1213 3120 1422 3189 ἀλόγων
1452 3119 1752 3192 ρεπουδίων
1770 3135 1785 3150 ·
1809 3117 1905 3170 καὶ
1931 3116 2023 3170 τὸν

440 3214 610 3282 ἄνδρα
652 3213 856 3283 ὁμοίως
899 3211 1220 3266 ὑποκεῖσθαι
1266 3214 1381 3273 τοῖς
1425 3211 1566 3263 κατὰ
1613 3208 1872 3279 γυναικὸς
1900 3208 2019 3278 ὁρι-

446 3307 649 3361 σθεῖσιν
669 3323 684 3340 ·
733 3305 983 3378 ἀζημίως
1011 3305 1288 3360 διαλύεται
1317 3304 1514 3375 γάμος,
1567 3303 1663 3358 ἐὰν
1690 3304 1720 3357 ὑ
1754 3301 1890 3374 ἀνὴρ
1925 3300 2021 3355 ἐπὶ

445 3397 686 3469 τριετίαν
722 3398 860 3469 μετὰ
902 3397 1000 3470 τὴν
1033 3397 1208 3469 ἀρχὴν
1254 3398 1349 3450 τοῦ
1378 3397 1560 3467 γάμου
1611 3397 1688 3467 μὴ
1720 3394 1919 3466 δυνηθῇ
1951 3395 2022 3466 τῇ

449 3493 660 3563 γαμετῇ
691 3492 1068 3561 συγγενέσθαι,
1113 3492 1207 3544 καὶ
1229 3490 1318 3545 διὰ
1353 3491 1415 3544 τὸ
1452 3490 1706 3558 μονάσαι,
1743 3489 1836 3542 καὶ
1864 3487 1960 3540 ἐὰν
1996 3487 2024 3540 ὁ

449 3580 586 3651 ἀνὴρ
633 3581 975 3651 αἰχμάλωτος
1024 3580 1267 3651 γένηται,
1318 3582 1414 3635 καὶ
1459 3579 1656 3652 ἄδηλον
1714 3579 1875 3651 μείνῃ
1929 3578 2024 3631 ἐπὶ

447 3672 770 3726 πενταετίαν
799 3673 849 3725 εἰ
879 3673 944 3744 ζῇ
957 3713 972 3727 .

520 3943 594 3998 To
635 3945 694 3998 δὲ
741 3944 884 4002 κατὰ
919 3947 1229 4002 σαναίνεσιν
1271 3948 1408 4019 πρὸς
1446 3948 1507 4002 τὸ
1566 3947 2027 4020 συμφωνούμενον

447 4037 597 4094 λύειν
622 4039 715 4095 τὸν
753 4039 950 4111 γάμον,
981 4041 1166 4110 εἴρητο
1203 4040 1302 4110 μὲν
1342 4039 1566 4112 πρώην·
1601 4039 1841 4112 ἀνῃρέθη
1869 4041 1928 4094 δὲ
1959 4041 2026 4093 ὲκ

449 4132 548 4200 τῆς
577 4131 872 4202 εἰρημένης
899 4130 1002 4203 ριέ
1029 4131 1266 4203 Νεαρᾶς,
1285 4131 1439 4195 αὖθις
1465 4132 1522 4186 δὲ
1551 4132 1900 4201 άνεκαινίσθη
1923 4132 2028 4186 ὑπὸ

461 4223 836 4277 Ὶουστινιανοῦ
874 4224 967 4278 τοῦ
1001 4223 1265 4294 βασιλέως
1286 4241 1300 4255 ·
1345 4225 1441 4278 καὶ
1475 4225 1572 4295 τὴν
1603 4223 1870 4295 ἄπροικον
1922 4243 2023 4294 γα-

451 4313 621 4385 μετὴν
649 4316 676 4367 ὁ
705 4315 844 4386 ἀνὴρ
874 4315 1081 4383 ἀλόγως
1134 4314 1664 4386 ὲκϐάλλωνλδίδωσιν
1682 4315 1819 4387 αὐτῇ
1853 4313 1915 4369 τὸ
1935 4316 2028 4369 τέ-

447 4422 647 4476 ταρτον
690 4405 791 4476 τῆς
834 4405 998 4460 αὐτοῦ
1037 4407 1354 4476 περιουσίας
1399 4406 1500 4477 τῆς
1555 4407 1828 4477 καθαρᾶς·
1873 4409 1920 4460 εί
1971 4407 2028 4460 δὲ

2123 2023 2394 2085 lucratur,
2416 2019 2765 2076 donationem
2787 2019 2907 2089 ejus
2933 2019 3272 2074 matrimonii
3301 2018 3492 2074 liberis
3523 2035 3714 2074 serva-

2125 2121 2270 2167 tura.
2303 2112 2358 2167 Si
2405 2111 2576 2185 igitur
2604 2121 2759 2168 extra
2787 2115 2886 2167 bas
2917 2127 3116 2169 causas
3160 2112 3394 2165 maritus
3426 2111 3715 2180 repudium

2128 2204 2362 2270 miserit,
2387 2203 2741 2259 donationem
2775 2204 3022 2277 [propter
3047 2201 3294 2273 nuptias]
3319 2201 3550 2272 ejusque
3577 2202 3717 2256 alte-

2127 2313 2251 2355 rum
2273 2299 2524 2354 trientem
2550 2299 2747 2370 perdit.
2775 2298 2870 2353 Sin
2896 2297 3092 2354 mulier
3113 2297 3250 2352 citra
3269 2298 3539 2351 rationem
3564 2311 3695 2364 repu

2125 2394 2275 2448 dium
2303 2394 2504 2453 mittat,
2529 2397 2710 2448 dotem
2767 2395 2946 2463 perdit
2975 2401 3030 2447 et
3078 2392 3304 2461 insuper
3340 2407 3438 2462 per
3487 2407 3706 2446 omnem

2129 2486 2298 2540 vitam
2331 2500 2484 2539 suam
2521 2485 2576 2539 in
2623 2485 3019 2540 monasterium
3076 2484 3396 2553 conjicitur,
3449 2485 3706 2554 bonaque

2126 2577 2244 2646 ejus
2277 2575 2396 2648 [ita]
2441 2576 2780 2640 dividuntur,
2835 2586 2892 2629 ut
2936 2574 3091 2628 liberi
3131 2584 3258 2629 octo
3317 2574 3530 2640 uncias,
3590 2590 3709 2629 mo-

2126 2669 2427 2723 nasterium
2465 2683 2594 2722 vero
2649 2677 2888 2738 quatuor
2932 2667 3130 2736 capiat.
3173 2666 3244 2720 At
3291 2668 3338 2722 si
3386 2667 3538 2721 liberi
3600 2682 3709 2722 non

2124 2761 2349 2826 fuerint,
2383 2772 2636 2832 parentes
2689 2770 2872 2815 autem
2921 2759 3103 2832 [εἰηιά
3157 2761 3251 2830 qui
3311 2761 3540 2830 repudio
3598 2778 3708 2815 non

2128 2854 2532 2916 consenserint,
2595 2852 2668 2907 illi
2734 2852 2930 2908 uncias
2989 2862 3247 2922 quatuor,
3305 2853 3711 2908 monasterium

2133 2959 2256 3002 octo
2302 2947 2467 3016 capit.
2530 2944 2627 3000 Sin
2657 2960 2788 3000 vero
2841 2944 3249 3006 consenserint,
3311 2945 3711 2998 monasterium

2133 3040 2443 3095 universam
2496 3038 2864 3094 substantiam
2930 3037 3184 3107 percipit.
3228 3037 3467 3092 Possunt
3524 3047 3713 3093 autem

2132 3132 2246 3186 haec
2277 3131 2444 3184 etiam
2480 3132 2546 3184 de
2589 3130 2706 3184 viro
2753 3130 2887 3183 citra
2939 3144 3160 3184 causam
3214 3130 3532 3198 repudiante
3580 3133 3715 3192 dici,

2136 3221 2348 3296 [idque]
2377 3239 2444 3277 ex
2492 3219 2717 3276 Novella
2752 3220 2876 3284 H7,
2911 3236 3034 3291 quae
3077 3234 3268 3291 pmnas
3299 3221 3713 3276 temerariorum

2136 3315 2494 3386 repudiorum
2521 3313 2784 3383 zequales,
2815 3313 3066 3369 etvirnm
3093 3315 3315 3368 statutis
3341 3313 3395 3367 in
3426 3314 3712 3368 mulierem

2126 3399 2364 3476 [poenis]
2396 3417 2462 3456 ex
2485 3416 2645 3471 aequo
2681 3401 2982 3456 obnoxium
3007 3416 3150 3466 esse,
3205 3401 3358 3456 dicit.
3416 3401 3712 3462 Caeterum.

2136 3494 2486 3550 sine'damno
2520 3492 2758 3549 solvitur
2786 3495 3200 3548 matrimonium
3233 3534 3246 3558 ,
3279 3494 3323 3549 si
3355 3495 3587 3550 maritus
3619 3511 3716 3564 per

2135 3585 2432 3640 triennium
2505 3595 2626 3655 post
2651 3586 2844 3640 initum
2913 3585 3323 3639 matrimonium
3375 3604 3498 3640 cum
3546 3603 3714 3640 uxom

2135 3677 2283 3733 coire
2308 3691 2414 3731 non
2430 3677 2686 3747 potuerit,
2720 3685 2940 3748 propter
2960 3677 3123 3730 vitam
3142 3677 3501 3732 monasticam
3524 3678 3714 3742 etiam,

2136 3781 2189 3824 et
2215 3769 2258 3824 si
2281 3769 2510 3824 maritus
2527 3768 2594 3822 ab
2632 3767 2887 3823 hostibus
2910 3777 3101 3837 captus
3133 3767 3318 3832 fuerit,
3375 3782 3436 3822 ac
3466 3779 3534 3818 an
3564 3760 3710 3815 vivat

2139 3860 2205 3916 ad
2235 3860 2671 3931 quinquennium
2700 3861 3004 3931 ignoretur.

2215 3952 2429 4007 Textus.
2457 3952 2608 4019 Quod
2633 3968 2796 4020 porro
2819 3965 3089 4007 consensu
3113 3949 3272 4022 42],
3297 3951 3556 4020 conjuges
3580 3951 3719 4006 inter

2141 4060 2198 4098 se
2218 4043 2628 4097 matrimonium
2653 4045 2908 4096 dirimere
2929 4041 3184 4113 [possint]
3208 4042 3412 4096 dictum
3436 4040 3536 4094 fuit
3561 4041 3715 4107 olim,

2138 4137 2457 4205 abrogatum
2511 4145 2691 4188 autem
2732 4140 2817 4188 est
2864 4148 2962 4202 per
3006 4133 3205 4187 dictam
3266 4133 3367 4186 H7
3413 4131 3717 4195 Novellam,

2141 4227 2235 4284 sed
2267 4227 2611 4296 postmodum
2647 4235 2966 4281 renovatum
3003 4227 3069 4280 ab
3115 4226 3446 4295 imperatore
3474 4223 3718 4282 Justiuo.

2141 4318 2309 4372 Plane
2347 4317 2438 4387 qui
2470 4320 2701 4372 maritus
2743 4318 3041 4371 indotatam
3091 4332 3317 4370 uxorem
3363 4316 3497 4370 citra
3552 4318 3722 4371 ratiu-

2143 4426 2264 4464 nem
2295 4410 2463 4481 ejicit,
2501 4411 2597 4465 dat
2637 4410 2711 4463 illi
2753 4425 2904 4479 purae
2939 4409 3261 4463 substantia
3294 4424 3405 4463 suae
3446 4408 3723 4477 quadran-

451 4497 633 4568 συμϐῇ
684 4499 876 4562 παῖδας
926 4493 1066 4552 εἶναι
1114 4498 1364 4562 πλείονας
1391 4500 1501 4555 τῶν
1528 4499 1717 4569 τριῶν,
1753 4499 1814 4552 οὐ
1850 4499 1909 4552 τὸ
1938 4498 2025 4551 τέ-

2143 4513 2267 4555 lem.
2294 4501 2363 4555 At
2398 4501 2442 4555 si
2480 4500 2623 4556 forte
2654 4499 2837 4569 plures
2862 4500 3039 4554 tribus
3077 4499 3232 4553 liberi
3275 4498 3404 4559 sint,
3437 4515 3543 4552 non
3588 4517 3723 4569 qua-

448 4598 648 4663 τᾱρτον
693 4591 829 4646 ἀλλὰ
874 4593 1064 4657 παιδὸς
1111 4593 1227 4657 ἑνὸς
1276 4593 1568 4660 ἀναλογίαν
1617 4591 1917 4660 λαμϐάνει·
1966 4592 2027 4644 οὑ

449 4680 674 4734 δύναται
717 4680 775 4734 δὲ
825 4681 886 4734 τὺ
928 4682 1203 4752 διδόμενον
1253 4682 1411 4752 αὐτῇ,
1461 4681 1812 4752 ὑπερϐαίνειν
1841 4682 1940 4744 τὰς
1984 4678 2026 4752 ρ’

449 4772 546 4825 τοῦ
580 4771 782 4843 χρυσοῦ
809 4771 998 4843 λίτρας
1015 4788 1028 4801 ’
1052 4774 1149 4844 οὐχ
1177 4774 1460 4826 ὑπόκειται
1476 4771 1533 4825 δὲ
1558 4772 1821 4842 τούτοιςὴ
1847 4771 2032 4842 ἄπροι-

450 4881 548 4927 κος
614 4865 787 4934 γυνὴ,
842 4865 1053 4934 ἀλόγως
1097 4864 1191 4919 τοῦ
1221 4865 1412 4938 ἀνδρὸς
1447 4864 1840 4936 ἀναχωροῦσα,
1874 4864 1951 4928 ὡς
1997 4865 2031 4934 ἡ

450 4957 588 5028 αὐτὴ
622 4955 721 5029 ριξ
755 4956 960 5028 Νεαρά.

527 5135 795 5190 Τοσοῦτον
815 5135 872 5189 δὲ
891 5137 1169 5203 ἀκώλυτός
1210 5140 1358 5193 ἐστιν
1387 5141 1420 5210 ἡ
1454 5138 1565 5192 τῶν
1621 5137 1816 5208 γάμων
1848 5137 2034 5192 διάλυ-

453 5244 560 5294 σις,
601 5229 683 5282 ὅτι
712 5228 924 5300 εἴρηται
971 5230 1113 5301 βιϐλ.
1153 5233 1258 5302 με’,
1291 5231 1396 5286 τίτ.
1433 5238 1513 5299 α’,
1539 5231 1678 5286 διάτ.
1713 5239 1771 5284 ιε’
1795 5273 1810 5298 ,
1842 5231 1917 5295 ὡς
1940 5231 2034 5286 ἐάν

450 5333 535 5378 τις
560 5316 669 5369 τῶν
701 5319 1092 5373 συνοικούντων
1144 5321 1380 5392 ὁμολογῇ
1439 5321 1650 5393 ποινὴν,
1679 5323 1742 5375 ὲκ
1769 5321 1862 5374 τοῦ
1903 5323 2034 5392 παρ’

452 5413 634 5465 αἰτίαν
701 5413 865 5466 αὑτοῦ
923 5414 1151 5483 λυθῆναι
1207 5415 1302 5468 τὸν
1353 5414 1550 5484 γάμον,
1585 5414 1686 5466 οὑκ
1743 5412 1978 5484 ἔρρωται
2017 5426 2030 5441 '

450 5505 611 5574 ἀρκεῖ
639 5505 805 5575 γάρὴ
844 5505 920 5577 τῷ
943 5507 1094 5577 νόμῳ
1139 5507 1233 5559 ἐπὶ
1264 5507 1373 5559 τῶν
1426 5505 1686 5559 τοιούτων
1755 5505 2033 5576 ὡρισμένη

450 5597 610 5667 ποινὴ
644 5611 657 5625 ο
695 5598 743 5649 εί
791 5597 865 5668 μὴ
897 5599 1005 5668 ἄρα
1040 5598 1190 5668 καὶὴ
1235 5599 1573 5668 ἐπερώτησις
1611 5597 1884 5666 τοσαύτην
1941 5615 2037 5649 πε-

458 5689 627 5758 ριέχει
652 5703 667 5718 ο
696 5689 789 5741 καὶ
818 5689 959 5744 διάτ.
1014 5689 1116 5760 ρλδ*
1148 5690 1242 5743 τοῦ
1283 5689 1448 5742 αὑτοῦ
1495 5691 1602 5744 τίτ.
1639 5690 1719 5743 ὅτι
1766 5690 1825 5742 οὑ
1858 5690 2038 5753 καλῶς

458 5781 721 5840 ἐπερωτῶ
773 5799 896 5836 τινα
948 5784 1138 5853 ποινὴν
1166 5784 1228 5837 ὲκ
1262 5782 1354 5836 τοῦ
1401 5784 1476 5855 μὴ
1508 5783 1823 5854 γαμηθῆναί
1895 5801 1984 5854 μοι
2019 5801 2032 5813 ·

2139 4593 2410 4654 drantem,
2438 4592 2530 4647 sed
2588 4592 2749 4646 unius
2782 4591 3078 4645 liberorum
3109 4590 3417 4660 portionem
3455 4588 3596 4662 [illa]
3629 4608 3722 4644 ae-

2134 4687 2284 4753 cipit.
2333 4685 2450 4740 Non
2499 4695 2675 4756 potest
2713 4694 2919 4748 autem,
2953 4684 3099 4754 quod
3147 4682 3223 4737 illi
3274 4685 3456 4749 datur,
3493 4694 3717 4739 centun.

2135 4778 2251 4831 auri
2278 4777 2445 4831 libras
2476 4776 2759 4831 excedere.
2793 4773 2934 4829 Huic
2967 4773 3224 4846 [dationi]
3261 4785 3443 4829 tamen
3475 4775 3718 4844 quaedu-

2135 4879 2241 4922 tem
2275 4883 2379 4920 non
2421 4868 2606 4920 intulit
2645 4867 2856 4928 mulier,
2897 4867 2940 4920 si
2968 4866 3104 4920 citra
3144 4867 3412 4921 rationem
3448 4883 3588 4920 ama
3611 4868 3721 4921 rito

2135 4958 2370 5013 divertat
2399 4957 2697 5029 (quomodo
2728 4958 2916 5013 eadem
2940 4957 3038 5011 H7
3070 4957 3290 5012 Novella
3332 4957 3570 5030 [tradit])
3598 4975 3708 5014 non

2135 5058 2218 5105 est
2251 5049 2506 5103 obnoxia.

2214 5140 2429 5196 Texms.
2461 5138 2654 5210 Usque
2687 5140 2824 5195 adeo
2861 5149 3045 5196 autem
3089 5144 3561 5198 matrimoniorum
3609 5145 3720 5198 dis-

2138 5235 2342 5288 solutio
2383 5233 2632 5302 impediri
2684 5235 2892 5302 nequit,
2951 5247 3009 5289 ut
3067 5237 3160 5291 lib.
3216 5253 3340 5302 XLV,
3399 5242 3480 5291 tit.
3528 5239 3602 5299 1,
3640 5239 3722 5289 di-

2138 5327 2363 5395 gest.l9
2401 5327 2615 5381 dicatur
2658 5343 2671 5380 :
2707 5326 2860 5394 Quod
2899 5328 2943 5381 si
2969 5330 3094 5398 quis
3152 5331 3446 5400 eonjugnm
3498 5345 3713 5398 poenam

2138 5419 2517 5487 spoponderit,
2544 5419 2587 5472 si
2607 5419 2764 5488 culpa
2782 5436 2878 5475 sua
2899 5421 3195 5475 divortium
3228 5423 3340 5484 ﬁat,
3373 5420 3720 5494 [promissio]

2140 5527 2246 5565 non
2304 5513 2460 5565 valet.
2495 5512 2703 5567 Suﬂicit
2740 5515 2882 5567 enim
2917 5516 2968 5568 in
2993 5515 3190 5569 talibus
3218 5531 3246 5568 a
3279 5516 3394 5586 l-ge
3421 5514 3720 5569 constituta

2139 5616 2298 5670 pinna
2337 5601 2474 5655 :nisi
2515 5603 2557 5656 si
2605 5603 2890 5673 stipulatio
2927 5607 3263 5660 tantumdem
3297 5607 3721 5675 comprehendat

2140 5693 2458 5760 otejusdetn
2509 5694 2590 5748 tit.
2645 5695 2844 5764 digest.
2881 5695 3143 5751 I54.Non
3200 5704 3346 5750 recte
3393 5697 3612 5767 stipnlm
3654 5699 3722 5750 ab

2141 5783 2321 5852 aliqua
2359 5799 2599 5854 poenam,
2636 5786 2680 5840 si
2701 5786 2834 5840 mihi
2867 5802 2972 5841 non
3016 5786 3203 5849 nubat,
3239 5802 3412 5854 neque
3437 5788 3562 5842 item
3603 5803 3721 5855 (ιπευ
