4156 6468
505 339 595 405 911
1659 341 1923 403 PHOTII
1953 340 2090 403 PAT

2199 343 2452 404 \RCHAE
2490 343 2597 404 (ΖΡ.
3660 344 3773 408 912

504 448 640 504 mihi
667 445 778 518 jam
806 452 970 517 nupta
989 455 1093 514 est,
1120 446 1188 503 ab
1216 462 1277 503 ea
1307 462 1523 518 pcenam
1552 447 1799 518 stipulari
1831 463 2079 517 possum,

2199 449 2307 503 ιῠτε
2340 450 2446 521 μὴν
2468 450 2566 521 τὴν
2597 449 2698 521 ήδη
2730 449 3072 520 γαμηθεϊσάν
3109 467 3220 519 μοι,
3248 451 3436 521 ποινὴν
3466 453 3766 526 ἐπερωτᾷν

506 540 553 594 si
608 538 904 597 divortium
963 537 1173 593 fecerit.
1212 539 1415 594 Eadem
1446 540 1609 594 etiam
1638 539 1707 594 de
1764 539 1993 593 muliere
2046 553 2078 594 a

2199 538 2435 607 ῑύναμαι,
2494 538 2590 591 ἐὰν
2620 538 2755 609 λύσῃ
2809 540 2901 593 τὸν
2948 542 3127 610 γάμον
3162 556 3177 570 ο
3212 540 3281 594 τὰ
3305 542 3445 595 αὐτὰ
3473 543 3570 595 καὶ
3630 548 3765 615 περὶ

507 630 705 684 mar-ito
764 630 1062 699 stipulante
1116 630 1483 702 [intelligenda
1520 629 1665 702 sunt]
1706 640 1758 685 et
1805 630 1901 685 lib.
1958 646 2075 697 vnt,

2199 631 2437 697 (watqu
2463 631 2825 702 ὲπερωτώσης
2865 632 2957 685 τὸν
2998 632 3166 704 ἄνδρα
3192 647 3206 661 '
3244 634 3339 685 καὶ
3396 633 3537 703 βιὸλ.
3559 642 3609 706 η’
3662 638 3762 691 τοῦ

505 722 630 775 eod.
666 723 749 775 tit.
782 722 872 787 38,
906 731 1082 777 const.
1122 721 1176 776 2.
1221 722 1461 776 Invalide
1486 722 1608 791 quis
1658 722 1975 791 paciscitur,
2010 738 2079 779 ne

2199 721 2337 785 ιὼδ..
2368 723 2475 778 τίτ.
2505 724 2621 793 λη’,
2652 722 2791 777 διάτ.
2824 722 2869 792 β’
2895 764 2909 787 ,
2946 725 3026 778 ὅτι
3064 723 3365 793 ἀνισχύρως
3396 742 3474 787 τις
3498 728 3765 781 πακτεύει

509 813 615 867 sibi
672 814 963 868 divortium
1000 813 1180 867 facere
1216 828 1322 866 non
1358 813 1515 867 liceat
1549 831 1562 865 :
1591 822 1644 868 et
1667 829 1788 884 qua:
1833 828 1993 885 poena
2021 814 2077 870 in

2199 813 2260 884 ιὴ
2292 814 2489 879 ἐξεῖναι
2520 815 2669 885 αὐτῷ
2691 814 2849 868 λῦσαι
2892 815 2984 867 τὸν
3022 815 3222 885 γάμον,
3254 817 3348 869 καὶ
3377 815 3483 868 οὐκ
3523 817 3766 888 ἔρρωται

510 906 614 960 hac
643 906 996 976 stipulatione
1029 905 1321 961 constituta
1346 914 1448 970 est,
1485 906 1639 960 irrita
1668 915 1775 962 est.

2199 908 2219 977 ἡ
2258 907 2352 960 ἐπὶ
2390 906 2565 977 τούτῳ
2602 908 3012 979 ὲπερωτηθείσα
3045 908 3224 977 ποινή.

578 994 733 1050 CAP.
768 994 832 1049 V.
862 1028 929 1037 --
964 995 1040 1051 De
1069 997 1438 1065 fornicatione,
1485 996 1764 1064 adulterio,
1797 1006 1977 1067 stupro
2032 1004 2083 1052 et

2256 998 2521 1053 KE¢AA'.
2559 1000 2621 1052 Ε.
2644 1029 2719 1040 -
2734 999 2873 1068 Περὶ
2912 1000 3217 1066 πορνείας,
3241 1000 3338 1054 καὶ
3353 1002 3644 1072 μοιχείας,
3662 1003 3766 1056 και

509 1083 864 1139 masculorum
887 1086 1183 1140 concubitu.

2199 1090 2432 1159 ρθορᾶς,
2462 1091 2559 1144 καὶ
2586 1091 3053 1159 ἁρῤενοκοιτίας.

963 1175 1330 1244 Apostolorum
1356 1193 1523 1231 canon
1553 1177 1640 1233 61.

2210 1186 2216 1191 ’
2601 1181 2978 1235 Ἀποστόλων
3003 1179 3203 1235 κανὼν
3232 1180 3330 1246 Ea'.

579 1269 664 1327 δι).
727 1267 782 1322 Si
822 1267 1082 1322 adversus
1118 1266 1330 1323 ﬁdelem
1374 1268 1553 1338 aliqua
1583 1269 1861 1325 accusatio
1887 1270 2079 1325 inten-

2263 1274 2308 1336 ξ’
2330 1273 2398 1327 Εἴ
2420 1289 2503 1336 τις
2522 1273 2826 1344 κατηγορία
2842 1273 3064 1345 γένηται
3077 1275 3218 1327 κατὰ
3243 1274 3433 1327 πιστοῦ
3448 1278 3696 1345 πορνείας
3728 1278 3765 1347 ἢ

504 1364 683 1428 datur,
732 1369 792 1416 ut
851 1360 1251 1425 fornicationis,
1312 1360 1394 1415 vel
1420 1361 1693 1427 adulterii,
1730 1363 1813 1417 vel
1855 1362 2087 1431 alicujus

2199 1367 2435 1435 μοιχείας
2463 1366 2495 1436 ἢ
2528 1366 2693 1437 ἄλλης
2724 1367 2867 1429 τινὸς
2899 1368 3355 1439 ἀπηγορευμένης
3380 1370 3649 1440 πράξεως,
3670 1371 3766 1423 καὶ

504 1442 645 1509 alius
678 1454 961 1523 proltibitse
987 1451 1244 1521 actionis,
1266 1460 1321 1509 et
1346 1453 1631 1511 convictus
1661 1453 1847 1520 fuerit,
1881 1454 1948 1510 ad
1978 1454 2090 1511 cle—

505 1562 624 1601 rum
648 1556 756 1597 non
790 1538 1145 1609 provehatur.

784 1635 948 1707 £22
984 1636 1204 1690 Concilii
1234 1637 1497 1708 Ancyram‘
1523 1654 1689 1693 canon
1712 1638 1802 1693 20.

578 1728 670 1784 20.
714 1728 770 1782 Si
819 1729 1052 1798 alicujus
1089 1745 1230 1782 uxor
1264 1731 1565 1785 adulterata
1607 1730 1809 1797 fuerit,
1846 1729 1927 1784 vel
1955 1730 2079 1800 quis

509 1833 627 1872 eam
661 1818 1083 1884 adulteraverit,
1117 1829 1330 1889 oportet
1382 1837 1505 1875 cum
1554 1822 1607 1874 in
1656 1830 1860 1890 septem
1921 1820 2078 1874 annis

506 1908 652 1977 quod
680 1908 977 1980 perfectum
1008 1915 1088 1962 cst
1113 1911 1349 1978 assequi,
1375 1925 1470 1979 per
1493 1909 1692 1980 gradus
1708 1908 1801 1979 qui
1819 1922 1885 1964 eo
1907 1908 2082 1963 dedu-

510 2010 663 2055 Clllll.

816 2088 1045 2144 Concilii
1063 2088 1513 2145 Neocwsariensis
1526 2104 1693 2142 canon
1722 2086 1776 2142 8.

579 2178 631 2232 8.
671 2176 729 2232 Si
765 2178 999 2247 alicujus
1040 2191 1199 2242 uxor,
1242 2186 1373 2239 etc.,
1409 2185 1464 2227 ut
1499 2192 1620 2245 pag.
1662 2175 1801 2229 555.

670 2270 897 2324 Concilii
924 2270 1226 2323 wcumenici
1260 2284 1309 2321 vt
1348 2284 1570 2321 canones
1600 2266 1690 2333 86,
1719 2266 1808 2330 87,
1838 2266 1926 2321 98.

579 2362 668 2415 86.
690 2363 797 2417 Eos
816 2362 907 2431 qui
933 2361 999 2415 ad
1022 2360 1325 2414 animarum
1350 2359 1556 2428 lapsus,
1582 2368 1713 2423 etc.,
1739 2366 1795 2411 ut
1828 2356 2084 2427 pag.751.

581 2454 669 2507 87.
721 2454 854 2519 Quae
913 2453 1172 2507 maritum
1204 2450 1426 2520 reliquit
1468 2459 1553 2506 est
1590 2448 1839 2503 adultera
1867 2461 1998 2513 etc.,
2026 2456 2091 2500 ut

508 2546 780 2617 pag.906.

578 2642 667 2697 98.
736 2638 839 2705 Qui
898 2636 1055 2693 alteri
1113 2635 1441 2707 desponsam
1509 2636 1813 2704 mulierem,
1840 2640 1972 2701 etc.,
2022 2649 2079 2693 ut

506 2752 629 2805 pug.
666 2731 792 2787 894.

507 2846 702 2901 Basilii
734 2859 955 2899 canones
988 2842 1042 2905 7,
1068 2841 1259 2910 18,2l,
1294 2842 1384 2905 22,
1403 2842 1494 2910 25,
1533 2841 1623 2907 26,
1652 2840 1742 2907 50,
1762 2840 1852 2906 54,
1874 2840 1963 2907 ⁸57,
1994 2839 2083 2905 39,

1024 2915 1117 2977 49,
1146 2914 1236 2979 58,
1265 2914 1354 2977 59,
1381 2913 1470 2978 62,
1500 2912 1589 2968 '77.

2188 1455 2495 1527 ἐλεγχθείη,
2536 1458 2617 1519 είς
2646 1456 2846 1528 κλῆρον
2875 1456 2950 1529 μὴ
2973 1458 3318 1528 προαγέσθω.

2512 1634 2780 1690 Συνόδου
2819 1635 3108 1704 Ἀγκύρας
3131 1635 3335 1690 κανὼν
3364 1642 3432 1690 κ’.

2264 1734 2332 1782 κ’.
2388 1728 2512 1781 Ἐάν
2545 1745 2690 1790 τινος
2716 1728 2852 1798 γυνὴ
2889 1728 3165 1799 μοιχευθῇ,
3209 1729 3241 1798 ἢ
3284 1729 3544 1801 μοιχεύσῃ
3573 1747 3672 1794 τις,
3703 1731 3763 1781 ἒν

2190 1819 2329 1871 ἑπτὰ
2370 1819 2513 1871 ἔτεσι
2545 1819 2626 1871 δεῖ
2652 1818 2815 1873 αὑτὸν
2857 1816 2951 1871 τοῦ
2994 1817 3201 1872 τελείου
3230 1822 3434 1890 τυχεῖν,
3466 1820 3607 1874 κατὰ
3636 1822 3763 1884 τοὺς

2189 1907 2433 1979 βαθμοὺς
2464 1909 2589 1971 τοὺς
2618 1908 2982 1977 προάγοντας.

2418 2089 2690 2145 Συνόδου
2715 2091 3184 2160 Νεοκαισαρείας
3232 2091 3433 2147 κανὼν
3459 2092 3532 2162 η’.

2263 2190 2336 2253 η’.
2360 2182 2501 2255 Γυνή
2529 2200 2673 2247 τινος
2696 2185 3040 2254 μοιχευθεῖσα
3072 2185 3259 2239 λαῖκοῦ
3289 2186 3460 2251 ὄντος,
3485 2203 3538 2241 κ.
3568 2203 3618 2242 τ.
3640 2187 3691 2240 λ.

2190 2274 2462 2329 Συνόδου
2478 2274 2895 2344 οίκουμενικῆς
2921 2275 3101 2343 ἕκτης
3128 2276 3325 2329 κανὼν
3341 2284 3440 2341 πς¹
3457 2320 3471 2343 ,
3498 2278 3586 2343 πζ¹
3605 2318 3619 2343 ,
3649 2282 3760 2349 ιιην.

2265 2372 2385 2429 πς·’.
2412 2366 2550 2428 Τοὺς
2576 2365 2667 2418 ἐπὶ
2700 2365 2886 2435 ψυχῶν
2903 2366 3117 2438 ὀλίσθῳ,
3159 2384 3214 2424 κ.
3246 2385 3297 2421 τ.
3320 2368 3374 2427 λ.

2270 2456 2385 2521 πῖ.
2427 2458 2493 2511 Ἦ
2547 2457 2637 2510 τὸν
2680 2457 2851 2528 ἄνδρα
2898 2457 3267 2513 καταλιποῦσα
3300 2460 3544 2531 μοιχαλίς
3595 2463 3760 2520 ἐστιν,

2193 2562 2247 2599 κ.
2277 2562 2329 2599 τ.
2343 2543 2393 2599 λ.

2267 2641 2357 2709 ιη’
2397 2637 2458 2693 '0
2484 2635 2656 2708 ἑτέρῳ
2689 2636 3118 2709 μνηπευθεῖσαν
3148 2639 3405 2708 γυναῖκα,
3444 2656 3502 2694 κ.
3525 2655 3575 2692 τ.
3605 2638 3657 2694 λ.

2200 2844 2520 2917 Βασιλείου
2564 2846 2767 2917 κανὼν
2817 2843 2899 2917 ζ’.
2917 2851 3026 2917 ιη’,
3063 2844 3182 2917 κα’,
3216 2843 3501 2917 κβ’,ίκε’,
3536 2850 3659 2910 κς’,
3684 2844 3760 2909 λ’,

2431 2915 2504 2969 λδ¹
2527 2956 2541 2979 ,
2568 2914 2645 2979 λζ’
2665 2955 2679 2979 ,
2700 2916 2807 2980 λθ’,
2840 2914 2926 2986 μθ⁹
2952 2914 2978 2979 ,⁷
3012 2916 3096 2985 νη¹
3124 2956 3139 2981 ,
3171 2916 3248 2968 νθ¹
3268 2955 3282 2979 ,
3317 2915 3422 2985 ξβ’,
3446 2916 3543 2979 σίζ’.

583 3010 637 3065 7.
667 3008 1032 3063 Masculorum
1060 3016 1113 3062 et
1140 3006 1456 3061 animalium
1491 3012 1859 3075 corruptores,
1896 3011 1949 3057 et
1992 3002 2090 3057 bo-

2266 3008 2337 3071 C'.
2368 3005 2806 3077 Ἀῥρενοφθόροι,
2841 3006 2935 3060 καὶ¹
2965 3006 3281 3074 ζωοφθόροι,
3314 3008 3407 3058 καὶ
3441 3007 3638 3074 φονεῖς,
3672 3008 3765 3060 καὶ

510 3098 746 3161 micidae,
775 3106 829 3151 et
856 3096 1105 3161 venefici,
1159 3104 1213 3149 ct
1240 3095 1493 3161 adulteri,
1528 3102 1581 3149 et
1620 3095 1945 3158 idololatrzc,
1992 3109 2081 3146 ea-

512 3192 633 3244 dem
657 3172 1112 3243 condcmnatione
1133 3187 1282 3257 digni
1315 3187 1604 3241 habentur.
1632 3184 1812 3251 Quare
1838 3200 2003 3254 quam
2031 3184 2082 3237 in

516 3282 639 3336 aliis
666 3281 833 3334 habes
867 3278 1122 3344 formam,
1160 3278 1215 3331 in
1245 3278 1313 3333 iis
1347 3293 1568 3348 quoque
1605 3292 1783 3333 serva.
1825 3277 1865 3330 li
1901 3287 2084 3330 autem

512 3373 607 3443 qui
680 3372 898 3439 triginta
944 3385 1118 3425 annos
1176 3371 1551 3441 paenitentiam
1593 3376 1817 3440 egerunt
1868 3378 2088 3437 propter

514 3465 941 3529 immunditiam,
973 3479 1137 3534 quam
1188 3464 1244 3518 in
1288 3464 1595 3535 ignorantia
1643 3462 1908 3527 fecerunt,
1954 3460 2086 3530 quin

516 3557 814 3628 recipiendi
864 3559 993 3623 sint,
1033 3571 1101 3611 ne
1144 3555 1396 3611 dubitare
1436 3556 1657 3625 quidem
1700 3569 1803 3609 nos
1851 3560 2085 3623 oportet.

514 3652 651 3706 Nam
689 3665 785 3706 eos
812 3652 973 3704 venia
1016 3650 1207 3719 dignos
1238 3649 1399 3703 eflicit
1426 3659 1481 3703 et
1509 3648 1799 3718 ignoratio,
1827 3656 1882 3702 et
1920 3662 2089 3716 spon-

516 3756 675 3797 tanca
713 3742 1010 3807 confessio,
1042 3748 1097 3795 ct
1119 3742 1382 3811 temporis
1402 3752 1547 3795 tanta
1578 3739 1927 3794 diuturnitas.
1954 3738 2090 3793 Fere

514 3833 662 3885 enim
705 3839 873 3884 totam
929 3829 1170 3885 hominis
1210 3839 1423 3884 aetatem
1475 3828 1689 3884 Satana:
1719 3828 1899 3884 traditi
1936 3837 2086 3891 sunt,

519 3931 576 3975 ut
610 3921 826 3975 discant
856 3935 962 3974 non
985 3935 1172 3990 gerere
1201 3935 1261 3976 sc
1285 3920 1537 3989 turpiter.
1571 3919 1936 3985 Quamobrem
1959 3917 2091 3986 jube

516 4031 610 4069 eos
645 4015 852 4083 absque
892 4012 1407 4080 dilationevsuscipi,
1457 4013 1692 4066 maxime
1738 4011 1785 4065 si
1822 4010 2090 4081 lacrymas

516 4106 741 4172 habent,
770 4119 891 4175 quae
937 4113 1085 4158 tuam
1132 4105 1474 4159 clementiam
1522 4103 1765 4169 ﬂectant,
1813 4111 1868 4157 et
1923 4103 2090 4155 vitam

515 4197 815 4254 ostendunt
838 4194 1317 4252 commiseratione
1342 4196 1583 4266 dignam.

586 4382 748 4456 423
780 4382 866 4437 18.
903 4381 976 4436 De
1003 4380 1309 4451 virginibus
1334 4379 1523 4449 lapsis,
1554 4386 1683 4440 etc.,
1717 4384 1773 4429 ut
1810 4390 1932 4444 pag.
1964 4372 2091 4427 858.

586 4478 679 4530 21.
726 4476 783 4528 Si
806 4475 890 4529 vir
926 4489 1034 4528 una
1082 4488 1207 4529 cum
1238 4486 1410 4527 uxore
1450 4471 1727 4533 habitans,
1762 4476 1948 4538 postea
1979 4480 2095 4519 ma-

517 4569 782 4623 trimonio
827 4583 935 4622 non
978 4573 1291 4630 contentus,
1335 4566 1388 4619 in
1435 4563 1851 4617 fornicationem
1888 4558 2096 4612 incide-

518 4662 624 4721 rit;
667 4658 1052 4714 fornicatorem
1105 4673 1231 4712 eum
1274 4656 1609 4725 judicamus,
1660 4654 1947 4722 ipsumque
1978 4650 2098 4702 Iona

522 4748 647 4819 gius
695 4747 1053 4817 producimus
1098 4746 1151 4799 in
1198 4744 1470 4815 impositis
1510 4743 1730 4813 positis:
1784 4739 1875 4794 sed
1913 4746 2094 4791 tamen

522 4853 785 4892 canonem
831 4852 940 4891 non
992 4836 1282 4900 habemus,
1310 4834 1403 4905 qui
1432 4849 1559 4888 eum
1602 4830 1852 4886 adulterii
1880 4827 2097 4883 crimini

523 4928 802 4996 subjiciat,
855 4928 901 4981 si
947 4929 1000 4982 in
1051 4928 1282 4982 solutam
1333 4941 1364 4979 a
1413 4923 1766 4979 matrimonio
1812 4929 2097 4991 peccatum

525 5020 877 5075 commissum
929 5018 1033 5073 sit:
1067 5027 1350 5087 prOpterea
1377 5016 1525 5085 quod
1569 5014 1814 5069 adultera
1853 5010 2094 5081 quidem,

522 5112 729 5181 inquit,
775 5109 995 5165 Polluta
1044 5110 1312 5180 polluetur
1344 5117 1400 5161 et
1455 5107 1521 5160 ad
1555 5108 1731 5161 virum
1768 5120 1930 5161 suum
1988 5116 2099 5156 non

522 5212 823 5258 revertetur
855 5203 901 5233 ’³
926 5219 941 5269 ;
973 5210 1045 5266 et,
1085 5201 1189 5267 Qui
1217 5201 1514 5253 adulteram
1543 5198 1761 5261 detinet,
1791 5196 1986 5250 stultus
2014 5202 2093 5248 est

520 5307 571 5349 et
602 5294 795 5357 impius
828 5292 874 5323 “
906 5311 919 5346 :
961 5292 1052 5347 sed
1082 5290 1174 5361 qui
1219 5290 1521 5345 fornicatus
1552 5298 1655 5355 est,
1691 5304 1799 5344 non
1832 5285 2094 5341 exclude-

524 5398 613 5444 tur
649 5386 947 5457 quominus
977 5400 1101 5440 cum
1133 5398 1307 5438 uxore
1336 5383 1561 5438 habitet.
1589 5382 1771 5449 Quare
1802 5396 1942 5435 uxor
1974 5380 2098 5449 qui-

525 5485 650 5540 dent
682 5498 712 5537 a
750 5481 1113 5538 fornicatione
1147 5488 1502 5535 revertentem
1549 5480 1727 5533 virum
1754 5493 1914 5533 suum
1946 5476 2097 5541 exci-

525 5577 669 5647 piet:
703 5575 788 5631 vir
816 5588 946 5629 vero
968 5574 1228 5643 pollutam
1260 5587 1291 5626 e
1325 5572 1441 5626 suis
1461 5572 1669 5627 mdibus
1695 5571 1892 5641 ejiciet.
1919 5568 2097 5639 Atque

592 5728 637 5761 ²³
665 5726 866 5783 Jcrem.
904 5744 983 5792 Ill,
1021 5729 1069 5781 l.
1167 5728 1211 5759 ³⁵
1240 5725 1494 5782 Proverb.
1533 5742 1685 5793 xvnt,
1716 5726 1804 5779 9.2.

2195 3099 2500 3168 φαρμακοὶ,
2533 3097 2627 3151 καὶ
2668 3098 2867 3167 μοιχοὶ,
2905 3099 2999 3151 καὶ
3043 3097 3447 3166 εἰδωλολάτραι,
3470 3099 3568 3167 τῆς
3599 3098 3765 3164 αὐτῆς

2194 3189 2494 3259 καταδίκης
2528 3189 2666 3241 εἰσὶν
2686 3188 2977 3259 ἠξιωμένοι
3002 3204 3017 3220 ⁶
3054 3187 3193 3242 ὥστε
3254 3188 3312 3241 ὃν
3342 3189 3485 3259 ἔχεις
3517 3190 3608 3241 ἐπὶ
3658 3190 3764 3241 τῶν

2194 3281 2368 3336 ἄλλων
2391 3280 2582 3346 τύπον,
2611 3281 2707 3333 καὶ
2735 3283 2827 3334 ἐπὶ
2848 3280 3053 3335 τούτων
3104 3280 3341 3350 φύλαξον
3373 3298 3387 3314 ο
3425 3284 3549 3345 τοὺς
3601 3282 3655 3335 δὲ
3710 3284 3767 3334 ἐν

2197 3376 2491 3446 τριάκοντα
2538 3374 2682 3427 ἔτεσι
2713 3378 3152 3445 μετανοήσαντας
3181 3375 3274 3428 ἐπὶ
3329 3377 3396 3446 τῇ
3454 3374 3763 3443 ἀκαθαρσίᾳ

2197 3467 2263 3535 ἢν
2290 3468 2347 3520 ἐν
2373 3465 2565 3536 ἀγνοίᾳ
2594 3464 2853 3535 ἔπραξαν,
2878 3466 2985 3518 οὐδ’
3012 3464 3374 3535 ἀμφιϐάλλειν
3422 3463 3566 3533 ἡμᾶς
3601 3478 3768 3531 προσ-

2198 3556 2331 3627 ῆκεν
2359 3558 2437 3619 είς
2463 3555 2523 3608 τὸ
2559 3555 2967 3625 παραδέξασθαι
2991 3577 3005 3591 ο
3029 3557 3063 3626 ἦ
3085 3573 3144 3607 τε
3177 3556 3285 3625 γὰρ
3308 3556 3496 3622 ἄγνοια
3527 3552 3768 3621 συγγνώ-

2202 3665 2311 3718 μης
2344 3647 2541 3711 αὐτοὺς
2600 3645 2782 3711 ἀξίους
2820 3648 2983 3710 ποιεῖ,
3030 3645 3211 3699 καὶτὸ
3243 3646 3488 3699 ἑκούσιον
3535 3644 3631 3713 τῆς
3679 3643 3763 3705 ἐξ-

2200 3739 2569 3810 αγορεύσεως,
2629 3741 2778 3809 καὶὴ
2832 3738 3139 3809 παράτασις
3169 3739 3200 3806 ἡ
3232 3740 3288 3791 ἐν
3330 3737 3569 3808 τοσούτῳ
3591 3738 3765 3808 χρόνῳ

2195 3831 2460 3902 γενομένη
2486 3847 2503 3864 ο
2553 3831 2738 3901 σχεδὸν
2767 3831 2874 3901 γὰρ
2934 3830 3062 3901 ὅλην
3091 3830 3283 3898 γενεὰν
3309 3829 3592 3900 ἀνθρώπου
3628 3846 3763 3897 παρ-

2197 3922 2456 3991 εδόθησαν
2512 3921 2590 3991 τῷ
2646 3923 2878 3992 Σατανᾷ,
2934 3922 3021 3974 ἵνα
3079 3920 3411 3974 παιδευθῶσι
3470 3919 3544 3990 μὴ
3598 3921 3765 3989 ἀσχη-

2202 4017 2381 4084 μονεῖν
2412 4029 2427 4045 ·
2497 4012 2640 4065 ὥστε
2692 4013 2945 4067 κέλευσον
2994 4012 3192 4075 αὐτοὺς
3238 4012 3340 4083 ἤδη
3387 4010 3764 4083 ἁνυπερθέτως

2196 4105 2474 4175 δεχθῆναι,
2546 4104 2777 4175 μάλιστα
2824 4106 2872 4156 εἰ
2929 4104 3024 4157 καὶ
3091 4104 3303 4174 δάκρυα
3362 4103 3541 4172 ἔχουσι
3595 4102 3765 4154 δυσωο

2201 4196 2528 4249 ποῦντάσου
2559 4194 2658 4263 τὴν
2684 4193 3108 4264 εὐσπλαγχνίαν,
3155 4194 3252 4248 καὶ
3284 4192 3397 4263 βίον
3428 4191 3766 4245 ἐπιδείκνυν-

2125 4306 2170 4362 ι)
2197 4305 2288 4340 ται
2317 4287 2467 4353 ἄξιον
2494 4285 2856 4356 συμπαθείας.

2275 4385 2363 4450 ιη’.
2402 4379 2538 4447 Περὶ
2568 4376 2676 4431 τῶν
2699 4376 3045 4430 ἐκπεσουσῶν
3069 4375 3367 4447 παρθένων,
3401 4392 3457 4428 κ.
3483 4391 3535 4428 τ.
3573 4373 3626 4428 λ.

2262 4475 2369 4525 κα’.
2386 4468 2446 4520 El
2466 4467 2567 4537 ἀνὴ
2575 4484 2606 4537 ρ
2624 4466 2840 4533 γυναικὶ
2859 4465 3143 4531 συνοικῶν,
3160 4464 3374 4518 ἐπειδὰν
3397 4463 3471 4533 μὴ
3488 4460 3766 4533 ἀρκεσθεὶς

2196 4560 2273 4630 τῷ
2304 4560 2469 4628 γάμῳ
2502 4560 2582 4620 εἰς
2605 4556 2861 4627 πορνείαν
2899 4556 3135 4627 ἐμπέσῃ,
3170 4557 3366 4625 πόρνον
3392 4556 3649 4625 κρίνομεν
3674 4553 3764 4605 τὸν

2198 4648 2440 4702 τοιοῦτον
2476 4663 2489 4678 ·
2542 4649 2638 4699 καὶ
2670 4646 2853 4698 πλεῖον
2901 4646 3063 4698 αὐτὸν
3116 4645 3519 4717 παρατείνομεν
3563 4645 3621 4695 ὲν
3659 4644 3767 4705 τοῖς

2198 4740 2495 4809 ἐπιτιμίοις
2573 4740 2673 4791 ’οὖ
2756 4738 2937 4809 μέντοι
3010 4737 3204 4808 ἔχομεν
3272 4737 3472 4790 κανόνα
3536 4735 3615 4806 τῷ
3670 4735 3767 4803 τῆς

2203 4832 2452 4902 μοιχείας
2521 4830 2684 4884 αὑτὸν
2750 4831 3054 4897 ὑπαγαγεῖν
3124 4829 3473 4900 ἐγκλήματι,
3537 4829 3631 4882 ἐὰν
3693 4829 3769 4888 εἰς

2200 4923 2489 4993 ἐλευθέραν
2515 4922 2693 4990 γάμου
2722 4924 2755 4993 ἡ
2793 4922 3035 4992 ἁμαρτία
3066 4923 3288 4991 γένηται
3323 4939 3334 4949 ο
3363 4920 3545 4989 διότιή
3560 4936 3771 4989 μοιχαο

2199 5016 2265 5070 ,ιι
2271 5036 2301 5081 ς
2315 5013 2816 5084 μὲνμιαινομένη,
2859 5016 2991 5085 φησι
3019 5012 3386 5079 ιανθὴσεται,
3407 5011 3503 5064 καὶ
3519 5014 3618 5065 οὐκ
3644 5013 3773 5063 ἀνα-

2202 5108 2421 5179 στρέψει
2478 5108 2613 5177 πρὸς
2661 5109 2750 5158 τὸν
2812 5107 2980 5177 ἄνδρα
3034 5107 3227 5175 αὐτῆς,
3284 5107 3378 5158 καὶ
3408 5104 3473 5157 '0
3508 5103 3774 5171 κατέχων

2196 5200 2520 5271 μοιχαλίδα
2541 5200 2747 5267 ἄφρων
2767 5198 2866 5252 καὶ
2893 5197 3120 5264 ἀσεϐής
3138 5215 3152 5229 ο
3183 5201 3211 5251 ὁ
3241 5199 3421 5269 μέντοι
3455 5198 3775 5267 πορνεύσας,

2207 5293 2306 5346 οὐκ
2355 5291 2843 5361 ἀποκλεισθήσεται
2884 5290 2984 5359 τῆς
3011 5289 3145 5358 πρὸς
3168 5289 3266 5360 τὴν
3320 5291 3555 5357 γυναῖκα
3614 5286 3776 5339 αὑτοῦ

2210 5386 2574 5455 συνοικήσεως
2603 5399 2616 5412 ·
2645 5384 2786 5436 ὥστε
2822 5384 2855 5451 ἡ
2911 5382 3010 5452 μὲν
3031 5383 3169 5451 γυνὴ
3226 5380 3332 5435 ἀπὸ
3388 5379 3643 5450 πορνείας
3690 5380 3778 5428 ἐπ’

2207 5475 2423 5532 ανιόντα
2454 5473 2544 5524 τὸν
2574 5471 2741 5544 ἄνδρα
2766 5472 2936 5540 αὐτῆς
2962 5470 3350 5542 παραδέξεται,
3373 5471 3402 5522 ὁ
3427 5470 3484 5521 δὲ
3513 5468 3650 5539 ἀνὴρ
3677 5466 3774 5537 τὴν

2211 5565 2559 5635 μιανθεῖσπν,
2614 5563 2723 5616 τῶν
2769 5563 2933 5616 οἴκων
2986 5561 3181 5615 ἑαυτοῦ
3252 5558 3569 5629 ἀποπέμψει
3599 5575 3613 5590 ·
3681 5558 3772 5610 καὶ
