4156 6440
450 395 553 461 913

1264 406 1662 469 SYNTAGMA
1699 409 2085 469 CANONUM.
2114 432 2182 443 —
2213 410 2361 469 TIT.
2401 408 2572 483 XIII,
2597 410 2755 471 CAP.
2787 411 2855 473 V.

3592 410 3701 476 9M

449 515 659 565 τούτων
708 509 765 563 δὲ
816 508 1033 581 ὁ.λόγος
1064 514 1124 567 οὐ
1191 514 1395 587 ῥᾴδιος,
1435 521 1469 587 ἡ
1500 517 1557 572 δὲ
1600 521 1857 592 συνήθεια
1889 520 2029 574 οὕτω

2134 519 2329 574 horum
2355 520 2577 589 quidem
2611 520 2752 575 ratio
2780 533 2890 573 non
2916 517 3114 584 facilis,
3142 519 3235 575 sed
3261 523 3595 578 consuetudo
3620 527 3702 578 sic

448 607 797 674 κεκράτηκεν

518 694 623 764 κβ’.
642 694 780 758 Τοὺς
792 694 851 760 eg
870 696 1123 768 ἁρπαγῆς
1138 698 1359 770 ἔχοντας
1371 703 1653 770 γυναῖκας,
1666 702 1714 755 εἰ
1730 703 1829 772 μὲν
1851 702 2031 765 ἄλλοις

446 790 1050 860 προμεμνηστευμένας
1092 788 1202 847 εἷεν
1248 794 1615 867 ἀφῃρημένοι,
1661 797 1720 848 οὐ
1768 796 2031 867 πρότερον

446 880 550 950 Χρὴ
585 880 1013 951 παραδέχεσθαι,
1051 885 1237 956 πρὶνῆ
1290 887 1585 955 ἀφελέσθαι
1616 887 1786 950 αὑτὰς
1828 887 2028 949 αὐτῶν.

448 971 544 1024 καὶ
595 970 682 1021 ἐπ’
737 970 958 1041 ἐξουσίᾳ
1016 973 1125 1027 τῶν
1173 974 1234 1039 ἐξ
1288 976 1466 1046 ἀρχῆς
1534 978 2031 1047 μνηστευσαμένων

452 1066 694 1132 ποιῆσαι,
728 1064 839 1118 εἴτε
870 1065 1150 1136 βούλοιντο
1173 1069 1358 1124 λαϐεῖν
1378 1072 1570 1137 αὑτὰς,
1622 1076 1732 1127 εἴτε
1787 1077 2032 1147 ἀποστῆ-

452 1171 540 1208 ναι
571 1170 586 1185 ο
622 1156 669 1208 εί
698 1155 754 1209 δὲ
790 1157 1159 1227 σχολάζουσάν
1180 1178 1263 1224 τις
1306 1161 1484 1227 λάϐοι,
1540 1165 1897 1236 ἀφαιρεῖσθαι
1935 1167 2033 1237 μὲν

450 1247 529 1299 δεῖ
577 1248 670 1299 καὶ
725 1250 837 1312 τοῖς
868 1251 1089 1313 οἰκείοις
1131 1252 1508 1326 ἀποκαθιστᾷν
1540 1271 1554 1285 °
1593 1258 1912 1329 ἐπιτρέπειν
1974 1258 2034 1312 δὲ

447 1339 513 1407 τῇ
546 1336 740 1409 γνώμῃ
776 1340 885 1392 τῶν
913 1341 1154 1407 οἰκείων,
1192 1343 1304 1397 εἴτε
1343 1348 1525 1413 γονεῖς
1573 1343 1703 1414 εἷεν,
1740 1351 1852 1403 εἴτε
1880 1349 2033 1403 ἀδελ-

450 1428 561 1496 φοὶ,
616 1427 728 1481 εἴτε
779 1431 1076 1485 οίτινεσοῦν
1161 1436 1506 1505 προεστῶτες
1544 1438 1645 1508 τῆς
1682 1440 1853 1511 κόρης
1881 1454 1897 1469 ⁶
1930 1440 2034 1494 κᾶν

449 1521 549 1590 μὲν
575 1520 807 1575 ’έλωνται
866 1524 1014 1595 αὐτῷ
1052 1528 1411 1596 παραδοῦναι,
1441 1531 1695 1585 ἵστασθαι
1746 1533 1810 1586 τὸ
1861 1550 2035 1589 συνοι-

449 1614 631 1673 κέσιον
672 1631 687 1645 ·
736 1616 832 1670 ἐὰν
859 1618 915 1671 δὲ
947 1619 1274 1688 ἀνανεύωσι,
1314 1625 1387 1695 μὴ
1412 1625 1700 1694 βιάζεσθαι
1731 1643 1747 1660 ·
1787 1628 1877 1682 τὸν
1905 1627 2034 1699 μέν·

446 1723 530 1759 τοι
597 1708 661 1761 ἐκ
723 1708 990 1781 διαφορᾶς
1046 1713 1158 1766 εἴτε
1207 1714 1475 1786 λαθραίας
1543 1718 1655 1772 εἴτε
1726 1718 2033 1791 βιαιοτέρας

447 1799 686 1863 γυναῖκα
714 1798 932 1869 ἔχοντα,
960 1802 1174 1873 ἀνάγκη
1206 1805 1265 1857 τὸ
1316 1806 1416 1875 τῆς
1442 1808 1700 1879 πορνείας
1730 1810 2031 1879 ἐπιγνῶναι

446 1889 761 1959 ἐπιτίμιον·
826 1892 943 1946 ἐστι
992 1894 1048 1947 δὲ
1113 1897 1173 1949 ἐν
1220 1896 1515 1968 τέσσαρσιν
1585 1901 1865 1973 ὡρισμένη
1915 1908 2030 1970 τοῖς

447 1981 806 2052 πορνεύουσιν
837 1987 868 2055 ἡ
900 1986 1221 2059 ἐπιτίμησις
1247 2004 1261 2019 ο
1305 1990 1412 2061 χρὴ
1440 1991 1517 2059 τῷ
1572 1993 1775 2063 πρώτῳ
1824 1996 2023 2051 ἐκϐάλ-

444 2070 630 2125 λεσθαι
653 2074 762 2127 τῶν
798 2076 1137 2147 προσευχῶν,
1176 2079 1271 2132 καὶ
1302 2082 1636 2149 προσκλαίεν
1697 2087 1892 2150 αὐτοὺς
1956 2091 2022 2160 τῇ

446 2163 587 2237 θύρᾳ
634 2167 734 2235 τῆς
781 2168 1121 2238 ἐκκλησίας·
1189 2170 1267 2242 τῷ
1334 2173 1569 2245 δευτέρῳ
1622 2175 1880 2247 δεχθῆναι
1944 2182 2023 2244 είς

443 2256 721 2329 ἀκρόασιν
749 2274 762 2289 ο
789 2260 865 2330 τῷ
898 2260 1069 2331 τρίτῳ
1102 2262 1181 2325 είς
1206 2264 1494 2333 μετάνοιαν
1528 2280 1541 2294 '
1572 2267 1648 2337 τῷ
1667 2270 1910 2342 τετάρτῳ
1943 2273 2025 2336 εἰς

444 2347 704 2402 σύστασιν
730 2351 870 2420 μετά
908 2352 1000 2405 τοῦ
1033 2352 1186 2419 λαοῦ,
1216 2356 1593 2425 ἀπεχομένους
1633 2360 1735 2429 τῆς
1784 2379 2025 2432 προσφο-

442 2438 564 2507 ρᾶς,
628 2435 748 2493 εἶτα
793 2442 991 2506 αὐτοὺς
1039 2444 1435 2515 ἐπιτρέπεσθαι
1465 2445 1566 2518 τὴν
1591 2450 1878 2505 κοινωνίαν
1926 2452 2021 2507 τοῦ

439 2529 669 2597 ἀγαθοῦ.

511 2629 609 2678 κε’.
659 2623 718 2678 Ὀ
758 2625 857 2696 τὴν
878 2625 1283 2702 διεφθαρμένην
1304 2630 1392 2701 ὑφ’
1418 2633 1611 2687 ἑαυτοῦ
1659 2634 1742 2699 εἰς
1786 2638 2022 2705 γυναῖκα

438 2715 702 2785 κατέχων,
721 2716 782 2770 τὸ
805 2718 901 2787 μὲν
928 2719 1022 2773 ἐπὶ
1040 2723 1107 2792 τῇ
1129 2722 1304 2794 φθορᾷ
1328 2723 1606 2795 ἐπιτίμιον
1629 2726 2017 2797 ὑποστήσεται,

435 2812 535 2883 τὴν
567 2812 622 2866 δὲ
649 2817 884 2881 γυναῖκα
910 2815 1055 2886 ἔχειν
1083 2821 1593 2892 συγχωρηθήσεται.

508 2906 626 2967 σις’.
670 2904 988 2979 Ἥπορνεία
1011 2909 1190 2979 γάμος
1215 2911 1315 2964 οὐκ
1340 2912 1510 2979 ἔστιν,
1539 2913 1654 2969 ἀλλ’
1682 2916 1802 2970 οὐδὲ
1837 2918 2019 2991 γάμου

436 2992 581 3064 ἀρχή
614 3009 629 3022 ·
689 2993 831 3050 ὥστε
876 2998 972 3051 ὲάν
1102 2999 1330 3054 δυνατὸν
1396 3005 1525 3067 τοὺς
1572 3007 1712 3061 κατὰ
1760 3012 2019 3081 πορνείαν

437 3088 879 3158 συναπτομένους
932 3091 1288 3163 χωρίζεσθαι,
1328 3095 1487 3149 τοῦτο
1542 3100 1837 3169 κράτιστον
1866 3120 1882 3137 ·
1922 3104 2018 3158 ὲάν

2132 608 2378 662 invaluit.

2198 694 2287 749 22.
2330 694 2435 762 Qui
2464 710 2531 751 ex
2563 705 2718 766 raptu
2753 696 3011 753 mulieres
3037 697 3259 765 habent,
3285 699 3551 769 siquidem
3582 703 3703 758 aliis

2127 786 2237 856 jam
2286 784 2588 857 desponsas
2640 789 3002 858 abripuerint,
3045 799 3173 845 ante
3218 791 3538 847 admittendi
3592 808 3703 849 non

2130 883 2279 939 sunt,
2315 890 2478 944 quam
2518 875 2588 930 ab
2617 876 2697 932 eis
2726 877 2922 932 ablatae
2952 878 3062 933 sint
3103 888 3157 934 et
3184 894 3376 934 eorum
3406 882 3606 950 quibus
3636 883 3706 936 ab

2132 964 2289 1019 initio
2320 966 2600 1035 desponsa:
2631 976 2807 1032 erant,
2844 962 3100 1039 potestati
3126 971 3372 1038 redditae,
3406 985 3587 1027 utrum
3614 989 3707 1028 eas

2135 1056 2301 1110 velint
2328 1058 2575 1127 accipere
2626 1074 2696 1113 an
2725 1060 3012 1116 desistere.
3055 1061 3113 1116 Si
3142 1064 3261 1131 quis
3292 1072 3473 1117 autem
3507 1080 3709 1119 vacan-

2133 1153 2239 1199 tem
2293 1151 2581 1219 aceeperit,
2636 1151 2854 1207 auferre
2900 1154 3121 1223 quidem
3198 1165 3437 1224 oportet,
3482 1158 3711 1226 suisque

2135 1239 2440 1303 restituere,
2497 1251 2551 1295 et
2599 1242 2844 1311 ipsorum
2891 1245 3157 1299 voluntati
3194 1247 3533 1315 permittere,
3597 1250 3710 1301 sive

2135 1328 2551 1399 sintparentes,
2593 1332 2708 1388 sive
2749 1333 2968 1400 fratres,
3020 1336 3134 1390 sive
3180 1338 3359 1404 quivis
3387 1338 3476 1391 alii
3518 1339 3711 1406 puclla:

2134 1421 2541 1477 moderatores:
2573 1438 2637 1478 ac
2671 1424 2717 1479 si
2750 1425 2800 1479 ei
2832 1426 3049 1494 quidem
3079 1426 3293 1481 tradere
3321 1429 3506 1492 velint,
3550 1446 3710 1498 opor-

2135 1520 2211 1565 tet
2265 1514 2671 1568 matrimOnium
2715 1516 3043 1571 constituere
3091 1536 3103 1569 :
3156 1518 3240 1572 sin
3281 1529 3460 1573 autem
3516 1536 3712 1573 renue-

2132 1604 2262 1669 rint,
2312 1620 2656 1674 nequaquam
2691 1608 2800 1660 vim
2849 1608 3070 1661 inferre.
3106 1607 3242 1662 Eum
3292 1620 3470 1664 autem
3509 1611 3601 1676 qui
3645 1626 3711 1663 ex

2133 1704 2349 1766 stupro,
2394 1697 2510 1752 sive
2554 1698 2749 1753 latenti
2777 1699 2892 1754 sive
2934 1700 3193 1764 violento,
3246 1716 3474 1755 uxorem
3527 1700 3709 1759 habet,

2136 1804 2357 1844 necesse
2407 1798 2491 1844 est
2542 1789 2920 1846 fornicationis
2971 1807 3187 1860 poenam
3243 1806 3565 1861 agnoscere.
3615 1790 3710 1845 Est

2136 1891 2316 1935 autem
2376 1881 2428 1935 in
2474 1890 2714 1951 quatuor
2772 1883 2933 1939 annis
2988 1883 3253 1953 praefinita
3311 1882 3711 1938 fornicantibus

2137 1986 2315 2040 pecua.
2346 1970 2571 2040 Oportet
2615 1986 2713 2027 eos
2746 1988 2891 2029 anno
2922 1974 3100 2043 primo
3136 1990 3169 2030 a
3193 1974 3448 2044 precibus
3489 1973 3706 2042 expelli,

2136 2071 2190 2116 et
2219 2061 2347 2116 flere
2378 2061 2445 2116 ad
2482 2062 2629 2117 fores
2661 2063 2910 2118 ecclesiae
2941 2083 2953 2119 :
2985 2065 3226 2120 secundo
3262 2066 3328 2119 ad
3373 2065 3711 2120 auditionem

2133 2154 2366 2220 admitti,
2414 2158 2574 2209 tertio
2621 2155 2690 2208 ad
2740 2158 3120 2225 paenitentiam
3150 2174 3162 2210 :
3193 2156 3360 2229 424
3392 2167 3590 2228 quarto
3642 2158 3712 2213 ad

2134 2245 2387 2298 standum
2414 2261 2521 2299 una
2545 2261 2669 2300 cum
2694 2248 2915 2317 populo,
2942 2248 3280 2304 abstinentes
3310 2250 3379 2304 ab
3400 2250 3707 2307 oblatione:

2133 2335 2331 2392 deinde
2361 2336 2441 2393 eis
2471 2338 2708 2408 permitti
2745 2339 2874 2399 boni
2904 2339 3372 2403 communionem.

2200 2637 2289 2693 25.
2321 2636 2427 2703 Qui
2459 2651 2490 2692 a
2521 2650 2580 2693 se
2599 2643 2899 2707 stupratam
2957 2649 3055 2706 pro
3108 2651 3281 2693 uxore
3310 2636 3541 2702 detinet,
3585 2645 3705 2693 stu-

2128 2731 2213 2800 pri
2242 2730 2461 2801 quidem
2492 2743 2712 2800 pmnam
2747 2727 2977 2795 subibit,
3009 2727 3104 2785 sed
3132 2729 3183 2784 ei
3208 2728 3395 2784 licebit
3421 2743 3537 2783 eam
3563 2744 3704 2785 uxo-

2129 2837 2242 2879 rem
2269 2822 2488 2897 habere.

2200 2913 2290 2967 9.6.
2340 2894 2654 2969 Foruicatio
2707 2912 3121 2967 matrimonium
3174 2927 3283 2967 non
3330 2914 3445 2977 ’est,
3495 2912 3590 2967 sed
3638 2928 3707 2968 ne

2128 3004 2467 3059 matrimonii
2513 3003 2734 3073 quidem
2776 3002 3021 3058 initium.
3065 3001 3247 3068 Quare
3277 3004 3320 3057 si
3354 3002 3704 3073 fieripotest,

2131 3104 2191 3151 ut
2212 3094 2303 3166 qui
2328 3110 2424 3165 per
2447 3094 2866 3149 fornicationem
2893 3094 3172 3163 conjuncti
3193 3102 3341 3161 sunt,
3357 3102 3703 3164 separentur,

435 3181 492 3233 δὲ
520 3184 825 3252 στέργωσιν
874 3185 940 3239 ἐκ
974 3188 1180 3253 παντὸς
1212 3191 1418 3259 τρόπον
1449 3193 1510 3247 τὸ
1548 3196 1902 3261 συνοικέσιον,
1957 3199 2019 3252 τὸ

2130 3186 2180 3240 id
2232 3184 2452 3255 quidem
2506 3185 2771 3255 optimum
2822 3193 2925 3240 est.
2980 3185 3075 3238 Sin
3123 3194 3303 3239 autem
3350 3187 3430 3240 eis
3481 3186 3708 3239 omnino

442 3271 541 3338 μὲν
592 3274 694 3343 τῆς
751 3278 1008 3347 πορνείας
1064 3280 1341 3352 ἐπιτίμιον
1398 3287 1847 3358 γνωριζέτωσαν,
1884 3288 2014 3361 ἀφι-

440 3362 686 3418 έσθωσαν
719 3366 775 3419 δὲ
800 3366 886 3420 ἵνα
916 3368 990 3441 μὴ
1017 3369 1198 3442 χεῖρόν
1231 3389 1285 3426 τι
1307 3371 1555 3446 γένηται.

509 3546 581 3605 λ’.
610 3549 745 3621 Περὶ
774 3551 884 3604 τῶν
914 3553 1290 3624 ἁρπαζόντων,
1320 3558 1519 3614 κανόνα
1551 3562 1650 3632 μὲν
1666 3563 1894 3620 παλαιὸν
1919 3567 2019 3623 οὐκ

437 3639 654 3710 ἔχομεν,
692 3642 828 3697 ίδίαν
845 3642 902 3697 δὲ
927 3645 1154 3719 γνώμην
1186 3649 1594 3721 ἐποιησάμεθα,
1619 3655 1744 3726 τρία
1768 3656 1865 3728 ἔτη
1922 3660 2017 3714 καὶ

435 3733 637 3798 αὐτοὺς
669 3736 924 3801 καὶτοὺς
972 3740 1426 3810 συναρπάζοντας
1472 3744 1680 3815 αὐτοῖς,
1738 3748 1844 3815 ἔξω
1907 3752 2018 3807 τῶν

434 3824 613 3893 εὐχῶν
677 3827 929 3896 γίνεσθαι
968 3836 997 3862 θ’
1062 3830 1123 3884 τὺ
1178 3831 1236 3885 δὲ
1310 3833 1385 3905 μὴ
1448 3835 1638 3905 βιαίως
1699 3841 2013 3913 γενόμενον,

432 3913 726 3970 ἀνεύθυνόν
782 3919 932 3973 ἐστιν
991 3921 1121 3975 ὅταν
1177 3924 1254 3993 μὴ
1295 3924 1473 3994 φθορὰ
1527 3925 1587 3999 ᾖ,
1649 3932 1785 4003 μηδὲ
1840 3934 2016 4008 κλοπὴ

431 4008 714 4077 ἡγουμένη
769 4010 863 4063 τοῦ
914 4012 1243 4083 πράγματος
1277 4031 1290 4045 ·
1342 4018 1670 4084 αὑτεξουσία
1722 4023 1778 4076 δὲ
1809 4026 1842 4096 ἡ
1874 4028 2015 4097 χήρα

430 4102 529 4155 καὶ
553 4102 643 4156 ἐπ’
675 4102 814 4176 αὐτῇ
847 4109 909 4159 τὸ
953 4107 1320 4182 ἀκολουθῆσαι
1344 4128 1359 4145 ο
1388 4112 1530 4168 ὥστε
1573 4116 1682 4171 τῶν
1716 4120 2015 4191 σχημάτων

435 4191 563 4261 ἡμῖν
593 4193 654 4247 οὐ
689 4196 1056 4266 φροντιστέον.

488 4373 598 4430 ’λδ’.
630 4376 743 4442 Τάς
776 4380 1151 4450 μοιχευθείσας
1175 4386 1269 4438 καὶ⁸
1288 4386 1750 4457 ὲξαγορευούσας,
1785 4409 1841 4447 κ.
1873 4410 1923 4449 τ.
1962 4394 2012 4449 λ.

500 4465 600 4531 λζ’.
619 4471 774 4526 Μετὰ
803 4472 862 4525 τὸ
888 4474 1249 4547 ἀφαιρεθῆναι
1269 4477 1369 4551 τὴν
1388 4482 1673 4552 ἀλλοτρίαν
1692 4485 1720 4537 ό
1741 4486 2015 4556 γαμήσας,

429 4558 525 4611 ἐπὶ
562 4560 662 4629 μὲν
689 4564 755 4633 τῇ
786 4563 979 4638 πρώτῃ
1012 4568 1247 4639 μοιχείᾳ,
1301 4570 1704 4643 ἐγκληθήσεται
1730 4593 1743 4606 ·
1804 4577 1899 4630 ἐπὶ
1955 4578 2013 4632 δὲ

436 4652 497 4722 τῇ
532 4653 781 4725 δευτέρᾳ,
813 4656 1108 4721 ἀνεύθυνος
1140 4660 1316 4717 ἔσται.

500 4741 600 4800 λθ¹.
643 4746 710 4799 Ἠ
731 4747 810 4819 τῷ
833 4748 1005 4821 μοιχῷ
1037 4751 1277 4820 συζῶσα,
1311 4754 1557 4826 μοιχαλίς
1584 4757 1699 4812 ἐστι
1728 4759 1905 4814 πάντα
1933 4760 2023 4814 τὸν

428 4833 645 4904 χρόνον.
1576 4875 1582 4881 -

504 4927 613 4996 μθ’.
645 4929 711 4982 Αἱ
746 4930 884 5001 πρὸς
912 4932 1160 5006 ἀνάγκην
1176 4937 1466 5008 γενόμεναι
1490 4939 1709 5009 φθοραὶ,
1739 4939 2021 4995 ἀνεύθυνοι

429 5018 676 5075 ἔστωσαν
711 5039 725 5053 ⁸
782 5024 924 5079 ὥστε
956 5030 1053 5082 καὶ
1091 5032 1125 5101 ή
1178 5030 1340 5101 δούλη
1373 5033 1421 5086 εί
1470 5032 1701 5105 ἐϐιάσθη
1726 5032 1880 5105 παρὰ
1926 5033 2019 5088 τοῦ

429 5112 633 5166 οἰκείου
663 5114 946 5183 δεσπότου,
975 5121 1270 5187 ἀνεύθυνός
1301 5125 1470 5178 ἐστιν.

495 5208 597 5273 νη’.
640 5203 698 5258 Ὃ
722 5208 1037 5279 μοιχεύσας,
1061 5212 1120 5264 ἐν
1148 5212 1280 5266 δέκα
1297 5213 1393 5267 καὶ
1421 5214 1578 5267 πέντε
1597 5213 1773 5270 ἔτεσιν
1797 5217 2023 5272 ἀκοινώ-

432 5307 589 5361 νητος
621 5292 774 5347 ἔσται
807 5296 916 5352 τῶν
941 5300 1321 5368 ἀγιασμάτων,
1343 5303 1401 5355 έν
1431 5303 1697 5375 τέσσαρσι
1726 5305 1825 5376 μὲν
1855 5324 2017 5377 προσο

430 5385 637 5441 κλαίων
671 5387 873 5454 ἔτεσιν,
902 5393 961 5444 ὲν
992 5393 1157 5446 πέντε
1186 5394 1244 5447 δὲ
1298 5395 1673 5465 ἀκροώμενος,
1705 5398 1764 5451 ὲν
1783 5398 2020 5471 τέσσαρ-

430 5495 517 5532 σιν
552 5479 900 5548 ὑποπίπτων,
929 5486 988 5541 έν
1037 5485 1159 5539 δυσὶ
1207 5487 1498 5551 συνεστὼς,
1530 5488 1660 5542 ἀνευ
1709 5489 2019 5552 κοινωνίας.

494 5571 594 5628 νϐ’.
611 5574 668 5627 '0
692 5576 890 5647 πόρνος
906 5578 966 5632 ὲν
999 5577 1139 5632 ἑπτὰ
1164 5577 1341 5633 ἔτεσιν
1361 5579 1720 5651 ἀκοινώνητος
1743 5580 1893 5635 ἔσται
1914 5582 2023 5636 τῶν

429 5663 814 5735 ἀγιασμάτων,
847 5669 941 5724 δύο
974 5672 1345 5743 προσκλαίων,
1380 5674 1476 5727 καὶ
1507 5673 1601 5727 δύο
1645 5674 2018 5746 ἀκροώμενος,

428 5756 526 5809 καὶ
576 5757 671 5811 δύο
722 5760 1073 5829 ὑποπίπτων,
1111 5764 1204 5817 καὶ
1248 5764 1331 5817 ἐν).
1370 5765 1644 5832 συνεστώς
1680 5783 1693 5796 ·
1736 5767 1894 5837 μόνον
1946 5768 2021 5838 τῷ

430 5848 603 5923 ὀγδόῳ
625 5852 945 5923 δεχοήσεται
970 5856 1051 5920 είς
1071 5856 1379 5914 κοινωνίαν.

2130 3278 2341 3347 placeat
2390 3275 2723 3351 eonjugium,
2774 3274 3153 3331 fornicationis
3210 3275 3430 3345 quidem
3488 3290 3705 3344 poenam

2130 3378 2473 3442 agnoscant;
2521 3369 2615 3425 sed
2649 3369 2875 3423 minime
2914 3376 3260 3438 separentur,
3294 3381 3362 3421 ne
3401 3367 3530 3437 quid
3558 3367 3707 3421 dete-

2130 3465 2246 3520 rius
2277 3461 2511 3519 accidat.

2202 3555 2289 3612 50.
2325 3553 2401 3609 De
2448 3554 2519 3609 iis
2567 3553 2662 3622 qui
2711 3551 2949 3623 rapiunt,
2995 3565 3271 3607 canonem'
3307 3550 3527 3622 quidem
3562 3549 3707 3605 anti-

2130 3662 2300 3718 quum
2341 3661 2450 3701 non
2482 3645 2763 3711 habemus,
2799 3645 2892 3699 sed
2928 3645 3201 3712 propriam
3229 3645 3556 3699 sententiam
3583 3658 3708 3712 pro-

2130 3740 2383 3803 ferimus,
2434 3746 2494 3792 ut
2518 3747 2571 3793 et
2614 3738 2715 3807 ipsi
2761 3746 2815 3791 et
2843 3736 2935 3807 qui
2970 3752 3078 3790 una
3125 3752 3248 3790 cum
3282 3736 3415 3805 ipsis
3469 3735 3706 3804 rapiunt,

2130 3833 2305 3888 tribus
2328 3830 2487 3886 annis
2510 3830 2619 3885 sint
2641 3838 2797 3883 extra
2820 3843 3029 3899 preces.
3055 3827 3212 3893 Quod
3235 3838 3416 3882 autem
3445 3828 3710 3881 violenter

2130 3941 2239 3981 non
2280 3925 2370 3990 sit,
2411 3937 2586 3993 poenae
2618 3921 2754 3975 nulli
2788 3919 3084 3975 obnoxium
3113 3928 3216 3984 est,
3247 3920 3291 3974 si
3320 3936 3419 3975 nec
3453 3930 3703 3990 stuprum

2129 4034 2231 4075 nec
2276 4016 2487 4073 furtum
2534 4030 2649 4070 rem
2682 4013 3041 4084 praecesserit.
3087 4013 3182 4067 Est
3210 4025 3388 4067 autem
3421 4013 3581 4067 vidua
3624 4011 3707 4065 Sui

2123 4110 2286 4182 juris,
2313 4118 2366 4164 et
2405 4106 2669 4178 sequendi
2706 4114 2948 4175 potestas
2978 4119 3142 4173 penes
3178 4105 3355 4173 ipsam
3387 4114 3491 4158 est.
3523 4103 3705 4168 Quare

2127 4196 2541 4256 simulationum
2586 4208 2651 4249 ac
2684 4202 3047 4254 praetextuum
3080 4207 3211 4248 cura
3245 4192 3393 4247 nulla
3420 4191 3578 4245 nobis
3609 4191 3709 4243 lia-

2126 4292 2301 4348 benda
2332 4298 2437 4346 est.

2195 4386 2285 4440 54.
2323 4384 2573 4439 Mulieres
2595 4380 2865 4437 adulterio
2906 4379 3162 4449 pollutas,
3182 4387 3314 4441 elc.,
3344 4385 3401 4429 ut
3427 4393 3548 4446 pag.
3577 4375 3703 4429 806.

2196 4478 2286 4532 57.
2314 4475 2418 4543 Qui
2447 4475 2622 4530 aliena
2648 4473 2749 4530 sibi
2781 4471 2960 4527 ablata
2986 4484 3209 4523 uxorem
3234 4468 3412 4531 duxit,
3448 4466 3502 4521 in
3533 4467 3707 4537 prima

2125 4571 2347 4642 quidem
2374 4567 2628 4624 adulterii
2654 4567 2864 4622 crimen
2888 4561 3200 4628 sustinebit,
3232 4562 3286 4617 in
3309 4560 3551 4617 secunda
3578 4574 3707 4615 vero

2124 4679 2253 4720 reus
2287 4679 2395 4717 DOII
2436 4672 2648 4731 agetur.

2193 4756 2284 4812 59.
2318 4756 2451 4821 Quae
2493 4754 2625 4809 vivit
2674 4766 2800 4807 cum
2850 4750 3121 4814 adultero,
3154 4748 3401 4804 adultera
3432 4755 3517 4802 est
3553 4745 3705 4801 omni

2125 4860 2390 4919 tempore.

2192 4940 2284 4995 49.
2329 4941 2531 5009 Stupra
2590 4953 2713 5008 qua:
2762 4952 2861 5007 per
2892 4936 3003 4990 vim
3072 4932 3403 4997 inferuntur,
3458 4946 3567 4986 non
3598 4931 3707 4984 sint

2122 5032 2460 5089 accusationi
2494 5030 2755 5086 obnoxia.
2786 5029 2967 5095 Quare
2996 5028 3163 5083 etiam
3200 5041 3382 5096 serva,
3406 5026 3451 5082 si
3487 5026 3570 5079 vis
3592 5025 3639 5078 ei
3674 5040 3702 5075 a

2122 5126 2350 5198 prOprio
2375 5124 2508 5179 hero
2539 5122 2691 5177 illata
2723 5122 2813 5188 sit,
2846 5122 3018 5178 libera
3052 5130 3136 5176 est
3164 5136 3195 5175 a
3226 5120 3407 5189 culpa.

2194 5219 2285 5275 58.
2327 5217 2431 5284 Qui
2469 5216 2775 5271 mmchatus
2806 5224 2910 5280 est,
2940 5228 3037 5284 per
3061 5212 3379 5283 quindecim
3408 5226 3584 5266 annos
3616 5226 3706 5265 sa-

2124 5317 2536 5363 cramentorum
2578 5318 2686 5358 non
2740 5302 2845 5357 erit
2905 5302 3180 5372 particeps
3216 5319 3229 5355 :
3264 5312 3500 5369 quatuor
3547 5300 3705 5353 anuis

2124 5399 2281 5464 flens,
2331 5397 2575 5467 quinque
2619 5394 2871 5460 audiens,
2930 5403 3167 5463 quatuor
3226 5390 3556 5455 substratus,
3611 5405 3705 5458 per

2124 5491 2262 5545 duos
2300 5488 2607 5543 consistens
2641 5486 2759 5539 sine
2788 5484 3193 5540 communione.

2195 5582 2357 5654 425
2380 5582 2468 5636 59.
2490 5580 2811 5635 Forniealor
2829 5589 3032 5648 septem
3057 5579 3215 5631 annis
3233 5582 3703 5632 sacramentorum

2129 5689 2235 5727 non
2261 5674 2366 5725 erit
2393 5672 2689 5741 particeps,
2716 5670 2933 5725 duobus
2956 5670 3115 5734 ﬂens,
3141 5679 3194 5722 et
3212 5666 3430 5720 duobus
3456 5666 3707 5729 audiens,

2124 5776 2177 5819 et
2232 5764 2446 5817 duobus
2500 5763 2832 5825 substratus,
2879 5769 2931 5815 et
2964 5773 3072 5813 uno
3100 5758 3411 5821 consistens
3443 5771 3458 5807 :
3492 5762 3702 5807 tantum

2127 5866 2318 5911 octavo
2350 5855 2414 5911 ad
2446 5854 2891 5910 communionem
2923 5851 3263 5909 admittetur.
