4156 6456
524 398 625 460 915

1646 384 1904 444 ΡΙΙΟΤΙΙ
1944 382 2449 443 ΡΑΤΒΙΑΠΟΠΔΕ
2481 384 2589 443 CP.

3729 379 3847 442 916

585 496 672 549 0‘2.
718 494 820 561 Qui
864 497 1256 565 turpitudinem
1290 497 1341 550 in
1385 496 1629 549 maribus
1665 495 1916 561 patravit,
1952 505 2088 548 tem-

2264 493 2358 564 est
2418 495 2474 549 Ὀ
2507 495 2607 566 τὴν
2648 493 3037 564 ἀσχημοσύνην
3064 496 3122 548 ὲν
3149 496 3261 559 τοῖς
3316 493 3560 566 ἀρῤεσιν
3618 493 3850 547 ἐπιδει-

516 606 614 659 pus
644 590 792 645 illius
821 591 915 660 qui
962 590 1217 645 adulterii
1256 589 1433 645 scelus
1463 587 1703 650 admisit,
1733 587 1781 641 ei
1809 588 2090 657 dispensa-

512 683 678 739 bitur.

581 776 672 830 77.
716 774 819 842 Qui
857 774 1287 844 relinquit,etc.,
1313 782 1371 826 ut
1395 790 1517 844 pag.
1554 771 1676 826 907.

927 867 1169 937 Gregorii
1211 864 1439 935 Nyssem'
1461 883 1577 931 cap.
1612 866 1665 919 3.

582 958 785 1013 Eorum
821 969 1001 1013 autem
1032 974 1154 1027 quae
1185 958 1249 1012 ad
1279 959 1633 1027 cupiditatem
1667 966 1721 1011 et
1742 957 2087 1025 voluptatem

513 1054 649 1107 fiunt
680 1062 1051 1122 peccatorum,
1087 1062 1193 1106 etc.
1218 1091 1233 1116 ,
1264 1061 1321 1104 ut
1355 1068 1475 1121 pag.
1502 1052 1628 1106 807.

583 1143 798 1196 Tewtus.
848 1142 923 1196 De
946 1151 1157 1211 stupro,
1184 1142 1473 1205 adulterio,
1507 1152 1671 1209 atque
1722 1142 2080 1210 paedicatiune

513 1242 706 1288 tractat
758 1234 842 1288 lex
897 1233 950 1287 in
989 1234 1084 1288 lib.
1128 1250 1183 1287 Ix
1236 1234 1358 1289 cod.
1424 1235 1507 1288 tit.
1564 1236 1618 1296 9,
1656 1244 1707 1289 et
1742 1235 1834 1294 lib.
1883 1252 2088 1303 ιινιιι,

516 1327 672 1382 titulo
695 1327 750 1392 5,
794 1326 923 1382 talia
961 1327 1411 1396 delinquentibus
1434 1342 1654 1397 pmnam
1690 1329 1960 1384 inducens
1993 1345 2091 1383 ca-

511 1419 753 1488 pitalem.
794 1418 897 1474 Ubi
928 1416 1141 1489 [etiam]
1168 1418 1396 1483 dicitur,
1445 1418 1588 1488 quod
1610 1418 1864 1473 adulterii
1927 1435 2092 1474 aecu-

510 1510 654 1563 satio
686 1525 798 1563 non
825 1510 1001 1564 solum
1026 1510 1097 1563 ob
1115 1518 1418 1578 stupratam
1451 1509 1750 1577 legitimam
1776 1510 2088 1579 coniugem,

508 1617 696 1655 verum
715 1602 878 1656 etiam
898 1600 966 1655 de
989 1600 1227 1655 instabili
1251 1609 1416 1668 atque
1443 1600 1722 1668 iliegitimo
1744 1599 2092 1655 matrimonio

510 1702 563 1745 et
607 1692 981 1761 sponsalibus,
1008 1697 1063 1743 ct
1093 1690 1161 1744 de
1195 1690 1561 1743 concubinatu
1594 1690 1933 1745 instituatur.

583 1783 802 1836 Textus.
834 1781 1072 1837 Proinde
1102 1782 1395 1837 fornicatio
1427 1798 1535 1835 non
1586 1782 1839 1836 laudatur
1866 1783 2086 1853 quidem

510 1891 543 1930 ιι
573 1876 719 1930 civili
756 1876 909 1946 lege,
940 1889 1119 1945 neque
1149 1884 1330 1930 tamen
1379 1875 1721 1943 prohibetur.
1758 1874 1971 1931 Etenim
2001 1878 2086 1931 di-

510 1970 655 2023 citur
679 1967 775 2022 lib.
801 1982 901 2031 xII,
934 1969 1021 2020 tit.
1049 1966 1104 2033 5,
1130 1966 1241 2036 dig.
1274 1966 1307 2019 4
1335 1986 1348 2022 :
1379 1964 1536 2032 Quod
1572 1968 1844 2021 meretrici
1903 1968 2085 2035 datur,

511 2074 620 2115 non
656 2058 918 2114 redditur.
963 2058 1100 2113 Cum
1154 2058 1299 2113 enim
1339 2056 1599 2111 meretrix
1648 2057 1740 2123 sit,
1794 2072 1901 2113 non
1936 2067 2091 2128 turpe

511 2161 594 2205 est
622 2152 793 2221 ipsam
821 2150 1091 2219 accipere,
1134 2148 1349 2203 tametsi
1398 2148 1743 2202 meretricem
1772 2162 1895 2202 esse
1922 2155 2084 2218 turpe

514 2238 607 2293 sit.
638 2237 706 2292 Et
732 2238 828 2293 lib.
859 2253 1050 2303 xuix,
1089 2238 1173 2291 tit.
1203 2237 1256 2302 5,
1288 2237 1484 2306 digest.
1536 2234 1592 2301 6,
1627 2238 1772 2306 quod
1817 2237 1983 2291 etiam
2019 2239 2091 2292 ob

512 2332 860 2387 inhonestam
891 2346 1116 2387 causam
1136 2340 1287 2387 recte
1311 2330 1567 2396 donetur,
1598 2331 1765 2387 veluti
1797 2330 1892 2403 [si]
1914 2346 2091 2387 mere-

512 2423 636 2478 trici
673 2421 977 2495 [quippiam
1022 2421 1205 2494 detur]
1242 2429 1448 2492 :atque
1502 2421 1606 2494 [id]
1663 2430 1843 2477 ratum
1887 2422 1981 2479 sit.
2026 2420 2095 2479 Et

512 2515 608 2571 lib.
644 2530 814 2579 ηνιι,
846 2517 931 2568 tit.
953 2514 1007 2579 2,
1036 2514 1232 2583 digest.
1280 2513 1367 2568 59.
1412 2512 1517 2579 Qui
1562 2514 1795 2569 alienam
1836 2516 2092 2571 ancillam

514 2607 858 2662 meretricem
916 2605 1116 2675 rapuit,
1152 2614 1245 2659 aut
1295 2604 1535 2669 celavit,
1610 2619 1790 2673 neque
1830 2614 2092 2675 tanquam

514 2697 833 2771 plagiarius,
860 2712 1039 2767 neque
1074 2705 1337 2766 tanquam
1378 2695 1465 2750 iur
1509 2705 1751 2751 tenetur.
1781 2694 1901 2751 Non
1943 2698 2091 2752 enim

514 2791 666 2857 furti,
710 2790 807 2845 sed
849 2787 1091 2844 libidinis
1147 2803 1311 2845 causa
1362 2788 1416 2841 id
1467 2786 1614 2842 fecit.
1679 2785 1818 2843 Nam
1872 2790 1917 2845 si
1965 2790 2092 2860 quis

513 2883 659 2937 fores
711 2879 1016 2935 meretricis
1066 2877 1363 2949 eﬂregerit,
1396 2887 1452 2934 et
1494 2878 1587 2933 alii
1634 2878 1871 2949 ingressi
1904 2922 1919 2947 ,
1982 2897 2090 2934 non

512 2969 745 3044 [autem]
791 2969 861 3025 ab
912 2969 1032 3039 ipso
1080 2968 1314 3032 inducti,
1352 2982 1442 3022 res
1471 2967 1593 3038 ejus
1625 2966 1792 3022 furati
1832 2965 2039 3023 fuerint
2076 2989 2088 3022 :

513 3062 607 3133 [is]
656 3075 767 3115 non
813 3069 1026 3115 tenetur
1066 3068 1325 3128 tanquam
1374 3057 1482 3111 fur.

586 3152 806 3206 Textus.
854 3150 992 3205 Dicit
1033 3165 1164 3205 vero
1211 3151 1372 3205 etiam
1416 3150 1509 3203 lib.
1546 3164 1754 3204 xxxvm
1830 3150 1976 3205 tituli
2038 3152 2094 3215 8,

514 3245 660 3316 quod
694 3244 1053 3316 426rulgo
1085 3244 1300 3313 quaesiti
1352 3257 1461 3297 non
1520 3243 1684 3297 modo
1741 3244 1942 3308 matri,
2000 3244 2093 3298 sed

512 3340 677 3395 etiam
714 3337 962 3407 cognatis
985 3336 1217 3390 materni
1246 3336 1459 3407 generis
1476 3336 1799 3399 succedant,
1828 3345 1881 3390 et
1914 3336 2094 3408 [ipsis]

514 3433 582 3487 ab
618 3431 705 3485 his
730 3429 1076 3486 succedatur.
1110 3426 1346 3483 lllustris
1379 3437 1561 3483 autem
1607 3426 1849 3501 [mulier]
1881 3445 2001 3497 qua:
2035 3430 2097 3481 li-

515 3528 679 3578 berus
719 3524 992 3594 legitimos
1026 3531 1080 3576 ct
1108 3521 1327 3591 spurios
1355 3520 1559 3575 habet:
1594 3536 1699 3573 non
1750 3531 1927 3590 potest
1970 3538 2099 3590 spu-

512 3614 634 3681 riis,
672 3629 850 3683 neque
892 3613 1035 3667 inter
1075 3612 1252 3676 vivos,
1292 3626 1470 3681 neque
1498 3626 1622 3665 eum
1656 3612 1905 3679 moritur,
1942 3614 2098 3681 quid-

514 3721 679 3776 quam
733 3704 1079 3773 suppeditare
1114 3721 1126 3757 :
1160 3702 1437 3772 quomodo
1476 3703 1576 3755 lib.
1638 3718 1708 3765 Vl,
1757 3702 1820 3757 C.
1873 3704 1956 3758 tit.
2005 3705 2096 3768 57,

515 3807 695 3852 const.
726 3798 780 3852 5.
835 3794 1106 3868 [tradit.]
1154 3794 1321 3849 Plane
1362 3794 1527 3864 vulgo
1576 3803 1874 3862 conceptus
1923 3812 2099 3864 neque

517 3900 728 3959 patrem
761 3889 960 3942 habere
994 3887 1194 3941 dicitur
1221 3887 1716 3956 :quemadmodum
1740 3887 1834 3941 lib.
1861 3904 1899 3952 I,
1932 3888 1995 3942 tit
2044 3888 2097 3950 5.

516 3983 626 4053 dig.
659 3982 749 4036 25.
803 3981 973 4035 Porro
1021 3979 1425 4035 concubinatus
1472 3979 1749 4049 legitimus
1780 3989 1894 4043 est,
1925 3990 1978 4034 et
2004 3998 2098 4035 eas

517 4077 635 4131 sine
665 4075 896 4132 crimine
922 4073 1258 4130 concubinas
1300 4072 1500 4127 habere
1526 4089 1843 4142 possumus,
1878 4074 1931 4128 in
1962 4089 2099 4143 quas

518 4171 701 4226 illicita
734 4182 843 4224 non
882 4169 1344 4224 committuntur:
1377 4166 1541 4221 veluti
1573 4165 1676 4239 [ﬁt]
1710 4168 1763 4222 in
1790 4168 2098 4223 concubina

518 4265 707 4331 patris,
738 4262 824 4317 vel
845 4262 931 4319 avi
957 4268 1053 4316 aut
1082 4262 1136 4314 in
1164 4260 1274 4315 ﬁlia
1305 4261 1623 4315 sororiszut
1648 4260 1740 4314 lib.
1775 4275 1902 4324 xxv,
1936 4260 2021 4314 tit.
2044 4259 2096 4321 7,

516 4368 565 4412 et
599 4357 697 4411 lib.
726 4371 884 4423 χχιιι,
920 4356 1006 4411 tit.
1037 4355 1094 4420 2,
1127 4355 1321 4424 digest.
1358 4353 1446 4418 55,
1485 4363 1538 4407 et
1567 4352 1663 4407 lib.
1694 4368 1883 4416 XLVIII,
1919 4352 2003 4407 tit.
2040 4352 2096 4417 5,

516 4448 713 4520 digest.
762 4448 822 4503 11
888 4445 1155 4519 [docent.]
1212 4446 1269 4500 ln
1324 4447 1694 4502 concubinatu
1745 4454 1926 4499 autem
1974 4460 2097 4499 esse

2196 586 2480 654 κνύμενος,
2511 588 2601 641 τὸν
2622 588 2811 657 χρόνον
2838 586 2931 639 τοῦ
2953 587 3010 641 ὲν
3033 590 3096 659 τῇ
3122 587 3848 660 μοιχείᾳπαρανομοῦντος

2194 681 2712 751 οίκονομηθήσεται.

2263 771 2358 836 οξ.
2409 770 2467 826 ’0
2500 772 2686 841 μέντοι
2736 771 3182 841 καταλιμπάνων,
3219 790 3273 826 κ.
3312 791 3361 826 τ.
3382 773 3433 828 λ.

2551 862 2887 932 I‘pnroplov
2918 862 3177 930 Νύσσης
3207 881 3339 933 κεφ.
3362 864 3430 933 γ’.

2268 958 2389 1011 Τῶν
2418 957 2476 1010 δὲ
2519 956 2587 1009 δι’
2615 954 2913 1025 ἐπιθυμίαν
2958 972 3017 1008 τε
3087 957 3182 1008 καὶ
3228 957 3423 1027 ἡδονὴν
3489 958 3845 1027 γινομένων

2194 1050 2612 1122 ἁμαρτημάτων
2644 1047 2869 1118 τοιαύτη
2910 1046 3116 1117 ἐστὶνὴ
3152 1047 3438 1118 διαίρεσις,
3468 1065 3539 1103 κ.
3592 1066 3656 1103 τ.
3703 1049 3762 1103 λ.

2267 1146 2575 1212 Κείμενον.
2593 1140 2731 1211 Περὶ
2753 1139 2960 1211 φθορᾶς
2990 1142 3085 1195 καὶ
3100 1143 3346 1211 μοιχείας
3362 1143 3453 1195 καὶ
3467 1144 3598 1215 app
3611 1159 3844 1197 ενοκοι-

2192 1239 2314 1301 τίας
2334 1236 2730 1307 διαλαμϐάνειό
2753 1236 2935 1305 νόμος,
2964 1235 3104 1305 βιϐλ.
3128 1236 3173 1287 θ’
3193 1235 3286 1289 τοῦ
3312 1237 3469 1304 κὼδ.,
3496 1236 3621 1290 τίτ.
3641 1236 3717 1298 θ’,
3742 1237 3844 1290 καὶ

2168 1330 2336 1415 ξβιϐλ.
2375 1328 2487 1400 μη’,
2509 1328 2622 1381 τίτ.
2656 1333 2705 1379 ε’
2725 1368 2739 1393 ,
2767 1327 3073 1398 κεφαλικὴν
3095 1329 3206 1390 τοῖς
3229 1326 3403 1381 ταῦτα
3432 1328 3552 1399 πλη
3566 1326 3839 1398 μμελοῦ-

2195 1438 2281 1474 σιν
2305 1421 2527 1488 ἐπάγων
2555 1417 2845 1487 τιμωρίαν·
2884 1416 3016 1470 ἔνθα
3045 1417 3261 1488 εἴρηται
3309 1418 3391 1471 ὅτι
3421 1418 3481 1470 τὸ
3528 1417 3837 1487 μοιχικὸν,

2192 1514 2255 1566 οὐ
2290 1514 2451 1583 μόνον
2490 1511 2581 1564 ἐπὶ
2605 1510 2779 1579 φθορᾷ
2815 1509 3048 1579 νομίμου
3079 1509 3325 1579 γαμετῆς
3356 1511 3605 1562 κινεῖται
3627 1550 3643 1571 ,
3685 1507 3837 1559 ἀλλά

2194 1605 2287 1658 καὶ
2320 1604 2413 1656 ἐπὶ
2474 1602 2777 1657 ἀσυστάτου
2816 1601 2911 1654 καὶ
2971 1600 3235 1670 ἀθεμίτου
3284 1600 3464 1671 γάμου
3526 1600 3641 1654 καὶ
3697 1619 3839 1672 μνη-

2196 1695 2377 1758 στείας
2410 1694 2503 1747 καὶ
2529 1691 2911 1762 παλλακισμοῦ

2259 1788 2564 1857 Κείμενον.
2608 1785 2673 1839 Ἠ
2702 1784 2885 1854 μέντοι
2934 1782 3161 1853 πορνεία
3205 1783 3305 1836 ούκ
3331 1784 3663 1837 ἐπαινεῖται
3727 1781 3835 1853 μὲν

2205 1881 2354 1952 παρὰ
2372 1878 2451 1949 τῷ
2480 1875 2742 1946 πολιτικῷ
2765 1876 2940 1946 νόμῳ,
2961 1875 3062 1928 οὐκ
3082 1875 3458 1946 ἀπηγόρευται
3486 1874 3580 1927 δέ·
3617 1874 3833 1944 ἀμέλει

2204 1974 2424 2043 εἴρηται
2474 1969 2618 2040 βιϐλ.
2646 1968 2734 2038 ιβ’,
2775 1968 2883 2023 τίτ.
2906 1972 2969 2033 ε’,
3015 1966 3154 2020 διάτ.
3189 1967 3230 2019 δ’
3255 2005 3270 2032 ,
3314 1968 3396 2019 ὃτι
3429 1969 3492 2019 τὸ
3521 1966 3835 2036 διδόμενον

2204 2068 2400 2139 πόρνῃ,
2452 2063 2552 2116 οὐκ
2606 2060 2916 2115 ἀποδίδοται
2948 2074 2965 2090 ο
3028 2058 3219 2128 ἐπειδὴ
3272 2058 3380 2128 γάρ
3422 2060 3547 2112 ἐστι
3610 2059 3827 2131 πόρνη,

2205 2161 2304 2213 οὐκ
2338 2158 2485 2210 ἐστιν
2519 2154 2744 2225 αἰσχρὸν
2772 2152 2832 2205 τὸ
2857 2150 3044 2204 λαϐεῖν
3095 2150 3286 2220 αὐτὴν,
3324 2152 3373 2202 εί
3421 2151 3520 2203 καὶ
3582 2149 3830 2220 αἰσχρόν

2206 2251 2323 2302 ἐστι
2362 2246 2423 2300 τὸ
2447 2240 2589 2299 εῖναι
2616 2242 2786 2313 αὐτὴν
2812 2241 3020 2313 πόρνην
3055 2255 3069 2270 ⁸
3130 2240 3223 2293 καὶ
3257 2239 3394 2310 βιϐλ.
3426 2238 3535 2302 λθ’,
3581 2239 3701 2293 τίτ.
3734 2239 3781 2292 ε’
3807 2279 3823 2302 ,

2206 2341 2348 2395 διάτ.
2385 2338 2440 2403 ς’
2471 2380 2486 2404 ,
2519 2337 2601 2390 ὅτι
2628 2334 2722 2389 ita].
2755 2334 2847 2386 διὰ
2877 2332 3114 2401 ἄσεμνον
3141 2330 3319 2385 αἰτίαν
3346 2328 3562 2399 γίνεται
3628 2330 3825 2391 καλῶς

2203 2431 2406 2506 δωρεὰ,
2431 2425 2543 2485 οἷον
2569 2430 2649 2491 είς
2674 2426 2903 2498 πόρνην,
2940 2426 3034 2478 καὶ
3062 2422 3317 2494 ἔρρωταιο
3350 2424 3446 2476 καὶ
3481 2422 3640 2491 βιϐλ.
3696 2421 3813 2492 μζ’,

2204 2529 2311 2584 τίτ.
2345 2527 2388 2598 β’
2417 2526 2558 2580 διάτ.
2581 2522 2657 2575 λθ¹
2697 2562 2713 2587 ,
2752 2522 2833 2573 δτι
2884 2521 2913 2573 6
2944 2516 3208 2589 ἁρπάζων
3239 2516 3271 2587 ἢ
3308 2515 3705 2587 ἀποκρύπτων
3729 2515 3826 2567 ἀλ-

2205 2618 2426 2690 λοτρίαν
2477 2614 2673 2683 δούλην
2706 2610 2915 2682 πόρνην
2942 2607 3129 2671 οὖσαν,
3179 2604 3304 2660 οὔτε
3337 2606 3414 2669 ὡς
3469 2603 3819 2674 ἀνδραποδι-

2204 2712 2357 2782 στὴς,
2414 2706 2539 2762 οὕτε
2570 2704 2645 2767 ὡς
2688 2701 2931 2770 κλέπτης
2984 2696 3229 2766 ἐνέχεται
3270 2710 3285 2724 ⁸
3330 2695 3390 2748 ού
3419 2696 3543 2765 γὰρ
3570 2693 3818 2760 κλοπῆς,

2208 2802 2324 2858 ἀλλ’
2354 2798 2550 2872 ἡδονῆς
2588 2794 2751 2866 χάριν
2788 2790 3014 2862 ἐποίησε
3047 2787 3205 2843 τοῦτο
3231 2803 3248 2821 ο
3300 2788 3349 2841 εί
3382 2787 3491 2858 γὰρ
3524 2788 3629 2840 καὶ
3661 2785 3818 2855 θυρί-

2205 2896 2302 2958 δας
2325 2910 2407 2955 τις
2428 2890 2641 2952 κλάσει,
2664 2887 2758 2941 καὶ
2788 2882 3123 2944 εἰσελθόντες
3153 2881 3331 2949 ἕτεροι
3366 2880 3443 2950 μὴ
3466 2880 3609 2949 παρ’
3638 2876 3813 2930 αὑτοῦ

2208 2985 2559 3057 εἰσαχθέντες
2620 2979 2881 3048 κλέψουσι
2946 2975 3017 3031 τά
3066 2973 3372 3047 πράγματα
3437 2972 3648 3041 αὐτῆς,
3714 2969 3815 3022 ούκ

2207 3076 2456 3145 ἐνέχεται
2487 3071 2563 3135 ὡς
2589 3069 2853 3138 κλέπτης.

2279 3172 2585 3236 Κειμενον.
2616 3162 2781 3231 Λέγει
2814 3160 2870 3214 δὲ
2904 3160 2998 3214 καὶ
3030 3157 3171 3229 βιϐλ.
3203 3158 3288 3229 λη’
3311 3200 3325 3223 ,
3358 3156 3464 3210 τίτ.
3503 3155 3557 3225 η’
3591 3195 3609 3220 ,
3646 3155 3731 3207 ὅτι
3762 3151 3812 3204 of

2210 3254 2588 3326 πορνογεννεῖς
2606 3252 2669 3303 ού
2698 3248 2859 3319 μόνον
2880 3250 2977 3319 τῆς
2998 3247 3226 3319 μητρὸς,
3248 3246 3385 3301 ἀλλά
3400 3246 3494 3299 καὶ
3523 3243 3643 3297 τῶν
3666 3243 3809 3297 κατά

2215 3346 2429 3418 μητέρα
2452 3342 2729 3413 συγγενῶν
2767 3339 3186 3410 κληρονομοῦσι,
3222 3338 3317 3390 καὶ
3340 3338 3431 3391 ὑπ’
3459 3335 3649 3390 αὐτῶν
3677 3332 3810 3400 κλη-

2218 3437 2552 3510 ρονομοῦντα
2568 3452 2604 3489 ι·
2635 3437 2669 3506 ἡ
2690 3434 2746 3488 δὲ
2780 3432 3087 3503 ίλλουστρία
3104 3431 3367 3501 νομίμους
3387 3429 3591 3499 ἔχουσα
3610 3426 3807 3485 παῖδας

2212 3529 2611 3601 πορνογεννεῖς,
2668 3525 2819 3578 οὐδὲν
2865 3523 3087 3577 δύναται
3118 3522 3424 3591 παρασχεῖν
3460 3521 3580 3581 τοῖς
3606 3531 3807 3585 πορνο-

2210 3622 2480 3691 γεννέσιν,
2515 3618 2640 3672 οὔτε
2686 3616 2859 3682 ζῶσα,
2902 3613 3025 3668 οὔτε
3063 3611 3394 3677 τελευτῶσα,
3423 3609 3500 3673 ὡς
3559 3608 3705 3681 βιϐλ.
3752 3600 3807 3668 ς’

2212 3712 2307 3767 τοῦ
2340 3711 2497 3777 κώδ.,
2530 3710 2635 3763 τίτ.
2673 3708 2770 3773 νζ,
2802 3707 2944 3761 διάτ.
2966 3704 3006 3758 ε’
3036 3721 3051 3735 ⁸
3091 3707 3119 3757 ὁ
3143 3704 3199 3757 δὲ
3222 3703 3330 3758 ἀπὸ
3360 3703 3655 3773 πορνείας,
3679 3698 3805 3751 οὔτε

2209 3806 2431 3876 λέγεται
2459 3803 2604 3874 ἔχειν
2635 3799 2871 3871 πατέρα,
2902 3798 2978 3861 ὼς
3004 3796 3147 3867 βιϐλ.
3177 3792 3247 3860 α’,
3287 3794 3394 3849 τίτ.
3431 3790 3541 3861 κγ”
3586 3795 3616 3847 6
3659 3790 3794 3860 μέν-

2211 3917 2293 3954 τοι
2325 3894 2705 3965 παλλακισμὸς
2743 3890 2976 3961 νόμιμός
2998 3890 3138 3951 ἐστι,
3172 3886 3434 3949 κάκείνας
3458 3886 3612 3955 ἔχειν
3638 3880 3801 3936 δυνά·

2216 3990 2356 4063 μεθα
2386 3986 2667 4048 παλλακὰς
2692 3983 2823 4037 ἄνευ
2866 3978 3211 4050 ἐγκλήματος
3239 4016 3254 4041 ,
3278 3977 3413 4047 πρὸς
3439 3974 3506 4039 ἃς
3533 3975 3599 4029 ού
3618 3973 3800 4063 πλημ-

2216 4062 2461 4154 μελεῖται
2520 4077 2801 4146 ἀθέμιτον,
2856 4069 2970 4127 οἷον
3013 4072 3116 4141 τὴν
3168 4067 3452 4138 παλλακὴν
3508 4066 3610 4119 τοῦ
3659 4062 3797 4154 Δἰδίου

2215 4151 2422 4239 πατρὸς
2453 4164 2487 4235 ἢ
2524 4164 2774 4226 πάππου,
2809 4160 2843 4231 ἢ
2878 4159 2977 4228 τὴν
3011 4158 3287 4227 θυγατέρα
3334 4156 3433 4226 τῆς
3464 4154 3607 4217 ιδίας
3646 4151 3791 4239 ἀδελ·

2216 4238 2343 4330 φῆς,
2367 4259 2440 4321 ὡς
2474 4254 2615 4326 stet.
2650 4260 2725 4307 κε’
2758 4292 2775 4317 ,
2816 4251 2923 4305 τίτ.
2952 4250 2995 4314 ξ’
3022 4290 3038 4315 ,
3069 4249 3167 4302 και
3203 4248 3344 4318 βιϐλ.
3402 4245 3489 4314 κγ’
3516 4285 3532 4312 ,
3570 4243 3677 4299 τίτ.
3713 4238 3797 4311 β’.

2210 4352 2357 4406 διάτ.
2385 4355 2456 4401 νε¹
2485 4388 2501 4415 ,
2533 4346 2628 4399 καὶ
2664 4343 2804 4415 βιϐλ.
2846 4348 2962 4414 μη¹,
2996 4341 3102 4394 τίτ.
3150 4339 3221 4406 α’,
3277 4338 3416 4393 διάτ.
3454 4344 3561 4392 ια’·
3598 4333 3799 4390 παλλα-

2214 4441 2469 4496 κεύονται
2498 4438 2555 4491 δὲ
2591 4438 2647 4490 αἱ
2678 4432 3036 4504 ἀπελεύθεροι
3084 4432 3183 4486 καὶ
3216 4433 3462 4500 εὐγενεῖς
3489 4430 3699 4500 ἄσημοι
3725 4439 3737 4452 ’
3771 4424 3799 4475 6

517 4517 748 4610 possunt
781 4517 1082 4611 libertinae,
1127 4517 1181 4597 et
1214 4541 1465 4610 ingenuze
1494 4541 1729 4594 obscuro
1764 4539 1885 4593 loco
1930 4547 2094 4592 natae.

2210 4536 2318 4607 γὰρ
2383 4528 2585 4600 εὐγενῆ
2642 4528 2737 4581 καὶ
2781 4526 2988 4598 σεμνὴν
3051 4523 3550 4595 παλλακευόμενος,
3611 4517 3795 4591 χρῄζει

517 4633 620 4700 Qui
666 4649 795 4688 vero
844 4634 1134 4704 ingenuam
1178 4632 1515 4707 [eamdem]
1555 4633 1955 4699 honestumque
2044 4630 2099 4683 in

518 4724 889 4778 concubinam
922 4724 1106 4785 habet,
1124 4725 1585 4779 contestationem
1614 4738 1777 4792 super
1800 4722 1903 4775 hoc
1924 4719 2103 4773 facere

519 4816 716 4868 debet:
749 4814 991 4883 alioquin
1042 4830 1270 4868 uxorem
1302 4816 1478 4883 ipsam
1514 4814 1717 4876 habet;
1769 4812 1855 4867 vel
1906 4812 1952 4866 si
2000 4811 2105 4866 hoc

522 4914 758 4972 recusat,
800 4916 1051 4977 stuprum
1085 4922 1209 4960 cum
1245 4922 1308 4960 ea
1335 4905 1651 4968 committit,
1693 4918 1818 4957 nam
1847 4903 2107 4957 cencuhi-

524 5008 681 5054 natus
722 5010 920 5053 nomen
940 5014 969 5053 a
994 4999 1204 5069 legibus
1226 4998 1564 5068 agnoscitur;
1591 4995 1733 5050 unde
1753 4995 1849 5050 lib.
1877 5011 1953 5061 v1,
1979 4996 2101 5049 cod.

521 5090 604 5143 Iit.
629 5090 719 5154 57,
754 5096 932 5145 const.
962 5090 1016 5153 5,
1054 5089 1278 5154 dicitur,
1306 5089 1451 5158 quod
1481 5086 1724 5161 [mulier]
1763 5088 1951 5153 libera,
1985 5102 2107 5156 quae

523 5183 763 5252 legitime
796 5197 921 5239 cum
962 5183 1186 5238 homine
1246 5182 1419 5237 libero
1483 5182 1540 5235 in
1591 5181 1962 5235 concubinatu
1998 5188 2105 5239 est,

524 5274 770 5349 [liberos]
811 5290 878 5331 ex
915 5276 1007 5331 illa
1040 5275 1441 5332 consuetudine
1466 5282 1651 5339 natos,
1685 5289 1809 5329 cum
1854 5273 2107 5341 legitimis

523 5368 712 5423 liberis
754 5368 998 5423 haeredes
1057 5367 1311 5422 habitura
1352 5367 1442 5421 sit.
1505 5365 1791 5431 Breviter,
1837 5366 2107 5435 permulta

528 5459 638 5532 [de]
673 5462 1112 5517 concubinarum
1148 5460 1356 5525 liberis,
1392 5461 1509 5516 sive
1540 5459 1840 5529 illegitimis
1866 5467 1919 5513 et
1953 5468 2109 5511 natu-

525 5552 731 5607 ralibus
759 5552 842 5606 lex
877 5552 930 5606 in
949 5552 1072 5607 cod.
1102 5560 1155 5606 ct
1179 5550 1418 5606 Novellis
1450 5550 1858 5620 complectitur,
1888 5548 2108 5613 docens,

525 5647 749 5713 quinam
780 5644 905 5717 [illi]
936 5645 1069 5712 sint,
1121 5655 1175 5699 et
1213 5645 1492 5714 quomodo
1528 5643 1668 5713 patri
1703 5642 1929 5711 legitimi
1972 5642 2107 5705 ﬁeri,

523 5749 577 5799 ct
608 5740 829 5807 quando
861 5755 923 5792 ac
958 5748 1225 5809 quantum
1266 5754 1332 5792 ex
1368 5739 1611 5807 paternis
1644 5736 1802 5791 bonis
1832 5735 2112 5805 percipere

528 5842 758 5897 possunt.

2208 4628 2338 4697 περὶ
2375 4623 2567 4677 τούτου
2596 4623 2770 4674 ποιεῖν
2818 4616 3210 4689 ἐκμαρτύριον,
3252 4616 3376 4668 ἐπεὶ
3428 4614 3676 4685 γαμετὴν
3705 4609 3795 4662 αὐ·

2208 4722 2307 4793 τὴν
2335 4718 2450 4789 ἔχει
2483 4731 2499 4746 ⁸
2566 4716 2660 4768 καὶ
2710 4714 2743 4781 ἢ
2803 4712 2963 4766 τοῦτο
3012 4708 3472 4783 παραιτούμενος,
3542 4706 3792 4775 ἀθέμιτον

2207 4816 2346 4886 πρὸς
2375 4812 2545 4883 αὐτὴν
2576 4808 2908 4880 πλημμελεῖ,
2934 4808 2996 4861 οὐ
3041 4806 3150 4878 μὴν
3176 4807 3271 4860 καὶ
3300 4806 3569 4875 μοιχείαν,
3612 4795 3790 4864 ἐπειδὴ

2206 4907 2267 4960 τὸ
2292 4905 2393 4975 τῆς
2423 4901 2709 4969 παλλακῆς
2738 4899 2907 4968 ὄνομα
2942 4899 3055 4959 τοῖς
3087 4895 3274 4966 νόμοις
3325 4893 3595 4962 ἔγνωσται
3624 4907 3639 4920 ο
3674 4886 3787 4940 ὅθεν

2209 4998 2427 5069 εἴρηται
2460 4994 2601 5065 βιϐλ.
2638 4999 2689 5057 ς’
2722 4990 2817 5045 τοῦ
2854 4988 3016 5056 κώδ.,
3053 4989 3160 5044 τίτ.
3190 4984 3266 5052 νζ¹
3289 5028 3303 5054 ,
3358 4987 3495 5040 διάτ.
3530 4991 3572 5037 ε’
3598 5025 3613 5049 ,
3639 4982 3717 5035 ὅτι
3756 4976 3787 5044 ἡ

2210 5089 2473 5160 ἐλευθέρα
2502 5088 2753 5159 νομίμως
2787 5083 3061 5154 ἐλευθέρῳ
3085 5080 3548 5145 παλλακευθεῖσα,
3584 5076 3707 5136 τοὺς
3726 5071 3785 5121 ἐκ

2209 5185 2308 5255 τῆς
2337 5180 2594 5251 τοιαύτης
2621 5177 2921 5247 συναφείας
2950 5174 3265 5246 τεχθέντας,
3284 5171 3397 5236 ἕξει
3427 5166 3785 5255 κληρονόμους

2216 5250 2353 5349 μετά
2378 5274 2486 5327 τῶν
2519 5250 2767 5343 νομίμων
2798 5269 3008 5323 παίδων
3041 5284 3057 5300 ·
3088 5267 3185 5321 καὶ
3209 5264 3398 5327 ἁπλῶς
3427 5265 3602 5317 εἰπεῖν
3627 5250 3782 5349 πολλὰ

2214 5346 2346 5440 περὶ
2373 5367 2483 5420 τῶν
2519 5365 2629 5419 ἀπὸ
2654 5362 2950 5417 παλλακῶν
3000 5359 3362 5429 τικτομένων,
3406 5356 3574 5425 ἤγουν
3626 5346 3782 5440 νόθων

2215 5438 2306 5513 καί
2358 5457 2628 5529 φυσικῶν,
2658 5457 2687 5509 6
2746 5455 2909 5526 νόμος
2939 5454 2996 5506 ὲν
3024 5452 3103 5522 τῷ
3128 5451 3259 5505 κώδ.
3290 5449 3386 5503 καὶ
3409 5449 3530 5511 ταῖς
3558 5438 3780 5511 Νεαραῖς

2213 5549 2593 5620 διαλαμϐάνει,
2617 5547 2887 5600 διδάσκων
2918 5545 3063 5607 τίνες
3095 5543 3224 5608 εἰσὶ,
3262 5540 3501 5604 καὶπῶς
3546 5538 3777 5591 δύνανται

2214 5643 2466 5714 γενέσθαι
2525 5641 2603 5712 τῷ
2656 5641 2826 5711 πατρὶ
2866 5639 3101 5708 γνήσιοι,
3164 5637 3259 5691 καὶ
3314 5635 3447 5688 πότε
3503 5631 3596 5687 καὶ
3629 5624 3775 5681 πόσον

2214 5737 2471 5809 δύνανται
2499 5734 2685 5790 λαϐεῖν
2710 5735 2820 5789 τῶν
2845 5732 2942 5788 τοῦ
2980 5730 3188 5803 πατρὸς
3221 5729 3585 5801 πραγμάτων.
