4156 6490
411 370 537 436 917

1099 373 1499 437 SYNTAGMA
1536 374 1923 439 CANONUM.
1947 401 2012 413 --

2121 379 2189 438 Τ.
2225 377 2394 451 ΧΙΙΙ,
2431 377 2589 439 CAP.
2653 380 2732 441 VI
2757 404 2823 417 -
2851 382 3016 443 VIII.

3610 381 3714 447 918

492 489 823 558 Κειμενον.
872 486 982 542 Καὶ
1018 486 1206 552 δούλας
1233 489 1291 542 δὲ
1339 489 1474 553 ιδίας
1498 489 1774 561 δυνάμεθα
1825 491 2012 544 ποιλλα⁴

2208 489 2425 547 Τεςειιις.
2477 490 2710 548 Proinde
2746 502 2802 549 et
2849 495 3078 550 ancillas
3106 507 3323 554 nostras
3373 498 3427 553 in
3458 501 3712 554 concubi-

410 579 725 634 κεύεσθαιο
744 581 962 652 εῐρηται
988 579 1096 653 γὰρ
1127 579 1268 650 βιόλ.
1303 587 1378 646 ς’,
1401 580 1504 633 τιτ.
1530 581 1606 646 ς’,
1630 581 1768 634 διάτ.
1792 583 1855 646 δ’,
1877 581 1957 634 ὃτι
1990 583 2023 652 ἡ

413 672 508 744 τῷ
549 673 790 745 δεσπότῃ
817 673 985 744 μέχρι
1005 673 1261 743 τελευτῆς
1279 673 1444 727 αὐτοῦ
1472 673 1928 740 παλλακευθεῖσα,
1951 675 2023 745 μὴ

411 763 632 835 ἔχοντα
658 765 910 836 γαμετὴν
943 763 1198 835 νόμιμον,
1245 766 1550 836 ἀρπάζεται
1587 764 1727 836 μετὰ
1757 767 1866 820 τῶν
1894 768 2021 822 παί-

412 855 540 909 δων
569 857 741 926 αὐτῆς
765 855 847 918 εἰς
875 853 1178 923 εὐγένειαν,
1219 855 1314 910 καὶ
1340 854 1612 924 λαμϐάνει
1635 855 1696 909 τὸ
1732 855 2020 909 πεκούλιον

417 947 580 1019 ὅπερ
634 945 781 1018 εἶχεν
825 947 882 1001 ὲν
941 945 1022 1016 τῷ
1054 947 1310 1018 τελευτᾷν
1361 945 1452 1000 τὸν
1486 948 1754 1017 δεσπότην
1792 948 1928 1018 πρὸς
1961 948 2022 1001 τὸ

432 1037 675 1107 νόμιμον
726 1036 964 1108 μέτρονο
1014 1037 1110 1092 καὶ
1160 1038 1260 1092 οὐκ
1305 1037 1487 1108 ἔχουσι
1531 1037 1653 1092 κατ’
1679 1037 1854 1109 αὐτῆς
1913 1057 2019 1092 πα-

423 1129 706 1198 τρωνικὸν
756 1128 963 1183 δίκαιον
1009 1131 1057 1182 οἱ
1092 1130 1304 1197 παῖδες,
1335 1131 1369 1202 ἢ
1404 1132 1452 1184 οἱ
1483 1130 1834 1202 κληρονόμοι,
1891 1131 1924 1203 ἢ
1971 1134 2018 1185 οἱ

426 1220 724 1287 συγγενεῖς
748 1218 840 1272 τοῦ
868 1219 1295 1288 τελευτήσαντος
1327 1236 1342 1252 ο
1401 1219 1495 1273 καὶ
1532 1218 1674 1289 βιϐλ.
1708 1217 1750 1282 ζ’
1778 1217 1872 1272 τοῦ
1923 1219 2018 1271 αὑ-

421 1308 528 1360 τοῦ
568 1307 727 1374 κώδ.,
758 1308 864 1363 τιτ.
900 1315 981 1372 ιε’,
1017 1308 1158 1364 διάτ.
1190 1316 1237 1379 γ’
1269 1310 1456 1381 φησὶν,
1490 1310 1570 1363 ὅτι
1593 1312 1621 1365 ὀ
1645 1309 1842 1381 δούλην
1877 1309 2016 1362 παλ-

419 1400 610 1474 λακὴν
664 1403 827 1473 μέχρι
873 1403 1132 1475 τελευτῆς
1186 1404 1458 1475 ἐσχηκὼς,
1498 1405 1720 1458 δύναται
1787 1403 2014 1475 περιὼν,

413 1492 572 1564 ὅπερ
618 1494 793 1546 ἐθέλει
833 1498 1006 1549 ποιεῖν
1055 1495 1142 1547 ἐπ’
1199 1497 1361 1567 αὐτῇ,
1397 1495 1632 1558 καὶτοῖς
1657 1495 1731 1558 ὡς
1761 1496 1908 1558 εἰκὸς
1956 1495 2016 1560 ἐξ

413 1586 606 1656 αὐτῆς
656 1586 919 1657 τεχθεῖσι,
957 1588 1052 1642 καὶ
1103 1590 1162 1640 ὲν
1206 1587 1493 1661 τελευταίᾳ
1551 1588 1800 1659 βουλήσει
1843 1605 2008 1642 κατα-

411 1673 722 1743 λιμπάνειν
775 1675 942 1747 ἄλλῳ,
999 1677 1244 1749 ῆρητῶς
1294 1677 1373 1749 τῷ
1413 1678 1732 1750 κληρονόμῳ
1773 1695 1787 1710 ⁶
1852 1679 1900 1732 εἰ
1956 1679 2013 1732 δὲ

409 1764 747 1836 τελευτήσει
784 1768 952 1838 μηδὲν
1012 1767 1205 1834 εἰπὼν,
1261 1770 1667 1841 ἀναρπάξονται
1697 1772 1777 1834 εἰς
1807 1770 2013 1824 ἐλευθε-

2128 589 2257 634 natu
2317 580 2518 635 habere
2557 596 2870 650 possumus.
2925 581 3132 636 Dicitur
3192 599 3429 652 namque
3481 584 3576 639 lib.
3633 601 3708 648 vr,

2125 668 2210 722 tit.
2250 669 2306 732 4,
2347 679 2526 724 const.
2556 671 2610 734 4,
2630 685 2753 740 quae
2787 669 3030 742 [ancilla]
3059 671 3265 725 domini
3298 673 3383 726 sui
3413 672 3708 742 legitimam

2127 776 2350 816 uxorem
2382 776 2492 816 non
2534 761 2812 826 habentis,
2856 779 3029 832 usque
3058 763 3126 817 ad
3168 773 3397 818 mortem
3431 765 3549 835 ejus
3576 782 3710 819 con-

2123 854 2322 907 cubina
2361 853 2568 922 fuerit,
2632 853 2802 928 [eam]
2834 871 2958 910 cum
2990 855 3178 910 liberis
3207 857 3324 911 suis
3365 856 3420 909 in
3463 857 3712 926 ingenui-

2125 953 2288 998 tatem
2311 945 2450 1014 rapi,
2479 955 2533 1000 et
2562 961 2727 1016 supra
2750 946 3050 1017 legitimam
3082 946 3385 1014 portionem
3412 947 3708 1016 peculium,

2121 1032 2268 1102 quod
2295 1031 2458 1103 427
2493 1047 2619 1087 cum
2661 1033 2923 1091 dominus
2954 1043 3260 1089 moreretur
3295 1034 3568 1100 habebat,
3618 1051 3710 1090 ca-

2121 1139 2247 1193 pere
2287 1142 2299 1178 :
2345 1140 2520 1195 neque
2549 1125 2785 1191 liberos,
2815 1135 2909 1180 aut
2951 1126 3232 1190 haeredes,
3291 1135 3388 1180 aut
3443 1139 3708 1197 cognatos

2119 1213 2361 1269 defuncti
2389 1217 2444 1268 in
2476 1215 2622 1269 illam
2661 1215 2753 1284 jus
2790 1225 3112 1286 patronatus
3139 1218 3359 1273 habere.
3401 1215 3466 1270 Et
3499 1218 3593 1272 lib.
3627 1233 3705 1271 vn

2119 1305 2367 1375 ejusdem
2399 1306 2522 1360 cod.
2555 1307 2634 1360 tit.
2670 1306 2760 1373 15,
2807 1315 2985 1362 const.
3037 1309 3094 1372 5,
3148 1308 3224 1362 ait
3256 1327 3269 1364 :
3305 1307 3408 1374 Qui
3450 1309 3707 1362 ancillam

2118 1396 2184 1448 ad
2236 1403 2465 1450 mortem
2524 1412 2700 1466 usque
2753 1396 2809 1450 in
2860 1398 3228 1453 concubinatu
3281 1399 3494 1453 habet:
3535 1407 3710 1467 potest

2116 1487 2246 1541 dum
2279 1487 2434 1550 vivit,
2470 1488 2537 1542 de
2563 1489 2674 1552 illa,
2705 1498 2758 1543 et
2796 1491 2887 1559 qui
2919 1489 3061 1546 forte
3098 1507 3165 1546 ex
3207 1493 3323 1560 ipsa
3365 1492 3475 1545 nati
3521 1501 3705 1556 erunt,

2117 1577 2262 1646 quod
2295 1579 2472 1634 visum
2508 1579 2691 1642 fuerit,
2726 1591 2992 1646 statuere,
3028 1591 3082 1636 et
3127 1582 3180 1636 in
3210 1582 3402 1636 ultima
3424 1582 3708 1636 voluntate

2116 1668 2447 1722 nominatim
2483 1669 2575 1723 alii
2605 1669 2806 1724 ltaaredi
2849 1671 3181 1740 relinquere.
3225 1669 3331 1725 Sed
3374 1673 3419 1726 si
3463 1673 3705 1726 moriens

2116 1759 2250 1813 nihil
2275 1760 2494 1820 dixerit.
2528 1762 2581 1815 in
2615 1761 2921 1816 libertatem
2952 1761 3097 1834 [illa]
3118 1804 3130 1825 ,
3162 1771 3217 1817 et
3250 1764 3343 1832 qui
3379 1763 3516 1819 forte
3541 1779 3608 1818 ex
3639 1777 3704 1818 ea

415 1853 552 1923 ρίαν
611 1855 705 1909 καὶ
767 1859 816 1910 oi.
860 1859 934 1922 ὡς
987 1860 1132 1922 εἰκὸς
1180 1839 1464 1932 τεχθέντες
1493 1879 1506 1894 ·
1556 1860 1729 1916 ταῦτα
1757 1862 1814 1914 ὲν
1844 1854 1889 1931 ᾧ
1941 1862 2012 1934 μὴ

2121 1847 2229 1902 nati
2260 1846 2483 1915 fuerint,
2510 1849 2821 1917 eripiuntur
2853 1867 2866 1903 :
2903 1849 3202 1904 dummodo
3246 1849 3476 1921 [tamen]
3506 1849 3702 1905 defun-

409 1939 584 2012 ἔσχεν
611 1945 639 1996 ὁ
663 1943 996 2016 τελευτήσας
1055 1948 1284 2020 νόμιμον
1318 1951 1566 2022 γαμετήν
1594 1969 1608 1982 ⁶
1639 1954 1667 2006 ὁ
1717 1951 1822 2026 γὰρ
1855 1953 2008 2023 νόμι·

412 2051 525 2104 μον
583 2035 722 2108 ἔχων
765 2040 1031 2111 γαμετὴν,
1092 2041 1216 2097 οὔτε
1269 2044 1582 2116 ἐλευθέραν,
1641 2044 1763 2100 οὔτε
1813 2046 2008 2118 δούλην

405 2119 646 2177 δύναται
707 2127 1194 2184 παλλακεὺεσθαιο
1252 2133 1313 2185 τὸ
1367 2133 1424 2187 δὲ
1472 2135 1722 2204 μοιχικὸν
1772 2139 2004 2190 κινεῖται

406 2215 512 2266 καὶ
559 2217 688 2287 περὶ
719 2220 924 2292 φθορᾶς
988 2224 1294 2295 παλλακῆς,
1321 2223 1397 2289 ὡς
1426 2227 1565 2297 βιὸλ.
1596 2227 1688 2298 μη’
1723 2271 1738 2295 ,
1775 2227 1879 2283 τίτ.
1917 2236 1958 2282 ε’
1988 2270 2004 2295 ,

403 2307 562 2364 διάτ.
604 2309 695 2382 ιβ’,
731 2311 798 2380 ιγ’
823 2329 839 2345 ο
871 2314 1124 2387 παλλακὴ
1152 2315 1209 2369 δέ
1229 2317 1376 2370 ἐστιν
1409 2319 1442 2389 ή
1479 2319 1724 2389 νομίμως
1756 2321 1864 2374 τινὶ
1916 2338 2007 2374 συ-

406 2400 572 2464 ζῶσα
599 2407 769 2476 χωρὶς
793 2407 975 2477 γάμου
1010 2425 1026 2442 ο
1063 2409 1095 2478 ὴ
1126 2409 1182 2461 δὲ
1234 2403 1400 2482 ἦττον
1458 2412 1783 2484 τιμιωτέρα,
1823 2413 2001 2483 παρά-

407 2511 590 2560 κοιτις
612 2496 854 2567 λέγεται,
883 2499 960 2564 ὡς
999 2500 1142 2571 βιὸλ.
1170 2509 1212 2556 ν’
1238 2543 1253 2570 ,
1287 2505 1388 2559 τιτ.
1429 2504 1536 2574 ιβ’,
1576 2505 1716 2561 διάτ.
1753 2507 1895 2576 ρμδ⁹.

481 2725 740 2782 ΚΕΦΑΛ.
774 2728 870 2797 (τ’.
900 2760 973 2774 --
1013 2731 1149 2788 Ἐὰν
1167 2734 1558 2807 γυνὴμαὶὸιοῦ
1574 2741 1889 2811 μοιχευθῇ.

745 2822 1020 2879 Συνόδου
1053 2827 1344 2896 Ἀγκύρας
1365 2831 1567 2886 κανὼν
1595 2831 1666 2887 κ’.

485 2919 557 2970 κ’.
594 2915 720 2970 Ἐάν
730 2933 874 2982 τινος
898 2920 1033 2991 γυνὴ
1057 2921 1318 2993 μοιχευθῇ
1335 2923 1368 2994 ἢ
1387 2923 1648 2997 μοιχεύσῃ
1667 2943 1772 2993 τις,
1793 2943 1850 2984 κ.
1869 2944 1920 2984 τ.
1946 2929 1996 2983 λ.

641 3099 912 3156 Συνόδου
949 3103 1424 3174 Νεοκαισαρείας
1452 3109 1652 3165 κανὼν
1674 3109 1744 3181 η’.

482 3206 551 3277 η’.
585 3207 728 3282 Γυνή
763 3227 908 3275 τινος
959 3213 1307 3283 μοιχευθεῖσα
1335 3216 1525 3271 λαῖκοῦ
1567 3218 1741 3284 ὄντος,
1762 3237 1818 3275 κ.
1857 3238 1907 3276 τ.
1939 3221 1990 3276 λ.

507 3300 810 3384 ’ᾼνάγνέυθι
857 3303 927 3384 τὰ
958 3308 1390 3384 παραγραφέντα
1423 3311 1482 3363 ἐν
1509 3310 1588 3382 τῷ
1613 3311 1691 3382 λβ’
1736 3330 1860 3384 κεφ.
1898 3313 1991 3368 τοῦ

409 3374 460 3422 α’
495 3371 595 3424 tit.
633 3371 729 3424 τοῦ
755 3374 1023 3444 παρόντος
1039 3371 1456 3446 ’ωντὰἧματοᾳ

484 3480 728 3536 ΚΕΦΑΛ.
763 3485 837 3539 Z'.
864 3514 935 3528 -ι
959 3487 1096 3555 Περὶ
1127 3487 1372 3557 φθορᾶς,
1414 3490 1515 3545 καὶ
1536 3490 1726 3562 γάμου
1771 3495 1984 3564 χήρας,

406 3568 507 3623 καὶ
530 3572 618 3638 τίς
644 3573 881 3645 λέγεται
918 3576 1096 3646 χήρα.

777 3673 1102 3727 Βασιλεῖου
1132 3675 1334 3730 κανὼν
1375 3676 1442 3746 ιη’
1465 3720 1481 3742 ,
1513 3677 1612 3734 κδ’.

478 3765 568 3829 ιη’.
601 3760 737 3832 Περὶ
756 3763 864 3818 τῶν
896 3766 1249 3822 ἐκπεσουσῶν
1272 3770 1578 3840 παρθένων,
1609 3789 1664 3828 κ.
1690 3790 1740 3828 τ.
1778 3793 1827 3829 Α.

474 3851 573 3906 κδ’.
601 3853 791 3926 Χήραν
822 3855 921 3929 τὴν
953 3859 1374 3932 καταλεγεῖσαν,
1410 3880 1463 3917 κ.
1498 3881 1549 3917 τ.
1582 3865 1634 3920 λ.

469 4055 722 4112 ΚΕΦΑΛ.
752 4056 810 4112 H'
830 4099 845 4115 .
880 4089 944 4102 -—<
983 4063 1124 4132 Περὶ
1164 4062 1286 4119 τῶν
1325 4064 1426 4120 ἐπὶ
1475 4065 1641 4139 γάμῳ
1697 4071 1988 4139 γυναῖκας

392 4145 798 4215 ἁρπαζόντων,
834 4151 873 4221 ἣ
908 4153 1300 4226 βιαζομένων,
1364 4157 1404 4228 ἢ
1443 4162 1811 4232 φθειρόντων
1839 4182 1986 4236 παρ-

391 4237 628 4306 θένους,
659 4242 910 4311 καὶπερὶ
943 4249 1327 4316 συνιστόρων
1350 4249 1570 4308 αὐτῶν.

833 4355 1222 4413 Ἀποστόλων
1251 4361 1457 4417 κανὼν
1478 4362 1576 4431 εξ.

474 4438 664 4588 ξζ’.λΕτ
680 4461 763 4509 τις
787 4447 1057 4518 παρθένον
1081 4451 1453 4524 ἀμνήστευτον
1483 4457 1814 4530 βιασάμενος
1844 4459 1981 4534 ἔχει,

487 4551 533 4588 τ.
602 4574 620 4588 .

388 4549 446 4586 κ.
487 4551 533 4588 τ.
567 4549 620 4591 Α.

626 4631 895 4687 Συνόδου
935 4637 1233 4706 Ἀγκύρας
1275 4643 1478 4697 κανὼν
1507 4643 1606 4710 ια’,
1642 4643 1741 4702 κε’.

457 4725 546 4774 ια’.
579 4721 692 4786 Τὰς
723 4729 1157 4796 μνηστευθείσας
1182 4733 1374 4806 κόρας,
1405 4755 1460 4792 κ.
1487 4757 1539 4793 τ.
1571 4741 1622 4795 1.

461 4819 561 4866 κε’.
592 4815 1098 4892 Μνηστευσάμενός
1133 4843 1217 4890 τις
1249 4829 1441 4901 κόρην,
1465 4849 1518 4886 κ.
1550 4851 1601 4889 τ.
1635 4835 1685 4890 λ.

667 5006 940 5062 Συνόδου
969 5011 1356 5082 Χαλκηδόνος
1386 5019 1589 5075 κανὼν
1621 5021 1722 5088 κζ’.

458 5091 560 5155 κζ’.
587 5093 728 5159 Τοὺς
767 5097 1118 5168 ἁρπάζοντας
1146 5110 1433 5175 γυναῖκας,
1465 5128 1522 5165 κ.
1553 5130 1606 5167 τ.
1631 5112 1682 5169 λ.

526 5300 799 5357 Συνόὸου
822 5306 1245 5378 οὶκουμενικῆς
1287 5312 1465 5382 ἕκτης
1492 5317 1692 5373 κανὼν
1719 5319 1820 5391 ιβ’.

454 5413 559 5484 ιβ’.
587 5415 730 5481 Τοὺς
762 5419 1114 5491 ἁρπάζοντας
1139 5428 1428 5495 γυναῖκας,
1453 5446 1509 5485 κ.
1539 5449 1590 5486 τ.
1632 5432 1682 5488 λ.

693 5620 1020 5679 Βασιλείου
1045 5624 1247 5681 κανὼν
1276 5628 1365 5700 νβ’
1386 5672 1399 5696 ,
1431 5630 1475 5686 λ’
1499 5673 1512 5698 ,
1543 5633 1643 5704 νγ’.

451 5708 552 5779 κβ’.
582 5711 723 5776 Τοὺς
753 5712 812 5779 ἐξ
841 5714 1100 5787 ἁρπαγῆς
1129 5719 1350 5790 ἔχοντας
1375 5728 1664 5794 γυναῖκας,
1697 5746 1749 5784 κ.
1796 5748 1844 5784 τ.
1879 5731 1931 5783 λ.

2117 1947 2238 1993 ctus
2276 1939 2573 2009 legitimam
2607 1954 2838 1995 uxorem
2887 1956 2994 1996 non
3045 1941 3316 1995 habuerit.
3354 1940 3568 1994 Etenim
3607 1940 3701 2011 qui

2117 2048 2343 2087 uxorem
2372 2033 2554 2098 habet,
2593 2048 2769 2102 neque
2811 2033 3040 2088 liberam
3071 2073 3086 2101 ,
3142 2047 3319 2103 neque
3373 2048 3584 2088 servam
3647 2034 3702 2086 in

2117 2123 2486 2179 concubinatu
2518 2124 2721 2180 habere
2762 2133 2957 2195 potest.
2993 2124 3160 2179 Plane
3189 2123 3442 2179 adulterii
3474 2139 3702 2180 accusa-

2114 2215 2190 2269 tio
2229 2215 2299 2270 ob
2351 2223 2659 2284 stupratam
2714 2216 3079 2272 concubinam
3121 2214 3287 2270 etiam
3344 2215 3698 2270 instituitur:

2113 2307 2388 2376 quomodo
2423 2306 2516 2361 lib.
2555 2321 2746 2372 XLVIII,
2777 2307 2856 2361 tit.
2891 2306 2948 2373 5,
2995 2305 3188 2376 digest.
3224 2304 3412 2377 iﬂjet]
3471 2305 3538 2359 13
3587 2304 3698 2376 [dor

2112 2395 2282 2470 cent].
2319 2395 2588 2452 Caeterum
2622 2399 2927 2455 concubina
2958 2409 3079 2464 est,
3125 2413 3249 2468 qua:
3294 2399 3532 2468 legitime
3573 2413 3697 2451 cum

2111 2491 2296 2561 aliquo
2325 2492 2443 2547 siue
2485 2492 2691 2562 nuptiis
2745 2491 2880 2546 vivit
2915 2499 3014 2546 :et
3070 2506 3196 2562 quae
3243 2491 3426 2545 minus
3469 2491 3696 2543 honesta

2110 2589 2215 2645 est,
2248 2582 2423 2650 pellex
2470 2590 2741 2638 vocatur:
2774 2590 2834 2638 ut
2864 2582 2957 2639 lib.
2993 2598 3058 2652 ιι,
3104 2582 3190 2636 tit.
3226 2581 3316 2648 16,
3362 2581 3556 2651 digest.
3595 2580 3697 2634 ιιι

2111 2668 2420 2746 [traditur].

2179 2762 2334 2824 CAP.
2369 2765 2458 2820 VI.
2485 2795 2557 2808 —
2583 2764 2725 2831 Quid
2764 2765 2810 2820 si
2841 2764 2967 2818 laici
2996 2780 3131 2818 uxor
3161 2763 3259 2833 ﬁat
3293 2763 3557 2820 adultera.

2478 2857 2706 2914 Concilii
2741 2857 3016 2928 Ancyrani
3046 2873 3218 2911 canon
3244 2855 3333 2910 20.

2179 2950 2271 3005 20.
2333 2951 2391 3007 Si
2444 2951 2682 3021 alicujus
2738 2965 2878 3006 uxor
2921 2949 3222 3006 adulterata
3257 2949 3442 3015 fuerit,
3472 2957 3688 3014 etc.,nt

2103 3059 2227 3115 pag.
2251 3042 2379 3099 911.

2405 3134 2630 3192 Concilii
2659 3135 3106 3191 Neocaesariensis
3141 3150 3313 3190 canon
3337 3133 3392 3190 8.

2171 3247 2224 3302 8.
2260 3247 2316 3302 Si
2347 3247 2580 3319 alicujus
2605 3261 2764 3312 uxor,
2793 3256 2923 3313 etc.,
2952 3254 3011 3300 ut
3035 3263 3158 3317 pag.
3195 3245 3323 3302 555.

2167 3338 2308 3422 Lege
2337 3355 2459 3421 quae
2511 3339 2766 3394 adnotata
2797 3347 2926 3394 sunt
2954 3339 3008 3393 in
3057 3353 3178 3410 cap.
3207 3337 3300 3403 52,
3354 3340 3438 3393 tit.
3469 3338 3523 3405 1,
3551 3353 3690 3408 prae-

2101 3422 2273 3465 sentts
2303 3426 2505 3480 operis.

2169 3517 2324 3572 CAP.
2366 3517 2476 3572 VII.
2532 3548 2605 3560 --—
2673 3517 2745 3572 De
2778 3527 2984 3588 stupro,
3015 3526 3064 3574 et
3095 3518 3160 3574 de
3205 3517 3377 3574 viduae
3411 3517 3610 3588 nuptiis
3639 3528 3690 3571 et

2097 3627 2340 3680 quaenam
2359 3611 2575 3664 dicatur
2598 3611 2780 3666 vidua.

2523 3703 2719 3758 Basilii
2753 3719 2980 3759 canones
3041 3704 3128 3770 18,
3158 3704 3249 3762 24.

2171 3796 2258 3851 18.
2300 3795 2376 3852 De
2403 3795 2570 3866 lapsis
2598 3798 2924 3866 virginibus,
2949 3807 3083 3863 etc.,
3115 3807 3173 3853 ut
3194 3815 3317 3870 pag.
3350 3797 3481 3854 858.

2164 3888 2256 3944 24.
2285 3888 2519 3945 Viduam
2559 3906 2682 3960 quae
2714 3891 2769 3946 in
2802 3891 3094 3946 viduarum
3122 3905 3433 3958 numerum,
3466 3901 3596 3956 etc.,
3632 3903 3687 3946 ut

2093 3993 2214 4050 pag.
2247 3979 2375 4036 898.

2165 4085 2332 4158 428
2351 4085 2503 4142 CAP.
2533 4086 2748 4144 Vlll.—-
2770 4087 2848 4142 De
2879 4090 2945 4143 iis
2966 4089 3057 4155 qui
3074 4092 3405 4147 matrimonii
3417 4109 3580 4149 causa
3603 4110 3690 4147 ra-

2092 4180 2302 4247 puerint
2336 4179 2602 4248 mulieres,
2623 4181 2706 4236 vel
2720 4183 3004 4236 violentum
3027 4194 3272 4254 stuprum
3295 4185 3582 4254 virginibus
3607 4190 3683 4240 ἕης

2095 4271 2273 4341 ferunt
2297 4281 2346 4328 et
2373 4273 2436 4328 de
2459 4275 2684 4329 consciis
2709 4276 2970 4344 ipsorum.

2534 4385 2912 4454 Apostolorum
2940 4402 3109 4440 canon
3139 4386 3229 4443 67.

2168 4474 2235 4530 67
2260 4474 2398 4548 [66].
2437 4475 2493 4531 Si
2527 4479 2651 4547 quis
2693 4477 2960 4547 virginem
3000 4493 3110 4533 non
3136 4482 3490 4549 deponsatam
3521 4477 3574 4532 vi
3607 4478 3686 4531 al-

2011 4545 2058 4604 D
2088 4567 2198 4623 lata
2231 4545 2412 4633 habet,
2441 4545 2570 4634 etc.,
2603 4578 2662 4622 ut
2685 4545 2808 4640 pag.
2848 4571 2970 4625 786.

2375 4661 2603 4716 Consilii
2624 4663 2895 4734 Ancyrani
2927 4681 3152 4721 canones
3185 4665 3271 4734 18,
3301 4666 3394 4721 25.

2159 4754 2248 4810 18.
2287 4754 2656 4825 Desponsatas
2695 4757 2818 4812 aliis
2847 4759 3080 4827 puellas,
3115 4771 3220 4815 etc.
3263 4771 3323 4813 ut
3364 4776 3489 4832 pag.
3522 4762 3648 4816 786.

2154 4846 2246 4901 25.
2299 4846 2534 4914 Quidam
2589 4848 2678 4904 cui
2705 4859 2824 4906 erat
2862 4851 3040 4923 puella
3073 4851 3424 4924 desponsata,
3450 4864 3584 4924 etc.,
3620 4867 3678 4910 ut

2083 4941 2358 5012 pag.786.

2390 5031 2623 5088 Concilii
2659 5032 3101 5094 Chalcedonensis
3121 5057 3289 5095 canon
3323 5041 3414 5095 27.

2152 5125 2239 5180 27.
2266 5123 2373 5180 Eos
2399 5127 2490 5195 qui
2507 5129 2728 5185 nomine
2751 5131 2988 5204 coniugii
3012 5134 3271 5190 mulieres
3287 5137 3524 5206 rapiunt,
3544 5149 3672 5202 etc.,

2082 5229 2137 5272 nt
2162 5235 2282 5288 pag.
2324 5218 2447 5275 750.

2407 5332 2634 5389 Concilii
2655 5339 2962 5392 mcumenici
2984 5356 3032 5392 vr
3058 5356 3225 5393 canon
3261 5341 3350 5395 92.

2150 5442 2237 5496 92.
2272 5441 2382 5499 Eos
2401 5443 2496 5514 qui
2526 5446 2750 5502 nomine
2777 5449 3111 5503 matrimonii
3144 5451 3400 5506 mulieres
3426 5451 3667 5521 rapiunt,

2078 5545 2204 5598 etc.,
2247 5545 2306 5588 ut
2338 5553 2462 5608 pag.
2499 5538 2622 5594 786.

2453 5645 2644 5700 Basilii
2674 5664 2899 5704 canones
2930 5649 3020 5717 22,
3056 5652 3144 5717 51),

2146 5733 2234 5788 ~22.
2326 5736 2429 5803 Qui
2509 5754 2571 5794 ex
2615 5752 2770 5810 I‘nplu
2851 5743 3107 5798 mulieres
3160 5743 3377 5808 habent,
3425 5755 3552 5808 etc.,
3604 5753 3660 5800 nt

2075 5841 2193 5893 pug.
2227 5825 2351 5882 9H.
