4156 6514
462 398 575 462 919
1636 396 1899 458 ΡΗΟΤΙΙ
1948 398 2103 458 ΡΑΤ]

2167 398 2455 460 ζΑΒΟΙΙᾸΞ
2486 399 2596 459 CP.
3692 399 3808 463 920

542 515 631 572 30.
670 513 744 570 De
770 512 838 571 iis
861 513 957 585 qui
977 514 1199 585 rapiunt
1228 526 1494 569 canonem
1519 512 1738 582 quidem
1770 512 2058 583 antiquum
2086 520 2136 575 Α

2234 511 2300 568 λ’.
2325 514 2462 584 Περὶ
2480 514 2591 567 τῶν
2622 511 3006 583 ἁρπαζόντων,
3038 510 3241 567 κανόνα
3268 511 3366 583 μὲν
3395 510 3671 567 παλαιὸν
3694 513 3804 568 οὐκ

463 624 578 664 non
611 608 899 676 habemus,
941 617 1071 673 etc.,
1102 617 1160 661 ut
1187 624 1312 679 pag.
1347 606 1471 661 914.

1006 623 1071 673 c.,
1102 617 1160 661 ut
1187 624 1312 679 pag.
1347 606 1471 661 914.
2164 604 2385 677 ἔχομεν,
2420 624 2476 661 κ.
2510 623 2563 660 τ.
2596 604 2647 659 λ.

539 699 630 755 55.
650 697 822 754 Vidua
860 700 1057 754 ancilla
1088 696 1348 763 fortasse,
1385 706 1514 761 etc.,
1540 705 1597 749 ut
1627 713 1752 766 pag.
1792 693 1918 751 899.

1433 711 1514 761 ,c.,
1540 705 1597 749 ut
1627 713 1752 766 pag.
1792 693 1918 751 899.
2236 706 2338 768 νγ’.
2385 699 2449 753 Ἡ
2469 700 2613 771 χήρα
2632 697 2815 770 δούλη,
2850 716 2907 752 κ.
2935 715 2987 754 τ.
3021 698 3074 755 λ.

546 791 690 862 Lege
736 806 860 862 quae
916 799 1177 848 annotata
1205 799 1336 845 sunt
1390 789 1445 844 in
1472 803 1593 843 can.
1622 786 1692 842 52
1753 788 1872 842 tit!
1924 801 2064 857 pra:-

2238 791 2535 859 Ἀνάγθωθι
2598 790 2665 845 τά
2716 789 3235 861 παραγεγραμμένα
3278 790 3339 846 ἐν
3398 788 3496 862 τῷ
3556 786 3616 842 λ’
3666 803 3806 857 κεφ.

470 885 649 937 sentis
679 883 885 954 operis.

2163 882 2260 936 τοῦ
2285 884 2329 937 θ’
2368 883 2473 937 τίτ.
2509 881 2703 936 τούτου
2740 880 2835 934 τοῦ
2872 881 3274 952 συντάγματος.

543 972 710 1044 429
742 972 896 1028 CAP.
923 973 1015 1027 ΙΧ.
1048 1004 1119 1014 -
1187 974 1266 1028 De
1320 974 1387 1027 iis
1448 975 1538 1043 qui
1573 980 1765 1043 praeter
1785 981 2065 1042 parentum

2238 974 2489 1029 ΚΕΦΑΛ.
2524 973 2603 1029 Θ’.
2638 1000 2707 1013 -
2759 972 2903 1041 Περὶ
2968 971 3087 1025 τῶν
3142 972 3303 1041 παρὰ
3328 970 3609 1041 γνώμην
3679 971 3812 1022 τῶν

471 1076 567 1119 αιιι
597 1066 932 1119 dominorum
957 1067 1268 1119 sententiam
1305 1068 1527 1119 nubunt.

2166 1064 2401 1118 οἰκείων
2429 1064 2651 1134 γονέων
2686 1063 2724 1131 ᾖ
2759 1062 3075 1116 δεσποτῶν
3101 1064 3490 1132 γαμούντων.

860 1153 1053 1209 Basilii
1082 1172 1309 1210 canones
1340 1157 1429 1220 58,
1466 1156 1556 1220 40,
1579 1156 1672 1211 42.
2492 1188 2501 1209 λ

2492 1157 2820 1210 Βασίλειον
2852 1155 3057 1209 κανὼν
3084 1156 3187 1224 λη’.
3216 1161 3289 1224 μ’,
3323 1155 3439 1224 μβ’.

545 1248 635 1303 58.
672 1247 891 1312 Puellae,
924 1262 1046 1315 quae
1091 1258 1289 1317 praeter
1320 1249 1489 1316 patris
1519 1248 1851 1302 sententiam
1899 1260 2064 1303 secu-

2239 1249 2342 1317 λη’.
2367 1248 2432 1301 Αἱ
2468 1249 2628 1319 κόραι
2659 1247 2717 1301 αἱ
2763 1248 2916 1318 παρὰ
2950 1245 3178 1317 γνώμην
3209 1246 3432 1319 Πατρὸς
3468 1244 3812 1316 ἀκολουθή-

476 1343 546 1390 ta:
588 1344 737 1401 sunt,
786 1334 1167 1391 fornicamur:
1225 1339 1593 1393 reconciliatis
1644 1346 1826 1391 autem
1867 1353 2065 1407 paren-

2171 1357 2353 1406 σασαι,
2414 1338 2739 1409 πορνεύουσι
2768 1355 2783 1371 ’
2815 1338 3212 1407 διαλλαγέντων
3262 1336 3319 1390 δὲ
3372 1337 3502 1390 τῶν
3553 1337 3807 1405 γονέων,

475 1425 625 1479 tibus
660 1426 871 1479 videtur
914 1440 998 1478 res
1031 1426 1333 1480 remedium
1381 1427 1669 1495 accipere;
1730 1440 1845 1480 non
1881 1434 2065 1479 tamen

2170 1435 2315 1489 δοκεῖ
2355 1433 2651 1505 θεραπείαν
2704 1433 3001 1505 λαμϐάνειν
3040 1432 3101 1485 τὸ
3132 1431 3365 1501 γεγονός
3390 1447 3407 1463 ο
3451 1430 3572 1483 οὐκ
3626 1429 3811 1493 εὐθὺς

477 1518 663 1570 statim
698 1517 751 1569 in
786 1516 1229 1571 communionem
1281 1517 1672 1584 restituuntur,
1703 1517 1799 1573 sed
1829 1517 2068 1573 triennio

2170 1525 2226 1579 δέ
2250 1527 2327 1589 εἰς
2357 1526 2455 1597 τὴν
2489 1527 2775 1580 κοινωνίαν
2825 1524 3315 1588 άποκαθίστανται,
3337 1522 3467 1576 ἀλλ’
3503 1524 3806 1593 ἐπιτιμη-

476 1608 798 1677 punientur.

2248 1636 2429 1672 σονται
2464 1619 2591 1690 τρία
2636 1619 2755 1689 ἐτη.
3883 1664 3888 1668 .

550 1696 641 1752 40.
680 1697 813 1764 Quae
867 1708 1062 1767 praeter
1089 1699 1208 1753 heri
1257 1699 1583 1755 sententiam
1625 1715 1683 1755 se
1721 1701 1842 1757 viro
1884 1701 2068 1767 tradit,

2247 1716 2321 1780 μ’.
2372 1712 2437 1764 Ἦ
2468 1712 2618 1782 παρὰ
2651 1711 2879 1782 γνώμην
2920 1710 3014 1764 τοῦ
3040 1708 3303 1763 δεσπότου
3336 1707 3512 1779 ἀνδρὶ⁸
3578 1705 3801 1775 ἑαυτὴν

478 1786 751 1845 fornicata
783 1799 898 1855 est;
943 1806 1064 1860 quae
1098 1806 1224 1845 vero
1275 1800 1465 1861 postea
1498 1793 1852 1849 matrimonio
1893 1794 2070 1848 libero
2103 1863 2119 1877 Ι

2174 1804 2479 1870 ἐκδιδοῦσα,
2519 1805 2849 1877 ἐπόρνευσεν
2883 1816 2897 1833 ⁸
2926 1804 3036 1875 ἡδὲ
3067 1802 3209 1873 μετὰ
3233 1802 3411 1856 ταῦτα
3469 1802 3803 1870 πεποιρῤη-

480 1895 583 1935 usa
609 1891 713 1945 est,
743 1882 965 1950 nupsit:
1000 1897 1170 1951 quare
1206 1882 1338 1938 illud
1379 1884 1601 1953 quidem
1632 1883 1926 1939 fornicatio
1948 1893 2068 1938 est:
2103 1863 2121 1918 Ῐ

2178 1863 2650 1967 σιασμένῳ1γάμιρ
2678 1863 3026 1969 χρησαμένη,
3056 1863 3305 1967 ἐγήματο
3328 1912 3341 1925 ’
3382 1894 3545 1947 ὥστε
3610 1863 3804 1946 ἐκεῖνο

484 1976 591 2028 hoc
633 1990 763 2029 vero
816 1975 1256 2029 matrimonium.
1305 1975 1441 2030 Nam
1493 1987 1651 2047 pacta
1695 1992 1913 2040 eorum,
1970 1978 2067 2047 qui

2180 1986 2281 2056 μὲν
2309 1988 2553 2057 πορνεία,
2582 1986 2742 2040 τοῦτο
2772 1987 2827 2041 δὲ
2862 1988 3041 2057 γάμος
3073 2003 3089 2018 ο
3119 1987 3176 2041 αἱ
3196 1986 3303 2057 γάρ
3354 1983 3653 2056 συνθῆκαι
3687 1984 3806 2037 τῶν

482 2076 617 2122 sunt
653 2066 708 2121 in
734 2066 961 2121 alterius
987 2075 1275 2136 potestate,
1307 2068 1445 2121 nihil
1480 2069 1681 2123 habent
1714 2068 1874 2123 ﬁrmi.

1582 2077 1681 2123 »εηι
1714 2068 1874 2123 [ὶῐωίι
2176 2078 2537 2143 ὐπεεουσίων,
2574 2078 2727 2131 οὐδὲν
2761 2078 2945 2149 έχουσι
2985 2078 3223 2148 βέϐαιον.

562 2160 654 2214 42.
688 2159 1033 2213 Matrimonia
1080 2161 1197 2213 sine
1228 2160 1298 2215 iis
1348 2160 1443 2229 qui
1475 2169 1799 2231 potestatem
1845 2161 2070 2225 habent,

2252 2170 2359 2240 μβ⁹.
2409 2172 2472 2223 Οἱ
2528 2170 2659 2224 ἄνευ
2712 2170 2821 2224 τῶν
2870 2170 3216 2241 κρατούντων
3261 2168 3462 2239 γάμοι,
3530 2165 3804 2237 πορνεῖαι

484 2251 891 2307 fornicationes
931 2260 1079 2307 sunt.
1117 2250 1305 2321 Neque
1329 2266 1459 2321 ergo
1502 2252 1718 2306 vivente
1758 2264 1931 2321 patre,
1974 2268 2072 2306 ne-

2177 2261 2317 2314 εἰσιν
2351 2276 2364 2290 ·
2429 2260 2552 2313 οὔτε
2597 2256 2690 2315 οὖν
2745 2261 2952 2332 πατρὸς
3011 2260 3235 2325 ζῶντος,
3296 2260 3428 2313 οὔτε
3487 2262 3798 2326 δεσπότου,

485 2360 598 2416 que
648 2346 805 2411 hero,
848 2344 942 2413 qui
995 2344 1334 2399 conveniunt.
1380 2353 1536 2398 extra
1584 2344 2067 2414 reprehensionem

2178 2353 2231 2406 oi.
2279 2353 2550 2416 συνιόντες
2600 2352 2883 2407 ἀνεύθυνοί
2915 2354 3052 2406 εἰσιν
3085 2370 3099 2385 ·
3132 2352 3272 2407 ὥστε
3317 2353 3417 2407 ἐὰν
3472 2351 3800 2406 ἐπινεύσω·

487 2448 638 2504 sunt,
698 2438 1161 2508 quemadmodum
1231 2439 1275 2494 si
1332 2448 1581 2493 annuant
1649 2440 2068 2503 cohabitationi,

2183 2462 2267 2497 σιν
2330 2446 2381 2498 oi
2432 2444 2613 2514 κύριοι
2661 2444 2760 2516 τὴν
2808 2445 3166 2517 συνοίκησιν,
3225 2445 3349 2499 τότε
3419 2444 3715 2515 λαμϐάνει
3769 2444 3798 2496 ό

484 2546 629 2601 quos
660 2546 826 2599 penes
859 2529 1018 2596 hujus
1049 2528 1126 2583 rei
1156 2540 1239 2585 est.
1267 2529 1578 2595 arbitrium,
1606 2536 1735 2585 tunc
1754 2531 2069 2586 ﬁrmitatem

1079 2528 1126 2583 ei
1156 2540 1239 2585 est.
1267 2529 1578 2595 arbitrium,
1606 2536 1735 2585 tunc
1754 2531 2069 2586 ﬁrmitatem
2182 2538 2358 2607 γάμος
2389 2536 2449 2589 τὸ
2480 2536 2720 2607 βέϐαιον.

487 2624 732 2694 coniugii
763 2623 961 2693 accipit
991 2623 1348 2679 eohabitatio.

563 2710 780 2767 Textus.
820 2711 953 2777 Quae
998 2712 1163 2782 quive
1223 2712 1275 2765 in
1332 2711 1556 2767 alterius
1610 2719 1878 2781 potestate
1917 2722 2073 2772 sunt.

2264 2715 2327 2770 'H
2353 2715 2645 2782 ὑπεξουσία
2666 2717 2699 2788 ἢ
2720 2718 2747 2771 ό
2769 2716 3111 2783 ὑπεξούσιος,
3138 2716 3197 2770 οὗ
3234 2716 3503 2770 δύνανται
3535 2715 3797 2784 νομίμως

487 2821 601 2862 non
632 2814 861 2877 possunt
884 2806 1124 2877 legitime
1152 2804 1561 2861 matrimonium
1585 2807 1932 2871 contrahere,
1964 2822 2071 2862 non

2184 2810 2405 2879 γαμεῖν,
2478 2809 2553 2879 μὴ
2603 2809 2976 2872 ωναινοῦντος
3019 2808 3113 2863 τοῦ
3148 2808 3363 2879 ἔχοντος
3412 2808 3634 2869 αὐτοὺς
3688 2808 3794 2859 ὑπ-

486 2899 871 2955 consentiente
922 2913 989 2953 eo
1018 2899 1111 2969 qui
1170 2897 1295 2953 illos
1345 2898 1400 2951 in
1448 2904 1722 2967 potestate
1776 2899 1981 2954 habet:
2015 2908 2075 2954 ut

2180 2900 2478 2965 εξουσίους.
2500 2900 2575 2964 ὡς
2609 2900 2751 2971 βιϐλ.
2777 2899 2818 2953 ε’
2844 2900 2936 2954 τοῦ
2964 2900 3119 2966 κώδ.,
3139 2900 3247 2954 τίτ.
3274 2900 3339 2968 δ’,
3373 2902 3478 2955 καὶ
3511 2899 3663 2969 βιϐλ.
3685 2894 3794 2963 κγ’,

488 2990 585 3045 lib.
620 2991 805 3045 vcod.
843 2990 926 3047 tit.
970 2989 1026 3054 4,
1058 3000 1112 3044 et
1166 2990 1265 3044 lib.
1305 3004 1467 3051 χχιιι,
1510 2990 1593 3043 tit.
1646 2990 1681 3044 2
1729 2988 2071 3062 [traditur]:

2182 2992 2291 3044 τίτ.
2320 2988 2364 3060 β’
2397 3006 2410 3021 ⁸
2448 2991 2496 3043 ει
2529 2989 2602 3060 μὴ
2625 2991 2912 3058 γεγονυῖαν
2943 2989 3041 3059 τὴν
3084 2988 3362 3060 θυγατέρα
3391 2995 3480 3040 κε’
3516 2986 3794 3042 ἐνιαυτῶν

488 3090 645 3136 extra
696 3097 859 3152 quam
897 3082 943 3138 si
974 3079 1144 3153 [quis]
1180 3082 1345 3144 ﬁliam
1384 3081 1578 3155 viginti
1609 3082 1853 3153 quinque
1900 3098 2076 3138 annos

2186 3081 2486 3152 ὑπερέθετο
2536 3079 2761 3145 ζεῦξαι·
2801 3080 2924 3133 τότε
2956 3080 3066 3150 γὰρ
3099 3079 3298 3148 ἑαυτὴν
3328 3079 3616 3148 ἐλευθέρῳ
3670 3076 3795 3140 ζεῦ·

490 3181 678 3227 natam
744 3170 825 3243 [in
878 3170 1318 3243 matrimonium]
1372 3171 1588 3227 elocare
1642 3170 1873 3227 differat.
1926 3171 2131 3250 TunC(

2185 3172 2271 3239 ξαι
2309 3172 2553 3237 δύναται,
2619 3172 2696 3235 ὡς
2754 3173 2789 3242 ἡ
2844 3173 2977 3246 περὶ
3021 3172 3132 3227 τῶν
3172 3173 3268 3225 ἐπὶ
3338 3171 3540 3241 κλήρῳ
3596 3171 3795 3239 ἀχαρι-

490 3264 642 3319 enim
681 3261 820 3335 [illa]
851 3263 1035 3319 liberae
1060 3264 1397 3321 conditionis
1427 3263 1637 3319 homini
1669 3263 1909 3333 seipsum
1934 3264 2075 3337 [ma-
2184 3265 2347 3319 στιῶν
2374 3264 2476 3337 ρβ’.

494 3353 778 3427 trimonio]
807 3354 1039 3426 jungere
1087 3364 1267 3427 potest
1302 3372 1317 3410 :
1351 3354 1815 3426 quemadmodum
1845 3370 1968 3427 quae
2004 3355 2073 3412 de
2138 3356 2526 3429 ingratitudine
2575 3357 2856 3413 haeredum
2921 3353 3179 3428 [spectat]
3236 3352 3467 3410 Novella
3524 3352 3635 3407 112
3668 3348 3795 3424 [do—

494 3444 626 3518 cet].

493 3456 626 3502 cett.

564 3557 721 3614 CAP.
759 3556 802 3612 Χ
828 3586 897 3599 -—
917 3557 993 3613 De
1024 3558 1235 3628 feminis
1275 3574 1392 3626 qua:
1417 3566 1601 3628 partus
1630 3573 1752 3614 suos
1784 3557 2090 3614 interimunt

2264 3557 2803 3630 ΚΕΦΑΛ.ΞΙ’.-Ιιερὶ
2823 3556 3252 3629 πορνευουσῶν
3272 3554 3370 3611 καί
3394 3548 3793 3625 ἀναιρουσῶν

497 3664 565 3703 ea:
598 3650 955 3720 fornicatione
980 3659 1273 3719 conceptos.

985 3659 1273 3719 conceptos.
2191 3653 2266 3708 τὰ
2289 3655 2626 3725 τικτόμενα.

860 3761 1085 3819 Concilii
1126 3761 1399 3831 Ancyrani
1431 3775 1602 3813 canon
1641 3759 1731 3814 21.
2475 3770 2501 3822 1

2475 3767 2749 3823 Συνόδου
2811 3767 3107 3837 Ἀγκύρας
3148 3766 3353 3822 κανὼν
3380 3772 3496 3822 κω.

570 3858 662 3912 21.
703 3857 775 3910 De
808 3854 1153 3917 mulieribus,
1191 3867 1311 3922 quae
1345 3863 1473 3906 sunt
1507 3850 1827 3917 fornicata},
1858 3860 1913 3905 et
1943 3848 2087 3906 fetus

2259 3867 2365 3916 κα’.
2384 3862 2456 3915 [Ie
2464 3860 2520 3931 ρὶ
2531 3860 2638 3913 τῶν
2652 3858 2925 3929 γυναικῶν
2942 3858 3051 3913 τῶν
3068 3860 3518 3929 ἐκπορνευουσῶν
3531 3856 3628 3910 καὶ
3647 3854 3791 3908 ἀναι-

498 3953 553 4006 in
596 3958 751 4003 utero
796 3947 1106 4017 perimunt,
1150 3952 1207 3998 et
1261 3942 1469 3997 fetuum
1513 3943 1807 3998 necatoriis
1844 3943 2089 3999 medica-

2190 3953 2400 4027 ρουσῶν
2451 3952 2522 4005 τὰ
2578 3951 2915 4021 γεννώμενα,
2949 3952 3046 4005 καὶ
3097 3949 3526 4012 σπουδαζουσῶν
3582 3946 3782 4017 φθόρια

500 4043 701 4097 mentis
732 4039 999 4095 faciendis
1030 4038 1160 4091 dant
1215 4052 1465 4106 operam,
1504 4037 1652 4105 prior
1683 4035 1899 4105 quidem
1929 4035 2094 4108 430

2192 4048 2388 4112 ποιεῖν,
2426 4047 2454 4099 ὁ
2508 4044 2609 4113 μὲν
2648 4044 2913 4114 πρότερος
2943 4043 3065 4114 ὅρος
3100 4043 3289 4113 μέχρις
3313 4042 3497 4107 ἐξόδου
3552 4036 3782 4098 ἐκώλυε,

500 4134 745 4188 deﬁnitio
791 4146 967 4201 usque
1012 4131 1079 4186 ad
1128 4130 1249 4183 vitae
1284 4128 1490 4184 exitum
1538 4127 1899 4197 prohibebat,
1954 4139 2007 4181 et
2044 4128 2093 4181 ei

2194 4137 2288 4189 καὶ
2318 4132 2493 4203 τούτῳ
2542 4133 2921 4187 συντίθενται*
2952 4130 3467 4201 φιλανθρωπότερον
3502 4129 3563 4182 δέ
3610 4144 3661 4179 τι
3695 4123 3784 4176 εύ-

500 4226 724 4297 quidam
758 4224 1157 4280 assentiuntur.
1195 4220 1301 4275 Sed
1334 4221 1673 4275 humanitate
1712 4229 1892 4273 tamen
1932 4228 2088 4273 uten-

2199 4225 2404 4295 ρόντες,
2432 4222 2711 4295 ὡρίσαμεν
2761 4223 2989 4293 δεκαετῆ
3046 4222 3237 4293 χρόνον
3285 4220 3430 4275 κατὰ
3476 4220 3609 4283 τοὺς
3692 4215 3780 4287 βα·

502 4331 617 4386 :cs,
667 4317 1014 4375 decrevimus
1039 4354 1054 4381 ,
1091 4324 1150 4370 ut
1189 4313 1518 4370 decennium
1557 4327 1654 4384 per
1680 4313 1881 4383 gradus
1911 4310 2090 4383 praeﬁ-

1601 4327 1654 4368 er
1680 4313 1881 4383 gradus
1911 4310 2090 4383 praeﬁ-
2199 4318 2371 4390 θμοὺς
2399 4318 2524 4382 τοὺς
2554 4316 2893 4388 ὡρισμένους
2930 4314 3242 4385 πληρῶσαι.

503 4414 647 4470 nitos
669 4411 950 4482 impleant.

822 4518 1050 4576 Concilii
1086 4518 1392 4574 mcumenici
1422 4534 1471 4572 vr
1494 4533 1662 4571 canon
1682 4516 1775 4572 91.
2127 4521 2172 4577 ι)
2307 4519 2463 4574 Συνό

2127 4521 2172 4577 ι)
2307 4518 2577 4574 Συνόδου
2629 4514 3051 4587 οἱκουμενικῆς
3097 4514 3280 4585 ἕκτης
3310 4511 3510 4568 κανὼν
3550 4515 3638 4577 μα’

571 4616 663 4671 91.
700 4613 808 4671 Eas
844 4630 967 4685 quae
1019 4613 1154 4669 dant
1183 4613 1529 4667 abortionem
1566 4610 1824 4665 facientia
1855 4609 2096 4665 medica-

2273 4616 2382 4680 ιιαθ.
2417 4611 2528 4674 Τὰς
2558 4608 2626 4663 τὰ
2658 4608 3037 4680 ἀμϐλωθρίδια
3069 4606 3315 4669 διδούσας
3353 4606 3647 4676 φάρμακα,
3692 4593 3782 4685 καὶ

506 4719 711 4772 menta,
764 4722 817 4763 et
862 4684 998 4777 qua“
1059 4704 1206 4760 fetus
1244 4703 1500 4765 necantia
1560 4716 1771 4759 venena
1798 4702 2095 4773 accipiunt,

2199 4702 2299 4764 τὰς
2335 4700 2632 4771 δεχομένας
2679 4698 2749 4752 τά
2808 4697 3183 4769 ἐμϐρυοκτόνα
3227 4696 3557 4767 δηλητήρια,
3584 4689 3662 4759 τῷ
3692 4684 3778 4739 τοῦ

509 4802 799 4859 homicida:
824 4800 1006 4872 ptenis
1042 4798 1387 4868 subiicimus.

2201 4793 2411 4863 φονέως
2442 4792 2704 4861 ἐπιτιμίῳ
2733 4788 3241 4859 καθυποϐάλλομεν.

928 4909 1121 4965 Basilii
1140 4924 1364 4963 canones
1411 4907 1467 4974 2,
1500 4907 1554 4974 8,
1592 4906 1680 4977 52.
2554 4904 2569 4955 l

2554 4900 2880 4955 Βασίλειον
2921 4899 3122 4955 κανὼν·
3138 4896 3204 4970 β’,
3230 4897 3300 4969 η’,
3330 4897 3426 4968 νβ’.

580 5006 637 5059 2.
676 5003 807 5070 Quae
823 5003 892 5059 de
916 5001 1186 5057 industria
1217 4998 1383 5054 fetum
1417 4998 1684 5066 corrupit,
1727 4996 1891 5052 caedis
1912 5010 2102 5065 poenas

2276 4994 2341 5065 β’.
2399 4995 2467 5049 Ἦ
2520 4995 2789 5064 φθείρασα
2839 4996 2957 5048 κατ’
3011 4993 3377 5063 ἐπιτήδευσιν,
3408 4988 3569 5059 φόνου
3630 4982 3779 5050 δίκην

516 5096 640 5148 lnit.
690 5093 765 5149 De
800 5093 1035 5149 formato
1066 5100 1249 5145 autem
1286 5099 1383 5145 aut
1418 5088 1645 5145 informi
1695 5090 1952 5145 subtilius
1992 5105 2102 5143 non

2206 5089 2397 5159 ὑπέχει
2431 5105 2446 5120 ο
2470 5086 2824 5159 ἀκριϐολογία
2868 5086 2977 5157 γὰρ
3010 5084 3512 5156 ἐκμεμορφωμένου
3548 5078 3643 5133 καὶ
3690 5076 3778 5127 ἁν-

522 5186 874 5256 inqnirimus.
911 5183 1011 5237 llic
1041 5182 1187 5237 enim
1234 5197 1340 5235 non
1384 5181 1435 5233 id
1467 5179 1629 5233 modo
1662 5180 1809 5247 quod
1858 5180 2103 5235 nascitu-

2215 5179 2577 5245 εξεικονίστου
2608 5179 2738 5248 παρ’
2769 5178 2898 5247 ἡμῖν
2927 5176 3026 5229 οὐκ
3048 5175 3214 5229 ἐστιν·
3250 5172 3483 5229 ἐνταῦθα
3504 5170 3610 5239 γὰρ
3646 5161 3779 5216 ἐκδι-

522 5252 643 5335 rum
676 5288 812 5342 erat,
856 5276 1186 5339 vindicatur,
1226 5272 1323 5327 sed
1359 5272 1521 5326 etiam
1572 5271 1662 5325 illa
1687 5272 1969 5341 ipsa.quze
1998 5272 2103 5326 sibi

2209 5277 2385 5328 κεῖται
2407 5274 2467 5326 οὐ
2511 5256 2669 5343 μόνον
2697 5270 2755 5324 τὸ
2787 5268 3206 5340 γεννησόμενον,
3249 5266 3387 5320 ἀλλὰ
3438 5262 3530 5319 καὶ
3576 5254 3709 5322 αὐτὴ
3744 5252 3771 5319 ἦ

520 5371 749 5428 insidias
796 5369 1029 5440 paravit,
1063 5366 1325 5436 quoniam
1372 5377 1432 5418 ut
1472 5363 1770 5434 plurimum
1830 5365 2107 5437 intereunt

2212 5368 2379 5437 ἑαυτῇ
2414 5363 2877 5418 ἐπιϐουλεύσασα’
2914 5361 3048 5415 διότι
3069 5359 3145 5423 ὡς
3180 5358 3274 5413 ἐπὶ⁸
3308 5357 3442 5410 πολὺ
3488 5343 3774 5413 ἐναποθνή”

520 5469 577 5520 in
605 5461 877 5535 ejusmodi
909 5446 1141 5526 inceptis
1190 5454 1468 5509 mulieres.
1515 5452 1629 5507 lluc
1665 5466 1845 5508 autem
1896 5455 2108 5509 accedit

2214 5475 2404 5512 σκουσι
2434 5459 2553 5520 ταῖς
2592 5455 2872 5518 τοιαύταις
2925 5452 3332 5523 ἐπιχειρήσεσιν
3388 5450 3442 5502 αἱ
3489 5443 3737 5513 γυναῖκες
3759 5446 3772 5461 ⁸

521 5570 575 5614 et
607 5528 749 5613 fetus
801 5552 1074 5614 interitus,
1103 5550 1279 5604 caedes
1329 5548 1520 5611 altera.
1573 5547 1763 5601 saltem
1817 5548 1863 5603 si
1893 5548 2106 5602 consilii

2211 5552 2471 5624 πρόσεστι
2513 5549 2570 5602 δὲ
2611 5548 2785 5618 τούτῳ
2826 5548 2920 5601 καὶ
2967 5548 3000 5616 ἡ
3059 5544 3234 5615 φθορὰ
3259 5541 3351 5595 τοῦ
3392 5535 3643 5624 ἐμϐρύων,
3669 5528 3774 5624 ’ἐξιε-

522 5668 712 5707 eorum
743 5650 835 5721 qui
869 5650 984 5704 hch
1009 5644 1231 5708 audent,
1259 5642 1401 5696 ratio
1428 5642 1716 5696 habeatur.
1755 5640 1979 5711 Oportet
2011 5658 2110 5695 an-

2214 5663 2305 5713 ρος
2346 5644 2504 5713 φόνος
2533 5644 2675 5697 κατά
2708 5658 2771 5710 γε
2789 5640 2884 5712 τὴν
2915 5638 3160 5690 ἐπίνοιαν
3188 5635 3295 5689 τῶν
3330 5633 3498 5685 ταῦτα
3543 5615 3769 5721 τολμών-

525 5754 634 5797 tem
672 5711 779 5797 non
812 5742 880 5795 ad
915 5738 1131 5795 obitum
1162 5748 1337 5803 usque
1385 5733 1759 5801 paenitentiam
1797 5750 1985 5788 carum
2015 5750 2110 5787 ex-

2212 5711 2320 5790 των
2357 5711 2369 5767 έ
2405 5736 2487 5789 δεῖ
2518 5735 2704 5806 μέντοι
2759 5711 2850 5801 μὴν
2874 5730 3036 5801 μέχρι
3078 5729 3175 5797 τῆς
3215 5724 3395 5793 ἐξόδου
3448 5711 3770 5807 παρατείνειν

529 5834 775 5902 tendere,
824 5831 920 5890 sed
968 5830 1157 5885 decem
1206 5824 1426 5895 quidem
1473 5840 1741 5879 annorum
1794 5841 2107 5881 mensuram

2216 5827 2395 5885 αὐτῶν
2433 5827 2529 5897 τὴν
2590 5824 2997 5895 ἐξομολόγησιν,
3032 5820 3167 5875 ἀλλὰ
3228 5816 3480 5888 δέχεσθαι
3536 5808 3628 5881 μὲν
3672 5810 3768 5851 των
