4156 6438
405 388 505 457 921

1179 386 1582 451 SYNTAGMA
1617 387 2004 451 CANONUM.
2034 414 2103 427 -
2128 388 2276 452 TIT.
2314 388 2482 466 XIII,
2523 389 2681 451 CAP.
2718 389 2822 462 1X,
2846 390 2921 450 Χ.

3561 388 3667 453 922

406 507 538 565 δέκα
588 500 727 559 ἐτῶν
762 499 822 556 τδ
866 499 1066 573 μέτρον
1091 516 1107 533 ·
1137 500 1343 572 ὁρίζειν
1382 502 1440 555 δὲ
1481 501 1559 574 μὴ
1602 502 1800 575 χρόνῳ,
1846 501 1984 557 ἀλλὰ

2107 503 2401 571 recipiant,
2448 503 2743 559 deﬁniatur
2774 512 2956 558 autem
2997 501 3214 560 curatio
3256 517 3365 560 non
3400 511 3666 575 tempore,

408 596 598 670 τρόπῳ
618 594 720 665 τῆς
750 592 1042 665 μετανοίας
1068 592 1167 663 τὴν
1198 592 1518 664 θεραπείαν.

477 697 550 761 η’.
570 689 629 743 Ὀ
653 686 809 758 ἀξίνῃ
830 687 980 757 παρὰ
999 685 1089 739 τὸν
1116 684 1285 755 θυμὸν
1316 686 1455 739 κατὰ
1472 684 1571 755 τῆς
1594 682 1789 738 ἑαυτοῦ
1818 701 1991 756 γαμε-

410 781 509 853 τῆς
552 778 916 851 χρησάμενος,
946 774 1137 845 φονεύς
1167 777 1313 828 ἐστιν
1344 791 1359 805 ·
1385 774 1566 837 καλῶς
1637 774 1693 826 δέ
1741 792 1809 843 με
1869 776 1979 828 ὑπ.

416 873 656 943 μένησας
676 871 767 922 καὶ
809 866 975 932 ἀξίως
1000 867 1100 936 τῆς
1130 863 1323 919 ἑαυτοῦ
1351 865 1637 931 συνέσεως,
1660 867 1831 918 εἰπεῖν
1867 866 1994 936 περὶ

411 965 615 1018 τούτων
648 963 985 1034 πλατύτερον
1018 977 1034 993 ⁸
1068 960 1206 1015 διότι
1254 960 1449 1014 πολλαὶ
1477 961 1535 1012 ἐν
1562 962 1673 1021 τοῖς
1725 959 1994 1023 ἑκουσίοις

416 1059 508 1111 καὶ
534 1059 645 1119 τοῖς
677 1055 949 1117 ἀκουσίως
985 1052 1238 1123 διαφοραί
1259 1070 1273 1086 ο
1306 1051 1565 1106 ἀκούσιον
1613 1052 1713 1121 μὲν
1747 1052 1855 1123 γάρ
1878 1052 1994 1105 ἐστι

420 1148 692 1212 παντελῶς
724 1147 817 1201 καὶ
856 1147 1049 1218 πόρρω
1075 1146 1171 1198 τοῦ
1204 1144 1599 1215 κατάρξαντος,
1624 1145 1684 1197 τὸ
1713 1144 1994 1199 ἀκοντίσαι

418 1240 558 1293 λίθον
609 1240 702 1291 ἐπὶ
758 1238 961 1308 κύναῆ
1010 1236 1248 1306 δένδρον,
1277 1238 1372 1289 καὶ
1429 1233 1716 1305 ἀνθρώπου
1759 1237 1940 1305 τυχεῖν
1975 1252 1991 1268 ·

415 1334 447 1402 ἡ
475 1332 572 1400 μὲν
599 1332 707 1402 γὰρ
734 1330 878 1401 ὁρμὴ
914 1324 1059 1400 ἦντὸ
1087 1328 1273 1399 θηρίον
1301 1328 1633 1398 ἀμύνασθαι,
1657 1327 1690 1398 ἢ
1718 1329 1810 1380 τὸν
1845 1345 1985 1398 καρ-

412 1423 515 1477 πὸν
576 1426 932 1477 κατασείων
984 1419 1159 1491 ὑπέϐη
1216 1420 1273 1473 δὲ
1321 1419 1644 1489 αὐτομάτως
1688 1421 1754 1491 τῇ
1810 1420 1992 1489 πληγῇ

414 1514 555 1568 κατὰ
615 1514 848 1582 πάροδον
922 1514 949 1565 ὁ
1016 1510 1354 1582 παραπεσὼν
1383 1528 1396 1543 ο
1459 1511 1601 1564 ὥστε
1653 1511 1714 1564 τὸ
1754 1511 1994 1564 τοιοῦτον

413 1606 666 1660 ἀκούσιον
700 1604 993 1658 ’ἀκούσιον
1037 1604 1243 1675 μέντοι,
1305 1603 1400 1657 καὶ
1444 1605 1497 1656 ετ
1525 1620 1610 1668 τις
1671 1603 1995 1675 βουλόμενος

413 1698 732 1768 ἐπιστρέψαι
758 1698 899 1761 τινὰ,
917 1700 1105 1768 ἱμάντι
1130 1698 1162 1769 ἢ
1192 1698 1370 1768 ῥάϐδῳ
1402 1698 1476 1768 μὴ
1499 1697 1750 1768 σκληρῶς
1778 1694 1991 1763 τύπτοι,

2091 594 2189 650 sed
2217 596 2551 665 pmnitentiae
2582 596 2769 650 modo.

2161 685 2215 741 8.
2248 684 2350 751 Qui
2381 687 2453 740 ob
2501 686 2847 740 iracundiam
2899 686 3082 742 securi
3131 686 3397 742 adversus
3441 701 3667 742 uxorem

2092 792 2248 832 suam
2278 792 2409 833 usus
2438 786 2543 842 est,
2572 784 2655 830 est
2689 776 2987 831 homicida.
3025 776 3192 832 Recte
3225 785 3411 832 autem
3444 793 3530 831 me
3570 780 3670 831 ad-

2094 869 2377 934 monuisti,
2409 879 2462 923 et
2501 869 2580 922 uti
2633 876 2783 923 tuam
2819 870 3144 939 sapientiam
3182 870 3385 934 decuit,
3414 869 3672 924 utfnsins

2093 959 2161 1012 de
2192 958 2277 1012 his
2302 959 2567 1024 dicerem,
2600 966 2890 1029 prapterea
2923 958 3071 1029 quod
3115 959 3282 1012 multa
3331 961 3385 1013 in
3415 960 3672 1013 volunta-

2095 1050 2193 1103 riis
2222 1060 2275 1103 et
2302 1048 2681 1105 involuntariis
2736 1050 3079 1106 discrimina.
3116 1050 3207 1105 Est
3245 1054 3390 1106 enim
3424 1052 3676 1106 involnn-

2096 1141 2294 1195 tarium
2323 1140 2568 1205 omnino,
2598 1150 2653 1195 et
2676 1141 2834 1211 longe
2860 1158 2889 1195 a
2915 1142 3148 1197 consilio
3175 1143 3300 1211 ejus
3329 1144 3420 1212 qui
3447 1144 3670 1213 incepit,

2096 1243 2391 1294 remotum,
2420 1232 2550 1286 dum
2580 1231 2718 1301 lapis
2744 1232 2949 1301 jaeitur
2975 1234 3027 1286 in
3052 1248 3244 1287 canem
3277 1243 3371 1287 aut
3400 1235 3671 1299 arborem,

2097 1323 2372 1377 hominem
2408 1322 2698 1392 attingere.
2744 1322 3093 1393 Propositum
3129 1327 3275 1379 enim
3313 1324 3415 1379 fuit
3445 1326 3672 1380 bestiam

2095 1412 2416 1483 propulsare
2453 1422 2548 1467 aut
2590 1412 2828 1467 fructum
2868 1426 3162 1469 excutere:
3212 1416 3305 1469 sed
3349 1417 3516 1469 ictum
3564 1414 3678 1468 [οι--

2098 1504 2234 1559 tuito
2281 1504 2451 1558 subiit
2495 1504 2588 1574 qui
2621 1505 2897 1560 transiens
2948 1508 3211 1571 occurrit,
3244 1522 3415 1576 quare
3455 1508 3557 1561 hoc
3592 1507 3677 1560 in—

2094 1595 2466 1650 volunlarium
2522 1604 2625 1650 est.
2664 1595 2730 1650 Et
2778 1596 2917 1651 illud
2968 1614 3188 1668 quoque
3242 1599 3676 1653 involuntarium

2094 1697 2198 1754 est,
2227 1688 2271 1745 si
2296 1689 2421 1758 quis
2447 1687 2636 1743 volens
2665 1688 2901 1758 aliquem
2932 1692 3224 1760 castigare,
3262 1691 3380 1747 loro
3409 1693 3492 1747 vel
3525 1693 3677 1760 virga

411 1790 671 1845 ἀποθάνοι
715 1789 771 1842 δὲ
829 1793 857 1844 ὁ
906 1791 1246 1860 τυπτόμενος
1288 1807 1301 1821 ·
1359 1793 1391 1857 ἡ
1432 1790 1544 1860 γάρ
1589 1791 1851 1862 πρόθεσις
1909 1792 1995 1843 ἐν-

2107 1795 2205 1834 non
2238 1780 2373 1833 dura
2422 1795 2548 1835 eum
2585 1781 2879 1846 percutiat,
2912 1784 3181 1837 moriatur
3215 1792 3399 1838 autem
3430 1784 3521 1851 qui
3551 1800 3676 1853 per-

409 1882 582 1935 ταῦθα
612 1883 914 1947 σκοπεῖται,
939 1883 1019 1936 ὅτι
1051 1881 1345 1952 βελτιῶσαι
1378 1882 1641 1951 ἠϐούλετο
1666 1882 1758 1937 τὸν
1808 1884 1987 1955 ἀμαρ-

2107 1884 2296 1925 cussus
2322 1878 2427 1927 est.
2459 1869 2618 1941 431
2671 1871 3017 1940 Propositum
3045 1874 3189 1927 enim
3229 1875 3317 1929 hic
3364 1875 3681 1930 considera-

408 1974 657 2039 τάνοντα,
701 1975 802 2026 οὐκ
847 1974 1087 2027 ἀνελεῖν·
1119 1977 1177 2029 ἐν
1225 1975 1338 2037 τοῖς
1386 1974 1661 2037 ἀκουσίοις
1716 1976 1836 2028 ἐστὶ
1881 1975 1989 2028 κά-

411 2068 575 2130 κεῖνο,
615 2066 675 2119 τὸ
724 2064 1067 2137 ἀμυνόμενόν
1113 2083 1238 2120 τινα
1269 2067 1327 2121 ὲν
1356 2067 1523 2138 μάχῃ,
1565 2065 1785 2137 ξύλῳ,ἢ
1821 2066 1987 2136 χειρὶ,

407 2159 644 2229 ἀφειδῶς
678 2161 770 2213 ἐπὶ
803 2159 869 2214 τά
910 2159 1103 2232 καίρια
1138 2159 1259 2231 τὴν.
1289 2160 1506 2231 πληγὴν
1553 2164 1799 2229 ἐνεγκεῖν
1842 2161 1987 2215 ὥστε

407 2253 659 2307 κακῶσαι
692 2254 875 2321 αὑτὸν,
915 2254 1012 2325 οὐχ
1054 2253 1194 2307 ὥστε
1240 2254 1525 2318 παντελῶς
1576 2255 1823 2308 ἀνελεῖν·
1852 2255 1989 2310 ἀλλά

406 2345 564 2399 τοῦτο
588 2346 690 2417 ἤδη
725 2346 1078 2417 προσεγγίζει
1130 2344 1208 2415 τῷ
1244 2346 1475 2417 ἑκουσίῳ
1504 2362 1516 2376 ·
1553 2348 1580 2400 ὀ
1612 2348 1720 2417 γὰρ
1749 2347 1990 2417 τοσούτῳ

407 2437 752 2507 χρησάμενος
773 2438 989 2507 ὀργάνῳ
1020 2437 1156 2508 πρὸς
1188 2438 1422 2508 ἄμυναν,
1452 2438 1484 2508 ἢ
1514 2438 1542 2490 ὁ
1573 2439 1647 2509 μὴ
1676 2438 1982 2508 πεφεισμέ-

410 2547 515 2591 νως
536 2530 634 2599 τὴν
653 2530 867 2599 πληγὴν
900 2527 1217 2597 ἐπαγαγὼν,
1246 2528 1407 2599 δῆλός
1440 2531 1557 2582 ἐστι
1589 2529 1677 2581 διά
1703 2529 1763 2581 τὸ
1786 2546 1991 2599 κεκρα-

408 2618 606 2689 τῆσθαι
662 2618 766 2671 ὑπὸ
807 2617 903 2671 τοῦ
955 2617 1166 2682 πάθους
1213 2617 1449 2687 ἀφειδῶς
1506 2617 1599 2669 τοῦ
1646 2616 1936 2686 ἀνθρώπου
1974 2633 1988 2649 ο

408 2710 609 2778 ὁμοίως
631 2711 725 2763 καὶ
747 2711 774 2763 ὁ
806 2709 947 2779 ξύλῳ
988 2709 1146 2780 βαρεί
1176 2709 1270 2761 καὶ
1305 2711 1332 2761 ό
1364 2707 1498 2777 λίθῳ
1527 2706 1734 2777 μείζονι
1771 2707 1870 2776 τῆς
1898 2707 1993 2759 δυ-

407 2801 628 2872 νάμεως
657 2800 756 2871 τῆς
800 2800 1150 2871 ἀνθρωπίνης
1176 2800 1544 2871 χρησάμενος,
1569 2802 1681 2863 τοῖς
1717 2798 1996 2863 ἀκουσίοις

407 2894 810 2965 ἐναριθμεῖται,
844 2894 973 2949 ἀλλο
1032 2894 1132 2966 μέν
1179 2911 1232 2947 τι
1257 2892 1643 2963 προελόμενος,
1672 2892 1801 2946 ἄλλο
1836 2891 1894 2945 δέ
1940 2908 1995 2945 τι

410 2991 643 3058 ποιήσας
672 3003 685 3016 ·
716 2988 822 3041 ὑπὸ
868 2988 976 3059 γὰρ
1027 2986 1121 3041 τοῦ
1145 2986 1318 3058 θυμοῦ
1347 2984 1605 3056 τοιαύτην
1646 2987 1846 3057 ηνεγκε
1895 2986 1996 3054 τὴν

412 3081 662 3151 πληγήν·
698 3080 841 3134 ὥστε
894 3081 1138 3135 ἀνελθεῖν
1199 3081 1291 3135 τὸν
1346 3080 1624 3152 πληγέντα
1657 3118 1671 3145 ,
1728 3077 1909 3132 καίτοι
1954 3077 1990 3148 ἡ

413 3175 613 3246 σπονδὴ
660 3172 728 3247 ἦν
790 3175 940 3246 αύτῷ
998 3174 1288 3245 συντρίψαι
1353 3173 1549 3245 τυχὸν,
1610 3173 1731 3244 οὐχὶ
1783 3171 1842 3225 δὲ
1900 3171 1999 3228 καὶ

413 3264 693 3315 παντελῶς
744 3264 1055 3315 θανατῶσαι
1083 3281 1097 3296 ·
1131 3267 1159 3315 ὁ
1198 3265 1381 3315 μέντοι
1433 3264 1577 3315 ξίφει
1616 3262 1988 3315 νοησάμενος.

2107 3171 2218 3221 ret;
2246 3171 2562 3225 quanquam
2605 3171 2747 3208 torte
2797 3171 2852 3209 in
2895 3171 3079 3209 animo
3145 3171 3380 3210 naneoat
3406 3171 3529 3211 eum
3556 3172 3692 3212 con-

2108 3254 2307 3311 terere,
2359 3262 2467 3301 non
2513 3255 2695 3301 autem
2738 3246 2969 3301 omnino
3002 3246 3341 3304 interimere.
3372 3248 3476 3315 Qui
3509 3260 3693 3306 autem

413 3264 693 3328 παντελῶς
744 3264 1055 3319 θανατῶσαι
1083 3281 1097 3296 ο
1131 3267 1159 3318 ὁ
1196 3265 1381 3335 μέντοι
1433 3264 1577 3333 ξίφει
1616 3262 1988 3332 χρησάμενος,

419 3356 452 3428 ἢ
498 3356 749 3427 ᾡτινιοῦν
794 3357 1041 3429 τοιούτῳ,
1060 3356 1315 3427 οὐδεμίαν
1338 3354 1452 3425 ἔχει
1488 3353 1821 3426 παραίτησιν
1852 3369 1869 3387 °
1905 3353 2002 3407 καὶ

422 3448 657 3519 μάλιστα
685 3449 714 3502 ὁ
750 3447 849 3519 τὴν
882 3449 1067 3519 ἀξίνην
1096 3446 1390 3511 ἀκοντίσας
1425 3463 1441 3479 ο
1469 3446 1568 3500 καὶ
1608 3446 1717 3516 γὰρ
1739 3444 1859 3499 οὐδὲ
1894 3444 2002 3498 ἀπὸ

418 3541 604 3612 χειρὸς
637 3541 886 3611 φαίνεται
908 3540 1133 3611 πλήξας,
1161 3530 1303 3594 ὥστε
1337 3541 1398 3594 τὸ
1430 3539 1633 3610 μέτρον
1662 3539 1761 3609 τῆς
1789 3538 2005 3608 πληγῆς

419 3632 508 3686 ἐπ’
538 3633 686 3703 αὐτῷ
717 3629 878 3696 εἶναι,
908 3633 1021 3685 ἀλλ’
1051 3632 1341 3702 ὴκόντισεν
1380 3646 1395 3661 °
1432 3630 1573 3684 ὥστε
1614 3632 1708 3684 καὶ
1736 3630 1814 3699 τῷ
1847 3629 2004 3700 βάρει

414 3724 509 3789 τοῦ
539 3725 783 3797 σιδήρου,
814 3725 909 3779 καὶ
931 3727 995 3796 τῇ
1023 3726 1200 3795 ἀκμῇ,
1224 3724 1319 3777 καὶ
1346 3726 1409 3794 τῇ
1439 3723 1526 3776 διά
1548 3723 1804 3775 πλείστου
1838 3722 2000 3792 φορᾷ,

415 3814 666 3887 ὀλεθρίαν
717 3816 1035 3885 ἀναγκαίως
1086 3817 1187 3884 τὴν
1239 3814 1458 3883 πληγὴν
1504 3810 1759 3881 γενέσθαι
1793 3824 1807 3840 ⁸
1850 3809 2007 3863 ἐκού-

420 3924 535 3962 σιον
567 3908 624 3961 δὲ
659 3907 821 3973 πᾲλιν
872 3905 1176 3971 παντελῶς,
1214 3907 1311 3958 καὶ
1360 3903 1620 3973 οὐδεμίαν
1673 3900 2005 3971 ἀμφιϐολίαν

419 3998 563 4070 ἔχον,
592 3995 703 4051 οἷόν
725 3999 842 4051 ἐστι
871 3998 931 4050 τὸ
955 3998 1064 4050 τῶν
1097 3996 1311 4067 λῃστῶν
1339 3994 1433 4047 καὶ
1457 3993 1517 4046 τὸ
1550 3992 1658 4046 τῶν
1688 3990 2005 4059 πολεμικῶν

420 4091 625 4159 ἐφόδων
656 4107 669 4121 ο
704 4083 850 4144 οὗτοι
883 4091 980 4160 μὲν
1010 4088 1119 4159 γὰρ
1163 4088 1251 4140 διὰ
1277 4087 1541 4158 χρήματα
1582 4082 2004 4155 ἀναιροῦσι,τὸν

418 4183 639 4252 ἔλεγχον
689 4181 1095 4252 ἀποφεύγοντες
1130 4197 1145 4211 ο
1175 4180 1231 4233 οἵ
1255 4197 1316 4232 τε
1352 4180 1409 4232 ἐν
1450 4180 1562 4241 τοῖς
1618 4177 1879 4247 πολέμοις
1909 4175 2003 4229 ἐπὶ

419 4278 614 4346 φόνους
677 4276 949 4348 ἔρχονται,
983 4274 1107 4330 οὔτε
1161 4272 1571 4345 φοϐῆσαι,οΰτε
1620 4272 2001 4342 σωφρονῆσαι,

418 4369 534 4424 ἀλλ’
580 4369 788 4424 ἀνελεῖν
839 4370 965 4432 τοὺς
1015 4366 1459 4437 ἐναντιουμένους
1504 4366 1569 4418 ἐκ
1622 4363 1716 4416 τοῦ
1767 4360 2003 4432 φανεροῦ

419 4460 845 4532 προαιρούμενοι
875 4478 889 4492 ο
922 4460 1016 4514 καὶ
1058 4460 1239 4530 μέντοι
1264 4458 1367 4512 κᾶν
1399 4456 1466 4509 δι’
1495 4456 1663 4526 ἄλλην
1683 4456 1806 4509 τινὰ
1825 4455 2004 4507 αἰτίαν

2102 1967 2208 2026 tur,
2254 1959 2385 2029 quia
2434 1969 2754 2029 peccantem
2800 1963 3075 2031 corrigere
3115 1965 3311 2029 voluit,
3358 1980 3466 2019 non
3495 1965 3681 2020 interiv

2099 2067 2271 2108 mere.
2317 2052 2660 2107 Reeensetur
2700 2061 2754 2109 et
2790 2052 2920 2108 illud
2955 2055 3098 2110 inter
3129 2054 3520 2119 involuntaria,
3556 2072 3682 2111 cum

2098 2145 2221 2215 quis
2255 2146 2307 2199 in
2351 2160 2537 2215 pugna
2578 2146 2817 2216 aliquem
2854 2146 3006 2217 ligno
3061 2147 3144 2202 vel
3187 2163 3353 2203 manu
3391 2149 3682 2219 repellens,

2101 2249 2212 2289 non
2260 2249 2424 2304 parce
2455 2234 2509 2288 in
2563 2233 2871 2303 praecipuas
2906 2243 3089 2303 partes
3139 2234 3307 2289 ictum
3352 2243 3591 2304 torquet,
3626 2244 3683 2289 ut

2100 2342 2226 2381 eum
2280 2327 2459 2393 laedat,
2512 2342 2622 2380 non
2676 2335 2738 2380 ut
2788 2327 3020 2381 omnino
3072 2326 3385 2382 interﬁciat.
3416 2328 3522 2383 Sed
3578 2328 3686 2383 hoc

2102 2417 2321 2488 quidem
2354 2417 2649 2474 acceditad
2674 2417 3069 2474 voluntarium.
3101 2419 3205 2487 Qui
3235 2424 3381 2476 enim
3417 2422 3685 2493 ejusmodi

2101 2509 2472 2565 instrumento
2516 2509 2586 2563 ad
2618 2525 2680 2565 se
2710 2508 3113 2565 defendendum
3166 2527 3300 2567 usus
3330 2522 3433 2578 est,
3470 2514 3553 2567 vel
3588 2514 3686 2583 qui

2102 2618 2213 2657 non
2258 2616 2421 2671 parce
2458 2601 2630 2656 ictum
2678 2602 2897 2668 inllixit,
2946 2602 3115 2673 liquet
3150 2620 3277 2658 eum
3324 2606 3449 2662 ideo
3479 2605 3685 2660 homini

2106 2707 2217 2748 non
2248 2693 2582 2763 pepercisse,
2634 2693 2779 2763 quod
2809 2694 2888 2747 ira
2916 2694 3097 2750 victus
3142 2694 3324 2751 fuerit.
3358 2695 3449 2752 Sic
3491 2706 3545 2751 et
3591 2697 3687 2767 qui

2104 2783 2256 2854 gravi
2287 2783 2453 2852 ligno,
2499 2792 2555 2837 et
2586 2784 2681 2853 qui
2714 2784 2893 2853 lapide
2938 2784 3147 2855 majore
3206 2802 3371 2856 quam
3418 2803 3515 2857 pro
3547 2788 3688 2842 viri—

2104 2876 2206 2930 bus
2228 2875 2482 2929 humanis
2545 2890 2677 2930 usus
2698 2884 2805 2938 est,
2837 2875 2892 2929 in
2922 2874 3308 2932 involnntariis
3342 2890 3683 2947 numeratur,

2105 2976 2169 3023 ut
2212 2967 2308 3037 qui
2366 2966 2513 3022 aliud
2563 2966 2825 3034 voluerit,
2863 2968 3011 3023 aliud
3051 2970 3268 3024 fecerit.
3299 2970 3437 3025 Nam
3469 2986 3579 3041 pra:
3606 2973 3689 3029 ira

2108 3061 2279 3117 ictum
2314 3061 2476 3118 talem
2512 3060 2720 3128 intulit,
2753 3070 2815 3116 ut
2847 3062 3011 3117 etiam
3055 3077 3378 3132 percussum
3415 3064 3694 3121 interﬁce-

2103 3161 2218 3221 ret;
2246 3169 2562 3225 quanquam
2605 3152 2747 3208 forte
2797 3153 2852 3209 in
2895 3153 3079 3209 animo
3145 3154 3380 3210 habebat
3406 3171 3529 3211 eum
3556 3172 3692 3212 con-

2110 3353 2244 3395 ense
2298 3338 2383 3393 vel
2426 3338 2623 3408 quavis
2669 3351 2729 3392 re
2758 3337 2923 3392 simili
2967 3353 3102 3394 usus
3130 3349 3237 3406 est,
3272 3342 3478 3396 nullam
3531 3342 3696 3397 habet

2107 3430 2559 3487 excusationem:
2602 3437 2656 3483 et
2706 3431 2965 3494 maxime,
3009 3431 3101 3499 qui
3155 3434 3394 3488 securim
3418 3435 3695 3503 jacnlatus

2110 3531 2220 3578 est.
2258 3520 2612 3577 Manifestum
2647 3529 2735 3577 est
2757 3521 2905 3576 enim
2948 3520 3101 3577 illum
3131 3538 3292 3578 manu
3324 3541 3431 3579 non
3465 3542 3694 3595 percus-

2112 3616 2271 3681 sisse,
2304 3617 2377 3671 ita
2412 3622 2473 3669 ut
2522 3615 2691 3670 ictum
2725 3615 2792 3670 ad
2844 3614 3134 3671 arbitrium
3169 3618 3441 3673 moderari
3469 3629 3692 3689 posset:

2112 3706 2209 3761 sed
2261 3705 2539 3775 jaculatus
2574 3715 2680 3771 est,
2733 3705 2807 3759 ita
2835 3714 2897 3761 ut
2943 3715 2999 3762 et
3040 3708 3304 3777 gravitate
3336 3708 3464 3763 ferri
3488 3720 3542 3764 et
3580 3712 3699 3765 acie

2112 3807 2168 3854 et
2197 3809 2347 3853 motu
2367 3812 2397 3852 e
2424 3797 2748 3868 longinquo,
2769 3797 2913 3853 ictus
2936 3799 3251 3855 necessario
3281 3800 3501 3856 lethalis
3523 3801 3698 3857 ﬁeret.

2115 3889 2331 3946 Rursus
2364 3900 2545 3945 autem
2583 3891 2810 3945 omnino
2839 3900 2925 3946 est
2962 3892 3366 3960 voluntarium,
3393 3908 3457 3948 ac
3494 3893 3697 3946 nullam

2117 3981 2326 4037 habens
2375 3982 2799 4048 dubitationem,
2836 3983 2981 4050 quod
3015 3982 3075 4037 ﬁt
3105 3998 3137 4038 a
3185 3984 3522 4051 latronibus,
3551 3995 3606 4040 et
3644 3988 3701 4041 in

2116 4072 2328 4127 bellicis
2372 4071 2806 4125 incursionibus.
2854 4069 2922 4124 Hi
2968 4070 3120 4125 enim
3174 4081 3397 4142 propter
3437 4074 3704 4141 pecunias

2117 4164 2463 4226 interimunt,
2510 4170 2767 4216 caventes
2813 4175 2880 4215 ne
2927 4161 3370 4215 convineantur:
3419 4171 3473 4214 et
3504 4161 3595 4229 qui
3642 4162 3697 4213 in

2116 4255 2275 4310 bellis
2295 4254 2360 4307 ad
2386 4253 2586 4307 caulem
2613 4250 2885 4315 feruntur,
2918 4250 3003 4305 his
3028 4264 3126 4304 nec
3154 4258 3375 4315 terrere,
3408 4266 3508 4304 nec
3533 4249 3703 4303 casui-

2117 4361 2268 4418 gare,
2315 4345 2408 4401 sed
2465 4344 2815 4399 adversarios
2858 4342 3170 4397 interﬁcere
3214 4352 3403 4412 aperte
3449 4343 3702 4411 proposi-

2119 4449 2233 4494 tum
2265 4447 2364 4493 est.
2398 4438 2576 4506 Atque
2606 4435 2824 4491 etiamsi
2855 4435 2978 4505 quis
3009 4440 3232 4503 propter
3265 4433 3502 4503 aliquam
3536 4433 3700 4486 aliam

419 4522 736 4624 περίεργον,
774 4522 1071 4623 φάρμακόν
1089 4568 1172 4615 τις
1206 4548 1507 4620 ἐγκεράσῃ,
1528 4522 1693 4617 ἀνέλῃ
1726 4546 1804 4611 δὲ,
1845 4545 1999 4599 ἐκού-

2114 4546 2338 4586 causam
2366 4529 2654 4584 curiosum
2692 4526 3053 4595 pharmacum
3088 4522 3396 4586 miscuerit,
3432 4531 3485 4577 et
3522 4522 3695 4577 inter-

422 4663 537 4698 σιον
564 4645 825 4715 τιθέμεθα
846 4646 910 4698 τὸ
935 4643 1201 4709 τοιοῦτον,
1232 4638 1345 4697 οἷον
1389 4641 1638 4695 ποιοῦσιν
1664 4642 1720 4694 αί
1750 4640 2012 4709 γυναῖκες

420 4737 680 4799 πολλάκις
723 4737 1023 4802 ἐπαοιδαῖς,
1050 4753 1162 4789 τισι
1193 4736 1291 4789 καὶ
1341 4734 1725 4803 καταδέσμοις,
1778 4729 1913 4799 πρὸς
1951 4726 2014 4780 τὸ

420 4831 630 4885 ἐαυτῶν
658 4831 882 4903 φίλτρον
916 4829 1218 4898 ἐπάγεσθαι
1274 4825 1639 4896 πειρώμεναι,
1669 4823 1766 4877 καὶ
1827 4819 2013 4892 προδι-

423 4923 615 4977 δοῦσαι
647 4925 833 4988 αὐτοῖς
862 4923 1157 4995 φάρμακα,
1193 4919 1459 4975 σκότωσιν
1512 4914 1848 4988 ἐμποιοῦντα
1894 4913 2015 4974 ταῖς

421 5016 685 5079 διανοίαις
707 5033 722 5047 ο
753 5017 810 5069 αί
853 5015 1101 5069 τοιαῦται
1155 5012 1465 5076 ἁνελοῦσαι,
1496 5011 1543 5063 εί
1572 5009 1666 5063 καὶ
1699 5006 1829 5060 ἀλλο
1880 5021 2016 5075 προ-

424 5106 711 5177 ελόμεναι,
743 5104 872 5158 ἄλλο
887 5103 1174 5175 ἐποίησαν,
1207 5104 1357 5174 ὅμως
1377 5100 1466 5155 διὰ
1496 5099 1558 5151 τὸ
1592 5095 1885 5167 περίεργον
1924 5090 2016 5145 καὶ

424 5197 877 5269 ἀπηγορευμένον
902 5198 1001 5266 τῆς
1040 5194 1468 5265 ἐπιτηδεύσεως,
1496 5193 1554 5244 ἐν
1581 5191 1697 5251 τοῖς
1750 5183 2016 5244 ἑκουσίως

427 5286 716 5357 φονεύουσι
747 5287 1197 5363 καταλογίζονται
1230 5298 1245 5314 ⁸
1279 5284 1373 5337 καὶ
1404 5282 1459 5334 αί
1490 5280 1670 5333 τοίνυν
1701 5276 1770 5329 τὰ
1796 5274 2017 5345 ἀμϐλω-

428 5380 607 5451 θρίδια
632 5378 870 5434 διδοῦσαι
897 5381 1189 5450 φάρμακα,
1227 5372 1540 5446 φονεύτριαί
1584 5373 1693 5423 εἰσι
1734 5369 1830 5421 καὶ
1854 5363 2020 5420 αὑταὶ

430 5472 525 5524 καὶ
545 5472 600 5525 αἱ
635 5470 936 5543 δεχόμεναι
964 5471 1034 5524 τὰ
1059 5466 1402 5540 ἐμϐροκτόνα
1432 5462 1757 5535 δηλητήρια.

501 5653 602 5725 νβ’.
649 5653 712 5710 Ἠ
742 5653 838 5708 τοῦ
882 5654 1164 5725 κυήματος
1193 5650 1340 5706 κατά
1383 5651 1482 5722 τὴν
1520 5647 1639 5703 ὁδὸν
1675 5644 2022 5717 ἁμελήσασα,

2114 4621 2327 4687 fecerit,
2374 4620 2428 4675 id
2477 4633 2575 4689 pro
2624 4615 2939 4672 voluntario
2986 4614 3275 4679 ducimus;
3334 4620 3394 4667 ut
3428 4629 3568 4683 saepe
3619 4614 3703 4666 fa-

2114 4717 2269 4771 ciunt
2326 4712 2609 4774 mulieres,
2670 4725 2792 4780 quae
2836 4708 3167 4778 quibusdam
3230 4708 3697 4761 incantationibus

2114 4818 2168 4863 et
2196 4806 2449 4862 amuletis
2480 4806 2547 4858 ad
2595 4803 2681 4859 sui
2728 4816 2978 4856 amorem
3028 4801 3244 4869 aliquos
3278 4800 3555 4853 attrahere
3607 4815 3706 4854 co-

2116 4908 2340 4964 nantur,
2386 4900 2630 4967 dantque
2663 4894 2826 4967 432
2858 4895 2939 4950 eis
2982 4895 3280 4965 pharmaca
3322 4893 3598 4948 mentibus
3635 4902 3713 4947 te-

2117 4994 2315 5048 nebras
2338 4988 2695 5046 oﬂ'undentia.
2722 4988 2815 5042 Hae
2834 5001 2986 5057 ergo,
3008 4987 3053 5041 si
3078 4985 3476 5053 interfecerint,
3496 4986 3711 5040 eliamsi

2116 5086 2261 5141 aliud
2290 5085 2557 5147 volentes,
2591 5080 2739 5136 aliud
2766 5080 3017 5145 fecerint,
3049 5089 3231 5134 tamen
3268 5088 3490 5149 propter
3528 5080 3715 5132 curio-

2119 5194 2242 5236 sum
2260 5188 2313 5233 et
2333 5176 2671 5248 prohibitmn
2696 5190 2837 5245 opus
2861 5174 3005 5228 inter
3031 5173 3376 5229 voluntarios
3402 5170 3715 5226 homicidas

2120 5280 2461 5341 reputantur.
2490 5268 2681 5338 Itaque
2712 5277 2766 5321 et
2784 5280 2907 5337 quae
2938 5266 3186 5336 praebent
3214 5265 3520 5336 pharmaca
3552 5264 3716 5317 abor—

2124 5374 2237 5419 tum
2289 5364 2515 5429 cientia,
2546 5368 2677 5417 sunt
2730 5368 2784 5414 et
2824 5359 2957 5428 ipsae
2989 5359 3299 5422 homicidae,
3331 5359 3475 5413 sicut
3505 5366 3557 5410 et
3592 5371 3717 5425 qua:

2122 5470 2332 5510 venena
2364 5456 2531 5509 letum
2570 5452 2817 5508 necantia
2850 5450 3146 5522 accipiunt.
3192 5448 3322 5506 Ilwc
3360 5449 3579 5519 quidem
3609 5448 3717 5503 huc

2126 5563 2321 5616 usque.

2199 5641 2290 5701 5‘2.
2324 5638 2457 5705 Qua:
2498 5637 2668 5692 fetum
2724 5637 2778 5691 in
2815 5637 2901 5691 via
2950 5636 3152 5691 editum
3189 5634 3450 5704 neglexit,
3484 5630 3532 5685 si
3585 5644 3711 5684 cum

431 5750 483 5804 εί.
512 5723 611 5817 μὲν
626 5748 899 5819 δυναμένη
928 5723 1339 5818 περισώσασθαι
1372 5739 1797 5812 κατεφρόνησεν,
1824 5737 1856 5807 ἦ
1893 5752 1995 5803 συγ

2128 5746 2349 5787 servare
2384 5740 2596 5800 posset,
2642 5728 2991 5798 contempsit,
3025 5737 3122 5782 aut
3158 5734 3446 5796 peccatum
3481 5723 3606 5777 inde
3632 5739 3718 5775 ('c—

436 5839 699 5911 καλύψειν
748 5840 846 5912 τὴν
898 5837 1188 5911 ἁμαρτίαν
1243 5833 1491 5893 ἐντεῦθεν
1581 5830 1918 5902 νομίζουσα,
1988 5828 2019 5897 ἢ

2129 5826 2363 5882 laturam
2411 5835 2469 5879 sc
2498 5821 2850 5888 existimans,
2895 5829 2989 5878 aut
3036 5819 3282 5876 belluiua
3321 5826 3375 5875 et
3418 5815 3716 5872 inhumana
