4156 6438
525 364 627 427 923

1656 359 1921 423 PHOTII
1948 359 2460 423 PATRIARCHE
2498 360 2606 421 (ΣΡ.

3687 355 3794 418 νει

522 473 848 540 cogitatione
880 479 1060 535 utens.
1094 479 1355 543 tanquam
1387 469 1443 527 in
1470 470 1770 526 homicidio
1799 470 2096 540 iudicetur.

2213 468 2342 532 ὅλως
2379 468 2630 538 θηριώδει
2664 469 2757 520 καὶ
2782 465 3132 537 ἀπανθρώπῳ
3160 465 3404 538 λογισμῷ
3431 469 3788 539 χρησαμένη.

522 566 617 621 Sin
646 574 829 619 autem
862 578 984 618 eum
1022 561 1215 618 fovere
1258 577 1365 616 non
1392 563 1591 630 potuit,
1625 569 1679 615 et
1704 572 1924 631 propter
1964 561 2097 615 soli-

520 659 763 712 tudinem
801 670 1095 724 rerumque
1139 652 1577 709 necessariarum
1638 653 1878 722 inopiam
1959 651 2100 707 fetus

524 749 754 813 interiit,
783 748 944 801 matri
972 754 1055 800 est
1086 745 1500 813 ignoscendum.

597 840 814 894 Textus.
851 839 1059 891 Dicitur
1106 837 1199 889 lib.
1239 850 1403 897 XLVII,
1449 835 1531 888 tit.
1569 834 1657 897 ll,
1702 832 1817 903 dig.
1853 836 1908 899 4,
1957 836 2102 901 quod

522 946 645 1000 qua:
675 930 799 982 data
845 941 1014 997 opera
1056 926 1361 990 abortierit,
1402 927 1455 977 in
1504 924 1804 993 temporale
1849 926 2102 979 exsilium

526 1023 702 1075 detur.
740 1019 881 1070 Idem
912 1016 1074 1069 etiam
1105 1016 1197 1069 lib.
1227 1030 1411 1077 XLVIII,
1446 1014 1529 1068 tit.
1565 1014 1618 1078 8,
1650 1014 1762 1084 dig.
1800 1014 1853 1069 8.
1901 1013 1957 1069 In
1990 1015 2100 1086 dig.

528 1128 655 1167 vero
682 1110 772 1169 59.
808 1110 889 1163 tit.
920 1108 1004 1172 19,
1041 1108 1134 1162 lib.
1160 1123 1350 1172 vaut,
1379 1107 1600 1173 dicitur,
1631 1107 1776 1176 quod
1801 1122 1921 1177 quae
1948 1122 2106 1163 acce-

526 1202 633 1272 ptis
672 1200 920 1267 pecuniis
979 1206 1192 1268 partum
1248 1198 1530 1266 abegerit,
1588 1197 1767 1265 capite
1797 1197 2103 1267 plectatur:

523 1307 646 1361 qua:
669 1305 798 1344 vero
829 1296 954 1358 post
987 1287 1284 1341 divortium
1316 1286 1442 1339 odio
1484 1285 1667 1339 mariti
1709 1285 1761 1339 id
1794 1285 2007 1351 fecerit,
2040 1287 2109 1341 ad

524 1391 736 1449 tempus
776 1377 1030 1433 exsulare
1064 1376 1311 1444 iubetur.
1366 1376 1429 1429 Et
1460 1374 1571 1445 dig.
1616 1375 1707 1442 58,
1743 1376 1991 1445 ejusdem
2024 1378 2107 1433 tit.

522 1470 625 1536 Qui
654 1467 959 1524 abortionis
987 1466 1239 1535 poculum
1272 1465 1499 1530 dederit,
1532 1465 1581 1519 si
1612 1466 1736 1521 vilis
1775 1467 1868 1531 sit,
1920 1467 1974 1520 in
2005 1483 2114 1521 me-

523 1562 714 1616 tallum
747 1562 1038 1614 damnatur
1064 1576 1079 1612 :
1105 1557 1151 1611 si
1179 1558 1465 1620 honestus,
1511 1558 1714 1610 amissa
1741 1565 1897 1625 parte
1940 1556 2111 1611 bono—

521 1669 645 1708 rum
678 1652 968 1720 relegatur.
1020 1648 1078 1704 Si
1128 1648 1253 1718 quis
1305 1662 1437 1701 vero
1476 1646 1602 1701 inde
1625 1657 1883 1702 enecatus
1925 1647 2110 1711 fuerit,

524 1758 803 1798 summum
829 1741 1161 1811 supplicium
1184 1737 1466 1808 inﬂigitur.
1495 1736 1718 1810 [Atque]
1743 1738 1857 1793 haec
1876 1737 2109 1810 [etiam],

2198 560 2275 624 ώς
2309 563 2403 614 ἐπὶ
2438 561 2581 630 φόνῳ
2607 558 2875 629 κρινέσθω
2896 573 2909 586 ⁸
2940 560 2988 610 εί
3014 557 3069 611 ὀέ
3111 558 3209 611 οὐκ
3232 557 3472 628 ἠδυνήθη
3506 562 3793 627 περιστεῖ-

2200 650 2313 713 λαι,
2355 652 2447 705 καὶ
2485 651 2573 704 διὰ
2605 650 2840 720 ἐρημίαν
2886 649 2981 702 καὶ
3027 649 3260 719 ἀπορίαν
3311 648 3416 701 τῶν
3468 649 3794 717 ἀναγκαίων

2200 742 2464 812 διεφθάρη
2492 743 2553 794 τὸ
2582 742 2865 812 γεννηθὲν,
2896 739 3221 811 συγγνωστὴ
3253 740 3286 809 ὴ
3318 741 3531 810 μήτηρ.

2277 834 2504 903 Είρηται
2527 831 2668 902 βιϐλ.
2702 831 2775 902 μζ
2796 872 2811 897 ,
2838 831 2945 889 τίτ.
2977 828 3066 894 ια’,
3092 830 3230 884 διάτ.
3250 832 3314 893 δ’,
3341 832 3421 883 ὅτι
3456 831 3493 900 ἠ
3531 829 3794 898 ἐπίτηδες

2202 924 2545 996 ἐκτρώσασα,
2608 926 2960 995 προσκαίρως
3015 922 3314 995 ἐξορίζεται
3343 938 3357 953 ⁸
3396 923 3457 974 τὸ
3508 919 3649 973 αὐτὸ
3700 920 3796 974 καὶ

2207 1020 2346 1089 βιϐλ,
2382 1017 2493 1088 μη’,
2528 1019 2632 1070 τίτ.
2671 1016 2741 1085 η’,
2779 1016 2917 1070 διάτ.
2952 1014 3001 1085 η’
3026 1032 3038 1044 ⁸
3072 1016 3131 1067 ἐν
3180 1013 3236 1066 δὲ
3270 1015 3336 1083 τῇ
3366 1011 3439 1064 λθ⁹
3490 1012 3643 1064 διατ.
3699 1008 3793 1062 τοῦ

2207 1106 2269 1161 ιθ¹
2304 1108 2411 1163 τίτ.
2450 1106 2545 1160 τοῦ
2578 1104 2666 1177 μη¹
2700 1105 2839 1176 βιϐλ.
2873 1107 3061 1174 φησὶν,
3096 1104 3178 1156 ὅτι
3209 1103 3301 1155 ἐτιύ⁸
3358 1102 3651 1171 χρήμασιν
3698 1102 3761 1152 ἐκ
3783 1134 3794 1141 -

2204 1198 2482 1269 τρώσασα,
2516 1195 2831 1265 κεφαλικῶς
2860 1198 3184 1267 τιμωρεῖται
3216 1209 3231 1223 ⁸
3277 1194 3311 1263 ἡ
3341 1193 3396 1245 δὲ
3426 1191 3575 1263 μετά
3608 1190 3796 1253 διαζύ-

2205 1308 2323 1359 γιον
2349 1290 2485 1360 πρὸς
2512 1291 2665 1359 μῖσος
2695 1286 2788 1342 τοῦ
2824 1287 3015 1359 ἀνδρὸς
3056 1284 3214 1339 τοῦτο
3261 1284 3561 1354 ποιήσασα,
3617 1299 3792 1352 προσ-

2207 1382 2413 1452 καίρως
2466 1379 2763 1451 ἐξορίζεται
2798 1397 2811 1411 ⁸
2868 1378 2964 1433 καὶ
3006 1377 3147 1432 διάτ.
3195 1373 3280 1444 λη’
3315 1373 3408 1426 τοῦ
3463 1372 3641 1425 αὑτοῦ
3686 1372 3791 1425 τίτ.

2208 1475 2291 1527 ὅτι
2320 1474 2348 1525 ὁ
2374 1472 2527 1543 πόμα
2576 1469 2824 1535 δεδωκὼς
2881 1470 3019 1540 πρὸς
3078 1466 3499 1538 ἀμϐλωθρίδιον,
3564 1462 3794 1532 εὐτελὴς

2212 1564 2311 1635 μὲν
2363 1561 2437 1616 ὣν
2489 1560 2888 1633 μεταλλίζεται,
2944 1559 3126 1629 τίμιος
3175 1557 3231 1610 δὲ
3272 1555 3586 1625 ἐξορίζεται
3656 1554 3793 1623 μετὰ

2213 1655 2444 1725 μερικῆς
2474 1652 2787 1722 δημεύσεως
2819 1667 2834 1682 ⁸
2866 1650 3067 1721 ἐσχάτη
3114 1648 3171 1700 δέ
3221 1646 3461 1717 τιμωρία
3492 1644 3791 1712 ἐπάγεται,

2212 1744 2307 1799 ὲάν
2332 1762 2415 1807 τις
2442 1743 2707 1796 ἀπέθανεν
2742 1743 2805 1795 ἐκ
2850 1740 3037 1796 τούτου
3060 1756 3075 1771 ⁸
3103 1738 3295 1804 ταῦτα,
3329 1738 3435 1792 κᾶν
3469 1735 3650 1809 χωρὶς
3708 1733 3794 1788 δό-

524 1832 741 1887 tametsi
808 1831 949 1887 citra
1007 1829 1194 1885 dolum
1271 1828 1573 1883 abortionis
1647 1826 2105 1882 medicamentum

2213 1835 2299 1890 λου
2326 1835 2387 1889 τὸ
2409 1835 2558 1905 πόμα
2580 1833 2828 1888 δέδωκεν.

524 1925 874 2069 ἀδὲληιΐιέἱι
925 2038 999 2055 --
1037 2008 1111 2065 De
1154 2008 1573 2079 vituperantibus
1623 2009 1857 2078 nuptias,
1891 2024 2103 2063 carnem

525 2105 822 2173 vinumque.

976 2190 1348 2261 Apostolorum
1372 2206 1539 2243 canon
1588 2191 1681 2265 51.

596 2282 662 2337 51
701 2279 817 2353 [50]
879 2279 936 2337 Si
968 2283 1092 2352 quis
1125 2281 1416 2352 episcopus
1448 2280 1530 2334 vel
1562 2268 1866 2352 presbyter,
1892 2290 2000 2336 etc.
2031 2290 2091 2336 ut

523 2388 643 2445 pag.
675 2375 799 2430 751.

593 2467 755 2538 433
796 2466 1021 2521 Concilii
1059 2465 1376 2535 Gangrensis
1405 2482 1627 2519 canones
1660 2466 1710 2531 l,
1740 2463 1795 2529 2,
1826 2466 1881 2529 4,
1904 2465 1958 2531 9,
1990 2465 2079 2521 10.

598 2559 651 2612 1.
694 2557 751 2612 Si
798 2558 924 2626 quis
957 2556 1367 2612 matrimonium
1412 2556 1683 2625 vituperet
1715 2566 1770 2611 et
1827 2572 1949 2611 eam
1986 2571 2109 2627 qua:

524 2665 649 2705 cum
684 2649 886 2704 marito
913 2662 1015 2705 suo
1042 2646 1265 2711 dormit,
1285 2662 1407 2716 quae
1430 2655 1517 2702 est
1545 2646 1718 2702 ﬁdelis
1744 2656 1799 2701 et
1826 2648 2107 2719 religiosa,

525 2743 819 2798 abhorreat
864 2748 919 2794 et
966 2738 1269 2803 insimulet,
1320 2749 1580 2807 tanquam
1616 2755 1740 2810 qua:
1787 2755 1894 2796 non
1934 2740 2111 2812 possit

524 2848 755 2904 regnum
800 2831 892 2887 Dei
928 2830 1166 2901 ingredi,
1200 2829 1272 2885 sit
1304 2832 1619 2885 anathema.

595 2926 650 2980 2.
707 2924 763 2979 Si
804 2924 931 2992 quis
960 2938 1085 2977 eum
1120 2921 1213 2992 qui
1255 2935 1477 2976 carnem
1528 2930 1725 2991 praeter
1754 2920 2105 2991 sanguinem,

524 3023 581 3070 et
631 3013 1016 3084 idolothytum,
1049 3019 1101 3065 et
1133 3010 1481 3075 suﬁucatum,
1528 3025 1650 3065 cum
1689 3010 1891 3080 pietate
1920 3020 1975 3064 et
2003 3009 2108 3065 ﬁde

2277 2019 2527 2072 ΚΕΦΑΛ.
2591 2015 2697 2073 IA'.
2776 2048 2845 2061 —
2919 2016 3233 2099 Περίιτῶν
3271 2017 3793 2089 βδελυττομένων

2211 2108 2320 2164 τὸν
2338 2109 2529 2179 γάμον
2557 2109 2655 2163 καί
2674 2107 2979 2179 κρέαςτῑιὶὶ
3000 2106 3186 2167 οῒνον.

2604 2202 2982 2259 Ἀποστόλων
3026 2202 3231 2257 κανὼν
3269 2201 3369 2258 να’.

2282 2294 2383 2350 να’.
2418 2294 2485 2348 Εἴ
2536 2310 2622 2362 τις
2677 2296 2972 2360 ἐπίσκοπος
3024 2295 3059 2366 ἢ
3104 2293 3501 2366 πρεσϐύτερος,
3560 2310 3619 2346 κ.
3660 2309 3711 2347 τ.
3747 2290 3794 2344 λ.

2362 2480 2630 2534 Συνόδου
2658 2478 2932 2549 Γάγγρας
2979 2476 3181 2532 κανὼν
3202 2473 3271 2543 α’,
3305 2476 3370 2547 β’,
3402 2475 3467 2540 δ’,
3498 2476 3565 2539 θ’,
3607 2474 3660 2529 ι’.

2289 2567 2361 2625 α’.
2388 2572 2455 2624 Et
2477 2588 2560 2633 τις
2586 2570 2678 2624 τὸν
2700 2569 2877 2639 γάμον
2918 2568 3207 2639 μέμφοιτο,
3244 2568 3340 2622 καὶ
3373 2566 3475 2635 τὴν
3509 2564 3799 2619 καθεύδου-

2217 2678 2317 2715 σαν
2349 2662 2489 2731 μετά
2540 2660 2636 2714 τοῦ
2670 2659 2863 2730 ἀνδρὸς
2917 2657 3112 2729 αὐτῆς,
3133 2653 3299 2711 οὖσαν
3361 2657 3567 2727 πιστὴν
3600 2655 3693 2708 καὶ
3711 2653 3767 2705 εὑ

2211 2752 2373 2822 λαϐἧ,
2402 2751 2743 2824 βδελύσσοιτο
2767 2752 2799 2821 ἢ
2831 2750 3119 2821 μέμφοιτο,
3143 2750 3218 2812 ώς
3244 2748 3310 2803 ἂν
3355 2748 3430 2819 μὴ
3455 2746 3793 2817 δυναμένους

2216 2845 2301 2906 είς
2331 2843 2608 2913 βασιλείαν
2640 2840 2921 2905 εἰσελθεῖν,
2953 2839 3202 2910 ἀνάθεμα
3236 2839 3397 2892 ἔστω.

2296 2933 2362 3004 β’.
2396 2934 2461 2988 Et
2487 2950 2572 2997 τις
2601 2932 2851 2986 ἐσθίοντα
2879 2931 3038 3002 κρέα,
3066 2930 3233 3000 χωρὶς
3252 2930 3487 2997 αἵματος
3518 2927 3616 2981 καί
3648 2924 3796 2978 εἰδω-

2218 3023 2446 3077 λοθύτου
2504 3023 2599 3076 καὶ
2648 3020 2874 3075 πνικτοῦ
2936 3022 3052 3090 μετ’
3079 3019 3366 3081 εὐλαϐείας
3412 3020 3512 3072 καὶ
3568 3019 3797 3077 πίστεως

526 3108 788 3173 comedit,
814 3104 1163 3183 condemnat,
1189 3113 1451 3173 tanquam
1511 3117 1637 3157 eum
1694 3103 1791 3168 qui
1824 3103 1969 3173 quod
2015 3103 2105 3159 illa

2216 3114 2558 3187 κατακρίνοι,
2592 3114 2668 3177 ώς
2701 3115 2768 3168 ἂν
2806 3112 2892 3167 διὰ
2924 3112 2985 3165 τὸ
3012 3111 3455 3184 μεταλαμϐάνειν
3492 3108 3689 3163 ἐλπίδα
3721 3106 3792 3176 μὴ

528 3206 799 3261 vescatur,
824 3210 975 3264 spem
1006 3211 1113 3249 non
1146 3194 1363 3259 habeat,
1394 3194 1465 3248 sit
1490 3194 1805 3249 anathema.

602 3290 658 3343 4.
731 3287 787 3342 Si
827 3288 952 3359 quis
1018 3287 1085 3341 de
1132 3286 1452 3357 presbytero
1511 3286 1605 3356 qui
1648 3301 1876 3341 uxorem
1921 3286 2110 3353 duxit,

531 3383 844 3447 contendat,
878 3396 985 3433 non
1017 3388 1288 3449 oportere,
1316 3393 1378 3432 eo
1409 3392 1563 3434 sacra
1594 3378 1922 3447 celebrante,
1954 3380 2113 3435 obla-

534 3475 668 3530 tioni
714 3472 1143 3535 communicare,
1176 3471 1249 3526 sit
1279 3472 1590 3525 anathema.

603 3564 655 3619 9.
705 3562 761 3617 Si
815 3563 941 3633 quis
971 3562 1121 3632 virgo
1173 3562 1264 3628 sit,
1297 3561 1380 3615 vel
1405 3561 1718 3629 continens,
1748 3578 1779 3618 a
1828 3564 2121 3619 matrimo~

534 3655 632 3712 nio
658 3664 917 3725 tanquam
951 3654 1319 3709 abominanda
1357 3656 1636 3722 recedens,
1663 3666 1718 3712 et
1760 3672 1865 3712 non
1898 3669 2119 3728 propter

536 3747 713 3819 ipsam
775 3747 1104 3816 virginitatis
1142 3746 1606 3817 pulchritudinem
1639 3756 1714 3814 ,ει
1747 3751 2116 3819 sanctitatem,

536 3843 609 3897 sit
656 3842 968 3895 anathema.

632 3932 723 3988 10.
780 3932 835 3987 Si
894 3932 1021 4003 quis
1046 3945 1233 3987 eorum
1286 3932 1379 4002 qui
1438 3942 1568 3989 sunt
1599 3933 1844 4005 virgines
1898 3943 2120 4006 propter

541 4022 854 4088 Dominum,
916 4021 1141 4078 insultet
1197 4021 1251 4077 in
1286 4036 1381 4078 eos
1438 4024 1532 4093 qui
1576 4040 1776 4083 uxores
1802 4026 2118 4094 duxerunt,

535 4115 823 4182 anathema
847 4113 938 4169 sit.

971 4204 1164 4261 Basilii
1196 4224 1423 4263 canones
1455 4206 1550 4273 28,
1598 4206 1691 4262 85.

605 4294 697 4351 98.
736 4296 869 4352 Illud
912 4299 1135 4367 quidem
1185 4300 1315 4354 mihi
1342 4300 1522 4355 visum
1560 4305 1648 4353 est
1678 4296 1995 4366 ridiculum,
2027 4313 2121 4353 vo-

536 4401 666 4441 vere
696 4388 933 4458 aliquem
991 4406 1051 4445 se
1106 4405 1136 4444 a
1192 4391 1366 4446 suillis
1412 4389 1672 4445 carnibus
1707 4388 2116 4443 abstenturum.

537 4477 906 4544 Quamobrem
932 4482 1159 4552 dignare
1194 4498 1287 4538 cos
1311 4482 1507 4537 docere
1568 4490 1626 4537 ut
1657 4482 1725 4536 ab
1747 4481 1947 4551 ineptis
1978 4482 2120 4537 votis

538 4581 593 4626 et
645 4574 932 4641 promissis
990 4574 1335 4639 abstineant,
1391 4574 1487 4627 sed
1543 4588 1706 4628 usum
1759 4573 2117 4629 nihilominus

540 4661 936 4718 iudiﬂ‘erentcm
988 4679 1111 4719 esse
1138 4664 1278 4720 sine.
1315 4664 1473 4719 Nulla
1521 4665 1666 4719 enim
1704 4664 1794 4719 Dei
1838 4673 2114 4727 creatura,

539 4767 663 4820 qua:
703 4767 828 4806 cum
867 4752 1169 4823 gratiarum
1204 4755 1418 4809 actione
1452 4755 1778 4825 percipitur,
1821 4755 2119 4824 rejicienda

539 4850 625 4894 est
652 4840 717 4893 ⁸⁸.
752 4839 930 4907 Quare
961 4853 1146 4898 votum
1184 4853 1268 4899 est
1301 4844 1614 4911 ridiculum,
1647 4845 1981 4901 abstinentia
2010 4860 2121 4901 non

541 4948 850 4988 necessaria
861 4973 874 4988 .

616 5022 707 5076 85.
738 5022 956 5095 Lepidis
976 5034 1155 5081 autem
1175 5026 1469 5084 Encratitis
1491 5026 1556 5083 ad
1593 5027 1908 5099 praeclaram
1932 5043 2124 5083 eorum

544 5116 929 5184 quaestionem,
967 5133 1065 5171 cur
1087 5134 1185 5173 nos
1210 5119 1374 5173 etiam
1409 5135 1515 5175 non
1542 5121 1798 5176 omnibus
1830 5122 2125 5188 vescimur,

542 5207 649 5262 hoc
686 5207 849 5262 detur
900 5211 1173 5277 responsi,
1214 5225 1315 5265 nos
1362 5212 1524 5267 etiam
1552 5222 1903 5268 excrementa
1931 5223 2123 5268 nostra

542 5300 807 5354 aversari.
843 5299 921 5354 Ac
949 5310 1215 5371 quantum
1244 5304 1465 5373 quidem
1503 5306 1568 5360 ad
1594 5304 1938 5375 dignitatem,
1972 5305 2123 5359 olera

541 5388 724 5445 herba:
756 5391 915 5446 nobis
939 5402 1068 5447 sunt
1096 5409 1331 5450 carnes:
1359 5407 1623 5465 quantum
1651 5412 1778 5451 vero
1808 5398 1872 5451 ad
1904 5398 2119 5450 utilium

545 5480 954 5546 discretionem,
979 5483 1435 5551 quemadmodum
1463 5496 1518 5540 et
1548 5486 1600 5539 in
1625 5485 1868 5541 oleribus
1897 5486 2119 5540 noxium

544 5586 577 5628 ει
621 5572 831 5628 salubri
886 5589 1227 5645 separamus,
1272 5577 1345 5633 ita
1391 5586 1447 5633 et
1476 5579 1529 5634 in
1564 5575 1728 5653 434
1757 5577 2013 5634 carnibus
2054 5576 2122 5633 ab

629 5749 718 5803 "l
754 5750 897 5804 Tim.
930 5767 1005 5816 tv,
1048 5752 1100 5806 ιι.

2136 3177 2180 3238 c
2216 3177 2428 3283 ἔχοντα’,
2462 3177 2712 3279 ἀνάθεμα
2741 3207 2901 3261 ἔστω.

2286 3300 2349 3358 δ’.
2377 3300 2544 3363 Εἴτις
2572 3299 2902 3369 διακρίνοιτο
2935 3297 3086 3369 παρά
3126 3293 3503 3368 πρεσϐυτέρου
3554 3309 3795 3362 γεγαμηο

2220 3394 2397 3459 κότος,
2439 3393 2515 3464 μὴ
2546 3392 2748 3463 χρῆναι
2784 3391 3273 3461 λειτουργήσαντος
3316 3387 3484 3443 αὐτοῦ
3552 3400 3790 3459 προσφοο

2225 3486 2326 3555 ρᾶς
2360 3481 2822 3554 μεταλαμϐάνειν,
2844 3478 3095 3549 ἀνάθεμα
3133 3478 3295 3530 ἔστω.

2293 3572 2360 3628 θ’.
2422 3573 2487 3629 Ετ
2546 3588 2631 3635 τις
2685 3569 3010 3641 παρθενεύοι
3054 3568 3088 3639 ἢ
3141 3567 3551 3639 ὲγκρατεύοιτο,
3608 3566 3684 3629 ὡς
3736 3563 3797 3616 ἂν

2228 3662 2534 3735 βδελυκτῶν
2553 3660 2661 3717 τῶν
2696 3660 2889 3731 γάμων
2919 3659 3304 3728 ἀναχωρήσας,
3336 3657 3432 3712 καὶ
3473 3660 3552 3728 μὴ
3575 3656 3643 3710 δι’
3674 3652 3796 3708 αὺτδ

2228 3754 2291 3809 τὸ
2323 3752 2487 3807 καλὸν
2519 3752 2615 3805 καὶ
2654 3750 2810 3820 ἀγιον
2839 3749 2937 3822 τῆς
2982 3748 3302 3821 παρθενίας,
3333 3748 3586 3818 ἀνάθεμα
3642 3748 3792 3797 ἔστω.

2299 3934 2350 3994 ι’.
2384 3936 2453 3991 Et
2475 3952 2560 4000 τις
2586 3932 2695 3989 τῶν
2723 3931 3165 4005 παρθενευόντων
3184 3931 3268 3986 διά
3293 3929 3386 3985 τὸν
3413 3931 3643 4002 Κύριον,
3674 3940 3797 3979 κατι

2226 4029 2506 4101 επαίροιτο
2535 4025 2645 4081 τῶν
2686 4023 3105 4096 γεγαμηκότων,
3132 4020 3379 4094 ἀνάθεμα
3412 4021 3575 4075 ἔστω.

2597 4205 2923 4263 Βασιλείαν
2957 4204 3159 4259 κανὼν
3180 4208 3289 4274 κη’,
3326 4209 3434 4257 ne’.

2299 4301 2409 4372 κη’.
2442 4301 2651 4355 Ἔκεῖνό
2676 4316 2738 4368 γε
2761 4300 2869 4369 μὴν
2897 4297 3107 4366 γελοῖον
3132 4296 3434 4365 κατεφάνη,
3459 4294 3523 4348 τὸ
3551 4283 3797 4356 εὔξασθαί

2227 4411 2352 4448 τινα
2401 4392 2561 4446 ὑείων
2591 4390 2893 4461 ἀπέχεσθαι
2937 4388 3115 4459 κρεῶν
3149 4403 3163 4422 ⁸
3191 4385 3331 4440 ὥστε
3362 4385 3695 4451 καταξίωσον
3720 4378 3792 4430 δι-

2227 4486 2450 4539 δάσκειν
2504 4483 2702 4545 αὐτοὺς
2756 4480 2867 4534 τῶν
2917 4478 3258 4532 ἀπαιδεύτων
3321 4476 3638 4549 προσευχῶν
3708 4467 3794 4521 καὶ

2154 4540 2197 4595 θ
2226 4575 2569 4645 ἐπαγγελιῶν
2632 4540 2975 4643 ἀπέχεσθαι·
3037 4570 3136 4641 τὴν
3190 4540 3620 4639 μέντοιχρῆσιν,
3655 4557 3794 4612 astat-

2228 4684 2392 4738 ςορον
2422 4664 2561 4720 εἶναι
2623 4664 2975 4733 συγχώρησον
3004 4675 3021 4693 ⁸
3053 4661 3205 4716 οὐδὲν
3253 4659 3361 4729 γὰρ
3414 4657 3618 4728 κτίσμα
3666 4646 3792 4702 Θεοῦ

2226 4758 2532 4825 ἀπόϐλητον
2563 4755 2683 4826 μετ’
2707 4752 3059 4825 εὐχαριστίας
3101 4750 3513 4822 λαμϐανόμενον
3538 4762 3552 4777 ⁸
3587 4745 3718 4798 ὥστε
3761 4738 3791 4803 ἢ

2229 4852 2364 4922 εὐχὴ
2394 4850 2819 4918 καταγέλαστος,
2852 4846 2951 4916 οὐχ
3011 4847 3045 4915 ἡ
3089 4842 3269 4915 ἀποχὴ
3301 4840 3594 4911 ἀναγκαία.

2302 5029 2405 5086 τι·εό
2452 5031 2578 5093 Τοῖς
2602 5029 2659 5082 δὲ
2683 5027 2920 5099 κομψοῖς
2946 5024 3331 5096 Ἐγκρατίταις
3360 5022 3496 5093 πρὸς
3518 5020 3576 5074 τδ
3612 5009 3792 5084 σεμνὸν

2230 5122 2413 5176 αὐτῶν
2442 5120 2757 5193 πρόϐλημα,
2800 5121 2887 5175 διά
2915 5121 2969 5174 τί
3008 5120 3103 5173 καὶ
3146 5118 3243 5187 οὐχ
3310 5117 3471 5186 ἡμεῖς
3506 5112 3675 5165 πάντα
3710 5104 3792 5153 ἐσ-

2230 5214 2420 5283 θίομεν
2473 5215 2649 5266 ἐκεῖνο
2695 5211 2975 5280 λεγέσθω·
3008 5212 3090 5265 ὅτι
3151 5209 3247 5264 καὶ
3296 5208 3362 5261 τὰ
3418 5199 3791 5276 περιττώματα

2228 5306 2388 5376 ἡμῶν
2417 5304 2819 5373 βδελυσσόμεθα
2858 5321 2871 5334 ·
2906 5303 3047 5356 κατὰ
3083 5301 3181 5373 μὲν
3214 5300 3322 5371 γὰρ
3351 5299 3449 5364 τὴν
3500 5295 3671 5359 ἀξίαν,
3705 5283 3790 5338 λά-

2232 5415 2371 5469 χανα
2391 5398 2585 5467 χόρτου
2605 5398 2734 5467 ἡμῖν
2751 5398 2867 5449 ἐστι
2894 5395 2963 5449 τὰ
2989 5396 3153 5465 κρέα·
3178 5391 3317 5447 κατά
3333 5391 3388 5444 δὲ
3416 5390 3513 5460 τὴν
3535 5384 3639 5439 τῶν
3664 5391 3791 5469 συμ-

2235 5463 2511 5557 septas.
2540 5463 2837 5557 διάκρισιν,
2872 5486 2945 5548 ὡς
2974 5463 3068 5538 ma
3097 5484 3154 5536 ἐν
3178 5482 3429 5551 λαχάνοις
3451 5480 3513 5533 τδ
3546 5463 3787 5547 βλαϐερὸν

2230 5578 2324 5633 τοῦ
2353 5578 2691 5651 καταλλήλου
2716 5578 3023 5651 χωρίζομεν
3049 5593 3063 5607 ⁸
3091 5574 3232 5631 οὕτω
3261 5576 3353 5629 καὶ
3374 5575 3434 5629 ἐν
3470 5570 3579 5632 τοῖξ
3606 5558 3785 5633 κρέασι
