4156 6500
395 436 512 499 925

1049 432 1451 494 SYNTAGMA
1490 430 1882 494 CANONUM.
1911 430 2151 492 --TIT.
2194 429 2371 503 XIII,
2414 429 2572 490 CAP.
2611 430 2695 491 XI
2731 453 2803 467 -·
2835 427 3008 491 ΧΙΙῘ.

3572 424 3675 487 926

396 545 501 600 τοῦ
532 539 807 613 χρησίμου
846 538 907 592 τὸ
954 538 1217 609 βλαϐερὸν
1245 539 1617 610 διακρίνομεν,
1652 537 1776 591 ἐπεὶ
1819 536 1989 607 λάχα-

2106 537 2211 592 utili
2245 537 2467 590 noxium
2514 534 2874 590 secernimus.
2933 531 3068 587 Nam
3102 543 3249 587 certe
3272 538 3327 586 et
3348 531 3524 586 cicuta
3550 529 3677 588 olus

394 636 496 691 νόν
522 637 639 688 ἐστι
673 633 767 686 καὶ
813 630 875 683 τὸ
902 631 1149 696 κώνειον,
1181 630 1374 701 ὥσπερ
1409 631 1577 701 κρέας
1623 630 1743 684 ιστὶ
1780 630 1876 682 καὶ
1929 628 1991 681 τὸ

2106 640 2194 694 ast,
2225 630 2367 683 sicut
2394 629 2558 683 etiam
2592 643 2723 683 caro
2745 637 2831 683 est
2858 626 3137 680 vulturina
3165 639 3296 679 caro
3323 640 3339 689 ;
3370 624 3463 679 sed
3494 635 3675 680 tamen

391 734 630 804 γύπειον
656 744 671 759 ⁶
703 727 819 782 ἀλλ’
860 728 1009 797 ὅμως
1052 726 1176 780 οὔτε
1232 726 1546 795 ὑοσκύαμον
1596 724 1763 795 φάγοι
1799 724 1865 779 ἄν
1906 739 1990 786 τις

2106 740 2193 778 nec
2234 722 2626 792 hyoscyamum
2661 735 2829 774 sanus
2886 719 3176 789 quisquam
3240 717 3512 779 comedet,
3576 734 3677 773 nec

394 826 529 879 νοῦν
592 824 733 895 ἔχων
762 838 777 853 ’
810 818 933 873 οὔτε
988 820 1147 883 κυνὸς
1193 818 1412 888 ἆψαιτο,
1448 819 1522 889 μὴ
1564 817 1809 888 μεγάλης
1853 816 1987 871 ἀνά-

397 934 546 986 γκης
576 914 1013 994 κατεπειγοόσης
1045 930 1058 943 ·
1088 913 1163 973 ὡς
1194 912 1221 964 ὅ
1252 929 1316 980 γε
1358 910 1553 979 φαγὼν
1583 911 1683 963 οὐκ
1710 910 1979 980 ήνόμησε.

476 1008 729 1062 ΚΕΦΑΛ.
766 1006 869 1060 ΙΒ’.
902 1034 974 1044 -
1010 1004 1151 1058 [Ieci
1177 1002 1408 1057 λαϊκῶν
1424 1001 1681 1069 ἑαυτοὺς
1718 1002 1988 1070 ἀκρωτη-

397 1097 746 1167 ριαζόντων.

736 1189 1125 1244 Ἀποστόλων
1158 1186 1361 1241 κανὼν
1390 1186 1498 1255 κβ¹,
1548 1185 1649 1239 κδ’.

479 1278 586 1349 κβ’.
627 1278 686 1332 '0
719 1279 1144 1350 ἀκρωτηριάσας
1190 1279 1403 1342 ἑαυτὸν,
1437 1296 1492 1333 κ.
1523 1296 1574 1333 τ.
1617 1279 1668 1332 λ.

480 1369 578 1426 κδ’.
611 1370 815 1435 Λαῖκὸς
847 1372 1037 1425 ἑαυτὸν
1063 1371 1510 1439 ἀκρωτηριάσας,
1544 1387 1600 1423 κ.
1624 1387 1675 1424 τ.
1700 1369 1753 1423 λ.

724 1462 994 1517 Συνόδου
1056 1463 1307 1528 Νικαίας
1358 1460 1560 1515 κανὼν
1600 1459 1671 1514 α’.

479 1562 548 1614 α’.
575 1556 643 1611 Εἴ
658 1573 740 1619 τις
764 1557 822 1608 ὲν
849 1555 988 1625 νόσῳ
1008 1554 1112 1607 ὑπὸ
1132 1553 1331 1623 ἰατρῶν
1353 1554 1774 1624 ἐχειρουργήθη,
1793 1569 1846 1604 κ.
1869 1568 1921 1604 τ.
1942 1550 1992 1604 λ.

493 1647 789 1715 Ἀνάγνωθι
837 1645 907 1698 τὰ
951 1644 1464 1715 παραγεγραμμένα
1498 1646 1555 1696 ὲν
1616 1642 1694 1713 τῷ
1743 1642 1809 1695 ιδ’
1863 1657 1991 1709 κεφ.

406 1737 504 1793 τοῦ
534 1736 581 1791 α’
607 1755 714 1790 τιτ.
744 1735 839 1790 τοῦ
872 1735 1136 1806 παρόντος
1164 1734 1569 1805 συντάγματος.

482 1830 734 1884 ΚΕΦΑΛ.
756 1828 855 1881 II".
886 1859 955 1869 —
978 1827 1117 1895 Περὶ
1145 1826 1374 1881 λαῖκῶν
1394 1827 1723 1881 ἐσθιόντων
1751 1823 1995 1877 εἰδωλό-

2092 828 2228 869 cane
2266 823 2537 878 vescetur,
2586 812 2691 866 nisi
2743 819 2972 880 urgente
3025 822 3240 863 summa
3309 807 3675 863 necessitate:

2090 906 2186 976 qui
2217 916 2398 958 tamen
2425 903 2681 968 comedit,
2714 918 2821 955 non
2853 908 3060 970 peccat.

2171 996 2328 1052 CAP.
2360 994 2455 1049 XII
2480 1026 2549 1037 —
2583 995 2655 1048 De
2678 994 2830 1047 laicis
2862 1001 3019 1047 semet
3055 991 3451 1047 mutilantibus.

2447 1089 2819 1159 Apostolorum
2858 1102 3084 1139 canones
3115 1084 3203 1149 2'2,
3232 1085 3323 1149 24»,

2161 1184 2233 1238 22
2262 1182 2396 1255 [‘21].
2420 1182 2521 1249 Qui
2554 1181 2791 1250 seipsum
2821 1179 3173 1241 mutilaverit,
3194 1184 3386 1245 etc.,ut
3406 1194 3527 1246 pag.
3551 1178 3675 1231 509..

2160 1276 2232 1330 24
2262 1274 2401 1346 [‘23].
2442 1272 2635 1328 Laicns
2655 1271 2747 1339 qui
2784 1270 3026 1340 seipsum
3051 1269 3409 1334 mutilaverit,
3448 1277 3557 1322 etc.
3623 1278 3679 1321 ut

2092 1382 2214 1437 pag.
2244 1366 2370 1421 738.

2528 1453 2757 1511 Concilii
2792 1449 3003 1505 Nicami
3035 1466 3203 1503 canon
3243 1449 3295 1502 1.

2166 1550 2219 1607 1.
2250 1549 2304 1604 Si
2328 1548 2454 1618 quis
2482 1547 2537 1601 in
2568 1547 2760 1601 morbo
2787 1559 2817 1597 a
2848 1540 3075 1599 medicis
3099 1542 3318 1596 excisus
3342 1539 3531 1609 fuerit,
3565 1548 3673 1595 etc.

2165 1642 2308 1713 Lege
2333 1656 2454 1711 quae
2473 1647 2734 1695 annotata
2759 1643 2887 1692 sunt
2915 1635 2970 1689 in
2998 1649 3121 1704 cap.
3170 1634 3261 1701 14,
3300 1634 3385 1689 tit.
3441 1638 3467 1688 t
3541 1647 3681 1704 prte-

2096 1736 2269 1791 scntis
2291 1734 2496 1805 operis.

2168 1827 2320 1882 CAP.
2352 1826 2493 1880 XIII.
2521 1855 2595 1868 -—
2649 1824 2721 1878 De
2747 1823 2901 1878 laicis
2929 1819 3226 1890 idolothyta
3252 1817 3546 1882 edentibus,
3602 1818 3680 1870 vel

406 1923 576 1985 θυτα,
606 1920 644 1988 ἢ
677 1917 856 1988 κρέας
878 1918 947 1973 ἐν
972 1918 1195 1987 αἵματι,
1219 1918 1257 1985 ἢ
1282 1917 1522 1981 πνικτὰ,
1551 1916 1589 1985 ἢ
1615 1915 1963 1984 θηριιίλωτα

2106 1935 2304 1975 :arnem
2348 1936 2467 1974 cum
2494 1919 2770 1989 sanguine,
2801 1914 2880 1972 vel
2926 1931 2961 1969 a
2994 1913 3110 1983 [era
3144 1919 3356 1980 captum
3384 1908 3462 1963 vel
3494 1912 3681 1963 morti-

409 2010 450 2079 ἢ
491 2010 823 2080 θνησιμαῖα

806 2101 1196 2157 Ἀποστόλων
1249 2101 1451 2157 κανὼν
1488 2101 1568 2170 ξγ¹
1576 2142 1590 2157 .

480 2192 579 2263 gf.
619 2193 688 2247 Εῐ
717 2211 800 2258 τις
843 2194 1224 2265 ἑπίσκοπος,ἢ
1288 2194 1678 2266 πρεσϐύτερος,
1718 2193 1751 2265 ἢ
1802 2192 1989 2247 διάκο-

402 2304 517 2354 νος,
545 2287 579 2358 ἢ
608 2288 744 2349 ὅλως
788 2285 883 2340 τοῦ
948 2286 1251 2355 καταλόγου
1313 2285 1407 2339 τοῦ
1454 2284 1731 2357 ἱερατικοῦ
1756 2324 1772 2350 ,
1838 2286 1988 2357 φάγῃ

404 2378 567 2449 κρέα,
592 2395 645 2431 κ.
687 2394 735 2430 τ.
771 2377 822 2432 λ.

683 2469 947 2523 Συνόδου
1019 2470 1301 2539 Ἀγκύρας
1340 2469 1544 2525 κανὼν
1592 2475 1666 2539 γ’.

481 2558 545 2633 β’.
577 2562 714 2625 Τοὺς
747 2562 1048 2630 φεύγοντας
1075 2562 1170 2615 καὶ
1199 2561 1621 2633 συλληφθέντας,
1654 2577 1710 2615 κ.
1741 2577 1792 2615 τ.
1828 2558 1879 2614 λ.

748 2724 1021 2781 Συνόδου
1042 2725 1318 2796 Γάγηιοας
1348 2726 1549 2781 κανὼν
1587 2726 1653 2798 β’.

483 2814 549 2886 β’.
576 2816 642 2869 EI
668 2834 749 2881 τις
774 2816 1025 2871 ἐσθίοντα
1050 2818 1191 2888 κρέα
1214 2819 1383 2889 χωρὶς
1405 2820 1635 2890 αἵματος
1656 2837 1709 2874 κ.
1744 2837 1796 2874 τ.
1828 2819 1878 2875 λ.

550 2907 823 2962 Συνόδου
844 2909 1266 2979 οἰκουμενικῆς
1298 2909 1477 2979 ἕκτης
1522 2911 1725 2965 κανὼν
1748 2913 1843 2978 ξς.

478 2997 576 3065 εξ.
604 2998 737 3054 Θεία
769 3001 903 3071 ἡμῖν
931 3000 1123 3073 Γραφὴ
1160 3002 1484 3070 ἐνετείλατο,
1541 3022 1595 3057 κ.
1630 3022 1684 3061 τ.
1707 3005 1757 3059 λ.

2099 2033 2298 2071 unum.

2543 2100 2913 2171 Apostolorum
2936 2113 3107 2152 canon
3135 2094 3227 2152 65.

2170 2196 2239 2252 65
2268 2194 2406 2269 [62],
2445 2194 2500 2250 Si
2537 2198 2663 2265 quis
2686 2195 2977 2264 episcopus
2995 2191 3078 2246 vel
3109 2188 3413 2259 presbyter,
3444 2185 3533 2241 vel
3564 2185 3686 2241 dia-

2100 2304 2271 2345 conus
2298 2290 2381 2343 vel
2420 2287 2647 2342 omnino
2671 2302 2739 2342 ex
2764 2282 3091 2341 sacerdotali
3112 2282 3364 2354 catalogo
3384 2278 3684 2336 comederit

2097 2397 2317 2447 carnes,
2350 2390 2476 2445 etc.,
2506 2388 2563 2433 ut
2595 2396 2717 2449 pag.
2756 2378 2879 2432 746.

2487 2472 2713 2525 Consilii
2752 2469 3207 2541 Ancyranicanon
3240 2468 3293 2522 5.

2170 2565 2224 2619 5.
2257 2562 2367 2620 Eos
2411 2564 2503 2634 qui
2535 2562 2807 2633 fugientes
2854 2559 3236 2631 comprehensi
3279 2564 3430 2622 sunt,
3461 2561 3568 2609 etc.
3622 2561 3680 2606 ut

2098 2655 2372 2728 pag.758.

2471 2744 2696 2800 Concilii
2715 2743 3034 2814 Gangrensis
3068 2758 3237 2796 canon
3266 2740 3323 2795 Ω.

2172 2841 2227 2895 2.
2261 2837 2319 2895 Si
2353 2837 2479 2909 quis
2505 2852 2629 2892 eum
2658 2837 3009 2906 quicarnem.
3040 2840 3245 2899 etc.,ut
3278 2848 3401 2902 pag.
3439 2830 3570 2885 923.

2316 2928 2477 3001 435
2500 2926 2727 2982 Concilii
2755 2925 3059 2980 wenmeniei
3090 2941 3139 2979 γι
3172 2938 3343 2976 canon
3374 2921 3464 2976 67.

2174 3022 2265 3076 67.
2313 3020 2506 3075 Divina
2562 3017 2724 3073 nobis
2777 3017 3059 3088 Scriptura
3115 3013 3417 3079 mandavit,
3450 3020 3583 3070 etc..
3624 3018 3681 3064 ut

2100 3128 2224 3181 pag.
2250 3108 2375 3165 758.

408 3188 1394 3278 Γρηγορίοιζθτοξραυματοιίργοῦ
1439 3191 1507 3245 ἐκ
1543 3190 1655 3278 τῆς
1690 3191 1838 3278 ⁵περὶ
1874 3192 1994 3248 τῶν

2106 3202 2347 3274 Gregorii
2375 3199 2762 3267 Thaumaturgi
2793 3196 3104 3278 em‘epistola
3130 3195 3193 3249 de
3214 3194 3310 3278 _iis
3364 3194 3453 3265 qui
3507 3192 3682 3247 idolo-

693 3259 1057 3315 εἰδωλόθυτα
1088 3259 1403 3331 φαγόντων
1430 3259 1631 3316 καφ·ὼὼ⁵
1652 3269 1721 3317 α’.

485 3376 555 3426 α’.
587 3371 661 3424 Οὐ
692 3371 763 3424 τὰ
803 3371 1067 3441 βρώματα
1122 3375 1267 3444 ἡμᾶς
1320 3373 1499 3444 βαρεῖ,
1539 3374 1651 3445 ἱερὲ
1680 3375 1901 3442 πάππα,
1944 3376 1993 3429 εἰ

417 3464 620 3531 ἔφαγον
658 3464 707 3516 οἱ
739 3464 1069 3533 αἰχμάλωτοι
1099 3466 1293 3531 ταῦτα,
1334 3467 1475 3537 άπερ
1510 3467 1876 3538 παρετίθεσαν
1897 3468 2000 3523 αὑ-

416 3557 528 3619 τοῖς
550 3556 602 3609 οί
632 3556 961 3627 κρατοῦντες
993 3559 1171 3611 αὐτῶν
1202 3574 1219 3589 ο
1256 3558 1490 3628 μάλιστα
1518 3560 1706 3629 ἐπειδὴ
1731 3555 1811 3623 εἷς
1841 3561 1997 3630 λόγος

415 3648 569 3719 παρὰ
590 3646 829 3715 πάντων,
858 3651 986 3711 τοὺς
1011 3651 1462 3722 καταδραμόντας
1481 3652 1549 3705 τὰ
1573 3653 1819 3723 ἡμέτερα
1855 3654 1996 3724 μέρη

416 3740 748 3812 βαρϐάρους,
782 3742 1022 3805 εἰδώλοις
1055 3744 1129 3814 μὴ
1163 3744 1447 3798 τεθυκέναι
1479 3760 1492 3773 °
1530 3745 1630 3797 ὀδὲ
1675 3745 1997 3808 Ἀπόστολός

414 3849 601 3901 φησιν’
636 3834 710 3887 Τὰ
735 3834 1021 3901 ,βρώματα
1052 3818 1137 3903 τῇ
1166 3838 1384 3903 κοιλίῃ,
1404 3837 1503 3891 καὶ
1542 3839 1581 3903 ἡ
1623 3839 1822 3892 κοιλία
1871 3839 1991 3905 τοῖς

408 3922 747 3990 βρώμασιν,
780 3927 813 3976 ό
843 3924 911 3977 δὲ
941 3926 1085 3991 Θεὸς
1118 3927 1215 3980 καὶ
1255 3928 1483 3996 ταῦτην
1516 3928 1619 3982 καὶ
1643 3929 1829 3983 ταῦτα
1854 3948 1995 3984 κατ-

413 4013 668 4082 αργήσει
703 4030 718 4045 ·
758 4014 894 4069 ἀλλὰ
951 4018 1045 4069 καὶ
1076 4018 1104 4069 ό
1133 4018 1321 4088 Σωτὴρ
1367 4020 1396 4070 ὁ
1440 4019 1617 4073 πάντα
1683 4020 1997 4092 καθαρίζων

416 4106 485 4160 τὰ
514 4105 802 4179 βρώματα,
837 4109 898 4162 οὑ
933 4109 994 4162 τὸ
1015 4112 1493 4182 εἰσπορευόμενον,
1525 4114 1683 4185 φησι,
1713 4118 1883 4169 κοινοῖ
1906 4116 1997 4171 τὸν

416 4199 734 4270 ἄνθρωπον,
768 4199 903 4253 ἀλλὰ
941 4200 1002 4254 τὸ
1037 4204 1495 4273 ἐκπορευόμενον.

841 4292 1164 4347 Βασιλιδῶν
1215 4295 1415 4348 κανὼν
1462 4295 1574 4350 πα’.

488 4380 601 4437 πα’.
641 4383 861 4455 Ἐπειδὴ
889 4384 946 4437 δὲ
977 4385 1163 4439 πολλοὶ
1187 4387 1246 4440 ὲν
1274 4390 1341 4458 τῇ
1366 4389 1474 4442 τῶν
1506 4389 1807 4461 Βαρὸάρων
1831 4409 1999 4446 κατα·-

413 4471 591 4544 δρομῇ
623 4474 945 4546 παρέϐησαν
1002 4476 1101 4544 τὴν
1131 4477 1211 4541 εἰς
1238 4476 1373 4530 Θεὸν
1404 4478 1609 4542 πίστιν,
1637 4480 1832 4550 ὅρκους
1858 4482 2001 4535 ἐθνι-

2524 3278 2669 3340 thyla
2696 3268 2972 3322 comedunt
3004 3284 3172 3320 canon
3208 3267 3259 3319 1.

2176 3388 2230 3441 1.
2252 3383 2371 3439 Non
2406 3384 2511 3439 cibi
2538 3398 2638 3438 nos
2667 3389 2916 3451 gravant,
2952 3378 3298 3435 sanctissime
3322 3391 3481 3447 papa,
3520 3376 3563 3431 si
3595 3390 3688 3429 ca-

2107 3478 2236 3547 ptivi
2266 3491 2330 3530 ea
2383 3474 2723 3530 comederint
2751 3489 2875 3542 qua:
2908 3472 2999 3542 qui
3031 3473 3085 3524 in
3115 3486 3209 3525 eos
3242 3469 3545 3523 dominium
3586 3468 3688 3521 ob-

2105 3570 2282 3623 tinent
2320 3566 2402 3621 cis
2456 3572 2862 3634 apposuerunt,
2926 3564 3166 3617 maxime
3215 3560 3435 3631 quando
3479 3576 3585 3613 una
3621 3559 3691 3613 de

2105 3660 2363 3716 omnibus
2410 3658 2553 3712 fama
2585 3666 2691 3721 est,
2735 3656 3005 3710 Barbaros
3036 3656 3130 3724 qui
3175 3654 3227 3707 in
3256 3663 3472 3707 nostras
3504 3652 3687 3721 regio-

2106 3768 2204 3806 nes
2256 3752 2604 3804 ineursiones
2653 3747 2920 3809 fecerunt,
2978 3746 3139 3801 idolis
3176 3759 3284 3798 non
3321 3744 3686 3799 sacriﬁcasse.

2107 3842 2246 3895 Dicit
2274 3849 2456 3894 autem
2481 3838 2775 3908 Apostolus
2806 3854 2820 3891 :
2850 3835 3001 3889 Esca:
3032 3837 3220 3899 ventri,
3244 3842 3291 3887 et
3330 3842 3503 3887 renter
3531 3832 3691 3897 escis;

2106 3935 2245 3988 Deus
2275 3942 2449 3986 autem
2472 3939 2522 3985 et
2552 3937 2688 3984 hunc
2708 3945 2756 3985 et
2799 3930 2894 3983 has
2920 3929 3155 3984 destruet
3184 3928 3251 3981 ’⁸.
3292 3926 3399 3981 Sed
3433 3926 3691 3980 Servatur

2104 4039 2326 4096 quoque
2371 4038 2562 4079 omnes
2590 4022 2743 4077 cibos
2802 4020 3117 4074 mundans:
3178 4018 3303 4071 Non
3349 4017 3488 4088 quod
3520 4016 3690 4075 intrat

2106 4114 2305 4187 inquit,
2329 4113 2636 4185 coinquinat
2664 4111 2950 4176 hominem,
2977 4110 3068 4163 sed
3092 4109 3230 4180 quod
3251 4108 3520 4179 egreditur
3549 4108 3616 4160 ²τ.

2636 4294 2831 4349 Basilii
2856 4309 3028 4347 canon
3063 4291 3124 4346 8|
3142 4332 3155 4346 .

2180 4391 2269 4446 81.
2322 4388 2596 4458 Quoniam
2661 4395 2843 4442 autem
2897 4384 3054 4438 multi
3088 4384 3141 4438 in
3187 4380 3552 4437 Barbarorum
3606 4379 3692 4435 in—

2109 4483 2363 4539 cursione
2424 4480 2584 4535 ﬁdem
2638 4478 2691 4532 in
2762 4476 2929 4530 Deum
2986 4475 3285 4537 violarunt,
3339 4479 3690 4527 sacramenta

416 4566 548 4628 κοὺς
590 4565 932 4631 τελέσαντες,
972 4566 1066 4620 καὶ
1111 4566 1387 4639 ἀθεμίτων
1440 4570 1601 4623 τινῶν
1646 4572 1997 4642 γευσάμενοι,

2111 4573 2334 4644 gentilia
2384 4574 2656 4642 jurantes,
2696 4580 2752 4623 et
2806 4567 3042 4623 nefanda
3098 4564 3347 4635 quaedam
3381 4573 3686 4633 gustantes,

418 4656 529 4709 τῶν
557 4658 614 4709 ἐν
638 4661 751 4721 τοῖς
788 4658 1027 4723 εἰδώλοις
1069 4663 1181 4723 τοῖς
1226 4664 1480 4729 μαγικοῖς
1528 4665 1999 4734 προσενεχθέντων

2109 4679 2231 4733 qua:
2287 4664 2418 4731 ipsis
2465 4662 2519 4714 in
2557 4659 2786 4729 magicis
2850 4657 3124 4711 idolorum
3178 4656 3394 4724 templis
3437 4655 3692 4723 apposita

416 4747 621 4811 αὐτοῖς,
651 4742 796 4803 οὗτοι
857 4751 1001 4803 κατὰ
1058 4749 1185 4812 τοὺς
1231 4749 1331 4820 ἤδη
1383 4751 1537 4822 παρὰ
1578 4751 1687 4804 τῶν
1748 4753 2007 4822 Πατέρων

418 4838 576 4909 ἡμῶν
624 4840 1007 4911 ὲξενεχθέντας
1049 4841 1304 4907 κανόνας,
1334 4842 1381 4895 εί
1428 4844 1526 4912 μὲν
1565 4843 1810 4915 ἀνάγκην
1848 4846 2006 4915 χαλε-

417 4927 524 4998 πὴν
578 4931 643 4982 ἐκ
698 4929 947 4998 βασάνων
1003 4931 1420 5000 ὑπομείναντες,
1465 4933 1560 4985 καὶ
1618 4932 1691 5003 μὴ
1751 4933 2007 5002 φέροντες

416 5022 545 5083 τοὺς
594 5021 809 5087 πόνους,
836 5022 930 5074 καὶ
971 5022 1312 5085 αἰκισθέντες
1367 5025 1501 5093 πρὸς
1532 5024 1630 5095 τὴν
1660 5024 1884 5095 ἄρνησιν
1913 5020 2008 5096 ἦλ-

418 5111 532 5174 θον,
569 5112 626 5164 ὲν
663 5114 844 5183 τρισὶν
873 5112 1049 5167 ἔτεσιν
1098 5114 1358 5178 ἀδέκτους
1400 5109 1563 5181 εἶναι,
1589 5114 1683 5169 καὶ
1733 5117 1792 5168 ὲν
1844 5116 2003 5167 δυσὶν

418 5201 748 5271 ἀκροᾶσθαι,
820 5204 915 5258 κα)⁵
950 5206 1010 5260 ὲν
1057 5206 1237 5276 τρισὶν
1289 5206 1683 5271 ὑποπεσόντας,
1719 5206 1889 5270 οὕτως
1918 5206 2005 5259 δε-

420 5293 583 5355 κτοὺς
614 5293 866 5360 γενέσθαι
903 5296 981 5359 είς
1012 5296 1110 5366 τὴν
1134 5298 1419 5352 κοινωνίαν
1455 5315 1467 5329 ο
1504 5300 1553 5351 εί
1586 5298 1643 5351 δὲ
1668 5298 1795 5351 ἄνευ
1826 5298 1997 5366 ἀνάγ-

423 5404 524 5456 κης
576 5386 821 5458 μεγάλης
874 5388 1167 5459 προδόντες
1208 5390 1307 5462 τὴν
1346 5393 1427 5455 εἰς
1473 5391 1606 5445 Θεὸν
1665 5392 1871 5459 πίστιν,
1910 5394 2009 5446 καὶ

423 5480 695 5549 ἁψάμενοι
723 5480 823 5549 τῆς
846 5481 1127 5553 τραπέζης
1150 5483 1259 5535 τῶν
1291 5484 1606 5554 δαιμονίων,
1651 5485 1744 5537 καὶ
1772 5485 2008 5555 ὀμόσανε-

422 5587 512 5634 τες
540 5571 737 5640 ὅρκους
791 5571 1159 5642 Ἑλληνικοὺς,
1190 5575 1550 5630 ἐκϐάλλεσθαι
1584 5579 1683 5647 μὲν
1729 5577 1785 5630 ὲν
1836 5577 2007 5647 τρισὶν

425 5659 593 5730 ἔτεσι,
618 5666 712 5719 καὶ
741 5666 799 5721 ἐν
827 5666 979 5721 δυσὶν
1005 5665 1184 5722 ἐτεσιν
1241 5669 1568 5740 ἀκροᾶσθαι,
1598 5671 1656 5724 ὲν
1688 5669 2004 5725 ὑποπτώσει

507 5841 554 5874 ³³
583 5840 599 5895 I
629 5842 753 5898 Cor.
795 5861 867 5909 τι,
906 5846 989 5900 15.
1071 5848 1113 5880 ‘7
1150 5847 1335 5903 Matth.
1378 5864 1463 5912 μ’,
1507 5848 1586 5903 Il.

2106 4756 2278 4817 fuere,
2300 4756 2368 4812 iis
2392 4752 2699 4807 secundum
2730 4765 2972 4805 canones
3002 4750 3112 4820 jam
3146 4764 3175 4802 a
3200 4747 3454 4801 Patribns
3488 4756 3626 4799 nosti
3645 4746 3690 4799 is

2104 4848 2280 4901 editos
2313 4847 2681 4914 dispensctur.
2714 4842 2851 4897 Nam
2888 4843 2983 4911 qui
3028 4842 3135 4895 vim
3170 4856 3388 4912 gravem
3435 4856 3530 4910 per
3582 4848 3693 4892 tor-

2106 4948 2291 4994 mcnta
2332 4938 2668 5001 sustinuere,
2721 4953 2821 4991 nec
2853 4936 3096 4991 ferentes
3145 4935 3384 4999 labores,
3431 4933 3497 4988 ad
3529 4948 3684 5002 nega-

2105 5034 2309 5088 tionem
2363 5031 2521 5085 traeti
2571 5039 2719 5092 sunt,
2768 5029 2944 5082 tribus
2971 5028 3132 5081 annis
3172 5041 3283 5080 non
3317 5026 3674 5095 recipiantur,

2110 5136 2165 5179 et
2196 5125 2409 5179 duobus
2456 5123 2703 5186 audiant,
2752 5130 2807 5175 et
2859 5122 2953 5175 ubi
3000 5120 3164 5175 annis
3199 5120 3376 5174 tribus
3426 5118 3688 5175 substrati

2109 5215 2333 5279 fuerint,
2393 5216 2474 5270 sic
2527 5214 2594 5269 ad
2638 5215 3085 5269 communionem
3146 5214 3528 5267 admittuntur.
3586 5208 3690 5275 Qui

2107 5324 2237 5363 vero
2259 5308 2379 5361 sine
2422 5320 2617 5377 magna
2666 5306 2716 5360 vi
2762 5306 2923 5360 tidem
2978 5307 3029 5358 in
3074 5303 3244 5359 Deum
3303 5303 3687 5373 prodiderunt,

2108 5414 2467 5468 mensamque
2507 5399 2806 5468 attigerunt
2841 5399 3259 5459 daemoniorum,
3308 5407 3362 5449 et
3395 5394 3680 5464 gentilium

2109 5501 2451 5546 sacramenta
2497 5491 2776 5559 jurarunt,
2810 5490 3101 5558 ejiciantur
3130 5488 3352 5557 quidem
3394 5485 3567 5538 tribus
3590 5498 3692 5535 an-

2109 5583 2218 5645 nis,
2249 5581 2465 5635 duobus
2489 5581 2756 5633 audiant:
2794 5580 2886 5633 ubi
2919 5594 3047 5633 vero
3079 5579 3239 5632 annis
3267 5576 3443 5631 tribus
3482 5574 3533 5626 in
3561 5574 3687 5627 sub-

2112 5671 2379 5728 stratione
2408 5670 2706 5738 oraverint,
2746 5682 2796 5727 et
2835 5686 2931 5743 per
2965 5672 3105 5727 alios
3140 5679 3249 5726 tres
3274 5680 3398 5723 cum
3429 5664 3695 5721 ﬁdelibus
