4156 6450
566 397 674 465 927

1738 394 2004 456 ΡΗΟΤΙΙ
2035 394 2125 455 PA
2141 389 2552 455 TRIARCHxE
2589 390 2700 452 CP.

3768 382 3872 445 9‘28

571 512 640 567 all
686 510 1010 565 orationem
1048 510 1319 575 steterint,
1372 508 1453 565 sic
1498 507 1857 565 admittantur
1892 508 1959 563 ad
2028 506 2159 563 boni

2273 506 2329 559 δέ
2356 504 2693 577 εὐξαμένους
2729 501 2788 557 ἐν
2814 498 2994 573 τρισὶν
3024 498 3224 564 ἔτεσιν,
3256 496 3352 551 καὶ
3380 496 3437 551 ἐν
3476 495 3663 557 ἄλλοις
3717 506 3866 566 τρισὶ

568 602 1046 658 communionem.

633 800 802 873 [1.36
829 798 985 857 CAP.
1018 797 1161 853 XIV.
1188 830 1257 841 —
1290 797 1367 852 De
1405 797 1547 851 laico
1578 798 1672 867 qui
1711 799 1823 867 regi
1867 796 2168 853 maledicit.

1012 894 1395 962 Apostolorum
1427 906 1598 944 canon
1640 889 1727 945 84.

639 988 708 1042 84
744 984 883 1058 [85].
913 983 1175 1052 Quisquis
1228 998 1411 1053 regem
1446 984 1532 1037 Vel
1583 982 1908 1052 principem,
1947 993 2082 1049 etc.,
2116 994 2171 1037 ut

568 1094 689 1147 paq.
725 1076 785 1130 75
798 1076 851 1129 9.

1008 1164 1193 1219 Pltotii
1221 1167 1409 1235 synodi
1446 1181 1616 1218 canon
1651 1164 1707 1219 5.

644 1261 698 1315 5.
736 1260 790 1316 Si
823 1259 947 1331 quis
981 1260 1157 1314 laicus
1182 1259 1273 1313 Dei
1305 1260 1785 1324 acimperatorum
1817 1269 2176 1315 contemnens

568 1355 846 1417 mandata,
878 1352 1303 1421 tremendasan
1324 1352 1583 1405 (inridens
1616 1351 1878 1406 Ecclesiae
1904 1352 2177 1406 constitu-

569 1448 746 1500 tiones
794 1447 1069 1516 legesque,
1128 1444 1327 1498 audeat
1388 1445 1706 1513 episcopum
1770 1444 2062 1514 quemdam
2094 1444 2177 1497 vel

567 1540 773 1593 cedere
838 1539 919 1591 Vel
981 1537 1035 1590 in
1095 1552 1378 1591 carcerem
1443 1539 1680 1604 tradere,
1714 1537 1833 1593 sine
1868 1536 2177 1602 causa,ch

577 1632 703 1686 licta
737 1630 803 1685 de
846 1644 1038 1692 causa,
1064 1630 1357 1682 anathema
1408 1628 1501 1683 sit.

640 1813 783 1886 Lege
812 1829 935 1886 quae
986 1823 1115 1869 sunt
1163 1820 1423 1873 annotata
1466 1813 1521 1868 in
1557 1828 1677 1885 cap.
1714 1812 1815 1878 56.
1857 1813 1922 1869 tit
1949 1814 2001 1869 9.
2034 1829 2174 1887 pra:-

569 1909 743 1962 sentis
769 1908 971 1977 operis.

643 1995 795 2051 CAP.
829 1994 947 2048 XV.
975 2024 1046 2035 ——
1076 1994 1153 2048 De
1181 1993 1493 2048 orthodoxis
1528 1993 1767 2064 eulogias
1794 1995 2165 2064 recipientibus

572 2090 635 2140 ab
668 2088 935 2141 hwreticis
965 2097 1058 2140 aut
1099 2085 1331 2153 Judwis,
1372 2088 1449 2141 vel
1485 2085 1801 2141 Judreorum
1832 2087 1981 2157 festis
2022 2104 2167 2141 com-

570 2180 987 2233 municantibus.
1045 2177 1111 2231 Et
1156 2179 1295 2246 quod
1333 2179 1568 2233 Sabbato
1609 2195 1711 2232 non
1739 2180 1807 2232 sit
1840 2178 2163 2247 feriundum,

569 2270 661 2323 sed
701 2281 857 2337 prout
912 2268 1029 2329 ﬁeri
1075 2269 1265 2336 poterit
1295 2268 1381 2320 die
1410 2266 1709 2330 Dominica,
1740 2266 1807 2320 Et
1825 2267 1889 2321 de
1912 2268 1977 2321 iis
2001 2267 2167 2338 quiin

569 2359 943 2416 haereticorum
972 2359 1313 2413 monasteriis
1346 2357 1423 2413 vel
1467 2358 1703 2413 ecclesiis
1731 2366 1910 2413 orant.

921 2536 1297 2607 Apostolorum
1324 2551 1552 2591 canones
1582 2535 1675 2601 65,
1708 2535 1810 2591 70.

639 2630 710 2685 65
740 2628 876 2703 [65].
916 2628 973 2684 Si
1000 2630 1124 2699 quis
1156 2628 1391 2685 clericus
1427 2629 1513 2685 vel
1542 2628 1718 2686 laicus
1745 2629 1804 2685 in
1826 2626 2163 2695 Judamrum,

566 2733 696 2787 etc.,
729 2732 785 2775 ut
813 2738 941 2793 pag.
980 2721 1107 2777 758.

640 2812 708 2865 70
730 2811 750 2884 Ῐ
754 2810 871 2883 69].
915 2811 970 2865 Si
998 2811 1123 2882 quis
1157 2811 1446 2881 episcopus
1477 2811 1561 2865 vel
1590 2811 1895 2882 presbyter,
1926 2811 2011 2867 vel
2039 2811 2162 2866 dia~

2280 597 2583 659 συστάντας
2613 597 2727 659 τοῖς
2742 595 2967 656 πιστοῖς
2996 593 3076 655 εἰς
3096 591 3194 661 τὴν
3224 590 3427 661 δέησιν,
3468 586 3611 641 οὕτω
3638 587 3864 650 δεκτοῦς

2276 683 2416 741 εἶναι
2441 692 2507 760 τῇ
2540 686 2639 741 τοῦ
2660 684 2869 755 ἀγαθοῦ
2898 683 3174 755 κοινωνίᾳ.

2276 802 2528 856 ΚΕΦΛΛ.
2561 802 2654 855 ΙΔ’.
2688 829 2761 840 —-—
2786 798 2923 867 Περί
2955 797 3171 859 λατκοῦ
3212 792 3556 863 ὑσρίζοντος
3575 791 3867 857 βασιλέα.

2712 892 3101 946 Ἀποστόλων
3132 888 3334 943 κανὼν
3352 886 3455 940 πδ’.

2346 984 2451 1044 πδ’.
2475 985 2666 1049 Ὅστις
2695 983 2911 1055 ὑδρίσει
2936 981 3178 1054 βασιλέα,
3219 997 3276 1034 κ.
3304 996 3355 1033 τ.
3380 977 3432 1033 λ.

2460 1166 2582 1236 Τῆς
2636 1165 2736 1220 ἐπὶ
2786 1165 3015 1219 Φωτίου
3060 1162 3330 1219 συνόδου
3388 1162 3587 1218 κανὼν
3614 1169 3694 1234 γ’.

2348 1270 2415 1334 γ’.
2453 1264 2519 1316 Εἴ
2574 1279 2657 1326 τις
2709 1262 2819 1314 τῶν
2885 1259 3088 1313 λαῖκῶν
3122 1257 3495 1328 αὐθεντήσας,
3555 1258 3653 1310 καὶ
3701 1272 3867 1309 κατα-

2278 1355 2553 1426 φρονήσας
2592 1353 2690 1426 μέν
2718 1350 2827 1405 τῶν
2852 1350 3012 1403 θείων
3036 1348 3131 1403 καὶ
3167 1347 3463 1418 βασιλικῶν
3516 1346 3868 1417 προσταγμά-

2278 1465 2409 1509 των,
2443 1445 2822 1514 καταγελάσας
2847 1443 2905 1497 δὲ
2940 1441 3035 1496 καὶ
3063 1441 3171 1494 τῶν
3195 1440 3440 1511 φρικτῶν
3467 1440 3568 1509 τῆς
3639 1439 3868 1508 Ἐκκλη-

2282 1538 2402 1599 aia;
2440 1537 2658 1606 Θεσμῶν
2707 1552 2767 1590 τε
2827 1534 2922 1587 καὶ
2967 1533 3173 1603 νόμων,
3196 1533 3521 1605 τολμήσειεν
3570 1531 3867 1585 ἐπίσκοπόν

2278 1647 2400 1682 τινα
2450 1628 2635 1698 τύψαι,
2674 1628 2708 1698 ἢ
2766 1624 3153 1696 φυλακίσαι,ῆ
3203 1625 3378 1697 χωρὶς
3424 1624 3629 1690 αἰτίας,
3685 1624 3720 1693 ἢ
3778 1623 3867 1676 καὶ

2284 1720 2748 1790 συμπλασάμενος
2796 1719 2998 1783 αἰτίαν,
3026 1719 3054 1771 ὁ
3103 1717 3344 1781 τοιοῦτος
3392 1716 3644 1786 ἀνάθεμα
3705 1715 3861 1768 ἔστω.

2366 1812 2667 1880 Ἀνάγνωθι
2716 1811 2783 1864 τὰ
2824 1812 3344 1881 παραγεγραμμένα
3382 1813 3440 1864 ἐν
3484 1810 3562 1881 τῷ
3610 1807 3703 1875 λς’
3744 1826 3860 1878 κεφ.

2273 1903 2366 1959 τοῦ
2394 1903 2438 1956 θ’
2469 1904 2576 1957 τίτ.
2608 1902 2703 1956 τοῦ
2727 1902 2993 1973 παρόντος
3032 1903 3426 1972 συντάγματος.

2345 1996 2595 2050 ΚΕΦΑΛ.
2626 1995 2728 2051 IE'.
2761 2026 2834 2036 —
2882 1994 3023 2064 Περὶ
3053 1994 3395 2065 ὀρθοδόξων
3432 1995 3862 2063 λαμϐανόντων

2275 2088 2558 2155 εὐλογίας
2610 2086 2732 2141 ἀπὸ
2770 2070 3082 2155 αἱρετικῶν
3115 2085 3153 2154 ἣ
3207 2083 3519 2147 Ἰουδαίων,
3549 2084 3587 2152 ἢ
3618 2100 3863 2152 συνεορ-

2287 2179 2584 2239 ταζόντων
2630 2179 2935 2245 Ἰουδαίοις
2970 2195 2985 2211 ο
3019 2178 3115 2232 καὶ
3143 2178 3231 2231 ὅτι
3263 2178 3334 2230 οὺ
3364 2175 3461 2229 δεῖ
3491 2175 3619 2241 τοῖς
3658 2176 3862 2229 Σαόϐἀι

2278 2285 2405 2334 τοις
2456 2266 2800 2337 σχολάζειν,
2832 2268 2993 2322 ἀλλὰ
3026 2267 3176 2321 κατὰ
3216 2266 3281 2320 τὸ
3327 2264 3595 2319 δυνατὸν
3649 2264 3724 2333 τῇ
3753 2269 3859 2318 Κυ-

2274 2360 2460 2431 ριακῇ
2490 2378 2502 2389 ·
2530 2361 2629 2415 καὶ
2660 2361 2796 2431 περὶ
2817 2361 2936 2415 τῶν
2953 2361 3302 2431 εὐχομένων
3328 2359 3400 2413 ἐν
3431 2343 3860 2430 μοναστηρίοις

2272 2453 2310 2522 ἢ
2343 2453 2713 2524 ἐκκλησίαις
2732 2453 3068 2523 αἱρετικῶν.

2665 2546 3049 2601 Ἆποστόλων
3068 2560 3268 2599 κανων
3292 2541 3383 2607 ξε’,
3419 2549 3483 2597 o'.

2346 2636 2437 2703 ξε’.
2466 2636 2535 2692 Et’
2558 2654 2644 2701 τις
2681 2638 2943 2709 κληρικὸς
2970 2637 3003 2708 ἢ
3034 2636 3221 2692 λαῖκδς
3252 2634 3484 2690 εἰσέλθοι
3506 2636 3589 2703 εἰς
3618 2651 3854 2703 συναγω-

2274 2728 2378 2801 γὴν
2424 2729 2718 2795 Ἰουδαίων,
2760 2746 2817 2783 κ.
2844 2746 2898 2785 τ.
2929 2729 2980 2784 λ.

2344 2818 2409 2875 ο’.
2444 2821 2511 2874 Ei
2539 2837 2623 2885 τις
2666 2819 2986 2885 ἐπίσκοπος,
3018 2819 3453 2894 ἥπρεσσύτερος,
3477 2818 3788 2893 ἢδιάκονος,
3822 2816 3851 2886 ἢ

568 2920 747 2961 conus
809 2905 894 2958 vel
936 2904 1163 2960 omnino
1201 2920 1269 2959 ex
1297 2904 1628 2961 sacerdotali
1653 2905 1927 2977 catalogo,
1954 2903 2167 2976 jejunct

2272 2911 2408 2975 ὂλως
2437 2911 2531 2964 τοῦ
2584 2911 2890 2981 καταλόγου
2934 2912 3045 2966 τῶν
3096 2911 3396 2982 κληρικῶν,
3434 2910 3694 2982 νηστεύοι
3728 2909 3855 2979 μετὰ

565 3012 691 3051 cum
730 2993 953 3058 Iudaeis,
982 3002 1069 3051 etc
1097 3036 1113 3061 ,
1146 3007 1203 3051 ut
1228 3014 1350 3068 pag.
1386 2997 1511 3053 758.

567 3088 1106 3159 ϐοιιοίίίἰλιαοάίσεηί
1134 3106 1360 3146 canones
1385 3093 1441 3161 9,
1476 3092 1568 3164 29,
1601 3094 1692 3161 52,
1719 3093 1812 3157 54.
1845 3091 1936 3156 57,
1961 3090 2051 3153 '58,
2070 3090 2161 3146 59.

639 3252 692 3309 9.
718 3250 838 3308 Non
867 3252 1276 3310 concedendum
1298 3270 1441 3312 esse.
1462 3265 1592 3325 etc.;
1627 3270 1683 3313 ut
1709 3273 1836 3329 pag.
1873 3257 2002 3314 885.

641 3432 806 3507 437
834 3434 926 3489 ἳ9ο
972 3433 1130 3501 Quod
1177 3450 1288 3491 non
1340 3444 1560 3507 oportet
1598 3435 1949 3495 Christianos
1984 3437 2166 3509 judai—

573 3548 720 3596 zare,
744 3540 829 3587 etc
857 3571 874 3599 ,
902 3541 958 3583 ut
970 3547 1090 3601 pag.
1110 3529 1234 3586 645.

642 3626 732 3681 52.
760 3624 917 3691 Quod
953 3639 1064 3679 non
1098 3632 1315 3693 oportet
1340 3623 1726 3682 haereticorum
1752 3625 2165 3683 benedictioncs

574 3722 844 3788 accipere,
872 3725 1003 3783 etc.,
1033 3728 1091 3771 ιιι
1120 3734 1240 3787 pag.
1274 3716 1401 3773 882.

645 3813 734 3874 5i.
807 3810 967 3877 Quod
1041 3825 1154 3866 non
1230 3818 1451 3879 oportet
1508 3825 1731 3867 omnem
1786 3810 2162 3867 Christianum

572 3902 774 3959 Christi
808 3910 1076 3973 martyres
1106 3899 1435 3969 relinquere,
1464 3910 1594 3966 etc.,
1625 3911 1683 3955 ut
1715 3918 1838 3972 pag.
1856 3902 1982 3968 885,

647 3994 738 4048 57.
785 3991 942 4059 Quod
971 4006 1077 4047 non
1115 3998 1331 4061 oportet
1360 4008 1483 4062 quae
1536 4007 1565 4047 a
1597 3992 1802 4050 Judzeis
1857 3995 1941 4049 vel
1994 3995 2168 4050 hmre-

578 4085 698 4141 tieis
722 4084 1015 4139 mittuntur
1039 4083 1239 4139 festiva
1287 4084 1558 4155 accipere,
1590 4100 1769 4158 neque
1797 4102 1905 4142 una
1932 4103 2055 4142 cum
2085 4087 2167 4145 eis

574 4176 775 4233 {csmm
799 4192 976 4247 agere.

645 4273 734 4327 58.
775 4271 930 4339 Quod
981 4289 1088 4329 n0u
1125 4282 1346 4345 Oportet
1394 4290 1421 4329 a
1453 4272 1658 4329 Judaeis
1682 4287 1875 4345 azyma
1904 4272 2161 4343 accipere

572 4364 657 4419 vel
680 4381 869 4420 eorum
900 4366 1277 4436 impietatibus
1310 4366 1757 4422 communicare.

642 4457 731 4511 59.
763 4455 922 4523 Quod
962 4473 1069 4513 non
1117 4466 1335 4528 oportet
1367 4456 1507 4513 festa
1538 4471 1701 4528 agere
1734 4471 1858 4513 cum
1906 4455 2162 4529 gentibus

570 4551 627 4596 et
654 4558 842 4597 carum
876 4544 1138 4614 impietati
1172 4546 1603 4601 communicare.

644 4631 869 4685 Concilii
902 4632 1334 4705 Carthaginiensis
1366 4652 1533 4690 canon
1564 4633 1654 4690 60.

647 4723 723 4778 De
744 4741 1075 4794 paganorum
1106 4729 1376 4783 conviviis.

643 4816 734 4870 60.
757 4817 888 4891 illud
905 4818 1069 4873 etiam
1094 4821 1457 4891 petendum”,
1480 4823 1803 4892 utquoniam
1819 4832 2009 4877 contra
2033 4838 2172 4893 pra:-

570 4915 725 4976 cepta
762 4906 949 4963 divina
1004 4910 1257 4965 convivia
1293 4912 1484 4969 multis
1518 4914 1571 4968 in
1633 4912 1771 4969 locis
1810 4924 2166 4979 exercentur,

572 5010 696 5065 quae
733 4996 802 5050 ab
831 5012 1019 5053 errore
1051 5001 1241 5069 gentili
1278 5010 1513 5058 attracta
1562 5013 1713 5069 sunt,
1753 5003 1827 5057 ita
1864 5013 1923 5057 ut
1954 5018 2100 5058 nunc
2138 5019 2170 5058 a

572 5089 801 5158 paganis
838 5090 1137 5146 Christiani
1200 5092 1268 5148 ad
1315 5095 1433 5149 haec
1482 5088 1811 5150 celebranda
1862 5102 2164 5165 cogantur;

572 5198 641 5235 ex
666 5197 773 5251 qua
815 5198 877 5238 re
917 5186 1254 5256 temporibus
1293 5187 1740 5243 Christianorum
1781 5190 2170 5259 imperatorum

574 5276 889 5341 persecutio
912 5277 1085 5333 altera
1117 5278 1230 5334 ﬁeri
1261 5281 1475 5336 occulte
1501 5282 1755 5336 videatur
1793 5299 1806 5336 :
1846 5282 2017 5335 vetari
2045 5281 2172 5336 talia

568 5364 820 5433 jubeant,
849 5376 904 5422 et
930 5368 997 5424 de
1027 5370 1345 5427 civitatibus
1388 5382 1443 5429 et
1473 5372 1539 5427 de
1586 5371 2035 5442 possessionibus
2069 5372 2172 5427 im-

575 5457 758 5526 posita
827 5474 989 5529 pugna
1049 5461 1342 5531 prohibere
1380 5481 1392 5519 :
1432 5466 1672 5520 maxime
1714 5481 1837 5521 cum
1895 5465 2061 5519 etiam
2098 5467 2169 5533 ,in

571 5551 856 5608 Nalalibus
884 5554 1335 5611 beatissimorum
1371 5567 1674 5630 martyrum
1720 5574 1815 5629 per
1867 5560 2160 5616 nonnullas

572 5640 846 5713 civitates,
883 5654 940 5701 et
985 5645 1043 5702 in
1092 5646 1230 5718 ipsis
1259 5648 1397 5706 locis
1431 5650 1606 5709 sacris
1635 5650 1761 5710 talia
1813 5652 2161 5711 committere

646 5824 689 5857 ³⁸
719 5826 890 5884 Cone.
924 5828 1095 5886 Airic.
1120 5844 1171 5884 c.
1199 5829 1288 5883 97.

2199 4603 2250 4662 Ι)

2285 3002 2574 3070 Ἰουδαίων,
2601 3023 2657 3058 κ.
2684 3022 2735 3058 τ.
2775 3004 2829 3060 λ.

2274 3097 2546 3151 Συνόδου
2602 3096 2953 3231 Λαοδικεςιές
3007 3094 3222 3219 impedi;
3252 3094 3334 3160 θ’,
3388 3093 3512 3162 κθί,
3574 3092 3695 3165 λβ’,
3744 3088 3851 3159 λδ’,

2887 3188 2967 3231 .ν,
3041 3184 3114 3231 η,
3231 3207 3245 3222 .

2887 3184 2967 3233 ις,
3009 3184 3114 3236 An‘,
3147 3184 3206 3219 Αυ
3231 3207 3245 3222 .

2190 3238 2237 3302 C
2344 3256 2418 3315 θ’.
2479 3258 2621 3331 Περὶ
2676 3258 2773 3313 τοῦ
2845 3257 2921 3330 μὴ
2974 3259 3281 3330 συγχωρεῖν
3337 3257 3418 3321 είς
3469 3255 3538 3311 τὰ
3598 3253 3855 3327 κοιμητή-

2282 3368 2399 3421 ρια,
2435 3368 2493 3410 ι.
2523 3367 2575 3405 τ.
2606 3348 2659 3402 λ.

2346 3444 2452 3499 xli’.
2493 3443 2617 3497 Ὀτι
2652 3441 2714 3494 οὐ
2744 3441 2823 3496 δεῖ
2845 3439 3206 3516 Χριστιανοὺς
3252 3438 3590 3505 Ἰουδαΐζειν,
3642 3456 3696 3493 κ.
3727 3454 3775 3491 τ.
3807 3435 3852 3491 λ.

2352 3625 2457 3697 λβν.
2505 3626 2631 3680 Ὀτι
2679 3625 2742 3680 οὐ
2782 3624 2865 3678 δεῖ
2905 3623 3202 3696 αἰρετικῶν
3241 3622 3496 3694 εὐλογίας
3531 3621 3852 3694 λαμϐάνειν,

2277 3734 2334 3773 κ.
2365 3734 2418 3773 τ.
2455 3716 2506 3773 λ.
3326 3728 3355 3749 ⁸

2346 3808 2441 3864 λδ’.
2480 3811 2605 3863 Ὀτι
2639 3809 2700 3863 οὐ
2745 3809 2828 3864 δεῖ
2872 3808 3054 3864 πάντα
3097 3809 3423 3882 Χριστιανὸν
3450 3805 3854 3862 ἐγκαταλείπειν

2284 3902 2571 3974 μάρτυρας
2602 3901 2861 3973 Χριστοῦ,
2903 3920 2955 3957 κ.
2986 3919 3039 3958 τ.
3073 3902 3125 3959 λ.

2348 3993 2447 4060 λζ’.
2487 3995 2611 4049 Ὅτι
2640 3995 2701 4048 οὐ
2732 3995 2812 4048 δεῖ
2840 3995 2994 4067 παρὰ
3040 3994 3150 4047 τῶν
3181 4009 3477 4064 αιρετικων
3518 3993 3551 4064 ἢ
3605 3988 3853 4046 Ἰουδαίων

2275 4085 2347 4140 τὰ
2377 4087 2705 4157 πεμπόμενα
2735 4085 3065 4160 ἐορταστικὰ
3093 4085 3415 4156 λαμϐάνειν,
3472 4083 3611 4156 μηδέ
3649 4095 3853 4149 συνεορν

2276 4177 2462 4242 τάξειν
2485 4179 2692 4242 αὐτοῖς.

2348 4269 2452 4341 λη’.
2488 4271 2612 4324 Ὅτι
2651 4270 2712 4323 οὐ
2747 4269 2833 4323 δεῖ
2870 4270 3024 4340 παρὰ
3051 4269 3160 4324 τῶν
3201 4268 3474 4325 Ἰουδαίων
3511 4269 3697 4341 ἄζυμα
3722 4266 3850 4334 λαμ-

2277 4362 2483 4425 δάνειν,
2520 4360 2552 4431 ἢ
2590 4363 2870 4414 κοινωνεῖν
2897 4364 3015 4425 ταῖς
3046 4360 3327 4425 ἀσεϐείαις
3361 4360 3563 4415 αὐτῶν.

2349 4455 2448 4511 λθ’.
2483 4456 2607 4509 Ὀτι
2637 4457 2697 4509 οὐ
2746 4456 2827 4510 δεῖ
2851 4458 2964 4519 τοῖς
2992 4457 3175 4511 ἔθνεσι
3206 4453 3587 4526 συνεορτάζειν
3619 4453 3711 4509 καὶ
3748 4465 3849 4505 κοι-

2276 4550 2466 4615 νωνεῖν
2497 4551 2563 4621 τῇ
2594 4548 2850 4620 ἀθεότητι
2890 4549 3090 4604 αὐτῶν.

2545 4638 2820 4693 Συνόδου
2853 4639 3274 4708 Καρθαγέννης
3304 4639 3504 4695 κανὼν
3535 4638 3597 4705 ξ’.

2342 4727 2602 4797 Περίτοῦ
2620 4727 2954 4797 ἀφελέσθαι
2972 4730 3045 4782 τὰ
3064 4727 3182 4784 τῶν
3199 4729 3511 4800 Ἑλλήνων
3531 4728 3843 4801 συμπόσια.

2344 4821 2408 4887 ξ’.
2455 4822 2693 4877 Κὰκεῑνο
2746 4821 2828 4876 ἔτι
2872 4820 2979 4892 μὴν
3008 4821 3092 4875 δεῖ
3120 4823 3345 4893 αἰτῆσαι
3390 4824 3545 4894 παρὰ
3580 4824 3688 4876 τῶν
3724 4821 3846 4889 Χρι-

2273 4913 2506 4967 στιανῶν
2537 4912 2826 4984 βασιλέων,
2869 4912 3060 4985 ἐπειδὴ
3104 4913 3256 4985 παρὰ
3293 4912 3360 4967 τὰ
3390 4913 3511 4968 θεῖα
3553 4907 3845 4985 παραγγέλ-

2276 5022 2421 5076 ματα
2440 5007 2499 5059 ἐν
2524 5004 2739 5067 πολλοῖς
2758 5002 2948 5068 τόποις
2975 5004 3255 5074 συμπόσια
3275 5003 3447 5067 οὕτως
3468 5003 3841 5058 ἐπιτελοῦνται,

2274 5096 2339 5148 ἐκ
2377 5095 2478 5166 τῆς
2518 5096 2742 5163 ὲθνικῆς
2782 5095 2992 5166 πλάνης
3024 5094 3461 5165 προενεχθέντα,
3493 5095 3569 5159 ὡς
3604 5096 3696 5150 καὶ
3723 5092 3841 5158 Χρι-

2277 5187 2531 5251 στιανοὺς
2552 5191 2666 5250 τοῖς
2700 5187 2931 5258 Ἕλλησι
2962 5186 3137 5257 λάθρα
3166 5187 3643 5258 προσσυνάγεσθαι
3672 5183 3759 5238 ἐπὶ
3785 5180 3840 5247 τῇ

2273 5281 2480 5336 τούτων
2503 5282 2718 5354 τελετῇ,
2750 5282 2837 5336 ἵνα
2867 5281 3170 5337 κελεύσωσι
3204 5282 3273 5336 τὰ
3300 5280 3529 5335 τοιαῦτα
3558 5278 3839 5345 κωλυθῆναι

2272 5375 2368 5430 καὶ
2401 5376 2466 5428 ἐκ
2517 5373 2627 5427 τῶν
2670 5373 2881 5427 πόλεων
2926 5372 3022 5427 καὶ
3064 5375 3130 5428 ἐκ
3169 5373 3278 5427 τῶν
3313 5374 3597 5445 κτήσεων,
3631 5370 3838 5444 μάλιστα

2271 5466 2353 5520 ὅτι
2387 5465 2482 5519 καὶ
2515 5466 2573 5519 ἐν
2604 5465 2786 5528 αὐτοῖς
2817 5465 2931 5528 τοῖς
2964 5463 3233 5533 γενεσίοις
3264 5464 3373 5517 τῶν
3408 5463 3691 5535 μακαρίων
3717 5470 3836 5529 μαρ-

2272 5554 2453 5626 τύρων
2487 5554 2593 5609 ἀνά
2634 5567 2789 5617 τινας
2823 5554 3009 5616 πόλεις
3044 5553 3139 5607 καὶ
3179 5556 3258 5617 εἰς
3294 5554 3493 5616 αὐτοὺς
3522 5554 3646 5617 τοὺς
3682 5544 3835 5617 ἱεροὺς

2269 5649 2469 5713 τόπους
2506 5647 2732 5702 τοιαῦτα
2757 5645 3099 5718 πλημμελεῖν
3125 5647 3224 5718 οὐχ
3254 5647 3601 5718 ὑφορῶνται*
3666 5645 3720 5697 ἐν
3757 5628 3833 5695 αἷς
