4156 6438
303 360 420 423 9‘29

922 350 1323 414 SYNTAGMA
1363 344 1751 407 CANONUM.
1778 368 1845 378 -
1870 340 2023 403 ΤῙΤ.
2061 335 2235 412 XIII,
2278 334 2435 397 CAP.
2472 332 2700 395 XIV-
2731 330 2952 395 XVIII.

3479 328 3589 393 930

304 476 569 547 ἡμέραις,
602 468 633 522 ὀ
668 467 762 522 καὶ
797 466 981 535 λέγειν
1022 465 1255 536 αἰσχύνη
1285 464 1436 517 ἐστὶν
1457 504 1472 526 ,
1513 463 1767 532 ὀρχήσεις
1799 476 1901 530 μυ-

2019 469 2118 507 non
2156 450 2545 506 reformident.
2596 447 2809 513 Quibus
2844 446 3038 500 diebus
3077 442 3282 509 etiam,
3307 444 3453 513 quod
3485 461 3589 513 pu-

306 566 487 636 σαρὰς
534 563 613 625 είς
647 559 777 622 τοὺς
821 557 1027 629 ἀγροὺς
1056 557 1152 609 καὶ
1193 557 1271 618 εἰς
1299 554 1398 617 τάς
1444 552 1708 613 πλατείας
1739 553 1897 603 ἐκτε-

300 659 513 720 λοῦσιν,
547 654 689 707 ὥστε
718 653 788 722 τῇ
813 649 920 703 τῶν
952 646 1370 701 οίκοδεσποινῶν
1400 647 1568 715 τιμῇ,
1597 643 1693 697 καὶ
1724 642 1898 697 ἄλλων

306 747 703 819 ἀναριθμήτων
733 740 1010 812 γυναικιῖιν
1039 740 1107 811 τῇ
1130 739 1270 792 αῑδοῖ
1297 737 1405 791 τῶν
1428 736 1671 799 εὐλαϐῶς
1693 736 1774 799 εἰς
1799 734 1897 805 τὴν

310 840 469 908 ἁγίαν
497 837 713 909 ἡμέραν
737 833 1221 905 παραγενομένων,
1243 830 1469 898 λάγναις
1497 827 1719 899 ὕϐρεσιν
1743 828 1901 897 ἐφορ-

317 934 456 1003 μᾷν,
499 931 575 995 ὡς
618 928 714 984 καὶ
743 927 917 995 αὐτῆς
948 927 1047 997 τῆς
1077 925 1241 993 ἁγίας
1277 922 1515 985 πίστεως
1542 919 1732 991 σχεδὸν
1766 918 1898 989 φεύ-

315 1025 509 1094 γεσθαι
534 1022 632 1092 τὴν
661 1019 1045 1097 προσέλευσιν.

404 1112 696 1181 Ἀνάγνωθι
751 1110 820 1163 τά
873 1104 1393 1180 παραγεγραμμένα
1444 1105 1502 1157 ὲν
1541 1102 1619 1173 τῷ
1659 1108 1719 1156 ιε’
1771 1118 1894 1171 κεφ.

322 1208 415 1265 τοῦ
449 1206 497 1275 γ’
525 1207 632 1262 τίτ.
672 1202 765 1258 τοῦ
809 1204 1077 1274 παρόντος
1111 1199 1526 1269 συντάγματος,
1560 1196 1657 1249 καὶ¹
1689 1195 1733 1250 δ’
1769 1212 1895 1265 κεφ.

318 1301 409 1355 τοῦ
445 1300 489 1362 ζ’
521 1299 628 1353 τίτ.

385 1389 637 1443 ΚΕΦΛΛ.
674 1386 798 1455 ιςκ
826 1418 895 1432 -
948 1384 1090 1454 Περὶ
1123 1382 1354 1438 λαῖκῶν
1387 1379 1768 1450 πειρωμένων
1814 1375 1899 1446 μὴ

311 1479 465 1537 εἶναι
496 1482 641 1550 τοὺς
670 1479 995 1551 κληρικοὺς
1021 1478 1142 1533 τῶν
1167 1474 1595 1547 μοναστηρίων
1620 1473 1716 1525 καὶ
1748 1488 1896 1524 πτω-

310 1578 493 1645 χείων
514 1575 614 1629 καὶ
640 1574 1034 1644 μαρτυρείων,
1064 1571 1186 1629 ὑπὸ
1214 1570 1329 1639 τὴν
1357 1566 1653 1634 ἐξουσίαν
1674 1565 1744 1619 ὲν
1772 1563 1899 1629 ταῖς

310 1666 573 1720 πόλεσιν
607 1664 978 1718 ἐπισκόπων.

591 1756 863 1812 Συνόδου
894 1752 1282 1822 Χαλκηδόνος
1316 1749 1518 1805 κανὼν
1543 1754 1617 1821 η’.

2000 544 2152 601 doris
2188 553 2273 598 est
2301 542 2503 607 dicere,
2526 539 2846 595 saltationes
2888 536 3344 592 sceleratissimas
3378 550 3474 605 per
3497 538 3582 589 vi-

2001 649 2100 691 cos
2130 644 2293 704 atque
2321 634 2535 703 plateas
2566 637 2855 685 exerceant
2881 646 2897 682 :
2934 637 2992 681 nt
3024 628 3344 682 matronalis
3397 629 3593 692 honor,

1998 735 2054 782 et
2081 722 2562 779 innumerabilium
2616 718 2941 774 feminarum
3005 719 3202 788 pudor,
3258 718 3458 772 devote
3494 734 3587 769 ve-

1998 818 2269 874 nientium
2315 815 2383 870 ad
2437 813 2872 869 sacratissimum
2928 811 3097 876 diem,
3163 811 3381 881 injuriis
3435 811 3597 864 lasci-

1998 908 2274 964 vientibns
2326 913 2646 975 appetatur;
2685 912 2741 957 ut
2796 903 2961 956 etiam
3006 902 3177 967 ipsius
3230 910 3440 953 sancta:
3468 899 3597 951 reli-

1998 999 2174 1069 gionis
2209 997 2319 1068 (55)
2346 1013 2480 1067 pene
2510 994 2753 1067 fugiatur
2780 1008 3064 1049 accessus.

2069 1091 2238 1162 438
2261 1090 2398 1160 Lege
2428 1105 2551 1160 qua:
2588 1098 2847 1143 annotata
2895 1096 3023 1141 sunt
3066 1086 3119 1141 in
3148 1100 3271 1154 cap.
3309 1084 3396 1148 15,
3425 1084 3511 1137 lit.
3542 1085 3596 1145 3,

1999 1182 2284 1251 praiseiitis
2308 1179 2511 1249 operis,
2545 1188 2595 1232 et
2634 1194 2757 1248 cap.
2785 1178 2839 1243 4,
2871 1178 2959 1231 tit.
2983 1176 3033 1229 7.

2070 1357 2204 1412 CAP
2242 1355 2385 1411 XVI.
2416 1386 2471 1395 —
2511 1354 2589 1409 De
2621 1355 2769 1408 laicis
2798 1353 2887 1423 qui
2920 1353 3048 1407 dant
3080 1368 3290 1421 operam
3319 1350 3596 1421 quominus

2001 1449 2185 1502 clerici
2216 1446 2680 1507 monasteriorum,
2713 1442 3243 1514 ptocltodocltiorum,
3300 1452 3349 1496 et
3392 1454 3595 1509 marty-

2002 1542 2207 1594 riorum
2236 1540 2296 1592 in
2322 1546 2577 1608 potestate
2606 1535 2799 1590 urbani
2836 1536 3065 1605 episcopi
3094 1534 3225 1588 sint.

2306 1723 2533 1780 Concilii
2565 1722 3011 1777 Chalcedonensis
3047 1738 3217 1775 canon
3241 1722 3296 1775 8.

379 1859 453 1925 η’.
493 1853 557 1907 Οἱ
890 1804 1464 1918 τξνῄπτωχείωνκαὶ
1499 1804 1898 1916 ξμόναστηρίων

2073 1819 2127 1873 8.
2164 1804 2360 1873 Clerici
2419 1817 2771 1888 ptochorum,
2813 1817 3309 1881 monasteriorum,
3345 1824 3477 1882 etc.,
3542 1823 3601 1867 ut

306 1944 410 1997 xui.
445 1942 813 2014 μαρτυρείων,
846 1958 900 1994 κ.
932 1956 983 1993 τ.
1013 1938 1065 1994 λ.

383 2034 640 2091 ΚΕΦΑΛ.
694 2035 798 2088 ΙΖ.’
830 2064 901 2075 -
942 2030 1083 2101 Περὶ
1126 2027 1355 2086 λαϊκῶν
1416 2024 1902 2096 προστιθεμένων

306 2125 440 2191 τοῖς
467 2123 910 2195 ἀφοριζομένοις
946 2121 985 2192 ἢ
1016 2120 1415 2189 ἀποσχίζουσι
1449 2115 1898 2186 πρεσϐυτέροις,

305 2215 415 2268 καὶ
444 2214 622 2284 χωρὶς
659 2212 781 2268 τῶν
823 2211 1174 2267 ἐπισκόπων
1216 2206 1416 2263 αὐτῶν
1439 2248 1455 2276 ,
1500 2204 1902 2274 θυσιαστήρια

307 2305 740 2383 πηγνυμένοις.

738 2394 1125 2456 Ἀποστόλων
1158 2390 1361 2451 κανὼν
1388 2390 1492 2449 λα’.

384 2496 491 2551 λα’.
532 2497 599 2549 Εἴ
639 2512 724 2559 τις
758 2492 1132 2564 πρεσϐύτερος
1166 2487 1594 2560 καταφρονήσας
1636 2478 1731 2536 τοῦ
1771 2477 1901 2536 ἰδίου

312 2587 622 2643 ἐπισκόπου
642 2626 657 2652 ,
689 2604 745 2640 κ.
776 2603 828 2641 τ.
860 2587 909 2638 λ.

405 2679 705 2749 Ἀνάγνωθι
731 2679 798 2733 τὰ
832 2672 1351 2749 παραγεγραμμένα
1376 2670 1435 2725 ὲν
1460 2667 1537 2742 τῷ
1560 2668 1621 2723 ιδ’
1650 2682 1773 2735 κεφ.
1807 2660 1905 2718 τοῦ

313 2776 371 2838 γ’
399 2770 505 2824 τίτ.
539 2769 635 2822 τοῦ
669 2767 936 2838 παρόντος
968 2765 1365 2833 συντάγματος.

394 2863 649 2917 ΚΕΦΑΛ.
682 2861 790 2916 lH'.
823 2890 895 2901 ——
934 2857 1075 2927 Περὶ
1109 2856 1403 2925 ἐπιόρκων
1425 2894 1442 2921 ,
1484 2851 1585 2907 καὶ
1616 2851 1687 2906 ἐν
1715 2849 1912 2916 ποίοις

315 2954 419 3009 δεῖ
442 2954 583 3019 τοὺς
611 2946 945 3023 ὀμνύοντας
972 2948 1058 3020 μὴ
1089 2946 1380 3017 εὐορκεῖν.

402 3048 730 3104 Βασίλειον
758 3044 962 3099 κανὼν
994 3048 1046 3105 ι’,
1082 3041 1170 3106 ιζ’,
1197 3038 1302 3103 κθ⁹,
1326 3035 1418 3102 ξδ’,
1443 3035 1554 3106 πβ’.

401 3149 454 3198 ι’.
485 3142 548 3196 Oi
581 3138 875 3211 ὀμνύοντες
906 3135 982 3207 μὴ
1012 3128 1409 3203 καταδέχεσθαι
1438 3128 1538 3199 τὴν
1554 3122 1913 3198 χειροτονίαν,

320 3252 384 3290 κ.
424 3251 475 3289 τ.
510 3233 563 3287 λ.

400 3327 490 3392 ιζ’.
534 3326 857 3397 Ἠρώτησας
883 3323 1034 3395 ἡμᾶς
1060 3322 1190 3391 περὶ
1211 3317 1491 3388 Βιάνορος,
1521 3332 1577 3369 κ.
1607 3332 1660 3368 τ.
1693 3312 1747 3367 λ.

405 3491 512 3548 κθ’.
558 3491 874 3563 Ἀρχοντας
905 3485 1089 3554 μέντοι
1130 3483 1352 3553 ὀμνύειν
1389 3480 1482 3535 ὲπὶ
1501 3479 1579 3550 τῷ
1601 3476 1917 3533 κακοποιεῖν

325 3589 459 3649 τοὺς
486 3583 841 3655 ἀρχομένους,
876 3579 971 3633 καὶ
1004 3577 1144 3632 πάνυ
1181 3572 1582 3646 θεραπεύεσθαι
1614 3569 1915 3641 προσῆκεν*

330 3669 409 3731 ὧν
429 3678 463 3747 ή
484 3672 750 3745 θεραπεία
765 3670 937 3740 διττὴ,
957 3667 1056 3737 μία
1088 3666 1186 3736 μὲν
1218 3666 1290 3735 μὴ
1316 3662 1538 3733 ὀμνύειν
1555 3660 1750 3720 αὐτοὺς
1772 3656 1920 3711 διδάη

334 3766 565 3822 σκεσθαι
601 3761 908 3835 προχείρως
931 3775 945 3790 ’
980 3758 1143 3828 ἑτέρα
1166 3757 1245 3820 δὲ,
1282 3754 1358 3825 μὴ
1391 3751 1673 3823 ἐπιμένειν
1708 3751 1764 3801 ἐν
1798 3750 1920 3811 ταῖς

332 3860 602 3930 πονηραῖς
645 3857 888 3927 κρίσεσιν
915 3868 930 3883 ’
966 3851 1107 3904 ὥστε
1154 3850 1305 3921 ὅρκῳ
1348 3844 1686 3917 προληφθείς
1715 3858 1800 3905 τις
1842 3843 1921 3902 εἰς

329 3950 663 4005 κακοποιίαν
693 3948 879 4019 ἐτέρου
902 3988 915 4012 ,
949 3945 1047 4016 τὴν
1078 3942 1170 3996 ἐπὶ
1204 3942 1272 4011 τῇ
1303 3936 1608 4010 προπετείᾳ
1636 3932 1729 3987 τοῦ
1755 3934 1919 4004 ὅρκου

334 4042 631 4113 μετάνοιαν
683 4036 1114 4100 ἐπιδεικνύσθω,
1178 4030 1254 4103 μὴ
1321 4029 1505 4100 μέντοι
1566 4024 1921 4095 προσχήματι

332 4133 660 4197 εὐλαϐείας,
706 4133 804 4203 τὴν
856 4129 1120 4200 πονηρίαν
1164 4122 1359 4179 ἑαυτοῦ
1411 4119 1744 4192 βεϐαιούτωο
1799 4115 1921 4170 οὐδὲ

330 4228 447 4297 γὰρ
507 4225 724 4298 Ἡρώδῃ
786 4224 1080 4293 συνέφερεν
1131 4216 1534 4288 εὐορκήσαντι;
1580 4213 1638 4275 ὃς
1690 4211 1780 4264 ἵνα
1843 4207 1918 4279 μὴ

330 4318 645 4388 ἐπιορκήσῃ
693 4316 887 4386 δῆθεν,
935 4312 1130 4382 φονεὺς
1172 4309 1395 4378 ἐγένετο
1448 4304 1545 4360 τοῦ
1597 4303 1921 4375 προφήτου·

327 4408 483 4473 ἅρπαξ
509 4407 608 4477 μὲν
633 4409 661 4460 ὁ
698 4408 856 4477 ὅρκος
887 4402 1288 4473 ἀπηγόρευται,
1321 4398 1505 4469 πολλῷ
1550 4396 1609 4449 δέ
1636 4411 1737 4447 που
1774 4391 1920 4456 εἰκὸς

324 4500 425 4553 τὸν
447 4499 540 4551 ἐπὶ
575 4497 730 4569 κακῷ
758 4497 1043 4567 γινόμενον
1069 4490 1545 4563 κατακεκρίσθαι·
1578 4488 1720 4541 ὥστε
1754 4503 1920 4557 μετα-

2045 1928 2131 1965 aa.
2168 1910 2292 1965 558.

2045 1929 2075 1964 α
2120 1950 2131 1962 .
2205 1930 2236 1963 δ
2279 1950 2292 1963 .

2008 1928 2041 1982 Ρ
2081 1928 2442 2055 asinum".
2473 2030 2544 2040 —
2575 1998 2653 2054 De
2679 1999 2833 2054 laicis
2868 2000 2958 2070 qui
2988 1997 3256 2053 adltwrent
3287 1998 3600 2070 presbyteris

2008 2095 2296 2165 segregatis
2322 2094 2399 2148 vel
2420 2094 2799 2161 schismaticis,
2824 2094 2916 2164 qui
2950 2095 3065 2147 sine
3086 2094 3450 2163 episcoporum
3473 2109 3568 2145 suo
3590 2120 3602 2131 -

2007 2202 2131 2242 rum
2163 2187 2316 2242 venia
2346 2187 2550 2241 altaria
2575 2187 2940 2242 constituunt.

2453 2377 2834 2448 Apostolorum
2863 2393 3034 2431 canon
3064 2378 3125 2432 51
3142 2418 3156 2433 .

2087 2467 2151 2525 51
2192 2465 2309 2542 [501
2338 2467 2396 2524 Si
2423 2468 2549 2539 quis
2570 2468 2855 2540 presbyter
2884 2480 3199 2539 contempto
3219 2468 3440 2540 proprio
3462 2469 3598 2539 epis-

2013 2576 2173 2633 c0po,
2204 2572 2335 2625 etc.,
2360 2572 2416 2616 ut
2449 2578 2572 2631 pag.
2599 2560 2726 2615 585.

2087 2651 2229 2723 Lege
2267 2667 2391 2722 quae
2422 2660 2683 2707 annotata
2743 2658 2874 2707 sunt
2909 2650 2964 2707 in
2998 2666 3122 2723 cap.
3156 2650 3225 2707 14
3262 2652 3347 2707 tit.
3378 2651 3433 2717 9,
3470 2667 3612 2723 pra:-

2020 2740 2194 2800 sentis
2224 2742 2427 2811 operis.

2090 2830 2248 2887 CAP.
2280 2828 2462 2887 XVI".
2493 2829 2655 2885 —De
2682 2832 2956 2902 perjuriis,
2984 2841 3030 2887 et
3053 2831 3399 2902 quandonam
3419 2832 3616 2902 jurau-

2020 2936 2095 2982 tes
2126 2927 2397 2995 contingat
2440 2941 2544 2977 non
2569 2934 2707 2977 recte
2729 2925 2940 2993 jnrare.

2290 3015 2486 3069 Basilii
2516 3032 2739 3069 canones
2773 3015 2861 3081 10,
2889 3015 2978 3079 17,
3004 3016 3097 3082 29,
3128 3015 3217 3081 64,
3246 3016 3335 3071 82.

2097 3107 2187 3163 10.
2215 3107 2316 3177 Qui
2333 3108 2522 3179 jurant
2551 3122 2612 3164 se
2640 3108 3040 3164 ordinationem
3066 3124 3176 3164 non
3209 3117 3613 3180 aceeptaturos,

1940 3191 1985 3252 C
2017 3209 2148 3267 etc.,
2174 3210 2232 3256 ut
2260 3218 2385 3273 pag.
2406 3200 2531 3256 505.

2100 3294 2187 3349 17.
2222 3292 2574 3364 Inter-rogasti
2610 3308 2712 3349 nos
2743 3292 2810 3349 de
2839 3292 3077 3350 Bianore
3109 3294 3451 3366 presbytero,
3479 3304 3613 3357 etc.,

2028 3396 2087 3442 ut
2117 3404 2239 3458 pag.
2271 3386 2397 3441 774.

2096 3482 2187 3537 29.
2214 3479 2370 3547 Quod
2396 3477 2647 3534 homines
2670 3488 2942 3549 potestate
2972 3479 3185 3551 praediti
3206 3480 3416 3551 jurant,
3448 3479 3617 3553 5.39

2032 3592 2091 3632 se
2122 3575 2264 3630 male
2310 3574 2377 3629 iis
2418 3573 2621 3644 quibus
2653 3583 2896 3644 praesunt
2932 3573 3197 3641 facturos,
3243 3574 3376 3629 illud
3414 3584 3470 3630 et
3502 3591 3620 3629 ma-

2031 3669 2179 3723 xime
2225 3674 2477 3720 curatum
2524 3672 2763 3735 oportet.
2801 3664 3008 3720 Medela
3063 3676 3245 3720 autem
3296 3682 3485 3721 eorum
3536 3676 3621 3721 est

2032 3760 2233 3830 duplex
2263 3776 2277 3813 :
2338 3774 2445 3813 una
2480 3760 2727 3828 quidem,
2771 3769 2831 3814 ut
2861 3761 3167 3816 doceantur
3194 3775 3302 3815 non
3342 3761 3503 3816 facile
3530 3761 3622 3831 ju-

2035 3868 2201 3918 rare;
2236 3852 2405 3906 altera
2440 3867 2592 3916 vero,
2626 3867 2693 3906 ne
2725 3851 2778 3906 in
2822 3853 2981 3908 malis
3016 3854 3263 3908 consiliis
3302 3854 3620 3923 persistanl.

2034 3943 2244 3998 Idcirco
2265 3943 2358 4011 qui
2385 3942 2750 4013 jurejurando
2776 3944 2842 3997 ad
2873 3946 3099 4009 alterius
3126 3945 3451 3999 maleficium
3484 3961 3623 4015 pra:—

2033 4042 2335 4104 occupatus
2369 4044 2472 4099 est,
2511 4035 2557 4089 is
2601 4049 2714 4089 suae
2749 4033 3061 4103 injurando
3093 4037 3419 4091 temeritatis
3448 4037 3622 4106 paeni-

2032 4127 2256 4182 tentiam
2294 4125 2568 4192 ostendat,
2610 4141 2721 4181 non
2772 4136 2954 4181 autem
3015 4143 3115 4198 per
3145 4142 3369 4183 causam
3400 4128 3619 4198 pietatis

2033 4217 2445 4288 improbitatem
2486 4234 2645 4273 suam
2673 4220 2986 4273 confirmet.
3019 4217 3206 4289 Neque
3240 4220 3385 4275 enim
3419 4220 3617 4275 Herodi

2028 4312 2414 4384 jusjurandum
2472 4313 2796 4369 observasse
2846 4312 3072 4383 profuit,
3108 4314 3201 4385 qui
3235 4315 3505 4382 videlicet,
3553 4332 3621 4371 ne

2037 4404 2348 4474 pejeraret,
2389 4406 2711 4476 prophetam
2752 4406 2952 4461 occidit
2995 4409 3061 4461 ²⁹.
3116 4405 3352 4462 Omnino
3397 4409 3617 4478 quidem

2028 4496 2416 4567 jusjurandum
2477 4498 2818 4568 prohibitum
2850 4506 2934 4553 est
2963 4498 3048 4556 '°:
3086 4500 3178 4553 sed
3234 4500 3405 4554 multo
3442 4501 3619 4569 magis

328 4595 554 4664 φρονεῖν
583 4593 687 4663 χρὴ
707 4591 799 4644 τὸν
824 4588 1118 4661 ὀμνύοντα,
1158 4586 1280 4656 οὐχὶ
1311 4581 1634 4647 σπουδάζειν
1671 4580 1909 4652 βεδαιοῦι

2029 4597 2462 4643 consentaneum
2488 4596 2592 4650 est,
2628 4596 2687 4642 ut
2717 4586 2863 4658 quod
2900 4589 2965 4643 ad
2995 4589 3201 4643 malum
3230 4590 3616 4657 interponitur,

329 4682 502 4739 αότοῦ
554 4683 616 4737 τὸ
674 4682 926 4735 ἀνόσιον·
988 4678 1245 4747 ἐξέτασον
1293 4676 1403 4747 γὰρ
1444 4673 1779 4743 πλατύτερον
1828 4672 1909 4741 rip

2025 4679 2450 4735 condemnetur.
2482 4678 2664 4745 Quare
2691 4681 2737 4734 is
2760 4681 2853 4750 qui
2876 4681 3101 4751 juravit,
3135 4682 3459 4735 sententiam
3499 4699 3619 4735 Inu-

328 4774 568 4829 ἀτοπίαν
591 4790 605 4805 ο
648 4772 701 4827 εί
722 4790 807 4836 τις
847 4772 1100 4843 ὀμόσειεν
1145 4767 1423 4840 ὲξορύξειν
1451 4768 1579 4828 τοὺς
1610 4763 1909 4834 ὀφθαλμοὺς

2026 4782 2142 4828 tare
2168 4772 2351 4839 debet,
2388 4787 2495 4827 non
2530 4772 2582 4827 id
2620 4773 2804 4828 studio
2836 4773 3036 4828 habere
3070 4784 3128 4828 ut
3150 4774 3430 4844 proprium
3463 4775 3620 4830 nefas

327 4866 429 4920 τοῦ
462 4866 691 4934 ἀδελφοῦ
713 4908 728 4935 ,
763 4867 809 4919 εἰ
848 4866 1013 4920 καλὸν
1039 4863 1118 4935 τῷ
1145 4862 1371 4933 τοιούτῳ
1400 4861 1479 4924 είς
1510 4859 1670 4931 ἔργον
1698 4858 1909 4926 ἀγαγεῖγ

2024 4864 2335 4921 confirmet.
2362 4864 2479 4921 Fac
2502 4866 2648 4920 enim
2673 4865 2837 4922 latius
2860 4867 3180 4923 consideres
3201 4869 3619 4923 absurditatern.

330 4960 467 5015 0.51:6
489 4977 503 4990 '
538 4960 594 5012 εἴ
622 4977 704 5024 τις
738 4944 1019 5029 φόνεῦσαι,
1047 4957 1103 5010 εἴ
1134 4974 1219 5021 τις
1249 4957 1385 5019 ὅλως
1409 4954 1477 5008 δι’
1507 4953 1670 5023 ὅρκου
1704 4950 1909 5020 ὲντολήη

2026 4955 2084 5010 Si
2121 4956 2417 5027 quisjuret
2441 4956 2772 5013 ell‘ossurum
2812 4974 2872 5014 se
2910 4959 3102 5015 oculos
3126 4958 3336 5025 fratris,
3378 4976 3445 5014 an
3480 4976 3620 5030 prae-

328 5070 456 5106 τινα
482 5052 903 5124 παραϐήσεσθαι
922 5066 938 5083 ο
965 5049 1159 5122 ὤμοσα
1187 5050 1298 5121 γὰρ
1331 5048 1427 5103 καὶ
1452 5046 1658 5117 ἕστησα
1684 5044 1804 5114 οὐχὶ
1829 5043 1909 5113 τὴς

2025 5048 2238 5105 clarum
2272 5059 2357 5105 est
2402 5050 2674 5120 ejusmodi
2719 5051 3113 5121 jusjurandum
3148 5053 3213 5106 ad
3244 5069 3382 5123 opus
3420 5054 3619 5122 perdu-

332 5144 635 5215 ἁμαρτίαν,
670 5143 808 5197 ἀλλά
845 5140 940 5196 τοῦ
974 5139 1317 5211 φυλάξασθαι
1354 5135 1426 5190 τὰ
1454 5136 1699 5207 κρίματα
1727 5136 1825 5205 τῆς
1853 5134 1909 5187 διε

2026 5140 2194 5195 rere?
2240 5140 2285 5195 si
2342 5141 2467 5211 quis
2511 5157 2571 5196 se
2620 5141 3085 5197 interfecturum?
3127 5143 3174 5197 si
3230 5145 3355 5213 quis
3394 5145 3621 5197 omnino

332 5237 633 5308 statuerim;
676 5252 805 5291 σου·
851 5236 1042 5306 ὥσπερ
1071 5235 1130 5289 δὲ
1170 5234 1270 5304 τήν
1308 5230 1531 5303 ἐντολὴν
1569 5226 1909 5299 ἀμεταθέτου

2030 5234 2350 5289 mandatum
2401 5234 2626 5304 aliquod
2679 5234 3423 5307 transgressurumHuravi
3470 5236 3617 5290 enim

332 5334 573 5403 κρίμασι
607 5333 858 5405 προσῆκε
908 5330 1264 5403 βεϐαιοῦσθαι
1285 5372 1299 5395 ,
1329 5327 1474 5383 οὕτω
1504 5327 1603 5398 τὴν
1649 5323 1909 5396 ἁμαρτία·

2027 5338 2081 5381 οι
2116 5326 2304 5389 statui,
2361 5343 2473 5382 non
2514 5336 2803 5397 peccatum
2856 5339 3097 5399 patrare,
3146 5331 3239 5384 sed
3278 5343 3501 5383 servare
3524 5328 3617 5395 ju-

332 5428 607 5490 παντοίως
635 5427 867 5497 καθήκει
897 5423 1239 5496 ἀκυροῢσθαι
1268 5422 1362 5476 καὶ
1386 5418 1769 5491 ἀφανίζεσθαι.

2029 5418 2173 5474 dieia
2219 5419 2447 5488 justitia‘.
2483 5429 2590 5475 tua:
2628 5421 2698 5477 “.
2758 5421 3232 5487 Quemadmodum
3286 5422 3433 5475 enim
3476 5435 3617 5489 pra:-

334 5529 556 5586 eeptum
600 5517 1041 5572 inmutabilibus
1072 5514 1325 5570 consiliis
1346 5511 1791 5570 confirmandum
1823 5518 1927 5574 est,
1972 5508 2044 5563 ita
2073 5520 2358 5580 peccatum
2402 5511 2633 5567 omnino
2701 5512 2981 5569 infirmare
3020 5523 3075 5568 et
3125 5511 3307 5568 delere
3333 5511 3613 5566 convenit.

407 5632 453 5663 ³⁸
506 5629 706 5685 Matth.
750 5644 864 5696 xxv,
912 5627 1000 5683 10.
1078 5627 1125 5658 ³ο
1166 5624 1358 5681 Matth.
1413 5640 1468 5687 γ,
1514 5623 1603 5677 54.
1680 5621 1722 5652 ³³
1772 5617 1909 5674 Psal.

2019 5634 2148 5684 :vnr,
2183 5617 2307 5674 106.

412 5746 527 5817 (55)
555 5747 761 5814 Graece,
819 5756 1020 5801 sancta'
1050 5742 1175 5813 ﬁdei
1201 5781 1216 5806 ,
1277 5741 1381 5797 hoc
1442 5749 1523 5795 est
1555 5777 1571 5803 ,
1644 5736 1889 5793 locorum
1963 5748 2274 5802 sacrorum,
2318 5733 2371 5789 in
2405 5733 2607 5805 quibus
2639 5735 2957 5806 religiosum
3005 5738 3211 5792 cultum
3252 5734 3437 5793 fideles
3456 5750 3614 5792 exer-

346 5830 493 5872 CCIII.
