4156 6456
670 328 764 391 931

1803 321 2067 382 ῬΙῙΟΤΙΙ
2108 318 2610 385 ΡΑΤΒΙΑΒΟΠᾸΞ
2639 328 2746 388 CP.

3820 333 3910 397 9'39

738 437 827 491 64.
871 433 1135 506 Perjut'us
1170 430 1331 489 annis
1361 433 1548 489 decem
1600 446 1706 487 non
1757 432 1862 485 erit
1902 434 2241 486 communio-

2419 434 2512 501 ξδ’.
2556 438 2615 491 'U
2644 438 2898 508 ἐπίορκος
2929 437 2990 491 ἐν
3012 438 3143 494 δέκα
3168 439 3346 495 ἐτεσιν
3371 441 3736 514 ἀκοινώνητος
3756 441 3904 509 ἔσται,

668 530 755 584 nis
787 529 1092 599 particeps:
1129 527 1289 582 annis
1325 527 1545 581 duobus
1580 523 1736 590 flens,
1776 524 1953 577 tribus
1998 524 2247 589 audiens,

667 630 906 690 quatuor
936 622 1269 683 substratus,
1294 636 1402 673 uno
1432 618 1742 672 consistens
1768 625 1977 670 tantum
2002 632 2018 682 ;
2046 624 2102 671 et
2122 624 2251 671 tunc

669 713 1059 767 communione
1079 712 1281 781 dignus
1306 709 1619 763 habebitur.

741 804 828 857 82.
869 804 926 857 Et
955 805 1020 859 de
1045 803 1297 872 perjuris,
1325 814 1452 861 etc.,
1481 810 1536 853 ut
1565 816 1684 869 pag.
1722 799 1854 854 806.

744 895 963 948 Τρωίας.
1014 894 1179 965 440
1231 892 1305 947 De
1352 893 1583 959 perjuris
1645 892 1848 946 dicitur
1912 891 1967 946 in
2011 890 2087 946 lib
2148 905 2249 956 xu,

670 988 755 1041 tit.
775 988 830 1051 2,
863 997 913 1041 et
943 987 1033 1040 lib.
1065 989 1188 1039 COll.
1220 1001 1295 1049 tv,
1322 985 1407 1038 tit.
1435 985 1454 1037 ι
1484 1000 1497 1037 :
1531 985 1708 1053 Atque
1738 984 2008 1053 generalis
2031 982 2253 1052 quidem

670 1089 853 1128 sermo
885 1074 1020 1137 vult,
1057 1089 1125 1128 ne
1162 1071 1268 1145 [in]
1312 1074 1549 1142 perjuria
1602 1073 1934 1142 inquiratur.
1971 1070 2111 1125 Sunt
2159 1080 2253 1124 ta-

671 1178 793 1216 men
844 1162 1092 1231 qnaedam
1141 1162 1505 1228 exceptiones.
1558 1159 1767 1214 Dicitur
1795 1159 1939 1214 enim
1993 1160 2087 1212 lib.
2148 1174 2250 1221 xu,

670 1251 754 1302 tit.
789 1247 844 1310 2,
881 1248 987 1318 dig.
1015 1248 1078 1301 51
1123 1269 1132 1301 ;
1164 1248 1221 1301 ln
1271 1248 1452 1302 dubiis
1481 1244 1711 1319 [causis]
1743 1247 1883 1301 solet
1927 1246 2091 1316 judex
2133 1247 2253 1315 jus-

665 1341 960 1410 jurandum
1038 1338 1270 1403 deferre,
1332 1346 1386 1392 et
1434 1338 1514 1393 sic
1578 1336 1818 1408 [deinde]
1863 1336 2127 1407 judicare.
2194 1335 2252 1389 Si

666 1432 830 1501 igitur
875 1446 941 1485 eo
972 1430 1133 1485 modo
1168 1430 1564 1485 condemnatus
1593 1471 1607 1495 ,
1641 1428 1988 1498 postmodum
2026 1425 2132 1498 [se]
2164 1426 2254 1479 in-

667 1532 975 1580 strumenta
1024 1522 1298 1576 invenisse
1352 1522 1518 1584 dicat,
1562 1520 1737 1589 iisque
1787 1519 1921 1573 solis
1973 1519 2051 1571 uti
2100 1518 2251 1583 velit,

665 1637 732 1675 ex
766 1620 976 1690 integro
1002 1632 1223 1673 causam
1251 1616 1384 1687 agit.
1431 1614 1585 1681 Quod
1616 1615 1664 1670 si
1697 1614 2045 1669 adversarius
2073 1612 2255 1682 jusju-

664 1713 900 1765 randum
946 1709 1178 1771 deferat,
1209 1722 1318 1761 non
1349 1715 1680 1761 retractatur
1710 1705 2107 1760 controversia.

741 1801 958 1855 Textus.
1008 1800 1105 1855 Est
1134 1810 1313 1854 tamen
1346 1798 1439 1853 lib.
1476 1814 1552 1865 tv,
1578 1798 1700 1853 cod.
1740 1797 1823 1851 tit.
1858 1798 1911 1862 1,
1949 1802 2129 1851 const.
2158 1794 2247 1861 l5,
2285 1784 2329 1841 Β

663 1895 934 1959 invenire,
966 1892 1348 1963 jusjurandum
1378 1890 1655 1946 deferente
1685 1889 1999 1945 adversario
2028 1886 2244 1960 praesti-

665 1997 783 2042 tum
818 1985 1125 2041 retractari.
1170 1984 1261 2039 Ait
1293 1984 1482 2038 enim:
1524 1981 1580 2037 Si
1629 1982 1720 2053 qui
1771 1981 2008 2054 legatum
2054 1981 2242 2053 exige-

662 2089 767 2143 ret,
812 2095 937 2133 cum
968 2086 1350 2133 testamentum
1396 2092 1505 2130 non
1540 2083 1846 2146 appareret,
1890 2074 2102 2128 hatrede
2148 2074 2243 2129 de-

664 2172 896 2237 ferente,
954 2171 1140 2225 deberi
1194 2169 1298 2224 sibi
1353 2170 1581 2239 juravit,
1636 2177 1690 2222 et
1744 2166 2072 2236 acceperit:
2128 2164 2238 2237 [ac]

662 2276 793 2316 vero
819 2259 1163 2328 postmodum
1206 2257 1452 2330 [invento
1498 2254 1845 2325 testamento]
1889 2255 2025 2310 nihil
2070 2255 2120 2311 ei
2146 2255 2239 2309 de-

665 2350 911 2405 relictum
949 2348 1120 2402 fuisse
1151 2362 1167 2400 :
1209 2355 1302 2401 aut
1335 2346 1655 2400 derelictum
1700 2346 1944 2416 quidem,
1975 2346 2071 2401 sed
2108 2359 2239 2415 pro-

664 2452 785 2512 pter
821 2439 1119 2494 Falcidiam
1156 2453 1266 2493 non
1302 2445 1477 2492 totum
1518 2450 1713 2507 capere
1743 2436 2019 2504 debuisse,
2053 2436 2240 2506 depre-

664 2537 894 2588 hensum
926 2529 1113 2594 fuerit=
1145 2529 1336 2583 reddit.

739 2623 956 2678 Τρωίας.
988 2622 1120 2676 ltem
1154 2635 1275 2689 quae
1322 2620 1389 2674 de
1427 2617 1705 2689 judicialis
1745 2616 2104 2687 jurisjurandi
2133 2631 2239 2687 pu-

662 2714 825 2769 ritate
873 2721 1073 2767 tractat
1103 2710 1331 2765 Novella
1367 2710 1471 2764 124
1516 2709 1866 2774 retractandi,
1912 2708 2025 2764 sive
2065 2706 2239 2778 jurati

660 2806 1006 2861 mendacium
1066 2803 1331 2874 arguendi
1384 2811 1704 2873 potestatem
1775 2800 1923 2856 facit.
1981 2801 2125 2867 Quin
2183 2807 2239 2854 et

658 2899 753 2953 lil).
778 2913 876 2962 ιιι,
896 2896 979 2953 tit.
994 2896 1052 2960 2,
1070 2896 1263 2969 digest.
1282 2896 1369 2960 l5,
1388 2894 1588 2949 dicitur
1612 2911 1625 2948 :
1647 2893 1819 2959 Quiin
1846 2908 1904 2946 re
1924 2890 2237 2963 pecuniaria

660 2988 768 3061 [se]
821 3005 930 3045 non
985 2990 1206 3056 debere,
1236 2996 1331 3042 aut
1383 2986 1510 3058 [sibi
1520 2984 1538 3060 j
1574 2986 1758 3041 deberi
1803 3001 1899 3055 per
1931 2984 2235 3055 principem

652 3085 939 3155 juraverit,
991 3092 1045 3138 et
1088 3083 1227 3137 forte
1272 3079 1640 3152 pejeraverit:
1700 3078 1784 3132 vel
1842 3078 1981 3133 intra
2031 3087 2232 3133 statum

660 3145 875 3247 iempus
904 3145 1011 3247 [se]
1050 3145 1488 3243 daturum.v[nec
1536 3168 1748 3241 fecerit]
1781 3188 1795 3225 :
1834 3168 2142 3241 fastigatur.
2178 3168 2244 3224 Et
2274 3145 2317 3205 ο

660 3271 756 3325 lib.
789 3284 829 3325 ιι
862 3269 988 3324 cod.
1025 3267 1110 3322 tit.
1136 3267 1191 3331 ιι,
1214 3274 1394 3321 const.
1424 3265 1514 3320 4|.
1540 3263 1644 3330 Qui
1678 3264 1855 3334 major
1873 3265 2034 3319 annis
2060 3273 2240 3318 trans-

658 3363 957 3427 actionem,
993 3375 1089 3430 per
1121 3358 1289 3413 Deum
1317 3366 1408 3411 aut
1442 3355 1743 3427 principem
1791 3357 2034 3426 jurando
2067 3356 2235 3411 libera

660 3458 939 3511 voluntate
980 3450 1309 3517 confectam,
1368 3449 1671 3521 principem
1729 3449 1817 3505 vel
1877 3449 2234 3519 magistratus

659 3545 1071 3617 interpellando.
1126 3553 1222 3599 aut
1276 3559 1399 3613 qua:
1448 3542 1754 3612 placuerint
1810 3555 1921 3597 non
1982 3538 2234 3597 faciendo

660 3635 1065 3705 transgreditur
1099 3651 1112 3688 :
1146 3632 1372 3687 infamia
1416 3640 1661 3699 notatur,
1702 3639 1757 3687 et
1786 3632 2001 3687 actione
2057 3632 2236 3702 iisque

658 3742 783 3796 quae
811 3743 876 3781 ex
908 3725 1278 3781 transactione
1304 3724 1614 3778 lucraturus
1646 3730 1785 3788 erat,
1818 3722 2037 3789 excidit,
2067 3730 2232 3792 atque

660 3816 932 3890 [insuper]
987 3817 1343 3872 constitutam
1396 3829 1613 3885 ptenam
1661 3814 1775 3869 dat.
1834 3812 1959 3885 [Qui
2004 3830 2138 3869 vero
2176 3815 2231 3869 in

658 3909 856 3981 pactis]
889 3908 1245 3978 perstiterint,
1293 3905 1451 3979 44],
1489 3906 1671 3960 omnia
1710 3907 1955 3976 capiunt.
1996 3904 2063 3959 Et
2098 3920 2234 3961 con-

657 4004 775 4057 stit.
832 4000 1040 4058 42:Si
1094 4016 1159 4055 ex
1227 3999 1381 4055 falsis
1443 3999 1820 4055 instrumentis
1869 4007 2087 4069 pactum
2139 4006 2234 4053 aut

658 4096 961 4150 transactio
1000 4094 1132 4149 inita
1180 4091 1365 4158 fuerit,
1406 4092 1662 4162 quamvis
1706 4091 2094 4162 jusjurandum
2134 4091 2232 4147 ad-

656 4188 886 4242 liibitum
904 4188 1000 4254 sit,
1018 4184 1281 4242 evertitur
1320 4183 1575 4257 [tamen],
1601 4185 1815 4240 etiamsi
1854 4185 2082 4240 civiliter
2130 4183 2231 4239 fal-

653 4292 773 4332 sum
825 4277 1208 4347 investigatum
1243 4275 1345 4330 sit:
1398 4274 1506 4329 nisi
1543 4275 1610 4331 de
1660 4291 1725 4331 eo
1782 4277 1901 4346 ipso
1928 4276 2230 4331 transactio

652 4371 794 4427 facta
831 4370 1018 4427 fuerit.

2349 527 2499 579 δυσὶν
2528 528 2674 581 ἔτεσι
2698 528 3063 598 προσκλαίων,
3094 531 3273 601 τρισὶν
3297 532 3675 602 ἀκροώμενος,
3702 533 3886 603 τέσσαρ

2352 634 2435 671 σιν
2477 619 2800 673 ὑποπίπτων
2821 636 2834 650 ·
2872 621 3119 675 ἐνιαυτὸν
3154 622 3424 686 συνεστὼς
3456 624 3660 695 μόνον,
3695 627 3784 679 καὶ
3810 628 3913 680 τότε

2348 710 2448 779 τῆς
2474 710 2761 774 κοινωνίας
2790 710 3135 782 ἀξιούμενος.

2425 799 2537 868 πβ’.
2573 802 2682 855 Καὶ
2715 803 2845 872 περὶ
2875 802 2985 857 τῶν
3016 804 3462 875 ἐπιορκησάντων
3484 844 3502 868 ,
3535 822 3594 858 κ.
3625 821 3680 862 τ.
3711 804 3761 858 λ.

2422 895 2559 966 Περὶ
2583 894 2859 966 ἐπιόρκων
2890 895 3106 970 εῐρηται
3132 896 3275 968 βιϐλ.
3315 897 3404 969 ιβ’,
3428 898 3537 951 τίτ.
3573 893 3646 966 β’,
3672 898 3762 949 καὶ
3791 896 3907 967 βιϐλ.

2350 986 2415 1053 δ’,
2446 989 2550 1042 τίτ.
2592 987 2638 1041 α’
2664 1004 2678 1017 ·
2732 989 2831 1042 κα)⁸
2870 990 2899 1042 6
2937 991 3034 1060 μὲν
3080 990 3297 1059 γενικὸς
3352 991 3508 1059 λόγος
3550 990 3799 1060 βούλεται
3849 992 3909 1061 μὴ

2352 1075 2632 1146 ζητεῖσθαι
2662 1080 2792 1149 περὶ
2820 1078 3107 1149 ἐπιορκίας
3131 1095 3146 1109 υ
3179 1079 3287 1132 εἰσὶ
3324 1080 3380 1132 δέ
3414 1097 3564 1143 τινες
3604 1080 3905 1149 ἐξαιρέσεις’

2352 1170 2571 1241 εἴρηται
2608 1170 2716 1239 γὰρ
2746 1170 2888 1239 βιϐλ.
2923 1166 3015 1239 ιβ’,
3047 1169 3153 1225 τίτ.
3199 1169 3266 1241 β’,
3300 1171 3438 1224 διάτ.
3473 1168 3582 1235 λα’,
3618 1173 3700 1224 ὅτι
3726 1173 3779 1224 ἐν
3818 1174 3908 1234 τοῖς

2352 1262 2673 1331 ἀμφιϐόλοις
2712 1262 2901 1315 είωθεν
2935 1264 2963 1314 ὀ
3000 1261 3258 1331 δικαστὴς
3291 1263 3580 1333 ἐπιερέρειν
3613 1264 3771 1332 ὅρκον
3792 1304 3804 1328 ,
3833 1267 3907 1318 καὶ

2352 1354 2497 1406 οὕτω
2527 1353 2862 1424 ψηφίζεσθαι
2885 1370 2901 1385 ·
2958 1352 3055 1406 ἐὰν
3087 1347 3179 1406 οὖν
3223 1353 3253 1404 6
3284 1352 3427 1407 οὕτω
3472 1354 3904 1421 καταδικασθεὶς,

2352 1443 2643 1515 εὑρηκέναι
2691 1442 2830 1513 μετά
2869 1442 3045 1497 ταῦτα
3090 1441 3435 1512 δικαιώματα
3475 1443 3658 1515 λέγῃ,
3706 1444 3793 1497 καὶ
3832 1445 3907 1513 μό-

2354 1553 2466 1596 νοις
2513 1537 2698 1599 αὺτοῖς
2737 1535 2865 1607 θέλῃ
2905 1536 3237 1607 χρήσασθαι,
3284 1534 3494 1588 ἀνωθεν
3524 1536 3706 1587 κινεῖο
3744 1536 3788 1586 εἰ
3813 1534 3905 1588 δὲό

2355 1626 2626 1690 ἀντίδικος
2664 1626 2829 1681 αὑτοῦ
2873 1628 3070 1696 ἐπάγει
3098 1628 3189 1682 τὸν
3230 1630 3392 1699 ὅρκον
3411 1665 3426 1692 ,
3453 1626 3558 1679 οὐκ
3584 1625 3905 1696 ἀναψιμαφᾶ·

2358 1735 2447 1771 ται
2476 1720 2509 1787 ή
2541 1718 2820 1782 ὑπόθεσις.

2434 1811 2590 1866 Ἔστι
2615 1813 2671 1867 δὲ
2703 1813 2882 1883 εὑρεῖν
2919 1811 3061 1884 βιϐλ.
3090 1810 3134 1866 δ’
3158 1809 3252 1865 τοῦ
3281 1810 3411 1865 κὼδ.
3438 1809 3551 1865 τίτ.
3586 1827 3622 1863 α
3642 1849 3657 1874 ,
3679 1808 3807 1864 διάτ.
3834 1825 3902 1875 ιγ,

2357 1902 2451 1958 καὶ
2475 1905 2637 1977 ὅρκον
2669 1905 2936 1977 ὁμοθέντα
2965 1906 3024 1971 ἐξ
3051 1904 3348 1974 ἐπαγωγῆς
3370 1902 3464 1958 τοῦ
3497 1902 3766 1956 ἀντιδίκου
3798 1903 3899 1954 ἀνα-

2356 1996 2758 2068 ψηλαφώμενον
2778 2013 2793 2028 '
2826 1997 2960 2068 φησι
2990 1998 3119 2068 γὰρ,
3145 1997 3229 2049 ὅτι
3300 1996 3424 2049 Ἐάν
3457 1997 3488 2049 6
3516 1995 3749 2064 ληγάτον
3772 1994 3900 2045 ἀπαι-

2356 2091 2499 2155 τῶν,
2537 2094 2638 2162 τῆς
2680 2091 2946 2162 διαθήκης
2988 2092 3064 2162 μὴ
3116 2090 3488 2160 φαινομένης,
3531 2090 3592 2156 ἐξ
3643 2087 3897 2155 ἐπαγωγῆς

2354 2183 2449 2237 τοῦ
2492 2184 2830 2254 κληρονόμου
2870 2185 3044 2256 ὀμόσῃ
3100 2180 3551 2255 κεχρεωστῆσθαι
3578 2221 3591 2245 ,
3624 2181 3715 2233 καὶ
3757 2179 3897 2247 λάϐῃ,

2359 2278 2497 2348 μετὰ
2543 2277 2717 2331 ταῦτα
2760 2277 2817 2329 δὲ
2857 2276 3057 2347 εὐρεθῇ
3103 2276 3177 2347 μὴ
3225 2275 3734 2345 κεχρεωστημένος,
3765 2273 3795 2341 ἢ
3823 2288 3895 2323 κε-

2354 2369 2771 2438 χρεωστημένος
2823 2369 2920 2439 μὲν
2945 2408 2960 2433 ,
2997 2369 3071 2438 μὴ
3104 2366 3333 2436 ὀφείλων
3361 2365 3419 2420 δὲ
3469 2366 3534 2419 τὸ
3572 2366 3678 2418 πᾶν
3716 2364 3894 2427 λαϐεῖν,

2355 2460 2443 2516 διὰ
2465 2461 2556 2515 τὸν
2583 2460 2863 2515 Φαλκίδιον
2888 2460 3230 2514 ἀναδίδωσιν.

2431 2647 2496 2700 Ἦ
2523 2648 2581 2700 δὲ
2602 2646 2730 2717 περὶ
2753 2645 2852 2716 τῆς
2880 2644 3252 2715 καθαρότητος
3275 2641 3385 2696 τῶν
3415 2642 3601 2713 ὅρκων
3633 2639 3735 2693 τῶν
3759 2635 3890 2694 δικῶν

2354 2739 2797 2810 διαλαμϐάνουσα
2826 2736 2905 2809 ρκ’
2935 2737 3143 2809 Νεαρά,
3173 2736 3388 2789 δίδωσιν
3420 2734 3610 2789 ἄδειαν
3632 2732 3770 2793 ἐντὸς
3792 2745 3888 2780 τεσ-

2356 2830 2542 2899 σάρων
2579 2828 2765 2900 μηνῶν
2804 2825 3284 2903 ἀναψηλαφᾶσθαι,
3330 2824 3502 2894 ἤγουν
3531 2817 3888 2891 ἐλέγχεσθαιτὸ

2352 2921 2547 2992 ψεῦδος
2577 2919 2673 2973 τοῦ
2709 2919 3006 2991 ὀμόσαντος
3032 2934 3048 2951 ο
3078 2918 3293 2988 εἴρηται
3316 2916 3373 2970 δὲ
3405 2917 3505 2969 καὶ
3536 2914 3676 2987 βιϐλ.
3708 2910 3784 2981 ιβ’,
3804 2909 3885 2963 τίς.

2354 3011 2420 3081 β’,
2475 3013 2615 3066 διάτ.
2651 3010 2740 3079 ιγ’,
2774 3012 2855 3065 ὅτι
2891 3013 2921 3065 6
2959 3011 3053 3064 ἐπὶ
3085 3012 3328 3083 χρήμασι
3358 3008 3505 3062 κατά
3533 3005 3627 3061 τοῦ
3670 3002 3889 3075 βασιλέως

2353 3106 2580 3175 ὀμόσας,
2632 3105 2726 3158 καὶ
2755 3104 3091 3176 ἐπιορκήσας
3128 3102 3309 3173 τυχὸν,
3347 3102 3432 3155 ὅτι
3476 3100 3537 3154 οὐ
3577 3090 3885 3169 χρεωστεῖ,ῆ

2352 3200 2432 3252 ὅτι
2462 3199 2748 3269 χρεωστεῖ,
2780 3197 2813 3267 ἦ
2843 3197 2924 3249 ὅτι
2952 3195 3165 3249 δίδωσιν
3195 3195 3327 3247 εἴσω
3364 3192 3723 3265 προθεσμίας,
3749 3189 3884 3269 ροπατ

2347 3265 2577 3353 ualeat-
2608 3291 2665 3343 ἐν
2690 3289 2746 3342 δὲ
2773 3265 2850 3359 τῷ
2878 3288 2921 3359 βο
2953 3287 3090 3358 βιϐλ.
3120 3287 3213 3341 τοῦ
3248 3286 3408 3351 ante,
3433 3285 3542 3339 τίτ.
3572 3281 3641 3349 α’,
3664 3265 3880 3342 emend

2351 3383 2535 3453 φησιν,
2579 3382 2661 3435 δτι
2688 3383 2718 3435 6
2761 3381 2967 3444 τέλειος
2995 3380 3095 3449 τὴν
3124 3378 3267 3432 κατὰ
3298 3377 3389 3431 τοῦ
3417 3375 3611 3447 Θεοῦῆ
3645 3369 3731 3425 τοῦ
3764 3368 3884 3438 βασι-

2348 3475 2485 3540 λέως
2519 3475 2808 3545 ἐνωμότως
2862 3472 3031 3545 χωρὶς
3059 3473 3305 3543 ἀνάγκης
3336 3470 3535 3542 γενομὲ
3550 3485 3638 3537 δην
3668 3461 3781 3533 παρ’
3809 3456 3884 3510 αὖ·

2346 3566 2440 3621 τοῦ
2491 3567 2732 3621 διάλυσιν
2773 3563 3150 3636 παραϐαίνων,
3184 3564 3241 3615 ὲν
3271 3560 3348 3631 τῷ
3386 3557 3669 3631 προσιέναι
3716 3545 3884 3621 βασιλεῖ

2346 3660 2378 3730 ἢ
2411 3660 2692 3730 ἄρχουσιν,
2724 3660 2758 3730 ἢ
2803 3657 2879 3729 μὴ
2909 3659 3081 3711 ποιεῖν
3105 3655 3173 3709 τά
3205 3654 3460 3721 δόξαντα,
3493 3648 3783 3721 ἀτιμοῦται,
3808 3636 3883 3692 καὶ

2343 3753 2442 3821 τῆς
2484 3731 2711 3821 ἀγωγῆς
2760 3750 3040 3813 ἐκπίπτει,
3072 3748 3167 3801 καὶ
3202 3740 3276 3806 ὧν
3322 3746 3553 3816 ἔμελλεν
3582 3745 3643 3795 ὲκ
3670 3740 3758 3807 τῆς
3787 3734 3880 3785 δια-

2346 3837 2556 3903 λύσεως
2581 3836 2905 3909 κερδαίνειν,
2932 3838 3023 3891 καὶ
3050 3837 3234 3890 δίδωσι
3257 3836 3355 3906 τὴν
3378 3834 3684 3905 ὁρισθεῖσαν
3704 3822 3879 3909 ποινὴν,

2343 3929 2439 3981 καὶ
2466 3908 3040 3999 πάνταίλαμϐάνουσιν
3059 3928 3107 3981 οί
3132 3927 3463 3997 ἐμμένοντες
3483 3943 3498 3959 ο
3524 3924 3614 3977 καὶ
3638 3919 3763 3973 διάτ.
3787 3908 3875 3984 μβὀ

2340 4020 2423 4075 ὃτι
2462 4022 2557 4075 ἐὰν
2605 4021 2714 4076 ἀπὸ
2746 4019 2995 4074 πλαστῶν
3025 4020 3434 4091 δικαιωμάτων,
3490 4018 3689 4069 πάκτον
3727 4004 3877 4077 ῆδιά·

2340 4113 2495 4177 λυσις
2527 4114 2774 4184 γένηται,
2809 4112 2903 4166 καὶ
2932 4114 3092 4182 ὅρκον
3120 4111 3235 4182 ἔχει
3268 4110 3645 4181 προκείμενον,
3675 4093 3873 4165 ἀνατρέ·

2342 4222 2527 4270 πεται,
2579 4206 2627 4257 εί
2680 4206 2775 4259 καὶ
2809 4203 3167 4275 χρηματικῶς
3207 4202 3449 4273 ἐζητήθη
3479 4200 3540 4254 τὸ
3570 4191 3804 4250 πλαστὸν,
3829 4186 3875 4253 ⁸εἰ

2343 4296 2419 4369 μὴ
2450 4298 2544 4351 καὶ
2575 4296 2662 4350 ἐπ’
2685 4296 2835 4367 αὐτῷ
2861 4296 3051 4367 γέγονε
3085 4294 3348 4359 διάλυσις.

724 4477 941 4535 Textus.
974 4477 1041 4534 Et
1079 4478 1174 4535 lib.
1211 4494 1285 4545 tv,
1312 4479 1435 4534 cod.
1475 4478 1559 4534 tit.
1592 4479 1642 4545 l,
1672 4489 1848 4535 const.
1874 4481 1909 4533 2
1939 4498 1953 4534 :
1991 4478 2229 4536 Tametsi

2409 4483 2520 4538 Kal.
2548 4482 2687 4553 βιϐλ.
2720 4480 2763 4536 δ’
2799 4481 2895 4535 τοῦ
2926 4479 3080 4547 κώδ.,
3110 4480 3215 4536 τίτ.
3248 4478 3319 4545 α’,
3347 4480 3489 4536 διάτ.
3522 4477 3586 4550 β’,
3610 4478 3687 4530 ὅτι
3717 4474 3759 4526 εί
3798 4466 3871 4521 καὶ

649 4589 747 4642 per
775 4578 1007 4628 salutem
1034 4573 1297 4643 principis
1328 4573 1507 4628 calore
1532 4571 1817 4645 [quodam]
1853 4574 1981 4643 quis
2002 4574 2229 4643 juratus

2351 4576 2476 4630 ιατὰ
2507 4574 2606 4644 τῆς
2644 4574 2922 4646 ,σωτηρίας
2965 4573 3059 4627 τοῦ
3103 4574 3367 4644 βασιλέως
3419 4576 3559 4628 κατά
3599 4558 3869 4639 θερμότητά

652 4662 929 4733 pejerarit,
990 4678 1097 4718 non
1152 4666 1396 4733 punitur,
1424 4678 1602 4732 neque
1656 4664 1961 4733 majestatis
2002 4665 2232 4721 crimine

651 4764 886 4810 tenetur.
934 4755 1123 4820 Et,lib.
1154 4758 1276 4812 cod.
1319 4774 1398 4820 ιχ,
1425 4757 1506 4811 tit.
1539 4756 1592 4822 8,
1622 4767 1798 4813 const.
1825 4758 1880 4812 2.
1916 4756 2035 4830 [Se]
2086 4773 2232 4813 sem-

652 4860 750 4911 per
782 4861 940 4901 servo
971 4862 1071 4901 suo
1110 4846 1308 4901 iratum
1359 4848 1474 4902 fore
1501 4847 1743 4917 juratus,
1787 4847 1832 4903 si
1866 4848 2003 4902 iram
2039 4848 2231 4903 remit-

651 4943 750 5000 tat,
802 4935 1105 5005 majestatis
1163 4935 1394 4991 crimine
1444 4952 1553 4990 non
1614 4943 1849 4991 tenetur.
1907 4936 2045 4992 Dicit
2099 4952 2230 4993 vero

648 5026 812 5080 etiam
842 5026 937 5080 lib.
974 5042 1036 5091 ll,
1072 5026 1157 5081 tit.
1184 5026 1270 5093 l4,
1294 5028 1486 5098 digest.
1523 5027 1591 5082 7:
1627 5028 1904 5084 Adversus
1936 5044 2230 5084 commune

645 5117 735 5185 jus
773 5117 976 5188 pacisci
1013 5127 1107 5173 aut
1156 5118 1337 5186 legare
1372 5135 1478 5172 non
1531 5118 1677 5173 licet.
1722 5118 1785 5173 Et
1818 5119 1864 5175 si
1893 5119 2020 5189 quis
2044 5121 2112 5175 de
2143 5120 2228 5176 bis

652 5207 757 5280 [Se]
817 5223 925 5263 non
957 5218 1205 5263 acturum
1235 5209 1455 5278 jurarit,
1508 5226 1614 5265 non
1644 5220 1729 5266 est
1779 5222 1980 5266 ratum.
2037 5212 2224 5275 Plane,

650 5298 727 5351 De
765 5296 1018 5364 scenicis,
1057 5296 1280 5353 Novella
1310 5300 1399 5363 5t,
1426 5299 1523 5362 ait,
1554 5302 1698 5371 quod
1727 5304 1976 5366 scenicae,
2010 5305 2224 5358 tametsi

649 5405 706 5443 se
740 5404 1020 5459 nunquam
1043 5406 1072 5444 a
1104 5390 1465 5448 fornicatione
1496 5394 1792 5450 destituras
1833 5396 2095 5462 jurarint,
2128 5397 2222 5469 [ab

648 5478 733 5551 ea]
764 5480 1040 5545 recedant,
1083 5483 1304 5552 perjurii
1360 5500 1548 5553 [iunias
1602 5502 1710 5540 non
1744 5489 2013 5542 veriturae.
2048 5488 2123 5542 Ἐι
2170 5490 2223 5543 in

646 5571 848 5640 regulae
874 5573 1092 5626 modum
1123 5575 1292 5638 addit,
1325 5576 1375 5628 in
1415 5576 1622 5651 [rebus]
1671 5581 1916 5652 turpibus
1943 5581 2225 5652 jusjuran-

646 5659 778 5716 dum
811 5664 1022 5719 servarl
1070 5680 1177 5722 non
1205 5676 1477 5735 Oportcre.

2330 4686 2416 4732 τις
2444 4668 2651 4739 ὀμόσας
2690 4668 3034 4738 ἐπιορκήσει,
3068 4668 3129 4720 οὺ
3175 4666 3555 4737 βασανίζεται,
3610 4659 3723 4713 οὔτε
3763 4650 3870 4706 καθ·

2331 4759 2549 4813 οσιώσει
2572 4760 2880 4814 ὑπόκειταιο
2907 4760 2999 4814 καὶ
3030 4759 3172 4829 βιϐλ.
3193 4758 3339 4812 θ’τοῦ
3364 4758 3518 4822 κὼδ..
3542 4754 3642 4806 τίτ.
3665 4756 3729 4819 η’,
3753 4743 3865 4797 διάτ-

2333 4851 2399 4923 β’,
2435 4854 2517 4907 ὅτι
2557 4854 2586 4905 6
2615 4852 2704 4904 διὰ
2732 4852 2935 4915 παντὸς
2967 4851 3284 4921 ὀργίζεσθαι
3331 4850 3409 4922 τῷ
3439 4851 3554 4919 ἰδίῳ
3576 4842 3732 4908 δούλῳ
3764 4834 3867 4903 ὀμό-

2331 4961 2431 5007 σας
2459 4984 2475 5009 ,
2532 4944 2631 5013 οὐχ
2706 4943 2990 4997 ὑπόκειται
3038 4942 3363 4997 καθοσιώσει
3416 4938 3751 5006 παυσάμενος
3786 4923 3864 4990 τῆς

2328 5036 2497 5107 ὀργῆς
2522 5051 2536 5065 ο
2573 5034 2723 5102 λέγει
2752 5035 2810 5088 δὲ
2849 5037 2940 5087 καὶ
2972 5034 3112 5105 βιϐλ.
3150 5033 3216 5105 β’,
3251 5035 3356 5089 τίτ.
3412 5032 3490 5097 ιδ’,
3546 5028 3679 5083 διὰτ.
3712 5018 3769 5084 ζ’,
3799 5017 3863 5068 δτι

2330 5128 2482 5198 παρά
2512 5126 2582 5180 τά
2609 5126 2766 5180 κοινά
2808 5127 3017 5198 νόμιμα
3050 5126 3344 5180 πακτεύειν
3385 5126 3418 5198 ἢ
3457 5117 3758 5193 ληγατεύειν
3782 5107 3859 5161 οὐκ

2326 5218 2505 5286 ἔξεστι
2531 5238 2546 5251 ·
2576 5223 2671 5274 καὶ
2703 5220 2799 5275 ἐάν
2827 5237 2911 5283 τις
2943 5220 3036 5273 ἐπὶ
3073 5217 3287 5283 τούτοις
3329 5218 3503 5290 ὀμόσῃ
3541 5213 3613 5286 μὴ
3647 5206 3856 5290 ἐνάγειν,

2327 5282 2427 5365 οθκ
2484 5312 2723 5384 ἐῤῥωται
2751 5329 2764 5343 ·
2815 5313 2850 5380 ἡ
2890 5282 2948 5363 δὲ
2984 5308 3245 5381 περὶτῶν
3284 5282 3554 5379 σκηνικῶν
3585 5296 3675 5374 μς¹
3701 5282 3855 5356 Νεαίρά

2328 5403 2512 5473 φησὶν,
2545 5405 2627 5456 ὅτι
2682 5403 2747 5455 Al
2781 5405 3036 5471 σκηνικαὶ
3072 5400 3174 5453 κᾶν
3207 5400 3476 5469 ὀμόσωσιν
3512 5396 3584 5457 ῶς
3631 5389 3718 5443 οὑκ
3746 5383 3855 5434 ἀπο·

2329 5496 2618 5564 στήσονται
2645 5494 2744 5563 τῆς
2772 5494 3058 5562 πορνείας,
3086 5491 3447 5562 ἀναχωροῦσι,
3480 5488 3550 5558 μὴ
3571 5474 3851 5552 φοϐούμεναι

2325 5586 2425 5656 τὴν
2464 5587 2527 5637 ἐκ
2566 5587 2664 5654 τῆς
2698 5586 2980 5654 ἐπιορκίας
3017 5586 3206 5653 ποινήν
3230 5602 3242 5613 ·
3274 5585 3368 5637 καὶ
3400 5571 3679 5635 κανονικῶς
3712 5571 3850 5632 πρ⁰σ“

2326 5676 2577 5745 τίθησιν,
2609 5679 2690 5731 ὅτι
2731 5678 2824 5731 ἐπί
2867 5680 2977 5741 τοῖς
3009 5678 3257 5748 αἰσχροῖς
3294 5675 3355 5728 οὐ
3386 5674 3466 5730 δεῖ
3483 5670 3568 5728 τὸν
3602 5666 3743 5734 ὅρκον
3765 5664 3844 5717 φιν

2328 5770 2560 5823 λάττειν.
