4156 6506
440 394 549 457 933

1121 387 1525 450 SYNTAGMA
1558 384 1948 450 CANONUM.
1978 414 2045 423 -
2073 386 2221 449 TIT.
2262 388 2436 464 XIII,
2479 389 2636 450 CAP.
2685 391 2850 467 XIX,
2891 392 3020 455 XX.

3616 395 3724 460 934

511 504 758 557 ΚΕΦΛΛ.
796 501 898 557 ΙΘ’.
937 530 1004 541 --
1026 503 1167 570 Περὶ
1210 500 1328 555 τῶν
1361 503 1706 572 ὀμνυόντων
1740 504 2014 572 Ἑλληνι-

2193 501 2350 559 CAP.
2400 502 2541 557 XIX.
2590 533 2628 543 -
2677 504 2750 557 De
2792 505 2860 559 iis
2902 508 2991 575 qui
3034 506 3417 575 jusjurandum
3462 517 3511 562 et
3565 509 3726 564 helle-

430 599 582 663 θεοὺς
609 598 847 666 ὅρκους.

576 687 849 742 Συνόδου
876 685 1300 755 οἱκουμενικῆς
1325 685 1509 753 ἕκτης
1537 686 1740 740 κανὼν
1774 692 1871 756 1.,δν.

506 779 606 848 ιδ’.
654 782 793 842 Τοὺς
829 778 1132 849 ὀμνύοντας
1162 780 1360 849 ὅρκους
1400 777 1744 850 Ἑλληνικοὺς
1784 781 1811 833 ὁ
1841 780 2024 835 κανὼν

434 871 728 940 ἐπιτιμίοις
759 869 1166 924 καθυποὸάλλει
1188 886 1201 899 ·
1233 868 1357 925 ὅθεν
1380 871 1475 923 καὶ
1513 871 1673 941 ἡμεῖς
1695 869 1904 936 τούτοις
1929 871 2022 925 τὸν

435 963 738 1034 ἀφορισμδν
772 962 1048 1034 ὁρίζομεν.

864 1058 1188 1113 Βασιλείαν
1227 1057 1432 1113 κανὼν
1463 1064 1576 1111 πα’.

507 1159 618 1207 πα’.
668 1151 889 1221 Ἐπειδὴ
919 1150 977 1203 δὲ
1016 1150 1200 1203 πολλοὶ
1244 1152 1302 1204 ὲν
1335 1153 1401 1221 τῇ
1434 1151 1542 1203 τῶν
1575 1147 1874 1221 Βαρόάρων
1913 1165 2019 1201 κα-

434 1246 701 1315 ταδρομῇ,
734 1262 787 1298 κ.
820 1262 873 1297 τ.
904 1243 957 1298 λ.

518 1338 605 1389 Ἐν
636 1336 714 1406 τῷ
740 1336 777 1389 ε’
812 1336 1027 1404 διατάγ.
1062 1333 1157 1388 τοῦ
1202 1334 1245 1405 β’
1270 1333 1375 1389 τίτ.
1408 1334 1501 1387 τοῦ
1545 1331 1609 1404 ιβ’
1652 1334 1793 1405 βιϐλ.
1829 1336 2016 1407 φησὶν,

430 1430 512 1481 ὅτι
539 1429 719 1492 καλῶς
745 1429 992 1498 ἐπιφὲρω
1031 1444 1113 1480 σοι
1145 1427 1287 1479 κατὰ
1323 1428 1420 1495 τῆς
1457 1427 1732 1498 σωτηρίας
1767 1446 1859 1481 σου
1889 1430 2019 1498 ὀμό-

430 1534 554 1572 σαι·
595 1521 702 1578 πᾶς
741 1518 852 1589 γὰρ
884 1518 1104 1588 θεμιτδς
1156 1519 1316 1588 ὅρκος
1361 1519 1420 1584 ἐξ
1463 1518 1763 1588 ἐπαγωγῆς
1802 1520 2019 1590 ὀμοθεὶς

431 1610 781 1679 φυλάττεται,
824 1610 920 1663 καὶ
953 1609 1011 1662 ὃν
1050 1627 1135 1673 τις
1172 1608 1362 1679 ὀμόσει
1407 1610 1548 1662 κατὰ
1577 1610 1677 1679 τῆς
1717 1610 1848 1673 ἰδίας
1886 1610 2019 1682 θρη-

433 1703 622 1766 σκείας
645 1719 662 1735 ο
685 1703 713 1754 ὁ
733 1702 786 1755 δὲ
810 1702 955 1756 κατὰ
978 1702 1239 1773 ἁδοκίμου
1264 1701 1561 1773 θρησκείας
1586 1701 1805 1772 ὀμοθεὶς
1830 1702 2013 1775 ὅρκος,

430 1793 493 1846 οὐ
526 1792 871 1861 φυλάττεται.

508 1886 759 1940 ΚΕΦΑΛ.
790 1882 875 1938 κ’.
900 1914 968 1924 -ο
985 1884 1122 1954 Περὶ
1148 1884 1525 1951 ἀποστατῶν,
1550 1885 1649 1940 καὶ
1675 1884 1894 1955 θυτῶν,
1920 1886 2019 1940 καὶ

429 1976 654 2045 μάγων,
675 1977 768 2030 καὶ
796 1975 1107 2041 ἐπωιδῶν,
1133 1978 1231 2031 καὶ
1254 1977 1664 2048 ἀστρολόγων,
1685 1981 2014 2049 μαθηματι-

431 2065 573 2131 κῶν,
598 2066 887 2136 μάντεων,
921 2066 1018 2120 καὶ
1052 2067 1412 2136 περιάπτων.

851 2158 1230 2214 Ἀποστόλων
1258 2159 1461 2214 κανὼν
1488 2159 1587 2231 ξβ’.

497 2246 598 2319 ξβ’.
630 2249 699 2303 EE
718 2265 803 2313 τις
829 2248 1093 2320 κληρικὸς
1122 2249 1211 2303 διὰ
1241 2250 1405 2319 φόϐον
1427 2250 1792 2322 ἀνθρώπινον,
1814 2269 1869 2307 κ.
1884 2269 1935 2309 τ.
1960 2252 2012 2310 λ.

700 2434 972 2489 Συνόδου
998 2435 1251 2503 Νικαίας
1278 2436 1479 2490 κανὼν
1514 2443 1603 2501 ια’,
1640 2436 1726 2508 ιβ’.

499 2523 587 2581 ια’.
624 2526 758 2598 Περὶ
779 2527 886 2580 τῶν
909 2528 1268 2598 παραϐάντων
1294 2530 1461 2600 χωρὶς
1493 2529 1759 2600 ἀνάγκης,
1790 2547 1846 2583 κ.
1873 2548 1923 2584 τ.
1957 2530 2008 2585 λ.

501 2619 587 2691 ιβ’.
623 2621 686 2674 Οί
735 2620 794 2674 δὲ
841 2619 1274 2692 προσκληθέντες
1332 2620 1433 2691 μὲν
1483 2622 1589 2674 ὑπὸ
1627 2622 1727 2693 τῆς
1761 2623 2005 2694 χάριτος,

421 2733 482 2769 κ.
514 2732 567 2769 τ.
598 2715 648 2768 λ.

419 2803 695 2859 Συνόδου
724 2804 1013 2873 Ἀγκύρας
1031 2805 1229 2860 κανὼν
1248 2806 1318 2875 γ’,
1342 2806 1406 2873 δ’,
1425 2807 1487 2873 ε’,
1508 2816 1582 2875 ς’,
1604 2815 1675 2880 η’,
1702 2809 1767 2874 0',
1794 2807 1881 2879 ιβ’,
1906 2806 2007 2862 κδ’.

496 2897 566 2967 γ’.
603 2900 741 2962 Τοὺς
770 2897 1071 2970 φεύγοντας
1100 2899 1193 2951 καὶ
1227 2899 1652 2970 συλληφθέντας,
1685 2919 1740 2956 κ.
1767 2919 1818 2957 τ.
1848 2902 1900 2958 λ.

497 3082 556 3137 δ’.
588 3082 723 3154 Περὶ
749 3081 860 3136 τῶν
893 3082 1029 3151 πρὸς
1065 3082 1186 3152 βίαν
1218 3082 1521 3149 θυσάντων,
1558 3099 1612 3137 κ.
1654 3099 1704 3138 τ.
1742 3084 1790 3136 λ.

497 3173 559 3233 ε’.
586 3176 741 3229 Ὅσοι
759 3174 818 3227 δὲ
844 3174 1076 3244 ἀνῆλθον
1103 3174 1243 3243 μετὰ
1263 3172 1490 3242 ἐσθῆτος
1514 3173 1776 3245 πενθικῆς
1797 3191 1851 3228 κ.
1877 3190 1926 3228 τ.
1951 3173 2000 3226 λ.
2036 3212 2079 3269 C

498 3361 572 3427 ς’.
620 3363 756 3432 Περὶ
800 3360 907 3416 τῶν
951 3359 1149 3431 ἀπειλῇ
1201 3359 1361 3430 μόνον
1408 3358 1668 3422 εἰξάντων
1693 3356 1995 3422 κολάσεως,

446 3472 481 3508 ι.
518 3470 570 3506 τ.
609 3452 660 3507 λ.

421 3472 481 3508 κ.
518 3472 570 3506 τ.
610 3472 660 3507 Α.

495 3544 562 3618 η’.
587 3545 650 3599 υἱ
680 3544 737 3598 δὲ
758 3542 1009 3615 δεύτερον
1032 3542 1128 3597 καὶ
1153 3543 1330 3615 τρίτον
1351 3542 1632 3611 θύσαντες,
1664 3561 1719 3598 κ.
1757 3560 1809 3600 τ.
1842 3542 1894 3599 λ.

494 3733 559 3789 θ’.
592 3733 749 3786 Ὅσοι
772 3731 829 3785 δὲ
859 3729 936 3802 μὴ
970 3728 1129 3801 μόνον
1155 3728 1493 3800 ἀπέστησαν,
1529 3745 1589 3787 κ.
1618 3747 1668 3784 τ.
1702 3728 1754 3784 λ.

494 3921 585 3993 ιβ’.
634 3920 773 3983 Τοὺς
812 3919 919 3988 πρὸ
968 3916 1062 3969 τοῦ
1119 3912 1495 3984 βαπτίσματος
1538 3915 1855 3980 τεθυκότας,
1906 3915 2002 3971 καὶ

423 4017 565 4088 μετὰ
607 4013 775 4067 ταῦτα
810 4011 1225 4082 βαπτισθέντας,
1254 4006 1431 4072 ἔδοξεν
1466 4009 1546 4071 είς
1580 4009 1732 4074 τάξιν
1761 4008 1999 4079 προάγε-

421 4111 548 4164 σθαι
578 4108 653 4170 ὼς
677 4105 1172 4174 ἁπολουσαμένους.

498 4196 596 4252 κδ’.
624 4197 685 4250 Οἱ
714 4194 1270 4265 καταμαντευόμενοι,
1294 4193 1389 4247 καὶ
1412 4193 1534 4255 ταῖς
1561 4190 1869 4262 συνηθείαις
1889 4185 1998 4244 τῶν

422 4290 593 4345 ἐθνῶν
623 4275 1101 4354 ἐξακολουθοῦντες
1125 4328 1140 4352 ,
1172 4286 1203 4357 ἢ
1240 4284 1552 4353 εἰσάγοντες
1581 4300 1735 4347 τινας
1764 4285 1844 4347 είς
1871 4284 1999 4349 τοὺς

417 4382 631 4436 ἑαυτῶν
660 4380 841 4442 οἴκους
868 4378 959 4432 ἐπὶ
988 4377 1274 4449 ἁνευρέσει
1304 4375 1665 4449 φαρμακειῶν
1694 4373 1727 4444 ἢ
1752 4377 1846 4427 καὶ
1900 4393 2000 4428 κα-

421 4477 644 4545 θάρσει,
678 4473 781 4525 ὑπὺ
810 4472 899 4525 τὸν
929 4471 1130 4525 κανόνα
1162 4470 1511 4523 πιπτέτωσαν
1533 4468 1633 4538 τῆς
1662 4468 2001 4535 πενταετίας,

2130 596 2242 647 uice
2277 594 2477 658 iurant.

2433 686 2661 741 Concilii
2694 687 3002 741 wcumenici
3042 703 3094 742 γι
3127 704 3294 741 canon
3330 688 3424 744 94.

2199 776 2287 830 94.
2346 776 2454 833 Eos
2490 780 2582 847 qui
2621 778 2905 845 gentilium
2942 789 3286 833 sacramenta
3312 779 3508 848 jurant
3540 795 3719 835 canon

2123 867 2303 936 pomis
2355 869 2596 938 subjicit,
2650 877 2705 923 et
2747 884 2849 924 nos
2901 869 2970 925 iis
3025 884 3243 939 quoque
3278 871 3718 941 segregationeiu

2125 956 2497 1013 decernimus.

2650 1052 2843 1107 Basilii
2878 1070 3048 1109 canon
3093 1053 3151 1108 81
3168 1093 3182 1107 .

2195 1140 2284 1197 Si.
2312 1142 2583 1208 Quoniam
2624 1154 2806 1199 autem
2839 1146 2996 1201 multi
3037 1147 3090 1201 in
3120 1146 3487 1202 Barbarorum
3529 1147 3714 1203 incur-

2122 1234 2299 1299 sione,
2330 1245 2459 1302 etc.,
2497 1245 2553 1289 ιιι
2576 1253 2697 1307 pag.
2730 1238 2857 1292 926.

2193 1326 2408 1381 Texlus.
2442 1331 2496 1381 In
2526 1329 2634 1398 dig.
2668 1330 2729 1393 5,
2772 1331 2857 1385 tit.
2896 1330 2962 1397 2,
2992 1330 3087 1387 lib.
3121 1347 3221 1397 xu,
3257 1331 3497 1387 dicitur:
3548 1331 3713 1387 ﬂecte

2123 1422 2218 1476 tibi
2253 1421 2486 1487 defero,
2542 1433 2600 1477 ut
2650 1440 2741 1493 per
2791 1426 3022 1479 salutem
3091 1438 3239 1480 tuam
3303 1427 3477 1496 jures.
3535 1424 3712 1479 Omne

2121 1514 2263 1567 enim
2292 1513 2453 1586 442
2479 1514 2687 1569 licitum
2719 1517 3103 1587 jusjurandum
3150 1534 3214 1572 ex
3265 1519 3536 1573 delatione
3564 1535 3707 1589 pra:-

2121 1606 2311 1660 stitum
2337 1648 2351 1671 ,
2386 1620 2660 1661 servatur.
2718 1609 2847 1664 Item
2897 1609 3081 1681 [illud]
3106 1612 3246 1680 quod
3277 1613 3400 1681 quis
3444 1628 3536 1681 per
3576 1627 3706 1683 pro-

2120 1698 2295 1769 priam
2328 1698 2641 1768 religionem
2672 1701 2915 1770 juratum
2948 1712 3051 1767 est,
3082 1719 3188 1756 non
3220 1712 3471 1757 servatur

2194 1882 2345 1939 CAP.
2369 1882 2489 1938 XX.
2515 1914 2587 1925 ——
2614 1884 2690 1939 De
2718 1887 2999 1954 apostatis,
3032 1887 3483 1955 sacriﬁcantibus,
3515 1889 3702 1957 magis,

2120 1976 2568 2045 incantatoribus,
2615 1978 2915 2047 astrologis,
2973 1979 3378 2045 mathematrcis,
3427 1979 3620 2033 divinis
3654 1989 3705 2033 et

2123 2070 2394 2125 amuletis.

2558 2161 2931 2231 Apostolorum
2963 2178 3129 2216 canon
3165 2162 3253 2216 6‘2.

2191 2248 2408 2322 62[6I].
2459 2249 2517 2306 Si
2569 2253 2693 2322 quis
2742 2253 2978 2308 clericus
3027 2262 3247 2324 propter
3277 2262 3479 2309 metum
3510 2254 3706 2309 Imma-

2118 2351 2373 2408 num,etc
2402 2379 2421 2409 ,
2456 2352 2511 2396 ιιι
2535 2357 2657 2413 pag.
2692 2342 2813 2398 746.

2421 2434 2649 2491 Concilii
2676 2434 2886 2489 Nicami
2920 2452 3143 2491 canones
3174 2437 3261 2502 Η,
3298 2436 3385 2492 12.

2189 2529 2274 2584 Η.
2314 2528 2388 2581 De
2414 2530 2500 2594 iis,
2532 2532 2621 2600 qui
2649 2530 2766 2584 sine
2798 2530 3139 2595 neCeSsitate,
3176 2541 3308 2599 ctc.,
3340 2541 3397 2585 ιιι
3422 2548 3541 2603 pag.
3575 2532 3697 2587 798.

2183 2619 2273 2674 12.
2306 2620 2411 2685 Qui
2438 2630 2620 2674 autem
2651 2636 2681 2674 a
2722 2621 2892 2690 gratia
2926 2620 3147 2691 quidem
3200 2624 3435 2687 avocati,
3475 2633 3614 2689 ctc.,
3643 2634 3699 2675 ul

2117 2728 2244 2782 pag.
2277 2713 2399 2768 751.

2117 2804 2631 2875 ConciliiAncgrani
2655 2821 2881 2858 canones
2901 2806 2955 2869 5,
2984 2805 3037 2867 4,
3066 2804 3119 2868 5,
3166 2802 3218 2870 6,
3269 2802 3323 2868 8,
3380 2803 3433 2870 9,
3482 2804 3570 2870 12,
3601 2804 3697 2877 ΞΑ,

2184 2896 2237 2950 5.
2273 2896 2379 2950 Eos
2433 2896 2525 2966 qui
2574 2896 2843 2967 fugientes
2868 2895 3247 2966 comprehensi
3273 2904 3423 2961 sunt,
3457 2905 3587 2962 ctc.,
3637 2907 3692 2949 ut

2113 3005 2234 3058 pag.
2269 2990 2391 3043 758.

2182 3084 2236 3135 4.
2274 3081 2349 3137 De
2382 3081 2448 3135 iis
2487 3081 2579 3150 qui
2615 3081 2663 3134 vi
2703 3080 3100 3146 sacriﬁcarunt,
3132 3088 3267 3146 ctc.,
3307 3089 3364 3133 ιιι
3392 3097 3513 3150 pag.
3562 3078 3695 3132 799.

2184 3174 2238 3228 5.
2293 3173 2615 3244 Quicunque
2648 3185 2826 3228 autem
2858 3188 2982 3227 cum
3011 3180 3159 3229 veste
3186 3173 3423 3243 lugubri,
3456 3180 3587 3238 ctc.,
3635 3183 3695 3225 ιιι

2115 3282 2232 3335 pag.
2265 3265 2394 3319 799.

2186 3357 2239 3413 6.
2278 3357 2352 3414 De
2384 3360 2449 3415 iis
2473 3359 2567 3433 qui
2598 3358 2851 3430 supplicii
2884 3358 3074 3425 minis,
3104 3367 3236 3425 ctc.,
3272 3369 3328 3414 ιιι
3363 3377 3485 3431 pag.
3516 3360 3641 3415 799.

2184 3546 2236 3601 8.
2272 3546 2373 3613 Qui
2408 3558 2590 3602 autem
2624 3547 2709 3603 bis
2732 3547 2816 3603 vel
2839 3556 2922 3603 ter
2962 3544 3432 3613 sacriﬁcaverunt,
3462 3558 3593 3614 ctc.,
3632 3559 3691 3601 ιιι

2114 3653 2238 3708 pag.
2273 3638 2398 3694 802.

2186 3729 2241 3783 9.
2270 3729 2591 3801 Quicunque
2617 3738 2796 3786 autem
2825 3744 2933 3786 non
2968 3730 3143 3787 solum
3162 3730 3531 3798 desetveruut,
3557 3742 3691 3801 ctc.,

2115 3830 2172 3874 ut
2201 3838 2325 3893 pag.
2357 3821 2485 3877 802.

2190 3912 2276 3967 12.
2329 3912 2436 3968 Eos
2479 3912 2574 3984 qui
2607 3921 2734 3968 ante
2778 3912 3110 3983 baptismum
3166 3914 3611 3971 sacriﬁuaverunt
3643 3927 3699 3969 et

2114 4014 2301 4074 postea
2352 4003 2610 4069 baptizati
2658 4012 2807 4068 sunt,
2840 4004 3693 4073 visumestadordinempromo-

2111 4098 2246 4161 veri,
2278 4109 2337 4151 ut
2366 4098 2459 4166 qui
2487 4098 2655 4153 abluti
2686 4106 2835 4152 sunt.

2179 4188 2270 4243 24.
2314 4189 2419 4254 Qui
2456 4190 2855 4255 vaticinantur,
2888 4199 2942 4243 et
2982 4189 3221 4259 gentium
3265 4190 3693 4245 consuetudines

2109 4289 2438 4349 sequuntur,
2462 4279 2547 4334 vel
2576 4281 2629 4333 in
2665 4294 2794 4335 suas
2823 4279 2966 4333 aedes
2996 4280 3211 4348 aliquos
3241 4279 3598 4333 introducunt
3619 4282 3687 4335 ad

2110 4373 2631 4427 medicamentorum
2660 4372 3051 4445 inventionem,
3083 4373 3165 4427 vel
3196 4372 3599 4439 lustrationem,
3634 4374 3685 4428 iu

2109 4466 2470 4537 quinquennii
2516 4480 2785 4521 canonem
2820 4466 3102 4531 incidant,
3142 4468 3441 4521 secundum
3484 4469 3689 4538 gradus

414 4568 559 4620 κατὰ
588 4567 715 4628 τοὺς
744 4564 983 4636 βαθμοὺς
1012 4564 1136 4626 τοὺς
1162 4562 1523 4634 ὡρισμένους,
1560 4560 1685 4631 τρία
1726 4560 1820 4629 ἔτη
1877 4560 2007 4614 01:0-

2115 4559 2426 4629 praalinitos,
2471 4568 2580 4614 tres
2611 4573 2787 4613 annos
2818 4557 3229 4625 substrationis,
3260 4566 3315 4613 et
3344 4558 3483 4614 duos
3511 4575 3687 4615 annos

413 4657 710 4721 πτώσεως,
732 4657 825 4709 καὶ
852 4656 944 4709 δύο
973 4655 1068 4725 ἔτη
1101 4654 1287 4725 εὐχῆς,
1319 4654 1485 4724 χωρὶς
1524 4653 1857 4724 προσφορᾶς.

698 4747 968 4803 Συνόδου
994 4745 1347 4808 Λαοδικείας
1378 4743 1579 4797 κανὼν
1605 4744 1715 4805 λς’.

489 4842 594 4908 λς’.
628 4843 754 4895 Ὅτι
782 4841 842 4893 οὑ
873 4838 954 4892 δεῖ
984 4836 1287 4908 ίερατικοὺς
1315 4835 1542 4906 μάγους,
1573 4851 1626 4887 κ.
1655 4852 1706 4888 τ.
1736 4833 1786 4887 λ.

663 5018 935 5074 Συνόδου
964 5016 1384 5087 Καρθαγέννης
1419 5014 1620 5069 κανὼν
1651 5013 1757 5086 με’.

488 5114 627 5181 Περὶ
669 5112 787 5165 τῶν
825 5112 1244 5165 ἀσθενούντων
1275 5110 1374 5163 καί
1412 5109 1566 5178 ὑπὲρ
1590 5107 1820 5164 ἑαυτῶν
1851 5109 2001 5164 ἀπο-

411 5207 724 5274 κρίνεσθαι
749 5203 835 5272 μὴ
865 5202 1236 5271 δυναμένων.

492 5294 594 5366 με’.
635 5296 799 5348 Ὥστε
834 5295 962 5359 τοὺς
988 5294 1377 5361 ἀσθενοῦντας,
1412 5313 1468 5349 κ.
1505 5312 1555 5350 τ.
1589 5295 1642 5351 λ.

487 5473 759 5529 Συνόδου
788 5472 1207 5543 οἱκουμενικῆς
1237 5473 1416 5539 ἕκτης
1444 5473 1644 5527 κανὼν
1679 5471 1779 5537 ξα’,
1825 5470 1916 5536 Es’.

490 5565 590 5634 ξα’.
621 5568 683 5619 Οἱ
711 5567 963 5636 μάντεσιν
993 5567 1219 5630 ἑαυτοὺς
1261 5566 1606 5629 ἐπιδιδόντες,
1638 5567 1670 5635 ἢ
1702 5568 1814 5629 τοῖς
1844 5565 1999 5633 λεγοι-

422 5662 603 5732 μὲνοις
637 5658 1087 5727 ἑκατοντάρχαις,
1124 5659 1156 5728 ἥ
1198 5676 1308 5712 τισι
1343 5658 1630 5723 τοιούτοις,
1664 5656 1739 5722 ὼς
1773 5657 1839 5712 ἂν
1871 5656 2000 5727 παρ’

493 5842 535 5873 ’³
571 5842 619 5899 ιι
648 5844 779 5899 (lor.
817 5859 888 5911 γι,
924 5841 1089 5896 ιιι-ις

2111 4652 2374 4708 orationis
2399 4652 2516 4706 sine
2546 4651 2839 4706 oblatione.

2355 4743 2516 4815 443
2567 4743 2794 4797 Concilii
2832 4744 3119 4798 Laodiceni
3143 4760 3309 4798 canon
3346 4744 3437 4799 56.

2178 4838 2268 4890 56.
2305 4838 2458 4902 Quod
2489 4852 2594 4890 non
2617 4846 2941 4907 oporteteos
2962 4837 3055 4908 qui
3081 4846 3209 4891 sunt
3238 4839 3459 4903 sacrati,
3478 4848 3604 4903 ctc.,
3630 4846 3685 4891 ιιι

2110 4945 2232 4997 pag.
2268 4928 2392 4984 734.

2393 5018 2616 5073 Consilii
2641 5016 3081 5090 Cartltaginensis
3108 5037 3276 5075 canon
3307 5020 3397 5076 45.

2182 5109 2258 5164 De
2292 5109 2671 5180 wgrotantibus
2700 5112 2790 5181 qui
2836 5127 2932 5180 pro
2975 5128 3029 5166 se
3076 5114 3385 5181 respondere
3417 5129 3517 5167 non
3551 5131 3685 5181 pos-

2106 5208 2248 5253 ειιιιι.

2173 5290 2262 5344 45.
2300 5288 2369 5345 Ut
2397 5298 2742 5361 aegrotantes,
2787 5292 2831 5348 si
2864 5307 2963 5362 pro
2994 5309 3054 5351 se
3082 5296 3431 5363 respondere,
3464 5306 3548 5351 etc
3577 5336 3593 5363 ,
3628 5307 3686 5350 ιιι

2096 5384 2374 5455 ρα9.619.

2349 5478 2575 5534 Concilii
2609 5481 2913 5536 (enimenici
2939 5496 2987 5535 VI
3030 5497 3199 5535 canon
3227 5481 3317 5544 6|,
3346 5480 3438 5537 65.

2173 5569 2261 5623 67.
2304 5570 2405 5636 Qui
2438 5572 2656 5627 vatibus
2700 5573 2911 5642 scipsos
2964 5576 3398 5641 tradiderunt",
3453 5573 3535 5628 vel
3586 5575 3679 5641 qui

2104 5660 2547 5719 becatontarcbae
2594 5678 2689 5720 seu
2721 5665 3074 5722 centuriones
3106 5666 3389 5732 dicuntur,
3423 5662 3507 5719 vel
3552 5662 3677 5720 alus
