  <div class='ocr_page' id='page_1' title='image "/cluster/home/n/w/nwhite01/storage/ocr_20150623/104:no.4/coo.31924054870088/477.png"; bbox 0 0 4146 6492; ppageno 0'>
   <div class='ocr_carea' id='block_1_1' title="bbox 497 368 602 434">
    <p class='ocr_par' dir='ltr' id='par_1_1' title="bbox 497 368 602 434">
     <span class='ocr_line' id='line_1_1' title="bbox 497 368 602 434; baseline 0.01 -1"><span class='ocrx_word' id='word_1_1' title='bbox 497 368 602 434; x_wconf 82' lang='grc'>935</span> 
     </span>
    </p>
   </div>
   <div class='ocr_carea' id='block_1_2' title="bbox 1637 372 2589 438">
    <p class='ocr_par' dir='ltr' id='par_1_2' title="bbox 1637 372 2589 438">
     <span class='ocr_line' id='line_1_2' title="bbox 1637 372 2589 438; baseline 0.002 -5"><span class='ocrx_word' id='word_1_2' title='bbox 1637 372 1896 433; x_wconf 84' lang='grc' dir='ltr'><strong>ΡΙΙΟἹῚ]</strong></span> <span class='ocrx_word' id='word_1_3' title='bbox 1940 372 2447 436; x_wconf 70' lang='lat' dir='ltr'><strong>PATRIARCH/E</strong></span> <span class='ocrx_word' id='word_1_4' title='bbox 2480 376 2589 438; x_wconf 75' lang='grc' dir='ltr'><strong>ΕΡ.</strong></span> 
     </span>
    </p>
   </div>
   <div class='ocr_carea' id='block_1_3' title="bbox 3663 391 3774 453">
    <p class='ocr_par' dir='ltr' id='par_1_3' title="bbox 3663 391 3774 453">
     <span class='ocr_line' id='line_1_3' title="bbox 3663 391 3774 453; baseline -0.009 -1"><span class='ocrx_word' id='word_1_5' title='bbox 3663 391 3774 453; x_wconf 61' lang='grc' dir='ltr'><strong>θῖσ</strong></span> 
     </span>
    </p>
   </div>
   <div class='ocr_carea' id='block_1_4' title="bbox 500 478 2066 567">
    <p class='ocr_par' dir='ltr' id='par_1_4' title="bbox 500 478 2066 554">
     <span class='ocr_line' id='line_1_4' title="bbox 500 478 2066 554; baseline 0.002 -17"><span class='ocrx_word' id='word_1_6' title='bbox 500 478 771 553; x_wconf 79' lang='lat' dir='ltr'><strong>ejusmodi</strong></span> <span class='ocrx_word' id='word_1_7' title='bbox 803 487 861 535; x_wconf 92' lang='lat' dir='ltr'><strong>ut</strong></span> <span class='ocrx_word' id='word_1_8' title='bbox 882 480 951 535; x_wconf 84' lang='lat' dir='ltr'><strong>ab</strong></span> <span class='ocrx_word' id='word_1_9' title='bbox 980 481 1048 538; x_wconf 92' lang='lat' dir='ltr'><strong>lis</strong></span> <span class='ocrx_word' id='word_1_10' title='bbox 1074 481 1303 549; x_wconf 80' lang='lat' dir='ltr'><strong>discant,</strong></span> <span class='ocrx_word' id='word_1_11' title='bbox 1331 483 1378 539; x_wconf 90' lang='lat' dir='ltr'><strong>si</strong></span> <span class='ocrx_word' id='word_1_12' title='bbox 1410 484 1539 554; x_wconf 88' lang='lat' dir='ltr'><strong>quid</strong></span> <span class='ocrx_word' id='word_1_13' title='bbox 1572 484 1677 539; x_wconf 86' lang='lat' dir='ltr'><strong>sibi</strong></span> <span class='ocrx_word' id='word_1_14' title='bbox 1723 487 1948 540; x_wconf 84' lang='lat' dir='ltr'><strong>revelari</strong></span> <span class='ocrx_word' id='word_1_15' title='bbox 1985 501 2066 540; x_wconf 90' lang='lat' dir='ltr'><strong>ve-</strong></span> 
     </span>
    </p>
   </div>
   <div class='ocr_carea' id='block_1_5' title="bbox 2169 478 3773 567">
    <p class='ocr_par' dir='ltr' id='par_1_5' title="bbox 2178 487 3773 567">
     <span class='ocr_line' id='line_1_5' title="bbox 2178 487 3773 567; baseline 0.009 -28"><span class='ocrx_word' id='word_1_16' title='bbox 2178 487 2402 543; x_wconf 82' lang='grc' dir='ltr'>ὲκείνων</span> <span class='ocrx_word' id='word_1_17' title='bbox 2430 490 2652 560; x_wconf 82' lang='grc' dir='ltr'><strong>μάθοιεν</strong></span> <span class='ocrx_word' id='word_1_18' title='bbox 2684 490 2713 546; x_wconf 83' lang='grc' dir='ltr'>ὅ</span> <span class='ocrx_word' id='word_1_19' title='bbox 2750 507 2804 547; x_wconf 84' lang='grc' dir='ltr'><strong>τι</strong></span> <span class='ocrx_word' id='word_1_20' title='bbox 2834 491 2900 546; x_wconf 82' lang='grc' dir='ltr'><strong>ἂν</strong></span> <span class='ocrx_word' id='word_1_21' title='bbox 2934 491 3369 548; x_wconf 82' lang='grc' dir='ltr'>ὲκκαλὺπτεσθαι</span> <span class='ocrx_word' id='word_1_22' title='bbox 3395 495 3578 561; x_wconf 72' lang='grc' dir='ltr'>αὐτοῖς</span> <span class='ocrx_word' id='word_1_23' title='bbox 3635 503 3773 567; x_wconf 76' lang='grc' dir='ltr'>βου-</span> 
     </span>
    </p>
   </div>
   <div class='ocr_carea' id='block_1_6' title="bbox 500 574 2078 654">
    <p class='ocr_par' dir='ltr' id='par_1_6' title="bbox 500 574 2078 654">
     <span class='ocr_line' id='line_1_6' title="bbox 500 574 2078 654; baseline 0.003 -25"><span class='ocrx_word' id='word_1_24' title='bbox 500 576 621 637; x_wconf 82' lang='grc' dir='ltr'>Ιίηι,</span> <span class='ocrx_word' id='word_1_25' title='bbox 656 574 1044 629; x_wconf 88' lang='lat' dir='ltr'><strong>convenienter</strong></span> <span class='ocrx_word' id='word_1_26' title='bbox 1070 576 1156 638; x_wconf 88' lang='lat' dir='ltr'><strong>iis,</strong></span> <span class='ocrx_word' id='word_1_27' title='bbox 1191 592 1312 646; x_wconf 75' lang='lat' dir='ltr'><strong>qua:</strong></span> <span class='ocrx_word' id='word_1_28' title='bbox 1352 577 1423 654; x_wconf 78' lang='lat' dir='ltr'><strong>de</strong></span> <span class='ocrx_word' id='word_1_29' title='bbox 1449 577 1581 646; x_wconf 87' lang='lat' dir='ltr'><strong>ipsis</strong></span> <span class='ocrx_word' id='word_1_30' title='bbox 1610 594 1642 633; x_wconf 86' lang='lat' dir='ltr'><strong>a</strong></span> <span class='ocrx_word' id='word_1_31' title='bbox 1671 578 1921 634; x_wconf 84' lang='lat' dir='ltr'><strong>Patribus</strong></span> <span class='ocrx_word' id='word_1_32' title='bbox 1942 594 2078 633; x_wconf 88' lang='lat' dir='ltr'><strong>con-</strong></span> 
     </span>
    </p>
   </div>
   <div class='ocr_carea' id='block_1_7' title="bbox 499 666 2077 742">
    <p class='ocr_par' dir='ltr' id='par_1_7' title="bbox 499 666 2077 742">
     <span class='ocr_line' id='line_1_7' title="bbox 499 666 2077 742; baseline 0.005 -22"><span class='ocrx_word' id='word_1_33' title='bbox 499 666 689 720; x_wconf 87' lang='lat' dir='ltr'><strong>stituta</strong></span> <span class='ocrx_word' id='word_1_34' title='bbox 717 674 866 731; x_wconf 84' lang='lat' dir='ltr'><strong>sunt,</strong></span> <span class='ocrx_word' id='word_1_35' title='bbox 902 667 1145 721; x_wconf 70' lang='lat' dir='ltr'><strong>scxvnnii</strong></span> <span class='ocrx_word' id='word_1_36' title='bbox 1173 668 1369 723; x_wconf 88' lang='lat' dir='ltr'><strong>canoni</strong></span> <span class='ocrx_word' id='word_1_37' title='bbox 1407 670 1772 740; x_wconf 88' lang='lat' dir='ltr'><strong>subjiciantnr</strong></span> <span class='ocrx_word' id='word_1_38' title='bbox 1801 671 1939 740; x_wconf 76' lang='grc'><strong>(54).</strong></span> <span class='ocrx_word' id='word_1_39' title='bbox 1968 671 2077 742; x_wconf 87' lang='lat' dir='ltr'><strong>lpsi</strong></span> 
     </span>
    </p>
   </div>
   <div class='ocr_carea' id='block_1_8' title="bbox 508 760 2075 832">
    <p class='ocr_par' dir='ltr' id='par_1_8' title="bbox 508 760 2075 832">
     <span class='ocr_line' id='line_1_8' title="bbox 508 760 2075 832; baseline 0.006 -22"><span class='ocrx_word' id='word_1_40' title='bbox 508 767 689 811; x_wconf 86' lang='lat' dir='ltr'><strong>autem</strong></span> <span class='ocrx_word' id='word_1_41' title='bbox 731 772 826 812; x_wconf 91' lang='lat' dir='ltr'><strong>eos</strong></span> <span class='ocrx_word' id='word_1_42' title='bbox 872 773 1089 827; x_wconf 87' lang='lat' dir='ltr'><strong>quoque</strong></span> <span class='ocrx_word' id='word_1_43' title='bbox 1124 760 1316 828; x_wconf 78' lang='lat' dir='ltr'><strong>subjici</strong></span> <span class='ocrx_word' id='word_1_44' title='bbox 1349 771 1583 829; x_wconf 90' lang='lat' dir='ltr'><strong>oportet,</strong></span> <span class='ocrx_word' id='word_1_45' title='bbox 1632 763 1727 832; x_wconf 90' lang='lat' dir='ltr'><strong>qui</strong></span> <span class='ocrx_word' id='word_1_46' title='bbox 1775 779 1956 828; x_wconf 88' lang='lat' dir='ltr'><strong>ursas,</strong></span> <span class='ocrx_word' id='word_1_47' title='bbox 1992 765 2075 819; x_wconf 88' lang='lat' dir='ltr'><strong>vel</strong></span> 
     </span>
    </p>
   </div>
   <div class='ocr_carea' id='block_1_9' title="bbox 497 848 2072 924">
    <p class='ocr_par' dir='ltr' id='par_1_9' title="bbox 497 848 2072 924">
     <span class='ocr_line' id='line_1_9' title="bbox 497 848 2072 924; baseline 0.008 -25"><span class='ocrx_word' id='word_1_48' title='bbox 497 848 769 917; x_wconf 82' lang='lat' dir='ltr'><strong>ejusmodi</strong></span> <span class='ocrx_word' id='word_1_49' title='bbox 805 849 1065 903; x_wconf 85' lang='lat' dir='ltr'><strong>animalia</strong></span> <span class='ocrx_word' id='word_1_50' title='bbox 1115 850 1180 903; x_wconf 89' lang='lat' dir='ltr'><strong>ad</strong></span> <span class='ocrx_word' id='word_1_51' title='bbox 1215 852 1403 905; x_wconf 90' lang='lat' dir='ltr'><strong>ludum</strong></span> <span class='ocrx_word' id='word_1_52' title='bbox 1447 861 1501 907; x_wconf 91' lang='lat' dir='ltr'><strong>et</strong></span> <span class='ocrx_word' id='word_1_53' title='bbox 1532 854 1930 924; x_wconf 85' lang='lat' dir='ltr'><strong>simpliciorum</strong></span> <span class='ocrx_word' id='word_1_54' title='bbox 1973 873 2072 911; x_wconf 83' lang='lat' dir='ltr'><strong>no-</strong></span> 
     </span>
    </p>
   </div>
   <div class='ocr_carea' id='block_1_10' title="bbox 499 938 2073 1019">
    <p class='ocr_par' dir='ltr' id='par_1_10' title="bbox 499 938 2073 1019">
     <span class='ocr_line' id='line_1_10' title="bbox 499 938 2073 1019; baseline 0.009 -30"><span class='ocrx_word' id='word_1_55' title='bbox 499 953 624 991; x_wconf 80' lang='lat' dir='ltr'><strong>xam</strong></span> <span class='ocrx_word' id='word_1_56' title='bbox 664 938 1081 1002; x_wconf 80' lang='lat' dir='ltr'><strong>circumferunt,</strong></span> <span class='ocrx_word' id='word_1_57' title='bbox 1125 952 1179 995; x_wconf 89' lang='lat' dir='ltr'><strong>et</strong></span> <span class='ocrx_word' id='word_1_58' title='bbox 1229 941 1507 998; x_wconf 79' lang='lat' dir='ltr'><strong>fortunam</strong></span> <span class='ocrx_word' id='word_1_59' title='bbox 1542 962 1605 1000; x_wconf 90' lang='lat' dir='ltr'><strong>ac</strong></span> <span class='ocrx_word' id='word_1_60' title='bbox 1649 949 1845 1013; x_wconf 79' lang='lat' dir='ltr'><strong>latum,</strong></span> <span class='ocrx_word' id='word_1_61' title='bbox 1883 958 1936 1002; x_wconf 91' lang='lat' dir='ltr'><strong>et</strong></span> <span class='ocrx_word' id='word_1_62' title='bbox 1981 966 2073 1019; x_wconf 81' lang='lat' dir='ltr'><strong>ge-</strong></span> 
     </span>
    </p>
   </div>
   <div class='ocr_carea' id='block_1_11' title="bbox 498 1030 2073 1106">
    <p class='ocr_par' dir='ltr' id='par_1_11' title="bbox 498 1030 2073 1106">
     <span class='ocr_line' id='line_1_11' title="bbox 498 1030 2073 1106; baseline 0.008 -24"><span class='ocrx_word' id='word_1_63' title='bbox 498 1030 822 1099; x_wconf 82' lang='lat' dir='ltr'><strong>nealogiam,</strong></span> <span class='ocrx_word' id='word_1_64' title='bbox 900 1039 953 1085; x_wconf 90' lang='lat' dir='ltr'><strong>et</strong></span> <span class='ocrx_word' id='word_1_65' title='bbox 1013 1036 1376 1100; x_wconf 86' lang='lat' dir='ltr'><strong>quorumdam</strong></span> <span class='ocrx_word' id='word_1_66' title='bbox 1437 1038 1708 1106; x_wconf 79' lang='lat' dir='ltr'><strong>ejusmodi</strong></span> <span class='ocrx_word' id='word_1_67' title='bbox 1779 1041 2073 1095; x_wconf 86' lang='lat' dir='ltr'><strong>verborum</strong></span> 
     </span>
    </p>
   </div>
   <div class='ocr_carea' id='block_1_12' title="bbox 497 1122 2069 1203">
    <p class='ocr_par' dir='ltr' id='par_1_12' title="bbox 497 1122 2069 1203">
     <span class='ocr_line' id='line_1_12' title="bbox 497 1122 2069 1203; baseline 0.01 -29"><span class='ocrx_word' id='word_1_68' title='bbox 497 1122 902 1177; x_wconf 86' lang='lat' dir='ltr'><strong>multitudinem</strong></span> <span class='ocrx_word' id='word_1_69' title='bbox 933 1139 999 1178; x_wconf 81' lang='lat' dir='ltr'><strong>ex</strong></span> <span class='ocrx_word' id='word_1_70' title='bbox 1030 1123 1261 1180; x_wconf 67' lang='lat' dir='ltr'><strong>fallaciae</strong></span> <span class='ocrx_word' id='word_1_71' title='bbox 1303 1128 1731 1199; x_wconf 72' lang='lat' dir='ltr'><strong>imposturteque</strong></span> <span class='ocrx_word' id='word_1_72' title='bbox 1755 1136 1916 1202; x_wconf 82' lang='lat' dir='ltr'><strong>nugis</strong></span> <span class='ocrx_word' id='word_1_73' title='bbox 1944 1150 2069 1203; x_wconf 87' lang='lat' dir='ltr'><strong>pro-</strong></span> 
     </span>
    </p>
   </div>
   <div class='ocr_carea' id='block_1_13' title="bbox 500 1213 2074 1291">
    <p class='ocr_par' dir='ltr' id='par_1_13' title="bbox 500 1213 2074 1291">
     <span class='ocr_line' id='line_1_13' title="bbox 500 1213 2074 1291; baseline 0.008 -24"><span class='ocrx_word' id='word_1_74' title='bbox 500 1213 725 1268; x_wconf 81' lang='lat' dir='ltr'><strong>ferunt:</strong></span> <span class='ocrx_word' id='word_1_75' title='bbox 760 1231 965 1285; x_wconf 89' lang='lat' dir='ltr'><strong>eosque</strong></span> <span class='ocrx_word' id='word_1_76' title='bbox 994 1219 1087 1286; x_wconf 91' lang='lat' dir='ltr'><strong>qui</strong></span> <span class='ocrx_word' id='word_1_77' title='bbox 1138 1219 1365 1273; x_wconf 88' lang='lat' dir='ltr'><strong>nubium</strong></span> <span class='ocrx_word' id='word_1_78' title='bbox 1406 1224 1746 1291; x_wconf 77' lang='lat' dir='ltr'><strong>expulsores,</strong></span> <span class='ocrx_word' id='word_1_79' title='bbox 1784 1236 1837 1279; x_wconf 94' lang='lat' dir='ltr'><strong>et</strong></span> <span class='ocrx_word' id='word_1_80' title='bbox 1886 1226 2074 1279; x_wconf 87' lang='lat' dir='ltr'><strong>inean-</strong></span> 
     </span>
    </p>
   </div>
   <div class='ocr_carea' id='block_1_14' title="bbox 496 1309 2135 1393">
    <p class='ocr_par' dir='ltr' id='par_1_14' title="bbox 496 1309 2135 1393">
     <span class='ocr_line' id='line_1_14' title="bbox 496 1309 2135 1393; baseline 0.006 -34"><span class='ocrx_word' id='word_1_81' title='bbox 496 1315 726 1369; x_wconf 86' lang='lat' dir='ltr'><strong>tatores,</strong></span> <span class='ocrx_word' id='word_1_82' title='bbox 758 1315 813 1361; x_wconf 93' lang='lat' dir='ltr'><strong>et</strong></span> <span class='ocrx_word' id='word_1_83' title='bbox 861 1309 1225 1364; x_wconf 88' lang='lat' dir='ltr'><strong>amuletorum</strong></span> <span class='ocrx_word' id='word_1_84' title='bbox 1268 1312 1608 1381; x_wconf 84' lang='lat' dir='ltr'><strong>praebitores,</strong></span> <span class='ocrx_word' id='word_1_85' title='bbox 1635 1324 1692 1372; x_wconf 89' lang='lat' dir='ltr'><strong>et</strong></span> <span class='ocrx_word' id='word_1_86' title='bbox 1712 1324 1863 1373; x_wconf 85' lang='lat' dir='ltr'><strong>vates</strong></span> <span class='ocrx_word' id='word_1_87' title='bbox 1887 1318 2073 1389; x_wconf 86' lang='lat' dir='ltr'><strong>appel-</strong></span> <span class='ocrx_word' id='word_1_88' title='bbox 2130 1390 2135 1393; x_wconf 91' lang='lat'>_</span> 
     </span>
    </p>
   </div>
   <div class='ocr_carea' id='block_1_15' title="bbox 494 1398 2072 1476">
    <p class='ocr_par' dir='ltr' id='par_1_15' title="bbox 494 1398 2072 1476">
     <span class='ocr_line' id='line_1_15' title="bbox 494 1398 2072 1476; baseline 0.008 -24"><span class='ocrx_word' id='word_1_89' title='bbox 494 1398 696 1453; x_wconf 86' lang='lat' dir='ltr'><strong>lantur.</strong></span> <span class='ocrx_word' id='word_1_90' title='bbox 733 1399 839 1455; x_wconf 86' lang='lat' dir='ltr'><strong>Eos</strong></span> <span class='ocrx_word' id='word_1_91' title='bbox 869 1411 1074 1463; x_wconf 90' lang='lat' dir='ltr'><strong>autem,</strong></span> <span class='ocrx_word' id='word_1_92' title='bbox 1112 1404 1288 1472; x_wconf 86' lang='lat' dir='ltr'><strong>quiin</strong></span> <span class='ocrx_word' id='word_1_93' title='bbox 1324 1404 1391 1459; x_wconf 92' lang='lat' dir='ltr'><strong>iis</strong></span> <span class='ocrx_word' id='word_1_94' title='bbox 1417 1406 1744 1476; x_wconf 90' lang='lat' dir='ltr'><strong>pcrsistunt,</strong></span> <span class='ocrx_word' id='word_1_95' title='bbox 1784 1418 1839 1461; x_wconf 91' lang='lat' dir='ltr'><strong>ct</strong></span> <span class='ocrx_word' id='word_1_96' title='bbox 1863 1425 1969 1462; x_wconf 90' lang='lat' dir='ltr'><strong>non</strong></span> <span class='ocrx_word' id='word_1_97' title='bbox 2004 1410 2072 1464; x_wconf 90' lang='lat' dir='ltr'><strong>ab</strong></span> 
     </span>
    </p>
   </div>
   <div class='ocr_carea' id='block_1_16' title="bbox 492 1491 2073 1566">
    <p class='ocr_par' dir='ltr' id='par_1_16' title="bbox 492 1491 2073 1566">
     <span class='ocr_line' id='line_1_16' title="bbox 492 1491 2073 1566; baseline 0.004 -22"><span class='ocrx_word' id='word_1_98' title='bbox 492 1491 768 1559; x_wconf 88' lang='lat' dir='ltr'><strong>ejusmodi</strong></span> <span class='ocrx_word' id='word_1_99' title='bbox 828 1493 1155 1562; x_wconf 86' lang='lat' dir='ltr'><strong>perniciosis</strong></span> <span class='ocrx_word' id='word_1_100' title='bbox 1213 1496 1619 1566; x_wconf 81' lang='lat' dir='ltr'><strong>gentilibusque</strong></span> <span class='ocrx_word' id='word_1_101' title='bbox 1653 1498 1851 1553; x_wconf 89' lang='lat' dir='ltr'><strong>studiis</strong></span> <span class='ocrx_word' id='word_1_102' title='bbox 1918 1514 2073 1552; x_wconf 87' lang='lat' dir='ltr'><strong>aver-</strong></span> 
     </span>
    </p>
   </div>
   <div class='ocr_carea' id='block_1_17' title="bbox 492 1584 2071 1654">
    <p class='ocr_par' dir='ltr' id='par_1_17' title="bbox 492 1584 2071 1654">
     <span class='ocr_line' id='line_1_17' title="bbox 492 1584 2071 1654; baseline 0.007 -18"><span class='ocrx_word' id='word_1_103' title='bbox 492 1590 684 1637; x_wconf 89' lang='lat' dir='ltr'><strong>tuntur</strong></span> <span class='ocrx_word' id='word_1_104' title='bbox 721 1593 775 1637; x_wconf 92' lang='lat' dir='ltr'><strong>et</strong></span> <span class='ocrx_word' id='word_1_105' title='bbox 804 1584 1118 1654; x_wconf 81' lang='lat' dir='ltr'><strong>aulugiunt,</strong></span> <span class='ocrx_word' id='word_1_106' title='bbox 1157 1584 1399 1642; x_wconf 87' lang='lat' dir='ltr'><strong>Ecclesia</strong></span> <span class='ocrx_word' id='word_1_107' title='bbox 1435 1589 1660 1643; x_wconf 90' lang='lat' dir='ltr'><strong>omnino</strong></span> <span class='ocrx_word' id='word_1_108' title='bbox 1699 1589 2071 1647; x_wconf 82' lang='lat' dir='ltr'><strong>exturbandos</strong></span> 
     </span>
    </p>
   </div>
   <div class='ocr_carea' id='block_1_18' title="bbox 490 1673 2069 1746">
    <p class='ocr_par' dir='ltr' id='par_1_18' title="bbox 490 1673 2069 1746">
     <span class='ocr_line' id='line_1_18' title="bbox 490 1673 2069 1746; baseline 0.005 -18"><span class='ocrx_word' id='word_1_109' title='bbox 490 1673 866 1741; x_wconf 87' lang='lat' dir='ltr'><strong>decernimus,</strong></span> <span class='ocrx_word' id='word_1_110' title='bbox 915 1676 1060 1730; x_wconf 90' lang='lat' dir='ltr'><strong>sicut</strong></span> <span class='ocrx_word' id='word_1_111' title='bbox 1108 1686 1161 1731; x_wconf 91' lang='lat' dir='ltr'><strong>et</strong></span> <span class='ocrx_word' id='word_1_112' title='bbox 1212 1678 1354 1733; x_wconf 89' lang='lat' dir='ltr'><strong>sacri</strong></span> <span class='ocrx_word' id='word_1_113' title='bbox 1400 1694 1641 1734; x_wconf 88' lang='lat' dir='ltr'><strong>canones</strong></span> <span class='ocrx_word' id='word_1_114' title='bbox 1686 1680 1896 1735; x_wconf 86' lang='lat' dir='ltr'><strong>dicunt.</strong></span> <span class='ocrx_word' id='word_1_115' title='bbox 1934 1680 2069 1746; x_wconf 77' lang='lat' dir='ltr'><strong>Qua:</strong></span> 
     </span>
    </p>
   </div>
   <div class='ocr_carea' id='block_1_19' title="bbox 489 1766 2069 1829">
    <p class='ocr_par' dir='ltr' id='par_1_19' title="bbox 489 1766 2069 1829">
     <span class='ocr_line' id='line_1_19' title="bbox 489 1766 2069 1829; baseline 0.006 -10"><span class='ocrx_word' id='word_1_116' title='bbox 489 1766 631 1819; x_wconf 89' lang='lat' dir='ltr'><strong>enim</strong></span> <span class='ocrx_word' id='word_1_117' title='bbox 676 1774 754 1819; x_wconf 81' lang='lat' dir='ltr'><strong>est</strong></span> <span class='ocrx_word' id='word_1_118' title='bbox 803 1766 914 1819; x_wconf 89' lang='lat' dir='ltr'><strong>luci</strong></span> <span class='ocrx_word' id='word_1_119' title='bbox 953 1784 1070 1820; x_wconf 85' lang='lat' dir='ltr'><strong>cum</strong></span> <span class='ocrx_word' id='word_1_120' title='bbox 1113 1771 1337 1822; x_wconf 75' lang='lat' dir='ltr'><strong>tenebris</strong></span> <span class='ocrx_word' id='word_1_121' title='bbox 1385 1774 1796 1826; x_wconf 78' lang='lat' dir='ltr'><strong>communicatio</strong></span> <span class='ocrx_word' id='word_1_122' title='bbox 1822 1774 1847 1826; x_wconf 83' lang='lat'><strong><em>?</em></strong></span> <span class='ocrx_word' id='word_1_123' title='bbox 1892 1783 1951 1829; x_wconf 88' lang='lat' dir='ltr'><strong>ut</strong></span> <span class='ocrx_word' id='word_1_124' title='bbox 1992 1776 2069 1829; x_wconf 92' lang='lat' dir='ltr'><strong>ait</strong></span> 
     </span>
    </p>
   </div>
   <div class='ocr_carea' id='block_1_20' title="bbox 491 1858 2070 1931">
    <p class='ocr_par' dir='ltr' id='par_1_20' title="bbox 491 1858 2070 1931">
     <span class='ocr_line' id='line_1_20' title="bbox 491 1858 2070 1931; baseline 0.008 -22"><span class='ocrx_word' id='word_1_125' title='bbox 491 1858 823 1925; x_wconf 82' lang='lat' dir='ltr'><strong>Apostolus:</strong></span> <span class='ocrx_word' id='word_1_126' title='bbox 864 1859 939 1912; x_wconf 95' lang='lat' dir='ltr'><strong>vel</strong></span> <span class='ocrx_word' id='word_1_127' title='bbox 977 1876 1096 1929; x_wconf 71' lang='lat' dir='ltr'><strong>qua:</strong></span> <span class='ocrx_word' id='word_1_128' title='bbox 1131 1862 1325 1931; x_wconf 86' lang='lat' dir='ltr'><strong>templo</strong></span> <span class='ocrx_word' id='word_1_129' title='bbox 1372 1863 1463 1917; x_wconf 85' lang='lat' dir='ltr'><strong>Dei</strong></span> <span class='ocrx_word' id='word_1_130' title='bbox 1498 1882 1615 1918; x_wconf 86' lang='lat' dir='ltr'><strong>cum</strong></span> <span class='ocrx_word' id='word_1_131' title='bbox 1648 1866 1805 1921; x_wconf 86' lang='lat' dir='ltr'><strong>idolis</strong></span> <span class='ocrx_word' id='word_1_132' title='bbox 1850 1884 2070 1921; x_wconf 86' lang='lat' dir='ltr'><strong>consen-</strong></span> 
     </span>
    </p>
   </div>
   <div class='ocr_carea' id='block_1_21' title="bbox 490 1950 2069 2023">
    <p class='ocr_par' dir='ltr' id='par_1_21' title="bbox 490 1950 2069 2023">
     <span class='ocr_line' id='line_1_21' title="bbox 490 1950 2069 2023; baseline 0.006 -20"><span class='ocrx_word' id='word_1_133' title='bbox 490 1952 570 2003; x_wconf 81' lang='lat' dir='ltr'><strong>sio</strong></span> <span class='ocrx_word' id='word_1_134' title='bbox 591 1952 616 2002; x_wconf 74' lang='grc' dir='ltr'><em>γ</em></span> <span class='ocrx_word' id='word_1_135' title='bbox 636 1950 712 2003; x_wconf 90' lang='lat' dir='ltr'><strong>vel</strong></span> <span class='ocrx_word' id='word_1_136' title='bbox 743 1967 859 2021; x_wconf 71' lang='lat' dir='ltr'><strong>qua:</strong></span> <span class='ocrx_word' id='word_1_137' title='bbox 886 1950 1031 2019; x_wconf 81' lang='lat' dir='ltr'><strong>ﬁdeli</strong></span> <span class='ocrx_word' id='word_1_138' title='bbox 1060 1969 1181 2005; x_wconf 86' lang='lat' dir='ltr'><strong>cum</strong></span> <span class='ocrx_word' id='word_1_139' title='bbox 1218 1954 1424 2023; x_wconf 82' lang='lat' dir='ltr'><strong>inﬁdeli</strong></span> <span class='ocrx_word' id='word_1_140' title='bbox 1445 1972 1568 2023; x_wconf 87' lang='lat' dir='ltr'><strong>pars</strong></span> <span class='ocrx_word' id='word_1_141' title='bbox 1599 1958 1868 2023; x_wconf 79' lang='lat' dir='ltr'><strong>est?Qu(e</strong></span> <span class='ocrx_word' id='word_1_142' title='bbox 1890 1968 2069 2013; x_wconf 84' lang='lat' dir='ltr'><strong>autem</strong></span> 
     </span>
    </p>
   </div>
   <div class='ocr_carea' id='block_1_22' title="bbox 495 2042 2001 2105">
    <p class='ocr_par' dir='ltr' id='par_1_22' title="bbox 495 2042 2001 2105">
     <span class='ocr_line' id='line_1_22' title="bbox 495 2042 2001 2105; baseline 0.006 -9"><span class='ocrx_word' id='word_1_143' title='bbox 495 2042 709 2096; x_wconf 79' lang='lat' dir='ltr'><strong>Christe</strong></span> <span class='ocrx_word' id='word_1_144' title='bbox 734 2053 811 2095; x_wconf 88' lang='lat' dir='ltr'><strong>est</strong></span> <span class='ocrx_word' id='word_1_145' title='bbox 852 2060 971 2096; x_wconf 77' lang='lat' dir='ltr'><strong>cum</strong></span> <span class='ocrx_word' id='word_1_146' title='bbox 999 2044 1174 2097; x_wconf 86' lang='lat' dir='ltr'><strong>Belial</strong></span> <span class='ocrx_word' id='word_1_147' title='bbox 1213 2048 1497 2101; x_wconf 83' lang='lat' dir='ltr'><strong>concordia</strong></span> <span class='ocrx_word' id='word_1_148' title='bbox 1531 2066 1593 2103; x_wconf 86' lang='lat' dir='ltr'><strong>ac</strong></span> <span class='ocrx_word' id='word_1_149' title='bbox 1620 2052 1889 2105; x_wconf 84' lang='lat' dir='ltr'><strong>conventio</strong></span> <span class='ocrx_word' id='word_1_150' title='bbox 1915 2052 2001 2105; x_wconf 72' lang='grc'><strong>³³2</strong></span> 
     </span>
    </p>
   </div>
   <div class='ocr_carea' id='block_1_23' title="bbox 569 2127 2078 2206">
    <p class='ocr_par' dir='ltr' id='par_1_23' title="bbox 569 2127 2078 2206">
     <span class='ocr_line' id='line_1_23' title="bbox 569 2127 2078 2206; baseline 0.008 -20"><span class='ocrx_word' id='word_1_151' title='bbox 569 2133 658 2186; x_wconf 76' lang='grc'><strong>65.</strong></span> <span class='ocrx_word' id='word_1_152' title='bbox 703 2132 805 2198; x_wconf 84' lang='lat' dir='ltr'><strong>Qui</strong></span> <span class='ocrx_word' id='word_1_153' title='bbox 828 2135 879 2188; x_wconf 92' lang='lat' dir='ltr'><strong>in</strong></span> <span class='ocrx_word' id='word_1_154' title='bbox 902 2127 1201 2191; x_wconf 86' lang='lat' dir='ltr'><strong>noviluniis</strong></span> <span class='ocrx_word' id='word_1_155' title='bbox 1221 2152 1250 2190; x_wconf 93' lang='lat' dir='ltr'><strong>a</strong></span> <span class='ocrx_word' id='word_1_156' title='bbox 1272 2138 1597 2206; x_wconf 86' lang='lat' dir='ltr'><strong>quibusdam</strong></span> <span class='ocrx_word' id='word_1_157' title='bbox 1616 2150 1742 2197; x_wconf 87' lang='lat' dir='ltr'><strong>ante</strong></span> <span class='ocrx_word' id='word_1_158' title='bbox 1762 2157 1891 2197; x_wconf 87' lang='lat' dir='ltr'><strong>snas</strong></span> <span class='ocrx_word' id='word_1_159' title='bbox 1908 2142 2078 2198; x_wconf 74' lang='grc' dir='ltr'><strong>οῦ]ςί-</strong></span> 
     </span>
    </p>
   </div>
   <div class='ocr_carea' id='block_1_24' title="bbox 489 2224 2069 2301">
    <p class='ocr_par' dir='ltr' id='par_1_24' title="bbox 489 2224 2069 2301">
     <span class='ocr_line' id='line_1_24' title="bbox 489 2224 2069 2301; baseline 0.006 -24"><span class='ocrx_word' id='word_1_160' title='bbox 489 2238 589 2277; x_wconf 87' lang='lat' dir='ltr'><strong>nas</strong></span> <span class='ocrx_word' id='word_1_161' title='bbox 636 2236 688 2277; x_wconf 87' lang='lat' dir='ltr'><strong>et</strong></span> <span class='ocrx_word' id='word_1_162' title='bbox 720 2224 913 2279; x_wconf 85' lang='lat' dir='ltr'><strong>domos</strong></span> <span class='ocrx_word' id='word_1_163' title='bbox 963 2228 1337 2283; x_wconf 84' lang='lat' dir='ltr'><strong>accenduntur</strong></span> <span class='ocrx_word' id='word_1_164' title='bbox 1364 2230 1504 2300; x_wconf 85' lang='lat' dir='ltr'><strong>rogi,</strong></span> <span class='ocrx_word' id='word_1_165' title='bbox 1551 2247 1713 2301; x_wconf 86' lang='lat' dir='ltr'><strong>supra</strong></span> <span class='ocrx_word' id='word_1_166' title='bbox 1737 2248 1877 2301; x_wconf 92' lang='lat' dir='ltr'><strong>quos</strong></span> <span class='ocrx_word' id='word_1_167' title='bbox 1905 2234 2069 2287; x_wconf 86' lang='lat' dir='ltr'><strong>etiam</strong></span> 
     </span>
    </p>
   </div>
   <div class='ocr_carea' id='block_1_25' title="bbox 490 2316 2075 2393">
    <p class='ocr_par' dir='ltr' id='par_1_25' title="bbox 490 2316 2075 2393">
     <span class='ocr_line' id='line_1_25' title="bbox 490 2316 2075 2393; baseline 0.006 -24"><span class='ocrx_word' id='word_1_168' title='bbox 490 2316 715 2386; x_wconf 86' lang='lat' dir='ltr'><strong>antiqua</strong></span> <span class='ocrx_word' id='word_1_169' title='bbox 750 2316 983 2386; x_wconf 89' lang='lat' dir='ltr'><strong>quadam</strong></span> <span class='ocrx_word' id='word_1_170' title='bbox 1018 2320 1414 2377; x_wconf 87' lang='lat' dir='ltr'><strong>consuetudine</strong></span> <span class='ocrx_word' id='word_1_171' title='bbox 1437 2322 1597 2377; x_wconf 87' lang='lat' dir='ltr'><strong>salire</strong></span> <span class='ocrx_word' id='word_1_172' title='bbox 1621 2323 1799 2393; x_wconf 84' lang='lat' dir='ltr'><strong>inepte</strong></span> <span class='ocrx_word' id='word_1_173' title='bbox 1830 2326 2075 2379; x_wconf 81' lang='lat' dir='ltr'><strong>acdelire</strong></span> 
     </span>
    </p>
   </div>
   <div class='ocr_carea' id='block_1_26' title="bbox 490 2408 2072 2488">
    <p class='ocr_par' dir='ltr' id='par_1_26' title="bbox 490 2408 2072 2488">
     <span class='ocr_line' id='line_1_26' title="bbox 490 2408 2072 2488; baseline 0.006 -26"><span class='ocrx_word' id='word_1_174' title='bbox 490 2408 687 2470; x_wconf 87' lang='lat' dir='ltr'><strong>solent,</strong></span> <span class='ocrx_word' id='word_1_175' title='bbox 734 2408 994 2478; x_wconf 85' lang='lat' dir='ltr'><strong>jubemus</strong></span> <span class='ocrx_word' id='word_1_176' title='bbox 1047 2409 1305 2482; x_wconf 87' lang='lat' dir='ltr'><strong>deinceps</strong></span> <span class='ocrx_word' id='word_1_177' title='bbox 1352 2427 1591 2471; x_wconf 87' lang='lat' dir='ltr'><strong>cessare.</strong></span> <span class='ocrx_word' id='word_1_178' title='bbox 1630 2415 1893 2486; x_wconf 79' lang='lat' dir='ltr'><strong>Quisquis</strong></span> <span class='ocrx_word' id='word_1_179' title='bbox 1943 2432 2072 2488; x_wconf 80' lang='lat' dir='ltr'><strong>ergo</strong></span> 
     </span>
    </p>
   </div>
   <div class='ocr_carea' id='block_1_27' title="bbox 491 2496 2073 2577">
    <p class='ocr_par' dir='ltr' id='par_1_27' title="bbox 491 2496 2073 2577">
     <span class='ocr_line' id='line_1_27' title="bbox 491 2496 2073 2577; baseline 0.009 -28"><span class='ocrx_word' id='word_1_180' title='bbox 491 2496 595 2551; x_wconf 85' lang='lat' dir='ltr'><strong>tale</strong></span> <span class='ocrx_word' id='word_1_181' title='bbox 621 2498 749 2567; x_wconf 90' lang='lat' dir='ltr'><strong>quid</strong></span> <span class='ocrx_word' id='word_1_182' title='bbox 784 2496 991 2564; x_wconf 82' lang='lat' dir='ltr'><strong>fecerit,</strong></span> <span class='ocrx_word' id='word_1_183' title='bbox 1042 2501 1087 2554; x_wconf 88' lang='lat' dir='ltr'><strong>si</strong></span> <span class='ocrx_word' id='word_1_184' title='bbox 1159 2503 1232 2555; x_wconf 87' lang='lat' dir='ltr'><strong>sit</strong></span> <span class='ocrx_word' id='word_1_185' title='bbox 1272 2502 1491 2572; x_wconf 88' lang='lat' dir='ltr'><strong>quidem</strong></span> <span class='ocrx_word' id='word_1_186' title='bbox 1542 2505 1796 2570; x_wconf 87' lang='lat' dir='ltr'><strong>clericus,</strong></span> <span class='ocrx_word' id='word_1_187' title='bbox 1831 2507 2073 2577; x_wconf 84' lang='lat' dir='ltr'><strong>depona—</strong></span> 
     </span>
    </p>
   </div>
   <div class='ocr_carea' id='block_1_28' title="bbox 489 2590 2069 2671">
    <p class='ocr_par' dir='ltr' id='par_1_28' title="bbox 489 2590 2069 2671">
     <span class='ocr_line' id='line_1_28' title="bbox 489 2590 2069 2671; baseline 0.006 -29"><span class='ocrx_word' id='word_1_188' title='bbox 489 2597 615 2654; x_wconf 87' lang='lat' dir='ltr'><strong>tur;</strong></span> <span class='ocrx_word' id='word_1_189' title='bbox 672 2590 753 2644; x_wconf 91' lang='lat' dir='ltr'><strong>sin</strong></span> <span class='ocrx_word' id='word_1_190' title='bbox 795 2600 977 2645; x_wconf 88' lang='lat' dir='ltr'><strong>autem</strong></span> <span class='ocrx_word' id='word_1_191' title='bbox 1012 2593 1204 2656; x_wconf 90' lang='lat' dir='ltr'><strong>laicus,</strong></span> <span class='ocrx_word' id='word_1_192' title='bbox 1232 2593 1398 2667; x_wconf 64' lang='grc'><strong>444</strong></span> <span class='ocrx_word' id='word_1_193' title='bbox 1425 2608 1766 2671; x_wconf 76' lang='lat' dir='ltr'><strong>segregetur.</strong></span> <span class='ocrx_word' id='word_1_194' title='bbox 1786 2599 1847 2655; x_wconf 83' lang='lat' dir='ltr'><strong>In</strong></span> <span class='ocrx_word' id='word_1_195' title='bbox 1871 2612 2069 2669; x_wconf 86' lang='lat' dir='ltr'><strong>quarto</strong></span> 
     </span>
    </p>
   </div>
   <div class='ocr_carea' id='block_1_29' title="bbox 485 2682 2069 2762">
    <p class='ocr_par' dir='ltr' id='par_1_29' title="bbox 485 2682 2069 2762">
     <span class='ocr_line' id='line_1_29' title="bbox 485 2682 2069 2762; baseline 0.006 -27"><span class='ocrx_word' id='word_1_196' title='bbox 485 2682 631 2735; x_wconf 83' lang='lat' dir='ltr'><strong>enim</strong></span> <span class='ocrx_word' id='word_1_197' title='bbox 693 2683 831 2738; x_wconf 91' lang='lat' dir='ltr'><strong>libro</strong></span> <span class='ocrx_word' id='word_1_198' title='bbox 881 2684 1090 2755; x_wconf 78' lang='lat' dir='ltr'><strong>Regum</strong></span> <span class='ocrx_word' id='word_1_199' title='bbox 1148 2688 1409 2757; x_wconf 89' lang='lat' dir='ltr'><strong>scriptum</strong></span> <span class='ocrx_word' id='word_1_200' title='bbox 1456 2699 1541 2743; x_wconf 90' lang='lat' dir='ltr'><strong>est</strong></span> <span class='ocrx_word' id='word_1_201' title='bbox 1591 2707 1605 2743; x_wconf 91' lang='lat'><strong>:</strong></span> <span class='ocrx_word' id='word_1_202' title='bbox 1662 2689 1733 2743; x_wconf 88' lang='lat' dir='ltr'><strong>Et</strong></span> <span class='ocrx_word' id='word_1_203' title='bbox 1782 2692 2069 2762; x_wconf 76' lang='lat' dir='ltr'><strong>wdiﬁcavit</strong></span> 
     </span>
    </p>
   </div>
   <div class='ocr_carea' id='block_1_30' title="bbox 487 2772 2069 2837">
    <p class='ocr_par' dir='ltr' id='par_1_30' title="bbox 487 2772 2069 2837">
     <span class='ocr_line' id='line_1_30' title="bbox 487 2772 2069 2837; baseline 0.008 -12"><span class='ocrx_word' id='word_1_204' title='bbox 487 2772 765 2828; x_wconf 79' lang='lat' dir='ltr'><strong>Manasses</strong></span> <span class='ocrx_word' id='word_1_205' title='bbox 813 2776 984 2831; x_wconf 87' lang='lat' dir='ltr'><strong>altare</strong></span> <span class='ocrx_word' id='word_1_206' title='bbox 1037 2778 1297 2833; x_wconf 61' lang='lat' dir='ltr'><strong>universe</strong></span> <span class='ocrx_word' id='word_1_207' title='bbox 1350 2780 1559 2835; x_wconf 66' lang='lat' dir='ltr'><strong>militiae</strong></span> <span class='ocrx_word' id='word_1_208' title='bbox 1602 2782 1719 2836; x_wconf 72' lang='lat' dir='ltr'><strong>cceli</strong></span> <span class='ocrx_word' id='word_1_209' title='bbox 1760 2782 1815 2834; x_wconf 89' lang='lat' dir='ltr'><strong>in</strong></span> <span class='ocrx_word' id='word_1_210' title='bbox 1866 2781 2069 2837; x_wconf 86' lang='lat' dir='ltr'><strong>duobus</strong></span> 
     </span>
    </p>
   </div>
   <div class='ocr_carea' id='block_1_31' title="bbox 485 2868 2061 2944">
    <p class='ocr_par' dir='ltr' id='par_1_31' title="bbox 485 2868 2061 2944">
     <span class='ocr_line' id='line_1_31' title="bbox 485 2868 2061 2944; baseline 0.006 -26"><span class='ocrx_word' id='word_1_211' title='bbox 485 2869 640 2920; x_wconf 70' lang='lat' dir='ltr'><strong>atriis</strong></span> <span class='ocrx_word' id='word_1_212' title='bbox 670 2868 856 2923; x_wconf 86' lang='lat' dir='ltr'><strong>domus</strong></span> <span class='ocrx_word' id='word_1_213' title='bbox 889 2869 1007 2933; x_wconf 86' lang='lat' dir='ltr'><strong>Dei,</strong></span> <span class='ocrx_word' id='word_1_214' title='bbox 1040 2880 1090 2924; x_wconf 87' lang='lat' dir='ltr'><strong>et</strong></span> <span class='ocrx_word' id='word_1_215' title='bbox 1129 2870 1268 2939; x_wconf 77' lang='lat' dir='ltr'><strong>ﬁlios</strong></span> <span class='ocrx_word' id='word_1_216' title='bbox 1306 2889 1431 2926; x_wconf 88' lang='lat' dir='ltr'><strong>suos</strong></span> <span class='ocrx_word' id='word_1_217' title='bbox 1471 2873 1716 2927; x_wconf 76' lang='lat' dir='ltr'><strong>traduxit</strong></span> <span class='ocrx_word' id='word_1_218' title='bbox 1749 2891 1843 2944; x_wconf 83' lang='lat' dir='ltr'><strong>per</strong></span> <span class='ocrx_word' id='word_1_219' title='bbox 1869 2875 2061 2944; x_wconf 80' lang='lat' dir='ltr'><strong>ignem,</strong></span> 
     </span>
    </p>
   </div>
   <div class='ocr_carea' id='block_1_32' title="bbox 484 2957 2066 3035">
    <p class='ocr_par' dir='ltr' id='par_1_32' title="bbox 484 2957 2066 3035">
     <span class='ocr_line' id='line_1_32' title="bbox 484 2957 2066 3035; baseline 0.006 -26"><span class='ocrx_word' id='word_1_220' title='bbox 484 2957 815 3029; x_wconf 83' lang='lat' dir='ltr'><strong>sortibnsque</strong></span> <span class='ocrx_word' id='word_1_221' title='bbox 843 2969 891 3012; x_wconf 82' lang='lat' dir='ltr'><strong>et</strong></span> <span class='ocrx_word' id='word_1_222' title='bbox 920 2963 1159 3031; x_wconf 86' lang='lat' dir='ltr'><strong>auguriis</strong></span> <span class='ocrx_word' id='word_1_223' title='bbox 1216 2964 1569 3034; x_wconf 77' lang='lat' dir='ltr'><strong>auspiciisque</strong></span> <span class='ocrx_word' id='word_1_224' title='bbox 1612 2980 1737 3019; x_wconf 88' lang='lat' dir='ltr'><strong>usus</strong></span> <span class='ocrx_word' id='word_1_225' title='bbox 1770 2975 1869 3032; x_wconf 80' lang='lat' dir='ltr'><strong>est,</strong></span> <span class='ocrx_word' id='word_1_226' title='bbox 1909 2976 1955 3019; x_wconf 88' lang='lat' dir='ltr'><strong>et</strong></span> <span class='ocrx_word' id='word_1_227' title='bbox 1989 2965 2066 3035; x_wconf 77' lang='lat' dir='ltr'><strong>fe-</strong></span> 
     </span>
    </p>
   </div>
   <div class='ocr_carea' id='block_1_33' title="bbox 482 3048 2066 3120">
    <p class='ocr_par' dir='ltr' id='par_1_33' title="bbox 482 3048 2066 3120">
     <span class='ocr_line' id='line_1_33' title="bbox 482 3048 2066 3120; baseline 0.003 -20"><span class='ocrx_word' id='word_1_228' title='bbox 482 3048 556 3100; x_wconf 84' lang='lat' dir='ltr'><strong>cit</strong></span> <span class='ocrx_word' id='word_1_229' title='bbox 594 3050 949 3119; x_wconf 81' lang='lat' dir='ltr'><strong>ventriloquos</strong></span> <span class='ocrx_word' id='word_1_230' title='bbox 990 3067 1081 3105; x_wconf 85' lang='lat' dir='ltr'><strong>seu</strong></span> <span class='ocrx_word' id='word_1_231' title='bbox 1121 3052 1392 3120; x_wconf 84' lang='lat' dir='ltr'><strong>pythones,</strong></span> <span class='ocrx_word' id='word_1_232' title='bbox 1434 3062 1483 3105; x_wconf 85' lang='lat' dir='ltr'><strong>et</strong></span> <span class='ocrx_word' id='word_1_233' title='bbox 1526 3054 1846 3107; x_wconf 86' lang='lat' dir='ltr'><strong>divinatores</strong></span> <span class='ocrx_word' id='word_1_234' title='bbox 1877 3053 2066 3106; x_wconf 84' lang='lat' dir='ltr'><strong>multi-</strong></span> 
     </span>
    </p>
   </div>
   <div class='ocr_carea' id='block_1_34' title="bbox 2182 578 3760 656">
    <p class='ocr_par' dir='ltr' id='par_1_34' title="bbox 2182 578 3760 656">
     <span class='ocr_line' id='line_1_34' title="bbox 2182 578 3760 656; baseline 0.006 -25"><span class='ocrx_word' id='word_1_235' title='bbox 2182 578 2378 643; x_wconf 92' lang='grc' dir='ltr'>λοιντο,</span> <span class='ocrx_word' id='word_1_236' title='bbox 2396 580 2539 634; x_wconf 86' lang='grc' dir='ltr'><strong>κατά</strong></span> <span class='ocrx_word' id='word_1_237' title='bbox 2558 580 2628 635; x_wconf 84' lang='grc' dir='ltr'>τὰ</span> <span class='ocrx_word' id='word_1_238' title='bbox 2658 580 2849 652; x_wconf 85' lang='grc' dir='ltr'>πρώην</span> <span class='ocrx_word' id='word_1_239' title='bbox 2870 582 2976 635; x_wconf 78' lang='grc' dir='ltr'>ὑπὸ</span> <span class='ocrx_word' id='word_1_240' title='bbox 3001 581 3109 635; x_wconf 84' lang='grc' dir='ltr'><strong>τῶν</strong></span> <span class='ocrx_word' id='word_1_241' title='bbox 3136 584 3396 654; x_wconf 89' lang='grc' dir='ltr'>Πατέρων</span> <span class='ocrx_word' id='word_1_242' title='bbox 3418 587 3545 656; x_wconf 70' lang='grc' dir='ltr'>περὶ</span> <span class='ocrx_word' id='word_1_243' title='bbox 3574 588 3760 641; x_wconf 85' lang='grc' dir='ltr'>αὐτῶν</span> 
     </span>
    </p>
   </div>
   <div class='ocr_carea' id='block_1_35' title="bbox 2178 668 3767 746">
    <p class='ocr_par' dir='ltr' id='par_1_35' title="bbox 2178 668 3767 746">
     <span class='ocr_line' id='line_1_35' title="bbox 2178 668 3767 746; baseline 0.007 -25"><span class='ocrx_word' id='word_1_244' title='bbox 2178 668 2485 739; x_wconf 80' lang='grc' dir='ltr'><strong>ὁρισθέντα,</strong></span> <span class='ocrx_word' id='word_1_245' title='bbox 2505 671 2611 725; x_wconf 82' lang='grc' dir='ltr'><strong>ὑπὸ</strong></span> <span class='ocrx_word' id='word_1_246' title='bbox 2631 672 2723 725; x_wconf 87' lang='grc' dir='ltr'><strong>τὸν</strong></span> <span class='ocrx_word' id='word_1_247' title='bbox 2749 673 2951 727; x_wconf 82' lang='grc' dir='ltr'><strong>κανόνα</strong></span> <span class='ocrx_word' id='word_1_248' title='bbox 2977 672 3328 726; x_wconf 81' lang='grc' dir='ltr'><strong>πιπτέτωσαν</strong></span> <span class='ocrx_word' id='word_1_249' title='bbox 3355 675 3455 746; x_wconf 81' lang='grc' dir='ltr'>τῆς</span> <span class='ocrx_word' id='word_1_250' title='bbox 3480 676 3729 741; x_wconf 79' lang='grc' dir='ltr'>ἐξαετίας</span> <span class='ocrx_word' id='word_1_251' title='bbox 3752 696 3767 710; x_wconf 94' lang='grc'><strong>·</strong></span> 
     </span>
    </p>
   </div>
   <div class='ocr_carea' id='block_1_36' title="bbox 2178 758 3769 831">
    <p class='ocr_par' dir='ltr' id='par_1_36' title="bbox 2178 758 3769 831">
     <span class='ocr_line' id='line_1_36' title="bbox 2178 758 3769 831; baseline 0.003 -19"><span class='ocrx_word' id='word_1_252' title='bbox 2178 759 2256 829; x_wconf 82' lang='grc' dir='ltr'><strong>τῷ</strong></span> <span class='ocrx_word' id='word_1_253' title='bbox 2285 758 2435 830; x_wconf 87' lang='grc' dir='ltr'>αὐτῷ</span> <span class='ocrx_word' id='word_1_254' title='bbox 2459 760 2516 813; x_wconf 83' lang='grc' dir='ltr'><strong>δὲ</strong></span> <span class='ocrx_word' id='word_1_255' title='bbox 2534 759 2708 831; x_wconf 80' lang='grc' dir='ltr'>τούτῳ</span> <span class='ocrx_word' id='word_1_256' title='bbox 2730 759 2990 831; x_wconf 76' lang='grc' dir='ltr'>ἐπιτιμίῳ</span> <span class='ocrx_word' id='word_1_257' title='bbox 3013 760 3396 815; x_wconf 75' lang='grc' dir='ltr'>καθυποῆάλλε</span> <span class='ocrx_word' id='word_1_258' title='bbox 3411 762 3535 815; x_wconf 92' lang='grc' dir='ltr'>σθαι</span> <span class='ocrx_word' id='word_1_259' title='bbox 3564 763 3646 816; x_wconf 83' lang='grc' dir='ltr'>δεῖ</span> <span class='ocrx_word' id='word_1_260' title='bbox 3670 767 3769 817; x_wconf 77' lang='grc' dir='ltr'><strong>καὶ</strong></span> 
     </span>
    </p>
   </div>
   <div class='ocr_carea' id='block_1_37' title="bbox 2176 852 3770 924">
    <p class='ocr_par' dir='ltr' id='par_1_37' title="bbox 2176 852 3770 924">
     <span class='ocr_line' id='line_1_37' title="bbox 2176 852 3770 924; baseline 0.003 -18"><span class='ocrx_word' id='word_1_261' title='bbox 2176 855 2301 917; x_wconf 76' lang='grc' dir='ltr'>τοὺς</span> <span class='ocrx_word' id='word_1_262' title='bbox 2355 853 2455 917; x_wconf 86' lang='grc' dir='ltr'>τὰς</span> <span class='ocrx_word' id='word_1_263' title='bbox 2508 852 2742 924; x_wconf 81' lang='grc' dir='ltr'><strong>ἄρκτους</strong></span> <span class='ocrx_word' id='word_1_264' title='bbox 2802 853 3234 923; x_wconf 70' lang='grc' dir='ltr'><strong>ἐπισυρομένους</strong></span> <span class='ocrx_word' id='word_1_265' title='bbox 3293 854 3326 923; x_wconf 81' lang='grc' dir='ltr'>ἢ</span> <span class='ocrx_word' id='word_1_266' title='bbox 3386 855 3611 909; x_wconf 80' lang='grc' dir='ltr'>τοιαῦτα</span> <span class='ocrx_word' id='word_1_267' title='bbox 3653 856 3770 921; x_wconf 79' lang='grc' dir='ltr'><strong>ζῶα</strong></span> 
     </span>
    </p>
   </div>
   <div class='ocr_carea' id='block_1_38' title="bbox 2178 934 3769 1016">
    <p class='ocr_par' dir='ltr' id='par_1_38' title="bbox 2178 934 3769 1016">
     <span class='ocr_line' id='line_1_38' title="bbox 2178 934 3769 1016; baseline 0.003 -19"><span class='ocrx_word' id='word_1_268' title='bbox 2178 945 2315 1015; x_wconf 81' lang='grc' dir='ltr'>πρὸς</span> <span class='ocrx_word' id='word_1_269' title='bbox 2357 945 2608 1014; x_wconf 82' lang='grc' dir='ltr'>παίγνιον</span> <span class='ocrx_word' id='word_1_270' title='bbox 2642 934 2998 1015; x_wconf 82' lang='grc' dir='ltr'>καὶ’βλά6ην</span> <span class='ocrx_word' id='word_1_271' title='bbox 3047 944 3157 997; x_wconf 85' lang='grc' dir='ltr'>τῶν</span> <span class='ocrx_word' id='word_1_272' title='bbox 3198 946 3622 1016; x_wconf 80' lang='grc' dir='ltr'>ἁπλουστέρων·</span> <span class='ocrx_word' id='word_1_273' title='bbox 3671 951 3769 1003; x_wconf 74' lang='grc' dir='ltr'><strong>καὶ</strong></span> 
     </span>
    </p>
   </div>
   <div class='ocr_carea' id='block_1_39' title="bbox 2176 1038 3766 1108">
    <p class='ocr_par' dir='ltr' id='par_1_39' title="bbox 2176 1038 3766 1108">
     <span class='ocr_line' id='line_1_39' title="bbox 2176 1038 3766 1108; baseline 0 -17"><span class='ocrx_word' id='word_1_274' title='bbox 2176 1038 2348 1108; x_wconf 84' lang='grc' dir='ltr'><strong>τύχην</strong></span> <span class='ocrx_word' id='word_1_275' title='bbox 2383 1039 2476 1092; x_wconf 78' lang='grc' dir='ltr'>καὶ</span> <span class='ocrx_word' id='word_1_276' title='bbox 2518 1038 2862 1108; x_wconf 78' lang='grc' dir='ltr'>εἱμαρμένην</span> <span class='ocrx_word' id='word_1_277' title='bbox 2892 1038 2987 1090; x_wconf 74' lang='lat' dir='ltr'><strong>xui.</strong></span> <span class='ocrx_word' id='word_1_278' title='bbox 3019 1038 3411 1107; x_wconf 79' lang='grc' dir='ltr'>γενεαλογίαν,</span> <span class='ocrx_word' id='word_1_279' title='bbox 3450 1040 3546 1093; x_wconf 77' lang='grc' dir='ltr'>καὶ</span> <span class='ocrx_word' id='word_1_280' title='bbox 3584 1040 3766 1093; x_wconf 77' lang='grc' dir='ltr'>τοιού-</span> 
     </span>
    </p>
   </div>
   <div class='ocr_carea' id='block_1_40' title="bbox 2176 1127 3766 1203">
    <p class='ocr_par' dir='ltr' id='par_1_40' title="bbox 2176 1127 3766 1203">
     <span class='ocr_line' id='line_1_40' title="bbox 2176 1127 3766 1203; baseline 0.001 -22"><span class='ocrx_word' id='word_1_281' title='bbox 2176 1146 2283 1182; x_wconf 90' lang='grc' dir='ltr'><strong>των</strong></span> <span class='ocrx_word' id='word_1_282' title='bbox 2313 1129 2476 1183; x_wconf 85' lang='grc' dir='ltr'>τινῶν</span> <span class='ocrx_word' id='word_1_283' title='bbox 2530 1129 2791 1200; x_wconf 78' lang='grc' dir='ltr'><strong>ῥημάτων</strong></span> <span class='ocrx_word' id='word_1_284' title='bbox 2831 1127 3021 1199; x_wconf 75' lang='grc' dir='ltr'>ὄχλον,</span> <span class='ocrx_word' id='word_1_285' title='bbox 3062 1128 3203 1183; x_wconf 89' lang='grc' dir='ltr'><strong>κατά</strong></span> <span class='ocrx_word' id='word_1_286' title='bbox 3244 1130 3372 1192; x_wconf 79' lang='grc' dir='ltr'>τοὺς</span> <span class='ocrx_word' id='word_1_287' title='bbox 3412 1129 3513 1199; x_wconf 82' lang='grc' dir='ltr'>τῆς</span> <span class='ocrx_word' id='word_1_288' title='bbox 3554 1131 3766 1203; x_wconf 78' lang='grc' dir='ltr'><strong>πλάνης</strong></span> 
     </span>
    </p>
   </div>
   <div class='ocr_carea' id='block_1_41' title="bbox 2174 1220 3765 1293">
    <p class='ocr_par' dir='ltr' id='par_1_41' title="bbox 2174 1220 3765 1293">
     <span class='ocr_line' id='line_1_41' title="bbox 2174 1220 3765 1293; baseline 0 -18"><span class='ocrx_word' id='word_1_289' title='bbox 2174 1224 2370 1293; x_wconf 80' lang='grc' dir='ltr'>λήρους</span> <span class='ocrx_word' id='word_1_290' title='bbox 2410 1221 2723 1292; x_wconf 82' lang='grc' dir='ltr'>φωνοῦντας</span> <span class='ocrx_word' id='word_1_291' title='bbox 2741 1236 2757 1252; x_wconf 82' lang='lat'><strong><em>°</em></strong></span> <span class='ocrx_word' id='word_1_292' title='bbox 2794 1220 2921 1286; x_wconf 83' lang='grc' dir='ltr'>τούς</span> <span class='ocrx_word' id='word_1_293' title='bbox 2948 1238 3010 1274; x_wconf 89' lang='grc' dir='ltr'><strong>τε</strong></span> <span class='ocrx_word' id='word_1_294' title='bbox 3040 1220 3368 1290; x_wconf 85' lang='grc' dir='ltr'>λεγομένους</span> <span class='ocrx_word' id='word_1_295' title='bbox 3394 1222 3765 1292; x_wconf 81' lang='grc' dir='ltr'>νεφοδιώκτας</span> 
     </span>
    </p>
   </div>
   <div class='ocr_carea' id='block_1_42' title="bbox 2174 1313 3760 1384">
    <p class='ocr_par' dir='ltr' id='par_1_42' title="bbox 2174 1313 3760 1384">
     <span class='ocr_line' id='line_1_42' title="bbox 2174 1313 3760 1384; baseline 0 -18"><span class='ocrx_word' id='word_1_296' title='bbox 2174 1316 2268 1366; x_wconf 75' lang='grc' dir='ltr'>καὶ</span> <span class='ocrx_word' id='word_1_297' title='bbox 2289 1313 2558 1381; x_wconf 84' lang='grc' dir='ltr'>γυτευτάς</span> <span class='ocrx_word' id='word_1_298' title='bbox 2584 1314 2678 1367; x_wconf 72' lang='grc' dir='ltr'><strong>καὶ</strong></span> <span class='ocrx_word' id='word_1_299' title='bbox 2710 1313 3116 1384; x_wconf 81' lang='grc' dir='ltr'>φυλακτηρίους</span> <span class='ocrx_word' id='word_1_300' title='bbox 3148 1313 3243 1366; x_wconf 82' lang='grc' dir='ltr'>καὶ</span> <span class='ocrx_word' id='word_1_301' title='bbox 3271 1313 3493 1382; x_wconf 85' lang='grc' dir='ltr'>μάντεις</span> <span class='ocrx_word' id='word_1_302' title='bbox 3516 1329 3529 1343; x_wconf 88' lang='grc'><strong>·</strong></span> <span class='ocrx_word' id='word_1_303' title='bbox 3562 1315 3760 1384; x_wconf 77' lang='grc' dir='ltr'>ἐπιμέ-</span> 
     </span>
    </p>
   </div>
   <div class='ocr_carea' id='block_1_43' title="bbox 2173 1404 3760 1477">
    <p class='ocr_par' dir='ltr' id='par_1_43' title="bbox 2173 1404 3760 1477">
     <span class='ocr_line' id='line_1_43' title="bbox 2173 1404 3760 1477; baseline 0.002 -20"><span class='ocrx_word' id='word_1_304' title='bbox 2173 1422 2362 1469; x_wconf 86' lang='grc' dir='ltr'>νοντας</span> <span class='ocrx_word' id='word_1_305' title='bbox 2390 1406 2446 1458; x_wconf 85' lang='grc' dir='ltr'><strong>δὲ</strong></span> <span class='ocrx_word' id='word_1_306' title='bbox 2476 1406 2685 1468; x_wconf 80' lang='grc' dir='ltr'>τούτοις</span> <span class='ocrx_word' id='word_1_307' title='bbox 2706 1406 2800 1458; x_wconf 75' lang='grc' dir='ltr'>καὶ</span> <span class='ocrx_word' id='word_1_308' title='bbox 2825 1405 2898 1477; x_wconf 84' lang='grc' dir='ltr'>μὴ</span> <span class='ocrx_word' id='word_1_309' title='bbox 2926 1404 3380 1476; x_wconf 82' lang='grc' dir='ltr'>μετατιθεμένους</span> <span class='ocrx_word' id='word_1_310' title='bbox 3403 1407 3497 1458; x_wconf 76' lang='grc' dir='ltr'><strong>καὶ</strong></span> <span class='ocrx_word' id='word_1_311' title='bbox 3517 1406 3760 1476; x_wconf 76' lang='grc' dir='ltr'>ἀποφεύ-</span> 
     </span>
    </p>
   </div>
   <div class='ocr_carea' id='block_1_44' title="bbox 2171 1496 3757 1568">
    <p class='ocr_par' dir='ltr' id='par_1_44' title="bbox 2171 1496 3757 1568">
     <span class='ocr_line' id='line_1_44' title="bbox 2171 1496 3757 1568; baseline 0.003 -19"><span class='ocrx_word' id='word_1_312' title='bbox 2171 1513 2371 1566; x_wconf 85' lang='grc' dir='ltr'>γοντας</span> <span class='ocrx_word' id='word_1_313' title='bbox 2394 1497 2465 1550; x_wconf 85' lang='grc' dir='ltr'>τὰ</span> <span class='ocrx_word' id='word_1_314' title='bbox 2477 1497 2697 1567; x_wconf 88' lang='grc' dir='ltr'>ὀλέθρια</span> <span class='ocrx_word' id='word_1_315' title='bbox 2710 1497 2884 1551; x_wconf 83' lang='grc' dir='ltr'>ταῦτα</span> <span class='ocrx_word' id='word_1_316' title='bbox 2897 1498 2990 1550; x_wconf 71' lang='grc' dir='ltr'><strong>καὶ</strong></span> <span class='ocrx_word' id='word_1_317' title='bbox 3018 1496 3307 1567; x_wconf 77' lang='grc' dir='ltr'>Ἐλληνικά</span> <span class='ocrx_word' id='word_1_318' title='bbox 3325 1499 3580 1567; x_wconf 81' lang='grc' dir='ltr'>έπιτηδεύ</span> <span class='ocrx_word' id='word_1_319' title='bbox 3589 1517 3757 1568; x_wconf 86' lang='grc' dir='ltr'>ματα,</span> 
     </span>
    </p>
   </div>
   <div class='ocr_carea' id='block_1_45' title="bbox 2174 1589 3753 1662">
    <p class='ocr_par' dir='ltr' id='par_1_45' title="bbox 2174 1589 3753 1662">
     <span class='ocr_line' id='line_1_45' title="bbox 2174 1589 3753 1662; baseline 0.001 -21"><span class='ocrx_word' id='word_1_320' title='bbox 2174 1590 2521 1643; x_wconf 88' lang='grc' dir='ltr'>παντάπασιν</span> <span class='ocrx_word' id='word_1_321' title='bbox 2537 1590 2975 1662; x_wconf 79' lang='grc' dir='ltr'>ἀπορρίπτεσθαι</span> <span class='ocrx_word' id='word_1_322' title='bbox 2995 1589 3097 1659; x_wconf 85' lang='grc' dir='ltr'>τῆς</span> <span class='ocrx_word' id='word_1_323' title='bbox 3121 1589 3449 1660; x_wconf 84' lang='grc' dir='ltr'>Ἑκκλησίας</span> <span class='ocrx_word' id='word_1_324' title='bbox 3473 1589 3753 1660; x_wconf 81' lang='grc' dir='ltr'>ὁρίζομεν,</span> 
     </span>
    </p>
   </div>
   <div class='ocr_carea' id='block_1_46' title="bbox 2172 1681 3759 1755">
    <p class='ocr_par' dir='ltr' id='par_1_46' title="bbox 2172 1681 3759 1755">
     <span class='ocr_line' id='line_1_46' title="bbox 2172 1681 3759 1755; baseline -0.001 -20"><span class='ocrx_word' id='word_1_325' title='bbox 2172 1681 2315 1735; x_wconf 77' lang='grc' dir='ltr'>καθά</span> <span class='ocrx_word' id='word_1_326' title='bbox 2359 1684 2453 1735; x_wconf 75' lang='grc' dir='ltr'>καὶ</span> <span class='ocrx_word' id='word_1_327' title='bbox 2496 1684 2545 1736; x_wconf 81' lang='grc' dir='ltr'>οἱ</span> <span class='ocrx_word' id='word_1_328' title='bbox 2592 1684 2727 1755; x_wconf 78' lang='grc' dir='ltr'>ἱεροὶ</span> <span class='ocrx_word' id='word_1_329' title='bbox 2777 1681 3001 1745; x_wconf 86' lang='grc' dir='ltr'>κανόνες</span> <span class='ocrx_word' id='word_1_330' title='bbox 3053 1681 3454 1752; x_wconf 87' lang='grc' dir='ltr'>διαγορεὺουσι.</span> <span class='ocrx_word' id='word_1_331' title='bbox 3508 1684 3603 1748; x_wconf 83' lang='grc' dir='ltr'>Τίς</span> <span class='ocrx_word' id='word_1_332' title='bbox 3646 1683 3759 1751; x_wconf 78' lang='grc' dir='ltr'>γὰρ</span> 
     </span>
    </p>
   </div>
   <div class='ocr_carea' id='block_1_47' title="bbox 2172 1773 3760 1844">
    <p class='ocr_par' dir='ltr' id='par_1_47' title="bbox 2172 1773 3760 1844">
     <span class='ocr_line' id='line_1_47' title="bbox 2172 1773 3760 1844; baseline 0 -17"><span class='ocrx_word' id='word_1_333' title='bbox 2172 1776 2454 1827; x_wconf 82' lang='grc' dir='ltr'>κοινωνία</span> <span class='ocrx_word' id='word_1_334' title='bbox 2481 1776 2628 1844; x_wconf 76' lang='grc' dir='ltr'>φωτὶ</span> <span class='ocrx_word' id='word_1_335' title='bbox 2664 1774 2813 1843; x_wconf 83' lang='grc' dir='ltr'>πρὸς</span> <span class='ocrx_word' id='word_1_336' title='bbox 2846 1777 3087 1840; x_wconf 76' lang='grc' dir='ltr'>σκότος,</span> <span class='ocrx_word' id='word_1_337' title='bbox 3127 1773 3202 1836; x_wconf 86' lang='grc' dir='ltr'>ὥς</span> <span class='ocrx_word' id='word_1_338' title='bbox 3247 1790 3410 1844; x_wconf 77' lang='grc' dir='ltr'>φησιν</span> <span class='ocrx_word' id='word_1_339' title='bbox 3438 1776 3466 1827; x_wconf 89' lang='lat'><strong>6</strong></span> <span class='ocrx_word' id='word_1_340' title='bbox 3503 1774 3760 1828; x_wconf 81' lang='grc' dir='ltr'>Ἀπόστο-</span> 
     </span>
    </p>
   </div>
   <div class='ocr_carea' id='block_1_48' title="bbox 2177 1860 3758 1930">
    <p class='ocr_par' dir='ltr' id='par_1_48' title="bbox 2177 1860 3758 1930">
     <span class='ocr_line' id='line_1_48' title="bbox 2177 1860 3758 1930; baseline 0.003 -18"><span class='ocrx_word' id='word_1_341' title='bbox 2177 1860 2268 1924; x_wconf 86' lang='grc' dir='ltr'><strong>λος</strong></span> <span class='ocrx_word' id='word_1_342' title='bbox 2288 1879 2301 1925; x_wconf 82' lang='grc' dir='ltr'><strong>ς</strong></span> <span class='ocrx_word' id='word_1_343' title='bbox 2320 1864 2398 1915; x_wconf 88' lang='grc' dir='ltr'>Ἢ</span> <span class='ocrx_word' id='word_1_344' title='bbox 2418 1862 2510 1927; x_wconf 82' lang='grc' dir='ltr'><strong>τίς</strong></span> <span class='ocrx_word' id='word_1_345' title='bbox 2529 1861 2976 1930; x_wconf 79' lang='grc' dir='ltr'>συγκατάθεσις</span> <span class='ocrx_word' id='word_1_346' title='bbox 2997 1861 3121 1927; x_wconf 83' lang='grc' dir='ltr'><strong>ναῷ</strong></span> <span class='ocrx_word' id='word_1_347' title='bbox 3140 1861 3288 1916; x_wconf 84' lang='grc' dir='ltr'>Θεοῦ</span> <span class='ocrx_word' id='word_1_348' title='bbox 3303 1861 3454 1929; x_wconf 79' lang='grc' dir='ltr'>μετὰ</span> <span class='ocrx_word' id='word_1_349' title='bbox 3473 1862 3758 1928; x_wconf 47' lang='lat' dir='ltr'><strong>sidona»?</strong></span> 
     </span>
    </p>
   </div>
   <div class='ocr_carea' id='block_1_49' title="bbox 2181 1948 3761 2020">
    <p class='ocr_par' dir='ltr' id='par_1_49' title="bbox 2181 1948 3761 2020">
     <span class='ocr_line' id='line_1_49' title="bbox 2181 1948 3761 2020; baseline 0.001 -18"><span class='ocrx_word' id='word_1_350' title='bbox 2181 1949 2219 2017; x_wconf 77' lang='grc' dir='ltr'><em>ἢ</em></span> <span class='ocrx_word' id='word_1_351' title='bbox 2248 1950 2339 2016; x_wconf 84' lang='grc' dir='ltr'><strong>τίς</strong></span> <span class='ocrx_word' id='word_1_352' title='bbox 2354 1949 2524 2018; x_wconf 80' lang='grc' dir='ltr'>μερίς</span> <span class='ocrx_word' id='word_1_353' title='bbox 2565 1948 2761 2014; x_wconf 85' lang='grc' dir='ltr'>πιστῷ</span> <span class='ocrx_word' id='word_1_354' title='bbox 2784 1949 2936 2019; x_wconf 83' lang='grc' dir='ltr'>μετὰ</span> <span class='ocrx_word' id='word_1_355' title='bbox 2976 1950 3276 2013; x_wconf 85' lang='grc' dir='ltr'>ἀπι’στου;</span> <span class='ocrx_word' id='word_1_356' title='bbox 3309 1950 3401 2016; x_wconf 82' lang='grc' dir='ltr'><strong>τίς</strong></span> <span class='ocrx_word' id='word_1_357' title='bbox 3428 1948 3497 2002; x_wconf 83' lang='grc' dir='ltr'><em>δὲ</em></span> <span class='ocrx_word' id='word_1_358' title='bbox 3513 1950 3761 2020; x_wconf 65' lang='grc' dir='ltr'>συμφώ-</span> 
     </span>
    </p>
   </div>
   <div class='ocr_carea' id='block_1_50' title="bbox 2178 2036 3074 2106">
    <p class='ocr_par' dir='ltr' id='par_1_50' title="bbox 2178 2036 3074 2106">
     <span class='ocr_line' id='line_1_50' title="bbox 2178 2036 3074 2106; baseline -0.001 -16"><span class='ocrx_word' id='word_1_359' title='bbox 2178 2052 2357 2104; x_wconf 80' lang='grc' dir='ltr'>νησις</span> <span class='ocrx_word' id='word_1_360' title='bbox 2389 2036 2620 2106; x_wconf 82' lang='grc' dir='ltr'>Χριστῷ</span> <span class='ocrx_word' id='word_1_361' title='bbox 2642 2036 2795 2105; x_wconf 83' lang='grc' dir='ltr'>πρὸς</span> <span class='ocrx_word' id='word_1_362' title='bbox 2819 2036 3074 2105; x_wconf 72' lang='grc' dir='ltr'>Βελίαρ;</span> 
     </span>
    </p>
   </div>
   <div class='ocr_carea' id='block_1_51' title="bbox 2251 2127 3757 2200">
    <p class='ocr_par' dir='ltr' id='par_1_51' title="bbox 2251 2127 3757 2200">
     <span class='ocr_line' id='line_1_51' title="bbox 2251 2127 3757 2200; baseline 0.001 -19"><span class='ocrx_word' id='word_1_363' title='bbox 2251 2127 2344 2195; x_wconf 71' lang='grc' dir='ltr'><strong>ξεῆ</strong></span> <span class='ocrx_word' id='word_1_364' title='bbox 2399 2129 2511 2193; x_wconf 84' lang='grc' dir='ltr'><strong>Τὰς</strong></span> <span class='ocrx_word' id='word_1_365' title='bbox 2539 2130 2598 2183; x_wconf 77' lang='grc' dir='ltr'><strong>ἒν</strong></span> <span class='ocrx_word' id='word_1_366' title='bbox 2630 2131 2747 2192; x_wconf 86' lang='grc' dir='ltr'>ταῖς</span> <span class='ocrx_word' id='word_1_367' title='bbox 2786 2128 3102 2200; x_wconf 88' lang='grc' dir='ltr'>νεομηνίαις</span> <span class='ocrx_word' id='word_1_368' title='bbox 3145 2128 3251 2182; x_wconf 84' lang='grc' dir='ltr'>ὑπό</span> <span class='ocrx_word' id='word_1_369' title='bbox 3302 2145 3465 2183; x_wconf 90' lang='grc' dir='ltr'>τινων</span> <span class='ocrx_word' id='word_1_370' title='bbox 3512 2128 3620 2200; x_wconf 78' lang='grc' dir='ltr'><strong>πρὸ</strong></span> <span class='ocrx_word' id='word_1_371' title='bbox 3647 2128 3757 2182; x_wconf 74' lang='grc' dir='ltr'><strong>τῶν</strong></span> 
     </span>
    </p>
   </div>
   <div class='ocr_carea' id='block_1_52' title="bbox 2178 2219 3760 2291">
    <p class='ocr_par' dir='ltr' id='par_1_52' title="bbox 2178 2219 3760 2291">
     <span class='ocr_line' id='line_1_52' title="bbox 2178 2219 3760 2291; baseline -0.002 -17"><span class='ocrx_word' id='word_1_372' title='bbox 2178 2222 2396 2274; x_wconf 68' lang='grc' dir='ltr'>οἰκείων</span> <span class='ocrx_word' id='word_1_373' title='bbox 2436 2220 2818 2291; x_wconf 79' lang='grc' dir='ltr'>ἐργαστηρίων</span> <span class='ocrx_word' id='word_1_374' title='bbox 2848 2219 2942 2273; x_wconf 77' lang='grc' dir='ltr'><strong>καὶ</strong></span> <span class='ocrx_word' id='word_1_375' title='bbox 2985 2221 3150 2273; x_wconf 85' lang='grc' dir='ltr'>οῐκων</span> <span class='ocrx_word' id='word_1_376' title='bbox 3192 2221 3576 2289; x_wconf 74' lang='grc' dir='ltr'>ἀναπτομένας</span> <span class='ocrx_word' id='word_1_377' title='bbox 3620 2236 3760 2289; x_wconf 79' lang='grc' dir='ltr'>πυρ-</span> 
     </span>
    </p>
   </div>
   <div class='ocr_carea' id='block_1_53' title="bbox 2181 2310 3757 2381">
    <p class='ocr_par' dir='ltr' id='par_1_53' title="bbox 2181 2310 3757 2381">
     <span class='ocr_line' id='line_1_53' title="bbox 2181 2310 3757 2381; baseline -0.003 -15"><span class='ocrx_word' id='word_1_378' title='bbox 2181 2314 2379 2377; x_wconf 80' lang='grc' dir='ltr'>καῖάς,</span> <span class='ocrx_word' id='word_1_379' title='bbox 2432 2312 2501 2376; x_wconf 84' lang='grc' dir='ltr'>ἃς</span> <span class='ocrx_word' id='word_1_380' title='bbox 2556 2312 2653 2365; x_wconf 76' lang='grc' dir='ltr'><strong>καὶ</strong></span> <span class='ocrx_word' id='word_1_381' title='bbox 2706 2310 3143 2381; x_wconf 75' lang='grc' dir='ltr'>ὑπερϐάλλεσθαι</span> <span class='ocrx_word' id='word_1_382' title='bbox 3195 2329 3339 2374; x_wconf 88' lang='grc' dir='ltr'>τινες</span> <span class='ocrx_word' id='word_1_383' title='bbox 3374 2311 3515 2365; x_wconf 87' lang='grc' dir='ltr'>κατά</span> <span class='ocrx_word' id='word_1_384' title='bbox 3551 2328 3605 2362; x_wconf 89' lang='grc' dir='ltr'><strong>τι</strong></span> <span class='ocrx_word' id='word_1_385' title='bbox 3636 2310 3757 2373; x_wconf 75' lang='grc' dir='ltr'>ἔθος</span> 
     </span>
    </p>
   </div>
   <div class='ocr_carea' id='block_1_54' title="bbox 2176 2403 3759 2477">
    <p class='ocr_par' dir='ltr' id='par_1_54' title="bbox 2176 2403 3759 2477">
     <span class='ocr_line' id='line_1_54' title="bbox 2176 2403 3759 2477; baseline -0.003 -17"><span class='ocrx_word' id='word_1_386' title='bbox 2176 2409 2406 2477; x_wconf 82' lang='grc' dir='ltr'>ἀρχαῖον</span> <span class='ocrx_word' id='word_1_387' title='bbox 2449 2404 2841 2476; x_wconf 79' lang='grc' dir='ltr'>ἐπιχειροῦσιν,</span> <span class='ocrx_word' id='word_1_388' title='bbox 2892 2404 3001 2458; x_wconf 82' lang='grc' dir='ltr'><strong>ἀπὸ</strong></span> <span class='ocrx_word' id='word_1_389' title='bbox 3031 2403 3124 2458; x_wconf 82' lang='grc' dir='ltr'>τοῦ</span> <span class='ocrx_word' id='word_1_390' title='bbox 3161 2406 3427 2476; x_wconf 85' lang='grc' dir='ltr'>παρόντος</span> <span class='ocrx_word' id='word_1_391' title='bbox 3476 2420 3759 2473; x_wconf 84' lang='grc' dir='ltr'>καταργη-</span> 
     </span>
    </p>
   </div>
   <div class='ocr_carea' id='block_1_55' title="bbox 2176 2490 3755 2569">
    <p class='ocr_par' dir='ltr' id='par_1_55' title="bbox 2176 2490 3755 2569">
     <span class='ocr_line' id='line_1_55' title="bbox 2176 2490 3755 2569; baseline -0.004 -17"><span class='ocrx_word' id='word_1_392' title='bbox 2176 2498 2337 2569; x_wconf 85' lang='grc' dir='ltr'>θῆναι</span> <span class='ocrx_word' id='word_1_393' title='bbox 2372 2498 2789 2569; x_wconf 83' lang='grc' dir='ltr'>προστάσσομεν</span> <span class='ocrx_word' id='word_1_394' title='bbox 2811 2512 2828 2529; x_wconf 75' lang='grc' dir='ltr'><strong>ο</strong></span> <span class='ocrx_word' id='word_1_395' title='bbox 2860 2496 3007 2559; x_wconf 80' lang='grc' dir='ltr'>ὅστις</span> <span class='ocrx_word' id='word_1_396' title='bbox 3060 2490 3153 2549; x_wconf 80' lang='grc' dir='ltr'><strong>οὖν</strong></span> <span class='ocrx_word' id='word_1_397' title='bbox 3181 2495 3422 2548; x_wconf 83' lang='grc' dir='ltr'>τοιοῦτόν</span> <span class='ocrx_word' id='word_1_398' title='bbox 3459 2512 3512 2547; x_wconf 91' lang='grc' dir='ltr'><strong>τι</strong></span> <span class='ocrx_word' id='word_1_399' title='bbox 3537 2491 3755 2565; x_wconf 80' lang='grc' dir='ltr'>πράξοι,</span> 
     </span>
    </p>
   </div>
   <div class='ocr_carea' id='block_1_56' title="bbox 2175 2588 3754 2664">
    <p class='ocr_par' dir='ltr' id='par_1_56' title="bbox 2175 2588 3754 2664">
     <span class='ocr_line' id='line_1_56' title="bbox 2175 2588 3754 2664; baseline -0.004 -17"><span class='ocrx_word' id='word_1_400' title='bbox 2175 2595 2225 2647; x_wconf 88' lang='grc' dir='ltr'><strong>εί</strong></span> <span class='ocrx_word' id='word_1_401' title='bbox 2276 2593 2374 2664; x_wconf 80' lang='grc' dir='ltr'>μὲν</span> <span class='ocrx_word' id='word_1_402' title='bbox 2414 2592 2674 2663; x_wconf 83' lang='grc' dir='ltr'>κληρικὸς</span> <span class='ocrx_word' id='word_1_403' title='bbox 2730 2592 2851 2661; x_wconf 75' lang='grc' dir='ltr'>εἴη,</span> <span class='ocrx_word' id='word_1_404' title='bbox 2911 2588 3318 2659; x_wconf 82' lang='grc' dir='ltr'>καθαιρείσθω’</span> <span class='ocrx_word' id='word_1_405' title='bbox 3362 2591 3410 2643; x_wconf 85' lang='grc' dir='ltr'><strong>εί</strong></span> <span class='ocrx_word' id='word_1_406' title='bbox 3442 2589 3501 2643; x_wconf 80' lang='grc' dir='ltr'><strong>δὲ</strong></span> <span class='ocrx_word' id='word_1_407' title='bbox 3532 2588 3754 2654; x_wconf 83' lang='grc' dir='ltr'>λαῖκὺς,</span> 
     </span>
    </p>
   </div>
   <div class='ocr_carea' id='block_1_57' title="bbox 2175 2680 3759 2755">
    <p class='ocr_par' dir='ltr' id='par_1_57' title="bbox 2175 2680 3759 2755">
     <span class='ocr_line' id='line_1_57' title="bbox 2175 2680 3759 2755; baseline -0.001 -18"><span class='ocrx_word' id='word_1_408' title='bbox 2175 2683 2518 2755; x_wconf 79' lang='grc' dir='ltr'>ἀφοριζέσθω</span> <span class='ocrx_word' id='word_1_409' title='bbox 2542 2699 2555 2712; x_wconf 79' lang='lat'><strong>&#39;</strong></span> <span class='ocrx_word' id='word_1_410' title='bbox 2587 2684 2902 2755; x_wconf 85' lang='grc' dir='ltr'>γέγραπται</span> <span class='ocrx_word' id='word_1_411' title='bbox 2931 2682 3039 2755; x_wconf 81' lang='grc' dir='ltr'>γὰρ</span> <span class='ocrx_word' id='word_1_412' title='bbox 3063 2683 3119 2735; x_wconf 81' lang='grc' dir='ltr'>ὲν</span> <span class='ocrx_word' id='word_1_413' title='bbox 3145 2684 3212 2753; x_wconf 79' lang='grc' dir='ltr'>τῇ</span> <span class='ocrx_word' id='word_1_414' title='bbox 3246 2680 3480 2752; x_wconf 75' lang='grc' dir='ltr'>τετάρτῃ</span> <span class='ocrx_word' id='word_1_415' title='bbox 3508 2680 3615 2732; x_wconf 82' lang='grc' dir='ltr'>τῶν</span> <span class='ocrx_word' id='word_1_416' title='bbox 3650 2681 3759 2735; x_wconf 80' lang='grc' dir='ltr'><strong>Βα-</strong></span> 
     </span>
    </p>
   </div>
   <div class='ocr_carea' id='block_1_58' title="bbox 2175 2770 3758 2844">
    <p class='ocr_par' dir='ltr' id='par_1_58' title="bbox 2175 2770 3758 2844">
     <span class='ocr_line' id='line_1_58' title="bbox 2175 2770 3758 2844; baseline -0.004 -16"><span class='ocrx_word' id='word_1_417' title='bbox 2175 2774 2392 2828; x_wconf 86' lang='grc' dir='ltr'>σιλειῶν</span> <span class='ocrx_word' id='word_1_418' title='bbox 2417 2791 2431 2805; x_wconf 92' lang='grc'><strong>·</strong></span> <span class='ocrx_word' id='word_1_419' title='bbox 2484 2774 2593 2830; x_wconf 77' lang='grc' dir='ltr'><strong>Καὶ</strong></span> <span class='ocrx_word' id='word_1_420' title='bbox 2631 2773 2981 2844; x_wconf 81' lang='grc' dir='ltr'>ᾠκοδόμησε</span> <span class='ocrx_word' id='word_1_421' title='bbox 3032 2771 3374 2840; x_wconf 82' lang='grc' dir='ltr'>Μανασσῆς</span> <span class='ocrx_word' id='word_1_422' title='bbox 3426 2770 3758 2836; x_wconf 79' lang='grc' dir='ltr'>θυσιαστὴ-</span> 
     </span>
    </p>
   </div>
   <div class='ocr_carea' id='block_1_59' title="bbox 2166 2861 3758 2935">
    <p class='ocr_par' dir='ltr' id='par_1_59' title="bbox 2166 2861 3758 2935">
     <span class='ocr_line' id='line_1_59' title="bbox 2166 2861 3758 2935; baseline -0.003 -16"><span class='ocrx_word' id='word_1_423' title='bbox 2166 2882 2306 2935; x_wconf 80' lang='grc' dir='ltr'>ριον</span> <span class='ocrx_word' id='word_1_424' title='bbox 2336 2864 2505 2934; x_wconf 76' lang='grc' dir='ltr'>πάσῃ</span> <span class='ocrx_word' id='word_1_425' title='bbox 2536 2864 2613 2935; x_wconf 78' lang='grc' dir='ltr'>τῇ</span> <span class='ocrx_word' id='word_1_426' title='bbox 2656 2863 2908 2933; x_wconf 84' lang='grc' dir='ltr'>στρατιᾷ</span> <span class='ocrx_word' id='word_1_427' title='bbox 2958 2864 3066 2918; x_wconf 84' lang='grc' dir='ltr'>τοῦ</span> <span class='ocrx_word' id='word_1_428' title='bbox 3095 2864 3355 2933; x_wconf 77' lang='grc' dir='ltr'>οὐρανοῦ</span> <span class='ocrx_word' id='word_1_429' title='bbox 3392 2863 3463 2916; x_wconf 80' lang='grc' dir='ltr'><strong>ἐν</strong></span> <span class='ocrx_word' id='word_1_430' title='bbox 3485 2861 3617 2929; x_wconf 86' lang='grc' dir='ltr'>ταῖς</span> <span class='ocrx_word' id='word_1_431' title='bbox 3646 2862 3758 2917; x_wconf 83' lang='grc' dir='ltr'><strong>δύο</strong></span> 
     </span>
    </p>
   </div>
   <div class='ocr_carea' id='block_1_60' title="bbox 2174 2955 3758 3028">
    <p class='ocr_par' dir='ltr' id='par_1_60' title="bbox 2174 2955 3758 3028">
     <span class='ocr_line' id='line_1_60' title="bbox 2174 2955 3758 3028; baseline -0.002 -17"><span class='ocrx_word' id='word_1_432' title='bbox 2174 2958 2391 3025; x_wconf 74' lang='grc' dir='ltr'>αὐλαῖς</span> <span class='ocrx_word' id='word_1_433' title='bbox 2420 2959 2590 3014; x_wconf 79' lang='grc' dir='ltr'>οἵκου</span> <span class='ocrx_word' id='word_1_434' title='bbox 2638 2960 2882 3027; x_wconf 82' lang='grc' dir='ltr'>Κυρίου,</span> <span class='ocrx_word' id='word_1_435' title='bbox 2931 2957 3029 3012; x_wconf 78' lang='grc' dir='ltr'>καὶ</span> <span class='ocrx_word' id='word_1_436' title='bbox 3069 2956 3315 3028; x_wconf 79' lang='grc' dir='ltr'>διήγαγε</span> <span class='ocrx_word' id='word_1_437' title='bbox 3344 2957 3415 3010; x_wconf 85' lang='grc' dir='ltr'>τὰ</span> <span class='ocrx_word' id='word_1_438' title='bbox 3443 2955 3626 3009; x_wconf 79' lang='grc' dir='ltr'>τέκνα</span> <span class='ocrx_word' id='word_1_439' title='bbox 3652 2957 3758 3009; x_wconf 69' lang='lat' dir='ltr'><strong>av-</strong></span> 
     </span>
    </p>
   </div>
   <div class='ocr_carea' id='block_1_61' title="bbox 2175 3046 3753 3119">
    <p class='ocr_par' dir='ltr' id='par_1_61' title="bbox 2175 3046 3753 3119">
     <span class='ocr_line' id='line_1_61' title="bbox 2175 3046 3753 3119; baseline -0.003 -14"><span class='ocrx_word' id='word_1_440' title='bbox 2175 3049 2284 3105; x_wconf 83' lang='grc' dir='ltr'>τοῦ</span> <span class='ocrx_word' id='word_1_441' title='bbox 2309 3051 2371 3103; x_wconf 66' lang='grc' dir='ltr'><em>ἐν</em></span> <span class='ocrx_word' id='word_1_442' title='bbox 2398 3049 2565 3119; x_wconf 71' lang='grc' dir='ltr'>πυρί,</span> <span class='ocrx_word' id='word_1_443' title='bbox 2595 3052 2694 3105; x_wconf 75' lang='grc' dir='ltr'>καὶ</span> <span class='ocrx_word' id='word_1_444' title='bbox 2741 3049 3180 3119; x_wconf 70' lang='grc' dir='ltr'>ἐκλῃδονίζετο,</span> <span class='ocrx_word' id='word_1_445' title='bbox 3198 3049 3297 3103; x_wconf 82' lang='grc' dir='ltr'>καὶ</span> <span class='ocrx_word' id='word_1_446' title='bbox 3319 3046 3629 3113; x_wconf 79' lang='grc' dir='ltr'>οὶωνίζετο,</span> <span class='ocrx_word' id='word_1_447' title='bbox 3654 3047 3753 3100; x_wconf 73' lang='grc' dir='ltr'>καὶ</span> 
     </span>
    </p>
   </div>
   <div class='ocr_carea' id='block_1_62' title="bbox 491 3136 2066 3212">
    <p class='ocr_par' dir='ltr' id='par_1_62' title="bbox 491 3142 2065 3212">
     <span class='ocr_line' id='line_1_62' title="bbox 491 3142 2065 3212; baseline 0.003 -19"><span class='ocrx_word' id='word_1_448' title='bbox 491 3142 733 3211; x_wconf 83' lang='lat' dir='ltr'><strong>plicavit,</strong></span> <span class='ocrx_word' id='word_1_449' title='bbox 784 3152 841 3195; x_wconf 91' lang='lat' dir='ltr'><strong>ut</strong></span> <span class='ocrx_word' id='word_1_450' title='bbox 881 3144 1076 3212; x_wconf 81' lang='lat' dir='ltr'><strong>faceret</strong></span> <span class='ocrx_word' id='word_1_451' title='bbox 1107 3145 1304 3199; x_wconf 88' lang='lat' dir='ltr'><strong>malum</strong></span> <span class='ocrx_word' id='word_1_452' title='bbox 1339 3161 1518 3200; x_wconf 88' lang='lat' dir='ltr'><strong>coram</strong></span> <span class='ocrx_word' id='word_1_453' title='bbox 1567 3145 1813 3209; x_wconf 79' lang='lat' dir='ltr'><strong>Domino,</strong></span> <span class='ocrx_word' id='word_1_454' title='bbox 1860 3157 1915 3200; x_wconf 86' lang='lat' dir='ltr'><strong>ut</strong></span> <span class='ocrx_word' id='word_1_455' title='bbox 1947 3162 2065 3199; x_wconf 88' lang='lat' dir='ltr'><strong>eum</strong></span> 
     </span>
    </p>
   </div>
   <div class='ocr_carea' id='block_1_63' title="bbox 2169 3136 3756 3212">
    <p class='ocr_par' dir='ltr' id='par_1_63' title="bbox 2172 3136 3756 3212">
     <span class='ocr_line' id='line_1_63' title="bbox 2172 3136 3756 3212; baseline -0.003 -17"><span class='ocrx_word' id='word_1_456' title='bbox 2172 3141 2467 3211; x_wconf 83' lang='grc' dir='ltr'>ἐποίησεν</span> <span class='ocrx_word' id='word_1_457' title='bbox 2522 3142 3060 3212; x_wconf 75' lang='grc' dir='ltr'>ἐγγαστριμύθους,</span> <span class='ocrx_word' id='word_1_458' title='bbox 3098 3139 3199 3194; x_wconf 76' lang='grc' dir='ltr'><strong>καί</strong></span> <span class='ocrx_word' id='word_1_459' title='bbox 3251 3140 3525 3210; x_wconf 73' lang='grc' dir='ltr'>γνώστας</span> <span class='ocrx_word' id='word_1_460' title='bbox 3576 3136 3756 3206; x_wconf 70' lang='grc' dir='ltr'><strong>ἐπλή-</strong></span> 
     </span>
    </p>
   </div>
   <div class='ocr_carea' id='block_1_64' title="bbox 484 3234 1154 3301">
    <p class='ocr_par' dir='ltr' id='par_1_64' title="bbox 484 3234 1154 3301">
     <span class='ocr_line' id='line_1_64' title="bbox 484 3234 1154 3301; baseline 0.006 -15"><span class='ocrx_word' id='word_1_461' title='bbox 484 3234 556 3286; x_wconf 85' lang='lat' dir='ltr'><strong>ad</strong></span> <span class='ocrx_word' id='word_1_462' title='bbox 586 3235 724 3287; x_wconf 86' lang='lat' dir='ltr'><strong>iram</strong></span> <span class='ocrx_word' id='word_1_463' title='bbox 750 3247 1055 3301; x_wconf 81' lang='lat' dir='ltr'><strong>provocaret</strong></span> <span class='ocrx_word' id='word_1_464' title='bbox 1087 3236 1154 3290; x_wconf 69' lang='grc'><strong>³⁵.</strong></span> 
     </span>
    </p>
   </div>
   <div class='ocr_carea' id='block_1_65' title="bbox 484 3424 2068 3531">
    <p class='ocr_par' dir='ltr' id='par_1_65' title="bbox 484 3456 2068 3531">
     <span class='ocr_line' id='line_1_65' title="bbox 484 3456 2068 3531; baseline 0.001 -19"><span class='ocrx_word' id='word_1_465' title='bbox 484 3456 640 3531; x_wconf 79' lang='lat' dir='ltr'><strong>Beati</strong></span> <span class='ocrx_word' id='word_1_466' title='bbox 685 3457 835 3513; x_wconf 85' lang='lat' dir='ltr'><strong>Petri</strong></span> <span class='ocrx_word' id='word_1_467' title='bbox 907 3460 1288 3531; x_wconf 82' lang='lat' dir='ltr'><strong>archiepiscopi</strong></span> <span class='ocrx_word' id='word_1_468' title='bbox 1345 3459 1694 3516; x_wconf 72' lang='lat' dir='ltr'><strong>Alexandrini</strong></span> <span class='ocrx_word' id='word_1_469' title='bbox 1754 3468 1805 3513; x_wconf 89' lang='lat' dir='ltr'><strong>et</strong></span> <span class='ocrx_word' id='word_1_470' title='bbox 1863 3470 2068 3530; x_wconf 84' lang='lat' dir='ltr'><strong>marty-</strong></span> 
     </span>
    </p>
   </div>
   <div class='ocr_carea' id='block_1_66' title="bbox 557 3530 2065 3597">
    <p class='ocr_par' dir='ltr' id='par_1_66' title="bbox 557 3530 2065 3597">
     <span class='ocr_line' id='line_1_66' title="bbox 557 3530 2065 3597; baseline 0.002 -15"><span class='ocrx_word' id='word_1_471' title='bbox 557 3530 630 3582; x_wconf 85' lang='lat' dir='ltr'><strong>ris</strong></span> <span class='ocrx_word' id='word_1_472' title='bbox 672 3547 897 3584; x_wconf 86' lang='lat' dir='ltr'><strong>canones</strong></span> <span class='ocrx_word' id='word_1_473' title='bbox 936 3532 987 3593; x_wconf 81' lang='grc'>1,</span> <span class='ocrx_word' id='word_1_474' title='bbox 1014 3531 1069 3595; x_wconf 67' lang='grc'>2,</span> <span class='ocrx_word' id='word_1_475' title='bbox 1106 3533 1160 3593; x_wconf 79' lang='grc'>5,</span> <span class='ocrx_word' id='word_1_476' title='bbox 1196 3530 1250 3597; x_wconf 75' lang='grc'>4,</span> <span class='ocrx_word' id='word_1_477' title='bbox 1283 3532 1337 3595; x_wconf 81' lang='lat'><strong>5,</strong></span> <span class='ocrx_word' id='word_1_478' title='bbox 1369 3533 1422 3595; x_wconf 86' lang='lat'><em>6,</em></span> <span class='ocrx_word' id='word_1_479' title='bbox 1451 3534 1503 3594; x_wconf 91' lang='lat'><strong>7,</strong></span> <span class='ocrx_word' id='word_1_480' title='bbox 1539 3534 1592 3593; x_wconf 88' lang='lat'><strong>8,</strong></span> <span class='ocrx_word' id='word_1_481' title='bbox 1624 3533 1677 3595; x_wconf 90' lang='lat'><strong>9,</strong></span> <span class='ocrx_word' id='word_1_482' title='bbox 1726 3532 1813 3593; x_wconf 83' lang='lat' dir='ltr'><strong>l0,</strong></span> <span class='ocrx_word' id='word_1_483' title='bbox 1854 3531 1942 3594; x_wconf 79' lang='lat' dir='ltr'><strong>il,</strong></span> <span class='ocrx_word' id='word_1_484' title='bbox 1978 3533 2065 3596; x_wconf 72' lang='lat'><strong>12,</strong></span> 
     </span>
    </p>
   </div>
   <div class='ocr_carea' id='block_1_67' title="bbox 552 3600 2070 3724">
    <p class='ocr_par' dir='ltr' id='par_1_67' title="bbox 552 3600 2070 3724">
     <span class='ocr_line' id='line_1_67' title="bbox 557 3600 2070 3682; baseline 0.001 -30"><span class='ocrx_word' id='word_1_485' title='bbox 557 3600 773 3682; x_wconf 42' lang='lat'><strong>13,.14,</strong></span> <span class='ocrx_word' id='word_1_486' title='bbox 801 3602 891 3671; x_wconf 87' lang='lat' dir='ltr'><strong>qui</strong></span> <span class='ocrx_word' id='word_1_487' title='bbox 937 3602 1182 3671; x_wconf 80' lang='lat' dir='ltr'><strong>feruntur</strong></span> <span class='ocrx_word' id='word_1_488' title='bbox 1232 3604 1285 3656; x_wconf 86' lang='lat' dir='ltr'><strong>in</strong></span> <span class='ocrx_word' id='word_1_489' title='bbox 1347 3618 1581 3656; x_wconf 83' lang='lat' dir='ltr'><strong>sermone</strong></span> <span class='ocrx_word' id='word_1_490' title='bbox 1627 3603 1741 3671; x_wconf 81' lang='lat' dir='ltr'><strong>ejus</strong></span> <span class='ocrx_word' id='word_1_491' title='bbox 1796 3602 1860 3656; x_wconf 84' lang='lat' dir='ltr'><strong>de</strong></span> <span class='ocrx_word' id='word_1_492' title='bbox 1904 3605 2070 3671; x_wconf 75' lang='lat' dir='ltr'><strong>paeni-</strong></span> 
     </span>
     <span class='ocr_line' id='line_1_68' title="bbox 552 3680 1884 3724; baseline 0.008 -1"><span class='ocrx_word' id='word_1_493' title='bbox 552 3680 739 3724; x_wconf 77' lang='lat' dir='ltr'><strong>tenlta.</strong></span> <span class='ocrx_word' id='word_1_494' title='bbox 1880 3700 1884 3705; x_wconf 80' lang='lat'>‘</span> 
     </span>
    </p>
   </div>
   <div class='ocr_carea' id='block_1_68' title="bbox 556 3780 2068 3854">
    <p class='ocr_par' dir='ltr' id='par_1_68' title="bbox 556 3780 2068 3854">
     <span class='ocr_line' id='line_1_69' title="bbox 556 3780 2068 3854; baseline 0.003 -18"><span class='ocrx_word' id='word_1_495' title='bbox 556 3783 609 3836; x_wconf 78' lang='grc'><strong>1.</strong></span> <span class='ocrx_word' id='word_1_496' title='bbox 651 3780 921 3847; x_wconf 80' lang='lat' dir='ltr'><strong>Quoniam</strong></span> <span class='ocrx_word' id='word_1_497' title='bbox 953 3792 1134 3837; x_wconf 89' lang='lat' dir='ltr'><strong>autem</strong></span> <span class='ocrx_word' id='word_1_498' title='bbox 1178 3792 1433 3853; x_wconf 89' lang='lat' dir='ltr'><strong>quartum</strong></span> <span class='ocrx_word' id='word_1_499' title='bbox 1477 3781 1684 3839; x_wconf 80' lang='lat' dir='ltr'><strong>Pascha</strong></span> <span class='ocrx_word' id='word_1_500' title='bbox 1730 3785 2068 3854; x_wconf 79' lang='lat' dir='ltr'><strong>persecutio-</strong></span> 
     </span>
    </p>
   </div>
   <div class='ocr_carea' id='block_1_69' title="bbox 484 3876 2063 3951">
    <p class='ocr_par' dir='ltr' id='par_1_69' title="bbox 484 3876 2063 3951">
     <span class='ocr_line' id='line_1_70' title="bbox 484 3876 2063 3951; baseline 0.006 -25"><span class='ocrx_word' id='word_1_501' title='bbox 484 3888 607 3927; x_wconf 85' lang='lat' dir='ltr'><strong>nem</strong></span> <span class='ocrx_word' id='word_1_502' title='bbox 648 3876 759 3943; x_wconf 89' lang='lat' dir='ltr'><strong>jam</strong></span> <span class='ocrx_word' id='word_1_503' title='bbox 800 3878 1188 3946; x_wconf 82' lang='lat' dir='ltr'><strong>apprehendit,</strong></span> <span class='ocrx_word' id='word_1_504' title='bbox 1231 3879 1364 3933; x_wconf 89' lang='lat' dir='ltr'><strong>satis</strong></span> <span class='ocrx_word' id='word_1_505' title='bbox 1412 3888 1496 3935; x_wconf 89' lang='lat' dir='ltr'><strong>est</strong></span> <span class='ocrx_word' id='word_1_506' title='bbox 1547 3880 1601 3933; x_wconf 93' lang='lat' dir='ltr'><strong>in</strong></span> <span class='ocrx_word' id='word_1_507' title='bbox 1648 3880 1713 3935; x_wconf 92' lang='lat' dir='ltr'><strong>iis</strong></span> <span class='ocrx_word' id='word_1_508' title='bbox 1764 3881 1856 3951; x_wconf 89' lang='lat' dir='ltr'><strong>qui</strong></span> <span class='ocrx_word' id='word_1_509' title='bbox 1900 3880 2063 3935; x_wconf 85' lang='lat' dir='ltr'><strong>delati</strong></span> 
     </span>
    </p>
   </div>
   <div class='ocr_carea' id='block_1_70' title="bbox 482 3967 2061 4041">
    <p class='ocr_par' dir='ltr' id='par_1_70' title="bbox 482 3967 2061 4041">
     <span class='ocr_line' id='line_1_71' title="bbox 482 3967 2061 4041; baseline 0.006 -23"><span class='ocrx_word' id='word_1_510' title='bbox 482 3967 701 4036; x_wconf 84' lang='lat' dir='ltr'><strong>quidem</strong></span> <span class='ocrx_word' id='word_1_511' title='bbox 739 3978 867 4023; x_wconf 88' lang='lat' dir='ltr'><strong>sunt</strong></span> <span class='ocrx_word' id='word_1_512' title='bbox 913 3969 967 4022; x_wconf 91' lang='lat' dir='ltr'><strong>in</strong></span> <span class='ocrx_word' id='word_1_513' title='bbox 1007 3971 1422 4040; x_wconf 81' lang='lat' dir='ltr'><strong>custodiamque</strong></span> <span class='ocrx_word' id='word_1_514' title='bbox 1462 3972 1724 4041; x_wconf 69' lang='lat' dir='ltr'><strong>coniecti,</strong></span> <span class='ocrx_word' id='word_1_515' title='bbox 1760 3982 2061 4028; x_wconf 76' lang='lat' dir='ltr'><strong>tormenta-</strong></span> 
     </span>
    </p>
   </div>
   <div class='ocr_carea' id='block_1_71' title="bbox 480 4060 2064 4133">
    <p class='ocr_par' dir='ltr' id='par_1_71' title="bbox 480 4060 2064 4133">
     <span class='ocr_line' id='line_1_72' title="bbox 480 4060 2064 4133; baseline 0.006 -22"><span class='ocrx_word' id='word_1_516' title='bbox 480 4074 588 4129; x_wconf 89' lang='lat' dir='ltr'><strong>que</strong></span> <span class='ocrx_word' id='word_1_517' title='bbox 619 4074 729 4113; x_wconf 90' lang='lat' dir='ltr'><strong>non</strong></span> <span class='ocrx_word' id='word_1_518' title='bbox 769 4060 1101 4126; x_wconf 80' lang='lat' dir='ltr'><strong>suli‘erenda,</strong></span> <span class='ocrx_word' id='word_1_519' title='bbox 1133 4071 1184 4116; x_wconf 86' lang='lat' dir='ltr'><strong>et</strong></span> <span class='ocrx_word' id='word_1_520' title='bbox 1212 4063 1573 4117; x_wconf 81' lang='lat' dir='ltr'><strong>intolerabilia</strong></span> <span class='ocrx_word' id='word_1_521' title='bbox 1607 4063 1815 4133; x_wconf 84' lang='lat' dir='ltr'><strong>ﬂagella</strong></span> <span class='ocrx_word' id='word_1_522' title='bbox 1845 4076 1897 4120; x_wconf 90' lang='lat' dir='ltr'><strong>et</strong></span> <span class='ocrx_word' id='word_1_523' title='bbox 1920 4066 2064 4120; x_wconf 86' lang='lat' dir='ltr'><strong>mul-</strong></span> 
     </span>
    </p>
   </div>
   <div class='ocr_carea' id='block_1_72' title="bbox 482 4151 2057 4226">
    <p class='ocr_par' dir='ltr' id='par_1_72' title="bbox 482 4151 2057 4226">
     <span class='ocr_line' id='line_1_73' title="bbox 482 4151 2057 4226; baseline 0.006 -23"><span class='ocrx_word' id='word_1_524' title='bbox 482 4161 565 4204; x_wconf 86' lang='lat' dir='ltr'><strong>tas</strong></span> <span class='ocrx_word' id='word_1_525' title='bbox 606 4151 744 4205; x_wconf 87' lang='lat' dir='ltr'><strong>alias</strong></span> <span class='ocrx_word' id='word_1_526' title='bbox 780 4167 975 4222; x_wconf 81' lang='lat' dir='ltr'><strong>graves</strong></span> <span class='ocrx_word' id='word_1_527' title='bbox 1018 4156 1369 4209; x_wconf 79' lang='lat' dir='ltr'><strong>necessitates</strong></span> <span class='ocrx_word' id='word_1_528' title='bbox 1411 4156 1821 4220; x_wconf 86' lang='lat' dir='ltr'><strong>sustinuerunt,</strong></span> <span class='ocrx_word' id='word_1_529' title='bbox 1873 4168 2057 4226; x_wconf 85' lang='lat' dir='ltr'><strong>postea</strong></span> 
     </span>
    </p>
   </div>
   <div class='ocr_carea' id='block_1_73' title="bbox 478 4247 2055 4319">
    <p class='ocr_par' dir='ltr' id='par_1_73' title="bbox 478 4247 2055 4319">
     <span class='ocr_line' id='line_1_74' title="bbox 478 4247 2055 4319; baseline 0.005 -23"><span class='ocrx_word' id='word_1_530' title='bbox 478 4250 658 4297; x_wconf 88' lang='lat' dir='ltr'><strong>autem</strong></span> <span class='ocrx_word' id='word_1_531' title='bbox 711 4254 839 4299; x_wconf 90' lang='lat' dir='ltr'><strong>sunt</strong></span> <span class='ocrx_word' id='word_1_532' title='bbox 875 4262 902 4298; x_wconf 71' lang='grc' dir='ltr'><strong>τι</strong></span> <span class='ocrx_word' id='word_1_533' title='bbox 945 4247 1127 4301; x_wconf 86' lang='lat' dir='ltr'><strong>carnis</strong></span> <span class='ocrx_word' id='word_1_534' title='bbox 1172 4247 1547 4303; x_wconf 89' lang='lat' dir='ltr'><strong>imbecillitate</strong></span> <span class='ocrx_word' id='word_1_535' title='bbox 1589 4250 1809 4319; x_wconf 87' lang='lat' dir='ltr'><strong>proditi,</strong></span> <span class='ocrx_word' id='word_1_536' title='bbox 1838 4252 2055 4304; x_wconf 88' lang='lat' dir='ltr'><strong>etiamsi</strong></span> 
     </span>
    </p>
   </div>
   <div class='ocr_carea' id='block_1_74' title="bbox 476 4337 2053 4413">
    <p class='ocr_par' dir='ltr' id='par_1_74' title="bbox 476 4337 2053 4413">
     <span class='ocr_line' id='line_1_75' title="bbox 476 4337 2053 4413; baseline 0.003 -22"><span class='ocrx_word' id='word_1_537' title='bbox 476 4352 587 4391; x_wconf 88' lang='lat' dir='ltr'><strong>non</strong></span> <span class='ocrx_word' id='word_1_538' title='bbox 614 4337 682 4391; x_wconf 82' lang='lat' dir='ltr'><strong>al)</strong></span> <span class='ocrx_word' id='word_1_539' title='bbox 712 4338 867 4393; x_wconf 91' lang='lat' dir='ltr'><strong>initio</strong></span> <span class='ocrx_word' id='word_1_540' title='bbox 898 4339 1137 4409; x_wconf 85' lang='lat' dir='ltr'><strong>suscepti</strong></span> <span class='ocrx_word' id='word_1_541' title='bbox 1165 4349 1293 4394; x_wconf 91' lang='lat' dir='ltr'><strong>sunt</strong></span> <span class='ocrx_word' id='word_1_542' title='bbox 1318 4351 1541 4411; x_wconf 89' lang='lat' dir='ltr'><strong>propter</strong></span> <span class='ocrx_word' id='word_1_543' title='bbox 1578 4358 1795 4412; x_wconf 78' lang='lat' dir='ltr'><strong>gravent</strong></span> <span class='ocrx_word' id='word_1_544' title='bbox 1838 4344 2053 4413; x_wconf 87' lang='lat' dir='ltr'><strong>lapsum</strong></span> 
     </span>
    </p>
   </div>
   <div class='ocr_carea' id='block_1_75' title="bbox 473 4432 2057 4499">
    <p class='ocr_par' dir='ltr' id='par_1_75' title="bbox 473 4432 2057 4499">
     <span class='ocr_line' id='line_1_76' title="bbox 473 4432 2057 4499; baseline 0.003 -18"><span class='ocrx_word' id='word_1_545' title='bbox 473 4436 832 4482; x_wconf 67' lang='lat' dir='ltr'><strong>consecutum</strong></span> <span class='ocrx_word' id='word_1_546' title='bbox 876 4446 890 4482; x_wconf 87' lang='lat'><strong>:</strong></span> <span class='ocrx_word' id='word_1_547' title='bbox 933 4438 1114 4483; x_wconf 84' lang='lat' dir='ltr'><strong>tamen</strong></span> <span class='ocrx_word' id='word_1_548' title='bbox 1167 4433 1294 4499; x_wconf 86' lang='lat' dir='ltr'><strong>quia</strong></span> <span class='ocrx_word' id='word_1_549' title='bbox 1334 4432 1563 4485; x_wconf 88' lang='lat' dir='ltr'><strong>multutn</strong></span> <span class='ocrx_word' id='word_1_550' title='bbox 1614 4433 1960 4487; x_wconf 71' lang='lat' dir='ltr'><strong>decertat-unt</strong></span> <span class='ocrx_word' id='word_1_551' title='bbox 2002 4442 2057 4487; x_wconf 89' lang='lat' dir='ltr'><strong>et</strong></span> 
     </span>
    </p>
   </div>
   <div class='ocr_carea' id='block_1_76' title="bbox 2099 3206 3755 3301">
    <p class='ocr_par' dir='ltr' id='par_1_76' title="bbox 2099 3206 3755 3301">
     <span class='ocr_line' id='line_1_77' title="bbox 2099 3206 3755 3301; baseline -0.004 -10"><span class='ocrx_word' id='word_1_552' title='bbox 2099 3206 2143 3267; x_wconf 68' lang='grc' dir='ltr'><strong>Ο</strong></span> <span class='ocrx_word' id='word_1_553' title='bbox 2178 3206 2346 3299; x_wconf 68' lang='lat' dir='ltr'><strong>(iure,</strong></span> <span class='ocrx_word' id='word_1_554' title='bbox 2401 3234 2503 3288; x_wconf 78' lang='grc' dir='ltr'>καὶ</span> <span class='ocrx_word' id='word_1_555' title='bbox 2558 3206 2868 3301; x_wconf 43' lang='lat' dir='ltr'><strong>damno—vra</strong></span> <span class='ocrx_word' id='word_1_556' title='bbox 2919 3206 3051 3286; x_wconf 51' lang='lat' dir='ltr'><strong>tofi</strong></span> <span class='ocrx_word' id='word_1_557' title='bbox 3080 3206 3329 3301; x_wconf 79' lang='grc' dir='ltr'>ποιῆσαι</span> <span class='ocrx_word' id='word_1_558' title='bbox 3380 3230 3446 3285; x_wconf 89' lang='grc' dir='ltr'>τὸ</span> <span class='ocrx_word' id='word_1_559' title='bbox 3482 3232 3755 3301; x_wconf 75' lang='grc' dir='ltr'>πονηρὸν</span> 
     </span>
    </p>
   </div>
   <div class='ocr_carea' id='block_1_77' title="bbox 2176 3324 3427 3395">
    <p class='ocr_par' dir='ltr' id='par_1_77' title="bbox 2176 3324 3427 3395">
     <span class='ocr_line' id='line_1_78' title="bbox 2176 3324 3427 3395; baseline -0.003 -13"><span class='ocrx_word' id='word_1_560' title='bbox 2176 3325 2433 3382; x_wconf 76' lang='grc' dir='ltr'><strong>ἐνώπιον</strong></span> <span class='ocrx_word' id='word_1_561' title='bbox 2459 3324 2681 3395; x_wconf 82' lang='grc' dir='ltr'>Κυρίου</span> <span class='ocrx_word' id='word_1_562' title='bbox 2707 3325 2816 3380; x_wconf 87' lang='grc' dir='ltr'>τοῦ</span> <span class='ocrx_word' id='word_1_563' title='bbox 2840 3325 3198 3395; x_wconf 82' lang='grc' dir='ltr'>παροργίσαι</span> <span class='ocrx_word' id='word_1_564' title='bbox 3219 3324 3427 3379; x_wconf 75' lang='grc' dir='ltr'><strong>αὐτόν.</strong></span> 
     </span>
    </p>
   </div>
   <div class='ocr_carea' id='block_1_78' title="bbox 2178 3437 3749 3516">
    <p class='ocr_par' dir='ltr' id='par_1_78' title="bbox 2178 3437 3749 3516">
     <span class='ocr_line' id='line_1_79' title="bbox 2178 3437 3749 3516; baseline -0.002 -21"><span class='ocrx_word' id='word_1_565' title='bbox 2178 3445 2404 3516; x_wconf 66' lang='grc' dir='ltr'>Πέτρου</span> <span class='ocrx_word' id='word_1_566' title='bbox 2440 3440 2870 3516; x_wconf 61' lang='grc' dir='ltr'>Ἀλεξανδρέως</span> <span class='ocrx_word' id='word_1_567' title='bbox 2898 3440 3151 3516; x_wconf 52' lang='grc' dir='ltr'>κανόνες</span> <span class='ocrx_word' id='word_1_568' title='bbox 3175 3444 3244 3516; x_wconf 59' lang='lat' dir='ltr'><strong>at&quot;,</strong></span> <span class='ocrx_word' id='word_1_569' title='bbox 3274 3439 3339 3508; x_wconf 84' lang='grc' dir='ltr'><strong>β’,</strong></span> <span class='ocrx_word' id='word_1_570' title='bbox 3374 3443 3444 3516; x_wconf 75' lang='grc' dir='ltr'>γ’,</span> <span class='ocrx_word' id='word_1_571' title='bbox 3488 3437 3549 3501; x_wconf 86' lang='grc' dir='ltr'><strong>δ’,</strong></span> <span class='ocrx_word' id='word_1_572' title='bbox 3568 3445 3638 3516; x_wconf 68' lang='grc' dir='ltr'>ε’,</span> <span class='ocrx_word' id='word_1_573' title='bbox 3673 3444 3749 3516; x_wconf 73' lang='grc' dir='ltr'>ς’,</span> 
     </span>
    </p>
   </div>
   <div class='ocr_carea' id='block_1_79' title="bbox 2250 3508 3751 3585">
    <p class='ocr_par' dir='ltr' id='par_1_79' title="bbox 2250 3508 3751 3585">
     <span class='ocr_line' id='line_1_80' title="bbox 2250 3508 3751 3585; baseline -0.005 -17"><span class='ocrx_word' id='word_1_574' title='bbox 2250 3508 2314 3579; x_wconf 67' lang='grc' dir='ltr'><strong>ζ’,</strong></span> <span class='ocrx_word' id='word_1_575' title='bbox 2345 3520 2415 3585; x_wconf 85' lang='grc' dir='ltr'>η’,</span> <span class='ocrx_word' id='word_1_576' title='bbox 2441 3514 2507 3576; x_wconf 86' lang='grc' dir='ltr'>θ’,</span> <span class='ocrx_word' id='word_1_577' title='bbox 2536 3511 2587 3581; x_wconf 82' lang='grc' dir='ltr'>ι’,</span> <span class='ocrx_word' id='word_1_578' title='bbox 2610 3518 2699 3576; x_wconf 87' lang='grc' dir='ltr'>ια’,</span> <span class='ocrx_word' id='word_1_579' title='bbox 2724 3508 2812 3585; x_wconf 59' lang='grc' dir='ltr'>ιβ’,</span> <span class='ocrx_word' id='word_1_580' title='bbox 2839 3517 2926 3585; x_wconf 83' lang='grc' dir='ltr'>ιγ’,</span> <span class='ocrx_word' id='word_1_581' title='bbox 2955 3511 3035 3574; x_wconf 80' lang='grc' dir='ltr'>ιδ’,</span> <span class='ocrx_word' id='word_1_582' title='bbox 3068 3510 3385 3579; x_wconf 70' lang='grc' dir='ltr'>φερόμενοι</span> <span class='ocrx_word' id='word_1_583' title='bbox 3418 3508 3489 3562; x_wconf 83' lang='grc' dir='ltr'><strong>ὲν</strong></span> <span class='ocrx_word' id='word_1_584' title='bbox 3521 3508 3599 3574; x_wconf 84' lang='grc' dir='ltr'>τῷ</span> <span class='ocrx_word' id='word_1_585' title='bbox 3619 3510 3751 3578; x_wconf 60' lang='grc' dir='ltr'>περὶ</span> 
     </span>
    </p>
   </div>
   <div class='ocr_carea' id='block_1_80' title="bbox 2250 3582 3369 3655">
    <p class='ocr_par' dir='ltr' id='par_1_80' title="bbox 2250 3582 3369 3655">
     <span class='ocr_line' id='line_1_81' title="bbox 2250 3582 3369 3655; baseline -0.003 -18"><span class='ocrx_word' id='word_1_586' title='bbox 2250 3582 2567 3655; x_wconf 80' lang='grc' dir='ltr'>μετανοίας</span> <span class='ocrx_word' id='word_1_587' title='bbox 2596 3582 2783 3637; x_wconf 83' lang='grc' dir='ltr'>αὑτοῦ</span> <span class='ocrx_word' id='word_1_588' title='bbox 2811 3582 2991 3651; x_wconf 72' lang='grc' dir='ltr'><strong>λόγῳ.</strong></span> <span class='ocrx_word' id='word_1_589' title='bbox 3363 3614 3369 3621; x_wconf 65' lang='grc' dir='ltr'><em>η</em></span> 
     </span>
    </p>
   </div>
   <div class='ocr_carea' id='block_1_81' title="bbox 2244 3777 3746 3854">
    <p class='ocr_par' dir='ltr' id='par_1_81' title="bbox 2244 3777 3746 3854">
     <span class='ocr_line' id='line_1_82' title="bbox 2244 3777 3746 3854; baseline -0.007 -14"><span class='ocrx_word' id='word_1_590' title='bbox 2244 3782 2314 3840; x_wconf 83' lang='grc' dir='ltr'><strong>α’.</strong></span> <span class='ocrx_word' id='word_1_591' title='bbox 2382 3784 2536 3838; x_wconf 77' lang='grc' dir='ltr'>Ἐπεὶ</span> <span class='ocrx_word' id='word_1_592' title='bbox 2578 3784 2760 3839; x_wconf 89' lang='grc' dir='ltr'>τοίνυν</span> <span class='ocrx_word' id='word_1_593' title='bbox 2805 3785 3065 3854; x_wconf 86' lang='grc' dir='ltr'>τέταρτον</span> <span class='ocrx_word' id='word_1_594' title='bbox 3103 3782 3204 3854; x_wconf 75' lang='grc' dir='ltr'><strong>ἤδη</strong></span> <span class='ocrx_word' id='word_1_595' title='bbox 3248 3782 3438 3851; x_wconf 83' lang='grc' dir='ltr'>Πάσχα</span> <span class='ocrx_word' id='word_1_596' title='bbox 3471 3777 3746 3833; x_wconf 67' lang='grc' dir='ltr'>ἐπιδιατεί-</span> 
     </span>
    </p>
   </div>
   <div class='ocr_carea' id='block_1_82' title="bbox 2177 3874 3747 3949">
    <p class='ocr_par' dir='ltr' id='par_1_82' title="bbox 2177 3874 3747 3949">
     <span class='ocr_line' id='line_1_83' title="bbox 2177 3874 3747 3949; baseline -0.004 -18"><span class='ocrx_word' id='word_1_597' title='bbox 2177 3879 2316 3949; x_wconf 81' lang='grc' dir='ltr'>ληφε</span> <span class='ocrx_word' id='word_1_598' title='bbox 2350 3877 2440 3931; x_wconf 80' lang='grc' dir='ltr'><strong>τὸν</strong></span> <span class='ocrx_word' id='word_1_599' title='bbox 2492 3878 2752 3949; x_wconf 74' lang='grc' dir='ltr'>διωγμὸν,</span> <span class='ocrx_word' id='word_1_600' title='bbox 2789 3877 3077 3947; x_wconf 75' lang='grc' dir='ltr'>αὐτάρκως</span> <span class='ocrx_word' id='word_1_601' title='bbox 3122 3875 3235 3947; x_wconf 78' lang='grc' dir='ltr'>ἔχει</span> <span class='ocrx_word' id='word_1_602' title='bbox 3278 3877 3393 3938; x_wconf 86' lang='grc' dir='ltr'>τοῖς</span> <span class='ocrx_word' id='word_1_603' title='bbox 3430 3874 3530 3945; x_wconf 83' lang='grc' dir='ltr'>μὲν</span> <span class='ocrx_word' id='word_1_604' title='bbox 3579 3888 3747 3940; x_wconf 85' lang='grc' dir='ltr'>προσ-</span> 
     </span>
    </p>
   </div>
   <div class='ocr_carea' id='block_1_83' title="bbox 2171 3967 3744 4044">
    <p class='ocr_par' dir='ltr' id='par_1_83' title="bbox 2171 3967 3744 4044">
     <span class='ocr_line' id='line_1_84' title="bbox 2171 3967 3744 4044; baseline -0.006 -18"><span class='ocrx_word' id='word_1_605' title='bbox 2171 3974 2434 4044; x_wconf 84' lang='grc' dir='ltr'>ενεχθεῖσι</span> <span class='ocrx_word' id='word_1_606' title='bbox 2460 3972 2557 4027; x_wconf 77' lang='grc' dir='ltr'>καὶ</span> <span class='ocrx_word' id='word_1_607' title='bbox 2587 3970 2996 4042; x_wconf 82' lang='grc' dir='ltr'>φυλακισθεῖσι,</span> <span class='ocrx_word' id='word_1_608' title='bbox 3032 3968 3297 4040; x_wconf 83' lang='grc' dir='ltr'>βασάνους</span> <span class='ocrx_word' id='word_1_609' title='bbox 3329 3984 3388 4019; x_wconf 91' lang='grc' dir='ltr'><strong>τε</strong></span> <span class='ocrx_word' id='word_1_610' title='bbox 3416 3967 3744 4037; x_wconf 82' lang='grc' dir='ltr'>ἀνηκέστους</span> 
     </span>
    </p>
   </div>
   <div class='ocr_carea' id='block_1_84' title="bbox 2172 4061 3745 4137">
    <p class='ocr_par' dir='ltr' id='par_1_84' title="bbox 2172 4061 3745 4137">
     <span class='ocr_line' id='line_1_85' title="bbox 2172 4061 3745 4137; baseline -0.006 -16"><span class='ocrx_word' id='word_1_611' title='bbox 2172 4066 2644 4137; x_wconf 84' lang='grc' dir='ltr'>ὑπομεμενηκόσι,</span> <span class='ocrx_word' id='word_1_612' title='bbox 2676 4065 2770 4117; x_wconf 73' lang='grc' dir='ltr'>καὶ</span> <span class='ocrx_word' id='word_1_613' title='bbox 2803 4064 3115 4133; x_wconf 83' lang='grc' dir='ltr'>ἀφορήτους</span> <span class='ocrx_word' id='word_1_614' title='bbox 3147 4062 3437 4131; x_wconf 86' lang='grc' dir='ltr'>μάστιγας,</span> <span class='ocrx_word' id='word_1_615' title='bbox 3486 4061 3579 4113; x_wconf 75' lang='grc' dir='ltr'>καὶ</span> <span class='ocrx_word' id='word_1_616' title='bbox 3624 4062 3745 4113; x_wconf 84' lang='grc' dir='ltr'>πολ-</span> 
     </span>
    </p>
   </div>
   <div class='ocr_carea' id='block_1_85' title="bbox 2170 4152 3744 4229">
    <p class='ocr_par' dir='ltr' id='par_1_85' title="bbox 2170 4152 3744 4229">
     <span class='ocr_line' id='line_1_86' title="bbox 2170 4152 3744 4229; baseline -0.006 -16"><span class='ocrx_word' id='word_1_617' title='bbox 2170 4160 2269 4224; x_wconf 87' lang='grc' dir='ltr'>λὰς</span> <span class='ocrx_word' id='word_1_618' title='bbox 2296 4159 2490 4229; x_wconf 75' lang='grc' dir='ltr'>ἑτέρας</span> <span class='ocrx_word' id='word_1_619' title='bbox 2508 4159 2689 4221; x_wconf 78' lang='grc' dir='ltr'>δεινὰς</span> <span class='ocrx_word' id='word_1_620' title='bbox 2713 4157 2978 4225; x_wconf 84' lang='grc' dir='ltr'>ἀνάγκας,</span> <span class='ocrx_word' id='word_1_621' title='bbox 3005 4155 3232 4225; x_wconf 74' lang='grc' dir='ltr'>ὕστερον</span> <span class='ocrx_word' id='word_1_622' title='bbox 3254 4152 3310 4206; x_wconf 82' lang='grc' dir='ltr'><strong>δὲ</strong></span> <span class='ocrx_word' id='word_1_623' title='bbox 3338 4152 3744 4221; x_wconf 86' lang='grc' dir='ltr'>προδεδομένοις</span> 
     </span>
    </p>
   </div>
   <div class='ocr_carea' id='block_1_86' title="bbox 2171 4244 3743 4321">
    <p class='ocr_par' dir='ltr' id='par_1_86' title="bbox 2171 4244 3743 4321">
     <span class='ocr_line' id='line_1_87' title="bbox 2171 4244 3743 4321; baseline -0.006 -16"><span class='ocrx_word' id='word_1_624' title='bbox 2171 4253 2276 4305; x_wconf 75' lang='grc' dir='ltr'>ὑπὸ</span> <span class='ocrx_word' id='word_1_625' title='bbox 2304 4252 2403 4321; x_wconf 76' lang='grc' dir='ltr'><strong>τῆς</strong></span> <span class='ocrx_word' id='word_1_626' title='bbox 2446 4249 2731 4312; x_wconf 84' lang='grc' dir='ltr'>ἀσθενείας</span> <span class='ocrx_word' id='word_1_627' title='bbox 2778 4247 2874 4317; x_wconf 83' lang='grc' dir='ltr'>τῆς</span> <span class='ocrx_word' id='word_1_628' title='bbox 2907 4246 3128 4317; x_wconf 81' lang='grc' dir='ltr'>σαρκὸς,</span> <span class='ocrx_word' id='word_1_629' title='bbox 3165 4246 3214 4297; x_wconf 87' lang='grc' dir='ltr'>εἰ</span> <span class='ocrx_word' id='word_1_630' title='bbox 3249 4245 3344 4297; x_wconf 82' lang='grc' dir='ltr'>καὶ</span> <span class='ocrx_word' id='word_1_631' title='bbox 3375 4245 3449 4315; x_wconf 81' lang='grc' dir='ltr'>μὴ</span> <span class='ocrx_word' id='word_1_632' title='bbox 3484 4244 3541 4309; x_wconf 74' lang='grc' dir='ltr'><strong>ἐξ</strong></span> <span class='ocrx_word' id='word_1_633' title='bbox 3573 4244 3743 4314; x_wconf 84' lang='grc' dir='ltr'>ἀρχῆς</span> 
     </span>
    </p>
   </div>
   <div class='ocr_carea' id='block_1_87' title="bbox 2170 4339 3739 4418">
    <p class='ocr_par' dir='ltr' id='par_1_87' title="bbox 2170 4339 3739 4418">
     <span class='ocr_line' id='line_1_88' title="bbox 2170 4339 3739 4418; baseline -0.006 -18"><span class='ocrx_word' id='word_1_634' title='bbox 2170 4345 2583 4418; x_wconf 83' lang='grc' dir='ltr'>παρεδέχθησαν</span> <span class='ocrx_word' id='word_1_635' title='bbox 2622 4343 2713 4395; x_wconf 84' lang='grc' dir='ltr'>διὰ</span> <span class='ocrx_word' id='word_1_636' title='bbox 2740 4342 2839 4412; x_wconf 80' lang='grc' dir='ltr'>τὴν</span> <span class='ocrx_word' id='word_1_637' title='bbox 2875 4339 3439 4411; x_wconf 85' lang='grc' dir='ltr'>παρακολουθήσασαν</span> <span class='ocrx_word' id='word_1_638' title='bbox 3476 4340 3739 4408; x_wconf 84' lang='grc' dir='ltr'>μεγίστην</span> 
     </span>
    </p>
   </div>
   <div class='ocr_carea' id='block_1_88' title="bbox 2167 4429 3740 4506">
    <p class='ocr_par' dir='ltr' id='par_1_88' title="bbox 2167 4429 3740 4506">
     <span class='ocr_line' id='line_1_89' title="bbox 2167 4429 3740 4506; baseline -0.005 -15"><span class='ocrx_word' id='word_1_639' title='bbox 2167 4437 2398 4501; x_wconf 83' lang='grc' dir='ltr'>πτῶσιν,</span> <span class='ocrx_word' id='word_1_640' title='bbox 2447 4437 2597 4506; x_wconf 81' lang='grc' dir='ltr'>ὅμως</span> <span class='ocrx_word' id='word_1_641' title='bbox 2641 4434 2728 4487; x_wconf 84' lang='grc' dir='ltr'><strong>διὰ</strong></span> <span class='ocrx_word' id='word_1_642' title='bbox 2758 4434 2817 4486; x_wconf 81' lang='grc' dir='ltr'><strong>τὸ</strong></span> <span class='ocrx_word' id='word_1_643' title='bbox 2857 4433 3028 4486; x_wconf 84' lang='grc' dir='ltr'>πολλὰ</span> <span class='ocrx_word' id='word_1_644' title='bbox 3057 4432 3253 4495; x_wconf 79' lang='grc' dir='ltr'>αὐτοὺς</span> <span class='ocrx_word' id='word_1_645' title='bbox 3290 4429 3603 4501; x_wconf 84' lang='grc' dir='ltr'>ὴθληκέναι,</span> <span class='ocrx_word' id='word_1_646' title='bbox 3650 4430 3740 4483; x_wconf 73' lang='grc' dir='ltr'>καὶ</span> 
     </span>
    </p>
   </div>
   <div class='ocr_carea' id='block_1_89' title="bbox 472 4518 2066 4606">
    <p class='ocr_par' dir='ltr' id='par_1_89' title="bbox 472 4518 2053 4591">
     <span class='ocr_line' id='line_1_90' title="bbox 472 4518 2053 4591; baseline 0.001 -18"><span class='ocrx_word' id='word_1_647' title='bbox 472 4518 565 4573; x_wconf 86' lang='lat' dir='ltr'><strong>diu</strong></span> <span class='ocrx_word' id='word_1_648' title='bbox 593 4520 932 4584; x_wconf 87' lang='lat' dir='ltr'><strong>restiterunt,</strong></span> <span class='ocrx_word' id='word_1_649' title='bbox 990 4535 1096 4572; x_wconf 93' lang='lat' dir='ltr'><strong>non</strong></span> <span class='ocrx_word' id='word_1_650' title='bbox 1126 4522 1269 4573; x_wconf 90' lang='lat' dir='ltr'><strong>enim</strong></span> <span class='ocrx_word' id='word_1_651' title='bbox 1301 4530 1496 4591; x_wconf 87' lang='lat' dir='ltr'><strong>sponte</strong></span> <span class='ocrx_word' id='word_1_652' title='bbox 1521 4520 1587 4574; x_wconf 88' lang='lat' dir='ltr'><strong>ad</strong></span> <span class='ocrx_word' id='word_1_653' title='bbox 1611 4536 1673 4575; x_wconf 88' lang='lat' dir='ltr'><strong>ea</strong></span> <span class='ocrx_word' id='word_1_654' title='bbox 1696 4521 2053 4583; x_wconf 80' lang='lat' dir='ltr'><strong>devenerunt,</strong></span> 
     </span>
    </p>
   </div>
   <div class='ocr_carea' id='block_1_90' title="bbox 2169 4518 3739 4606">
    <p class='ocr_par' dir='ltr' id='par_1_90' title="bbox 2169 4522 3739 4597">
     <span class='ocr_line' id='line_1_91' title="bbox 2169 4522 3739 4597; baseline -0.007 -13"><span class='ocrx_word' id='word_1_655' title='bbox 2169 4532 2258 4585; x_wconf 74' lang='grc' dir='ltr'><strong>ἐπὶ</strong></span> <span class='ocrx_word' id='word_1_656' title='bbox 2302 4529 2435 4582; x_wconf 78' lang='grc' dir='ltr'>πολὺ</span> <span class='ocrx_word' id='word_1_657' title='bbox 2467 4524 2939 4597; x_wconf 83' lang='grc' dir='ltr'>ἀντιμαχέσασθαι</span> <span class='ocrx_word' id='word_1_658' title='bbox 2964 4540 2977 4555; x_wconf 84' lang='lat'><strong><em>°</em></strong></span> <span class='ocrx_word' id='word_1_659' title='bbox 3005 4524 3066 4576; x_wconf 78' lang='grc' dir='ltr'><strong>οὐ</strong></span> <span class='ocrx_word' id='word_1_660' title='bbox 3105 4523 3214 4593; x_wconf 84' lang='grc' dir='ltr'>γὰρ</span> <span class='ocrx_word' id='word_1_661' title='bbox 3257 4522 3397 4576; x_wconf 86' lang='grc' dir='ltr'><strong>κατά</strong></span> <span class='ocrx_word' id='word_1_662' title='bbox 3427 4523 3739 4593; x_wconf 82' lang='grc' dir='ltr'>προαίρεσιν</span> 
     </span>
    </p>
   </div>
   <div class='ocr_carea' id='block_1_91' title="bbox 473 4610 2066 4686">
    <p class='ocr_par' dir='ltr' id='par_1_91' title="bbox 473 4610 2059 4681">
     <span class='ocr_line' id='line_1_92' title="bbox 473 4610 2059 4681; baseline 0.001 -17"><span class='ocrx_word' id='word_1_663' title='bbox 473 4610 568 4665; x_wconf 89' lang='lat' dir='ltr'><strong>sed</strong></span> <span class='ocrx_word' id='word_1_664' title='bbox 594 4626 625 4663; x_wconf 86' lang='lat' dir='ltr'><strong>a</strong></span> <span class='ocrx_word' id='word_1_665' title='bbox 656 4611 838 4665; x_wconf 85' lang='lat' dir='ltr'><strong>carnis</strong></span> <span class='ocrx_word' id='word_1_666' title='bbox 872 4611 1243 4665; x_wconf 88' lang='lat' dir='ltr'><strong>imbecillitate</strong></span> <span class='ocrx_word' id='word_1_667' title='bbox 1272 4611 1493 4680; x_wconf 91' lang='lat' dir='ltr'><strong>proditi,</strong></span> <span class='ocrx_word' id='word_1_668' title='bbox 1555 4628 1679 4666; x_wconf 90' lang='lat' dir='ltr'><strong>nam</strong></span> <span class='ocrx_word' id='word_1_669' title='bbox 1723 4622 1777 4666; x_wconf 91' lang='lat' dir='ltr'><strong>et</strong></span> <span class='ocrx_word' id='word_1_670' title='bbox 1803 4613 2059 4681; x_wconf 81' lang='lat' dir='ltr'><strong>stigmata</strong></span> 
     </span>
    </p>
   </div>
   <div class='ocr_carea' id='block_1_92' title="bbox 2169 4610 3738 4686">
    <p class='ocr_par' dir='ltr' id='par_1_92' title="bbox 2169 4611 3738 4686">
     <span class='ocr_line' id='line_1_93' title="bbox 2169 4611 3738 4686; baseline -0.006 -13"><span class='ocrx_word' id='word_1_671' title='bbox 2169 4622 2243 4683; x_wconf 86' lang='grc' dir='ltr'>εἰς</span> <span class='ocrx_word' id='word_1_672' title='bbox 2269 4618 2428 4672; x_wconf 82' lang='grc' dir='ltr'>τοῦτο</span> <span class='ocrx_word' id='word_1_673' title='bbox 2453 4617 2796 4686; x_wconf 80' lang='grc' dir='ltr'>ἐληλύθασιν,</span> <span class='ocrx_word' id='word_1_674' title='bbox 2827 4614 2964 4667; x_wconf 82' lang='grc' dir='ltr'>ἀλλὰ</span> <span class='ocrx_word' id='word_1_675' title='bbox 2990 4612 3489 4683; x_wconf 79' lang='grc' dir='ltr'>καταπροδοθέντες</span> <span class='ocrx_word' id='word_1_676' title='bbox 3514 4613 3617 4664; x_wconf 79' lang='grc' dir='ltr'><strong>ὑπὸ</strong></span> <span class='ocrx_word' id='word_1_677' title='bbox 3641 4611 3738 4680; x_wconf 85' lang='grc' dir='ltr'>τῆς</span> 
     </span>
    </p>
   </div>
   <div class='ocr_carea' id='block_1_93' title="bbox 470 4699 2061 4769">
    <p class='ocr_par' dir='ltr' id='par_1_93' title="bbox 470 4699 2061 4769">
     <span class='ocr_line' id='line_1_94' title="bbox 470 4699 2061 4769; baseline 0.003 -15"><span class='ocrx_word' id='word_1_678' title='bbox 470 4699 598 4755; x_wconf 75' lang='lat' dir='ltr'><strong>Jesu</strong></span> <span class='ocrx_word' id='word_1_679' title='bbox 624 4701 676 4753; x_wconf 92' lang='lat' dir='ltr'><strong>in</strong></span> <span class='ocrx_word' id='word_1_680' title='bbox 705 4702 821 4756; x_wconf 91' lang='lat' dir='ltr'><strong>suis</strong></span> <span class='ocrx_word' id='word_1_681' title='bbox 849 4703 1175 4769; x_wconf 85' lang='lat' dir='ltr'><strong>corporibus</strong></span> <span class='ocrx_word' id='word_1_682' title='bbox 1214 4712 1513 4768; x_wconf 82' lang='lat' dir='ltr'><strong>OSIentant,</strong></span> <span class='ocrx_word' id='word_1_683' title='bbox 1544 4712 1597 4758; x_wconf 89' lang='lat' dir='ltr'><strong>et</strong></span> <span class='ocrx_word' id='word_1_684' title='bbox 1630 4704 1876 4757; x_wconf 90' lang='lat' dir='ltr'><strong>nonnulli</strong></span> <span class='ocrx_word' id='word_1_685' title='bbox 1917 4718 2061 4758; x_wconf 89' lang='lat' dir='ltr'><strong>anno</strong></span> 
     </span>
    </p>
   </div>
   <div class='ocr_carea' id='block_1_94' title="bbox 468 4791 2058 4864">
    <p class='ocr_par' dir='ltr' id='par_1_94' title="bbox 468 4791 2058 4864">
     <span class='ocr_line' id='line_1_95' title="bbox 468 4791 2058 4864; baseline 0.003 -19"><span class='ocrx_word' id='word_1_686' title='bbox 468 4792 581 4862; x_wconf 89' lang='lat' dir='ltr'><strong>jam</strong></span> <span class='ocrx_word' id='word_1_687' title='bbox 609 4792 769 4845; x_wconf 83' lang='lat' dir='ltr'><strong>tertio</strong></span> <span class='ocrx_word' id='word_1_688' title='bbox 792 4791 992 4847; x_wconf 83' lang='lat' dir='ltr'><strong>deﬂent</strong></span> <span class='ocrx_word' id='word_1_689' title='bbox 1015 4810 1030 4847; x_wconf 86' lang='lat'><strong>:</strong></span> <span class='ocrx_word' id='word_1_690' title='bbox 1064 4793 1145 4848; x_wconf 84' lang='lat' dir='ltr'><strong>eis</strong></span> <span class='ocrx_word' id='word_1_691' title='bbox 1171 4794 1238 4847; x_wconf 85' lang='lat' dir='ltr'><strong>ab</strong></span> <span class='ocrx_word' id='word_1_692' title='bbox 1261 4794 1514 4850; x_wconf 81' lang='lat' dir='ltr'><strong>Adventu</strong></span> <span class='ocrx_word' id='word_1_693' title='bbox 1542 4811 1637 4864; x_wconf 90' lang='lat' dir='ltr'><strong>per</strong></span> <span class='ocrx_word' id='word_1_694' title='bbox 1661 4797 2058 4850; x_wconf 85' lang='lat' dir='ltr'><strong>revocatiouem</strong></span> 
     </span>
    </p>
   </div>
   <div class='ocr_carea' id='block_1_95' title="bbox 472 4884 2057 4959">
    <p class='ocr_par' dir='ltr' id='par_1_95' title="bbox 472 4884 2057 4959">
     <span class='ocr_line' id='line_1_96' title="bbox 472 4884 2057 4959; baseline 0.002 -20"><span class='ocrx_word' id='word_1_695' title='bbox 472 4885 528 4939; x_wconf 91' lang='lat' dir='ltr'><strong>in</strong></span> <span class='ocrx_word' id='word_1_696' title='bbox 580 4884 897 4939; x_wconf 81' lang='lat' dir='ltr'><strong>memoriam</strong></span> <span class='ocrx_word' id='word_1_697' title='bbox 946 4885 1037 4939; x_wconf 87' lang='lat' dir='ltr'><strong>alii</strong></span> <span class='ocrx_word' id='word_1_698' title='bbox 1082 4887 1442 4956; x_wconf 83' lang='lat' dir='ltr'><strong>quadraginta</strong></span> <span class='ocrx_word' id='word_1_699' title='bbox 1495 4888 1612 4942; x_wconf 88' lang='lat' dir='ltr'><strong>dies</strong></span> <span class='ocrx_word' id='word_1_700' title='bbox 1662 4887 2057 4959; x_wconf 81' lang='lat' dir='ltr'><strong>injungantur,</strong></span> 
     </span>
    </p>
   </div>
   <div class='ocr_carea' id='block_1_96' title="bbox 472 4976 2060 5046">
    <p class='ocr_par' dir='ltr' id='par_1_96' title="bbox 472 4976 2060 5046">
     <span class='ocr_line' id='line_1_97' title="bbox 472 4976 2060 5046; baseline 0.003 -16"><span class='ocrx_word' id='word_1_701' title='bbox 472 4990 613 5046; x_wconf 90' lang='lat' dir='ltr'><strong>quos</strong></span> <span class='ocrx_word' id='word_1_702' title='bbox 651 4991 777 5031; x_wconf 91' lang='lat' dir='ltr'><strong>cum</strong></span> <span class='ocrx_word' id='word_1_703' title='bbox 819 4976 1123 5046; x_wconf 85' lang='lat' dir='ltr'><strong>jejunasset</strong></span> <span class='ocrx_word' id='word_1_704' title='bbox 1164 4976 1429 5033; x_wconf 89' lang='lat' dir='ltr'><strong>Dominus</strong></span> <span class='ocrx_word' id='word_1_705' title='bbox 1473 4988 1528 5033; x_wconf 90' lang='lat' dir='ltr'><strong>et</strong></span> <span class='ocrx_word' id='word_1_706' title='bbox 1570 4980 1827 5033; x_wconf 80' lang='lat' dir='ltr'><strong>Servatur</strong></span> <span class='ocrx_word' id='word_1_707' title='bbox 1875 4989 2060 5035; x_wconf 87' lang='lat' dir='ltr'><strong>noster</strong></span> 
     </span>
    </p>
   </div>
   <div class='ocr_carea' id='block_1_97' title="bbox 470 5068 2057 5142">
    <p class='ocr_par' dir='ltr' id='par_1_97' title="bbox 470 5068 2057 5142">
     <span class='ocr_line' id='line_1_98' title="bbox 470 5068 2057 5142; baseline 0.003 -19"><span class='ocrx_word' id='word_1_708' title='bbox 470 5068 631 5125; x_wconf 81' lang='lat' dir='ltr'><strong>Jesus</strong></span> <span class='ocrx_word' id='word_1_709' title='bbox 660 5068 933 5134; x_wconf 84' lang='lat' dir='ltr'><strong>Christus,</strong></span> <span class='ocrx_word' id='word_1_710' title='bbox 979 5081 1269 5141; x_wconf 89' lang='lat' dir='ltr'><strong>postquam</strong></span> <span class='ocrx_word' id='word_1_711' title='bbox 1304 5072 1613 5142; x_wconf 86' lang='lat' dir='ltr'><strong>baptizatus</strong></span> <span class='ocrx_word' id='word_1_712' title='bbox 1652 5075 1848 5138; x_wconf 82' lang='lat' dir='ltr'><strong>fuerat,</strong></span> <span class='ocrx_word' id='word_1_713' title='bbox 1884 5085 2057 5129; x_wconf 87' lang='lat' dir='ltr'><strong>tenta-</strong></span> 
     </span>
    </p>
   </div>
   <div class='ocr_carea' id='block_1_98' title="bbox 472 5162 2059 5235">
    <p class='ocr_par' dir='ltr' id='par_1_98' title="bbox 472 5162 2059 5235">
     <span class='ocr_line' id='line_1_99' title="bbox 472 5162 2059 5235; baseline 0.001 -19"><span class='ocrx_word' id='word_1_714' title='bbox 472 5174 561 5216; x_wconf 89' lang='lat' dir='ltr'><strong>tus</strong></span> <span class='ocrx_word' id='word_1_715' title='bbox 591 5170 672 5216; x_wconf 87' lang='lat' dir='ltr'><strong>est</strong></span> <span class='ocrx_word' id='word_1_716' title='bbox 702 5177 733 5216; x_wconf 88' lang='lat' dir='ltr'><strong>a</strong></span> <span class='ocrx_word' id='word_1_717' title='bbox 763 5162 1008 5217; x_wconf 90' lang='lat' dir='ltr'><strong>diabolo.</strong></span> <span class='ocrx_word' id='word_1_718' title='bbox 1044 5163 1101 5217; x_wconf 93' lang='lat' dir='ltr'><strong>In</strong></span> <span class='ocrx_word' id='word_1_719' title='bbox 1132 5163 1333 5232; x_wconf 90' lang='lat' dir='ltr'><strong>quibus</strong></span> <span class='ocrx_word' id='word_1_720' title='bbox 1356 5178 1405 5219; x_wconf 83' lang='lat' dir='ltr'><strong>et</strong></span> <span class='ocrx_word' id='word_1_721' title='bbox 1438 5165 1538 5235; x_wconf 83' lang='lat' dir='ltr'><strong>ipsi</strong></span> <span class='ocrx_word' id='word_1_722' title='bbox 1562 5181 1689 5219; x_wconf 88' lang='lat' dir='ltr'><strong>cum</strong></span> <span class='ocrx_word' id='word_1_723' title='bbox 1725 5166 1879 5219; x_wconf 82' lang='lat' dir='ltr'><strong>valde</strong></span> <span class='ocrx_word' id='word_1_724' title='bbox 1904 5181 2059 5219; x_wconf 75' lang='lat' dir='ltr'><strong>excr-</strong></span> 
     </span>
    </p>
   </div>
   <div class='ocr_carea' id='block_1_99' title="bbox 471 5252 2053 5326">
    <p class='ocr_par' dir='ltr' id='par_1_99' title="bbox 471 5252 2053 5326">
     <span class='ocr_line' id='line_1_100' title="bbox 471 5252 2053 5326; baseline 0.002 -18"><span class='ocrx_word' id='word_1_725' title='bbox 471 5254 622 5308; x_wconf 86' lang='lat' dir='ltr'><strong>citati</strong></span> <span class='ocrx_word' id='word_1_726' title='bbox 651 5252 873 5319; x_wconf 77' lang='lat' dir='ltr'><strong>fuerint,</strong></span> <span class='ocrx_word' id='word_1_727' title='bbox 899 5265 953 5310; x_wconf 89' lang='lat' dir='ltr'><strong>et</strong></span> <span class='ocrx_word' id='word_1_728' title='bbox 985 5257 1325 5311; x_wconf 87' lang='lat' dir='ltr'><strong>constantius</strong></span> <span class='ocrx_word' id='word_1_729' title='bbox 1360 5256 1751 5326; x_wconf 74' lang='lat' dir='ltr'><strong>jejunawrint,</strong></span> <span class='ocrx_word' id='word_1_730' title='bbox 1795 5258 2053 5325; x_wconf 80' lang='lat' dir='ltr'><strong>deinceps</strong></span> 
     </span>
    </p>
   </div>
   <div class='ocr_carea' id='block_1_100' title="bbox 472 5345 2049 5418">
    <p class='ocr_par' dir='ltr' id='par_1_100' title="bbox 472 5345 2049 5418">
     <span class='ocr_line' id='line_1_101' title="bbox 472 5345 2049 5418; baseline 0.001 -17"><span class='ocrx_word' id='word_1_731' title='bbox 472 5348 527 5401; x_wconf 87' lang='lat' dir='ltr'><strong>in</strong></span> <span class='ocrx_word' id='word_1_732' title='bbox 555 5345 897 5402; x_wconf 89' lang='lat' dir='ltr'><strong>orationibus</strong></span> <span class='ocrx_word' id='word_1_733' title='bbox 928 5347 1252 5418; x_wconf 80' lang='lat' dir='ltr'><strong>vigilabunt,</strong></span> <span class='ocrx_word' id='word_1_734' title='bbox 1314 5350 1635 5403; x_wconf 84' lang='lat' dir='ltr'><strong>meditantes</strong></span> <span class='ocrx_word' id='word_1_735' title='bbox 1671 5349 1815 5418; x_wconf 89' lang='lat' dir='ltr'><strong>quod</strong></span> <span class='ocrx_word' id='word_1_736' title='bbox 1844 5350 2049 5403; x_wconf 89' lang='lat' dir='ltr'><strong>dictum</strong></span> 
     </span>
    </p>
   </div>
   <div class='ocr_carea' id='block_1_101' title="bbox 469 5436 2048 5511">
    <p class='ocr_par' dir='ltr' id='par_1_101' title="bbox 469 5436 2048 5511">
     <span class='ocr_line' id='line_1_102' title="bbox 469 5436 2048 5511; baseline 0.001 -18"><span class='ocrx_word' id='word_1_737' title='bbox 469 5447 553 5493; x_wconf 87' lang='lat' dir='ltr'><strong>est</strong></span> <span class='ocrx_word' id='word_1_738' title='bbox 585 5454 612 5491; x_wconf 91' lang='lat' dir='ltr'><strong>a</strong></span> <span class='ocrx_word' id='word_1_739' title='bbox 646 5436 879 5493; x_wconf 87' lang='lat' dir='ltr'><strong>Domino</strong></span> <span class='ocrx_word' id='word_1_740' title='bbox 924 5438 991 5492; x_wconf 88' lang='lat' dir='ltr'><strong>ad</strong></span> <span class='ocrx_word' id='word_1_741' title='bbox 1040 5456 1162 5494; x_wconf 90' lang='lat' dir='ltr'><strong>eum</strong></span> <span class='ocrx_word' id='word_1_742' title='bbox 1203 5441 1296 5511; x_wconf 89' lang='lat' dir='ltr'><strong>qui</strong></span> <span class='ocrx_word' id='word_1_743' title='bbox 1342 5442 1494 5495; x_wconf 88' lang='lat' dir='ltr'><strong>illum</strong></span> <span class='ocrx_word' id='word_1_744' title='bbox 1543 5450 1733 5506; x_wconf 87' lang='lat' dir='ltr'><strong>tcntat,</strong></span> <span class='ocrx_word' id='word_1_745' title='bbox 1778 5452 1838 5495; x_wconf 92' lang='lat' dir='ltr'><strong>ut</strong></span> <span class='ocrx_word' id='word_1_746' title='bbox 1872 5442 2048 5510; x_wconf 91' lang='lat' dir='ltr'><strong>ipsum</strong></span> 
     </span>
    </p>
   </div>
   <div class='ocr_carea' id='block_1_102' title="bbox 471 5530 2051 5604">
    <p class='ocr_par' dir='ltr' id='par_1_102' title="bbox 471 5530 2051 5604">
     <span class='ocr_line' id='line_1_103' title="bbox 471 5530 2051 5604; baseline 0.001 -20"><span class='ocrx_word' id='word_1_747' title='bbox 471 5530 661 5586; x_wconf 87' lang='lat' dir='ltr'><strong>adoret</strong></span> <span class='ocrx_word' id='word_1_748' title='bbox 690 5547 705 5584; x_wconf 87' lang='lat'><strong>:</strong></span> <span class='ocrx_word' id='word_1_749' title='bbox 733 5530 832 5585; x_wconf 86' lang='lat' dir='ltr'><strong>Abi</strong></span> <span class='ocrx_word' id='word_1_750' title='bbox 860 5547 1011 5601; x_wconf 86' lang='lat' dir='ltr'><strong>pone,</strong></span> <span class='ocrx_word' id='word_1_751' title='bbox 1043 5530 1269 5599; x_wconf 82' lang='lat' dir='ltr'><strong>Satana,</strong></span> <span class='ocrx_word' id='word_1_752' title='bbox 1318 5531 1480 5604; x_wconf 67' lang='grc'><strong>445</strong></span> <span class='ocrx_word' id='word_1_753' title='bbox 1508 5533 1765 5602; x_wconf 87' lang='lat' dir='ltr'><strong>scriptum</strong></span> <span class='ocrx_word' id='word_1_754' title='bbox 1782 5533 2013 5587; x_wconf 84' lang='lat' dir='ltr'><strong>estenim</strong></span> <span class='ocrx_word' id='word_1_755' title='bbox 2032 5547 2051 5585; x_wconf 90' lang='lat'><strong><em>:</em></strong></span> 
     </span>
    </p>
   </div>
   <div class='ocr_carea' id='block_1_103' title="bbox 474 5664 1983 5751">
    <p class='ocr_par' dir='ltr' id='par_1_103' title="bbox 474 5664 1983 5751">
     <span class='ocr_line' id='line_1_104' title="bbox 474 5664 1983 5751; baseline 0.005 -34"><span class='ocrx_word' id='word_1_756' title='bbox 474 5748 475 5751; x_wconf 9' lang='grc' dir='ltr'><strong>η</strong></span> <span class='ocrx_word' id='word_1_757' title='bbox 543 5665 652 5723; x_wconf 84' lang='grc'><strong>³³11</strong></span> <span class='ocrx_word' id='word_1_758' title='bbox 672 5664 799 5722; x_wconf 86' lang='lat' dir='ltr'><strong>Cor.</strong></span> <span class='ocrx_word' id='word_1_759' title='bbox 828 5680 905 5732; x_wconf 74' lang='grc' dir='ltr'><strong>γι,</strong></span> <span class='ocrx_word' id='word_1_760' title='bbox 942 5665 1122 5733; x_wconf 71' lang='grc'><strong>14,15.</strong></span> <span class='ocrx_word' id='word_1_761' title='bbox 1200 5664 1332 5720; x_wconf 60' lang='grc' dir='ltr'>μιν</span> <span class='ocrx_word' id='word_1_762' title='bbox 1370 5666 1502 5737; x_wconf 81' lang='lat' dir='ltr'><strong>Reg.</strong></span> <span class='ocrx_word' id='word_1_763' title='bbox 1536 5681 1697 5725; x_wconf 68' lang='lat' dir='ltr'><strong>XXIII,</strong></span> <span class='ocrx_word' id='word_1_764' title='bbox 1732 5666 1798 5721; x_wconf 73' lang='grc'><strong>12</strong></span> <span class='ocrx_word' id='word_1_765' title='bbox 1830 5681 1983 5736; x_wconf 79' lang='lat' dir='ltr'><strong>seqq.</strong></span> 
     </span>
    </p>
   </div>
   <div class='ocr_carea' id='block_1_104' title="bbox 2160 4701 3735 4779">
    <p class='ocr_par' dir='ltr' id='par_1_104' title="bbox 2160 4701 3735 4779">
     <span class='ocr_line' id='line_1_105' title="bbox 2160 4701 3735 4779; baseline -0.008 -11"><span class='ocrx_word' id='word_1_766' title='bbox 2160 4711 2448 4774; x_wconf 88' lang='grc' dir='ltr'>ἀσθενείας</span> <span class='ocrx_word' id='word_1_767' title='bbox 2497 4710 2597 4779; x_wconf 79' lang='grc' dir='ltr'>τῆς</span> <span class='ocrx_word' id='word_1_768' title='bbox 2647 4707 2869 4779; x_wconf 80' lang='grc' dir='ltr'>σαρκὸς,</span> <span class='ocrx_word' id='word_1_769' title='bbox 2926 4705 3116 4775; x_wconf 77' lang='grc' dir='ltr'>ἐπειδὴ</span> <span class='ocrx_word' id='word_1_770' title='bbox 3170 4704 3265 4758; x_wconf 72' lang='grc' dir='ltr'><strong>καὶ</strong></span> <span class='ocrx_word' id='word_1_771' title='bbox 3315 4703 3593 4771; x_wconf 89' lang='grc' dir='ltr'>στίγματα</span> <span class='ocrx_word' id='word_1_772' title='bbox 3644 4701 3735 4755; x_wconf 87' lang='grc' dir='ltr'>τοῦ</span> 
     </span>
    </p>
   </div>
   <div class='ocr_carea' id='block_1_105' title="bbox 2170 4793 3734 4878">
    <p class='ocr_par' dir='ltr' id='par_1_105' title="bbox 2170 4793 3734 4878">
     <span class='ocr_line' id='line_1_106' title="bbox 2170 4793 3734 4878; baseline -0.01 -19"><span class='ocrx_word' id='word_1_773' title='bbox 2170 4802 2348 4878; x_wconf 84' lang='grc' dir='ltr'><strong>Ἰησοῦ</strong></span> <span class='ocrx_word' id='word_1_774' title='bbox 2379 4802 2746 4856; x_wconf 69' lang='grc' dir='ltr'>ἐνδείκνυνται</span> <span class='ocrx_word' id='word_1_775' title='bbox 2770 4801 2827 4852; x_wconf 83' lang='grc' dir='ltr'>ὲν</span> <span class='ocrx_word' id='word_1_776' title='bbox 2851 4802 2965 4861; x_wconf 87' lang='grc' dir='ltr'>τοῖς</span> <span class='ocrx_word' id='word_1_777' title='bbox 2991 4797 3237 4867; x_wconf 82' lang='grc' dir='ltr'>σώμασιν</span> <span class='ocrx_word' id='word_1_778' title='bbox 3267 4795 3499 4858; x_wconf 78' lang='grc' dir='ltr'>ἑαυτῶν,</span> <span class='ocrx_word' id='word_1_779' title='bbox 3522 4795 3615 4847; x_wconf 73' lang='grc' dir='ltr'><strong>καὶ</strong></span> <span class='ocrx_word' id='word_1_780' title='bbox 3636 4793 3734 4863; x_wconf 72' lang='grc' dir='ltr'><strong>ήδη</strong></span> 
     </span>
    </p>
   </div>
   <div class='ocr_carea' id='block_1_106' title="bbox 2157 4888 3733 4969">
    <p class='ocr_par' dir='ltr' id='par_1_106' title="bbox 2157 4888 3733 4969">
     <span class='ocr_line' id='line_1_107' title="bbox 2157 4888 3733 4969; baseline -0.008 -19"><span class='ocrx_word' id='word_1_781' title='bbox 2157 4898 2337 4969; x_wconf 90' lang='grc' dir='ltr'>τρίτον</span> <span class='ocrx_word' id='word_1_782' title='bbox 2367 4895 2509 4959; x_wconf 83' lang='grc' dir='ltr'>τινὲς</span> <span class='ocrx_word' id='word_1_783' title='bbox 2551 4894 2669 4957; x_wconf 77' lang='grc' dir='ltr'>ἔτος</span> <span class='ocrx_word' id='word_1_784' title='bbox 2714 4892 2895 4962; x_wconf 75' lang='grc' dir='ltr'>ἔχουσι</span> <span class='ocrx_word' id='word_1_785' title='bbox 2930 4888 3437 4954; x_wconf 78' lang='grc' dir='ltr'>καταπενθοῦντες,</span> <span class='ocrx_word' id='word_1_786' title='bbox 3471 4904 3733 4957; x_wconf 75' lang='grc' dir='ltr'>προσεπιο</span> 
     </span>
    </p>
   </div>
   <div class='ocr_carea' id='block_1_107' title="bbox 2158 4979 3731 5060">
    <p class='ocr_par' dir='ltr' id='par_1_107' title="bbox 2158 4979 3731 5060">
     <span class='ocr_line' id='line_1_108' title="bbox 2158 4979 3731 5060; baseline -0.008 -17"><span class='ocrx_word' id='word_1_787' title='bbox 2158 4989 2453 5060; x_wconf 75' lang='grc' dir='ltr'>τιμηθῆναι</span> <span class='ocrx_word' id='word_1_788' title='bbox 2479 4989 2661 5049; x_wconf 82' lang='grc' dir='ltr'>αὐτοῖς</span> <span class='ocrx_word' id='word_1_789' title='bbox 2701 4986 2807 5039; x_wconf 77' lang='grc' dir='ltr'><strong>ἀπὸ</strong></span> <span class='ocrx_word' id='word_1_790' title='bbox 2837 4983 2935 5053; x_wconf 79' lang='grc' dir='ltr'>τῆς</span> <span class='ocrx_word' id='word_1_791' title='bbox 2984 4980 3394 5052; x_wconf 83' lang='grc' dir='ltr'>προσελεύσεως</span> <span class='ocrx_word' id='word_1_792' title='bbox 3451 4979 3571 5033; x_wconf 86' lang='grc' dir='ltr'>καθ’</span> <span class='ocrx_word' id='word_1_793' title='bbox 3600 4979 3731 5032; x_wconf 81' lang='grc' dir='ltr'>ὑπό-</span> 
     </span>
    </p>
   </div>
   <div class='ocr_carea' id='block_1_108' title="bbox 2164 5071 3727 5153">
    <p class='ocr_par' dir='ltr' id='par_1_108' title="bbox 2164 5071 3727 5153">
     <span class='ocr_line' id='line_1_109' title="bbox 2164 5071 3727 5153; baseline -0.007 -20"><span class='ocrx_word' id='word_1_794' title='bbox 2164 5099 2385 5153; x_wconf 82' lang='grc' dir='ltr'>μνησιν,</span> <span class='ocrx_word' id='word_1_795' title='bbox 2433 5080 2598 5144; x_wconf 81' lang='grc' dir='ltr'>ἄλλας</span> <span class='ocrx_word' id='word_1_796' title='bbox 2659 5086 2709 5149; x_wconf 88' lang='grc' dir='ltr'>μ’</span> <span class='ocrx_word' id='word_1_797' title='bbox 2741 5077 2976 5148; x_wconf 85' lang='grc' dir='ltr'>ἡμέρας,</span> <span class='ocrx_word' id='word_1_798' title='bbox 3018 5076 3080 5138; x_wconf 80' lang='grc' dir='ltr'><strong>ἂς</strong></span> <span class='ocrx_word' id='word_1_799' title='bbox 3112 5075 3315 5144; x_wconf 79' lang='grc' dir='ltr'>καίπερ</span> <span class='ocrx_word' id='word_1_800' title='bbox 3353 5071 3655 5141; x_wconf 79' lang='grc' dir='ltr'>νηστεύσας</span> <span class='ocrx_word' id='word_1_801' title='bbox 3701 5072 3727 5122; x_wconf 90' lang='lat'><strong>6</strong></span> 
     </span>
    </p>
   </div>
   <div class='ocr_carea' id='block_1_109' title="bbox 2158 5161 3731 5243">
    <p class='ocr_par' dir='ltr' id='par_1_109' title="bbox 2158 5161 3731 5243">
     <span class='ocr_line' id='line_1_110' title="bbox 2158 5161 3731 5243; baseline -0.009 -17"><span class='ocrx_word' id='word_1_802' title='bbox 2158 5174 2364 5243; x_wconf 83' lang='grc' dir='ltr'>Κύριος</span> <span class='ocrx_word' id='word_1_803' title='bbox 2392 5172 2485 5225; x_wconf 74' lang='grc' dir='ltr'><strong>καὶ</strong></span> <span class='ocrx_word' id='word_1_804' title='bbox 2517 5172 2704 5240; x_wconf 77' lang='grc' dir='ltr'>Σωτὴρ</span> <span class='ocrx_word' id='word_1_805' title='bbox 2734 5168 2891 5238; x_wconf 80' lang='grc' dir='ltr'>ἡμῶν</span> <span class='ocrx_word' id='word_1_806' title='bbox 2934 5166 3139 5237; x_wconf 82' lang='grc' dir='ltr'>Ἰησοῦς</span> <span class='ocrx_word' id='word_1_807' title='bbox 3170 5167 3198 5219; x_wconf 90' lang='grc' dir='ltr'>ὁ</span> <span class='ocrx_word' id='word_1_808' title='bbox 3222 5162 3475 5233; x_wconf 82' lang='grc' dir='ltr'>Χριστὸς,</span> <span class='ocrx_word' id='word_1_809' title='bbox 3510 5161 3649 5233; x_wconf 82' lang='grc' dir='ltr'><strong>μετά</strong></span> <span class='ocrx_word' id='word_1_810' title='bbox 3673 5161 3731 5213; x_wconf 79' lang='grc' dir='ltr'><strong>τὸ</strong></span> 
     </span>
    </p>
   </div>
   <div class='ocr_carea' id='block_1_110' title="bbox 2159 5249 3731 5332">
    <p class='ocr_par' dir='ltr' id='par_1_110' title="bbox 2159 5249 3731 5332">
     <span class='ocr_line' id='line_1_111' title="bbox 2159 5249 3731 5332; baseline -0.008 -18"><span class='ocrx_word' id='word_1_811' title='bbox 2159 5261 2525 5332; x_wconf 82' lang='grc' dir='ltr'>βαπτισθῆναι</span> <span class='ocrx_word' id='word_1_812' title='bbox 2548 5300 2563 5325; x_wconf 92' lang='grc'><strong>,</strong></span> <span class='ocrx_word' id='word_1_813' title='bbox 2596 5257 2904 5329; x_wconf 79' lang='grc' dir='ltr'>ἐπειράσθη</span> <span class='ocrx_word' id='word_1_814' title='bbox 2940 5257 3045 5310; x_wconf 83' lang='grc' dir='ltr'><strong>ὑπὸ</strong></span> <span class='ocrx_word' id='word_1_815' title='bbox 3096 5254 3192 5308; x_wconf 82' lang='grc' dir='ltr'>τοῦ</span> <span class='ocrx_word' id='word_1_816' title='bbox 3221 5252 3468 5308; x_wconf 73' lang='grc' dir='ltr'>διαϐόλου</span> <span class='ocrx_word' id='word_1_817' title='bbox 3494 5268 3508 5285; x_wconf 78' lang='grc' dir='ltr'><strong>ο</strong></span> <span class='ocrx_word' id='word_1_818' title='bbox 3542 5253 3621 5313; x_wconf 82' lang='grc' dir='ltr'><strong>είς</strong></span> <span class='ocrx_word' id='word_1_819' title='bbox 3664 5249 3731 5312; x_wconf 81' lang='grc' dir='ltr'>ἃς</span> 
     </span>
    </p>
   </div>
   <div class='ocr_carea' id='block_1_111' title="bbox 2158 5340 3728 5419">
    <p class='ocr_par' dir='ltr' id='par_1_111' title="bbox 2158 5340 3728 5419">
     <span class='ocr_line' id='line_1_112' title="bbox 2158 5340 3728 5419; baseline -0.008 -15"><span class='ocrx_word' id='word_1_820' title='bbox 2158 5351 2252 5405; x_wconf 77' lang='grc' dir='ltr'><strong>καὶ</strong></span> <span class='ocrx_word' id='word_1_821' title='bbox 2296 5351 2451 5403; x_wconf 55' lang='grc' dir='ltr'><strong>αὐτοὶ⁸</strong></span> <span class='ocrx_word' id='word_1_822' title='bbox 2489 5349 2630 5402; x_wconf 80' lang='grc' dir='ltr'>κατὰ</span> <span class='ocrx_word' id='word_1_823' title='bbox 2660 5347 2921 5419; x_wconf 77' lang='grc' dir='ltr'>περισσὸν</span> <span class='ocrx_word' id='word_1_824' title='bbox 2950 5344 3468 5416; x_wconf 77' lang='grc' dir='ltr'>δια-γυμνασθέντες,</span> <span class='ocrx_word' id='word_1_825' title='bbox 3501 5340 3728 5395; x_wconf 85' lang='grc' dir='ltr'>εὐτονώ-</span> 
     </span>
    </p>
   </div>
   <div class='ocr_carea' id='block_1_112' title="bbox 2154 5430 3733 5512">
    <p class='ocr_par' dir='ltr' id='par_1_112' title="bbox 2154 5430 3733 5512">
     <span class='ocr_line' id='line_1_113' title="bbox 2154 5430 3733 5512; baseline -0.007 -18"><span class='ocrx_word' id='word_1_826' title='bbox 2154 5441 2313 5512; x_wconf 84' lang='grc' dir='ltr'>τερόν</span> <span class='ocrx_word' id='word_1_827' title='bbox 2364 5459 2424 5493; x_wconf 86' lang='grc' dir='ltr'><strong>τε</strong></span> <span class='ocrx_word' id='word_1_828' title='bbox 2479 5440 2770 5511; x_wconf 76' lang='grc' dir='ltr'>νήψαντες,</span> <span class='ocrx_word' id='word_1_829' title='bbox 2807 5439 3247 5509; x_wconf 86' lang='grc' dir='ltr'>γρηγορήσουσιν</span> <span class='ocrx_word' id='word_1_830' title='bbox 3295 5437 3376 5498; x_wconf 82' lang='grc' dir='ltr'><strong>είς</strong></span> <span class='ocrx_word' id='word_1_831' title='bbox 3422 5430 3733 5505; x_wconf 78' lang='grc' dir='ltr'>προσευχὰς</span> 
     </span>
    </p>
   </div>
   <div class='ocr_carea' id='block_1_113' title="bbox 2153 5520 3731 5603">
    <p class='ocr_par' dir='ltr' id='par_1_113' title="bbox 2153 5520 3731 5603">
     <span class='ocr_line' id='line_1_114' title="bbox 2153 5520 3731 5603; baseline -0.008 -16"><span class='ocrx_word' id='word_1_832' title='bbox 2153 5533 2247 5587; x_wconf 87' lang='grc' dir='ltr'>τοῦ</span> <span class='ocrx_word' id='word_1_833' title='bbox 2275 5532 2487 5601; x_wconf 84' lang='grc' dir='ltr'>λοιποῦ,</span> <span class='ocrx_word' id='word_1_834' title='bbox 2529 5532 3011 5603; x_wconf 71' lang='grc' dir='ltr'>καταμελετῶντες</span> <span class='ocrx_word' id='word_1_835' title='bbox 3048 5529 3110 5584; x_wconf 81' lang='grc' dir='ltr'>τὸ</span> <span class='ocrx_word' id='word_1_836' title='bbox 3140 5528 3459 5600; x_wconf 84' lang='grc' dir='ltr'>λελεγμένον</span> <span class='ocrx_word' id='word_1_837' title='bbox 3487 5525 3591 5581; x_wconf 75' lang='grc' dir='ltr'><strong>ὑπὸ</strong></span> <span class='ocrx_word' id='word_1_838' title='bbox 3636 5520 3731 5579; x_wconf 81' lang='grc' dir='ltr'>τοῦ</span> 
     </span>
    </p>
   </div>
   <div class='ocr_carea' id='block_1_114' title="bbox 545 5817 2308 5891">
    <p class='ocr_par' dir='ltr' id='par_1_114' title="bbox 545 5817 2308 5891">
     <span class='ocr_line' id='line_1_115' title="bbox 545 5817 2308 5891; baseline -0.001 -19"><span class='ocrx_word' id='word_1_839' title='bbox 545 5819 660 5890; x_wconf 70' lang='grc' dir='ltr'>(5η</span> <span class='ocrx_word' id='word_1_840' title='bbox 693 5818 820 5891; x_wconf 78' lang='lat' dir='ltr'><strong>Legi</strong></span> <span class='ocrx_word' id='word_1_841' title='bbox 851 5818 1095 5876; x_wconf 82' lang='lat' dir='ltr'><strong>scxennii</strong></span> <span class='ocrx_word' id='word_1_842' title='bbox 1129 5817 1349 5889; x_wconf 85' lang='lat' dir='ltr'><strong>subjici,</strong></span> <span class='ocrx_word' id='word_1_843' title='bbox 1388 5828 1470 5874; x_wconf 85' lang='lat' dir='ltr'><strong>est</strong></span> <span class='ocrx_word' id='word_1_844' title='bbox 1516 5820 1779 5874; x_wconf 73' lang='lat' dir='ltr'><strong>sexennio</strong></span> <span class='ocrx_word' id='word_1_845' title='bbox 1815 5818 2308 5877; x_wconf 82' lang='lat' dir='ltr'><strong>cxcommunicari.</strong></span> 
     </span>
    </p>
   </div>
  </div>
