4146 6456
318 391 421 456 93ῗ
1110 390 1513 453 SYNTAGMA
1551 390 1941 453 CANONUM.
1968 394 2203 461 —TIT.
2240 399 2410 474 XIII,
2452 401 2610 462 CAP.
2647 402 2777 462 XX.
3497 407 3601 467 938

322 499 529 571 Κυρίου
559 497 696 569 πρὸς
727 498 820 551 τὸν
853 496 1182 569 πειράζοντα
1210 495 1395 562 αὑτὸν,
1432 498 1519 549 ἵνα
1550 496 1904 570 προσκυνήσῃ

2026 506 2308 561 Dominum
2336 508 2503 563 Deum
2530 520 2679 564 tuum
2703 509 2973 574 adorabis,
3001 522 3048 566 et
3079 513 3158 565 illi
3188 514 3289 567 soli
3315 515 3503 566 servies

324 596 509 660 αὑτὸν,
536 594 770 662 ’Ὕπαγε
806 595 1000 647 ὀπίσω
1011 591 1385 662 μου,Σατανᾶ
1407 608 1420 623 ⁸
1452 591 1773 662 γέγραπται
1795 594 1928 662 γὰρ,
1968 595 2189 662 Κύριον
2256 593 2362 648 τὸν
2409 595 2559 648 Θεόν
2596 609 2713 647 σου
2744 597 3215 662 προσκυνήσεις,
3288 599 3387 654 καί
3436 600 3596 665 αὑτῷ

318 685 485 755 μόνῳ
512 689 893 753 λατρεύσεις.

395 777 461 848 β’.
508 778 634 839 Τιῖς
684 777 740 828 δὲ
809 778 948 846 μετὰ
995 776 1057 829 τὸ
1106 776 1505 847 φυλακισθῆναι
1564 777 1764 848 μόνον,
1822 778 1918 831 καὶ

2084 776 2139 831 ‘2.
2176 775 2245 830 lis
2280 783 2460 831 autem
2489 777 2581 847 qui
2628 784 2916 847 postquam
2970 777 3023 831 in
3062 780 3368 834 custodiam
3413 784 3593 837 traditi

325 867 803 938 ὑπομεμενηκέναι
860 868 960 930 τὰς
1006 866 1065 920 ὲν
1122 867 1200 938 τῷ
1252 867 1611 939 δεσμωτηρίῳ
1643 907 1658 933 ,
1720 867 1798 931 ὡς
1852 867 1918 920 ἂν

2026 873 2167 925 sunt,
2202 876 2256 919 et
2282 865 2335 918 in
2371 880 2612 928 carcere,
2640 876 2898 934 tanquam
2933 865 2987 919 in
3018 866 3324 935 obsidione,
3358 869 3597 927 afﬂictio.

327 962 385 1011 ἐν
442 957 772 1027 πολιορκίᾳ,
834 956 1045 1024 θλίψεις
1098 974 1156 1009 τε
1184 958 1298 1020 ίκαὶ
1349 958 1633 1024 δυσωδίας,
1693 956 1920 1029 ὕστερον

2026 974 2117 1013 nes
2144 972 2443 1028 gravesque
2468 956 2668 1013 fetores
2687 959 2833 1028 passi
2869 968 3027 1026 sunt;
3059 970 3246 1029 postea
3272 971 3452 1017 autem
3479 965 3599 1019 sine

329 1051 384 1101 δὲ
440 1049 609 1119 χωρὶς
657 1048 897 1119 πολέμου
951 1049 1201 1118 βασάνων
1272 1050 1585 1120 γενομένοις
1642 1049 1923 1120 αἰχμαλώ-

329 1158 460 1205 τοις,
482 1140 622 1193 κατά
654 1139 855 1209 πολλὴν
876 1140 1150 1210 πτωχείαν
1179 1140 1484 1210 δυνάμεως,
1515 1142 1609 1194 καὶ
1639 1142 1777 1196 κατά
1796 1158 1915 1195 τινα

329 1233 631 1301 τυφλότητα
663 1232 1106 1300 τεθραυσμένοις,
1138 1232 1437 1303 ἐπαρκέσει
1482 1235 1725 1297 ἐνιαυτὸς
1776 1232 1911 1305 πρὸς

328 1325 405 1394 τῷ
431 1324 600 1394 ἑτέρῳ
628 1325 824 1397 χρόνῳ,
860 1324 987 1377 ἐπεὶ
1036 1323 1174 1385 ὅλως
1206 1325 1301 1376 καὶ
1327 1325 1482 1378 αὐτοὶ
1526 1324 1914 1378 ὲπιδεδώκασιν

324 1415 548 1477 ἑαυτοὺς
574 1415 716 1486 ὑπὲρ
736 1413 831 1468 τοῦ
865 1416 1129 1485 ὀνόματος
1165 1413 1432 1485 θλιϐῆναι,
1470 1416 1518 1467 εί
1544 1417 1636 1468 καὶ
1665 1415 1913 1483 ἀπήλαυ-

328 1524 425 1562 σαν
449 1509 505 1558 ἐν
527 1506 604 1576 τῷ
633 1507 994 1577 δεσμωτηρίῳ
1027 1506 1128 1576 τῆς
1162 1506 1315 1577 παρὰ
1361 1506 1471 1559 τῶν
1500 1507 1746 1576 ἀδελφῶν
1781 1507 1911 1560 πολ·-

326 1599 422 1669 λῆς
451 1597 811 1661 ἀναπαύσεως
833 1639 849 1663 ,
897 1598 1042 1669 ἆπερ
1075 1598 1515 1651 πολλαπλασίονα
1558 1599 1913 1666 ἀποδώσουσι,

327 1691 620 1755 ποθοῦντες
665 1690 1006 1761 λυτρωθῆναι
1059 1691 1166 1744 ἀπὸ
1209 1692 1311 1762 τῆς
1369 1692 1709 1763 πικροτάτης
1750 1693 1914 1761 αἰχμ-

2022 1050 2163 1105 bello
2191 1061 2586 1105 tormentorum
2625 1051 2824 1120 captivi
2859 1050 2987 1105 lacti
3017 1063 3162 1119 sunt,
3202 1054 3369 1107 nimia
3400 1057 3595 1111 virium

2023 1144 2206 1214 inopia
2234 1153 2288 1199 et
2308 1142 2544 1213 quadam
2568 1144 2809 1197 caecitate
2840 1140 3129 1207 confracti,
3154 1159 3332 1201 anuus
3354 1148 3418 1201 ad
3449 1148 3595 1201 aliud

2021 1244 2234 1304 tempus
2288 1236 2565 1303 iniunctus
2622 1234 2851 1290 sufﬁciet
2894 1253 2907 1290 :
2949 1251 3076 1291 nam
3132 1239 3232 1307 ipsi
3283 1255 3499 1310 quoque
3536 1255 3598 1297 se

2020 1328 2247 1380 omnino
2304 1340 2403 1395 pro
2446 1324 2891 1387 ndmineiChristi
2922 1326 3235 1396 alﬂigendos
3270 1330 3510 1385 dedere:
3548 1333 3593 1385 si

2024 1418 2187 1472 etiam
2219 1432 2250 1471 a
2283 1416 2543 1470 fratribus
2580 1416 2632 1469 in
2660 1431 2883 1471 carcere
2912 1419 3135 1472 multam
3163 1421 3594 1477 consolationem

2022 1508 2259 1563 assecuti
2297 1517 2443 1562 sunt.
2497 1507 2629 1574 Quae
2667 1509 2886 1577 quidem
2930 1511 3285 1579 multiplicata
3329 1513 3594 1580 reddent,

2018 1600 2234 1655 liberari
2262 1600 2541 1669 cupientes
2564 1600 2632 1654 ab
2657 1600 3008 1655 acerbissima
3031 1603 3342 1672 captivitate
3371 1604 3595 1674 diaboli,

2014 1693 2133 1761 ejus
2175 1692 2413 1746 maxime
2460 1695 2811 1748 recordantes
2859 1695 2952 1762 qui
2990 1694 3168 1749 dicit:
3205 1694 3436 1763 Spiritus
3490 1698 3599 1752 Do-

330 1782 567 1846 αλωσίας
610 1781 705 1834 τοῦ
748 1781 1018 1847 διαϐόλου,
1050 1782 1390 1854 μεμνημένοι
1426 1783 1659 1855 μάλιστα
1705 1782 1801 1835 τοῦ
1833 1783 1919 1834 λέ-

2026 1784 2151 1837 mini
2179 1800 2334 1853 super
2358 1799 2457 1848 me,
2497 1799 2655 1853 quam
2694 1784 2756 1835 ob
2795 1800 3013 1837 causam
3040 1786 3193 1838 unxit
3224 1802 3303 1840 me
3327 1802 3346 1840 :
3380 1799 3435 1840 ut
3460 1804 3598 1855 pau-

330 1891 515 1942 γοντος
537 1889 551 1904 ⁸
578 1873 819 1942 Πνεῦμα
839 1876 1059 1941 Κυρίου
1087 1874 1180 1927 ἐπ’
1196 1874 1301 1942 ἐμὲ
1324 1870 1398 1930 οὗ
1432 1876 1667 1929 εἵνεκεν
1704 1872 1911 1943 ἕχρισέ

2026 1875 2223 1931 aeribus
2243 1873 2658 1944 euangelizarem
2681 1874 2824 1926 misit
2848 1888 2948 1936 me,
2971 1882 3020 1926 et
3038 1875 3407 1927 annuntiarem
3430 1876 3599 1943 capti-

324 1981 403 2034 με
424 1981 437 1995 ⁸
470 1995 539 2007 —-—
581 1966 1103 2034 Εὑαγγελίσασθαι
1149 1965 1409 2034 πτωχοῖς
1440 1965 1787 2021 ἀπέσταλκέ
1814 1981 1911 2035 με,

331 2056 583 2124 κηρύξαι
628 2058 1020 2125 αἰχμαλώτοις
1048 2056 1270 2125 ἄφεσιν
1321 2057 1420 2111 καί
1465 2057 1718 2128 τυφλοῖς
1766 2056 1913 2111 ἀνά-

329 2149 564 2216 ϐλεψιν,
611 2147 966 2201 ἀποστεῖλαι
1018 2147 1504 2216 τεθραυσμένους
1552 2149 1623 2201 ἐν
1676 2147 1912 2216 ἀφέσει,

330 2239 585 2307 κηρύξαι
642 2238 925 2293 ἐνιαυτὸν
974 2241 1195 2309 Κῳίου
1242 2238 1477 2306 δεκτόν,
1533 2239 1634 2301 καὶ
1687 2239 1915 2309 ἡμέραν

326 2327 811 2395 ἀνταποδόσεως.

397 2417 468 2489 γ’.
520 2420 645 2483 Τοῖς
689 2419 747 2473 δὲ
812 2420 938 2490 μηδ’
965 2420 1102 2486 ὅλως
1166 2424 1334 2494 μηδέν
1375 2440 1430 2477 τι
1452 2423 1691 2478 τοιοῦτον
1719 2440 1919 2476 πεπον-

328 2513 447 2567 θόσι
476 2551 492 2576 ,
559 2513 695 2582 μηδὲ
765 2514 1163 2584 ὲνδειξαμένοις
1213 2515 1424 2587 καρπὸν
1484 2517 1743 2582 πίστεως,
1803 2516 1918 2570 ἀλλ’

325 2604 733 2675 αὐτομολήσασι
772 2608 910 2675 πρὸς
967 2608 1066 2676 τὴν
1096 2607 1314 2673 κακίαν,
1369 2608 1780 2679 προδεδομένοις
1815 2609 1920 2663 ὑπὸ

320 2694 529 2758 δειλίας
589 2695 684 2747 καὶ
742 2696 931 2763 φόϐου,
987 2695 1082 2751 νῦν
1135 2696 1191 2749 δὲ
1247 2699 1327 2761 εἰς
1371 2698 1659 2768 μετάνοιαν
1693 2699 1924 2770 ἐρχομέ-

324 2802 460 2849 νοις,
505 2786 802 2853 ἀναγκαῖόν
846 2789 962 2840 ἐστι
992 2789 1086 2840 καὶ
1126 2789 1369 2858 ἁρμόζον
1412 2790 1513 2860 την
1540 2790 1639 2862 τῆς
1670 2791 1920 2861 ἀκάρπου

328 2878 502 2948 συκῆς
532 2878 847 2947 παραϐολὴν
901 2880 1263 2950 παραθέσθαι,
1294 2880 1369 2944 ὡς
1415 2884 1443 2935 ό
1486 2882 1690 2953 Κύριος
1740 2883 1917 2951 λέγει·

326 2968 539 3037 Συκῆν
592 2967 717 3037 εἶχέ
751 2988 842 3036 τις
874 2972 1335 3041 πεφυτευμένην
1379 2973 1449 3026 ἐν
1480 2972 1559 3038 τῷ
1609 2974 1919 3042 ἀμπελῶνι

325 3060 539 3127 αὐτοῦ,
562 3060 662 3113 καί
689 3057 833 3131 ἦείθε
857 3060 1046 3130 ζητῶν
1077 3063 1313 3130 καρπὸν
1339 3063 1410 3116 ἐν
1446 3062 1623 3131 αὐτῇ,
1657 3065 1757 3118 καὶ
1805 3066 1917 3134 οὐχ

2016 1965 2092 2018 eis
2140 1963 2523 2029 liberationem,
2557 1974 2606 2017 et
2653 1965 2810 2017 caecis
2858 1964 2998 2017 visus
3044 1965 3511 2032 recuperationem,
3552 1976 3599 2020 et

2020 2055 2280 2108 mitterem
2306 2054 2504 2124 fractos
2532 2055 2588 2108 in
2616 2054 2977 2109 remissionem
3000 2092 3018 2118 ,
3059 2053 3358 2122 praedicare
3403 2070 3600 2108 annum

2021 2145 2234 2202 Domini
2272 2146 2664 2217 acceptabilem,
2694 2155 2744 2202 et
2766 2147 2906 2201 diem
2936 2146 3303 2203 retributionis
3330 2146 3399 2201 ³⁸.

2092 2423 2147 2477 '5.
2190 2421 2262 2477 Iis
2298 2428 2479 2477 autem
2506 2422 2599 2493 qul
2642 2420 2779 2477 nihil
2814 2421 3085 2491 ejusmodi
3129 2421 3275 2492 passi
3317 2432 3468 2489 sunt,
3502 2437 3607 2481 nec

2027 2510 2149 2567 lidei
2175 2509 2411 2565 fructum
2438 2510 2815 2575 ostenderunt,
2840 2510 2933 2565 sed
2952 2510 3020 2565 ad
3042 2511 3230 2565 vitium
3254 2511 3395 2566 ultro
3425 2522 3605 2569 trans-

2022 2603 2302 2674 fugerunt,
2335 2618 2367 2657 a
2400 2611 2547 2657 metu
2579 2611 2633 2656 et
2658 2602 2948 2656 timiditate
2976 2604 3211 2672 proditi,
3244 2618 3391 2658 nunc
3420 2614 3601 2659 autem

2028 2696 2255 2750 veniunt
2285 2694 2351 2748 ad
2386 2695 2789 2763 paenitentiam,
2832 2709 3058 2749 necesse.
3086 2703 3169 2749 est
3196 2703 3248 2748 et
3268 2697 3605 2751 conveniens

2031 2786 2363 2857 infrugifera'.
2388 2788 2525 2841 licus
2560 2786 2873 2855 parabolam
2898 2801 3221 2856 proponere,
3256 2797 3313 2841 ut
3341 2787 3607 2843 Dominus

2025 2879 2154 2934 dicit
2191 2895 2205 2933 :
2248 2877 2491 2932 Habebat
2516 2878 2632 2947 quis
2661 2877 2821 2946 ﬁcum
2848 2877 3147 2946 plantatam
3173 2879 3227 2931 in
3253 2894 3350 2932 suo
3389 2879 3561 2932 viueto
3586 2895 3604 2931 :

2027 2980 2074 3024 et
2100 2970 2237 3024 venit
2273 2985 2513 3039 quazrens
2540 2970 2596 3022 in
2625 2985 2686 3021 ea
2707 2969 2963 3037 fructum,
2984 2980 3034 3022 et
3063 2985 3165 3022 non
3200 2970 3416 3024 invenit.
3454 2970 3607 3023 Dixit

2030 3074 2207 3117 autem
2246 3062 2457 3116 vinitori
2489 3076 2508 3113 :
2545 3059 2681 3113 Ecce
2715 3069 2819 3114 tres
2857 3076 3056 3127 annos,
3095 3076 3159 3115 ea:
3196 3077 3296 3131 quo
3328 3078 3422 3131 ego
3459 3063 3605 3116 venio

324 3146 531 3218 εὗρεν.
575 3146 710 3203 Είπε
740 3151 796 3203 δὲ
839 3152 973 3222 πρὸς
1006 3153 1099 3206 τὸν
1127 3154 1531 3225 ἀμπελουργόν,
1578 3155 1733 3210 Ἰδοὺ
1784 3156 1918 3222 τρία

2026 3169 2261 3224 qurereus
2279 3152 2508 3221 fructum
2533 3151 2589 3205 in
2617 3151 2715 3204 hac
2742 3152 2867 3219 ﬁcu,
2895 3160 2944 3205 et
2970 3166 3073 3206 non
3097 3153 3298 3206 invenio
3315 3168 3334 3216 ;
3366 3155 3607 3207 exscinde

328 3241 435 3309 ἐτη
487 3240 589 3310 ἀφ’
615 3236 688 3298 οὖ
746 3242 991 3312 ἔρχομαι
1041 3242 1226 3311 ζητῶν
1271 3246 1502 3315 καρπὸν
1531 3246 1602 3299 ὲν
1630 3245 1706 3315 τῇ
1752 3247 1916 3317 συκῇ

335 3336 553 3401 ταύτῃ,
584 3335 683 3387 καὶ
712 3339 825 3404 οὐχ
872 3337 1132 3404 εὑρίσκω
1154 3354 1170 3368 ⁸
1202 3337 1471 3407 ἔκκοψον
1496 3338 1709 3408 αὐτὴν,
1733 3340 1836 3394 ἵνα
1864 3341 1920 3394 τι

332 3424 434 3477 καί
460 3424 577 3491 τὴν
589 3424 706 3494 γῆν
727 3427 1035 3496 καταργεῖ;
1058 3430 1089 3480 ό
1108 3427 1175 3480 δὲ
1189 3430 1528 3499 ἀποκριθεὶς
1549 3433 1709 3500 λέγει
1733 3430 1916 3496 αὐτῷ·

333 3518 534 3583 Κύριε,
560 3517 700 3585 ἄφες
747 3518 943 3585 αὐτὴν
976 3518 1074 3571 καὶ
1111 3519 1286 3573 τοῦτο
1322 3521 1390 3575 τὸ
1430 3521 1586 3589 ἔτος,
1626 3523 1737 3589 ἕως
1779 3523 1920 3578 ὅτου

327 3607 556 3675 σκάψω
572 3608 645 3661 τὰ
674 3609 805 3675 περὶ
835 3610 1030 3676 αὐτὴν
1061 3611 1157 3663 καὶ
1180 3611 1354 3675 βάλω
1384 3613 1601 3681 κόπρια
1621 3631 1634 3645 ⁸
1666 3615 1781 3669 κᾶν
1813 3617 1925 3683 μὲν

329 3698 566 3769 ποιήσῃ
583 3700 835 3766 καρπόν⁸
852 3702 903 3753 εὶ
926 3700 994 3753 δὲ
1009 3700 1093 3770 μή
1112 3717 1197 3771 γε,
1218 3705 1305 3769 εις
1322 3703 1388 3758 τὸ
1399 3706 1633 3775 μέλλον
1642 3706 1923 3774 ἐκκόψεις

329 3787 559 3856 αὐτήν⁸
600 3789 666 3859 ῆν
692 3789 801 3859 πρὸ
844 3788 1140 3860 ὀφθαλμῶν
1173 3792 1838 3865 λαϐόντες,.ὲνδειξάμενοί
1863 3813 1924 3848 τε

334 3880 551 3950 καρπὸν
580 3879 729 3947 ἀξιον
758 3880 855 3951 τῆς
900 3882 1206 3950 μετανοίας,
1237 3883 1296 3935 ὲν
1332 3884 1412 3955 τῷ
1450 3885 1780 3957 διαστήματι
1828 3886 1925 3940 τοῦ

331 3972 594 4024 τοσούτου
630 3972 822 4043 χρόνου
857 3972 1058 4043 μᾶλλον
1082 3973 1548 4046 ὠφεληθήσονται.

406 4064 475 4117 δ’.
543 4063 665 4123 Tol;
735 4062 843 4135 γὰρ
902 4063 1248 4119 παντάπασιν
1311 4066 1757 4137 ἀπεγνωσμένοις
1833 4070 1928 4122 καὶ

337 4154 729 4225 ἁμετανοήτοις
768 4192 783 4217 ,
860 4152 1035 4224 δέρμα
1102 4171 1163 4208 τε
1233 4156 1488 4220 Αἰθίοπος
1554 4157 1928 4230 ἀμετάϐλητον

341 4243 705 4313 κεκτημένοις
732 4282 746 4308 ,
805 4242 901 4296 καὶ
960 4243 1296 4313 ποικίλματα
1345 4246 1693 4317 παρδάλεως,
1727 4246 1928 4319 λεχθή-

340 4352 499 4389 σεται
544 4334 605 4388 τὸ
649 4335 747 4404 τῆς
797 4335 989 4406 ἐτέρας
1033 4335 1203 4405 συκῆς
1228 4353 1243 4368 ⁸
1267 4337 1493 4403 Μηκέτι
1523 4338 1593 4391 ὲκ
1633 4337 1750 4392 σοῦ
1787 4353 1931 4406 καρ-

333 4427 455 4493 πὸς
484 4427 724 4496 γένηται
753 4430 840 4492 εὶς
889 4427 996 4481 τόν
1034 4426 1219 4481 αἰῶνα
1246 4468 1261 4493 ,
1316 4430 1396 4483 διὸ
1446 4431 1538 4483 καὶ
1589 4432 1929 4501 παραχρῆμα

340 4518 654 4589 ξηραίνεται
677 4532 694 4547 ⁸
732 4517 1144 4589 ἀποπληροῦται
1175 4519 1306 4587 γοῦν
1362 4520 1448 4573 ἐπ’
1482 4522 1685 4588 αὐτοῖς,
1722 4522 1816 4576 καὶ
1863 4522 1925 4575 τὸ
1957 4504 2003 4563 D

336 4613 445 4665 ὑπὸ
486 4610 582 4664 τοῦ
616 4611 1071 4681 ἐκκλησιαστικοῦ
1093 4611 1378 4682 είρημένον
1398 4628 1411 4641 ⁸
1448 4612 1925 4682 Διεστραμμένον

333 4704 413 4759 οὐ
450 4701 856 4771 δυνηθήσεται
884 4701 1386 4771 ἐπικοσμηθῆναι,
1409 4702 1506 4755 καὶ
1529 4700 1833 4772 ὑστέρημα
1854 4703 1925 4756 οὐ

337 4792 669 4863 δυνήσεται
687 4792 1084 4861 ἀριθμηθῆναι
1106 4809 1119 4823 ⁸
1143 4794 1192 4845 εἰ
1221 4791 1297 4864 μὴ
1333 4794 1440 4863 γὰρ
1474 4795 1737 4863 πρότερον
1759 4795 1819 4847 τὸ
1849 4795 1928 4847 δι-

340 4882 723 4955 εστραμμένον
777 4882 1064 4953 διορθωθῇ,
1098 4882 1358 4936 ἀδύνατόν
1401 4884 1549 4935 ἐστιν
1578 4883 1712 4936 αὐτὸ
1738 4886 1928 4937 ἐπικο-

342 4976 623 5045 σμηθῆναι
645 4988 660 5008 ⁸
690 4975 786 5029 καὶ
820 4976 869 5027 εὶ
903 4974 976 5044 μὴ
1001 4974 1264 5045 πρότερον
1290 4974 1351 5027 τὸ
1377 4975 1663 5045 ὑστέρημα
1688 4976 1931 5047 ἀναπλη-

338 5066 519 5137 ρωθῇ,
576 5065 836 5119 ἀδύνατόν
886 5066 1032 5117 ἐστιν
1063 5065 1198 5117 αὐτὸ
1243 5064 1613 5135 ἀριθμηθῆναι
1639 5082 1652 5095 ⁸
1684 5065 1806 5118 ὅθεν
1836 5066 1929 5119 καὶ

338 5159 435 5211 ἐπὶ
462 5157 647 5221 τέλους
675 5155 1015 5227 συμϐήσεται
1043 5157 1227 5219 αὐτοῖς
1259 5156 1316 5209 τὸ
1343 5156 1666 5227 λελεγμένον
1700 5158 1805 5210 ὑπὸ
1832 5159 1926 5211 τοῦ

340 5247 626 5320 προφήτου
665 5246 887 5299 Ἡσαΐου
912 5262 925 5277 ⁸
974 5247 1085 5300 Καὶ
1118 5247 1392 5314 ὄψονται,
1427 5247 1582 5317 φησὶ,
1636 5249 1709 5301 τὰ
1761 5247 1926 5302 κῶλα

336 5340 461 5394 τῶν
496 5337 822 5406 ἀνθρώπων
856 5337 975 5393 τῶν
1020 5341 1514 5408 παραϐεϐηκότων
1538 5341 1608 5392 ἐν
1663 5341 1796 5408 ἐμοί
1821 5357 1833 5371 ⁸
1893 5344 1927 5395 ὀ

338 5434 452 5503 γὰρ
504 5430 751 5499 σκώληξ
809 5432 1006 5486 αὐτῶν
1043 5435 1115 5489 οὺ
1144 5432 1513 5499 τελευτήσει,
1553 5432 1650 5485 καὶ
1693 5432 1759 5485 τὸ
1808 5432 1926 5500 πῦρ

337 5524 544 5580 αὐτῶν
580 5527 651 5579 οὐ
701 5524 1126 5594 σόεσθήσεται,
1159 5526 1257 5579 καί
1303 5525 1547 5580 ἔσονται
1586 5527 1673 5590 εἰς
1711 5524 1927 5592 ὅρασιν

338 5617 511 5687 πάσῃ
534 5617 732 5687 σαρκί·
764 5618 896 5671 ἐπεὶ
924 5617 1024 5671 καὶ
1046 5618 1125 5683 ὠς
1153 5617 1545 5686 προλὲλεκται
1583 5616 1683 5670 ὑπ’
1712 5617 1921 5679 αὐτοῦ,

414 5730 459 5762 ³⁸
501 5728 691 5784 Matth.
746 5746 820 5795 tv,
862 5730 950 5784 10.

662 5896 934 5955 Parum.
982 5896 1097 5958 Gn.
1150 5896 1308 5959 CIV.

1062 5731 1110 5761 ³⁸
1148 5730 1252 5785 Isa.
1310 5734 1607 5797 “1,1,2;
1657 5730 1788 5786 Luc.
1846 5748 1914 5788 Iv.
1980 5736 2063 5802 l3,
2116 5737 2199 5791 19.

338 5803 387 5833 ³⁵
415 5801 595 5856 Eccle.
630 5816 669 5865 ι,
698 5799 785 5854 15.
863 5803 912 5832 ⁸ο
944 5801 1047 5856 lsa.
1075 5802 1317 5865 unﬁt.
1395 5804 1435 5834 “
1481 5803 1581 5859 Isa.
1614 5820 1743 5871 Lvu,
1771 5802 1861 5871 ‘20,
1893 5806 1981 5859 “2.1.

2024 3260 2136 3299 eant
2157 3260 2175 3296 :
2205 3260 2300 3296 cur
2332 3252 2528 3297 terram
2558 3243 2788 3296 inaniter
2820 3254 3037 3312 occupat
3066 3244 3090 3296 ἱ)
3126 3242 3227 3297 Ille
3244 3261 3361 3298 vero
3394 3262 3610 3315 respon-

2026 3336 2151 3389 dens
2195 3335 2324 3387 dicit
2367 3334 2453 3388 illi
2488 3350 2506 3388 :
2543 3333 2784 3397 Domine,
2830 3333 3038 3387 dimitte
3074 3335 3225 3388 illaut
3268 3336 3363 3389 hoc
3408 3353 3612 3407 quoque

2027 3441 2185 3487 anno,
2215 3425 2376 3478 donec
2406 3424 2553 3478 circa
2580 3441 2694 3478 eam
2736 3423 2938 3493 fodero,
2970 3433 3020 3478 et
3062 3427 3307 3479 laztameu
3348 3426 3608 3494 injecero;

2025 3515 2072 3568 si
2098 3514 2306 3584 quidem
2346 3515 2579 3583 fructum
2612 3514 2826 3581 fecerit;
2855 3512 3021 3585 M6
3049 3514 3131 3567 sin
3169 3515 3363 3577 minus,
3398 3532 3514 3568 eam
3554 3516 3610 3569 in

2028 3606 2268 3675 futurum
2297 3605 2567 3659 exscindes
2598 3605 2642 3637 ⁸⁷
2681 3622 2694 3658 :
2726 3621 2833 3674 qua
2879 3615 3006 3659 ante
3046 3605 3236 3661 oculos
3269 3616 3488 3675 accepta
3510 3646 3525 3673 ,
3554 3618 3611 3662 et

2028 3707 2251 3752 ostenso
2287 3697 2452 3766 digno
2476 3696 2653 3751 fructu
2690 3695 3045 3765 poenitentia,
3068 3695 3123 3752 iu
3158 3704 3310 3751 tanto
3347 3697 3612 3767 temporis

2030 3788 2317 3845 intervallo
2347 3788 2521 3859 magis
2554 3788 2915 3858 juvabuutur.

2105 4060 2158 4112 4.
2200 4057 2272 4112 Iis
2299 4057 2442 4111 enim
2476 4054 2568 4125 qui
2601 4062 2730 4109 sunt
2758 4052 2984 4108 omnino
3016 4052 3311 4124 desperati,
3342 4065 3397 4112 et
3434 4059 3613 4127 poeni-

2033 4155 2257 4210 tentiam
2291 4166 2399 4205 non
2433 4156 2639 4220 agunt,
2670 4155 2727 4203 et
2756 4146 2948 4216 pellem
2990 4146 3266 4219 Ethiopis
3299 4150 3614 4205 immutabi-

2033 4246 2137 4299 lem
2170 4244 2452 4314 possident
2472 4251 2527 4297 et
2555 4241 2708 4312 pardi
2735 4239 3049 4304 varietates,
3087 4240 3320 4305 dicetur,
3351 4242 3498 4311 quod
3521 4243 3611 4296 alii

2033 4338 2157 4392 licui
2201 4337 2407 4391 dictum
2447 4344 2531 4389 est
2565 4351 2579 4388 :
2618 4332 2969 4402 Nequaquam
3005 4346 3072 4384 ea:
3105 4340 3153 4384 te
3188 4331 3396 4401 [ructus
3428 4334 3526 4402 ﬁat
3560 4336 3617 4388 in

2034 4438 2287 4483 uernum
2323 4426 2389 4492 ³⁸,
2418 4434 2472 4481 et
2505 4424 2626 4480 ideo
2654 4423 2836 4478 statim
2883 4437 3101 4492 quoque
3139 4424 3429 4476 exarescit.
3461 4424 3518 4477 In
3548 4425 3615 4480 iis

2028 4520 2172 4574 enim
2228 4517 2486 4585 impletur
2542 4515 2689 4586 quod
2729 4515 2797 4569 ab
2847 4514 3176 4569 Ecclesiaste
3226 4515 3432 4567 dictum
3487 4526 3610 4570 est:

2030 4610 2184 4676 Quod
2212 4625 2511 4679 perversum
2533 4618 2632 4672 est,
2668 4624 2772 4661 non
2792 4608 2980 4675 poterit
3008 4607 3280 4671 exornari,
3309 4616 3359 4660 et
3383 4608 3613 4676 defectus

2030 4704 2297 4757 numerari
2328 4719 2432 4755 non
2465 4702 2659 4770 poterit
2692 4702 2757 4754 '9.
2791 4699 2909 4754 Nisi
2942 4700 3087 4753 enim
3120 4700 3265 4768 quod
3299 4714 3613 4767 perversum

2030 4796 2289 4865 estprius
2324 4802 2531 4848 rectum
2574 4792 2761 4855 fuerit,
2789 4791 2905 4845 ﬁeri
2934 4806 3042 4845 non
3076 4798 3254 4860 potest
3286 4800 3344 4842 ut
3368 4790 3421 4843 id
3454 4806 3616 4845 exor-

2029 4900 2225 4956 netur;
2271 4898 2327 4944 et
2362 4888 2466 4943 nisi
2517 4888 2665 4958 prior
2695 4886 2942 4942 defectus
2990 4886 3239 4955 expletus
3278 4886 3461 4949 luerit,
3499 4888 3614 4940 tieri

2027 4997 2136 5035 non
2165 4990 2340 5053 potest
2364 4988 2426 5035 ut
2458 4981 2503 5035 is
2536 4987 2877 5033 numeretur.
2908 4976 3059 5031 Unde
3088 4977 3219 5031 etin
3252 4977 3357 5030 line
3390 4979 3471 5030 eis
3492 4994 3617 5030 eve-

2028 5072 2141 5125 niet
2168 5072 2311 5141 quod
2335 5086 2365 5126 a
2408 5071 2669 5140 propheta
2703 5070 2841 5123 Isaia
2868 5068 3073 5123 dicitur
3110 5085 3123 5121 :
3166 5067 3233 5120 Et
3273 5068 3611 5127 uidebuntur,

2027 5162 2225 5233 inquit,
2264 5163 2496 5216 membra
2538 5178 2719 5215 eorum
2765 5162 2855 5231 qui
2897 5161 3210 5229 transgressi
3247 5168 3369 5211 sunt
3416 5160 3471 5211 in
3511 5176 3611 5213 me.

2046 5253 2243 5309 Vermis
2274 5256 2412 5308 enim
2445 5242 2814 5322 ipsorun‘nou
2850 5254 3137 5317 morietur,
3178 5259 3228 5304 et
3271 5252 3407 5321 ignis
3431 5268 3610 5304 eorum

2029 5363 2131 5401 non
2158 5348 2613 5415 exstingueturwt
2633 5355 2786 5401 erunt
2809 5348 2863 5399 in
2882 5356 3149 5415 aspectum
3163 5347 3331 5400 omnis
3352 5347 3605 5401 carnis“.

2032 5442 2507 5511 Quandoquidem,
2530 5449 2587 5494 ut
2607 5450 2661 5496 et
2684 5443 2751 5494 ab
2773 5441 2893 5510 ipso
2912 5439 3234 5510 praedictum
3261 5450 3344 5494 est
3368 5456 3380 5490 :
3405 5438 3608 5507 Injusti

2034 5545 2210 5589 autem
2227 5536 2377 5605 quasi
2396 5550 2538 5588 mare
2558 5535 2760 5606 fervens
2782 5535 2857 5588 sic
2875 5534 3282 5604 fluctuabant,et
3296 5533 3613 5602 requiescere

2037 5647 2138 5687 non
2158 5639 2418 5698 poterunt.
2446 5629 2571 5685 Non
2592 5641 2666 5685 est
2688 5631 2919 5699 gaudere
2940 5630 3135 5697 impiis,
3160 5628 3288 5682 dicit
3312 5627 3453 5681 Deus
3475 5626 3541 5678 δ’.

2327 5734 2367 5765 ³⁷
2411 5730 2541 5786 Luc.
2611 5744 2733 5797 xui,
2786 5728 2905 5785 6-9.
3018 5726 3063 5759 ³⁸
3104 5724 3297 5779 Matth.
3365 5736 3479 5787 ιιι,
3532 5720 3615 5774 ω.

3234 5891 3307 5949 30
