4146 6446
571 355 673 420 929

1774 357 2035 418 ΡΗΟΤΙΙ
2077 358 2579 421 PATRIARCHJE
2613 362 2723 424 CP.

3755 368 3880 431 940

562 466 621 519 οἱ
651 463 720 519 δὲ
760 463 957 517 ἄδικοι
995 463 1074 530 ὡς
1128 464 1412 519 θάλασσα
1440 463 1956 533 ἀναϐεϐρασμένη,
2007 464 2161 518 οὕτω
2198 470 2828 538 κλυδωνισθήσονται,
2886 471 2982 527 καὶ
3042 474 3513 534 ἀναπαύσασθαι
3541 480 3617 534 οὺ
3645 482 3875 551 uaea—

564 553 890 625 νήσονται·
935 556 1035 610 καὶ
1077 558 1187 611 οὐκ
1226 557 1361 610 ἔστι
1398 558 1629 625 χαίρειν
1666 555 1794 621 τοῖς
1843 557 2154 624 ἀσεϐέσιν,
2195 560 2363 615 εἶπεν
2388 566 2605 630 όΘεός.

634 644 689 697 5.
729 644 800 698 iis
824 653 1007 698 autem
1037 644 1131 714 qui
1156 644 1487 699 simularunt
1519 644 1734 699 sicutet
1759 645 1928 701 David
1952 646 2019 713 δ’,
2053 649 2143 717 qui

2330 652 2392 709 ε’.
2441 658 2576 722 ’Τοῖς
2631 658 2687 712 δέ
2738 659 3308 733 καθυποκριναμένοις
3354 664 3495 719 κατά
3524 666 3617 720 τὸν
3662 667 3873 738 ἐπιλη-

565 749 623 788 se
653 734 1000 804 cpilepticum
1032 736 1290 805 lingcbat,
1332 750 1399 789 ne
1432 745 1761 802 moreretur,
1792 737 2045 807 quamvis
2075 753 2158 793 re-

564 842 692 881 vera
715 827 1038 897 epilepticus
1068 842 1177 881 non
1206 836 1351 882 esset
1380 844 1392 892 ;
1427 834 1483 881 et
1512 841 1621 880 non
1647 828 1793 883 nude
1813 830 2156 899 negationem

564 918 1001 989 inscripserunt,
1052 919 1145 974 sed
1191 918 1245 973 in
1301 918 1489 974 multis
1536 920 1842 991 angustiis,
1897 928 2157 993 tanquam

564 1013 716 1081 pueri
747 1013 979 1067 consilio
1009 1020 1064 1066 et
1096 1011 1389 1080 prudentia
1430 1012 1641 1081 praaditi
1676 1013 1820 1069 inter
1852 1029 2050 1084 pueros
2076 1015 2160 1069 in-

564 1107 841 1173 sipientes,
873 1106 1226 1161 inimicorum
1251 1106 1482 1161 insidias
1508 1107 1771 1162 ludiﬁcati
1814 1119 1961 1175 sunt,
1995 1111 2160 1165 velut

562 1199 654 1268 qui
694 1198 888 1252 altaria
918 1198 1301 1267 pervaserint,
1342 1199 1428 1252 vel
1462 1205 1721 1268 tanquam
1753 1200 1848 1270 qui
1870 1200 2158 1271 chirogra-

561 1292 727 1361 phum
768 1291 1037 1357 dederint,
1076 1290 1161 1345 vel
1200 1300 1260 1345 ut
1298 1290 1391 1360 qui
1423 1305 1522 1360 pro
1554 1305 1612 1345 se
1634 1292 1888 1347 ethnicos
1912 1292 2158 1347 immisc-

560 1386 671 1438 riut
696 1402 710 1450 ;
740 1384 955 1439 etiamsi
986 1383 1232 1439 nonnulli
1271 1398 1463 1437 eorum
1510 1384 1604 1453 qui
1643 1385 1881 1440 confessi
1914 1393 2065 1450 sunt,
2100 1394 2159 1440 ut

558 1476 763 1543 audivi,
798 1478 1074 1548 aliquibus
1099 1492 1293 1533 eorum
1320 1478 1667 1548 ignoverunt,
1696 1480 1959 1549 quoniam
1988 1482 2158 1535 maxi-

559 1585 647 1623 ma
683 1568 849 1644 447
885 1570 1140 1625 cautione
1177 1570 1457 1635 vitarunt,
1492 1584 1559 1624 ne
1604 1570 1705 1640 ipsi
1749 1571 1865 1625 suis
1902 1572 2158 1627 manibus

559 1663 741 1734 ignem
774 1662 1038 1727 facerent,
1074 1673 1128 1717 et
1160 1663 1442 1719 daemonas
1474 1664 1721 1734 impuros
1765 1664 2010 1721 sullirent
2044 1686 2058 1721 :
2093 1666 2158 1721 Ii-

557 1767 645 1811 cet
677 1771 804 1810 vero
832 1770 897 1810 ex
923 1756 1137 1827 agentis
1169 1755 1478 1826 ignorantia
1518 1770 1616 1811 eos
1652 1756 1833 1826 latuit,
1869 1759 2156 1816 semestris

559 1860 737 1904 tamen
770 1848 1104 1919 pmnitentia:
1136 1864 1298 1919 paena
1331 1848 1438 1903 illis
1488 1849 1823 1919 imponetur.
1869 1850 1962 1905 Sic
2006 1851 2155 1905 enim

558 1942 663 2010 ipsi
712 1957 934 2011 quoque
987 1943 1160 2011 magis
1195 1942 1572 2011 juvabuntur,
1625 1942 1909 2013 prophetae.
1947 1943 2152 1999 dictum

2262 744 2637 817 πτευσάμενον
2691 750 2857 803 Δαὸὶδ
2924 751 3011 805 ἶνα
3076 751 3152 824 μὴ
3204 754 3452 829 ἀποθάνῃ
3487 800 3501 822 ,
3563 757 3663 810 οὐκ
3725 759 3868 811 ὄντα

2262 836 2609 908 ἐπίληπτον·
2670 842 2764 895 καὶ
2829 842 2903 913 μὴ
2964 844 3187 915 γυμνῶς
3243 846 3725 919 ἀπογραψαμένοις
3782 848 3867 902 τὰ

2261 929 2400 1001 πρὸς
2432 932 2683 1004 ἄρνησιν,
2712 934 2849 988 ἀλλὰ
2878 935 3196 1000 διαπαίξασι
3235 939 3376 992 κατὰ
3417 938 3618 1011 πολλὴν
3665 958 3862 994 στενοο

2260 1021 2487 1090 χωρίαν,
2518 1022 2593 1085 ὡς
2622 1023 2690 1077 ἂν
2722 1023 2912 1079 παιδία
2959 1024 3282 1095 βουλευτικά
3330 1027 3577 1097 ἔμφρονα
3630 1032 3686 1084 ἐν
3720 1048 3861 1083 παι-

2258 1113 2389 1177 δίοις
2435 1114 2634 1184 ἄφροσι
2672 1115 2771 1180 τάς
2813 1116 2922 1170 τῶν
2968 1118 3183 1188 ἐχθρῶν
3235 1120 3566 1185 ἐπιϐουλὰς,
3618 1123 3736 1193 ἦτοι
3771 1122 3860 1186 ὡς

2258 1202 2565 1268 διελθόντας
2597 1206 2839 1277 βωμοὺς,
2899 1208 3017 1278 ἦτοι
3040 1207 3114 1271 ὡς
3140 1212 3697 1281 χειρογραφήσαντας,
3728 1214 3859 1285 ἢτοι

2259 1292 2335 1356 ὡς
2361 1294 2477 1347 ἀνθ’
2508 1296 2718 1349 ἐαυτῶν
2749 1296 3010 1365 βαλόντας
3050 1298 3317 1363 ὲθνικοὺς,
3358 1301 3407 1353 εί
3438 1302 3530 1354 καί
3557 1319 3698 1355 τισιν
3746 1304 3857 1356 a15-

2258 1385 2368 1441 τῶν
2396 1388 2781 1458 συνεχώρησάν
2802 1406 2945 1453 τινες
2970 1389 3079 1443 τῶν
3106 1391 3475 1463 ὁμολογητῶν,
3510 1394 3585 1458 ὡς
3614 1395 3854 1465 ηκουσαο

2258 1478 2382 1531 ἐπεὶ
2416 1478 2651 1548 μάλιστα
2678 1479 2820 1533 κατὰ
2866 1480 3067 1552 πολλὴν
3096 1484 3404 1549 εύλάῆειαν,
3438 1485 3697 1555 ἐξέφυγον
3743 1488 3853 1539 αὑ-

2258 1573 2499 1641 τόχειρες
2530 1572 2786 1640 γενέσθαι
2826 1573 2920 1627 τοῦ
2952 1575 3124 1646 πυρὸς
3164 1576 3259 1629 καὶ
3297 1578 3397 1647 τῆς
3428 1579 3851 1649 ἀναθυμιάσεως

2258 1662 2366 1715 τῶν
2398 1662 2724 1734 ἀκαθάρτων
2752 1664 3044 1735 δαιμόνων·
3075 1667 3198 1720 ἐπεὶ
3218 1667 3397 1723 τοίνυν
3425 1669 3617 1723 ἔλαθεν
3645 1670 3850 1734 αὐτοὺς

2258 1752 2415 1823 ἀνοίᾳ
2460 1752 2622 1807 τοῦτο
2657 1755 2994 1827 πράξαντας,
3025 1759 3176 1829 ὅμως
3211 1759 3481 1832 ἑξάμηνος
3513 1763 3695 1827 αὐτοῖς
3725 1766 3851 1817 ἐπι·-

2257 1844 2547 1916 τεθήσεται
2576 1850 2675 1919 τῆς
2721 1851 2778 1903 ἐν
2817 1850 3077 1921 μετανοίᾳ
3133 1851 3471 1924 ἐπιστροφῆς
3497 1867 3512 1883 ·
3563 1854 3705 1909 οὓτω
3735 1856 3845 1927 γὰρ

2262 1938 2464 2010 μᾶλλον
2518 1941 2614 1994 καὶ
2660 1940 2816 1995 αὐτοὶ
2849 1942 3318 2015 ὠφεληθήσονται,
3368 1948 3847 2016 καταμελετῶντες

560 2036 914 2100 meditantes,
943 2042 998 2089 et
1027 2034 1271 2090 dicentes
1305 2052 1320 2089 :
1365 2033 1588 2089 Pueltus
1622 2037 1830 2105 genitus
1869 2047 1947 2091 est
1986 2037 2143 2104 nobis

2264 2034 2326 2084 τὸ
2358 2032 2700 2102 προφητικὸν
2733 2033 2897 2104 ῥητὸν
2933 2034 3027 2087 καὶ
3063 2034 3315 2103 λέγοντες
3336 2052 3349 2065 ο
3379 2036 3629 2090 Παιδίον
3678 2038 3844 2107 ἐγεν-

556 2128 700 2197 [ilius
733 2138 782 2182 et
805 2127 964 2181 datus
995 2136 1072 2181 est
1099 2127 1273 2191 nobis,
1309 2128 1465 2196 cujus
1504 2127 1837 2196 principatus
1861 2137 1937 2181 est
1964 2128 2019 2182 in
2050 2129 2150 2182 ltu-

553 2238 700 2275 mero
733 2236 847 2286 suo,
872 2230 920 2274 et
953 2229 1175 2275 vocatur
1208 2236 1395 2274 nomen
1418 2220 1556 2290 ejus,
1590 2221 1771 2290 magni
1803 2220 2012 2274 consilii
2042 2222 2151 2275 An-

554 2314 698 2383 gelus
736 2313 805 2368 ".
838 2312 978 2378 Qui,
1023 2321 1082 2367 ut
1112 2312 1300 2377 scitis,
1335 2313 1391 2366 in
1432 2321 1586 2367 sexto
1623 2326 1811 2368 mense
1842 2313 2153 2382 conceptio—

553 2402 675 2467 nis,
718 2418 844 2457 cum
880 2402 1022 2457 alius
1076 2400 1256 2457 infans
1304 2401 1660 2471 praedicasset
1698 2410 1820 2455 ante
1868 2402 2151 2456 adventum

552 2495 664 2563 cjus
693 2495 1055 2565 paenitentiam
1084 2494 1136 2547 in
1170 2494 1531 2547 remissionem
1555 2503 1891 2561 peccatorum
1920 2494 1987 2560 “,
2014 2509 2150 2549 con-

553 2592 743 2653 ceptus
775 2592 859 2638 est
900 2591 956 2636 et
1002 2582 1114 2651 ipse
1166 2582 1233 2636 ad
1288 2582 1691 2651 praedicandam
1748 2584 2148 2652 paenitentiam.

552 2675 763 2730 Etenim
814 2684 1080 2743 utrosque
1129 2674 1386 2730 audimus
1436 2674 1493 2729 in
1548 2675 1742 2745 primis
1792 2675 2151 2743 praedicantes

552 2782 658 2821 non
686 2767 863 2821 solum
887 2767 954 2822 de
983 2766 1329 2837 poenitentia,
1362 2766 1457 2822 sed
1477 2774 1532 2820 et
1554 2766 1623 2822 de
1651 2781 1820 2836 regno
1844 2768 2148 2822 caelorum:

546 2862 691 2931 quod
716 2860 960 2931 quidem,
995 2868 1055 2913 ut
1092 2860 1387 2916 didicimus
1419 2875 1434 2912 :
1471 2860 1614 2913 intra
1648 2876 1742 2912 nos
1783 2871 1859 2914 est
1885 2860 1953 2928 ⁵⁵,
1993 2862 2140 2930 quod

545 2969 705 3023 prope
743 2969 838 3007 nos
878 2954 948 3009 sit
980 2954 1195 3007 verbum
1238 2953 1384 3022 quod
1425 2951 1703 3009 credimus
1752 2952 1805 3005 in
1843 2969 1931 3006 ore
1968 2963 2147 3007 nostro

544 3056 599 3101 et
637 3047 801 3102 corde
824 3056 1037 3110 nostro,
1063 3046 1209 3116 quod
1241 3044 1402 3101 Jcsus
1428 3056 1512 3101 est
1532 3046 1789 3100 Christus
1828 3062 1841 3099 :
1881 3046 2146 3101 credentes

546 3142 599 3192 in
632 3138 787 3192 corde
822 3147 1026 3199 nostro,
1061 3136 1200 3206 quod
1228 3135 1367 3190 Deus
1396 3137 1570 3206 ipsum
1604 3138 1880 3191 suscitavit
1918 3154 1984 3192 ea:
2007 3154 2147 3190 mor-

546 3232 652 3285 tuis
687 3246 705 3284 :
742 3241 799 3284 ut
830 3232 923 3300 qui
960 3229 1191 3285 audiant
1224 3229 1369 3299 quod
1393 3229 1548 3283 corde
1570 3230 1783 3299 quidem
1817 3231 2051 3284 creditur
2073 3231 2143 3283 ad

533 3323 829 3398 justitiam,
863 3336 950 3374 ore
974 3328 1148 3374 autem
1173 3320 1433 3388 confessio
1464 3321 1525 3388 ﬁt
1555 3321 1625 3373 ad
1648 3319 1878 3373 salutem
1910 3321 1977 3374 “.

2258 2121 2415 2191 νήθη
2456 2123 2622 2193 ἡμῖν,
2665 2124 2795 2190 υἱός
2831 2126 2930 2179 καὶ
2961 2124 3139 2193 ἐδόθη
3185 2126 3351 2196 ἡμῖν,
3383 2123 3455 2184 οὗ
3489 2130 3528 2197 ἡ
3557 2128 3713 2198 ἁρχὴ
3743 2130 3843 2183 ἐπὶ

2261 2212 2367 2266 τοῦ
2406 2212 2570 2283 ὤμου
2609 2213 2819 2278 αὑτοῦ,
2860 2215 2959 2269 καὶ
3005 2215 3275 2269 καλεῖται
3310 2216 3377 2269 τὸ
3424 2216 3613 2286 ὄνομα
3633 2219 3839 2283 αὐτοῦ,

2250 2305 2772 2377 μεγάληςβουλῆς
2789 2310 2844 2362 Ἀ
2861 2311 3085 2378 γγελος·
3100 2309 3195 2363 ὂπε
3205 2326 3256 2378 ρ,
3276 2308 3349 2370 ὡς
3375 2308 3513 2374 ἴστε,
3530 2311 3589 2363 ἐν
3602 2312 3681 2382 τῷ
3700 2313 3843 2382 ἕκτῳ

2263 2399 2393 2469 μηνὶ
2413 2398 2512 2469 τῆς
2553 2399 2868 2469 συλλήψεως
2897 2400 2991 2453 τοῦ
3020 2401 3210 2472 ἐτέρου
3245 2401 3473 2467 παιδίου,
3509 2401 3604 2456 τοῦ
3642 2422 3845 2474 προκη-

2262 2490 2520 2560 ρύξαντος
2547 2491 2651 2561 πρὸ
2682 2492 2977 2563 προσώπου
3008 2492 3109 2563 τῆς
3133 2492 3339 2547 εἰσόδου
3368 2494 3532 2548 αὐτοῦ
3556 2496 3841 2565 μετάνοιαν

2256 2585 2338 2646 είς
2381 2583 2576 2653 ἄφεσιν
2613 2584 2920 2655 ἁμαρτιῶν,
2955 2584 3263 2656 συνελήφθη
3295 2586 3387 2639 καὶ
3432 2586 3563 2640 αὐτὸ
3606 2588 3841 2659 κηρύξαι

2260 2672 2578 2743 μετάνοιαν*
2623 2673 2719 2726 καὶ
2760 2674 2869 2745 γὰρ
2908 2678 3002 2728 καὶ
3047 2676 3157 2728 τῶν
3204 2677 3531 2746 ἀμφοτέρων
3570 2679 3841 2748 ἀκούομεν

2255 2767 2315 2817 ἐν
2364 2765 2603 2835 πρώτοις
2632 2767 3017 2836 κηρυσσόντων
3048 2768 3107 2820 οὑ
3161 2768 3320 2837 μόνον
3365 2771 3494 2840 περὶ
3526 2770 3838 2839 μετανοίας,

2254 2856 2391 2912 ἀλλά
2423 2850 2518 2911 καὶ
2548 2859 2677 2929 περὶ
2708 2857 2987 2929 βασιλείας
3014 2858 3261 2930 οὐρανῶν
3294 2876 3308 2890 ·
3351 2862 3491 2932 ἥτις,
3525 2862 3706 2926 καθὼς
3737 2880 3839 2933 με-

2257 2950 2609 3023 μαθήκαμεν,
2639 2952 2792 3015 ἐντὸς
2820 2952 2977 3023 ἡμῶν
3007 2953 3148 3017 ἐστι,
3175 2952 3254 3023 τῷ
3286 2953 3451 3022 ἐγγὺς
3492 2953 3648 3025 ἡμῶν
3697 2950 3841 3008 εἶναι

2250 3041 2310 3094 τὸ
2333 3042 2487 3113 ῥῆμα
2510 3041 2538 3094 ὃ
2573 3042 2901 3113 πιστεύομεν
2933 3045 2991 3096 ἐν
3024 3042 3102 3113 τῷ
3133 3044 3360 3114 στόματι
3395 3046 3623 3112 ἐαυτῶν,
3656 3047 3751 3101 καὶ
3782 3050 3844 3101 ἐν

2249 3136 2315 3205 τῇ
2342 3133 2539 3206 καρδία
2568 3135 2780 3188 ἐαυτῶν
2798 3152 2813 3168 ο
2835 3137 2963 3205 περὶ
2987 3132 3054 3207 ἦς
3082 3138 3178 3190 καὶ
3200 3139 3352 3191 αὐτοὶ
3374 3138 3840 3209 ὑπομνησθέντες,

2252 3229 2589 3300 μαθήσονται
2644 3228 2926 3299 ὁμολογεῖν
2981 3232 3038 3283 ἐν
3088 3229 3168 3297 τῷ
3221 3231 3448 3301 στόματι
3495 3232 3725 3296 ἑαυτῶν,
3755 3233 3841 3285 ὅτι

2249 3319 2457 3390 Κύριος
2500 3319 2707 3390 Ἰησοῦς
2731 3335 2744 3350 ·
2779 3320 3128 3384 πιστεύοντες
3171 3322 3228 3375 ἐν
3266 3325 3334 3391 τῇ
3363 3323 3560 3395 καρδίᾳ
3604 3323 3835 3387 ἐαυτῶν,

542 3425 623 3477 δτι
661 3416 688 3466 ὁ
722 3414 853 3477 Θεὸς
896 3413 1059 3467 αὑτὸν
1090 3413 1312 3484 ἤγειρεν
1363 3414 1428 3466 ἐκ
1468 3412 1719 3483 νεκρῶνο
1788 3413 1886 3467 ἆτε
1940 3413 2005 3485 δὴ
2036 3411 2362 3479 ἀκούοντες,
2424 3413 2506 3466 ὅτι
2577 3412 2775 3484 καρδίᾳ
2852 3412 2952 3483 μὲν
3004 3411 3290 3466 πιστεύετε
3335 3414 3415 3478 είς
3467 3415 3831 3486 δικαιοσύνην,

544 3508 775 3579 στόματι
805 3508 863 3561 δὲ
896 3506 1211 3577 ὁμολογεῖτε
1246 3506 1328 3569 είς
1354 3507 1653 3577 σωτηρίαν.

606 3580 666 3653 ’6.
708 3599 748 3654 li
775 3608 961 3653 autem
992 3598 1083 3669 qui
1120 3613 1307 3654 servos
1335 3596 1679 3653 Christianos
1707 3612 1806 3668 pro
1835 3613 1894 3654 se
1928 3598 2138 3653 submi-

2315 3595 2390 3662 ς’.
2453 3596 2579 3661 Τοῖς
2641 3597 2698 3650 δὲ
2762 3595 2983 3661 δούλους
3052 3597 3412 3669 Χριστιανοὺς
3476 3598 3593 3653 ἀνθ’
3628 3600 3833 3654 ἐαυτῶν

544 3699 758 3757 serunt,
792 3691 934 3747 servi
977 3691 1224 3760 quidem,
1259 3698 1320 3743 ut
1342 3689 1435 3759 qui
1464 3689 1567 3758 ipsi
1597 3688 1702 3744 sub
1730 3704 1897 3743 manu
1930 3698 2136 3754 essent,

541 3792 595 3837 ct
626 3782 1033 3853 quodammodo
1052 3782 1154 3851 ipsi
1182 3797 1404 3851 quoque
1426 3781 1479 3834 in
1504 3782 1855 3835 dominorum
1883 3782 2132 3836 custodia

540 3884 745 3941 essent,
782 3875 1057 3944 minisque
1091 3875 1157 3928 ab
1193 3874 1327 3942 ipsis
1352 3874 1557 3939 territi,
1592 3884 1647 3928 et
1684 3882 1903 3944 prOpIer
1941 3889 2133 3928 eorum

541 3980 745 4022 metum
768 3983 833 4022 co
856 3966 1127 4036 compulsi
1159 3966 1392 4036 etlapsi,
1424 3981 1570 4021 anno
1600 3981 1765 4036 opera
1798 3966 2133 4036 paenitentiae

537 4060 849 4125 ostendent,
893 4068 947 4113 et
987 4058 1243 4127 deinceps
1289 4057 1598 4123 discentes,
1634 4066 1694 4110 ut
1732 4060 1873 4111 servi
1907 4054 2132 4122 Clu-isti,

539 4156 719 4210 facere
751 4153 957 4209 Christi
990 4152 1324 4206 voluntatem
1359 4160 1413 4205 et
1461 4166 1584 4205 eum
1624 4150 1816 4205 timere
1848 4163 1863 4202 :
1897 4150 2132 4205 audien-

534 4255 622 4300 tes
655 4243 911 4309 maxime,
945 4244 1089 4313 quod
1119 4242 1503 4312 unusquisque,
1537 4242 1583 4294 si
1606 4241 1733 4311 quid
1763 4240 1881 4294 boni
1924 4242 2125 4309 fecerit,

534 4340 630 4393 ltoc
659 4338 786 4407 feret
813 4354 844 4391 a
865 4335 1116 4402 Domino,
1146 4336 1253 4389 sive
1284 4350 1463 4388 servus
1503 4333 1611 4387 sive
1634 4334 1767 4387 liber
1791 4333 1862 4386 sit
1894 4332 1958 4387 ⁸⁷.

607 4619 775 4691 ἀιῖε
811 4619 865 4672 7.
908 4617 1089 4672 Liberi
1122 4626 1303 4673 autem
1350 4616 1527 4672 tribus
1559 4616 1718 4672 annis
1768 4616 1820 4670 in
1852 4616 2125 4687 pteniten-

534 4716 607 4768 tia
639 4711 1122 4775 cxarninabuntur,
1165 4720 1276 4764 tum
1304 4709 1450 4780 quod
1483 4709 1976 4773 dissimulaverint,
2010 4717 2124 4763 tum

530 4807 679 4877 quod
730 4806 1011 4861 eﬂ‘ccerint
1058 4815 1116 4859 ut
1162 4805 1413 4861 conservi
1468 4806 1874 4868 sacriﬁcarent,
1925 4813 1986 4860 ut
2032 4806 2127 4874 qui

530 4896 797 4965 Apostolo
835 4912 940 4949 non
1002 4896 1328 4962 obedicrint,
1361 4896 1455 4966 qui
1514 4896 1630 4980 vult
1670 4896 1911 4950 dominos
1942 4896 2126 4950 eadem

2247 3688 2678 3758 ὑποϐεϐληκόσιν
2710 3730 2726 3757 ,
2787 3692 2834 3742 οἱ
2904 3690 3001 3760 μὲν
3044 3690 3222 3744 δοῦλοι
3274 3690 3352 3755 ὡς
3410 3690 3475 3744 ἂν
3535 3692 3832 3765 ὑποχείριοι

2245 3783 2418 3848 ὄντες,
2452 3783 2547 3836 καὶ
2572 3783 2774 3855 τρόπον
2806 3784 2928 3837 τινὰ
2966 3783 3060 3838 καὶ
3090 3785 3247 3838 αὐτοὶ
3275 3786 3702 3853 φυλακισθέντες
3727 3789 3831 3842 ὑπὸ

2244 3877 2355 3930 τῶν
2404 3877 2702 3941 δεσποτῶν,
2748 3876 3244 3948 καταπειληθέντες
3274 3897 3333 3931 τε
3391 3879 3482 3932 ὑπ’
3504 3880 3703 3947 αὐτῶν,
3738 3882 3832 3934 καὶ

2244 3966 2332 4021 διὰ
2370 3966 2463 4020 τὸν
2501 3966 2666 4036 φόϐον
2704 3966 2882 4020 αὐτῶν
2910 3969 2989 4030 εἰς
3024 3966 3182 4021 τοῦτο
3222 3968 3544 4038 ἐληλυθότες
3583 3970 3676 4023 καὶ
3723 3970 3833 4021 ὁλι-

2248 4059 2570 4129 σθήσαντες,
2616 4059 2675 4111 ἐν
2719 4057 2950 4127 ἐνιαυτῷ
2983 4058 3052 4111 τὰ
3088 4059 3187 4129 τῆς
3223 4062 3509 4129 μετανοίας
3556 4060 3693 4131 ἔργα
3724 4060 3833 4113 δεί-

2244 4153 2433 4219 ξουσι·
2482 4150 2847 4221 μανθάνοντες
2875 4149 2971 4202 τοῦ
3004 4150 3216 4216 λοιποῦ,
3246 4151 3317 4214 ὡς
3369 4152 3545 4205 δοῦλοι
3594 4154 3828 4223 Χριστοῦ

2244 4246 2422 4297 ποιεῖν
2467 4244 2530 4296 τὸ
2578 4242 2792 4315 θέλημα
2831 4242 2925 4297 τοῦ
2974 4242 3132 4309 Θεοῦ,
3181 4244 3276 4296 καὶ
3311 4244 3595 4313 φοϐεῖσθαι
3650 4245 3826 4297 αὐτόν·

2241 4338 2530 4401 ἀκούοντες
2561 4338 2818 4408 μάλιστα,
2851 4337 2933 4389 ὅτι
2973 4336 3204 4400 ἕκαστος
3233 4337 3327 4392 ἐάν
3366 4354 3418 4390 τι
3466 4338 3671 4411 ποιήσῃ
3696 4338 3831 4406 ἀγα-

2244 4432 2353 4496 θὸν,
2395 4430 2555 4485 τοῦτο
2596 4428 2887 4500 κομίσεται
2912 4428 3067 4499 πλρᾶ
3105 4428 3334 4500 Κυρίου,
3366 4429 3476 4483 εἴτε
3511 4430 3695 4494 δοῦλος
3722 4431 3829 4482 εἴτε

2241 4524 2548 4596 ἐλεύθερος.

2307 4617 2370 4683 ζ’.
2435 4620 2500 4672 Οἱ
2562 4619 2618 4673 δὲ
2679 4617 2953 4691 ἐλεύθεροι
2988 4660 3001 4685 ,
3067 4622 3125 4675 ἐν
3186 4618 3364 4691 τρισὶν
3412 4617 3588 4670 ἔτεσιν
3642 4617 3827 4683 ἐξετα-

2241 4711 2533 4783 σθήσονται
2579 4713 2637 4763 ἐν
2673 4713 2952 4784 μετανοίᾳ,
2998 4713 3096 4765 καὶ
3159 4712 3232 4776 ὼς
3274 4711 3699 4783 ὑποκρινάμενοι
3738 4711 3828 4763 καὶ

2240 4804 2317 4868 ὡς
2374 4806 2892 4872 καταναγκάσαντες
2958 4806 3082 4869 τοὺς
3150 4803 3472 4873 ὁμοδούλους
3495 4803 3689 4855 θῦσαιο
3735 4803 3829 4855 ἂτε

2238 4896 2303 4968 δὴ
2337 4896 2789 4967 παρακούσαντες
2813 4896 2908 4948 τοῦ
2926 4895 3275 4960 Ἀποστόλου,
3316 4898 3390 4949 Τὰ
3410 4894 3565 4947 αὐτὰ
3588 4895 3829 4958 θέλοντος

530 4990 705 5059 facere
740 5005 859 5059 qua:
888 4990 1042 5053 servi,
1070 4990 1390 5042 remittentes
1422 4990 1612 5042 minas.
1652 4987 1908 5054 Scientes,
1932 4988 2130 5059 inquit,

2250 4988 2437 5043 ποιεῖν
2468 4989 2611 5055 τοὺς
2641 4988 2943 5055 δεσπότας
2973 4988 3099 5055 τοῖς
3120 4987 3387 5054 δούλοις,
3413 4987 3691 5052 ἀνιέντας
3716 4988 3827 5055 τὴν

527 5083 667 5151 quod
684 5094 859 5137 noster
873 5100 1073 5155 quoque
1101 5093 1151 5137 et
1184 5085 1417 5153 ipsorum
1440 5083 1692 5136 Dominus
1716 5089 1792 5134 est
1825 5083 1880 5135 in
1904 5082 2127 5147 caalis,ct

529 5187 721 5232 nonest
745 5178 886 5240 apud
931 5194 1049 5232 eum
1080 5193 1426 5247 personarum
1470 5178 1701 5245 acceptio
1719 5174 1928 5231 “'“.Si
1960 5192 2127 5230 unum

526 5277 709 5339 autem
737 5282 928 5323 omnes
960 5267 1227 5322 habemus
1271 5268 1567 5321 Dominum
1590 5306 1605 5330 ,
1647 5265 1792 5335 apud
1836 5282 1989 5335 quem
2021 5282 2125 5320 non

526 5368 603 5415 est
631 5376 979 5429 personarum
1012 5362 1247 5429 acceptio
1285 5360 1360 5425 ‘5;
1389 5358 1655 5428 quoniam
1689 5367 1737 5411 et
1765 5359 1968 5423 omnia,
1989 5368 2039 5410 et
2067 5360 2124 5411 in

525 5453 766 5507 omnibus
791 5464 865 5507 est
894 5452 1162 5517 Christus,
1208 5453 1264 5505 in
1302 5450 1561 5505 Barbaris
1601 5460 1651 5504 et
1677 5451 1916 5520 Scythis,
1960 5452 2124 5504 servis

523 5558 573 5601 et
598 5548 774 5601 liberis
807 5547 850 5577 ”
881 5562 894 5598 :
923 5546 1124 5601 debent
1152 5546 1504 5601 considerare
1534 5545 1679 5614 quod
1721 5544 1991 5609 fecerunt,
2025 5560 2124 5599 vo—

523 5640 699 5697 lentes
729 5655 883 5695 suam
922 5641 1165 5710 ipsorum
1192 5640 1433 5694 animam
1476 5652 1697 5695 servare
1726 5655 1740 5705 ;
1769 5638 1863 5707 qui
1895 5651 2122 5692 conser-

592 5758 639 5787 δ’
680 5756 859 5828 lReg.
900 5775 1011 5822 xxr,
1038 5758 1123 5814 13.
1198 5759 1243 5791 ⁸⁸³
1282 5757 1484 5826 ἰδίως,
1512 5758 1566 5815 6.
1646 5757 1691 5790 δι
1736 5759 1869 5812 Luc.
1904 5773 1943 5819 ι,
1980 5756 2143 5823 76,77

598 5828 641 5858 “
674 5828 874 5885 Enhes.
916 5845 990 5885 v1.
1020 5834 1072 5884 υ.
1187 5832 1227 5864 ¹⁵
1261 5831 1421 5885 lion).
1487 5848 1545 5885 ιι.
1589 5831 1678 5884 Η.
1761 5830 1801 5860 ⁸⁸
1835 5829 2047 5885 Coloss.
2121 5846 2135 5883 ι

2250 5754 2435 5882 Ἄλης.
2463 5769 2597 5825 xvu,
2626 5755 2718 5814 21.

1881 5844 2047 5885 01055.
2121 5844 2201 5896 ιιι,
2260 5844 2319 5882 ιι
2334 5868 2349 5883 .

522 5828 641 5860 δ’δοη
674 5828 874 5898 Ephes.
916 5845 990 5896 v1,
1020 5834 1072 5884 υ.
1187 5832 1227 5864 ¹⁵
1261 5831 1421 5885 lion).
1487 5848 1545 5898 ιι,
1589 5831 1678 5884 Η.

2235 5080 2528 5149 ditentur
2567 5082 2833 5148 Εὶδότες,
2872 5078 3056 5152 φησὶν,
3098 5081 3187 5133 ὅτι
3221 5080 3321 5133 καὶ
3357 5078 3523 5148 ὑμῶν
3568 5080 3765 5133 αὐτῶν
3796 5082 3827 5133 ό

2237 5175 2452 5243 Κύριος
2479 5174 2547 5228 ἐν
2576 5174 2877 5243 οὐρανοῖς,
2911 5174 3010 5227 καὶ
3040 5173 3527 5241 προσωποληψία
3560 5174 3694 5241 παρ’
3717 5174 3825 5227 αὺ-

2244 5267 2325 5333 τῷ
2363 5269 2474 5321 οὐκ
2517 5266 2693 5321 ἔστιν
2718 5278 2732 5294 ‘
2768 5268 2815 5319 εἰ
2855 5266 2909 5319 δὲ
2945 5266 3041 5319 ἕνα
3072 5265 3275 5336 Κύριον
3306 5264 3502 5335 ἔχομεν
3534 5266 3583 5318 οἱ
3630 5266 3829 5327 πάντες

2232 5358 2892 5430 ἀπροσωπόληπτον,ἐπεὶ
2911 5357 3017 5410 Καὶ
3037 5356 3234 5409 πάντα
3247 5357 3343 5409 καὶ
3364 5356 3436 5408 ἐν
3451 5354 3605 5410 πᾶσί
3608 5374 3643 5409 ν
3661 5358 3830 5409 ἐστιν

2235 5453 2266 5503 ό
2280 5450 2535 5516 Χριστὸς
2558 5448 2694 5502 ἕντε
2712 5446 3038 5516 Βιιρϐιίροις
3051 5450 3148 5499 καὶ
3174 5447 3456 5514 Σκύθαις,
3476 5446 3828 5512 δούλοιςῑιαὶ

2237 5541 2599 5609 ἐλευθέροις,
2654 5541 2880 5593 σκοπεῖν
2932 5538 3238 5608 ὀφείλουσιν
3291 5539 3320 5592 ὃ
3374 5540 3827 5611 κατειργάσαντο,

2233 5633 2563 5703 θελήσαντες
2606 5633 2708 5704 τὴν
2752 5631 2933 5703 ψυχὴν
2964 5630 3175 5684 ἑαυτῶν
3213 5630 3385 5684 σῶσαι
3414 5647 3427 5661 ·
3459 5632 3586 5694 τοὺς
3609 5630 3665 5684 δὲ
3704 5622 3829 5693 συν⁴

2795 5755 2841 5788 ’⁵⁸
2867 5755 3103 5825 Rom.x,
3136 5755 3285 5814 8-10.
3364 5755 3409 5789 ⁴⁷
3449 5753 3626 5828 Ephes
3663 5770 3740 5825 vn,
3772 5754 3826 5813 8.
