4146 6434
324 376 453 443 94.1

1136 362 1536 427 SYNTAGMA
1573 357 1964 421 CANONUM.
1990 384 2059 393 -
2085 358 2235 420 TIT.
2271 357 2442 435 XIII,
2479 361 2637 422 CAP.
2672 364 2801 423 XX.

3521 364 3628 428 942

326 485 571 548 δούλους
604 478 813 536 ἑαυτῶν
858 476 1186 538 ἑλκύσαντες
1234 472 1327 527 ἐπὶ
1382 468 1815 537 εἰδωλολατρὶαι
1845 466 1937 518 δυ-

2050 482 2139 522 vos
2170 478 2388 524 nostros
2420 478 2705 525 traxerunt
2725 470 2793 526 ad
2826 468 3209 534 idololatriam,
3248 471 3343 541 qui
3380 482 3630 543 poterant

337 576 627 646 ναμένους
655 571 752 625 καὶ
780 568 987 630 αὐτοὺς
1010 565 1288 634 ἐκφυγεῖν,
1313 561 1445 614 εἰτὸ
1479 558 1688 612 δίκαιον
1717 558 1812 610 καὶ
1839 558 1937 625 τὴν

340 668 583 735 ἰσότητα
610 660 752 735 ἦσαν
784 661 968 724 αὐτοῖς
999 656 1395 730 παρασχόντες,
1424 654 1502 717 ὡς
1534 653 1695 706 πάλιν
1717 652 1747 703 ὁ
1775 649 1938 704 Ἀπό-

340 758 542 822 στολος
562 757 735 825 λέγει.

423 847 497 919 η’.
546 848 672 910 Τοῖς
721 844 779 898 δὲ
842 838 1302 913 παραδεδομένοις
1361 835 1774 898 ἐκπεπτωκόσι,
1826 835 1940 898 τοῖς

338 956 413 992 τε
459 940 675 1001 ἑαυτοῖς
721 933 1179 1007 προσεληλυθόσιν
1225 933 1304 995 είς
1354 931 1446 983 τὸν
1490 928 1701 996 ἀγῶνα,
1743 926 1939 997 ὁμολο-

344 1030 543 1100 γοῦσιν
597 1024 736 1082 εἶναι
798 1026 1184 1096 Χριστιανοῖς,
1250 1020 1683 1094 ἐμόεσλημένοις
1747 1030 1809 1070 τε
1882 1018 1942 1071 ἐν

344 1112 420 1194 τῇ
490 1123 704 1193 φυλακῇ
778 1119 918 1192 μετὰ
998 1116 1248 1188 βασάνων
1294 1155 1311 1180 ,
1377 1113 1600 1182 εὔλογόν
1668 1115 1819 1167 ἐστιν
1883 1114 1942 1165 ἐν

303 1214 673 1283 ιάγαλλιάσει
733 1211 959 1282 καρδίας
1030 1205 1415 1276 συνεπισχύειν
1483 1206 1581 1261 καὶ
1659 1204 1941 1258 κοινωνεῖν

349 1304 416 1361 ἐν
457 1309 624 1361 πᾶσιν
672 1305 730 1358 ἑν
759 1322 818 1357 τε
859 1307 977 1368 ταῖς
1012 1305 1368 1375 προσευχαῖς,
1401 1303 1497 1355 καὶ
1539 1302 1604 1372 τῇ
1642 1298 1943 1370 μεταλήψει

350 1401 450 1454 τοῦ
508 1399 761 1469 σώματος
806 1397 903 1451 καὶ
935 1396 1030 1451 τοῦ
1058 1396 1287 1467 αἵματος
1316 1395 1411 1448 τοῦ
1441 1392 1702 1464 Χριστοῦ,
1756 1392 1849 1445 καὶ
1875 1393 1943 1462 τῇ

352 1488 701 1559 παρακλήσει
742 1487 834 1540 τοῦ
861 1485 1045 1555 λόγου,
1077 1486 1165 1539 ἵνα
1214 1482 1576 1552 εὐτονώτερον
1601 1483 1945 1552 ἀγωνισάμε-

340 1598 457 1647 νοι,
488 1578 874 1644 καταξιωθῶσι
924 1579 1019 1632 καὶ
1048 1577 1201 1631 αὐτοὶ
1232 1576 1340 1631 τοῦ
1360 1576 1649 1643 βραϐείου
1664 1574 1778 1641 τῆς
1797 1574 1924 1627 ἅνω

331 1671 632 1737 κλήσεως
653 1686 667 1700 ·
686 1669 782 1722 καὶ
801 1668 910 1739 γάρ
931 1666 1199 1732 ἑπτάκις,
1214 1667 1368 1736 φησὶ,
1392 1664 1658 1719 πεσεῖται
1673 1666 1703 1717 ὀ
1720 1662 1947 1728 δίκαιος

335 1761 458 1815 καὶ
482 1758 919 1827 ἁναστήσεταυ
945 1758 1083 1827 ὅπερ
1107 1758 1156 1809 εί
1178 1755 1271 1809 καὶ
1293 1755 1491 1817 πάντες
1516 1755 1566 1806 oi
1588 1752 1943 1806 ἐκπεπτωκό-

2039 569 2094 614 et
2130 559 2232 629 ipsi
2261 559 2518 629 effugere,
2553 560 2599 616 si
2624 560 2716 631 jus
2742 570 2797 616 et
2827 561 3189 631 aequalitatem
3212 560 3344 633 ipsis
3365 563 3631 633 praebuis-

2039 661 2183 715 sent.
2217 661 2275 705 ut
2304 667 2496 707 rursus
2523 652 2659 710 dicit
2690 654 3005 725 Apostolus.

2111 827 2164 882 8.
2203 825 2273 881 lis
2310 835 2489 882 autem
2516 828 2607 898 qui
2634 828 2830 898 proditi
2869 836 3032 895 sunt,
3075 836 3130 882 et
3157 829 3501 897 exciderunt,
3533 831 3627 898 qui

2039 927 2096 973 et
2126 918 2225 988 ipsi
2251 919 2315 973 ad
2343 928 2621 975 certamen
2652 930 3021 985 accesserunt,
3038 902 3107 976 ’δε
3137 935 3258 976 esse
3285 918 3629 977 Christianos

2041 1011 2384 1074 confitentes,
2408 1012 2536 1067 etin
2569 1014 2873 1069 custodiam
2906 1028 3031 1069 cum
3074 1014 3362 1069 tormentis
3394 1014 3626 1083 conjecti

2043 1112 2171 1157 sunt
2198 1120 2211 1156 :
2237 1117 2455 1173 aequum
2478 1113 2561 1158 est
2592 1104 2645 1159 in
2674 1105 3042 1160 exsultatione
3064 1106 3247 1161 cordis
3281 1106 3427 1161 vires
3460 1105 3625 1161 simul

2042 1194 2267 1258 addere,
2302 1204 2355 1249 et
2393 1194 2473 1249 eis
2500 1196 2554 1249 in
2590 1197 2847 1250 omnibus
2875 1197 3305 1260 communicare,
3332 1206 3386 1252 et
3411 1199 3463 1252 in
3503 1213 3629 1252 ora-

2041 1284 2308 1351 tionibus,
2347 1294 2402 1340 et
2432 1286 2485 1341 in
2517 1286 2940 1357 participatione
2977 1288 3225 1358 corporis
3262 1296 3319 1343 et
3344 1290 3627 1358 sanguinis

2043 1373 2275 1441 Christi,
2301 1383 2358 1430 et
2386 1377 2657 1431 sermonis
2689 1378 3067 1433 adhortatione
3096 1397 3110 1433 :
3155 1390 3217 1434 ut
3251 1381 3345 1449 qui
3369 1388 3629 1435 constan-

2046 1465 2152 1520 tius
2184 1466 2585 1522 decertaverint
2609 1507 2624 1533 ,
2670 1468 2776 1539 ipsi
2817 1484 3039 1539 quoque
3068 1484 3307 1538 supernae
3336 1471 3627 1523 vocationis

2046 1557 2228 1611 brabio
2261 1559 2303 1589 "
2337 1558 2653 1630 dignentur.
2696 1559 2910 1613 Etenim
2954 1561 3181 1629 septies,
3231 1562 3441 1631 inquit,
3476 1564 3626 1614 cadet

2036 1649 2218 1717 justus
2242 1657 2291 1703 et
2314 1658 2550 1719 resurget
2581 1647 2661 1716 ¹⁸;
2695 1650 2839 1719 quod
2869 1649 3090 1719 quidem
3120 1650 3165 1705 si
3195 1666 3387 1705 omnes
3410 1666 3629 1721 quoque

2048 1742 2184 1813 lapsi
2216 1741 2497 1806 fecissent,
2536 1741 2997 1813 perfectissimam
3029 1751 3083 1798 et
3112 1752 3226 1798 toto
3248 1744 3413 1800 corde
3441 1759 3629 1799 susce-

337 1870 448 1917 τες
480 1825 872 1920 πεποιήκεσαν,
917 1825 1261 1921 τελειοτάτην
1289 1849 1385 1903 καὶ
1427 1846 1735 1916 όλοκάρδιον
1770 1845 1941 1916 μετά-

2050 1843 2198 1905 ptam
2233 1833 2612 1905 pmnitentiam
2648 1834 3033 1889 ostendissent.

344 1960 507 1998 νοιαν
534 1941 880 2007 ἐνεδείξαντο.

425 2027 493 2085 θ’.
563 2031 674 2084 Καὶ
736 2031 848 2092 τοῖς
931 2028 991 2083 δὲ
1056 2028 1132 2092 ώς
1197 2028 1266 2083 ἂν
1332 2025 1393 2092 ἐξ
1469 2027 1635 2079 ὕπνου
1711 2026 1938 2088 ἑαυτοὺς

350 2121 751 2192 παραπηδῶσιν
806 2121 886 2183 εἰς
928 2120 1021 2173 τὸν
1071 2120 1282 2189 ἀγῶνα,
1339 2119 1600 2172 ὠδίνοντα
1654 2118 1749 2172 καὶ
1808 2117 1937 2188 μέλ-

352 2213 515 2268 λοντα
563 2213 812 2279 ἑλκύσαι,
845 2214 1061 2276 ἑαυτοῖς
1112 2212 1506 2284 δὲ’πειρασμὸν
1549 2211 1935 2279 ἐπισπασαμέ-

353 2320 465 2366 νοις
494 2302 933 2374 θαλαττομαχίας
964 2302 1062 2357 καὶ
1083 2302 1281 2372 πολλῆς
1313 2302 1707 2372 κυματώσεως,
1736 2301 1937 2373 μᾶλλον

351 2392 408 2448 δὲ
437 2396 532 2448 καὶ
555 2398 669 2459 τοῖς
696 2395 951 2465 ἀδελφοῖς
978 2394 1434 2466 προσεκκαίοντες
1455 2392 1734 2464 ἄνθρακας
1758 2393 1938 2464 ἁμαρ-

352 2486 561 2553 τωλῶν,
590 2488 683 2542 καὶ
714 2489 899 2552 αὐτοῖς
942 2487 1321 2557 κοινωνητέον,
1352 2486 1451 2540 ἅτε
1494 2485 1559 2557 δὴ
1606 2488 1665 2538 ἐν
1710 2486 1935 2555 ὀνόματι

352 2577 593 2650 Χριστοῦ
622 2578 1051 2649 παρερχομένοις
1078 2578 1159 2641 είς
1180 2576 1360 2642 τοῦτο,
1383 2578 1431 2630 εί
1462 2580 1555 2630 καὶ
1579 2577 1935 2646 προσέχουσιν

354 2668 524 2725 αὑτοῦ
560 2671 673 2733 τοῖς
707 2669 907 2738 λόγοις,
938 2670 1035 2723 καὶ⁸
1061 2669 1223 2723 πάλιν
1254 2672 1311 2722 ἐν
1340 2670 1472 2739 εὐχῇ
1512 2668 1693 2737 λέγειν
1727 2667 1803 2739 τῷ
1826 2669 1938 2721 Πα-

354 2758 468 2829 τρὶ,
492 2759 599 2813 Καὶ
623 2759 708 2827 μὴ
728 2759 1077 2829 εἰσενέγκῃς
1102 2758 1259 2829 ἡμᾶς
1282 2763 1367 2826 εὶς
1389 2759 1745 2828 πειρασμὸν,
1776 2757 1940 2813 ἀλλὰ

351 2849 539 2918 ῥῦσαι
562 2850 719 2919 ἡμᾶς
740 2850 859 2905 ἀπὸ
888 2850 995 2904 τοῦ
1022 2851 1311 2918 πονηροῦ·
1337 2848 1472 2915 ἴσως
1486 2850 1541 2904 δὲ
1559 2851 1654 2904 καὶ
1682 2849 1936 2919 ἀγνοοῦσι

354 2942 457 3005 τὰς
480 2944 777 3013 γενομένας
809 2944 1067 3008 πολλάκις
1096 2944 1472 3015 ἀναχωρήσεις
1496 2942 1589 2996 τοῦ
1620 2943 1934 2997 οἰκοδεσπό-

354 3051 452 3088 του
481 3036 578 3088 καὶ
624 3034 948 3088 διδασκάλου
977 3034 1133 3105 ἡμῶν
1157 3034 1265 3088 άπὸ
1287 3034 1395 3088 τῶν
1423 3034 1685 3087 θελόντων
1712 3033 1937 3086 ἐπιδου-

353 3125 569 3179 λεύειν⁶
611 3126 705 3180 καὶ
740 3127 824 3180 δτι
859 3126 972 3180 ἔσθ’
997 3127 1086 3179 ὅτε
1128 3125 1251 3179 οὐδὲ
1280 3126 1564 3197 παρρησία
1615 3124 1938 3195 περιεπάτει

2123 2013 2177 2069 9.
2215 2011 2287 2069 lis
2311 2028 2531 2085 quoque
2560 2013 2655 2085 qui
2677 2023 2938 2085 tanquam
2967 2029 3031 2069 ex
3067 2026 3261 2068 somno
3294 2014 3397 2083 ipsi
3431 2012 3497 2067 ad
3522 2025 3633 2068 cer-

2055 2112 2235 2159 tamen
2267 2105 2581 2174 parturiens
2605 2145 2620 2170 ,
2653 2113 2708 2159 et
2736 2104 2954 2158 trahere
2992 2102 3278 2168 differens,
3319 2102 3629 2173 prosiliunt,

2050 2195 2155 2251 sibi
2206 2206 2386 2250 autem
2441 2211 2633 2265 pugnae
2680 2195 2993 2261 maritima),
3046 2205 3101 2250 et
3149 2194 3331 2249 multa:
3382 2194 3631 2249 ﬂuxuum

2052 2284 2428 2339 inundationis
2456 2284 2810 2339 tentationem
2842 2286 3163 2348 attrahunt,
3191 2285 3274 2339 vel
3301 2284 3484 2355 potius
3518 2283 3632 2337 fra-

2050 2376 2230 2432 tribus
2261 2383 2611 2447 peeeatorum
2644 2377 2938 2433 carbonem
2972 2378 3313 2441 accendunt,
3343 2377 3477 2447 ipsis
3503 2393 3637 2446 quo-

2052 2484 2158 2539 que
2199 2468 2721 2524 communicandum
2755 2478 2859 2536 est,
2902 2478 2961 2525 nt
2985 2470 3079 2540 qui
3118 2470 3170 2524 in
3212 2450 3431 2524 nomine
3468 2468 3635 2541 449

2049 2559 2249 2616 Christi
2297 2560 2366 2615 ad
2421 2560 2472 2615 id
2508 2562 2730 2615 veniant
2764 2578 2779 2617 :
2811 2562 2912 2617 etsi
2948 2563 3111 2617 verba
3152 2561 3273 2631 ejus
3310 2575 3417 2615 non
3458 2563 3636 2615 anim-

2050 2649 2356 2714 advertant,
2390 2648 2483 2718 qui
2530 2648 2691 2704 docet
2728 2666 2885 2703 orare
2925 2666 2987 2703 ne
3023 2651 3384 2719 ingrediamur
3422 2649 3477 2702 in
3521 2658 3635 2703 ten-

2050 2742 2306 2797 tationem
2332 2742 2399 2806 ‘9,
2433 2750 2489 2796 et
2512 2756 2637 2796 eum
2668 2757 2859 2797 rursus
2889 2742 2943 2795 in
2978 2744 3228 2796 oratione
3250 2741 3395 2795 Patri
3427 2741 3630 2803 dicere,

2051 2831 2121 2887 Et
2156 2849 2218 2887 ne
2254 2850 2347 2888 nos
2381 2833 2603 2888 inducas
2639 2834 2698 2887 in
2735 2835 3105 2899 tentationem,
3142 2835 3234 2888 sed
3263 2833 3428 2887 libera
3468 2849 3562 2887 nos
3602 2853 3634 2884 ιι

2051 2926 2194 2979 malo
2224 2927 2293 2981 ’°.
2324 2924 2489 2981 Forte
2512 2938 2692 2981 autem
2719 2927 2882 2980 etiam
2920 2926 3172 2996 ignorant
3253 2925 3637 2999 patremfami-

2051 3016 2151 3072 lias
2184 3026 2239 3071 et
2267 3016 2560 3072 Dominum
2596 3025 2869 3083 nostrum,
2904 3031 3044 3086 saepe
3066 3015 3228 3070 abiis
3255 3016 3346 3085 qui
3391 3016 3468 3069 illi
3506 3016 3636 3070 insi-

2050 3108 2189 3163 diari
2214 3108 2492 3177 volebant,
2516 3109 2833 3173 secessisse,
2861 3108 3087 3179 etquod
3115 3108 3445 3177 quandoque
3466 3108 3632 3162 etiam

352 3218 425 3274 δι’
445 3218 644 3282 αὐτούς
675 3234 688 3249 ’
723 3221 817 3272 καὶ
861 3219 944 3272 ὃτι
984 3219 1073 3272 ὅτε
1111 3220 1141 3271 ό
1184 3218 1373 3288 καιρὸς
1400 3218 1495 3272 τοῦ
1536 3218 1743 3280 πάθους
1772 3216 1937 3270 αὑτοῦ

2050 3200 2215 3256 libere
2262 3200 2405 3269 apud
2452 3215 2548 3256 eos
2609 3215 2719 3254 non
2780 3200 3107 3263 incedebat,
3157 3208 3214 3252 ct
3264 3199 3408 3267 quod
3468 3202 3633 3253 etiam

354 3311 750 3378 προσηγγισεν,
784 3307 885 3377 οὐχ
926 3306 1116 3361 ἑαυτὸν
1149 3307 1489 3377 παρέδωκεν,
1548 3307 1662 3360 ἀλλ’
1698 3305 1937 3370 ἐδέξατο,

354 3399 464 3463 ἕως
486 3396 649 3469 ἦλθον
681 3400 769 3453 ἐπ’
798 3399 960 3452 αὐτὸν
990 3400 1127 3469 μετὰ
1164 3398 1451 3470 μαχαιρῶν
1491 3398 1584 3451 καὶ
1612 3397 1783 3462 ξύλων
1803 3414 1815 3427 ’
1850 3396 1940 3449 λέ-

357 3504 450 3556 γει
510 3488 641 3556 γοῦν
677 3487 813 3557 πρὸς
865 3486 1082 3551 αὐτούς’
1119 3490 1209 3554 Ὠς
1246 3488 1345 3541 ἐπὶ
1377 3486 1621 3554 λῃστὴν
1651 3486 1939 3550 ἐξήλθετε

353 3580 505 3649 μετὰ
533 3578 845 3648 μαχαιρῶν
882 3579 984 3632 καὶ
1010 3580 1212 3644 ξύλων
1240 3578 1575 3633 συλλαϐεῖν
1595 3595 1671 3646 με
1700 3593 1713 3607 °
1746 3576 1805 3631 οἳ
1840 3576 1939 3629 καὶ

358 3669 713 3739 παρέδωκαν
747 3672 955 3735 αὑτὸν,
991 3670 1127 3742 φησι
1147 3711 1162 3733 ,
1190 3669 1427 3747 Πιλάτφ
1447 3686 1460 3699 ·
1491 3668 1613 3723 καθ’
1649 3668 1938 3738 ὁμοιότητα

357 3762 491 3831 γοῦν
516 3762 704 3829 αὐτοῦ,
731 3763 827 3818 xal
848 3765 898 3817 οἱ
936 3763 1079 3817 κατὰ
1106 3763 1307 3817 σκοπὸν
1335 3761 1501 3817 αὐτοῦ
1536 3760 1810 3829 βαίνοντες
1839 3777 1938 3811 πε-

357 3854 613 3920 πόνθασι,
651 3856 992 3926 μεμνημένοι
1032 3855 1141 3909 τῶν
1174 3854 1334 3908 θείων
1362 3852 1528 3907 αὑτοῦ
1551 3853 1746 3920 λόγων,
1771 3851 1836 3904 δι’
1864 3844 1940 3904 ὧν

356 3944 729 4018 ἐπιστηρίζων
767 3948 917 4017 ἡμᾶς
959 3948 1088 4015 περὶ
1104 3947 1215 4000 τῶν
1242 3945 1501 4016 διωγμῶν
1528 3944 1711 4013 λέγει·
1744 3947 1940 4012 Προσ-

356 4036 526 4107 έχετε
536 4038 789 4105 ἑαυτοῖς-ο
805 4038 1234 4108 παραδώσουσι
1249 4039 1360 4107 γὰρ
1371 4036 1525 4108 ὑμᾶς
1536 4038 1622 4104 εις
1633 4035 1941 4105 συνέδρια,

358 4131 460 4186 καὶ
474 4132 543 4185 ἐν
559 4132 688 4199 ταῖς
697 4132 1076 4202 σαναγωγαῖς
1088 4130 1745 4201 αὐτῶνμαστιγώσουσι
1764 4130 1939 4200 ὑμᾶς’

358 4221 789 4290 παραδώσουσι
808 4224 878 4277 τδὲ
912 4219 1087 4288 εἶπεν,
1114 4222 1226 4275 ἀλλ’
1256 4222 1396 4292 οὐχὶ,
1420 4221 1653 4284 ἑαυτοὺς
1686 4221 1944 4291 παραδῶ·

361 4330 486 4367 σετε
504 4329 520 4345 ’
537 4314 635 4368 καὶ
651 4315 751 4368 ἐπὶ
765 4316 1063 4384 ἡγεμόνας
1077 4313 1155 4377 δὲ,
1176 4313 1331 4382 φησὶ,
1346 4313 1444 4367 καὶ
1460 4312 1745 4379 ,Βασιλεῖς
1757 4312 1943 4381 ἀχθή-

360 4410 549 4462 σεσθε
579 4406 676 4460 διὰ
705 4406 769 4460 τὸ
791 4407 978 4472 ὄνομά
1001 4424 1142 4474 μου,
1184 4406 1296 4460 ἀλλ’
1327 4406 1470 4475 οὐχὶ,
1499 4406 1722 4469 ἑαυτοὺς
1745 4403 1902 4470 ἄξετε
1930 4421 1944 4435 ο

2050 3293 2271 3362 quando
2314 3292 2588 3362 passionis
2634 3300 2849 3362 tempus
2889 3292 3375 3361 appropinquavit,
3423 3306 3533 3345 non
3576 3307 3636 3345 se

2051 3385 2231 3456 ipsum
2265 3386 2508 3450 tradidit,
2536 3385 2631 3441 sed
2659 3386 2996 3456 exspectavit
3022 3384 3200 3439 donec
3237 3386 3302 3438 ad
3330 3400 3455 3439 eum
3488 3386 3638 3439 veni-

2050 3485 2175 3532 rent
2213 3492 2339 3532 cum
2374 3476 2566 3547 gladiis
2604 3485 2659 3531 et
2694 3476 2950 3531 fustibus.
2998 3475 3138 3528 Dicit
3177 3490 3308 3545 ergo
3336 3477 3457 3530 eis:
3494 3474 3637 3529 Tan-

2048 3584 2206 3638 quam
2231 3566 2299 3620 ad
2326 3566 2585 3621 latronem
2611 3568 2816 3621 exiistis
2837 3582 2956 3619 cum
2985 3565 3179 3636 gladiis
3200 3575 3250 3619 et
3280 3566 3508 3635 fustibus
3557 3567 3627 3617 ad

2050 3676 2132 3713 me
2195 3657 2739 3728 comprehendendum
2784 3658 2852 3712 ἰ.
2922 3656 3026 3724 Qui
3081 3657 3246 3712 etiam
3300 3657 3636 3711 tradiderunt

2048 3761 2221 3826 ipsum
2242 3798 2258 3824 ,
2291 3760 2498 3830 inquit,
2548 3759 2726 3814 Pilato
2753 3760 2819 3812 ”.
2860 3757 2942 3812 Ad
2972 3758 3093 3828 ejus
3124 3773 3342 3829 quoque
3376 3757 3637 3812 similitu-

2049 3853 2230 3907 dinem
2256 3852 2322 3907 iis
2357 3852 2576 3917 accidit,
2608 3852 2704 3923 qui
2729 3852 2848 3922 ejus
2884 3866 3112 3920 scopum
3137 3851 3239 3906 sibi
3265 3859 3636 3921 proponentes

2052 3945 2330 4009 incedunt,
2356 3945 2668 4001 divinorum
2696 3946 2818 4016 ejus
2857 3946 3153 4001 verborum
3189 3946 3482 4010 recordati,
3520 3948 3639 4015 qui-

2054 4038 2156 4092 bus
2186 4052 2287 4093 nos
2312 4040 2668 4105 conlirmans,
2695 4039 2763 4093 de
2802 4039 3279 4109 persecutionibus
3319 4040 3452 4094 dicit
3485 4058 3499 4093 :
3535 4039 3635 4094 At-

2053 4132 2248 4185 tendite
2296 4131 2438 4186 vobis
2487 4132 2615 4199 ipsis
2644 4148 2661 4185 :
2692 4131 2898 4185 tradent
2932 4134 3071 4186 enim
3102 4149 3190 4186 vos
3221 4135 3275 4187 in
3305 4134 3548 4195 concilia,
3582 4142 3637 4189 et

2056 4225 2110 4277 in
2135 4225 2245 4278 suis
2276 4225 2556 4295 synagogis
2586 4240 2673 4278 vos
2700 4224 3045 4294 flagellabant
3074 4226 3141 4279 ’³.
3175 4224 3405 4278 Tradent
3431 4235 3636 4293 autem,

2054 4315 2211 4382 dixit,
2260 4332 2394 4379 non,
2443 4330 2541 4371 vos
2594 4316 2739 4385 ipsos
2784 4316 3052 4372 tradetis:
3084 4326 3134 4370 et
3168 4317 3238 4370 ad
3280 4317 3541 4386 principes
3586 4326 3639 4371 et

2057 4422 2199 4476 reges
2246 4406 2513 4460 ducemini
2554 4416 2769 4474 propter
2814 4421 3000 4459 nomen
3050 4423 3221 4459 meum
3259 4405 3326 4469 “,
3360 4420 3493 4471 non,
3538 4421 3639 4464 vos

362 4497 486 4552 ἐπεὶ
514 4498 608 4551 καὶ
629 4500 944 4570 μεταπηδᾷν
974 4499 1121 4570 ἡμᾶς
1144 4498 1395 4569 βούλεται
1423 4497 1531 4553 ἀπὸ
1557 4498 1739 4553 τόπων
1758 4499 1839 4561 είς
1864 4500 1949 4552 τό-

2056 4497 2201 4566 ipsos
2225 4497 2455 4552 ducetis.
2481 4497 2617 4551 Nam
2650 4512 2749 4553 nos
2779 4513 2997 4568 quoque
3024 4498 3139 4553 vult
3164 4514 3194 4553 a
3226 4498 3344 4553 loco
3374 4499 3427 4553 in
3458 4499 3637 4555 locum

363 4605 498 4655 πους
522 4590 884 4660 διωκομένους
900 4590 986 4644 διὰ
1008 4589 1067 4643 τὸ
1090 4590 1262 4661 ὄνομα
1282 4589 1469 4643 αὐτοῦ’
1485 4590 1561 4654 ώς
1577 4589 1738 4645 πάλιν
1764 4589 1959 4644 ἀκούο-

2057 4591 2352 4657 lmnsilire,
2384 4591 2513 4645 dum
2562 4601 2690 4645 sunt
2734 4593 2826 4661 qui
2859 4606 2960 4646 nos
2992 4600 3393 4661 persequuntur
3422 4600 3642 4663 propter

367 4695 468 4751 μεν
505 4679 669 4733 αὑτοῦ
703 4680 950 4749 λέγοντος
972 4696 987 4710 ο
1010 4680 1116 4733 Kal
1144 4679 1290 4733 ὅταν
1317 4679 1614 4734 διώκωσιν
1632 4679 1786 4748 ὑμᾶς
1800 4679 1957 4748 ἐντῇ

2058 4700 2254 4738 nomen
2287 4686 2426 4752 ejus.
2460 4683 2614 4738 Sicut
2648 4700 2844 4739 rursus
2872 4700 2997 4737 eum
3032 4684 3298 4739 dicentem
3333 4686 3588 4741 audimus
3619 4702 3638 4743 :

365 4773 539 4827 πόλει
566 4774 775 4841 ταύτῃ,
807 4774 1057 4842 φεύγετε
1086 4775 1175 4838 εις
1207 4773 1323 4840 τὴν
1359 4772 1591 4839 ἐτέρανο
1625 4773 1687 4824 οὐ
1723 4774 1829 4841 γὰρ
1863 4772 1951 4823 θέο

2060 4776 2124 4829 Et
2154 4776 2366 4846 quando
2413 4792 2501 4829 vos
2544 4776 2599 4830 in
2635 4777 2733 4829 hac
2766 4777 2977 4830 civitate
3008 4778 3266 4847 persecuti
3296 4778 3511 4845 fuerint,
3557 4778 3645 4847 fu-

364 4866 447 4919 λει
484 4866 802 4938 αὐτομολεῖν
844 4867 993 4937 ἡμᾶς
1048 4867 1183 4936 πρὸς
1242 4866 1367 4925 τοῖς
1421 4865 1516 4918 τοῦ
1567 4864 1815 4918 διαϐόλου
1844 4865 1951 4918 ὑπ-

2055 4871 2159 4939 gite
2187 4870 2238 4921 in
2269 4868 2435 4921 aliam
2463 4868 2532 4924 “.
2564 4867 2680 4922 Non
2705 4869 2818 4923 vult
2845 4869 2989 4923 enim
3021 4884 3121 4925 nos
3147 4869 3213 4922 ad
3237 4869 3437 4924 diaboli
3470 4872 3645 4939 stipa-

366 4960 639 5024 ασπιστάς
672 4960 766 5013 καὶ
814 4960 1165 5033 δορυφόρους,
1213 4960 1360 5022 ὅπως
1414 4958 1490 5029 μὴ
1554 4958 1645 5011 καὶ
1693 4957 1955 5011 πλειόνων

2056 4971 2202 5015 tores
2227 4962 2596 5031 satellitesque
2628 4962 2938 5032 confugere,
2969 4976 3035 5016 ne
3061 4962 3190 5031 ipsis
3214 4977 3431 5032 quoque
3460 4963 3647 5017 multi-

368 5049 615 5104 θανάτων
644 5052 807 5104 αἴτιοι
835 5052 1021 5115 αὐτοῖς
1052 5051 1365 5120 γενώμεθα,
1396 5050 1472 5114 ώς
1502 5050 1569 5103 ἂν
1597 5050 1950 5118 καταναγκά-

368 5139 552 5204 ζοντες
598 5142 795 5204 αὐτοὺς
845 5142 1044 5213 μᾶλλον
1097 5141 1612 5213 κατατραχύνεσθαι
1654 5143 1749 5195 καὶ
1802 5141 1951 5194 τελε-

370 5235 643 5302 σιουργεῖν
671 5233 739 5287 τὰ
768 5235 1119 5305 θανατηφόρα
1148 5234 1307 5304 ἔργα,
1358 5233 1473 5288 ἀλλ’
1502 5234 1820 5305 ἐκδέχεσθαι
1854 5233 1950 5286 καὶ

370 5326 657 5396 προσέχειν
675 5327 904 5393 ἑαυτοῖς,
927 5328 1253 5398 Γρηγορεῖν
1278 5344 1341 5380 τε
1363 5326 1462 5383 καὶ
1483 5326 1960 5397 προσεύχεσθαι,

368 5415 469 5469 ἵνα
494 5417 580 5486 μὴ
603 5418 968 5488 εἰσέλθωμεν
995 5422 1084 5484 εὶς
1102 5418 1436 5487 πειρασμόν
1454 5434 1469 5450 ·
1517 5417 1660 5471 οὕτω
1689 5419 1962 5487 Στέφανος

373 5507 609 5577 πρῶτος,
650 5511 770 5563 κατ’
796 5511 940 5582 ῐχνος
983 5511 1151 5564 αὐτοῦ
1179 5511 1483 5581 μαρτύριον
1531 5510 1957 5579 ἀναδεξάμενος,

370 5600 430 5652 ἐν
470 5600 867 5673 Ἱεροσολύμοις
898 5603 1301 5675 συναρπασθεὶς
1325 5604 1430 5657 ὑπὸ
1461 5602 1572 5657 τῶν
1603 5604 1959 5674 παρανόμων,

448 5714 493 5785 ῗῖ
522 5714 752 5785 Philipp.
808 5732 893 5781 ιιι,
958 5717 1044 5773 14.

1154 5716 1197 5748 ’⁸
1226 5716 1384 5770 Prov.
1446 5733 1597 5784 xxw,
1662 5717 1747 5769 lli.

373 5781 419 5815 ⁸³
450 5782 641 5841 Matth.
666 5781 846 5855 'x'xvn,
875 5788 929 5841 2.

1027 5788 1071 5820 "
1102 5786 1288 5841 Matth.
1343 5804 1408 5853 κ,
1469 5789 1553 5841 l7.

1843 5720 1883 5749 ¹⁹
1920 5718 2109 5772 Matth.
2144 5733 2297 5780 sxw,
2332 5716 2422 5771 M.

1664 5789 1707 5818 "
1741 5788 1868 5841 ibid.
1908 5789 1993 5841 18.

2060 5053 2214 5107 faria:
2254 5052 2446 5106 mortis
2492 5067 2657 5107 causa
2691 5054 2883 5116 simus,
2912 5061 2973 5107 ut
3014 5052 3106 5123 qui
3139 5054 3287 5122 ipsos
3316 5063 3371 5108 et
3396 5054 3644 5123 asperio-

2059 5159 2146 5200 res
2173 5158 2293 5198 esse
2321 5158 2601 5214 cogamus,
2629 5153 2683 5198 et
2713 5159 2875 5214 opera
2906 5144 3184 5200 mortifera
3220 5161 3481 5217 peragere
3508 5165 3520 5200 :
3548 5150 3642 5201 sed

2058 5243 2394 5304 exspectare,
2422 5242 2476 5288 et
2512 5234 2670 5289 nobis
2700 5248 2914 5300 cavere,
2946 5234 3261 5305 eigilareque
3288 5246 3337 5289 et
3378 5252 3549 5302 orare,
3582 5252 3645 5287 ne

2056 5327 2316 5380 intremus
2359 5325 2413 5379 in
2453 5326 2795 5379 tentationem
2839 5325 2903 5377 ".
2955 5326 3031 5379 lta
3065 5325 3373 5396 Stephanus
3410 5326 3640 5395 primus.

2059 5417 2178 5487 ejus
2228 5417 2469 5487 vestigiis
2505 5417 2797 5480 insistens,
2830 5415 2995 5487 450
3044 5418 3363 5488 martyrium
3414 5433 3640 5486 passus,

2059 5491 2453 5580 Hierosolymis
2496 5509 2564 5564 ab
2593 5508 2792 5578 iniquis
2820 5518 3124 5579 correptus,
3160 5519 3213 5564 et
3256 5510 3308 5562 in
3348 5509 3643 5563 concilium

2059 5601 2278 5668 ductus,
2314 5601 2588 5671 lapidibus
2619 5601 2874 5665 obrutus,
2906 5600 2962 5655 in
2996 5600 3214 5656 nomine
3241 5600 3444 5655 Christi
3477 5601 3645 5671 glori-

2499 5718 2544 5749 "
2564 5716 2753 5788 Matth.
2791 5733 2866 5781 vt,
2903 5718 2987 5771 15.
3067 5720 3110 5749 "
3146 5719 3333 5775 Matth.
3364 5735 3519 5788 τινι,
3545 5723 3635 5785 56.

2102 5789 2146 5820 ³⁸
2179 5786 2311 5842 ibid.
2367 5786 2459 5842 ‘23.
2569 5790 2616 5819 '°
2642 5787 2832 5843 Matth.
2872 5806 3020 5853 xxvr.
3068 5790 3155 5845 47.
