4146 6442
407 380 529 443 915

1222 376 1624 439 SYNTAGMA
1660 376 2053 442 CANONUM.
2081 400 2151 414 —
2173 379 2322 441 TIT.
2361 380 2533 455 XIII,
2573 378 2733 444 CAP.
2770 382 2898 444 XX‘.

3602 387 3715 455 946

404 498 730 565 λέγοντες.
759 487 945 556 Οὗτος
966 493 998 547 ό
1018 489 1331 561 ἄνθρωπος
1352 490 1629 562 θεμέλιον
1653 492 1897 554 τέθεικε,
1922 491 2021 545 καὶ

2128 492 2353 546 dicentes
2380 509 2399 547 :
2430 493 2533 547 Hic
2560 494 2715 550 homo
2744 496 2922 565 posuit
2948 494 3373 566 fundamentum,
3400 508 3449 553 et
3490 517 3592 557 non
3618 519 3685 574 po

405 589 536 643 οὐκ
570 589 837 656 ισχυσεν
855 584 1196 640 ἐκτελέσαι.

489 707 584 755 ια’.
654 699 719 752 υἱ
787 696 898 769 γὰρ
964 696 1173 769 πρῶτοι
1249 694 1748 768 παραπηδήσαντες
1811 696 1873 749 ὲν
1937 694 2017 767 τῷ

409 791 703 862 βράσματι
754 791 848 844 τοῦ
897 788 1139 859 διωγμοῦ
1173 831 1189 855 ,
1259 787 1625 859 περιεστῶτες
1687 788 1768 851 είς
1838 787 1899 841 τὸ
1935 786 2015 841 δι-

408 884 745 953 καστήριον,
794 883 892 936 καὶ
958 881 1291 951 θεωροῦντες
1345 880 1472 944 τοὺς
1502 879 1693 950 ἁγίους
1729 879 2015 950 μάρτυρας

413 976 758 1039 σπεύδοντας
808 976 901 1028 ἐπὶ
944 974 1006 1028 τὸ
1055 973 1312 1044 βραϐεῖον
1347 973 1446 1044 τῆς
1494 973 1607 1028 ἀνω
1660 972 1927 1042 κλήσεως,
1957 972 2017 1024 ὲν

412 1068 576 1139 καλῷ
626 1067 706 1138 τῷ
758 1066 906 1137 ζήλῳ
946 1064 1411 1137 προθυμούμενοι,
1451 1063 1738 1118 ἐπεδίδουν
1788 1064 2018 1127 ἑαυτοὺς

414 1160 507 1221 εἰς
525 1156 703 1219 τοῦτο,
737 1154 906 1225 πολλῇ
942 1157 1008 1225 τῇ
1047 1151 1335 1225 παρρησίᾳ
1371 1151 1681 1224 χρώμενοι·
1713 1151 2016 1223 ἐμϐλέπον-

415 1264 518 1311 τες
550 1247 785 1319 μάλιστα
815 1250 943 1310 τοὺς
992 1245 1439 1316 ὑποσυρομένους
1487 1245 1583 1298 καὶ
1627 1244 2017 1312 ἐκπίπτοντας,

415 1341 494 1395 δι’
519 1341 613 1404 οὓς
650 1339 1184 1411 ὑποθερμαινόμενοι
1232 1339 1440 1395 ἔσωθεν
1492 1339 1589 1394 καὶ
1635 1337 2016 1409 ὲνηχοῦμενοι,

416 1432 687 1486 ἔσπευδον
728 1435 808 1496 εἰς
847 1432 1022 1495 τοῦτο,
1047 1432 1137 1486 ἵνα
1172 1430 1247 1503 μὴ
1277 1430 1407 1501 δοκῇ
1453 1429 1585 1499 παρ’
1615 1428 1794 1499 ἑαυτῷ
1829 1431 2020 1500 φρόνι-

423 1542 533 1596 μος
575 1520 715 1578 εἶναι
749 1525 837 1594 ἐφ’
860 1518 941 1588 οἷς
993 1525 1137 1578 κατά
1168 1522 1508 1596 πανουργίαν
1539 1521 1718 1587 ἔδοξεν
1746 1523 1937 1593 ήττᾷν,
1970 1523 2019 1576 εί

422 1617 527 1670 καὶ
557 1616 847 1670 ἐλάνθανεν
891 1614 1085 1668 ἑαυτὸν
1117 1617 1416 1685 νικώμενον
1463 1612 1571 1667 ὑπὸ
1594 1612 1705 1666 τῶν
1728 1614 2017 1685 ,ἐγκαρτε-

426 1707 674 1779 ρούντων
706 1706 807 1771 τάς
838 1708 949 1760 τῶν
980 1707 1261 1775 ξυστήρων
1298 1706 1393 1761 καὶ
1418 1706 1699 1777 μαστίγων
1729 1705 2017 1777 βασάνους,

2119 583 2220 636 tuit
2257 583 2509 669 perﬁce‘e
2540 584 2608 639 ".

2189 697 2277 752 ii.
2320 697 2424 764 Qui
2473 699 2619 753 enim
2666 701 2907 770 primum
2960 701 3013 756 in
3051 702 3453 771 persecutionis
3500 705 3714 763 fervore

2117 791 2471 862 prosilierunt
2529 792 2800 860 judicium
2868 793 3331 863 circumstantes,
3390 806 3445 853 et
3490 812 3713 856 sanctos

2117 893 2387 954 martyres
2416 883 2507 954 qui
2543 883 2613 937 ad
2656 884 2899 941 brabium
2943 904 3185 959 superna:
3228 891 3523 947 vocationis
3555 894 3600 925 ⁸³
3634 893 3714 947 le-

2119 975 2432 1041 stinabant,
2497 976 2859 1046 aspicientes,
2910 979 3138 1037 honesta
3184 984 3533 1040 aemulatione
3577 986 3714 1041 inci-

2119 1065 2219 1120 tati
2253 1081 2312 1121 se
2344 1065 2493 1136 ipsos
2540 1068 2606 1123 ad
2654 1067 2762 1125 hoc
2796 1070 3167 1137 tradiderunt,
3220 1090 3416 1144 magna
3465 1075 3715 1131 libertate

2118 1166 2361 1224 utentes,
2397 1160 2635 1217 maxime
2665 1162 2909 1219 videntes
2956 1180 3052 1220 eos
3088 1165 3180 1235 qui
3226 1167 3716 1233 subtrahebantur,

2118 1248 2249 1317 labi,
2283 1258 2501 1319 propter
2544 1266 2681 1320 quos
2735 1253 2966 1309 interius
2996 1255 3236 1322 excitati,
3266 1267 3320 1311 et
3352 1257 3588 1327 quodam
3616 1275 3721 1315 ve-

2118 1342 2216 1398 luti
2253 1358 2389 1399 sono
2420 1344 2640 1415 impulsi
2676 1343 2743 1399 ad
2785 1345 3170 1401 debellandum
3224 1363 3283 1403 se
3308 1348 3624 1406 efferentem
3657 1360 3713 1408 et

2119 1435 2520 1504 adversarium,
2555 1437 2623 1491 ad
2672 1436 2726 1491 id
2780 1437 3202 1507 contendebant,
3244 1440 3407 1513 452
3456 1459 3523 1499 ne
3570 1448 3713 1513 apud

2118 1545 2173 1583 se
2214 1530 2442 1599 prudens
2473 1545 2583 1584 esse
2618 1528 2664 1561 "
2709 1529 3007 1596 videretur,
3044 1532 3115 1588 ob
3146 1548 3211 1588 ea
3245 1534 3298 1589 in
3350 1536 3548 1606 quibus
3594 1539 3719 1609 ejus

2120 1624 2414 1680 calliditate
2442 1622 2731 1680 inferiores
2752 1640 2875 1681 esse
2901 1626 3000 1681 visi
3030 1635 3181 1692 sunt,
3201 1628 3413 1684 etiamsi
3446 1647 3504 1686 se
3534 1631 3719 1701 ipsum

2119 1717 2265 1773 vinci
2284 1718 2465 1783 abiis,
2486 1718 2582 1787 qui
2604 1719 2938 1775 scuticarum
2957 1720 3403 1794 ﬂagellorumque
3422 1732 3714 1789 tormenta,

424 1800 531 1869 τήν
559 1816 617 1852 τε
646 1798 885 1870 ὀξύτητα
918 1798 1017 1869 τῆς
1051 1798 1346 1869 μαχαίρας,
1375 1797 1473 1851 καὶ
1506 1797 1607 1861 τὰς
1656 1796 2017 1867 καταφλέξεις

2128 1819 2177 1864 et
2208 1810 2371 1881 gladii
2404 1810 2601 1876 aciem,
2631 1818 2687 1865 et
2736 1809 2877 1876 ignis
2910 1811 3319 1880 ustulationem,
3360 1824 3415 1869 et
3446 1831 3714 1886 aquarum

426 1890 529 1944 τοῦ
557 1891 751 1961 πυρὸς,
787 1891 881 1943 καὶ
911 1892 1011 1954 τὰς
1039 1889 1149 1941 τῶν
1178 1890 1388 1943 ὑδάτων
1421 1888 1888 1952 καταποντώσειςο
1920 1888 2015 1945 καὶ

429 1988 548 2049 τοῖς
583 1985 725 2039 κατά
775 1984 957 2039 πίστιν
996 1983 1336 2051 ὑπεξιοῦσιν,
1379 1984 1547 2054 εὐχὰς
1576 1983 1633 2037 δὲ
1684 1984 1780 2038 καὶ⁹
1804 1983 2019 2055 δεήσεις

429 2075 701 2143 γίνεσθαι,
737 2076 856 2145 ήτοι
879 2075 1021 2146 ὑπὲρ
1059 2076 1171 2128 τῶν
1204 2077 1263 2129 ἐν
1283 2077 1497 2146 φυλακῇ
1533 2073 2018 2147 κατατιμωρηθέν-

428 2186 539 2222 των
577 2170 673 2222 καὶ
723 2167 1134 2238 προδεδομένων
1180 2168 1286 2221 ὑπὸ
1327 2167 1488 2239 λιμοῦ
1526 2168 1622 2221 καὶ
1660 2167 1868 2238 δίψους,
1898 2167 2019 2238 ἦτοι

428 2260 573 2332 ὑπὲρ
607 2260 716 2313 τῶν
758 2259 961 2324 ἔξωθεν
987 2262 1087 2332 τῆς
1120 2259 1371 2331 φυλακῆς
1403 2261 1496 2313 ἐπὶ
1542 2259 1637 2313 τοῦ
1664 2257 2018 2329 δικαστηρίου

429 2352 1018 2407 καταϐασανισθέντων
1070 2354 1160 2408 διὰ
1219 2352 1502 2424 ξυστήρων
1550 2354 1645 2407 καὶ
1713 2354 2017 2424 μαστίγων,

431 2445 661 2515 ὕστερον
707 2444 765 2497 δὲ
797 2443 1147 2514 ἡττηθέντων
1180 2442 1286 2497 ὑπὸ
1314 2444 1415 2513 τῆς
1443 2440 1729 2505 ἀσθενείας
1760 2442 1860 2513 τῆς
1888 2458 2019 2511 σαρ-

430 2536 550 2602 κὸς,
582 2534 733 2600 ἄξιόν
760 2537 909 2590 ἐστιν
939 2534 1246 2589 ἐπινεῦσαι·
1280 2535 1603 2606 συμπάσχεν
1640 2535 1748 2605 γὰρ
1772 2534 1865 2588 καὶ
1892 2551 2019 2587 συν-

431 2627 618 2695 αλγεῖν
644 2629 757 2691 τοῖς
786 2627 1141 2697 ὀδυρομένοις
1167 2627 1261 2681 καὶ
1289 2628 1637 2693 στενάζουσιν
1654 2629 1796 2700 ὑπὲρ
1823 2628 1928 2682 τῶν
1962 2629 2020 2682 ὲν

431 2718 511 2789 τῷ
549 2719 721 2788 ἀγῶνι
751 2719 1096 2790 ἡττηθέντων
1128 2720 1233 2773 ὑπὸ
1274 2720 1376 2791 τῆς
1405 2721 1609 2791 πολλῆς
1638 2722 1759 2791 βίας
1787 2720 1880 2775 τοῦ
1918 2738 2020 2775 κα-

432 2813 748 2884 κομηχάνου
779 2812 1049 2878 διαϐόλου,
1078 2813 1197 2884 ἦτοι
1224 2813 1367 2884 ὑπὲρ
1395 2815 1600 2883 γονέων
1628 2814 1663 2887 ἢ
1693 2814 1941 2884 ἀδελφῶν
1980 2813 2015 2884 ἢ

430 2906 660 2969 τέκνων,
689 2905 878 2958 οὐδένα
910 2904 1075 2969 ,οὐδὲν
1124 2906 1499 2961 καταϐλάπτει
1527 2922 1542 2935 ·
1579 2907 1737 2975 ίσμεν
1786 2905 1895 2976 γάρ
1927 2907 2023 2960 καὶ

430 2998 500 3052 δι’
527 2999 728 3069 ἑτέρων
753 2998 957 3064 πίστιν,
984 2998 1403 3060 ἀπολαύσαντάς
1433 3015 1587 3062 τινας
1620 2998 1721 3069 τῆς
1757 2997 1851 3051 τοῦ
1885 2997 2022 3050 Θεοῦ

431 3090 798 3161 ἀγαθότητος.
825 3091 917 3144 ὲπί
945 3107 1005 3144 τε
1035 3090 1228 3159 ἀφέσει
1262 3090 1569 3161 ἁμαρτιῶν,
1601 3089 1696 3143 καὶ
1721 3090 1881 3161 ὑγεία
1913 3089 2024 3143 σώ-

435 3201 630 3255 ματος,
662 3184 757 3237 καὶ
805 3184 1100 3237 ἀναστάσει
1149 3182 1399 3253 νεκρῶνο
1451 3182 1793 3254 μεμνημένοι
1844 3182 2027 3237 τοίνυν
2054 3209 2100 3268 C

432 3277 545 3331 τῶν
577 3276 790 3331 πολλῶν
819 3275 999 3330 αὐτῶν
1051 3277 1336 3346 καμάτων,
1373 3268 1448 3329 ὧν
1499 3277 1932 3347 προῦπήνεγκαν
1965 3278 2023 3331 ἐν

436 3369 663 3439 ὀνόματι
696 3368 956 3440 Χριστοῦ,
986 3368 1209 3422 καὶτῶν
1234 3367 1640 3439 τανταλισμῶν,
1659 3368 1720 3422 οὐ
1752 3368 1859 3439 μὴν
1885 3367 2025 3422 ἀλλά

438 3465 529 3517 καὶ
565 3462 942 3533 μεταγνόντων
976 3460 1178 3527 αὐτῶν,
1206 3459 1303 3514 καὶ
1333 3459 1760 3531 ἀποδυρομένων
1812 3459 1876 3514 τὸ
1921 3477 2022 3513 πε-

437 3557 758 3627 πραγμένον
811 3554 997 3618 αὐτοῖς
1040 3553 1183 3608 κατά
1242 3552 1556 3625 προδοσίαν,
1591 3554 1650 3607 ὲν
1684 3552 1873 3624 ἀτονία
1927 3553 2027 3607 καὶ

434 3646 723 3718 νεκρότητι
744 3645 841 3699 τοῦ
874 3645 1151 3716 σώματος,
1182 3643 1264 3699 ἔτι
1288 3662 1352 3698 τε
1376 3645 1471 3697 καὶ
1502 3645 2024 3716 μεμαρτυρημένων

433 3737 828 3792 εῦπολιτεύτων
855 3736 1163 3807 γενομένων
1197 3737 1255 3791 ὲν
1278 3736 1357 3806 τῷ
1384 3736 1487 3810 βίῳ
1516 3736 1718 3803 αὐτῶν,
1760 3741 2022 3810 συνευχό-

435 3754 828 3792 ευπολιτευτων
855 3754 1163 3807 γενομενων
1197 3754 1255 3791 εν
1278 3754 1357 3806 τῳ
1384 3754 1436 3807 pt
1516 3754 1718 3803 αυτων,
1760 3754 2022 3810 συνευχο-

435 3829 578 3901 μεθα
638 3830 733 3883 καὶ
782 3827 1334 3899 συμπαρακαλοῦμεν
1380 3754 1523 3898 ὑπῖρ
1575 3828 1810 3900 ἱλασμοῦ
1840 3831 2023 3886 αὐτῶν

438 3921 577 3992 μετά
598 3922 704 3975 τῶν
732 3920 907 3975 ἄλλων
932 3919 1308 3991 καθηκόντων,
1331 3918 1422 3972 διὰ
1450 3918 1545 3972 τοῦ
1569 3921 1860 3991 γινομένου
1882 3922 2022 3991 ὑπὲρ

430 4018 592 4090 ήμῶν
637 4017 995 4090 παρακλήτου
1048 4016 1189 4084 πρὸς
1235 4016 1329 4068 τὸν
1389 4016 1626 4087 πατέρα,
1661 4018 2022 4089 ίλασκομένου

431 4112 553 4174 ταῖς
563 4110 862 4181 ἁμαρτίαις
878 4109 1170 4179 ipim-Kal
1188 4108 1299 4163 ἐάν
1313 4125 1401 4175 τις
1433 4108 1563 4180 γὰρ,
1585 4111 1767 4179 φησιν,
1791 4111 2021 4180 ἁμάρτῃ

432 4205 825 4274 παράκλητον
844 4204 1065 4275 ἔχομεν
1080 4205 1225 4274 πρὸς
1246 4206 1355 4258 τὸν
1366 4201 1595 4271 πατέρα
1626 4203 1873 4273 Ἰησοῦν
1892 4206 2023 4272 Χρι-

430 4298 584 4352 στὸν
604 4297 860 4360 δίκαιον,
891 4296 990 4350 καὶ
1017 4294 1203 4364 αὐτὸς
1235 4297 1495 4365 ἱλασμός
1518 4294 1693 4350 ἐστιν
1724 4294 1878 4363 ὑπὲρ
1904 4294 2025 4349 τῶν⁴

430 4388 731 4460 ἁμαρτιῶν
752 4389 940 4460 ἡμῶν.

503 4503 590 4576 ιβ’.
625 4505 750 4568 Τοῖς
796 4506 907 4576 γὰρ
961 4505 1204 4577 ἀργύρια
1252 4504 1511 4558 δεδωκόσι
1564 4504 1701 4576 πρὸς
1734 4504 1797 4557 τὸ
1850 4505 2008 4557 ἀνεν-

2127 1901 2507 1959 immersiones
2553 1911 2873 1958 constanter
2923 1904 3187 1970 tulerunt,
3235 1920 3360 1961 eum
3410 1906 3611 1962 latuit:
3648 1908 3721 1964 iis

2128 2010 2350 2066 quoque
2383 1995 2499 2065 qui,
2542 2005 2598 2051 ut
2627 2011 2693 2052 ex
2744 1997 2851 2052 fide
2898 2011 3091 2067 preces
3135 2006 3191 2053 et
3234 1997 3512 2052 orationes
3562 1998 3717 2065 ﬁant,

2128 2095 2555 2157 persequuntur.
2576 2087 2657 2141 vel
2682 2103 2780 2157 pro
2801 2088 2869 2144 iis
2894 2089 2987 2157 qui
3014 2089 3067 2144 in
3091 2088 3336 2144 custodia
3369 2090 3540 2158 puniti
3566 2102 3718 2154 sunt,

2129 2188 2185 2235 et
2214 2194 2245 2234 a
2282 2179 2427 2234 fame
2470 2192 2524 2236 et
2557 2180 2647 2235 siti
2678 2181 2858 2236 traditi
2892 2189 3042 2243 sunt,
3090 2181 3171 2235 vel
3220 2197 3316 2250 pro
3351 2181 3416 2237 iis
3443 2183 3537 2251 qui
3566 2192 3719 2237 extra

2128 2271 2435 2326 custodiam
2484 2271 2710 2329 scuticis
2738 2282 2793 2328 et
2822 2271 3052 2341 ﬂagellis
3082 2272 3135 2327 in
3174 2272 3383 2342 judicio
3409 2274 3537 2329 torti
3569 2287 3720 2339 sunt,

2126 2373 2313 2433 postea
2335 2370 2556 2417 autema
2572 2363 2752 2417 carnis
2770 2363 3135 2419 imbecillitate
3157 2365 3287 2419 victi
3311 2364 3482 2429 fuere,
3502 2381 3718 2435 aequum

2128 2463 2213 2511 est
2258 2469 2519 2509 annuere.
2550 2454 2686 2508 Cum
2720 2454 2786 2510 iis
2812 2455 2958 2509 enim
2988 2457 3080 2523 qui
3134 2455 3321 2525 lugent
3363 2465 3417 2511 et
3464 2467 3720 2521 mcerent,

2128 2558 2230 2615 pro
2259 2544 2326 2598 iis
2350 2544 2443 2613 qui
2477 2545 2530 2598 in
2564 2545 2868 2600 certamine
2890 2545 3018 2601 victi
3064 2554 3195 2601 sunt
3240 2562 3270 2600 a
3307 2550 3519 2616 magnis
3562 2548 3724 2601 mali-

2129 2634 2220 2703 gni
2249 2633 2449 2688 diaboli
2481 2634 2710 2697 viribus,
2742 2634 2858 2689 sive
2888 2649 2988 2704 pro
3035 2636 3373 2706 parentibus,
3410 2638 3494 2691 vel
3534 2637 3723 2693 fratri-

2131 2726 2255 2793 bus,
2284 2725 2367 2778 vel
2401 2724 2610 2791 liberis,
2647 2741 2755 2780 una
2800 2726 3007 2792 dolere,
3035 2739 3088 2782 et
3119 2728 3340 2783 tristitia
3373 2727 3509 2785 adici
3542 2732 3722 2785 nemi-

2131 2833 2257 2874 nem
2292 2818 2589 2888 quidquam
2621 2819 2841 2888 penitus
2873 2818 3038 2874 lmdit.
3077 2819 3295 2877 Scimus
3322 2822 3466 2876 enim
3504 2832 3726 2892 propter

2134 2910 2367 2964 aliorum
2398 2909 2580 2973 tidem,
2603 2910 2868 2979 quosdam
2896 2925 3018 2966 esse
3052 2910 3144 2965 Dei
3173 2911 3471 2967 bonitatem
3504 2928 3737 2968 assecu--

2136 3010 2242 3067 tos,
2274 3009 2331 3055 et
2358 2999 2413 3055 in
2450 3010 2803 3071 peccatorum
2845 3004 3186 3069 remissione,
3221 3014 3275 3059 et
3303 3007 3550 3074 corporis
3574 3007 3727 3061 sani-

2135 3101 2264 3159 tate,
2292 3101 2346 3147 et
2375 3102 2720 3148 mortuorum
2768 3096 3191 3151 resurrectione.
3222 3095 3493 3152 Memores
3539 3099 3733 3169 itaque

2135 3187 2434 3242 multorum
2468 3187 2715 3243 laborum
2750 3194 2805 3242 et
2839 3187 3210 3253 miseriarum,
3238 3204 3376 3259 quas
3395 3204 3494 3257 pro
3519 3189 3733 3245 Christi

2136 3278 2358 3334 nomine
2389 3279 2788 3344 susrinuerunt,
2823 3293 2950 3333 cum
3000 3278 3104 3349 ipsi
3143 3279 3305 3334 etiam
3347 3281 3725 3351 ptenitentiam

2135 3373 2368 3442 egerint,
2394 3385 2453 3429 et
2479 3374 2623 3444 quod
2651 3389 2681 3429 a
2709 3388 2768 3429 se
2802 3372 3005 3429 factum
3035 3384 3121 3429 est
3154 3390 3250 3445 per
3282 3377 3640 3446 proditionem
3668 3379 3733 3433 in

2137 3464 2384 3533 corporis
2414 3463 2677 3535 languore
2705 3476 2761 3519 et
2788 3465 3206 3522 mortiticatione
3235 3466 3570 3535 deﬂeverint,
3591 3479 3645 3525 et
3666 3486 3743 3525 ser

2138 3561 2399 3622 praeterea
2454 3562 2753 3619 testentur,
2808 3554 2862 3609 in
2915 3556 3021 3609 vita
3075 3570 3173 3611 sua
3222 3556 3392 3613 fuisse
3444 3574 3475 3614 a
3507 3560 3741 3615 civitate-

2138 3644 2369 3707 alienos,
2410 3644 2571 3699 simul
2625 3659 2869 3708 oremus.
2920 3656 2975 3701 et
3018 3648 3357 3715 postulemus
3393 3664 3489 3719 pro
3533 3665 3725 3704 eorum

2137 3736 2582 3792 reconciliatione
2627 3753 2752 3793 cum
2789 3738 2912 3795 aliis
2956 3754 3079 3809 quae
3127 3739 3283 3796 decet
3328 3757 3425 3811 per
3455 3757 3580 3797 eum
3630 3743 3728 3813 qui

2137 3838 2219 3883 est
2254 3828 2412 3883 nobis
2443 3829 2731 3884 advocatus
2762 3830 2906 3900 apud
2937 3829 3178 3894 Patrem.
3206 3847 3265 3887 se
3296 3834 3499 3889 nostris
3532 3849 3728 3903 pecca-

2138 3918 2207 3973 tis
2234 3920 2526 3989 propitium
2558 3920 2929 3975 exhibentem.
2963 3919 3030 3974 Et
3066 3922 3114 3975 si
3138 3924 3275 3992 quis,
3315 3923 3511 3993 inquit,
3542 3941 3731 3993 peccao

2135 4016 2289 4078 verit.
2321 4015 2569 4069 habemus
2593 4015 2909 4069 advocatum
2935 4019 3076 4084 apud
3102 4016 3323 4073 Patrem
3346 4017 3383 4071 Ι
3388 4035 3533 4073 esum
3566 4020 3727 4074 Clari-

2135 4116 2278 4162 stum
2306 4107 2520 4176 justum
2544 4123 2563 4162 :
2592 4117 2644 4162 et
2688 4108 2735 4163 is
2776 4118 2856 4164 est
2882 4111 3195 4178 propitiatio
3233 4128 3330 4181 pro
3359 4114 3588 4181 peccatis
3633 4130 3732 4169 no-

2133 4201 2259 4254 stris
2293 4200 2357 4253 ³³.

2155 4500 2585 4575 ἰλιὶεοιιίιιιιιιιὶ
2611 4503 2897 4574 pecuniam
2929 4502 3218 4570 dederunt,
3248 4512 3304 4560 ut
3346 4503 3450 4575 ipsi
3481 4503 3629 4560 omni
3656 4519 3726 4561 ex

428 4600 687 4671 οχλήτους
714 4601 912 4665 αὐτοὺς
955 4601 1016 4653 τὸ
1058 4601 1379 4655 παντάπασι
1404 4599 1659 4668 γενέσθαι
1693 4599 1801 4653 ἀπὸ
1842 4599 2025 4670 πάσης

2130 4607 2284 4669 parte
2312 4598 2383 4653 ab
2405 4598 2555 4653 omni
2598 4596 2807 4650 malitia
2858 4597 3242 4667 imperturbati
3278 4605 3482 4663 essent,
3515 4598 3723 4653 crimen

430 4695 650 4759 κακίας,
682 4695 785 4747 οὐκ
824 4692 974 4747 ἔστιν
1020 4693 1277 4763 ἔγκλημα
1331 4694 1709 4763 προσαγαγεῖν
1742 4707 1755 4720 ·
1819 4689 2025 4761 ζημίαν

426 4786 537 4855 γὰρ
572 4785 668 4839 καὶ
697 4786 976 4839 ἀπώλειαν
993 4786 1296 4856 χρημάτων
1321 4783 1662 4855 ὑπήνεγκαν,
1704 4783 1792 4837 ῐνα
1823 4784 1898 4856 μὴ
1925 4783 2026 4855 τὴν

427 4878 609 4949 ψυχὴν
636 4876 817 4932 αὐτῶν
841 4877 1198 4949 ζημιωθῶσιν
1225 4877 1260 4948 ἢ
1290 4876 1631 4931 ἀπολέσωσιν
1664 4893 1679 4909 ·
1708 4878 1846 4946 ὅπερ
1873 4876 2025 4930 ἄλλοι

428 4970 571 5024 κατὰ
592 4970 1046 5041 αἰσχροκέρδειαν
1078 4970 1141 5023 οὐ
1178 4970 1516 5041 πεποιήκασι
1546 4983 1560 4998 ⁸
1596 4968 1776 5022 καίτοι
1814 4985 1878 5038 γε
1930 4965 2025 5021 τοῦ

428 5063 635 5133 Κυρίου
666 5062 916 5130 λέγοντος
936 5079 950 5094 ·
988 5061 1054 5116 Τί
1079 5063 1193 5132 γὰρ
1223 5062 1529 5131 ὠφελήσει
1554 5061 1888 5130 ἄνθρωπος,
1917 5059 2028 5113 ἐὰν
2073 5086 2083 5093 ·

428 5155 535 5207 τὸν
565 5156 796 5222 κόσμον
824 5153 974 5209 ὅλον
1002 5154 1295 5223 κερδήσῃ,
1327 5153 1444 5223 τὴν
1478 5153 1547 5207 δὲ
1572 5152 1789 5223 ψυχὴν
1834 5151 2024 5208 αὐτοῦ

429 5244 683 5315 ζημιωθῇ
710 5246 747 5313 ἢ
778 5245 1055 5314 ἀπολέσῃ
1077 5262 1096 5310 ;
1117 5248 1211 5301 καὶ
1230 5248 1312 5300 ὅτι
1341 5250 1423 5301 Οὐ
1446 5246 1715 5301 δύνασθε
1739 5244 1861 5311 Θεῷ
1880 5244 2022 5299 δου-

428 5338 637 5392 λεύειν
662 5338 761 5391 καὶ
786 5336 1041 5408 μαμωνᾷ
1065 5356 1080 5371 ο
1103 5340 1380 5408 ἐφάνησαν
1402 5339 1510 5411 γάρ
1544 5340 1677 5410 παρ’
1716 5340 1925 5392 ἐκεῖνον
1947 5335 2027 5408 τῷ

428 5432 547 5501 Θεῴ
578 5432 928 5496 δουλεύοντες
963 5449 976 5462 ·
1008 5434 1077 5487 τὰ
1125 5434 1234 5505 γάρ
1266 5432 1508 5504 ἀργύρια
1546 5432 1881 5504 μισήσαντες
1934 5431 2030 5483 καὶ

430 5524 947 5595 καταφρονήσαντες
994 5525 1199 5588 αὐτῶν,
1263 5524 1673 5596 ἀπεπλήρωσάν
1732 5540 1792 5577 τε
1834 5524 1929 5577 καὶ
1973 5524 2033 5588 ὲν

2123 4692 2331 4747 intendi
2362 4706 2470 4747 non
2512 4697 2712 4761 p0test.
2748 4689 3018 4745 Damnum
3047 4692 3194 4745 enim
3234 4700 3289 4747 et
3329 4692 3599 4760 iacturam
3634 4709 3727 4762 pc-

2122 4785 2412 4841 cuniarum
2447 4786 2849 4845 sustinuerunt,
2900 4799 2967 4838 ne
3017 4783 3120 4855 ipsi
3165 4785 3363 4839 anima:
3392 4784 3725 4839 detrimento

2125 4875 2490 4941 adicerentur,
2531 4875 2614 4930 vel
2668 4875 2843 4944 ipsam
2890 4874 3056 4929 etiam
3105 4876 3417 4944 perderent,
3454 4877 3599 4945 quod
3632 4878 3725 4931 aLi

2126 4978 2352 5038 propter
2382 4977 2540 5036 turpe
2581 4967 2793 5025 lucrum
2846 4982 2951 5020 non
3000 4966 3247 5021 fecerunt
3289 4986 3303 5023 :
3336 4969 3587 5036 quamvis
3618 4968 3727 5025 Do-

2133 5058 2319 5113 minus
2349 5058 2495 5113 dicat
2527 5061 2573 5094 ⁸⁶
2607 5076 2620 5113 :
2653 5057 2795 5124 Quid
2820 5060 2957 5111 enim
2989 5059 3251 5111 hominem
3272 5058 3503 5127 juvabit,
3529 5061 3575 5113 si
3608 5062 3732 5113 uni—

2128 5130 2626 5205 versummtundum
2656 5150 2894 5203 lucratus
2921 5152 3104 5217 fuerit,
3128 5152 3323 5205 anima:
3352 5162 3530 5205 autem
3560 5153 3730 5207 delri-

2131 5252 2307 5297 mcnto
2335 5242 2500 5309 fuerit
2539 5242 2778 5312 affectus,
2810 5242 2890 5296 vel
2929 5260 3046 5296 eam
3092 5244 3255 5296 etiam
3297 5245 3631 5310 perdiderit?
3664 5244 3727 5297 lit

2126 5352 2320 5393 rursus
2352 5333 2445 5390 "°:
2481 5335 2645 5408 453
2676 5334 2801 5390 Non
2843 5338 3061 5406 potestis
3103 5335 3209 5389 Deo
3252 5336 3445 5390 servire
3474 5347 3525 5389 et
3555 5354 3727 5389 nmm-

2131 5444 2302 5483 mome
2345 5430 2446 5483 :in
2510 5429 2616 5483 illis
2667 5430 2812 5485 enim
2867 5441 3239 5501 apparuerunt
3283 5433 3376 5501 qui
3412 5430 3520 5485 Deo
3554 5431 3728 5485 servi-

2129 5532 2272 5589 rent,
2298 5522 2502 5588 exosis,
2538 5523 3351 5594 conculcatis,contemptisque
3370 5524 3635 5592 pecuniis,
3671 5534 3725 5577 et

431 5615 603 5687 τούτῳ
614 5615 676 5669 τὸ
701 5631 876 5689 γεγρα
883 5614 1350 5688 μμένον,Λύτρον
1364 5616 1585 5686 ἀνδρὸς
1605 5614 1814 5687 ψυχῆς
1831 5613 2037 5687 (ῇῖδιος

2136 5610 2190 5665 in
2234 5625 2302 5665 eo
2344 5609 2758 5681 compleverunt
2800 5612 2948 5683 quod
3007 5612 3269 5683 scriptum
3319 5622 3401 5667 est
3439 5632 3451 5666 :
3484 5611 3723 5667 Pretium

497 5769 543 5802 "
574 5767 707 5825 Luc.
776 5785 885 5834 xw,
917 5772 1009 5839 99,
1056 5772 1147 5829 50.

436 5840 508 5872 ³⁸⁸
546 5841 736 5906 Matth.
767 5869 839 5922 γι,
876 5860 965 5917 ῆι,

1250 5770 1295 5803 ³³
1330 5769 1565 5841 Philipp.
1623 5785 1701 5835 ιιι,
1764 5772 1847 5826 14.

1953 5770 1998 5804 ³⁸
2030 5769 2190 5825 Rom.
2242 5784 2346 5831 sn,
2382 5769 2468 5825 46.

2580 5770 2625 5801 ³⁵
2656 5768 2675 5823 l
2704 5767 2863 5824 Joan.
2916 5786 2977 5837 ιι,
3014 5770 3063 5826 1.
3169 5772 3214 5804 ³⁸
3244 5771 3433 5829 Matth.
3486 5787 3593 5839 ws,
3626 5771 3717 5826 ‘26.
