  <div class='ocr_page' id='page_1' title='image "/cluster/home/n/w/nwhite01/storage/ocr_20150623/104:no.4/coo.31924054870088/483.png"; bbox 0 0 4146 6430; ppageno 0'>
   <div class='ocr_carea' id='block_1_1' title="bbox 526 368 627 464">
    <p class='ocr_par' dir='ltr' id='par_1_1' title="bbox 526 368 627 464">
     <span class='ocr_line' id='line_1_1' title="bbox 526 368 627 464; baseline 0.01 -1"><span class='ocrx_word' id='word_1_1' title='bbox 526 368 627 464; x_wconf 64' lang='grc' dir='ltr'><em>ινιτ</em></span> 
     </span>
    </p>
   </div>
   <div class='ocr_carea' id='block_1_2' title="bbox 1625 400 2582 464">
    <p class='ocr_par' dir='ltr' id='par_1_2' title="bbox 1625 400 2582 464">
     <span class='ocr_line' id='line_1_2' title="bbox 1625 400 2582 464; baseline -0.001 -1"><span class='ocrx_word' id='word_1_2' title='bbox 1625 402 1885 464; x_wconf 79' lang='grc' dir='ltr'><strong>ΡΗΟΤΙΙ</strong></span> <span class='ocrx_word' id='word_1_3' title='bbox 1922 400 2431 461; x_wconf 69' lang='grc' dir='ltr'><strong>ΡΑἹἮῙΑΗΟΗΕ</strong></span> <span class='ocrx_word' id='word_1_4' title='bbox 2472 402 2582 462; x_wconf 86' lang='lat' dir='ltr'><strong>CP.</strong></span> 
     </span>
    </p>
   </div>
   <div class='ocr_carea' id='block_1_3' title="bbox 3703 396 3813 461">
    <p class='ocr_par' dir='ltr' id='par_1_3' title="bbox 3703 396 3813 461">
     <span class='ocr_line' id='line_1_3' title="bbox 3703 396 3813 461; baseline -0.018 0"><span class='ocrx_word' id='word_1_5' title='bbox 3703 396 3813 461; x_wconf 63' lang='lat'><strong>9&amp;3</strong></span> 
     </span>
    </p>
   </div>
   <div class='ocr_carea' id='block_1_4' title="bbox 529 508 2118 584">
    <p class='ocr_par' dir='ltr' id='par_1_4' title="bbox 529 510 2118 584">
     <span class='ocr_line' id='line_1_4' title="bbox 529 510 2118 584; baseline -0.001 -19"><span class='ocrx_word' id='word_1_6' title='bbox 529 514 893 583; x_wconf 73' lang='lat' dir='ltr'><strong>redemptionis</strong></span> <span class='ocrx_word' id='word_1_7' title='bbox 924 514 1118 571; x_wconf 77' lang='lat' dir='ltr'><strong>anima:</strong></span> <span class='ocrx_word' id='word_1_8' title='bbox 1144 516 1393 577; x_wconf 75' lang='lat' dir='ltr'><strong>hominis,</strong></span> <span class='ocrx_word' id='word_1_9' title='bbox 1423 514 1649 584; x_wconf 73' lang='lat' dir='ltr'><strong>propria:</strong></span> <span class='ocrx_word' id='word_1_10' title='bbox 1670 514 1871 567; x_wconf 77' lang='lat' dir='ltr'><strong>divitia:</strong></span> <span class='ocrx_word' id='word_1_11' title='bbox 1905 510 2118 566; x_wconf 85' lang='lat' dir='ltr'><strong>&quot;.Nam</strong></span> 
     </span>
    </p>
   </div>
   <div class='ocr_carea' id='block_1_5' title="bbox 2227 508 3825 584">
    <p class='ocr_par' dir='ltr' id='par_1_5' title="bbox 2229 508 3825 581">
     <span class='ocr_line' id='line_1_5' title="bbox 2229 508 3825 581; baseline 0 -18"><span class='ocrx_word' id='word_1_12' title='bbox 2229 512 2498 578; x_wconf 73' lang='grc' dir='ltr'><em>πλοῦτος</em></span> <span class='ocrx_word' id='word_1_13' title='bbox 2522 531 2534 544; x_wconf 93' lang='grc'>·</span> <span class='ocrx_word' id='word_1_14' title='bbox 2575 513 2697 566; x_wconf 71' lang='grc' dir='ltr'><em>ἐπεὶ</em></span> <span class='ocrx_word' id='word_1_15' title='bbox 2724 511 2817 565; x_wconf 77' lang='grc' dir='ltr'><strong>καὶ</strong></span> <span class='ocrx_word' id='word_1_16' title='bbox 2837 513 2894 565; x_wconf 81' lang='grc' dir='ltr'><em>ἐν</em></span> <span class='ocrx_word' id='word_1_17' title='bbox 2920 512 3039 575; x_wconf 82' lang='grc' dir='ltr'><em>ταῖς</em></span> <span class='ocrx_word' id='word_1_18' title='bbox 3072 511 3318 581; x_wconf 76' lang='grc' dir='ltr'><em>Πράξεσι</em></span> <span class='ocrx_word' id='word_1_19' title='bbox 3346 510 3458 563; x_wconf 82' lang='grc' dir='ltr'><strong>τῶν</strong></span> <span class='ocrx_word' id='word_1_20' title='bbox 3484 508 3825 563; x_wconf 83' lang='grc' dir='ltr'><strong>ἀποστόλων</strong></span> 
     </span>
    </p>
   </div>
   <div class='ocr_carea' id='block_1_6' title="bbox 525 600 2107 678">
    <p class='ocr_par' dir='ltr' id='par_1_6' title="bbox 525 600 2107 678">
     <span class='ocr_line' id='line_1_6' title="bbox 525 600 2107 678; baseline -0.003 -17"><span class='ocrx_word' id='word_1_21' title='bbox 525 619 579 661; x_wconf 86' lang='lat' dir='ltr'><strong>et</strong></span> <span class='ocrx_word' id='word_1_22' title='bbox 614 607 669 661; x_wconf 91' lang='lat' dir='ltr'><strong>in</strong></span> <span class='ocrx_word' id='word_1_23' title='bbox 712 607 939 661; x_wconf 81' lang='lat' dir='ltr'><strong>Actibus</strong></span> <span class='ocrx_word' id='word_1_24' title='bbox 966 623 1184 676; x_wconf 90' lang='lat' dir='ltr'><strong>quoque</strong></span> <span class='ocrx_word' id='word_1_25' title='bbox 1213 608 1585 678; x_wconf 79' lang='lat' dir='ltr'><strong>apostolorum</strong></span> <span class='ocrx_word' id='word_1_26' title='bbox 1616 600 1867 677; x_wconf 54' lang='lat' dir='ltr'><strong>leginﬂts,</strong></span> <span class='ocrx_word' id='word_1_27' title='bbox 1897 618 1990 659; x_wconf 89' lang='lat' dir='ltr'><strong>eos</strong></span> <span class='ocrx_word' id='word_1_28' title='bbox 2012 602 2107 674; x_wconf 90' lang='lat' dir='ltr'><strong>qui</strong></span> 
     </span>
    </p>
   </div>
   <div class='ocr_carea' id='block_1_7' title="bbox 526 696 2111 766">
    <p class='ocr_par' dir='ltr' id='par_1_7' title="bbox 526 696 2111 766">
     <span class='ocr_line' id='line_1_7' title="bbox 526 696 2111 766; baseline -0.002 -15"><span class='ocrx_word' id='word_1_29' title='bbox 526 714 625 766; x_wconf 88' lang='lat' dir='ltr'><strong>pro</strong></span> <span class='ocrx_word' id='word_1_30' title='bbox 658 696 828 753; x_wconf 86' lang='lat' dir='ltr'><strong>Paulo</strong></span> <span class='ocrx_word' id='word_1_31' title='bbox 864 707 918 753; x_wconf 90' lang='lat' dir='ltr'><strong>et</strong></span> <span class='ocrx_word' id='word_1_32' title='bbox 948 696 1059 753; x_wconf 89' lang='lat' dir='ltr'><strong>Sila</strong></span> <span class='ocrx_word' id='word_1_33' title='bbox 1093 697 1487 754; x_wconf 83' lang='lat' dir='ltr'><strong>Thessalonicae</strong></span> <span class='ocrx_word' id='word_1_34' title='bbox 1518 698 1585 751; x_wconf 89' lang='lat' dir='ltr'><strong>ad</strong></span> <span class='ocrx_word' id='word_1_35' title='bbox 1617 696 1963 765; x_wconf 75' lang='lat' dir='ltr'><strong>magistratus</strong></span> <span class='ocrx_word' id='word_1_36' title='bbox 1996 704 2111 749; x_wconf 87' lang='lat' dir='ltr'><strong>tra-</strong></span> 
     </span>
    </p>
   </div>
   <div class='ocr_carea' id='block_1_8' title="bbox 530 785 2107 859">
    <p class='ocr_par' dir='ltr' id='par_1_8' title="bbox 530 785 2107 859">
     <span class='ocr_line' id='line_1_8' title="bbox 530 785 2107 859; baseline -0.001 -17"><span class='ocrx_word' id='word_1_37' title='bbox 530 791 831 855; x_wconf 89' lang='lat' dir='ltr'><strong>hebantur,</strong></span> <span class='ocrx_word' id='word_1_38' title='bbox 883 805 1009 844; x_wconf 88' lang='lat' dir='ltr'><strong>eum</strong></span> <span class='ocrx_word' id='word_1_39' title='bbox 1065 790 1249 844; x_wconf 91' lang='lat' dir='ltr'><strong>multis</strong></span> <span class='ocrx_word' id='word_1_40' title='bbox 1300 788 1549 859; x_wconf 85' lang='lat' dir='ltr'><strong>pecuniis</strong></span> <span class='ocrx_word' id='word_1_41' title='bbox 1601 786 1774 841; x_wconf 82' lang='lat' dir='ltr'><strong>fuisse</strong></span> <span class='ocrx_word' id='word_1_42' title='bbox 1826 785 2107 841; x_wconf 80' lang='lat' dir='ltr'><strong>dimissos.</strong></span> 
     </span>
    </p>
   </div>
   <div class='ocr_carea' id='block_1_9' title="bbox 528 874 2111 949">
    <p class='ocr_par' dir='ltr' id='par_1_9' title="bbox 528 874 2111 949">
     <span class='ocr_line' id='line_1_9' title="bbox 528 874 2111 949; baseline -0.001 -19"><span class='ocrx_word' id='word_1_43' title='bbox 528 879 825 949; x_wconf 79' lang='lat' dir='ltr'><strong>Postquam</strong></span> <span class='ocrx_word' id='word_1_44' title='bbox 858 880 1000 933; x_wconf 89' lang='lat' dir='ltr'><strong>enim</strong></span> <span class='ocrx_word' id='word_1_45' title='bbox 1037 880 1185 948; x_wconf 88' lang='lat' dir='ltr'><strong>ipsos</strong></span> <span class='ocrx_word' id='word_1_46' title='bbox 1211 888 1433 947; x_wconf 80' lang='lat' dir='ltr'><strong>propter</strong></span> <span class='ocrx_word' id='word_1_47' title='bbox 1464 891 1661 931; x_wconf 87' lang='lat' dir='ltr'><strong>nomen</strong></span> <span class='ocrx_word' id='word_1_48' title='bbox 1709 874 1940 929; x_wconf 91' lang='lat' dir='ltr'><strong>multum</strong></span> <span class='ocrx_word' id='word_1_49' title='bbox 1974 889 2111 929; x_wconf 86' lang='lat' dir='ltr'><strong>one-</strong></span> 
     </span>
    </p>
   </div>
   <div class='ocr_carea' id='block_1_10' title="bbox 527 968 2112 1038">
    <p class='ocr_par' dir='ltr' id='par_1_10' title="bbox 527 968 2112 1038">
     <span class='ocr_line' id='line_1_10' title="bbox 527 968 2112 1038; baseline -0.004 -13"><span class='ocrx_word' id='word_1_50' title='bbox 527 979 775 1035; x_wconf 85' lang='lat' dir='ltr'><strong>rassent,</strong></span> <span class='ocrx_word' id='word_1_51' title='bbox 826 980 880 1025; x_wconf 92' lang='lat' dir='ltr'><strong>et</strong></span> <span class='ocrx_word' id='word_1_52' title='bbox 927 970 1327 1025; x_wconf 74' lang='lat' dir='ltr'><strong>multitudinem</strong></span> <span class='ocrx_word' id='word_1_53' title='bbox 1382 968 1846 1038; x_wconf 81' lang='lat' dir='ltr'><strong>magistratusque</strong></span> <span class='ocrx_word' id='word_1_54' title='bbox 1896 973 2112 1035; x_wconf 88' lang='lat' dir='ltr'><strong>pertur-</strong></span> 
     </span>
    </p>
   </div>
   <div class='ocr_carea' id='block_1_11' title="bbox 528 1059 2114 1132">
    <p class='ocr_par' dir='ltr' id='par_1_11' title="bbox 528 1059 2114 1132">
     <span class='ocr_line' id='line_1_11' title="bbox 528 1059 2114 1132; baseline -0.005 -13"><span class='ocrx_word' id='word_1_55' title='bbox 528 1064 769 1128; x_wconf 84' lang='lat' dir='ltr'><strong>bassent,</strong></span> <span class='ocrx_word' id='word_1_56' title='bbox 814 1064 879 1117; x_wconf 85' lang='lat' dir='ltr'><strong>ab</strong></span> <span class='ocrx_word' id='word_1_57' title='bbox 921 1062 1138 1127; x_wconf 82' lang='lat' dir='ltr'><strong>Jasone,</strong></span> <span class='ocrx_word' id='word_1_58' title='bbox 1170 1064 1366 1132; x_wconf 90' lang='lat' dir='ltr'><strong>inquit,</strong></span> <span class='ocrx_word' id='word_1_59' title='bbox 1396 1072 1442 1115; x_wconf 89' lang='lat' dir='ltr'><strong>et</strong></span> <span class='ocrx_word' id='word_1_60' title='bbox 1494 1061 1708 1130; x_wconf 78' lang='lat' dir='ltr'><strong>reliquis</strong></span> <span class='ocrx_word' id='word_1_61' title='bbox 1742 1059 2114 1127; x_wconf 76' lang='lat' dir='ltr'><strong>satisfactione</strong></span> 
     </span>
    </p>
   </div>
   <div class='ocr_carea' id='block_1_12' title="bbox 528 1149 2115 1225">
    <p class='ocr_par' dir='ltr' id='par_1_12' title="bbox 528 1149 2115 1225">
     <span class='ocr_line' id='line_1_12' title="bbox 528 1149 2115 1225; baseline -0.006 -15"><span class='ocrx_word' id='word_1_62' title='bbox 528 1166 761 1225; x_wconf 82' lang='lat' dir='ltr'><strong>accepta,</strong></span> <span class='ocrx_word' id='word_1_63' title='bbox 792 1171 876 1210; x_wconf 82' lang='lat' dir='ltr'><strong>eos</strong></span> <span class='ocrx_word' id='word_1_64' title='bbox 920 1156 1251 1209; x_wconf 86' lang='lat' dir='ltr'><strong>dimiserunt.</strong></span> <span class='ocrx_word' id='word_1_65' title='bbox 1300 1152 1518 1207; x_wconf 82' lang='lat' dir='ltr'><strong>Fratres</strong></span> <span class='ocrx_word' id='word_1_66' title='bbox 1550 1162 1725 1205; x_wconf 87' lang='lat' dir='ltr'><strong>autent</strong></span> <span class='ocrx_word' id='word_1_67' title='bbox 1764 1160 1919 1204; x_wconf 87' lang='lat' dir='ltr'><strong>noctu</strong></span> <span class='ocrx_word' id='word_1_68' title='bbox 1948 1149 2115 1219; x_wconf 87' lang='lat' dir='ltr'><strong>proti-</strong></span> 
     </span>
    </p>
   </div>
   <div class='ocr_carea' id='block_1_13' title="bbox 530 1242 1934 1301">
    <p class='ocr_par' dir='ltr' id='par_1_13' title="bbox 530 1242 1934 1301">
     <span class='ocr_line' id='line_1_13' title="bbox 530 1242 1934 1301; baseline -0.004 0"><span class='ocrx_word' id='word_1_69' title='bbox 530 1264 627 1301; x_wconf 88' lang='lat' dir='ltr'><strong>nus</strong></span> <span class='ocrx_word' id='word_1_70' title='bbox 662 1247 887 1301; x_wconf 81' lang='lat' dir='ltr'><strong>Paulum</strong></span> <span class='ocrx_word' id='word_1_71' title='bbox 916 1256 965 1301; x_wconf 85' lang='lat' dir='ltr'><strong>et</strong></span> <span class='ocrx_word' id='word_1_72' title='bbox 1002 1244 1173 1301; x_wconf 88' lang='lat' dir='ltr'><strong>Silam</strong></span> <span class='ocrx_word' id='word_1_73' title='bbox 1205 1246 1457 1300; x_wconf 89' lang='lat' dir='ltr'><strong>miserunt</strong></span> <span class='ocrx_word' id='word_1_74' title='bbox 1489 1246 1543 1297; x_wconf 91' lang='lat' dir='ltr'><strong>in</strong></span> <span class='ocrx_word' id='word_1_75' title='bbox 1574 1242 1841 1298; x_wconf 78' lang='lat' dir='ltr'><strong>Berraeant</strong></span> <span class='ocrx_word' id='word_1_76' title='bbox 1868 1242 1934 1295; x_wconf 85' lang='grc'><strong>³⁸.</strong></span> 
     </span>
    </p>
   </div>
   <div class='ocr_carea' id='block_1_14' title="bbox 600 1316 2115 1407">
    <p class='ocr_par' dir='ltr' id='par_1_14' title="bbox 600 1316 2115 1407">
     <span class='ocr_line' id='line_1_14' title="bbox 600 1316 2115 1407; baseline -0.004 -14"><span class='ocrx_word' id='word_1_77' title='bbox 600 1341 689 1394; x_wconf 72' lang='grc'><strong>15.</strong></span> <span class='ocrx_word' id='word_1_78' title='bbox 719 1337 873 1394; x_wconf 88' lang='lat' dir='ltr'><strong>Unde</strong></span> <span class='ocrx_word' id='word_1_79' title='bbox 900 1352 1001 1393; x_wconf 91' lang='lat' dir='ltr'><strong>nec</strong></span> <span class='ocrx_word' id='word_1_80' title='bbox 1027 1353 1122 1394; x_wconf 88' lang='lat' dir='ltr'><strong>eos</strong></span> <span class='ocrx_word' id='word_1_81' title='bbox 1150 1338 1246 1407; x_wconf 89' lang='lat' dir='ltr'><strong>qui</strong></span> <span class='ocrx_word' id='word_1_82' title='bbox 1277 1316 1851 1405; x_wconf 43' lang='lat' dir='ltr'><strong>omnia&#39;reliquerunt</strong></span> <span class='ocrx_word' id='word_1_83' title='bbox 1894 1341 2115 1403; x_wconf 87' lang='lat' dir='ltr'><strong>propter</strong></span> 
     </span>
    </p>
   </div>
   <div class='ocr_carea' id='block_1_15' title="bbox 530 1430 2112 1499">
    <p class='ocr_par' dir='ltr' id='par_1_15' title="bbox 530 1430 2112 1499">
     <span class='ocr_line' id='line_1_15' title="bbox 530 1430 2112 1499; baseline -0.004 -12"><span class='ocrx_word' id='word_1_84' title='bbox 530 1431 759 1487; x_wconf 86' lang='lat' dir='ltr'><strong>salutem</strong></span> <span class='ocrx_word' id='word_1_85' title='bbox 797 1432 1011 1499; x_wconf 68' lang='lat' dir='ltr'><strong>animai,</strong></span> <span class='ocrx_word' id='word_1_86' title='bbox 1045 1441 1101 1487; x_wconf 90' lang='lat' dir='ltr'><strong>et</strong></span> <span class='ocrx_word' id='word_1_87' title='bbox 1133 1440 1501 1496; x_wconf 85' lang='lat' dir='ltr'><strong>secesserunt,</strong></span> <span class='ocrx_word' id='word_1_88' title='bbox 1547 1430 1673 1485; x_wconf 90' lang='lat' dir='ltr'><strong>licet</strong></span> <span class='ocrx_word' id='word_1_89' title='bbox 1705 1443 1966 1484; x_wconf 84' lang='lat' dir='ltr'><strong>accusare</strong></span> <span class='ocrx_word' id='word_1_90' title='bbox 1987 1434 2112 1482; x_wconf 83' lang='lat' dir='ltr'><strong>tan-</strong></span> 
     </span>
    </p>
   </div>
   <div class='ocr_carea' id='block_1_16' title="bbox 527 1517 2113 1595">
    <p class='ocr_par' dir='ltr' id='par_1_16' title="bbox 527 1517 2113 1595">
     <span class='ocr_line' id='line_1_16' title="bbox 527 1517 2113 1595; baseline -0.003 -19"><span class='ocrx_word' id='word_1_91' title='bbox 527 1536 693 1592; x_wconf 89' lang='lat' dir='ltr'><strong>quam</strong></span> <span class='ocrx_word' id='word_1_92' title='bbox 739 1522 861 1578; x_wconf 87' lang='lat' dir='ltr'><strong>aliis</strong></span> <span class='ocrx_word' id='word_1_93' title='bbox 889 1532 1108 1595; x_wconf 86' lang='lat' dir='ltr'><strong>propter</strong></span> <span class='ocrx_word' id='word_1_94' title='bbox 1142 1522 1291 1592; x_wconf 91' lang='lat' dir='ltr'><strong>ipsos</strong></span> <span class='ocrx_word' id='word_1_95' title='bbox 1340 1521 1596 1577; x_wconf 85' lang='lat' dir='ltr'><strong>detentis.</strong></span> <span class='ocrx_word' id='word_1_96' title='bbox 1642 1518 1779 1574; x_wconf 87' lang='lat' dir='ltr'><strong>Nam</strong></span> <span class='ocrx_word' id='word_1_97' title='bbox 1825 1529 1881 1573; x_wconf 89' lang='lat' dir='ltr'><strong>et</strong></span> <span class='ocrx_word' id='word_1_98' title='bbox 1912 1517 2113 1588; x_wconf 88' lang='lat' dir='ltr'><strong>Ephesi</strong></span> 
     </span>
    </p>
   </div>
   <div class='ocr_carea' id='block_1_17' title="bbox 527 1610 2116 1684">
    <p class='ocr_par' dir='ltr' id='par_1_17' title="bbox 527 1610 2116 1684">
     <span class='ocr_line' id='line_1_17' title="bbox 527 1610 2116 1684; baseline -0.003 -19"><span class='ocrx_word' id='word_1_99' title='bbox 527 1626 629 1684; x_wconf 91' lang='lat' dir='ltr'><strong>pro</strong></span> <span class='ocrx_word' id='word_1_100' title='bbox 666 1611 834 1667; x_wconf 88' lang='lat' dir='ltr'><strong>Paulo</strong></span> <span class='ocrx_word' id='word_1_101' title='bbox 864 1611 1059 1668; x_wconf 84' lang='lat' dir='ltr'><strong>Gaium</strong></span> <span class='ocrx_word' id='word_1_102' title='bbox 1102 1622 1155 1668; x_wconf 87' lang='lat' dir='ltr'><strong>et</strong></span> <span class='ocrx_word' id='word_1_103' title='bbox 1190 1612 1571 1667; x_wconf 82' lang='lat' dir='ltr'><strong>Aristarchnm</strong></span> <span class='ocrx_word' id='word_1_104' title='bbox 1620 1611 1675 1665; x_wconf 90' lang='lat' dir='ltr'><strong>in</strong></span> <span class='ocrx_word' id='word_1_105' title='bbox 1722 1610 1931 1664; x_wconf 86' lang='lat' dir='ltr'><strong>theatro</strong></span> <span class='ocrx_word' id='word_1_106' title='bbox 1963 1623 2116 1663; x_wconf 84' lang='lat' dir='ltr'><strong>com-</strong></span> 
     </span>
    </p>
   </div>
   <div class='ocr_carea' id='block_1_18' title="bbox 529 1701 2113 1773">
    <p class='ocr_par' dir='ltr' id='par_1_18' title="bbox 529 1701 2113 1773">
     <span class='ocr_line' id='line_1_18' title="bbox 529 1701 2113 1773; baseline -0.001 -17"><span class='ocrx_word' id='word_1_107' title='bbox 529 1703 954 1773; x_wconf 87' lang='lat' dir='ltr'><strong>prehenderunt,</strong></span> <span class='ocrx_word' id='word_1_108' title='bbox 983 1720 1091 1759; x_wconf 89' lang='lat' dir='ltr'><strong>una</strong></span> <span class='ocrx_word' id='word_1_109' title='bbox 1131 1719 1254 1759; x_wconf 92' lang='lat' dir='ltr'><strong>cum</strong></span> <span class='ocrx_word' id='word_1_110' title='bbox 1284 1702 1456 1759; x_wconf 84' lang='lat' dir='ltr'><strong>Paulo</strong></span> <span class='ocrx_word' id='word_1_111' title='bbox 1487 1702 1989 1773; x_wconf 79' lang='lat' dir='ltr'><strong>peregrinantes&quot;,</strong></span> <span class='ocrx_word' id='word_1_112' title='bbox 2018 1701 2113 1771; x_wconf 87' lang='lat' dir='ltr'><strong>qui</strong></span> 
     </span>
    </p>
   </div>
   <div class='ocr_carea' id='block_1_19' title="bbox 528 1792 2112 1865">
    <p class='ocr_par' dir='ltr' id='par_1_19' title="bbox 528 1792 2112 1865">
     <span class='ocr_line' id='line_1_19' title="bbox 528 1792 2112 1865; baseline -0.001 -20"><span class='ocrx_word' id='word_1_113' title='bbox 528 1794 745 1848; x_wconf 79' lang='lat' dir='ltr'><strong>volebat</strong></span> <span class='ocrx_word' id='word_1_114' title='bbox 774 1795 841 1849; x_wconf 91' lang='lat' dir='ltr'><strong>ad</strong></span> <span class='ocrx_word' id='word_1_115' title='bbox 873 1796 1131 1865; x_wconf 81' lang='lat' dir='ltr'><strong>pepulum</strong></span> <span class='ocrx_word' id='word_1_116' title='bbox 1164 1794 1316 1850; x_wconf 89' lang='lat' dir='ltr'><strong>adire</strong></span> <span class='ocrx_word' id='word_1_117' title='bbox 1349 1812 1362 1847; x_wconf 89' lang='lat'>:</span> <span class='ocrx_word' id='word_1_118' title='bbox 1389 1793 1648 1865; x_wconf 87' lang='lat' dir='ltr'><strong>quoniam</strong></span> <span class='ocrx_word' id='word_1_119' title='bbox 1680 1803 1901 1862; x_wconf 82' lang='lat' dir='ltr'><strong>propter</strong></span> <span class='ocrx_word' id='word_1_120' title='bbox 1935 1792 2112 1861; x_wconf 83' lang='lat' dir='ltr'><strong>ipsum</strong></span> 
     </span>
    </p>
   </div>
   <div class='ocr_carea' id='block_1_20' title="bbox 2216 600 3826 674">
    <p class='ocr_par' dir='ltr' id='par_1_20' title="bbox 2216 600 3826 674">
     <span class='ocr_line' id='line_1_20' title="bbox 2216 600 3826 674; baseline -0.002 -16"><span class='ocrx_word' id='word_1_121' title='bbox 2216 606 2531 673; x_wconf 85' lang='grc' dir='ltr'><em>ἀνέγνωμεν</em></span> <span class='ocrx_word' id='word_1_122' title='bbox 2564 605 2691 668; x_wconf 81' lang='grc' dir='ltr'><em>τοὺς</em></span> <span class='ocrx_word' id='word_1_123' title='bbox 2724 604 2990 674; x_wconf 79' lang='grc' dir='ltr'><em>συρέντας</em></span> <span class='ocrx_word' id='word_1_124' title='bbox 3018 604 3140 657; x_wconf 72' lang='grc' dir='ltr'><em>ἀντὶ</em></span> <span class='ocrx_word' id='word_1_125' title='bbox 3169 602 3384 656; x_wconf 80' lang='grc' dir='ltr'><strong>Παύλου</strong></span> <span class='ocrx_word' id='word_1_126' title='bbox 3441 602 3549 655; x_wconf 78' lang='grc' dir='ltr'><strong>καὶ</strong></span> <span class='ocrx_word' id='word_1_127' title='bbox 3595 600 3736 654; x_wconf 88' lang='grc' dir='ltr'><em>Σίλα</em></span> <span class='ocrx_word' id='word_1_128' title='bbox 3766 604 3826 655; x_wconf 79' lang='grc' dir='ltr'><strong>έν</strong></span> 
     </span>
    </p>
   </div>
   <div class='ocr_carea' id='block_1_21' title="bbox 2216 694 3829 768">
    <p class='ocr_par' dir='ltr' id='par_1_21' title="bbox 2216 694 3829 768">
     <span class='ocr_line' id='line_1_21' title="bbox 2216 694 3829 768; baseline -0.002 -19"><span class='ocrx_word' id='word_1_129' title='bbox 2216 696 2586 768; x_wconf 80' lang='grc' dir='ltr'><em>Θεσσαλονίκῃ</em></span> <span class='ocrx_word' id='word_1_130' title='bbox 2616 697 2707 749; x_wconf 72' lang='grc' dir='ltr'><strong>ἐπὶ</strong></span> <span class='ocrx_word' id='word_1_131' title='bbox 2735 697 2861 759; x_wconf 77' lang='grc' dir='ltr'><em>τοὺς</em></span> <span class='ocrx_word' id='word_1_132' title='bbox 2898 696 3252 767; x_wconf 79' lang='grc' dir='ltr'><strong>πολιτάρχας,</strong></span> <span class='ocrx_word' id='word_1_133' title='bbox 3291 695 3429 765; x_wconf 82' lang='grc' dir='ltr'><em>μετὰ</em></span> <span class='ocrx_word' id='word_1_134' title='bbox 3486 694 3829 763; x_wconf 76' lang='grc' dir='ltr'><strong>πλησμονῆς</strong></span> 
     </span>
    </p>
   </div>
   <div class='ocr_carea' id='block_1_22' title="bbox 2216 786 3824 859">
    <p class='ocr_par' dir='ltr' id='par_1_22' title="bbox 2216 786 3824 859">
     <span class='ocr_line' id='line_1_22' title="bbox 2216 786 3824 859; baseline -0.001 -18"><span class='ocrx_word' id='word_1_135' title='bbox 2216 788 2628 851; x_wconf 79' lang='grc' dir='ltr'><em>ἀπολυθένταςο</em></span> <span class='ocrx_word' id='word_1_136' title='bbox 2692 786 2831 855; x_wconf 78' lang='grc' dir='ltr'><em>μετὰ</em></span> <span class='ocrx_word' id='word_1_137' title='bbox 2874 787 2985 859; x_wconf 76' lang='grc' dir='ltr'><em>γὰρ</em></span> <span class='ocrx_word' id='word_1_138' title='bbox 3031 787 3093 840; x_wconf 81' lang='grc' dir='ltr'><em>τὸ</em></span> <span class='ocrx_word' id='word_1_139' title='bbox 3154 786 3553 858; x_wconf 80' lang='grc' dir='ltr'><em>κατασαρῆσαι</em></span> <span class='ocrx_word' id='word_1_140' title='bbox 3615 786 3824 848; x_wconf 79' lang='grc' dir='ltr'><em>αὐτοὺς</em></span> 
     </span>
    </p>
   </div>
   <div class='ocr_carea' id='block_1_23' title="bbox 2218 875 3827 949">
    <p class='ocr_par' dir='ltr' id='par_1_23' title="bbox 2218 875 3827 949">
     <span class='ocr_line' id='line_1_23' title="bbox 2218 875 3827 949; baseline -0.002 -17"><span class='ocrx_word' id='word_1_141' title='bbox 2218 880 2390 934; x_wconf 76' lang='grc' dir='ltr'><em>πολλὰ</em></span> <span class='ocrx_word' id='word_1_142' title='bbox 2418 880 2506 933; x_wconf 75' lang='grc' dir='ltr'><em>διὰ</em></span> <span class='ocrx_word' id='word_1_143' title='bbox 2529 880 2589 933; x_wconf 81' lang='grc' dir='ltr'><em>τὸ</em></span> <span class='ocrx_word' id='word_1_144' title='bbox 2625 879 2817 948; x_wconf 74' lang='grc' dir='ltr'><em>ὄνομα,</em></span> <span class='ocrx_word' id='word_1_145' title='bbox 2851 880 2946 933; x_wconf 81' lang='grc' dir='ltr'><strong>καὶ</strong></span> <span class='ocrx_word' id='word_1_146' title='bbox 2984 878 3215 949; x_wconf 79' lang='grc' dir='ltr'><strong>ταράξαι</strong></span> <span class='ocrx_word' id='word_1_147' title='bbox 3245 878 3337 931; x_wconf 79' lang='grc' dir='ltr'><em>τὸν</em></span> <span class='ocrx_word' id='word_1_148' title='bbox 3371 878 3536 947; x_wconf 78' lang='grc' dir='ltr'><em>δχλον</em></span> <span class='ocrx_word' id='word_1_149' title='bbox 3568 876 3672 931; x_wconf 71' lang='grc' dir='ltr'><strong>καὶ</strong></span> <span class='ocrx_word' id='word_1_150' title='bbox 3697 875 3827 939; x_wconf 77' lang='grc' dir='ltr'><em>τοὺς</em></span> 
     </span>
    </p>
   </div>
   <div class='ocr_carea' id='block_1_24' title="bbox 2218 966 3826 1043">
    <p class='ocr_par' dir='ltr' id='par_1_24' title="bbox 2218 966 3826 1043">
     <span class='ocr_line' id='line_1_24' title="bbox 2218 966 3826 1043; baseline -0.002 -18"><span class='ocrx_word' id='word_1_151' title='bbox 2218 971 2573 1043; x_wconf 83' lang='grc' dir='ltr'><em>πολιτάρχας.</em></span> <span class='ocrx_word' id='word_1_152' title='bbox 2608 970 2930 1036; x_wconf 77' lang='grc' dir='ltr'><em>Λαϐόντες,</em></span> <span class='ocrx_word' id='word_1_153' title='bbox 2969 969 3126 1040; x_wconf 79' lang='grc' dir='ltr'><em>φησὶ,</em></span> <span class='ocrx_word' id='word_1_154' title='bbox 3159 969 3225 1023; x_wconf 79' lang='grc' dir='ltr'><em>τὸ</em></span> <span class='ocrx_word' id='word_1_155' title='bbox 3260 968 3471 1023; x_wconf 75' lang='grc' dir='ltr'><em>ἱκανὸν</em></span> <span class='ocrx_word' id='word_1_156' title='bbox 3514 967 3690 1034; x_wconf 83' lang='grc' dir='ltr'><em>παρὰ</em></span> <span class='ocrx_word' id='word_1_157' title='bbox 3719 966 3826 1021; x_wconf 90' lang='grc' dir='ltr'><strong>τοῦ</strong></span> 
     </span>
    </p>
   </div>
   <div class='ocr_carea' id='block_1_25' title="bbox 2232 1059 3829 1131">
    <p class='ocr_par' dir='ltr' id='par_1_25' title="bbox 2232 1059 3829 1131">
     <span class='ocr_line' id='line_1_25' title="bbox 2232 1059 3829 1131; baseline -0.006 -10"><span class='ocrx_word' id='word_1_158' title='bbox 2232 1066 2507 1131; x_wconf 82' lang='grc' dir='ltr'><em>Ἰάσονος</em></span> <span class='ocrx_word' id='word_1_159' title='bbox 2536 1062 2778 1117; x_wconf 74' lang='grc' dir='ltr'><em>καὶτῶν</em></span> <span class='ocrx_word' id='word_1_160' title='bbox 2807 1061 3059 1126; x_wconf 76' lang='grc' dir='ltr'><em>λοιπῶν,</em></span> <span class='ocrx_word' id='word_1_161' title='bbox 3110 1060 3432 1116; x_wconf 73' lang='grc' dir='ltr'><strong>ἀπέλυσαν</strong></span> <span class='ocrx_word' id='word_1_162' title='bbox 3461 1060 3707 1125; x_wconf 82' lang='grc' dir='ltr'><em>αὐτούς</em></span> <span class='ocrx_word' id='word_1_163' title='bbox 3727 1073 3742 1087; x_wconf 76' lang='grc'><strong>⁸</strong></span> <span class='ocrx_word' id='word_1_164' title='bbox 3773 1059 3829 1111; x_wconf 74' lang='grc' dir='ltr'><em>οι</em></span> 
     </span>
    </p>
   </div>
   <div class='ocr_carea' id='block_1_26' title="bbox 2218 1148 3827 1224">
    <p class='ocr_par' dir='ltr' id='par_1_26' title="bbox 2218 1148 3827 1224">
     <span class='ocr_line' id='line_1_26' title="bbox 2218 1148 3827 1224; baseline -0.004 -17"><span class='ocrx_word' id='word_1_165' title='bbox 2218 1156 2288 1208; x_wconf 83' lang='grc' dir='ltr'><em>δὲ</em></span> <span class='ocrx_word' id='word_1_166' title='bbox 2312 1155 2558 1224; x_wconf 70' lang='grc' dir='ltr'><em>ἀδελφοὶ</em></span> <span class='ocrx_word' id='word_1_167' title='bbox 2582 1154 2800 1219; x_wconf 84' lang='grc' dir='ltr'><em>εὐθέως</em></span> <span class='ocrx_word' id='word_1_168' title='bbox 2836 1153 2933 1207; x_wconf 81' lang='grc' dir='ltr'><em>διὰ</em></span> <span class='ocrx_word' id='word_1_169' title='bbox 2968 1152 3190 1217; x_wconf 86' lang='grc' dir='ltr'><em>νυκτὸς</em></span> <span class='ocrx_word' id='word_1_170' title='bbox 3216 1150 3579 1220; x_wconf 72' lang='grc' dir='ltr'><em>ἐξέπεμψαν</em></span> <span class='ocrx_word' id='word_1_171' title='bbox 3610 1148 3725 1202; x_wconf 84' lang='grc' dir='ltr'><em>τόν</em></span> <span class='ocrx_word' id='word_1_172' title='bbox 3761 1163 3827 1201; x_wconf 82' lang='grc' dir='ltr'><strong>τε</strong></span> 
     </span>
    </p>
   </div>
   <div class='ocr_carea' id='block_1_27' title="bbox 2219 1242 3340 1311">
    <p class='ocr_par' dir='ltr' id='par_1_27' title="bbox 2219 1242 3340 1311">
     <span class='ocr_line' id='line_1_27' title="bbox 2219 1242 3340 1311; baseline -0.004 -10"><span class='ocrx_word' id='word_1_173' title='bbox 2219 1246 2461 1301; x_wconf 76' lang='grc' dir='ltr'><em>Παῦλον</em></span> <span class='ocrx_word' id='word_1_174' title='bbox 2487 1245 2586 1300; x_wconf 74' lang='grc' dir='ltr'><em>καὶ</em></span> <span class='ocrx_word' id='word_1_175' title='bbox 2614 1245 2721 1299; x_wconf 83' lang='grc' dir='ltr'><strong>τὸν</strong></span> <span class='ocrx_word' id='word_1_176' title='bbox 2747 1246 2937 1299; x_wconf 76' lang='grc' dir='ltr'><em>Σίλαν</em></span> <span class='ocrx_word' id='word_1_177' title='bbox 2962 1246 3048 1309; x_wconf 77' lang='grc' dir='ltr'><em>εἰς</em></span> <span class='ocrx_word' id='word_1_178' title='bbox 3072 1242 3340 1311; x_wconf 80' lang='grc' dir='ltr'><strong>Βέροιαν.</strong></span> 
     </span>
    </p>
   </div>
   <div class='ocr_carea' id='block_1_28' title="bbox 2295 1333 3824 1407">
    <p class='ocr_par' dir='ltr' id='par_1_28' title="bbox 2295 1333 3824 1407">
     <span class='ocr_line' id='line_1_28' title="bbox 2295 1333 3824 1407; baseline -0.003 -16"><span class='ocrx_word' id='word_1_179' title='bbox 2295 1336 2384 1407; x_wconf 80' lang='grc' dir='ltr'><em>ιγ’.</em></span> <span class='ocrx_word' id='word_1_180' title='bbox 2418 1338 2583 1391; x_wconf 83' lang='grc' dir='ltr'><em>Ὀθεν</em></span> <span class='ocrx_word' id='word_1_181' title='bbox 2614 1337 2736 1390; x_wconf 80' lang='grc' dir='ltr'><em>οὐδὲ</em></span> <span class='ocrx_word' id='word_1_182' title='bbox 2767 1338 2884 1401; x_wconf 85' lang='grc' dir='ltr'><em>τοῖς</em></span> <span class='ocrx_word' id='word_1_183' title='bbox 2938 1335 3299 1404; x_wconf 66' lang='grc' dir='ltr'><em>καταλείψασι</em></span> <span class='ocrx_word' id='word_1_184' title='bbox 3353 1334 3540 1388; x_wconf 83' lang='grc' dir='ltr'><em>πάντα</em></span> <span class='ocrx_word' id='word_1_185' title='bbox 3588 1333 3685 1387; x_wconf 69' lang='grc' dir='ltr'><em>διὰ</em></span> <span class='ocrx_word' id='word_1_186' title='bbox 3722 1334 3824 1403; x_wconf 79' lang='grc' dir='ltr'><em>τὴν</em></span> 
     </span>
    </p>
   </div>
   <div class='ocr_carea' id='block_1_29' title="bbox 2220 1424 3826 1501">
    <p class='ocr_par' dir='ltr' id='par_1_29' title="bbox 2220 1424 3826 1501">
     <span class='ocr_line' id='line_1_29' title="bbox 2220 1424 3826 1501; baseline -0.004 -18"><span class='ocrx_word' id='word_1_187' title='bbox 2220 1430 2318 1501; x_wconf 82' lang='grc' dir='ltr'><em>τῆς</em></span> <span class='ocrx_word' id='word_1_188' title='bbox 2340 1429 2519 1499; x_wconf 80' lang='grc' dir='ltr'><em>ψυχῆς</em></span> <span class='ocrx_word' id='word_1_189' title='bbox 2550 1427 2826 1498; x_wconf 77' lang='grc' dir='ltr'><strong>σωτηρίαν</strong></span> <span class='ocrx_word' id='word_1_190' title='bbox 2864 1428 2962 1481; x_wconf 74' lang='grc' dir='ltr'><strong>καὶ</strong></span> <span class='ocrx_word' id='word_1_191' title='bbox 2990 1427 3414 1497; x_wconf 82' lang='grc' dir='ltr'><em>ἀναχωρήσασιν</em></span> <span class='ocrx_word' id='word_1_192' title='bbox 3463 1424 3625 1478; x_wconf 77' lang='grc' dir='ltr'><em>εστιν</em></span> <span class='ocrx_word' id='word_1_193' title='bbox 3654 1424 3826 1491; x_wconf 80' lang='grc' dir='ltr'><em>ὲγκα·</em></span> 
     </span>
    </p>
   </div>
   <div class='ocr_carea' id='block_1_30' title="bbox 2220 1515 3823 1591">
    <p class='ocr_par' dir='ltr' id='par_1_30' title="bbox 2220 1515 3823 1591">
     <span class='ocr_line' id='line_1_30' title="bbox 2220 1515 3823 1591; baseline -0.005 -15"><span class='ocrx_word' id='word_1_194' title='bbox 2220 1522 2354 1588; x_wconf 82' lang='grc' dir='ltr'><em>λείν,</em></span> <span class='ocrx_word' id='word_1_195' title='bbox 2384 1523 2460 1586; x_wconf 85' lang='grc' dir='ltr'><em>ὡς</em></span> <span class='ocrx_word' id='word_1_196' title='bbox 2491 1521 2556 1575; x_wconf 80' lang='grc' dir='ltr'><em>ἂν</em></span> <span class='ocrx_word' id='word_1_197' title='bbox 2587 1522 2789 1591; x_wconf 75' lang='grc' dir='ltr'><em>ἑτέρων</em></span> <span class='ocrx_word' id='word_1_198' title='bbox 2820 1519 2890 1573; x_wconf 79' lang='grc' dir='ltr'><em>δι’</em></span> <span class='ocrx_word' id='word_1_199' title='bbox 2935 1518 3134 1581; x_wconf 75' lang='grc' dir='ltr'><em>αὐτοὺς</em></span> <span class='ocrx_word' id='word_1_200' title='bbox 3179 1516 3641 1588; x_wconf 80' lang='grc' dir='ltr'><em>κατασχεθέντων</em></span> <span class='ocrx_word' id='word_1_201' title='bbox 3660 1531 3674 1546; x_wconf 89' lang='grc'><strong>·</strong></span> <span class='ocrx_word' id='word_1_202' title='bbox 3727 1515 3823 1573; x_wconf 72' lang='grc' dir='ltr'><strong>καὶ</strong></span> 
     </span>
    </p>
   </div>
   <div class='ocr_carea' id='block_1_31' title="bbox 2220 1606 3823 1685">
    <p class='ocr_par' dir='ltr' id='par_1_31' title="bbox 2220 1606 3823 1685">
     <span class='ocr_line' id='line_1_31' title="bbox 2220 1606 3823 1685; baseline -0.006 -18"><span class='ocrx_word' id='word_1_203' title='bbox 2220 1614 2329 1685; x_wconf 81' lang='grc' dir='ltr'><em>γὰρ</em></span> <span class='ocrx_word' id='word_1_204' title='bbox 2368 1616 2462 1667; x_wconf 72' lang='grc' dir='ltr'><strong>καὶ</strong></span> <span class='ocrx_word' id='word_1_205' title='bbox 2495 1616 2552 1667; x_wconf 79' lang='grc' dir='ltr'><em>ὲν</em></span> <span class='ocrx_word' id='word_1_206' title='bbox 2586 1615 2652 1683; x_wconf 79' lang='grc' dir='ltr'><em>τῇ</em></span> <span class='ocrx_word' id='word_1_207' title='bbox 2693 1612 2906 1682; x_wconf 81' lang='grc' dir='ltr'><em>Ἐφέσῳ</em></span> <span class='ocrx_word' id='word_1_208' title='bbox 2950 1611 3071 1664; x_wconf 76' lang='grc' dir='ltr'><em>ἀντὶ</em></span> <span class='ocrx_word' id='word_1_209' title='bbox 3124 1607 3338 1663; x_wconf 78' lang='grc' dir='ltr'><strong>Παύλου</strong></span> <span class='ocrx_word' id='word_1_210' title='bbox 3390 1606 3566 1661; x_wconf 80' lang='grc' dir='ltr'><em>πάλιν</em></span> <span class='ocrx_word' id='word_1_211' title='bbox 3620 1607 3823 1677; x_wconf 84' lang='grc' dir='ltr'><em>συνήρ-</em></span> 
     </span>
    </p>
   </div>
   <div class='ocr_carea' id='block_1_32' title="bbox 2221 1697 3820 1772">
    <p class='ocr_par' dir='ltr' id='par_1_32' title="bbox 2221 1697 3820 1772">
     <span class='ocr_line' id='line_1_32' title="bbox 2221 1697 3820 1772; baseline -0.006 -15"><span class='ocrx_word' id='word_1_212' title='bbox 2221 1721 2404 1759; x_wconf 88' lang='grc' dir='ltr'><em>πασαν</em></span> <span class='ocrx_word' id='word_1_213' title='bbox 2432 1703 2593 1756; x_wconf 81' lang='grc' dir='ltr'><em>Γάϊον</em></span> <span class='ocrx_word' id='word_1_214' title='bbox 2618 1704 2698 1766; x_wconf 81' lang='grc' dir='ltr'><strong>είς</strong></span> <span class='ocrx_word' id='word_1_215' title='bbox 2733 1701 2792 1755; x_wconf 82' lang='grc' dir='ltr'><em>τὸ</em></span> <span class='ocrx_word' id='word_1_216' title='bbox 2822 1701 3051 1772; x_wconf 87' lang='grc' dir='ltr'><em>θέατρον</em></span> <span class='ocrx_word' id='word_1_217' title='bbox 3090 1700 3186 1752; x_wconf 71' lang='grc' dir='ltr'><strong>καὶ</strong></span> <span class='ocrx_word' id='word_1_218' title='bbox 3221 1697 3591 1768; x_wconf 82' lang='grc' dir='ltr'><em>’Δρίσταρχον</em></span> <span class='ocrx_word' id='word_1_219' title='bbox 3622 1713 3820 1749; x_wconf 83' lang='grc' dir='ltr'><em>συνεκ-</em></span> 
     </span>
    </p>
   </div>
   <div class='ocr_carea' id='block_1_33' title="bbox 2220 1786 3821 1862">
    <p class='ocr_par' dir='ltr' id='par_1_33' title="bbox 2220 1786 3821 1862">
     <span class='ocr_line' id='line_1_33' title="bbox 2220 1786 3821 1862; baseline -0.012 -3"><span class='ocrx_word' id='word_1_220' title='bbox 2220 1791 2424 1862; x_wconf 77' lang='grc' dir='ltr'><strong>δήμους</strong></span> <span class='ocrx_word' id='word_1_221' title='bbox 2451 1791 2667 1844; x_wconf 77' lang='grc' dir='ltr'><em>Παύλου</em></span> <span class='ocrx_word' id='word_1_222' title='bbox 2702 1792 2763 1843; x_wconf 84' lang='grc' dir='ltr'><em>οὐ</em></span> <span class='ocrx_word' id='word_1_223' title='bbox 2796 1789 3121 1860; x_wconf 74' lang='grc' dir='ltr'><strong>βουλομένου</strong></span> <span class='ocrx_word' id='word_1_224' title='bbox 3153 1789 3417 1842; x_wconf 71' lang='grc' dir='ltr'><strong>εἰσελθεῖν</strong></span> <span class='ocrx_word' id='word_1_225' title='bbox 3440 1789 3527 1851; x_wconf 80' lang='grc' dir='ltr'><strong>είς</strong></span> <span class='ocrx_word' id='word_1_226' title='bbox 3571 1786 3669 1841; x_wconf 81' lang='grc' dir='ltr'><em>τὸν</em></span> <span class='ocrx_word' id='word_1_227' title='bbox 3724 1787 3821 1858; x_wconf 86' lang='grc' dir='ltr'><strong>δῆ-</strong></span> 
     </span>
    </p>
   </div>
   <div class='ocr_carea' id='block_1_34' title="bbox 529 1876 2118 1957">
    <p class='ocr_par' dir='ltr' id='par_1_34' title="bbox 529 1885 2116 1956">
     <span class='ocr_line' id='line_1_34' title="bbox 529 1885 2116 1956; baseline -0.001 -15"><span class='ocrx_word' id='word_1_228' title='bbox 529 1887 625 1956; x_wconf 91' lang='lat' dir='ltr'><strong>qui</strong></span> <span class='ocrx_word' id='word_1_229' title='bbox 658 1897 1025 1956; x_wconf 84' lang='lat' dir='ltr'><strong>persuaserat,</strong></span> <span class='ocrx_word' id='word_1_230' title='bbox 1057 1896 1113 1942; x_wconf 90' lang='lat' dir='ltr'><strong>et</strong></span> <span class='ocrx_word' id='word_1_231' title='bbox 1143 1888 1372 1941; x_wconf 90' lang='lat' dir='ltr'><strong>multam</strong></span> <span class='ocrx_word' id='word_1_232' title='bbox 1422 1885 1636 1941; x_wconf 87' lang='lat' dir='ltr'><strong>turbam</strong></span> <span class='ocrx_word' id='word_1_233' title='bbox 1678 1885 1746 1940; x_wconf 89' lang='lat' dir='ltr'><strong>ad</strong></span> <span class='ocrx_word' id='word_1_234' title='bbox 1776 1886 1868 1941; x_wconf 87' lang='lat' dir='ltr'><strong>Dei</strong></span> <span class='ocrx_word' id='word_1_235' title='bbox 1909 1885 2116 1940; x_wconf 88' lang='lat' dir='ltr'><strong>cultum</strong></span> 
     </span>
    </p>
   </div>
   <div class='ocr_carea' id='block_1_35' title="bbox 2227 1876 3822 1957">
    <p class='ocr_par' dir='ltr' id='par_1_35' title="bbox 2227 1881 3822 1957">
     <span class='ocr_line' id='line_1_35' title="bbox 2227 1881 3822 1957; baseline -0.003 -17"><span class='ocrx_word' id='word_1_236' title='bbox 2227 1903 2327 1957; x_wconf 89' lang='grc' dir='ltr'><strong>μον</strong></span> <span class='ocrx_word' id='word_1_237' title='bbox 2352 1900 2367 1914; x_wconf 91' lang='grc'><strong>·</strong></span> <span class='ocrx_word' id='word_1_238' title='bbox 2409 1885 2532 1939; x_wconf 76' lang='grc' dir='ltr'><em>ἐπεὶ</em></span> <span class='ocrx_word' id='word_1_239' title='bbox 2554 1885 2649 1938; x_wconf 77' lang='grc' dir='ltr'><strong>καὶ</strong></span> <span class='ocrx_word' id='word_1_240' title='bbox 2676 1884 2745 1937; x_wconf 78' lang='grc' dir='ltr'><em>δι’</em></span> <span class='ocrx_word' id='word_1_241' title='bbox 2773 1882 2937 1937; x_wconf 80' lang='grc' dir='ltr'><em>αὐτὸν</em></span> <span class='ocrx_word' id='word_1_242' title='bbox 2971 1882 3239 1936; x_wconf 79' lang='grc' dir='ltr'><strong>πείσαντα</strong></span> <span class='ocrx_word' id='word_1_243' title='bbox 3265 1881 3361 1936; x_wconf 76' lang='grc' dir='ltr'><strong>καὶ</strong></span> <span class='ocrx_word' id='word_1_244' title='bbox 3391 1883 3822 1954; x_wconf 83' lang='grc' dir='ltr'><strong>μεταστήσαντα</strong></span> 
     </span>
    </p>
   </div>
   <div class='ocr_carea' id='block_1_36' title="bbox 529 1974 2117 2043">
    <p class='ocr_par' dir='ltr' id='par_1_36' title="bbox 529 1974 2117 2043">
     <span class='ocr_line' id='line_1_36' title="bbox 529 1974 2117 2043; baseline -0.002 -12"><span class='ocrx_word' id='word_1_245' title='bbox 529 1976 869 2041; x_wconf 74' lang='lat' dir='ltr'><strong>traduxerat,</strong></span> <span class='ocrx_word' id='word_1_246' title='bbox 899 1977 1095 2031; x_wconf 83' lang='lat' dir='ltr'><strong>seditio</strong></span> <span class='ocrx_word' id='word_1_247' title='bbox 1133 1976 1274 2031; x_wconf 85' lang='lat' dir='ltr'><strong>facta</strong></span> <span class='ocrx_word' id='word_1_248' title='bbox 1304 1978 1498 2031; x_wconf 87' lang='lat' dir='ltr'><strong>fuerat.</strong></span> <span class='ocrx_word' id='word_1_249' title='bbox 1530 1974 1655 2030; x_wconf 88' lang='lat' dir='ltr'><strong>Non</strong></span> <span class='ocrx_word' id='word_1_250' title='bbox 1684 1976 1947 2031; x_wconf 85' lang='lat' dir='ltr'><strong>sciverunt</strong></span> <span class='ocrx_word' id='word_1_251' title='bbox 1976 1992 2117 2043; x_wconf 89' lang='lat' dir='ltr'><strong>eum,</strong></span> 
     </span>
    </p>
   </div>
   <div class='ocr_carea' id='block_1_37' title="bbox 529 2067 2121 2137">
    <p class='ocr_par' dir='ltr' id='par_1_37' title="bbox 529 2067 2121 2137">
     <span class='ocr_line' id='line_1_37' title="bbox 529 2067 2121 2137; baseline 0.001 -14"><span class='ocrx_word' id='word_1_252' title='bbox 529 2067 729 2137; x_wconf 88' lang='lat' dir='ltr'><strong>inquit,</strong></span> <span class='ocrx_word' id='word_1_253' title='bbox 759 2068 1030 2137; x_wconf 84' lang='lat' dir='ltr'><strong>discipuli.</strong></span> <span class='ocrx_word' id='word_1_254' title='bbox 1076 2068 1219 2135; x_wconf 80' lang='lat' dir='ltr'><strong>Quin</strong></span> <span class='ocrx_word' id='word_1_255' title='bbox 1254 2069 1419 2123; x_wconf 89' lang='lat' dir='ltr'><strong>etiam</strong></span> <span class='ocrx_word' id='word_1_256' title='bbox 1460 2068 1713 2123; x_wconf 86' lang='lat' dir='ltr'><strong>nonnulli</strong></span> <span class='ocrx_word' id='word_1_257' title='bbox 1744 2082 1813 2123; x_wconf 79' lang='lat' dir='ltr'><strong>ex</strong></span> <span class='ocrx_word' id='word_1_258' title='bbox 1838 2067 2121 2124; x_wconf 81' lang='lat' dir='ltr'><strong>Asiarchis</strong></span> 
     </span>
    </p>
   </div>
   <div class='ocr_carea' id='block_1_38' title="bbox 533 2157 2125 2227">
    <p class='ocr_par' dir='ltr' id='par_1_38' title="bbox 533 2157 2125 2227">
     <span class='ocr_line' id='line_1_38' title="bbox 533 2157 2125 2227; baseline 0.001 -16"><span class='ocrx_word' id='word_1_259' title='bbox 533 2158 629 2227; x_wconf 92' lang='lat' dir='ltr'><strong>qui</strong></span> <span class='ocrx_word' id='word_1_260' title='bbox 656 2157 706 2211; x_wconf 89' lang='lat' dir='ltr'><strong>ei</strong></span> <span class='ocrx_word' id='word_1_261' title='bbox 754 2168 913 2212; x_wconf 89' lang='lat' dir='ltr'><strong>erant</strong></span> <span class='ocrx_word' id='word_1_262' title='bbox 967 2158 1149 2222; x_wconf 87' lang='lat' dir='ltr'><strong>amici,</strong></span> <span class='ocrx_word' id='word_1_263' title='bbox 1187 2159 1455 2214; x_wconf 90' lang='lat' dir='ltr'><strong>miserunt</strong></span> <span class='ocrx_word' id='word_1_264' title='bbox 1494 2160 1560 2213; x_wconf 90' lang='lat' dir='ltr'><strong>ad</strong></span> <span class='ocrx_word' id='word_1_265' title='bbox 1589 2174 1717 2214; x_wconf 90' lang='lat' dir='ltr'><strong>eum</strong></span> <span class='ocrx_word' id='word_1_266' title='bbox 1750 2168 1801 2214; x_wconf 90' lang='lat' dir='ltr'><strong>et</strong></span> <span class='ocrx_word' id='word_1_267' title='bbox 1832 2167 2125 2215; x_wconf 85' lang='lat' dir='ltr'><strong>suaserunt</strong></span> 
     </span>
    </p>
   </div>
   <div class='ocr_carea' id='block_1_39' title="bbox 530 2250 2123 2323">
    <p class='ocr_par' dir='ltr' id='par_1_39' title="bbox 530 2250 2123 2323">
     <span class='ocr_line' id='line_1_39' title="bbox 530 2250 2123 2323; baseline -0.001 -16"><span class='ocrx_word' id='word_1_268' title='bbox 530 2266 602 2307; x_wconf 89' lang='lat' dir='ltr'><strong>ne</strong></span> <span class='ocrx_word' id='word_1_269' title='bbox 628 2266 688 2307; x_wconf 87' lang='lat' dir='ltr'><strong>se</strong></span> <span class='ocrx_word' id='word_1_270' title='bbox 716 2250 926 2306; x_wconf 89' lang='lat' dir='ltr'><strong>theatro</strong></span> <span class='ocrx_word' id='word_1_271' title='bbox 951 2252 1124 2305; x_wconf 89' lang='lat' dir='ltr'><strong>daret.</strong></span> <span class='ocrx_word' id='word_1_272' title='bbox 1154 2252 1209 2305; x_wconf 87' lang='lat' dir='ltr'><strong>Si</strong></span> <span class='ocrx_word' id='word_1_273' title='bbox 1234 2252 1324 2321; x_wconf 91' lang='lat' dir='ltr'><strong>qui</strong></span> <span class='ocrx_word' id='word_1_274' title='bbox 1352 2261 1532 2305; x_wconf 84' lang='lat' dir='ltr'><strong>autem</strong></span> <span class='ocrx_word' id='word_1_275' title='bbox 1555 2250 1723 2323; x_wconf 61' lang='grc'><strong>454</strong></span> <span class='ocrx_word' id='word_1_276' title='bbox 1742 2265 1866 2306; x_wconf 89' lang='lat' dir='ltr'><strong>cum</strong></span> <span class='ocrx_word' id='word_1_277' title='bbox 1904 2253 1969 2307; x_wconf 90' lang='lat' dir='ltr'><strong>iis</strong></span> <span class='ocrx_word' id='word_1_278' title='bbox 1992 2268 2123 2307; x_wconf 87' lang='lat' dir='ltr'><strong>con-</strong></span> 
     </span>
    </p>
   </div>
   <div class='ocr_carea' id='block_1_40' title="bbox 530 2342 2122 2413">
    <p class='ocr_par' dir='ltr' id='par_1_40' title="bbox 530 2342 2122 2413">
     <span class='ocr_line' id='line_1_40' title="bbox 530 2342 2122 2413; baseline 0.001 -15"><span class='ocrx_word' id='word_1_279' title='bbox 530 2342 758 2399; x_wconf 84' lang='lat' dir='ltr'><strong>tendere</strong></span> <span class='ocrx_word' id='word_1_280' title='bbox 791 2344 1153 2413; x_wconf 82' lang='lat' dir='ltr'><strong>perrexerint,</strong></span> <span class='ocrx_word' id='word_1_281' title='bbox 1180 2342 1273 2412; x_wconf 89' lang='lat' dir='ltr'><strong>qui</strong></span> <span class='ocrx_word' id='word_1_282' title='bbox 1305 2343 1549 2397; x_wconf 89' lang='lat' dir='ltr'><strong>animum</strong></span> <span class='ocrx_word' id='word_1_283' title='bbox 1581 2344 1857 2399; x_wconf 89' lang='lat' dir='ltr'><strong>sincerum</strong></span> <span class='ocrx_word' id='word_1_284' title='bbox 1887 2344 1934 2397; x_wconf 88' lang='lat' dir='ltr'><strong>ei</strong></span> <span class='ocrx_word' id='word_1_285' title='bbox 1967 2344 2122 2399; x_wconf 89' lang='lat' dir='ltr'><strong>adhi-</strong></span> 
     </span>
    </p>
   </div>
   <div class='ocr_carea' id='block_1_41' title="bbox 529 2434 2118 2505">
    <p class='ocr_par' dir='ltr' id='par_1_41' title="bbox 529 2434 2118 2505">
     <span class='ocr_line' id='line_1_41' title="bbox 529 2434 2118 2505; baseline -0.001 -15"><span class='ocrx_word' id='word_1_286' title='bbox 529 2436 706 2500; x_wconf 89' lang='lat' dir='ltr'><strong>bent,</strong></span> <span class='ocrx_word' id='word_1_287' title='bbox 751 2437 842 2505; x_wconf 90' lang='lat' dir='ltr'><strong>qui</strong></span> <span class='ocrx_word' id='word_1_288' title='bbox 892 2434 1065 2489; x_wconf 89' lang='lat' dir='ltr'><strong>dicit:</strong></span> <span class='ocrx_word' id='word_1_289' title='bbox 1100 2435 1396 2505; x_wconf 84' lang='lat' dir='ltr'><strong>Diligenter</strong></span> <span class='ocrx_word' id='word_1_290' title='bbox 1467 2451 1617 2489; x_wconf 81' lang='lat' dir='ltr'><strong>serva</strong></span> <span class='ocrx_word' id='word_1_291' title='bbox 1658 2436 1894 2488; x_wconf 81' lang='lat' dir='ltr'><strong>animum</strong></span> <span class='ocrx_word' id='word_1_292' title='bbox 1952 2445 2118 2500; x_wconf 89' lang='lat' dir='ltr'><strong>tuam,</strong></span> 
     </span>
    </p>
   </div>
   <div class='ocr_carea' id='block_1_42' title="bbox 529 2527 2117 2598">
    <p class='ocr_par' dir='ltr' id='par_1_42' title="bbox 529 2527 2117 2598">
     <span class='ocr_line' id='line_1_42' title="bbox 529 2527 2117 2598; baseline 0.001 -16"><span class='ocrx_word' id='word_1_293' title='bbox 529 2539 580 2582; x_wconf 89' lang='lat' dir='ltr'><strong>et</strong></span> <span class='ocrx_word' id='word_1_294' title='bbox 617 2545 679 2582; x_wconf 86' lang='lat' dir='ltr'><strong>ne</strong></span> <span class='ocrx_word' id='word_1_295' title='bbox 721 2538 861 2581; x_wconf 87' lang='lat' dir='ltr'><strong>retro</strong></span> <span class='ocrx_word' id='word_1_296' title='bbox 888 2529 1151 2597; x_wconf 78' lang='lat' dir='ltr'><strong>aspexeris</strong></span> <span class='ocrx_word' id='word_1_297' title='bbox 1174 2527 1241 2585; x_wconf 67' lang='grc'><strong>⁸⁸.</strong></span> <span class='ocrx_word' id='word_1_298' title='bbox 1265 2528 1457 2583; x_wconf 88' lang='lat' dir='ltr'><strong>Petrus</strong></span> <span class='ocrx_word' id='word_1_299' title='bbox 1482 2542 1700 2598; x_wconf 90' lang='lat' dir='ltr'><strong>quoque</strong></span> <span class='ocrx_word' id='word_1_300' title='bbox 1748 2528 2117 2596; x_wconf 87' lang='lat' dir='ltr'><strong>apostolorum</strong></span> 
     </span>
    </p>
   </div>
   <div class='ocr_carea' id='block_1_43' title="bbox 528 2620 2119 2691">
    <p class='ocr_par' dir='ltr' id='par_1_43' title="bbox 528 2620 2119 2691">
     <span class='ocr_line' id='line_1_43' title="bbox 528 2620 2119 2691; baseline 0.001 -17"><span class='ocrx_word' id='word_1_301' title='bbox 528 2621 787 2691; x_wconf 73' lang='lat' dir='ltr'><strong>princeps</strong></span> <span class='ocrx_word' id='word_1_302' title='bbox 817 2623 897 2677; x_wconf 90' lang='lat' dir='ltr'><strong>eis</strong></span> <span class='ocrx_word' id='word_1_303' title='bbox 930 2622 983 2675; x_wconf 91' lang='lat' dir='ltr'><strong>in</strong></span> <span class='ocrx_word' id='word_1_304' title='bbox 1023 2630 1256 2676; x_wconf 85' lang='lat' dir='ltr'><strong>mentem</strong></span> <span class='ocrx_word' id='word_1_305' title='bbox 1307 2629 1612 2685; x_wconf 82' lang='lat' dir='ltr'><strong>revocetur,</strong></span> <span class='ocrx_word' id='word_1_306' title='bbox 1654 2620 1749 2691; x_wconf 91' lang='lat' dir='ltr'><strong>qui</strong></span> <span class='ocrx_word' id='word_1_307' title='bbox 1782 2622 1901 2690; x_wconf 89' lang='lat' dir='ltr'><strong>jam</strong></span> <span class='ocrx_word' id='word_1_308' title='bbox 1933 2622 1987 2674; x_wconf 89' lang='lat' dir='ltr'><strong>in</strong></span> <span class='ocrx_word' id='word_1_309' title='bbox 2022 2638 2119 2675; x_wconf 86' lang='lat' dir='ltr'><strong>cu-</strong></span> 
     </span>
    </p>
   </div>
   <div class='ocr_carea' id='block_1_44' title="bbox 528 2714 2117 2788">
    <p class='ocr_par' dir='ltr' id='par_1_44' title="bbox 528 2714 2117 2788">
     <span class='ocr_line' id='line_1_44' title="bbox 528 2714 2117 2788; baseline 0.002 -20"><span class='ocrx_word' id='word_1_310' title='bbox 528 2714 760 2768; x_wconf 83' lang='lat' dir='ltr'><strong>stodiam</strong></span> <span class='ocrx_word' id='word_1_311' title='bbox 793 2724 907 2768; x_wconf 86' lang='lat' dir='ltr'><strong>erat</strong></span> <span class='ocrx_word' id='word_1_312' title='bbox 941 2714 1227 2782; x_wconf 86' lang='lat' dir='ltr'><strong>conjectus,</strong></span> <span class='ocrx_word' id='word_1_313' title='bbox 1272 2724 1322 2768; x_wconf 87' lang='lat' dir='ltr'><strong>et</strong></span> <span class='ocrx_word' id='word_1_314' title='bbox 1372 2716 1603 2769; x_wconf 86' lang='lat' dir='ltr'><strong>traditus</strong></span> <span class='ocrx_word' id='word_1_315' title='bbox 1647 2725 1878 2787; x_wconf 86' lang='lat' dir='ltr'><strong>quatuor</strong></span> <span class='ocrx_word' id='word_1_316' title='bbox 1901 2727 2117 2788; x_wconf 86' lang='lat' dir='ltr'><strong>quater-</strong></span> 
     </span>
    </p>
   </div>
   <div class='ocr_carea' id='block_1_45' title="bbox 528 2804 2115 2878">
    <p class='ocr_par' dir='ltr' id='par_1_45' title="bbox 528 2804 2115 2878">
     <span class='ocr_line' id='line_1_45' title="bbox 528 2804 2115 2878; baseline 0.003 -19"><span class='ocrx_word' id='word_1_317' title='bbox 528 2805 776 2859; x_wconf 85' lang='lat' dir='ltr'><strong>nionibus</strong></span> <span class='ocrx_word' id='word_1_318' title='bbox 825 2804 1054 2859; x_wconf 90' lang='lat' dir='ltr'><strong>militum</strong></span> <span class='ocrx_word' id='word_1_319' title='bbox 1098 2806 1168 2859; x_wconf 89' lang='lat' dir='ltr'><strong>ad</strong></span> <span class='ocrx_word' id='word_1_320' title='bbox 1211 2823 1330 2859; x_wconf 91' lang='lat' dir='ltr'><strong>eum</strong></span> <span class='ocrx_word' id='word_1_321' title='bbox 1378 2808 1695 2861; x_wconf 87' lang='lat' dir='ltr'><strong>servandum</strong></span> <span class='ocrx_word' id='word_1_322' title='bbox 1733 2808 1777 2838; x_wconf 78' lang='lat'>“</span> <span class='ocrx_word' id='word_1_323' title='bbox 1808 2827 1821 2861; x_wconf 87' lang='lat'><strong>:</strong></span> <span class='ocrx_word' id='word_1_324' title='bbox 1856 2809 1948 2878; x_wconf 89' lang='lat' dir='ltr'><strong>qui</strong></span> <span class='ocrx_word' id='word_1_325' title='bbox 1991 2824 2115 2865; x_wconf 92' lang='lat' dir='ltr'><strong>cum</strong></span> 
     </span>
    </p>
   </div>
   <div class='ocr_carea' id='block_1_46' title="bbox 527 2896 2119 2968">
    <p class='ocr_par' dir='ltr' id='par_1_46' title="bbox 527 2896 2119 2968">
     <span class='ocr_line' id='line_1_46' title="bbox 527 2896 2119 2968; baseline 0.002 -16"><span class='ocrx_word' id='word_1_326' title='bbox 527 2908 695 2952; x_wconf 85' lang='lat' dir='ltr'><strong>noctu</strong></span> <span class='ocrx_word' id='word_1_327' title='bbox 733 2896 981 2968; x_wconf 77' lang='lat' dir='ltr'><strong>fugisset,</strong></span> <span class='ocrx_word' id='word_1_328' title='bbox 1011 2906 1066 2952; x_wconf 86' lang='lat' dir='ltr'><strong>et</strong></span> <span class='ocrx_word' id='word_1_329' title='bbox 1095 2912 1157 2951; x_wconf 80' lang='lat' dir='ltr'><strong>ex</strong></span> <span class='ocrx_word' id='word_1_330' title='bbox 1194 2896 1507 2953; x_wconf 73' lang='lat' dir='ltr'><strong>Judaeorum</strong></span> <span class='ocrx_word' id='word_1_331' title='bbox 1544 2914 1707 2953; x_wconf 88' lang='lat' dir='ltr'><strong>manu</strong></span> <span class='ocrx_word' id='word_1_332' title='bbox 1753 2911 2003 2955; x_wconf 85' lang='lat' dir='ltr'><strong>servatus</strong></span> <span class='ocrx_word' id='word_1_333' title='bbox 2030 2915 2119 2955; x_wconf 84' lang='lat' dir='ltr'><strong>es-</strong></span> 
     </span>
    </p>
   </div>
   <div class='ocr_carea' id='block_1_47' title="bbox 529 2986 2115 3059">
    <p class='ocr_par' dir='ltr' id='par_1_47' title="bbox 529 2986 2115 3059">
     <span class='ocr_line' id='line_1_47' title="bbox 529 2986 2115 3059; baseline 0.001 -16"><span class='ocrx_word' id='word_1_334' title='bbox 529 2998 635 3055; x_wconf 82' lang='lat' dir='ltr'><strong>set,</strong></span> <span class='ocrx_word' id='word_1_335' title='bbox 662 2987 823 3059; x_wconf 75' lang='lat' dir='ltr'><strong>jussu</strong></span> <span class='ocrx_word' id='word_1_336' title='bbox 867 2988 1046 3056; x_wconf 79' lang='lat' dir='ltr'><strong>angeli</strong></span> <span class='ocrx_word' id='word_1_337' title='bbox 1075 2987 1313 3057; x_wconf 66' lang='lat' dir='ltr'><strong>{Domini</strong></span> <span class='ocrx_word' id='word_1_338' title='bbox 1348 3005 1362 3042; x_wconf 90' lang='lat'><strong>:</strong></span> <span class='ocrx_word' id='word_1_339' title='bbox 1398 2986 1587 3056; x_wconf 87' lang='lat' dir='ltr'><strong>Facto,</strong></span> <span class='ocrx_word' id='word_1_340' title='bbox 1639 2990 1837 3059; x_wconf 87' lang='lat' dir='ltr'><strong>inquit,</strong></span> <span class='ocrx_word' id='word_1_341' title='bbox 1868 2991 1951 3044; x_wconf 86' lang='lat' dir='ltr'><strong>die</strong></span> <span class='ocrx_word' id='word_1_342' title='bbox 1999 3002 2115 3045; x_wconf 89' lang='lat' dir='ltr'><strong>erat</strong></span> 
     </span>
    </p>
   </div>
   <div class='ocr_carea' id='block_1_48' title="bbox 526 3080 2114 3152">
    <p class='ocr_par' dir='ltr' id='par_1_48' title="bbox 526 3080 2114 3152">
     <span class='ocr_line' id='line_1_48' title="bbox 526 3080 2114 3152; baseline 0.003 -19"><span class='ocrx_word' id='word_1_343' title='bbox 526 3096 633 3133; x_wconf 87' lang='lat' dir='ltr'><strong>non</strong></span> <span class='ocrx_word' id='word_1_344' title='bbox 674 3096 866 3149; x_wconf 81' lang='lat' dir='ltr'><strong>paruus</strong></span> <span class='ocrx_word' id='word_1_345' title='bbox 914 3080 1173 3134; x_wconf 85' lang='lat' dir='ltr'><strong>tumultus</strong></span> <span class='ocrx_word' id='word_1_346' title='bbox 1212 3082 1348 3134; x_wconf 88' lang='lat' dir='ltr'><strong>inter</strong></span> <span class='ocrx_word' id='word_1_347' title='bbox 1382 3082 1597 3147; x_wconf 85' lang='lat' dir='ltr'><strong>milites,</strong></span> <span class='ocrx_word' id='word_1_348' title='bbox 1629 3082 1882 3152; x_wconf 83' lang='lat' dir='ltr'><strong>quidnam</strong></span> <span class='ocrx_word' id='word_1_349' title='bbox 1912 3086 2114 3151; x_wconf 86' lang='lat' dir='ltr'><strong>factum</strong></span> 
     </span>
    </p>
   </div>
   <div class='ocr_carea' id='block_1_49' title="bbox 526 3168 2115 3241">
    <p class='ocr_par' dir='ltr' id='par_1_49' title="bbox 526 3168 2115 3241">
     <span class='ocr_line' id='line_1_49' title="bbox 526 3168 2115 3241; baseline 0.003 -18"><span class='ocrx_word' id='word_1_350' title='bbox 526 3178 661 3224; x_wconf 75' lang='lat' dir='ltr'><strong>esset</strong></span> <span class='ocrx_word' id='word_1_351' title='bbox 707 3168 886 3223; x_wconf 88' lang='lat' dir='ltr'><strong>Petro.</strong></span> <span class='ocrx_word' id='word_1_352' title='bbox 916 3168 1154 3223; x_wconf 80' lang='lat' dir='ltr'><strong>Herodes</strong></span> <span class='ocrx_word' id='word_1_353' title='bbox 1189 3179 1362 3223; x_wconf 87' lang='lat' dir='ltr'><strong>autem</strong></span> <span class='ocrx_word' id='word_1_354' title='bbox 1393 3187 1511 3224; x_wconf 85' lang='lat' dir='ltr'><strong>cum</strong></span> <span class='ocrx_word' id='word_1_355' title='bbox 1541 3186 1660 3224; x_wconf 88' lang='lat' dir='ltr'><strong>eum</strong></span> <span class='ocrx_word' id='word_1_356' title='bbox 1689 3173 2037 3241; x_wconf 74' lang='lat' dir='ltr'><strong>quwsirisset,</strong></span> <span class='ocrx_word' id='word_1_357' title='bbox 2066 3185 2115 3228; x_wconf 88' lang='lat' dir='ltr'><strong>et</strong></span> 
     </span>
    </p>
   </div>
   <div class='ocr_carea' id='block_1_50' title="bbox 525 3260 2117 3333">
    <p class='ocr_par' dir='ltr' id='par_1_50' title="bbox 525 3260 2117 3333">
     <span class='ocr_line' id='line_1_50' title="bbox 525 3260 2117 3333; baseline 0.003 -21"><span class='ocrx_word' id='word_1_358' title='bbox 525 3276 632 3313; x_wconf 86' lang='lat' dir='ltr'><strong>non</strong></span> <span class='ocrx_word' id='word_1_359' title='bbox 675 3260 989 3324; x_wconf 85' lang='lat' dir='ltr'><strong>invenisset,</strong></span> <span class='ocrx_word' id='word_1_360' title='bbox 1042 3260 1396 3329; x_wconf 81' lang='lat' dir='ltr'><strong>interrogatos</strong></span> <span class='ocrx_word' id='word_1_361' title='bbox 1458 3260 1699 3315; x_wconf 84' lang='lat' dir='ltr'><strong>custodes</strong></span> <span class='ocrx_word' id='word_1_362' title='bbox 1737 3261 1901 3330; x_wconf 85' lang='lat' dir='ltr'><strong>jussit</strong></span> <span class='ocrx_word' id='word_1_363' title='bbox 1947 3264 2117 3333; x_wconf 83' lang='lat' dir='ltr'><strong>suffo-</strong></span> 
     </span>
    </p>
   </div>
   <div class='ocr_carea' id='block_1_51' title="bbox 525 3351 2119 3429">
    <p class='ocr_par' dir='ltr' id='par_1_51' title="bbox 525 3351 2119 3429">
     <span class='ocr_line' id='line_1_51' title="bbox 525 3351 2119 3429; baseline 0.005 -24"><span class='ocrx_word' id='word_1_364' title='bbox 525 3353 645 3405; x_wconf 87' lang='lat' dir='ltr'><strong>cari</strong></span> <span class='ocrx_word' id='word_1_365' title='bbox 676 3351 743 3418; x_wconf 75' lang='grc' dir='ltr'><em>δ’,</em></span> <span class='ocrx_word' id='word_1_366' title='bbox 771 3362 991 3421; x_wconf 84' lang='lat' dir='ltr'><strong>propter</strong></span> <span class='ocrx_word' id='word_1_367' title='bbox 1014 3366 1155 3421; x_wconf 87' lang='lat' dir='ltr'><strong>quos</strong></span> <span class='ocrx_word' id='word_1_368' title='bbox 1189 3352 1336 3406; x_wconf 89' lang='lat' dir='ltr'><strong>nulla</strong></span> <span class='ocrx_word' id='word_1_369' title='bbox 1370 3355 1529 3429; x_wconf 82' lang='lat' dir='ltr'><strong>culpa</strong></span> <span class='ocrx_word' id='word_1_370' title='bbox 1565 3354 1617 3408; x_wconf 90' lang='lat' dir='ltr'><strong>in</strong></span> <span class='ocrx_word' id='word_1_371' title='bbox 1648 3354 1868 3410; x_wconf 89' lang='lat' dir='ltr'><strong>Petrum</strong></span> <span class='ocrx_word' id='word_1_372' title='bbox 1899 3357 2119 3413; x_wconf 83' lang='lat' dir='ltr'><strong>confer-</strong></span> 
     </span>
    </p>
   </div>
   <div class='ocr_carea' id='block_1_52' title="bbox 530 3443 2120 3515">
    <p class='ocr_par' dir='ltr' id='par_1_52' title="bbox 530 3443 2120 3515">
     <span class='ocr_line' id='line_1_52' title="bbox 530 3443 2120 3515; baseline 0.003 -17"><span class='ocrx_word' id='word_1_373' title='bbox 530 3453 619 3498; x_wconf 83' lang='lat' dir='ltr'><strong>tur</strong></span> <span class='ocrx_word' id='word_1_374' title='bbox 651 3462 663 3497; x_wconf 87' lang='lat'><strong>:</strong></span> <span class='ocrx_word' id='word_1_375' title='bbox 694 3443 891 3499; x_wconf 86' lang='lat' dir='ltr'><strong>licebat</strong></span> <span class='ocrx_word' id='word_1_376' title='bbox 918 3444 1061 3499; x_wconf 89' lang='lat' dir='ltr'><strong>enim</strong></span> <span class='ocrx_word' id='word_1_377' title='bbox 1098 3444 1179 3498; x_wconf 88' lang='lat' dir='ltr'><strong>eis</strong></span> <span class='ocrx_word' id='word_1_378' title='bbox 1224 3445 1318 3498; x_wconf 89' lang='lat' dir='ltr'><strong>illo</strong></span> <span class='ocrx_word' id='word_1_379' title='bbox 1359 3445 1478 3499; x_wconf 92' lang='lat' dir='ltr'><strong>viso</strong></span> <span class='ocrx_word' id='word_1_380' title='bbox 1505 3446 1646 3515; x_wconf 92' lang='lat' dir='ltr'><strong>quod</strong></span> <span class='ocrx_word' id='word_1_381' title='bbox 1691 3447 1895 3503; x_wconf 88' lang='lat' dir='ltr'><strong>factum</strong></span> <span class='ocrx_word' id='word_1_382' title='bbox 1942 3449 2120 3505; x_wconf 85' lang='lat' dir='ltr'><strong>fuerat</strong></span> 
     </span>
    </p>
   </div>
   <div class='ocr_carea' id='block_1_53' title="bbox 532 3535 2121 3610">
    <p class='ocr_par' dir='ltr' id='par_1_53' title="bbox 532 3535 2121 3610">
     <span class='ocr_line' id='line_1_53' title="bbox 532 3535 2121 3610; baseline 0.004 -22"><span class='ocrx_word' id='word_1_383' title='bbox 532 3535 797 3606; x_wconf 69' lang='lat' dir='ltr'><strong>effugere;</strong></span> <span class='ocrx_word' id='word_1_384' title='bbox 829 3536 970 3591; x_wconf 87' lang='lat' dir='ltr'><strong>sicut</strong></span> <span class='ocrx_word' id='word_1_385' title='bbox 1002 3545 1057 3591; x_wconf 89' lang='lat' dir='ltr'><strong>et</strong></span> <span class='ocrx_word' id='word_1_386' title='bbox 1091 3553 1283 3592; x_wconf 90' lang='lat' dir='ltr'><strong>omnes</strong></span> <span class='ocrx_word' id='word_1_387' title='bbox 1312 3538 1545 3594; x_wconf 76' lang='lat' dir='ltr'><strong>infantes</strong></span> <span class='ocrx_word' id='word_1_388' title='bbox 1572 3541 1665 3610; x_wconf 90' lang='lat' dir='ltr'><strong>qui</strong></span> <span class='ocrx_word' id='word_1_389' title='bbox 1693 3551 1847 3595; x_wconf 87' lang='lat' dir='ltr'><strong>erant</strong></span> <span class='ocrx_word' id='word_1_390' title='bbox 1875 3542 1927 3595; x_wconf 90' lang='lat' dir='ltr'><strong>in</strong></span> <span class='ocrx_word' id='word_1_391' title='bbox 1957 3541 2121 3597; x_wconf 80' lang='lat' dir='ltr'><strong>Beth-</strong></span> 
     </span>
    </p>
   </div>
   <div class='ocr_carea' id='block_1_54' title="bbox 498 3630 2123 3703">
    <p class='ocr_par' dir='ltr' id='par_1_54' title="bbox 498 3630 2123 3703">
     <span class='ocr_line' id='line_1_54' title="bbox 498 3630 2123 3703; baseline 0.005 -20"><span class='ocrx_word' id='word_1_392' title='bbox 498 3631 706 3685; x_wconf 10' lang='lat' dir='ltr'><strong>alt-hem</strong></span> <span class='ocrx_word' id='word_1_393' title='bbox 730 3632 777 3663; x_wconf 75' lang='lat'>“</span> <span class='ocrx_word' id='word_1_394' title='bbox 815 3638 871 3685; x_wconf 90' lang='lat' dir='ltr'><strong>et</strong></span> <span class='ocrx_word' id='word_1_395' title='bbox 914 3630 970 3685; x_wconf 92' lang='lat' dir='ltr'><strong>in</strong></span> <span class='ocrx_word' id='word_1_396' title='bbox 1014 3631 1273 3687; x_wconf 89' lang='lat' dir='ltr'><strong>omnibus</strong></span> <span class='ocrx_word' id='word_1_397' title='bbox 1320 3632 1440 3703; x_wconf 87' lang='lat' dir='ltr'><strong>ejus</strong></span> <span class='ocrx_word' id='word_1_398' title='bbox 1483 3633 1701 3697; x_wconf 76' lang='lat' dir='ltr'><strong>finibus,</strong></span> <span class='ocrx_word' id='word_1_399' title='bbox 1740 3633 1786 3687; x_wconf 92' lang='lat' dir='ltr'><strong>si</strong></span> <span class='ocrx_word' id='word_1_400' title='bbox 1831 3634 2123 3691; x_wconf 89' lang='lat' dir='ltr'><strong>scivissent</strong></span> 
     </span>
    </p>
   </div>
   <div class='ocr_carea' id='block_1_55' title="bbox 527 3723 2123 3795">
    <p class='ocr_par' dir='ltr' id='par_1_55' title="bbox 527 3723 2123 3795">
     <span class='ocr_line' id='line_1_55' title="bbox 527 3723 2123 3795; baseline 0.005 -22"><span class='ocrx_word' id='word_1_401' title='bbox 527 3738 718 3777; x_wconf 69' lang='lat' dir='ltr'><strong>rerum</strong></span> <span class='ocrx_word' id='word_1_402' title='bbox 754 3730 1011 3791; x_wconf 87' lang='lat' dir='ltr'><strong>parentes</strong></span> <span class='ocrx_word' id='word_1_403' title='bbox 1044 3723 1189 3792; x_wconf 90' lang='lat' dir='ltr'><strong>quod</strong></span> <span class='ocrx_word' id='word_1_404' title='bbox 1237 3732 1356 3777; x_wconf 89' lang='lat' dir='ltr'><strong>erat</strong></span> <span class='ocrx_word' id='word_1_405' title='bbox 1388 3723 1634 3779; x_wconf 90' lang='lat' dir='ltr'><strong>futurum</strong></span> <span class='ocrx_word' id='word_1_406' title='bbox 1673 3744 1685 3779; x_wconf 93' lang='lat'><strong>:</strong></span> <span class='ocrx_word' id='word_1_407' title='bbox 1719 3726 1817 3795; x_wconf 85' lang='lat' dir='ltr'><strong>qui</strong></span> <span class='ocrx_word' id='word_1_408' title='bbox 1849 3741 1879 3779; x_wconf 77' lang='grc' dir='ltr'><strong>ιι</strong></span> <span class='ocrx_word' id='word_1_409' title='bbox 1913 3727 2123 3781; x_wconf 89' lang='lat' dir='ltr'><strong>crudeli</strong></span> 
     </span>
    </p>
   </div>
   <div class='ocr_carea' id='block_1_56' title="bbox 528 3811 2122 3884">
    <p class='ocr_par' dir='ltr' id='par_1_56' title="bbox 528 3811 2122 3884">
     <span class='ocr_line' id='line_1_56' title="bbox 528 3811 2122 3884; baseline 0.003 -17"><span class='ocrx_word' id='word_1_410' title='bbox 528 3812 803 3867; x_wconf 84' lang='lat' dir='ltr'><strong>homicida</strong></span> <span class='ocrx_word' id='word_1_411' title='bbox 844 3811 1055 3867; x_wconf 85' lang='lat' dir='ltr'><strong>Herode</strong></span> <span class='ocrx_word' id='word_1_412' title='bbox 1093 3813 1292 3868; x_wconf 84' lang='lat' dir='ltr'><strong>sublati</strong></span> <span class='ocrx_word' id='word_1_413' title='bbox 1341 3825 1488 3877; x_wconf 90' lang='lat' dir='ltr'><strong>sunt,</strong></span> <span class='ocrx_word' id='word_1_414' title='bbox 1523 3824 1581 3868; x_wconf 91' lang='lat' dir='ltr'><strong>ut</strong></span> <span class='ocrx_word' id='word_1_415' title='bbox 1626 3831 1769 3871; x_wconf 89' lang='lat' dir='ltr'><strong>unus</strong></span> <span class='ocrx_word' id='word_1_416' title='bbox 1813 3818 1906 3884; x_wconf 92' lang='lat' dir='ltr'><strong>qui</strong></span> <span class='ocrx_word' id='word_1_417' title='bbox 1940 3817 2007 3871; x_wconf 89' lang='lat' dir='ltr'><strong>ab</strong></span> <span class='ocrx_word' id='word_1_418' title='bbox 2055 3833 2122 3873; x_wconf 88' lang='lat' dir='ltr'><strong>eo</strong></span> 
     </span>
    </p>
   </div>
   <div class='ocr_carea' id='block_1_57' title="bbox 528 3907 2121 3981">
    <p class='ocr_par' dir='ltr' id='par_1_57' title="bbox 528 3907 2121 3981">
     <span class='ocr_line' id='line_1_57' title="bbox 528 3907 2121 3981; baseline 0.004 -22"><span class='ocrx_word' id='word_1_419' title='bbox 528 3907 874 3971; x_wconf 69' lang='lat' dir='ltr'><strong>qumrehatur</strong></span> <span class='ocrx_word' id='word_1_420' title='bbox 920 3908 1100 3961; x_wconf 80' lang='lat' dir='ltr'><strong>infans</strong></span> <span class='ocrx_word' id='word_1_421' title='bbox 1149 3908 1371 3977; x_wconf 85' lang='lat' dir='ltr'><strong>periret,</strong></span> <span class='ocrx_word' id='word_1_422' title='bbox 1404 3908 1495 3977; x_wconf 91' lang='lat' dir='ltr'><strong>qui</strong></span> <span class='ocrx_word' id='word_1_423' title='bbox 1533 3918 1586 3963; x_wconf 89' lang='lat' dir='ltr'><strong>et</strong></span> <span class='ocrx_word' id='word_1_424' title='bbox 1612 3909 1729 3979; x_wconf 89' lang='lat' dir='ltr'><strong>ipse</strong></span> <span class='ocrx_word' id='word_1_425' title='bbox 1756 3910 1915 3978; x_wconf 88' lang='lat' dir='ltr'><strong>jussu</strong></span> <span class='ocrx_word' id='word_1_426' title='bbox 1946 3912 2121 3981; x_wconf 80' lang='lat' dir='ltr'><strong>angeli</strong></span> 
     </span>
    </p>
   </div>
   <div class='ocr_carea' id='block_1_58' title="bbox 530 3998 2123 4072">
    <p class='ocr_par' dir='ltr' id='par_1_58' title="bbox 530 3998 2123 4072">
     <span class='ocr_line' id='line_1_58' title="bbox 530 3998 2123 4072; baseline 0.006 -21"><span class='ocrx_word' id='word_1_427' title='bbox 530 4000 625 4053; x_wconf 66' lang='lat' dir='ltr'><strong>Hei</strong></span> <span class='ocrx_word' id='word_1_428' title='bbox 670 3998 878 4069; x_wconf 79' lang='lat' dir='ltr'><strong>cffugit,</strong></span> <span class='ocrx_word' id='word_1_429' title='bbox 915 4000 1010 4068; x_wconf 88' lang='lat' dir='ltr'><strong>qui</strong></span> <span class='ocrx_word' id='word_1_430' title='bbox 1042 4000 1294 4054; x_wconf 59' lang='lat' dir='ltr'><strong>celeriter</strong></span> <span class='ocrx_word' id='word_1_431' title='bbox 1332 4000 1444 4070; x_wconf 89' lang='lat' dir='ltr'><strong>jam</strong></span> <span class='ocrx_word' id='word_1_432' title='bbox 1482 4013 1724 4072; x_wconf 59' lang='lat' dir='ltr'><strong>coeperat</strong></span> <span class='ocrx_word' id='word_1_433' title='bbox 1768 4005 1939 4071; x_wconf 80' lang='lat' dir='ltr'><strong>spolia</strong></span> <span class='ocrx_word' id='word_1_434' title='bbox 1973 4006 2123 4060; x_wconf 88' lang='lat' dir='ltr'><strong>acci-</strong></span> 
     </span>
    </p>
   </div>
   <div class='ocr_carea' id='block_1_59' title="bbox 530 4091 2122 4163">
    <p class='ocr_par' dir='ltr' id='par_1_59' title="bbox 530 4091 2122 4163">
     <span class='ocr_line' id='line_1_59' title="bbox 530 4091 2122 4163; baseline 0.005 -22"><span class='ocrx_word' id='word_1_435' title='bbox 530 4106 679 4160; x_wconf 82' lang='lat' dir='ltr'><strong>pere,</strong></span> <span class='ocrx_word' id='word_1_436' title='bbox 715 4099 769 4144; x_wconf 91' lang='lat' dir='ltr'><strong>et</strong></span> <span class='ocrx_word' id='word_1_437' title='bbox 800 4091 1001 4147; x_wconf 86' lang='lat' dir='ltr'><strong>acriter</strong></span> <span class='ocrx_word' id='word_1_438' title='bbox 1050 4105 1407 4160; x_wconf 66' lang='lat' dir='ltr'><strong>pt&#39;azpascere,</strong></span> <span class='ocrx_word' id='word_1_439' title='bbox 1459 4093 1760 4147; x_wconf 88' lang='lat' dir='ltr'><strong>secundum</strong></span> <span class='ocrx_word' id='word_1_440' title='bbox 1803 4094 2122 4163; x_wconf 78' lang='lat' dir='ltr'><strong>appellatio-</strong></span> 
     </span>
    </p>
   </div>
   <div class='ocr_carea' id='block_1_60' title="bbox 535 4182 2125 4254">
    <p class='ocr_par' dir='ltr' id='par_1_60' title="bbox 535 4182 2125 4254">
     <span class='ocr_line' id='line_1_60' title="bbox 535 4182 2125 4254; baseline 0.004 -22"><span class='ocrx_word' id='word_1_441' title='bbox 535 4197 656 4235; x_wconf 75' lang='lat' dir='ltr'><strong>nem</strong></span> <span class='ocrx_word' id='word_1_442' title='bbox 683 4182 943 4247; x_wconf 88' lang='lat' dir='ltr'><strong>nominis,</strong></span> <span class='ocrx_word' id='word_1_443' title='bbox 1006 4182 1469 4251; x_wconf 86' lang='lat' dir='ltr'><strong>quemadmodum</strong></span> <span class='ocrx_word' id='word_1_444' title='bbox 1526 4184 1792 4254; x_wconf 90' lang='lat' dir='ltr'><strong>scriptum</strong></span> <span class='ocrx_word' id='word_1_445' title='bbox 1824 4197 1905 4240; x_wconf 79' lang='grc' dir='ltr'><strong>ρει</strong></span> <span class='ocrx_word' id='word_1_446' title='bbox 1934 4204 1946 4240; x_wconf 92' lang='lat'><strong>:</strong></span> <span class='ocrx_word' id='word_1_447' title='bbox 1983 4184 2125 4239; x_wconf 83' lang='lat' dir='ltr'><strong>Voca</strong></span> 
     </span>
    </p>
   </div>
   <div class='ocr_carea' id='block_1_61' title="bbox 527 4274 2121 4346">
    <p class='ocr_par' dir='ltr' id='par_1_61' title="bbox 527 4274 2121 4346">
     <span class='ocr_line' id='line_1_61' title="bbox 527 4274 2121 4346; baseline 0.006 -21"><span class='ocrx_word' id='word_1_448' title='bbox 527 4289 713 4327; x_wconf 81' lang='lat' dir='ltr'><strong>nomen</strong></span> <span class='ocrx_word' id='word_1_449' title='bbox 744 4274 881 4342; x_wconf 86' lang='lat' dir='ltr'><strong>ejus,</strong></span> <span class='ocrx_word' id='word_1_450' title='bbox 929 4276 1169 4329; x_wconf 87' lang='lat' dir='ltr'><strong>celeriter</strong></span> <span class='ocrx_word' id='word_1_451' title='bbox 1196 4275 1389 4344; x_wconf 87' lang='lat' dir='ltr'><strong>spolia,</strong></span> <span class='ocrx_word' id='word_1_452' title='bbox 1424 4276 1671 4330; x_wconf 81' lang='lat' dir='ltr'><strong>velociter</strong></span> <span class='ocrx_word' id='word_1_453' title='bbox 1699 4278 2035 4346; x_wconf 83' lang='lat' dir='ltr'><strong>depopulare,</strong></span> <span class='ocrx_word' id='word_1_454' title='bbox 2063 4297 2121 4334; x_wconf 84' lang='lat' dir='ltr'><strong>ea</strong></span> 
     </span>
    </p>
   </div>
   <div class='ocr_carea' id='block_1_62' title="bbox 524 4366 2123 4439">
    <p class='ocr_par' dir='ltr' id='par_1_62' title="bbox 524 4366 2123 4439">
     <span class='ocr_line' id='line_1_62' title="bbox 524 4366 2123 4439; baseline 0.004 -20"><span class='ocrx_word' id='word_1_455' title='bbox 524 4366 663 4438; x_wconf 85' lang='lat' dir='ltr'><strong>quod</strong></span> <span class='ocrx_word' id='word_1_456' title='bbox 696 4368 1008 4436; x_wconf 85' lang='lat' dir='ltr'><strong>priusquam</strong></span> <span class='ocrx_word' id='word_1_457' title='bbox 1038 4367 1220 4437; x_wconf 80' lang='lat' dir='ltr'><strong>infans</strong></span> <span class='ocrx_word' id='word_1_458' title='bbox 1266 4369 1403 4421; x_wconf 86' lang='lat' dir='ltr'><strong>sciat</strong></span> <span class='ocrx_word' id='word_1_459' title='bbox 1454 4385 1639 4423; x_wconf 87' lang='lat' dir='ltr'><strong>vocare</strong></span> <span class='ocrx_word' id='word_1_460' title='bbox 1677 4380 1882 4439; x_wconf 88' lang='lat' dir='ltr'><strong>patrem</strong></span> <span class='ocrx_word' id='word_1_461' title='bbox 1915 4381 1965 4425; x_wconf 87' lang='lat' dir='ltr'><strong>et</strong></span> <span class='ocrx_word' id='word_1_462' title='bbox 2006 4389 2123 4425; x_wconf 84' lang='lat' dir='ltr'><strong>ma-</strong></span> 
     </span>
    </p>
   </div>
   <div class='ocr_carea' id='block_1_63' title="bbox 526 4459 2121 4531">
    <p class='ocr_par' dir='ltr' id='par_1_63' title="bbox 526 4459 2121 4531">
     <span class='ocr_line' id='line_1_63' title="bbox 526 4459 2121 4531; baseline 0.005 -21"><span class='ocrx_word' id='word_1_463' title='bbox 526 4471 679 4521; x_wconf 71' lang='lat' dir='ltr'><strong>trem,</strong></span> <span class='ocrx_word' id='word_1_464' title='bbox 714 4461 884 4527; x_wconf 85' lang='lat' dir='ltr'><strong>capiet</strong></span> <span class='ocrx_word' id='word_1_465' title='bbox 914 4468 1229 4527; x_wconf 83' lang='lat' dir='ltr'><strong>potestatem</strong></span> <span class='ocrx_word' id='word_1_466' title='bbox 1263 4459 1515 4513; x_wconf 85' lang='lat' dir='ltr'><strong>Damasci</strong></span> <span class='ocrx_word' id='word_1_467' title='bbox 1550 4470 1599 4515; x_wconf 90' lang='lat' dir='ltr'><strong>et</strong></span> <span class='ocrx_word' id='word_1_468' title='bbox 1627 4462 1799 4531; x_wconf 80' lang='lat' dir='ltr'><strong>spolia</strong></span> <span class='ocrx_word' id='word_1_469' title='bbox 1836 4460 2121 4531; x_wconf 79' lang='lat' dir='ltr'><strong>Samariw,</strong></span> 
     </span>
    </p>
   </div>
   <div class='ocr_carea' id='block_1_64' title="bbox 2228 1972 3823 2049">
    <p class='ocr_par' dir='ltr' id='par_1_64' title="bbox 2228 1972 3823 2049">
     <span class='ocr_line' id='line_1_64' title="bbox 2228 1972 3823 2049; baseline -0.004 -15"><span class='ocrx_word' id='word_1_470' title='bbox 2228 1980 2397 2034; x_wconf 85' lang='grc' dir='ltr'><em>πολὺν</em></span> <span class='ocrx_word' id='word_1_471' title='bbox 2430 1979 2586 2048; x_wconf 74' lang='grc' dir='ltr'><em>ὄχλον</em></span> <span class='ocrx_word' id='word_1_472' title='bbox 2608 1978 2701 2033; x_wconf 77' lang='grc' dir='ltr'><strong>ἐπὶ</strong></span> <span class='ocrx_word' id='word_1_473' title='bbox 2724 1977 2824 2049; x_wconf 85' lang='grc' dir='ltr'><em>τὴν</em></span> <span class='ocrx_word' id='word_1_474' title='bbox 2854 1976 3192 2043; x_wconf 79' lang='grc' dir='ltr'><em>Θεοσέδειαν,</em></span> <span class='ocrx_word' id='word_1_475' title='bbox 3220 1979 3254 2047; x_wconf 87' lang='grc' dir='ltr'>ἠ</span> <span class='ocrx_word' id='word_1_476' title='bbox 3320 1977 3519 2040; x_wconf 81' lang='grc' dir='ltr'><strong>στάσις</strong></span> <span class='ocrx_word' id='word_1_477' title='bbox 3539 1972 3613 2047; x_wconf 78' lang='grc' dir='ltr'><em>ἦν</em></span> <span class='ocrx_word' id='word_1_478' title='bbox 3663 1991 3823 2045; x_wconf 77' lang='grc' dir='ltr'><em>γενο-</em></span> 
     </span>
    </p>
   </div>
   <div class='ocr_carea' id='block_1_65' title="bbox 2228 2066 3819 2142">
    <p class='ocr_par' dir='ltr' id='par_1_65' title="bbox 2228 2066 3819 2142">
     <span class='ocr_line' id='line_1_65' title="bbox 2228 2066 3819 2142; baseline -0.003 -18"><span class='ocrx_word' id='word_1_479' title='bbox 2228 2072 2388 2142; x_wconf 84' lang='grc' dir='ltr'><em>μένη,</em></span> <span class='ocrx_word' id='word_1_480' title='bbox 2419 2072 2514 2123; x_wconf 74' lang='grc' dir='ltr'><strong>καὶ</strong></span> <span class='ocrx_word' id='word_1_481' title='bbox 2571 2071 2681 2124; x_wconf 85' lang='grc' dir='ltr'><strong>οὐκ</strong></span> <span class='ocrx_word' id='word_1_482' title='bbox 2709 2069 2851 2123; x_wconf 76' lang='grc' dir='ltr'><em>εἴων</em></span> <span class='ocrx_word' id='word_1_483' title='bbox 2877 2070 3066 2123; x_wconf 83' lang='grc' dir='ltr'><em>αὑτὸν</em></span> <span class='ocrx_word' id='word_1_484' title='bbox 3087 2071 3141 2123; x_wconf 89' lang='lat' dir='ltr'><strong>ol</strong></span> <span class='ocrx_word' id='word_1_485' title='bbox 3157 2070 3443 2139; x_wconf 75' lang='grc' dir='ltr'><em>μαθηταὶ,</em></span> <span class='ocrx_word' id='word_1_486' title='bbox 3508 2067 3692 2139; x_wconf 75' lang='grc' dir='ltr'><em>φησιν</em></span> <span class='ocrx_word' id='word_1_487' title='bbox 3711 2082 3726 2096; x_wconf 74' lang='grc'><strong>⁸</strong></span> <span class='ocrx_word' id='word_1_488' title='bbox 3760 2066 3819 2119; x_wconf 84' lang='grc' dir='ltr'><em>οὐ</em></span> 
     </span>
    </p>
   </div>
   <div class='ocr_carea' id='block_1_66' title="bbox 2230 2158 3823 2233">
    <p class='ocr_par' dir='ltr' id='par_1_66' title="bbox 2230 2158 3823 2233">
     <span class='ocr_line' id='line_1_66' title="bbox 2230 2158 3823 2233; baseline -0.002 -18"><span class='ocrx_word' id='word_1_489' title='bbox 2230 2162 2337 2233; x_wconf 86' lang='grc' dir='ltr'><em>μὴν</em></span> <span class='ocrx_word' id='word_1_490' title='bbox 2361 2162 2497 2216; x_wconf 80' lang='grc' dir='ltr'><strong>ἀλλὰ</strong></span> <span class='ocrx_word' id='word_1_491' title='bbox 2524 2162 2617 2217; x_wconf 83' lang='grc' dir='ltr'><em>καί</em></span> <span class='ocrx_word' id='word_1_492' title='bbox 2644 2178 2791 2224; x_wconf 84' lang='grc' dir='ltr'><em>τινες</em></span> <span class='ocrx_word' id='word_1_493' title='bbox 2824 2160 2932 2213; x_wconf 85' lang='grc' dir='ltr'><strong>τῶν</strong></span> <span class='ocrx_word' id='word_1_494' title='bbox 2956 2160 3255 2231; x_wconf 84' lang='grc' dir='ltr'><em>ἁσιαρχῶν,</em></span> <span class='ocrx_word' id='word_1_495' title='bbox 3318 2160 3473 2225; x_wconf 70' lang='grc' dir='ltr'><em>ὄντες</em></span> <span class='ocrx_word' id='word_1_496' title='bbox 3514 2159 3687 2214; x_wconf 80' lang='grc' dir='ltr'><em>αὐτοῦ</em></span> <span class='ocrx_word' id='word_1_497' title='bbox 3738 2158 3823 2226; x_wconf 81' lang='grc' dir='ltr'><strong>φε-</strong></span> 
     </span>
    </p>
   </div>
   <div class='ocr_carea' id='block_1_67' title="bbox 2226 2251 3820 2326">
    <p class='ocr_par' dir='ltr' id='par_1_67' title="bbox 2226 2251 3820 2326">
     <span class='ocr_line' id='line_1_67' title="bbox 2226 2251 3820 2326; baseline 0 -17"><span class='ocrx_word' id='word_1_498' title='bbox 2226 2257 2329 2319; x_wconf 89' lang='grc' dir='ltr'><em>λοι,</em></span> <span class='ocrx_word' id='word_1_499' title='bbox 2362 2254 2677 2326; x_wconf 76' lang='grc' dir='ltr'><strong>πέμψαντες</strong></span> <span class='ocrx_word' id='word_1_500' title='bbox 2722 2255 2859 2325; x_wconf 83' lang='grc' dir='ltr'><em>πρὸς</em></span> <span class='ocrx_word' id='word_1_501' title='bbox 2889 2254 3052 2308; x_wconf 82' lang='grc' dir='ltr'><em>αὐτὸν</em></span> <span class='ocrx_word' id='word_1_502' title='bbox 3092 2254 3441 2325; x_wconf 80' lang='grc' dir='ltr'><em>παρεκάλουν</em></span> <span class='ocrx_word' id='word_1_503' title='bbox 3507 2252 3587 2323; x_wconf 83' lang='grc' dir='ltr'><em>μὴ</em></span> <span class='ocrx_word' id='word_1_504' title='bbox 3639 2251 3820 2309; x_wconf 79' lang='grc' dir='ltr'><em>δοῦναι</em></span> 
     </span>
    </p>
   </div>
   <div class='ocr_carea' id='block_1_68' title="bbox 2227 2344 3824 2415">
    <p class='ocr_par' dir='ltr' id='par_1_68' title="bbox 2227 2344 3824 2415">
     <span class='ocr_line' id='line_1_68' title="bbox 2227 2344 3824 2415; baseline -0.001 -15"><span class='ocrx_word' id='word_1_505' title='bbox 2227 2348 2415 2401; x_wconf 73' lang='grc' dir='ltr'><em>ἑαυτὸν</em></span> <span class='ocrx_word' id='word_1_506' title='bbox 2445 2350 2524 2411; x_wconf 80' lang='grc' dir='ltr'><em>εἰς</em></span> <span class='ocrx_word' id='word_1_507' title='bbox 2558 2347 2616 2399; x_wconf 85' lang='grc' dir='ltr'><em>τὸ</em></span> <span class='ocrx_word' id='word_1_508' title='bbox 2640 2346 2867 2415; x_wconf 87' lang='grc' dir='ltr'><em>θέατρον</em></span> <span class='ocrx_word' id='word_1_509' title='bbox 2896 2361 2910 2375; x_wconf 92' lang='grc'><strong>·</strong></span> <span class='ocrx_word' id='word_1_510' title='bbox 2945 2347 2993 2397; x_wconf 77' lang='grc' dir='ltr'><em>εἰ</em></span> <span class='ocrx_word' id='word_1_511' title='bbox 3037 2344 3096 2398; x_wconf 79' lang='grc' dir='ltr'><em>δὲ</em></span> <span class='ocrx_word' id='word_1_512' title='bbox 3139 2346 3457 2415; x_wconf 81' lang='grc' dir='ltr'><em>ὲπιμένοιέν</em></span> <span class='ocrx_word' id='word_1_513' title='bbox 3504 2363 3657 2409; x_wconf 78' lang='grc' dir='ltr'><em>τινες</em></span> <span class='ocrx_word' id='word_1_514' title='bbox 3705 2346 3824 2415; x_wconf 77' lang='grc' dir='ltr'><em>έρε-</em></span> 
     </span>
    </p>
   </div>
   <div class='ocr_carea' id='block_1_69' title="bbox 2228 2433 3822 2508">
    <p class='ocr_par' dir='ltr' id='par_1_69' title="bbox 2228 2433 3822 2508">
     <span class='ocr_line' id='line_1_69' title="bbox 2228 2433 3822 2508; baseline -0.001 -18"><span class='ocrx_word' id='word_1_515' title='bbox 2228 2438 2542 2508; x_wconf 81' lang='grc' dir='ltr'><em>σχελοῦντες</em></span> <span class='ocrx_word' id='word_1_516' title='bbox 2572 2441 2685 2503; x_wconf 78' lang='grc' dir='ltr'><em>τοῖς</em></span> <span class='ocrx_word' id='word_1_517' title='bbox 2716 2440 3021 2504; x_wconf 78' lang='grc' dir='ltr'><strong>εἰλικρινῶς</strong></span> <span class='ocrx_word' id='word_1_518' title='bbox 3052 2439 3402 2508; x_wconf 83' lang='grc' dir='ltr'><em>προσέχουσι,</em></span> <span class='ocrx_word' id='word_1_519' title='bbox 3436 2433 3653 2497; x_wconf 78' lang='grc' dir='ltr'><em>Σώζων</em></span> <span class='ocrx_word' id='word_1_520' title='bbox 3678 2433 3822 2494; x_wconf 72' lang='grc' dir='ltr'><em>σῶζε</em></span> 
     </span>
    </p>
   </div>
   <div class='ocr_carea' id='block_1_70' title="bbox 2225 2528 3821 2603">
    <p class='ocr_par' dir='ltr' id='par_1_70' title="bbox 2225 2528 3821 2603">
     <span class='ocr_line' id='line_1_70' title="bbox 2225 2528 3821 2603; baseline -0.004 -15"><span class='ocrx_word' id='word_1_521' title='bbox 2225 2534 2342 2603; x_wconf 79' lang='grc' dir='ltr'><em>τὴν</em></span> <span class='ocrx_word' id='word_1_522' title='bbox 2356 2534 2619 2591; x_wconf 84' lang='grc' dir='ltr'><em>σεαυτοῦ</em></span> <span class='ocrx_word' id='word_1_523' title='bbox 2640 2532 2873 2603; x_wconf 68' lang='grc' dir='ltr'><em>ψυχὴν,</em></span> <span class='ocrx_word' id='word_1_524' title='bbox 2894 2531 2979 2603; x_wconf 80' lang='grc' dir='ltr'><em>μὴ</em></span> <span class='ocrx_word' id='word_1_525' title='bbox 3010 2530 3343 2601; x_wconf 64' lang='grc' dir='ltr'><em>περιϐλέψῃ</em></span> <span class='ocrx_word' id='word_1_526' title='bbox 3373 2533 3465 2597; x_wconf 77' lang='grc' dir='ltr'><em>εὶς</em></span> <span class='ocrx_word' id='word_1_527' title='bbox 3498 2528 3577 2584; x_wconf 84' lang='grc' dir='ltr'><em>τὰ</em></span> <span class='ocrx_word' id='word_1_528' title='bbox 3605 2529 3821 2592; x_wconf 84' lang='grc' dir='ltr'><em>ὀπίσω,</em></span> 
     </span>
    </p>
   </div>
   <div class='ocr_carea' id='block_1_71' title="bbox 2228 2623 3820 2696">
    <p class='ocr_par' dir='ltr' id='par_1_71' title="bbox 2228 2623 3820 2696">
     <span class='ocr_line' id='line_1_71' title="bbox 2228 2623 3820 2696; baseline -0.004 -16"><span class='ocrx_word' id='word_1_529' title='bbox 2228 2626 2739 2696; x_wconf 79' lang='grc' dir='ltr'><em>ύπομνησθὴτωσαν</em></span> <span class='ocrx_word' id='word_1_530' title='bbox 2765 2625 2862 2679; x_wconf 72' lang='grc' dir='ltr'><strong>καὶ</strong></span> <span class='ocrx_word' id='word_1_531' title='bbox 2883 2624 2977 2678; x_wconf 79' lang='grc' dir='ltr'><strong>τοῦ</strong></span> <span class='ocrx_word' id='word_1_532' title='bbox 3010 2624 3306 2695; x_wconf 81' lang='grc' dir='ltr'><em>προκρίτου</em></span> <span class='ocrx_word' id='word_1_533' title='bbox 3346 2623 3460 2677; x_wconf 83' lang='grc' dir='ltr'><strong>τῶν</strong></span> <span class='ocrx_word' id='word_1_534' title='bbox 3504 2623 3820 2677; x_wconf 82' lang='grc' dir='ltr'><strong>ἀποστόλων</strong></span> 
     </span>
    </p>
   </div>
   <div class='ocr_carea' id='block_1_72' title="bbox 2226 2715 3820 2788">
    <p class='ocr_par' dir='ltr' id='par_1_72' title="bbox 2226 2715 3820 2788">
     <span class='ocr_line' id='line_1_72' title="bbox 2226 2715 3820 2788; baseline -0.003 -17"><span class='ocrx_word' id='word_1_535' title='bbox 2226 2719 2457 2788; x_wconf 84' lang='grc' dir='ltr'><em>Πέτρου,</em></span> <span class='ocrx_word' id='word_1_536' title='bbox 2480 2716 2863 2786; x_wconf 78' lang='grc' dir='ltr'><em>Βεσλημένου</em></span> <span class='ocrx_word' id='word_1_537' title='bbox 2880 2732 2945 2769; x_wconf 90' lang='grc' dir='ltr'><strong>τε</strong></span> <span class='ocrx_word' id='word_1_538' title='bbox 2964 2715 3079 2784; x_wconf 73' lang='grc' dir='ltr'><strong>ἤδη</strong></span> <span class='ocrx_word' id='word_1_539' title='bbox 3096 2718 3183 2781; x_wconf 81' lang='grc' dir='ltr'><em>εις</em></span> <span class='ocrx_word' id='word_1_540' title='bbox 3196 2715 3510 2785; x_wconf 68' lang='grc' dir='ltr'><em>φυλακὴν,</em></span> <span class='ocrx_word' id='word_1_541' title='bbox 3530 2715 3631 2769; x_wconf 80' lang='grc' dir='ltr'><em>καὶ</em></span> <span class='ocrx_word' id='word_1_542' title='bbox 3644 2726 3820 2782; x_wconf 78' lang='grc' dir='ltr'><em>παρσ-</em></span> 
     </span>
    </p>
   </div>
   <div class='ocr_carea' id='block_1_73' title="bbox 2223 2804 3822 2878">
    <p class='ocr_par' dir='ltr' id='par_1_73' title="bbox 2223 2804 3822 2878">
     <span class='ocr_line' id='line_1_73' title="bbox 2223 2804 3822 2878; baseline -0.004 -13"><span class='ocrx_word' id='word_1_543' title='bbox 2223 2810 2505 2876; x_wconf 83' lang='grc' dir='ltr'><em>δοθέντος</em></span> <span class='ocrx_word' id='word_1_544' title='bbox 2517 2809 2813 2878; x_wconf 87' lang='grc' dir='ltr'><em>τέσσαρσι</em></span> <span class='ocrx_word' id='word_1_545' title='bbox 2830 2809 3171 2877; x_wconf 84' lang='grc' dir='ltr'><em>τετραδύοις</em></span> <span class='ocrx_word' id='word_1_546' title='bbox 3182 2805 3571 2876; x_wconf 78' lang='grc' dir='ltr'><em>στρατιωτῶν</em></span> <span class='ocrx_word' id='word_1_547' title='bbox 3591 2804 3822 2876; x_wconf 72' lang='grc' dir='ltr'><em>φυλάσ-</em></span> 
     </span>
    </p>
   </div>
   <div class='ocr_carea' id='block_1_74' title="bbox 2223 2896 3818 2970">
    <p class='ocr_par' dir='ltr' id='par_1_74' title="bbox 2223 2896 3818 2970">
     <span class='ocr_line' id='line_1_74' title="bbox 2223 2896 3818 2970; baseline -0.007 -11"><span class='ocrx_word' id='word_1_548' title='bbox 2223 2922 2358 2959; x_wconf 85' lang='grc' dir='ltr'><em>σειν</em></span> <span class='ocrx_word' id='word_1_549' title='bbox 2383 2904 2571 2958; x_wconf 84' lang='grc' dir='ltr'><em>αῠτόν</em></span> <span class='ocrx_word' id='word_1_550' title='bbox 2597 2919 2609 2935; x_wconf 76' lang='grc'><em>’</em></span> <span class='ocrx_word' id='word_1_551' title='bbox 2639 2896 2701 2955; x_wconf 72' lang='grc' dir='ltr'><em>οὗ</em></span> <span class='ocrx_word' id='word_1_552' title='bbox 2748 2904 2806 2954; x_wconf 83' lang='grc' dir='ltr'><em>ὲν</em></span> <span class='ocrx_word' id='word_1_553' title='bbox 2852 2902 3009 2955; x_wconf 74' lang='grc' dir='ltr'><em>νυκτὶ</em></span> <span class='ocrx_word' id='word_1_554' title='bbox 3032 2901 3295 2970; x_wconf 76' lang='grc' dir='ltr'><strong>φυγόντος</strong></span> <span class='ocrx_word' id='word_1_555' title='bbox 3324 2899 3423 2953; x_wconf 74' lang='grc' dir='ltr'><strong>καὶ</strong></span> <span class='ocrx_word' id='word_1_556' title='bbox 3443 2897 3735 2970; x_wconf 70' lang='grc' dir='ltr'><em>ῥυσθέντας</em></span> <span class='ocrx_word' id='word_1_557' title='bbox 3759 2897 3818 2949; x_wconf 73' lang='grc' dir='ltr'><strong>ἐκ</strong></span> 
     </span>
    </p>
   </div>
   <div class='ocr_carea' id='block_1_75' title="bbox 2222 2989 3815 3071">
    <p class='ocr_par' dir='ltr' id='par_1_75' title="bbox 2222 2989 3815 3071">
     <span class='ocr_line' id='line_1_75' title="bbox 2222 2989 3815 3071; baseline -0.008 -19"><span class='ocrx_word' id='word_1_558' title='bbox 2222 2999 2404 3071; x_wconf 78' lang='grc' dir='ltr'><em>χειρὸς</em></span> <span class='ocrx_word' id='word_1_559' title='bbox 2420 2997 2515 3051; x_wconf 82' lang='grc' dir='ltr'><strong>τοῦ</strong></span> <span class='ocrx_word' id='word_1_560' title='bbox 2540 2995 2810 3065; x_wconf 80' lang='grc' dir='ltr'><em>φονώδους</em></span> <span class='ocrx_word' id='word_1_561' title='bbox 2829 2993 3093 3064; x_wconf 80' lang='grc' dir='ltr'><em>Ἡρώδου,</em></span> <span class='ocrx_word' id='word_1_562' title='bbox 3126 2994 3223 3046; x_wconf 68' lang='grc' dir='ltr'><strong>καὶ</strong></span> <span class='ocrx_word' id='word_1_563' title='bbox 3250 2992 3435 3063; x_wconf 85' lang='grc' dir='ltr'><em>πάσης</em></span> <span class='ocrx_word' id='word_1_564' title='bbox 3467 2992 3569 3063; x_wconf 80' lang='grc' dir='ltr'><em>τῆς</em></span> <span class='ocrx_word' id='word_1_565' title='bbox 3594 2989 3815 3061; x_wconf 83' lang='grc' dir='ltr'><em>προσδο-</em></span> 
     </span>
    </p>
   </div>
   <div class='ocr_carea' id='block_1_76' title="bbox 2224 3078 3816 3154">
    <p class='ocr_par' dir='ltr' id='par_1_76' title="bbox 2224 3078 3816 3154">
     <span class='ocr_line' id='line_1_76' title="bbox 2224 3078 3816 3154; baseline -0.009 -10"><span class='ocrx_word' id='word_1_566' title='bbox 2224 3090 2347 3154; x_wconf 86' lang='grc' dir='ltr'><em>κίας</em></span> <span class='ocrx_word' id='word_1_567' title='bbox 2374 3089 2466 3143; x_wconf 72' lang='grc' dir='ltr'><strong>τοῦ</strong></span> <span class='ocrx_word' id='word_1_568' title='bbox 2485 3087 2618 3141; x_wconf 78' lang='grc' dir='ltr'><em>λαοῦ</em></span> <span class='ocrx_word' id='word_1_569' title='bbox 2634 3085 2743 3139; x_wconf 85' lang='grc' dir='ltr'><strong>τῶν</strong></span> <span class='ocrx_word' id='word_1_570' title='bbox 2758 3085 3047 3145; x_wconf 85' lang='grc' dir='ltr'><em>Ἰουδαίων,</em></span> <span class='ocrx_word' id='word_1_571' title='bbox 3065 3083 3187 3137; x_wconf 84' lang='grc' dir='ltr'><em>κατ’</em></span> <span class='ocrx_word' id='word_1_572' title='bbox 3208 3083 3431 3154; x_wconf 76' lang='grc' dir='ltr'><em>ἐντολὴν</em></span> <span class='ocrx_word' id='word_1_573' title='bbox 3453 3079 3691 3151; x_wconf 77' lang='grc' dir='ltr'><strong>ἀγγέλου</strong></span> <span class='ocrx_word' id='word_1_574' title='bbox 3710 3078 3816 3130; x_wconf 82' lang='grc' dir='ltr'><strong>Κυ-</strong></span> 
     </span>
    </p>
   </div>
   <div class='ocr_carea' id='block_1_77' title="bbox 2224 3166 3818 3252">
    <p class='ocr_par' dir='ltr' id='par_1_77' title="bbox 2224 3166 3818 3252">
     <span class='ocr_line' id='line_1_77' title="bbox 2224 3166 3818 3252; baseline -0.009 -19"><span class='ocrx_word' id='word_1_575' title='bbox 2224 3177 2733 3252; x_wconf 80' lang='grc' dir='ltr'><em>ρίου,Γενομένης,</em></span> <span class='ocrx_word' id='word_1_576' title='bbox 2751 3176 2937 3246; x_wconf 76' lang='grc' dir='ltr'><em>φησὶν,</em></span> <span class='ocrx_word' id='word_1_577' title='bbox 2956 3169 3564 3244; x_wconf 79' lang='grc' dir='ltr'><em>ήμέρας,ἧντάραχος</em></span> <span class='ocrx_word' id='word_1_578' title='bbox 3578 3172 3689 3223; x_wconf 81' lang='grc' dir='ltr'><em>οὐκ</em></span> <span class='ocrx_word' id='word_1_579' title='bbox 3701 3166 3818 3220; x_wconf 73' lang='grc' dir='ltr'><em>ὀλί-</em></span> 
     </span>
    </p>
   </div>
   <div class='ocr_carea' id='block_1_78' title="bbox 2224 3261 3814 3345">
    <p class='ocr_par' dir='ltr' id='par_1_78' title="bbox 2224 3261 3814 3345">
     <span class='ocr_line' id='line_1_78' title="bbox 2224 3261 3814 3345; baseline -0.011 -15"><span class='ocrx_word' id='word_1_580' title='bbox 2224 3293 2328 3345; x_wconf 74' lang='grc' dir='ltr'><strong>γος</strong></span> <span class='ocrx_word' id='word_1_581' title='bbox 2346 3274 2415 3327; x_wconf 84' lang='grc' dir='ltr'><em>ὲν</em></span> <span class='ocrx_word' id='word_1_582' title='bbox 2433 3271 2552 3338; x_wconf 83' lang='grc' dir='ltr'><em>τοῖς</em></span> <span class='ocrx_word' id='word_1_583' title='bbox 2568 3268 2982 3339; x_wconf 71' lang='grc' dir='ltr'><em>στρατιώταις,</em></span> <span class='ocrx_word' id='word_1_584' title='bbox 3006 3268 3063 3321; x_wconf 78' lang='grc' dir='ltr'><strong>τί</strong></span> <span class='ocrx_word' id='word_1_585' title='bbox 3083 3267 3198 3337; x_wconf 80' lang='grc' dir='ltr'><em>ἄρα</em></span> <span class='ocrx_word' id='word_1_586' title='bbox 3223 3269 3256 3320; x_wconf 87' lang='lat' dir='ltr'><strong>d</strong></span> <span class='ocrx_word' id='word_1_587' title='bbox 3297 3266 3526 3334; x_wconf 78' lang='grc' dir='ltr'><em>Πέτρος</em></span> <span class='ocrx_word' id='word_1_588' title='bbox 3544 3261 3780 3333; x_wconf 72' lang='grc' dir='ltr'><em>ἐγένετο</em></span> <span class='ocrx_word' id='word_1_589' title='bbox 3797 3274 3814 3292; x_wconf 81' lang='grc' dir='ltr'><strong>ο</strong></span> 
     </span>
    </p>
   </div>
   <div class='ocr_carea' id='block_1_79' title="bbox 2241 3354 3817 3433">
    <p class='ocr_par' dir='ltr' id='par_1_79' title="bbox 2241 3354 3817 3433">
     <span class='ocr_line' id='line_1_79' title="bbox 2241 3354 3817 3433; baseline -0.011 -12"><span class='ocrx_word' id='word_1_590' title='bbox 2241 3364 2496 3433; x_wconf 81' lang='grc' dir='ltr'><strong>Ἡρώδης</strong></span> <span class='ocrx_word' id='word_1_591' title='bbox 2517 3361 2585 3416; x_wconf 82' lang='grc' dir='ltr'><em>δὲ</em></span> <span class='ocrx_word' id='word_1_592' title='bbox 2622 3360 2982 3429; x_wconf 79' lang='grc' dir='ltr'><em>ἐπιζητήσας</em></span> <span class='ocrx_word' id='word_1_593' title='bbox 3012 3360 3200 3413; x_wconf 86' lang='grc' dir='ltr'><em>αὑτὸν</em></span> <span class='ocrx_word' id='word_1_594' title='bbox 3222 3357 3322 3411; x_wconf 80' lang='grc' dir='ltr'><strong>καὶ</strong></span> <span class='ocrx_word' id='word_1_595' title='bbox 3338 3359 3425 3426; x_wconf 82' lang='grc' dir='ltr'><em>μὴ</em></span> <span class='ocrx_word' id='word_1_596' title='bbox 3445 3356 3660 3425; x_wconf 79' lang='grc' dir='ltr'><em>εὑρὼν,</em></span> <span class='ocrx_word' id='word_1_597' title='bbox 3681 3354 3817 3407; x_wconf 83' lang='grc' dir='ltr'><em>ἀνα-</em></span> 
     </span>
    </p>
   </div>
   <div class='ocr_carea' id='block_1_80' title="bbox 2227 3442 3817 3527">
    <p class='ocr_par' dir='ltr' id='par_1_80' title="bbox 2227 3442 3817 3527">
     <span class='ocr_line' id='line_1_80' title="bbox 2227 3442 3817 3527; baseline -0.01 -16"><span class='ocrx_word' id='word_1_598' title='bbox 2227 3457 2437 3527; x_wconf 81' lang='grc' dir='ltr'><em>κρίνας</em></span> <span class='ocrx_word' id='word_1_599' title='bbox 2454 3455 2597 3521; x_wconf 89' lang='grc' dir='ltr'><em>τοὺς</em></span> <span class='ocrx_word' id='word_1_600' title='bbox 2613 3454 2895 3524; x_wconf 77' lang='grc' dir='ltr'><em>φύ.1ακας</em></span> <span class='ocrx_word' id='word_1_601' title='bbox 2912 3451 3244 3506; x_wconf 71' lang='grc' dir='ltr'><em>ἐκέλευσεν</em></span> <span class='ocrx_word' id='word_1_602' title='bbox 3258 3448 3631 3518; x_wconf 76' lang='grc' dir='ltr'><em>ἀπαχθῆναιο</em></span> <span class='ocrx_word' id='word_1_603' title='bbox 3646 3446 3712 3499; x_wconf 83' lang='grc' dir='ltr'><em>δι’</em></span> <span class='ocrx_word' id='word_1_604' title='bbox 3731 3442 3817 3507; x_wconf 83' lang='grc' dir='ltr'><em>οὒς</em></span> 
     </span>
    </p>
   </div>
   <div class='ocr_carea' id='block_1_81' title="bbox 2227 3534 3814 3617">
    <p class='ocr_par' dir='ltr' id='par_1_81' title="bbox 2227 3534 3814 3617">
     <span class='ocr_line' id='line_1_81' title="bbox 2227 3534 3814 3617; baseline -0.008 -18"><span class='ocrx_word' id='word_1_605' title='bbox 2227 3547 2453 3617; x_wconf 75' lang='grc' dir='ltr'><em>οὐδεμία</em></span> <span class='ocrx_word' id='word_1_606' title='bbox 2479 3545 2630 3599; x_wconf 75' lang='grc' dir='ltr'><em>αἰτία</em></span> <span class='ocrx_word' id='word_1_607' title='bbox 2666 3543 2744 3615; x_wconf 80' lang='grc' dir='ltr'><em>τῷ</em></span> <span class='ocrx_word' id='word_1_608' title='bbox 2771 3544 2959 3615; x_wconf 83' lang='grc' dir='ltr'><em>Πέτρῳ</em></span> <span class='ocrx_word' id='word_1_609' title='bbox 2981 3544 3358 3615; x_wconf 71' lang='grc' dir='ltr'><em>προσάπτεται</em></span> <span class='ocrx_word' id='word_1_610' title='bbox 3384 3556 3400 3572; x_wconf 85' lang='grc'><strong>·</strong></span> <span class='ocrx_word' id='word_1_611' title='bbox 3431 3540 3565 3611; x_wconf 76' lang='grc' dir='ltr'><strong>ἐξῆν</strong></span> <span class='ocrx_word' id='word_1_612' title='bbox 3588 3539 3695 3607; x_wconf 82' lang='grc' dir='ltr'><em>γὰρ</em></span> <span class='ocrx_word' id='word_1_613' title='bbox 3728 3534 3814 3589; x_wconf 79' lang='grc' dir='ltr'><strong>καὶ</strong></span> 
     </span>
    </p>
   </div>
   <div class='ocr_carea' id='block_1_82' title="bbox 2232 3625 3815 3708">
    <p class='ocr_par' dir='ltr' id='par_1_82' title="bbox 2232 3625 3815 3708">
     <span class='ocr_line' id='line_1_82' title="bbox 2232 3625 3815 3708; baseline -0.009 -17"><span class='ocrx_word' id='word_1_614' title='bbox 2232 3638 2431 3701; x_wconf 76' lang='grc' dir='ltr'><em>αὐτοὺς</em></span> <span class='ocrx_word' id='word_1_615' title='bbox 2456 3638 2773 3708; x_wconf 81' lang='grc' dir='ltr'><em>ἑωρακότας</em></span> <span class='ocrx_word' id='word_1_616' title='bbox 2804 3635 3179 3705; x_wconf 77' lang='grc' dir='ltr'><em>τὸγενόμενον</em></span> <span class='ocrx_word' id='word_1_617' title='bbox 3236 3636 3500 3703; x_wconf 70' lang='grc' dir='ltr'><em>ἐκφυγεῖν</em></span> <span class='ocrx_word' id='word_1_618' title='bbox 3527 3648 3541 3662; x_wconf 88' lang='grc'><strong>·</strong></span> <span class='ocrx_word' id='word_1_619' title='bbox 3594 3630 3667 3689; x_wconf 83' lang='grc' dir='ltr'><em>ὡς</em></span> <span class='ocrx_word' id='word_1_620' title='bbox 3727 3625 3815 3679; x_wconf 82' lang='grc' dir='ltr'><strong>καὶ</strong></span> 
     </span>
    </p>
   </div>
   <div class='ocr_carea' id='block_1_83' title="bbox 2229 3717 3810 3803">
    <p class='ocr_par' dir='ltr' id='par_1_83' title="bbox 2229 3717 3810 3803">
     <span class='ocr_line' id='line_1_83' title="bbox 2229 3717 3810 3803; baseline -0.006 -28"><span class='ocrx_word' id='word_1_621' title='bbox 2229 3724 2407 3777; x_wconf 82' lang='grc' dir='ltr'><em>πάντα</em></span> <span class='ocrx_word' id='word_1_622' title='bbox 2440 3725 2508 3776; x_wconf 71' lang='grc' dir='ltr'><em>τὰ</em></span> <span class='ocrx_word' id='word_1_623' title='bbox 2535 3723 2723 3776; x_wconf 74' lang='grc' dir='ltr'><em>παιδία</em></span> <span class='ocrx_word' id='word_1_624' title='bbox 2742 3723 2825 3803; x_wconf 55' lang='grc' dir='ltr'><strong>διὰ</strong></span> <span class='ocrx_word' id='word_1_625' title='bbox 2857 3725 2915 3775; x_wconf 80' lang='grc' dir='ltr'><em>ὲν</em></span> <span class='ocrx_word' id='word_1_626' title='bbox 2978 3722 3228 3792; x_wconf 80' lang='grc' dir='ltr'><strong>Βηθλεὲμ</strong></span> <span class='ocrx_word' id='word_1_627' title='bbox 3282 3722 3377 3775; x_wconf 73' lang='grc' dir='ltr'><strong>καὶ</strong></span> <span class='ocrx_word' id='word_1_628' title='bbox 3439 3723 3502 3774; x_wconf 80' lang='grc' dir='ltr'><em>ὲν</em></span> <span class='ocrx_word' id='word_1_629' title='bbox 3540 3721 3675 3773; x_wconf 83' lang='grc' dir='ltr'><em>πᾶσι</em></span> <span class='ocrx_word' id='word_1_630' title='bbox 3707 3717 3810 3775; x_wconf 85' lang='grc' dir='ltr'><em>τοῖς</em></span> 
     </span>
    </p>
   </div>
   <div class='ocr_carea' id='block_1_84' title="bbox 2230 3806 3813 3886">
    <p class='ocr_par' dir='ltr' id='par_1_84' title="bbox 2230 3806 3813 3886">
     <span class='ocr_line' id='line_1_84' title="bbox 2230 3806 3813 3886; baseline -0.006 -17"><span class='ocrx_word' id='word_1_631' title='bbox 2230 3816 2401 3885; x_wconf 78' lang='grc' dir='ltr'><em>ὁρίοις</em></span> <span class='ocrx_word' id='word_1_632' title='bbox 2426 3815 2618 3886; x_wconf 82' lang='grc' dir='ltr'><em>αὐτῆς,</em></span> <span class='ocrx_word' id='word_1_633' title='bbox 2653 3818 2701 3868; x_wconf 80' lang='grc' dir='ltr'><strong>εί</strong></span> <span class='ocrx_word' id='word_1_634' title='bbox 2731 3814 3069 3884; x_wconf 80' lang='grc' dir='ltr'><em>ἑγνώκεισαν</em></span> <span class='ocrx_word' id='word_1_635' title='bbox 3101 3815 3153 3867; x_wconf 82' lang='grc' dir='ltr'><em>οἱ</em></span> <span class='ocrx_word' id='word_1_636' title='bbox 3187 3816 3368 3882; x_wconf 84' lang='grc' dir='ltr'><em>γονεῖς</em></span> <span class='ocrx_word' id='word_1_637' title='bbox 3392 3812 3576 3867; x_wconf 81' lang='grc' dir='ltr'><em>αὐτῶν</em></span> <span class='ocrx_word' id='word_1_638' title='bbox 3612 3810 3670 3863; x_wconf 82' lang='grc' dir='ltr'><em>τὸ</em></span> <span class='ocrx_word' id='word_1_639' title='bbox 3701 3806 3813 3878; x_wconf 82' lang='grc' dir='ltr'><strong>μέλ⁴</strong></span> 
     </span>
    </p>
   </div>
   <div class='ocr_carea' id='block_1_85' title="bbox 2228 3900 3812 3976">
    <p class='ocr_par' dir='ltr' id='par_1_85' title="bbox 2228 3900 3812 3976">
     <span class='ocr_line' id='line_1_85' title="bbox 2228 3900 3812 3976; baseline 0.001 -19"><span class='ocrx_word' id='word_1_640' title='bbox 2228 3906 2318 3958; x_wconf 79' lang='grc' dir='ltr'><strong>λον</strong></span> <span class='ocrx_word' id='word_1_641' title='bbox 2350 3905 2595 3967; x_wconf 74' lang='grc' dir='ltr'><em>ἔσεσθαι,</em></span> <span class='ocrx_word' id='word_1_642' title='bbox 2631 3905 2775 3976; x_wconf 80' lang='grc' dir='ltr'><em>ἆπερ</em></span> <span class='ocrx_word' id='word_1_643' title='bbox 2807 3905 3156 3976; x_wconf 79' lang='grc' dir='ltr'><em>ἀνῃρέθησαν</em></span> <span class='ocrx_word' id='word_1_644' title='bbox 3220 3905 3325 3958; x_wconf 76' lang='grc' dir='ltr'><strong>ὑπὸ</strong></span> <span class='ocrx_word' id='word_1_645' title='bbox 3376 3904 3477 3958; x_wconf 83' lang='grc' dir='ltr'><strong>τοῦ</strong></span> <span class='ocrx_word' id='word_1_646' title='bbox 3537 3900 3812 3973; x_wconf 80' lang='grc' dir='ltr'><em>μιαιφόνου</em></span> 
     </span>
    </p>
   </div>
   <div class='ocr_carea' id='block_1_86' title="bbox 2244 3991 3811 4071">
    <p class='ocr_par' dir='ltr' id='par_1_86' title="bbox 2244 3991 3811 4071">
     <span class='ocr_line' id='line_1_86' title="bbox 2244 3991 3811 4071; baseline -0.006 -18"><span class='ocrx_word' id='word_1_647' title='bbox 2244 4000 2488 4071; x_wconf 79' lang='grc' dir='ltr'><em>Ἡρώδου</em></span> <span class='ocrx_word' id='word_1_648' title='bbox 2514 4001 2604 4054; x_wconf 83' lang='grc' dir='ltr'><em>διὰ</em></span> <span class='ocrx_word' id='word_1_649' title='bbox 2624 4001 2684 4053; x_wconf 78' lang='grc' dir='ltr'><em>τὸ</em></span> <span class='ocrx_word' id='word_1_650' title='bbox 2715 4000 2808 4053; x_wconf 82' lang='grc' dir='ltr'><strong>ὑπ’</strong></span> <span class='ocrx_word' id='word_1_651' title='bbox 2836 3999 3003 4053; x_wconf 77' lang='grc' dir='ltr'><em>αὐτοῦ</em></span> <span class='ocrx_word' id='word_1_652' title='bbox 3036 3998 3372 4071; x_wconf 76' lang='grc' dir='ltr'><em>ζητούμενον</em></span> <span class='ocrx_word' id='word_1_653' title='bbox 3424 3994 3721 4052; x_wconf 81' lang='grc' dir='ltr'><em>ἀπολέσθαι</em></span> <span class='ocrx_word' id='word_1_654' title='bbox 3758 3991 3811 4043; x_wconf 77' lang='grc' dir='ltr'><em>ἓν</em></span> 
     </span>
    </p>
   </div>
   <div class='ocr_carea' id='block_1_87' title="bbox 2233 4082 3807 4160">
    <p class='ocr_par' dir='ltr' id='par_1_87' title="bbox 2233 4082 3807 4160">
     <span class='ocr_line' id='line_1_87' title="bbox 2233 4082 3807 4160; baseline -0.006 -18"><span class='ocrx_word' id='word_1_655' title='bbox 2233 4091 2470 4157; x_wconf 84' lang='grc' dir='ltr'><em>παιδίον,</em></span> <span class='ocrx_word' id='word_1_656' title='bbox 2510 4091 2647 4159; x_wconf 83' lang='grc' dir='ltr'><em>ὅπερ</em></span> <span class='ocrx_word' id='word_1_657' title='bbox 2676 4091 2770 4145; x_wconf 69' lang='grc' dir='ltr'><strong>καὶ</strong></span> <span class='ocrx_word' id='word_1_658' title='bbox 2788 4090 2920 4144; x_wconf 78' lang='grc' dir='ltr'><em>αὐτὸ</em></span> <span class='ocrx_word' id='word_1_659' title='bbox 2941 4089 3061 4143; x_wconf 80' lang='grc' dir='ltr'><em>κατ’</em></span> <span class='ocrx_word' id='word_1_660' title='bbox 3102 4090 3321 4160; x_wconf 80' lang='grc' dir='ltr'><em>ἐντολὴν</em></span> <span class='ocrx_word' id='word_1_661' title='bbox 3350 4088 3588 4159; x_wconf 77' lang='grc' dir='ltr'><em>ἀγγέλου</em></span> <span class='ocrx_word' id='word_1_662' title='bbox 3616 4082 3807 4155; x_wconf 82' lang='grc' dir='ltr'><em>Κυρίου</em></span> 
     </span>
    </p>
   </div>
   <div class='ocr_carea' id='block_1_88' title="bbox 2231 4176 3810 4254">
    <p class='ocr_par' dir='ltr' id='par_1_88' title="bbox 2231 4176 3810 4254">
     <span class='ocr_line' id='line_1_88' title="bbox 2231 4176 3810 4254; baseline 0 -18"><span class='ocrx_word' id='word_1_663' title='bbox 2231 4182 2518 4252; x_wconf 78' lang='grc' dir='ltr'><em>ἐξέφυγεν,</em></span> <span class='ocrx_word' id='word_1_664' title='bbox 2548 4182 2649 4254; x_wconf 67' lang='grc' dir='ltr'><strong>ἤδη</strong></span> <span class='ocrx_word' id='word_1_665' title='bbox 2682 4182 2989 4254; x_wconf 79' lang='grc' dir='ltr'><em>ἀρξάμενον</em></span> <span class='ocrx_word' id='word_1_666' title='bbox 3015 4181 3183 4247; x_wconf 77' lang='grc' dir='ltr'><em>ὀξέως</em></span> <span class='ocrx_word' id='word_1_667' title='bbox 3214 4182 3499 4236; x_wconf 77' lang='grc' dir='ltr'><em>σκυλεύειν</em></span> <span class='ocrx_word' id='word_1_668' title='bbox 3522 4180 3616 4234; x_wconf 74' lang='grc' dir='ltr'><strong>καὶ</strong></span> <span class='ocrx_word' id='word_1_669' title='bbox 3654 4176 3810 4241; x_wconf 78' lang='grc' dir='ltr'><em>ὀξέως</em></span> 
     </span>
    </p>
   </div>
   <div class='ocr_carea' id='block_1_89' title="bbox 2231 4279 3810 4352">
    <p class='ocr_par' dir='ltr' id='par_1_89' title="bbox 2231 4279 3810 4352">
     <span class='ocr_line' id='line_1_89' title="bbox 2231 4279 3810 4352; baseline -0.004 -19"><span class='ocrx_word' id='word_1_670' title='bbox 2231 4280 2614 4352; x_wconf 86' lang='grc' dir='ltr'><em>προνομεύειν,</em></span> <span class='ocrx_word' id='word_1_671' title='bbox 2642 4281 2785 4334; x_wconf 75' lang='grc' dir='ltr'><em>κατὰ</em></span> <span class='ocrx_word' id='word_1_672' title='bbox 2808 4279 2906 4351; x_wconf 77' lang='grc' dir='ltr'><em>τὴν</em></span> <span class='ocrx_word' id='word_1_673' title='bbox 2942 4280 3232 4350; x_wconf 75' lang='grc' dir='ltr'><em>ἐπίκλησιν</em></span> <span class='ocrx_word' id='word_1_674' title='bbox 3264 4279 3357 4333; x_wconf 80' lang='grc' dir='ltr'><strong>τοῦ</strong></span> <span class='ocrx_word' id='word_1_675' title='bbox 3399 4280 3680 4349; x_wconf 85' lang='grc' dir='ltr'><em>ὀνόματος,</em></span> <span class='ocrx_word' id='word_1_676' title='bbox 3720 4288 3810 4327; x_wconf 81' lang='grc' dir='ltr'><strong>κα·</strong></span> 
     </span>
    </p>
   </div>
   <div class='ocr_carea' id='block_1_90' title="bbox 2232 4364 3809 4444">
    <p class='ocr_par' dir='ltr' id='par_1_90' title="bbox 2232 4364 3809 4444">
     <span class='ocr_line' id='line_1_90' title="bbox 2232 4364 3809 4444; baseline -0.001 -18"><span class='ocrx_word' id='word_1_677' title='bbox 2232 4373 2338 4437; x_wconf 81' lang='grc' dir='ltr'><strong>θὼς</strong></span> <span class='ocrx_word' id='word_1_678' title='bbox 2377 4374 2710 4444; x_wconf 83' lang='grc' dir='ltr'><em>γέγραπται·</em></span> <span class='ocrx_word' id='word_1_679' title='bbox 2739 4373 3017 4426; x_wconf 73' lang='grc' dir='ltr'><em>Κάλεσον</em></span> <span class='ocrx_word' id='word_1_680' title='bbox 3043 4372 3110 4425; x_wconf 83' lang='grc' dir='ltr'><em>τὸ</em></span> <span class='ocrx_word' id='word_1_681' title='bbox 3140 4372 3329 4440; x_wconf 79' lang='grc' dir='ltr'><em>ὄνομα</em></span> <span class='ocrx_word' id='word_1_682' title='bbox 3357 4370 3567 4433; x_wconf 81' lang='grc' dir='ltr'><em>αὑτοῦ,</em></span> <span class='ocrx_word' id='word_1_683' title='bbox 3597 4364 3809 4434; x_wconf 77' lang='grc' dir='ltr'><em>ταχέως</em></span> 
     </span>
    </p>
   </div>
   <div class='ocr_carea' id='block_1_91' title="bbox 2230 4456 3809 4534">
    <p class='ocr_par' dir='ltr' id='par_1_91' title="bbox 2230 4456 3809 4534">
     <span class='ocr_line' id='line_1_91' title="bbox 2230 4456 3809 4534; baseline -0.005 -17"><span class='ocrx_word' id='word_1_684' title='bbox 2230 4467 2606 4528; x_wconf 82' lang='grc' dir='ltr'><em>σκύλευσον,</em></span> <span class='ocrx_word' id='word_1_685' title='bbox 2624 4464 2806 4531; x_wconf 76' lang='grc' dir='ltr'><em>ὀξέως</em></span> <span class='ocrx_word' id='word_1_686' title='bbox 2825 4466 3265 4534; x_wconf 81' lang='grc' dir='ltr'><em>προνόμευσον·</em></span> <span class='ocrx_word' id='word_1_687' title='bbox 3281 4464 3432 4519; x_wconf 86' lang='grc' dir='ltr'><em>διότι</em></span> <span class='ocrx_word' id='word_1_688' title='bbox 3448 4463 3592 4530; x_wconf 75' lang='grc' dir='ltr'><em>πρὶν</em></span> <span class='ocrx_word' id='word_1_689' title='bbox 3606 4456 3809 4529; x_wconf 72' lang='grc' dir='ltr'><em>γνῶναι</em></span> 
     </span>
    </p>
   </div>
   <div class='ocr_carea' id='block_1_92' title="bbox 524 4548 2118 4643">
    <p class='ocr_par' dir='ltr' id='par_1_92' title="bbox 524 4553 2118 4623">
     <span class='ocr_line' id='line_1_92' title="bbox 524 4553 2118 4623; baseline 0.004 -20"><span class='ocrx_word' id='word_1_690' title='bbox 524 4567 704 4605; x_wconf 86' lang='lat' dir='ltr'><strong>caram</strong></span> <span class='ocrx_word' id='word_1_691' title='bbox 728 4568 840 4621; x_wconf 86' lang='lat' dir='ltr'><strong>rege</strong></span> <span class='ocrx_word' id='word_1_692' title='bbox 852 4553 1190 4621; x_wconf 65' lang='lat' dir='ltr'><strong>Assyriorum</strong></span> <span class='ocrx_word' id='word_1_693' title='bbox 1212 4553 1278 4607; x_wconf 62' lang='grc'><strong>⁸⁸.</strong></span> <span class='ocrx_word' id='word_1_694' title='bbox 1296 4553 1435 4623; x_wconf 82' lang='lat' dir='ltr'><strong>Magi</strong></span> <span class='ocrx_word' id='word_1_695' title='bbox 1459 4568 1608 4623; x_wconf 83' lang='lat' dir='ltr'><strong>ergo,</strong></span> <span class='ocrx_word' id='word_1_696' title='bbox 1627 4566 1680 4606; x_wconf 89' lang='grc' dir='ltr'><strong>ιιι</strong></span> <span class='ocrx_word' id='word_1_697' title='bbox 1696 4554 1809 4622; x_wconf 90' lang='lat' dir='ltr'><strong>jam</strong></span> <span class='ocrx_word' id='word_1_698' title='bbox 1830 4555 2045 4623; x_wconf 87' lang='lat' dir='ltr'><strong>spoliati</strong></span> <span class='ocrx_word' id='word_1_699' title='bbox 2070 4565 2118 4610; x_wconf 87' lang='lat' dir='ltr'><strong>el</strong></span> 
     </span>
    </p>
   </div>
   <div class='ocr_carea' id='block_1_93' title="bbox 2227 4548 3805 4643">
    <p class='ocr_par' dir='ltr' id='par_1_93' title="bbox 2234 4548 3805 4625">
     <span class='ocr_line' id='line_1_93' title="bbox 2234 4548 3805 4625; baseline -0.008 -15"><span class='ocrx_word' id='word_1_700' title='bbox 2234 4555 2446 4610; x_wconf 69' lang='grc' dir='ltr'><em>καλεῖν</em></span> <span class='ocrx_word' id='word_1_701' title='bbox 2460 4557 2527 4610; x_wconf 84' lang='grc' dir='ltr'><em>τὸ</em></span> <span class='ocrx_word' id='word_1_702' title='bbox 2548 4556 2792 4610; x_wconf 82' lang='grc' dir='ltr'><em>παιδίον</em></span> <span class='ocrx_word' id='word_1_703' title='bbox 2806 4556 3080 4624; x_wconf 77' lang='grc' dir='ltr'><em>πατέραῆ</em></span> <span class='ocrx_word' id='word_1_704' title='bbox 3098 4555 3346 4625; x_wconf 84' lang='grc' dir='ltr'><em>μητέρα,</em></span> <span class='ocrx_word' id='word_1_705' title='bbox 3367 4556 3626 4623; x_wconf 68' lang='grc' dir='ltr'><em>λήψεται</em></span> <span class='ocrx_word' id='word_1_706' title='bbox 3643 4548 3805 4601; x_wconf 67' lang='grc' dir='ltr'><em>δῦναι</em></span> 
     </span>
    </p>
   </div>
   <div class='ocr_carea' id='block_1_94' title="bbox 529 4644 2118 4719">
    <p class='ocr_par' dir='ltr' id='par_1_94' title="bbox 529 4644 2118 4718">
     <span class='ocr_line' id='line_1_94' title="bbox 529 4644 2118 4718; baseline 0.004 -25"><span class='ocrx_word' id='word_1_707' title='bbox 529 4644 955 4711; x_wconf 65' lang='grc' dir='ltr'><em>νγςιξιίειὶοιιὶιιιιε</em></span> <span class='ocrx_word' id='word_1_708' title='bbox 991 4644 1253 4711; x_wconf 86' lang='lat' dir='ltr'><strong>infestati,</strong></span> <span class='ocrx_word' id='word_1_709' title='bbox 1280 4647 1542 4701; x_wconf 85' lang='lat' dir='ltr'><strong>infantem</strong></span> <span class='ocrx_word' id='word_1_710' title='bbox 1592 4647 1874 4701; x_wconf 87' lang='lat' dir='ltr'><strong>humiliter</strong></span> <span class='ocrx_word' id='word_1_711' title='bbox 1908 4658 1959 4702; x_wconf 89' lang='lat' dir='ltr'><strong>et</strong></span> <span class='ocrx_word' id='word_1_712' title='bbox 1994 4664 2118 4718; x_wconf 89' lang='lat' dir='ltr'><strong>sup-</strong></span> 
     </span>
    </p>
   </div>
   <div class='ocr_carea' id='block_1_95' title="bbox 2227 4644 3807 4719">
    <p class='ocr_par' dir='ltr' id='par_1_95' title="bbox 2228 4644 3807 4719">
     <span class='ocr_line' id='line_1_95' title="bbox 2228 4644 3807 4719; baseline -0.006 -17"><span class='ocrx_word' id='word_1_713' title='bbox 2228 4666 2336 4719; x_wconf 76' lang='grc' dir='ltr'><strong>μιν</strong></span> <span class='ocrx_word' id='word_1_714' title='bbox 2355 4648 2703 4717; x_wconf 79' lang='grc' dir='ltr'><em>Δαμασκοῦ,</em></span> <span class='ocrx_word' id='word_1_715' title='bbox 2748 4648 2846 4704; x_wconf 78' lang='grc' dir='ltr'><strong>καὶ</strong></span> <span class='ocrx_word' id='word_1_716' title='bbox 2874 4650 2943 4701; x_wconf 83' lang='grc' dir='ltr'><em>τὰ</em></span> <span class='ocrx_word' id='word_1_717' title='bbox 2978 4650 3185 4704; x_wconf 74' lang='grc' dir='ltr'><em>σκῦλα</em></span> <span class='ocrx_word' id='word_1_718' title='bbox 3219 4648 3573 4717; x_wconf 84' lang='grc' dir='ltr'><em>Σαμαρείας,</em></span> <span class='ocrx_word' id='word_1_719' title='bbox 3620 4644 3807 4697; x_wconf 78' lang='grc' dir='ltr'><em>ἔναντι</em></span> 
     </span>
    </p>
   </div>
   <div class='ocr_carea' id='block_1_96' title="bbox 526 4735 2121 4808">
    <p class='ocr_par' dir='ltr' id='par_1_96' title="bbox 526 4735 2121 4808">
     <span class='ocr_line' id='line_1_96' title="bbox 526 4735 2121 4808; baseline 0.005 -23"><span class='ocrx_word' id='word_1_720' title='bbox 526 4735 740 4803; x_wconf 76' lang='lat' dir='ltr'><strong>pliciter</strong></span> <span class='ocrx_word' id='word_1_721' title='bbox 785 4737 1039 4804; x_wconf 89' lang='lat' dir='ltr'><strong>adorant,</strong></span> <span class='ocrx_word' id='word_1_722' title='bbox 1075 4737 1364 4792; x_wconf 88' lang='lat' dir='ltr'><strong>thesauros</strong></span> <span class='ocrx_word' id='word_1_723' title='bbox 1413 4754 1546 4794; x_wconf 91' lang='lat' dir='ltr'><strong>suos</strong></span> <span class='ocrx_word' id='word_1_724' title='bbox 1596 4740 1922 4808; x_wconf 83' lang='lat' dir='ltr'><strong>aperientes,</strong></span> <span class='ocrx_word' id='word_1_725' title='bbox 1970 4748 2027 4793; x_wconf 90' lang='lat' dir='ltr'><strong>ct</strong></span> <span class='ocrx_word' id='word_1_726' title='bbox 2072 4740 2121 4793; x_wconf 91' lang='lat' dir='ltr'><strong>ei</strong></span> 
     </span>
    </p>
   </div>
   <div class='ocr_carea' id='block_1_97' title="bbox 525 4825 2120 4902">
    <p class='ocr_par' dir='ltr' id='par_1_97' title="bbox 525 4825 2120 4902">
     <span class='ocr_line' id='line_1_97' title="bbox 525 4825 2120 4902; baseline 0.005 -25"><span class='ocrx_word' id='word_1_727' title='bbox 525 4825 822 4882; x_wconf 78' lang='lat' dir='ltr'><strong>offerentes</strong></span> <span class='ocrx_word' id='word_1_728' title='bbox 874 4831 1107 4885; x_wconf 76' lang='lat' dir='ltr'><strong>maxime</strong></span> <span class='ocrx_word' id='word_1_729' title='bbox 1162 4841 1472 4900; x_wconf 89' lang='lat' dir='ltr'><strong>opportuna</strong></span> <span class='ocrx_word' id='word_1_730' title='bbox 1522 4840 1575 4886; x_wconf 89' lang='lat' dir='ltr'><strong>et</strong></span> <span class='ocrx_word' id='word_1_731' title='bbox 1625 4832 1909 4902; x_wconf 78' lang='lat' dir='ltr'><strong>magnifica</strong></span> <span class='ocrx_word' id='word_1_732' title='bbox 1956 4833 2120 4898; x_wconf 80' lang='lat' dir='ltr'><strong>dona,</strong></span> 
     </span>
    </p>
   </div>
   <div class='ocr_carea' id='block_1_98' title="bbox 525 4919 2126 4992">
    <p class='ocr_par' dir='ltr' id='par_1_98' title="bbox 525 4919 2126 4992">
     <span class='ocr_line' id='line_1_98' title="bbox 525 4919 2126 4992; baseline 0.004 -21"><span class='ocrx_word' id='word_1_733' title='bbox 525 4932 719 4972; x_wconf 78' lang='lat' dir='ltr'><strong>nurum</strong></span> <span class='ocrx_word' id='word_1_734' title='bbox 753 4926 809 4972; x_wconf 94' lang='lat' dir='ltr'><strong>et</strong></span> <span class='ocrx_word' id='word_1_735' title='bbox 852 4919 981 4973; x_wconf 91' lang='lat' dir='ltr'><strong>thus</strong></span> <span class='ocrx_word' id='word_1_736' title='bbox 1026 4932 1080 4976; x_wconf 92' lang='lat' dir='ltr'><strong>et</strong></span> <span class='ocrx_word' id='word_1_737' title='bbox 1129 4922 1407 4990; x_wconf 83' lang='lat' dir='ltr'><strong>myrrham</strong></span> <span class='ocrx_word' id='word_1_738' title='bbox 1444 4920 1511 4987; x_wconf 57' lang='grc' dir='ltr'><em>ιδ,</em></span> <span class='ocrx_word' id='word_1_739' title='bbox 1561 4930 1619 4975; x_wconf 82' lang='grc' dir='ltr'><strong>ιιι</strong></span> <span class='ocrx_word' id='word_1_740' title='bbox 1668 4923 1781 4992; x_wconf 88' lang='lat' dir='ltr'><strong>regi</strong></span> <span class='ocrx_word' id='word_1_741' title='bbox 1829 4930 1885 4978; x_wconf 90' lang='lat' dir='ltr'><strong>et</strong></span> <span class='ocrx_word' id='word_1_742' title='bbox 1931 4923 2041 4979; x_wconf 90' lang='lat' dir='ltr'><strong>Deo</strong></span> <span class='ocrx_word' id='word_1_743' title='bbox 2072 4935 2126 4979; x_wconf 88' lang='lat' dir='ltr'><strong>et</strong></span> 
     </span>
    </p>
   </div>
   <div class='ocr_carea' id='block_1_99' title="bbox 526 5007 2121 5084">
    <p class='ocr_par' dir='ltr' id='par_1_99' title="bbox 526 5007 2121 5084">
     <span class='ocr_line' id='line_1_99' title="bbox 526 5007 2121 5084; baseline 0.007 -24"><span class='ocrx_word' id='word_1_744' title='bbox 526 5007 735 5062; x_wconf 86' lang='lat' dir='ltr'><strong>homini</strong></span> <span class='ocrx_word' id='word_1_745' title='bbox 766 5028 778 5063; x_wconf 95' lang='lat'>:</span> <span class='ocrx_word' id='word_1_746' title='bbox 806 5010 953 5065; x_wconf 84' lang='lat' dir='ltr'><strong>unde</strong></span> <span class='ocrx_word' id='word_1_747' title='bbox 981 5013 1047 5066; x_wconf 88' lang='lat' dir='ltr'><strong>ad</strong></span> <span class='ocrx_word' id='word_1_748' title='bbox 1083 5028 1260 5082; x_wconf 83' lang='lat' dir='ltr'><strong>regem</strong></span> <span class='ocrx_word' id='word_1_749' title='bbox 1302 5013 1586 5084; x_wconf 86' lang='lat' dir='ltr'><strong>Assyrium</strong></span> <span class='ocrx_word' id='word_1_750' title='bbox 1618 5029 1726 5068; x_wconf 90' lang='lat' dir='ltr'><strong>non</strong></span> <span class='ocrx_word' id='word_1_751' title='bbox 1762 5016 1998 5084; x_wconf 88' lang='lat' dir='ltr'><strong>amplius</strong></span> <span class='ocrx_word' id='word_1_752' title='bbox 2032 5032 2121 5071; x_wconf 90' lang='lat' dir='ltr'><strong>re-</strong></span> 
     </span>
    </p>
   </div>
   <div class='ocr_carea' id='block_1_100' title="bbox 523 5099 2123 5177">
    <p class='ocr_par' dir='ltr' id='par_1_100' title="bbox 523 5099 2123 5177">
     <span class='ocr_line' id='line_1_100' title="bbox 523 5099 2123 5177; baseline 0.007 -27"><span class='ocrx_word' id='word_1_753' title='bbox 523 5099 662 5153; x_wconf 75' lang='lat' dir='ltr'><strong>verti</strong></span> <span class='ocrx_word' id='word_1_754' title='bbox 700 5100 1011 5168; x_wconf 88' lang='lat' dir='ltr'><strong>voluerunt,</strong></span> <span class='ocrx_word' id='word_1_755' title='bbox 1045 5118 1076 5157; x_wconf 90' lang='lat' dir='ltr'><strong>a</strong></span> <span class='ocrx_word' id='word_1_756' title='bbox 1118 5104 1467 5159; x_wconf 89' lang='lat' dir='ltr'><strong>Providentia</strong></span> <span class='ocrx_word' id='word_1_757' title='bbox 1498 5106 1669 5159; x_wconf 85' lang='lat' dir='ltr'><strong>vetiti.</strong></span> <span class='ocrx_word' id='word_1_758' title='bbox 1715 5105 1879 5177; x_wconf 58' lang='lat'><strong>555</strong></span> <span class='ocrx_word' id='word_1_759' title='bbox 1913 5106 2123 5161; x_wconf 83' lang='lat' dir='ltr'><strong>Divini-</strong></span> 
     </span>
    </p>
   </div>
   <div class='ocr_carea' id='block_1_101' title="bbox 526 5192 2130 5268">
    <p class='ocr_par' dir='ltr' id='par_1_101' title="bbox 526 5192 2130 5268">
     <span class='ocr_line' id='line_1_101' title="bbox 526 5192 2130 5268; baseline 0.007 -23"><span class='ocrx_word' id='word_1_760' title='bbox 526 5203 608 5245; x_wconf 87' lang='lat' dir='ltr'><strong>tns</strong></span> <span class='ocrx_word' id='word_1_761' title='bbox 640 5192 786 5247; x_wconf 90' lang='lat' dir='ltr'><strong>enim</strong></span> <span class='ocrx_word' id='word_1_762' title='bbox 828 5194 1111 5260; x_wconf 85' lang='lat' dir='ltr'><strong>admoniti,</strong></span> <span class='ocrx_word' id='word_1_763' title='bbox 1156 5198 1354 5268; x_wconf 88' lang='lat' dir='ltr'><strong>inquit,</strong></span> <span class='ocrx_word' id='word_1_764' title='bbox 1389 5200 1445 5254; x_wconf 92' lang='lat' dir='ltr'><strong>in</strong></span> <span class='ocrx_word' id='word_1_765' title='bbox 1483 5201 1688 5254; x_wconf 89' lang='lat' dir='ltr'><strong>somnio</strong></span> <span class='ocrx_word' id='word_1_766' title='bbox 1716 5217 1777 5254; x_wconf 88' lang='lat' dir='ltr'><strong>ne</strong></span> <span class='ocrx_word' id='word_1_767' title='bbox 1809 5210 2130 5256; x_wconf 79' lang='lat' dir='ltr'><strong>reverteren—</strong></span> 
     </span>
    </p>
   </div>
   <div class='ocr_carea' id='block_1_102' title="bbox 526 5285 2129 5364">
    <p class='ocr_par' dir='ltr' id='par_1_102' title="bbox 526 5285 2129 5364">
     <span class='ocr_line' id='line_1_102' title="bbox 526 5285 2129 5364; baseline 0.005 -25"><span class='ocrx_word' id='word_1_768' title='bbox 526 5298 613 5340; x_wconf 85' lang='lat' dir='ltr'><strong>tur</strong></span> <span class='ocrx_word' id='word_1_769' title='bbox 644 5287 712 5342; x_wconf 85' lang='lat' dir='ltr'><strong>ad</strong></span> <span class='ocrx_word' id='word_1_770' title='bbox 760 5285 1061 5356; x_wconf 87' lang='lat' dir='ltr'><strong>Herodem,</strong></span> <span class='ocrx_word' id='word_1_771' title='bbox 1109 5307 1202 5361; x_wconf 88' lang='lat' dir='ltr'><strong>per</strong></span> <span class='ocrx_word' id='word_1_772' title='bbox 1230 5291 1398 5345; x_wconf 87' lang='lat' dir='ltr'><strong>aliam</strong></span> <span class='ocrx_word' id='word_1_773' title='bbox 1451 5293 1590 5347; x_wconf 83' lang='lat' dir='ltr'><strong>viam</strong></span> <span class='ocrx_word' id='word_1_774' title='bbox 1632 5295 1858 5364; x_wconf 86' lang='lat' dir='ltr'><strong>regressi</strong></span> <span class='ocrx_word' id='word_1_775' title='bbox 1908 5307 2031 5348; x_wconf 89' lang='lat' dir='ltr'><strong>sunt</strong></span> <span class='ocrx_word' id='word_1_776' title='bbox 2074 5296 2129 5347; x_wconf 88' lang='lat' dir='ltr'><strong>in</strong></span> 
     </span>
    </p>
   </div>
   <div class='ocr_carea' id='block_1_103' title="bbox 526 5380 2129 5457">
    <p class='ocr_par' dir='ltr' id='par_1_103' title="bbox 526 5380 2129 5457">
     <span class='ocr_line' id='line_1_103' title="bbox 526 5380 2129 5457; baseline 0.007 -26"><span class='ocrx_word' id='word_1_777' title='bbox 526 5380 792 5449; x_wconf 82' lang='lat' dir='ltr'><strong>regionem</strong></span> <span class='ocrx_word' id='word_1_778' title='bbox 832 5399 1007 5437; x_wconf 88' lang='lat' dir='ltr'><strong>suam.</strong></span> <span class='ocrx_word' id='word_1_779' title='bbox 1048 5382 1199 5439; x_wconf 89' lang='lat' dir='ltr'><strong>Unde</strong></span> <span class='ocrx_word' id='word_1_780' title='bbox 1245 5400 1369 5439; x_wconf 87' lang='lat' dir='ltr'><strong>cum</strong></span> <span class='ocrx_word' id='word_1_781' title='bbox 1401 5386 1634 5440; x_wconf 81' lang='lat' dir='ltr'><strong>vidisset</strong></span> <span class='ocrx_word' id='word_1_782' title='bbox 1673 5387 2129 5457; x_wconf 82' lang='lat' dir='ltr'><strong>sanguinolentus</strong></span> 
     </span>
    </p>
   </div>
   <div class='ocr_carea' id='block_1_104' title="bbox 524 5470 2116 5549">
    <p class='ocr_par' dir='ltr' id='par_1_104' title="bbox 524 5470 2116 5549">
     <span class='ocr_line' id='line_1_104' title="bbox 524 5470 2116 5549; baseline 0.009 -26"><span class='ocrx_word' id='word_1_783' title='bbox 524 5470 767 5530; x_wconf 86' lang='lat' dir='ltr'><strong>Herodes</strong></span> <span class='ocrx_word' id='word_1_784' title='bbox 801 5490 860 5530; x_wconf 91' lang='lat' dir='ltr'><strong>se</strong></span> <span class='ocrx_word' id='word_1_785' title='bbox 888 5490 918 5528; x_wconf 87' lang='lat' dir='ltr'><strong>a</strong></span> <span class='ocrx_word' id='word_1_786' title='bbox 965 5476 1140 5549; x_wconf 84' lang='lat' dir='ltr'><strong>magis</strong></span> <span class='ocrx_word' id='word_1_787' title='bbox 1187 5478 1432 5547; x_wconf 91' lang='lat' dir='ltr'><strong>illusum,</strong></span> <span class='ocrx_word' id='word_1_788' title='bbox 1464 5480 1621 5534; x_wconf 89' lang='lat' dir='ltr'><strong>valde</strong></span> <span class='ocrx_word' id='word_1_789' title='bbox 1654 5481 1756 5534; x_wconf 86' lang='lat' dir='ltr'><strong>fuit</strong></span> <span class='ocrx_word' id='word_1_790' title='bbox 1786 5492 2116 5537; x_wconf 88' lang='lat' dir='ltr'><strong>commotus.</strong></span> 
     </span>
    </p>
   </div>
   <div class='ocr_carea' id='block_1_105' title="bbox 526 5564 2121 5645">
    <p class='ocr_par' dir='ltr' id='par_1_105' title="bbox 526 5564 2121 5645">
     <span class='ocr_line' id='line_1_105' title="bbox 526 5564 2121 5645; baseline 0.009 -29"><span class='ocrx_word' id='word_1_791' title='bbox 526 5564 597 5618; x_wconf 75' lang='lat' dir='ltr'><strong>Et</strong></span> <span class='ocrx_word' id='word_1_792' title='bbox 624 5568 858 5639; x_wconf 85' lang='lat' dir='ltr'><strong>mittens,</strong></span> <span class='ocrx_word' id='word_1_793' title='bbox 885 5570 1082 5641; x_wconf 87' lang='lat' dir='ltr'><strong>inquit,</strong></span> <span class='ocrx_word' id='word_1_794' title='bbox 1104 5572 1369 5641; x_wconf 84' lang='lat' dir='ltr'><strong>interfecit</strong></span> <span class='ocrx_word' id='word_1_795' title='bbox 1402 5590 1579 5629; x_wconf 86' lang='lat' dir='ltr'><strong>omnes</strong></span> <span class='ocrx_word' id='word_1_796' title='bbox 1604 5575 1835 5645; x_wconf 83' lang='lat' dir='ltr'><strong>infantes</strong></span> <span class='ocrx_word' id='word_1_797' title='bbox 1858 5576 1948 5645; x_wconf 87' lang='lat' dir='ltr'><strong>qui</strong></span> <span class='ocrx_word' id='word_1_798' title='bbox 1970 5586 2121 5631; x_wconf 86' lang='lat' dir='ltr'><strong>erant</strong></span> 
     </span>
    </p>
   </div>
   <div class='ocr_carea' id='block_1_106' title="bbox 605 5755 1697 5840">
    <p class='ocr_par' dir='ltr' id='par_1_106' title="bbox 605 5755 1697 5840">
     <span class='ocr_line' id='line_1_106' title="bbox 605 5755 1697 5840; baseline -0.013 1"><span class='ocrx_word' id='word_1_799' title='bbox 605 5755 856 5840; x_wconf 59' lang='lat' dir='ltr'><strong>&quot;-I’m&quot;:</strong></span> <span class='ocrx_word' id='word_1_800' title='bbox 905 5771 1029 5823; x_wconf 68' lang='grc' dir='ltr'><em>ιιιιν</em></span> <span class='ocrx_word' id='word_1_801' title='bbox 1061 5760 1095 5816; x_wconf 87' lang='lat'>8</span> <span class='ocrx_word' id='word_1_802' title='bbox 1148 5772 1192 5805; x_wconf 70' lang='grc'><strong>³⁸</strong></span> <span class='ocrx_word' id='word_1_803' title='bbox 1225 5773 1345 5826; x_wconf 78' lang='lat' dir='ltr'><strong>Art.</strong></span> <span class='ocrx_word' id='word_1_804' title='bbox 1376 5776 1576 5840; x_wconf 72' lang='lat' dir='ltr'><strong>xvn,9,</strong></span> <span class='ocrx_word' id='word_1_805' title='bbox 1614 5775 1697 5829; x_wconf 86' lang='grc' dir='ltr'><em>ιο.</em></span> 
     </span>
    </p>
   </div>
   <div class='ocr_carea' id='block_1_107' title="bbox 532 5833 2025 5911">
    <p class='ocr_par' dir='ltr' id='par_1_107' title="bbox 532 5833 2025 5911">
     <span class='ocr_line' id='line_1_107' title="bbox 532 5833 2025 5911; baseline 0.007 -22"><span class='ocrx_word' id='word_1_806' title='bbox 532 5834 617 5896; x_wconf 71' lang='grc'><strong>18,</strong></span> <span class='ocrx_word' id='word_1_807' title='bbox 658 5833 739 5889; x_wconf 82' lang='lat' dir='ltr'><strong>I9.</strong></span> <span class='ocrx_word' id='word_1_808' title='bbox 845 5838 892 5871; x_wconf 73' lang='lat'>&quot;</span> <span class='ocrx_word' id='word_1_809' title='bbox 931 5841 1116 5895; x_wconf 80' lang='lat' dir='ltr'><strong>Matth.</strong></span> <span class='ocrx_word' id='word_1_810' title='bbox 1146 5860 1203 5900; x_wconf 86' lang='grc' dir='ltr'><em>ιι.</em></span> <span class='ocrx_word' id='word_1_811' title='bbox 1252 5845 1433 5899; x_wconf 79' lang='grc'><strong>15-16.</strong></span> <span class='ocrx_word' id='word_1_812' title='bbox 1493 5833 1577 5877; x_wconf 64' lang='grc' dir='ltr'><em>’δί</em></span> <span class='ocrx_word' id='word_1_813' title='bbox 1609 5847 1714 5901; x_wconf 67' lang='lat' dir='ltr'><strong>lea.</strong></span> <span class='ocrx_word' id='word_1_814' title='bbox 1747 5861 1864 5907; x_wconf 73' lang='grc' dir='ltr'><em>νιιι,</em></span> <span class='ocrx_word' id='word_1_815' title='bbox 1892 5847 1945 5911; x_wconf 84' lang='grc'><em>5,</em></span> <span class='ocrx_word' id='word_1_816' title='bbox 1974 5847 2025 5899; x_wconf 66' lang='grc' dir='ltr'><strong>οἱ.</strong></span> 
     </span>
    </p>
   </div>
   <div class='ocr_carea' id='block_1_108' title="bbox 1834 5774 2405 5837">
    <p class='ocr_par' dir='ltr' id='par_1_108' title="bbox 1834 5774 2405 5837">
     <span class='ocr_line' id='line_1_108' title="bbox 1834 5774 2405 5837; baseline 0.002 -9"><span class='ocrx_word' id='word_1_817' title='bbox 1834 5775 1878 5806; x_wconf 65' lang='grc'><strong>³³</strong></span> <span class='ocrx_word' id='word_1_818' title='bbox 1909 5774 2029 5829; x_wconf 82' lang='lat' dir='ltr'><strong>Act.</strong></span> <span class='ocrx_word' id='word_1_819' title='bbox 2064 5791 2177 5837; x_wconf 68' lang='grc' dir='ltr'><em>λις,</em></span> <span class='ocrx_word' id='word_1_820' title='bbox 2212 5775 2405 5837; x_wconf 67' lang='grc' dir='ltr'><strong>Ξϐ-ΞΟ.</strong></span> 
     </span>
    </p>
   </div>
   <div class='ocr_carea' id='block_1_109' title="bbox 2124 5846 2711 5916">
    <p class='ocr_par' dir='ltr' id='par_1_109' title="bbox 2124 5846 2711 5916">
     <span class='ocr_line' id='line_1_109' title="bbox 2124 5846 2711 5916; baseline 0.002 -16"><span class='ocrx_word' id='word_1_821' title='bbox 2124 5849 2168 5880; x_wconf 73' lang='grc'><strong>⁸⁸</strong></span> <span class='ocrx_word' id='word_1_822' title='bbox 2202 5846 2391 5901; x_wconf 78' lang='lat' dir='ltr'><strong>Matth.</strong></span> <span class='ocrx_word' id='word_1_823' title='bbox 2425 5863 2485 5916; x_wconf 84' lang='grc' dir='ltr'><strong>ιι,</strong></span> <span class='ocrx_word' id='word_1_824' title='bbox 2527 5849 2711 5901; x_wconf 77' lang='grc' dir='ltr'><strong>Η-Ιῦ.</strong></span> 
     </span>
    </p>
   </div>
   <div class='ocr_carea' id='block_1_110' title="bbox 2230 4736 3806 4809">
    <p class='ocr_par' dir='ltr' id='par_1_110' title="bbox 2230 4736 3806 4809">
     <span class='ocr_line' id='line_1_110' title="bbox 2230 4736 3806 4809; baseline -0.009 -12"><span class='ocrx_word' id='word_1_825' title='bbox 2230 4739 2545 4806; x_wconf 76' lang='grc' dir='ltr'><em>,βασιλέως</em></span> <span class='ocrx_word' id='word_1_826' title='bbox 2568 4741 2909 4809; x_wconf 80' lang='grc' dir='ltr'><em>Ἀσσυρίων</em></span> <span class='ocrx_word' id='word_1_827' title='bbox 2934 4758 2946 4770; x_wconf 92' lang='grc'><strong>·</strong></span> <span class='ocrx_word' id='word_1_828' title='bbox 2982 4741 3032 4792; x_wconf 82' lang='grc' dir='ltr'><em>οἱ</em></span> <span class='ocrx_word' id='word_1_829' title='bbox 3081 4741 3213 4808; x_wconf 76' lang='grc' dir='ltr'><em>γοῦν</em></span> <span class='ocrx_word' id='word_1_830' title='bbox 3262 4741 3427 4808; x_wconf 89' lang='grc' dir='ltr'><em>μάγοι</em></span> <span class='ocrx_word' id='word_1_831' title='bbox 3449 4739 3523 4802; x_wconf 73' lang='grc' dir='ltr'><em>ἀς</em></span> <span class='ocrx_word' id='word_1_832' title='bbox 3563 4736 3659 4807; x_wconf 71' lang='grc' dir='ltr'><strong>ήδη</strong></span> <span class='ocrx_word' id='word_1_833' title='bbox 3688 4748 3806 4786; x_wconf 82' lang='grc' dir='ltr'><em>σκυ-</em></span> 
     </span>
    </p>
   </div>
   <div class='ocr_carea' id='block_1_111' title="bbox 2233 4818 3805 4902">
    <p class='ocr_par' dir='ltr' id='par_1_111' title="bbox 2233 4818 3805 4902">
     <span class='ocr_line' id='line_1_111' title="bbox 2233 4818 3805 4902; baseline -0.006 -16"><span class='ocrx_word' id='word_1_834' title='bbox 2233 4833 2513 4895; x_wconf 80' lang='grc' dir='ltr'><em>λευθέντες</em></span> <span class='ocrx_word' id='word_1_835' title='bbox 2553 4832 2649 4885; x_wconf 76' lang='grc' dir='ltr'><strong>καὶ</strong></span> <span class='ocrx_word' id='word_1_836' title='bbox 2685 4831 3171 4902; x_wconf 83' lang='grc' dir='ltr'><em>προνομευθέντες,</em></span> <span class='ocrx_word' id='word_1_837' title='bbox 3225 4828 3676 4897; x_wconf 83' lang='grc' dir='ltr'><em>ὑποτεταγμένως</em></span> <span class='ocrx_word' id='word_1_838' title='bbox 3720 4818 3805 4873; x_wconf 78' lang='grc' dir='ltr'><strong>καὶ</strong></span> 
     </span>
    </p>
   </div>
   <div class='ocr_carea' id='block_1_112' title="bbox 2233 4913 3802 4996">
    <p class='ocr_par' dir='ltr' id='par_1_112' title="bbox 2233 4913 3802 4996">
     <span class='ocr_line' id='line_1_112' title="bbox 2233 4913 3802 4996; baseline -0.005 -17"><span class='ocrx_word' id='word_1_839' title='bbox 2233 4924 2537 4995; x_wconf 85' lang='grc' dir='ltr'><em>τιμητικῶς</em></span> <span class='ocrx_word' id='word_1_840' title='bbox 2565 4923 2936 4996; x_wconf 82' lang='grc' dir='ltr'><em>προσκυνοῦσι</em></span> <span class='ocrx_word' id='word_1_841' title='bbox 2962 4924 3037 4994; x_wconf 85' lang='grc' dir='ltr'><em>τῷ</em></span> <span class='ocrx_word' id='word_1_842' title='bbox 3071 4924 3290 4993; x_wconf 77' lang='grc' dir='ltr'><em>παιδίῳ,</em></span> <span class='ocrx_word' id='word_1_843' title='bbox 3320 4922 3628 4991; x_wconf 82' lang='grc' dir='ltr'><em>ἀνοίγοντες</em></span> <span class='ocrx_word' id='word_1_844' title='bbox 3686 4913 3802 4971; x_wconf 77' lang='grc' dir='ltr'><em>τοὺς</em></span> 
     </span>
    </p>
   </div>
   <div class='ocr_carea' id='block_1_113' title="bbox 2234 5002 3802 5089">
    <p class='ocr_par' dir='ltr' id='par_1_113' title="bbox 2234 5002 3802 5089">
     <span class='ocr_line' id='line_1_113' title="bbox 2234 5002 3802 5089; baseline -0.008 -18"><span class='ocrx_word' id='word_1_845' title='bbox 2234 5019 2543 5089; x_wconf 75' lang='grc' dir='ltr'><em>Θησαυροὺς</em></span> <span class='ocrx_word' id='word_1_846' title='bbox 2570 5017 2769 5079; x_wconf 86' lang='grc' dir='ltr'><em>αὐτῶν,</em></span> <span class='ocrx_word' id='word_1_847' title='bbox 2826 5017 2923 5067; x_wconf 68' lang='grc' dir='ltr'><strong>καὶ</strong></span> <span class='ocrx_word' id='word_1_848' title='bbox 2966 5016 3369 5086; x_wconf 80' lang='grc' dir='ltr'><em>προσφέροντες</em></span> <span class='ocrx_word' id='word_1_849' title='bbox 3397 5011 3545 5081; x_wconf 83' lang='grc' dir='ltr'><em>αὐτῷ</em></span> <span class='ocrx_word' id='word_1_850' title='bbox 3591 5002 3802 5075; x_wconf 85' lang='grc' dir='ltr'><em>καιριώ-</em></span> 
     </span>
    </p>
   </div>
   <div class='ocr_carea' id='block_1_114' title="bbox 2241 5098 3799 5179">
    <p class='ocr_par' dir='ltr' id='par_1_114' title="bbox 2241 5098 3799 5179">
     <span class='ocr_line' id='line_1_114' title="bbox 2241 5098 3799 5179; baseline -0.005 -16"><span class='ocrx_word' id='word_1_851' title='bbox 2241 5128 2380 5164; x_wconf 88' lang='grc' dir='ltr'><em>τατα</em></span> <span class='ocrx_word' id='word_1_852' title='bbox 2408 5112 2502 5164; x_wconf 73' lang='grc' dir='ltr'><strong>καὶ</strong></span> <span class='ocrx_word' id='word_1_853' title='bbox 2524 5108 2959 5179; x_wconf 84' lang='grc' dir='ltr'><em>πρεπωδέστατα</em></span> <span class='ocrx_word' id='word_1_854' title='bbox 2998 5108 3168 5178; x_wconf 86' lang='grc' dir='ltr'><em>δῶρα,</em></span> <span class='ocrx_word' id='word_1_855' title='bbox 3208 5109 3430 5179; x_wconf 79' lang='grc' dir='ltr'><em>χρυσὸν,</em></span> <span class='ocrx_word' id='word_1_856' title='bbox 3471 5104 3564 5159; x_wconf 75' lang='grc' dir='ltr'><strong>καὶ</strong></span> <span class='ocrx_word' id='word_1_857' title='bbox 3581 5098 3799 5155; x_wconf 65' lang='grc' dir='ltr'><em>λίϐανον,</em></span> 
     </span>
    </p>
   </div>
   <div class='ocr_carea' id='block_1_115' title="bbox 2236 5189 3797 5275">
    <p class='ocr_par' dir='ltr' id='par_1_115' title="bbox 2236 5189 3797 5275">
     <span class='ocr_line' id='line_1_115' title="bbox 2236 5189 3797 5275; baseline -0.011 -18"><span class='ocrx_word' id='word_1_858' title='bbox 2236 5206 2332 5257; x_wconf 77' lang='grc' dir='ltr'><strong>καὶ</strong></span> <span class='ocrx_word' id='word_1_859' title='bbox 2366 5203 2636 5275; x_wconf 87' lang='grc' dir='ltr'><em>σμύρναν,</em></span> <span class='ocrx_word' id='word_1_860' title='bbox 2673 5202 2749 5266; x_wconf 86' lang='grc' dir='ltr'><em>ὼς</em></span> <span class='ocrx_word' id='word_1_861' title='bbox 2803 5202 3014 5273; x_wconf 81' lang='grc' dir='ltr'><em>βασιλεῖ</em></span> <span class='ocrx_word' id='word_1_862' title='bbox 3065 5203 3158 5255; x_wconf 76' lang='grc' dir='ltr'><strong>καὶ</strong></span> <span class='ocrx_word' id='word_1_863' title='bbox 3190 5200 3307 5272; x_wconf 83' lang='grc' dir='ltr'><strong>Θεῷ</strong></span> <span class='ocrx_word' id='word_1_864' title='bbox 3356 5203 3454 5254; x_wconf 77' lang='grc' dir='ltr'><strong>καὶ</strong></span> <span class='ocrx_word' id='word_1_865' title='bbox 3503 5189 3797 5263; x_wconf 80' lang='grc' dir='ltr'><em>ἀνθρώπῳ’</em></span> 
     </span>
    </p>
   </div>
   <div class='ocr_carea' id='block_1_116' title="bbox 2240 5281 3797 5367">
    <p class='ocr_par' dir='ltr' id='par_1_116' title="bbox 2240 5281 3797 5367">
     <span class='ocr_line' id='line_1_116' title="bbox 2240 5281 3797 5367; baseline -0.015 -17"><span class='ocrx_word' id='word_1_866' title='bbox 2240 5297 2361 5350; x_wconf 75' lang='grc' dir='ltr'><em>ὅθεν</em></span> <span class='ocrx_word' id='word_1_867' title='bbox 2424 5296 2607 5349; x_wconf 76' lang='grc' dir='ltr'><em>οὐκέτι</em></span> <span class='ocrx_word' id='word_1_868' title='bbox 2645 5296 2784 5367; x_wconf 82' lang='grc' dir='ltr'><em>πρὸς</em></span> <span class='ocrx_word' id='word_1_869' title='bbox 2833 5295 2924 5348; x_wconf 84' lang='grc' dir='ltr'><em>τόν</em></span> <span class='ocrx_word' id='word_1_870' title='bbox 2980 5294 3264 5365; x_wconf 70' lang='grc' dir='ltr'><em>Ἀσσύριον</em></span> <span class='ocrx_word' id='word_1_871' title='bbox 3321 5290 3542 5363; x_wconf 87' lang='grc' dir='ltr'><em>βασιλέα</em></span> <span class='ocrx_word' id='word_1_872' title='bbox 3580 5281 3797 5355; x_wconf 74' lang='grc' dir='ltr'><em>ἠξίωσαν</em></span> 
     </span>
    </p>
   </div>
   <div class='ocr_carea' id='block_1_117' title="bbox 2235 5373 3794 5460">
    <p class='ocr_par' dir='ltr' id='par_1_117' title="bbox 2235 5373 3794 5460">
     <span class='ocr_line' id='line_1_117' title="bbox 2235 5373 3794 5460; baseline -0.007 -20"><span class='ocrx_word' id='word_1_873' title='bbox 2235 5390 2598 5459; x_wconf 73' lang='grc' dir='ltr'><em>ὑποστρέψαι,</em></span> <span class='ocrx_word' id='word_1_874' title='bbox 2680 5386 3105 5460; x_wconf 79' lang='grc' dir='ltr'><em>συνεργούμενοι</em></span> <span class='ocrx_word' id='word_1_875' title='bbox 3166 5387 3268 5439; x_wconf 80' lang='grc' dir='ltr'><strong>ὑπὸ</strong></span> <span class='ocrx_word' id='word_1_876' title='bbox 3353 5387 3450 5454; x_wconf 78' lang='grc' dir='ltr'><em>τῆς</em></span> <span class='ocrx_word' id='word_1_877' title='bbox 3521 5373 3794 5449; x_wconf 83' lang='grc' dir='ltr'><em>προνοίας·</em></span> 
     </span>
    </p>
   </div>
   <div class='ocr_carea' id='block_1_118' title="bbox 2206 5464 3794 5551">
    <p class='ocr_par' dir='ltr' id='par_1_118' title="bbox 2206 5464 3794 5551">
     <span class='ocr_line' id='line_1_118' title="bbox 2206 5464 3794 5551; baseline -0.003 -16"><span class='ocrx_word' id='word_1_878' title='bbox 2206 5504 2207 5507; x_wconf 47' lang='grc' dir='ltr'><strong>η</strong></span> <span class='ocrx_word' id='word_1_879' title='bbox 2231 5481 2745 5551; x_wconf 80' lang='grc' dir='ltr'><em>Χρηματισθέντες</em></span> <span class='ocrx_word' id='word_1_880' title='bbox 2768 5481 2839 5549; x_wconf 79' lang='grc' dir='ltr'><em>γὰ</em></span> <span class='ocrx_word' id='word_1_881' title='bbox 2849 5499 2898 5551; x_wconf 88' lang='grc' dir='ltr'><strong>ρ,</strong></span> <span class='ocrx_word' id='word_1_882' title='bbox 2917 5478 3204 5551; x_wconf 78' lang='grc' dir='ltr'><em>φησ“ι,κατ’</em></span> <span class='ocrx_word' id='word_1_883' title='bbox 3221 5479 3369 5544; x_wconf 83' lang='grc' dir='ltr'><em>ὄναρ</em></span> <span class='ocrx_word' id='word_1_884' title='bbox 3378 5476 3463 5547; x_wconf 77' lang='grc' dir='ltr'><strong>μὴ</strong></span> <span class='ocrx_word' id='word_1_885' title='bbox 3478 5464 3794 5534; x_wconf 57' lang='grc' dir='ltr'><em>ἀνακάμψω</em></span> 
     </span>
    </p>
   </div>
   <div class='ocr_carea' id='block_1_119' title="bbox 2232 5552 3795 5644">
    <p class='ocr_par' dir='ltr' id='par_1_119' title="bbox 2232 5552 3795 5644">
     <span class='ocr_line' id='line_1_119' title="bbox 2232 5552 3795 5644; baseline -0.016 -17"><span class='ocrx_word' id='word_1_886' title='bbox 2232 5574 2382 5644; x_wconf 72' lang='grc' dir='ltr'><em>πρὸς</em></span> <span class='ocrx_word' id='word_1_887' title='bbox 2410 5572 2697 5643; x_wconf 80' lang='grc' dir='ltr'><em>Ἡρώδην,</em></span> <span class='ocrx_word' id='word_1_888' title='bbox 2718 5575 2753 5626; x_wconf 79' lang='grc' dir='ltr'><strong>δ</strong></span> <span class='ocrx_word' id='word_1_889' title='bbox 2759 5573 2793 5627; x_wconf 87' lang='grc' dir='ltr'><em>ι’</em></span> <span class='ocrx_word' id='word_1_890' title='bbox 2814 5573 3011 5639; x_wconf 70' lang='grc' dir='ltr'><em>ἄλλης</em></span> <span class='ocrx_word' id='word_1_891' title='bbox 3034 5570 3178 5624; x_wconf 75' lang='grc' dir='ltr'><em>ὀδοῦ</em></span> <span class='ocrx_word' id='word_1_892' title='bbox 3195 5569 3585 5640; x_wconf 74' lang='grc' dir='ltr'><em>ἀνεχώρησαν</em></span> <span class='ocrx_word' id='word_1_893' title='bbox 3600 5561 3677 5622; x_wconf 85' lang='grc' dir='ltr'><strong>εὶς</strong></span> <span class='ocrx_word' id='word_1_894' title='bbox 3696 5552 3795 5616; x_wconf 74' lang='grc' dir='ltr'><em>τὴν</em></span> 
     </span>
    </p>
   </div>
   <div class='ocr_carea' id='block_1_120' title="bbox 2512 5748 3785 5844">
    <p class='ocr_par' dir='ltr' id='par_1_120' title="bbox 2512 5748 3785 5844">
     <span class='ocr_line' id='line_1_120' title="bbox 2512 5748 3785 5844; baseline -0.019 -12"><span class='ocrx_word' id='word_1_895' title='bbox 2512 5777 2557 5808; x_wconf 81' lang='grc'>⁸⁸</span> <span class='ocrx_word' id='word_1_896' title='bbox 2584 5776 2718 5830; x_wconf 74' lang='lat' dir='ltr'><strong>Gen.</strong></span> <span class='ocrx_word' id='word_1_897' title='bbox 2755 5792 2867 5844; x_wconf 73' lang='lat' dir='ltr'><strong>xIx,</strong></span> <span class='ocrx_word' id='word_1_898' title='bbox 2902 5775 2987 5830; x_wconf 77' lang='grc'><strong>17.</strong></span> <span class='ocrx_word' id='word_1_899' title='bbox 3093 5775 3135 5809; x_wconf 68' lang='grc'><strong>⁴¹</strong></span> <span class='ocrx_word' id='word_1_900' title='bbox 3168 5776 3288 5831; x_wconf 70' lang='lat' dir='ltr'><strong>Att.</strong></span> <span class='ocrx_word' id='word_1_901' title='bbox 3327 5790 3419 5839; x_wconf 73' lang='lat' dir='ltr'><strong>xu,</strong></span> <span class='ocrx_word' id='word_1_902' title='bbox 3453 5770 3501 5824; x_wconf 77' lang='grc'><strong>4.</strong></span> <span class='ocrx_word' id='word_1_903' title='bbox 3606 5763 3647 5793; x_wconf 71' lang='grc' dir='ltr'><strong>’δ’</strong></span> <span class='ocrx_word' id='word_1_904' title='bbox 3672 5748 3785 5811; x_wconf 66' lang='lat' dir='ltr'><strong>ibid-</strong></span> 
     </span>
    </p>
   </div>
  </div>
