4146 6462
319 406 450 470 94")
1154 411 1556 474 SYNTAGMA
1595 411 1985 474 CANONUM.
2012 437 2083 449 -
2104 410 2251 484 TIT,
2291 406 2467 483 XIII,
2501 407 2661 469 CAP.
2696 406 2823 466 XX.
3548 403 3663 467 95¢

325 520 567 588 χώραν
592 517 813 573 αὐτῶν·
843 517 997 572 ἐνθεν
1031 517 1157 572 ἰδὼν
1176 521 1204 573 ὁ
1233 519 1529 590 αἱμοόόρος
1574 519 1839 591 Ἡρώδης,
1868 520 1958 574 ὅτι

2013 521 2114 582 Litt
2149 518 2447 574 Bcthlehem
2473 531 2522 574 et
2562 521 2617 574 in
2647 521 2790 574 omni
2830 534 2944 585 eius
2985 518 3233 587 conﬁnio,
3269 534 3303 571 α
3352 518 3553 571 bimam
3600 529 3650 571 et

326 612 717 690 ἐνεπαὶχρη’
746 612 868 667 ὑπὸ
915 612 1038 665 τῶν
1080 613 1303 682 μάγων,
1345 612 1615 682 ἐθυμώθη
1643 614 1815 668 λιανυ
1860 614 1960 668 καὶ

2069 612 2235 681 intra,
2261 611 2422 680 juxta
2452 621 2653 679 tempus
2680 610 2818 680 quod
2853 627 2884 663 α
2927 612 3096 680 magis
3139 610 3418 678 diligenter
3452 609 3654 661 didice-

326 702 837 773 ἀποστείλας,φη
846 706 949 770 σὶν,
968 704 1171 758 ἀνεῖλε
1191 704 1421 771 πάντας
1432 706 1573 772 τοὺς
1584 706 1801 772 παῖδας
1816 707 1960 772 τοὺς

2069 714 2153 757 rat
2184 705 2252 760 ⁸⁸.
2285 704 2420 759 Cum
2451 703 2671 773 quibus,
2701 712 2756 759 et
2781 703 2945 758 alium
2972 704 3123 772 prius
3153 710 3337 755 natum
3368 699 3652 766 infantem,

329 795 415 847 ἒν
444 796 727 864 Βηθλεὲμ
748 794 847 849 καὶ
875 796 945 848 ἐν
963 794 1116 849 πᾶσι
1148 795 1273 861 τοῖς
1305 797 1489 863 ὁρίοις
1522 795 1733 863 αὐτῆς,
1751 796 1868 850 ἀπὸ
1881 796 1964 849 δι-

2070 811 2193 852 cum
2244 795 2631 851 interfecturus
2685 797 3028 867 quaesivisset
3076 806 3130 850 et
3182 811 3288 849 non
3334 795 3652 857 invenisset,

334 887 540 953 ετοῦς
570 887 668 941 καὶ
694 886 1019 955 κατωτέρω,
1044 891 1193 941 κατὰ
1208 888 1317 941 τὸν
1332 890 1555 957 χρόνον
1574 887 1648 940 ὃν
1664 887 1962 955 ὴκρίϐωσε

2069 898 2283 960 patrem
2313 890 2431 960 ejus
2466 889 2787 945 Zachariam
2825 890 3096 945 interfecit
3144 889 3283 943 inter
3312 890 3572 958 templum
3604 899 3656 941 et

338 977 526 1045 παρὰ
558 976 676 1030 τῶν
691 976 899 1047 μάγων
923 993 938 1009 '
974 978 1094 1048 μεθ’
1115 972 1189 1031 ὧν
1228 978 1323 1031 καὶ
1353 978 1413 1030 τὺ
1441 977 1546 1047 πρὸ
1577 975 1742 1031 αὑτοῦ
1771 993 1964 1046 γεννη-

2072 982 2262 1045 altare,
2294 996 2417 1037 cum
2452 979 2731 1052 effugisset
2777 980 2921 1036 filius
2964 996 3087 1034 cum
3134 988 3308 1033 matre
3353 976 3650 1033 Elisabeth.

344 1067 452 1120 θέν
487 1068 675 1138 ἕτερον
704 1069 920 1123 παιδίον
952 1068 1199 1140 ζητήσας
1247 1071 1590 1134 ἀποκτεῖναι,
1636 1069 1731 1122 καὶ
1760 1069 1837 1139 μὴ
1873 1069 1963 1122 εὑ-

1587 1112 1590 1128 .
1636 1069 1731 1122 καὶ
1760 1069 1837 1139 μὴ
1873 1069 1963 1122 εὑ·
2072 1070 2227 1127 Unde
2257 1086 2356 1126 nec
2385 1072 2498 1127 ullo
2536 1072 2698 1127 modo
2731 1070 3224 1141 reprehenduntur.

350 1161 505 1231 ρὼν,
536 1160 628 1215 τὸν
650 1163 860 1232 πατέρα
893 1163 1057 1217 αὐτοῦ
1117 1163 1393 1233 Ζαχαρίαν
1443 1163 1721 1234 ἐφόνευσε,
1776 1162 1977 1234 μεταξὺ
2035 1164 2129 1218 τοῦ
2184 1164 2313 1219 ναοῦ
2367 1165 2465 1218 καὶ
2522 1164 2616 1218 τοῦ
2703 1164 3115 1236 θυσιαστηρίου,
3173 1162 3502 1231 ἐκφυγόντος
3558 1159 3653 1213 τοῦ

350 1253 585 1306 παιδίου
614 1257 754 1324 μετὰ
778 1254 879 1325 τῆς
910 1255 1117 1326 μητρὸς
1184 1257 1467 1311 Ἐλισάὸετ
1500 1270 1515 1285 ⁸
1550 1258 1636 1326 ἐφ’
1683 1249 1759 1312 ὧν
1806 1257 2064 1329 οὐδεμίαν
2099 1258 2305 1330 μέμψιν
2334 1258 2509 1329 ἔσχον.

437 1344 525 1400 ιδ’.
559 1347 622 1400 El
646 1346 704 1399 δέ
724 1364 871 1410 τινες
903 1346 1025 1416 βίαν
1081 1346 1284 1419 πολλὴν
1317 1347 1414 1401 καὶ
1454 1347 1703 1419 ἀνάγκην
1761 1348 1963 1402 πεπόν-
2070 1356 2074 1413 ι

2070 1353 2115 1416 ξ.
2145 1349 2232 1403 14.
2272 1348 2329 1403 Si
2370 1350 2464 1418 qui
2513 1357 2692 1403 autem
2738 1348 2848 1401 vim
2894 1347 3120 1401 multam
3170 1356 3223 1401 et
3275 1345 3654 1401 necessitatem

353 1439 517 1506 θασι,
545 1441 719 1512 χάμον
772 1443 1027 1507 λαϐόντες
1071 1444 1130 1497 ἐν
1172 1443 1250 1515 τῷ
1301 1445 1527 1514 στόματι
1572 1445 1667 1497 καὶ
1707 1444 1959 1514 δεσμοὺς,

2070 1441 2215 1511 passi
2245 1451 2392 1507 sunt,
2423 1441 2626 1510 quique
2651 1448 2705 1495 et
2734 1440 2787 1493 in
2819 1454 2915 1494 ore
2941 1439 3146 1494 ferrum
3174 1446 3227 1493 et
3252 1439 3466 1494 vincula
3500 1453 3654 1493 acce-

356 1535 467 1587 καὶ
494 1534 880 1603 ἐπιμείναντες
907 1535 1193 1607 καρτερῶς
1223 1539 1289 1606 τῇ
1320 1535 1557 1590 διαθέσει
1580 1536 1679 1606 τῆς
1702 1528 1959 1598 πίστεως,

2068 1541 2285 1605 perunt,
2332 1518 2387 1587 et
2433 1539 2652 1602 propter
2687 1531 2886 1587 bonam
2940 1530 3061 1585 fidei
3110 1530 3471 1594 affectionem,
3526 1544 3655 1599 suas

356 1628 592 1690 καὶτὰς
643 1630 835 1698 χεῖρας
885 1630 1087 1698 καῆναι
1151 1630 1579 1699 προσαγομένων
1634 1629 1824 1682 ἀκοντὶ
1885 1627 1963 1697 τῷ

2069 1639 2288 1694 quoque
2317 1638 2512 1678 manus
2537 1622 2619 1677 uri
2651 1621 2865 1676 fortiter
2883 1624 3246 1691 pertulerunt,
3273 1621 3338 1675 ad
3368 1610 3655 1689 profanum

360 1713 573 1786 ἀνιέρῳ
599 1715 828 1785 θύματι,
860 1714 1048 1788 ὥσπερ
1083 1711 1175 1769 οὖν
1210 1714 1457 1785 ἐγραψάν
1493 1732 1582 1785 μοι
1626 1716 1674 1767 οἱ
1725 1715 1834 1768 ἀπὸ
1859 1713 1960 1784 τῆς

2017 1717 2400 1788 ‘sacrilicium
2456 1717 2537 1772 eis
2597 1715 2786 1771 invitis
2849 1714 3133 1769 adductas.
3185 1713 3654 1779 Quemadmodum

365 1808 625 1879 φυλακῆς
674 1810 1070 1881 τρισμακάριοι
1129 1809 1406 1878 μάρτυρες
1452 1808 1580 1877 περὶ
1633 1806 1742 1861 τῶν
1796 1808 1854 1861 έν
1893 1810 1958 1878 τῇ
2001 1821 2002 1829 “

2020 1805 2043 1831 ’
2071 1808 2236 1880 igitur
2269 1808 2404 1863 mihi
2432 1808 2774 1878 scripserunt
2798 1821 2862 1861 ex
2901 1806 3149 1861 custodia
3180 1805 3478 1861 beatissimi
3509 1820 3657 1858 mar-

368 1898 577 1969 Λιϐὑῃ,
653 1900 750 1952 καὶ
807 1900 983 1970 ἕτεροι
1040 1898 1097 1951 δέ
1156 1898 1583 1969 συλλειτουργοὶ,
1643 1899 1693 1951 οἱ
1728 1896 1960 1951 τοιοῦτοι

2074 1914 2221 1977 tyres
2248 1906 2311 1959 tle
2338 1905 2407 1960 iis
2432 1904 2525 1973 qui
2557 1911 2683 1958 sunt
2716 1902 2770 1957 in
2802 1902 2993 1973 Libya,
3020 1910 3073 1956 et
3095 1900 3185 1955 alii
3211 1900 3375 1955 etiam
3404 1900 3458 1953 in
3489 1899 3658 1953 sacris

370 1990 921 2059 συμμαρτυρούντων
955 1990 1139 2053 αὐτοῖς
1172 1989 1409 2060 μάλιστα
1439 1989 1667 2042 καὶτῶν
1715 1988 1961 2058 ἀδελφῶν

2072 1995 2468 2061 comministri;
2498 1995 2532 2048 ii
2561 1993 2725 2049 simul
2748 1991 3168 2049 testificantibus
3194 1990 3418 2058 reliquis
3441 2004 3660 2059 quoque

367 2077 484 2131 τῶν
517 2078 739 2146 λοιπῶν,
762 2079 1016 2133 δύνανται
1068 2077 1211 2136 εἶναι
1246 2082 1303 2135 ἐν
1333 2083 1399 2152 τῇ
1469 2079 1805 2151 λειτουργία,
1860 2097 1956 2134 τα-

2072 2086 2368 2150 fratribus,
2413 2094 2643 2154 possunt
2690 2099 2812 2140 esse
2865 2083 2920 2138 in
2974 2097 3135 2138 sacro
3183 2082 3489 2136 ministerio
3522 2082 3663 2135 inter

366 2171 593 2239 χθέντες
619 2172 677 2224 ἐν
707 2174 817 2236 τοῖς
851 2173 1232 2245 ὸμολογηταῐς,
1272 2175 1348 2237 ὠς
1374 2174 1469 2227 καὶ
1508 2175 1555 2226 οἱ
1610 2190 1962 2244 κατανεκρω-

2072 2178 2417 2235 eonfessores
2445 2176 2716 2244 collocati,
2751 2185 2806 2231 ut
2855 2183 2910 2231 et
2938 2176 3031 2245 qui
3064 2175 3119 2228 in
3154 2174 3341 2229 multis
3375 2175 3664 2229 tormentis

369 2261 558 2323 θέντες
606 2262 665 2314 ἐν
690 2265 813 2325 ταῖς
850 2263 1074 2346 πολλαῖς
1128 2263 1403 2333 βασάνοις,
1454 2265 1549 2318 καὶ
1605 2265 1803 2334 μηκέτι
1865 2263 1955 2329 ἐξ·

2072 2270 2350 2327 fortiﬁcati
2381 2270 2604 2334 fuerint,
2635 2284 2743 2324 non
2773 2268 3009 2338 amplius
3045 2267 3341 2336 potuerint,
3375 2266 3455 2320 vel
3487 2266 3658 2335 loqui,

372 2352 695 2422 ιτχύσαντες
712 2354 967 2423 λαλῆσαι,
996 2354 1029 2425 ἢ
1058 2355 1416 2424 φθέγξασθαι,
1450 2355 1483 2427 ἢ
1528 2356 1837 2427 κινηθῆναι,
1878 2359 1959 2420 εἰς

2073 2363 2155 2417 vel
2190 2362 2389 2427 dicere,
2426 2362 2509 2417 vel
2559 2361 2785 2423 moveri,
2821 2370 2882 2414 ut
2934 2360 3251 2415 resisterent
3296 2360 3362 2414 iis
3400 2358 3493 2427 qui
3551 2359 3659 2411 vim

367 2444 434 2497 τὸ
466 2444 787 2515 ἀντιστῆναι
822 2448 935 2509 τοῖς
990 2448 1069 2510 είς
1108 2447 1286 2517 μάτην
1330 2445 1743 2517 ἐκϐιαζομένοις
1769 2463 1783 2477 ·
1842 2446 1963 2501 οὐδέ

2073 2454 2277 2510 frustra
2323 2453 2640 2508 alferebant.
2672 2450 2860 2522 Neque
2906 2451 3053 2506 enim
3099 2465 3290 2505 eorum
3326 2448 3659 2518 improbitati

369 2536 483 2609 γὰρ
521 2539 921 2606 συγκατέθεντο
968 2543 1033 2610 τῇ
1069 2539 1325 2611 βδελυρίᾳ
1372 2540 1574 2605 αὐτῶν,
1625 2539 1816 2613 ὥσπερ
1868 2535 1963 2595 οὖν

2075 2545 2278 2603 assensi
2327 2553 2474 2601 sunt.
2519 2542 2988 2610 Quemadmodum
3023 2556 3153 2611 ergo
3187 2556 3216 2594 a
3264 2538 3661 2596 eomministris

375 2631 530 2703 παρὰ
557 2631 991 2699 συλλειτουργῶν
1023 2632 1186 2687 πάλιν
1232 2633 1474 2704 ἤκουσαο
1526 2624 1962 2704 ταχθήσεται-δὲ

2074 2651 2267 2692 rursus
2304 2635 2488 2690 audivi
2539 2634 3052 2688 annumerabuntur
3101 2632 3242 2686 inter
3275 2632 3656 2697 confessores;

374 2723 437 2772 ἐν
469 2722 583 2784 τοῖς
616 2721 980 2792 ὁμολογηταῖς
1030 2723 1126 2776 καὶ
1165 2727 1272 2788 πᾶς
1300 2724 1552 2778 ὁστισοῦν
1607 2726 1749 2780 κατὰ
1797 2727 1966 2796 Τιμό-

2075 2737 2132 2783 et
2159 2727 2474 2796 quicunque
2502 2727 2800 2780 secundum
2834 2723 3179 2779 Timotheum
3208 2723 3373 2777 vitam
3403 2723 3657 2788 instituit,

374 2815 500 2867 Οεον
529 2814 876 2868 πολιτεύεται
903 2830 917 2844 ·
947 2816 1268 2887 πειθόμενος
1293 2818 1387 2871 καὶ
1408 2818 1568 2882 αὐτὸς
1599 2817 1677 2890 τῷ
1730 2818 1964 2887 λέγοντι,

2075 2834 2275 2890 parens
2299 2819 2348 2872 ei
2373 2832 2591 2887 quoque
2628 2815 2721 2885 qui
2767 2815 2902 2870 dicit
2954 2832 2967 2868 :
3028 2814 3345 2883 Persequere
3363 2813 3659 2882 justitiam,

371 2910 557 2961 Δίωκε
580 2907 649 2962 δὲ
668 2907 1086 2976 δικαιοσύνην,
1102 2909 1436 2975 εὐσέϐειαν,
1452 2914 1682 2973 πίστιν,
1701 2910 1965 2981 ἀγάπην,

2074 2912 2345 2981 pietatem,
2369 2910 2549 2980 ﬁdem,
2573 2908 2931 2971 dilectionem,
2963 2907 3321 2970 tolerantiam,
3347 2906 3617 2959 lenitatem
3641 2920 3660 2959 :

372 2998 698 3067 ὑπομονὴν
729 3039 744 3065 ,
788 2998 1224 3069 προσπάθειαν,
1286 2999 1573 3070 ἀγωνίζου
1622 3002 1730 3055 τὸν
1773 3002 1969 3055 καλὸν

2077 3010 2220 3055 certa
2272 3000 2551 3070 pulchrum
2597 3007 2859 3054 certamen
2906 2999 3031 3068 fidei
3074 3016 3093 3052 :
3127 2996 3455 3067 apprehende
3498 2996 3661 3049 vitam

372 3089 579 3159 ἀγῶνα
598 3089 709 3159 τῆς
739 3092 1021 3158 πίστεως,
1062 3092 1354 3146 ἐπιλαϐοῦ
1391 3092 1503 3161 τῆς
1534 3094 1775 3146 αἰωνίου
1797 3091 1965 3159 ζωῆς,
1998 3120 2009 3169 γ

2025 3117 2039 3171 ;
2074 3095 2333 3149 caelestem
2370 3094 2426 3145 in
2476 3108 2635 3162 quam
2677 3100 2896 3146 vocatus
2946 3108 3035 3157 es;
3078 3101 3127 3145 et
3167 3091 3437 3160 confessus
3482 3104 3662 3142 coram

373 3185 465 3249 sic
483 3181 561 3251 ἢν
580 3184 843 3252 ἐκλήθης
862 3184 963 3238 καί
979 3186 1378 3255 ὡμολόγησας
1398 3186 1514 3256 τὴν
1532 3184 1731 3254 καλὴν
1757 3188 1972 3255 ὁμολο-

1361 3186 1514 3256 ςτὴν
1532 3184 1731 3254 καλὴν
1757 3188 1972 3255 ὀμολο-
2078 3185 2258 3240 multis
2283 3185 2498 3239 testibus
2527 3184 2905 3254 confessionem
2932 3182 2998 3237 ⁸⁷.

376 3278 518 3346 γίαν
545 3276 803 3331 ἐνώπιον
819 3277 1066 3333 πολλῶν
1082 3280 1420 3348 μαρτύρων.

380 3390 709 3445 Βασάείου
731 3391 933 3446 κανὼν
985 3389 1051 3457 ζ’,
1085 3389 1155 3481 ης,
1194 3391 1307 3481 μας,
1341 3391 1442 3462 μδ’,
1480 3398 1584 3462 με’,
1620 3388 1714 3456 55',
1742 3388 1840 3459 οβ’,
1868 3388 1969 3458 ογ’,

2080 3395 2245 3468 456
2292 3394 2487 3448 Basilii
2530 3392 2836 3481 canonesl,
2883 3393 2947 3481 (δ’,
2976 3391 3067 3458 41,
3095 3392 3185 3458 44,
3213 3392 3304 3460 45,
3330 3390 3418 3459 65,
3449 3389 3539 3456 72,
3571 3390 3672 3455 75,

1037 3460 1152 3526 παν,
1196 3460 1305 3531 mu
1343 3460 1353 3462 ί
1483 3460 1491 3462 ‘
2102 3460 2237 3468 π*
2764 3463 2970 3527 31,35.

449 3588 517 3655 ζ’.
595 3593 1011 3664 Ἀρῤενοφθόροι
1062 3592 1157 3646 καὶ
1217 3591 1542 3663 ζωοφθόροι,
1602 3591 1698 3647 καὶ
1756 3592 1967 3661 φονεῖς,

2154 3599 2208 3653 7.
2250 3598 2619 3654 Masculorum
2670 3608 2725 3654 et
2767 3597 3089 3652 animalium
3118 3604 3489 3667 corruptores,
3529 3604 3674 3663 etc.,.

381 3700 437 3738 κ.
474 3701 523 3737 τ.
564 3684 615 3737 λ.

2082 3698 2138 3743 ut
2164 3706 2286 3760 pag.
2321 3689 2444 3745 819.

452 3773 522 3845 η’.
560 3774 619 3828 Ὀ
657 3774 814 3848 ἀξίνῃ
841 3776 994 3848 παρὰ
1022 3775 1112 3830 τὸν
1137 3777 1327 3848 θυμὸν,
1358 3795 1411 3831 κ.
1444 3794 1495 3831 τ.
1525 3780 1577 3830 λ.

2153 3781 2207 3836 8.
2235 3779 2340 3847 Qui
2383 3781 2453 3835 ob
2493 3780 2836 3837 iracundiam
2882 3782 3084 3847 securi,
3138 3792 3268 3847 elc.,
3300 3788 3356 3833 ut
3383 3796 3503 3849 pag.
3532 3778 3662 3835 922'.

458 3876 570 3939 μα’.
622 3870 685 3923 Ἡ
725 3871 782 3924 ἐν
816 3872 884 3942 τῇ
930 3871 1130 3942 χηρείᾳ
1184 3870 1431 3936 ἐξουσίαν
1491 3868 1695 3939 ἑαυτῆς
1747 3866 1971 3940 ἔχουσα,

2154 3874 2246 3929 41.
2284 3876 2418 3941 Quae
2456 3874 2513 3929 in
2540 3874 2805 3931 viduitate
2830 3874 2994 3931 habet
3034 3874 3118 3930 sui
3150 3882 3500 3945 potestatem,
3533 3881 3666 3936 ete.,

382 3979 442 4014 κ.
474 3978 523 4013 τ.
560 3960 613 4015 λ.

2082 3976 2138 4019 ut
2171 3982 2291 4037 pag.
2327 3965 2454 4022 899.

461 4052 563 4124 μδ’.
610 4054 674 4107 Ἠ
704 4054 947 4118 διάκονος
1007 4056 1040 4124 ἡ
1070 4054 1148 4125 τῷ
1200 4054 1423 4125 Ἕλληνι
1484 4054 1969 4126 συμπορνεύσασα,

2155 4058 2247 4112 44.
2300 4057 2619 4114 Diaconissa
2671 4073 2792 4127 quae
2835 4073 2959 4111 cum
3004 4056 3195 4112 Graeco
3246 4056 3513 4111 fornicata
3563 4066 3668 4121 est,

380 4144 549 4213 δεκτή
586 4144 734 4196 ἐστιν
750 4145 831 4207 είς
859 4143 958 4214 τὴν
992 4145 1281 4212 μετάνοιαν
1309 4159 1322 4174 ⁸
1362 4144 1443 4208 είς
1479 4143 1536 4197 δέ
1580 4143 1681 4216 τὴν
1725 4162 1972 4216 προσφο-

2084 4150 2148 4204 ad
2176 4148 2550 4216 ptenitentiant
2569 4146 2906 4200 admittenda
2938 4155 3057 4201 est:
3094 4146 3159 4198 ad
3185 4144 3517 4200 oblationem
3538 4159 3668 4198 vero

386 4233 829 4305 ρὰνδεχθήσεται
858 4236 938 4307 τῷ
975 4236 1188 4307 ἑϐδόμῳ
1230 4236 1360 4302 ἔτει,
1396 4235 1639 4306 δηλονότι
1688 4238 1747 4289 ἐν
1778 4238 1972 4309 ἁγνείᾳ

2085 4241 2403 4295 admittetur
2432 4253 2577 4293 anno
2616 4238 2878 4307 septimo,
2912 4238 2959 4294 si
3010 4238 3265 4291 videlicet
3312 4237 3366 4290 in
3418 4236 3669 4290 castitate

383 4323 538 4388 ζῶσα
564 4342 577 4356 ο
612 4328 640 4379 ὀ
660 4326 716 4379 δὲ
746 4325 885 4396 μετὰ
924 4326 1022 4398 τὴν
1074 4326 1257 4380 πίστιν
1290 4326 1491 4399 Ἕλλην
1528 4326 1689 4381 πάλιν
1717 4330 1784 4399 τῇ
1832 4330 1974 4399 tepo-

2082 4332 2249 4388 vitam
2278 4341 2422 4402 agat.
2459 4315 2683 4387 Graecus
2710 4334 2892 4385 autem
2925 4330 3018 4399 qui
3048 4338 3170 4400 post
3201 4328 3358 4383 fidem
3391 4337 3665 4397 receptam

387 4416 548 4487 συλίᾳ
580 4418 840 4490 προσιὼν,
890 4420 985 4472 ἐπὶ
1042 4419 1133 4473 τὸν
1174 4419 1305 4474 ἴδιον
1354 4420 1552 4491 ἔμετον
1612 4422 1969 4492 ἐπιστρέφειι

2085 4439 2278 4481 rursus
2307 4426 2373 4480 ad
2425 4424 2771 4493 sacrilegium
2811 4423 3044 4487 accedit,
3084 4423 3151 4477 ad
3195 4422 3463 4476 vomitum
3493 4437 3669 4476 rever-

386 4510 551 4579 ήμεῖς
577 4510 633 4563 δέ
664 4512 764 4579 τῆς
788 4511 1039 4565 διακόνου
1084 4512 1145 4565 τὸ
1179 4512 1341 4583 σῶμα
1398 4513 1475 4578 ὡς
1537 4512 1970 4585 καθιερωμένον,
2007 4535 2023 4590 ι

2029 4535 2052 4589 )
2082 4519 2236 4573 titur.
2271 4516 2383 4573 Nos
2425 4532 2591 4587 porro
2618 4515 2944 4571 diaconissa:
2983 4529 3210 4583 corpus,
3246 4523 3437 4582 utpote
3470 4528 3666 4567 conse-

386 4602 571 4656 οὐκέτι
604 4605 973 4676 ἐπιτρέπομεν
1004 4608 1063 4661 ἐν
1084 4608 1283 4679 χρήσει
1304 4601 1446 4662 εἶναι
1478 4609 1740 4679 σαρκικῇ.

2082 4617 2320 4674 cratum,
2358 4624 2468 4663 non
2500 4608 2737 4678 amplius
2764 4606 3137 4678 permittimus
3170 4606 3223 4660 in
3254 4620 3354 4659 usu
3394 4620 3519 4661 esse
3548 4621 3668 4660 car-

2081 4701 2215 4756 nali.

465 4782 568 4854 με’.
602 4785 699 4845 "O;
741 4786 836 4840 ἐάν
870 4804 955 4851 τις
987 4788 1048 4841 τὸ
1097 4787 1269 4857 ὄνομα
1310 4787 1491 4842 λαϐὼν
1528 4788 1623 4842 τοῦ
1674 4790 1985 4859 Χριστιανι-

2152 4798 2243 4854 45.
2296 4797 2352 4855 Si
2416 4800 2560 4869 quis,
2633 4804 2856 4865 accepto
2942 4795 3166 4850 nomine
3232 4795 3672 4859 Christianismi,

391 4878 533 4944 σμοῢ
565 4874 827 4947 ἐνυϐρίζῃ
848 4876 939 4929 τὸν
975 4877 1232 4947 Χριστὸν,
1272 4876 1425 4931 οὐδὲν
1448 4876 1643 4947 ὄφελος
1672 4877 1819 4947 αὐτῷ
1866 4879 1976 4932 ἀπὸ

2083 4890 2361 4946 Christum
2381 4889 2712 4946 contumelia
2743 4888 2930 4956 allicit,
2969 4888 3104 4942 nihil
3144 4888 3194 4943 ei
3224 4887 3448 4957 prodest
3478 4890 3666 4958 appel-

388 4967 490 5036 τῆς
519 4967 913 5038 προσηγορίας.
2085 4984 2241 5039 latio.

464 5058 555 5122 ξε’.
603 5059 661 5112 Ὁ
695 5060 950 5130 γοητείαν
995 5060 1027 5131 ἢ
1085 5060 1439 5132 φαρμακείαν
1488 5058 1851 5132 ἐξαγορεύων,
1888 5061 1979 5116 τὸν

2158 5053 2247 5109 65.
2294 5052 2398 5119 Qui
2454 5053 2760 5125 praestigias
2816 5053 2901 5107 vel
2957 5054 3282 5110 veneficium
3354 5052 3668 5119 conﬁtetur,

390 5148 486 5201 τοῦ
516 5150 721 5219 φονέως
766 5151 956 5221 χρόνον
994 5152 1473 5222 ἐξομολογήσεται,
1536 5150 1710 5214 οὕτως
1768 5151 1979 5204 οἰκονο-

2088 5146 2137 5199 is
2161 5145 2447 5201 homicida:
2483 5154 2698 5214 tempus
2732 5146 2787 5199 in
2832 5146 3155 5215 paenitentia
3201 5147 3404 5211 ducet;
3451 5155 3505 5199 et
3543 5160 3669 5199 cum

395 5238 690 5310 μούμενος,
743 5241 816 5305 ὡς
873 5244 934 5296 ἐν
984 5242 1181 5313 ἐκείνῳ
1227 5242 1306 5312 τῷ
1366 5242 1726 5313 ἁμαρτήματι
1782 5243 1979 5297 ἑαυτὸν

2089 5236 2181 5291 illo
2209 5244 2422 5307 agetur,
2456 5235 2604 5292 velut
2633 5251 2756 5291 cum
2801 5250 2867 5291 eo
2920 5236 3014 5307 qui
3047 5252 3108 5291 se
3137 5238 3253 5307 ipse
3299 5236 3351 5290 in
3402 5235 3507 5290 hoc
3549 5248 3670 5304 pec-

393 5331 639 5398 ἐλέγξας.

2088 5337 2209 5384 cato
2235 5323 2434 5398 prodit.
3536 5400 3550 5411 ἱ

463 5422 559 5494 οβ’.
609 5424 667 5478 Ὁ
704 5427 965 5496 μάντεσιν
1001 5427 1194 5481 ἑαυτὸν
1261 5428 1534 5490 ἐπιδιδοὺς
1597 5429 1630 5497 ἦ
1666 5443 1775 5479 τισι
1808 5425 1984 5479 τοιού-

2157 5420 2246 5475 72.
2298 5420 2400 5487 Qui
2432 5435 2491 5476 se
2519 5420 2737 5474 vatibus
2769 5419 2850 5472 vel
2887 5416 3160 5488 ejusmodi
3190 5418 3312 5472 aliis
3344 5414 3524 5479 tradit,
3554 5413 3667 5484 ipse

393 5533 525 5581 τοις,
558 5517 651 5571 τὸν
682 5518 876 5589 χρόνον
910 5519 1020 5572 τῶν
1076 5519 1284 5588 φονέων
1339 5520 1435 5572 καὶ
1480 5518 1642 5582 αὐτὸς
1696 5520 1986 5589 οἰκονομη-

1572 5518 1642 5582 ;ὸς
1696 5520 1986 5589 οἱκονομη-
2083 5529 2304 5586 quoque
2330 5513 2625 5570 homicida:
2660 5522 2905 5581 tempore
2933 5510 3209 5580 punietur.

398 5607 648 5676 θήσεται.
2158 5594 2165 5599 ’

466 5698 565 5768 ογ’.
617 5704 675 5754 ’0
705 5703 797 5757 τὸν
841 5704 1078 5775 Χριστὸν
1136 5704 1536 5775 ἀρνησάμενος,
1582 5704 1675 5759 καὶ
1729 5704 1984 5776 παραὸὰς

2156 5697 2242 5754 75.
2273 5696 2375 5764 Qui
2421 5693 2639 5766 negavit
2690 5691 2971 5748 Christum
3019 5698 3072 5743 et
3104 5687 3296 5743 salutis
3348 5685 3664 5758 mysterium

478 5840 518 5868 δε
545 5842 733 5899 Matth.
764 5859 822 5910 ιι,
847 5843 926 5897 l6.
1004 5844 1046 5875 ⁵⁷
1080 5842 1265 5899 lTim.
1288 5862 1357 5913 γι,
1394 5848 1473 5915 Η,
1504 5847 1585 5901 12.
