4146 6464
568 401 665 468 951
1749 407 1975 468 ΡΗΟΤΙ
1983 407 2010 467 Ι
2043 407 2163 469 ΡΛἿ

2266 407 2557 473 LARCHE
2597 410 2709 469 (ΖΡ.
3767 409 3877 473 952

566 519 812 584 violavit,
844 526 962 575 toto
1009 519 1137 577 vitae
1187 538 1300 578 suae
1327 531 1572 595 tempore
1594 522 1746 589 ﬂere,
1779 533 1835 580 et
1880 524 2157 594 poeniten-

2266 526 2323 579 τὸ
2365 528 2467 597 τῆς
2527 525 2806 596 σωτηρίας
2866 524 3183 595 μυστήριον,
3235 522 3293 575 ἐν
3333 519 3495 575 παντὶ
3543 520 3635 592 τῷ
3692 526 3874 593 χρόνῳ

568 617 702 669 tiam
733 631 895 686 agere
928 615 1117 681 debet,
1144 618 1221 673 sic
1250 627 1453 682 tamen,
1482 627 1542 671 ut
1567 628 1812 686 tempore
1842 632 1953 686 quo
1989 633 2021 672 e
2052 618 2160 671 vita

2266 618 2368 686 τῆς
2401 618 2547 687 ζωῆς
2574 614 2740 671 αὑτοῦ
2799 615 3153 687 προσκλαίειν
3206 614 3431 682 ὀφείλει,
3466 617 3560 670 καὶ
3604 615 3872 685 ἐξομολο-

568 709 804 771 excellit,
856 718 1206 764 sacramento
1250 710 1450 781 dignus
1496 708 1764 764 habeatur
1796 710 1870 765 ob
1914 710 2074 765 [idem
2107 708 2160 763 in

2266 706 2480 775 γείσθαι
2501 709 2769 777 χρεωστεί
2803 723 2821 741 ο
2854 709 2913 759 ἐν
2938 706 3015 777 τῷ
3041 705 3221 777 καιρῷ
3245 698 3291 774 ᾧ
3318 706 3561 760 ἐκϐαίνει
3595 708 3704 761 τοῦ
3729 708 3870 777 βίου,

571 800 667 856 Dei
706 802 1078 856 clementiam.

638 986 729 1041 81.
776 986 1047 1052 Quoniam
1102 995 1286 1040 autem
1341 985 1500 1041 multi
1544 986 1600 1040 in
1635 984 2013 1042 Barbarorum
2071 984 2158 1039 iu-

567 1078 846 1141 cursione,
870 1086 999 1141 etc.,
1019 1085 1076 1128 ut
1093 1092 1219 1146 pag.
1242 1074 1372 1130 9‘26.

636 1187 728 1241 85.
773 1185 874 1252 Qui
917 1186 1287 1240 vaticinantur
1326 1197 1380 1241 et
1421 1185 1849 1243 consuetudines
1893 1186 2161 1257 gentium,

564 1288 695 1347 ctc.,
724 1287 782 1334 ut
808 1295 933 1348 pag.
963 1278 1088 1333 954.

845 1407 1009 1480 457
1062 1407 1303 1480 Gregorii
1327 1406 1558 1479 Nysseni
1585 1423 1705 1479 cap.
1739 1408 1791 1465 ἰ.
1815 1408 1871 1462 ‘2.

634 1538 690 1593 1.
724 1537 823 1594 llis
870 1539 1055 1608 itaque
1102 1539 1207 1594 hoc
1257 1537 1422 1593 modo
1470 1536 1775 1605 distinctis,
1814 1549 2158 1608 quaecunque

2266 798 2359 851 τοῦ
2382 800 2724 870 ἁγιάσματος
2773 799 3097 871 ἀξιούμενος
3128 800 3312 852 πίστει
3350 798 3455 870 τῆς
3494 798 3663 871 παρὰ
3726 800 3869 855 Θεοῦ

2266 891 2463 962 φιλανθ
2471 892 2707 964 ρώπιας.

2337 982 2449 1037 πα¹.
2491 983 2709 1054 Ἐπειδὴ
2740 983 2797 1036 δέ
2832 982 3018 1038 πολλοὶ
3051 985 3109 1037 ἐν
3137 986 3204 1057 τῇ
3253 983 3365 1038 τῶν
3401 983 3717 1059 βαρϐάρων
3772 1005 3874 1040 κα-

2263 1076 2532 1147 ταδρομῇ,
2569 1093 2626 1130 κ.
2643 1093 2694 1130 τ.
2727 1076 2777 1130 λ.

2331 1186 2444 1258 πγ’.
2479 1189 2542 1241 Oi
2598 1188 3157 1259 καταμαντευόμενοι,
3222 1188 3315 1241 καὶ
3364 1190 3483 1252 ταῖς
3540 1189 3875 1261 συνηθείαις

2266 1281 2373 1335 τῶν
2402 1280 2573 1336 ἐθνῶν
2595 1280 3103 1348 ἐξακολουθοῦντες,
3138 1298 3193 1338 κ.
3220 1299 3271 1335 τ.
3300 1281 3351 1336 λ.

2553 1411 2891 1481 Γρηγορίου
2921 1412 3179 1480 Νύσσης
3230 1429 3365 1482 κεφ.
3394 1412 3468 1479 α’,
3503 1413 3571 1485 β’.

2337 1539 2409 1593 α’.
2444 1539 2665 1593 Τούτων
2706 1540 2887 1593 τοίνυν
2948 1538 3093 1593 κατά
3143 1540 3235 1593 τὸν
3268 1541 3559 1612 εἰρημένον
3624 1542 3869 1613 διευκρι-

565 1631 787 1701 quidem
832 1641 1058 1701 peccata
1103 1630 1320 1685 ratione
1366 1630 1647 1699 praaditam
1697 1629 1894 1685 animae
1942 1637 2156 1699 partem

2266 1631 2542 1702 νηθέντων
2561 1630 2787 1700 τρόπον,
2816 1632 2917 1684 ὅσα
2949 1629 3049 1701 μὲν
3082 1631 3463 1703 ἁμαρτήματα
3488 1631 3585 1686 τοῦ
3624 1633 3869 1703 λογιστι-

566 1724 859 1792 attingunt,
886 1736 1008 1777 esse
1039 1722 1292 1791 graviora
1321 1736 1353 1775 a
1378 1721 1633 1776 Patrihus
1658 1719 1905 1790 iudicata
1935 1716 2085 1783 sunt,
2110 1725 2163 1772 et

2266 1722 2365 1776 κοῦ
2394 1723 2495 1790 τῆς
2526 1720 2708 1792 ψυχῆς
2757 1721 2994 1775 ἅπτεται
3023 1721 3247 1792 μέρους,
3302 1722 3677 1795 χαλεπώτερα
3715 1726 3865 1796 παρὰ

568 1813 765 1884 majori
808 1830 874 1870 ac
914 1812 1293 1870 sullicientiori
1326 1824 1381 1870 et
1414 1813 1765 1869 laboriosiori
1801 1814 2162 1869 conversione

2266 1809 2374 1863 τῶν
2400 1810 2661 1880 Πατέρων
2688 1810 2907 1881 ἐκρίθη,
2935 1812 3029 1864 καί⁵
3084 1811 3333 1882 μείζονος
3384 1812 3481 1866 καὶ
3532 1813 3865 1883 διαρκεστέ-

565 1907 730 1978 digna
780 1925 795 1962 :
844 1907 1309 1978 quemadmodum
1349 1907 1396 1963 si
1429 1908 1554 1978 quis
1587 1906 1748 1962 [idem
1783 1906 1839 1961 in
1874 1906 2158 1961 Christum

568 2000 805 2075 negavit,
838 2000 923 2055 vel
966 1999 1032 2054 ad
1077 1999 1443 2066 Judaismum,
1474 2000 1556 2055 vel
1602 1999 1874 2055 idolorum
1920 1998 2153 2064 cultum,

567 2092 652 2147 vel
699 2092 1210 2159 Manichteismum,
1256 2093 1342 2148 vel
1392 2092 1611 2160 aliquod
1662 2091 1809 2146 aliud
1864 2090 2161 2160 impietatis

568 2200 742 2254 genus
766 2184 1068 2240 descivisse
1095 2184 1248 2240 visus
1281 2185 1371 2247 sit,
1398 2184 1489 2254 qui
1523 2183 1827 2238 voluntarie
1852 2181 2072 2252 quidem
2102 2197 2163 2237 se

568 2276 634 2330 ad
664 2274 716 2330 id
750 2275 952 2330 malum
982 2277 1236 2343 contulit,
1260 2276 1457 2331 deinde
1486 2276 1726 2344 seipsum
1755 2273 2159 2341 condemnavit,

569 2375 742 2421 totum
779 2375 995 2438 tempus
1026 2370 1149 2422 vitae
1182 2368 1345 2422 habet
1376 2368 1708 2436 ptenitentize
1743 2377 1975 2436 tempus.
2010 2366 2163 2421 Nun-

567 2473 731 2527 quam
764 2460 934 2523 euim,
963 2460 1009 2515 si
1044 2460 1273 2530 mystica
1305 2470 1597 2529 peragatur
1626 2459 1823 2523 oratio,
1855 2457 2021 2512 Deum
2048 2472 2160 2513 una

567 2566 690 2605 cum
720 2552 922 2621 populo
946 2551 1177 2606 adorare
1204 2552 1401 2621 dignus
1428 2552 1761 2617 censebitur,
1785 2551 1878 2605 sed
1908 2565 2159 2606 seorsum

567 2643 911 2712 precabitur;
961 2659 992 2698 a
1038 2653 1503 2698 sacramentorum
1549 2653 1729 2698 autem
1773 2643 2163 2699 communione

566 2734 795 2788 omnino
836 2735 941 2788 erit
981 2734 1229 2800 alienus;
1268 2734 1321 2788 in
1360 2734 1492 2788 hora
1529 2744 1710 2788 autem
1740 2734 1823 2788 sui
1860 2749 1890 2788 e
1921 2735 2027 2788 vita
2063 2750 2163 2788 cx-

566 2840 778 2892 cessus,
807 2825 1134 2881 sacramenti
1167 2826 1573 2880 communionis
1603 2826 1708 2879 erit
1740 2825 2029 2895 particeps.
2060 2822 2157 2879 Sin

565 2930 745 2976 autem
777 2920 1065 2990 contigerit
1098 2928 1159 2974 ut
1190 2919 1237 2974 is
1264 2928 1459 2989 praeter
1490 2934 1640 2988 spem
1671 2918 1848 2982 vivat,
1881 2920 1934 2973 in
1968 2919 2156 2973 eodem

565 3029 760 3069 rursus
782 3013 925 3068 vivet
944 3012 1173 3082 judicio,
1197 3012 1555 3083 mysticorum
1585 3019 2056 3066 sacramentorqu
2090 3011 2157 3062 ad

563 3105 692 3159 vita:
722 3105 929 3159 exitum
964 3118 1138 3173 usque
1171 3118 1388 3173 expers.
1423 3102 1529 3168 Qui
1562 3112 1746 3157 autem
1783 3101 2072 3156 tormentis
2105 3109 2161 3153 et

2272 1919 2375 1973 ρας
2402 1903 2495 1956 καὶ
2520 1904 2931 1974 ἐπιπονωτέρας
2955 1904 3056 1973 τῆς
3081 1905 3421 1976 ἐπιστροφῆς
3452 1905 3581 1971 ἀξια
3602 1924 3617 1939 ο
3654 1902 3771 1961 οἷον
3818 1910 3867 1961 εί

2270 2011 2356 2057 τις
2388 1995 2669 2064 ἠρνήσατο
2690 1995 2787 2067 τὴν
2815 1998 2894 2060 εἰς
2924 1996 3163 2068 Χριστὸν
3182 1998 3389 2062 πίστιν,
3446 1999 3480 2070 ἢ
3528 1999 3675 2071 πρὸς
3736 2000 3864 2053 Ἰου-

2270 2086 2521 2157 δαῖσμδν,
2548 2086 2737 2158 ήπρδς
2766 2088 3204 2159 εἰδωλολατρίαν,
3234 2089 3267 2161 ἢ
3300 2091 3436 2160 πρὸς
3452 2092 3860 2162 Μανιχαῖσμὸν,

2271 2179 2304 2250 ή
2338 2179 2474 2248 πρὸς
2501 2178 2630 2233 ἄλλο
2671 2197 2725 2233 τι
2757 2180 2998 2234 τοιοῦτον
3044 2182 3235 2245 ἀθεΐας
3274 2180 3434 2246 εἶδος,
3479 2183 3862 2255 αὐτομολήσας

2271 2272 2444 2342 ἐφάνη
2466 2288 2480 2302 ⁸
2515 2275 2543 2325 ό
2576 2272 2673 2343 μὲν
2705 2272 2970 2337 ἑκουσίως
2996 2274 3091 2326 ἐπὶ
3117 2273 3178 2327 τὸ
3200 2275 3446 2328 τοιοῦτον
3468 2278 3727 2346 ὁρμήσας
3764 2295 3857 2329 κα-

2270 2367 2388 2430 κδν,
2419 2361 2539 2419 εἶτα
2566 2365 2874 2434 καταγνοὺς
2903 2366 3123 2429 ἑαυτοῦ,
3170 2368 3363 2436 χρόνον
3415 2368 3508 2419 τὸν
3543 2368 3650 2437 τῆς
3693 2385 3857 2438 μετα-

2270 2459 2421 2521 νοίας
2447 2458 2561 2528 ἔχει
2592 2458 2713 2511 ὅλον
2738 2460 2831 2511 τὸν
2854 2459 2953 2527 τῆς
2978 2458 3123 2527 ζωῆς
3153 2458 3320 2511 αὑτοῦ
3354 2474 3365 2487 ·
3404 2460 3527 2512 οὐδέ
3587 2478 3719 2512 ποτε
3757 2460 3859 2531 γὰρ

2272 2551 2541 2623 μυστικῆς
2568 2550 2996 2619 ἐπιτελουμένης
3021 2550 3206 2620 εὐχῆς,
3243 2551 3381 2620 μετά
3404 2550 3496 2603 τοῦ
3522 2551 3662 2604 λαοῦ
3691 2569 3851 2621 προσ-

2268 2646 2502 2715 κυνῆσαι
2549 2643 2641 2696 τὸν
2701 2644 2834 2695 Θεὸν
2890 2643 3267 2708 καταξιοῧται,
3321 2643 3457 2697 ἀλλά
3542 2645 3855 2715 καταμόνας

2274 2734 2373 2805 μὲν
2402 2732 2643 2797 εὔξεται,
2666 2732 2764 2802 τῆς
2785 2731 2841 2784 δὲ
2861 2733 3144 2796 κοινωνίας
3167 2733 3275 2785 τῶν
3298 2734 3430 2801 ἅγια
3441 2734 3693 2805 σμάτων,
3731 2734 3856 2788 καθ-

2266 2825 2389 2879 όλου
2437 2825 2719 2895 ἀλλότριος
2775 2823 2928 2876 ἔσται
2968 2840 2983 2854 ο
3054 2825 3112 2876 ἐν
3150 2822 3207 2875 δὲ
3264 2826 3327 2894 τῇ
3362 2824 3480 2895 ὥρα
3538 2829 3641 2895 τῇς
3684 2825 3853 2889 ἐξόδου

2269 2919 2456 2985 αὐτοῦ,
2470 2919 2593 2972 τότε
2614 2920 2713 2988 τῆς
2732 2916 2826 2971 τοῦ
2849 2917 3191 2988 ἀγιὰσματος
3209 2918 3428 2988 μερίδος
3457 2918 3821 2988 ἀξιωθήσεται
3836 2934 3851 2948 ·

2268 3013 2316 3065 εἰ
2344 3011 2400 3064 δὲ
2437 3010 2677 3081 συμϐαίη
2697 3009 2827 3079 παρ’
2849 3010 3039 3062 ἐλπίδα
3075 3009 3239 3079 ζῆσαι
3259 3009 3445 3073 αὐτὸν,
3491 3009 3664 3063 πάλιν
3698 3012 3753 3061 ἐν
3781 3008 3852 3078 τῷ

2268 3105 2417 3173 αὐτῷ
2448 3102 2677 3174 κρίματι
2711 3100 3063 3155 διαϐιὼσεται
3096 3102 3366 3173 ἀμέτοχος
3404 3102 3513 3155 τῶν
3580 3101 3848 3173 μυστικῶν

565 3198 824 3267 gravibus
854 3195 1138 3266 suppliciis
1167 3195 1491 3259 excruciati,
1520 3195 1555 3249 ii
1587 3196 1892 3264 praestituto
1920 3203 2162 3263 tempore

2268 3195 2633 3267 ἁγιασμάτων
2664 3195 2825 3266 μέχρι
2855 3195 2954 3265 τῆς
2979 3193 3164 3259 ἐξόδου
3211 3196 3531 3264 γινόμενος·
3577 3196 3629 3248 οἰ
3666 3195 3721 3248 δὲ
3758 3193 3846 3264 βα·

565 3288 901 3357 punieutur,
948 3286 1152 3340 sanctis
1199 3285 1452 3339 Patrihus
1502 3286 1582 3339 sic
1626 3285 1682 3338 iu
1730 3300 1829 3339 eos
1872 3283 2158 3338 clementia

571 3380 719 3444 usis,
750 3387 1010 3447 tanquam
1049 3376 1231 3431 anima
1269 3392 1379 3430 non
1417 3377 1568 3445 lapsa
1604 3377 1695 3439 sit,
1732 3376 1824 3431 sed
1859 3377 2160 3446 corporalis

566 3470 915 3526 imbecillitas
938 3468 1225 3538 tormentis
1249 3482 1356 3521 non
1383 3468 1668 3524 restiterit.
1695 3468 1876 3535 Quare
1900 3483 2156 3522 mensura

567 3577 757 3616 eorum
784 3562 874 3632 qui
902 3563 955 3616 iu
981 3560 1346 3615 fornicatione
1371 3570 1691 3631 peccarunt,
1709 3570 1763 3615 et
1786 3560 1836 3614 vi
1861 3560 2158 3628 doloreque

567 3668 822 3723 expressa
854 3653 1237 3724 transgressio,
1268 3652 1324 3706 in
1354 3652 1735 3717 conversione,
1760 3651 1950 3707 eodem
1983 3651 2162 3721 spatio

568 3747 815 3803 dimensa
842 3754 946 3801 est.

636 4028 672 4083 2
702 4026 806 4102 [5].
835 4025 939 4095 Qui
976 4027 1047 4083 ad
1079 4025 1532 4098 praestigiatores,
1562 4022 1646 4078 vel
1677 4032 1830 4078 vates
1863 4021 2153 4085 abierunt,

568 4122 654 4179 vel
700 4138 798 4178 eos
845 4121 941 4192 qui
992 4136 1088 4191 per
1129 4120 1407 4174 daamones
1451 4132 1511 4171 se
1549 4115 1766 4187 piacula
1812 4116 2061 4185 quaedam
2106 4122 2161 4170 et

568 4215 885 4271 aversiones
909 4222 1233 4283 operaturos
1258 4210 1615 4281 pollicentur;
1647 4208 1683 4262 ii
1711 4217 1901 4263 exacte
1924 4208 2162 4263 interro-

567 4320 769 4379 gantur
798 4318 852 4362 et
885 4305 1295 4370 exatuiuantur,
1330 4314 1515 4357 utrum
1554 4301 1609 4355 in
1645 4300 1751 4355 ﬁde
1785 4301 1838 4355 in
1874 4299 2157 4356 Christum

570 4409 970 4470 permanentes,
999 4414 1027 4452 a
1052 4396 1375 4453 necessitate
1404 4393 1587 4463 aliqua
1617 4392 1683 4448 ad
1712 4392 1843 4447 illud
1876 4403 2157 4463 peccatum

566 4491 735 4564 458
766 4489 989 4560 impulsi
1025 4497 1185 4553 sunt,
1216 4502 1340 4542 cum
1377 4484 1598 4540 alllictio
1630 4483 1812 4555 aliqua
1841 4484 1923 4538 vel
1960 4484 2160 4541 intole-

566 4586 758 4642 rabilis
799 4585 1015 4655 jactura
1064 4583 1214 4637 hunc
1268 4580 1374 4636 illis
1424 4579 1669 4634 animum
1720 4578 2040 4643 indidisset;
2094 4593 2161 4631 an
2199 4564 2240 4618 Ι)

569 4677 798 4731 omnino
829 4676 1075 4745 neglecto
1106 4673 1252 4744 quod
1290 4672 1450 4728 nobis
1485 4671 1755 4728 creditum
1792 4680 1875 4727 est
1910 4671 2161 4727 testimo-

573 4770 698 4835 nio,
740 4771 806 4823 ad
855 4771 1165 4823 daemonum
1214 4766 1533 4823 societatem
1583 4780 1644 4821 se
1687 4764 2060 4820 contulerunt.
2105 4762 2162 4817 Si

571 4861 715 4916 enim
743 4861 810 4916 ad
838 4860 998 4915 ﬁdem
1031 4860 1437 4934 inﬁrmandam,
1461 4868 1514 4912 et
1537 4857 1681 4927 quod
1709 4856 1877 4911 Deum
1909 4872 2030 4911 esse
2055 4870 2164 4909 nou

574 4951 895 5017 crederent,
928 4951 1021 5021 qui
1067 4967 1098 5005 a
1140 4950 1466 5005 Christianis
1510 4947 1752 5003 creditur
1790 4958 1843 5003 et
1884 4950 2164 5010 ailoratur,

573 5043 705 5097 illud
749 5041 1027 5105 fecerunt,
1055 5049 1219 5096 erunt
1260 5041 1471 5097 scilicet
1533 5047 1911 5111 apostatarum
1954 5039 2167 5110 judicio

573 5134 820 5190 obnoxii.
855 5134 950 5189 Sin
990 5145 1172 5189 autem
1209 5149 1316 5190 non
1353 5131 1576 5188 ferenda
1613 5132 1914 5188 necessitas
1951 5132 2165 5202 aliqua,

573 5226 773 5297 pusillo
799 5236 854 5282 et
875 5227 1086 5297 abjecto
1116 5241 1308 5281 eorum
1339 5226 1525 5279 animo
1551 5233 1829 5294 superato,
1853 5239 1920 5279 eo
1944 5223 2172 5278 deduxit

577 5320 715 5375 falsa
746 5319 929 5390 aliqua
962 5334 1057 5387 spe
1088 5318 1384 5383 deductos;
1423 5316 1677 5372 similiter
1709 5315 1816 5371 erit
1845 5325 1901 5370 et
1933 5316 1986 5371 in
2022 5316 2171 5385 ipsos

577 5413 897 5478 clementia,
926 5412 1102 5466 instar
1136 5426 1326 5466 eorum
1366 5410 1461 5480 qui
1503 5409 1793 5465 tormentis
1834 5410 1886 5463 in
1929 5417 2173 5479 tempore

579 5503 946 5561 confessionis
971 5502 1230 5560 resistere
1258 5516 1368 5557 non
1397 5510 1714 5572 potuerunt.

652 5779 795 5859 Lege
841 5796 965 5861 quae
997 5790 1260 5838 annotata
1293 5790 1423 5840 sunt
1461 5782 1515 5838 in
1574 5795 1693 5851 cap.
1730 5778 1804 5835 25
1855 5779 1940 5836 tit.
1973 5780 2006 5835 9
2033 5796 2172 5853 pra:-

584 5861 759 5907 seutts
781 5865 985 5919 operis.

2270 3289 2452 3352 σάνοις
2486 3286 2581 3340 καὶ
2614 3286 2910 3357 τιμωρίαις
2942 3286 3207 3356 χαλεπαῖς
3235 3286 3601 3351 αἰκισθέντες,
3631 3289 3687 3341 ἐν
3713 3286 3850 3358 ῥητῷ

2268 3381 2446 3453 χρόνῳ
2488 3378 2948 3449 ἐπετιμήθησανο
2990 3378 3135 3433 οὕτω
3202 3379 3311 3432 τῶν
3377 3380 3551 3448 ἁγίων
3603 3381 3846 3450 Πατέρων

2269 3474 2654 3545 φιλανθρωπίᾳ
2687 3475 2772 3526 ἐπ’
2804 3472 2983 3526 αὐτῶν
3015 3475 3404 3545 χρησαμένων,
3435 3474 3513 3536 ὡς
3540 3473 3846 3545 οὒχίψυχῆς

2268 3565 2646 3637 γεγενημένης
2678 3567 2736 3619 ἐν
2760 3566 3039 3636 πτώματι,
3070 3564 3205 3618 ἀλλά
3233 3569 3333 3638 τῆς
3352 3569 3675 3636 σωματικῆς
3696 3565 3844 3619 ἀσθε-

2266 3660 2416 3723 νείας
2474 3657 2611 3730 πρὸς
2654 3658 2753 3721 τὰς
2808 3658 2993 3718 αἰκίας
3053 3659 3157 3710 οὐκ
3210 3656 3725 3727 ἀντισχούσης·διὺ
3775 3653 3844 3723 τῷ

2272 3749 2457 3822 μέτρῳ
2518 3750 2628 3803 τῶν
2672 3750 2729 3802 ἐν
2780 3750 3012 3819 πορνείᾳ
3074 3748 3617 3819 πλημμελησὰντων,
3675 3746 3764 3799 καὶ
3813 3745 3841 3812 ἡ

2186 3848 2193 3855 ’
2270 3841 2606 3914 βεϐιασμένη
2642 3855 2702 3892 τε
2743 3840 2837 3893 καὶ
2864 3839 3138 3903 ἐπώδυνος
3191 3840 3506 3911 παράϐασις
3550 3841 3610 3894 ἐν
3641 3841 3703 3910 τῇ
3737 3839 3843 3891 ἐπι⁸

2268 3936 2477 4006 στροφῇ
2510 3930 2919 4003 συνεμετρήθη.

2340 4023 2405 4096 β’.
2422 4026 2487 4078 Οί
2503 4024 2559 4077 δὲ
2588 4023 2725 4095 πρὸς
2749 4023 2953 4094 γόητας
2966 4022 3243 4087 ἀπιόντες,
3260 4023 3293 4094 ἢ
3318 4023 3569 4094 μάντεις,
3586 4025 3618 4096 ἢ
3634 4022 3753 4085 τοὺς
3764 4023 3840 4074 διὰ

2268 4118 2542 4188 δαιμόνων
2568 4117 2850 4188 καθάρσια
2875 4134 2997 4169 τινα
3038 4117 3132 4170 καὶ
3171 4120 3668 4190 ἀποτροπιασμοὺς
3698 4118 3837 4185 ἐνερ-

2270 4213 2387 4281 γείν
2421 4209 2919 4279 ὑπισχνουμένους,
2940 4202 3088 4262 οὗτοι
3118 4209 3432 4280 ἐρωτῶνται
3475 4210 3542 4264 δι’
3575 4207 3839 4281 ἀκριϐείας

2269 4302 2792 4371 καὶὰνακρίνονται,
2837 4301 3070 4370 πότερον
3092 4302 3451 4371 ἐπιμένοντες
3499 4307 3564 4375 τῇ
3589 4306 3666 4365 εἰς
3714 4302 3836 4371 Χρι-

2272 4395 2397 4448 στὸν
2428 4392 2610 4446 πίστει
2648 4393 2741 4445 ὑπ’
2762 4392 3009 4462 ἀνάγκης
3028 4393 3173 4457 τινος
3208 4395 3618 4465 συνηνέχθησαν
3673 4391 3835 4460 ἐκείνη

2269 4488 2337 4557 τῇ
2373 4485 2639 4556 ἁμαρτίᾳ,
2685 4484 2986 4547 κακώσεως
3031 4502 3177 4546 τινος
3237 4485 3273 4556 ἢ
3321 4488 3600 4558 ἀφορήτου
3650 4484 3833 4555 ζημίας

2268 4579 2475 4647 ταύτην
2494 4576 2678 4639 αὐτοῖς
2710 4575 2808 4645 τὴν
2831 4574 3009 4645 ὁρμὴν
3033 4576 3390 4646 ἐμποιούσης,
3418 4579 3450 4649 ἦ
3492 4580 3716 4633 καθόλου
3744 4591 3831 4627 κα-

2266 4669 2712 4740 ταφρονήσαντες
2736 4667 2828 4720 τοῦ
2850 4668 3287 4738 πεπιστευμένου
3346 4673 3478 4739 παρ’
3507 4673 3538 4741 ή
3549 4672 3664 4740 μῶν
3706 4684 3832 4738 μαρ-

2266 4762 2477 4832 τυρίου,
2513 4763 2580 4831 τῇ
2608 4760 2717 4813 τῶν
2747 4759 3025 4828 δαιμόνων
3076 4761 3369 4832 συμμαχία
3418 4763 3785 4833 προσέδραμον
3815 4770 3828 4783 ⁸

2266 4855 2316 4908 εἰ
2345 4854 2445 4925 μὲν
2474 4854 2584 4923 γὰρ
2617 4853 2711 4907 ἐπὶ
2741 4853 2997 4923 ἀθετήσει
3027 4853 3128 4924 τῆς
3168 4855 3429 4918 πίστεως,
3462 4858 3558 4911 καὶ
3604 4855 3730 4925 πρὸς
3780 4848 3832 4900 τὸ

2270 4948 2348 5019 μὴ
2374 4947 2654 5000 πιστεύειν
2712 4941 2852 4998 εἶναι
2884 4945 3017 4998 Θεὸν
3053 4945 3143 4999 τὸν
3176 4946 3327 5016 παρὰ
3354 4947 3464 5001 τῶν
3513 4940 3830 5019 Χριστιανῶν

2269 5039 2769 5112 προσκυνούμενον,
2804 5040 2982 5092 ἐκεῖνο
3040 5040 3323 5108 ἐποίησαν,
3362 5040 3565 5112 δηλαδὴ
3611 5038 3683 5109 τῷ
3726 5032 3830 5104 κρί-

2275 5152 2406 5204 ματι
2455 5135 2566 5187 τῶν
2626 5132 2995 5203 παραϐάντων
3068 5131 3477 5203 ὑπαχθήσονται
3512 5152 3526 5166 ’
3562 5136 3608 5188 εί
3665 5131 3717 5184 δέ
3760 5141 3827 5185 τις

2271 5225 2621 5287 ἁϐάστακτος
2666 5225 2883 5293 ἀνάγκη
2922 5227 3395 5296 κατακρατήσασα
3436 5227 3535 5297 τῆς
3592 5218 3825 5295 μικροψυ-

2272 5316 2395 5387 χίας
2424 5316 2630 5378 αὺτῶν,
2670 5316 2748 5378 εἰς
2781 5316 2941 5368 τοῦτο
2997 5318 3285 5387 προήγαγε
3327 5319 3416 5372 διά
3458 5336 3603 5379 τινος
3635 5318 3826 5385 ἠπατη-

2279 5410 2448 5481 μένης
2477 5409 2695 5470 ἐλπίδος
2723 5408 3270 5482 παρακρουσθέντας,
3290 5410 3553 5475 ὡσαύτως
3581 5410 3718 5462 ἔσται
3748 5396 3823 5452 καὶ

2273 5504 2361 5557 ἐπ’
2386 5501 2565 5556 αὐτῶν
2593 5504 2626 5572 ή
2649 5501 3055 5571 φιλανθρωπία,
3080 5501 3204 5555 καθ’
3260 5503 3558 5573 ὁμοιότητα
3584 5499 3688 5553 τῶν
3711 5489 3822 5562 πρὸς

2274 5597 2375 5658 τὰς
2401 5594 2669 5663 βασάνους
2702 5596 2759 5648 ἐν
2783 5593 2859 5664 τῷ
2890 5595 3067 5665 καιρῷ
3093 5594 3192 5663 τῆς
3248 5594 3539 5664 ὁμολογίας
3583 5582 3822 5656 ἀντισχεῖν

2278 5689 2354 5759 μὴ
2382 5685 2741 5757 δυνηθέντων.

2361 5780 2661 5853 Ἀνάγνωθι
2689 5781 2758 5853 τά
2798 5780 3236 5853 παραγραφέντα
3259 5782 3317 5834 ἐν
3358 5780 3436 5853 τῷ
3469 5777 3545 5835 κε’
3577 5790 3693 5846 κεφ.
3741 5762 3818 5815 το)

2279 5851 2322 5903 θ’
2358 5853 2465 5907 τίτ.
2488 5850 2583 5905 τοῦ
2609 5849 3309 5923 παρόντοςσυντάγματος.
