4146 6436
320 406 455 469 θἰἒι

1139 402 1542 466 SYNTAGMA
1579 402 1971 467 CANONUM.
2001 430 2072 444 -
2101 406 2253 469 TIT.
2292 404 2467 478 XIII,
2509 406 2666 466 CAP.
2698 404 2862 470 XXI.

3537 403 3643 465 954

420 517 675 573 ΚΕΦΑᾹ.
707 515 842 572 KA'.
882 516 1106 585 ——Hepl
1141 516 1456 585 σκηνικῶν
1492 517 1591 571 καί
1621 518 1821 587 μίμων
1856 519 1956 573 καὶ

2134 518 2285 574 CAP.
2317 518 2465 574 XXI.
2492 545 2561 559 —-
2593 518 2671 572 De
2693 518 2911 573 scenicis
2931 524 2982 571 ct
3005 516 3181 571 mimis
3206 527 3361 589 atque
3394 516 3513 570 aliis
3544 518 3645 569 Im-

325 612 470 667 τῶν
491 612 714 681 ὁμοίων
744 611 1224 680 μετανοούντων.

529 700 802 756 Συνόδου
833 698 1257 767 Καρθαγέννης
1271 697 1475 752 κανὼν
1511 698 1631 769 μς’,
1666 695 1766 766 ξγ’.

420 792 563 859 Περὶ
586 789 896 856 σκηνικῶν
922 791 1385 858 μετανοούντων
1434 788 1536 842 και
1583 788 1946 857 ἐπιστεφόν-

331 901 472 937 των
496 883 647 951 πρὸς
676 884 918 951 Κύριον.

426 982 548 1047 pg’.
578 976 744 1027 Ὠστε
777 976 891 1037 τοῖς
943 973 1227 1043 σκηνικοῖς
1283 972 1379 1026 καὶ
1439 972 1629 1043 μίμοις
1683 970 1779 1025 καὶ
1835 974 1949 1035 τοῖς

336 1060 566 1128 λοιποῖς
623 1064 1064 1136 τοιουτοτρόποις
1121 1062 1438 1134 προσώποις
1493 1064 1526 1134 ἢ
1588 1063 1945 1127 ἀποστάταις,

345 1154 682 1226 μετανοοῦσι
721 1154 816 1207 καὶ
882 1153 1276 1223 ἐπιστρέφουσι
1319 1154 1455 1223 πρὸς
1502 1153 1658 1221 Θεὸν,
1712 1154 1874 1225 χάριν
1914 1152 1949 1223 ἢ

345 1245 717 1314 καταλλαγὴν
744 1246 820 1317 μὴ
850 1245 1158 1314 ἀρνεῖσθαι.

426 1340 570 1409 Περὶ
586 1340 706 1393 τῶν
737 1339 934 1408 μίμων
957 1336 1079 1390 τῶν
1121 1337 1453 1407 γινομένων
1479 1334 1875 1405 Χριστιανῶν.

430 1430 531 1500 ξγ’.
568 1430 708 1500 Περὶ
740 1429 950 1483 τούτων
978 1428 1059 1481 ἔτι
1086 1429 1194 1497 μὴν
1224 1429 1445 1496 αἰτῆσαι
1476 1427 1578 1491 δεῖ,
1615 1427 1704 1480 ἵνα
1742 1428 1841 1481 ἐάν
1866 1444 1951 1491 τις

350 1522 420 1588 ἐξ
470 1520 791 1591 οίουδήποτε
863 1518 1231 1586 παιγνιώδους
1288 1518 1751 1588 ἐπιτηδεύματος,
1810 1518 1953 1589 πρὸς

352 1614 460 1682 τὴν
508 1612 606 1665 τοῦ
652 1609 1089 1681 Χριστιανισμοῦ
1120 1608 1283 1679 χάριν
1323 1609 1501 1663 ἐλθεῖν
1553 1609 1792 1680 θελήσοι,
1857 1608 1953 1661 καὶ

356 1704 647 1774 ἐλεύθερος
678 1703 774 1757 ἀπ’
824 1702 1050 1755 ἐκείνων
1109 1702 1217 1754 τῶν
1266 1700 1473 1755 σπίλων
1520 1700 1815 1772 διαμεῖναι,
1878 1700 1954 1771 μὴ

359 1797 485 1862 ἐξὸν
509 1792 650 1850 εἷναί
674 1813 781 1849 τινι
821 1795 913 1849 τὸν
971 1793 1214 1847 τοιοῦτον
1258 1792 1394 1864 πρὸς
1444 1792 1514 1846 τὰ
1570 1794 1712 1847 αὐτά
1744 1794 1953 1864 γυμνά-

366 1904 549 1958 σματα
576 1887 737 1941 πάλιν
771 1886 1182 1958 προτρέπεσθαι
1215 1887 1248 1957 ἢ
1280 1885 1748 1955 καταναγκάζειν.

505 1977 776 2033 Συνόδου
814 1977 1240 2047 οίκουμενίκῆς
1273 1976 1456 2043 ἕκτης
1484 1976 1685 2030 κανὼν
1707 1975 1809 2032 να’.

440 2070 544 2127 να’.
578 2071 825 2125 Καθόλου
856 2070 1194 2142 ἀπαγορεύει
1233 2072 1267 2142 ἡ
1290 2070 1422 2139 ἀγία
1460 2069 1599 2140 αὕτη
1624 2069 1719 2122 καὶ
1773 2069 1954 2122 οἰκου-

367 2168 567 2241 μενικὴ
622 2168 864 2232 σύνοδος,
913 2168 1042 2231 τοὺς
1096 2166 1428 2237 λεγομένους
1496 2166 1697 2237 μίμους
1746 2166 1841 2218 καὶ
1888 2165 1956 2218 τὰ

362 2264 570 2319 τούτων
603 2264 831 2333 θέατρα,
874 2260 954 2315 ἔτι
999 2278 1064 2330 γε
1126 2262 1235 2333 μὴν
1275 2260 1372 2314 καὶ
1403 2260 1472 2314 τὰ
1522 2259 1632 2314 τῶν
1678 2258 1956 2330 κυνηγίων

366 2355 593 2426 θεώρια,
630 2355 725 2408 καὶ
751 2354 850 2417 τὰς
882 2353 977 2405 ἐπὶ
1002 2351 1212 2422 σκηνῆς
1256 2351 1517 2423 ὀρχήσεις
1546 2349 1917 2404 ἐπιτελεῖσθαι
1939 2365 1953 2379 ·

366 2450 413 2501 εἰ
438 2448 496 2500 δέ
533 2463 618 2509 τις
647 2444 744 2498 τοῦ
793 2444 1061 2514 παρόντος
1096 2443 1319 2505 κανόνος
1378 2443 1808 2512 καταφρονήσει,
1860 2441 1957 2495 καὶ

367 2543 505 2609 πρός
527 2556 581 2591 τι
606 2538 798 2591 ἑαυτὸν
830 2537 939 2589 τῶν
988 2536 1460 2606 ἀπηγορευμένων
1520 2533 1728 2587 τούτων
1790 2535 1955 2606 ἐκδῷ,

369 2632 414 2683 sl
448 2630 549 2701 μὲν
602 2630 863 2701 κληρικδς
896 2628 983 2700 εἴη
1015 2626 1388 2702 καθαιρείσθω
1412 2641 1428 2655 ⁶
1460 2627 1508 2680 εἰ
1541 2626 1599 2679 δὲ
1622 2626 1828 2695 λαῖκδς,
1860 2630 1961 2698 ἀφ’

369 2722 662 2795 οριζέσθω.

449 2816 516 2870 Ἦ
546 2814 627 2883 λγ¹
662 2814 802 2868 διάτ.
833 2812 926 2867 τοῦ
956 2812 996 2867 δ’
1024 2812 1131 2867 τίτ.
1156 2812 1253 2866 τοῦ
1276 2810 1326 2867 α’
1374 2812 1511 2883 sta.
1552 2812 1647 2866 τοῦ
1695 2812 1825 2866 κώδ.
1862 2814 1958 2867 καὶ

368 2912 400 2980 ἡ
426 2916 534 2978 κγ’,
560 2908 656 2962 καὶ
682 2905 814 2978 ἡκθ¹
844 2906 939 2960 τοῦ
967 2906 1007 2960 δ’
1042 2906 1148 2960 τίτ.
1180 2905 1275 2960 τοῦ
1304 2904 1343 2958 ε’
1370 2906 1513 2976 βιϐλ.
1567 2905 1665 2960 καὶ
1700 2907 1732 2975 ἠ
1762 2904 1957 2976 λβ¹καὶ

371 2998 492 3069 pg’,
532 2999 781 3068 μεγάλας
799 2997 992 3061 ποινὰς
1019 2997 1381 3067 ὲπιφέρουσαι
1413 2997 1526 3058 τοῖς
1568 2996 1957 3067 πορνοϐοσκοῖς

366 3093 605 3155 καὶτοῖς
631 3089 1004 3158 ἀναγκάζουσι
1057 3090 1251 3151 δούλας
1276 3089 1310 3159 ἢ
1372 3089 1665 3160 ἐλευθέρας
1718 3094 1956 3144 συνεῖναι

369 3182 617 3253 μίμοιςῆ
650 3182 899 3251 θεάτροις
924 3182 1312 3252 προΐστασθαι,
1346 3181 1441 3236 καὶ
1485 3180 1721 3235 διδόασιν
1773 3182 1958 3237 ἄδειαν

364 3276 559 3338 αὑταῖς
606 3276 931 3344 ἀναχωρεῖν,
983 3274 1076 3326 καί⁵
1138 3274 1281 3344 μετά
1341 3274 1587 3345 προικῶν
1633 3273 1957 3343 ζεύγνυσθαι

364 3370 461 3422 καὶ
482 3368 894 3437 ἀξιωματικοῖς,
914 3369 962 3421 εἰ
984 3366 1285 3436 δυνηθεῖεν,
1301 3369 1396 3421 καὶ
1418 3369 1518 3439 τῆς
1536 3366 1761 3437 ἀτιμίας
1779 3367 1957 3421 ἀπαλ-

362 3459 656 3513 λάττεσθαι
676 3476 691 3492 ο
726 3458 856 3529 περὶ
879 3459 934 3511 δὲ
968 3458 1246 3528 σκηνικῶν
1277 3458 1373 3512 καὶ
1402 3458 1647 3527 θεωριῶν
1683 3457 1778 3513 καὶ
1809 3476 1959 3529 πορ-

362 3549 666 3613 νοϐοσκῶν,
704 3549 871 3612 ἰδικός
905 3550 1024 3601 ἐστι
1051 3549 1156 3602 τίτ.
1189 3550 1217 3601 6
1270 3545 1361 3617 μα’
1403 3546 1499 3601 τοῦ
1548 3545 1617 3599 ια’
1668 3547 1809 3617 βιὸλ.
1858 3546 1956 3601 τοῦ

360 3640 496 3695 κώδ.
534 3640 791 3712 σκηνὴδέ
841 3642 1013 3706 ἐστιν,
1064 3639 1193 3693 ἔνθα
1242 3657 1325 3703 τις
1374 3639 1589 3692 ἵσταται
1640 3638 1672 3709 ἢ
1729 3642 1961 3694 κινεῖται

362 3733 635 3804 σκηνικὴν
665 3732 1113 3803 ἐπιδεικνύμενος
1143 3733 1363 3802 τέχνην,
1404 3733 1514 3786 εἴτε
1559 3736 1617 3787 ὲν
1646 3733 1890 3804 δημοσίῳ
1922 3730 1956 3803 ἢ

364 3825 628 3894 ἰδιωτικῷ
656 3826 807 3895 τόπῳ
839 3825 871 3895 ἢ
899 3824 1076 3895 ἀγρῷ,
1130 3825 1259 3879 ἔνθα
1313 3825 1499 3896 μέντοι
1547 3825 1716 3896 χύδην
1756 3826 1806 3878 οἱ
1853 3824 1955 3878 άν-

362 3917 579 3989 θρωποι
606 3917 697 3970 διὰ
726 3916 855 3970 θέαν
875 3916 1109 3970 εἰσίασιν
1129 3933 1144 3948 ο
1181 3916 1370 3987 ἄτιμοι
1409 3917 1466 3968 δέ
1495 3918 1603 3969 εἰσι
1640 3917 1861 3981 πάντες,
1906 3917 1957 3969 οἱ

360 4011 461 4063 διὰ
480 4011 647 4079 πόρον
674 4011 753 4071 είς
771 4008 958 4077 ἀγῶνα
977 4010 1281 4076 κατιόντες,
1309 4011 1402 4062 καὶ
1428 4010 1478 4062 oi
1505 4009 1595 4063 διὰ
1642 4009 1959 4080 φιλοτιμίαν

364 4104 463 4157 ἐπὶ
496 4104 705 4173 σκηνῆς
734 4103 1086 4173 προσιόντες·
1121 4106 1151 4157 6
1198 4104 1255 4156 δὲ
1315 4103 1597 4173 μισθώσας
1648 4103 1840 4157 ἑαυτὸν
1881 4104 1962 4168 είς

366 4194 669 4263 παιγνικὴν
694 4195 912 4263 τέχνην,
965 4193 1168 4264 καὶμὴ
1216 4193 1653 4261 ἐπιδειξάμενος,
1705 4193 1806 4246 οὒκ
1843 4196 1934 4248 ἀτι

369 4286 605 4356 μοῦται·
639 4286 734 4338 καὶ
761 4288 789 4339 6
822 4285 1017 4338 ἑαυτὸν
1056 4282 1341 4355 μισθώσας
1395 4286 1475 4347 είς
1496 4287 1559 4337 τὸ
1614 4282 1962 4355 θηριομαχῆο

370 4395 487 4443 σαι,
512 4377 560 4429 εί
594 4377 670 4448 μὴ
717 4377 777 4430 τὸ
808 4377 999 4447 θηρίον
1054 4377 1220 4446 τυχὸν
1271 4376 1408 4429 λέων
1455 4376 1661 4446 ἥμερος
1713 4376 1958 4443 γέγονεν,

367 4467 665 4538 ἀτιμοῦται
696 4484 709 4498 ⁸
739 4470 799 4521 οὐ
826 4468 931 4539 μὴν
952 4469 981 4521 6
1007 4468 1137 4521 ἄνευ
1187 4466 1380 4537 μισθοῦ
1425 4466 1865 4539 θηριομαχήσας,
1911 4467 1961 4519 εί

1981 1864 2034 1925 Β

2040 609 2305 681 jusmodi,
2334 609 2595 680 siquando
2624 626 2711 663 eos
2742 612 3015 679 paeniteat.

2255 701 2483 756 Concilii
2509 701 2946 771 Cartlragineusis
2975 716 3201 753 canones
3229 699 3319 765 46,
3348 700 3436 753 65.

2121 792 2199 849 De
2230 794 2446 848 scenicis
2470 795 2561 863 qui
2604 793 2816 847 veniunt
2859 792 2929 847 ad
2953 791 3318 862 paznitentiam
3362 801 3410 844 et
3445 791 3513 844 ad
3543 790 3648 844 Do-

2049 887 2250 940 minum
2282 896 2679 940 convertuntur.

2120 978 2275 1051 46V]
2311 977 2381 1033 Ut
2411 979 2647 1035 scenicis
2678 987 2731 1033 et
2754 978 2939 1033 mimis
2980 988 3148 1048 atque
3172 979 3298 1032 aliis
3328 974 3646 1046 hujusmodi

2051 1070 2135 1125 vel
2192 1069 2453 1140 apostatis
2512 1069 2606 1139 qui
2657 1070 2724 1122 ad
2776 1068 3154 1140 paenitentiam
3199 1066 3449 1129 veniunt,
3493 1073 3551 1118 et
3580 1064 3646 1116 ad

2055 1162 2224 1216 Deum
2274 1170 2676 1216 convertuntur
2716 1162 2889 1231 gratia
2919 1167 2987 1229 ,ει
3017 1159 3295 1214 absolutio
3346 1174 3453 1212 non
3486 1156 3649 1211 dene-

2053 1261 2272 1323 geritur.

2340 1341 2413 1396 De
2451 1342 2792 1396 histrionibus
2826 1341 3148 1397 Christianis
3178 1342 3359 1412 factis.

2126 1433 2215 1487 7'5.
2253 1431 2319 1488 Et
2347 1433 2414 1487 de
2451 1432 2535 1487 his
2560 1433 2607 1464 ⁸⁸
2642 1433 2803 1487 etiam
2836 1432 3167 1504 petendum,
3217 1444 3274 1487 ιιι
3324 1432 3368 1485 si
3414 1432 3539 1502 quis
3578 1447 3647 1486 cx

2053 1526 2297 1597 qualibet
2330 1525 2539 1580 ludicra
2571 1536 2693 1581 arte
2725 1525 2791 1579 ad
2831 1525 3259 1580 Christianitatis
3281 1525 3513 1595 gratiam
3555 1540 3648 1579 ve-

2056 1618 2173 1673 nire
2195 1618 2458 1681 voluerit,
2493 1633 2558 1672 ac
2604 1617 2746 1672 liber
2792 1618 2860 1671 ab
2908 1617 2997 1670 illa
3041 1618 3253 1671 macula
3303 1631 3648 1687 permanere,

2056 1723 2167 1763 non
2195 1723 2319 1762 eum
2356 1708 2523 1762 liceat
2559 1722 2590 1761 a
2630 1722 2907 1778 quoquam
2938 1708 3138 1762 iterum
3167 1709 3233 1763 ad
3264 1707 3457 1764 eadem
3491 1723 3651 1763 exer-

2062 1800 2235 1856 cenda
2263 1799 2453 1856 reduci
2481 1800 2566 1855 vel
2606 1799 2750 1871 cogi.

2393 1985 2621 2042 Concilii
2648 1986 2954 2041 acumenici
2981 2002 3031 2039 vl
3059 2002 3227 2039 canon
3252 1984 3342 2041 5|.

2138 2080 2229 2136 5i.
2270 2079 2509 2134 Omnino
2534 2079 2791 2148 prohibet
2837 2078 2954 2132 haec
2999 2087 3187 2132 sancta
3232 2086 3287 2131 et
3325 2075 3656 2131 universalis

2062 2171 2304 2242 synodus
2337 2169 2504 2241 459
2535 2184 2653 2235 eos,
2690 2170 2786 2239 qui
2823 2170 3087 2224 dicuntur
3115 2170 3336 2232 mimos,
3378 2177 3431 2222 et
3464 2184 3655 2223 eorum

2062 2263 2407 2334 spectacula;
2428 2263 2624 2317 deinde
2646 2260 2997 2315 venationum
3019 2277 3239 2330 quoque
3261 2260 3653 2329 spectationes,

2062 2366 2228 2426 atque
2255 2357 2308 2410 in
2344 2369 2509 2410 scena
2540 2354 2863 2409 saltationes
2892 2354 3029 2408 lieri.
3061 2354 3115 2407 Si
3143 2352 3268 2423 quis
3295 2360 3479 2406 autem
3516 2368 3655 2421 prae-

2064 2458 2274 2505 sentem
2310 2462 2577 2502 canonem
2620 2447 3035 2515 contempserit,
3068 2454 3124 2501 et
3159 2461 3217 2500 se
3251 2445 3415 2499 alicui
3462 2460 3656 2499 eorum

2064 2557 2187 2611 qua:
2238 2548 2368 2595 sum
2400 2539 2591 2603 vetita,
2636 2538 2866 2603 dederit,
2912 2538 2957 2593 si
3005 2538 3077 2593 sit
3130 2537 3352 2608 quidem
3398 2538 3656 2602 clericus,

2066 2634 2410 2703 deponatur;
2438 2631 2484 2687 si
2519 2646 2653 2686 vero
2681 2630 2876 2695 laicus,
2910 2640 3244 2701 segrcgctur.

2140 2821 2360 2878 Textus.
2397 2820 2633 2875 Constit.
2672 2819 2763 2883 '55,
2801 2818 2888 2873 tit.
2921 2818 2956 2872 4
2982 2862 2995 2884 ,
3045 2818 3138 2872 lib.
3172 2833 3188 2872 ι
3233 2817 3357 2874 cod.
3392 2828 3447 2872 et
3474 2818 3576 2873 125
3606 2828 3660 2874 et

2065 2916 2189 2976 129,
2220 2915 2303 2969 tit.
2335 2914 2391 2976 4,
2429 2914 2526 2967 lib.
2573 2929 2624 2979 v,
2655 2922 2709 2967 et
2769 2913 2859 2977 52,
2918 2921 2973 2966 et
3025 2911 3130 2974 46,
3184 2927 3410 2981 magnas
3467 2927 3659 2981 poenas

2064 3007 2311 3074 irrogant
2346 3005 2637 3059 lenonibus
2660 3043 2676 3068 ,
2711 3005 2886 3072 iisque
2921 3003 3013 3072 qui
3063 3002 3293 3057 ancillas
3325 3002 3406 3057 vel
3459 3004 3662 3059 liberas

2065 3113 2192 3152 cum
2224 3096 2404 3150 mimis
2432 3096 2512 3151 vel
2558 3094 2660 3168 [in]
2705 3095 2941 3150 theatris
2981 3096 3319 3158 conversari,
3381 3105 3476 3149 aut
3532 3112 3662 3166 pro-

2066 3198 2240 3243 strare
2268 3194 2513 3258 cogunt:
2552 3196 2606 3241 et
2644 3184 2958 3249 recedendi,
3000 3184 3379 3251 dotalibusque
3428 3184 3659 3253 [instru—

2067 3282 2269 3337 mentis
2320 3278 2834 3350 intervenientibus]
2887 3278 3050 3332 etiam
3101 3276 3412 3331 illustribus
3452 3276 3497 3330 si
3535 3290 3663 3345 pos-

2066 3374 2198 3437 sint,
2235 3372 2476 3426 nubendi
2520 3380 2845 3441 poteStatem
2888 3369 3121 3424 faciunt.
3150 3367 3225 3422 De
3271 3368 3503 3423 scenicis
3534 3383 3666 3422 vero

2068 3464 2398 3535 spectaculis
2421 3472 2475 3517 et
2501 3462 2794 3518 lenonibus
2822 3462 3077 3530 specialis
3110 3462 3194 3515 tit.
3230 3469 3315 3515 est
3352 3460 3417 3514 41
3446 3500 3460 3522 ,
3503 3459 3594 3513 lib.
3624 3475 3665 3515 ιι

2072 3556 2196 3611 cod.
2232 3556 2403 3611 Porro
2431 3570 2594 3611 scena
2617 3563 2732 3619 est,
2766 3555 2859 3609 ubi
2888 3554 3014 3624 quis
3052 3553 3301 3608 consistit
3330 3593 3345 3617 ,
3382 3562 3663 3606 movetur-

2068 3662 2176 3718 que
2209 3646 2587 3701 histrionicam
2613 3654 2785 3699 artem
2822 3645 3126 3709 exhibens,
3171 3642 3287 3697 sive
3335 3643 3389 3696 in
3445 3642 3667 3712 publico

2070 3738 2352 3810 privatove
2379 3738 2525 3803 loco,
2558 3737 2675 3791 sive
2701 3736 2754 3790 in
2783 3736 2905 3790 vico
2936 3751 2949 3788 :
2990 3735 3046 3790 in
3074 3751 3237 3805 quem
3268 3743 3449 3789 tamen
3486 3734 3666 3788 locum

2070 3830 2273 3901 passim
2304 3829 2555 3885 homines
2587 3828 2889 3899 spectaculi
2924 3843 3090 3884 causa
3120 3828 3476 3884 conveniunt.
3522 3826 3675 3881 infa-

2071 3937 2188 3977 mes
2224 3930 2403 3975 autem
2440 3928 2592 3986 sunt,
2625 3921 2944 3990 quicunque
2990 3930 3232 3989 qutestus
3259 3935 3427 3973 causa
3462 3919 3515 3973 in
3549 3934 3672 3974 cer-

2072 4020 2253 4067 tamen
2292 4013 2653 4076 deseendunt,
2688 4022 2745 4066 et
2784 4020 3007 4082 propter
3041 4012 3323 4081 praemium
3358 4011 3412 4063 in
3446 4026 3668 4065 scenam

2068 4105 2360 4175 prodeunt.
2415 4103 2615 4158 Verum
2646 4105 2737 4173 qni
2767 4118 2827 4159 se
2884 4104 2950 4158 ad
2982 4113 3155 4157 artem
3193 4102 3458 4156 ludicram
3490 4102 3672 4172 [exhi-

2078 4193 2339 4267 bendam]
2382 4195 2526 4249 locat
2547 4235 2562 4260 ,
2614 4210 2791 4264 neque
2822 4193 3022 4263 prodit,
3056 4208 3159 4246 non
3187 4200 3431 4246 notatur.
3480 4191 3546 4245 Et
3574 4192 3670 4261 qui

2066 4287 2311 4356 seipsum
2344 4287 2506 4349 locat,
2542 4296 2603 4340 ut
2629 4302 2751 4339 cum
2783 4286 2977 4340 bestiis
2999 4286 3313 4354 depugnet:
3352 4283 3459 4337 nisi
3494 4284 3670 4338 bestia

2069 4378 2155 4435 leo
2185 4376 2323 4431 forte
2345 4418 2360 4441 ,
2392 4377 2566 4429 aliave
2602 4374 2872 4445 qusepiam
2901 4376 3007 4439 sit,
3040 4390 3162 4443 quze
3199 4384 3484 4427 mansueta
3524 4373 3670 4429 facta

2068 4478 2175 4525 est.
2213 4467 2331 4522 Non
2367 4466 2496 4520 item
2538 4466 2631 4535 qui
2665 4465 2782 4519 sine
2808 4465 3056 4519 mercede
3094 4479 3218 4519 cum
3262 4461 3454 4516 bestiis
3492 4463 3667 4533 depu-

372 4563 453 4631 μὴ
487 4561 670 4615 λαϐεῖν
702 4564 759 4615 ἐν
789 4562 865 4632 τῷ
888 4561 1135 4631 κυνηγίῳ
1169 4560 1484 4629 φιλοτιμίαν
1521 4561 1787 4631 ἠνέσχετο
1807 4578 1819 4590 ·
1851 4561 1879 4613 ὁ
1902 4560 1957 4613 δὲ

2069 4560 2247 4631 gnarit
2275 4576 2288 4612 :
2327 4557 2433 4612 nisi
2462 4557 2514 4609 in
2539 4569 2705 4610 arena
2742 4556 3099 4608 honorarium
3134 4552 3444 4625 [quiddam]
3475 4570 3668 4623 capere

373 4653 655 4723 μισθώσας
693 4655 907 4719 ἑαυτὸν,
932 4654 1032 4707 κᾶν
1062 4652 1137 4723 μὴ
1173 4652 1579 4725 θηριομαχήσῃ,
1628 4651 1919 4721 ἀτιμοῦται
1946 4667 1960 4681 ’

371 4745 436 4797 οὐ
476 4746 631 4815 μὴνὸ
656 4746 849 4816 μισθὸν
881 4747 1177 4815 λαμϐάνων
1226 4746 1322 4798 ἐπὶ
1377 4748 1456 4815 τῷ
1507 4744 1962 4813 καταπολεμῆσαι

373 4836 565 4907 θηρίον
593 4836 793 4903 ἔξωθεν
825 4842 1088 4910 κυνηγίου
1118 4842 1219 4914 τὴν
1240 4840 1511 4913 ἐπαρχίαν
1538 4838 1776 4908 βλάπτον
1795 4852 1810 4865 ο
1862 4836 1963 4887 οὐκ

373 4927 490 4979 ἐστι
538 4927 596 4980 δὲ
652 4931 921 5000 παιγνικὴ
974 4933 1141 5003 τέχνη
1203 4931 1328 4985 οὔτε
1399 4928 1719 5000 ἀτιμοποιὸς
1763 4929 1796 4995 ἠ
1856 4925 1964 4978 τῶν

372 5016 623 5087 ἀθλητῶν
655 5019 749 5071 καὶ
771 5019 878 5072 τῶν
895 5019 1166 5088 λεγόντων
1210 5023 1267 5074 ἐν
1292 5023 1404 5083 τοῖς
1421 5019 1742 5088 Ὀλυμπίοις
1762 5015 1831 5068 τά
1876 5016 1966 5067 ὲν-

373 5109 560 5179 θύρια,
592 5111 688 5163 καὶ
728 5111 839 5165 τῶν
887 5113 947 5166 ὲν
986 5113 1165 5184 ξυστῷ
1226 5112 1668 5183 ἀγωνιζομένων,
1711 5108 1808 5162 καὶ
1855 5108 1963 5160 τῶν

373 5203 630 5273 ἡνιόχων,
672 5205 905 5260 καὶτῶν
938 5206 1115 5268 ἄλλως
1158 5205 1582 5275 ὑπουργούντων
1626 5205 1686 5257 ὲν
1728 5204 1844 5265 τοῖς
1890 5203 1964 5255 ίε-

376 5297 491 5361 ρσῖς
514 5281 716 5363 ἁγῶσι,
739 5298 834 5350 καὶ
857 5297 965 5351 τῶν
1014 5299 1308 5369 ραινόντων
1362 5297 1508 5367 ὕδωρ
1569 5298 1683 5358 τοῖς
1749 5294 1958 5358 ἵπποις,

373 5385 469 5437 καὶ
498 5385 610 5439 τῶν
645 5385 967 5456 βοαϐευτῶν
986 5405 999 5419 ·
1032 5388 1363 5459 προαγωγὸς
1388 5389 1536 5440 ἐστιν
1580 5389 1608 5441 6
1636 5386 1803 5456 πόρον
1843 5384 1965 5436 αἰσ-

2076 4649 2422 4708 sustinuerit.
2451 4647 2554 4712 Qui
2586 4663 2645 4701 se
2681 4648 2899 4707 locavit,
2928 4647 3144 4702 etiamsi
3177 4662 3302 4701 cum
3336 4645 3529 4701 bestiis
3559 4664 3667 4701 non

2074 4745 2370 4812 depugnet,
2409 4749 2648 4794 notatur.
2685 4738 2801 4793 Non
2832 4749 3012 4792 tamen
3045 4739 3209 4793 etiam
3246 4739 3339 4807 qui
3367 4738 3668 4792 mercedem

2074 4837 2261 4903 capit,
2314 4841 2373 4885 ut
2409 4830 2578 4885 ler‘am
2615 4847 2737 4900 ηιιιν
2780 4830 2990 4900 regioni
3033 4840 3213 4893 nocet,
3255 4838 3408 4885 extra
3447 4844 3669 4883 arenam

2074 4928 2366 4995 depugnet.
2417 4923 2585 4978 Plane
2632 4925 3005 4986 athletarum,
3055 4934 3108 4977 et
3152 4923 3246 4994 qui
3304 4924 3359 4977 in
3405 4922 3673 4994 Olympiis

2070 5018 2400 5074 oblectantia
2428 5017 2620 5088 dicunt
2646 5055 2661 5081 ,
2710 5025 2764 5069 et
2792 5016 2883 5086 qui
2923 5015 2976 5068 in
3014 5022 3171 5085 xysto
3216 5015 3521 5078 decertant,
3557 5016 3675 5081 agi-

2070 5116 2307 5163 tatorum
2339 5109 2505 5170 item,
2537 5115 2591 5159 et
2617 5107 2710 5176 qui
2742 5120 2940 5175 aquam
2975 5105 3132 5175 equis
3164 5115 3428 5174 spargunt
3453 5143 3468 5167 ,
3503 5103 3670 5175 ᾆδε)

2068 5203 2414 5272 aliorumque
2443 5199 2536 5271 qui
2574 5200 2629 5253 in
2662 5200 2836 5253 sacris
2874 5200 3270 5254 certaminibus
3310 5200 3627 5253 dest-rviunt
3657 5235 3671 5257 ,

2065 5305 2119 5350 et
2165 5290 2528 5366 [postremo]
2579 5291 2989 5360 designatorum
3026 5307 3117 5345 ars
3160 5292 3364 5345 ludicra
3394 5304 3500 5343 non
3536 5296 3621 5341 est
3660 5351 3673 5372 ν

2075 5402 2251 5457 neque
2282 5384 2675 5452 ignominiosa.
2707 5380 2856 5436 Leno
2882 5392 2987 5449 est,
3022 5387 3115 5452 qui
3151 5393 3367 5453 turpem
3402 5390 3671 5450 qua'stum

374 5476 506 5547 χρὸν
530 5477 638 5530 ἀπὸ
664 5478 869 5533 δούλων
891 5480 924 5549 ἢ
956 5481 1257 5550 ἐλευθέρων
1280 5480 1626 5549 ποιούμενος,
1668 5477 1780 5532 εἴτε
1816 5494 1957 5547 πρω·

2073 5493 2138 5533 ex
2175 5475 2353 5533 servis
2395 5476 2480 5529 vel
2520 5473 2708 5528 liberis
2755 5472 2931 5529 facit:
2994 5473 3110 5529 sive
3155 5472 3528 5542 principaliter
3570 5470 3673 5522 hoc

371 5568 623 5634 τοτύπως
678 5570 838 5625 τοῦτο
889 5572 1369 5644 πραγματεύεται,
1425 5572 1539 5625 εἴτε
1612 5571 1966 5641 προσχήματι

378 5664 769 5734 πραγματείας
794 5665 992 5736 ἑτέρας
1020 5665 1231 5737 ἔχειτὰ
1284 5664 1513 5721 τοιαῦτα
1560 5664 1849 5737 πρόσωπα,
1889 5661 1967 5727 ὡς

454 5838 502 5871 ⁸⁸
524 5836 695 5895 Cone.
729 5840 901 5895 Afric.
934 5858 984 5895 ιλ.
1013 5841 1105 5895 '50.

2076 5570 2353 5642 negotium
2378 5575 2554 5639 gerat,
2589 5566 2704 5621 sive
2728 5565 2956 5621 alterius
2983 5566 3372 5637 negotiationis
3408 5572 3673 5633 praetextu

2076 5661 2386 5718 istiusmodi
2419 5672 2687 5732 personas
2708 5655 2910 5715 habeat
2939 5675 2954 5726 ;
2997 5667 3058 5713 ut
3097 5655 3267 5730 [puta
3288 5695 3303 5723 ,
3337 5654 3424 5728 si]
3452 5667 3672 5724 caupo,
