4146 6500
489 419 594 482 955

1624 412 1889 475 ΡΗΟΤΙῙ
1926 410 2434 475 ΡΑΤΒῙΑΗΟΙΙΕ
2468 414 2581 478 CP.

3716 426 3839 491 926

490 537 572 590 vel
610 530 945 589 stabularios
973 571 987 594 ,
1027 529 1110 584 vel
1157 527 1447 583 balneator
1487 526 1657 610 [sit].
1700 527 1875 580 Etiam
1909 522 2091 595 quiin

2210 526 2534 599 κάπηλος,ἢ
2580 530 2962 603 πανδοχεὺς,ἧ
3014 533 3301 604 βαλανεὺς,
3349 536 3441 591 καὶ
3491 540 3527 591 ὁ
3554 539 3834 610 γενόμε-

491 627 755 683 servitute
796 626 922 679 leno
973 623 1110 687 fuit,
1157 622 1249 675 ubi
1294 622 1430 674 liber
1480 601 1654 672 lactus
1694 630 1810 684 est,
1854 617 2080 671 infamia

492 724 733 769 notatur.
766 711 892 767 Haec
916 712 1098 766 omnia
1122 717 1249 763 sunt
1277 710 1327 762 in
1366 708 1461 762 lib.
1499 723 1578 771 ιιι,
1608 709 1689 760 tit.
1716 708 1770 769 1,
1791 707 1983 776 digest.
2014 706 2033 758 l
2070 722 2085 772 ;

492 816 546 858 et
577 806 663 859 tit.
696 805 750 869 2,
782 804 977 872 digesl.
1010 802 1077 867 1a;
1111 811 1165 854 et
1200 800 1295 853 lib.
1335 800 1425 863 25,
1466 799 1548 851 tit.
1607 798 1641 850 2
1666 838 1682 861 ,
1737 797 1933 866 digest.
1992 797 2083 851 48.

496 899 644 952 Leno
700 912 922 967 quoque
963 903 1087 958 est,
1148 893 1241 962 qui
1304 892 1576 945 adulterio
1631 892 1896 960 pollutam
1952 905 2089 944 con-

492 989 679 1059 jugem
716 1002 869 1041 suam
926 1000 1032 1038 non
1088 982 1357 1045 dimittit,
1404 996 1511 1035 non
1561 981 1723 1035 etiam
1768 980 1863 1050 qui
1929 978 2090 1051 [tan-

496 1078 815 1150 tummodo]
856 1084 1161 1147 suspectam
1186 1075 1387 1140 habet;
1424 1083 1485 1128 ut
1523 1074 1619 1128 lib.
1656 1088 1709 1127 ιχ
1751 1072 1873 1127 cod.
1910 1074 1995 1127 tit.
2032 1074 2086 1139 9,

496 1182 671 1227 conSL
708 1171 761 1223 2.

565 1261 718 1319 CAP.
752 1260 917 1315 XXII.
940 1290 1009 1300 —-
1032 1259 1109 1313 De
1137 1260 1456 1329 spectaculis
1483 1268 1531 1314 et
1557 1259 1802 1316 ludicris.

647 1353 872 1407 Concilii
898 1350 1335 1421 Carthaginensis
1380 1368 1602 1406 canones
1636 1353 1722 1417 15,
1756 1353 1844 1418 60,
1877 1354 1965 1409 61.

568 1444 644 1499 De
665 1445 881 1499 diversis
912 1442 1186 1498 ordinibus
1204 1441 1458 1498 Ecclesia:
1483 1444 1851 1511 servientibus,
1872 1455 2003 1511 etc.,
2031 1458 2088 1500 ut

495 1555 618 1610 pag.
655 1538 777 1593 705.

568 1631 655 1685 15.
708 1631 841 1685 Item
895 1631 1101 1702 placuit
1130 1642 1186 1686 ut
1219 1633 1472 1703 quisquis
1516 1632 1923 1704 episcoporum,
1955 1643 2085 1700 etc.,

496 1734 553 1775 ut
582 1738 707 1792 pag.
749 1722 875 1777 705.

568 1815 646 1869 De
668 1832 999 1885 paganorum
1034 1819 1305 1873 conviviis.

568 1906 657 1961 60.
694 1906 827 1961 lllud
857 1909 1018 1962 etiam
1052 1910 1369 1977 petendum,
1412 1918 1541 1976 etc.,
1581 1918 1640 1963 ut
1667 1926 1791 1981 pag.
1824 1909 1951 1964 927.

570 2000 645 2053 De
670 2002 1001 2068 spectaculis,
1044 2012 1101 2054 ut
1150 2002 1233 2055 die
1267 2002 1567 2067 Dominico,
1612 2003 1687 2057 vel
1719 2005 1922 2058 ca’teris
1961 2021 2088 2059 san-

498 2102 703 2146 ctorum
735 2093 1113 2161 festivitatibus
1146 2094 1358 2148 minime
1384 2095 1734 2151 celebrentur.

569 2186 658 2241 61.
713 2184 826 2241 Nec
883 2201 992 2240 non
1034 2194 1088 2241 et
1142 2187 1273 2241 illud
1325 2188 1640 2257 petendum,
1674 2201 1734 2243 ut
1773 2191 2087 2259 spectacula

498 2279 861 2343 theatrorum,
886 2288 1254 2349 caeterumqne
1282 2280 1557 2344 ludorum,
1581 2292 1712 2349 etc.,
1746 2292 1800 2335 ut
1816 2300 1937 2353 pag.
1959 2284 2086 2339 (illi.

500 2369 727 2425 Concilii
751 2374 1054 2426 meumenici
1084 2390 1308 2427 canones
1344 2373 1431 2440 52,
1463 2374 1550 2439 62,
1591 2374 1681 2443 65,
1712 2375 1802 2440 71,
1833 2375 1923 2440 96,
1967 2376 2083 2430 lOO.

569 2536 730 2607 46],
775 2537 865 2592 52.
916 2536 971 2591 ln
1024 2537 1281 2593 omnibus
1313 2548 1515 2594 sancta:
1540 2537 2090 2613 Quadragesimmje-

494 2631 633 2702 junii
668 2632 881 2695 diebus,
909 2640 1038 2695 etc.,
1072 2640 1129 2684 ut
1155 2648 1275 2699 pag.
1310 2630 1456 2687 658.:

569 2726 659 2780 ϐξ.
702 2724 974 2780 Kalendas
1024 2741 1148 2794 qua:
1193 2725 1471 2790 dicuntur,
1524 2735 1576 2781 et
1630 2737 1775 2791 vota,
1837 2736 1893 2781 et
1949 2727 2086 2782 bru-

500 2819 662 2873 malia
702 2834 825 2887 qua:
864 2826 1173 2882 vocantur;
1214 2830 1267 2872 et
1291 2820 1384 2887 qui
1417 2820 1470 2873 in
1506 2820 1684 2889 primo
1718 2820 1901 2875 Martii
1929 2837 2083 2877 men-

500 2914 578 2967 sis
626 2910 716 2965 die
770 2910 829 2963 ﬁt
881 2918 1211 2965 conventum
1289 2926 1355 2966 ex
1412 2911 1657 2967 ﬁdelium
1727 2913 2089 2970 universitate

505 3003 734 3057 omnino
765 3003 882 3057 tolli
910 3004 1166 3057 volumus
1203 3020 1216 3057 :
1276 3002 1373 3057 sed
1414 3012 1469 3057 et
1519 3004 1767 3073 publicas
1801 3006 2087 3061 mulierum

505 3098 827 3152 saltationes
879 3096 1111 3151 multam
1160 3111 1359 3151 noxam
1395 3097 1734 3168 exitiumque
1764 3099 2087 3156 aﬁerentes:

500 3190 634 3259 quin
665 3190 828 3244 etiam
865 3204 977 3252 eas,
1016 3204 1140 3258 qua:
1172 3189 1397 3244 nomine
1427 3204 1620 3245 eorum
1647 3191 1740 3261 qui
1776 3190 1916 3246 falso
1944 3193 2090 3262 apud

503 3281 732 3351 gentiles
770 3280 843 3335 dii
872 3279 1138 3334 nominati
1185 3288 1334 3346 sunt,
1370 3280 1455 3335 vel
1486 3281 1709 3336 nomine
1738 3282 1985 3335 virorum
2026 3298 2091 3338 ac

504 3374 799 3428 mulierum
838 3373 996 3436 ﬁunt,
1047 3372 1369 3427 saltationes
1415 3387 1479 3427 ac
1508 3373 1770 3443 mysteria
1807 3388 1962 3428 more
1989 3390 2087 3428 an-

504 3470 659 3535 tiquo
692 3475 745 3519 et
794 3481 823 3519 a
855 3465 965 3519 vita
1001 3464 1446 3519 Christianorum
1493 3465 1694 3531 alieno,
1726 3467 2091 3523 amandamus

504 3567 561 3613 et
601 3558 970 3627 cxpellimus;
1014 3566 1319 3614 statuentes
1381 3569 1441 3613 ut
1483 3560 1668 3614 nullus
1723 3560 1806 3613 vir
1836 3560 2092 3630 deinceps

505 3651 761 3706 muliebri
792 3660 940 3705 veste
974 3651 1248 3718 induatur,
1284 3652 1370 3707 vel
1399 3652 1594 3706 mulier
1623 3661 1771 3706 veste
1803 3654 1922 3707 viro
1951 3668 2089 3707 con-

504 3742 778 3797 veniente.
825 3741 931 3796 Sed
981 3757 1156 3811 neque
1210 3743 1477 3808 comicas,
1524 3743 1609 3797 vel
1658 3744 1950 3810 satyricas,
2008 3746 2093 3800 vel

507 3832 746 3902 tragicas
777 3848 1046 3902 personas
1074 3832 1298 3887 induat:
1331 3849 1509 3904 neque
1545 3835 1868 3890 cxsecrandi
1894 3833 2094 3891 Bacchi

507 3938 733 3988 nomen,
780 3938 942 3977 uvam
988 3924 1044 3977 in
1094 3924 1461 3978 torcularibus
1492 3925 1888 3995 exprimentes,
1924 3926 2096 3981 invo-

509 4029 668 4085 cent;
720 4034 896 4089 neque
950 4021 1139 4073 viuum
1188 4020 1242 4073 in
1299 4019 1465 4075 doliis
1496 4020 1864 4087 eﬁ‘undentes,
1916 4025 2091 4080 risum

509 4122 787 4179 moveant,
836 4113 1138 4183 ignorantia
1171 4113 1251 4169 vel
1301 4115 1542 4170 vanitate
1568 4130 1653 4181 ea,
1690 4132 1813 4185 quae
1840 4116 1908 4171 ab
1948 4118 2096 4173 insa-

509 4204 616 4259 niae
650 4205 953 4275 impostura
986 4207 1309 4274 procedunt,
1340 4218 1683 4261 exercentes.
1706 4206 1814 4263 Eos
1845 4224 1975 4278 ergo
2002 4210 2092 4279 qui

510 4297 766 4366 deinceps
812 4298 1017 4367 aliquid
1058 4311 1247 4351 eorum
1291 4298 1425 4367 {quae
1459 4300 1663 4367 scripta
1704 4308 1852 4365 sunt,
1889 4300 2099 4370 [aggreo

512 4392 754 4454 dientur,
789 4391 882 4446 ubi
919 4391 985 4445 ad
1020 4392 1214 4445 horum
1242 4391 1612 4460 cegnitionem
1646 4394 2019 4461 pervenerint,
2044 4394 2092 4449 si

512 4483 623 4538 sint
654 4483 876 4551 quidem
912 4484 1119 4549 clerici,
1152 4483 1349 4554 deponi
1376 4483 1637 4555 jubemus
1662 4502 1675 4539 :
1705 4485 1749 4538 si
1785 4500 1913 4539 vero
1946 4485 2092 4553 laici,

512 4575 808 4651 segregari.

586 4762 673 4817 65.
712 4763 843 4827 Qum
869 4762 922 4816 in
959 4762 1251 4818 noviluniis
1284 4806 1297 4830 ,
1338 4770 1443 4818 etc.
1494 4772 1551 4816 ut
1577 4779 1698 4833 pag.
1732 4763 1854 4819 955.

587 4856 749 4927 462
781 4855 869 4909 71.
897 4853 1024 4917 Eos,
1080 4854 1173 4924 qui
1205 4855 1470 4910 docentur
1509 4855 1655 4923 leges
1699 4855 1910 4920 civiles,
1936 4857 2107 4927 genti-

516 4950 649 5004 lium
683 4948 929 5003 Inoribus
968 4948 1045 5001 uti
1077 4964 1185 5001 non
1220 4956 1495 5015 oportere,
1533 4962 1708 5016 neque
1736 4948 1789 5001 in
1825 4947 2103 5003 theatrum

518 5041 726 5104 induci,
757 5056 931 5111 neque
963 5055 1057 5096 eas
1092 5056 1215 5109 qua:
1238 5040 1497 5095 dicuntur
1528 5040 1784 5111 cylistras
1813 5056 2100 5110 peragere,

519 5134 605 5188 vel
646 5140 843 5201 praeter
872 5146 1031 5185 usum
1076 5146 1427 5185 communem
1480 5131 1583 5185 sibi
1621 5141 1799 5186 vestes
1844 5130 2097 5196 induere,

519 5238 622 5278 nec
655 5238 765 5291 quo
808 5230 1049 5291 tempore
1073 5220 1417 5290 disciplinam
1472 5220 1888 5290 aggrediuntur,
1922 5221 2002 5273 vel
2040 5221 2109 5274 ad

519 5320 681 5374 ﬁnem
728 5316 847 5386 ejus
888 5315 1234 5385 perveniunt,
1280 5314 1386 5377 vel,
1424 5324 1483 5369 ut.
1530 5314 1583 5368 in
1635 5330 1853 5368 summa
1903 5315 2106 5378 dicam,

519 5413 574 5467 in
622 5411 743 5479 ejus
789 5408 1050 5463 doctrinae
1087 5406 1336 5462 dimidio.
1368 5406 1424 5460 Si
1456 5406 1581 5476 quis
1636 5416 1817 5463 autem
1846 5406 2109 5477 deinceps

522 5503 631 5556 hoc
665 5501 839 5555 facere
866 5516 1036 5554 ausus
1078 5498 1264 5565 fuerit,
1305 5507 1646 5568 segregetur.

594 5594 683 5649 96.
726 5593 830 5659 Qui
884 5592 1164 5647 Christum
1225 5608 1322 5662 per
1380 5592 1709 5660 baptismum
1765 5591 2108 5658 induerunt,

526 5688 647 5757 ejus
682 5688 734 5741 in
781 5703 946 5742 carne
974 5688 1096 5742 vitae
1140 5686 1364 5757 agenda
1408 5686 1675 5740 rationem
1728 5682 1931 5738 imitari
1981 5700 2111 5754 pro-

528 5779 658 5836 fessi
690 5792 836 5837 sunt.
874 5782 981 5837 Eos
1011 5797 1161 5851 ergo,
1195 5780 1286 5850 qui
1318 5781 1548 5849 capillos
1586 5780 1653 5835 ad
1687 5781 1983 5835 videntium
2021 5780 2114 5835 de-

533 5877 846 5935 trimentum
874 5921 889 5948 ,
929 5879 1065 5936 scite
1100 5878 1417 5949 excogitatis
1450 5876 1712 5943 nexibus,
1759 5880 2023 5931 adornant
2064 5883 2113 5930 ct

2190 637 2281 683 νος
2318 620 2374 673 ἐν
2403 620 2616 692 δουλείᾳ
2648 625 2994 693 προαγωγὸς,
3027 627 3319 698 ἀτιμοῦται
3364 631 3497 699 μετὰ
3536 632 3617 684 τὸ
3651 632 3836 685 ἐλευ-

2192 711 2535 785 θερωθῆναι·
2567 716 2738 769 ταῦτα
2798 718 2980 775 πάντα
3043 724 3222 775 κεῖται
3269 723 3414 792 βιϐλ.
3449 725 3522 793 γ’,
3565 724 3698 781 τίτ.
3752 724 3839 791 α’,

2191 804 2331 859 διάτ.
2353 804 2421 871 α’,
2440 809 2533 861 καὶ
2556 808 2662 863 τίτ.
2708 808 2777 881 β’,
2818 811 2957 866 διάτ.
2987 813 3050 877 δ’,
3112 815 3204 867 καὶ
3249 814 3391 883 prex.
3432 816 3546 886 κγ’,
3587 819 3717 871 τίτ.
3762 818 3837 889 β’,

2190 896 2331 950 διάτ.
2373 896 2465 967 μβ¹
2500 915 2513 929 ·
2546 901 2915 971 πορνοϐοσκὸς
2944 903 3001 955 δέ
3024 905 3257 959 ἐστικαὶ
3304 908 3334 960 ὁ
3392 908 3840 976 πορνευθεῖσαν

2190 987 2290 1059 τὴν
2319 989 2455 1043 ίδίαν
2493 994 2743 1062 γαμετὴν
2796 995 2870 1064 μὴ
2901 995 3217 1057 ἀπολύσας·
3262 999 3322 1050 οὐ
3364 998 3469 1069 μὴν
3518 1002 3557 1052 ὀ
3641 1000 3835 1069 μόνον

2192 1080 2565 1150 ὑποπτεύσας,
2587 1085 2663 1149 ὡς
2688 1086 2828 1156 βιὸλ.
2860 1088 2903 1141 θ’
2936 1088 3029 1142 τοῦ
3061 1089 3193 1144 κὼδ.
3221 1091 3325 1145 τίτ.
3360 1090 3429 1159 θ’,
3452 1093 3615 1147 διάτ.
3666 1090 3751 1162 β’.

2264 1266 2518 1322 ΚΕΦΑΛ.
2545 1267 2678 1357 KB'.
2700 1299 2768 1312 -—
2795 1270 2935 1337 Περὶ
2968 1273 3222 1339 θεωρίων
3250 1273 3350 1327 καὶ
3395 1274 3752 1342 παιγνίων.

2374 1360 2652 1414 Συνόδου
2677 1361 3100 1431 Καρθαγέννης
3125 1364 3327 1419 κανὼν
3345 1364 3428 1429 ιε’,
3465 1365 3526 1432 ξ’,
3564 1366 3690 1431 Ea’.

2262 1451 2403 1519 Περὶ
2462 1451 2767 1522 διαφόρων
2819 1452 3050 1518 τάξεων
3126 1455 3202 1524 τῇ
3286 1458 3637 1525 Ἐκκλησίᾳ
3673 1456 3837 1511 δου-

2192 1544 2530 1609 λευουσῶν.

2266 1634 2348 1691 ιε’.
2395 1636 2631 1706 Ὁμοίως
2653 1638 2874 1707 ἤρεσεν,
2905 1638 2991 1691 ἵνα
3022 1638 3381 1710 ὁστισδήποτε
3418 1639 3527 1693 τῶν
3564 1638 3829 1693 ἐπισκό-

2190 1745 2331 1795 πων,
2358 1745 2414 1782 κ.
2440 1747 2491 1782 τ.
2515 1730 2565 1782 λ.

2254 1821 2394 1891 Περὶ
2413 1822 2517 1875 τοῦ
2539 1822 2872 1891 ἀφελέσθαι
2894 1823 2966 1877 τὰ
2982 1822 3424 1892 τῶνἙλλήνων
3447 1812 3830 1895 συμπόσιαξ

2115 1890 2162 1943 Β
2268 1890 2339 1980 ξ’.
2361 1916 2596 1968 Κάκεῖνο
2623 1915 2701 1968 ἔτι
2722 1914 2829 1985 μὴν
2848 1916 2930 1968 δεῖ
2951 1917 3193 1986 αἰτῆσαι,
3228 1890 3293 1968 κ..
3313 1935 3363 1970 τ.
3408 1918 3457 1969 λ.

2268 2007 2411 2072 Περὶ
2456 2006 2714 2072 θεωρίων
2746 2006 2815 2059 ἐν
2861 2006 2937 2074 τῇ
2961 2007 3227 2075 κυριακῇ
3258 2008 3357 2061 καὶ
3394 2009 3467 2061 ἐν
3499 2008 3645 2073 ταῖς
3682 2011 3825 2061 λοι-

2196 2097 2337 2164 παῖς
2360 2098 2480 2151 τῶν
2509 2098 2694 2168 ἁγίων
2720 2100 2955 2168 ἑορταῖς
3002 2101 3295 2170 μηδαμῶς
3338 2103 3819 2156 ἐπιτελοῦνται.

2271 2190 2369 2254 Ea'.
2406 2191 2643 2244 Κάκεῖνο
2676 2191 2756 2244 ἔτι
2802 2192 2909 2262 μὴν
2942 2193 3023 2246 δεῖ
3061 2194 3305 2263 αἰτῆσαι,
3348 2193 3439 2247 ἴνα
3486 2194 3557 2246 τὰ
3594 2193 3821 2265 θεώρισΙ

2198 2285 2307 2337 τῶν
2336 2285 2639 2356 θεατρικῶν
2669 2286 2962 2353 παιγνίων,
2994 2305 3046 2340 κ.
3085 2304 3135 2341 τ.
3164 2288 3213 2341 λ.

2198 2375 2470 2430 Συνόδου
2513 2375 3147 2513 οὶκουμενικῆςιιέκτης
3178 2374 3381 2429 κανὼν
3420 2376 3519 2446 νβ’,
3563 2375 3679 2447 ξβ’,
3718 2376 3820 2442 ξε’,

2815 2464 2912 2508 οα,
2982 2454 3055 2510 ς’,
3087 2453 3156 2513 ρ’.

2815 2453 2912 2508 οα’,
2940 2453 3055 2513 ιτςν,
3087 2453 3156 2517 ρ’.

2269 2541 2370 2611 νβ’.
2416 2540 2504 2592 Ἐν
2522 2539 2725 2601 πάσαις
2746 2541 2865 2603 ταῖς
2891 2543 2988 2610 τῆς
3013 2540 3175 2608 ἁγίας
3197 2540 3676 2612 Τεσσαρακοστῆς
3700 2539 3818 2591 τῶν

2197 2631 2460 2703 νηστειῶν
2488 2633 2741 2703 ἡμέραις,
2775 2650 2830 2687 κ.
2854 2649 2904 2685 τ.
2940 2632 2991 2686 λ.

2270 2722 2368 2793 ξβ’.
2406 2723 2517 2786 Τὰς
2543 2722 2686 2776 οὕτω
2716 2724 3015 2793 λεγομένας
3052 2724 3346 2788 καλάνδας,
3401 2726 3496 2779 καὶ
3531 2724 3607 2779 τὰ
3640 2724 3814 2793 λεγό-

2202 2833 2341 2887 μενα
2369 2816 2521 2887 βότα,
2556 2818 2651 2869 καὶ
2676 2816 2745 2869 τὰ
2769 2817 3083 2889 καλούμενα
3111 2818 3444 2890 βρουμάλια,
3473 2820 3574 2872 καὶ
3607 2820 3721 2890 τὴν
3751 2819 3812 2870 ἐν

2198 2914 2264 2982 τῇ
2298 2910 2493 2984 πρώτῃ
2522 2910 2615 2963 τοῦ
2651 2912 2895 2983 Μαρτίου
2952 2911 3120 2983 μηνὸς
3152 2912 3335 2983 ἡμέρᾳ
3361 2912 3811 2982 ἐπιτελουμένην

2202 3005 2534 3075 πανήγυριν,
2562 3003 2819 3069 καθάπαξ
2864 3006 2927 3056 ἐκ
2972 3005 3070 3073 τῆς
3099 3004 3206 3057 τῶν
3248 3004 3457 3060 πιστῶν
3511 3005 3810 3066 πολιτείας

2200 3094 2625 3166 περιαιρεθῆναι
2663 3094 2968 3165 βουλόμεθα
2995 3112 3007 3126 ·
3067 3096 3205 3149 ἀλλᾶ
3262 3096 3368 3167 μὴν
3402 3099 3496 3150 καὶ
3531 3100 3639 3162 τὰς
3694 3097 3807 3150 τῶν

2203 3189 2444 3255 γυναίων
2476 3189 2745 3257 δημοσίας
2775 3190 3031 3259 ὀρχήσεις
3064 3189 3141 3252 ὡς
3190 3190 3481 3259 ἁσέμνους,
3521 3191 3625 3242 καὶ
3672 3188 3808 3242 πολ-

2204 3280 2302 3349 λὴν
2336 3280 2518 3350 λύμην
2544 3281 2639 3333 καὶ
2666 3279 2871 3351 βλάϐην
2904 3283 3158 3350 ἐμποιεῖν
3184 3280 3494 3349 δυναμένας
3524 3297 3537 3310 ·
3576 3281 3662 3334 ἔτι
3697 3281 3807 3350 μὴν

2209 3371 2419 3433 καὶτὰς
2446 3373 2673 3441 ὀνόματι
2697 3372 2802 3424 τῶν
2821 3376 2953 3445 παρ’
2982 3372 3207 3443 Ἕλλησι
3224 3372 3433 3442 ψευδῶς
3463 3372 3809 3443 ὀνομασθέν-

2208 3485 2317 3519 των
2355 3465 2492 3518 θεῶν
2517 3466 2549 3535 ἢ
2579 3465 2636 3531 ἐξ
2666 3466 2875 3536 ἀνδρῶν
2903 3466 2936 3536 ἢ
2974 3465 3251 3533 γυναικῶν
3298 3465 3803 3537 γινομέναςηόρχή-

2211 3573 2324 3619 σεις
2359 3556 2455 3609 καὶ
2501 3556 2723 3619 τελετὰς
2751 3557 2895 3610 κατά
2915 3575 2965 3609 τι
2991 3556 3109 3620 ἔθος
3134 3558 3364 3610 παλαιὸν
3393 3559 3486 3611 καὶ
3514 3557 3807 3627 ἀλλότριον

2208 3648 2302 3701 τοῦ
2329 3649 2438 3702 τῶν
2468 3648 2815 3717 Χριστιανῶν
2847 3648 2984 3718 βίου,
3012 3649 3488 3719 ἀποπεμπόμεθα*
3520 3650 3805 3720 ὁρίζοντες

2215 3740 2419 3809 μηδένα
2448 3740 2765 3808 γυναικείαν
2799 3741 2992 3811 στολὴν
3022 3741 3449 3806 ἐνδιδύσκεσθαι,
3490 3742 3523 3812 ἢ
3560 3744 3804 3810 γυναῖκα

2212 3833 2310 3905 τὴν
2344 3833 2602 3901 ἀνδράσιν
2630 3833 2888 3904 ἁρμόδιον
2914 3850 2927 3863 '
2965 3834 3103 3886 ἀλλὰ
3154 3836 3292 3904 μήτε
3327 3838 3651 3905 προσωπεῖα
3700 3852 3806 3886 κω-

2215 3924 2417 3995 μικὰῆ
2456 3927 2728 3995 σατυρικὰ
2774 3926 2807 3996 ἦ
2847 3927 3085 3997 τραγικὰ
3135 3926 3503 3980 ὑποδύεσθαι·
3555 3928 3698 3997 μήτε
3742 3924 3803 3977 τὸ

2212 4017 2305 4071 τοῦ
2346 4017 2638 4085 βδελυκτοῦ
2669 4018 2926 4071 Διονύσου
2953 4018 3127 4089 ὄνομα
3162 4019 3259 4089 τὴν
3300 4018 3579 4089 σταφυλὴν
3614 4018 3799 4071 ἐκθλί-

2217 4108 2409 4171 ϐοντας
2457 4108 2516 4160 ἐν
2563 4110 2685 4170 ταῖς
2714 4107 2895 4177 ληνοῖς
2928 4110 3153 4180 ἐπιϐοᾷν
3180 4124 3195 4141 ο
3251 4109 3385 4178 μηδέ
3431 4104 3573 4161 οἶνον
3600 4111 3660 4161 ἐν
3689 4108 3801 4167 τοῖς

2213 4201 2393 4263 πίθοις
2427 4201 2737 4270 ἐκχέοντας,
2777 4201 2989 4269 γέλωτα
3022 4202 3305 4266 ἐπικινεῖν,
3349 4202 3575 4271 ἀγνοίας
3613 4201 3797 4271 τρόπῳ

2213 4294 2245 4365 ἢ
2279 4295 2643 4365 ματαιότητος
2663 4294 2731 4346 τὰ
2752 4294 2848 4364 τῆς
2870 4294 3257 4365 δαιμονιὼδους
3276 4294 3483 4364 πλάνης
3511 4293 3797 4367 ἐνεργοῦν-
3889 4306 3897 4315 ·

2212 4404 2313 4450 τας
2339 4404 2352 4417 ·
2407 4387 2532 4449 τοὺς
2565 4386 2657 4439 οὖν
2685 4387 2792 4439 ἀπὸ
2822 4386 2915 4439 τοῦ
2971 4386 3065 4439 νῦν
3125 4406 3179 4440 τι
3207 4387 3316 4441 τῶν
3375 4386 3793 4458 προειρημένων

2214 4479 2485 4533 ἐπιτελεῖν
2509 4479 2942 4551 ἐπιχειροῦντας,
2980 4482 3038 4533 ἐν
3066 4479 3267 4548 γνώσει
3294 4480 3498 4533 τούτων
3541 4481 3796 4533 καθιστα-

2134 4602 2182 4658 D
2215 4573 2436 4642 μένους,
2470 4571 2716 4638 τούτους,
2741 4574 2790 4624 εἰ
2824 4572 2923 4642 μὲν
2964 4572 3220 4643 κληρικοὶ
3248 4570 3383 4637 εἷεν,
3418 4570 3792 4643 καθαιρεῖσθαι

2214 4665 2632 4736 προστάσσομεν
2659 4682 2673 4696 ο
2707 4666 2756 4717 εί
2787 4665 2843 4717 δέ
2885 4665 3088 4731 λα’ίκοὶ,
3125 4666 3506 4736 ἀφορίζεσθαι.

2283 4758 2374 4821 ξε¹.
2414 4758 2524 4821 Τὰς
2558 4759 2613 4811 ἐν
2647 4760 2765 4821 ταῖς
2794 4759 3111 4828 νεομηνίαις
3141 4776 3195 4814 κ.
3229 4776 3281 4812 τ.
3316 4758 3367 4813 λ.

2281 4847 2381 4902 ω’.
2416 4851 2555 4913 Τοὺς
2583 4850 3004 4920 διδασκομένους
3055 4852 3183 4915 τοὺς
3212 4852 3523 4914 πολιτικοὺς
3572 4851 3787 4921 νόμους,

2214 4942 2288 5014 μὴ
2315 4942 2425 4994 δεῖν
2464 4944 2563 5014 τῆς
2601 4942 2933 5011 Ἑλληνικοῖς
2978 4942 3123 4995 ἔθεσι
3155 4943 3479 5014 κεχρῆσθαι,
3516 4944 3652 5013 μήτε
3686 4939 3789 5008 μὴν

2210 5033 2306 5087 ἐπὶ
2339 5034 2585 5104 θεάτρων
2616 5033 2935 5103 ἀνάγεσθαι,
2971 5034 3003 5105 ἢ
3032 5034 3133 5098 τὰς
3178 5034 3475 5105 λεγομένας
3504 5035 3789 5103 κυλίστρας

2211 5126 2502 5191 ἐπιτελεῖν,
2537 5125 2570 5196 ἢ
2602 5126 2754 5196 παρὰ
2773 5126 2870 5196 τὴν
2902 5128 3100 5198 χρῆσιν
3131 5126 3323 5190 στολὰς
3355 5128 3569 5190 ἑαυτοῖς
3590 5140 3787 5195 περιτι-

2214 5220 2387 5286 θέναι,
2427 5220 2567 5291 μήτε
2615 5219 2737 5273 καθ’
2767 5218 2826 5272 ὃν
2856 5220 3048 5290 καιρὸν
3089 5219 3199 5273 τῶν
3234 5219 3577 5290 μαθημάτων
3634 5218 3785 5286 ἐνάρ-

2215 5329 2421 5383 χονται,
2452 5310 2484 5380 ἢ
2518 5311 2651 5380 πρὸς
2700 5310 2759 5363 τὸ
2784 5309 2938 5373 τέλος
2968 5309 3147 5362 αὐτῶν
3184 5310 3549 5372 καταντῶσιν,
3602 5310 3633 5379 ἢ
3664 5305 3786 5361 καθ-

2212 5405 2333 5458 ὀλου
2359 5403 2525 5472 φάναι
2551 5401 2640 5455 διὰ
2666 5403 2830 5472 μέσου
2867 5401 2968 5472 τῆς
2999 5400 3256 5471 τοιαύτης
3282 5401 3635 5463 παιδεύσεως⁹
3668 5398 3712 5451 εί
3733 5391 3784 5447 δέ

2213 5512 2298 5558 τις
2327 5493 2435 5546 ἀπὸ
2462 5493 2557 5545 τοῦ
2580 5493 2676 5546 νῦν
2701 5493 2857 5545 τοῦτο
2888 5493 3091 5564 πρᾶξαι
3115 5493 3399 5563 τολμήσοι,
3428 5489 3777 5571 ἁφοριζέσθω.

2286 5594 2400 5657 ἰ-ιςκ
2430 5590 2494 5643 Οἱ
2538 5587 2629 5641 τὸν
2675 5586 2911 5658 Χριστὸν
2953 5587 3041 5641 διὰ
3078 5589 3171 5640 τοῦ
3226 5586 3604 5656 βαπτίσματος
3646 5583 3781 5636 ἐνδυ-

2218 5684 2463 5753 σάμενοι,
2498 5681 2596 5752 τὴν
2649 5681 2707 5733 ἐν
2749 5679 2912 5750 σαρκὶ
2957 5678 3121 5732 αὐτοῦ
3174 5678 3451 5732 πολιτείαν
3515 5673 3778 5749 μιμεῖσθαι

2216 5775 2681 5847 καθωμολόγησαν
2713 5790 2728 5806 ο
2760 5774 2888 5836 τοὺς
2916 5772 3007 5825 οὖν
3042 5772 3141 5835 τὰς
3178 5772 3235 5826 ἐν
3257 5773 3323 5841 τῇ
3351 5770 3560 5840 κεφαλῇ
3603 5766 3778 5837 τρίχας

2220 5872 2355 5942 πρὸς
2386 5872 2564 5940 λύμην
2625 5868 2731 5923 τῶν
2763 5866 3015 5938 ὁρώντων
3068 5867 3128 5920 ἐν
3184 5862 3451 5925 ἐπινοίαις
3514 5854 3776 5931 ἐμπλοκῆς
