4146 6454
313 440 443 504 95⁸7

1001 437 1403 501 SYNTAGMA
1438 437 1828 500 CANONUM.
1857 462 1928 474 --
1954 437 2102 500 ΤΙΤ.
2139 440 2308 516 XIII,
2345 443 2502 504 CAP.
2537 443 2733 519 XXII,
2762 445 2990 507 XXIII.

3517 408 3620 519 958

317 547 717 614 εὖθετίζοντας
750 545 845 602 καὶ
867 545 1346 612 διασκευάζοντας,
1395 547 1489 601 καὶ
1519 547 1714 618 δέλεαρ
1742 564 1917 618 προσ-

2037 560 2381 618 :omponunt,
2409 561 2463 606 et
2492 553 2724 609 inﬁrmis
2755 556 2953 611 animis
2976 571 3157 611 escam
3194 573 3257 614 ea
3289 561 3500 618 ratione
3523 571 3620 621 ob-

310 642 586 704 ‘nBévmc
640 637 894 692 ἐντεῦθεν
946 641 1066 700 ταῖς
1130 637 1485 709 ἀστηρίκτοις
1522 637 1744 708 ψυχαῖς,
1798 638 1921 690 ἐπι-

308 735 503 804 τιμίῳ
539 731 838 803 προσφόρῳ
891 729 1176 800 πατρικῶς
1208 727 1605 799 θεραπεύομεν,
1643 728 1924 796 παιδαγωο

313 824 561 895 γοῦντες
597 823 819 887 αὐτοὺς,
849 823 946 872 καὶ
980 820 1276 890 σωφρόνως
1305 818 1455 890 βιοῦν
1494 818 1923 886 ἐκδιδάσκοντες,

318 918 474 986 πρὸς
495 916 556 969 τὸ
593 914 833 985 ἀφέντας
861 914 960 984 τὴν
992 915 1057 966 ὲκ
1109 913 1210 983 τῆς
1241 912 1374 984 ὕλης
1425 911 1645 982 ἀπάτην
1692 913 1787 965 καὶ
1824 929 1928 981 μα-

317 1009 620 1079 ταιότητα,
673 1007 810 1080 πρὸς
835 1007 934 1076 τὴν
967 1004 1275 1077 ἀνώλεθρον
1313 1004 1408 1059 καὶ
1469 1004 1748 1078 μακαρίαν
1779 1003 1926 1075 ζωὴν

320 1103 429 1155 τὸν
481 1099 606 1154 νοῦν
641 1098 900 1170 μετάγειν
932 1098 1223 1168 διηνεκῶς,
1285 1099 1381 1151 καὶ
1429 1099 1488 1152 ὲν
1551 1098 1703 1168 φόϐῳ
1753 1097 1925 1167 ἁγνὴν

323 1194 480 1264 ἔχειν
505 1190 878 1261 ἀναστροφὴν,
913 1191 1006 1242 καὶ
1031 1189 1151 1261 Θεῷ
1178 1189 1498 1259 πλησιάζειν
1519 1189 1664 1245 κατὰ
1681 1189 1922 1259 ἐφικτὸν,

323 1285 426 1340 διὰ
453 1284 552 1354 τῆς
580 1285 638 1336 ὲν
671 1282 772 1353 βίῳ
801 1281 1128 1350 καθάρσεως
1153 1298 1168 1312 ο
1201 1282 1294 1334 καὶ
1324 1281 1415 1335 τὸν
1462 1280 1610 1335 ἔνδον
1637 1282 1670 1352 ἢ
1705 1281 1797 1334 τὸν
1821 1280 1926 1344 ἔξω

326 1374 627 1447 ἄνθρωπον
662 1373 864 1445 μᾶλλον
891 1375 1119 1442 κοσμεῖν
1146 1375 1392 1442 ἀρεταῖς,
1420 1371 1518 1425 καὶ
1541 1373 1798 1443 χρηστοῖς
1832 1370 1929 1423 καὶ

329 1466 596 1537 ἀμώμοις
617 1467 729 1530 τοῖς
749 1463 940 1536 ἢθεσιν
964 1480 981 1497 ·
1014 1462 1156 1517 ὥστε
1189 1463 1359 1534 μηδὲν
1383 1463 1636 1533 λείψανον
1658 1462 1843 1534 φέρειν
1869 1464 1928 1514 ὲν

331 1561 557 1622 ἑαυτοῖς
581 1559 682 1629 τῆς
712 1559 808 1611 τοῦ
835 1557 1081 1611 ἐναντίου
1111 1556 1432 1626 σκαιότητος
1450 1574 1464 1589 ·
1487 1561 1537 1610 εί
1563 1557 1620 1610 δέ
1649 1573 1734 1620 τις
1775 1553 1930 1627 παρὰ

326 1650 429 1702 τὸν
450 1649 696 1720 παρόντα
727 1649 934 1702 κανόνα
965 1648 1280 1716 διαγίνοιτο,
1317 1647 1682 1718 ἀφοριζέσθω.

411 1744 476 1809 ρ’.
509 1741 570 1791 Οἱ
600 1738 897 1807 ὀφθαλμοί
914 1752 1033 1792 σου
1053 1737 1197 1806 ὀρθὰ
1209 1737 1736 1803 βλεπέτωσαν,καὶ
1756 1737 1928 1806 πάσῃ

330 1828 586 1899 φυλακῇ
607 1829 770 1897 τήρει
795 1829 921 1897 σὴν
945 1830 1219 1899 καρδίαν,
1251 1832 1284 1900 ἡ
1320 1831 1483 1898 σοφία
1512 1829 1926 1884 διακελεύεται·

2024 638 2258 706 jiciunt,
2312 644 2661 697 convenienti
2732 646 3001 715 supplicio
3050 658 3272 717 paterne
3320 667 3616 720 curamus;

2029 731 2176 800 ipsos
2212 731 2562 790 instituentes
2607 744 2662 790 et
2705 744 3075 816 temperanter
3114 740 3297 796 vivere
3334 744 3616 812 docentes,

2029 832 2088 878 ut
2122 825 2306 879 relicta
2327 824 2518 881 fraude
2547 837 2602 883 et
2625 829 2882 893 vanitate,
2912 847 3032 900 quze
3058 848 3124 887 ex
3155 835 3385 888 materia
3419 836 3618 902 oritur,

2029 917 2096 971 ad
2129 918 2298 972 exitio
2323 929 2601 974 carentem
2634 921 2962 994 beatamque
2994 925 3182 990 vitam,
3210 937 3446 981 mentem
3475 927 3620 982 assi-

2029 1009 2137 1063 due
2169 1011 2493 1078 traduCant;
2528 1024 2581 1070 et
2610 1015 2664 1068 in
2699 1016 2898 1072 timore
2921 1033 3111 1088 puram
3137 1026 3192 1073 et
3223 1029 3470 1074 sanctam
3497 1035 3623 1074 con-

2033 1101 2397 1155 versationem
2438 1104 2692 1167 habeant,
2732 1115 2787 1160 et
2828 1105 2959 1171 Deo,
2997 1107 3180 1177 quoad
3210 1108 3330 1178 ejus
3373 1109 3490 1163 tieri
3524 1125 3622 1176 po-

2036 1199 2158 1256 test,
2195 1197 2630 1265 appropinquent
2655 1213 2748 1266 per
2772 1199 2896 1254 vitae
2917 1200 3206 1267 puritatem
3228 1218 3242 1267 ;
3264 1211 3318 1255 et
3343 1202 3619 1256 internum

2034 1284 2212 1355 magis
2238 1301 2402 1354 quam
2433 1297 2722 1342 externum
2755 1291 3030 1356 hominem
3065 1294 3360 1348 virtutibus
3386 1304 3438 1348 et
3459 1293 3620 1348 bonis

2031 1373 2436 1446 incnlpatisque
2478 1378 2726 1433 moribus
2772 1390 3072 1445 exornent;
3129 1389 3190 1434 ut
3233 1381 3412 1436 nullas
3465 1380 3520 1434 in
3559 1395 3620 1435 se

2032 1462 2214 1517 ferant
2238 1464 2498 1535 reliquias
2528 1465 2812 1521 diabolica:
2845 1469 3235 1537 perversitatis.
3282 1467 3338 1522 Si
3369 1469 3495 1538 quis
3525 1483 3619 1522 au-

2034 1562 2140 1610 tem
2187 1565 2384 1624 praeter
2418 1556 2565 1612 hunc
2592 1572 2862 1615 canonem
2894 1566 3145 1615 versatus
3189 1559 3377 1627 fuerit,
3404 1574 3620 1614 excom-

2032 1647 2363 1701 municetur.

2107 1735 2232 1792 100.
2268 1737 2429 1793 Oculi
2480 1740 2559 1794 tui
2603 1749 2744 1795 recto
2805 1742 3090 1810 aspiciant,
3118 1751 3167 1796 et
3202 1744 3343 1797 omni
3376 1744 3619 1797 custodia

2033 1826 2212 1877 serva‘
2238 1842 2330 1879 cor
2375 1835 2545 1891 tuum,
2569 1828 2723 1898 jubet
2769 1827 3044 1898 Sapientia
3071 1830 3140 1886 ".
3181 1823 3442 1900 Corporis
3469 1817 3618 1885 enim

335 1919 538 1993 ῥᾳδίως
571 1921 680 1992 γὰρ
720 1921 787 1975 τὰ
816 1920 1030 1975 ἑαυτῶν
1081 1921 1175 1974 ἐπὶ
1236 1923 1336 1993 τὴν
1374 1921 1575 1992 ψυχὴν,
1603 1923 1658 1974 αἱ
1690 1921 1784 1974 τοῦ
1813 1922 1920 1974 σώ-

2037 1933 2224 1974 sensus
2241 1935 2338 1974 sua
2370 1919 2529 1975 facile
2547 1921 2599 1973 in
2621 1921 2858 1975 animam
2877 1922 3182 1976 cﬂ‘uudunt.
3204 1922 3453 1977 Picturas
3488 1938 3619 1993 ergo

337 2027 511 2081 ματος
546 2011 831 2082 αἰσθήσεις
878 2011 1252 2081 είσκρίνουσισ
1286 2014 1388 2075 τὰς
1441 2007 1536 2065 οὖν
1591 2011 1691 2079 τὴν
1731 2011 1924 2082 ὅρασιν

334 2103 853 2172 καταγοητευούσας
880 2103 1121 2175 γραφὰς,
1153 2103 1264 2156 εῐτε
1294 2106 1353 2158 ὲν
1374 2103 1591 2170 πίναξιν
1617 2105 1727 2157 είτε
1749 2102 1924 2167 ἄλλως

334 2209 458 2257 πως
505 2194 952 2265 άνατεθειμένας,
997 2196 1094 2249 καὶ
1159 2196 1252 2249 τὸν
1307 2194 1433 2250 νοῦν
1476 2195 1920 2266 διαφθειρούσας,

337 2287 434 2338 καὶ
462 2286 718 2350 κινούσας
746 2289 886 2358 πρὸς
913 2287 982 2341 τὰ
1011 2287 1118 2342 τῶν
1143 2289 1388 2360 αἰσχρῶν
1417 2287 1622 2359 ἡδονῶν
1645 2287 1924 2341 ὑπεκκαύ-

341 2393 508 2445 ματα,
565 2377 816 2447 οὐδαμῶς
865 2378 975 2430 ἀπὸ
1036 2378 1132 2431 τοῦ
1187 2378 1282 2432 νῦν
1327 2381 1385 2432 ὲν
1435 2378 1736 2448 οίῳδήποτε
1773 2378 1923 2448 τόπῳ

337 2464 754 2536 προστάσσομεν
777 2466 1214 2536 ὲγχαράττεσθαι
1245 2484 1258 2497 ⁸
1292 2469 1341 2521 εί
1366 2467 1422 2520 δέ
1447 2484 1530 2531 τις
1556 2468 1714 2521 τοῦτο
1742 2466 1923 2537 πράσ-

343 2574 457 2610 σειν
481 2559 846 2628 ὲπιχειρήσοι,
877 2557 1243 2628 ἁφοριζέσθω.

414 2647 537 2708 Πῶς
566 2647 636 2699 τὰ
667 2647 869 2717 θεώρια
890 2647 1195 2713 τελοῦνται,
1231 2648 1325 2702 καὶ
1367 2648 1485 2712 πῶς
1525 2649 1734 2718 γίνεται
1764 2649 1797 2719 ἡ
1829 2648 1924 2700 δα-

341 2741 486 2812 πάνη
521 2740 722 2804 αὐτῶν,
752 2743 847 2792 καὶ
875 2743 958 2793 ὃτι
1004 2739 1227 2792 δύναται
1271 2741 1299 2792 6
1323 2740 1508 2810 ἄρχων
1559 2741 1629 2793 τὰ
1683 2739 1925 2808 θεωρικὰ

341 2832 482 2903 προς
510 2831 706 2901 καιρὸν
737 2830 1020 2902 ἀφορίζειν
1065 2832 1144 2893 είς
1195 2832 1496 2884 ἀνανέωσιν
1519 2830 1735 2900 τειχῶν,
1767 2830 1923 2900 εἴρη-

336 2939 431 2976 ται
459 2921 602 2992 βιϐλ.
645 2921 713 2974 ια’
743 2921 837 2974 τοῦ
881 2921 1036 2987 κώδ.,
1067 2920 1170 2974 τίτ.
1200 2926 1311 2992 μα’,
1345 2921 1455 2991 μβπ
1494 2919 1599 2991 μδ’,
1647 2927 1776 2992 pg"
1813 2921 1842 2974 6
1864 2919 1923 2973 δὲ

339 3014 427 3087 με’
461 3016 569 3070 τίτ.
611 3017 825 3086 ἀναιρεῖ
848 3015 946 3086 τὴν
982 3014 1110 3068 θέαν
1135 3012 1245 3066 τῶν
1274 3014 1618 3084 μονομάχων.
1644 3029 1648 3032 ·

410 3107 665 3160 ΚΕΦΑΛ.
717 3107 808 3158 ΚΓ
811 3113 843 3158 ’.
876 3135 946 3144 —
977 3103 1114 3173 Περὶ
1157 3099 1435 3158 κλεπτῶν
1483 3099 1582 3154 καὶ
1620 3103 1924 3174 τυμϐωρύ-

334 3213 465 3265 χων
497 3195 597 3249 καὶ
623 3193 891 3262 λῃστῶν.

710 3286 1037 3339 Βασίλειον
1080 3283 1282 3338 κανὼν
1317 3284 1414 3349 Ea’,
1449 3281 1555 3348 ξς·’.

413 3378 513 3442 Ea’.
557 3377 617 3431 Ὀ
669 3377 872 3447 κλέψας
905 3379 954 3430 εί
1005 3379 1102 3447 μὲν
1154 3379 1250 3446 ἀφ’
1294 3377 1487 3430 ἑαυτοῦ
1527 3376 1927 3447 μεταμεληθεὶς

335 3467 697 3542 κατηγορήσῃ
724 3469 940 3532 ἑαυτοῦ,
964 3469 1210 3521 ἐνιαυτὸν
1232 3468 1608 3537 κωλυθήσεται
1635 3468 1795 3537 μόνον
1821 3468 1922 3537 τῆς

339 3567 632 3628 κοινωνίας
668 3565 776 3618 τῶν
814 3564 1203 3634 ἁγιασμάτωψ
1235 3566 1284 3616 εί
1311 3563 1368 3616 δὲ
1401 3563 1706 3634 ἐλεγχθείη,
1743 3565 1800 3616 ὲν
1829 3562 1923 3616 δυ-

340 3658 431 3710 σὶν
457 3658 602 3710 ἔτεσι
629 3675 642 3687 ·
670 3655 1061 3727 μερισθὴσεται
1102 3657 1160 3710 δὲ
1195 3656 1345 3726 αὺτῷ
1385 3657 1412 3708 6
1456 3657 1648 3727 χρόνος
1674 3660 1755 3721 είς
1790 3657 1924 3710 ὑπό-

335 3764 553 3803 πτωσιν
585 3749 681 3802 καὶ
721 3747 980 3802 σύστασιν
1008 3765 1022 3779 ·
1075 3749 1170 3802 καὶ
1213 3751 1336 3802 τότε
1380 3748 1653 3816 ἀξιούσθω
1679 3750 1777 3819 τῆς
1812 3767 1926 3802 κοι-

337 3859 448 3896 νων
456 3843 557 3906 ίας.

415 3933 522 3999 ξςα
569 3934 627 3989 '0
674 3932 1058 4005 τυμϐωρύχος,
1086 3933 1146 3985 ὲν
1176 3932 1309 3987 δέκα
1354 3931 1530 3986 ἔτεσιν
1563 3932 1927 4005 ἀκοινώνητος

339 4027 523 4092 ἔσται,
556 4028 614 4080 ὲν
639 4027 760 4080 δυσὶ
790 4025 1162 4100 προσκλαίων,
1214 4027 1272 4078 ὲν
1325 4025 1504 4097 τρισὶν
1545 4024 1920 4096 ἀκροώμενος,

341 4122 404 4175 ὲν
434 4122 728 4191 τέσσαρσιν
755 4120 1102 4184 ὑποπίπτων,
1132 4119 1216 4171 ἐνὶ
1245 4117 1301 4170 δὲ
1325 4117 1602 4180 συνεστὼς
1631 4134 1644 4148 ·
1679 4117 1776 4171 καὶ
1804 4119 1926 4170 τότε

340 4210 769 4284 δεχθησόμενος.

361 4315 373 4321 ⁴·
567 4299 904 4369 Γρηγορίου
941 4299 1200 4366 Νύσσης
1239 4316 1375 4369 κεφ.
1409 4303 1484 4364 ς’,
1527 4296 1593 4366 ζ’,
1622 4296 1693 4370 η’.

414 4399 491 4457 ς’.
529 4392 604 4446 Τὸ
636 4393 692 4446 δὲ
735 4393 924 4464 ἕτερον
976 4388 1115 4454 εἶδος
1150 4393 1250 4462 τῆς
1303 4393 1718 4464 εἰδωλολατρίας
1763 4392 1928 4468 (οὕτω

336 4484 452 4556 γὰρ
489 4487 743 4556 ὀνομάζει
774 4485 872 4558 τὴν
916 4486 1232 4550 πλεονεξίαν
1288 4487 1317 4538 6
1376 4486 1518 4550 θεῖος
1556 4485 1922 4558 ’Δπόστολος),

2033 2024 2156 2080 quae
2188 2011 2378 2066 oculos
2397 2013 2790 2083 praestringunt
2812 2013 2928 2069 sive
2957 2015 3009 2068 in
3029 2015 3247 2076 tabulis,
3280 2016 3395 2070 sive
3425 2013 3622 2084 quovis

2035 2101 2143 2156 alio
2172 2103 2334 2158 modo
2382 2104 2536 2169 fiant,
2565 2112 2619 2159 et
2672 2115 2908 2160 mentem
2958 2115 3370 2176 corrumpunt,
3437 2115 3491 2159 et
3552 2105 3620 2158 ad

2035 2195 2280 2262 turpium
2344 2196 2685 2265 voluptatum
2781 2208 3003 2252 movent
3080 2197 3373 2260 incendia,
3473 2197 3622 2250 nullo

2033 2283 2198 2338 modo
2227 2283 2482 2354 deinceps
2502 2285 2664 2356 463
2693 2287 2926 2355 exprimi
2945 2287 3225 2356 juhemus.
3269 2285 3324 2340 Si
3356 2287 3482 2356 quis
3522 2301 3623 2339 au-

2031 2381 2141 2430 tem
2199 2373 2304 2430 hoc
2335 2373 2515 2430 facere
2538 2391 2830 2446 aggressus
2866 2377 3051 2443 fuerit,
3118 2377 3442 2446 deponatur.

2111 2647 2619 2714 Textus.Qnomodo
2639 2648 2946 2716 spectacula
2967 2655 3318 2716 peragantur,
3343 2646 3622 2714 quomodo

2035 2740 2090 2794 in
2129 2741 2218 2794 illa
2249 2750 2499 2810 sumptus
2529 2741 2640 2803 ﬁat,
2669 2749 2722 2794 et
2747 2739 2892 2808 quod
2929 2739 3369 2807 spectaculorum
3411 2737 3624 2804 impen-

2037 2847 2128 2886 sas
2182 2847 2382 2902 prwses
2428 2833 2493 2886 ad
2550 2847 2836 2886 murorum
2886 2830 3239 2885 refectionem
3292 2831 3357 2883 ad
3405 2837 3622 2896 tempus

2035 2925 2280 2981 derivare
2311 2927 2502 2995 possit,
2530 2925 2730 2978 dicitur
2763 2924 2855 2978 lib.
2884 2923 3009 2977 cod.
3051 2923 3107 2976 Η
3140 2961 3156 2986 ,
3188 2923 3274 2976 tit.
3316 2921 3404 2985 41,
3435 2919 3523 2985 62,
3551 2917 3622 2972 45

2035 3029 2091 3076 et
2115 3019 2203 3074 46.
2248 3019 2355 3083 Tit,
2384 3020 2474 3084 45,
2499 3020 2640 3074 ιοΙΙίῑ
2669 3019 2979 3088 spectacula
3021 3018 3405 3088 gladiatorum.

2111 3107 2263 3164 CAP.
2292 3107 2480 3162 XXIII.
2504 3138 2574 3148 —
2596 3107 2670 3162 De
2707 3110 2936 3177 furibus,
2964 3110 3326 3178 sepulcrorum
3357 3104 3624 3175 expilato-

2035 3203 2203 3269 ribus,
2235 3213 2285 3258 et
2310 3200 2624 3256 latronibus.

2478 3291 2670 3344 Basilii
2698 3307 2923 3344 canones
2958 3289 3047 3354 61,
3083 3288 3172 3344 66.

2112 3387 2200 3442 6|.
2261 3385 2366 3452 Qui
2421 3385 2635 3438 furatus
2697 3393 2801 3448 est,
2866 3383 3136 3452 siquidem
3196 3389 3390 3451 sponte
3447 3379 3626 3448 pumi-

2039 3479 2209 3533 tentia
2259 3486 2443 3539 notus,
2505 3477 2746 3546 seipsum
2798 3473 3105 3540 accusarit;
3177 3487 3382 3526 animm
3427 3485 3457 3523 a
3511 3469 3624 3524 sola

2040 3575 2514 3624 sacramentorum
2543 3566 2938 3620 communione
2985 3564 3297 3619 arcebitur:
3327 3561 3408 3618 sin
3440 3570 3624 3613 autem

2039 3661 2325 3716 convictus
2372 3658 2555 3725 fuerit,
2596 3674 2772 3712 annos
2826 3658 2987 3713 duos.
3034 3656 3314 3710 Dividetur
3359 3661 3541 3706 autem
3573 3649 3628 3704 ei

2040 3767 2256 3825 tempus
2279 3755 2333 3808 in
2372 3752 2802 3808 substrationem
2843 3762 2898 3807 et
2933 3750 3381 3807 consistentiam:
3416 3755 3470 3801 et
3496 3755 3626 3801 tunc

2040 3846 2430 3901 communione
2467 3844 2666 3914 dignus
2702 3843 2988 3897 habeatur.

2109 3938 2202 3993 65.
2233 3936 2337 4002 Qui
2389 3950 2545 3990 suam
2606 3936 2662 3988 in
2711 3935 2999 3989 brutorum
3051 3933 3346 3989 concubitu
3417 3929 3617 4000 impie-

2036 4040 2199 4086 tatem
2233 4028 2546 4095 contitetur,
2584 4028 2727 4082 idem
2777 4037 2992 4097 tempus
3041 4027 3096 4081 in
3140 4026 3458 4097 pmnitentia
3513 4039 3623 4081 ser-

2036 4127 2209 4181 vabit.
3361 4125 3366 4131 '

2327 4305 2569 4378 Gregorii
2603 4303 2831 4374 Nysseni
2865 4318 3090 4390 canones
3121 4301 3185 4368 6,
3215 4304 3267 4366 7,
3303 4302 3357 4356 8.

2059 4423 2062 4426 ·
2113 4399 2166 4455 6.
2187 4397 2367 4453 Altera
2407 4405 2586 4451 autem
2635 4393 2952 4448 idololatriae
2987 4394 3193 4462 species
3229 4394 3330 4465 (sic
3360 4391 3505 4445 enim
3539 4391 3625 4446 di-

2039 4492 2203 4546 vinus
2239 4487 2532 4558 Apostolus
2569 4485 2851 4539 avaritiam
2872 4485 3211 4553 appellat”),
3235 4482 3422 4536 nescio
3489 4497 3626 4552 quo-

339 4577 445 4630 οὐκ
468 4573 586 4631 οῖδα
618 4578 767 4642 ὅπως
802 4577 1182 4650 ἀθεράπευτον
1213 4577 1319 4631 ὑπὸ
1347 4578 1457 4631 τῶν
1486 4579 1748 4650 Πατέρων
1771 4579 1927 4650 ήμῶν

2043 4583 2207 4638 modo
2237 4582 2444 4649 absque
2477 4580 2583 4633 ulla
2614 4592 2788 4648 poenae
2819 4577 3025 4630 medela
3055 4591 3084 4629 a
3113 4574 3363 4629 Patribus
3396 4585 3625 4644 praeter-

341 4667 663 4741 περιώφθη·
700 4671 882 4724 καίτοι
914 4687 978 4739 γε
1020 4671 1174 4724 δοκεῖ
1211 4671 1272 4723 τὸ
1318 4671 1561 4725 τοιοῦτον
1600 4671 1791 4733 κακὸν,
1833 4671 1932 4740 τῆς

340 4761 572 4833 τριττῆς
599 4764 657 4816 ὲν
685 4766 751 4835 τῇ
795 4765 941 4834 ψυχῇ
971 4764 1363 4828 καταστάσεως
1409 4763 1584 4827 πάθος
1612 4759 1754 4817 εἶναι
1784 4780 1798 4794 ·
1833 4763 1932 4815 καὶ

341 4854 502 4924 γὰρό
539 4854 802 4926 λογισμὸς
837 4856 932 4926 τῆς
967 4855 1062 4908 τοῦ
1099 4855 1267 4909 καλοῦ
1299 4856 1534 4926 κρίσεως
1573 4856 1928 4927 ἁμαρτάνων,

343 4947 404 5001 ἐν
433 4950 498 5018 τῇ
533 4947 633 5020 ὕλη
663 4948 726 5002 τὸ
758 4947 924 5002 καλὸν
953 4945 1092 5002 εἶναι
1122 4949 1476 5019 φαντάζεται,
1511 4949 1571 5000 οὗ
1605 4948 1743 5019 πρὸς
1765 4947 1929 5002 άῡλον

345 5040 670 5098 ἀναϐλέπων
701 5042 898 5106 κάλλος
925 5058 941 5076 ο
992 5044 1086 5096 καὶ
1117 5044 1150 5114 ἡ
1185 5043 1454 5112 ἐπιθυμία
1482 5041 1617 5114 πρὸς
1664 5043 1734 5098 τὰ
1784 5042 1935 5096 κάτω

348 5135 453 5211 ῥεῖ,
493 5132 591 5186 τοῦ
622 5133 856 5204 ἀληθοῦς
883 5135 1111 5205 όρεκτοῦ
1159 5135 1510 5206 ἀπορρέουσα
1537 5150 1550 5164 ·
1588 5133 1683 5187 καὶ
1717 5134 1749 5204 ἡ
1785 5134 1936 5201 φιλόο

347 5224 526 5288 νεικός
560 5242 621 5278 τε
657 5226 752 5279 καὶ
783 5225 1043 5297 θυμώδης
1084 5227 1326 5292 διάθεσις
1367 5225 1568 5291 πολλὰς
1604 5227 1667 5280 ἐκ
1701 5225 1799 5295 τῆς
1829 5242 1938 5278 τοι·

347 5313 526 5386 αὐτης
571 5315 851 5386 ἁμαρτίας
903 5317 1003 5379 τὰς
1056 5318 1315 5388 ἀφορμὰς
1370 5315 1684 5386 λαμϐάνειο
1733 5317 1829 5369 καὶ
1875 5313 1938 5368 τὸ

347 5405 469 5460 ὅλον
517 5409 695 5459 εἰπεῖν
729 5410 1013 5477 συμφωνεῖ
1055 5410 1090 5480 ἡ
1127 5408 1352 5480 τοιαύτη
1397 5409 1551 5473 νόσος
1593 5408 1672 5479 τῷ
1705 5411 1938 5462 ἀποστο-

347 5498 486 5572 λικῷ
517 5503 616 5572 τῆς
665 5499 983 5565 πλεονεξίας
1035 5501 1148 5573 ὅρῳ
1174 5517 1187 5530 ’
1216 5502 1245 5553 6
1278 5502 1388 5573 γὰρ
1420 5500 1564 5565 θεῖος
1615 5500 1940 5565 ’Δπόστολος

350 5593 412 5646 οὺ
469 5593 631 5663 μόνον
701 5594 871 5665 αὐτὴν
927 5593 1368 5663 εἰδωλολατρίαν,
1420 5593 1557 5648 άλλά
1623 5594 1718 5648 καὶ
1782 5593 1941 5664 ῥίζαν

351 5685 573 5741 πάντων
603 5687 714 5741 τῶν
764 5688 953 5741 κακῶν
1006 5688 1364 5759 ἀπεφήνατοο
1403 5689 1498 5743 καὶ
1541 5687 1692 5760 ὅμως
1735 5687 1796 5741 τὸ
1826 5703 1940 5741 τοι-

420 5869 467 5904 ⁴⁹
515 5869 674 5925 Prov.
718 5869 896 5933 μηρῖ».
975 5871 1022 5902 ⁸⁰
1049 5867 1244 5939 Ephcs.
1272 5886 1323 5939 γ,
1351 5869 1398 5926 5.

2039 4679 2207 4732 missa
2253 4675 2345 4729 sit.
2390 4673 2555 4742 Atqui
2601 4671 2700 4724 hoc
2735 4669 2937 4722 malum
2986 4668 3202 4737 quidem
3249 4666 3463 4720 videtur
3504 4681 3628 4721 esse

2039 4771 2202 4826 trium
2233 4766 2402 4821 animi
2433 4763 2894 4820 constitutionum
2927 4760 3161 4814 all‘cctio.
3196 4759 3338 4812 Nam
3373 4768 3427 4812 ct
3459 4759 3622 4823 ratio,

2038 4862 2106 4916 ab
2141 4861 2258 4930 ejus
2295 4858 2441 4930 quod
2482 4857 2770 4928 pulchrum
2800 4863 2884 4909 est
2909 4854 3149 4924 judicio,
3182 4853 3476 4917 abet-rans,
3505 4867 3627 4906 esse

2039 4953 2092 5006 in
2138 4953 2365 5006 materia
2411 4949 2558 5019 quod
2605 4947 2892 5018 pulchrum
2935 4955 3021 5000 est
3058 4946 3368 5010 existimat,
3404 4959 3512 4997 non
3559 4943 3626 4997 ad

2041 5043 2501 5115 pulchritudinem
2549 5055 2579 5094 a
2623 5039 2850 5092 materia
2895 5046 3201 5106 stipat-atam
3243 5036 3544 5105 aspiciens,
3574 5044 3629 5089 et

2043 5137 2377 5192 desiderium
2409 5134 2475 5189 ad
2505 5148 2568 5188 ea
2597 5147 2720 5202 quae
2747 5139 2877 5186 sunt
2909 5128 3165 5183 inferiora
3210 5127 3527 5193 inclinatur,
3560 5127 3630 5181 ab

2044 5247 2109 5287 eo
2135 5231 2281 5300 quod
2307 5243 2432 5282 vere
2461 5240 2545 5282 εει
2571 5225 2933 5295 expetendum
2967 5223 3231 5277 dilabess.
3262 5220 3384 5276 Jam
3418 5235 3545 5275 vero
3577 5231 3631 5276 ct

2046 5321 2388 5378 contentiosa
2421 5320 2777 5386 anin.osaque
2804 5317 2999 5370 anima:
3029 5315 3242 5369 alI'cctio
3276 5329 3344 5368 ex
3373 5318 3475 5368 hoc
3503 5329 3631 5382 pec-

2045 5425 2166 5470 cato
2195 5411 2360 5485 464
2385 5411 2584 5465 multas
2616 5411 2936 5464 orcusiones
2972 5408 3188 5478 accipit.
3216 5405 3282 5460 Et
3317 5415 3374 5459 ut
3414 5407 3466 5458 in
3507 5406 3631 5458 uni-

2043 5520 2261 5560 versum
2295 5504 2504 5565 dicam,
2538 5502 2626 5555 hic
2659 5501 2882 5554 morbus
2909 5514 3032 5553 cum
3059 5497 3355 5567 apostolica
3387 5493 3630 5548 avaritia:

2042 5593 2359 5651 deﬁnitione
2394 5593 2687 5647 consentit.
2721 5591 2946 5646 Divinus
2991 5590 3134 5644 enim
3172 5585 3466 5657 Apostolus
3503 5599 3628 5638 eam

2043 5703 2153 5744 non
2192 5687 2367 5744 solum
2406 5685 2798 5750 idololatriam,
2831 5686 2924 5738 sed
2963 5683 3128 5738 etiam
3166 5679 3413 5735 omnium
3454 5676 3626 5731 malo.
