4146 6450
662 380 783 449 959‘

1801 385 2064 447 ΡΗΟΤῙΙ
2104 381 2610 446 PATRIARCIUE
2636 383 2746 445 CP.

3822 388 3908 453 me

660 508 782 547 rum
822 490 1058 547 radicem
1099 493 1567 564 pronuntiavit";
1607 500 1662 549 et
1699 500 1879 548 tamen
1924 496 2038 549 haec
2072 493 2243 549 morbi

2357 492 2515 547 οὖτον
2568 488 2709 555 εἶδος
2764 489 3037 562 παρώφθη
3095 490 3197 561 τῆς
3242 490 3403 546 νόσου
3454 491 3836 550 ἀνεπίσκεπτόν
3859 518 3908 553 τε

657 587 891 654 species,
916 586 1321 641 inconsiderata
1350 596 1405 641 et
1429 588 1636 656 absque
1661 586 1769 641 ulla
1800 586 1917 655 ejus
1949 602 2085 641 cura
2114 603 2251 657 pne-

658 677 911 733 termissa
941 688 1024 733 est
1051 696 1065 733 :
1094 694 1204 750 quo
1230 679 1307 741 lit,
1332 688 1390 733 ut
1419 680 1506 733 hic
1536 680 1762 735 morbus
1789 680 1949 734 valde
1976 681 2028 733 in
2064 680 2253 735 Eccle-

657 770 737 823 sia
769 770 1063 835 redundet,
1091 781 1143 825 et
1181 787 1339 827 nemo
1377 772 1429 825 in
1490 772 1558 830 iis
1622 771 1715 840 qui
1751 771 1817 825 ad
1849 772 2055 827 clerum
2083 772 2254 826 addu-

657 870 881 925 cuntur,
950 862 1207 931 inquirit,
1275 878 1404 916 num
1451 862 1542 930 qui
1586 877 1649 914 eo
1695 863 2017 918 idololatriae
2056 880 2252 933 genere

657 952 850 1020 polluti
878 952 1008 1006 sint.
1039 954 1142 1007 Sed
1172 954 1237 1007 de
1267 954 1332 1007 iis
1363 953 1607 1022 quidem,
1640 954 1899 1023 quoniam
1931 955 1985 1009 id
2014 972 2043 1010 a
2074 954 2251 1011 Patri-

659 1043 763 1097 hus
817 1047 1246 1114 praetermissum
1296 1054 1379 1101 est
1429 1045 1678 1100 suiIicere
1724 1048 1983 1102 existimo
2032 1051 2247 1119 publica

656 1136 919 1190 doctrina:
958 1136 1197 1201 ratione,
1227 1152 1287 1191 ea
1326 1137 1604 1202 quomodo
1645 1136 1760 1192 fieri
1799 1149 1991 1208 potest.
2019 1155 2246 1205 curare,

655 1228 821 1280 veluti
852 1229 1117 1298 quosdam
1148 1232 1370 1284 morbos
1393 1245 1459 1284 ex
1489 1229 1788 1299 rcpletione
1810 1241 1980 1295 ortos,
2006 1232 2250 1302 inexple-

658 1319 786 1374 bilis
812 1320 1055 1375 avaritite
1085 1320 1403 1375 affectiones
1436 1322 1683 1375 oratione
1716 1332 2029 1391 purgantes.
2059 1322 2246 1378 Solum

656 1422 840 1468 autem
872 1412 1100 1479 furtum,
1130 1423 1182 1468 et
1209 1412 1591 1483 sepulcrorum
1611 1410 2050 1477 efl‘ossionem,et
2078 1415 2248 1469 sacri-

653 1504 854 1575 legium
886 1506 1013 1559 vitia
1044 1506 1456 1567 existimamus,
1486 1504 1631 1573 quod
1670 1504 1750 1557 sic
1788 1520 1816 1557 a
1857 1506 2078 1559 Patrum
2116 1521 2248 1560 con-

652 1598 974 1665 sequentia,
1004 1598 1119 1652 haec
1158 1597 1315 1651 nobis
1353 1596 1570 1649 traditio
1608 1594 1747 1649 facta
1782 1597 1873 1650 sit.
1900 1596 2063 1666 Atqui
2102 1598 2246 1669 apud

652 1688 897 1742 divinam
939 1689 1278 1759 Scripturam
1319 1702 1373 1747 et
1409 1692 1566 1748 fenus
1600 1703 1653 1747 et
1691 1708 1860 1749 usura
1895 1704 2026 1750 sunt
2061 1697 2247 1765 prohi-

651 1782 785 1848 bita,
821 1792 875 1837 ct
906 1800 1001 1854 per
1028 1788 1322 1856 quamdam
1366 1788 1691 1855 potentiam,
1723 1790 1789 1844 ad
1830 1805 1986 1845 suam
2024 1804 2247 1861 posscs-

652 1874 867 1931 sionem
918 1876 1090 1933 aliena
1147 1879 1464 1946 traducere,
1510 1880 1724 1936 etiamsi
1776 1881 1880 1937 sub
1929 1892 2244 1940 contractus

654 1974 751 2019 aut
797 1967 1183 2023 transactiouis
1232 1969 1414 2038 specie
1459 1970 1564 2026 hoc
1612 1971 1851 2027 fortasse
1893 1971 2100 2027 factum
2148 1974 2240 2028 sit.

655 2057 927 2122 Quoniam
959 2073 1089 2127 ergo
1124 2073 1223 2113 nos
1250 2060 1469 2128 quidem
1503 2062 1568 2116 ad
1602 2077 1874 2118 canonum
1914 2073 2239 2133 potestatem

654 2150 1056 2219 assequendam
1087 2150 1189 2205 fide
1222 2151 1369 2225 digni
1403 2169 1512 2208 non
1550 2170 1770 2222 sumus,
1801 2156 1854 2211 in
1897 2158 1991 2224 iis,
2020 2174 2143 2228 quae
2174 2174 2239 2214 ex

653 2241 910 2298 confesso
944 2244 1214 2314 prohibita
1248 2254 1407 2314 sunt,
1440 2248 1759 2302 canonicam
1795 2250 2121 2304 sententiam
2154 2252 2239 2306 di-

651 2332 756 2387 ctis
803 2331 916 2401 jam
966 2333 1310 2403 adjiciemus.
1359 2336 1635 2391 Dividitur
1683 2346 1866 2393 autem
1924 2338 2129 2393 furtum
2184 2341 2238 2394 in

651 2422 998 2478 latrocinium
1055 2442 1147 2480 seu
1202 2425 1697 2496 depraadatiouem,
1744 2438 1799 2483 et
1846 2431 1900 2483 in
1954 2446 2236 2485 murorum

648 2514 1027 2571 emissionem.
1057 2518 1202 2573 Idem
1246 2528 1426 2573 autem
1470 2521 1754 2589 utriusque
1790 2531 1873 2575 est
1908 2522 2236 2589 institutum,

653 2606 911 2663 videlicet
939 2609 1115 2663 aliena
1144 2608 1360 2664 auferre
1402 2626 1415 2663 :
1455 2609 1507 2663 in
1548 2611 1731 2665 animo
1761 2618 1940 2665 autem
1974 2612 2237 2682 ipsorum,

650 2713 847 2769 magna
892 2710 975 2755 est
1017 2700 1157 2755 inter
1200 2716 1261 2755 se
1296 2700 1622 2756 dilferentia.
1657 2701 1821 2757 Latro
1862 2703 2039 2765 enim,
2071 2704 2235 2757 etiam

568 2796 577 2803 “
648 2792 1007 2848 homicidium
1047 2794 1115 2849 ad
1152 2794 1203 2847 id
1243 2795 1387 2864 quod
1427 2796 1613 2849 studet
1641 2796 1859 2865 assequi
1892 2797 2142 2861 assumit,
2170 2796 2239 2850 ad

648 2884 703 2939 id
737 2894 961 2954 paratus
988 2894 1043 2940 et
1070 2886 1263 2948 armis,
1288 2895 1337 2941 et
1369 2887 1565 2955 copiis,
1588 2895 1641 2941 et
1671 2889 2080 2957 opportunitate
2111 2888 2235 2953 loci,

648 2979 786 3034 adeo
819 2986 879 3031 ut
910 2978 956 3031 is
997 2978 1396 3033 homicidarum
1432 2978 1640 3047 judicio
1676 2980 2021 3049 subjiciatur,
2056 2980 2102 3035 si
2144 2996 2241 3052 per

646 3070 1025 3139 pteuitentiam
1063 3069 1130 3124 ad
1164 3069 1327 3141 465
1365 3070 1458 3124 Dei
1499 3069 1799 3125 Ecclesiam
1835 3087 2087 3127 reversus
2118 3071 2240 3127 fue-

2355 586 2702 657 ἀτημέλητον
2728 602 2744 617 ο
2808 585 2891 638 διὸ
2928 584 3022 637 καὶ
3062 583 3349 648 πλεονάζει
3400 584 3541 637 κατά
3564 584 3664 648 τὰς
3702 586 3908 660 Ἐκκλη-

2354 677 2479 740 σίας
2507 676 2568 730 τὸ
2620 676 2864 730 τοιοῦτον
2895 675 3245 747 ἀρρώστημα
3268 692 3281 706 ·
3313 679 3408 729 καὶ
3450 676 3622 740 οὐδεὶς
3668 679 3793 742 τοὺς
3833 683 3908 734 ἐπὶ

2352 769 2445 821 τὸν
2476 768 2678 840 κλῆρον
2735 768 3038 838 ἀγομένους
3092 767 3544 837 περιεργάζεται,
3580 768 3653 838 μή
3700 785 3812 833 πως
3844 773 3909 841 τῷ

2355 860 2587 932 τοιούτῳ
2626 861 2759 914 εῖδει
2816 861 2919 931 τῆς
2977 859 3393 930 εἰδωλολατρίας
3447 860 3909 931 κατεμιάνθησανο

2352 954 2491 1007 ἀλλά
2530 954 2659 1025 περὶ
2714 954 2815 1024 μὲν
2846 952 3055 1007 τούτων
3112 952 3199 1006 διά
3231 952 3294 1005 τὸ
3348 953 3641 1020 παρεῖσθαι
3674 956 3785 1018 τοῖς
3816 959 3911 1009 Πα-

2350 1047 2545 1116 τράσιν
2580 1047 2758 1115 ἡμῶν,
2821 1046 3014 1115 ἀρκεῖν
3066 1045 3373 1115 ἡγούμεθα,
3429 1044 3508 1115 τῷ
3556 1045 3796 1117 δημοσίῳ
3828 1052 3911 1119 τῆς

2349 1138 2700 1201 διδασκαλίας
2758 1137 2924 1209 λόγῳ,
2960 1140 3109 1203 ὃπως
3140 1139 3206 1192 ἂν
3257 1134 3369 1193 οἷόν
3410 1155 3468 1191 τε
3509 1134 3565 1212 ᾖ,
3613 1139 3909 1208 θεραπεύειν

2350 1230 2541 1302 ὥσπερ
2592 1232 2716 1285 τινὰ
2746 1231 2892 1302 πάθη
2929 1231 3255 1303 πληθωρικά
3284 1229 3383 1295 τὰς
3411 1231 3796 1290 πλεονεκτικάς
3825 1234 3910 1302 ἀρ-

2351 1323 2609 1397 ρωστίας,
2641 1323 2731 1377 διά
2767 1323 2861 1378 τοῦ
2893 1324 3050 1393 λόγου
3087 1324 3483 1393 καθαίροντος·
3524 1325 3692 1395 μόνην
3741 1325 3796 1377 δὲ
3830 1327 3909 1395 τὴν

2349 1417 2559 1489 κλοπὴν
2592 1417 2688 1471 καὶ
2737 1417 3133 1489 τυμϐωρυχίαν
3164 1419 3259 1471 καὶ
3309 1418 3409 1486 τὴν
3441 1418 3749 1495 ἱεροσυλίαν
3784 1419 3909 1488 πάθη

2348 1512 2665 1583 νομίζομεν,
2699 1512 2787 1567 διὰ
2824 1512 2885 1565 τὸ
2914 1510 3088 1576 οὕτως
3129 1512 3192 1565 ὲκ
3220 1512 3321 1581 τῆς
3360 1510 3468 1564 τῶν
3502 1512 3761 1581 Πατέρων
3801 1513 3909 1565 ἀκο-

2348 1604 2589 1667 λουθίας,
2624 1604 2723 1674 τὴν
2762 1604 3061 1675 παράδοσιν
3088 1605 3220 1674 ἡμῖν
3245 1602 3375 1674 περὶ
3411 1602 3602 1656 τούτου
3642 1602 3904 1670 γενέσθαι·

2346 1694 2525 1750 καίτοι
2556 1712 2620 1764 γε
2653 1695 2805 1767 παρά
2833 1696 2931 1765 τῆς
2974 1695 3125 1759 θείας
3154 1694 3403 1767 Γραφῆς,
3429 1694 3522 1747 καὶ
3540 1695 3569 1747 ὁ
3592 1694 3907 1764 πλεονασμὸς

2348 1790 2444 1843 καὶ
2474 1790 2502 1843 ό
2529 1788 2711 1853 τόκος,
2739 1788 2848 1841 τῶν
2876 1788 3270 1860 ἀπειρημένων
3298 1789 3419 1841 ἐστὶ
3449 1788 3544 1841 καὶ
3582 1788 3644 1841 τὸ
3681 1789 3746 1841 ὲκ
3779 1787 3905 1842 δυνα·

2348 1881 2535 1943 στείας
2564 1876 2710 1942 τινος
2756 1882 2820 1950 τῇ
2886 1879 2996 1950 ίδίᾳ
3036 1880 3227 1950 κτήσει
3265 1882 3640 1951 προσαγαγεῖν
3678 1880 3746 1934 τὰ
3774 1880 3903 1934 ἀλλό-

2345 1990 2493 2044 τρια,
2522 1970 2627 2025 κᾶν
2665 1972 2724 2024 ὲν
2765 1973 3118 2042 προσχήματι
3175 1972 3564 2041 πραγματείας
3593 1972 3656 2024 τὸ
3696 1970 3904 2025 τοιοῦτον

2344 2064 2484 2134 τύχῃ
2521 2062 2808 2133 γινόμενον
2838 2078 2853 2095 ο
2910 2062 3098 2135 ἐπειδὴ
3147 2064 3330 2116 τοίνυν
3392 2063 3453 2116 τὸ
3513 2063 3639 2116 καθ’
3670 2064 3811 2135 ἡμᾶς
3841 2065 3903 2127 είς

2345 2156 2600 2222 ἐξουσίαν
2640 2155 2885 2210 κανόνων
2909 2155 3248 2219 ἀξιόπιστον,
3270 2156 3371 2226 τὴν
3396 2155 3616 2208 ἐπὶτῶν
3638 2155 3901 2225 ὁμολογου-

2350 2250 2527 2321 μένως
2581 2249 3057 2320 ἀπηγορευμένων
3110 2246 3405 2316 κανονικὴν
3450 2246 3637 2317 κρίσιν
3671 2246 3767 2317 ἤδη
3811 2249 3901 2311 τοῖς

2344 2341 2658 2412 εἰρημένοις
2709 2338 3129 2410 προσθήσομεν·
3182 2337 3436 2408 διῄρηται
3475 2340 3508 2407 ἡ
3550 2338 3727 2409 κλοπὴ
3763 2338 3835 2401 είς
3852 2355 3899 2390 τε

2343 2432 2602 2503 λῃστείαν
2633 2431 2731 2485 καὶ
2760 2432 2838 2494 είς
2868 2430 3233 2501 τοιχωρυχίαν
3258 2449 3273 2464 ο
3310 2430 3403 2483 καὶ
3430 2425 3510 2494 εἷς
3548 2430 3652 2500 μὲν
3698 2430 3783 2482 ἐπ’
3810 2431 3896 2499 ἀμ-

2346 2526 2590 2595 φοτέρων
2622 2524 2846 2588 σκοπὸς,
2877 2524 2911 2593 ἡ
2940 2522 3047 2575 τῶν
3070 2522 3368 2593 ἀλλοτρίων
3392 2522 3689 2592 ἀφαίρεσις
3714 2537 3728 2551 ⁸
3758 2522 3895 2591 πολλὴ

2341 2617 2396 2670 δὲ
2423 2616 2565 2671 κατά
2608 2615 2709 2686 τὴν
2762 2616 2990 2686 γνώμην
3036 2615 3215 2668 αὐτῶν
3262 2617 3295 2685 ἡ
3330 2614 3466 2685 πρὸς
3510 2613 3772 2685 ἀλλήλους
3803 2614 3894 2666 ἐστὶ

2342 2709 2578 2779 διαφορά
2604 2723 2619 2737 ’
2654 2709 2682 2760 ό
2718 2706 2819 2777 μὲν
2844 2707 2952 2775 γὰρ
2980 2705 3203 2779 λῃστὴς,
3240 2706 3335 2759 καὶ
3367 2704 3463 2777 τὴν
3500 2706 3809 2775 μιαιφονίαν
3834 2706 3893 2767 είς

2344 2798 2666 2870 συμμαχίαν
2700 2798 2795 2853 τοῦ
2826 2799 3264 2868 σπουδαζομένου
3303 2797 3746 2868 παραλαμϐάνει,
3787 2797 3893 2864 πρὸς

2342 2891 2475 2944 αὐτὸ
2508 2889 2665 2943 τοῦτο
2692 2888 3257 2959 παρασκευαζόμενος
3279 2886 3372 2939 καὶ
3393 2885 3583 2948 ὅπλοις
3625 2887 3718 2938 καὶ
3757 2885 3891 2937 πολυ-

2341 2982 2525 3054 χειρίᾳ
2558 2981 2651 3034 καὶ
2682 2983 2792 3042 τοῖς
2817 2980 3129 3050 ἐπικαίροις
3156 2978 3264 3031 τῶν
3288 2980 3467 3030 τόπων
3489 2994 3503 3009 ο
3529 2976 3678 3030 ὥστε
3703 2976 3785 3029 τὸν
3804 2992 3889 3027 τοι·

2341 3074 2497 3129 οὖτον
2527 3073 2606 3144 τῷ
2637 3074 2865 3143 κρίματι
2893 3071 2999 3126 τῶν
3031 3071 3375 3141 ἀνδροφόνων
3407 3069 3740 3137 ὑπάγεσθαι,
3767 3063 3889 3119 είδιὰ

647 3163 741 3217 rit.
768 3160 870 3227 Qui
899 3170 1079 3215 autem
1112 3162 1298 3216 latenti
1330 3162 1636 3227 ablatione,
1668 3162 1773 3217 sibi
1806 3163 2043 3219 alienum
2074 3181 2236 3221 usur—

2348 3166 2709 3239 μεταμελείας
2742 3163 2938 3218 ἑαυτὸν
2970 3162 3108 3234 πρὸς
3138 3162 3238 3231 τὴν
3274 3159 3611 3229 Ἐκκλησίαν
3655 3159 3743 3213 τοῦ
3784 3156 3889 3210 Θεοῦ

647 3263 772 3324 pat,
807 3253 852 3307 si
894 3253 1091 3307 deinde
1132 3269 1231 3322 per
1270 3254 1699 3308 enuntiationem
1742 3264 2028 3324 peccatum
2070 3272 2231 3312 suum

647 3346 917 3403 sacerdoti
951 3347 1254 3414 aperuerit,
1285 3346 1402 3400 vitii
1441 3347 1619 3401 studio
1650 3346 1703 3401 in
1738 3349 2079 3404 contrarium
2111 3367 2234 3405 mu-

647 3447 763 3493 tato
806 3437 1185 3507 aegritudinem
1230 3438 1442 3491 curabit
1489 3454 1503 3490 :
1552 3437 1673 3493 dico
1724 3450 1903 3493 autem
1956 3441 2232 3512 largiendo

646 3546 770 3602 quae
797 3530 959 3585 habet
986 3529 1353 3600 pauperibus,
1383 3539 1474 3593 ut,
1502 3529 1631 3584 dum
1664 3545 1785 3600 quae
1814 3531 1979 3586 habet
2005 3533 2234 3601 profun-

647 3624 759 3688 dit,
792 3638 852 3678 se
885 3622 954 3677 ab
988 3622 1233 3676 avaritiae
1268 3622 1459 3675 morbo
1491 3622 1723 3676 liberum
1753 3632 1937 3691 aperte
1963 3627 2230 3681 ostendat.

648 3714 746 3770 Sin
791 3725 970 3769 autem
1021 3714 1156 3768 nihil
1200 3713 1347 3767 aliud
1390 3723 1753 3784 praeterquam
1803 3716 1981 3771 solum
2030 3733 2232 3787 corpus

647 3805 879 3871 haheat,
904 3804 1058 3875 jubet
1086 3804 1384 3874 Apostolus
1412 3820 1508 3875 per
1538 3805 1777 3859 laborem
1807 3808 2149 3877 corporalem
2180 3807 2231 3862 ei

646 3897 845 3953 morbo
872 3897 1095 3952 mederi.
1117 3895 1382 3951 Dictiouis
1410 3906 1589 3951 autem
1618 3898 1690 3951 ita
1715 3898 1876 3952 habet
1900 3909 2187 3955 contextus
2216 3919 2230 3956 :

647 3988 762 4056 Qui
787 3989 1023 4059 furatur,
1049 4004 1149 4042 non
1178 3988 1407 4058 amplius
1436 3988 1688 4058 furetur:
1716 3990 1805 4042 sed
1827 3992 2002 4060 potius
2032 3992 2234 4047 laboret

646 4083 842 4139 bonum
871 4098 1113 4153 operam,
1139 4091 1195 4135 ιιι
1223 4082 1391 4152 possit
1417 4082 1466 4135 ei
1496 4081 1683 4151 largiri
1707 4083 1797 4154 qui
1826 4083 2026 4155 indiget
2047 4086 2116 4142 ",

720 4356 773 4412 7.
810 4354 1199 4427 Sepulcrorum
1228 4364 1412 4411 autem
1441 4355 1679 4422 eﬂossio,
1702 4365 1832 4423 etc.,
1860 4374 1918 4413 ιιι
1949 4375 2073 4430 pag.
2104 4359 2232 4418 811.

716 4447 771 4503 8.
807 4447 1161 4519 Sacrilegium
1195 4458 1399 4517 autem,
1429 4457 1557 4513 etc.,
1585 4458 1643 4502 ut
1668 4465 1788 4519 pag.
1820 4449 1947 4504 8M.

720 4538 864 4611 Lege
913 4555 1037 4610 quae
1095 4540 1358 4595 adnotata
1416 4549 1545 4594 sunt
1602 4540 1656 4593 in
1712 4556 1834 4611 cap.
1894 4543 2010 4610 27,
2062 4545 2147 4599 tit.
2206 4545 2239 4603 9
2275 4556 2318 4611 D

2350 3260 2725 3328 ὲπαναγάγοι·
2761 3259 2790 3311 δ
2814 3257 2870 3311 δὲ
2906 3256 2974 3310 δι’
3006 3257 3349 3326 ὑφαιρέσεως
3385 3253 3757 3323 λανθανούσης
3789 3268 3889 3320 σφε-

2345 3352 2694 3425 τεριζόμενος
2725 3352 2787 3405 τὸ
2820 3350 3120 3419 ἀλλότριον,
3164 3344 3284 3400 εἶτα
3332 3347 3396 3399 δι’
3432 3346 3824 3417 ὲξαγορεύσεως
3846 3340 3890 3392 τὸ

2348 3443 2732 3516 πλημμέλημα
2777 3440 2971 3494 ἑαυτοῦ
3013 3439 3091 3508 τῷ
3124 3440 3262 3509 ἱερεῖ
3305 3438 3654 3508 φανερώσας,
3706 3438 3765 3505 τῇ
3790 3432 3890 3501 περὶ

2346 3534 2408 3588 τὸ
2439 3534 2680 3587 ἐναντίον
2719 3532 2811 3586 τοῦ
2838 3531 3043 3594 πάθους
3072 3530 3300 3601 σπουδῇ,
3334 3528 3668 3600 θεραπεύσει
3708 3527 3796 3597 τὴν
3819 3526 3887 3596 ἁρ-

2350 3626 2609 3697 ρωστίαν,
2636 3625 2780 3693 λέγω
2812 3623 2868 3677 δὲ
2899 3622 2991 3676 διὰ
3011 3621 3104 3675 τοῦ
3134 3623 3201 3675 τὰ
3222 3621 3497 3693 προσόντα
3527 3620 3784 3690 παρέχειν
3804 3619 3889 3677 toi;

2348 3717 2597 3785 πένησιν,
2630 3716 2715 3768 ἵνα
2746 3714 2823 3785 τῷ
2849 3712 3115 3785 προέσθαι
3158 3710 3194 3765 ἃ
3228 3711 3360 3780 ἔχει,
3411 3710 3666 3780 φανερῶς
3703 3707 3887 3774 γένηται

2349 3809 2674 3881 καθαρεύων
2728 3810 2829 3879 τῆς
2882 3807 3024 3860 κατὰ
3069 3803 3387 3867 πλεονεξίαν
3422 3802 3584 3854 νόσου
3611 3816 3625 3830 ’
3676 3802 3720 3851 εί
3747 3798 3792 3850 δὲ
3817 3796 3887 3847 καὶ

2353 3902 2521 3974 μηδὲν
2554 3900 2688 3971 ἔχοι,
2738 3900 2897 3970 μόνον
2927 3897 2983 3949 δὲ
3008 3896 3069 3949 τὸ
3110 3894 3269 3965 σῶμα
3300 3893 3436 3964 ἔχοι,
3472 3892 3731 3946 κελεύειὸ
3762 3886 3886 3940 Ἀπό-

2351 3993 2538 4056 στολος
2565 3992 2651 4046 διὰ
2677 3989 2773 4044 τοῦ
2806 3984 3119 4059 σωματικοῦ
3147 3986 3337 4047 κόπου,
3365 3984 3427 4037 τὸ
3450 3982 3692 4037 τοιοῦτον
3711 3981 3886 4048 ὲξιάσαυ

2350 4083 2479 4138 σθαι
2512 4083 2682 4144 πάθος
2701 4097 2713 4111 δ
2741 4080 2855 4150 ἔχει
2885 4079 2942 4133 δὲ
2964 4080 2998 4149 ἡ
3019 4076 3165 4144 λέξις
3180 4075 3353 4139 οὕτως
3373 4092 3387 4106 ·
3437 4074 3499 4126 '0
3529 4075 3883 4137 κλέπτωγμη-

2349 4174 2479 4230 κέτι
2530 4171 2853 4235 κλεπτέτω,
2899 4169 3144 4239 μᾶλλον
3168 4167 3237 4221 δὲ
3262 4165 3520 4220 κοπιάτω
3538 4163 3883 4234 ἐργαζόμενος

2349 4264 2417 4320 τὸ
2438 4262 2683 4333 ἀγαθὸν,
2704 4262 2803 4315 ἵνα
2823 4260 2936 4329 ἔχῃ
2952 4258 3331 4329 μεταδιδόναι
3347 4255 3427 4323 τῷ
3446 4260 3657 4326 χρείαν
3696 4253 3879 4322 ἔχοντα.

2421 4354 2491 4422 ζ’.
2530 4354 2596 4408 Ἦ
2624 4354 2682 4409 δὲ
2712 4346 3085 4423 τυμϐωρυχία,
3105 4364 3160 4402 κ.
3190 4367 3241 4405 τ.
3273 4350 3325 4405 λ.

2417 4447 2492 4521 η’.
2531 4448 2598 4502 Ἥ
2627 4446 2686 4501 δὲ
2718 4442 3005 4517 ἱεροσυλία,
3030 4460 3083 4497 κ.
3113 4460 3165 4497 τ.
3184 4441 3238 4497 λ.

2434 4535 2742 4605 Ἀνὰγνωθι
2794 4533 2864 4587 τὰ
2926 4530 3447 4603 παραγεγραμμένα
3480 4531 3538 4581 ὲν
3574 4528 3651 4598 τῷ
3691 4525 3765 4589 κζ’
3786 4537 3878 4587 κεφ-

644 4632 936 4703 praesentis
987 4633 1191 4701 operis.
1256 4632 1473 4686 Τετιιιε.
1532 4631 1609 4687 De
1669 4632 1981 4689 latronibus
2038 4635 2239 4691 dicitur

2348 4630 2433 4684 τοῦ
2459 4627 2503 4682 θ’
2546 4628 2655 4682 τίτ.
2687 4624 2783 4677 τοῦ
2835 4623 3103 4693 παρόντος
3149 4624 3527 4691 συντάγματος
3550 4637 3563 4650 ·
3589 4621 3714 4688 περὶ
3729 4615 3777 4669 δὲ
3807 4613 3879 4682 λῃ-

647 4723 747 4778 lib.
785 4739 974 4785 xum,
1001 4724 1085 4777 tit.
1124 4724 1215 4787 i9,
1247 4724 1453 4794 Digest.
1485 4724 1554 4779 28
1585 4741 1597 4777 :
1624 4724 1727 4790 Qui
1765 4727 2045 4795 praedandi
2072 4743 2241 4783 causa

651 4830 1009 4885 aggressuras
1042 4816 1274 4883 faciunt,
1317 4818 1527 4873 similes
1569 4819 2055 4875 suntlatronibus.
2090 4821 2159 4875 Et
2196 4821 2242 4876 si

650 4922 774 4961 cum
808 4906 956 4959 ferro
990 4907 1043 4962 id
1085 4907 1310 4974 faciant,
1342 4920 1395 4964 et
1439 4910 1661 4978 saepius,
1721 4921 1886 4979 atque
1938 4911 1992 4965 in
2042 4912 2245 4966 itineri-

651 4996 776 5061 bus,
813 4998 993 5067 capite
1023 4998 1329 5067 puuiuntur
1359 5015 1374 5053 :
1410 5000 1589 5054 caeteri
1623 5001 1679 5054 in
1709 5000 1967 5055 exsilium
2014 5002 2245 5056 mittun-

656 5097 765 5152 tur,
815 5097 911 5142 aut
960 5090 1336 5159 deportantur.
1387 5089 1610 5146 Famosi
1652 5107 1805 5156 vero,
1860 5092 2059 5161 quibus
2109 5094 2244 5149 locis

661 5178 972 5233 latrocinali
1026 5190 1178 5243 sunt,
1226 5181 1378 5236 furca
1416 5183 1683 5254 ﬁguntur,
1736 5192 1833 5238 aut
1877 5199 2001 5238 cum
2055 5184 2245 5240 bestiis

656 5270 992 5341 depugnant.
1023 5270 1269 5328 Mirabile
1298 5273 1608 5346 [quiddam]
1635 5275 1711 5329 ait
1739 5285 1917 5330 const.
1950 5275 2007 5341 2,
2035 5278 2119 5331 tit.
2157 5277 2239 5345 18,

658 5366 752 5421 lib.
789 5380 864 5419 vu
899 5366 1021 5420 cod.
1082 5365 1150 5420 de
1198 5368 1473 5422 latronum
1526 5368 1735 5423 familia
1789 5385 1985 5439 nempe
2018 5370 2243 5425 descen-

659 5459 930 5526 dentibus,
967 5474 1035 5514 ex
1081 5458 1371 5529 largitione
1425 5461 1733 5531 principali,
1788 5463 1871 5516 vel
1919 5463 2248 5520 auctoritate

636 5542 829 5621 )ﬁscali
860 5554 1039 5611 servis
1070 5552 1257 5619 factis,
1289 5554 1531 5610 interimi
1560 5555 1889 5612 libertatem.

734 5819 775 5849 ⁵¹
803 5823 817 5873 1
850 5821 1185 5892 Τίιιιοιιι.νι,
1218 5826 1296 5880 l0.
1377 5827 1421 5860 "
1446 5826 1647 5896 Ephes.
1671 5841 1743 5892 tv,
1767 5825 1858 5879 28.

2343 4720 2483 4774 στῶν
2506 4722 2719 4791 εἴρηται
2749 4716 2888 4787 βιόλ.
2927 4712 3039 4786 μη’,
3072 4714 3177 4769 τίτ.
3207 4711 3294 4778 ιθ’,
3326 4713 3467 4766 διάτ.
3501 4711 3611 4783 κη’,
3646 4712 3722 4764 ὅτι
3742 4709 3783 4761 οί
3808 4705 3879 4763 τὰς

2346 4813 2572 4883 ἐφόδους
2618 4808 2900 4871 ποιοῦντες
2932 4806 3021 4859 διὰ
3064 4806 3123 4859 τὸ
3151 4804 3502 4877 προοδεῦσαι,
3554 4803 3755 4857 ἐοίκασι
3797 4798 3879 4855 τοῖς

2342 4906 2604 4979 λῃσταῖς*
2637 4902 2734 4956 καὶ
2789 4900 2884 4953 ἐὰν
2914 4898 3075 4951 τοῦτο
3117 4897 3257 4968 μετά
3302 4897 3525 4967 σιδήρου
3570 4894 3773 4953 ποιῶσι,
3812 4885 3879 4940 καὶ

2343 4996 2626 5058 πολλάκις,
2652 4992 2752 5046 καὶ
2800 4994 2857 5045 ὲν
2893 4992 3011 5053 ταῖς
3046 4990 3206 5055 ὁδοῖς,
3256 4991 3337 5051 εἰς
3380 4987 3623 5058 κεφαλὴν
3669 4979 3880 5043 κολάζον-

2341 5108 2433 5145 ται
2455 5105 2468 5119 °
2500 5090 2548 5141 οἱ
2575 5086 2632 5141 δὲ
2658 5085 2836 5139 λοιποὶ
2868 5082 3233 5155 ὲξορίζονται,
3259 5082 3291 5151 ἦ
3321 5076 3818 5150 δεπορτατεύονται·
3844 5067 3878 5118 οἱ

2342 5182 2400 5237 δὲ
2424 5180 2742 5251 περιϐόητοι
2793 5154 3240 5247 φουρκίζονταιῆ
3274 5170 3700 5244 θηριομαχοῦσιν
3741 5169 3788 5217 ὲν
3822 5154 3878 5219 οἷς

2350 5271 2685 5342 ὲλῄστευσαν
2712 5270 2899 5331 τόποις
2920 5285 2933 5298 ο
2974 5266 3278 5337 παράδοξον
3306 5264 3362 5316 δέ
3413 5280 3596 5334 φησιν,
3626 5262 3657 5329 ἡ
3690 5256 3731 5351 θ’
3769 5253 3873 5351 Sui-1.

2347 5362 2442 5416 τοῦ
2476 5360 2543 5433 ιη’
2571 5360 2678 5414 τίτ.
2715 5358 2812 5412 τοῦ
2847 5359 2890 5424 ζ’
2917 5358 3056 5429 βιὸλ.
3092 5358 3184 5411 τοῦ
3232 5356 3387 5423 κώδ.,
3420 5356 3501 5408 ὅτι
3526 5356 3636 5415 τοῖς
3665 5346 3771 5403 οὖσι

2347 5430 2616 5526 φαμιλίας
2644 5454 2753 5511 τῶν
2781 5452 3016 5524 λῃστῶν,
3047 5454 3141 5506 καὶ
3171 5453 3234 5505 ἐκ
3258 5449 3543 5521 βασιλικῆς
3563 5430 3874 5516 φιλοτιμίαξῆ

2346 5548 2636 5611 αὑθεντίας
2684 5547 2778 5601 τοῦ
2827 5546 3021 5618 φίσκου
3051 5544 3363 5618 γενομένοις
3416 5540 3641 5605 δούλοις,
3682 5530 3873 5605 ἀρνεῖτω

2345 5644 2379 5713 ἡ
2428 5640 2582 5696 ἐλευθ
2597 5640 2738 5711 ερία.
