4146 6438
10 2563 146 2593 ξτνζ

4 5189 153 5246 09133"

413 365 524 432 ραι
1046 361 1450 424 SYNTAGMA
1487 359 1876 422 CANONUM.
1905 384 1972 395 —
1994 357 2149 418 TIT.
2180 357 2356 436 XIII,
2397 359 2556 422 CAP.
2598 360 3040 425 XXIV-XXIX.
3603 368 3711 434 occ;

493 481 746 537 ΚΕΦΑΛ.
798 477 926 536 KA'.
983 507 1054 520 ——
1112 479 1252 548 Περὶ
1307 477 1415 534 τοῦ
1468 477 1556 549 μὴ
1601 473 1917 543 ,βαλλίζειν
1965 473 2004 543 ἢ

2180 475 2335 532 CAP.
2399 476 2590 532 XXIV.
2625 510 2696 519 —
2721 480 2799 534 Ne
2840 479 3044 534 choreae
3071 479 3126 532 in
3159 480 3358 548 nuptiis
3393 520 3408 544 ,
3458 481 3710 536 saltatio-

420 569 728 641 ὀρχεῖσθαι
760 567 832 622 ἐν
861 566 1091 636 ¹Γάμοις.

709 660 982 714 Συνόδου
1013 660 1372 726 Λαοδικείας
1399 658 1601 713 κανὼν
1623 657 1728 728 νηί.

493 752 597 823 νγ’.
630 754 755 806 Ὀτι
784 753 845 805 οὐ
881 752 962 804 δεῖ
995 752 1359 823 Χριστιανοὺς
1393 753 1473 813 είς
1524 749 1738 820 γάμους
1783 751 2018 822 ἀπερχο-

424 849 644 920 μένους,
683 843 957 916 βαλλίξειν
982 846 1014 915 ἢ
1042 845 1345 916 ὀρχεῖσθαι,
1384 843 1520 898 ἀλλὰ
1542 842 1757 914 σεμνῶς
1779 843 2018 897 δειπνεῖν

419 941 456 1010 ἢ
506 941 762 1010 ὰριστᾷν,
795 938 870 1001 ὡς
905 938 1112 1009 πρέπει
1145 939 1515 1009 Χριστιανοῖς.

499 1125 756 1178 ΚΕΦΛΛ.
789 1122 917 1178 κε’.
945 1153 1016 1163 -—
1046 1121 1181 1192 Περὶ
1215 1119 1321 1176 τοῦ
1343 1121 1430 1192 μὴ
1459 1123 1883 1180 συλλούεσθαι
1907 1140 2016 1192 τυ-

425 1215 630 1281 ναιξιν
658 1215 908 1284 ἄνδρας.

732 1304 1006 1359 Συνόδου
1044 1305 1398 1373 Λαοδικείας
1420 1305 1623 1360 κανὼν
1650 1304 1715 1360 λ’.

499 1393 568 1451 λ’.
607 1397 730 1450 Ὅτι
761 1397 844 1450 δεῖ
889 1397 1222 1467 ίερατικοὺς,
1261 1397 1294 1468 ἢ
1336 1399 1655 1469 κληρικοὺς,
1689 1398 1723 1470 ἢ
1772 1398 2019 1470 ἀσκητάς

433 1489 492 1543 ἐν
513 1489 780 1560 βαλανείῳ
807 1489 949 1559 μετὰ
975 1489 1252 1558 γυναικῶν
1287 1489 1674 1558 ἀπολούεσθαι,
1701 1509 1756 1545 κ.
1782 1508 1835 1545 1.
1858 1489 1912 1546 λ.

573 1673 845 1730 Συνόδου
865 1673 1292 1746 οίκουμενικῆς
1328 1675 1509 1745 ἕκτης
1540 1674 1744 1730 κανὼν
1779 1671 1878 1740 ρξ’.

501 1763 596 1832 οξ.
633 1768 758 1821 Ὅτι
779 1769 842 1822 οὐ
868 1768 948 1821 δεῖ
980 1770 1312 1838 ἱερατικοὺς,
1350 1770 1385 1840 ἦ
1423 1769 1741 1839 κληρικοὺς,
1776 1767 1810 1839 ἦ
1839 1766 2016 1836 ἀσκη-

427 1857 553 1926 τὰς,
576 1862 633 1914 ὲν
657 1858 929 1931 βαλανείῳ
955 1860 1093 1930 μετὰ
1109 1858 1384 1929 γυναικῶν
1399 1859 1788 1926 ἀπολούεσθαι,
1808 1876 1861 1925 κ,
1879 1874 1933 1914 τ.
1960 1857 2012 1911 λ.

515 2043 815 2113 Ἀνάγνωθι
869 2043 938 2116 τά
972 2043 1407 2116 παραγραφέντα
1434 2043 1493 2097 ὲν
1536 2041 1618 2112 τῷ
1648 2039 1731 2098 λα’
1765 2060 1892 2114 κεφ.
1918 2043 2015 2098 τοῦ

432 2114 480 2171 0'
517 2115 623 2170 1l1.
653 2116 748 2168 τοῦ
776 2114 1483 2185 παρόντοςσυντάγματος.

503 2207 756 2262 ΚΕΦΑΛ.
801 2203 948 2275 KG".
982 2235 1056 2246 —
1091 2207 1232 2275 Περὶ
1270 2205 1378 2262 τοῦ
1430 2206 1833 2277 χλευάζοντος
1877 2205 2020 2273 τοὺς

431 2299 732 2366 ἀσθενεῖς.

871 2386 1247 2443 Ἆποστόλων
1269 2388 1472 2444 κανὼν
1497 2388 1593 2456 νζ.

504 2477 604 2545 νζ.
621 2480 690 2534 Ei
707 2497 792 2544 τις
809 2479 1072 2551 κληρικὸς
1087 2479 1260 2551 χωλὸν
1277 2481 1314 2552 ἢ
1329 2482 1512 2552 κωφὸν
1526 2483 1561 2554 ἢ
1578 2482 1799 2553 τυφλὸν,
1821 2500 1875 2539 κ.
1895 2501 1946 2540 τ.
1967 2486 2018 2540 λ.

510 2665 761 2720 ΚΕΦΑΛ.
795 2663 921 2721 KZ'.
952 2696 1023 2707 —
1050 2667 1190 2737 Περὶ
1217 2667 1325 2722 τοῦ
1342 2667 1428 2738 μὴ
1450 2670 1706 2724 εἰσιέναι
1728 2672 2022 2742 γυναῖκας

439 2757 528 2822 είς
558 2757 1010 2823 θυσιαστήριον,
1045 2759 1144 2812 καί
1177 2757 1267 2812 ὅτι
1311 2761 1522 2830 μόνοις
1566 2763 1692 2829 τοῖς
1711 2765 2024 2835 ἱερττικοῖς

439 2847 646 2912 ἔξεστι
672 2848 1066 2903 κοινωνεῖνέν
1105 2849 1185 2916 τῷ
1212 2853 1642 2921 θυσιαστηρίῳ.

674 2939 944 2994 Συνόδου
980 2941 1332 3009 Λαοδικείας
1361 2944 1562 3001 κανὼν
1589 2942 1674 3010 ιδ’,
1709 2944 1813 3017 μδ’.

515 3030 603 3084 ιϐ’.
636 3031 770 3102 Περὶ
803 3031 896 3086 τοῦ
926 3031 1036 3086 δεῖν
1071 3033 1176 3104 ἰδίᾳ
1205 3035 1445 3106 πρῶτον,
1500 3039 1644 3108 μετὰ
1671 3039 1772 3103 τὰς
1801 3039 2020 3111 ὁμιλίας

440 3123 551 3179 τῶν
577 3125 914 3194 ἐπισκόπων,
933 3144 988 3183 κ.
1016 3145 1068 3182 τ.
1090 3127 1144 3182 λ.

517 3213 622 3287 μδ.
681 3218 804 3271 Ὀτι
847 3219 908 3270 οὐ
960 3217 1042 3272 δεῖ
1107 3222 1374 3288 γυναῖκας
1431 3222 1492 3276 ὲν
1535 3221 1614 3296 τῷ
1661 3222 2034 3298 θυσιαστηρίῳ

442 3309 810 3382 είσέρχεσθαι.

585 3403 856 3458 Συνόδου
887 3405 1310 3479 οὶκουμενικῆς
1337 3407 1523 3478 ἕκτης
1560 3409 1754 3465 κανὼν
1791 3409 1891 3478 ξδ’.

520 3491 618 3558 ξθ’.
633 3495 724 3565 Μὴ
739 3495 940 3560 ἐξέστω
957 3497 1063 3550 τινὶ
1077 3497 1185 3551 τῶν
1199 3499 1456 3554 ἁπάντων
1470 3503 1525 3554 ὲν
1539 3501 1750 3566 λα’ίκοῖς
1767 3502 2034 3572 τελοῦντι,

445 3585 595 3638 ἔνδον
634 3586 781 3657 ίεροῦ
825 3589 1051 3644 εἰσιέναι
1087 3589 1500 3665 θυσιαστηρίου,
1531 3611 1586 3648 κ.
1617 3611 1665 3649 τ.
1707 3594 1758 3649 λ.

515 3771 769 3828 ΚΕΦΑΛ.
803 3771 941 3828 KH’.
973 3803 1048 3817 —
1069 3775 1208 3844 Περὶ
1233 3776 1339 3830 τοῦ
1362 3775 1452 3848 μὴ
1476 3775 1673 3832 ποιεῖν
1699 3775 1820 3832 ἀπὸ
1873 3791 2034 3851 συμ-

446 3864 637 3934 ϐολῆς
657 3869 973 3936 συμπόσια

730 3957 1004 4012 Συνόδου
1040 3959 1397 4028 Λαοδικείας
1418 3961 1622 4016 κανὼν
1653 3962 1748 4020 νε’.

515 4045 610 4100 γε’.
646 4049 769 4101 Ὅτι
801 4049 864 4102 οὐ
914 4050 996 4103 δεῖ
1030 4051 1337 4124 ἱερατικοὺς
1368 4054 1401 4124 ἦ
1434 4055 1749 4126 κληρικοὺς,
1783 4059 1849 4114 ἐκ
1891 4076 2036 4133 συμ-

451 4138 616 4208 ϐολῆς
648 4139 933 4210 συμπόσια
962 4143 1253 4207 ἐπιτελεῖν,
1284 4143 1402 4197 ἀλλ’
1432 4146 1556 4200 οὐδὲ
1582 4146 1826 4213 λαῖκούς.

519 4233 776 4288 κρΕΦΑΑ.
809 4231 938 4289 ΚΘ¹.
967 4264 1039 4274 -—
1071 4238 1212 4305 Περὶ
1248 4237 1628 4293 κυϐευόντων
1667 4238 1707 4309 ἢ
1742 4243 2040 4310 μεθυσκο·

447 4323 669 4395 μένων.

867 4417 1246 4475 Ἀποστόλων
1275 4421 1479 4476 κανὼν
1513 4419 1625 4496 pf.

2119 584 2268 623 nesve
2296 571 2452 637 ﬁant.

2457 661 2685 716 Concilii
2725 663 3040 718 Antioeheni
3069 678 3240 716 canon
3276 663 3375 718 55.

2190 753 2279 810 55.
2309 753 2464 822 Quod
2495 770 2602 808 non
2645 764 2863 825 Oportet
2891 754 3238 812 Christianos
3270 756 3338 808 ad
3371 754 3592 824 nuptias
3617 771 3710 807 ve.-

2120 845 2356 910 nientes,
2397 845 2564 917 566
2608 861 2666 900 se
2714 846 2949 917 turpiter
2993 856 3047 902 et
3111 846 3368 901 indecore
3413 863 3600 917 gerere
3628 846 3710 899 vel

2119 939 2341 1004 saltare;
2377 941 2472 994 sed
2522 939 2767 995 modeste
2817 955 3058 1006 caenare,
3090 947 3145 993 et
3183 939 3475 1009 prandere,
3519 947 3579 992 ut
3611 938 3714 993 de-

2119 1041 2207 1087 cet
2237 1029 2608 1086 Christianos.

2198 1122 2355 1180 CAP.
2387 1121 2559 1178 XXV.
2591 1154 2664 1164 —
2686 1121 2769 1178 Ne
2792 1125 2894 1178 viri
2933 1139 3051 1177 cum
3085 1121 3397 1177 mulieribus
3446 1123 3499 1176 in
3523 1121 3711 1177 balneo

2119 1215 2249 1270 sint.

2473 1307 2703 1364 Concilii
2743 1307 3028 1362 Laodiceni
3062 1323 3231 1361 canon
3258 1307 3349 1362 50.

2192 1404 2285 1459 50.
2317 1401 2473 1468 Quod
2510 1418 2619 1456 non
2652 1411 2867 1471 Oportet
2904 1417 3030 1455 eum
3067 1403 3160 1470 qui
3201 1413 3286 1455 est
3336 1407 3586 1453 sacratus
3625 1399 3709 1452 vel

2122 1496 2383 1556 clericus,
2415 1492 2504 1548 vel
2553 1492 2904 1550 exercitator.
2942 1490 2997 1544 in
3052 1490 3250 1546 balneo
3285 1505 3412 1545 cum
3465 1488 3712 1544 mulieri-

2122 1588 2223 1642 bus
2253 1585 2444 1647 lavari,
2477 1593 2606 1650 etc.,
2637 1593 2694 1636 ut
2724 1599 2846 1653 pay.
2879 1582 3010 1639 790.

2427 1676 2658 1734 Concilii
2695 1675 3003 1730 wrumem‘ci
3039 1689 3091 1728 v1
3131 1689 3300 1728 canon
3340 1673 3429 1728 77.

2195 1771 2289 1829 77.
2342 1769 2498 1839 Quod
2528 1784 2636 1824 non
2663 1776 2880 1838 oportet
2920 1767 3095 1823 sacris
3143 1766 3408 1830 initiatus,
3437 1764 3518 1818 vel
3548 1762 3715 1818 cleri-

2135 1882 2228 1922 cos
2261 1865 2345 1921 vel
2401 1873 2636 1932 ascetas,
2696 1861 2870 1917 lavari
2914 1876 3042 1917 cum
3097 1860 3442 1925 mulieribus,
3496 1864 3717 1924 etc.,ut

2130 1968 2254 2024 pag.
2293 1950 2419 2007 790.

2203 2042 2349 2126 Lege
2382 2058 2505 2126 quae
2530 2051 2793 2099 annotata
2824 2052 2954 2100 sunt
3001 2042 3056 2097 in
3089 2057 3210 2115 cap.
3249 2041 3340 2106 5|,
3381 2039 3466 2094 tit.
3494 2038 3528 2095 9
3581 2052 3725 2110 prae-

2132 2125 2306 2172 sentis
2333 2125 2535 2184 operis.
2969 2133 2973 2139 ·

2201 2205 2360 2264 CAP.
2388 2205 2580 2264 XXVI.
2603 2236 2675 2248 —
2701 2205 2777 2261 De
2804 2221 2863 2260 eo
2895 2205 2988 2276 qui
3012 2205 3254 2274 inﬁrmos
3282 2203 3471 2258 irridet

2577 2390 2960 2462 Apostolorum
2989 2404 3161 2442 canon
3189 2388 3280 2445 57.

2199 2486 2269 2542 57
2321 2483 2462 2559 [56].
2521 2483 2583 2540 Si
2640 2483 2766 2554 quis
2822 2481 3057 2537 clericus
3110 2478 3390 2546 claudum,
3457 2477 3544 2535 vel
3594 2493 3726 2536 sur-

2135 2579 2290 2646 dum,
2313 2586 2446 2644 etc.,
2481 2585 2538 2629 ut
2569 2592 2691 2646 pag.
2719 2575 2846 2630 758.

2203 2670 2358 2726 CAP.
2408 2669 2623 2724 XXVII.
2652 2697 2726 2707 —
2770 2665 2854 2722 Ne
2902 2665 3168 2719 malieres-
3206 2664 3276 2717 ad
3324 2662 3496 2717 altare
3541 2664 3721 2733 ingrc-

2135 2763 2395 2826 diantur;
2443 2770 2491 2814 et
2529 2758 2670 2830 quod
2707 2756 2836 2812 solis
2883 2755 3261 2810 ecclesiasticis
3288 2753 3444 2810 liceat
3488 2769 3726 2809 commu-

2137 2858 2317 2912 nicare
2352 2856 2409 2910 in
2438 2853 2620 2908 altari.

2415 2943 2641 3000 Concilii
2674 2940 2956 2996 Laodiceni
2983 2955 3210 2994 canones
3240 2937 3454 3004 I9,"M.

2229 3041 2316 3098 19.
2367 3039 2633 3109 Oportere
2671 3049 2921 3090 seorsum
2962 3033 3228 3102 primum,
3271 3041 3398 3102 post
3434 3030 3728 3101 episcopo-

2059 3161 2102 3218 ο
2137 3150 2261 3195 rum
2290 3143 2593 3193 sermones,
2617 3135 2748 3188 etc.,
2771 3134 2828 3177 ut
2851 3140 2972 3193 pag.
2992 3123 3119 3218 587.

2209 3229 2302 3286 44.
2355 3222 2514 3291 Quod
2565 3233 2676 3275 non
2728 3225 2946 3287 oportet
2993 3215 3254 3270 mulieres
3308 3214 3378 3270 ad
3419 3215 3592 3270 altare
3638 3215 3728 3269 in-

2139 3321 2316 3393 gredi.

2351 3408 2514 3484 467
2552 3403 2780 3462 Concilii
2806 3402 3111 3458 tecumenici
3151 3417 3204 3456 v1
3226 3417 3395 3455 canon
3423 3400 3512 3456 69.

2210 3505 2300 3562 60.
2332 3501 2479 3558 Nulli
2505 3499 2752 3554 omnium
2800 3496 2982 3558 liceat,
3021 3493 3115 3564 qui
3166 3493 3386 3563 quidem
3418 3494 3490 3547 sit
3541 3492 3593 3547 in
3631 3490 3733 3547 lai-

2140 3613 2333 3656 corum
2365 3591 2763 3660 numero,intra
2788 3597 2942 3658 septa
2968 3587 3112 3642 sacri
3133 3587 3320 3641 altaris
3342 3585 3572 3657 ingredi,
3590 3596 3727 3654 etc.,

2139 3702 2197 3746 ut
2226 3707 2350 3761 pag.
2393 3686 2525 3742 602.

2209 3783 2363 3839 CAP.
2412 3776 2748 3834 XXVIIl.——
2777 3773 2861 3829 Ne
2902 3773 3200 3844 potationes
3238 3770 3440 3826 collata
3490 3770 3733 3842 symbola

2181 3886 2294 3930 ant.

2140 3875 2294 3946 ﬁn“.
2499 3961 2726 4018 Concilii
2763 3959 3048 4014 Laodiceni
3079 3974 3250 4012 canon
3280 3956 3371 4012 55.

2214 4059 2304 4115 55.
2362 4057 2522 4126 Quod
2565 4071 2674 4110 non
2730 4061 2945 4123 oportet
2990 4061 3238 4107 sacratos
3305 4059 3359 4105 et
3401 4047 3634 4103 clericos
3675 4043 3732 4103 cl

2139 4151 2422 4212 collationi
2464 4145 2718 4203 convivia
2753 4157 3037 4214 peragere,
3066 4142 3160 4196 sed
3193 4155 3372 4210 neque
3394 4139 3585 4194 laicos.

2211 4241 2368 4299 CAP.
2395 4237 2591 4296 XXIX.
2618 4267 2691 4280 -—
2718 4235 2796 4291 De
2823 4234 3120 4289 alatoribus
3143 4239 3193 4288 et
3222 4232 3467 4286 ebriosis.

2591 4427 2965 4500 Apostolorum
2995 4440 3166 4479 canon
3191 4423 3282 4478 45.

517 4507 628 4581 μγ’.
671 4510 1079 4579 Ὑποδιάκονος,
1139 4513 1590 4587 ἢάναγνώστης,
1643 4517 1676 4589 ἢ
1733 4517 1944 4589 ψάλτης
1971 4521 2038 4574 τὰ

2215 4527 2286 4582 45
2304 4523 2442 4599 [421.
2502 4521 2949 4594 Hypodiaconus,
3001 4515 3088 4571 vel
3140 4515 3331 4580 lector,
3379 4511 3463 4567 vel
3510 4518 3728 4576 cantor,

447 4605 614 4675 ὃμοια
649 4604 846 4670 ποιῶν,
867 4604 902 4676 ἦ
925 4605 1251 4673 παυσάσθω,
1287 4607 1322 4678 ἢ
1351 4607 1701 4679 ἀφοριζέσθω
1723 4626 1740 4642 ο
1774 4611 2038 4676 ὡσαύτως

449 4699 544 4752 καί
572 4696 782 4761 λαῖκός.

627 4786 901 4844 Συνόδου
931 4787 1350 4860 οίκουμενικῆς
1371 4789 1551 4861 ἕκτης
1571 4791 1775 4848 κανὼν
1795 4791 1860 4848 ν’.

523 4875 587 4932 ν’.
615 4879 840 4949 Μηδένα
866 4880 976 4933 τῶν
1008 4881 1264 4936 ἁπάντων
1302 4884 1414 4936 εἴτε
1445 4883 1652 4939 λαῖκῶν
1690 4885 1801 4939 εἴτε
1845 4884 2040 4958 κληρι-

450 4969 564 5024 κῶν
597 4969 853 5024 κυϐεύειν
888 4971 998 5025 ἀπὸ
1027 4971 1122 5026 τοῦ
1145 4970 1258 5040 νῦν,
1286 4989 1340 5027 κ.
1364 4989 1417 5028 τ.
1447 4973 1500 5028 λ.

530 5064 593 5117 Ἥ
627 5072 671 5118 α’
707 5066 850 5118 διάτ.
908 5067 1003 5119 τοῦ
1067 5065 1157 5140 py’
1210 5069 1316 5123 1l1.
1352 5069 1446 5123 τοῦ
1490 5067 1539 5138 γ’
1585 5068 1726 5141 βιϐλ.
1778 5070 1875 5125 τοῦ
1908 5071 2036 5128 κὼδ.

451 5157 620 5226 φησὶν
645 5158 726 5212 ὄτι
756 5158 784 5210 ὁ
819 5159 1078 5229 ἡττηθεὶς
1113 5162 1195 5224 είς
1225 5161 1415 5215 κόττον
1441 5163 1541 5218 οὐκ
1577 5164 1912 5229 ἀπαιτεῖται,
1949 5166 2042 5219 καὶ

451 5248 782 5303 καταλαϐὼν
844 5251 1222 5324 ἀναλαμϐάνει
1285 5253 1425 5324 μετὰ
1476 5255 1735 5326 διαδόχων
1789 5257 1899 5310 ἀπὸ
1945 5256 2040 5310 τοῦ

449 5342 780 5412 νικήσαντος
808 5345 902 5397 καὶ
924 5345 1279 5418 κληρονόμων
1307 5347 1471 5401 αὑτοῦ
1497 5347 1761 5419 διηνεκῶς
1780 5351 1873 5402 καὶ
1898 5349 2045 5419 πέρα

451 5436 908 5505 τριακονταετίας
929 5452 942 5467 ⁸
979 5439 1028 5491 εἰ
1061 5437 1120 5490 δὲ
1166 5437 1519 5509 μὴ³θέλουσιν
1553 5439 1866 5505 ἀναλαϐεῖν,
1897 5439 1926 5490 ὁ
1959 5441 2045 5494 θέ-

451 5530 564 5582 λων
611 5529 708 5582 ml.
747 5529 984 5600 μάλιστα
1020 5533 1049 5586 δ
1081 5532 1184 5600 τῆς
1214 5531 1424 5596 πόλεως
1479 5534 1536 5586 ὲν
1656 5530 1815 5585 τοῦτο
1852 5533 2047 5602 γέγονε

455 5619 642 5692 πατὴρ
673 5620 708 5692 ἢ
738 5621 951 5687 ἔκδικος
991 5625 1220 5678 ἀπαιτεῖ
1255 5623 1352 5676 καὶ
1406 5624 1622 5696 δαπανᾷ
1644 5626 1724 5688 είς
1771 5623 1912 5696 ἔργα
1945 5625 2048 5695 τῆς

456 5713 688 5778 πόλεως,
725 5715 821 5769 καὶ
849 5717 883 5786 ἡ
912 5715 1180 5788 γενομένη
1212 5716 1306 5769 ἐπὶ
1327 5715 1505 5788 κόττῳ
1527 5715 1802 5786 ἀσφάλεια
1843 5716 2050 5790 ἄκυρός

459 5804 578 5860 ἔστι
611 5806 706 5862 καὶ
738 5807 1051 5864 ἀποδίδοται
1076 5823 1090 5840 ο
1138 5808 1188 5862 εί
1225 5806 1284 5861 δὲ
1313 5806 1404 5863 καί
1438 5824 1521 5872 τις
1571 5808 1629 5862 ὲν
1659 5808 1904 5879 σχήματι
1935 5812 2052 5867 ad:-

2145 4619 2346 4676 similia
2384 4615 2611 4680 faciens,
2663 4611 2748 4666 vel
2794 4619 2994 4674 cesset,
3021 4607 3109 4662 vel
3157 4614 3491 4678 segregetur.
3537 4603 3730 4658 Itidem

2145 4719 2200 4767 et
2237 4709 2432 4765 laicus.

2450 4796 2680 4852 Concilii
2718 4792 3021 4850 oecumenici
3047 4806 3102 4846 τι
3131 4805 3301 4846 canon
3331 4788 3422 4844 50.

2216 4893 2307 4950 50.
2362 4889 2584 4946 Nullum
2617 4889 2865 4944 omnium
2893 4927 2910 4954 ,
2958 4886 3074 4941 sive
3121 4883 3321 4938 laicum
3394 4880 3510 4936 sive
3570 4877 3732 4934 cleri-

2148 5003 2272 5045 cum
2304 4985 2558 5054 deinceps
2590 4982 2706 5037 alea
2737 4979 2948 5044 ludere,
2973 4987 3105 5044 etc.,
3141 4985 3200 5030 ut
3227 4992 3351 5046 pag.
3389 4973 3515 5029 774.

2222 5077 2436 5132 Τεωιιιε.
2471 5076 2665 5136 Const,
2705 5071 2756 5134 I,
2805 5071 2887 5124 tit.
2919 5069 3012 5134 45,
3055 5069 3151 5122 lib.
3211 5083 3272 5121 ιιι
3313 5065 3437 5120 cod.
3471 5063 3594 5118 ait:
3629 5060 3735 5128 Qui

2151 5171 2206 5226 in
2239 5178 2387 5225 cotto
2425 5167 2608 5221 victus
2648 5172 2756 5226 est,
2802 5176 2910 5216 non
2945 5169 3193 5225 tenetur;
3226 5166 3279 5213 et
3309 5159 3355 5213 si
3394 5157 3578 5223 solvit,
3609 5171 3734 5210 cum

2151 5256 2567 5317 successoribus
2590 5269 2621 5308 a
2647 5252 2855 5306 victore
2875 5251 3104 5320 ejusque
3124 5248 3430 5303 haeredibus
3455 5255 3738 5316 perpetuo,

2141 5354 2318 5408 etiam
2353 5358 2482 5420 post
2517 5346 2740 5416 triginta
2777 5359 2954 5400 annos
2989 5342 3232 5412 recipere
3260 5338 3492 5411 {potesL
3526 5336 3656 5408 Qui]
3694 5337 3736 5389 si

2157 5459 2419 5514 rccupare
2465 5441 2664 5504 nolint,
2697 5440 3035 5509 quicunque,
3085 5443 3139 5490 et
3183 5434 3456 5504 praecipue
3492 5431 3742 5494 ,civitatis

2157 5537 2209 5590 in
2243 5551 2350 5605 qua
2392 5533 2443 5587 id
2484 5531 2690 5586 factum
2737 5539 2843 5592 est,
2893 5537 3047 5598 pater
3096 5535 3190 5580 aut
3237 5525 3497 5580 defensor
3551 5521 3739 5592 exigit,

2155 5637 2318 5695 atque
2348 5625 2401 5678 in
2435 5623 2674 5678 civitatis
2703 5635 2868 5690 opera
2902 5619 3155 5675 insumit.
3177 5617 3308 5686 Quae
3340 5631 3470 5670 vero
3502 5615 3555 5669 in
3587 5621 3742 5668 cotto

2163 5718 2340 5777 sautio
2377 5716 2517 5770 facta
2561 5722 2668 5780 est,
2721 5713 2872 5768 irrita
2923 5723 3008 5768 est
3065 5722 3118 5766 et
3169 5710 3438 5765 redditur.
3494 5705 3645 5775 Quod
3696 5707 3745 5761 sl

2159 5812 2284 5884 quis
2312 5809 2477 5867 etiam
2509 5815 2658 5864 cotto
2690 5806 2744 5862 in
2795 5804 3031 5876 speciem
3061 5797 3510 5876 [repraesentata]
3543 5799 3746 5870 lupinis
