4146 6460
550 354 658 417 963

1732 348 1993 410 PHOTII
2025 349 2533 411 PATRIARCH/E
2562 350 2673 413 CP.

3716 348 3829 413 964

553 468 729 521 aliave
772 461 928 536 [qua]
984 463 1213 520 materia
1268 463 1449 518 victus
1501 460 1667 516 fuerit
1724 478 1833 515 non
1898 470 2133 518 tenetur.

2243 478 2333 513 του
2385 461 2595 533 ἡττηθῇ
2626 459 2931 533 θερμίοιςῆ
2974 461 3137 534 ἑτέρᾳ
3188 459 3310 535 ὕλῃ,
3347 461 3448 516 οὐκ
3490 463 3832 518 ἀπαιτεϊταιν

552 558 805 628 Episcopi
840 555 1074 628 [autem]
1108 556 1313 611 auxilio
1348 554 1665 626 praesidum.
1711 561 1927 622 patrum
1976 562 2140 623 atque

549 646 899 701 defensorum
942 644 995 698 in
1029 646 1135 699 hoc
1183 642 1496 713 inquirendi
1550 640 1865 695 facultatem
1914 640 2136 696 habent.

548 738 963 809 Proindeﬁes
983 738 1268 807 μονόϐολον
1285 737 1568 800 duntaxat,
1587 745 1640 787 et
1664 730 2137 803 κοντομονόϐολον,

548 842 604 885 et
650 832 910 884 κυντανὸν
948 832 1189 884 κόντακα
1245 830 1360 883 sive
1410 828 1597 891 ﬁbula,
1639 835 1693 881 et
1740 826 2043 898 περιχυτὴν
2086 836 2141 881 et

551 922 804 991 ἱππικὴν.
853 922 970 975 sine
1004 922 1127 974 dolo
1173 927 1339 988 atque
1397 919 1613 972 callidis
1654 917 2139 972 adinventionibus

548 1014 737 1067 ludere
786 1022 870 1066 est
917 1013 1146 1064 licitum.
1206 1010 1285 1064 Ac
1339 1010 1495 1063 valde
1549 1010 1771 1079 quidem
1830 1010 2025 1063 divites
2083 1008 2135 1062 in

548 1122 719 1159 unum
780 1105 1019 1157 solidum
1070 1116 1405 1172 unaquaque
1454 1103 1800 1172 oppositione
1863 1101 2057 1156 ludunt
2119 1120 2133 1155 :

546 1198 740 1266 reliqui
779 1212 909 1249 vero
943 1198 996 1249 in
1035 1196 1209 1249 multo
1243 1196 1446 1248 minus.
1482 1193 1588 1265 [In]
1622 1194 1768 1263 quod
1800 1202 1982 1249 autem
2016 1210 2136 1248 am-

546 1290 687 1358 plius
716 1287 921 1359 [lusum
958 1287 1087 1359 est].
1120 1304 1223 1341 non
1266 1287 1526 1357 exigitur,
1562 1296 1616 1341 et
1642 1287 1831 1340 datum
1865 1286 2133 1341 redditur.

547 1380 751 1435 Harum
810 1382 1016 1452 [autem
1080 1380 1289 1453 rerum]
1350 1396 1539 1435 curam
1594 1379 1800 1434 habent
1854 1378 2133 1447 praesides,

545 1486 708 1543 atque
741 1474 928 1528 decem
978 1474 1243 1527 librarum
1283 1474 1455 1527 multa
1510 1472 1787 1527 incumbit
1825 1480 2133 1541 transgres-

544 1567 764 1620 soribus
802 1575 855 1620 et
899 1566 1393 1634 transgressionem
1451 1566 1915 1635 permittentibus.
1942 1564 2133 1620 Const.

541 1672 672 1709 vero
703 1657 737 1709 2
772 1655 1017 1724 ejusdem
1051 1657 1134 1708 tit.
1172 1654 1248 1708 ait
1281 1671 1295 1707 :
1333 1654 1519 1725 Neque
1554 1655 1751 1725 ligneis
1783 1655 2133 1724 equestribus

544 1745 868 1820 [quomodo]
924 1755 1214 1811 vocantur,
1264 1762 1440 1815 neque
1482 1747 1650 1800 alium
1703 1744 2130 1818 [quemcunque]

2240 553 2351 606 τῶν
2382 554 2701 607 ἐπισκόπων
2729 554 2915 609 ἄδειαν
2948 555 3180 624 ἐχόντων
3218 556 3393 609 ταῦτα
3440 555 3645 626 ζητεῖν,
3697 556 3832 627 βοηο

2242 644 2479 698 θούντων
2537 644 2724 708 αὐτοῖς
2780 644 2889 698 τῶν
2950 646 3211 716 Πατέρων
3258 646 3354 698 καὶ
3405 646 3683 715 ἀρχόντων
3733 646 3833 699 καὶ

2241 734 2537 790 ἐκδίκωνί
2573 736 2737 807 μόνον
2791 737 2849 790 δὲ
2916 736 3133 800 παίζειν
3176 736 3355 802 ἔξεστι
3398 737 3678 808 μονίϐολον
3728 738 3831 789 καὶ

2240 826 2704 896 κονδομονίϐολον,
2746 825 2845 881 καὶ
2892 828 3199 895 κυῖντανὸν,
3251 827 3347 881 καὶ
3376 828 3613 881 κόνδακα
3658 829 3833 899 χωρὶς

2240 917 2339 986 τῆς
2367 919 2565 989 ὀρπῆς,
2602 918 2698 973 καὶ
2733 920 3054 991 περιχύτην,
3084 920 3179 974 καὶ
3209 920 3435 974 ἱππικὸν
3460 921 3588 976 ἄνευ
3635 922 3837 991 τέχνης

2240 1009 2337 1063 καὶ
2372 1010 2618 1074 ἐπινοίας
2643 1027 2657 1041 ο
2696 1011 2792 1064 καὶ
2824 1011 3000 1081 οἱμὲν
3026 1012 3233 1083 σφόδρα
3279 1010 3547 1072 πλούσιοι,
3590 1011 3708 1074 ἑνὸς
3742 1028 3837 1063 νο-

2242 1101 2517 1171 μίσματος
2550 1102 2789 1172 ἐκάστην
2814 1103 3065 1156 σύνθεσιν
3094 1102 3383 1166 παίζουσιν
3402 1119 3418 1134 ο
3462 1105 3511 1155 oi
3540 1103 3597 1155 δὲ
3624 1102 3834 1166 λοιποὶ,

2241 1194 2383 1247 πάνυ
2415 1195 2639 1264 ἥττονος
2660 1210 2674 1225 ·
2703 1196 2763 1247 τὸ
2786 1195 2841 1247 δὲ
2876 1195 3039 1249 πλέον
3086 1196 3391 1262 ἀπαίτησιν
3430 1196 3530 1248 οὐκ
3564 1194 3695 1264 ἔχει,
3733 1196 3837 1247 καὶ

2238 1285 2513 1355 διδόμενον
2547 1288 2647 1340 οὐκ
2673 1287 2983 1341 ἀποδίδοται
3006 1302 3020 1317 ⁸
3062 1286 3352 1359 προνοοῦσι
3393 1286 3596 1339 τούτων
3634 1287 3684 1339 οί
3727 1287 3834 1355 ἇρο

2238 1394 2444 1446 χοντες,
2467 1377 2599 1432 δέκα
2620 1377 2821 1451 λιτρῶν
2844 1379 3037 1448 ποινῆς
3052 1378 3409 1449 ἐπικειμένης
3427 1380 3537 1441 τοῖς
3561 1378 3837 1447 παραϐαί-

2239 1484 2442 1533 νουσιν,
2466 1468 2499 1539 ἢ
2525 1468 2869 1541 συγχωροῦσι
2896 1468 3355 1538 παραϐαίνεσθαι·
3381 1470 3486 1539 ἡδὲ
3511 1468 3554 1539 β’
3574 1470 3711 1523 διὰτ.
3731 1468 3833 1520 τοῦ

2237 1559 2303 1612 αὐ
2312 1558 2403 1612 τοῦ
2426 1561 2532 1614 τίτ.
2549 1561 2737 1631 φησὶν,
2755 1561 2835 1613 ὅτι
2857 1559 2979 1613 οὔτε
2990 1562 3102 1625 τοῖς
3118 1560 3476 1630 καλουμένοις
3494 1560 3721 1626 ξυλίνοις
3737 1561 3835 1611 ἱπ-

2237 1654 2439 1716 πικοῖς,
2462 1651 2585 1706 οὔτε
2603 1653 2739 1726 ἄλλῃ
2754 1653 2947 1725 χυϐείᾳ
2968 1654 3185 1718 παίζειν
3201 1654 3400 1721 ἔξεστι,
3420 1653 3559 1724 πλὴν
3580 1653 3683 1705 τῶν
3704 1656 3831 1706 ἐπι-

2236 1744 2556 1813 τραπέν-ξων
2581 1747 2638 1798 ἐν
2658 1749 2724 1817 τῇ
2756 1746 3106 1819 προλαϐούσῃ
3134 1746 3276 1803 διάτ.
3314 1746 3408 1799 καὶ
3435 1747 3485 1798 οί
3514 1746 3665 1798 τόποι
3700 1744 3828 1797 καθ’

542 1842 674 1893 aleae
703 1840 891 1893 ludum
922 1836 1007 1893 fas
1038 1848 1122 1893 est
1152 1839 1340 1892 ludere
1369 1856 1384 1893 :
1426 1851 1787 1909 praeterquam
1826 1839 1896 1892 iis
1924 1854 2047 1907 qua:
2078 1840 2130 1891 in

2243 1832 2327 1896 οὓς
2349 1837 2407 1887 ἐν
2432 1838 2544 1899 τοῖς
2566 1836 2828 1901 τοιούτοις
2849 1839 3092 1901 ἱππικοῖς
3106 1838 3361 1903 παίζουσι
3379 1838 3626 1909 δημόσιοι
3648 1840 3834 1905 γίνον-

540 1931 885 2001 praecedente
916 1930 1313 1984 constitutione
1344 1930 1610 1999 permissa
1641 1940 1791 1983 sunt.
1824 1926 2128 2000 [Alioquin]

542 2033 597 2077 et
628 2024 749 2076 loca
798 2023 850 2075 in
895 2023 1097 2090 quibus
1146 2021 1462 2089 hujnsmodi
1505 2022 1856 2090 equestribus
1902 2021 2129 2087 luditur,

542 2114 762 2184 publica
822 2114 979 2177 ﬁunt,
1035 2122 1090 2167 et
1140 2114 1263 2167 data
1318 2114 1683 2167 restituuntur
1732 2130 1745 2167 :
1804 2122 1898 2166 aut
1942 2114 1988 2167 si
2037 2113 2133 2181 qui

542 2208 834 2273 dederunt,
884 2207 1136 2275 recipere
1172 2206 1372 2269 nolint,
1431 2221 1525 2272 per
1570 2204 1883 2275 prafertum
1917 2214 1970 2258 et
2006 2220 2134 2272 pro-

542 2299 849 2353 vinciarum
910 2299 1170 2367 praesides
1240 2300 1557 2366 exiguntur,
1623 2306 1788 2365 atque
1844 2296 2131 2350 civitatum

547 2391 809 2459 Operibus
836 2389 1208 2458 applicantur.

613 2500 768 2555 CAP.
798 2497 969 2553 XXX.
989 2530 1058 2540 —
1087 2498 1164 2552 De
1194 2498 1561 2563 dwmoniacis,
1606 2506 1699 2551 aut
1728 2496 1783 2550 id
1824 2496 2133 2550 simulanti-

544 2592 661 2645 bus.

990 2700 1360 2764 Apostolorum
1388 2715 1558 2752 canon
1590 2698 1679 2755 79.

618 2813 707 2868 79.
762 2812 819 2867 Si
867 2812 991 2883 quis
1051 2812 1354 2867 daemonem
1406 2812 1627 2874 habeat,
1693 2824 1762 2865 ne
1822 2808 1916 2864 ﬁat
1972 2810 2136 2865 cleri-

543 2922 665 2973 cus,
698 2915 828 2972 etc.,
860 2915 916 2959 ut
949 2923 1074 2976 pag.
1105 2906 1229 2959 505.

860 2999 1087 3053 Consilii
1117 2999 1423 3052 wcumenici
1458 3013 1507 3051 Vl
1535 3013 1703 3051 canon
1730 2997 1817 3051 60.

617 3090 707 3143 00.
766 3088 904 3145 Cum
945 3090 1144 3144 clamet
1196 3091 1510 3158 Apostolus,
1562 3089 1709 3159 quod
1756 3089 1846 3159 qui
1902 3087 2129 3141 Domino

2242 1942 2357 1990 ται,
2392 1928 2484 1980 καὶ
2513 1929 2582 1983 τά
2610 1929 2862 2001 διδόμενα
2889 1930 3227 1985 ἀποδίδονται
3257 1947 3271 1963 ·
3302 1931 3335 2001 ἢ
3372 1931 3448 2002 μὴ
3493 1928 3834 2000 βουλομένων

2244 2016 2535 2069 ἀναλαϐεῖν
2546 2020 2654 2072 τῶν
2663 2018 2995 2088 δεδωκότων,
3011 2021 3367 2075 ἀπαιτοῦνται
3378 2021 3465 2074 διὰ
3478 2018 3569 2074 τοῦ
3585 2020 3832 2090 ἐπάρχου

2246 2109 2341 2162 καὶ
2376 2109 2482 2163 τῶν
2507 2111 2787 2181 ἀρχόντων
2816 2113 2925 2166 τῶν
2967 2114 3270 2185 ἐπαρχιῶν,
3314 2114 3411 2168 καὶ
3445 2113 3833 2186 προσκυροῦν-

2247 2217 2337 2254 ται
2363 2203 2475 2265 τοῖς
2500 2201 2684 2273 ἔργοις
2704 2204 2814 2257 τῶν
2838 2205 3069 2260 πόλεων.

2318 2495 2572 2551 ΚΕΦΑΛ.
2624 2495 2707 2552 Λ’.
2732 2497 2965 2567 -Περί
3022 2498 3520 2569 δαιμονιζομένων
3567 2498 3601 2567 ἢ
3642 2512 3835 2568 προσ-

2260 2589 2649 2659 ποιουμένων.

2684 2701 3061 2755 Ἀποστόλων
3084 2702 3286 2755 κανὼν
3310 2701 3406 2758 00'.

2319 2807 2413 2862 00'.
2480 2807 2606 2862 Ἐάν
2639 2826 2723 2873 τις
2750 2809 2981 2880 δαίμονα
3020 2808 3119 2879 ἔχῃ
3160 2809 3442 2880 κληρικὸς,
3478 2809 3553 2880 μὴ
3583 2807 3834 2876 γινέσθω,

2253 2918 2306 2957 ιι.
2330 2918 2381 2953 τ.
2416 2901 2467 2955 λ.

2412 2995 2685 3049 Συνόδου
2729 2995 3152 3066 οίκουμενικῆς
3180 2996 3358 3063 ἕκτης
3381 2994 3580 3049 κανὼν
3601 2993 3662 3059 ξ’.

2315 3086 2377 3153 ξ’.
2417 3086 2525 3141 Τοῦ
2556 3088 2858 3142 ἀποστόλου
2905 3088 3155 3159 βοῶντος,
3184 3090 3266 3142 ὅτι
3295 3091 3328 3143 ὁ
3351 3088 3730 3157 κολλώμενος
3757 3086 3836 3154 τῷ

545 3185 804 3249 αάΙιιειέι,
836 3200 971 3235 unus
996 3193 1072 3236 est
1097 3184 1315 3250 spiritus
1347 3184 1395 3215 ⁸³
1423 3201 1436 3248 ;
1472 3184 1680 3237 clarum
1725 3194 1830 3246 est,
1864 3183 2009 3251 quod
2042 3180 2135 3250 qui

2244 3180 2437 3248 Κυρίῳ
2475 3178 2545 3233 ἐν
2566 3179 2813 3250 11νεῦμὰ
2845 3180 2997 3246 ἐστι,
3016 3180 3284 3251 πρόδηλον
3311 3180 3384 3243 ὼς
3406 3179 3498 3233 καὶ
3522 3182 3549 3231 ό
3578 3180 3656 3250 τῷ
3683 3181 3838 3232 ἐναν-

546 3277 713 3331 etiam
754 3291 879 3329 cum
926 3284 1201 3329 contrario
1260 3276 1360 3327 init
1404 3273 1831 3327 familiaritatem
1891 3290 1955 3327 ac
1996 3288 2133 3326 con-

548 3368 918 3430 suetudinem,
952 3383 1076 3419 cuin
1130 3366 1222 3419 illo
1255 3366 1649 3435 conjunctione
1696 3381 1867 3420 unum
1898 3366 1991 3419 sit.
2024 3362 2131 3419 Eos

547 3477 700 3532 ergo,
749 3462 843 3530 qui
886 3476 945 3514 se
976 3460 1225 3513 tlzemonc
1256 3469 1532 3527 correptos
1566 3474 1688 3513 esse
1742 3459 2026 3527 simulant,
2079 3466 2135 3512 et

553 3569 770 3608 morum
814 3552 1161 3621 improbitate
1201 3568 1387 3605 eorum
1424 3552 1651 3620 ﬁguram
1685 3562 1739 3605 et
1772 3552 2017 3605 habitum
2054 3550 2132 3603 si-

555 3647 757 3699 mulate
782 3660 894 3715 pra:
922 3659 981 3697 se
1012 3643 1214 3706 ferunt,
1250 3644 1424 3695 visum
1455 3653 1535 3696 est
1566 3643 1883 3695 omnimodo
1912 3641 2133 3711 puniri;

548 3747 604 3793 ct
637 3737 905 3806 ejusmodi
950 3734 1343 3789 afﬂictionibus
1396 3735 1784 3803 laboribusque
1808 3749 1904 3788 eos
1935 3733 2135 3802 subjici

549 3842 822 3900 oportere,
859 3830 1061 3899 quibus
1111 3829 1147 3881 ii
1196 3828 1289 3898 qui
1344 3843 1469 3881 vere
1519 3843 1546 3880 a
1594 3827 1841 3880 dainione
1898 3825 2139 3897 correpti

550 3931 700 3997 sunt,
757 3935 813 3976 ut
870 3938 900 3976 a
946 3922 1214 3976 diemonis
1263 3921 1583 3991 operatione
1644 3920 1968 3985 liberentur,
2010 3919 2139 3989 jure

550 4016 951 4087 subjiciuntur.

870 4125 1133 4181 Timothei
1162 4141 1385 4179 canones
1417 4123 1473 4190 Ξ,
1509 4123 1562 4190 ’5,
1600 4122 1686 4189 14,
1721 4121 1808 4178 16.

612 4236 998 4307 Interrogatio.
1034 4235 1089 4289 Si
1152 4233 1582 4289 catechumenus
1612 4248 1642 4286 a
1676 4232 1925 4287 dtetnone
1963 4230 2135 4287 corri-

547 4330 749 4402 piatur,
785 4337 917 4393 etc.,
940 4338 997 4380 ut
1026 4344 1148 4397 pag.
1182 4326 1308 4380 6‘27.

618 4422 785 4494 469
826 4420 1132 4490 Responsio.
1185 4418 1243 4472 Si
1288 4419 1335 4475 is
1388 4417 1484 4489 qui
1524 4432 1555 4470 a
1600 4416 1845 4471 daemone
1895 4415 2132 4486 corripi-

550 4528 658 4585 tur,
688 4524 820 4585 etc.,
839 4527 893 4570 ut
922 4533 1045 4585 pag.
1067 4517 1212 4585 “327.

625 4609 1004 4677 Interrogatio.
1036 4606 1095 4659 Si
1127 4603 1249 4675 quis
1280 4618 1406 4659 cum
1443 4601 1515 4657 sit
1549 4600 1747 4666 ﬁdelis,
1771 4613 1903 4662 etc.,
1933 4609 1989 4652 ut
2014 4616 2141 4671 pag.

549 4701 674 4758 607.

617 4791 924 4861 Responsio.
976 4789 1051 4866 Si.
1084 4788 1409 4860 mysterium
1458 4800 1565 4841 non
1619 4784 1888 4850 enuntiet,
1919 4792 2051 4850 etc.,
2087 4792 2146 4838 ut

549 4903 671 4957 pag.
711 4884 837 4939 607.

622 4978 1000 5047 Interrogatio.
1062 4976 1116 5029 Si
1149 4975 1298 5045 quis,
1347 4989 1472 5030 cum
1503 4973 1589 5029 sui
1638 4986 1867 5044 compos
1919 4986 2029 5025 non
2057 4984 2143 5025 es-

546 5083 654 5137 set,
689 5082 743 5125 ut
768 5089 891 5141 pag.
923 5070 1047 5124 6H.

609 5166 920 5233 Responsio.
976 5161 1091 5217 Hoc
1136 5161 1297 5216 debet
1336 5160 1572 5215 clericus
1628 5159 1981 5224 discernere,
2010 5166 2144 5224 etc.,

555 5270 611 5311 ut
645 5274 767 5328 pag.
792 5256 920 5310 614.

622 5350 1002 5420 Interrogatio.
1038 5349 1095 5403 Si
1139 5348 1374 5416 alicujus
1418 5361 1557 5402 uxor
1589 5346 1785 5417 spiritu
1830 5345 2150 5421 corripitur,

555 5454 615 5498 ut
642 5443 847 5497 ferreos
891 5443 1055 5495 etiam
1102 5442 1392 5509 compedes
1423 5451 1617 5512 gestet,
1646 5443 1728 5493 vir
1762 5449 1944 5493 autem
1974 5439 2140 5503 dicat,

556 5551 663 5590 non
686 5550 909 5605 possum
934 5534 1237 5599 continere,
1264 5544 1316 5587 et
1340 5535 1469 5589 velit
1491 5533 1652 5588 aliam
1679 5532 1963 5601 accipere;
1986 5529 2171 5585 debet-

556 5640 626 5682 ne
651 5627 810 5681 aliam
838 5627 1083 5694 accipere
1111 5640 1181 5678 an
1210 5640 1315 5679 non
1340 5625 1363 5679 ἲ

625 5803 719 5860 “l
752 5806 879 5861 (lor.
909 5822 982 5870 vr,
1014 5804 1098 5859 l7.

2247 3271 2348 3343 τίῳ
2385 3273 2583 3327 ἐαυτὸν
2617 3274 2837 3327 οἱκειῶν
2878 3274 2937 3326 ἓν
2966 3274 3179 3341 γίνεται
3221 3275 3287 3343 τῇ
3329 3274 3467 3343 πρὸς
3495 3271 3657 3322 αὑτὸν
3708 3287 3834 3322 συν-

2248 3363 2437 3435 αφεία·
2462 3366 2590 3427 τοὺς
2615 3364 2796 3418 τοίνυν
2817 3365 3080 3436 δαιμονᾷν
3107 3362 3588 3433 ὑποκρινομένους,
3610 3360 3702 3414 καὶ
3722 3361 3839 3430 τρό-

2248 3471 2366 3507 πων
2406 3457 2708 3527 φαυλότητι
2739 3457 3126 3528 προσποιητῶς
3163 3456 3231 3509 τὰ
3281 3456 3505 3508 ἐκείνων
3564 3470 3835 3525 σχηματι-

2248 3547 2531 3617 ζομένους,
2566 3550 2713 3617 ἔδοξε
2748 3552 2937 3622 τρόπῳ
2969 3549 3330 3621 ἐπιτιμᾶσθαι
3381 3548 3566 3611 παντὶ,
3602 3549 3697 3601 καὶ
3721 3564 3834 3599 τοι·

2249 3639 2443 3705 αύταις
2468 3642 2665 3705 αὐτοὺς
2684 3644 3130 3715 σκληραγωγίαις
3153 3645 3249 3698 καὶ
3281 3643 3463 3705 πόνοις
3487 3640 3833 3701 ὑποϐάλλειν,

2250 3726 2331 3796 οἷς
2358 3733 2424 3786 ἂν
2450 3736 2498 3787 oi
2523 3734 2739 3805 ἀληθῶς
2787 3736 3158 3806 δαιμονῶντες
3188 3736 3324 3808 πρὸς
3383 3732 3705 3803 ἀπαλλαγὴν
3736 3733 3836 3802 τῆς

2249 3828 2343 3883 τοῦ
2376 3829 2632 3900 δαίμονος
2657 3830 2937 3902 ἐνεργείας
2958 3829 3121 3894 ἀξίως
3146 3826 3552 3882 ὑποϐάλλοιντο.

2613 4127 2895 4199 Τιμοθέου
2911 4126 3113 4182 κανὼν
3126 4124 3193 4198 β’,
3212 4131 3281 4195 γ’,
3302 4125 3382 4189 ιδ’,
3402 4141 3446 4177 ιε
3466 4162 3482 4178 .

2330 4235 2683 4305 Ἐρώτησις.
2729 4236 2855 4290 Ἐἀν
2880 4233 3328 4306 δαιμονιζόμενός
3355 4249 3438 4295 τις
3488 4227 3826 4301 κατηχούμε-

2259 4324 2418 4403 νοςῇ,
2443 4348 2499 4382 κ.
2531 4347 2579 4382 τ.
2610 4329 2661 4382 λ.

2327 4420 2397 4491 β’.
2433 4420 2803 4489 Ἀπόκρισις.
2848 4419 2977 4474 Ἐὰν
3026 4422 3055 4474 ὁ
3085 4416 3527 4489 δαιμονιζόμενος
3558 4415 3633 4486 μὴ
3664 4414 3830 4469 καθα-

2180 4537 2225 4596 D
2258 4512 2437 4583 ρισοῇ,
2458 4529 2510 4566 κ.
2543 4531 2593 4569 τ.
2624 4512 2675 4568 λ.

2325 4602 2666 4671 Ἐρώτησις.
2734 4604 2862 4659 Ἐάν
2920 4621 3005 4668 τις
3051 4604 3242 4667 πιστὸς
3291 4603 3367 4658 ὣν
3420 4603 3829 4674 δαιμονίζηται,

2255 4712 2310 4749 κ.
2344 4712 2395 4750 τ.
2427 4695 2477 4749 λ.

2326 4792 2396 4853 γ’.
2426 4785 2795 4855 ’Δπόκρισις.
2847 4786 2975 4842 Ἐὰν
2999 4787 3074 4858 μὴ
3098 4785 3399 4859 ἐξαγορεύῃ
3433 4787 3492 4840 τὸ
3515 4786 3827 4857 μυστήριον,

2256 4893 2311 4928 κ.
2345 4894 2395 4930 τ.
2437 4877 2489 4931 λ.
2912 4910 2915 4911 ν

2326 4967 2676 5037 Ἐρώτησις.
2726 4970 2850 5023 Ἐάν
2894 4985 2979 5033 τις
3005 4969 3080 5041 μὴ
3117 4969 3257 5039 ἔχων
3289 4967 3502 5036 ἐαυτὸν,
3534 4985 3591 5025 κ.
3628 4986 3679 5024 τ.
3710 4968 3760 5023 λ.

2327 5154 2407 5207 ιδ’.
2456 5156 2835 5226 Ἀπόκρισις,
2861 5157 3151 5229 Διακρίναι
3212 5158 3419 5227 ὀφείλει
3474 5159 3503 5211 ὁ
3553 5156 3833 5229 κληρικὺς,

2254 5263 2309 5300 κ.
2349 5264 2400 5303 τ.
2444 5247 2493 5302 λ.

2335 5339 2677 5408 Ἐρώτησις.
2742 5340 2866 5394 Ἐάν
2909 5358 3055 5406 τινος
3115 5342 3253 5412 γυνὴ
3307 5344 3619 5413 πνευματιᾷ
3670 5341 3833 5402 πάνυ,

2255 5428 2395 5483 ὥστε
2425 5433 2519 5483 καὶ
2554 5430 2749 5501 σίδηρα
2781 5435 2991 5503 φορεῖν,
3033 5435 3061 5485 ό
3093 5433 3232 5503 ἀνὴρ
3267 5433 3324 5485 δὲ
3360 5435 3506 5501 λέγει
3535 5434 3618 5485 ὃτι
3658 5432 3717 5484 οὐ
3746 5431 3835 5484 δύ-

2252 5541 2410 5577 ναται
2468 5527 2921 5595 ἐγκρατεὺεσθαι,
2977 5528 3070 5581 καὶ
3133 5526 3277 5584 θέλει
3323 5526 3508 5582 λαϐεῖν
3560 5524 3750 5597 ἄλλην,
3794 5525 3840 5575 εἰ

2250 5613 2455 5684 ὀφείλει
2489 5617 2699 5683 λαϐεῖν,
2733 5616 2767 5689 ἢ
2798 5615 2897 5685 ob;
