4146 6432
382 342 499 405 965

1015 337 1415 400 SYNTAGMA
1455 335 1841 397 CANONUM.
1866 358 1936 369 ·-·
1964 335 2110 395 ΤΙΤ.
2150 336 2322 409 XIII,
2359 337 2514 397 CAP.
2557 338 3024 398 XXX-XXXIII.

3562 342 3667 405 966

461 460 541 510 ιε’.
572 454 935 521 Ἀπόκρισις.
962 452 1195 522 Μοιχείᾳ
1221 449 1512 520 μεσολαϐεῖ
1526 449 1586 501 τὸ
1605 450 1860 518 πρᾶγμα,
1888 447 1981 499 καὶ

2155 446 2461 515 Responsio.
2496 447 2551 501 lu
2588 448 2690 502 hac
2718 464 2775 502 re
2818 449 3039 517 quidem
3070 447 3394 502 adulterium
3437 448 3668 505 interce-

388 540 519 612 περὶ
546 539 738 593 τούτου
780 539 833 591 τί
870 539 1279 609 ἀποκρίνασθαι
1307 538 1406 606 οὐχ
1456 537 1719 607 εὑρίσκω·
1745 535 1887 588 κατά
1923 537 1980 589 δὲ

384 631 773 701 πνευματικὴν
803 630 1101 697 ἀπόφασιν,
1139 629 1239 681 οὐκ
1267 628 1495 695 ὀφείλει.

460 727 688 796 Εἴρηται
722 723 863 794 βιὸλ.
914 719 955 774 ε’
983 720 1079 773 τοῦ
1128 720 1285 786 κώδ.,
1334 721 1439 775 τίτ.
1499 728 1563 783 0',
1613 722 1755 775 διάτ.
1800 721 1864 783 δ’,
1896 723 1977 774 ὅτι

397 818 528 871 Ἐὰν
560 817 699 886 γυνὴ
742 816 995 886 μαίνηται
1023 813 1351 878 αύτεξουσία
1398 811 1555 878 οὖσα,
1593 814 1752 884 μόνος
1781 816 1808 867 ὁ
1841 814 1981 884 ἀνὴρ

379 912 613 965 δύναται
643 910 883 978 πέμπειν
926 909 1232 978 ρεπούδιον·
1294 910 1355 961 ἐν
1405 908 1462 960 δὲ
1495 907 1574 977 τῷ
1624 905 1706 976 κβ¹
1758 907 1978 976 διατάγ.

381 1000 483 1055 τοῦ
523 999 572 1068 γ’
597 1000 702 1053 τίτ.
750 999 844 1051 τοῦ
878 998 955 1051 κδ’
985 999 1127 1069 βιϐλ.
1162 1000 1349 1070 φησὶν,
1399 1000 1479 1051 ὅτι
1518 999 1615 1052 ἐὰν
1672 1000 1701 1051 ὁ
1752 995 1832 1062 εἷς
1872 999 1981 1051 τῶν

387 1089 789 1145 συνοικούντων
844 1091 1008 1159 μανῇ,
1041 1088 1203 1151 αὐτὸς
1246 1089 1344 1162 μὲν
1393 1089 1453 1141 ού
1486 1088 1707 1142 δύναται
1740 1089 1979 1142 στέλλειν

384 1182 639 1235 διαίσιον·
674 1181 721 1231 εί
752 1179 808 1231 δὲ
843 1181 1053 1251 φορητή
1096 1182 1243 1233 ἐστιν
1276 1182 1309 1250 ἡ
1344 1180 1531 1250 μανία,
1559 1180 1671 1233 εἴτε
1697 1182 1974 1251 διηνεκὴς,

386 1272 505 1326 εἴτε
542 1275 606 1325 ὲκ
637 1272 1065 1341 διαλειμμάτων,
1097 1272 1198 1324 οὐκ
1235 1272 1439 1339 ὀφείλει
1464 1274 1491 1325 ὁ
1522 1274 1709 1342 νήφων
1738 1272 1817 1342 τῷ
1853 1290 1978 1341 μαι-

386 1364 603 1433 νομένῳ
632 1364 869 1416 στέλλειν
919 1363 1221 1433 ρεπούδιονο
1259 1365 1306 1415 εί
1351 1364 1406 1415 δὲ
1444 1364 1648 1435 στείλῃ,
1679 1364 1975 1416 ὑποπίπτει

383 1456 505 1516 τοῖς
532 1453 826 1523 ἐπιτιμίοις
859 1453 960 1521 τῆς
986 1453 1181 1521 ἀλόγου
1211 1453 1560 1518 διαζεύξεως·
1590 1457 1637 1507 εἰ
1667 1454 1724 1507 δὲ
1754 1454 1977 1507 ἀνύποι-

384 1546 516 1608 στός
548 1547 696 1598 ἐστιν
736 1547 769 1615 ἡ
808 1546 995 1615 μανία,
1024 1545 1117 1598 καὶ
1143 1545 1242 1598 οὐκ
1268 1544 1414 1599 ἔστιν
1446 1546 1602 1608 ἐλπὶς
1632 1546 1972 1615 ἀνανήψεως,

381 1638 569 1703 ἔξεστι
606 1638 693 1690 διὰ
717 1638 807 1691 τὸν
842 1637 1093 1691 ἐντεῦθεν
1126 1638 1289 1706 φόϐον
1318 1640 1411 1691 καὶ
1436 1640 1535 1709 τὴν
1558 1638 1855 1709 ἐπιθυμίαν
1879 1639 1973 1691 τοῦ

382 1730 800 1798 παιδοποιήσαι,
844 1728 1111 1799 ρεπουδίῳ
1140 1730 1286 1782 λύειν
1317 1730 1407 1782 τὸν
1438 1729 1636 1799 γάμον,
1674 1729 1971 1800 μηδετέρου

382 1819 783 1891 ζημιουμένου’
819 1822 867 1872 εί
927 1821 1110 1889 μέντοι
1162 1820 1237 1890 μὴ
1277 1820 1392 1873 λύει
1423 1822 1620 1890 γάμον,
1647 1820 1784 1872 ἀλλά
1814 1837 1970 1891 περι..
2007 1802 2049 1857 Β

386 1913 581 1981 φρονεῖ
620 1910 814 1980 αὐτῆς,
848 1911 1218 1978 ἀναγκάζεται
1255 1912 1343 1964 διὰ
1391 1912 1485 1964 τοῦ
1528 1912 1788 1982 ἄρχοντος
1814 1913 1974 1982 στρέ-

386 2018 514 2069 φειν
546 2002 739 2072 αὐτὴν,
769 2002 863 2055 καὶ
898 2002 1205 2070 φροντίζειν
1237 2002 1335 2070 τῆς
1364 2003 1607 2073 ἰατρείας
1644 2004 1834 2072 αὐτῆς,
1878 2002 1973 2055 καὶ

392 2093 561 2162 μηδὲν
606 2091 938 2161 παραλιπεῖν
980 2091 1090 2143 τῶν
1133 2091 1287 2161 ἀνδρὶ
1349 2093 1667 2161 πρεπόντων
1729 2092 1864 2162 πρὸς
1913 2093 1973 2144 τὸ

391 2182 556 2234 ποσὸν
578 2180 678 2251 τῆς
706 2181 949 2251 προικός⁸
972 2182 1019 2233 εἰ
1046 2181 1101 2233 δὲ
1134 2180 1417 2251 σκορπίζει
1451 2182 1550 2251 τὴν
1582 2184 1801 2251 προῖκα,
1835 2199 1972 2251 μεσ-

390 2274 657 2341 εγγυᾶται
691 2273 776 2341 ἐφ’
809 2266 853 2339 ᾧ
885 2276 985 2342 τὴν
1016 2274 1251 2340 γυναῖκα
1275 2273 1371 2325 καὶ
1418 2272 1516 2341 τὴν
1569 2274 1837 2344 φαμιλίαν
1875 2273 1977 2325 αύ-

388 2365 489 2435 τῆς
518 2364 674 2429 ἀξίαν
699 2368 846 2433 σχεῖν
867 2364 1115 2417 ἐντεῦθεν
1144 2363 1520 2434 παραμυθίαν,
1555 2365 1972 2434 φυλαττομένων

390 2456 500 2509 τῶν
530 2456 589 2519 ὲξ
616 2456 790 2527 ἀρχῆς
834 2454 1175 2525 συμφώνων·
1223 2456 1361 2508 ἀλλὰ
1414 2456 1584 2508 ταῦτα
1628 2458 1865 2527 σήμερον
1910 2456 1969 2509 ού

397 2547 703 2620 προϐαίνει,
737 2546 861 2599 οὔτε
904 2547 993 2599 διὰ
1045 2546 1243 2615 μανίαν
1296 2547 1532 2615 εὐλόγως
1559 2547 1742 2600 λύεται
1774 2548 1971 2618 γάμος,

393 2638 496 2707 τῆς
541 2638 668 2707 περ).
703 2638 999 2707 ρεπουδίων
1051 2638 1153 2705 ριξ¹
1189 2638 1412 2706 νεαρᾶς,
1456 2638 1628 2709 ῥητὰς
1673 2638 1849 2701 αἰτίας
1882 2643 1972 2690 λε-

394 2729 622 2798 γούσης,
647 2730 739 2782 καὶ
772 2728 1175 2799 ὑποϐαλλούσης
1206 2729 1297 2781 τὸν
1333 2730 1463 2799 παρ’
1494 2729 1662 2791 αὺτάς
1688 2728 1972 2781 στέλλοντα

396 2821 678 2892 ρεπούδιον
724 2824 787 2891 τῇ
820 2820 1088 2874 ὲκπτώσει
1134 2822 1241 2876 τῶν
1273 2823 1527 2893 γαμικῶν
1557 2819 1848 2875 ἐπιδόσεων
1878 2822 1973 2877 καὶ

394 2913 559 2977 ἄλλας
586 2912 905 2984 ἐπιτιμίοις.

2082 537 2181 603 dit,
2214 553 2317 593 nec
2349 539 2545 603 habeo,
2575 549 2671 593 aut
2700 540 2919 594 invenio
2946 539 3075 609 quid
3103 539 3169 593 de
3193 553 3258 593 ea
3284 542 3662 608 respondeam.

2158 718 2371 773 Temtus.
2394 718 2602 774 Dicitur
2633 721 2727 775 lib.
2756 737 2786 773 v
2828 721 2949 775 cod.
2987 722 3073 776 tit.
3099 721 3189 785 70,
3229 730 3410 776 const.
3436 722 3491 787 4,
3522 722 3666 790 quod

2083 806 2128 861 si
2186 808 2381 861 mulier
2428 810 2512 863 sui
2560 810 2705 879 juris
2765 812 3060 865 constituta
3114 810 3321 866 furiosa
3368 814 3463 877 sit,
3516 814 3666 866 solus

2082 898 2309 952 maritus
2344 901 2628 967 repudium
2665 901 2883 954 mittere
2917 903 3108 971 possit.
3144 901 3349 971 Digest.
3400 917 3529 955 vero
3573 904 3665 963 22,

2081 990 2165 1043 tit.
2203 991 2256 1056 5,
2291 990 2383 1045 lib.
2419 1008 2567 1056 xxtv,
2599 994 2675 1046 ait
2707 1012 2719 1047 :
2753 993 2810 1047 Si
2843 994 2979 1048 alter
3012 993 3308 1063 conjugum
3344 992 3526 1048 lurere
3555 1009 3669 1047 cte-

2081 1082 2239 1150 perit,
2273 1082 2391 1151 ipse
2415 1084 2634 1152 quidem
2675 1084 2965 1156 [furiosus]
2996 1088 3250 1140 nuntium
3301 1088 3515 1142 mittere
3554 1104 3665 1142 non

2080 1184 2493 1246 potestzatque
2541 1179 2587 1232 si
2638 1178 2808 1244 furor,
2864 1180 2979 1235 sive
3024 1192 3346 1250 perpetuus,
3402 1182 3518 1236 sive
3570 1198 3666 1251 per

2081 1266 2364 1322 intervalla
2391 1268 2703 1341 [accedens]
2739 1272 3038 1326 tolerabilis
3088 1273 3178 1335 sit,
3211 1288 3388 1341 neque
3435 1289 3664 1342 compos

2080 1359 2278 1412 mentis
2331 1359 2527 1425 fuerit,
2562 1363 2815 1414 nuntium
2881 1363 3094 1416 mittere
3138 1363 3316 1417 debet.
3376 1364 3433 1417 Si
3482 1374 3661 1417 tamen

2079 1448 2313 1511 miserit,
2342 1451 2396 1502 iu
2434 1466 2626 1518 poenas
2677 1451 2865 1519 iujusti
2910 1453 3130 1506 divortii
3177 1454 3387 1509 incidit.
3424 1455 3576 1519 Quod
3614 1456 3661 1509 si

2079 1539 2230 1593 furor
2269 1540 2434 1611 470
2478 1543 2837 1598 intolerabilis
2871 1544 2941 1597 sit
2970 1560 3069 1599 nec
3115 1547 3224 1599 ulla
3272 1547 3663 1616 resipisceutiae

2078 1646 2203 1700 spes
2261 1632 2501 1699 supersit
2558 1649 2571 1684 :
2632 1642 2851 1700 propter
2904 1632 3106 1686 luroris
3164 1643 3390 1697 metum,
3450 1649 3511 1688 ac
3539 1649 3667 1703 pro-

2080 1722 2326 1776 creaudte
2356 1723 2560 1777 sobolis
2590 1724 2946 1787 desiderium,
2992 1725 3125 1778 citra
3179 1725 3464 1793 utriusque
3508 1727 3659 1777 dam-

2082 1830 2234 1880 num,
2272 1815 2686 1868 matrimonium
2723 1814 2951 1884 repudio
2996 1815 3302 1870 dissolvere
3336 1817 3479 1869 licet.
3518 1815 3661 1869 Sane

2080 1904 2125 1959 si
2162 1901 2440 1973 [maritus]
2473 1904 2885 1958 matrimonium
2932 1904 3200 1976 [quidem]
3256 1922 3364 1958 nou
3414 1906 3657 1971 dirimat,

2081 1999 2175 2053 sed
2228 1998 2497 2051 furentem
2549 1996 2824 2069 [uxorem]
2860 1999 3096 2067 negligat
3130 2016 3144 2053 :
3180 1999 3535 2068 compellitur
3565 2014 3661 2069 per

2081 2090 2462 2159 magistratum
2522 2090 2824 2143 secundum
2886 2093 3033 2145 dotis
3091 2092 3453 2161 quantitatem
3517 2092 3661 2145 alere

2079 2184 2225 2237 illam
2281 2197 2345 2235 ac
2395 2183 2694 2235 sanandam
2737 2197 2954 2247 curare,
3001 2183 3245 2251 nihilque
3292 2198 3485 2237 eorum
3539 2200 3662 2249 quae

2079 2276 2336 2330 maritum
2372 2272 2673 2345 [prchIare]
2719 2275 3032 2339 conveniat,
3074 2278 3507 2345 prtetermittere.
3554 2276 3659 2330 Sed

2080 2366 2127 2419 si
2161 2366 2342 2419 dotem
2384 2364 2631 2433 dissipet,
2669 2372 3049 2433 sequestratur
3084 2364 3247 2436 [illa],
3289 2377 3562 2435 quatenus
3594 2381 3661 2419 ex

2077 2472 2139 2512 ea
2173 2456 2390 2522 mulier,
2426 2457 2654 2525 ejusque
2684 2457 2887 2519 familia
2929 2466 3244 2525 competens
3280 2457 3474 2513 habeat
3511 2460 3660 2513 sola-

2078 2548 2214 2601 tium
2251 2564 2265 2600 :
2302 2548 2588 2601 servandis
2638 2545 2939 2618 [videlicet]
2986 2548 3053 2601 ab
3094 2548 3248 2602 initio
3297 2547 3471 2619 [initis
3505 2549 3663 2602 dota-

2078 2637 2245 2709 libus]
2294 2638 2490 2708 paetis.
2538 2636 2739 2692 Verum
2799 2639 2913 2692 haec
2964 2639 3125 2693 hodie
3176 2655 3284 2693 non
3339 2640 3662 2707 procedunt,

2078 2746 2253 2800 neque
2274 2738 2493 2799 propter
2518 2729 2757 2783 furorem
2779 2740 2924 2784 recte
2940 2731 3353 2785 matrimonium
3383 2732 3614 2786 solvitur
3645 2748 3657 2782 :

2080 2835 2205 2873 cum
2236 2819 2304 2873 de
2334 2818 2580 2888 repudiis
2614 2819 2829 2872 novella
2860 2820 2958 2872 117
2992 2831 3169 2874 certas
3202 2836 3401 2876 causas
3443 2822 3658 2882 recitet.

2082 2918 2246 2979 atque
2275 2919 2471 2979 prazter
2506 2924 2623 2974 eas,
2653 2911 2945 2979 repudium
2988 2912 3295 2967 mittentem
3339 2914 3661 2982 nuptialium

2083 3002 2550 3057 contributionum
2576 3002 2885 3068 amissioni,
2915 3004 3149 3073 aliisque
3177 3005 3353 3073 ptenis
3383 3006 3659 3071 subjiciat.

464 3118 717 3172 ΚΕΦΑΛ.
739 3115 939 3171 ΛΑ’.-
959 3116 1099 3184 Περὶ
1139 3117 1360 3171 λαὶ·κοῦ
1393 3115 1845 3185 ἀφορισθέντος,
1879 3114 1978 3168 καὶ

2155 3114 2307 3170 CAP.
2360 3115 2554 3170 XXXI.
2580 3145 2651 3154 —
2676 3115 2753 3169 De
2785 3116 2922 3168 laico
2966 3127 3262 3187 segregata,
3301 3120 3391 3187 qui
3434 3130 3666 3189 receptus

397 3210 714 3280 δεχθέντος
758 3210 827 3274 ἐξ
883 3209 1087 3278 ἐτέρου
1138 3210 1298 3278 παρὰ
1343 3208 1585 3279 γνώμην
1637 3207 1744 3262 τοῦ
1774 3209 1981 3275 ἀφορί-

2088 3210 2251 3279 fuerit
2274 3208 2337 3260 ab
2370 3209 2498 3273 alio,
2532 3217 2723 3277 prazter
2766 3209 3084 3262 voluntatem
3129 3210 3244 3279 ejus
3284 3212 3373 3280 qui
3402 3210 3554 3264 illum
3585 3229 3669 3266 se-

395 3318 645 3368 σαντος.

761 3414 1138 3468 Ἆποστόλων
1172 3413 1375 3468 κανὼν
1406 3414 1493 3484 ιβ’,
1529 3421 1619 3484 ιγ’.

469 3524 554 3594 ιβ’.
589 3524 656 3579 Εἴ
683 3542 769 3588 τις
821 3525 1081 3597 κληρικὸς
1115 3526 1148 3595 ἢ
1197 3523 1383 3589 λαῖκὸς
1404 3566 1419 3592 ,
1452 3525 1836 3597 ἀφωρισμένος
1860 3525 1978 3597 ἦτοι

349 3629 361 3639 ’
391 3617 641 3682 ἄδεκτος,
676 3636 729 3672 κ,
763 3636 813 3672 τ.
843 3618 894 3672 λ.

468 3702 557 3774 ιγ’.
592 3706 655 3758 Et
679 3706 735 3758 δὲ
760 3705 1145 3777 ἀφωρισμένος
1180 3708 1290 3778 εἴη,
1324 3726 1379 3763 κ.
1410 3725 1464 3763 τ.
1493 3708 1546 3764 λ.

657 3892 927 3947 Συνόδου
966 3893 1333 3963 Ἀντιοχείας
1378 3894 1601 3962 κανὼν,
1640 3899 1714 3959 ς’.

471 4001 547 4068 ς’.
598 4004 668 4059 Εἴ
708 4022 790 4068 τις
824 4004 930 4058 ὑπὸ
975 4005 1068 4059 τοῦ
1109 4006 1240 4059 ἰδίου
1272 4006 1575 4060 ἐπισκόπου
1608 4006 1978 4078 ἀκοινώνητος

397 4094 609 4164 γέγονε,
650 4112 703 4149 κ.
738 4113 789 4148 τ.
819 4096 871 4148 λ.

468 4208 721 4264 ΚΕΦΑΛ.
762 4209 885 4261 AB’.
918 4236 985 4247 —
1010 4207 1150 4275 Περὶ
1201 4205 1319 4259 τῶν
1348 4206 1415 4259 ἐν
1463 4206 1729 4276 Κιιοιακῇ
1766 4209 1803 4277 ἣ
1833 4210 1981 4263 Σαϐ-

393 4296 551 4363 ϐάτῳ
569 4300 1006 4367 νηστευόντων.

802 4411 1183 4466 Ἀποστόλων
1219 4412 1441 4475 κανὼν,
1488 4411 1581 4477 ξδ’.

476 4524 567 4590 ξδ’.
613 4526 682 4580 Et
720 4543 808 4590 τις
854 4526 1115 4597 κληρικὸς
1165 4525 1361 4580 εὐοεθ⁴
1402 4526 1498 4597 τὴν
1536 4526 1820 4598 Κυριακὴν
1849 4526 1984 4597 ἡμέο
2018 4487 2062 4544 D

403 4630 506 4692 ραν
532 4618 828 4690 νηστεύων,
861 4635 917 4673 κ.
949 4635 1000 4671 τ.
1031 4618 1082 4674 λ.

679 4729 950 4784 Συνόδου
993 4729 1270 4799 ΓάῃῬας
1316 4729 1538 4788 κανὼν.
1589 4734 1676 4797 ιη’.

476 4829 567 4893 ιη’.
630 4823 697 4875 EE
737 4840 831 4885 τις
874 4822 963 4876 διὰ
1008 4822 1374 4893 νομιζομένην
1423 4823 1654 4891 ἄσκησιν
1685 4822 1741 4873 ἐν
1778 4821 1842 4889 τῇ
1879 4822 1990 4873 Κυ-

402 4918 568 4987 ριακῇ
609 4915 884 4985 νηστεύοι,
922 4915 1173 4984 ἀνάθεμα
1201 4914 1364 4967 ἔστω.

464 5007 738 5061 Συνόδου
784 5006 1212 5075 οὶκουμενικῆς
1238 5006 1421 5073 ἕκτης
1456 5004 1658 5058 κανὼν
1685 5010 1779 5069 νεν,
1811 5009 1919 5069 νς’.

472 5105 567 5151 νε’.
613 5098 831 5169 Ἐπειδὴ
868 5100 1276 5169 μεμαθήκαμεν
1330 5098 1457 5159 τοὺς
1488 5097 1546 5149 ὲν
1590 5099 1657 5166 τῇ
1703 5095 1991 5165 Ῥωμαίων

405 5191 577 5256 πόλει,
623 5191 681 5244 ὲν
715 5193 835 5255 ταῖς
870 5190 1053 5258 ἁγίαις
1101 5192 1200 5261 τῆς
1249 5188 1701 5259 Τεσσαρακοστῆς
1730 5187 1989 5258 ἡμέραις,

401 5302 455 5338 κ.
492 5302 545 5340 τ.
580 5284 635 5339 λ.

474 5374 584 5439 νς’.
656 5375 934 5439 Ὡσαύτως
998 5373 1513 5445 μεμαθήκαμενλέν
1572 5374 1637 5443 τῇ
1688 5370 1992 5442 Ἀρμενίων

399 5465 577 5539 χώρᾳ,
623 5486 676 5523 κ.
712 5486 763 5522 τ.
804 5468 854 5521 λ.

468 5581 721 5634 ΚΕΦΛΛ.
765 5580 888 5634 AI".
939 5608 1007 5618 —
1054 5579 1193 5648 Περὶ
1258 5577 1379 5634 τῶν
1432 5577 1845 5631 διδασκόντων
1887 5576 1995 5628 τὸν

401 5667 575 5726 οἷκον
601 5672 707 5724 τοῦ
742 5672 890 5727 Θεοῦ
929 5671 1030 5726 καὶ
1063 5670 1169 5735 τὰς
1196 5669 1506 5736 avratis/9,
1551 5665 1994 5737 εὐκαταφρονή-

402 5783 547 5832 τους
572 5766 745 5820 εἶναι.

2090 3308 2416 3371 gregarerat.

2398 3444 2399 3447 η
2440 3411 2811 3479 Apostolorum
2843 3430 3067 3467 canones
3104 3414 3188 3478 12,
3230 3417 3315 3470 15.

2162 3526 2247 3580 12.
2288 3525 2344 3580 Si
2378 3527 2503 3596 quis
2553 3528 2787 3581 clericus
2834 3528 2916 3581 vel
2968 3529 3161 3593 laicus,
3214 3542 3529 3600 segregatus
3585 3535 3683 3589 vel.

2087 3632 2193 3671 non
2232 3618 2597 3687 recipiendus,
2632 3632 2761 3685 etc.,
2805 3629 2862 3671 ut
2887 3636 3010 3687 pag.
3047 3618 3173 3673 671.

2157 3708 2225 3761 15
2280 3707 2416 3780 [1ἓ].
2453 3709 2509 3764 Si
2556 3722 2735 3764 autem
2781 3720 2865 3766 est
2916 3723 3256 3781 segregatus,
3294 3720 3428 3779 etc.,
3459 3726 3515 3767 ιιι
3540 3731 3667 3783 pag.

2093 3798 2217 3855 751.

2440 3893 2667 3947 Concilii
2712 3895 3024 3951 Antiocheni
3068 3913 3234 3949 canon
3266 3897 3319 3950 6.

2161 4001 2213 4057 6.
2252 4001 2308 4056 Si
2340 4003 2462 4072 quis
2493 4020 2521 4056 a
2554 4006 2775 4074 proprio
2805 4007 3062 4075 episeopo
3093 4007 3257 4061 fuerit
3296 4008 3673 4061 excommuni-

2089 4094 2247 4149 catus
2281 4104 2412 4160 etc.,
2447 4107 2500 4147 ut
2531 4112 2657 4166 pag.
2693 4097 2819 4150 719.

2159 4207 2319 4279 47],
2348 4207 2502 4282 CAP:
2536 4208 2751 4263 XXXII.
2778 4209 2940 4263 —De
2958 4210 3326 4278 jejunantibus
3354 4212 3406 4264 in
3438 4209 3667 4266 Sabbato

2089 4300 2166 4353 vel
2194 4302 2280 4353 die
2318 4299 2451 4353 Dom
2460 4300 2617 4355 inica.

2532 4414 2908 4483 Apostolorum
2935 4429 3106 4467 canon
3137 4413 3224 4467 64.

2164 4528 2254 4584 45.
2285 4530 2343 4584 Si
2375 4530 2499 4600 quis
2526 4528 2760 4584 clericus
2789 4528 3041 4581 inventus
3073 4528 3241 4583 fuerit
3266 4528 3354 4583 die
3383 4528 3665 4585 Dominica

2088 4619 2362 4691 jejunare,
2391 4627 2591 4682 etc.,ut
2614 4635 2734 4687 pag.
2767 4618 2890 4675 655.

2433 4726 2661 4782 Concilii
2689 4726 3008 4798 Gangrensis
3039 4745 3208 4781 canon
3232 4729 3317 4784 18.

2162 4821 2251 4875 18.
2288 4818 2345 4874 Si
2386 4822 2510 4889 quis
2537 4830 2754 4887 propter
2780 4836 2900 4874 eam
2933 4836 3053 4888 qu:e
3103 4823 3471 4887 existimatur,
3503 4838 3666 4879 excr-

2093 4911 2406 4967 citationcm
2439 4912 2489 4964 in
2520 4910 2803 4965 Dominico
2829 4910 3063 4980 jejuuet,
3105 4912 3175 4964 sit
3201 4914 3513 4967 anathema.

2306 5004 2532 5057 Concilii
2561 5004 2865 5055 mcumenici
2906 5018 2956 5056 v1
2985 5018 3207 5056 canones
3242 5005 3331 5070 55,
3366 5005 3454 5059 56.

2166 5094 2253 5149 55.
2279 5094 2550 5160 Quoniam
2576 5093 2941 5147 intelleximus
2969 5095 3019 5146 in
3060 5095 3431 5148 Romanorum
3455 5098 3676 5153 civitate

2096 5185 2149 5240 in
2184 5188 2389 5241 sanctis
2422 5184 2853 5255 quadragesimae
2881 5184 3131 5254 jejuniis,
3160 5197 3289 5253 etc.,
3310 5197 3366 5239 ut
3395 5204 3517 5256 pag.
3548 5189 3675 5244 658.

2168 5372 2255 5427 56.
2314 5371 2578 5427 Similiter
2628 5372 2939 5441 accepimus
2970 5373 3118 5426 etin
3166 5373 3550 5428 Armeniorum
3588 5391 3678 5428 re-

2096 5466 2274 5537 gione,
2307 5473 2439 5529 etc.,
2470 5474 2522 5515 ut
2545 5479 2664 5533 pag.
2704 5464 2830 5516 658.

2167 5577 2317 5631 CAP.
2362 5574 2787 5629 XXXlll.—De
2834 5575 2899 5628 iis
2943 5577 3033 5643 qui
3083 5576 3269 5627 docent
3319 5574 3535 5625 domum
3583 5572 3677 5628 Dei

2097 5668 2269 5737 ibique
2292 5674 2637 5735 congregatas
2669 5680 2893 5735 synaxes
2913 5666 3073 5733 ﬂocci
3102 5680 3214 5718 esse
3240 5662 3534 5733 faciendas.
