4146 6454
552 381 657 445 967
1683 360 1943 423 PIIOTIl
1986 356 2185 419 PATR

2176 354 2494 416 LIARCHE
2553 356 2661 415 CP.
3714 346 3813 409 938

813 486 1042 543 Concilii
1078 481 1405 553 Gangrensis
1443 491 1669 532 canones
1694 475 1748 535 5,
1775 473 1866 525 20.
2170 469 2218 524 Δ

2170 469 2218 524 Δ
2530 462 2799 519 Συνόδου
2824 460 3098 528 I‘dm-pac
3130 452 3332 509 κανὼν
3356 458 3417 516 ε’,
3453 458 3524 506 κ’.

628 584 681 639 5.
734 580 793 637 Si
845 580 971 651 quis
1010 578 1171 634 docet
1211 576 1433 629 domum
1480 568 1575 623 Dei
1622 579 1742 621 esse
1789 569 2147 619 contemnens

2322 558 2385 611 ε’.
2421 557 2485 609 El!
2506 574 2589 619 τις
2614 555 2858 609 διδάσκει
2896 552 2988 605 τὸν
3014 544 3163 603 οἷκον
3193 545 3288 600 τοῦ
3316 542 3454 600 Θεοῦ
3487 545 3814 616 εὐκαταφρόο

559 680 708 739 dam,
742 646 878 739 eun,
908 682 965 726 ut
998 688 1122 741 pag.
1155 668 1281 723 630.

1211 668 1281 722 30.
2252 669 2411 724 νητον
2440 646 2599 714 εἶναι,
2629 667 2685 703 κ.
2715 665 2768 702 τ.
2800 648 2848 702 λ.

629 730 722 823 20'.
779 767 838 822 Si
861 730 1009 837 'qnis'
1032 730 1349 833 arrogantia
1388 766 1570 822 utens,
1603 763 1733 819 etc.,
1766 761 1822 805 ut
1858 765 1982 819 pag.
2018 744 2145 800 630.

2325 744 2395 799 κ’.
2440 742 2507 795 Εἴ
2530 758 2614 804 τις
2642 738 2863 811 αἰτιῷτο
2905 734 3242 807 ὑπερηφάνῳ
3286 730 3524 786 διαθέσει
3555 731 3820 799 κεχρημέ-

2255 855 2364 900 νος,
2398 854 2455 890 κ.
2491 853 2543 889 τ.
2581 835 2633 888 λ.

632 951 782 1009 CAP.
823 945 1067 1002 XXXIV.
1111 973 1182 986 ——-
1230 942 1305 999 De
1352 939 1507 994 laicis
1563 937 1652 1007 qui
1717 932 1985 1004 Ephesina
2026 938 2148 983 acta

2323 929 2571 982 ΚΕΦΑΛ.
2614 921 2954 991 ΛΔ’.-Περί
3008 918 3237 975 ,λατκῶν
3279 906 3656 984 πειρωμένων
3703 913 3824 967 ἀθε-

563 1048 836 1116 inﬁrmare
874 1040 1111 1095 student.

2256 1023 2380 1077 τεῒν
2409 1026 2481 1077 τὰ
2508 1020 2614 1087 τῆς
2649 1020 2719 1073 ἐν
2747 1015 2983 1086 Ἐφέσῳ
3010 1013 3300 1068 συνόδου.

962 1131 1187 1186 Concilii
1218 1127 1473 1200 Ephesini
1505 1140 1676 1179 canon
1708 1122 1762 1176 6.
2583 1118 2599 1168 ὲ

2583 1113 2856 1168 Evr-(560v
2891 1109 3153 1179 Ἐφέσου
3199 1104 3403 1159 κανὼν
3433 1102 3508 1166 ς’.

634 1230 686 1283 6.
733 1227 995 1283 Similiter
1025 1235 1079 1279 et
1104 1226 1147 1277 si
1178 1186 1279 1292 qui.
1308 1221 1497 1281 velint,
1528 1228 1657 1282 (δια,
1695 1225 1750 1269 ιιι
1782 1229 1905 1284 pag.
1936 1209 2063 1265 890.

2330 1207 2404 1273 ς’.
2452 1207 2685 1276 Ὁμοίως
2733 1205 2792 1257 δὲ
2838 1200 2935 1255 καί⁵
2976 1201 3027 1253 εί
3070 1215 3215 1260 τινες
3252 1194 3586 1267 βουληθεῖεν,
3615 1205 3670 1242 κ,
3701 1205 3752 1243 τ.
3778 1186 3825 1240 λ.

1010 1332 1131 1391 quae
1161 1278 1420 1369 ailnotuta
1457 1278 1590 1365 sunt
1620 1278 1671 1363 in
1702 1278 1825 1375 cap.
1855 1278 1945 1368 Π,
1978 1303 2061 1356 tit.
2096 1302 2151 1365 5,

2317 1297 2641 1391 ’Ἀνάγνιρθι
2678 1297 2763 1391 τὰι
2792 1292 3228 1391 παραγραὲοὲντα
3274 1290 3331 1340 ἐν
3377 1284 3456 1355 τῷ
3510 1282 3558 1352 γ’
3588 1299 3715 1351 κεφ.
3743 1278 3829 1333 τοῦ

566 1362 850 1461 [ΗΞ.δῖξῇίὸ
880 1362 1085 1457 οἷιρτίιδ.
1774 1362 1786 1375 ’
1932 1362 1943 1368 ’
2140 1362 2147 1365 ’
2262 1370 2329 1424 ια’
2357 1372 2462 1422 τίτ.
2485 1362 2587 1422 ’τοῦ
2622 1362 2889 1438 παρόντος
2922 1362 3320 1431 συντάγματος.

632 1503 787 1559 CAP.
822 1498 1046 1555 XXXV.
1074 1528 1147 1541 ——
1172 1498 1246 1552 De
1293 1498 1359 1551 iis
1392 1496 1481 1566 qui
1530 1493 1717 1547 audita
1752 1490 2154 1557 Scripturarum

2330 1486 2582 1541 ΚΕΦΑΛ,
2636 1480 2762 1536 ΛΕ’.
2792 1510 2865 1521 ——
2909 1476 3049 1545 Περὶ
3096 1474 3215 1529 τῶν
3281 1467 3676 1539 ἀκροωμένων
3721 1464 3832 1518 τῶν

567 1597 804 1660 lectione,
842 1611 946 1649 non
970 1600 1273 1662 exspectant
1312 1587 1546 1657 titurgiaz
1579 1586 1763 1654 ﬁnem,
1808 1596 1972 1652 neque
2011 1594 2156 1631 com-

2259 1578 2539 1648 Γραφῶν,
2584 1575 2683 1630 καὶ
2723 1573 2903 1643 μέχρι
2946 1573 3162 1635 τέλους
3194 1565 3281 1637 μὴ
3324 1559 3832 1634 προσκαρτερούν-

567 1686 861 1740 municant.

2259 1688 2399 1735 των,
2428 1671 2467 1738 ἣ
2493 1668 2579 1739 μὴ
2610 1666 3087 1723 κοινωνούντων.

956 1771 1331 1843 Apostolorum
1361 1783 1588 1822 canones
1616 1764 1672 1833 8,
1706 1764 1765 1820 9.
2192 1802 2236 1862 Β

1877 1853 1892 1862 _
2192 1802 2236 1862 Β
2379 1848 2392 1862 ¹
2645 1760 3036 1816 Ἀποστόλων
3070 1752 3272 1808 κανὼν
3300 1756 3379 1821 η’,
3406 1750 3471 1803 θ’.

639 1873 694 1929 8.
739 1871 795 1925 Si
823 1869 949 1940 quis
977 1834 1268 1938 episcopus
1301 1861 1383 1917 vel
1415 1860 1719 1930 presbyter,
1752 1855 1837 1911 vel
1861 1853 2151 1916 diaconus,
2192 1834 2236 1862 ³³

2197 1834 2236 1862 ν
2342 1848 2414 1921 η’.
2446 1849 2517 1904 El'
2542 1867 2627 1915 τις
2664 1850 2985 1912 ἐπίσκοπος,
3017 1845 3052 1916 ἢ
3079 1841 3471 1913 πρεσϐύτερος,
3509 1835 3544 1907 ἢ
3575 1834 3834 1897 διάκονος,

567 1926 744 2021 velex
781 1926 1108 2018 sacerdotali
1140 1926 1661 2024 catalogo,vetc.,vut
1690 1964 1813 2019 pag.
1847 1945 1972 2002 606.

1925 1946 1972 1999 6.
2265 1940 2301 2014 ἢ
2327 1941 2393 1995 ἐκ
2416 1938 2512 1994 τοῦ
2543 1938 2847 2007 καταλόγου
2877 1934 2971 1989 τοῦ
3012 1930 3312 2005 ἱερατικοῦ,
3344 1947 3399 1983 κ.
3430 1946 3482 1982 τ.
3512 1926 3562 1981 λ.

642 2015 1079 2122 "Quicunque
1111 2050 1296 2105 ﬁdeles
1323 2015 1717 2117 ingrediuntur
1742 2015 1796 2097 et
1841 2040 2154 2110 Scripturas

2340 2033 2406 2090 θ’.
2442 2035 2657 2097 Πάντας
2699 2032 2826 2095 τοὺς
2857 2027 3125 2089 εἰσιόντας
3154 2023 3380 2085 πιστοὺς
3424 2017 3657 2073 καὶτῶν
3702 2015 3838 2083 Γρα-

571 2115 1053 2216 διιιιὶιιηι,οιο.,ιιι
1090 2161 1213 2215 pag.
1243 2142 1371 2197 606.
1402 2115 1420 2117 ⁷

2270 2125 2388 2197 φῶν
2419 2122 2738 2185 ἀκούοντας,
2772 2120 2847 2191 μὴ
2882 2115 3319 2187 παραμένοντας,
3348 2128 3403 2165 κ.
3436 2128 3487 2165 τ.
3516 2124 3568 2161 Α.

925 2239 1155 2296 Concilii
1184 2235 1499 2292 Antiocheni
1538 2248 1710 2287 canon
1743 2231 1796 2286 9..
2542 2219 2562 2270 1

2542 2214 2813 2270 Συνόδου
2859 2206 3225 2277 Ἀντιοχείας
3258 2200 3461 2257 κανὼν
3504 2197 3573 2271 β’.

641 2337 697 2392 9,.
736 2334 939 2390 Omnes
968 2332 1060 2403 qui
1101 2329 1487 2401 ingrediuntur
1528 2324 1838 2380 Ecclesium
1870 2320 1988 2387 Dei,
2020 2327 2154 2385 etc.,

2344 2311 2408 2384 β’.
2445 2311 2659 2371 Πάντας
2697 2306 2823 2369 τοὺς
2872 2302 3141 2363 εἰσιόντας
3185 2297 3266 2360 εἰς
3301 2296 3400 2367 τὴν
3433 2291 3731 2364 ἐκκλησίαν
3755 2289 3840 2343 τοῦ

573 2440 631 2485 ιιι
659 2446 782 2501 pag.
812 2426 935 2483 606.
988 2401 999 2403 ἡ

2269 2406 2426 2470 Θεοῦ,
2461 2422 2516 2459 κ.
2547 2422 2598 2485 τ.
2629 2401 2680 2455 λ.

856 2518 1083 2576 Concilii
1107 2513 1543 2585 Carthaginensis
1580 2527 1749 2565 canon
1779 2508 1869 2564 46.

2517 2484 2790 2551 Σῠνόδου
2834 2488 3259 2560 Καρθαγέννης
3302 2484 3504 2540 κανὼν
3542 2489 3610 2536 ν’.

647 2613 723 2668 De
752 2608 1085 2681 passionibus
1117 2581 1435 2676 martyrum.

2345 2590 2486 2659 Περί
2513 2588 2632 2642 τῶν
2667 2584 2875 2639 παθῶν
2913 2582 3034 2636 τῶν
3060 2581 3397 2653 μαρτύρων.

645 2704 738 2757 40.
777 2703 963 2756 Liceat
990 2701 1153 2755 etiam
1194 2699 1298 2767 legi
1339 2696 1625 2766 passiones
1670 2701 2001 2763 martyrum,
2032 2703 2158 2745 cum

2347 2682 2411 2738 ν’.
2454 2681 2687 2747 Ἐξὲστω
2728 2679 2810 2731 ἔτι
2888 2675 2996 2747 μὴν
3049 2670 3521 2741 ἀναγινώσκεσθαι
3548 2667 3653 2720 ’τὰ
3714 2664 3847 2733 πάθη

575 2793 940 2850 anniversarii
972 2792 1090 2847 dics
1119 2805 1314 2847 eorum
1345 2788 1715 2843 celebrantur.

2274 2777 2385 2830 τῶν
2424 2774 2740 2846 μαρτύρων,
2771 2770 2935 2843 ἡνίκα
2969 2770 3027 2823 αἰ
3057 2768 3272 2838 ἐτήσιαι
3301 2761 3479 2817 αὐτῶν
3505 2760 3718 2831 ἡμέραι
3740 2759 3849 2810 ἐπι-

2274 2867 2577 2921 τελοῦνται.

650 2980 803 3037 CAP.
862 2975 1309 3034 XXXVI.—De
1367 2975 1432 3029 iis
1478 2972 1570 3043 qui
1624 2971 1889 3041 privatum
1945 2982 2164 3037 congre-

2350 2962 2605 3015 ΚΕΦΑΛ.
2645 2959 2787 3025 Λςυ.
2818 2984 2890 2997 -
2915 2953 3055 3022 Περὶ
3102 2950 3222 3006 τῶν
3269 2948 3392 3016 ἰδίᾳ
3428 2940 3851 3015 ἐκκλησιαζόν-

578 3081 797 3142 gantur.
2272 3070 2416 3114 των.

935 3159 1162 3216 Concilii
1197 3157 1519 3226 Gangrensis
1553 3168 1721 3206 canon
1758 3150 1813 3205 6.
2197 3164 2244 3225 α

2197 3164 2244 3225 α
2607 3141 2882 3197 Συνόδου
2925 3136 3211 3208 Γατγρῶν
3239 3115 3441 3189 κανὼν
3465 3129 3539 3197 ς’.

654 3259 709 3311 6.
754 3256 811 3310 Si
855 3255 981 3324 quis
1015 3263 1211 3322 praeter
1248 3250 1548 3304 Ecclesium
1578 3247 1695 3300 vult.
1736 3242 2025 3300 ecclesiam
2070 3240 2172 3296 lia-
2205 3218 2243 3225 w

2213 3218 2243 3225 ⁷
2350 3232 2427 3302 ς’.
2458 3232 2528 3288 Εἴ
2550 3250 2634 3298 τις
2660 3232 2811 3303 παρὰ
2856 3230 2956 3302 τὴν
2997 3227 3325 3298 Ἐκκλησίαν
3352 3224 3458 3294 ἰδίᾳ
3483 3218 3850 3291 ἐκκλησιάζοι,

586 3350 735 3408 bere,
765 3358 897 3411 etc.,
924 3354 982 3397 ut
1018 3360 1139 3413 pag.
1160 3342 1285 3396 607.

863 3387 897 3411 .,
924 3354 982 3397 ιιι
1018 3360 1139 3413 pag.
1160 3342 1285 3396 607.
2276 3350 2333 3386 κ.
2365 3345 2417 3384 1.
2449 3327 2500 3384 λ.

706 3436 869 3509 473
910 3434 1137 3490 Concilii
1164 3430 1469 3485 wcumenici
1502 3445 1549 3482 vn
1579 3443 1803 3481 canones
1829 3425 1920 3491 31,
1956 3424 2045 3479 59.
2340 3467 2343 3477 .

2340 3421 2611 3477 Συνόδου
2647 3415 3065 3489 οἰκουμενικῆς
3096 3415 3278 3480 ἕκτης
3313 3408 3516 3466 κανὼν
3562 3404 3674 3471 λα’,
3702 3401 3794 3457 νϐ’.

659 3531 748 3583 δι.
811 3528 1076 3590 Clericos,
1130 3526 1225 3588 qui
1280 3525 1349 3588 in;
1382 3523 1663 3588 oratoriis,
1691 3536 1814 3592 qua:
1866 3528 1995 3574 sunt
2029 3518 2170 3571 intra

2060 3526 2170 3571 ntra
2358 3512 2461 3569 λα’.
2495 3513 2634 3576 Τοὺς
2662 3515 2720 3566 ἐν
2752 3514 2865 3575 τοῖς
2911 3508 3218 3579 εὺκτηρίοις
3244 3506 3435 3567 οἴκοις,
3469 3519 3525 3555 κ.
3561 3518 3617 3554 1.
3648 3500 3697 3553 λ.

583 3623 803 3685 domos,
834 3631 963 3685 elc.,
984 3628 1040 3672 ιιι
1069 3634 1191 3688 pag.
1226 3616 1350 3671 585.

661 3714 750 3769 59.
796 3711 850 3765 In
878 3712 994 3766 aede
1019 3710 1281 3775 oratoria,
1305 3723 1428 3778 quae
1459 3717 1543 3762 est
1579 3707 1722 3761 intra
1752 3705 2002 3769 domum,
2032 3710 2170 3769 etc.,

2334 3699 2452 3757 νον.
2484 3700 2693 3773 Μηδεὶς
2736 3700 2794 3752 ἐν
2829 3696 3107 3769 εὐκτηρίῳ
3129 3696 3287 3765 οἴκῳ,
3325 3690 3475 3745 ἔνδον
3502 3688 3689 3751 οἰκίας
3739 3700 3853 3753 τυγ-

587 3816 645 3859 ιιι
676 3822 796 3874 pag.
826 3802 951 3857 607.

2285 3797 2524 3869 χάνοντι,
2559 3811 2615 3847 κ.
2650 3811 2700 3847 τ.
2734 3791 2783 3844 λ.

662 3870 803 3968 Lege
826 3912 947 3967 qua:
975 3901 1234 3949 annotata
1267 3902 1397 3949 sunt
1428 3898 1481 3948 in
1521 3907 1644 3963 cap.
1682 3892 1766 3959 14,
1818 3891 1901 3947 tit.
1946 3891 1980 3946 5
2033 3905 2173 3962 ιιι-αξ-

2372 3886 2675 3955 Ἀνάγνωθι
2723 3884 2792 3938 τὰ
2827 3878 3346 3955 παραγεγραμμένα
3399 3877 3457 3929 ἐν
3516 3873 3600 3945 τῷ
3641 3870 3703 3927 ιδ’
3743 3886 3852 3938 κεφ.

590 3990 764 4046 senliS
792 3988 994 4059 οροτίε.
2288 3982 2383 4038 τοῦ
2415 3989 2463 4051 γ’
2490 3982 2594 4037 τίτ.
2629 3979 2723 4034 τοῦ
2756 3978 3024 4049 παρόντος
3048 3975 3443 4043 συντάγματος.

663 4103 816 4159 CAP.
863 4100 1129 4157 XXXVII.
1162 4132 1229 4145 —
1263 4100 1341 4156 De
1371 4102 1465 4155 illo
1490 4102 1582 4172 qui
1603 4100 1901 4170 concupivit
1932 4115 2038 4154 rem
2070 4100 2171 4152 Iza-

2361 4097 2614 4150 ΚΕΦΑΛ.
2649 4094 2772 4151 ΛΖ’.
2806 4094 2945 4162 Περὶ
2973 4093 3080 4147 τοῦ
3114 4088 3604 4158 ἐπιθυμήσαντος
3644 4093 3854 4152 συγκα-

590 4196 709 4251 bere
734 4212 853 4249 cum
881 4194 1101 4260 femina,
1132 4210 1296 4264 neque
1321 4204 1495 4247 tamen
1531 4194 1675 4263 fecit.

2290 4189 2583 4259 θευδῆσαι
2606 4186 2870 4258 γυναικὶ,
2899 4186 2997 4240 καὶ
3027 4186 3113 4255 μὴ
3153 4183 3515 4253 πράξαντος.

887 4286 1117 4342 Concilii
1149 4285 1597 4341 Neoca’sariensis
1626 4302 1799 4340 canon
1827 4284 1886 4340 4.

2528 4280 2802 4335 Συνόδου
2830 4279 3292 4346 Νεοκαισαρείας
3335 4273 3538 4329 κανὼν
3564 4270 3628 4327 δ’.

663 4382 720 4435 4.
784 4381 842 4436 Si
882 4382 1008 4450 quis
1042 4381 1390 4451 proposuerit
1430 4379 1820 4450 concupiscere
1868 4377 2174 4441 mulierem,

2363 4374 2428 4430 δ’.
2499 4376 2628 4429 Ἐὰν
2698 4373 2968 4445 πρόθηται
3027 4389 3113 4436 τις
3166 4369 3515 4439 ἐπιθυμήσας
3572 4361 3853 4435 γυναικὸς,

592 4486 723 4542 etc.,
752 4487 806 4529 ut
830 4491 949 4544 pag.
990 4473 1088 4530 89!
1102 4514 1116 4530 .
2211 4527 2229 4544 ,

873 4491 949 4544 ag.
990 4473 1116 4530 89!.
2211 4527 2260 4544 __
2292 4489 2347 4527 κ.
2375 4490 2428 4526 τ.
2459 4471 2510 4528 λ.

668 4590 822 4649 CAP.
863 4587 1156 4645 XXXVIII.
1181 4621 1253 4632 —
1278 4592 1353 4646 De
1387 4607 1491 4645 non
1525 4590 1896 4661 jejunantibus
1928 4589 1982 4643 in
2028 4605 2182 4643 sacra
2209 4527 2264 4589 Β

2219 4527 2264 4589 D
2361 4588 2615 4643 ΚΕΦΑΛ.
2636 4583 2977 4653 ΛΘ’.-Περί
3000 4581 3119 4635 τῶν
3124 4581 3209 4651 μὴ
3232 4578 3654 4633 ντες-τενόντων
3674 4568 3856 4641 τήνμη

598 4684 1047 4752 Quadragesima,
1075 4684 1152 4736 uel
1188 4695 1380 4753 quarta
1408 4685 1514 4750 die,
1547 4683 1627 4737 vel
1654 4684 1711 4737 in
1737 4698 2040 4752 parasceve.

1654 4684 1711 4737 in
1737 4698 2040 4752 parasceve.
2289 4684 2386 4738 καί
2418 4681 2690 4751 τετράδα,
2717 4680 2815 4733 καὶ
2852 4674 3268 4745 παρασκευήν.

1048 4776 1418 4846 Apostolorum
1452 4795 1625 4831 canon
1652 4779 1742 4833 69.

2714 4777 2772 4830 Ἀ
2781 4774 3101 4829 ποστόλων
3138 4769 3339 4825 κανὼν
3372 4765 3468 4833 ξθ¹.

672 4868 745 4924 69
784 4867 923 4941 [68].
980 4868 1038 4923 Si
1081 4870 1206 4939 quis
1253 4872 1566 4940 episcopus,
1618 4871 1701 4924 vel
1746 4870 2050 4941 presbyter,
2106 4869 2190 4923 vel

2363 4871 2461 4935 ἔθ’.
2490 4870 2560 4925 Εί
2584 4887 2668 4933 τις
2698 4868 3023 4932 ἐπίσκοπος,
3051 4865 3083 4936 ἢ
3125 4862 3516 4935 πρεσϐύτερος,
3550 4858 3582 4929 ἢ
3612 4857 3860 4915 διάκονος,

603 4962 894 5029 diaconus,
920 4973 1047 5028 etc.,
1074 4972 1133 5016 ut
1162 4980 1285 5034 pag.
1314 4964 1441 5019 655.

880 5004 894 5029 ,
920 4973 1047 5028 etc.,
1074 4972 1133 5016 ut
1162 4980 1285 5034 pag.
1314 4964 1441 5019 655.
2293 4980 2349 5016 κ.
2381 4979 2432 5015 τ.
2462 4961 2513 5015 λ.

678 5054 831 5108 CAI‘.
868 5052 1109 5117 XXXIX.
1136 5080 1208 5092 --
1240 5054 1313 5107 De
1343 5055 1703 5124 auferentibus
1738 5054 1973 5109 ecclesia:
2011 5070 2189 5108 ceram

2352 5051 2602 5106 ΚΕΦΑΛ.
2632 5047 2756 5105 ΛΘ’.
2772 5080 2844 5090 -
2864 5046 3005 5115 Περί
3032 5044 3153 5099 τῶν
3173 5042 3630 5113 ἀφαιρουμένων
3654 5038 3763 5107 τῆς
3779 5035 3862 5087 ἐκ·

606 5147 688 5201 uel
714 5146 906 5201 oleum.

2296 5148 2560 5216 πλησίας
2599 5145 2791 5213 κηρὸν
2826 5141 2864 5211 ἢ
2906 5144 3135 5197 ἔλαιον.

1055 5238 1427 5306 Apostolorum
1458 5255 1518 5291 ca
1529 5254 1629 5293 non
1666 5239 1755 5292 72.

2712 5234 3092 5291 Ἄποστόλωι·
3119 5230 3323 5284 κανὼν
3361 5226 3456 5299 οβ’.

678 5332 749 5386 79.
788 5329 922 5404 [7|].
988 5330 1045 5385 Si
1091 5332 1215 5402 quis
1267 5331 1499 5385 clericus
1553 5331 1636 5385 vel
1686 5331 1860 5384 laicus
1912 5345 1942 5383 a
1999 5339 2191 5386 sancta

2368 5329 2466 5401 οβ’.
2500 5328 2664 5393 Εἵτις
2687 5325 2997 5395 κληρικὸςῆ
3025 5324 3208 5386 λαῐκὸς
3238 5320 3346 5374 ἀπὸ
3375 5321 3472 5391 τῆς
3501 5318 3660 5385 ἁγίας
3691 5314 3866 5379 ἐκκλη-

607 5425 839 5481 ecelesia
874 5440 1054 5480 ceram
1088 5423 1171 5479 vel
1202 5423 1382 5478 oleum
1415 5421 1650 5489 auferat,
1685 5431 2033 5495 segregetur.

2302 5425 2422 5487 σίας
2467 5422 2734 5492 ἀφέληται
2768 5419 2938 5489 κηρὸν
2986 5418 3018 5489 ἢ
3049 5417 3248 5477 ἔλαιον,
3300 5410 3669 5485 ἀφοριζέσθωο
3706 5407 3795 5461 καί
3818 5404 3865 5455 τὸ

2302 5517 2647 5585 ὲπίπεμπτον
2680 5513 3025 5584 προστιθέτω
3060 5509 3177 5579 μεθ’
3214 5505 3274 5563 οὗ
3302 5506 3519 5561 ἔλαϐεν.

669 5631 846 5736 ,474
880 5629 1035 5686 CAP.
1074 5629 1191 5684 XL.
1215 5661 1286 5673 --
1313 5632 1384 5687 De
1429 5632 1580 5688 laicis
1612 5635 1704 5705 qui
1741 5633 1802 5688 ob
1849 5649 2002 5688 suam
2046 5633 2194 5701 inju-

2373 5629 2625 5685 ΚΕΦΑΛ.
2666 5624 2759 5681 Μ’.
2787 5656 2858 5667 -
2882 5624 3022 5693 Περὶ
3048 5623 3280 5678 λαϊιιῶν
3329 5621 3428 5675 διὰ
3464 5615 3864 5675 ἀδικίανὼιοιν

607 5725 809 5777 sti'iam
841 5736 989 5778 extra
1015 5727 1427 5782 communionem
1460 5726 1591 5796 facti
1623 5735 1767 5781 sunt.
1803 5725 1867 5783 Et
1900 5726 2040 5796 quod
2072 5726 2198 5782 laici

2302 5724 2584 5790 νωνήτων
2611 5720 2971 5793 γινομένων
3016 5720 3113 5772 καί
3157 5716 3290 5785 περί
3325 5717 3430 5772 τοῦ
3458 5714 3543 5785 μὴ
3573 5711 3864 5767 διδάσκειν

608 5830 938 5885 nequaquam
973 5819 1210 5870 doceant.

935 5836 938 5867 ι
973 5819 1210 5870 doceant.
2302 5819 2572 5884 λαϊκούς.
