4146 6428
26 2675 62 2708 ’ᾧ

30 2709 60 2725 ..οι

26 2769 60 2797 ,io

26 2797 64 2817 ,μ

361 365 468 432 969
1165 361 1591 424 'SYNTAGMA
1630 364 2003 427 CANONUM
2028 366 2272 426 --TlT.
2315 366 2484 440 XIV,
2526 367 2685 427 CAP-
2730 367 2814 427 II.
3567 368 3672 430 9'70

363 480 663 550 Θεοφίλου
717 479 786 532 ἐκ
832 478 943 549 τῆς
981 477 1132 549 πρὸς
1179 477 1396 548 Μηνᾶν
1446 481 1788 538 ἐπίσκοπον
1839 483 1968 536 ἐπι·
2000 493 2043 547 Α

1043 550 1274 619 στολῆς
1285 592 1300 607 .

440 646 696 716 Νομιμον
741 642 975 715 πρᾶγμα
1025 644 1396 715 πεποιήκασιν
1441 644 1494 696 οἱ
1523 643 1888 716 πρεσϐύτεροι
1919 648 1969 699 οἱ

367 741 429 793 ὲν
456 738 674 810 Γεμίνῳ
699 735 884 809 κώμῃ,
910 739 959 790 εἰ
985 736 1241 808 ἀληθεύει
1261 737 1297 807 ἡ
1321 735 1630 808 κομίζουσα
1657 738 1717 792 τὸ
1738 741 1973 811 πρᾶγμα

368 831 672 887 Εὑσταθία·
709 829 911 900 φάσκει
934 830 1068 902 γάρ,
1101 831 1186 884 ὅτι
1219 829 1494 901 Κυράδιον
1525 829 1844 895 ἀδικοῦσαν,
1874 831 1972 885 καὶ

371 925 451 996 μὴ
487 922 822 994 βουλομένην
885 922 1199 976 ἀναστεῖλαι
1259 921 1357 994 τὴν
1403 921 1642 988 ἀδικίαν,
1697 922 1973 994 ἐχώρισαν

367 1018 467 1086 τῆς
501 1015 797 1082 συνάξεως.
851 1013 1070 1084 Ἐπειδὴ
1121 1014 1301 1069 τοίνυν
1336 1032 1516 1085 ευρον,
1547 1015 1623 1078 ὡς
1673 1016 1734 1070 τὸ
1773 1017 1974 1087 ἑαυτῆς

368 1108 540 1163 κακὸν
572 1107 989 1179 θεραπεύσασα,
1025 1108 1276 1180 βούλεται
1333 1108 1702 1180 συναχθῆναι,
1744 1108 1974 1181 θέλησον

369 1200 800 1274 παρασκευάσαι
833 1198 1008 1272 αὐτὴν
1039 1199 1343 1254 ἀποθέσθαι
1375 1200 1593 1272 πρῶτον
1628 1199 1729 1272 τὴν
1758 1199 1976 1254 ἀδικίαν

369 1293 468 1347 καὶ
498 1295 685 1346 πεῖσαι
735 1293 1094 1364 μετανοῆσαι,
1122 1293 1232 1363 ,ἵνα
1278 1291 1478 1357 οὕτως,
1511 1295 1560 1348 εἰ
1608 1293 1844 1357 συνίδοις
1891 1294 1974 1347 ὅτι

369 1386 526 1459 νόμῳ
569 1385 707 1441 Θεοῦ
750 1388 1119 1460 προσέρχεται
1162 1390 1262 1460 τῆς
1320 1387 1596 1453 συνάξεως
1645 1389 1974 1461 ὀρεγομένη,

371 1477 680 1552 ἐπιτρέψῃς
711 1479 850 1551 αὐτῇ
880 1480 1021 1550 μετά
1052 1479 1162 1533 τῶν
1193 1479 1340 1533 λαῶν
1373 1479 1735 1549 συνάγεσθαι.

514 1569 789 1626 Συνόὸου
826 1571 1255 1641 οίκουμενικῆς
1285 1571 1465 1642 ἕκτης
1497 1573 1702 1628 κανὼν
1732 1573 1828 1641 ξδ’.

450 1661 542 1728 ξδ’.
579 1663 702 1718 Ὅτι
734 1665 795 1718 οὐ
834 1665 942 1736 χρὴ
986 1664 1226 1737 δημοσίᾳ
1245 1665 1464 1733 λαῖκὸν,
1499 1666 1658 1736 λόγον
1685 1668 1857 1721 κινεῖν
1891 1667 1973 1721 δο·

368 1756 648 1828 γματικὸν
695 1757 728 1828 ἢ
778 1756 1074 1823 διδάσκειν,
1108 1757 1327 1830 ἀξίωμα
1363 1759 1546 1831 ἑαυτῷ
1591 1759 1976 1815 διδασκαλικὸν

2214 483 2490 555 Theophili
2514 500 2579 540 ex
2605 485 2834 555 cpistola
2864 487 2934 541 ad
2961 486 3174 544 Menam
3203 489 3528 560 episcopum.

2148 647 2281 703 Rem
2307 648 2515 718 justam
2550 650 2793 705 fecerant
2814 651 3118 722 presbyteri
3149 651 3200 706 in
3238 651 3473 707 Gemino
3503 669 3664 725 pago,

2074 737 2117 792 si
2151 754 2339 792 verum
2381 739 2532 804 dicit,
2564 754 2686 808 quae
2723 739 2899 794 defert
2929 741 3144 798 litteras
3180 741 3490 798 Eustatbia.
3527 743 3672 800 Dicit

2075 828 2247 892 enim,
2281 829 2426 898 quod
2471 829 2766 900 Cyl-adium
2817 829 3108 887 facientem
3143 827 3431 904 injuriam,
3466 851 3568 891 nec
3597 837 3666 890 ab

2077 933 2140 972 ea
2196 918 2465 973 desistere
2499 920 2797 987 volentem,
2852 935 2882 974 a
2937 927 3327 979 communione
3376 941 3671 996 separave—

2076 1020 2226 1065 runt.
2258 1011 2396 1077 Quia
2423 1026 2552 1082 ergo
2584 1013 2787 1078 inveni,
2819 1017 2963 1085 quod
2990 1032 3091 1070 suo
3116 1017 3262 1072 malo
3290 1034 3480 1073 curam
3514 1019 3674 1074 adhi-

2079 1104 2213 1159 bens
2245 1104 2360 1158 vult
2391 1106 2829 1171 communicare,
2869 1106 2956 1162 fac
2998 1123 3062 1162 ea
3115 1109 3191 1163 ita
3245 1123 3306 1164 se
3362 1122 3671 1181 comparet,

2078 1203 2139 1248 ιιι
2167 1193 2424 1264 iniuriam
2460 1195 2698 1265 primum
2728 1196 3000 1266 deponat,
3029 1209 3080 1252 et
3109 1199 3486 1268 paenitentiam
3507 1217 3672 1274 agere

2080 1287 2134 1341 in
2191 1287 2438 1342 animum
2486 1287 2734 1354 inducat,
2786 1299 2846 1344 ut
2897 1291 2939 1346 si
2995 1293 3071 1345 sic
3126 1293 3484 1361 intellexeris,
3525 1295 3674 1365 quod

2079 1381 2311 1448 accedit,
2349 1383 2797 1438 communionem
2835 1385 3178 1452 desiderans,
3215 1387 3502 1458 permittas
3533 1389 3582 1442 ei
3616 1398 3677 1444 ut

2079 1492 2203 1531 cum
2237 1476 2459 1547 populis
2493 1478 2886 1534 communicet.

2389 1568 2642 1637 iconcilii
2676 1570 2980 1624 wattutenici
3007 1585 3058 1639 vi
3087 1587 3255 1628 canon
3286 1572 3380 1628 64.

2151 1660 2242 1717 δι.
2279 1660 2438 1728 Quod
2485 1679 2593 1718 non
2627 1672 2846 1733 oportet
2883 1664 3089 1720 laicum
3141 1666 3358 1737 publice
3388 1667 3676 1738 disputare

2082 1753 2166 1809 vel
2213 1755 2432 1820 docere,
2468 1754 2702 1810 docendi
2752 1756 3137 1811 auctoritatem
3193 1773 3260 1812 ex
3309 1773 3375 1814 eo
3405 1760 3509 1814 sibi
3559 1761 3682 1813 vin-

369 1851 626 1906 ἐντεῦθεν
650 1851 939 1924 περιποιού
949 1869 1131 1917 μενον·
1159 1852 1275 1907 ἀλλ’
1299 1852 1472 1909 εἴκειν
1497 1857 1564 1927 τῇ
1605 1854 1976 1929 παραδοθείσῃ

2089 1847 2380 1914 ilic-antem,
2413 1848 2508 1904 sed
2535 1848 2717 1903 ordini
2761 1864 2793 1903 a
2843 1847 3076 1905 Domino
3116 1850 3318 1907 tradito
3347 1855 3577 1920 cedere;
3627 1862 3682 1907 et

371 1944 531 2017 παρά
565 1943 661 1999 τοῦ
699 1945 909 2014 Κυρίου
940 1947 1115 2014 τάξει,
1150 1947 1245 1999 καὶ
1288 1946 1350 1999 τὸ
1407 1942 1502 2011 οὖς
1539 1949 1653 2012 τοῖς
1685 1948 1782 2021 τὴν
1813 1948 1976 2020 χάριν

369 2037 469 2091 τοῦ
511 2037 896 2092 διδασκαλικοῦ
949 2038 1108 2106 λόγου
1165 2037 1394 2093 λαϐοῦσι
1440 2039 1753 2110 διανοίγειν,
1781 2041 1878 2094 καὶ
1905 2040 1978 2094 τὰ

367 2129 496 2182 θεῖα
531 2128 664 2199 παρ’
707 2130 889 2183 αὐτῶν
950 2130 1396 2186 ἐκδιδάσκεσθαι·
1440 2133 1530 2186 Ἐν
1582 2134 1694 2204 γὰρ
1745 2137 1812 2206 τῇ
1878 2135 1979 2207 μιᾷ

387 2221 690 2294 Ἐκκλησία
721 2222 959 2294 διάφορα
1002 2222 1140 2294 μέλη
1174 2222 1480 2291 πεποίηκεν
1503 2226 1534 2278 ὁ
1554 2225 1688 2290 Θεὸς
1717 2225 1857 2280 κατά
1880 2226 1979 2298 τὴν

371 2316 473 2370 τοῦ
515 2315 844 2371 Ἀποστόλου
904 2316 1115 2385 φωνὴν,
1174 2315 1242 2387 ἢν
1291 2317 1319 2368 ὸ
1369 2313 1622 2384 θεολόγος
1651 2315 1979 2389 ἑρμηνεύων

374 2409 703 2482 Γρηγόριος,
731 2406 920 2476 σαφῶς
953 2407 1055 2478 τὴν
1115 2408 1174 2460 ἐν
1221 2405 1435 2470 τούτοις
1489 2405 1643 2472 τάξιν
1679 2407 1981 2480 παρίστησι

377 2504 608 2573 φάσκων
635 2519 650 2533 ·
687 2501 925 2568 Ταύτην
952 2499 1252 2570 αἱδώμεθα
1300 2499 1417 2567 τὴν
1467 2499 1664 2565 τάξιν,
1699 2501 1977 2572 ἀδελφοὶ,

378 2597 615 2664 ταύτην
650 2593 1070 2664 φυλάττωμεν·
1105 2596 1138 2647 ὁ
1171 2594 1291 2663 μὲν
1315 2594 1474 2647 ἔστω
1508 2593 1599 2660 τίς
1640 2593 1818 2662 ἀκοὴ,
1847 2598 1880 2648 ό
1913 2595 1982 2648 δὲ

378 2688 656 2759 γλῶσσα·
687 2690 721 2742 ό
754 2686 824 2740 δὲ
855 2688 1005 2756 χείρ,
1054 2685 1193 2760 ό-δὲ
1221 2685 1378 2742 ἄλλο
1405 2703 1480 2740 τι·
1507 2687 1674 2757 ὁμὲν
1698 2687 1982 2742 διδασκέ-

379 2801 482 2849 τω,
525 2787 558 2838 d
615 2781 684 2835 δὲ
733 2780 1107 2852 μανθανέτω·
1170 2781 1265 2833 καὶ
1317 2780 1456 2851 μετά
1497 2780 1728 2853 βραχέα·
1791 2781 1903 2836 Καὶ
1949 2784 1982 2836 ό

374 2875 706 2948 μανθάνων
738 2875 812 2928 ἐν
857 2874 1182 2940 εὐπειθείᾳ,
1220 2873 1323 2928 καὶ
1372 2876 1405 2928 ό
1436 2873 1713 2945 χορηγῶν
1752 2875 1824 2927 ἐν
1852 2877 1982 2929 Ma-

375 2970 608 3038 ρότητι,
665 2969 762 3022 καὶ
794 2970 828 3022 ὁ
852 2965 1176 3037 ὑπουργῶν
1203 2966 1274 3022 ἐν
1295 2968 1616 3038 προθυμίᾳ·
1641 2966 1728 3038 μὴ
1760 2967 1986 3034 πάντες

380 3059 544 3133 ὦμεν
571 3061 829 3133 γλῶσσα
877 3061 945 3114 τὸ
979 3060 1386 3131 ἑτοιμότατον,
1428 3060 1515 3132 μὴ
1560 3061 1791 3128 πάντες
1838 3062 1988 3116 ἀπό-

384 3161 618 3222 στολοι,
668 3155 756 3227 μὴ
807 3154 1035 3220 πάντες
1086 3154 1410 3224 προφῆται,
1447 3155 1535 3225 μὴ
1576 3155 1803 3222 πάντες
1829 3155 1986 3226 διερ-

2089 1956 2279 1996 aurem
2316 1941 2386 1996 iis
2410 1981 2424 2004 ,
2465 1942 2557 2012 qui
2593 1941 2827 1998 docendi
2865 1943 3098 2014 gratiam
3152 1955 3506 2015 acceperunt,
3555 1962 3684 2018 ape-

2091 2035 2237 2100 rire;
2271 2044 2326 2090 et
2346 2033 2532 2089 divina
2563 2035 2632 2090 ab
2662 2037 2742 2091 eis
2768 2036 2952 2091 doceri
2982 2054 2994 2090 :
3032 2035 3098 2091 In
3140 2054 3246 2091 una
3280 2039 3416 2092 enim
3440 2037 3684 2093 Ecclesia

2091 2123 2301 2178 diversa
2331 2123 2568 2179 membra
2618 2125 2743 2195 fecit
2779 2126 2922 2182 Deus
2958 2127 3028 2192 “,
3061 2137 3120 2182 ut
3159 2139 3241 2183 est
3269 2145 3370 2183 vox
3413 2130 3686 2200 Apostoli.

2091 2217 2268 2283 Quam
2301 2225 2489 2288 aperte
2536 2218 2903 2290 interpretans
2936 2220 3234 2292 Gregorius
3269 2221 3579 2294 Tltcnlogus
3607 2224 3677 2289 ".

2091 2327 2216 2366 eum
2253 2314 2346 2383 qui
2389 2313 2443 2367 in
2491 2313 2558 2368 iis
2588 2321 2690 2379 est,
2741 2313 2988 2369 ordinem
3033 2316 3408 2376 commendat.
3455 2317 3686 2372 dicens:

2093 2403 2251 2460 llunc
2274 2405 2522 2460 ordinem
2543 2420 2920 2470 revereamur,
2950 2405 3168 2471 fratres,
3197 2408 3344 2462 hunc
3372 2422 3683 2464 servemus.

2093 2497 2192 2553 Hic
2220 2499 2442 2569 quidem
2488 2502 2562 2554 slt
2609 2498 2782 2562 auris.
2817 2499 2907 2554 ille
2943 2514 3074 2553 vero
3117 2500 3339 2570 lingua:
3369 2500 3460 2556 hic
3505 2510 3686 2556 autem

2093 2607 2314 2656 manus,
2344 2591 2432 2646 hic
2459 2605 2587 2646 vero
2619 2591 2826 2662 aliquid
2853 2591 3000 2646 aliud
3031 2609 3046 2646 :
3089 2591 3180 2646 bic
3209 2592 3434 2662 quidem
3467 2592 3686 2657 doceat,

2093 2685 2187 2739 ille
2218 2699 2347 2739 vero
2376 2684 2573 2739 discat.
2608 2683 2673 2740 Et
2699 2685 2863 2754 paulo
2913 2695 3068 2755 post:
3103 2683 3167 2738 Et
3196 2685 3420 2740 discens
3447 2685 3503 2739 in
3537 2686 3693 2741 doci-

2092 2779 2267 2843 litate,
2295 2788 2351 2834 et
2383 2779 2742 2848 suppeditans
2768 2779 2823 2832 in
2857 2778 3154 2842 hilaritate,
3191 2789 3244 2833 et
3274 2779 3596 2834 ministrans
3635 2780 3691 2834 iu

2095 2873 2399 2928 alacritate.
2437 2871 2714 2928 Nesimus
2751 2887 2944 2927 omnes
2971 2871 3180 2943 lingua,
3215 2872 3362 2941 quod
3389 2882 3474 2928 est
3503 2888 3694 2943 prom-

2099 2969 2291 3038 ptius;
2315 2981 2385 3022 ne
2424 2981 2620 3022 omnes
2657 2965 2917 3037 apostoli,
2963 2980 3030 3020 ne
3060 2981 3254 3021 omnes
3279 2967 3583 3035 prapbetze,
3625 2984 3694 3022 ne

2096 3076 2290 3117 omnes
2329 3061 2776 3131 interpretemur.
2814 3059 2876 3115 Et
2909 3069 3035 3132 post
3067 3062 3320 3130 quzedam
3354 3060 3559 3133 :475
3585 3061 3696 3117 Cur

2098 3165 2152 3210 te
2185 3162 2461 3224 pastorem
2496 3152 2652 3217 facis,
2686 3169 2811 3208 cum
2849 3154 2926 3208 sis
2961 3154 3126 3209 ovis?
3168 3169 3270 3209 cur
3307 3165 3475 3224 caput
3522 3154 3701 3210 enice-

383 3250 784 3320 ιιηνεύωμεν·
827 3248 924 3302 καὶ
967 3248 1107 3319 μετά
1160 3265 1321 3302 τινα·
1373 3249 1436 3304 Τί
1483 3247 1751 3303 σεαυτὸν
1800 3252 1984 3317 ποιεῖς

2098 3249 2198 3312 ris,
2235 3263 2361 3303 cum
2391 3248 2466 3303 sis
2499 3246 2634 3318 pes?
2666 3262 2764 3302 cur
2797 3249 3099 3318 imperator
3132 3263 3255 3303 csse
3288 3247 3531 3313 conaris,
3569 3264 3698 3302 cum

390 3339 687 3410 ποιμένα,
729 3339 1033 3409 πρόϐατον
1062 3336 1180 3403 ὤν;
1217 3340 1276 3393 τί
1325 3339 1461 3409 γίνῃ
1505 3339 1782 3410 κεφαλὴ,
1835 3340 1992 3408 ποὺς

391 3432 708 3503 τυγχάνων
731 3450 750 3498 ;
781 3432 840 3487 τί
862 3432 1226 3503 στρατηγεῖν
1259 3432 1607 3503 ἐπιχειρεῖς,
1632 3433 1993 3505 τεταγμένος

385 3527 464 3580 ἐν
530 3527 956 3596 (repandit-mc;
1009 3526 1121 3580 Καὶ
1177 3526 1409 3598 ἑτέρωθι
1462 3526 1527 3580 Ἦ
1580 3529 1744 3598 σοφία
1810 3528 1994 3582 διακε-

387 3617 628 3672 λεύεται·
661 3622 720 3674 Μ
727 3618 760 3688 ὴ
806 3620 932 3674 ἴσθι
970 3618 1160 3690 ταχὺς
1184 3621 1257 3674 ἐν
1280 3618 1510 3690 λόγοις,
1530 3620 1619 3690 μὴ
1645 3634 1994 3692 συμπαρεκ-

386 3712 592 3768 τείνου
658 3713 852 3782 πένης
902 3711 990 3766 ὢν
1057 3711 1380 3780 πλουσίῳ,
1439 3714 1599 3784 μηδὲ
1653 3713 1810 3784 ζήτει
1875 3714 1997 3770 τῶν

385 3804 604 3876 σοφῶν
642 3803 799 3861 εἶναι
831 3806 1196 3876 σοφώτερος·
1252 3808 1304 3860 εἰ
1356 3806 1414 3861 δέ
1479 3823 1563 3872 τις
1593 3807 1708 3878 ἁλῷ
1751 3807 1846 3862 τὸν
1893 3825 2000 3862 παο

387 3899 562 3970 ρόντσ.
591 3899 988 3972 παρασαλεύων
1025 3899 1254 3965 κανόνα,
1306 3901 1401 3954 ἐπὶ
1451 3899 1670 3972 ἡμέρας
1703 3897 1756 3971 μ’
1805 3902 2000 3972 ἀφορι-

384 3992 596 4056 ζέσθω.

2102 3339 2308 3395 relatus
2349 3339 2426 3394 sis
2470 3339 2525 3394 in
2567 3355 2860 3394 numerum
2908 3339 3187 3395 militum?
3234 3341 3301 3396 Et
3334 3341 3506 3396 alibi:
3536 3339 3703 3396 lubet

2105 3430 2429 3503 Sapientia:
2467 3430 2550 3488 Ne
2574 3434 2647 3486 sis
2678 3431 2826 3486 velox
2867 3434 2922 3487 in
2952 3435 3307 3501 sermonibus,
3357 3452 3421 3488 ne
3457 3450 3577 3487 cum
3622 3435 3698 3487 si:

2100 3540 2321 3595 pauper,
2369 3541 2478 3579 una
2522 3541 2641 3578 cum
2688 3526 2853 3595 divite
2879 3525 3186 3581 exlendaris
3215 3544 3230 3593 ;
3266 3542 3330 3581 ne
3363 3543 3574 3597 quaeras
3606 3542 3702 3579 sa-

2101 3620 2374 3690 pientibus
2405 3636 2516 3674 esse
2544 3621 2845 3690 sapientior
2891 3621 2962 3674 “.
2997 3619 3054 3705 Soi
3091 3619 3218 3691 quis
3247 3629 3430 3674 autem
3458 3634 3705 3690 praesen-

2103 3723 2211 3768 tem
2241 3727 2511 3769 canonem
2557 3711 2898 3768 labefactans
2939 3712 3317 3784 deprehensus
3352 3711 3518 3769 fuerit
3560 3729 3703 3784 qua~

2105 3806 2359 3878 draginta
2390 3806 2587 3863 diebus
2615 3817 2954 3878 segregetur.

1723 4312 2135 4400 ἸἸΤΛΟΣ.
2212 4305 2374 4400 ΙΔ’.

1425 4499 1587 4555 ΠΕΡΙ
1638 4501 1904 4556 ΚΟΙΝΩΝ
1945 4501 2232 4555 ΠΔΝΤΩΝ
2273 4499 2665 4555 ΑΝΘΡΩΠΩΝ.

1666 4810 2140 4889 TITULUS
2243 4813 2457 4890 XIV.

1085 4993 1176 5048 DE
1212 4992 1474 5052 CULPIS
1508 4993 1678 5063 QUIE
1710 4991 1776 5047 IN
1823 4990 2058 5048 OMNES
2105 4989 2412 5047 llOftliNliS
2447 4989 2726 5047 CADERE
2758 4987 3069 5056 QLTEUNT.

482 5153 737 5210 ΚΕΦΑΛ.
766 5150 853 5208 Α’.
886 5182 958 5195 -
990 5151 1131 5222 Περὶ
1162 5151 1546 5219 πλεονεξίας.

736 5247 1076 5318 Γρηγορίω
1116 5246 1378 5314 Νύσσης
1411 5243 1616 5300 κανὼν
1645 5250 1724 5309 ς’.

414 5326 426 5336 ’
483 5347 562 5407 ς’.
585 5340 658 5394 To
685 5341 744 5396 δὲ
774 5343 964 5414 ἕτερον
995 5338 1139 5404 εἶδος
1167 5340 1266 5412 τῆς
1286 5338 1730 5409 εἰδωλολατρίας,
1763 5353 1816 5390 κ.
1843 5353 1895 5391 τ.
1931 5336 1983 5390 λ.

396 5494 412 5508 ι
484 5433 748 5490 ΚΕΦΔΛ.
770 5433 848 5488 B’.
871 5465 943 5476 ——
958 5433 1101 5504 Περὶ
1137 5431 1629 5504 ἀλογευομένων.

666 5528 943 5584 Συνόδου
981 5525 1266 5596 Ἀγκύρας
1300 5525 1505 5579 κανὼν
1534 5521 1608 5578 ις’
1636 5523 1722 5589 ιζ’.

483 5618 581 5686 ις’.
616 5620 756 5690 Περὶ
788 5619 898 5674 τῶν
940 5617 1400 5690 ἀλογευσαμένων
1443 5617 1477 5690 ἢ
1531 5618 1626 5672 καὶ
1673 5616 2011 5688 ἀλογενομέ-

407 5730 547 5779 νων,
583 5731 642 5768 κ.
662 5731 714 5768 τ.
749 5714 800 5768 λ.

2044 5162 2088 5215 D
2190 5146 2423 5206 CAPUT
2462 5149 2500 5203 l.
2533 5177 2604 5190 -—
2630 5146 2708 5202 De
2738 5149 2996 5204 avaritia.

2508 5240 2751 5314 Gregorii
2781 5242 3016 5315 Nysseni
3050 5259 3219 5298 canon
3266 5243 3322 5300 6.

2195 5337 2248 5390 6.
2290 5336 2479 5392 Altera
2514 5335 2842 5392 idololatria:
2875 5337 3112 5407 species,
3136 5346 3268 5403 etc.,
3303 5348 3359 5392 ut
3396 5353 3517 5407 pag.
3553 5336 3679 5393 958.

2188 5429 2342 5485 CAP.
2381 5427 2447 5484 Il.
2473 5461 2544 5473 -—
2581 5428 2656 5484 De
2683 5429 3150 5484 concumbentibns
3184 5446 3304 5484 cum
3340 5429 3532 5483 brutis.

2407 5522 2638 5580 Coneilii
2667 5524 2941 5595 Ancyrani
2972 5541 3201 5579 canones
3229 5523 3314 5592 16,
3339 5524 3426 5578 l7.

2195 5615 2281 5671 l6.
2326 5614 2402 5671 De
2437 5617 2506 5673 iis
2559 5618 2652 5687 qui
2704 5618 2936 5674 rationis
2979 5617 3221 5687 expertia
3273 5615 3533 5674 animalia
3576 5615 3714 5673 inie-

2126 5718 2257 5766 runt
2282 5709 2366 5766 vel
2394 5709 2607 5774 ineunt,
2642 5717 2774 5777 elc.,
2805 5720 2861 5764 nt
2895 5726 3020 5781 pag.
3049 5709 3173 5764 891.

484 5851 530 5886 ⁸⁸
554 5850 597 5908 ll
622 5851 750 5908 Cor.
783 5869 882 5918 xu,
919 5853 1006 5908 18.
1085 5853 1131 5886 ⁸⁵
1153 5851 1306 5912 Orat.
1348 5854 1413 5912 de
1443 5854 1703 5913 servanda
1740 5855 1793 5911 in.
1824 5850 2281 5910 disputationibus
2325 5849 2705 5909 moderatione.
2789 5854 2835 5885 ⁵⁵
2863 5852 3008 5909 Eccl.
3047 5869 3098 5921 ν,
3127 5853 3177 5909 l.

745 5947 1024 6011 PATROL.
1054 5947 1172 6011 Gn.
1205 5946 1365 6013 CIV.

3312 5947 3386 6008 31
