4146 6482
492 373 588 438 971

1686 371 1950 434 ΡΗΟΤΙΙ
1989 369 2499 432 ΡΑΤΒΙΑΒΟΗιἘ
2533 372 2644 433 CP.

3705 370 3817 434 972

563 489 653 544 17.
698 486 805 546 Eos
837 486 932 560 qui
967 487 1203 546 rationis
1231 488 1481 561 expertia
1514 486 1838 553 animantia,
1873 497 2004 554 ctc.,
2034 495 2100 541 ut

2280 487 2374 551 ιζ’.
2407 488 2547 553 Τοὺς
2567 487 3066 560 ἀλογευσαμένους,
3093 506 3148 543 κ.
3173 505 3226 543 τ.
3245 488 3292 544 λ.

493 592 553 636 ιιι
585 597 710 654 pag.
745 583 870 640 891.

1032 675 1226 731 Basilii
1260 692 1432 731 canon
1462 673 1552 730 65.

563 763 656 821 65.
694 762 798 832 Qui
829 781 984 820 suam
1016 765 1072 820 in
1107 767 1394 820 brutorum
1428 763 1725 819 concubitu
1751 763 2090 833 impietatem

493 854 813 920 confitetur,
842 857 982 912 idem
1013 851 1230 928 tempus
1264 859 1316 911 in
1360 856 1684 927 pcenitentia
1717 856 1980 912 servabit.

813 950 981 1022 476
1019 949 1263 1021 Gregorii
1298 949 1528 1020 Nysa-eui
1560 965 1679 1018 cap.
1714 951 1768 1004 5.

564 1044 617 1096 5.
665 1041 868 1098 Eorum
901 1053 1083 1097 autem
1115 1059 1239 1112 quae
1265 1042 1333 1097 ad
1365 1041 1728 1113 cupiditatem
1760 1049 1816 1096 et
1848 1039 2099 1109 volupta-

499 1142 605 1188 tem
639 1135 775 1187 liunt
809 1140 1182 1201 peccatorum,
1212 1141 1343 1198 ctc.,
1376 1141 1433 1185 ut
1464 1148 1586 1202 pag.
1631 1129 1756 1184 807.

565 1222 720 1279 CAP.
753 1221 838 1277 III.
865 1252 934 1261 —
959 1222 1036 1277 De
1066 1222 1350 1277 homicidia
1389 1233 1436 1277 et
1466 1223 1786 1276 latronibus.

943 1315 1323 1385 Apostolorum
1357 1333 1528 1370 canon
1563 1316 1651 1369 66.

563 1407 634 1462 66
672 1403 810 1480 [64].
855 1405 911 1461 Si
942 1407 1068 1476 quis
1097 1408 1339 1462 clericus
1374 1408 1428 1461 in
1461 1423 1644 1478 pugna
1678 1408 1962 1477 pulsatum
1997 1409 2098 1464 ali-

497 1516 684 1573 quem,
715 1509 845 1565 etc.,
874 1509 933 1553 ut
967 1517 1090 1570 pug.
1130 1500 1255 1557 746.

659 1592 890 1647 Concilii
922 1593 1195 1664 Ancyrani
1225 1608 1454 1646 canones
1483 1591 1574 1655 21,
1605 1592 1697 1654 22,
1723 1593 1814 1656 25,
1849 1593 1941 1648 23.

567 1687 662 1742 2l.
704 1686 780 1742 De
824 1686 1153 1742 mulieribus
1201 1703 1325 1756 quae
1372 1697 1502 1742 sunt
1543 1686 1849 1753 fornicatus,
1881 1696 2014 1753 ctc.,
2047 1698 2105 1742 ut

499 1798 619 1852 pag.
661 1779 791 1836 919.

569 1848 661 1927 22.
714 1872 788 1928 De
832 1872 1161 1930 voluntariis
1210 1873 1454 1930 caedibus
1484 1915 1500 1941 ,
1559 1874 1836 1944 Supplices
1880 1876 2102 1946 quidem
2140 1848 2189 1906 Β

501 1967 932 2022 subslernantur
970 1985 982 2021 :
1043 1981 1109 2022 eo
1139 1975 1323 2021 autem
1357 1967 1504 2037 quod
1539 1965 1844 2038 perfectum
1875 1977 1994 2037 est,
2048 1970 2103 2025 in

501 2059 610 2114 line
639 2059 764 2114 vitae
796 2059 944 2130 digni
981 2060 1314 2115 habeantur.

575 2152 665 2206 25.
714 2151 789 2206 De
819 2152 1206 2209 inroluntariis
1234 2153 1502 2218 caadibus,
1534 2154 1686 2224 prior
1711 2156 1932 2225 quidem
1965 2174 2102 2214 con-

503 2246 717 2301 stitutio
763 2246 925 2315 jubet
974 2245 1026 2298 in
1084 2247 1371 2315 septennio
1425 2261 1521 2315 per
1565 2248 1866 2316 praetinitos
1901 2251 2104 2320 gradus

501 2352 625 2393 esse
662 2338 888 2408 perfecti
923 2340 1260 2411 participes:
1295 2341 1539 2396 secunda
1572 2355 1703 2397 vero
1726 2380 1740 2407 ,
1788 2344 2104 2414 quinquen-

503 2431 658 2486 nium
696 2432 946 2502 implere.

573 2524 664 2578 25.
706 2523 938 2592 Quidam
971 2525 1058 2581 cui
1090 2534 1209 2581 erat
1249 2527 1432 2597 puella
1479 2530 1830 2600 desponsata,
1875 2542 2008 2598 ctc.,
2046 2540 2103 2585 ut

501 2633 627 2687 pag.
666 2616 789 2672 786.

575 2711 770 2766 Basilii
806 2729 1032 2768 canones
1071 2712 1124 2777 7,
1159 2712 1215 2779 8,
1250 2712 1341 2780 11,
1371 2713 1459 2781 i3,
1501 2714 1593 2780 55,
1627 2715 1721 2781 45,
1755 2714 1847 2783 52,
1879 2716 1970 2780 54,
2012 2716 2105 2781 56,

504 2802 595 2868 55,
637 2804 725 2868 56,
760 2804 853 2859 57.

580 2895 642 2949 7.
684 2894 1060 2952 Masculorum
1099 2903 1154 2952 et
1188 2896 1512 2954 animalium
1554 2907 1936 2970 corruptores,
1968 2909 2104 2966 ctc.,

505 2997 563 3040 ut
594 3003 718 3057 pag.
757 2987 886 3044 9H.

580 3082 634 3133 8.
677 3079 782 3146 Qui
811 3081 881 3134 ob
909 3080 1255 3136 iracundiam
1304 3083 1488 3139 securi
1542 3084 1810 3142 adversus
1853 3103 2106 3156 uxorem,

504 3181 638 3236 ctc.,
671 3182 728 3225 ut
752 3187 872 3242 pag.
907 3173 1033 3228 922.

581 3268 670 3322 11.
703 3265 808 3333 Qui
855 3277 1038 3322 autem
1083 3268 1515 3324 involuntariam
1549 3269 1754 3326 czcdem
1793 3270 1946 3336 fecit,
1999 3289 2106 3326 un-

506 3359 686 3414 decim
723 3374 997 3414 annorum
1056 3363 1237 3432 spatio
1293 3364 1749 3435 abundejudicio
1805 3367 2102 3424 satisfecit.

510 3451 646 3506 Nam
713 3453 886 3508 dubio
933 3455 1147 3525 procul,
1197 3472 1326 3526 erga
1378 3473 1475 3514 eos
1528 3461 1620 3529 qui
1676 3463 1921 3531 percussi
1958 3471 2109 3528 sunt,

510 3544 717 3616 Moysis
745 3549 1064 3617 pl‘acscripla
1086 3550 1532 3616 observabimus,
1561 3567 1627 3607 ac
1657 3569 1783 3608 eum
1816 3556 1910 3624 qui
1940 3555 2110 3609 decu-

511 3636 633 3690 buit
659 3636 880 3706 quidem
917 3646 1036 3705 post
1081 3647 1338 3710 acceptas
1375 3641 1588 3710 plagas,
1638 3643 1733 3695 sed
1779 3643 1976 3696 iterum
2006 3643 2107 3696 ba-

509 3727 636 3783 culo
666 3744 768 3782 suo
812 3729 1038 3784 innixus
1086 3709 1410 3797 ambulavit,
1465 3749 1575 3786 non
1631 3735 1984 3790 concedimus
2027 3750 2114 3790 oc-

512 3821 692 3877 cisum
733 3820 926 3877 fuisse.
964 3821 1056 3876 Sin
1102 3833 1285 3877 autem
1335 3840 1443 3879 non
1476 3826 1714 3880 surrexit
1750 3838 1873 3896 post
1901 3826 2112 3896 plagas,

513 3915 643 3986 quia
666 3927 846 3970 tamen
877 3931 988 3971 non
1037 3916 1211 3971 voluit
1243 3918 1495 3974 occidere
1525 3919 1572 3975 is
1603 3922 1694 3990 qui
1732 3923 1982 3990 perculit,
2015 3923 2120 3976 lio-

515 4008 720 4063 micida
756 4009 980 4079 quidem
1007 4019 1112 4076 est,
1156 4011 1251 4067 sed
1296 4011 1706 4068 iuvoluntarius
1736 4025 1961 4086 propter
1989 4032 2114 4086 pro-

515 4102 781 4172 positum.

592 4195 681 4248 15.
712 4193 905 4249 Caedes
944 4196 999 4249 in
1034 4193 1190 4250 bellis
1238 4193 1408 4250 laetas
1445 4206 1630 4267 patres
1667 4197 1839 4252 nostri
1887 4214 1983 4268 pro
2015 4215 2119 4252 ezc~

519 4285 682 4340 dibus
708 4301 812 4342 non
852 4287 1130 4354 habuere;
1164 4287 1290 4352 illis,
1324 4297 1381 4342 ut
1406 4289 1540 4342 mibi
1577 4290 1812 4351 videtur,
1836 4297 1926 4360 qui
1952 4290 2118 4362 477

522 4394 626 4450 pro
653 4379 916 4449 pudicitia
947 4395 1011 4434 ac
1036 4381 1245 4450 pietate
1276 4391 1542 4451 pugnant,
1582 4381 1952 4451 ignosceutes.
1987 4379 2124 4435 For-

525 4481 678 4527 tasse
709 4482 898 4528 tamen
958 4483 1105 4530 ret-te
1144 4474 1485 4536 suadebitur,
1519 4483 1578 4528 ut
1617 4474 1721 4542 ipsi
1769 4490 1892 4528 cum
1927 4490 2125 4530 manus

2627 675 2882 729 Βασιλεί
2885 691 2956 728 ου
2993 673 3196 728 κανὼν
3227 673 3264 739 ξ
3268 673 3334 741 γ’.

2273 768 2376 837 ξγ’.
2419 767 2476 822 '0
2502 770 2560 821 ἐν
2583 768 2802 834 ἀλόγοις
2825 767 2924 840 τὴν
2945 766 3143 820 ἐαυτοῦ
3159 767 3414 820 ἀσέϐειαν
3432 763 3826 836 ἐξαγορεύων,

2201 859 2296 914 τὸν
2330 859 2496 914 αὐτὸν
2541 859 2700 929 λόγον
2727 859 3226 930 ἐξομολογούμενος
3272 858 3778 930 παραφυλάξεται.

2535 952 2872 1021 Γρηγορίου
2905 954 3166 1019 Νύσσης
3190 969 3326 1021 περ.
3357 951 3429 1020 γ’.

2275 1041 2344 1112 γ’.
2372 1043 2496 1097 Τῶν
2520 1044 2577 1098 δὲ
2607 1045 2676 1098 δι’
2702 1045 2999 1115 ἐπιθυμίαν
3025 1062 3083 1098 τε
3107 1048 3201 1100 καὶ
3231 1047 3430 1118 ἡδονὴν
3491 1045 3832 1117 γινομένων

2209 1137 2656 1208 ἁμαρτημάτων,
2689 1156 2742 1192 κ.
2777 1156 2828 1193 τ.
2855 1139 2904 1190 λ.

2280 1231 2534 1286 ΚΕΦΑΛ.
2568 1228 2644 1286 Γ¹.
2673 1263 2746 1272 —
2777 1232 2917 1300 Περὶ
2957 1232 3195 1301 φονέων
3229 1233 3328 1286 καὶ
3359 1233 3643 1302 λῃστῶν.

2633 1324 3016 1378 Ἀποστόλων
3036 1323 3242 1378 κανὼν
3277 1323 3385 1392 ξς’.

2286 1415 2392 1483 Eg’.
2422 1417 2491 1470 Εί
2510 1435 2592 1482 τις
2624 1417 2886 1488 κληρικὸς
2909 1419 2967 1470 ἐν
2999 1417 3150 1490 μάχῃ
3180 1419 3304 1472 τινὰ
3335 1418 3579 1490 κρούσει,
3603 1438 3666 1475 κ.
3694 1437 3750 1474 τ.
3781 1417 3837 1474 λ.

2307 1594 2581 1650 Συνόὸου
2624 1596 2919 1665 Ἀγκύρας
2955 1595 3162 1650 κανὼν
3189 1603 3296 1661 κα’,
3330 1594 3435 1666 κβ’,
3469 1596 3576 1666 κγ’,
3606 1597 3721 1653 κε’.

2286 1684 2395 1741 κα’.
2430 1687 2567 1757 Περὶ
2606 1685 2716 1739 τῶν
2755 1685 3037 1756 γυναικῶν
3059 1686 3172 1740 τῶν
3225 1688 3686 1760 ἐκπορνευουσῶν
3736 1689 3838 1744 καὶ

2217 1778 2559 1849 ἀναιρουσῶν
2583 1779 2652 1832 τά
2683 1777 3003 1848 γεννώμενα
3036 1796 3090 1832 κ.
3123 1797 3177 1834 τ.
3208 1779 3259 1834 λ.

2295 1870 2399 1943 κβ’.
2425 1871 2563 1943 Περὶ
2587 1871 2854 1925 ἑκουσίων
2927 1873 3129 1943 φόνων,
3163 1873 3629 1929 ὑποπιπτέτωσαν
3667 1875 3775 1946 μέν
3819 1891 3834 1905 ·

2216 1963 2309 2018 τοῦ
2340 1963 2398 2018 δὲ
2423 1963 2654 2032 τελείου,
2681 1964 2742 2019 ἐν
2771 1963 2851 2036 τῷ
2871 1963 3020 2018 τέλει
3049 1963 3144 2019 τοῦ
3167 1965 3285 2036 βίου
3311 1966 3838 2034 καταξιούσθωσαν.

2286 2139 2393 2212 κγ’.
2441 2141 2567 2195 Ἐπὶ
2595 2141 2870 2196 ἀκουσίων
2923 2143 3104 2213 φόνων
3141 2143 3169 2196 ὁ
3202 2142 3301 2214 μὲν
3354 2142 3626 2215 πρότερος
3683 2143 3838 2215 ὄρος,

2218 2236 2277 2288 ἐν
2313 2235 2579 2305 ἐπταετίᾳ
2639 2234 2855 2288 κελεύει
2908 2233 3004 2288 τοῦ
3067 2236 3279 2289 τελείου
3335 2238 3632 2308 μετασχεῖν
3689 2235 3838 2289 κατά

2213 2330 2344 2393 τοὺς
2371 2328 2716 2401 ὡρισμένους
2779 2329 3026 2401 βαθμούς
3051 2347 3064 2362 ο
3094 2331 3125 2384 ὁ
3153 2329 3212 2384 δέ
3244 2329 3519 2402 δεύτερος,
3563 2328 3666 2383 τὸν
3703 2345 3838 2382 πεν-

2215 2423 2382 2492 ταετῆ
2417 2422 2614 2494 χρόνον
2646 2423 2958 2494 πληρῶσαι.

2290 2512 2390 2570 κε’.
2409 2516 2910 2588 Μνηστευσάμενός
2936 2532 3020 2580 τις
3054 2515 3246 2589 κόρην,
3282 2533 3339 2570 κ.
3372 2534 3423 2570 τ.
3443 2516 3494 2574 λ.

2293 2697 2619 2752 Βασιλείου
2649 2697 2852 2752 κανὼν
2874 2696 2942 2762 ζ’,
2970 2705 3046 2770 η’,
3077 2696 3170 2763 ια’,
3199 2700 3288 2768 ιγ’,
3317 2697 3422 2770 λγ’,
3451 2698 3564 2772 μγ¹,
3596 2698 3712 2771 νβ’,
3739 2697 3833 2765 νδ’,

2217 2807 2277 2844 νε
2298 2831 2313 2856 ,
2347 2789 2457 2857 νς’,
2491 2789 2588 2856 νζ.

2293 2882 2359 2950 ξ’.
2408 2884 2852 2956 Ἀρρινοφθάροι,
2913 2885 3010 2938 καὶ
3065 2884 3399 2957 ζωοφοόροι.
3465 2888 3558 2939 καὶ
3625 2888 3832 2956 φανεῖεν

2219 2997 2274 3033 κ.
2312 2995 2362 3033 τ.
2393 2977 2447 3034 λ.

2257 3070 2328 3144 η’.
2375 3071 2432 3126 '0
2453 3070 2614 3146 ἀξίνῃ
2638 3069 2789 3143 παρά
2814 3070 2906 3125 τὸν
2940 3069 3134 3143 θυμὸν,
3163 3088 3219 3127 κ.
3245 3089 3297 3126 τ.
3324 3071 3377 3128 λ.

2306 3254 2397 3311 ια’.
2435 3259 2496 3310 '0
2528 3256 2586 3310 δέ
2615 3257 2706 3310 τὸν
2744 3257 3003 3311 ἀκούσιον
3069 3258 3314 3328 ποιήσας
3367 3256 3547 3327 φόνον,
3593 3256 3834 3330 ἀρκούνδ

2227 3365 2336 3412 τως
2361 3349 2712 3422 ἐξεπλήρωσε
2745 3352 2846 3421 τὴν
2871 3350 3028 3422 δίκην
3047 3351 3106 3403 ἐν
3133 3353 3248 3414 τοῖς
3277 3349 3472 3404 ’ἐνδεκα
3512 3350 3664 3404 ἔτεσι
3687 3366 3701 3381 ο
3735 3351 3829 3418 δῆ-

2233 3441 2323 3495 λον
2346 3443 2456 3514 γὰρ
2485 3443 2567 3496 ὅτι
2597 3443 2689 3497 ἐπὶ
2738 3443 2849 3498 τῶν
2879 3443 3203 3513 πληγέντων
3232 3443 3300 3496 τὰ
3329 3443 3608 3506 Μωῦσέως
3645 3458 3828 3511 παρα·

2229 3539 2582 3607 τηρήσομενσ
2643 3538 2739 3590 καὶ
2790 3538 2882 3591 τὸν
2954 3537 3357 3591 κατακλιθέντα
3411 3537 3508 3603 μὲν
3561 3536 3672 3589 ὑπὸ
3725 3533 3832 3586 τῶν

2235 3629 2463 3698 πληγῶν
2493 3630 2557 3695 ἃς
2595 3631 2778 3696 ἔλαϐε,
2821 3631 3120 3702 βαδίσαντα
3147 3631 3206 3685 δὲ
3235 3631 3395 3686 πάλιν
3425 3633 3516 3684 ἐπὶ
3551 3634 3616 3702 τῇ
3653 3630 3830 3702 ῥάϐδῳ

2236 3723 2458 3788 ἑαυτοῦ,
2499 3725 2559 3777 οὐ
2593 3724 2924 3796 λογισόμεθα
2959 3725 3348 3793 πεφονεῦσθαι.
3399 3726 3461 3778 Εἰ
3503 3724 3559 3778 δὲ
3584 3725 3682 3777 καὶ
3733 3723 3829 3776 οὐκ

2244 3815 2510 3887 ἐξανέστη
2542 3817 2679 3886 μετὰ
2696 3817 2796 3881 τὰς
2829 3819 3069 3890 πληγὰς,
3112 3819 3231 3873 ἀλλ’
3246 3814 3340 3872 οὖν
3370 3816 3448 3887 τῷ
3481 3819 3556 3888 μὴ
3605 3815 3828 3888 ττροελέ⁹

2239 3909 2367 3963 σθαι
2417 3910 2580 3965 αὐτὸν
2613 3912 2825 3965 ἀνελεῖν
2850 3912 2879 3964 ὁ
2927 3912 3236 3983 τυπτήσας,
3290 3909 3553 3981 φονευτὴς
3591 3910 3694 3983 μὲν
3719 3905 3829 3964 ἀλλ’

2239 4003 2502 4067 ἀκούσιος
2535 4003 2626 4058 διὰ
2652 4003 2751 4076 τὴν
2789 4004 3074 4076 πρόθεσιν.

2315 4186 2404 4257 ιγ’.
2439 4190 2580 4254 Τοὺς
2617 4191 2676 4243 ἐν
2705 4188 2967 4258 πολέμοις
3031 4188 3228 4260 φόνους
3259 4187 3309 4241 oi
3367 4185 3606 4259 πατέρες
3657 4183 3825 4258 ἡμῶν,

2241 4286 2299 4338 ἐν
2325 4286 2438 4349 τοῖς
2465 4285 2648 4354 φόνοις
2681 4285 2780 4339 οὐκ
2803 4284 3140 4354 ἐλογίσαντο,
3188 4285 3313 4354 ἐμοὶ
3365 4283 3516 4337 δοκεῖ
3578 4280 3819 4351 συγγνώη

2246 4396 2356 4449 μην
2407 4377 2590 4441 δόντες
2638 4380 2753 4443 τοῖς
2823 4378 2966 4448 ὑπὲρ
3017 4377 3387 4450 σωφροσύνης
3440 4372 3827 4434 καὶεὺσεϐείας

2243 4471 2615 4543 ἀμυνομένοις
2639 4487 2653 4501 ’
2687 4472 2830 4543 τάχα
2859 4470 2918 4524 δὲ
2954 4471 3138 4535 καλῶς
3191 4470 3306 4542 ἔχει
3347 4467 3739 4540 συμϐουλεύειν
3757 4463 3824 4524 ὡς

525 4579 718 4617 eorum
747 4580 897 4634 purae
925 4579 1033 4618 non
1070 4566 1201 4630 sint,
1249 4581 1346 4635 per
1395 4574 1508 4621 tres
1543 4580 1721 4620 annos
1763 4581 1793 4618 a
1829 4565 1947 4620 sola
1978 4583 2120 4621 com-

2241 4566 2339 4627 τὰς
2363 4566 2550 4635 χεῖρας
2575 4564 2650 4636 μὴ
2695 4563 2997 4636 καθαροὺς,
3041 4563 3210 4635 τριῶν
3240 4562 3379 4616 ἐτῶν
3413 4562 3518 4634 τῆς
3548 4557 3823 4615 κοινωνίας

530 4658 800 4711 munione
837 4657 1176 4711 abstineant.

601 4747 690 4801 55.
731 4745 925 4802 Mulier
960 4763 1083 4818 qua:
1116 4749 1170 4803 in
1202 4748 1286 4802 via
1333 4750 1568 4820 peperit,
1612 4758 1667 4804 et
1721 4747 1866 4804 fetus
1914 4748 1998 4805 sui
2042 4765 2139 4805 cu-

530 4855 650 4895 rant
680 4855 788 4894 non
827 4842 1090 4913 suscepit,
1117 4842 1286 4898 czcdis
1323 4844 1544 4898 crimini
1577 4845 1931 4915 subjiciatur.

605 5019 697 5072 45.
733 5017 835 5082 Qui
872 5017 1066 5071 mortis
1117 5019 1286 5072 ictum
1338 5018 1487 5073 dedit
1517 5019 1798 5089 proximo,
1831 5029 1916 5075 est
1965 5019 2140 5074 ltomi-

536 5109 681 5172 cida,
709 5112 826 5164 sive
848 5120 1131 5178 percutere
1165 5111 1389 5182 incepit,
1416 5113 1533 5166 sive
1561 5113 1708 5167 uitus
1743 5123 1848 5168 est.

611 5202 702 5257 52.
737 5202 871 5269 Qua:
900 5201 1072 5256 fetum
1107 5202 1160 5256 in
1215 5205 1304 5257 via
1341 5205 1547 5258 editum
1592 5205 1876 5275 neglexit,
1912 5211 2048 5272 ctc.,
2083 5212 2140 5257 ut

540 5311 664 5366 pag.
696 5294 822 5350 922.

615 5408 704 5464 54.
748 5408 1256 5464 lnvolunlariarum
1289 5410 1520 5466 cmdium
1548 5410 1869 5465 discrimina
1906 5410 2023 5466 scio
2054 5425 2143 5466 me

539 5514 666 5559 ante
721 5515 942 5574 tempus
994 5504 1182 5573 pietati
1218 5514 1325 5559 tua:
1374 5521 1475 5575 pro
1511 5504 1724 5560 viribus
1755 5505 2137 5575 descripsisse,

539 5613 717 5669 neque
746 5597 834 5652 bis
874 5596 1108 5668 amplius
1151 5598 1453 5669 quidquam
1491 5599 1676 5653 dicere
1707 5614 1882 5665 queo;
1925 5607 2010 5654 est
2035 5615 2140 5653 au-

538 5697 648 5743 tem
709 5701 816 5743 tum
864 5690 1187 5759 prudentiae,
1253 5707 1352 5760 pro
1411 5706 1579 5746 casus
1623 5690 1895 5762 cujusque
1927 5691 2141 5748 ratione

540 5795 731 5849 poenas
766 5781 1075 5850 intendere,
1102 5791 1198 5838 aut
1226 5783 1390 5838 etiam
1427 5785 1731 5842 remittere,
1891 5781 1917 5848 _'
1943 5781 1956 5786 “
2088 5777 2124 5787 "

2246 4658 2416 4728 μόνης
2448 4658 2774 4728 ἀπέχεσθαι.

2313 4745 2415 4816 )·Υό
2458 4749 2523 4802 Ἦ
2548 4747 2686 4818 γυνὴ
2709 4750 2741 4818 ἡ
2767 4747 2856 4800 διὰ
2911 4749 3007 4818 τῆς
3044 4747 3164 4801 ὁδοῦ
3197 4749 3472 4821 κυήσασα.
3507 4747 3604 4803 καὶ
3634 4743 3826 4819 ἀμελή-

2244 4858 2387 4894 σασα
2419 4841 2512 4894 τοῦ
2539 4843 2846 4912 κυήματος,
2880 4841 2958 4912 τῷ
2990 4840 3086 4894 τοῦ
3145 4841 3309 4911 φόνου
3336 4843 3648 4913 ἐγκλήματι
3701 4840 3826 4892 ὑπο·

2245 4933 2468 4987 κείσθω.

2318 5025 2435 5096 μγ’.
2488 5027 2586 5091 Ὃς
2630 5027 2865 5080 θανάτου
2940 5027 3160 5098 πληγὴν
3221 5028 3300 5100 τῷ
3367 5027 3600 5100 πλησίον
3644 5026 3822 5085 ἔδωκε,

2246 5120 2442 5192 φονεύς
2464 5121 2635 5188 ἐστιν,
2665 5121 2776 5174 εἴτε
2800 5115 2936 5192 ἦρξε
2966 5121 3068 5190 τῆς
3090 5120 3330 5193 πλῆγης,
3367 5121 3478 5175 είτε
3509 5119 3771 5192 ἠμύνατο.

2317 5210 2416 5284 νβ’.
2464 5212 2528 5266 Ἡ
2560 5212 2657 5266 τοῦ
2697 5213 2985 5284 κυήματος
3018 5212 3163 5267 κατά
3201 5213 3299 5284 τὴν
3332 5212 3452 5266 ὁδὸν
3484 5212 3818 5284 ἁμελήσασα,

2245 5326 2301 5362 κ.
2325 5324 2378 5363 τ.
2409 5307 2460 5364 λ.

2320 5418 2416 5476 νδ’,
2450 5423 2563 5486 Τὰς
2613 5422 2724 5476 τῶν
2764 5421 3041 5477 ἀκουσίων
3075 5421 3170 5475 καὶ
3224 5421 3490 5474 ἑκουσίων
3550 5415 3821 5490 διαφορὰς»

2247 5511 2356 5583 πρὸ
2389 5512 2586 5583 χρόνου
2617 5508 2736 5566 οῖδα
2764 5511 3080 5576 ἐπιστείλας
3135 5515 3202 5582 τῇ
3247 5511 3530 5582 θεοσεϐείᾳ
3560 5527 3676 5578 σου,
3700 5504 3824 5562 κατᾶ

2245 5605 2306 5658 τὸ
2337 5606 2462 5675 ἐμοὶ
2522 5605 2772 5670 δυνατὸν,
2807 5605 2904 5658 καὶ
2960 5605 3125 5657 πλέον
3174 5605 3403 5657 ἐκείνων
3462 5605 3613 5658 οὐδὲν
3666 5599 3822 5654 εἰπεῖν

2246 5698 2485 5768 δύναμαι
2516 5714 2527 5728 °
2553 5699 2650 5769 τῆς
2677 5698 2736 5751 δὲ
2769 5699 2869 5767 σῆς
2902 5696 3172 5760 συνέσεώς
3224 5699 3343 5750 ἐστι
3382 5696 3524 5749 κατά
3554 5695 3615 5750 τὸ
3648 5694 3822 5759 ἰδίωμα

2249 5792 2467 5859 ὑφιέναι
2484 5788 2584 5859 τῆς
2606 5789 3002 5862 περιστάσεως,
3023 5786 3316 5842 ἐπιτείνειν
3343 5788 3408 5841 τὰ
3421 5781 3721 5856 ἐπιτίμιαῆ
3743 5774 3823 5832 καιὶ

2151 5914 2158 5925 -
2251 5883 2488 5955 ὑφιέναι.
