  <div class='ocr_page' id='page_1' title='image "/cluster/home/n/w/nwhite01/storage/ocr_20150623/104:no.4/coo.31924054870088/496.png"; bbox 0 0 4146 6428; ppageno 0'>
   <div class='ocr_carea' id='block_1_1' title="bbox 344 390 462 454">
    <p class='ocr_par' dir='ltr' id='par_1_1' title="bbox 344 390 462 454">
     <span class='ocr_line' id='line_1_1' title="bbox 344 390 462 454; baseline 0 0"><span class='ocrx_word' id='word_1_1' title='bbox 344 390 462 454; x_wconf 76' lang='lat'><strong>973</strong></span> 
     </span>
    </p>
   </div>
   <div class='ocr_carea' id='block_1_2' title="bbox 423 485 2028 569">
    <p class='ocr_par' dir='ltr' id='par_1_2' title="bbox 423 485 2028 569">
     <span class='ocr_line' id='line_1_2' title="bbox 423 485 2028 569; baseline -0.015 -12"><span class='ocrx_word' id='word_1_2' title='bbox 423 499 521 557; x_wconf 88' lang='grc' dir='ltr'>νε’.</span> <span class='ocrx_word' id='word_1_3' title='bbox 549 500 612 554; x_wconf 79' lang='lat' dir='ltr'><strong>Oi</strong></span> <span class='ocrx_word' id='word_1_4' title='bbox 638 498 751 562; x_wconf 82' lang='grc' dir='ltr'>τοῖς</span> <span class='ocrx_word' id='word_1_5' title='bbox 781 494 1010 569; x_wconf 70' lang='grc' dir='ltr'>λῃσταῖς</span> <span class='ocrx_word' id='word_1_6' title='bbox 1039 488 1473 555; x_wconf 80' lang='grc' dir='ltr'>ἀντεπεξιόντες,</span> <span class='ocrx_word' id='word_1_7' title='bbox 1507 504 1560 540; x_wconf 89' lang='grc' dir='ltr'>κ.</span> <span class='ocrx_word' id='word_1_8' title='bbox 1584 504 1636 540; x_wconf 88' lang='grc' dir='ltr'>τ.</span> <span class='ocrx_word' id='word_1_9' title='bbox 1667 485 1718 538; x_wconf 76' lang='grc' dir='ltr'><strong>λ.</strong></span> <span class='ocrx_word' id='word_1_10' title='bbox 1982 490 2028 542; x_wconf 82' lang='grc' dir='ltr'>Α</span> 
     </span>
    </p>
   </div>
   <div class='ocr_carea' id='block_1_3' title="bbox 426 576 1952 660">
    <p class='ocr_par' dir='ltr' id='par_1_3' title="bbox 426 576 1952 660">
     <span class='ocr_line' id='line_1_3' title="bbox 426 576 1952 660; baseline -0.016 -10"><span class='ocrx_word' id='word_1_11' title='bbox 426 592 540 660; x_wconf 84' lang='grc' dir='ltr'>νς’.</span> <span class='ocrx_word' id='word_1_12' title='bbox 589 592 648 646; x_wconf 86' lang='lat'><strong>&#39;0</strong></span> <span class='ocrx_word' id='word_1_13' title='bbox 675 589 939 650; x_wconf 80' lang='grc' dir='ltr'><strong>ἑκουσίως</strong></span> <span class='ocrx_word' id='word_1_14' title='bbox 970 583 1261 655; x_wconf 81' lang='grc' dir='ltr'><strong>φονεύσας,</strong></span> <span class='ocrx_word' id='word_1_15' title='bbox 1301 578 1442 652; x_wconf 84' lang='grc' dir='ltr'>μετὰ</span> <span class='ocrx_word' id='word_1_16' title='bbox 1469 578 1526 632; x_wconf 85' lang='grc' dir='ltr'>δὲ</span> <span class='ocrx_word' id='word_1_17' title='bbox 1577 576 1737 631; x_wconf 78' lang='grc' dir='ltr'>τοῦτο</span> <span class='ocrx_word' id='word_1_18' title='bbox 1783 591 1952 646; x_wconf 83' lang='grc' dir='ltr'>μετα-</span> 
     </span>
    </p>
   </div>
   <div class='ocr_carea' id='block_1_4' title="bbox 354 667 1955 758">
    <p class='ocr_par' dir='ltr' id='par_1_4' title="bbox 354 667 1955 758">
     <span class='ocr_line' id='line_1_4' title="bbox 354 667 1955 758; baseline -0.014 -17"><span class='ocrx_word' id='word_1_19' title='bbox 354 685 642 758; x_wconf 70' lang='grc' dir='ltr'>μεληθεὶς,</span> <span class='ocrx_word' id='word_1_20' title='bbox 673 683 849 736; x_wconf 83' lang='grc' dir='ltr'>εἰκοσι</span> <span class='ocrx_word' id='word_1_21' title='bbox 874 677 1020 732; x_wconf 81' lang='grc' dir='ltr'>ἔτεσι</span> <span class='ocrx_word' id='word_1_22' title='bbox 1041 673 1413 745; x_wconf 77' lang='grc' dir='ltr'><strong>ἀκοινώνητος</strong></span> <span class='ocrx_word' id='word_1_23' title='bbox 1462 670 1616 724; x_wconf 74' lang='grc' dir='ltr'>ἔσται</span> <span class='ocrx_word' id='word_1_24' title='bbox 1655 671 1768 731; x_wconf 85' lang='grc' dir='ltr'>τοῖς</span> <span class='ocrx_word' id='word_1_25' title='bbox 1799 667 1955 736; x_wconf 79' lang='grc' dir='ltr'>ἁγιά-</span> 
     </span>
    </p>
   </div>
   <div class='ocr_carea' id='block_1_5' title="bbox 354 761 1953 848">
    <p class='ocr_par' dir='ltr' id='par_1_5' title="bbox 354 761 1953 848">
     <span class='ocr_line' id='line_1_5' title="bbox 354 761 1953 848; baseline -0.013 -17"><span class='ocrx_word' id='word_1_26' title='bbox 354 795 534 848; x_wconf 82' lang='grc' dir='ltr'>σμασι</span> <span class='ocrx_word' id='word_1_27' title='bbox 562 794 575 806; x_wconf 90' lang='grc'><strong>·</strong></span> <span class='ocrx_word' id='word_1_28' title='bbox 599 775 668 829; x_wconf 84' lang='grc' dir='ltr'>τὰ</span> <span class='ocrx_word' id='word_1_29' title='bbox 696 774 754 827; x_wconf 76' lang='grc' dir='ltr'><strong>δὲ</strong></span> <span class='ocrx_word' id='word_1_30' title='bbox 786 771 962 825; x_wconf 76' lang='grc' dir='ltr'>εἴκοσι</span> <span class='ocrx_word' id='word_1_31' title='bbox 987 769 1082 840; x_wconf 79' lang='grc' dir='ltr'><strong>ἔτη</strong></span> <span class='ocrx_word' id='word_1_32' title='bbox 1117 765 1294 829; x_wconf 76' lang='grc' dir='ltr'>οὕτως</span> <span class='ocrx_word' id='word_1_33' title='bbox 1347 761 1840 834; x_wconf 81' lang='grc' dir='ltr'>οἰκονομηθήσεται</span> <span class='ocrx_word' id='word_1_34' title='bbox 1867 761 1953 811; x_wconf 76' lang='grc' dir='ltr'><strong>ἐπ’</strong></span> 
     </span>
    </p>
   </div>
   <div class='ocr_carea' id='block_1_6' title="bbox 351 850 1957 939">
    <p class='ocr_par' dir='ltr' id='par_1_6' title="bbox 351 850 1957 939">
     <span class='ocr_line' id='line_1_6' title="bbox 351 850 1957 939; baseline -0.013 -16"><span class='ocrx_word' id='word_1_35' title='bbox 351 869 532 939; x_wconf 83' lang='grc' dir='ltr'>αὐτῷ.</span> <span class='ocrx_word' id='word_1_36' title='bbox 567 867 656 920; x_wconf 85' lang='grc' dir='ltr'>Ἐν</span> <span class='ocrx_word' id='word_1_37' title='bbox 683 865 981 933; x_wconf 81' lang='grc' dir='ltr'><strong>τέσσαρσιν</strong></span> <span class='ocrx_word' id='word_1_38' title='bbox 1007 859 1155 913; x_wconf 74' lang='grc' dir='ltr'>ἔτεσι</span> <span class='ocrx_word' id='word_1_39' title='bbox 1203 854 1559 928; x_wconf 86' lang='grc' dir='ltr'>προσκλαίειν</span> <span class='ocrx_word' id='word_1_40' title='bbox 1587 851 1815 922; x_wconf 80' lang='grc' dir='ltr'><strong>ὀφείλει,</strong></span> <span class='ocrx_word' id='word_1_41' title='bbox 1851 850 1957 916; x_wconf 79' lang='grc' dir='ltr'><strong>ἔξω</strong></span> 
     </span>
    </p>
   </div>
   <div class='ocr_carea' id='block_1_7' title="bbox 366 944 1956 1032">
    <p class='ocr_par' dir='ltr' id='par_1_7' title="bbox 366 944 1956 1032">
     <span class='ocr_line' id='line_1_7' title="bbox 366 944 1956 1032; baseline -0.012 -18"><span class='ocrx_word' id='word_1_42' title='bbox 366 962 477 1031; x_wconf 75' lang='grc' dir='ltr'>’τῆς</span> <span class='ocrx_word' id='word_1_43' title='bbox 501 960 670 1032; x_wconf 85' lang='grc' dir='ltr'>θύρας</span> <span class='ocrx_word' id='word_1_44' title='bbox 692 959 866 1020; x_wconf 76' lang='grc' dir='ltr'>ἑστὼς</span> <span class='ocrx_word' id='word_1_45' title='bbox 896 952 992 1008; x_wconf 79' lang='grc' dir='ltr'>τοῦ</span> <span class='ocrx_word' id='word_1_46' title='bbox 1032 951 1325 1023; x_wconf 72' lang='grc' dir='ltr'>εὐκτηρίου</span> <span class='ocrx_word' id='word_1_47' title='bbox 1351 949 1523 1013; x_wconf 73' lang='grc' dir='ltr'>οἴκου,</span> <span class='ocrx_word' id='word_1_48' title='bbox 1558 945 1656 1001; x_wconf 69' lang='grc' dir='ltr'><strong>καὶ</strong></span> <span class='ocrx_word' id='word_1_49' title='bbox 1688 945 1797 997; x_wconf 78' lang='grc' dir='ltr'><strong>τῶν</strong></span> <span class='ocrx_word' id='word_1_50' title='bbox 1840 944 1956 996; x_wconf 81' lang='grc' dir='ltr'>εἰσ-</span> 
     </span>
    </p>
   </div>
   <div class='ocr_carea' id='block_1_8' title="bbox 355 1037 1957 1117">
    <p class='ocr_par' dir='ltr' id='par_1_8' title="bbox 355 1037 1957 1117">
     <span class='ocr_line' id='line_1_8' title="bbox 355 1037 1957 1117; baseline -0.012 -10"><span class='ocrx_word' id='word_1_51' title='bbox 355 1055 554 1108; x_wconf 76' lang='grc' dir='ltr'>ιόντων</span> <span class='ocrx_word' id='word_1_52' title='bbox 615 1050 828 1105; x_wconf 79' lang='grc' dir='ltr'><strong>πιστῶν</strong></span> <span class='ocrx_word' id='word_1_53' title='bbox 859 1048 1114 1117; x_wconf 79' lang='grc' dir='ltr'>δεόμενος</span> <span class='ocrx_word' id='word_1_54' title='bbox 1166 1043 1333 1115; x_wconf 70' lang='grc' dir='ltr'>εὐχὴν</span> <span class='ocrx_word' id='word_1_55' title='bbox 1361 1042 1502 1113; x_wconf 81' lang='grc' dir='ltr'>ὑπὲρ</span> <span class='ocrx_word' id='word_1_56' title='bbox 1563 1037 1730 1094; x_wconf 78' lang='grc' dir='ltr'>αὑτοῦ</span> <span class='ocrx_word' id='word_1_57' title='bbox 1786 1038 1957 1090; x_wconf 85' lang='grc' dir='ltr'>ποιεῖ-</span> 
     </span>
    </p>
   </div>
   <div class='ocr_carea' id='block_1_9' title="bbox 355 1129 1958 1215">
    <p class='ocr_par' dir='ltr' id='par_1_9' title="bbox 355 1129 1958 1215">
     <span class='ocr_line' id='line_1_9' title="bbox 355 1129 1958 1215; baseline -0.011 -17"><span class='ocrx_word' id='word_1_58' title='bbox 355 1147 508 1212; x_wconf 81' lang='grc' dir='ltr'>σθαι,</span> <span class='ocrx_word' id='word_1_59' title='bbox 547 1144 894 1215; x_wconf 78' lang='grc' dir='ltr'><strong>ἐξαγορεύων</strong></span> <span class='ocrx_word' id='word_1_60' title='bbox 942 1141 1044 1210; x_wconf 83' lang='grc' dir='ltr'><strong>τὴν</strong></span> <span class='ocrx_word' id='word_1_61' title='bbox 1104 1137 1238 1191; x_wconf 82' lang='grc' dir='ltr'>ἰδίαν</span> <span class='ocrx_word' id='word_1_62' title='bbox 1277 1133 1665 1206; x_wconf 80' lang='grc' dir='ltr'>παρανομίαν·</span> <span class='ocrx_word' id='word_1_63' title='bbox 1720 1130 1860 1198; x_wconf 76' lang='grc' dir='ltr'>μετὰ</span> <span class='ocrx_word' id='word_1_64' title='bbox 1901 1129 1958 1182; x_wconf 82' lang='grc' dir='ltr'>δὲ</span> 
     </span>
    </p>
   </div>
   <div class='ocr_carea' id='block_1_10' title="bbox 354 1221 1958 1309">
    <p class='ocr_par' dir='ltr' id='par_1_10' title="bbox 354 1221 1958 1309">
     <span class='ocr_line' id='line_1_10' title="bbox 354 1221 1958 1309; baseline -0.013 -16"><span class='ocrx_word' id='word_1_65' title='bbox 354 1241 606 1309; x_wconf 87' lang='grc' dir='ltr'>τέσσαρα</span> <span class='ocrx_word' id='word_1_66' title='bbox 638 1237 734 1309; x_wconf 82' lang='grc' dir='ltr'><strong>έτη</strong></span> <span class='ocrx_word' id='word_1_67' title='bbox 777 1237 858 1298; x_wconf 84' lang='grc' dir='ltr'>εἰς</span> <span class='ocrx_word' id='word_1_68' title='bbox 887 1233 1016 1296; x_wconf 77' lang='grc' dir='ltr'>τοὺς</span> <span class='ocrx_word' id='word_1_69' title='bbox 1065 1227 1456 1302; x_wconf 80' lang='grc' dir='ltr'>ἀκροωμένους</span> <span class='ocrx_word' id='word_1_70' title='bbox 1493 1223 1836 1296; x_wconf 79' lang='grc' dir='ltr'>δεχθήσεται.</span> <span class='ocrx_word' id='word_1_71' title='bbox 1865 1221 1958 1274; x_wconf 86' lang='grc' dir='ltr'>Ἐν</span> 
     </span>
    </p>
   </div>
   <div class='ocr_carea' id='block_1_11' title="bbox 355 1318 1960 1402">
    <p class='ocr_par' dir='ltr' id='par_1_11' title="bbox 355 1318 1960 1402">
     <span class='ocr_line' id='line_1_11' title="bbox 355 1318 1960 1402; baseline -0.013 -13"><span class='ocrx_word' id='word_1_72' title='bbox 355 1334 504 1389; x_wconf 76' lang='grc' dir='ltr'>ἑπτὰ</span> <span class='ocrx_word' id='word_1_73' title='bbox 545 1334 692 1386; x_wconf 77' lang='grc' dir='ltr'>ἔτεσι</span> <span class='ocrx_word' id='word_1_74' title='bbox 739 1329 880 1402; x_wconf 74' lang='grc' dir='ltr'>μετὰ</span> <span class='ocrx_word' id='word_1_75' title='bbox 919 1327 1030 1382; x_wconf 82' lang='grc' dir='ltr'>τῶν</span> <span class='ocrx_word' id='word_1_76' title='bbox 1060 1327 1120 1379; x_wconf 84' lang='grc' dir='ltr'>ὲν</span> <span class='ocrx_word' id='word_1_77' title='bbox 1152 1323 1470 1378; x_wconf 87' lang='grc' dir='ltr'>ὑποπτώσει</span> <span class='ocrx_word' id='word_1_78' title='bbox 1519 1318 1960 1390; x_wconf 74' lang='grc' dir='ltr'>προσευχόμενος</span> 
     </span>
    </p>
   </div>
   <div class='ocr_carea' id='block_1_12' title="bbox 355 1414 1958 1496">
    <p class='ocr_par' dir='ltr' id='par_1_12' title="bbox 355 1414 1958 1496">
     <span class='ocr_line' id='line_1_12' title="bbox 355 1414 1958 1496; baseline -0.014 -12"><span class='ocrx_word' id='word_1_79' title='bbox 355 1429 740 1496; x_wconf 75' lang='grc' dir='ltr'>ἐξελεύσεταιο</span> <span class='ocrx_word' id='word_1_80' title='bbox 772 1428 831 1479; x_wconf 75' lang='grc' dir='ltr'>ἐν</span> <span class='ocrx_word' id='word_1_81' title='bbox 855 1423 1122 1493; x_wconf 86' lang='grc' dir='ltr'>τέσσαρσι</span> <span class='ocrx_word' id='word_1_82' title='bbox 1156 1418 1487 1488; x_wconf 78' lang='grc' dir='ltr'><strong>συστήσεται</strong></span> <span class='ocrx_word' id='word_1_83' title='bbox 1525 1414 1687 1485; x_wconf 86' lang='grc' dir='ltr'>μόνον</span> <span class='ocrx_word' id='word_1_84' title='bbox 1723 1414 1833 1474; x_wconf 84' lang='grc' dir='ltr'>τοῖς</span> <span class='ocrx_word' id='word_1_85' title='bbox 1866 1427 1958 1463; x_wconf 83' lang='grc' dir='ltr'>πι-</span> 
     </span>
    </p>
   </div>
   <div class='ocr_carea' id='block_1_13' title="bbox 360 1503 1949 1591">
    <p class='ocr_par' dir='ltr' id='par_1_13' title="bbox 360 1503 1949 1591">
     <span class='ocr_line' id='line_1_13' title="bbox 360 1503 1949 1591; baseline -0.014 -13"><span class='ocrx_word' id='word_1_86' title='bbox 360 1526 533 1588; x_wconf 85' lang='grc' dir='ltr'>στοῖς,</span> <span class='ocrx_word' id='word_1_87' title='bbox 565 1519 886 1591; x_wconf 80' lang='grc' dir='ltr'>προσφορᾶς</span> <span class='ocrx_word' id='word_1_88' title='bbox 909 1516 966 1569; x_wconf 69' lang='grc' dir='ltr'>δὲ</span> <span class='ocrx_word' id='word_1_89' title='bbox 990 1515 1052 1568; x_wconf 83' lang='grc' dir='ltr'><strong>ού</strong></span> <span class='ocrx_word' id='word_1_90' title='bbox 1083 1511 1458 1583; x_wconf 78' lang='grc' dir='ltr'>μεταλήψεται</span> <span class='ocrx_word' id='word_1_91' title='bbox 1485 1523 1500 1536; x_wconf 90' lang='grc'><strong>·</strong></span> <span class='ocrx_word' id='word_1_92' title='bbox 1542 1503 1949 1577; x_wconf 78' lang='grc' dir='ltr'>πληρωθέντων</span> 
     </span>
    </p>
   </div>
   <div class='ocr_carea' id='block_1_14' title="bbox 355 1603 1493 1684">
    <p class='ocr_par' dir='ltr' id='par_1_14' title="bbox 355 1603 1493 1684">
     <span class='ocr_line' id='line_1_14' title="bbox 355 1603 1493 1684; baseline -0.015 -11"><span class='ocrx_word' id='word_1_93' title='bbox 355 1618 419 1673; x_wconf 83' lang='grc' dir='ltr'>δὲ</span> <span class='ocrx_word' id='word_1_94' title='bbox 451 1616 680 1680; x_wconf 90' lang='grc' dir='ltr'>τούτων,</span> <span class='ocrx_word' id='word_1_95' title='bbox 721 1610 941 1684; x_wconf 79' lang='grc' dir='ltr'>μεθέξει</span> <span class='ocrx_word' id='word_1_96' title='bbox 964 1609 1074 1662; x_wconf 83' lang='grc' dir='ltr'>τῶν</span> <span class='ocrx_word' id='word_1_97' title='bbox 1104 1603 1493 1676; x_wconf 84' lang='grc' dir='ltr'>ἁγιασμάτων.</span> 
     </span>
    </p>
   </div>
   <div class='ocr_carea' id='block_1_15' title="bbox 434 1782 1964 1862">
    <p class='ocr_par' dir='ltr' id='par_1_15' title="bbox 434 1782 1964 1862">
     <span class='ocr_line' id='line_1_15' title="bbox 434 1782 1964 1862; baseline -0.011 -11"><span class='ocrx_word' id='word_1_98' title='bbox 434 1796 534 1862; x_wconf 71' lang='grc' dir='ltr'>νζν.</span> <span class='ocrx_word' id='word_1_99' title='bbox 583 1794 644 1849; x_wconf 93' lang='lat'><strong>&#39;0</strong></span> <span class='ocrx_word' id='word_1_100' title='bbox 672 1793 947 1856; x_wconf 79' lang='grc' dir='ltr'>ἀκουσίως</span> <span class='ocrx_word' id='word_1_101' title='bbox 989 1789 1285 1862; x_wconf 81' lang='grc' dir='ltr'>φονεύσας,</span> <span class='ocrx_word' id='word_1_102' title='bbox 1335 1787 1394 1840; x_wconf 79' lang='grc' dir='ltr'>ἐν</span> <span class='ocrx_word' id='word_1_103' title='bbox 1433 1784 1568 1839; x_wconf 87' lang='grc' dir='ltr'>δέκα</span> <span class='ocrx_word' id='word_1_104' title='bbox 1602 1783 1780 1836; x_wconf 72' lang='grc' dir='ltr'>ἔτεσιν</span> <span class='ocrx_word' id='word_1_105' title='bbox 1813 1782 1964 1836; x_wconf 86' lang='grc' dir='ltr'>ἀκοι-</span> 
     </span>
    </p>
   </div>
   <div class='ocr_carea' id='block_1_16' title="bbox 1182 371 2826 446">
    <p class='ocr_par' dir='ltr' id='par_1_16' title="bbox 1182 371 2826 446">
     <span class='ocr_line' id='line_1_16' title="bbox 1182 371 2826 446; baseline -0.008 -5"><span class='ocrx_word' id='word_1_106' title='bbox 1182 378 1592 442; x_wconf 85' lang='lat' dir='ltr'><strong>SYNTAGMA</strong></span> <span class='ocrx_word' id='word_1_107' title='bbox 1630 374 2023 438; x_wconf 82' lang='lat' dir='ltr'><strong>CANONUM-</strong></span> <span class='ocrx_word' id='word_1_108' title='bbox 2051 398 2122 411; x_wconf 78' lang='lat'><strong>--</strong></span> <span class='ocrx_word' id='word_1_109' title='bbox 2149 372 2301 432; x_wconf 91' lang='lat' dir='ltr'><strong>TIT.</strong></span> <span class='ocrx_word' id='word_1_110' title='bbox 2345 372 2514 446; x_wconf 82' lang='lat' dir='ltr'><strong>XIV,</strong></span> <span class='ocrx_word' id='word_1_111' title='bbox 2561 372 2720 431; x_wconf 80' lang='lat' dir='ltr'><strong>CAP.</strong></span> <span class='ocrx_word' id='word_1_112' title='bbox 2760 371 2826 431; x_wconf 88' lang='lat' dir='ltr'><strong>V.</strong></span> 
     </span>
    </p>
   </div>
   <div class='ocr_carea' id='block_1_17' title="bbox 3551 365 3659 431">
    <p class='ocr_par' dir='ltr' id='par_1_17' title="bbox 3551 365 3659 431">
     <span class='ocr_line' id='line_1_17' title="bbox 3551 365 3659 431; baseline 0.009 -1"><span class='ocrx_word' id='word_1_113' title='bbox 3551 365 3659 431; x_wconf 68' lang='grc'><strong>974</strong></span> 
     </span>
    </p>
   </div>
   <div class='ocr_carea' id='block_1_18' title="bbox 2133 474 3294 544">
    <p class='ocr_par' dir='ltr' id='par_1_18' title="bbox 2133 474 3294 544">
     <span class='ocr_line' id='line_1_18' title="bbox 2133 474 3294 544; baseline -0.003 -11"><span class='ocrx_word' id='word_1_114' title='bbox 2133 478 2224 534; x_wconf 80' lang='lat'><strong>55.</strong></span> <span class='ocrx_word' id='word_1_115' title='bbox 2257 478 2361 544; x_wconf 99' lang='lat' dir='ltr'><strong>Qui</strong></span> <span class='ocrx_word' id='word_1_116' title='bbox 2391 479 2443 532; x_wconf 94' lang='lat' dir='ltr'><strong>in</strong></span> <span class='ocrx_word' id='word_1_117' title='bbox 2476 479 2746 540; x_wconf 75' lang='lat' dir='ltr'><strong>latrones,</strong></span> <span class='ocrx_word' id='word_1_118' title='bbox 2781 484 2892 531; x_wconf 86' lang='lat' dir='ltr'><strong>etc.</strong></span> <span class='ocrx_word' id='word_1_119' title='bbox 2923 484 2981 528; x_wconf 88' lang='lat' dir='ltr'><strong>ut</strong></span> <span class='ocrx_word' id='word_1_120' title='bbox 3011 491 3134 544; x_wconf 84' lang='lat' dir='ltr'><strong>pag.</strong></span> <span class='ocrx_word' id='word_1_121' title='bbox 3167 474 3294 531; x_wconf 72' lang='grc' dir='ltr'><strong>πο.</strong></span> 
     </span>
    </p>
   </div>
   <div class='ocr_carea' id='block_1_19' title="bbox 2136 565 3660 638">
    <p class='ocr_par' dir='ltr' id='par_1_19' title="bbox 2136 565 3660 638">
     <span class='ocr_line' id='line_1_19' title="bbox 2136 565 3660 638; baseline -0.001 -16"><span class='ocrx_word' id='word_1_122' title='bbox 2136 567 2224 622; x_wconf 79' lang='lat'><strong>56.</strong></span> <span class='ocrx_word' id='word_1_123' title='bbox 2258 567 2361 634; x_wconf 86' lang='lat' dir='ltr'><strong>Qui</strong></span> <span class='ocrx_word' id='word_1_124' title='bbox 2412 567 2720 621; x_wconf 82' lang='lat' dir='ltr'><strong>voluntarie</strong></span> <span class='ocrx_word' id='word_1_125' title='bbox 2763 565 3080 629; x_wconf 77' lang='lat' dir='ltr'><strong>interfecit,</strong></span> <span class='ocrx_word' id='word_1_126' title='bbox 3135 574 3190 620; x_wconf 89' lang='lat' dir='ltr'><strong>et</strong></span> <span class='ocrx_word' id='word_1_127' title='bbox 3243 576 3430 636; x_wconf 88' lang='lat' dir='ltr'><strong>postea</strong></span> <span class='ocrx_word' id='word_1_128' title='bbox 3479 570 3660 638; x_wconf 68' lang='lat' dir='ltr'><strong>pumi-</strong></span> 
     </span>
    </p>
   </div>
   <div class='ocr_carea' id='block_1_20' title="bbox 2068 657 3662 728">
    <p class='ocr_par' dir='ltr' id='par_1_20' title="bbox 2068 657 3662 728">
     <span class='ocr_line' id='line_1_20' title="bbox 2068 657 3662 728; baseline 0.001 -15"><span class='ocrx_word' id='word_1_129' title='bbox 2068 661 2297 716; x_wconf 88' lang='lat' dir='ltr'><strong>tentiam</strong></span> <span class='ocrx_word' id='word_1_130' title='bbox 2341 660 2543 714; x_wconf 89' lang='lat' dir='ltr'><strong>doctus</strong></span> <span class='ocrx_word' id='word_1_131' title='bbox 2593 669 2700 725; x_wconf 91' lang='lat' dir='ltr'><strong>cst,</strong></span> <span class='ocrx_word' id='word_1_132' title='bbox 2749 657 2913 712; x_wconf 90' lang='lat' dir='ltr'><strong>annis</strong></span> <span class='ocrx_word' id='word_1_133' title='bbox 2951 657 3142 728; x_wconf 81' lang='lat' dir='ltr'><strong>viginti</strong></span> <span class='ocrx_word' id='word_1_134' title='bbox 3189 669 3662 715; x_wconf 82' lang='lat' dir='ltr'><strong>sacramentorum</strong></span> 
     </span>
    </p>
   </div>
   <div class='ocr_carea' id='block_1_21' title="bbox 2067 749 3662 822">
    <p class='ocr_par' dir='ltr' id='par_1_21' title="bbox 2067 749 3662 822">
     <span class='ocr_line' id='line_1_21' title="bbox 2067 749 3662 822; baseline 0 -16"><span class='ocrx_word' id='word_1_135' title='bbox 2067 768 2177 806; x_wconf 91' lang='lat' dir='ltr'><strong>non</strong></span> <span class='ocrx_word' id='word_1_136' title='bbox 2224 753 2330 806; x_wconf 86' lang='lat' dir='ltr'><strong>erit</strong></span> <span class='ocrx_word' id='word_1_137' title='bbox 2368 753 2666 822; x_wconf 84' lang='lat' dir='ltr'><strong>particeps.</strong></span> <span class='ocrx_word' id='word_1_138' title='bbox 2719 749 2926 821; x_wconf 84' lang='lat' dir='ltr'><strong>Viginti</strong></span> <span class='ocrx_word' id='word_1_139' title='bbox 2973 759 3161 806; x_wconf 90' lang='lat' dir='ltr'><strong>autem</strong></span> <span class='ocrx_word' id='word_1_140' title='bbox 3202 752 3335 805; x_wconf 90' lang='lat' dir='ltr'><strong>anni</strong></span> <span class='ocrx_word' id='word_1_141' title='bbox 3373 754 3455 807; x_wconf 82' lang='lat' dir='ltr'><strong>sic</strong></span> <span class='ocrx_word' id='word_1_142' title='bbox 3503 753 3558 806; x_wconf 94' lang='lat' dir='ltr'><strong>in</strong></span> <span class='ocrx_word' id='word_1_143' title='bbox 3594 769 3662 806; x_wconf 86' lang='lat' dir='ltr'><strong>eo</strong></span> 
     </span>
    </p>
   </div>
   <div class='ocr_carea' id='block_1_22' title="bbox 2064 843 3660 914">
    <p class='ocr_par' dir='ltr' id='par_1_22' title="bbox 2064 843 3660 914">
     <span class='ocr_line' id='line_1_22' title="bbox 2064 843 3660 914; baseline 0.001 -16"><span class='ocrx_word' id='word_1_144' title='bbox 2064 844 2554 914; x_wconf 85' lang='lat' dir='ltr'><strong>dispensabuntur.</strong></span> <span class='ocrx_word' id='word_1_145' title='bbox 2611 844 2787 898; x_wconf 81' lang='lat' dir='ltr'><strong>Annis</strong></span> <span class='ocrx_word' id='word_1_146' title='bbox 2817 853 3063 913; x_wconf 81' lang='lat' dir='ltr'><strong>quatuor</strong></span> <span class='ocrx_word' id='word_1_147' title='bbox 3113 843 3243 899; x_wconf 85' lang='lat' dir='ltr'><strong>ﬂere</strong></span> <span class='ocrx_word' id='word_1_148' title='bbox 3277 844 3460 900; x_wconf 86' lang='lat' dir='ltr'><strong>debet.</strong></span> <span class='ocrx_word' id='word_1_149' title='bbox 3502 853 3660 900; x_wconf 87' lang='lat' dir='ltr'><strong>stans</strong></span> 
     </span>
    </p>
   </div>
   <div class='ocr_carea' id='block_1_23' title="bbox 2066 936 3654 1006">
    <p class='ocr_par' dir='ltr' id='par_1_23' title="bbox 2066 936 3654 1006">
     <span class='ocr_line' id='line_1_23' title="bbox 2066 936 3654 1006; baseline 0.002 -17"><span class='ocrx_word' id='word_1_150' title='bbox 2066 945 2221 991; x_wconf 86' lang='lat' dir='ltr'><strong>extra</strong></span> <span class='ocrx_word' id='word_1_151' title='bbox 2251 936 2394 990; x_wconf 81' lang='lat' dir='ltr'><strong>fores</strong></span> <span class='ocrx_word' id='word_1_152' title='bbox 2425 937 2626 991; x_wconf 92' lang='lat' dir='ltr'><strong>domus</strong></span> <span class='ocrx_word' id='word_1_153' title='bbox 2657 936 2947 1000; x_wconf 85' lang='lat' dir='ltr'><strong>orationis,</strong></span> <span class='ocrx_word' id='word_1_154' title='bbox 2992 944 3048 990; x_wconf 86' lang='lat' dir='ltr'><strong>et</strong></span> <span class='ocrx_word' id='word_1_155' title='bbox 3095 936 3466 1006; x_wconf 84' lang='lat' dir='ltr'><strong>ingredientes</strong></span> <span class='ocrx_word' id='word_1_156' title='bbox 3516 937 3654 992; x_wconf 85' lang='lat' dir='ltr'><strong>lide-</strong></span> 
     </span>
    </p>
   </div>
   <div class='ocr_carea' id='block_1_24' title="bbox 2069 1027 3662 1099">
    <p class='ocr_par' dir='ltr' id='par_1_24' title="bbox 2069 1027 3662 1099">
     <span class='ocr_line' id='line_1_24' title="bbox 2069 1027 3662 1099; baseline 0.001 -18"><span class='ocrx_word' id='word_1_157' title='bbox 2069 1028 2147 1082; x_wconf 90' lang='lat' dir='ltr'><strong>lcs</strong></span> <span class='ocrx_word' id='word_1_158' title='bbox 2171 1042 2392 1096; x_wconf 82' lang='lat' dir='ltr'><strong>rogans,</strong></span> <span class='ocrx_word' id='word_1_159' title='bbox 2423 1036 2480 1080; x_wconf 92' lang='lat' dir='ltr'><strong>ut</strong></span> <span class='ocrx_word' id='word_1_160' title='bbox 2512 1040 2610 1097; x_wconf 86' lang='lat' dir='ltr'><strong>pro</strong></span> <span class='ocrx_word' id='word_1_161' title='bbox 2654 1027 2774 1096; x_wconf 87' lang='lat' dir='ltr'><strong>ipso</strong></span> <span class='ocrx_word' id='word_1_162' title='bbox 2805 1034 3120 1096; x_wconf 84' lang='lat' dir='ltr'><strong>precentur,</strong></span> <span class='ocrx_word' id='word_1_163' title='bbox 3153 1041 3425 1097; x_wconf 87' lang='lat' dir='ltr'><strong>suamque</strong></span> <span class='ocrx_word' id='word_1_164' title='bbox 3455 1027 3662 1099; x_wconf 71' lang='lat' dir='ltr'><strong>iniqui-</strong></span> 
     </span>
    </p>
   </div>
   <div class='ocr_carea' id='block_1_25' title="bbox 2069 1107 3666 1190">
    <p class='ocr_par' dir='ltr' id='par_1_25' title="bbox 2069 1107 3666 1190">
     <span class='ocr_line' id='line_1_25' title="bbox 2069 1107 3666 1190; baseline 0.001 -15"><span class='ocrx_word' id='word_1_165' title='bbox 2069 1130 2233 1175; x_wconf 90' lang='lat' dir='ltr'><strong>tatem</strong></span> <span class='ocrx_word' id='word_1_166' title='bbox 2282 1107 2586 1175; x_wconf 68' lang='lat' dir='ltr'><strong>confitens.</strong></span> <span class='ocrx_word' id='word_1_167' title='bbox 2627 1118 2760 1174; x_wconf 85' lang='lat' dir='ltr'><strong>Post</strong></span> <span class='ocrx_word' id='word_1_168' title='bbox 2803 1129 3040 1190; x_wconf 85' lang='lat' dir='ltr'><strong>quatuor</strong></span> <span class='ocrx_word' id='word_1_169' title='bbox 3069 1129 3252 1174; x_wconf 90' lang='lat' dir='ltr'><strong>autem</strong></span> <span class='ocrx_word' id='word_1_170' title='bbox 3300 1135 3478 1175; x_wconf 89' lang='lat' dir='ltr'><strong>annos</strong></span> <span class='ocrx_word' id='word_1_171' title='bbox 3519 1121 3666 1176; x_wconf 91' lang='lat' dir='ltr'><strong>inter</strong></span> 
     </span>
    </p>
   </div>
   <div class='ocr_carea' id='block_1_26' title="bbox 2069 1213 3668 1289">
    <p class='ocr_par' dir='ltr' id='par_1_26' title="bbox 2069 1213 3668 1289">
     <span class='ocr_line' id='line_1_26' title="bbox 2069 1213 3668 1289; baseline 0.004 -22"><span class='ocrx_word' id='word_1_172' title='bbox 2069 1214 2356 1268; x_wconf 85' lang='lat' dir='ltr'><strong>audientes</strong></span> <span class='ocrx_word' id='word_1_173' title='bbox 2399 1213 2724 1282; x_wconf 88' lang='lat' dir='ltr'><strong>rccipietur,</strong></span> <span class='ocrx_word' id='word_1_174' title='bbox 2777 1223 2832 1269; x_wconf 85' lang='lat' dir='ltr'><strong>ct</strong></span> <span class='ocrx_word' id='word_1_175' title='bbox 2879 1216 3125 1286; x_wconf 92' lang='lat' dir='ltr'><strong>quinque</strong></span> <span class='ocrx_word' id='word_1_176' title='bbox 3167 1217 3330 1271; x_wconf 89' lang='lat' dir='ltr'><strong>annis</strong></span> <span class='ocrx_word' id='word_1_177' title='bbox 3368 1233 3493 1272; x_wconf 83' lang='lat' dir='ltr'><strong>eum</strong></span> <span class='ocrx_word' id='word_1_178' title='bbox 3532 1219 3668 1289; x_wconf 80' lang='lat' dir='ltr'><strong>ipsis</strong></span> 
     </span>
    </p>
   </div>
   <div class='ocr_carea' id='block_1_27' title="bbox 2067 1307 3664 1378">
    <p class='ocr_par' dir='ltr' id='par_1_27' title="bbox 2067 1307 3664 1378">
     <span class='ocr_line' id='line_1_27' title="bbox 2067 1307 3664 1378; baseline 0.004 -18"><span class='ocrx_word' id='word_1_179' title='bbox 2067 1307 2262 1362; x_wconf 80' lang='lat' dir='ltr'><strong>exibit.</strong></span> <span class='ocrx_word' id='word_1_180' title='bbox 2299 1307 2487 1360; x_wconf 88' lang='lat' dir='ltr'><strong>Annos</strong></span> <span class='ocrx_word' id='word_1_181' title='bbox 2525 1315 2732 1375; x_wconf 89' lang='lat' dir='ltr'><strong>septem</strong></span> <span class='ocrx_word' id='word_1_182' title='bbox 2764 1321 2876 1360; x_wconf 88' lang='lat' dir='ltr'><strong>una</strong></span> <span class='ocrx_word' id='word_1_183' title='bbox 2909 1324 3032 1362; x_wconf 86' lang='lat' dir='ltr'><strong>cum</strong></span> <span class='ocrx_word' id='word_1_184' title='bbox 3069 1310 3159 1373; x_wconf 92' lang='lat' dir='ltr'><strong>iis,</strong></span> <span class='ocrx_word' id='word_1_185' title='bbox 3192 1309 3286 1378; x_wconf 89' lang='lat' dir='ltr'><strong>qui</strong></span> <span class='ocrx_word' id='word_1_186' title='bbox 3320 1309 3372 1364; x_wconf 89' lang='lat' dir='ltr'><strong>in</strong></span> <span class='ocrx_word' id='word_1_187' title='bbox 3405 1312 3664 1366; x_wconf 90' lang='lat' dir='ltr'><strong>substra-</strong></span> 
     </span>
    </p>
   </div>
   <div class='ocr_carea' id='block_1_28' title="bbox 2072 1400 3670 1470">
    <p class='ocr_par' dir='ltr' id='par_1_28' title="bbox 2072 1400 3670 1470">
     <span class='ocr_line' id='line_1_28' title="bbox 2072 1400 3670 1470; baseline 0.003 -16"><span class='ocrx_word' id='word_1_188' title='bbox 2072 1401 2219 1454; x_wconf 90' lang='lat' dir='ltr'><strong>tione</strong></span> <span class='ocrx_word' id='word_1_189' title='bbox 2252 1407 2404 1464; x_wconf 89' lang='lat' dir='ltr'><strong>sunt,</strong></span> <span class='ocrx_word' id='word_1_190' title='bbox 2439 1413 2609 1453; x_wconf 83' lang='lat' dir='ltr'><strong>orans</strong></span> <span class='ocrx_word' id='word_1_191' title='bbox 2645 1400 2978 1469; x_wconf 77' lang='lat' dir='ltr'><strong>egredietur.</strong></span> <span class='ocrx_word' id='word_1_192' title='bbox 3011 1401 3206 1455; x_wconf 85' lang='lat' dir='ltr'><strong>Annos</strong></span> <span class='ocrx_word' id='word_1_193' title='bbox 3231 1411 3471 1470; x_wconf 77' lang='lat' dir='ltr'><strong>quatuor</strong></span> <span class='ocrx_word' id='word_1_194' title='bbox 3496 1404 3670 1459; x_wconf 80' lang='lat' dir='ltr'><strong>stabit</strong></span> 
     </span>
    </p>
   </div>
   <div class='ocr_carea' id='block_1_29' title="bbox 2071 1489 3671 1566">
    <p class='ocr_par' dir='ltr' id='par_1_29' title="bbox 2071 1489 3671 1566">
     <span class='ocr_line' id='line_1_29' title="bbox 2071 1489 3671 1566; baseline 0.002 -18"><span class='ocrx_word' id='word_1_195' title='bbox 2071 1493 2251 1548; x_wconf 91' lang='lat' dir='ltr'><strong>solum</strong></span> <span class='ocrx_word' id='word_1_196' title='bbox 2285 1508 2409 1546; x_wconf 91' lang='lat' dir='ltr'><strong>cum</strong></span> <span class='ocrx_word' id='word_1_197' title='bbox 2447 1489 2724 1557; x_wconf 82' lang='lat' dir='ltr'><strong>tibelibus,</strong></span> <span class='ocrx_word' id='word_1_198' title='bbox 2760 1493 2852 1546; x_wconf 88' lang='lat' dir='ltr'><strong>sed</strong></span> <span class='ocrx_word' id='word_1_199' title='bbox 2895 1493 3192 1549; x_wconf 80' lang='lat' dir='ltr'><strong>oblationis</strong></span> <span class='ocrx_word' id='word_1_200' title='bbox 3221 1509 3326 1548; x_wconf 91' lang='lat' dir='ltr'><strong>non</strong></span> <span class='ocrx_word' id='word_1_201' title='bbox 3361 1494 3462 1549; x_wconf 91' lang='lat' dir='ltr'><strong>erit</strong></span> <span class='ocrx_word' id='word_1_202' title='bbox 3497 1497 3671 1566; x_wconf 90' lang='lat' dir='ltr'><strong>parti-</strong></span> 
     </span>
    </p>
   </div>
   <div class='ocr_carea' id='block_1_30' title="bbox 2071 1585 3671 1658">
    <p class='ocr_par' dir='ltr' id='par_1_30' title="bbox 2071 1585 3671 1658">
     <span class='ocr_line' id='line_1_30' title="bbox 2071 1585 3671 1658; baseline 0.002 -16"><span class='ocrx_word' id='word_1_203' title='bbox 2071 1602 2222 1658; x_wconf 84' lang='lat' dir='ltr'><strong>ceps.</strong></span> <span class='ocrx_word' id='word_1_204' title='bbox 2265 1586 2361 1642; x_wconf 87' lang='lat' dir='ltr'><strong>llis</strong></span> <span class='ocrx_word' id='word_1_205' title='bbox 2392 1594 2578 1641; x_wconf 82' lang='lat' dir='ltr'><strong>autem</strong></span> <span class='ocrx_word' id='word_1_206' title='bbox 2623 1585 2859 1656; x_wconf 77' lang='lat' dir='ltr'><strong>expletis</strong></span> <span class='ocrx_word' id='word_1_207' title='bbox 2904 1587 3179 1657; x_wconf 74' lang='lat' dir='ltr'><strong>particeps</strong></span> <span class='ocrx_word' id='word_1_208' title='bbox 3208 1587 3314 1642; x_wconf 90' lang='lat' dir='ltr'><strong>erit</strong></span> <span class='ocrx_word' id='word_1_209' title='bbox 3347 1602 3671 1645; x_wconf 85' lang='lat' dir='ltr'><strong>sacramen-</strong></span> 
     </span>
    </p>
   </div>
   <div class='ocr_carea' id='block_1_31' title="bbox 2073 1689 2281 1734">
    <p class='ocr_par' dir='ltr' id='par_1_31' title="bbox 2073 1689 2281 1734">
     <span class='ocr_line' id='line_1_31' title="bbox 2073 1689 2281 1734; baseline -0.01 0"><span class='ocrx_word' id='word_1_210' title='bbox 2073 1689 2281 1734; x_wconf 85' lang='lat' dir='ltr'><strong>torum.</strong></span> 
     </span>
    </p>
   </div>
   <div class='ocr_carea' id='block_1_32' title="bbox 2145 1769 3670 1842">
    <p class='ocr_par' dir='ltr' id='par_1_32' title="bbox 2145 1769 3670 1842">
     <span class='ocr_line' id='line_1_32' title="bbox 2145 1769 3670 1842; baseline 0.001 -15"><span class='ocrx_word' id='word_1_211' title='bbox 2145 1771 2236 1827; x_wconf 82' lang='lat'><strong>57.</strong></span> <span class='ocrx_word' id='word_1_212' title='bbox 2279 1771 2384 1838; x_wconf 85' lang='lat' dir='ltr'><strong>Qui</strong></span> <span class='ocrx_word' id='word_1_213' title='bbox 2445 1787 2553 1827; x_wconf 92' lang='lat' dir='ltr'><strong>non</strong></span> <span class='ocrx_word' id='word_1_214' title='bbox 2619 1770 2925 1826; x_wconf 79' lang='lat' dir='ltr'><strong>voluntarie</strong></span> <span class='ocrx_word' id='word_1_215' title='bbox 2974 1769 3270 1838; x_wconf 81' lang='lat' dir='ltr'><strong>interfecit,</strong></span> <span class='ocrx_word' id='word_1_216' title='bbox 3324 1787 3421 1842; x_wconf 90' lang='lat' dir='ltr'><strong>per</strong></span> <span class='ocrx_word' id='word_1_217' title='bbox 3479 1771 3670 1828; x_wconf 80' lang='lat' dir='ltr'><strong>decem</strong></span> 
     </span>
    </p>
   </div>
   <div class='ocr_carea' id='block_1_33' title="bbox 360 1863 2005 1960">
    <p class='ocr_par' dir='ltr' id='par_1_33' title="bbox 360 1863 2005 1960">
     <span class='ocr_line' id='line_1_33' title="bbox 360 1863 2005 1960; baseline -0.011 -17"><span class='ocrx_word' id='word_1_218' title='bbox 360 1888 607 1960; x_wconf 86' lang='grc' dir='ltr'>νώνητος</span> <span class='ocrx_word' id='word_1_219' title='bbox 646 1885 804 1940; x_wconf 73' lang='grc' dir='ltr'>ἔσται</span> <span class='ocrx_word' id='word_1_220' title='bbox 830 1884 940 1938; x_wconf 84' lang='grc' dir='ltr'><strong>τῶν</strong></span> <span class='ocrx_word' id='word_1_221' title='bbox 969 1881 1335 1952; x_wconf 80' lang='grc' dir='ltr'>ἁγιασμάτων</span> <span class='ocrx_word' id='word_1_222' title='bbox 1356 1875 1855 1948; x_wconf 82' lang='grc' dir='ltr'>οίκονομηθήσεται</span> <span class='ocrx_word' id='word_1_223' title='bbox 1906 1873 1963 1927; x_wconf 86' lang='grc' dir='ltr'>δὲ</span> <span class='ocrx_word' id='word_1_224' title='bbox 2000 1863 2005 1915; x_wconf 63' lang='grc'><strong>1</strong></span> 
     </span>
    </p>
   </div>
   <div class='ocr_carea' id='block_1_34' title="bbox 2080 1863 3671 1960">
    <p class='ocr_par' dir='ltr' id='par_1_34' title="bbox 2080 1865 3671 1936">
     <span class='ocr_line' id='line_1_34' title="bbox 2080 1865 3671 1936; baseline 0.001 -17"><span class='ocrx_word' id='word_1_225' title='bbox 2080 1881 2245 1921; x_wconf 77' lang='grc' dir='ltr'>ιιιιιοε</span> <span class='ocrx_word' id='word_1_226' title='bbox 2300 1875 2781 1923; x_wconf 88' lang='lat' dir='ltr'><strong>sacramentorum</strong></span> <span class='ocrx_word' id='word_1_227' title='bbox 2851 1879 2959 1919; x_wconf 92' lang='lat' dir='ltr'><strong>non</strong></span> <span class='ocrx_word' id='word_1_228' title='bbox 3012 1865 3118 1920; x_wconf 88' lang='lat' dir='ltr'><strong>erit</strong></span> <span class='ocrx_word' id='word_1_229' title='bbox 3169 1866 3476 1936; x_wconf 77' lang='lat' dir='ltr'><strong>papticeps.</strong></span> <span class='ocrx_word' id='word_1_230' title='bbox 3526 1868 3671 1922; x_wconf 82' lang='lat' dir='ltr'><strong>Anni</strong></span> 
     </span>
    </p>
   </div>
   <div class='ocr_carea' id='block_1_35' title="bbox 360 1968 1968 2047">
    <p class='ocr_par' dir='ltr' id='par_1_35' title="bbox 360 1968 1968 2047">
     <span class='ocr_line' id='line_1_35' title="bbox 360 1968 1968 2047; baseline -0.01 -12"><span class='ocrx_word' id='word_1_231' title='bbox 360 1981 434 2034; x_wconf 74' lang='grc' dir='ltr'>τὰ</span> <span class='ocrx_word' id='word_1_232' title='bbox 462 1979 600 2034; x_wconf 89' lang='grc' dir='ltr'>δέκα</span> <span class='ocrx_word' id='word_1_233' title='bbox 651 1978 748 2047; x_wconf 77' lang='grc' dir='ltr'><strong>ἐτη</strong></span> <span class='ocrx_word' id='word_1_234' title='bbox 782 1975 870 2029; x_wconf 78' lang='grc' dir='ltr'><strong>ἐπ’</strong></span> <span class='ocrx_word' id='word_1_235' title='bbox 916 1973 1066 2041; x_wconf 81' lang='grc' dir='ltr'>αύτῷ</span> <span class='ocrx_word' id='word_1_236' title='bbox 1095 1972 1268 2034; x_wconf 75' lang='grc' dir='ltr'>οὕτως</span> <span class='ocrx_word' id='word_1_237' title='bbox 1293 1987 1307 1999; x_wconf 71' lang='grc' dir='ltr'><strong><em>ο</em></strong></span> <span class='ocrx_word' id='word_1_238' title='bbox 1356 1969 1450 2023; x_wconf 91' lang='grc' dir='ltr'><strong>δύο</strong></span> <span class='ocrx_word' id='word_1_239' title='bbox 1500 1969 1599 2040; x_wconf 75' lang='grc' dir='ltr'><strong>μὲν</strong></span> <span class='ocrx_word' id='word_1_240' title='bbox 1638 1968 1735 2038; x_wconf 78' lang='grc' dir='ltr'>ἔτη</span> <span class='ocrx_word' id='word_1_241' title='bbox 1799 1983 1968 2039; x_wconf 78' lang='grc' dir='ltr'>προσ-</span> 
     </span>
    </p>
   </div>
   <div class='ocr_carea' id='block_1_36' title="bbox 361 2063 1965 2142">
    <p class='ocr_par' dir='ltr' id='par_1_36' title="bbox 361 2063 1965 2142">
     <span class='ocr_line' id='line_1_36' title="bbox 361 2063 1965 2142; baseline -0.008 -14"><span class='ocrx_word' id='word_1_242' title='bbox 361 2073 627 2128; x_wconf 86' lang='grc' dir='ltr'>κλαύσει·</span> <span class='ocrx_word' id='word_1_243' title='bbox 663 2070 790 2142; x_wconf 90' lang='grc' dir='ltr'>τρία</span> <span class='ocrx_word' id='word_1_244' title='bbox 833 2069 892 2123; x_wconf 80' lang='grc' dir='ltr'>δὲ</span> <span class='ocrx_word' id='word_1_245' title='bbox 923 2068 1019 2138; x_wconf 81' lang='grc' dir='ltr'>ἔτη</span> <span class='ocrx_word' id='word_1_246' title='bbox 1051 2069 1107 2120; x_wconf 85' lang='grc' dir='ltr'>ὲν</span> <span class='ocrx_word' id='word_1_247' title='bbox 1136 2063 1512 2137; x_wconf 74' lang='grc' dir='ltr'>ἀκροωμένοις</span> <span class='ocrx_word' id='word_1_248' title='bbox 1537 2079 1550 2092; x_wconf 89' lang='grc'><strong>·</strong></span> <span class='ocrx_word' id='word_1_249' title='bbox 1583 2063 1642 2116; x_wconf 87' lang='grc' dir='ltr'>ὲν</span> <span class='ocrx_word' id='word_1_250' title='bbox 1672 2063 1965 2131; x_wconf 83' lang='grc' dir='ltr'>τέσσαρσιν</span> 
     </span>
    </p>
   </div>
   <div class='ocr_carea' id='block_1_37' title="bbox 359 2155 1963 2228">
    <p class='ocr_par' dir='ltr' id='par_1_37' title="bbox 359 2155 1963 2228">
     <span class='ocr_line' id='line_1_37' title="bbox 359 2155 1963 2228; baseline -0.006 -9"><span class='ocrx_word' id='word_1_251' title='bbox 359 2166 715 2226; x_wconf 77' lang='grc' dir='ltr'>ὑποπίπτων.</span> <span class='ocrx_word' id='word_1_252' title='bbox 778 2163 874 2216; x_wconf 72' lang='grc' dir='ltr'><strong>καὶ</strong></span> <span class='ocrx_word' id='word_1_253' title='bbox 923 2163 982 2214; x_wconf 84' lang='grc' dir='ltr'>ἐν</span> <span class='ocrx_word' id='word_1_254' title='bbox 1029 2158 1265 2228; x_wconf 72' lang='grc' dir='ltr'>ἐνιαυτῷ</span> <span class='ocrx_word' id='word_1_255' title='bbox 1324 2155 1726 2228; x_wconf 79' lang='grc' dir='ltr'>συσταθήσεται</span> <span class='ocrx_word' id='word_1_256' title='bbox 1779 2155 1963 2227; x_wconf 82' lang='grc' dir='ltr'>μόνον,</span> 
     </span>
    </p>
   </div>
   <div class='ocr_carea' id='block_1_38' title="bbox 369 2251 1469 2329">
    <p class='ocr_par' dir='ltr' id='par_1_38' title="bbox 369 2251 1469 2329">
     <span class='ocr_line' id='line_1_38' title="bbox 369 2251 1469 2329; baseline -0.007 -18"><span class='ocrx_word' id='word_1_257' title='bbox 369 2257 467 2311; x_wconf 77' lang='grc' dir='ltr'><strong>καὶ</strong></span> <span class='ocrx_word' id='word_1_258' title='bbox 507 2256 584 2329; x_wconf 79' lang='grc' dir='ltr'>τῷ</span> <span class='ocrx_word' id='word_1_259' title='bbox 608 2256 735 2327; x_wconf 77' lang='grc' dir='ltr'><strong>ἑξῆς</strong></span> <span class='ocrx_word' id='word_1_260' title='bbox 753 2257 834 2320; x_wconf 85' lang='grc' dir='ltr'>εὶς</span> <span class='ocrx_word' id='word_1_261' title='bbox 858 2253 930 2307; x_wconf 73' lang='grc' dir='ltr'><strong>τὰ</strong></span> <span class='ocrx_word' id='word_1_262' title='bbox 959 2252 1091 2320; x_wconf 78' lang='grc' dir='ltr'>ἅγια</span> <span class='ocrx_word' id='word_1_263' title='bbox 1123 2251 1469 2324; x_wconf 84' lang='grc' dir='ltr'>δεχθήσεται.</span> 
     </span>
    </p>
   </div>
   <div class='ocr_carea' id='block_1_39' title="bbox 670 2427 1645 2506">
    <p class='ocr_par' dir='ltr' id='par_1_39' title="bbox 670 2427 1645 2506">
     <span class='ocr_line' id='line_1_39' title="bbox 670 2427 1645 2506; baseline -0.001 -16"><span class='ocrx_word' id='word_1_264' title='bbox 670 2435 1004 2506; x_wconf 75' lang='grc' dir='ltr'>Γρηγορίου</span> <span class='ocrx_word' id='word_1_265' title='bbox 1034 2434 1294 2502; x_wconf 84' lang='grc' dir='ltr'>Νύσσης</span> <span class='ocrx_word' id='word_1_266' title='bbox 1314 2451 1448 2503; x_wconf 63' lang='lat' dir='ltr'><strong>nego.</strong></span> <span class='ocrx_word' id='word_1_267' title='bbox 1473 2433 1541 2500; x_wconf 87' lang='grc' dir='ltr'><strong>δ’,</strong></span> <span class='ocrx_word' id='word_1_268' title='bbox 1581 2427 1645 2489; x_wconf 85' lang='grc' dir='ltr'><strong>ε’.</strong></span> 
     </span>
    </p>
   </div>
   <div class='ocr_carea' id='block_1_40' title="bbox 365 2514 1866 2602">
    <p class='ocr_par' dir='ltr' id='par_1_40' title="bbox 439 2528 1866 2602">
     <span class='ocr_line' id='line_1_40' title="bbox 439 2528 1866 2602; baseline -0.002 -15"><span class='ocrx_word' id='word_1_269' title='bbox 439 2532 501 2588; x_wconf 87' lang='grc' dir='ltr'><strong>δ’.</strong></span> <span class='ocrx_word' id='word_1_270' title='bbox 536 2532 801 2587; x_wconf 80' lang='grc' dir='ltr'>Λείπεται</span> <span class='ocrx_word' id='word_1_271' title='bbox 825 2533 962 2602; x_wconf 75' lang='grc' dir='ltr'>πρὸς</span> <span class='ocrx_word' id='word_1_272' title='bbox 983 2532 1198 2595; x_wconf 77' lang='grc' dir='ltr'>τούτοις</span> <span class='ocrx_word' id='word_1_273' title='bbox 1225 2531 1286 2585; x_wconf 83' lang='grc' dir='ltr'>τὸ</span> <span class='ocrx_word' id='word_1_274' title='bbox 1317 2531 1622 2602; x_wconf 84' lang='grc' dir='ltr'>θυμοειδὲς,</span> <span class='ocrx_word' id='word_1_275' title='bbox 1647 2548 1703 2584; x_wconf 88' lang='grc' dir='ltr'><strong>κ.</strong></span> <span class='ocrx_word' id='word_1_276' title='bbox 1739 2547 1790 2584; x_wconf 88' lang='grc' dir='ltr'><strong>τ.</strong></span> <span class='ocrx_word' id='word_1_277' title='bbox 1817 2528 1866 2584; x_wconf 86' lang='grc' dir='ltr'>λ.</span> 
     </span>
    </p>
   </div>
   <div class='ocr_carea' id='block_1_41' title="bbox 447 2619 1972 2694">
    <p class='ocr_par' dir='ltr' id='par_1_41' title="bbox 447 2619 1972 2694">
     <span class='ocr_line' id='line_1_41' title="bbox 447 2619 1972 2694; baseline 0 -20"><span class='ocrx_word' id='word_1_278' title='bbox 447 2619 509 2674; x_wconf 91' lang='grc' dir='ltr'><strong>ε’.</strong></span> <span class='ocrx_word' id='word_1_279' title='bbox 536 2621 673 2675; x_wconf 82' lang='grc' dir='ltr'>Εὶδέ</span> <span class='ocrx_word' id='word_1_280' title='bbox 703 2639 785 2685; x_wconf 88' lang='grc' dir='ltr'><strong>τις</strong></span> <span class='ocrx_word' id='word_1_281' title='bbox 826 2621 902 2694; x_wconf 82' lang='grc' dir='ltr'>μὴ</span> <span class='ocrx_word' id='word_1_282' title='bbox 943 2620 1240 2692; x_wconf 81' lang='grc' dir='ltr'>πληρώσας</span> <span class='ocrx_word' id='word_1_283' title='bbox 1279 2620 1372 2677; x_wconf 76' lang='grc' dir='ltr'>τὸν</span> <span class='ocrx_word' id='word_1_284' title='bbox 1424 2620 1614 2692; x_wconf 85' lang='grc' dir='ltr'>χρόνον</span> <span class='ocrx_word' id='word_1_285' title='bbox 1645 2619 1739 2674; x_wconf 81' lang='grc' dir='ltr'><strong>τὸν</strong></span> <span class='ocrx_word' id='word_1_286' title='bbox 1764 2622 1828 2674; x_wconf 84' lang='grc' dir='ltr'>ὲκ</span> <span class='ocrx_word' id='word_1_287' title='bbox 1862 2619 1972 2674; x_wconf 87' lang='grc' dir='ltr'>τῶν</span> 
     </span>
    </p>
   </div>
   <div class='ocr_carea' id='block_1_42' title="bbox 372 2712 1974 2786">
    <p class='ocr_par' dir='ltr' id='par_1_42' title="bbox 372 2712 1974 2786">
     <span class='ocr_line' id='line_1_42' title="bbox 372 2712 1974 2786; baseline -0.001 -18"><span class='ocrx_word' id='word_1_288' title='bbox 372 2715 620 2768; x_wconf 82' lang='grc' dir='ltr'>κανόνων</span> <span class='ocrx_word' id='word_1_289' title='bbox 683 2715 1068 2786; x_wconf 75' lang='grc' dir='ltr'>ἀφωρισμένον</span> <span class='ocrx_word' id='word_1_290' title='bbox 1114 2713 1346 2781; x_wconf 81' lang='grc' dir='ltr'>ἐξοδεύοι</span> <span class='ocrx_word' id='word_1_291' title='bbox 1403 2712 1499 2767; x_wconf 81' lang='grc' dir='ltr'>τοῦ</span> <span class='ocrx_word' id='word_1_292' title='bbox 1563 2712 1704 2784; x_wconf 79' lang='grc' dir='ltr'>βίον,</span> <span class='ocrx_word' id='word_1_293' title='bbox 1759 2712 1974 2766; x_wconf 82' lang='grc' dir='ltr'>κελεύει</span> 
     </span>
    </p>
   </div>
   <div class='ocr_carea' id='block_1_43' title="bbox 374 2806 1975 2880">
    <p class='ocr_par' dir='ltr' id='par_1_43' title="bbox 374 2806 1975 2880">
     <span class='ocr_line' id='line_1_43' title="bbox 374 2806 1975 2880; baseline -0.001 -19"><span class='ocrx_word' id='word_1_294' title='bbox 374 2809 412 2879; x_wconf 80' lang='grc' dir='ltr'><strong>ἡ</strong></span> <span class='ocrx_word' id='word_1_295' title='bbox 440 2809 550 2862; x_wconf 86' lang='grc' dir='ltr'><strong>τῶν</strong></span> <span class='ocrx_word' id='word_1_296' title='bbox 579 2809 843 2879; x_wconf 87' lang='grc' dir='ltr'>Πατέρων</span> <span class='ocrx_word' id='word_1_297' title='bbox 877 2807 1260 2880; x_wconf 83' lang='grc' dir='ltr'>φιλανθρωπία</span> <span class='ocrx_word' id='word_1_298' title='bbox 1302 2807 1646 2878; x_wconf 82' lang='grc' dir='ltr'>μετασχόντα</span> <span class='ocrx_word' id='word_1_299' title='bbox 1674 2806 1782 2860; x_wconf 82' lang='grc' dir='ltr'>τῶν</span> <span class='ocrx_word' id='word_1_300' title='bbox 1811 2808 1975 2877; x_wconf 84' lang='grc' dir='ltr'>ἁγια-</span> 
     </span>
    </p>
   </div>
   <div class='ocr_carea' id='block_1_44' title="bbox 379 2899 1978 2972">
    <p class='ocr_par' dir='ltr' id='par_1_44' title="bbox 379 2899 1978 2972">
     <span class='ocr_line' id='line_1_44' title="bbox 379 2899 1978 2972; baseline 0.001 -19"><span class='ocrx_word' id='word_1_301' title='bbox 379 2901 626 2971; x_wconf 79' lang='grc' dir='ltr'>σμὰτων,</span> <span class='ocrx_word' id='word_1_302' title='bbox 669 2899 745 2972; x_wconf 77' lang='grc' dir='ltr'>μὴ</span> <span class='ocrx_word' id='word_1_303' title='bbox 797 2900 956 2956; x_wconf 85' lang='grc' dir='ltr'>κενὸν</span> <span class='ocrx_word' id='word_1_304' title='bbox 1011 2899 1103 2954; x_wconf 80' lang='grc' dir='ltr'>τοῦ</span> <span class='ocrx_word' id='word_1_305' title='bbox 1137 2900 1330 2970; x_wconf 73' lang='grc' dir='ltr'>ἐφόδου</span> <span class='ocrx_word' id='word_1_306' title='bbox 1387 2901 1528 2972; x_wconf 67' lang='grc' dir='ltr'>πτὸς</span> <span class='ocrx_word' id='word_1_307' title='bbox 1581 2901 1682 2972; x_wconf 73' lang='grc' dir='ltr'><strong>τὴν</strong></span> <span class='ocrx_word' id='word_1_308' title='bbox 1741 2901 1978 2972; x_wconf 76' lang='grc' dir='ltr'><strong>ἐσχάτην</strong></span> 
     </span>
    </p>
   </div>
   <div class='ocr_carea' id='block_1_45' title="bbox 376 2989 1979 3062">
    <p class='ocr_par' dir='ltr' id='par_1_45' title="bbox 376 2989 1979 3062">
     <span class='ocr_line' id='line_1_45' title="bbox 376 2989 1979 3062; baseline 0.002 -20"><span class='ocrx_word' id='word_1_309' title='bbox 376 2989 600 3061; x_wconf 84' lang='grc' dir='ltr'>ἐκείνην</span> <span class='ocrx_word' id='word_1_310' title='bbox 627 2990 724 3044; x_wconf 73' lang='grc' dir='ltr'><strong>καὶ</strong></span> <span class='ocrx_word' id='word_1_311' title='bbox 765 2989 987 3062; x_wconf 82' lang='grc' dir='ltr'>μακρὰν</span> <span class='ocrx_word' id='word_1_312' title='bbox 1045 2989 1358 3061; x_wconf 81' lang='grc' dir='ltr'>ἀποδημίαν</span> <span class='ocrx_word' id='word_1_313' title='bbox 1389 2990 1779 3062; x_wconf 78' lang='grc' dir='ltr'>ἐκπεμφθῆναι</span> <span class='ocrx_word' id='word_1_314' title='bbox 1804 3007 1817 3020; x_wconf 89' lang='grc'><strong>·</strong></span> <span class='ocrx_word' id='word_1_315' title='bbox 1849 2991 1979 3045; x_wconf 81' lang='grc' dir='ltr'>εἰδὲ</span> 
     </span>
    </p>
   </div>
   <div class='ocr_carea' id='block_1_46' title="bbox 381 3082 1979 3156">
    <p class='ocr_par' dir='ltr' id='par_1_46' title="bbox 381 3082 1979 3156">
     <span class='ocr_line' id='line_1_46' title="bbox 381 3082 1979 3156; baseline 0.002 -20"><span class='ocrx_word' id='word_1_316' title='bbox 381 3082 674 3154; x_wconf 87' lang='grc' dir='ltr'>μετασχὼν</span> <span class='ocrx_word' id='word_1_317' title='bbox 707 3083 802 3136; x_wconf 77' lang='grc' dir='ltr'>τοῦ</span> <span class='ocrx_word' id='word_1_318' title='bbox 829 3083 1196 3153; x_wconf 85' lang='grc' dir='ltr'>ἁγιάσματος,</span> <span class='ocrx_word' id='word_1_319' title='bbox 1227 3082 1390 3136; x_wconf 81' lang='grc' dir='ltr'>πάλιν</span> <span class='ocrx_word' id='word_1_320' title='bbox 1422 3085 1503 3147; x_wconf 84' lang='grc' dir='ltr'>εἰς</span> <span class='ocrx_word' id='word_1_321' title='bbox 1536 3088 1636 3155; x_wconf 82' lang='grc' dir='ltr'><strong>τὴν</strong></span> <span class='ocrx_word' id='word_1_322' title='bbox 1672 3082 1820 3156; x_wconf 80' lang='grc' dir='ltr'>ζωὴν</span> <span class='ocrx_word' id='word_1_323' title='bbox 1879 3087 1979 3139; x_wconf 85' lang='grc' dir='ltr'>ὲπ-</span> 
     </span>
    </p>
   </div>
   <div class='ocr_carea' id='block_1_47' title="bbox 2079 1955 3678 2028">
    <p class='ocr_par' dir='ltr' id='par_1_47' title="bbox 2079 1955 3678 2028">
     <span class='ocr_line' id='line_1_47' title="bbox 2079 1955 3678 2028; baseline 0 -16"><span class='ocrx_word' id='word_1_324' title='bbox 2079 1970 2261 2012; x_wconf 89' lang='lat' dir='ltr'><strong>autem</strong></span> <span class='ocrx_word' id='word_1_325' title='bbox 2285 1957 2474 2012; x_wconf 89' lang='lat' dir='ltr'><strong>decem</strong></span> <span class='ocrx_word' id='word_1_326' title='bbox 2509 1957 2592 2014; x_wconf 92' lang='lat' dir='ltr'><strong>sic</strong></span> <span class='ocrx_word' id='word_1_327' title='bbox 2641 1958 2694 2012; x_wconf 92' lang='lat' dir='ltr'><strong>in</strong></span> <span class='ocrx_word' id='word_1_328' title='bbox 2728 1972 2796 2012; x_wconf 91' lang='lat' dir='ltr'><strong>eo</strong></span> <span class='ocrx_word' id='word_1_329' title='bbox 2835 1956 3325 2026; x_wconf 85' lang='lat' dir='ltr'><strong>dispensabuntur.</strong></span> <span class='ocrx_word' id='word_1_330' title='bbox 3378 1955 3526 2014; x_wconf 91' lang='lat' dir='ltr'><strong>Duos</strong></span> <span class='ocrx_word' id='word_1_331' title='bbox 3559 1959 3678 2028; x_wconf 84' lang='lat' dir='ltr'><strong>qui-</strong></span> 
     </span>
    </p>
   </div>
   <div class='ocr_carea' id='block_1_48' title="bbox 2080 2050 3678 2114">
    <p class='ocr_par' dir='ltr' id='par_1_48' title="bbox 2080 2050 3678 2114">
     <span class='ocr_line' id='line_1_48' title="bbox 2080 2050 3678 2114; baseline -0.003 -5"><span class='ocrx_word' id='word_1_332' title='bbox 2080 2054 2202 2109; x_wconf 84' lang='lat' dir='ltr'><strong>dem</strong></span> <span class='ocrx_word' id='word_1_333' title='bbox 2230 2067 2406 2108; x_wconf 89' lang='lat' dir='ltr'><strong>annos</strong></span> <span class='ocrx_word' id='word_1_334' title='bbox 2430 2050 2605 2114; x_wconf 83' lang='lat' dir='ltr'><strong>ﬂebit,</strong></span> <span class='ocrx_word' id='word_1_335' title='bbox 2639 2060 2752 2106; x_wconf 88' lang='lat' dir='ltr'><strong>tres</strong></span> <span class='ocrx_word' id='word_1_336' title='bbox 2796 2060 2982 2105; x_wconf 82' lang='lat' dir='ltr'><strong>autem</strong></span> <span class='ocrx_word' id='word_1_337' title='bbox 3031 2064 3209 2104; x_wconf 90' lang='lat' dir='ltr'><strong>annos</strong></span> <span class='ocrx_word' id='word_1_338' title='bbox 3254 2051 3397 2104; x_wconf 91' lang='lat' dir='ltr'><strong>inter</strong></span> <span class='ocrx_word' id='word_1_339' title='bbox 3446 2052 3678 2106; x_wconf 85' lang='lat' dir='ltr'><strong>audien-</strong></span> 
     </span>
    </p>
   </div>
   <div class='ocr_carea' id='block_1_49' title="bbox 2081 2141 3679 2216">
    <p class='ocr_par' dir='ltr' id='par_1_49' title="bbox 2081 2141 3679 2216">
     <span class='ocr_line' id='line_1_49' title="bbox 2081 2141 3679 2216; baseline -0.003 -14"><span class='ocrx_word' id='word_1_340' title='bbox 2081 2155 2164 2202; x_wconf 82' lang='lat' dir='ltr'><strong>tes</strong></span> <span class='ocrx_word' id='word_1_341' title='bbox 2191 2145 2588 2216; x_wconf 85' lang='lat' dir='ltr'><strong>perseverabit,</strong></span> <span class='ocrx_word' id='word_1_342' title='bbox 2616 2143 2788 2216; x_wconf 67' lang='grc'><strong>478</strong></span> <span class='ocrx_word' id='word_1_343' title='bbox 2818 2151 3059 2214; x_wconf 82' lang='lat' dir='ltr'><strong>quatuor</strong></span> <span class='ocrx_word' id='word_1_344' title='bbox 3079 2141 3421 2206; x_wconf 75' lang='lat' dir='ltr'><strong>substratus,</strong></span> <span class='ocrx_word' id='word_1_345' title='bbox 3448 2152 3502 2198; x_wconf 86' lang='lat' dir='ltr'><strong>et</strong></span> <span class='ocrx_word' id='word_1_346' title='bbox 3532 2159 3679 2198; x_wconf 87' lang='lat' dir='ltr'><strong>anno</strong></span> 
     </span>
    </p>
   </div>
   <div class='ocr_carea' id='block_1_50' title="bbox 2083 2233 3680 2304">
    <p class='ocr_par' dir='ltr' id='par_1_50' title="bbox 2083 2233 3680 2304">
     <span class='ocr_line' id='line_1_50' title="bbox 2083 2233 3680 2304; baseline -0.001 -11"><span class='ocrx_word' id='word_1_347' title='bbox 2083 2253 2194 2293; x_wconf 83' lang='lat' dir='ltr'><strong>uno</strong></span> <span class='ocrx_word' id='word_1_348' title='bbox 2221 2237 2490 2294; x_wconf 86' lang='lat' dir='ltr'><strong>consistet</strong></span> <span class='ocrx_word' id='word_1_349' title='bbox 2513 2246 2761 2302; x_wconf 88' lang='lat' dir='ltr'><strong>tantum;</strong></span> <span class='ocrx_word' id='word_1_350' title='bbox 2785 2245 2838 2290; x_wconf 89' lang='lat' dir='ltr'><strong>et</strong></span> <span class='ocrx_word' id='word_1_351' title='bbox 2861 2235 3121 2304; x_wconf 87' lang='lat' dir='ltr'><strong>deinceps</strong></span> <span class='ocrx_word' id='word_1_352' title='bbox 3152 2233 3218 2289; x_wconf 90' lang='lat' dir='ltr'><strong>ad</strong></span> <span class='ocrx_word' id='word_1_353' title='bbox 3257 2243 3450 2290; x_wconf 90' lang='lat' dir='ltr'><strong>sancta</strong></span> <span class='ocrx_word' id='word_1_354' title='bbox 3475 2236 3680 2292; x_wconf 88' lang='lat' dir='ltr'><strong>admit-</strong></span> 
     </span>
    </p>
   </div>
   <div class='ocr_carea' id='block_1_51' title="bbox 2080 2340 2246 2386">
    <p class='ocr_par' dir='ltr' id='par_1_51' title="bbox 2080 2340 2246 2386">
     <span class='ocr_line' id='line_1_51' title="bbox 2080 2340 2246 2386; baseline -0.012 0"><span class='ocrx_word' id='word_1_355' title='bbox 2080 2340 2246 2386; x_wconf 85' lang='lat' dir='ltr'><strong>tetur.</strong></span> 
     </span>
    </p>
   </div>
   <div class='ocr_carea' id='block_1_52' title="bbox 2409 2419 3357 2493">
    <p class='ocr_par' dir='ltr' id='par_1_52' title="bbox 2409 2419 3357 2493">
     <span class='ocr_line' id='line_1_52' title="bbox 2409 2419 3357 2493; baseline -0.001 -17"><span class='ocrx_word' id='word_1_356' title='bbox 2409 2419 2653 2493; x_wconf 79' lang='lat' dir='ltr'><strong>Gregorii</strong></span> <span class='ocrx_word' id='word_1_357' title='bbox 2686 2419 2920 2491; x_wconf 75' lang='lat' dir='ltr'><strong>Nysseni</strong></span> <span class='ocrx_word' id='word_1_358' title='bbox 2953 2435 3177 2474; x_wconf 83' lang='lat' dir='ltr'><strong>canones</strong></span> <span class='ocrx_word' id='word_1_359' title='bbox 3207 2419 3275 2486; x_wconf 73' lang='grc'>4,</span> <span class='ocrx_word' id='word_1_360' title='bbox 3303 2419 3357 2475; x_wconf 81' lang='lat'><strong>5.</strong></span> 
     </span>
    </p>
   </div>
   <div class='ocr_carea' id='block_1_53' title="bbox 2156 2515 3682 2586">
    <p class='ocr_par' dir='ltr' id='par_1_53' title="bbox 2156 2515 3682 2586">
     <span class='ocr_line' id='line_1_53' title="bbox 2156 2515 3682 2586; baseline -0.002 -14"><span class='ocrx_word' id='word_1_361' title='bbox 2156 2517 2211 2572; x_wconf 72' lang='grc'>4.</span> <span class='ocrx_word' id='word_1_362' title='bbox 2242 2516 2432 2572; x_wconf 79' lang='lat' dir='ltr'><strong>Restat</strong></span> <span class='ocrx_word' id='word_1_363' title='bbox 2461 2518 2527 2570; x_wconf 89' lang='lat' dir='ltr'><strong>ad</strong></span> <span class='ocrx_word' id='word_1_364' title='bbox 2558 2516 2674 2570; x_wconf 78' lang='lat' dir='ltr'><strong>haec</strong></span> <span class='ocrx_word' id='word_1_365' title='bbox 2700 2524 2759 2570; x_wconf 92' lang='lat' dir='ltr'><strong>ut</strong></span> <span class='ocrx_word' id='word_1_366' title='bbox 2785 2515 3134 2577; x_wconf 83' lang='lat' dir='ltr'><strong>irascentem,</strong></span> <span class='ocrx_word' id='word_1_367' title='bbox 3162 2522 3292 2578; x_wconf 92' lang='lat' dir='ltr'><strong>etc.,</strong></span> <span class='ocrx_word' id='word_1_368' title='bbox 3318 2523 3378 2569; x_wconf 85' lang='lat' dir='ltr'><strong>ut</strong></span> <span class='ocrx_word' id='word_1_369' title='bbox 3406 2531 3528 2586; x_wconf 82' lang='lat' dir='ltr'><strong>pag.</strong></span> <span class='ocrx_word' id='word_1_370' title='bbox 3553 2515 3682 2570; x_wconf 90' lang='lat' dir='ltr'><strong>8l0.</strong></span> 
     </span>
    </p>
   </div>
   <div class='ocr_carea' id='block_1_54' title="bbox 2163 2607 3686 2680">
    <p class='ocr_par' dir='ltr' id='par_1_54' title="bbox 2163 2607 3686 2680">
     <span class='ocr_line' id='line_1_54' title="bbox 2163 2607 3686 2680; baseline -0.001 -15"><span class='ocrx_word' id='word_1_371' title='bbox 2163 2610 2216 2665; x_wconf 84' lang='lat'><strong>5.</strong></span> <span class='ocrx_word' id='word_1_372' title='bbox 2245 2609 2634 2680; x_wconf 87' lang='lat' dir='ltr'><strong>Siquisautem</strong></span> <span class='ocrx_word' id='word_1_373' title='bbox 2664 2623 2773 2662; x_wconf 90' lang='lat' dir='ltr'><strong>non</strong></span> <span class='ocrx_word' id='word_1_374' title='bbox 2791 2607 3008 2676; x_wconf 82' lang='lat' dir='ltr'><strong>expleto</strong></span> <span class='ocrx_word' id='word_1_375' title='bbox 3044 2617 3288 2677; x_wconf 87' lang='lat' dir='ltr'><strong>tempore</strong></span> <span class='ocrx_word' id='word_1_376' title='bbox 3313 2622 3342 2660; x_wconf 91' lang='lat' dir='ltr'><strong>a</strong></span> <span class='ocrx_word' id='word_1_377' title='bbox 3377 2609 3686 2664; x_wconf 84' lang='lat' dir='ltr'><strong>cauonibus</strong></span> 
     </span>
    </p>
   </div>
   <div class='ocr_carea' id='block_1_55' title="bbox 2088 2694 3687 2771">
    <p class='ocr_par' dir='ltr' id='par_1_55' title="bbox 2088 2694 3687 2771">
     <span class='ocr_line' id='line_1_55' title="bbox 2088 2694 3687 2771; baseline 0 -18"><span class='ocrx_word' id='word_1_378' title='bbox 2088 2701 2398 2771; x_wconf 63' lang='lat' dir='ltr'><strong>praestituto</strong></span> <span class='ocrx_word' id='word_1_379' title='bbox 2423 2699 2534 2752; x_wconf 83' lang='lat' dir='ltr'><strong>vita</strong></span> <span class='ocrx_word' id='word_1_380' title='bbox 2562 2697 2822 2760; x_wconf 84' lang='lat' dir='ltr'><strong>excedat,</strong></span> <span class='ocrx_word' id='word_1_381' title='bbox 2852 2696 3008 2766; x_wconf 86' lang='lat' dir='ltr'><strong>jubet</strong></span> <span class='ocrx_word' id='word_1_382' title='bbox 3039 2694 3263 2750; x_wconf 89' lang='lat' dir='ltr'><strong>Patrum</strong></span> <span class='ocrx_word' id='word_1_383' title='bbox 3299 2697 3590 2753; x_wconf 87' lang='lat' dir='ltr'><strong>clementia</strong></span> <span class='ocrx_word' id='word_1_384' title='bbox 3626 2709 3687 2753; x_wconf 89' lang='lat' dir='ltr'><strong>ut.</strong></span> 
     </span>
    </p>
   </div>
   <div class='ocr_carea' id='block_1_56' title="bbox 2089 2789 3688 2859">
    <p class='ocr_par' dir='ltr' id='par_1_56' title="bbox 2089 2789 3688 2859">
     <span class='ocr_line' id='line_1_56' title="bbox 2089 2789 3688 2859; baseline -0.002 -11"><span class='ocrx_word' id='word_1_385' title='bbox 2089 2793 2316 2848; x_wconf 81' lang='lat' dir='ltr'><strong>cﬂ&#39;ectus</strong></span> <span class='ocrx_word' id='word_1_386' title='bbox 2354 2798 2823 2847; x_wconf 75' lang='lat' dir='ltr'><strong>sacramentorum</strong></span> <span class='ocrx_word' id='word_1_387' title='bbox 2864 2789 3167 2859; x_wconf 62' lang='lat' dir='ltr'><strong>particeps,</strong></span> <span class='ocrx_word' id='word_1_388' title='bbox 3200 2803 3308 2843; x_wconf 92' lang='lat' dir='ltr'><strong>non</strong></span> <span class='ocrx_word' id='word_1_389' title='bbox 3351 2789 3552 2844; x_wconf 82' lang='lat' dir='ltr'><strong>viatico</strong></span> <span class='ocrx_word' id='word_1_390' title='bbox 3592 2805 3688 2845; x_wconf 84' lang='lat' dir='ltr'><strong>va-</strong></span> 
     </span>
    </p>
   </div>
   <div class='ocr_carea' id='block_1_57' title="bbox 2092 2882 3685 2952">
    <p class='ocr_par' dir='ltr' id='par_1_57' title="bbox 2092 2882 3685 2952">
     <span class='ocr_line' id='line_1_57' title="bbox 2092 2882 3685 2952; baseline -0.005 -7"><span class='ocrx_word' id='word_1_391' title='bbox 2092 2905 2230 2945; x_wconf 90' lang='lat' dir='ltr'><strong>cuus</strong></span> <span class='ocrx_word' id='word_1_392' title='bbox 2255 2885 2322 2941; x_wconf 86' lang='lat' dir='ltr'><strong>ad</strong></span> <span class='ocrx_word' id='word_1_393' title='bbox 2348 2894 2648 2940; x_wconf 80' lang='lat' dir='ltr'><strong>extremam</strong></span> <span class='ocrx_word' id='word_1_394' title='bbox 2684 2882 2830 2937; x_wconf 91' lang='lat' dir='ltr'><strong>illam</strong></span> <span class='ocrx_word' id='word_1_395' title='bbox 2858 2890 2913 2936; x_wconf 88' lang='lat' dir='ltr'><strong>ct</strong></span> <span class='ocrx_word' id='word_1_396' title='bbox 2937 2882 3152 2952; x_wconf 82' lang='lat' dir='ltr'><strong>iungant</strong></span> <span class='ocrx_word' id='word_1_397' title='bbox 3187 2882 3685 2952; x_wconf 89' lang='lat' dir='ltr'><strong>peregrinatiouem</strong></span> 
     </span>
    </p>
   </div>
   <div class='ocr_carea' id='block_1_58' title="bbox 2095 2975 3688 3047">
    <p class='ocr_par' dir='ltr' id='par_1_58' title="bbox 2095 2975 3688 3047">
     <span class='ocr_line' id='line_1_58' title="bbox 2095 2975 3688 3047; baseline -0.003 -11"><span class='ocrx_word' id='word_1_398' title='bbox 2095 2981 2361 3036; x_wconf 87' lang='lat' dir='ltr'><strong>mittatur.</strong></span> <span class='ocrx_word' id='word_1_399' title='bbox 2397 2977 2493 3032; x_wconf 92' lang='lat' dir='ltr'><strong>Sin</strong></span> <span class='ocrx_word' id='word_1_400' title='bbox 2533 2985 2751 3041; x_wconf 89' lang='lat' dir='ltr'><strong>autem,</strong></span> <span class='ocrx_word' id='word_1_401' title='bbox 2813 2984 3106 3046; x_wconf 79' lang='lat' dir='ltr'><strong>postquam</strong></span> <span class='ocrx_word' id='word_1_402' title='bbox 3142 2975 3473 3031; x_wconf 86' lang='lat' dir='ltr'><strong>sacramenti</strong></span> <span class='ocrx_word' id='word_1_403' title='bbox 3510 2977 3688 3047; x_wconf 82' lang='lat' dir='ltr'><strong>parti-</strong></span> 
     </span>
    </p>
   </div>
   <div class='ocr_carea' id='block_1_59' title="bbox 2098 3066 3685 3142">
    <p class='ocr_par' dir='ltr' id='par_1_59' title="bbox 2098 3066 3685 3142">
     <span class='ocr_line' id='line_1_59' title="bbox 2098 3066 3685 3142; baseline -0.002 -14"><span class='ocrx_word' id='word_1_404' title='bbox 2098 3087 2226 3142; x_wconf 88' lang='lat' dir='ltr'><strong>ceps</strong></span> <span class='ocrx_word' id='word_1_405' title='bbox 2263 3070 2441 3125; x_wconf 79' lang='lat' dir='ltr'><strong>factus</strong></span> <span class='ocrx_word' id='word_1_406' title='bbox 2478 3067 2677 3131; x_wconf 82' lang='lat' dir='ltr'><strong>fuerit,</strong></span> <span class='ocrx_word' id='word_1_407' title='bbox 2713 3083 2930 3121; x_wconf 89' lang='lat' dir='ltr'><strong>rursum</strong></span> <span class='ocrx_word' id='word_1_408' title='bbox 2967 3067 3033 3121; x_wconf 90' lang='lat' dir='ltr'><strong>ad</strong></span> <span class='ocrx_word' id='word_1_409' title='bbox 3073 3066 3238 3121; x_wconf 88' lang='lat' dir='ltr'><strong>vitam</strong></span> <span class='ocrx_word' id='word_1_410' title='bbox 3275 3083 3531 3125; x_wconf 89' lang='lat' dir='ltr'><strong>reversus</strong></span> <span class='ocrx_word' id='word_1_411' title='bbox 3565 3069 3638 3126; x_wconf 89' lang='lat' dir='ltr'><strong>sit</strong></span> <span class='ocrx_word' id='word_1_412' title='bbox 3671 3089 3685 3125; x_wconf 92' lang='lat'>:</span> 
     </span>
    </p>
   </div>
   <div class='ocr_carea' id='block_1_60' title="bbox 381 3160 2005 3245">
    <p class='ocr_par' dir='ltr' id='par_1_60' title="bbox 381 3173 1985 3245">
     <span class='ocr_line' id='line_1_60' title="bbox 381 3173 1985 3245; baseline 0.002 -19"><span class='ocrx_word' id='word_1_413' title='bbox 381 3173 619 3239; x_wconf 81' lang='grc' dir='ltr'>ανέλθοι,</span> <span class='ocrx_word' id='word_1_414' title='bbox 663 3174 958 3244; x_wconf 86' lang='grc' dir='ltr'>ἀναμένειν</span> <span class='ocrx_word' id='word_1_415' title='bbox 1006 3173 1098 3226; x_wconf 76' lang='grc' dir='ltr'>τὸν</span> <span class='ocrx_word' id='word_1_416' title='bbox 1137 3173 1473 3244; x_wconf 79' lang='grc' dir='ltr'>τεταγμένον</span> <span class='ocrx_word' id='word_1_417' title='bbox 1520 3173 1732 3245; x_wconf 87' lang='grc' dir='ltr'>χρόνον,</span> <span class='ocrx_word' id='word_1_418' title='bbox 1784 3176 1844 3227; x_wconf 85' lang='grc' dir='ltr'>ὲν</span> <span class='ocrx_word' id='word_1_419' title='bbox 1890 3176 1985 3229; x_wconf 86' lang='grc' dir='ltr'>ὲκ-</span> 
     </span>
    </p>
   </div>
   <div class='ocr_carea' id='block_1_61' title="bbox 2080 3160 3691 3245">
    <p class='ocr_par' dir='ltr' id='par_1_61' title="bbox 2093 3160 3691 3232">
     <span class='ocr_line' id='line_1_61' title="bbox 2093 3160 3691 3232; baseline 0 -13"><span class='ocrx_word' id='word_1_420' title='bbox 2093 3170 2357 3219; x_wconf 89' lang='lat' dir='ltr'><strong>statutum</strong></span> <span class='ocrx_word' id='word_1_421' title='bbox 2398 3172 2614 3232; x_wconf 89' lang='lat' dir='ltr'><strong>tempus</strong></span> <span class='ocrx_word' id='word_1_422' title='bbox 2643 3167 2952 3230; x_wconf 82' lang='lat' dir='ltr'><strong>exspectet,</strong></span> <span class='ocrx_word' id='word_1_423' title='bbox 2991 3160 3045 3215; x_wconf 91' lang='lat' dir='ltr'><strong>in</strong></span> <span class='ocrx_word' id='word_1_424' title='bbox 3083 3161 3175 3215; x_wconf 93' lang='lat' dir='ltr'><strong>illo</strong></span> <span class='ocrx_word' id='word_1_425' title='bbox 3209 3161 3380 3231; x_wconf 84' lang='lat' dir='ltr'><strong>gradu</strong></span> <span class='ocrx_word' id='word_1_426' title='bbox 3417 3165 3691 3219; x_wconf 82' lang='lat' dir='ltr'><strong>exsistens</strong></span> 
     </span>
    </p>
   </div>
   <div class='ocr_carea' id='block_1_62' title="bbox 381 3260 1984 3340">
    <p class='ocr_par' dir='ltr' id='par_1_62' title="bbox 381 3260 1984 3340">
     <span class='ocr_line' id='line_1_62' title="bbox 381 3260 1984 3340; baseline 0.001 -18"><span class='ocrx_word' id='word_1_427' title='bbox 381 3269 511 3339; x_wconf 64' lang='grc' dir='ltr'>τίνῳ</span> <span class='ocrx_word' id='word_1_428' title='bbox 541 3268 619 3340; x_wconf 78' lang='grc' dir='ltr'>τῷ</span> <span class='ocrx_word' id='word_1_429' title='bbox 645 3267 840 3339; x_wconf 82' lang='grc' dir='ltr'>βαθμῷ</span> <span class='ocrx_word' id='word_1_430' title='bbox 886 3266 1202 3338; x_wconf 87' lang='grc' dir='ltr'>γενόμενον,</span> <span class='ocrx_word' id='word_1_431' title='bbox 1236 3268 1294 3320; x_wconf 79' lang='grc' dir='ltr'>ὲν</span> <span class='ocrx_word' id='word_1_432' title='bbox 1322 3260 1366 3336; x_wconf 81' lang='grc' dir='ltr'>ᾧ</span> <span class='ocrx_word' id='word_1_433' title='bbox 1412 3262 1481 3339; x_wconf 77' lang='grc' dir='ltr'>ἦν</span> <span class='ocrx_word' id='word_1_434' title='bbox 1536 3267 1644 3338; x_wconf 77' lang='grc' dir='ltr'><strong>πρὸ</strong></span> <span class='ocrx_word' id='word_1_435' title='bbox 1695 3267 1796 3339; x_wconf 79' lang='grc' dir='ltr'>τῆς</span> <span class='ocrx_word' id='word_1_436' title='bbox 1842 3268 1984 3324; x_wconf 78' lang='grc' dir='ltr'>κατὰ</span> 
     </span>
    </p>
   </div>
   <div class='ocr_carea' id='block_1_63' title="bbox 384 3359 1442 3432">
    <p class='ocr_par' dir='ltr' id='par_1_63' title="bbox 384 3359 1442 3432">
     <span class='ocr_line' id='line_1_63' title="bbox 384 3359 1442 3432; baseline 0.002 -18"><span class='ocrx_word' id='word_1_437' title='bbox 384 3360 638 3430; x_wconf 84' lang='grc' dir='ltr'>ἀνάγκην</span> <span class='ocrx_word' id='word_1_438' title='bbox 669 3359 816 3432; x_wconf 79' lang='grc' dir='ltr'>αὐτῷ</span> <span class='ocrx_word' id='word_1_439' title='bbox 851 3359 1100 3430; x_wconf 84' lang='grc' dir='ltr'>δοθείσης</span> <span class='ocrx_word' id='word_1_440' title='bbox 1131 3359 1442 3423; x_wconf 84' lang='grc' dir='ltr'>κοινωνίας.</span> 
     </span>
    </p>
   </div>
   <div class='ocr_carea' id='block_1_64' title="bbox 458 3471 1982 3542">
    <p class='ocr_par' dir='ltr' id='par_1_64' title="bbox 458 3471 1982 3542">
     <span class='ocr_line' id='line_1_64' title="bbox 458 3471 1982 3542; baseline 0.002 -15"><span class='ocrx_word' id='word_1_441' title='bbox 458 3474 714 3527; x_wconf 81' lang='grc' dir='ltr'><strong>ΚΕΦΑΛ.</strong></span> <span class='ocrx_word' id='word_1_442' title='bbox 749 3475 822 3526; x_wconf 69' lang='grc' dir='ltr'><strong>Δθ.</strong></span> <span class='ocrx_word' id='word_1_443' title='bbox 844 3502 916 3512; x_wconf 91' lang='lat'><strong>——</strong></span> <span class='ocrx_word' id='word_1_444' title='bbox 950 3473 1092 3541; x_wconf 77' lang='grc' dir='ltr'>Περὶ</span> <span class='ocrx_word' id='word_1_445' title='bbox 1129 3471 1237 3527; x_wconf 86' lang='grc' dir='ltr'>τοῦ</span> <span class='ocrx_word' id='word_1_446' title='bbox 1273 3472 1420 3540; x_wconf 79' lang='grc' dir='ltr'>τοὺς</span> <span class='ocrx_word' id='word_1_447' title='bbox 1483 3473 1783 3542; x_wconf 79' lang='grc' dir='ltr'>ἐπιτίμιον</span> <span class='ocrx_word' id='word_1_448' title='bbox 1814 3475 1982 3530; x_wconf 80' lang='grc' dir='ltr'>ἀκοι-</span> 
     </span>
    </p>
   </div>
   <div class='ocr_carea' id='block_1_65' title="bbox 386 3565 1986 3636">
    <p class='ocr_par' dir='ltr' id='par_1_65' title="bbox 386 3565 1986 3636">
     <span class='ocr_line' id='line_1_65' title="bbox 386 3565 1986 3636; baseline 0.002 -17"><span class='ocrx_word' id='word_1_449' title='bbox 386 3566 693 3632; x_wconf 68' lang='grc' dir='ltr'>νωνησίιις</span> <span class='ocrx_word' id='word_1_450' title='bbox 722 3565 979 3636; x_wconf 78' lang='grc' dir='ltr'>ἔχοντας</span> <span class='ocrx_word' id='word_1_451' title='bbox 1007 3565 1278 3635; x_wconf 73' lang='grc' dir='ltr'>ὀφείλειν</span> <span class='ocrx_word' id='word_1_452' title='bbox 1307 3565 1617 3620; x_wconf 81' lang='grc' dir='ltr'>κοινωνεῖν</span> <span class='ocrx_word' id='word_1_453' title='bbox 1637 3568 1986 3636; x_wconf 76' lang='grc' dir='ltr'>μέλλοντας</span> 
     </span>
    </p>
   </div>
   <div class='ocr_carea' id='block_1_66' title="bbox 385 3654 1986 3726">
    <p class='ocr_par' dir='ltr' id='par_1_66' title="bbox 385 3654 1986 3726">
     <span class='ocr_line' id='line_1_66' title="bbox 385 3654 1986 3726; baseline 0.001 -17"><span class='ocrx_word' id='word_1_454' title='bbox 385 3654 680 3724; x_wconf 74' lang='grc' dir='ltr'>τελευτᾷν</span> <span class='ocrx_word' id='word_1_455' title='bbox 700 3673 712 3686; x_wconf 87' lang='grc'>·</span> <span class='ocrx_word' id='word_1_456' title='bbox 736 3656 835 3710; x_wconf 82' lang='grc' dir='ltr'>καὶ</span> <span class='ocrx_word' id='word_1_457' title='bbox 863 3656 920 3710; x_wconf 89' lang='grc' dir='ltr'><strong>τί</strong></span> <span class='ocrx_word' id='word_1_458' title='bbox 948 3657 1172 3725; x_wconf 74' lang='grc' dir='ltr'>γίνεται</span> <span class='ocrx_word' id='word_1_459' title='bbox 1206 3654 1316 3710; x_wconf 79' lang='grc' dir='ltr'><strong>ἐὰν</strong></span> <span class='ocrx_word' id='word_1_460' title='bbox 1345 3654 1444 3708; x_wconf 81' lang='grc' dir='ltr'>διὰ</span> <span class='ocrx_word' id='word_1_461' title='bbox 1496 3655 1678 3710; x_wconf 85' lang='grc' dir='ltr'>τοῦτο</span> <span class='ocrx_word' id='word_1_462' title='bbox 1719 3658 1986 3726; x_wconf 80' lang='grc' dir='ltr'>μεταλα-</span> 
     </span>
    </p>
   </div>
   <div class='ocr_carea' id='block_1_67' title="bbox 382 3746 1195 3818">
    <p class='ocr_par' dir='ltr' id='par_1_67' title="bbox 382 3746 1195 3818">
     <span class='ocr_line' id='line_1_67' title="bbox 382 3746 1195 3818; baseline -0.002 -15"><span class='ocrx_word' id='word_1_463' title='bbox 382 3750 618 3814; x_wconf 75' lang='grc' dir='ltr'>ϐόντες,</span> <span class='ocrx_word' id='word_1_464' title='bbox 640 3748 729 3818; x_wconf 77' lang='grc' dir='ltr'>μὴ</span> <span class='ocrx_word' id='word_1_465' title='bbox 765 3746 1195 3812; x_wconf 76' lang='grc' dir='ltr'>ἁποθιίνωσιγ;</span> 
     </span>
    </p>
   </div>
   <div class='ocr_carea' id='block_1_68' title="bbox 719 3926 1641 3997">
    <p class='ocr_par' dir='ltr' id='par_1_68' title="bbox 719 3926 1641 3997">
     <span class='ocr_line' id='line_1_68' title="bbox 719 3926 1641 3997; baseline 0 -13"><span class='ocrx_word' id='word_1_466' title='bbox 719 3928 994 3984; x_wconf 78' lang='grc' dir='ltr'>Συνόδου</span> <span class='ocrx_word' id='word_1_467' title='bbox 1031 3928 1281 3995; x_wconf 84' lang='grc' dir='ltr'>Νικαίας</span> <span class='ocrx_word' id='word_1_468' title='bbox 1315 3927 1520 3983; x_wconf 76' lang='grc' dir='ltr'>κανὼν</span> <span class='ocrx_word' id='word_1_469' title='bbox 1553 3926 1641 3997; x_wconf 90' lang='grc' dir='ltr'>ιγ’.</span> 
     </span>
    </p>
   </div>
   <div class='ocr_carea' id='block_1_69' title="bbox 464 4019 1998 4094">
    <p class='ocr_par' dir='ltr' id='par_1_69' title="bbox 464 4019 1998 4094">
     <span class='ocr_line' id='line_1_69' title="bbox 464 4019 1998 4094; baseline -0.002 -18"><span class='ocrx_word' id='word_1_470' title='bbox 464 4021 555 4093; x_wconf 91' lang='grc' dir='ltr'>ιγ’.</span> <span class='ocrx_word' id='word_1_471' title='bbox 575 4024 715 4094; x_wconf 75' lang='grc' dir='ltr'>Περὶ</span> <span class='ocrx_word' id='word_1_472' title='bbox 746 4023 804 4078; x_wconf 87' lang='grc' dir='ltr'>δὲ</span> <span class='ocrx_word' id='word_1_473' title='bbox 887 4023 998 4076; x_wconf 84' lang='grc' dir='ltr'><strong>τῶν</strong></span> <span class='ocrx_word' id='word_1_474' title='bbox 1051 4022 1432 4088; x_wconf 80' lang='grc' dir='ltr'>ἐξοδευόντων,</span> <span class='ocrx_word' id='word_1_475' title='bbox 1491 4023 1520 4074; x_wconf 87' lang='grc' dir='ltr'><strong>ὁ</strong></span> <span class='ocrx_word' id='word_1_476' title='bbox 1597 4019 1826 4084; x_wconf 78' lang='grc' dir='ltr'>παλαιὸς</span> <span class='ocrx_word' id='word_1_477' title='bbox 1901 4020 1998 4074; x_wconf 72' lang='grc' dir='ltr'><strong>καὶ</strong></span> 
     </span>
    </p>
   </div>
   <div class='ocr_carea' id='block_1_70' title="bbox 389 4113 1874 4186">
    <p class='ocr_par' dir='ltr' id='par_1_70' title="bbox 389 4113 1874 4186">
     <span class='ocr_line' id='line_1_70' title="bbox 389 4113 1874 4186; baseline 0 -16"><span class='ocrx_word' id='word_1_478' title='bbox 389 4116 678 4181; x_wconf 77' lang='grc' dir='ltr'>κανονικὸς</span> <span class='ocrx_word' id='word_1_479' title='bbox 704 4116 868 4186; x_wconf 85' lang='grc' dir='ltr'>νόμος</span> <span class='ocrx_word' id='word_1_480' title='bbox 908 4114 1322 4186; x_wconf 83' lang='grc' dir='ltr'>φυλαχθήσεται</span> <span class='ocrx_word' id='word_1_481' title='bbox 1366 4116 1462 4169; x_wconf 75' lang='grc' dir='ltr'>καὶ</span> <span class='ocrx_word' id='word_1_482' title='bbox 1485 4113 1605 4180; x_wconf 82' lang='grc' dir='ltr'>νῦν,</span> <span class='ocrx_word' id='word_1_483' title='bbox 1643 4132 1696 4169; x_wconf 90' lang='grc' dir='ltr'>κ.</span> <span class='ocrx_word' id='word_1_484' title='bbox 1733 4132 1784 4170; x_wconf 92' lang='grc' dir='ltr'>τ.</span> <span class='ocrx_word' id='word_1_485' title='bbox 1821 4116 1874 4170; x_wconf 87' lang='grc' dir='ltr'><strong>λ.</strong></span> 
     </span>
    </p>
   </div>
   <div class='ocr_carea' id='block_1_71' title="bbox 709 4206 1593 4278">
    <p class='ocr_par' dir='ltr' id='par_1_71' title="bbox 709 4206 1593 4278">
     <span class='ocr_line' id='line_1_71' title="bbox 709 4206 1593 4278; baseline 0.002 -16"><span class='ocrx_word' id='word_1_486' title='bbox 709 4208 1050 4278; x_wconf 77' lang='grc' dir='ltr'>Γρηγορίου</span> <span class='ocrx_word' id='word_1_487' title='bbox 1078 4209 1335 4276; x_wconf 84' lang='grc' dir='ltr'>Νύσσης</span> <span class='ocrx_word' id='word_1_488' title='bbox 1369 4225 1504 4278; x_wconf 68' lang='grc' dir='ltr'>κερ.</span> <span class='ocrx_word' id='word_1_489' title='bbox 1530 4206 1593 4264; x_wconf 88' lang='grc' dir='ltr'><strong>ε’.</strong></span> 
     </span>
    </p>
   </div>
   <div class='ocr_carea' id='block_1_72' title="bbox 452 4299 1856 4374">
    <p class='ocr_par' dir='ltr' id='par_1_72' title="bbox 452 4299 1856 4374">
     <span class='ocr_line' id='line_1_72' title="bbox 452 4299 1856 4374; baseline 0.003 -22"><span class='ocrx_word' id='word_1_490' title='bbox 452 4307 515 4352; x_wconf 87' lang='grc' dir='ltr'><strong>ε’.</strong></span> <span class='ocrx_word' id='word_1_491' title='bbox 546 4301 610 4353; x_wconf 87' lang='grc' dir='ltr'><strong>Εἰ</strong></span> <span class='ocrx_word' id='word_1_492' title='bbox 636 4299 694 4352; x_wconf 87' lang='grc' dir='ltr'><strong>δέ</strong></span> <span class='ocrx_word' id='word_1_493' title='bbox 722 4317 803 4363; x_wconf 86' lang='grc' dir='ltr'><strong>τις</strong></span> <span class='ocrx_word' id='word_1_494' title='bbox 842 4302 919 4372; x_wconf 85' lang='grc' dir='ltr'>μὴ</span> <span class='ocrx_word' id='word_1_495' title='bbox 949 4301 1244 4373; x_wconf 82' lang='grc' dir='ltr'>πληρώσας</span> <span class='ocrx_word' id='word_1_496' title='bbox 1269 4302 1362 4355; x_wconf 83' lang='grc' dir='ltr'><strong>τὸν</strong></span> <span class='ocrx_word' id='word_1_497' title='bbox 1384 4302 1599 4374; x_wconf 86' lang='grc' dir='ltr'>χρόνον,</span> <span class='ocrx_word' id='word_1_498' title='bbox 1628 4319 1681 4354; x_wconf 87' lang='grc' dir='ltr'>κ.</span> <span class='ocrx_word' id='word_1_499' title='bbox 1718 4319 1771 4355; x_wconf 91' lang='grc' dir='ltr'><strong>τ.</strong></span> <span class='ocrx_word' id='word_1_500' title='bbox 1807 4301 1856 4356; x_wconf 89' lang='grc' dir='ltr'><strong>λ.</strong></span> 
     </span>
    </p>
   </div>
   <div class='ocr_carea' id='block_1_73' title="bbox 472 4392 1989 4463">
    <p class='ocr_par' dir='ltr' id='par_1_73' title="bbox 472 4392 1989 4463">
     <span class='ocr_line' id='line_1_73' title="bbox 472 4392 1989 4463; baseline -0.001 -15"><span class='ocrx_word' id='word_1_501' title='bbox 472 4395 726 4448; x_wconf 79' lang='grc' dir='ltr'><strong>ΚΕΦΑΛ.</strong></span> <span class='ocrx_word' id='word_1_502' title='bbox 753 4395 828 4449; x_wconf 82' lang='grc' dir='ltr'><strong>Ε’.</strong></span> <span class='ocrx_word' id='word_1_503' title='bbox 860 4423 932 4439; x_wconf 65' lang='grc' dir='ltr'>-ν</span> <span class='ocrx_word' id='word_1_504' title='bbox 969 4395 1110 4463; x_wconf 77' lang='grc' dir='ltr'>Περὶ</span> <span class='ocrx_word' id='word_1_505' title='bbox 1138 4394 1245 4449; x_wconf 87' lang='grc' dir='ltr'>τοῦ</span> <span class='ocrx_word' id='word_1_506' title='bbox 1285 4393 1768 4463; x_wconf 78' lang='grc' dir='ltr'>ὀνειρασθέντος,</span> <span class='ocrx_word' id='word_1_507' title='bbox 1805 4394 1842 4462; x_wconf 77' lang='grc' dir='ltr'><em>ἡ</em></span> <span class='ocrx_word' id='word_1_508' title='bbox 1870 4392 1989 4447; x_wconf 73' lang='grc' dir='ltr'><strong>ἀπὸ</strong></span> 
     </span>
    </p>
   </div>
   <div class='ocr_carea' id='block_1_74' title="bbox 391 4485 1992 4559">
    <p class='ocr_par' dir='ltr' id='par_1_74' title="bbox 391 4485 1992 4559">
     <span class='ocr_line' id='line_1_74' title="bbox 391 4485 1992 4559; baseline -0.002 -16"><span class='ocrx_word' id='word_1_509' title='bbox 391 4491 600 4558; x_wconf 79' lang='grc' dir='ltr'>κοίτης</span> <span class='ocrx_word' id='word_1_510' title='bbox 654 4488 766 4558; x_wconf 81' lang='grc' dir='ltr'>τῆς</span> <span class='ocrx_word' id='word_1_511' title='bbox 804 4487 960 4555; x_wconf 83' lang='grc' dir='ltr'>ιδίας</span> <span class='ocrx_word' id='word_1_512' title='bbox 987 4487 1248 4559; x_wconf 78' lang='grc' dir='ltr'>γαμετῆς</span> <span class='ocrx_word' id='word_1_513' title='bbox 1293 4487 1491 4554; x_wconf 76' lang='grc' dir='ltr'>ὄντος,</span> <span class='ocrx_word' id='word_1_514' title='bbox 1557 4487 1658 4541; x_wconf 72' lang='grc' dir='ltr'><strong>καί</strong></span> <span class='ocrx_word' id='word_1_515' title='bbox 1705 4485 1992 4553; x_wconf 72' lang='grc' dir='ltr'>θέλοντος</span> 
     </span>
    </p>
   </div>
   <div class='ocr_carea' id='block_1_75' title="bbox 2091 3255 3691 3327">
    <p class='ocr_par' dir='ltr' id='par_1_75' title="bbox 2091 3255 3691 3327">
     <span class='ocr_line' id='line_1_75' title="bbox 2091 3255 3691 3327; baseline 0.002 -15"><span class='ocrx_word' id='word_1_516' title='bbox 2091 3257 2145 3312; x_wconf 91' lang='lat' dir='ltr'><strong>in</strong></span> <span class='ocrx_word' id='word_1_517' title='bbox 2177 3271 2294 3327; x_wconf 87' lang='lat' dir='ltr'><strong>quo</strong></span> <span class='ocrx_word' id='word_1_518' title='bbox 2331 3263 2450 3310; x_wconf 88' lang='lat' dir='ltr'><strong>erat</strong></span> <span class='ocrx_word' id='word_1_519' title='bbox 2483 3264 2612 3309; x_wconf 90' lang='lat' dir='ltr'><strong>ante</strong></span> <span class='ocrx_word' id='word_1_520' title='bbox 2649 3255 3096 3310; x_wconf 88' lang='lat' dir='ltr'><strong>communionem</strong></span> <span class='ocrx_word' id='word_1_521' title='bbox 3139 3255 3216 3309; x_wconf 90' lang='lat' dir='ltr'><strong>illi</strong></span> <span class='ocrx_word' id='word_1_522' title='bbox 3255 3270 3320 3311; x_wconf 73' lang='lat' dir='ltr'><strong>es</strong></span> <span class='ocrx_word' id='word_1_523' title='bbox 3364 3258 3691 3314; x_wconf 85' lang='lat' dir='ltr'><strong>necessitate</strong></span> 
     </span>
    </p>
   </div>
   <div class='ocr_carea' id='block_1_76' title="bbox 2089 3348 2296 3404">
    <p class='ocr_par' dir='ltr' id='par_1_76' title="bbox 2089 3348 2296 3404">
     <span class='ocr_line' id='line_1_76' title="bbox 2089 3348 2296 3404; baseline -0.005 -1"><span class='ocrx_word' id='word_1_524' title='bbox 2089 3348 2296 3404; x_wconf 87' lang='lat' dir='ltr'><strong>datam.</strong></span> 
     </span>
    </p>
   </div>
   <div class='ocr_carea' id='block_1_77' title="bbox 2163 3443 3693 3534">
    <p class='ocr_par' dir='ltr' id='par_1_77' title="bbox 2163 3443 3693 3534">
     <span class='ocr_line' id='line_1_77' title="bbox 2163 3443 3693 3534; baseline 0.002 -17"><span class='ocrx_word' id='word_1_525' title='bbox 2163 3460 2321 3517; x_wconf 82' lang='lat' dir='ltr'><strong>CAP.</strong></span> <span class='ocrx_word' id='word_1_526' title='bbox 2364 3459 2454 3517; x_wconf 72' lang='grc' dir='ltr'><strong>Π.</strong></span> <span class='ocrx_word' id='word_1_527' title='bbox 2480 3493 2551 3505; x_wconf 90' lang='grc'><strong><em>-</em></strong></span> <span class='ocrx_word' id='word_1_528' title='bbox 2573 3461 2727 3528; x_wconf 81' lang='lat' dir='ltr'><strong>Quod</strong></span> <span class='ocrx_word' id='word_1_529' title='bbox 2757 3462 2796 3516; x_wconf 90' lang='lat' dir='ltr'><strong>ii</strong></span> <span class='ocrx_word' id='word_1_530' title='bbox 2823 3463 2913 3533; x_wconf 88' lang='lat' dir='ltr'><strong>qui</strong></span> <span class='ocrx_word' id='word_1_531' title='bbox 2939 3464 3504 3518; x_wconf 75' lang='lat' dir='ltr'><strong>excommunicationis</strong></span> <span class='ocrx_word' id='word_1_532' title='bbox 3537 3443 3693 3534; x_wconf 68' lang='lat' dir='ltr'><strong>paena</strong></span> 
     </span>
    </p>
   </div>
   <div class='ocr_carea' id='block_1_78' title="bbox 2093 3555 3694 3622">
    <p class='ocr_par' dir='ltr' id='par_1_78' title="bbox 2093 3555 3694 3622">
     <span class='ocr_line' id='line_1_78' title="bbox 2093 3555 3694 3622; baseline 0.002 -15"><span class='ocrx_word' id='word_1_533' title='bbox 2093 3555 2310 3609; x_wconf 81' lang='lat' dir='ltr'><strong>multati</strong></span> <span class='ocrx_word' id='word_1_534' title='bbox 2337 3567 2483 3622; x_wconf 79' lang='lat' dir='ltr'><strong>sunt,</strong></span> <span class='ocrx_word' id='word_1_535' title='bbox 2515 3557 2571 3610; x_wconf 86' lang='lat' dir='ltr'><strong>in</strong></span> <span class='ocrx_word' id='word_1_536' title='bbox 2603 3556 2790 3609; x_wconf 77' lang='lat' dir='ltr'><strong>mortis</strong></span> <span class='ocrx_word' id='word_1_537' title='bbox 2839 3556 3068 3610; x_wconf 82' lang='lat' dir='ltr'><strong>articulo</strong></span> <span class='ocrx_word' id='word_1_538' title='bbox 3103 3565 3281 3611; x_wconf 79' lang='lat' dir='ltr'><strong>tamen</strong></span> <span class='ocrx_word' id='word_1_539' title='bbox 3315 3557 3503 3612; x_wconf 86' lang='lat' dir='ltr'><strong>debent</strong></span> <span class='ocrx_word' id='word_1_540' title='bbox 3543 3573 3694 3612; x_wconf 81' lang='lat' dir='ltr'><strong>com-</strong></span> 
     </span>
    </p>
   </div>
   <div class='ocr_carea' id='block_1_79' title="bbox 2093 3649 3696 3718">
    <p class='ocr_par' dir='ltr' id='par_1_79' title="bbox 2093 3649 3696 3718">
     <span class='ocr_line' id='line_1_79' title="bbox 2093 3649 3696 3718; baseline 0.001 -16"><span class='ocrx_word' id='word_1_541' title='bbox 2093 3650 2388 3703; x_wconf 85' lang='lat' dir='ltr'><strong>municare.</strong></span> <span class='ocrx_word' id='word_1_542' title='bbox 2434 3649 2577 3716; x_wconf 82' lang='lat' dir='ltr'><strong>Quid</strong></span> <span class='ocrx_word' id='word_1_543' title='bbox 2631 3666 2748 3703; x_wconf 73' lang='lat' dir='ltr'><strong>vero</strong></span> <span class='ocrx_word' id='word_1_544' title='bbox 2805 3649 2872 3702; x_wconf 82' lang='lat' dir='ltr'><strong>iis</strong></span> <span class='ocrx_word' id='word_1_545' title='bbox 2936 3649 3260 3718; x_wconf 84' lang='lat' dir='ltr'><strong>faciendum,</strong></span> <span class='ocrx_word' id='word_1_546' title='bbox 3335 3653 3382 3704; x_wconf 88' lang='lat' dir='ltr'><strong>si</strong></span> <span class='ocrx_word' id='word_1_547' title='bbox 3451 3649 3515 3705; x_wconf 82' lang='lat' dir='ltr'><strong>ob</strong></span> <span class='ocrx_word' id='word_1_548' title='bbox 3575 3667 3696 3704; x_wconf 87' lang='lat' dir='ltr'><strong>eam</strong></span> 
     </span>
    </p>
   </div>
   <div class='ocr_carea' id='block_1_80' title="bbox 2092 3743 3695 3814">
    <p class='ocr_par' dir='ltr' id='par_1_80' title="bbox 2092 3743 3695 3814">
     <span class='ocr_line' id='line_1_80' title="bbox 2092 3743 3695 3814; baseline 0 -16"><span class='ocrx_word' id='word_1_549' title='bbox 2092 3760 2314 3798; x_wconf 85' lang='lat' dir='ltr'><strong>causam</strong></span> <span class='ocrx_word' id='word_1_550' title='bbox 2362 3743 2434 3796; x_wconf 88' lang='lat' dir='ltr'><strong>ad</strong></span> <span class='ocrx_word' id='word_1_551' title='bbox 2483 3743 2907 3797; x_wconf 82' lang='lat' dir='ltr'><strong>communionem</strong></span> <span class='ocrx_word' id='word_1_552' title='bbox 2958 3745 3207 3808; x_wconf 83' lang='lat' dir='ltr'><strong>admissi,</strong></span> <span class='ocrx_word' id='word_1_553' title='bbox 3267 3753 3454 3814; x_wconf 88' lang='lat' dir='ltr'><strong>postea</strong></span> <span class='ocrx_word' id='word_1_554' title='bbox 3502 3761 3695 3799; x_wconf 80' lang='lat' dir='ltr'><strong>conva-</strong></span> 
     </span>
    </p>
   </div>
   <div class='ocr_carea' id='block_1_81' title="bbox 2094 3837 2334 3892">
    <p class='ocr_par' dir='ltr' id='par_1_81' title="bbox 2094 3837 2334 3892">
     <span class='ocr_line' id='line_1_81' title="bbox 2094 3837 2334 3892; baseline 0 -2"><span class='ocrx_word' id='word_1_555' title='bbox 2094 3837 2290 3892; x_wconf 80' lang='lat' dir='ltr'><strong>luerint</strong></span> <span class='ocrx_word' id='word_1_556' title='bbox 2309 3837 2334 3890; x_wconf 85' lang='lat'><strong><em>?</em></strong></span> 
     </span>
    </p>
   </div>
   <div class='ocr_carea' id='block_1_82' title="bbox 2491 3927 3301 3984">
    <p class='ocr_par' dir='ltr' id='par_1_82' title="bbox 2491 3927 3301 3984">
     <span class='ocr_line' id='line_1_82' title="bbox 2491 3927 3301 3984; baseline -0.004 0"><span class='ocrx_word' id='word_1_557' title='bbox 2491 3927 2724 3984; x_wconf 81' lang='lat' dir='ltr'><strong>Concilii</strong></span> <span class='ocrx_word' id='word_1_558' title='bbox 2761 3929 2976 3984; x_wconf 68' lang='lat' dir='ltr'><strong>A’icceni</strong></span> <span class='ocrx_word' id='word_1_559' title='bbox 3011 3945 3181 3983; x_wconf 84' lang='lat' dir='ltr'><strong>canon</strong></span> <span class='ocrx_word' id='word_1_560' title='bbox 3217 3929 3301 3984; x_wconf 90' lang='grc'><strong>15.</strong></span> 
     </span>
    </p>
   </div>
   <div class='ocr_carea' id='block_1_83' title="bbox 2171 4021 3698 4091">
    <p class='ocr_par' dir='ltr' id='par_1_83' title="bbox 2171 4021 3698 4091">
     <span class='ocr_line' id='line_1_83' title="bbox 2171 4021 3698 4091; baseline 0.001 -15"><span class='ocrx_word' id='word_1_561' title='bbox 2171 4023 2258 4077; x_wconf 88' lang='grc'><strong>15.</strong></span> <span class='ocrx_word' id='word_1_562' title='bbox 2302 4021 2378 4076; x_wconf 88' lang='lat' dir='ltr'><strong>De</strong></span> <span class='ocrx_word' id='word_1_563' title='bbox 2409 4021 2478 4078; x_wconf 87' lang='lat' dir='ltr'><strong>iis</strong></span> <span class='ocrx_word' id='word_1_564' title='bbox 2512 4022 2606 4091; x_wconf 91' lang='lat' dir='ltr'><strong>qui</strong></span> <span class='ocrx_word' id='word_1_565' title='bbox 2639 4021 2938 4086; x_wconf 79' lang='lat' dir='ltr'><strong>excedunt,</strong></span> <span class='ocrx_word' id='word_1_566' title='bbox 2961 4022 3186 4091; x_wconf 89' lang='lat' dir='ltr'><strong>antiqua</strong></span> <span class='ocrx_word' id='word_1_567' title='bbox 3216 4030 3270 4075; x_wconf 88' lang='lat' dir='ltr'><strong>et</strong></span> <span class='ocrx_word' id='word_1_568' title='bbox 3307 4022 3571 4078; x_wconf 86' lang='lat' dir='ltr'><strong>canonica</strong></span> <span class='ocrx_word' id='word_1_569' title='bbox 3609 4021 3698 4078; x_wconf 80' lang='lat' dir='ltr'><strong>lcx</strong></span> 
     </span>
    </p>
   </div>
   <div class='ocr_carea' id='block_1_84' title="bbox 2098 4113 3406 4186">
    <p class='ocr_par' dir='ltr' id='par_1_84' title="bbox 2098 4113 3406 4186">
     <span class='ocr_line' id='line_1_84' title="bbox 2098 4113 3406 4186; baseline 0.001 -18"><span class='ocrx_word' id='word_1_570' title='bbox 2098 4131 2246 4170; x_wconf 92' lang='lat' dir='ltr'><strong>nunc</strong></span> <span class='ocrx_word' id='word_1_571' title='bbox 2269 4130 2490 4186; x_wconf 87' lang='lat' dir='ltr'><strong>quoque</strong></span> <span class='ocrx_word' id='word_1_572' title='bbox 2515 4115 2848 4178; x_wconf 83' lang='lat' dir='ltr'><strong>servabitur,</strong></span> <span class='ocrx_word' id='word_1_573' title='bbox 2877 4125 3009 4181; x_wconf 89' lang='lat' dir='ltr'><strong>etc.,</strong></span> <span class='ocrx_word' id='word_1_574' title='bbox 3037 4124 3093 4167; x_wconf 95' lang='grc' dir='ltr'><strong>ιιι</strong></span> <span class='ocrx_word' id='word_1_575' title='bbox 3123 4129 3247 4185; x_wconf 85' lang='lat' dir='ltr'><strong>pag.</strong></span> <span class='ocrx_word' id='word_1_576' title='bbox 3281 4113 3406 4169; x_wconf 83' lang='grc'><strong>751.</strong></span> 
     </span>
    </p>
   </div>
   <div class='ocr_carea' id='block_1_85' title="bbox 2517 4205 3273 4278">
    <p class='ocr_par' dir='ltr' id='par_1_85' title="bbox 2517 4205 3273 4278">
     <span class='ocr_line' id='line_1_85' title="bbox 2517 4205 3273 4278; baseline 0 -17"><span class='ocrx_word' id='word_1_577' title='bbox 2517 4205 2759 4277; x_wconf 80' lang='lat' dir='ltr'><strong>Gregorii</strong></span> <span class='ocrx_word' id='word_1_578' title='bbox 2795 4206 3028 4278; x_wconf 69' lang='lat' dir='ltr'><strong>Nysseni</strong></span> <span class='ocrx_word' id='word_1_579' title='bbox 3062 4221 3182 4276; x_wconf 82' lang='lat' dir='ltr'><strong>rap.</strong></span> <span class='ocrx_word' id='word_1_580' title='bbox 3221 4207 3273 4261; x_wconf 83' lang='grc'><strong>5.</strong></span> 
     </span>
    </p>
   </div>
   <div class='ocr_carea' id='block_1_86' title="bbox 2173 4299 3695 4372">
    <p class='ocr_par' dir='ltr' id='par_1_86' title="bbox 2173 4299 3695 4372">
     <span class='ocr_line' id='line_1_86' title="bbox 2173 4299 3695 4372; baseline 0.001 -18"><span class='ocrx_word' id='word_1_581' title='bbox 2173 4301 2223 4357; x_wconf 80' lang='grc'><strong>5.</strong></span> <span class='ocrx_word' id='word_1_582' title='bbox 2240 4301 2297 4355; x_wconf 87' lang='lat' dir='ltr'><strong>Si</strong></span> <span class='ocrx_word' id='word_1_583' title='bbox 2312 4299 2436 4372; x_wconf 90' lang='lat' dir='ltr'><strong>quis</strong></span> <span class='ocrx_word' id='word_1_584' title='bbox 2452 4311 2634 4355; x_wconf 88' lang='lat' dir='ltr'><strong>autem</strong></span> <span class='ocrx_word' id='word_1_585' title='bbox 2657 4315 2760 4354; x_wconf 93' lang='lat' dir='ltr'><strong>non</strong></span> <span class='ocrx_word' id='word_1_586' title='bbox 2777 4315 2840 4353; x_wconf 81' lang='lat' dir='ltr'><strong>ex</strong></span> <span class='ocrx_word' id='word_1_587' title='bbox 2851 4302 2994 4369; x_wconf 88' lang='lat' dir='ltr'><strong>pleto</strong></span> <span class='ocrx_word' id='word_1_588' title='bbox 3008 4308 3273 4368; x_wconf 57' lang='lat' dir='ltr'><strong>tempore,</strong></span> <span class='ocrx_word' id='word_1_589' title='bbox 3289 4306 3419 4357; x_wconf 88' lang='lat' dir='ltr'><strong>etc..</strong></span> <span class='ocrx_word' id='word_1_590' title='bbox 3438 4309 3494 4353; x_wconf 89' lang='lat' dir='ltr'><strong>ut</strong></span> <span class='ocrx_word' id='word_1_591' title='bbox 3510 4316 3695 4371; x_wconf 82' lang='lat' dir='ltr'><strong>supra.</strong></span> 
     </span>
    </p>
   </div>
   <div class='ocr_carea' id='block_1_87' title="bbox 2169 4390 3698 4464">
    <p class='ocr_par' dir='ltr' id='par_1_87' title="bbox 2169 4390 3698 4464">
     <span class='ocr_line' id='line_1_87' title="bbox 2169 4390 3698 4464; baseline 0 -16"><span class='ocrx_word' id='word_1_592' title='bbox 2169 4391 2326 4448; x_wconf 81' lang='lat' dir='ltr'><strong>CAP.</strong></span> <span class='ocrx_word' id='word_1_593' title='bbox 2373 4390 2436 4446; x_wconf 89' lang='lat' dir='ltr'><strong>V.</strong></span> <span class='ocrx_word' id='word_1_594' title='bbox 2458 4422 2529 4432; x_wconf 91' lang='lat'>—</span> <span class='ocrx_word' id='word_1_595' title='bbox 2561 4390 2638 4446; x_wconf 88' lang='lat' dir='ltr'><strong>De</strong></span> <span class='ocrx_word' id='word_1_596' title='bbox 2676 4407 2735 4445; x_wconf 82' lang='lat' dir='ltr'><strong>eo</strong></span> <span class='ocrx_word' id='word_1_597' title='bbox 2767 4393 2858 4462; x_wconf 83' lang='lat' dir='ltr'><strong>qui</strong></span> <span class='ocrx_word' id='word_1_598' title='bbox 2889 4403 3207 4446; x_wconf 81' lang='lat' dir='ltr'><strong>nocturnam</strong></span> <span class='ocrx_word' id='word_1_599' title='bbox 3236 4391 3541 4448; x_wconf 85' lang='lat' dir='ltr'><strong>illusionem</strong></span> <span class='ocrx_word' id='word_1_600' title='bbox 3571 4410 3698 4464; x_wconf 84' lang='lat' dir='ltr'><strong>pas-</strong></span> 
     </span>
    </p>
   </div>
   <div class='ocr_carea' id='block_1_88' title="bbox 2100 4481 3698 4552">
    <p class='ocr_par' dir='ltr' id='par_1_88' title="bbox 2100 4481 3698 4552">
     <span class='ocr_line' id='line_1_88' title="bbox 2100 4481 3698 4552; baseline 0.001 -16"><span class='ocrx_word' id='word_1_601' title='bbox 2100 4499 2190 4537; x_wconf 86' lang='lat' dir='ltr'><strong>sus</strong></span> <span class='ocrx_word' id='word_1_602' title='bbox 2223 4492 2331 4547; x_wconf 82' lang='lat' dir='ltr'><strong>est;</strong></span> <span class='ocrx_word' id='word_1_603' title='bbox 2359 4486 2436 4536; x_wconf 81' lang='lat' dir='ltr'><strong>vet</strong></span> <span class='ocrx_word' id='word_1_604' title='bbox 2470 4482 2560 4552; x_wconf 87' lang='lat' dir='ltr'><strong>qui</strong></span> <span class='ocrx_word' id='word_1_605' title='bbox 2590 4492 2705 4551; x_wconf 84' lang='lat' dir='ltr'><strong>post</strong></span> <span class='ocrx_word' id='word_1_606' title='bbox 2738 4481 2975 4536; x_wconf 83' lang='lat' dir='ltr'><strong>habitam</strong></span> <span class='ocrx_word' id='word_1_607' title='bbox 3020 4499 3141 4536; x_wconf 81' lang='lat' dir='ltr'><strong>cum</strong></span> <span class='ocrx_word' id='word_1_608' title='bbox 3184 4499 3350 4538; x_wconf 74' lang='lat' dir='ltr'><strong>uxore</strong></span> <span class='ocrx_word' id='word_1_609' title='bbox 3394 4501 3504 4538; x_wconf 86' lang='lat' dir='ltr'><strong>rem</strong></span> <span class='ocrx_word' id='word_1_610' title='bbox 3551 4501 3698 4539; x_wconf 87' lang='lat' dir='ltr'><strong>com-</strong></span> 
     </span>
    </p>
   </div>
   <div class='ocr_carea' id='block_1_89' title="bbox 393 4550 2005 4652">
    <p class='ocr_par' dir='ltr' id='par_1_89' title="bbox 393 4550 1992 4652">
     <span class='ocr_line' id='line_1_89' title="bbox 393 4550 1992 4652; baseline -0.002 -16"><span class='ocrx_word' id='word_1_611' title='bbox 393 4550 764 4652; x_wconf 50' lang='grc' dir='ltr'>κοινώιρῆσσι</span> <span class='ocrx_word' id='word_1_612' title='bbox 785 4601 798 4614; x_wconf 91' lang='grc'><strong>·</strong></span> <span class='ocrx_word' id='word_1_613' title='bbox 833 4550 1145 4648; x_wconf 41' lang='grc' dir='ltr'>καί-ποίας</span> <span class='ocrx_word' id='word_1_614' title='bbox 1177 4550 1398 4652; x_wconf 56' lang='grc' dir='ltr'>ιἰιιέρας</span> <span class='ocrx_word' id='word_1_615' title='bbox 1543 4565 1655 4650; x_wconf 69' lang='grc' dir='ltr'>τῆς</span> <span class='ocrx_word' id='word_1_616' title='bbox 1680 4580 1833 4650; x_wconf 82' lang='grc' dir='ltr'>πρὸς</span> <span class='ocrx_word' id='word_1_617' title='bbox 1882 4550 1992 4633; x_wconf 53' lang='lat' dir='ltr'><strong>d1;</strong></span> 
     </span>
    </p>
   </div>
   <div class='ocr_carea' id='block_1_90' title="bbox 2080 4550 3700 4652">
    <p class='ocr_par' dir='ltr' id='par_1_90' title="bbox 2103 4573 3700 4644">
     <span class='ocr_line' id='line_1_90' title="bbox 2103 4573 3700 4644; baseline 0.004 -17"><span class='ocrx_word' id='word_1_618' title='bbox 2103 4575 2374 4630; x_wconf 84' lang='lat' dir='ltr'><strong>municare</strong></span> <span class='ocrx_word' id='word_1_619' title='bbox 2408 4573 2516 4627; x_wconf 78' lang='lat' dir='ltr'><strong>rult</strong></span> <span class='ocrx_word' id='word_1_620' title='bbox 2538 4591 2556 4638; x_wconf 86' lang='lat'><strong><em>;</em></strong></span> <span class='ocrx_word' id='word_1_621' title='bbox 2578 4576 2943 4644; x_wconf 83' lang='lat' dir='ltr'><strong>quotqueideo</strong></span> <span class='ocrx_word' id='word_1_622' title='bbox 2963 4576 3151 4631; x_wconf 82' lang='lat' dir='ltr'><strong>diebus</strong></span> <span class='ocrx_word' id='word_1_623' title='bbox 3183 4577 3404 4632; x_wconf 85' lang='lat' dir='ltr'><strong>invicem</strong></span> <span class='ocrx_word' id='word_1_624' title='bbox 3433 4577 3700 4634; x_wconf 82' lang='lat' dir='ltr'><strong>abstinere</strong></span> 
     </span>
    </p>
   </div>
   <div class='ocr_carea' id='block_1_91' title="bbox 390 4675 1600 4746">
    <p class='ocr_par' dir='ltr' id='par_1_91' title="bbox 390 4675 1600 4746">
     <span class='ocr_line' id='line_1_91' title="bbox 390 4675 1600 4746; baseline -0.002 -17"><span class='ocrx_word' id='word_1_625' title='bbox 390 4675 631 4745; x_wconf 73' lang='grc' dir='ltr'>,ὶήλους</span> <span class='ocrx_word' id='word_1_626' title='bbox 649 4676 874 4746; x_wconf 78' lang='grc' dir='ltr'>μίξεως</span> <span class='ocrx_word' id='word_1_627' title='bbox 904 4675 1002 4730; x_wconf 83' lang='grc' dir='ltr'>διὰ</span> <span class='ocrx_word' id='word_1_628' title='bbox 1027 4675 1206 4730; x_wconf 85' lang='grc' dir='ltr'>τοῦτο</span> <span class='ocrx_word' id='word_1_629' title='bbox 1243 4675 1600 4744; x_wconf 82' lang='grc' dir='ltr'>ἀπέχεσθαι.</span> 
     </span>
    </p>
   </div>
   <div class='ocr_carea' id='block_1_92' title="bbox 393 4762 1996 4856">
    <p class='ocr_par' dir='ltr' id='par_1_92' title="bbox 393 4762 1996 4856">
     <span class='ocr_line' id='line_1_92' title="bbox 393 4762 1996 4856; baseline -0.002 -33"><span class='ocrx_word' id='word_1_630' title='bbox 393 4771 722 4824; x_wconf 80' lang='grc' dir='ltr'>Διονυσίου</span> <span class='ocrx_word' id='word_1_631' title='bbox 755 4769 825 4822; x_wconf 83' lang='grc' dir='ltr'>ἐκ</span> <span class='ocrx_word' id='word_1_632' title='bbox 858 4768 971 4836; x_wconf 82' lang='grc' dir='ltr'>τῆς</span> <span class='ocrx_word' id='word_1_633' title='bbox 1019 4767 1172 4836; x_wconf 81' lang='grc' dir='ltr'>πρὸς</span> <span class='ocrx_word' id='word_1_634' title='bbox 1228 4765 1604 4856; x_wconf 43' lang='grc' dir='ltr'>,βασιλείδην</span> <span class='ocrx_word' id='word_1_635' title='bbox 1660 4762 1996 4832; x_wconf 74' lang='grc' dir='ltr'>ἐπιστολῆς</span> 
     </span>
    </p>
   </div>
   <div class='ocr_carea' id='block_1_93' title="bbox 1040 4849 1358 4908">
    <p class='ocr_par' dir='ltr' id='par_1_93' title="bbox 1040 4849 1358 4908">
     <span class='ocr_line' id='line_1_93' title="bbox 1040 4849 1358 4908; baseline -0.003 -16"><span class='ocrx_word' id='word_1_636' title='bbox 1040 4856 1175 4908; x_wconf 65' lang='grc' dir='ltr'>κεφ.</span> <span class='ocrx_word' id='word_1_637' title='bbox 1209 4849 1358 4908; x_wconf 52' lang='lat'><strong>1-,6&#39;.</strong></span> 
     </span>
    </p>
   </div>
   <div class='ocr_carea' id='block_1_94' title="bbox 457 4930 1742 5005">
    <p class='ocr_par' dir='ltr' id='par_1_94' title="bbox 457 4930 1742 5005">
     <span class='ocr_line' id='line_1_94' title="bbox 457 4930 1742 5005; baseline -0.003 -17"><span class='ocrx_word' id='word_1_638' title='bbox 457 4935 770 5004; x_wconf 77' lang='grc' dir='ltr'>Δύτὰρκεις</span> <span class='ocrx_word' id='word_1_639' title='bbox 802 4933 858 4986; x_wconf 83' lang='grc' dir='ltr'>δὲ</span> <span class='ocrx_word' id='word_1_640' title='bbox 886 4933 983 4988; x_wconf 69' lang='grc' dir='ltr'><strong>καὶ</strong></span> <span class='ocrx_word' id='word_1_641' title='bbox 1003 4935 1052 4986; x_wconf 80' lang='grc' dir='ltr'>οἱ</span> <span class='ocrx_word' id='word_1_642' title='bbox 1085 4931 1494 5005; x_wconf 75' lang='grc' dir='ltr'>γεγαμηκότες,</span> <span class='ocrx_word' id='word_1_643' title='bbox 1529 4947 1583 4985; x_wconf 90' lang='grc' dir='ltr'><strong>κ.</strong></span> <span class='ocrx_word' id='word_1_644' title='bbox 1611 4947 1660 4985; x_wconf 91' lang='grc' dir='ltr'>τ.</span> <span class='ocrx_word' id='word_1_645' title='bbox 1693 4930 1742 4984; x_wconf 94' lang='grc' dir='ltr'><strong>λ.</strong></span> 
     </span>
    </p>
   </div>
   <div class='ocr_carea' id='block_1_95' title="bbox 464 5111 1991 5187">
    <p class='ocr_par' dir='ltr' id='par_1_95' title="bbox 464 5111 1991 5187">
     <span class='ocr_line' id='line_1_95' title="bbox 464 5111 1991 5187; baseline 0.003 -21"><span class='ocrx_word' id='word_1_646' title='bbox 464 5113 528 5166; x_wconf 87' lang='grc' dir='ltr'><strong>δ’.</strong></span> <span class='ocrx_word' id='word_1_647' title='bbox 566 5113 629 5166; x_wconf 84' lang='grc' dir='ltr'>υἱ</span> <span class='ocrx_word' id='word_1_648' title='bbox 654 5111 710 5166; x_wconf 82' lang='grc' dir='ltr'>δὲ</span> <span class='ocrx_word' id='word_1_649' title='bbox 742 5111 801 5166; x_wconf 83' lang='grc' dir='ltr'>ὲν</span> <span class='ocrx_word' id='word_1_650' title='bbox 830 5112 1186 5187; x_wconf 83' lang='grc' dir='ltr'>ἀπροαιρέτῳ</span> <span class='ocrx_word' id='word_1_651' title='bbox 1224 5117 1520 5186; x_wconf 79' lang='grc' dir='ltr'>νυκτερινῇ</span> <span class='ocrx_word' id='word_1_652' title='bbox 1557 5113 1737 5186; x_wconf 78' lang='grc' dir='ltr'>ῥύσει,</span> <span class='ocrx_word' id='word_1_653' title='bbox 1771 5133 1825 5170; x_wconf 86' lang='grc' dir='ltr'>κ.</span> <span class='ocrx_word' id='word_1_654' title='bbox 1859 5131 1911 5172; x_wconf 89' lang='grc' dir='ltr'><strong>τ.</strong></span> <span class='ocrx_word' id='word_1_655' title='bbox 1941 5115 1991 5170; x_wconf 86' lang='grc' dir='ltr'><strong>λ.</strong></span> 
     </span>
    </p>
   </div>
   <div class='ocr_carea' id='block_1_96' title="bbox 761 5287 1632 5362">
    <p class='ocr_par' dir='ltr' id='par_1_96' title="bbox 761 5287 1632 5362">
     <span class='ocr_line' id='line_1_96' title="bbox 761 5287 1632 5362; baseline 0.002 -18"><span class='ocrx_word' id='word_1_656' title='bbox 761 5287 1052 5360; x_wconf 77' lang='grc' dir='ltr'>Τιμοθέου</span> <span class='ocrx_word' id='word_1_657' title='bbox 1083 5288 1290 5345; x_wconf 76' lang='grc' dir='ltr'>κανὼν</span> <span class='ocrx_word' id='word_1_658' title='bbox 1322 5288 1386 5356; x_wconf 87' lang='grc' dir='ltr'>ε’,</span> <span class='ocrx_word' id='word_1_659' title='bbox 1420 5288 1510 5360; x_wconf 85' lang='grc' dir='ltr'>ιβ’,</span> <span class='ocrx_word' id='word_1_660' title='bbox 1543 5290 1632 5362; x_wconf 87' lang='grc' dir='ltr'>ιγ’.</span> 
     </span>
    </p>
   </div>
   <div class='ocr_carea' id='block_1_97' title="bbox 398 5372 1885 5459">
    <p class='ocr_par' dir='ltr' id='par_1_97' title="bbox 398 5372 1885 5459">
     <span class='ocr_line' id='line_1_97' title="bbox 398 5372 1885 5459; baseline 0.003 -24"><span class='ocrx_word' id='word_1_661' title='bbox 398 5372 404 5380; x_wconf 78' lang='grc'><strong>’</strong></span> <span class='ocrx_word' id='word_1_662' title='bbox 457 5379 518 5436; x_wconf 90' lang='grc' dir='ltr'><strong>ε’.</strong></span> <span class='ocrx_word' id='word_1_663' title='bbox 559 5380 901 5452; x_wconf 84' lang='grc' dir='ltr'>Ἐρώτησις.</span> <span class='ocrx_word' id='word_1_664' title='bbox 945 5384 1074 5438; x_wconf 73' lang='grc' dir='ltr'>Ἐὰν</span> <span class='ocrx_word' id='word_1_665' title='bbox 1103 5383 1242 5456; x_wconf 82' lang='grc' dir='ltr'>γυνὴ</span> <span class='ocrx_word' id='word_1_666' title='bbox 1277 5387 1635 5459; x_wconf 89' lang='grc' dir='ltr'>συγγένηται,</span> <span class='ocrx_word' id='word_1_667' title='bbox 1667 5403 1721 5439; x_wconf 90' lang='grc' dir='ltr'>κ.</span> <span class='ocrx_word' id='word_1_668' title='bbox 1745 5402 1797 5440; x_wconf 89' lang='grc' dir='ltr'>τ.</span> <span class='ocrx_word' id='word_1_669' title='bbox 1834 5385 1885 5440; x_wconf 86' lang='grc' dir='ltr'><strong>λ.</strong></span> 
     </span>
    </p>
   </div>
   <div class='ocr_carea' id='block_1_98' title="bbox 473 5561 1998 5639">
    <p class='ocr_par' dir='ltr' id='par_1_98' title="bbox 473 5561 1998 5639">
     <span class='ocr_line' id='line_1_98' title="bbox 473 5561 1998 5639; baseline 0.001 -21"><span class='ocrx_word' id='word_1_670' title='bbox 473 5561 562 5636; x_wconf 81' lang='grc' dir='ltr'>ιβ’.</span> <span class='ocrx_word' id='word_1_671' title='bbox 614 5563 956 5635; x_wconf 78' lang='grc' dir='ltr'>Ἐρώτησις.</span> <span class='ocrx_word' id='word_1_672' title='bbox 1002 5563 1130 5620; x_wconf 83' lang='grc' dir='ltr'>Ἐὰν</span> <span class='ocrx_word' id='word_1_673' title='bbox 1167 5565 1506 5639; x_wconf 73' lang='grc' dir='ltr'>ὀνειρασθεὶς</span> <span class='ocrx_word' id='word_1_674' title='bbox 1547 5565 1759 5632; x_wconf 84' lang='grc' dir='ltr'>λαῖκὸς,</span> <span class='ocrx_word' id='word_1_675' title='bbox 1787 5583 1841 5619; x_wconf 88' lang='grc' dir='ltr'>κ.</span> <span class='ocrx_word' id='word_1_676' title='bbox 1867 5583 1917 5623; x_wconf 90' lang='grc' dir='ltr'><strong>τ.</strong></span> <span class='ocrx_word' id='word_1_677' title='bbox 1950 5568 1998 5621; x_wconf 85' lang='grc' dir='ltr'>λ.</span> 
     </span>
    </p>
   </div>
   <div class='ocr_carea' id='block_1_99' title="bbox 476 5743 2000 5820">
    <p class='ocr_par' dir='ltr' id='par_1_99' title="bbox 476 5743 2000 5820">
     <span class='ocr_line' id='line_1_99' title="bbox 476 5743 2000 5820; baseline 0 -21"><span class='ocrx_word' id='word_1_678' title='bbox 476 5743 564 5815; x_wconf 89' lang='grc' dir='ltr'>ιγ’.</span> <span class='ocrx_word' id='word_1_679' title='bbox 610 5747 957 5816; x_wconf 82' lang='grc' dir='ltr'>Ἐρώτησις.</span> <span class='ocrx_word' id='word_1_680' title='bbox 1031 5748 1158 5814; x_wconf 83' lang='grc' dir='ltr'>Τοῖς</span> <span class='ocrx_word' id='word_1_681' title='bbox 1227 5747 1617 5820; x_wconf 77' lang='grc' dir='ltr'>ζευγνυμένοις</span> <span class='ocrx_word' id='word_1_682' title='bbox 1687 5747 1767 5812; x_wconf 77' lang='grc' dir='ltr'><strong>εἰς</strong></span> <span class='ocrx_word' id='word_1_683' title='bbox 1819 5747 2000 5820; x_wconf 79' lang='grc' dir='ltr'>γάμου</span> 
     </span>
    </p>
   </div>
   <div class='ocr_carea' id='block_1_100' title="bbox 399 5841 980 5911">
    <p class='ocr_par' dir='ltr' id='par_1_100' title="bbox 399 5841 980 5911">
     <span class='ocr_line' id='line_1_100' title="bbox 399 5841 980 5911; baseline 0.012 -18"><span class='ocrx_word' id='word_1_684' title='bbox 399 5841 714 5911; x_wconf 79' lang='grc' dir='ltr'>κοινωνίαν,</span> <span class='ocrx_word' id='word_1_685' title='bbox 747 5861 802 5899; x_wconf 88' lang='grc' dir='ltr'><strong>κ.</strong></span> <span class='ocrx_word' id='word_1_686' title='bbox 835 5862 885 5898; x_wconf 89' lang='grc' dir='ltr'>τ.</span> <span class='ocrx_word' id='word_1_687' title='bbox 929 5844 980 5900; x_wconf 87' lang='grc' dir='ltr'><strong>λ.</strong></span> 
     </span>
    </p>
   </div>
   <div class='ocr_carea' id='block_1_101' title="bbox 1176 5928 1876 5948">
    <p class='ocr_par' dir='ltr' id='par_1_101' title="bbox 1176 5928 1876 5948">
     <span class='ocr_line' id='line_1_101' title="bbox 1176 5928 1876 5948; baseline -0.009 1"><span class='ocrx_word' id='word_1_688' title='bbox 1176 5939 1250 5948; x_wconf 51' lang='grc' dir='ltr'><strong>μου.</strong></span> <span class='ocrx_word' id='word_1_689' title='bbox 1299 5928 1438 5948; x_wconf 47' lang='grc' dir='ltr'><strong>»κζ’-μ.</strong></span> <span class='ocrx_word' id='word_1_690' title='bbox 1473 5942 1505 5947; x_wconf 80' lang='grc'><strong>-.</strong></span> <span class='ocrx_word' id='word_1_691' title='bbox 1609 5933 1801 5946; x_wconf 60' lang='grc' dir='ltr'><strong>ισνσοσις</strong></span> <span class='ocrx_word' id='word_1_692' title='bbox 1833 5936 1876 5943; x_wconf 69' lang='grc'><strong>.-</strong></span> 
     </span>
    </p>
   </div>
   <div class='ocr_carea' id='block_1_102' title="bbox 2099 4667 2353 4722">
    <p class='ocr_par' dir='ltr' id='par_1_102' title="bbox 2099 4667 2353 4722">
     <span class='ocr_line' id='line_1_102' title="bbox 2099 4667 2353 4722; baseline 0.012 -3"><span class='ocrx_word' id='word_1_693' title='bbox 2099 4667 2353 4722; x_wconf 78' lang='lat' dir='ltr'><strong>debeant?</strong></span> 
     </span>
    </p>
   </div>
   <div class='ocr_carea' id='block_1_103' title="bbox 2217 4759 3588 4834">
    <p class='ocr_par' dir='ltr' id='par_1_103' title="bbox 2217 4759 3588 4834">
     <span class='ocr_line' id='line_1_103' title="bbox 2217 4759 3588 4834; baseline 0.006 -22"><span class='ocrx_word' id='word_1_694' title='bbox 2217 4759 2467 4830; x_wconf 83' lang='lat' dir='ltr'><strong>[)yonisii</strong></span> <span class='ocrx_word' id='word_1_695' title='bbox 2499 4776 2564 4814; x_wconf 76' lang='lat' dir='ltr'><strong>ex</strong></span> <span class='ocrx_word' id='word_1_696' title='bbox 2590 4759 2821 4830; x_wconf 81' lang='lat' dir='ltr'><strong>cpistola</strong></span> <span class='ocrx_word' id='word_1_697' title='bbox 2836 4760 2909 4814; x_wconf 84' lang='lat' dir='ltr'><strong>ad</strong></span> <span class='ocrx_word' id='word_1_698' title='bbox 2937 4760 3257 4827; x_wconf 80' lang='lat' dir='ltr'><strong>Basilidem,</strong></span> <span class='ocrx_word' id='word_1_699' title='bbox 3291 4779 3410 4834; x_wconf 92' lang='lat' dir='ltr'><strong>cap.</strong></span> <span class='ocrx_word' id='word_1_700' title='bbox 3443 4763 3500 4829; x_wconf 81' lang='grc'><strong>5,</strong></span> <span class='ocrx_word' id='word_1_701' title='bbox 3533 4766 3588 4820; x_wconf 71' lang='grc'><strong>4.</strong></span> 
     </span>
    </p>
   </div>
   <div class='ocr_carea' id='block_1_104' title="bbox 2173 4917 3690 4989">
    <p class='ocr_par' dir='ltr' id='par_1_104' title="bbox 2173 4917 3690 4989">
     <span class='ocr_line' id='line_1_104' title="bbox 2173 4917 3690 4989; baseline 0.003 -16"><span class='ocrx_word' id='word_1_702' title='bbox 2173 4919 2228 4976; x_wconf 83' lang='grc'><strong>5.</strong></span> <span class='ocrx_word' id='word_1_703' title='bbox 2273 4917 2449 4973; x_wconf 87' lang='lat' dir='ltr'><strong>Porro</strong></span> <span class='ocrx_word' id='word_1_704' title='bbox 2477 4917 2569 4988; x_wconf 88' lang='lat' dir='ltr'><strong>qui</strong></span> <span class='ocrx_word' id='word_1_705' title='bbox 2607 4918 2746 4974; x_wconf 90' lang='lat' dir='ltr'><strong>satis</strong></span> <span class='ocrx_word' id='word_1_706' title='bbox 2789 4919 2855 4974; x_wconf 90' lang='lat' dir='ltr'><strong>ad</strong></span> <span class='ocrx_word' id='word_1_707' title='bbox 2887 4918 2938 4974; x_wconf 92' lang='lat' dir='ltr'><strong>id</strong></span> <span class='ocrx_word' id='word_1_708' title='bbox 2973 4920 3227 4975; x_wconf 72' lang='lat' dir='ltr'><strong>instructi</strong></span> <span class='ocrx_word' id='word_1_709' title='bbox 3277 4929 3429 4987; x_wconf 88' lang='lat' dir='ltr'><strong>sunt,</strong></span> <span class='ocrx_word' id='word_1_710' title='bbox 3466 4930 3601 4989; x_wconf 91' lang='lat' dir='ltr'><strong>etc.,</strong></span> <span class='ocrx_word' id='word_1_711' title='bbox 3633 4933 3690 4978; x_wconf 86' lang='grc' dir='ltr'><strong>ιιι</strong></span> 
     </span>
    </p>
   </div>
   <div class='ocr_carea' id='block_1_105' title="bbox 2099 5011 2380 5083">
    <p class='ocr_par' dir='ltr' id='par_1_105' title="bbox 2099 5011 2380 5083">
     <span class='ocr_line' id='line_1_105' title="bbox 2099 5011 2380 5083; baseline -0.007 -18"><span class='ocrx_word' id='word_1_712' title='bbox 2099 5027 2222 5083; x_wconf 88' lang='lat' dir='ltr'><strong>pag.</strong></span> <span class='ocrx_word' id='word_1_713' title='bbox 2256 5011 2380 5069; x_wconf 79' lang='lat' dir='ltr'><strong>6M.</strong></span> 
     </span>
    </p>
   </div>
   <div class='ocr_carea' id='block_1_106' title="bbox 2171 5103 3701 5177">
    <p class='ocr_par' dir='ltr' id='par_1_106' title="bbox 2171 5103 3701 5177">
     <span class='ocr_line' id='line_1_106' title="bbox 2171 5103 3701 5177; baseline 0.001 -19"><span class='ocrx_word' id='word_1_714' title='bbox 2171 5104 2339 5177; x_wconf 67' lang='grc'><strong>479</strong></span> <span class='ocrx_word' id='word_1_715' title='bbox 2374 5105 2426 5159; x_wconf 69' lang='grc'><strong>4.</strong></span> <span class='ocrx_word' id='word_1_716' title='bbox 2471 5103 2573 5171; x_wconf 86' lang='lat' dir='ltr'><strong>Qui</strong></span> <span class='ocrx_word' id='word_1_717' title='bbox 2608 5112 2789 5158; x_wconf 75' lang='lat' dir='ltr'><strong>autern</strong></span> <span class='ocrx_word' id='word_1_718' title='bbox 2829 5103 2879 5157; x_wconf 91' lang='lat' dir='ltr'><strong>in</strong></span> <span class='ocrx_word' id='word_1_719' title='bbox 2929 5118 3036 5158; x_wconf 87' lang='lat' dir='ltr'><strong>non</strong></span> <span class='ocrx_word' id='word_1_720' title='bbox 3084 5103 3399 5162; x_wconf 83' lang='lat' dir='ltr'><strong>voluntario</strong></span> <span class='ocrx_word' id='word_1_721' title='bbox 3427 5115 3701 5163; x_wconf 89' lang='lat' dir='ltr'><strong>nocturno</strong></span> 
     </span>
    </p>
   </div>
   <div class='ocr_carea' id='block_1_107' title="bbox 2101 5196 2842 5268">
    <p class='ocr_par' dir='ltr' id='par_1_107' title="bbox 2101 5196 2842 5268">
     <span class='ocr_line' id='line_1_107' title="bbox 2101 5196 2842 5268; baseline -0.001 -16"><span class='ocrx_word' id='word_1_722' title='bbox 2101 5199 2273 5263; x_wconf 74' lang='lat' dir='ltr'><strong>ﬂuxu,</strong></span> <span class='ocrx_word' id='word_1_723' title='bbox 2312 5208 2443 5262; x_wconf 87' lang='lat' dir='ltr'><strong>etc.,</strong></span> <span class='ocrx_word' id='word_1_724' title='bbox 2481 5208 2537 5250; x_wconf 86' lang='lat' dir='ltr'><strong>ut</strong></span> <span class='ocrx_word' id='word_1_725' title='bbox 2561 5213 2685 5268; x_wconf 83' lang='lat' dir='ltr'><strong>pag.</strong></span> <span class='ocrx_word' id='word_1_726' title='bbox 2716 5196 2842 5251; x_wconf 86' lang='grc'><strong>611.</strong></span> 
     </span>
    </p>
   </div>
   <div class='ocr_carea' id='block_1_108' title="bbox 2483 5290 3340 5360">
    <p class='ocr_par' dir='ltr' id='par_1_108' title="bbox 2483 5290 3340 5360">
     <span class='ocr_line' id='line_1_108' title="bbox 2483 5290 3340 5360; baseline 0.004 -16"><span class='ocrx_word' id='word_1_727' title='bbox 2483 5290 2746 5345; x_wconf 80' lang='lat' dir='ltr'><strong>Timothei</strong></span> <span class='ocrx_word' id='word_1_728' title='bbox 2775 5308 3004 5347; x_wconf 81' lang='lat' dir='ltr'><strong>canones</strong></span> <span class='ocrx_word' id='word_1_729' title='bbox 3037 5292 3092 5358; x_wconf 77' lang='lat'><strong>5,</strong></span> <span class='ocrx_word' id='word_1_730' title='bbox 3136 5293 3218 5360; x_wconf 70' lang='lat' dir='ltr'><strong>t2,</strong></span> <span class='ocrx_word' id='word_1_731' title='bbox 3253 5293 3340 5349; x_wconf 84' lang='grc'><strong>15.</strong></span> 
     </span>
    </p>
   </div>
   <div class='ocr_carea' id='block_1_109' title="bbox 2175 5384 3699 5457">
    <p class='ocr_par' dir='ltr' id='par_1_109' title="bbox 2175 5384 3699 5457">
     <span class='ocr_line' id='line_1_109' title="bbox 2175 5384 3699 5457; baseline 0 -15"><span class='ocrx_word' id='word_1_732' title='bbox 2273 5384 2655 5457; x_wconf 82' lang='lat' dir='ltr'><strong>Interrogatio.</strong></span> <span class='ocrx_word' id='word_1_733' title='bbox 2685 5384 2741 5440; x_wconf 85' lang='lat' dir='ltr'><strong>Si</strong></span> <span class='ocrx_word' id='word_1_734' title='bbox 2785 5401 2926 5440; x_wconf 74' lang='lat' dir='ltr'><strong>uxor</strong></span> <span class='ocrx_word' id='word_1_735' title='bbox 2953 5402 3081 5441; x_wconf 87' lang='lat' dir='ltr'><strong>cum</strong></span> <span class='ocrx_word' id='word_1_736' title='bbox 3108 5401 3210 5441; x_wconf 90' lang='lat' dir='ltr'><strong>suo</strong></span> <span class='ocrx_word' id='word_1_737' title='bbox 3240 5387 3460 5454; x_wconf 87' lang='lat' dir='ltr'><strong>marito,</strong></span> <span class='ocrx_word' id='word_1_738' title='bbox 3483 5399 3614 5457; x_wconf 87' lang='lat' dir='ltr'><strong>etc.,</strong></span> <span class='ocrx_word' id='word_1_739' title='bbox 3644 5401 3699 5442; x_wconf 85' lang='grc' dir='ltr'><strong>ιιι</strong></span> 
     </span>
    </p>
   </div>
   <div class='ocr_carea' id='block_1_110' title="bbox 2102 5476 2388 5548">
    <p class='ocr_par' dir='ltr' id='par_1_110' title="bbox 2102 5476 2388 5548">
     <span class='ocr_line' id='line_1_110' title="bbox 2102 5476 2388 5548; baseline 0.003 -19"><span class='ocrx_word' id='word_1_740' title='bbox 2102 5476 2388 5548; x_wconf 68' lang='grc' dir='ltr'><strong>ρα9.614.</strong></span> 
     </span>
    </p>
   </div>
   <div class='ocr_carea' id='block_1_111' title="bbox 2180 5566 3702 5640">
    <p class='ocr_par' dir='ltr' id='par_1_111' title="bbox 2180 5566 3702 5640">
     <span class='ocr_line' id='line_1_111' title="bbox 2180 5566 3702 5640; baseline 0 -17"><span class='ocrx_word' id='word_1_741' title='bbox 2180 5568 2267 5623; x_wconf 75' lang='grc'><strong>12.</strong></span> <span class='ocrx_word' id='word_1_742' title='bbox 2311 5567 2695 5637; x_wconf 80' lang='lat' dir='ltr'><strong>Interrogatio.</strong></span> <span class='ocrx_word' id='word_1_743' title='bbox 2729 5566 2786 5624; x_wconf 90' lang='lat' dir='ltr'><strong>Si</strong></span> <span class='ocrx_word' id='word_1_744' title='bbox 2805 5567 2979 5625; x_wconf 84' lang='lat' dir='ltr'><strong>laicus</strong></span> <span class='ocrx_word' id='word_1_745' title='bbox 3008 5569 3102 5640; x_wconf 85' lang='lat' dir='ltr'><strong>qui</strong></span> <span class='ocrx_word' id='word_1_746' title='bbox 3137 5569 3457 5636; x_wconf 87' lang='lat' dir='ltr'><strong>somniavit,</strong></span> <span class='ocrx_word' id='word_1_747' title='bbox 3487 5577 3617 5635; x_wconf 88' lang='lat' dir='ltr'><strong>etc.,</strong></span> <span class='ocrx_word' id='word_1_748' title='bbox 3645 5581 3702 5623; x_wconf 82' lang='lat' dir='ltr'><strong>nt</strong></span> 
     </span>
    </p>
   </div>
   <div class='ocr_carea' id='block_1_112' title="bbox 2104 5660 2388 5734">
    <p class='ocr_par' dir='ltr' id='par_1_112' title="bbox 2104 5660 2388 5734">
     <span class='ocr_line' id='line_1_112' title="bbox 2104 5660 2388 5734; baseline -0.011 -19"><span class='ocrx_word' id='word_1_749' title='bbox 2104 5679 2226 5734; x_wconf 85' lang='lat' dir='ltr'><strong>pag.</strong></span> <span class='ocrx_word' id='word_1_750' title='bbox 2263 5660 2388 5716; x_wconf 85' lang='grc'><strong>611.</strong></span> 
     </span>
    </p>
   </div>
   <div class='ocr_carea' id='block_1_113' title="bbox 2180 5752 3702 5825">
    <p class='ocr_par' dir='ltr' id='par_1_113' title="bbox 2180 5752 3702 5825">
     <span class='ocr_line' id='line_1_113' title="bbox 2180 5752 3702 5825; baseline 0.002 -16"><span class='ocrx_word' id='word_1_751' title='bbox 2180 5755 2268 5810; x_wconf 92' lang='grc'><strong>15.</strong></span> <span class='ocrx_word' id='word_1_752' title='bbox 2322 5753 2706 5825; x_wconf 85' lang='lat' dir='ltr'><strong>Interrogatio.</strong></span> <span class='ocrx_word' id='word_1_753' title='bbox 2771 5752 2844 5807; x_wconf 88' lang='lat' dir='ltr'><strong>lis</strong></span> <span class='ocrx_word' id='word_1_754' title='bbox 2895 5754 2987 5824; x_wconf 90' lang='lat' dir='ltr'><strong>qui</strong></span> <span class='ocrx_word' id='word_1_755' title='bbox 3042 5753 3379 5811; x_wconf 80' lang='lat' dir='ltr'><strong>matrimonii</strong></span> <span class='ocrx_word' id='word_1_756' title='bbox 3433 5754 3702 5812; x_wconf 83' lang='lat' dir='ltr'><strong>societate</strong></span> 
     </span>
    </p>
   </div>
   <div class='ocr_carea' id='block_1_114' title="bbox 2099 5848 2981 5921">
    <p class='ocr_par' dir='ltr' id='par_1_114' title="bbox 2099 5848 2981 5921">
     <span class='ocr_line' id='line_1_114' title="bbox 2099 5848 2981 5921; baseline 0 -18"><span class='ocrx_word' id='word_1_757' title='bbox 2099 5850 2430 5921; x_wconf 80' lang='lat' dir='ltr'><strong>junguntur,</strong></span> <span class='ocrx_word' id='word_1_758' title='bbox 2457 5855 2587 5914; x_wconf 82' lang='lat' dir='ltr'><strong>etc.,</strong></span> <span class='ocrx_word' id='word_1_759' title='bbox 2619 5859 2675 5901; x_wconf 88' lang='lat' dir='ltr'><strong>nt</strong></span> <span class='ocrx_word' id='word_1_760' title='bbox 2700 5866 2821 5919; x_wconf 84' lang='lat' dir='ltr'><strong>pag.</strong></span> <span class='ocrx_word' id='word_1_761' title='bbox 2854 5848 2914 5902; x_wconf 81' lang='lat' dir='ltr'><strong>Gl</strong></span> <span class='ocrx_word' id='word_1_762' title='bbox 2934 5849 2981 5903; x_wconf 71' lang='grc'><strong>1.</strong></span> 
     </span>
    </p>
   </div>
  </div>
