4146 6450
409 435 516 501 977
1835 431 2334 497 NOMOCANON.
3088 491 3095 498 .
3614 431 3720 494 978

411 551 505 606 106
538 548 961 621 παναγιωτάτου
987 551 1020 623 ἡ
1031 548 1149 621 μῶν
1190 549 1479 616 δεσπότου,
1507 551 1603 605 καὶ
1627 549 2010 621 οίκουμενικοῦ
2043 597 2048 610 ι

2082 599 2088 609 .
2118 566 2282 616 neno,
2308 560 2363 606 et
2386 550 2738 608 sanctissimo
2781 551 3006 606 domino
3024 560 3211 606 nostro
3229 560 3393 622 atque
3420 551 3719 606 oecumcni-

412 646 758 717 πατριάρχου
807 644 905 698 τοῦ
960 644 1247 714 γεγονότος
1294 643 1503 698 ὑπάτου
1546 643 1656 697 τῶν
1701 643 2011 713 φιλοσόφων

2119 660 2183 698 co
2203 645 2513 715 patriarcha
2533 644 2597 701 D.
2630 645 2895 701 Michaele
2912 645 3221 708 Anchialio,
3247 644 3340 716 qui
3368 644 3720 716 pltiloSOpho-

413 738 607 810 κυρίου
631 738 854 809 Μιχαὴλ
882 736 977 791 τοῦ
1026 736 1337 808 Ἀγχιάλου,
1378 738 1506 801 τοὺς
1546 738 1727 807 ἱεροὺς
1776 736 2011 799 κανόνας

2116 753 2239 792 rum
2286 740 2546 811 princeps
2600 739 2728 803 fuit,
2759 742 3039 795 decretum
3098 751 3265 804 esset,
3298 749 3359 795 ut
3408 756 3597 795 sacros
3626 756 3719 795 ca-

412 832 892 901 κατασκέψασθαι,
935 830 1031 884 καί⁸
1070 830 1139 885 τὰ
1179 832 1238 884 ἐν
1264 830 1475 893 τούτοις
1516 830 1727 899 ἀσαφῆ,
1764 830 1863 883 καὶ
1897 831 2012 893 τοῖς

2118 847 2290 887 nones
2333 833 2627 904 diligenter
2656 835 3130 905 perspiceremns,
3161 844 3213 889 et
3244 850 3366 903 quae
3394 834 3447 888 iu
3483 834 3589 887 illis
3619 834 3720 888 ob-

414 925 601 995 νόμοις
631 925 693 980 τὸ
719 925 898 978 δοκεῖν
921 923 1312 997 ἐναντιούμενα
1350 926 1670 994 σαφηνῖσαι,
1718 924 1814 977 καὶ
1846 925 2015 995 ἐρμη-

2118 928 2366 983 scuriora
2399 938 2609 991 essent,
2666 928 2942 997 modoque
2978 928 3162 996 aliquo
3190 926 3402 997 legibus
3440 925 3720 981 adversari

414 1017 625 1082 νεῦσαι,
661 1016 929 1081 ὡσαύτως
962 1017 1055 1071 καὶ
1092 1015 1163 1070 τὰ
1198 1016 1350 1088 παρὰ
1388 1016 1483 1070 τοῦ
1528 1016 1835 1084 άγιωτάτου
1870 1017 2015 1070 ἐκεί-

2115 1022 2455 1084 viderentur,
2491 1022 2907 1076 declararemus
2970 1032 3135 1091 atque
3185 1024 3718 1092 interpretaremnr:

414 1128 507 1163 νου
539 1110 883 1183 πατριάρχου
916 1110 1107 1181 κυρίου
1137 1112 1343 1164 Φωτίου
1376 1110 1785 1181 συγγραφέντα,
1814 1109 1911 1163 καὶ
1937 1112 2016 1174 εἰς

2120 1115 2373 1169 similiter
2426 1114 2589 1169 etiam
2631 1130 2755 1184 qua:
2784 1132 2813 1169 a
2849 1116 3205 1171 sanctissimo
3264 1115 3358 1169 illo
3412 1112 3724 1183 patriarcha

413 1203 546 1259 δέκα
596 1204 736 1275 πρὸς
776 1206 891 1268 τοῖς
938 1204 1203 1275 τέσσαρσι
1249 1203 1450 1269 τίτλοις
1497 1202 1873 1275 θεωρούμενα,
1921 1202 2017 1256 καὶ

2120 1205 2183 1260 1).
2214 1206 2411 1261 ΡΙιοιίο
2459 1209 2807 1276 conscripta,
2854 1218 2910 1263 et
2960 1211 3016 1264 in
3056 1219 3295 1279 quatuor
3340 1208 3515 1262 decim
3552 1206 3725 1261 titulis

416 1297 524 1369 πρὸ
549 1297 658 1352 τῶν
686 1298 930 1352 κανόνων
956 1298 1513 1367 συγκεφαλαιωθέντα
1542 1299 1659 1368 μετ’
1692 1297 2017 1361 ἐπιστασίας

2124 1309 2359 1354 tractata
2397 1300 2821 1370 eauonibusque
2849 1302 3240 1369 compendiose
3264 1300 3549 1371 praeposita
3572 1308 3720 1364 sunt,

416 1391 972 1462 πολυπραγμονῆσαι,
1011 1392 1107 1445 καὶ
1130 1392 1200 1444 τὰ
1225 1392 1323 1462 μέν
1346 1393 1404 1445 ἐν
1438 1391 1649 1455 τούτοις
1668 1390 1899 1443 τεθέντα
1928 1390 2018 1443 νό-

2121 1411 2338 1449 summa
2398 1396 2641 1450 adhibita
2679 1410 2812 1449 cura
2872 1404 3278 1457 cxcuteremus,
3313 1410 3381 1449 ex
3436 1394 3617 1463 posito
3668 1392 3722 1445 itt

418 1501 565 1555 μιμα
586 1485 683 1538 καὶ
715 1484 1044 1553 ἐνεργοῦντα
1066 1485 1484 1556 παραδηλῶσαι,
1508 1484 1577 1538 τὰ
1595 1483 1651 1536 δὲ
1677 1482 2019 1554 σχολάσαντα

2122 1486 2231 1540 illis
2281 1484 2406 1555 jure
2456 1486 2602 1557 quod
2638 1484 2829 1539 ellicax
2880 1485 2953 1539 sit
2988 1486 3363 1549 ostendentes,
3398 1484 3544 1553 quod
3595 1499 3724 1538 vero

416 1578 513 1631 καὶ
546 1576 620 1648 μὴ
652 1576 913 1649 δεχθέντα
958 1577 1102 1631 κατὰ
1136 1577 1237 1649 τὴν
1283 1577 1602 1631 τελευταίαν
1642 1576 2017 1646 ἀνακάθαρσιν

2123 1590 2279 1634 vacet
2315 1596 2414 1633 nec
2448 1578 2756 1634 secundum
2784 1579 3037 1632 ultimam
3069 1578 3245 1646 legum
3277 1578 3722 1646 repurgatioueut

415 1671 526 1725 τῶν
556 1672 740 1742 νόμων
773 1672 873 1743 τὴν
896 1672 1199 1743 γενομένην
1230 1674 1383 1743 παρὰ
1423 1671 1520 1725 τοῦ
1563 1671 1811 1742 ἀοιδίμου
1858 1670 2017 1741 βασι-

2121 1688 2152 1727 a
2184 1672 2545 1726 celeberrimo
2582 1672 2918 1741 imperatore
2952 1670 3014 1723 Ι).
3048 1670 3413 1724 Constantino
3469 1667 3723 1739 Porphy-

417 1762 558 1828 λέως
590 1764 783 1836 κυρίου
809 1765 1225 1820 Κωνσταντίνου
1251 1764 1348 1819 τοῦ
1378 1766 1890 1838 ΙΙορςρυρογενήτου,
1912 1764 2012 1818 αῦ-

2121 1773 2421 1833 rogenneta
2480 1764 2683 1817 factam
2734 1771 3017 1831 receptum
3047 1762 3119 1816 sit
3174 1761 3393 1815 diverso
3425 1760 3592 1815 modo
3623 1760 3725 1813 do-

418 1857 505 1922 θις
536 1857 853 1922 άναδιδάξαι
884 1857 959 1922 ὡς
980 1859 1046 1912 ἂν
1090 1859 1161 1928 μή
1199 1875 1344 1923 τινες
1378 1859 1748 1930 ἐντυγχάνωσι
1779 1859 2015 1923 τούτοις,

2121 1865 2309 1910 centes
2340 1870 2449 1924 qtto
2481 1854 2732 1909 videlicet
2759 1855 2992 1909 lectores
3012 1868 3118 1907 non
3150 1853 3476 1921 impingam,
3507 1867 3609 1907 nec
3633 1852 3724 1921 jus

419 1950 514 2003 καὶ
544 1948 612 2002 τά
640 1950 1074 2020 ἁπρακτήσαντα
1098 1950 1307 2020 νόμιμα
1339 1951 1413 2013 ὼς
1447 1951 1776 2022 ἐνεργοῦντα
1802 1954 1898 2009 καὶ
1922 1955 2018 2024 €9.-
2049 1942 2056 1998 Ῑ

2087 1947 2370 2003 ἱὶηθῐιὶοαι
2418 1958 2677 2016 tanquam
2736 1945 2926 1999 ellicax
2972 1944 3300 2014 suscipiant,
3335 1945 3572 2013 indeque
3624 1960 3724 1997 ceu

419 2059 642 2113 πρακτα
672 2041 936 2112 δέχονται,
966 2042 1265 2096 κάντεῦθεν
1282 2042 1359 2107 ὡς
1381 2043 1653 2117 πλανῆται
1676 2048 1777 2117 τῆς
1800 2051 2018 2117 εὐθείας

2126 2056 2354 2096 errones
2390 2056 2419 2094 a
2462 2049 2607 2094 recta
2636 2049 2800 2109 atque
2845 2039 2993 2108 regia
3022 2038 3109 2092 via
3158 2037 3417 2091 recedant
3446 2036 3614 2106 (quod
3646 2037 3728 2103 ip-

420 2132 517 2188 καὶ
540 2134 825 2204 βασιλικῆς
849 2134 968 2188 όδοῦ
992 2136 1373 2212 ἀποτρέχωσιν
1398 2138 1534 2210 ὅπερ
1563 2142 1667 2195 κᾶν
1693 2142 1771 2214 τῷ
1795 2144 2016 2216 ῥηθέντι

2126 2148 2247 2188 sum
2280 2148 2472 2202 parum
2514 2132 2692 2187 abfuit
2734 2131 3039 2201 quinetiam
3072 2130 3221 2184 dicto
3250 2130 3605 2185 sanctissimo
3634 2130 3730 2184 do-

420 2227 827 2297 παναγιωτάτῳ
875 2226 1113 2299 δεσπότῃ
1153 2229 1314 2299 ἡμῶν
1357 2230 1436 2299 τῷ
1469 2232 1613 2303 ὑπὲρ
1648 2236 1861 2300 πάντας
1892 2239 2017 2303 τοὺς

2124 2228 2277 2281 mino
2330 2238 2541 2285 IIOSII‘O,
2595 2223 2935 2297 [eidemque]
2979 2224 3227 2278 omnium
3283 2224 3376 2294 qui
3410 2232 3597 2279 nostra
3628 2224 3732 2277 hac

419 2319 561 2372 κατὰ
590 2318 691 2389 τὴν
723 2319 1002 2391 ἡμετέραν
1024 2321 1164 2385 τέως
1187 2323 1382 2389 γενεάν
1412 2324 1572 2388 ὄντας
1599 2328 1816 2395 σοφοὺς,
1844 2346 2023 2399 σοφω-

2127 2328 2285 2374 αιιοιε
2343 2320 2650 2390 sapientum
2716 2319 3153 2388 sapientissimo,
3217 2318 3271 2371 in
3351 2333 3521 2373 causa
3583 2318 3729 2373 illius

420 2413 565 2483 τέρῳ
613 2414 921 2483 συμπεσεῖν
970 2413 1347 2470 ἐκινδύνευσεν
1396 2416 1490 2470 ἐπὶ
1522 2420 1588 2488 τῇ
1623 2419 1879 2473 ὑποθέσει
1924 2420 2021 2474 τοῦ

2129 2413 2388 2467 Amaseni
2456 2412 2866 2481 metropolitani
2930 2410 2997 2465 D.
3059 2410 3262 2466 Leonis
3297 2411 3581 2475 acciderit)
3634 2429 3730 2464 au-

426 2503 826 2575 μητροπολίτου
882 2506 1094 2559 ἐκείνου
1162 2506 1461 2578 Ἀμασείας
1518 2512 1709 2583 κυρίου
1766 2513 2019 2579 Λέοντος,

2132 2506 2322 2561 dacter
2361 2506 2508 2561 hunc
2550 2506 2790 2560 laborem
2824 2505 3196 2574 suscepimus,
3222 2520 3416 2559 eorum
3450 2506 3544 2575 qui
3578 2505 3727 2558 illum

425 2598 563 2671 πρὸς
595 2598 657 2652 τὸ
680 2598 856 2669 παρὸν
895 2600 1362 2671 ἀπετολμήσαμεν
1392 2602 1615 2675 πόνημα
1648 2606 2024 2677 θαρσήσαντες

2134 2600 2293 2655 nobis
2328 2600 2723 2670 iujunxissent,
2762 2599 3011 2654 subsidio
3035 2610 3200 2670 atque
3231 2600 3486 2669 precibus
3512 2599 3728 2654 conlisi.

426 2692 519 2744 ἐπὶ
564 2694 631 2763 τῇ
673 2692 958 2763 ἀντιλήψει
1003 2695 1099 2747 καὶ
1140 2698 1207 2766 τῇ
1246 2697 1379 2767 εύχῇ
1422 2696 1532 2750 τῶν
1576 2700 2025 2773 ἐπιστρεψάντων

2138 2695 2213 2749 Ac
2234 2692 2469 2763 primum
2495 2694 2741 2763 quidem,
2764 2694 2908 2760 quod
2928 2692 3020 2761 jus
3039 2693 3091 2745 in
3117 2692 3534 2760 quatuordecim
3564 2692 3732 2745 titulis

427 2782 584 2837 10610
616 2786 919 2855 ἠμῖν..Καὶ
955 2786 1146 2856 πρῶτα
1178 2788 1282 2858 μὲν
1320 2791 1389 2842 τὰ
1441 2791 1499 2843 ἐν
1549 2795 1662 2856 τοῖς
1712 2794 2027 2865 εἰρημένοις

2133 2790 2203 2845 ab
2258 2806 2326 2846 eo
2390 2787 2701 2859 patriarcha
2763 2787 2855 2857 qtti
2917 2785 3363 2840 Nomocanonum
3417 2787 3733 2856 composuit

427 2873 562 2928 δέκα
590 2874 728 2946 πρὸς
752 2879 865 2939 τοῖς
887 2877 1146 2948 τέσσαρσι
1176 2879 1379 2944 τίτλοις
1410 2885 1795 2955 συγγραφέντα
1818 2887 2028 2958 νόμιμα

2134 2884 2511 2951 conscriptum
2564 2889 2672 2944 est,
2725 2881 2789 2935 ad
2826 2881 3005 2949 legum
3062 2880 3503 2949 repurgationem
3560 2878 3727 2949 (quo-

429 2966 583 3036 παρὰ
606 2965 699 3019 τοῦ
730 2968 1076 3040 πατριάρχου
1098 2970 1192 3025 τοῦ
1219 2972 1553 3044 συνθεμένου
1579 2975 1642 3029 τὸ
1666 2978 2030 3047 νομοκάνονον

2135 2976 2298 3032 modo
2352 2976 2560 3031 dictum
2606 2976 2713 3042 est)
2746 2973 3113 3038 excutientes,
3152 2972 3409 3027 bifariam
3443 2974 3493 3027 id
3534 2972 3732 3027 divisi-

427 3057 536 3129 πρὸ
566 3059 664 3129 τῆς
684 3060 795 3113 τῶν
826 3061 1007 3132 νόμων
1028 3063 1480 3137 άνακαθάρσεως,
1510 3067 1585 3134 ὡς
1613 3068 1833 3141 είρηται
1861 3089 2029 3126 κατα-

2138 3084 2263 3123 mus
2290 3087 2303 3123 :
2332 3066 2551 3137 etquod
2577 3080 2645 3120 ex
2687 3080 2754 3121 eo
2793 3065 2902 3118 vim
2934 3064 3181 3118 obtineat
3208 3065 3329 3119 ideo
3361 3067 3507 3134 quod
3542 3065 3593 3118 in
3623 3065 3730 3119 itit-

428 3152 787 3225 σκεψάμενοι,
816 3158 897 3220 είς
922 3155 1016 3210 δύο
1037 3157 1181 3211 αὐτὰ
1204 3159 1474 3231 διείλομεν
1500 3163 1594 3215 καὶ
1618 3165 2031 3236 ἐσαφηνίσαμεν

2140 3162 2418 3230 peratorio
2450 3158 2735 3227 sexaginta
2768 3156 3026 3227 legalium
3085 3156 3349 3211 librorum
3379 3155 3567 3229 [velut]
3617 3158 3734 3213 solo

430 3248 561 3300 ποῖα
590 3248 649 3314 ἐξ
678 3249 858 3303 αὐτῶν
892 3251 1226 3323 ἐνεργοῦντά
1251 3254 1410 3319 εἰσιν,
1444 3254 1520 3318 ὡς
1551 3256 1646 3310 καὶ
1676 3258 1733 3309 ἐν
1762 3257 1841 3329 τῷ
1879 3258 2031 3328 βασι-

2098 3320 2102 3329 ,
2142 3252 2469 3307 collocatum
2500 3250 2593 3314 sit,
2625 3248 2885 3319 quodque
2937 3248 3168 3303 omnino
3222 3249 3348 3317 quia
3383 3250 3437 3303 in
3472 3266 3735 3320 repurga-

429 3336 567 3408 λικῷ
594 3338 805 3409 ἐδάφει,
835 3340 943 3394 τῶν
960 3319 1225 3414 ἐξήκοντα
1256 3344 1505 3415 νομίμων
1531 3345 1751 3415 βιϐλίων
1773 3319 2025 3418 κείμενα,
2061 3331 2066 3364 ¹

2097 3320 2104 3372 ί
2139 3346 2291 3398 tione
2346 3351 2632 3412 receptum
2683 3357 2793 3397 non
2849 3342 2921 3397 sit
2962 3341 3155 3411 vigore
3180 3340 3505 3397 destittttttm
3536 3319 3734 3406 [\‘acet,

430 3431 529 3483 καὶ
556 3430 679 3485 τίνα
709 3432 928 3496 τελείως
959 3433 1034 3498 ὼς
1064 3434 1139 3506 μὴ
1168 3435 1427 3507 δεχθέντα
1457 3439 1515 3491 ἐν
1536 3442 1602 3510 τῇ
1634 3441 2026 3510 άνακαθὰρσει,

2142 3436 2364 3507 planum
2420 3444 2584 3505 atque
2642 3434 2997 3489 manifestum
3044 3433 3296 3491 fecimus.
3331 3436 3536 3491 Deinde
3567 3434 3734 3509 [vero]

429 3522 816 3594 ὴπράκτησαν.
855 3521 990 3579 Εἶτα
1042 3527 1516 3601 παρεδηλώσαμεν
1562 3530 1682 3585 τίνα
1721 3533 1786 3586 ἐκ
1820 3534 2028 3589 τούτων

2140 3546 2263 3598 qua:
2300 3529 2353 3583 in
2391 3528 2794 3598 quinquaginta
2833 3527 2989 3582 libris
3024 3526 3393 3598 Digestorum,
3434 3538 3488 3584 et
3530 3530 3741 3583 duode-

429 3617 491 3669 ἐν
537 3619 651 3681 τοῖς
677 3619 1017 3689 πεντήκοντα
1063 3620 1289 3691 βιϐλίοις
1316 3624 1428 3678 τῶν
1459 3625 1756 3695 Διγέστων,
1792 3629 1888 3681 καὶ
1916 3632 2031 3693 τοϊς

2139 3622 2248 3677 cim
2289 3622 2441 3675 libris
2471 3619 2737 3677 Codicum
2770 3622 3003 3677 antehac
3035 3623 3237 3692 posita.
3271 3623 3324 3676 in
3350 3623 3554 3693 quibus
3591 3639 3739 3678 nunc

433 3707 502 3779 ιβ’
529 3709 757 3779 βιϐλίοις
786 3712 899 3765 τῶν
927 3713 1193 3768 Κωδίκων
1223 3716 1329 3787 πρὸ
1364 3717 1556 3771 τούτου
1586 3718 1837 3790 κείμενα.
1870 3721 2030 3791 Ἀρτι

2140 3717 2299 3773 libris
2351 3726 2405 3771 et
2439 3717 2614 3771 titulis
2643 3714 3000 3773 Basilicarum
3054 3726 3337 3771 constrata
3386 3716 3739 3772 inveniantur

429 3804 490 3855 ἐν
530 3803 707 3867 ποίοις
756 3803 985 3876 βιϐλίοις
1017 3810 1113 3860 καὶ
1145 3807 1349 3873 τίτλοις
1390 3810 1500 3865 τῶν
1552 3811 1849 3883 βασιλικῶν
1895 3832 2031 3868 κατ-

2142 3811 2532 3867 indicavimus.
2568 3809 2836 3865 Similiter
2864 3810 3029 3865 etiam
3054 3800 3176 3879 quae.
3206 3808 3348 3863 inter
3380 3810 3495 3863 hazc
3528 3808 3581 3863 in
3611 3825 3739 3878 spe.

430 3896 753 3965 ἐστρωμένα
795 3897 1164 3969 εὑρίσκονται,
1197 3899 1462 3965 ὡσαύτως
1498 3903 1689 3957 καὶτὰ
1722 3906 1780 3957 ἐν
1820 3904 2031 3969 τούτοις

2141 3907 2280 3961 ciem
2321 3919 2444 3959 esse
2497 3902 2775 3958 contraria
2808 3902 3149 3964 viderentur,
3182 3900 3486 3956 secundum
3527 3910 3740 3956 veteres

429 3985 693 4041 δοκοῦντα
733 3989 1094 4063 ἐναντιοφανῆ
1136 3992 1411 4065 ἐλύσαμεν
1461 3996 1604 4049 κατὰ
1643 3997 1744 4060 τὰς
1789 3998 2028 4063 παλαιὰς

2144 3997 2647 4068 interpretationes,
2692 4012 2755 4051 ac
2792 4012 2889 4065 pro
2948 3995 3095 4049 tenui
3141 4010 3249 4065 qua
3304 3995 3514 4065 praediti
3544 4010 3738 4050 sumus

432 4080 752 4153 ἑρμηνείας,
782 4086 876 4138 καὶ
904 4085 1049 4140 κατὰ
1077 4087 1175 4158 τὴν
1209 4087 1521 4159 προσοῦσαν
1559 4092 1695 4162 ἡμῖν
1728 4092 2028 4162 οὐδαμινὴν

2142 4091 2374 4147 scientia
2390 4088 2767 4144 dissolvimus.
2798 4087 2968 4154 Quem
3003 4085 3175 4159 [sane]
3199 4086 3495 4141 admodum
3525 4096 3580 4141 et
3614 4104 3740 4157 qua:

431 4175 654 4246 γνῶσιν.
687 4178 897 4249 Ὠσπερ
928 4181 1022 4233 καὶ
1050 4181 1120 4234 τὰ
1145 4181 1253 4235 άπὸ
1281 4182 1392 4236 τῶν
1410 4184 1860 4239 Ἰουστινιανεῐων
1882 4186 2028 4239 Νεα-

2140 4200 2207 4238 ex
2265 4181 2626 4238 Iustinianeis
2684 4178 2921 4233 Novellis
2994 4180 3048 4232 in
3111 4177 3555 4246 repnt'gationem
3630 4194 3737 4231 non

433 4268 546 4339 ρῶν
586 4270 662 4341 μὴ
704 4271 962 4343 δειχθέντα
1012 4277 1071 4327 ἐν
1105 4278 1171 4346 τῇ
1210 4276 1603 4349 άνακαθάρσει,
1632 4280 1727 4332 καὶ
1750 4281 1903 4351 παρὰ
1932 4283 2028 4332 τοῦ

2141 4277 2423 4339 admissa,
2483 4290 2513 4328 a
2562 4273 2844 4343 patriacha
2918 4282 3101 4325 autem
3176 4281 3437 4340 tanquam
3495 4269 3737 4325 eilicacia

433 4364 777 4435 πατριάρχου
804 4365 880 4429 ὡς
897 4368 1226 4440 ἐνεργοῦντα
1249 4373 1677 4442 καταγραρέντα
1710 4373 1787 4437 ὼς
1815 4375 2025 4445 πέτραν

2138 4368 2409 4437 descripta
2436 4376 2587 4427 sunt,
2618 4365 2765 4419 velut
2785 4362 3106 4418 offensionis
3131 4363 3359 4431 lapidem
3388 4362 3731 4416 sustulimus.

432 4453 737 4507 σκανδάλου
776 4457 1147 4528 περιείλομεν.
1199 4461 1310 4513 Καὶ
1356 4460 1491 4514 ἄλλα
1526 4461 1583 4514 δέ
1630 4480 1751 4515 τινα
1791 4464 2027 4535 χρειώδη

2140 4458 2470 4534 (Pasti-emo]
2504 4474 2635 4514 vero
2669 4459 2968 4511 nminullas
3001 4470 3223 4525 quoque
3250 4454 3389 4508 alias
3427 4454 3588 4508 utiles
3623 4453 3738 4506 eili-

430 4548 528 4601 καὶ
572 4549 902 4620 ἐνεργοῦντα
939 4552 1288 4623 θεσπίσματα
1335 4556 1474 4627 μετὰ
1517 4555 1617 4627 τὴν
1650 4558 2026 4629 ἀνακάθαρσιν

2139 4570 2409 4623 eaceSque
2433 4569 2497 4607 ex
2524 4548 3275 4621 imperatoriisjussionibus,
3301 4547 3734 4613 cmnmentariis,

430 4639 784 4712 ἐξενεχθέντα
824 4645 935 4699 ἀπό
981 4663 1041 4701 τε
1087 4645 1386 4717 βασιλικῶν
1436 4652 1885 4722 προσταγμάτων
1933 4653 2028 4705 καὶ
2066 4694 2067 4697 η

2097 4646 2490 4742 ιΝονοΙΙίείιιιιι
2536 4642 3049 4705 constitut'unilnts,
3098 4650 3262 4708 atque
3295 4640 3459 4693 etiam
3502 4655 3565 4693 ex
3605 4654 3734 4709 syn-

433 4733 665 4805 Νεαρῶν
697 4736 1112 4809 θεσπισμάτων,
1145 4740 1261 4810 εἴγε
1296 4740 1396 4811 μὲν
1426 4743 1520 4795 καὶ
1564 4743 1857 4797 συνοδικῶν
1889 4745 2034 4817 πρά·
2069 4739 2070 4743 “

2100 4732 2108 4740 ’
2144 4739 2398 4794 odalilms
2429 4737 2580 4791 Actis
2627 4743 2750 4806 post
2785 4733 3221 4805 repurgatiunem
3258 4732 3435 4788 editas
3493 4732 3737 4785 sanctio-

432 4828 589 4895 ξεων,
638 4832 697 4884 ἐν
726 4830 804 4902 τῷ
847 4832 1077 4907 τοιούτῳ
1120 4838 1397 4909 πονήματι
1432 4838 1919 4909 κατεστρὼσαμεν,
1957 4840 2033 4904 ὡς

2144 4847 2241 4885 nes
2270 4830 2393 4883 huic
2426 4827 2597 4883 labori
2627 4826 2968 4883 iuseruimus
2996 4842 3008 4879 :
3039 4839 3149 4893 quo
3174 4822 3464 4895 [videlicet]
3498 4822 3740 4890 undique

428 4923 498 4977 ἂν
527 4922 695 4995 ἔχωσι
742 4926 1083 4997 πανταχόθεν
1119 4929 1167 4981 οἱ
1216 4929 1641 5000 ἐντυγχάνοντες
1685 4929 1744 4983 τὸ
1789 4930 2029 4999 ἀσφαλὲς

2142 4923 2375 4977 lectores
2426 4921 2817 4976 inconcussam
2851 4918 3089 4974 habeant
3117 4918 3527 4973 certitudincm.
3561 4915 3741 4972 Crete-

431 5017 528 5069 xal.
563 5017 1017 5090 άπερικὶόνητον.
1068 5021 1136 5075 Εἴ
1183 5039 1236 5075 τι
1273 5022 1456 5076 τοίνυν
1498 5022 1573 5093 μὴ
1610 5023 1852 5092 καθῆκον
1891 5024 2027 5089 ἴσως

2141 5034 2261 5074 rum
2304 5019 2348 5074 si
2391 5017 2521 5088 quid
2572 5014 2709 5072 forte
2748 5025 2844 5071 aut
2886 5016 2939 5071 in
2988 5016 3094 5081 his,
3129 5014 3308 5071 autin
3344 5029 3618 5083 canonum
3656 5012 3738 5066 in-

431 5110 743 5179 γέγραπται
770 5113 803 5184 ῆ
838 5114 896 5166 ἐν
925 5113 1135 5179 τούτοις
1159 5115 1192 5187 ἢ
1216 5117 1275 5169 ἐν
1301 5118 1423 5180 ταῖς
1448 5116 1558 5171 τῶν
1585 5119 1827 5171 κανόνων
1852 5119 2028 5189 ἐρμη-

2143 5111 2653 5182 terpretationibus,
2682 5118 2879 5181 praeter
2903 5110 3167 5165 decorum
3200 5108 3467 5178 scriptum
3506 5107 3595 5170 sit,
3640 5122 3735 5159 ve-

431 5202 603 5266 νείαις
628 5204 900 5272 ἀξιούσθω
928 5209 1281 5281 συγγνώμης.
1324 5211 1459 5264 Ούδέ
1480 5211 1589 5283 γὰρ
1610 5212 1883 5283 ἡμέτερόν
1914 5214 2030 5266 ἐστι

2142 5208 2230 5261 nia
2267 5206 2490 5277 dignum
2530 5204 2778 5259 habetur.
2827 5200 3017 5273 Neque
3046 5202 3193 5257 enim
3246 5201 3426 5256 ltrecce
3478 5200 3737 5253 lucubra-

428 5295 721 5368 τόλμημα,
764 5298 826 5354 τὸ
859 5300 952 5355 τοῦ
987 5304 1299 5375 πονήματος
1332 5303 1563 5376 μέγεθος
1586 5344 1600 5369 ,
1649 5304 1787 5358 ἀλλὰ
1834 5304 1935 5376 τῆς
1975 5305 2035 5369 ἐξ

2138 5300 2350 5353 tinuum
2378 5298 2549 5353 moles
2575 5297 2786 5354 audcia:
2816 5306 3040 5363 nostra},
3083 5296 3176 5351 sed
3202 5294 3534 5350 necessariae
3585 5293 3724 5346 obc-

428 5392 673 5464 ἀνάγκης
701 5395 951 5468 ὑπακοῆς
982 5397 1199 5471 ἁποκύη
1210 5417 1305 5471 μα.

1070 5397 1305 5471 οκύημα.
2137 5393 2357 5449 dientite
2389 5400 2581 5464 partus
2606 5401 2707 5447 est.
