4146 6436
473 391 577 452 979

1618 389 1883 451 PHOTII
1922 388 2437 450 PATRIARCHE
2473 390 2583 451 (ΞΡ.

3678 394 3791 459 980

1776 790 2186 879 ΤΙΤΛΟΣ
2273 782 2365 875 A’
2378 856 2393 871 .

683 978 841 1031 ΠΕΡΙ
883 976 1298 1040 ΘΕΟΛΟΓΙΔΣ,
1337 976 1459 1030 ΚΑΙ
1499 972 1902 1029 01⁵6οΔοΞοΥ
1942 973 2274 1041 ΠΙΣΤΕΩΣ,
2313 974 2435 1025 ΚΑι
2477 970 2850 1039 ΚΑΝΟΝΩΝ,
2906 973 3028 1027 ΚΑΙ
3065 975 3562 1032 ΧΕΙΡΟΤΟΝΙΩΝ.

1624 1295 2096 1377 TITULUS
2198 1300 2625 1379 PRIMUS.

856 1480 944 1535 DE
984 1478 1402 1547 THEOLOGIA,
1443 1476 1877 1535 ORTHODOXA
1916 1477 2102 1545 FIDE,
2147 1477 2565 1547 CANONIBUS,
2629 1479 2718 1535 ET
2757 1480 3373 1541 0RDINATIONIBUS.

462 1638 691 1696 CAPUT
726 1638 999 1697 PRIMUM
1023 1670 1093 1681 —
1128 1639 1206 1694 De
1229 1638 1494 1710 theologia
1514 1651 1562 1693 et
1591 1638 1890 1693 orthodoxa
1924 1638 2051 1707 ﬁde.

2233 1637 2636 1694 ΚΕΦΑΛΑΙΟΝ
2667 1641 2746 1694 A'.
2781 1670 2847 1681 -—
2874 1642 3015 1712 Περὶ
3048 1644 3360 1714 θεολογίας
3394 1642 3494 1698 καὶ
3536 1644 3782 1715 ὀρθοδόο

532 1829 925 1896 Apostolorum
954 1844 1130 1883 canon
1167 1829 1237 1883 49
1261 1836 1315 1883 et
1343 1829 1443 1896 50;
1475 1828 1696 1884 concilii
1744 1827 2063 1883 Constanti-

460 1922 762 1991 nopolitani
787 1936 965 1977 canon
1010 1924 1060 1986 1,
1091 1922 1156 1986 5;
1183 1922 1403 1978 concilii
1468 1920 1727 1991 Ephesini
1777 1936 1953 1977 canon
1989 1921 2059 1987 7;

462 2014 682 2069 concilii
736 2014 1192 2084 Carthaginensis
1251 2029 1429 2069 canon
1481 2013 1519 2067 ‘2
1573 2032 1587 2069 :
1641 2014 1861 2069 concilii
1921 2015 2061 2070 sexti

461 2121 639 2160 canon
662 2107 715 2171 1,
748 2106 836 2169 75,
875 2107 966 2161 81.

534 2198 755 2254 Textus.
798 2198 960 2253 Liber
990 2197 1031 2266 l,
1059 2198 1281 2255 Codicis
1308 2200 1466 2255 titulo
1488 2200 1542 2266 1,
1573 2201 1971 2257 constitutione
2008 2202 2059 2267 1,

460 2289 512 2355 5,
546 2290 599 2355 6,
628 2290 681 2353 7,
715 2290 769 2355 8,
800 2291 854 2345 9.

530 2381 830 2436 Scliolium.
873 2380 1057 2436 Prima
1112 2384 1436 2439 constitutio
1473 2384 1559 2439 tit.
1589 2385 1643 2451 1,
1674 2385 1771 2441 lib.
1798 2402 1814 2441 ι
1842 2385 2059 2441 Codicis

453 2482 539 2526 est
574 2473 624 2536 1,
652 2482 817 2542 caput
845 2490 860 2527 ι
896 2474 990 2528 lib.
1022 2473 1408 2541 Basilicarum,
1442 2477 1589 2547 qttod
1622 2476 1702 2532 sic
1735 2476 1811 2531 ait
1842 2495 1855 2531 :
1892 2476 2056 2533 Clit-io

458 2567 645 2621 tianus
678 2577 778 2633 est,
809 2567 903 2637 qui
940 2567 1337 2633 cretlitPatris,
1356 2568 1478 2624 Filii
1531 2580 1584 2625 et
1602 2570 1844 2641 Spiritus
1878 2572 2055 2627 sancti

453 2656 558 2710 sub
596 2657 714 2727 pari
750 2658 1037 2727 majestate
1064 2675 1229 2714 unam
1283 2675 1405 2715 esse
1451 2660 1735 2717 deitatem.
1785 2661 1890 2729 Qui
1929 2677 2059 2716 vero

452 2758 646 2804 contra
706 2748 865 2823 [jam]
909 2753 1055 2806 dicta
1105 2754 1315 2819 edocet,
1381 2756 1671 2810 haereticus
1697 2767 1800 2821 est,
1835 2757 1885 2821 5,
1914 2757 1967 2819 6,
2002 2757 2055 2823 7,

453 2843 487 2895 8
517 2852 570 2897 et
596 2840 630 2897 9
660 2844 1089 2902 constitutiones
1130 2863 1238 2903 non
1275 2858 1403 2903 sunt
1446 2849 1633 2919 positae
1667 2849 2024 2920 iuaBasilicis.

457 3074 477 3106 ._
560 3028 789 3085 CAPUT
816 3032 884 3086 ll.
921 3063 989 3074 -—
1024 3031 1163 3097 Quot
1199 3049 1425 3089 canones
1457 3035 1630 3090 valere
1660 3040 1943 3106 oporteat?

452 3098 477 3117 ﬁ
526 3121 761 3177 Concilii
790 3123 1260 3181 Chalcedonensis
1281 3142 1459 3182 canon
1489 3146 1537 3195 l;
1570 3130 1786 3184 concilii
1813 3130 2047 3185 Cartha-

452 3215 703 3283 ginensis
759 3232 1012 3285 canont;
1048 3218 1270 3274 concilii
1312 3222 1451 3276 sexti
1502 3237 1680 3276 canon
1715 3220 1792 3289 2;
1829 3224 2049 3279 concilii

452 3303 659 3360 Nicarni
693 3308 923 3363 secundi
957 3323 1134 3364 canon
1167 3311 1222 3364 2.

532 3398 751 3454 Textus.
785 3400 1125 3457 Constitutio
1169 3404 1223 3469 5,
1284 3404 1369 3458 tit.
1408 3406 1443 3459 2
1494 3406 1863 3477 Novellarum,
1916 3422 2048 3482 ele.,

456 3508 622 3563 usque
648 3494 717 3546 ad
741 3494 927 3550 irritas
950 3510 1073 3551 esse
1106 3495 1387 3564 habet.,ut
1412 3516 1535 3571 pag.
1562 3501 1692 3557 451.

530 3585 825 3642 Scholium.
847 3588 1042 3643 Const.
1071 3591 1126 3654 5,
1149 3591 1232 3647 tit.
1266 3591 1689 3662 2Nove||arum,
1722 3608 1807 3653 est
1833 3601 2050 3659 novella

456 3677 751 3734 Justiniani
777 3681 871 3736 151
898 3681 1061 3755 [qua]
1087 3684 1262 3754 posita
1286 3685 1411 3759 [est]
1431 3688 1486 3741 in
1508 3688 1602 3744 lib.
1635 3706 1666 3742 ν
1693 3690 1858 3748 Basil.
1886 3696 1970 3750 tit.
1996 3699 2052 3762 5,

458 3786 584 3840 cap.
621 3786 661 3837 ι,
697 3774 934 3829 themate
968 3791 1006 3837 ι,
1040 3777 1186 3846 quod
1222 3779 1303 3833 sic
1336 3780 1501 3835 habet
1539 3800 1552 3835 :
1595 3781 1889 3843 Sancimus
1950 3790 2052 3859 igi-

458 3874 570 3927 tur,
610 3873 671 3917 ut
707 3865 883 3920 sancti
933 3867 1299 3924 ecclesiastici
1362 3886 1628 3941 canones,
1663 3877 1756 3945 qui
1788 3894 1816 3930 a
1851 3883 2057 3941 sanctis

459 3966 669 4026 septem
733 3960 983 4015 conciliis
1049 3964 1380 4034 promulgati
1426 3975 1522 4020 aut
1564 3971 1878 4027 conlirmati
1929 3986 2057 4033 sunt

458 4052 636 4107 vicem
667 4051 841 4122 legum
870 4054 1179 4111 obtineant.
1202 4054 1409 4129 Nempe
1444 4077 1472 4115 a
1504 4060 1726 4119 Nicmno
1776 4075 2059 4125 trecento-

458 4159 585 4199 rum
619 4145 1003 4217 duodevigenti
1040 4147 1266 4205 Patrum
1310 4154 1570 4219 concilio,
1600 4157 1653 4210 in
1708 4175 1821 4228 quo
1869 4160 2057 4229 Arius,

459 4236 549 4290 cui
583 4251 615 4291 a
641 4235 825 4293 furore
854 4255 1157 4307 cognomen
1194 4243 1427 4299 inditum
1452 4256 1535 4300 est
1587 4251 1936 4308 anathemate
1974 4265 2059 4310 est

458 4342 807 4397 percussus;
872 4330 1491 4404 Constantinopolitano
1544 4337 1769 4396 Patrum
1834 4355 2054 4401 centum
2092 4368 2135 4425 ο

462 4423 884 4493 quinquaginta,
921 4442 949 4479 a
980 4428 1183 4496 quibus
1234 4428 1474 4499 Spiritus
1505 4436 1677 4489 sant-ti
1715 4448 2062 4507 oppugnatur

462 4513 819 4570 Macedonius
854 4516 1078 4571 infamia
1106 4527 1326 4575 notatus
1359 4530 1477 4587 est;
1520 4523 1799 4593 Ephesiuo
1855 4528 2057 4596 primo,

462 4609 522 4663 in
552 4624 665 4679 quo
688 4608 971 4666 Nestorius
1003 4612 1399 4671 condemnatus
1432 4625 1553 4682 est;
1588 4617 2056 4690 Chalcedonensi,

463 4701 522 4755 iu
556 4715 663 4771 qua
689 4698 964 4773 Eutyches
991 4718 1116 4757 cum
1148 4702 1404 4762 Nestorio
1440 4709 1791 4767 anathemate
1841 4728 2062 4781 percus-

465 4807 564 4847 sus
622 4801 708 4847 est
740 4807 756 4845 :
793 4793 1017 4859 adhtec,
1067 4794 1685 4870 Constantinopolitano
1738 4807 2002 4869 secundo,
2032 4823 2063 4862 a

466 4898 578 4950 quo
615 4882 879 4952 Origenes
916 4900 1024 4939 una
1074 4900 1198 4939 cum
1242 4889 1500 4956 operibus
1540 4892 1678 4956 suis,
1710 4902 1767 4948 et
1815 4894 1907 4948 alii
1941 4894 2065 4963 qui—

467 4976 596 5029 dam
628 4975 800 5044 impii,
838 4976 1141 5045 ignominia
1175 4978 1404 5034 all‘ectus
1445 4991 1529 5035 est
1558 5000 1573 5036 :
1609 4992 1869 5052 praeterea
1918 4982 2067 5039 Con-

467 5068 965 5137 stantinopolitano
1008 5072 1190 5136 tertio,
1238 5073 1387 5142 quod
1432 5073 1500 5129 de
1524 5076 1713 5133 multis
1758 5077 2063 5133 haeresibus

469 5161 846 5231 triumphans,
897 5164 1259 5219 vetustiorum
1315 5176 1632 5223 sanctorum
1698 5171 2061 5225 conciliorum

467 5254 670 5326 placita
704 5254 1088 5322 conﬁrmavit;
1125 5258 1191 5313 ad
1256 5269 1565 5316 extremum
1626 5277 1780 5329 vero,
1843 5262 2066 5319 Niczeno

468 5348 735 5413 secundo,
782 5349 835 5402 in
870 5363 981 5419 quo
1012 5348 1088 5403 illi
1117 5350 1205 5420 qui
1243 5352 1510 5408 adversus
1556 5369 1746 5411 sacras
1797 5355 2067 5426 imagines

464 5438 839 5500 insaniebant,
868 5439 1073 5508 pariter
1110 5455 1234 5494 cum
1266 5442 1637 5499 anterioribus
1663 5444 1936 5501 haereticis
1970 5445 2063 5499 Dei

465 5526 713 5582 Ecclesia
763 5525 1003 5583 abdicati
1036 5535 1186 5584 sunt.
1241 5527 1634 5587 Praadictorum
1674 5533 1877 5588 etenim
1936 5549 2066 5589 sau-

468 5628 683 5674 ctorum
754 5618 1117 5674 conciliorum
1180 5617 1399 5677 decreta
1465 5624 1695 5694 perinde
1745 5633 1807 5679 ut
1875 5640 2064 5681 sacras

2167 1729 2279 1796 ξου
2302 1732 2587 1798 πίστεως.

2237 1822 2582 1878 Ἀποστόλων
2612 1824 2794 1879 κανὼν
2826 1825 2913 1896 μθ⁹
2942 1827 3037 1880 καὶ
3073 1834 3137 1880 ν’·
3174 1828 3397 1883 συνόδου
3424 1830 3781 1886 Κωνσταντι-

2165 1916 2469 1981 νουπόλεως
2506 1918 2688 1973 κανὼν
2726 1921 2797 1987 α’,
2834 1921 2909 1975 ε”
2956 1924 3174 1977 συνόδου
3216 1924 3446 1993 Ἐφέσου
3477 1928 3654 1981 κανὼν
3689 1928 3772 1994 ζ’·

2167 2012 2385 2067 συνόδου
2427 2012 2789 2085 Καρθαγένης
2840 2015 3021 2070 κανὼν
3076 2016 3165 2088 β’·
3209 2019 3428 2073 συνόδου
3478 2026 3531 2085 ς’
3587 2021 3778 2077 κανὼν

2163 2104 2236 2167 α’,
2267 2110 2368 2173 (ιγ’,
2402 2112 2514 2160 πα’.

2236 2200 2549 2269 Κείμενον.
2596 2200 2813 2258 Βιϐλίαν
2842 2202 2892 2257 α’
2919 2203 3016 2259 τοῦ
3042 2204 3308 2271 Κώδικος,
3344 2206 3451 2261 τίτ.
3478 2205 3549 2273 α’,
3577 2207 3769 2263 διάτα-

2163 2289 2245 2357 ξις
2277 2297 2337 2353 ε’,
2373 2298 2447 2355 ς’,
2475 2291 2539 2357 ζ’,
2580 2299 2648 2361 η’,
2679 2293 2743 2346 0'.

2235 2384 2520 2452 Σχόλιον.
2569 2387 2633 2438 Ἦ
2680 2385 2875 2458 πρώτη
2923 2387 3167 2454 διάταξις
3219 2387 3315 2440 τοῦ
3363 2395 3412 2442 α’
3460 2396 3559 2441 τιτ¹
3589 2389 3683 2441 τοῦ
3716 2389 3767 2441 α’

2163 2475 2369 2545 βιϐλίου
2403 2477 2497 2530 τοῦ
2522 2476 2792 2543 Κώδικος,
2824 2478 2939 2531 ἐστι
2962 2494 3085 2544 κεφ.
3122 2484 3199 2541 α’,
3225 2477 3316 2530 τοῦ
3352 2484 3400 2530 α’
3425 2476 3628 2548 βιϐλίου
3656 2478 3769 2530 τῶν

2161 2569 2466 2623 Βασιλικῶν
2498 2568 2642 2622 οὕτω
2674 2570 2854 2639 λέγον⁸
2894 2572 3223 2641 Χριστιανός
3259 2571 3409 2623 ἐστιν
3436 2572 3464 2624 ό
3492 2569 3767 2623 πιστεύων

2164 2661 2295 2733 μίαν
2321 2658 2462 2714 εἶναι
2498 2660 2733 2731 θεότητα
2770 2662 2828 2715 ἐν
2863 2661 2953 2733 ἴσῃ
2996 2661 3218 2733 ἐξουσίᾳ
3264 2660 3359 2714 τοῦ
3391 2661 3623 2731 Πατρός,
3665 2661 3760 2714 τοῦ

2163 2753 2316 2819 Υίοῦ,
2368 2755 2462 2807 καὶ
2506 2753 2604 2808 τοῦ
2656 2755 2813 2823 ἁγίου
2849 2755 3192 2825 Πνεύματος.
3243 2755 3301 2809 '0
3348 2754 3457 2825 γὰρ
3500 2757 3651 2825 παρὰ
3694 2755 3764 2808 τὰ

2159 2846 2428 2918 εἰρημένα
2468 2846 2711 2911 δοξάζων
2750 2846 3031 2918 αἱρετικός
3076 2847 3248 2901 ἐστιν.
3300 2846 3363 2899 Ἦ
3404 2847 3461 2901 δὲ
3487 2853 3549 2913 ε’,
3580 2851 3654 2913 ς’,
3681 2843 3755 2910 ζ’,

2158 2941 2253 2994 καὶ
2274 2946 2323 3011 η’
2353 2940 2496 2994 διατ.
2531 2940 2634 2993 οὐκ
2664 2939 2935 3009 ἐτέθησαν
2962 2941 3043 3002 είς
3076 2940 3144 2992 τά
3181 2939 3469 2994 Βασιλικά.

2086 3001 2134 3062 Β
2233 3001 2486 3086 ΚίΞΦΛΛ.
2530 3031 2607 3084 Β’.
2642 3060 2713 3071 —
2744 3001 2981 3096 Πόσους
3015 3001 3106 3083 δεῖ
3135 3028 3376 3098 κρατεῖν
3405 3032 3687 3099 κανόνας.

2239 3124 2464 3178 Συςθόδου
2486 3122 2831 3192 Χαλκηδόνος
2852 3122 3033 3176 κανὼν
3046 3127 3115 3183 α’,
3136 3122 3354 3175 συνόδου
3393 3124 3759 3195 Καρθαγένης

2166 3220 2348 3276 κανὼν
2379 3225 2426 3272 α’
2449 3235 2461 3247 ·
2496 3218 2716 3272 συνόδου
2758 3216 2813 3282 ς’
2849 3214 3032 3271 κανὼν
3074 3214 3118 3285 β’
3143 3232 3157 3248 ο
3191 3216 3410 3270 συνόδου
3438 3216 3670 3281 Νικαίας
3699 3218 3761 3271 τὸ

2170 3315 2238 3385 β’,
2262 3311 2445 3367 κανὼν
2478 3310 2545 3382 β’.

2239 3408 2549 3478 Κείμενον.
2601 3404 2667 3458 Ἦ
2715 3410 2763 3471 γ’
2818 3402 3061 3469 διάταξις
3092 3403 3186 3457 τοῦ
3219 3404 3285 3475 β’,
3325 3420 3381 3460 κ.
3416 3421 3468 3459 τ.
3503 3404 3553 3457 λ.
3588 3418 3762 3473 usque

2170 3503 2236 3557 atl
2265 3501 2427 3554 τύποι
2470 3496 2669 3567 άκυροί
2691 3497 2849 3550 εἰσιν.

2242 3594 2517 3663 Σχόλιον.
2570 3590 2634 3642 Ἦ
2664 3594 2712 3657 γ’
2739 3585 2986 3653 διάταξις
3024 3586 3119 3642 τοῦ
3169 3589 3214 3659 β’
3258 3588 3364 3642 τίτ.
3397 3587 3505 3641 τῶν
3535 3586 3763 3657 Νεαρῶν

2171 3688 2286 3741 ἐστι
2318 3682 2939 3755 νεαρὰίουστινιάνειος
2970 3681 3083 3753 ρλα¹
3123 3683 3352 3751 κειμένη
3384 3682 3440 3733 ἐν
3473 3679 3660 3751 βιϐλίῳ
3689 3687 3755 3745 ε’,

2170 3781 2280 3835 τῶν
2322 3776 2625 3831 Βασιλικῶν
2660 3774 2765 3828 τίτ.
2812 3780 2882 3842 γ’,
2927 3791 3053 3842 κεφ.
3106 3772 3177 3837 α’,
3225 3774 3421 3845 Οέματι
3469 3780 3539 3840 α’,
3590 3771 3761 3834 οὕτως

2174 3876 2382 3947 ἔχοντι·
2414 3870 2759 3941 Θεσπίζομεν
2779 3871 2985 3935 τοίνυν,
3004 3868 3187 3940 νόμων
3213 3869 3367 3935 τάξιν
3394 3869 3613 3939 ἐπέχειν
3636 3868 3762 3931 τοὺς

2179 3969 2370 4037 ἁγίους
2397 3964 2886 4036 ἐκκλησιαστικοὺς
2913 3963 3144 4027 κανόνας
3174 3964 3299 4027 τοὺς
3326 3962 3429 4017 ὑπὸ
3460 3963 3566 4016 τῶν
3592 3961 3761 4031 ἁγίων

2173 4062 2220 4127 ζ’
2270 4059 2505 4115 συνόδων
2554 4055 2877 4118 ἐκτεθέντας
2924 4055 2956 4125 ἢ
3000 4054 3396 4125 βεϐαιωθέντας
3453 4054 3595 4109 τοῦτ’
3648 4054 3761 4107 ἔστι

2170 4126 2298 4217 τοὺς
2329 4154 2387 4205 ἐν
2412 4150 2461 4204 Ν
2468 4148 2620 4220 ικαίᾳ
2646 4146 2755 4201 τῶν
2782 4144 2909 4217 τιη’.
2942 4146 3065 4199 καθ’
3090 4146 3157 4218 ἢν
3185 4148 3212 4200 ό
3237 4148 3454 4218 Ἀρειος
3477 4150 3503 4201 ὁ
3533 4150 3630 4217 τῆς
3656 4126 3779 4217 μαρ-ι

2169 4249 2291 4311 νίας
2318 4243 2606 4313 ἐπώνυμος
2653 4240 3060 4311 ἁνεθεματίσθη
3082 4282 3095 4306 ,
3149 4242 3245 4294 καὶ
3274 4242 3374 4311 τῆς
3411 4241 3471 4293 ἐν
3495 4244 3561 4309 τῇ
3603 4241 3761 4293 Κων-

2171 4335 2611 4396 σταντινουπόλει
2654 4333 2763 4387 τῶν
2808 4331 2980 4401 ἁγίων
3038 4331 3114 4405 ρν¹
3158 4334 3441 4404 Πατέρων,
3482 4334 3572 4402 ὑφ’
3608 4327 3684 4387 ὧν
3735 4334 3763 4385 ό

2169 4429 2631 4502 πνευματομάχος
2652 4424 2983 4488 Μακεδόνιος
3023 4424 3402 4495 ἐστηλιτεύῡη,
3438 4426 3533 4478 καὶ
3576 4424 3672 4493 τῆς
3706 4424 3763 4475 ἐν

2180 4524 2393 4595 Ἐφέσῳ
2417 4528 2466 4577 α’
2494 4522 2553 4575 ἐν
2578 4513 2927 4594 ᾖΝεστόριος
2955 4517 3277 4587 κατεκρίθη,
3304 4519 3397 4570 καὶ
3422 4517 3523 4587 τῆς
3544 4518 3598 4570 ὲν
3621 4515 3765 4571 Χαλ-

2169 4617 2355 4689 κηδόνι
2396 4614 2519 4669 καθ’
2558 4613 2626 4685 ἢν
2656 4611 2906 4681 Εὐτυχὴς
2944 4612 3083 4681 μετὰ
3112 4611 3413 4682 Νεστορίου
3442 4609 3764 4680 ἀνεθεματί-

2170 4714 2293 4785 σθη.
2344 4710 2489 4777 Πρὸς
2526 4708 2586 4761 δὲ
2624 4705 2855 4767 ταύταις
2884 4704 2984 4774 τῆς
3015 4706 3071 4758 ἐν
3100 4702 3671 4756 Κωνσταντινουπόλει
3702 4701 3763 4753 τὸ

2171 4804 2237 4879 β’.
2271 4806 2339 4859 δι’
2370 4799 2439 4877 ἦς
2463 4800 2749 4871 Ὠριγένης
2783 4796 2924 4869 μετὰ
2950 4797 3059 4852 τῶν
3090 4794 3257 4849 αὐτοῦ
3288 4794 3761 4865 συγγραμμάτων,

2169 4897 2264 4952 καὶ
2288 4893 2467 4964 ἕτεροί
2495 4908 2643 4954 τινες
2676 4888 2959 4951 δυσσεϐεῖς
2991 4882 3623 4955 παρεδειγματίσθησαν,
3670 4880 3765 4933 καὶ

2169 4992 2252 5046 ἐτι
2285 4991 2383 5061 τῆς
2422 4990 2480 5042 ἐν
2524 4980 3100 5041 Κωνσταντινουπόλει
3128 4978 3189 5032 τὸ
3220 4977 3288 5046 γ’,
3329 4978 3453 5048 ἥτις
3485 4974 3767 5045 διαφόροις

2169 5082 2413 5155 αἱρέσεις
2442 5076 2863 5151 Θριαμϐεύσασα
2882 5073 2951 5127 τὰ
2973 5072 3083 5126 τῶν
3114 5069 3562 5143 προγενεστέρων
3592 5067 3766 5135 ἁγίων

2171 5172 2407 5227 συνόδων
2439 5171 2558 5224 Θεῖα
2587 5169 2834 5239 δόγματα
2864 5165 3218 5236 ἐπεκύρωσε,
3261 5162 3359 5215 κα)⁸
3382 5160 3477 5215 ἐπὶ
3508 5161 3642 5214 πᾶσι
3664 5156 3764 5227 τῆς

2169 5264 2229 5317 ἐν
2272 5260 2481 5331 Νικαίᾳ
2528 5258 2590 5313 τὸ
2635 5258 2700 5328 β’,
2754 5257 2812 5325 ἐξ
2841 5251 2908 5327 ἧς
2939 5257 2988 5309 0i
3022 5255 3163 5309 κατὰ
3192 5254 3303 5307 τῶν
3334 5252 3505 5320 ἁγίων
3538 5252 3765 5304 εἰκόνων

2169 5355 2538 5423 λυττήσαντες
2569 5352 2630 5417 ἐξ
2662 5351 2778 5404 ἴσου
2812 5352 2924 5411 τοῖς
2950 5347 3314 5420 προλαϐοῦσιν
3341 5347 3642 5419 αἱρετικοῖς
3663 5342 3765 5412 τῆς

2170 5441 2469 5513 καθολικῆς
2524 5440 2619 5494 τοῦ
2679 5440 2817 5494 Θεοῦ
2872 5439 3202 5510 Ἐκκλησίας
3270 5436 3763 5508 ἀπεκηρύχθησαν.

2171 5535 2293 5588 Τῶν
2322 5534 2433 5603 γὰρ
2462 5530 2881 5603 προειρημέκων
2927 5530 3100 5599 ἁγίων
3141 5529 3375 5584 συνόδων
3416 5528 3486 5582 τὰ
3523 5527 3768 5597 δόγματα

2172 5625 2425 5695 καθάπερ
2451 5624 2549 5687 τὰς
2573 5623 2723 5684 Θείας
2754 5620 2974 5693 Γραφὰς
2999 5619 3288 5691 δεχόμεθα,
3326 5617 3423 5672 καὶ
3450 5616 3575 5679 τούς
3609 5615 3768 5669 κανό-

470 5708 785 5781 Scripturas
833 5711 1188 5783 suscipimus,
1223 5722 1278 5769 et
1322 5729 1563 5770 canones
1597 5724 1658 5773 ut
1693 5716 1837 5788 leges
1873 5725 2060 5773 custo-

2174 5736 2271 5782 νας
2307 5718 2383 5780 ὡς
2436 5717 2623 5786 νόμοις
2658 5716 3024 5785 φυλάττομεν.
3085 5713 3149 5766 Ἦ
3195 5712 3279 5785 μδ¹
3308 5709 3550 5775 διάταξις
3587 5707 3681 5761 τοῦ
3718 5706 3770 5775 γ’

467 5802 674 5857 dimus.
702 5804 893 5860 Const.
926 5804 1019 5873 14,
1043 5806 1129 5863 tit.
1154 5806 1210 5873 5,
1239 5806 1335 5863 lib.
1365 5806 1623 5865 tCodicis
1653 5825 1762 5864 non
1781 5817 1864 5865 est
1886 5809 2063 5880 posita

471 5891 527 5945 in
561 5890 724 5948 Basil.
761 5908 936 5966 neque
972 5911 1100 5953 vero
1138 5896 1160 5951 1
1200 5904 1295 5954 aut
1332 5897 1365 5953 4
1416 5905 1592 5955 const.
1622 5897 1705 5954 tit.
1742 5898 1764 5951 1
1818 5898 2069 5957 Novella-

2174 5812 2279 5867 τίτ.
2312 5808 2407 5864 τοῦ
2432 5808 2479 5863 α’
2507 5808 2715 5879 βιϐλίου
2742 5806 2838 5861 τοῦ
2867 5806 3111 5871 Κώδικος
3151 5807 3253 5860 οὐκ
3280 5806 3441 5876 ἐτέθη
3474 5806 3553 5870 είς
3573 5803 3643 5858 τά
3666 5801 3770 5873 βα-

2180 5900 2393 5970 σιλικὰ,
2438 5900 2560 5955 οὐδὲ
2599 5902 2632 5970 ἡ
2667 5905 2714 5952 α’
2767 5900 2860 5952 καὶ
2909 5898 2949 5953 δ’
2990 5897 3237 5963 διάταξις
3281 5895 3375 5953 τοῦ
3428 5902 3477 5953 α’
3514 5894 3620 5949 τίτ.
3660 5892 3774 5947 τῶν
