4146 6454
381 357 490 429 981

1362 359 1852 425 NOMOCANON.
1887 386 1953 396 -
1980 352 2213 437 ΤΙΤ.Ἰ,
2253 361 2410 423 CAP.
2451 361 2479 422 Ι
2512 386 2583 397 -
2619 361 2737 423 IIl.

3590 364 3698 428 9ἳῖ

383 474 621 547 Νεαρῶν
650 467 725 529 ὧν
745 476 779 545 ἡ
818 474 918 546 μὲν
946 474 1085 544 ἕκτη
1119 473 1236 528 ἐστὶ
1263 476 1434 547 νεαρὰ
1462 476 1912 544 Ἰουστινιάνειος,
1947 478 1981 547 ὴ

2120 491 2233 539 um,
2257 474 2505 545 [quarum
2542 474 2657 529 haec
2695 473 2917 544 quidem
2962 482 3047 531 cst
3080 473 3427 531 (ilustiniani
3466 478 3700 530 novella’

383 567 449 621 δὲ
503 573 557 619 π’
612 565 877 630 ὡσαύτως
928 567 1050 619 οὐδὲ
1085 568 1119 635 ἠ
1157 564 1222 636 ιβ’
1274 566 1519 634 διάταξις
1552 567 1646 621 τοῦ
1680 568 1724 638 β’
1755 569 1861 623 τίτ.
1891 568 1985 621 τοῦ

384 659 438 714 α’
464 660 672 731 βιϐλίου
719 660 814 714 τοῦ
847 660 1113 723 Κώδικος.
1158 661 1268 713 Καὶ
1310 661 1444 731 μηδέ
1473 663 1537 715 σὺ
1566 661 1791 725 ταύταις
1816 679 1991 732 προσ-

384 755 517 824 χῇς,
552 753 769 823 πρῶτον
801 752 900 824 μὲν
938 754 1022 806 ὅτι
1051 753 1173 806 ούδέ
1206 753 1572 808 ἐναντιοῦνται
1609 757 1674 825 τῇ
1707 754 1820 824 ρλα¹
1864 757 1997 807 Ἰου-

388 844 701 913 στινιανείῳ
723 845 911 915 νεαρᾷ,
944 839 1061 897 εἶτα
1083 846 1165 898 ὄτι
1192 845 1314 899 οὐδὲ
1344 844 1642 917 ἐδέχθησαν
1667 845 1726 897 ἐν
1748 846 1861 909 τοῖς
1892 844 1996 898 Βα-

388 935 643 1000 σιλικοῖς.

467 1033 712 1101 Ἕτερον
739 1037 1017 1104 σκόλιον.
1074 1037 1211 1109 Περὶ
1257 1037 1355 1108 μὲν
1401 1036 1495 1091 οῦν
1532 1035 1640 1091 τῶν
1683 1039 1740 1091 ἐν
1775 1036 1853 1108 τῷ
1891 1054 1997 1091 πα-

393 1126 545 1197 ρόντι
589 1127 634 1198 β’
680 1145 806 1198 κεφ.
847 1128 1203 1198 δηλωθέντων
1241 1135 1511 1200 νομίμων,
1565 1130 1888 1202 ἐγράφησαν
1924 1131 1995 1184 τὰ

390 1219 604 1274 εἰκότα.
655 1221 934 1288 Γίγνωσκε
979 1222 1037 1275 δὲ
1077 1222 1157 1275 ὅτι
1204 1222 1479 1293 διαφόρως
1524 1218 1678 1277 εἶπόν
1714 1241 1859 1286 τινες
1901 1224 1997 1277 καὶ

390 1304 569 1359 ταῦτα
592 1306 826 1361 ἐνώπιον
848 1310 942 1361 τοῦ
969 1309 1234 1378 βασιλέως
1262 1310 1419 1381 ἡμῶν
1449 1310 1541 1364 τοῦ
1566 1311 1723 1380 ἁγίου
1752 1312 1825 1382 μὴ
1846 1311 1997 1376 ὀφεί-

390 1399 509 1455 λειν
532 1403 755 1473 κρατεῖν
786 1403 912 1466 τοὺς
937 1405 1191 1468 κανόνας,
1222 1404 1350 1457 ἔνθα
1383 1405 1569 1475 νόμοις
1599 1403 1991 1468 ἐναντιοῦνται,

390 1492 485 1547 διὰ
514 1493 575 1546 τὺ
610 1494 715 1564 πρὸ
752 1495 852 1564 τῆς
889 1497 1319 1568 ἁνακαθάρσεως
1358 1498 1569 1560 τούτοις
1606 1501 1991 1568 συγγραφῆναι

393 1585 493 1636 καὶ
534 1582 677 1637 οὕτω
723 1586 1090 1655 σχολάσασθαι
1136 1589 1259 1651 τοὺς
1302 1589 1487 1652 αὐτοῖς
1527 1590 1603 1661 μὴ
1648 1590 1990 1661 συνᾴδοντας.

397 1675 586 1729 Ἀλλοι
617 1676 674 1730 δέ
704 1680 1142 1749 προκομίσαντες
1167 1682 1398 1744 κανόνας
1429 1685 1543 1747 τοῖς
1574 1683 1759 1753 νόμοις
1785 1686 1993 1736 ἐναντι-

393 1767 683 1838 ουμένους,
734 1770 829 1823 καὶ
872 1773 1206 1843 χρησάμενοι
1253 1777 1318 1845 τῇ
1359 1774 1608 1847 παρούσῃ
1658 1774 1773 1845 ρλα¹
1825 1777 1998 1848 νεαρᾷ

404 1860 476 1928 τῇ
510 1859 741 1931 κειμένῃ
773 1860 831 1912 ἐν
866 1860 1055 1929 βιϐλίῳ
1078 1868 1120 1914 ε’
1160 1863 1266 1915 τῶν
1299 1862 1592 1932 βασιλικῶν
1625 1865 1731 1919 τίτ.
1776 1872 1826 1933 γ’
1866 1883 1992 1935 κεφ.

2100 572 2190 625 illa
2219 587 2347 627 vero
2377 573 2447 627 80
2471 572 2742 641 ejusdem.
2778 571 2964 641 Neque
2992 571 3175 643 [item]
3211 582 3389 627 const.
3420 573 3510 637 19.,
3539 574 3621 627 tit.
3644 572 3700 637 2,

2102 664 2196 719 lib.
2231 681 2247 718 1
2302 664 2440 720 Cod.
2481 663 2670 734 Neque
2706 680 2831 719 vere
2869 675 2925 719 tu
2964 665 3071 720 illis
3129 665 3375 719 animum
3440 665 3701 735 applices.

2103 758 2373 820 Primum,
2407 760 2534 829 quia
2578 774 2687 812 non
2721 762 3085 812 adversantur
3122 759 3212 813 151
3255 757 3547 812 Justiniani
3604 772 3705 810 no-

2108 849 2281 905 vellae.
2317 849 2550 914 Deinde,
2583 850 2710 921 quia
2746 851 2799 904 in
2832 850 3082 905 Basilicis
3123 865 3231 904 non
3268 858 3401 905 sunt
3454 858 3705 919 recepta).

2169 1036 2334 1091 Aliud
2390 1036 2688 1092 Scholium.
2737 1035 2815 1091 De
2844 1037 2969 1106 jure
3011 1035 3256 1106 quidem,
3285 1033 3434 1104 quod
3464 1034 3517 1087 in
3558 1049 3708 1103 prae-

2098 1131 2239 1186 senti
2265 1131 2301 1184 9.
2338 1132 2515 1200 capite
2550 1132 2883 1184 declaratum
2917 1137 3021 1192 est,
3082 1129 3287 1198 scripta
3324 1138 3450 1182 sunt
3506 1127 3710 1180 decen-

2098 1224 2191 1277 tia.
2252 1224 2406 1278 Scias
2474 1232 2680 1288 tamen,
2715 1223 2864 1293 quod
2918 1223 3078 1277 aliter
3141 1221 3389 1275 nonnulli
3444 1220 3707 1282 dixerint,

2098 1316 2326 1386 idquein
2350 1316 2637 1385 praesentia
2669 1317 2843 1371 sancti
2877 1318 3047 1370 nostri
3078 1314 3429 1383 imperatoris
3479 1313 3709 1382 [nempe

2101 1418 2347 1459 canones
2388 1422 2493 1458 non
2525 1405 2724 1459 debere
2754 1406 2955 1468 valere,
2993 1405 3213 1473 quando
3243 1404 3604 1458 adversantur
3631 1402 3710 1455 le—

2105 1499 2303 1567 gibus:
2342 1507 2623 1568 prOpterca
2647 1499 2790 1567 quod
2837 1507 2961 1553 ante
2990 1496 3211 1569 [legum]
3270 1497 3709 1567 rcpurgationem

2109 1591 2184 1645 illi
2230 1593 2525 1661 conscripti
2572 1601 2701 1646 sunt
2736 1610 2749 1646 :
2782 1602 2947 1661 atque
2997 1593 3069 1645 ita
3127 1592 3221 1661 qui
3261 1589 3532 1663 (canones]
3585 1605 3710 1643 cum

2109 1682 2357 1756 [legibus]
2396 1699 2504 1737 non
2553 1683 2917 1747 conveniunt,
2954 1684 3164 1737 otiosos
3217 1697 3358 1735 esse.
3412 1680 3517 1735 Alii
3582 1694 3713 1735 vero

2107 1777 2356 1846 prolatis,
2390 1776 2480 1846 qui
2514 1776 2725 1847 legibus
2754 1776 3138 1839 adversantur,
3169 1774 3471 1828 canonibus
3492 1782 3542 1827 et
3572 1787 3715 1842 pra:-

2102 1858 2242 1923 senti
2267 1869 2357 1921 151
2390 1869 2624 1933 novella,
2655 1884 2777 1937 qum
2802 1869 2853 1920 in
2887 1883 2919 1919 v
2953 1867 3046 1921 ιιι».
3074 1866 3270 1931 Basil.,
3306 1864 3392 1919 tit.
3420 1865 3474 1927 5,
3509 1879 3633 1932 cap.
3664 1865 3713 1926 l,

398 1958 471 2016 α’,
504 1951 737 2025 λεγούσῃ
766 1954 892 2017 τοὺς
919 1955 1149 2018 κανόνας
1172 1956 1244 2018 ὡς
1278 1957 1477 2026 νόμους
1508 1958 1877 2028 φυλάττεσθαι
1902 1961 1999 2014 καὶ

2120 1962 2281 2016 msita
2338 1971 2441 2028 est,
2483 1962 2587 2034 [in
2627 1961 2898 2034 medium]
2933 1965 3215 2031 producta,
3269 1960 3604 2015 adversariis
3655 1975 3719 2011 os

396 2044 476 2108 ὡς
513 2044 665 2107 θείας
708 2045 953 2116 Γραφὰς,
1003 2048 1374 2118 ἐπεστόμισαν
1415 2051 1541 2113 τοὺς
1583 2052 2002 2116 ἀντιθετοῦντας

400 2135 608 2197 αὐτοῖς,
643 2136 732 2187 ὅτε
779 2137 1051 2190 κάκείνων
1088 2140 1354 2193 εἰπόντων
1382 2140 1700 2194 ἁνένδεκτον
1731 2137 1871 2196 εἶναι
1903 2142 2002 2214 τὴν

399 2225 658 2297 τοιαύτην
683 2229 884 2299 νεαρὰν
907 2229 983 2292 ὡς
996 2231 1147 2301 παρὰ
1170 2230 1263 2284 τοῦ
1288 2231 1675 2287 Ἰουστινιανοῦ
1702 2235 2002 2305 λεγομένην

402 2318 676 2388 γενέσθαι,
707 2322 802 2374 καὶ
840 2324 1198 2393 μεμνημένην
1232 2328 1325 2378 καὶ
1356 2326 1465 2379 τῶν
1490 2327 1628 2396 μετὰ
1659 2328 1749 2381 τὸν
1793 2328 2010 2382 Ἰουστι-

404 2413 585 2466 νιανὺν
610 2413 865 2480 συνόδων,
903 2415 998 2468 καὶ
1030 2415 1175 2469 οὕτω
1201 2417 1402 2472 ἄτοπόν
1430 2436 1482 2472 τι
1505 2419 1667 2490 δῆθεν
1697 2437 2004 2476 κατασκευ-

404 2507 668 2575 αζόντων,
700 2509 856 2562 αὐτοὶ
892 2509 1094 2580 μᾶλλον
1129 2511 1237 2564 κὰκ
1260 2512 1452 2565 τούτου
1485 2513 2007 2585 καταλαμόἀνεσθαι

409 2596 587 2666 εἶπον,
629 2601 690 2655 τὸ
735 2601 1127 2657 οἰκειώσασθαι
1167 2604 1235 2657 τὰ
1279 2605 1380 2675 τῆς
1407 2608 1606 2677 νεαρᾶς
1628 2607 1720 2660 τὸν
1746 2606 1846 2679 τὴν
1872 2608 2008 2661 ἁνα-

411 2691 685 2763 θεὼρησιν
729 2694 827 2747 καὶ
869 2695 1246 2767 ἀνακάθαρσιν
1286 2699 1394 2752 τῶν
1423 2699 1604 2770 νόμων
1638 2702 2010 2773 ποιησάμενον

416 2784 663 2855 βασιλέα.
705 2789 767 2842 El
804 2789 911 2860 γὰρ
955 2794 1030 2861 μὴ
1073 2791 1232 2846 τοῦτο
1269 2788 1337 2864 ἦν
1378 2794 1480 2849 οὐκ
1512 2794 1580 2848 διν
1614 2796 1711 2849 καὶ
1752 2797 1881 2860 τοὺς
1903 2797 2013 2851 τῶν

418 2882 898 2954 μεταγενεστέρων
933 2885 1168 2939 συνόδων
1194 2888 1427 2953 κανόνας
1460 2889 1536 2953 ὡς
1569 2890 1757 2960 νόμοις
1786 2894 2011 2961 κρατεῖν

415 2971 733 3040 προσέθετο,
765 2974 859 3027 καὶ
894 2974 970 3039 ὡς
997 2976 1147 3041 θείας
1174 2978 1421 3050 Γραφάς.
1476 2981 1639 3036 Ἀλλὰ
1673 2982 1766 3035 καὶ
1806 2983 2014 3055 ταύτην

413 3060 492 3126 ὡς
520 3064 612 3115 καὶ
650 3062 818 3127 ἄλλας
860 3065 1325 3133 Ἰουστινιανείους
1359 3073 1560 3142 νεαρὰς
1599 3072 1686 3125 ἴνα
1720 3073 2013 3143 ἐσχόλασεν

417 3155 484 3207 ἐκ
516 3153 610 3208 τοῦ
646 3155 722 3228 μὴ
749 3160 1137 3232 καταστρῶσαι
1159 3162 1330 3232 αὐτὴν
1358 3166 1438 3227 είς
1470 3164 1537 3216 τὰ
1568 3164 1845 3234 βασιλικὰ,
1877 3168 2015 3239 ὅπερ

419 3248 635 3320 ἐδέχθη,
672 3252 766 3305 καὶ
802 3254 957 3324 παρὰ
994 3253 1073 3324 τῷ
1126 3255 1338 3326 βασιλεῖ
1378 3257 1457 3329 τῷ
1497 3258 1660 3329 ἁγίῳ.
1701 3260 2019 3331 Σημείωσαι

2103 2056 2432 2109 obturarunt
2464 2073 2477 2109 :
2510 2061 2654 2127 [cum
2680 2053 2799 2127 illa]
2832 2069 3069 2109 canones
3092 2062 3349 2123 tanquam
3377 2053 3523 2123 leges
3556 2060 3722 2121 atque

2111 2163 2299 2205 sacras
2353 2147 2673 2218 Scripturas
2712 2148 3103 2202 custodiendos
3157 2162 3303 2213 esse,
3340 2145 3507 2199 dicat.
3557 2144 3717 2209 Quod

2114 2256 2246 2297 vero
2272 2241 2347 2295 illi
2377 2243 2642 2305 dicerent,
2680 2256 2785 2295 non
2837 2241 3244 2309 suscipiendam
3277 2238 3570 2293 esseillam
3615 2252 3721 2291 no-

2110 2333 2333 2395 vellam,
2378 2340 2438 2386 ut
2494 2348 2638 2402 quae,
2718 2347 2842 2386 cum
2886 2347 2915 2385 a
2946 2331 3258 2385 Justiuiano
3315 2328 3457 2383 edita
3505 2327 3723 2382 dicatur

2115 2422 2476 2476 conciliorum
2520 2431 2646 2492 post
2694 2419 3067 2476 Justinianum
3095 2418 3449 2493 [habitorum]
3482 2418 3722 2472 mentio-

2118 2530 2240 2570 nem
2274 2514 2458 2579 faciat,
2490 2524 2656 2584 atque
2681 2515 2754 2568 ita
2814 2514 3209 2568 absurditatem
3271 2512 3565 2579 quamdam
3593 2526 3724 2563 con-

2118 2610 2411 2665 stituerent
2446 2627 2459 2664 :
2491 2624 2549 2663 se
2580 2608 2706 2663 inde
2761 2608 2924 2662 etiam
2992 2607 3165 2677 magis
3209 2603 3413 2677 [illam]
3470 2603 3723 2671 amplecti

2124 2703 2365 2768 aiebant,
2409 2701 2554 2771 quod
2586 2716 2710 2771 qum
2746 2700 2957 2755 novella
2996 2699 3184 2763 tradit,
3216 2699 3262 2753 is
3298 2698 3595 2766 imperator
3629 2695 3721 2763 qui

2122 2797 2271 2863 leges
2314 2796 2631 2865 repurgavit
2660 2805 2823 2862 atque
2875 2792 3214 2863 recognovit,
3240 2790 3346 2845 sibi
3403 2788 3723 2842 vindicavit.

2121 2886 2255 2943 Nam
2282 2888 2326 2943 si
2352 2887 2402 2941 id
2428 2886 2552 2960 [ita]
2571 2902 2679 2942 non
2700 2894 2865 2949 esset,
2886 2898 2992 2938 non
3012 2884 3177 2937 etiam
3204 2881 3569 2953 posteriorum
3594 2896 3728 2934 con-

2126 2980 2380 3035 ciliorum
2405 2994 2669 3043 canones,
2701 2988 2757 3030 ut
2795 2979 2943 3048 leges
2972 2984 3137 3044 atque
3167 2989 3357 3029 sacras
3383 2972 3724 3041 Scripturas,

2126 3073 2310 3126 valere
2344 3068 2573 3144 [debere]
2595 3071 2904 3137 adiecisset.
2929 3068 3106 3138 Atque
3138 3069 3277 3121 hanc
3310 3067 3475 3121 etiam
3503 3064 3731 3136 [inquie-

2129 3163 2289 3235 bant]
2327 3174 2385 3218 ut
2423 3164 2560 3218 alias
2613 3161 2908 3217 Justiniani
2968 3159 3234 3223 novellas,
3288 3158 3436 3212 velut
3492 3158 3729 3210 otiosam

2129 3257 2391 3320 reddidit,
2424 3256 2572 3326 quod
2599 3255 2775 3326 ipsam
2813 3253 3063 3308 Basilicis
3116 3267 3223 3306 non
3276 3251 3532 3321 aspersit.
3568 3249 3729 3315 Quod

421 3342 523 3412 τὴν
565 3344 848 3413 παροῦσαν
879 3348 1083 3418 νεαρὰν
1118 3348 1196 3413 ὡς
1234 3326 1439 3421 νόμοις⁷
1462 3326 1687 3422 κρατεῖν
1853 3354 2012 3423 μόνον

2124 3365 2260 3405 sane
2306 3359 2529 3404 sanctus
2565 3350 2866 3417 imperator
2909 3347 3073 3402 etiam
3106 3342 3395 3415 probabat.
3431 3340 3570 3394 Nota
3602 3355 3731 3394 vero

423 3435 552 3497 τοὺς
586 3436 738 3506 παρὰ
779 3437 890 3491 τῶν
918 3438 961 3503 ζ’
995 3440 1167 3509 ἁγίων
1214 3443 1449 3496 συνόδων
1495 3442 1819 3508 ἐκτεθέντας
1856 3445 2020 3499 κανό-

423 3542 542 3590 νας,
572 3527 707 3582 ἀλλὰ
736 3532 831 3584 καὶ
855 3532 981 3595 τοὺς
1002 3533 1154 3605 παρὰ
1174 3534 1380 3588 τούτων
1408 3535 1827 3606 βεϐαιωθέντας,
1853 3537 2022 3608 ἤγουν

424 3619 553 3682 τοὺς
598 3621 832 3686 κανόνας
873 3624 981 3679 τῶν
1015 3625 1259 3680 τοπικῶν
1295 3628 1549 3684 συνόδων.
1591 3628 1700 3683 Καὶ
1744 3629 2022 3698 ἀνάγνωθι

423 3717 519 3770 τὸν
561 3714 605 3786 β’
636 3717 837 3772 κάνονα
866 3721 965 3790 τῆς
1001 3726 1056 3784 ς’
1091 3721 1335 3787 συνόδου,
1383 3721 1704 3792 βεϐαιοῦντα
1743 3723 1817 3793 μὴ
1864 3724 2024 3793 μόνον

432 3811 533 3873 τὰς
561 3813 794 3877 τοπικὰς
830 3814 1103 3879 συνόδους,
1142 3815 1280 3868 ἀλλὰ
1310 3816 1403 3869 καὶ
1431 3816 1635 3887 ἐτέρων
1672 3817 1845 3884 ἁγίων
1886 3834 2022 3886 συγ-

427 3904 757 3975 γράμματα.
807 3905 1246 3978 Ἐπισημείωσαι
1270 3908 1369 3978 τὴν
1397 3908 1679 3978 παροῦσαν
1702 3910 2020 3980 ἑρμηνείαν,

430 3997 526 4048 ml.
559 3996 700 4066 ἔχων
730 3998 900 4069 αὐτὴν
937 3999 1029 4051 ἐπὶ
1069 4000 1313 4069 μνήμης,
1353 4000 1478 4068 λέγε
1521 4002 1649 4063 τοὺς
1687 4001 1919 4064 κανόνας
1947 4002 2027 4054 ἰσ-

431 4087 585 4158 χύειν
619 4089 782 4142 πλέον
805 4090 915 4142 τῶν
948 4093 1150 4161 νόμων.
1194 4093 1259 4144 Ol
1302 4091 1405 4162 μὲν
1451 4092 1561 4163 γὰρ
1595 4092 1763 4163 ἤγουν
1802 4095 2026 4157 κανόνες

433 4184 584 4253 παρὰ
616 4183 903 4253 βασιλέων,
934 4185 1029 4239 καὶ
1064 4185 1237 4251 ἁγίων
1281 4185 1539 4257 Πατέρων
1572 4185 1885 4249 ἐκτεθέντες
1932 4186 2028 4239 καὶ

435 4276 817 4345 στηριχθέντες
866 4276 942 4340 ὡς
995 4278 1051 4329 αἱ
1104 4277 1244 4330 θεῖαι
1303 4278 1516 4348 Γραφαὶ
1560 4277 1825 4347 δέχονται.
1865 4280 1928 4331 Οἱ
1970 4278 2028 4330 δὲ

433 4366 589 4437 νόμοι
618 4370 769 4437 παρὰ
802 4367 1066 4437 βασιλέων
1094 4370 1252 4439 μόνον
1273 4369 1571 4439 ἐδέχθησαν
1599 4369 1631 4440 ἢ
1663 4369 2029 4441 συνετέθησαν

433 4462 528 4514 καὶ
574 4461 662 4513 διὰ
706 4461 861 4515 τοῦτο
906 4463 965 4515 οὐ
1019 4461 1410 4534 κατισχύσουσι
1453 4461 1563 4515 τῶν
1606 4460 1766 4515 θείων
1796 4463 2031 4533 Γραφῶν

432 4554 555 4608 οὐδὲ
583 4555 694 4609 τῶν
720 4556 984 4611 κανόνων.

2128 3452 2450 3513 praesentem
2495 3441 2791 3504 novellam,
2819 3456 2940 3510 qua:
2970 3456 3077 3494 non
3111 3437 3274 3492 modo
3301 3451 3331 3490 a
3356 3446 3563 3504 septem
3602 3448 3732 3487 san-

2125 3537 2229 3591 ctis
2280 3534 2528 3590 conciliis
2588 3534 2961 3604 promulgatos
3016 3546 3279 3593 canones,
3333 3544 3520 3583 verum
3562 3526 3729 3581 etiam

2126 3630 2220 3697 qui
2262 3628 2331 3681 ab
2364 3629 2473 3681 illis
2529 3626 2838 3681 conﬁrmati
2887 3635 3016 3681 sunt
3055 3620 3495 3693 (provincialium
3542 3620 3728 3674 conci-

2130 3720 2331 3775 liorum
2365 3736 2607 3775 canones
2646 3718 2862 3788 nempe)
2895 3726 2955 3772 ut
2994 3718 3141 3787 leges
3180 3716 3363 3769 valere
3400 3713 3551 3768 dicit.
3590 3710 3734 3781 Lege

2130 3814 2295 3869 etiam
2344 3813 2646 3869 secundum
2686 3828 2951 3866 canonem
3015 3811 3153 3866 sexti
3215 3808 3429 3864 concilii
3471 3806 3566 3878 qui
3622 3822 3731 3860 non

2130 3906 2310 3962 solum
2339 3905 2697 3976 provincialia
2728 3905 2984 3969 concilia,
3015 3905 3108 3960 sed
3135 3903 3303 3960 etiam
3337 3901 3569 3956 aliorum
3600 3914 3733 3955 san-

2131 4009 2345 4055 ctorum
2383 3998 2584 4066 scripta
2647 3998 2959 4051 conﬁrmat.
3018 3994 3154 4049 Nota
3198 3994 3365 4062 igitur
3404 4002 3731 4062 przcsentem

2131 4093 2663 4162 interpretationem,
2692 4106 2927 4160 eamque
2953 4090 3007 4144 in
3039 4089 3307 4145 memoria
3349 4088 3559 4142 habens
3600 4085 3729 4139 die:

2134 4201 2377 4241 canones
2411 4185 2633 4254 majoris
2675 4184 3022 4238 auctoritatis
3051 4197 3196 4245 esse,
3227 4195 3393 4249 quam
3438 4179 3603 4247 leges.
3654 4177 3732 4230 Illi

2134 4278 2280 4332 enim
2309 4290 2569 4339 canones,
2605 4290 2799 4342 nempe
2831 4289 2955 4328 cum
2992 4274 3060 4328 ab
3096 4271 3521 4341 imperatoribus
3565 4278 3733 4337 atque

2133 4368 2339 4424 sanctis
2385 4367 2644 4423 Patr-ibus
2687 4365 3015 4436 promulgali
3079 4360 3457 4419 conﬁrmative
3492 4360 3624 4421 sint,
3676 4370 3735 4415 ut

2136 4478 2308 4517 sacrae
2367 4461 2667 4532 Scriptura;
2697 4461 3077 4530 suscipiuntur
3126 4476 3138 4512 :
3190 4457 3335 4527 leges
3366 4469 3492 4509 vero
3534 4469 3567 4508 a
3600 4454 3734 4509 solis

2140 4553 2567 4625 imperatoribus
2597 4563 2867 4623 susceptae
2897 4560 3045 4615 sunt,
3080 4560 3243 4618 atque
3298 4548 3503 4603 idcirco
3558 4547 3733 4603 sacris

2141 4645 2441 4717 Scripturis
2479 4646 2597 4701 sive
2643 4644 2951 4701 canonibus
2985 4657 3091 4696 non
3132 4640 3533 4711 praevalebunt.

504 4743 759 4797 ΚΕΦΑΛ.
792 4744 867 4799 1".
894 4772 965 4783 —
999 4743 1141 4812 Περὶ
1169 4742 1278 4798 τοῦ
1304 4744 1716 4814 φυλάττεσθαι
1752 4743 1817 4797 τὸ
1856 4743 2012 4813 ἄπιοαι

2214 4738 2444 4796 CAPUT
2479 4739 2568 4795 ιιι.
2606 4768 2677 4779 -
2710 4737 2779 4792 Ut
2831 4737 3155 4792 consuetudo
3200 4732 3563 4787 ecelesiastica
3630 4745 3734 4783 nou

432 4854 558 4908 ερον
588 4838 1110 4906 ἐκκλησιαστικὸν
1152 4838 1291 4903 ἔθος
1317 4839 1399 4905 ὠς
1423 4840 1633 4908 νόμον,
1668 4840 1767 4891 καὶ
1796 4836 1886 4889 ὅτι
1918 4837 2031 4891 οὐκ

433 4930 660 4999 ἔχομεν
717 4929 997 4999 ἀνάγκην
1050 4927 1381 4999 φυλάττειν
1425 4927 1500 4982 τὰ
1550 4928 1658 4982 τοῦ
1711 4925 2035 4981 Μωσαῑκοῦ

435 5023 647 5091 νόμου.

511 5116 738 5170 Συνόδου
761 5122 813 5183 ς’
844 5114 1028 5171 κανὼν
1055 5122 1168 5170 πα’.
1197 5115 1482 5179 Βασίλειος
1505 5114 1615 5168 ἀπὸ
1637 5113 1737 5183 τῆς
1759 5113 1894 5185 πρὸς
1918 5112 2036 5166 Διό-

436 5204 608 5276 δωρον
633 5206 942 5276 ἐπιστολῆς,
985 5206 1079 5260 καὶ⁸
1100 5208 1165 5260 ἐκ
1195 5205 1289 5259 τοῦ
1321 5205 1425 5270 κζ’,
1456 5204 1553 5259 καὶ
1575 5205 1638 5258 ἐκ
1664 5202 1758 5257 τοῦ
1788 5203 1871 5256 κθ¹
1905 5219 2033 5271 κεφ.

438 5298 547 5352 τῶν
592 5298 731 5369 πρὸς
791 5299 1142 5372 Ἀμφιλόχιον
1193 5298 1493 5353 ἐπιστολῶν
1550 5299 1681 5370 περὶ
1728 5296 1823 5351 τοῦ
1876 5296 2035 5366 ἁγίου

439 5392 580 5447 Πνεύ
588 5409 779 5461 ματος.

509 5485 823 5556 Κείμεγον.
864 5485 980 5540 Καὶ
1014 5484 1108 5539 ἐπὶ
1135 5483 1231 5539 τοῦ
1271 5483 1550 5539 πολιτικοῦ
1582 5483 1772 5556 νόμου,
1809 5500 1863 5537 κ.
1896 5499 1947 5537 τ.
1980 5481 2032 5537 λ.

438 5595 616 5649 usque
646 5578 716 5633 ad
742 5580 842 5651 τὴν
869 5579 1183 5652 συνήθειαν.

510 5674 792 5741 Σχόλιον.
828 5672 901 5726 Τὸ
926 5673 968 5726 δ’
991 5673 1267 5744 διάταγμα
1285 5669 1380 5726 τοῦ
1401 5678 1448 5740 γ’
1474 5670 1580 5724 τίτ.
1623 5668 1720 5724 τοῦ
1745 5676 1793 5723 α’
1830 5668 2038 5740 βιϐλίου

439 5765 548 5821 τῶν
597 5766 907 5834 Διατάξεών
948 5768 1069 5820 ἐστι
1113 5766 1319 5836 βιϐλίον
1343 5764 1454 5820 τῶν
1485 5762 1791 5817 Βασιλικῶν
1834 5762 1898 5832 β’,
1930 5762 2037 5815 τίτ.

442 5864 512 5926 α’,
540 5875 663 5929 κεφ.
703 5864 817 5931 μα’,
838 5857 989 5914 οὕτω
1005 5858 1161 5929 λέγον
1179 5875 1193 5890 ·
1217 5857 1352 5930 Περὶ
1379 5850 1455 5913 ὧν
1478 5854 1751 5927 ἔγγραφος
1778 5853 1837 5908 οὐ
1863 5854 2043 5908 κεῖται

2140 4830 2342 4899 scripta
2371 4838 2628 4892 servetur,
2658 4837 2717 4880 ut
2749 4827 2853 4881 lex.
2899 4824 2969 4879 Et
2996 4823 3137 4895 quod
3166 4836 3373 4876 necesse
3400 4835 3503 4875 non
3533 4820 3599 4873 sit
3631 4833 3736 4871 ser-

2138 4937 2261 4976 vare
2292 4921 2432 4991 leges
2469 4917 2765 4976 Mosaicas.

2211 5105 2453 5163 Concilii
2494 5105 2635 5162 sexti
2678 5118 2859 5161 canon
2911 5102 3003 5171 8i,
3031 5101 3269 5158 Basilius
3304 5115 3372 5154 ex
3404 5096 3635 5167 epistola
3668 5093 3737 5147 ad

2144 5200 2443 5255 Diodorum
2533 5207 2590 5253 et
2651 5211 2715 5251 ex
2748 5210 2871 5265 cap.
2917 5194 2988 5249 ‘27
3044 5202 3100 5249 et
3150 5193 3223 5247 29
3277 5190 3634 5261 epistularum
3668 5184 3736 5238 ad

2146 5288 2621 5360 Amphilochium,
2651 5287 2721 5343 de
2755 5286 2963 5357 Spiritu
2991 5292 3207 5341 sancto.

2222 5475 2440 5531 Textus.
2478 5473 2547 5529 Et
2573 5474 2627 5529 in
2654 5473 2782 5544 jure
2840 5470 2985 5526 civili
3018 5466 3360 5526 consuetudo
3384 5474 3517 5527 etc.,
3550 5476 3732 5532 usque,

2144 5568 2215 5624 ad
2240 5567 2693 5625 consuetudinem
2723 5563 3177 5636 transgredimur,
3210 5570 3266 5614 ut
3296 5574 3419 5629 pag.
3460 5555 3586 5609 466.

2223 5662 2517 5718 Scltolt'um.
2575 5661 2854 5731 Digestum
2905 5658 2960 5724 4,
2996 5658 3081 5711 tit.
3114 5656 3169 5719 5,
3201 5655 3298 5707 lib.
3348 5668 3360 5704 ι
3416 5650 3619 5719 Digest.
3661 5653 3749 5701 cst

2150 5756 2245 5812 lib.
2303 5754 2475 5811 Basil.
2504 5771 2563 5820 ιι,
2594 5755 2675 5808 tit.
2720 5771 2758 5818 ι,
2795 5770 2917 5823 cap.
2944 5752 3037 5815 4i,
3072 5749 3217 5820 quod
3249 5747 3328 5801 sic
3363 5745 3483 5799 ait:
3524 5744 3597 5797 De
3622 5740 3749 5811 qui-

2154 5853 2257 5908 bus
2287 5849 2473 5906 causis
2510 5848 2660 5905 nulla
2700 5848 2905 5919 scripta
2937 5846 3027 5901 lex.
3055 5852 3159 5912 est,
3203 5839 3473 5899 custodiri
3530 5841 3751 5907 oportet

2930 6018 3021 6026 .-.ρ-ο

2158 6021 2355 6035 μ’*ἠ-
2374 6020 2516 6033 ,κμγ’
2534 6022 2573 6030 κο
2594 6022 2617 6030 .-
