4146 6516
440 389 546 454 983

443 514 625 555 mores
654 505 705 553 et
736 493 1210 551 consuetudinem.
1244 492 1400 561 Quod
1453 490 1496 548 si
1540 491 1659 547 haec
1715 489 2034 554 defecerint,
2066 497 2111 552 Α

438 593 688 663 proxima
717 589 1017 661 propositae
1037 586 1333 658 qttzestioni
1361 584 1561 639 similia
1581 592 1710 638 sunt
1739 581 2035 652 sequenda.

442 685 501 739 Si
535 701 604 739 ne
643 684 762 739 haec
790 682 1011 752 quidem
1046 679 1428 744 inveniamur,
1461 685 1593 731 tunc
1634 674 1728 746 jus
1758 690 1868 745 quo
1907 675 2039 728 urbs

442 776 619 831 Roma
652 776 848 839 utitur,
884 771 1094 828 servari
1148 777 1382 842 oportet.
1437 768 1502 823 Et
1535 768 1706 823 them.
1736 764 1791 833 2,
1829 766 2037 821 invete-

443 878 562 924 rata
596 867 941 924 consuetudo
969 880 1068 937 pro
1096 864 1213 935 lege
1241 862 1570 919 custoditur.

518 1033 682 1088 Aliud
727 1031 1008 1086 scholium.
1057 1029 1251 1096 Quaare
1294 1028 1327 1082 6
1358 1028 1525 1084 them.
1558 1042 1678 1100 cap.
1723 1028 1814 1094 41,
1855 1027 1965 1096 tit]
1992 1026 2047 1092 l,

444 1128 621 1191 lib.u,
649 1126 793 1197 quod
819 1125 929 1178 ait:
962 1122 1435 1189 Quemadmodum
1472 1121 1604 1175 latio
1646 1121 1776 1191 legis
1824 1119 1964 1193 [aut]
1994 1120 2047 1174 in

443 1221 646 1289 scripta
706 1217 959 1281 refertur,
987 1225 1082 1270 aut
1139 1231 1248 1269 non
1295 1213 1553 1279 refertur,
1604 1212 1677 1267 ita
1726 1213 1846 1283 ejus
1881 1213 2048 1268 etiam

438 1312 723 1384 ahrogatio
753 1317 874 1379 aut}
897 1325 991 1380 per
1020 1309 1190 1380 legem
1223 1307 1486 1378 scriptam
1519 1305 1601 1368 tit,
1648 1314 1742 1360 aut
1767 1322 1874 1360 non
1909 1307 2053 1361 scri-

439 1417 615 1479 ptam,
646 1406 696 1461 id
727 1415 831 1468 est,
851 1420 946 1474 per
972 1402 1412 1459 desuetudinem.
1437 1399 1504 1454 Et
1540 1416 1662 1470 cap.
1686 1399 1795 1455 42:
1830 1398 1905 1453 De
1929 1401 2055 1470 qui-

440 1504 545 1559 bus
597 1502 783 1559 causis
821 1501 909 1555 lex
948 1499 1152 1569 scripta
1195 1513 1302 1552 non
1330 1505 1433 1562 est,
1473 1497 1775 1550 inveterata
1814 1509 1986 1549 consu
2024 1522 2055 1536 -

443 1597 576 1651 tudo
600 1612 701 1667 pro
726 1595 843 1664 lege
872 1595 1036 1648 valet.
1067 1594 1135 1648 Et
1172 1606 1293 1662 cap.
1326 1590 1415 1644 45.
1455 1587 1610 1643 Tunc
1638 1587 1870 1657 alicujus
1901 1588 2056 1642 urbis

441 1698 535 1744 aut
580 1686 826 1759 regionis
864 1683 1268 1741 consuetudine
1324 1682 1555 1745 utimur,
1586 1678 1809 1750 quando
1841 1680 1893 1732 in
1940 1679 2055 1734 dis-

443 1780 811 1851 ceptationem
844 1786 1059 1840 vocata,
1090 1777 1144 1830 in
1196 1775 1407 1846 judicio
1432 1775 1646 1828 ﬁrmata
1686 1782 1792 1827 est.
1824 1770 1891 1825 Et
1932 1786 2056 1842 cap.

442 1874 515 1929 44
550 1892 563 1928 :
610 1873 744 1940 Quae
783 1872 945 1942 longa
986 1868 1387 1927 consuetudine
1415 1867 1769 1937 comprobata
1815 1873 1965 1928 sunt,
1999 1880 2063 1920 ac
2098 1861 2139 1919 B

443 1982 544 2038 per
576 1967 780 2022 multos
809 1981 982 2021 annos
1012 1970 1328 2029 observata,
1386 1978 1497 2019 non
1529 1962 1716 2017 minus
1746 1976 1911 2032 quam
1947 1959 2059 2033 [ea,

445 2065 597 2139 quat]
621 2067 821 2137 scripta
850 2063 1005 2138 [sunt
1042 2063 1193 2137 jura]
1238 2072 1553 2119 servantur.
1583 2061 1650 2116 Et
1679 2075 1802 2131 cap.
1834 2058 1905 2115 45
1933 2078 1945 2113 :
1989 2056 2061 2113 Ut

446 2176 571 2229 qua:
599 2160 653 2214 in
689 2168 902 2214 tantum
940 2157 1164 2228 probata
1222 2156 1352 2221 sint,
1395 2164 1455 2209 ut
1480 2169 1589 2207 non
1638 2151 1804 2206 fuerit
1834 2166 2059 2207 necesse

450 2253 661 2323 scripto
701 2249 1186 2318 comprehendere.
1212 2246 1279 2302 Et
1312 2262 1433 2317 cap.
1458 2248 1527 2301 46
1561 2262 1576 2302 :
1606 2244 1663 2299 ln
1683 2244 1861 2313 legum
1897 2243 2066 2299 inter-

450 2345 757 2415 pretatinne
812 2342 1049 2398 civitatis
1107 2343 1448 2397 consuetudo
1507 2339 1993 2395 animadvertenda
2041 2350 2146 2397 est.

447 2439 725 2497 similibus
755 2448 1018 2509 perpetuo
1047 2435 1354 2508 judicatum
1402 2436 1496 2493 sit.
1552 2438 1571 2502 ι

525 2533 695 2589 Docet
742 2548 908 2604 porro
949 2533 1284 2603 Stephanus,
1325 2545 1449 2601 cap.
1484 2530 1578 2596 42,
1621 2528 1887 2601 quiddam
1917 2526 2060 2598 opti-

450 2641 630 2689 mum,
656 2634 710 2680 et
737 2640 859 2695 qua:
888 2624 1036 2680 circa
1066 2622 1527 2678 consuetudinem
1560 2636 1669 2676 non
1693 2620 1952 2689 scriptam
1977 2618 2059 2675 di-

451 2718 684 2776 versitas
726 2727 970 2788 apparet,
1013 2716 1195 2772 solvit:
1240 2713 1507 2770 Diuturna
1544 2713 1891 2770 consuetudo
1945 2712 2057 2785 (in-

449 2810 672 2879 quiens)
696 2816 825 2863 tunc
842 2816 901 2861 ut
926 2807 1010 2861 lex
1029 2806 1189 2870 valet,
1216 2804 1438 2874 quando
1456 2803 1561 2873 legi
1596 2803 1816 2872 scripta:
1842 2818 1952 2856 non
1973 2818 2061 2855 re-

449 2909 677 2972 pugnat.
712 2900 902 2970 Neque
934 2915 1065 2955 vero
1090 2898 1194 2954 hoc
1221 2897 1311 2952 ﬁni
1339 2896 1608 2968 priemissi
1637 2895 1830 2967 digesti
1858 2894 2060 2949 adver—

453 2998 563 3051 sari
603 2995 909 3050 existimes.
945 2994 1059 3050 Illic
1110 2994 1257 3049 enim
1299 2994 1367 3048 de
1405 2991 1771 3048 desuetudine
1808 2991 2060 3061 loquens,

455 3090 605 3159 quod
631 3090 720 3144 illa
743 3090 914 3160 legem
942 3088 1117 3158 possit
1147 3088 1434 3156 abrogare,
1469 3087 1603 3142 dicit
1637 3105 1650 3142 :
1706 3085 1797 3140 hic
1836 3099 1968 3139 vero
1996 3083 2063 3138 de

453 3183 858 3239 consuetudine
907 3182 1150 3252 loquitur
1179 3182 1389 3248 dicens,
1426 3180 1573 3252 quod
1605 3178 1946 3235 consuetudo
1972 3178 2065 3248 jus

453 3290 663 3332 novum
683 3290 790 3331 non
809 3275 1131 3343 introducit,
1148 3276 1191 3329 si
1212 3274 1383 3330 veteri
1398 3272 1631 3344 cuipiam
1652 3273 1754 3345 legi
1783 3280 2063 3343 repugnet.
2094 3256 2139 3316 (ἶ

455 3369 603 3425 Fieri
616 3369 760 3423 enim
776 3377 1045 3437 potest,ut
1070 3383 1167 3439 per
1179 3367 1595 3423 desuetudinem
1612 3366 1735 3435 jure
1752 3365 1938 3436 aliquo
1957 3379 2063 3418 non

455 3472 683 3518 utamur
710 3480 723 3516 ι
750 3477 857 3516 non
881 3470 1087 3527 autem,
1108 3460 1460 3516 utcontrario
1476 3460 1643 3515 modo
1665 3468 1904 3514 utamur.
1928 3456 2066 3513 Nota

462 3556 633 3626 igitur
661 3556 803 3610 hanc
826 3554 1163 3617 doctrinam.
1198 3562 1260 3608 ut
1285 3567 1408 3623 quae
1440 3562 1495 3606 et
1527 3550 1773 3620 speciosa
1804 3549 1894 3615 sit,
1927 3560 1979 3604 et
2010 3550 2064 3603 in

456 3646 681 3716 iudiciis
711 3644 1109 3715 lrequentetur.
1134 3642 1325 3698 Const.
1364 3642 1417 3709 l,
1444 3642 1500 3707 2,
1530 3641 1584 3707 5,
1617 3641 1698 3696 tit.
1737 3639 1829 3707 52,
1851 3639 1944 3693 lih.
1969 3654 2067 3693 Vlll

464 3740 602 3797 Cod.
632 3740 686 3794 in
716 3739 883 3795 Basil.
923 3739 1120 3808 positae
1160 3752 1267 3792 non
1303 3743 1453 3792 sunt.
1478 3735 1755 3803 Digestum
1779 3750 1909 3788 vero
1942 3732 2066 3797 l02,

464 3834 532 3888 tit
552 3832 641 3900 l7,
667 3832 757 3887 lih.
782 3848 813 3885 ι.
837 3832 1038 3901 Digest.
1062 3838 1147 3885 est
1173 3840 1337 3901 caput
1356 3829 1476 3896 185,
1510 3830 1592 3884 tit.
1623 3829 1677 3891 5,
1706 3828 1802 3883 lib.
1837 3843 1875 3883 ll
1902 3826 2068 3882 Basil.

464 3929 612 3999 quod
649 3927 731 3993 sic
769 3926 975 3982 habet:
1030 3925 1202 3997 [Egre
1256 3926 1504 3995 quidem,
1551 3934 1607 3980 at
1655 3923 1851 3997 [certe]
1887 3933 2068 3979 tamen

467 4020 726 4091 aequitate
750 4019 1005 4088 exigente
1034 4026 1317 4073 mutamus
1349 4016 1835 4072 consuetudinem.
1866 4014 2069 4069 Verum

466 4122 529 4169 tu
597 4115 739 4168 hanc
774 4112 986 4183 legem,
1040 4112 1344 4167 secumlum
1400 4111 1751 4182 postmodum
1812 4108 2067 4179 prasenti

468 4206 602 4261 huic
635 4204 668 4259 5
703 4222 826 4275 cap.
847 4202 1133 4277 [insertas]
1164 4204 1310 4274 leges
1336 4204 1722 4273 interpretare,
1757 4210 1925 4272 atque
1959 4202 2069 4265 dic,

469 4310 586 4354 tum
613 4307 832 4369 propter
850 4297 1142 4352 utilitatem
1168 4296 1411 4367 aliquam
1455 4295 1918 4351 consuetudinem
1947 4310 2069 4348 mu-

469 4391 601 4460 tari,
630 4390 853 4462 quando
904 4392 957 4444 in
990 4390 1205 4459 judicio
1245 4389 1569 4445 conﬁrmata
1597 4403 1706 4444 non
1736 4397 1824 4442 est
1861 4407 1872 4442 :
1910 4385 2071 4459 [alio-

471 4484 568 4554 qui
637 4483 788 4556 vero]
848 4494 1110 4553 tanquam
1159 4483 1337 4551 legem
1410 4481 1671 4551 scriptam
1753 4480 2069 4534 valituram.

469 4575 772 4647 Propterea
815 4577 961 4630 enim
1003 4576 1092 4631 hic
1141 4574 1418 4645 adjectum
1453 4583 1585 4630 est:
1629 4570 1797 4641 IEgre
1823 4570 2071 4641 quidem,

472 4678 714 4724 attamen
766 4670 1028 4738 {equitate
1076 4668 1333 4738 exigente
1376 4666 1838 4723 consuetudinem
1875 4666 2079 4720 immu-

477 4772 683 4817 tamus.
715 4759 835 4816 Non
865 4770 950 4816 est
988 4760 1074 4816 lex
1123 4762 1350 4831 scripta,
1388 4776 1514 4832 quae
1552 4768 1782 4823 statuat,
1812 4758 1936 4814 utsi
1968 4773 2078 4829 qua

476 4852 699 4908 tonderi
753 4862 920 4922 atque
982 4852 1282 4907 divortium
1324 4850 1507 4907 facere
1536 4866 1662 4907 cum
1695 4851 1895 4906 marito
1926 4850 2076 4915 velit,

477 4957 551 4997 ne
582 4942 875 4998 confestim
923 4943 1222 4999 tondeatur
1269 4962 1282 4998 :
1335 4945 1430 5000 sed
1467 4944 1523 4998 in
1554 4944 1949 5000 monasterium
1978 4943 2077 5000 ab-

479 5037 739 5102 ducatur,
773 5044 828 5091 et
858 5037 1123 5092 trimestri
1169 5038 1349 5107 spatio
1393 5040 1734 5108 exploretur,
1760 5039 1909 5111 [num
1940 5037 2080 5094 forte

480 5132 539 5185 in
585 5128 728 5201 [ipso
756 5130 932 5204 velut]
963 5147 1156 5202 pugnae
1198 5131 1355 5188 initio
1407 5142 1691 5189 tonsuram
1732 5133 2077 5203 deprecetur.

479 5225 589 5281 Sed
626 5242 693 5280 ex
750 5225 1015 5296 inscripta
1052 5228 1472 5295 consuetudine,
1510 5244 1889 5299 saepenumero
1913 5229 1964 5283 in
1986 5229 2081 5299 jus

481 5317 628 5372 dicio
663 5317 888 5387 probata
919 5328 973 5374 et
1001 5319 1331 5375 conﬁrmata
1370 5332 1651 5393 receptum
1684 5331 1793 5386 est,
1827 5337 1896 5377 ne
1923 5323 2082 5377 aliter

481 5415 702 5469 mulieri
759 5424 983 5470 tonsura
1043 5417 1434 5485 permittatur,
1472 5435 1637 5489 quam
1684 5419 1731 5475 si
1798 5428 1923 5489 post
1973 5430 2085 5475 tres

480 5521 705 5562 menses
744 5506 1082 5578 interrogata
1135 5508 1227 5574 sit,
1256 5522 1327 5562 an
1375 5506 1433 5563 in
1466 5508 1572 5564 hoc
1608 5509 1753 5563 bono
1803 5508 2083 5579 pr0posito

480 5615 813 5671 permanere
839 5599 1038 5674 [velit].
1075 5599 1154 5657 Ac
1188 5598 1369 5674 [sane]
1417 5601 1520 5656 hac
1548 5602 1615 5657 de
1658 5615 1718 5657 re
1756 5616 1945 5657 coram
1979 5600 2084 5656 im-

482 5696 763 5765 peratorio
816 5695 1080 5751 tribunali
1140 5694 1405 5769 [abunde]
1458 5695 1594 5751 satis
1648 5704 1919 5751 certatum
1976 5704 2079 5750 est.

476 5787 622 5843 Cum
658 5788 803 5843 enim
830 5789 986 5843 multi
1015 5789 1283 5852 dicerent,
1326 5789 1524 5845 debere
1569 5788 1837 5863 [cuidam]
1866 5788 2081 5844 mulieri

484 5879 656 5936 ﬂavos
690 5881 822 5938 istos
859 5882 1043 5940 crines
1080 5881 1372 5940 confestim
1412 5883 1718 5950 detonderi,
1745 5882 1888 5954 quod
1938 5881 2080 5937 ﬁrmi

2102 4623 2157 4685 D

1581 379 1848 443 PHOTII
1884 379 2395 441 PATRIARCILE
2435 379 2545 442 ΟΡ.

3699 378 3815 442 984

2144 488 2327 558 νόμος,
2353 487 2798 559 παραφυλάττειν
2817 489 2899 543 δεῖ
2925 489 2987 544 τὸ
3014 488 3162 557 ἔθος,
3187 489 3280 546 καὶ
3309 490 3421 564 τὴν
3456 491 3817 562 συνήθειαν.

2143 580 2205 633 Εἰ
2231 580 2287 633 δὲ
2314 580 2586 635 καὶτοῦτο
2609 580 2869 647 ἐλλείπει,
2897 582 3224 638 ἀκολουθεῖν
3254 588 3363 649 τοῖς
3393 584 3820 655 πλησιάζουσι

2151 676 2247 730 καὶ
2278 677 2585 747 ἐοικόσιτῴ
2616 678 2959 750 ζητουμένῳ.
3001 681 3064 733 El
3107 679 3164 734 δὲ
3200 682 3337 752 μήτε
3366 679 3583 735 ταῦτα
3620 680 3823 753 εὑρίσ-

2146 787 2326 837 κεται,
2359 771 2482 824 τότε
2512 771 2575 825 τὸ
2606 771 2840 842 νόμιμον
2873 766 3028 841 ᾧτινι
3059 774 3093 844 ὴ
3125 773 3315 844 Ῥώμη
3361 774 3683 846 κέχρηται
3712 793 3825 844 φυ-

2146 862 2363 918 λάττειν
2390 863 2489 926 δεῖ,
2526 863 2619 916 καὶ
2643 863 2789 936 θέμα
2823 865 2867 935 β’
2910 866 2943 936 ἠ
2975 865 3182 921 παλαιά
3214 867 3496 939 συνήθεια
3542 868 3688 921 ἀντὶ⁸
3721 868 3820 922 νό-

2153 972 2254 1027 μου
2284 954 2635 1024 φυλάττεται,

2226 1046 2339 1100 Καὶ
2392 1046 2533 1117 θέμα
2557 1054 2610 1113 ς’
2635 1046 2825 1120 ὥσπερ
2865 1051 2899 1121 ἠ
2947 1048 3096 1113 θέσις
3142 1050 3235 1103 τοῦ
3284 1050 3466 1121 νόμου
3504 1050 3829 1122 ἔγγραφος

2152 1138 2247 1192 καὶ
2282 1137 2526 1209 ἄγραφός
2584 1142 2723 1205 ἐστι,
2759 1140 2905 1197 οὕτω
2940 1143 3038 1197 καὶ
3092 1144 3125 1214 ἡ
3161 1143 3447 1215 ἀναίρεσις
3506 1144 3557 1216 ἤ
3608 1145 3689 1197 δι’
3724 1146 3826 1212 ἐγ-

2154 1231 2371 1303 γράφου
2401 1233 2609 1302 γίνεται
2628 1234 2794 1304 νόμου
2826 1236 2861 1307 ἢ
2891 1236 2960 1290 δι’
3005 1236 3279 1308 ἀγράφου,
3318 1237 3478 1290 τοῦτ’
3534 1236 3673 1290 ἐστι
3716 1236 3830 1308 τῆς

2154 1324 2445 1395 ἀκρησίας.
2499 1326 2609 1380 Καὶ
2639 1344 2766 1395 κεφ.
2818 1326 2946 1399 μβ’,
3000 1330 3033 1399 ἡ
3082 1328 3272 1400 μακρὰ
3322 1329 3624 1400 συνήθεια
3689 1330 3828 1383 ἀντὶ

2157 1417 2324 1487 νόμου
2366 1420 2561 1489 κρατεῖ
2598 1420 2659 1472 ἐν
2700 1413 2783 1485 οἷς
2830 1421 2934 1475 οὐκ
2970 1420 3119 1476 ἔστιν
3164 1423 3475 1492 ἔγγραφος,
3520 1422 3637 1476 καὶ
3680 1439 3821 1490 κεφ.

2164 1510 2253 1581 μγ¹
2304 1512 2425 1565 τότε
2472 1513 2794 1584 κεχρήμεθα
2844 1516 2911 1587 τῇ
2962 1514 3223 1588 συνηθείᾳ
3268 1516 3413 1580 τινος
3477 1515 3729 1577 πόλεως
3785 1515 3823 1585 ἦ

2160 1604 2452 1675 ἐπαρχίας,
2479 1607 2569 1659 ὅτε
2595 1606 3081 1681 ἀμφισϐητηθεῖσα
3112 1611 3170 1663 ἐν
3190 1609 3551 1681 δικαστηρίῳ
3581 1607 3827 1662 ἐϐεϐαι-

2160 1695 2296 1766 ώθη,
2333 1698 2429 1753 καὶ
2461 1716 2588 1769 κεφ.
2624 1700 2729 1771 μδ’,
2763 1702 2858 1755 καὶ
2880 1700 2951 1754 τὰ
2981 1703 3172 1774 μακρᾷ
3222 1701 3497 1775 συνηθείᾳ
3557 1702 3822 1772 δοκιμα-

2165 1788 2389 1852 σθέντα,
2441 1792 2535 1845 καὶ
2581 1794 2676 1846 ἐπὶ
2711 1795 2927 1858 πολλοῖς
2967 1796 3237 1859 ἐνιαυτοῖς
3275 1794 3660 1866 φυλαχθέντσ.
3716 1794 3825 1864 οὐχ

2166 1871 2330 1950 ἦττον
2357 1880 2468 1933 τῶν
2507 1882 2805 1953 ἐγγράφων
2838 1883 3123 1956 κρατοῦσι,
3159 1884 3255 1939 καὶ
3286 1902 3414 1953 κεφ.
3448 1891 3577 1955 με’,
3606 1884 3695 1948 ὡς
3728 1902 3821 1938 το-

2164 1968 2324 2022 σοῦτο
2348 1969 2754 2042 δοκιμασθέντα
2775 1972 2917 2027 ὥστε
2944 1976 3041 2028 καὶ
3069 1975 3145 2045 μὴ
3170 1974 3431 2048 δεηθῆναι
3460 1975 3815 2046 ἐγγράφου.

2163 2063 2257 2115 καὶ
2288 2080 2413 2132 κεφ.
2447 2063 2546 2134 μς⁷
2570 2067 2629 2118 ἐν
2657 2069 2724 2138 τῇ
2757 2068 2865 2120 τῶν
2885 2067 3066 2138 νόμων
3089 2069 3380 2140 ἑρμηνείᾳ,
3406 2070 3477 2139 τῇ
3512 2066 3815 2136 συνηθείᾳ.

2160 2154 2241 2207 δεῖ
2275 2156 2565 2228 προσέχειν
2600 2158 2701 2228 τῆς
2750 2158 2983 2223 πόλεως,
3032 2160 3129 2213 καὶ
3173 2177 3301 2228 κεφ.
3348 2158 3459 2231 μιῗ,
3492 2159 3605 2213 καὶ
3649 2159 3818 2221 ὅπως

2175 2246 2269 2299 ἐπὶ
2297 2247 2406 2300 τῶν
2444 2249 2649 2317 ὁμοίων
2677 2250 2766 2304 διά
2794 2251 2995 2314 παντὸς
3012 2251 3309 2323 ἐψηφίσθη.

2211 2340 2276 2396 Et
2310 2360 2430 2415 cap.
2463 2345 2531 2400 47
2572 2363 2585 2399 :
2626 2345 3052 2418 [lnspiciendum
3118 2346 3334 2421 etiam,]
3366 2346 3677 2417 quomodo
3752 2346 3814 2400 in

2249 2533 2501 2589 Διδάσκει
2544 2534 2603 2590 δὲ
2633 2538 2662 2590 ὁ
2694 2537 2969 2605 Στέφανος
3014 2537 3075 2589 ἐν
3115 2534 3194 2606 τῷ
3229 2535 3319 2606 μβ’
3347 2553 3477 2606 κεφ.
3523 2535 3813 2589 διδασκαι

2173 2624 2292 2679 λίαν
2323 2626 2577 2698 ἀρίστην,
2627 2628 2722 2682 καὶ
2760 2628 2874 2682 λύει
2904 2627 3005 2691 τὰς
3032 2626 3162 2698 περὶ
3180 2628 3432 2698 ἀγράφου
3480 2628 3807 2699 συνηθείας

2167 2720 2631 2787 ἐναντιοφανείας,
2649 2720 2825 2788 λέγων
2845 2719 3042 2787 οὕτως,
3073 2721 3138 2773 Ἠ
3156 2719 3347 2791 χρονία
3366 2721 3577 2790 συνήθε
3588 2738 3649 2773 ια
3676 2721 3806 2772 τότε

2169 2811 2245 2872 ὡς
2275 2810 2439 2882 νόμος
2469 2814 2681 2883 κρατεῖ,
2705 2813 2794 2865 ὅτε
2828 2811 2904 2883 μὴ
2937 2811 3202 2883 ἐγγράφῳ
3232 2812 3581 2883 διαμάχηται
3616 2811 3799 2881 νόμῳ.

2173 2906 2284 2959 Καὶ
2317 2904 2393 2976 μὴ
2416 2905 2607 2976 νόμιζε
2624 2905 2785 2959 τοῦτο
2801 2905 3045 2960 ἐναντίον
3067 2901 3210 2960 εἶναι
3235 2904 3314 2975 τῷ
3338 2907 3481 2959 τέλει
3510 2904 3620 2959 τοῦ
3652 2920 3800 2975 προ-

2173 2998 2433 3064 λαϐόντος
2457 2999 2855 3070 διατάγματος.
2887 2999 3035 3052 Ἐκεῖ
3065 2998 3166 3070 μέν
3198 2998 3307 3068 γάρ
3327 2998 3456 3069 περὶ
3484 2995 3800 3068 συνηθείας

2173 3090 2350 3159 λέγον,
2374 3091 2541 3162 φησὶν
2559 3092 2642 3146 ὅτι
2664 3092 2887 3147 δύναται
2906 3092 3043 3163 αὐτὴ
3063 3092 3227 3161 νόμον
3244 3090 3476 3146 ἀνελεῖν.
3511 3089 3799 3144 Ἐνταῦθα

2174 3183 2230 3238 δέ
2255 3186 2384 3255 περὶ
2404 3184 2694 3255 συνηθείας
2716 3185 2849 3255 φησι
2864 3187 2958 3238 καὶ
2972 3183 3123 3252 λέγει
3142 3184 3225 3237 ὅτι
3240 3184 3425 3237 καινὸν
3437 3183 3547 3238 οὐκ
3571 3182 3795 3247 εἰσάγει

2174 3276 2404 3348 νόμιμον
2474 3278 2508 3348 ἡ
2575 3276 2837 3347 συνήθεια
2902 3281 2951 3329 εί
3010 3275 3230 3346 παλαιῷ
3289 3292 3394 3329 τινι
3448 3275 3614 3346 νόμῳ
3685 3274 3796 3344 μά-

2176 3384 2361 3439 χηται,
2430 3366 2691 3438 νομίμῳ,
2775 3367 2838 3421 οὐ
2926 3368 3024 3438 μὲν
3093 3367 3354 3431 ἐναντίως
3446 3366 3793 3438 κεχρῆσθαι.

2176 3459 2415 3515 Δυνατὺν
2451 3459 2553 3531 μὲν
2575 3460 2684 3532 γάρ
2710 3460 2777 3513 ἐκ
2809 3460 2910 3531 τῆς
2936 3459 3271 3528 ἀσυνηθείας
3325 3459 3401 3531 μὴ
3443 3457 3793 3529 κεχρῆσθαι.

2178 3553 2491 3625 Σημείωσαι
2549 3549 2643 3609 οῦν
2697 3555 2799 3627 τὴν
2853 3554 3114 3626 τοιαύτην
3174 3554 3531 3608 διδασκαλίαν
3572 3552 3797 3623 ὡραίαν

2176 3643 2365 3715 οὖσαν,
2396 3648 2491 3702 καὶ
2520 3649 2579 3702 ἐν
2616 3651 2732 3713 τοῖς
2759 3648 3137 3720 δικαστηρίοις
3156 3647 3561 3719 συχνάζουσαν.
3608 3647 3678 3699 Ἠ
3715 3643 3784 3704 α’.

2181 3740 2223 3809 β’
2256 3743 2350 3794 καὶ
2370 3739 2417 3811 γ’
2446 3740 2690 3808 διάταξις
2715 3741 2809 3794 τοῦ
2841 3739 2919 3811 νβ’
2943 3741 3050 3795 τίτ.
3074 3740 3169 3795 τοῦ
3194 3739 3243 3811 η’
3286 3740 3492 3811 βιϐλίου
3518 3740 3624 3795 τοῦ
3660 3737 3789 3791 Κώ-

2176 3834 2347 3900 δικος,
2382 3835 2482 3889 οὐκ
2507 3834 2667 3903 ἐτέθη
2695 3836 2776 3898 είς
2809 3835 2879 3889 τὰ
2904 3834 3190 3889 Βασιλικά.
3216 3834 3293 3887 Ἥ
3324 3833 3381 3887 δὲ
3420 3832 3499 3904 ρβ¹
3524 3829 3788 3895 διάταξις

2177 3926 2273 3980 τοῦ
2301 3926 2366 3992 ιζ’
2395 3927 2501 3982 τίτ.
2531 3926 2624 3982 τοῦ
2652 3925 2693 3982 ν’
2721 3926 2927 3997 βιϐλίου
2954 3926 3049 3981 τοῦ
3080 3926 3329 3989 Κώδικός
3354 3927 3468 3979 ἐστι
3496 3941 3628 3992 κεφ.
3658 3917 3788 3993 ρπγ’

2185 4020 2281 4075 τοῦ
2305 4018 2354 4090 γ’
2385 4020 2493 4076 τίτ.
2527 4019 2624 4074 τοῦ
2653 4018 2698 4091 β’
2728 4018 2934 4091 βιϐλίου
2954 4019 3063 4073 τῶν
3094 4017 3401 4074 Βασιλικῶν
3430 4016 3557 4087 ἕχον
3580 4015 3782 4075 οὕτως’

2180 4113 2474 4185 Δυσχερῶς
2524 4112 2645 4183 μὲν,
2689 4112 2840 4182 ὅμως
2891 4111 2949 4165 δὲ
3012 4109 3109 4163 τοῦ
3162 4108 3369 4163 δικαίου
3415 4105 3785 4163 ἀπαιτοῦντος

2179 4206 2581 4275 ἐναλλάσσομεν
2623 4204 2724 4277 τὴν
2769 4202 3079 4275 συνήθειαν.
3116 4201 3264 4272 Πλὴν
3296 4200 3360 4253 σὺ
3398 4198 3489 4252 τὸν
3535 4196 3785 4252 τοιοῦτον

2180 4300 2346 4370 νόμον
2374 4299 2647 4369 ἐρμήνευε
2681 4297 2827 4352 κατὰ
2869 4296 2997 4359 τοὺς
3027 4293 3255 4348 ὄπισθεν
3282 4290 3781 4362 καταστρωθέντας

2180 4393 2401 4464 νόμους,
2434 4392 2603 4463 ἤγουν
2629 4391 2785 4463 ἐντῷ
2817 4388 3047 4461 παρόντι
3082 4386 3131 4458 ι(
3165 4405 3317 4456 κεφ.,
3352 4388 3449 4440 καὶ
3480 4386 3611 4455 λέγε
3658 4381 3776 4436 τότε

2180 4486 2280 4557 τὴν
2315 4484 2536 4557 μακρὰν
2590 4484 2881 4557 συνήθειαν
2909 4481 3338 4537 ἐναλλάσσεσθαι
3368 4480 3457 4534 διά
3491 4495 3542 4533 τι
3583 4477 3778 4550 χρήσι-

2188 4594 2287 4649 μον
2313 4577 2403 4633 ὅτε
2455 4577 2530 4647 μὴ
2584 4576 2858 4648 βεϐαιωθῇ
2892 4574 3032 4646 αὐτὴ
3074 4577 3132 4629 ἐν
3160 4573 3520 4644 δικαστηρίῳ,
3573 4570 3671 4626 καὶ
3701 4567 3776 4627 ὡς

2183 4666 2347 4737 νόμος
2368 4666 2645 4738 ἔγγραφος
2672 4666 2963 4738 κρατήσει.
2986 4666 3086 4721 Διὰ
3115 4666 3224 4737 γὰρ
3246 4664 3406 4720 τοῦτο
3424 4664 3520 4716 καὶ
3544 4656 3776 4715 ἐνταῦθα

2182 4758 2503 4831 προσέθετο,
2547 4759 2609 4813 τὸ
2640 4760 2921 4830 δυσχερῶς
2971 4759 3092 4828 μὲν,
3126 4760 3279 4828 ὅμως
3320 4757 3378 4809 δὲ
3416 4755 3512 4811 τοῦ
3564 4752 3773 4809 δικαίου

2181 4852 2547 4919 ἀπαιτοῦντος
2604 4854 3010 4929 ἐναλλάσσομεν
3062 4851 3160 4923 τὴν
3222 4850 3535 4921 συνήθειαν.
3595 4847 3773 4916 Νόμος

2183 4947 2433 5020 ἄγραφος
2456 4948 2558 5001 οὐκ
2588 4946 2704 5000 ἐστι
2744 4945 3115 5016 διοριζόμενος
3142 4944 3241 5013 τὴν
3281 4942 3542 4996 θέλουσαν
3572 4942 3775 4993 ἀποκα-

2185 5040 2349 5113 ρῆναι
2378 5040 2472 5095 καὶ
2501 5038 2822 5109 διαζυγῆναι
2842 5036 2936 5090 τοῦ
2964 5037 3169 5090 οἰκείου
3191 5035 3383 5107 ἀνδρὸς
3407 5035 3483 5106 μὴ
3516 5026 3774 5087 ἁπεντεῦ-

2184 5134 2276 5188 θεν
2311 5132 2728 5204 ἀποκείρεσθαι,
2772 5130 2887 5187 ἀλλ’
2930 5133 3011 5193 εἰς
3057 5129 3424 5199 μοναστήριον
3471 5121 3773 5193 ἀπάγεσθαι

2186 5228 2282 5282 καὶ
2325 5225 2412 5280 διὰ
2449 5225 2782 5297 τριμηναίου
2822 5222 3020 5293 καιροῦ
3070 5220 3490 5290 δοκιμάζεσθαι,
3545 5219 3771 5289 μήποτε

2187 5318 2331 5375 κατὰ
2362 5318 2672 5391 ἀψιμαχίαν
2697 5317 2795 5387 τὴν
2827 5317 3136 5387 ἁπόκαρσιν
3164 5314 3487 5387 ἐξῃτήσατο.
3533 5308 3689 5365 Ἀλλὰ
3718 5302 3772 5366 ἐξ

2185 5412 2438 5484 ἀγράφου
2474 5411 2766 5481 συνηθείας
2814 5407 3243 5480 δοκιμασθείσης
3276 5405 3539 5469 πολλάκις
3569 5404 3659 5457 ἐπὶ
3696 5399 3770 5451 δι·

2188 5508 2488 5580 καστηρίου
2535 5510 2629 5562 καὶ
2683 5505 3077 5577 βεϐαιωθείσης
3124 5503 3440 5574 νενόμισται
3484 5501 3562 5573 μὴ
3608 5497 3770 5554 ἄλλως

2186 5604 2285 5672 τὴν
2334 5601 2642 5672 ἀπόκαρσιν
2710 5597 3108 5669 ἐπιτρέπεσθαι
3150 5597 3251 5667 τῆς
3301 5595 3566 5664 γυναικὸς
3612 5593 3658 5644 εἰ
3702 5583 3767 5657 μὴ

2190 5693 2329 5766 μετᾶ
2362 5693 2626 5765 τρίμηνον
2655 5693 3011 5763 ἐρωτωμένη,
3051 5689 3131 5761 τῷ
3161 5687 3353 5759 ἀγαθῴ
3381 5686 3557 5757 τούτῳ
3593 5674 3769 5744 σκοτῲ

2188 5787 2441 5859 ἐμμένει.
2476 5787 2587 5842 Καὶ
2614 5785 3039 5856 ἐγυμνάσθησαν
3071 5782 3141 5837 τά
3169 5781 3301 5852 περὶ
3330 5780 3523 5835 τούτου
3550 5776 3632 5845 ἐφ’
3661 5776 3769 5827 ἰκα-

2190 5878 2396 5934 mem
2442 5878 2724 5950 βασιλικοῦ
2772 5877 3040 5949 βήματος.
3091 5871 3309 5928 Πολλῶν
3362 5870 3471 5941 γὰρ
3521 5866 3771 5937 λεγόντων
