4146 6462
333 393 455 457 985

1387 385 1875 453 NOMOCANON.
1905 391 2144 453 -TIT.
2181 390 2233 466 Ῑ,
2274 391 2434 455 CAP.
2473 391 2573 467 IV,
2610 393 2679 454 V-

3561 390 3631 456 ’98
3639 391 3674 457 6

333 509 587 580 ὀφείλειν
636 506 735 579 τὴν
787 505 1023 576 γυναῖκα
1074 505 1169 560 τοῦ
1216 507 1682 581 Πυρῤογεωργίου
1742 510 1953 565 ἐκείνου

2065 509 2369 583 [plenique]
2395 509 2591 582 judicii
2625 518 2792 576 esset,
2832 517 2894 564 ut
2937 523 3060 579 qua:
3095 507 3260 564 etiam
3296 507 3666 579 quadraginta

335 599 684 656 ἁπεντεῦοεν
722 598 1074 672 ἀποκαρῆναι
1114 599 1206 654 διὰ
1247 599 1326 668 re:
1367 595 1510 655 εἶναι
1544 600 1716 672 αὐτὴν
1745 605 1954 675 φρονή-

341 710 526 764 ματος
557 691 782 761 στερεοῦ
820 691 896 757 ὡς
925 693 1024 746 καὶ
1059 692 1472 762 τεσσαράκοντα
1521 693 1616 765 ἐτη
1652 693 1838 760 οὖσαν,
1877 696 1954 767 μὴ

342 784 498 842 εἶναι
525 787 583 841 δὲ
629 786 795 857 νόμον
835 785 1116 860 ἔγγραφον
1149 787 1311 858 χάριν
1349 785 1444 840 τοῦ
1479 787 1747 859 τριμήνου
1772 790 1801 842 ὀ
1829 788 1953 842 θεο-

340 880 581 953 στεφῆςν
635 878 954 949 κράτιστος,
1001 880 1099 933 καὶ
1152 880 1308 948 ἅγιος
1349 879 1507 950 ἡμῶν
1553 879 1812 950 βασιλεὺς
1857 880 1956 952 τὴν

347 973 574 1046 μακρὰν
629 972 924 1045 συνήθειαν
976 973 1320 1044 κυρωθεῖσαν
1348 973 1425 1036 ὡς
1460 972 1680 1045 εἴρηται
1722 974 1847 1028 ἀντὶ
1870 975 1957 1028 v6-

346 1082 459 1132 μου
505 1066 790 1138 ἐγγράφου
842 1064 1082 1133 ἐδέξατο,
1131 1066 1228 1119 καὶ
1269 1064 1625 1138 σημειώματι
1668 1066 1956 1137 ἐστήριξεν

342 1158 493 1214 ὥστε
525 1159 645 1212 τότε
688 1158 942 1230 ἄγραφος
985 1158 1244 1228 συνήθεια
1293 1159 1697 1228 παραϐαίνεται
1751 1161 1842 1214 τοῦ
1871 1161 1956 1214 δι-

344 1250 514 1307 καίου
543 1249 938 1316 ἀπαντοῦντος,
973 1251 1143 1322 ἡγουν
1165 1250 1360 1305 αίτιῶν
1389 1251 1770 1322 προκειμένων
1801 1251 1956 1306 εὐλό-

343 1359 468 1412 γων
493 1343 582 1398 ὅτε
615 1342 693 1415 μὴ
739 1342 1044 1416 ἐϐεϐαιώθη
1077 1343 1169 1414 διᾲ
1210 1344 1542 1416 δικαστικῆς
1583 1343 1953 1414 διαγνώσεως.

344 1433 510 1490 Εἶδον
542 1437 653 1508 γὰρ
678 1436 773 1490 καὶ
800 1437 1055 1507 ἄγραφον
1087 1437 1379 1508 συνήθειαν
1417 1439 1492 1508 μὴ
1523 1437 1666 1491 οὕτω
1683 1436 1954 1508 κυρωθεῖ-

349 1545 460 1584 σαν
499 1528 884 1600 ἁθετηθεῖσαν.
926 1529 1228 1601 Συνηθείας
1281 1530 1394 1600 γὰρ
1442 1527 1613 1601 οὔσης
1662 1531 1790 1594 τοὺς
1846 1530 1956 1584 ἀπὸ

347 1620 546 1692 ἱερέων
565 1621 790 1686 λαῖκοὺς
817 1621 1281 1692 μονάσαντας,καὶ
1306 1621 1469 1686 ὄντας
1489 1622 1754 1692 πρότερον
1778 1638 1953 1676 κατα-

344 1712 775 1785 γεγραμμένους
807 1753 823 1778 ,
879 1713 958 1778 είς
999 1714 1275 1779 διακονίας
1327 1714 1537 1786 ίερέων,
1567 1714 1662 1767 καί⁹
1693 1715 1833 1783 μετὰ
1864 1713 1956 1766 τὸν

351 1806 566 1878 μονάδα
627 1805 742 1878 βίον
789 1806 868 1878 τῷ
916 1805 1027 1860 τῶν
1085 1807 1374 1862 διακονιῶν
1435 1805 1949 1876 συγκαταλέγεσθαι

2061 619 2238 660 annos
2277 603 2502 658 haberet
2533 621 2548 658 :
2591 618 2658 658 ac
2687 617 2818 658 vero
2849 602 2999 656 nulla
3043 600 3129 656 lex
3162 601 3364 670 scripta
3386 601 3454 657 de
3482 603 3666 659 trime-

2059 695 2158 750 stri
2187 692 2340 768 [isto]
2379 704 2566 764 ageret
2600 712 2612 747 :
2641 709 2671 749 a
2720 695 2829 750 Deo
2859 704 3156 749 coronatus
3178 693 3420 762 optimus
3442 701 3497 748 et
3529 707 3663 749 san-

2058 791 2181 837 ctus
2233 791 2422 837 noster
2473 785 2776 851 imperator
2830 783 3048 853 longam
3099 783 3577 850 consuetudinem,
3607 790 3668 839 ut

2059 873 2266 928 dictum
2301 883 2408 940 est,
2439 874 2824 930 confirmatam
2858 891 2960 945 pro
2997 875 3202 945 scripta
3250 875 3367 945 lege
3394 877 3663 945 suscepit,

2060 977 2225 1035 atque
2258 976 2392 1023 tunc
2447 972 2704 1038 :equitate
2748 968 3088 1039 postulante,
3123 968 3242 1024 sive
3279 969 3449 1039 justis
3476 969 3664 1025 causis

2061 1059 2382 1130 propositis,
2415 1076 2523 1115 non
2551 1061 2811 1132 scriptam
2849 1062 3307 1116 consuetudinem
3343 1060 3661 1131 transgredi

2063 1150 2300 1224 [licere],
2333 1154 2557 1222 quando
2610 1140 2858 1224 jmliciali
2897 1155 3170 1210 sententia
3204 1170 3314 1210 non
3366 1163 3452 1210 est
3473 1168 3666 1210 corro-

2060 1246 2275 1311 borata,
2307 1247 2512 1316 scripto
2566 1247 2930 1302 confirmavit.
2971 1244 3108 1304 Novi
3153 1258 3338 1304 autem
3377 1265 3488 1303 non
3520 1248 3663 1304 scri-

2063 1348 2208 1412 ptam
2243 1338 2587 1413 [quamdam]
2619 1342 3101 1410 consuetudinem,
3125 1359 3249 1414 quae
3274 1344 3404 1413 quia
3442 1342 3516 1398 ita
3538 1357 3668 1398 cor-

2061 1431 2456 1502 roborataznon
2486 1441 2656 1493 esset.
2696 1432 2980 1502 reprobata
3007 1431 3084 1504 [et
3114 1432 3341 1506 rejecla]
3374 1441 3477 1488 est.
3530 1432 3669 1489 Cum

2058 1527 2206 1580 enim
2287 1524 2458 1581 moris
2531 1525 2776 1593 fuisset,
2853 1536 2914 1581 ut
2982 1527 3076 1597 qui
3134 1541 3200 1581 ex
3272 1526 3432 1582 laicis
3484 1539 3672 1582 sacer-

2058 1618 2278 1673 dotibus
2369 1618 2627 1673 monachi
2701 1617 2830 1674 facti
2896 1629 3103 1685 essent,
3169 1621 3432 1690 quoniam
3503 1619 3660 1688 prius

2062 1709 2370 1764 ministerio
2386 1710 2736 1766 sacerdotum
2759 1711 2984 1782 ascripti
3011 1711 3268 1778 fuissent,
3296 1723 3414 1782 post
3449 1712 3666 1784 [susce-

2059 1798 2234 1873 ptam]
2268 1802 2436 1855 vitam
2493 1802 2883 1857 monachicam
2939 1803 2994 1859 in
3029 1818 3263 1875 corpore
3295 1803 3373 1876 [et
3402 1801 3661 1876 collegio]

354 1899 592 1970 σώματι,
623 1899 719 1952 καὶ
752 1898 891 1970 μετὰ
919 1899 1126 1953 λαῖκῶν
1173 1900 1364 1969 ἱερέων
1405 1899 1948 1971 συναναστρέφεσθαι

2065 1891 2505 1947 ministeriorum
2552 1901 2998 1960 recenserentur,
3032 1906 3238 1949 etcum
3276 1895 3663 1950 sacerdotibus

345 1994 379 2045 ὁ
401 1990 818 2060 παναγιώτατος
860 1991 1020 2061 ἡμῶν
1041 1992 1312 2063 δεσπότης
1351 1990 1543 2062 κύριος
1582 1976 1958 2063 Μιχαὴλῗτην

351 2084 574 2152 μακρὰν
604 2080 862 2152 τοιαύτην
889 2083 1179 2154 συνήθειαν
1206 2082 1282 2146 ὡς
1323 2081 1476 2136 οὐδὲν
1507 2081 1821 2150 ἐλογίσατο,
1861 2084 1958 2136 καὶ

347 2173 640 2245 διωρίσατο
669 2175 777 2228 ἀπὸ
809 2175 988 2245 μόνων
1031 2175 1238 2229 λαῖκῶν
1283 2174 1476 2246 ἱερέων
1530 2175 1630 2238 τὰς
1680 2174 1958 2238 διακονίας

349 2266 726 2332 συνίστασθαι,
764 2268 859 2320 καὶ
897 2268 1025 2331 τοὺς
1078 2269 1349 2337 μοναχοὺς
1403 2267 1554 2337 παρὰ
1580 2268 1703 2328 ταῖς
1725 2265 1956 2331 οίκείαις

347 2356 733 2430 προσεδρεύειν
766 2360 976 2428 μοναῖς.
1052 2357 1353 2428 Συνηθείας
1430 2355 1602 2424 οὔσης
1648 2356 1774 2418 τοὺς
1817 2354 1954 2408 Ἰου-

344 2449 528 2513 δαίους
566 2449 887 2514 δικάζεσθαι
921 2450 1074 2522 παρὰ
1107 2451 1254 2522 μόνῳ
1278 2450 1357 2520 τῷ
1381 2447 1675 2520 στρατηγῷ
1703 2446 1797 2501 τοῦ
1827 2463 1953 2500 στε-

347 2544 467 2609 νοῦ,
497 2545 526 2598 ὁ
555 2544 816 2616 κραταιὸς
860 2544 956 2598 καὶ
987 2545 1144 2614 ἆγιος
1174 2543 1334 2615 ἡμῶν
1365 2541 1621 2613 βασιλεὺς
1657 2540 1954 2612 διωρίσατο

351 2636 506 2709 παρὰ
535 2637 738 2703 παντὸς
766 2637 1124 2711 δικαστηρίου
1156 2637 1300 2691 κατὰ
1318 2637 1520 2707 νόμους
1537 2635 1768 2697 τούτους
1793 2633 1950 2687 δικά-

352 2729 560 2796 ζεσθαι.
600 2730 709 2784 Καὶ
740 2732 771 2801 ὴ
807 2729 1067 2803 συνήθεια
1096 2728 1357 2801 ἐλογίσθη
1386 2728 1519 2782 ὡσεὶ
1541 2728 1693 2781 οὐδὲν
1716 2728 1793 2798 μὴ
1824 2743 1954 2795 στη-

354 2823 604 2896 ριχθεῖσα
653 2825 921 2895 νομίμως.

425 3015 741 3088 Σημείωσαι
775 3015 874 3088 τὴν
909 3014 1193 3086 παροῦσαν
1247 3013 1548 3086 ἑρμηνείαν
1571 3013 1734 3085 χάριν
1779 3010 1961 3081 ἀγρά-

349 3128 456 3180 φου
507 3107 793 3182 συνηθείας
838 3109 915 3172 ὡς
962 3107 1407 3179 ἀναγκαιοτάτην
1456 3107 1735 3178 διαφόρων
1776 3105 1962 3174 νόμων

347 3204 484 3276 περὶ
519 3203 738 3275 μακρᾶς
787 3201 1076 3272 συνηθείας
1117 3201 1448 3273 νομοθετούν
1492 3217 1623 3268 των,
1671 3201 1768 3254 καὶ
1801 3200 1957 3253 ἐναν-

345 3295 658 3366 τιουμένων
678 3294 933 3364 ἀλλήλοις
955 3294 1031 3357 ὼς
1052 3292 1162 3348 τῶν
1187 3293 1287 3364 μὲν
1307 3293 1576 3361 λεγόντων
1604 3292 1706 3363 τὴν
1737 3289 1958 3362 μακρὰν

347 3387 644 3460 συνήθειαν
678 3389 736 3440 ὲν
766 3386 1102 3458 δικαστηρίῳ
1139 3386 1528 3459 στηριχθεῖσαν
1559 3385 1770 3456 ἄκυρον
1815 3378 1954 3438 εῖναι

343 3481 443 3534 ὅτε
476 3480 627 3552 νόμῳ
655 3479 994 3535 ἐναντιοῦται
1023 3479 1309 3551 ἐγγράφω,
1328 3479 1438 3534 τῶν
1477 3479 1534 3532 δὲ
1573 3477 1954 3550 παρακελευο-

349 3575 535 3645 μένων
561 3573 767 3644 ταύτην
786 3576 1008 3644 κρατεῖν
1035 3574 1139 3628 κᾶν
1191 3575 1456 3644 ἐγγράφῳ
1511 3570 1853 3627 ἐναντιοῦται
1891 3571 1954 3624 τὸ

342 3667 529 3738 παρὸν
581 3667 740 3722 ἕκτον
771 3666 916 3738 θέμα
957 3668 1052 3721 τοῦ
1101 3665 1192 3739 μη¹
1228 3685 1354 3736 κεφ.
1404 3666 1500 3721 τοῦ
1539 3665 1716 3721 α’τίτ.
1758 3664 1853 3719 τοῦ
1908 3664 1954 3736 β’

344 3760 561 3832 βιϐλίου
591 3760 701 3814 τῶν
721 3761 1030 3814 Βασιλικῶν
1050 3761 1168 3815 λύει
1194 3761 1291 3833 τὴν
1313 3762 1782 3831 ἐναντιοφάνειαν,
1815 3760 1950 3830 φησὶ

343 3852 460 3922 γὰρ
486 3852 586 3924 τὴν
631 3851 781 3906 θέσιν
827 3851 923 3907 τοῦ
968 3853 1136 3924 νόμου
1163 3853 1412 3925 ἄγραφον
1441 3847 1584 3906 εἶναι
1617 3853 1710 3906 καὶ
1747 3853 1956 3921 ἐγγρα-

345 3962 473 4015 φον,
504 3944 772 4007 ὡσαύτως
803 3946 901 3999 καὶ
942 3944 1043 4016 τὴν
1076 3945 1358 4018 ἀναίρεσιν
1396 3945 1492 3997 καὶ
1524 3945 1625 3998 τὴν
1660 3943 1760 4014 μὲν
1790 3943 1954 4009 ,θέσιν

341 4037 440 4092 διὰ
487 4038 588 4108 τῆς
646 4036 752 4091 ὑπὸ
834 4037 1088 4109 ἀγράφου
1159 4036 1453 4108 συνηθείας
1513 4035 1818 4107 ἀχρηστίας
1877 4036 1955 4101 ὡς

343 4131 590 4203 ἐπιϐαρῆ
619 4134 733 4193 τοῖς
765 4131 1029 4202 ὑπηκόοις
1059 4132 1402 4204 ἀναιρεῖσθαι
1432 4130 1521 4185 διὰ
1552 4131 1613 4184 τὸ
1642 4130 1954 4202 φιλάνθρω-

345 4239 452 4276 πον
475 4265 491 4288 ,
515 4223 614 4294 τὴν
651 4223 707 4276 δὲ
742 4223 1024 4293 ἀναίρεσιν
1067 4223 1154 4277 διὰ
1195 4223 1485 4294 συνηθείας
1533 4223 1652 4295 ἦτοι
1698 4223 1950 4293 ἀγράφου

345 4317 518 4388 νόμου
558 4316 632 4387 μὴ
681 4317 1011 4388 ἀπρακτεῖν,
1059 4316 1148 4371 διὰ
1206 4316 1270 4370 τὺ
1336 4315 1714 4369 ἐναντιοῦσθαι
1759 4315 1951 4384 φιλαν-

348 4409 557 4480 θρώπῳ
598 4408 759 4479 ,νόμῳ
801 4408 945 4462 οὕτω
999 4407 1163 4462 λύσον
1209 4407 1309 4480 τὴν
1346 4408 1793 4476 ἐναντιοφάνειαν
1825 4408 1952 4461 ἀκο-

345 4500 557 4566 λούθως
590 4501 668 4572 τῷ
711 4501 1046 4572 διαλεχθέντι
1092 4500 1395 4572 κεφαλαίῳ,
1443 4505 1509 4573 τῇ
1557 4502 1826 4574 ἑρμηνείᾳ
1853 4501 1952 4556 τοῦ

348 4593 649 4662 Στεφάνου,
691 4594 784 4646 καὶ
807 4592 886 4664 τῷ
921 4595 1072 4665 νόμῳ
1101 4593 1180 4665 τῷ
1221 4594 1454 4663 λέγοντι,
1495 4595 1634 4667 πρὸς
1673 4595 1736 4648 τὺ
1763 4595 1944 4664 φιλαν-

346 4684 698 4755 θρωπότερον
726 4683 854 4748 τοὺς
880 4685 1081 4754 νόμους
1111 4685 1540 4755 ἑρμηνεύεσθαι.
1568 4687 1706 4757 Περὶ
1735 4686 1953 4758 ἐκείνης

352 4775 538 4848 μέντοι
570 4776 669 4847 τῆς
695 4775 986 4846 συνηθείας
1016 4776 1246 4831 ἐκϐαλοῧ
1269 4775 1445 4831 ταῦτα
1473 4779 1572 4848 τῆς
1604 4782 1663 4832 ἐν
1692 4780 1948 4851 δικαστη-

350 4873 454 4946 ρίῳ
495 4871 908 4943 στηριχθείσης.

421 4965 655 5018 ΚΕΦΑΛ
700 4963 775 5018 Δ’.
825 4995 898 5007 -—
927 4966 1057 5020 ’Ότι
1109 4967 1224 5037 οὺχ
1278 4967 1381 5038 ὑφ’
1423 4967 1563 5034 ἑνὸς
1609 4968 1950 5022 ἐπισκόπου

351 5056 488 5110 ἀλλ’
517 5056 639 5111 ὑπὸ
682 5056 793 5128 τῆς
842 5059 1194 5127 κοινότητος
1228 5064 1281 5115 ol
1305 5062 1564 5128 κανόνες
1595 5061 1950 5115 ἐκτίθενται.

423 5173 706 5226 Βασιλείου
751 5175 934 5229 κανὼν
987 5175 1118 5246 περὶ
1165 5175 1226 5227 τὸ
1282 5175 1435 5239 τέλος
1485 5172 1610 5244 μζ¹ο
1645 5173 1950 5246 Γρηγορίου

348 5263 576 5336 Νύσσης
606 5267 830 5336 περὶτὰ
862 5268 1008 5338 μέσα
1037 5265 1221 5322 κανὼν
1254 5264 1328 5332 ς’.
1915 5270 1930 5287 ‘

421 5380 675 5435 ΚΕΦΑΛ.
708 5379 875 5436 E'.—-
914 5381 1054 5452 Περὶ
1097 5381 1482 5453 πατριάρχῶν
1519 5382 1618 5436 καί
1645 5394 1950 5452 μητροπο-

346 5474 552 5542 lmine,
581 5475 686 5530 καί
706 5474 827 5530 τῶν
846 5476 917 5530 ἐν
961 5476 1202 5547 Ἀφρικῇ
1253 5475 1599 5547 λεγομένων
1620 5475 1947 5545 πριϐάτων.

434 5566 779 5622 Ἀποςτὶλων
800 5566 982 5622 κανὼν
1009 5567 1084 5620 λδ¹
1101 5583 1115 5598 ο
1145 5567 1366 5621 συνόδου
1396 5567 1636 5631 Νικαίας
1679 5563 1864 5621 κανὼν
1884 5565 1950 5630 δ’,

350 5665 426 5725 ς’,
456 5658 500 5725 ζ’
521 5676 534 5690 '
576 5661 800 5715 συνόδου
835 5659 1172 5731 Ἀντιοχείας
1203 5659 1386 5714 κανὼν
1417 5659 1462 5714 θ’
1488 5677 1503 5692 ο
1551 5660 1773 5715 συνόδου
1802 5660 1952 5714 Κων-

350 5751 850 5817 σταντινουπόλεως
907 5753 1089 5807 κανὼν
1157 5753 1224 5823 β’,
1304 5759 1351 5822 γ’
1375 5770 1388 5786 ·
1437 5753 1658 5807 συνόδου
1723 5753 1952 5823 Ἐφέσου

350 5844 532 5899 κανὼν
559 5845 642 5917 η”
683 5845 903 5901 συνόδου
957 5846 1300 5917 Χαλκηδόνος
1368 5845 1548 5901 κανὼν
1597 5846 1661 5913 θ’,
1697 5843 1780 5913 ιζ’,
1824 5851 1950 5917 κη’·

1981 4905 2032 4965 D

2058 1983 2216 2038 laicis
2278 1996 2745 2041 conversarentur
2799 2004 2812 2040 :
2871 1987 3422 2043 sacrosanctissimus
3476 1995 3666 2041 noster

2062 2075 2124 2130 Ι).
2161 2075 2391 2133 Michael
2422 2079 2566 2135 hanc
2590 2080 2816 2148 longam
2850 2080 3312 2135 consuetudinem
3348 2095 3449 2150 pro
3485 2080 3664 2135 nihilo

2058 2174 2356 2240 reputavit,
2408 2188 2474 2228 ac
2524 2172 2701 2246 [vero]
2762 2173 3024 2242 decrevit,
3067 2182 3127 2230 ut
3173 2190 3238 2229 ex
3303 2175 3457 2230 laicis
3483 2188 3665 2230 sacer—

2056 2262 2281 2318 dOIibus
2304 2263 2486 2320 solum
2525 2266 2834 2322 ministeria
2868 2267 3360 2333 constituerentur,
3403 2268 3664 2322 monachi

2058 2364 2242 2410 autem
2324 2356 2380 2412 in
2441 2360 2756 2415 recessibus
2809 2361 2926 2416 suis
2986 2361 3194 2418 assidui
3253 2372 3460 2416 essent.
3523 2361 3664 2417 Cum

2061 2444 2242 2520 [item]
2272 2451 2442 2504 moris
2471 2461 2637 2513 esset.
2681 2461 2743 2507 ut
2791 2451 2966 2507 Judaei
3016 2468 3202 2508 coram
3255 2453 3372 2508 solo
3412 2453 3668 2524 angipor-

2061 2549 2151 2596 tus
2181 2541 2440 2613 praefecto
2471 2544 2791 2613 litigarent:
2829 2545 3071 2616 Optimus
3102 2554 3266 2614 atque
3291 2554 3518 2601 sanctus
3559 2559 3665 2600 no-

2062 2644 2175 2690 ster
2205 2638 2503 2706 imperator
2529 2639 2742 2700 statuit.
2773 2646 2835 2692 ut
2877 2652 3063 2693 coram
3109 2653 3441 2708 quocunque
3484 2638 3665 2693 tribu-

2064 2726 2172 2780 nali
2198 2730 2500 2784 secundum
2533 2729 2680 2800 leges
2707 2745 2905 2785 causas
2927 2741 3176 2800 agerent.
3213 2733 3288 2784 Ae
3319 2731 3664 2786 consuetudo

2065 2818 2334 2892 [quidem]
2360 2837 2460 2892 pro
2485 2823 2658 2878 nihilo
2686 2823 2870 2879 habita
2895 2830 3002 2892 est,
3029 2830 3088 2878 ut
3110 2837 3234 2892 qua:
3278 2820 3520 2892 legitime
3549 2838 3660 2877 non

2059 2914 2256 2972 fuisset
2283 2921 2636 2975 confirmata.

2141 3011 2306 3067 Aliud
2339 3014 2623 3070 scholium.
2669 3016 2810 3072 Cum
2859 3017 3048 3073 multa:
3075 3017 3226 3088 leges
3247 3019 3312 3073 de
3335 3017 3499 3088 longa
3529 3033 3667 3073 con-

2072 3108 2369 3163 suetudine
2395 3110 2782 3177 prtescribant,
2809 3120 2863 3165 et
2887 3111 2991 3166 sibi
3017 3112 3250 3166 invicem
3281 3111 3666 3176 adversentur,

2068 3197 2214 3266 quod
2249 3198 2371 3252 alia:
2400 3198 2609 3264 dicant,
2644 3200 2864 3271 longam
2900 3201 3353 3256 consuetudinem
3393 3199 3665 3274 [tametsi]

2073 3289 2128 3342 in
2148 3287 2375 3355 judiciis
2395 3289 2802 3356 conﬁrmatam,
2828 3306 2953 3346 esse
2986 3291 3222 3356 irritam,
3246 3291 3292 3346 si
3319 3293 3536 3362 scripta
3556 3291 3664 3363 legi

2072 3388 2371 3448 repugnet;
2408 3379 2529 3434 alia:
2557 3394 2690 3434 vero
2721 3379 2893 3446 illam,
2922 3379 3140 3435 etiamsi
3192 3380 3412 3450 scriptae
3439 3381 3542 3448 legi
3573 3395 3664 3434 re-

2065 3477 2294 3540 pugnet,
2323 3469 2507 3523 valere
2532 3469 2802 3539 jubeant;
2836 3485 3080 3539 pra-sees
3106 3469 3141 3526 6
3177 3471 3382 3537 thema,
3415 3485 3537 3540 cap.
3570 3470 3665 3537 42,

2065 3562 2150 3618 tit.
2207 3561 2261 3629 1,
2296 3561 2396 3616 lib.
2433 3579 2469 3618 ιι
2513 3562 2680 3618 Basil.
2717 3564 2881 3619 solvit
2911 3579 3035 3635 qua:
3086 3563 3174 3619 his
3231 3564 3414 3619 inesse
3453 3564 3667 3618 videtur

2065 3657 2513 3714 contrarietatem
2550 3677 2564 3713 :
2596 3659 2727 3714 latio
2752 3660 2912 3731 legis,
2938 3660 3216 3732 inquiens,
3242 3669 3335 3715 aut
3365 3661 3418 3714 in
3443 3660 3646 3731 scripta

2066 3750 2326 3818 refertur,
2350 3761 2445 3806 ant
2485 3767 2594 3807 non
2646 3751 2886 3808 refertur
2923 3769 2937 3805 ι
2984 3751 3143 3825 [sic]
3189 3753 3444 3810 similiter
3469 3750 3663 3825 [ejus]

2063 3844 2376 3915 abrogatio.
2406 3843 2471 3898 Et
2494 3845 2764 3916 legislatio
2811 3844 3062 3916 quidem,
3091 3846 3138 3902 si
3179 3846 3364 3917 gravis
3418 3845 3660 3902 subditis

2069 3933 2160 4000 sit,
2193 3933 2557 3990 humanitatis
2595 3934 3060 4006 contemplatione
3111 3951 3210 4006 per
3241 3937 3666 3993 desuetudinem

2065 4040 2094 4078 a
2131 4040 2242 4080 non
2282 4022 2485 4095 scripta
2546 4027 2948 4082 consuetudine
2979 4027 3310 4098 abrogatur;
3377 4029 3668 4098 abrogatio

2066 4133 2196 4172 vero
2245 4133 2340 4187 per
2366 4119 2828 4174 consuetudinem
2861 4135 2961 4176 seu
3013 4119 3196 4190 legem
3232 4136 3342 4175 non
3392 4121 3660 4191 scriptam

2065 4210 2242 4267 otiosa
2271 4209 2347 4284 [et
2384 4209 2562 4286 irrita]
2591 4227 2698 4267 non
2730 4212 2812 4276 lit,
2867 4221 3156 4284 propterea
3207 4213 3356 4283 quod
3407 4214 3662 4282 benigna:

2065 4303 2167 4374 legi
2205 4304 2545 4361 adversetur.
2602 4302 2827 4377 [Atque]
2859 4305 2942 4360 sic
2995 4303 3262 4377 [quidem]
3304 4313 3668 4376 apparentem

2067 4393 2146 4466 [in
2173 4393 2285 4467 his]
2320 4394 2767 4450 contrarietatem
2827 4394 2998 4458 solve,
3040 4409 3278 4465 sequens
3330 4394 3663 4464 explicatum

2064 4498 2248 4558 caput,
2304 4488 2807 4556 interpretationem
2871 4486 2905 4540 6
2946 4487 3115 4541 them.
3166 4496 3221 4542 et
3302 4487 3472 4556 legem
3540 4501 3668 4555 qua:

2062 4579 2354 4651 benignius
2404 4580 2548 4650 leges
2605 4578 3045 4648 interpretandas
3078 4593 3202 4635 esse
3259 4577 3529 4649 praecipit.
3587 4577 3662 4633 De

2061 4674 2335 4729 illaaulem
2370 4673 2766 4729 consuetudine
2816 4671 2933 4727 haec
2967 4673 3228 4744 intellige,
3271 4688 3394 4745 quae
3426 4673 3480 4727 in
3515 4670 3663 4743 judi-

2059 4766 2161 4823 ciis
2199 4765 2521 4823 conﬁrmata
2552 4777 2656 4822 est.

2129 4953 2284 5010 CAP.
2330 4952 2418 5008 IV.
2456 4983 2527 4993 --
2558 4952 2714 5019 Quod
2751 4969 2855 5006 non
2889 4950 2953 5005 ab
3011 4967 3118 5006 uno
3176 4953 3456 5022 episcopo,
3499 4949 3590 5004 sed
3630 4967 3666 5004 ιι

2054 5049 2319 5102 comnmui
2345 5049 2707 5118 episcoporum
2747 5055 2880 5100 coetu
2905 5061 3133 5099 canones
3164 5043 3587 5113 promuigcntur.

2125 5162 2308 5218 Basilii
2341 5177 2517 5218 canon
2565 5162 2655 5229 47,
2687 5161 2835 5216 circa
2886 5160 3073 5215 finem.
3114 5141 3363 5230 Gregorii
3421 5154 3658 5230 Nysseni

2055 5271 2233 5311 canon
2255 5254 2310 5322 6,
2339 5253 2488 5309 circa
2519 5251 2786 5308 medium.

2121 5370 2279 5428 CAP.
2307 5369 2373 5425 ν.
2410 5400 2479 5411 —-
2500 5368 2579 5424 De
2607 5368 2956 5439 patriarchis,
2987 5365 3432 5436 metropolitanis,
3466 5373 3515 5418 et
3547 5363 3661 5433 pri-

2060 5469 2194 5523 vatis
2225 5468 2445 5539 Africaz,
2479 5477 2538 5520 ut
2565 5479 2843 5522 vocamur.

2131 5559 2522 5632 Apostolorum
2569 5574 2748 5615 canon
2789 5558 2883 5626 54,
2948 5554 3164 5613 concilii
3221 5551 3429 5609 Νίσαιηί
3474 5564 3655 5606 canon

2060 5655 2114 5721 ό,
2145 5654 2200 5721 6,
2231 5653 2286 5719 7,
2315 5653 2531 5709 concilii
2560 5653 2890 5710 Antiocheni
2923 5667 3097 5707 canon
3137 5648 3228 5708 59.
3258 5645 3477 5701 concilii
3509 5643 3658 5698 Cou-

2061 5743 2532 5814 stantinopolitani
2558 5757 2734 5798 canon
2763 5743 2818 5802 2.
2847 5743 2912 5809 3;
2941 5739 3155 5795 concilii
3183 5734 3440 5806 Ephesini
3473 5747 3654 5788 canon

2063 5839 2094 5894 8
2116 5858 2131 5906 ;
2152 5836 2374 5894 concilii
2404 5837 2866 5894 Cllaltn-tllnll'tls‘s
2899 5852 3075 5891 culum
3110 5833 3163 5895 9,
3204 5831 3284 5895 Π,
3306 5829 3374 5882 20
3397 5847 3410 5896 ;
3435 5828 3652 5882 concilii
