4146 6500
523 369 629 433 987

1696 367 1964 430 ΡῙῙΟΤΙΙ
2001 365 2509 428 ΡΑΤΒῙΑΒΟΗᾸΞ
2543 369 2651 429 CP.

3734 367 3842 432 988

528 479 877 537 Sardicensis
923 495 1106 539 canon
1144 480 1200 547 '5,
1230 480 1286 547 ι,
1317 479 1390 543 5;
1423 477 1648 535 concilii
1677 478 2136 550 Carthaginiensis

2259 477 2468 531 ruv660u
2496 476 2768 550 Σαρδικῆς
2819 477 3004 533 κανὼν
3035 483 3105 549 γ’,
3135 477 3198 542 δ’,
3237 476 3308 532 ε’·
3352 478 3568 533 συνόδου
3602 478 3840 550 Καρθα-

527 588 708 627 canon
748 576 834 640 17,
865 573 934 630 ’59
958 591 974 641 ;
1002 574 1222 630 concilii
1256 573 1399 628 sexti
1435 588 1611 628 canon
1653 573 1745 635 56,
1775 572 1868 628 ‘59.

601 664 822 721 Tenus.
861 667 939 721 De
978 667 1174 722 ordine
1206 665 1671 735 patriarcharum),
1704 673 1836 730 etc.,
1871 680 2034 736 usque
2059 664 2129 718 ad

527 756 841 827 provincias
873 755 1003 829 [sub
1039 755 1119 828 se]
1155 757 1370 820 habeat,
1407 766 1464 810 ut
1489 773 1611 826 pag.
1641 756 1768 811 475.

601 845 894 902 Sclwlium.
921 847 1112 904 Const.
1140 848 1191 914 7,
1226 849 1309 904 tit.
1344 849 1397 913 1,
1427 848 1522 903 lib.
1551 865 1566 902 ι
1610 848 1747 904 Cod.
1783 866 1890 905 non
1922 860 2008 906 est
2032 866 2132 922 po-

531 939 636 996 sita
667 940 722 995 in
751 939 918 997 Basil.
953 940 1144 998 Const.
1180 956 1311 996 vero
1335 940 1388 1008 6,
1428 941 1511 997 tit.
1539 943 1597 1008 2,
1621 942 1870 1012 ejusdem
1914 944 2008 998 lib.
2049 954 2132 1000 est

529 1049 652 1104 cap.
682 1035 714 1090 6
749 1036 832 1089 tit.
871 1035 922 1100 1,
963 1034 1056 1089 lib.
1099 1051 1154 1100 ν,
1203 1033 1373 1090 Basil.
1419 1036 1665 1107 dicitque
1711 1037 1764 1091 in
1807 1037 1953 1092 hunc
2010 1052 2132 1090 mo-

529 1125 661 1179 dum
698 1144 710 1179 :
747 1129 972 1196 Oportet
1000 1126 1124 1181 illos
1152 1127 1243 1196 qui
1285 1127 1338 1181 in
1373 1127 1594 1200 Illyrico
1633 1128 1702 1183 de
1728 1126 1834 1200 [re]
1872 1128 2131 1198 quapiam

529 1219 796 1274 canonica
823 1220 1189 1289 quaestionem
1224 1229 1425 1286 movet,
1452 1220 1520 1276 de
1550 1237 1614 1276 ea
1643 1221 1710 1276 ad
1744 1222 2131 1293 archiepisco-

528 1324 656 1378 pum
690 1308 1369 1382 Constantinopolitanum
1415 1312 1652 1381 referre,
1693 1324 1750 1370 et
1796 1317 1864 1370 ah
1892 1316 2013 1386 ipso
2064 1317 2130 1372 ad

528 1404 924 1460 sacerdotalem
978 1417 1334 1475 conventum,
1400 1409 1496 1479 qui
1547 1418 1742 1464 sancto
1800 1410 2010 1478 judicio
2079 1418 2136 1464 et

529 1494 714 1548 divina
775 1495 892 1567 lege
936 1494 1135 1570 [illam]
1199 1498 1488 1569 dijudicet.
1521 1499 1717 1554 Const.
1749 1498 1842 1565 20,
1873 1500 2040 1556 etiam
2072 1509 2129 1555 et

525 1588 602 1644 24
648 1590 901 1660 ejusdem
936 1593 1022 1646 tit.
1054 1601 1110 1647 et
1143 1593 1239 1646 lib.
1273 1592 1454 1662 posita
1489 1609 1598 1647 non
1625 1602 1711 1648 est
1740 1595 1790 1648 in
1825 1593 1995 1650 Basil.
2031 1593 2136 1649 Ve-

527 1699 651 1737 rum
675 1684 898 1740 constit.
930 1686 984 1748 2,
1018 1687 1103 1740 tit.
1137 1686 1162 1739 1
1195 1684 1544 1741 Novellarum
1577 1697 1660 1743 est
1700 1687 1999 1743 Justiniani
2029 1703 2136 1742 no-

528 1775 668 1828 vella
703 1775 826 1840 125,
863 1776 975 1850 [ac]
1010 1779 1185 1848 posita
1237 1777 1369 1852 [est]
1412 1781 1464 1834 in
1501 1781 1599 1836 lib.
1645 1797 1706 1836 ιιι
1739 1781 1905 1837 Basil.
1952 1783 2034 1837 tit.
2081 1784 2130 1850 1,

2232 573 2401 642 γένης
2435 571 2620 625 κανὼν
2656 571 2743 637 ιζ’,
2778 571 2856 624 λθ¹
2876 589 2889 604 ο
2926 572 3146 626 συνόδου
3179 567 3230 636 ς·’
3267 572 3445 626 κανὼν
3474 573 3581 638 λς’,
3612 571 3720 627 λθ’.

2301 664 2612 733 Κείμενον.
2669 664 2807 736 Περὶ
2869 664 2970 734 τῆς
3033 663 3242 730 τάξεως
3286 663 3394 718 τῶν
3446 664 3842 736 πατριαρχῶν,

2233 772 2291 811 κ.
2323 773 2374 810 τ.
2411 756 2462 810 λ.
2507 772 2683 825 usque
2708 757 2775 811 ad
2806 757 2902 810 καὶ
2919 755 3082 820 ποίας
3104 755 3376 827 ἐπαρχίας
3409 756 3548 826 ἔχει.

2301 851 2586 918 Σχόλιον.
2644 849 2710 902 Ἦ
2751 848 2815 914 ζ’,
2859 848 3104 914 διάταξις
3151 847 3247 903 τοῦ
3297 855 3346 902 α’
3396 848 3501 903 τίτ.
3542 847 3642 902 τοῦ
3682 854 3733 902 α’
3767 847 3844 917 βι-

2233 940 2383 996 ϐλίου
2414 942 2509 996 τοῦ
2539 941 2770 1008 κώδικος
2800 941 3087 1013 ούκςέτέθη
3129 943 3210 1006 είς
3253 942 3323 995 τὰ
3352 941 3629 1012 βασιλικά.
3658 941 3750 1012 ,Ἢ
3785 940 3839 994 δὲ

2234 1033 2288 1100 ς’
2350 1033 2595 1100 διάταξις
2620 1033 2715 1089 τοῦ
2782 1034 2826 1106 β’
2891 1052 2999 1090 τιτ.
3061 1033 3158 1088 τοῦ
3223 1034 3386 1088 αὐτοῦ
3449 1033 3661 1103 βιϐλίου
3727 1032 3843 1086 ἔστι

2234 1147 2363 1199 κεφ.
2413 1137 2466 1186 ς’
2495 1129 2590 1184 τοῦ
2619 1136 2666 1183 α’
2707 1129 2814 1184 τίτ.
2850 1129 2946 1183 τοῦ
2991 1128 3054 1183 ε’.
3095 1128 3302 1200 βιϐλίου
3362 1128 3473 1182 τῶν
3503 1128 3842 1192 Βασιλικῶν,

2233 1221 2331 1278 καί
2383 1239 2550 1293 φησιν
2587 1219 2776 1275 οὕτω⁶
2838 1223 2930 1275 Δεῖ
2966 1221 3092 1284 τοὺς
3149 1222 3210 1273 ἐν
3263 1220 3341 1291 τῷ
3394 1219 3682 1292 Ἰλλυρικῷ
3717 1223 3845 1292 περὶ

2237 1313 2526 1370 κανονικοῦ
2543 1331 2690 1378 τινος
2713 1315 2941 1384 ζήτησιν
2969 1312 3331 1383 ποιουμένους
3357 1311 3658 1382 ἀναφέρειν
3684 1309 3843 1363 τοῦτο

2237 1407 2334 1462 ἐπὶ
2388 1407 2482 1460 τὸν
2549 1406 2984 1478 ἀρχιεπίσκοπον
3024 1404 3700 1467 Κωνσταντινουπόλεως,
3755 1404 3845 1456 καὶ

2238 1498 2371 1569 παρ’
2395 1496 2564 1551 αὐτοῦ
2599 1499 2664 1568 τῇ
2692 1499 2942 1568 ίερατικῇ
2998 1496 3203 1567 συνόδῳ
3248 1496 3346 1549 καὶ
3377 1497 3510 1566 ἁγίᾳ
3538 1495 3729 1566 κρίσει
3755 1496 3844 1548 καὶ

2238 1589 2369 1661 θείῳ
2400 1588 2796 1660 διακρίνεσθαι.
2833 1589 2898 1643 'ﬂ
2925 1589 2982 1642 δέ
2997 1596 3043 1642 κ’
3068 1589 3162 1642 καὶ
3185 1588 3261 1642 κδ’
3285 1587 3528 1653 διάταξις
3553 1587 3652 1642 τοῦ
3682 1588 3845 1642 αὐτοῦ

2237 1683 2344 1737 τίτ.
2389 1683 2484 1737 καὶ
2517 1682 2726 1754 βιϐλίου
2765 1683 2867 1736 οὐκ
2917 1683 3188 1752 ἐτέθησαν
3232 1684 3312 1745 είς
3345 1682 3413 1736 τὰ
3441 1682 3736 1738 Βασιλικά.
3785 1683 3846 1736 Ἦ

2250 1773 2436 1844 μέντοι
2466 1773 2511 1844 β’
2531 1773 2778 1840 διάταξις
2810 1771 2905 1826 τοῦ
2931 1780 2978 1826 α’
3005 1773 3112 1827 τίτ.
3131 1773 3240 1826 τῶν
3264 1773 3497 1845 Νεαρῶν
3526 1776 3646 1827 ἐστι
3679 1775 3848 1846 νεαρὰ

530 1883 652 1938 cap.
712 1868 766 1933 9,
818 1841 912 1938 qui
1078 1841 1286 1927 habet:
1322 1841 1441 1927 P'rze
1481 1874 1750 1941 omnibus
1777 1884 1962 1929 autem
1998 1841 2130 1930 illud

2259 1841 2692 1934 Ἱουστινιάνειος
2737 1877 2858 1940 ρκγ¹
2889 1871 3120 1940 κειμένη
3151 1873 3208 1924 ἐν
3249 1841 3440 1942 βιϐλίῳ
3469 1878 3516 1940 γ’
3548 1871 3662 1924 τῶν
3687 1841 3848 1924 Βασι-

532 1961 799 2015 custodiri
827 1963 1128 2026 sancimus,
1161 1975 1220 2019 ut
1249 1981 1414 2020 nemo
1443 1982 1542 2036 per
1588 1967 1939 2038 largitionem
1986 1971 2130 2035 auri,

535 2062 635 2108 aut
693 2054 927 2108 aliarum
968 2072 1150 2111 rerum
1202 2059 1484 2113 ordinetur
1526 2060 1848 2130 episcopus.
1910 2061 1966 2116 Si
2001 2062 2133 2132 quid

533 2147 643 2201 tale
690 2146 1064 2218 delinquatur,
1119 2160 1226 2204 tam
1281 2152 1373 2221 qui
1437 2152 1607 2216 dant,
1644 2169 1810 2224 quam
1860 2157 1953 2224 qui
1986 2157 2135 2211 acci-

533 2240 714 2309 piunt,
745 2248 798 2294 et
855 2242 1188 2297 mediator-es
1217 2259 1436 2308 eorum,
1494 2245 1598 2314 ipsi
1625 2246 1839 2316 seipsos
1871 2249 2136 2303 condem-

537 2331 747 2386 nationi
806 2334 1109 2387 secundum
1178 2335 1397 2389 divinas
1437 2336 1756 2406 Scripturas
1806 2348 1861 2394 et
1919 2339 2136 2396 divinos

537 2440 780 2480 canones
841 2426 1162 2495 subjiciunt.
1223 2428 1301 2482 Ac
1331 2441 1623 2499 propterea
1655 2441 1762 2484 tam
1792 2432 1838 2487 is
1870 2434 1966 2501 qui
2019 2435 2134 2499 dat,

538 2533 704 2587 quam
736 2519 829 2588 qui
862 2519 1081 2588 accipit.
1113 2530 1166 2574 et
1198 2522 1467 2575 mediator
1497 2525 1776 2580 exsistens
1803 2540 1833 2578 a
1861 2527 2125 2582 sacerdo-

538 2613 617 2667 tio
646 2621 742 2666 ant
789 2612 1027 2668 clericali
1079 2615 1291 2670 honore
1322 2627 1650 2672 removetor.
1680 2618 1836 2684 Quod
1885 2635 2013 2676 vero
2043 2636 2140 2690 per

538 2707 686 2760 hanc
723 2720 950 2761 causam
1015 2707 1205 2761 datum
1253 2707 1443 2772 fuerit,
1478 2709 1553 2764 illi
1608 2710 1868 2766 Eoi-lesize
1893 2713 2141 2768 vindica-

539 2809 648 2863 tor,
681 2799 840 2867 cujus
877 2801 1248 2855 sacerdotium
1278 2802 1452 2857 voluit
1485 2803 1778 2859 redimere.
1811 2805 1867 2859 Si
1901 2807 2140 2861 munda-

541 2907 649 2946 nus
680 2891 751 2945 sit
779 2891 872 2961 qui
899 2908 995 2962 per
1055 2893 1198 2949 hanc
1227 2909 1454 2950 causam
1485 2896 1708 2966 accipit,
1738 2906 1834 2951 aut
1874 2898 2144 2954 mediator

541 2982 600 3038 in
628 2987 845 3056 negotio
902 2986 1081 3042 factus
1110 2997 1221 3052 cst,
1275 2989 1433 3045 datas
1473 3005 1562 3046 res
1613 2990 1668 3044 in
1696 2993 1923 3062 duplum
1955 2993 2026 3047 ab
2077 3008 2144 3047 eo

542 3080 686 3150 exigi
710 3079 969 3150 jubemus
1000 3082 1358 3139 vindicandas
1394 3083 1658 3158 {scilicet}
1711 3085 1995 3142 Ecclesiae.
2025 3085 2143 3142 Non

547 3171 729 3226 solum
767 3182 949 3228 autem
1009 3189 1128 3245 quae
1187 3175 1289 3230 hoc
1321 3176 1486 3232 modo
1540 3178 1666 3233 data
1701 3189 1850 3246 sunt,
1885 3180 2147 3235 vindicari

547 3263 903 3333 praecipimus
933 3283 945 3321 :
981 3266 1076 3321 sed
1111 3267 1277 3322 etiam
1306 3283 1530 3324 omnem
1559 3271 1875 3325 cautionem
1907 3287 2005 3341 pro
2042 3272 2146 3327 hoc

549 3369 882 3426 quocunque
910 3357 1073 3413 modo
1102 3359 1433 3427 expositam,
1473 3372 1568 3417 aut
1596 3363 1885 3432 pignorum
1918 3379 1983 3419 ac
2009 3363 2146 3420 ﬁde-

547 3445 788 3516 jussoris
862 3449 1306 3520 obligationem;
1378 3468 1598 3509 omnem
1676 3457 1915 3524 denique
1982 3459 2148 3513 aliam

477 3609 486 3626 \
553 3553 946 3610 quamcunque
1003 3544 1278 3599 actionem
1361 3561 1560 3602 vacare
1617 3552 1920 3604 sancimus.
1975 3553 2151 3621 Atque

553 3630 782 3702 insuper
839 3635 932 3704 qui
964 3637 1391 3706 promissionem
1444 3644 1770 3710 accoptavit,
1803 3659 1913 3697 non
1969 3646 2148 3701 solum

555 3723 960 3782 confessionem
1022 3729 1235 3784 reddito
1270 3748 1283 3784 :
1327 3731 1422 3786 scd
1457 3733 1620 3787 etiam
1653 3736 1885 3790 alterum
1915 3748 2150 3803 tantum,

556 3825 827 3882 quantum
891 3818 1246 3876 confessione
1300 3826 1636 3889 continetur,
1693 3828 1952 3899 exigitor,
2004 3832 2153 3901 quod

558 3907 742 3975 ipsum
778 3909 894 3964 dari
931 3912 1092 3968 debet
1122 3912 1400 3972 Ecclesiae.
1437 3917 1494 3971 Si
1536 3919 1662 3988 quis
1697 3929 1881 3976 tamen
1941 3939 2006 3978 ex
2040 3925 2155 3995 epi-

559 4000 764 4070 scopis,
792 4003 904 4057 sive
933 4011 1061 4058 aute
1084 4006 1491 4062 ordinationem
1527 4026 1708 4076 suam,
1749 4014 1867 4068 sive
1899 4024 2026 4083 post
2057 4032 2152 4072 0r-

559 4090 918 4160 dinationem,
952 4095 1184 4151 voluerit
1216 4100 1470 4170 proprias
1495 4118 1584 4157 res
1643 4119 1799 4170 suas,
1855 4115 1951 4160 aut
1981 4122 2049 4162 ex
2089 4107 2157 4162 iis

559 4191 772 4252 partem
865 4185 1140 4254 Ecclesia,
1213 4191 1373 4260 cujus
1437 4196 1809 4251 sacerdotium
1890 4201 2156 4269 suscepit,

560 4273 758 4330 oﬂ‘erre
793 4294 806 4330 :
841 4292 950 4333 non
1002 4281 1182 4336 solum
1237 4283 1290 4338 id
1345 4301 1457 4340 non
1510 4289 1892 4358 prohibemus,
1922 4301 1976 4347 et
2007 4294 2157 4348 omni

560 4383 687 4424 eum
716 4363 1173 4432 condemnatione
1188 4393 1253 4433 ac
1282 4395 1446 4449 poena
1470 4382 1701 4437 liberum
1731 4399 1857 4440 esse
1888 4401 1983 4456 per
2017 4388 2158 4442 hanc

557 4461 732 4533 legem
765 4469 1088 4525 sancimus:
1123 4471 1216 4524 sed
1249 4471 1416 4526 etiam
1451 4476 1600 4529 omni
1626 4477 1785 4531 laude
1814 4477 2040 4548 dignum
2067 4479 2158 4549 ju-

2243 1957 2412 2012 λικῶν
2438 1958 2544 2015 τίτ.
2571 1967 2642 2024 α’,
2691 1978 2818 2031 κεφ.
2856 1961 2922 2028 θ’,
2957 1962 3131 2026 οὕτως
3148 1962 3327 2033 ἔχοντι
3347 1979 3361 1994 ·
3404 1965 3519 2035 Πρὸ
3545 1965 3604 2017 δὲ
3631 1967 3850 2018 πάντων

2247 2052 2426 2105 ἐκεῖνο
2460 2051 2792 2122 θεσπίζομεν
2817 2055 3165 2124 φυλαχθῆναι
3201 2056 3290 2109 ἵνα
3318 2057 3508 2126 μηδεὶς
3525 2057 3614 2110 διὰ
3645 2057 3844 2120 δόσεως

2253 2145 2479 2215 χρυσίου
2508 2145 2541 2216 ἢ
2566 2145 2744 2200 ἄλλων
2769 2148 3116 2218 πραγμάτων
3141 2149 3441 2210 ἐπίσκοπος
3468 2149 3848 2221 χειροτονηθῇ.

2249 2239 2312 2292 Εἰ
2343 2239 2403 2292 δέ
2434 2256 2487 2292 τι
2517 2239 2758 2294 τοιοῦτον
2791 2241 3138 2313 άμαρτηθείη
3167 2243 3322 2296 αὐτοὶ
3353 2244 3578 2306 ἑαυτοὺς
3612 2244 3665 2296 οἱ
3695 2243 3853 2296 διδόν-

2246 2347 2340 2394 τες
2365 2333 2457 2385 και
2494 2333 2544 2384 οἱ
2581 2331 2954 2402 λαμϐάνοντες
2989 2335 3083 2387 καὶ¹
3118 2336 3168 2388 οἱ
3202 2334 3555 2406 μέσοιαύτῶν
3581 2334 3730 2392 κατὰ
3762 2335 3853 2398 τὰς

2252 2420 2405 2486 θείας
2444 2423 2670 2494 Γραφὰς
2722 2425 2816 2478 καὶ
2862 2426 2991 2490 τοὺς
3035 2426 3216 2490 θείους
3253 2428 3486 2492 κανόνας
3518 2427 3849 2500 κατακρίσει

2255 2515 2646 2582 ὑποϐάλλουσι,
2679 2517 2777 2570 καὶ
2810 2517 2899 2572 διὰ
2948 2517 3108 2572 τοῦτο
3155 2520 3250 2573 καὶ¹
3285 2523 3314 2574 ό
3342 2520 3517 2584 διδοὺς
3545 2521 3644 2574 καὶ
3665 2523 3694 2574 6
3721 2522 3854 2588 λαμ-

2255 2609 2436 2664 ϐάνων
2465 2612 2557 2664 καὶ
2588 2614 2617 2666 6
2653 2611 2818 2682 μέσος
2865 2613 3153 2685 γινόμενος
3197 2614 3296 2684 τῆς
3338 2614 3666 2685 ἱερωσύνης,
3702 2614 3850 2684 ἥτῆς

2255 2699 2350 2752 τοῦ
2386 2699 2592 2772 κλήρου
2621 2705 2792 2774 τιμῆς
2837 2704 3231 2759 άποκινείσθω.
3273 2705 3348 2758 Τὸ
3378 2705 3434 2758 δὲ
3480 2705 3627 2777 ὑπὲρ
3658 2705 3852 2774 ταύτης

2258 2793 2359 2864 τῆς
2390 2794 2570 2858 αἰτίας
2600 2795 2752 2849 δοθὲν
2801 2798 2871 2867 τῇ
2919 2796 3192 2868 ἐκκλησίᾳ
3219 2798 3406 2869 ἐκείνῃ
3432 2797 3760 2852 ἐκδικείσθω
3789 2794 3850 2868 ἧς

2256 2887 2526 2959 ἐϐουλήθη
2577 2887 2682 2959 τὴν
2735 2887 3040 2959 ἱερωσύνην
3067 2888 3406 2959 ὠνήσασθαι.
3441 2890 3505 2943 Ei.
3553 2890 3618 2944 δὲ
3651 2891 3745 2943 καὶ
3765 2905 3851 2941 κο·

2261 2979 2460 3050 σμικὸς
2495 2979 2582 3050 εῐη
2609 2979 2638 3032 6
2672 2978 2813 3046 ὑπὲρ
2839 2978 3046 3050 ταύτης
3080 2979 3180 3050 τῆς
3210 2981 3390 3045 αίτίας
3435 2981 3849 3053 άντιλαμϐάνων

2257 3072 2292 3144 ἢ
2359 3072 2522 3143 μέσος
2571 3072 2649 3143 τῷ
2697 3072 2988 3142 πράγματι
3040 3074 3353 3144 γινόμενος,
3411 3074 3479 3127 τὰ
3525 3073 3754 3128 δοθέντα
3787 3073 3848 3126 τὰ

2263 3164 2565 3236 πράγματα
2608 3166 2669 3218 ἐν
2718 3163 2892 3235 διπλῷ
2926 3165 3092 3219 αὐτὸν
3145 3166 3497 3220 ἀπαιτεῖσθαι
3544 3167 3852 3236 κελεύομεν,

2262 3259 2327 3328 τῇ
2375 3256 2672 3327 Ἐκκλησία
2718 3256 3227 3328 ἐκδικηθησόμενα,
3270 3259 3331 3312 ού
3366 3259 3503 3329 μόνα
3537 3259 3597 3313 δέ
3625 3260 3693 3314 τὰ
3725 3259 3851 3312 κατὰ

2261 3349 2353 3404 τὸν
2387 3347 2577 3402 τοῦτον
2608 3347 2872 3420 δεδομένα
2898 3350 3101 3420 τρόπον
3145 3350 3483 3404 ἐκδικεῖσθαι
3525 3350 3851 3421 προστάττο-

2269 3460 2389 3513 μεν,
2421 3441 2560 3496 me
2591 3442 2685 3496 καὶ
2711 3442 2897 3495 πᾶσαν
2955 3442 3263 3512 ἀσφάλειαν
3327 3443 3470 3515 ὑπὲρ
3514 3443 3710 3496 τούτου
3740 3440 3849 3494 καθ’

2263 3532 2376 3590 οἷον
2403 3535 2605 3608 δήποτε
2637 3534 2842 3608 τρόπον
2866 3534 3204 3600 ἐκτεθεῖσαν,
3229 3535 3327 3590 καὶ
3346 3535 3446 3607 τὴν
3463 3535 3571 3588 τῶν
3594 3535 3850 3606 ἐνεχύρων

2266 3633 2300 3705 ἢ
2331 3633 2432 3702 τὴν
2486 3631 2582 3684 τοῦ
2633 3630 2903 3700 ἐγγυητοῦ
2930 3632 3124 3702 ἐνοχὴν
3165 3631 3260 3685 καὶ
3295 3633 3478 3686 πᾶσαν
3508 3631 3679 3703 ἄλλην
3711 3631 3849 3682 οἱαν-

2264 3727 2466 3796 δήποτε
2502 3725 2727 3796 άγωγὴν
2768 3726 2960 3796 ἀργεῖν
2989 3724 3343 3795 θεσπίζομεν.
3366 3725 3476 3779 Καὶ
3494 3725 3633 3795 πρὸς
3661 3722 3850 3782 τούτοις

2265 3827 2294 3878 ό
2319 3823 2416 3895 τὴν
2455 3821 2754 3892 ὑπόσχεσιν
2793 3820 3092 3893 λαμϐάνων
3135 3820 3210 3892 μὴ
3243 3820 3405 3890 μόνον
3449 3819 3548 3889 τὴν
3576 3815 3848 3889 ὁμολογίαν

2265 3914 2588 3978 ἀποδιδότω,
2617 3911 2756 3966 ἀλλὰ
2789 3913 2885 3966 καὶ
2911 3911 3040 3966 ἄλλο
3095 3911 3351 3965 τοσοῦτον
3387 3911 3512 3964 ὅσον
3546 3913 3577 3980 ἡ
3609 3907 3848 3979 ὁμολογία

2271 4007 2518 4078 περιέχει
2548 4003 2888 4059 άπαιτείσθω
2911 4005 3126 4074 ὀφείλον
3177 4006 3244 4075 τῇ
3295 4003 3595 4075 Ἐκκλησία
3629 4002 3845 4071 δοθῆναι.

2270 4101 2336 4153 Εἴ
2363 4117 2445 4161 τις
2479 4098 2666 4168 μέντοι
2697 4099 2763 4152 ἐκ
2789 4096 2896 4151 τῶν
2931 4096 3251 4150 ἐπισκόπων
3299 4094 3412 4149 εἴτε
3467 4095 3572 4166 πρὸ
3604 4095 3703 4165 τῆς
3732 4092 3848 4151 ἰδίας

2273 4192 2632 4266 χειροτονίας,
2669 4191 2702 4262 ἢ
2741 4191 2881 4262 μετὰ
2907 4191 3008 4261 τὴν
3037 4188 3375 4260 χειροτονίαν
3402 4187 3642 4261 βουληθῇ
3673 4187 3735 4241 τά
3758 4185 3846 4236 ἴδια

2274 4284 2638 4355 πράγματαῆ
2679 4283 2846 4354 μέρος
2902 4282 2961 4349 ἐξ
3012 4283 3194 4336 αὐτῶν
3229 4285 3609 4353 προσαγαγεῖν
3639 4283 3703 4353 τῇ
3742 4278 3844 4331 Ἐκ-

2270 4377 2476 4450 κλησίᾳ
2502 4372 2568 4450 ἦς
2593 4376 2693 4447 τὴν
2719 4375 3021 4448 ἱερωσύνην
3050 4376 3342 4446 λαμϐάνει,
3381 4377 3441 4429 οὐ
3475 4376 3640 4447 μόνον
3672 4374 3729 4428 ού
3755 4385 3844 4424 κω-

2272 4470 2495 4541 λύομεν,
2520 4470 2616 4523 καὶ
2649 4469 2830 4540 πάσης
2857 4468 3159 4540 καταδίκης
3197 4471 3294 4522 καὶ
3351 4469 3544 4537 ποινῆς
3588 4463 3842 4531 ἐλεύθερον

561 4557 812 4613 dicamus
841 4577 854 4612 ε
913 4563 1360 4632 quandoquidem
1395 4564 1448 4619 id
1475 4583 1581 4621 non
1619 4569 1846 4638 emptio,
1882 4573 1976 4625 sed
2010 4571 2149 4626 obla-

2275 4564 2414 4622 εἶναι
2439 4567 2776 4637 θεσπίζομεν
2810 4567 2905 4621 τοῦ
2936 4567 3206 4638 παρόντος
3228 4567 3416 4636 νόμου,
3445 4565 3580 4618 ἀλλὰ
3609 4565 3702 4618 καὶ
3725 4576 3841 4613 παν-

563 4651 642 4702 tio
686 4660 788 4705 est.
824 4652 1058 4709 Constil.
1102 4655 1188 4720 16,
1234 4659 1316 4713 tit.
1347 4660 1402 4719 2.
1438 4659 1530 4715 lib.
1568 4676 1605 4726 ι,
1657 4677 1764 4716 non
1790 4673 1871 4717 est
1899 4662 2074 4733 posita
2109 4665 2163 4719 in

567 4741 736 4795 Basil.
771 4759 949 4814 neque
983 4745 1195 4820 [etiam]
1231 4752 1453 4808 constit.
1490 4755 1556 4818 8,
1590 4754 1674 4809 tit.
1723 4754 1744 4807 1
1789 4754 2162 4824 Novellarum,

566 4852 689 4905 quae
727 4848 811 4893 est
839 4840 898 4893 11
938 4841 1230 4900 Justiniani
1262 4849 1500 4904 novella.
1549 4851 1787 4907 Constit.
1824 4868 1955 4907 vero
1986 4855 2040 4914 5.
2077 4853 2162 4908 tit.

565 4927 603 4981 2
635 4925 1005 4997 Novellarum,
1059 4944 1145 4991 est
1196 4935 1506 4994 Justiniani
1550 4944 1767 4998 novella
1801 4946 1921 5010 151,
1958 4961 2083 5015 qua:
2113 4947 2166 5000 in

570 5021 667 5074 lib.
729 5037 785 5090 ν,
817 5025 900 5080 tit.
936 5026 992 5091 5,
1045 5044 1169 5098 cap.
1203 5031 1258 5094 1,
1309 5033 1551 5090 thcn'iate
1586 5037 1642 5100 2,
1679 5039 1825 5094 hunc
1853 5039 1908 5093 in
1941 5039 2168 5094 modum

571 5113 750 5183 posita
797 5126 923 5172 est:
961 5119 1037 5174 Ac
1103 5133 1390 5193 propterea
1421 5129 1730 5196 sancimus,
1773 5139 1835 5184 ut
1861 5132 2167 5186 secundum

572 5222 766 5263 eorum
816 5210 1161 5269 definitiones
1208 5218 1468 5274 sanctiss.
1520 5221 1724 5276 veteris
1767 5221 1957 5278 Roma:
2005 5237 2168 5294 papa,

577 5303 789 5373 primus
818 5307 1064 5360 omnium
1090 5310 1444 5367 sacerdotum
1487 5314 1561 5370 sit
1592 5334 1606 5370 :
1655 5315 2010 5372 beatissimus
2046 5331 2174 5371 vero

577 5395 1542 5475 archiepiscopusConstantinopolis
1570 5423 1724 5463 nova;
1757 5408 1963 5472 Roma},
1982 5424 2179 5464 secun-

577 5489 707 5545 dum
734 5491 914 5546 locum
943 5502 1064 5562 post
1090 5505 1336 5550 sanctam
1356 5500 1728 5568 apostolicam
1765 5501 1967 5556 veteris
1993 5499 2179 5554 Romae

580 5580 766 5638 sedem
807 5583 1099 5650 obtineat,
1147 5587 1470 5660 caeterisque
1519 5590 1776 5646 omnibus
1811 5591 2176 5662 praeferatur.

581 5671 944 5732 Bcatissimus
1009 5689 1191 5733 autem
1263 5695 1360 5751 pro
1423 5692 1671 5754 tempore
1727 5683 2180 5753 archiepiscopus

629 5767 951 5826 ustinianeae
969 5771 1156 5841 primae
1177 5774 1366 5842 patriae
1392 5788 1618 5843 nostrae,
1646 5791 1862 5846 semper
1881 5777 1984 5831 sub
2005 5775 2180 5846 juris-

589 5856 828 5916 dictione
863 5878 961 5918 sua
1001 5865 1195 5921 habent
1227 5868 1514 5940 episcopos
1540 5869 1975 5939 provincialium
2002 5869 2181 5925 Dacia:

2270 4659 2360 4722 τὸς
2387 4658 2614 4713 ἐπαίνου
2647 4656 2798 4722 ἄξιον
2857 4657 3120 4728 κρίνομεν
3161 4657 3351 4728 ἐπειδὴ
3396 4655 3557 4710 τοῦτο
3593 4655 3692 4709 οὐκ
3722 4651 3842 4704 ἐστιν

2270 4751 2481 4821 ἀγορὰ,
2522 4749 2658 4804 ἀλλὰ
2724 4750 3032 4822 προσφορά.
3082 4751 3146 4803 Ἠ
3200 4756 3275 4815 ις’
3324 4750 3466 4805 διατ.
3515 4749 3610 4803 τοῦ
3671 4746 3710 4820 β’
3757 4743 3842 4796 τίτ.

2274 4844 2371 4897 τοῦ
2419 4850 2468 4896 α’
2525 4842 2733 4914 βιϐλίου
2772 4843 2874 4896 οὐκ
2921 4843 3080 4913 ἐτέθη
3122 4845 3202 4908 είς
3235 4843 3304 4896 τὰ
3341 4843 3619 4914 βασιλικά.
3678 4836 3841 4899 Οὐδὲή

2273 4943 2323 5008 η’
2349 4936 2488 4990 διάτ.
2523 4936 2617 4989 τοῦ
2647 4941 2694 4990 α’
2728 4935 2833 4990 τίτ.
2877 4935 2984 4989 τῶν
3012 4935 3338 5007 Νεαρῶν....
3378 4933 3514 4991 οὖσα
3562 4928 3842 4988 Ἰουστινιὸιι

2275 5048 2417 5093 νειος
2446 5031 2636 5102 νεαρά.
2683 5029 2748 5084 'H
2773 5029 2829 5083 δὲ
2870 5036 2918 5097 γ’
2955 5029 3098 5085 διάτ.
3147 5029 3242 5084 τοῦ
3286 5030 3329 5100 β’
3360 5030 3465 5084 τίτ.
3498 5030 3607 5083 τῶν
3646 5022 3842 5093 Νεαρὼν

2276 5128 2392 5179 ἐστι
2423 5125 2595 5194 νεαρὰ
2638 5125 3072 5188 Ἰουστινιάνειος
3122 5125 3352 5196 κειμένη
3393 5126 3451 5177 ἐν
3484 5122 3676 5194 βιϐλίῳ
3701 5126 3738 5173 ε’
3755 5115 3840 5168 τῶν

2278 5217 2606 5284 Βασιλικῶν,
2631 5217 2736 5272 τίτ.
2758 5217 2829 5288 γ’,
2862 5236 2988 5288 κεφ.
3020 5224 3089 5280 α’,
3127 5218 3326 5289 θέματι
3359 5217 3424 5288 β’,
3450 5215 3624 5280 οὕτως
3645 5215 3840 5286 ἔχουσα·

2278 5310 2390 5364 Καὶ
2422 5309 2512 5363 διὰ
2541 5309 2698 5364 τοῦτο
2752 5311 3088 5381 θεσπίζομεν
3147 5310 3290 5364 κατὰ
3321 5310 3446 5374 τοὺς
3496 5309 3678 5364 αὐτῶν
3714 5305 3842 5374 ὄρους

2279 5403 2371 5456 τὸν
2430 5403 2734 5473 ἁγιώτατον
2787 5405 2888 5474 τῆς
2953 5403 3337 5476 πρεσϐυτέρας
3402 5402 3625 5476 Ῥώμης
3665 5399 3839 5453 πάπανν

2281 5493 2501 5564 πρῶτον
2534 5490 2675 5549 εἶναι
2703 5494 2925 5549 πάντων
2965 5494 3075 5547 τῶν
3117 5495 3332 5564 ἱερέων,
3381 5493 3472 5548 τὸν
3501 5479 3558 5547 δέ
3592 5480 3838 5562 μακαριώ”

2282 5605 2442 5642 τατον
2465 5588 2904 5659 άρχιεπίσκοπον
2954 5586 3586 5648 Κωνσταντινουπόλεως
3626 5584 3715 5654 τῆς
3741 5575 3840 5633 νέας

2296 5679 2516 5751 Ῥώμης
2538 5679 2796 5753 δευτέραν
2834 5677 2988 5746 τάξιν
3013 5679 3254 5749 ἐπέχειν,
3283 5678 3423 5748 μετὰ
3460 5677 3551 5730 τὸν
3573 5673 3838 5745 ἁγιώτατον

2285 5771 2642 5828 ἁποστολικδν
2673 5771 2861 5844 θρόνον
2875 5774 2974 5844 τῆς
3019 5771 3405 5844 πρεσϐυτέρας
3437 5762 3782 5841 Ῥώμης,τῶν
3798 5753 3840 5806 δὲ

2291 5867 2466 5923 ἄλλων
2529 5865 2749 5921 πάντων
2798 5865 3197 5937 προτιμᾶσθαι,
3237 5865 3330 5919 τὸν
3376 5861 3435 5917 δὲ
3472 5861 3615 5918 κατὰ
3656 5848 3842 5924 καιροῧς
