4146 6488
348 426 458 490 989
1365 429 1855 494 NOMOCANON.
1883 451 1950 468 -ί

2060 433 2126 493 Τ.
2171 435 2220 510 1,
2262 435 2420 498 CAP.
2463 437 2563 500 VI.
3565 445 3672 507 990

351 534 774 609 μακαριώτατον
826 533 1264 609 ἁρχιεπίσκοπον
1309 540 1412 609 τῆς
1456 545 1504 592 α’
1560 539 1950 610 Ἰουστινιανῆς

2059 544 2495 615 mediterranea},
2525 556 2580 604 et
2628 545 2807 603 Dacia:
2864 547 3144 620 Ripensis,
3187 551 3318 607 item
3367 551 3668 617 Praevaliasx

342 634 450 702 τῆς
483 633 760 705 ἡμετέρας
790 634 1050 704 πατρίδος
1107 634 1254 706 ἔχειν
1304 635 1394 689 ἀεὶ
1455 635 1562 689 ὑπὸ
1605 637 1705 706 τὴν
1745 635 1950 692 οίκείαν

2059 652 2124 694 ac
2169 638 2474 708 Dardaniae,
2520 650 2575 696 et
2633 639 2821 712 Mysia:
2873 643 3177 712 superioris
3219 661 3232 697 :
3271 653 3328 700 et
3365 646 3434 700 ab
3465 647 3585 716 ipso
3612 647 3670 701 hi

344 728 712 783 δικαιοδοσίαν
741 729 869 791 τοὺς
901 728 1242 791 ἐπισκόπους
1281 727 1390 781 τῶν
1416 728 1700 800 ἐπαρχιῶν
1724 729 1952 794 Δακίας,

345 820 772 893 Μεδιτερανίας,
817 820 911 872 καὶ
942 819 1148 884 Δακίας
1191 819 1526 885 Ῥιπενσίας,
1578 819 1952 892 Πραιὸαλέας,

347 915 446 968 καὶ
475 914 798 986 Δαρδανίας,
841 914 934 967 καί
993 913 1213 977 Μυσίας
1235 913 1335 984 τῆς
1361 913 1668 984 ἁνωτέρας,
1699 911 1796 966 καὶ
1825 913 1954 984 παρ’

347 1005 518 1060 αὐτοῦ
573 1005 802 1068 τούτους
857 1005 1309 1078 χειροτονεῖσθαι,
1369 1005 1463 1057 καὶ
1504 1005 1563 1056 ἐν
1610 1004 1803 1066 αὐταῖς
1832 1004 1955 1067 ταῖς

349 1099 744 1171 ὑποκειμέναις
799 1099 949 1169 αὐτῷ
1005 1098 1301 1170 ἐπαρχίαις
1381 1097 1472 1150 τὸν
1522 1095 1688 1150 τόπον
1737 1095 1956 1168 ἐπέχειν

349 1194 514 1248 αὐτὸν
575 1192 669 1247 τοῦ
733 1191 1095 1246 ἀποστολικοῦ
1165 1189 1390 1262 Ῥώμης
1436 1191 1654 1263 θρόνου,
1702 1190 1847 1244 κατὰ
1885 1190 1954 1245 τὰ

348 1287 639 1360 ὁρισθέντα
693 1286 800 1341 ὑπὸ
854 1286 950 1340 τοῦ
985 1285 1140 1353 ἁγίου
1184 1284 1342 1339 πάπα
1372 1283 1680 1338 Βασιλείου.
1727 1284 1837 1337 Καὶ
1861 1281 1954 1335 τὸν

349 1381 538 1452 ὅμοιον
562 1381 770 1453 τρόπον
819 1380 880 1434 τὺ
947 1379 1159 1434 δίκαιον
1218 1380 1316 1449 τῆς
1363 1376 1779 1450 ἀρχιερωσύνης
1814 1377 1955 1448 ὅπερ

346 1474 428 1547 τῷ
453 1475 741 1547 ἐπισκόπῳ
768 1474 1156 1545 Ἰουστινιανῆς
1186 1475 1348 1546 Καρχ
1361 1473 1538 1544 ηδόνος
1551 1474 1652 1543 τῆς
1683 1472 1954 1543 Ἀφρικῆς

346 1569 674 1640 διοικήσεως
697 1566 1015 1639 δεδώκαμεν
1049 1566 1109 1634 ἐξ
1133 1561 1307 1638 οὗπερ
1335 1571 1363 1620 ὁ
1413 1567 1544 1630 θεὸς
1569 1565 1777 1638 ταύτην
1816 1567 1950 1636 ἡμῖν

346 1660 768 1732 ἀποκατέστησε
823 1659 1195 1730 φυλάττεσθαι
1251 1659 1568 1730 κελεύομεν.
1633 1659 1952 1730 Σημείωσαι

347 1753 460 1806 ἀπὸ
515 1753 614 1822 τῆς
662 1749 948 1822 παρούσης
994 1750 1430 1804 Ἰουστινιανείου
1480 1751 1684 1820 νεαρᾶς
1709 1749 1778 1802 τὰ
1819 1764 1953 1818 προ-

348 1845 516 1916 νόμια
563 1843 659 1898 τοῦ
725 1843 1161 1915 ἀρχιεπισκόπου
1223 1842 1585 1914 Βουλγαρίας,
1645 1835 1800 1905 οὗτος
1839 1842 1948 1912 γάρ

348 1940 497 1991 ἐστιν
519 1937 950 2008 ἁρχιεπίσκοπος
977 1935 1080 2006 τῆς
1107 1933 1156 1988 α’
1188 1935 1581 2004 Ἰουστινιανῆς
1607 1933 1710 2003 τῆς
1740 1934 1942 2004 πατρί-

2059 730 2405 796 ordinentur,
2458 741 2513 786 et
2575 731 2630 786 in
2692 732 2993 802 provinciis
3050 733 3154 803 ipsi
3180 736 3446 806 subjectis
3482 738 3666 793 locum

2060 832 2244 878 teneat
2267 825 2584 894 apostolicae
2612 825 2758 881 sedis
2785 823 3070 890 Romamn,
3103 827 3411 882 secundum
3436 845 3502 884 ea
3539 846 3663 900 qua:

2059 925 2285 971 sanctus
2312 933 2459 988 papa.
2484 917 2716 986 Vigilius
2761 919 3072 974 constituit.
3101 919 3392 976 Consimili
3423 922 3586 976 modo
3611 935 3668 980 et

2059 1009 2530 1080 archiepiscopale
2559 1026 2762 1065 munus
2788 1051 2803 1076 ,
2835 1011 2982 1081 quod
3015 1011 3277 1083 episcopo
3312 1011 3674 1069 Justinianeae

2056 1098 2406 1170 Carthaginis
2440 1099 2714 1156 Africana:
2763 1102 3067 1160 dimcescos
3112 1104 3403 1171 dedimus,
3439 1121 3506 1160 ex
3560 1119 3675 1176 quo

2057 1190 2204 1247 Deus
2255 1193 2419 1248 nobis
2467 1193 2609 1248 hanc
2679 1195 2944 1262 restituit,
3007 1199 3327 1253 conservari
3385 1199 3669 1270 juhemus.

2059 1283 2198 1338 Nota
2227 1300 2356 1339 vero
2391 1301 2455 1339 cx
2490 1287 2745 1354 praesenti
2794 1285 3148 1345 Justinianea
3180 1291 3414 1355 novella,
3448 1292 3673 1360 privile-

2057 1375 2144 1446 gia
2167 1375 2563 1446 archiepiscopi
2585 1375 2872 1446 Bulgarize.
2904 1378 3006 1435 Hic
3034 1396 3273 1452 namque
3294 1392 3380 1436 est
3400 1383 3675 1455 archiepi-

2058 1484 2261 1538 scopus
2329 1471 2520 1539 prima:
2579 1467 2983 1536 Justinianem,
3045 1475 3237 1543 patria:
3317 1475 3670 1546 imperatoris

2056 1559 2378 1615 Justiniani.
2420 1562 2598 1630 Atque
2632 1560 2886 1632 Bulgaria
2921 1565 3140 1633 quidem
3174 1579 3464 1637 propterea
3496 1567 3671 1624 Justi«

2059 1655 2253 1709 nianea
2322 1654 2546 1709 dicitur.
2610 1653 2882 1712 Caeterum
2970 1657 3314 1714 Justinianea
3394 1659 3672 1733 Carthago

2055 1747 2329 1803 Africaine
2381 1747 2684 1803 dimceseos
2719 1790 2735 1814 ,
2795 1760 3112 1819 nuncupata
3159 1749 3505 1808 Justinianea
3561 1763 3668 1819 est,

2057 1841 2201 1910 quod
2272 1841 2574 1910 imperator
2601 1840 2953 1897 Justinianus
2988 1843 3272 1913 regionem
3320 1844 3471 1899 illam
3505 1845 3670 1902 resti-

2055 1935 2220 1990 tuerit
2273 1938 2648 1991 Romanorum
2678 1937 2932 2006 imperio.
2964 1937 3043 1991 Ac
3070 1937 3277 1993 idcirco
3313 1942 3480 1994 etiam
3530 1956 3673 2011 pra:—

347 2031 434 2092 δος
460 2027 554 2081 τοῦ
583 2026 854 2097 βασιλέως
891 2025 1299 2081 Ἰουστινιανοῦ.
1354 2026 1463 2078 Καὶ
1500 2026 1532 2096 ή
1578 2025 1677 2095 μὲν
1701 2024 1948 2094 Βουλγα-

2056 2042 2176 2082 sens
2237 2036 2401 2097 caput
2466 2029 2524 2083 in
2579 2028 2940 2099 inscriptione
2996 2029 3249 2084 meminit
3330 2031 3672 2101 privatorum

351 2119 442 2188 ρία
475 2115 563 2170 διὰ
589 2116 748 2170 τοῦτο
769 2117 1018 2170 καλεῖται
1056 2117 1412 2186 Ἰουστινιανὴ
1441 2117 1532 2170 διὰ
1579 2116 1640 2170 τὸ
1663 2116 1756 2170 τὸν
1793 2115 1950 2187 βασι-

345 2211 443 2263 λέα
488 2209 871 2263 ’1ουστινιανὸν
929 2209 1383 2280 ἀποκαταστῆσαι
1430 2211 1496 2280 τῇ
1545 2208 1799 2281 βασιλείᾳ
1843 2208 1952 2263 τῶν

353 2302 644 2372 Ῥωμαίων
687 2301 788 2373 τὴν
848 2303 1107 2372 τοιαύτην
1143 2300 1348 2372 χώραν.
1391 2301 1490 2356 Διὰ
1529 2305 1639 2372 γὰρ
1665 2301 1825 2355 τοῦτο
1854 2302 1951 2372 μέ-

346 2416 547 2468 μνηται
575 2398 636 2450 τὸ
665 2397 840 2467 παρὸν
899 2415 1024 2468 κεφ.
1072 2398 1152 2460 είς
1197 2399 1298 2468 τὴν
1349 2397 1666 2468 ἐπιγραφὴν
1710 2398 1804 2450 καὶ
1833 2395 1944 2450 τῶν

343 2491 628 2564 πριϐἁτων
656 2492 756 2561 τῆς
783 2493 842 2545 ἐν
874 2493 941 2563 τῇ
990 2491 1226 2562 Ἀφρικῇ
1281 2490 1653 2562 Καρχηδόνος,
1703 2489 1947 2560 δηλονότι

341 2586 455 2640 τῶν
482 2585 795 2656 προνομίων
841 2586 1032 2655 αὐτῆς.
1084 2583 1358 2654 Πρίὸατον
1401 2585 1511 2656 γὰρ
1551 2585 1770 2651 λέγεται
1810 2585 1954 2638 κατὰ

2047 2120 2322 2176 Africanae
2353 2121 2730 2192 Carthaginis,
2785 2123 2928 2193 quod
2950 2134 3035 2178 est
3076 2124 3507 2195 privilegiormm
3528 2125 3673 2196 ejus.

2051 2212 2364 2269 Secundqu
2415 2215 2640 2270 Latinos
2688 2216 2836 2270 enim
2886 2216 3166 2286 privatum
3215 2217 3419 2271 dicitur
3469 2217 3530 2270 τὸ
3569 2218 3670 2271 ἰδιο

2051 2307 2166 2360 κόν.
2194 2305 2338 2378 Lege
2371 2323 2502 2362 vcro
2529 2308 2694 2362 etiam
2746 2308 2909 2362 ﬁnem
2943 2308 3144 2364 scholii
3191 2311 3480 2380 praesentis
3519 2310 3672 2381 capi-

2052 2399 2149 2463 tis,
2183 2400 2278 2471 qui
2320 2416 2448 2470 pars
2498 2410 2584 2457 est
2638 2401 2734 2456 151
2767 2399 3128 2456 .Iustinianca:
3180 2401 3430 2468 novellae,
3459 2411 3515 2456 ct
3551 2412 3669 2458 sta-

2055 2493 2182 2558 tuit,
2222 2501 2283 2548 ut
2329 2493 2578 2549 Ecclesia
2636 2492 3093 2562 Carthaginensis
3156 2494 3474 2564 apostolica-
3511 2495 3668 2552 sedis

2061 2585 2345 2656 privilegia
2377 2587 2599 2641 habeat.

351 2677 616 2739 Λατίνους
641 2677 704 2730 τὸ
735 2677 922 2731 ἰδικόν.
960 2676 1069 2732 Καὶ
1127 2676 1413 2746 ἀνάγνωθι
1441 2677 1503 2730 τὸ
1532 2677 1688 2740 τέλος
1752 2675 1848 2730 τοῦ
1883 2677 2134 2748 σχολαίου
2167 2677 2261 2731 τοῦ
2316 2679 2587 2750 παρόντος
2663 2696 2788 2748 κεφ.
2863 2678 3028 2750 μέρος
3061 2677 3120 2732 ὃν
3151 2679 3251 2748 τῆς
3277 2677 3392 2750 ρλα¹
3441 2679 3670 2736 Ἰουστι-

348 2775 582 2830 νιανείου
608 2776 833 2848 νεαρᾶς,
861 2776 955 2828 κοιλ⁸
984 2773 1352 2846 διοριζόμενον
1379 2773 1525 2844 ἔχειν
1553 2774 1646 2827 καὶ
1674 2773 1775 2844 τὴν
1804 2773 2135 2844 Ἐκκλησίαν
2197 2777 2299 2846 τῇς
2325 2774 2680 2847 Καρχηδόνος
2727 2771 2809 2829 ’τὰ
2859 2775 3134 2847 προνόμια
3189 2773 3284 2828 τοῦ
3306 2776 3672 2832 ἀποστολικοῦ

348 2870 377 2923 θ
389 2869 543 2940 ρόνου
551 2908 565 2924 .

421 2961 674 3016 ΚΕΦΑΛ.
711 2962 802 3028 ς’.
829 2990 894 3001 -
925 2960 1062 3030 Περὶ
1082 2959 1191 3015 τοῦ
1211 2959 1383 3024 τινας
1416 2958 1514 3012 καὶ
1543 2957 1662 3012 ποῦ
1693 2974 1957 3027 χειροτο-

346 3054 572 3110 νοῦσιν
621 3055 1004 3122 ἐπισκόπους
1069 3053 1108 3122 ἢ
1164 3052 1534 3122 κληρικοὺς,
1591 3051 1694 3106 καὶ
1755 3051 1866 3106 ἐὰν
1921 3053 1954 3105 ό

348 3150 793 3219 χειροτονηθεὶς
819 3150 917 3204 διὰ
945 3148 1236 3206 λιϐέλλου
1261 3146 1631 3218 παραιτεῖται
1671 3145 1788 3215 τὴν
1815 3146 1947 3200 ἐπιο

350 3243 620 3311 σκοπήν.

435 3337 774 3391 Ἀποστόλων
834 3335 1018 3390 κανὼν
1054 3335 1125 3403 α’,
1178 3334 1244 3407 β’,
1291 3332 1366 3388 λε’
1391 3350 1406 3364 ο
1445 3332 1671 3386 συνόδου
1705 3329 1946 3394 Νικαίας

348 3430 532 3486 κανὼν
571 3431 637 3496 δ’,
695 3431 913 3486 συνόδου
947 3430 1280 3500 Ἀντιοχείας
1321 3427 1414 3498 ιγ’,
1449 3425 1535 3493 ιθ’,
1563 3425 1646 3497 κβ¹
1673 3444 1687 3458 ’
1724 3423 1945 3480 συνόδου

348 3524 677 3588 Λαοδικείας
736 3524 918 3579 κανὼν
971 3523 1034 3588 ε’,
1090 3522 1193 3594 ιβ’·
1229 3522 1450 3577 συνόδου
1500 3519 1728 3590 Ἐφέσου
1763 3517 1947 3573 κανὼν

348 3615 425 3688 η’·
461 3617 557 3671 καὶ
598 3616 857 3688 ἐπιστολὴ
895 3617 1030 3689 πρὸς
1079 3619 1179 3688 τὴν
1217 3618 1276 3670 ἐν
1332 3615 1636 3687 Παμφυλίᾳ
1685 3612 1906 3667 σύνοδον
1929 3627 1944 3642 ’

349 3709 574 3762 συνόδου
619 3710 894 3782 Σαρδικῆς
953 3709 1137 3766 κανὼν
1195 3717 1248 3775 ς’
1275 3725 1289 3740 ·
1344 3709 1564 3763 συνόδου
1598 3705 1946 3778 Χαλκηδόνος

348 3802 534 3857 κανὼν
559 3800 646 3873 κη’
675 3820 689 3833 ·
721 3804 942 3858 συνόδου
975 3804 1372 3874 Καρθαγέννης
1389 3801 1572 3856 κανὼν
1591 3799 1681 3869 ιγ’,
1710 3797 1800 3870 ιη’,
1832 3796 1945 3869 μθ’,

349 3893 482 3960 νς’·
531 3895 754 3949 συνόδου
813 3895 866 3962 ς’
937 3895 1118 3951 κανὼν
1156 3895 1257 3966 λγ’,
1287 3893 1362 3960 λζ’
1391 3913 1406 3928 ο
1455 3896 1678 3949 συνόδου
1710 3893 1946 3956 Νικαίας

348 3987 412 4039 τὸ
443 3984 487 4056 β’
530 3985 713 4042 κανὼν
765 3986 842 4058 ﬁ"
886 3990 1108 4043 συνόδου
1147 3987 1193 4042 α’
1228 3991 1321 4042 καὶ
1353 3985 1420 4057 β’,
1475 3986 1947 4057 συγκροτηθείσης

350 4079 412 4131 ἐν
443 4079 1039 4151 Κωνσταντινουπόλει,
1067 4082 1124 4135 ἐν
1157 4081 1237 4152 τῷ
1267 4080 1383 4152 ναῷ
1419 4081 1527 4134 τῶν
1575 4079 1747 4148 ἁγίων
1777 4079 1960 4140 Ἀπο-,

353 4173 560 4226 στόλων
611 4173 792 4228 κανὼν
852 4182 964 4240 ις’·
1023 4175 1305 4229 Βασιλείου
1353 4173 1613 4246 ἐπιστολὴ
1650 4171 1788 4244 πρὸς
1817 4175 1947 4237 τοὺς

350 4269 827 4338 χωρεπισκόπους’
891 4270 1164 4342 Κυρίλλου
1208 4272 1273 4324 ἐκ
1300 4270 1400 4341 τῆς
1437 4269 1572 4338 πρὸς
1604 4269 1809 4339 Δόμνον
1834 4269 1951 4320 ἐπι-

351 4359 548 4431 στολῆς
594 4359 775 4415 κανὼν
801 4359 874 4429 α’,
900 4360 948 4431 γ’
977 4379 990 4394 ’
1028 4362 1302 4433 Κυρίλλου
1345 4363 1411 4415 ἐκ
1445 4362 1543 4431 τῆς
1567 4361 1705 4432 πρὸς
1737 4361 1864 4424 τοὺς
1888 4362 1947 4413 ἐν

350 4450 529 4522 Λιϐύῃ
588 4453 684 4505 καὶ
739 4454 1074 4508 Πενταπόλει
1136 4455 1470 4517 ἐπισκόπους
1522 4453 1812 4526 ἐπιστολῆς
1845 4471 1946 4506 κα-

349 4543 461 4599 νὼν
512 4543 582 4610 α’,
652 4553 739 4616 γ”
798 4547 1060 4618 Θεοφίλου
1133 4550 1197 4603 ἐκ
1252 4549 1350 4602 τοῦ
1392 4548 1802 4619 ὑπομνηστικοῦ
1850 4565 1950 4602 κα-

350 4635 460 4690 νὼν
497 4635 572 4702 ς’.

420 4731 733 4802 [κείμενον.
784 4731 1000 4788 Βιϐλίον
1047 4732 1093 4786 α’
1136 4732 1231 4786 τοῦ
1264 4732 1531 4797 Κώδικος,
1574 4751 1682 4788 τιτ.
1713 4732 1797 4802 γ’,
1834 4733 1950 4788 διά-

347 4823 504 4890 ταξις
561 4823 650 4898 ιβ’,
704 4824 768 4894 λ’,
809 4826 916 4898 μβ’,
964 4826 1074 4899 μζ,
1107 4826 1205 4898 νβ’,
1245 4828 1340 4881 καὶ
1376 4827 1482 4883 τίτ.
1507 4826 1556 4880 α’
1580 4827 1688 4882 τῶν
1717 4827 1950 4899 Νεαρῶν

345 4919 596 4985 διάταξις
619 4918 690 4988 α’,
717 4919 786 4992 β’,
832 4919 919 4988 ιζ’.

422 5013 706 5083 Σχόλιον.
746 5013 811 5068 Ἡ
843 5014 928 5086 ἰβ’
960 5015 1208 5084 διάταξις
1252 5018 1349 5070 καὶ
1409 5017 1441 5087 ἠ
1481 5013 1546 5081 λ’,
1585 5014 1696 5086 μβ’,
1729 5015 1816 5086 μζ¹
1855 5015 1947 5068 καὶ

353 5103 432 5175 νβ’
465 5105 559 5159 τοῦ
590 5105 835 5176 γ’τίτλου
893 5108 987 5162 τοῦ
1051 5107 1100 5162 α’
1156 5108 1364 5180 βιϐλίου
1403 5108 1501 5162 τοῦ
1559 5107 1806 5171 Κὼδικος
1848 5109 1950 5160 οὐκ

348 5198 620 5270 ἐτέθησαν
659 5202 743 5266 εἰς
774 5203 844 5257 τὰ
875 5202 1156 5274 βασιλικά.
1195 5204 1256 5256 '0
1281 5203 1336 5256 δὲ
1373 5201 1421 5256 α’
1452 5201 1630 5266 τίτλος
1661 5203 1770 5256 τῶν
1800 5202 1950 5256 Νεα-

351 5291 463 5362 ρῶν
494 5295 587 5346 καὶ
617 5295 650 5366 ἡ
684 5294 852 5349 αὑτοῦ
879 5293 928 5348 α’
949 5297 1044 5348 καὶ
1071 5293 1115 5366 β’
1141 5295 1234 5349 καὶ
1274 5293 1360 5362 ιζ’,
1383 5293 1655 5360 διατάξεις
1685 5293 1951 5366 ἐτέθησαν

349 5384 433 5448 είς
462 5384 663 5456 νεαρὰς
688 5386 778 5440 τοῦ
811 5386 1198 5441 Ἰουστινιανοῢ
1234 5385 1310 5454 ς’,
1358 5385 1478 5459 ρκγ¹
1502 5387 1600 5442 καὶ
1636 5385 1771 5456 ρλζν.
1802 5386 1952 5458 Πλὴν

347 5476 383 5546 ἠ
420 5473 521 5545 μὲν
552 5475 654 5529 οὐκ
709 5477 870 5549 ἐτέθη
927 5479 1007 5542 είς
1040 5479 1110 5532 τὰ
1157 5478 1446 5532 Βασιλικά.
1493 5478 1560 5531 Ἦ
1597 5479 1653 5532 δέ
1687 5475 1806 5548 ρκγ¹
1832 5479 1950 5532 ἐστὶ

345 5583 476 5636 κεφ.
513 5565 580 5632 θ’,
612 5567 706 5621 τοῦ
726 5566 774 5622 α’
801 5568 936 5635 τίτ.,
981 5570 1078 5623 τοῦ
1115 5567 1162 5639 λ(
1207 5569 1418 5642 βιϐλίου
1465 5571 1605 5640 ὅπερ
1642 5571 1738 5624 καὶ
1786 5568 1950 5640 ἐτέθη

346 5659 480 5732 παρ’
505 5660 664 5731 ἡμῶν
700 5663 781 5728 είς
816 5679 944 5733 κεφ.
984 5669 1023 5716 ε’
1065 5661 1159 5717 τοῦ
1216 5663 1485 5735 παρόντος
1527 5662 1636 5718 τίτ.
1676 5663 1771 5717 καὶ
1797 5659 1951 5734 ζήτει

347 5751 503 5806 αὐτό.
549 5751 616 5810 Ἦ
641 5753 699 5808 δὲ
729 5754 864 5828 ρλς,
893 5756 1066 5828 νεαρὰ
1093 5757 1210 5811 ἐστι
1241 5774 1368 5826 κεφ.
1395 5761 1447 5826 η’
1492 5753 1587 5809 τοῦ
1621 5753 1670 5810 α’
1708 5753 1950 5823 τιτ.,τοῦ

347 5845 398 5914 γ’
430 5845 638 5917 βιϐλίου
693 5850 834 5920 ὅπερ
895 5849 1165 5921 κατετέθη
1211 5853 1291 5913 είς
1333 5850 1547 5922 σχόλιον
1599 5849 1694 5905 τοῦ
1728 5856 1778 5921 η’
1820 5866 1947 5919 κεφ.

349 5937 445 5994 τοῦ
477 5943 745 6012 παρόντος
804 5939 915 5996 τίτ.
977 5943 1104 6013 περὶ
1129 5944 1189 5997 τὸ
1237 5942 1412 6008 τέλος,
1453 5941 1547 5996 καὶ
1583 5939 1737 6014 ζήτει
1766 5924 1948 5996 τοῦτο.

1978 4632 2028 4692 D

2139 2954 2296 3012 CAP.
2333 2953 2422 3010 Vl.
2455 2985 2522 2997 -—
2572 2954 2698 3024 Qui,
2745 2964 2795 3009 et
2826 2956 2918 3010 ubi
2950 2957 3261 3012 ordinentur
3292 2959 3544 3030 episc0pi,
3576 2969 3672 3014 aut

2058 3051 2259 3117 clerici,
2317 3061 2364 3105 et
2413 3051 2459 3105 si
2509 3051 2794 3106 ordinatus
2850 3069 2944 3123 per
3007 3051 3247 3108 libellum
3299 3055 3670 3125 episcopatum

2057 3153 2286 3199 recuset.

2130 3331 2518 3403 Apostolorum
2544 3347 2723 3388 canon
2758 3336 2810 3398 1,
2842 3333 2898 3400 2,
2931 3333 3038 3401 35;
3071 3333 3292 3389 concilii
3341 3330 3548 3388 Nicami
3578 3348 3673 3389 ca-

2060 3441 2172 3479 non
2201 3425 2257 3488 4,
2313 3425 2530 3480 concilii
2560 3426 2894 3482 Antiocheni
2925 3441 3109 3481 canon
3159 3427 3249 3486 15.
3288 3425 3376 3492 19,
3407 3426 3500 3492 22,
3530 3441 3669 3481 con—

2061 3518 2170 3574 cilii
2219 3518 2518 3575 Laodiceni
2546 3535 2725 3575 canon
2751 3521 2806 3586 5,
2831 3519 2933 3587 12;
2960 3520 3177 3576 concilii
3209 3519 3467 3590 Ephesini
3493 3535 3668 3575 canon

2058 3611 2113 3673 8,
2146 3622 2198 3668 et
2225 3613 2454 3682 epistola
2505 3612 2573 3668 ad
2603 3613 3011 3683 Pamphiliense
3043 3613 3340 3669 concilium
3387 3610 3606 3684 [missa]
3652 3628 3669 3676 ;

2061 3705 2282 3761 concilii
2316 3705 2664 3762 Sardicensis
2694 3721 2871 3760 canon
2901 3704 2968 3772 6;
2998 3705 3218 3781 concilii
3246 3705 3671 3760 Chalcedonen—

2063 3801 2142 3856 sis
2171 3815 2346 3856 canon
2383 3798 2485 3867 28;
2515 3799 2737 3854 concilii
2769 3797 3225 3869 Carthaginensis
3245 3811 3422 3852 canon
3458 3797 3545 3858 15,
3574 3795 3668 3880 18,

2061 3893 2151 3958 49,
2195 3892 2284 3958 56,
2331 3891 2440 3959 98;
2497 3891 2716 3947 concilii
2761 3891 2900 3947 sexti
2951 3905 3126 3945 canon
3174 3889 3265 3953 55,
3295 3888 3360 3943 57
3394 3905 3408 3955 ;
3442 3887 3668 3943 concilil

2061 3983 2269 4040 Nicaani
2296 3981 2524 4038 secundi
2564 3997 2740 4038 canon
2769 3982 2845 4049 2;
2895 3980 3113 4036 concilii
3141 3980 3307 4051 primi
3343 3989 3398 4035 et
3425 3979 3656 4034 secundi

2060 4073 2541 4144 ConstantinOpoli
2597 4073 2652 4127 in
2729 4073 2843 4128 aede
2881 4085 3204 4128 sanctorum
3259 4072 3654 4140 Apostolorum

2063 4169 2239 4224 coacti
2293 4183 2473 4222 canon
2533 4167 2598 4221 16
2627 4184 2641 4234 ;
2673 4165 2863 4221 Basilii
2885 4166 3121 4236 epistola
3153 4166 3218 4219 ad
3261 4165 3492 4220 ditionis
3545 4180 3664 4219 suae

2063 4263 2378 4333 episcopos,
2406 4261 2592 4334 Cyrilli
2625 4276 2693 4314 ex
2723 4259 2953 4330 cpistola
2981 4258 3049 4313 ad
3081 4257 3348 4312 Domuum
3405 4272 3580 4312 canon
3614 4257 3666 4318 1,

2062 4359 2120 4425 5;
2145 4355 2333 4427 Cyrilli
2361 4371 2427 4412 ex
2448 4354 2678 4423 epistola
2707 4353 2772 4409 ad
2805 4352 3091 4423 episcopos
3118 4351 3304 4422 Libya:
3325 4358 3380 4404 et
3403 4350 3674 4419 Pentapo-

2060 4453 2130 4506 lis
2155 4467 2332 4506 canon
2385 4451 2435 4517 1,
2494 4451 2568 4516 5;
2615 4447 2904 4519 TheOphili
2955 4463 3025 4503 ex
3080 4443 3510 4501 commonitorio
3571 4457 3669 4497 ca-

2065 4559 2175 4600 non
2205 4545 2261 4601 5.

2129 4731 2347 4788 Textus.
2391 4731 2512 4786 Lib.
2556 4729 2693 4786 Cod.
2727 4732 2778 4794 1,
2817 4731 2902 4786 til.
2946 4730 3012 4796 5,
3042 4727 3266 4784 constit.
3310 4725 3400 4792 12,
3441 4722 3531 4790 50,
3571 4721 3665 4789 ιε,

2052 4825 2146 4892 47,
2177 4825 2265 4894 52,
2297 4834 2353 4881 et
2378 4825 2462 4880 tit.
2501 4826 2520 4879 1
2567 4822 2915 4880 Novellarum
2949 4821 3174 4878 constit.
3205 4822 3262 4886 1,
3288 4820 3324 4874 2
3354 4827 3409 4875 et
3433 4817 3524 4873 17.

2125 5008 2419 5064 Scholium.
2456 5005 2694 5064 Constit.
2753 5005 2843 5070 12,
2880 5005 2971 5070 50,
3008 5003 3100 5065 42,
3134 5003 3224 5068 47,
3255 5002 3325 5056 52
3374 5001 3459 5055 tit.
3488 4999 3540 5065 1,
3567 4998 3664 5053 lib.

2057 5119 2068 5156 I
2096 5145 2109 5166 ,
2144 5102 2284 5156 Cod.
2316 5102 2366 5154 in
2399 5099 2566 5157 Basil.
2599 5116 2706 5153 non
2742 5107 2872 5153 sunt
2913 5098 3122 5167 positae.
3153 5096 3374 5150 Primus
3404 5107 3539 5148 vero
3578 5093 3664 5148 tit.

2051 5194 2423 5257 Novellarum,
2486 5189 2925 5264 ejusdemquel,
2961 5191 2998 5245 2
3051 5199 3107 5245 ct
3161 5188 3230 5244 17
3280 5186 3505 5244 constit.
3535 5183 3668 5240 sunt

2053 5289 2109 5344 in
2147 5286 2391 5342 Novellis
2412 5284 2710 5342 Iustiniani
2738 5283 2803 5348 6,
2833 5283 2939 5339 125
2971 5291 3026 5338 et
3051 5281 3180 5340 157.
3207 5278 3432 5334 Interim
3469 5276 3524 5341 6,
3555 5289 3664 5329 non

2052 5381 2224 5438 estin
2274 5379 2441 5437 Basil.
2485 5380 2689 5452 posita.
2734 5377 2840 5434 125
2873 5391 3007 5432 vero
3059 5385 3147 5431 est
3203 5390 3327 5445 cap.
3361 5373 3417 5436 9,
3483 5370 3574 5424 tit.
3606 5369 3662 5432 1,

2054 5478 2149 5549 εει).
2184 5493 2267 5543 ιιι,
2315 5473 2460 5546 quod
2516 5489 2546 5529 a
2581 5473 2742 5527 nobis
2797 5471 3037 5543 positum
3089 5475 3176 5524 est
3209 5466 3265 5521 in
3298 5480 3418 5536 cap.
3459 5462 3492 5518 5
3522 5475 3663 5531 pra:-

2053 5570 2225 5627 sentis
2285 5567 2368 5622 tit.
2425 5567 2572 5637 quod
2605 5579 2843 5637 qureras.
2902 5559 3128 5618 Novella
3187 5566 3369 5612 autem
3431 5553 3530 5609 157
3577 5558 3663 5606 est

2053 5678 2175 5732 cap.
2211 5660 2265 5725 8,
2301 5660 2384 5715 tit.
2422 5659 2474 5720 1.
2509 5659 2604 5713 lib.
2641 5672 2724 5722 Ill,
2749 5657 2892 5728 quod
2922 5665 3207 5724 aspersum
3237 5658 3325 5704 est
3351 5663 3410 5699 sc
3427 5643 3574 5700 holio
3601 5637 3656 5708 8,

2052 5771 2176 5826 cap.
2221 5751 2507 5827 praesentis
2565 5751 2648 5807 tit.
2683 5751 2828 5806 circa
2887 5750 3073 5811 tinem,
3113 5742 3259 5814 quod
3292 5740 3456 5796 ctiam
3501 5751 3656 5808 qua:-

2056 5862 2166 5904 T35.
