4146 6438
580 362 696 429 '991

1745 384 2010 449 PHOTII
2038 389 2170 453 ΡΛἸ

2276 396 2548 460 ARCIUE
2588 401 2695 464 (ΖΡ.
3804 423 3901 487 9ηέ

593 515 608 528 .
664 472 963 534 CAP.Vll.
1011 511 1083 526 —
1135 483 1458 545 Etcctionem
1509 495 1848 551 sacerdotum
1876 503 2170 568 promiscua

593 565 732 606 n’plu'
765 575 1174 606 οιονηιὶηη...ι1.η..
1356 602 1457 606 -_,_

2374 513 2624 568 ΚΕΦΑΛ.
2652 517 2725 570 Ζ’.
2776 546 2827 557 -
2859 518 2998 588 Περὶ
3053 521 3162 578 τοῦ
3207 524 3293 594 μὴ
3328 527 3486 597 χρῆν
3523 529 3665 600 τοῖς
3701 533 3898 606 ὄχλοις

591 565 732 637 plebi
762 575 1177 641 permittendum
1213 599 1316 637 non
1345 602 1478 641 esse.

656 685 888 743 Concilii
942 689 1302 753 Laodicensis
1354 714 1530 756 canon
1562 702 1664 770 13;
1715 707 1937 762 concilii
1984 707 2192 766 Nicteni

591 779 821 834 secundi
849 797 1027 838 canon
1061 786 1115 839 5.

660 895 817 951 CAP.
861 897 996 957 Vlll.
1034 930 1104 944 -ο
1136 902 1214 959 De
1262 911 1703 984 contradictione,
1735 934 1854 987 qua:
1879 920 1931 974 in
1960 922 2192 993 episcopi

580 987 928 1052 ordinatione
951 996 1034 1064 ﬁt.

653 1105 886 1191 Con'cilii
921 1111 1251 1172 Antiocheni
1292 1136 1469 1178 canon
1504 1123 1612 1191 19;
1671 1129 1892 1185 concilii
1951 1131 2188 1190 Cartha-

584 1195 828 1266 gincnsis
851 1215 1026 1259 canon
1060 1207 1150 1272 49,
1183 1210 1272 1267 55.

654 1309 874 1372 Ter-tus.
906 1316 1016 1374 Tit.
1060 1323 1085 1376 1
1121 1320 1496 1397 Novellarum,
1532 1344 1713 1391 const.
1749 1337 1802 1402 1,
1836 1339 1891 1407 Ξ,
1931 1340 2019 1406 17,
2055 1353 2187 1409 etc.,

590 1421 756 1478 usque
793 1410 866 1464 ad
899 1422 954 1468 et
1005 1419 1305 1486 praesulum
1335 1419 1910 1504 [monasteriorum],
1960 1443 2021 1489 ut
2061 1452 2188 1509 pag.

573 1501 704 1559 495.

644 1611 941 1672 Scholium.
995 1619 1238 1680 Constit.
1277 1626 1326 1692 Ι,
1382 1629 1468 1684 tit.
1508 1630 1938 1704 iNovellarnm,
1970 1649 2055 1695 est
2093 1657 2191 1697 no-

571 1704 711 1760 vella
765 1706 1063 1767 Iustiniani
1103 1715 1160 1779 6,
1202 1733 1325 1788 quae
1391 1721 1446 1776 in
1482 1721 1650 1780 Basil.
1712 1745 1819 1785 non
1851 1743 1934 1788 est
1980 1739 2186 1806 posita.

572 1795 809 1853 Constit.
840 1799 875 1853 2
906 1802 1156 1872 ejusdem
1216 1809 1358 1866 itit.
1404 1811 1778 1884 Novellarum,
1827 1833 1913 1879 est
1964 1795 2180 1888 novella

569 1886 870 1950 Justiniani
913 1897 1036 1954 ΗΞ.
1066 1899 1203 1957 Illud
1231 1919 1362 1959 vero
1390 1907 1514 1977 ejus
1559 1923 1728 1982 caput
1762 1917 1926 1973 etiam
1961 1939 2067 1978 non
2099 1936 2188 1982 est
2223 1919 2261 1972 Β

573 1980 815 2048 positum
873 1985 926 2040 in
982 1986 1142 2044 Basil.
1192 1997 1418 2052 constit.
1476 2000 1587 2068 17,
1630 1980 1721 2060 est
1759 2011 1974 2065 novella
2005 2011 2182 2071 Justi-

568 2075 722 2130 niani
762 2077 880 2142 I25,
915 2083 1092 2150 posita
1162 2085 1308 2158 [qum
1345 2090 1453 2163 ρει]
1489 2094 1542 2150 in
1581 2096 1678 2151 lib.
1715 2115 1776 2155 Ill
1807 2099 1974 2160 Basil.
2009 2107 2090 2162 tit.
2126 2109 2179 2178 1,

568 2182 692 2237 cap.
733 2169 789 2236 8,
825 2175 970 2242 quod
1003 2176 1150 2234 hunc
1189 2181 1240 2235 in
1278 2185 1502 2241 modum
1551 2189 1715 2246 habet
1750 2211 1765 2247 :
1807 2195 2082 2256 Caeterum
2129 2204 2178 2259 si

571 2263 698 2330 quis
731 2278 924 2322 contra
958 2285 1083 2324 eum
1120 2274 1211 2343 qui
1245 2277 1560 2351 episcopus,
1597 2295 1692 2340 aut
1723 2290 2033 2362 presbyter,
2076 2307 2181 2351 aut.

569 2354 860 2426 diaconus,
908 2372 1003 2418 aut
1041 2367 1188 2423 alins
1215 2370 1475 2437 clericus,
1507 2386 1603 2431 aut
1633 2379 1799 2434 etiam
1821 2371 2020 2452 praesul
2054 2403 2175 2441 mo—

566 2453 796 2507 nasterii
825 2458 1166 2518 ordinandus
1211 2475 1315 2531 est,
1374 2471 1783 2529 accusationem
1823 2479 2062 2549 aliquam
2095 2483 2179 2538 in-

565 2539 762 2596 stituat
793 2559 1126 2618 quacunque
1161 2553 1228 2607 de
1262 2570 1454 2624 causa,
1488 2577 1612 2630 qure
1665 2567 1840 2636 possit
1869 2573 2174 2630 secundum

568 2632 716 2700 leges
767 2651 862 2692 aut
911 2656 1153 2700 canones
1212 2649 1335 2719 ejus
1391 2652 1658 2724 impedire
1721 2662 2173 2724 ordinationem:

565 2723 815 2782 (lill'ertor
887 2731 1204 2803 lmjusmodi
1285 2723 1619 2816 ordinatio,
1677 2760 1732 2806 et
1815 2753 2180 2827 interponitur

562 2818 719 2887 prius
770 2826 1110 2882 examinatio
1192 2837 1566 2895 accusationis
1607 2857 1621 2895 :
1685 2856 1956 2912 praesente
2006 2851 2172 2906 etiam

567 2923 912 2984 accusatore,
966 2929 1020 2976 et
1057 2938 1121 2977 ea
1179 2941 1301 2994 qua:
1357 2930 1427 2984 ab
1487 2932 1610 3003 ipso
1660 2935 1712 2990 in
1743 2941 1954 2996 crimen
1985 2944 2168 3001 delata

563 3014 718 3074 sunt,
750 3009 817 3064 ad
859 3014 1155 3069 terminum
1183 3034 1361 3089 usque
1394 3038 1786 3097 persequente.
1817 3031 1932 3089 lmo
1967 3050 2165 3105 qnam-

559 3098 643 3153 vis
676 3112 967 3158 accusator
1003 3121 1064 3161 se
1093 3109 1365 3178 absentet,
1399 3124 1495 3169 aut
1523 3135 1704 3176 moras
1727 3133 1928 3190 nectat,
1965 3128 2167 3183 nihilo-

558 3188 743 3245 minus
767 3191 847 3247 sic
873 3209 1095 3266 quoque
1132 3199 1177 3254 is
1207 3203 1302 3271 qui
1351 3207 1759 3267 ordinationem
1789 3213 2036 3276 facturus
2061 3228 2166 3287 est,

559 3278 707 3334 intra
734 3297 955 3341 menses
989 3297 1099 3344 tres
1150 3295 1566 3355 exactissimam
1614 3317 1678 3358 ea
1717 3305 1786 3362 de
1815 3324 1874 3366 re
1902 3313 2172 3380 quzestio-
2200 3303 2245 3363 C

559 3374 938 3443 nemlliabeto.
995 3379 1062 3434 Et
1085 3383 1131 3438 si
1165 3387 1389 3454 quidem
1423 3405 1551 3446 cum
1586 3397 1678 3465 qni
1715 3401 2078 3458 accusatione
2113 3406 2168 3460 in

557 3464 769 3522 crimen
828 3480 1057 3528 vocatus
1092 3474 1218 3544 fuit,
1246 3480 1365 3538 sive
1414 3489 1723 3544 secundum
1763 3508 1956 3551 sacros
1995 3511 2168 3551 canu-

555 3571 678 3621 nes,
713 3560 830 3617 sive
879 3568 1187 3625 secundum
1237 3584 1460 3633 nostras
1492 3578 1639 3650 leges
1687 3584 1986 3643 obnoxium
2018 3591 2170 3648 inve-

555 3651 722 3716 nerit,
773 3657 1098 3725 prohibetor
1154 3666 1449 3726 ordinatio.
1510 3674 1565 3728 Si
1623 3691 1752 3731 vero
1780 3679 2040 3739 innoxius
2067 3701 2164 3756 ap-

555 3746 821 3815 paruerit,
884 3752 1195 3811 celebrator
1239 3763 1537 3833 ordinatio,
1581 3768 1700 3825 sive
1751 3786 2020 3841 praesente
2046 3779 2165 3835 sive

553 3835 782 3896 absente
834 3856 1179 3906 accusatore.
1233 3853 1546 3915 Accusator
1591 3872 1799 3933 autem,
1833 3868 1878 3923 si
1915 3884 2159 3937 prazsens

555 3943 667 3984 non
748 3936 1084 4007 probaverit,
1145 3946 1260 4002 sive
1314 3947 1654 4018 [institutam
1715 3962 2154 4038 accusationem]

551 4019 865 4082 deseruerit
896 4047 910 4084 :
947 4033 1241 4103 siquidem
1294 4041 1534 4100 clericus
1579 4049 1674 4114 sit,
1729 4051 1953 4122 proprio
1983 4057 2156 4126 gradu

549 4111 878 4188 depellitor;
935 4124 982 4178 si
1030 4125 1248 4194 laicus,
1306 4147 1709 4205 competentem
1764 4145 2158 4202 coercitionem

548 4207 840 4266 sustinete.
881 4214 952 4270 At
1004 4219 1051 4273 si
1107 4223 1233 4292 quis
1259 4240 1585 4285 accusatum
1639 4243 1767 4289 ante
1790 4239 2158 4296 examinatio-

548 4315 676 4355 nem
759 4306 1148 4369 ordinaverit:
1210 4327 1322 4374 tam
1377 4323 1472 4392 qui
1533 4325 1833 4394 ordinavit,
1863 4346 2026 4400 quam
2058 4334 2154 4404 qui

547 4393 834 4456 ordinatus
873 4413 974 4469 est,
1024 4416 1254 4480 uterque
1289 4418 1599 4474 sacerdotio
1653 4420 1960 4492 depellitor.
2015 4424 2153 4481 Nota

550 4495 734 4544 autem
764 4508 1089 4561 praesentem
1117 4506 1412 4574 novellam,
1442 4513 1588 4580 quod
1619 4528 1746 4568 eum
1778 4517 1874 4587 qui
1913 4517 2156 4588 episc0pi

546 4581 947 4644 ordinationem
990 4595 1361 4656 calumniandi
1405 4605 1592 4662 animo
1634 4608 1964 4678 impedierit,
2033 4627 2154 4682 per-

546 4683 723 4742 petuae
775 4692 1333 4750 excommunicationi
1374 4700 1650 4768 subjiciat.
1685 4701 1842 4770 Quod
1883 4721 2015 4761 sane
2057 4722 2157 4759 no-

547 4779 675 4820 vum
736 4781 842 4837 est,
903 4786 959 4833 et
1017 4793 1299 4852 propterea
1370 4793 1534 4846 etiam
1585 4794 1928 4866 abrogatum.
1970 4797 2156 4870 Neque

545 4855 694 4912 enim
731 4865 945 4921 novella
973 4867 1269 4930 Justiniani
1296 4879 1350 4942 6,
1384 4897 1560 4952 neque
1593 4886 1689 4939 125
1721 4855 1946 4943 novellae
1972 4889 2155 4960 [illud]

544 4961 728 5020 caput,
770 4960 918 5026 quod
953 4977 1332 5026 accusatorem
1376 4984 1532 5031 extra
1581 4979 1921 5046 provinciam
1960 4984 2011 5038 in
2041 5000 2149 5054 qua

544 5043 776 5115 habitat,
806 5053 928 5122 cjici
955 5060 1223 5132 praecipit,
1271 5065 1324 5118 in
1367 5066 1532 5124 Basil.
1572 5043 1791 5144 recitpta
1832 5085 1981 5132 sunt.
2041 5043 2145 5134 Sed

542 5138 833 5212 benignius
878 5148 1125 5218 ejusdem
1175 5158 1400 5215 novellm
1455 5173 1661 5234 caput,
1720 5169 1867 5238 quod
1919 5171 2084 5227 talem
2132 5176 2252 5231 calu

539 5235 794 5304 clericus,
832 5242 1216 5314 deponendum
1239 5255 1425 5313 statuit
1467 5235 1768 5332 [receptum
1799 5263 1924 5339 est].
1998 5280 2015 5326 ε

611 5347 780 5404 Aliud
809 5355 1091 5413 sclwlium.
1129 5360 1284 5428 Quod
1320 5367 1459 5423 intra
1498 5378 1610 5426 tres
1636 5389 1856 5431 menses
1885 5376 2144 5436 introdu-

543 5448 688 5498 ctam
741 5445 1009 5507 advcrsus
1073 5455 1441 5516 ordinandum
1511 5468 1956 5534 accusationem,
2027 5476 2143 5530 sive

2301 602 2648 675 ἐπιτρέπειν
2686 610 2800 676 τὴν
2821 611 2941 666 τῶν
2970 614 3173 682 ἱερέων
3197 617 3514 691 ἐπιλογήν.

2367 717 2597 773 Σννόδου
2648 723 2972 790 Λαοδικείας
3007 727 3189 781 κανὼν
3245 729 3353 800 ty"
3405 733 3632 790 συνόδου
3674 736 3899 806 Νικαίας

2295 809 2358 864 τὸ
2392 808 2436 882 β’
2473 814 2658 868 κανὼν
2685 813 2756 882 γ’.

2329 927 2623 989 ΡΚΕΦΑΛ.
2653 934 2736 990 H'.
2773 966 2836 980 —
2863 939 3003 1008 Περὶ
3031 939 3144 1010 τῆς
3183 943 3518 1014 γενομένης
3547 947 3899 1020 ἀντιλογίας

2293 1021 2394 1075 ἐπὶ
2427 1022 2502 1092 τῇ
2522 1029 2862 1098 χειροτονίᾳ
2884 1031 2991 1086 τοῦ
3025 1033 3394 1094 ἐπισκόπου.

2366 1138 2594 1196 Συνόδου
2649 1145 2988 1218 Ἀντιοχείας
3038 1151 3222 1208 κανὼν
3264 1155 3330 1210 ιθ’
3357 1173 3373 1188 ο
3425 1159 3654 1215 συνόδου
3686 1164 3901 1236 Καρθαο

2294 1228 2494 1302 γέννης
2532 1235 2713 1290 κανὼν
2768 1237 2877 1310 μθ’.

2364 1345 2674 1414 Κείμενον.
2708 1349 2897 1416 Τίτλος
2928 1370 2964 1407 α
3004 1353 3118 1408 τῶν
3142 1356 3398 1430 Νεαρῶν,
3449 1359 3702 1429 διάταξις
3725 1364 3796 1432 α’,
3834 1365 3898 1437 β’.

2299 1437 2388 1502 ιζ’,
2414 1457 2470 1496 κ.
2506 1457 2559 1496 τ.
2588 1441 2639 1497 λ.
2678 1459 2856 1516 usque
2883 1448 2974 1516 ad,
3008 1449 3398 1524 κληρικῶνκαὶ
3433 1457 3766 1514 ἐπισκόπων
3803 1462 3892 1515 καὶ

2294 1534 2429 1604 ήγου
2439 1534 2642 1604 μένων.

2365 1652 2646 1722 Σχόλιον.
2685 1654 2752 1710 Ἦ
2783 1655 2831 1712 α’
2858 1658 3004 1716 διάτ.
3042 1661 3138 1718 τοῦ
3162 1662 3212 1718 α’
3243 1683 3349 1722 τιτ.
3385 1667 3494 1722 τῶν
3518 1670 3760 1741 Νεαρῶν
3789 1675 3898 1727 ἐστι

2293 1746 2465 1816 νεαρὰ
2497 1747 2934 1814 Ίουστινιάνειος
2966 1761 3044 1819 ς’,
3076 1757 3198 1827 ἥτις
3251 1758 3353 1812 οὐκ
3393 1761 3555 1832 ἐτέθη
3589 1765 3676 1828 είς
3711 1765 3782 1818 τὰ
3803 1766 3898 1818 Βα-

2294 1838 2499 1897 σιλικά.
2556 1842 2621 1896 Ἦ
2682 1841 2727 1915 β’
2765 1844 3011 1912 διάταξις
3049 1849 3146 1903 τοῦ
3196 1851 3362 1906 αὐτοῦ
3396 1855 3505 1910 τίτ.
3529 1855 3644 1911 τῶν
3671 1858 3896 1930 Νεαρῶν

2292 1933 2409 1987 ἐστι
2472 1937 2644 2008 νεαρὰ
2702 1939 3140 2008 ’ῐουστινιάνειος
3187 1945 3327 2017 ρκγ’,
3351 1947 3511 2001 τοῦτο
3544 1950 3603 2004 δὲ
3635 1951 3812 2023 αὐτῆς
3842 1954 3898 2006 τὸ

2294 2043 2420 2093 κεφ.
2465 2029 2568 2082 οὐκ
2608 2030 2768 2100 ἐτέθη
2814 2035 2896 2097 είς
2921 2035 2990 2090 τὰ
3012 2036 3302 2094 Βασιλικά.
3352 2039 3422 2094 Ἦ
3469 2039 3534 2108 ιζ’
3570 2043 3716 2100 διάτ.
3755 2048 3898 2099 ἐστιν

2292 2119 2464 2188 νεαρὰ
2507 2120 2941 2190 Ἰουστινιάνειος
3005 2129 3152 2198 ρκγ“,
3215 2133 3445 2205 κειμένη
3486 2137 3545 2188 ὲν
3599 2135 3799 2209 βιϐλίῳ
3852 2138 3894 2205 γ’

2289 2211 2400 2265 τῶν
2430 2213 2761 2283 Βασιλικῶν,
2786 2218 2892 2274 τίτ.
2917 2218 2989 2286 α’,
3027 2239 3152 2289 κεφ.
3190 2221 3264 2293 η’,
3301 2223 3477 2290 οὕτως
3506 2227 3714 2298 έχοντι’
3753 2232 3815 2284 ΕΞ
3841 2231 3893 2285 δέ

2289 2319 2376 2368 τις
2401 2308 2744 2379 κατηγορίαν
2775 2312 2979 2384 ποιήσῃ
3009 2314 3137 2368 τινὰ
3171 2317 3315 2369 κατὰ
3347 2318 3441 2372 τοῦ
3463 2319 3758 2390 μέλλοντος
3784 2340 3893 2392 χει-

2292 2399 2634 2467 ροτονεῖσθαι
2673 2401 2999 2470 ἐπισκόπου,
3034 2405 3067 2476 ἢ
3103 2409 3506 2481 πρεσϐυτέρου,
3535 2413 3568 2484 ἢ
3614 2414 3885 2479 διακόνου,

2288 2489 2322 2562 ἢ
2352 2490 2515 2545 ἄλλου
2546 2493 2836 2566 κληρικοῦ,
2875 2499 2973 2551 καὶ
3004 2499 3313 2572 ἡγουμένου
3362 2505 3448 2574 ἐφ’
3481 2506 3781 2580 οίᾳδὴποτε
3803 2510 3885 2562 αξ-

2285 2583 2401 2655 τίᾳ,
2435 2585 2827 2642 ἀναϐαλλέσθω
2858 2591 2891 2661 ή
2921 2592 3149 2664 τοιαύτη
3173 2597 3502 2666 χειροτονία,
3541 2601 3643 2657 ,καὶ
3661 2601 3889 2670 γινέσθω

2287 2676 2559 2746 πρότερον
2598 2677 2850 2745 ἐξέτασις
2919 2682 3020 2753 τῆς
3078 2687 3422 2761 κατηγορίας
3485 2691 3764 2762 παρόντος
3797 2693 3885 2746 τοῦ

2286 2769 2602 2839 κατηγόρου
2636 2772 2731 2825 καὶ
2758 2773 3074 2840 ἐπεξιόντος
3125 2780 3240 2843 τοῖς
3287 2780 3422 2852 παρ’
3449 2783 3616 2837 αὐτοῦ
3644 2801 3884 2856 προσαγ-

2283 2860 2582 2929 γελθεῖσὶν.
2674 2866 2739 2918 El
2813 2866 2872 2920 δὲ
2931 2869 3401 2940 ἁπολιμπάνοιτο,
3444 2875 3477 2947 ἦ
3532 2876 3883 2933 ἀναδάλλοιτσ

2283 2953 2312 3005 ὁ
2337 2956 2669 3026 κατήγορος,
2702 2957 2797 3012 καὶ
2838 2958 3015 3024 οὕτως
3061 2963 3088 3014 ό
3122 2963 3223 3034 τὴν
3285 2967 3626 3036 χειροτονίαν
3681 2971 3882 3041 μέλλων

2283 3047 2459 3098 ποιεῖν
2503 3046 2733 3118 ζήτησιν
2794 3052 3203 3127 ἀκριϐεστάτην
3253 3059 3496 3113 ποείσθω
3542 3063 3734 3133 μηνῶν
3760 3064 3882 3116 εἵσω

2279 3140 2470 3208 τριῶν,
2503 3143 2599 3194 καὶ
2639 3145 2688 3196 εἰ
2751 3145 2851 3214 μὲν
2886 3146 3191 3202 ὑπεύθυνον
3230 3150 3367 3224 εὕρῃ
3398 3152 3491 3205 τὸν
3518 3153 3617 3225 τὴν
3649 3171 3880 3226 κατηγο-

2284 3232 2405 3302 ρίαν
2442 3233 2817 3303 ὑπομείναντα
2889 3237 3001 3292 είτε
3056 3240 3199 3295 κατὰ
3250 3245 3378 3306 τοὺς
3414 3243 3594 3309 θείους
3625 3247 3873 3312 κανόνας,

2281 3323 2392 3377 εἴτε
2424 3327 2567 3380 κατὰ
2592 3328 3056 3406 τοὺςςήμετέρους
3088 3333 3289 3404 νόμους
3315 3337 3609 3392 κωλυέσθω
3640 3342 3670 3412 η
3701 3357 3873 3413 χειρο-

2280 3417 2456 3474 τονία.
2509 3420 2571 3474 El
2631 3420 2689 3474 δὲ
2745 3423 3043 3490 ἀνεύθυνος
3093 3428 3288 3500 φανείη
3335 3430 3448 3484 εἴτε
3479 3433 3754 3504 παρόντος
3787 3431 3872 3486 τοῦ

2279 3511 2592 3585 κατηγόρου
2619 3514 2652 3585 ἢ
2680 3515 2776 3568 καὶ
2794 3516 3028 3581 ἀπόντος
3083 3520 3320 3589 γινέσθω
3357 3523 3391 3594 ἡ
3442 3527 3772 3596 χειροτονία.
3817 3527 3872 3578 Ὀ

2277 3600 2336 3654 δὲ
2393 3603 2704 3676 κατήγορος
2765 3607 2876 3662 είτε
2931 3609 3127 3684 παρὼν
3178 3613 3252 3684 μὴ
3291 3615 3711 3688 ἀποδείξῃ,εἰ’τε
3737 3618 3869 3672 ἀπο-

2277 3695 2478 3771 φεύγῃ,
2510 3701 2558 3752 εἰ
2595 3699 2696 3770 μὲν
2720 3701 2984 3772 κληρικὺς
3040 3704 3128 3775 εῐη
3178 3706 3487 3772 ἐξωθείσθω
3531 3712 3626 3764 τοῦ
3676 3713 3868 3766 οἰκείου

2277 3785 2515 3858 βαθμοῦ,
2549 3790 2597 3843 εί
2637 3789 2695 3844 δὲ
2727 3791 2918 3857 λαῖκδς
2959 3793 3046 3865 εἴη
3114 3795 3209 3849 τὸν
3261 3800 3610 3870 προσήκοντα
3663 3816 3866 3870 ato-opo-

2274 3880 2468 3950 νισμδν
2535 3882 2877 3954 ὑπομενέτω.
2928 3886 2992 3938 Εἰ
3046 3886 3104 3940 δέ
3160 3905 3247 3952 τις
3285 3891 3394 3960 πρὸ
3443 3889 3746 3958 ἐξετάσεως
3781 3893 3865 3946 τὸν

2275 3975 2732 4044 κατηγορηθέντα
2763 3979 3144 4054 χειροτονήσῃ,
3190 3981 3279 4035 ὅτε
3311 3987 3707 4058 χειροτονήσας
3732 3986 3860 4041 καὶὸ

2274 4066 2679 4138 χειροτονηθεὶς
2702 4073 2801 4141 τῆς
2835 4071 3138 4144 ἱερωσύνης
3155 4075 3527 4134 ὲκόαλλέσθω.
3552 4081 3858 4152 Σημείωσαι

2270 4155 2373 4227 τὴν
2408 4157 2695 4230 παροῦσαν
2757 4163 2958 4235 νεαρὰν
3019 4165 3260 4238 διηνεκεῖ
3291 4171 3587 4243 ὰφορισμῷ
3625 4173 3856 4227 καθυπο-

2273 4247 2577 4306 6άλλουσαν
2632 4252 2722 4307 τὸν
2772 4263 3147 4333 συκοφαντικῇ
3213 4261 3358 4334 ψυχῇ
3413 4263 3738 4321 κωλύσαντα
3769 4264 3854 4334 τὴν

2269 4341 2365 4395 τοῦ
2397 4343 2701 4398 ἐπισκόπου
2732 4349 3091 4417 χειροτονίαν.
3141 4352 3324 4427 Ὅπερ
3370 4357 3490 4410 ἐστὶ
3547 4359 3732 4413 καινὸν
3771 4356 3852 4411 καὶ

2270 4434 2358 4489 διὰ
2409 4435 2568 4490 τοῦτο
2620 4439 2715 4492 καὶ
2772 4443 3039 4515 ἀνῃρέθη.
3083 4446 3205 4500 Ἔτι
3252 4450 3561 4520 σημείωσαι
3603 4453 3686 4506 ὅτι
3740 4451 3850 4506 οὗτε

2271 4531 2388 4603 ἡς⁹
2423 4535 2593 4608 νεαρὰ
2628 4536 2725 4590 τοῦ
2767 4538 3150 4594 Ἰουστινιανοῦ
3202 4542 3235 4614 ή
3287 4542 3526 4610 διηνεκεῖ
3573 4541 3848 4618 ἀφορισμῷ

2269 4624 2360 4678 τὸν
2417 4629 2726 4701 κατήγορον
2791 4633 3281 4689 καθυποὸάλλουσα
3328 4635 3454 4689 οὔτε
3501 4637 3561 4691 τὸ
3609 4639 3707 4710 τῆς
3747 4640 3847 4709 ptri"

2193 4697 2235 4753 ί)
2263 4718 2465 4788 νεαρᾶς
2502 4697 3030 4793 κεφίδιοριξόμενον
3075 4724 3433 4779 ἐκϐάλλεσθαι
3467 4725 3569 4797 τῆς
3596 4697 3846 4799 ἐπαρχίας

2266 4797 2298 4875 ᾖ
2323 4805 2526 4860 ἐνοικεῖ
2549 4809 2644 4862 τὸ)
2671 4811 3000 4881 κατήγορον,
3026 4812 3324 4885 ἐδέχθησαν
3365 4817 3447 4879 είς
3483 4816 3553 4869 τὰ
3575 4797 3842 4873 Βασιλικὰ.

2263 4896 2398 4950 ἀλλὰ
2433 4899 2493 4952 τὸ
2524 4900 3034 4976 φιλανθρωπότερον
3077 4924 3200 4974 κεφ.
3237 4907 3338 4977 τῆς
3375 4909 3546 4980 αὐτῆς
3579 4913 3770 4982 νεαρᾶς
3795 4906 3843 4959 τὸ

2259 4991 2628 5063 διοριζόμενον
2688 4997 2781 5050 τὸν
2832 4999 3078 5054 τοιοῦτον
3115 5003 3464 5076 συκοφάντην
3521 5004 3706 5058 λαῖκὸν
3759 5003 3842 5074 μὲν

2257 5082 2386 5137 ὄντα
2412 5087 2866 5158 σωφρονίζεσθαι,
2893 5090 3159 5164 κληρικὸν
3183 5093 3240 5148 δὲ
3272 5095 3673 5168 καθαιρεῖσθαι.

2261 5178 2606 5247 mniatorem,
2664 5184 2710 5238 si
2759 5184 2959 5255 laicus}
2989 5187 3081 5253 sit,
3119 5203 3244 5245 esse
3299 5191 3676 5264 castigandum
3721 5209 3732 5245 :
3769 5190 3841 5247 sin

2341 5388 2503 5443 Ἀλλὰ
2533 5390 2631 5446 καὶ
2677 5394 2737 5447 τὸ
2781 5395 2933 5461 ἐντὸς
2979 5399 3171 5470 μηνῶν
3195 5399 3365 5473 τριῶν
3424 5403 3716 5475 τέμνεσθαι
3751 5401 3836 5472 τὴν

2250 5481 2391 5535 κατὰ
2407 5481 2502 5536 τοῦ
2519 5487 2964 5559 χειροτονηθῆναι
2981 5492 3291 5562 ὀφείλοντος
3308 5496 3673 5569 εἰσαγομένην
3686 5512 3835 5563 κατη-

541 5547 810 5602 praesente
831 5539 948 5597 sive
977 5544 1207 5604 absente
1233 5564 1575 5624 accusatore,
1616 5559 1796 5616 decidi
1829 5561 2145 5639 [oporteat],

543 5629 782 5660 αηοιιῖηιη
809 5643 887 5660 Α...
943 5635 1154 5660 r..._._--1
1193 5658 1237 5660 _,
1269 5658 1282 5660 _
1336 5657 1344 5660 _
1867 5657 1900 5660 _,
2008 5659 2014 5660 ,

2521 5539 2551 5555 Α
2609 5539 2620 5556 ,
2717 5539 2724 5540 κ
2775 5539 3288 5562 νιν-ι-νννντντ---ν-*ν
3308 5539 3810 5569 --ν-ινι-νν-ινη-νη

2276 5575 2441 5647 ὀρίαν
2461 5577 2494 5649 ἢ
2515 5579 2781 5650 παρόντος
2797 5583 2890 5638 τοῦ
2909 5586 3219 5659 κατηγόρου
3249 5589 3397 5660 ῆκαὶ
3417 5591 3649 5656 ἀπόντος
3685 5588 3832 5644 ἰδικόν

531 5629 782 5702 ,δνθθίθιθ
807 5643 912 5704 es"
943 5635 1154 5714 [atque]
1192 5657 1416 5715 propter
1445 5651 1734 5708 utilitatem
1782 5629 2147 5719 ordinationis

546 5719 957 5754 i.mm..:......__1
1048 5735 1088 5754 η
1354 5742 1388 5754 ._
1802 5752 1810 5754 _

2386 5629 2393 5630 κ
2468 5629 2475 5630 κ
2637 5629 2779 5646 η--.
2806 5629 3031 5640 ---,.....
3092 5629 3118 5640 ν
3160 5629 3218 5641 υ-
3255 5629 3265 5642 ,
3302 5629 3648 5656 "uno"...
3685 5629 3828 5644 ..ηυντ

2280 5629 2364 5724 στι
2387 5629 2552 5726 διὰτὸ
2575 5629 2849 5747 χὲρήσιμον
2869 5677 2971 5750 τῆς
3001 5629 3361 5751 χεὶρεότονίας.
3395 5683 3623 5754 Νομίζω
3644 5683 3733 5738 οὖν
3760 5682 3830 5735 ὅτι

546 5719 979 5806 [constitutum].
1048 5735 1320 5796 Existimo
1353 5742 1539 5817 itaque
1606 5752 1947 5820 posteriores
1975 5756 2142 5830 leges,

544 5831 666 5886 qua:
693 5821 911 5896 triginta
943 5827 1137 5887 edictis
1162 5833 1368 5906 scripto
1413 5843 1831 5914 comprehensis
1858 5863 2146 5909 accusato-

2247 5762 2297 5815 οἱ
2324 5764 2780 5837 μεταγενέστεροι
2805 5769 2961 5841 νόμοι
3012 5773 3062 5828 οι
3089 5772 3452 5846 διοριζόμενοι
3479 5775 3566 5830 διὰ
3589 5791 3826 5848 τριακον-

2247 5855 2508 5930 θημέρων
2567 5861 3017 5934 ἑπιφωνημάτων
3054 5869 3483 5938 μετακαλεῖσθαι
3522 5871 3648 5936 τοὺς
3676 5881 3830 5936 xam-
