4146 6432
302 351 415 414 993

1328 345 1817 408 NOMOQANON.
1840 369 1910 382 -
1945 344 2095 406 ΤΙΤ.
2144 344 2195 418 Ι,
2228 345 2388 407 CAP.
2426 346 2648 409 VII-X.

3523 346 3629 412 994

306 464 510 535 γόρους
545 461 640 513 καὶ
671 458 741 513 τὰ
786 458 952 513 λοιπὰ
996 457 1065 512 τὰ
1100 458 1230 529 περὶ
1270 458 1597 530 κατηγόρων
1619 458 1918 529 νομοθετη-

2050 472 2111 512 es
2167 458 2478 514 evocandos
2539 473 2662 513 esse
2692 466 2969 526 statuunt,
3015 472 3082 514 ac
3110 458 3381 531 [insuper]
3420 461 3631 531 reliqua

308 553 479 607 Οέντα
508 552 609 607 οὐκ
650 551 835 622 ἔχουσι
875 549 1061 621 χώραν
1089 550 1181 603 ἐπὶ
1218 549 1314 603 τοῦ
1346 551 1615 621 παρόντος
1650 549 1907 619 θέματος.

310 646 382 699 Ei
407 646 517 715 γὰρ
546 644 731 716 δοθείῃ
765 640 921 696 τοῦτο
949 640 1204 713 σχολάσει
1242 640 1304 694 τὸ
1325 640 1573 709 γίνεσθαι
1597 642 1695 713 τὴν
1724 639 1915 707 ἐξέτα-

312 756 402 791 σιν
462 736 613 800 ἐντὸς
661 735 987 806 τριμηναίου
1033 732 1253 805 καιροῦ.
1300 732 1363 787 Ἦ
1423 734 1606 804 μέντοι
1662 733 1772 786 τῶν
1815 733 1911 799 ἐγ·-

310 832 544 903 γράφων
596 830 744 892 δόσις
773 828 1155 899 ἀπαραίτητος
1192 828 1511 897 γενήσεται,
1545 826 1641 881 τοῦ
1670 826 1915 896 κατηγό-

317 941 415 993 ρου
448 919 516 974 δι’
546 920 927 991 όλιγοημέρων
964 917 1303 989 μηνυμάτων
1328 918 1625 989 ἐγγράφων
1682 935 1917 989 μετακα-

315 1016 410 1069 λου
419 1015 603 1088 μένου.

394 1218 646 1273 ΚΕΦΑΛ.
684 1218 763 1273 θ’.
790 1247 863 1259 —--
899 1218 1043 1287 Περὶ
1087 1217 1197 1273 τοῦ
1249 1217 1478 1287 χρόνου
1507 1210 1582 1273 οὗ
1628 1213 1804 1281 ἐντός
1834 1212 1929 1269 δεῖ

319 1313 463 1379 τοὺς
495 1313 871 1378 ἐπισκόπους
910 1311 1402 1382 χειροτονεῖσθαι.

392 1407 621 1461 Συνόδου
675 1406 1021 1478 Χαλκηδόνος
1073 1405 1256 1460 κανὼν
1308 1403 1409 1459 κε’·
1464 1405 1685 1461 συνόδου
1716 1404 1771 1472 ς’
1819 1423 1923 1460 κα-

321 1499 429 1554 νὼν
464 1497 547 1554 ιδ’.

397 1593 713 1662 Κείμενον.
778 1591 842 1645 Ἦ
880 1589 924 1663 β’
955 1591 1101 1647 διάτ.
1157 1590 1252 1645 τοῦ
1284 1589 1331 1646 α’
1389 1591 1495 1647 τίτ.
1532 1591 1642 1645 τῶν
1688 1589 1925 1663 Neapth

326 1702 516 1755 φησιν,
551 1702 606 1740 κ.
644 1702 695 1740 τ.
740 1684 827 1753 λ.,
866 1700 1041 1756 usque
1066 1686 1132 1740 ad
1164 1684 1769 1757 παραφυλαττομένων.

2019 565 2143 620 qua:
2170 551 2238 605 de
2266 551 2685 606 accusatoribus
2720 551 2935 619 legibus
2963 552 3177 621 prodita
3214 562 3364 613 sunt.
3393 553 3445 606 in
3483 568 3627 623 pra:-

2018 640 2161 696 Senti
2191 642 2373 711 Specie
2403 658 2515 697 non
2559 642 2764 697 habere
2802 645 3006 699 locum.
3036 640 3173 696 Nam
3202 642 3248 697 si
3300 642 3404 697 hoc
3433 658 3635 699 conce-

2018 733 2201 798 datur,
2227 735 2565 802 superﬂuum
2586 734 2689 789 erit
2715 735 2861 805 quod
2885 735 3030 791 intra
3065 735 3347 791 trimestre
3390 737 3631 806 spatium

2020 826 2359 881 examinatio
2395 827 2511 881 ﬁeri
2548 828 2768 884 debeat.
2806 827 3316 895 Verumenimvero,
3347 844 3474 883 cum
3536 846 3632 885 ac-

2022 927 2248 973 cusator
2294 934 2592 988 paucorum
2643 921 2859 976 dierum
2932 922 3141 993 scripto
3210 922 3634 993 comprehensis

2022 1008 2219 1063 edictis
2272 1010 2490 1065 evocari
2523 1011 2739 1079 debeat,
2774 1012 3162 1069 inevitabiliter
3187 1009 3265 1084 [et
3293 1012 3634 1086 necessario]

2024 1100 2115 1156 illa
2147 1102 2265 1156 dari
2299 1104 2593 1173 oportebit.

2099 1216 2254 1273 CAP.
2280 1217 2376 1272 1X.
2405 1251 2472 1260 —
2500 1217 2656 1275 Intra
2688 1223 2830 1293 quod
2853 1233 3058 1295 tempus
3087 1225 3321 1296 episcopi
3345 1224 3636 1279 ordinandi

2029 1311 2155 1365 sint.

2101 1405 2334 1460 Concilii
2386 1403 2857 1466 Chalcedonensis
2923 1427 3102 1468 canon
3160 1412 3262 1481 25;
3309 1412 3532 1470 concilii
3584 1428 3635 1468 vr

2030 1514 2211 1554 canon
2253 1500 2358 1568 14;

2109 1591 2331 1647 Textus.
2406 1592 2601 1649 Const.
2652 1594 2710 1659 Ξ,
2752 1594 2839 1650 tit.
2880 1595 2908 1651 1
2951 1595 3301 1654 Novellarum
3360 1601 3459 1668 ait,
3509 1609 3643 1670 etc.,

2032 1701 2198 1755 usque
2243 1686 2313 1737 ad
2356 1686 2461 1741 alia
2501 1687 2686 1743 omnia
2720 1699 3028 1756 servantor,
3062 1701 3118 1745 ut
3151 1709 3272 1764 pag.
3296 1693 3423 1749 498.

400 1802 684 1869 Σχόλιον.
735 1799 800 1853 Ἠ
835 1798 881 1870 β’
904 1799 1044 1855 διάτ.
1066 1798 1162 1851 τοῦ
1193 1798 1239 1851 α’
1273 1798 1379 1851 τίτ.
1411 1798 1521 1851 τῶν
1548 1797 1782 1869 Νεαρῶν
1808 1799 1926 1851 ἐστι

2109 1799 2409 1855 Scholium.
2443 1802 2683 1859 Constit.
2718 1803 2776 1871 2,
2808 1806 2894 1861 tit.
2925 1806 2948 1859 1
3000 1806 3348 1865 Novellarum
3378 1852 3393 1879 ,
3423 1823 3514 1868 est
3542 1830 3646 1869 no-

328 1894 503 1964 νεαρὲι
562 1893 994 1957 Ἰουστινιάνειος
1048 1891 1187 1963 ρκγ’.
1213 1891 1384 1945 Τοῦτο
1405 1892 1461 1946 δὲ
1508 1891 1680 1962 αὐτῆς
1709 1890 1770 1945 τὸ
1798 1909 1925 1961 κεφ.

330 1989 433 2041 οὐκ
458 1987 618 2058 ἐτέθη
658 1987 738 2051 είς
779 1986 850 2040 τὰ
902 1986 1191 2053 Βασιλικὰ,
1220 1985 1313 2039 ἔσο
1351 1984 1409 2038 δὲ
1442 1984 1599 2049 εἰδὼς
1628 1984 1705 2049 ὡς
1736 1984 1815 2056 τῷ
1846 2003 1931 2038 νο-

333 2066 489 2150 μίμῳ
552 2079 837 2151 χρώμενος
894 2081 922 2132 ό
976 2078 1284 2147 άγιώτατος
1333 2078 1491 2150 ἡμῶν
1530 2078 1799 2149 δεσπότης
1835 2079 1930 2131 καὶ

330 2172 710 2243 οἰκουμενικὸς
757 2172 1112 2244 πατριάρχης
1164 2172 1355 2243 κύριος
1397 2172 1621 2243 Μιχαὴλ
1647 2172 1934 2242 ἐπεφωνή-

333 2282 466 2319 σατο
525 2266 621 2319 τὸν
678 2266 1089 2337 μητροπολίτην
1151 2267 1360 2319 ἐκεῖνον
1403 2266 1703 2336 ’Λμασείας
1742 2264 1933 2337 κύριον

331 2358 541 2413 Λέοντα
576 2361 640 2411 ἐκ
672 2357 859 2430 τρίτου
892 2359 1055 2431 χάριν
1083 2358 1178 2413 τοῦ
1208 2359 1283 2430 μὴ
1312 2357 1653 2429 ψηφίσασθαι
1680 2359 1783 2429 τὴν
1815 2360 1934 2411 ἐπι-

332 2451 661 2523 σκοπὴνξτὴν
679 2451 937 2521 Ἀμινσὸν
969 2451 1073 2523 πρὸ
1088 2452 1281 2523 χρόνου
1301 2451 1419 2515 ἐνὸς
1436 2451 1538 2522 ἤδη
1559 2451 1929 2522 χηρεύσασαν.

334 2544 534 2613 Ἔλεγε
563 2544 675 2617 γὰρ
705 2546 781 2609 ὡς
816 2545 939 2599 ἐπεὶ
970 2546 1248 2617 χρονιαῖος
1281 2544 1529 2617 παρῆλθε
1560 2546 1752 2617 καιρὸς
1780 2545 1873 2598 καὶ
1899 2546 1932 2614 ή

337 2640 598 2711 Ἀμινσὺς
621 2642 721 2695 οὐκ
744 2639 1022 2711 ἐψηφίσοη
1052 2640 1203 2711 παρὰ
1228 2638 1321 2693 τοῦ
1354 2638 1773 2711 μητροπολίτου,
1800 2636 1937 2691 ἀλλὰ

334 2734 432 2785 καὶ
458 2733 587 2803 τρία
611 2732 872 2802 γεγόνασι
912 2733 1049 2803 πρὸς
1096 2732 1258 2785 αὑτὸν
1284 2732 1692 2802 ἐπιφωνήματα
1722 2729 1783 2795 ἐξ
1821 2733 1938 2802 ὀρι-

340 2824 481 2894 σμοῦ
505 2824 717 2892 τούτου,
750 2827 827 2890 ὼς
858 2825 924 2879 ἂν
974 2824 1282 2895 ψηφίσηται
1327 2823 1427 2895 τὴν
1454 2824 1787 2895 ἐπισκοπὴν,
1821 2824 1849 2875 ὁ
1876 2822 1933 2875 δὲ

337 2918 440 2970 οὐκ
466 2917 695 2988 ἐποίησε
720 2915 881 2971 τοῦτο
920 2917 1104 2980 καλῶς
1131 2916 1293 2979 αὐτὸς
1320 2916 1463 2969 κατὰ
1489 2914 1588 2986 τὴν
1643 2914 1939 2986 περίληψιν

337 3007 583 3062 τοιούτου
615 3010 804 3080 νόμου,
838 3010 927 3063 ἵνα
947 3008 1256 3081 ψηφίσηται
1284 3008 1455 3079 αὐτὴν
1480 3010 1574 3062 καὶ
1605 3010 1809 3081 ποιήσῃ
1841 3006 1940 3078 τὴν

338 3102 679 3172 χειροτονίαν
704 3101 799 3155 τοῦ
833 3078 1345 3173 ψηφισθησομένου,
1377 3102 1467 3155 ὅτε
1523 3101 1616 3154 καί
1646 3118 1807 3157 τινων
1849 3102 1940 3155 λε·

2043 1895 2181 1949 vella
2214 1892 2515 1951 Justiniani
2559 1895 2684 1951 123.
2722 1896 2839 1952 Hoc
2891 1908 3074 1955 autem
3117 1900 3209 1970 jus
3237 1918 3357 1973 cap.
3385 1903 3439 1958 in
3473 1905 3643 1962 Basil.

2044 1986 2291 2056 positum
2334 2002 2445 2041 non
2496 1996 2598 2042 est.
2634 1986 2837 2044 Verum
2880 1990 3023 2047 scias
3054 1995 3311 2050 sanctiss.
3360 1995 3647 2054 dominum

2049 2088 2302 2133 nostrum
2354 2087 2409 2133 et
2467 2080 2836 2137 universalcm
2920 2085 3295 2153 patriarcham
3362 2089 3648 2146 dominum

2048 2170 2377 2228 Michaelem
2422 2173 2527 2227 hoc
2551 2174 2679 2243 jure
2716 2190 2902 2241 usum,
2931 2193 3057 2231 cum
3092 2180 3268 2235 tribus
3294 2180 3507 2237 vicibus
3532 2199 3649 2239 me-

2050 2267 2447 2337 tropolitanum
2496 2269 2651 2323 illum
2682 2276 3020 2325 Amasenum
3070 2272 3356 2329 dominum
3388 2273 3656 2347 Leonem,

2049 2362 2233 2418 edicto
2268 2364 2580 2435 impeteret,
2629 2367 2775 2435 quod
2810 2366 3024 2420 Aminsi
3069 2368 3451 2440 episcopatum
3502 2372 3647 2427 ultra

2051 2471 2262 2510 annum
2300 2454 2457 2528 [jam]
2493 2466 2779 2512 vacantem
2806 2459 3014 2513 nemini
3046 2460 3393 2517 decerneret.
3428 2461 3655 2520 Dicebat

2052 2551 2221 2617 enim,
2252 2552 2383 2620 quia
2420 2549 2578 2623 [jam]
2621 2551 2838 2606 diutino
2870 2564 3117 2624 tempore
3167 2553 3425 2611 Aminius
3468 2571 3500 2611 a
3539 2573 3658 2613 me-

2055 2644 2394 2714 tropolitano
2437 2643 2694 2717 [nemini]
2726 2646 2945 2701 decreta
2991 2657 3158 2713 esset,
3195 2664 3262 2703 ac
3299 2648 3524 2717 insuper
3555 2650 3655 2705 tri-

2050 2743 2157 2798 bus
2207 2742 2405 2798 edictis
2446 2755 2507 2798 ut
2559 2744 2941 2814 episcopatum
2997 2742 3297 2818 [cuiquam]
3332 2744 3657 2801 decerneret

2052 2835 2508 2907 praecipientibus
2542 2837 2608 2889 ad
2653 2836 2835 2906 ipsum
2869 2836 3111 2901 emissis,
3166 2838 3281 2907 ipse
3325 2848 3508 2894 tamen
3544 2839 3655 2897 hoc

2054 2946 2163 2985 non
2224 2929 2485 2986 fecisset:
2545 2945 2605 2985 se
2658 2938 2813 2985 recte
2860 2945 2928 2985 ex
2962 2931 3282 3001 praescripto
3332 2932 3493 2988 istius
3520 2930 3658 3002 legis

2054 3024 2372 3093 episcopum
2425 3023 2808 3089 decreturum,
2842 3024 2922 3077 'ac
2970 3021 3129 3095 [jam]
3170 3023 3450 3079 decretum
3503 3024 3657 3079 ordi-

2059 3124 2342 3169 naturum.
2379 3114 2516 3169 Cum
2552 3124 2736 3169 autem
2770 3112 2937 3186 [tum]
2970 3115 3223 3169 nonnulli
3250 3114 3521 3181 dicerent,
3553 3129 3657 3171 no-

340 3192 550 3259 γόντων
603 3192 679 3264 μὴ
730 3192 988 3264 δεχθῆναι
1028 3195 1109 3257 είς
1142 3190 1211 3246 τὰ
1257 3190 1519 3263 βασιλικὰ
1549 3194 1651 3263 τὴν
1684 3192 1938 3263 τοιαύτην

2056 3207 2256 3263 rellum
2306 3205 2440 3262 illud
2472 3209 2856 3277 prtescriptum
2896 3223 3006 3263 non
3038 3224 3162 3265 esse
3195 3208 3250 3263 in
3290 3208 3458 3266 Basil.
3504 3223 3659 3265 rece-

342 3284 443 3352 τῆς
478 3301 568 3338 νεα
579 3286 679 3351 ρᾶς
697 3286 961 3353 διάστιξιν
992 3284 1289 3339 κάντεῦθεν
1308 3284 1591 3357 ἄπρακτον
1622 3282 1759 3339 εἶναι
1778 3287 1943 3359 αὐτὸς

343 3378 579 3447 ἐπέμενε
609 3378 783 3447 λέγων
820 3379 894 3450 μὴ
941 3379 1151 3433 δίκαιον
1180 3374 1321 3433 εἶναι
1344 3378 1575 3449 κεραίαν
1606 3377 1940 3449 ἀθετηθῆναι

342 3471 410 3521 ἐκ
443 3469 550 3523 τῶν
578 3471 636 3523 ἐν
667 3470 743 3541 τῷ
784 3472 1132 3543 νομοκανόνῳ
1160 3471 1570 3543 γεγραμμένων
1610 3471 1690 3542 τῷ
1719 3470 1795 3535 ὡς
1827 3470 1944 3523 Θεο-

343 3563 579 3633 γράιροις
614 3562 829 3628 πλάκας
861 3566 928 3636 τῇ
959 3564 1229 3637 ἐκκλησίᾳ
1255 3562 1615 3635 λογιζομένῳ,
1646 3563 1758 3617 ἀλλ’
1778 3561 1943 3616 ὓστε-

343 3672 438 3725 ρον
471 3654 661 3725 μαθὼν
689 3658 754 3709 ἐκ
780 3673 842 3709 τε
872 3656 982 3710 τῶν
1010 3655 1309 3727 βασιλικῶν
1336 3655 1583 3727 χειλέων,
1608 3656 1703 3710 καὶ
1730 3657 1797 3709 ἐκ
1832 3654 1942 3709 τῶν

345 3748 662 3819 προκρίτων
699 3750 797 3821 τῆς
831 3750 1139 3821 συγκλήτου
1203 3748 1423 3820 βουλῆς.
1459 3750 1639 3820 Ὅπερ
1688 3749 1783 3802 καὶ
1811 3746 1945 3819 πρό-

340 3858 501 3912 τερον
534 3842 735 3913 ἤκουεν
784 3844 865 3906 εἰς
908 3841 1005 3914 τὴν
1033 3841 1129 3895 τοῦ
1176 3840 1445 3913 παρόντος
1476 3842 1794 3913 πονήματος
1844 3841 1945 3892 ἐπ-

343 3934 580 3987 έσπευσε
618 3935 944 4005 συγγραφὴν
969 3934 1151 3999 καθὼς
1178 3935 1273 3988 καὶ
1294 3936 1351 3987 ἐν
1384 3934 1462 4006 τῷ
1502 3933 1775 4004 προοιμίῳ
1806 3950 1949 4004 παρ-

342 4026 720 4098 εδηλώσαμεν.
773 4028 884 4099 Τῆς
910 4027 1041 4097 γοῦν
1066 4030 1329 4098 τοιαύτης
1350 4028 1554 4099 νεαρᾶς
1585 4026 1662 4099 μὴ
1688 4027 1945 4099 ἐνεργού-

345 4138 446 4190 σης
478 4124 671 4193 κρατεῖ
697 4125 727 4176 ό
754 4120 855 4187 κε’,
892 4124 1073 4177 κανὼν
1112 4124 1208 4195 τῆς
1256 4125 1313 4176 ἐν
1353 4121 1658 4193 Χαλκηδόνι
1698 4121 1943 4176 συνόδου.

422 4452 667 4525 Σχόλιον.
685 4453 744 4507 Ὀ
768 4452 929 4525 χάριν
949 4452 1049 4523 τῆς
1067 4452 1401 4524 χειροτονίας
1423 4449 1517 4505 τοῦ
1540 4451 1843 4505 ἐπισκόπου
1868 4449 1947 4522 τῷ

2057 3284 2236 3371 ptum,
2282 3301 2517 3371 ideoque
2568 3302 2845 3357 nullarum
2882 3302 3082 3356 virium
3122 3316 3283 3366 esse;
3346 3301 3657 3373 [nihilomi-

2056 3392 2187 3465 nus]
2218 3394 2518 3463 permansit
2548 3394 2626 3467 [in
2662 3393 2983 3466 sententia],
3012 3404 3177 3466 atque
3202 3394 3492 3465 indignum
3526 3410 3653 3451 esse

2055 3485 2215 3553 dixit,
2258 3485 2301 3541 si
2341 3484 2449 3558 [vel
2484 3484 2651 3558 unus]
2696 3501 2832 3556 apex
2866 3501 3059 3541 eorum
3102 3500 3225 3555 qua:
3275 3487 3330 3539 in
3371 3483 3654 3542 Nomoca-

2054 3595 2221 3644 none,
2267 3578 2347 3652 [id
2371 3588 2475 3646 est,
2511 3579 2564 3633 in
2597 3580 2736 3634 libro
2759 3594 2827 3634 ex
2853 3578 3068 3650 legibus
3094 3588 3149 3633 et
3175 3577 3486 3634 canonibus
3522 3594 3657 3635 con-

2058 3669 2386 3741 sarcinato],
2415 3670 2623 3740 scripta
2668 3678 2799 3725 sunt
2831 3684 2959 3725 cum
3011 3667 3151 3742 [ille]
3190 3680 3451 3740 tanquam
3480 3684 3511 3725 a
3544 3668 3659 3725 Deo

2057 3765 2279 3836 scriptae
2315 3764 2516 3820 tabulae
2568 3764 2621 3818 in
2674 3764 2926 3820 Ecclesia
2960 3764 3284 3829 aestimetur,
3330 3763 3661 3834 reprobare-

2058 3868 2171 3915 tur.
2203 3858 2409 3914 Verum
2453 3872 2578 3913 cum
2621 3856 2977 3927 postmodum
3016 3855 3184 3919 idem,
3221 3855 3368 3925 quod
3408 3865 3557 3920 ante,
3589 3871 3658 3911 ex

2062 3949 2415 4021 imperatoris
2445 3963 2560 4013 ore,
2589 3956 2645 4004 et
2666 3946 2964 4017 praecipuis
2994 3945 3351 4001 senatoribus
3367 3946 3618 4001 audisset
3639 3985 3654 4010 ,

2064 4058 2124 4100 se
2172 4041 2462 4098 confestim
2521 4040 2588 4095 ad
2623 4039 2914 4109 praesentis
2958 4037 3144 4108 aperis
3190 4036 3653 4106 compositionem

2060 4136 2317 4200 contulit,
2369 4132 2840 4205 quemadmodum
2883 4129 3100 4204 [etiam]
3150 4130 3205 4185 in
3251 4129 3525 4200 prooemio
3586 4130 3663 4185 si-

2060 4230 2470 4303 gniﬁcavimus.
2500 4226 2683 4298 Atque
2716 4227 2787 4280 ita
2822 4240 2959 4280 sane
2999 4223 3262 4279 inefﬁcaci
3292 4223 3384 4280 isti
3416 4224 3653 4279 novella:

2060 4322 2527 4380 Chalcedonensis
2550 4318 2771 4375 concilii
2790 4332 2969 4373 canon
2998 4317 3088 4390 25ι
3097 4316 3373 4388 praevalet.

2131 4437 2429 4494 Scholium.
2458 4435 2535 4490 De
2565 4432 2918 4488 ordinatione
2968 4429 3357 4501 episcoporum
3406 4429 3460 4483 in
3510 4444 3657 4501 pra:-

346 4522 579 4618 παρόντι
600 4522 1206 4616 κανόνιπεριεχόμενος
1228 4543 1419 4615 χρόνος
1442 4544 1632 4606 διττῶς
1653 4544 1938 4615 ἑρμηνεύε-

2061 4532 2203 4589 senti
2247 4547 2373 4602 cap.
2414 4538 2636 4601 tempus
2670 4525 3133 4597 comprehensum
3184 4522 3459 4594 duplicem
3492 4522 3659 4579 habet

346 4658 460 4693 ται.
492 4637 551 4691 '0
581 4636 681 4709 μὲν
712 4636 823 4707 γὰρ
842 4632 919 4687 κε’
954 4632 1158 4697 κανὼν,
1191 4633 1293 4704 τῆς
1326 4635 1383 4687 ἐν
1404 4632 1711 4704 Χαλκηδόνι
1736 4630 1953 4685 συνόδου

345 4731 842 4805 διορίζεται,ιέντὸς
872 4729 1041 4800 τριῶν
1068 4728 1253 4800 μηνῶν
1272 4728 1349 4790 εἰς
1370 4726 1468 4789 τὰς
1488 4725 1832 4797 χηρευούσας
1864 4727 1957 4779 ἐκ·

350 4828 584 4899 κλησίας
614 4825 954 4888 ἐπισκόπους
989 4821 1495 4893 ἀποκηρύττεσθαι.
1550 4820 1608 4871 Ὀ
1647 4818 1702 4872 δέ
1741 4816 1823 4884 ιδ’,
1853 4835 1954 4873 κα-

349 4921 459 4974 νὼν
483 4919 587 4989 τῆς
620 4916 674 4982 ς’
699 4916 921 4971 συνόδου
956 4915 1089 4987 περὶ
1132 4912 1229 4967 τοῦ
1261 4913 1458 4984 χρόνου
1488 4910 1587 4980 τῆς
1619 4909 1837 4980 ἡλικίας
1860 4907 1956 4961 τοῦ

348 5012 661 5066 ἐπισκόπου
721 5009 991 5065 διδάσκει.
1036 5007 1103 5061 Ἠ
1156 5006 1214 5060 δὲ
1262 5004 1576 5076 παράϐασις
1610 5002 1823 5057 ἐκείνου
1855 5001 1957 5071 μὲν

350 5104 802 5177 ἐκκλησιαστικῷ
861 5100 1272 5158 καθυποϐάλλει
1319 5096 1581 5169 ἐπιτιμίῳ
1608 5136 1623 5161 ,
1678 5093 1856 5165 τούτῳ
1901 5092 1959 5146 δὲ

350 5198 698 5272 καθαιρέσει.

428 5315 683 5369 ΚΕΦΑΛ.
720 5316 777 5368 l'.
818 5344 887 5353 --
914 5309 1059 5380 Περὶ
1085 5308 1192 5363 τοῦ
1205 5305 1293 5377 μὴ
1324 5303 1795 5376 χειροτονεῖσθαι
1825 5301 1959 5356 τινὰ

352 5409 716 5475 ἐπίσκοπον,
748 5406 788 5476 ἣ
848 5403 1279 5474 πρεσϐύτερον,
1312 5401 1350 5469 ἢ
1382 5400 1671 5454 διάκονον
1729 5397 1871 5466 πρὶν
1918 5397 1957 5464 ἢ

352 5502 589 5570 πάντας
624 5501 768 5567 τοὺς
794 5500 865 5555 ἐν
895 5498 975 5565 τῷ
1000 5498 1145 5562 οἴκῳ
1165 5496 1356 5551 αὑτοῦ
1376 5492 1776 5565 Χριστιανοὺς
1790 5493 1957 5562 ὀρθο-

349 5597 574 5663 δόξους
596 5593 884 5663 ῖποιῆσαι.

430 5688 661 5743 Συνόδου
690 5683 1085 5758 Καρθαγέννης
1109 5680 1289 5734 κανὼν
1318 5678 1431 5743 λς’.

426 5783 744 5852 Κειμενον.
776 5780 886 5832 Καὶ
907 5780 941 5848 ἡ
957 5776 1027 5848 ιη’
1044 5776 1187 5829 διάτ.
1207 5773 1300 5828 τοῦ
1328 5772 1367 5828 ε’
1389 5773 1495 5828 τίτ.
1516 5770 1611 5826 τοῦ
1626 5769 1694 5836 α’,
1730 5788 1783 5825 κ.
1809 5787 1859 5825 τ.
1882 5769 1957 5838 λ.,

352 5893 532 5951 usque
561 5874 735 5948 adst]:
759 5873 899 5945 ἁγίῳ
938 5871 1303 5945 βαπτίσματι.

2065 4624 2599 4696 interpretationem.
2651 4620 2933 4692 Siquidem
2988 4618 3061 4673 25
3098 4631 3277 4674 canon
3334 4614 3650 4672 Chalcedo-

2060 4721 2248 4776 nensis
2282 4718 2502 4773 concilii
2538 4702 2752 4782 Statuit,
2795 4727 2852 4770 ut
2881 4717 3028 4771 intra
3052 4723 3165 4769 tres
3198 4727 3419 4769 menses
3460 4713 3512 4766 in
3555 4727 3657 4767 va-

2058 4825 2247 4871 cantes
2282 4812 2547 4869 ecclesias
2567 4809 2811 4880 episcOpi
2858 4807 3136 4877 pmconio
3163 4806 3422 4862 declarati
3458 4804 3662 4879 [intro-

2060 4906 2383 4979 ducantur.]
2441 4904 2675 4961 Concilii
2731 4918 2863 4957 vero
2920 4901 2952 4957 6
3001 4915 3180 4957 canon
3232 4898 3301 4954 14
3360 4899 3426 4954 dc
3482 4899 3663 4955 aetatis

2060 4999 2457 5069 episcoporum
2507 5005 2757 5065 tempore
2796 4992 2977 5047 docet.
3013 4991 3095 5046 Ac
3135 4989 3505 5061 transgressio
3534 4990 3663 5060 qui-

2058 5094 2180 5148 dem
2232 5091 2404 5153 illius,
2455 5087 2851 5145 ecclesiastica:
2898 5100 3077 5157 paena:
3121 5082 3327 5157 [reum]
3398 5083 3661 5153 subiicit:

2063 5186 2229 5256 hujus
2255 5200 2405 5250 vero,
2439 5182 2459 5256 [
2486 5199 2514 5238 a
2547 5179 2887 5253 sacerdotio]
2919 5176 3239 5235 remotioni.

2134 5299 2290 5353 CAP.
2321 5293 2390 5351 Χ.
2429 5326 2498 5335 —
2527 5293 2611 5349 Ne
2634 5293 2921 5365 quisquam
2965 5301 3061 5345 aut
3084 5291 3383 5361 episcopus,
3422 5298 3511 5341 aut
3543 5303 3665 5357 pre-

2060 5395 2258 5464 sbyter,
2315 5402 2408 5445 aut
2448 5390 2710 5443 diaconus
2762 5386 3085 5452 ordinetur,
3138 5385 3446 5455 priusquam
3484 5397 3664 5437 omnes

2062 5487 2382 5543 domesticos
2417 5502 2543 5538 suos
2566 5482 2801 5551 effecerit
2832 5480 3170 5537 Christianos
3204 5476 3548 5531 ortltodoxos.

2133 5674 2368 5729 Concilii
2396 5670 2852 5742 Carthagincnsis
2876 5683 3053 5724 canon
3088 5664 3176 5721 '56.

2141 5766 2362 5820 Textus.
2402 5764 2579 5819 Etiam
2606 5770 2786 5817 const.
2820 5759 3027 5828 18,§Iit.
3052 5758 3107 5826 5,
3136 5756 3229 5812 lib.
3260 5756 3311 5821 1,
3338 5763 3469 5819 ctc.,
3501 5768 3664 5823 usque

2066 5863 2135 5916 ad
2181 5877 2287 5916 non
2323 5858 2616 5925 adducant,
2651 5866 2708 5910 ut
2736 5871 2859 5925 pag.
2892 5851 3015 5909 498.
