4146 6488
469 375 578 442 995

1617 367 1882 429 ΡΙῙΟΤΙΙ
1925 363 2438 428 ΡΑΤΒῙΑΒΟΗΕ
2467 365 2578 428 CP.

3675 361 3790 426 996

545 487 839 543 Scholium.
863 483 1056 542 Const.
1081 483 1167 552 18,
1203 485 1289 545 tit.
1324 485 1380 551 5,
1412 484 1512 538 lib.
1549 499 1603 547 ι,
1633 482 1768 537 Cod.
1804 483 1859 536 in
1898 482 2064 536 Basil.

2243 479 2529 550 Σχόλιον.
2565 478 2634 533 Ἦ
2689 475 2759 548 ιη’
2803 476 2946 531 διάτ.
2988 474 3084 530 τοῦ
3114 474 3153 530 ε’
3201 476 3306 530 τίτ.
3350 474 3446 530 τοῦ
3476 473 3524 530 α’
3568 475 3786 548 βιϐλίου

475 593 585 633 non
632 587 718 633 est
759 578 962 648 posita,
1010 591 1188 647 neque
1239 584 1419 631 const.
1451 575 1540 639 10,
1579 575 1662 628 tit.
1710 573 1771 627 11
1823 573 2072 644 ejusdem

472 669 570 726 lib.
599 667 820 735 Quaeret
844 667 1080 724 fortasse
1114 667 1338 737 aliquis,
1370 681 1495 722 cum
1526 666 1596 720 56
1623 680 1802 719 canon
1856 663 2074 719 concilii

474 761 928 833 Carthaginiensis
962 768 1192 823 statuat,
1217 776 1285 813 ne
1315 759 1612 830 quisquam
1652 758 1707 811 in
1743 756 2074 812 clericorum

476 870 772 910 numerum
809 853 1130 922 recipiatur,
1187 851 1292 906 nisi
1339 865 1536 904 omnes
1567 849 1905 904 domesticos
1947 864 2077 902 suos

479 949 831 1005 Christianos
883 946 1072 1012 faciat,
1117 944 1403 1015 quomodo
1450 950 1748 1012 praesentes
1802 940 2077 995 constitu-

477 1043 682 1104 tiones,
735 1058 861 1096 cum
893 1041 1080 1095 dicant
1123 1054 1219 1094 eos
1267 1039 1361 1107 qui
1388 1053 1453 1091 ex
1503 1035 1736 1106 paganis
1774 1032 2078 1088 Christiani

481 1134 614 1190 facti
667 1145 820 1199 sunt,
878 1133 1087 1205 puniri,
1147 1131 1256 1185 nisi
1299 1145 1502 1185 uxores
1559 1143 1693 1184 suas
1747 1135 1804 1181 et
1852 1125 2078 1189 liberos,

477 1240 784 1296 omnesque
816 1223 1156 1278 domesticos
1211 1236 1345 1276 suos
1393 1220 1459 1274 ad
1509 1225 1922 1274 sacrosanctum
1979 1213 2081 1268 ba-

482 1320 686 1390 ptisma
740 1317 1039 1380 adducant,
1089 1315 1280 1384 positae
1307 1329 1415 1368 non
1477 1312 1690 1369 suntin
1730 1310 1898 1365 Basil.
1956 1325 2081 1364 cum

489 1409 726 1484 [tamen]
759 1411 817 1464 in
851 1410 936 1464 his
971 1425 1096 1463 eum
1131 1424 1341 1462 canone
1373 1407 1726 1462 conveniant.
1759 1404 1992 1460 Constit.
2029 1406 2083 1459 in

489 1502 660 1558 Basil.
716 1510 1016 1572 assumpta-3
1086 1517 1194 1554 non
1244 1511 1393 1564 sunt,
1444 1509 1667 1570 propter
1714 1498 1890 1553 saneti
1928 1496 2084 1552 Pauli

483 1594 719 1664 apostoli
766 1604 1102 1663 praeceptum
1149 1592 1469 1656 statuentis,
1512 1607 1580 1645 ne
1619 1589 1922 1645 inﬁdelium
1968 1605 2086 1645 ma-

483 1687 808 1744 trimonium
837 1687 1104 1749 solvatur,
1142 1686 1188 1741 si
1215 1687 1351 1741 alter
1382 1685 1599 1739 illorum
1632 1685 1809 1740 ﬁdelis
1842 1685 1954 1739 liat.
1983 1684 2086 1751 Qui

483 1791 724 1846 namque
759 1777 890 1842 scis,
928 1773 1130 1844 inquit,
1171 1790 1239 1828 an
1278 1774 1453 1828 ﬁdelis
1484 1773 1756 1828 infidelem
1796 1772 2084 1843 conjugem

2179 574 2274 628 τοῦ
2299 573 2544 638 Κὼδικος
2565 573 2666 627 οὐκ
2702 572 2862 644 ἐτέθη
2893 575 2973 636 είς
3009 572 3078 626 τὰ
3108 570 3536 636 Βασιλικὰ,οὒδὲ
3561 574 3595 645 η
3631 590 3650 625 ι
3682 572 3786 626 τοῦ

2183 663 2250 718 ια’
2287 664 2376 718 τίτ
2403 665 2497 718 τοῦ
2530 663 2697 718 αὐτοῦ
2730 664 2960 736 βιϐλίου.
2989 663 3291 734 Ἐρωτήσει
3331 681 3414 728 τις
3444 665 3521 728 ὡς
3565 664 3660 718 τοῦ
3690 665 3788 730 λς’

2182 756 2407 814 κανόνος
2428 757 2524 827 τῆς
2552 758 2609 810 έν
2628 756 2991 829 Καρθαγέννῃ
3032 757 3256 810 συνόδου
3292 756 3670 829 διοριζομένου
3706 759 3790 829 μὴ

2181 847 2520 921 κληροῦσθαι
2562 866 2686 901 τινα
2723 851 2771 902 εἰ
2809 849 2885 921 μὴ
2917 850 3119 919 ποιήσῃ
3161 847 3525 920 Χριστιανοὺς
3571 848 3790 912 πάντας

2184 943 2310 1004 τοὺς
2351 941 2409 992 ὲν
2436 939 2515 1011 τῷ
2538 942 2675 1011 οίκῳ
2702 941 2890 1007 αὑτοῦ,
2943 941 3060 1006 πῶς
3105 942 3159 995 αἱ
3201 941 3478 1012 παρούσαι
3510 940 3793 1008 διατάξεις

2185 1035 2242 1089 αἱ
2292 1035 2552 1103 λέγουσαι
2604 1035 2734 1097 τοὺς
2786 1033 2846 1098 ἐξ
2907 1034 3182 1106 Ἑλλήνων
3219 1034 3513 1103 γεγονότας
3559 1035 3794 1096 πιστοὺς

2184 1128 2568 1200 τιμωρεῖσθαι.
2604 1129 2652 1180 εἰ
2685 1126 2758 1198 μὴ
2798 1126 3134 1198 προσάγουσι
3165 1125 3242 1196 τῷ
3274 1125 3414 1196 ἁγίῳ
3447 1123 3793 1195 βαπτίσματι

2185 1219 2434 1292 γαμετὰς
2460 1220 2663 1284 αὐτῶν,
2697 1220 2794 1274 καὶ
2821 1219 3020 1283 παῖδας
3049 1218 3145 1272 καὶ
3174 1218 3386 1281 πάντας
3425 1219 3554 1281 τοὺς
3591 1219 3650 1270 ὲν
3673 1219 3795 1279 τοῖς

2185 1315 2356 1376 οἴκοις
2373 1312 2572 1378 αὐτῶν,
2599 1313 2700 1366 οὐκ
2721 1312 2989 1383 ἐτέθησαν
3019 1312 3100 1375 εἰς
3116 1311 3185 1364 τὰ
3205 1309 3470 1364 Βασιλικά
3499 1307 3794 1378 σύνδεσμοι

2187 1407 2366 1470 οὖσαι,
2401 1407 2496 1461 καὶ
2531 1407 2706 1460 ταῦτα
2741 1406 2818 1476 τῷ
2842 1406 3050 1460 κανόνι.
3072 1406 3262 1469 Λύσις.
3300 1405 3366 1457 Δί
3397 1404 3495 1476 μὲν
3516 1403 3796 1469 διατάξεις

2187 1501 2248 1555 οὐ
2281 1500 2720 1572 παρελήφθησαν
2750 1501 2832 1564 είς
2868 1499 2937 1553 τὰ
2967 1499 3234 1552 Βασιλικὰ
3262 1497 3350 1550 διὰ
3369 1496 3468 1568 τὴν
3497 1495 3592 1551 τοῦ
3630 1495 3795 1564 ἁγίου

2201 1593 2528 1648 Ἀποστόλου
2604 1591 2987 1662 παραγγελίαν
3075 1590 3176 1664 τὴν
3253 1589 3632 1662 διοριζομένην
3713 1587 3798 1658 μὴ

2189 1684 2415 1739 λύεσθαι
2471 1685 2573 1756 τὴν
2622 1685 2735 1738 τῶν
2773 1685 3020 1738 ἀπίστων
3061 1682 3397 1754 συνοίκησιν,
3433 1681 3529 1734 ἐὰν
3557 1681 3586 1733 ό
3616 1673 3696 1741 εἷς
3733 1678 3801 1742 ἐξ

2191 1779 2372 1833 αὐτῶν
2439 1779 2630 1843 πιστὸς
2669 1780 2922 1849 γένηται.
2968 1778 3035 1830 Τί
3086 1776 3220 1847 γὰρ,
3251 1777 3438 1848 φησὶν,
3471 1768 3620 1836 οἶδας
3643 1773 3738 1826 ἐὰν
3769 1773 3801 1823 ό

483 1889 642 1930 suam
692 1873 758 1925 ad
796 1871 958 1927 ﬁdem
1011 1871 1084 1926 sit
1152 1869 1512 1931 deducturus,
1568 1875 1624 1921 et
1679 1883 1710 1921 e
1763 1866 2084 1921 contrario?

2201 1873 2384 1936 πιστὸς
2418 1873 2708 1944 μεταγάγῃ
2737 1872 2872 1942 πρὸς
2911 1869 3012 1942 τὴν
3061 1870 3250 1924 πίστιν
3295 1868 3396 1940 τὴν
3428 1869 3662 1923 ἄπιστον
3695 1864 3798 1919 ού-

485 1963 679 2020 Canon
710 1972 893 2017 autem
924 1963 1060 2027 vult,
1094 1977 1221 2016 eum
1251 1960 1347 2030 qui
1383 1974 1669 2030 nunquam
1702 1957 1959 2018 inﬁdelis,
1991 1957 2086 2012 sed

486 2055 752 2130 {semper}
782 2056 1102 2110 erthodoxae
1133 2054 1254 2108 ﬁdei
1297 2053 1422 2118 fuit,
1466 2053 1789 2107 cohabitare
1835 2051 2038 2106 inﬁdeli
2071 2071 2084 2106 :

485 2147 587 2221 [et]
634 2149 813 2203 multo
859 2148 1082 2218 quidem
1159 2146 1366 2208 minus,
1416 2154 1706 2214 postquam
1763 2145 1817 2198 in
1872 2144 2081 2198 clerum

486 2239 742 2312 [allectus
773 2240 890 2311 sit):
916 2256 980 2294 ae
1018 2241 1228 2294 idcirco
1255 2238 1307 2292 in
1339 2237 1549 2292 clerum
1583 2237 1791 2292 assumi
1821 2252 1927 2292 non
1963 2251 2087 2307 per-

489 2332 682 2386 mittit.
732 2331 877 2397 Quin
923 2332 1016 2386 alii
1044 2347 1264 2401 quoque
1310 2345 1552 2386 canones
1598 2330 1812 2385 ﬁdelem
1855 2327 1933 2402 [in
1966 2345 2088 2383 ma-

489 2421 842 2496 trimonium]
872 2423 1134 2494 conjungi
1170 2423 1375 2478 inﬁdeli
1412 2437 1519 2475 non
1573 2422 1782 2476 sinunt.
1819 2420 1916 2477 Est
1955 2437 2088 2492 ergo

488 2515 804 2572 differentia
855 2517 1001 2572 inter
1028 2532 1154 2572 eum
1203 2516 1295 2587 qui
1337 2531 1463 2570 cum
1508 2515 1744 2570 inﬁdelis
1771 2516 1983 2581 fuisset,
2018 2516 2085 2569 ad

492 2610 650 2665 tidem
684 2625 988 2667 conversus
1017 2621 1124 2673 est.
1152 2618 1206 2665 et
1234 2626 1359 2665 eum
1389 2609 1485 2680 qui
1519 2625 1550 2664 a
1593 2610 1884 2665 nativitate
1910 2610 2088 2667 ﬁdelis

488 2704 612 2759 fuit.
644 2703 741 2759 Ille
785 2703 932 2758 enim
976 2704 1136 2759 venia
1165 2704 1366 2774 dignus
1409 2702 1676 2768 habetur,
1727 2703 1771 2757 si
1819 2712 2085 2772 cognatos

489 2795 567 2870 [et
589 2796 960 2869 necessaries]
993 2797 1246 2852 inlideles
1282 2811 1393 2850 non
1434 2795 1644 2866 ejiciat,
1683 2796 1831 2868 quod
1866 2811 1926 2852 se
1966 2797 2090 2851 illos

485 2892 656 2945 etiam
701 2891 768 2945 ad
815 2892 1182 2946 orthodoxam
1227 2891 1385 2945 Iidem
1433 2906 1834 2946 conversurum
1869 2901 2088 2962 speret:

491 2982 581 3036 hic
612 2996 745 3038 vero
801 2983 1048 3053 punitur,
1094 2993 1356 3053 tanquam
1391 2997 1516 3037 eum
1574 2982 1891 3038 inﬁdelibus
1933 2999 2087 3038 com-

489 3076 761 3130 mercium
812 3075 1034 3142 haheat,
1069 3083 1123 3131 et
1171 3083 1231 3129 ut
1282 3075 1336 3128 in
1367 3075 1575 3130 clerum
1612 3084 1931 3131 assumatur
1976 3091 2086 3130 nou

490 3167 850 3234 permittitur.

2200 1966 2363 2036 ζυγον
2394 1965 2652 2020 αὐτοῦαη
2699 1965 2758 2018 '0
2793 1965 2850 2018 δὲ
2891 1963 3074 2018 κανὼν
3129 1964 3191 2016 οὐ
3241 1961 3387 2016 θέλει
3415 1961 3686 2013 συνοικεῖν
3732 1959 3802 2012 οὐ

2204 2056 2478 2128 μηδέποτε
2505 2056 2770 2126 γεγονότα
2796 2056 3051 2119 ἄπιστον,
3084 2053 3198 2107 ἀλλ’
3239 2050 3631 2122 ὀρθοδοξοῦντα
3657 2049 3804 2121 μετὰ

2199 2148 2457 2214 ἀπίστου,
2485 2148 2668 2221 πολλῷ
2713 2149 2771 2202 δὲ
2813 2147 2975 2201 πλέον
3037 2147 3177 2218 μετὰ
3220 2146 3498 2217 κλήρωσιν
3527 2143 3616 2197 διὰ
3641 2142 3808 2196 τοῦτο

2197 2243 2260 2295 ού
2289 2244 2619 2314 παραχωρεί
2647 2242 2809 2297 αὑτὸν
2862 2239 3239 2311 κληρωθῆναι.
3269 2239 3380 2292 Καὶ
3413 2238 3589 2309 ’ἑτεροι
3611 2236 3667 2290 δὲ
3697 2253 3806 2288 κα·

2199 2333 2350 2397 νόνες
2381 2335 2442 2387 οὐ
2477 2333 2877 2406 παραχωροῦσι
2931 2331 3010 2404 τῷ
3049 2331 3230 2402 πιστῷ
3278 2329 3620 2406 συναφθῆναι
3662 2327 3808 2400 μετὰ

2203 2429 2456 2483 ἀπίστου.
2489 2430 2735 2500 Διαφορά
2776 2427 2871 2483 οῦν
2913 2429 3064 2481 ἐστιν
3108 2427 3343 2480 ἀπίστου
3375 2426 3453 2488 είς
3489 2426 3590 2494 τὴν
3615 2423 3807 2476 πίστιν

2201 2521 2657 2593 ἐπιστρέψαντος,
2700 2521 2798 2575 καὶ
2849 2519 2940 2574 τοῦ
2997 2521 3064 2573 ὲκ
3103 2517 3332 2588 γενετῆς
3380 2516 3534 2578 ὄντος
3579 2513 3802 2568 πιστοῦ.

2211 2613 2274 2667 Ὀ
2301 2613 2400 2683 μὲν
2429 2614 2538 2684 γὰρ
2570 2611 2907 2684 συγγνώμης
2954 2611 3200 2678 ἀξιοῦται
3253 2609 3328 2682 μὴ
3356 2607 3634 2662 ἐκϐάλλων
3671 2607 3804 2670 τοὺς

2202 2707 2526 2776 προσγενεῖς
2551 2705 2702 2777 αὐτῷ
2765 2705 3050 2771 ἀπίστους,
3103 2703 3482 2776 μεταστρέψαι
3513 2701 3806 2762 κάκείνους

2201 2797 2560 2867 ὲλπιζόμενος
2593 2798 2675 2860 είς
2744 2795 2844 2866 τὴν
2900 2795 3185 2866 όρθόδοξον
3249 2793 3453 2859 πίστιν,
3487 2795 3516 2846 ό
3545 2791 3602 2846 δὲ
3631 2809 3807 2862 τιμω-

2203 2892 2376 2960 ρεῖται
2406 2888 2483 2951 ὡς
2515 2888 2657 2957 μετὰ
2683 2888 2932 2942 ἀπίστων
2968 2887 3372 2956 συγκοινωνῶν,
3405 2887 3501 2940 καὶ
3530 2886 3593 2940 οὐ
3622 2902 3806 2956 παρα-

2202 2984 2462 3054 χωρείται
2493 2981 2854 3054 κληροῦσθαι.
2904 2981 3207 3051 Ἀνάγνωθι
3239 2983 3333 3037 καὶ
3361 2985 3455 3036 τὸν
3485 2980 3561 3052 οβ’
3597 2979 3806 3034 κανόνα

2203 3075 2304 3146 τῆς
2339 3077 2396 3130 ὲν
2429 3076 2509 3146 τῷ
2546 3075 2804 3148 Τρούλλῳ
2863 3076 3086 3130 συνόδου
3143 3075 3287 3129 οὕτω
3335 3073 3649 3146 διαιροῦντα
3677 3073 3807 3135 τοὺς

2207 3169 2433 3232 πιστοὺς
2451 3169 2549 3222 καὶ
2574 3169 2713 3241 πρὸς
2739 3169 2817 3240 τῷ
2845 3168 2989 3222 τέλει
3015 3167 3190 3221 ταῦτα
3226 3167 3515 3234 διεξιόντα,
3543 3165 3806 3238 ἡγίασται

488 3256 603 3327 γὰρ
628 3261 656 3311 ὁ
711 3258 943 3322 ἄπιστος
994 3258 1137 3331 ἀνὴρ
1169 3259 1228 3310 ἐν
1257 3260 1324 3329 τῇ
1363 3259 1612 3326 γυναικὶ,
1641 3260 1738 3311 καὶ
1777 3259 2098 3331 ἡγίασταιὴ
2140 3261 2370 3326 ἄπιστος
2403 3261 2569 3332 ’γυνὴ
2597 3263 2656 3316 ὲν
2720 3261 2799 3333 τῷ
2830 3261 3006 3334 ἀνδρί.
3056 3261 3358 3330 Ἀνάγνωθι
3407 3261 3502 3314 καὶ¹
3559 3258 3667 3312 ἀπὸ
3703 3256 3808 3327 τῆς

491 3351 630 3421 πρός
676 3353 998 3423 Κορινθίους
1023 3353 1350 3423 Ἐπιστολῆς
1406 3353 1500 3406 τοῦ
1551 3353 1712 3422 ἁγίου
1775 3355 2077 3408 ἀποστόλου
2155 3355 2366 3410 Παύλου
2417 3357 2481 3409 τὸ
2535 3357 2668 3427 περὶ
2729 3355 2924 3409 τούτου
2997 3357 3310 3427 πρόσφορον
3355 3352 3552 3424 χωρίον
3619 3349 3802 3418 λέγον.

493 3431 766 3515 Ἀδελφοί,
791 3445 941 3510 εῐτις
969 3446 1204 3515 ἀδελφὴν
1224 3447 1462 3515 γυναῖκα
1490 3445 1603 3517 ἔχει
1626 3449 1879 3515 ἄπιστον,
1914 3449 2008 3502 καὶ
2051 3450 2118 3502 τὰ
2159 3449 2308 3520 ἑξῆς,
2333 3453 2429 3503 καὶ
2455 3449 2580 3504 εἰπὲ
2609 3447 2718 3504 ἀπὸ
2763 3450 2982 3504 πάντων
3028 3448 3209 3513 καλῶς
3257 3445 3561 3520 ἱερωσύνης
3619 3443 3806 3509 ἀξιοῦ-

493 3539 620 3593 σθαι
651 3535 1020 3610 βαπτισθέντα
1046 3540 1140 3591 καὶ
1169 3538 1469 3606 ἁγιάζοντα
1499 3539 1695 3603 ἄλλους
1720 3540 1817 3593 καὶ
1845 3539 1952 3609 πρὸ
1997 3539 2093 3594 τοῦ
2137 3540 2402 3611 βαπτίσαι
2429 3540 2558 3604 τοὺς
2592 3541 2689 3594 σὺν
2711 3539 2862 3611 αὐτῷ
2885 3539 3196 3603 οἰκοῦντας.

565 3656 718 3711 CAP.
757 3653 853 3709 Xl.
891 3685 958 3696 —-
1011 3654 1090 3711 De
1124 3657 1206 3712 liis
1255 3659 1346 3728 qui
1372 3675 1437 3714 ex
1485 3659 1743 3714 laicorum
1791 3669 1938 3714 statu
1987 3661 2090 3730 epi-

2279 3661 2529 3714 ΚΕΦΑΛ.
2560 3659 2664 3714 lA'.
2689 3690 2762 3700 —
2799 3659 2942 3729 Περὶ
2993 3657 3114 3714 τῶν
3159 3658 3280 3715 ἀπὸ
3313 3655 3546 3714 λατκῶν
3583 3656 3811 3728 γινομέ-

493 3747 639 3808 scopi
665 3746 826 3815 ﬁunt.

568 3859 802 3917 Concilii
837 3859 1190 3918 Sardicensis
1222 3877 1402 3918 canon
1441 3863 1543 3934 10;
1573 3866 1794 3922 concilii
1836 3867 2001 3938 primi
2042 3877 2097 3922 et

499 3951 730 4006 secundi
799 3951 858 4007 in
911 3963 1233 4008 sanctorum
1287 3956 1680 4026 Apostolorum
1728 3958 1848 4013 aede
1894 3960 2096 4023 coacti,

495 4059 675 4100 canon
712 4044 799 4099 17.

572 4139 892 4197 Sclmliunt.‘
926 4141 1120 4200 Const.
1175 4143 1212 4199 2
1239 4143 1484 4214 ejusdem
1522 4148 1544 4202 1
1617 4148 1700 4203 tit.
1748 4149 2096 4206 Novellarum

501 4245 589 4290 est
618 4234 702 4307 (ut
735 4237 990 4307 superius
1011 4235 1221 4294 dictum
1247 4241 1354 4308 est)
1387 4240 1687 4297 Justiniani
1715 4245 1928 4298 novella
1971 4245 2094 4299 1‘23.

505 4326 621 4383 lloc
659 4345 791 4385 vero
821 4331 942 4400 ejus
973 4341 1140 4402 caput
1181 4348 1291 4388 non
1327 4344 1413 4390 est
1439 4337 1684 4405 positum
1724 4338 1776 4391 in
1822 4337 1990 4393 Basil.
2041 4339 2103 4392 Et

503 4433 683 4478 const.
712 4423 764 4490 1,
793 4426 879 4478 tit.
913 4439 930 4478 ι
974 4424 1351 4492 Novellarum,
1376 4438 1459 4482 est
1481 4429 1698 4484 novella
1721 4427 2018 4486 Jnstiuiani
2044 4432 2101 4489 6.

503 4516 570 4570 Et
599 4533 781 4587 neque
817 4520 953 4583 hazc,
992 4534 1116 4574 cum
1161 4519 1398 4595 [tamen]
1443 4522 1512 4578 de
1559 4523 1645 4579 his
1701 4525 1796 4594 qui
1825 4540 1892 4579 ex
1944 4525 2102 4582 laicis

501 4609 743 4680 episcopi
773 4609 932 4679 ﬁunt,
956 4620 1171 4677 tractet,
1192 4614 1394 4669 inserta
1419 4625 1501 4671 est
1521 4615 1716 4680 Basil.,
1743 4619 2104 4688 quemadmo-

504 4701 637 4756 dum
697 4718 878 4774 neque
933 4721 1280 4778 quaecunque
1325 4707 1671 4765 Justitiniani
1701 4709 1918 4766 novella
1972 4711 2102 4776 alia,

503 4809 630 4862 quae
659 4794 760 4847 hac
789 4796 856 4851 de
887 4812 946 4851 re
978 4797 1218 4854 disserit.
1252 4801 1428 4872 Hujus
1461 4803 1625 4874 igitur
1653 4801 1780 4877 [rei]
1808 4820 1974 4860 causa
2008 4809 2100 4860 uni

508 4887 574 4940 l7
605 4890 802 4942 canuiii
836 4890 860 4943 l
893 4902 946 4946 et
987 4892 1023 4945 2
1069 4897 1284 4951 concilii
1347 4898 1401 4951 iu
1451 4909 1769 4954 sanctorum
1812 4901 2106 4970 Apostolo-

2208 3772 2332 3808 νων
2357 3755 2732 3809 ἐπισκόπων.

2283 3870 2516 3923 Συνόδου
2578 3870 2852 3943 Σαρδικῆς
2900 3869 3083 3925 κανὼν
3146 3869 3215 3925 ι”
3277 3869 3499 3925 συνόδου
3545 3869 3593 3924 α’
3622 3870 3717 3924 καὶ
3762 3867 3808 3939 β’

2214 3963 2687 4037 συγκροτηθείσης
2726 3967 2784 4018 έν
2826 3965 2906 4036 τῷ
2939 3963 3053 4035 ναῷ
3086 3963 3197 4018 τῶν
3248 3964 3423 4034 ἁγίων
3469 3961 3811 4018 Ἀποστόλων

2213 4057 2397 4113 κανὼν
2429 4054 2517 4121 ιζ’.

2287 4153 2570 4220 Σχόλιον.
2621 4152 2686 4205 Ἥ
2717 4149 2761 4223 β’
2785 4151 2928 4207 διάτ.
2955 4149 3049 4205 τοῦ
3075 4149 3246 4208 α’τίτ.
3266 4149 3377 4204 τῶν
3406 4149 3640 4220 Νεαρῶν
3660 4149 3812 4202 ἐστιν

2213 4241 2288 4306 ὡς
2321 4243 2529 4298 ἄνωθεν
2552 4245 2770 4316 εἴρηται
2794 4243 2965 4314 νεαρὰ
3007 4244 3444 4306 Ἰουστινιάνειος
3479 4240 3622 4313 ρκγ’,
3653 4241 3812 4294 τοῦτο

2215 4334 2273 4388 δὲ
2303 4335 2476 4404 αὐτῆς
2507 4336 2568 4389 τὸ
2601 4353 2730 4406 κεφ.
2764 4336 2865 4389 οὐκ
2892 4335 3055 4404 ἐτέθη
3096 4337 3176 4401 εἰς
3225 4335 3295 4390 τὰ
3323 4335 3609 4401 Βασιλικὰ,
3649 4335 3744 4388 καὶ
3766 4332 3818 4386 α’

2212 4428 2354 4483 διάτ.
2378 4427 2470 4481 τοῦ
2504 4426 2552 4480 α’
2584 4429 2691 4484 τίτ.
2739 4429 2849 4482 τῶν
2878 4429 3112 4500 Νεαρῶν
3141 4431 3256 4482 ἐστι
3291 4429 3461 4500 νεαρὰ
3498 4429 3812 4483 Ἰουστινιά-

2216 4539 2359 4585 νειος
2383 4520 2460 4586 ς’.
2497 4523 2605 4575 Καὶ
2633 4522 2754 4575 οὐδὲ
2801 4522 2940 4593 αὐτὴ
2987 4524 3118 4593 περὶ
3157 4522 3262 4576 τῶν
3293 4523 3401 4575 ἀπὸ
3447 4522 3649 4575 λαῖκῶν
3666 4540 3812 4590 γινο-

2221 4615 2400 4685 μένων
2430 4613 2746 4668 ἐπισκόπων
2781 4612 3245 4684 διαλαμϐάνουσα,
3277 4613 3631 4685 κατεστρώθη
3653 4613 3732 4674 είς
3749 4613 3816 4666 τὰ

2219 4708 2507 4772 Βασιλικὰ,
2534 4707 2728 4778 ὥσπερ
2759 4707 2896 4779 άλλη
2959 4707 3204 4778 οἰαδήτις
3252 4708 3603 4775 Ἰουστινιανὴ
3647 4705 3817 4777 νεαρὰ

2221 4803 2350 4872 περὶ
2375 4803 2572 4855 τούτου
2607 4802 2756 4872 μόνῳ
2789 4800 2870 4871 τῷ
2925 4798 2988 4866 ιζ’
3023 4801 3208 4854 κανόνι
3237 4801 3336 4869 τῆς
3371 4801 3428 4852 ἐν
3460 4799 3539 4870 τῷ
3569 4797 3681 4869 ναῷ
3707 4798 3817 4851 τῶν

2221 4897 2394 4965 ἁγίων
2422 4895 2766 4949 Ἀποστόλων
2797 4895 3266 4966 συγκροτηθείσης
3307 4892 3356 4947 α’
3382 4893 3478 4946 καὶ
3506 4890 3548 4963 β’
3575 4892 3815 4946 συνόδου.

506 4995 628 5035 rum
661 4981 777 5036 aede
807 4985 1004 5049 coacti,
1030 4989 1278 5043 animum
1304 4990 1525 5046 adhibe.
1561 4989 1675 5046 lllic
1695 4992 1842 5046 enim
1875 4996 2090 5048 omnim

2232 4991 2440 5043 Ἐκεῖσε
2493 4988 2550 5041 δὲ
2604 4988 2824 5051 πάντως
2872 4988 3158 5058 εἰρήσεται
3195 4987 3342 5050 ὅπως
3366 4985 3434 5038 τὰ
3459 4983 3552 5037 τοῦ
3594 4985 3818 5046 κανόνος

508 5073 746 5141 dicetur,
814 5080 1099 5147 quomodo
1152 5099 1333 5137 canon
1392 5083 1842 5154 interpretandus
1914 5088 2005 5152 sit,
2057 5097 2112 5143 et

507 5163 643 5235 quid
679 5181 744 5220 ex
781 5165 1084 5225 Iustiniani
1113 5172 1466 5242 imperatoris
1498 5175 1733 5231 novellis
1762 5177 2036 5232 obtineat.

505 5275 519 5320 ξ
580 5257 738 5314 CAP.
763 5259 884 5316 ΧΠ.
925 5293 997 5303 —
1021 5267 1299 5331 Quomodo
1323 5267 1558 5337 gentilis,
1597 5280 1689 5322 aut
1713 5281 1964 5339 aegrotus,
2023 5283 2118 5327 aut

508 5365 687 5404 recens
727 5351 1054 5422 baptizatus,
1106 5367 1198 5410 aut
1241 5358 1616 5432 [quisquam]
1678 5376 1743 5416 ea:
1786 5363 1934 5418 mula
1991 5381 2116 5419 con-

2220 5084 2682 5156 ὲκλαμϐάνονται,
2717 5085 2814 5136 καὶ
2845 5081 2955 5136 ἀπὸ
2981 5081 3086 5136 τῶν
3114 5080 3348 5151 Νεαρῶν
3381 5079 3476 5133 τοῦ
3507 5079 3818 5133 Ἰουστινια-

2223 5179 2318 5234 νοῦ
2340 5178 2437 5233 τοῦ
2467 5178 2739 5250 βασιλέως
2773 5195 2826 5230 τι
2856 5178 3073 5248 κρατεῖ.

2299 5273 2551 5326 ΚΕΦΑΛ.
2576 5271 2679 5326 1Β’.
2703 5301 2774 5311 —
2795 5268 2930 5336 Πῶς
2959 5272 2991 5323 ὁ
3015 5269 3274 5335 ἐθνικὸς,
3307 5269 3346 5337 ἣ
3382 5271 3415 5324 ὁ
3458 5268 3528 5323 ἐν
3555 5269 3741 5333 νόσῳ,
3779 5264 3816 5332 ἢ

2225 5367 2257 5418 o'
2285 5363 2504 5418 νεωστὶ
2541 5362 2905 5427 βαπτισθεὶς·
2970 5361 3068 5414 καί
3108 5363 3139 5414 ὀ
3173 5362 3239 5414 ἐκ
3262 5362 3502 5430 φαύλης
3525 5357 3819 5430 διαγωγῆς

507 5447 804 5502 versatione
857 5446 1152 5524 [prodiens]
1197 5453 1476 5506 ordinetur
1503 5451 1646 5526 [aut]
1691 5455 1991 5527 episcopus,
2021 5476 2087 5512 au

2223 5455 2649 5528 χειροτονεῖται
2684 5455 3043 5520 ἐπίσκοπος,
3070 5453 3107 5524 ἢ
3137 5456 3448 5523 κληρικός.

510 5536 758 5595 clericus.

579 5631 976 5702 Apostolorum
1009 5651 1188 5692 canon
1215 5638 1318 5705 80;
1355 5638 1572 5693 concilii
1598 5636 1808 5694 Nieaeni
1836 5655 2011 5696 canon
2035 5643 2069 5696 2
2093 5660 2109 5709 ;

508 5725 729 5779 concilii
781 5725 1247 5787 Neoczesarieusis
1285 5745 1462 5786 canon
1501 5730 1604 5798 l2;
1639 5731 1859 5788 concilii
1907 5733 2109 5790 Laodi-

507 5811 687 5874 ‘censis
722 5834 901 5876 canon
925 5823 982 5880 5.

2293 5638 2491 5692 Κανὼν
2530 5638 2846 5694 ἀποστόλων
2879 5639 2960 5692 π”
3017 5639 3238 5692 συνόδου
3270 5641 3502 5702 Νικαίας
3527 5637 3707 5692 κανὼν
3737 5637 3780 5708 β’
3804 5655 3818 5668 ·

2224 5733 2442 5785 συνόδου
2467 5733 2901 5806 Νεοκαισαρείας
2927 5735 3104 5787 κανὼν
3125 5733 3190 5806 ιβ’
3213 5753 3225 5765 ο
3261 5736 3481 5790 συνόδου
3505 5732 3820 5794 Λαοδικείας

2220 5824 2403 5879 κανὼν
2432 5825 2502 5895 γ’.
