4146 6442
312 383 422 449 997

1309 379 1801 445 NOMOCANON.
1833 382 2058 444 -T1T.
2089 383 2142 458 Ι,
2175 383 2334 445 CAP.
2375 382 2649 448 Xl-XIV.

3532 380 3640 448 998

394 504 649 557 ΚΕΦΑΛ.
678 500 779 556 Il".
821 499 956 566 Πῶς
991 502 1023 554 ὁ
1048 497 1366 569 σχολάζων
1394 501 1732 565 ἐπίσκοπος
1769 500 1926 570 γίνε-

2102 499 2257 556 CAP.
2295 499 2440 556 Xlll.
2472 531 2545 541 —-
2609 499 2889 564 Quomodo
2937 499 3216 570 episcopus
3275 501 3640 570 episcopatum

319 614 420 651 ται
446 598 533 663 εἰς
564 593 1018 666 σχολάζουσιαν
1047 590 1414 661 ἐπισκοπὴν.

393 689 622 744 Συνόδου
659 687 994 760 Ἀντιοχείας
1026 685 1208 740 κανὼν
1237 685 1336 751 ις’.

392 800 654 858 ΚΕΦΑΛ.
686 802 784 853 ΙΔ⁹.
809 828 880 840 —-
909 799 1062 852 Πότε
1089 798 1315 869 γίνεται
1353 796 1691 867 ἐπίσκοπος
1717 799 1756 868 ἣ
1785 799 1933 870 κλῆ-

316 894 491 962 ρικός
526 891 842 962 ὲυνοῦχος,
866 893 905 960 ἢ
940 891 1145 958 ἄλλως
1172 890 1448 961 ἐμπαθὴς
1480 891 1548 945 τὸ
1592 891 1784 962 σῶμα.

396 1076 737 1131 Ἀποστόλων
765 1074 949 1130 κανὼν
967 1074 1074 1141 κα’,
1100 1072 1209 1146 κβ’,
1239 1073 1341 1142 oC',
1372 1081 1452 1146 οη¹
1491 1090 1506 1107 '
1559 1076 1780 1131 συνόδου
1831 1079 1934 1132 Νι-

323 1167 490 1229 καίας
519 1165 701 1220 κανὼν
731 1171 801 1219 α’.

333 1257 336 1260 ’
393 1260 699 1328 Κείμενον.
740 1257 799 1312 '0
829 1257 1106 1322 πολιτικὸς
1138 1260 1303 1330 νόμος
1340 1262 1468 1326 τοὺς
1491 1262 1716 1326 ἑαυτοὺς
1747 1263 1780 1335 ἢ
1823 1263 1938 1318 ἐτέ-

324 1368 453 1422 ρους
490 1351 927 1421 εὐνουχίζοντας,
969 1367 1095 1405 κ.τ.
1117 1351 1166 1406 λ.
1195 1366 1370 1422 usque
1413 1353 1483 1408 ad
1518 1355 1937 1425 εύνουχιζόντων

323 1443 452 1515 cui?
483 1442 675 1514 νεαρᾷο
1645 1500 1656 1502 ..

394 1538 434 1588 Σ
443 1539 676 1606 χολιον.
715 1534 780 1588 Ἦ
811 1541 861 1588 α’
883 1534 978 1588 καὶ
1006 1535 1050 1605 β’
1083 1535 1224 1592 διάτ.
1254 1535 1350 1590 τοῦ
1387 1537 1479 1608 μβ’
1511 1538 1617 1593 τίτ.
1669 1539 1764 1593 τοῦ
1789 1539 1832 1592 δ’
1860 1539 1941 1610 βι-

321 1626 475 1680 ϐλίου
528 1625 625 1679 τοῦ
685 1623 935 1690 Κώδικος
983 1627 1252 1698 ἐτέθησαν
1299 1629 1357 1682 ὲν
1422 1628 1614 1700 βλιϐίῳ
1674 1630 1786 1684 τῶν
1838 1630 1943 1684 Βα-

323 1721 550 1774 σιλικῶν
603 1721 692 1784 ιϐ’,
747 1719 854 1774 τίτ.
908 1727 956 1774 α’
993 1761 1006 1783 ,
1065 1739 1190 1791 κεφ.
1244 1720 1334 1786 πζ⁰
1367 1763 1380 1787 ,
1411 1722 1440 1775 ὂ
1504 1725 1601 1777 καὶ
1660 1721 1774 1794 ἔχει
1849 1721 1941 1776 οὓ-

325 1833 456 1877 τως·
506 1814 571 1868 Ἦ
629 1814 871 1882 διάταξις
929 1814 1142 1869 κελεύει
1202 1815 1343 1869 ὥστε
1397 1817 1601 1887 μηδένα
1673 1815 1944 1888 Ῥωμαῖον

325 1909 758 1982 εὐνουχίζεσθαι,
788 1877 924 1980 μηδὲ
951 1907 1056 1972 ἔξω
1086 1905 1180 1960 τοῦ
1212 1877 1521 1977 Ῥωμαῖίκοῦ
1553 1877 1806 1977 ἐδάφους,
1829 1925 1937 1980 μη-
1976 1877 2018 1932 Β
2048 1887 2170 1982 {iam
2216 1884 2392 1939 δοίυῐη
2429 1900 2444 1951 ἱ

326 2001 382 2052 δὲ
426 2000 721 2071 ἀγοράζειν
786 1998 991 2070 μηδένα
1029 1998 1122 2052 τὸν
1173 1998 1597 2068 εύνουχισθέντα
1635 1999 1932 2072 Ῥωμαῖον,

323 2091 463 2144 ἀλλά
490 2093 583 2144 κοιλ⁹
610 2091 703 2144 τὸν
732 2090 1146 2160 εὐνουχίσαντα,
1167 2090 1260 2144 καὶ
1278 2091 1442 2143 αὑτὸν
1465 2093 1819 2160 ἀγοράσαντα
1840 2093 1938 2148 καὶ

323 2183 416 2236 τὸν
434 2183 950 2254 συμϐολαιογράφον
974 2183 1066 2236 τὸν
1089 2182 1488 2255 συγγράψαντα
1514 2183 1682 2238 αὑτοῦ
1702 2184 1761 2236 τὸ
1797 2202 1936 2256 συμ-

323 2274 564 2339 ϐόλαιον,
598 2273 810 2328 καὶτὸν
833 2272 1075 2344 τελώνην
1120 2274 1211 2327 τὸν
1250 2275 1626 2346 κομισάμενον
1684 2274 1840 2340 τέλος
1882 2293 1935 2329 τι

323 2367 468 2439 ὑπὲρ
495 2365 690 2419 τούτου
714 2365 1095 2438 τιμωρεῖσθαι.
1131 2365 1174 2420 Τ
1178 2369 1213 2421 ἀ
1245 2367 1303 2421 δέ
1337 2367 1590 2440 βάρϐαρα
1626 2367 1938 2440 ἀνδράποδα

320 2463 394 2516 τά
425 2461 852 2532 εύνουχιζόμενα
874 2459 1078 2526 ἔξωθεν
1104 2462 1198 2514 τοῦ
1229 2460 1541 2532 Ῥωμαῖκοῦ
1580 2459 1814 2531 ἐδάφους
1844 2459 1934 2524 ἑξ-

322 2553 468 2606 έστω
502 2553 636 2606 πᾶσι
662 2553 776 2614 τοῖς
800 2551 1065 2622 ἐμπόροις
1095 2551 1192 2605 καὶ
1238 2550 1535 2622 ἀγοράζειν
1573 2551 1670 2605 καὶ
1726 2551 1937 2622 πιπρά-

327 2661 503 2698 σκειν.
519 2644 627 2699 Τοῦ
654 2644 711 2698 δὲ
748 2643 839 2716 μη¹
871 2644 1074 2716 βιϐλίου
1098 2644 1193 2698 τοῦ
1216 2644 1466 2710 Κώδικος
1489 2647 1517 2700 ό
1537 2651 1588 2715 η’
1613 2645 1791 2708 τίτλος
1820 2647 1938 2699 κεῖ-

324 2755 418 2792 ται
451 2739 508 2792 ἐν
539 2737 729 2809 βιϐλίῳ
751 2737 792 2805 ξ’
813 2737 922 2791 τῶν
943 2736 1273 2801 Βασιλικῶν,
1310 2739 1416 2792 τίτ.
1451 2736 1553 2798 λθ’,
1576 2737 1645 2790 τὰ
1674 2737 1732 2790 δὲ
1763 2739 1938 2806 κεφά-

332 2831 464 2884 λαια
491 2829 667 2883 ταῦτα
697 2828 1145 2898 παρελείφθησαν
1170 2830 1262 2882 καὶ
1315 2829 1417 2882 οὐκ
1447 2828 1738 2900 ἐτέθησαν.
1780 2828 1845 2881 Ἥ
1883 2827 1943 2882 δὲ

334 2929 468 2995 ρμα¹
504 2920 678 2993 νεαρά
724 2921 819 2974 τοῦ
863 2919 1249 2974 ’Ῑουστινιανοῦ
1287 2919 1450 2992 ἐτέθη
1482 2922 1562 2986 είς
1599 2920 1802 2992 βιϐλίον
1829 2920 1939 2974 τῶν

331 3012 638 3067 Βασιλικῶν
671 3013 734 3078 ξ’,
775 3012 954 3066 τίτλον
983 3019 1084 3078 να’,
1119 3031 1246 3083 κεφ.
1279 3013 1319 3066 δ’
1346 3030 1358 3043 ·
1382 3013 1411 3066 ὃ
1449 3015 1542 3066 καὶ
1589 3013 1700 3083 ἔχει
1729 3013 1902 3077 οὓτως
1925 3029 1941 3045 ⁶

332 3106 681 3177 Θεσπίζομεν
708 3107 766 3159 ἐν
810 3105 1112 3176 οίῳδήποτε
1170 3106 1322 3176 τόπῳ
1344 3105 1444 3175 τῆς
1471 3105 1748 3178 ἡμετέρας
1784 3105 1940 3160 πολι-

331 3201 482 3264 τείας
528 3198 864 3270 εύνουχίζειν
932 3198 1259 3270 τολμῶντας
1297 3199 1332 3269 ἢ
1393 3199 1767 3271 τολμήσοντας
1794 3199 1938 3252 οίον-
1972 3239 2015 3296 c

332 3293 535 3365 δήποτε
571 3295 888 3364 πρόσωπον,
923 3292 973 3344 εἰ
1021 3291 1120 3363 μὲν
1152 3290 1346 3363 ἄνδρες
1376 3289 1486 3345 εἶεν
1523 3293 1572 3344 οἱ
1622 3291 1783 3345 τοῦτο
1821 3290 1942 3344 τολ-

338 3389 632 3458 μήσαντες,
677 3386 710 3457 ἢ
763 3385 859 3439 καὶ
892 3384 1201 3455 τολμῶντες
1230 3427 1246 3451 ,
1281 3385 1448 3439 ταύτὺ
1483 3384 1641 3438 τοῦτο
1681 3384 1876 3438 παθεῖν
1917 3384 1946 3438 ὃ

338 3479 695 3547 πεποιήκασι,
719 3479 814 3532 καὶ
856 3479 905 3531 εί
963 3477 1318 3549 περισωθεῖεν
1338 3520 1354 3546 ,
1397 3477 1466 3531 τά
1494 3477 1806 3550 πράγματα
1837 3478 1938 3530 αύ-

337 3571 450 3623 τῶν
471 3571 549 3640 τῷ
597 3570 845 3642 δημοσίῳ
884 3569 1358 3642 προσκυροῦσθαι,
1394 3570 1484 3624 διά
1522 3569 1618 3623 τοῦ
1650 3570 1792 3623 κατά
1822 3588 1946 3623 καιο

338 3664 434 3736 ρον
462 3664 561 3734 τὴν
593 3665 692 3731 τῆς
724 3663 825 3734 σῆς
854 3663 1201 3736 ἐνδοξότητος
1230 3663 1486 3726 ἀνύοντος
1519 3663 1719 3733 ἀρχὴν,
1753 3661 1944 3716 κάκεί-

335 3774 448 3819 νοις
483 3758 541 3810 ἐν
566 3755 726 3827 γύψῳ
754 3756 1095 3828 πέμπεσθαι,
1128 3756 1445 3826 ὀφείλοντας
1477 3754 1570 3809 τὸν
1593 3755 1809 3810 ἅπαντα
1845 3754 1946 3824 τῆς

337 3851 485 3921 ζωῆς
515 3849 696 3903 αὐτῶν
723 3850 916 3921 χρόνον
951 3851 1068 3904 ἐκεῖ
1090 3845 1249 3904 εἶναι.
1283 3849 1344 3902 Εἰ
1365 3849 1422 3902 δέ
1465 3850 1724 3916 γυναῖκες
1751 3841 1861 3900 εἶεν
1884 3846 1944 3900 αἱ

336 3940 498 3994 τοῦτο
517 3940 787 4007 ποιοῦσαι,
823 3941 917 3993 καὶ
939 3939 1142 4003 ταύτας
1165 3938 1552 4010 τιμωρεῖσθαι,
1576 3937 1755 3992 καὶτὰ
1792 3935 1939 4005 πρά-

341 4051 378 4100 γ
387 4051 537 4103 ματα
567 4033 744 4088 αὐτῶν
764 4034 849 4087 διὰ
871 4031 966 4086 τοῦ
991 4031 1134 4086 κατὰ
1159 4032 1349 4102 καιρὸν
1368 4032 1466 4103 τὴν
1496 4033 1668 4100 αὐτὴν
1688 4029 1945 4093 ἀνύοντος

341 4126 518 4198 ἀρχὴν
549 4127 626 4198 τῷ
641 4126 884 4199 δημοσίῳ
907 4124 1371 4198 προσκυροῦσθαι,
1386 4126 1481 4178 καὶ
1498 4127 1578 4188 εἰς
1593 4125 1807 4197 ἐξορίαν
1833 4126 1946 4198 πέμ

344 4219 546 4273 πεσθαι
580 4259 596 4285 ,
645 4220 736 4273 ἵνα
789 4218 850 4285 ἐξ
889 4213 958 4292 ἧς
995 4220 1257 4288 ἐνόμισαν
1307 4218 1340 4290 ἢ
1383 4218 1613 4290 ἐνόησαν
1690 4220 1948 4285 ἀσεϐείας

345 4313 539 4385 κέρδος
571 4314 756 4378 αὐτοῖς
807 4315 1118 4386 περιποιεῖν
1143 4312 1204 4377 ἐξ
1235 4312 1410 4382 αὐτῆς
1437 4312 1709 4386 τιμωρίαν
1734 4314 1829 4369 καὶ
1858 4313 1952 4368 ἔκ-

343 4421 552 4458 πτωσιν
576 4404 688 4458 τῶν
712 4405 858 4459 ἰδίων
887 4404 1237 4474 πραγμάτων
1265 4403 1567 4459 ὑποστῶσι.
1587 4404 1728 4468 Τοὺς
1767 4405 1951 4475 μέντοι

343 4498 732 4565 ἐπιτάξαντας,
757 4497 853 4552 καὶ
865 4498 958 4550 ἐπὶ
972 4498 1146 4568 τούτῳ
1163 4497 1454 4569 πρόσωπον
1472 4497 1948 4567 παραδεδωκότας,

2035 607 2138 646 non
2162 593 2381 657 habens,
2414 593 2483 646 ad
2509 602 2786 647 vacantem
2811 592 3176 663 episcopatum
3212 595 3505 662 perveniat.

2105 685 2339 740 Coucilii
2375 685 2705 740 Autiocheni
2736 700 2916 740 canon
2950 685 3039 739 16.

2109 775 2260 830 CAP.
2291 775 2435 830 XIV.
2463 806 2535 816 ——
2562 776 2791 841 Quando
2815 777 3111 842 eunuchus,
3156 785 3248 830 aut
3295 775 3388 846 qui
3435 775 3639 846 alioqui

2037 869 2176 925 male
2235 870 2426 940 a/fecto
2473 886 2691 942 corpore
2742 878 2845 936 est,
2889 871 3167 940 episcopus
3201 909 3217 936 ,
3269 877 3364 923 aut
3407 868 3635 923 clericus

2037 973 2263 1018 creetur.

2112 1055 2500 1125 Apostolorum
2541 1069 2720 1109 canon
2748 1052 2843 1119 21,
2887 1050 2983 1117 22,
3009 1050 3098 1117 77,
3127 1048 3196 1104 78
3233 1067 3248 1117 ;
3282 1047 3505 1106 concilii
3543 1047 3640 1104 Ni-

2049 1149 2188 1204 cazni
2230 1164 2406 1202 canon
2439 1149 2489 1203 1.

2116 1239 2331 1293 Τεαιιιε.
2373 1236 2563 1293 Civilis
2595 1239 2676 1292 lex
2704 1252 2800 1293 eos
2835 1236 2930 1307 qui
2973 1237 3186 1307 seipsos
3226 1242 3322 1288 aut
3374 1233 3510 1290 alios
3544 1249 3641 1291 ca-

2043 1338 2240 1393 strant,
2284 1338 2414 1392 etc.,
2468 1343 2632 1397 usque
2683 1327 2752 1381 ad
2797 1326 2893 1397 qui
2944 1326 3228 1381 eunuchos
3279 1322 3531 1391 faciunt,
3581 1333 3640 1377 ut

2041 1437 2168 1491 pag.
2202 1417 2330 1473 505.

2117 1510 2417 1567 Scholium.
2467 1509 2658 1566 Const.
2709 1509 2733 1562 1
2786 1516 2841 1564 et
2888 1509 2945 1573 2,
2982 1509 3066 1564 tit.
3122 1509 3214 1577 12,
3255 1509 3352 1564 lib.
3410 1524 3465 1563 IV
3516 1509 3643 1563 cod.

2043 1605 2239 1676 posita:
2267 1616 2396 1659 sunt
2446 1603 2500 1658 in
2545 1603 2636 1658 lib.
2672 1602 2818 1657 Basil
2863 1617 2980 1668 xix,
3017 1601 3098 1656 tit.
3133 1602 3185 1668 1,
3221 1618 3341 1671 cap.
3377 1600 3464 1664 l7,
3496 1602 3646 1672 quod

2046 1701 2112 1754 ad
2143 1700 2288 1755 hune
2319 1699 2543 1753 modum
2581 1698 2780 1751 habet:
2835 1695 3172 1751 Constitutio
3208 1696 3385 1765 jubet,
3420 1711 3488 1752 ne
3520 1697 3647 1766 quis

2049 1790 2334 1848 Romanus
2387 1790 2680 1846 eunuchus
2715 1789 2830 1851 ﬁat,
2882 1804 2951 1843 ne
2978 1799 3134 1843 extra
3168 1786 3478 1842 Romanum
3525 1789 3650 1858 qui-

2498 1893 2553 1937 et
2599 1897 2667 1936 ne
2725 1879 2899 1953 [quis]
2947 1881 3265 1935 Romanum
3329 1881 3647 1935 eunuchum

2047 1980 2255 2036 laetum
2310 1985 2506 2032 emat:
2572 1975 2668 2030 sed
2741 1985 2799 2030 ut
2856 1975 2948 2042 qui
3003 1975 3326 2030 eunuchum
3381 1973 3534 2039 fecit,
3587 1988 3654 2027 ac

2048 2075 2164 2147 ipse
2193 2083 2430 2144 emptor,
2459 2069 2627 2144 [tum]
2658 2077 2712 2124 et
2735 2068 2957 2124 tabellio
2985 2069 3078 2140 qui
3112 2070 3177 2125 de
3207 2085 3270 2125 ea
3303 2066 3411 2142 [re]
3445 2068 3654 2122 instru-

2049 2178 2298 2225 mentum
2355 2168 2710 2238 conscripsit,
2763 2174 2819 2220 et
2850 2166 3178 2236 publicanus
3227 2162 3511 2237 [denique]
3555 2163 3652 2232 qui

2052 2258 2341 2330 vectigalis
2379 2260 2588 2330 aliquid
2623 2274 2722 2330 pro
2755 2273 2822 2314 eo
2851 2257 3118 2328 suscepit,
3151 2257 3482 2326 puniantur.
3517 2253 3654 2308 Bar-

2049 2356 2186 2412 bara
2242 2368 2374 2409 vero
2425 2353 2724 2422 mancipia,
2766 2361 2920 2408 extra
2946 2350 3280 2421 ,Romauum
3330 2348 3509 2404 solum
3547 2362 3646 2402 ca-

2051 2458 2246 2514 strata,
2275 2447 2700 2520 quibuscumque
2760 2445 3196 2516 negotiatoribus
3251 2456 3440 2498 emere
3490 2441 3654 2498 liceat

2051 2553 2109 2601 et
2159 2543 2420 2599 vendere.
2468 2540 2577 2596 Tit.
2630 2555 2794 2611 porro
2823 2538 2878 2605 8,
2927 2539 3025 2593 lib.
3083 2553 3250 2593 vaul
3294 2534 3416 2607 Dig.
3458 2544 3545 2593 est
3593 2537 3651 2590 in

2048 2638 2145 2693 lib.
2176 2653 2245 2692 ιχ
2280 2634 2449 2699 Basil,
2490 2635 2574 2688 tit.
2607 2635 2696 2689 38.
2737 2631 2865 2687 iisne
2897 2646 3026 2686 vero
3057 2631 3234 2700 capita
3261 2629 3470 2685 omissa
3497 2636 3651 2694 sunt,

2051 2740 2105 2788 et
2125 2747 2232 2784 non
2267 2729 2467 2800 posita.
2500 2727 2723 2782 Novella
2756 2733 2943 2780 autem
2973 2723 3270 2778 .Iustiniani
3301 2722 3425 2788 “2,
3471 2721 3652 2792 posita

2050 2833 2135 2880 est
2159 2826 2212 2878 in
2239 2823 2333 2877 lib.
2364 2819 2532 2876 Basil.
2560 2819 2648 2885 17,
2675 2820 2759 2874 tit.
2787 2819 2878 2881 51,
2904 2833 3028 2886 cap.
3057 2817 3128 2884 4;
3160 2817 3309 2887 quod
3341 2815 3423 2871 sic
3453 2815 3649 2869 habet:

2053 2917 2370 2980 Sancimus,
2418 2912 2599 2984 utqui
2648 2912 2702 2966 in
2743 2925 3086 2983 quocunque
3174 2908 3491 2979 reipublicaz
3553 2921 3654 2961 no-

2051 3023 2182 3066 strae
2213 3009 2331 3065 loco
2384 3021 2777 3079 quamcunque
2806 3019 3099 3076 personam
3149 3009 3394 3057 castrare
3435 3013 3655 3070 ιιι-εοεαε

2051 3111 2232 3166 munt,
2285 3111 2378 3156 aut
2423 3103 2589 3156 etiam
2632 3104 3124 3171 prmsumpseruut,
3195 3094 3240 3150 si
3269 3093 3490 3164 quidem
3547 3091 3653 3145 viri

2053 3203 2184 3252 sunt
2211 3194 2304 3266 qui
2334 3195 2440 3250 hoc
2469 3193 2652 3248 facere
2683 3189 3162 3264 praesumpserint,
3194 3196 3286 3242 aut
3309 3187 3474 3240 etiam
3506 3199 3652 3255 prae-

2054 3296 2304 3351 sumunt,
2359 3286 2503 3341 idem
2538 3286 2643 3340 hoc
2685 3283 2834 3356 quod
2865 3285 2987 3340 aliis
3021 3282 3292 3345 fecerunt,
3335 3287 3389 3334 et
3418 3278 3522 3350 ipsi
3551 3292 3654 3348 pa-

2056 3382 2284 3437 tiantur.
2313 3380 2379 3435 Et
2404 3380 2449 3434 si
2483 3379 2792 3434 incolumes
2810 3383 3129 3439 evaserunt,
3153 3382 3268 3429 tam
3299 3372 3442 3427 bona
3460 3385 3652 3426 eorum

2054 3476 2378 3530 addicantur
2410 3475 2562 3539 ﬁsco,
2595 3487 2692 3541 per
2731 3487 2855 3526 eum
2911 3471 3003 3541 qui
3036 3483 3140 3541 pro
3173 3476 3422 3536 tempore
3472 3463 3653 3533 magi-

2056 3578 2290 3625 stratum
2340 3569 2456 3624 obit
2505 3569 2694 3640 gloria:
2736 3576 2842 3621 tuae
2881 3579 3090 3636 :quam
3127 3561 3232 3635 ipsi
3279 3562 3569 3616 mittantur
3597 3557 3652 3609 in

2057 3679 2310 3734 gypsum,
2345 3662 2439 3717 ubi
2480 3663 2730 3718 locorum
2781 3674 2880 3730 per
2929 3672 3096 3712 omne
3127 3656 3252 3711 vita:
3297 3669 3412 3709 suae
3436 3660 3656 3720 tempus

2055 3773 2180 3814 esse
2209 3756 2510 3812 debebunt.
2555 3754 2654 3810 Sin
2689 3769 2821 3808 vero
2843 3752 3108 3806 mulieres
3143 3756 3274 3804 sunt
3302 3761 3426 3818 quae
3457 3745 3510 3799 id
3529 3757 3658 3813 ege-

2058 3857 2208 3916 runt,
2241 3848 2550 3904 aliieiantur
2598 3855 2654 3902 et
2693 3847 2826 3917 ipsa:
2862 3843 3159 3915 supplicio,
3197 3850 3252 3896 et
3281 3841 3427 3896 bona
3461 3851 3655 3892 earum

2058 3962 2156 4017 per
2188 3960 2312 4000 eum
2358 3943 2451 4013 qui
2487 3957 2588 4012 pro
2614 3950 2860 4011 tempore
2888 3938 3031 4009 gerit
3061 3935 3444 4005 magistratum
3478 3941 3657 3991 tuum,

2059 4038 2386 4093 addicuntur
2413 4035 2570 4101 fisco,
2617 4033 3019 4101 mittanturque
3059 4029 3113 4084 in
3148 4026 3407 4084 exsilium
3431 4065 3445 4090 ,
3483 4029 3541 4076 ut
3589 4035 3657 4074 ex

2059 4145 2172 4200 quo
2232 4126 2479 4199 putarint
2532 4133 2629 4179 aut
2674 4122 2976 4191 cogitariut
3027 4119 3259 4188 impium
3325 4130 3384 4170 se
3438 4113 3654 4167 lucrum

2061 4228 2438 4285 assecuturas,
2477 4233 2547 4272 ex
2579 4231 2643 4271 eo
2669 4215 2904 4286 suplicia
2933 4212 3098 4268 simul
3129 4223 3186 4266 et
3218 4211 3491 4264 bonorum
3523 4218 3660 4260 suo-

2061 4327 2185 4367 rum
2231 4308 2590 4365 amissionem
2627 4306 2966 4361 sustineant.
3005 4301 3181 4356 Porro
3212 4309 3268 4356 et
3315 4312 3412 4353 eos
3460 4294 3555 4365 qui
3588 4293 3658 4348 ad

2062 4404 2170 4459 hoc
2203 4400 2536 4478 .mandatum
2580 4396 2852 4458 dederint,
2917 4392 3287 4449 obtulerintve
3368 4400 3658 4458 personas,

2063 4495 2352 4552 autetiam
2405 4493 2605 4548 domos
2637 4490 2724 4545 vel
2759 4489 2937 4544 locum
2975 4487 3212 4555 aliquem
3259 4480 3326 4536 ad
3370 4480 3474 4533 hoc
3518 4492 3662 4546 pra:-

341 4592 377 4660 ἢ
417 4591 513 4644 καὶ
539 4591 731 4654 οἴκοις,
762 4590 795 4661 ἢ
828 4591 995 4643 τόπον
1049 4589 1174 4643 τινὰ
1203 4589 1297 4643 ἐπὶ
1330 4588 1506 4660 τούτῳ
1539 4589 1947 4660 παρεχομένους

2070 4586 2311 4650 buerint,
2341 4592 2436 4639 aut
2463 4583 2735 4654 praebent,
2772 4579 2888 4634 sive
2931 4577 3035 4632 viri
3063 4575 3176 4631 sint
3207 4573 3324 4628 sive
3369 4568 3658 4632 mulieres,

344 4684 457 4736 εἴτε
493 4684 858 4754 παρέχοντας,
896 4683 1006 4737 εἴτε
1034 4683 1228 4754 ἄνδρες
1261 4678 1394 4749 εἷεν,
1413 4683 1527 4736 εἴτε
1557 4685 1820 4752 γυναῖκες
1848 4684 1948 4746 τὰς

343 4776 514 4839 αὑτὰς
545 4777 844 4848 κελεύομεν
895 4777 1199 4848 ὑποστῆναι
1253 4777 1525 4848 τιμωρίας
1579 4776 1655 4838 ὡς
1701 4775 1950 4830 συνίστο-

345 4886 449 4936 ρας
481 4869 792 4939 γινομένοις
825 4869 927 4939 τῆς
978 4869 1169 4923 ἀδίκου
1201 4869 1407 4941 ταύτης
1439 4870 1715 4942 πράξεως,
1756 4870 1950 4932 αὐτοὺς

342 4961 402 5015 δὲ
435 4963 562 5024 τοὺς
592 4961 1043 5031 εὐνουχισοέντας
1079 4961 1251 5033 ἐχρῆν
1289 4961 1390 5032 μὲν
1434 4961 1543 5014 ἀπὸ
1571 4960 1954 5032 παλαιοτέρων

333 5055 578 5125 χρόνων.
606 5053 1078 5125 Πλὴνικελεύομεν
1131 5056 1262 5120 τοὺς
1296 5055 1405 5109 ἀπὸ
1467 5056 1568 5127 τῆς
1633 5055 1664 5109 ι’
1689 5054 1955 5125 ἐπινεμή-

346 5163 488 5210 σεως
549 5147 644 5201 τοῦ
696 5148 792 5203 νύν
837 5148 1164 5214 ἐπελθόντος
1202 5166 1217 5182 ⁸
1253 5148 1460 5204 κύκλου
1505 5149 1955 5220 εύνουχισθέντας

347 5240 485 5313 παρ’
531 5241 846 5296 οὑτινοσοῦν
887 5243 947 5298 ἐν
974 5244 1162 5308 τόποις
1193 5243 1292 5316 τῆς
1347 5243 1628 5316 ἡμετέρας
1682 5241 1958 5306 πολιτείας

343 5334 669 5406 ἐλευθέρους
699 5331 861 5403 εἶναι,
889 5337 985 5392 καὶ
1015 5337 1160 5392 κατὰ
1186 5339 1393 5409 μηδένα
1430 5337 1632 5408 τρόπον
1669 5337 1701 5408 ἢ
1752 5336 1961 5407 οἱονδή-

347 5443 482 5479 ποτε
524 5423 664 5490 εἶδος
696 5428 1148 5500 συναλλάγματος
1181 5431 1261 5492 εἰς
1287 5429 1532 5482 δουλείαν
1570 5427 1958 5493 καθέλκεσθαι,

348 5518 483 5590 μηδὲ
517 5519 846 5589 συμϐόλαιον
885 5521 973 5573 ἐπ’
1013 5522 1199 5584 αὺτοῖς
1229 5523 1486 5591 ἀγοραῖον
1513 5561 1528 5586 ,
1587 5521 1620 5584 ἦ
1678 5520 1961 5590 ἰδιόχειρον

344 5611 472 5665 καθ’
513 5611 833 5684 οἱονδήποτε
861 5613 1067 5685 τρόπον
1091 5612 1126 5684 ἢ
1164 5615 1307 5666 κατά
1343 5612 1629 5684 περίνοιαν
1667 5611 1959 5682 γινόμενον

342 5700 379 5772 ἢ
415 5704 782 5774 γενησόμενον
817 5706 1083 5772 κρατεῖν,
1138 5703 1276 5756 ἀλλά
1332 5705 1464 5777 μηδέ
1513 5704 1610 5766 τὰς
1666 5702 1964 5772 λεγομένας

344 5793 670 5866 ἀνακρίσεις
688 5797 781 5850 ἐπὶ
801 5796 1067 5861 τοιούτοις
1093 5797 1342 5866 γίνεσθαι
1363 5796 1679 5870 προσώποις
1697 5797 1729 5868 ἢ
1750 5794 1966 5866 γινομέ-

347 5902 447 5950 νας
477 5890 720 5958 κρατεῖν.
759 5889 922 5946 Ἀλλὰ
955 5891 1050 5944 καὶ
1073 5890 1434 5962 πάνταςξτοὺς
1462 5888 1740 5954 τοιούτους
1772 5888 1968 5945 συναλ-

2059 4680 2246 4751 eadem
2275 4677 2466 4734 subire
2493 4674 2761 4746 supplicia
2785 4672 3047 4743 iubemus
3069 4687 3083 4723 :
3108 4675 3299 4737 utpote
3322 4661 3417 4734 qui
3440 4661 3661 4730 iniustae

2056 4773 2224 4844 hujus
2255 4771 2491 4828 actionis
2529 4779 2700 4824 testes
2729 4767 2857 4822 facti
2910 4773 3059 4821 sunt.
3117 4759 3319 4816 Verum
3357 4759 3511 4828 ipsos
3563 4769 3660 4809 ca-

2055 4877 2260 4923 su-alos
2289 4857 2505 4920 Ia‘iuetsi
2540 4879 2568 4916 a
2601 4859 3000 4917 vetustioribus
3044 4853 3388 4924 temporibus
3454 4849 3659 4902 liberos

2056 4976 2178 5016 esse
2206 4957 2500 5028 oportebat
2524 4975 2536 5009 :
2568 4954 2831 5019 jubemns
2865 4960 3072 5014 tamen,
3111 4956 3170 5000 ut
3199 4945 3292 5015 qui
3323 4943 3439 5014 jam
3467 4940 3597 4995 inde
3625 4954 3656 4992 a

2057 5052 2269 5107 decima
2306 5049 2607 5104 indictione
2635 5044 2885 5100 ineuntis
2912 5040 3103 5098 circuli
3138 5053 3233 5106 per
3271 5045 3662 5106 quemcunque

2061 5146 2113 5198 in
2141 5147 2145 5154 '
2173 5145 2311 5198 locis
2352 5151 2554 5195 nostra?
2593 5137 2907 5208 reipublicae
2955 5133 3181 5191 castrati
3215 5130 3458 5194 luerunt,
3503 5124 3659 5180 liberi

2059 5238 2169 5292 sint
2195 5254 2208 5290 :
2242 5250 2421 5303 neque
2451 5233 2563 5288 ullo
2591 5231 2774 5293 modo,
2805 5238 2901 5284 aut
2941 5226 3144 5299 quovis
3167 5236 3370 5296 genere
3433 5228 3662 5274 contra-

2062 5340 2184 5386 ctus
2221 5329 2274 5383 iu
2313 5328 2639 5383 servitutem
2674 5323 3056 5379 retrahantur:
3083 5333 3264 5389 neque
3288 5317 3421 5370 item
3457 5312 3665 5366 instru-

2065 5430 2306 5478 mentum
2346 5421 2410 5472 cle
2443 5420 2581 5490 ipsis
2624 5417 2709 5472 vel
2768 5415 3074 5486 publicum,
3121 5413 3207 5466 vel
3254 5408 3465 5478 privata
3499 5417 3662 5456 manu

2065 5516 2460 5585 conscriptum,
2514 5525 2846 5582 quocunque
2899 5508 3118 5562 tandem
3179 5502 3365 5562 modo,
3419 5506 3514 5552 aut
3566 5509 3664 5564 per

2067 5606 2317 5662 fraudem
2371 5603 2601 5669 factum,
2633 5611 2729 5657 aut
2776 5600 3041 5664 liendum,
3077 5595 3275 5650 valeat.
3325 5588 3432 5644 Sed
3485 5599 3666 5655 neque

2069 5700 2382 5769 inquirendi
2421 5699 2638 5752 illorum
2665 5705 2846 5752 status
2893 5708 3062 5750 causa
3099 5688 3441 5758 cognitiones
3472 5724 3486 5748 9
3541 5693 3665 5749 quia

2069 5794 2394 5865 ἀνακρίσεις
2421 5792 2701 5855 dicuntur,
2733 5789 2801 5844 de
2843 5781 3160 5842 istiusmodi
3195 5776 3448 5852 personis
3491 5775 3665 5828 inter-

2076 5897 2376 5963 ponantur,
2427 5894 2522 5942 aut
2563 5881 2901 5954 interposita:
2937 5878 3173 5936 valeant.
3217 5873 3325 5932 Sed
3378 5878 3432 5927 ct
3472 5879 3669 5925 omnes
