4146 6442
581 352 686 415 909

1746 343 2013 405 PIIOTII
2046 342 2558 403 PATRIARCHA‘I
2574 402 2581 409 .
2597 342 2709 404 (ΞΡ.

3745 342 3862 411 1000

577 479 674 520 eos
712 462 807 531 qui
866 460 960 516 tali
1001 458 1311 516 contractui
1360 458 1415 511 iu
1468 467 1748 527 posterum
1800 458 2169 513 ministerium

2296 456 2522 525 ιάγμασι
2544 456 2605 507 τὸ
2634 453 2822 508 λοιπὸν
2839 449 3275 523 ὐπουργοῦντας,
3290 451 3389 516 τὰς
3409 452 3658 526 ἀνωτέρω
3691 457 3858 511 κελεύ.

577 555 845 624 νιωίιεηι,
892 554 1147 622 superius
1177 552 1411 607 traditas
1456 551 1644 606 subire
1672 565 1866 621 poenas
1900 550 2184 621 jubemus.

584 647 859 704 Praeterea
908 647 955 701 si
997 646 1311 711 usuveniat,
1346 653 1406 698 ut
1433 658 1628 698 servus
1671 653 1899 713 propter
1926 646 2183 698 morbum

582 749 858 797 castretur
884 780 897 805 ,
942 738 1225 808 jubemus,
1254 745 1312 789 ut
1337 745 1391 790 et
1421 735 1509 789 ille
1547 735 1855 789 libertatem
1891 736 2185 790 nancisca-

584 842 696 888 tur.
721 831 826 898 Qui
879 832 1027 885 enim
1065 830 1134 883 ab
1172 829 1325 883 initio
1352 827 1503 880 liberi
1538 836 1688 889 sunt,
1717 827 1761 881 si
1808 826 1949 881 forte
1997 828 2047 881 in
2084 829 2189 883 huc

582 941 761 997 genus
796 924 975 978 morbi
1031 922 1303 987 incidunt,
1346 920 1429 974 sui
1467 929 1798 989 potestatem
1851 921 2080 987 habent,
2129 930 2188 975 ut

584 1016 732 1088 quod
788 1016 979 1079 velint,
1034 1014 1137 1068 sibi
1183 1013 1486 1068 remedium
1535 1012 1856 1066 adhibeant.
1919 1010 2188 1068 Jubemus

588 1106 775 1176 igitur,
834 1113 894 1158 ιιι
948 1104 1000 1155 in
1048 1110 1237 1157 nostra
1285 1101 1563 1170 republica
1602 1100 1827 1155 castrati
1856 1100 1970 1171 jam
2002 1100 2127 1156 inde
2157 1118 2185 1155 a

584 1206 893 1255 memorato
948 1206 1214 1265 tempore,
1258 1195 1401 1266 apud
1453 1210 1846 1264 quamcunque
1890 1209 2186 1265 personam

588 1292 721 1358 sint,
764 1291 1179 1361 perquirantur,
1229 1299 1284 1343 et
1325 1288 1481 1343 liberi
1538 1288 1669 1353 sint,
1713 1303 1892 1358 neque
1941 1303 2187 1358 unquam

584 1387 638 1439 in
674 1388 993 1441 servitutem
1044 1386 1422 1440 retraliantur.
1472 1382 1743 1439 Czeterum
1773 1384 1817 1439 si
1850 1384 1945 1454 qui
1995 1398 2188 1438 eorum

582 1487 709 1548 post
740 1488 1066 1548 praesentem
1119 1488 1364 1533 nostram
1428 1478 1602 1547 legem
1650 1476 1863 1545 aliquos
1910 1474 2188 1530 destinere

585 1572 727 1643 apud
752 1587 811 1627 se
833 1582 1107 1627 castratos
1130 1571 1583 1643 praesumpserint
1605 1611 1619 1635 ,
1646 1570 1843 1625 damus
1864 1570 2030 1623 etiam
2052 1569 2188 1639 ipsis

582 1668 841 1721 Castratis
874 1666 1181 1731 licentiam,
1214 1665 1477 1718 nimirum
1502 1664 1595 1734 qui
1626 1664 1795 1718 semel
1816 1678 1881 1717 ex
1920 1671 2189 1734 prazsente

586 1768 778 1814 nostra
804 1760 921 1829 lege
957 1760 1264 1814 libertatem
1296 1758 1729 1830 promeruerinl.
1762 1766 1821 1811 ιιι
1846 1758 1935 1813 hie
1966 1757 2188 1829 quidem

584 1852 930 1923 majestatem
990 1852 1427 1923 imperatoriam,
1488 1860 1542 1907 et
1603 1851 2018 1906 sanctissimum
2082 1868 2187 1921 pro

587 1955 841 2014 tempore
869 1944 1245 2014 putriarclmm
1277 1946 1495 2009 adeant,
1536 1959 1712 2013 neque
1748 1958 1857 1997 non
1883 1943 2026 2012 apud
2069 1944 2186 2013 glo-

588 2039 926 2094 riosissimos
974 2037 1192 2107 imperii
1244 2037 1415 2091 nostri
1454 2051 1710 2106 proceres
1766 2036 2088 2090 relationem
2125 2052 2187 2091 ea

586 2130 657 2185 de
700 2146 757 2185 re
786 2130 1112 2186 instituant:
1148 2130 1201 2184 in
1236 2129 1537 2200 provinciis
1586 2144 1739 2193 vero,
1782 2128 1927 2197 apud
1973 2128 2192 2199 religio-

587 2222 846 2276 sissimos
893 2222 1139 2274 locorum
1171 2222 1487 2291 episcopos.
1538 2230 1592 2275 et
1631 2220 1830 2274 borum
1886 2220 2186 2290 prtesides:

586 2330 698 2383 quo
732 2314 961 2368 omnino
1015 2313 1356 2383 providentia
1394 2324 1707 2368 nostrorum
1746 2313 2188 2381 magistratuum,

586 2418 641 2461 et
669 2407 915 2477 periculo
965 2407 1462 2476 obtemperantium
1512 2406 1649 2476 ipsis
1681 2406 1997 2461 cohortium
2049 2408 2189 2476 (sive

585 2498 1087 2569 Constantinopoli,
1126 2500 1240 2553 sive
1284 2498 1643 2569 alibicunque
1681 2500 1929 2554 locorum
1985 2509 2191 2555 nostra}

585 2590 926 2661 reipublicae)
980 2592 1066 2645 his
1099 2592 1404 2646 secundum
1449 2592 1758 2647 libertatem
1808 2592 2012 2646 dentur
2066 2593 2188 2647 vin-

586 2685 766 2749 diciae,
798 2684 1129 2755 libertasque
1156 2701 1222 2739 ex
1246 2696 1518 2756 praesente
1544 2696 1734 2742 nostra
1758 2688 1879 2758 lege
1908 2686 2045 2757 ipsis
2074 2687 2188 2741 lar-

588 2777 699 2848 gita
757 2787 1141 2835 conservetur.
1196 2776 1334 2833 Nam
1394 2787 1476 2833 tot
1533 2782 1711 2835 caades
1758 2779 2187 2834 conniventibus

584 2871 762 2925 oculis
797 2872 1048 2941 accipere
1078 2888 1172 2942 per
1202 2888 1432 2929 causam
1464 2888 1655 2928 eorum
1686 2873 1779 2942 qui
1815 2872 1943 2927 talia
1975 2888 2189 2943 praesu-

583 2974 764 3030 nmnt,
802 2967 857 3018 in
916 2976 1106 3021 nostra
1149 2967 1453 3038 republica.
1502 2967 1827 3037 neutiquam
1864 2966 2192 3023 sustinueri-

2289 565 2424 618 ομεν
2458 545 3327 619 εἰρημέναςὑποστῆναι¹ποινάς.ξ
3356 544 3419 599 Εἰ
3451 544 3632 614 μέντοι
3664 546 3746 600 διὰ
3772 551 3860 604 πά-

2292 643 2386 707 θος
2423 643 2608 714 συμϐῇ
2638 641 2825 696 δοῦλον
2880 639 3297 712 εὐνουχισθῆναι
3320 682 3334 703 ,
3369 641 3620 694 κάκεῖνον
3666 642 3863 698 κελεύο-

2294 755 2395 806 μεν
2419 740 2519 808 τῆς
2552 734 2872 806 ἐλευθερίας
2893 733 3205 805 τυγχάνειν.
3236 735 3300 787 Οί
3326 733 3434 803 γὰρ
3460 734 3711 805 sesama;
3736 736 3864 803 ὅντες

2289 830 2566 901 ἐλεύθεροι
2594 830 2757 883 πάθει
2780 830 2857 892 ὼς
2883 828 3031 892 εἰκὸς
3060 828 3289 899 τοιούτῳ
3322 830 3735 897 περιπίπτοντες
3759 832 3864 885 ἐαυ-

2290 922 2398 974 τῶν
2424 921 2639 991 ἔχουσιν
2672 920 2921 987 ἐξουσίαν
2948 919 3017 989 ἡν
3051 917 3120 971 ἂν
3154 916 3351 971 θέλωσι
3411 918 3704 990 θεραπείαν
3754 923 3864 975 ἐαυ-

2291 1017 2404 1078 τοῖς
2459 1014 2796 1085 προσάγειν.
2836 1013 2977 1075 Τοὺς
3043 1012 3496 1083 εὐνουχισθέντας
3546 1012 3721 1065 τοίνυν
3772 1014 3864 1068 ἀπδ

2292 1104 2389 1159 τοῦ
2420 1103 2891 1175 μνημονευθέντος
2915 1102 3109 1172 χρόνου
3142 1102 3201 1155 ἐν
3236 1104 3301 1174 τῇ
3335 1103 3583 1174 ἡμετέρα
3641 1103 3866 1176 πολιτείᾳ

2295 1196 2427 1268 παρ’
2456 1197 2758 1267 οίῳδὴποτε
2784 1195 3063 1268 προσώπῳ
3099 1195 3260 1259 ὄντας
3292 1195 3591 1267 κελεύομεν
3617 1195 3869 1269 ἀναζητη-

2292 1290 2584 1363 θῆναι,καὶ
2610 1289 2935 1361 ἐλευθέρους
2962 1283 3103 1343 εῖναι
3128 1290 3221 1343 καὶ
3254 1290 3528 1361 μηδέποτε
3549 1291 3629 1352 είς
3651 1288 3871 1343 δουλείαν

2290 1385 2517 1450 τούτους
2561 1383 2944 1438 καθέλκεσθαι.
2986 1383 3049 1435 Εἰ
3084 1381 3268 1454 μέντοι
3296 1382 3635 1455 θαρρήσουσι
3659 1400 3794 1446 τινες
3823 1382 3899 1449 ἐξ

2292 1479 2475 1533 αὐτῶν
2524 1479 2635 1532 τῶν
2661 1477 3145 1548 εὐνουχισοέντων,
3182 1478 3335 1542 τινάς
3367 1478 3507 1548 μετά
3526 1476 3616 1530 τὸν
3650 1476 3871 1548 παρόντα

2292 1573 2449 1644 ἡμῶν
2471 1573 2723 1643 ἐπισχεῖν
2748 1572 2935 1643 νόμον,
2963 1571 3220 1643 διδόαμεν
3248 1571 3433 1626 ἄδειαν
3460 1572 3688 1635 καὶτοῖς
3716 1572 3873 1623 εὐνου-

2292 1667 2528 1739 χισοεῖσι
2574 1668 2761 1731 αὐτοῖς
2808 1668 2883 1730 ὡς
2928 1665 3079 1731 ἅπαξ
3112 1664 3429 1738 ἐλευθερίας
3456 1665 3520 1718 ἐκ
3550 1663 3645 1718 τοῦ
3682 1665 3870 1732 παρόν-

2298 1777 2389 1824 τος
2422 1759 2582 1831 ἡμῶν
2612 1758 2841 1830 τυχοῦσι
2875 1760 3067 1831 νόμον,
3116 1756 3355 1812 ἐνταῦθα
3393 1758 3494 1829 μέν
3522 1760 3590 1829 τῇ
3644 1774 3702 1811 τε
3736 1756 3873 1827 βασι-

2300 1852 2422 1924 λεία
2453 1852 2764 1921 προσιέναι,
2815 1851 2894 1923 τῷ
2933 1869 2994 1904 τε
3027 1850 3169 1905 κατά
3224 1850 3415 1921 καιρὸν
3446 1848 3735 1921 ἁγιωτάτῳ
3778 1868 3870 1903 τιαο

2299 1948 2563 2017 τριάρχῃ,
2579 1946 2673 1999 καὶ
2696 1948 2809 2006 τοῖς
2834 1944 3200 2009 ἐνδοξοτάτοις
3220 1944 3377 2016 ἡμῶν
3400 1945 3628 2015 ἄρχουσι
3657 1961 3877 2014 προσαγ-

2300 2040 2534 2110 γέλλειν.
2602 2040 2694 2095 Ἐν
2736 2040 2794 2093 δέ
2849 2041 2971 2101 ταῖς
3018 2039 3312 2112 ἐπαρχίαις
3359 2041 3478 2101 τοῖς
3533 2039 3677 2092 κατά
3726 2039 3871 2090 τόπον

2299 2134 2620 2197 ὀσιωτάτοις
2650 2133 2974 2194 ἐπισκόποις
3008 2132 3101 2185 καὶ
3139 2134 3253 2194 τοῖς
3284 2130 3493 2184 τούτων
3522 2130 3775 2202 ἄρχουσιν
3804 2132 3875 2198 ἐφ’

2298 2221 2344 2297 ᾧ
2396 2228 2627 2300 προνοίᾳ
2692 2228 2911 2290 πάντως
2958 2225 3070 2279 τῶν
3120 2226 3408 2297 ἡμετέρων
3458 2225 3752 2297 ἀρχόντων,
3797 2226 3877 2278 καὶ

2299 2321 2533 2392 κινδύνῳ
2571 2320 2679 2374 τῶν
2737 2318 3077 2389 πειθομένων
3122 2319 3308 2382 αὐτοῖς
3380 2319 3614 2385 τάξεων,
3668 2317 3772 2371 εἴτε
3826 2317 3875 2369 ἐν

2299 2412 2898 2476 Κωνσταντινουπόλει,
2932 2413 3049 2465 εἴτε
3094 2413 3151 2466 ἐν
3200 2412 3371 2486 ἑτέρῳ
3402 2411 3700 2483 οίῳδὴποτε
3747 2410 3878 2481 τόπῳ

2296 2507 2397 2577 τῆς
2430 2507 2709 2578 ἡμετέρας
2734 2506 3013 2570 πολιτείας
3053 2504 3279 2570 τούτους
3302 2505 3641 2561 ἐκδικεῖσθαι
3672 2508 3761 2559 καὶ
3787 2523 3876 2573 φυ-

2300 2599 2596 2653 λάττεσθαι
2628 2599 2727 2669 τὴν
2757 2600 2823 2653 ἐκ
2869 2598 2964 2652 τοῦ
2992 2599 3261 2670 παρόντος
3292 2598 3451 2670 ἡμῶν
3479 2598 3649 2670 νόμου
3687 2597 3877 2667 δεδομέ-

2301 2710 2400 2764 νην
2432 2693 2619 2757 αὐτοῖς
2672 2692 3011 2764 ἐλευθερίαν.
3051 2693 3307 2765 Παριδεῖν
3339 2692 3447 2764 γὰρ
3480 2693 3679 2760 φόνους
3706 2690 3874 2746 τοσού-

2298 2803 2424 2850 τους
2446 2787 2766 2857 γινομένους
2785 2786 2929 2839 κατά
2972 2785 3250 2857 πρόφασιν
3279 2784 3389 2839 τῶν
3409 2786 3641 2840 τοιαῦτα
3660 2784 3878 2856 τολμών-

2296 2896 2406 2931 των
2438 2879 2496 2931 ἐν
2527 2881 2592 2949 τῇ
2628 2876 2875 2949 ἡμετέρᾳ
2904 2876 3151 2948 πολιτείᾳ.
3194 2876 3448 2947 οὐδαμῶς
3473 2876 3793 2947 ἀνεχόμεθα.
3824 2874 3875 2928 ΕΞ

2298 2973 2409 3043 γὰρ
2438 2971 2719 3043 Βάρϐαροι
2749 2971 3084 3033 ἀκούσαντες
3113 2969 3223 3023 τῶν
3248 2970 3535 3042 ἡμετέρων
3563 2970 3690 3040 περὶ
3706 2966 3873 3021 τούτου

586 3074 734 3113 mus.
771 3055 829 3111 Si
861 3058 1009 3112 enim
1067 3058 1318 3127 Barbari,
1364 3060 1701 3130 simulatque
1729 3070 1921 3115 nostra
1962 3058 2031 3116 de
2079 3060 2184 3115 hoc

2296 3066 2776 3138 παραγγελμάτων
2806 3064 2981 3119 ταῦτα
3011 3062 3307 3133 ἐφύλαξαν,
3336 3063 3454 3128 πῶς
3485 3062 3554 3117 ἂν
3588 3064 3746 3134 ἡμεῖς
3766 3077 3876 3129 συγο

586 3149 885 3205 audierunt
933 3152 1211 3220 mandata,
1275 3152 1391 3207 haec
1422 3155 1846 3209 custodierunt:
1908 3154 2186 3223 quomodo

586 3239 807 3291 tandem
854 3241 1260 3308 permittemus,
1308 3252 1367 3296 ut
1410 3254 1538 3313 post
1570 3252 1650 3297 tot
1697 3253 1846 3299 retro
1875 3245 2185 3315 principum

585 3331 905 3385 smetioues
942 3332 1049 3386 tale
1082 3333 1210 3401 quid
1249 3334 1434 3388 denuo
1468 3335 1846 3405 delinquatur,
1874 3346 1970 3392 aut
2016 3339 2185 3393 etiam

585 3420 825 3476 inultum
864 3423 1210 3495 relinquatur
1236 3426 1290 3479 in
1324 3436 1515 3481 nostra
1550 3428 1879 3498 republica?

653 3558 806 3614 CAP.
844 3559 963 3615 XV.
1018 3589 1089 3601 -—
1126 3559 1194 3615 Ut
1232 3562 1323 3633 qui
1380 3562 1675 3618 daemonem
1731 3563 1913 3631 habet,
1964 3566 2188 3623 clericus

583 3666 688 3704 non
716 3651 835 3719 ﬁat.

654 3743 1051 3812 Apostolorum
1074 3759 1253 3801 canon
1289 3746 1380 3801 78.

655 3874 811 3931 CAP.
847 3875 986 3931 XVI.
1018 3907 1087 3917 —
1134 3878 1213 3933 De
1241 3896 1301 3933 eo
1350 3883 1557 3951 quisue
1594 3885 1837 3957 episcopo
1871 3903 1976 3942 non
2013 3888 2188 3943 obedit

584 3967 780 4021 colenti
818 3969 993 4039 ipsum
1028 3970 1280 4026 ordinare
1308 3974 1363 4027 in
1395 3974 1642 4030 altiorem
1672 3982 1924 4048 gradum.

654 4136 883 4193 Concilii
905 4138 1356 4211 Carthaginensis
1373 4161 1551 4202 canon
1568 4148 1658 4214 54,
1685 4147 1871 4207 Basilii
1892 4168 2070 4210 canon
2094 4155 2184 4212 10.

653 4325 811 4383 CAP.
848 4327 1016 4384 λνιι.
1054 4362 1123 4370 -
1158 4330 1233 4387 De
1272 4335 1545 4406 episcOpo,
1570 4346 1665 4390 aut
1695 4338 1888 4394 clerico
1913 4343 2189 4411 ordinato,

2299 3161 2645 3232 χωρήσωμεν
2685 3158 2824 3231 μετά
2875 3158 3149 3222 τοσαύτας
3200 3158 3309 3212 τῶν
3343 3158 3449 3230 ’πρὸ
3485 3158 3647 3230 ἡμῶν
3678 3155 3875 3227 βεϐασι-

2303 3256 2578 3310 λευκότων
2638 3254 2965 3326 νομοθεσίας
3014 3254 3257 3308 τοιοῦτόν
3318 3272 3370 3306 τι
3406 3248 3874 3325 ἀμαρτάνεσθαι,ῆ

2303 3350 2399 3404 καὶ
2447 3349 2804 3420 ἀνεκδίκητον
2857 3351 2925 3420 τῇ
2978 3348 3227 3420 ἡμετέρᾳ
3276 3347 3527 3419 πολιτείᾳ
3551 3343 3873 3415 καταλιμπά-

2302 3441 2512 3495 νεσθαι.

2372 3576 2629 3629 ΚΕΦΑΛ.
2659 3574 2760 3629 1Ε’.
2796 3606 2867 3615 -
2911 3575 3053 3646 Περὶ
3092 3575 3203 3631 τοῦ
3254 3575 3364 3630 τὸν
3404 3571 3872 3645 δαιμονιζόμενον

2298 3667 2386 3738 μὴ
2429 3668 2827 3737 κληροῦονθαι.

2392 3764 2449 3814 ’Δ
2457 3762 2735 3815 ποστόλων
2766 3762 2948 3816 κανὼν
2974 3759 3078 3831 οη¹.

2376 3896 2633 3953 ΚΕΦΑΛ.
2664 3895 2785 3964 ις’.
2808 3924 2880 3934 -
2906 3894 3050 3965 Περί
3090 3896 3198 3952 τοῦ
3220 3897 3307 3967 μὴ
3354 3897 3775 3969 πειθαρχοῦντι
3811 3891 3877 3959 τῷ

2300 3988 2434 4056 ιδίῳ
2454 3990 2793 4055 ἐπισκόπῳ,
2819 3989 3183 4061 βουλομένῳ
3212 3992 3585 4061 χειροτονεῖν
3605 3990 3783 4047 αὐτὸν
3805 3989 3877 4052 εὶς

2299 4081 2545 4152 μείζονα
2564 4082 2827 4152 βαθμόν.

2378 4175 2607 4229 Συνόδου
2657 4175 3060 4250 Καρθαγέννης
3106 4177 3288 4233 κανὼν
3308 4175 3426 4233 λα”
3474 4178 3756 4234 Βασιλείου
3796 4192 3875 4229 κα-

2304 4268 2411 4321 νὼν
2445 4266 2495 4321 ι’.

2382 4360 2634 4414 ΚΕΦΑΛ.
2686 4358 2784 4414 lZ'.
2810 4389 2881 4399 -—
2928 4362 3071 4429 Περὶ
3108 4361 3448 4419 ἐπισκόπου
3471 4405 3485 4429 ,
3523 4365 3565 4432 ἢ
3617 4356 3875 4431 κληρικοῦ

582 4424 674 4492 qui
701 4424 765 4476 ab
796 4424 987 4478 incolis
1015 4442 1123 4480 non
1150 4429 1468 4498 suscipitur,
1515 4441 1609 4485 aut
1656 4447 1763 4487 non
1807 4435 2053 4507 suscipit,
2099 4449 2187 4493 aut

2309 4454 2855 4525 χειροτονηθέντος,
2880 4456 2981 4511 καὶ
3010 4424 3097 4526 ξμὴ
3136 4424 3603 4527 δεχθέντοςυύπὸ
3629 4424 3742 4526 τῆςἷ
3755 4470 3876 4521 παρ-

584 4515 735 4569 abire
778 4533 883 4571 non
914 4528 1108 4587 potest.

661 4706 1050 4774 Apostolorum
1113 4712 1429 4779 canon36;
1492 4715 1715 4772 concilii
1755 4717 2033 4791 Ancyrani
2098 4738 2185 4779 ca-

590 4815 697 4852 non
731 4799 828 4865 18;
868 4803 1085 4857 concilii
1117 4806 1447 4861 Antiocbeui
1480 4824 1658 4864 canon
1696 4812 1783 4875 I7,
1826 4813 1934 4879 18;
1973 4817 2195 4871 concilii

590 4908 642 4945 vt
682 4909 856 4947 canon
898 4892 981 4949 I7.

666 5026 821 5083 CAP.
854 5030 1045 5085 XVIII.
1064 5065 1134 5075 —
1154 5034 1310 5100 Quod
1342 5041 1614 5108 episcopus
1643 5043 1873 5099 moriens
1898 5062 1999 5099 non
2033 5050 2199 5117 possit

592 5121 762 5176 alium
792 5141 889 5194 pro
919 5142 973 5180 se
1007 5128 1276 5184 ordinare.

665 5308 1058 5377 Apostolorum
1094 5328 1271 5369 canon
1320 5315 1417 5381 76;
1466 5321 1685 5375 concilii
1732 5322 2058 5380 Antioclieni
2111 5343 2205 5381 ca-

596 5415 705 5456 non
734 5402 825 5458 23.

663 5534 818 5591 CAP.
854 5537 999 5593 XIX.
1036 5572 1101 5583 —
1134 5540 1217 5597 Ne
1268 5554 1458 5602 temere
1512 5551 1564 5602 in
1623 5568 1789 5619 parra
1842 5554 2055 5609 civitate
2110 5567 2205 5611 aut

594 5643 729 5697 pago
755 5631 1033 5701 cpiscopus
1058 5635 1174 5703 ﬁat.

661 5716 893 5775 Concilii
928 5721 1285 5785 Laodicensis
1311 5745 1488 5788 canon
1514 5732 1619 5801 57;
1655 5736 1874 5792 concilii
1918 5734 2209 5796 Sardicen-

593 5802 670 5860 sis
700 5819 879 5863 canon
910 5809 958 5866 6.

2222 5887 2243 5906 κ
2316 5828 2494 5886 κανὼν
2522 5848 2559 5896 ς
2581 5872 2595 5887 .

2304 4546 2520 4611 οικίας,
2557 4545 2596 4612 ἢ
2648 4546 2738 4615 μὴ
2800 4545 3314 4617 καταδεξαμένου,
3357 4549 3395 4617 ἢ
3436 4547 3523 4619 μὴ
3564 4544 3873 4616 δυναμένου

2300 4636 2610 4692 ἀπελθεῖν.

2389 4731 2734 4785 Ἀποστόλων
2788 4730 2970 4785 κανὼν
3014 4731 3103 4798 λς’
3128 4750 3142 4764 ·
3186 4735 3409 4789 συνόδου
3474 4734 3746 4808 Ἀγκύρας
3790 4746 3875 4784 κα·

2300 4818 2409 4875 νὼν
2446 4819 2552 4892 ιη’⁶
2600 4822 2822 4876 συνόδου
2881 4823 3214 4894 Ἀντιοχείας
3260 4824 3444 4880 κανὼν
3480 4824 3567 4891 ιζ’,
3626 4830 3724 4896 ιη”
3769 4835 3877 4873 συν-

2302 4913 2425 4967 όδου
2461 4911 2514 4978 ς’
2536 4914 2719 4967 κανὼν
2752 4912 2836 4980 ιζ’.

2376 5046 2629 5102 ΚΕΦΔΛ.
2689 5047 2799 5101 lil'.
2844 5078 2916 5088 -—
2966 5050 3107 5118 Περὶ
3156 5049 3265 5105 τοῦ
3316 5051 3404 5121 μὴ
3457 5050 3747 5106 δύνασθαι
3786 5045 3875 5100 τὸν

2304 5138 2687 5195 τελευτῶντα
2715 5139 3065 5198 ἐπίσκοπον
3094 5142 3303 5214 ἕτερον
3326 5144 3458 5200 ἀντ’
3496 5143 3683 5199 αὑτοῦ
3706 5154 3872 5213 χειρο-

2304 5246 2525 5285 τονειν.

2381 5322 2505 5374 Τῶν
2537 5323 2711 5391 ἁγίων
2730 5326 3049 5381 ἀποστόλων
3076 5326 3260 5381 κανὼν
3291 5325 3379 5392 ος¹
3400 5343 3414 5356 ’
3445 5328 3664 5381 συνόδου
3700 5327 3873 5381 Ἀντιοοι

2306 5414 2461 5483 χείας
2491 5415 2673 5470 κανὼν
2709 5416 2815 5487 κγ’.

2383 5551 2632 5606 ΚΕΦΑΔ.
2672 5551 2776 5607 ΙΘ’.
2806 5585 2874 5597 —-
2909 5556 3049 5624 Περὶ
3080 5558 3186 5611 τοῦ
3232 5559 3319 5629 μὴ
3364 5559 3569 5628 ἁπλῶς
3613 5560 3681 5613 ἐν
3723 5554 3875 5609 πόλει

2306 5644 2587 5713 βραχείᾳ,
2622 5645 2659 5715 ἢ
2696 5646 2861 5717 κώμῃ
2892 5650 3167 5716 γίνεσθαι
3202 5654 3562 5709 ἐπίσκοπον.

2386 5738 2613 5792 Συνόδου
2650 5742 2974 5807 Λαοδικείας
3003 5743 3185 5799 κανὼν
3216 5743 3292 5810 νζ
3319 5765 3330 5776 '
3381 5748 3592 5801 συνόδου
3634 5741 3874 5815 Σαῷιὶῆς
