4146 6438
371 340 504 406 ιοοι

1266 344 1755 408 ΝΟΜΟΟΛΝΟΝ.
1797 371 1868 383 --·
1905 347 2056 412 ΤῙΤ.
2099 349 2150 424 Ι,
2193 350 2352 413 CAP.
2411 353 2773 416 XV-XXIII.

3543 359 3677 425 10θέ

434 459 690 513 ΚΕΦᾹΛ.
724 456 812 513 ις’.
832 487 901 501 --
934 456 1072 526 Περὶ
1107 457 1215 513 τοῦ
1233 458 1322 528 μὴ
1356 455 1514 514 εἶναι
1550 461 1620 515 ἐν
1635 461 1746 531 μιᾷ
1783 463 1965 534 ἐπαρ-

2143 466 2298 522 (ΖΛΡ.
2330 466 2448 522 ΚΧ.
2478 499 2548 508 -
2581 469 2664 524 Ne
2707 472 2760 524 in
2785 487 2890 525 una
2925 474 3200 542 provincia
3237 476 3340 529 duo
3369 479 3675 548 metropoli-

368 551 473 621 χίᾳ
504 550 616 605 δύο
654 550 1126 621 μητροπολίτας,
1160 550 1199 618 ἢ
1225 550 1296 603 ἐν
1317 549 1428 619 piri
1469 552 1646 606 πόλει
1687 552 1798 608 δύο
1844 555 1974 608 ἐπι-

367 644 672 708 σκόπους,
716 641 754 710 ἢ
781 642 851 695 ἐν
890 640 1035 695 δυσί
1078 641 1342 696 πόλεσιν
1371 641 1483 696 ἕνα
1510 645 1826 714 κληρικίν.

452 733 682 790 Συνόδου
721 733 963 798 Νικαίας
1019 732 1202 787 κανὼν
1242 731 1292 803 ἠ’
1317 751 1331 767 ·
1373 735 1596 790 συνόδου
1625 737 1975 808 Χαλκηδόνος

369 828 554 883 κανὼν
586 826 640 892 ι’,
677 825 784 899 ιβ’·
816 827 1040 880 συνόδου
1074 827 1309 892 Νικαίας
1351 829 1413 882 τὸ
1445 827 1513 900 β’,
1555 829 1739 884 κανὼν
1781 830 1865 886 ιε’.

442 922 752 992 Κείμενον.
802 920 860 975 'O
914 919 1294 984 Ἐλενόποντος
1336 921 1430 976 δύο
1474 923 1589 993 ἔχει
1640 925 1976 998 μητροπολί-

371 1034 492 1080 τας,
519 1033 574 1070 κ.
629 1033 682 1070 τ.
745 1015 820 1080 λ.,
857 1029 1035 1085 usque
1075 1014 1145 1069 ad
1204 1015 1346 1072 διάτ.
1389 1015 1467 1070 λθ¹
1518 1017 1614 1071 τοῦ
1671 1018 1838 1072 αὑτοῦ
1898 1018 1978 1073 τί·

365 1108 514 1165 τλου.

438 1203 723 1271 Σχόλιον.
766 1201 832 1256 Ἢ
856 1208 942 1274 κη’
971 1203 1144 1275 νεαρὰ
1172 1205 1348 1257 κεῖται
1376 1203 1456 1268 εἰς
1490 1202 1696 1275 βιϐλίον
1723 1204 1835 1260 τῶν
1861 1207 1972 1259 Βα-

372 1295 596 1350 σιλικῶν
622 1292 700 1362 ς’,
727 1295 835 1351 τίτ.
875 1293 964 1366 ιβ’,
1007 1312 1136 1364 κεφ.
1162 1293 1232 1361 α’,
1271 1297 1395 1367 ἥτις
1430 1297 1665 1351 ἐνταῦθα
1694 1299 1794 1352 οὐκ
1816 1300 1976 1371 ἐτέθη

371 1388 503 1460 παρ’
548 1389 708 1459 ἡμῶν
743 1388 833 1443 διὰ
860 1388 924 1442 τὺ
959 1388 1220 1458 μεγάλως
1260 1388 1622 1461 ἀλλοιωθῆναι
1653 1391 1753 1464 τὴν
1784 1393 1892 1447 τῶν
1919 1396 1978 1449 ἐν

365 1481 538 1553 ταύτῃ
562 1480 914 1552 δηλουμένων
940 1481 1138 1551 χωρῶν
1163 1482 1503 1536 κατάστασιν
1532 1483 1637 1536 ὑπὸ
1666 1483 1774 1538 τῶν
1800 1485 1978 1539 ἀθέων

367 1574 698 1647 Βαρϐάρων,
717 1575 815 1627 καὶ
837 1573 928 1628 διὰ
946 1573 1107 1626 τοῦτο
1131 1573 1488 1647 ἀπρακτῆσαι
1515 1577 1610 1631 καὶ
1631 1577 1701 1631 τὰ
1725 1579 1827 1648 τῆς
1856 1596 1980 1633 νεαο

366 1670 492 1740 ρᾶς.
527 1669 696 1738 Καξὴ
729 1666 814 1720 κθ¹
847 1667 1020 1739 νεαρὰ
1088 1669 1302 1740 ἐγράφη
1333 1672 1411 1733 εἰς
1441 1669 1646 1741 βιϐλίον
1674 1671 1784 1725 τῶν
1814 1674 1978 1727 Bas:-

364 1768 537 1822 λικῶν
569 1765 647 1832 ς’,
674 1768 786 1823 τίτ.
821 1764 912 1836 ιγ’,
940 1785 1067 1835 κεφ.
1099 1765 1172 1831 α’,
1207 1767 1442 1820 ἐνταῦθα
1471 1765 1527 1820 δέ
1561 1767 1660 1819 οὐκ
1696 1767 1856 1837 ἐτέθη
1890 1767 1978 1820 διὰ

362 1862 462 1932 τὴν
505 1862 677 1933 αὐτὴν
722 1862 924 1916 αἰτίαν.
977 1861 1040 1914 Ἦ
1082 1861 1158 1914 λε’
1215 1859 1356 1914 διάτ.
1406 1860 1502 1914 τοῦ
1555 1857 1604 1929 γ’
1648 1860 1756 1915 τίτ.
1793 1861 1886 1913 τοῦ
1919 1859 1967 1913 α’

369 1955 576 2026 βιϐλίου
600 1953 696 2008 τοῦ
731 1954 964 2018 κώδικός
989 1957 1104 2008 ἐστι
1134 1971 1264 2023 κεφ.
1318 1951 1388 2022 γ’,
1429 1953 1525 2007 τοῦ
1562 1951 1610 2007 α’
1642 1953 1750 2009 τίτ.
1789 1953 1886 2007 τοῦ
1920 1952 1969 2022 γ’

364 2049 575 2120 βιϐλίου
629 2049 740 2101 τῶν
787 2047 1285 2109 Βασιλικῶν,οὓτω
1319 2047 1513 2116 λὲγονο
1555 2047 1661 2102 Τὸν
1702 2047 1971 2118 ἀφαιρού-

366 2157 528 2211 μενον
557 2140 768 2204 πόλεως
818 2140 1146 2211 οἱασδήποτέ
1179 2157 1324 2204 τινος
1371 2141 1541 2194 πάλαι
1570 2138 1759 2212 οὔσης,
1805 2141 1838 2212 ἢ
1870 2139 1967 2194 νῦν

363 2232 716 2304 πολισθείσης
737 2234 800 2286 τὸ
819 2233 918 2303 τῆς
949 2233 1125 2303 ίδικῆς
1157 2234 1467 2303 ἐπισκοπῆς
1499 2232 1756 2305 δίκαιονῆ
1780 2232 1867 2286 ἐτε
1877 2250 1972 2304 ρον

361 2325 662 2398 προνόμιον
721 2325 829 2380 κᾶν
883 2326 994 2380 ἀπὸ
1047 2325 1339 2396 βασιλικῆς
1387 2326 1715 2398 ἐπιτροπῆς,
1783 2328 1973 2396 ἀτιμοῖ

363 2421 462 2473 καὶ
493 2418 728 2490 δημεύει
765 2422 798 2489 ἡ
829 2417 1095 2484 διάταξις,
1130 2419 1414 2491 ἀκυροῦσα
1450 2421 1546 2473 καὶ
1575 2422 1675 2490 τὴν
1713 2418 1972 2490 ἐγχείρη-

365 2527 474 2574 σιν,
505 2509 796 2582 ὑπεξαιρεῖ
826 2509 884 2563 δὲ
917 2510 1016 2574 τὰς
1048 2511 1105 2564 ἐν
1133 2510 1345 2581 Σκυθίᾳ
1378 2511 1651 2582 ἐπαρχίας
1683 2511 1778 2564 καὶ
1803 2511 1969 2564 Λεον-

362 2604 586 2658 τόπολιν
619 2605 720 2674 τῆς
761 2603 1058 2675 Ἰσαυρίας.
1101 2604 1165 2657 ’1-1
1201 2603 1257 2657 δὲ
1291 2604 1368 2656 λθ¹
1397 2603 1642 2670 διάταξις
1673 2603 1770 2657 τοῦ
1802 2601 1970 2658 αὐτοῦ

361 2699 476 2750 τίτ.
509 2699 605 2751 καὶ
635 2695 844 2768 βιϐλίου
870 2698 971 2750 οὐκ
999 2696 1159 2768 ἐτέθη
1195 2697 1275 2761 είς
1295 2697 1366 2750 τὰ
1389 2697 1680 2751 Βασιλικά.
1713 2697 1968 2767 Σημείω-

367 2807 460 2844 σαι
507 2789 586 2862 τῷ
627 2789 866 2844 ἐνταῦθα
917 2789 1365 2860 καταπρωθέντι
1399 2790 1550 2859 νόμῳ
1594 2791 1764 2862 1ίλγουν
1815 2788 1892 2860 τῷ
1921 2806 1969 2858 γ’

365 2899 495 2952 κεφ.
524 2881 620 2935 τοῦ
649 2879 696 2936 α’
722 2882 829 2937 τίτ.
849 2882 944 2935 τοῦ
977 2880 1024 2951 γ’
1042 2882 1250 2952 βιϐλίου
1292 2882 1367 2953 μὴ
1389 2883 1660 2956 πρόσχῃς.
1694 2883 1965 2955 Ἀνῃρέθη

367 2981 482 3054 γὰρ
513 2982 620 3036 ὑπὸ
662 2982 756 3035 τοῦ
811 2979 878 3046 ιζ’
913 2982 1138 3045 κανόνος
1165 2981 1263 3050 τῆς
1291 2981 1351 3033 ἐν
1386 2980 1692 3052 Χαλκηδόνι
1724 2979 1967 3046 συνόδου,

363 3073 586 3129 καὶτοῦ
628 3075 711 3147 λη’
772 3077 996 3140 κανόνος
1042 3077 1144 3145 τῆς
1201 3075 1260 3127 ἐν
1305 3073 1382 3145 τῷ
1420 3074 1678 3146 Τροὺλλῳ
1725 3073 1968 3127 συνόδου.

364 3173 474 3225 Καὶ
495 3171 774 3240 ἀνάγνωθι
800 3170 895 3224 τὸν
949 3170 1192 3223 τοιοῦτον
1213 3165 1295 3240 λη’
1328 3169 1528 3222 κανόνα
1551 3170 1646 3222 καὶ
1671 3169 1770 3241 τὴν
1793 3169 1969 3240 ἐρμη-
1998 3207 2042 3266 C

360 3263 514 3318 νείαν
572 3261 738 3317 αὐτοῦ
763 3279 778 3294 ·
812 3260 1278 3334 κατεστρώθησαν
1312 3262 1422 3332 γὰρ
1475 3261 1533 3314 ἐν
1569 3260 1710 3331 αὐτῇ
1750 3262 1965 3330 σημείῳ

366 3355 510 3428 μετά
536 3355 793 3428 βασιλικᾶ
815 3358 1039 3428 ῥήματα
1060 3355 1505 3426 διαλαμϐάνοντα
1527 3354 1644 3418 πῶς
1664 3357 1779 3418 τοῖς
1809 3355 1963 3423 βασι-

361 3451 519 3504 λεῦσι
555 3452 766 3519 ἐφεῖται
813 3449 1250 3518 ἐκκλησιαστικὰ
1301 3448 1732 3519 μετασκευάζειν
1775 3448 1963 3501 δίκαια

361 3545 463 3596 καὶ
513 3542 808 3614 προνόμια.
853 3542 1170 3614 Σημείωσαι
1199 3541 1298 3595 ’Ἡ
1338 3538 1418 3594 λθ¹
1455 3540 1598 3595 διὰτ.
1641 3540 1738 3594 τοῦ
1769 3538 1820 3609 γ’
1851 3540 1958 3598 τίτ.

357 3633 455 3687 τοῦ
486 3632 533 3686 α’
565 3633 774 3705 βιϐλίου
797 3634 893 3688 τοῦ
920 3633 1155 3698 κὼδικος
1179 3634 1213 3704 ἡ
1235 3632 1580 3705 διοριζομένη
1614 3632 1689 3704 μὴ
1715 3631 1964 3701 γίνεσθαί

358 3745 485 3780 τινα
514 3727 608 3780 δύο
658 3713 1063 3798 μοναστηρίων,
1100 3726 1174 3798 μὴ
1205 3726 1501 3796 ὀφείλουσα
1523 3728 1773 3799 ἐνεργεῖν
1795 3726 1884 3780 διὰ
1902 3727 1964 3779 τὸ

361 3823 441 3893 μὴ
474 3821 698 3892 τεθῆναι
742 3823 822 3883 είς
860 3821 931 3874 τὰ
964 3819 1244 3891 βασιλικὰ,
1278 3823 1496 3890 ἐνεργεῖ
1545 3819 1854 3884 ἀκολούθους
1884 3819 1964 3890 τῷ

358 3913 428 3969 ιε’
475 3915 663 3968 κανόνι
683 3913 786 3982 τῆς
809 3911 854 3980 ζ’
881 3914 1106 3967 συνόδου
1138 3914 1217 3985 τῷ
1240 3913 1601 3984 διοριζομένῳ
1622 3913 1695 3984 μὴ
1716 3913 1964 3982 γίνεσθαί

360 4023 488 4059 τινα
510 4004 774 4076 κληρικόν
809 4006 889 4068 εἰς
917 4004 1009 4059 δύο
1031 4004 1330 4074 ἐκκλησίας
1361 4006 1490 4075 μιᾶς
1518 4005 1748 4070 πόλεως.
1768 4007 1834 4060 Ei
1855 4005 1964 4075 γὰρ

363 4099 468 4153 οὐκ
489 4100 698 4168 ἐφεῖται
719 4098 822 4170 κλη
834 4097 1058 4169 ροῦσθαί
1082 4116 1203 4152 τινα
1225 4100 1305 4162 εἰς
1321 4097 1414 4151 δύο
1440 4098 1758 4170 ἐκκλησίας,
1782 4096 1964 4162 πολλῷ

368 4192 530 4246 πλέον
568 4191 688 4246 οὐδέ
721 4190 1025 4263 ἡγούμενος
1038 4190 1132 4245 δύο
1151 4193 1534 4263 μοναστηρίων
1565 4193 1958 4263 προστήσεται,

363 4286 557 4357 ὥσπερ
575 4284 698 4338 οὐδὲ
718 4284 929 4356 κεφαλὴ
958 4285 1056 4355 μία
1083 4285 1177 4338 δύο
1199 4287 1493 4356 σωμάτων.
1518 4286 1592 4338 Τὸ
1613 4284 1670 4338 δέ
1695 4285 1962 4354 προΐστα-

363 4376 494 4430 σθαι
531 4376 623 4429 τὸν
653 4377 1170 4449 Παντοκρατορηνὸν
1194 4377 1500 4449 ἡγούμενον
1548 4375 1760 4432 πολλῶν
1791 4395 1962 4449 μονα-

363 4467 608 4539 στηρίων
659 4469 762 4522 οὐκ
801 4468 1140 4522 ἐναντιοῦται
1177 4469 1257 4540 τῷ
1298 4469 1518 4523 κανόνι·
1548 4470 1610 4523 τὸ
1648 4470 1758 4540 γὰρ
1789 4468 1960 4522 πολλὰ

365 4562 712 4632 μοναστήρια
746 4560 822 4624 ὼς
867 4560 926 4614 ἐν
961 4560 1294 4630 λογίζονται,
1321 4561 1412 4617 διὰ
1457 4563 1518 4617 τὸ
1566 4563 1687 4617 κατ’
1726 4563 1967 4618 ἐπίδοσιν
2004 4582 2047 4637 ι)

361 4654 678 4723 περιελθεῖν
708 4656 789 4716 εἰς
821 4655 914 4707 τὸν
943 4655 1387 4726 παντοκράτορα.

438 4749 695 4803 ΚΕΦΑΛ.
745 4746 875 4801 KA'.
902 4779 972 4790 —-
1020 4751 1159 4818 Περὶ
1194 4749 1316 4804 τῶν
1349 4751 1859 4820 χειροτονούντων
1901 4752 1970 4805 ἐν

363 4844 499 4910 ταῖς
550 4844 632 4914 μὴ
686 4843 907 4907 οὔσαις
964 4843 1067 4899 ὑπ’
1114 4844 1340 4911 αὐτοὺς
1393 4846 1656 4900 πόλεσιν
1701 4844 1737 4914 ἢ
1785 4845 1970 4912 ἐπαρ-

364 4938 552 5008 χίαις.

458 5031 800 5088 ’Λποστόλων
851 5033 1032 5088 κανὼν
1064 5031 1176 5088 is"
1224 5032 1445 5086 συνόίου
1487 5031 1826 5102 ’Λντιοχείας
1873 5048 1972 5084 κα-

366 5122 479 5177 νὼν
508 5123 596 5193 ιγ’,
627 5125 712 5197 κβ¹
733 5145 746 5158 ·
779 5129 1000 5182 συνόδου
1048 5127 1277 5196 Ἐφέσου
1309 5126 1490 5181 κανὼν
1521 5124 1592 5197 η’.

444 5217 697 5273 ΚΕΦΑΛ.
757 5219 883 5276 KB’.
930 5252 1002 5261 —
1050 5221 1195 5290 Περὶ
1244 5220 1366 5276 τῶν
1417 5220 1517 5276 διὰ
1582 5220 1968 5290 προστασίας

364 5311 684 5381 ἀρχόντων
710 5316 1046 5385 γινομένων
1081 5314 1390 5386 ἐγκρατῶν
1419 5313 1789 5381 ἐκκλησιῶν.

456 5407 799 5462 Ἀποστόλων
885 5407 1069 5464 κανὼν
1120 5407 1165 5462 λ’
1195 5424 1208 5436 ·
1269 5409 1489 5464 συνόδου
1539 5409 1779 5472 Νικαίας
1826 5407 1889 5481 τό
1926 5407 1972 5480 β’

370 5499 556 5556 κανὼν
577 5499 646 5572 γ’.

458 5593 760 5663 Ἀνάγνωθι
789 5597 850 5651 τὸ
883 5603 931 5652 α’
977 5616 1105 5668 κεφ.
1151 5597 1246 5652 τοῦ
1301 5596 1352 5668 η’
1402 5599 1512 5654 τίτ.
1546 5597 1640 5652 τοῦ
1675 5615 1789 5670 παρ
1820 5597 1974 5663 όντος

378 5688 783 5758 συντάγματος,
815 5693 910 5746 καὶ
948 5693 1019 5746 τὰ
1051 5694 1109 5746 ἐν
1141 5693 1292 5764 αὐτῷ
1328 5693 1874 5764 παραγεγραμμὲνα.

448 5781 702 5838 ΚΕΦΛΛ.
743 5785 869 5840 Kl".
897 5817 968 5826 —
1000 5787 1142 5856 Περὶ
1176 5785 1296 5841 τῶν
1325 5786 1424 5842 διὰ
1451 5787 1644 5858 γάμον
1670 5785 1710 5857 ἣ
1736 5790 1973 5844 παλλα-

373 5873 600 5945 κισμὸν
624 5875 710 5948 μὴ
734 5878 1287 5950 χειροτονουμένων
1315 5879 1685 5935 ἐπισκόπων.

707 5979 978 6038 i’nnOL.
1013 5979 1128 6040 Ca.
1166 5975 1324 6039 CIV.

2085 560 2200 612 lani
2229 561 2356 626 sint,
2389 572 2486 616 aut
2523 564 2579 616 in
2629 581 2737 619 una
2798 567 3018 622 civitate
3076 568 3185 623 duo
3217 571 3468 640 episcopi,
3497 583 3592 626 aut
3621 574 3676 626 in

2080 652 2289 707 duabus
2323 654 2630 710 civitatibus
2669 673 2809 711 unus
2843 659 3094 714 clericus.

2154 745 2387 802 Concilii
2436 747 2642 805 Nicaeni
2695 766 2873 808 canon
2912 751 2978 822 7;
3013 755 3235 810 concilii
3262 754 3678 813 Cha!cedoncn-

2080 837 2158 892 sis
2189 852 2367 892 canon
2396 838 2486 904 10,
2519 839 2618 909 12;
2649 843 2868 897 concilii
2893 842 3098 900 Nicaeni
3133 846 3361 902 secundi
3385 863 3560 910 canon
3585 849 3675 903 15.

2156 927 2377 986 Textus.
2402 929 2813 1004 Helenopontus
2839 935 2978 991 duos
3008 939 3464 1009 metropolitauos
3494 939 3678 1005 habet,

2079 1026 2211 1088 etc.,
2241 1037 2404 1092 usque
2422 1021 2494 1076 ad
2516 1033 2770 1094 ut;const.
2797 1025 2889 1093 59,
2909 1028 3157 1098 ejusdem
3191 1030 3300 1098 tit.,
3331 1043 3388 1086 ut
3413 1032 3682 1103 pag.5I0.

2153 1207 2450 1266 Scholium.
2517 1211 2741 1269 Novella
2767 1215 2838 1271 28
2865 1216 3045 1285 posita
3075 1228 3160 1273 est
3192 1218 3244 1272 in
3281 1218 3378 1274 lib.
3413 1235 3483 1275 vr.
3515 1220 3680 1277 BasiI.

2083 1302 2166 1357 tit.
2200 1301 2291 1369 I2,
2321 1318 2445 1375 cap.
2484 1305 2535 1370 1,
2569 1321 2693 1376 quae
2723 1307 2812 1362 hic
2839 1323 2868 1363 a
2902 1309 3062 1366 nobis
3106 1309 3279 1384 [idco]
3315 1329 3422 1367 non
3455 1323 3540 1369 est
3578 1329 3676 1383 po-

2081 1395 2209 1462 sita,
2250 1399 2397 1467 quod
2422 1414 2660 1468 quarum
2700 1400 2984 1472 regionum
3009 1404 3344 1460 mentionem
3379 1407 3530 1471 facit,
3560 1407 3682 1461 illa-

2082 1505 2208 1544 rum
2263 1491 2499 1546 multum
2563 1494 2634 1548 ab
2694 1494 2880 1564 impiis
2927 1494 3187 1551 Barbaris
3241 1499 3566 1556 innnutatus
3609 1502 3682 1556 sit

2083 1592 2282 1648 status,
2316 1600 2494 1655 eaque
2529 1586 2742 1641 ratione
2764 1587 2937 1641 irritae
2958 1587 3118 1644 factae
3149 1589 3531 1649 sintnovellac.
3567 1591 3682 1646 Nu-

2083 1674 2221 1730 vella
2269 1692 2400 1730 vero
2454 1676 2526 1731 29
2571 1679 2778 1749 scripta
2820 1680 2982 1735 estin
3026 1681 3125 1737 lib.
3161 1681 3329 1738 Basil.
3377 1685 3430 1748 6,
3465 1685 3549 1740 tit.
3584 1687 3679 1750 15,

2084 1783 2207 1836 cap.
2241 1769 2292 1836 1;
2321 1769 2410 1824 hic
2439 1778 2624 1825 autem
2658 1780 2886 1842 propter
2914 1774 3165 1828 eamdem
3194 1790 3420 1831 causam
3453 1793 3563 1833 non
3597 1787 3684 1833 est

2085 1861 2284 1930 posita.
2315 1860 2488 1916 Porro
2513 1861 2585 1917 55
2631 1873 2810 1918 const.
2859 1864 2942 1918 tit.
2972 1866 3007 1920 5
3034 1864 3127 1920 lib.
3152 1882 3190 1932 ι,
3219 1867 3342 1921 cod.
3369 1877 3454 1923 est
3480 1884 3600 1938 cap.
3624 1871 3681 1933 5,

2083 1954 2168 2008 tit.
2208 1954 2232 2008 I
2295 1955 2388 2009 lib.
2426 1955 2481 2019 5,
2516 1955 2710 2020 Basil.,
2743 1957 2889 2027 quod
2917 1957 2998 2014 sic
3023 1957 3132 2012 ait:
3165 1957 3326 2024 Eum,
3360 1961 3453 2030 qui
3486 1976 3685 2030 quam-

2084 2063 2303 2118 cunque
2358 2061 2600 2105 veterem
2658 2059 2755 2105 aut
2811 2065 3007 2107 recens
3061 2053 3344 2107 conditam
3399 2054 3682 2110 civitatem

2084 2139 2297 2210 pr0prii
2327 2141 2853 2212 episcopatusjure,
2920 2143 3100 2198 aliove
3139 2143 3429 2216 privilegio
3480 2145 3681 2216 privat,

2083 2233 2306 2289 tametsi
2339 2234 2607 2304 principis
2638 2235 2917 2304 permissu
2949 2233 3028 2308 [id
3067 2235 3253 2309 faciat]
3282 2256 3295 2292 :
3331 2236 3556 2293 infamia
3584 2254 3687 2294 n0-

2084 2335 2162 2380 tat
2189 2325 2495 2397 multatque
2548 2327 2708 2382 bonis
2729 2328 3073 2392 constitutio,
3099 2344 3164 2384 ac
3207 2330 3371 2385 simul
3403 2332 3684 2401 inceptum

2082 2417 2217 2474 facit
2246 2418 2488 2474 irritum.
2521 2418 2741 2492 Excipit
2769 2429 2950 2476 autem
2985 2420 3224 2492 Scythiae
3259 2424 3600 2493 provincias,
3628 2436 3686 2480 et

2083 2509 2466 2584 Leont0polim
2498 2514 2554 2568 in
2598 2513 2834 2570 Isauria.
2877 2513 3196 2588 [Deinceps]
3238 2531 3369 2571 vero
3395 2517 3527 2573 huic
3561 2518 3682 2572 loco

2087 2607 2308 2662 insertae
2351 2606 2455 2678 legi
2503 2610 2651 2679 (cap.
2704 2608 2958 2663 videlicet
2987 2609 3042 2676 5,
3085 2610 3170 2664 tit.
3235 2625 3274 2673 ι,
3338 2610 3433 2665 lib.
3458 2610 3514 2681 5)
3555 2612 3679 2666 ani-
3762 2600 3765 2603 ’

2097 2713 2249 2752 mum
2302 2712 2372 2753 ne
2427 2698 2707 2756 advertas.
2752 2699 3040 2771 Siquidem
3095 2715 3126 2755 a
3181 2716 3395 2757 canone
3433 2702 3463 2755 7
3512 2701 3680 2758 Chal-

2084 2793 2413 2848 cedonensis
2465 2794 2708 2860 concilii,
2758 2803 2813 2850 ct
2845 2810 3059 2850 canone
3122 2794 3194 2851 58
3244 2797 3298 2850 in
3337 2795 3529 2852 TrulIo
3560 2797 3681 2870 [Ita-

2085 2885 2207 2960 biti]
2239 2887 2482 2954 concilii,
2529 2896 2613 2942 est
2646 2887 2931 2958 abrogata.
2971 2887 3147 2958 Legas
3180 2896 3366 2942 autem
3398 2887 3468 2942 58
3522 2889 3675 2942 illmn

2084 2997 2377 3046 canonem,
2435 2983 2669 3054 ejusque
2756 2983 3189 3050 expositionem.
3281 2983 3490 3039 Inserta
3549 2995 3679 3038 sunt

2083 3081 2228 3136 enim
2261 3081 2339 3136 illi
2379 3079 2572 3150 scripti
2604 3079 2946 3149 imperatorii
2994 3078 3186 3142 verba,
3221 3093 3366 3148 qua),
3399 3079 3681 3148 quomodo

2083 3175 2510 3245 imperatoribus
2535 3173 2654 3243 jura
2674 3171 3069 3243 privilegiaque
3087 3171 3464 3226 ecclesiastica
3492 3178 3679 3225 trans-

2084 3276 2300 3322 mutare
2353 3265 2707 3329 concedatur,
2738 3265 3034 3334 explicant.
3091 3261 3330 3318 Constit.
3368 3263 3459 3330 59,
3494 3262 3582 3317 tit.
3622 3263 3675 3329 5,

2082 3362 2173 3416 lib.
2205 3359 2528 3429 t,cod.quae
2547 3358 2736 3413 statuit
2763 3375 2831 3414 ne
2853 3359 2978 3427 quis
2999 3361 3194 3430 praesul
3224 3360 3461 3416 duorum
3486 3377 3652 3418 mona

2079 3455 2374 3509 stet-iurum
2396 3456 2509 3519 fiat,
2537 3452 2900 3526 [quanquam]
2930 3454 3135 3509 nullius
3165 3453 3419 3511 efﬁcaciae
3440 3470 3564 3511 esse
3581 3456 3683 3510 de-

2081 3549 2229 3612 beat,
2279 3548 2427 3618 quod
2466 3548 2518 3601 in
2550 3545 2806 3602 Basilicis
2837 3548 3020 3616 posita
3078 3563 3190 3602 non
3238 3548 3346 3604 sit:
3376 3547 3676 3604 efficaciam

2081 3638 2316 3713 [tamen]
2345 3641 2508 3695 habet
2531 3655 2597 3695 cx
2629 3639 3083 3710 interpretatione
3118 3641 3184 3695 14
3204 3642 3433 3696 canonis
3448 3642 3672 3697 concilii

2079 3733 2739 3802 septimiconstituentis,
2789 3748 2859 3786 ne
2891 3732 3017 3804 quis
3067 3734 3121 3787 in
3154 3733 3372 3790 duabus
3416 3734 3674 3791 ecclesiis

2083 3826 2248 3882 unius
2288 3827 2443 3881 urbis
2472 3826 2710 3881 clericus
2755 3825 2868 3880 ﬁat.
2900 3826 2956 3880 Si
2989 3842 3228 3897 namque
3257 3842 3363 3882 non
3395 3827 3675 3897 permitti-

2081 3925 2171 3972 tur
2224 3919 2480 3987 cuiquam
2540 3918 2592 3970 in
2636 3917 2849 3970 duabus
2909 3917 3162 3973 ecclesiis
3210 3917 3475 3973 clericum
3527 3917 3671 3979 ﬁeri,

2083 4009 2253 4064 multo
2304 4010 2476 4078 magis
2509 4009 2708 4077 praesul
2751 4007 2862 4062 duo
2895 4008 3230 4062 monasteria
3275 4024 3387 4062 non
3416 4007 3672 4064 modera-

2079 4102 2256 4158 bitur:
2289 4099 2755 4170 quemadmodum
2791 4113 2968 4169 neque
3000 4115 3170 4152 ttuunt
3202 4107 3371 4168 caput
3395 4098 3508 4153 duo
3539 4113 3668 4153 cor-

2078 4212 2230 4268 pora.
2288 4195 2444 4261 Quod
2480 4203 2664 4248 autem
2696 4190 3201 4247 Pantocratoremts
3248 4190 3447 4262 praesul
3482 4191 3675 4245 multis

2080 4285 2432 4342 monasteriis
2489 4293 2710 4355 przecst,
2769 4299 2880 4337 non
2912 4283 3236 4337 adversatur
3270 4281 3490 4336 canoni.
3527 4279 3668 4335 Nam

2078 4377 2248 4432 multa
2286 4376 2375 4430 illa
2412 4371 2744 4429 monasteria
2799 4383 2858 4426 ut
2902 4387 3071 4424 unum
3128 4378 3477 4441 rcputautur,
3513 4371 3663 4439 quod

2077 4471 2306 4526 auctarii
2331 4469 2506 4523 instar
2523 4468 2589 4522 ad
2615 4468 2768 4522 illum
2796 4466 3163 4522 devenerunt.

2148 4754 2304 4810 CAP.
2332 4753 2472 4808 XXI.
2504 4785 2572 4795 —
2608 4751 2680 4806 De
2706 4753 2785 4804 Itis
2811 4753 2900 4823 qui
2937 4751 3190 4805 ordinant
3241 4751 3294 4804 in
3339 4751 3668 4820 civitatibus,

2078 4853 2172 4897 aut
2201 4843 2508 4914 provinciis,
2549 4859 2668 4913 qua:
2705 4842 2802 4896 sub
2846 4843 2976 4911 ipsis
3006 4859 3108 4896 non
3141 4851 3289 4896 sunt.

2150 5037 2541 5108 Apostolorum
2577 5050 2754 5089 canon
2788 5034 2886 5098 55;
2917 5032 3137 5088 concilii
3172 5032 3510 5087 Antiocltcnt
3567 5050 3666 5090 ca-

2080 5148 2189 5187 non
2233 5133 2319 5197 15,
2356 5132 2465 5196 ‘22;
2491 5128 2706 5183 concilii
2740 5127 3000 5198 Ephesini
3043 5143 3220 5182 cano"
3258 5129 3313 5183 8.

2151 5225 2303 5279 CAP.
2345 5220 2669 5278 XXII.—De
2697 5223 2776 5276 Itis
2805 5223 2895 5293 qui
2915 5223 3226 5293 patrocinio
3258 5226 3675 5296 magistratuum

2079 5315 2329 5371 ecclesias
2357 5321 2639 5382 occupant.

2152 5407 2538 5478 Apostolorum
2585 5419 2761 5459 canon
2799 5403 2897 5471 50;
2931 5403 3152 5459 concilii
3191 5403 3396 5460 Nicmni
3445 5406 3675 5459 secundi

2082 5517 2258 5557 canon
2297 5501 2352 5554 5.

2156 5597 2455 5652 Scltolium.
2495 5594 2636 5665 Lege
2665 5609 2793 5664 cap.
2833 5593 2886 5655 1,
2927 5593 3014 5648 tit.
3046 5595 3099 5657 8,
3149 5592 3433 5663 prmsentis
3466 5592 3675 5664 operis,

2083 5700 2135 5746 et
2165 5704 2287 5760 qua:
2320 5689 2372 5742 in
2406 5689 2499 5740 illo
2528 5697 2896 5742 annotantur.

2151 5782 2304 5838 CAP.
2349 5780 2541 5838 XXIII.
2573 5812 2642 5824 --
2675 5779 2754 5835 De
2773 5779 2859 5834 his
2905 5780 2995 5850 qui
3023 5788 3238 5849 propter
3278 5779 3680 5833 matrimonium

2085 5887 2175 5931 aut
2207 5875 2618 5930 concubinatum
2644 5891 2745 5928 non
2769 5873 3089 5928 ordinantur
3103 5873 3334 5943 episcopi
3360 5881 3452 5927 aut
3475 5872 3676 5927 clerici.

3143 5965 3223 6026 3'2
