  <div class='ocr_page' id='page_1' title='image "/cluster/home/n/w/nwhite01/storage/ocr_20150623/104:no.4/coo.31924054870088/511.png"; bbox 0 0 4146 6582; ppageno 0'>
   <div class='ocr_carea' id='block_1_1' title="bbox 448 356 2601 432">
    <p class='ocr_par' dir='ltr' id='par_1_1' title="bbox 448 356 2601 432">
     <span class='ocr_line' id='line_1_1' title="bbox 448 356 2601 432; baseline -0.003 0"><span class='ocrx_word' id='word_1_1' title='bbox 448 368 586 432; x_wconf 66' lang='grc'>1003</span> <span class='ocrx_word' id='word_1_2' title='bbox 1641 356 1906 419; x_wconf 82' lang='lat' dir='ltr'><strong>PllOTlI</strong></span> <span class='ocrx_word' id='word_1_3' title='bbox 1942 357 2452 426; x_wconf 77' lang='lat' dir='ltr'><strong>PATR-IARCH/E</strong></span> <span class='ocrx_word' id='word_1_4' title='bbox 2489 365 2601 426; x_wconf 75' lang='grc' dir='ltr'><strong>ΟΡ.</strong></span> 
     </span>
    </p>
   </div>
   <div class='ocr_carea' id='block_1_2' title="bbox 508 467 2120 550">
    <p class='ocr_par' dir='ltr' id='par_1_2' title="bbox 508 467 2120 550">
     <span class='ocr_line' id='line_1_2' title="bbox 508 467 2120 550; baseline -0.008 -16"><span class='ocrx_word' id='word_1_5' title='bbox 508 479 900 550; x_wconf 77' lang='lat' dir='ltr'><strong>Apostolorum</strong></span> <span class='ocrx_word' id='word_1_6' title='bbox 964 492 1143 534; x_wconf 87' lang='lat' dir='ltr'><strong>canon</strong></span> <span class='ocrx_word' id='word_1_7' title='bbox 1207 475 1298 541; x_wconf 86' lang='grc'><strong>17,</strong></span> <span class='ocrx_word' id='word_1_8' title='bbox 1347 473 1450 538; x_wconf 90' lang='grc'>18,</span> <span class='ocrx_word' id='word_1_9' title='bbox 1494 470 1593 536; x_wconf 86' lang='grc'>19;</span> <span class='ocrx_word' id='word_1_10' title='bbox 1645 467 1863 524; x_wconf 91' lang='lat' dir='ltr'><strong>concilii</strong></span> <span class='ocrx_word' id='word_1_11' title='bbox 1906 469 2045 523; x_wconf 75' lang='lat' dir='ltr'><strong>sexti</strong></span> <span class='ocrx_word' id='word_1_12' title='bbox 2077 476 2120 530; x_wconf 69' lang='grc' dir='ltr'><strong>Α</strong></span> 
     </span>
    </p>
   </div>
   <div class='ocr_carea' id='block_1_3' title="bbox 451 560 1426 640">
    <p class='ocr_par' dir='ltr' id='par_1_3' title="bbox 451 560 1426 640">
     <span class='ocr_line' id='line_1_3' title="bbox 451 560 1426 640; baseline -0.008 -12"><span class='ocrx_word' id='word_1_13' title='bbox 451 586 630 628; x_wconf 85' lang='lat' dir='ltr'><strong>canon</strong></span> <span class='ocrx_word' id='word_1_14' title='bbox 669 573 726 638; x_wconf 89' lang='grc'>5,</span> <span class='ocrx_word' id='word_1_15' title='bbox 772 570 873 640; x_wconf 81' lang='grc'>12;</span> <span class='ocrx_word' id='word_1_16' title='bbox 912 569 1101 626; x_wconf 78' lang='lat' dir='ltr'><strong>Basilii</strong></span> <span class='ocrx_word' id='word_1_17' title='bbox 1129 586 1307 626; x_wconf 88' lang='lat' dir='ltr'><strong>canon</strong></span> <span class='ocrx_word' id='word_1_18' title='bbox 1343 560 1426 622; x_wconf 83' lang='grc'>12.</span> 
     </span>
    </p>
   </div>
   <div class='ocr_carea' id='block_1_4' title="bbox 528 647 2048 733">
    <p class='ocr_par' dir='ltr' id='par_1_4' title="bbox 528 647 2048 733">
     <span class='ocr_line' id='line_1_4' title="bbox 528 647 2048 733; baseline -0.009 -17"><span class='ocrx_word' id='word_1_19' title='bbox 528 659 754 716; x_wconf 65' lang='lat' dir='ltr'><strong>Tactus.</strong></span> <span class='ocrx_word' id='word_1_20' title='bbox 787 658 932 733; x_wconf 89' lang='lat' dir='ltr'><strong>Lege</strong></span> <span class='ocrx_word' id='word_1_21' title='bbox 965 660 1048 715; x_wconf 88' lang='lat' dir='ltr'><strong>tit.</strong></span> <span class='ocrx_word' id='word_1_22' title='bbox 1086 661 1138 715; x_wconf 82' lang='grc'>1.</span> <span class='ocrx_word' id='word_1_23' title='bbox 1175 656 1533 714; x_wconf 86' lang='lat' dir='ltr'><strong>Novellarum</strong></span> <span class='ocrx_word' id='word_1_24' title='bbox 1566 659 1747 708; x_wconf 90' lang='lat' dir='ltr'><strong>const.</strong></span> <span class='ocrx_word' id='word_1_25' title='bbox 1771 650 1828 715; x_wconf 90' lang='grc'>1,</span> <span class='ocrx_word' id='word_1_26' title='bbox 1857 648 1916 712; x_wconf 85' lang='grc'>2,</span> <span class='ocrx_word' id='word_1_27' title='bbox 1958 647 2048 712; x_wconf 83' lang='grc'>17,</span> 
     </span>
    </p>
   </div>
   <div class='ocr_carea' id='block_1_5' title="bbox 452 741 2050 826">
    <p class='ocr_par' dir='ltr' id='par_1_5' title="bbox 452 741 2050 826">
     <span class='ocr_line' id='line_1_5' title="bbox 452 741 2050 826; baseline -0.009 -15"><span class='ocrx_word' id='word_1_28' title='bbox 452 756 508 812; x_wconf 90' lang='lat' dir='ltr'><strong>in</strong></span> <span class='ocrx_word' id='word_1_29' title='bbox 543 755 747 826; x_wconf 88' lang='lat' dir='ltr'><strong>quibus</strong></span> <span class='ocrx_word' id='word_1_30' title='bbox 781 753 1008 823; x_wconf 91' lang='lat' dir='ltr'><strong>dicitur,</strong></span> <span class='ocrx_word' id='word_1_31' title='bbox 1039 760 1171 820; x_wconf 89' lang='lat' dir='ltr'><strong>etc.,</strong></span> <span class='ocrx_word' id='word_1_32' title='bbox 1203 766 1367 823; x_wconf 81' lang='lat' dir='ltr'><strong>usque</strong></span> <span class='ocrx_word' id='word_1_33' title='bbox 1389 749 1458 804; x_wconf 86' lang='lat' dir='ltr'><strong>ad</strong></span> <span class='ocrx_word' id='word_1_34' title='bbox 1504 746 1772 818; x_wconf 78' lang='lat' dir='ltr'><strong>virginem</strong></span> <span class='ocrx_word' id='word_1_35' title='bbox 1802 741 2050 806; x_wconf 79' lang='lat' dir='ltr'><strong>duxisse,</strong></span> 
     </span>
    </p>
   </div>
   <div class='ocr_carea' id='block_1_6' title="bbox 453 847 2945 920">
    <p class='ocr_par' dir='ltr' id='par_1_6' title="bbox 453 847 2945 920">
     <span class='ocr_line' id='line_1_6' title="bbox 453 847 2945 920; baseline -0.003 -17"><span class='ocrx_word' id='word_1_36' title='bbox 453 858 511 904; x_wconf 84' lang='lat' dir='ltr'><strong>ut</strong></span> <span class='ocrx_word' id='word_1_37' title='bbox 544 864 666 920; x_wconf 87' lang='lat' dir='ltr'><strong>pag.</strong></span> <span class='ocrx_word' id='word_1_38' title='bbox 695 847 824 904; x_wconf 77' lang='lat' dir='ltr'><strong>5l5.</strong></span> <span class='ocrx_word' id='word_1_39' title='bbox 2939 869 2945 876; x_wconf 96' lang='lat'><strong><em>-</em></strong></span> 
     </span>
    </p>
   </div>
   <div class='ocr_carea' id='block_1_7' title="bbox 526 926 2115 1007">
    <p class='ocr_par' dir='ltr' id='par_1_7' title="bbox 526 926 2057 1004">
     <span class='ocr_line' id='line_1_7' title="bbox 526 926 2057 1004; baseline -0.012 -7"><span class='ocrx_word' id='word_1_40' title='bbox 526 939 826 997; x_wconf 81' lang='lat' dir='ltr'><strong>Scholium.</strong></span> <span class='ocrx_word' id='word_1_41' title='bbox 861 937 1055 995; x_wconf 91' lang='lat' dir='ltr'><strong>Const.</strong></span> <span class='ocrx_word' id='word_1_42' title='bbox 1091 937 1144 1004; x_wconf 91' lang='grc'>1,</span> <span class='ocrx_word' id='word_1_43' title='bbox 1173 936 1209 991; x_wconf 91' lang='grc'><strong>2</strong></span> <span class='ocrx_word' id='word_1_44' title='bbox 1239 946 1295 991; x_wconf 91' lang='lat' dir='ltr'><strong>et</strong></span> <span class='ocrx_word' id='word_1_45' title='bbox 1325 935 1415 1000; x_wconf 83' lang='grc'><strong>17,</strong></span> <span class='ocrx_word' id='word_1_46' title='bbox 1465 933 1546 988; x_wconf 93' lang='lat' dir='ltr'><strong>tit.</strong></span> <span class='ocrx_word' id='word_1_47' title='bbox 1597 932 1624 987; x_wconf 90' lang='grc'><strong>1</strong></span> <span class='ocrx_word' id='word_1_48' title='bbox 1666 926 2015 986; x_wconf 88' lang='lat' dir='ltr'><strong>Novellarum</strong></span> <span class='ocrx_word' id='word_1_49' title='bbox 2038 964 2057 992; x_wconf 93' lang='lat'><strong>,</strong></span> 
     </span>
    </p>
   </div>
   <div class='ocr_carea' id='block_1_8' title="bbox 2226 926 3760 1007">
    <p class='ocr_par' dir='ltr' id='par_1_8' title="bbox 2231 934 3760 1007">
     <span class='ocr_line' id='line_1_8' title="bbox 2231 934 3760 1007; baseline -0.001 -17"><span class='ocrx_word' id='word_1_50' title='bbox 2231 936 2513 1005; x_wconf 66' lang='grc' dir='ltr'>Σχόλιον.</span> <span class='ocrx_word' id='word_1_51' title='bbox 2556 935 2622 989; x_wconf 81' lang='grc' dir='ltr'><em>Ἢ</em></span> <span class='ocrx_word' id='word_1_52' title='bbox 2656 941 2728 1003; x_wconf 87' lang='grc' dir='ltr'><strong>α’,</strong></span> <span class='ocrx_word' id='word_1_53' title='bbox 2762 934 2806 1007; x_wconf 85' lang='grc' dir='ltr'><strong>β’</strong></span> <span class='ocrx_word' id='word_1_54' title='bbox 2853 935 2949 990; x_wconf 73' lang='grc' dir='ltr'><strong>καὶ</strong></span> <span class='ocrx_word' id='word_1_55' title='bbox 2995 935 3059 1002; x_wconf 86' lang='grc' dir='ltr'><strong>ιζ’</strong></span> <span class='ocrx_word' id='word_1_56' title='bbox 3093 936 3236 991; x_wconf 87' lang='grc' dir='ltr'>διάτ.</span> <span class='ocrx_word' id='word_1_57' title='bbox 3273 935 3370 990; x_wconf 81' lang='grc' dir='ltr'>τοῦ</span> <span class='ocrx_word' id='word_1_58' title='bbox 3411 934 3462 992; x_wconf 89' lang='grc' dir='ltr'>α’</span> <span class='ocrx_word' id='word_1_59' title='bbox 3502 935 3610 990; x_wconf 85' lang='grc' dir='ltr'>τίτ.</span> <span class='ocrx_word' id='word_1_60' title='bbox 3647 934 3760 990; x_wconf 81' lang='grc' dir='ltr'>τῶν</span> 
     </span>
    </p>
   </div>
   <div class='ocr_carea' id='block_1_9' title="bbox 461 1018 2115 1103">
    <p class='ocr_par' dir='ltr' id='par_1_9' title="bbox 461 1018 2057 1103">
     <span class='ocr_line' id='line_1_9' title="bbox 461 1018 2057 1103; baseline -0.009 -15"><span class='ocrx_word' id='word_1_61' title='bbox 461 1040 595 1089; x_wconf 89' lang='lat' dir='ltr'><strong>sunt</strong></span> <span class='ocrx_word' id='word_1_62' title='bbox 621 1031 802 1103; x_wconf 90' lang='lat' dir='ltr'><strong>posita</strong></span> <span class='ocrx_word' id='word_1_63' title='bbox 853 1029 910 1084; x_wconf 89' lang='lat' dir='ltr'><strong>in</strong></span> <span class='ocrx_word' id='word_1_64' title='bbox 953 1027 1198 1085; x_wconf 76' lang='lat' dir='ltr'><strong>Norellis</strong></span> <span class='ocrx_word' id='word_1_65' title='bbox 1223 1024 1525 1083; x_wconf 82' lang='lat' dir='ltr'><strong>Justiniaui</strong></span> <span class='ocrx_word' id='word_1_66' title='bbox 1579 1021 1634 1085; x_wconf 88' lang='lat'><strong>6,</strong></span> <span class='ocrx_word' id='word_1_67' title='bbox 1679 1021 1786 1076; x_wconf 92' lang='grc'><strong>125</strong></span> <span class='ocrx_word' id='word_1_68' title='bbox 1831 1028 1888 1074; x_wconf 92' lang='lat' dir='ltr'><strong>et</strong></span> <span class='ocrx_word' id='word_1_69' title='bbox 1932 1018 2057 1073; x_wconf 85' lang='grc'>157.</span> 
     </span>
    </p>
   </div>
   <div class='ocr_carea' id='block_1_10' title="bbox 2226 1018 3763 1103">
    <p class='ocr_par' dir='ltr' id='par_1_10' title="bbox 2226 1024 3763 1099">
     <span class='ocr_line' id='line_1_10' title="bbox 2226 1024 3763 1099; baseline 0.001 -20"><span class='ocrx_word' id='word_1_70' title='bbox 2226 1027 2392 1099; x_wconf 74' lang='grc' dir='ltr'>ιαρῶν</span> <span class='ocrx_word' id='word_1_71' title='bbox 2421 1026 2683 1098; x_wconf 80' lang='grc' dir='ltr'><strong>ἐτέθησαν</strong></span> <span class='ocrx_word' id='word_1_72' title='bbox 2714 1027 2793 1091; x_wconf 82' lang='grc' dir='ltr'>εἰς</span> <span class='ocrx_word' id='word_1_73' title='bbox 2819 1026 3037 1099; x_wconf 80' lang='grc' dir='ltr'>Νεαρὰς</span> <span class='ocrx_word' id='word_1_74' title='bbox 3065 1027 3528 1091; x_wconf 86' lang='grc' dir='ltr'>Ἰουστινιανείους</span> <span class='ocrx_word' id='word_1_75' title='bbox 3554 1024 3632 1091; x_wconf 81' lang='grc' dir='ltr'>ς’,</span> <span class='ocrx_word' id='word_1_76' title='bbox 3652 1041 3763 1098; x_wconf 80' lang='grc' dir='ltr'><strong>ρκγ</strong></span> 
     </span>
    </p>
   </div>
   <div class='ocr_carea' id='block_1_11' title="bbox 461 1109 2115 1193">
    <p class='ocr_par' dir='ltr' id='par_1_11' title="bbox 461 1109 2062 1193">
     <span class='ocr_line' id='line_1_11' title="bbox 461 1109 2062 1193; baseline -0.009 -15"><span class='ocrx_word' id='word_1_77' title='bbox 461 1123 856 1178; x_wconf 74' lang='lat' dir='ltr'><strong>Verumtamen</strong></span> <span class='ocrx_word' id='word_1_78' title='bbox 885 1135 1008 1193; x_wconf 72' lang='lat' dir='ltr'><strong>qua:</strong></span> <span class='ocrx_word' id='word_1_79' title='bbox 1039 1118 1106 1175; x_wconf 91' lang='lat' dir='ltr'><strong>ad</strong></span> <span class='ocrx_word' id='word_1_80' title='bbox 1137 1117 1411 1173; x_wconf 80' lang='lat' dir='ltr'><strong>novellam</strong></span> <span class='ocrx_word' id='word_1_81' title='bbox 1448 1114 1482 1170; x_wconf 87' lang='grc'>6</span> <span class='ocrx_word' id='word_1_82' title='bbox 1517 1109 1841 1186; x_wconf 87' lang='lat' dir='ltr'><strong>[pertinent]</strong></span> <span class='ocrx_word' id='word_1_83' title='bbox 1882 1111 2062 1182; x_wconf 88' lang='lat' dir='ltr'><strong>posita</strong></span> 
     </span>
    </p>
   </div>
   <div class='ocr_carea' id='block_1_12' title="bbox 2226 1109 3765 1193">
    <p class='ocr_par' dir='ltr' id='par_1_12' title="bbox 2226 1117 3765 1191">
     <span class='ocr_line' id='line_1_12' title="bbox 2226 1117 3765 1191; baseline -0.001 -19"><span class='ocrx_word' id='word_1_84' title='bbox 2226 1119 2260 1172; x_wconf 77' lang='lat' dir='ltr'><strong>ti.</strong></span> <span class='ocrx_word' id='word_1_85' title='bbox 2291 1117 2423 1190; x_wconf 73' lang='lat' dir='ltr'><strong>p).C&#39;,</strong></span> <span class='ocrx_word' id='word_1_86' title='bbox 2457 1119 2596 1191; x_wconf 81' lang='grc' dir='ltr'>πλὴν</span> <span class='ocrx_word' id='word_1_87' title='bbox 2624 1119 2694 1173; x_wconf 78' lang='grc' dir='ltr'>τὰ</span> <span class='ocrx_word' id='word_1_88' title='bbox 2725 1120 2826 1191; x_wconf 85' lang='grc' dir='ltr'>τῆς</span> <span class='ocrx_word' id='word_1_89' title='bbox 2885 1126 2940 1184; x_wconf 82' lang='grc' dir='ltr'>ς’</span> <span class='ocrx_word' id='word_1_90' title='bbox 2991 1122 3192 1190; x_wconf 80' lang='grc' dir='ltr'>νεαρᾶς</span> <span class='ocrx_word' id='word_1_91' title='bbox 3242 1121 3344 1173; x_wconf 78' lang='grc' dir='ltr'><strong>οὐκ</strong></span> <span class='ocrx_word' id='word_1_92' title='bbox 3372 1119 3637 1190; x_wconf 77' lang='grc' dir='ltr'><strong>ἐτέθησαν</strong></span> <span class='ocrx_word' id='word_1_93' title='bbox 3680 1120 3765 1181; x_wconf 83' lang='grc' dir='ltr'>εἰς</span> 
     </span>
    </p>
   </div>
   <div class='ocr_carea' id='block_1_13' title="bbox 463 1205 2115 1284">
    <p class='ocr_par' dir='ltr' id='par_1_13' title="bbox 463 1205 2065 1279">
     <span class='ocr_line' id='line_1_13' title="bbox 463 1205 2065 1279; baseline -0.008 -8"><span class='ocrx_word' id='word_1_94' title='bbox 463 1230 574 1272; x_wconf 89' lang='lat' dir='ltr'><strong>non</strong></span> <span class='ocrx_word' id='word_1_95' title='bbox 609 1223 739 1270; x_wconf 89' lang='lat' dir='ltr'><strong>sunt</strong></span> <span class='ocrx_word' id='word_1_96' title='bbox 773 1215 828 1268; x_wconf 91' lang='lat' dir='ltr'><strong>in</strong></span> <span class='ocrx_word' id='word_1_97' title='bbox 875 1212 1047 1270; x_wconf 91' lang='lat' dir='ltr'><strong>Basil.</strong></span> <span class='ocrx_word' id='word_1_98' title='bbox 1094 1211 1227 1279; x_wconf 63' lang='lat' dir='ltr'><strong>Quae</strong></span> <span class='ocrx_word' id='word_1_99' title='bbox 1265 1219 1452 1266; x_wconf 89' lang='lat' dir='ltr'><strong>autem</strong></span> <span class='ocrx_word' id='word_1_100' title='bbox 1503 1208 1571 1264; x_wconf 92' lang='lat' dir='ltr'><strong>ad</strong></span> <span class='ocrx_word' id='word_1_101' title='bbox 1628 1206 1901 1262; x_wconf 87' lang='lat' dir='ltr'><strong>novellam</strong></span> <span class='ocrx_word' id='word_1_102' title='bbox 1961 1205 2065 1259; x_wconf 89' lang='grc'><strong>125</strong></span> 
     </span>
    </p>
   </div>
   <div class='ocr_carea' id='block_1_14' title="bbox 2226 1205 3764 1284">
    <p class='ocr_par' dir='ltr' id='par_1_14' title="bbox 2226 1211 3764 1284">
     <span class='ocr_line' id='line_1_14' title="bbox 2226 1211 3764 1284; baseline 0.001 -19"><span class='ocrx_word' id='word_1_103' title='bbox 2226 1231 2236 1265; x_wconf 91' lang='grc' dir='ltr'>ι</span> <span class='ocrx_word' id='word_1_104' title='bbox 2274 1211 2563 1268; x_wconf 81' lang='grc' dir='ltr'>Βασιλικά.</span> <span class='ocrx_word' id='word_1_105' title='bbox 2605 1211 2689 1266; x_wconf 82' lang='grc' dir='ltr'><strong>Τὰ</strong></span> <span class='ocrx_word' id='word_1_106' title='bbox 2740 1212 2797 1266; x_wconf 83' lang='grc' dir='ltr'><strong>δὲ</strong></span> <span class='ocrx_word' id='word_1_107' title='bbox 2854 1212 2955 1282; x_wconf 84' lang='grc' dir='ltr'>τῆς</span> <span class='ocrx_word' id='word_1_108' title='bbox 3003 1219 3123 1283; x_wconf 78' lang='grc' dir='ltr'>ρκγ¹</span> <span class='ocrx_word' id='word_1_109' title='bbox 3174 1213 3376 1284; x_wconf 82' lang='grc' dir='ltr'>νεαρᾶς</span> <span class='ocrx_word' id='word_1_110' title='bbox 3410 1211 3672 1276; x_wconf 76' lang='grc' dir='ltr'><strong>ἐτέθησαν</strong></span> <span class='ocrx_word' id='word_1_111' title='bbox 3704 1213 3764 1266; x_wconf 83' lang='grc' dir='ltr'><strong>έν</strong></span> 
     </span>
    </p>
   </div>
   <div class='ocr_carea' id='block_1_15' title="bbox 466 1297 2115 1378">
    <p class='ocr_par' dir='ltr' id='par_1_15' title="bbox 466 1297 2062 1378">
     <span class='ocr_line' id='line_1_15' title="bbox 466 1297 2062 1378; baseline -0.008 -15"><span class='ocrx_word' id='word_1_112' title='bbox 466 1303 785 1378; x_wconf 79' lang='lat' dir='ltr'><strong>[pertinent]</strong></span> <span class='ocrx_word' id='word_1_113' title='bbox 811 1306 987 1377; x_wconf 89' lang='lat' dir='ltr'><strong>posita</strong></span> <span class='ocrx_word' id='word_1_114' title='bbox 1023 1313 1153 1361; x_wconf 87' lang='lat' dir='ltr'><strong>sunt</strong></span> <span class='ocrx_word' id='word_1_115' title='bbox 1177 1305 1233 1359; x_wconf 91' lang='lat' dir='ltr'><strong>in</strong></span> <span class='ocrx_word' id='word_1_116' title='bbox 1255 1301 1532 1358; x_wconf 81' lang='lat' dir='ltr'><strong>lib.Basil.</strong></span> <span class='ocrx_word' id='word_1_117' title='bbox 1557 1316 1638 1366; x_wconf 90' lang='grc' dir='ltr'>ιιι,</span> <span class='ocrx_word' id='word_1_118' title='bbox 1659 1300 1806 1364; x_wconf 82' lang='grc' dir='ltr'>ιίι.ι,</span> <span class='ocrx_word' id='word_1_119' title='bbox 1826 1313 1946 1369; x_wconf 89' lang='lat' dir='ltr'><strong>cap.</strong></span> <span class='ocrx_word' id='word_1_120' title='bbox 1971 1297 2062 1362; x_wconf 87' lang='grc'><strong>27,</strong></span> 
     </span>
    </p>
   </div>
   <div class='ocr_carea' id='block_1_16' title="bbox 2226 1297 3768 1378">
    <p class='ocr_par' dir='ltr' id='par_1_16' title="bbox 2229 1303 3768 1377">
     <span class='ocr_line' id='line_1_16' title="bbox 2229 1303 3768 1377; baseline -0.001 -19"><span class='ocrx_word' id='word_1_121' title='bbox 2229 1305 2364 1377; x_wconf 80' lang='grc' dir='ltr'>ϐλίῳ</span> <span class='ocrx_word' id='word_1_122' title='bbox 2395 1306 2505 1359; x_wconf 85' lang='grc' dir='ltr'><strong>τῶν</strong></span> <span class='ocrx_word' id='word_1_123' title='bbox 2539 1305 2848 1360; x_wconf 85' lang='grc' dir='ltr'>Βασιλικῶν</span> <span class='ocrx_word' id='word_1_124' title='bbox 2876 1303 2926 1372; x_wconf 84' lang='grc' dir='ltr'>γ’</span> <span class='ocrx_word' id='word_1_125' title='bbox 2971 1305 3079 1361; x_wconf 90' lang='grc' dir='ltr'>τίτ.</span> <span class='ocrx_word' id='word_1_126' title='bbox 3123 1311 3174 1359; x_wconf 88' lang='grc' dir='ltr'>α’</span> <span class='ocrx_word' id='word_1_127' title='bbox 3220 1321 3346 1374; x_wconf 82' lang='grc' dir='ltr'>κεφ.</span> <span class='ocrx_word' id='word_1_128' title='bbox 3383 1303 3466 1370; x_wconf 77' lang='grc' dir='ltr'><strong>κζ’</strong></span> <span class='ocrx_word' id='word_1_129' title='bbox 3507 1304 3652 1359; x_wconf 77' lang='grc' dir='ltr'>οὕτω</span> <span class='ocrx_word' id='word_1_130' title='bbox 3673 1303 3768 1357; x_wconf 85' lang='grc' dir='ltr'>λέ-</span> 
     </span>
    </p>
   </div>
   <div class='ocr_carea' id='block_1_17' title="bbox 465 1380 2115 1469">
    <p class='ocr_par' dir='ltr' id='par_1_17' title="bbox 465 1383 2067 1468">
     <span class='ocr_line' id='line_1_17' title="bbox 465 1383 2067 1468; baseline -0.009 -15"><span class='ocrx_word' id='word_1_131' title='bbox 465 1397 610 1468; x_wconf 92' lang='lat' dir='ltr'><strong>quod</strong></span> <span class='ocrx_word' id='word_1_132' title='bbox 645 1397 725 1453; x_wconf 93' lang='lat' dir='ltr'><strong>sic</strong></span> <span class='ocrx_word' id='word_1_133' title='bbox 756 1396 938 1467; x_wconf 89' lang='lat' dir='ltr'><strong>inquit</strong></span> <span class='ocrx_word' id='word_1_134' title='bbox 971 1413 984 1450; x_wconf 90' lang='lat'>:</span> <span class='ocrx_word' id='word_1_135' title='bbox 1011 1394 1260 1451; x_wconf 87' lang='lat' dir='ltr'><strong>Clericos</strong></span> <span class='ocrx_word' id='word_1_136' title='bbox 1288 1401 1471 1448; x_wconf 87' lang='lat' dir='ltr'><strong>autem</strong></span> <span class='ocrx_word' id='word_1_137' title='bbox 1498 1405 1607 1446; x_wconf 87' lang='lat' dir='ltr'><strong>non</strong></span> <span class='ocrx_word' id='word_1_138' title='bbox 1633 1389 1792 1444; x_wconf 85' lang='lat' dir='ltr'><strong>aliter</strong></span> <span class='ocrx_word' id='word_1_139' title='bbox 1821 1383 2067 1442; x_wconf 92' lang='lat' dir='ltr'><strong>ordinari</strong></span> 
     </span>
    </p>
   </div>
   <div class='ocr_carea' id='block_1_18' title="bbox 2226 1380 3771 1469">
    <p class='ocr_par' dir='ltr' id='par_1_18' title="bbox 2226 1380 3771 1469">
     <span class='ocr_line' id='line_1_18' title="bbox 2226 1380 3771 1469; baseline 0.001 -21"><span class='ocrx_word' id='word_1_140' title='bbox 2226 1414 2324 1449; x_wconf 79' lang='lat' dir='ltr'><strong>rm</strong></span> <span class='ocrx_word' id='word_1_141' title='bbox 2347 1413 2360 1426; x_wconf 77' lang='grc' dir='ltr'><strong>ο</strong></span> <span class='ocrx_word' id='word_1_142' title='bbox 2391 1396 2706 1468; x_wconf 79' lang='grc' dir='ltr'>Κληρικοὺς</span> <span class='ocrx_word' id='word_1_143' title='bbox 2729 1395 2786 1449; x_wconf 82' lang='grc' dir='ltr'><strong>δὲ</strong></span> <span class='ocrx_word' id='word_1_144' title='bbox 2816 1396 2918 1450; x_wconf 82' lang='grc' dir='ltr'><strong>οὐκ</strong></span> <span class='ocrx_word' id='word_1_145' title='bbox 2957 1380 3135 1460; x_wconf 84' lang='grc' dir='ltr'>ἄλλως</span> <span class='ocrx_word' id='word_1_146' title='bbox 3160 1397 3587 1469; x_wconf 80' lang='grc' dir='ltr'><strong>χειροτονεῖσθαι</strong></span> <span class='ocrx_word' id='word_1_147' title='bbox 3639 1412 3771 1465; x_wconf 91' lang='grc' dir='ltr'>συγ-</span> 
     </span>
    </p>
   </div>
   <div class='ocr_carea' id='block_1_19' title="bbox 467 1478 2115 1560">
    <p class='ocr_par' dir='ltr' id='par_1_19' title="bbox 467 1478 2073 1556">
     <span class='ocr_line' id='line_1_19' title="bbox 467 1478 2073 1556; baseline -0.008 -11"><span class='ocrx_word' id='word_1_148' title='bbox 467 1489 845 1556; x_wconf 87' lang='lat' dir='ltr'><strong>concedimus,</strong></span> <span class='ocrx_word' id='word_1_149' title='bbox 877 1488 986 1544; x_wconf 88' lang='lat' dir='ltr'><strong>nisi</strong></span> <span class='ocrx_word' id='word_1_150' title='bbox 1014 1488 1231 1543; x_wconf 88' lang='lat' dir='ltr'><strong>litteras</strong></span> <span class='ocrx_word' id='word_1_151' title='bbox 1266 1485 1488 1550; x_wconf 86' lang='lat' dir='ltr'><strong>sciant,</strong></span> <span class='ocrx_word' id='word_1_152' title='bbox 1540 1491 1595 1538; x_wconf 88' lang='lat' dir='ltr'><strong>et</strong></span> <span class='ocrx_word' id='word_1_153' title='bbox 1645 1491 1794 1537; x_wconf 89' lang='lat' dir='ltr'><strong>recta</strong></span> <span class='ocrx_word' id='word_1_154' title='bbox 1853 1478 1959 1533; x_wconf 86' lang='lat' dir='ltr'><strong>ﬁde</strong></span> <span class='ocrx_word' id='word_1_155' title='bbox 2007 1492 2073 1532; x_wconf 92' lang='lat' dir='ltr'><strong>ac</strong></span> 
     </span>
    </p>
   </div>
   <div class='ocr_carea' id='block_1_20' title="bbox 2226 1478 3772 1560">
    <p class='ocr_par' dir='ltr' id='par_1_20' title="bbox 2226 1485 3772 1560">
     <span class='ocr_line' id='line_1_20' title="bbox 2226 1485 3772 1560; baseline 0.002 -22"><span class='ocrx_word' id='word_1_156' title='bbox 2226 1485 2461 1560; x_wconf 78' lang='grc' dir='ltr'>υροῦμεν</span> <span class='ocrx_word' id='word_1_157' title='bbox 2494 1487 2545 1540; x_wconf 79' lang='grc' dir='ltr'>εἰ</span> <span class='ocrx_word' id='word_1_158' title='bbox 2583 1485 2659 1558; x_wconf 84' lang='grc' dir='ltr'>μὴ</span> <span class='ocrx_word' id='word_1_159' title='bbox 2689 1488 2999 1559; x_wconf 74' lang='grc' dir='ltr'>γράμματα</span> <span class='ocrx_word' id='word_1_160' title='bbox 3041 1487 3209 1552; x_wconf 77' lang='grc' dir='ltr'>ἴσασι,</span> <span class='ocrx_word' id='word_1_161' title='bbox 3239 1489 3336 1542; x_wconf 76' lang='grc' dir='ltr'><strong>καὶ</strong></span> <span class='ocrx_word' id='word_1_162' title='bbox 3365 1488 3534 1560; x_wconf 80' lang='grc' dir='ltr'>ὀρθὴν</span> <span class='ocrx_word' id='word_1_163' title='bbox 3585 1489 3772 1542; x_wconf 86' lang='grc' dir='ltr'>πίστιν</span> 
     </span>
    </p>
   </div>
   <div class='ocr_carea' id='block_1_21' title="bbox 471 1576 2115 1652">
    <p class='ocr_par' dir='ltr' id='par_1_21' title="bbox 471 1576 2073 1650">
     <span class='ocr_line' id='line_1_21' title="bbox 471 1576 2073 1650; baseline -0.007 -13"><span class='ocrx_word' id='word_1_164' title='bbox 471 1585 702 1638; x_wconf 88' lang='lat' dir='ltr'><strong>honesta</strong></span> <span class='ocrx_word' id='word_1_165' title='bbox 733 1583 846 1637; x_wconf 88' lang='lat' dir='ltr'><strong>vita</strong></span> <span class='ocrx_word' id='word_1_166' title='bbox 876 1582 1009 1646; x_wconf 88' lang='lat' dir='ltr'><strong>sint,</strong></span> <span class='ocrx_word' id='word_1_167' title='bbox 1045 1589 1102 1636; x_wconf 91' lang='lat' dir='ltr'><strong>et</strong></span> <span class='ocrx_word' id='word_1_168' title='bbox 1132 1594 1309 1650; x_wconf 90' lang='lat' dir='ltr'><strong>neque</strong></span> <span class='ocrx_word' id='word_1_169' title='bbox 1339 1576 1739 1642; x_wconf 91' lang='lat' dir='ltr'><strong>concubinam,</strong></span> <span class='ocrx_word' id='word_1_170' title='bbox 1771 1587 1950 1644; x_wconf 91' lang='lat' dir='ltr'><strong>neque</strong></span> <span class='ocrx_word' id='word_1_171' title='bbox 1977 1586 2073 1626; x_wconf 84' lang='lat' dir='ltr'><strong>na-</strong></span> 
     </span>
    </p>
   </div>
   <div class='ocr_carea' id='block_1_22' title="bbox 2226 1576 3773 1652">
    <p class='ocr_par' dir='ltr' id='par_1_22' title="bbox 2226 1579 3773 1652">
     <span class='ocr_line' id='line_1_22' title="bbox 2226 1579 3773 1652; baseline 0.002 -20"><span class='ocrx_word' id='word_1_172' title='bbox 2226 1579 2271 1632; x_wconf 79' lang='grc' dir='ltr'>ιιὶ</span> <span class='ocrx_word' id='word_1_173' title='bbox 2294 1579 2409 1650; x_wconf 83' lang='grc' dir='ltr'>βίον</span> <span class='ocrx_word' id='word_1_174' title='bbox 2439 1579 2637 1650; x_wconf 81' lang='grc' dir='ltr'>σεμνὸν</span> <span class='ocrx_word' id='word_1_175' title='bbox 2672 1579 2878 1651; x_wconf 78' lang='grc' dir='ltr'>ἔχουσι,</span> <span class='ocrx_word' id='word_1_176' title='bbox 2906 1581 3003 1634; x_wconf 73' lang='grc' dir='ltr'><strong>καὶ</strong></span> <span class='ocrx_word' id='word_1_177' title='bbox 3041 1579 3162 1634; x_wconf 77' lang='grc' dir='ltr'>οὐδὲ</span> <span class='ocrx_word' id='word_1_178' title='bbox 3184 1579 3489 1652; x_wconf 82' lang='grc' dir='ltr'>παλλακὴν,</span> <span class='ocrx_word' id='word_1_179' title='bbox 3514 1581 3576 1635; x_wconf 87' lang='grc' dir='ltr'>οὐ</span> <span class='ocrx_word' id='word_1_180' title='bbox 3610 1598 3773 1651; x_wconf 76' lang='grc' dir='ltr'>φυσι-</span> 
     </span>
    </p>
   </div>
   <div class='ocr_carea' id='block_1_23' title="bbox 472 1663 2115 1746">
    <p class='ocr_par' dir='ltr' id='par_1_23' title="bbox 472 1663 2076 1735">
     <span class='ocr_line' id='line_1_23' title="bbox 472 1663 2076 1735; baseline -0.007 -7"><span class='ocrx_word' id='word_1_181' title='bbox 472 1675 678 1730; x_wconf 89' lang='lat' dir='ltr'><strong>turales</strong></span> <span class='ocrx_word' id='word_1_182' title='bbox 703 1674 999 1730; x_wconf 83' lang='lat' dir='ltr'><strong>habuerint</strong></span> <span class='ocrx_word' id='word_1_183' title='bbox 1040 1681 1138 1728; x_wconf 91' lang='lat' dir='ltr'><strong>aut</strong></span> <span class='ocrx_word' id='word_1_184' title='bbox 1167 1672 1410 1728; x_wconf 83' lang='lat' dir='ltr'><strong>habeant</strong></span> <span class='ocrx_word' id='word_1_185' title='bbox 1444 1670 1646 1724; x_wconf 90' lang='lat' dir='ltr'><strong>liberos</strong></span> <span class='ocrx_word' id='word_1_186' title='bbox 1681 1685 1694 1722; x_wconf 89' lang='lat'><strong>:</strong></span> <span class='ocrx_word' id='word_1_187' title='bbox 1741 1667 1834 1721; x_wconf 88' lang='lat' dir='ltr'><strong>sed</strong></span> <span class='ocrx_word' id='word_1_188' title='bbox 1858 1664 1952 1735; x_wconf 86' lang='lat' dir='ltr'><strong>qui</strong></span> <span class='ocrx_word' id='word_1_189' title='bbox 1989 1663 2076 1718; x_wconf 89' lang='lat' dir='ltr'><strong>vel</strong></span> 
     </span>
    </p>
   </div>
   <div class='ocr_carea' id='block_1_24' title="bbox 2226 1663 3773 1746">
    <p class='ocr_par' dir='ltr' id='par_1_24' title="bbox 2226 1672 3773 1746">
     <span class='ocr_line' id='line_1_24' title="bbox 2226 1672 3773 1746; baseline 0.001 -20"><span class='ocrx_word' id='word_1_190' title='bbox 2226 1673 2275 1726; x_wconf 62' lang='grc' dir='ltr'>ὃν</span> <span class='ocrx_word' id='word_1_191' title='bbox 2305 1672 2525 1744; x_wconf 82' lang='grc' dir='ltr'>έσχονῆ</span> <span class='ocrx_word' id='word_1_192' title='bbox 2563 1672 2749 1744; x_wconf 81' lang='grc' dir='ltr'>έχουσι</span> <span class='ocrx_word' id='word_1_193' title='bbox 2785 1673 2973 1739; x_wconf 89' lang='grc' dir='ltr'>παῖδα,</span> <span class='ocrx_word' id='word_1_194' title='bbox 3013 1674 3152 1729; x_wconf 76' lang='grc' dir='ltr'>ἀλλὰ</span> <span class='ocrx_word' id='word_1_195' title='bbox 3183 1673 3215 1746; x_wconf 81' lang='grc' dir='ltr'>ἢ</span> <span class='ocrx_word' id='word_1_196' title='bbox 3258 1674 3553 1746; x_wconf 83' lang='grc' dir='ltr'>σωφρόνως</span> <span class='ocrx_word' id='word_1_197' title='bbox 3591 1674 3773 1745; x_wconf 83' lang='grc' dir='ltr'>βιοῦν-</span> 
     </span>
    </p>
   </div>
   <div class='ocr_carea' id='block_1_25' title="bbox 469 1752 2115 1835">
    <p class='ocr_par' dir='ltr' id='par_1_25' title="bbox 469 1752 2115 1835">
     <span class='ocr_line' id='line_1_25' title="bbox 469 1752 2115 1835; baseline -0.006 -18"><span class='ocrx_word' id='word_1_198' title='bbox 469 1774 622 1820; x_wconf 87' lang='lat' dir='ltr'><strong>caste</strong></span> <span class='ocrx_word' id='word_1_199' title='bbox 647 1763 844 1818; x_wconf 93' lang='lat' dir='ltr'><strong>vivunt</strong></span> <span class='ocrx_word' id='word_1_200' title='bbox 868 1764 956 1818; x_wconf 85' lang='lat' dir='ltr'><strong>vel</strong></span> <span class='ocrx_word' id='word_1_201' title='bbox 987 1777 1217 1818; x_wconf 78' lang='lat' dir='ltr'><strong>uxorem</strong></span> <span class='ocrx_word' id='word_1_202' title='bbox 1262 1760 1557 1816; x_wconf 79' lang='lat' dir='ltr'><strong>habuerint</strong></span> <span class='ocrx_word' id='word_1_203' title='bbox 1585 1768 1682 1812; x_wconf 89' lang='lat' dir='ltr'><strong>aut</strong></span> <span class='ocrx_word' id='word_1_204' title='bbox 1712 1757 1915 1811; x_wconf 86' lang='lat' dir='ltr'><strong>habent</strong></span> <span class='ocrx_word' id='word_1_205' title='bbox 1938 1752 2076 1826; x_wconf 80' lang='lat' dir='ltr'><strong>legi-</strong></span> <span class='ocrx_word' id='word_1_206' title='bbox 2112 1831 2115 1835; x_wconf 17' lang='grc' dir='ltr'><em>Α</em></span> 
     </span>
    </p>
   </div>
   <div class='ocr_carea' id='block_1_26' title="bbox 2226 1752 3778 1835">
    <p class='ocr_par' dir='ltr' id='par_1_26' title="bbox 2226 1761 3778 1835">
     <span class='ocr_line' id='line_1_26' title="bbox 2226 1761 3778 1835; baseline -0.001 -19"><span class='ocrx_word' id='word_1_207' title='bbox 2226 1781 2301 1830; x_wconf 72' lang='grc' dir='ltr'>ις,</span> <span class='ocrx_word' id='word_1_208' title='bbox 2345 1763 2378 1834; x_wconf 84' lang='grc' dir='ltr'>ἢ</span> <span class='ocrx_word' id='word_1_209' title='bbox 2427 1764 2678 1835; x_wconf 81' lang='grc' dir='ltr'>γαμετὴν</span> <span class='ocrx_word' id='word_1_210' title='bbox 2706 1763 2959 1834; x_wconf 87' lang='grc' dir='ltr'>νόμιμον,</span> <span class='ocrx_word' id='word_1_211' title='bbox 2991 1763 3088 1818; x_wconf 76' lang='grc' dir='ltr'><strong>καὶ</strong></span> <span class='ocrx_word' id='word_1_212' title='bbox 3127 1761 3298 1834; x_wconf 81' lang='grc' dir='ltr'>αὐτὴν</span> <span class='ocrx_word' id='word_1_213' title='bbox 3325 1762 3476 1833; x_wconf 88' lang='grc' dir='ltr'>μίαν,</span> <span class='ocrx_word' id='word_1_214' title='bbox 3508 1764 3604 1816; x_wconf 78' lang='grc' dir='ltr'>καὶ</span> <span class='ocrx_word' id='word_1_215' title='bbox 3629 1762 3778 1832; x_wconf 78' lang='grc' dir='ltr'>πρώο</span> 
     </span>
    </p>
   </div>
   <div class='ocr_carea' id='block_1_27' title="bbox 477 1830 2115 1935">
    <p class='ocr_par' dir='ltr' id='par_1_27' title="bbox 477 1849 2115 1926">
     <span class='ocr_line' id='line_1_27' title="bbox 477 1849 2115 1926; baseline -0.006 -14"><span class='ocrx_word' id='word_1_216' title='bbox 477 1860 690 1923; x_wconf 89' lang='lat' dir='ltr'><strong>timam,</strong></span> <span class='ocrx_word' id='word_1_217' title='bbox 726 1867 783 1912; x_wconf 91' lang='lat' dir='ltr'><strong>et</strong></span> <span class='ocrx_word' id='word_1_218' title='bbox 812 1873 932 1912; x_wconf 90' lang='lat' dir='ltr'><strong>eam</strong></span> <span class='ocrx_word' id='word_1_219' title='bbox 987 1871 1156 1912; x_wconf 90' lang='lat' dir='ltr'><strong>uuam</strong></span> <span class='ocrx_word' id='word_1_220' title='bbox 1211 1865 1265 1911; x_wconf 90' lang='lat' dir='ltr'><strong>et</strong></span> <span class='ocrx_word' id='word_1_221' title='bbox 1297 1855 1529 1926; x_wconf 83' lang='lat' dir='ltr'><strong>primam</strong></span> <span class='ocrx_word' id='word_1_222' title='bbox 1556 1896 1571 1919; x_wconf 91' lang='lat'><strong>,</strong></span> <span class='ocrx_word' id='word_1_223' title='bbox 1617 1867 1798 1922; x_wconf 90' lang='lat' dir='ltr'><strong>neque</strong></span> <span class='ocrx_word' id='word_1_224' title='bbox 1827 1849 2073 1915; x_wconf 79' lang='lat' dir='ltr'><strong>viduam,</strong></span> <span class='ocrx_word' id='word_1_225' title='bbox 2114 1879 2115 1884; x_wconf 59' lang='grc' dir='ltr'><strong>η</strong></span> 
     </span>
    </p>
   </div>
   <div class='ocr_carea' id='block_1_28' title="bbox 2226 1830 3779 1935">
    <p class='ocr_par' dir='ltr' id='par_1_28' title="bbox 2226 1830 3779 1935">
     <span class='ocr_line' id='line_1_28' title="bbox 2226 1830 3779 1935; baseline 0.001 -26"><span class='ocrx_word' id='word_1_226' title='bbox 2226 1873 2287 1925; x_wconf 86' lang='grc' dir='ltr'><strong>ην</strong></span> <span class='ocrx_word' id='word_1_227' title='bbox 2327 1830 2656 1935; x_wconf 66' lang='grc' dir='ltr'>ἐσχηκότας,</span> <span class='ocrx_word' id='word_1_228' title='bbox 2701 1855 2735 1927; x_wconf 85' lang='grc' dir='ltr'>ἦ</span> <span class='ocrx_word' id='word_1_229' title='bbox 2772 1830 3004 1927; x_wconf 28' lang='grc' dir='ltr'>*ἔχοντας</span> <span class='ocrx_word' id='word_1_230' title='bbox 3045 1856 3142 1910; x_wconf 79' lang='grc' dir='ltr'><strong>καὶ</strong></span> <span class='ocrx_word' id='word_1_231' title='bbox 3189 1830 3337 1927; x_wconf 31' lang='grc' dir='ltr'>μηδὲ.</span> <span class='ocrx_word' id='word_1_232' title='bbox 3368 1830 3779 1927; x_wconf 75' lang='grc' dir='ltr'>διαζευχθεῖσαν</span> 
     </span>
    </p>
   </div>
   <div class='ocr_carea' id='block_1_29' title="bbox 2240 473 3752 548">
    <p class='ocr_par' dir='ltr' id='par_1_29' title="bbox 2240 473 3752 548">
     <span class='ocr_line' id='line_1_29' title="bbox 2240 473 3752 548; baseline 0.001 -22"><span class='ocrx_word' id='word_1_233' title='bbox 2240 474 2583 529; x_wconf 76' lang='grc' dir='ltr'>’Λποστόλων</span> <span class='ocrx_word' id='word_1_234' title='bbox 2627 474 2809 529; x_wconf 87' lang='grc' dir='ltr'>κανὼν</span> <span class='ocrx_word' id='word_1_235' title='bbox 2843 474 2930 546; x_wconf 83' lang='grc' dir='ltr'>ιβ’,</span> <span class='ocrx_word' id='word_1_236' title='bbox 2987 475 3076 548; x_wconf 82' lang='grc' dir='ltr'>ιη’,</span> <span class='ocrx_word' id='word_1_237' title='bbox 3129 473 3228 529; x_wconf 69' lang='grc' dir='ltr'><strong>ιθν·</strong></span> <span class='ocrx_word' id='word_1_238' title='bbox 3273 473 3490 529; x_wconf 77' lang='grc' dir='ltr'>συνόδου</span> <span class='ocrx_word' id='word_1_239' title='bbox 3525 481 3604 542; x_wconf 81' lang='grc' dir='ltr'>ς’,</span> <span class='ocrx_word' id='word_1_240' title='bbox 3645 491 3752 528; x_wconf 87' lang='grc' dir='ltr'>κα-</span> 
     </span>
    </p>
   </div>
   <div class='ocr_carea' id='block_1_30' title="bbox 2151 565 2488 638">
    <p class='ocr_par' dir='ltr' id='par_1_30' title="bbox 2151 565 2488 638">
     <span class='ocr_line' id='line_1_30' title="bbox 2151 565 2488 638; baseline 0.012 -20"><span class='ocrx_word' id='word_1_241' title='bbox 2151 565 2260 620; x_wconf 83' lang='grc' dir='ltr'><strong>νὼν</strong></span> <span class='ocrx_word' id='word_1_242' title='bbox 2293 583 2326 635; x_wconf 87' lang='grc' dir='ltr'><strong>γ</strong></span> <span class='ocrx_word' id='word_1_243' title='bbox 2347 606 2363 632; x_wconf 92' lang='grc'>,</span> <span class='ocrx_word' id='word_1_244' title='bbox 2397 567 2488 638; x_wconf 84' lang='grc' dir='ltr'>ιβ’.</span> 
     </span>
    </p>
   </div>
   <div class='ocr_carea' id='block_1_31' title="bbox 2220 661 3757 735">
    <p class='ocr_par' dir='ltr' id='par_1_31' title="bbox 2220 661 3757 735">
     <span class='ocr_line' id='line_1_31' title="bbox 2220 661 3757 735; baseline 0 -19"><span class='ocrx_word' id='word_1_245' title='bbox 2220 661 2534 732; x_wconf 74' lang='grc' dir='ltr'>Κείμενον.</span> <span class='ocrx_word' id='word_1_246' title='bbox 2571 662 2762 727; x_wconf 83' lang='grc' dir='ltr'>Τίτλος</span> <span class='ocrx_word' id='word_1_247' title='bbox 2787 669 2835 717; x_wconf 87' lang='grc' dir='ltr'>α’</span> <span class='ocrx_word' id='word_1_248' title='bbox 2867 661 2978 716; x_wconf 85' lang='grc' dir='ltr'><strong>τῶν</strong></span> <span class='ocrx_word' id='word_1_249' title='bbox 3010 662 3260 735; x_wconf 81' lang='grc' dir='ltr'>Νεαρῶν,</span> <span class='ocrx_word' id='word_1_250' title='bbox 3296 681 3350 718; x_wconf 91' lang='grc' dir='ltr'><strong>κ.</strong></span> <span class='ocrx_word' id='word_1_251' title='bbox 3379 681 3430 720; x_wconf 90' lang='grc' dir='ltr'><strong>τ.</strong></span> <span class='ocrx_word' id='word_1_252' title='bbox 3461 663 3540 729; x_wconf 79' lang='grc' dir='ltr'>λ..</span> <span class='ocrx_word' id='word_1_253' title='bbox 3574 675 3757 734; x_wconf 86' lang='lat' dir='ltr'><strong>usque</strong></span> 
     </span>
    </p>
   </div>
   <div class='ocr_carea' id='block_1_32' title="bbox 2155 753 2968 827">
    <p class='ocr_par' dir='ltr' id='par_1_32' title="bbox 2155 753 2968 827">
     <span class='ocr_line' id='line_1_32' title="bbox 2155 753 2968 827; baseline 0.001 -19"><span class='ocrx_word' id='word_1_254' title='bbox 2155 753 2224 809; x_wconf 89' lang='lat' dir='ltr'><strong>ad</strong></span> <span class='ocrx_word' id='word_1_255' title='bbox 2257 754 2541 826; x_wconf 82' lang='grc' dir='ltr'>μονογαμή</span> <span class='ocrx_word' id='word_1_256' title='bbox 2549 771 2648 820; x_wconf 89' lang='grc' dir='ltr'><strong>σας</strong></span> <span class='ocrx_word' id='word_1_257' title='bbox 2681 755 2968 827; x_wconf 79' lang='grc' dir='ltr'><strong>παρθένον.</strong></span> 
     </span>
    </p>
   </div>
   <div class='ocr_carea' id='block_1_33' title="bbox 477 1941 2076 2021">
    <p class='ocr_par' dir='ltr' id='par_1_33' title="bbox 477 1941 2076 2021">
     <span class='ocr_line' id='line_1_33' title="bbox 477 1941 2076 2021; baseline -0.006 -17"><span class='ocrx_word' id='word_1_258' title='bbox 477 1965 657 2019; x_wconf 90' lang='lat' dir='ltr'><strong>neque</strong></span> <span class='ocrx_word' id='word_1_259' title='bbox 693 1947 978 2021; x_wconf 86' lang='lat' dir='ltr'><strong>[divortio]</strong></span> <span class='ocrx_word' id='word_1_260' title='bbox 1010 1955 1322 2017; x_wconf 85' lang='lat' dir='ltr'><strong>separatam</strong></span> <span class='ocrx_word' id='word_1_261' title='bbox 1369 1962 1400 2002; x_wconf 90' lang='lat' dir='ltr'><strong>a</strong></span> <span class='ocrx_word' id='word_1_262' title='bbox 1438 1947 1559 2002; x_wconf 89' lang='lat' dir='ltr'><strong>viro</strong></span> <span class='ocrx_word' id='word_1_263' title='bbox 1581 1987 1595 2012; x_wconf 91' lang='lat'><strong>,</strong></span> <span class='ocrx_word' id='word_1_264' title='bbox 1654 1959 1834 2014; x_wconf 89' lang='lat' dir='ltr'><strong>neque</strong></span> <span class='ocrx_word' id='word_1_265' title='bbox 1870 1941 2076 2012; x_wconf 88' lang='lat' dir='ltr'><strong>alioqui</strong></span> 
     </span>
    </p>
   </div>
   <div class='ocr_carea' id='block_1_34' title="bbox 476 2033 2078 2112">
    <p class='ocr_par' dir='ltr' id='par_1_34' title="bbox 476 2033 2078 2112">
     <span class='ocr_line' id='line_1_34' title="bbox 476 2033 2078 2112; baseline -0.006 -18"><span class='ocrx_word' id='word_1_266' title='bbox 476 2042 690 2112; x_wconf 81' lang='lat' dir='ltr'><strong>legibus</strong></span> <span class='ocrx_word' id='word_1_267' title='bbox 719 2051 815 2094; x_wconf 92' lang='lat' dir='ltr'><strong>aut</strong></span> <span class='ocrx_word' id='word_1_268' title='bbox 845 2039 1018 2095; x_wconf 89' lang='lat' dir='ltr'><strong>sacris</strong></span> <span class='ocrx_word' id='word_1_269' title='bbox 1052 2039 1404 2094; x_wconf 85' lang='lat' dir='ltr'><strong>interdictam</strong></span> <span class='ocrx_word' id='word_1_270' title='bbox 1426 2036 1757 2092; x_wconf 91' lang='lat' dir='ltr'><strong>canonibus.</strong></span> <span class='ocrx_word' id='word_1_271' title='bbox 1792 2033 1926 2100; x_wconf 61' lang='lat' dir='ltr'><strong>Quae</strong></span> <span class='ocrx_word' id='word_1_272' title='bbox 1951 2047 2078 2086; x_wconf 75' lang='lat' dir='ltr'><strong>vero</strong></span> 
     </span>
    </p>
   </div>
   <div class='ocr_carea' id='block_1_35' title="bbox 479 2126 2074 2201">
    <p class='ocr_par' dir='ltr' id='par_1_35' title="bbox 479 2126 2074 2201">
     <span class='ocr_line' id='line_1_35' title="bbox 479 2126 2074 2201; baseline -0.004 -15"><span class='ocrx_word' id='word_1_273' title='bbox 479 2133 583 2187; x_wconf 78' lang='grc'>157</span> <span class='ocrx_word' id='word_1_274' title='bbox 609 2139 791 2188; x_wconf 89' lang='lat' dir='ltr'><strong>const.</strong></span> <span class='ocrx_word' id='word_1_275' title='bbox 827 2142 976 2196; x_wconf 86' lang='lat' dir='ltr'><strong>sunt,</strong></span> <span class='ocrx_word' id='word_1_276' title='bbox 1011 2134 1190 2201; x_wconf 90' lang='lat' dir='ltr'><strong>posita</strong></span> <span class='ocrx_word' id='word_1_277' title='bbox 1226 2141 1353 2185; x_wconf 89' lang='lat' dir='ltr'><strong>sunt</strong></span> <span class='ocrx_word' id='word_1_278' title='bbox 1379 2130 1433 2185; x_wconf 90' lang='lat' dir='ltr'><strong>in</strong></span> <span class='ocrx_word' id='word_1_279' title='bbox 1467 2144 1590 2198; x_wconf 90' lang='lat' dir='ltr'><strong>cap.</strong></span> <span class='ocrx_word' id='word_1_280' title='bbox 1635 2128 1664 2180; x_wconf 87' lang='lat'><strong>‘7</strong></span> <span class='ocrx_word' id='word_1_281' title='bbox 1699 2127 1945 2196; x_wconf 84' lang='lat' dir='ltr'><strong>ejusdem</strong></span> <span class='ocrx_word' id='word_1_282' title='bbox 1983 2126 2074 2180; x_wconf 92' lang='lat' dir='ltr'><strong>lib.</strong></span> 
     </span>
    </p>
   </div>
   <div class='ocr_carea' id='block_1_36' title="bbox 480 2220 2082 2294">
    <p class='ocr_par' dir='ltr' id='par_1_36' title="bbox 480 2220 2082 2294">
     <span class='ocr_line' id='line_1_36' title="bbox 480 2220 2082 2294; baseline -0.006 -13"><span class='ocrx_word' id='word_1_283' title='bbox 480 2237 534 2280; x_wconf 91' lang='lat' dir='ltr'><strong>et</strong></span> <span class='ocrx_word' id='word_1_284' title='bbox 563 2227 648 2281; x_wconf 90' lang='lat' dir='ltr'><strong>tit.</strong></span> <span class='ocrx_word' id='word_1_285' title='bbox 679 2225 828 2294; x_wconf 89' lang='lat' dir='ltr'><strong>quod</strong></span> <span class='ocrx_word' id='word_1_286' title='bbox 874 2224 954 2279; x_wconf 90' lang='lat' dir='ltr'><strong>sic</strong></span> <span class='ocrx_word' id='word_1_287' title='bbox 989 2223 1156 2278; x_wconf 81' lang='lat' dir='ltr'><strong>habet</strong></span> <span class='ocrx_word' id='word_1_288' title='bbox 1192 2242 1204 2278; x_wconf 88' lang='lat'><strong>:</strong></span> <span class='ocrx_word' id='word_1_289' title='bbox 1238 2222 1556 2288; x_wconf 85' lang='lat' dir='ltr'><strong>Saucimus,</strong></span> <span class='ocrx_word' id='word_1_290' title='bbox 1588 2231 1647 2276; x_wconf 92' lang='lat' dir='ltr'><strong>ut</strong></span> <span class='ocrx_word' id='word_1_291' title='bbox 1691 2220 1913 2291; x_wconf 85' lang='lat' dir='ltr'><strong>quoties</strong></span> <span class='ocrx_word' id='word_1_292' title='bbox 1941 2234 2082 2287; x_wconf 88' lang='lat' dir='ltr'><strong>opus</strong></span> 
     </span>
    </p>
   </div>
   <div class='ocr_carea' id='block_1_37' title="bbox 481 2311 2083 2388">
    <p class='ocr_par' dir='ltr' id='par_1_37' title="bbox 481 2311 2083 2388">
     <span class='ocr_line' id='line_1_37' title="bbox 481 2311 2083 2388; baseline -0.004 -15"><span class='ocrx_word' id='word_1_293' title='bbox 481 2319 648 2374; x_wconf 81' lang='lat' dir='ltr'><strong>fuerit</strong></span> <span class='ocrx_word' id='word_1_294' title='bbox 677 2318 937 2372; x_wconf 90' lang='lat' dir='ltr'><strong>ordinare</strong></span> <span class='ocrx_word' id='word_1_295' title='bbox 988 2317 1338 2388; x_wconf 64' lang='lat' dir='ltr'><strong>episc‘Opum,</strong></span> <span class='ocrx_word' id='word_1_296' title='bbox 1366 2323 1563 2370; x_wconf 84' lang='lat' dir='ltr'><strong>coeant</strong></span> <span class='ocrx_word' id='word_1_297' title='bbox 1597 2314 1650 2368; x_wconf 94' lang='lat' dir='ltr'><strong>in</strong></span> <span class='ocrx_word' id='word_1_298' title='bbox 1698 2329 1868 2368; x_wconf 88' lang='lat' dir='ltr'><strong>unum</strong></span> <span class='ocrx_word' id='word_1_299' title='bbox 1897 2311 2083 2366; x_wconf 85' lang='lat' dir='ltr'><strong>clerici</strong></span> 
     </span>
    </p>
   </div>
   <div class='ocr_carea' id='block_1_38' title="bbox 481 2407 2085 2484">
    <p class='ocr_par' dir='ltr' id='par_1_38' title="bbox 481 2407 2085 2484">
     <span class='ocr_line' id='line_1_38' title="bbox 481 2407 2085 2484; baseline -0.005 -17"><span class='ocrx_word' id='word_1_300' title='bbox 481 2422 536 2467; x_wconf 89' lang='lat' dir='ltr'><strong>et</strong></span> <span class='ocrx_word' id='word_1_301' title='bbox 564 2412 830 2484; x_wconf 91' lang='lat' dir='ltr'><strong>primates</strong></span> <span class='ocrx_word' id='word_1_302' title='bbox 866 2409 1109 2466; x_wconf 84' lang='lat' dir='ltr'><strong>civitatis</strong></span> <span class='ocrx_word' id='word_1_303' title='bbox 1155 2411 1245 2466; x_wconf 90' lang='lat' dir='ltr'><strong>cui</strong></span> <span class='ocrx_word' id='word_1_304' title='bbox 1279 2411 1574 2480; x_wconf 84' lang='lat' dir='ltr'><strong>episcopus</strong></span> <span class='ocrx_word' id='word_1_305' title='bbox 1605 2407 1949 2463; x_wconf 92' lang='lat' dir='ltr'><strong>ordinandus</strong></span> <span class='ocrx_word' id='word_1_306' title='bbox 1978 2415 2085 2470; x_wconf 89' lang='lat' dir='ltr'><strong>est,</strong></span> 
     </span>
    </p>
   </div>
   <div class='ocr_carea' id='block_1_39' title="bbox 480 2500 2088 2576">
    <p class='ocr_par' dir='ltr' id='par_1_39' title="bbox 480 2500 2088 2576">
     <span class='ocr_line' id='line_1_39' title="bbox 480 2500 2088 2576; baseline -0.007 -13"><span class='ocrx_word' id='word_1_307' title='bbox 480 2515 537 2563; x_wconf 84' lang='lat' dir='ltr'><strong>et</strong></span> <span class='ocrx_word' id='word_1_308' title='bbox 569 2505 865 2576; x_wconf 84' lang='lat' dir='ltr'><strong>prepositis</strong></span> <span class='ocrx_word' id='word_1_309' title='bbox 895 2505 1274 2560; x_wconf 83' lang='lat' dir='ltr'><strong>sacrosanctis</strong></span> <span class='ocrx_word' id='word_1_310' title='bbox 1305 2502 1619 2574; x_wconf 79' lang='lat' dir='ltr'><strong>Evangeliis</strong></span> <span class='ocrx_word' id='word_1_311' title='bbox 1653 2501 1720 2557; x_wconf 91' lang='lat' dir='ltr'><strong>de</strong></span> <span class='ocrx_word' id='word_1_312' title='bbox 1753 2500 1931 2555; x_wconf 86' lang='lat' dir='ltr'><strong>tribus</strong></span> <span class='ocrx_word' id='word_1_313' title='bbox 1961 2514 2088 2569; x_wconf 88' lang='lat' dir='ltr'><strong>per-</strong></span> 
     </span>
    </p>
   </div>
   <div class='ocr_carea' id='block_1_40' title="bbox 483 2593 2092 2668">
    <p class='ocr_par' dir='ltr' id='par_1_40' title="bbox 483 2593 2092 2668">
     <span class='ocr_line' id='line_1_40' title="bbox 483 2593 2092 2668; baseline -0.006 -13"><span class='ocrx_word' id='word_1_314' title='bbox 483 2601 638 2656; x_wconf 84' lang='lat' dir='ltr'><strong>sonis</strong></span> <span class='ocrx_word' id='word_1_315' title='bbox 667 2599 888 2654; x_wconf 91' lang='lat' dir='ltr'><strong>dccreta</strong></span> <span class='ocrx_word' id='word_1_316' title='bbox 921 2598 1148 2664; x_wconf 82' lang='lat' dir='ltr'><strong>faciant,</strong></span> <span class='ocrx_word' id='word_1_317' title='bbox 1196 2607 1251 2652; x_wconf 91' lang='lat' dir='ltr'><strong>et</strong></span> <span class='ocrx_word' id='word_1_318' title='bbox 1292 2597 1530 2668; x_wconf 89' lang='lat' dir='ltr'><strong>quisque</strong></span> <span class='ocrx_word' id='word_1_319' title='bbox 1579 2609 1773 2650; x_wconf 86' lang='lat' dir='ltr'><strong>eorum</strong></span> <span class='ocrx_word' id='word_1_320' title='bbox 1819 2593 1968 2661; x_wconf 89' lang='lat' dir='ltr'><strong>juret</strong></span> <span class='ocrx_word' id='word_1_321' title='bbox 1995 2608 2092 2663; x_wconf 91' lang='lat' dir='ltr'><strong>per</strong></span> 
     </span>
    </p>
   </div>
   <div class='ocr_carea' id='block_1_41' title="bbox 484 2685 2090 2763">
    <p class='ocr_par' dir='ltr' id='par_1_41' title="bbox 484 2685 2090 2763">
     <span class='ocr_line' id='line_1_41' title="bbox 484 2685 2090 2763; baseline -0.007 -13"><span class='ocrx_word' id='word_1_322' title='bbox 484 2709 642 2750; x_wconf 88' lang='lat' dir='ltr'><strong>sacra</strong></span> <span class='ocrx_word' id='word_1_323' title='bbox 666 2691 922 2763; x_wconf 88' lang='lat' dir='ltr'><strong>Eloquia,</strong></span> <span class='ocrx_word' id='word_1_324' title='bbox 957 2691 1124 2762; x_wconf 89' lang='lat' dir='ltr'><strong>idque</strong></span> <span class='ocrx_word' id='word_1_325' title='bbox 1152 2691 1288 2761; x_wconf 89' lang='lat' dir='ltr'><strong>ipsis</strong></span> <span class='ocrx_word' id='word_1_326' title='bbox 1316 2691 1555 2745; x_wconf 85' lang='lat' dir='ltr'><strong>decretis</strong></span> <span class='ocrx_word' id='word_1_327' title='bbox 1588 2688 1886 2753; x_wconf 88' lang='lat' dir='ltr'><strong>inserant,</strong></span> <span class='ocrx_word' id='word_1_328' title='bbox 1943 2685 2090 2756; x_wconf 90' lang='lat' dir='ltr'><strong>quod</strong></span> 
     </span>
    </p>
   </div>
   <div class='ocr_carea' id='block_1_42' title="bbox 487 2782 2095 2857">
    <p class='ocr_par' dir='ltr' id='par_1_42' title="bbox 487 2782 2095 2857">
     <span class='ocr_line' id='line_1_42' title="bbox 487 2782 2095 2857; baseline -0.005 -15"><span class='ocrx_word' id='word_1_329' title='bbox 487 2804 666 2857; x_wconf 85' lang='lat' dir='ltr'><strong>neque</strong></span> <span class='ocrx_word' id='word_1_330' title='bbox 702 2801 798 2855; x_wconf 89' lang='lat' dir='ltr'><strong>per</strong></span> <span class='ocrx_word' id='word_1_331' title='bbox 836 2785 1208 2854; x_wconf 73' lang='lat' dir='ltr'><strong>largitionem,</strong></span> <span class='ocrx_word' id='word_1_332' title='bbox 1235 2797 1412 2853; x_wconf 88' lang='lat' dir='ltr'><strong>neque</strong></span> <span class='ocrx_word' id='word_1_333' title='bbox 1435 2782 1884 2853; x_wconf 84' lang='lat' dir='ltr'><strong>promissionem,</strong></span> <span class='ocrx_word' id='word_1_334' title='bbox 1917 2793 2095 2848; x_wconf 87' lang='lat' dir='ltr'><strong>neque</strong></span> 
     </span>
    </p>
   </div>
   <div class='ocr_carea' id='block_1_43' title="bbox 488 2873 2092 2948">
    <p class='ocr_par' dir='ltr' id='par_1_43' title="bbox 488 2873 2092 2948">
     <span class='ocr_line' id='line_1_43' title="bbox 488 2873 2092 2948; baseline -0.008 -12"><span class='ocrx_word' id='word_1_335' title='bbox 488 2879 790 2936; x_wconf 82' lang='lat' dir='ltr'><strong>amicitiam</strong></span> <span class='ocrx_word' id='word_1_336' title='bbox 820 2918 834 2942; x_wconf 92' lang='lat'><strong>,</strong></span> <span class='ocrx_word' id='word_1_337' title='bbox 889 2886 986 2934; x_wconf 85' lang='lat' dir='ltr'><strong>aut</strong></span> <span class='ocrx_word' id='word_1_338' title='bbox 1035 2877 1308 2948; x_wconf 81' lang='lat' dir='ltr'><strong>gratiam,</strong></span> <span class='ocrx_word' id='word_1_339' title='bbox 1359 2883 1455 2930; x_wconf 87' lang='lat' dir='ltr'><strong>aut</strong></span> <span class='ocrx_word' id='word_1_340' title='bbox 1487 2888 1879 2945; x_wconf 85' lang='lat' dir='ltr'><strong>quamcunque</strong></span> <span class='ocrx_word' id='word_1_341' title='bbox 1928 2873 2092 2927; x_wconf 90' lang='lat' dir='ltr'><strong>aliam</strong></span> 
     </span>
    </p>
   </div>
   <div class='ocr_carea' id='block_1_44' title="bbox 490 2965 2096 3040">
    <p class='ocr_par' dir='ltr' id='par_1_44' title="bbox 490 2965 2096 3040">
     <span class='ocr_line' id='line_1_44' title="bbox 490 2965 2096 3040; baseline -0.006 -12"><span class='ocrx_word' id='word_1_342' title='bbox 490 2973 859 3037; x_wconf 72' lang='lat' dir='ltr'><strong>aﬂectionem,</strong></span> <span class='ocrx_word' id='word_1_343' title='bbox 887 2972 979 3026; x_wconf 87' lang='lat' dir='ltr'><strong>sed</strong></span> <span class='ocrx_word' id='word_1_344' title='bbox 1013 2971 1159 3040; x_wconf 93' lang='lat' dir='ltr'><strong>quod</strong></span> <span class='ocrx_word' id='word_1_345' title='bbox 1201 2970 1383 3024; x_wconf 85' lang='lat' dir='ltr'><strong>sciant</strong></span> <span class='ocrx_word' id='word_1_346' title='bbox 1412 2969 1562 3040; x_wconf 91' lang='lat' dir='ltr'><strong>ipsos</strong></span> <span class='ocrx_word' id='word_1_347' title='bbox 1587 2977 1750 3022; x_wconf 82' lang='lat' dir='ltr'><strong>rectae</strong></span> <span class='ocrx_word' id='word_1_348' title='bbox 1777 2975 1831 3020; x_wconf 92' lang='lat' dir='ltr'><strong>et</strong></span> <span class='ocrx_word' id='word_1_349' title='bbox 1867 2965 2096 3020; x_wconf 82' lang='lat' dir='ltr'><strong>catholi-</strong></span> 
     </span>
    </p>
   </div>
   <div class='ocr_carea' id='block_1_45' title="bbox 490 3059 2101 3131">
    <p class='ocr_par' dir='ltr' id='par_1_45' title="bbox 490 3059 2101 3131">
     <span class='ocr_line' id='line_1_45' title="bbox 490 3059 2101 3131; baseline -0.007 -9"><span class='ocrx_word' id='word_1_350' title='bbox 490 3086 569 3124; x_wconf 84' lang='lat' dir='ltr'><strong>cae</strong></span> <span class='ocrx_word' id='word_1_351' title='bbox 601 3066 725 3122; x_wconf 89' lang='lat' dir='ltr'><strong>lidei</strong></span> <span class='ocrx_word' id='word_1_352' title='bbox 759 3081 825 3121; x_wconf 90' lang='lat' dir='ltr'><strong>ac</strong></span> <span class='ocrx_word' id='word_1_353' title='bbox 859 3066 1107 3120; x_wconf 66' lang='lat' dir='ltr'><strong>honesm</strong></span> <span class='ocrx_word' id='word_1_354' title='bbox 1147 3063 1274 3118; x_wconf 84' lang='lat' dir='ltr'><strong>vitae</strong></span> <span class='ocrx_word' id='word_1_355' title='bbox 1331 3077 1491 3128; x_wconf 91' lang='lat' dir='ltr'><strong>esse,</strong></span> <span class='ocrx_word' id='word_1_356' title='bbox 1536 3069 1592 3116; x_wconf 85' lang='lat' dir='ltr'><strong>et</strong></span> <span class='ocrx_word' id='word_1_357' title='bbox 1645 3075 1812 3131; x_wconf 89' lang='lat' dir='ltr'><strong>supra</strong></span> <span class='ocrx_word' id='word_1_358' title='bbox 1883 3059 2101 3113; x_wconf 89' lang='lat' dir='ltr'><strong>tricesi-</strong></span> 
     </span>
    </p>
   </div>
   <div class='ocr_carea' id='block_1_46' title="bbox 494 3155 2101 3226">
    <p class='ocr_par' dir='ltr' id='par_1_46' title="bbox 494 3155 2101 3226">
     <span class='ocr_line' id='line_1_46' title="bbox 494 3155 2101 3226; baseline -0.006 -9"><span class='ocrx_word' id='word_1_359' title='bbox 494 3175 646 3217; x_wconf 91' lang='lat' dir='ltr'><strong>mum</strong></span> <span class='ocrx_word' id='word_1_360' title='bbox 677 3159 859 3214; x_wconf 70' lang='lat' dir='ltr'><strong>aetatis</strong></span> <span class='ocrx_word' id='word_1_361' title='bbox 895 3172 1102 3211; x_wconf 87' lang='lat' dir='ltr'><strong>annum</strong></span> <span class='ocrx_word' id='word_1_362' title='bbox 1140 3155 1242 3212; x_wconf 91' lang='lat' dir='ltr'><strong>hos</strong></span> <span class='ocrx_word' id='word_1_363' title='bbox 1286 3157 1572 3226; x_wconf 84' lang='lat' dir='ltr'><strong>elegerunt</strong></span> <span class='ocrx_word' id='word_1_364' title='bbox 1612 3172 1625 3208; x_wconf 93' lang='lat'>:</span> <span class='ocrx_word' id='word_1_365' title='bbox 1661 3165 1715 3210; x_wconf 90' lang='lat' dir='ltr'><strong>et</strong></span> <span class='ocrx_word' id='word_1_366' title='bbox 1741 3155 1886 3224; x_wconf 86' lang='lat' dir='ltr'><strong>quod</strong></span> <span class='ocrx_word' id='word_1_367' title='bbox 1921 3168 2101 3223; x_wconf 85' lang='lat' dir='ltr'><strong>neque</strong></span> 
     </span>
    </p>
   </div>
   <div class='ocr_carea' id='block_1_47' title="bbox 494 3247 2103 3312">
    <p class='ocr_par' dir='ltr' id='par_1_47' title="bbox 494 3247 2103 3312">
     <span class='ocr_line' id='line_1_47' title="bbox 494 3247 2103 3312; baseline -0.006 -3"><span class='ocrx_word' id='word_1_368' title='bbox 494 3267 726 3309; x_wconf 79' lang='lat' dir='ltr'><strong>uxorem</strong></span> <span class='ocrx_word' id='word_1_369' title='bbox 762 3259 855 3304; x_wconf 90' lang='lat' dir='ltr'><strong>aut</strong></span> <span class='ocrx_word' id='word_1_370' title='bbox 884 3249 1274 3312; x_wconf 84' lang='lat' dir='ltr'><strong>concubinam,</strong></span> <span class='ocrx_word' id='word_1_371' title='bbox 1310 3259 1406 3302; x_wconf 90' lang='lat' dir='ltr'><strong>aut</strong></span> <span class='ocrx_word' id='word_1_372' title='bbox 1455 3247 1737 3302; x_wconf 85' lang='lat' dir='ltr'><strong>naturales</strong></span> <span class='ocrx_word' id='word_1_373' title='bbox 1767 3247 1971 3302; x_wconf 90' lang='lat' dir='ltr'><strong>liberos</strong></span> <span class='ocrx_word' id='word_1_374' title='bbox 2003 3262 2103 3301; x_wconf 87' lang='lat' dir='ltr'><strong>no-</strong></span> 
     </span>
    </p>
   </div>
   <div class='ocr_carea' id='block_1_48' title="bbox 499 3338 2102 3411">
    <p class='ocr_par' dir='ltr' id='par_1_48' title="bbox 499 3338 2102 3411">
     <span class='ocr_line' id='line_1_48' title="bbox 499 3338 2102 3411; baseline -0.002 -15"><span class='ocrx_word' id='word_1_375' title='bbox 499 3351 706 3398; x_wconf 81' lang='lat' dir='ltr'><strong>verunt</strong></span> <span class='ocrx_word' id='word_1_376' title='bbox 756 3343 905 3411; x_wconf 88' lang='lat' dir='ltr'><strong>ipsos</strong></span> <span class='ocrx_word' id='word_1_377' title='bbox 941 3340 1226 3404; x_wconf 88' lang='lat' dir='ltr'><strong>habuisse,</strong></span> <span class='ocrx_word' id='word_1_378' title='bbox 1259 3351 1352 3394; x_wconf 89' lang='lat' dir='ltr'><strong>aut</strong></span> <span class='ocrx_word' id='word_1_379' title='bbox 1397 3340 1600 3394; x_wconf 90' lang='lat' dir='ltr'><strong>habere</strong></span> <span class='ocrx_word' id='word_1_380' title='bbox 1628 3357 1642 3394; x_wconf 88' lang='lat'><strong>:</strong></span> <span class='ocrx_word' id='word_1_381' title='bbox 1669 3340 1762 3394; x_wconf 89' lang='lat' dir='ltr'><strong>sed</strong></span> <span class='ocrx_word' id='word_1_382' title='bbox 1794 3349 1849 3393; x_wconf 90' lang='lat' dir='ltr'><strong>et</strong></span> <span class='ocrx_word' id='word_1_383' title='bbox 1895 3339 1942 3394; x_wconf 91' lang='lat' dir='ltr'><strong>si</strong></span> <span class='ocrx_word' id='word_1_384' title='bbox 1977 3338 2102 3408; x_wconf 90' lang='lat' dir='ltr'><strong>quis</strong></span> 
     </span>
    </p>
   </div>
   <div class='ocr_carea' id='block_1_49' title="bbox 504 3432 2103 3506">
    <p class='ocr_par' dir='ltr' id='par_1_49' title="bbox 504 3432 2103 3506">
     <span class='ocr_line' id='line_1_49' title="bbox 504 3432 2103 3506; baseline -0.003 -16"><span class='ocrx_word' id='word_1_385' title='bbox 504 3435 749 3506; x_wconf 89' lang='lat' dir='ltr'><strong>ipsorum</strong></span> <span class='ocrx_word' id='word_1_386' title='bbox 777 3432 929 3503; x_wconf 87' lang='lat' dir='ltr'><strong>prius</strong></span> <span class='ocrx_word' id='word_1_387' title='bbox 961 3448 1190 3487; x_wconf 78' lang='lat' dir='ltr'><strong>uxorem</strong></span> <span class='ocrx_word' id='word_1_388' title='bbox 1219 3432 1495 3497; x_wconf 86' lang='lat' dir='ltr'><strong>habuerit,</strong></span> <span class='ocrx_word' id='word_1_389' title='bbox 1538 3441 1718 3488; x_wconf 90' lang='lat' dir='ltr'><strong>tamen</strong></span> <span class='ocrx_word' id='word_1_390' title='bbox 1748 3449 1870 3489; x_wconf 88' lang='lat' dir='ltr'><strong>eam</strong></span> <span class='ocrx_word' id='word_1_391' title='bbox 1905 3434 2103 3501; x_wconf 90' lang='lat' dir='ltr'><strong>solam,</strong></span> 
     </span>
    </p>
   </div>
   <div class='ocr_carea' id='block_1_50' title="bbox 504 3524 2107 3596">
    <p class='ocr_par' dir='ltr' id='par_1_50' title="bbox 504 3524 2107 3596">
     <span class='ocr_line' id='line_1_50' title="bbox 504 3524 2107 3596; baseline -0.002 -13"><span class='ocrx_word' id='word_1_392' title='bbox 504 3537 559 3583; x_wconf 91' lang='lat' dir='ltr'><strong>et</strong></span> <span class='ocrx_word' id='word_1_393' title='bbox 586 3541 763 3596; x_wconf 90' lang='lat' dir='ltr'><strong>neque</strong></span> <span class='ocrx_word' id='word_1_394' title='bbox 793 3524 1041 3591; x_wconf 87' lang='lat' dir='ltr'><strong>viduam,</strong></span> <span class='ocrx_word' id='word_1_395' title='bbox 1093 3539 1270 3594; x_wconf 87' lang='lat' dir='ltr'><strong>neque</strong></span> <span class='ocrx_word' id='word_1_396' title='bbox 1318 3525 1626 3594; x_wconf 88' lang='lat' dir='ltr'><strong>sejunctam</strong></span> <span class='ocrx_word' id='word_1_397' title='bbox 1679 3541 1705 3579; x_wconf 89' lang='lat' dir='ltr'><strong>a</strong></span> <span class='ocrx_word' id='word_1_398' title='bbox 1748 3526 1887 3592; x_wconf 89' lang='lat' dir='ltr'><strong>viro,</strong></span> <span class='ocrx_word' id='word_1_399' title='bbox 1931 3539 2107 3595; x_wconf 90' lang='lat' dir='ltr'><strong>neque</strong></span> 
     </span>
    </p>
   </div>
   <div class='ocr_carea' id='block_1_51' title="bbox 506 3615 2101 3688">
    <p class='ocr_par' dir='ltr' id='par_1_51' title="bbox 506 3615 2101 3688">
     <span class='ocr_line' id='line_1_51' title="bbox 506 3615 2101 3688; baseline -0.001 -16"><span class='ocrx_word' id='word_1_400' title='bbox 506 3617 720 3688; x_wconf 83' lang='lat' dir='ltr'><strong>legibus</strong></span> <span class='ocrx_word' id='word_1_401' title='bbox 759 3617 1003 3672; x_wconf 86' lang='lat' dir='ltr'><strong>sacrisve</strong></span> <span class='ocrx_word' id='word_1_402' title='bbox 1035 3615 1375 3686; x_wconf 63' lang='lat' dir='ltr'><strong>[canonibus</strong></span> <span class='ocrx_word' id='word_1_403' title='bbox 1425 3617 1771 3672; x_wconf 85' lang='lat' dir='ltr'><strong>interdictam</strong></span> <span class='ocrx_word' id='word_1_404' title='bbox 1824 3617 2101 3672; x_wconf 90' lang='lat' dir='ltr'><strong>habuerit.</strong></span> 
     </span>
    </p>
   </div>
   <div class='ocr_carea' id='block_1_52' title="bbox 511 3709 2112 3781">
    <p class='ocr_par' dir='ltr' id='par_1_52' title="bbox 511 3709 2112 3781">
     <span class='ocr_line' id='line_1_52' title="bbox 511 3709 2112 3781; baseline 0.001 -15"><span class='ocrx_word' id='word_1_405' title='bbox 511 3711 618 3768; x_wconf 89' lang='lat' dir='ltr'><strong>Sed</strong></span> <span class='ocrx_word' id='word_1_406' title='bbox 653 3725 836 3781; x_wconf 87' lang='lat' dir='ltr'><strong>neque</strong></span> <span class='ocrx_word' id='word_1_407' title='bbox 871 3709 1040 3765; x_wconf 65' lang='lat' dir='ltr'><strong>curiae</strong></span> <span class='ocrx_word' id='word_1_408' title='bbox 1071 3709 1396 3765; x_wconf 90' lang='lat' dir='ltr'><strong>muneribus</strong></span> <span class='ocrx_word' id='word_1_409' title='bbox 1443 3709 1720 3766; x_wconf 84' lang='lat' dir='ltr'><strong>addictum</strong></span> <span class='ocrx_word' id='word_1_410' title='bbox 1743 3751 1757 3778; x_wconf 90' lang='lat'><strong>,</strong></span> <span class='ocrx_word' id='word_1_411' title='bbox 1809 3727 1986 3781; x_wconf 88' lang='lat' dir='ltr'><strong>neque</strong></span> <span class='ocrx_word' id='word_1_412' title='bbox 2015 3727 2112 3767; x_wconf 60' lang='lat' dir='ltr'><strong>con</strong></span> 
     </span>
    </p>
   </div>
   <div class='ocr_carea' id='block_1_53' title="bbox 512 3804 2115 3876">
    <p class='ocr_par' dir='ltr' id='par_1_53' title="bbox 512 3804 2115 3876">
     <span class='ocr_line' id='line_1_53' title="bbox 512 3804 2115 3876; baseline -0.001 -13"><span class='ocrx_word' id='word_1_413' title='bbox 512 3807 784 3863; x_wconf 88' lang='lat' dir='ltr'><strong>hortalem</strong></span> <span class='ocrx_word' id='word_1_414' title='bbox 827 3805 1066 3875; x_wconf 89' lang='lat' dir='ltr'><strong>aliquem</strong></span> <span class='ocrx_word' id='word_1_415' title='bbox 1089 3820 1157 3860; x_wconf 84' lang='lat' dir='ltr'><strong>ex</strong></span> <span class='ocrx_word' id='word_1_416' title='bbox 1194 3804 1279 3859; x_wconf 88' lang='lat' dir='ltr'><strong>his</strong></span> <span class='ocrx_word' id='word_1_417' title='bbox 1315 3807 1589 3873; x_wconf 89' lang='lat' dir='ltr'><strong>noverint,</strong></span> <span class='ocrx_word' id='word_1_418' title='bbox 1617 3807 1711 3876; x_wconf 89' lang='lat' dir='ltr'><strong>qui</strong></span> <span class='ocrx_word' id='word_1_419' title='bbox 1740 3807 1978 3862; x_wconf 88' lang='lat' dir='ltr'><strong>decretis</strong></span> <span class='ocrx_word' id='word_1_420' title='bbox 2004 3808 2115 3862; x_wconf 85' lang='lat' dir='ltr'><strong>ele-</strong></span> 
     </span>
    </p>
   </div>
   <div class='ocr_carea' id='block_1_54' title="bbox 514 3898 2116 3968">
    <p class='ocr_par' dir='ltr' id='par_1_54' title="bbox 514 3898 2116 3968">
     <span class='ocr_line' id='line_1_54' title="bbox 514 3898 2116 3968; baseline -0.001 -13"><span class='ocrx_word' id='word_1_421' title='bbox 514 3911 638 3956; x_wconf 84' lang='lat' dir='ltr'><strong>ctus</strong></span> <span class='ocrx_word' id='word_1_422' title='bbox 671 3907 758 3953; x_wconf 90' lang='lat' dir='ltr'><strong>est</strong></span> <span class='ocrx_word' id='word_1_423' title='bbox 784 3915 797 3951; x_wconf 89' lang='lat'><strong>:</strong></span> <span class='ocrx_word' id='word_1_424' title='bbox 826 3907 1196 3968; x_wconf 73' lang='lat' dir='ltr'><strong>praeterquam</strong></span> <span class='ocrx_word' id='word_1_425' title='bbox 1230 3898 1274 3952; x_wconf 91' lang='lat' dir='ltr'><strong>si</strong></span> <span class='ocrx_word' id='word_1_426' title='bbox 1301 3899 1468 3952; x_wconf 64' lang='lat' dir='ltr'><strong>curim</strong></span> <span class='ocrx_word' id='word_1_427' title='bbox 1490 3900 1814 3956; x_wconf 89' lang='lat' dir='ltr'><strong>muneribus</strong></span> <span class='ocrx_word' id='word_1_428' title='bbox 1841 3901 2116 3966; x_wconf 82' lang='lat' dir='ltr'><strong>addictus,</strong></span> 
     </span>
    </p>
   </div>
   <div class='ocr_carea' id='block_1_55' title="bbox 518 3993 2122 4064">
    <p class='ocr_par' dir='ltr' id='par_1_55' title="bbox 518 3993 2122 4064">
     <span class='ocr_line' id='line_1_55' title="bbox 518 3993 2122 4064; baseline 0 -16"><span class='ocrx_word' id='word_1_429' title='bbox 518 4002 612 4048; x_wconf 90' lang='lat' dir='ltr'><strong>aut</strong></span> <span class='ocrx_word' id='word_1_430' title='bbox 637 3993 962 4058; x_wconf 86' lang='lat' dir='ltr'><strong>cohortalis,</strong></span> <span class='ocrx_word' id='word_1_431' title='bbox 1005 4009 1115 4047; x_wconf 91' lang='lat' dir='ltr'><strong>non</strong></span> <span class='ocrx_word' id='word_1_432' title='bbox 1161 3993 1347 4046; x_wconf 90' lang='lat' dir='ltr'><strong>minus</strong></span> <span class='ocrx_word' id='word_1_433' title='bbox 1379 3994 1537 4048; x_wconf 90' lang='lat' dir='ltr'><strong>annis</strong></span> <span class='ocrx_word' id='word_1_434' title='bbox 1566 3994 1880 4064; x_wconf 83' lang='lat' dir='ltr'><strong>quindecim</strong></span> <span class='ocrx_word' id='word_1_435' title='bbox 1927 4010 2122 4048; x_wconf 83' lang='lat' dir='ltr'><strong>mona-</strong></span> 
     </span>
    </p>
   </div>
   <div class='ocr_carea' id='block_1_56' title="bbox 519 4085 2116 4142">
    <p class='ocr_par' dir='ltr' id='par_1_56' title="bbox 519 4085 2116 4142">
     <span class='ocr_line' id='line_1_56' title="bbox 519 4085 2116 4142; baseline -0.001 0"><span class='ocrx_word' id='word_1_436' title='bbox 519 4088 733 4142; x_wconf 89' lang='lat' dir='ltr'><strong>chicam</strong></span> <span class='ocrx_word' id='word_1_437' title='bbox 756 4086 809 4138; x_wconf 93' lang='lat' dir='ltr'><strong>in</strong></span> <span class='ocrx_word' id='word_1_438' title='bbox 832 4086 1170 4140; x_wconf 86' lang='lat' dir='ltr'><strong>monasterio</strong></span> <span class='ocrx_word' id='word_1_439' title='bbox 1187 4085 1352 4139; x_wconf 91' lang='lat' dir='ltr'><strong>vitam</strong></span> <span class='ocrx_word' id='word_1_440' title='bbox 1374 4096 1526 4141; x_wconf 81' lang='lat' dir='ltr'><strong>extra</strong></span> <span class='ocrx_word' id='word_1_441' title='bbox 1546 4101 1764 4141; x_wconf 90' lang='lat' dir='ltr'><strong>omnem</strong></span> <span class='ocrx_word' id='word_1_442' title='bbox 1785 4087 2116 4141; x_wconf 80' lang='lat' dir='ltr'><strong>calumniam</strong></span> 
     </span>
    </p>
   </div>
   <div class='ocr_carea' id='block_1_57' title="bbox 522 4179 2119 4252">
    <p class='ocr_par' dir='ltr' id='par_1_57' title="bbox 522 4179 2119 4252">
     <span class='ocr_line' id='line_1_57' title="bbox 522 4179 2119 4252; baseline 0 -16"><span class='ocrx_word' id='word_1_443' title='bbox 522 4179 860 4250; x_wconf 75' lang='lat' dir='ltr'><strong>transegerit</strong></span> <span class='ocrx_word' id='word_1_444' title='bbox 895 4197 907 4231; x_wconf 94' lang='lat'>:</span> <span class='ocrx_word' id='word_1_445' title='bbox 942 4179 1196 4234; x_wconf 89' lang='lat' dir='ltr'><strong>videlicet</strong></span> <span class='ocrx_word' id='word_1_446' title='bbox 1253 4180 1640 4235; x_wconf 85' lang='lat' dir='ltr'><strong>observatione</strong></span> <span class='ocrx_word' id='word_1_447' title='bbox 1664 4222 1679 4248; x_wconf 92' lang='lat'><strong>,</strong></span> <span class='ocrx_word' id='word_1_448' title='bbox 1716 4197 1837 4252; x_wconf 85' lang='lat' dir='ltr'><strong>quae</strong></span> <span class='ocrx_word' id='word_1_449' title='bbox 1882 4183 2034 4251; x_wconf 89' lang='lat' dir='ltr'><strong>prius</strong></span> <span class='ocrx_word' id='word_1_450' title='bbox 2089 4197 2119 4236; x_wconf 90' lang='lat' dir='ltr'><strong>a</strong></span> 
     </span>
    </p>
   </div>
   <div class='ocr_carea' id='block_1_58' title="bbox 521 4271 2116 4345">
    <p class='ocr_par' dir='ltr' id='par_1_58' title="bbox 521 4271 2116 4345">
     <span class='ocr_line' id='line_1_58' title="bbox 521 4271 2116 4345; baseline -0.001 -16"><span class='ocrx_word' id='word_1_451' title='bbox 521 4275 684 4330; x_wconf 87' lang='lat' dir='ltr'><strong>nobis</strong></span> <span class='ocrx_word' id='word_1_452' title='bbox 716 4273 862 4328; x_wconf 89' lang='lat' dir='ltr'><strong>dicta</strong></span> <span class='ocrx_word' id='word_1_453' title='bbox 894 4281 1000 4339; x_wconf 88' lang='lat' dir='ltr'><strong>est,</strong></span> <span class='ocrx_word' id='word_1_454' title='bbox 1032 4288 1129 4343; x_wconf 91' lang='lat' dir='ltr'><strong>per</strong></span> <span class='ocrx_word' id='word_1_455' title='bbox 1159 4271 1411 4328; x_wconf 62' lang='lat' dir='ltr'><strong>facientia</strong></span> <span class='ocrx_word' id='word_1_456' title='bbox 1434 4275 1501 4329; x_wconf 88' lang='lat' dir='ltr'><strong>de</strong></span> <span class='ocrx_word' id='word_1_457' title='bbox 1530 4274 1666 4345; x_wconf 89' lang='lat' dir='ltr'><strong>ipsis</strong></span> <span class='ocrx_word' id='word_1_458' title='bbox 1698 4277 1936 4341; x_wconf 88' lang='lat' dir='ltr'><strong>decreta,</strong></span> <span class='ocrx_word' id='word_1_459' title='bbox 1977 4285 2031 4329; x_wconf 83' lang='lat' dir='ltr'><strong>et</strong></span> <span class='ocrx_word' id='word_1_460' title='bbox 2064 4278 2116 4330; x_wconf 91' lang='lat' dir='ltr'><strong>in</strong></span> 
     </span>
    </p>
   </div>
   <div class='ocr_carea' id='block_1_59' title="bbox 524 4366 2121 4438">
    <p class='ocr_par' dir='ltr' id='par_1_59' title="bbox 524 4366 2121 4438">
     <span class='ocr_line' id='line_1_59' title="bbox 524 4366 2121 4438; baseline 0 -16"><span class='ocrx_word' id='word_1_461' title='bbox 524 4370 609 4422; x_wconf 90' lang='lat' dir='ltr'><strong>his</strong></span> <span class='ocrx_word' id='word_1_462' title='bbox 639 4366 896 4438; x_wconf 85' lang='lat' dir='ltr'><strong>personis</strong></span> <span class='ocrx_word' id='word_1_463' title='bbox 931 4366 1290 4422; x_wconf 88' lang='lat' dir='ltr'><strong>custodienda</strong></span> <span class='ocrx_word' id='word_1_464' title='bbox 1325 4386 1339 4422; x_wconf 88' lang='lat'><strong>:</strong></span> <span class='ocrx_word' id='word_1_465' title='bbox 1383 4377 1436 4421; x_wconf 95' lang='lat' dir='ltr'><strong>ut</strong></span> <span class='ocrx_word' id='word_1_466' title='bbox 1471 4383 1535 4422; x_wconf 84' lang='lat' dir='ltr'><strong>ex</strong></span> <span class='ocrx_word' id='word_1_467' title='bbox 1570 4368 1745 4424; x_wconf 89' lang='lat' dir='ltr'><strong>tribus</strong></span> <span class='ocrx_word' id='word_1_468' title='bbox 1786 4369 1893 4423; x_wconf 81' lang='lat' dir='ltr'><strong>illis</strong></span> <span class='ocrx_word' id='word_1_469' title='bbox 1932 4385 2121 4437; x_wconf 86' lang='lat' dir='ltr'><strong>perso-</strong></span> 
     </span>
    </p>
   </div>
   <div class='ocr_carea' id='block_1_60' title="bbox 527 4460 2122 4532">
    <p class='ocr_par' dir='ltr' id='par_1_60' title="bbox 527 4460 2122 4532">
     <span class='ocr_line' id='line_1_60' title="bbox 527 4460 2122 4532; baseline 0.001 -16"><span class='ocrx_word' id='word_1_470' title='bbox 527 4463 632 4526; x_wconf 87' lang='lat' dir='ltr'><strong>nis,</strong></span> <span class='ocrx_word' id='word_1_471' title='bbox 663 4476 790 4531; x_wconf 72' lang='lat' dir='ltr'><strong>quae</strong></span> <span class='ocrx_word' id='word_1_472' title='bbox 815 4460 1053 4515; x_wconf 87' lang='lat' dir='ltr'><strong>decretis</strong></span> <span class='ocrx_word' id='word_1_473' title='bbox 1084 4460 1191 4516; x_wconf 89' lang='lat' dir='ltr'><strong>hoc</strong></span> <span class='ocrx_word' id='word_1_474' title='bbox 1221 4461 1389 4516; x_wconf 88' lang='lat' dir='ltr'><strong>modo</strong></span> <span class='ocrx_word' id='word_1_475' title='bbox 1419 4461 1722 4532; x_wconf 86' lang='lat' dir='ltr'><strong>eliguntur,</strong></span> <span class='ocrx_word' id='word_1_476' title='bbox 1749 4462 1942 4517; x_wconf 86' lang='lat' dir='ltr'><strong>melior</strong></span> <span class='ocrx_word' id='word_1_477' title='bbox 1974 4463 2122 4517; x_wconf 88' lang='lat' dir='ltr'><strong>ordi—</strong></span> 
     </span>
    </p>
   </div>
   <div class='ocr_carea' id='block_1_61' title="bbox 527 4549 2202 4638">
    <p class='ocr_par' dir='ltr' id='par_1_61' title="bbox 527 4549 2202 4638">
     <span class='ocr_line' id='line_1_61' title="bbox 527 4549 2202 4638; baseline 0.004 -35"><span class='ocrx_word' id='word_1_478' title='bbox 527 4560 708 4614; x_wconf 89' lang='lat' dir='ltr'><strong>netur,</strong></span> <span class='ocrx_word' id='word_1_479' title='bbox 765 4549 1034 4604; x_wconf 89' lang='lat' dir='ltr'><strong>electione</strong></span> <span class='ocrx_word' id='word_1_480' title='bbox 1073 4558 1131 4604; x_wconf 92' lang='lat' dir='ltr'><strong>et</strong></span> <span class='ocrx_word' id='word_1_481' title='bbox 1178 4550 1389 4621; x_wconf 87' lang='lat' dir='ltr'><strong>judicio</strong></span> <span class='ocrx_word' id='word_1_482' title='bbox 1437 4552 1557 4621; x_wconf 89' lang='lat' dir='ltr'><strong>ejus</strong></span> <span class='ocrx_word' id='word_1_483' title='bbox 1587 4554 1680 4622; x_wconf 89' lang='lat' dir='ltr'><strong>qui</strong></span> <span class='ocrx_word' id='word_1_484' title='bbox 1713 4553 2000 4608; x_wconf 85' lang='lat' dir='ltr'><strong>ordinandi</strong></span> <span class='ocrx_word' id='word_1_485' title='bbox 2031 4554 2123 4622; x_wconf 88' lang='lat' dir='ltr'><strong>jus</strong></span> <span class='ocrx_word' id='word_1_486' title='bbox 2160 4583 2202 4638; x_wconf 76' lang='grc' dir='ltr'><strong>ι)</strong></span> 
     </span>
    </p>
   </div>
   <div class='ocr_carea' id='block_1_62' title="bbox 533 4639 2128 4716">
    <p class='ocr_par' dir='ltr' id='par_1_62' title="bbox 533 4639 2128 4716">
     <span class='ocr_line' id='line_1_62' title="bbox 533 4639 2128 4716; baseline 0.004 -21"><span class='ocrx_word' id='word_1_487' title='bbox 533 4643 715 4696; x_wconf 88' lang='lat' dir='ltr'><strong>habet.</strong></span> <span class='ocrx_word' id='word_1_488' title='bbox 766 4641 988 4708; x_wconf 72' lang='lat' dir='ltr'><strong>Quaeret</strong></span> <span class='ocrx_word' id='word_1_489' title='bbox 1049 4639 1336 4716; x_wconf 81' lang='lat' dir='ltr'><strong>[fortasse]</strong></span> <span class='ocrx_word' id='word_1_490' title='bbox 1394 4645 1691 4714; x_wconf 86' lang='lat' dir='ltr'><strong>quispiam,</strong></span> <span class='ocrx_word' id='word_1_491' title='bbox 1725 4662 1848 4700; x_wconf 86' lang='lat' dir='ltr'><strong>eum</strong></span> <span class='ocrx_word' id='word_1_492' title='bbox 1886 4661 2128 4716; x_wconf 81' lang='lat' dir='ltr'><strong>pra-scus</strong></span> 
     </span>
    </p>
   </div>
   <div class='ocr_carea' id='block_1_63' title="bbox 534 4735 2130 4808">
    <p class='ocr_par' dir='ltr' id='par_1_63' title="bbox 534 4735 2130 4808">
     <span class='ocr_line' id='line_1_63' title="bbox 534 4735 2130 4808; baseline 0.004 -20"><span class='ocrx_word' id='word_1_493' title='bbox 534 4735 833 4790; x_wconf 84' lang='lat' dir='ltr'><strong>.lustiuiani</strong></span> <span class='ocrx_word' id='word_1_494' title='bbox 883 4737 1097 4790; x_wconf 83' lang='lat' dir='ltr'><strong>novella</strong></span> <span class='ocrx_word' id='word_1_495' title='bbox 1143 4737 1196 4790; x_wconf 89' lang='lat' dir='ltr'><strong>in</strong></span> <span class='ocrx_word' id='word_1_496' title='bbox 1231 4736 1628 4808; x_wconf 82' lang='lat' dir='ltr'><strong>Basil.recepta</strong></span> <span class='ocrx_word' id='word_1_497' title='bbox 1675 4740 1764 4808; x_wconf 90' lang='lat' dir='ltr'><strong>sit,</strong></span> <span class='ocrx_word' id='word_1_498' title='bbox 1802 4755 1866 4795; x_wconf 87' lang='lat' dir='ltr'><strong>ac</strong></span> <span class='ocrx_word' id='word_1_499' title='bbox 1901 4749 2130 4805; x_wconf 89' lang='lat' dir='ltr'><strong>statuat,</strong></span> 
     </span>
    </p>
   </div>
   <div class='ocr_carea' id='block_1_64' title="bbox 538 4827 2134 4904">
    <p class='ocr_par' dir='ltr' id='par_1_64' title="bbox 538 4827 2134 4904">
     <span class='ocr_line' id='line_1_64' title="bbox 538 4827 2134 4904; baseline 0.004 -23"><span class='ocrx_word' id='word_1_500' title='bbox 538 4843 609 4882; x_wconf 88' lang='lat' dir='ltr'><strong>ne</strong></span> <span class='ocrx_word' id='word_1_501' title='bbox 633 4827 792 4881; x_wconf 87' lang='lat' dir='ltr'><strong>aliter</strong></span> <span class='ocrx_word' id='word_1_502' title='bbox 826 4831 1121 4898; x_wconf 85' lang='lat' dir='ltr'><strong>quisquam</strong></span> <span class='ocrx_word' id='word_1_503' title='bbox 1156 4831 1449 4900; x_wconf 80' lang='lat' dir='ltr'><strong>episcopus</strong></span> <span class='ocrx_word' id='word_1_504' title='bbox 1477 4834 1783 4898; x_wconf 84' lang='lat' dir='ltr'><strong>ordinetur,</strong></span> <span class='ocrx_word' id='word_1_505' title='bbox 1822 4849 1987 4904; x_wconf 86' lang='lat' dir='ltr'><strong>quam</strong></span> <span class='ocrx_word' id='word_1_506' title='bbox 2022 4835 2068 4889; x_wconf 88' lang='lat' dir='ltr'><strong>si</strong></span> <span class='ocrx_word' id='word_1_507' title='bbox 2103 4851 2134 4888; x_wconf 88' lang='lat' dir='ltr'><strong>a</strong></span> 
     </span>
    </p>
   </div>
   <div class='ocr_carea' id='block_1_65' title="bbox 537 4921 2137 4996">
    <p class='ocr_par' dir='ltr' id='par_1_65' title="bbox 537 4921 2137 4996">
     <span class='ocr_line' id='line_1_65' title="bbox 537 4921 2137 4996; baseline 0.004 -21"><span class='ocrx_word' id='word_1_508' title='bbox 537 4921 752 4975; x_wconf 85' lang='lat' dir='ltr'><strong>clericis</strong></span> <span class='ocrx_word' id='word_1_509' title='bbox 783 4927 838 4974; x_wconf 90' lang='lat' dir='ltr'><strong>et</strong></span> <span class='ocrx_word' id='word_1_510' title='bbox 871 4921 1209 4990; x_wconf 90' lang='lat' dir='ltr'><strong>primoribus</strong></span> <span class='ocrx_word' id='word_1_511' title='bbox 1242 4925 1482 4980; x_wconf 85' lang='lat' dir='ltr'><strong>civitatis</strong></span> <span class='ocrx_word' id='word_1_512' title='bbox 1533 4927 1601 4981; x_wconf 90' lang='lat' dir='ltr'><strong>de</strong></span> <span class='ocrx_word' id='word_1_513' title='bbox 1653 4927 1832 4982; x_wconf 89' lang='lat' dir='ltr'><strong>tribus</strong></span> <span class='ocrx_word' id='word_1_514' title='bbox 1886 4928 2137 4996; x_wconf 87' lang='lat' dir='ltr'><strong>personis</strong></span> 
     </span>
    </p>
   </div>
   <div class='ocr_carea' id='block_1_66' title="bbox 543 5012 2139 5091">
    <p class='ocr_par' dir='ltr' id='par_1_66' title="bbox 543 5012 2139 5091">
     <span class='ocr_line' id='line_1_66' title="bbox 543 5012 2139 5091; baseline 0.004 -24"><span class='ocrx_word' id='word_1_515' title='bbox 543 5015 826 5069; x_wconf 90' lang='lat' dir='ltr'><strong>decretum</strong></span> <span class='ocrx_word' id='word_1_516' title='bbox 859 5012 976 5080; x_wconf 82' lang='lat' dir='ltr'><strong>ﬁat,</strong></span> <span class='ocrx_word' id='word_1_517' title='bbox 1030 5024 1086 5070; x_wconf 90' lang='lat' dir='ltr'><strong>et</strong></span> <span class='ocrx_word' id='word_1_518' title='bbox 1121 5016 1358 5087; x_wconf 88' lang='lat' dir='ltr'><strong>quisque</strong></span> <span class='ocrx_word' id='word_1_519' title='bbox 1389 5018 1606 5074; x_wconf 91' lang='lat' dir='ltr'><strong>illorum</strong></span> <span class='ocrx_word' id='word_1_520' title='bbox 1637 5019 2002 5090; x_wconf 87' lang='lat' dir='ltr'><strong>jurejurando</strong></span> <span class='ocrx_word' id='word_1_521' title='bbox 2045 5035 2139 5091; x_wconf 89' lang='lat' dir='ltr'><strong>per</strong></span> 
     </span>
    </p>
   </div>
   <div class='ocr_carea' id='block_1_67' title="bbox 2191 1945 3782 2019">
    <p class='ocr_par' dir='ltr' id='par_1_67' title="bbox 2191 1945 3782 2019">
     <span class='ocr_line' id='line_1_67' title="bbox 2191 1945 3782 2019; baseline -0.003 -17"><span class='ocrx_word' id='word_1_522' title='bbox 2191 1948 2408 2019; x_wconf 76' lang='grc' dir='ltr'>ἀνδρὸς,</span> <span class='ocrx_word' id='word_1_523' title='bbox 2432 1948 2568 2019; x_wconf 83' lang='grc' dir='ltr'>μηδὲ</span> <span class='ocrx_word' id='word_1_524' title='bbox 2590 1947 2767 2012; x_wconf 83' lang='grc' dir='ltr'>ἄλλως</span> <span class='ocrx_word' id='word_1_525' title='bbox 2794 1948 2909 2010; x_wconf 87' lang='grc' dir='ltr'>τοῖς</span> <span class='ocrx_word' id='word_1_526' title='bbox 2932 1946 3141 2018; x_wconf 89' lang='grc' dir='ltr'>νόμοις,</span> <span class='ocrx_word' id='word_1_527' title='bbox 3173 1947 3207 2018; x_wconf 77' lang='grc' dir='ltr'><strong>ἢ</strong></span> <span class='ocrx_word' id='word_1_528' title='bbox 3231 1949 3345 2010; x_wconf 87' lang='grc' dir='ltr'>τοῖς</span> <span class='ocrx_word' id='word_1_529' title='bbox 3369 1945 3534 2010; x_wconf 89' lang='grc' dir='ltr'>θείοις</span> <span class='ocrx_word' id='word_1_530' title='bbox 3557 1946 3782 2002; x_wconf 78' lang='grc' dir='ltr'>κανόσιν</span> 
     </span>
    </p>
   </div>
   <div class='ocr_carea' id='block_1_68' title="bbox 2191 2037 3781 2112">
    <p class='ocr_par' dir='ltr' id='par_1_68' title="bbox 2191 2037 3781 2112">
     <span class='ocr_line' id='line_1_68' title="bbox 2191 2037 3781 2112; baseline -0.001 -18"><span class='ocrx_word' id='word_1_531' title='bbox 2191 2043 2676 2112; x_wconf 86' lang='grc' dir='ltr'>ἀπηγορευμένην.</span> <span class='ocrx_word' id='word_1_532' title='bbox 2710 2040 2790 2094; x_wconf 77' lang='grc' dir='ltr'><strong>Τὰ</strong></span> <span class='ocrx_word' id='word_1_533' title='bbox 2821 2039 2878 2093; x_wconf 81' lang='grc' dir='ltr'>δὲ</span> <span class='ocrx_word' id='word_1_534' title='bbox 2907 2039 3008 2110; x_wconf 80' lang='grc' dir='ltr'><strong>τῆς</strong></span> <span class='ocrx_word' id='word_1_535' title='bbox 3045 2037 3158 2112; x_wconf 77' lang='grc' dir='ltr'>ρλζ¹</span> <span class='ocrx_word' id='word_1_536' title='bbox 3193 2041 3395 2112; x_wconf 77' lang='grc' dir='ltr'>νεαρᾶς</span> <span class='ocrx_word' id='word_1_537' title='bbox 3426 2037 3692 2111; x_wconf 78' lang='grc' dir='ltr'><strong>ἐτέθησαν</strong></span> <span class='ocrx_word' id='word_1_538' title='bbox 3723 2040 3781 2092; x_wconf 83' lang='grc' dir='ltr'><strong>έν</strong></span> 
     </span>
    </p>
   </div>
   <div class='ocr_carea' id='block_1_69' title="bbox 2193 2132 3780 2204">
    <p class='ocr_par' dir='ltr' id='par_1_69' title="bbox 2193 2132 3780 2204">
     <span class='ocr_line' id='line_1_69' title="bbox 2193 2132 3780 2204; baseline -0.001 -16"><span class='ocrx_word' id='word_1_539' title='bbox 2193 2151 2319 2203; x_wconf 80' lang='grc' dir='ltr'>κεφ.</span> <span class='ocrx_word' id='word_1_540' title='bbox 2357 2132 2402 2200; x_wconf 81' lang='grc' dir='ltr'><strong>ζ’</strong></span> <span class='ocrx_word' id='word_1_541' title='bbox 2438 2133 2534 2188; x_wconf 79' lang='grc' dir='ltr'><strong>τοῦ</strong></span> <span class='ocrx_word' id='word_1_542' title='bbox 2563 2133 2728 2188; x_wconf 78' lang='grc' dir='ltr'>αὑτοῦ</span> <span class='ocrx_word' id='word_1_543' title='bbox 2781 2132 2990 2204; x_wconf 75' lang='grc' dir='ltr'>βιϐλίου</span> <span class='ocrx_word' id='word_1_544' title='bbox 3042 2134 3136 2186; x_wconf 74' lang='grc' dir='ltr'><strong>καὶ</strong></span> <span class='ocrx_word' id='word_1_545' title='bbox 3159 2132 3266 2189; x_wconf 89' lang='grc' dir='ltr'>τίτ.</span> <span class='ocrx_word' id='word_1_546' title='bbox 3316 2132 3491 2197; x_wconf 80' lang='grc' dir='ltr'>οὕτως</span> <span class='ocrx_word' id='word_1_547' title='bbox 3533 2132 3780 2204; x_wconf 75' lang='grc' dir='ltr'>ἔχοντος·</span> 
     </span>
    </p>
   </div>
   <div class='ocr_carea' id='block_1_70' title="bbox 2196 2225 3788 2298">
    <p class='ocr_par' dir='ltr' id='par_1_70' title="bbox 2196 2225 3788 2298">
     <span class='ocr_line' id='line_1_70' title="bbox 2196 2225 3788 2298; baseline -0.002 -17"><span class='ocrx_word' id='word_1_548' title='bbox 2196 2226 2544 2298; x_wconf 79' lang='grc' dir='ltr'>Θεσπίζομεν</span> <span class='ocrx_word' id='word_1_549' title='bbox 2592 2226 2784 2290; x_wconf 86' lang='grc' dir='ltr'>ὁσάκις</span> <span class='ocrx_word' id='word_1_550' title='bbox 2819 2226 2980 2297; x_wconf 86' lang='grc' dir='ltr'>χρεία</span> <span class='ocrx_word' id='word_1_551' title='bbox 3014 2225 3238 2298; x_wconf 85' lang='grc' dir='ltr'>γίνηται</span> <span class='ocrx_word' id='word_1_552' title='bbox 3271 2225 3570 2280; x_wconf 74' lang='grc' dir='ltr'>ἐπίσκοπον</span> <span class='ocrx_word' id='word_1_553' title='bbox 3609 2242 3788 2297; x_wconf 85' lang='grc' dir='ltr'>χειρο-</span> 
     </span>
    </p>
   </div>
   <div class='ocr_carea' id='block_1_71' title="bbox 2197 2316 3790 2390">
    <p class='ocr_par' dir='ltr' id='par_1_71' title="bbox 2197 2316 3790 2390">
     <span class='ocr_line' id='line_1_71' title="bbox 2197 2316 3790 2390; baseline -0.003 -17"><span class='ocrx_word' id='word_1_554' title='bbox 2197 2320 2492 2390; x_wconf 81' lang='grc' dir='ltr'>τονηθῆναι</span> <span class='ocrx_word' id='word_1_555' title='bbox 2525 2320 2765 2374; x_wconf 75' lang='grc' dir='ltr'>συνιέναι</span> <span class='ocrx_word' id='word_1_556' title='bbox 2796 2321 2922 2383; x_wconf 72' lang='grc' dir='ltr'>τοὺς</span> <span class='ocrx_word' id='word_1_557' title='bbox 2948 2318 3244 2390; x_wconf 85' lang='grc' dir='ltr'>κληρικοὺς</span> <span class='ocrx_word' id='word_1_558' title='bbox 3267 2319 3362 2372; x_wconf 79' lang='grc' dir='ltr'><strong>καὶ</strong></span> <span class='ocrx_word' id='word_1_559' title='bbox 3389 2318 3515 2382; x_wconf 83' lang='grc' dir='ltr'>τοὺς</span> <span class='ocrx_word' id='word_1_560' title='bbox 3543 2316 3790 2388; x_wconf 81' lang='grc' dir='ltr'><strong>πρώτους</strong></span> 
     </span>
    </p>
   </div>
   <div class='ocr_carea' id='block_1_72' title="bbox 2201 2409 3791 2486">
    <p class='ocr_par' dir='ltr' id='par_1_72' title="bbox 2201 2409 3791 2486">
     <span class='ocr_line' id='line_1_72' title="bbox 2201 2409 3791 2486; baseline -0.002 -20"><span class='ocrx_word' id='word_1_561' title='bbox 2201 2416 2303 2486; x_wconf 77' lang='grc' dir='ltr'>τῆς</span> <span class='ocrx_word' id='word_1_562' title='bbox 2336 2412 2546 2475; x_wconf 87' lang='grc' dir='ltr'>πόλεως</span> <span class='ocrx_word' id='word_1_563' title='bbox 2575 2409 2643 2485; x_wconf 80' lang='grc' dir='ltr'>ἧς</span> <span class='ocrx_word' id='word_1_564' title='bbox 2676 2413 2861 2482; x_wconf 80' lang='grc' dir='ltr'>μέλλει</span> <span class='ocrx_word' id='word_1_565' title='bbox 2888 2412 3189 2466; x_wconf 83' lang='grc' dir='ltr'>ἐπίσκοπον</span> <span class='ocrx_word' id='word_1_566' title='bbox 3216 2409 3660 2484; x_wconf 82' lang='grc' dir='ltr'>χειροτονεῖσθαι,</span> <span class='ocrx_word' id='word_1_567' title='bbox 3696 2410 3791 2463; x_wconf 79' lang='grc' dir='ltr'><strong>καὶ</strong></span> 
     </span>
    </p>
   </div>
   <div class='ocr_carea' id='block_1_73' title="bbox 2201 2503 3793 2579">
    <p class='ocr_par' dir='ltr' id='par_1_73' title="bbox 2201 2503 3793 2579">
     <span class='ocr_line' id='line_1_73' title="bbox 2201 2503 3793 2579; baseline -0.004 -18"><span class='ocrx_word' id='word_1_568' title='bbox 2201 2506 2586 2579; x_wconf 75' lang='grc' dir='ltr'>προκειμένων</span> <span class='ocrx_word' id='word_1_569' title='bbox 2615 2505 2727 2559; x_wconf 86' lang='grc' dir='ltr'><strong>τῶν</strong></span> <span class='ocrx_word' id='word_1_570' title='bbox 2760 2505 2936 2574; x_wconf 86' lang='grc' dir='ltr'>ἁγίων</span> <span class='ocrx_word' id='word_1_571' title='bbox 2960 2503 3311 2574; x_wconf 85' lang='grc' dir='ltr'>Εὐαγγελίων</span> <span class='ocrx_word' id='word_1_572' title='bbox 3333 2504 3428 2558; x_wconf 75' lang='grc' dir='ltr'><strong>ἐπὶ</strong></span> <span class='ocrx_word' id='word_1_573' title='bbox 3449 2503 3594 2575; x_wconf 84' lang='grc' dir='ltr'>τρισὶ</span> <span class='ocrx_word' id='word_1_574' title='bbox 3623 2519 3793 2574; x_wconf 64' lang='grc' dir='ltr'>προσ-</span> 
     </span>
    </p>
   </div>
   <div class='ocr_carea' id='block_1_74' title="bbox 2202 2594 3792 2670">
    <p class='ocr_par' dir='ltr' id='par_1_74' title="bbox 2202 2594 3792 2670">
     <span class='ocr_line' id='line_1_74' title="bbox 2202 2594 3792 2670; baseline -0.004 -16"><span class='ocrx_word' id='word_1_575' title='bbox 2202 2600 2394 2664; x_wconf 76' lang='grc' dir='ltr'>ώποις,</span> <span class='ocrx_word' id='word_1_576' title='bbox 2429 2599 2691 2670; x_wconf 72' lang='grc' dir='ltr'>ψήφισμα</span> <span class='ocrx_word' id='word_1_577' title='bbox 2717 2600 2894 2650; x_wconf 84' lang='grc' dir='ltr'>ποιεῖν</span> <span class='ocrx_word' id='word_1_578' title='bbox 2929 2597 3026 2651; x_wconf 79' lang='grc' dir='ltr'><strong>καὶ</strong></span> <span class='ocrx_word' id='word_1_579' title='bbox 3083 2596 3316 2650; x_wconf 75' lang='grc' dir='ltr'>ἕκαστον</span> <span class='ocrx_word' id='word_1_580' title='bbox 3349 2596 3529 2650; x_wconf 87' lang='grc' dir='ltr'>αύτῶν</span> <span class='ocrx_word' id='word_1_581' title='bbox 3563 2594 3792 2666; x_wconf 81' lang='grc' dir='ltr'>ὀμνύναι</span> 
     </span>
    </p>
   </div>
   <div class='ocr_carea' id='block_1_75' title="bbox 2205 2688 3792 2759">
    <p class='ocr_par' dir='ltr' id='par_1_75' title="bbox 2205 2688 3792 2759">
     <span class='ocr_line' id='line_1_75' title="bbox 2205 2688 3792 2759; baseline -0.003 -14"><span class='ocrx_word' id='word_1_582' title='bbox 2205 2691 2350 2746; x_wconf 77' lang='grc' dir='ltr'>κατὰ</span> <span class='ocrx_word' id='word_1_583' title='bbox 2375 2690 2484 2743; x_wconf 85' lang='grc' dir='ltr'><strong>τῶν</strong></span> <span class='ocrx_word' id='word_1_584' title='bbox 2517 2689 2677 2744; x_wconf 83' lang='grc' dir='ltr'>θείων</span> <span class='ocrx_word' id='word_1_585' title='bbox 2707 2690 2941 2758; x_wconf 83' lang='grc' dir='ltr'>Λογίων,</span> <span class='ocrx_word' id='word_1_586' title='bbox 2967 2689 3062 2742; x_wconf 73' lang='grc' dir='ltr'><strong>καὶ</strong></span> <span class='ocrx_word' id='word_1_587' title='bbox 3082 2691 3386 2759; x_wconf 77' lang='grc' dir='ltr'>ἐγγράφειν</span> <span class='ocrx_word' id='word_1_588' title='bbox 3409 2690 3466 2741; x_wconf 87' lang='grc' dir='ltr'>ὲν</span> <span class='ocrx_word' id='word_1_589' title='bbox 3497 2688 3680 2752; x_wconf 84' lang='grc' dir='ltr'>αὐτοῖς</span> <span class='ocrx_word' id='word_1_590' title='bbox 3713 2690 3792 2742; x_wconf 85' lang='grc' dir='ltr'>ὅτι</span> 
     </span>
    </p>
   </div>
   <div class='ocr_carea' id='block_1_76' title="bbox 2205 2781 3798 2854">
    <p class='ocr_par' dir='ltr' id='par_1_76' title="bbox 2205 2781 3798 2854">
     <span class='ocr_line' id='line_1_76' title="bbox 2205 2781 3798 2854; baseline -0.002 -18"><span class='ocrx_word' id='word_1_591' title='bbox 2205 2801 2263 2836; x_wconf 91' lang='grc' dir='ltr'><strong>τε</strong></span> <span class='ocrx_word' id='word_1_592' title='bbox 2297 2785 2358 2838; x_wconf 83' lang='grc' dir='ltr'><strong>οὑ</strong></span> <span class='ocrx_word' id='word_1_593' title='bbox 2415 2784 2503 2838; x_wconf 76' lang='grc' dir='ltr'>διὰ</span> <span class='ocrx_word' id='word_1_594' title='bbox 2545 2784 2714 2847; x_wconf 85' lang='grc' dir='ltr'>δόσιν,</span> <span class='ocrx_word' id='word_1_595' title='bbox 2746 2783 2871 2836; x_wconf 72' lang='grc' dir='ltr'>οὔτε</span> <span class='ocrx_word' id='word_1_596' title='bbox 2915 2783 3003 2836; x_wconf 82' lang='grc' dir='ltr'>διὰ</span> <span class='ocrx_word' id='word_1_597' title='bbox 3037 2783 3361 2854; x_wconf 81' lang='grc' dir='ltr'>ὑπόσχεσιν,</span> <span class='ocrx_word' id='word_1_598' title='bbox 3415 2781 3538 2836; x_wconf 79' lang='grc' dir='ltr'>οὔτε</span> <span class='ocrx_word' id='word_1_599' title='bbox 3593 2782 3681 2835; x_wconf 83' lang='grc' dir='ltr'><strong>διὰ</strong></span> <span class='ocrx_word' id='word_1_600' title='bbox 3712 2799 3798 2852; x_wconf 80' lang='grc' dir='ltr'><strong>φι-</strong></span> 
     </span>
    </p>
   </div>
   <div class='ocr_carea' id='block_1_77' title="bbox 2205 2871 3794 2950">
    <p class='ocr_par' dir='ltr' id='par_1_77' title="bbox 2205 2871 3794 2950">
     <span class='ocr_line' id='line_1_77' title="bbox 2205 2871 3794 2950; baseline -0.003 -18"><span class='ocrx_word' id='word_1_601' title='bbox 2205 2880 2348 2946; x_wconf 82' lang='grc' dir='ltr'>λίαν,</span> <span class='ocrx_word' id='word_1_602' title='bbox 2383 2877 2417 2950; x_wconf 81' lang='grc' dir='ltr'><strong>ἥ</strong></span> <span class='ocrx_word' id='word_1_603' title='bbox 2455 2879 2639 2950; x_wconf 82' lang='grc' dir='ltr'>χάριν,</span> <span class='ocrx_word' id='word_1_604' title='bbox 2676 2877 2709 2948; x_wconf 82' lang='grc' dir='ltr'><strong>ἢ</strong></span> <span class='ocrx_word' id='word_1_605' title='bbox 2756 2877 2928 2948; x_wconf 83' lang='grc' dir='ltr'>ἄλλην</span> <span class='ocrx_word' id='word_1_606' title='bbox 2978 2871 3096 2930; x_wconf 79' lang='grc' dir='ltr'>οἷαν</span> <span class='ocrx_word' id='word_1_607' title='bbox 3126 2876 3188 2948; x_wconf 79' lang='grc' dir='ltr'><strong>δή</strong></span> <span class='ocrx_word' id='word_1_608' title='bbox 3243 2893 3365 2929; x_wconf 88' lang='grc' dir='ltr'>τινα</span> <span class='ocrx_word' id='word_1_609' title='bbox 3395 2876 3794 2947; x_wconf 83' lang='grc' dir='ltr'>προσπάθειαν,</span> 
     </span>
    </p>
   </div>
   <div class='ocr_carea' id='block_1_78' title="bbox 2209 2969 3798 3043">
    <p class='ocr_par' dir='ltr' id='par_1_78' title="bbox 2209 2969 3798 3043">
     <span class='ocr_line' id='line_1_78' title="bbox 2209 2969 3798 3043; baseline -0.004 -16"><span class='ocrx_word' id='word_1_610' title='bbox 2209 2973 2324 3028; x_wconf 84' lang='grc' dir='ltr'>ἀλλ’</span> <span class='ocrx_word' id='word_1_611' title='bbox 2355 2972 2563 3036; x_wconf 84' lang='grc' dir='ltr'>εἰδότες</span> <span class='ocrx_word' id='word_1_612' title='bbox 2605 2973 2804 3036; x_wconf 80' lang='grc' dir='ltr'>αὐτοὺς</span> <span class='ocrx_word' id='word_1_613' title='bbox 2844 2972 2941 3043; x_wconf 84' lang='grc' dir='ltr'>τῆς</span> <span class='ocrx_word' id='word_1_614' title='bbox 2997 2971 3185 3042; x_wconf 81' lang='grc' dir='ltr'>ὀρθῆς,</span> <span class='ocrx_word' id='word_1_615' title='bbox 3217 2971 3314 3024; x_wconf 81' lang='grc' dir='ltr'>καὶ</span> <span class='ocrx_word' id='word_1_616' title='bbox 3367 2969 3662 3038; x_wconf 82' lang='grc' dir='ltr'>καθολικῆς</span> <span class='ocrx_word' id='word_1_617' title='bbox 3707 2970 3798 3023; x_wconf 78' lang='grc' dir='ltr'>πῖ-</span> 
     </span>
    </p>
   </div>
   <div class='ocr_carea' id='block_1_79' title="bbox 2212 3057 3798 3136">
    <p class='ocr_par' dir='ltr' id='par_1_79' title="bbox 2212 3057 3798 3136">
     <span class='ocr_line' id='line_1_79' title="bbox 2212 3057 3798 3136; baseline -0.004 -16"><span class='ocrx_word' id='word_1_618' title='bbox 2212 3083 2406 3130; x_wconf 85' lang='grc' dir='ltr'>στεως,</span> <span class='ocrx_word' id='word_1_619' title='bbox 2453 3067 2550 3119; x_wconf 73' lang='grc' dir='ltr'><strong>καὶ</strong></span> <span class='ocrx_word' id='word_1_620' title='bbox 2600 3064 2802 3136; x_wconf 82' lang='grc' dir='ltr'>σεμνοῦ</span> <span class='ocrx_word' id='word_1_621' title='bbox 2837 3065 2976 3134; x_wconf 83' lang='grc' dir='ltr'>βίου,</span> <span class='ocrx_word' id='word_1_622' title='bbox 3004 3064 3101 3118; x_wconf 78' lang='grc' dir='ltr'><strong>καὶ</strong></span> <span class='ocrx_word' id='word_1_623' title='bbox 3132 3063 3273 3134; x_wconf 82' lang='grc' dir='ltr'>ὑπὲρ</span> <span class='ocrx_word' id='word_1_624' title='bbox 3321 3062 3382 3116; x_wconf 80' lang='grc' dir='ltr'><strong>τὸ</strong></span> <span class='ocrx_word' id='word_1_625' title='bbox 3423 3061 3466 3115; x_wconf 93' lang='grc' dir='ltr'>λ’</span> <span class='ocrx_word' id='word_1_626' title='bbox 3511 3063 3631 3125; x_wconf 75' lang='grc' dir='ltr'>ἔτος</span> <span class='ocrx_word' id='word_1_627' title='bbox 3662 3057 3798 3115; x_wconf 73' lang='grc' dir='ltr'>εῖναι</span> 
     </span>
    </p>
   </div>
   <div class='ocr_carea' id='block_1_80' title="bbox 2211 3155 3796 3230">
    <p class='ocr_par' dir='ltr' id='par_1_80' title="bbox 2211 3155 3796 3230">
     <span class='ocr_line' id='line_1_80' title="bbox 2211 3155 3796 3230; baseline -0.003 -16"><span class='ocrx_word' id='word_1_628' title='bbox 2211 3161 2434 3224; x_wconf 82' lang='grc' dir='ltr'>τούτους</span> <span class='ocrx_word' id='word_1_629' title='bbox 2466 3158 2814 3226; x_wconf 76' lang='grc' dir='ltr'>ἐπελέξαντο,</span> <span class='ocrx_word' id='word_1_630' title='bbox 2876 3158 2970 3212; x_wconf 79' lang='grc' dir='ltr'><strong>καὶ</strong></span> <span class='ocrx_word' id='word_1_631' title='bbox 3002 3159 3085 3211; x_wconf 83' lang='grc' dir='ltr'>ὅτι</span> <span class='ocrx_word' id='word_1_632' title='bbox 3120 3158 3242 3214; x_wconf 81' lang='grc' dir='ltr'>οὐδὲ</span> <span class='ocrx_word' id='word_1_633' title='bbox 3294 3157 3543 3230; x_wconf 85' lang='grc' dir='ltr'>γαμετὴν</span> <span class='ocrx_word' id='word_1_634' title='bbox 3574 3158 3739 3228; x_wconf 78' lang='grc' dir='ltr'>ἔχειν,</span> <span class='ocrx_word' id='word_1_635' title='bbox 3766 3155 3796 3224; x_wconf 85' lang='grc' dir='ltr'><strong>ἦ</strong></span> 
     </span>
    </p>
   </div>
   <div class='ocr_carea' id='block_1_81' title="bbox 2215 3251 3804 3326">
    <p class='ocr_par' dir='ltr' id='par_1_81' title="bbox 2215 3251 3804 3326">
     <span class='ocr_line' id='line_1_81' title="bbox 2215 3251 3804 3326; baseline -0.003 -20"><span class='ocrx_word' id='word_1_636' title='bbox 2215 3252 2523 3326; x_wconf 82' lang='grc' dir='ltr'>παλλακὴν,</span> <span class='ocrx_word' id='word_1_637' title='bbox 2554 3253 2587 3323; x_wconf 84' lang='grc' dir='ltr'>ἢ</span> <span class='ocrx_word' id='word_1_638' title='bbox 2617 3253 2816 3316; x_wconf 85' lang='grc' dir='ltr'>παῖδας</span> <span class='ocrx_word' id='word_1_639' title='bbox 2855 3254 3121 3319; x_wconf 76' lang='grc' dir='ltr'>φυσικοὺς</span> <span class='ocrx_word' id='word_1_640' title='bbox 3155 3251 3358 3314; x_wconf 81' lang='grc' dir='ltr'>αὐτοὺς</span> <span class='ocrx_word' id='word_1_641' title='bbox 3407 3251 3804 3320; x_wconf 86' lang='grc' dir='ltr'>γιγνώσκουσιν</span> 
     </span>
    </p>
   </div>
   <div class='ocr_carea' id='block_1_82' title="bbox 2216 3344 3805 3419">
    <p class='ocr_par' dir='ltr' id='par_1_82' title="bbox 2216 3344 3805 3419">
     <span class='ocr_line' id='line_1_82' title="bbox 2216 3344 3805 3419; baseline -0.003 -19"><span class='ocrx_word' id='word_1_642' title='bbox 2216 3348 2567 3419; x_wconf 77' lang='grc' dir='ltr'>ἐσχηκέναιῆ</span> <span class='ocrx_word' id='word_1_643' title='bbox 2606 3347 2774 3418; x_wconf 78' lang='grc' dir='ltr'>ἔχειν,</span> <span class='ocrx_word' id='word_1_644' title='bbox 2803 3346 2918 3401; x_wconf 84' lang='grc' dir='ltr'>ἀλλ’</span> <span class='ocrx_word' id='word_1_645' title='bbox 2952 3347 3002 3399; x_wconf 80' lang='grc' dir='ltr'>εἰ</span> <span class='ocrx_word' id='word_1_646' title='bbox 3026 3347 3120 3399; x_wconf 81' lang='grc' dir='ltr'><strong>καὶ</strong></span> <span class='ocrx_word' id='word_1_647' title='bbox 3151 3345 3416 3418; x_wconf 87' lang='grc' dir='ltr'>πρότερόν</span> <span class='ocrx_word' id='word_1_648' title='bbox 3444 3363 3528 3410; x_wconf 83' lang='grc' dir='ltr'><strong>τις</strong></span> <span class='ocrx_word' id='word_1_649' title='bbox 3548 3344 3608 3411; x_wconf 79' lang='grc' dir='ltr'><strong>ἐξ</strong></span> <span class='ocrx_word' id='word_1_650' title='bbox 3630 3346 3805 3399; x_wconf 75' lang='grc' dir='ltr'>αὐτῶν</span> 
     </span>
    </p>
   </div>
   <div class='ocr_carea' id='block_1_83' title="bbox 2219 3436 3805 3513">
    <p class='ocr_par' dir='ltr' id='par_1_83' title="bbox 2219 3436 3805 3513">
     <span class='ocr_line' id='line_1_83' title="bbox 2219 3436 3805 3513; baseline -0.001 -21"><span class='ocrx_word' id='word_1_651' title='bbox 2219 3440 2470 3513; x_wconf 82' lang='grc' dir='ltr'>γαμετὴν</span> <span class='ocrx_word' id='word_1_652' title='bbox 2505 3436 2644 3510; x_wconf 74' lang='grc' dir='ltr'>εἶχε,</span> <span class='ocrx_word' id='word_1_653' title='bbox 2677 3441 2772 3494; x_wconf 76' lang='grc' dir='ltr'><strong>καὶ</strong></span> <span class='ocrx_word' id='word_1_654' title='bbox 2802 3441 2973 3512; x_wconf 80' lang='grc' dir='ltr'>αὐτὴν</span> <span class='ocrx_word' id='word_1_655' title='bbox 3006 3440 3138 3511; x_wconf 86' lang='grc' dir='ltr'>μίαν</span> <span class='ocrx_word' id='word_1_656' title='bbox 3168 3439 3264 3493; x_wconf 80' lang='grc' dir='ltr'>καὶ</span> <span class='ocrx_word' id='word_1_657' title='bbox 3293 3439 3413 3492; x_wconf 71' lang='grc' dir='ltr'>οὐδὲ</span> <span class='ocrx_word' id='word_1_658' title='bbox 3458 3440 3655 3511; x_wconf 84' lang='grc' dir='ltr'>χήραν,</span> <span class='ocrx_word' id='word_1_659' title='bbox 3688 3438 3805 3491; x_wconf 77' lang='grc' dir='ltr'>οὐδὲ</span> 
     </span>
    </p>
   </div>
   <div class='ocr_carea' id='block_1_84' title="bbox 2218 3531 3809 3606">
    <p class='ocr_par' dir='ltr' id='par_1_84' title="bbox 2218 3531 3809 3606">
     <span class='ocr_line' id='line_1_84' title="bbox 2218 3531 3809 3606; baseline -0.005 -16"><span class='ocrx_word' id='word_1_660' title='bbox 2218 3535 2414 3606; x_wconf 82' lang='grc' dir='ltr'>ἀνδρὸς</span> <span class='ocrx_word' id='word_1_661' title='bbox 2464 3533 2933 3605; x_wconf 80' lang='grc' dir='ltr'>ἁποζευχθεῖσαν,</span> <span class='ocrx_word' id='word_1_662' title='bbox 2983 3534 3108 3587; x_wconf 79' lang='grc' dir='ltr'>οὐδὲ</span> <span class='ocrx_word' id='word_1_663' title='bbox 3143 3535 3257 3597; x_wconf 87' lang='grc' dir='ltr'>τοῖς</span> <span class='ocrx_word' id='word_1_664' title='bbox 3309 3533 3517 3602; x_wconf 85' lang='grc' dir='ltr'>νόμοις,</span> <span class='ocrx_word' id='word_1_665' title='bbox 3551 3531 3671 3586; x_wconf 83' lang='grc' dir='ltr'>οὐδὲ</span> <span class='ocrx_word' id='word_1_666' title='bbox 3699 3533 3809 3594; x_wconf 82' lang='grc' dir='ltr'>τοῖς</span> 
     </span>
    </p>
   </div>
   <div class='ocr_carea' id='block_1_85' title="bbox 2226 3623 3815 3698">
    <p class='ocr_par' dir='ltr' id='par_1_85' title="bbox 2226 3623 3815 3698">
     <span class='ocr_line' id='line_1_85' title="bbox 2226 3623 3815 3698; baseline -0.003 -18"><span class='ocrx_word' id='word_1_667' title='bbox 2226 3627 2396 3698; x_wconf 80' lang='grc' dir='ltr'>ἱεροῖς</span> <span class='ocrx_word' id='word_1_668' title='bbox 2430 3627 2656 3681; x_wconf 87' lang='grc' dir='ltr'>κανόσιν</span> <span class='ocrx_word' id='word_1_669' title='bbox 2691 3627 3177 3698; x_wconf 83' lang='grc' dir='ltr'>ἀπηγορευμένην,</span> <span class='ocrx_word' id='word_1_670' title='bbox 3220 3624 3336 3680; x_wconf 82' lang='grc' dir='ltr'>ἀλλ’</span> <span class='ocrx_word' id='word_1_671' title='bbox 3375 3624 3496 3678; x_wconf 79' lang='grc' dir='ltr'>οὐδὲ</span> <span class='ocrx_word' id='word_1_672' title='bbox 3543 3623 3815 3677; x_wconf 85' lang='grc' dir='ltr'>πολιτευό-</span> 
     </span>
    </p>
   </div>
   <div class='ocr_carea' id='block_1_86' title="bbox 2229 3711 3815 3790">
    <p class='ocr_par' dir='ltr' id='par_1_86' title="bbox 2229 3711 3815 3790">
     <span class='ocr_line' id='line_1_86' title="bbox 2229 3711 3815 3790; baseline -0.003 -19"><span class='ocrx_word' id='word_1_673' title='bbox 2229 3735 2390 3790; x_wconf 87' lang='grc' dir='ltr'>μενον</span> <span class='ocrx_word' id='word_1_674' title='bbox 2415 3718 2448 3787; x_wconf 81' lang='grc' dir='ltr'><strong>ἢ</strong></span> <span class='ocrx_word' id='word_1_675' title='bbox 2469 3716 2754 3788; x_wconf 81' lang='grc' dir='ltr'>ταξεώτην</span> <span class='ocrx_word' id='word_1_676' title='bbox 2781 3718 2904 3771; x_wconf 84' lang='grc' dir='ltr'>τινὰ</span> <span class='ocrx_word' id='word_1_677' title='bbox 2930 3717 3039 3770; x_wconf 83' lang='grc' dir='ltr'><strong>τῶν</strong></span> <span class='ocrx_word' id='word_1_678' title='bbox 3068 3716 3458 3788; x_wconf 72' lang='grc' dir='ltr'>ψηφιζομένων</span> <span class='ocrx_word' id='word_1_679' title='bbox 3484 3711 3624 3770; x_wconf 80' lang='grc' dir='ltr'>εἶναι</span> <span class='ocrx_word' id='word_1_680' title='bbox 3653 3715 3815 3784; x_wconf 81' lang='grc' dir='ltr'>γινώο</span> 
     </span>
    </p>
   </div>
   <div class='ocr_carea' id='block_1_87' title="bbox 2227 3806 3816 3884">
    <p class='ocr_par' dir='ltr' id='par_1_87' title="bbox 2227 3806 3816 3884">
     <span class='ocr_line' id='line_1_87' title="bbox 2227 3806 3816 3884; baseline -0.001 -20"><span class='ocrx_word' id='word_1_681' title='bbox 2227 3828 2440 3864; x_wconf 87' lang='grc' dir='ltr'>σκουσι.</span> <span class='ocrx_word' id='word_1_682' title='bbox 2467 3811 2615 3882; x_wconf 80' lang='grc' dir='ltr'>Πλὴν</span> <span class='ocrx_word' id='word_1_683' title='bbox 2649 3813 2698 3864; x_wconf 88' lang='grc' dir='ltr'>εἰ</span> <span class='ocrx_word' id='word_1_684' title='bbox 2735 3811 2809 3882; x_wconf 86' lang='grc' dir='ltr'>μὴ</span> <span class='ocrx_word' id='word_1_685' title='bbox 2845 3812 2904 3864; x_wconf 83' lang='grc' dir='ltr'>ὲν</span> <span class='ocrx_word' id='word_1_686' title='bbox 2935 3810 3287 3881; x_wconf 85' lang='grc' dir='ltr'>μοναστηρίῳ</span> <span class='ocrx_word' id='word_1_687' title='bbox 3313 3811 3410 3882; x_wconf 82' lang='grc' dir='ltr'><strong>οὐχ</strong></span> <span class='ocrx_word' id='word_1_688' title='bbox 3454 3806 3618 3884; x_wconf 85' lang='grc' dir='ltr'>ἦττον</span> <span class='ocrx_word' id='word_1_689' title='bbox 3661 3809 3816 3862; x_wconf 69' lang='grc' dir='ltr'>δεκά-</span> 
     </span>
    </p>
   </div>
   <div class='ocr_carea' id='block_1_88' title="bbox 2229 3895 3816 3972">
    <p class='ocr_par' dir='ltr' id='par_1_88' title="bbox 2229 3895 3816 3972">
     <span class='ocr_line' id='line_1_88' title="bbox 2229 3895 3816 3972; baseline -0.004 -18"><span class='ocrx_word' id='word_1_690' title='bbox 2229 3918 2393 3954; x_wconf 88' lang='grc' dir='ltr'>πεντε</span> <span class='ocrx_word' id='word_1_691' title='bbox 2426 3902 2586 3968; x_wconf 75' lang='grc' dir='ltr'>ἐτῶν,</span> <span class='ocrx_word' id='word_1_692' title='bbox 2619 3901 2910 3972; x_wconf 81' lang='grc' dir='ltr'>μοναχικὸν</span> <span class='ocrx_word' id='word_1_693' title='bbox 2935 3902 2962 3953; x_wconf 98' lang='lat'><strong>6</strong></span> <span class='ocrx_word' id='word_1_694' title='bbox 2986 3900 3404 3971; x_wconf 79' lang='grc' dir='ltr'>πολιτευόμενος</span> <span class='ocrx_word' id='word_1_695' title='bbox 3427 3899 3461 3971; x_wconf 87' lang='grc' dir='ltr'>ἢ</span> <span class='ocrx_word' id='word_1_696' title='bbox 3487 3903 3514 3953; x_wconf 91' lang='lat'><strong>6</strong></span> <span class='ocrx_word' id='word_1_697' title='bbox 3543 3895 3816 3966; x_wconf 76' lang='grc' dir='ltr'>ταξεώτης</span> 
     </span>
    </p>
   </div>
   <div class='ocr_carea' id='block_1_89' title="bbox 2231 3989 3818 4064">
    <p class='ocr_par' dir='ltr' id='par_1_89' title="bbox 2231 3989 3818 4064">
     <span class='ocr_line' id='line_1_89' title="bbox 2231 3989 3818 4064; baseline -0.004 -18"><span class='ocrx_word' id='word_1_698' title='bbox 2231 3993 2346 4064; x_wconf 87' lang='grc' dir='ltr'>βίον</span> <span class='ocrx_word' id='word_1_699' title='bbox 2379 3993 2722 4061; x_wconf 75' lang='grc' dir='ltr'>ἀδιαϐλήτως</span> <span class='ocrx_word' id='word_1_700' title='bbox 2762 3992 3061 4058; x_wconf 76' lang='grc' dir='ltr'>ἐξετέλεσε,</span> <span class='ocrx_word' id='word_1_701' title='bbox 3112 3992 3316 4063; x_wconf 85' lang='grc' dir='ltr'>δηλαδὴ</span> <span class='ocrx_word' id='word_1_702' title='bbox 3360 3991 3460 4061; x_wconf 80' lang='grc' dir='ltr'>τῆς</span> <span class='ocrx_word' id='word_1_703' title='bbox 3509 3989 3818 4061; x_wconf 79' lang='grc' dir='ltr'>ἔμπροσθεν</span> 
     </span>
    </p>
   </div>
   <div class='ocr_carea' id='block_1_90' title="bbox 2231 4080 3819 4158">
    <p class='ocr_par' dir='ltr' id='par_1_90' title="bbox 2231 4080 3819 4158">
     <span class='ocr_line' id='line_1_90' title="bbox 2231 4080 3819 4158; baseline -0.006 -17"><span class='ocrx_word' id='word_1_704' title='bbox 2231 4090 2363 4158; x_wconf 85' lang='grc' dir='ltr'>ἡμῖν</span> <span class='ocrx_word' id='word_1_705' title='bbox 2393 4088 2697 4158; x_wconf 82' lang='grc' dir='ltr'>εἰρημένης</span> <span class='ocrx_word' id='word_1_706' title='bbox 2730 4087 3195 4158; x_wconf 87' lang='grc' dir='ltr'>παρατηρήσεως.</span> <span class='ocrx_word' id='word_1_707' title='bbox 3223 4086 3335 4140; x_wconf 79' lang='grc' dir='ltr'>Καὶ</span> <span class='ocrx_word' id='word_1_708' title='bbox 3364 4085 3457 4137; x_wconf 71' lang='grc' dir='ltr'>ἐπὶ</span> <span class='ocrx_word' id='word_1_709' title='bbox 3485 4083 3690 4137; x_wconf 87' lang='grc' dir='ltr'>τούτων</span> <span class='ocrx_word' id='word_1_710' title='bbox 3714 4080 3819 4134; x_wconf 83' lang='grc' dir='ltr'><strong>τῶν</strong></span> 
     </span>
    </p>
   </div>
   <div class='ocr_carea' id='block_1_91' title="bbox 2232 4175 3821 4255">
    <p class='ocr_par' dir='ltr' id='par_1_91' title="bbox 2232 4175 3821 4255">
     <span class='ocr_line' id='line_1_91' title="bbox 2232 4175 3821 4255; baseline -0.005 -21"><span class='ocrx_word' id='word_1_711' title='bbox 2232 4182 2548 4255; x_wconf 83' lang='grc' dir='ltr'>προσώπων</span> <span class='ocrx_word' id='word_1_712' title='bbox 2574 4185 2632 4234; x_wconf 80' lang='grc' dir='ltr'><strong>ἐν</strong></span> <span class='ocrx_word' id='word_1_713' title='bbox 2663 4182 2776 4244; x_wconf 86' lang='grc' dir='ltr'>τοῖς</span> <span class='ocrx_word' id='word_1_714' title='bbox 2806 4179 3124 4250; x_wconf 75' lang='grc' dir='ltr'>γενομένοις</span> <span class='ocrx_word' id='word_1_715' title='bbox 3157 4178 3285 4251; x_wconf 68' lang='grc' dir='ltr'>περὶ</span> <span class='ocrx_word' id='word_1_716' title='bbox 3312 4177 3489 4230; x_wconf 81' lang='grc' dir='ltr'>αὐτῶν</span> <span class='ocrx_word' id='word_1_717' title='bbox 3509 4175 3821 4247; x_wconf 73' lang='grc' dir='ltr'>ψηφίσμασι</span> 
     </span>
    </p>
   </div>
   <div class='ocr_carea' id='block_1_92' title="bbox 2236 4267 3822 4347">
    <p class='ocr_par' dir='ltr' id='par_1_92' title="bbox 2236 4267 3822 4347">
     <span class='ocr_line' id='line_1_92' title="bbox 2236 4267 3822 4347; baseline -0.006 -19"><span class='ocrx_word' id='word_1_718' title='bbox 2236 4275 2652 4347; x_wconf 73' lang='grc' dir='ltr'>φυλαττομένης</span> <span class='ocrx_word' id='word_1_719' title='bbox 2689 4273 2777 4327; x_wconf 83' lang='grc' dir='ltr'><strong>ἵνα</strong></span> <span class='ocrx_word' id='word_1_720' title='bbox 2799 4273 2864 4326; x_wconf 71' lang='grc' dir='ltr'>ὲκ</span> <span class='ocrx_word' id='word_1_721' title='bbox 2903 4272 3013 4326; x_wconf 86' lang='grc' dir='ltr'><strong>τῶν</strong></span> <span class='ocrx_word' id='word_1_722' title='bbox 3059 4271 3201 4325; x_wconf 79' lang='grc' dir='ltr'>οὕτω</span> <span class='ocrx_word' id='word_1_723' title='bbox 3240 4270 3632 4342; x_wconf 72' lang='grc' dir='ltr'>ψηφιζομένων</span> <span class='ocrx_word' id='word_1_724' title='bbox 3659 4267 3822 4338; x_wconf 83' lang='grc' dir='ltr'>τριῶν</span> 
     </span>
    </p>
   </div>
   <div class='ocr_carea' id='block_1_93' title="bbox 2237 4359 3824 4442">
    <p class='ocr_par' dir='ltr' id='par_1_93' title="bbox 2237 4359 3824 4442">
     <span class='ocr_line' id='line_1_93' title="bbox 2237 4359 3824 4442; baseline -0.006 -20"><span class='ocrx_word' id='word_1_725' title='bbox 2237 4369 2549 4442; x_wconf 85' lang='grc' dir='ltr'>προσώπων</span> <span class='ocrx_word' id='word_1_726' title='bbox 2579 4371 2607 4422; x_wconf 87' lang='grc' dir='ltr'>ὁ</span> <span class='ocrx_word' id='word_1_727' title='bbox 2633 4367 2858 4440; x_wconf 80' lang='grc' dir='ltr'>βελτίων</span> <span class='ocrx_word' id='word_1_728' title='bbox 2887 4366 3241 4438; x_wconf 80' lang='grc' dir='ltr'>χειροτονηθῇ</span> <span class='ocrx_word' id='word_1_729' title='bbox 3274 4368 3340 4436; x_wconf 77' lang='grc' dir='ltr'>τῇ</span> <span class='ocrx_word' id='word_1_730' title='bbox 3368 4365 3593 4435; x_wconf 82' lang='grc' dir='ltr'>ὲπιλογῇ</span> <span class='ocrx_word' id='word_1_731' title='bbox 3624 4364 3717 4416; x_wconf 77' lang='grc' dir='ltr'><strong>καὶ</strong></span> <span class='ocrx_word' id='word_1_732' title='bbox 3749 4359 3824 4431; x_wconf 83' lang='grc' dir='ltr'>τῷ</span> 
     </span>
    </p>
   </div>
   <div class='ocr_carea' id='block_1_94' title="bbox 2238 4456 3826 4537">
    <p class='ocr_par' dir='ltr' id='par_1_94' title="bbox 2238 4456 3826 4537">
     <span class='ocr_line' id='line_1_94' title="bbox 2238 4456 3826 4537; baseline -0.008 -18"><span class='ocrx_word' id='word_1_733' title='bbox 2238 4466 2468 4537; x_wconf 86' lang='grc' dir='ltr'>κρίματι</span> <span class='ocrx_word' id='word_1_734' title='bbox 2502 4463 2598 4517; x_wconf 78' lang='grc' dir='ltr'><strong>τοῦ</strong></span> <span class='ocrx_word' id='word_1_735' title='bbox 2643 4463 3106 4534; x_wconf 79' lang='grc' dir='ltr'>χειροτονοῦντος.</span> <span class='ocrx_word' id='word_1_736' title='bbox 3134 4461 3452 4531; x_wconf 86' lang='grc' dir='ltr'>Σημείωσαι</span> <span class='ocrx_word' id='word_1_737' title='bbox 3483 4461 3530 4512; x_wconf 83' lang='grc' dir='ltr'><strong>εί</strong></span> <span class='ocrx_word' id='word_1_738' title='bbox 3579 4459 3675 4511; x_wconf 76' lang='grc' dir='ltr'><strong>καὶ</strong></span> <span class='ocrx_word' id='word_1_739' title='bbox 3719 4456 3826 4508; x_wconf 85' lang='grc' dir='ltr'>ἀπὸ</span> 
     </span>
    </p>
   </div>
   <div class='ocr_carea' id='block_1_95' title="bbox 2236 4547 3825 4628">
    <p class='ocr_par' dir='ltr' id='par_1_95' title="bbox 2236 4547 3825 4628">
     <span class='ocr_line' id='line_1_95' title="bbox 2236 4547 3825 4628; baseline -0.006 -17"><span class='ocrx_word' id='word_1_740' title='bbox 2236 4559 2338 4627; x_wconf 86' lang='grc' dir='ltr'><strong>τῆς</strong></span> <span class='ocrx_word' id='word_1_741' title='bbox 2383 4556 2670 4628; x_wconf 80' lang='grc' dir='ltr'>παρούσης</span> <span class='ocrx_word' id='word_1_742' title='bbox 2710 4553 2818 4626; x_wconf 78' lang='grc' dir='ltr'>ρλζ¹</span> <span class='ocrx_word' id='word_1_743' title='bbox 2867 4553 3304 4608; x_wconf 80' lang='grc' dir='ltr'>Ἰουστινιανείου</span> <span class='ocrx_word' id='word_1_744' title='bbox 3345 4552 3546 4623; x_wconf 78' lang='grc' dir='ltr'>νεαρᾶς</span> <span class='ocrx_word' id='word_1_745' title='bbox 3584 4550 3704 4622; x_wconf 73' lang='grc' dir='ltr'>ἦτοι</span> <span class='ocrx_word' id='word_1_746' title='bbox 3733 4547 3825 4602; x_wconf 77' lang='grc' dir='ltr'>τοῦ</span> 
     </span>
    </p>
   </div>
   <div class='ocr_carea' id='block_1_96' title="bbox 2237 4643 3829 4720">
    <p class='ocr_par' dir='ltr' id='par_1_96' title="bbox 2237 4643 3829 4720">
     <span class='ocr_line' id='line_1_96' title="bbox 2237 4643 3829 4720; baseline -0.005 -16"><span class='ocrx_word' id='word_1_747' title='bbox 2237 4649 2279 4716; x_wconf 79' lang='grc' dir='ltr'><strong>ζ’</strong></span> <span class='ocrx_word' id='word_1_748' title='bbox 2310 4668 2438 4718; x_wconf 73' lang='grc' dir='ltr'>κεςρ.</span> <span class='ocrx_word' id='word_1_749' title='bbox 2485 4651 2578 4704; x_wconf 83' lang='grc' dir='ltr'>τοῦ</span> <span class='ocrx_word' id='word_1_750' title='bbox 2612 4647 2660 4702; x_wconf 83' lang='grc' dir='ltr'>α’</span> <span class='ocrx_word' id='word_1_751' title='bbox 2692 4650 2798 4702; x_wconf 87' lang='grc' dir='ltr'>τίτ.</span> <span class='ocrx_word' id='word_1_752' title='bbox 2834 4647 2928 4702; x_wconf 81' lang='grc' dir='ltr'>τοῦ</span> <span class='ocrx_word' id='word_1_753' title='bbox 3003 4646 3051 4718; x_wconf 88' lang='grc' dir='ltr'>γ’</span> <span class='ocrx_word' id='word_1_754' title='bbox 3101 4647 3308 4720; x_wconf 78' lang='grc' dir='ltr'>βιϐλίου</span> <span class='ocrx_word' id='word_1_755' title='bbox 3365 4648 3474 4700; x_wconf 79' lang='grc' dir='ltr'><strong>τῶν</strong></span> <span class='ocrx_word' id='word_1_756' title='bbox 3526 4643 3829 4700; x_wconf 83' lang='grc' dir='ltr'>Βασιλικῶν</span> 
     </span>
    </p>
   </div>
   <div class='ocr_carea' id='block_1_97' title="bbox 2239 4737 3829 4811">
    <p class='ocr_par' dir='ltr' id='par_1_97' title="bbox 2239 4737 3829 4811">
     <span class='ocr_line' id='line_1_97' title="bbox 2239 4737 3829 4811; baseline -0.003 -18"><span class='ocrx_word' id='word_1_757' title='bbox 2239 4741 2514 4796; x_wconf 87' lang='grc' dir='ltr'>κωλύεται</span> <span class='ocrx_word' id='word_1_758' title='bbox 2544 4741 2606 4795; x_wconf 86' lang='grc' dir='ltr'><strong>τὸ</strong></span> <span class='ocrx_word' id='word_1_759' title='bbox 2643 4740 2982 4811; x_wconf 71' lang='grc' dir='ltr'>ψηφίζεσθαι</span> <span class='ocrx_word' id='word_1_760' title='bbox 3008 4759 3128 4794; x_wconf 88' lang='grc' dir='ltr'>τινα</span> <span class='ocrx_word' id='word_1_761' title='bbox 3179 4741 3259 4804; x_wconf 89' lang='grc' dir='ltr'>εἰς</span> <span class='ocrx_word' id='word_1_762' title='bbox 3299 4739 3604 4810; x_wconf 72' lang='grc' dir='ltr'>ἐπισκοπὴν</span> <span class='ocrx_word' id='word_1_763' title='bbox 3639 4737 3829 4808; x_wconf 78' lang='grc' dir='ltr'>ἔχοντα</span> 
     </span>
    </p>
   </div>
   <div class='ocr_carea' id='block_1_98' title="bbox 2238 4830 3832 4906">
    <p class='ocr_par' dir='ltr' id='par_1_98' title="bbox 2238 4830 3832 4906">
     <span class='ocr_line' id='line_1_98' title="bbox 2238 4830 3832 4906; baseline -0.004 -17"><span class='ocrx_word' id='word_1_764' title='bbox 2238 4835 2487 4906; x_wconf 78' lang='grc' dir='ltr'>γαμετὴν</span> <span class='ocrx_word' id='word_1_765' title='bbox 2518 4836 2776 4906; x_wconf 85' lang='grc' dir='ltr'>νόμιμον,</span> <span class='ocrx_word' id='word_1_766' title='bbox 2821 4834 2961 4889; x_wconf 84' lang='grc' dir='ltr'>ἀλλὰ</span> <span class='ocrx_word' id='word_1_767' title='bbox 2990 4837 3054 4888; x_wconf 77' lang='grc' dir='ltr'><strong>σὺ</strong></span> <span class='ocrx_word' id='word_1_768' title='bbox 3108 4833 3183 4905; x_wconf 83' lang='grc' dir='ltr'>μὴ</span> <span class='ocrx_word' id='word_1_769' title='bbox 3211 4832 3459 4906; x_wconf 81' lang='grc' dir='ltr'>πρόσχης</span> <span class='ocrx_word' id='word_1_770' title='bbox 3485 4831 3677 4903; x_wconf 86' lang='grc' dir='ltr'>ταύτῃ,</span> <span class='ocrx_word' id='word_1_771' title='bbox 3699 4830 3832 4902; x_wconf 79' lang='grc' dir='ltr'>πρό-</span> 
     </span>
    </p>
   </div>
   <div class='ocr_carea' id='block_1_99' title="bbox 2244 4922 3836 5000">
    <p class='ocr_par' dir='ltr' id='par_1_99' title="bbox 2244 4922 3836 5000">
     <span class='ocr_line' id='line_1_99' title="bbox 2244 4922 3836 5000; baseline -0.006 -18"><span class='ocrx_word' id='word_1_772' title='bbox 2244 4947 2372 5000; x_wconf 87' lang='grc' dir='ltr'>σχες</span> <span class='ocrx_word' id='word_1_773' title='bbox 2405 4930 2461 4981; x_wconf 86' lang='grc' dir='ltr'>δὲ</span> <span class='ocrx_word' id='word_1_774' title='bbox 2498 4929 2699 5000; x_wconf 88' lang='grc' dir='ltr'>μᾶλλον</span> <span class='ocrx_word' id='word_1_775' title='bbox 2747 4926 2825 4999; x_wconf 84' lang='grc' dir='ltr'>τῷ</span> <span class='ocrx_word' id='word_1_776' title='bbox 2878 4925 2966 4999; x_wconf 89' lang='grc' dir='ltr'>μη’</span> <span class='ocrx_word' id='word_1_777' title='bbox 2989 4927 3175 4982; x_wconf 89' lang='grc' dir='ltr'>κανόνι</span> <span class='ocrx_word' id='word_1_778' title='bbox 3220 4930 3322 4999; x_wconf 82' lang='grc' dir='ltr'>τῆς</span> <span class='ocrx_word' id='word_1_779' title='bbox 3360 4930 3419 4979; x_wconf 83' lang='grc' dir='ltr'><strong>ἐν</strong></span> <span class='ocrx_word' id='word_1_780' title='bbox 3463 4923 3542 4996; x_wconf 80' lang='grc' dir='ltr'><strong>τῷ</strong></span> <span class='ocrx_word' id='word_1_781' title='bbox 3581 4922 3836 4995; x_wconf 85' lang='grc' dir='ltr'>Τρούλλῳ</span> 
     </span>
    </p>
   </div>
   <div class='ocr_carea' id='block_1_100' title="bbox 2245 5013 3830 5088">
    <p class='ocr_par' dir='ltr' id='par_1_100' title="bbox 2245 5013 3830 5088">
     <span class='ocr_line' id='line_1_100' title="bbox 2245 5013 3830 5088; baseline -0.005 -14"><span class='ocrx_word' id='word_1_782' title='bbox 2245 5021 2491 5087; x_wconf 82' lang='grc' dir='ltr'>συνόδου,</span> <span class='ocrx_word' id='word_1_783' title='bbox 2522 5020 2582 5073; x_wconf 86' lang='grc' dir='ltr'>ὃν</span> <span class='ocrx_word' id='word_1_784' title='bbox 2622 5021 2716 5073; x_wconf 69' lang='grc' dir='ltr'><strong>καὶ</strong></span> <span class='ocrx_word' id='word_1_785' title='bbox 2744 5018 3024 5088; x_wconf 85' lang='grc' dir='ltr'>ἀνάγνωθι</span> <span class='ocrx_word' id='word_1_786' title='bbox 3055 5019 3149 5072; x_wconf 75' lang='grc' dir='ltr'><strong>καὶ</strong></span> <span class='ocrx_word' id='word_1_787' title='bbox 3176 5017 3302 5087; x_wconf 82' lang='grc' dir='ltr'>λέγε</span> <span class='ocrx_word' id='word_1_788' title='bbox 3346 5019 3440 5071; x_wconf 67' lang='grc' dir='ltr'><strong>καὶ</strong></span> <span class='ocrx_word' id='word_1_789' title='bbox 3500 5015 3608 5070; x_wconf 80' lang='grc' dir='ltr'>ἀπὸ</span> <span class='ocrx_word' id='word_1_790' title='bbox 3638 5013 3830 5068; x_wconf 80' lang='grc' dir='ltr'>τούτου</span> 
     </span>
    </p>
   </div>
   <div class='ocr_carea' id='block_1_101' title="bbox 543 5105 2143 5184">
    <p class='ocr_par' dir='ltr' id='par_1_101' title="bbox 543 5105 2143 5184">
     <span class='ocr_line' id='line_1_101' title="bbox 543 5105 2143 5184; baseline 0.004 -22"><span class='ocrx_word' id='word_1_791' title='bbox 543 5122 702 5162; x_wconf 90' lang='lat' dir='ltr'><strong>sacra</strong></span> <span class='ocrx_word' id='word_1_792' title='bbox 759 5105 1054 5179; x_wconf 82' lang='lat' dir='ltr'><strong>Evangelia</strong></span> <span class='ocrx_word' id='word_1_793' title='bbox 1097 5119 1363 5180; x_wconf 87' lang='lat' dir='ltr'><strong>concepto</strong></span> <span class='ocrx_word' id='word_1_794' title='bbox 1410 5111 1478 5165; x_wconf 85' lang='lat' dir='ltr'><strong>de</strong></span> <span class='ocrx_word' id='word_1_795' title='bbox 1513 5113 1579 5166; x_wconf 90' lang='lat' dir='ltr'><strong>iis</strong></span> <span class='ocrx_word' id='word_1_796' title='bbox 1618 5129 1680 5166; x_wconf 91' lang='lat' dir='ltr'><strong>ea</strong></span> <span class='ocrx_word' id='word_1_797' title='bbox 1715 5123 1968 5181; x_wconf 87' lang='lat' dir='ltr'><strong>asserat,</strong></span> <span class='ocrx_word' id='word_1_798' title='bbox 2018 5128 2143 5184; x_wconf 72' lang='lat' dir='ltr'><strong>qua:</strong></span> 
     </span>
    </p>
   </div>
   <div class='ocr_carea' id='block_1_102' title="bbox 547 5200 2137 5275">
    <p class='ocr_par' dir='ltr' id='par_1_102' title="bbox 547 5200 2137 5275">
     <span class='ocr_line' id='line_1_102' title="bbox 547 5200 2137 5275; baseline 0.006 -23"><span class='ocrx_word' id='word_1_799' title='bbox 547 5203 600 5254; x_wconf 87' lang='lat' dir='ltr'><strong>in</strong></span> <span class='ocrx_word' id='word_1_800' title='bbox 629 5200 845 5255; x_wconf 87' lang='lat' dir='ltr'><strong>novella</strong></span> <span class='ocrx_word' id='word_1_801' title='bbox 880 5202 1423 5271; x_wconf 87' lang='lat' dir='ltr'><strong>comprehenduntur</strong></span> <span class='ocrx_word' id='word_1_802' title='bbox 1449 5222 1463 5260; x_wconf 90' lang='lat'><strong>:</strong></span> <span class='ocrx_word' id='word_1_803' title='bbox 1484 5205 1764 5275; x_wconf 89' lang='lat' dir='ltr'><strong>quomodo</strong></span> <span class='ocrx_word' id='word_1_804' title='bbox 1784 5207 1919 5262; x_wconf 87' lang='lat' dir='ltr'><strong>mhil</strong></span> <span class='ocrx_word' id='word_1_805' title='bbox 1942 5211 2137 5262; x_wconf 89' lang='lat' dir='ltr'><strong>horum</strong></span> 
     </span>
    </p>
   </div>
   <div class='ocr_carea' id='block_1_103' title="bbox 545 5288 2133 5372">
    <p class='ocr_par' dir='ltr' id='par_1_103' title="bbox 545 5288 2133 5372">
     <span class='ocr_line' id='line_1_103' title="bbox 545 5288 2133 5372; baseline 0.006 -28"><span class='ocrx_word' id='word_1_806' title='bbox 545 5290 707 5345; x_wconf 86' lang='lat' dir='ltr'><strong>hodie</strong></span> <span class='ocrx_word' id='word_1_807' title='bbox 744 5288 822 5362; x_wconf 89' lang='lat' dir='ltr'><strong>[in</strong></span> <span class='ocrx_word' id='word_1_808' title='bbox 862 5289 992 5372; x_wconf 81' lang='lat' dir='ltr'><strong>usu]</strong></span> <span class='ocrx_word' id='word_1_809' title='bbox 1026 5291 1306 5348; x_wconf 84' lang='lat' dir='ltr'><strong>obtineat?</strong></span> <span class='ocrx_word' id='word_1_810' title='bbox 1355 5292 1460 5350; x_wconf 89' lang='lat' dir='ltr'><strong>Per</strong></span> <span class='ocrx_word' id='word_1_811' title='bbox 1489 5311 1759 5352; x_wconf 87' lang='lat' dir='ltr'><strong>cauonem</strong></span> <span class='ocrx_word' id='word_1_812' title='bbox 1820 5299 1855 5352; x_wconf 80' lang='grc'><strong>4</strong></span> <span class='ocrx_word' id='word_1_813' title='bbox 1913 5299 2133 5354; x_wconf 90' lang='lat' dir='ltr'><strong>concilii</strong></span> 
     </span>
    </p>
   </div>
   <div class='ocr_carea' id='block_1_104' title="bbox 549 5380 2149 5456">
    <p class='ocr_par' dir='ltr' id='par_1_104' title="bbox 549 5380 2149 5456">
     <span class='ocr_line' id='line_1_104' title="bbox 549 5380 2149 5456; baseline 0.008 -21"><span class='ocrx_word' id='word_1_814' title='bbox 549 5380 788 5451; x_wconf 73' lang='lat' dir='ltr'><strong>Nicaeni;</strong></span> <span class='ocrx_word' id='word_1_815' title='bbox 826 5396 1092 5439; x_wconf 83' lang='lat' dir='ltr'><strong>canonent</strong></span> <span class='ocrx_word' id='word_1_816' title='bbox 1114 5385 1181 5439; x_wconf 79' lang='grc'>19</span> <span class='ocrx_word' id='word_1_817' title='bbox 1204 5385 1424 5442; x_wconf 86' lang='lat' dir='ltr'><strong>concilii</strong></span> <span class='ocrx_word' id='word_1_818' title='bbox 1464 5389 1816 5456; x_wconf 84' lang='lat' dir='ltr'><strong>Antiocheni,</strong></span> <span class='ocrx_word' id='word_1_819' title='bbox 1836 5401 1890 5447; x_wconf 91' lang='lat' dir='ltr'><strong>et</strong></span> <span class='ocrx_word' id='word_1_820' title='bbox 1917 5393 1986 5447; x_wconf 88' lang='grc'><strong>12</strong></span> <span class='ocrx_word' id='word_1_821' title='bbox 2007 5391 2149 5448; x_wconf 90' lang='lat' dir='ltr'><strong>Lao-</strong></span> 
     </span>
    </p>
   </div>
   <div class='ocr_carea' id='block_1_105' title="bbox 553 5475 2147 5556">
    <p class='ocr_par' dir='ltr' id='par_1_105' title="bbox 553 5475 2147 5556">
     <span class='ocr_line' id='line_1_105' title="bbox 553 5475 2147 5556; baseline 0.008 -26"><span class='ocrx_word' id='word_1_822' title='bbox 553 5475 766 5544; x_wconf 87' lang='lat' dir='ltr'><strong>diceni,</strong></span> <span class='ocrx_word' id='word_1_823' title='bbox 790 5484 1122 5544; x_wconf 87' lang='lat' dir='ltr'><strong>statuentes,</strong></span> <span class='ocrx_word' id='word_1_824' title='bbox 1149 5479 1469 5550; x_wconf 83' lang='lat' dir='ltr'><strong>episcopum</strong></span> <span class='ocrx_word' id='word_1_825' title='bbox 1508 5483 1576 5538; x_wconf 90' lang='lat' dir='ltr'><strong>ab</strong></span> <span class='ocrx_word' id='word_1_826' title='bbox 1604 5485 1877 5555; x_wconf 90' lang='lat' dir='ltr'><strong>episcopis</strong></span> <span class='ocrx_word' id='word_1_827' title='bbox 1901 5486 2147 5556; x_wconf 85' lang='lat' dir='ltr'><strong>ipsorum</strong></span> 
     </span>
    </p>
   </div>
   <div class='ocr_carea' id='block_1_106' title="bbox 548 5568 2153 5642">
    <p class='ocr_par' dir='ltr' id='par_1_106' title="bbox 548 5568 2153 5642">
     <span class='ocr_line' id='line_1_106' title="bbox 548 5568 2153 5642; baseline 0.006 -18"><span class='ocrx_word' id='word_1_828' title='bbox 548 5569 759 5637; x_wconf 86' lang='lat' dir='ltr'><strong>judicio</strong></span> <span class='ocrx_word' id='word_1_829' title='bbox 789 5568 1011 5625; x_wconf 82' lang='lat' dir='ltr'><strong>decerni</strong></span> <span class='ocrx_word' id='word_1_830' title='bbox 1043 5579 1209 5642; x_wconf 88' lang='lat' dir='ltr'><strong>atque</strong></span> <span class='ocrx_word' id='word_1_831' title='bbox 1227 5575 1470 5628; x_wconf 90' lang='lat' dir='ltr'><strong>ordinari</strong></span> <span class='ocrx_word' id='word_1_832' title='bbox 1504 5576 1702 5632; x_wconf 88' lang='lat' dir='ltr'><strong>debere</strong></span> <span class='ocrx_word' id='word_1_833' title='bbox 1732 5595 1746 5630; x_wconf 91' lang='lat'><strong>:</strong></span> <span class='ocrx_word' id='word_1_834' title='bbox 1778 5578 1995 5633; x_wconf 91' lang='lat' dir='ltr'><strong>irritum</strong></span> <span class='ocrx_word' id='word_1_835' title='bbox 2029 5583 2153 5634; x_wconf 84' lang='lat' dir='ltr'><strong>red-</strong></span> 
     </span>
    </p>
   </div>
   <div class='ocr_carea' id='block_1_107' title="bbox 559 5661 2152 5742">
    <p class='ocr_par' dir='ltr' id='par_1_107' title="bbox 559 5661 2152 5742">
     <span class='ocr_line' id='line_1_107' title="bbox 559 5661 2152 5742; baseline 0.008 -25"><span class='ocrx_word' id='word_1_836' title='bbox 559 5663 741 5726; x_wconf 88' lang='lat' dir='ltr'><strong>ditur,</strong></span> <span class='ocrx_word' id='word_1_837' title='bbox 801 5661 1277 5735; x_wconf 83' lang='lat' dir='ltr'><strong>quodprOpositis</strong></span> <span class='ocrx_word' id='word_1_838' title='bbox 1329 5669 1703 5724; x_wconf 84' lang='lat' dir='ltr'><strong>sacresanctis</strong></span> <span class='ocrx_word' id='word_1_839' title='bbox 1756 5667 2067 5742; x_wconf 89' lang='lat' dir='ltr'><strong>Evangeliis</strong></span> <span class='ocrx_word' id='word_1_840' title='bbox 2122 5688 2152 5728; x_wconf 90' lang='lat' dir='ltr'><strong>a</strong></span> 
     </span>
    </p>
   </div>
   <div class='ocr_carea' id='block_1_108' title="bbox 560 5754 2154 5840">
    <p class='ocr_par' dir='ltr' id='par_1_108' title="bbox 560 5754 2154 5840">
     <span class='ocr_line' id='line_1_108' title="bbox 560 5754 2154 5840; baseline 0.009 -32"><span class='ocrx_word' id='word_1_841' title='bbox 560 5754 778 5809; x_wconf 81' lang='lat' dir='ltr'><strong>clericis</strong></span> <span class='ocrx_word' id='word_1_842' title='bbox 795 5764 850 5808; x_wconf 91' lang='lat' dir='ltr'><strong>et</strong></span> <span class='ocrx_word' id='word_1_843' title='bbox 866 5754 1080 5811; x_wconf 90' lang='lat' dir='ltr'><strong>civibus</strong></span> <span class='ocrx_word' id='word_1_844' title='bbox 1101 5758 1168 5813; x_wconf 89' lang='lat' dir='ltr'><strong>de</strong></span> <span class='ocrx_word' id='word_1_845' title='bbox 1188 5759 1464 5831; x_wconf 87' lang='lat' dir='ltr'><strong>episcopis</strong></span> <span class='ocrx_word' id='word_1_846' title='bbox 1481 5762 1696 5817; x_wconf 85' lang='lat' dir='ltr'><strong>decreta</strong></span> <span class='ocrx_word' id='word_1_847' title='bbox 1719 5763 1831 5818; x_wconf 83' lang='lat' dir='ltr'><strong>ﬁeri</strong></span> <span class='ocrx_word' id='word_1_848' title='bbox 1849 5763 2154 5840; x_wconf 86' lang='lat' dir='ltr'><strong>[debeant].</strong></span> 
     </span>
    </p>
   </div>
   <div class='ocr_carea' id='block_1_109' title="bbox 567 5846 2162 5932">
    <p class='ocr_par' dir='ltr' id='par_1_109' title="bbox 567 5846 2162 5932">
     <span class='ocr_line' id='line_1_109' title="bbox 567 5846 2162 5932; baseline 0.012 -33"><span class='ocrx_word' id='word_1_849' title='bbox 567 5846 779 5904; x_wconf 86' lang='lat' dir='ltr'><strong>idcirco</strong></span> <span class='ocrx_word' id='word_1_850' title='bbox 807 5847 954 5904; x_wconf 87' lang='lat' dir='ltr'><strong>enim</strong></span> <span class='ocrx_word' id='word_1_851' title='bbox 992 5849 1077 5922; x_wconf 86' lang='lat' dir='ltr'><strong>(ut</strong></span> <span class='ocrx_word' id='word_1_852' title='bbox 1104 5849 1338 5926; x_wconf 86' lang='lat' dir='ltr'><strong>videtur)</strong></span> <span class='ocrx_word' id='word_1_853' title='bbox 1370 5855 1537 5911; x_wconf 89' lang='lat' dir='ltr'><strong>etiam</strong></span> <span class='ocrx_word' id='word_1_854' title='bbox 1573 5855 1668 5910; x_wconf 89' lang='lat' dir='ltr'><strong>illa</strong></span> <span class='ocrx_word' id='word_1_855' title='bbox 1719 5857 1772 5910; x_wconf 93' lang='lat' dir='ltr'><strong>in</strong></span> <span class='ocrx_word' id='word_1_856' title='bbox 1807 5872 1879 5912; x_wconf 83' lang='lat' dir='ltr'><strong>ru</strong></span> <span class='ocrx_word' id='word_1_857' title='bbox 1922 5859 2019 5916; x_wconf 92' lang='lat' dir='ltr'><strong>lib.</strong></span> <span class='ocrx_word' id='word_1_858' title='bbox 2053 5868 2162 5932; x_wconf 68' lang='lat' dir='ltr'><strong>p0:</strong></span> 
     </span>
    </p>
   </div>
   <div class='ocr_carea' id='block_1_110' title="bbox 2246 5107 3838 5187">
    <p class='ocr_par' dir='ltr' id='par_1_110' title="bbox 2246 5107 3838 5187">
     <span class='ocr_line' id='line_1_110' title="bbox 2246 5107 3838 5187; baseline -0.004 -19"><span class='ocrx_word' id='word_1_859' title='bbox 2246 5115 2621 5187; x_wconf 80' lang='grc' dir='ltr'>προτιμᾶσθαι</span> <span class='ocrx_word' id='word_1_860' title='bbox 2662 5113 2772 5169; x_wconf 81' lang='grc' dir='ltr'><strong>τῶν</strong></span> <span class='ocrx_word' id='word_1_861' title='bbox 2814 5113 2999 5184; x_wconf 86' lang='grc' dir='ltr'>νόμων</span> <span class='ocrx_word' id='word_1_862' title='bbox 3061 5113 3187 5176; x_wconf 77' lang='grc' dir='ltr'>τοὺς</span> <span class='ocrx_word' id='word_1_863' title='bbox 3230 5113 3482 5175; x_wconf 87' lang='grc' dir='ltr'>κανόνας.</span> <span class='ocrx_word' id='word_1_864' title='bbox 3540 5107 3838 5177; x_wconf 79' lang='grc' dir='ltr'>Ἀνάγνωθι</span> 
     </span>
    </p>
   </div>
   <div class='ocr_carea' id='block_1_111' title="bbox 2247 5201 3840 5278">
    <p class='ocr_par' dir='ltr' id='par_1_111' title="bbox 2247 5201 3840 5278">
     <span class='ocr_line' id='line_1_111' title="bbox 2247 5201 3840 5278; baseline -0.004 -17"><span class='ocrx_word' id='word_1_865' title='bbox 2247 5208 2303 5260; x_wconf 78' lang='grc' dir='ltr'><strong>δὲ</strong></span> <span class='ocrx_word' id='word_1_866' title='bbox 2333 5210 2428 5261; x_wconf 74' lang='grc' dir='ltr'><strong>καὶ</strong></span> <span class='ocrx_word' id='word_1_867' title='bbox 2458 5207 2528 5261; x_wconf 85' lang='grc' dir='ltr'>τὰ</span> <span class='ocrx_word' id='word_1_868' title='bbox 2559 5205 2848 5277; x_wconf 84' lang='grc' dir='ltr'>γραφέντα</span> <span class='ocrx_word' id='word_1_869' title='bbox 2882 5205 3015 5278; x_wconf 80' lang='grc' dir='ltr'>παρ’</span> <span class='ocrx_word' id='word_1_870' title='bbox 3041 5206 3202 5276; x_wconf 81' lang='grc' dir='ltr'>ἡμῶν</span> <span class='ocrx_word' id='word_1_871' title='bbox 3235 5207 3315 5266; x_wconf 80' lang='grc' dir='ltr'>εἰς</span> <span class='ocrx_word' id='word_1_872' title='bbox 3353 5205 3445 5257; x_wconf 75' lang='grc' dir='ltr'><strong>τὸν</strong></span> <span class='ocrx_word' id='word_1_873' title='bbox 3474 5201 3840 5274; x_wconf 81' lang='grc' dir='ltr'>διαληφθέντα</span> 
     </span>
    </p>
   </div>
   <div class='ocr_carea' id='block_1_112' title="bbox 2251 5297 3839 5372">
    <p class='ocr_par' dir='ltr' id='par_1_112' title="bbox 2251 5297 3839 5372">
     <span class='ocr_line' id='line_1_112' title="bbox 2251 5297 3839 5372; baseline -0.003 -16"><span class='ocrx_word' id='word_1_874' title='bbox 2251 5303 2476 5356; x_wconf 81' lang='grc' dir='ltr'>κανόνα.</span> <span class='ocrx_word' id='word_1_875' title='bbox 2513 5303 2856 5371; x_wconf 75' lang='grc' dir='ltr'>Σημεὶωσαιο</span> <span class='ocrx_word' id='word_1_876' title='bbox 2897 5301 3197 5372; x_wconf 86' lang='grc' dir='ltr'>Ἐρωτήσει</span> <span class='ocrx_word' id='word_1_877' title='bbox 3226 5298 3285 5354; x_wconf 87' lang='grc' dir='ltr'><strong>δέ</strong></span> <span class='ocrx_word' id='word_1_878' title='bbox 3337 5316 3420 5362; x_wconf 89' lang='grc' dir='ltr'><strong>τις</strong></span> <span class='ocrx_word' id='word_1_879' title='bbox 3452 5297 3526 5361; x_wconf 86' lang='grc' dir='ltr'><strong>ὡς</strong></span> <span class='ocrx_word' id='word_1_880' title='bbox 3561 5297 3661 5368; x_wconf 85' lang='grc' dir='ltr'><strong>τῆς</strong></span> <span class='ocrx_word' id='word_1_881' title='bbox 3699 5313 3839 5367; x_wconf 81' lang='grc' dir='ltr'>παρ-</span> 
     </span>
    </p>
   </div>
   <div class='ocr_carea' id='block_1_113' title="bbox 2250 5387 3840 5464">
    <p class='ocr_par' dir='ltr' id='par_1_113' title="bbox 2250 5387 3840 5464">
     <span class='ocr_line' id='line_1_113' title="bbox 2250 5387 3840 5464; baseline -0.006 -17"><span class='ocrx_word' id='word_1_882' title='bbox 2250 5394 2418 5464; x_wconf 75' lang='grc' dir='ltr'>ούσης</span> <span class='ocrx_word' id='word_1_883' title='bbox 2451 5391 2891 5446; x_wconf 84' lang='grc' dir='ltr'>Ἰουστινιανείου</span> <span class='ocrx_word' id='word_1_884' title='bbox 2923 5391 3120 5460; x_wconf 83' lang='grc' dir='ltr'>νεαρᾶς</span> <span class='ocrx_word' id='word_1_885' title='bbox 3157 5388 3440 5460; x_wconf 80' lang='grc' dir='ltr'>δεχθείσης</span> <span class='ocrx_word' id='word_1_886' title='bbox 3465 5389 3545 5450; x_wconf 79' lang='grc' dir='ltr'><strong>είς</strong></span> <span class='ocrx_word' id='word_1_887' title='bbox 3574 5389 3644 5440; x_wconf 76' lang='grc' dir='ltr'><strong>τὰ</strong></span> <span class='ocrx_word' id='word_1_888' title='bbox 3679 5387 3840 5438; x_wconf 84' lang='grc' dir='ltr'>Βασι-</span> 
     </span>
    </p>
   </div>
   <div class='ocr_carea' id='block_1_114' title="bbox 2252 5477 3840 5551">
    <p class='ocr_par' dir='ltr' id='par_1_114' title="bbox 2252 5477 3840 5551">
     <span class='ocr_line' id='line_1_114' title="bbox 2252 5477 3840 5551; baseline -0.004 -17"><span class='ocrx_word' id='word_1_889' title='bbox 2252 5481 2381 5535; x_wconf 83' lang='grc' dir='ltr'>λικὰ</span> <span class='ocrx_word' id='word_1_890' title='bbox 2412 5481 2511 5548; x_wconf 78' lang='grc' dir='ltr'><strong>τῆς</strong></span> <span class='ocrx_word' id='word_1_891' title='bbox 2540 5481 2943 5551; x_wconf 74' lang='grc' dir='ltr'>διοριζομένης,</span> <span class='ocrx_word' id='word_1_892' title='bbox 2973 5481 3047 5550; x_wconf 87' lang='grc' dir='ltr'>μὴ</span> <span class='ocrx_word' id='word_1_893' title='bbox 3075 5479 3249 5542; x_wconf 73' lang='grc' dir='ltr'>ἄλλως</span> <span class='ocrx_word' id='word_1_894' title='bbox 3276 5477 3698 5550; x_wconf 84' lang='grc' dir='ltr'>χειροτονεῖσθαί</span> <span class='ocrx_word' id='word_1_895' title='bbox 3722 5493 3840 5529; x_wconf 85' lang='grc' dir='ltr'>τινα</span> 
     </span>
    </p>
   </div>
   <div class='ocr_carea' id='block_1_115' title="bbox 2256 5569 3842 5645">
    <p class='ocr_par' dir='ltr' id='par_1_115' title="bbox 2256 5569 3842 5645">
     <span class='ocr_line' id='line_1_115' title="bbox 2256 5569 3842 5645; baseline -0.006 -16"><span class='ocrx_word' id='word_1_896' title='bbox 2256 5576 2559 5629; x_wconf 78' lang='grc' dir='ltr'>ἐπίσκοπον</span> <span class='ocrx_word' id='word_1_897' title='bbox 2590 5576 2636 5626; x_wconf 87' lang='grc' dir='ltr'>εἰ</span> <span class='ocrx_word' id='word_1_898' title='bbox 2665 5575 2739 5645; x_wconf 83' lang='grc' dir='ltr'><strong>μὴ</strong></span> <span class='ocrx_word' id='word_1_899' title='bbox 2771 5575 2862 5626; x_wconf 74' lang='grc' dir='ltr'>ἐπὶ</span> <span class='ocrx_word' id='word_1_900' title='bbox 2913 5571 3059 5644; x_wconf 77' lang='grc' dir='ltr'>τρισὶ</span> <span class='ocrx_word' id='word_1_901' title='bbox 3095 5569 3412 5644; x_wconf 81' lang='grc' dir='ltr'>προσώποις</span> <span class='ocrx_word' id='word_1_902' title='bbox 3459 5569 3716 5640; x_wconf 57' lang='grc' dir='ltr'>ψήψισμα</span> <span class='ocrx_word' id='word_1_903' title='bbox 3748 5569 3842 5637; x_wconf 85' lang='grc' dir='ltr'>γέ-</span> 
     </span>
    </p>
   </div>
   <div class='ocr_carea' id='block_1_116' title="bbox 2257 5661 3842 5737">
    <p class='ocr_par' dir='ltr' id='par_1_116' title="bbox 2257 5661 3842 5737">
     <span class='ocr_line' id='line_1_116' title="bbox 2257 5661 3842 5737; baseline -0.006 -14"><span class='ocrx_word' id='word_1_904' title='bbox 2257 5685 2403 5723; x_wconf 87' lang='grc' dir='ltr'>νοιτο</span> <span class='ocrx_word' id='word_1_905' title='bbox 2437 5667 2590 5736; x_wconf 79' lang='grc' dir='ltr'>παρά</span> <span class='ocrx_word' id='word_1_906' title='bbox 2617 5683 2677 5719; x_wconf 90' lang='grc' dir='ltr'><strong>τε</strong></span> <span class='ocrx_word' id='word_1_907' title='bbox 2719 5667 2830 5720; x_wconf 85' lang='grc' dir='ltr'>τῶν</span> <span class='ocrx_word' id='word_1_908' title='bbox 2881 5664 3161 5737; x_wconf 83' lang='grc' dir='ltr'>κληρικῶν</span> <span class='ocrx_word' id='word_1_909' title='bbox 3190 5665 3284 5718; x_wconf 78' lang='grc' dir='ltr'><strong>καὶ</strong></span> <span class='ocrx_word' id='word_1_910' title='bbox 3319 5662 3428 5716; x_wconf 87' lang='grc' dir='ltr'><strong>τῶν</strong></span> <span class='ocrx_word' id='word_1_911' title='bbox 3465 5661 3701 5733; x_wconf 85' lang='grc' dir='ltr'>πρώτων</span> <span class='ocrx_word' id='word_1_912' title='bbox 3745 5661 3842 5730; x_wconf 81' lang='grc' dir='ltr'><strong>τῆς</strong></span> 
     </span>
    </p>
   </div>
   <div class='ocr_carea' id='block_1_117' title="bbox 2261 5755 3843 5830">
    <p class='ocr_par' dir='ltr' id='par_1_117' title="bbox 2261 5755 3843 5830">
     <span class='ocr_line' id='line_1_117' title="bbox 2261 5755 3843 5830; baseline -0.006 -12"><span class='ocrx_word' id='word_1_913' title='bbox 2261 5764 2492 5828; x_wconf 75' lang='grc' dir='ltr'>πόλεως,</span> <span class='ocrx_word' id='word_1_914' title='bbox 2524 5761 2619 5816; x_wconf 70' lang='grc' dir='ltr'><strong>καὶ</strong></span> <span class='ocrx_word' id='word_1_915' title='bbox 2665 5761 2896 5827; x_wconf 71' lang='grc' dir='ltr'>ἕκαστος</span> <span class='ocrx_word' id='word_1_916' title='bbox 2948 5760 3128 5814; x_wconf 84' lang='grc' dir='ltr'>αὐτῶν</span> <span class='ocrx_word' id='word_1_917' title='bbox 3160 5759 3494 5830; x_wconf 83' lang='grc' dir='ltr'>ὲπομόσεται</span> <span class='ocrx_word' id='word_1_918' title='bbox 3550 5758 3694 5812; x_wconf 84' lang='grc' dir='ltr'><strong>κατὰ</strong></span> <span class='ocrx_word' id='word_1_919' title='bbox 3737 5755 3843 5809; x_wconf 85' lang='grc' dir='ltr'>τῶν</span> 
     </span>
    </p>
   </div>
   <div class='ocr_carea' id='block_1_118' title="bbox 2265 5852 3840 5926">
    <p class='ocr_par' dir='ltr' id='par_1_118' title="bbox 2265 5852 3840 5926">
     <span class='ocr_line' id='line_1_118' title="bbox 2265 5852 3840 5926; baseline -0.006 -13"><span class='ocrx_word' id='word_1_920' title='bbox 2265 5858 2426 5913; x_wconf 86' lang='grc' dir='ltr'>θείων</span> <span class='ocrx_word' id='word_1_921' title='bbox 2462 5855 2814 5926; x_wconf 71' lang='grc' dir='ltr'>Εὐαγγελίων</span> <span class='ocrx_word' id='word_1_922' title='bbox 2853 5857 2984 5926; x_wconf 79' lang='grc' dir='ltr'>περὶ</span> <span class='ocrx_word' id='word_1_923' title='bbox 3035 5852 3202 5909; x_wconf 80' lang='grc' dir='ltr'>αὐτοῦ</span> <span class='ocrx_word' id='word_1_924' title='bbox 3242 5855 3342 5908; x_wconf 72' lang='grc' dir='ltr'><strong>ὅσα</strong></span> <span class='ocrx_word' id='word_1_925' title='bbox 3378 5855 3442 5924; x_wconf 81' lang='grc' dir='ltr'>τῇ</span> <span class='ocrx_word' id='word_1_926' title='bbox 3488 5853 3661 5924; x_wconf 86' lang='grc' dir='ltr'>νεαρᾷ</span> <span class='ocrx_word' id='word_1_927' title='bbox 3690 5867 3840 5922; x_wconf 81' lang='grc' dir='ltr'>περι-</span> 
     </span>
    </p>
   </div>
  </div>
