4146 6450
369 329 508 398 1005
1340 314 1828 386 NOMOCANON.
1865 340 1935 354 --

2083 316 2122 379 .‘.
2159 315 2212 392 Ῐ,
2255 316 2416 379 CAP.
2453 317 2666 382 XXIV.
3525 321 3673 388 1006

362 443 597 513 ἐχονται,
647 443 768 508 πῶς
798 441 953 498 οὐδέν
1011 459 1063 496 τι
1101 439 1168 494 ἐκ
1209 435 1418 491 τούτων
1473 435 1718 507 σήμερον
1759 433 1971 502 ἐνεργεί

2083 433 2182 486 sita
2214 432 2296 487 lex
2323 473 2337 499 ,
2393 449 2517 504 quae
2568 435 2763 490 srazuit
2794 445 2853 491 ut
2877 434 3093 508 judices
3146 436 3444 508 propositis
3480 451 3675 493 sacro-

361 533 474 586 ἁπδ
517 531 612 586 τοῦ
645 531 687 586 δ’
718 523 946 596 κανόνος
995 529 1098 601 τῆς
1155 529 1214 581 ἐν
1259 524 1468 595 Νικαίᾳ
1501 523 1745 588 συνόδου,
1780 521 1876 575 τοῦ
1907 519 1971 575 ιθ¹

2083 526 2291 582 sanctis
2333 526 2646 598 Evangeliis
2677 529 2943 600 judicent,
2975 530 3179 586 nullam
3205 530 3316 586 vim
3346 539 3402 587 et
3435 532 3677 588 auctori-

363 623 466 694 τῆς
522 624 582 678 ἐν
641 622 972 696 Ἀντιοχείᾳ,
1011 620 1110 676 καὶ
1159 617 1256 673 τοῦ
1306 615 1376 690 ιη’
1429 616 1531 686 τῆς
1563 617 1621 668 ἐν
1678 614 1971 686 Λαοδικείᾳ

2083 625 2240 674 tatem
2271 619 2453 675 habet.
2482 620 2643 688 Quod
2693 638 2826 680 vero
2875 624 2943 680 de
2973 625 3151 681 tribus
3174 625 3426 695 personis
3460 625 3530 680 ab
3559 624 3676 696 epi-

360 715 755 788 διοριζομένων
806 717 908 780 τὰς
956 713 1175 786 ψήφους
1203 711 1313 765 τῶν
1362 707 1689 781 ἀρχιερέων,
1729 705 1826 760 καὶ
1873 707 1971 769 τὰς

2083 709 2260 780 scopis
2291 709 2504 785 [etiam]
2538 715 2701 770 hodie
2731 715 2951 772 decreta
2979 716 3120 772 liunt
3150 733 3165 773 :
3199 717 3268 773 ad
3305 717 3383 785 id,
3409 717 3466 772 ni
3487 715 3672 782 fallor,

363 809 707 880 χειροτονίας
738 808 894 882 παρὰ
927 805 1251 860 ἐπισκόπων
1285 802 1381 858 ἐπὶ
1407 801 1491 882 τῷ.
1508 801 1738 873 κρίματι
1763 798 1971 853 τούτων

2083 816 2317 870 prmsens
2348 805 2565 860 novella
2602 805 2801 880 [ipsos]
2832 809 3024 880 adigit.

378 897 648 966 γίνεσθαι,
684 901 1012 972 ὴπράκτησε
1043 897 1125 963 τὸ,
1158 893 1540 967 προκειμένων
1567 893 1676 946 τῶν
1709 891 1881 962 ἁγίων
1905 892 2253 961 Εὑαγγελίων
2277 896 2525 964 γίνεσθαι
2543 898 2643 964 τὰς
2663 900 2882 972 ψήφους
2909 902 3019 957 τῶν
3043 903 3363 957 ἐπισκόπων
3386 903 3540 976 παρὰ
3567 902 3678 958 τῶν

362 991 664 1065 κληρικῶν,
686 992 784 1046 καὶ
808 993 916 1047 τῶν
936 989 1190 1045 πολιτῶν.
1206 989 1305 1044 Διὰ
1322 989 1430 1060 γὰρ
1447 986 1629 1056 τοῦτο,
1651 986 1727 1051 ὡς
1749 987 1946 1051 ἔοικεν,
1970 985 2072 1040 οὐκ
2100 989 2318 1061 ἐνεργεῖ
2337 991 2433 1044 καὶ
2457 993 2554 1047 ὁὲν
2580 995 2658 1066 τῷ
2684 992 2729 1059 ζ’
2750 995 2942 1068 βιϐλίῳ
2963 996 3216 1068 κείμενος
3239 997 3426 1068 νόμος,
3451 999 3546 1052 καὶ
3566 997 3679 1052 διο-

362 1082 648 1154 ριζόμενος
669 1082 914 1148 δικάζειν
933 1083 1061 1148 τοὺς
1082 1082 1345 1145 δικαστὰς
1366 1081 1746 1152 προκειμένων
1764 1079 1872 1133 τῶν
1896 1078 2066 1149 ἁγίων
2089 1080 2463 1152 Εὖατγελίων.
2490 1087 2566 1140 Τὸ
2580 1089 2734 1142 δέἐπὶ
2772 1090 2920 1158 τρισὶ
2949 1090 3272 1162 προσώποις
3299 1089 3551 1160 γίνεσθαι
3575 1093 3680 1160 τὰς

358 1179 573 1250 ψήφους
603 1176 752 1248 παρὰ
773 1176 882 1230 τῶν
900 1177 1218 1232 ἐπισκόπων
1251 1175 1350 1249 τὴν
1372 1176 1636 1248 σήμερον,
1666 1174 1743 1238 ὡς
1771 1171 2000 1243 νομίζω,
2026 1172 2137 1226 ἀπὸ
2166 1174 2270 1244 τῆς
2299 1177 2788 1252 παρούσηςνεαρᾶς
2816 1181 3235 1253 ἠναγκασμένον
3268 1184 3408 1240 ἐστί.

432 1272 685 1326 ΚΕΦΑΛ.
723 1271 852 1326 ΚιΔ⁶.
885 1299 956 1311 -
985 1273 1126 1341 Περὶ
1165 1271 1288 1327 τῶν
1325 1271 1425 1325 ἐπὶ
1471 1269 1739 1341 χρήμασι
1764 1283 1960 1339 χειρο-

361 1363 746 1434 τονουμένων
770 1365 1048 1435 cygnum.

430 1457 665 1510 Συνόδου
707 1457 1057 1530 Χαλκηδόνος
1097 1457 1279 1513 κανὼν
1314 1457 1358 1529 β’
1379 1475 1392 1491 ·
1419 1457 1736 1512 ἀποστόλων
1774 1434 1958 1510 κανῶν

359 1549 441 1603 κθ⁹
463 1567 478 1584 ο
519 1549 743 1604 συνόδου
790 1556 866 1616 ς’,
917 1550 1099 1605 κανὼν
1122 1549 1230 1622 κβ’,
1261 1557 1366 1621 κγ’.
1395 1551 1670 1623 Ταρασίου
1704 1551 1959 1621 ἀρχιεπι-

360 1643 567 1696 σκόπου
591 1643 732 1714 πρὸς
763 1642 1048 1714 Ἀδριανὸν
1073 1643 1264 1698 πάπαν
1289 1643 1510 1714 Ῥώμης
1533 1642 1812 1712 ἐπιστολὴ,
1844 1659 1971 1695 συν-

360 1737 485 1789 όδου
506 1735 747 1800 Νικαίας
768 1737 829 1791 τὸ
854 1736 920 1807 β’,
951 1737 1134 1792 κανὼν
1159 1739 1223 1806 δ’,
1251 1743 1313 1803 εἰ,
1346 1737 1431 1800 ιο’,
1457 1737 1742 1790 Βασιλείου
1771 1739 1836 1789 ἐκ
1865 1737 1964 1807 τῆς

361 1825 498 1896 πρὸς
520 1828 648 1892 τοὺς
697 1827 1034 1892 ἐπισκόπους
1087 1828 1398 1898 ἐπιστολῆς·
1427 1826 1714 1881 Γενναδίου
1738 1828 1833 1880 καὶ
1861 1827 1960 1895 τῆς

364 1926 466 1977 σὺν
493 1924 643 1996 αὐτῷ
673 1925 893 1979 συνόδου
926 1927 992 1980 ἐκ
1015 1924 1114 1996 τῆς
1146 1925 1438 1992 ἐγκυκλίου
1474 1924 1616 1996 πρὸς
1644 1923 1772 1990 τοὺς
1800 1924 1962 1978 ὁσιω-

366 2016 562 2079 τάτους
601 2017 1008 2088 μητροπολίτας
1038 2017 1354 2087 ἐπιστολῆς.

434 2106 748 2175 Κείμενον.
780 2105 997 2160 Βιϐλίον
1023 2105 1094 2173 α’,
1126 2109 1232 2162 τίτ.
1258 2106 1329 2178 γ’,
1353 2106 1596 2173 διάταξις
1625 2105 1693 2172 λ’,
1726 2104 1839 2178 μα’,
1870 2107 1966 2161 καὶ

365 2197 473 2250 τίτ.
495 2195 568 2262 α’,
599 2198 708 2252 τῶν
745 2198 977 2270 Νεαρῶν
1009 2199 1254 2266 διάταξις
1277 2197 1347 2265 α’,
1381 2198 1447 2271 β’,
1478 2198 1566 2267 ια’,
1600 2201 1658 2252 ἐν
1688 2195 1779 2263 αἷς
1811 2201 1966 2271 εἴρη-

357 2309 468 2354 ται,
505 2309 561 2357 κ,
593 2309 644 2347 τ.
677 2291 949 2364 λ.,υεῳιθ
975 2294 1040 2349 ad
1069 2297 1186 2358 ταῖς
1222 2294 1573 2365 Ἐκκλησίαις
1607 2297 1962 2366 προσφέρειν.

432 2385 715 2454 Σχόλιον.
761 2386 824 2439 Ἦ
858 2382 901 2438 λ’
943 2387 1040 2440 καὶ
1069 2385 1182 2458 μα’.
1244 2387 1389 2445 διάτ.
1421 2387 1518 2441 τοῦ
1547 2394 1596 2456 γ’
1637 2387 1744 2442 τίτ.
1804 2387 1897 2440 τοῦ
1923 2391 1969 2439 α’

363 2477 568 2549 βιϐλίου
604 2475 702 2530 τοῦ
733 2475 966 2540 κώδικος
993 2477 1096 2531 οῦκ
1133 2477 1400 2549 ἐτέθησαν
1445 2479 1527 2541 εἰς
1571 2479 1641 2533 τά
1679 2477 1968 2544 Βασιλικὰ,

365 2569 461 2624 καὶ
504 2568 595 2623 διὰ
627 2568 788 2623 τοῦτο
837 2571 1230 2642 ηπράκτησαν.
1270 2571 1337 2624 Ἠ
1375 2571 1562 2642 μέντοι
1587 2567 1656 2634 α’,
1691 2569 1736 2642 β’
1768 2573 1862 2624 καὶ
1905 2579 1973 2623 ια’

362 2661 505 2716 διάτ.
537 2661 632 2716 τοῦ
685 2659 735 2714 α’
777 2661 885 2714 τίτ.
911 2662 1020 2714 τῶν
1042 2682 1047 2686 -
1072 2661 1300 2734 Νεαρῶν
1327 2665 1464 2716 εἰσιν
1488 2663 1700 2734 Νεαραὶ
1745 2662 1967 2717 Ἰουστι-

365 2756 594 2808 νιάνειοι
629 2752 706 2819 ς’,
739 2751 858 2827 ρκγ¹
913 2756 1010 2808 καὶ
1039 2751 1161 2817 sq"
1199 2755 1296 2808 καὶ
1328 2756 1427 2826 τῆς
1476 2756 1574 2826 μὲν
1609 2754 1667 2818 ς’
1703 2755 1763 2808 τὸ
1799 2757 1975 2826 παρὸν

367 2865 493 2917 κεφ.
531 2847 634 2902 οὐκ
666 2847 825 2918 ἐτέθη
866 2847 946 2910 εἰς
994 2847 1062 2901 τὰ
1109 2848 1396 2915 Βασιλικὰ,
1446 2847 1707 2912 ὡσαύτως
1760 2849 1882 2902 οὐδέ
1937 2852 1971 2918 ἡ

367 2939 457 3006 νς¹
481 2941 654 3014 νεαρὰ
689 2941 1022 2996 διδάσκουσα
1057 2943 1188 3015 περὶ
1233 2944 1343 2998 τῶν
1377 2947 1435 2997 ἐν
1468 2944 1547 3015 τῷ
1587 2943 1867 3016 Βυζαντίῳ
1895 2943 1973 2997 δι-

364 3035 614 3106 δομένων
634 3035 1053 3106 ὲμφανιστικῶν
1089 3037 1235 3108 παρὰ
1257 3037 1368 3090 τῶν
1393 3039 1451 3092 ἐν
1475 3037 1651 3109 τούτῳ
1671 3039 1975 3109 γινομένων

2137 1267 2295 1322 CAP.
2327 1268 2520 1326 XXIV.
2549 1304 2620 1314 —
2646 1272 2726 1328 De
2745 1274 2827 1328 his
2864 1275 2954 1346 qui
2975 1277 3119 1330 datis
3143 1276 3384 1346 pecuniis
3417 1279 3680 1336 ordinan-

2068 1368 2175 1426 tur,
2209 1373 2303 1417 aut
2331 1365 2622 1434 suscipiunt
2657 1368 2848 1438 oﬁicia.

2138 1455 2370 1512 Coneilii
2421 1457 2894 1518 Chalcedonensis
2933 1477 3111 1520 canon
3163 1463 3234 1531 2;
3294 1465 3677 1536 apostolorum

2067 1566 2252 1606 canon
2289 1551 2400 1617 29;
2434 1552 2654 1608 concilii
2680 1554 2824 1608 sexti
2852 1570 3030 1611 canon
3061 1557 3154 1624 ἓξ,
3189 1559 3304 1624 25;
3339 1556 3555 1615 Tarasii
3587 1575 3680 1614 ar-

2075 1645 2416 1716 chiepiscopi
2479 1647 2546 1702 ad
2607 1646 2911 1702 Adrianum
2954 1664 3152 1719 papam
3186 1650 3351 1706 Rom.
3393 1652 3672 1722 epistola;

1993 1766 2041 1826 Β
2070 1739 2290 1793 concilii
2322 1735 2532 1794 Nic-aeni
2569 1740 2798 1795 secundi
2831 1756 3009 1796 canon
3042 1741 3098 1806 4,
3137 1742 3191 1810 5,
3229 1743 3336 1808 19;
3385 1743 3570 1800 Basilii
3601 1761 3670 1799 ex

2075 1830 2237 1898 epist.
2271 1829 2337 1883 ad
2374 1844 2508 1884 suos
2542 1830 2869 1900 episcopos;
2902 1828 3172 1886 Gennadii
3204 1841 3259 1887 et
3287 1831 3513 1906 [coacti]
3548 1850 3675 1891 cum

2073 1921 2195 1990 ipso
2224 1922 2466 1988 concilii,
2488 1938 2554 1977 ex
2576 1923 2856 1994 encyclica
2889 1923 2956 1978 ad
2987 1924 3374 1982 sanctissimos
3398 1938 3679 1998 metropo-

2072 2013 2273 2071 litanos
2303 2015 2554 2085 cpistola.

2153 2105 2374 2162 Textus.
2412 2106 2554 2179 Lege
2582 2107 2679 2164 lib.
2714 2109 2766 2176 1,
2802 2109 2890 2164 tit.
2910 2109 2968 2174 5,
2991 2118 3172 2165 const.
3203 2110 3296 2177 '50,
3329 2112 3394 2167 41
3427 2121 3482 2167 et
3511 2113 3595 2168 tit.
3626 2112 3678 2166 1.

2076 2197 2449 2265 Novellarum,
2474 2211 2606 2266 etc.,
2637 2219 2804 2274 usque
2827 2202 2898 2257 ad
2921 2201 3184 2260 Ecclesiis
3201 2201 3517 2278 [quidlibet]
3549 2204 3685 2262 οιῒοσ

2080 2303 2223 2358 rant,
2253 2304 2309 2346 ut
2343 2311 2463 2364 pug.
2497 2294 2624 2350 5⁸59.

2159 2383 2456 2441 Scholium.
2499 2388 2694 2445 Const.
2733 2390 2803 2445 '50
2826 2400 2880 2446 et
2909 2390 3001 2459 41,
3041 2392 3125 2446 tit.
3159 2393 3213 2458 5,
3241 2393 3334 2448 lib.
3371 2408 3386 2447 ι
3427 2392 3549 2448 cod.
3579 2407 3684 2465 po-

2088 2478 2208 2534 sitae
2231 2495 2337 2534 non
2365 2491 2494 2536 sunt
2521 2482 2574 2536 in
2610 2482 2780 2538 Basil.
2819 2493 2985 2555 atque
3012 2486 3326 2540 ideoirritm
3353 2483 3511 2540 factae
3529 2495 3680 2541 sunt.

2083 2573 2275 2628 Const.
2305 2585 2486 2629 autem
2517 2577 2571 2639 1,
2609 2576 2664 2643 2,
2700 2577 2788 2642 11,
2829 2578 2911 2633 tit.
2956 2579 2980 2632 1
3013 2579 3384 2645 Novellarum,
3414 2588 3542 2634 sunt
3567 2577 3684 2633 No-

2083 2666 2235 2721 vellat:
2254 2665 2553 2724 Justiniani
2578 2669 2632 2736 6,
2656 2670 2763 2725 125
2793 2681 2848 2725 οι
2877 2670 3154 2742 56.Atquc
3196 2671 3229 2726 6
3252 2671 3474 2742 quidem
3499 2683 3679 2726 const.

2082 2777 2331 2832 praesens
2355 2771 2521 2833 caput
2552 2779 2659 2818 non
2683 2766 3021 2835 estpositum
3059 2766 3113 2821 in
3142 2765 3308 2820 Basil.
3345 2781 3527 2836 neque
3551 2765 3681 2820 item

2086 2857 2301 2911 novella
2335 2856 2423 2923 56,
2457 2873 2582 2927 qua:
2608 2858 2675 2912 de
2700 2858 3053 2914 insinuativis
3079 2875 3202 2929 qua:
3232 2858 3479 2929 Byzantii
3509 2875 3538 2914 a
3572 2859 3684 2915 cle-

2087 2951 2220 3006 ricis
2261 2950 2372 3005 illic
2431 2950 2756 3006 ordinandis
2803 2951 3031 3015 dantur,
3071 2952 3252 3006 docet.
3289 2950 3514 3006 Novel!a
3550 2966 3684 3006 vero

2087 3044 2214 3111 ηδ,
2245 3053 2305 3099 ιιι
2337 3059 2484 3114 saepe
2514 3045 2723 3100 dictum
2752 3055 2868 3110 est,
2901 3046 3079 3115 posita
3104 3054 3189 3099 est
3213 3044 3265 3098 in
3307 3060 3363 3098 ιιι
3391 3044 3487 3098 lib.
3512 3042 3682 3100 Basil.

366 3128 672 3202 κληρικῶν.
713 3128 778 3181 Ἠ
821 3128 877 3181 δὲ
908 3127 1027 3200 ρκγ⁹
1065 3132 1236 3203 νεαρὰ
1265 3131 1450 3202 ἐτέθη,
1485 3131 1564 3195 ὼς
1597 3130 1862 3194 πολλάκις
1892 3131 1967 3184 εί-

2089 3137 2174 3191 tit.
2210 3139 2262 3204 1,
2294 3153 2415 3208 cap.
2448 3140 2502 3203 9,
2527 3147 2581 3192 ct
2610 3139 2890 3208 deinceps.
2928 3137 3084 3205 Quod
3138 3136 3440 3210 [quidem]
3489 3137 3521 3193 9
3559 3155 3682 3208 cap.

368 3240 533 3294 ρηται
573 3225 633 3278 ἐν
674 3225 864 3297 βιϐλίῳ
894 3224 941 3296 γ’
989 3225 1097 3279 τῶν
1130 3224 1438 3278 Βασιλικῶν
1485 3226 1592 3279 τίτ.
1625 3221 1696 3288 α’,
1730 3241 1857 3294 κεφ.
1902 3225 1968 3289 0’,

364 3319 465 3371 καὶ
487 3319 574 3387 ἐφ’
617 3319 768 3391 ἑξῆς,
805 3322 942 3391 ὅπερ
995 3317 1040 3373 θ’
1071 3337 1199 3389 κεφ.
1230 3317 1592 3390 κατεστρώθη
1623 3319 1826 3384 ἔξωθεν
1870 3320 1965 3374 τοῦ

362 3406 411 3462 ε’
442 3427 570 3479 κεφ.
611 3410 706 3464 τοῦ
742 3413 1011 3485 παρόντος
1040 3412 1174 3477 τίτ.,
1209 3413 1237 3466 ὃ
1281 3413 1375 3467 καὶ
1404 3413 1679 3482 ἀνάγνωθι
1715 3413 1969 3467 διδάσκον

366 3504 501 3574 περὶ
528 3505 637 3557 τῶν
665 3507 758 3559 ἐπὶ
791 3508 1037 3579 χρήμασι
1066 3508 1583 3580 χειροτονουμένων.
1613 3507 1747 3579 Περὶ
1775 3507 1832 3560 δὲ
1859 3508 1968 3560 τῶν

363 3596 664 3668 διδομένων
688 3599 915 3672 διαρίων
939 3599 1095 3672 ζήτει
1128 3600 1224 3655 τοῦ
1253 3599 1422 3655 αὐτοῦ
1478 3599 1686 3672 βιϐλίου
1717 3600 1813 3654 καὶ
1859 3599 1966 3654 τίτ.

367 3707 499 3756 κεφ.
531 3688 604 3744 λε’
650 3693 744 3745 καὶ
797 3691 907 3757 λς’,
941 3693 1115 3758 οὕτως
1168 3693 1309 3766 ἔχοιθ’
1357 3694 1497 3748 Ἀλλ’
1551 3694 1674 3748 οὐδὲ
1707 3693 1968 3766 κληρικὸν

363 3782 688 3854 οὶουδηποτε
719 3784 932 3856 βαθμοῦ
966 3786 1167 3840 διδόναι
1203 3803 1258 3840 τι
1296 3787 1493 3858 ἐκείνῳ
1523 3787 1614 3858 ὑφ’
1640 3779 1701 3841 οῦ
1726 3805 1970 3859 χειροτο-

366 3879 544 3932 νεῖται
574 3877 607 3948 ἢ
647 3878 794 3948 ἄλλῳ
820 3881 1097 3951 οἱῳδήτινι
1139 3883 1419 3952 προσώπῳ
1449 3883 1510 3936 οὐ
1549 3883 1965 3955 συγχωροῦμεν,

370 3969 543 4041 μόνας
566 3971 624 4025 δὲ
653 3973 920 4044 παρέχειν
949 3975 1112 4030 αὑτὸν
1136 3975 1235 4039 τὰς
1270 3976 1559 4047 συνηθείας
1600 3979 1716 4040 τοῖς
1745 3976 1824 4048 τῷ
1853 3993 1969 4047 χει·

367 4061 684 4133 ροτονοῦντι
739 4065 1214 4135 ὑπηρετουμένοις
1240 4107 1254 4131 ,
1315 4068 1412 4121 καὶ
1441 4067 1500 4133 ἐξ
1544 4067 1700 4132 ἔθους
1747 4068 1962 4140 κομιζο-

369 4154 561 4226 μένοις
589 4157 708 4221 ἐνὸς
741 4159 995 4213 ἐνιαυτοῦ
1038 4161 1224 4231 διάρια
1257 4160 1333 4232 μὴ
1367 4160 1826 4232 ὑπερϐαινούσας.
1881 4162 1970 4214 Ἐν

363 4247 429 4300 δὲ
454 4249 519 4318 τῇ
551 4248 834 4321 ἁγιωτάτῃ
863 4250 1168 4322 Ἐκκλησία
1270 4252 1668 4306 κατατάττεται
1696 4251 1796 4323 τὴν
1819 4251 1970 4304 Θείαν

368 4339 620 4410 πληροῦν
651 4341 1018 4414 λειτουργίαν,
1043 4344 1137 4397 καὶ
1167 4344 1333 4416 μηδὲν
1364 4343 1647 4409 παντελῶς
1675 4347 1788 4408 τοῖς
1823 4343 1973 4407 ἰδίοις

370 4435 766 4506 συγκληρικοῖς
795 4435 998 4490 διδόναι
1025 4437 1168 4507 ὑπὲρ
1197 4439 1297 4507 τῆς
1325 4437 1460 4501 ἰδίας
1483 4437 1808 4508 ἐμφανείας,
1836 4437 1971 4508 μηδὲ

367 4533 464 4586 διὰ
487 4532 694 4604 ταύτην
722 4533 822 4604 τὴν
848 4534 1028 4587 αἰτίαν
1058 4534 1168 4589 τῶν
1207 4535 1356 4590 ἰδίων
1381 4535 1773 4607 παραμυθιῶν,
1801 4535 1836 4606 ἢ
1863 4535 1976 4588 τῶν

369 4623 558 4678 ἄλλων
605 4625 906 4695 μεριτικῶν
956 4625 1121 4680 αὐτὸν
1167 4627 1617 4698 ἀποστερεῖσθαι,
1652 4627 1788 4681 ἀλλὰ
1844 4627 1979 4700 μηδέ

375 4716 666 4788 ξενοδόχον
694 4717 728 4788 ἢ
763 4719 1177 4790 πτωχοτρόφον,
1214 4720 1594 4791 ἢνοσοκόμον,
1619 4721 1651 4792 ἢ
1681 4722 1843 4775 ἄλλου
1882 4722 1976 4774 εὑ-

369 4809 545 4880 αγοῦς
567 4812 885 4882 οίουδήποτε
931 4814 1082 4866 οίκου
1123 4812 1425 4884 διοικητὴν,
1462 4814 1495 4883 ἢ
1527 4814 1844 4877 οἱονδήποτε
1887 4817 1978 4866 ἐκ·

372 4905 771 4977 κλησιαστικδν
798 4905 1110 4976 φρόντισμα
1142 4907 1450 4977 χειρίζοντα
1474 4907 1673 4961 διδόναι
1703 4925 1754 4961 τι
1785 4908 1978 4977 ἐκείνῳ

375 4996 471 5066 ὑφ’
524 4991 586 5050 οὗ
644 4997 1037 5068 προϐάλλεται,
1083 4999 1115 5071 ἢ
1157 5000 1304 5071 ἄλλῳ
1352 5000 1658 5072 οἱῳδήποτε
1699 5000 1978 5072 προσώπῳ

375 5090 523 5161 ὑπὲρ
548 5089 648 5161 τῆς
677 5091 1142 5163 ἐμπιστευθείσης
1161 5093 1670 5165 αὐτῷδιοικήσεως,
1693 5096 1722 5148 ὁ
1743 5094 1800 5148 δὲ
1827 5095 1978 5166 παρὰ

373 5179 554 5236 ταῦτα
611 5183 756 5255 άπερ
811 5183 1232 5255 διετυπώσαμεν
1257 5185 1292 5257 ἢ
1334 5183 1572 5257 διδοὺςῆ
1622 5184 1980 5258 λαμϐάνωνῆ

379 5275 616 5348 μεσίτης
645 5276 940 5348 γενόμενος
981 5277 1081 5349 τῆς
1119 5277 1424 5350 ἱερωσύνης
1476 5279 1597 5350 ἦτοι
1646 5279 1741 5333 τοῦ
1772 5279 1977 5350 κλήρου

373 5370 412 5441 ἦ
471 5367 573 5440 τῆς
627 5369 1100 5442 ἐμπιστευθείσης
1161 5369 1314 5442 αὐτῷ
1392 5371 1719 5443 οίασδήπστε
1767 5371 1975 5442 διοική-

374 5479 543 5528 σεως,
584 5467 1013 5538 γυμνωθήσεται
1046 5466 1160 5520 τῶν
1201 5467 1524 5538 διδομένων,
1573 5469 1979 5541 ἐκδικουμένων

371 5558 458 5626 τῴ
492 5556 683 5627 εὐαγεῖ
712 5560 866 5630 τόπῳ
891 5552 1105 5624 οὗτινος
1145 5560 1208 5614 τὸ
1247 5561 1492 5616 τοιοῦτον
1541 5562 1838 5633 πρόσωπον
1880 5561 1980 5633 τὴν

373 5653 718 5723 χειροτονίαν
749 5654 784 5726 ἢ
812 5655 1126 5727 φρόντισμα
1177 5655 1211 5728 ἢ
1264 5655 1532 5727 διοίκησιν
1569 5656 1782 5712 ἔλασεν.
1827 5657 1890 5711 Εἰ
1921 5659 1980 5714 δὲ

375 5741 652 5813 κοσμικὺς
676 5744 766 5816 εἴη
800 5746 830 5799 ό
861 5744 1182 5816 λαμϐάνων,
1211 5745 1246 5817 ἢ
1281 5746 1513 5819 μεσίτης
1561 5748 1871 5819 γινόμενος,
1919 5748 1980 5803 τὺ

371 5833 534 5890 δοθὲν
572 5834 800 5892 διπλοῦν
845 5837 1316 5912 ἀπαιτηθήσεται,
1364 5841 1460 5896 καὶ
1508 5838 1586 5912 τῷ
1617 5841 1809 5912 εὐοιγεί
1835 5841 1983 5915 τόπῳ

2091 3233 2377 3301 praesentis
2396 3233 2483 3286 tit.
2512 3246 2635 3302 cap.
2658 3232 2692 3286 5
2720 3232 3068 3287 extrinsecus
3099 3229 3177 3302 [in
3206 3229 3432 3285 Scholio
3461 3228 3683 3302 nempe]

2090 3322 2356 3377 insertum
2389 3330 2473 3377 est
2511 3341 2524 3378 :
2573 3323 2718 3393 quod
2758 3323 2930 3394 legas,
2965 3319 3201 3393 [utpote]
3231 3321 3375 3390 quod
3400 3320 3469 3376 de
3502 3322 3568 3376 iis
3588 3322 3686 3392 qui

2088 3415 2234 3470 datis
2262 3416 2514 3486 pecuniis
2538 3415 2891 3480 ordinantur,
2921 3416 3138 3470 doceat.
3173 3415 3346 3468 l’orro
3385 3415 3452 3469 de
3489 3413 3686 3468 diariis

2086 3525 2209 3579 quae
2238 3512 2476 3576 dantur,
2529 3525 2714 3581 quaere
2742 3510 2986 3580 ejusdem
3034 3509 3130 3564 lib.
3168 3517 3222 3563 et
3255 3509 3337 3562 tit.
3369 3523 3493 3578 cap.
3525 3507 3598 3563 '55
3630 3517 3688 3562 et

2087 3599 2192 3664 56,
2244 3615 2367 3671 quae
2426 3601 2507 3656 sic
2561 3601 2812 3655 habent:
2847 3599 3123 3655 Cmterum
3185 3613 3367 3666 neque
3417 3597 3686 3654 clericum

2088 3694 2474 3764 cujuscunque
2507 3694 2713 3765 gradus
2752 3693 2887 3748 dare
2935 3692 3218 3762 quippiam
3257 3691 3336 3745 illi
3387 3706 3418 3745 a
3450 3705 3561 3760 quo
3594 3706 3690 3745 or-

2086 3787 2311 3842 dinatur
2339 3829 2354 3854 ,
2399 3788 2486 3842 vel
2532 3788 2844 3856 cuicunque
2886 3787 2978 3840 alii
3009 3801 3258 3857 persona:
3289 3784 3687 3855 permittimus.

2086 3879 2496 3937 Tantummodo
2525 3881 2646 3951 ejus
2672 3882 2765 3951 qui
2825 3881 3065 3943 ordinat,
3093 3879 3382 3934 ministris.
3410 3887 3465 3933 et
3489 3878 3586 3948 qui
3619 3893 3685 3932 ex

2089 3992 2242 4031 more
2271 3976 2522 4044 accipere
2562 3971 2811 4046 [solent],
2859 3972 3293 4028 consuetudines
3325 3970 3496 4035 dabit,
3561 3984 3687 4040 qua:

2087 4079 2269 4123 tamen
2301 4069 2468 4122 uuius'
2511 4067 2642 4121 anni
2671 4067 2843 4120 diaria
2895 4081 3004 4119 non
3054 4075 3410 4135 exsuperent.
3457 4064 3511 4117 In
3554 4079 3683 4118 sau-

2087 4163 2338 4217 ctissirna
2368 4158 2613 4214 Ecclesia
2640 4158 2693 4212 in
2725 4173 2893 4228 quam
2919 4157 3194 4226 allegitur,
3223 4171 3444 4210 sacrum
3479 4170 3686 4209 munus

2087 4253 2325 4322 explebit
2355 4294 2368 4318 ,
2419 4262 2472 4306 et
2505 4251 2640 4305 nihil
2673 4251 2904 4304 omnino
2935 4250 3159 4319 collegis
3190 4249 3306 4304 suis
3334 4264 3434 4318 pro
3465 4263 3566 4303 sua
3601 4247 3688 4301 in-

2089 4346 2410 4418 sinuatioue
2436 4343 2612 4404 dabit,
2641 4359 2822 4414 neque
2851 4358 2949 4413 per
2978 4343 3122 4398 hanc
3156 4356 3407 4404 causam,
3433 4350 3529 4395 aut
3559 4340 3689 4396 soli-

2089 4439 2158 4494 da
2192 4454 2289 4494 sua
2326 4439 2599 4503 mercede,
2636 4445 2733 4490 aut
2761 4437 2886 4490 aliis
2931 4451 3055 4506 qua:
3084 4435 3460 4505 particulatim
3518 4433 3688 4488 obve—

2085 4532 2282 4596 niuut,
2338 4530 2722 4585 l‘ruStrabitur.
2789 4531 2895 4584 Sed
2955 4545 3132 4599 neque
3173 4529 3536 4594 xenodocho,
3593 4537 3690 4582 aut

2085 4624 2509 4695 ptochotmpho,
2542 4630 2637 4676 aut
2663 4637 2986 4688 nosocomo,
3011 4630 3107 4676 aut
3131 4621 3274 4676 alius
3301 4620 3688 4691 cujuscunque

2086 4730 2258 4770 sacra:
2307 4715 2505 4770 domus
2545 4715 2948 4784 dispensatori,
3009 4723 3102 4768 aut
3141 4713 3455 4786 [denique]
3506 4713 3558 4768 ei
3589 4713 3687 4784 qui

2086 4810 2530 4880 qualemcunque
2583 4808 3026 4863 ecelesiasticam
3062 4825 3256 4864 curam
3297 4809 3548 4878 suscipit,
3587 4823 3687 4876 pro

2084 4903 2405 4960 concredita
2435 4903 2533 4973 ipsi
2562 4903 3048 4957 administratione
3065 4903 3370 4974 quidquam
3404 4903 3479 4956 illi
3511 4918 3543 4956 a
3576 4917 3687 4973 quo

2085 4999 2404 5071 praeﬁcitur,
2457 4984 2627 5052 aliive
2651 4997 3023 5068 qualiutuque
3066 5014 3336 5068 personas,
3371 4999 3501 5052 dare
3528 4996 3690 5069 [con-

2085 5092 2386 5165 cedimus].
2417 5093 2520 5159 Qui
2561 5108 2692 5146 vero
2730 5102 2928 5162 praeter
2955 5093 3069 5147 ha‘c
3099 5107 3224 5162 quae
3262 5091 3682 5157 constituimus,

2086 5198 2182 5244 aut
2205 5186 2442 5252 dederit,
2478 5196 2572 5240 aut
2601 5187 2831 5256 ceperit,
2863 5194 2960 5240 aut
2983 5185 3256 5240 mediator
3286 5185 3465 5240 factus
3493 5184 3685 5248 fuerit,

2087 5281 2400 5338 sacerdotio
2439 5282 2557 5335 sive
2593 5280 2857 5335 clericatu
2880 5319 2896 5346 ,
2925 5288 3020 5334 aut
3053 5280 3370 5336 concredita
3405 5279 3510 5350 ipsi
3543 5293 3687 5349 qua-

2088 5378 2346 5446 licunque
2398 5373 2883 5430 administratione
2942 5373 3244 5430 nudabitnr
3275 5393 3290 5429 :
3325 5390 3446 5445 qua:
3494 5383 3681 5428 autem

2087 5471 2216 5525 data
2260 5477 2444 5534 erunt,
2477 5468 2906 5524 vindicabuntur
2935 5483 3097 5524 sacro
3131 5468 3288 5532 loco,
3341 5467 3503 5537 cujus
3555 5467 3687 5520 talis

2086 5577 2326 5633 persona
2361 5570 2456 5616 aut
2484 5561 2915 5625 ordinationem,
2945 5571 3037 5615 aut
3071 5577 3286 5626 curam,
3317 5569 3414 5614 aut
3444 5557 3686 5613 admini-

2088 5657 2414 5713 strationem
2447 5654 2709 5726 suscepit.
2755 5654 2862 5710 Sed
2906 5655 2951 5710 si
2985 5655 3296 5709 mundanus
3331 5653 3422 5717 sit,
3457 5653 3550 5723 qui
3593 5668 3690 5707 ca-

2088 5752 2189 5822 pit,
2206 5761 2299 5804 aut
2318 5747 2589 5803 mediator
2613 5746 2884 5820 [negotio]
2915 5745 3303 5803 intervenerit:
3323 5744 3470 5816 quod
3497 5745 3689 5802 datum

2104 5850 2210 5911 est,
2239 5845 2360 5913 ejus
2388 5843 2618 5914 duplum
2669 5841 2922 5912 exigetur
2945 5881 2962 5909 ,
2996 5855 3266 5913 sacroque
3299 5840 3424 5898 loco
3474 5841 3530 5896 in
3578 5858 3690 5913 quo
