4146 6432
501 321 630 384 1007

1656 311 1920 372 ΙἿΙΟΤΙΙ
1962 309 2104 370 ΡΛΤ
2116 308 2472 370 RIARCIIE
2511 309 2623 369 (ΣΡ.

3652 307 3778 375 1Ωέίῖ

495 434 588 488 illa
612 445 850 502 persona
871 427 953 484 vel
982 424 1542 489 administrationem,
1561 423 1644 480 vel
1663 422 2094 484 ordinationem,
2128 473 2135 483 η

2245 440 2267 472 ν
2297 415 2342 488 ᾧ
2370 418 2431 473 τὸ
2466 421 2710 473 τοιοῦτον
2753 419 3046 490 πρόσωπον
3079 421 3176 491 τὴν
3206 420 3474 492 διοίκησιν
3501 422 3533 494 ἢ
3565 425 3658 496 τὴν
3683 445 3780 496 χει·

499 523 585 578 vel
642 536 832 576 curam
887 517 1170 588 suscepit,
1226 514 1578 587 praebebitur.
1629 513 1686 567 Si
1738 513 1863 582 quis
1917 520 2099 564 tamen

497 616 740 674 clericus
765 613 1150 684 cujuscunque
1173 609 1399 681 gradus,
1427 616 1522 662 aut
1542 605 1894 676 dispensator
1917 603 2104 674 cujus-

503 723 726 779 cunque
757 719 930 762 sacras
971 701 1192 767 domus,
1246 709 1341 756 aut
1387 708 1514 755 ante
1543 696 1972 760 ordinationem,
2010 703 2106 750 aut

502 809 630 856 ante
663 795 1039 854 concreditam
1066 793 1169 864 ipsi
1201 791 1648 863 qualemcunque
1670 785 2108 843 administratio-

505 905 634 945 nem
670 887 755 944 vel
779 901 969 942 curam
997 879 1329 955 [autetiam]
1359 877 1714 950 postmodum
1745 873 2108 931 volueritali-

503 983 635 1055 quid
669 997 853 1038 rerum
886 993 1112 1034 suarum
1142 971 1626 1045 ollerrelecclesite
1659 971 1713 1025 in
1743 986 1906 1042 quam
1953 969 2106 1024 ordi-

504 1083 692 1138 natur,
744 1071 830 1129 vel
881 1070 1003 1124 loco
1032 1067 1194 1138 cujus
1249 1064 1791 1121 administrationem
1834 1077 2108 1135 curamve

507 1165 738 1236 suscipit
760 1181 772 1219 :
794 1179 904 1219 non
937 1162 1115 1219 solum
1147 1159 1200 1215 id
1222 1160 1336 1215 [leri
1358 1173 1468 1213 non
1497 1156 1881 1229 prohibemus,
1909 1170 2106 1211 verum

508 1258 675 1314 etiam
715 1269 775 1312 ut
812 1255 866 1311 id
912 1271 1015 1327 pro
1061 1254 1240 1310 salute
1296 1251 1496 1306 animae
1529 1265 1647 1306 sua:
1673 1248 1901 1314 faciant,
1945 1249 2112 1304 etiam

511 1362 680 1422 atque
708 1350 874 1406 etiam
920 1349 1074 1420 ipsos
1117 1348 1429 1402 hortamur.
1463 1343 1562 1398 llla
1597 1343 1745 1398 enim
1773 1342 1893 1398 dari
1923 1342 2117 1414 prohi-

513 1446 731 1510 bemus,
759 1458 890 1513 quae
948 1440 1180 1510 privatis
1208 1437 1562 1510 quibuspiam
1604 1434 1928 1490 hominibus
1971 1449 2115 1504 prae-

510 1539 729 1603 bentur,
754 1551 865 1590 non
887 1534 1054 1591 etiam
1078 1548 1201 1604 qua:
1219 1531 1592 1588 sanctissimis
1613 1529 1864 1585 ecclesiis
1885 1529 2119 1598 aliisque

513 1630 690 1685 sacris
721 1626 1215 1704 locis‘oﬂ'eruntur.
1251 1623 1395 1694 Lege
1447 1622 1614 1677 etiam
1649 1623 1812 1676 linem
1876 1635 1997 1692 cap.
2059 1617 2115 1683 9,

2211 513 2456 585 ροτονίαν
2491 512 2648 584 ἢτὴν
2677 512 2936 583 φροντίδα
2967 512 3129 566 ἔλαϐε
3163 514 3509 586 παρεχέσΘω.
3537 516 3595 570 Εί
3626 517 3678 570 δέ
3708 536 3781 583 τις

2207 605 2470 677 κληρικὸς
2492 606 2816 677 οίουδήποτε
2846 604 3084 676 βαθμοῦ,
3124 606 3460 678 ἢδιοικητὴς
3489 609 3782 680 οίουδήποτε

2209 696 2441 765 ἐναγοῦς
2494 695 2670 764 οῐκου,
2701 696 2734 766 ἢ
2795 696 2902 767 πρὸ
2926 697 3024 767 τῆς
3066 698 3426 768 χοιροτονίας,
3459 698 3493 768 ἢ
3515 699 3612 769 τῆς
3639 701 3785 771 ὲμπιο

2210 789 2532 860 στευθείσης
2563 787 2715 860 αύτῷ
2742 789 3070 859 οἱασδήποτε
3099 787 3424 859 διοικήσεως
3460 789 3494 860 ἢ
3529 793 3787 862 φροντίδος

2214 879 2354 951 μετὰ
2379 879 2552 934 ταῦτα
2593 877 2832 949 βουληθῇ
2863 894 2919 930 τι
2947 875 3056 930 τῶν
3082 875 3229 930 ἰδίων
3257 877 3598 948 πραγμάτων
3631 895 3788 950 προσ-

2212 975 2443 1041 αγαγεῖν
2483 974 2550 1043 τῇ
2581 970 2852 1042 ἐκκλησίᾳ
2880 971 2938 1024 ὲν
3037 973 3450 1042 χειροτονεῖται,
3496 970 3528 1043 ἢ
3561 971 3638 1042 τῷ
3657 973 3792 1042 τόπῳ

2215 1058 2427 1129 οὗτινος
2461 1064 2560 1136 τὴν
2608 1063 2901 1135 διοίκησιν,
2941 1064 2974 1136 ἢ
3008 1063 3107 1136 τὴν
3161 1062 3418 1138 φροντίδα
3466 1063 3790 1136 ἀναδέχεται,

2214 1158 2275 1211 ού
2309 1159 2471 1229 μόνον
2500 1157 2562 1210 ού
2594 1155 2882 1227 κωλύομεν
2907 1154 3067 1209 τοῦτο
3089 1154 3361 1224 γίνεσθαι,
3381 1155 3518 1210 ἀλλὰ
3551 1157 3642 1210 καὶ
3672 1158 3796 1228 μᾶλ-

2215 1251 2306 1304 λον
2344 1249 2731 1322 προτρέπομεν
2763 1249 2961 1312 αὐτοὺς
2991 1247 3058 1302 τὰ
3088 1248 3314 1303 τοιαῦτα
3365 1248 3505 1320 ὑπὲρ
3536 1250 3792 1320 σωτηρίας

2216 1344 2316 1414 τῆς
2345 1342 2484 1405 ἰδίας
2529 1341 2710 1412 ψυχῆς
2747 1342 2945 1394 ποιεῖν.
2987 1341 3178 1410 Ἡμεῖς
3211 1340 3322 1411 γὰρ
3353 1341 3537 1394 ἐκεῖνα
3569 1341 3701 1412 μόνα
3725 1342 3799 1395 δί-

2221 1433 2413 1488 δοσθαι
2451 1432 2738 1505 κωλύομεν
2779 1431 2942 1486 ἆτινα
2973 1433 3160 1497 ἰδικοῖς
3189 1450 3299 1487 τισι
3327 1433 3640 1504 προσώποις
3676 1450 3804 1507 παρ.

2222 1530 2465 1600 έχονται,
2508 1529 2570 1582 ού
2617 1528 2719 1600 μὲν
2753 1531 2872 1592 ταῖς
2931 1529 3267 1597 ἁγιωτάταις
3324 1527 3667 1600 ἐκκλησίαις,
3711 1531 3796 1582 καὶ

2228 1625 2341 1686 τοῖς
2360 1621 2540 1686 ἀλλοις
2574 1620 2831 1692 εύαγέσιν
2851 1621 3022 1686 οῐκοις
3049 1621 3494 1693 προσφερόμενα.
3526 1621 3808 1690 Ἀνάγνωθι

523 1722 606 1774 lli.
645 1722 697 1785 1,
735 1719 832 1772 lib.
875 1733 956 1781 In,
995 1717 1048 1771 in
1081 1731 1206 1786 cap.
1240 1715 1273 1771 5
1322 1715 1613 1786 praesentis
1671 1715 1755 1768 tit.
1809 1713 1957 1783 quod
2013 1711 2124 1766 illis

2245 1717 2324 1770 ιαὶ
2351 1716 2410 1770 τὸ
2430 1715 2584 1780 τέλος
2601 1715 2693 1770 τοῦ
2743 1713 2787 1768 0'
2841 1733 2969 1786 κεφ.
3001 1713 3094 1767 τοῦ
3120 1711 3288 1770 α’τίτ.
3315 1713 3411 1768 τοῦ
3437 1712 3486 1784 γ’
3519 1713 3719 1785 βιϐλίου
3739 1715 3810 1774 εἰς

515 1827 756 1883 praesens
787 1811 873 1866 lex
903 1810 1107 1864 inserta
1136 1807 1226 1862 sit.

589 1992 750 2047 Aliud
785 1990 1067 2046 scholium.
1123 1991 1372 2046 Praesens
1406 1988 1622 2044 novella
1653 1985 1950 2043 remotioni
1989 1983 2123 2039 sub-

518 2086 642 2157 jieit
694 2084 1040 2148 canonicos,
1099 2084 1196 2154 qui
1252 2081 1396 2137 datis
1457 2081 1709 2152 pecuniis
1766 2079 2123 2143 ordinantur,

524 2179 759 2233 aliamve
777 2174 1092 2246 quampiam
1113 2173 1548 2230 ecclesiasticam
1569 2172 1884 2242 suscipiunt
1901 2186 2120 2226 curam:

526 2285 690 2344 atque
722 2271 897 2326 laicos
958 2269 1053 2340 qui
1085 2269 1140 2324 in
1188 2270 1272 2324 his
1329 2265 1574 2340 [rebus]
1635 2267 1967 2322 mediator-es
1999 2264 2128 2321 l'acti

527 2373 679 2432 sunt,
701 2367 824 2431 ejus
839 2364 986 2434 quod
1010 2363 1145 2433 ipsis
1168 2362 1358 2417 datum
1388 2371 1494 2428 est,
1525 2362 1578 2416 in
1603 2360 1830 2432 duplum
1853 2360 2128 2416 exactioni

527 2459 660 2514 facit
702 2456 996 2512 obnoxios.
1046 2454 1236 2510 Canon
1283 2453 1774 2510 autemﬁconcilii
1826 2451 2130 2508 Chalcedo-

531 2551 743 2618 nensis,
772 2550 951 2605 laicos
981 2549 1076 2619 qui
1126 2549 1181 2602 in
1231 2548 1316 2603 his
1366 2547 1701 2603 mediatores
1733 2545 2130 2610 interveniunt,

529 2644 863 2700 anathemati
915 2641 1161 2712 subjicit.
1205 2638 1404 2696 Verum
1462 2640 1611 2710 quod
1661 2639 1787 2694 laici
1837 2639 1932 2710 qui
1989 2637 2134 2694 datis

529 2732 779 2808 pecuniis
815 2749 1106 2790 sacrorum
1139 2733 1392 2788 locorum
1429 2731 1944 2786 administrationes
1999 2745 2130 2785 sus-

529 2830 763 2900 cipiunt,
823 2828 1152 2898 puniantur,
1209 2843 1278 2882 ex
1326 2825 1586 2897 praesenti
1637 2824 1853 2879 novella
1889 2832 2132 2879 constat.

535 2920 680 2994 [At]
728 2921 987 2993 quisnam
1031 2916 1300 2992 [tandem]
1351 2919 1524 2974 laicus
1558 2917 1696 2974 citra
1726 2917 2010 2972 dationem
2041 2927 2139 2970 aut

530 3017 981 3086 procurationem
1005 3015 1149 3070 sacri
1173 3013 1306 3080 loci,
1330 3014 1770 3069 ministeriumve
1799 3013 2138 3069 ecclesiasti-

2236 1823 2361 1876 κεφ.
2384 1802 2424 1858 ε’
2439 1804 2533 1859 τοῦ
2567 1804 2836 1876 παρόντος
2859 1802 2992 1871 τίτ.,
3021 1801 3111 1856 διὰ
3137 1801 3199 1856 τὸ
3227 1803 3347 1856 ἐκεῖ
3374 1803 3812 1874 καταστρωθῆναι

2237 1899 2331 1952 τὸν
2356 1897 2606 1968 παρόντα
2627 1897 2813 1968 νόμον.

2311 1991 2408 2064 [aL
2445 1991 2701 2059 ’Ἕτερον
2755 1986 3063 2061 σχόλιον.]
3112 1988 3446 2060 Σημείωσαι·
3487 1988 3552 2042 Ἢ
3570 1989 3667 2061 μὲν
3722 2008 3818 2044 πα-

2247 2085 2420 2154 ροῦσα
2467 2085 2640 2156 νεαρὰ
2697 2082 3018 2153 καθαιρέσει
3068 2079 3469 2135 καθυποϐάλλει
3518 2081 3646 2145 τοὺς
3675 2100 3820 2137 κανο⁴

2239 2176 2423 2240 νικοὺς
2454 2175 2983 2246 χειροτονουμένους,
3016 2173 3052 2246 ἢ
3077 2173 3266 2245 ἕτερόν
3320 2191 3374 2228 τι
3401 2176 3707 2246 φρόντισμα
3736 2177 3818 2229 ὲκ-

2242 2268 2625 2341 κλησιαστικδν
2677 2268 2769 2321 ἐπὶ
2829 2269 3077 2338 χρήμασι
3118 2265 3528 2338 λαμϐάνοντας,
3563 2269 3658 2322 καὶ
3709 2270 3823 2332 τοὺς

2248 2363 2596 2433 μεσάσαντας
2621 2362 2714 2414 ἐπὶ
2745 2360 2958 2424 τούτοις
2986 2358 3230 2424 λαῖκοὺς,
3265 2361 3333 2431 τῇ
3365 2361 3442 2424 είς
3477 2361 3538 2413 τὸ
3559 2360 3824 2415 διπλάσιον

2247 2455 2543 2525 ἀπαιτήσει
2586 2453 2680 2508 τοῦ
2720 2453 2965 2517 δοθέντος
3009 2456 3194 2517 αὐτοῖς
3228 2455 3548 2525 ὲνοχοποιεῖ.
3587 2453 3643 2509 '0
3685 2455 3737 2508 δὲ
3765 2452 3825 2524 β’,

2247 2545 2431 2601 κανὼν
2455 2547 2553 2618 τῆς
2587 2547 2646 2600 ὲν
2668 2547 2976 2617 Χαλκηδόνι
3005 2549 3224 2602 συνόδου
3247 2548 3552 2621 ἀναϐέματι
3602 2551 3827 2605 καθυπο-

2249 2640 2436 2694 6άλλει
2472 2641 2600 2706 τοὺς
2638 2641 2708 2694 τὰ
2733 2641 2961 2696 τοιαῦτα
2991 2643 3332 2714 μεσάζοντας
3363 2643 3612 2710 λαῖκούς.
3643 2645 3713 2699 Τὸ
3737 2645 3826 2716 μέν

2247 2751 2330 2786 τοι
2380 2733 2746 2805 τιμωρεῖσθαι
2775 2734 2903 2798 τοὺς
2937 2735 3160 2801 λαῐκοὺς
3204 2737 3298 2790 ἐπὶ
3335 2738 3616 2809 χρήμασιν
3657 2739 3831 2793 ἀναδε-

2250 2826 2515 2898 χομένους
2547 2826 2846 2898 διοικήσεις
2873 2826 3090 2896 εύαγῶν
3111 2827 3277 2882 οἴκων
3305 2830 3412 2883 ἀπὸ
3435 2831 3535 2902 τῆς
3568 2831 3832 2904 παρούσης

2251 2922 2452 2992 νεαρᾶς
2488 2921 2869 2988 ἀναφαίνεται.
2900 2923 3062 2986 Ποῖος
3093 2921 3187 2976 οὖν
3217 2924 3367 2978 ἐστιν
3397 2925 3424 2978 ό
3454 2925 3832 2997 ἀναδεχόμενος

2251 3013 2441 3078 λαῖκὸς
2479 3013 2750 3086 διοίκησιν
2799 3014 3035 3084 εύαγοῦς
3083 3018 3256 3084 οῐκου,
3293 3017 3326 3089 ἢ
3369 3017 3618 3072 δουλείαν
3651 3019 3832 3090 ἐκκλη-

533 3125 658 3163 cum
693 3109 984 3178 suscipiat,
1018 3118 1112 3163 aut
1143 3108 1380 3163 clericus
1412 3107 1527 3172 ﬁat,
1580 3117 1678 3162 aut
1709 3108 1764 3162 in
1794 3107 1988 3163 cellam
2023 3120 2135 3160 mo-

2257 3107 2570 3180 σιαστικὴν,
2611 3108 2645 3179 ἢ
2689 3107 2951 3180 κληρικδς
2991 3111 3299 3181 γινόμενος,
3351 3112 3384 3184 ἢ
3420 3113 3477 3166 ἐν
3524 3113 3832 3183 κελλιωτικῇ

538 3197 807 3253 nastieam
847 3197 1176 3251 admittatur
1201 3235 1215 3262 ,
1259 3195 1587 3268 [equidem]
1633 3197 1868 3268 ignoro;
1917 3211 1983 3250 ac
2015 3209 2144 3265 pro-

538 3299 729 3358 pterea
762 3287 919 3344 [lexis
950 3289 1185 3358 genibus
1215 3289 1385 3344 Deum
1438 3305 1539 3344 oro
1575 3299 1634 3344 ut
1686 3305 1785 3346 nos
1832 3289 1902 3345 ab
1949 3288 2143 3344 istius-

539 3386 688 3441 modi
727 3381 897 3441 minis
930 3385 1166 3440 liberare
1197 3385 1329 3440 velit
1360 3383 1658 3457 [clamans]
1693 3402 1706 3439 :
1744 3383 1805 3439 Si
1836 3383 2146 3455 iniquitates

543 3477 930 3545 observaveris,
954 3476 1195 3544 Domine,
1216 3478 1332 3547 quis
1358 3478 1636 3532 sustinebit
1660 3478 1718 3531 ‘?

611 3568 767 3628 CAP.
795 3568 968 3625 XXV.
997 3598 1069 3610 —-
1105 3569 1190 3625 Ne
1221 3570 1588 3626 ordinationes
1620 3573 1899 3626 iterantur.

617 3751 1011 3825 Apostolorum
1045 3767 1225 3810 canon
1265 3753 1336 3810 63
1371 3771 1385 3822 ;
1429 3755 1654 3811 concilii
1686 3754 2148 3828 Carthaginiensis

547 3856 724 3899 canon
752 3841 843 3897 53.

625 3935 782 3992 CAP.
812 3933 1008 3989 XXVI.
1034 3967 1104 3978 —
1144 3935 1224 3990 Ne
1253 3937 1531 4009 episcopus
1568 3948 1661 3992 aut
1689 3938 1914 3996 clericus
1947 3956 2012 3995 ea:
2043 3958 2149 3996 una

549 4029 768 4084 civitate
795 4027 849 4081 in
891 4027 1060 4082 aliam
1091 4037 1353 4085 transeat.

621 4121 1082 4178 Conciliil‘iicaani
1111 4139 1292 4179 canon
1328 4124 1416 4190 15,
1452 4123 1550 4192 16;
1579 4126 2149 4184 conciliiAntioeheni

552 4231 730 4272 canon
759 4214 825 4269 21
851 4232 867 4283 ;
909 4215 1614 4276 conciliiChalcedonensis
1641 4235 1817 4275 canon
1845 4220 1897 4289 5,
1925 4221 2012 4287 12,
2046 4221 2153 4288 20;

554 4311 775 4367 concilii
813 4310 1164 4368 Sardicensis
1185 4327 1363 4367 canon
1391 4313 1646 4381 1,2,15;
1678 4315 1902 4370 concilii
1925 4315 2157 4371 Cartha-

555 4403 799 4471 giuensis
812 4418 990 4459 canon
1015 4403 1108 4468 54,
1123 4403 1195 4459 90
1217 4422 1230 4472 ;
1252 4406 1471 4460 concilii
1487 4408 1625 4461 sexti
1649 4423 1828 4462 canon
1846 4407 1933 4475 17,
1961 4407 2149 4472 18,20.

632 4497 847 4552 Textus.
887 4496 1032 4570 Lege
1084 4498 1280 4554 Const.
1320 4499 1354 4555 9
1382 4508 1437 4555 et
1484 4499 1572 4567 10,
1606 4502 1689 4556 tit.
1728 4501 1753 4554 1
1806 4501 2159 4557 Novellarum

556 4601 691 4656 ete.,
725 4607 888 4662 usque
915 4591 984 4644 ad
1006 4591 1194 4648 clerici
1233 4594 1661 4663 transferantur,
1680 4607 1807 4662 etc.,
1837 4606 1896 4652 ut
1925 4613 1978 4668 p.
2000 4598 2128 4653 517.

635 4683 1143 4741 Scholium.Const.
1173 4686 1230 4751 9,
1268 4689 1349 4742 tit.
1384 4686 1805 4753 lNovellarum,
1839 4699 1923 4746 est
1952 4691 2164 4745 novella

565 4774 862 4830 Justiniani
889 4775 944 4842 3,
985 4781 1384 4852 propositaque
1415 4790 1502 4837 est
1541 4784 1594 4836 in
1646 4781 1742 4836 lib.
1774 4781 1944 4839 Basil.
1985 4785 2040 4851 5,
2078 4785 2160 4838 tit.

567 4872 760 4938 2,cap.
789 4871 840 4935 1,
867 4884 987 4938 quae
1010 4871 1099 4925 ubi
1130 4874 1502 4938 enumeravit,
1530 4883 1667 4946 quot
1686 4876 1871 4931 clerici
1891 4877 1946 4931 in
1970 4876 2164 4948 Magna

569 4959 805 5015 ecclesia
860 4961 1097 5033 aliisque
1151 4965 1327 5020 sacris
1375 4965 1588 5022 aedibus
1637 4983 1760 5023 esse
1801 4968 2058 5035 debeant,
2112 4978 2170 5024 et.

569 5051 954 5108 transitionem
990 5054 1321 5111 clericorum
1367 5072 1433 5112 ex
1469 5074 1577 5114 una
1624 5059 1858 5115 ecclesia
1909 5062 1960 5114 in
2003 5062 2167 5115 aliam

571 5143 893 5216 prohibuit:
920 5145 973 5199 in
1000 5149 1116 5202 haec
1145 5148 1313 5204 verba
1340 5148 1585 5221 loquitur
1619 5170 1633 5207 :
1662 5149 1798 5207 Nam
1831 5154 1874 5210 si
1912 5154 1964 5208 in
1995 5155 2167 5212 sacris

573 5235 925 5292 monasteriis
957 5237 1342 5308 prohibemus,
1386 5255 1454 5296 ne
1487 5242 1613 5314 quis
1641 5242 1709 5298 de
1741 5260 1852 5300 uno
1897 5246 1966 5302 ad
2019 5246 2169 5302 aliud

570 5336 857 5413 transeat:
893 5331 1067 5386 multo
1100 5333 1284 5389 minus
1327 5333 1382 5389 id
1425 5337 1907 5396 reverendissimis
1949 5339 2168 5397 clericis

569 5420 974 5491 permittemus,
1007 5423 1111 5478 rati
1146 5423 1466 5495 hujusmodi
1515 5429 1873 5500 cupiditatem
1924 5432 2166 5503 speciem

569 5529 680 5583 pra:
705 5529 764 5570 se
791 5515 936 5572 ferre
966 5527 1215 5587 quaestus
1257 5530 1311 5576 et
1334 5523 1775 5580 nundinationis.
1812 5525 2088 5582 Caeterum
2121 5528 2166 5584 si

569 5609 790 5676 quando
841 5619 896 5664 et
955 5610 1063 5666 hoc
1116 5613 1465 5673 transitionis
1513 5633 1686 5688 genus
1719 5619 1802 5674 vel
1842 5620 2165 5680 beatitudini

644 5769 661 5796 ¹
697 5768 838 5824 Psal.
869 5784 1058 5839 cxxrx,
1090 5771 1142 5826 5.

2188 4455 2242 4514 D

2259 3203 2396 3273 μονῇ
2433 3203 2909 3274 καταταττόμενος
2962 3203 3134 3268 eam,
3168 3205 3369 3274 ἀγνοῶ.
3412 3207 3523 3260 Καὶ
3558 3207 3647 3262 διὰ
3695 3206 3837 3260 τοῦτο

2254 3295 2542 3363 γονυπ-ετῶ
2589 3295 2726 3364 πρὸς
2767 3296 2900 3349 Θεὸν
2935 3297 3144 3360 πάντας
3187 3299 3336 3368 ἡμᾶς
3366 3299 3431 3351 ἐκ
3463 3297 3567 3368 τῆς
3599 3297 3836 3367 τοιαύτης

2258 3388 2525 3458 ῥυσθῆναι
2558 3386 2816 3458 ἀπειλῆς,
2856 3387 2999 3442 Ἐὰν
3024 3388 3134 3460 γὰρ
3165 3389 3420 3460 ἀνομίας
3453 3389 3836 3460 παρατηρήσει

2259 3481 2496 3550 Κύριος,
2525 3482 2619 3548 τίς
2644 3479 3065 3547 ὑποστήσεται
3088 3497 3108 3546 ;

2332 3572 2585 3625 ΚΕΦΔΛ.
2619 3571 2749 3626 ΚΕ’.
2776 3600 2843 3610 -
2875 3572 3015 3640 Περὶ
3055 3570 3165 3628 τοῦ
3190 3572 3278 3643 μὴ
3313 3573 3589 3642 γίνεσθαι
3621 3575 3841 3642 ἀναχεί-

2252 3665 2637 3735 ροτονήσεις.

2346 3760 2688 3814 Ἀποστόλων
2720 3758 2902 3815 κανὼν
2936 3757 3016 3830 ξη’
3040 3775 3052 3788 ⁵
3091 3759 3313 3814 συνόδου
3357 3759 3719 3832 Καρθαγένης
3750 3777 3838 3813 κα-

2260 3852 2366 3907 νὼν
2405 3851 2494 3924 μη¹
2505 3896 2517 3908 .

2332 3947 2588 4004 ΚΕΦΑΛ.
2629 3948 2868 4015 Kq'.—
2890 3947 3033 4017 Περὶ
3068 3949 3175 4004 τοῦ
3199 3947 3286 4019 μὴ
3313 3951 3584 4019 μετιέναι
3615 3961 3842 4003 eumna-

2263 4056 2382 4097 πον
2405 4041 2442 4111 ἢ
2467 4045 2764 4112 κληρικὲν
2792 4043 2914 4097 ἀπὸ
2949 4044 3185 4110 πόλεως
3218 4045 3306 4110 είς
3336 4044 3541 4097 πόλιν.

2338 4136 2567 4190 Συνόδου
2619 4134 2858 4200 Νικαίας
2889 4133 3073 4190 κανὼν
3111 4133 3195 4200 ιε’,
3234 4134 3344 4202 ις·”
3397 4135 3619 4188 συνόδου
3659 4135 3842 4186 Ἀντιοο

2267 4226 2421 4298 χείας
2450 4224 2635 4280 κανὼν
2668 4223 2783 4279 κα’·
2818 4227 3042 4280 συνόδου
3081 4226 3425 4298 Χαλκηδόνος
3461 4225 3646 4280 κανὼν
3671 4223 3730 4288 ε’,
3767 4223 3843 4294 ιβ’,

2270 4317 2316 4372 κ’
2338 4336 2352 4349 ”
2390 4319 2610 4374 συνόδου
2642 4318 2917 4389 Σαρδικῆς
2945 4318 3125 4374 κανὼν
3151 4316 3222 4385 α’,
3249 4317 3313 4390 β’,
3337 4316 3397 4373 ιε’
3419 4335 3433 4349 °
3466 4317 3689 4371 συνόδου
3714 4317 3845 4384 Καρ·

2271 4410 2539 4482 θαγέννης
2555 4409 2832 4476 κανὼννδ’,
2850 4408 2920 4478 ιζ·
2949 4409 3264 4482 συνόδουξςζ
3285 4410 3468 4465 κανὼν
3487 4407 3573 4474 ιζ’,
3599 4407 3668 4479 ιη’
3685 4406 3772 4462 καὶ
3787 4403 3845 4458 κ’.

2344 4503 2658 4573 Κεὶμενον.
2707 4502 2772 4556 Ἢ
2825 4502 2870 4556 0'
2905 4504 3000 4557 καὶ
3037 4501 3068 4557 ι’
3105 4503 3350 4568 διάταξις
3389 4503 3483 4557 τοῦ
3522 4500 3571 4558 α’
3599 4502 3704 4556 τίτ.
3753 4497 3848 4552 τῶν

2265 4594 2518 4666 Νεαρῶν,
2551 4594 2759 4661 κ.τ.λ.,
2780 4610 2955 4665 usque
2975 4597 3042 4650 ad
3072 4595 3470 4665 μετατίθενται.

2341 4689 2622 4758 Σχόλιον.
2673 4689 2739 4742 Ἠ
2779 4687 2822 4743 0'
2863 4689 3006 4744 διάτ.
3057 4689 3154 4743 τοῦ
3221 4688 3269 4744 α’
3317 4690 3423 4744 τίτ.
3474 4689 3582 4744 τῶν
3640 4684 3852 4760 Νεαρῶν

2269 4785 2387 4836 ἐστι
2441 4784 2612 4855 νεαρᾶ
2639 4783 3072 4848 Ἰουστινιάνειος
3108 4791 3176 4853 γ’,
3211 4786 3304 4838 καὶ
3346 4783 3506 4855 ὲτέοη
3557 4783 3640 4848 είς
3665 4778 3850 4854 βιϐλίον

2270 4878 2380 4929 τῶν
2415 4875 2723 4931 Βασιλικῶν
2748 4875 2820 4946 γ’,
2856 4878 2962 4932 τίτ.
2988 4875 3054 4949 β’,
3088 4895 3215 4948 κεφ.
3259 4875 3332 4944 α’,
3355 4877 3480 4948 ἥτις
3515 4875 3654 4947 μετὰ
3675 4873 3732 4927 τὸ
3761 4873 3854 4926 ἁπ-

2273 4969 2584 5041 αριθμῆσαι
2628 4970 2758 5034 τοὺς
2797 4970 3116 5040 ὀφείλοντας
3160 4965 3301 5023 εἶναι
3346 4969 3642 5040 κληρικοὺς
3679 4965 3756 5028 εἷς
3802 4977 3853 5012 τε

2272 5066 2373 5135 τὴν
2439 5065 2702 5136 Μεγάλην
2756 5063 3078 5136 ἐκκλησίαν,
3145 5064 3239 5117 καὶ
3283 5065 3364 5127 είς
3414 5062 3593 5124 θείους
3649 5058 3854 5128 ἑτέρους

2274 5157 2461 5224 ναοὺς,
2513 5158 2608 5212 καὶ
2659 5155 2906 5210 κωλύσαι
2959 5156 3059 5228 τὴν
3107 5155 3167 5223 ἐξ
3217 5156 3413 5227 ἐτέρας
3454 5151 3751 5224 ἐκκλησίας
3786 5146 3855 5208 εἰς

2280 5251 2476 5322 ἑτέραν
2517 5250 2820 5323 μετάϐασιν
2867 5250 2974 5304 τῶν
3009 5249 3333 5320 κληρικῶν,
3380 5248 3516 5320 φησὶ
3565 5246 3665 5301 καὶ
3697 5240 3855 5298 ταῦτα

2278 5343 2479 5416 ῥητῶς
2509 5346 2557 5396 εἰ
2584 5346 2694 5416 γὰρ
2723 5343 2817 5397 ἐπὶ
2846 5344 2956 5397 τῶν
2989 5343 3204 5412 εύαγῶν
3243 5340 3626 5414 μοναστηρίων
3666 5333 3856 5392 κωλύοι

2281 5453 2382 5507 μεν
2410 5435 2470 5502 ἐξ
2493 5437 2684 5508 ἐτέρου
2711 5436 3080 5508 μοναστηρίου
3114 5436 3252 5508 πρὸς
3278 5437 3468 5508 ἓτερον
3500 5430 3852 5505 μεταϐαίνειν,

2279 5529 2461 5601 πολλῷ
2518 5529 2720 5600 μᾶλλον
2776 5530 2899 5584 οὐδὲ
2958 5532 3072 5594 τοῖς
3115 5527 3535 5589 εύλαϐεστάτοις
3582 5520 3851 5596 κληρικοῖς

2279 5621 2439 5676 τοῦτο
2465 5625 2746 5695 ὲφήσομεν
2781 5623 3006 5695 κέρδους
3057 5639 3115 5676 τε
3154 5623 3248 5678 καὶ
3288 5623 3557 5693 ἐμπορίας
3599 5610 3855 5675 ἀπόδειξιν
