4146 6446
402 474 539 540 10.)!)

1230 476 1718 538 NOMOCANON.
1763 503 1833 512 -
1861 477 2009 538 TlT.
2053 478 2102 550 Ι,
2144 478 2304 537 CAP.
2343 477 2808 538 XXV-XXVIII.

3581 482 3734 543 1010=

409 593 555 664 ἔχειν
594 593 694 664 τὴν
725 589 982 663 τοιαύτην
1016 591 1316 663 ἐπιθυμίαν
1354 594 1670 664 ἡγούμενοι.
1709 593 1774 647 Εἰ
1817 592 1875 647 δὲ
1911 592 2004 646 καί
2037 615 2051 654 Α

2140 609 2240 656 ιιιε,
2277 592 2361 647 vel
2390 608 2489 662 pro
2518 603 2766 664 tempore
2798 591 3074 662 maiestati
3109 591 3475 662 imperatoria:
3518 597 3716 666 proba-

407 702 541 739 ποτε
572 684 833 755 τοιαύτην
863 685 1197 755 μετάστασιν
1219 686 1254 756 ἡ
1277 685 1344 756 σὴ
1372 686 1712 756 μακαριότης
1741 686 1774 757 ἦ
1805 687 1839 754 ἡ
1863 685 2007 739 κατά

408 775 600 846 καιρὸν
656 774 906 844 βασιλεία
958 774 1216 843 γενέσθαι
1259 775 1446 848 συνίδῃ
1492 776 1568 847 μὴ
1630 775 1806 839 ἄλλως
1843 774 2008 829 τοῦτο

408 866 793 939 πράττεσθαι,
853 867 981 938 πρὶν
1052 867 1119 921 ἂν
1196 867 1277 933 είς
1342 867 1436 922 τὸν
1512 867 1806 938 εἰρημένον
1872 869 2008 938 ἡμῖν

408 956 646 1030 ἀριθμὸν
697 956 1019 1028 περισταίη,
1061 955 1204 1010 ὥστε
1236 955 1338 1028 τὴν
1389 956 1485 1010 τοῦ
1519 956 1802 1021 λείποντος
1851 955 2009 1020 τάξιν

406 1050 677 1120 γίνεσθαι.
709 1049 851 1104 Ἀλλ’
889 1050 986 1121 οὐχ
1013 1050 1153 1122 ὑπὲρ
1187 1050 1280 1105 τὸν
1303 1050 1541 1123 ἀριθμόν
1571 1068 1692 1104 τινα
1728 1049 2010 1112 παντελῶς

407 1142 762 1214 ἐμϐαίνοντα·
787 1144 949 1198 τοῦτο
983 1141 1093 1214 γὰρ
1123 1142 1184 1208 ἐξ
1208 1143 1470 1214 οὐδεμιᾶς
1499 1143 1772 1214 μηχανῆς,
1795 1141 1918 1196 ούδέ
1947 1140 2011 1194 ἔκ

407 1253 555 1299 τινος
588 1236 792 1305 τρόπου
823 1235 1075 1304 γίνεσθαι
1128 1235 1546 1308 συγχωροῦμεν.
1591 1237 1653 1290 Ἦ
1681 1235 1738 1289 δὲ
1788 1243 1818 1289 ι’
1864 1233 2008 1289 διάτ.

407 1323 503 1378 τοῦ
524 1323 573 1379 α’
591 1324 696 1378 τίτ.
724 1323 836 1378 τῶν
853 1325 1104 1398 Νεαρῶν,
1124 1324 1238 1378 ἐστι
1265 1327 1436 1397 νεαρά
1453 1326 1884 1388 Ίουστινιάνειος
1908 1323 2010 1391 ις’,

351 1451 366 1454 --
409 1418 506 1472 καὶ
527 1417 687 1487 ἐτέθη
713 1419 770 1470 ἐν
795 1417 986 1488 βιόλίῳ
1010 1416 1056 1487 γ’
1082 1418 1192 1471 τῶν
1211 1417 1542 1484 Βασιλικῶν,
1565 1418 1672 1472 τίτ.
1693 1417 1764 1486 γ’,
1791 1435 1918 1488 κεφ.
1941 1415 2012 1482 α’,

407 1512 438 1566 ὃ
461 1511 554 1565 καὶ
576 1510 876 1579 ἀνάγνωθι,
897 1511 1150 1566 διδάσκον
1174 1512 1241 1564 τά
1273 1512 1414 1565 αύτά
1449 1512 1638 1582 σχεδὸν
1668 1513 1762 1566 καὶ
1789 1512 1849 1565 τὸ
1887 1513 2015 1574 τοὺς

411 1603 701 1666 λείποντας
747 1603 1066 1676 κληρικοὺς,
1095 1605 1204 1657 ἀπὸ
1252 1605 1363 1660 τῶν
1408 1605 1685 1676 περισσῶν
1713 1605 2016 1659 δουλευτῶν

2110 683 2260 738 hitur
2292 701 2306 738 :
2342 697 2410 738 ne
2445 683 2604 739 aliter
2631 683 2685 738 id
2719 683 2833 746 ﬁat,
2881 683 2986 738 nisi
3013 684 3168 754 prius
3201 683 3313 756 [res
3337 685 3478 757 ipsa]
3511 686 3578 740 ad
3612 703 3716 739 nu-

2114 789 2330 830 merum
2370 789 2535 845 quem
2573 774 2954 846 praediximus.
2991 775 3294 847 redigatur,
3321 785 3380 831 ut
3407 792 3471 830 ea
3505 777 3714 831 transi-

2112 869 2188 924 tio
2223 869 2278 924 in
2310 865 2615 925 deﬁcientis
2645 869 2826 925 locum
2881 869 2974 924 fiat
3004 909 3019 934 ,
3062 885 3245 940 neque
3289 884 3718 940 supernumera-

2113 961 2233 1018 rius
2258 961 2486 1018 omnino
2517 963 2722 1034 aliquis
2753 963 2982 1034 irrepat.
3024 961 3184 1018 Nulla
3218 964 3366 1018 enim
3407 962 3460 1017 id
3510 963 3718 1018 machi-

2113 1055 2362 1120 natione,
2395 1070 2573 1127 neque
2601 1056 2715 1110 ullo
2761 1057 2925 1111 modo
2953 1056 3071 1112 ﬁeri
3121 1056 3514 1126 permittimus.
3548 1055 3721 1111 Porro

2119 1148 2188 1202 10
2227 1159 2407 1204 const.
2443 1150 2470 1203 1
2509 1149 2592 1203 tit.
2635 1146 3008 1213 Novellarum,
3051 1159 3137 1204 est
3162 1147 3458 1204 Iustiniani
3503 1148 3719 1204 novelia

2122 1239 2210 1307 16,
2249 1242 2541 1313 positaque
2571 1253 2655 1298 est
2686 1243 2741 1297 in
2772 1243 2868 1297 lib.
2914 1243 3084 1298 Basil.
3133 1259 3233 1306 ιιι,
3282 1243 3367 1297 tit.
3410 1243 3475 1308 5,
3508 1257 3632 1312 cap.
3669 1241 3718 1305 1,

2118 1334 2268 1404 quod
2305 1334 2442 1404 lege,
2471 1335 2598 1406 quia
2633 1337 2823 1389 eadem
2849 1333 3063 1400 ferme;
3093 1344 3229 1390 etut
3260 1333 3397 1406 [quo
3429 1333 3573 1406 loco]
3607 1333 3721 1388 cle-

2117 1425 2218 1479 rici
2264 1423 2504 1488 desunt,
2570 1440 2636 1480 ex
2690 1425 2982 1495 super-nnis
3023 1425 3349 1480 ministeriis
3403 1420 3718 1496 [defectus]

2119 1515 2442 1585 suppleatur
2467 1514 2646 1570 docet.
2671 1513 2809 1570 Nota
2846 1531 2998 1576 vero,
3035 1516 3182 1586 quod
3231 1531 3261 1570 a
3307 1516 3562 1586 prmsenti
3622 1529 3723 1568 no-

2117 1606 2264 1663 vella
2315 1605 2800 1680 [archiepiscopo]
2847 1607 3463 1679 Constantinopolitano
3499 1622 3566 1662 ex
3601 1605 3725 1659 aliis

413 1696 682 1765 γίνεσθαι.
719 1697 1036 1767 Σημείωσαι
1064 1697 1148 1750 ὅτι
1186 1697 1294 1751 ἀπὸ
1337 1697 1440 1767 τῆς
1489 1697 1775 1770 παρούσης
1815 1700 2016 1769 νεαρᾶς

409 1785 634 1857 ἐνεδόθη
665 1785 742 1856 τῷ
774 1785 1404 1851 Κωνσταντινουπόλεως
1443 1786 1760 1860 πατριάρχῃ
1785 1788 1881 1842 καὶ
1921 1791 2018 1843 καὶ

2140 1803 2213 1847 tut
2243 1793 2410 1846 etiam
2438 1793 2727 1864 episcopos
2753 1791 2968 1847 cilicere
2989 1792 3334 1847 conceditur.
3372 1791 3528 1857 Quod
3558 1793 3724 1847 etiam

419 1877 569 1949 μόνῳ
604 1878 798 1949 ἑτέρας
837 1879 1054 1952 ἐνορίας
1083 1879 1180 1932 καὶ
1209 1879 1336 1949 δίχα
1363 1878 1595 1951 γνώμης
1634 1879 1729 1933 τοῦ
1779 1881 2007 1934 ἐπισκό-

2140 1898 2152 1937 I
2191 1897 2404 1938 canone
2435 1883 2764 1938 conceditur
2785 1883 3049 1953 episcopo
3075 1881 3520 1953 Carthaginensi.

412 1991 518 2028 που
545 1974 744 2030 αὐτῶν.
785 1974 1219 2046 Ἔχειδέτοῦτο
1260 1975 1558 2046 προνόμιον
1589 1976 1686 2030 καὶ
1727 1979 1755 2030 ὁ
1815 1977 2208 2050 Καρθαγέννης
2236 1979 2540 2043 ἐπίσκοπος
2601 1979 2697 2032 καὶ
2749 1979 2900 2049 ζήτει
2959 1977 3069 2032 ἀπὸ
3124 1979 3326 2048 ἐτέρων
3383 1976 3730 2047 Ἐκκλησιῶν

408 2070 658 2141 δέχεσθαι
725 2071 1044 2143 κληρικοὺς,
1094 2071 1190 2126 καὶ
1241 2070 1319 2143 τῷ
1369 2071 1483 2144 ἰδίῳ
1555 2073 1744 2145 κλήρῳ
1781 2075 2200 2144 ἐγκαταλέγειν,
2267 2075 2300 2147 ἦ
2349 2076 2447 2129 καὶ
2498 2074 2837 2138 ἐπισκόπους
2924 2075 3121 2128 ποιεῖν.
3159 2071 3334 2127 Τοῦτο
3370 2072 3428 2127 δέ
3502 2071 3725 2141 ἐνεδόθη

412 2162 507 2214 καὶ
535 2163 613 2234 τῷ
662 2164 950 2232 ἐπισκόπῳ
996 2165 1370 2236 Καρχηδόνος.
1431 2165 1734 2235 Ἀνάγνωθι
1775 2168 2008 2238 καὶτῆς
2044 2170 2104 2222 ἐν
2172 2167 2535 2240 Καρθαγὲννῃ
2606 2166 2826 2221 συνόδου
2851 2166 3053 2220 κανόνα
3088 2163 3183 2228 νε’,
3237 2164 3336 2218 καὶ
3387 2163 3489 2234 τῆς
3541 2165 3730 2218 οἰκου-

417 2257 644 2327 μενικῆς
675 2255 719 2322 ζ’
761 2257 984 2311 συνόδου
1011 2258 1217 2313 κανόνα
1246 2257 1298 2325 ι’,
1333 2258 1428 2313 καὶ
1449 2259 1519 2313 τά
1549 2262 1607 2314 ἐν
1647 2261 1831 2324 αὐτοῖς
1869 2261 2175 2330 γραφέντα,
2237 2263 2358 2315 τότε
2384 2259 2442 2314 δὲ
2504 2259 2763 2329 λέγεσθαι
2827 2257 3090 2314 δύνασθαι
3154 2257 3246 2310 τὸν
3274 2259 3730 2310 Κωνσταντινου-

415 2348 627 2412 πόλεως
681 2349 777 2403 καὶ
811 2349 904 2404 τὸν
952 2350 1303 2422 Καρχηδόνος
1335 2352 1443 2406 ἀπὸ
1470 2351 1674 2424 ἐτέρων
1704 2353 1932 2425 ἐνοριῶν
1997 2354 2298 2426 κληρικοὺς
2340 2354 2756 2426 σφετερίζεσθαι
2797 2353 2948 2425 παρά
2977 2351 3204 2422 γνώμην
3261 2348 3370 2403 τῶν
3414 2366 3731 2420 χειροτονη-

417 2441 632 2497 σάντων
663 2442 860 2508 αύτοὺς
895 2445 985 2498 ὅτε
1035 2445 1095 2496 ἐν
1125 2441 1306 2514 ἐνδείᾳ
1357 2444 1466 2496 εἰσὶ
1541 2443 1832 2515 κληρικοῦ.
1875 2443 2055 2516 Ὅπερ
2093 2445 2234 2509 τέως
2279 2447 2360 2509 είς
2387 2443 2487 2516 τὴν
2538 2441 3174 2505 Κωνσταντινουπόλεως
3223 2439 3410 2511 χώραν
3476 2442 3577 2494 οὐκ
3615 2441 3730 2510 ἔχει

415 2532 506 2588 διὰ
541 2535 603 2587 τὸ
636 2534 844 2606 πλῆθος
871 2535 966 2589 τοῦ
999 2535 1204 2608 κλήρου
1227 2535 1419 2600 αὑτοῦ,
1456 2537 1637 2590 καὶτὸ
1674 2537 1894 2599 πάντως
1926 2537 2021 2591 ἐπὶ
2059 2540 2232 2592 πᾶσιν
2255 2537 2502 2602 ἀνενδεές
2563 2539 2659 2590 καὶ
2687 2538 2815 2592 ὅταν
2867 2536 2924 2591 δέ
2964 2535 3180 2605 ἀνάγκη
3250 2533 3464 2604 συνωθῇ
3505 2533 3734 2598 τούτους

421 2627 705 2700 ἀλλότριον
723 2629 913 2684 λαϐεῖν
944 2631 1207 2703 κληρικὸν
1231 2631 1406 2695 ἄλλως
1434 2632 1494 2684 οὐ
1519 2631 1842 2703 δυνήσονται
1865 2630 2027 2685 τοῦτο
2065 2632 2295 2701 ποιῆσαι
2331 2635 2380 2686 εἰ
2417 2632 2493 2704 μὴ
2524 2630 2754 2700 ἐλλιπής
2819 2632 2968 2683 ἐστιν
3007 2626 3240 2700 ἀριθμὸς
3299 2627 3409 2681 τῶν
3450 2626 3738 2696 κληρικῶν

2119 1700 2369 1756 ecclesiis
2402 1700 2634 1756 clericos
2662 1700 2966 1768 suscipere,
2988 1715 3200 1769 suoque
3225 1699 3372 1753 clero
3402 1713 3722 1764 accenserc,

425 2722 626 2779 αὐτῶν.
659 2723 850 2786 Ὅπως
883 2723 942 2776 δὲ
972 2725 1212 2796 σήμερον
1235 2723 1330 2778 τοῦ
1361 2722 1600 2795 ἀριθμοῦ
1634 2725 1747 2778 τῶν
1781 2723 2064 2798 κληρικῶν
2102 2728 2136 2797 ἡ
2167 2724 2450 2795 ἀθέτησις,
2476 2722 2778 2786 ἀκινδύνως
2807 2721 3041 2790 γίνεται,
3073 2721 3275 2788 ἀγνοῶ.

500 2816 750 2871 ΚΕΦΑΛ.
781 2819 908 2872 ΚΖ’.
942 2848 1014 2858 —
1048 2817 1187 2887 Περὶ
1214 2815 1615 2888 ὑποκειμένου
1650 2817 2024 2890 ἁμαρτήματι

2198 2817 2352 2873 CAP.
2382 2814 2596 2871 XXVII.
2623 2845 2692 2854 —
2724 2814 2800 2870 De
2819 2831 2908 2879 eo,
2941 2814 3031 2883 qui
3063 2814 3186 2866 dum
3215 2812 3474 2866 obnoxius
3513 2821 3734 2882 peccato

428 2907 533 2962 καὶ
565 2910 1120 2978 χειροτονηθέντος.

501 3002 730 3057 Συνόδου
761 3004 999 3067 Νικαίας
1029 3003 1214 3058 κανὼν
1245 3003 1312 3071 θ’,
1339 3002 1369 3058 ι’
1391 3021 1404 3036 ·
1449 3004 1669 3060 συνόδου
1719 3005 2025 3060 Νεοκαισα-

429 3095 582 3166 ρείας
637 3096 820 3152 κανὼν
848 3097 916 3164 θ’,
943 3095 972 3151 ι’
993 3114 1006 3127 °
1059 3096 1348 3151 Βασιλείου
1402 3095 1582 3151 κανὼν
1613 3099 1697 3164 κζ’
1717 3115 1732 3130 °
1761 3097 2025 3167 Θεοφίλου

423 3188 493 3242 ἐκ
520 3188 614 3242 τοῦ
645 3188 1058 3262 ὑπομνηστικοῦ
1084 3187 1266 3243 κανὼν
1293 3186 1357 3250 δ’,
1390 3186 1456 3251 ε’,
1486 3187 1558 3261 η’.

500 3282 759 3336 ΚΕΦΑΛ.
788 3281 924 3337 ΚΗ’.
952 3312 1026 3322 -—
1051 3283 1192 3350 Περὶ
1237 3279 1349 3348 τῆς
1393 3281 1639 3348 ἡλικίας
1683 3279 1804 3334 τῶν
1831 3297 2026 3350 χειρο-

425 3375 816 3446 τονουμένων
842 3375 1116 3445 άρῤἐνων
1144 3375 1249 3430 καὶ
1278 3375 1557 3446 θηλειῶν.

505 3467 732 3522 Συνόδου
749 3469 1146 3540 Καρθαγέννης
1180 3469 1360 3524 κανὼν
1380 3468 1478 3535 ις’·
1502 3467 1726 3522 συνόδου
1749 3465 1824 3535 ς’,
1845 3465 2029 3523 κανὼν

433 3559 528 3626 ια’,
563 3559 654 3614 te“
686 3561 908 3615 συνόδου
943 3562 1384 3634 Νεοκαισαρείας
1427 3561 1610 3617 κανὼν
1666 3558 1769 3615 ια’·
1807 3560 2028 3614 συνόδου

429 3653 779 3725 Χαλκηδόνος
803 3654 984 3709 κανὼν
1019 3653 1100 3708 ιε’.

507 3749 818 3819 Κείμενον.
861 3749 924 3802 Ἦ
957 3747 1001 3802 θ’
1035 3747 1280 3812 διάταξις
1322 3747 1418 3802 τοῦ
1443 3745 1490 3819 γ’
1542 3748 1648 3805 τίτ.
1681 3747 1775 3802 τοῦ
1826 3746 1875 3802 α’
1917 3747 2026 3819 βιὸ.

431 3842 530 3897 τοῦ
565 3843 794 3907 κώδικος
819 3843 882 3896 οὐ
931 3844 1229 3914 συγχωρεῖ,
1269 3859 1324 3898 κ.
1349 3860 1402 3898 τ.
1433 3843 1508 3909 λ.,
1546 3858 1723 3914 usque
1754 3841 1820 3896 ad
1862 3842 2033 3914 ὑπερ-

435 3937 734 4008 ϐεϐηκέναι
764 3936 833 3991 τὰ
856 3935 900 3990 λ’
931 3936 1050 4010 ἔτη.

509 4030 788 4099 Σχόλιον.
836 4031 902 4084 Ἥ
943 4029 987 4083 θ’
1034 4029 1176 4084 διάτ.
1243 4027 1339 4084 τοῦ
1385 4028 1434 4083 α’
1486 4029 1597 4100 βιϐ.
1660 4029 1753 4084 τοῦ
1801 4028 2034 4092 κώδικος

433 4125 538 4177 οὐκ
564 4125 728 4195 ἐτέθη
759 4126 838 4188 εἰς
876 4124 946 4177 τά
972 4123 1260 4187 Βασιλικὰ,
1319 4123 1442 4178 οὐδὲ
1488 4126 1520 4192 ἡ
1562 4121 1610 4177 α’
1652 4122 1898 4188 διάταξις
1936 4119 2032 4174 τοῦ

2139 2922 2296 2978 esset,
2339 2910 2618 2966 ordinatus
2655 2920 2756 2964 est.

2215 3001 2448 3058 Concilii
2466 2999 2672 3057 Νίσιεηί
2695 3014 2872 3055 canon
2892 2997 3068 3064 9,10;
3095 2997 3311 3054 concilii
3329 2995 3738 3051 Neocaesarien-

2141 3095 2222 3151 sis
2247 3109 2425 3149 canon
2452 3093 2522 3158 9;
2568 3093 2757 3148 Basilii
2801 3108 2981 3149 canon
3015 3090 3118 3159 27;
3152 3089 3441 3159 Theophili
3487 3106 3554 3144 ex
3583 3104 3734 3144 com-

2144 3185 2445 3242 monitorio
2475 3200 2654 3240 canon
2680 3184 2737 3251 4,
2767 3184 2820 3248 5,
2845 3186 2897 3238 8.

2213 3278 2367 3336 CAP.
2415 3276 2654 3334 XXVIII.
2693 3307 2764 3317 —-
2806 3275 2880 3330 De
2946 3285 3104 3331 aztate
3158 3274 3584 3329 ordinant/orum
3634 3275 3740 3327 sive

2145 3387 2317 3425 mares
2353 3371 2460 3426 sive
2490 3370 2700 3440 femina:
2727 3369 2854 3422 sint.

2220 3461 2450 3518 Concilii
2475 3457 2929 3530 Carthaginensis
2962 3472 3142 3513 canon
3190 3455 3297 3524 l6;
3335 3455 3554 3510 concilii
3601 3456 3743 3509 sexti

2144 3571 2322 3612 canon
2356 3555 2446 3617 M,
2480 3553 2581 3618 15;
2637 3551 2854 3607 concilii
2889 3548 3351 3606 Neocaesaricnsis
3395 3562 3572 3602 canon
3632 3549 3692 3601 11
3725 3564 3740 3612 ;

2144 3645 2368 3702 concilii
2405 3642 2873 3700 Chalcedonensis
2905 3656 3084 3696 canon
3114 3640 3203 3695 15.

2223 3742 2434 3794 Textus.
2497 3735 2640 3808 Lege
2687 3744 2868 3790 const.
2909 3733 2964 3799 9,
3014 3733 3098 3789 tit.
3152 3735 3206 3799 1,
3250 3734 3344 3788 lib.
3383 3733 3434 3787 1.
3468 3733 3590 3787 cod.
3621 3731 3742 3788 Non

2145 3830 2418 3896 concedit,
2472 3838 2602 3893 ctc.,
2656 3843 2817 3898 usque
2880 3827 2950 3880 ad
3013 3841 3224 3880 annum
3286 3825 3606 3880 excesserit.
3689 3835 3745 3878 ut

2145 3939 2269 3993 pag.
2299 3921 2430 3976 555.

2220 4011 2514 4068 Scholium.
2539 4011 2729 4066 Const.
2766 4009 2821 4074 9,
2857 4009 2941 4064 tit.
2978 4009 3030 4073 1,
3057 4009 3153 4062 lib.
3185 4023 3226 4074 t,
3255 4008 3380 4063 cod.
3419 4007 3601 4078 posita
3637 4023 3743 4062 non

2146 4117 2231 4162 est
2260 4106 2314 4159 in
2346 4104 2512 4159 Basil.
2543 4119 2722 4174 neque
2766 4117 2898 4157 vero
2929 4112 3106 4157 const.
3141 4103 3190 4166 1,
3226 4101 3308 4154 tit.
3339 4102 3360 4154 1
3392 4099 3748 4155 Novellarunt

437 4216 488 4272 α’
519 4217 620 4272 τίτ.
651 4217 762 4272 τῶν
809 4216 1039 4287 Νεαρῶν
1067 4214 1141 4282 ς’,
1167 4212 1303 4270 οὖσα
1330 4216 1503 4288 νεαρὰ
1517 4215 1945 4278 Ἰουστινάνειος,
1970 4211 2046 4276 ώς

2150 4214 2272 4270 qua:
2301 4197 2516 4253 novella
2545 4205 2697 4252 sexta
2721 4194 3019 4251 Iustiniani
3051 4203 3156 4259 est,
3192 4203 3250 4248 ut
3280 4193 3609 4262 explicatum
3638 4203 3743 4246 est.

436 4309 770 4381 διείληπται.
805 4310 871 4364 Ἢ
895 4307 939 4382 β’
964 4307 1211 4374 διάταξις
1248 4306 1343 4362 τοῦ
1374 4306 1419 4362 α’
1446 4307 1630 4362 τιτλου
1658 4307 1768 4360 τῶν
1803 4302 2034 4374 Νεαρῶν

437 4405 558 4457 ἐστι
585 4404 758 4476 νεαρά
792 4404 1225 4466 Ἰουστινιάνειος
1257 4401 1403 4474 ρκγ’,
1435 4404 1615 4457 κεῖται
1648 4402 1706 4455 δὲ
1753 4403 1810 4454 ἐν
1843 4399 2036 4471 βιϐλίῳ

437 4496 549 4551 τῶν
569 4496 877 4550 Βασιλικῶν
911 4495 982 4566 γ’,
1030 4495 1136 4551 τίτ.
1172 4503 1246 4561 α’,
1280 4513 1408 4566 κεφ.
1451 4494 1556 4562 κθ’,
1611 4493 1790 4564 ἐχοντι
1842 4489 2035 4553 οὕτως’

438 4587 802 4642 Διακόνισσαν
821 4588 878 4641 δέ
907 4590 964 4641 ἐν
995 4589 1126 4660 ἁγίᾳ
1150 4587 1451 4659 Ἐκκλησία
1481 4586 1556 4656 μὴ
1588 4581 2038 4656 χειροτονεῖσθαι,

438 4681 566 4751 ἥτις
624 4681 868 4734 ἐλάττων
926 4682 1076 4735 ἐστὶν
1133 4680 1400 4735 ἐνιαυτῶν
1433 4677 1506 4751 μ’,
1559 4678 1593 4748 ἢ
1649 4680 1729 4742 είς
1782 4676 2038 4746 δεύτερον

438 4766 576 4844 ἦλθε
606 4773 807 4842 γάμον.
836 4771 1136 4838 Ὡσαύτως,
1159 4773 1314 4843 φησι,
1336 4770 1430 4825 τοῦ
1456 4769 1621 4824 αὐτοῦ
1643 4769 1752 4822 τίτ.
1781 4785 1904 4837 κεφ.
1928 4765 2036 4838 κη’,

442 4863 612 4935 μέρος
638 4863 699 4916 ὃν
726 4863 828 4934 τῆς
865 4863 1037 4934 αὐτῆς
1077 4863 1301 4934 νεαρᾶς,
1325 4860 1522 4915 ταῦτα’
1561 4859 1946 4931 Πρεσϐύτερον
1978 4857 2037 4910 δὲ

440 4955 706 5010 ἐλάττονα
736 4953 845 5009 τῶν
885 4955 928 5009 λ’
991 4954 1257 5009 ἐνιαυτῶν
1287 4949 1567 5022 γενέσθαι,
1605 4950 1707 5004 οὐκ
1747 4949 2042 5020 ἐπιτρέπο-

445 5063 568 5116 μεν,
589 5046 707 5101 ἀλλ’
730 5047 852 5100 ούδέ
881 5046 1133 5102 διάκονον
1163 5045 1197 5118 ἦ
1233 5043 1586 5099 ύποδιάκονον
1607 5043 1808 5113 ἥττονα
1828 5039 1937 5093 τῶν
1964 5037 2041 5092 κε’

443 5144 732 5210 ἐνιαυτῶν,
775 5143 898 5198 οὔτε
928 5142 1286 5215 ἀναγνώστην
1339 5140 1599 5194 ἐλάττονα
1628 5137 1734 5191 τῶν
1761 5133 1828 5206 ιη’
1863 5136 2044 5188 ἐνιαυ-

443 5238 578 5293 τῶν.
607 5237 754 5310 Πλὴν
788 5237 1024 5306 γίνωσκε
1051 5239 1133 5291 ὅτι
1160 5238 1194 5308 ἡ
1221 5237 1319 5306 μὲν
1347 5233 1518 5305 νεαρά
1549 5230 1642 5285 τοῦ
1661 5225 2040 5284 Ἰουστινιανοῦ

443 5333 526 5394 εἰς
559 5331 762 5395 πλάτος
796 5330 1185 5404 εύρισκομένη,
1223 5327 1372 5397 λέγει
1408 5325 1655 5398 γίνεσθαι
1687 5321 2042 5392 ἀναγνώστην

443 5425 537 5476 τὸν
567 5423 696 5477 ὄντα
731 5425 943 5497 χρόνων
972 5429 1046 5495 η’,
1085 5423 1181 5478 καὶ
1207 5423 1507 5476 ἐπίσκοπον
1553 5419 1644 5473 τὸν
1677 5417 1807 5471 εντα
1833 5415 2044 5488 χρόνων

445 5515 540 5569 λε’.
571 5515 774 5581 Καθὼς
804 5515 964 5571 τοῦτό
1005 5533 1160 5587 φησι,
1191 5516 1286 5569 καὶ
1315 5515 1376 5569 τὸ
1410 5513 1586 5585 παρὸν
1630 5511 1856 5583 βιϐλίον,
1888 5511 1948 5564 ἐν
1988 5510 2045 5563 δὲ

448 5613 516 5682 τῇ
547 5611 927 5678 ἀνακαθάρσει
959 5613 986 5665 ὁ
1023 5611 1123 5682 μὲν
1162 5610 1360 5682 χρόνος
1397 5608 1492 5662 τοῦ
1522 5606 1852 5670 ἐπισκόπου,
1902 5621 2048 5676 παρ·

449 5705 676 5777 ἐλείφθη
704 5705 951 5772 τελείως,
979 5707 1007 5759 ὁ
1043 5705 1100 5759 δέ
1132 5706 1322 5776 χρόνος
1361 5702 1452 5757 τοῦ
1479 5699 1832 5770 ἀναγνώστου
1863 5697 2052 5751 ἐπλεό⁹

452 5815 638 5852 νασεν·
674 5801 796 5853 ἀντὶ
823 5799 932 5871 γὰρ
965 5798 1012 5870 η’
1060 5798 1288 5870 χρόνων,
1342 5795 1410 5868 ιη’
1451 5796 1661 5868 χρόνων
1723 5792 1863 5848 εἷναί
1914 5808 2047 5862 φησι

451 5892 545 5946 τὸν
574 5893 954 5966 ἀναγνώστην.
1005 5892 1273 5962 ὐφείλεις
1309 5890 1400 5946 ιῦν
1429 5889 1715 5962 προσέχειν
1749 5887 1910 5942 πλέον
1941 5886 2053 5948 τοῖς

2085 5563 2127 5618 D

2149 4294 2344 4349 Const.
2374 4300 2561 4346 autem
2592 4291 2650 4354 2,
2688 4289 2772 4344 tit.
2810 4286 3207 4342 INoveIIarum
3230 4296 3314 4340 εει
3337 4283 3547 4338 novella
3573 4281 3748 4338 Justi-

2150 4386 2300 4443 niani
2334 4385 2462 4450 125,
2497 4383 2841 4452 habeturque
2869 4380 2964 4435 lib.
2997 4378 3167 4435 Basil.
3194 4379 3248 4442 ὅ,
3286 4378 3366 4432 tit.
3409 4377 3461 4441 1,
3495 4391 3618 4446 cap.
3653 4375 3746 4438 2‘3,

2150 4479 2298 4551 quod
2325 4479 2405 4534 sic
2430 4477 2598 4534 habet
2627 4493 2642 4532 :
2680 4474 2999 4530 Diaeonissa
3027 4479 3211 4527 autem
3241 4472 3294 4525 in
3326 4479 3518 4524 sancta
3558 4469 3749 4523 Eccle-

2153 4571 2235 4629 sia
2266 4584 2377 4626 non
2433 4567 2741 4632 ordinator,
2790 4581 2914 4636 qua:
2959 4563 3142 4617 minor
3186 4560 3552 4632 quadraginta
3583 4561 3746 4613 annis

2155 4667 2249 4731 sit,
2307 4671 2405 4718 aut
2452 4661 2521 4716 ad
2572 4659 2847 4718 secundas
2889 4656 3138 4729 pervenit
3185 4655 3425 4726 nuptias.
3484 4652 3749 4708 Similiter

2154 4757 2402 4830 ejusdem
2437 4757 2522 4811 tit.
2557 4769 2681 4826 cap.
2715 4752 2806 4814 ‘28,
2857 4751 3004 4822 quod
3039 4749 3285 4821 ejusdem
3337 4745 3568 4802 novella:
3621 4761 3750 4815 pars

2154 4862 2261 4914 est,
2314 4850 2432 4906 haec
2460 4848 2632 4903 dicit:
2669 4844 3059 4915 Presbyterum
3095 4856 3228 4895 vero
3270 4840 3536 4894 minorem
3588 4837 3752 4891 annis

2159 4943 2382 5015 triginta
2410 4941 2526 4996 ﬁeri
2557 4955 2666 4997 non
2693 4937 3072 4995 concedimus.
3107 4932 3213 4989 Sed
3241 4948 3420 5003 neque
3453 4931 3748 4986 diaconum

2156 5047 2250 5092 aut
2282 5035 2684 5092 subdiaconum
2719 5031 2988 5086 minorem
3031 5026 3222 5098 viginti
3249 5027 3495 5097 quinque
3533 5041 3750 5094 :neqne

2156 5129 2286 5184 item
2329 5129 2590 5182 lectorem
2623 5123 2892 5178 minorem
2935 5120 3097 5176 annis
3141 5120 3331 5174 decem
3366 5126 3421 5171 et
3456 5127 3602 5171 octo.
3646 5118 3750 5170 \’e-
3788 5120 3795 5124 '

2158 5233 2474 5279 rumtamcn
2525 5217 2690 5284 scias,
2732 5215 2881 5288 quod
2916 5212 3230 5278 ,Justiuiaui
3278 5211 3518 5275 novella,
3575 5220 3634 5265 ut
3680 5211 3752 5265 ad

2156 5318 2381 5390 longum
2416 5313 2715 5372 invenitur,
2745 5310 3008 5365 lectorem
3039 5305 3154 5361 ﬁeri
3203 5305 3357 5370 dicit,
3395 5304 3490 5374 qui
3530 5313 3617 5358 est
3651 5319 3752 5356 an-

2159 5426 2354 5465 norum
2387 5416 2511 5462 octo
2541 5424 2554 5460 :
2588 5414 2642 5460 ct
2674 5403 3017 5476 episcopum,
3051 5399 3142 5471 qui
3197 5410 3284 5454 est
3335 5397 3559 5467 triginta
3589 5395 3753 5465 quin-

2159 5519 2266 5574 quc
2291 5520 2304 5557 :
2333 5497 2798 5572 quemadmodum
2825 5495 2930 5550 hoc
2959 5495 3124 5550 etiam
3166 5506 3408 5562 praesens
3436 5488 3748 5542 Iiberdieit.

2158 5596 2457 5651 Enimvero
2485 5595 2537 5648 in
2573 5589 2807 5664 [legum]
2833 5586 3221 5659 repurgatione
3258 5582 3496 5654 episcopi
3530 5588 3748 5650 tempus

2156 5687 2397 5760 perfecte
2461 5695 2543 5742 est
2593 5692 2881 5754 exceptum
2935 5679 2954 5752 [
2984 5694 3047 5736 ac
3076 5672 3448 5746 descriptum]
3479 5691 3491 5726 :
3528 5671 3752 5726 lectoris

2159 5791 2342 5838 autem
2380 5790 2618 5849 tempus,
2653 5773 3188 5847 snperabnmlanler.
3223 5769 3329 5823 I‘ro
3353 5777 3478 5822 octo
3517 5780 3754 5835 namque

2159 5875 2341 5944 annis,
2371 5873 2676 5931 octodecim
2706 5869 2887 5942 [habet
2929 5884 2992 5921 ac
3035 5864 3132 5934 tot]
3171 5877 3443 5918 annorum
3491 5860 3754 5915 lectorem
