4146 6428
565 455 692 521 1011

1734 459 2001 521 ΡΗΟΤΙΙ
2038 453 2549 519 ΡΑΤΚΙΑΗΕΗΕ
2579 462 2689 521 CP.

3739 460 3862 526 Idi?

564 546 811 640 ldebere]
841 584 963 626 esse
992 570 1145 627 dicit.
1173 571 1349 629 Debes
1372 572 1559 645 itaque
1593 574 1771 645 magis
1793 575 1987 631 audire
2038 589 2147 645 qua

2267 573 2680 643 γεγραμμένοις
2711 576 2767 625 ἐν
2801 574 2915 635 τοῖς
2944 571 3253 636 Βασιλικοτς
3280 570 3432 642 παρὰ
3462 571 3584 636 τοῖς
3625 588 3861 646 περιεχου

561 662 617 717 in
656 662 824 719 Basil.
857 665 1061 735 scripta
1087 674 1237 733 sunt,
1266 682 1429 737 quam
1458 683 1581 738 quin
1604 667 2158 739 comprehenduntur

562 754 618 808 in
647 755 805 811 libris
835 756 928 826 qui
966 766 1093 812 ante
1127 760 1572 830 repurgationem
1616 761 2004 819 auctoritatem
2051 760 2156 815 ob-

562 845 868 913 tinuerunt,
895 847 1089 922 [nunc]
1117 860 1297 906 autem
1333 852 1469 906 irriti
1504 864 1653 908 sunt.

633 939 796 992 Aliud
823 940 1319 996 sclzoliumﬁonst.
1353 942 1435 1005 l7,
1471 946 1555 999 tit.
1588 946 1638 1005 l.
1671 945 2046 1014 Novellarum,
2073 959 2159 1006 est

559 1031 778 1085 novella
809 1030 1108 1088 Justiniani
1151 1035 1274 1097 1'57,
1313 1051 1436 1103 qua:
1468 1038 1641 1105 posita
1671 1051 1753 1094 est
1784 1040 1836 1093 in
1863 1040 1958 1096 lib.
1986 1040 2153 1097 Basil.

558 1140 623 1187 ιι.
657 1125 743 1178 tit.
776 1125 829 1193 1,
860 1140 983 1196 cap.
1014 1128 1068 1189 8,
1103 1129 1246 1197 quod
1296 1127 1525 1202 [ipsum]
1557 1140 1722 1202 caput
1756 1148 2043 1202 aspersum
2073 1144 2159 1189 est

559 1216 653 1282 25,
690 1233 810 1286 cap.
847 1221 1143 1288 praesentis
1175 1221 1259 1275 tit.
1293 1222 1359 1276 ad
1391 1224 1537 1277 hunc
1584 1224 1804 1278 modum
1839 1226 2106 1297 incipiens
2141 1247 2153 1283 :

563 1308 879 1374 Sanciinns,
916 1324 977 1365 ut
1010 1314 1230 1382 quoties
1264 1332 1403 1385 opus
1432 1314 1598 1371 fuerit
1630 1318 1889 1373 ordinare
1941 1320 2158 1386 episco-

556 1416 710 1471 pum.
744 1402 820 1458 De
849 1419 916 1459 eo
951 1415 1132 1459 autem
1154 1449 1168 1471 ,
1218 1410 1313 1477 qui
1346 1410 1642 1478 episcopus
1672 1410 2014 1469 ordinandus
2051 1424 2153 1478 est,

556 1495 689 1549 illud
732 1508 899 1567 caput
935 1514 999 1553 ex
1054 1510 1208 1567 parte
1245 1502 1360 1557 hch
1406 1504 1613 1559 diserte
1660 1504 1793 1559 dicit
1828 1525 1840 1559 :
1876 1504 1979 1559 Sed
2008 1509 2153 1577 quod

554 1589 737 1645 sciant
784 1592 938 1662 ipsos
993 1605 1158 1649 rectae
1203 1606 1257 1649 et
1305 1596 1590 1652 catholicae
1624 1599 1782 1665 ﬁdei,
1816 1616 1879 1655 ac
1913 1602 2155 1657 hooestze

554 1682 683 1738 vitae
713 1700 855 1750 esse,
882 1696 937 1739 et
962 1702 1127 1756 supra
1156 1687 1498 1758 trigesimum
1535 1690 1712 1745 aetatis
1746 1707 1950 1746 annum
1980 1734 1994 1757 ,
2050 1694 2152 1749 hos

553 1781 838 1852 elegerint.
867 1783 1113 1851 Abrogat
1168 1786 1337 1856 igitur
1382 1788 1497 1842 haec
1529 1789 1763 1852 novella,
1790 1798 2053 1859 quantum
2082 1792 2149 1846 ad

554 1881 768 1928 aetatem
802 1875 1044 1945 episcopi
1086 1874 1329 1951 [attinet]
1358 1880 1624 1934 novellam
1659 1881 1782 1935 125.

624 1965 789 2019 Aliud
839 1966 1121 2025 scholium.
1174 1969 1255 2025 Ex
1308 1974 1565 2043 praesenti
1610 1973 1682 2029 28
1734 1990 1856 2045 cap.
1894 1990 1959 2031 ac
1992 1978 2045 2030 in
2086 1992 2153 2033 eo

558 2058 806 2128 scriptis,
836 2059 1077 2116 didicisti
1120 2072 1309 2119 aztates
1341 2066 1803 2122 ordinandorum.
1842 2067 1917 2123 De
1951 2069 2019 2125 iis
2047 2085 2148 2124 au-

559 2155 666 2202 tem
710 2149 806 2219 qui
852 2151 906 2205 in
940 2150 1254 2222 imperfecta
1304 2164 1465 2211 aetate
1514 2157 1690 2214 ollieia
1725 2170 1816 2213 aut
1858 2161 2152 2231 dignitates

558 2243 886 2313 suscipiunt,
905 2246 1202 2316 repositum
1223 2257 1308 2303 est
1325 2249 1378 2302 in
1402 2249 1633 2317 publicis
1654 2253 1885 2309 secretis
1909 2255 2150 2310 edictum

559 2351 653 2389 nn.
678 2337 1139 2394 AlexiiComneni
1172 2356 1391 2411 semper
1407 2342 1719 2399 celebrandi
1772 2346 2148 2416 imperatoris.

561 2424 669 2498 [Tn
705 2428 858 2501 vero]
902 2430 1033 2485 illud
1056 2431 1221 2485 etiam
1254 2447 1550 2504 cognosce.
1590 2433 1765 2491 [labet
1801 2436 2033 2511 [autem]
2076 2440 2151 2495 ita

557 2519 628 2574 ad
659 2521 881 2577 verbum
914 2541 926 2577 :
960 2522 1115 2579 Multi
1145 2524 1258 2591 ubi,
1298 2526 1370 2580 ob
1415 2526 1794 2584 denuntiatam
1836 2532 2153 2602 reipublicae

557 2612 797 2682 aliquam
830 2614 1153 2682 utilitatem,
1186 2628 1278 2671 aut
1318 2631 1415 2687 per
1463 2620 1844 2685 ambitionem,
1895 2625 2153 2694 qualem-

558 2720 778 2776 cunque
809 2706 1130 2777 dignitatem
1159 2712 1242 2765 vel
1266 2710 1499 2767 olIieium
1534 2722 1627 2768 aut
1656 2730 1872 2784 capere,
1907 2727 2150 2788 autper-

558 2808 796 2865 mutare,
834 2809 931 2855 aut
948 2803 1184 2857 vendere
1216 2805 1490 2873 petierunt
1514 2825 1525 2859 :
1546 2822 1610 2861 ea
1644 2809 1695 2861 in
1721 2824 1919 2877 parvos
1945 2828 2151 2881 pueros

558 2891 922 2947 transferunt.
979 2892 1057 2949 Ne
1088 2894 1252 2966 igitur
1291 2898 1393 2951 hoc
1427 2898 1550 2963 tiat,
1590 2915 1770 2969 neque
1801 2903 1938 2959 tales
1970 2906 2151 2974 impo-

556 2999 686 3038 nere
737 2982 971 3057 [nobis]
1012 2998 1108 3041 aut
1158 2988 1411 3059 decipere
1459 2992 1874 3062 conspiciantur
1910 3012 1924 3049 :
1958 2998 2153 3052 statuit

556 3075 910 3144 imperatoria
954 3093 1075 3133 mea
1112 3081 1376 3151 majestas
1405 3093 1462 3137 ut
1485 3086 1802 3157 quicunque
1823 3088 2146 3157 dignitatem

552 3168 639 3221 vel
668 3168 906 3223 olﬁcium
942 3170 1061 3224 sive
1100 3183 1322 3242 prepter
1354 3176 1851 3246 denuntiationem,
1874 3182 1988 3236 sive
2020 3200 2149 3253 pro-

551 3265 675 3326 pter
712 3258 1150 3314 benevolentiam
1196 3262 1459 3332 aliquam,
1486 3266 1601 3320 sive
1630 3282 1727 3337 per
1757 3275 2147 3330 commutatio-

552 3365 702 3415 nem,
750 3351 866 3406 sive
917 3357 972 3406 in
1030 3370 1229 3408 munus
1256 3364 1309 3408 et
1351 3374 1443 3425 per
1483 3358 1851 3430 largitionem,
1896 3376 1990 3420 aut
2018 3368 2150 3426 dum

550 3440 797 3494 animum
838 3450 1087 3497 nostrum
1116 3444 1483 3511 oblectamus,
1530 3449 1598 3502 ab
1648 3452 1999 3521 imperatoria
2031 3475 2149 3514 ma-

547 3533 747 3602 jestate
795 3535 1069 3604 acceperit
1104 3554 1115 3589 :
1148 3552 1216 3592 ne
1247 3536 1345 3610 [is]
1360 3542 1672 3611 quempiam
1701 3545 1793 3615 qui
1828 3548 2148 3621 bonoretur,

551 3625 744 3695 viginti
773 3627 933 3682 annis
970 3628 1243 3684 minorem
1306 3630 1385 3703 [in
1434 3633 1615 3690 locum
1653 3639 1842 3711 suum]
1872 3643 2144 3702 admittat.

550 3715 696 3782 Quin
755 3733 947 3774 omnes
991 3720 1312 3793 quicunque
1361 3740 1459 3795 per
1524 3729 1750 3784 easdem
1800 3747 1999 3791 causas
2051 3748 2148 3796 aut

551 3809 867 3879 dignitatem
898 3821 994 3867 aut
1019 3812 1255 3869 oilic-ium
1289 3818 1574 3890 accipiunt
1599 3862 1615 3886 ,
1674 3824 1913 3895 majores
1950 3830 2144 3902 viginti

550 3903 713 3957 annis
745 3912 929 3960 sunto.
949 3905 1182 3971 Quando
1206 3910 1714 3981 veroimperatoria
1739 3930 1860 3972 mea
1884 3921 2147 3991 majestas

552 4015 661 4054 non
697 4008 918 4069 propter
958 4001 1121 4056 talem
1163 4019 1412 4069 causam,
1450 4008 1544 4063 sed
1588 4010 1735 4065 nulla
1768 4029 1935 4071 causa
1975 4018 2147 4074 inter-

550 4095 802 4149 veniente
854 4095 1211 4154 honoraverit
1248 4102 1587 4172 quempiam,
1621 4116 1716 4159 aut
1752 4107 1931 4164 ollicio
1973 4112 2148 4169 dona-

550 4182 689 4237 verit
723 4202 736 4237 :
766 4187 982 4242 tametsi
1016 4188 1319 4245 honoratus
1344 4191 1533 4262 viginti
1556 4196 1716 4249 annis
1742 4197 1928 4253 minor
1958 4201 2143 4271 fuerit,

550 4275 688 4331 citra
706 4276 1104 4335 dubitationem
1130 4289 1310 4338 tamen
1331 4284 1406 4339 illi
1428 4284 1715 4361 [insignia]
1740 4293 2142 4350 insternuntor.

550 4367 872 4440 Reponatur
896 4372 1062 4442 igitur
1086 4391 1331 4445 praesens
1356 4378 1473 4433 haec
1509 4380 1706 4435 tabella
1740 4382 1884 4439 inter
1917 4387 2142 4444 chartas

549 4472 890 4518 secretorum
924 4476 1261 4536 nostrorum,
1304 4470 1371 4525 ad
1403 4473 1798 4529 ostendendam
1831 4476 2139 4548 imperandi

544 4555 1394 4630 guliernandiqueimperatoriae
1447 4582 1581 4620 mea:
1634 4570 1942 4637 majestatis
1971 4575 2142 4630 ratio-

2264 668 2449 737 μένοις
2478 666 2539 717 ἐν
2570 668 2682 729 τοῖς
2724 664 2951 735 βιϐλίοις
2976 667 3091 728 τοῖς
3126 663 3413 736 ἐνεργοῦσι
3444 665 3561 736 πρὸ
3596 665 3700 737 τῆς
3736 666 3859 720 dva-

2260 759 2582 830 καθάρσεως
2616 760 2709 814 καὶ
2752 756 3097 829 σχολάσασιν.

2322 952 2567 1021 Ἕτερον
2581 952 2863 1021 σκόλιον.
2880 951 2945 1004 Ἡ
2963 948 3028 1015 ιζ’
3048 950 3188 1005 διάτ.
3207 948 3300 1003 τοῦ
3325 947 3492 1005 α’τίτ.
3517 948 3636 1003 τῶν
3651 950 3867 1022 Neapth

2257 1047 2377 1099 ἐστι
2403 1045 2575 1117 νεαρὰ
2610 1046 3036 1107 Ἰουστινιάνειος
3062 1041 3193 1115 ρλξ,
3217 1044 3340 1114 ἥτις
3384 1043 3547 1114 ἐτέθη
3578 1046 3643 1098 ἐν
3691 1043 3868 1115 βιϐλίῳ

2256 1137 2366 1189 τῶν
2388 1136 2691 1190 Βασιλικῶν
2719 1133 2790 1204 γ’,
2824 1135 2929 1189 τίτ.
2958 1133 3007 1189 α’
3027 1175 3042 1200 ,
3088 1153 3213 1203 κεφ.
3246 1134 3296 1206 η’
3347 1176 3363 1199 ,
3407 1136 3549 1207 ὅπερ
3579 1134 3867 1202 κεφάλαιον

2261 1227 2618 1300 κατεστρώθη
2652 1230 2710 1281 ὲν
2739 1228 2818 1299 τῷ
2848 1225 2932 1294 κγ’
2965 1244 3091 1296 κεφ.
3136 1225 3228 1279 τοῦ
3272 1227 3543 1295 παρόντος
3573 1225 3714 1291 τίτ.,
3756 1227 3867 1296 ἔχον

2258 1321 2403 1374 κατὰ
2470 1320 2570 1384 τὰς
2616 1320 2791 1391 ἀρχάς
2828 1319 3035 1383 οὕτως·
3066 1318 3409 1389 Θεσπίζομεν
3470 1318 3674 1382 ὁσάκις
3720 1318 3865 1389 χρεία

2256 1419 2484 1486 γένηται
2550 1414 2997 1485 χειροτονηθῆναι
3048 1413 3381 1476 ἐπίσκοπον,
3441 1411 3625 1465 ταῦτα
3688 1411 3858 1481 ῥητῶς

2256 1511 2313 1563 ἐν
2363 1509 2541 1580 μέρει.
2583 1507 2723 1560 Ἀλλ’
2753 1506 2954 1567 εἰδότες
2980 1505 3178 1564 αὐτοὺς
3231 1505 3329 1573 τῆς
3366 1503 3537 1574 ὀρθῆς
3597 1503 3695 1556 καὶ
3741 1502 3865 1556 καθ-

2252 1600 2443 1670 ολικῆς
2478 1600 2735 1662 πίστεως,
2763 1599 2857 1651 καὶ
2897 1595 3098 1667 σεμνοῦ
3132 1595 3249 1666 βίου
3280 1595 3376 1649 καὶ
3401 1594 3547 1665 ὑπὲρ
3582 1594 3647 1647 τὸ
3678 1593 3723 1646 λ’
3749 1593 3861 1658 ἔτος

2253 1691 2397 1748 εἶναι
2421 1694 2649 1757 τούτους
2688 1692 3035 1758 ἐπελέξαντο.
3059 1691 3303 1762 Ἀναιρεῖ
3325 1691 3457 1759 γοῦν
3476 1692 3714 1764 τοιαύτη
3746 1697 3865 1758 νεαῖ

2254 1789 2323 1860 ρὰ
2369 1789 2493 1841 ὅσον
2560 1788 2641 1851 εἰς
2686 1786 2812 1849 τοὺς
2852 1784 3081 1855 χρόνους
3118 1784 3213 1838 τοῦ
3241 1784 3549 1839 ἐπισκόπου
3581 1786 3686 1857 τὴν
3756 1802 3852 1857 ρκγ

2264 1882 2490 1951 νεαράν.

2342 1976 2592 2044 “Ετερον
2626 1976 2906 2045 σκόλιον.
2938 1971 3254 2042 Σημείωσαι
3298 1972 3380 2025 ὅτι
3422 1971 3535 2025 ἀπὸ
3582 1970 3681 2025 τοῦ
3722 1988 3859 2042 παρ·

2270 2071 2423 2134 ὄντος
2448 2067 2535 2139 κη’
2564 2085 2691 2137 κεφ.
2728 2067 2823 2121 καὶ
2861 2054 2969 2120 τῶν
3000 2068 3059 2119 ὲν
3095 2064 3243 2134 αύτῷ
3285 2065 3638 2136 γραφέντων,
3672 2063 3861 2132 ἔμαθες

2268 2166 2396 2226 τοὺς
2424 2163 2649 2233 χρόνους
2678 2161 2787 2215 τῶν
2831 2159 3159 2229 ὀφειλόντων
3210 2156 3672 2228 χειροτονεῖσθαι·
3695 2157 3774 2210 ὅτι
3810 2156 3861 2207 δὲ

2271 2257 2433 2328 χάριν
2456 2254 2568 2309 τῶν
2598 2252 2988 2324 λαμϐανόντων
3018 2250 3251 2318 όφφίκια
3279 2250 3311 2320 ἢ
3348 2248 3648 2319 ἀξιώματα
3668 2246 3859 2302 ἀτελῶν

2269 2348 2649 2417 κατέστρωται
2676 2347 2756 2409 είς
2790 2346 2851 2397 τὸ
2882 2342 3217 2415 δημοσίακον
3251 2339 3509 2412 σέκρετον
3535 2342 3858 2411 πρόσταγμα

2267 2440 2364 2494 τοῦ
2396 2437 2644 2509 ἀοιδίμου
2690 2436 2959 2508 βασιλέως
3004 2434 3197 2505 κυρίου
3229 2434 3472 2499 Ἀλεξίου
3512 2432 3612 2487 τοῦ
3654 2434 3856 2501 Κομνη-

2267 2533 2382 2587 νοῦ.
2438 2532 2681 2584 Γίνωσκε
2726 2528 2819 2583 καὶ
2869 2526 3026 2581 τοῦτο
3060 2526 3184 2596 ἔχον
3232 2526 3375 2579 κατὰ
3424 2524 3587 2596 ῥῆμα
3620 2540 3636 2556 ·
3674 2521 3853 2575 Πολλοὶ

2269 2623 2767 2696 προσαγγείλαντες
2806 2620 3075 2688 ὠφέλειαν
3108 2618 3203 2671 τοῦ
3252 2615 3520 2688 δημοσίου
3571 2613 3696 2667 τινὰ
3724 2614 3753 2683 ἧ
3782 2613 3856 2666 αί-

2266 2718 2519 2788 τούμενοι
2569 2715 2712 2770 κατὰ
2769 2712 3082 2784 φιλοτιμίαν
3115 2711 3321 2776 λαϐεῖν,
3368 2711 3401 2781 ἢ
3443 2704 3848 2773 ἁνταλλάξαι,ἢ

2269 2810 2522 2880 πωλῆσαι
2558 2806 2779 2878 ἀξίωμα
2821 2803 3198 2876 οἱονδήποτεῆ
3232 2803 3508 2873 ὀφφίκιον,
3561 2796 3850 2871 μεταϐιϐά-

2269 2904 2419 2969 ζουσι
2456 2904 2635 2956 ταῦτα
2660 2904 2742 2965 εἰς
2775 2901 2972 2964 παῖδας
2998 2897 3249 2970 μικρούς.
3292 2897 3412 2949 Ἵνα
3437 2890 3537 2949 οὖν
3579 2894 3658 2964 μὴ
3704 2889 3846 2944 τοῦτο

2269 3000 2496 3067 γένηται
2520 2995 2657 3067 μηδὲ
2680 2993 2881 3048 δοκῶσι
2899 2990 3264 3063 φενακίζεινῆ
3296 2990 3512 3060 ἀπατᾷν
3540 2991 3589 3041 οί
3610 2984 3846 3047 τοιοῦτοι,

2266 3090 2564 3160 διορίζεται
2596 3090 2628 3158 ἡ
2663 3085 2913 3158 βασιλεία
2949 3102 3054 3156 μου
3090 3084 3179 3137 ἵνα
3207 3083 3358 3147 ὅστις
3391 3080 3532 3153 λάϐῃ
3581 3073 3845 3146 ἀξίωμαῆ

2252 3183 2524 3252 »ὀφφίκιον
2582 3181 2693 3234 εἴτε
2752 3180 2843 3232 διὰ
2891 3174 3335 3249 προσαγγελίαν,
3378 3175 3488 3226 είτε
3520 3172 3599 3226 δι’
3654 3166 3848 3223 εύνοιάν

2273 3293 2416 3339 τινα,
2444 3276 2555 3327 εἴτε
2610 3272 2752 3326 κατὰ
2799 3269 3124 3341 ἐναλλαγὴν,
3183 3268 3293 3321 εἴτε
3348 3267 3492 3319 κατὰ
3529 3263 3743 3336 δωρεὰν
3764 3258 3846 3314 καὶ

2272 3366 2586 3437 φιλοτιμίαν
2611 3365 2711 3434 τῆς
2745 3364 3024 3435 βασιλείας
3066 3380 3191 3435 μου,
3222 3363 3255 3433 ἢ
3306 3359 3537 3431 ψυχικὸν
3581 3358 3750 3427 αὐτῆς
3780 3352 3847 3425 μὴ

2257 3460 2513 3529 δέχεσθαι
2541 3459 2835 3529 πρόσωπον
2859 3458 2920 3511 τὸ
2948 3456 3263 3529 τιμώμενον
3285 3456 3508 3509 ἔλαττον
3529 3454 3644 3509 τῶν
3661 3449 3712 3523 η’
3732 3448 3843 3521 χρό-

2262 3569 2391 3607 νων.
2431 3551 2592 3604 Ἀλλά
2625 3551 2827 3613 πάντες
2863 3551 2913 3603 οἱ
2937 3550 3028 3603 διὰ
3052 3549 3150 3613 τὰς
3174 3548 3345 3612 αὐτὰς
3366 3547 3551 3610 αἰτίας
3582 3546 3617 3618 ἢ
3643 3544 3841 3612 ἀξίωμα

2258 3650 2293 3721 ἢ
2346 3648 2601 3719 όφφίκιον
2652 3648 3057 3718 λαμϐάνοντες,
3114 3646 3360 3700 ἔστωσαν
3409 3644 3635 3715 μείζους
3665 3640 3768 3695 τῶν
3799 3633 3843 3689 κ’

2258 3744 2489 3815 χρόνων.
2515 3742 2646 3796 Ὅτε
2680 3742 2738 3795 δὲ
2788 3743 2821 3811 ἡ
2882 3741 3129 3812 βασιλεία
3181 3757 3308 3809 μου,
3344 3739 3405 3792 ού
3454 3737 3544 3792 διὰ
3600 3733 3841 3800 τοιαύτην

2259 3836 2461 3899 αἰτίαν,
2496 3836 2634 3890 ἀλλὰ
2669 3835 2892 3906 ἀμέσως
2921 3836 3132 3906 τιμήσῃ
3156 3834 3276 3888 τινὰ
3300 3832 3332 3904 ἢ
3362 3832 3672 3904 δωρήσεται
3698 3823 3838 3897 όφφί·

2257 3930 2375 3983 κιόν
2399 3946 2528 3992 τινι,
2550 3928 2655 3982 κᾶν
2686 3927 2926 3981 ἐλάττων
3014 3926 3122 3980 τῶν
3145 3932 3196 3978 κ’
3225 3924 3433 3996 χρόνων
3456 3926 3484 3977 ὁ
3519 3920 3833 3994 τιμώμενος,

2257 4019 2803 4089 καταστρωννυέσθω
2832 4019 3007 4083 οὕτως
3051 4016 3462 4089 ἀναμφιϐόλως.
3509 4017 3833 4081 Καταστρω-

2259 4113 2409 4183 θήτω
2440 4110 2533 4166 οῦν
2583 4113 2643 4167 τὸ
2678 4111 2853 4182 παρὸν
2886 4112 3177 4165 πιττάκιον
3207 4113 3264 4164 ὲν
3297 4112 3410 4173 τοῖς
3434 4110 3544 4163 τῶν
3584 4106 3673 4177 ὑφ’
3700 4101 3830 4175 ἡμᾶς

2255 4206 2529 4276 δεκρέτων
2559 4205 2828 4277 χαρτίοις,
2859 4207 2938 4270 είς
2970 4206 3204 4278 δήλωσιν
3236 4204 3336 4274 τῆς
3378 4200 3726 4275 προστάξεως
3748 4191 3831 4248 καὶ

2256 4298 2571 4369 οἰκονομίας
2604 4301 2703 4370 τῆς
2738 4297 3017 4369 βασιλείας
3054 4316 3179 4368 μου,
3227 4298 3303 4361 ὡς
3356 4296 3423 4352 ἂν
3466 4295 3646 4359 οὕτως
3690 4294 3829 4358 svsp-

2255 4396 2435 4459 γεῖται
2459 4392 2568 4446 ἀπὸ
2598 4391 2693 4445 τοῦ
2722 4391 2817 4444 νῦν
2843 4393 2939 4445 καὶ
2975 4391 3069 4444 ἐπὶ
3102 4391 3171 4445 τὰ
3211 4386 3546 4461 ἔμπροσθεν.
3613 4380 3826 4454 Ὀφεὶλει

2253 4487 2311 4539 δὲ
2360 4484 2684 4556 προκεῖσθαι
2736 4486 2816 4549 είς
2851 4483 2910 4537 τὸ
2952 4483 3240 4538 πιττάκιον
3272 4481 3367 4536 τοῦ
3401 4481 3625 4553 ἀμέσως
3673 4488 3827 4546 τιμω-

2256 4579 2441 4647 μένου,
2473 4578 2535 4630 τὸ
2593 4577 3058 4649 καταστρωθήτω,
3104 4576 3179 4649 μὴ
3218 4575 3569 4647 κωλυόμενον
3594 4573 3699 4629 ἀπὸ
3740 4569 3825 4635 τῆς

548 4660 696 4711 nem,
730 4648 829 4720 |et]
880 4660 938 4705 ut
972 4651 1079 4705 hoc
1109 4654 1274 4708 modo
1304 4656 1565 4727 deinceps
1595 4659 1648 4713 in
1690 4676 1855 4716 omne
1891 4662 2138 4721 futurum

2258 4672 2541 4740 γεγονυίας
2576 4648 3117 4743 προστάξεωςπαρά
3143 4648 3243 4742 τῆς
3276 4670 3557 4741 βασιλείας
3585 4685 3683 4739 μου
3710 4657 3823 4731 περὶ

548 4748 765 4807 tempus
793 4739 1090 4797 ellicaciam
1128 4744 1346 4800 habeat.
1379 4745 1553 4803 Debet
1577 4759 1760 4806 autem
1792 4752 1847 4807 in
1876 4755 1997 4825 ejus
2050 4758 2144 4827 qui

546 4833 685 4887 citra
715 4832 989 4908 [causam]
1029 4840 1265 4894 mediam
1301 4840 1609 4897 honoratur
1637 4885 1650 4909 ,
1710 4846 1898 4902 tabula
1931 4850 2094 4920 adjici
2126 4870 2142 4908 :

547 4925 895 4983 lnsternitor.
931 4929 1135 5002 [Atque
1169 4932 1266 5006 ita]
1300 4950 1407 4989 non
1429 4936 1759 5005 itnpedietur
1776 4957 1874 5010 per
1895 4943 2143 5002 edictum

544 5021 615 5074 de
667 5020 734 5075 iis
788 5023 881 5091 qui
938 5024 1181 5082 minores
1223 5026 1414 5099 viginti
1450 5029 1613 5085 annis
1645 5031 2027 5104 honorantur,
2070 5038 2142 5094 ab

2253 4768 2363 4820 τῶν
2389 4767 2722 4837 τιμωμένων
2765 4766 3070 4819 ἐλαττόνων
3111 4764 3220 4818 τῶν
3247 4763 3295 4817 κ’
3343 4764 3504 4817 ἑτῶν.
3550 4761 3658 4816 Καὶ
3700 4756 3825 4809 ἔστω

2254 4858 2548 4931 γνώρισμα
2576 4858 2734 4913 τοῦτο
2760 4860 2868 4912 τῶν
2888 4860 3131 4930 ἀμέσως,
3164 4859 3239 4923 ὡς
3256 4860 3494 4939 εἴρηται,
3513 4852 3822 4928 τιμωμένων

2253 4952 2329 5014 ὠς
2364 4952 2423 5005 ἐν
2457 4951 2661 5023 εἰδήσει
2687 4950 2881 5005 τούτου
2913 4951 3213 5022 γινομένης
3258 4950 3359 5021 τῆς
3410 4946 3686 5020 βασιλείας
3729 4955 3817 5011 μου

2253 5042 2333 5113 τῷ
2360 5045 2491 5114 μηνὶ
2521 5042 3189 5115 ἸανουαρίῳῚνδικτιῶνος
3209 5050 3291 5110 ιε’,
3318 5043 3408 5097 διὰ
3432 5042 3524 5096 τοῦ
3553 5037 3817 5113 βασιλέως.

548 5112 905 5180 imperatoria
939 5130 1059 5171 mea
1100 5117 1390 5188 majestate
1432 5119 1660 5177 factum.
1712 5125 1790 5181 Ac
1842 5143 1973 5184 vero
2016 5140 2141 5187 esto
2175 5132 2281 5188 hoc
2306 5112 2313 5113 ί
2340 5112 2556 5202 signum
2577 5112 2904 5207 eorum,qni
2939 5137 3023 5208 (ut
3083 5136 3289 5191 dictum
3318 5136 3426 5207 est)
3456 5137 3591 5192 citra
3614 5140 3814 5187 causam

544 5205 781 5260 mediam
837 5206 1180 5264 honorantur
1219 5230 1232 5263 :
1274 5224 1536 5283 tanquam
1597 5216 1956 5288 imperatoria
2008 5239 2132 5280 mea
2173 5226 2475 5298 tnajoestas,
2517 5228 2628 5284 hoe
2691 5205 2934 5284 sciverit.
2990 5227 3178 5285 Mense
3220 5227 3487 5285 Januario
3540 5222 3816 5282 indictione

541 5301 756 5367 qu'nta.
781 5314 878 5370 per
908 5300 1317 5371 imperatorem.

610 5393 777 5449 Aliud
816 5395 1102 5453 scholium.
1125 5400 1251 5455 Alia
1275 5402 1496 5472 quidem
1522 5404 1719 5483 [certe]
1748 5411 1928 5483 legum
1960 5412 2049 5470 hic
2070 5413 2139 5471 de

540 5490 953 5561 episcoporum,
985 5495 1360 5562 sacerdotum,
1385 5498 1771 5570 diaconorum,
1809 5514 1978 5577 atque
2000 5509 2135 5563 sub-

538 5583 903 5640 diaconorum
932 5587 1111 5643 relatis
1133 5589 1295 5645 annis
1316 5605 1675 5660 aspersaruni.
1700 5595 1948 5671 [capita],
1986 5601 2132 5671 quod

536 5675 726 5730 eadem
750 5684 806 5731 et
830 5678 1143 5736 canonibus
1176 5681 1520 5751 placuerunt,
1553 5686 1630 5759 [in
1661 5691 1966 5765 republica]
1999 5695 2136 5748 obti-

538 5777 669 5822 nent
705 5777 871 5838 atque
901 5783 1017 5827 rata
1051 5782 1183 5829 sunt
1216 5793 1230 5829 :
1277 5776 1410 5832 illud
1450 5788 1634 5836 autem
1662 5782 1732 5839 de
1767 5793 1928 5839 tetate
1964 5788 2136 5841 lecto-

538 5874 659 5913 rum
697 5875 805 5931 qua
847 5862 917 5919 de
969 5879 1141 5921 causa
1189 5883 1298 5921 non
1334 5870 1602 5939 obtineat,
1646 5890 1757 5929 non
1792 5877 1973 5932 video.
2020 5879 2133 5932 Ta-

533 5955 695 6010 metsi
722 5955 867 6013 enim
905 5957 990 6015 lex
1025 5960 1195 6033 dicat,
1237 5966 1538 6028 octodecim
1573 5985 1845 6029 annorum
1872 5972 2138 6033 lectorem

2296 5418 2549 5488 "Etspor
2562 5420 2843 5489 σκόλιον.
2862 5420 2943 5475 Τά
2962 5420 3060 5490 μὲν
3072 5419 3209 5475 ἄλλα
3221 5417 3328 5475 τῶν
3347 5413 3814 5491 καταπρωθέντων

2246 5512 2481 5566 ἐνταῦθα
2494 5512 2674 5582 νόμων
2692 5513 2851 5584 χάριν
2872 5514 2980 5568 τῶν
3003 5513 3343 5580 ἐπισκόπων,
3363 5513 3471 5568 τῶν
3485 5512 3686 5583 ίερέων,
3715 5500 3808 5556 τῶν

2243 5606 2531 5674 διακόνων,
2565 5607 2659 5661 καὶ
2686 5607 2797 5661 τῶν
2826 5606 3197 5662 ὑποδιακόνων
3224 5607 3354 5678 περὶ
3372 5605 3481 5659 τῶν
3512 5604 3707 5677 χρόνων
3726 5591 3810 5659 τῆς

2246 5699 2461 5771 ἡλικίας
2494 5700 2694 5767 αὐτῶν,
2731 5701 2994 5773 κρατοῦσι
3015 5702 3110 5755 καὶ
3137 5700 3475 5771 ἐνεργοῦσιν,
3497 5700 3577 5753 ὅτι
3610 5686 3806 5750 καὶτοῖς

2245 5792 2436 5846 κανόσι
2449 5792 2622 5847 ταῦτα
2636 5794 2845 5860 ἔδοξαν.
2867 5794 2939 5847 Τδ
2959 5794 3015 5847 δὲ
3031 5794 3161 5866 περὶ
3173 5793 3276 5865 τῆς
3298 5793 3514 5865 ἡλικίας
3533 5790 3622 5846 τοῦ
3639 5782 3805 5859 χρόνου

2243 5882 2354 5934 τῶν
2376 5883 2741 5953 ἀναγνωστῶν
2764 5885 2914 5948 ὅπως
2941 5886 3042 5939 ούκ
3076 5886 3314 5957 ἐνεργεῖ,
3345 5883 3528 5953 ἀγνοῶ
3550 5900 3567 5921 ἠ
3596 5876 3683 5934 τοῦ
3712 5870 3801 5975 Υτξρ

2245 5974 2409 6050 νόμον
2432 5976 2683 6050 λέγοντος
2717 5974 2787 6051 ιη’
2812 5978 3021 6051 χρόνων
3041 5976 3280 6047 ὀφείλειν
3314 5972 3453 6033 εἶναι
3483 5976 3572 6031 τὸν
3594 5972 3800 6038 dvrth
