4146 6444
401 415 538 481 1θ13

1241 424 1729 486 NOMOCANON.
1770 451 1842 462 --
1878 423 2026 485 ΤΙΤ.
2070 423 2120 498 Ι,
2162 426 2321 491 CAP.
2363 433 2580 512 ΧΧἸΧ,
2623 439 2808 504 XXX.

3570 455 3705 519 lOl'i

403 555 558 609 στην,
609 539 850 610 σήμερον
886 539 1286 612 σφραγίζονται
1345 540 1695 611 ἀναγνῶσται
1745 541 2000 612 κληρικοὶ

2111 559 2231 600 esse
2262 548 2459 605 debere
2494 572 2507 607 :
2543 555 2919 626 insigniuntur
2971 569 3153 620 tatuen
3216 568 3378 624 hodie
3431 571 3702 630 lectormu

402 630 666 697 ἑξαετεῖς,
699 630 817 685 ἔστι
849 632 894 686 δ’
921 633 1010 687 ὅτε
1028 633 1124 687 καὶ
1157 636 1416 705 τριετεῖς.
1461 633 1762 704 Ἀνάγνωθι
1788 630 1882 689 οὖν
1913 633 2004 687 τὸν

407 723 470 777 ιδ’
500 723 597 777 καὶ
649 731 710 778 ιε’
765 725 970 780 κανόνα
998 725 1101 795 τῆς
1141 724 1195 792 ς’
1231 726 1452 781 συνόδου
1503 727 1825 799 καθαιρέσει
1869 725 2009 781 καθ-

405 819 783 874 υποϐάλλοντα
811 822 938 884 τοὺς
955 821 1400 893 χειροτονοῦντας
1427 821 1711 886 διακόνους
1742 820 1838 874 καὶ
1865 821 1998 874 ὐποο

405 911 689 979 διακόνους
717 915 824 984 πρὸ
857 914 1312 986 συμπληρώσεως
1338 915 1433 970 τοῦ
1465 913 1542 968 κε’
1569 914 1763 986 χρόνου
1797 913 2002 979 αὐτῶν,

407 1003 670 1071 ὡσαύτως
717 1008 813 1061 καὶ
849 1008 977 1070 τοὺς
1026 1008 1192 1078 ίερεῖς
1231 1007 1339 1080 πρὸ
1363 1007 1457 1061 τοῦ
1485 1007 1528 1059 λ’
1585 1009 1804 1080 χρόνου.
1847 1007 1913 1060 Οἱ
1948 1006 2005 1060 δὲ

409 1096 660 1166 λέγοντες
691 1101 766 1170 μὴ
803 1099 1140 1168 βλάπτεσθαι
1187 1101 1316 1165 τοὺς
1354 1100 1832 1172 σφραγιζομένους
1867 1099 2004 1153 ἀνα-

410 1191 660 1259 γνώστας
688 1193 795 1265 πρὸ
817 1211 880 1246 συ
889 1192 1270 1265 μπληρὼσεως
1293 1192 1388 1247 τοῦ
1428 1192 1496 1265 ιη’
1519 1193 1718 1265 χρόνου
1754 1194 1857 1263 τῆς
1881 1192 2004 1261 ἡλι-

410 1283 535 1346 κίας
567 1284 748 1339 αὐτῶν
785 1285 872 1339 διὰ
896 1285 956 1339 τὸ
991 1285 1067 1357 μὴ
1119 1285 1433 1357 μεμνῆσθαι
1478 1287 1574 1340 καὶ
1621 1285 1828 1340 τούτων
1877 1284 2006 1349 τοὺς

409 1379 646 1444 κανόνας
697 1381 889 1443 κακῶς
931 1380 1206 1451 λέγουσιν.
1249 1381 1420 1435 Ἔνθα
1463 1379 1563 1450 μὲν
1608 1381 1717 1452 γὰρ
1769 1381 1924 1434 οὐδέν
1953 1397 2005 1433 τι

407 1473 467 1525 οί-
487 1473 715 1538 κανόνες
735 1473 1090 1544 διορίζονται,
1115 1473 1410 1542 ὀφείλομεν
1433 1475 1547 1536 τοῖς
1572 1473 1758 1544 νόμοις
1781 1471 2006 1527 ἀκολου-

409 1565 546 1629 θεῖν,
584 1565 617 1637 ἢ
654 1568 718 1620 ὲκ
751 1567 860 1621 τῶν
894 1567 1099 1637 ὁμοίων
1130 1567 1351 1638 τέμνειν
1373 1566 1445 1620 τά
1471 1566 1655 1638 ὃμοια.

480 1769 733 1823 ΚΕΦΑΛ.
766 1769 896 1825 ΚΘ’.
915 1798 986 1809 -
1005 1768 1142 1839 Περὶ
1178 1767 1480 1838 ποιήσεως
1504 1769 2002 1838 χωρεπισκόπων,

2109 636 2434 696 clericorum
2467 642 2703 721 [titulo],
2741 651 2836 720 qui
2868 669 2964 708 sex
2993 669 3290 723 annorum,
3327 669 3381 714 et
3426 662 3703 720 interdum

2108 730 2274 824 etiam
2303 733 2468 790 trium
2500 736 2927 819 [tantummodo]
2971 757 3121 804 sunt.
3174 749 3316 821 Lege
3343 753 3510 824 igitur
3546 757 3614 811 14
3651 768 3708 814 et

2111 821 2178 877 15
2200 838 2442 918 canones
2496 833 2718 888 concilii
2753 838 2916 903 sexti,
2946 839 3041 909 qui
3070 821 3387 900 remotioni'
3403 847 3708 918 subjiciunt

2107 929 2222 982 eos,
2257 917 2353 985 qui
2392 919 2658 981 diaconos
2691 936 2786 982 aut
2839 931 3214 990 subdiaconos
3261 936 3524 994 ordinant
3579 951 3711 997 ante

2108 1010 2439 1080 completum
2472 1016 2796 1087 vigesimum
2829 1024 3083 1094 quintum
3144 1027 3405 1104 [mtatis]
3458 1034 3705 1103 ipsorum

2107 1119 2314 1161 annum
2354 1119 2497 1165 :aut
2538 1115 2855 1174 sacerdotes
2898 1131 3027 1176 ante
3083 1122 3428 1194 trigesimum
3473 1143 3704 1185 annum.

2109 1194 2214 1264 Qui
2249 1213 2379 1255 vero
2409 1201 2601 1259 dicunt
2631 1222 2739 1262 non
2781 1214 3022 1280 peccari,
3045 1214 3089 1269 si
3125 1215 3358 1274 lcctores
3404 1229 3532 1276 ante
3555 1236 3707 1276 com-

2107 1288 2312 1358 pletum
2345 1291 2852 1367 duodevigesimum
2887 1305 3066 1359 aetatis
3125 1323 3240 1364 sua:
3304 1325 3510 1367 annum
3568 1313 3706 1369 insi-

2107 1383 2392 1453 gniantur,
2429 1388 2576 1456 quod
2619 1389 2864 1460 ipsorum
2901 1411 3146 1453 canones
3201 1403 3539 1458 mentionem
3599 1421 3706 1460 non

2110 1475 2334 1546 faciant,
2361 1483 2506 1538 male
2536 1482 2746 1538 dicunt.
2781 1483 2885 1540 Ubi
2912 1489 3058 1543 enim
3091 1505 3338 1550 canones
3362 1495 3501 1550 nihil
3523 1497 3709 1553 deter-

2111 1572 2345 1641 minant,
2389 1576 2546 1642 sequi
2580 1577 2847 1634 debemus
2882 1579 3050 1652 leges,
3081 1593 3133 1639 et
3158 1585 3359 1642 similia
3395 1603 3462 1644 ex
3501 1589 3704 1645 simili-

2110 1661 2216 1720 bus
2252 1666 2525 1723 dedicere.

2178 1776 2332 1833 CAP.
2388 1779 2582 1835 XXIX.
2638 1813 2708 1823 -—
2775 1784 2846 1840 De
2948 1788 3217 1844 creatione
3297 1792 3708 1863 episcOporum,

409 1862 511 1918 καί
537 1865 702 1930 πότε,
735 1863 835 1916 καὶ
867 1862 994 1928 πῶς
1030 1861 1489 1932 προσφέρουσιν
1527 1859 1565 1927 ἥ
1583 1859 1998 1930 μεταδιδόασι,

2111 1870 2196 1940 qui
2235 1872 2496 1940 episcopis
2525 1873 2784 1942 subsunt,
2823 1888 2873 1932 et
2911 1880 3148 1946 quando,
3193 1890 3242 1935 et
3285 1859 3548 1953 quomodo
3579 1887 3713 1956 olfe-

408 1956 507 2012 καὶ
538 1957 706 2021 τίνας
733 1955 1187 2024 χειροτονοῦσιν
1220 1955 1255 2022 ἢ
1293 1954 1388 2009 οῦ.

470 2048 702 2100 Συνόδου
747 2045 1020 2117 Ἀγκύρας
1057 2046 1242 2100 κανὼν
1285 2046 1351 2116 ιγ’
1379 2063 1393 2077 ⁸
1436 2046 1654 2100 συνόδου
1684 2047 1996 2102 Νεοκαισα-

407 2141 558 2211 ρείας
577 2140 860 2208 κανὼνίγ¹
884 2158 898 2172 ο
933 2141 1151 2194 συνόδου
1177 2140 1508 2211 Ἀντιοχείας
1531 2140 1713 2196 κανὼν
1743 2148 1772 2196 ι’
1793 2158 1806 2175 ο
1835 2143 2000 2196 Βασι-

401 2231 547 2286 λείου
576 2235 640 2286 ἐκ
669 2234 771 2303 τῆς
804 2233 938 2305 πρὸς
967 2233 1095 2297 τοὺς
1129 2235 1582 2306 χωρεπισκόπους
1611 2234 1925 2306 ἐπιστολῆς.

471 2435 726 2491 ΚΕΦΑΛ.
785 2439 866 2492 A'.
895 2468 966 2478 ——-
993 2437 1134 2508 Περὶ
1176 2437 1285 2492 τοῦ
1329 2437 1378 2499 ζ’
1416 2438 1514 2492 καὶ
1563 2440 1796 2508 μόνους
1844 2434 1999 2493 εἶναι

399 2529 750 2598 διακόνους,
785 2531 902 2586 κᾶν
931 2531 969 2600 ἡ
1000 2531 1180 2596 πόλις
1209 2529 1448 2602 μεγάλη

475 2646 703 2703 Συνόδου
752 2645 1190 2718 Νεοκαισαρείας
1241 2645 1425 2701 κανὼν
1493 2647 1586 2702 ιδ’·
1643 2649 1862 2704 συνόδου
1919 2647 1998 2715 ς’.

404 2738 590 2794 κανὼν
625 2737 713 2808 ιβ’.

474 2833 786 2903 Κείμενον.
831 2834 896 2886 Ἡ
941 2831 989 2887 α’
1022 2832 1163 2887 διὰτ.
1208 2831 1303 2886 τοῦ
1338 2831 1386 2885 α’
1426 2833 1530 2888 τίτ.
1591 2833 1702 2887 τῶν
1745 2834 1996 2906 Νεαρῶν,

399 2943 459 2980 κ.
491 2944 541 2980 τ.
572 2926 647 2992 λ.,
688 2942 865 2999 usque
905 2927 971 2981 ad
1005 2926 1207 2998 ψάλται
1241 2924 1342 2992 κε’,
1376 2925 1617 2999 θυρωροὶ
1661 2925 1754 2980 σε’.

473 3043 755 3113 Σχόλιον.
810 3043 875 3096 Ἡ
927 3041 974 3096 α’
1042 3043 1181 3098 διάτ.
1225 3041 1321 3095 τοῦ
1353 3040 1398 3095 α’
1452 3043 1560 3097 τίτ.
1610 3041 1720 3096 τῶν
1771 3040 2000 3112 Νεαρών

393 3137 520 3190 ἐστι
551 3137 724 3206 νεαρὰ
754 3136 1190 3199 ἰουστινιὰνειος
1221 3133 1295 3202 ς’,
1337 3135 1496 3189 τοῦτο
1517 3136 1652 3190 δὲτὸ
1675 3153 1800 3205 κεφ.
1829 3136 2001 3206 αὐτῆς

2112 1973 2362 2029 raut,aut
2385 1969 2793 2032 communicent,
2839 1980 2887 2025 et
2913 1988 3043 2040 quos
3070 1973 3334 2041 ordinent,
3366 1986 3463 2030 aut
3485 1993 3610 2032 non.

2183 2058 2413 2115 Concilii
2453 2061 2733 2134 Ancyram
2783 2079 2964 2118 canon
2994 2065 3094 2129 15,
3147 2069 3368 2124 concilii
3420 2069 3711 2127 Neocaesa-

2112 2150 2315 2206 riensis
2359 2167 2538 2208 canon
2596 2155 2683 2217 15,
2724 2154 2827 2221 M;
2871 2156 3092 2210 concilii
3139 2157 3474 2216 Antiocheni
3529 2177 3710 2217 canon

2115 2243 2229 2312 10;.
2261 2242 2500 2300 Basilius
2545 2259 2610 2299 ex
2656 2245 2886 2316 epistola
2957 2246 3024 2300 ad
3064 2248 3356 2320 episcopos
3421 2250 3528 2322 ipsi
3579 2253 3716 2308 sub-

2115 2330 2305 2400 jectos.

2182 2443 2338 2501 CAP.
2365 2446 2630 2503 ΧΧΧ.-
2666 2446 2733 2503 Ut
2775 2457 2968 2513 septem
3011 2451 3278 2505 duntaxat
3325 2451 3542 2507 diaconi
3583 2457 3713 2523 sint,

2113 2539 2326 2593 etiamsi
2368 2541 2558 2595 civitas
2590 2556 2784 2612 magna
2815 2543 2907 2596 sit.

2190 2653 2424 2710 Concilii
2453 2655 2914 2712 Neoca'sariensis
2953 2672 3142 2712 canon-
3184 2659 3290 2728 15;
3319 2661 3536 2716 concilii
3572 2664 3712 2717 sexti

2116 2757 2292 2798 canon
2326 2745 2414 2808 12,
2455 2745 2545 2800 16.

2190 2835 2406 2892 Textus.
2429 2838 2622 2894 Const.
2652 2841 2704 2904 1,
2739 2841 2823 2896 tit.
2854 2843 2876 2896 1
2908 2842 3278 2908 Novellarum,
3310 2851 3418 2899 etc.
3449 2859 3612 2913 usque
3644 2843 3720 2896 ad-

2116 2930 2332 2985 ostiarii
2367 2932 2714 3003 septuaginta
2747 2935 3010 3006 quinque,
3043 2947 3101 2991 ut
3127 2954 3251 3008 pug.
3285 2935 3414 2991 555.

2189 3043 2484 3099 Scholium.
2505 3046 2697 3104 Const.
2729 3049 2782 3117 1,
2805 3049 2890 3106 tit.
2918 3051 2965 3104 ι.
2997 3049 3369 3108 Novellarum.
3395 3051 3713 3105 estnovclla

2115 3133 2412 3192 Justiuiani
2449 3137 2501 3194 6.
2546 3137 2662 3194 Hoc
2711 3151 2892 3196 autem
2921 3142 3044 3213 ejus
3075 3153 3240 3214 caput
3279 3159 3385 3199 non
3433 3154 3518 3200 est
3565 3147 3715 3214 posi-

390 3230 501 3282 ούκ
541 3228 700 3300 ὲτὲθη
741 3229 824 3292 είς
868 3230 939 3282 τὰ
972 3229 1258 3295 Βασιλικὰ,
1295 3228 1387 3282 τοῦ
1441 3228 1607 3282 αὐτοῦ
1649 3229 1708 3282 δὲ
1743 3228 1850 3283 τίτ.
1882 3230 1916 3300 ἠ
1953 3228 1996 3282 θ’

2111 3238 2223 3285 tum
2258 3229 2312 3284 in
2342 3231 2508 3286 Basil.
2532 3231 2792 3302 Ejusdem
2827 3250 2956 3290 vero
2983 3236 3068 3290 tit.
3099 3246 3278 3292 const.
3311 3237 3366 3299 9,
3390 3247 3473 3293 cst
3500 3239 3709 3293 novella

391 3321 692 3377 διάτ.ὲστ“ι
754 3322 925 3392 νεαρὰ
978 3321 1410 3385 ’Ῑουστινιάνειος
1434 3329 1483 3392 γ’
1515 3322 1745 3394 κειμένη
1801 3323 1858 3375 ἐν
1917 3321 2001 3392 βι-

395 3411 539 3484 ϐλίῳ
563 3413 671 3466 τῶν
692 3413 996 3468 Βασιλικῶν
1020 3413 1090 3484 γ’,
1120 3415 1225 3468 τίτ.
1263 3412 1328 3484 β’,
1375 3433 1501 3485 κεφ.
1529 3423 1598 3484 α’,
1629 3417 1827 3487 θέματι
1856 3433 1996 3487 προ-

390 3505 718 3578 τελευταίῳ,
751 3507 923 3572 οὕτως
949 3507 1162 3579 ἔχοντι·
1200 3511 1365 3564 Ὥστε
1391 3511 1719 3581 θεσπίξομεν
1753 3509 1828 3581 μὴ
1859 3525 1999 3581 περ·

389 3601 605 3674 αιτέρω
634 3603 737 3674 μὲν
763 3601 804 3670 ξ’
841 3603 1234 3676 πρεσϐυτέρων
1280 3603 1423 3658 κατὰ
1456 3602 1555 3676 τὴν
1600 3602 1864 3673 Μεγάλην
1905 3603 1999 3655 ὲκ-

390 3695 634 3766 κλησίαν
660 3693 824 3764 εἶναι,
862 3699 1146 3763 διακόνους
1190 3699 1246 3753 δὲ
1291 3700 1531 3772 ἄρρενας
1565 3705 1634 3769 ρ’,
1697 3698 1792 3752 κα)⁴
1822 3704 1872 3768 μ’
1898 3695 1998 3766 οη-

391 3784 576 3851 λείας,
629 3789 724 3840 καὶ
761 3787 1152 3852 ὑποδιακόνους
1174 3787 1244 3856 ιη’,
1277 3787 1636 3857 ἀναγνώστας
1661 3788 1719 3842 δὲ
1766 3792 1854 3858 ρι’,
1903 3787 2000 3840 καὶ⁴

388 3875 615 3946 ψάλτας
645 3884 746 3942 κε’,
779 3877 857 3941 ὡς
881 3872 1023 3932 εἶναι
1063 3879 1155 3932 τὸν
1184 3877 1401 3933 ἅπαντα
1431 3878 1668 3950 ἀριθμὸν
1698 3877 1808 3931 τῶν
1838 3877 2001 3931 εὐλα-

389 3970 681 4025 ϐεστάτων
727 3969 1008 4042 κληρικῶν
1039 3972 1140 4042 τῆς
1168 3970 1426 4042 Μεγάλης
1462 3969 1764 4040 ἐκκλησίας
1794 3969 1852 4024 ὲν
1887 3975 2002 4022 υκε⁹

392 4060 738 4131 προσώποις,
775 4063 870 4116 καὶ⁸
899 4060 942 4132 ρ’
969 4063 1105 4134 πρὸς
1135 4062 1348 4127 τούτοις
1372 4063 1481 4117 τῶν
1514 4061 1865 4132 καλουμένων
1891 4078 1998 4114 πυ-

393 4151 616 4221 λωρῶν,
644 4153 738 4206 καὶ
769 4154 802 4223 ἡ
843 4161 871 4206 ι’
905 4154 1046 4210 διάτ.
1095 4154 1190 4208 τοῦ
1254 4161 1302 4207 α’
1335 4153 1441 4208 τίτ.
1482 4153 1591 4206 τῶν
1625 4151 1856 4222 Νεαρῶν
1883 4152 2001 4204 ἐστι

397 4242 572 4311 νεαρ-ἧι
609 4242 1041 4308 Ἰουστινιάνειος
1078 4242 1152 4308 ις’
1197 4245 1431 4315 κειμένη
1471 4245 1528 4297 ὲν
1581 4242 1772 4314 βιϐλίῳ
1799 4240 1849 4311 γ’
1881 4240 1992 4294 τῶν

397 4333 711 4389 Βασιλικῶν
771 4336 877 4391 τίτ.
911 4335 984 4406 γ’,
1031 4354 1156 4407 κεφ.
1183 4336 1252 4403 α’,
1293 4338 1322 4390 ὃ
1383 4337 1478 4390 καὶ
1509 4334 1781 4404 ἀνάγνωθι
1815 4336 1863 4388 εἰ
1912 4333 2001 4388 θέ-

396 4429 515 4492 λεις
565 4429 626 4482 οὐ
682 4429 1041 4502 κατεστρὼοη
1098 4431 1206 4503 γάρ
1261 4429 1497 4485 ἐνταῦθα
1553 4431 1641 4484 διὰ
1695 4431 1758 4482 τὸ
1798 4445 1998 4482 παντε-

394 4520 510 4585 λῶς
571 4522 941 4595 ἀχρηστῆσαι.
999 4524 1075 4577 00
1126 4524 1264 4595 μόνα
1331 4523 1388 4577 δὲ
1445 4523 1513 4576 τὰ
1581 4521 1675 4576 τοῦ
1754 4520 1999 4573 τοιούτου

2112 3324 2147 3379 5
2209 3323 2507 3380 Justiniani
2562 3327 2742 3398 posita
2806 3325 2951 3398 [que
2980 3329 3102 3401 est]
3181 3331 3236 3384 in
3295 3330 3394 3384 lib.
3453 3328 3622 3387 Basil.
3681 3333 3714 3384 5

2112 3413 2199 3468 tit.
2239 3413 2296 3478 2,
2325 3430 2447 3483 cap.
2481 3415 2532 3480 1,
2570 3417 2813 3471 themate
2846 3418 3175 3488 penultimo,
3206 3419 3351 3489 quod
3393 3418 3475 3474 sic
3513 3419 3712 3474 habet:

2113 3504 2460 3572 Quapmpter
2510 3505 2836 3570 sancimus,
2878 3520 2946 3560 ne
2997 3507 3218 3576 quando
3277 3507 3332 3562 iu
3388 3505 3582 3578 Magna
3620 3523 3715 3561 ec-

2113 3593 2280 3649 clesia
2319 3595 2463 3649 ultra
2529 3596 2816 3666 sexaginta
2872 3598 3246 3668 presbyteros,
3288 3597 3554 3653 diaconos
3583 3613 3717 3652 vero

2112 3702 2298 3742 mares
2347 3695 2587 3753 centum,
2647 3687 2882 3745 feminas
2941 3690 3350 3761 quadraginta,
3397 3698 3452 3745 ct
3491 3689 3714 3745 subdia-

2113 3793 2287 3834 conos
2331 3781 2655 3847 nonaginta,
2700 3781 2940 3838 lectores
2994 3791 3176 3837 autem
3215 3782 3356 3836 ultra
3403 3792 3622 3838 centum
3663 3789 3720 3836 et

2114 3872 2329 3936 decem,
2357 3881 2618 3928 cantores
2655 3874 2799 3928 ultra
2822 3875 3014 3945 viginti
3039 3875 3284 3946 quinque
3313 3875 3583 3930 exsistant
3608 3893 3621 3929 :
3660 3887 3722 3931 ut

2113 3961 2409 4018 universus
2471 3964 3065 4020 reverendissimorum
3117 3967 3448 4021 clericorum
3497 3965 3720 4036 Majoris

2113 4053 2361 4108 ecclesiae
2397 4069 2664 4110 numerus
2698 4057 2752 4110 in
2785 4056 3208 4128 quadringentis
3242 4057 3434 4128 viginti
3472 4057 3718 4128 quinque

2112 4145 2388 4215 personis,
2420 4155 2476 4201 et
2514 4157 2736 4202 centum
2780 4157 3045 4216 praeterea
3087 4149 3336 4204 ostiariis
3375 4151 3457 4220 (ut
3493 4152 3717 4217 vocant)

2114 4237 2402 4292 consistat.
2457 4236 2524 4292 Et
2581 4246 2764 4294 const.
2808 4240 2896 4305 10,
2963 4239 3049 4294 tit.
3115 4240 3134 4294 Ι
3198 4238 3573 4305 Novellarum,
3633 4252 3720 4294 est

2114 4320 2333 4385 novella
2382 4328 2682 4386 Justiniani
2728 4331 2833 4398 16,
2869 4330 3051 4402 posita
3100 4330 3231 4405 [que
3263 4331 3380 4404 est]
3442 4333 3494 4386 in
3549 4332 3716 4387 llasil.

2116 4437 2201 4489 ιιι,
2231 4421 2316 4477 tit.
2355 4422 2411 4488 5,
2452 4437 2575 4493 cap.
2604 4424 2657 4485 1,
2692 4425 2838 4494 quod
2885 4423 3054 4478 etiam
3110 4423 3284 4494 legas,
3317 4425 3362 4479 si
3395 4424 3571 4479 visum
3615 4427 3710 4480 sit.

2117 4513 2258 4581 Quia
2307 4514 2457 4570 enim
2525 4515 2752 4571 omnino
2816 4516 2871 4571 in
2924 4531 3029 4572 usu
3085 4531 3209 4571 esse
3248 4516 3429 4581 desiit,
3487 4516 3576 4572 hic
3607 4533 3718 4571 non

397 4614 569 4686 νόμου
620 4616 1002 4688 ήχρήστησαν,
1060 4616 1199 4670 ἀλλὰ
1254 4616 1350 4670 καὶ
1399 4616 1469 4670 τά
1513 4615 1612 4687 τῆς
1673 4614 2000 4688 Ἡρακλείου

2113 4606 2398 4663 inseritur.
2438 4604 2631 4678 Neque
2676 4622 2810 4663 vero
2874 4607 2992 4663 haec
3037 4608 3122 4662 lex
3157 4608 3272 4662 sola
3332 4610 3385 4662 in
3435 4625 3541 4665 usu
3593 4625 3719 4665 esse,

396 4712 604 4783 νεαρᾶς
655 4713 764 4783 τῆςη
804 4711 1290 4783 μνημονευομένης
1344 4711 1404 4764 ἐν
1465 4710 1544 4782 τῷ
1590 4711 1818 4782 παρόντι
1879 4727 2006 4764 συν-

394 4806 644 4877 τάγματι
692 4807 790 4859 καὶ
833 4805 1054 4871 ἐδέξατο
1101 4804 1211 4860 ἀπὸ
1255 4805 1543 4875 συνηθείας
1590 4805 1828 4878 ἀριθμὸν
1873 4805 2007 4877 κληο

400 4899 574 4972 ρικῶν
623 4901 658 4972 ἡ
711 4899 1012 4971 Ἐκκλησία
1061 4898 1248 4971 ἓτερον
1297 4897 1386 4952 διὰ
1425 4899 1526 4968 τὴν
1583 4899 1694 4952 τῶν
1739 4898 2003 4970 πραγμά⁸

398 5010 511 5046 των
554 4993 896 5065 ἀνωμαλίαν.
952 4992 1145 5048 Οὐδενὶ
1193 4991 1305 5063 γὰρ
1352 4991 1620 5063 ἠγνόηται
1645 4990 1723 5056 ὡς
1753 4994 1802 5046 εί
1839 4992 2005 5064 μὴτὸ

401 5086 554 5151 ἔλεος
586 5087 680 5141 τοῦ
719 5083 988 5158 κραταιοῦ
1046 5085 1143 5140 καὶ
1188 5085 1346 5155 ἁγίου
1385 5085 1545 5156 ἡμῶν
1581 5085 1870 5157 βασιλέως,
1905 5088 2006 5141 καὶ

399 5179 498 5232 τοῦ
532 5180 690 5249 ἁγίου
721 5178 988 5250 βασιλέως
1032 5178 1190 5250 ἡμῶν
1243 5180 1339 5234 καὶ
1381 5178 1591 5250 πατρὸς
1647 5179 1813 5234 αὐτοῦ
1871 5197 2006 5251 προ-

401 5272 639 5342 έφθασεν
664 5274 746 5338 είς
775 5273 874 5348 τὴν
903 5273 1165 5343 Μεγάλην
1195 5272 1496 5342 ἐκκλησίαν
1543 5273 1621 5336 ὡς
1668 5274 1763 5326 καὶ
1797 5290 2007 5327 παντα-

399 5365 501 5436 χοῦ
530 5368 609 5429 εἰς
632 5366 813 5435 ὀλίγον
846 5367 1196 5421 παντάποσον
1229 5366 1316 5420 ἵνα
1354 5364 1622 5437 περιέστη
1666 5365 1696 5418 ό
1725 5363 1839 5418 τῶν
1869 5363 2005 5436 κλη-

371 5458 374 5459 ⁷
403 5458 579 5532 ρικῶν
604 5459 840 5532 ἀριθμὸς
869 5459 958 5514 διὰ
976 5459 1076 5531 τὴν
1101 5459 1213 5512 τῶν
1241 5459 1588 5530 πραγμάτων
1613 5456 2001 5530 στενοχωρίαν.

402 5551 496 5606 Διὸ
532 5552 629 5606 καὶ
684 5553 866 5607 αὐτῶν
917 5552 1019 5624 μὲν
1057 5550 1462 5623 ὑπερεύχεσθαι
1515 5549 1718 5622 χρεὼν,
1773 5551 1896 5615 ταῖς
1947 5550 2005 5604 δὲ

402 5641 537 5711 περὶ
566 5639 663 5695 τοῦ
692 5641 932 5712 ἀριθμοῦ
969 5641 1080 5696 τῶν
1110 5641 1393 5714 κληρικῶν
1421 5640 1814 5714 παλαιοτέραις
1844 5658 2009 5714 νομο-

403 5733 618 5797 Θεσίαις
675 5733 750 5805 μὴ
813 5735 1130 5806 προσέχειν,
1174 5733 1408 5804 ἀρκετὸν
1460 5733 1570 5804 γὰρ
1607 5735 1657 5786 εἰ
1705 5737 1773 5806 τῇ
1820 5735 2010 5808 μακρᾷ

406 5825 672 5895 σννηθείᾳ
703 5823 970 5898 ἑπόμεθα,
1005 5825 1098 5880 καὶ
1124 5825 1268 5880 κατὰ
1293 5824 1499 5897 ταύτην
1533 5822 1820 5897 ποιοῦμεν.

2111 4699 2293 4766 desiit,
2344 4715 2536 4756 verum
2598 4703 2763 4756 etiam
2834 4699 3080 4756 Heraclii
3128 4701 3371 4768 novella,
3436 4701 3599 4772 cujus
3660 4701 3718 4757 in

2111 4795 2367 4865 praesenti
2407 4794 2585 4865 capite
2611 4795 2817 4851 mentio
2873 4795 2954 4851 tit.
2989 4792 3221 4864 Propter
3257 4810 3444 4850 rerum
3477 4811 3719 4864 namque

2109 4885 2537 4955 inaequalitatem
2574 4882 2817 4938 Ecclesia
2853 4897 2919 4938 ex
2960 4882 3368 4938 consuetudine
3417 4899 3715 4939 numerum

2109 4977 2442 5034 clericorum
2495 4976 2662 5033 alium
2691 4976 2955 5047 suscepit.
2997 4973 3176 5032 Nemo
3217 4977 3368 5032 enim
3401 4993 3508 5032 non
3543 4979 3718 5041 novit,

2109 5073 2253 5142 quod
2267 5071 2373 5128 nisi
2389 5071 2768 5127 misericordia
2785 5070 2978 5141 optimi
2994 5081 3157 5142 atque
3179 5073 3355 5128 sancti
3371 5074 3721 5142 imperatoris

2109 5165 2562 5235 nnstri,ejusque
2593 5164 2771 5235 patris
2797 5163 3103 5237 [similiter]
3137 5166 3315 5222 sanCIi
3341 5169 3516 5222 nostri
3548 5168 3721 5236 impc-

2109 5258 2330 5323 ratoris,
2383 5257 2592 5326 Magnae
2633 5257 2881 5314 ecclesiae
2925 5258 3340 5325 succurrisset,
3381 5259 3718 5314 clericorum

2109 5366 2379 5408 numerus
2442 5358 2666 5422 propter
2725 5365 2908 5406 rerum
2985 5351 3274 5422 angustias
3343 5351 3398 5404 in
3460 5351 3716 5421 exiguam

2112 5445 2343 5502 omnino
2377 5444 2741 5515 quantitatem
2765 5482 2782 5509 ,
2831 5451 2893 5497 ut
2967 5442 3172 5509 ubique
3205 5441 3532 5514 [locorum]
3560 5443 3718 5498 reda-

2113 5548 2235 5595 ctus
2269 5537 2486 5593 fuisset.
2516 5536 2888 5603 Quamobrem
2929 5549 3030 5606 pro
3061 5535 3173 5590 illis
3212 5533 3438 5607 [Deus]
3485 5550 3718 5605 precan-

2113 5635 2218 5690 dus
2247 5641 2354 5700 est,
2387 5629 2776 5699 veteribusque
2811 5629 2878 5684 de
2909 5629 3242 5685 clericorum
3286 5643 3520 5683 numero
3551 5629 3717 5700 legis-

2116 5726 2416 5782 Iationihus
2473 5739 2584 5778 non
2650 5723 3099 5778 auscultandum.
3159 5719 3372 5775 Sullieit
3433 5721 3619 5784 enim,
3669 5722 3717 5776 si

2113 5824 2332 5892 longam
2349 5817 2806 5876 consuetudinem
2824 5831 3140 5888 sequamur,
3158 5831 3221 5870 ac
3239 5813 3544 5870 secundum
3567 5814 3716 5871 illam

2115 5916 2402 5973 faciamus.
