4146 6440
480 407 617 473 1015

477 611 617 666 diuis
647 612 777 667 sint.

558 704 790 760 Concilii
822 704 1116 761 Laodiceni
1155 718 1336 759 canon
1372 702 1462 756 ‘24.

556 794 777 851 Tenus.
805 794 993 850 Const.
1015 796 1049 847 2
1073 796 1155 848 tit.
1186 795 1265 849 1.5.
1293 793 1662 858 Novellarum,
1696 792 2073 863 presbyteros,

480 889 779 951 diaconos,
825 889 1092 951 lectores,
1136 897 1409 951 cantores,
1444 887 1675 940 clericos
1702 885 1873 957 [esse]
1913 885 2071 939 dicit.

481 982 624 1048 Quin
664 981 1063 1035 exorcistarum
1098 979 1263 1033 etiam
1295 989 1350 1033 et
1394 979 1747 1034 nstiariorum
1778 987 1975 1033 ‘const.
2018 978 2073 1043 6,

484 1075 568 1129 tit.
611 1074 667 1139 5,
695 1074 788 1128 lib.
826 1074 850 1126 1
884 1072 1003 1127 cod.
1043 1071 1313 1127 meminit.

564 1262 859 1318 Sclzolium.
932 1262 1123 1316 Const.
1186 1262 1258 1326 εὶ,
1318 1263 1399 1316 tit.
1459 1261 1482 1315 1
1552 1258 1944 1328 Novellarum,
1994 1270 2078 1315 est

480 1357 689 1413 novella
732 1356 1030 1411 Justiniani
1092 1357 1218 1419 1:25,
1275 1355 1455 1424 posita
1521 1354 1668 1427 [quc
1700 1353 1821 1426 est]
1868 1354 1921 1409 in
1976 1354 2072 1410 lib.

478 1450 648 1504 Basil.
709 1451 765 1515 5,
822 1450 905 1504 tit.
976 1449 1029 1513 1,
1087 1464 1210 1518 οιιι).
1266 1447 1355 1504 4‘2.
1408 1448 1557 1517 quod
1613 1449 1721 1505 tale
1775 1448 2077 1518 quiddam,

475 1542 640 1611 quale
694 1558 816 1612 cap.
856 1542 919 1595 51
978 1542 1031 1595 in
1086 1551 1237 1595 textu
1294 1540 1447 1608 dicit,
1506 1557 1618 1595 non
1670 1541 2076 1610 complectitur.

477 1633 668 1689 Tradit
732 1646 913 1689 autem
983 1635 1129 1700 haec,
1192 1634 1247 1688 in
1313 1634 1431 1689 haec
1487 1635 1705 1689 verba:
1766 1633 2077 1707 Presbyteri

480 1734 665 1779 autem
733 1734 784 1778 et
849 1724 1118 1786 diaconi,
1187 1738 1288 1777 nec
1356 1738 1464 1778 non
1549 1725 1929 1790 subdiaconi,
2024 1733 2079 1779 et

476 1816 737 1880 lectores,
764 1831 829 1870 ac
851 1824 1133 1883 cantores,
1167 1831 1307 1885 quos
1339 1831 1536 1871 omnes
1569 1817 1804 1872 clericos
1839 1817 2074 1888 appella-

1642 405 1907 465 ΡΗΟΤΙΙ
1945 402 2452 466 ΡΑΤΗΙΑΗΟΙΙ.Ἐ
2471 407 2592 467 ‘Ci’.

557 518 707 571 (ΑΡ.
754 516 944 570 LXXI.
981 540 1050 555 --—
1089 518 1318 581 Quinum
1356 516 1531 569 clerici
1561 515 1965 569 ecrlesiasticive
1989 529 2075 567 or-
2109 521 2152 573 Α

3639 407 3781 471 1015

2262 516 2514 570 ΚΕΦΛΛ,
2545 518 2669 571 AA'.
2704 548 2771 556 —
2810 519 2973 584 Τίνες
2999 518 3117 573 εἱσι
3155 521 3430 588 animum!
3475 522 3513 591 ἢ
3545 522 3652 592 τῆς
3678 526 3779 579 ἐκι-

2184 608 2632 676 κλησιαστικῆς
2665 608 2911 675 τάξεως.

2258 702 2484 756 Συνόδου
2516 703 2844 766 Λαοδικείας
2882 701 3064 756 κανὼν
3099 701 3200 758 κδ’.

2252 796 2566 864 Κείμενον.
2639 795 2701 847 'll
2744 793 2787 863 β’
2833 796 2972 848 διάτ.
3020 796 3115 849 τοῦ
3157 795 3205 849 α’
3238 796 3341 854 τίτ.
3389 798 3501 852 τῶν
3546 798 3782 871 Νεαρῶν

2182 887 2481 956 κληρικοὺς
2525 887 2695 953 λέγει,
2729 888 3173 959 πρεσϐυτέρους,
3208 889 3513 953 διακόνους,
3555 891 3784 945 ὑποδια-

2182 981 2397 1045 κόνους,
2429 979 2810 1049 ἀναγνώστας,
2858 981 3097 1051 ψάλτας,
3130 982 3164 1053 ἡ
3199 983 3381 1050 μέντοι
3420 980 3474 1047 ς’
3505 983 3647 1037 διάτ.
3681 982 3780 1035 τοῦ

2182 1073 2230 1143 γ’
2264 1076 2368 1128 τίτ.
2400 1075 2494 1128 τοῦ
2524 1074 2571 1129 α’
2620 1075 2827 1145 βιϐλίου
2858 1074 2955 1130 τοῦ
3004 1075 3258 1142 κώδικος,
3299 1076 3396 1131 καὶ
3446 1073 3781 1147 ἐξορκιστῶν

2183 1166 2278 1220 καὶ
2299 1164 2569 1237 πυλωρῶν
2602 1168 2900 1237 μέμνηται.

2255 1256 2537 1325 Σχόλιον.
2580 1256 2643 1309 Ἡ
2676 1256 2719 1325 β’
2748 1256 2891 1311 διάτ.
2920 1256 3017 1310 τοῦ
3044 1256 3094 1311 α’
3127 1257 3233 1312 τίτ.
3262 1258 3374 1312 τῶν
3402 1261 3632 1333 Νεαρῶν
3658 1263 3778 1315 ἐστι

2182 1349 2351 1418 νεαρὰ
2392 1348 2828 1413 Ἰουστινιάνειος
2876 1348 3019 1421 ρκγ’,
3055 1352 3291 1423 κειμένη
3332 1355 3391 1406 ἐν
3452 1354 3644 1427 βιϐλίῳ
3666 1356 3780 1408 τῶν

2182 1440 2489 1497 Βασιλικῶν
2521 1442 2591 1512 γ’,
2624 1444 2733 1499 τίτ.
2768 1452 2840 1508 α’,
2898 1461 3025 1515 κεφ.
3069 1444 3184 1515 μβ¹,
3212 1449 3456 1503 τοιοῦτον
3514 1448 3613 1519 μὲν
3666 1443 3782 1503 οἷον

2182 1536 2334 1599 ἐντός
2372 1552 2529 1605 φησι,
2562 1536 2623 1589 τὸ
2673 1536 2755 1591 λα’
2787 1555 2943 1607 κεφ.,
2975 1538 3051 1609 μὴ
3102 1539 3435 1611 περιέχοντι,
3479 1542 3786 1614 διαλαμϐά-

2182 1646 2329 1681 νοντι
2361 1628 2418 1681 δὲ
2455 1628 2631 1681 ταῦτα
2679 1630 2859 1701 ῥητῶς
2890 1646 2905 1659 '
2943 1631 3083 1696 Τοὺς
3128 1630 3183 1684 δὲ
3213 1633 3640 1706 πρεσϐυτέρους,
3687 1636 3786 1690 καὶ

2181 1721 2487 1786 διακόνους,
2546 1723 2641 1775 καὶ
2691 1723 3103 1790 ὑποδιακόνους,
3132 1727 3226 1778 καὶ
3263 1726 3640 1795 ἀναγνώστας,
3688 1732 3784 1783 καί

2180 1815 2391 1886 ψάλτας
2411 1814 2506 1878 οὓς
2530 1815 2737 1879 πάντας
2758 1816 3055 1888 κληρικοὺς
3078 1818 3373 1889 καλοῦμεν,
3392 1822 3459 1873 τὰ
3482 1822 3791 1891 πράγματα

482 1923 629 1971 mus,
672 1916 729 1961 ut
772 1922 859 1962 res
893 1922 1228 1977 quocunque
1273 1910 1436 1961 modo
1489 1908 1556 1962 ad
1614 1908 1859 1979 ipsorum
1895 1910 2075 1965 domi-

2198 1906 2273 1974 ιφ*
2294 1906 2614 1977 οἱουδήποτε
2639 1908 2843 1979 τρόπου
2864 1910 2943 1972 εἰς
2966 1909 3067 1980 τὴν
3094 1911 3271 1963 αὐτῶν
3288 1910 3608 1966 δεσποτείαν
3630 1932 3785 1985 περι·

482 2001 634 2055 nium
692 2000 987 2057 devolutas
1040 2001 1146 2055 sub
1202 2009 1474 2071 potestate
1538 2017 1637 2057 sua
1702 2002 1941 2059 habeant
2010 2004 2077 2059 ad

484 2091 663 2145 instar
689 2090 1057 2147 castrensium
1093 2090 1467 2160 peculiorum,
1499 2090 1888 2160 prtecipiinus:
1932 2100 1989 2145 ut
2026 2100 2082 2146 et

486 2183 698 2238 donare
742 2198 838 2238 eas
888 2182 1123 2254 possint,
1154 2193 1209 2237 et
1253 2184 1320 2237 de
1368 2182 1457 2239 his
1498 2184 1689 2239 testari
1725 2184 1944 2239 tametsi
1976 2184 2082 2239 sub

487 2283 766 2346 potestate
793 2285 1082 2346 parentum
1115 2276 1244 2330 sint.
1298 2276 1374 2330 Ita
1402 2286 1610 2341 tamen,
1640 2284 1697 2329 ut
1726 2276 1921 2331 horum
1959 2276 2078 2344 ﬁlii,

481 2378 578 2423 aut
609 2368 696 2423 his
722 2382 829 2423 non
866 2368 1319 2433 subsistentibus,
1352 2375 1614 2438 parentes
1655 2382 1849 2424 eorum
1901 2368 2084 2441 legiti-

480 2479 627 2519 mam
662 2463 973 2533 portionem
1009 2461 1210 2517 ferant.

572 2645 767 2701 Const.
828 2644 885 2712 6,
926 2644 1013 2699 tit.
1066 2646 1120 2709 5,
1189 2645 1264 2700 lib
1318 2662 1336 2701 ι
1380 2645 1503 2702 cod.
1542 2646 1717 2716 posita
1773 2654 1861 2702 est
1902 2644 1958 2701 in
1986 2644 2081 2700 lib.

483 2736 759 2801 Basil.nl,
793 2752 914 2807 cap.
949 2736 1010 2804 5;
1047 2752 1239 2791 verum
1283 2738 1571 2793 exorcistaa
1611 2738 1803 2793 omissi
1844 2746 1976 2793 sunt
2028 2736 2085 2791 in

488 2830 908 2901 repurgatione;
959 2829 1123 2883 habet
1159 2829 1304 2883 enim
1347 2831 1474 2885 illud
1507 2841 1673 2901 caput
1708 2831 1851 2887 hunc
1880 2831 1935 2885 in
1966 2845 2086 2884 mo-

486 2922 658 2977 dum:
700 2920 897 2977 Omnis
942 2923 1181 2979 clericus
1209 2939 1385 2993 usque
1415 2924 1482 2979 ad
1521 2925 1779 2979 ostiarios
1815 2939 1846 2979 a
1891 2939 2082 2993 perso-

488 3017 706 3071 nalibus
741 3029 1037 3071 cxcusator
1088 3016 1431 3071 muneribus.
1469 3019 1649 3088 Atque
1689 3018 1803 3072 haec
1862 3018 2087 3089 quidem

491 3112 595 3164 hoc
626 3108 807 3164 modo.
840 3109 1063 3163 Interim
1094 3109 1257 3163 etiam
1284 3112 1449 3175 scias,
1482 3110 1628 3180 quod
1658 3110 1821 3165 hodie
1842 3107 2088 3165 Ecclesia

491 3202 630 3257 alios
651 3210 912 3270 agnoscat
944 3201 1221 3256 ostiarios.
1249 3199 1599 3272 Quapropter
1630 3216 1736 3255 non
1768 3202 1838 3257 iis
1868 3217 1991 3271 quae
2021 3201 2089 3256 de

494 3294 580 3349 his
614 3293 817 3363 scripta
869 3302 1019 3356 sunt,
1064 3293 1158 3347 sed
1200 3292 1516 3347 inveteratae
1545 3292 1932 3348 consuetudini
1978 3301 2063 3346 est

494 3387 1006 3456 obtemperandnm.
1041 3386 1238 3441 Clerici
1260 3398 1442 3441 autem
1477 3388 1779 3441 etiamnum
1822 3386 1985 3441 hodie
2015 3385 2090 3440 illi

498 3488 763 3534 vocantur
785 3520 801 3545 ,
832 3494 972 3549 quos
1010 3478 1082 3532 42
1116 3494 1239 3548 cap.
1282 3478 1362 3533 tit.
1391 3479 1456 3544 1,
1501 3478 1594 3533 lib.
1640 3478 1693 3544 ὅ,
1724 3479 2088 3545 enumeravit,

496 3572 641 3643 quod
672 3581 729 3629 et
767 3573 1026 3642 superius
1049 3571 1249 3642 partim
1274 3574 1544 3628 insertqu
1576 3579 1681 3627 est.

574 3763 653 3818 Ex
684 3774 953 3833 praesente
975 3762 1099 3828 hac,
1123 3777 1299 3833 eaque
1317 3763 1433 3820 sola
1459 3762 1576 3835 lege
1600 3772 1821 3819 constat
1849 3803 1865 3829 ,
1898 3779 2005 3821 non
2030 3763 2097 3820 li-

505 3856 684 3911 berari
705 3870 1040 3926 quemquam
1068 3871 1098 3910 a
1124 3854 1297 3925 patria
1317 3864 1607 3925 potestate,
1627 3870 1693 3910 eo
1728 3854 1873 3925 quod
1901 3854 1955 3910 in
1981 3854 2095 3911 cle-

504 3965 626 4003 rum
656 3947 968 4003 asciscitur.
991 3947 1147 4013 Quod
1178 3963 1309 4002 vero
1343 3946 1591 4021 [dicitur]
1616 3948 1877 4003 clericum
1910 3948 2101 4019 patriae

504 4042 759 4113 potestati
778 4041 1103 4107 obnoxium,
1124 4041 1284 4111 pleno
1306 4041 1535 4097 dominii
1560 4049 1727 4112 atque
1744 4040 2102 4097 ususlructus

498 4138 623 4206 jure
649 4136 713 4190 ad
752 4135 927 4190 instar
962 4134 1325 4190 castrensium
1358 4135 1700 4204 peculiorum
1752 4133 1954 4189 habere
2012 4148 2101 4188 res

502 4244 837 4300 quocunque
874 4230 1039 4285 modo
1079 4229 1182 4299 ipsi
1219 4230 1552 4300 acquisitas;
1592 4226 1695 4301 [id]
1728 4244 1795 4284 ne
1826 4228 2099 4297 intelligas

500 4327 568 4379 de
598 4324 664 4379 iis
694 4339 817 4394 qua:
845 4322 949 4393 ipsi
978 4339 1041 4378 ex
1087 4322 1302 4393 legatis,
1334 4322 1765 4387 hazreditatibus,
1807 4320 1891 4376 vel
1928 4321 2101 4375 dona-

501 4417 744 4472 tionibus
808 4416 1117 4481 obvenere,
1162 4431 1287 4487 quae
1356 4416 1567 4486 peculia
1632 4412 1944 4484 profectitia
2013 4414 2097 4468 vel

500 4509 802 4563 adventitia
840 4509 1222 4579 appellantur:
1273 4508 1367 4563 sed
1414 4508 1482 4562 de
1512 4508 1581 4563 iis
1624 4508 1807 4573 modo,
1837 4524 1959 4579 quae
1994 4508 2133 4578 ipsi-

2184 2000 2447 2065 ελθόντας
2477 2002 2583 2054 ὑπὸ
2614 2001 2713 2074 τὴν
2742 2001 2880 2055 ίδίαν
2908 2003 3054 2073 ἔχειν
3089 2004 3342 2068 ἐξουσίαν
3373 2006 3788 2079 προστάττομεν

2183 2094 2307 2147 καθ’
2336 2095 2636 2164 ὁμοιότητα
2690 2095 2801 2150 τῶν
2849 2096 3261 2166 στρατιωτικῶν
3299 2098 3603 2153 πεκουλίων
3644 2100 3787 2153 ὥστε

2184 2185 2449 2239 δύνασθαι
2504 2186 2705 2250 αὐτοὺς
2759 2187 2854 2240 καὶ
2908 2185 3200 2257 δωρεῖσθαι
3251 2185 3392 2240 κατά
3443 2188 3641 2258 νόμους
3692 2191 3788 2243 καὶ

2183 2282 2272 2335 ἐπ’
2301 2282 2487 2344 αὐτοῖς
2516 2278 2873 2335 διατίθεσθαι.
2906 2280 2968 2333 Et
2994 2279 3052 2333 δὲ
3080 2279 3173 2333 καὶ
3200 2279 3304 2333 ὑπὸ
3333 2280 3432 2352 τὴν
3454 2281 3561 2334 τῶν
3583 2281 3789 2350 γονέων

2185 2374 2323 2426 εἰσὶν
2355 2371 2629 2439 ἐξουσίαν,
2673 2373 2818 2430 οὕτω
2864 2375 3049 2443 μέντοι
3100 2391 3163 2443 γε
3214 2373 3357 2427 ὥστε
3408 2374 3535 2438 τοὺς
3581 2375 3789 2429 τούτων

2186 2465 2405 2529 παῖδας,
2446 2465 2479 2536 ἢ
2518 2464 2727 2521 τούτων
2771 2465 2847 2538 μὴ
2880 2466 3129 2521 ὑπόντων
3156 2466 3281 2532 τοὺς
3309 2469 3488 2536 γονεῖς
3513 2468 3693 2523 αὐτῶν
3722 2468 3789 2522 τὸ

2188 2559 2421 2629 νόμιμον
2451 2559 2616 2631 μέρος
2642 2560 2987 2630 κομίζεσθαι.

2270 2652 2334 2705 Ἦ
2375 2659 2430 2718 ς’
2457 2652 2606 2706 διάτ·
2637 2652 2732 2707 τοῦ
2761 2652 2809 2722 γ’
2836 2654 2942 2709 τίτ.
2975 2651 3068 2709 τοῦ
3098 2651 3147 2706 α’
3180 2653 3385 2725 βιϐλίου
3425 2655 3518 2709 τοῦ
3550 2655 3780 2717 κώδικος

2188 2744 2351 2813 ἐτέθη
2377 2746 2434 2797 ἐν
2458 2745 2648 2816 βιϐλίῳ
2668 2746 2837 2815 γ’τῶν
2855 2748 3162 2803 Βασιλικῶν
3178 2748 3285 2804 τίτ.
3312 2746 3520 2818 γ’,κεφ.
3548 2754 3609 2803 ε’.
3640 2749 3789 2819 Πλὴν

2187 2840 2250 2892 το
2267 2839 2517 2909 περὶτῶν
2536 2839 2868 2912 ἐξορκιστῶν
2886 2840 3222 2913 παρελείφθη
3239 2842 3297 2894 ἐν
3312 2845 3376 2914 τῇ
3393 2842 3791 2914 ἀνακαθάρσει.

2194 2930 2348 3000 Ἔχει
2378 2930 2486 3000 γὰρ
2521 2928 2665 2983 οὕτω
2697 2930 2758 2983 τὸ
2780 2948 2906 2999 κεφ.
2942 2932 3057 2995 Πᾶς
3100 2931 3363 3002 κληρικδς
3404 2932 3531 3002 ἄχρι
3560 2932 3651 2985 καὶ
3681 2932 3791 2986 τῶν

2189 3018 2284 3072 όστ
2294 3038 2345 3072 ια
2352 3020 2504 3090 ρίων,
2514 3020 2879 3089 προσωπικῶν
2892 3020 3406 3088 ἐξκουσσατευέσθω
3417 3021 3788 3092 λειτουργιῶν.

2191 3112 2490 3167 Καὶταῦτα
2511 3113 2609 3183 μὲν
2636 3112 2799 3167 οὔτω.
2820 3114 2893 3167 Σὺ
2915 3114 2973 3167 δὲ
2987 3114 3222 3182 γίνωσκε
3246 3113 3528 3178 ὅτιᾶλλους
3552 3115 3796 3186 σήμερον

2193 3205 2556 3273 ἐπιγινώσκει
2597 3209 2631 3278 ή
2677 3207 2977 3280 Ἐκκλησία
3008 3209 3322 3280 όστιαρίους
3352 3209 3447 3264 καὶ
3483 3207 3797 3279 πυλωροὺς,

2193 3300 2277 3354 διὸ
2306 3301 2408 3354 οὐκ
2468 3301 2758 3371 ὀφείλομεν
2796 3301 3089 3372 προσέχειν
3130 3305 3245 3365 τοῖς
3280 3303 3410 3372 περὶ
3454 3299 3663 3353 τούτων
3701 3316 3796 3367 γε·

2196 3396 2563 3465 γραμμένοις,
2609 3394 2746 3447 ἀλλὰ
2776 3398 2842 3465 τῇ
2901 3395 3183 3467 κρατούσῃ
3215 3394 3496 3465 συνηθείᾳ.
3525 3394 3797 3464 Κληρικοὶ

2193 3486 2251 3541 δὲ
2277 3488 2476 3541 ἐκεῖνοι
2518 3486 2811 3539 καλοῦνται
2844 3487 2943 3540 καὶ
2994 3487 3239 3560 σήμερον
3281 3486 3375 3550 οὒς
3422 3487 3480 3539 τὸ
3522 3484 3610 3557 μβ’
3666 3502 3795 3555 κεφ.

2196 3578 2293 3632 τοῦ
2322 3575 2369 3632 α’
2409 3579 2519 3633 τίτ.
2568 3579 2663 3633 τοῦ
2694 3577 2742 3648 γ’
2788 3579 2996 3650 βιϐλίου
3040 3580 3493 3652 ἀπηριθμὴσατο,
3530 3580 3668 3651 ὅπερ
3702 3580 3801 3632 καὶ

2211 3671 2574 3743 κατεστρώθη
2605 3674 2662 3725 ἐν
2690 3672 2848 3743 μέρει
2874 3671 3102 3727 ἀνωθεν.

2273 3762 2610 3833 Σημείωσαι.
2648 3761 2782 3815 Ἀπὸ
2823 3762 2918 3816 τοῦ
2962 3763 3231 3834 παρόντος
3272 3762 3439 3833 νόμου
3494 3762 3589 3817 καὶ
3633 3760 3801 3833 μόνου

2200 3853 2603 3923 ἀναφαίνεσθαι
2627 3854 2689 3908 τὸ
2716 3854 2792 3926 μὴ
2814 3853 3152 3909 ἀπολύεσθαι
3177 3856 3241 3908 ἐκ
3269 3855 3370 3925 τῆς
3405 3854 3801 3923 ὑπεξουσιότη-

2201 3966 2294 4012 τος
2323 3948 2414 4002 διὰ
2442 3948 2504 4003 τὸ
2539 3948 2908 4020 κληρωθῆναι.
2940 3947 3016 4002 Τὸ
3044 3949 3100 4003 δὲ
3124 3950 3271 4021 ἐχειν
3303 3946 3627 4014 emacem»;
3664 3946 3801 4018 κλη-

2209 4042 2358 4113 ρικὺν
2399 4039 2468 4094 τά
2501 4042 2594 4113 ἀφ’
2641 4042 2959 4113 οίουδήποτε
3000 4042 3204 4113 τρόπου
3249 4040 3617 4112 ἐπικτηθέντα
3653 4037 3805 4110 αὺτῷ

2206 4134 2509 4205 πράγματα
2532 4134 2674 4189 κατὰ
2699 4135 3018 4189 δεσποτείαν
3054 4136 3364 4206 καὶχρῆσιν
3387 4133 3805 4204 καθ’όμοιότητα

2202 4228 2314 4281 τῶν
2332 4229 2742 4299 στρατιωτικῶν
2769 4228 3076 4282 πεκουλίων
3109 4230 3185 4298 μὴ
3215 4227 3471 4292 ἐκλαϐοῦ,
3517 4228 3609 4280 καὶ
3634 4227 3713 4289 είς
3737 4225 3807 4279 τὰ

2204 4319 2313 4373 ἀπὸ
2360 4319 2613 4390 ληγάτων
2643 4320 2677 4390 ἢ
2723 4318 3081 4390 κληρονομῶν
3122 4319 3155 4391 ἦ
3203 4318 3424 4389 δωρεῶν
3448 4316 3805 4386 περιελθόντα

2204 4416 2388 4478 αὐτοῖς
2442 4413 2513 4468 τά
2563 4417 2658 4468 καὶ
2707 4413 2979 4484 λεγόμενα
3051 4410 3317 4466 πεκούλια
3367 4410 3805 4483 ἁπροσπόριστα.

2204 4508 2350 4562 Alli
2380 4510 2461 4572 είς
2495 4508 2632 4579 μόνα
2655 4509 2724 4562 τὰ
2748 4506 3025 4580 προφάσει
3073 4505 3165 4561 τοῦ
3198 4506 3403 4577 κλήρου
3440 4502 3810 4574 ἐπικτηθέντα

501 4603 799 4657 occasione
848 4602 1144 4657 clericatus
1198 4618 1503 4657 accessere.
1571 4602 1647 4657 Ita
1717 4602 1866 4657 enim
1930 4603 2094 4668 illud,

2210 4602 2414 4665 αὐτοῖς.
2448 4599 2607 4654 Οὕτω
2635 4602 2742 4670 γὰρ
2776 4599 3077 4671 ἐκληπτέον
3108 4598 3170 4652 τὸ
3204 4599 3295 4667 ἀφ’
3330 4596 3657 4667 οίουδήτινος
3684 4594 3812 4664 τρό-

502 4694 848 4765 Quocunque
883 4698 1071 4759 modo,
1101 4696 1527 4767 .intelligcndum
1573 4705 1677 4751 est.
1712 4695 1849 4750 Nam
1901 4712 1932 4751 a
1962 4712 2101 4766 prae-

508 4798 666 4843 sente
707 4788 823 4856 lege
851 4785 998 4856 leges
1032 4786 1101 4844 de
1129 4789 1356 4858 peculiis
1387 4804 1495 4843 non
1527 4796 1877 4844 evertuntur.
1902 4788 2101 4855 Quaere

502 4896 637 4936 vero
661 4881 824 4934 etiam
866 4881 936 4935 55
961 4896 1226 4936 canonem
1259 4882 1474 4936 concilii
1504 4880 1985 4951 Carthaginensis,
2006 4883 2102 4952 qui

502 4976 569 5029 de
590 4975 758 5029 rebus
776 4989 896 5042 quae
925 4974 1220 5030 clericatus
1243 4975 1533 5030 occasione
1559 4974 1625 5029 ad
1655 4975 1886 5031 clericos
1919 4974 2106 5030 devol-

502 5077 739 5134 vuntur,
775 5076 831 5123 et
858 5082 978 5135 quae
1005 5067 1074 5121 ab
1114 5067 1249 5137 ipsis
1287 5068 1340 5120 in
1368 5068 1714 5123 testamentis
1754 5067 1989 5137 relinqui
2014 5067 2109 5122 de-

507 5162 677 5226 bent,
710 5161 991 5216 diversum
1047 5161 1307 5230 quiddam
1359 5161 1430 5215 ab
1473 5161 1576 5215 hac
1611 5170 1882 5229 praesente
1924 5161 2105 5215 docet.

503 5254 776 5309 Existimo
796 5255 942 5309 enim
971 5253 1201 5308 canonis
1232 5252 1664 5327 [prazscriptum]
1698 5255 1981 5324 praelatum
2017 5254 2107 5321 iri,

503 5365 823 5420 quanquam
844 5349 895 5404 id
924 5363 1034 5403 non
1061 5347 1223 5403 faciat
1248 5349 1387 5403 mala
1407 5348 1769 5404 consuetudo.
1792 5349 1970 5419 Atque
1994 5349 2111 5403 haec

502 5444 726 5513 quidem
755 5444 821 5499 de
844 5443 1002 5499 bonis
1034 5443 1382 5508 clericorum,
1416 5452 1586 5514 atque
1629 5442 1803 5513 patria
1841 5452 2111 5514 potestate

502 5541 560 5596 in
614 5541 787 5610 ipsos.
856 5538 1028 5594 Porro
1111 5539 1439 5609 patriarchae
1486 5538 2109 5606 Constantinopolitani,

510 5633 678 5708 [ejus]
706 5647 815 5705 que
858 5632 1031 5689 solius
1062 5630 1480 5703 magistratuum
1507 5633 1770 5704 insignia,
1799 5634 1974 5703 patria
2010 5648 2111 5703 po-

507 5726 702 5780 testate
722 5724 957 5781 clericos
978 5724 1233 5779 liberant.
1264 5723 1384 5791 Qua
1413 5726 1480 5779 de
1515 5740 1574 5779 re
1611 5724 1730 5794 lege
1759 5739 1882 5794 quae
1910 5726 1960 5778 in
1984 5740 2108 5794 cap.

506 5816 579 5871 36
633 5818 924 5887 praesentis
946 5817 1035 5872 tit.
1085 5832 1116 5872 a
1146 5817 1303 5874 nobis
1334 5817 1538 5888 scripta
1565 5825 1715 5874 sunt.
1746 5816 2111 5887 Episcopatus

510 5924 645 5965 vero
671 5909 906 5979 dignitas
934 5910 989 5967 in
1018 5910 1136 5983 ipsa
1165 5910 1458 5969 confestim
1490 5910 1838 5968 ordinatione
1876 5925 1908 5965 a
1933 5910 2111 5982 patria

2214 4712 2343 4759 που,
2377 4696 2459 4748 ὅτι
2490 4694 2611 4747 οὐδὲ
2642 4694 3032 4762 ἀνετράπησαν
3064 4690 3173 4745 ὑπὸ
3207 4690 3477 4761 παρόντος
3516 4689 3705 4758 νόμου,
3759 4686 3813 4739 οἱ

2212 4789 2343 4859 περὶ
2370 4788 2477 4841 τῶν
2502 4787 2808 4840 πεκουλίων
2834 4787 3011 4856 νόμοι.
3042 4787 3207 4855 Ζήτει
3253 4784 3313 4837 δὲ
3345 4783 3441 4837 καὶ
3476 4782 3566 4834 τὸν
3594 4778 3671 4850 λβ¹
3705 4797 3809 4833 και

2212 4880 2341 4933 νόνα
2366 4881 2466 4950 τῆς
2494 4881 2551 4933 ἐν
2578 4882 2661 4934 Κα
2673 4879 2939 4950 ρθαγέννῃ
2972 4878 3193 4931 συνόδου
3217 4876 3404 4947 ἕτερόν
3425 4893 3477 4928 τι
3494 4874 3815 4927 διδάσκοντα

2216 4969 2367 5038 παρὰ
2391 4968 2481 5021 τὸν
2509 4969 2756 5039 παρόντα
2783 4967 2950 5039 νόμον
2968 4967 3127 5038 χάριν
3144 4965 3254 5019 τῶν
3273 4964 3545 5035 προφάσει
3566 4961 3660 5015 τοῦ
3682 4961 3817 5033 κλή-

2218 5078 2312 5132 ρου
2344 5060 2739 5131 περιελθόντων
2761 5058 3110 5131 πραγμάτων
3136 5060 3217 5121 είς
3242 5057 3369 5121 τοὺς
3392 5056 3693 5128 κληρικοὺς
3716 5056 3816 5108 καὶ

2215 5158 2376 5227 χάριν
2407 5154 2516 5207 τῶν
2560 5153 2905 5223 ἐνδιαθήκοις
2942 5151 3455 5221 καταλιμπάνεσθαι
3489 5146 3816 5219 ὀφειλόντων

2218 5249 2323 5303 ὑπὸ
2368 5246 2576 5301 τούτων
2610 5246 2953 5318 πραγμάτων
2979 5259 2993 5274 ⁸
3018 5242 3228 5314 νομίζω
3266 5242 3377 5314 γὰρ
3424 5242 3500 5305 ὡς
3540 5256 3817 5312 προτιμη-

2218 5342 2476 5411 θήσονται
2505 5341 2576 5393 τὰ
2602 5338 2695 5392 τοῦ
2726 5339 2951 5401 κανόνος
2979 5338 3084 5391 κᾶν
3109 5336 3219 5391 ἀπὸ
3251 5334 3542 5406 συνηθείας
3561 5332 3722 5387 τοῦτο
3755 5332 3816 5383 οὐ

2218 5439 2449 5505 γίνεται.
2484 5435 2595 5489 Καὶ
2640 5432 2816 5487 ταῦτα
2868 5433 2969 5499 μὲν
3000 5432 3161 5503 χάριν
3198 5430 3307 5484 τῶν
3338 5429 3683 5500 πραγμάτων
3708 5426 3817 5480 τῶν

2219 5529 2522 5603 κληρικῶν,
2568 5529 2663 5582 καὶ
2696 5527 2796 5597 τῆς
2830 5525 3282 5595 ὑπεξουσιότητος
3326 5522 3507 5577 αὐτῶν
3530 5520 3603 5573 τὰ
3636 5520 3693 5574 δὲ
3724 5516 3818 5571 τοῦ

2219 5619 2849 5682 Κωνσταντινουπόλεως
2873 5619 2966 5672 καὶ
2993 5618 3155 5689 μόνον
3174 5613 3493 5685 ἀρχοντίκια
3522 5609 3819 5665 ἀπολύουσι

2218 5725 2318 5793 τῆς
2352 5716 2810 5786 ὑπεξουσιότητος
2840 5714 2967 5777 τοὺς
2997 5712 3316 5782 κληρικοὺς,
3337 5707 3431 5762 καὶ
3449 5704 3723 5775 ἀνάγνωθι
3752 5701 3821 5755 τά

2220 5810 2352 5882 περὶ
2410 5806 2601 5862 τούτου
2651 5804 2782 5876 παρ’
2811 5802 2970 5873 ἡμῶν
3008 5798 3290 5872 γραφέντα
3341 5797 3421 5861 είς
3462 5794 3524 5849 τὸ
3570 5794 3659 5857 λς’
3691 5808 3818 5857 κεφ.

2220 5903 2315 5960 τοῦ
2348 5902 2613 5974 παρόντος
2637 5899 2742 5953 τίτ.
2778 5898 2849 5952 Τὸ
2875 5894 2931 5948 δὲ
2964 5894 3185 5965 ἀξίωμα
3213 5891 3316 5963 τῆς
3347 5887 3655 5957 ἐπισκοπῆς
3686 5882 3818 5938 ἀπέ.
