4146 6446
361 426 497 490 1017

1176 425 1667 489 NOMOCANON.
1709 453 1780 463 --
1815 428 1964 489 TIT.
2011 427 2056 504 I,
2102 429 2260 494 CAP.
2304 428 2801 491 XXXI-XXXIV.

3532 434 3672 498 1013

355 542 518 596 ναθεν
535 539 868 595 ἀπαλλάττει
894 539 1020 604 τοὺς
1039 539 1556 612 χειροτονουμένους
1579 541 1643 592 ἐκ
1684 540 1784 610 τῆς
1823 540 1956 594 ὑπε-
1983 598 1990 608 η

2078 550 2327 597 intestate
2359 543 2574 605 liberat,
2610 543 3073 613 quemadmodum
3115 546 3220 600 hoc
3273 545 3438 602 etiam
3477 547 3530 602 in
3565 565 3665 604 eu-

360 631 728 703 ξουσιότητος,
775 631 960 696 καθὼς
993 633 1088 684 καὶ
1132 630 1201 684 τὰ
1229 630 1358 700 περλ.
1387 630 1581 684 τούτου
1624 632 1685 684 ὲν
1709 631 1786 702 τῷ
1811 631 1962 704 αὐτῷ

360 743 487 796 κεφ.
522 725 862 797 πλατύτερον
885 723 1248 796 παρεδηλὼσα
1257 742 1377 794 μεν.

447 837 986 906 Ἕτερονσχόλιον.
1029 835 1367 907 Σημείωσαι.
1408 835 1466 888 Ὀ
1493 835 1590 905 μὲν
1630 835 1962 907 συνθέμενος

360 929 423 984 τὸ
452 931 816 1000 νομοκάνονον
838 927 1184 999 πατριάρχου
1214 927 1424 999 μέλλων
1441 927 1653 994 διδάξαι
1677 928 1825 992 τίνες
1857 930 1965 982 εἰσὶ

364 1021 623 1095 κληρικοὶ
664 1021 1032 1094 παρέπεμψεν
1061 1021 1195 1075 αὐτὸ
1235 1022 1316 1082 εἰς
1360 1020 1452 1074 τὸν
1489 1019 1567 1074 κδ’
1625 1021 1834 1078 κανόνα
1861 1025 1962 1094 τῆς

365 1117 426 1169 ὲν
448 1115 742 1188 Λαοδικείᾳ
776 1115 999 1168 συνόδου
1046 1112 1485 1185 συναριθμοῦντα
1515 1115 1628 1176 τοῖς
1680 1113 1967 1186 κληρικοῖς

365 1209 456 1262 καὶ
486 1209 610 1270 τοὺς
633 1206 924 1278 μοναχούς.
942 1204 1085 1276 Ἐγὼ
1108 1207 1164 1260 δὲ
1187 1207 1291 1260 οὐκ
1317 1206 1624 1277 ἀφίσταμαι
1651 1199 1726 1260 ὧν
1753 1205 1970 1277 ἔγραψα

362 1302 442 1364 εἰς
475 1299 567 1354 τὸν
603 1297 660 1352 ιδ’
682 1299 887 1354 κανόνα
939 1299 1042 1369 τῆς
1099 1296 1143 1364 ζ’
1200 1299 1444 1361 συνόδου,
1476 1299 1571 1352 καὶ
1623 1299 1728 1352 ἀνά
1767 1299 1965 1354 ταῦτα.

372 1393 714 1466 Προστίθημι
740 1392 797 1446 δὲ
827 1395 941 1458 τοῖς
972 1395 1268 1465 γραφεῖσιν
1297 1399 1391 1449 καὶ
1418 1393 1613 1460 ταῦτα,
1644 1394 1726 1448 ὅτι
1753 1394 1802 1446 εί
1832 1393 1963 1465 δοθῇ

362 1487 476 1541 ἀπὸ
508 1487 676 1558 μόνης
704 1487 806 1557 τῆς
849 1487 1217 1560 ἁποκάρσεως
1266 1488 1627 1556 ἀναγνώστας
1663 1484 1805 1542 εἶναι
1837 1488 1966 1554 τοὺς

370 1579 640 1650 μοναχοὺς
674 1579 1040 1643 ἀδιαστίκτως
1075 1580 1144 1632 τὰ
1172 1579 1284 1633 τῶν
1326 1581 1695 1648 ἁναγνωστῶν
1729 1580 1962 1649 ἐνεργήα

367 1689 522 1725 σουσι
575 1673 782 1737 πάντες
841 1675 1069 1744 μοναχο“ι
1125 1672 1575 1744 ἀποκεκαρμένοι
1642 1671 1745 1726 κᾶν
1807 1670 1964 1744 παρὰ

368 1767 623 1837 μοναχῶν
686 1765 878 1836 ἱερέων
955 1765 1319 1837 ἀπεκάρησαν
1423 1766 1560 1836 μήτε
1633 1765 1962 1836 ἡγουμένων

363 1859 535 1913 ὄντων
556 1901 570 1925 ,

367 1968 560 2022 σιμον,
601 1951 740 2022 ὅπερ
767 1951 972 2004 ἄτοπον
1025 1949 1121 2002 καὶ
1161 1947 1377 2017 γυναιξὶ
1408 1947 1464 2001 δὲ
1505 1951 1769 2018 μοναχαῖς
1800 1947 1961 2002 τοῦτο

363 2043 424 2097 τὸ
476 2043 688 2096 δίκαιον
753 2040 1341 2112 ὲπιφιλοτιμηθήσεται
1408 2039 1498 2094 διὰ
1553 2039 1653 2111 τὴν
1710 2040 1960 2111 ἀπόκαρ-

364 2153 473 2201 σιν,
513 2137 652 2206 ὅπερ
697 2134 846 2186 ἐστὶν
896 2134 990 2187 ἐπὶ
1049 2133 1214 2188 πλέον
1261 2133 1632 2189 ἀτοπώτατον.
1673 2133 1766 2204 Μὴ
1830 2133 1963 2202 γοῦν

361 2227 611 2298 πρόσχῃς
669 2228 736 2296 τῇ
786 2228 930 2295 κακῇ
982 2224 1265 2296 συνηθείᾳ,
1297 2226 1449 2297 ζήτει
1476 2225 1534 2278 δὲ
1566 2223 1666 2296 τὴν
1692 2224 1958 2280 διάλυσιν.

434 2314 686 2367 ΚΕΦΑΛ.
728 2313 850 2367 AB'.
889 2343 962 2354 ——
1005 2313 1146 2380 Περὶ
1191 2313 1300 2368 τοῦ
1345 2312 1428 2383 μὴ
1487 2313 1963 2383 χειροτονεῖσθαι

359 2405 601 2474 οὗτινος
626 2407 666 2475 ἡ
699 2407 856 2477 γυνὴ
892 2407 1234 2478 ἐμοιχεύθη,
1283 2407 1382 2461 καὶ
1412 2405 1525 2461 ἐὰν
1551 2405 1710 2477 γυνὴ
1746 2409 1962 2476 2:1qu-

361 2507 477 2557 κοῦ
512 2519 615 2572 μοι
619 2500 812 2572 χευθῇ
821 2540 834 2556 .

431 2611 662 2666 Συνόδου
690 2609 1132 2680 Νεοκαισαρείας
1161 2609 1344 2664 κανὼν
1371 2608 1446 2681 η’.

434 2704 746 2770 Κείμεγον.
766 2704 877 2757 Καὶ
905 2705 934 2757 6
961 2705 1239 2769 πολιτικὸς
1253 2706 1418 2777 νόμος
1447 2724 1502 2761 κ.
1520 2725 1572 2765 τ.
1597 2707 1673 2774 λ.,
1704 2709 1962 2782 usquead

362 2793 652 2864 ρεπουδίου
695 2794 802 2866 ρλδ¹
829 2797 1052 2868 νεαρᾶς.

433 2908 717 2976 Σχόλιον.
738 2905 796 2960 Ὁ
815 2907 859 2959 θ’
880 2907 986 2960 τίτ.
1011 2905 1107 2960 τοῦ
1135 2905 1180 2960 θ’
1205 2907 1413 2978 βιϐλίου
1435 2907 1528 2963 τοῦ
1551 2909 1784 2978 κὼδικος
1803 2913 1964 2985 ἐτέθη

361 2998 423 3049 ἐν
459 2996 652 3069 βιϐλίῳ
678 2995 722 3065 ξ’
747 2996 858 3050 τῶν
885 2996 1198 3050 Βασιλικῶν
1235 2995 1342 3052 τίτ.
1366 2995 1465 3062 λζ’,
1496 3016 1626 3067 κεφ,
1665 2997 1774 3069 μβᾏ
1806 2999 1965 3053 τοῦτο

358 3090 422 3144 δὲ
450 3089 512 3143 τὺ
542 3106 671 3159 κεφ.
711 3088 1055 3162 παρελείφθη
1079 3105 1093 3119 ·
1139 3091 1172 3160 ἡ
1235 3088 1343 3159 ρλδ⁹
1375 3089 1546 3161 νεαρά
1593 3091 1689 3144 τοῦ
1732 3093 1964 3150 Ἰουστι-

2067 629 2192 685 dem
2247 631 2426 701 capite
2487 631 2652 688 latius
2690 632 3215 690 demonstravimus.

2140 842 2306 896 Aliud
2355 843 2638 897 scholium.
2695 842 3040 907 Patriarcha,
3080 843 3174 914 qui
3227 859 3668 902 nomocanonem

2067 941 2398 1010 composuit,
2422 941 2686 996 docturus
2711 942 2938 1010 quinam
2968 941 3077 996 sint
3097 941 3307 1005 clerici,
3343 942 3662 1015 [lectoremI

2067 1047 2196 1086 mox
2230 1031 2445 1086 remisit
2468 1032 2535 1086 ad
2562 1047 2832 1087 canonem
2863 1033 2934 1086 9.1
2967 1033 3187 1088 concilii
3214 1032 3540 1101 Laodiceni,
3571 1040 3664 1108 qui

2070 1123 2284 1179 clericis
2308 1124 2473 1178 etiam
2503 1125 2807 1180 monachos
2836 1135 3225 1181 connumerat.
3250 1129 3365 1198 Ego
3398 1143 3528 1183 vero
3558 1145 3667 1184 non

2071 1217 2268 1270 recedo
2301 1217 2370 1270 ah
2407 1215 2473 1270 iis
2511 1232 2634 1286 qua:
2687 1215 2741 1270 in
2796 1233 3065 1272 canonem
3098 1218 3167 1272 14
3198 1219 3418 1274 concilii
3447 1221 3670 1289 septimi

2072 1307 2290 1375 scripsi,
2344 1321 2466 1376 quae
2517 1306 2654 1376 lege.
2692 1305 2838 1373 Quin
2885 1308 3106 1378 scriptis
3154 1308 3379 1377 adjicio,
3434 1310 3585 1380 quod
3624 1311 3670 1366 si

2073 1399 2410 1454 concedatur
2463 1415 2560 1469 per
2611 1399 2788 1455 solam
2833 1402 3143 1456 tonsionem
3207 1403 3510 1458 monachos
3553 1403 3674 1458 ﬁeri

2073 1492 2328 1556 lectores,
2390 1491 2528 1546 citra
2585 1492 2998 1548 distinctionem
3048 1494 3364 1564 quicunque
3413 1497 3672 1551 monachi

2074 1586 2258 1654 tonsi,
2315 1601 2439 1656 quae
2509 1585 2778 1640 lectorqu
2847 1585 3156 1660 [propria]
3221 1596 3369 1655 sunt,
3424 1587 3672 1643 facient:

2076 1675 2293 1731 tametsi
2315 1691 2346 1731 a
2386 1675 2673 1731 monachis
2707 1676 3113 1739 sacerdotibus,
3149 1676 3242 1745 qui
3273 1675 3674 1748 [monasterio-

2076 1761 2240 1836 rum]
2277 1763 2538 1834 preesnles
2583 1777 2693 1818 non
2731 1772 2880 1828 sunt,
2926 1779 3107 1834 neque
3139 1763 3205 1818 ab
3236 1764 3496 1836 episcopo
3524 1764 3679 1838 [ton-

651 1861 790 1930 μήτε
830 1857 940 1912 ἀπὸ
999 1859 1306 1912 ἐπισκόπου
1357 1856 1634 1911 λαϐόντων
1687 1857 1748 1911 τὸ
1809 1857 1961 1911 ἐνδό-

2076 1854 2264 1926 deudi]
2303 1855 2618 1911 facultatem
2651 1863 3022 1925 acceperunt,
3058 1853 3206 1909 tonsi
3241 1854 3390 1909 sint:
3419 1856 3568 1925 quod
3605 1857 3676 1911 ab

2072 1949 2300 2005 surdum
2340 1957 2445 2004 est.
2503 1948 2620 2003 lmo
2653 1963 2784 2003 vero
2843 1946 3172 2002 mulieribus
3225 1947 3520 2003 monachis
3569 1948 3675 2006 hoc

2065 2042 2163 2114 jus
2227 2052 2450 2113 propter
2493 2042 2807 2097 tonsionem
2870 2040 3036 2096 etiam
3086 2038 3364 2110 indulgeri.
3419 2039 3674 2105 debebit,

2072 2135 2219 2206 quod
2251 2135 2413 2206 longe
2444 2134 2908 2189 absurdissimum
2948 2141 3054 2187 est.
3085 2131 3166 2186 Ne
3197 2131 3366 2202 igitur
3395 2132 3676 2189 auscultes

2075 2226 2231 2282 malae
2266 2223 2677 2286 consuetudini,
2712 2223 2808 2279 sed
2839 2223 3244 2278 correctionem
3282 2238 3519 2292 qumras.

2144 2313 2304 2370 CAP.
2333 2311 2555 2368 XXXII.
2585 2339 2634 2351 -
2677 2309 2761 2366 Nc
2783 2311 3085 2378 ordinetur,
3119 2309 3274 2377 cuius
3329 2327 3468 2365 uxor
3519 2311 3679 2365 adul-

2074 2408 2266 2462 terium
2331 2406 2616 2470 commisit,
2688 2413 2739 2460 et
2797 2404 2846 2459 si
2909 2402 3092 2458 clerici
3163 2418 3301 2456 uxor
3351 2403 3680 2459 adullerium

2075 2513 2244 2552 comm
2254 2496 2404 2550 iserit
2417 2535 2430 2548 .

2057 2650 2061 2654 .
2148 2607 2380 2661 Concilii
2416 2604 2880 2659 Neocaasariensis
2907 2620 3086 2660 canon
3125 2603 3182 2660 8.

2149 2696 2361 2751 Trxtus.
2402 2693 2580 2749 Etiam
2623 2695 2706 2748 lex
2753 2693 2930 2749 civilis
2969 2703 3101 2759 etc.,
3136 2710 3301 2765 usque
3332 2694 3403 2748 ad
3448 2693 3680 2749 novella:

2077 2788 2181 2843 154
2211 2789 2277 2842 de
2310 2787 2575 2856 repudiis.
2609 2796 2666 2839 ut
2700 2803 2822 2856 pag.
2859 2785 2988 2841 555.

2151 2898 2450 2954 Scholium.
2519 2895 2630 2952 'I‘it.
2673 2897 2706 2952 9
2773 2897 2870 2952 lib.
2915 2915 2968 2952 ιι
3017 2898 3143 2953 cod.
3198 2897 3412 2968 positus
3476 2906 3561 2953 est
3621 2896 3675 2951 in

2071 2993 2171 3048 lib.
2203 2991 2370 3048 Basil.
2426 3008 2516 3058 1.x,
2564 2991 2652 3048 tit.
2703 2991 2798 3056 57,
2859 3007 2985 3064 cap.
3012 2991 3106 3046 42.
3160 2990 3278 3046 Hoc
3329 3006 3464 3045 vero
3510 2999 3680 3060 caput

2077 3087 2346 3142 omissum
2405 3093 2508 3141 est.
2576 3083 2800 3140 Novella
2881 3081 3155 3156 [autem]
3211 3081 3511 3139 Justiniani
3571 3083 3676 3138 l5l

359 3182 551 3238 νιανοῦ
604 3183 765 3254 ἐτέθη
802 3184 862 3238 ὲν
893 3182 1086 3254 βιϐλίῳ
1133 3181 1222 3255 κη’
1268 3183 1377 3237 τῶν
1407 3184 1716 3239 Βασιλικῶν
1758 3187 1866 3240 τίτ.
1895 3185 1963 3252 ζ’,

2075 3183 2257 3252 posita
2291 3191 2375 3236 est
2409 3181 2464 3236 in
2499 3181 2594 3235 lih.
2627 3178 2797 3234 Basil.
2843 3194 3041 3243 xxvm,
3076 3177 3163 3233 tit.
3201 3176 3254 3242 7,
3290 3192 3416 3246 cap.
3467 3178 3518 3243 I,
3558 3177 3679 3232 the-

360 3292 494 3344 κεφ.
522 3274 593 3342 α’,
623 3275 691 3341 θ’,
722 3243 826 3341 vol,
869 3243 976 3330 τίτ.
1004 3243 1072 3341 ζ’
1099 3279 1156 3329 έν
1195 3243 1357 3348 μέρει
1391 3276 1566 3341 οὕτως
1605 3277 1809 3348 ἔχοντι·

2074 3243 2224 3333 male
2256 3276 2307 3339 7.
2343 3276 2491 3347 quod
2517 3290 2616 3346 pro
2639 3283 2794 3346 parte
2821 3274 2900 3328 ita
2930 3273 3136 3328 habet:
3173 3243 3375 3326 Mulier
3403 3287 3536 3326 vero
3557 3287 3680 3340 qua:

365 3368 760 3440 μοιχευθεῖσαν
792 3371 1031 3439 γυναῖκα
1061 3372 1183 3434 ταῖς
1223 3369 1634 3442 προσηκούσαις
1658 3371 1966 3426 ὑποϐαλλο-

366 3458 541 3528 μένην
569 3461 781 3523 ποιναῖς
803 3461 862 3512 ὲν
885 3459 1236 3532 μονασνηρίῳ
1261 3459 1650 3530 ἐμϐάλλεσθαι,
1678 3464 1772 3517 καὶ
1796 3465 1845 3516 εἰ
1869 3464 1970 3536 μὲν

362 3551 504 3604 εἴσω
527 3550 734 3616 διετίας
763 3553 792 3606 6
842 3552 984 3624 ἀνὴρ
1009 3552 1179 3624 αὐτὴν
1209 3552 1506 3608 ἀναλαϐεῖν
1553 3553 1846 3626 βουληθείη
1883 3553 1971 3620 ἐξ·

362 3644 563 3699 ουσίαν
607 3644 760 3712 αὐτῷ
795 3645 1052 3717 διδόαμεν
1106 3646 1269 3701 τοῦτο
1316 3650 1514 3715 ποιεῖν,
1556 3651 1653 3702 καὶ
1696 3650 1969 3704 συνοικεῖν

361 3738 511 3814 αὐτῇ
553 3737 764 3809 μηδένα
821 3738 1070 3793 κίνδυνον
1095 3739 1348 3794 ἐντεῦθεν
1386 3739 1796 3812 εὐλαϐουμένῳ,
1831 3743 1970 3813 μήτε

360 3829 460 3883 διὰ
511 3829 622 3882 τῶν
666 3829 725 3883 ἐν
768 3832 920 3901 μέσῳ
959 3830 1264 3900 γινομένων
1303 3830 1831 3902 καταϐλαπτομένου
1874 3831 1970 3884 τοῦ

361 3921 573 3994 γάμου,
605 3921 897 3978 καὶταῦτα
929 3923 1030 3995 μέν
1077 3942 1248 3995 φησιν
1283 3927 1312 3978 ὁ
1347 3924 1629 3988 πολιτικὸς
1650 3925 1838 3995 νόμος.
1864 3925 1970 3979 Καὶ

362 4015 464 4085 ἔχε
495 4016 567 4069 τὰ
606 4016 706 4087 τῆς
744 4019 948 4089 νεαρᾶς
985 4015 1196 4090 ταύτης
1244 4018 1336 4072 ἐπὶ
1385 4018 1494 4072 τῶν
1529 4018 1758 4084 λαῖκῶν,
1791 4019 1821 4072 6
1860 4019 1971 4091 γὰρ

361 4107 830 4176 ἐκκλησιαστικὸς
853 4108 1162 4181 νόμος-ἦτοι
1191 4112 1219 4162 6
1238 4107 1288 4181 η’
1319 4107 1501 4164 κανὼν
1522 4109 1625 4181 τῆς
1651 4111 1708 4164 ἐν
1733 4111 1972 4164 Νεοκαι-

367 4200 574 4273 σαρείᾳ
619 4201 840 4256 συνόδου
896 4201 1022 4256 οὔτε
1070 4203 1162 4257 τὸν
1215 4202 1388 4273 ἄνδρα
1433 4204 1534 4274 τῆς
1588 4203 1975 4276 μοιχευθείσης

362 4295 634 4364 γυναικὸς
668 4298 748 4360 είς
786 4296 1096 4367 ὑπηρεσίαν
1130 4297 1414 4370 ἱερατικὴν
1454 4299 1784 4370 παραχωρεῖ
1817 4298 1974 4372 ἔρχε-

367 4391 522 4455 σθαι,
552 4388 676 4443 οὔτε
710 4390 804 4444 τὸν
840 4390 994 4460 ἱερέα
1039 4390 1131 4445 τὸν
1160 4391 1394 4461 σύζυγον
1421 4391 1522 4461 τῆς
1552 4391 1692 4460 μετά
1723 4391 1823 4464 τὴν
1853 4408 1972 4460 χει-

369 4481 624 4552 ροτονίαν
683 4482 1070 4554 μοιχευθείσης
1117 4487 1447 4554 παραχωρεῖ
1488 4484 1584 4536 καὶ
1641 4480 1800 4547 αὖθις
1831 4479 1973 4536 εἶναι

2072 3368 2402 3422 adulterium
2429 3366 2728 3430 commisit,
2754 3364 3199 3436 competentibus
3229 3355 3448 3419 subdita
3475 3362 3676 3434 pmnis,

2073 3465 2127 3517 in
2154 3461 2549 3516 monasterium
2584 3459 2917 3530 conjiciatur
2952 3475 2966 3523 ;
2995 3467 3162 3527 atque
3191 3458 3237 3513 si
3267 3457 3500 3510 maritus
3535 3456 3679 3510 intra

2072 3556 2355 3612 biennium
2407 3570 2530 3610 eam
2567 3554 2813 3625 recipere
2862 3552 3119 3618 voluerit,
3164 3551 3363 3605 damus
3409 3550 3460 3604 ei
3512 3547 3682 3619 hujus

2076 3649 2273 3721 agendi
2305 3647 2611 3714 licentiam,
2642 3656 2703 3702 ut
2732 3654 2787 3704 et
2821 3646 2873 3699 in
2905 3642 3262 3699 matrimonio
3295 3658 3418 3697 eam
3457 3642 3680 3707 habeat,

2073 3757 2255 3813 neque
2289 3741 2462 3796 ullum
2504 3755 2570 3795 ex
2610 3739 2715 3794 hoc
2748 3747 3071 3793 revereatur
3113 3735 3453 3808 periculum:
3491 3733 3682 3788 matri-

2073 3835 2262 3890 monio
2299 3848 2525 3904 quoque
2584 3847 2685 3902 per
2735 3846 2799 3886 ea
2839 3846 2964 3900 qua:
3015 3830 3202 3884 medio
3262 3838 3506 3898 tempore
3539 3825 3682 3880 facta

2074 3936 2224 3991 sunt,
2255 3941 2365 3982 nou
2418 3925 2689 3980 laulendo.
2723 3923 2905 3994 Atque
2947 3923 3064 3978 haec
3094 3921 3317 3993 quidem
3347 3920 3527 3976 civilis
3571 3919 3681 3974 lex.

2073 4020 2326 4092 Intellige
2374 4035 2506 4074 vero
2540 4019 2684 4072 hanc
2738 4017 3014 4072 novellam
3063 4017 3132 4070 de
3171 4015 3350 4070 laicis.
3405 4013 3681 4069 Ecclesia—

2074 4113 2213 4167 Stica
2243 4125 2482 4179 namque
2518 4108 2602 4164 lex
2628 4148 2642 4170 ,
2674 4111 2791 4163 sive
2824 4121 3004 4161 canon
3052 4107 3085 4160 8
3131 4105 3354 4160 concilii
3393 4102 3683 4157 Ncoczesa-

2077 4197 2300 4262 riensis,
2331 4194 2791 4266 uequemaritum
2821 4193 3073 4248 mulieris
3097 4191 3361 4247 adulterae
3385 4193 3452 4244 ad
3483 4205 3676 4244 sacer-

2076 4289 2258 4345 dotale
2322 4287 2694 4342 ministerium
2756 4284 3058 4348 devenire,
3091 4298 3273 4354 neque
3327 4281 3676 4337 sacerdotem

2077 4381 2335 4435 maritum
2363 4377 2634 4446 mulieris,
2675 4393 2796 4448 quze
2853 4384 2974 4446 post
3011 4373 3236 4448 lipsius]
3273 4374 3679 4429 ordinationem

2077 4473 2407 4529 adulterium
2483 4470 2765 4525 commisit
2830 4467 3494 4540 deincepssacerdotem
3557 4481 3684 4522 esse

369 4572 552 4644 ἱερέα,
579 4572 717 4629 ἀλλά
749 4571 1052 4641 ἀναγκάζει
1092 4574 1282 4628 τοῦτον
1315 4574 1588 4628 ἀπολῦσαι
1621 4575 1722 4646 τὴν
1752 4591 1973 4645 μοιχευ-

2079 4567 2248 4622 sinit:
2287 4566 2379 4620 sed
2424 4564 2573 4618 hunc
2630 4577 2860 4618 uxorem
2913 4562 3262 4626 adulteram,
3301 4559 3348 4616 si
3401 4559 3563 4614 modo
3589 4574 3682 4613 sa-

369 4665 562 4720 θεῖσαν
597 4669 834 4735 γυναῖκα
875 4666 1066 4734 αὐτοῦ,
1099 4668 1150 4720 εἰ
1187 4666 1332 4721 θέλει
1365 4666 1504 4731 τέως
1534 4667 1858 4739 ἱερατεύειν.

445 4783 703 4839 ΚΕΦΑΛ.
739 4781 865 4838 ΛΓ¹.
905 4811 979 4824 —-
1024 4782 1168 4852 Περὶ
1208 4783 1314 4838 τοῦ
1353 4781 1440 4853 μὴ
1492 4783 1973 4852 χειροτονεῖσθαι

367 4876 669 4946 κληρικὸν
707 4875 1201 4946 ἀπολελυμέγως,
1249 4876 1412 4932 ἀλλὰ
1467 4875 1711 4944 πάντως
1751 4877 1839 4944 εὶς
1877 4875 1972 4930 ἐκ-

369 4970 664 5037 κλησίας,
696 4970 735 5039 ἢ
753 4969 1160 5040 μοναστήρια.

446 5063 678 5118 Συνόδου
702 5063 1049 5135 Χαλκηδόνος
1075 5060 1261 5118 κανὼν
1287 5060 1403 5129 κς’.

445 5172 703 5225 ΚΕΦΑΛ.
738 5173 862 5226 ΛΔ’.
883 5201 959 5212 ·-
984 5171 1127 5240 Περὶ
1181 5170 1648 5240 περιοὸούντων,
1699 5169 1801 5225 καὶ
1854 5169 1975 5226 τῶν

369 5267 448 5319 ἐν
472 5263 605 5331 ταῖς
634 5263 860 5335 κώμαις
891 5265 1260 5334 ἐκκλησιῶν.

449 5359 679 5412 Συνόδου
703 5359 1029 5424 Λαοδικείας
1068 5357 1249 5413 κανὼν
1277 5357 1378 5422 νξ’.

446 5453 763 5522 Κείμενον.
803 5451 870 5506 Ἠ
897 5452 965 5506 ια’
993 5452 1162 5518 διάτ.,
1197 5451 1293 5506 τοῦ
1323 5450 1372 5519 γ’
1395 5450 1502 5506 τίτ.
1533 5449 1628 5504 τοῦ
1661 5447 1706 5503 α’
1741 5447 1971 5519 βιϐλίου,

370 5547 549 5614 λέγει,
591 5563 647 5603 κ.
687 5563 742 5602 τ.
770 5547 848 5616 λ.,
886 5562 1062 5618 usque
1097 5547 1164 5602 ad
1217 5543 1687 5600 ὑποκαταστάτων
1725 5542 1974 5612 λειτουρ-

370 5655 516 5708 γειν.

450 5730 735 5799 Σχόλιον.
783 5729 850 5786 Ἦ
909 5729 979 5784 ια’
1013 5728 1156 5784 διάτ.
1215 5727 1314 5782 τοῦ
1353 5734 1402 5797 γ’
1442 5726 1551 5783 τίτ.
1599 5725 1695 5780 τοῦ
1741 5725 1976 5790 κώδικος

375 5823 543 5895 ἐτέθη
589 5826 670 5889 εἰς
707 5825 820 5896 βιϐ.
867 5825 917 5896 γ’
965 5825 1075 5880 τῶν
1106 5823 1438 5892 Βασιλικῶν,
1477 5823 1583 5877 τίτ.
1624 5828 1696 5892 γ’,
1735 5838 1864 5890 κεφ.
1900 5818 1976 5887 ς’,

378 5915 554 5982 οὕτως
584 5915 707 5989 ἕχον
727 5917 820 5987 Ἐξ
843 5918 1014 5992 αὐτῆς
1040 5916 1140 5990 τῆς
1167 5915 1360 5991 κώμης
1392 5917 1450 5976 ὲν
1541 5917 1690 5972 ἐστιν
1715 5915 1748 5986 ἡ
1779 5913 1979 5985 ἐκκλη-

2079 4659 2327 4716 cerdotio
2362 4658 2517 4727 fungi
2567 4656 2718 4722 velit,
2762 4653 3056 4724 repudiare
3077 4653 3247 4725 cogit.

2152 4774 2304 4830 CAP.
2338 4771 2580 4829 XXXIII.
2609 4797 2681 4811 -α
2713 4767 2798 4824 Nc
2818 4767 3042 4823 clericus
3081 4769 3136 4824 in
3177 4767 3402 4823 liberum
3443 4767 3686 4821 ministe-

2083 4870 2246 4933 rium,
2287 4867 2379 4923 sed
2416 4867 2630 4921 omnino
2687 4867 2745 4919 in
2784 4862 3065 4937 [certam]
3096 4862 3376 4918 ecclesiam
3427 4871 3521 4916 aut
3568 4877 3684 4915 mo-

2083 4963 2378 5020 nasterium
2411 4961 2710 5017 ordinetur.

2161 5053 2392 5111 Concilii
2422 5050 2889 5118 Chalcedonensis
2917 5065 3095 5105 canon
3132 5049 3187 5106 6.

2155 5161 2310 5220 CAP.
2341 5161 2586 5218 XXXIV.
2609 5191 2683 5205 —-
2712 5159 2792 5215 De
2819 5158 3222 5226 circuitoribus,
3257 5167 3306 5214 et
3339 5157 3575 5212 vicorum
3599 5172 3687 5211 cc-

2083 5258 2290 5314 etesiis.

2151 5349 2383 5406 Concilii
2410 5346 2709 5403 Laodireni
2741 5360 2920 5401 canon
2948 5343 3040 5398 57.

2161 5440 2378 5495 Toxlus.
2406 5438 2598 5494 Const.
2633 5436 2722 5500 II,
2764 5436 2846 5490 tit.
2883 5435 2937 5502 5,
2980 5435 3078 5489 lih.
3111 5449 3152 5500 ι,
3181 5432 3332 5498 dicit,
3367 5441 3499 5496 etc.,
3522 5443 3685 5498 usque

2083 5535 2153 5590 ad
2190 5551 2284 5606 per
2317 5533 2575 5590 dominos
2600 5531 3025 5602 compellantur,
3048 5537 3104 5582 ιιι
3132 5544 3259 5599 pag.
3294 5525 3421 5581 558.

2157 5716 2453 5774 Scholium.
2481 5713 2718 5770 Constit.
2755 5713 2843 5780 ll,
2879 5713 2962 5768 tit.
2994 5711 3049 5779 ’5,
3081 5710 3178 5765 lib.
3208 5724 3224 5763 ι
3251 5706 3376 5764 cod.
3403 5703 3579 5774 posita
3603 5713 3686 5757 est

2085 5811 2142 5868 in
2184 5812 2282 5866 lib.
2323 5808 2492 5865 Basil.
2524 5807 2577 5877 5,
2611 5823 2733 5878 cap.
2765 5806 2820 5872 6,
2854 5806 2999 5877 quod
3034 5804 3116 5860 sic
3144 5801 3343 5858 habet:
3377 5799 3454 5854 Ex
3483 5797 3677 5853 eodem

2088 5908 2230 5978 vico,
2265 5906 2320 5963 in
2358 5921 2470 5978 quo
2486 5911 2573 5962 cst
2616 5901 2873 5974 ecclesia,
2919 5898 3223 5959 secundum
3265 5894 3676 5970 preportioncm
