  <div class='ocr_page' id='page_1' title='image "/cluster/home/n/w/nwhite01/storage/ocr_20150623/104:no.4/coo.31924054870088/519.png"; bbox 0 0 4146 6436; ppageno 0'>
   <div class='ocr_carea' id='block_1_1' title="bbox 519 383 658 452">
    <p class='ocr_par' dir='ltr' id='par_1_1' title="bbox 519 383 658 452">
     <span class='ocr_line' id='line_1_1' title="bbox 519 383 658 452; baseline 0.029 -4"><span class='ocrx_word' id='word_1_1' title='bbox 519 383 658 452; x_wconf 76' lang='grc' dir='ltr'><strong>1ίὶ19</strong></span> 
     </span>
    </p>
   </div>
   <div class='ocr_carea' id='block_1_2' title="bbox 1624 387 2604 452">
    <p class='ocr_par' dir='ltr' id='par_1_2' title="bbox 1624 387 2604 452">
     <span class='ocr_line' id='line_1_2' title="bbox 1624 387 2604 452; baseline 0.004 -4"><span class='ocrx_word' id='word_1_2' title='bbox 1624 387 1889 449; x_wconf 85' lang='grc' dir='ltr'><strong>ΡΗΟΤΙΙ</strong></span> <span class='ocrx_word' id='word_1_3' title='bbox 1931 389 2316 451; x_wconf 74' lang='lat' dir='ltr'><strong>PATRIARC</strong></span> <span class='ocrx_word' id='word_1_4' title='bbox 2331 391 2457 451; x_wconf 86' lang='grc' dir='ltr'><strong>ΙΙ.·Ε</strong></span> <span class='ocrx_word' id='word_1_5' title='bbox 2495 392 2604 452; x_wconf 86' lang='lat' dir='ltr'><strong>CP.</strong></span> 
     </span>
    </p>
   </div>
   <div class='ocr_carea' id='block_1_3' title="bbox 3703 399 3847 465">
    <p class='ocr_par' dir='ltr' id='par_1_3' title="bbox 3703 399 3847 465">
     <span class='ocr_line' id='line_1_3' title="bbox 3703 399 3847 465; baseline 0 -1"><span class='ocrx_word' id='word_1_6' title='bbox 3703 399 3847 465; x_wconf 60' lang='lat' dir='ltr'><strong>me</strong></span> 
     </span>
    </p>
   </div>
   <div class='ocr_carea' id='block_1_4' title="bbox 518 500 2116 585">
    <p class='ocr_par' dir='ltr' id='par_1_4' title="bbox 518 500 2116 577">
     <span class='ocr_line' id='line_1_4' title="bbox 518 500 2116 577; baseline 0.001 -21"><span class='ocrx_word' id='word_1_7' title='bbox 518 500 1130 577; x_wconf 75' lang='lat' dir='ltr'><strong>loci,judit-ioepiscopi</strong></span> <span class='ocrx_word' id='word_1_8' title='bbox 1153 502 1338 560; x_wconf 89' lang='lat' dir='ltr'><strong>clerici</strong></span> <span class='ocrx_word' id='word_1_9' title='bbox 1369 502 1729 558; x_wconf 82' lang='lat' dir='ltr'><strong>ordinantor:</strong></span> <span class='ocrx_word' id='word_1_10' title='bbox 1760 518 1824 558; x_wconf 88' lang='lat' dir='ltr'><strong>ac</strong></span> <span class='ocrx_word' id='word_1_11' title='bbox 1845 504 2116 574; x_wconf 83' lang='lat' dir='ltr'><strong>propriam</strong></span> 
     </span>
    </p>
   </div>
   <div class='ocr_carea' id='block_1_5' title="bbox 2226 500 3846 585">
    <p class='ocr_par' dir='ltr' id='par_1_5' title="bbox 2241 503 3846 585">
     <span class='ocr_line' id='line_1_5' title="bbox 2241 503 3846 585; baseline 0.007 -29"><span class='ocrx_word' id='word_1_12' title='bbox 2241 503 2333 556; x_wconf 91' lang='grc' dir='ltr'><strong>σία</strong></span> <span class='ocrx_word' id='word_1_13' title='bbox 2365 506 2510 558; x_wconf 72' lang='grc' dir='ltr'>κατὰ</span> <span class='ocrx_word' id='word_1_14' title='bbox 2544 506 2846 575; x_wconf 70' lang='grc' dir='ltr'><strong>ἀναλογίαν</strong></span> <span class='ocrx_word' id='word_1_15' title='bbox 2871 507 2980 560; x_wconf 84' lang='grc' dir='ltr'>τῶν</span> <span class='ocrx_word' id='word_1_16' title='bbox 3022 509 3204 565; x_wconf 86' lang='grc' dir='ltr'>τόπων</span> <span class='ocrx_word' id='word_1_17' title='bbox 3239 510 3492 582; x_wconf 76' lang='grc' dir='ltr'>κληρικοὶ</span> <span class='ocrx_word' id='word_1_18' title='bbox 3527 513 3713 585; x_wconf 83' lang='grc' dir='ltr'>κρίσει</span> <span class='ocrx_word' id='word_1_19' title='bbox 3750 507 3846 568; x_wconf 77' lang='grc' dir='ltr'>τιῦ</span> 
     </span>
    </p>
   </div>
   <div class='ocr_carea' id='block_1_6' title="bbox 519 590 2126 664">
    <p class='ocr_par' dir='ltr' id='par_1_6' title="bbox 519 590 2126 664">
     <span class='ocr_line' id='line_1_6' title="bbox 519 590 2126 664; baseline 0.002 -20"><span class='ocrx_word' id='word_1_20' title='bbox 519 591 909 659; x_wconf 86' lang='lat' dir='ltr'><strong>capitationem</strong></span> <span class='ocrx_word' id='word_1_21' title='bbox 943 602 1311 664; x_wconf 88' lang='lat' dir='ltr'><strong>agnoscunto.</strong></span> <span class='ocrx_word' id='word_1_22' title='bbox 1334 591 1576 646; x_wconf 89' lang='lat' dir='ltr'><strong>Constit.</strong></span> <span class='ocrx_word' id='word_1_23' title='bbox 1604 590 1671 645; x_wconf 87' lang='lat' dir='ltr'><strong>l6</strong></span> <span class='ocrx_word' id='word_1_24' title='bbox 1691 593 1938 658; x_wconf 85' lang='lat' dir='ltr'><strong>ejusdem</strong></span> <span class='ocrx_word' id='word_1_25' title='bbox 1970 593 2053 648; x_wconf 91' lang='lat' dir='ltr'><strong>tit.</strong></span> <span class='ocrx_word' id='word_1_26' title='bbox 2073 603 2126 648; x_wconf 87' lang='lat' dir='ltr'><strong>ct</strong></span> 
     </span>
    </p>
   </div>
   <div class='ocr_carea' id='block_1_7' title="bbox 519 680 2123 754">
    <p class='ocr_par' dir='ltr' id='par_1_7' title="bbox 519 680 2123 754">
     <span class='ocr_line' id='line_1_7' title="bbox 519 680 2123 754; baseline 0.003 -20"><span class='ocrx_word' id='word_1_27' title='bbox 519 681 619 735; x_wconf 87' lang='lat' dir='ltr'><strong>lib.</strong></span> <span class='ocrx_word' id='word_1_28' title='bbox 655 683 708 735; x_wconf 92' lang='lat' dir='ltr'><strong>in</strong></span> <span class='ocrx_word' id='word_1_29' title='bbox 743 680 910 739; x_wconf 89' lang='lat' dir='ltr'><strong>Basil.</strong></span> <span class='ocrx_word' id='word_1_30' title='bbox 936 701 1047 740; x_wconf 92' lang='lat' dir='ltr'><strong>non</strong></span> <span class='ocrx_word' id='word_1_31' title='bbox 1070 693 1149 740; x_wconf 88' lang='lat' dir='ltr'><strong>est</strong></span> <span class='ocrx_word' id='word_1_32' title='bbox 1177 682 1378 754; x_wconf 89' lang='lat' dir='ltr'><strong>posita.</strong></span> <span class='ocrx_word' id='word_1_33' title='bbox 1413 681 1650 738; x_wconf 89' lang='lat' dir='ltr'><strong>Constit.</strong></span> <span class='ocrx_word' id='word_1_34' title='bbox 1677 691 1862 738; x_wconf 86' lang='lat' dir='ltr'><strong>autem</strong></span> <span class='ocrx_word' id='word_1_35' title='bbox 1898 684 1962 750; x_wconf 74' lang='lat'><strong>2,</strong></span> <span class='ocrx_word' id='word_1_36' title='bbox 1984 685 2069 739; x_wconf 89' lang='lat' dir='ltr'><strong>tit.</strong></span> <span class='ocrx_word' id='word_1_37' title='bbox 2098 686 2123 738; x_wconf 99' lang='grc'><strong>1</strong></span> 
     </span>
    </p>
   </div>
   <div class='ocr_carea' id='block_1_8' title="bbox 521 771 2132 848">
    <p class='ocr_par' dir='ltr' id='par_1_8' title="bbox 521 771 2132 848">
     <span class='ocr_line' id='line_1_8' title="bbox 521 771 2132 848; baseline 0.004 -22"><span class='ocrx_word' id='word_1_38' title='bbox 521 771 897 838; x_wconf 85' lang='lat' dir='ltr'><strong>Novellarum,</strong></span> <span class='ocrx_word' id='word_1_39' title='bbox 961 789 1045 832; x_wconf 81' lang='lat' dir='ltr'><strong>est</strong></span> <span class='ocrx_word' id='word_1_40' title='bbox 1084 776 1297 831; x_wconf 90' lang='lat' dir='ltr'><strong>novella</strong></span> <span class='ocrx_word' id='word_1_41' title='bbox 1340 774 1639 831; x_wconf 88' lang='lat' dir='ltr'><strong>Justiuiani</strong></span> <span class='ocrx_word' id='word_1_42' title='bbox 1684 776 1811 842; x_wconf 78' lang='grc'><strong>125,</strong></span> <span class='ocrx_word' id='word_1_43' title='bbox 1838 778 2132 848; x_wconf 88' lang='lat' dir='ltr'><strong>positaque</strong></span> 
     </span>
    </p>
   </div>
   <div class='ocr_carea' id='block_1_9' title="bbox 519 869 2126 942">
    <p class='ocr_par' dir='ltr' id='par_1_9' title="bbox 519 869 2126 942">
     <span class='ocr_line' id='line_1_9' title="bbox 519 869 2126 942; baseline 0.004 -20"><span class='ocrx_word' id='word_1_44' title='bbox 519 878 609 923; x_wconf 86' lang='lat' dir='ltr'><strong>est</strong></span> <span class='ocrx_word' id='word_1_45' title='bbox 647 870 699 923; x_wconf 92' lang='lat' dir='ltr'><strong>in</strong></span> <span class='ocrx_word' id='word_1_46' title='bbox 735 869 832 924; x_wconf 87' lang='lat' dir='ltr'><strong>lib.</strong></span> <span class='ocrx_word' id='word_1_47' title='bbox 855 869 1021 926; x_wconf 86' lang='lat' dir='ltr'><strong>Basil.</strong></span> <span class='ocrx_word' id='word_1_48' title='bbox 1050 887 1132 931; x_wconf 95' lang='grc' dir='ltr'>ιιι,</span> <span class='ocrx_word' id='word_1_49' title='bbox 1159 871 1242 926; x_wconf 91' lang='lat' dir='ltr'><strong>tit.</strong></span> <span class='ocrx_word' id='word_1_50' title='bbox 1270 872 1323 936; x_wconf 91' lang='grc'><strong>1,</strong></span> <span class='ocrx_word' id='word_1_51' title='bbox 1363 887 1484 942; x_wconf 80' lang='lat' dir='ltr'><strong>cap.</strong></span> <span class='ocrx_word' id='word_1_52' title='bbox 1517 871 1606 937; x_wconf 77' lang='lat'><strong>58,</strong></span> <span class='ocrx_word' id='word_1_53' title='bbox 1637 872 1785 942; x_wconf 88' lang='lat' dir='ltr'><strong>quod</strong></span> <span class='ocrx_word' id='word_1_54' title='bbox 1811 873 1892 927; x_wconf 85' lang='lat' dir='ltr'><strong>sic</strong></span> <span class='ocrx_word' id='word_1_55' title='bbox 1925 872 2126 928; x_wconf 89' lang='lat' dir='ltr'><strong>habet:</strong></span> 
     </span>
    </p>
   </div>
   <div class='ocr_carea' id='block_1_10' title="bbox 524 959 2128 1041">
    <p class='ocr_par' dir='ltr' id='par_1_10' title="bbox 524 959 2128 1041">
     <span class='ocr_line' id='line_1_10' title="bbox 524 959 2128 1041; baseline 0.006 -28"><span class='ocrx_word' id='word_1_56' title='bbox 524 959 876 1028; x_wconf 82' lang='lat' dir='ltr'><strong>Ascriptitios</strong></span> <span class='ocrx_word' id='word_1_57' title='bbox 905 980 1034 1017; x_wconf 87' lang='lat' dir='ltr'><strong>vero</strong></span> <span class='ocrx_word' id='word_1_58' title='bbox 1065 963 1118 1017; x_wconf 90' lang='lat' dir='ltr'><strong>in</strong></span> <span class='ocrx_word' id='word_1_59' title='bbox 1153 964 1237 1037; x_wconf 68' lang='lat' dir='ltr'><strong>his</strong></span> <span class='ocrx_word' id='word_1_60' title='bbox 1255 964 1389 1041; x_wconf 73' lang='lat' dir='ltr'><strong>solis</strong></span> <span class='ocrx_word' id='word_1_61' title='bbox 1414 965 1868 1034; x_wconf 81' lang='lat' dir='ltr'><strong>possessionibus</strong></span> <span class='ocrx_word' id='word_1_62' title='bbox 1891 981 2128 1036; x_wconf 87' lang='lat' dir='ltr'><strong>quarum</strong></span> 
     </span>
    </p>
   </div>
   <div class='ocr_carea' id='block_1_11' title="bbox 522 1042 2129 1121">
    <p class='ocr_par' dir='ltr' id='par_1_11' title="bbox 522 1042 2129 1121">
     <span class='ocr_line' id='line_1_11' title="bbox 522 1042 2129 1121; baseline 0.007 -17"><span class='ocrx_word' id='word_1_63' title='bbox 522 1051 808 1121; x_wconf 88' lang='lat' dir='ltr'><strong>ascriptitii</strong></span> <span class='ocrx_word' id='word_1_64' title='bbox 843 1062 973 1108; x_wconf 91' lang='lat' dir='ltr'><strong>sunt</strong></span> <span class='ocrx_word' id='word_1_65' title='bbox 1001 1095 1015 1117; x_wconf 92' lang='lat'><strong>,</strong></span> <span class='ocrx_word' id='word_1_66' title='bbox 1045 1042 1286 1114; x_wconf 88' lang='lat' dir='ltr'><strong>clericos</strong></span> <span class='ocrx_word' id='word_1_67' title='bbox 1313 1057 1451 1113; x_wconf 89' lang='lat' dir='ltr'><strong>citra</strong></span> <span class='ocrx_word' id='word_1_68' title='bbox 1495 1059 1828 1113; x_wconf 78' lang='lat' dir='ltr'><strong>voluntatem</strong></span> <span class='ocrx_word' id='word_1_69' title='bbox 1871 1058 2129 1115; x_wconf 90' lang='lat' dir='ltr'><strong>domino-</strong></span> 
     </span>
    </p>
   </div>
   <div class='ocr_carea' id='block_1_12' title="bbox 522 1146 2130 1222">
    <p class='ocr_par' dir='ltr' id='par_1_12' title="bbox 522 1146 2130 1222">
     <span class='ocr_line' id='line_1_12' title="bbox 522 1146 2130 1222; baseline 0.007 -24"><span class='ocrx_word' id='word_1_70' title='bbox 522 1159 646 1198; x_wconf 87' lang='lat' dir='ltr'><strong>rum</strong></span> <span class='ocrx_word' id='word_1_71' title='bbox 702 1146 816 1200; x_wconf 83' lang='lat' dir='ltr'><strong>lieri</strong></span> <span class='ocrx_word' id='word_1_72' title='bbox 862 1150 1263 1207; x_wconf 89' lang='lat' dir='ltr'><strong>concedimus:</strong></span> <span class='ocrx_word' id='word_1_73' title='bbox 1305 1167 1370 1207; x_wconf 90' lang='lat' dir='ltr'><strong>ea</strong></span> <span class='ocrx_word' id='word_1_74' title='bbox 1424 1160 1610 1208; x_wconf 89' lang='lat' dir='ltr'><strong>tamen</strong></span> <span class='ocrx_word' id='word_1_75' title='bbox 1677 1153 2018 1222; x_wconf 89' lang='lat' dir='ltr'><strong>conditione,</strong></span> <span class='ocrx_word' id='word_1_76' title='bbox 2068 1163 2130 1210; x_wconf 92' lang='lat' dir='ltr'><strong>ut</strong></span> 
     </span>
    </p>
   </div>
   <div class='ocr_carea' id='block_1_13' title="bbox 522 1237 2128 1317">
    <p class='ocr_par' dir='ltr' id='par_1_13' title="bbox 522 1237 2128 1317">
     <span class='ocr_line' id='line_1_13' title="bbox 522 1237 2128 1317; baseline 0.008 -27"><span class='ocrx_word' id='word_1_77' title='bbox 522 1237 710 1292; x_wconf 83' lang='lat' dir='ltr'><strong>clerici</strong></span> <span class='ocrx_word' id='word_1_78' title='bbox 763 1239 891 1295; x_wconf 75' lang='lat' dir='ltr'><strong>facti</strong></span> <span class='ocrx_word' id='word_1_79' title='bbox 935 1243 1305 1302; x_wconf 82' lang='lat' dir='ltr'><strong>nihilominus</strong></span> <span class='ocrx_word' id='word_1_80' title='bbox 1350 1245 1666 1316; x_wconf 79' lang='lat' dir='ltr'><strong>impositam</strong></span> <span class='ocrx_word' id='word_1_81' title='bbox 1713 1245 1818 1301; x_wconf 87' lang='lat' dir='ltr'><strong>sibi</strong></span> <span class='ocrx_word' id='word_1_82' title='bbox 1855 1247 2128 1317; x_wconf 78' lang='lat' dir='ltr'><strong>agricola—</strong></span> 
     </span>
    </p>
   </div>
   <div class='ocr_carea' id='block_1_14' title="bbox 521 1329 2124 1409">
    <p class='ocr_par' dir='ltr' id='par_1_14' title="bbox 521 1329 2124 1409">
     <span class='ocr_line' id='line_1_14' title="bbox 521 1329 2124 1409; baseline 0.009 -27"><span class='ocrx_word' id='word_1_83' title='bbox 521 1329 724 1384; x_wconf 89' lang='lat' dir='ltr'><strong>tionem</strong></span> <span class='ocrx_word' id='word_1_84' title='bbox 753 1331 1108 1404; x_wconf 85' lang='lat' dir='ltr'><strong>adimpleant.</strong></span> <span class='ocrx_word' id='word_1_85' title='bbox 1137 1336 1294 1393; x_wconf 88' lang='lat' dir='ltr'><strong>Scias</strong></span> <span class='ocrx_word' id='word_1_86' title='bbox 1325 1347 1533 1402; x_wconf 87' lang='lat' dir='ltr'><strong>autem,</strong></span> <span class='ocrx_word' id='word_1_87' title='bbox 1560 1339 1708 1409; x_wconf 86' lang='lat' dir='ltr'><strong>quod</strong></span> <span class='ocrx_word' id='word_1_88' title='bbox 1733 1341 1851 1395; x_wconf 67' lang='lat' dir='ltr'><strong>haec</strong></span> <span class='ocrx_word' id='word_1_89' title='bbox 1884 1342 2124 1409; x_wconf 82' lang='lat' dir='ltr'><strong>novella,</strong></span> 
     </span>
    </p>
   </div>
   <div class='ocr_carea' id='block_1_15' title="bbox 520 1425 2128 1502">
    <p class='ocr_par' dir='ltr' id='par_1_15' title="bbox 520 1425 2128 1502">
     <span class='ocr_line' id='line_1_15' title="bbox 520 1425 2128 1502; baseline 0.01 -29"><span class='ocrx_word' id='word_1_90' title='bbox 520 1436 644 1489; x_wconf 68' lang='lat' dir='ltr'><strong>quae</strong></span> <span class='ocrx_word' id='word_1_91' title='bbox 675 1425 741 1477; x_wconf 90' lang='lat' dir='ltr'><strong>de</strong></span> <span class='ocrx_word' id='word_1_92' title='bbox 799 1425 1120 1497; x_wconf 87' lang='lat' dir='ltr'><strong>ascriptitiis</strong></span> <span class='ocrx_word' id='word_1_93' title='bbox 1156 1428 1431 1502; x_wconf 86' lang='lat' dir='ltr'><strong>[tractat]</strong></span> <span class='ocrx_word' id='word_1_94' title='bbox 1470 1432 1634 1486; x_wconf 86' lang='lat' dir='ltr'><strong>aliter</strong></span> <span class='ocrx_word' id='word_1_95' title='bbox 1682 1432 1893 1500; x_wconf 87' lang='lat' dir='ltr'><strong>habuit,</strong></span> <span class='ocrx_word' id='word_1_96' title='bbox 1939 1433 2128 1502; x_wconf 87' lang='lat' dir='ltr'><strong>prius-</strong></span> 
     </span>
    </p>
   </div>
   <div class='ocr_carea' id='block_1_16' title="bbox 521 1522 2128 1592">
    <p class='ocr_par' dir='ltr' id='par_1_16' title="bbox 521 1522 2128 1592">
     <span class='ocr_line' id='line_1_16' title="bbox 521 1522 2128 1592; baseline 0.009 -26"><span class='ocrx_word' id='word_1_97' title='bbox 521 1528 689 1582; x_wconf 87' lang='lat' dir='ltr'><strong>quam</strong></span> <span class='ocrx_word' id='word_1_98' title='bbox 734 1530 1162 1588; x_wconf 91' lang='lat' dir='ltr'><strong>componeretur</strong></span> <span class='ocrx_word' id='word_1_99' title='bbox 1214 1537 1419 1592; x_wconf 90' lang='lat' dir='ltr'><strong>corpus</strong></span> <span class='ocrx_word' id='word_1_100' title='bbox 1452 1522 1829 1590; x_wconf 88' lang='lat' dir='ltr'><strong>Novellarum,</strong></span> <span class='ocrx_word' id='word_1_101' title='bbox 1886 1533 1941 1579; x_wconf 90' lang='lat' dir='ltr'><strong>et</strong></span> <span class='ocrx_word' id='word_1_102' title='bbox 1968 1524 2128 1580; x_wconf 86' lang='lat' dir='ltr'><strong>aliter</strong></span> 
     </span>
    </p>
   </div>
   <div class='ocr_carea' id='block_1_17' title="bbox 522 1605 2123 1686">
    <p class='ocr_par' dir='ltr' id='par_1_17' title="bbox 522 1605 2123 1686">
     <span class='ocr_line' id='line_1_17' title="bbox 522 1605 2123 1686; baseline 0.007 -28"><span class='ocrx_word' id='word_1_103' title='bbox 522 1605 577 1658; x_wconf 88' lang='lat' dir='ltr'><strong>in</strong></span> <span class='ocrx_word' id='word_1_104' title='bbox 637 1623 870 1679; x_wconf 91' lang='lat' dir='ltr'><strong>corpore</strong></span> <span class='ocrx_word' id='word_1_105' title='bbox 925 1612 1256 1683; x_wconf 82' lang='lat' dir='ltr'><strong>scripta,et</strong></span> <span class='ocrx_word' id='word_1_106' title='bbox 1310 1615 1362 1668; x_wconf 92' lang='lat' dir='ltr'><strong>in</strong></span> <span class='ocrx_word' id='word_1_107' title='bbox 1407 1613 1576 1670; x_wconf 81' lang='lat' dir='ltr'><strong>Basil.</strong></span> <span class='ocrx_word' id='word_1_108' title='bbox 1620 1616 1962 1686; x_wconf 77' lang='lat' dir='ltr'><strong>trauSposita</strong></span> <span class='ocrx_word' id='word_1_109' title='bbox 2017 1627 2123 1672; x_wconf 88' lang='lat' dir='ltr'><strong>est.</strong></span> 
     </span>
    </p>
   </div>
   <div class='ocr_carea' id='block_1_18' title="bbox 517 1697 2127 1781">
    <p class='ocr_par' dir='ltr' id='par_1_18' title="bbox 517 1697 2127 1781">
     <span class='ocr_line' id='line_1_18' title="bbox 517 1697 2127 1781; baseline 0.007 -28"><span class='ocrx_word' id='word_1_110' title='bbox 517 1697 696 1756; x_wconf 88' lang='lat' dir='ltr'><strong>Antea</strong></span> <span class='ocrx_word' id='word_1_111' title='bbox 751 1704 897 1758; x_wconf 87' lang='lat' dir='ltr'><strong>enim</strong></span> <span class='ocrx_word' id='word_1_112' title='bbox 955 1717 1009 1760; x_wconf 90' lang='lat' dir='ltr'><strong>et</strong></span> <span class='ocrx_word' id='word_1_113' title='bbox 1045 1706 1401 1777; x_wconf 87' lang='lat' dir='ltr'><strong>capitationis</strong></span> <span class='ocrx_word' id='word_1_114' title='bbox 1451 1708 1641 1779; x_wconf 87' lang='lat' dir='ltr'><strong>(quod</strong></span> <span class='ocrx_word' id='word_1_115' title='bbox 1705 1710 1873 1764; x_wconf 90' lang='lat' dir='ltr'><strong>etiam</strong></span> <span class='ocrx_word' id='word_1_116' title='bbox 1946 1713 2127 1781; x_wconf 83' lang='lat' dir='ltr'><strong>capita</strong></span> 
     </span>
    </p>
   </div>
   <div class='ocr_carea' id='block_1_19' title="bbox 519 1793 2126 1874">
    <p class='ocr_par' dir='ltr' id='par_1_19' title="bbox 519 1793 2126 1874">
     <span class='ocr_line' id='line_1_19' title="bbox 519 1793 2126 1874; baseline 0.007 -27"><span class='ocrx_word' id='word_1_117' title='bbox 519 1793 734 1851; x_wconf 87' lang='lat' dir='ltr'><strong>Latinis</strong></span> <span class='ocrx_word' id='word_1_118' title='bbox 764 1795 1008 1866; x_wconf 89' lang='lat' dir='ltr'><strong>dicitur)</strong></span> <span class='ocrx_word' id='word_1_119' title='bbox 1043 1801 1250 1854; x_wconf 88' lang='lat' dir='ltr'><strong>mentio</strong></span> <span class='ocrx_word' id='word_1_120' title='bbox 1292 1800 1433 1856; x_wconf 84' lang='lat' dir='ltr'><strong>facta</strong></span> <span class='ocrx_word' id='word_1_121' title='bbox 1463 1841 1478 1866; x_wconf 96' lang='lat'><strong>,</strong></span> <span class='ocrx_word' id='word_1_122' title='bbox 1527 1811 1580 1856; x_wconf 91' lang='lat' dir='ltr'><strong>et</strong></span> <span class='ocrx_word' id='word_1_123' title='bbox 1629 1803 1967 1872; x_wconf 88' lang='lat' dir='ltr'><strong>ascriptitios</strong></span> <span class='ocrx_word' id='word_1_124' title='bbox 2029 1819 2126 1874; x_wconf 89' lang='lat' dir='ltr'><strong>per</strong></span> 
     </span>
    </p>
   </div>
   <div class='ocr_carea' id='block_1_20' title="bbox 518 1887 2124 1968">
    <p class='ocr_par' dir='ltr' id='par_1_20' title="bbox 518 1887 2124 1968">
     <span class='ocr_line' id='line_1_20' title="bbox 518 1887 2124 1968; baseline 0.006 -26"><span class='ocrx_word' id='word_1_125' title='bbox 518 1887 855 1945; x_wconf 90' lang='lat' dir='ltr'><strong>substitutos</strong></span> <span class='ocrx_word' id='word_1_126' title='bbox 900 1891 1107 1947; x_wconf 88' lang='lat' dir='ltr'><strong>ruralia</strong></span> <span class='ocrx_word' id='word_1_127' title='bbox 1145 1891 1320 1948; x_wconf 75' lang='lat' dir='ltr'><strong>officia</strong></span> <span class='ocrx_word' id='word_1_128' title='bbox 1375 1895 1602 1965; x_wconf 81' lang='lat' dir='ltr'><strong>exsequi</strong></span> <span class='ocrx_word' id='word_1_129' title='bbox 1635 1894 2124 1968; x_wconf 80' lang='lat' dir='ltr'><strong>[debere]statu-</strong></span> 
     </span>
    </p>
   </div>
   <div class='ocr_carea' id='block_1_21' title="bbox 517 1980 2121 2064">
    <p class='ocr_par' dir='ltr' id='par_1_21' title="bbox 517 1980 2121 2064">
     <span class='ocr_line' id='line_1_21' title="bbox 517 1980 2121 2064; baseline 0.009 -29"><span class='ocrx_word' id='word_1_130' title='bbox 517 1991 633 2035; x_wconf 88' lang='lat' dir='ltr'><strong>tum</strong></span> <span class='ocrx_word' id='word_1_131' title='bbox 661 1980 862 2038; x_wconf 81' lang='lat' dir='ltr'><strong>fuerat.</strong></span> <span class='ocrx_word' id='word_1_132' title='bbox 891 1984 950 2040; x_wconf 84' lang='lat' dir='ltr'><strong>In</strong></span> <span class='ocrx_word' id='word_1_133' title='bbox 979 2001 1215 2057; x_wconf 89' lang='lat' dir='ltr'><strong>corpore</strong></span> <span class='ocrx_word' id='word_1_134' title='bbox 1243 2004 1373 2043; x_wconf 90' lang='lat' dir='ltr'><strong>vero</strong></span> <span class='ocrx_word' id='word_1_135' title='bbox 1409 1989 1431 2062; x_wconf 88' lang='lat'>[</span> <span class='ocrx_word' id='word_1_136' title='bbox 1456 1989 1811 2046; x_wconf 87' lang='lat' dir='ltr'><strong>Novellarum</strong></span> <span class='ocrx_word' id='word_1_137' title='bbox 1838 1992 1858 2064; x_wconf 95' lang='lat'><strong>]</strong></span> <span class='ocrx_word' id='word_1_138' title='bbox 1882 1993 2121 2050; x_wconf 88' lang='lat' dir='ltr'><strong>alterum</strong></span> 
     </span>
    </p>
   </div>
   <div class='ocr_carea' id='block_1_22' title="bbox 516 2071 2118 2156">
    <p class='ocr_par' dir='ltr' id='par_1_22' title="bbox 516 2071 2118 2156">
     <span class='ocr_line' id='line_1_22' title="bbox 516 2071 2118 2156; baseline 0.01 -30"><span class='ocrx_word' id='word_1_139' title='bbox 516 2071 764 2142; x_wconf 89' lang='lat' dir='ltr'><strong>ipsorum</strong></span> <span class='ocrx_word' id='word_1_140' title='bbox 797 2076 885 2145; x_wconf 90' lang='lat' dir='ltr'><strong>(de</strong></span> <span class='ocrx_word' id='word_1_141' title='bbox 923 2078 1258 2148; x_wconf 74' lang='lat' dir='ltr'><strong>capitatione</strong></span> <span class='ocrx_word' id='word_1_142' title='bbox 1301 2082 1525 2153; x_wconf 88' lang='lat' dir='ltr'><strong>nempe)</strong></span> <span class='ocrx_word' id='word_1_143' title='bbox 1574 2099 1684 2138; x_wconf 93' lang='lat' dir='ltr'><strong>non</strong></span> <span class='ocrx_word' id='word_1_144' title='bbox 1735 2097 1820 2141; x_wconf 89' lang='lat' dir='ltr'><strong>est</strong></span> <span class='ocrx_word' id='word_1_145' title='bbox 1855 2087 2118 2156; x_wconf 90' lang='lat' dir='ltr'><strong>positum.</strong></span> 
     </span>
    </p>
   </div>
   <div class='ocr_carea' id='block_1_23' title="bbox 517 2165 2121 2250">
    <p class='ocr_par' dir='ltr' id='par_1_23' title="bbox 517 2165 2121 2250">
     <span class='ocr_line' id='line_1_23' title="bbox 517 2165 2121 2250; baseline 0.013 -31"><span class='ocrx_word' id='word_1_146' title='bbox 517 2165 866 2239; x_wconf 85' lang='lat' dir='ltr'><strong>Quapropter</strong></span> <span class='ocrx_word' id='word_1_147' title='bbox 913 2172 1078 2228; x_wconf 90' lang='lat' dir='ltr'><strong>etiam</strong></span> <span class='ocrx_word' id='word_1_148' title='bbox 1123 2184 1393 2244; x_wconf 86' lang='lat' dir='ltr'><strong>quantum</strong></span> <span class='ocrx_word' id='word_1_149' title='bbox 1443 2177 1509 2232; x_wconf 85' lang='lat' dir='ltr'><strong>ad</strong></span> <span class='ocrx_word' id='word_1_150' title='bbox 1560 2179 1953 2250; x_wconf 87' lang='lat' dir='ltr'><strong>capitationem</strong></span> <span class='ocrx_word' id='word_1_151' title='bbox 2005 2183 2121 2240; x_wconf 88' lang='lat' dir='ltr'><strong>sive</strong></span> 
     </span>
    </p>
   </div>
   <div class='ocr_carea' id='block_1_24' title="bbox 515 2263 2120 2346">
    <p class='ocr_par' dir='ltr' id='par_1_24' title="bbox 515 2263 2120 2346">
     <span class='ocr_line' id='line_1_24' title="bbox 515 2263 2120 2346; baseline 0.013 -33"><span class='ocrx_word' id='word_1_152' title='bbox 515 2263 877 2318; x_wconf 86' lang='lat' dir='ltr'><strong>canonarittm</strong></span> <span class='ocrx_word' id='word_1_153' title='bbox 929 2265 1270 2340; x_wconf 82' lang='lat' dir='ltr'><strong>[tributum]</strong></span> <span class='ocrx_word' id='word_1_154' title='bbox 1303 2269 1520 2336; x_wconf 88' lang='lat' dir='ltr'><strong>attinet,</strong></span> <span class='ocrx_word' id='word_1_155' title='bbox 1559 2272 1626 2326; x_wconf 88' lang='lat' dir='ltr'><strong>ad</strong></span> <span class='ocrx_word' id='word_1_156' title='bbox 1654 2272 1826 2342; x_wconf 85' lang='lat' dir='ltr'><strong>legem</strong></span> <span class='ocrx_word' id='word_1_157' title='bbox 1865 2278 2120 2346; x_wconf 85' lang='lat' dir='ltr'><strong>superius</strong></span> 
     </span>
    </p>
   </div>
   <div class='ocr_carea' id='block_1_25' title="bbox 515 2352 2116 2438">
    <p class='ocr_par' dir='ltr' id='par_1_25' title="bbox 515 2352 2116 2438">
     <span class='ocr_line' id='line_1_25' title="bbox 515 2352 2116 2438; baseline 0.011 -31"><span class='ocrx_word' id='word_1_158' title='bbox 515 2352 808 2423; x_wconf 84' lang='lat' dir='ltr'><strong>insertam,</strong></span> <span class='ocrx_word' id='word_1_159' title='bbox 835 2367 1001 2429; x_wconf 91' lang='lat' dir='ltr'><strong>atque</strong></span> <span class='ocrx_word' id='word_1_160' title='bbox 1046 2361 1101 2414; x_wconf 92' lang='lat' dir='ltr'><strong>in</strong></span> <span class='ocrx_word' id='word_1_161' title='bbox 1157 2361 1253 2417; x_wconf 91' lang='lat' dir='ltr'><strong>lib.</strong></span> <span class='ocrx_word' id='word_1_162' title='bbox 1284 2379 1369 2428; x_wconf 88' lang='grc' dir='ltr'>ιιι,</span> <span class='ocrx_word' id='word_1_163' title='bbox 1401 2379 1523 2434; x_wconf 83' lang='lat' dir='ltr'><strong>cap.</strong></span> <span class='ocrx_word' id='word_1_164' title='bbox 1555 2365 1610 2430; x_wconf 88' lang='lat'><strong>6,</strong></span> <span class='ocrx_word' id='word_1_165' title='bbox 1638 2367 1871 2436; x_wconf 89' lang='lat' dir='ltr'><strong>positam</strong></span> <span class='ocrx_word' id='word_1_166' title='bbox 1899 2386 1913 2422; x_wconf 89' lang='lat'><strong>:</strong></span> <span class='ocrx_word' id='word_1_167' title='bbox 1950 2386 2116 2438; x_wconf 84' lang='lat' dir='ltr'><strong>quan-</strong></span> 
     </span>
    </p>
   </div>
   <div class='ocr_carea' id='block_1_26' title="bbox 514 2450 2118 2522">
    <p class='ocr_par' dir='ltr' id='par_1_26' title="bbox 514 2450 2118 2522">
     <span class='ocr_line' id='line_1_26' title="bbox 514 2450 2118 2522; baseline 0.013 -24"><span class='ocrx_word' id='word_1_168' title='bbox 514 2454 633 2499; x_wconf 88' lang='lat' dir='ltr'><strong>tttm</strong></span> <span class='ocrx_word' id='word_1_169' title='bbox 667 2463 797 2504; x_wconf 90' lang='lat' dir='ltr'><strong>vero</strong></span> <span class='ocrx_word' id='word_1_170' title='bbox 823 2450 890 2505; x_wconf 89' lang='lat' dir='ltr'><strong>ad</strong></span> <span class='ocrx_word' id='word_1_171' title='bbox 921 2452 1364 2522; x_wconf 86' lang='lat' dir='ltr'><strong>ascriptitios,ad</strong></span> <span class='ocrx_word' id='word_1_172' title='bbox 1399 2473 1666 2514; x_wconf 88' lang='lat' dir='ltr'><strong>canonem</strong></span> <span class='ocrx_word' id='word_1_173' title='bbox 1709 2460 1775 2514; x_wconf 81' lang='grc'><strong>57</strong></span> <span class='ocrx_word' id='word_1_174' title='bbox 1818 2459 2118 2519; x_wconf 89' lang='lat' dir='ltr'><strong>Laodiceni</strong></span> 
     </span>
    </p>
   </div>
   <div class='ocr_carea' id='block_1_27' title="bbox 513 2539 2116 2625">
    <p class='ocr_par' dir='ltr' id='par_1_27' title="bbox 513 2539 2116 2625">
     <span class='ocr_line' id='line_1_27' title="bbox 513 2539 2116 2625; baseline 0.014 -34"><span class='ocrx_word' id='word_1_175' title='bbox 513 2539 758 2604; x_wconf 87' lang='lat' dir='ltr'><strong>concilii,</strong></span> <span class='ocrx_word' id='word_1_176' title='bbox 789 2550 843 2597; x_wconf 92' lang='lat' dir='ltr'><strong>et</strong></span> <span class='ocrx_word' id='word_1_177' title='bbox 875 2545 1145 2601; x_wconf 86' lang='lat' dir='ltr'><strong>novellam</strong></span> <span class='ocrx_word' id='word_1_178' title='bbox 1172 2545 1470 2606; x_wconf 86' lang='lat' dir='ltr'><strong>Justiniani</strong></span> <span class='ocrx_word' id='word_1_179' title='bbox 1521 2551 1648 2618; x_wconf 72' lang='lat'><strong>1°25,</strong></span> <span class='ocrx_word' id='word_1_180' title='bbox 1678 2553 1794 2610; x_wconf 83' lang='lat' dir='ltr'><strong>sive</strong></span> <span class='ocrx_word' id='word_1_181' title='bbox 1823 2565 1988 2625; x_wconf 90' lang='lat' dir='ltr'><strong>caput</strong></span> <span class='ocrx_word' id='word_1_182' title='bbox 2025 2558 2116 2622; x_wconf 82' lang='grc'><strong>58,</strong></span> 
     </span>
    </p>
   </div>
   <div class='ocr_carea' id='block_1_28' title="bbox 512 2630 2113 2719">
    <p class='ocr_par' dir='ltr' id='par_1_28' title="bbox 512 2630 2113 2719">
     <span class='ocr_line' id='line_1_28' title="bbox 512 2630 2113 2719; baseline 0.016 -35"><span class='ocrx_word' id='word_1_183' title='bbox 512 2630 599 2685; x_wconf 91' lang='lat' dir='ltr'><strong>tit.</strong></span> <span class='ocrx_word' id='word_1_184' title='bbox 636 2634 690 2700; x_wconf 85' lang='grc'><strong>1,</strong></span> <span class='ocrx_word' id='word_1_185' title='bbox 716 2634 814 2690; x_wconf 91' lang='lat' dir='ltr'><strong>lib.</strong></span> <span class='ocrx_word' id='word_1_186' title='bbox 855 2652 914 2691; x_wconf 89' lang='grc' dir='ltr'><strong>ιιι</strong></span> <span class='ocrx_word' id='word_1_187' title='bbox 947 2637 1114 2694; x_wconf 89' lang='lat' dir='ltr'><strong>Basil.</strong></span> <span class='ocrx_word' id='word_1_188' title='bbox 1147 2641 1296 2712; x_wconf 87' lang='lat' dir='ltr'><strong>quod</strong></span> <span class='ocrx_word' id='word_1_189' title='bbox 1326 2644 1518 2701; x_wconf 88' lang='lat' dir='ltr'><strong>itidem</strong></span> <span class='ocrx_word' id='word_1_190' title='bbox 1552 2649 1811 2719; x_wconf 89' lang='lat' dir='ltr'><strong>superius</strong></span> <span class='ocrx_word' id='word_1_191' title='bbox 1846 2652 2113 2709; x_wconf 89' lang='lat' dir='ltr'><strong>insertum</strong></span> 
     </span>
    </p>
   </div>
   <div class='ocr_carea' id='block_1_29' title="bbox 515 2727 2117 2821">
    <p class='ocr_par' dir='ltr' id='par_1_29' title="bbox 515 2727 2117 2821">
     <span class='ocr_line' id='line_1_29' title="bbox 515 2727 2117 2821; baseline 0.017 -44"><span class='ocrx_word' id='word_1_192' title='bbox 515 2731 623 2789; x_wconf 85' lang='lat' dir='ltr'><strong>est,</strong></span> <span class='ocrx_word' id='word_1_193' title='bbox 655 2734 707 2780; x_wconf 92' lang='lat' dir='ltr'><strong>te</strong></span> <span class='ocrx_word' id='word_1_194' title='bbox 742 2727 949 2784; x_wconf 80' lang='lat' dir='ltr'><strong>referre</strong></span> <span class='ocrx_word' id='word_1_195' title='bbox 981 2731 1168 2790; x_wconf 88' lang='lat' dir='ltr'><strong>debes.</strong></span> <span class='ocrx_word' id='word_1_196' title='bbox 1203 2735 1274 2791; x_wconf 91' lang='lat' dir='ltr'><strong>De</strong></span> <span class='ocrx_word' id='word_1_197' title='bbox 1299 2741 1601 2795; x_wconf 89' lang='lat' dir='ltr'><strong>canonario</strong></span> <span class='ocrx_word' id='word_1_198' title='bbox 1622 2751 1803 2799; x_wconf 88' lang='lat' dir='ltr'><strong>autem</strong></span> <span class='ocrx_word' id='word_1_199' title='bbox 1837 2743 2117 2821; x_wconf 86' lang='lat' dir='ltr'><strong>[tributo],</strong></span> 
     </span>
    </p>
   </div>
   <div class='ocr_carea' id='block_1_30' title="bbox 512 2821 2115 2907">
    <p class='ocr_par' dir='ltr' id='par_1_30' title="bbox 512 2821 2115 2907">
     <span class='ocr_line' id='line_1_30' title="bbox 512 2821 2115 2907; baseline 0.017 -39"><span class='ocrx_word' id='word_1_200' title='bbox 512 2823 569 2869; x_wconf 91' lang='lat' dir='ltr'><strong>et</strong></span> <span class='ocrx_word' id='word_1_201' title='bbox 615 2821 1117 2880; x_wconf 87' lang='lat' dir='ltr'><strong>consuetudinibus</strong></span> <span class='ocrx_word' id='word_1_202' title='bbox 1166 2842 1288 2889; x_wconf 65' lang='lat' dir='ltr'><strong>qua:</strong></span> <span class='ocrx_word' id='word_1_203' title='bbox 1338 2844 1437 2898; x_wconf 92' lang='lat' dir='ltr'><strong>pro</strong></span> <span class='ocrx_word' id='word_1_204' title='bbox 1485 2834 1838 2891; x_wconf 90' lang='lat' dir='ltr'><strong>ordinatione</strong></span> <span class='ocrx_word' id='word_1_205' title='bbox 1889 2839 2115 2907; x_wconf 89' lang='lat' dir='ltr'><strong>dantur,</strong></span> 
     </span>
    </p>
   </div>
   <div class='ocr_carea' id='block_1_31' title="bbox 511 2905 2116 2992">
    <p class='ocr_par' dir='ltr' id='par_1_31' title="bbox 511 2905 2116 2992">
     <span class='ocr_line' id='line_1_31' title="bbox 511 2905 2116 2992; baseline 0.019 -34"><span class='ocrx_word' id='word_1_206' title='bbox 511 2905 623 2960; x_wconf 92' lang='lat' dir='ltr'><strong>huc</strong></span> <span class='ocrx_word' id='word_1_207' title='bbox 659 2922 834 2978; x_wconf 88' lang='lat' dir='ltr'><strong>usque</strong></span> <span class='ocrx_word' id='word_1_208' title='bbox 863 2909 958 2983; x_wconf 91' lang='lat' dir='ltr'><strong>[in</strong></span> <span class='ocrx_word' id='word_1_209' title='bbox 1003 2916 1323 2992; x_wconf 87' lang='lat' dir='ltr'><strong>republica]</strong></span> <span class='ocrx_word' id='word_1_210' title='bbox 1375 2923 1484 2977; x_wconf 90' lang='lat' dir='ltr'><strong>vim</strong></span> <span class='ocrx_word' id='word_1_211' title='bbox 1537 2925 1700 2980; x_wconf 85' lang='lat' dir='ltr'><strong>habet</strong></span> <span class='ocrx_word' id='word_1_212' title='bbox 1740 2942 1907 2984; x_wconf 83' lang='lat' dir='ltr'><strong>aurea</strong></span> <span class='ocrx_word' id='word_1_213' title='bbox 1966 2905 2116 2990; x_wconf 82' lang='lat' dir='ltr'><strong>bulla</strong></span> 
     </span>
    </p>
   </div>
   <div class='ocr_carea' id='block_1_32' title="bbox 511 2998 2113 3096">
    <p class='ocr_par' dir='ltr' id='par_1_32' title="bbox 511 2998 2113 3096">
     <span class='ocr_line' id='line_1_32' title="bbox 511 2998 2113 3096; baseline 0.02 -46"><span class='ocrx_word' id='word_1_214' title='bbox 511 2998 747 3056; x_wconf 90' lang='lat' dir='ltr'><strong>celebris</strong></span> <span class='ocrx_word' id='word_1_215' title='bbox 803 3003 966 3061; x_wconf 80' lang='lat' dir='ltr'><strong>istius</strong></span> <span class='ocrx_word' id='word_1_216' title='bbox 1007 3007 1357 3080; x_wconf 89' lang='lat' dir='ltr'><strong>imperatoris</strong></span> <span class='ocrx_word' id='word_1_217' title='bbox 1402 3015 1575 3072; x_wconf 88' lang='lat' dir='ltr'><strong>lsaaei</strong></span> <span class='ocrx_word' id='word_1_218' title='bbox 1624 3019 1933 3090; x_wconf 88' lang='lat' dir='ltr'><strong>Comneni,</strong></span> <span class='ocrx_word' id='word_1_219' title='bbox 1988 3041 2113 3096; x_wconf 73' lang='lat' dir='ltr'><strong>quae</strong></span> 
     </span>
    </p>
   </div>
   <div class='ocr_carea' id='block_1_33' title="bbox 511 3092 2112 3184">
    <p class='ocr_par' dir='ltr' id='par_1_33' title="bbox 511 3092 2112 3184">
     <span class='ocr_line' id='line_1_33' title="bbox 511 3092 2112 3184; baseline 0.019 -41"><span class='ocrx_word' id='word_1_220' title='bbox 511 3092 712 3184; x_wconf 84' lang='lat' dir='ltr'><strong>partim</strong></span> <span class='ocrx_word' id='word_1_221' title='bbox 755 3095 830 3150; x_wconf 89' lang='lat' dir='ltr'><strong>ita</strong></span> <span class='ocrx_word' id='word_1_222' title='bbox 879 3096 1082 3156; x_wconf 84' lang='lat' dir='ltr'><strong>habet:</strong></span> <span class='ocrx_word' id='word_1_223' title='bbox 1143 3102 1350 3162; x_wconf 90' lang='lat' dir='ltr'><strong>Statuit</strong></span> <span class='ocrx_word' id='word_1_224' title='bbox 1405 3125 1535 3165; x_wconf 88' lang='lat' dir='ltr'><strong>vero</strong></span> <span class='ocrx_word' id='word_1_225' title='bbox 1589 3111 1943 3184; x_wconf 89' lang='lat' dir='ltr'><strong>imperatoria</strong></span> <span class='ocrx_word' id='word_1_226' title='bbox 1992 3092 2112 3175; x_wconf 85' lang='lat' dir='ltr'><strong>mea</strong></span> 
     </span>
    </p>
   </div>
   <div class='ocr_carea' id='block_1_34' title="bbox 2239 598 3843 674">
    <p class='ocr_par' dir='ltr' id='par_1_34' title="bbox 2239 598 3843 674">
     <span class='ocr_line' id='line_1_34' title="bbox 2239 598 3843 674; baseline 0.007 -25"><span class='ocrx_word' id='word_1_227' title='bbox 2239 598 2548 652; x_wconf 80' lang='grc' dir='ltr'><strong>ἐπισκόπου</strong></span> <span class='ocrx_word' id='word_1_228' title='bbox 2590 601 3134 671; x_wconf 84' lang='grc' dir='ltr'>χειροτονείσθωσαν,</span> <span class='ocrx_word' id='word_1_229' title='bbox 3189 607 3282 658; x_wconf 73' lang='grc' dir='ltr'><strong>καὶ</strong></span> <span class='ocrx_word' id='word_1_230' title='bbox 3324 605 3423 674; x_wconf 82' lang='grc' dir='ltr'>τὴν</span> <span class='ocrx_word' id='word_1_231' title='bbox 3457 607 3670 662; x_wconf 75' lang='grc' dir='ltr'>οἰκείαν</span> <span class='ocrx_word' id='word_1_232' title='bbox 3717 609 3843 660; x_wconf 78' lang='grc' dir='ltr'>ἐπι-</span> 
     </span>
    </p>
   </div>
   <div class='ocr_carea' id='block_1_35' title="bbox 2235 692 3841 765">
    <p class='ocr_par' dir='ltr' id='par_1_35' title="bbox 2235 692 3841 765">
     <span class='ocr_line' id='line_1_35' title="bbox 2235 692 3841 765; baseline 0.006 -20"><span class='ocrx_word' id='word_1_233' title='bbox 2235 692 2662 760; x_wconf 81' lang='grc' dir='ltr'>γινωσκέτωσαν</span> <span class='ocrx_word' id='word_1_234' title='bbox 2696 695 3087 765; x_wconf 78' lang='grc' dir='ltr'>κεφαλιτιῶνα.</span> <span class='ocrx_word' id='word_1_235' title='bbox 3131 698 3194 752; x_wconf 85' lang='grc' dir='ltr'><strong><em>Ἦ</em></strong></span> <span class='ocrx_word' id='word_1_236' title='bbox 3235 697 3309 764; x_wconf 82' lang='grc' dir='ltr'>ις’</span> <span class='ocrx_word' id='word_1_237' title='bbox 3343 700 3484 754; x_wconf 90' lang='grc' dir='ltr'>διάτ.</span> <span class='ocrx_word' id='word_1_238' title='bbox 3548 699 3644 754; x_wconf 79' lang='grc' dir='ltr'>τοῦ</span> <span class='ocrx_word' id='word_1_239' title='bbox 3675 701 3841 754; x_wconf 76' lang='grc' dir='ltr'>αὑτοῦ</span> 
     </span>
    </p>
   </div>
   <div class='ocr_carea' id='block_1_36' title="bbox 2237 783 3841 858">
    <p class='ocr_par' dir='ltr' id='par_1_36' title="bbox 2237 783 3841 858">
     <span class='ocr_line' id='line_1_36' title="bbox 2237 783 3841 858; baseline 0.006 -23"><span class='ocrx_word' id='word_1_240' title='bbox 2237 783 2347 838; x_wconf 87' lang='grc' dir='ltr'>τίτ.</span> <span class='ocrx_word' id='word_1_241' title='bbox 2379 783 2476 837; x_wconf 70' lang='grc' dir='ltr'><strong>καὶ</strong></span> <span class='ocrx_word' id='word_1_242' title='bbox 2513 783 2722 854; x_wconf 89' lang='grc' dir='ltr'>βιϐλίου</span> <span class='ocrx_word' id='word_1_243' title='bbox 2755 787 2856 840; x_wconf 81' lang='grc' dir='ltr'><strong>οὐκ</strong></span> <span class='ocrx_word' id='word_1_244' title='bbox 2903 787 3064 858; x_wconf 78' lang='grc' dir='ltr'>ἐτέθη</span> <span class='ocrx_word' id='word_1_245' title='bbox 3116 791 3198 852; x_wconf 84' lang='grc' dir='ltr'>εἰς</span> <span class='ocrx_word' id='word_1_246' title='bbox 3236 791 3306 845; x_wconf 83' lang='grc' dir='ltr'>τὰ</span> <span class='ocrx_word' id='word_1_247' title='bbox 3354 791 3642 846; x_wconf 85' lang='grc' dir='ltr'>Βασιλικὰ.</span> <span class='ocrx_word' id='word_1_248' title='bbox 3689 793 3754 846; x_wconf 84' lang='grc' dir='ltr'><strong>Ἠ</strong></span> <span class='ocrx_word' id='word_1_249' title='bbox 3783 792 3841 845; x_wconf 82' lang='grc' dir='ltr'><strong>δὲ</strong></span> 
     </span>
    </p>
   </div>
   <div class='ocr_carea' id='block_1_37' title="bbox 2236 873 3840 955">
    <p class='ocr_par' dir='ltr' id='par_1_37' title="bbox 2236 873 3840 955">
     <span class='ocr_line' id='line_1_37' title="bbox 2236 873 3840 955; baseline 0.006 -27"><span class='ocrx_word' id='word_1_250' title='bbox 2236 873 2282 946; x_wconf 86' lang='grc' dir='ltr'>β’</span> <span class='ocrx_word' id='word_1_251' title='bbox 2312 875 2455 930; x_wconf 91' lang='grc' dir='ltr'>διάτ.</span> <span class='ocrx_word' id='word_1_252' title='bbox 2505 876 2599 931; x_wconf 83' lang='grc' dir='ltr'><strong>τοῦ</strong></span> <span class='ocrx_word' id='word_1_253' title='bbox 2628 884 2677 931; x_wconf 87' lang='grc' dir='ltr'>α’</span> <span class='ocrx_word' id='word_1_254' title='bbox 2705 877 2812 933; x_wconf 92' lang='grc' dir='ltr'>τίτ.</span> <span class='ocrx_word' id='word_1_255' title='bbox 2867 879 2976 935; x_wconf 83' lang='grc' dir='ltr'>τῶν</span> <span class='ocrx_word' id='word_1_256' title='bbox 3011 881 3244 953; x_wconf 75' lang='lat' dir='ltr'><strong>Neapth</strong></span> <span class='ocrx_word' id='word_1_257' title='bbox 3277 885 3393 936; x_wconf 79' lang='grc' dir='ltr'>ἐστι</span> <span class='ocrx_word' id='word_1_258' title='bbox 3427 884 3840 955; x_wconf 80' lang='grc' dir='ltr'>νεαρὰΊουστι-</span> 
     </span>
    </p>
   </div>
   <div class='ocr_carea' id='block_1_38' title="bbox 2233 963 3840 1042">
    <p class='ocr_par' dir='ltr' id='par_1_38' title="bbox 2233 963 3840 1042">
     <span class='ocr_line' id='line_1_38' title="bbox 2233 963 3840 1042; baseline 0.006 -25"><span class='ocrx_word' id='word_1_259' title='bbox 2233 963 2469 1028; x_wconf 89' lang='grc' dir='ltr'>νιάνειος</span> <span class='ocrx_word' id='word_1_260' title='bbox 2489 973 2632 1036; x_wconf 85' lang='grc' dir='ltr'>ρκγ’,</span> <span class='ocrx_word' id='word_1_261' title='bbox 2669 968 2764 1021; x_wconf 74' lang='grc' dir='ltr'><strong>καὶ</strong></span> <span class='ocrx_word' id='word_1_262' title='bbox 2815 967 2976 1040; x_wconf 77' lang='grc' dir='ltr'>ἐτέθη</span> <span class='ocrx_word' id='word_1_263' title='bbox 3009 972 3090 1034; x_wconf 86' lang='grc' dir='ltr'><strong>είς</strong></span> <span class='ocrx_word' id='word_1_264' title='bbox 3125 971 3330 1042; x_wconf 88' lang='grc' dir='ltr'>βιϐλίον</span> <span class='ocrx_word' id='word_1_265' title='bbox 3377 973 3486 1027; x_wconf 85' lang='grc' dir='ltr'><strong>τῶν</strong></span> <span class='ocrx_word' id='word_1_266' title='bbox 3533 974 3840 1029; x_wconf 81' lang='grc' dir='ltr'>Βασιλικῶν</span> 
     </span>
    </p>
   </div>
   <div class='ocr_carea' id='block_1_39' title="bbox 2233 1059 3840 1140">
    <p class='ocr_par' dir='ltr' id='par_1_39' title="bbox 2233 1059 3840 1140">
     <span class='ocr_line' id='line_1_39' title="bbox 2233 1059 3840 1140; baseline 0.007 -29"><span class='ocrx_word' id='word_1_267' title='bbox 2233 1064 2303 1126; x_wconf 81' lang='grc' dir='ltr'>γ’,</span> <span class='ocrx_word' id='word_1_268' title='bbox 2335 1059 2440 1113; x_wconf 89' lang='grc' dir='ltr'>τίτ.</span> <span class='ocrx_word' id='word_1_269' title='bbox 2467 1059 2540 1126; x_wconf 84' lang='grc' dir='ltr'>α’,</span> <span class='ocrx_word' id='word_1_270' title='bbox 2571 1079 2700 1131; x_wconf 78' lang='grc' dir='ltr'>κεφ.</span> <span class='ocrx_word' id='word_1_271' title='bbox 2730 1061 2834 1134; x_wconf 86' lang='grc' dir='ltr'>λη’,</span> <span class='ocrx_word' id='word_1_272' title='bbox 2866 1064 3039 1129; x_wconf 80' lang='grc' dir='ltr'>οὕτως</span> <span class='ocrx_word' id='word_1_273' title='bbox 3068 1065 3191 1136; x_wconf 74' lang='grc' dir='ltr'>ἕχον</span> <span class='ocrx_word' id='word_1_274' title='bbox 3215 1085 3229 1098; x_wconf 90' lang='grc'><strong>·</strong></span> <span class='ocrx_word' id='word_1_275' title='bbox 3259 1067 3400 1131; x_wconf 83' lang='grc' dir='ltr'><strong>Τοὺς</strong></span> <span class='ocrx_word' id='word_1_276' title='bbox 3421 1069 3840 1140; x_wconf 73' lang='grc' dir='ltr'>ὲναπογράφους</span> 
     </span>
    </p>
   </div>
   <div class='ocr_carea' id='block_1_40' title="bbox 2233 1151 3838 1230">
    <p class='ocr_par' dir='ltr' id='par_1_40' title="bbox 2233 1151 3838 1230">
     <span class='ocr_line' id='line_1_40' title="bbox 2233 1151 3838 1230; baseline 0.008 -26"><span class='ocrx_word' id='word_1_277' title='bbox 2233 1151 2293 1204; x_wconf 83' lang='grc' dir='ltr'>ὲν</span> <span class='ocrx_word' id='word_1_278' title='bbox 2319 1151 2512 1215; x_wconf 81' lang='grc' dir='ltr'>αὐταῖς</span> <span class='ocrx_word' id='word_1_279' title='bbox 2547 1154 2712 1224; x_wconf 86' lang='grc' dir='ltr'>μόνον</span> <span class='ocrx_word' id='word_1_280' title='bbox 2765 1159 2888 1221; x_wconf 86' lang='grc' dir='ltr'>ταῖς</span> <span class='ocrx_word' id='word_1_281' title='bbox 2913 1159 3174 1230; x_wconf 80' lang='grc' dir='ltr'><strong>κτήσεσιν</strong></span> <span class='ocrx_word' id='word_1_282' title='bbox 3225 1161 3284 1214; x_wconf 84' lang='grc' dir='ltr'>ὲν</span> <span class='ocrx_word' id='word_1_283' title='bbox 3335 1157 3424 1225; x_wconf 73' lang='grc' dir='ltr'>αἷς</span> <span class='ocrx_word' id='word_1_284' title='bbox 3452 1164 3590 1217; x_wconf 79' lang='grc' dir='ltr'>εἰσιν</span> <span class='ocrx_word' id='word_1_285' title='bbox 3639 1165 3838 1218; x_wconf 78' lang='grc' dir='ltr'>ἐναπό-</span> 
     </span>
    </p>
   </div>
   <div class='ocr_carea' id='block_1_41' title="bbox 2238 1245 3840 1324">
    <p class='ocr_par' dir='ltr' id='par_1_41' title="bbox 2238 1245 3840 1324">
     <span class='ocr_line' id='line_1_41' title="bbox 2238 1245 3840 1324; baseline 0.007 -30"><span class='ocrx_word' id='word_1_286' title='bbox 2238 1259 2467 1314; x_wconf 83' lang='grc' dir='ltr'>γραφοι,</span> <span class='ocrx_word' id='word_1_287' title='bbox 2511 1245 2810 1317; x_wconf 80' lang='grc' dir='ltr'>κληρικοὺς</span> <span class='ocrx_word' id='word_1_288' title='bbox 2848 1250 2943 1304; x_wconf 75' lang='grc' dir='ltr'><strong>καὶ</strong></span> <span class='ocrx_word' id='word_1_289' title='bbox 2989 1253 3142 1322; x_wconf 83' lang='grc' dir='ltr'>παρὰ</span> <span class='ocrx_word' id='word_1_290' title='bbox 3164 1251 3391 1324; x_wconf 82' lang='grc' dir='ltr'>γνώμην</span> <span class='ocrx_word' id='word_1_291' title='bbox 3419 1253 3530 1308; x_wconf 84' lang='grc' dir='ltr'>τῶν</span> <span class='ocrx_word' id='word_1_292' title='bbox 3563 1254 3840 1309; x_wconf 82' lang='grc' dir='ltr'><strong>δεσποτῶν</strong></span> 
     </span>
    </p>
   </div>
   <div class='ocr_carea' id='block_1_42' title="bbox 2232 1337 3841 1419">
    <p class='ocr_par' dir='ltr' id='par_1_42' title="bbox 2232 1337 3841 1419">
     <span class='ocr_line' id='line_1_42' title="bbox 2232 1337 3841 1419; baseline 0.008 -30"><span class='ocrx_word' id='word_1_293' title='bbox 2232 1337 2482 1404; x_wconf 89' lang='grc' dir='ltr'>γίνεσθαι</span> <span class='ocrx_word' id='word_1_294' title='bbox 2519 1341 2934 1414; x_wconf 79' lang='grc' dir='ltr'>συγχωροῦμεν,</span> <span class='ocrx_word' id='word_1_295' title='bbox 2969 1345 3055 1412; x_wconf 78' lang='grc' dir='ltr'><strong>ἐφ’</strong></span> <span class='ocrx_word' id='word_1_296' title='bbox 3083 1337 3128 1413; x_wconf 84' lang='grc' dir='ltr'>ᾧ</span> <span class='ocrx_word' id='word_1_297' title='bbox 3160 1345 3341 1414; x_wconf 89' lang='grc' dir='ltr'>μέντοι</span> <span class='ocrx_word' id='word_1_298' title='bbox 3367 1345 3508 1400; x_wconf 86' lang='grc' dir='ltr'>ὥστε</span> <span class='ocrx_word' id='word_1_299' title='bbox 3544 1347 3841 1419; x_wconf 85' lang='grc' dir='ltr'>κληρικοὺς</span> 
     </span>
    </p>
   </div>
   <div class='ocr_carea' id='block_1_43' title="bbox 2237 1428 3935 1512">
    <p class='ocr_par' dir='ltr' id='par_1_43' title="bbox 2237 1428 3935 1512">
     <span class='ocr_line' id='line_1_43' title="bbox 2237 1428 3935 1512; baseline 0.008 -30"><span class='ocrx_word' id='word_1_300' title='bbox 2237 1428 2438 1492; x_wconf 73' lang='grc' dir='ltr'>αὐτοὺς</span> <span class='ocrx_word' id='word_1_301' title='bbox 2469 1433 2789 1502; x_wconf 81' lang='grc' dir='ltr'>γινομένους</span> <span class='ocrx_word' id='word_1_302' title='bbox 2821 1437 2918 1505; x_wconf 73' lang='grc' dir='ltr'><strong>τὴν</strong></span> <span class='ocrx_word' id='word_1_303' title='bbox 2953 1439 3315 1511; x_wconf 72' lang='grc' dir='ltr'><strong>ἐπικειμένην</strong></span> <span class='ocrx_word' id='word_1_304' title='bbox 3345 1440 3526 1506; x_wconf 81' lang='grc' dir='ltr'>αὐτοῖς</span> <span class='ocrx_word' id='word_1_305' title='bbox 3557 1443 3835 1512; x_wconf 73' lang='grc' dir='ltr'><strong>γεωργίαν</strong></span> <span class='ocrx_word' id='word_1_306' title='bbox 3928 1432 3935 1437; x_wconf 54' lang='grc'><em>’</em></span> 
     </span>
    </p>
   </div>
   <div class='ocr_carea' id='block_1_44' title="bbox 2232 1521 3838 1606">
    <p class='ocr_par' dir='ltr' id='par_1_44' title="bbox 2232 1521 3838 1606">
     <span class='ocr_line' id='line_1_44' title="bbox 2232 1521 3838 1606; baseline 0.009 -33"><span class='ocrx_word' id='word_1_307' title='bbox 2232 1521 2498 1594; x_wconf 80' lang='grc' dir='ltr'>πληροῦν.</span> <span class='ocrx_word' id='word_1_308' title='bbox 2525 1525 2673 1597; x_wconf 79' lang='grc' dir='ltr'>Πλὴν</span> <span class='ocrx_word' id='word_1_309' title='bbox 2694 1527 2934 1597; x_wconf 82' lang='grc' dir='ltr'>γίνωσκε</span> <span class='ocrx_word' id='word_1_310' title='bbox 2963 1530 3046 1584; x_wconf 80' lang='grc' dir='ltr'>ὅτι</span> <span class='ocrx_word' id='word_1_311' title='bbox 3079 1531 3216 1602; x_wconf 81' lang='grc' dir='ltr'>αὕτη</span> <span class='ocrx_word' id='word_1_312' title='bbox 3247 1535 3279 1603; x_wconf 86' lang='grc' dir='ltr'>ἡ</span> <span class='ocrx_word' id='word_1_313' title='bbox 3308 1533 3480 1606; x_wconf 77' lang='grc' dir='ltr'>νεαρὰ</span> <span class='ocrx_word' id='word_1_314' title='bbox 3507 1536 3540 1606; x_wconf 75' lang='grc' dir='ltr'><strong>ἡ</strong></span> <span class='ocrx_word' id='word_1_315' title='bbox 3567 1537 3695 1606; x_wconf 74' lang='grc' dir='ltr'>περὶ</span> <span class='ocrx_word' id='word_1_316' title='bbox 3726 1535 3838 1588; x_wconf 81' lang='grc' dir='ltr'>τῶν</span> 
     </span>
    </p>
   </div>
   <div class='ocr_carea' id='block_1_45' title="bbox 2232 1616 3836 1698">
    <p class='ocr_par' dir='ltr' id='par_1_45' title="bbox 2232 1616 3836 1698">
     <span class='ocr_line' id='line_1_45' title="bbox 2232 1616 3836 1698; baseline 0.009 -30"><span class='ocrx_word' id='word_1_317' title='bbox 2232 1616 2642 1690; x_wconf 81' lang='grc' dir='ltr'>ὲναπογράφων</span> <span class='ocrx_word' id='word_1_318' title='bbox 2692 1621 2869 1686; x_wconf 84' lang='grc' dir='ltr'>ἄλλως</span> <span class='ocrx_word' id='word_1_319' title='bbox 2933 1620 3048 1695; x_wconf 75' lang='grc' dir='ltr'>εἶχε</span> <span class='ocrx_word' id='word_1_320' title='bbox 3095 1625 3201 1697; x_wconf 87' lang='grc' dir='ltr'><strong>πρὸ</strong></span> <span class='ocrx_word' id='word_1_321' title='bbox 3257 1626 3352 1680; x_wconf 80' lang='grc' dir='ltr'><strong>τοῦ</strong></span> <span class='ocrx_word' id='word_1_322' title='bbox 3408 1628 3734 1698; x_wconf 82' lang='grc' dir='ltr'>συντεθῆναι</span> <span class='ocrx_word' id='word_1_323' title='bbox 3774 1633 3836 1683; x_wconf 59' lang='grc' dir='ltr'>τὶ</span> 
     </span>
    </p>
   </div>
   <div class='ocr_carea' id='block_1_46' title="bbox 2232 1709 3829 1792">
    <p class='ocr_par' dir='ltr' id='par_1_46' title="bbox 2232 1709 3829 1792">
     <span class='ocr_line' id='line_1_46' title="bbox 2232 1709 3829 1792; baseline 0.01 -31"><span class='ocrx_word' id='word_1_324' title='bbox 2232 1709 2436 1774; x_wconf 87' lang='grc' dir='ltr'>πλάτος</span> <span class='ocrx_word' id='word_1_325' title='bbox 2462 1711 2570 1764; x_wconf 80' lang='grc' dir='ltr'><strong>τῶν</strong></span> <span class='ocrx_word' id='word_1_326' title='bbox 2602 1713 2853 1783; x_wconf 85' lang='grc' dir='ltr'>Νεαρῶν,</span> <span class='ocrx_word' id='word_1_327' title='bbox 2889 1716 2983 1769; x_wconf 64' lang='grc' dir='ltr'><strong>καὶ</strong></span> <span class='ocrx_word' id='word_1_328' title='bbox 3013 1716 3189 1781; x_wconf 78' lang='grc' dir='ltr'>ἄλλως</span> <span class='ocrx_word' id='word_1_329' title='bbox 3228 1719 3444 1792; x_wconf 71' lang='grc' dir='ltr'>ἐγράφη</span> <span class='ocrx_word' id='word_1_330' title='bbox 3486 1721 3564 1783; x_wconf 81' lang='grc' dir='ltr'>εἰς</span> <span class='ocrx_word' id='word_1_331' title='bbox 3598 1721 3659 1774; x_wconf 84' lang='grc' dir='ltr'><strong>τὸ</strong></span> <span class='ocrx_word' id='word_1_332' title='bbox 3693 1722 3829 1776; x_wconf 81' lang='grc' dir='ltr'>πλά-</span> 
     </span>
    </p>
   </div>
   <div class='ocr_carea' id='block_1_47' title="bbox 2231 1801 3846 1883">
    <p class='ocr_par' dir='ltr' id='par_1_47' title="bbox 2231 1801 3846 1883">
     <span class='ocr_line' id='line_1_47' title="bbox 2231 1801 3846 1883; baseline 0.009 -31"><span class='ocrx_word' id='word_1_333' title='bbox 2231 1817 2344 1866; x_wconf 90' lang='grc' dir='ltr'>τος,</span> <span class='ocrx_word' id='word_1_334' title='bbox 2378 1801 2474 1855; x_wconf 67' lang='grc' dir='ltr'>καὶ</span> <span class='ocrx_word' id='word_1_335' title='bbox 2522 1803 2786 1876; x_wconf 81' lang='grc' dir='ltr'>μετετέθη</span> <span class='ocrx_word' id='word_1_336' title='bbox 2854 1807 2935 1870; x_wconf 89' lang='grc' dir='ltr'><strong>είς</strong></span> <span class='ocrx_word' id='word_1_337' title='bbox 2977 1807 3045 1859; x_wconf 86' lang='grc' dir='ltr'>τὰ</span> <span class='ocrx_word' id='word_1_338' title='bbox 3086 1808 3352 1864; x_wconf 86' lang='grc' dir='ltr'>Βασιλικά</span> <span class='ocrx_word' id='word_1_339' title='bbox 3378 1826 3392 1843; x_wconf 89' lang='grc'><strong>·</strong></span> <span class='ocrx_word' id='word_1_340' title='bbox 3438 1811 3701 1883; x_wconf 85' lang='grc' dir='ltr'>πρότερον</span> <span class='ocrx_word' id='word_1_341' title='bbox 3738 1814 3846 1883; x_wconf 73' lang='grc' dir='ltr'>μὲν</span> 
     </span>
    </p>
   </div>
   <div class='ocr_carea' id='block_1_48' title="bbox 2243 1896 3831 1975">
    <p class='ocr_par' dir='ltr' id='par_1_48' title="bbox 2243 1896 3831 1975">
     <span class='ocr_line' id='line_1_48' title="bbox 2243 1896 3831 1975; baseline 0.009 -29"><span class='ocrx_word' id='word_1_342' title='bbox 2243 1896 2352 1966; x_wconf 80' lang='grc' dir='ltr'><strong>γὰρ</strong></span> <span class='ocrx_word' id='word_1_343' title='bbox 2379 1897 2717 1962; x_wconf 81' lang='grc' dir='ltr'>καπιτιῶνός</span> <span class='ocrx_word' id='word_1_344' title='bbox 2751 1915 2811 1952; x_wconf 89' lang='grc' dir='ltr'><strong>τε</strong></span> <span class='ocrx_word' id='word_1_345' title='bbox 2847 1900 3129 1972; x_wconf 83' lang='grc' dir='ltr'>ἐμέμνητο</span> <span class='ocrx_word' id='word_1_346' title='bbox 3158 1903 3278 1975; x_wconf 71' lang='grc' dir='ltr'>ἤτοι</span> <span class='ocrx_word' id='word_1_347' title='bbox 3304 1905 3714 1974; x_wconf 78' lang='grc' dir='ltr'>κεφαλιτιῶνος,</span> <span class='ocrx_word' id='word_1_348' title='bbox 3749 1908 3831 1960; x_wconf 76' lang='grc' dir='ltr'>ὅτι</span> 
     </span>
    </p>
   </div>
   <div class='ocr_carea' id='block_1_49' title="bbox 2237 1993 3836 2069">
    <p class='ocr_par' dir='ltr' id='par_1_49' title="bbox 2237 1993 3836 2069">
     <span class='ocr_line' id='line_1_49' title="bbox 2237 1993 3836 2069; baseline 0.006 -24"><span class='ocrx_word' id='word_1_349' title='bbox 2237 1993 2332 2045; x_wconf 73' lang='grc' dir='ltr'><strong>καὶ</strong></span> <span class='ocrx_word' id='word_1_350' title='bbox 2358 1993 2628 2056; x_wconf 86' lang='grc' dir='ltr'>καπίτους</span> <span class='ocrx_word' id='word_1_351' title='bbox 2663 1997 2695 2065; x_wconf 82' lang='grc' dir='ltr'>ἡ</span> <span class='ocrx_word' id='word_1_352' title='bbox 2734 1995 2946 2068; x_wconf 76' lang='grc' dir='ltr'>κεφαλὴ</span> <span class='ocrx_word' id='word_1_353' title='bbox 2978 1999 3119 2052; x_wconf 79' lang='grc' dir='ltr'>κατὰ</span> <span class='ocrx_word' id='word_1_354' title='bbox 3160 1999 3424 2064; x_wconf 83' lang='grc' dir='ltr'>Λατίνους</span> <span class='ocrx_word' id='word_1_355' title='bbox 3466 2001 3706 2069; x_wconf 80' lang='grc' dir='ltr'>λέγεται,</span> <span class='ocrx_word' id='word_1_356' title='bbox 3744 2005 3836 2055; x_wconf 80' lang='grc' dir='ltr'><strong>καὶ</strong></span> 
     </span>
    </p>
   </div>
   <div class='ocr_carea' id='block_1_50' title="bbox 2240 2085 3834 2164">
    <p class='ocr_par' dir='ltr' id='par_1_50' title="bbox 2240 2085 3834 2164">
     <span class='ocr_line' id='line_1_50' title="bbox 2240 2085 3834 2164; baseline 0.006 -26"><span class='ocrx_word' id='word_1_357' title='bbox 2240 2085 2307 2139; x_wconf 85' lang='grc' dir='ltr'>δι’</span> <span class='ocrx_word' id='word_1_358' title='bbox 2354 2088 2823 2142; x_wconf 84' lang='grc' dir='ltr'>ὑποκαταστάτων</span> <span class='ocrx_word' id='word_1_359' title='bbox 2872 2089 3208 2162; x_wconf 82' lang='grc' dir='ltr'>λειτουργεῖν</span> <span class='ocrx_word' id='word_1_360' title='bbox 3242 2096 3368 2156; x_wconf 84' lang='grc' dir='ltr'>τοὺς</span> <span class='ocrx_word' id='word_1_361' title='bbox 3416 2094 3834 2164; x_wconf 72' lang='grc' dir='ltr'>ἐναπογράφους</span> 
     </span>
    </p>
   </div>
   <div class='ocr_carea' id='block_1_51' title="bbox 2233 2179 3833 2250">
    <p class='ocr_par' dir='ltr' id='par_1_51' title="bbox 2233 2179 3833 2250">
     <span class='ocr_line' id='line_1_51' title="bbox 2233 2179 3833 2250; baseline 0.006 -18"><span class='ocrx_word' id='word_1_362' title='bbox 2233 2179 2545 2250; x_wconf 79' lang='grc' dir='ltr'>διωρίζετο.</span> <span class='ocrx_word' id='word_1_363' title='bbox 2582 2182 2675 2246; x_wconf 77' lang='grc' dir='ltr'><strong>Εἰς</strong></span> <span class='ocrx_word' id='word_1_364' title='bbox 2703 2181 2846 2236; x_wconf 82' lang='grc' dir='ltr'>δὲτὸ</span> <span class='ocrx_word' id='word_1_365' title='bbox 2878 2183 3082 2248; x_wconf 85' lang='grc' dir='ltr'>πλάτος</span> <span class='ocrx_word' id='word_1_366' title='bbox 3113 2185 3209 2239; x_wconf 69' lang='grc' dir='ltr'><strong>καὶ</strong></span> <span class='ocrx_word' id='word_1_367' title='bbox 3243 2187 3324 2250; x_wconf 84' lang='grc' dir='ltr'><strong>είς</strong></span> <span class='ocrx_word' id='word_1_368' title='bbox 3372 2187 3442 2240; x_wconf 81' lang='grc' dir='ltr'>τὰ</span> <span class='ocrx_word' id='word_1_369' title='bbox 3475 2188 3740 2242; x_wconf 82' lang='grc' dir='ltr'>Βασιλικά</span> <span class='ocrx_word' id='word_1_370' title='bbox 3771 2190 3833 2242; x_wconf 78' lang='grc' dir='ltr'>τὸ</span> 
     </span>
    </p>
   </div>
   <div class='ocr_carea' id='block_1_52' title="bbox 2231 2272 3832 2352">
    <p class='ocr_par' dir='ltr' id='par_1_52' title="bbox 2231 2272 3832 2352">
     <span class='ocr_line' id='line_1_52' title="bbox 2231 2272 3832 2352; baseline 0.004 -26"><span class='ocrx_word' id='word_1_371' title='bbox 2231 2273 2290 2328; x_wconf 88' lang='grc' dir='ltr'>ἓν</span> <span class='ocrx_word' id='word_1_372' title='bbox 2321 2272 2381 2336; x_wconf 79' lang='grc' dir='ltr'>ἐξ</span> <span class='ocrx_word' id='word_1_373' title='bbox 2414 2275 2596 2329; x_wconf 83' lang='grc' dir='ltr'>αὐτῶν</span> <span class='ocrx_word' id='word_1_374' title='bbox 2625 2276 2745 2347; x_wconf 75' lang='grc' dir='ltr'>ἦτοι</span> <span class='ocrx_word' id='word_1_375' title='bbox 2798 2278 2900 2348; x_wconf 85' lang='grc' dir='ltr'>τῆς</span> <span class='ocrx_word' id='word_1_376' title='bbox 2948 2278 3342 2346; x_wconf 82' lang='grc' dir='ltr'>κεφαλιτιῶνος</span> <span class='ocrx_word' id='word_1_377' title='bbox 3367 2281 3468 2334; x_wconf 79' lang='grc' dir='ltr'><strong>οὐκ</strong></span> <span class='ocrx_word' id='word_1_378' title='bbox 3503 2280 3686 2352; x_wconf 79' lang='grc' dir='ltr'>ἐτέθη.</span> <span class='ocrx_word' id='word_1_379' title='bbox 3739 2283 3832 2334; x_wconf 80' lang='grc' dir='ltr'>Διὸ</span> 
     </span>
    </p>
   </div>
   <div class='ocr_carea' id='block_1_53' title="bbox 2232 2371 3826 2445">
    <p class='ocr_par' dir='ltr' id='par_1_53' title="bbox 2232 2371 3826 2445">
     <span class='ocr_line' id='line_1_53' title="bbox 2232 2371 3826 2445; baseline 0.003 -21"><span class='ocrx_word' id='word_1_380' title='bbox 2232 2371 2328 2424; x_wconf 75' lang='grc' dir='ltr'><strong>καὶ</strong></span> <span class='ocrx_word' id='word_1_381' title='bbox 2347 2371 2587 2440; x_wconf 77' lang='grc' dir='ltr'>ὀφείλεις</span> <span class='ocrx_word' id='word_1_382' title='bbox 2623 2371 2915 2442; x_wconf 82' lang='grc' dir='ltr'>προσέχειν</span> <span class='ocrx_word' id='word_1_383' title='bbox 2949 2374 3110 2444; x_wconf 82' lang='grc' dir='ltr'>χάριν</span> <span class='ocrx_word' id='word_1_384' title='bbox 3151 2374 3250 2445; x_wconf 83' lang='grc' dir='ltr'>μὲν</span> <span class='ocrx_word' id='word_1_385' title='bbox 3290 2375 3392 2445; x_wconf 82' lang='grc' dir='ltr'>τῆς</span> <span class='ocrx_word' id='word_1_386' title='bbox 3437 2375 3826 2444; x_wconf 76' lang='grc' dir='ltr'>κειραλιτιὼνος</span> 
     </span>
    </p>
   </div>
   <div class='ocr_carea' id='block_1_54' title="bbox 2229 2462 3829 2539">
    <p class='ocr_par' dir='ltr' id='par_1_54' title="bbox 2229 2462 3829 2539">
     <span class='ocr_line' id='line_1_54' title="bbox 2229 2462 3829 2539; baseline 0.005 -25"><span class='ocrx_word' id='word_1_387' title='bbox 2229 2463 2348 2534; x_wconf 72' lang='grc' dir='ltr'>ἤτοι</span> <span class='ocrx_word' id='word_1_388' title='bbox 2379 2462 2473 2516; x_wconf 78' lang='grc' dir='ltr'><strong>τοῦ</strong></span> <span class='ocrx_word' id='word_1_389' title='bbox 2505 2465 2790 2518; x_wconf 88' lang='grc' dir='ltr'>κανονικοῦ</span> <span class='ocrx_word' id='word_1_390' title='bbox 2821 2465 2899 2536; x_wconf 83' lang='grc' dir='ltr'><strong>τῷ</strong></span> <span class='ocrx_word' id='word_1_391' title='bbox 2924 2466 3136 2521; x_wconf 81' lang='grc' dir='ltr'>ἄνωθεν</span> <span class='ocrx_word' id='word_1_392' title='bbox 3186 2467 3636 2539; x_wconf 84' lang='grc' dir='ltr'>καταστρωθέντι</span> <span class='ocrx_word' id='word_1_393' title='bbox 3681 2469 3829 2539; x_wconf 83' lang='grc' dir='ltr'>νόμῳ</span> 
     </span>
    </p>
   </div>
   <div class='ocr_carea' id='block_1_55' title="bbox 2229 2553 3828 2630">
    <p class='ocr_par' dir='ltr' id='par_1_55' title="bbox 2229 2553 3828 2630">
     <span class='ocr_line' id='line_1_55' title="bbox 2229 2553 3828 2630; baseline 0.005 -24"><span class='ocrx_word' id='word_1_394' title='bbox 2229 2553 2326 2606; x_wconf 74' lang='grc' dir='ltr'><strong>καὶ</strong></span> <span class='ocrx_word' id='word_1_395' title='bbox 2383 2553 2623 2625; x_wconf 81' lang='grc' dir='ltr'>κειμένῳ</span> <span class='ocrx_word' id='word_1_396' title='bbox 2669 2557 2728 2608; x_wconf 85' lang='grc' dir='ltr'><strong>ὲν</strong></span> <span class='ocrx_word' id='word_1_397' title='bbox 2769 2554 2959 2626; x_wconf 86' lang='grc' dir='ltr'>βιϐλίῳ</span> <span class='ocrx_word' id='word_1_398' title='bbox 3011 2563 3080 2625; x_wconf 90' lang='grc' dir='ltr'><strong>γ’,</strong></span> <span class='ocrx_word' id='word_1_399' title='bbox 3120 2557 3228 2610; x_wconf 88' lang='grc' dir='ltr'>τίτ.</span> <span class='ocrx_word' id='word_1_400' title='bbox 3289 2563 3359 2626; x_wconf 87' lang='grc' dir='ltr'><strong>γ’,</strong></span> <span class='ocrx_word' id='word_1_401' title='bbox 3392 2575 3516 2628; x_wconf 81' lang='grc' dir='ltr'>κεφ.</span> <span class='ocrx_word' id='word_1_402' title='bbox 3559 2565 3634 2624; x_wconf 79' lang='grc' dir='ltr'><strong>ς’,</strong></span> <span class='ocrx_word' id='word_1_403' title='bbox 3667 2560 3828 2630; x_wconf 81' lang='grc' dir='ltr'>χάριν</span> 
     </span>
    </p>
   </div>
   <div class='ocr_carea' id='block_1_56' title="bbox 2227 2642 3826 2720">
    <p class='ocr_par' dir='ltr' id='par_1_56' title="bbox 2227 2642 3826 2720">
     <span class='ocr_line' id='line_1_56' title="bbox 2227 2642 3826 2720; baseline 0.005 -24"><span class='ocrx_word' id='word_1_404' title='bbox 2227 2642 2287 2697; x_wconf 82' lang='grc' dir='ltr'><strong>δὲ</strong></span> <span class='ocrx_word' id='word_1_405' title='bbox 2342 2644 2452 2696; x_wconf 85' lang='grc' dir='ltr'><strong>τῶν</strong></span> <span class='ocrx_word' id='word_1_406' title='bbox 2521 2645 2925 2717; x_wconf 74' lang='grc' dir='ltr'>ὲναπογράφων</span> <span class='ocrx_word' id='word_1_407' title='bbox 2996 2647 3077 2719; x_wconf 79' lang='grc' dir='ltr'>τῷ</span> <span class='ocrx_word' id='word_1_408' title='bbox 3129 2647 3228 2713; x_wconf 67' lang='grc' dir='ltr'><strong>νζ,</strong></span> <span class='ocrx_word' id='word_1_409' title='bbox 3264 2649 3449 2703; x_wconf 86' lang='grc' dir='ltr'>κανόνι</span> <span class='ocrx_word' id='word_1_410' title='bbox 3482 2649 3580 2720; x_wconf 84' lang='grc' dir='ltr'>τῆς</span> <span class='ocrx_word' id='word_1_411' title='bbox 3602 2651 3826 2705; x_wconf 80' lang='grc' dir='ltr'>ἐνΛαο-</span> 
     </span>
    </p>
   </div>
   <div class='ocr_carea' id='block_1_57' title="bbox 2227 2735 3820 2816">
    <p class='ocr_par' dir='ltr' id='par_1_57' title="bbox 2227 2735 3820 2816">
     <span class='ocr_line' id='line_1_57' title="bbox 2227 2735 3820 2816; baseline 0.006 -28"><span class='ocrx_word' id='word_1_412' title='bbox 2227 2735 2406 2808; x_wconf 85' lang='grc' dir='ltr'>δικείᾳ</span> <span class='ocrx_word' id='word_1_413' title='bbox 2456 2738 2697 2804; x_wconf 85' lang='grc' dir='ltr'>συνόδου,</span> <span class='ocrx_word' id='word_1_414' title='bbox 2751 2742 2846 2793; x_wconf 73' lang='grc' dir='ltr'>καὶ</span> <span class='ocrx_word' id='word_1_415' title='bbox 2879 2743 2945 2812; x_wconf 85' lang='grc' dir='ltr'>τῇ</span> <span class='ocrx_word' id='word_1_416' title='bbox 3008 2748 3150 2814; x_wconf 89' lang='grc' dir='ltr'>ρκγ’.</span> <span class='ocrx_word' id='word_1_417' title='bbox 3193 2743 3606 2816; x_wconf 85' lang='grc' dir='ltr'>Ἰουστινιανείῳ</span> <span class='ocrx_word' id='word_1_418' title='bbox 3637 2748 3820 2815; x_wconf 76' lang='grc' dir='ltr'>νεαρᾷ,</span> 
     </span>
    </p>
   </div>
   <div class='ocr_carea' id='block_1_58' title="bbox 2227 2831 3820 2908">
    <p class='ocr_par' dir='ltr' id='par_1_58' title="bbox 2227 2831 3820 2908">
     <span class='ocr_line' id='line_1_58' title="bbox 2227 2831 3820 2908; baseline 0.005 -25"><span class='ocrx_word' id='word_1_419' title='bbox 2227 2831 2397 2901; x_wconf 74' lang='grc' dir='ltr'>ἤγουν</span> <span class='ocrx_word' id='word_1_420' title='bbox 2464 2831 2546 2902; x_wconf 87' lang='grc' dir='ltr'><strong>τῷ</strong></span> <span class='ocrx_word' id='word_1_421' title='bbox 2611 2832 2693 2903; x_wconf 83' lang='grc' dir='ltr'>λη’</span> <span class='ocrx_word' id='word_1_422' title='bbox 2747 2850 2871 2902; x_wconf 85' lang='grc' dir='ltr'>κεφ.</span> <span class='ocrx_word' id='word_1_423' title='bbox 2917 2833 3036 2887; x_wconf 82' lang='grc' dir='ltr'>τοῦ</span> <span class='ocrx_word' id='word_1_424' title='bbox 3111 2841 3161 2888; x_wconf 84' lang='grc' dir='ltr'>α’</span> <span class='ocrx_word' id='word_1_425' title='bbox 3226 2836 3333 2891; x_wconf 86' lang='grc' dir='ltr'>τίτ.</span> <span class='ocrx_word' id='word_1_426' title='bbox 3389 2837 3482 2890; x_wconf 84' lang='grc' dir='ltr'>τοῦ</span> <span class='ocrx_word' id='word_1_427' title='bbox 3528 2842 3578 2905; x_wconf 88' lang='grc' dir='ltr'>γ’</span> <span class='ocrx_word' id='word_1_428' title='bbox 3620 2837 3820 2908; x_wconf 82' lang='grc' dir='ltr'>βιϐλίου</span> 
     </span>
    </p>
   </div>
   <div class='ocr_carea' id='block_1_59' title="bbox 2231 2922 3815 3001">
    <p class='ocr_par' dir='ltr' id='par_1_59' title="bbox 2231 2922 3815 3001">
     <span class='ocr_line' id='line_1_59' title="bbox 2231 2922 3815 3001; baseline 0.004 -25"><span class='ocrx_word' id='word_1_429' title='bbox 2231 2922 2342 2976; x_wconf 85' lang='grc' dir='ltr'>τῶν</span> <span class='ocrx_word' id='word_1_430' title='bbox 2406 2923 2754 2990; x_wconf 77' lang='grc' dir='ltr'>Βασιλικῶν,</span> <span class='ocrx_word' id='word_1_431' title='bbox 2823 2925 2901 2996; x_wconf 84' lang='grc' dir='ltr'>τῷ</span> <span class='ocrx_word' id='word_1_432' title='bbox 2956 2929 3050 2980; x_wconf 85' lang='grc' dir='ltr'><strong>καὶ</strong></span> <span class='ocrx_word' id='word_1_433' title='bbox 3105 2926 3315 2983; x_wconf 82' lang='grc' dir='ltr'>ἄνωθεν</span> <span class='ocrx_word' id='word_1_434' title='bbox 3362 2930 3815 3001; x_wconf 86' lang='grc' dir='ltr'>καταστρωθέντι.</span> 
     </span>
    </p>
   </div>
   <div class='ocr_carea' id='block_1_60' title="bbox 2229 3015 3819 3092">
    <p class='ocr_par' dir='ltr' id='par_1_60' title="bbox 2229 3015 3819 3092">
     <span class='ocr_line' id='line_1_60' title="bbox 2229 3015 3819 3092; baseline 0.003 -22"><span class='ocrx_word' id='word_1_435' title='bbox 2229 3015 2418 3086; x_wconf 86' lang='grc' dir='ltr'>Χάριν</span> <span class='ocrx_word' id='word_1_436' title='bbox 2445 3016 2504 3069; x_wconf 80' lang='grc' dir='ltr'>δὲ</span> <span class='ocrx_word' id='word_1_437' title='bbox 2539 3015 2637 3069; x_wconf 86' lang='grc' dir='ltr'>τοῦ</span> <span class='ocrx_word' id='word_1_438' title='bbox 2683 3019 2992 3080; x_wconf 60' lang='grc' dir='ltr'>κανοκδικοῦ,</span> <span class='ocrx_word' id='word_1_439' title='bbox 3023 3019 3118 3072; x_wconf 75' lang='grc' dir='ltr'><strong>καὶ</strong></span> <span class='ocrx_word' id='word_1_440' title='bbox 3158 3019 3268 3072; x_wconf 86' lang='grc' dir='ltr'>τῶν</span> <span class='ocrx_word' id='word_1_441' title='bbox 3312 3019 3452 3092; x_wconf 82' lang='grc' dir='ltr'>ὑπὲρ</span> <span class='ocrx_word' id='word_1_442' title='bbox 3493 3022 3819 3092; x_wconf 79' lang='grc' dir='ltr'>χειροτονίας</span> 
     </span>
    </p>
   </div>
   <div class='ocr_carea' id='block_1_61' title="bbox 2228 3106 3820 3184">
    <p class='ocr_par' dir='ltr' id='par_1_61' title="bbox 2228 3106 3820 3184">
     <span class='ocr_line' id='line_1_61' title="bbox 2228 3106 3820 3184; baseline 0.004 -24"><span class='ocrx_word' id='word_1_443' title='bbox 2228 3106 2530 3178; x_wconf 86' lang='grc' dir='ltr'>διδομένων</span> <span class='ocrx_word' id='word_1_444' title='bbox 2561 3109 2884 3180; x_wconf 88' lang='grc' dir='ltr'>συνηθειῶν,</span> <span class='ocrx_word' id='word_1_445' title='bbox 2928 3112 3143 3182; x_wconf 77' lang='grc' dir='ltr'>ἐνεργεῖ</span> <span class='ocrx_word' id='word_1_446' title='bbox 3186 3112 3350 3184; x_wconf 86' lang='grc' dir='ltr'>μέχρι</span> <span class='ocrx_word' id='word_1_447' title='bbox 3378 3113 3472 3166; x_wconf 82' lang='grc' dir='ltr'><strong>τοῦ</strong></span> <span class='ocrx_word' id='word_1_448' title='bbox 3507 3115 3599 3167; x_wconf 84' lang='grc' dir='ltr'>νῦν</span> <span class='ocrx_word' id='word_1_449' title='bbox 3630 3117 3820 3184; x_wconf 78' lang='grc' dir='ltr'>χρυσό-</span> 
     </span>
    </p>
   </div>
   <div class='ocr_carea' id='block_1_62' title="bbox 511 3183 2116 3283">
    <p class='ocr_par' dir='ltr' id='par_1_62' title="bbox 511 3183 2116 3268">
     <span class='ocr_line' id='line_1_62' title="bbox 511 3183 2116 3268; baseline 0.021 -33"><span class='ocrx_word' id='word_1_450' title='bbox 511 3183 798 3254; x_wconf 73' lang='lat' dir='ltr'><strong>maiestas,</strong></span> <span class='ocrx_word' id='word_1_451' title='bbox 836 3200 895 3244; x_wconf 92' lang='lat' dir='ltr'><strong>ut</strong></span> <span class='ocrx_word' id='word_1_452' title='bbox 941 3194 1106 3248; x_wconf 87' lang='lat' dir='ltr'><strong>etiam</strong></span> <span class='ocrx_word' id='word_1_453' title='bbox 1163 3196 1219 3251; x_wconf 89' lang='lat' dir='ltr'><strong>in</strong></span> <span class='ocrx_word' id='word_1_454' title='bbox 1272 3199 1627 3259; x_wconf 86' lang='lat' dir='ltr'><strong>ordinatione</strong></span> <span class='ocrx_word' id='word_1_455' title='bbox 1671 3183 2028 3265; x_wconf 85' lang='lat' dir='ltr'><strong>sacerdotum</strong></span> <span class='ocrx_word' id='word_1_456' title='bbox 2063 3222 2116 3268; x_wconf 92' lang='lat' dir='ltr'><strong>et</strong></span> 
     </span>
    </p>
   </div>
   <div class='ocr_carea' id='block_1_63' title="bbox 2226 3183 3816 3283">
    <p class='ocr_par' dir='ltr' id='par_1_63' title="bbox 2226 3200 3816 3277">
     <span class='ocr_line' id='line_1_63' title="bbox 2226 3200 3816 3277; baseline 0.006 -25"><span class='ocrx_word' id='word_1_457' title='bbox 2226 3200 2450 3256; x_wconf 89' lang='grc' dir='ltr'>ϐουλλον</span> <span class='ocrx_word' id='word_1_458' title='bbox 2477 3201 2573 3256; x_wconf 78' lang='grc' dir='ltr'><strong>τοῦ</strong></span> <span class='ocrx_word' id='word_1_459' title='bbox 2603 3202 2853 3275; x_wconf 86' lang='grc' dir='ltr'>ἀοιδίμου</span> <span class='ocrx_word' id='word_1_460' title='bbox 2884 3204 3154 3274; x_wconf 88' lang='grc' dir='ltr'>βασιλέως</span> <span class='ocrx_word' id='word_1_461' title='bbox 3186 3207 3395 3277; x_wconf 87' lang='grc' dir='ltr'>Κυρίου</span> <span class='ocrx_word' id='word_1_462' title='bbox 3427 3207 3694 3262; x_wconf 82' lang='grc' dir='ltr'>Ἰσαακίου</span> <span class='ocrx_word' id='word_1_463' title='bbox 3721 3211 3816 3262; x_wconf 72' lang='grc' dir='ltr'><strong>τοῦ</strong></span> 
     </span>
    </p>
   </div>
   <div class='ocr_carea' id='block_1_64' title="bbox 512 3279 2112 3360">
    <p class='ocr_par' dir='ltr' id='par_1_64' title="bbox 512 3279 2112 3360">
     <span class='ocr_line' id='line_1_64' title="bbox 512 3279 2112 3360; baseline 0.021 -33"><span class='ocrx_word' id='word_1_464' title='bbox 512 3279 828 3335; x_wconf 84' lang='lat' dir='ltr'><strong>canonariis</strong></span> <span class='ocrx_word' id='word_1_465' title='bbox 860 3280 1160 3360; x_wconf 85' lang='lat' dir='ltr'><strong>[tributis]</strong></span> <span class='ocrx_word' id='word_1_466' title='bbox 1197 3298 1354 3345; x_wconf 85' lang='lat' dir='ltr'><strong>vetus</strong></span> <span class='ocrx_word' id='word_1_467' title='bbox 1392 3291 1566 3350; x_wconf 82' lang='lat' dir='ltr'><strong>forma</strong></span> <span class='ocrx_word' id='word_1_468' title='bbox 1604 3300 1989 3356; x_wconf 85' lang='lat' dir='ltr'><strong>auctoritatem</strong></span> <span class='ocrx_word' id='word_1_469' title='bbox 2021 3304 2112 3359; x_wconf 90' lang='lat' dir='ltr'><strong>ob-</strong></span> 
     </span>
    </p>
   </div>
   <div class='ocr_carea' id='block_1_65' title="bbox 513 3367 2110 3463">
    <p class='ocr_par' dir='ltr' id='par_1_65' title="bbox 513 3367 2110 3463">
     <span class='ocr_line' id='line_1_65' title="bbox 513 3367 2110 3463; baseline 0.019 -42"><span class='ocrx_word' id='word_1_470' title='bbox 513 3367 722 3425; x_wconf 84' lang='lat' dir='ltr'><strong>tineat:</strong></span> <span class='ocrx_word' id='word_1_471' title='bbox 762 3383 819 3428; x_wconf 91' lang='lat' dir='ltr'><strong>et</strong></span> <span class='ocrx_word' id='word_1_472' title='bbox 847 3376 984 3430; x_wconf 90' lang='lat' dir='ltr'><strong>nihil</strong></span> <span class='ocrx_word' id='word_1_473' title='bbox 1017 3377 1072 3432; x_wconf 92' lang='lat' dir='ltr'><strong>in</strong></span> <span class='ocrx_word' id='word_1_474' title='bbox 1105 3381 1458 3440; x_wconf 89' lang='lat' dir='ltr'><strong>ordinatione</strong></span> <span class='ocrx_word' id='word_1_475' title='bbox 1495 3387 1793 3460; x_wconf 89' lang='lat' dir='ltr'><strong>episcopus</strong></span> <span class='ocrx_word' id='word_1_476' title='bbox 1824 3394 1918 3463; x_wconf 90' lang='lat' dir='ltr'><strong>qui</strong></span> <span class='ocrx_word' id='word_1_477' title='bbox 1966 3396 2110 3450; x_wconf 87' lang='lat' dir='ltr'><strong>ordi-</strong></span> 
     </span>
    </p>
   </div>
   <div class='ocr_carea' id='block_1_66' title="bbox 511 3466 2115 3549">
    <p class='ocr_par' dir='ltr' id='par_1_66' title="bbox 511 3466 2115 3549">
     <span class='ocr_line' id='line_1_66' title="bbox 511 3466 2115 3549; baseline 0.019 -35"><span class='ocrx_word' id='word_1_478' title='bbox 511 3469 628 3527; x_wconf 85' lang='lat' dir='ltr'><strong>nat,</strong></span> <span class='ocrx_word' id='word_1_479' title='bbox 661 3466 900 3535; x_wconf 89' lang='lat' dir='ltr'><strong>amplius</strong></span> <span class='ocrx_word' id='word_1_480' title='bbox 931 3471 1186 3541; x_wconf 89' lang='lat' dir='ltr'><strong>accipiat,</strong></span> <span class='ocrx_word' id='word_1_481' title='bbox 1227 3490 1394 3545; x_wconf 89' lang='lat' dir='ltr'><strong>quam</strong></span> <span class='ocrx_word' id='word_1_482' title='bbox 1427 3483 1829 3549; x_wconf 67' lang='lat' dir='ltr'><strong>praezestimatze</strong></span> <span class='ocrx_word' id='word_1_483' title='bbox 1878 3498 2115 3546; x_wconf 70' lang='lat' dir='ltr'><strong>monetae</strong></span> 
     </span>
    </p>
   </div>
   <div class='ocr_carea' id='block_1_67' title="bbox 513 3551 2114 3644">
    <p class='ocr_par' dir='ltr' id='par_1_67' title="bbox 513 3551 2114 3644">
     <span class='ocr_line' id='line_1_67' title="bbox 513 3551 2114 3644; baseline 0.019 -38"><span class='ocrx_word' id='word_1_484' title='bbox 513 3551 890 3624; x_wconf 77' lang='lat' dir='ltr'><strong>imperatoriae</strong></span> <span class='ocrx_word' id='word_1_485' title='bbox 937 3577 1080 3619; x_wconf 66' lang='lat' dir='ltr'><strong>mea:</strong></span> <span class='ocrx_word' id='word_1_486' title='bbox 1114 3567 1428 3636; x_wconf 88' lang='lat' dir='ltr'><strong>majestatis</strong></span> <span class='ocrx_word' id='word_1_487' title='bbox 1475 3581 1685 3644; x_wconf 85' lang='lat' dir='ltr'><strong>septem</strong></span> <span class='ocrx_word' id='word_1_488' title='bbox 1719 3559 1920 3634; x_wconf 88' lang='lat' dir='ltr'><strong>aureos</strong></span> <span class='ocrx_word' id='word_1_489' title='bbox 1951 3597 2114 3636; x_wconf 85' lang='lat' dir='ltr'><strong>num-</strong></span> 
     </span>
    </p>
   </div>
   <div class='ocr_carea' id='block_1_68' title="bbox 511 3648 2112 3736">
    <p class='ocr_par' dir='ltr' id='par_1_68' title="bbox 511 3648 2112 3736">
     <span class='ocr_line' id='line_1_68' title="bbox 511 3648 2112 3736; baseline 0.019 -38"><span class='ocrx_word' id='word_1_490' title='bbox 511 3660 636 3701; x_wconf 94' lang='lat' dir='ltr'><strong>mos</strong></span> <span class='ocrx_word' id='word_1_491' title='bbox 661 3648 963 3706; x_wconf 81' lang='lat' dir='ltr'><strong>duntaxat:</strong></span> <span class='ocrx_word' id='word_1_492' title='bbox 991 3671 1162 3711; x_wconf 89' lang='lat' dir='ltr'><strong>unum</strong></span> <span class='ocrx_word' id='word_1_493' title='bbox 1193 3660 1468 3730; x_wconf 90' lang='lat' dir='ltr'><strong>videlicet,</strong></span> <span class='ocrx_word' id='word_1_494' title='bbox 1499 3668 1722 3736; x_wconf 88' lang='lat' dir='ltr'><strong>quando</strong></span> <span class='ocrx_word' id='word_1_495' title='bbox 1743 3669 2112 3728; x_wconf 87' lang='lat' dir='ltr'><strong>ordinandum</strong></span> 
     </span>
    </p>
   </div>
   <div class='ocr_carea' id='block_1_69' title="bbox 510 3736 2111 3832">
    <p class='ocr_par' dir='ltr' id='par_1_69' title="bbox 510 3736 2111 3832">
     <span class='ocr_line' id='line_1_69' title="bbox 510 3736 2111 3832; baseline 0.02 -41"><span class='ocrx_word' id='word_1_496' title='bbox 510 3736 679 3795; x_wconf 81' lang='lat' dir='ltr'><strong>faciat</strong></span> <span class='ocrx_word' id='word_1_497' title='bbox 758 3738 1068 3814; x_wconf 84' lang='lat' dir='ltr'><strong>simplicem</strong></span> <span class='ocrx_word' id='word_1_498' title='bbox 1153 3767 1350 3821; x_wconf 89' lang='lat' dir='ltr'><strong>papam</strong></span> <span class='ocrx_word' id='word_1_499' title='bbox 1423 3757 1541 3813; x_wconf 87' lang='lat' dir='ltr'><strong>sive</strong></span> <span class='ocrx_word' id='word_1_500' title='bbox 1619 3760 1921 3832; x_wconf 88' lang='lat' dir='ltr'><strong>lectorem;</strong></span> <span class='ocrx_word' id='word_1_501' title='bbox 1980 3775 2111 3832; x_wconf 90' lang='lat' dir='ltr'><strong>tres,</strong></span> 
     </span>
    </p>
   </div>
   <div class='ocr_carea' id='block_1_70' title="bbox 509 3834 2113 3925">
    <p class='ocr_par' dir='ltr' id='par_1_70' title="bbox 509 3834 2113 3925">
     <span class='ocr_line' id='line_1_70' title="bbox 509 3834 2113 3925; baseline 0.017 -41"><span class='ocrx_word' id='word_1_502' title='bbox 509 3834 736 3901; x_wconf 91' lang='lat' dir='ltr'><strong>quando</strong></span> <span class='ocrx_word' id='word_1_503' title='bbox 794 3837 1016 3894; x_wconf 85' lang='lat' dir='ltr'><strong>ordinat</strong></span> <span class='ocrx_word' id='word_1_504' title='bbox 1067 3841 1401 3911; x_wconf 86' lang='lat' dir='ltr'><strong>diaconum;</strong></span> <span class='ocrx_word' id='word_1_505' title='bbox 1458 3849 1662 3906; x_wconf 89' lang='lat' dir='ltr'><strong>alteros</strong></span> <span class='ocrx_word' id='word_1_506' title='bbox 1709 3861 1842 3920; x_wconf 91' lang='lat' dir='ltr'><strong>tres,</strong></span> <span class='ocrx_word' id='word_1_507' title='bbox 1891 3858 2113 3925; x_wconf 88' lang='lat' dir='ltr'><strong>quando</strong></span> 
     </span>
    </p>
   </div>
   <div class='ocr_carea' id='block_1_71' title="bbox 509 3927 2112 4012">
    <p class='ocr_par' dir='ltr' id='par_1_71' title="bbox 509 3927 2112 4012">
     <span class='ocr_line' id='line_1_71' title="bbox 509 3927 2112 4012; baseline 0.019 -35"><span class='ocrx_word' id='word_1_508' title='bbox 509 3927 851 3982; x_wconf 83' lang='lat' dir='ltr'><strong>sacerdotem</strong></span> <span class='ocrx_word' id='word_1_509' title='bbox 889 3931 1006 3986; x_wconf 91' lang='lat' dir='ltr'><strong>sive</strong></span> <span class='ocrx_word' id='word_1_510' title='bbox 1042 3937 1427 4008; x_wconf 88' lang='lat' dir='ltr'><strong>presbyterum</strong></span> <span class='ocrx_word' id='word_1_511' title='bbox 1465 3943 1703 4012; x_wconf 82' lang='lat' dir='ltr'><strong>perﬁcit,</strong></span> <span class='ocrx_word' id='word_1_512' title='bbox 1742 3947 1825 4002; x_wconf 90' lang='lat' dir='ltr'><strong>sic</strong></span> <span class='ocrx_word' id='word_1_513' title='bbox 1852 3949 2112 4007; x_wconf 87' lang='lat' dir='ltr'><strong>similiter</strong></span> 
     </span>
    </p>
   </div>
   <div class='ocr_carea' id='block_1_72' title="bbox 507 4023 2110 4106">
    <p class='ocr_par' dir='ltr' id='par_1_72' title="bbox 507 4023 2110 4106">
     <span class='ocr_line' id='line_1_72' title="bbox 507 4023 2110 4106; baseline 0.017 -34"><span class='ocrx_word' id='word_1_514' title='bbox 507 4032 610 4087; x_wconf 88' lang='lat' dir='ltr'><strong>pro</strong></span> <span class='ocrx_word' id='word_1_515' title='bbox 641 4025 943 4078; x_wconf 90' lang='lat' dir='ltr'><strong>canonario</strong></span> <span class='ocrx_word' id='word_1_516' title='bbox 971 4023 1253 4102; x_wconf 90' lang='lat' dir='ltr'><strong>[tributo]</strong></span> <span class='ocrx_word' id='word_1_517' title='bbox 1304 4046 1336 4086; x_wconf 89' lang='lat' dir='ltr'><strong>a</strong></span> <span class='ocrx_word' id='word_1_518' title='bbox 1374 4033 1496 4090; x_wconf 88' lang='lat' dir='ltr'><strong>vico</strong></span> <span class='ocrx_word' id='word_1_519' title='bbox 1525 4037 1746 4106; x_wconf 83' lang='lat' dir='ltr'><strong>triginta</strong></span> <span class='ocrx_word' id='word_1_520' title='bbox 1778 4038 2110 4098; x_wconf 87' lang='lat' dir='ltr'><strong>inl&#39;umibula</strong></span> 
     </span>
    </p>
   </div>
   <div class='ocr_carea' id='block_1_73' title="bbox 506 4109 2112 4202">
    <p class='ocr_par' dir='ltr' id='par_1_73' title="bbox 506 4109 2112 4202">
     <span class='ocr_line' id='line_1_73' title="bbox 506 4109 2112 4202; baseline 0.017 -38"><span class='ocrx_word' id='word_1_521' title='bbox 506 4109 765 4179; x_wconf 88' lang='lat' dir='ltr'><strong>habente,</strong></span> <span class='ocrx_word' id='word_1_522' title='bbox 815 4116 1050 4174; x_wconf 90' lang='lat' dir='ltr'><strong>similem</strong></span> <span class='ocrx_word' id='word_1_523' title='bbox 1096 4135 1325 4178; x_wconf 89' lang='lat' dir='ltr'><strong>aureum</strong></span> <span class='ocrx_word' id='word_1_524' title='bbox 1381 4143 1550 4183; x_wconf 89' lang='lat' dir='ltr'><strong>unum</strong></span> <span class='ocrx_word' id='word_1_525' title='bbox 1578 4172 1593 4197; x_wconf 91' lang='lat'><strong>,</strong></span> <span class='ocrx_word' id='word_1_526' title='bbox 1639 4142 1930 4202; x_wconf 87' lang='lat' dir='ltr'><strong>argenteos</strong></span> <span class='ocrx_word' id='word_1_527' title='bbox 1951 4135 2112 4202; x_wconf 88' lang='lat' dir='ltr'><strong>duos,</strong></span> 
     </span>
    </p>
   </div>
   <div class='ocr_carea' id='block_1_74' title="bbox 507 4206 2113 4291">
    <p class='ocr_par' dir='ltr' id='par_1_74' title="bbox 507 4206 2113 4291">
     <span class='ocr_line' id='line_1_74' title="bbox 507 4206 2113 4291; baseline 0.016 -33"><span class='ocrx_word' id='word_1_528' title='bbox 507 4206 736 4262; x_wconf 88' lang='lat' dir='ltr'><strong>arietem</strong></span> <span class='ocrx_word' id='word_1_529' title='bbox 801 4226 1013 4277; x_wconf 90' lang='lat' dir='ltr'><strong>unum,</strong></span> <span class='ocrx_word' id='word_1_530' title='bbox 1045 4214 1234 4271; x_wconf 90' lang='lat' dir='ltr'><strong>hordei</strong></span> <span class='ocrx_word' id='word_1_531' title='bbox 1300 4219 1515 4275; x_wconf 93' lang='lat' dir='ltr'><strong>modios</strong></span> <span class='ocrx_word' id='word_1_532' title='bbox 1577 4238 1692 4291; x_wconf 86' lang='lat' dir='ltr'><strong>sex,</strong></span> <span class='ocrx_word' id='word_1_533' title='bbox 1744 4227 1855 4280; x_wconf 89' lang='lat' dir='ltr'><strong>vini</strong></span> <span class='ocrx_word' id='word_1_534' title='bbox 1887 4243 2113 4285; x_wconf 87' lang='lat' dir='ltr'><strong>mensu-</strong></span> 
     </span>
    </p>
   </div>
   <div class='ocr_carea' id='block_1_75' title="bbox 505 4301 2113 4386">
    <p class='ocr_par' dir='ltr' id='par_1_75' title="bbox 505 4301 2113 4386">
     <span class='ocr_line' id='line_1_75' title="bbox 505 4301 2113 4386; baseline 0.016 -34"><span class='ocrx_word' id='word_1_535' title='bbox 505 4312 598 4354; x_wconf 87' lang='lat' dir='ltr'><strong>ras</strong></span> <span class='ocrx_word' id='word_1_536' title='bbox 627 4314 745 4364; x_wconf 85' lang='lat' dir='ltr'><strong>sex,</strong></span> <span class='ocrx_word' id='word_1_537' title='bbox 779 4301 970 4360; x_wconf 79' lang='lat' dir='ltr'><strong>farinae</strong></span> <span class='ocrx_word' id='word_1_538' title='bbox 992 4308 1206 4364; x_wconf 89' lang='lat' dir='ltr'><strong>modios</strong></span> <span class='ocrx_word' id='word_1_539' title='bbox 1238 4325 1354 4375; x_wconf 80' lang='lat' dir='ltr'><strong>sex,</strong></span> <span class='ocrx_word' id='word_1_540' title='bbox 1377 4312 1609 4382; x_wconf 85' lang='lat' dir='ltr'><strong>gallinas</strong></span> <span class='ocrx_word' id='word_1_541' title='bbox 1647 4315 1867 4386; x_wconf 83' lang='lat' dir='ltr'><strong>triginta</strong></span> <span class='ocrx_word' id='word_1_542' title='bbox 1891 4337 1902 4374; x_wconf 95' lang='lat'><strong>:</strong></span> <span class='ocrx_word' id='word_1_543' title='bbox 1931 4335 1962 4374; x_wconf 90' lang='lat' dir='ltr'><strong>a</strong></span> <span class='ocrx_word' id='word_1_544' title='bbox 1990 4322 2113 4377; x_wconf 91' lang='lat' dir='ltr'><strong>vico</strong></span> 
     </span>
    </p>
   </div>
   <div class='ocr_carea' id='block_1_76' title="bbox 506 4393 2109 4480">
    <p class='ocr_par' dir='ltr' id='par_1_76' title="bbox 506 4393 2109 4480">
     <span class='ocr_line' id='line_1_76' title="bbox 506 4393 2109 4480; baseline 0.016 -38"><span class='ocrx_word' id='word_1_545' title='bbox 506 4404 641 4445; x_wconf 89' lang='lat' dir='ltr'><strong>vero</strong></span> <span class='ocrx_word' id='word_1_546' title='bbox 682 4393 778 4462; x_wconf 91' lang='lat' dir='ltr'><strong>qui</strong></span> <span class='ocrx_word' id='word_1_547' title='bbox 819 4395 1013 4467; x_wconf 83' lang='lat' dir='ltr'><strong>viginti</strong></span> <span class='ocrx_word' id='word_1_548' title='bbox 1058 4399 1387 4458; x_wconf 82' lang='lat' dir='ltr'><strong>iul‘umibula</strong></span> <span class='ocrx_word' id='word_1_549' title='bbox 1437 4405 1624 4475; x_wconf 90' lang='lat' dir='ltr'><strong>habet,</strong></span> <span class='ocrx_word' id='word_1_550' title='bbox 1654 4412 1806 4465; x_wconf 89' lang='lat' dir='ltr'><strong>aurei</strong></span> <span class='ocrx_word' id='word_1_551' title='bbox 1865 4411 2109 4480; x_wconf 86' lang='lat' dir='ltr'><strong>bessem,</strong></span> 
     </span>
    </p>
   </div>
   <div class='ocr_carea' id='block_1_77' title="bbox 503 4485 2107 4575">
    <p class='ocr_par' dir='ltr' id='par_1_77' title="bbox 503 4485 2107 4575">
     <span class='ocr_line' id='line_1_77' title="bbox 503 4485 2107 4575; baseline 0.016 -39"><span class='ocrx_word' id='word_1_552' title='bbox 503 4497 605 4554; x_wconf 86' lang='lat' dir='ltr'><strong>pro</strong></span> <span class='ocrx_word' id='word_1_553' title='bbox 632 4485 848 4545; x_wconf 88' lang='lat' dir='ltr'><strong>duobus</strong></span> <span class='ocrx_word' id='word_1_554' title='bbox 882 4493 1158 4562; x_wconf 84' lang='lat' dir='ltr'><strong>argenteis</strong></span> <span class='ocrx_word' id='word_1_555' title='bbox 1203 4506 1526 4567; x_wconf 84' lang='lat' dir='ltr'><strong>argenteum</strong></span> <span class='ocrx_word' id='word_1_556' title='bbox 1566 4499 1777 4572; x_wconf 92' lang='lat' dir='ltr'><strong>[unum</strong></span> <span class='ocrx_word' id='word_1_557' title='bbox 1801 4501 1820 4574; x_wconf 91' lang='lat'><strong>]</strong></span> <span class='ocrx_word' id='word_1_558' title='bbox 1844 4544 1857 4566; x_wconf 91' lang='lat'><strong>,</strong></span> <span class='ocrx_word' id='word_1_559' title='bbox 1904 4519 2107 4575; x_wconf 86' lang='lat' dir='ltr'><strong>agnum</strong></span> 
     </span>
    </p>
   </div>
   <div class='ocr_carea' id='block_1_78' title="bbox 2222 3297 3819 3374">
    <p class='ocr_par' dir='ltr' id='par_1_78' title="bbox 2222 3297 3819 3374">
     <span class='ocr_line' id='line_1_78' title="bbox 2222 3297 3819 3374; baseline 0.003 -22"><span class='ocrx_word' id='word_1_560' title='bbox 2222 3297 2514 3368; x_wconf 84' lang='grc' dir='ltr'>Κομνηνοῦ</span> <span class='ocrx_word' id='word_1_561' title='bbox 2543 3297 2720 3364; x_wconf 77' lang='grc' dir='ltr'>οὕτως</span> <span class='ocrx_word' id='word_1_562' title='bbox 2755 3299 2878 3370; x_wconf 76' lang='grc' dir='ltr'>ἔχον</span> <span class='ocrx_word' id='word_1_563' title='bbox 2908 3303 2966 3354; x_wconf 84' lang='grc' dir='ltr'>ὲν</span> <span class='ocrx_word' id='word_1_564' title='bbox 3003 3301 3180 3373; x_wconf 89' lang='grc' dir='ltr'>μέρει·</span> <span class='ocrx_word' id='word_1_565' title='bbox 3222 3302 3398 3355; x_wconf 88' lang='grc' dir='ltr'><strong>Τυποί</strong></span> <span class='ocrx_word' id='word_1_566' title='bbox 3429 3303 3485 3357; x_wconf 84' lang='grc' dir='ltr'><strong>δὲ</strong></span> <span class='ocrx_word' id='word_1_567' title='bbox 3515 3305 3546 3373; x_wconf 87' lang='grc' dir='ltr'><strong>ή</strong></span> <span class='ocrx_word' id='word_1_568' title='bbox 3579 3303 3819 3374; x_wconf 81' lang='grc' dir='ltr'>βασιλεία</span> 
     </span>
    </p>
   </div>
   <div class='ocr_carea' id='block_1_79' title="bbox 2224 3391 3816 3466">
    <p class='ocr_par' dir='ltr' id='par_1_79' title="bbox 2224 3391 3816 3466">
     <span class='ocr_line' id='line_1_79' title="bbox 2224 3391 3816 3466; baseline 0.002 -23"><span class='ocrx_word' id='word_1_569' title='bbox 2224 3407 2349 3462; x_wconf 86' lang='grc' dir='ltr'>μου,</span> <span class='ocrx_word' id='word_1_570' title='bbox 2379 3391 2475 3444; x_wconf 80' lang='grc' dir='ltr'>καὶ</span> <span class='ocrx_word' id='word_1_571' title='bbox 2497 3392 2591 3445; x_wconf 73' lang='grc' dir='ltr'>ἐπὶ</span> <span class='ocrx_word' id='word_1_572' title='bbox 2629 3395 2694 3465; x_wconf 79' lang='grc' dir='ltr'>τῇ</span> <span class='ocrx_word' id='word_1_573' title='bbox 2723 3393 3034 3465; x_wconf 63' lang='grc' dir='ltr'>χειροτονίᾳ</span> <span class='ocrx_word' id='word_1_574' title='bbox 3073 3393 3183 3447; x_wconf 84' lang='grc' dir='ltr'><strong>τῶν</strong></span> <span class='ocrx_word' id='word_1_575' title='bbox 3217 3395 3429 3466; x_wconf 80' lang='grc' dir='ltr'>ἱερέων,</span> <span class='ocrx_word' id='word_1_576' title='bbox 3489 3396 3582 3448; x_wconf 79' lang='grc' dir='ltr'>καὶ</span> <span class='ocrx_word' id='word_1_577' title='bbox 3618 3396 3712 3448; x_wconf 75' lang='grc' dir='ltr'><strong>ἐπὶ</strong></span> <span class='ocrx_word' id='word_1_578' title='bbox 3739 3395 3816 3463; x_wconf 80' lang='grc' dir='ltr'>τῷ</span> 
     </span>
    </p>
   </div>
   <div class='ocr_carea' id='block_1_80' title="bbox 2221 3483 3809 3560">
    <p class='ocr_par' dir='ltr' id='par_1_80' title="bbox 2221 3483 3809 3560">
     <span class='ocr_line' id='line_1_80' title="bbox 2221 3483 3809 3560; baseline 0.001 -22"><span class='ocrx_word' id='word_1_579' title='bbox 2221 3483 2496 3556; x_wconf 85' lang='grc' dir='ltr'>κανονικῷ</span> <span class='ocrx_word' id='word_1_580' title='bbox 2521 3485 2612 3538; x_wconf 76' lang='grc' dir='ltr'><strong>τὸν</strong></span> <span class='ocrx_word' id='word_1_581' title='bbox 2645 3485 2874 3539; x_wconf 82' lang='grc' dir='ltr'>παλαιὸν</span> <span class='ocrx_word' id='word_1_582' title='bbox 2899 3486 3144 3560; x_wconf 78' lang='grc' dir='ltr'>ἐνεργεῖν</span> <span class='ocrx_word' id='word_1_583' title='bbox 3167 3486 3357 3552; x_wconf 85' lang='grc' dir='ltr'>τύπον,</span> <span class='ocrx_word' id='word_1_584' title='bbox 3393 3489 3487 3541; x_wconf 75' lang='grc' dir='ltr'>καὶ</span> <span class='ocrx_word' id='word_1_585' title='bbox 3521 3488 3689 3559; x_wconf 81' lang='grc' dir='ltr'>μηδὲν</span> <span class='ocrx_word' id='word_1_586' title='bbox 3716 3490 3809 3541; x_wconf 67' lang='grc' dir='ltr'>ἐπὶ</span> 
     </span>
    </p>
   </div>
   <div class='ocr_carea' id='block_1_81' title="bbox 2221 3579 3816 3652">
    <p class='ocr_par' dir='ltr' id='par_1_81' title="bbox 2221 3579 3816 3652">
     <span class='ocr_line' id='line_1_81' title="bbox 2221 3579 3816 3652; baseline 0.003 -21"><span class='ocrx_word' id='word_1_587' title='bbox 2221 3581 2290 3650; x_wconf 81' lang='grc' dir='ltr'>τῇ</span> <span class='ocrx_word' id='word_1_588' title='bbox 2345 3579 2652 3651; x_wconf 77' lang='grc' dir='ltr'>χειροτονίᾳ</span> <span class='ocrx_word' id='word_1_589' title='bbox 2707 3579 3012 3650; x_wconf 85' lang='grc' dir='ltr'>λαμϐάνειν</span> <span class='ocrx_word' id='word_1_590' title='bbox 3052 3579 3215 3634; x_wconf 81' lang='grc' dir='ltr'>πλέον</span> <span class='ocrx_word' id='word_1_591' title='bbox 3269 3581 3361 3634; x_wconf 84' lang='grc' dir='ltr'><strong>τὸν</strong></span> <span class='ocrx_word' id='word_1_592' title='bbox 3405 3581 3816 3652; x_wconf 77' lang='grc' dir='ltr'>χειροτονοῦντα</span> 
     </span>
    </p>
   </div>
   <div class='ocr_carea' id='block_1_82' title="bbox 2220 3669 3818 3744">
    <p class='ocr_par' dir='ltr' id='par_1_82' title="bbox 2220 3669 3818 3744">
     <span class='ocr_line' id='line_1_82' title="bbox 2220 3669 3818 3744; baseline -0.001 -20"><span class='ocrx_word' id='word_1_593' title='bbox 2220 3669 2413 3724; x_wconf 78' lang='grc' dir='ltr'>τοῦτον</span> <span class='ocrx_word' id='word_1_594' title='bbox 2452 3671 2774 3736; x_wconf 77' lang='grc' dir='ltr'>ἐπίσκοπον,</span> <span class='ocrx_word' id='word_1_595' title='bbox 2817 3672 2934 3726; x_wconf 85' lang='grc' dir='ltr'>ἀλλ’</span> <span class='ocrx_word' id='word_1_596' title='bbox 2967 3672 2999 3744; x_wconf 82' lang='grc' dir='ltr'><strong>ἢ</strong></span> <span class='ocrx_word' id='word_1_597' title='bbox 3049 3672 3186 3744; x_wconf 87' lang='grc' dir='ltr'>μόνα</span> <span class='ocrx_word' id='word_1_598' title='bbox 3219 3673 3292 3726; x_wconf 76' lang='grc' dir='ltr'>τὰ</span> <span class='ocrx_word' id='word_1_599' title='bbox 3333 3673 3377 3738; x_wconf 82' lang='grc' dir='ltr'><strong>ζ’</strong></span> <span class='ocrx_word' id='word_1_600' title='bbox 3429 3673 3609 3743; x_wconf 87' lang='grc' dir='ltr'>χρυσᾶ</span> <span class='ocrx_word' id='word_1_601' title='bbox 3666 3672 3818 3741; x_wconf 84' lang='grc' dir='ltr'>νομί-</span> 
     </span>
    </p>
   </div>
   <div class='ocr_carea' id='block_1_83' title="bbox 2227 3765 3818 3837">
    <p class='ocr_par' dir='ltr' id='par_1_83' title="bbox 2227 3765 3818 3837">
     <span class='ocr_line' id='line_1_83' title="bbox 2227 3765 3818 3837; baseline 0.001 -20"><span class='ocrx_word' id='word_1_602' title='bbox 2227 3781 2415 3835; x_wconf 89' lang='grc' dir='ltr'>σματα</span> <span class='ocrx_word' id='word_1_603' title='bbox 2465 3767 2567 3831; x_wconf 87' lang='grc' dir='ltr'>τῆς</span> <span class='ocrx_word' id='word_1_604' title='bbox 2609 3765 3040 3836; x_wconf 79' lang='grc' dir='ltr'>προτιμωμένης</span> <span class='ocrx_word' id='word_1_605' title='bbox 3091 3766 3344 3837; x_wconf 83' lang='grc' dir='ltr'>χαραγῆς</span> <span class='ocrx_word' id='word_1_606' title='bbox 3387 3765 3489 3835; x_wconf 82' lang='grc' dir='ltr'>τῆς</span> <span class='ocrx_word' id='word_1_607' title='bbox 3543 3765 3818 3836; x_wconf 76' lang='grc' dir='ltr'>βασιλείας</span> 
     </span>
    </p>
   </div>
   <div class='ocr_carea' id='block_1_84' title="bbox 2227 3856 3819 3929">
    <p class='ocr_par' dir='ltr' id='par_1_84' title="bbox 2227 3856 3819 3929">
     <span class='ocr_line' id='line_1_84' title="bbox 2227 3856 3819 3929; baseline 0 -19"><span class='ocrx_word' id='word_1_608' title='bbox 2227 3873 2354 3928; x_wconf 88' lang='grc' dir='ltr'>μου,</span> <span class='ocrx_word' id='word_1_609' title='bbox 2387 3857 2559 3928; x_wconf 74' lang='grc' dir='ltr'>ἤγουν</span> <span class='ocrx_word' id='word_1_610' title='bbox 2590 3856 2648 3911; x_wconf 81' lang='grc' dir='ltr'>ἓν</span> <span class='ocrx_word' id='word_1_611' title='bbox 2687 3857 2787 3928; x_wconf 81' lang='grc' dir='ltr'><strong>μὲν</strong></span> <span class='ocrx_word' id='word_1_612' title='bbox 2815 3858 2906 3911; x_wconf 82' lang='grc' dir='ltr'><strong>ὅτε</strong></span> <span class='ocrx_word' id='word_1_613' title='bbox 2945 3860 3093 3912; x_wconf 83' lang='grc' dir='ltr'>ποιεῖ</span> <span class='ocrx_word' id='word_1_614' title='bbox 3120 3859 3282 3913; x_wconf 85' lang='grc' dir='ltr'>αὑτὸν</span> <span class='ocrx_word' id='word_1_615' title='bbox 3309 3858 3452 3912; x_wconf 76' lang='grc' dir='ltr'>λιτὸν</span> <span class='ocrx_word' id='word_1_616' title='bbox 3487 3859 3673 3912; x_wconf 86' lang='grc' dir='ltr'>παπᾶν</span> <span class='ocrx_word' id='word_1_617' title='bbox 3701 3859 3819 3929; x_wconf 77' lang='grc' dir='ltr'>ἦτοι</span> 
     </span>
    </p>
   </div>
   <div class='ocr_carea' id='block_1_85' title="bbox 2226 3950 3816 4024">
    <p class='ocr_par' dir='ltr' id='par_1_85' title="bbox 2226 3950 3816 4024">
     <span class='ocr_line' id='line_1_85' title="bbox 2226 3950 3816 4024; baseline 0 -20"><span class='ocrx_word' id='word_1_618' title='bbox 2226 3950 2614 4021; x_wconf 84' lang='grc' dir='ltr'>ἀναγνώστην,</span> <span class='ocrx_word' id='word_1_619' title='bbox 2649 3950 2778 4023; x_wconf 87' lang='grc' dir='ltr'>τρία</span> <span class='ocrx_word' id='word_1_620' title='bbox 2807 3952 2865 4005; x_wconf 81' lang='grc' dir='ltr'>δὲ</span> <span class='ocrx_word' id='word_1_621' title='bbox 2891 3952 2979 4004; x_wconf 80' lang='grc' dir='ltr'>ὅτε</span> <span class='ocrx_word' id='word_1_622' title='bbox 3019 3955 3321 4024; x_wconf 85' lang='grc' dir='ltr'>χειροτονεῖ</span> <span class='ocrx_word' id='word_1_623' title='bbox 3357 3952 3520 4006; x_wconf 78' lang='grc' dir='ltr'>αὑτὸν</span> <span class='ocrx_word' id='word_1_624' title='bbox 3549 3953 3816 4013; x_wconf 86' lang='grc' dir='ltr'>διάκονον,</span> 
     </span>
    </p>
   </div>
   <div class='ocr_carea' id='block_1_86' title="bbox 2223 4043 3819 4116">
    <p class='ocr_par' dir='ltr' id='par_1_86' title="bbox 2223 4043 3819 4116">
     <span class='ocr_line' id='line_1_86' title="bbox 2223 4043 3819 4116; baseline 0.001 -19"><span class='ocrx_word' id='word_1_625' title='bbox 2223 4043 2319 4097; x_wconf 75' lang='grc' dir='ltr'><strong>καὶ</strong></span> <span class='ocrx_word' id='word_1_626' title='bbox 2351 4043 2518 4114; x_wconf 74' lang='grc' dir='ltr'>ἕτερα</span> <span class='ocrx_word' id='word_1_627' title='bbox 2545 4043 2671 4115; x_wconf 88' lang='grc' dir='ltr'>τρία</span> <span class='ocrx_word' id='word_1_628' title='bbox 2690 4044 2779 4097; x_wconf 81' lang='grc' dir='ltr'><strong>ὅτε</strong></span> <span class='ocrx_word' id='word_1_629' title='bbox 2811 4043 3014 4116; x_wconf 86' lang='grc' dir='ltr'>πληροῖ</span> <span class='ocrx_word' id='word_1_630' title='bbox 3043 4044 3204 4098; x_wconf 82' lang='grc' dir='ltr'>αὐτὸν</span> <span class='ocrx_word' id='word_1_631' title='bbox 3229 4045 3401 4116; x_wconf 81' lang='grc' dir='ltr'>ἱερέα,</span> <span class='ocrx_word' id='word_1_632' title='bbox 3428 4045 3546 4116; x_wconf 77' lang='grc' dir='ltr'>ἦτοι</span> <span class='ocrx_word' id='word_1_633' title='bbox 3579 4045 3819 4116; x_wconf 84' lang='grc' dir='ltr'>πρεσϐύ-</span> 
     </span>
    </p>
   </div>
   <div class='ocr_carea' id='block_1_87' title="bbox 2221 4135 3818 4207">
    <p class='ocr_par' dir='ltr' id='par_1_87' title="bbox 2221 4135 3818 4207">
     <span class='ocr_line' id='line_1_87' title="bbox 2221 4135 3818 4207; baseline 0.001 -19"><span class='ocrx_word' id='word_1_634' title='bbox 2221 4151 2403 4206; x_wconf 86' lang='grc' dir='ltr'>τερον.</span> <span class='ocrx_word' id='word_1_635' title='bbox 2447 4135 2728 4199; x_wconf 84' lang='grc' dir='ltr'>Ὡσαύτως</span> <span class='ocrx_word' id='word_1_636' title='bbox 2789 4137 2886 4189; x_wconf 70' lang='grc' dir='ltr'>καὶ</span> <span class='ocrx_word' id='word_1_637' title='bbox 2929 4136 3071 4207; x_wconf 83' lang='grc' dir='ltr'>ὑπὲρ</span> <span class='ocrx_word' id='word_1_638' title='bbox 3103 4136 3198 4189; x_wconf 82' lang='grc' dir='ltr'><strong>τοῦ</strong></span> <span class='ocrx_word' id='word_1_639' title='bbox 3241 4135 3527 4191; x_wconf 78' lang='grc' dir='ltr'>κανονικοῦ</span> <span class='ocrx_word' id='word_1_640' title='bbox 3575 4137 3683 4191; x_wconf 85' lang='grc' dir='ltr'>ἀπὸ</span> <span class='ocrx_word' id='word_1_641' title='bbox 3723 4137 3818 4190; x_wconf 78' lang='grc' dir='ltr'>τοῦ</span> 
     </span>
    </p>
   </div>
   <div class='ocr_carea' id='block_1_88' title="bbox 2221 4226 3816 4300">
    <p class='ocr_par' dir='ltr' id='par_1_88' title="bbox 2221 4226 3816 4300">
     <span class='ocr_line' id='line_1_88' title="bbox 2221 4226 3816 4300; baseline -0.001 -19"><span class='ocrx_word' id='word_1_642' title='bbox 2221 4227 2438 4299; x_wconf 75' lang='grc' dir='ltr'>ἔχοντος</span> <span class='ocrx_word' id='word_1_643' title='bbox 2459 4228 2663 4300; x_wconf 89' lang='grc' dir='ltr'>χωρίου</span> <span class='ocrx_word' id='word_1_644' title='bbox 2687 4226 2732 4280; x_wconf 83' lang='grc' dir='ltr'>λ’</span> <span class='ocrx_word' id='word_1_645' title='bbox 2758 4228 3023 4293; x_wconf 79' lang='grc' dir='ltr'>καπνοὺς,</span> <span class='ocrx_word' id='word_1_646' title='bbox 3045 4228 3290 4300; x_wconf 88' lang='grc' dir='ltr'>νόμισμα</span> <span class='ocrx_word' id='word_1_647' title='bbox 3309 4227 3366 4282; x_wconf 81' lang='grc' dir='ltr'>ἓν</span> <span class='ocrx_word' id='word_1_648' title='bbox 3387 4229 3590 4300; x_wconf 85' lang='grc' dir='ltr'>χρυσοῦ</span> <span class='ocrx_word' id='word_1_649' title='bbox 3612 4229 3816 4300; x_wconf 85' lang='grc' dir='ltr'>ὅμοιον,</span> 
     </span>
    </p>
   </div>
   <div class='ocr_carea' id='block_1_89' title="bbox 2222 4320 3814 4393">
    <p class='ocr_par' dir='ltr' id='par_1_89' title="bbox 2222 4320 3814 4393">
     <span class='ocr_line' id='line_1_89' title="bbox 2222 4320 3814 4393; baseline -0.001 -18"><span class='ocrx_word' id='word_1_650' title='bbox 2222 4322 2444 4392; x_wconf 83' lang='grc' dir='ltr'>ἀργυρᾶ</span> <span class='ocrx_word' id='word_1_651' title='bbox 2493 4321 2607 4381; x_wconf 86' lang='grc' dir='ltr'>δύο,</span> <span class='ocrx_word' id='word_1_652' title='bbox 2652 4320 2808 4391; x_wconf 79' lang='grc' dir='ltr'>κριὸν</span> <span class='ocrx_word' id='word_1_653' title='bbox 2854 4321 2972 4387; x_wconf 74' lang='grc' dir='ltr'>ἕνα,</span> <span class='ocrx_word' id='word_1_654' title='bbox 3017 4321 3230 4393; x_wconf 85' lang='grc' dir='ltr'>καρπὸν</span> <span class='ocrx_word' id='word_1_655' title='bbox 3274 4320 3491 4392; x_wconf 88' lang='grc' dir='ltr'>μοδίους</span> <span class='ocrx_word' id='word_1_656' title='bbox 3534 4321 3616 4386; x_wconf 78' lang='grc' dir='ltr'><strong>ἓξ,</strong></span> <span class='ocrx_word' id='word_1_657' title='bbox 3668 4320 3814 4375; x_wconf 81' lang='grc' dir='ltr'>οῐνου</span> 
     </span>
    </p>
   </div>
   <div class='ocr_carea' id='block_1_90' title="bbox 2223 4412 3818 4486">
    <p class='ocr_par' dir='ltr' id='par_1_90' title="bbox 2223 4412 3818 4486">
     <span class='ocr_line' id='line_1_90' title="bbox 2223 4412 3818 4486; baseline 0 -20"><span class='ocrx_word' id='word_1_658' title='bbox 2223 4413 2402 4486; x_wconf 88' lang='grc' dir='ltr'>μέτρα</span> <span class='ocrx_word' id='word_1_659' title='bbox 2435 4412 2516 4479; x_wconf 80' lang='grc' dir='ltr'><strong>ἒξ,</strong></span> <span class='ocrx_word' id='word_1_660' title='bbox 2550 4413 2784 4485; x_wconf 72' lang='grc' dir='ltr'>ἀλεύρου</span> <span class='ocrx_word' id='word_1_661' title='bbox 2822 4415 2980 4485; x_wconf 85' lang='grc' dir='ltr'>μόδια</span> <span class='ocrx_word' id='word_1_662' title='bbox 3024 4413 3108 4479; x_wconf 83' lang='grc' dir='ltr'>ἒξ,</span> <span class='ocrx_word' id='word_1_663' title='bbox 3144 4412 3242 4468; x_wconf 84' lang='grc' dir='ltr'>καὶ</span> <span class='ocrx_word' id='word_1_664' title='bbox 3289 4413 3500 4486; x_wconf 81' lang='grc' dir='ltr'>ὀρνίθια</span> <span class='ocrx_word' id='word_1_665' title='bbox 3529 4413 3595 4480; x_wconf 83' lang='grc' dir='ltr'>λ’,</span> <span class='ocrx_word' id='word_1_666' title='bbox 3627 4413 3734 4467; x_wconf 85' lang='grc' dir='ltr'><strong>άπὸ</strong></span> <span class='ocrx_word' id='word_1_667' title='bbox 3761 4412 3818 4466; x_wconf 80' lang='grc' dir='ltr'>δὲ</span> 
     </span>
    </p>
   </div>
   <div class='ocr_carea' id='block_1_91' title="bbox 2215 4505 3815 4579">
    <p class='ocr_par' dir='ltr' id='par_1_91' title="bbox 2215 4505 3815 4579">
     <span class='ocr_line' id='line_1_91' title="bbox 2215 4505 3815 4579; baseline 0.001 -19"><span class='ocrx_word' id='word_1_668' title='bbox 2215 4507 2312 4561; x_wconf 79' lang='grc' dir='ltr'><strong>τοῦ</strong></span> <span class='ocrx_word' id='word_1_669' title='bbox 2349 4507 2566 4578; x_wconf 75' lang='grc' dir='ltr'>ἔχοντος</span> <span class='ocrx_word' id='word_1_670' title='bbox 2593 4505 2640 4562; x_wconf 85' lang='grc' dir='ltr'>κ’</span> <span class='ocrx_word' id='word_1_671' title='bbox 2670 4508 2932 4575; x_wconf 78' lang='grc' dir='ltr'>καπνοὺς,</span> <span class='ocrx_word' id='word_1_672' title='bbox 2973 4508 3034 4561; x_wconf 81' lang='grc' dir='ltr'><strong>τὸ</strong></span> <span class='ocrx_word' id='word_1_673' title='bbox 3055 4507 3302 4579; x_wconf 87' lang='grc' dir='ltr'>δίμοιρον</span> <span class='ocrx_word' id='word_1_674' title='bbox 3329 4506 3422 4561; x_wconf 82' lang='grc' dir='ltr'>τοῦ</span> <span class='ocrx_word' id='word_1_675' title='bbox 3458 4508 3815 4579; x_wconf 88' lang='grc' dir='ltr'>νομίσματος,</span> 
     </span>
    </p>
   </div>
   <div class='ocr_carea' id='block_1_92' title="bbox 504 4575 2116 4674">
    <p class='ocr_par' dir='ltr' id='par_1_92' title="bbox 504 4575 2105 4662">
     <span class='ocr_line' id='line_1_92' title="bbox 504 4575 2105 4662; baseline 0.012 -31"><span class='ocrx_word' id='word_1_676' title='bbox 504 4575 878 4646; x_wconf 88' lang='lat' dir='ltr'><strong>dimidiatum,</strong></span> <span class='ocrx_word' id='word_1_677' title='bbox 933 4583 1123 4639; x_wconf 89' lang='lat' dir='ltr'><strong>hordei</strong></span> <span class='ocrx_word' id='word_1_678' title='bbox 1189 4589 1406 4646; x_wconf 90' lang='lat' dir='ltr'><strong>modios</strong></span> <span class='ocrx_word' id='word_1_679' title='bbox 1463 4601 1728 4662; x_wconf 90' lang='lat' dir='ltr'><strong>quatuor,</strong></span> <span class='ocrx_word' id='word_1_680' title='bbox 1777 4595 1894 4650; x_wconf 89' lang='lat' dir='ltr'><strong>vini</strong></span> <span class='ocrx_word' id='word_1_681' title='bbox 1948 4614 2105 4655; x_wconf 90' lang='lat' dir='ltr'><strong>men-</strong></span> 
     </span>
    </p>
   </div>
   <div class='ocr_carea' id='block_1_93' title="bbox 2226 4575 3815 4674">
    <p class='ocr_par' dir='ltr' id='par_1_93' title="bbox 2226 4575 3815 4674">
     <span class='ocr_line' id='line_1_93' title="bbox 2226 4575 3815 4674; baseline -0.001 -20"><span class='ocrx_word' id='word_1_682' title='bbox 2226 4602 2315 4654; x_wconf 70' lang='grc' dir='ltr'><strong>καὶ</strong></span> <span class='ocrx_word' id='word_1_683' title='bbox 2341 4575 2462 4655; x_wconf 76' lang='grc' dir='ltr'>ἀντὶ</span> <span class='ocrx_word' id='word_1_684' title='bbox 2491 4601 2601 4654; x_wconf 84' lang='grc' dir='ltr'>τῶν</span> <span class='ocrx_word' id='word_1_685' title='bbox 2632 4601 2726 4656; x_wconf 92' lang='grc' dir='ltr'><strong>δύο</strong></span> <span class='ocrx_word' id='word_1_686' title='bbox 2750 4599 3010 4672; x_wconf 84' lang='grc' dir='ltr'>ἀργυρῶν</span> <span class='ocrx_word' id='word_1_687' title='bbox 3042 4575 3316 4674; x_wconf 75' lang='grc' dir='ltr'>ἀργυροῦν</span> <span class='ocrx_word' id='word_1_688' title='bbox 3353 4607 3400 4654; x_wconf 82' lang='grc' dir='ltr'>α’</span> <span class='ocrx_word' id='word_1_689' title='bbox 3442 4575 3709 4674; x_wconf 80' lang='grc' dir='ltr'>μέσαρνον</span> <span class='ocrx_word' id='word_1_690' title='bbox 3734 4601 3815 4664; x_wconf 81' lang='grc' dir='ltr'>ἒν,</span> 
     </span>
    </p>
   </div>
   <div class='ocr_carea' id='block_1_94' title="bbox 505 4674 2106 4760">
    <p class='ocr_par' dir='ltr' id='par_1_94' title="bbox 505 4674 2106 4760">
     <span class='ocr_line' id='line_1_94' title="bbox 505 4674 2106 4760; baseline 0.017 -41"><span class='ocrx_word' id='word_1_691' title='bbox 505 4680 667 4723; x_wconf 83' lang='lat' dir='ltr'><strong>suras</strong></span> <span class='ocrx_word' id='word_1_692' title='bbox 706 4681 966 4740; x_wconf 89' lang='lat' dir='ltr'><strong>quatuor,</strong></span> <span class='ocrx_word' id='word_1_693' title='bbox 1005 4674 1203 4733; x_wconf 63' lang='lat' dir='ltr'><strong>farinae</strong></span> <span class='ocrx_word' id='word_1_694' title='bbox 1234 4683 1450 4739; x_wconf 91' lang='lat' dir='ltr'><strong>modios</strong></span> <span class='ocrx_word' id='word_1_695' title='bbox 1486 4696 1745 4756; x_wconf 86' lang='lat' dir='ltr'><strong>quatuor,</strong></span> <span class='ocrx_word' id='word_1_696' title='bbox 1777 4695 1832 4742; x_wconf 91' lang='lat' dir='ltr'><strong>et</strong></span> <span class='ocrx_word' id='word_1_697' title='bbox 1871 4690 2106 4760; x_wconf 85' lang='lat' dir='ltr'><strong>gallinas</strong></span> 
     </span>
    </p>
   </div>
   <div class='ocr_carea' id='block_1_95' title="bbox 504 4757 2107 4844">
    <p class='ocr_par' dir='ltr' id='par_1_95' title="bbox 504 4757 2107 4844">
     <span class='ocr_line' id='line_1_95' title="bbox 504 4757 2107 4844; baseline 0.018 -35"><span class='ocrx_word' id='word_1_698' title='bbox 504 4757 729 4827; x_wconf 86' lang='lat' dir='ltr'><strong>viginti:</strong></span> <span class='ocrx_word' id='word_1_699' title='bbox 789 4777 821 4818; x_wconf 92' lang='lat' dir='ltr'><strong>a</strong></span> <span class='ocrx_word' id='word_1_700' title='bbox 868 4764 990 4820; x_wconf 90' lang='lat' dir='ltr'><strong>vico</strong></span> <span class='ocrx_word' id='word_1_701' title='bbox 1050 4767 1291 4841; x_wconf 88' lang='lat' dir='ltr'><strong>denique</strong></span> <span class='ocrx_word' id='word_1_702' title='bbox 1347 4774 1444 4844; x_wconf 87' lang='lat' dir='ltr'><strong>qui</strong></span> <span class='ocrx_word' id='word_1_703' title='bbox 1508 4779 1700 4833; x_wconf 90' lang='lat' dir='ltr'><strong>decem</strong></span> <span class='ocrx_word' id='word_1_704' title='bbox 1774 4757 2107 4838; x_wconf 75' lang='lat' dir='ltr'><strong>inlumibula</strong></span> 
     </span>
    </p>
   </div>
   <div class='ocr_carea' id='block_1_96' title="bbox 505 4850 2107 4943">
    <p class='ocr_par' dir='ltr' id='par_1_96' title="bbox 505 4850 2107 4943">
     <span class='ocr_line' id='line_1_96' title="bbox 505 4850 2107 4943; baseline 0.019 -39"><span class='ocrx_word' id='word_1_705' title='bbox 505 4850 692 4920; x_wconf 88' lang='lat' dir='ltr'><strong>habet,</strong></span> <span class='ocrx_word' id='word_1_706' title='bbox 722 4868 1016 4928; x_wconf 83' lang='lat' dir='ltr'><strong>argenteos</strong></span> <span class='ocrx_word' id='word_1_707' title='bbox 1047 4865 1322 4936; x_wconf 91' lang='lat' dir='ltr'><strong>quinque,</strong></span> <span class='ocrx_word' id='word_1_708' title='bbox 1364 4872 1640 4940; x_wconf 88' lang='lat' dir='ltr'><strong>agnellum</strong></span> <span class='ocrx_word' id='word_1_709' title='bbox 1681 4891 1882 4943; x_wconf 89' lang='lat' dir='ltr'><strong>unum,</strong></span> <span class='ocrx_word' id='word_1_710' title='bbox 1915 4877 2107 4934; x_wconf 91' lang='lat' dir='ltr'><strong>hordei</strong></span> 
     </span>
    </p>
   </div>
   <div class='ocr_carea' id='block_1_97' title="bbox 513 4945 2109 5034">
    <p class='ocr_par' dir='ltr' id='par_1_97' title="bbox 513 4945 2109 5034">
     <span class='ocr_line' id='line_1_97' title="bbox 513 4945 2109 5034; baseline 0.019 -37"><span class='ocrx_word' id='word_1_711' title='bbox 513 4945 737 5003; x_wconf 86' lang='lat' dir='ltr'><strong>modios</strong></span> <span class='ocrx_word' id='word_1_712' title='bbox 774 4951 939 5013; x_wconf 85' lang='lat' dir='ltr'><strong>duos.</strong></span> <span class='ocrx_word' id='word_1_713' title='bbox 978 4955 1088 5010; x_wconf 90' lang='lat' dir='ltr'><strong>vini</strong></span> <span class='ocrx_word' id='word_1_714' title='bbox 1130 4973 1422 5018; x_wconf 86' lang='lat' dir='ltr'><strong>mensuras</strong></span> <span class='ocrx_word' id='word_1_715' title='bbox 1459 4965 1619 5034; x_wconf 91' lang='lat' dir='ltr'><strong>duas,</strong></span> <span class='ocrx_word' id='word_1_716' title='bbox 1660 4966 1856 5025; x_wconf 66' lang='lat' dir='ltr'><strong>farina:</strong></span> <span class='ocrx_word' id='word_1_717' title='bbox 1892 4973 2109 5029; x_wconf 84' lang='lat' dir='ltr'><strong>modios</strong></span> 
     </span>
    </p>
   </div>
   <div class='ocr_carea' id='block_1_98' title="bbox 506 5036 2109 5136">
    <p class='ocr_par' dir='ltr' id='par_1_98' title="bbox 506 5036 2109 5136">
     <span class='ocr_line' id='line_1_98' title="bbox 506 5036 2109 5136; baseline 0.019 -47"><span class='ocrx_word' id='word_1_718' title='bbox 506 5036 670 5104; x_wconf 92' lang='lat' dir='ltr'><strong>duos,</strong></span> <span class='ocrx_word' id='word_1_719' title='bbox 699 5049 755 5096; x_wconf 92' lang='lat' dir='ltr'><strong>et</strong></span> <span class='ocrx_word' id='word_1_720' title='bbox 788 5044 1025 5113; x_wconf 83' lang='lat' dir='ltr'><strong>gallinas</strong></span> <span class='ocrx_word' id='word_1_721' title='bbox 1055 5047 1283 5108; x_wconf 90' lang='lat' dir='ltr'><strong>decem:</strong></span> <span class='ocrx_word' id='word_1_722' title='bbox 1312 5056 1782 5124; x_wconf 89' lang='lat' dir='ltr'><strong>quemadmodum</strong></span> <span class='ocrx_word' id='word_1_723' title='bbox 1814 5061 1833 5134; x_wconf 95' lang='lat'>[</span> <span class='ocrx_word' id='word_1_724' title='bbox 1858 5062 1976 5119; x_wconf 67' lang='lat' dir='ltr'><strong>haec</strong></span> <span class='ocrx_word' id='word_1_725' title='bbox 2001 5062 2026 5136; x_wconf 94' lang='lat'><strong>]-</strong></span> <span class='ocrx_word' id='word_1_726' title='bbox 2053 5065 2109 5119; x_wconf 91' lang='lat' dir='ltr'><strong>in</strong></span> 
     </span>
    </p>
   </div>
   <div class='ocr_carea' id='block_1_99' title="bbox 505 5137 2107 5226">
    <p class='ocr_par' dir='ltr' id='par_1_99' title="bbox 505 5137 2107 5226">
     <span class='ocr_line' id='line_1_99' title="bbox 505 5137 2107 5226; baseline 0.02 -45"><span class='ocrx_word' id='word_1_727' title='bbox 505 5138 754 5186; x_wconf 90' lang='lat' dir='ltr'><strong>veterum</strong></span> <span class='ocrx_word' id='word_1_728' title='bbox 821 5137 1212 5197; x_wconf 90' lang='lat' dir='ltr'><strong>Aetuariorum</strong></span> <span class='ocrx_word' id='word_1_729' title='bbox 1289 5145 1490 5217; x_wconf 86' lang='lat' dir='ltr'><strong>sigillis</strong></span> <span class='ocrx_word' id='word_1_730' title='bbox 1561 5151 1727 5207; x_wconf 89' lang='lat' dir='ltr'><strong>etiam</strong></span> <span class='ocrx_word' id='word_1_731' title='bbox 1796 5156 2107 5226; x_wconf 87' lang='lat' dir='ltr'><strong>perscripta</strong></span> 
     </span>
    </p>
   </div>
   <div class='ocr_carea' id='block_1_100' title="bbox 507 5225 2105 5320">
    <p class='ocr_par' dir='ltr' id='par_1_100' title="bbox 507 5225 2105 5320">
     <span class='ocr_line' id='line_1_100' title="bbox 507 5225 2105 5320; baseline 0.016 -40"><span class='ocrx_word' id='word_1_732' title='bbox 507 5232 657 5280; x_wconf 85' lang='lat' dir='ltr'><strong>sunt.</strong></span> <span class='ocrx_word' id='word_1_733' title='bbox 685 5225 869 5320; x_wconf 82' lang='lat' dir='ltr'><strong>Atque</strong></span> <span class='ocrx_word' id='word_1_734' title='bbox 917 5229 1072 5304; x_wconf 67' lang='lat' dir='ltr'><strong>[haec</strong></span> <span class='ocrx_word' id='word_1_735' title='bbox 1110 5237 1333 5306; x_wconf 90' lang='lat' dir='ltr'><strong>quidem</strong></span> <span class='ocrx_word' id='word_1_736' title='bbox 1389 5243 1740 5319; x_wconf 86' lang='lat' dir='ltr'><strong>dandarum]</strong></span> <span class='ocrx_word' id='word_1_737' title='bbox 1800 5225 2105 5320; x_wconf 88' lang='lat' dir='ltr'><strong>specierum</strong></span> 
     </span>
    </p>
   </div>
   <div class='ocr_carea' id='block_1_101' title="bbox 506 5319 2106 5411">
    <p class='ocr_par' dir='ltr' id='par_1_101' title="bbox 506 5319 2106 5411">
     <span class='ocr_line' id='line_1_101' title="bbox 506 5319 2106 5411; baseline 0.016 -39"><span class='ocrx_word' id='word_1_738' title='bbox 506 5319 850 5379; x_wconf 90' lang='lat' dir='ltr'><strong>conveniens</strong></span> <span class='ocrx_word' id='word_1_739' title='bbox 890 5326 1174 5384; x_wconf 88' lang='lat' dir='ltr'><strong>ordinatio</strong></span> <span class='ocrx_word' id='word_1_740' title='bbox 1215 5330 1587 5403; x_wconf 71' lang='lat' dir='ltr'><strong>imperatoriae</strong></span> <span class='ocrx_word' id='word_1_741' title='bbox 1634 5354 1774 5394; x_wconf 70' lang='lat' dir='ltr'><strong>mea:</strong></span> <span class='ocrx_word' id='word_1_742' title='bbox 1833 5341 2106 5411; x_wconf 87' lang='lat' dir='ltr'><strong>tnajestati</strong></span> 
     </span>
    </p>
   </div>
   <div class='ocr_carea' id='block_1_102' title="bbox 506 5411 2110 5490">
    <p class='ocr_par' dir='ltr' id='par_1_102' title="bbox 506 5411 2110 5490">
     <span class='ocr_line' id='line_1_102' title="bbox 506 5411 2110 5490; baseline 0.016 -25"><span class='ocrx_word' id='word_1_743' title='bbox 506 5411 740 5481; x_wconf 90' lang='lat' dir='ltr'><strong>placuit.</strong></span> <span class='ocrx_word' id='word_1_744' title='bbox 773 5417 910 5472; x_wconf 87' lang='lat' dir='ltr'><strong>Cum</strong></span> <span class='ocrx_word' id='word_1_745' title='bbox 952 5419 1056 5476; x_wconf 89' lang='lat' dir='ltr'><strong>hac</strong></span> <span class='ocrx_word' id='word_1_746' title='bbox 1088 5437 1218 5479; x_wconf 89' lang='lat' dir='ltr'><strong>vero</strong></span> <span class='ocrx_word' id='word_1_747' title='bbox 1251 5441 1420 5483; x_wconf 89' lang='lat' dir='ltr'><strong>aurea</strong></span> <span class='ocrx_word' id='word_1_748' title='bbox 1455 5428 1681 5485; x_wconf 83' lang='lat' dir='ltr'><strong>formali</strong></span> <span class='ocrx_word' id='word_1_749' title='bbox 1743 5431 1893 5488; x_wconf 86' lang='lat' dir='ltr'><strong>bulla</strong></span> <span class='ocrx_word' id='word_1_750' title='bbox 1924 5434 2110 5490; x_wconf 81' lang='lat' dir='ltr'><strong>confe-</strong></span> 
     </span>
    </p>
   </div>
   <div class='ocr_carea' id='block_1_103' title="bbox 493 5502 2110 5595">
    <p class='ocr_par' dir='ltr' id='par_1_103' title="bbox 493 5502 2110 5595">
     <span class='ocr_line' id='line_1_103' title="bbox 493 5502 2110 5595; baseline 0.015 -36"><span class='ocrx_word' id='word_1_751' title='bbox 493 5502 628 5561; x_wconf 76' lang='lat' dir='ltr'><strong>&#39;ctus</strong></span> <span class='ocrx_word' id='word_1_752' title='bbox 657 5517 740 5562; x_wconf 88' lang='lat' dir='ltr'><strong>est</strong></span> <span class='ocrx_word' id='word_1_753' title='bbox 783 5510 948 5566; x_wconf 89' lang='lat' dir='ltr'><strong>etiam</strong></span> <span class='ocrx_word' id='word_1_754' title='bbox 985 5513 1056 5567; x_wconf 79' lang='grc'><strong>15</strong></span> <span class='ocrx_word' id='word_1_755' title='bbox 1081 5517 1290 5574; x_wconf 92' lang='lat' dir='ltr'><strong>mensis</strong></span> <span class='ocrx_word' id='word_1_756' title='bbox 1326 5519 1576 5576; x_wconf 86' lang='lat' dir='ltr'><strong>Januarii</strong></span> <span class='ocrx_word' id='word_1_757' title='bbox 1607 5523 1927 5582; x_wconf 86' lang='lat' dir='ltr'><strong>indictionis</strong></span> <span class='ocrx_word' id='word_1_758' title='bbox 1958 5528 2047 5595; x_wconf 89' lang='grc'><strong>10,</strong></span> <span class='ocrx_word' id='word_1_759' title='bbox 2079 5545 2110 5583; x_wconf 90' lang='lat' dir='ltr'><strong>a</strong></span> 
     </span>
    </p>
   </div>
   <div class='ocr_carea' id='block_1_104' title="bbox 506 5599 2112 5692">
    <p class='ocr_par' dir='ltr' id='par_1_104' title="bbox 506 5599 2112 5692">
     <span class='ocr_line' id='line_1_104' title="bbox 506 5599 2112 5692; baseline 0.017 -42"><span class='ocrx_word' id='word_1_760' title='bbox 506 5599 866 5659; x_wconf 88' lang='lat' dir='ltr'><strong>sanctissimo</strong></span> <span class='ocrx_word' id='word_1_761' title='bbox 883 5605 976 5660; x_wconf 94' lang='lat' dir='ltr'><strong>illo</strong></span> <span class='ocrx_word' id='word_1_762' title='bbox 999 5610 1315 5678; x_wconf 88' lang='lat' dir='ltr'><strong>patriarcha</strong></span> <span class='ocrx_word' id='word_1_763' title='bbox 1335 5614 1564 5669; x_wconf 90' lang='lat' dir='ltr'><strong>domino</strong></span> <span class='ocrx_word' id='word_1_764' title='bbox 1583 5613 1811 5673; x_wconf 88' lang='lat' dir='ltr'><strong>Nicolao</strong></span> <span class='ocrx_word' id='word_1_765' title='bbox 1833 5620 2112 5692; x_wconf 88' lang='lat' dir='ltr'><strong>synodalis</strong></span> 
     </span>
    </p>
   </div>
   <div class='ocr_carea' id='block_1_105' title="bbox 505 5697 2107 5772">
    <p class='ocr_par' dir='ltr' id='par_1_105' title="bbox 505 5697 2107 5772">
     <span class='ocr_line' id='line_1_105' title="bbox 505 5697 2107 5772; baseline 0.016 -30"><span class='ocrx_word' id='word_1_766' title='bbox 505 5697 960 5764; x_wconf 84' lang='lat' dir='ltr'><strong>eumtnentarius,</strong></span> <span class='ocrx_word' id='word_1_767' title='bbox 983 5701 1076 5771; x_wconf 89' lang='lat' dir='ltr'><strong>qui</strong></span> <span class='ocrx_word' id='word_1_768' title='bbox 1102 5702 1279 5772; x_wconf 87' lang='lat' dir='ltr'><strong>jubet,</strong></span> <span class='ocrx_word' id='word_1_769' title='bbox 1316 5718 1375 5760; x_wconf 93' lang='lat' dir='ltr'><strong>ut</strong></span> <span class='ocrx_word' id='word_1_770' title='bbox 1396 5707 1702 5764; x_wconf 91' lang='lat' dir='ltr'><strong>secundum</strong></span> <span class='ocrx_word' id='word_1_771' title='bbox 1721 5710 1863 5766; x_wconf 87' lang='lat' dir='ltr'><strong>hanc</strong></span> <span class='ocrx_word' id='word_1_772' title='bbox 1881 5728 2107 5768; x_wconf 89' lang='lat' dir='ltr'><strong>auream</strong></span> 
     </span>
    </p>
   </div>
   <div class='ocr_carea' id='block_1_106' title="bbox 517 5781 2117 5872">
    <p class='ocr_par' dir='ltr' id='par_1_106' title="bbox 517 5781 2117 5872">
     <span class='ocr_line' id='line_1_106' title="bbox 517 5781 2117 5872; baseline 0.018 -38"><span class='ocrx_word' id='word_1_773' title='bbox 517 5781 725 5841; x_wconf 81' lang='lat' dir='ltr'><strong>bullam</strong></span> <span class='ocrx_word' id='word_1_774' title='bbox 762 5792 1059 5848; x_wconf 88' lang='lat' dir='ltr'><strong>canonaria</strong></span> <span class='ocrx_word' id='word_1_775' title='bbox 1101 5795 1430 5872; x_wconf 49' lang='lat' dir='ltr'><strong>[tributa],</strong></span> <span class='ocrx_word' id='word_1_776' title='bbox 1485 5814 1550 5857; x_wconf 86' lang='lat' dir='ltr'><strong>ac</strong></span> <span class='ocrx_word' id='word_1_777' title='bbox 1606 5817 1706 5872; x_wconf 86' lang='lat' dir='ltr'><strong>pro</strong></span> <span class='ocrx_word' id='word_1_778' title='bbox 1766 5805 2117 5863; x_wconf 88' lang='lat' dir='ltr'><strong>ordinatione</strong></span> 
     </span>
    </p>
   </div>
   <div class='ocr_carea' id='block_1_107' title="bbox 511 5873 1118 5957">
    <p class='ocr_par' dir='ltr' id='par_1_107' title="bbox 511 5873 1118 5957">
     <span class='ocr_line' id='line_1_107' title="bbox 511 5873 1118 5957; baseline 0.031 -30"><span class='ocrx_word' id='word_1_779' title='bbox 511 5873 652 5942; x_wconf 85' lang='lat' dir='ltr'><strong>[dari</strong></span> <span class='ocrx_word' id='word_1_780' title='bbox 682 5881 866 5957; x_wconf 87' lang='lat' dir='ltr'><strong>solita]</strong></span> <span class='ocrx_word' id='word_1_781' title='bbox 899 5885 1118 5945; x_wconf 88' lang='lat' dir='ltr'><strong>dentur.</strong></span> 
     </span>
    </p>
   </div>
   <div class='ocr_carea' id='block_1_108' title="bbox 2210 4693 3814 4768">
    <p class='ocr_par' dir='ltr' id='par_1_108' title="bbox 2210 4693 3814 4768">
     <span class='ocr_line' id='line_1_108' title="bbox 2210 4693 3814 4768; baseline 0 -20"><span class='ocrx_word' id='word_1_782' title='bbox 2210 4696 2426 4766; x_wconf 87' lang='grc' dir='ltr'>καρπὸν</span> <span class='ocrx_word' id='word_1_783' title='bbox 2460 4695 2616 4766; x_wconf 83' lang='grc' dir='ltr'>μόδια</span> <span class='ocrx_word' id='word_1_784' title='bbox 2663 4693 2728 4762; x_wconf 86' lang='grc' dir='ltr'>δ’,</span> <span class='ocrx_word' id='word_1_785' title='bbox 2757 4694 2903 4749; x_wconf 84' lang='grc' dir='ltr'>οίνου</span> <span class='ocrx_word' id='word_1_786' title='bbox 2953 4695 3130 4768; x_wconf 81' lang='grc' dir='ltr'>μέτρα</span> <span class='ocrx_word' id='word_1_787' title='bbox 3177 4694 3239 4758; x_wconf 82' lang='grc' dir='ltr'><strong>δ’,</strong></span> <span class='ocrx_word' id='word_1_788' title='bbox 3274 4693 3504 4768; x_wconf 85' lang='grc' dir='ltr'>ἀλεύρου</span> <span class='ocrx_word' id='word_1_789' title='bbox 3550 4695 3706 4768; x_wconf 85' lang='grc' dir='ltr'>μόδια</span> <span class='ocrx_word' id='word_1_790' title='bbox 3739 4694 3814 4760; x_wconf 91' lang='grc' dir='ltr'>δ’,</span> 
     </span>
    </p>
   </div>
   <div class='ocr_carea' id='block_1_109' title="bbox 2209 4786 3808 4860">
    <p class='ocr_par' dir='ltr' id='par_1_109' title="bbox 2209 4786 3808 4860">
     <span class='ocr_line' id='line_1_109' title="bbox 2209 4786 3808 4860; baseline 0.003 -20"><span class='ocrx_word' id='word_1_791' title='bbox 2209 4787 2306 4840; x_wconf 79' lang='grc' dir='ltr'><strong>καὶ</strong></span> <span class='ocrx_word' id='word_1_792' title='bbox 2333 4787 2544 4857; x_wconf 75' lang='grc' dir='ltr'>ὀρνίθια</span> <span class='ocrx_word' id='word_1_793' title='bbox 2569 4786 2642 4840; x_wconf 87' lang='grc' dir='ltr'><strong>κ’·</strong></span> <span class='ocrx_word' id='word_1_794' title='bbox 2683 4787 2793 4842; x_wconf 77' lang='grc' dir='ltr'><strong>ἀπὸ</strong></span> <span class='ocrx_word' id='word_1_795' title='bbox 2836 4788 2894 4841; x_wconf 84' lang='grc' dir='ltr'>δὲ</span> <span class='ocrx_word' id='word_1_796' title='bbox 2928 4787 3025 4841; x_wconf 83' lang='grc' dir='ltr'>τοῦ</span> <span class='ocrx_word' id='word_1_797' title='bbox 3061 4787 3279 4860; x_wconf 79' lang='grc' dir='ltr'>ἔχοντος</span> <span class='ocrx_word' id='word_1_798' title='bbox 3326 4787 3386 4850; x_wconf 87' lang='grc' dir='ltr'>ι’,</span> <span class='ocrx_word' id='word_1_799' title='bbox 3417 4791 3660 4854; x_wconf 87' lang='grc' dir='ltr'>καπνοὺς</span> <span class='ocrx_word' id='word_1_800' title='bbox 3693 4808 3808 4860; x_wconf 88' lang='grc' dir='ltr'>χω-</span> 
     </span>
    </p>
   </div>
   <div class='ocr_carea' id='block_1_110' title="bbox 2214 4877 3815 4953">
    <p class='ocr_par' dir='ltr' id='par_1_110' title="bbox 2214 4877 3815 4953">
     <span class='ocr_line' id='line_1_110' title="bbox 2214 4877 3815 4953; baseline 0.004 -22"><span class='ocrx_word' id='word_1_801' title='bbox 2214 4877 2353 4947; x_wconf 88' lang='grc' dir='ltr'>ρίου,</span> <span class='ocrx_word' id='word_1_802' title='bbox 2399 4879 2618 4952; x_wconf 80' lang='grc' dir='ltr'>ἀργυρᾶ</span> <span class='ocrx_word' id='word_1_803' title='bbox 2651 4877 2714 4944; x_wconf 87' lang='grc' dir='ltr'>ε’,</span> <span class='ocrx_word' id='word_1_804' title='bbox 2763 4880 2904 4952; x_wconf 83' lang='grc' dir='ltr'>ἄρνα</span> <span class='ocrx_word' id='word_1_805' title='bbox 2959 4879 3039 4947; x_wconf 81' lang='grc' dir='ltr'><strong>ἓν,</strong></span> <span class='ocrx_word' id='word_1_806' title='bbox 3077 4881 3292 4952; x_wconf 84' lang='grc' dir='ltr'>καρπὸν</span> <span class='ocrx_word' id='word_1_807' title='bbox 3339 4881 3497 4953; x_wconf 87' lang='grc' dir='ltr'>μόδια</span> <span class='ocrx_word' id='word_1_808' title='bbox 3557 4881 3628 4952; x_wconf 81' lang='grc' dir='ltr'>β’,</span> <span class='ocrx_word' id='word_1_809' title='bbox 3663 4882 3815 4937; x_wconf 81' lang='grc' dir='ltr'>οἴνου</span> 
     </span>
    </p>
   </div>
   <div class='ocr_carea' id='block_1_111' title="bbox 2213 4970 3818 5048">
    <p class='ocr_par' dir='ltr' id='par_1_111' title="bbox 2213 4970 3818 5048">
     <span class='ocr_line' id='line_1_111' title="bbox 2213 4970 3818 5048; baseline 0.003 -25"><span class='ocrx_word' id='word_1_810' title='bbox 2213 4970 2391 5043; x_wconf 89' lang='grc' dir='ltr'>μέτρα</span> <span class='ocrx_word' id='word_1_811' title='bbox 2427 4970 2493 5042; x_wconf 81' lang='grc' dir='ltr'><strong>β’,</strong></span> <span class='ocrx_word' id='word_1_812' title='bbox 2544 4971 2777 5044; x_wconf 83' lang='grc' dir='ltr'>ἀλεύρου</span> <span class='ocrx_word' id='word_1_813' title='bbox 2813 4973 2974 5046; x_wconf 75' lang='grc' dir='ltr'>μόδιοι</span> <span class='ocrx_word' id='word_1_814' title='bbox 3033 4971 3100 5043; x_wconf 83' lang='grc' dir='ltr'><strong>β’,</strong></span> <span class='ocrx_word' id='word_1_815' title='bbox 3154 4976 3250 5030; x_wconf 76' lang='grc' dir='ltr'><strong>καὶ</strong></span> <span class='ocrx_word' id='word_1_816' title='bbox 3273 4976 3486 5048; x_wconf 84' lang='grc' dir='ltr'>ὀρνίθια</span> <span class='ocrx_word' id='word_1_817' title='bbox 3532 4973 3582 5031; x_wconf 87' lang='grc' dir='ltr'><strong>ι’.</strong></span> <span class='ocrx_word' id='word_1_818' title='bbox 3622 4975 3818 5038; x_wconf 87' lang='grc' dir='ltr'>Καθὼς</span> 
     </span>
    </p>
   </div>
   <div class='ocr_carea' id='block_1_112' title="bbox 2210 5066 3814 5142">
    <p class='ocr_par' dir='ltr' id='par_1_112' title="bbox 2210 5066 3814 5142">
     <span class='ocr_line' id='line_1_112' title="bbox 2210 5066 3814 5142; baseline 0.002 -24"><span class='ocrx_word' id='word_1_819' title='bbox 2210 5067 2306 5118; x_wconf 57' lang='grc' dir='ltr'><strong>καὶ⁸</strong></span> <span class='ocrx_word' id='word_1_820' title='bbox 2335 5068 2393 5119; x_wconf 80' lang='grc' dir='ltr'>ὲν</span> <span class='ocrx_word' id='word_1_821' title='bbox 2422 5067 2537 5131; x_wconf 88' lang='grc' dir='ltr'>τοῖς</span> <span class='ocrx_word' id='word_1_822' title='bbox 2588 5066 2848 5137; x_wconf 83' lang='grc' dir='ltr'>σιχίλλοις</span> <span class='ocrx_word' id='word_1_823' title='bbox 2879 5067 2992 5122; x_wconf 87' lang='grc' dir='ltr'>τῶν</span> <span class='ocrx_word' id='word_1_824' title='bbox 3023 5068 3276 5123; x_wconf 80' lang='grc' dir='ltr'>παλαιῶν</span> <span class='ocrx_word' id='word_1_825' title='bbox 3323 5069 3638 5142; x_wconf 85' lang='grc' dir='ltr'>πραιτόρων</span> <span class='ocrx_word' id='word_1_826' title='bbox 3681 5070 3814 5123; x_wconf 87' lang='grc' dir='ltr'><strong>ἀνα-</strong></span> 
     </span>
    </p>
   </div>
   <div class='ocr_carea' id='block_1_113' title="bbox 2212 5159 3814 5233">
    <p class='ocr_par' dir='ltr' id='par_1_113' title="bbox 2212 5159 3814 5233">
     <span class='ocr_line' id='line_1_113' title="bbox 2212 5159 3814 5233; baseline 0.003 -22"><span class='ocrx_word' id='word_1_827' title='bbox 2212 5159 2542 5230; x_wconf 84' lang='grc' dir='ltr'>γράφονται,</span> <span class='ocrx_word' id='word_1_828' title='bbox 2598 5159 2761 5231; x_wconf 83' lang='grc' dir='ltr'>καὶὴ</span> <span class='ocrx_word' id='word_1_829' title='bbox 2821 5160 3114 5233; x_wconf 87' lang='grc' dir='ltr'>σύμφωνος</span> <span class='ocrx_word' id='word_1_830' title='bbox 3169 5162 3467 5226; x_wconf 88' lang='grc' dir='ltr'>κατάθεσις</span> <span class='ocrx_word' id='word_1_831' title='bbox 3513 5162 3624 5216; x_wconf 86' lang='grc' dir='ltr'>τῶν</span> <span class='ocrx_word' id='word_1_832' title='bbox 3675 5161 3814 5216; x_wconf 84' lang='grc' dir='ltr'>ὅλων</span> 
     </span>
    </p>
   </div>
   <div class='ocr_carea' id='block_1_114' title="bbox 2215 5247 3811 5324">
    <p class='ocr_par' dir='ltr' id='par_1_114' title="bbox 2215 5247 3811 5324">
     <span class='ocr_line' id='line_1_114' title="bbox 2215 5247 3811 5324; baseline 0.003 -22"><span class='ocrx_word' id='word_1_833' title='bbox 2215 5247 2530 5319; x_wconf 83' lang='grc' dir='ltr'>θεματικῶν</span> <span class='ocrx_word' id='word_1_834' title='bbox 2561 5249 2878 5322; x_wconf 88' lang='grc' dir='ltr'>παρέστησε</span> <span class='ocrx_word' id='word_1_835' title='bbox 2903 5254 2968 5322; x_wconf 82' lang='grc' dir='ltr'>τῇ</span> <span class='ocrx_word' id='word_1_836' title='bbox 3004 5251 3256 5324; x_wconf 76' lang='grc' dir='ltr'>βασιλείᾳ</span> <span class='ocrx_word' id='word_1_837' title='bbox 3302 5270 3426 5323; x_wconf 89' lang='grc' dir='ltr'>μου.</span> <span class='ocrx_word' id='word_1_838' title='bbox 3460 5253 3566 5307; x_wconf 87' lang='grc' dir='ltr'>Σὺν</span> <span class='ocrx_word' id='word_1_839' title='bbox 3590 5253 3669 5323; x_wconf 85' lang='grc' dir='ltr'>τῷ</span> <span class='ocrx_word' id='word_1_840' title='bbox 3698 5270 3811 5308; x_wconf 88' lang='grc' dir='ltr'>τοι-</span> 
     </span>
    </p>
   </div>
   <div class='ocr_carea' id='block_1_115' title="bbox 2215 5343 3813 5421">
    <p class='ocr_par' dir='ltr' id='par_1_115' title="bbox 2215 5343 3813 5421">
     <span class='ocr_line' id='line_1_115' title="bbox 2215 5343 3813 5421; baseline 0.003 -23"><span class='ocrx_word' id='word_1_841' title='bbox 2215 5343 2358 5415; x_wconf 85' lang='grc' dir='ltr'>ούτῳ</span> <span class='ocrx_word' id='word_1_842' title='bbox 2392 5344 2449 5399; x_wconf 83' lang='grc' dir='ltr'>δὲ</span> <span class='ocrx_word' id='word_1_843' title='bbox 2490 5346 2874 5420; x_wconf 84' lang='grc' dir='ltr'>χρυσοϐούλλῳ</span> <span class='ocrx_word' id='word_1_844' title='bbox 2907 5349 3125 5402; x_wconf 86' lang='grc' dir='ltr'>τυπικῶ</span> <span class='ocrx_word' id='word_1_845' title='bbox 3152 5349 3343 5418; x_wconf 87' lang='grc' dir='ltr'>γέγονε</span> <span class='ocrx_word' id='word_1_846' title='bbox 3369 5350 3464 5404; x_wconf 71' lang='grc' dir='ltr'><strong>καὶ</strong></span> <span class='ocrx_word' id='word_1_847' title='bbox 3517 5350 3813 5421; x_wconf 82' lang='grc' dir='ltr'>σημείωμα</span> 
     </span>
    </p>
   </div>
   <div class='ocr_carea' id='block_1_116' title="bbox 2218 5437 3807 5513">
    <p class='ocr_par' dir='ltr' id='par_1_116' title="bbox 2218 5437 3807 5513">
     <span class='ocr_line' id='line_1_116' title="bbox 2218 5437 3807 5513; baseline 0.003 -24"><span class='ocrx_word' id='word_1_848' title='bbox 2218 5437 2498 5492; x_wconf 83' lang='grc' dir='ltr'>συνοδικδν</span> <span class='ocrx_word' id='word_1_849' title='bbox 2527 5440 2673 5494; x_wconf 77' lang='grc' dir='ltr'>κατὰ</span> <span class='ocrx_word' id='word_1_850' title='bbox 2709 5441 2812 5512; x_wconf 87' lang='grc' dir='ltr'>τὴν</span> <span class='ocrx_word' id='word_1_851' title='bbox 2853 5438 2912 5493; x_wconf 84' lang='grc' dir='ltr'>ιε’</span> <span class='ocrx_word' id='word_1_852' title='bbox 2938 5440 3034 5494; x_wconf 82' lang='grc' dir='ltr'>τοῦ</span> <span class='ocrx_word' id='word_1_853' title='bbox 3060 5441 3374 5513; x_wconf 87' lang='grc' dir='ltr'>Νοεμϐρίου</span> <span class='ocrx_word' id='word_1_854' title='bbox 3409 5441 3579 5513; x_wconf 76' lang='grc' dir='ltr'>μηνὸς</span> <span class='ocrx_word' id='word_1_855' title='bbox 3623 5443 3721 5512; x_wconf 83' lang='grc' dir='ltr'>τῆς</span> <span class='ocrx_word' id='word_1_856' title='bbox 3754 5439 3807 5505; x_wconf 81' lang='grc' dir='ltr'>ι’,</span> 
     </span>
    </p>
   </div>
   <div class='ocr_carea' id='block_1_117' title="bbox 2220 5531 3808 5606">
    <p class='ocr_par' dir='ltr' id='par_1_117' title="bbox 2220 5531 3808 5606">
     <span class='ocr_line' id='line_1_117' title="bbox 2220 5531 3808 5606; baseline 0.002 -22"><span class='ocrx_word' id='word_1_857' title='bbox 2220 5531 2538 5594; x_wconf 84' lang='grc' dir='ltr'>ίνδικτιόνος</span> <span class='ocrx_word' id='word_1_858' title='bbox 2560 5533 2715 5604; x_wconf 84' lang='grc' dir='ltr'>παρὰ</span> <span class='ocrx_word' id='word_1_859' title='bbox 2747 5533 2844 5587; x_wconf 81' lang='grc' dir='ltr'>τοῦ</span> <span class='ocrx_word' id='word_1_860' title='bbox 2884 5534 3194 5603; x_wconf 86' lang='grc' dir='ltr'>ἁγιωτάτου</span> <span class='ocrx_word' id='word_1_861' title='bbox 3223 5534 3438 5589; x_wconf 81' lang='grc' dir='ltr'>ἐκείνου</span> <span class='ocrx_word' id='word_1_862' title='bbox 3469 5535 3808 5606; x_wconf 83' lang='grc' dir='ltr'>πατριάρχου</span> 
     </span>
    </p>
   </div>
   <div class='ocr_carea' id='block_1_118' title="bbox 2219 5622 3806 5699">
    <p class='ocr_par' dir='ltr' id='par_1_118' title="bbox 2219 5622 3806 5699">
     <span class='ocr_line' id='line_1_118' title="bbox 2219 5622 3806 5699; baseline 0.001 -22"><span class='ocrx_word' id='word_1_863' title='bbox 2219 5622 2411 5695; x_wconf 89' lang='grc' dir='ltr'>κυρίου</span> <span class='ocrx_word' id='word_1_864' title='bbox 2437 5624 2708 5679; x_wconf 90' lang='grc' dir='ltr'>Νικολάου</span> <span class='ocrx_word' id='word_1_865' title='bbox 2748 5626 3266 5699; x_wconf 88' lang='grc' dir='ltr'>παρακελευόμενον</span> <span class='ocrx_word' id='word_1_866' title='bbox 3296 5627 3439 5681; x_wconf 77' lang='grc' dir='ltr'>κατὰ</span> <span class='ocrx_word' id='word_1_867' title='bbox 3477 5628 3539 5681; x_wconf 83' lang='grc' dir='ltr'><strong>τὸ</strong></span> <span class='ocrx_word' id='word_1_868' title='bbox 3567 5625 3806 5680; x_wconf 79' lang='grc' dir='ltr'>τοιοῦτον</span> 
     </span>
    </p>
   </div>
   <div class='ocr_carea' id='block_1_119' title="bbox 2217 5715 3807 5789">
    <p class='ocr_par' dir='ltr' id='par_1_119' title="bbox 2217 5715 3807 5789">
     <span class='ocr_line' id='line_1_119' title="bbox 2217 5715 3807 5789; baseline 0.001 -21"><span class='ocrx_word' id='word_1_869' title='bbox 2217 5715 2616 5787; x_wconf 78' lang='grc' dir='ltr'>χρυσὸϐουλλον</span> <span class='ocrx_word' id='word_1_870' title='bbox 2663 5718 2908 5774; x_wconf 62' lang='grc' dir='ltr'>«δίδοσθαι</span> <span class='ocrx_word' id='word_1_871' title='bbox 2963 5720 3035 5774; x_wconf 86' lang='grc' dir='ltr'>τὰ</span> <span class='ocrx_word' id='word_1_872' title='bbox 3080 5720 3362 5788; x_wconf 78' lang='grc' dir='ltr'>κανονικὰ,</span> <span class='ocrx_word' id='word_1_873' title='bbox 3400 5720 3496 5774; x_wconf 75' lang='grc' dir='ltr'>καὶ</span> <span class='ocrx_word' id='word_1_874' title='bbox 3549 5719 3620 5773; x_wconf 77' lang='grc' dir='ltr'>τὰ</span> <span class='ocrx_word' id='word_1_875' title='bbox 3669 5717 3807 5789; x_wconf 79' lang='grc' dir='ltr'>ὑπὲρ</span> 
     </span>
    </p>
   </div>
   <div class='ocr_carea' id='block_1_120' title="bbox 2221 5809 2580 5880">
    <p class='ocr_par' dir='ltr' id='par_1_120' title="bbox 2221 5809 2580 5880">
     <span class='ocr_line' id='line_1_120' title="bbox 2221 5809 2580 5880; baseline 0.011 -20"><span class='ocrx_word' id='word_1_876' title='bbox 2221 5809 2580 5880; x_wconf 85' lang='grc' dir='ltr'>χειροτονίας.</span> 
     </span>
    </p>
   </div>
   <div class='ocr_carea' id='block_1_121' title="bbox 2225 5987 2278 5999">
    <p class='ocr_par' dir='ltr' id='par_1_121' title="bbox 2225 5987 2278 5999">
     <span class='ocr_line' id='line_1_121' title="bbox 2225 5987 2278 5999; baseline 0 -3"><span class='ocrx_word' id='word_1_877' title='bbox 2225 5987 2260 5999; x_wconf 72' lang='grc' dir='ltr'><strong>...ο</strong></span> <span class='ocrx_word' id='word_1_878' title='bbox 2273 5989 2278 5996; x_wconf 87' lang='grc'><em>.</em></span> 
     </span>
    </p>
   </div>
  </div>
