4146 6446
335 463 468 531 1021
1107 466 1597 530 NOMOCANON.
1636 491 1710 505 -ο
1744 467 1894 529 TIT.
1937 468 1989 544 Ι,
2031 470 2194 531 CAP.
2230 468 2467 549 XXXV,
2509 474 2776 537 XXXVI.
3511 478 3651 542 1022

399 585 740 659 Σημείωσαι.
783 587 1110 656 Ἀναγκαῖον
1147 583 1238 638 διὰ
1259 583 1326 638 τὰ
1360 581 1675 655 ζητούμενα
1703 583 1973 638 κανονικὰ
1995 586 2147 657 παρὰ
2176 585 2285 639 τῶν
2311 589 2639 660 ἀρχιερέων,
2663 589 2759 642 καὶ
2779 587 2854 660 μὴ
2873 588 3130 659 διδόμενα
3160 591 3312 656 ἴσως,
3347 595 3396 646 oi
3428 594 3646 657 πλείους

329 679 441 751 γὰρ
477 677 590 733 τῶν
638 679 844 734 λαῖκῶν
867 679 929 734 ού
973 677 1181 732 διδόασι
1220 675 1532 739 καλοθελῶς
1582 676 1720 745 πρὸς
1751 677 1880 740 τοὺς
1923 678 2203 748 ἀρχιερεῖς
2233 680 2417 734 αὐτῶν
2465 681 2534 736 τὰ
2579 682 2844 736 κανονικά
2871 681 3145 751 ,λέγοντες
3180 684 3241 738 ea
3288 686 3649 757 εύαγγελικον

333 773 506 845 ῥῆμα,
539 774 774 842 Δωρεὰν
797 771 1067 835 ἐλάϐετε,
1099 769 1330 840 δωρεὰν
1366 769 1525 836 δότε,
1573 769 1713 840 ὅπερ
1754 771 1904 824 ἐστὶν
1959 770 2252 843 ἀμέτοχον,
2281 773 2402 827 οὐδὲ
2433 773 2543 847 γάρ
2574 775 2694 829 ἐστι
2741 775 2937 847 μισθὸς
2967 776 3028 830 τὸ
3057 777 3220 850 χάριν
3271 780 3379 834 ἀπὸ
3440 785 3649 853 τροφῆς

329 865 610 938 διδόμενον
647 865 726 938 τῷ
755 865 1026 938 ἀρχιερεῖ.

400 983 656 1039 ΚΕΦΑΛ.
684 990 702 1040 i
729 981 856 1036 AE'.
899 978 1042 1048 Περὶ
1100 976 1210 1032 τοῦ
1263 975 1385 1032 ὑπὸ
1424 976 1533 1033 τόν
1577 975 1922 1030 ἐπίσκοπον

2102 975 2258 1032 CAP.
2306 977 2620 1035 XXXV.—
2653 980 2722 1036 Ut
2760 984 3115 1050 plac/tiaram,
3172 990 3643 1046 monasteriorum.

330 1075 448 1147 τῆς
469 1077 705 1142 πόλεως
732 1070 887 1129 εἶναι
913 1071 1062 1136 τοὺς
1080 1069 1411 1140 κληρικοὺς
1440 1068 1561 1123 τῶν
1590 1068 1926 1138 πτωχείων,

333 1169 431 1224 καὶ
464 1167 912 1239 μοναστηρίων,
955 1163 1055 1220 καὶ
1078 1163 1444 1234 μαρτυρίων.

334 1288 349 1325 ς
406 1260 636 1316 Συνόδου
667 1257 1017 1331 Χαλκηδόνος
1050 1256 1236 1312 κανὼν
1269 1262 1343 1326 ην,

401 1354 659 1410 ΚΕΦΑΛ.
701 1353 843 1420 AG’.
875 1381 944 1393 --
975 1350 1117 1420 Περὶ
1147 1348 1390 1405 δούλων
1423 1349 1878 1421 κληρουμένων.

413 1443 760 1501 Ἀποστόλων
789 1441 973 1498 κανὼν
996 1440 1108 1511 πβθ.

400 1537 714 1605 Κείμενον.
763 1533 830 1585 Ἦ
855 1532 948 1597 λς’
975 1530 1241 1597 διάταξις,
1271 1528 1368 1584 τοῦ
1402 1535 1453 1600 γ’
1477 1531 1609 1597 τίτ.,
1636 1530 1732 1586 τοῦ
1761 1531 1811 1587 α’
1845 1531 1930 1603 βι-

332 1627 484 1683 ϐλίου
503 1627 599 1682 τοῦ
616 1625 851 1690 κώδικος
875 1627 1063 1697 φησιν,
1099 1643 1155 1680 κ.
1189 1642 1242 1680 τ.
1279 1625 1355 1691 λ.,
1385 1641 1562 1696 usque
1590 1627 1657 1680 ad
1691 1626 1930 1692 ὑπεξου-

333 1723 604 1793 σιότητος.

407 1814 687 1881 Σχόλιον.
735 1813 796 1866 '0
827 1820 873 1881 γ’
907 1813 1017 1870 τίτ.
1072 1816 1167 1869 τοῦ
1203 1815 1252 1870 α’
1309 1814 1520 1888 βιϐλίου
1570 1814 1666 1869 τοῦ
1697 1815 1930 1880 κὼδικος

333 1908 493 1978 ὲτέθη
523 1908 583 1960 ὲν
616 1906 805 1977 βιϐλίῳ
833 1905 883 1975 γ’
910 1907 1019 1961 τῶν
1070 1908 1378 1962 Βασιλικῶν
1435 1926 1563 1976 κεφ.
1601 1909 1669 1980 β’.
1697 1909 1846 1982 Πλὴν
1870 1909 1932 1963 τὸ

333 2018 462 2069 κεφ.
513 1998 675 2053 τοῦτο
737 1999 1078 2071 παρελείφθη
1127 2001 1208 2064 είς
1245 2000 1348 2070 τὴν
1397 2000 1801 2072 ἀνακάθαρσιν,
1836 2001 1930 2056 καὶ

330 2093 433 2148 οὐκ
467 2093 650 2162 ἐτέθη.
707 2092 770 2145 Ἥ
797 2091 842 2162 β’
863 2092 1006 2146 διάτ.
1057 2091 1152 2146 τοῦ
1179 2099 1228 2144 α’
1255 2092 1362 2147 τίτ.
1396 2093 1507 2148 τῶν
1562 2094 1794 2164 Νεαρῶν
1813 2095 1931 2148 ἐστι

330 2187 504 2257 νεαρὰ
547 2185 980 2250 Ἰουστινιάνειος
1023 2193 1166 2258 ρκγ¹.
1215 2187 1328 2240 Καὶ
1382 2187 1544 2258 ἐτέθη
1593 2188 1676 2252 είς
1726 2189 1932 2258 βιϐλίον

329 2277 440 2330 τῶν
481 2277 788 2330 Βασιλικῶν
828 2283 900 2345 γ’,
944 2277 1052 2332 τίτ.
1095 2284 1166 2344 α’,
1195 2295 1322 2346 κεφ.
1356 2278 1442 2343 λζ,
1471 2277 1646 2343 οὕτως
1687 2279 1830 2349 ἕχον,
1855 2279 1932 2342 ὡς

2031 1081 2079 1124 ει
2116 1072 2505 1141 martyriorum
2536 1072 2716 1128 clerici
2746 1074 2842 1129 sub
2880 1078 3124 1149 episcopo
3156 1080 3396 1136 civitatis
3429 1082 3560 1138 sint.
3631 1140 3638 1152 ,

2099 1254 2332 1311 Concilii
2363 1254 2829 1316 Chalcedonensis
2858 1275 2980 1330 cap.
3011 1260 3069 1317 8.

2101 1347 2254 1404 CAP.
2290 1347 2533 1403 XXXVI.
2564 1380 2636 1389 —
2667 1350 2742 1406 De
2771 1353 2934 1408 servis
2964 1355 3056 1424 qui
3087 1354 3271 1410 clerici
3295 1357 3459 1427 ﬁunt.

2105 1441 2498 1509 Apostolorum
2533 1456 2714 1497 canon
2755 1443 2847 1497 82.

2107 1531 2326 1589 Textus.
2349 1533 2538 1589 Const.
2567 1536 2655 1599 56,
2691 1534 2775 1589 tit.
2807 1537 2861 1601 '5,
2887 1537 2980 1592 lib.
3024 1554 3041 1592 ι
3069 1539 3190 1598 cod.
3232 1540 3331 1609 ait,
3397 1558 3641 1612 servum,

2031 1634 2161 1692 etc.,
2188 1642 2352 1696 usque
2380 1628 2450 1680 ad
2480 1626 2605 1697 quis
2637 1626 2917 1694 liberetur,
2945 1638 3002 1683 ut
3029 1646 3152 1702 pag.
3193 1631 3320 1689 559.

2108 1818 2403 1875 Scholium.
2435 1817 2544 1874 Tit.
2573 1821 2627 1887 5,
2654 1820 2751 1876 lib.
2787 1837 2803 1875 ι
2833 1822 2956 1878 cod.
2988 1823 3202 1893 positus
3246 1833 3330 1880 est
3366 1826 3420 1881 in
3459 1827 3554 1882 hh.
3586 1844 3640 1882 Ill

2035 1908 2201 1964 Basil.
2245 1923 2367 1978 cap.
2421 1908 2478 1963 2.
2519 1909 2914 1966 Verumtamen
2960 1914 3063 1967 hoc
3097 1928 3220 1984 cap.
3279 1914 3334 1968 in
3384 1930 3649 1986 repurga-

2034 2001 2184 2054 tione
2213 2001 2505 2064 omissum,
2542 2013 2597 2057 et
2623 2017 2733 2057 non
2777 2003 3020 2073 positum
3049 2010 3154 2059 est.
3186 2003 3380 2060 Const.
3412 2005 3448 2059 2
3496 2007 3580 2060 tit.
3614 2009 3640 2060 ι

2033 2092 2410 2159 Novellarum,
2446 2104 2533 2150 est
2583 2095 2794 2149 novella
2837 2093 3136 2150 Justiniani
3182 2097 3310 2162 125,
3353 2098 3646 2168 positaque

2035 2194 2118 2240 est
2152 2185 2205 2239 in
2243 2186 2340 2240 lib.
2383 2185 2550 2241 Basil.
2589 2201 2675 2245 ιιι.
2714 2186 2797 2241 tit.
2857 2189 2906 2251 1,
2950 2202 3073 2257 cap.
3112 2187 3202 2256 57,
3243 2190 3390 2260 quod
3432 2190 3515 2244 sic
3543 2190 3646 2244 ha-

2037 2278 2147 2345 bet,
2187 2278 2266 2333 uti
2312 2279 2367 2333 in
2414 2279 2744 2349 compendio
2788 2279 3128 2350 propositum
3175 2289 3282 2335 est.
3331 2279 3488 2348 Quod
3515 2297 3647 2337 vero

333 2366 672 2438 συνωψίσθη.
701 2369 776 2425 Τὸ
809 2368 864 2422 δὲ
890 2345 1320 2440 ἐλευθεροῦσθαι
1351 2370 1480 2434 τοὺς
1505 2345 1922 2441 ἐναπογράφους

2034 2369 2328 2439 ascriptitii
2395 2345 2742 2438 liberentur,
2788 2345 2923 2442 pars
2985 2380 3070 2427 est
3121 2345 3372 2442 ejusdem
3420 2373 3648 2428 novellae

335 2456 506 2528 μέρος
559 2459 679 2511 ἐστὶ
730 2459 830 2529 τῆς
882 2459 1055 2529 αὐτῆς
1104 2466 1224 2533 ρκγ’
1265 2461 1490 2531 νεαρᾶς,
1547 2462 1644 2516 καὶ
1677 2463 1838 2533 ἐτέθη
1869 2464 1930 2517 ὲν

333 2544 526 2618 βιϐλίῳ
547 2545 596 2616 γ’
617 2546 728 2602 τῶν
782 2549 1091 2603 Βασιλικῶν
1142 2551 1249 2604 τίτ.
1289 2549 1363 2616 α’,
1398 2569 1530 2621 κεφ.
1573 2551 1688 2618 .ια’,
1748 2553 1931 2624 ἔχοντι

329 2640 505 2705 οὕτως
530 2656 546 2673 ο
571 2641 729 2696 Μετὰ
753 2643 810 2696 δὲ
831 2642 931 2714 τὴν
953 2643 1292 2715 χειροτονίαν
1317 2646 1413 2700 καὶ
1453 2645 1704 2714 δουλικῆς
1737 2651 1934 2702 ὲναπο-

330 2730 549 2804 γράφου
595 2730 768 2802 τύχης
833 2736 962 2795 τοὺς
1019 2731 1355 2796 ἐπισκόπους
1403 2728 1548 2787 εἶναι
1601 2734 1929 2805 ἐλευθέρους

329 2822 651 2893 κελεύομεν,
683 2823 733 2876 εί
766 2822 842 2895 μὴ
873 2822 1155 2894 ταξεώτης
1181 2824 1333 2893 παρὰ
1371 2824 1471 2896 τὴν
1505 2827 1923 2897 προειρημένην

328 2914 741 2992 χειροτονηθείη
769 2917 1180 2988 παρατήρησιν.
1210 2918 1352 2979 Τοὺς
1380 2917 1490 2989 γὰρ
1517 2918 1796 2983 τοιούτους
1831 2920 1931 2990 τῆς

329 3009 641 3080 ἐπισκοπῆς
672 3009 1142 3079 ὰποκινουμένους
1171 3013 1237 3082 τῇ
1262 3009 1414 3073 τάξει
1445 3011 1926 3067 ἀποκαθίστασθαι

327 3101 650 3174 κελεύομεν,
687 3104 777 3158 ἵνα
821 3105 896 3175 μὴ
943 3106 1008 3158 ἐκ
1048 3105 1147 3176 τῆς
1176 3106 1433 3178 τοιαύτης
1465 3107 1639 3179 τύχης
1676 3111 1742 3179 τῇ
1772 3110 1931 3180 ἱερω-

328 3196 468 3270 σύνῃ
500 3196 662 3270 ὕϐρις
703 3197 954 3269 γένηται.
1007 3197 1072 3251 Ἦ
1117 3198 1301 3269 μέντοι
1354 3198 1449 3253 πα¹
1490 3201 1928 3265 Ἰουστινιάνειος

323 3288 498 3360 νεαρὰ
531 3291 710 3346 κεῖται
746 3291 826 3354 είς
859 3289 1064 3361 βιϐλίον
1089 3289 1171 3344 λα’
1211 3290 1324 3345 τῶν
1385 3291 1697 3347 Βασιλικῶν
1729 3293 1836 3348 τίτ.
1861 3293 1926 3360 ε’,

323 3404 456 3457 κεφ.
486 3384 557 3452 α’,
614 3385 790 3450 οὕτως
837 3387 962 3459 ἕχον
1003 3388 1134 3459 περὶ⁹
1179 3387 1278 3459 τὴν
1327 3389 1526 3460 ἀρχὴν·
1581 3388 1928 3460 Θεσπίςομεν

320 3479 454 3544 τούς
487 3496 547 3533 τε
575 3479 894 3552 ὲμϐάθμους
931 3481 1197 3545 ὑπάτους.
1226 3482 1339 3536 Καὶ¹
1387 3482 1474 3552 ἐφ’
1514 3482 1644 3553 ἑξῆς
1681 3500 1928 3555 παρακε-

319 3571 545 3626 λεύεται
576 3573 611 3643 ἡ
639 3571 780 3644 αὐτὴ
802 3572 971 3642 νεαρὰ
1003 3572 1092 3626 ἵνα
1119 3572 1322 3637 πάντες
1351 3575 1402 3626 οἱ
1433 3573 1800 3644 άξιωματικοὶ
1828 3574 1925 3628 καὶ

2043 2463 2169 2524 125,
2203 2463 2557 2533 positumque
2589 2472 2676 2519 est
2708 2464 2763 2516 in
2808 2465 2901 2520 lib.
2945 2463 3114 2519 Basil.
3172 2480 3255 2531 tu,
3309 2464 3393 2519 tit.
3428 2464 3482 2531 1,
3517 2481 3641 2536 cap.

2043 2556 2132 2619 Η,
2165 2555 2310 2625 quod
2341 2555 2422 2610 sic
2453 2555 2617 2610 habet
2655 2574 2667 2609 :
2719 2553 2851 2610 Post
2900 2555 3308 2610 ordinationem
3354 2571 3483 2612 vero
3528 2572 3645 2613 ser-

2041 2647 2139 2700 vili
2197 2646 2634 2713 ascriptitiorum
2689 2648 2910 2701 fortuna
2958 2647 3250 2716 episcopos
3282 2647 3489 2704 liberos
3521 2662 3645 2702 esse

2037 2741 2300 2810 juhentus
2332 2759 2346 2795 :
2380 2741 2484 2795 nisi
2522 2742 2829 2795 cohortalis
2864 2753 3063 2809 praater
3100 2739 3413 2809 prsedictam
3453 2740 3644 2796 obser-

2041 2835 2315 2889 vationem
2363 2835 2655 2889 ordinatus
2713 2834 2804 2888 sit.
2862 2833 3145 2903 Ejusmodi
3201 2833 3348 2888 enim
3381 2841 3642 2890 .remotos

2039 2930 2108 2984 ab
2143 2930 2462 2997 episcopatu
2513 2927 2730 2982 cohorti
2789 2941 2905 2981 suae
2963 2925 3180 2980 restitui
3230 2926 3518 2996 jubemus.
3571 2943 3639 2979 ne

2038 3036 2148 3090 qua
2181 3036 2246 3074 ex
2274 3020 2364 3074 tali
2403 3017 2624 3074 fortuna
2659 3018 2972 3074 sacerdotio
3010 3019 3298 3074 oboriatur
3351 3028 3640 3074 contume—

2036 3114 2130 3169 lia.
2184 3114 2453 3168 Caeterum
2483 3111 2780 3167 Iustiniani
2833 3112 2896 3168 Si
2940 3113 3156 3168 novella
3220 3112 3395 3182 posita
3447 3122 3532 3168 est
3581 3116 3634 3168 in

2037 3207 2136 3263 lib.
2165 3223 2293 3262 XXXI
2318 3206 2484 3262 Basil.
2521 3206 2606 3260 tit.
2633 3205 2686 3270 5,
2717 3221 2838 3276 cap.
2876 3206 2927 3269 1,
2964 3206 3111 3275 quod
3145 3207 3225 3262 sic
3259 3208 3314 3261 in
3351 3206 3507 3262 initio
3539 3207 3640 3263 ha-

2037 3299 2128 3354 bet
2160 3318 2173 3354 :
2219 3299 2537 3364 Saucimus,
2568 3306 2628 3353 ut
2665 3297 2931 3352 ordinarii
2963 3298 3241 3353 consules.
3275 3299 3355 3353 Ac
3384 3298 3642 3370 deinceps

2026 3391 2186 3462 jubet
2233 3392 2422 3448 eadem
2465 3391 2708 3457 novella,
2769 3398 2830 3445 ut
2891 3392 3210 3461 quicunque
3265 3392 3640 3462 magistratus,

2029 3485 2324 3554 dignitates
2370 3493 2423 3538 et
2473 3482 2655 3538 officia
2693 3483 2876 3548 habet,
2906 3483 2990 3537 sui
3021 3483 3165 3554 juris
3219 3483 3313 3549 sit,
3360 3485 3578 3539 tametsi
3608 3502 3639 3539 a

2029 3587 2183 3649 patre
2221 3577 2601 3647 emancipatus
2654 3592 2763 3631 non
2821 3577 3007 3631 fuerit.
3063 3576 3227 3646 Atqui
3285 3576 3339 3640 9,
3400 3576 3504 3640 10,
3548 3578 3638 3642 il.

317 3667 377 3718 οἱ
405 3664 622 3736 ἔχοντες
669 3665 900 3735 όφφίκια
956 3665 1221 3738 ἄρχοντες
1261 3664 1600 3730 αὐτεξούσιοι
1636 3661 1761 3734 ὦσι,
1817 3666 1919 3720 κᾶν

2032 3670 2379 3741 imperatoris
2414 3670 2624 3726 domini
2672 3667 2872 3724 Leonis
2923 3669 3246 3739 Philosophi
3278 3668 3514 3724 Novella:
3546 3669 3638 3739 ju-

315 3755 425 3824 τῆς
484 3755 761 3826 πατρικῆς
806 3757 990 3826 χειρὸς
1023 3756 1125 3809 οὐκ
1150 3755 1394 3825 ἔφθασαν
1443 3757 1806 3827 ἀπολυθῆναι.
1857 3759 1920 3812 Ἦ

321 3847 514 3922 μέντοι
567 3846 635 3915 θ’,
666 3846 698 3901 ι’
756 3849 852 3902 καὶ
907 3847 976 3906 ια’
1027 3851 1198 3920 νεαρὰ
1250 3847 1346 3903 τοῦ
1406 3849 1674 3922 βασιλέως
1727 3851 1920 3921 κυρίου

315 3939 559 4006 Λέοντος
588 3939 684 3995 τοῦ
714 3940 1014 4012 Φιλοσόφου
1065 3942 1540 4014 παρακελεύονται
1582 3944 1676 3998 τὸν
1707 3945 1923 4016 κληρω-

315 4030 486 4090 θέντα
510 4030 695 4084 δοῦλον
730 4032 789 4084 ὲν
819 4031 1014 4104 ἀγνοίᾳ
1061 4030 1155 4085 τοῦ
1187 4032 1474 4101 δεσπότου,
1510 4034 1649 4089 ἀλλὰ
1683 4034 1792 4106 μὴν
1820 4035 1918 4090 καὶ

312 4121 415 4176 τὸν
443 4123 756 4194 μονάσαντα
786 4124 882 4177 καὶ
919 4123 1011 4176 τὸν
1041 4125 1304 4193 γεγονότα
1334 4126 1636 4181 ἐπίσκοπον
1665 4128 1919 4183 ἀποκαθ-

317 4211 581 4266 ίστασθαι
612 4211 689 4284 τῷ
718 4212 972 4284 προτέρῳ
1000 4213 1260 4287 δεσπότῃ.
1298 4216 1370 4270 Σὺ
1403 4215 1534 4285 γοῦν
1583 4216 1774 4286 μαθὼν
1809 4215 1921 4270 ἀπὸ

313 4304 418 4360 τοῦ
443 4311 512 4359 ια’
535 4322 662 4376 κεφ.
689 4305 785 4359 τοῦ
805 4304 853 4359 α’
903 4303 1085 4358 τίτλου
1116 4306 1212 4360 τοῦ
1244 4305 1293 4376 γ’
1321 4307 1532 4378 βιϐλίου
1562 4307 1672 4362 τῶν
1701 4308 1921 4363 Βασιλι-

316 4397 457 4465 κῶν,
493 4398 577 4452 ὅτι
601 4399 696 4452 καὶ
727 4399 980 4471 δουλικῆς
1001 4399 1389 4472 ὲναπογράιρου
1409 4401 1582 4472 τύχης
1606 4402 1655 4454 oi
1685 4404 1916 4456 ἐπισκο-

316 4489 471 4561 πικῷ
493 4491 854 4565 τετιμημένοι
873 4490 1145 4564 ἀξιώματι
1162 4492 1626 4564 ὲλευθεριάζουσι,
1657 4494 1731 4567 μὴ
1757 4497 1919 4549 ὲνανσ

313 4583 524 4655 τιωθῇς
551 4583 630 4656 τῷ
648 4583 726 4648 λζ’
756 4603 884 4656 κεφ.
911 4585 1007 4643 τοῦ
1028 4585 1195 4640 αὐτοῦ
1219 4585 1325 4641 τίτ.
1357 4588 1450 4640 καὶ
1467 4585 1700 4656 βιϐλίου,
1727 4587 1915 4656 λέγον-

311 4691 394 4742 τι,
433 4676 509 4747 μὴ
527 4674 704 4740 ἄλλως
724 4676 815 4730 τὸν
835 4675 1022 4732 δοῦλον
1057 4676 1481 4750 ὲλευθεροῦσθαι
1501 4679 1607 4734 κᾶν
1627 4679 1728 4750 κλη
1739 4680 1912 4752 ρωθῇ,

313 4768 370 4822 εἰ
429 4768 506 4840 μὴ
556 4769 1029 4842 παρακολουθήσει
1072 4770 1170 4826 καὶ
1218 4768 1316 4824 τοῦ
1370 4771 1639 4826 δεσπότου
1677 4773 1912 4844 εἰδησις,

314 4862 458 4920 ἀλλὰ
487 4862 634 4917 κατὰ
658 4861 817 4921 τοῦτο
838 4863 949 4918 νόει
983 4863 1081 4919 καὶ
1122 4865 1300 4918 ἐκεῖνο
1352 4864 1414 4920 τὸ
1447 4882 1576 4934 κεφ.
1603 4866 1653 4919 οί
1684 4865 1794 4937 γάρ
1823 4867 1909 4920 λέο

312 4974 530 5032 γοντες,
557 4957 640 5011 ὅτι
670 4955 760 5010 διὰ
807 4955 870 5010 τὸ
921 4957 1024 5028 τῆς
1076 4959 1385 5030 ἐπισκοπῆς
1425 4958 1649 5028 ἀξίωμα
1694 4959 1915 5013 ἐλευθε-

2046 3766 2212 3831 bent,
2246 3772 2306 3818 ut
2345 3765 2438 3834 qui
2463 3779 2656 3819 servus
2692 3763 2976 3833 ignorante
3006 3761 3231 3816 domino
3264 3771 3358 3816 aut
3386 3761 3640 3821 clericus,

2039 3865 2135 3912 aut
2164 3857 2492 3920 monachus,
2526 3863 2622 3908 aut
2666 3853 2961 3923 episcopus
3012 3851 3195 3909 factus
3233 3851 3418 3917 fuerit,
3450 3852 3496 3908 is
3527 3852 3632 3923 pri-

2039 3949 2184 4005 stino
2235 3948 2460 4004 domino
2526 3947 2875 4003 restituatur.
2928 3945 3008 3999 Tu
3059 3945 3230 4016 igitur
3286 3945 3379 4000 ubi
3435 3960 3503 3998 ex
3569 3944 3631 3997 il

2035 4054 2158 4108 cap.
2190 4038 2274 4096 tit.
2311 4037 2333 4090 1
2367 4037 2460 4091 lib.
2507 4049 2569 4089 tu
2623 4032 2792 4088 Basil.
2825 4033 3089 4097 didicisti,
3146 4032 3331 4087 servili
3379 4031 3637 4101 ascripti-

2037 4129 2238 4184 tiorum
2322 4126 2557 4180 fortuna:
2609 4123 2920 4188 obnoxios,
2969 4131 3272 4191 posteaque
3339 4121 3636 4191 episcopali

2034 4221 2303 4292 dignitate
2335 4217 2542 4274 fuerint
2575 4215 2856 4280 honorati,
2903 4215 3109 4271 liberos
3139 4230 3262 4269 esse
3294 4232 3308 4269 :
3342 4230 3409 4268 ne
3439 4214 3637 4269 adver-

2033 4315 2173 4372 seris
2206 4312 2276 4369 59
2302 4327 2422 4383 cap.
2451 4309 2697 4380 ejusdem
2725 4308 2810 4363 tit.
2834 4315 2887 4363 et
2912 4306 3168 4378 lib.quod
3198 4321 3309 4360 non
3341 4307 3498 4361 aliter
3520 4322 3637 4362 ser-

2031 4420 2186 4467 vum.
2216 4401 2437 4458 tametsi
2467 4400 2704 4456 clericus
2735 4398 2920 4455 factus
2947 4399 3040 4464 sit,
3067 4399 3303 4453 liberum
3335 4399 3448 4454 fieri
3478 4398 3635 4466 dicit,

2030 4497 2264 4569 qnam‘si
2285 4494 2494 4551 domini
2513 4493 2756 4564 cognitio
2778 4491 2870 4565 [ad
2893 4507 3012 4547 eam
3040 4490 3182 4564 rem]
3197 4492 3492 4547 accesserit
3508 4509 3521 4546 :
3538 4492 3636 4547 sed

2031 4591 2336 4648 secundum
2364 4587 2468 4643 hoc
2499 4586 2633 4642 illud
2657 4586 2820 4641 etiam
2842 4594 3006 4656 caput
3038 4585 3328 4656 intelligas.
3351 4582 3633 4654 Siquidem

2030 4687 2125 4758 qui
2154 4680 2540 4746 servum,licet
2570 4688 2769 4751 praeter
2793 4678 3131 4734 voluntatem
3176 4677 3383 4733 domini
3418 4677 3636 4747 episco-

2031 4792 2160 4848 pum
2186 4773 2414 4839 factum,
2432 4782 2487 4828 et
2499 4772 2730 4827 liberum
2745 4785 2868 4826 esse
2891 4770 3081 4826 dicunt
3101 4785 3115 4823 :
3138 4785 3246 4824 non
3262 4776 3407 4824 recte
3420 4769 3631 4825 dicunt.

2033 4867 2152 4924 Hoc
2185 4880 2426 4937 namque
2458 4871 2625 4933 caput
2656 4879 2723 4918 ex
2759 4865 3063 4933 posteriore
3094 4862 3272 4932 capite
3307 4862 3636 4932 interpreta-

2031 4967 2234 5021 tionem
2276 4961 2496 5033 accipit.
2532 4959 2746 5015 Etenim
2803 4955 3164 5030 [quanquam]
3196 4956 3356 5012 ambo
3383 4955 3632 5027 ejusdem

317 5050 510 5123 ροῦται
562 5050 593 5104 ό
642 5049 831 5114 δοῦλος
883 5049 988 5104 κᾶν
1043 5051 1198 5122 παρὰ
1231 5049 1461 5122 γνώμην
1496 5049 1592 5104 τοῦ
1643 5050 1912 5105 δεσπότου

2032 5055 2248 5111 novellae
2269 5053 2406 5117 sint,
2433 5052 2662 5106 omnino
2687 5048 2923 5122 [tamen]
2946 5066 2973 5104 a
2999 5049 3325 5120 posteriore,
3345 5063 3543 5115 nempe
3562 5047 3632 5102 57

313 5143 624 5206 ἐπίσκοπος
652 5143 905 5214 γένηται,
932 5142 995 5197 οὐ
1043 5142 1230 5208 καλῶς
1253 5143 1526 5212 λέγουσιν.
1571 5143 1910 5219 Ἐρμηνεύε-

2032 5150 2228 5219 :apite,
2275 5145 2432 5216 prius
2459 5185 2473 5206 .
2511 5159 2709 5215 nempe
2765 5143 2826 5197 tl
2879 5151 3066 5214 caput,
3103 5141 3628 5212 interpretationem

310 5249 410 5292 ται
437 5231 623 5304 γὰρτὸ
657 5232 899 5286 τοιοῦτον
925 5250 1051 5303 κεφ.
1077 5233 1188 5287 άπὸ
1217 5232 1313 5288 τοῦ
1334 5235 1420 5303 ἐφ’
1449 5233 1578 5304 ἑξῆς
1623 5251 1754 5304 κεφ.
1783 5237 1915 5307 μιᾶς

2032 5240 2268 5312 tccipiet.
2323 5237 2562 5293 Novellte
2608 5250 2772 5306 porro
2803 5232 3152 5306 imperatoris
3181 5232 3391 5288 domini
3428 5231 3630 5287 Leonis

313 5325 428 5398 γάρ
460 5327 569 5378 εἰσι
597 5326 797 5397 νεαρᾶς
826 5325 924 5381 ttat
955 5326 1269 5398 ἀμφότερα,
1302 5327 1400 5380 καὶ
1427 5327 1649 5388 πάντως
1676 5327 1788 5380 άπὸ
1815 5326 1913 5381 τοῦ

2032 5330 2296 5403 Sapientis
2325 5346 2463 5401 quas
2483 5329 2591 5402 [tu]
2619 5329 2912 5399 diligenter
2931 5328 3068 5398 lege,
3088 5343 3308 5383 servum
3337 5326 3626 5392 clericum,

317 5417 796 5490 μεταγενεστέρου
832 5419 954 5491 ἦτοι
982 5417 1082 5472 τοῦ,
1115 5417 1193 5484 λζ’
1229 5436 1356 5488 κειρ.
1381 5419 1444 5472 τὸ
1473 5421 1910 5492 προγενέστερον

2032 5424 2386 5488 monachum,
2423 5432 2520 5477 aut
2571 5421 2895 5492 episcopum
2937 5418 3188 5485 factum,
3224 5418 3272 5474 si
3337 5419 3628 5490 ignorante

315 5529 446 5582 κεφ.
483 5512 605 5584 ἤτοι
638 5511 703 5566 τὸ
744 5510 813 5567 ια’
843 5511 1340 5585 ἑρμηνευθήσεται.
1390 5513 1455 5567 Al
1483 5513 1700 5582 Νεαραὶ
1731 5513 1787 5566 δὲ
1820 5513 1913 5567 τοῦ

2032 5518 2272 5583 dontino,
2293 5517 2479 5587 aliquo
2507 5515 2702 5568 horum
2737 5513 2938 5584 dignus
2973 5513 3194 5568 habitus
3222 5518 3327 5575 est,
3353 5513 3406 5565 in
3433 5510 3624 5581 pristi-

317 5603 592 5676 βασιλέως
620 5605 814 5677 κυρίου
843 5605 1076 5669 Λέοντος
1096 5604 1190 5659 τοῦ
1208 5604 1410 5675 Σοφοῦ,
1447 5605 1513 5670 ἃς
1541 5607 1637 5660 καὶ¹
1663 5606 1916 5676 ἀνάγνω-

316 5700 372 5753 θι
406 5698 528 5769 μετ’
543 5698 890 5765 ἐπιμελείας,
919 5699 1014 5754 καὶ
1038 5697 1133 5753 τὸν
1156 5698 1529 5771 κληρωθέντα,
1567 5701 1661 5754 καὶ
1686 5701 1779 5756 τὸν
1810 5719 1914 5773 μο-

313 5792 580 5859 νάσαντα,
595 5791 692 5845 καὶ
719 5792 812 5846 τὸν
835 5791 1136 5846 ἐπίσκοπον
1168 5793 1431 5864 γεγονότα
1454 5794 1642 5849 δοῦλον
1667 5796 1884 5850 ὰποκαθ

314 5885 509 5940 ιστῶσι
560 5884 702 5955 πρὸς
753 5883 853 5958 τὴν
907 5885 1180 5960 προτέραν
1217 5887 1473 5960 δουλικὴν
1522 5886 1724 5960 τύχην,
1755 5887 1823 5942 ἂν
1859 5890 1919 5944 ὲν

313 5977 514 6049 ἀγνοίᾳ
551 5976 648 6034 τοῦ
675 5976 943 6035 δεσπότου
968 5979 1213 6036 τοιούτου
1233 5979 1377 6049 τινὸς
1405 5981 1434 6036 ὁ
1465 5978 1654 6048 δοῦλος
1683 5979 1910 6056 ἀξιωθῇ.

2017 5627 2141 5667 nam
2171 5609 2422 5666 servilem
2450 5609 2750 5664 restituunt
2782 5605 3184 5663 conditionem.
3228 5602 3432 5660 Verum
3466 5604 3621 5658 enim

2015 5719 2147 5758 vero
2193 5711 2480 5772 postquam
2541 5700 2817 5757 novellam
2860 5697 2927 5753 10
2976 5697 3226 5768 ejusdem
3271 5695 3620 5766 imperatoris

2017 5794 2226 5851 domini
2254 5792 2455 5849 Leonis
2501 5790 2780 5863 Sapientis
2819 5789 3004 5846 inveni
3063 5789 3209 5862 (qua:
3261 5787 3394 5842 olim
3439 5787 3621 5842 domi-

2017 5905 2151 5946 num
2186 5888 2252 5942 ad
2289 5896 2400 5944 tres
2433 5901 2610 5957 usque
2639 5900 2815 5941 annos
2842 5883 3131 5956 fugitivum
3178 5896 3399 5939 servum
3429 5894 3621 5936 mona-

2021 5983 2189 6042 chum
2222 5980 2431 6042 factum
2478 5992 2738 6038 revocare
2762 5977 3009 6052 potuisse
3040 5993 3056 6045 ;
3108 5976 3216 6035 hoc
3249 5983 3432 6032 autem
3477 5982 3615 6031 tem-
