4146 6454
559 407 696 475 102⁸1

555 636 659 675 vus
701 620 794 673 tali
820 619 1054 675 consilio
1087 620 1390 675 monachus
1421 618 1621 687 factus,
1667 634 1999 690 quocunque
2033 625 2157 672 lan-

556 715 680 770 dem
716 715 1323 785 temporeinveniatur,
1356 715 1407 768 in
1456 714 1673 784 pristini
1724 714 1936 769 domini
2005 723 2166 784 pote-

570 819 769 866 statem
841 809 1174 878 subigatur:
1225 823 1403 879 neque
1427 809 1573 878 quod
1611 824 1806 864 servus
1845 807 2044 871 lateat,
2097 822 2164 861 ex

560 901 785 956 triennii
817 902 1052 955 decursu
1101 900 1360 955 dominus
1408 900 1661 965 lzetlatur,
1709 899 1922 967 statuit)
1952 913 2164 956 summa

556 995 837 1066 diligentia
869 996 1041 1064 legem
1076 993 1143 1048 de
1175 993 1413 1048 triennio
1442 993 1734 1048 docentem
1767 990 2018 1062 quaesivi,
2069 989 2164 1045 sed

568 1104 678 1144 non
717 1088 940 1142 inveni:
977 1095 1130 1141 extra
1157 1101 1324 1156 quam
1365 1086 1418 1141 id
1469 1087 1672 1152 solum,
1703 1085 1852 1155 quod
1903 1084 2163 1154 superius

558 1183 848 1248 insertum,
879 1183 1164 1237 dominum
1198 1182 1345 1238 intra
1364 1199 1570 1238 annum
1595 1198 1817 1238 servum
1841 1197 2002 1238 suum
2030 1181 2167 1237 citra

556 1276 896 1330 voluntatem
922 1290 1077 1330 suam
1113 1275 1373 1331 clericum
1393 1275 1598 1331 factum
1623 1275 1955 1347 investigare
2007 1290 2171 1346 posse

557 1368 710 1424 dicit.
759 1368 1029 1436 Quocirca
1061 1368 1227 1424 etiam
1260 1369 1415 1440 sequi
1453 1384 1644 1440 cogor,
1692 1384 1815 1439 qua:
1846 1383 1876 1422 a
1912 1367 2172 1438 Sapienle

558 1470 690 1518 sunt
726 1462 1047 1517 constituta.
1093 1460 1369 1518 Existimo
1418 1477 1573 1527 vero,
1605 1461 1754 1532 quod
1811 1461 1856 1518 si
1889 1462 2015 1533 quis
2071 1477 2171 1516 no-

557 1555 756 1609 vellam
789 1555 938 1609 illam
974 1565 1275 1610 extenuare
1309 1555 1464 1617 velit,
1509 1553 1670 1627 [non]
1729 1571 1987 1627 magnam
2044 1571 2169 1610 om-

559 1645 694 1702 nino
746 1646 1172 1718 ambiguitatem
1228 1646 1559 1700 inventurus
1597 1647 1690 1702 sit.
1741 1644 1957 1701 Etenim
2005 1646 2073 1712 si,
2109 1657 2172 1700 ut

559 1739 679 1794 haec
717 1739 869 1806 dicit,
910 1739 1169 1794 dominus
1218 1738 1512 1809 fugitivum
1561 1755 1784 1794 servum
1831 1740 2168 1796 monachum

561 1828 790 1893 factum,
818 1829 996 1886 donec
1048 1829 1145 1902 [is]
1179 1839 1521 1902 compareat,
1553 1831 1849 1903 investigat
1885 1851 1898 1887 :
1937 1833 2168 1888 omnino

561 1938 630 1976 ex
663 1923 942 1976 contraria
969 1922 1319 1992 oppositione
1347 1938 1566 1977 servum
1603 1922 1935 1976 monachum
1965 1937 2074 1979 non
2108 1923 2164 1978 in

562 2010 693 2082 fuga
725 2011 1107 2078 exsistentetn,
1133 2012 1228 2068 sed
1272 2013 1654 2077 manifestum,
1697 2013 1839 2069 intra
1865 2015 2164 2070 triennium

567 2105 954 2161 tantummodo
978 2104 1240 2161 dominus
1275 2106 1556 2162 revocabit
1593 2125 1606 2162 :
1638 2116 1806 2177 atque
1864 2107 1910 2162 si
1946 2108 2018 2162 ita
2056 2124 2166 2162 non

563 2198 779 2263 fecerit,
815 2197 885 2253 ab
949 2199 1056 2253 hoc
1108 2198 1430 2254 excludetur
1467 2217 1481 2252 :
1523 2199 1574 2253 id
1608 2200 1756 2268 quod
1811 2199 1954 2254 dicta
2003 2198 2172 2255 Justi-

566 2290 714 2347 niani
749 2291 960 2346 novella
995 2291 1140 2347 intra
1168 2307 1375 2348 annum
1412 2293 1528 2347 tieri
1568 2292 1816 2365 [debere]
1858 2294 2074 2349 statuit.
2109 2295 2170 2350 Si

567 2383 687 2438 hare
730 2383 804 2439 ita
837 2384 1046 2440 dixeris
1077 2395 1245 2456 atque
1281 2386 1685 2456 interpreteris,
1718 2387 2169 2442 conciliabuntur

565 2475 963 2544 imperatorum
989 2475 1240 2539 novellae,
1272 2483 1643 2546 praeterquam
1671 2474 1723 2528 in
1751 2475 1872 2530 solo
1901 2486 2169 2546 tempore,

564 2569 712 2638 quod
752 2568 1077 2624 consolandi
1127 2569 1337 2624 domini
1391 2584 1560 2624 causa
1611 2569 1664 2623 in
1703 2568 2001 2623 triennium
2040 2584 2169 2640 pro-

564 2661 832 2718 tenditur.
858 2662 938 2717 Ex
969 2660 1272 2716 Justiniani
1340 2661 1558 2717 novella
1616 2661 1722 2715 125
1768 2659 1940 2734 [quae]
1976 2664 2060 2734 (ut
2089 2663 2172 2717 di-

565 2763 716 2810 ctum
769 2753 886 2824 est)
927 2755 1107 2826 posita
1163 2753 1296 2827 [est]
1335 2755 1388 2809 in
1438 2755 1536 2810 lib.
1593 2771 1652 2810 ιιι
1712 2753 1878 2808 Basil.
1913 2753 1998 2808 tit.
2027 2754 2075 2819 Ι,
2107 2769 2171 2809 ac

565 2845 786 2908 statuit,
836 2854 894 2902 nt
920 2853 1046 2917 post
1084 2847 1486 2902 ordinationem
1545 2863 1576 2902 a
1612 2847 1798 2902 servili
1834 2845 2174 2916 ascriptitio-

567 2953 693 2993 rum
727 2938 948 2993 fortuna
992 2938 1237 3009 episc0pi
1291 2938 1452 2994 liberi
1486 2939 1597 2994 sint
1631 2958 1643 2994 :
1692 2940 1931 3009 itemque
1968 2954 2031 2993 ex
2073 2954 2174 2993 no-

565 3031 707 3086 vella
733 3031 795 3087 8i
833 3029 1002 3104 [quae]
1028 3032 1208 3102 posita
1241 3031 1372 3106 [est]
1401 3033 1457 3088 in
1487 3033 1584 3088 lib.
1613 3032 1777 3088 Basil.
1807 3048 1963 3097 xxxi,
2000 3032 2085 3087 tit.
2113 3031 2168 3096 5,

567 3138 694 3194 cap.
728 3124 784 3190 1,
825 3139 1058 3193 quaeque
1089 3124 1246 3194 jubet
1286 3133 1344 3179 ut
1375 3127 1697 3197 quicunque
1751 3126 1820 3181 ab
1872 3126 2172 3195 imperato-

1705 409 1970 472 PIIOTII
2012 404 2524 472 PATRIARCIIJE
2567 417 2674 478 (ΣΡ.

555 544 686 596 pore
724 535 940 591 exacto,
983 527 1272 582 exclusum
1308 525 1479 581 fuisse
1506 526 1638 581 dicit
1684 541 1697 578 :
1733 539 1900 596 atque
1943 534 2002 579 ut
2032 539 2151 578 ser-

2284 529 2412 602 ,Ιλὴν
2456 530 2730 601 εὑρίσκων
2786 535 2884 605 τὴν
2918 533 2947 588 ι’

3723 428 3877 493 102i

2918 536 2947 588 ι’
3002 536 3205 608 νεαρὰν
3239 538 3333 592 τοῦ
3389 540 3553 596 αὐτοῦ
3591 544 3878 614 βασιλέως

2277 619 2486 689 Κυρίου
2521 621 2753 686 Λέοντος
2792 623 2888 680 τοῦ
2918 625 3093 696 Σοφοῦ
3126 629 3393 697 λέγουσαν
3429 631 3511 685 ὃτι
3537 632 3598 686 τὸ
3635 635 3877 690 παλαιὸν

2278 711 2442 784 μέχρι
2471 713 2641 788 τριῶν
2689 715 2900 786 χρόνων
2929 718 3165 786 ἠδύνατο
3185 723 3212 774 ὀ
3255 721 3526 794 δεσπότης
3559 725 3652 778 τὸν
3697 729 3874 797 μονὰ-

2276 823 2446 860 σαντα
2470 807 2688 877 φυγάδα
2725 808 2914 862 δοῦλον
2937 810 3106 864 αὐτοῦ
3137 814 3548 882 ἀνακαλεῖσθαι,
3573 817 3767 872 τούτου
3809 821 3874 874 δὲ

2274 898 2369 953 τοῦ
2401 900 2596 971 χρόνου
2645 902 3012 974 παρελθόντος
3053 905 3396 972 ἀπεκλείετο,
3429 911 3524 962 καὶ
3553 909 3870 983 διοριζομέ-

2275 1007 2374 1061 νην
2409 991 2498 1044 τὸν
2542 991 2740 1065 γνώμῃ
2790 992 3017 1066 τοιαύτῃ
3074 995 3388 1064 μονάσαντα
3447 1000 3667 1071 οἰκέτην
3721 1005 3870 1058 κατὰ

2275 1083 2458 1136 πάντα
2489 1083 2612 1137 καθ’
2643 1085 2703 1137 ὃν
2735 1085 2800 1139 ἀν
2832 1085 3160 1156 εὑρίσκηται
3193 1087 3390 1158 καιρὸν
3421 1091 3524 1144 ὑπὸ
3553 1093 3646 1147 τὸν
3670 1095 3872 1166 πρότε-

2277 1194 2370 1248 ρον
2401 1177 2675 1248 δεσπότην
2701 1180 3016 1247 τάττεσθαι,
3048 1183 3144 1236 καὶ
3169 1181 3256 1236 διὰ
3292 1183 3354 1236 τὸ
3382 1179 3523 1238 εἶναι
3555 1186 3647 1240 τὸν
3679 1187 3873 1242 δοῦλον

2274 1269 2457 1341 ἀφανῆ
2510 1270 2587 1342 μὴ
2644 1271 2982 1343 βλάπτεσθαι
3016 1273 3109 1328 τὸν
3140 1274 3411 1346 δεσπότην
3451 1277 3515 1331 ἐκ
3549 1281 3648 1350 τῆς
3684 1297 3873 1351 παρα-

2273 1361 2485 1433 δρομῆς
2532 1364 2634 1434 τῆς
2670 1365 2951 1436 τριετίας·
2991 1367 3304 1423 ἐσπούδασα
3354 1369 3537 1441 εὑρεῖν
3582 1373 3672 1424 τὸν
3739 1374 3874 1442 περὶ

2271 1455 2373 1526 τῆς
2401 1457 2642 1527 τριετίας
2671 1457 2998 1514 διδάσκοντα
3033 1461 3220 1532 νόμον,
3255 1462 3352 1516 καὶ
3384 1465 3482 1534 οὐχ
3513 1458 3673 1536 εὗρον
3700 1466 3872 1519 αὑτὸν

2272 1548 2404 1602 ἄνευ
2494 1549 2660 1620 μόνου
2713 1549 2807 1603 τοῦ
2880 1553 3368 1623 καταστρωθέντος
3432 1555 3671 1619 ἄνωθεν,
3769 1559 3871 1610 καὶ

2273 1642 2527 1711 λέγοντος
2554 1643 2707 1707 ἐντὸς
2735 1643 2985 1698 ἐνιαυτοῦ
3017 1644 3281 1700 δύνασθαι
3305 1647 3398 1702 τὸν
3430 1647 3698 1720 δεσπότην
3727 1651 3866 1704 ἀνα-

2274 1733 2459 1806 ζητεῖν
2489 1735 2581 1788 τδν
2634 1736 2992 1806 κληρωθέντα
3047 1737 3236 1794 δοῦλον
3267 1739 3393 1810 δίχα
3420 1740 3647 1811 γνώμης
3677 1743 3872 1796 αὑτοῦ.

2275 1830 2367 1882 Διὸ
2396 1829 2491 1883 καὶ
2519 1829 2907 1902 ἀναγκάζομαι
2957 1831 3275 1886 ἀκολουθεῖν
3313 1836 3427 1897 τοῖς
3457 1835 3610 1906 παρά
3637 1835 3730 1889 τοῦ
3767 1838 3872 1889 Σο-

2275 1920 2378 1990 φοῦ
2399 1921 2830 1992 νομοθετηθεῖσι.
2859 1921 3088 1991 Νομίζω
3108 1923 3164 1976 δὲ
3197 1924 3280 1978 ὃτι
3331 1927 3428 1979 καὶ
3450 1926 3519 1979 τὰ
3550 1929 3648 1997 τῆς
3679 1929 3876 1981 τοιαύ-

2277 2030 2381 2082 της
2411 2015 2616 2084 νεαρᾶς
2639 2013 2802 2084 εἴπερ
2831 2013 3050 2087 θελήσει
3080 2033 3166 2078 τις
3194 2015 3591 2088 ἀπολειφθῆναι
3627 2021 3878 2090 μεγάλας

2279 2105 2368 2159 ἵνα
2407 2105 2619 2179 εὑρήσῃ
2647 2105 3002 2176 ἀμφιϐολίας.
3036 2108 3120 2172 Εἰ,
3152 2107 3261 2179 γὰρ
3283 2107 3360 2172 ὡς
3385 2107 3522 2180 αὕτη
3558 2111 3744 2181 φησιν,
3781 2112 3877 2164 τὸν

2278 2196 2338 2250 ἐν
2383 2199 2530 2268 φυγῇ
2587 2197 2718 2250 ὄντα
2783 2195 2972 2250 δοῦλον
3023 2197 3120 2250 καὶ
3182 2197 3495 2269 μονάσαντα
3564 2200 3730 2271 μέχρι
3774 2203 3878 2271 τῆς

2279 2291 2587 2362 ἐμφανείας
2630 2289 2802 2344 αὐτοῦ
2853 2292 2881 2344 ὀ
2931 2290 3202 2363 δεσπότης
3246 2291 3528 2362 ἀναζητεῖ,
3563 2295 3782 2358 πάντως
3811 2295 3874 2359 ἐξ

2277 2383 2688 2450 ἀντιδιαστολῆς
2725 2383 2818 2436 τὸν
2848 2382 2926 2454 μὴ
2970 2383 3028 2436 ἐν
3061 2385 3208 2453 φυγῇ
3241 2382 3476 2454 μοναχὸν
3505 2383 3632 2438 ὄντα
3659 2384 3876 2449 δοῦλον,

2280 2477 2397 2531 ἀλλ’
2430 2477 2873 2548 ἐμφανιζόμενον
2896 2476 3048 2539 ἐντὸς
3080 2476 3252 2549 μόνης
3279 2476 3523 2547 τριετίας
3553 2478 3580 2530 ὁ
3601 2477 3874 2549 δεσπότης

2281 2568 2721 2632 ἀνακαλέσεται,
2776 2567 2938 2622 τοῦτο
2989 2568 3047 2622 δέ
3112 2568 3188 2640 μὴ
3231 2571 3470 2640 ποιήσας
3506 2569 3873 2641 ἀποκλεισθή-

2281 2677 2458 2715 σεται.
2487 2658 2660 2714 Τοῦτο
2697 2661 2835 2732 ὅπερ
2881 2659 3183 2731 διορίζεται
3223 2659 3474 2729 γίνεσθαι
3505 2661 3657 2726 ἐντὸς
3685 2663 3872 2716 ἐνιαυ-

2278 2752 2376 2807 τοῦ
2402 2754 2435 2826 ἡ
2461 2753 2690 2825 ρηθεῖσα
2727 2753 3108 2817 Ἰουστιάνειος
3133 2753 3307 2826 νεαρὰ
3338 2752 3392 2820 ι’,
3420 2755 3470 2807 εί
3492 2755 3666 2809 ταῦτα
3699 2755 3875 2819 οὕτως

2282 2842 2444 2916 εἴπῃς
2502 2843 2598 2896 καὶ
2660 2842 3016 2915 ἐρμηνεύσῃς
3071 2844 3610 2916 συμϐιϐασθήσονται
3657 2849 3712 2900 αί
3759 2849 3872 2901 τῶν

2284 2935 2551 3008 βασιλέων
2605 2936 2799 3008 νεαραὶ
2846 2935 2976 2990 ἄνευ
3011 2936 3174 3006 μόνου
3222 2936 3316 2990 τοῦ
3353 2938 3544 3008 χρόνου
3577 2938 3673 2992 ἐπὶ
3721 2956 3874 3012 τριε-

2282 3029 2407 3084 τίαν
2436 3029 2817 3100 διικνουμένου
2853 3031 2941 3086 διὰ
2971 3030 3301 3102 περίθαλψιν
3329 3031 3423 3085 τοῦ
3471 3031 3733 3086 δεσπότου
3765 3035 3877 3088 ἀπὺ

2285 3121 2386 3192 τῆς
2445 3119 2562 3192 ρκγ’
2627 3121 3011 3175 Ἰουστιανείου
3053 3124 3254 3195 νεαρᾶς
3301 3126 3402 3195 τῆς
3448 3125 3744 3196 κειμένης,
3797 3125 3880 3189 ὡς

569 3216 744 3282 ribus,
796 3215 1154 3288 dignitatibus
1183 3217 1452 3274 ofﬁciisve
1499 3218 1862 3289 praefectoriis
1917 3217 2173 3273 honorati

2284 3213 2500 3286 εἴρηται
2527 3215 2584 3267 ἐν
2607 3213 2798 3284 βιϐλίῳ
2816 3212 2865 3284 γ’
2887 3213 2994 3269 τῶν
3012 3215 3342 3280 Βασιλικῶν,
3369 3215 3473 3269 τίτ.
3495 3213 3566 3279 α’,
3592 3217 3686 3271 καὶ
3704 3217 3842 3286 διορι
3859 3249 3877 3259 -

569 3308 802 3376 fuerint,
842 3310 1020 3379 patria
1053 3319 1326 3381 potestate
1355 3298 1524 3367 etiam
1575 3312 1719 3367 citra
1764 3311 1937 3382 patris
1970 3312 2171 3367 volun-

570 3411 740 3458 tatem
772 3403 1075 3460 liberentur
1108 3403 1262 3478 [hinc
1291 3403 1566 3476 inquam,]
1601 3405 1860 3460 dixerunt
1891 3405 2169 3472 nonnulli,

571 3495 982 3553 ecclesiasticos
1029 3498 1195 3553 etiam
1250 3498 1629 3569 magistratus,
1685 3497 2017 3568 simulatque
2065 3495 2174 3570 [di-

573 3589 802 3662 gnitate]
833 3591 1076 3661 insigniti
1111 3590 1338 3656 fuerint,
1376 3591 1622 3649 illustres
1651 3602 1706 3648 et
1728 3608 1852 3648 esse
1884 3601 1939 3648 et
1961 3592 2169 3658 vocari,

574 3700 640 3740 ac
662 3684 750 3740 sui
791 3685 936 3756 juris
992 3683 1113 3739 ﬁeri
1151 3701 1164 3738 :
1203 3693 1424 3741 utentes
1476 3684 1642 3741 etiam
1678 3685 1894 3740 novello
1946 3684 2173 3740 oraculo

575 3775 910 3846 percelebris
985 3775 1339 3847 imperatoris
1405 3785 1462 3832 et
1531 3776 1910 3847 apostolorum
1980 3775 2177 3831 similis

579 3867 762 3922 sancti
805 3867 1162 3924 Constantini
1216 3869 1285 3924 ad
1349 3877 1602 3924 sanctum
1652 3867 2021 3939 Sylvestrum,
2077 3867 2174 3938 qui

572 3968 710 4015 tunc
734 3962 1016 4016 homanns
1049 3975 1187 4031 papa
1237 3969 1378 4028 erat,
1419 3960 1614 4027 misso,
1670 3960 1819 4030 quod
1850 3975 1881 4014 a
1907 3959 2069 4016 nobis
2119 3959 2175 4014 in

573 4051 806 4118 scholio,
835 4068 957 4124 cap.
986 4054 1038 4119 1,
1075 4054 1159 4110 tit.
1185 4053 1217 4109 8
1246 4055 1532 4124 praesentis
1561 4053 1743 4124 operis
1773 4053 2040 4109 insertum
2064 4061 2170 4120 est,

575 4144 725 4215 quod
757 4147 970 4212 statuit,
1006 4155 1068 4201 ut
1109 4161 1248 4217 papa
1277 4145 1562 4202 Romanus
1606 4146 1924 4202 facultatem
1977 4146 2178 4201 haheat

575 4237 885 4293 honorandi
931 4238 1293 4309 dignitatibus
1336 4239 1569 4296 clericos
1606 4240 1702 4310 qui
1726 4240 1830 4295 sub
1868 4240 1986 4310 ipso
2021 4249 2172 4304 sunt,

573 4327 837 4398 qualibus
873 4329 1175 4400 imperator
1196 4331 1300 4386 sub
1323 4346 1382 4387 se
1405 4331 1743 4387 constitutos
1778 4333 2014 4387 honorat
2047 4348 2061 4385 :
2096 4340 2175 4396 et,

573 4428 638 4476 ut
669 4431 856 4477 sancta
888 4424 1133 4496 synodus
1174 4433 1324 4479 esset
1380 4424 1563 4494 qualis
1616 4422 2048 4494 imperatoribus
2087 4437 2176 4479 se-

586 4521 755 4568 natus
783 4530 795 4566 :
831 4515 1133 4586 itidemque
1161 4515 1371 4586 legibus
1402 4515 1704 4571 similitera
1733 4516 1895 4571 nobis
1925 4516 2174 4582 insertis,

2285 3305 2523 3378 ζομένης
2565 3306 2706 3376 μετά
2733 3306 2833 3378 τὴν
2865 3308 3228 3379 χειροτονίαν,
3263 3309 3357 3362 καὶ
3387 3308 3644 3376 δουλικῆς
3675 3311 3873 3362 ἐναπο⁴

2285 3399 2502 3471 γράφου
2548 3397 2721 3471 τύχης
2786 3400 2914 3464 τοὺς
2967 3401 3305 3466 ἐπισκόπους
3355 3401 3676 3470 ἐλευθέρους
3710 3397 3872 3454 εἶναι.

2298 3491 2576 3557 Ὡσαύτως
2601 3495 2697 3547 καὶ
2739 3492 2847 3547 ἀπὸ
2882 3493 2986 3563 τῆς
3021 3492 3113 3548 πα⁹
3147 3496 3351 3567 νεαρᾶς
3379 3498 3478 3566 τῆς
3529 3495 3789 3566 κειμένης
3816 3497 3878 3546 ἐν

2289 3584 2481 3656 βιϐλίῳ
2511 3586 2619 3640 τῶν
2650 3584 2962 3640 Βασιλικῶν
3001 3585 3103 3651 λα’,
3140 3585 3246 3642 τίτ.
3281 3594 3346 3651 ε’,
3375 3604 3503 3656 κεφ.
3540 3585 3614 3652 α’,
3647 3589 3740 3640 καὶ
3769 3605 3880 3641 πα-

2291 3676 2738 3749 ρακελευομένης
2767 3680 2980 3742 πάντας
3001 3679 3127 3744 τοὺς
3153 3678 3227 3751 μὴ
3257 3677 3511 3743 τεθέντας
3537 3679 3690 3750 παρά
3722 3679 3882 3749 βασι-

2287 3769 2429 3823 λέων
2465 3768 2776 3841 ἀξιώμασιν
2827 3771 2860 3842 ἢ
2903 3771 3185 3840 όφφικίοις
3220 3772 3568 3842 άρχοντικοῖς
3599 3771 3880 3826 ἀπαλλάτ-

2287 3859 2479 3914 τεσθαι
2521 3861 2621 3932 τῆς
2674 3861 3158 3933 ύπεξουσιότητος,
3197 3863 3294 3917 καὶ
3342 3863 3470 3935 δίχα
3523 3863 3749 3936 γνώμης
3782 3867 3881 3918 τοῦ

2291 3953 2520 4024 πατρὸς,
2555 3948 2713 4007 εἶπόν
2739 3971 2886 4019 τινες
2910 3956 3005 4009 καὶ
3026 3955 3155 4019 τοὺς
3175 3955 3668 4027 ἐκκλησιαστικοὺς
3686 3956 3882 4027 ἄρχον-

2296 4061 2397 4109 τας
2430 4043 2549 4114 ἅμα
2582 4044 2660 4116 τῷ
2701 4046 3109 4117 σφραγισθῆναι
3129 4087 3143 4110 ,
3169 4045 3575 4118 ἀξιωματικοὺς
3603 4043 3743 4100 εἷναι
3789 4050 3885 4101 καὶ

2289 4139 2662 4211 ὀνομάζεσθαι
2713 4143 2808 4196 καὶ
2842 4142 3229 4208 αὐτεξουσίους
3283 4143 3557 4212 γίνεσθαι.
3590 4144 3884 4216 Χρώμενοι

2290 4233 2350 4286 δέ
2384 4236 2477 4300 καὶ
2506 4235 2584 4306 τῷ
2626 4236 2782 4308 παρὰ
2821 4237 2915 4291 τοῦ
2947 4237 3203 4309 ἀοιδίμου
3235 4236 3504 4308 βασιλέως
3555 4238 3651 4293 καὶ
3691 4240 3886 4291 taum-

2293 4327 2484 4380 στόλου
2506 4327 2667 4396 ἁγίου
2689 4330 3106 4383 Κωνσταντίνου
3131 4329 3458 4384 ἀπολυθέντι
3475 4332 3673 4401 νεαρᾶς
3694 4330 3886 4383 θεσπί-

2293 4437 2460 4492 σματι
2481 4421 2618 4493 πρὸς
2648 4423 2741 4476 τόν
2769 4439 2829 4475 τε
2869 4423 3056 4477 πάπαν
3089 4424 3312 4494 Ῥώμης
3350 4423 3506 4494 ἅγιον
3537 4423 3881 4495 Σίλὸεστρον,

2289 4512 2368 4584 τῷ
2395 4513 2491 4566 καὶ
2515 4515 2960 4582 καταστρωθέντι
2977 4514 3108 4588 παρ’
3129 4515 3289 4586 ἡμῶν
3318 4515 3517 4581 ἔξωθεν
3543 4515 3638 4569 τοῦ
3655 4514 3724 4583 α’,
3751 4533 3880 4586 κεφ.

576 4618 702 4674 quae
728 4612 998 4672 statuunt,
1043 4615 1104 4661 ut
1131 4605 1376 4663 Ecclesia
1425 4606 2040 4678 Constantinopolitana
2083 4622 2173 4663 ve-

2288 4603 2382 4658 τοῦ
2408 4602 2458 4674 η’
2498 4606 2605 4659 τίτ.
2640 4605 2735 4658 τοῦ
2775 4607 3047 4676 παρόντος
3088 4607 3493 4678 συντάγματος,
3522 4607 3618 4660 καὶ
3647 4607 3883 4677 διοριζο-

574 4696 712 4752 teris
751 4695 940 4754 Romae
991 4698 1275 4772 privilegia
1323 4701 1543 4756 habeat.
1585 4701 1691 4756 Alii
1735 4716 1866 4756 vero
1913 4699 2180 4775 [contra],

578 4790 690 4845 ﬁne
724 4792 954 4847 novella:
987 4792 1048 4848 8|
1103 4793 1209 4858 usi,
1267 4809 1389 4865 quae
1416 4795 1595 4865 posita
1644 4803 1731 4851 est
1775 4796 1830 4848 in
1886 4795 1972 4849 tit.
2026 4794 2184 4848 5lib.

582 4901 714 4942 xxxx
753 4895 916 4956 atque
971 4887 1088 4942 haec
1119 4888 1185 4942 ad
1225 4889 1454 4944 verbum
1490 4890 1622 4946 dicit
1658 4907 1672 4944 :
1701 4888 1887 4944 Palam
1919 4904 2049 4942 vero
2077 4897 2184 4954 est,

581 4982 859 5040 neminem
905 4985 1172 5041 exsistere
1202 4987 1296 5056 qui
1349 4987 1584 5059 ignoret,
1620 5003 1731 5056 prae
1780 4986 2041 5042 omnibus
2074 4985 2186 5039 uti-

582 5090 691 5145 que
722 5076 1158 5147 religiosissimis
1179 5079 1344 5132 etiam
1385 5078 1659 5149 episcopis
1683 5094 1790 5134 una
1816 5093 1944 5134 cum
1969 5078 2187 5132 ordina-

585 5168 739 5224 tione
781 5183 895 5224 suae
938 5170 1231 5240 potestatis
1273 5169 1365 5240 jus
1397 5172 1660 5226 accedere
1705 5171 1871 5243 (nam
1915 5169 2009 5240 qui
2062 5185 2186 5223 om-

586 5260 738 5316 nium
764 5262 1082 5334 spirituales
1109 5261 1300 5319 Patres
1334 5274 1484 5331 sunt,
1509 5265 1791 5336 quomodo
1828 5263 2190 5329 aliorquad-

585 5355 695 5411 huc
717 5355 974 5424 potestati
1006 5356 1209 5412 subditi
1245 5357 1436 5430 sint?),
1470 5372 1718 5414 asserere
1743 5356 1923 5412 conati
1944 5366 2094 5423 sunt,
2114 5371 2179 5411 ex

585 5447 701 5502 sola
733 5447 1034 5518 episcopali
1095 5448 1365 5518 dignitate
1401 5449 1692 5520 episcopos
1721 5464 1753 5504 a
1801 5447 1978 5519 patria
2018 5457 2171 5518 pote-

584 5549 726 5596 SIate
778 5540 982 5596 liberos
1019 5556 1142 5596 esse
1177 5560 1190 5595 :
1223 5556 1332 5596 non
1361 5557 1489 5597 vero
1543 5541 1710 5597 etiam
1775 5540 2185 5596 ecclesiasticos

587 5629 940 5700 magistratus
979 5644 1047 5684 ex
1093 5629 1465 5700 patriarchico
1512 5629 1694 5700 sigillo
1735 5629 1821 5683 sui
1862 5629 2006 5699 juris
2041 5629 2184 5682 lieri.

589 5722 721 5777 Nam
753 5722 1024 5794 profecto,
1060 5725 1339 5794 inquiunt,
1369 5727 1474 5781 hoc
1488 5725 1656 5780 etiam
1687 5721 1914 5779 novellae
1938 5724 2186 5778 additum

591 5827 759 5873 esset.
799 5816 998 5872 Verum
1058 5818 1194 5873 tnihi
1229 5817 1450 5874 videtur
1500 5819 1605 5873 hos
1655 5833 1763 5873 non
1804 5828 1950 5873 recte
1981 5816 2186 5874 dicere.

602 5908 720 5967 Non
753 5909 900 5967 enim
947 5911 1241 5991 novellum
1278 5912 1453 5972 sancti
1494 5909 1845 5972 Constantini
1877 5910 2184 5983 oraculum,

2293 4697 2445 4768 μένῳ
2472 4697 2618 4769 ἔχειν
2650 4697 2736 4751 ἐπ’
2767 4699 2954 4761 ἁδείας
2983 4699 3075 4751 τὸν
3122 4698 3315 4753 πάπαν
3357 4697 3579 4771 Ῥώμης
3605 4699 3884 4770 ἀξιώμασι

2286 4791 2455 4861 τιμᾷν
2484 4791 2613 4854 τοὺς
2637 4790 2728 4843 ὑπ’
2765 4791 2932 4845 αὐτὸν
2960 4791 3286 4862 κληρικοὺς,
3322 4791 3528 4855 ὁποίοις
3560 4794 3652 4845 καὶ
3676 4793 3704 4844 ὁ
3736 4793 3887 4864 βασι-

2288 4881 2418 4946 λεὺς
2447 4883 2584 4954 τιμᾷ
2606 4883 2732 4947 τοὺς
2763 4883 2856 4936 ὑπ’
2892 4882 3078 4950 αὐτὸν,
3113 4885 3209 4937 καὶ
3235 4882 3376 4938 εἶναι
3405 4884 3506 4956 τὴν
3559 4884 3710 4954 ἱερὰν
3755 4884 3884 4936 σύν-

2302 4975 2423 5030 οδον
2451 4976 2573 5030 οἵαν
2613 4976 2710 5030 καὶ
2742 4976 2838 5049 τὴν
2893 4977 3184 5050 βασιλικὴν
3231 4978 3560 5050 σύγκλητον.
3605 4978 3886 5043 Ὡσαύτως

2291 5068 2388 5121 καὶ
2438 5071 2551 5133 τοῖς
2595 5068 2783 5140 νόμοις
2834 5071 2950 5133 τοῖς
3012 5069 3456 5143 καταστρωθεῖσι
3512 5068 3646 5142 παρ’
3701 5069 3883 5140 ἡμῶν,

2289 5161 2492 5231 ὁμοίως
2519 5163 2614 5216 καὶ
2658 5162 3061 5234 διοριζομένοις
3090 5162 3238 5234 ἔχειν
3286 5163 3387 5233 τὴν
3430 5163 3758 5233 Ἐκκλησίαν
3789 5162 3884 5231 τῆς

2292 5256 2928 5320 Κωνσταντινουπόλεως
2958 5255 3025 5309 τά
3053 5254 3326 5327 προνόμια
3349 5255 3449 5326 τῆς
3480 5254 3718 5318 παλαιᾶς
3759 5254 3888 5307 Ῥώ-

2297 5364 2427 5419 μης.
2463 5347 2684 5419 ’Έτεροι
2718 5347 2776 5402 δέ
2806 5337 2885 5418 τῷ
2911 5347 3055 5400 τέλει
3090 5347 3190 5418 τῆς
3235 5345 3329 5400 πα’
3375 5348 3579 5417 νεαρᾶς
3607 5345 3885 5420 χρησάμε-

2291 5456 2373 5494 νοι
2407 5440 2508 5510 τῆς
2559 5438 2823 5510 κειμένης
2865 5440 2923 5493 ἐν
2956 5438 3036 5510 τῷ
3067 5436 3108 5492 ε’
3145 5438 3341 5510 βιϐλίῳ
3371 5437 3465 5492 τοῦ
3514 5435 3593 5490 λα’
3629 5437 3760 5499 τίτ.,
3793 5437 3885 5489 καὶ

2294 5532 2566 5602 λεγούσης
2595 5533 2771 5587 ταῦτα
2798 5531 3017 5607 ¹ῥητῶς,
3060 5532 3339 5604 Πρόδηλον
3381 5532 3446 5590 ,δὲ
3477 5529 3554 5593 ὡς
3587 5529 3688 5583 οὐκ
3738 5527 3882 5581 ἐστιν

2294 5625 2352 5688 ὃς
2373 5627 2578 5694 ἀγνοεῖ,
2605 5625 2746 5698 πρός
2788 5644 2854 5696 γε
2887 5626 3146 5680 ἁπάντων
3175 5626 3290 5689 τοῖς
3327 5624 3643 5685 όσιωτάτοις
3673 5620 3884 5675 ἐπισκό-

2296 5737 2422 5782 ποις
2479 5718 2598 5789 όιμα
2650 5722 2718 5792 τῇ
2767 5719 3076 5791 χειροτονίᾳ.
3132 5718 3228 5771 καὶ
3273 5717 3374 5785 τὴν
3426 5714 3879 5783 αύτεξουσιότητα

2296 5811 2712 5885 προσγίνεσθαι.
2758 5815 2820 5867 Οἱ
2874 5811 2985 5882 γὰρ
3027 5811 3246 5867 πάντων
3308 5811 3461 5871 ὄντες
3518 5805 3875 5877 πνευματικοὶ

2296 5905 2562 5979 Πατέρες,
2585 5904 2718 5978 πῶς,
2745 5906 2811 5962 ἂν
2847 5905 2953 5960 ὑπὸ
2972 5905 3070 5978 τὴν
3117 5905 3320 5978 ἐτέρων
3361 5900 3609 5969 ἐξουσίαν
3644 5899 3873 5965 τελοῖεν;
