4146 6446
579 313 715 378 1027
1719 312 1984 377 ΡΗΟΤῙΙ
2017 312 2214 375 PATR

2221 311 2528 375 IARCH/E
2566 312 2680 377 CP.
3735 308 3858 379 1023

1945 642 2360 731 ΤΙΤΛΟΣ
2453 644 2560 764 BG

585 880 748 934 ΠΕΡΙ
795 879 1140 935 ΠΟΙΗΣΕΩΣ
1178 875 1612 941 ΕΚΚΑΗΣΙΩΝ,
1652 873 1772 928 ΚΑΙ
1810 875 1972 928 ΠΕΡΙ
2025 872 2232 927 ΙΕΡΩΝ
2274 872 2579 937 ΣΚΕΥΩΝ,
2628 871 2750 926 ΚΑΙ
2795 867 3303 942 ΑΝΑΘΕΜΑΤΩΝ,
3345 865 3469 927 ΚΑΙ
3517 873 3861 932 ΚΛΗΡΙΚΩΝ

1283 949 1473 1002 ΠΑΡΑ
1515 949 1554 1001 Γ
1559 947 1812 1002 ΝΩΜΗΝ
1847 943 2253 1000 ΕΗΙΣΚΟΠΩΝ
2297 943 2641 998 ΙΣῚὩΝΤΩΝ
2691 943 3209 1015 ΘΥΣιΑΣΤΗΡιΑη

1660 1294 2132 1377 TITULUS
2213 1295 2783 1376 SECUNDUS.

579 1507 688 1567 DE
730 1503 1288 1568 EXSTRUENDIS
1343 1503 1771 1566 ECCI.ESIIS.
1818 1503 1927 1563 DE
1985 1503 2265 1564 SACRIS
2308 1503 2574 1575 YASIS,
2631 1501 2904 1576 ATQUE
2948 1499 3347 1571 DONARIIS,
3393 1499 3494 1559 ET
3550 1499 3657 1562 DE
3697 1500 3859 1565 CLE-

861 1586 1072 1647 RlCIS
1115 1583 1354 1663 Cl'l'liA
1401 1584 1964 1645 VOLUN'I‘ATEM
2016 1583 2587 1645 EPISCOPORUM
2638 1582 2998 1642 ALTABIA
3037 1579 3600 1643 ERIGENTIBUS.

649 1767 883 1825 CAPUT
931 1768 1229 1826 PRIMUM.
1251 1799 1323 1810 —-
1351 1768 1428 1824 De
1460 1768 1794 1823 exstruendis
1825 1768 2059 1824 ecclesiis
2081 1809 2096 1837 ,
2127 1777 2178 1823 et
2206 1777 2250 1835 Α

2228 1777 2250 1835 ι
2355 1767 2752 1822 ΚΕΦΑΛΑΙΟΝ
2775 1764 3052 1821 ΠΡΩΤΟΝ
3059 1807 3073 1822 .
3106 1798 3176 1809 -
3191 1766 3327 1836 Περὶ
3352 1766 3652 1835 ποιήσεως
3673 1767 3865 1838 ἐκκλη-

581 1862 918 1918 dedicatione
948 1866 1333 1935 martyriorum
1363 1863 1542 1917 nultas
1583 1874 1891 1918 sanctorum
1929 1862 2186 1935 reliquias

2293 1858 2465 1927 σιῶν,
2487 1859 2584 1914 καὶ
2611 1859 2745 1928 περὶ
2763 1859 3164 1928 καθιερώσεως
3188 1857 3536 1928 ἐκκλησιῶν
3557 1860 3656 1916 καὶ
3668 1877 3865 1932 μαρτυ-

581 1955 912 2012 habentium.

2283 1955 2433 2022 ρίων
2449 1952 2536 2024 μὴ
2561 1953 2828 2022 ἐχόντων
2863 1953 3131 2022 λείψανα
3158 1951 3360 2022 ἁγίων.

661 2065 875 2121 Conciti
932 2063 1394 2136 Carthaginensis
1447 2079 1626 2120 canon
1677 2061 1743 2132 6,
1799 2063 1897 2130 85;
1966 2064 2188 2120 concilii

2366 2063 2595 2119 Συνόδου
2633 2064 2999 2136 Καρθαγένης
3042 2061 3225 2118 κανὼν
3253 2060 3330 2132 ς’,
3371 2060 3484 2135 πγ”
3518 2065 3734 2121 συνόδου
3782 2065 3863 2120 Νι-

584 2161 788 2218 Nicaeni
824 2159 1051 2214 secundi
1083 2173 1264 2213 canon
1297 2157 1467 2224 7,17.

1437 2159 1467 2212 ί.
2293 2159 2458 2222 καίας
2485 2158 2548 2211 τὸ
2573 2155 2642 2228 β’,
2678 2155 2865 2211 κανὼν
2894 2154 2960 2222 ζ’,
2988 2153 3074 2221 ιζ’.

657 2255 879 2311 Textus.
926 2252 984 2308 ln
1021 2268 1144 2323 cap.
1169 2252 1259 2321 14,
1298 2253 1384 2308 tit.
1426 2253 1480 2316 5,
1514 2251 1802 2322 praesentis
1837 2252 2189 2322 operis,etc.,

2366 2250 2678 2318 Κείμενον.
2725 2248 2816 2301 Ἐν
2865 2247 2946 2318 τῷ
2997 2247 3040 2300 δ’
3093 2247 3380 2321 κεφαλαίῳ
3418 2247 3515 2303 τοῦ
3547 2247 3596 2318 γ’
3645 2248 3746 2304 τίτ.
3785 2247 3862 2302 τοῦ

584 2364 748 2420 usque
781 2345 851 2401 ad
878 2345 1239 2416 magistratus
1268 2360 1468 2417 cogere
1519 2342 1788 2417 [debere],
1825 2354 1883 2398 ut
1915 2361 2038 2416 pag.
2067 2346 2195 2402 665-

2293 2343 2565 2415 παρόντος
2589 2342 2990 2410 συντάγματος,
3011 2357 3065 2394 κ.
3090 2356 3140 2393 τ.
3159 2339 3237 2408 λ.,
3265 2357 3441 2412 usque
3458 2341 3528 2396 ad
3549 2339 3860 2411 ἀναγκάζου-

2297 2455 2350 2491 σι
2383 2435 2561 2490 ταῦτα
2594 2434 2958 2508 πληροῦσθαι.

659 2531 956 2588 Scholium.
985 2530 1178 2587 Const.
1211 2530 1278 2585 15
1303 2570 1317 2596 ,
1345 2530 1432 2585 tit.
1458 2529 1512 2595 2,
1539 2530 1637 2586 lib.
1671 2545 1712 2598 ι,
1743 2531 1868 2587 cod.
1888 2531 2065 2602 posita
2109 2544 2196 2592 est

2367 2529 2648 2599 Σχόλιον.
2719 2527 2782 2582 Ἦ
2817 2524 2878 2580 ιε’
2922 2525 3168 2593 διάταξις
3209 2524 3302 2580 τοῦ
3359 2523 3402 2596 β’
3429 2527 3538 2581 τίτ.
3593 2525 3686 2580 τοῦ
3711 2523 3754 2581 α’
3801 2524 3863 2596 βι-

585 2629 639 2680 in
671 2627 767 2681 lib.
799 2641 832 2679 ν
862 2624 1028 2681 Basil.
1060 2625 1144 2680 tit.
1181 2625 1232 2680 1.
1272 2640 1396 2695 cap.
1436 2625 1467 2678 7
1493 2663 1508 2690 ,
1551 2625 1618 2680 ad
1651 2640 1778 2680 eum
1828 2627 2052 2681 modum
2096 2627 2197 2682 ha-

2297 2624 2451 2678 6λίου
2483 2623 2578 2678 τοῦ
2615 2621 2870 2686 κώδικος,
2911 2619 3075 2690 ἐτέθη
3111 2623 3170 2674 ὲν
3231 2619 3425 2690 βιϐλίῳ
3452 2619 3494 2674 ε’
3528 2621 3639 2675 τῶν
3678 2619 3862 2675 Βασιλι-

588 2722 744 2783 bons,
779 2726 840 2773 ut
869 2719 922 2772 in
951 2727 1105 2773 textu
1137 2718 1532 2788 compendiose
1565 2720 1848 2790 proposita
1873 2729 1977 2775 est.
2017 2717 2194 2790 Legas

2298 2719 2419 2772 κῶκ
2461 2718 2570 2771 τίτ.
2623 2713 2695 2781 α’,
2733 2714 3018 2786 κεφαλαίῳ
3050 2712 3118 2779 ζ’,
3153 2713 3328 2780 οὕτως
3378 2714 3604 2786 ἔχουσα,
3640 2715 3712 2779 ὡς
3738 2712 3862 2774 ἐντὸς

589 2829 717 2867 vero
746 2811 780 2866 9
823 2827 946 2882 cap.
995 2811 1081 2865 tit.
1117 2811 1172 2877 5,
1225 2811 1320 2865 lib.
1369 2827 1398 2865 ν
1433 2810 1598 2867 Basil.
1640 2811 1790 2882 quod
1840 2821 1927 2867 est
1981 2813 2197 2866 novella

2302 2808 2640 2880 συνωψίσθη.
2691 2809 2755 2862 Ἢ
2800 2806 2883 2878 με’
2927 2807 3171 2873 διάταξις
3209 2806 3306 2861 τοῦ
3354 2813 3403 2876 γ’
3460 2807 3644 2861 τίτλου
3698 2806 3784 2860 τοῦ
3825 2801 3861 2858 α’

586 2905 887 2961 Justiniani
923 2903 1049 2968 151,
1079 2903 1386 2974 eademque
1429 2901 1546 2959 fere
1576 2906 1805 2971 statuit,
1848 2919 1914 2959 ac
1951 2905 2198 2975 proxime

2304 2904 2515 2975 βιϐλίου
2545 2903 2640 2956 τοῦ
2671 2901 2926 2967 κώδικος,
2967 2902 3070 2955 οὐκ
3100 2900 3264 2970 ἐτέθη
3285 2901 3366 2965 εἰς
3389 2900 3459 2955 τὰ
3491 2900 3766 2965 Βασιλικὰ,
3788 2897 3864 2952 καὶ

591 2999 846 3068 sequenti
893 2995 1111 3051 scholio
1145 2995 1416 3050 insertum
1465 3003 1571 3050 est.
1623 2995 1816 3051 Const.
1866 2995 1959 3061 45,
2013 2996 2098 3052 tit.
2139 2996 2196 3062 5,

2306 2997 2445 3069 μηδὲ
2481 2997 2546 3050 σὺ
2590 2997 2766 3067 ταύτῃ
2821 2998 3091 3068 πρόσχῃς,
3129 2993 3404 3062 ἀνάγνωθι
3433 2993 3491 3048 δὲ
3539 2995 3602 3048 τὸ
3644 2991 3684 3045 θ’
3720 2990 3861 3062 κεφά-

597 3092 692 3144 lib.
724 3107 740 3142 ι
767 3088 892 3142 cod.
929 3089 982 3142 in
1016 3085 1186 3141 Basil.
1233 3103 1344 3143 non
1377 3093 1462 3142 est
1505 3087 1710 3157 posita,
1764 3103 1942 3157 neque
1980 3102 2110 3142 vero
2140 3097 2194 3141 tu
2231 3150 2234 3158 ε

2231 3149 2266 3158 λ
2307 3092 2483 3158 λαιον,
2515 3089 2610 3144 τοῦ
2642 3087 2691 3158 γ’
2722 3087 2828 3144 τίτ.
2861 3087 2956 3142 τοῦ
3013 3086 3054 3140 ε’
3085 3087 3294 3158 βιϐλίου
3326 3089 3437 3142 τῶν
3469 3086 3764 3142 Βασιλικῶν
3792 3084 3865 3156 μέ-

602 3181 678 3234 illi
709 3181 1001 3234 iuhaarcas.
1037 3179 1225 3234 Mense
1254 3191 1440 3234 autem
1471 3178 1674 3235 Martio
1707 3181 1902 3235 indict.
1929 3180 2018 3247 Η,
2052 3179 2193 3234 facta
2231 3149 2239 3206 1

2231 3149 2272 3208 Β
2309 3203 2400 3258 ρος
2420 3149 2481 3238 ὃν
2530 3184 2631 3254 τῆς
2654 3149 2780 3254 ’ρλα’
2816 3149 3249 3237 Ἰουστινιάνείου
3282 3183 3484 3254 νεαρᾶς
3513 3182 3586 3236 τὰ
3617 3180 3748 3234 αὐτὰ
3770 3195 3867 3248 σχε-

592 3281 680 3326 ost
706 3267 1009 3342 [quaedam]
1046 3269 1258 3324 novella
1290 3270 1470 3324 sancti
1494 3270 1676 3324 nostri
1717 3269 2070 3340 imperatoris
2093 3269 2196 3323 do-

2307 3280 2398 3333 δὸν
2423 3276 2750 3350 νομοθετοῦν
2783 3277 2877 3331 καὶ
2907 3276 3300 3346 καταστρωθὲν
3347 3278 3428 3340 είς
3453 3276 3516 3329 τὸ
3551 3277 3700 3330 ἐπιὸν
3720 3290 3863 3327 κατα-

607 3365 741 3419 mini
769 3363 1039 3417 Manuelis
1065 3363 1359 3430 Comneni,
1393 3377 1517 3433 quae
1563 3363 1762 3432 partim
1799 3363 1915 3416 hac
1962 3362 2194 3417 statuit:

2309 3372 2498 3427 ϐατόν.
2540 3371 2700 3425 Κατὰ
2746 3371 2838 3424 τὸν
2882 3370 3132 3442 Μάρτιον
3160 3371 3306 3442 μῆνα
3351 3369 3450 3441 τῆς
3493 3367 3556 3422 ιδ’
3594 3366 3867 3424 ίνδικτιόνος

599 3457 738 3512 (lum
768 3455 856 3510 his
885 3455 992 3509 hoc
1021 3454 1212 3519 etiam,
1246 3455 1314 3510 iis
1337 3471 1460 3524 quae
1492 3466 1620 3509 ante
1649 3456 1856 3526 scripta
1889 3466 2040 3519 sunt,
2069 3470 2198 3510 san-

2309 3465 2505 3535 γὲγονε
2535 3463 2708 3537 νεαρὰ
2740 3464 2835 3518 τοῦ
2861 3463 3021 3533 ἁγίου
3051 3464 3214 3536 ἡμῶν
3253 3463 3661 3534 αὐτοκράτορος
3705 3457 3866 3526 κυρίου

596 3549 794 3605 ιίθιιιιο
850 3549 1263 3618 coniungimus.
1318 3549 1471 3604 Multi
1526 3550 1782 3606 homines
1827 3550 1880 3604 in
1933 3549 2200 3605 extremis

2313 3556 2576 3629 Μανουὴλ
2605 3557 2700 3610 τοῦ
2728 3557 3019 3627 Κομνηνοῦ
3051 3558 3109 3610 ὲν
3135 3557 3296 3628 μέρει
3323 3556 3450 3610 τάδε
3476 3553 3759 3622 διεξιοῦσα·
3787 3549 3867 3602 Σὺν

603 3641 724 3696 suis
767 3642 1235 3712 dispositionibus
1258 3651 1650 3712 procuratores
1686 3645 1802 3697 sive
1847 3653 2204 3698 exsecutores

2313 3651 2528 3714 τούτοις
2583 3650 2679 3704 καὶ
2734 3648 2894 3703 τοῦτο
2951 3648 3308 3713 θεσπίζοντες
3365 3650 3480 3712 τοῖς
3537 3641 3867 3719 προγραφείσι

599 3743 795 3782 eorum
850 3743 976 3799 quae
1062 3734 1527 3801 praescripserunt
1612 3732 1971 3802 relinquunt,
2027 3735 2204 3804 iisque

2318 3741 2714 3813 προστίθεμεν
2748 3740 2943 3794 Πολλοὶ
2985 3739 3094 3795 τῶν
3138 3738 3443 3811 ἀνθρώπων
3487 3741 3548 3794 ἐν
3590 3739 3696 3800 τοῖς
3723 3738 3870 3788 ἐπιτε-

603 3822 854 3887 Christo,
889 3823 1038 3877 dulci
1075 3824 1182 3878 isto
1211 3840 1275 3879 ac
1302 3825 1510 3880 mundo
1548 3826 1778 3883 salutari
1805 3827 2049 3896 nomine,
2086 3829 2200 3882 hie—

2314 3832 2550 3898 λευτίοις
2578 3833 2761 3888 αὐτῶν
2781 3834 3176 3905 διατάγμασιν,
3207 3833 3548 3904 ἐπιτρόπους
3571 3833 3730 3905 ῆγουν
3757 3827 3865 3879 διοι-

611 3917 741 3971 rede
779 3918 1009 3987 scripto,
1037 3934 1222 3973 rerum
1258 3935 1486 3976 suarum
1529 3921 1999 3992 dispensationem
2037 3935 2207 3992 atque

2319 3927 2517 3999 κητὰς,
2543 3927 2654 3981 τῶν
2703 3911 2837 3998 παρ’
2872 3926 3057 3980 αὐτῶν
3117 3925 3499 3998 διορισθέντων
3557 3916 3869 3991 καταλιμπά-

607 4008 1153 4067 administrationem
1205 4012 1525 4082 injuugunt.
1560 4012 1678 4070 lloc
1725 4025 1908 4070 autem
1949 4016 2207 4072 videntur

2317 4037 2492 4084 νουσι,
2545 4021 2640 4074 καὶ
2685 4019 2901 4083 τούτοις
2935 4019 3256 4074 ἀνατιθέασι
3288 4019 3388 4091 τὴν
3419 4019 3530 4072 τῶν
3571 4013 3868 4090 πραγμάτων

618 4107 824 4168 tacere,
877 4119 1002 4180 cum
1061 4106 1401 4177 pauperibus
1459 4107 1801 4164 substantias
1856 4123 1988 4165 suas
2035 4110 2206 4165 dividi

2323 4114 2505 4168 αὐτῶν
2540 4115 2859 4183 οἰκονομίαν
2877 4131 2936 4167 τε
2957 4113 3054 4167 καὶ
3082 4113 3372 4185 διοίκησιν,
3403 4112 3494 4165 τὸν
3522 4109 3746 4184 Χριστὸν
3769 4103 3872 4172 κλη-

619 4191 975 4262 praacipiunt.
1025 4192 1163 4248 Cum
1217 4196 1364 4248 enim
1419 4196 1740 4251 mendicans
1790 4198 2012 4267 accipit,
2062 4207 2210 4253 astat

2325 4207 2557 4280 ρονόμον
2579 4208 2909 4280 γράφοντες,
2943 4207 3004 4260 τὸ
3036 4206 3211 4275 γλυκὺ
3235 4205 3394 4259 τοῦτο
3418 4208 3513 4260 καὶ
3547 4198 3871 4274 κοσμοτήριον

600 4283 878 4349 Christus,
915 4300 979 4340 ac
1012 4301 1119 4340 una
1161 4302 1285 4342 cum
1325 4287 1418 4342 illo
1461 4285 1694 4360 [dantis]
1722 4304 1946 4342 manum
1983 4297 2204 4345 vacuat.

2321 4301 2514 4372 ὃνομα.
2575 4301 2750 4355 Τοῦτο
2795 4301 2852 4355 δὲ
2907 4300 3128 4355 δοκοῦσι
3162 4302 3340 4354 ποιεῖν
3371 4299 3438 4353 δι’
3467 4293 3544 4354 ὧν
3574 4301 3682 4360 τοῖς
3708 4293 3871 4359 πένησι

603 4375 881 4440 Quatenus
922 4393 1172 4449 namque,
1222 4378 1422 4449 inquit,
1484 4377 1646 4452 [ipse]
1698 4383 1789 4434 uni
1851 4397 1917 4435 ex
1966 4383 2203 4437 minimis

2320 4396 2422 4461 τὰς
2459 4394 2784 4468 περιουσίας
2817 4395 2999 4449 αὐτῶν
3024 4393 3506 4466 καταμερισθῆναι
3545 4387 3871 4463 προστάττου-

600 4473 741 4524 lusce
777 4469 1040 4540 fratribus
1077 4471 1302 4541 fecistis,
1340 4472 1469 4526 mihi
1500 4473 1701 4543 fecistis
1738 4475 1780 4528 ².
1813 4472 2078 4531 Jubemns
2102 4477 2207 4548 igi-

2240 4535 2280 4561 n
2325 4505 2401 4553 σι,
2440 4489 2535 4542 τοῦ
2560 4490 2668 4561 γὰρ
2699 4487 2979 4552 αἰτοῦντος
3002 4488 3376 4560 λαμϐάνοντος
3401 4488 3655 4541 ἵσταταιὸ
3678 4473 3871 4552 Χριστὸς

615 4572 730 4630 tur,
757 4574 820 4619 ut
857 4567 1082 4632 quando
1112 4567 1430 4635 hujusmodi
1485 4568 1880 4637 procuratorize
1922 4535 2252 4640 dispelisa-‘

2239 4535 2282 4591 Ο
2322 4535 2722 4649 συνκοιλάίνῖυν
2753 4581 2928 4649 τούτῳ
2950 4535 3050 4653 τὴν
3070 4535 3250 4654 ἱεῖρα.
3269 4535 3528 4650 Ἐςέόσον
3548 4579 3672 4649 γὰρ,
3718 4535 3867 4642 θησίνι

609 4660 810 4723 tiones,
859 4669 914 4713 et
964 4659 1018 4713 in
1073 4661 1193 4731 pias
1238 4676 1439 4718 causas
1474 4663 1919 4730 distributiones,
1967 4679 2088 4735 qua:
2139 4664 2210 4720 ad

2317 4674 2410 4728 ὲνι
2444 4675 2674 4728 τούτων
2711 4673 2833 4729 τῶν
2877 4675 3225 4743 ἐλαχίστων
3252 4671 3538 4742 ἀδελφῶν
3567 4666 3868 4732 ἐποιήσατε,

611 4749 808 4804 auium
833 4762 1043 4806 rectum
1070 4753 1325 4822 ductum,
1351 4770 1418 4810 ac
1443 4757 1799 4827 pupillorum,
1823 4773 2017 4813 senum
2043 4767 2210 4829 atque

2319 4766 2449 4839 ἐμοὶ
2477 4767 2829 4832 ἐποιήσατε.
2873 4765 3379 4841 Παρακελευόμεθα
3401 4762 3495 4820 οῦν
3521 4766 3645 4819 ὅταν
3674 4762 3861 4825 ἐπιτρο-

615 4855 916 4910 pauperum
953 4844 1365 4914 educationem,
1396 4857 1452 4902 et
1482 4849 1905 4918 exhibitionetu,
1949 4851 2204 4920 tendunt,

2318 4861 2480 4915 rttxal.
2499 4861 2751 4916 τοιαῦται
2767 4861 3064 4935 διοικήσεις
3092 4861 3435 4931 πρόκεινται,
3456 4859 3550 4913 καὶ
3576 4860 3653 4920 εἰς
3668 4846 3869 4935 εὐσεϐεῖς

616 4943 1004 5002 proponuntur
1059 4953 1073 4989 :
1132 4935 1190 4990 in
1269 4937 1355 4991 his
1418 4938 1759 5009 judiciorum
1833 4942 2211 5012 prolationes,
2321 4955 2502 5018 αἰτίας
2547 4954 2822 5025 διανομαὶ,
2853 4933 2949 5009 καὶ
2975 4953 3112 5026 πρὸς
3139 4953 3382 5025 ψυχικὰς
3430 4949 3750 5022 οἰκονομίας,
3799 4933 3872 5026 καί

619 5034 788 5096 atque
805 5027 898 5096 qui
926 5027 1051 5082 hinc
1076 5029 1352 5086 exsistunt
1371 5034 1568 5090 inanes
1592 5044 1900 5106 temporum
1919 5036 2212 5104 decursus,

2321 5044 2579 5118 ὀρεξανῶν
2609 5045 2898 5116 ἀφηλίκων
2947 5024 3033 5099 τεὴ
3060 5024 3162 5098 καὶ
3205 5024 3457 5115 πενήτων
3501 5036 3775 5111 ἀναγωγάς
3796 5024 3870 5081 καὶ

605 5119 799 5173 locum
837 5134 949 5174 non
985 5120 1247 5179 habeant.
1283 5123 1570 5198 (lontingit
1621 5130 1751 5183 hinc
1781 5130 1952 5198 enim,
2005 5146 2066 5186 ut
2112 5131 2214 5187 dc-

2319 5137 2440 5192 διατ
2453 5137 2630 5208 ροφὰς
2673 5137 2921 5203 τείνωσι,
2955 5138 3030 5208 μὴ
3065 5135 3253 5208 χώραν
3276 5136 3422 5208 ἔχειν
3451 5139 3509 5190 ἐν
3541 5133 3748 5191 ταύταις
3769 5120 3868 5179 τοὺς

621 5213 939 5268 functorum
975 5216 1176 5271 anima:
1210 5219 1474 5275 damnum
1508 5222 1767 5291 subeant,
1801 5232 1856 5280 et
1896 5227 2212 5283 communis

2317 5231 2430 5285 τῶν
2463 5232 2840 5304 δικαστηρίων
2867 5231 3344 5301 ὑπερϐιϐασμοὺς,
3389 5231 3485 5284 καὶ
3528 5228 3626 5292 τὰς
3657 5214 3866 5304 ἐντεῦθέν

617 5305 866 5360 omnium
904 5307 1035 5362 boni
1072 5309 1440 5388 utilitatisque
1479 5328 1651 5369 causa
1696 5317 1824 5371 latae
1875 5317 2021 5389 leges
2064 5333 2218 5373 com-

2318 5302 2801 5397 Χρονοτριδήάέις·
2857 5323 3157 5395 Συμϐαίνει
3208 5323 3321 5398 γὰρ
3358 5320 3606 5378 ἐντεῦθεν
3653 5315 3741 5378 τὰς
3782 5302 3867 5360 τῶν

624 5409 909 5456 mutentur
945 5401 998 5456 in
1027 5406 1392 5462 contrarium.
1424 5407 1566 5465 Tum
1595 5425 1774 5482 neque
1805 5411 2017 5484 justum
2048 5412 2214 5487 [esse]

2319 5415 2704 5470 τελευτώντων
2731 5417 3068 5489 ζημιοῦσθαι
3107 5417 3312 5491 ψυχὰς,
3334 5419 3431 5473 καὶ⁹
3453 5419 3581 5482 τοὺς
3609 5414 3687 5469 ἐπ’
3711 5399 3864 5476 ἀγαθῷ

625 5496 978 5564 imperatoria
1013 5513 1135 5553 mea
1164 5499 1687 5574 majestasjudicat,
1727 5515 1784 5560 ut
1818 5507 1915 5578 qui
1966 5508 2107 5564 ordo
2159 5509 2216 5564 in

2323 5509 2420 5564 καὶ
2463 5512 2622 5582 κοινῇ
2672 5509 2984 5582 λυσιτελείᾳ
3037 5509 3131 5564 τοῦ
3176 5512 3381 5576 παντὶ-ς
3426 5510 3677 5568 τεθέντας
3706 5499 3865 5571 νόμους

621 5589 1097 5658 reliquisjudiciis
1135 5593 1368 5661 obtinet,
1421 5595 1518 5670 [is]
1567 5599 1738 5655 etiam
1790 5601 1845 5656 in
1899 5601 2217 5660 istiusmodi

2322 5606 2403 5670 είς
2445 5604 2764 5659 τούναντίον
2792 5605 3202 5677 περιίστασθαι.
3237 5605 3314 5660 Οὐ
3358 5604 3468 5678 γὰρ
3503 5603 3698 5658 δίκαιον
3723 5589 3864 5664 κρίνει

621 5682 882 5751 usurpari
919 5681 1162 5759 [debeat]
1193 5705 1208 5742 :
1243 5689 1339 5745 sed
1369 5700 1428 5747 ut
1465 5692 1656 5749 talium
1696 5695 2006 5767 specierum
2039 5696 2218 5755 ambi-

2319 5699 2355 5771 ἡ
2413 5697 2666 5770 βασιλεία
2703 5716 2806 5772 μου
2862 5698 2962 5771 τὴν
3002 5697 3100 5753 ἐπὶ
3133 5699 3246 5764 τοῖς
3297 5697 3508 5765 λοιποῖς
3550 5682 3866 5761 δικαστηρίοιὶ

704 5836 725 5864 ³
756 5837 948 5891 Matth.
979 5856 1108 5913 xxv,
1138 5845 1230 5908 40.
