  <div class='ocr_page' id='page_1' title='image "/cluster/home/n/w/nwhite01/storage/ocr_20150623/104:no.4/coo.31924054870088/524.png"; bbox 0 0 4146 6458; ppageno 0'>
   <div class='ocr_carea' id='block_1_1' title="bbox 303 376 442 442">
    <p class='ocr_par' dir='ltr' id='par_1_1' title="bbox 303 376 442 442">
     <span class='ocr_line' id='line_1_1' title="bbox 303 376 442 442; baseline 0 -2"><span class='ocrx_word' id='word_1_1' title='bbox 303 376 442 442; x_wconf 67' lang='lat'><strong>1629</strong></span> 
     </span>
    </p>
   </div>
   <div class='ocr_carea' id='block_1_2' title="bbox 1301 368 2518 444">
    <p class='ocr_par' dir='ltr' id='par_1_2' title="bbox 1301 368 2518 444">
     <span class='ocr_line' id='line_1_2' title="bbox 1301 368 2518 444; baseline 0.001 -12"><span class='ocrx_word' id='word_1_2' title='bbox 1301 368 1794 432; x_wconf 82' lang='lat' dir='ltr'><strong>NOMOCANON-</strong></span> <span class='ocrx_word' id='word_1_3' title='bbox 1838 393 1909 405; x_wconf 89' lang='grc'><strong><em>-</em></strong></span> <span class='ocrx_word' id='word_1_4' title='bbox 1947 368 2097 429; x_wconf 82' lang='lat' dir='ltr'><strong>TIT.</strong></span> <span class='ocrx_word' id='word_1_5' title='bbox 2139 369 2224 444; x_wconf 81' lang='lat' dir='ltr'><strong>Il,</strong></span> <span class='ocrx_word' id='word_1_6' title='bbox 2267 371 2424 432; x_wconf 83' lang='lat' dir='ltr'><strong>CAP.</strong></span> <span class='ocrx_word' id='word_1_7' title='bbox 2467 372 2518 433; x_wconf 92' lang='grc' dir='ltr'><strong>Ι.</strong></span> 
     </span>
    </p>
   </div>
   <div class='ocr_carea' id='block_1_3' title="bbox 3473 373 3610 439">
    <p class='ocr_par' dir='ltr' id='par_1_3' title="bbox 3473 373 3610 439">
     <span class='ocr_line' id='line_1_3' title="bbox 3473 373 3610 439; baseline -0.022 0"><span class='ocrx_word' id='word_1_8' title='bbox 3473 373 3610 439; x_wconf 88' lang='grc'><strong>1030</strong></span> 
     </span>
    </p>
   </div>
   <div class='ocr_carea' id='block_1_4' title="bbox 307 479 1922 561">
    <p class='ocr_par' dir='ltr' id='par_1_4' title="bbox 307 480 1908 561">
     <span class='ocr_line' id='line_1_4' title="bbox 307 480 1908 561; baseline -0.006 -18"><span class='ocrx_word' id='word_1_9' title='bbox 307 485 625 561; x_wconf 83' lang='grc' dir='ltr'>κρατοῦσαν</span> <span class='ocrx_word' id='word_1_10' title='bbox 655 481 1007 550; x_wconf 80' lang='grc' dir='ltr'><strong>ἀκολουθίαν,</strong></span> <span class='ocrx_word' id='word_1_11' title='bbox 1047 482 1142 536; x_wconf 76' lang='grc' dir='ltr'><strong>καὶ</strong></span> <span class='ocrx_word' id='word_1_12' title='bbox 1177 481 1270 536; x_wconf 77' lang='grc' dir='ltr'><strong>ἐπὶ</strong></span> <span class='ocrx_word' id='word_1_13' title='bbox 1300 484 1418 544; x_wconf 86' lang='grc' dir='ltr'>τοῖς</span> <span class='ocrx_word' id='word_1_14' title='bbox 1454 480 1723 544; x_wconf 84' lang='grc' dir='ltr'><strong>τοιούτοις</strong></span> <span class='ocrx_word' id='word_1_15' title='bbox 1753 480 1908 534; x_wconf 86' lang='grc' dir='ltr'>πολι-</span> 
     </span>
    </p>
   </div>
   <div class='ocr_carea' id='block_1_5' title="bbox 2029 479 3612 561">
    <p class='ocr_par' dir='ltr' id='par_1_5' title="bbox 2029 479 3612 557">
     <span class='ocr_line' id='line_1_5' title="bbox 2029 479 3612 557; baseline 0.004 -24"><span class='ocrx_word' id='word_1_16' title='bbox 2029 482 2250 552; x_wconf 74' lang='lat' dir='ltr'><strong>guitalcs</strong></span> <span class='ocrx_word' id='word_1_17' title='bbox 2277 481 2568 538; x_wconf 99' lang='lat' dir='ltr'><strong>confestim</strong></span> <span class='ocrx_word' id='word_1_18' title='bbox 2607 481 2913 552; x_wconf 85' lang='lat' dir='ltr'><strong>solvantur,</strong></span> <span class='ocrx_word' id='word_1_19' title='bbox 2951 483 3048 557; x_wconf 85' lang='lat' dir='ltr'><strong>[ita</strong></span> <span class='ocrx_word' id='word_1_20' title='bbox 3076 479 3158 557; x_wconf 90' lang='lat' dir='ltr'><strong>ut]</strong></span> <span class='ocrx_word' id='word_1_21' title='bbox 3191 499 3368 556; x_wconf 90' lang='lat' dir='ltr'><strong>neque</strong></span> <span class='ocrx_word' id='word_1_22' title='bbox 3393 485 3612 542; x_wconf 84' lang='lat' dir='ltr'><strong>libellus</strong></span> 
     </span>
    </p>
   </div>
   <div class='ocr_carea' id='block_1_6' title="bbox 305 573 1906 643">
    <p class='ocr_par' dir='ltr' id='par_1_6' title="bbox 305 573 1906 643">
     <span class='ocr_line' id='line_1_6' title="bbox 305 573 1906 643; baseline -0.003 -10"><span class='ocrx_word' id='word_1_23' title='bbox 305 579 589 643; x_wconf 84' lang='grc' dir='ltr'>τεύεσθαι,</span> <span class='ocrx_word' id='word_1_24' title='bbox 655 577 794 632; x_wconf 84' lang='grc' dir='ltr'>ἀλλὰ</span> <span class='ocrx_word' id='word_1_25' title='bbox 828 577 927 638; x_wconf 78' lang='grc' dir='ltr'>τὰς</span> <span class='ocrx_word' id='word_1_26' title='bbox 953 575 1048 630; x_wconf 70' lang='grc' dir='ltr'>ἐπὶ</span> <span class='ocrx_word' id='word_1_27' title='bbox 1101 577 1224 638; x_wconf 88' lang='grc' dir='ltr'>ταῖς</span> <span class='ocrx_word' id='word_1_28' title='bbox 1268 573 1549 637; x_wconf 83' lang='grc' dir='ltr'><strong>τοιαύταις</strong></span> <span class='ocrx_word' id='word_1_29' title='bbox 1579 573 1906 628; x_wconf 82' lang='grc' dir='ltr'>ύπσθέσεσιν</span> 
     </span>
    </p>
   </div>
   <div class='ocr_carea' id='block_1_7' title="bbox 307 665 1910 745">
    <p class='ocr_par' dir='ltr' id='par_1_7' title="bbox 307 665 1910 745">
     <span class='ocr_line' id='line_1_7' title="bbox 307 665 1910 745; baseline -0.007 -17"><span class='ocrx_word' id='word_1_30' title='bbox 307 671 668 745; x_wconf 77' lang='grc' dir='ltr'>ἀμφιϐολίας,</span> <span class='ocrx_word' id='word_1_31' title='bbox 695 668 1034 725; x_wconf 82' lang='grc' dir='ltr'>ἅπεντεῠθεν</span> <span class='ocrx_word' id='word_1_32' title='bbox 1075 666 1322 733; x_wconf 88' lang='grc' dir='ltr'>λύεσθαι,</span> <span class='ocrx_word' id='word_1_33' title='bbox 1360 668 1436 739; x_wconf 85' lang='grc' dir='ltr'>μὴ</span> <span class='ocrx_word' id='word_1_34' title='bbox 1481 665 1734 720; x_wconf 89' lang='grc' dir='ltr'>λιϐέλλου</span> <span class='ocrx_word' id='word_1_35' title='bbox 1769 665 1910 719; x_wconf 88' lang='grc' dir='ltr'>διδο-</span> 
     </span>
    </p>
   </div>
   <div class='ocr_carea' id='block_1_8' title="bbox 309 757 1900 834">
    <p class='ocr_par' dir='ltr' id='par_1_8' title="bbox 309 757 1900 834">
     <span class='ocr_line' id='line_1_8' title="bbox 309 757 1900 834; baseline -0.004 -18"><span class='ocrx_word' id='word_1_36' title='bbox 309 764 499 834; x_wconf 83' lang='grc' dir='ltr'>μένου,</span> <span class='ocrx_word' id='word_1_37' title='bbox 564 761 826 833; x_wconf 84' lang='grc' dir='ltr'>εἰδήσεως</span> <span class='ocrx_word' id='word_1_38' title='bbox 857 760 915 813; x_wconf 81' lang='grc' dir='ltr'><strong>δὲ</strong></span> <span class='ocrx_word' id='word_1_39' title='bbox 946 757 1255 831; x_wconf 81' lang='grc' dir='ltr'>τριημέρου</span> <span class='ocrx_word' id='word_1_40' title='bbox 1284 757 1318 829; x_wconf 83' lang='grc' dir='ltr'>ἦ</span> <span class='ocrx_word' id='word_1_41' title='bbox 1351 759 1448 811; x_wconf 79' lang='grc' dir='ltr'><strong>καὶ</strong></span> <span class='ocrx_word' id='word_1_42' title='bbox 1495 758 1590 811; x_wconf 75' lang='grc' dir='ltr'><strong>ὲπὶ</strong></span> <span class='ocrx_word' id='word_1_43' title='bbox 1633 757 1900 828; x_wconf 85' lang='grc' dir='ltr'>τέταρτον</span> 
     </span>
    </p>
   </div>
   <div class='ocr_carea' id='block_1_9' title="bbox 309 849 1912 928">
    <p class='ocr_par' dir='ltr' id='par_1_9' title="bbox 309 849 1912 928">
     <span class='ocr_line' id='line_1_9' title="bbox 309 849 1912 928; baseline -0.005 -18"><span class='ocrx_word' id='word_1_44' title='bbox 309 855 862 928; x_wconf 87' lang='grc' dir='ltr'>παρεκτεινομένης,</span> <span class='ocrx_word' id='word_1_45' title='bbox 921 855 1146 924; x_wconf 78' lang='grc' dir='ltr'>μήτινος</span> <span class='ocrx_word' id='word_1_46' title='bbox 1195 853 1307 923; x_wconf 83' lang='grc' dir='ltr'><strong>γὰρ</strong></span> <span class='ocrx_word' id='word_1_47' title='bbox 1339 850 1668 921; x_wconf 79' lang='grc' dir='ltr'>δικαστικῆς</span> <span class='ocrx_word' id='word_1_48' title='bbox 1720 849 1912 903; x_wconf 85' lang='grc' dir='ltr'>ὑποθέ-</span> 
     </span>
    </p>
   </div>
   <div class='ocr_carea' id='block_1_10' title="bbox 311 942 1915 1018">
    <p class='ocr_par' dir='ltr' id='par_1_10' title="bbox 311 942 1915 1018">
     <span class='ocr_line' id='line_1_10' title="bbox 311 942 1915 1018; baseline -0.004 -16"><span class='ocrx_word' id='word_1_49' title='bbox 311 967 452 1013; x_wconf 88' lang='grc' dir='ltr'>σεως</span> <span class='ocrx_word' id='word_1_50' title='bbox 500 947 1024 1018; x_wconf 81' lang='grc' dir='ltr'>ἑπεισαγομένης,ή</span> <span class='ocrx_word' id='word_1_51' title='bbox 1077 946 1187 1000; x_wconf 81' lang='grc' dir='ltr'><strong>τῶν</strong></span> <span class='ocrx_word' id='word_1_52' title='bbox 1215 945 1532 1016; x_wconf 83' lang='grc' dir='ltr'>προσόντων</span> <span class='ocrx_word' id='word_1_53' title='bbox 1587 942 1804 1014; x_wconf 82' lang='grc' dir='ltr'>ἑκάστῳ</span> <span class='ocrx_word' id='word_1_54' title='bbox 1835 943 1915 996; x_wconf 86' lang='grc' dir='ltr'>δι-</span> 
     </span>
    </p>
   </div>
   <div class='ocr_carea' id='block_1_11' title="bbox 311 1036 1908 1111">
    <p class='ocr_par' dir='ltr' id='par_1_11' title="bbox 311 1036 1908 1111">
     <span class='ocr_line' id='line_1_11' title="bbox 311 1036 1908 1111; baseline -0.005 -15"><span class='ocrx_word' id='word_1_55' title='bbox 311 1043 485 1096; x_wconf 87' lang='grc' dir='ltr'>καίων</span> <span class='ocrx_word' id='word_1_56' title='bbox 515 1040 811 1111; x_wconf 83' lang='grc' dir='ltr'>γενήσεται</span> <span class='ocrx_word' id='word_1_57' title='bbox 843 1038 1224 1104; x_wconf 79' lang='grc' dir='ltr'>κατεξέτασις,</span> <span class='ocrx_word' id='word_1_58' title='bbox 1255 1038 1354 1093; x_wconf 78' lang='grc' dir='ltr'>καὶ</span> <span class='ocrx_word' id='word_1_59' title='bbox 1396 1036 1908 1108; x_wconf 85' lang='grc' dir='ltr'>μετακληθήσονται</span> 
     </span>
    </p>
   </div>
   <div class='ocr_carea' id='block_1_12' title="bbox 313 1127 1911 1203">
    <p class='ocr_par' dir='ltr' id='par_1_12' title="bbox 313 1127 1911 1203">
     <span class='ocr_line' id='line_1_12' title="bbox 313 1127 1911 1203; baseline -0.004 -17"><span class='ocrx_word' id='word_1_60' title='bbox 313 1133 408 1186; x_wconf 70' lang='grc' dir='ltr'>καὶ</span> <span class='ocrx_word' id='word_1_61' title='bbox 454 1132 624 1203; x_wconf 81' lang='grc' dir='ltr'>ἄμφω</span> <span class='ocrx_word' id='word_1_62' title='bbox 683 1131 754 1184; x_wconf 77' lang='grc' dir='ltr'><strong>τὰ</strong></span> <span class='ocrx_word' id='word_1_63' title='bbox 811 1130 953 1202; x_wconf 86' lang='grc' dir='ltr'>μέρη</span> <span class='ocrx_word' id='word_1_64' title='bbox 995 1130 1118 1201; x_wconf 86' lang='grc' dir='ltr'>δίχα</span> <span class='ocrx_word' id='word_1_65' title='bbox 1173 1130 1319 1194; x_wconf 84' lang='grc' dir='ltr'>τινὸς</span> <span class='ocrx_word' id='word_1_66' title='bbox 1359 1127 1766 1200; x_wconf 78' lang='grc' dir='ltr'>ὑπερημερίας,</span> <span class='ocrx_word' id='word_1_67' title='bbox 1818 1128 1911 1180; x_wconf 73' lang='grc' dir='ltr'><strong>καὶ</strong></span> 
     </span>
    </p>
   </div>
   <div class='ocr_carea' id='block_1_13' title="bbox 315 1221 1913 1297">
    <p class='ocr_par' dir='ltr' id='par_1_13' title="bbox 315 1221 1913 1297">
     <span class='ocr_line' id='line_1_13' title="bbox 315 1221 1913 1297; baseline -0.004 -17"><span class='ocrx_word' id='word_1_68' title='bbox 315 1226 796 1296; x_wconf 85' lang='grc' dir='ltr'>ἀπαιτηθήσονται</span> <span class='ocrx_word' id='word_1_69' title='bbox 839 1226 1081 1297; x_wconf 80' lang='grc' dir='ltr'>ἑκάτερα</span> <span class='ocrx_word' id='word_1_70' title='bbox 1110 1225 1180 1278; x_wconf 86' lang='grc' dir='ltr'>τὰ</span> <span class='ocrx_word' id='word_1_71' title='bbox 1214 1225 1357 1296; x_wconf 84' lang='grc' dir='ltr'>μέρη</span> <span class='ocrx_word' id='word_1_72' title='bbox 1393 1223 1518 1294; x_wconf 82' lang='grc' dir='ltr'>δίχα</span> <span class='ocrx_word' id='word_1_73' title='bbox 1545 1223 1692 1286; x_wconf 85' lang='grc' dir='ltr'>τινὸς</span> <span class='ocrx_word' id='word_1_74' title='bbox 1729 1223 1797 1276; x_wconf 77' lang='grc' dir='ltr'>τὰ</span> <span class='ocrx_word' id='word_1_75' title='bbox 1823 1221 1913 1274; x_wconf 80' lang='grc' dir='ltr'>δο-</span> 
     </span>
    </p>
   </div>
   <div class='ocr_carea' id='block_1_14' title="bbox 321 1313 1912 1389">
    <p class='ocr_par' dir='ltr' id='par_1_14' title="bbox 321 1313 1912 1389">
     <span class='ocr_line' id='line_1_14' title="bbox 321 1313 1912 1389; baseline -0.001 -19"><span class='ocrx_word' id='word_1_76' title='bbox 321 1316 526 1372; x_wconf 81' lang='grc' dir='ltr'>κοῦντα</span> <span class='ocrx_word' id='word_1_77' title='bbox 562 1317 865 1372; x_wconf 85' lang='grc' dir='ltr'>συντείνειν</span> <span class='ocrx_word' id='word_1_78' title='bbox 888 1317 1076 1382; x_wconf 83' lang='grc' dir='ltr'>αὐτοῖς</span> <span class='ocrx_word' id='word_1_79' title='bbox 1106 1316 1505 1389; x_wconf 83' lang='grc' dir='ltr'>προϐαλέσθαι,</span> <span class='ocrx_word' id='word_1_80' title='bbox 1539 1316 1637 1370; x_wconf 75' lang='grc' dir='ltr'>καὶ</span> <span class='ocrx_word' id='word_1_81' title='bbox 1661 1313 1806 1369; x_wconf 78' lang='grc' dir='ltr'>οὓτω</span> <span class='ocrx_word' id='word_1_82' title='bbox 1844 1313 1912 1368; x_wconf 87' lang='grc' dir='ltr'>δι’</span> 
     </span>
    </p>
   </div>
   <div class='ocr_carea' id='block_1_15' title="bbox 309 1407 1914 1480">
    <p class='ocr_par' dir='ltr' id='par_1_15' title="bbox 309 1407 1914 1480">
     <span class='ocr_line' id='line_1_15' title="bbox 309 1407 1914 1480; baseline 0 -20"><span class='ocrx_word' id='word_1_83' title='bbox 309 1408 495 1478; x_wconf 83' lang='grc' dir='ltr'>ὀλίγου</span> <span class='ocrx_word' id='word_1_84' title='bbox 525 1407 723 1479; x_wconf 84' lang='grc' dir='ltr'>καιροῦ</span> <span class='ocrx_word' id='word_1_85' title='bbox 783 1408 1036 1480; x_wconf 79' lang='grc' dir='ltr'>μηνιαίου</span> <span class='ocrx_word' id='word_1_86' title='bbox 1064 1408 1255 1479; x_wconf 84' lang='grc' dir='ltr'>τυχὸν,</span> <span class='ocrx_word' id='word_1_87' title='bbox 1319 1407 1352 1478; x_wconf 87' lang='grc' dir='ltr'>ἢ</span> <span class='ocrx_word' id='word_1_88' title='bbox 1411 1409 1504 1462; x_wconf 80' lang='grc' dir='ltr'><strong>καὶ</strong></span> <span class='ocrx_word' id='word_1_89' title='bbox 1547 1408 1626 1472; x_wconf 88' lang='grc' dir='ltr'><strong>είς</strong></span> <span class='ocrx_word' id='word_1_90' title='bbox 1657 1407 1914 1480; x_wconf 88' lang='grc' dir='ltr'>δεύτερον</span> 
     </span>
    </p>
   </div>
   <div class='ocr_carea' id='block_1_16' title="bbox 309 1501 1912 1574">
    <p class='ocr_par' dir='ltr' id='par_1_16' title="bbox 309 1501 1912 1574">
     <span class='ocr_line' id='line_1_16' title="bbox 309 1501 1912 1574; baseline -0.002 -18"><span class='ocrx_word' id='word_1_91' title='bbox 309 1501 813 1574; x_wconf 84' lang='grc' dir='ltr'>παρεκτεινομένου</span> <span class='ocrx_word' id='word_1_92' title='bbox 853 1503 998 1556; x_wconf 82' lang='grc' dir='ltr'>κατὰ</span> <span class='ocrx_word' id='word_1_93' title='bbox 1029 1503 1090 1556; x_wconf 85' lang='grc' dir='ltr'><strong>τὸ</strong></span> <span class='ocrx_word' id='word_1_94' title='bbox 1129 1501 1286 1566; x_wconf 77' lang='grc' dir='ltr'>δόξαν</span> <span class='ocrx_word' id='word_1_95' title='bbox 1322 1501 1401 1574; x_wconf 85' lang='grc' dir='ltr'>τῷ</span> <span class='ocrx_word' id='word_1_96' title='bbox 1429 1501 1660 1572; x_wconf 83' lang='grc' dir='ltr'>δικαστῇ</span> <span class='ocrx_word' id='word_1_97' title='bbox 1682 1543 1697 1568; x_wconf 94' lang='grc'><strong>,</strong></span> <span class='ocrx_word' id='word_1_98' title='bbox 1735 1518 1912 1572; x_wconf 83' lang='grc' dir='ltr'>προσ-</span> 
     </span>
    </p>
   </div>
   <div class='ocr_carea' id='block_1_17' title="bbox 310 1594 1911 1666">
    <p class='ocr_par' dir='ltr' id='par_1_17' title="bbox 310 1594 1911 1666">
     <span class='ocr_line' id='line_1_17' title="bbox 310 1594 1911 1666; baseline -0.001 -18"><span class='ocrx_word' id='word_1_99' title='bbox 310 1597 552 1666; x_wconf 84' lang='grc' dir='ltr'>ήκουσαν</span> <span class='ocrx_word' id='word_1_100' title='bbox 603 1595 811 1662; x_wconf 82' lang='grc' dir='ltr'>δέξοιτο</span> <span class='ocrx_word' id='word_1_101' title='bbox 889 1595 1045 1650; x_wconf 83' lang='grc' dir='ltr'>λύσιν</span> <span class='ocrx_word' id='word_1_102' title='bbox 1099 1595 1161 1649; x_wconf 84' lang='grc' dir='ltr'><strong>τὸ</strong></span> <span class='ocrx_word' id='word_1_103' title='bbox 1220 1594 1508 1665; x_wconf 75' lang='grc' dir='ltr'>ἀνακύψαν</span> <span class='ocrx_word' id='word_1_104' title='bbox 1562 1595 1864 1666; x_wconf 77' lang='grc' dir='ltr'>ἀμφίϐολον</span> <span class='ocrx_word' id='word_1_105' title='bbox 1896 1635 1911 1661; x_wconf 90' lang='grc'><strong>,</strong></span> 
     </span>
    </p>
   </div>
   <div class='ocr_carea' id='block_1_18' title="bbox 313 1687 1911 1760">
    <p class='ocr_par' dir='ltr' id='par_1_18' title="bbox 313 1687 1911 1760">
     <span class='ocr_line' id='line_1_18' title="bbox 313 1687 1911 1760; baseline 0.001 -19"><span class='ocrx_word' id='word_1_106' title='bbox 313 1687 672 1760; x_wconf 83' lang='grc' dir='ltr'>τηρουμένων</span> <span class='ocrx_word' id='word_1_107' title='bbox 733 1688 982 1759; x_wconf 86' lang='grc' dir='ltr'>δηλονότι</span> <span class='ocrx_word' id='word_1_108' title='bbox 1032 1689 1142 1744; x_wconf 80' lang='grc' dir='ltr'><strong>τῶν</strong></span> <span class='ocrx_word' id='word_1_109' title='bbox 1174 1688 1356 1760; x_wconf 85' lang='grc' dir='ltr'>νόμων</span> <span class='ocrx_word' id='word_1_110' title='bbox 1407 1688 1504 1741; x_wconf 77' lang='grc' dir='ltr'><strong>ἐπὶ</strong></span> <span class='ocrx_word' id='word_1_111' title='bbox 1535 1689 1636 1759; x_wconf 83' lang='grc' dir='ltr'>τῆς</span> <span class='ocrx_word' id='word_1_112' title='bbox 1697 1689 1911 1752; x_wconf 78' lang='grc' dir='ltr'>οἰκείας</span> 
     </span>
    </p>
   </div>
   <div class='ocr_carea' id='block_1_19' title="bbox 315 1779 1913 1853">
    <p class='ocr_par' dir='ltr' id='par_1_19' title="bbox 315 1779 1913 1853">
     <span class='ocr_line' id='line_1_19' title="bbox 315 1779 1913 1853; baseline 0 -20"><span class='ocrx_word' id='word_1_113' title='bbox 315 1781 480 1852; x_wconf 73' lang='grc' dir='ltr'>ἕδρας</span> <span class='ocrx_word' id='word_1_114' title='bbox 503 1780 599 1834; x_wconf 76' lang='grc' dir='ltr'><strong>καὶ</strong></span> <span class='ocrx_word' id='word_1_115' title='bbox 625 1781 982 1853; x_wconf 85' lang='grc' dir='ltr'>παγιότητος.</span> <span class='ocrx_word' id='word_1_116' title='bbox 1011 1782 1167 1835; x_wconf 82' lang='grc' dir='ltr'>Ὅσοι</span> <span class='ocrx_word' id='word_1_117' title='bbox 1197 1781 1275 1853; x_wconf 80' lang='grc' dir='ltr'>μὴ</span> <span class='ocrx_word' id='word_1_118' title='bbox 1299 1779 1445 1850; x_wconf 86' lang='grc' dir='ltr'>μετὰ</span> <span class='ocrx_word' id='word_1_119' title='bbox 1474 1780 1566 1834; x_wconf 80' lang='grc' dir='ltr'><strong>τὸν</strong></span> <span class='ocrx_word' id='word_1_120' title='bbox 1600 1779 1696 1834; x_wconf 77' lang='grc' dir='ltr'><strong>τοῦ</strong></span> <span class='ocrx_word' id='word_1_121' title='bbox 1724 1781 1913 1833; x_wconf 89' lang='grc' dir='ltr'>τελευ-</span> 
     </span>
    </p>
   </div>
   <div class='ocr_carea' id='block_1_20' title="bbox 2013 573 3615 650">
    <p class='ocr_par' dir='ltr' id='par_1_20' title="bbox 2013 573 3615 650">
     <span class='ocr_line' id='line_1_20' title="bbox 2013 573 3615 650; baseline 0.003 -23"><span class='ocrx_word' id='word_1_122' title='bbox 2013 574 2200 639; x_wconf 91' lang='lat' dir='ltr'><strong>detur,</strong></span> <span class='ocrx_word' id='word_1_123' title='bbox 2254 587 2311 629; x_wconf 90' lang='lat' dir='ltr'><strong>et</strong></span> <span class='ocrx_word' id='word_1_124' title='bbox 2341 573 2585 644; x_wconf 74' lang='lat' dir='ltr'><strong>cognitio</strong></span> <span class='ocrx_word' id='word_1_125' title='bbox 2627 573 2680 630; x_wconf 88' lang='lat' dir='ltr'><strong>in</strong></span> <span class='ocrx_word' id='word_1_126' title='bbox 2730 583 2842 630; x_wconf 88' lang='lat' dir='ltr'><strong>tres</strong></span> <span class='ocrx_word' id='word_1_127' title='bbox 2877 587 2974 631; x_wconf 87' lang='lat' dir='ltr'><strong>aut</strong></span> <span class='ocrx_word' id='word_1_128' title='bbox 3019 575 3342 650; x_wconf 90' lang='lat' dir='ltr'><strong>[summum]</strong></span> <span class='ocrx_word' id='word_1_129' title='bbox 3374 587 3615 648; x_wconf 89' lang='lat' dir='ltr'><strong>quatuor</strong></span> 
     </span>
    </p>
   </div>
   <div class='ocr_carea' id='block_1_21' title="bbox 2012 655 3616 738">
    <p class='ocr_par' dir='ltr' id='par_1_21' title="bbox 2012 655 3616 738">
     <span class='ocr_line' id='line_1_21' title="bbox 2012 655 3616 738; baseline 0.004 -18"><span class='ocrx_word' id='word_1_130' title='bbox 2012 666 2130 720; x_wconf 90' lang='lat' dir='ltr'><strong>dies</strong></span> <span class='ocrx_word' id='word_1_131' title='bbox 2165 664 2449 722; x_wconf 68' lang='lat' dir='ltr'><strong>differatur</strong></span> <span class='ocrx_word' id='word_1_132' title='bbox 2483 683 2498 721; x_wconf 89' lang='lat'><strong>:</strong></span> <span class='ocrx_word' id='word_1_133' title='bbox 2529 667 2680 722; x_wconf 90' lang='lat' dir='ltr'><strong>nulla</strong></span> <span class='ocrx_word' id='word_1_134' title='bbox 2702 667 3004 738; x_wconf 87' lang='lat' dir='ltr'><strong>judiciaria</strong></span> <span class='ocrx_word' id='word_1_135' title='bbox 3037 655 3306 738; x_wconf 85' lang='lat' dir='ltr'><strong>dilatione</strong></span> <span class='ocrx_word' id='word_1_136' title='bbox 3363 669 3616 726; x_wconf 88' lang='lat' dir='ltr'><strong>introdu-</strong></span> 
     </span>
    </p>
   </div>
   <div class='ocr_carea' id='block_1_22' title="bbox 2015 757 3610 832">
    <p class='ocr_par' dir='ltr' id='par_1_22' title="bbox 2015 757 3610 832">
     <span class='ocr_line' id='line_1_22' title="bbox 2015 757 3610 832; baseline 0.002 -21"><span class='ocrx_word' id='word_1_137' title='bbox 2015 758 2210 824; x_wconf 86' lang='lat' dir='ltr'><strong>ccnda,</strong></span> <span class='ocrx_word' id='word_1_138' title='bbox 2267 758 2398 827; x_wconf 87' lang='lat' dir='ltr'><strong>quid</strong></span> <span class='ocrx_word' id='word_1_139' title='bbox 2447 757 2653 828; x_wconf 87' lang='lat' dir='ltr'><strong>cuique</strong></span> <span class='ocrx_word' id='word_1_140' title='bbox 2699 759 2834 830; x_wconf 87' lang='lat' dir='ltr'><strong>jure</strong></span> <span class='ocrx_word' id='word_1_141' title='bbox 2888 769 3192 832; x_wconf 90' lang='lat' dir='ltr'><strong>competat,</strong></span> <span class='ocrx_word' id='word_1_142' title='bbox 3218 761 3610 832; x_wconf 87' lang='lat' dir='ltr'><strong>disquiratur:</strong></span> 
     </span>
    </p>
   </div>
   <div class='ocr_carea' id='block_1_23' title="bbox 2015 853 3616 926">
    <p class='ocr_par' dir='ltr' id='par_1_23' title="bbox 2015 853 3616 926">
     <span class='ocr_line' id='line_1_23' title="bbox 2015 853 3616 926; baseline 0.002 -20"><span class='ocrx_word' id='word_1_143' title='bbox 2015 853 2155 906; x_wconf 87' lang='lat' dir='ltr'><strong>citra</strong></span> <span class='ocrx_word' id='word_1_144' title='bbox 2186 867 2406 908; x_wconf 86' lang='lat' dir='ltr'><strong>onmem</strong></span> <span class='ocrx_word' id='word_1_145' title='bbox 2444 854 2768 910; x_wconf 80' lang='lat' dir='ltr'><strong>dilationem</strong></span> <span class='ocrx_word' id='word_1_146' title='bbox 2825 863 3066 926; x_wconf 87' lang='lat' dir='ltr'><strong>utraque</strong></span> <span class='ocrx_word' id='word_1_147' title='bbox 3106 871 3236 926; x_wconf 91' lang='lat' dir='ltr'><strong>pars</strong></span> <span class='ocrx_word' id='word_1_148' title='bbox 3269 864 3616 922; x_wconf 88' lang='lat' dir='ltr'><strong>accersatur,</strong></span> 
     </span>
    </p>
   </div>
   <div class='ocr_carea' id='block_1_24' title="bbox 2013 945 3616 1018">
    <p class='ocr_par' dir='ltr' id='par_1_24' title="bbox 2013 945 3616 1018">
     <span class='ocr_line' id='line_1_24' title="bbox 2013 945 3616 1018; baseline 0.002 -22"><span class='ocrx_word' id='word_1_149' title='bbox 2013 952 2177 1012; x_wconf 81' lang='lat' dir='ltr'><strong>atque</strong></span> <span class='ocrx_word' id='word_1_150' title='bbox 2202 953 2260 998; x_wconf 93' lang='lat' dir='ltr'><strong>ut</strong></span> <span class='ocrx_word' id='word_1_151' title='bbox 2287 945 2419 1014; x_wconf 90' lang='lat' dir='ltr'><strong>quid</strong></span> <span class='ocrx_word' id='word_1_152' title='bbox 2451 945 2596 1016; x_wconf 83' lang='lat' dir='ltr'><strong>juris</strong></span> <span class='ocrx_word' id='word_1_153' title='bbox 2631 961 2690 1002; x_wconf 90' lang='lat' dir='ltr'><strong>se</strong></span> <span class='ocrx_word' id='word_1_154' title='bbox 2717 946 2923 1002; x_wconf 89' lang='lat' dir='ltr'><strong>habere</strong></span> <span class='ocrx_word' id='word_1_155' title='bbox 2953 957 3130 1018; x_wconf 89' lang='lat' dir='ltr'><strong>putet,</strong></span> <span class='ocrx_word' id='word_1_156' title='bbox 3159 956 3468 1018; x_wconf 88' lang='lat' dir='ltr'><strong>proponat,</strong></span> <span class='ocrx_word' id='word_1_157' title='bbox 3493 947 3616 1002; x_wconf 81' lang='lat' dir='ltr'><strong>exi--</strong></span> 
     </span>
    </p>
   </div>
   <div class='ocr_carea' id='block_1_25' title="bbox 2015 1039 3616 1110">
    <p class='ocr_par' dir='ltr' id='par_1_25' title="bbox 2015 1039 3616 1110">
     <span class='ocr_line' id='line_1_25' title="bbox 2015 1039 3616 1110; baseline 0.004 -24"><span class='ocrx_word' id='word_1_158' title='bbox 2015 1043 2179 1105; x_wconf 82' lang='lat' dir='ltr'><strong>gatur</strong></span> <span class='ocrx_word' id='word_1_159' title='bbox 2205 1053 2219 1090; x_wconf 89' lang='lat'><strong>:</strong></span> <span class='ocrx_word' id='word_1_160' title='bbox 2246 1045 2472 1105; x_wconf 87' lang='lat' dir='ltr'><strong>tumque</strong></span> <span class='ocrx_word' id='word_1_161' title='bbox 2495 1039 2716 1092; x_wconf 91' lang='lat' dir='ltr'><strong>demum</strong></span> <span class='ocrx_word' id='word_1_162' title='bbox 2737 1053 2837 1110; x_wconf 90' lang='lat' dir='ltr'><strong>per</strong></span> <span class='ocrx_word' id='word_1_163' title='bbox 2862 1039 3027 1094; x_wconf 80' lang='lat' dir='ltr'><strong>breve</strong></span> <span class='ocrx_word' id='word_1_164' title='bbox 3051 1049 3268 1110; x_wconf 86' lang='lat' dir='ltr'><strong>tempus</strong></span> <span class='ocrx_word' id='word_1_165' title='bbox 3291 1042 3346 1094; x_wconf 91' lang='lat' dir='ltr'><strong>in</strong></span> <span class='ocrx_word' id='word_1_166' title='bbox 3368 1054 3616 1096; x_wconf 88' lang='lat' dir='ltr'><strong>mensem</strong></span> 
     </span>
    </p>
   </div>
   <div class='ocr_carea' id='block_1_26' title="bbox 2017 1126 3618 1200">
    <p class='ocr_par' dir='ltr' id='par_1_26' title="bbox 2017 1126 3618 1200">
     <span class='ocr_line' id='line_1_26' title="bbox 2017 1126 3618 1200; baseline 0.002 -17"><span class='ocrx_word' id='word_1_167' title='bbox 2017 1129 2163 1183; x_wconf 87' lang='lat' dir='ltr'><strong>forte</strong></span> <span class='ocrx_word' id='word_1_168' title='bbox 2193 1126 2414 1200; x_wconf 86' lang='lat' dir='ltr'><strong>[unum]</strong></span> <span class='ocrx_word' id='word_1_169' title='bbox 2442 1137 2537 1183; x_wconf 89' lang='lat' dir='ltr'><strong>aut</strong></span> <span class='ocrx_word' id='word_1_170' title='bbox 2566 1130 2732 1184; x_wconf 87' lang='lat' dir='ltr'><strong>etiam</strong></span> <span class='ocrx_word' id='word_1_171' title='bbox 2771 1131 3003 1186; x_wconf 88' lang='lat' dir='ltr'><strong>alterum</strong></span> <span class='ocrx_word' id='word_1_172' title='bbox 3047 1132 3471 1198; x_wconf 78' lang='lat' dir='ltr'><strong>extendendum,</strong></span> <span class='ocrx_word' id='word_1_173' title='bbox 3527 1146 3618 1186; x_wconf 83' lang='lat' dir='ltr'><strong>res</strong></span> 
     </span>
    </p>
   </div>
   <div class='ocr_carea' id='block_1_27' title="bbox 2015 1221 3616 1294">
    <p class='ocr_par' dir='ltr' id='par_1_27' title="bbox 2015 1221 3616 1294">
     <span class='ocr_line' id='line_1_27' title="bbox 2015 1221 3616 1294; baseline 0.002 -19"><span class='ocrx_word' id='word_1_174' title='bbox 2015 1221 2068 1275; x_wconf 89' lang='lat' dir='ltr'><strong>in</strong></span> <span class='ocrx_word' id='word_1_175' title='bbox 2096 1221 2531 1276; x_wconf 87' lang='lat' dir='ltr'><strong>controversiam</strong></span> <span class='ocrx_word' id='word_1_176' title='bbox 2557 1222 2814 1288; x_wconf 80' lang='lat' dir='ltr'><strong>deduCta,</strong></span> <span class='ocrx_word' id='word_1_177' title='bbox 2837 1223 3194 1294; x_wconf 90' lang='lat' dir='ltr'><strong>proutjudici</strong></span> <span class='ocrx_word' id='word_1_178' title='bbox 3215 1227 3396 1280; x_wconf 86' lang='lat' dir='ltr'><strong>visum</strong></span> <span class='ocrx_word' id='word_1_179' title='bbox 3425 1224 3616 1286; x_wconf 85' lang='lat' dir='ltr'><strong>fuerit,</strong></span> 
     </span>
    </p>
   </div>
   <div class='ocr_carea' id='block_1_28' title="bbox 2015 1313 3617 1394">
    <p class='ocr_par' dir='ltr' id='par_1_28' title="bbox 2015 1313 3617 1394">
     <span class='ocr_line' id='line_1_28' title="bbox 2015 1313 3617 1394; baseline 0.003 -24"><span class='ocrx_word' id='word_1_180' title='bbox 2015 1314 2414 1372; x_wconf 79' lang='lat' dir='ltr'><strong>convenienter</strong></span> <span class='ocrx_word' id='word_1_181' title='bbox 2445 1313 2738 1369; x_wconf 88' lang='lat' dir='ltr'><strong>dirimatur</strong></span> <span class='ocrx_word' id='word_1_182' title='bbox 2771 1333 2784 1370; x_wconf 87' lang='lat'><strong>:</strong></span> <span class='ocrx_word' id='word_1_183' title='bbox 2818 1314 2902 1387; x_wconf 84' lang='lat' dir='ltr'><strong>[ut</strong></span> <span class='ocrx_word' id='word_1_184' title='bbox 2937 1316 3148 1390; x_wconf 87' lang='lat' dir='ltr'><strong>tamen]</strong></span> <span class='ocrx_word' id='word_1_185' title='bbox 3182 1318 3236 1372; x_wconf 90' lang='lat' dir='ltr'><strong>in</strong></span> <span class='ocrx_word' id='word_1_186' title='bbox 3271 1333 3372 1374; x_wconf 88' lang='lat' dir='ltr'><strong>sua</strong></span> <span class='ocrx_word' id='word_1_187' title='bbox 3407 1316 3617 1394; x_wconf 82' lang='lat' dir='ltr'><strong>[quasi]</strong></span> 
     </span>
    </p>
   </div>
   <div class='ocr_carea' id='block_1_29' title="bbox 2015 1404 3620 1484">
    <p class='ocr_par' dir='ltr' id='par_1_29' title="bbox 2015 1404 3620 1484">
     <span class='ocr_line' id='line_1_29' title="bbox 2015 1404 3620 1484; baseline 0.006 -23"><span class='ocrx_word' id='word_1_188' title='bbox 2015 1407 2146 1462; x_wconf 90' lang='lat' dir='ltr'><strong>sede</strong></span> <span class='ocrx_word' id='word_1_189' title='bbox 2181 1420 2245 1460; x_wconf 91' lang='lat' dir='ltr'><strong>ac</strong></span> <span class='ocrx_word' id='word_1_190' title='bbox 2279 1404 2558 1461; x_wconf 82' lang='lat' dir='ltr'><strong>soliditate</strong></span> <span class='ocrx_word' id='word_1_191' title='bbox 2584 1405 2818 1460; x_wconf 85' lang='lat' dir='ltr'><strong>firmiter</strong></span> <span class='ocrx_word' id='word_1_192' title='bbox 2845 1417 3106 1463; x_wconf 86' lang='lat' dir='ltr'><strong>maneant</strong></span> <span class='ocrx_word' id='word_1_193' title='bbox 3133 1408 3256 1484; x_wconf 83' lang='lat' dir='ltr'><strong>[eae]</strong></span> <span class='ocrx_word' id='word_1_194' title='bbox 3292 1411 3462 1481; x_wconf 85' lang='lat' dir='ltr'><strong>leges,</strong></span> <span class='ocrx_word' id='word_1_195' title='bbox 3493 1429 3620 1484; x_wconf 69' lang='lat' dir='ltr'><strong>qua:</strong></span> 
     </span>
    </p>
   </div>
   <div class='ocr_carea' id='block_1_30' title="bbox 2023 1497 3618 1572">
    <p class='ocr_par' dir='ltr' id='par_1_30' title="bbox 2023 1497 3618 1572">
     <span class='ocr_line' id='line_1_30' title="bbox 2023 1497 3618 1572; baseline 0.006 -18"><span class='ocrx_word' id='word_1_196' title='bbox 2023 1515 2133 1554; x_wconf 90' lang='lat' dir='ltr'><strong>non</strong></span> <span class='ocrx_word' id='word_1_197' title='bbox 2161 1513 2289 1554; x_wconf 86' lang='lat' dir='ltr'><strong>mox</strong></span> <span class='ocrx_word' id='word_1_198' title='bbox 2320 1516 2349 1552; x_wconf 87' lang='lat' dir='ltr'><strong>a</strong></span> <span class='ocrx_word' id='word_1_199' title='bbox 2375 1497 2622 1554; x_wconf 83' lang='lat' dir='ltr'><strong>defuncti</strong></span> <span class='ocrx_word' id='word_1_200' title='bbox 2658 1509 2858 1566; x_wconf 89' lang='lat' dir='ltr'><strong>morte,</strong></span> <span class='ocrx_word' id='word_1_201' title='bbox 2893 1503 2988 1557; x_wconf 89' lang='lat' dir='ltr'><strong>sed</strong></span> <span class='ocrx_word' id='word_1_202' title='bbox 3018 1513 3144 1572; x_wconf 93' lang='lat' dir='ltr'><strong>post</strong></span> <span class='ocrx_word' id='word_1_203' title='bbox 3167 1504 3378 1572; x_wconf 87' lang='lat' dir='ltr'><strong>aliquot.</strong></span> <span class='ocrx_word' id='word_1_204' title='bbox 3401 1507 3618 1564; x_wconf 89' lang='lat' dir='ltr'><strong>dierum</strong></span> 
     </span>
    </p>
   </div>
   <div class='ocr_carea' id='block_1_31' title="bbox 2014 1592 3621 1665">
    <p class='ocr_par' dir='ltr' id='par_1_31' title="bbox 2014 1592 3621 1665">
     <span class='ocr_line' id='line_1_31' title="bbox 2014 1592 3621 1665; baseline 0.006 -19"><span class='ocrx_word' id='word_1_205' title='bbox 2014 1592 2310 1646; x_wconf 90' lang='lat' dir='ltr'><strong>decursum</strong></span> <span class='ocrx_word' id='word_1_206' title='bbox 2373 1605 2736 1646; x_wconf 83' lang='lat' dir='ltr'><strong>successores</strong></span> <span class='ocrx_word' id='word_1_207' title='bbox 2787 1592 2965 1662; x_wconf 89' lang='lat' dir='ltr'><strong>ipsius</strong></span> <span class='ocrx_word' id='word_1_208' title='bbox 3024 1593 3080 1647; x_wconf 92' lang='lat' dir='ltr'><strong>in</strong></span> <span class='ocrx_word' id='word_1_209' title='bbox 3137 1595 3410 1665; x_wconf 85' lang='lat' dir='ltr'><strong>judicium</strong></span> <span class='ocrx_word' id='word_1_210' title='bbox 3474 1600 3621 1656; x_wconf 83' lang='lat' dir='ltr'><strong>trahi</strong></span> 
     </span>
    </p>
   </div>
   <div class='ocr_carea' id='block_1_32' title="bbox 2017 1683 3616 1756">
    <p class='ocr_par' dir='ltr' id='par_1_32' title="bbox 2017 1683 3616 1756">
     <span class='ocr_line' id='line_1_32' title="bbox 2017 1683 3616 1756; baseline 0.006 -19"><span class='ocrx_word' id='word_1_211' title='bbox 2017 1691 2283 1748; x_wconf 86' lang='lat' dir='ltr'><strong>statuunt,</strong></span> <span class='ocrx_word' id='word_1_212' title='bbox 2314 1683 2790 1754; x_wconf 84' lang='lat' dir='ltr'><strong>quemadmodum</strong></span> <span class='ocrx_word' id='word_1_213' title='bbox 2822 1699 2944 1753; x_wconf 64' lang='lat' dir='ltr'><strong>quae</strong></span> <span class='ocrx_word' id='word_1_214' title='bbox 2983 1685 3090 1740; x_wconf 86' lang='lat' dir='ltr'><strong>huc</strong></span> <span class='ocrx_word' id='word_1_215' title='bbox 3121 1687 3401 1756; x_wconf 84' lang='lat' dir='ltr'><strong>pertinent</strong></span> <span class='ocrx_word' id='word_1_216' title='bbox 3435 1687 3616 1747; x_wconf 79' lang='lat' dir='ltr'><strong>fusius</strong></span> 
     </span>
    </p>
   </div>
   <div class='ocr_carea' id='block_1_33' title="bbox 2017 1771 3618 1848">
    <p class='ocr_par' dir='ltr' id='par_1_33' title="bbox 2017 1771 3618 1848">
     <span class='ocr_line' id='line_1_33' title="bbox 2017 1771 3618 1848; baseline 0.006 -22"><span class='ocrx_word' id='word_1_217' title='bbox 2017 1773 2070 1826; x_wconf 90' lang='lat' dir='ltr'><strong>in</strong></span> <span class='ocrx_word' id='word_1_218' title='bbox 2117 1771 2367 1828; x_wconf 85' lang='lat' dir='ltr'><strong>Basilicis</strong></span> <span class='ocrx_word' id='word_1_219' title='bbox 2407 1781 2641 1826; x_wconf 88' lang='lat' dir='ltr'><strong>tractata</strong></span> <span class='ocrx_word' id='word_1_220' title='bbox 2676 1781 2824 1826; x_wconf 91' lang='lat' dir='ltr'><strong>sunt.</strong></span> <span class='ocrx_word' id='word_1_221' title='bbox 2875 1774 2932 1828; x_wconf 89' lang='lat' dir='ltr'><strong>Si</strong></span> <span class='ocrx_word' id='word_1_222' title='bbox 2985 1789 3114 1830; x_wconf 86' lang='lat' dir='ltr'><strong>vero</strong></span> <span class='ocrx_word' id='word_1_223' title='bbox 3165 1786 3491 1848; x_wconf 82' lang='lat' dir='ltr'><strong>procurator</strong></span> <span class='ocrx_word' id='word_1_224' title='bbox 3545 1779 3618 1836; x_wconf 89' lang='lat' dir='ltr'><strong>ad</strong></span> 
     </span>
    </p>
   </div>
   <div class='ocr_carea' id='block_1_34' title="bbox 317 1865 1922 1946">
    <p class='ocr_par' dir='ltr' id='par_1_34' title="bbox 317 1873 1922 1946">
     <span class='ocr_line' id='line_1_34' title="bbox 317 1873 1922 1946; baseline -0.001 -19"><span class='ocrx_word' id='word_1_225' title='bbox 317 1877 594 1946; x_wconf 83' lang='grc' dir='ltr'>τήσαντος</span> <span class='ocrx_word' id='word_1_226' title='bbox 626 1873 882 1942; x_wconf 86' lang='grc' dir='ltr'>θάνατον,</span> <span class='ocrx_word' id='word_1_227' title='bbox 922 1876 1090 1939; x_wconf 84' lang='grc' dir='ltr'>εὐθὺς</span> <span class='ocrx_word' id='word_1_228' title='bbox 1125 1878 1251 1939; x_wconf 77' lang='grc' dir='ltr'>τοὺς</span> <span class='ocrx_word' id='word_1_229' title='bbox 1285 1877 1500 1928; x_wconf 83' lang='grc' dir='ltr'>ἐκείνου</span> <span class='ocrx_word' id='word_1_230' title='bbox 1529 1873 1806 1946; x_wconf 84' lang='grc' dir='ltr'>διαδόχους</span> <span class='ocrx_word' id='word_1_231' title='bbox 1844 1877 1922 1940; x_wconf 87' lang='grc' dir='ltr'><strong>εἰς</strong></span> 
     </span>
    </p>
   </div>
   <div class='ocr_carea' id='block_1_35' title="bbox 2029 1865 3624 1946">
    <p class='ocr_par' dir='ltr' id='par_1_35' title="bbox 2029 1865 3624 1938">
     <span class='ocr_line' id='line_1_35' title="bbox 2029 1865 3624 1938; baseline 0.006 -18"><span class='ocrx_word' id='word_1_232' title='bbox 2029 1866 2347 1921; x_wconf 85' lang='lat' dir='ltr'><strong>dilationem</strong></span> <span class='ocrx_word' id='word_1_233' title='bbox 2382 1880 2614 1936; x_wconf 82' lang='lat' dir='ltr'><strong>vergere</strong></span> <span class='ocrx_word' id='word_1_234' title='bbox 2644 1865 2896 1920; x_wconf 90' lang='lat' dir='ltr'><strong>videatur</strong></span> <span class='ocrx_word' id='word_1_235' title='bbox 2920 1905 2937 1933; x_wconf 91' lang='lat'><strong>,</strong></span> <span class='ocrx_word' id='word_1_236' title='bbox 2985 1882 3159 1938; x_wconf 88' lang='lat' dir='ltr'><strong>eaque</strong></span> <span class='ocrx_word' id='word_1_237' title='bbox 3211 1871 3338 1926; x_wconf 89' lang='lat' dir='ltr'><strong>dolo</strong></span> <span class='ocrx_word' id='word_1_238' title='bbox 3375 1882 3624 1930; x_wconf 82' lang='lat' dir='ltr'><strong>evertere</strong></span> 
     </span>
    </p>
   </div>
   <div class='ocr_carea' id='block_1_36' title="bbox 319 1966 1916 2038">
    <p class='ocr_par' dir='ltr' id='par_1_36' title="bbox 319 1966 1916 2038">
     <span class='ocr_line' id='line_1_36' title="bbox 319 1966 1916 2038; baseline 0.001 -20"><span class='ocrx_word' id='word_1_239' title='bbox 319 1967 672 2038; x_wconf 84' lang='grc' dir='ltr'>δικαστήριον</span> <span class='ocrx_word' id='word_1_240' title='bbox 737 1967 996 2020; x_wconf 72' lang='grc' dir='ltr'>ἕλκεσθαι</span> <span class='ocrx_word' id='word_1_241' title='bbox 1057 1966 1485 2030; x_wconf 79' lang='grc' dir='ltr'>διακελεύονται,</span> <span class='ocrx_word' id='word_1_242' title='bbox 1571 1967 1709 2020; x_wconf 81' lang='grc' dir='ltr'>ἀλλὰ</span> <span class='ocrx_word' id='word_1_243' title='bbox 1777 1969 1916 2037; x_wconf 76' lang='grc' dir='ltr'>μετὰ</span> 
     </span>
    </p>
   </div>
   <div class='ocr_carea' id='block_1_37' title="bbox 321 2058 1918 2132">
    <p class='ocr_par' dir='ltr' id='par_1_37' title="bbox 321 2058 1918 2132">
     <span class='ocr_line' id='line_1_37' title="bbox 321 2058 1918 2132; baseline 0.003 -22"><span class='ocrx_word' id='word_1_244' title='bbox 321 2058 683 2130; x_wconf 81' lang='grc' dir='ltr'>παραδρομὴν</span> <span class='ocrx_word' id='word_1_245' title='bbox 719 2060 946 2130; x_wconf 79' lang='grc' dir='ltr'>ἡμερῶν</span> <span class='ocrx_word' id='word_1_246' title='bbox 973 2075 1160 2123; x_wconf 83' lang='grc' dir='ltr'>τινων,</span> <span class='ocrx_word' id='word_1_247' title='bbox 1195 2058 1380 2123; x_wconf 86' lang='grc' dir='ltr'>καθὼς</span> <span class='ocrx_word' id='word_1_248' title='bbox 1431 2061 1501 2114; x_wconf 82' lang='grc' dir='ltr'>τὰ</span> <span class='ocrx_word' id='word_1_249' title='bbox 1549 2061 1678 2132; x_wconf 77' lang='grc' dir='ltr'>περὶ</span> <span class='ocrx_word' id='word_1_250' title='bbox 1710 2060 1918 2114; x_wconf 87' lang='grc' dir='ltr'>τούτων</span> 
     </span>
    </p>
   </div>
   <div class='ocr_carea' id='block_1_38' title="bbox 321 2151 1917 2224">
    <p class='ocr_par' dir='ltr' id='par_1_38' title="bbox 321 2151 1917 2224">
     <span class='ocr_line' id='line_1_38' title="bbox 321 2151 1917 2224; baseline 0.003 -23"><span class='ocrx_word' id='word_1_251' title='bbox 321 2152 664 2222; x_wconf 86' lang='grc' dir='ltr'>πλατύτερον</span> <span class='ocrx_word' id='word_1_252' title='bbox 719 2153 834 2216; x_wconf 89' lang='grc' dir='ltr'>τοῖς</span> <span class='ocrx_word' id='word_1_253' title='bbox 881 2151 1188 2222; x_wconf 81' lang='grc' dir='ltr'>βασιλικοῖς</span> <span class='ocrx_word' id='word_1_254' title='bbox 1245 2151 1627 2224; x_wconf 85' lang='grc' dir='ltr'>διηγόρευται.</span> <span class='ocrx_word' id='word_1_255' title='bbox 1665 2153 1730 2205; x_wconf 89' lang='grc' dir='ltr'>Εἰ</span> <span class='ocrx_word' id='word_1_256' title='bbox 1766 2153 1822 2206; x_wconf 85' lang='grc' dir='ltr'><strong>δέ</strong></span> <span class='ocrx_word' id='word_1_257' title='bbox 1853 2169 1917 2222; x_wconf 89' lang='grc' dir='ltr'><strong>γε</strong></span> 
     </span>
    </p>
   </div>
   <div class='ocr_carea' id='block_1_39' title="bbox 320 2242 1920 2316">
    <p class='ocr_par' dir='ltr' id='par_1_39' title="bbox 320 2242 1920 2316">
     <span class='ocr_line' id='line_1_39' title="bbox 320 2242 1920 2316; baseline 0.002 -22"><span class='ocrx_word' id='word_1_258' title='bbox 320 2242 618 2314; x_wconf 85' lang='grc' dir='ltr'>ἐπίτροπος</span> <span class='ocrx_word' id='word_1_259' title='bbox 635 2243 718 2307; x_wconf 88' lang='grc' dir='ltr'><strong>εἰς</strong></span> <span class='ocrx_word' id='word_1_260' title='bbox 739 2243 1068 2314; x_wconf 80' lang='grc' dir='ltr'>ὑπερθέσεις</span> <span class='ocrx_word' id='word_1_261' title='bbox 1091 2245 1286 2316; x_wconf 80' lang='grc' dir='ltr'>φανείη</span> <span class='ocrx_word' id='word_1_262' title='bbox 1311 2245 1533 2315; x_wconf 84' lang='grc' dir='ltr'>χωρῶν,</span> <span class='ocrx_word' id='word_1_263' title='bbox 1565 2245 1662 2298; x_wconf 79' lang='grc' dir='ltr'>καὶ</span> <span class='ocrx_word' id='word_1_264' title='bbox 1691 2244 1920 2297; x_wconf 83' lang='grc' dir='ltr'>τοιαῦτα</span> 
     </span>
    </p>
   </div>
   <div class='ocr_carea' id='block_1_40' title="bbox 321 2335 1922 2410">
    <p class='ocr_par' dir='ltr' id='par_1_40' title="bbox 321 2335 1922 2410">
     <span class='ocr_line' id='line_1_40' title="bbox 321 2335 1922 2410; baseline 0.002 -24"><span class='ocrx_word' id='word_1_265' title='bbox 321 2335 616 2407; x_wconf 81' lang='grc' dir='ltr'>σκαιωρῷν</span> <span class='ocrx_word' id='word_1_266' title='bbox 652 2337 960 2408; x_wconf 73' lang='grc' dir='ltr'>φωραθείη,</span> <span class='ocrx_word' id='word_1_267' title='bbox 997 2339 1092 2390; x_wconf 80' lang='grc' dir='ltr'><strong>καὶ</strong></span> <span class='ocrx_word' id='word_1_268' title='bbox 1145 2337 1280 2408; x_wconf 66' lang='grc' dir='ltr'>πρὸς</span> <span class='ocrx_word' id='word_1_269' title='bbox 1332 2337 1788 2410; x_wconf 84' lang='grc' dir='ltr'>ύπερϐιϐασμοὺς</span> <span class='ocrx_word' id='word_1_270' title='bbox 1813 2353 1922 2408; x_wconf 90' lang='grc' dir='ltr'>χω-</span> 
     </span>
    </p>
   </div>
   <div class='ocr_carea' id='block_1_41' title="bbox 324 2429 1926 2502">
    <p class='ocr_par' dir='ltr' id='par_1_41' title="bbox 324 2429 1926 2502">
     <span class='ocr_line' id='line_1_41' title="bbox 324 2429 1926 2502; baseline 0.001 -21"><span class='ocrx_word' id='word_1_271' title='bbox 324 2430 492 2500; x_wconf 82' lang='grc' dir='ltr'>ρήσῃ,</span> <span class='ocrx_word' id='word_1_272' title='bbox 530 2429 606 2501; x_wconf 83' lang='grc' dir='ltr'>μὴ</span> <span class='ocrx_word' id='word_1_273' title='bbox 634 2429 806 2484; x_wconf 81' lang='grc' dir='ltr'>ποιῶν</span> <span class='ocrx_word' id='word_1_274' title='bbox 843 2429 1033 2493; x_wconf 87' lang='grc' dir='ltr'>καθὼς</span> <span class='ocrx_word' id='word_1_275' title='bbox 1066 2432 1094 2483; x_wconf 90' lang='grc' dir='ltr'>ὁ</span> <span class='ocrx_word' id='word_1_276' title='bbox 1128 2430 1449 2502; x_wconf 80' lang='grc' dir='ltr'>διαθέμενος</span> <span class='ocrx_word' id='word_1_277' title='bbox 1480 2431 1783 2496; x_wconf 78' lang='grc' dir='ltr'>διετάξατο,</span> <span class='ocrx_word' id='word_1_278' title='bbox 1827 2431 1926 2500; x_wconf 78' lang='grc' dir='ltr'>τῆς</span> 
     </span>
    </p>
   </div>
   <div class='ocr_carea' id='block_1_42' title="bbox 317 2521 1913 2593">
    <p class='ocr_par' dir='ltr' id='par_1_42' title="bbox 317 2521 1913 2593">
     <span class='ocr_line' id='line_1_42' title="bbox 317 2521 1913 2593; baseline 0.001 -21"><span class='ocrx_word' id='word_1_279' title='bbox 317 2521 630 2591; x_wconf 76' lang='grc' dir='ltr'>ἐπιτροπῆς</span> <span class='ocrx_word' id='word_1_280' title='bbox 655 2521 750 2574; x_wconf 78' lang='grc' dir='ltr'>καὶ</span> <span class='ocrx_word' id='word_1_281' title='bbox 812 2521 1128 2592; x_wconf 84' lang='grc' dir='ltr'>οἰκονομίας</span> <span class='ocrx_word' id='word_1_282' title='bbox 1174 2523 1283 2576; x_wconf 82' lang='grc' dir='ltr'><strong>τῶν</strong></span> <span class='ocrx_word' id='word_1_283' title='bbox 1335 2523 1428 2576; x_wconf 81' lang='grc' dir='ltr'><strong>τοῦ</strong></span> <span class='ocrx_word' id='word_1_284' title='bbox 1483 2522 1913 2593; x_wconf 80' lang='grc' dir='ltr'>τελευτήσαντος</span> 
     </span>
    </p>
   </div>
   <div class='ocr_carea' id='block_1_43' title="bbox 319 2610 1922 2684">
    <p class='ocr_par' dir='ltr' id='par_1_43' title="bbox 319 2610 1922 2684">
     <span class='ocr_line' id='line_1_43' title="bbox 319 2610 1922 2684; baseline 0 -21"><span class='ocrx_word' id='word_1_285' title='bbox 319 2613 673 2682; x_wconf 73' lang='grc' dir='ltr'>πραγμάτων</span> <span class='ocrx_word' id='word_1_286' title='bbox 700 2611 1230 2682; x_wconf 86' lang='grc' dir='ltr'>μετακινηθήσεται,</span> <span class='ocrx_word' id='word_1_287' title='bbox 1253 2610 1727 2684; x_wconf 80' lang='grc' dir='ltr'>ἀνατεθήσεταιδὲ</span> <span class='ocrx_word' id='word_1_288' title='bbox 1758 2611 1922 2682; x_wconf 78' lang='grc' dir='ltr'>αὕτη,</span> 
     </span>
    </p>
   </div>
   <div class='ocr_carea' id='block_1_44' title="bbox 319 2699 1922 2777">
    <p class='ocr_par' dir='ltr' id='par_1_44' title="bbox 319 2699 1922 2777">
     <span class='ocr_line' id='line_1_44' title="bbox 319 2699 1922 2777; baseline 0.001 -21"><span class='ocrx_word' id='word_1_289' title='bbox 319 2699 412 2767; x_wconf 79' lang='grc' dir='ltr'>οἷς</span> <span class='ocrx_word' id='word_1_290' title='bbox 442 2703 508 2757; x_wconf 88' lang='grc' dir='ltr'><strong>ἂν</strong></span> <span class='ocrx_word' id='word_1_291' title='bbox 534 2707 562 2758; x_wconf 86' lang='grc' dir='ltr'><strong>ό</strong></span> <span class='ocrx_word' id='word_1_292' title='bbox 596 2705 854 2774; x_wconf 81' lang='grc' dir='ltr'>βασιλεὺς</span> <span class='ocrx_word' id='word_1_293' title='bbox 887 2705 1216 2776; x_wconf 82' lang='grc' dir='ltr'>διορίσηται,</span> <span class='ocrx_word' id='word_1_294' title='bbox 1251 2705 1284 2777; x_wconf 79' lang='grc' dir='ltr'><strong>ἢ</strong></span> <span class='ocrx_word' id='word_1_295' title='bbox 1320 2705 1514 2758; x_wconf 89' lang='grc' dir='ltr'>τούτου</span> <span class='ocrx_word' id='word_1_296' title='bbox 1553 2705 1681 2768; x_wconf 86' lang='grc' dir='ltr'>ἰσως</span> <span class='ocrx_word' id='word_1_297' title='bbox 1713 2705 1922 2774; x_wconf 81' lang='grc' dir='ltr'>ἀποδη-</span> 
     </span>
    </p>
   </div>
   <div class='ocr_carea' id='block_1_45' title="bbox 321 2797 1922 2872">
    <p class='ocr_par' dir='ltr' id='par_1_45' title="bbox 321 2797 1922 2872">
     <span class='ocr_line' id='line_1_45' title="bbox 321 2797 1922 2872; baseline 0.002 -23"><span class='ocrx_word' id='word_1_298' title='bbox 321 2797 584 2866; x_wconf 82' lang='grc' dir='ltr'>μοῦντος,</span> <span class='ocrx_word' id='word_1_299' title='bbox 623 2799 652 2850; x_wconf 90' lang='grc' dir='ltr'>ὁ</span> <span class='ocrx_word' id='word_1_300' title='bbox 683 2798 781 2868; x_wconf 82' lang='grc' dir='ltr'>τῆς</span> <span class='ocrx_word' id='word_1_301' title='bbox 817 2797 1027 2862; x_wconf 88' lang='grc' dir='ltr'>πόλεως</span> <span class='ocrx_word' id='word_1_302' title='bbox 1060 2799 1306 2872; x_wconf 76' lang='grc' dir='ltr'>ἔπαρχος</span> <span class='ocrx_word' id='word_1_303' title='bbox 1359 2799 1478 2868; x_wconf 76' lang='grc' dir='ltr'><strong>ἅμα</strong></span> <span class='ocrx_word' id='word_1_304' title='bbox 1508 2799 1587 2871; x_wconf 80' lang='grc' dir='ltr'>τῷ</span> <span class='ocrx_word' id='word_1_305' title='bbox 1614 2802 1716 2870; x_wconf 83' lang='grc' dir='ltr'>τῆς</span> <span class='ocrx_word' id='word_1_306' title='bbox 1756 2799 1922 2868; x_wconf 80' lang='grc' dir='ltr'>ἁγιω-</span> 
     </span>
    </p>
   </div>
   <div class='ocr_carea' id='block_1_46' title="bbox 317 2891 1920 2964">
    <p class='ocr_par' dir='ltr' id='par_1_46' title="bbox 317 2891 1920 2964">
     <span class='ocr_line' id='line_1_46' title="bbox 317 2891 1920 2964; baseline 0.001 -22"><span class='ocrx_word' id='word_1_307' title='bbox 317 2892 494 2960; x_wconf 77' lang='grc' dir='ltr'>τάτης</span> <span class='ocrx_word' id='word_1_308' title='bbox 533 2891 868 2964; x_wconf 87' lang='grc' dir='ltr'>Ἐκκλησίας</span> <span class='ocrx_word' id='word_1_309' title='bbox 905 2892 1200 2963; x_wconf 81' lang='grc' dir='ltr'>οἰκονόμῳ,</span> <span class='ocrx_word' id='word_1_310' title='bbox 1255 2892 1354 2963; x_wconf 86' lang='grc' dir='ltr'>τὴν</span> <span class='ocrx_word' id='word_1_311' title='bbox 1387 2892 1582 2945; x_wconf 84' lang='grc' dir='ltr'>τούτου</span> <span class='ocrx_word' id='word_1_312' title='bbox 1627 2893 1920 2962; x_wconf 86' lang='grc' dir='ltr'>ποιήσεται</span> 
     </span>
    </p>
   </div>
   <div class='ocr_carea' id='block_1_47' title="bbox 2025 1960 3626 2037">
    <p class='ocr_par' dir='ltr' id='par_1_47' title="bbox 2025 1960 3626 2037">
     <span class='ocr_line' id='line_1_47' title="bbox 2025 1960 3626 2037; baseline 0.004 -21"><span class='ocrx_word' id='word_1_313' title='bbox 2025 1960 2496 2032; x_wconf 85' lang='lat' dir='ltr'><strong>deprehendatur,</strong></span> <span class='ocrx_word' id='word_1_314' title='bbox 2545 1975 2645 2014; x_wconf 89' lang='lat' dir='ltr'><strong>nec</strong></span> <span class='ocrx_word' id='word_1_315' title='bbox 2678 1963 3148 2029; x_wconf 87' lang='lat' dir='ltr'><strong>quemadmodum</strong></span> <span class='ocrx_word' id='word_1_316' title='bbox 3209 1973 3444 2021; x_wconf 89' lang='lat' dir='ltr'><strong>testator</strong></span> <span class='ocrx_word' id='word_1_317' title='bbox 3485 1983 3626 2037; x_wconf 67' lang='lat' dir='ltr'><strong>prte-</strong></span> 
     </span>
    </p>
   </div>
   <div class='ocr_carea' id='block_1_48' title="bbox 2025 2053 3626 2123">
    <p class='ocr_par' dir='ltr' id='par_1_48' title="bbox 2025 2053 3626 2123">
     <span class='ocr_line' id='line_1_48' title="bbox 2025 2053 3626 2123; baseline 0.005 -15"><span class='ocrx_word' id='word_1_318' title='bbox 2025 2053 2193 2123; x_wconf 77' lang='lat' dir='ltr'><strong>Ccpit,</strong></span> <span class='ocrx_word' id='word_1_319' title='bbox 2227 2054 2757 2123; x_wconf 85' lang='lat' dir='ltr'><strong>procrastinationes</strong></span> <span class='ocrx_word' id='word_1_320' title='bbox 2803 2058 3074 2110; x_wconf 89' lang='lat' dir='ltr'><strong>nectendo</strong></span> <span class='ocrx_word' id='word_1_321' title='bbox 3123 2053 3330 2111; x_wconf 83' lang='lat' dir='ltr'><strong>faciat:</strong></span> <span class='ocrx_word' id='word_1_322' title='bbox 3365 2073 3395 2112; x_wconf 90' lang='lat' dir='ltr'><strong>a</strong></span> <span class='ocrx_word' id='word_1_323' title='bbox 3437 2075 3626 2115; x_wconf 90' lang='lat' dir='ltr'><strong>rerum</strong></span> 
     </span>
    </p>
   </div>
   <div class='ocr_carea' id='block_1_49' title="bbox 2027 2146 3626 2219">
    <p class='ocr_par' dir='ltr' id='par_1_49' title="bbox 2027 2146 3626 2219">
     <span class='ocr_line' id='line_1_49' title="bbox 2027 2146 3626 2219; baseline 0.005 -19"><span class='ocrx_word' id='word_1_324' title='bbox 2027 2146 2267 2201; x_wconf 84' lang='lat' dir='ltr'><strong>defuncti</strong></span> <span class='ocrx_word' id='word_1_325' title='bbox 2296 2146 2689 2216; x_wconf 82' lang='lat' dir='ltr'><strong>procuratione</strong></span> <span class='ocrx_word' id='word_1_326' title='bbox 2708 2161 2772 2200; x_wconf 91' lang='lat' dir='ltr'><strong>ac</strong></span> <span class='ocrx_word' id='word_1_327' title='bbox 2797 2147 3220 2218; x_wconf 86' lang='lat' dir='ltr'><strong>dispensatione</strong></span> <span class='ocrx_word' id='word_1_328' title='bbox 3248 2161 3626 2219; x_wconf 85' lang='lat' dir='ltr'><strong>removeatur,</strong></span> 
     </span>
    </p>
   </div>
   <div class='ocr_carea' id='block_1_50' title="bbox 2028 2235 3630 2313">
    <p class='ocr_par' dir='ltr' id='par_1_50' title="bbox 2028 2235 3630 2313">
     <span class='ocr_line' id='line_1_50' title="bbox 2028 2235 3630 2313; baseline 0.006 -23"><span class='ocrx_word' id='word_1_329' title='bbox 2028 2251 2203 2306; x_wconf 85' lang='lat' dir='ltr'><strong>eaque</strong></span> <span class='ocrx_word' id='word_1_330' title='bbox 2230 2235 2434 2306; x_wconf 82' lang='lat' dir='ltr'><strong>quibus</strong></span> <span class='ocrx_word' id='word_1_331' title='bbox 2460 2236 2762 2306; x_wconf 83' lang='lat' dir='ltr'><strong>imperator</strong></span> <span class='ocrx_word' id='word_1_332' title='bbox 2796 2239 3072 2306; x_wconf 86' lang='lat' dir='ltr'><strong>statuerit,</strong></span> <span class='ocrx_word' id='word_1_333' title='bbox 3123 2240 3449 2313; x_wconf 88' lang='lat' dir='ltr'><strong>injungatur</strong></span> <span class='ocrx_word' id='word_1_334' title='bbox 3484 2263 3496 2298; x_wconf 92' lang='lat'><strong>:</strong></span> <span class='ocrx_word' id='word_1_335' title='bbox 3532 2254 3630 2300; x_wconf 91' lang='lat' dir='ltr'><strong>aut</strong></span> 
     </span>
    </p>
   </div>
   <div class='ocr_carea' id='block_1_51' title="bbox 2032 2327 3628 2399">
    <p class='ocr_par' dir='ltr' id='par_1_51' title="bbox 2032 2327 3628 2399">
     <span class='ocr_line' id='line_1_51' title="bbox 2032 2327 3628 2399; baseline 0.006 -16"><span class='ocrx_word' id='word_1_336' title='bbox 2032 2330 2078 2383; x_wconf 91' lang='lat' dir='ltr'><strong>si</strong></span> <span class='ocrx_word' id='word_1_337' title='bbox 2121 2329 2168 2384; x_wconf 91' lang='lat' dir='ltr'><strong>is</strong></span> <span class='ocrx_word' id='word_1_338' title='bbox 2215 2327 2360 2383; x_wconf 85' lang='lat' dir='ltr'><strong>forte</strong></span> <span class='ocrx_word' id='word_1_339' title='bbox 2411 2343 2641 2398; x_wconf 78' lang='lat' dir='ltr'><strong>peregre</strong></span> <span class='ocrx_word' id='word_1_340' title='bbox 2693 2328 2784 2396; x_wconf 90' lang='lat' dir='ltr'><strong>sit,</strong></span> <span class='ocrx_word' id='word_1_341' title='bbox 2834 2329 3127 2399; x_wconf 82' lang='lat' dir='ltr'><strong>praefectus</strong></span> <span class='ocrx_word' id='word_1_342' title='bbox 3166 2333 3320 2389; x_wconf 86' lang='lat' dir='ltr'><strong>urbis</strong></span> <span class='ocrx_word' id='word_1_343' title='bbox 3357 2351 3464 2389; x_wconf 89' lang='lat' dir='ltr'><strong>una</strong></span> <span class='ocrx_word' id='word_1_344' title='bbox 3497 2351 3628 2392; x_wconf 90' lang='lat' dir='ltr'><strong>cum</strong></span> 
     </span>
    </p>
   </div>
   <div class='ocr_carea' id='block_1_52' title="bbox 2029 2420 3632 2498">
    <p class='ocr_par' dir='ltr' id='par_1_52' title="bbox 2029 2420 3632 2498">
     <span class='ocr_line' id='line_1_52' title="bbox 2029 2420 3632 2498; baseline 0.005 -21"><span class='ocrx_word' id='word_1_345' title='bbox 2029 2421 2385 2477; x_wconf 88' lang='lat' dir='ltr'><strong>sanctissimo</strong></span> <span class='ocrx_word' id='word_1_346' title='bbox 2435 2420 2698 2476; x_wconf 84' lang='lat' dir='ltr'><strong>Ecclesiae</strong></span> <span class='ocrx_word' id='word_1_347' title='bbox 2743 2436 3035 2478; x_wconf 79' lang='lat' dir='ltr'><strong>(economo</strong></span> <span class='ocrx_word' id='word_1_348' title='bbox 3077 2439 3166 2479; x_wconf 86' lang='lat' dir='ltr'><strong>res</strong></span> <span class='ocrx_word' id='word_1_349' title='bbox 3207 2425 3331 2482; x_wconf 86' lang='lat' dir='ltr'><strong>illas</strong></span> <span class='ocrx_word' id='word_1_350' title='bbox 3366 2439 3632 2498; x_wconf 88' lang='lat' dir='ltr'><strong>procuret</strong></span> 
     </span>
    </p>
   </div>
   <div class='ocr_carea' id='block_1_53' title="bbox 2030 2513 3632 2594">
    <p class='ocr_par' dir='ltr' id='par_1_53' title="bbox 2030 2513 3632 2594">
     <span class='ocr_line' id='line_1_53' title="bbox 2030 2513 3632 2594; baseline 0.007 -27"><span class='ocrx_word' id='word_1_351' title='bbox 2030 2530 2095 2569; x_wconf 88' lang='lat' dir='ltr'><strong>ac</strong></span> <span class='ocrx_word' id='word_1_352' title='bbox 2143 2515 2454 2583; x_wconf 87' lang='lat' dir='ltr'><strong>dispenset,</strong></span> <span class='ocrx_word' id='word_1_353' title='bbox 2506 2513 2600 2582; x_wconf 87' lang='lat' dir='ltr'><strong>qui</strong></span> <span class='ocrx_word' id='word_1_354' title='bbox 2633 2515 2700 2569; x_wconf 92' lang='lat' dir='ltr'><strong>de</strong></span> <span class='ocrx_word' id='word_1_355' title='bbox 2747 2515 2834 2569; x_wconf 88' lang='lat' dir='ltr'><strong>his</strong></span> <span class='ocrx_word' id='word_1_356' title='bbox 2882 2531 3004 2586; x_wconf 72' lang='lat' dir='ltr'><strong>quae</strong></span> <span class='ocrx_word' id='word_1_357' title='bbox 3045 2516 3098 2571; x_wconf 92' lang='lat' dir='ltr'><strong>in</strong></span> <span class='ocrx_word' id='word_1_358' title='bbox 3147 2517 3465 2588; x_wconf 90' lang='lat' dir='ltr'><strong>hujusmodi</strong></span> <span class='ocrx_word' id='word_1_359' title='bbox 3503 2539 3632 2594; x_wconf 82' lang='lat' dir='ltr'><strong>spe-</strong></span> 
     </span>
    </p>
   </div>
   <div class='ocr_carea' id='block_1_54' title="bbox 2030 2606 3628 2678">
    <p class='ocr_par' dir='ltr' id='par_1_54' title="bbox 2030 2606 3628 2678">
     <span class='ocr_line' id='line_1_54' title="bbox 2030 2606 3628 2678; baseline 0.008 -17"><span class='ocrx_word' id='word_1_360' title='bbox 2030 2607 2222 2662; x_wconf 88' lang='lat' dir='ltr'><strong>ciebus</strong></span> <span class='ocrx_word' id='word_1_361' title='bbox 2250 2606 2740 2674; x_wconf 83' lang='lat' dir='ltr'><strong>administrarunt,</strong></span> <span class='ocrx_word' id='word_1_362' title='bbox 2781 2607 3126 2678; x_wconf 87' lang='lat' dir='ltr'><strong>imperatori,</strong></span> <span class='ocrx_word' id='word_1_363' title='bbox 3155 2621 3252 2667; x_wconf 86' lang='lat' dir='ltr'><strong>aut</strong></span> <span class='ocrx_word' id='word_1_364' title='bbox 3276 2615 3324 2668; x_wconf 88' lang='lat' dir='ltr'><strong>si</strong></span> <span class='ocrx_word' id='word_1_365' title='bbox 3370 2613 3628 2674; x_wconf 84' lang='lat' dir='ltr'><strong>fortassis</strong></span> 
     </span>
    </p>
   </div>
   <div class='ocr_carea' id='block_1_55' title="bbox 2033 2697 3632 2772">
    <p class='ocr_par' dir='ltr' id='par_1_55' title="bbox 2033 2697 3632 2772">
     <span class='ocr_line' id='line_1_55' title="bbox 2033 2697 3632 2772; baseline 0.008 -21"><span class='ocrx_word' id='word_1_366' title='bbox 2033 2697 2124 2752; x_wconf 88' lang='lat' dir='ltr'><strong>hic</strong></span> <span class='ocrx_word' id='word_1_367' title='bbox 2171 2712 2398 2768; x_wconf 82' lang='lat' dir='ltr'><strong>peregre</strong></span> <span class='ocrx_word' id='word_1_368' title='bbox 2455 2697 2580 2764; x_wconf 88' lang='lat' dir='ltr'><strong>erit,</strong></span> <span class='ocrx_word' id='word_1_369' title='bbox 2629 2700 2984 2754; x_wconf 86' lang='lat' dir='ltr'><strong>sanctissimo</strong></span> <span class='ocrx_word' id='word_1_370' title='bbox 3036 2703 3363 2772; x_wconf 71' lang='lat' dir='ltr'><strong>patriarchae</strong></span> <span class='ocrx_word' id='word_1_371' title='bbox 3401 2707 3632 2763; x_wconf 87' lang='lat' dir='ltr'><strong>reddere</strong></span> 
     </span>
    </p>
   </div>
   <div class='ocr_carea' id='block_1_56' title="bbox 2033 2792 3631 2870">
    <p class='ocr_par' dir='ltr' id='par_1_56' title="bbox 2033 2792 3631 2870">
     <span class='ocr_line' id='line_1_56' title="bbox 2033 2792 3631 2870; baseline 0.007 -23"><span class='ocrx_word' id='word_1_372' title='bbox 2033 2793 2306 2848; x_wconf 88' lang='lat' dir='ltr'><strong>rationem</strong></span> <span class='ocrx_word' id='word_1_373' title='bbox 2364 2792 2667 2848; x_wconf 89' lang='lat' dir='ltr'><strong>debebunt.</strong></span> <span class='ocrx_word' id='word_1_374' title='bbox 2717 2793 2834 2850; x_wconf 77' lang='lat' dir='ltr'><strong>Non</strong></span> <span class='ocrx_word' id='word_1_375' title='bbox 2885 2805 3068 2850; x_wconf 90' lang='lat' dir='ltr'><strong>tamen</strong></span> <span class='ocrx_word' id='word_1_376' title='bbox 3119 2807 3287 2868; x_wconf 88' lang='lat' dir='ltr'><strong>prout</strong></span> <span class='ocrx_word' id='word_1_377' title='bbox 3326 2801 3631 2870; x_wconf 87' lang='lat' dir='ltr'><strong>imperator</strong></span> 
     </span>
    </p>
   </div>
   <div class='ocr_carea' id='block_1_57' title="bbox 2025 2885 3302 2961">
    <p class='ocr_par' dir='ltr' id='par_1_57' title="bbox 2025 2885 3302 2961">
     <span class='ocr_line' id='line_1_57' title="bbox 2025 2885 3302 2961; baseline 0.005 -17"><span class='ocrx_word' id='word_1_378' title='bbox 2025 2888 2283 2959; x_wconf 87' lang='lat' dir='ltr'><strong>jusserit,</strong></span> <span class='ocrx_word' id='word_1_379' title='bbox 2323 2885 2577 2942; x_wconf 84' lang='lat' dir='ltr'><strong>defuncti</strong></span> <span class='ocrx_word' id='word_1_380' title='bbox 2603 2888 2860 2944; x_wconf 80' lang='lat' dir='ltr'><strong>voluntas</strong></span> <span class='ocrx_word' id='word_1_381' title='bbox 2892 2890 3302 2961; x_wconf 82' lang='lat' dir='ltr'><strong>adimplchitur.</strong></span> 
     </span>
    </p>
   </div>
   <div class='ocr_carea' id='block_1_58' title="bbox 317 2980 3633 3062">
    <p class='ocr_par' dir='ltr' id='par_1_58' title="bbox 317 2980 3633 3062">
     <span class='ocr_line' id='line_1_58' title="bbox 317 2980 3633 3062; baseline 0.002 -26"><span class='ocrx_word' id='word_1_382' title='bbox 317 2984 642 3054; x_wconf 80' lang='grc' dir='ltr'>οἰκονομίαν</span> <span class='ocrx_word' id='word_1_383' title='bbox 676 3001 738 3037; x_wconf 87' lang='grc' dir='ltr'><strong>τε</strong></span> <span class='ocrx_word' id='word_1_384' title='bbox 768 2986 864 3040; x_wconf 82' lang='grc' dir='ltr'><strong>καὶ</strong></span> <span class='ocrx_word' id='word_1_385' title='bbox 892 2984 1162 3056; x_wconf 86' lang='grc' dir='ltr'>διοίκησιν</span> <span class='ocrx_word' id='word_1_386' title='bbox 1196 2985 1508 3054; x_wconf 78' lang='grc' dir='ltr'>ὀφείλοντες</span> <span class='ocrx_word' id='word_1_387' title='bbox 1564 2985 1770 3054; x_wconf 76' lang='grc' dir='ltr'>εἴδησιν</span> <span class='ocrx_word' id='word_1_388' title='bbox 1841 2983 2046 3039; x_wconf 85' lang='grc' dir='ltr'>διδόναι</span> <span class='ocrx_word' id='word_1_389' title='bbox 2101 2980 2210 3034; x_wconf 82' lang='grc' dir='ltr'>τῶν</span> <span class='ocrx_word' id='word_1_390' title='bbox 2247 2980 2340 3034; x_wconf 74' lang='grc' dir='ltr'>ἐπὶ</span> <span class='ocrx_word' id='word_1_391' title='bbox 2399 2982 2522 3044; x_wconf 86' lang='grc' dir='ltr'>ταῖς</span> <span class='ocrx_word' id='word_1_392' title='bbox 2547 2981 2830 3045; x_wconf 79' lang='grc' dir='ltr'>τοιαύταις</span> <span class='ocrx_word' id='word_1_393' title='bbox 2885 2983 3210 3040; x_wconf 82' lang='grc' dir='ltr'>ὑποθέσεσιν</span> <span class='ocrx_word' id='word_1_394' title='bbox 3239 2989 3633 3062; x_wconf 86' lang='grc' dir='ltr'>οἰκονομουμέ-</span> 
     </span>
    </p>
   </div>
   <div class='ocr_carea' id='block_1_59' title="bbox 319 3075 3630 3156">
    <p class='ocr_par' dir='ltr' id='par_1_59' title="bbox 319 3075 3630 3156">
     <span class='ocr_line' id='line_1_59' title="bbox 319 3075 3630 3156; baseline 0.002 -23"><span class='ocrx_word' id='word_1_395' title='bbox 319 3097 433 3134; x_wconf 89' lang='grc' dir='ltr'><strong>νων</strong></span> <span class='ocrx_word' id='word_1_396' title='bbox 462 3079 540 3148; x_wconf 83' lang='grc' dir='ltr'>τῷ</span> <span class='ocrx_word' id='word_1_397' title='bbox 573 3077 789 3148; x_wconf 88' lang='grc' dir='ltr'>βασιλεῖ</span> <span class='ocrx_word' id='word_1_398' title='bbox 817 3081 914 3132; x_wconf 82' lang='grc' dir='ltr'><strong>καὶ</strong></span> <span class='ocrx_word' id='word_1_399' title='bbox 943 3079 1023 3150; x_wconf 81' lang='grc' dir='ltr'>τῷ</span> <span class='ocrx_word' id='word_1_400' title='bbox 1065 3079 1214 3134; x_wconf 83' lang='grc' dir='ltr'>κατὰ</span> <span class='ocrx_word' id='word_1_401' title='bbox 1244 3080 1344 3150; x_wconf 81' lang='grc' dir='ltr'><strong>τὴν</strong></span> <span class='ocrx_word' id='word_1_402' title='bbox 1385 3082 1601 3152; x_wconf 80' lang='grc' dir='ltr'>ἡμέραν</span> <span class='ocrx_word' id='word_1_403' title='bbox 1637 3081 1931 3151; x_wconf 77' lang='grc' dir='ltr'>ἁγιωτάτῳ</span> <span class='ocrx_word' id='word_1_404' title='bbox 1987 3075 2333 3149; x_wconf 85' lang='grc' dir='ltr'>πατριάρχῃ,</span> <span class='ocrx_word' id='word_1_405' title='bbox 2391 3076 2440 3128; x_wconf 84' lang='grc' dir='ltr'><strong>εἰ</strong></span> <span class='ocrx_word' id='word_1_406' title='bbox 2471 3077 2614 3148; x_wconf 86' lang='grc' dir='ltr'>τύχῃ</span> <span class='ocrx_word' id='word_1_407' title='bbox 2665 3077 2759 3132; x_wconf 79' lang='grc' dir='ltr'>τὸν</span> <span class='ocrx_word' id='word_1_408' title='bbox 2829 3077 3060 3149; x_wconf 84' lang='grc' dir='ltr'>βασιλέα</span> <span class='ocrx_word' id='word_1_409' title='bbox 3119 3083 3404 3156; x_wconf 83' lang='grc' dir='ltr'>ἀπόδημον</span> <span class='ocrx_word' id='word_1_410' title='bbox 3468 3081 3630 3154; x_wconf 72' lang='grc' dir='ltr'>εἶναι,</span> 
     </span>
    </p>
   </div>
   <div class='ocr_carea' id='block_1_60' title="bbox 321 3167 2556 3244">
    <p class='ocr_par' dir='ltr' id='par_1_60' title="bbox 321 3167 2556 3244">
     <span class='ocr_line' id='line_1_60' title="bbox 321 3167 2556 3244; baseline 0 -22"><span class='ocrx_word' id='word_1_411' title='bbox 321 3170 422 3223; x_wconf 74' lang='grc' dir='ltr'>καὶ</span> <span class='ocrx_word' id='word_1_412' title='bbox 453 3169 529 3241; x_wconf 87' lang='grc' dir='ltr'><strong>μὴ</strong></span> <span class='ocrx_word' id='word_1_413' title='bbox 559 3169 706 3222; x_wconf 82' lang='grc' dir='ltr'>κατὰ</span> <span class='ocrx_word' id='word_1_414' title='bbox 729 3169 1030 3241; x_wconf 82' lang='grc' dir='ltr'>πρόσταξιν</span> <span class='ocrx_word' id='word_1_415' title='bbox 1063 3171 1231 3224; x_wconf 80' lang='grc' dir='ltr'>αὐτοῦ</span> <span class='ocrx_word' id='word_1_416' title='bbox 1261 3171 1330 3224; x_wconf 83' lang='grc' dir='ltr'>τὰ</span> <span class='ocrx_word' id='word_1_417' title='bbox 1363 3171 1460 3225; x_wconf 84' lang='grc' dir='ltr'>τοῦ</span> <span class='ocrx_word' id='word_1_418' title='bbox 1492 3171 1926 3244; x_wconf 85' lang='grc' dir='ltr'>τελευτήσαντος</span> <span class='ocrx_word' id='word_1_419' title='bbox 1961 3169 2213 3242; x_wconf 84' lang='grc' dir='ltr'>πληρῶσι</span> <span class='ocrx_word' id='word_1_420' title='bbox 2247 3167 2556 3239; x_wconf 79' lang='grc' dir='ltr'>θελήματα.</span> 
     </span>
    </p>
   </div>
   <div class='ocr_carea' id='block_1_61' title="bbox 397 3256 1922 3337">
    <p class='ocr_par' dir='ltr' id='par_1_61' title="bbox 397 3258 1922 3332">
     <span class='ocr_line' id='line_1_61' title="bbox 397 3258 1922 3332; baseline 0.001 -17"><span class='ocrx_word' id='word_1_421' title='bbox 397 3262 712 3331; x_wconf 76' lang='grc' dir='ltr'>Κείμενον.</span> <span class='ocrx_word' id='word_1_422' title='bbox 761 3262 826 3316; x_wconf 84' lang='grc' dir='ltr'><strong>Ἠ</strong></span> <span class='ocrx_word' id='word_1_423' title='bbox 857 3259 904 3330; x_wconf 83' lang='grc' dir='ltr'>γ’</span> <span class='ocrx_word' id='word_1_424' title='bbox 961 3261 1103 3315; x_wconf 83' lang='grc' dir='ltr'>διάτ.</span> <span class='ocrx_word' id='word_1_425' title='bbox 1152 3260 1248 3314; x_wconf 82' lang='grc' dir='ltr'>τοῦ</span> <span class='ocrx_word' id='word_1_426' title='bbox 1292 3258 1336 3332; x_wconf 80' lang='grc' dir='ltr'>β’</span> <span class='ocrx_word' id='word_1_427' title='bbox 1370 3261 1478 3314; x_wconf 88' lang='grc' dir='ltr'>τίτ.</span> <span class='ocrx_word' id='word_1_428' title='bbox 1533 3261 1644 3316; x_wconf 83' lang='grc' dir='ltr'><strong>τῶν</strong></span> <span class='ocrx_word' id='word_1_429' title='bbox 1697 3261 1922 3332; x_wconf 81' lang='grc' dir='ltr'>Νεαρῶν</span> 
     </span>
    </p>
   </div>
   <div class='ocr_carea' id='block_1_62' title="bbox 2029 3256 3634 3337">
    <p class='ocr_par' dir='ltr' id='par_1_62' title="bbox 2109 3256 3634 3337">
     <span class='ocr_line' id='line_1_62' title="bbox 2109 3256 3634 3337; baseline 0.007 -27"><span class='ocrx_word' id='word_1_430' title='bbox 2109 3257 2326 3312; x_wconf 75' lang='lat' dir='ltr'><strong>Teastus.</strong></span> <span class='ocrx_word' id='word_1_431' title='bbox 2351 3256 2543 3314; x_wconf 88' lang='lat' dir='ltr'><strong>Const.</strong></span> <span class='ocrx_word' id='word_1_432' title='bbox 2571 3260 2626 3324; x_wconf 82' lang='grc'>5,</span> <span class='ocrx_word' id='word_1_433' title='bbox 2660 3259 2742 3314; x_wconf 90' lang='lat' dir='ltr'><strong>tit.</strong></span> <span class='ocrx_word' id='word_1_434' title='bbox 2767 3260 2801 3314; x_wconf 73' lang='lat'><strong>2</strong></span> <span class='ocrx_word' id='word_1_435' title='bbox 2822 3258 3198 3332; x_wconf 82' lang='lat' dir='ltr'><strong>Novellarum,</strong></span> <span class='ocrx_word' id='word_1_436' title='bbox 3225 3274 3358 3330; x_wconf 89' lang='lat' dir='ltr'><strong>etc.,</strong></span> <span class='ocrx_word' id='word_1_437' title='bbox 3378 3281 3543 3337; x_wconf 84' lang='lat' dir='ltr'><strong>usque</strong></span> <span class='ocrx_word' id='word_1_438' title='bbox 3563 3267 3634 3322; x_wconf 83' lang='lat' dir='ltr'><strong>ad</strong></span> 
     </span>
    </p>
   </div>
   <div class='ocr_carea' id='block_1_63' title="bbox 319 3355 1416 3425">
    <p class='ocr_par' dir='ltr' id='par_1_63' title="bbox 319 3355 1416 3425">
     <span class='ocr_line' id='line_1_63' title="bbox 319 3355 1416 3425; baseline -0.002 -13"><span class='ocrx_word' id='word_1_439' title='bbox 319 3375 383 3412; x_wconf 91' lang='grc' dir='ltr'>κ.</span> <span class='ocrx_word' id='word_1_440' title='bbox 413 3373 464 3409; x_wconf 90' lang='grc' dir='ltr'>τ.</span> <span class='ocrx_word' id='word_1_441' title='bbox 497 3355 573 3418; x_wconf 91' lang='grc' dir='ltr'>λ.,</span> <span class='ocrx_word' id='word_1_442' title='bbox 601 3371 776 3425; x_wconf 90' lang='lat' dir='ltr'><strong>usque</strong></span> <span class='ocrx_word' id='word_1_443' title='bbox 791 3357 856 3410; x_wconf 86' lang='lat' dir='ltr'><strong>ad</strong></span> <span class='ocrx_word' id='word_1_444' title='bbox 875 3355 1120 3420; x_wconf 80' lang='grc' dir='ltr'>διατάξει</span> <span class='ocrx_word' id='word_1_445' title='bbox 1142 3356 1416 3410; x_wconf 85' lang='grc' dir='ltr'>διατυποῖ.</span> 
     </span>
    </p>
   </div>
   <div class='ocr_carea' id='block_1_64' title="bbox 397 3445 1929 3519">
    <p class='ocr_par' dir='ltr' id='par_1_64' title="bbox 397 3445 1929 3519">
     <span class='ocr_line' id='line_1_64' title="bbox 397 3445 1929 3519; baseline 0.001 -19"><span class='ocrx_word' id='word_1_446' title='bbox 397 3447 681 3516; x_wconf 70' lang='grc' dir='ltr'>Σχόσίιον.</span> <span class='ocrx_word' id='word_1_447' title='bbox 724 3445 788 3499; x_wconf 83' lang='grc' dir='ltr'>Ἢ</span> <span class='ocrx_word' id='word_1_448' title='bbox 822 3445 868 3516; x_wconf 82' lang='grc' dir='ltr'>γ’</span> <span class='ocrx_word' id='word_1_449' title='bbox 896 3447 1163 3514; x_wconf 79' lang='grc' dir='ltr'>διάταξις,</span> <span class='ocrx_word' id='word_1_450' title='bbox 1193 3447 1288 3501; x_wconf 81' lang='grc' dir='ltr'>τοῦ</span> <span class='ocrx_word' id='word_1_451' title='bbox 1329 3445 1372 3519; x_wconf 85' lang='grc' dir='ltr'>β’</span> <span class='ocrx_word' id='word_1_452' title='bbox 1399 3447 1583 3500; x_wconf 81' lang='grc' dir='ltr'>τίτλου</span> <span class='ocrx_word' id='word_1_453' title='bbox 1623 3447 1734 3500; x_wconf 73' lang='grc' dir='ltr'><strong>τῶν</strong></span> <span class='ocrx_word' id='word_1_454' title='bbox 1789 3446 1929 3502; x_wconf 82' lang='grc' dir='ltr'>Νεα-</span> 
     </span>
    </p>
   </div>
   <div class='ocr_carea' id='block_1_65' title="bbox 317 3539 1929 3612">
    <p class='ocr_par' dir='ltr' id='par_1_65' title="bbox 317 3539 1929 3612">
     <span class='ocr_line' id='line_1_65' title="bbox 317 3539 1929 3612; baseline -0.001 -20"><span class='ocrx_word' id='word_1_455' title='bbox 317 3541 442 3612; x_wconf 80' lang='grc' dir='ltr'>ρῶν</span> <span class='ocrx_word' id='word_1_456' title='bbox 491 3542 608 3593; x_wconf 77' lang='grc' dir='ltr'>ἐστι</span> <span class='ocrx_word' id='word_1_457' title='bbox 669 3541 837 3612; x_wconf 74' lang='grc' dir='ltr'>νεαρὰ</span> <span class='ocrx_word' id='word_1_458' title='bbox 911 3541 1342 3605; x_wconf 82' lang='grc' dir='ltr'>Ἰουστινιάνειος</span> <span class='ocrx_word' id='word_1_459' title='bbox 1413 3539 1527 3612; x_wconf 80' lang='grc' dir='ltr'>ρλα¹</span> <span class='ocrx_word' id='word_1_460' title='bbox 1569 3540 1800 3612; x_wconf 84' lang='grc' dir='ltr'>κειμένη</span> <span class='ocrx_word' id='word_1_461' title='bbox 1870 3541 1929 3592; x_wconf 82' lang='grc' dir='ltr'><strong>ἐν</strong></span> 
     </span>
    </p>
   </div>
   <div class='ocr_carea' id='block_1_66' title="bbox 319 3631 1930 3705">
    <p class='ocr_par' dir='ltr' id='par_1_66' title="bbox 319 3631 1930 3705">
     <span class='ocr_line' id='line_1_66' title="bbox 319 3631 1930 3705; baseline 0.002 -21"><span class='ocrx_word' id='word_1_462' title='bbox 319 3631 519 3704; x_wconf 66' lang='grc' dir='ltr'>βιϐλίῳ</span> <span class='ocrx_word' id='word_1_463' title='bbox 551 3637 613 3700; x_wconf 88' lang='grc' dir='ltr'>ε’,</span> <span class='ocrx_word' id='word_1_464' title='bbox 642 3631 806 3703; x_wconf 86' lang='grc' dir='ltr'>τίτλῳ</span> <span class='ocrx_word' id='word_1_465' title='bbox 831 3631 900 3701; x_wconf 81' lang='grc' dir='ltr'>γ’.</span> <span class='ocrx_word' id='word_1_466' title='bbox 935 3634 1016 3688; x_wconf 82' lang='grc' dir='ltr'><strong>Τὰ</strong></span> <span class='ocrx_word' id='word_1_467' title='bbox 1041 3633 1100 3686; x_wconf 84' lang='grc' dir='ltr'><strong>δὲ</strong></span> <span class='ocrx_word' id='word_1_468' title='bbox 1125 3635 1536 3705; x_wconf 74' lang='grc' dir='ltr'>συνοψισθέντα,</span> <span class='ocrx_word' id='word_1_469' title='bbox 1570 3637 1679 3688; x_wconf 77' lang='grc' dir='ltr'>εἰσὶ</span> <span class='ocrx_word' id='word_1_470' title='bbox 1709 3635 1803 3688; x_wconf 81' lang='grc' dir='ltr'>τοῦ</span> <span class='ocrx_word' id='word_1_471' title='bbox 1835 3635 1930 3688; x_wconf 88' lang='grc' dir='ltr'>αὺ-</span> 
     </span>
    </p>
   </div>
   <div class='ocr_carea' id='block_1_67' title="bbox 317 3725 1925 3799">
    <p class='ocr_par' dir='ltr' id='par_1_67' title="bbox 317 3725 1925 3799">
     <span class='ocr_line' id='line_1_67' title="bbox 317 3725 1925 3799; baseline 0.001 -21"><span class='ocrx_word' id='word_1_472' title='bbox 317 3725 422 3778; x_wconf 79' lang='grc' dir='ltr'><strong>τοῦ</strong></span> <span class='ocrx_word' id='word_1_473' title='bbox 473 3725 677 3791; x_wconf 85' lang='grc' dir='ltr'>τίτλου,</span> <span class='ocrx_word' id='word_1_474' title='bbox 741 3727 1127 3796; x_wconf 48' lang='grc' dir='ltr'>κεφάλαιον-θ’</span> <span class='ocrx_word' id='word_1_475' title='bbox 1159 3727 1335 3793; x_wconf 75' lang='grc' dir='ltr'>οὕτως</span> <span class='ocrx_word' id='word_1_476' title='bbox 1384 3729 1527 3799; x_wconf 78' lang='grc' dir='ltr'>ἔχον·</span> <span class='ocrx_word' id='word_1_477' title='bbox 1587 3730 1656 3782; x_wconf 76' lang='grc' dir='ltr'>Εἰ</span> <span class='ocrx_word' id='word_1_478' title='bbox 1691 3729 1746 3781; x_wconf 82' lang='grc' dir='ltr'>δὲ</span> <span class='ocrx_word' id='word_1_479' title='bbox 1783 3728 1925 3798; x_wconf 80' lang='grc' dir='ltr'>ὑπὲρ</span> 
     </span>
    </p>
   </div>
   <div class='ocr_carea' id='block_1_68' title="bbox 319 3817 1929 3891">
    <p class='ocr_par' dir='ltr' id='par_1_68' title="bbox 319 3817 1929 3891">
     <span class='ocr_line' id='line_1_68' title="bbox 319 3817 1929 3891; baseline 0.001 -20"><span class='ocrx_word' id='word_1_480' title='bbox 319 3817 693 3889; x_wconf 78' lang='grc' dir='ltr'>ἀναρρύσεως</span> <span class='ocrx_word' id='word_1_481' title='bbox 727 3817 1099 3888; x_wconf 86' lang='grc' dir='ltr'>αἰχμαλώτων</span> <span class='ocrx_word' id='word_1_482' title='bbox 1139 3837 1191 3872; x_wconf 87' lang='grc' dir='ltr'><strong>τι</strong></span> <span class='ocrx_word' id='word_1_483' title='bbox 1237 3821 1691 3885; x_wconf 82' lang='grc' dir='ltr'>καταλέλειπται,</span> <span class='ocrx_word' id='word_1_484' title='bbox 1723 3822 1818 3874; x_wconf 73' lang='grc' dir='ltr'><strong>καὶ</strong></span> <span class='ocrx_word' id='word_1_485' title='bbox 1855 3824 1929 3891; x_wconf 83' lang='grc' dir='ltr'>μὴ</span> 
     </span>
    </p>
   </div>
   <div class='ocr_carea' id='block_1_69' title="bbox 315 3911 1931 3985">
    <p class='ocr_par' dir='ltr' id='par_1_69' title="bbox 315 3911 1931 3985">
     <span class='ocr_line' id='line_1_69' title="bbox 315 3911 1931 3985; baseline 0.001 -21"><span class='ocrx_word' id='word_1_486' title='bbox 315 3912 558 3982; x_wconf 80' lang='grc' dir='ltr'>ὀνόματι</span> <span class='ocrx_word' id='word_1_487' title='bbox 614 3913 643 3964; x_wconf 88' lang='grc' dir='ltr'>ὁ</span> <span class='ocrx_word' id='word_1_488' title='bbox 672 3911 996 3983; x_wconf 73' lang='grc' dir='ltr'>διαθέμενος</span> <span class='ocrx_word' id='word_1_489' title='bbox 1030 3913 1184 3984; x_wconf 76' lang='grc' dir='ltr'>εἴπῃ,</span> <span class='ocrx_word' id='word_1_490' title='bbox 1239 3914 1328 3967; x_wconf 89' lang='grc' dir='ltr'><strong>διά</strong></span> <span class='ocrx_word' id='word_1_491' title='bbox 1371 3931 1520 3976; x_wconf 84' lang='grc' dir='ltr'>τινος</span> <span class='ocrx_word' id='word_1_492' title='bbox 1543 3912 1650 3985; x_wconf 86' lang='grc' dir='ltr'><strong>χρὴ</strong></span> <span class='ocrx_word' id='word_1_493' title='bbox 1675 3913 1931 3983; x_wconf 83' lang='grc' dir='ltr'>γένεσθαι</span> 
     </span>
    </p>
   </div>
   <div class='ocr_carea' id='block_1_70' title="bbox 317 4004 1933 4078">
    <p class='ocr_par' dir='ltr' id='par_1_70' title="bbox 317 4004 1933 4078">
     <span class='ocr_line' id='line_1_70' title="bbox 317 4004 1933 4078; baseline 0 -20"><span class='ocrx_word' id='word_1_494' title='bbox 317 4005 430 4076; x_wconf 80' lang='grc' dir='ltr'><strong>τὴν</strong></span> <span class='ocrx_word' id='word_1_495' title='bbox 461 4005 786 4077; x_wconf 75' lang='grc' dir='ltr'>ἀνάρρυσιν,</span> <span class='ocrx_word' id='word_1_496' title='bbox 831 4006 926 4059; x_wconf 75' lang='grc' dir='ltr'><strong>καὶ</strong></span> <span class='ocrx_word' id='word_1_497' title='bbox 968 4004 1144 4068; x_wconf 73' lang='grc' dir='ltr'>οὕτως</span> <span class='ocrx_word' id='word_1_498' title='bbox 1201 4007 1498 4078; x_wconf 85' lang='grc' dir='ltr'>κελεύομεν</span> <span class='ocrx_word' id='word_1_499' title='bbox 1527 4009 1597 4060; x_wconf 82' lang='grc' dir='ltr'>τὰ</span> <span class='ocrx_word' id='word_1_500' title='bbox 1629 4008 1933 4078; x_wconf 81' lang='grc' dir='ltr'>πράγματα</span> 
     </span>
    </p>
   </div>
   <div class='ocr_carea' id='block_1_71' title="bbox 318 4098 1931 4168">
    <p class='ocr_par' dir='ltr' id='par_1_71' title="bbox 318 4098 1931 4168">
     <span class='ocr_line' id='line_1_71' title="bbox 318 4098 1931 4168; baseline 0.001 -17"><span class='ocrx_word' id='word_1_501' title='bbox 318 4103 397 4151; x_wconf 77' lang='grc' dir='ltr'><strong>τα</strong></span> <span class='ocrx_word' id='word_1_502' title='bbox 429 4099 522 4150; x_wconf 78' lang='grc' dir='ltr'><strong>ἐπὶ</strong></span> <span class='ocrx_word' id='word_1_503' title='bbox 545 4098 741 4152; x_wconf 89' lang='grc' dir='ltr'>τούτου</span> <span class='ocrx_word' id='word_1_504' title='bbox 773 4098 1236 4168; x_wconf 74' lang='grc' dir='ltr'>καταλειφθέντα,</span> <span class='ocrx_word' id='word_1_505' title='bbox 1259 4099 1466 4154; x_wconf 89' lang='grc' dir='ltr'>τούτων</span> <span class='ocrx_word' id='word_1_506' title='bbox 1486 4101 1671 4155; x_wconf 85' lang='grc' dir='ltr'>τόπων</span> <span class='ocrx_word' id='word_1_507' title='bbox 1705 4102 1931 4154; x_wconf 75' lang='grc' dir='ltr'>ἐπίσκο-</span> 
     </span>
    </p>
   </div>
   <div class='ocr_carea' id='block_1_72' title="bbox 319 4190 1936 4262">
    <p class='ocr_par' dir='ltr' id='par_1_72' title="bbox 319 4190 1936 4262">
     <span class='ocr_line' id='line_1_72' title="bbox 319 4190 1936 4262; baseline 0.001 -20"><span class='ocrx_word' id='word_1_508' title='bbox 319 4205 455 4256; x_wconf 76' lang='grc' dir='ltr'>πον,</span> <span class='ocrx_word' id='word_1_509' title='bbox 493 4191 588 4244; x_wconf 81' lang='grc' dir='ltr'>καὶ</span> <span class='ocrx_word' id='word_1_510' title='bbox 619 4191 712 4243; x_wconf 77' lang='grc' dir='ltr'>τὸν</span> <span class='ocrx_word' id='word_1_511' title='bbox 736 4190 932 4244; x_wconf 89' lang='grc' dir='ltr'>τούτου</span> <span class='ocrx_word' id='word_1_512' title='bbox 964 4193 1254 4262; x_wconf 74' lang='grc' dir='ltr'>οἰκονόμον</span> <span class='ocrx_word' id='word_1_513' title='bbox 1287 4192 1473 4246; x_wconf 88' lang='grc' dir='ltr'>λαϐεῖν</span> <span class='ocrx_word' id='word_1_514' title='bbox 1516 4194 1612 4246; x_wconf 80' lang='grc' dir='ltr'><strong>καὶ</strong></span> <span class='ocrx_word' id='word_1_515' title='bbox 1670 4193 1730 4245; x_wconf 80' lang='grc' dir='ltr'><strong>τὸ</strong></span> <span class='ocrx_word' id='word_1_516' title='bbox 1759 4191 1936 4246; x_wconf 86' lang='grc' dir='ltr'>τοιοῦ-</span> 
     </span>
    </p>
   </div>
   <div class='ocr_carea' id='block_1_73' title="bbox 317 4280 1928 4353">
    <p class='ocr_par' dir='ltr' id='par_1_73' title="bbox 317 4280 1928 4353">
     <span class='ocr_line' id='line_1_73' title="bbox 317 4280 1928 4353; baseline 0.001 -21"><span class='ocrx_word' id='word_1_517' title='bbox 317 4298 424 4332; x_wconf 78' lang='grc' dir='ltr'><strong>τον</strong></span> <span class='ocrx_word' id='word_1_518' title='bbox 477 4281 699 4344; x_wconf 83' lang='grc' dir='ltr'>εὐσεϐὲς</span> <span class='ocrx_word' id='word_1_519' title='bbox 733 4280 900 4350; x_wconf 82' lang='grc' dir='ltr'>ἔργον</span> <span class='ocrx_word' id='word_1_520' title='bbox 941 4281 1210 4353; x_wconf 82' lang='grc' dir='ltr'>πληροῦν.</span> <span class='ocrx_word' id='word_1_521' title='bbox 1258 4283 1347 4338; x_wconf 83' lang='grc' dir='ltr'>Ἐν</span> <span class='ocrx_word' id='word_1_522' title='bbox 1397 4282 1598 4345; x_wconf 85' lang='grc' dir='ltr'>πάσαις</span> <span class='ocrx_word' id='word_1_523' title='bbox 1629 4283 1744 4353; x_wconf 77' lang='grc' dir='ltr'>γὰρ</span> <span class='ocrx_word' id='word_1_524' title='bbox 1805 4285 1928 4346; x_wconf 84' lang='grc' dir='ltr'>ταῖς</span> 
     </span>
    </p>
   </div>
   <div class='ocr_carea' id='block_1_74' title="bbox 321 4375 1932 4448">
    <p class='ocr_par' dir='ltr' id='par_1_74' title="bbox 321 4375 1932 4448">
     <span class='ocr_line' id='line_1_74' title="bbox 321 4375 1932 4448; baseline 0.001 -20"><span class='ocrx_word' id='word_1_525' title='bbox 321 4375 617 4440; x_wconf 84' lang='grc' dir='ltr'>τοιαύταις</span> <span class='ocrx_word' id='word_1_526' title='bbox 657 4377 914 4429; x_wconf 78' lang='grc' dir='ltr'>εὐσεϐέσι</span> <span class='ocrx_word' id='word_1_527' title='bbox 944 4377 1260 4448; x_wconf 75' lang='grc' dir='ltr'>βουλήσεσι,</span> <span class='ocrx_word' id='word_1_528' title='bbox 1292 4379 1420 4442; x_wconf 83' lang='grc' dir='ltr'>τοὺς</span> <span class='ocrx_word' id='word_1_529' title='bbox 1448 4378 1781 4440; x_wconf 76' lang='grc' dir='ltr'>ὁσιωτάτους</span> <span class='ocrx_word' id='word_1_530' title='bbox 1821 4377 1932 4430; x_wconf 79' lang='grc' dir='ltr'>τῶν</span> 
     </span>
    </p>
   </div>
   <div class='ocr_carea' id='block_1_75' title="bbox 327 4467 1931 4540">
    <p class='ocr_par' dir='ltr' id='par_1_75' title="bbox 327 4467 1931 4540">
     <span class='ocr_line' id='line_1_75' title="bbox 327 4467 1931 4540; baseline 0 -21"><span class='ocrx_word' id='word_1_531' title='bbox 327 4467 522 4520; x_wconf 82' lang='grc' dir='ltr'>τόπων</span> <span class='ocrx_word' id='word_1_532' title='bbox 567 4469 904 4530; x_wconf 80' lang='grc' dir='ltr'>ἐπισκόπους</span> <span class='ocrx_word' id='word_1_533' title='bbox 933 4467 1240 4539; x_wconf 78' lang='grc' dir='ltr'>βουλόμεθα</span> <span class='ocrx_word' id='word_1_534' title='bbox 1269 4471 1541 4540; x_wconf 84' lang='grc' dir='ltr'>προνοεῖν,</span> <span class='ocrx_word' id='word_1_535' title='bbox 1574 4468 1716 4521; x_wconf 79' lang='grc' dir='ltr'>ὥστε</span> <span class='ocrx_word' id='word_1_536' title='bbox 1753 4467 1931 4520; x_wconf 80' lang='grc' dir='ltr'>πάντα</span> 
     </span>
    </p>
   </div>
   <div class='ocr_carea' id='block_1_76' title="bbox 325 4559 1926 4632">
    <p class='ocr_par' dir='ltr' id='par_1_76' title="bbox 325 4559 1926 4632">
     <span class='ocr_line' id='line_1_76' title="bbox 325 4559 1926 4632; baseline 0.001 -19"><span class='ocrx_word' id='word_1_537' title='bbox 325 4561 475 4614; x_wconf 78' lang='grc' dir='ltr'>κατὰ</span> <span class='ocrx_word' id='word_1_538' title='bbox 511 4559 610 4631; x_wconf 81' lang='grc' dir='ltr'>τὴν</span> <span class='ocrx_word' id='word_1_539' title='bbox 638 4559 733 4612; x_wconf 84' lang='grc' dir='ltr'>τοῦ</span> <span class='ocrx_word' id='word_1_540' title='bbox 756 4559 1184 4632; x_wconf 79' lang='grc' dir='ltr'>τελευτήσαντος</span> <span class='ocrx_word' id='word_1_541' title='bbox 1211 4561 1466 4632; x_wconf 81' lang='grc' dir='ltr'>βούλησιν</span> <span class='ocrx_word' id='word_1_542' title='bbox 1499 4562 1840 4632; x_wconf 87' lang='grc' dir='ltr'>προϐαίνειν,</span> <span class='ocrx_word' id='word_1_543' title='bbox 1877 4565 1926 4614; x_wconf 77' lang='grc' dir='ltr'><strong>εἰ</strong></span> 
     </span>
    </p>
   </div>
   <div class='ocr_carea' id='block_1_77' title="bbox 2033 3352 3038 3424">
    <p class='ocr_par' dir='ltr' id='par_1_77' title="bbox 2033 3352 3038 3424">
     <span class='ocr_line' id='line_1_77' title="bbox 2033 3352 3038 3424; baseline 0.003 -17"><span class='ocrx_word' id='word_1_544' title='bbox 2033 3352 2104 3407; x_wconf 74' lang='grc'><strong>45</strong></span> <span class='ocrx_word' id='word_1_545' title='bbox 2133 3360 2316 3406; x_wconf 87' lang='lat' dir='ltr'><strong>const.</strong></span> <span class='ocrx_word' id='word_1_546' title='bbox 2351 3352 2616 3420; x_wconf 88' lang='lat' dir='ltr'><strong>instituit,</strong></span> <span class='ocrx_word' id='word_1_547' title='bbox 2655 3361 2710 3406; x_wconf 82' lang='lat' dir='ltr'><strong>ut</strong></span> <span class='ocrx_word' id='word_1_548' title='bbox 2746 3369 2872 3424; x_wconf 85' lang='lat' dir='ltr'><strong>pag.</strong></span> <span class='ocrx_word' id='word_1_549' title='bbox 2909 3353 3038 3410; x_wconf 82' lang='lat'><strong>566.</strong></span> 
     </span>
    </p>
   </div>
   <div class='ocr_carea' id='block_1_78' title="bbox 2111 3444 3639 3518">
    <p class='ocr_par' dir='ltr' id='par_1_78' title="bbox 2111 3444 3639 3518">
     <span class='ocr_line' id='line_1_78' title="bbox 2111 3444 3639 3518; baseline 0.008 -18"><span class='ocrx_word' id='word_1_550' title='bbox 2111 3444 2411 3502; x_wconf 84' lang='lat' dir='ltr'><strong>Sclwlium.</strong></span> <span class='ocrx_word' id='word_1_551' title='bbox 2462 3446 2648 3502; x_wconf 89' lang='lat' dir='ltr'><strong>Const.</strong></span> <span class='ocrx_word' id='word_1_552' title='bbox 2703 3448 2760 3514; x_wconf 79' lang='grc'><strong>5,</strong></span> <span class='ocrx_word' id='word_1_553' title='bbox 2813 3449 2896 3504; x_wconf 80' lang='lat' dir='ltr'><strong>tit.</strong></span> <span class='ocrx_word' id='word_1_554' title='bbox 2928 3449 2963 3502; x_wconf 76' lang='lat'><strong>2</strong></span> <span class='ocrx_word' id='word_1_555' title='bbox 2995 3448 3372 3518; x_wconf 87' lang='lat' dir='ltr'><strong>Novellarum,</strong></span> <span class='ocrx_word' id='word_1_556' title='bbox 3415 3465 3501 3511; x_wconf 89' lang='lat' dir='ltr'><strong>est</strong></span> <span class='ocrx_word' id='word_1_557' title='bbox 3533 3472 3639 3512; x_wconf 89' lang='lat' dir='ltr'><strong>no-</strong></span> 
     </span>
    </p>
   </div>
   <div class='ocr_carea' id='block_1_79' title="bbox 2039 3534 3631 3613">
    <p class='ocr_par' dir='ltr' id='par_1_79' title="bbox 2039 3534 3631 3613">
     <span class='ocr_line' id='line_1_79' title="bbox 2039 3534 3631 3613; baseline 0.008 -23"><span class='ocrx_word' id='word_1_558' title='bbox 2039 3536 2180 3592; x_wconf 92' lang='lat' dir='ltr'><strong>vella</strong></span> <span class='ocrx_word' id='word_1_559' title='bbox 2206 3534 2509 3592; x_wconf 83' lang='lat' dir='ltr'><strong>Justiniani</strong></span> <span class='ocrx_word' id='word_1_560' title='bbox 2543 3537 2641 3592; x_wconf 79' lang='lat' dir='ltr'><strong>13f</strong></span> <span class='ocrx_word' id='word_1_561' title='bbox 2682 3537 2760 3610; x_wconf 88' lang='lat' dir='ltr'><strong>[et</strong></span> <span class='ocrx_word' id='word_1_562' title='bbox 2794 3541 2900 3612; x_wconf 83' lang='lat' dir='ltr'><strong>est]</strong></span> <span class='ocrx_word' id='word_1_563' title='bbox 2931 3542 3106 3611; x_wconf 89' lang='lat' dir='ltr'><strong>posita</strong></span> <span class='ocrx_word' id='word_1_564' title='bbox 3138 3544 3194 3598; x_wconf 92' lang='lat' dir='ltr'><strong>in</strong></span> <span class='ocrx_word' id='word_1_565' title='bbox 3231 3545 3329 3600; x_wconf 91' lang='lat' dir='ltr'><strong>lib.</strong></span> <span class='ocrx_word' id='word_1_566' title='bbox 3369 3561 3421 3613; x_wconf 90' lang='lat' dir='ltr'><strong>v,</strong></span> <span class='ocrx_word' id='word_1_567' title='bbox 3459 3548 3541 3612; x_wconf 71' lang='lat' dir='ltr'><strong>tit,</strong></span> <span class='ocrx_word' id='word_1_568' title='bbox 3577 3549 3631 3604; x_wconf 81' lang='grc'><strong>5.</strong></span> 
     </span>
    </p>
   </div>
   <div class='ocr_carea' id='block_1_80' title="bbox 2039 3632 3635 3710">
    <p class='ocr_par' dir='ltr' id='par_1_80' title="bbox 2039 3632 3635 3710">
     <span class='ocr_line' id='line_1_80' title="bbox 2039 3632 3635 3710; baseline 0.008 -25"><span class='ocrx_word' id='word_1_569' title='bbox 2039 3633 2172 3698; x_wconf 65' lang='lat' dir='ltr'><strong>Quae</strong></span> <span class='ocrx_word' id='word_1_570' title='bbox 2207 3647 2338 3687; x_wconf 88' lang='lat' dir='ltr'><strong>vero</strong></span> <span class='ocrx_word' id='word_1_571' title='bbox 2383 3632 2437 3686; x_wconf 90' lang='lat' dir='ltr'><strong>in</strong></span> <span class='ocrx_word' id='word_1_572' title='bbox 2467 3633 2812 3702; x_wconf 72' lang='lat' dir='ltr'><strong>compendio</strong></span> <span class='ocrx_word' id='word_1_573' title='bbox 2863 3637 3143 3706; x_wconf 60' lang='lat' dir='ltr'><strong>propessita</strong></span> <span class='ocrx_word' id='word_1_574' title='bbox 3201 3649 3351 3704; x_wconf 90' lang='lat' dir='ltr'><strong>sunt,</strong></span> <span class='ocrx_word' id='word_1_575' title='bbox 3386 3642 3635 3710; x_wconf 85' lang='lat' dir='ltr'><strong>ejusdem</strong></span> 
     </span>
    </p>
   </div>
   <div class='ocr_carea' id='block_1_81' title="bbox 2039 3725 3608 3805">
    <p class='ocr_par' dir='ltr' id='par_1_81' title="bbox 2039 3725 3608 3805">
     <span class='ocr_line' id='line_1_81' title="bbox 2039 3725 3608 3805; baseline 0.008 -25"><span class='ocrx_word' id='word_1_576' title='bbox 2039 3727 2125 3780; x_wconf 90' lang='lat' dir='ltr'><strong>tit.</strong></span> <span class='ocrx_word' id='word_1_577' title='bbox 2161 3736 2293 3780; x_wconf 80' lang='lat' dir='ltr'><strong>sunt</strong></span> <span class='ocrx_word' id='word_1_578' title='bbox 2321 3741 2444 3796; x_wconf 89' lang='lat' dir='ltr'><strong>cap.</strong></span> <span class='ocrx_word' id='word_1_579' title='bbox 2477 3725 2530 3791; x_wconf 89' lang='lat'><strong>9,</strong></span> <span class='ocrx_word' id='word_1_580' title='bbox 2565 3728 2710 3796; x_wconf 91' lang='lat' dir='ltr'><strong>quod</strong></span> <span class='ocrx_word' id='word_1_581' title='bbox 2773 3729 2854 3784; x_wconf 92' lang='lat' dir='ltr'><strong>sic</strong></span> <span class='ocrx_word' id='word_1_582' title='bbox 2902 3729 3108 3784; x_wconf 89' lang='lat' dir='ltr'><strong>habet:</strong></span> <span class='ocrx_word' id='word_1_583' title='bbox 3137 3729 3270 3787; x_wconf 89' lang='lat' dir='ltr'><strong>Item</strong></span> <span class='ocrx_word' id='word_1_584' title='bbox 3303 3735 3349 3789; x_wconf 92' lang='lat' dir='ltr'><strong>si</strong></span> <span class='ocrx_word' id='word_1_585' title='bbox 3398 3751 3498 3805; x_wconf 91' lang='lat' dir='ltr'><strong>pro</strong></span> <span class='ocrx_word' id='word_1_586' title='bbox 3547 3751 3608 3792; x_wconf 90' lang='lat' dir='ltr'><strong>re</strong></span> 
     </span>
    </p>
   </div>
   <div class='ocr_carea' id='block_1_82' title="bbox 2039 3819 3642 3900">
    <p class='ocr_par' dir='ltr' id='par_1_82' title="bbox 2039 3819 3642 3900">
     <span class='ocr_line' id='line_1_82' title="bbox 2039 3819 3642 3900; baseline 0.007 -26"><span class='ocrx_word' id='word_1_587' title='bbox 2039 3819 2356 3888; x_wconf 88' lang='lat' dir='ltr'><strong>demptione</strong></span> <span class='ocrx_word' id='word_1_588' title='bbox 2408 3820 2751 3889; x_wconf 86' lang='lat' dir='ltr'><strong>captivorum</strong></span> <span class='ocrx_word' id='word_1_589' title='bbox 2787 3823 2996 3892; x_wconf 89' lang='lat' dir='ltr'><strong>aliquid</strong></span> <span class='ocrx_word' id='word_1_590' title='bbox 3043 3825 3288 3880; x_wconf 89' lang='lat' dir='ltr'><strong>relictum</strong></span> <span class='ocrx_word' id='word_1_591' title='bbox 3329 3827 3420 3892; x_wconf 91' lang='lat' dir='ltr'><strong>sit,</strong></span> <span class='ocrx_word' id='word_1_592' title='bbox 3461 3843 3642 3900; x_wconf 88' lang='lat' dir='ltr'><strong>neque</strong></span> 
     </span>
    </p>
   </div>
   <div class='ocr_carea' id='block_1_83' title="bbox 2039 3909 3647 3985">
    <p class='ocr_par' dir='ltr' id='par_1_83' title="bbox 2039 3909 3647 3985">
     <span class='ocr_line' id='line_1_83' title="bbox 2039 3909 3647 3985; baseline 0.005 -22"><span class='ocrx_word' id='word_1_593' title='bbox 2039 3917 2274 3963; x_wconf 85' lang='lat' dir='ltr'><strong>testator</strong></span> <span class='ocrx_word' id='word_1_594' title='bbox 2307 3909 2636 3963; x_wconf 91' lang='lat' dir='ltr'><strong>nominatim</strong></span> <span class='ocrx_word' id='word_1_595' title='bbox 2677 3910 2900 3975; x_wconf 81' lang='lat' dir='ltr'><strong>dixerit,</strong></span> <span class='ocrx_word' id='word_1_596' title='bbox 2953 3927 3052 3981; x_wconf 84' lang='lat' dir='ltr'><strong>per</strong></span> <span class='ocrx_word' id='word_1_597' title='bbox 3100 3929 3266 3983; x_wconf 84' lang='lat' dir='ltr'><strong>quem</strong></span> <span class='ocrx_word' id='word_1_598' title='bbox 3304 3915 3647 3985; x_wconf 81' lang='lat' dir='ltr'><strong>redemptio-</strong></span> 
     </span>
    </p>
   </div>
   <div class='ocr_carea' id='block_1_84' title="bbox 2039 4001 3639 4075">
    <p class='ocr_par' dir='ltr' id='par_1_84' title="bbox 2039 4001 3639 4075">
     <span class='ocr_line' id='line_1_84' title="bbox 2039 4001 3639 4075; baseline 0.006 -19"><span class='ocrx_word' id='word_1_599' title='bbox 2039 4018 2164 4056; x_wconf 87' lang='lat' dir='ltr'><strong>nem</strong></span> <span class='ocrx_word' id='word_1_600' title='bbox 2197 4001 2312 4056; x_wconf 87' lang='lat' dir='ltr'><strong>fieri</strong></span> <span class='ocrx_word' id='word_1_601' title='bbox 2359 4011 2654 4071; x_wconf 86' lang='lat' dir='ltr'><strong>oporteat:</strong></span> <span class='ocrx_word' id='word_1_602' title='bbox 2689 4002 2875 4058; x_wconf 85' lang='lat' dir='ltr'><strong>itidem</strong></span> <span class='ocrx_word' id='word_1_603' title='bbox 2914 4005 3198 4075; x_wconf 90' lang='lat' dir='ltr'><strong>jubemus,</strong></span> <span class='ocrx_word' id='word_1_604' title='bbox 3235 4017 3295 4061; x_wconf 89' lang='lat' dir='ltr'><strong>ut</strong></span> <span class='ocrx_word' id='word_1_605' title='bbox 3327 4023 3415 4062; x_wconf 89' lang='lat' dir='ltr'><strong>res</strong></span> <span class='ocrx_word' id='word_1_606' title='bbox 3449 4010 3502 4062; x_wconf 91' lang='lat' dir='ltr'><strong>in</strong></span> <span class='ocrx_word' id='word_1_607' title='bbox 3533 4009 3639 4065; x_wconf 90' lang='lat' dir='ltr'><strong>hoc</strong></span> 
     </span>
    </p>
   </div>
   <div class='ocr_carea' id='block_1_85' title="bbox 2039 4095 3641 4169">
    <p class='ocr_par' dir='ltr' id='par_1_85' title="bbox 2039 4095 3641 4169">
     <span class='ocr_line' id='line_1_85' title="bbox 2039 4095 3641 4169; baseline 0.005 -20"><span class='ocrx_word' id='word_1_608' title='bbox 2039 4095 2278 4161; x_wconf 86' lang='lat' dir='ltr'><strong>relictas,</strong></span> <span class='ocrx_word' id='word_1_609' title='bbox 2313 4095 2562 4150; x_wconf 88' lang='lat' dir='ltr'><strong>locorum</strong></span> <span class='ocrx_word' id='word_1_610' title='bbox 2599 4096 2896 4166; x_wconf 86' lang='lat' dir='ltr'><strong>episcopus</strong></span> <span class='ocrx_word' id='word_1_611' title='bbox 2921 4107 2976 4151; x_wconf 91' lang='lat' dir='ltr'><strong>et</strong></span> <span class='ocrx_word' id='word_1_612' title='bbox 3003 4098 3171 4169; x_wconf 89' lang='lat' dir='ltr'><strong>hujus</strong></span> <span class='ocrx_word' id='word_1_613' title='bbox 3198 4114 3521 4156; x_wconf 60' lang='lat' dir='ltr'><strong>oeconomus</strong></span> <span class='ocrx_word' id='word_1_614' title='bbox 3545 4117 3641 4157; x_wconf 88' lang='lat' dir='ltr'><strong>ca-</strong></span> 
     </span>
    </p>
   </div>
   <div class='ocr_carea' id='block_1_86' title="bbox 2041 4189 3640 4262">
    <p class='ocr_par' dir='ltr' id='par_1_86' title="bbox 2041 4189 3640 4262">
     <span class='ocr_line' id='line_1_86' title="bbox 2041 4189 3640 4262; baseline 0.007 -20"><span class='ocrx_word' id='word_1_615' title='bbox 2041 4191 2176 4260; x_wconf 82' lang='lat' dir='ltr'><strong>piat,</strong></span> <span class='ocrx_word' id='word_1_616' title='bbox 2205 4199 2260 4245; x_wconf 91' lang='lat' dir='ltr'><strong>ct</strong></span> <span class='ocrx_word' id='word_1_617' title='bbox 2302 4189 2620 4260; x_wconf 91' lang='lat' dir='ltr'><strong>hujusmodi</strong></span> <span class='ocrx_word' id='word_1_618' title='bbox 2658 4191 2805 4260; x_wconf 88' lang='lat' dir='ltr'><strong>pimn</strong></span> <span class='ocrx_word' id='word_1_619' title='bbox 2835 4207 2974 4262; x_wconf 90' lang='lat' dir='ltr'><strong>opus</strong></span> <span class='ocrx_word' id='word_1_620' title='bbox 3000 4193 3258 4262; x_wconf 46' lang='lat' dir='ltr'><strong>.impleat.</strong></span> <span class='ocrx_word' id='word_1_621' title='bbox 3287 4191 3346 4248; x_wconf 90' lang='lat' dir='ltr'><strong>ln</strong></span> <span class='ocrx_word' id='word_1_622' title='bbox 3379 4196 3640 4253; x_wconf 86' lang='lat' dir='ltr'><strong>omnibus</strong></span> 
     </span>
    </p>
   </div>
   <div class='ocr_carea' id='block_1_87' title="bbox 2041 4283 3640 4359">
    <p class='ocr_par' dir='ltr' id='par_1_87' title="bbox 2041 4283 3640 4359">
     <span class='ocr_line' id='line_1_87' title="bbox 2041 4283 3640 4359; baseline 0.004 -21"><span class='ocrx_word' id='word_1_623' title='bbox 2041 4283 2192 4338; x_wconf 72' lang='lat' dir='ltr'><strong>extim</strong></span> <span class='ocrx_word' id='word_1_624' title='bbox 2245 4283 2368 4338; x_wconf 86' lang='lat' dir='ltr'><strong>istis</strong></span> <span class='ocrx_word' id='word_1_625' title='bbox 2402 4284 2506 4352; x_wconf 90' lang='lat' dir='ltr'><strong>piis</strong></span> <span class='ocrx_word' id='word_1_626' title='bbox 2538 4283 2916 4339; x_wconf 87' lang='lat' dir='ltr'><strong>voluntatibus</strong></span> <span class='ocrx_word' id='word_1_627' title='bbox 2961 4286 3216 4342; x_wconf 89' lang='lat' dir='ltr'><strong>volumus</strong></span> <span class='ocrx_word' id='word_1_628' title='bbox 3264 4289 3430 4342; x_wconf 90' lang='lat' dir='ltr'><strong>etiam</strong></span> <span class='ocrx_word' id='word_1_629' title='bbox 3489 4289 3640 4359; x_wconf 89' lang='lat' dir='ltr'><strong>ipsos</strong></span> 
     </span>
    </p>
   </div>
   <div class='ocr_carea' id='block_1_88' title="bbox 2042 4375 3638 4449">
    <p class='ocr_par' dir='ltr' id='par_1_88' title="bbox 2042 4375 3638 4449">
     <span class='ocr_line' id='line_1_88' title="bbox 2042 4375 3638 4449; baseline 0.004 -21"><span class='ocrx_word' id='word_1_630' title='bbox 2042 4375 2490 4445; x_wconf 77' lang='lat' dir='ltr'><strong>religiosissimos</strong></span> <span class='ocrx_word' id='word_1_631' title='bbox 2551 4375 2803 4431; x_wconf 86' lang='lat' dir='ltr'><strong>locorum</strong></span> <span class='ocrx_word' id='word_1_632' title='bbox 2875 4377 3168 4447; x_wconf 87' lang='lat' dir='ltr'><strong>episcopos</strong></span> <span class='ocrx_word' id='word_1_633' title='bbox 3233 4379 3638 4449; x_wconf 82' lang='lat' dir='ltr'><strong>providentiam</strong></span> 
     </span>
    </p>
   </div>
   <div class='ocr_carea' id='block_1_89' title="bbox 2043 4467 3640 4531">
    <p class='ocr_par' dir='ltr' id='par_1_89' title="bbox 2043 4467 3640 4531">
     <span class='ocr_line' id='line_1_89' title="bbox 2043 4467 3640 4531; baseline 0.006 -13"><span class='ocrx_word' id='word_1_634' title='bbox 2043 4467 2489 4531; x_wconf 86' lang='lat' dir='ltr'><strong>accommodare,</strong></span> <span class='ocrx_word' id='word_1_635' title='bbox 2517 4469 2776 4522; x_wconf 85' lang='lat' dir='ltr'><strong>utomnia</strong></span> <span class='ocrx_word' id='word_1_636' title='bbox 2804 4469 3109 4524; x_wconf 86' lang='lat' dir='ltr'><strong>secundum</strong></span> <span class='ocrx_word' id='word_1_637' title='bbox 3137 4473 3416 4527; x_wconf 88' lang='lat' dir='ltr'><strong>testatoris</strong></span> <span class='ocrx_word' id='word_1_638' title='bbox 3439 4473 3640 4528; x_wconf 84' lang='lat' dir='ltr'><strong>volun-</strong></span> 
     </span>
    </p>
   </div>
   <div class='ocr_carea' id='block_1_90' title="bbox 2043 4561 3642 4630">
    <p class='ocr_par' dir='ltr' id='par_1_90' title="bbox 2043 4561 3642 4630">
     <span class='ocr_line' id='line_1_90' title="bbox 2043 4561 3642 4630; baseline 0.009 -18"><span class='ocrx_word' id='word_1_639' title='bbox 2043 4569 2206 4613; x_wconf 91' lang='lat' dir='ltr'><strong>tatem</strong></span> <span class='ocrx_word' id='word_1_640' title='bbox 2231 4562 2534 4630; x_wconf 87' lang='lat' dir='ltr'><strong>procedant</strong></span> <span class='ocrx_word' id='word_1_641' title='bbox 2559 4578 2573 4615; x_wconf 90' lang='lat'>:</span> <span class='ocrx_word' id='word_1_642' title='bbox 2595 4561 2698 4616; x_wconf 91' lang='lat' dir='ltr'><strong>etsi</strong></span> <span class='ocrx_word' id='word_1_643' title='bbox 2719 4563 2956 4617; x_wconf 86' lang='lat' dir='ltr'><strong>maxime</strong></span> <span class='ocrx_word' id='word_1_644' title='bbox 2980 4577 3010 4617; x_wconf 87' lang='lat' dir='ltr'><strong>a</strong></span> <span class='ocrx_word' id='word_1_645' title='bbox 3043 4565 3397 4621; x_wconf 87' lang='lat' dir='ltr'><strong>tcstatoribus</strong></span> <span class='ocrx_word' id='word_1_646' title='bbox 3425 4577 3519 4621; x_wconf 87' lang='lat' dir='ltr'><strong>aut</strong></span> <span class='ocrx_word' id='word_1_647' title='bbox 3540 4571 3642 4625; x_wconf 92' lang='lat' dir='ltr'><strong>d0-</strong></span> 
     </span>
    </p>
   </div>
   <div class='ocr_carea' id='block_1_91' title="bbox 325 4653 1922 4727">
    <p class='ocr_par' dir='ltr' id='par_1_91' title="bbox 325 4654 1922 4727">
     <span class='ocr_line' id='line_1_91' title="bbox 325 4654 1922 4727; baseline 0 -19"><span class='ocrx_word' id='word_1_648' title='bbox 325 4654 431 4708; x_wconf 73' lang='grc' dir='ltr'><strong>καὶ</strong></span> <span class='ocrx_word' id='word_1_649' title='bbox 461 4655 528 4707; x_wconf 83' lang='grc' dir='ltr'>τὰ</span> <span class='ocrx_word' id='word_1_650' title='bbox 554 4654 796 4726; x_wconf 81' lang='grc' dir='ltr'>μάλιστα</span> <span class='ocrx_word' id='word_1_651' title='bbox 813 4656 968 4726; x_wconf 84' lang='grc' dir='ltr'><strong>παρά</strong></span> <span class='ocrx_word' id='word_1_652' title='bbox 987 4656 1096 4708; x_wconf 73' lang='grc' dir='ltr'>τῶν</span> <span class='ocrx_word' id='word_1_653' title='bbox 1117 4655 1506 4727; x_wconf 86' lang='grc' dir='ltr'>διαθεμένωνῆ</span> <span class='ocrx_word' id='word_1_654' title='bbox 1538 4655 1644 4710; x_wconf 83' lang='grc' dir='ltr'>τῶν</span> <span class='ocrx_word' id='word_1_655' title='bbox 1673 4655 1922 4727; x_wconf 84' lang='grc' dir='ltr'>δωρησα-</span> 
     </span>
    </p>
   </div>
   <div class='ocr_carea' id='block_1_92' title="bbox 2029 4653 3640 4727">
    <p class='ocr_par' dir='ltr' id='par_1_92' title="bbox 2041 4653 3640 4726">
     <span class='ocr_line' id='line_1_92' title="bbox 2041 4653 3640 4726; baseline 0.006 -20"><span class='ocrx_word' id='word_1_656' title='bbox 2041 4653 2335 4707; x_wconf 88' lang='lat' dir='ltr'><strong>natoribus</strong></span> <span class='ocrx_word' id='word_1_657' title='bbox 2371 4653 2726 4710; x_wconf 85' lang='lat' dir='ltr'><strong>interdictum</strong></span> <span class='ocrx_word' id='word_1_658' title='bbox 2753 4654 2889 4725; x_wconf 81' lang='lat' dir='ltr'><strong>ipsis</strong></span> <span class='ocrx_word' id='word_1_659' title='bbox 2919 4656 3012 4722; x_wconf 90' lang='lat' dir='ltr'><strong>sit,</strong></span> <span class='ocrx_word' id='word_1_660' title='bbox 3051 4671 3121 4711; x_wconf 91' lang='lat' dir='ltr'><strong>ne</strong></span> <span class='ocrx_word' id='word_1_661' title='bbox 3175 4659 3306 4726; x_wconf 90' lang='lat' dir='ltr'><strong>quid</strong></span> <span class='ocrx_word' id='word_1_662' title='bbox 3346 4657 3402 4713; x_wconf 92' lang='lat' dir='ltr'><strong>in</strong></span> <span class='ocrx_word' id='word_1_663' title='bbox 3434 4661 3502 4715; x_wconf 91' lang='lat' dir='ltr'><strong>iis</strong></span> <span class='ocrx_word' id='word_1_664' title='bbox 3543 4661 3640 4717; x_wconf 89' lang='lat' dir='ltr'><strong>ha-</strong></span> 
     </span>
    </p>
   </div>
   <div class='ocr_carea' id='block_1_93' title="bbox 326 4746 1938 4817">
    <p class='ocr_par' dir='ltr' id='par_1_93' title="bbox 326 4746 1938 4817">
     <span class='ocr_line' id='line_1_93' title="bbox 326 4746 1938 4817; baseline 0.002 -21"><span class='ocrx_word' id='word_1_665' title='bbox 326 4747 540 4817; x_wconf 79' lang='grc' dir='ltr'>μένων,</span> <span class='ocrx_word' id='word_1_666' title='bbox 593 4747 956 4817; x_wconf 82' lang='grc' dir='ltr'>ἁπαγορευθῇ</span> <span class='ocrx_word' id='word_1_667' title='bbox 1005 4746 1191 4810; x_wconf 67' lang='grc' dir='ltr'>αὐτοῖς</span> <span class='ocrx_word' id='word_1_668' title='bbox 1230 4747 1374 4816; x_wconf 80' lang='grc' dir='ltr'>ἔχειν</span> <span class='ocrx_word' id='word_1_669' title='bbox 1417 4748 1556 4816; x_wconf 81' lang='grc' dir='ltr'>πρὸς</span> <span class='ocrx_word' id='word_1_670' title='bbox 1613 4747 1755 4800; x_wconf 78' lang='grc' dir='ltr'><strong>αὑτά</strong></span> <span class='ocrx_word' id='word_1_671' title='bbox 1814 4764 1938 4800; x_wconf 87' lang='grc' dir='ltr'>τινα</span> 
     </span>
    </p>
   </div>
   <div class='ocr_carea' id='block_1_94' title="bbox 327 4837 1933 4911">
    <p class='ocr_par' dir='ltr' id='par_1_94' title="bbox 327 4837 1933 4911">
     <span class='ocr_line' id='line_1_94' title="bbox 327 4837 1933 4911; baseline 0 -20"><span class='ocrx_word' id='word_1_672' title='bbox 327 4838 654 4911; x_wconf 79' lang='grc' dir='ltr'>μετουσίαν.</span> <span class='ocrx_word' id='word_1_673' title='bbox 703 4839 768 4891; x_wconf 86' lang='grc' dir='ltr'>Εἰ</span> <span class='ocrx_word' id='word_1_674' title='bbox 818 4837 874 4890; x_wconf 80' lang='grc' dir='ltr'><strong>δὲ</strong></span> <span class='ocrx_word' id='word_1_675' title='bbox 917 4840 967 4891; x_wconf 84' lang='grc' dir='ltr'><strong>οἰ</strong></span> <span class='ocrx_word' id='word_1_676' title='bbox 1000 4838 1175 4892; x_wconf 81' lang='grc' dir='ltr'>ταῦτα</span> <span class='ocrx_word' id='word_1_677' title='bbox 1235 4838 1467 4910; x_wconf 76' lang='grc' dir='ltr'>ποιῆσαι</span> <span class='ocrx_word' id='word_1_678' title='bbox 1522 4838 1933 4907; x_wconf 82' lang='grc' dir='ltr'>κελευσθέντες,</span> 
     </span>
    </p>
   </div>
   <div class='ocr_carea' id='block_1_95' title="bbox 325 4930 1933 5002">
    <p class='ocr_par' dir='ltr' id='par_1_95' title="bbox 325 4930 1933 5002">
     <span class='ocr_line' id='line_1_95' title="bbox 325 4930 1933 5002; baseline -0.001 -16"><span class='ocrx_word' id='word_1_679' title='bbox 325 4931 488 4996; x_wconf 77' lang='grc' dir='ltr'>ἅπαξ</span> <span class='ocrx_word' id='word_1_680' title='bbox 520 4932 617 4984; x_wconf 78' lang='grc' dir='ltr'>καὶ</span> <span class='ocrx_word' id='word_1_681' title='bbox 661 4931 744 4994; x_wconf 77' lang='grc' dir='ltr'>δὶς</span> <span class='ocrx_word' id='word_1_682' title='bbox 782 4931 937 5002; x_wconf 80' lang='grc' dir='ltr'>παρᾶ</span> <span class='ocrx_word' id='word_1_683' title='bbox 970 4930 1064 4983; x_wconf 82' lang='grc' dir='ltr'>τοῦ</span> <span class='ocrx_word' id='word_1_684' title='bbox 1119 4933 1546 5001; x_wconf 81' lang='grc' dir='ltr'>μακαριωτάτου</span> <span class='ocrx_word' id='word_1_685' title='bbox 1585 4933 1694 4985; x_wconf 84' lang='grc' dir='ltr'><strong>τῶν</strong></span> <span class='ocrx_word' id='word_1_686' title='bbox 1751 4932 1933 4985; x_wconf 85' lang='grc' dir='ltr'>τόπων</span> 
     </span>
    </p>
   </div>
   <div class='ocr_carea' id='block_1_96' title="bbox 321 5022 1931 5096">
    <p class='ocr_par' dir='ltr' id='par_1_96' title="bbox 321 5022 1931 5096">
     <span class='ocr_line' id='line_1_96' title="bbox 321 5022 1931 5096; baseline -0.001 -17"><span class='ocrx_word' id='word_1_687' title='bbox 321 5025 639 5079; x_wconf 81' lang='grc' dir='ltr'>ἐπισκόπου</span> <span class='ocrx_word' id='word_1_688' title='bbox 691 5024 787 5077; x_wconf 71' lang='grc' dir='ltr'><strong>καὶ</strong></span> <span class='ocrx_word' id='word_1_689' title='bbox 851 5022 960 5076; x_wconf 82' lang='grc' dir='ltr'><strong>τῶν</strong></span> <span class='ocrx_word' id='word_1_690' title='bbox 996 5023 1201 5076; x_wconf 84' lang='grc' dir='ltr'>τούτων</span> <span class='ocrx_word' id='word_1_691' title='bbox 1259 5023 1564 5095; x_wconf 85' lang='grc' dir='ltr'>οἰκονόμων</span> <span class='ocrx_word' id='word_1_692' title='bbox 1610 5024 1698 5078; x_wconf 84' lang='grc' dir='ltr'>διὰ</span> <span class='ocrx_word' id='word_1_693' title='bbox 1759 5025 1931 5096; x_wconf 86' lang='grc' dir='ltr'>δημο-</span> 
     </span>
    </p>
   </div>
   <div class='ocr_carea' id='block_1_97' title="bbox 327 5115 1931 5188">
    <p class='ocr_par' dir='ltr' id='par_1_97' title="bbox 327 5115 1931 5188">
     <span class='ocr_line' id='line_1_97' title="bbox 327 5115 1931 5188; baseline 0.001 -19"><span class='ocrx_word' id='word_1_694' title='bbox 327 5116 470 5170; x_wconf 82' lang='grc' dir='ltr'>σίων</span> <span class='ocrx_word' id='word_1_695' title='bbox 522 5115 838 5188; x_wconf 85' lang='grc' dir='ltr'>προσώπων</span> <span class='ocrx_word' id='word_1_696' title='bbox 894 5115 1384 5187; x_wconf 83' lang='grc' dir='ltr'>ὑπομνησθέντες,</span> <span class='ocrx_word' id='word_1_697' title='bbox 1453 5115 1802 5186; x_wconf 82' lang='grc' dir='ltr'>ὑπερθῶνται</span> <span class='ocrx_word' id='word_1_698' title='bbox 1861 5117 1931 5170; x_wconf 77' lang='grc' dir='ltr'>τὰ</span> 
     </span>
    </p>
   </div>
   <div class='ocr_carea' id='block_1_98' title="bbox 320 5209 1928 5284">
    <p class='ocr_par' dir='ltr' id='par_1_98' title="bbox 320 5209 1928 5284">
     <span class='ocr_line' id='line_1_98' title="bbox 320 5209 1928 5284; baseline -0.002 -16"><span class='ocrx_word' id='word_1_699' title='bbox 320 5211 745 5268; x_wconf 83' lang='grc' dir='ltr'>διατυπωθέντα</span> <span class='ocrx_word' id='word_1_700' title='bbox 790 5213 1126 5284; x_wconf 81' lang='grc' dir='ltr'>πληρῶσαι,</span> <span class='ocrx_word' id='word_1_701' title='bbox 1159 5211 1458 5283; x_wconf 86' lang='grc' dir='ltr'>κελεύομεν</span> <span class='ocrx_word' id='word_1_702' title='bbox 1507 5211 1730 5275; x_wconf 82' lang='grc' dir='ltr'>τούτους</span> <span class='ocrx_word' id='word_1_703' title='bbox 1780 5209 1928 5264; x_wconf 72' lang='grc' dir='ltr'>ἅπαν</span> 
     </span>
    </p>
   </div>
   <div class='ocr_carea' id='block_1_99' title="bbox 325 5303 1931 5378">
    <p class='ocr_par' dir='ltr' id='par_1_99' title="bbox 325 5303 1931 5378">
     <span class='ocr_line' id='line_1_99' title="bbox 325 5303 1931 5378; baseline -0.003 -14"><span class='ocrx_word' id='word_1_704' title='bbox 325 5307 528 5378; x_wconf 84' lang='grc' dir='ltr'>κέρδος</span> <span class='ocrx_word' id='word_1_705' title='bbox 562 5307 929 5376; x_wconf 77' lang='grc' dir='ltr'>καταλειφθὲν</span> <span class='ocrx_word' id='word_1_706' title='bbox 961 5307 1148 5370; x_wconf 83' lang='grc' dir='ltr'>αὐτοῖς</span> <span class='ocrx_word' id='word_1_707' title='bbox 1199 5307 1354 5377; x_wconf 77' lang='grc' dir='ltr'>παρὰ</span> <span class='ocrx_word' id='word_1_708' title='bbox 1393 5303 1490 5358; x_wconf 82' lang='grc' dir='ltr'>τοῦ</span> <span class='ocrx_word' id='word_1_709' title='bbox 1523 5306 1699 5360; x_wconf 85' lang='grc' dir='ltr'>ταῦτα</span> <span class='ocrx_word' id='word_1_710' title='bbox 1749 5305 1931 5359; x_wconf 87' lang='grc' dir='ltr'>κελεύ-</span> 
     </span>
    </p>
   </div>
   <div class='ocr_carea' id='block_1_100' title="bbox 327 5397 1929 5466">
    <p class='ocr_par' dir='ltr' id='par_1_100' title="bbox 327 5397 1929 5466">
     <span class='ocr_line' id='line_1_100' title="bbox 327 5397 1929 5466; baseline -0.002 -10"><span class='ocrx_word' id='word_1_711' title='bbox 327 5419 532 5466; x_wconf 77' lang='grc' dir='ltr'>σαντος</span> <span class='ocrx_word' id='word_1_712' title='bbox 582 5401 913 5466; x_wconf 79' lang='grc' dir='ltr'>ἀπολλύναι,</span> <span class='ocrx_word' id='word_1_713' title='bbox 966 5401 1097 5464; x_wconf 84' lang='grc' dir='ltr'>τοὺς</span> <span class='ocrx_word' id='word_1_714' title='bbox 1150 5399 1208 5452; x_wconf 87' lang='grc' dir='ltr'>δὲ</span> <span class='ocrx_word' id='word_1_715' title='bbox 1237 5399 1571 5462; x_wconf 77' lang='grc' dir='ltr'>ὁσιωτάτους</span> <span class='ocrx_word' id='word_1_716' title='bbox 1602 5399 1711 5452; x_wconf 81' lang='grc' dir='ltr'>τῶν</span> <span class='ocrx_word' id='word_1_717' title='bbox 1745 5397 1929 5452; x_wconf 87' lang='grc' dir='ltr'>τόπων</span> 
     </span>
    </p>
   </div>
   <div class='ocr_carea' id='block_1_101' title="bbox 323 5491 1932 5565">
    <p class='ocr_par' dir='ltr' id='par_1_101' title="bbox 323 5491 1932 5565">
     <span class='ocr_line' id='line_1_101' title="bbox 323 5491 1932 5565; baseline -0.004 -15"><span class='ocrx_word' id='word_1_718' title='bbox 323 5503 350 5551; x_wconf 71' lang='grc' dir='ltr'><strong>ε</strong></span> <span class='ocrx_word' id='word_1_719' title='bbox 365 5495 692 5560; x_wconf 79' lang='grc' dir='ltr'>πισκόπους,</span> <span class='ocrx_word' id='word_1_720' title='bbox 717 5497 898 5549; x_wconf 81' lang='grc' dir='ltr'>πάντα</span> <span class='ocrx_word' id='word_1_721' title='bbox 912 5493 982 5546; x_wconf 80' lang='grc' dir='ltr'><strong>τὰ</strong></span> <span class='ocrx_word' id='word_1_722' title='bbox 1001 5493 1304 5565; x_wconf 84' lang='grc' dir='ltr'>πράγματα</span> <span class='ocrx_word' id='word_1_723' title='bbox 1325 5492 1396 5546; x_wconf 72' lang='grc' dir='ltr'><strong>τὰ</strong></span> <span class='ocrx_word' id='word_1_724' title='bbox 1416 5491 1646 5558; x_wconf 84' lang='grc' dir='ltr'>πάσαις,</span> <span class='ocrx_word' id='word_1_725' title='bbox 1678 5492 1754 5557; x_wconf 82' lang='grc' dir='ltr'>ὡς</span> <span class='ocrx_word' id='word_1_726' title='bbox 1778 5491 1932 5564; x_wconf 81' lang='grc' dir='ltr'>εἰρη-</span> 
     </span>
    </p>
   </div>
   <div class='ocr_carea' id='block_1_102' title="bbox 319 5585 1930 5658">
    <p class='ocr_par' dir='ltr' id='par_1_102' title="bbox 319 5585 1930 5658">
     <span class='ocr_line' id='line_1_102' title="bbox 319 5585 1930 5658; baseline -0.002 -16"><span class='ocrx_word' id='word_1_727' title='bbox 319 5608 444 5654; x_wconf 82' lang='grc' dir='ltr'>ται,</span> <span class='ocrx_word' id='word_1_728' title='bbox 477 5591 596 5653; x_wconf 85' lang='grc' dir='ltr'>ταῖς</span> <span class='ocrx_word' id='word_1_729' title='bbox 631 5587 917 5642; x_wconf 84' lang='grc' dir='ltr'>εύσεϐέσιν</span> <span class='ocrx_word' id='word_1_730' title='bbox 951 5586 1152 5650; x_wconf 86' lang='grc' dir='ltr'>αἰτίαις</span> <span class='ocrx_word' id='word_1_731' title='bbox 1182 5585 1573 5658; x_wconf 81' lang='grc' dir='ltr'>ἀφορισθέντα,</span> <span class='ocrx_word' id='word_1_732' title='bbox 1608 5585 1750 5658; x_wconf 74' lang='grc' dir='ltr'>μετὰ</span> <span class='ocrx_word' id='word_1_733' title='bbox 1787 5602 1930 5656; x_wconf 84' lang='grc' dir='ltr'>καρ-</span> 
     </span>
    </p>
   </div>
   <div class='ocr_carea' id='block_1_103' title="bbox 324 5679 1928 5754">
    <p class='ocr_par' dir='ltr' id='par_1_103' title="bbox 324 5679 1928 5754">
     <span class='ocr_line' id='line_1_103' title="bbox 324 5679 1928 5754; baseline -0.002 -16"><span class='ocrx_word' id='word_1_734' title='bbox 324 5683 452 5738; x_wconf 63' lang='grc' dir='ltr'>πῶν</span> <span class='ocrx_word' id='word_1_735' title='bbox 485 5681 581 5736; x_wconf 73' lang='grc' dir='ltr'>καὶ</span> <span class='ocrx_word' id='word_1_736' title='bbox 631 5681 990 5754; x_wconf 81' lang='grc' dir='ltr'>ὲπαυξήσεων</span> <span class='ocrx_word' id='word_1_737' title='bbox 1044 5680 1140 5734; x_wconf 83' lang='grc' dir='ltr'>τοῦ</span> <span class='ocrx_word' id='word_1_738' title='bbox 1193 5680 1363 5753; x_wconf 85' lang='grc' dir='ltr'>μέσου</span> <span class='ocrx_word' id='word_1_739' title='bbox 1409 5680 1630 5752; x_wconf 88' lang='grc' dir='ltr'>χρόνου,</span> <span class='ocrx_word' id='word_1_740' title='bbox 1680 5679 1780 5734; x_wconf 73' lang='grc' dir='ltr'>καὶ</span> <span class='ocrx_word' id='word_1_741' title='bbox 1833 5679 1928 5735; x_wconf 80' lang='grc' dir='ltr'>τοῦ</span> 
     </span>
    </p>
   </div>
   <div class='ocr_carea' id='block_1_104' title="bbox 325 5773 1928 5850">
    <p class='ocr_par' dir='ltr' id='par_1_104' title="bbox 325 5773 1928 5850">
     <span class='ocr_line' id='line_1_104' title="bbox 325 5773 1928 5850; baseline -0.001 -22"><span class='ocrx_word' id='word_1_742' title='bbox 325 5775 804 5850; x_wconf 81' lang='grc' dir='ltr'>μνημονευθέντος</span> <span class='ocrx_word' id='word_1_743' title='bbox 825 5775 1020 5847; x_wconf 81' lang='grc' dir='ltr'>χρόνου</span> <span class='ocrx_word' id='word_1_744' title='bbox 1045 5773 1298 5846; x_wconf 85' lang='grc' dir='ltr'>κέρδους,</span> <span class='ocrx_word' id='word_1_745' title='bbox 1353 5773 1616 5838; x_wconf 79' lang='grc' dir='ltr'>ἐκδικεῖν,</span> <span class='ocrx_word' id='word_1_746' title='bbox 1655 5775 1752 5827; x_wconf 74' lang='grc' dir='ltr'>καὶ</span> <span class='ocrx_word' id='word_1_747' title='bbox 1781 5773 1928 5847; x_wconf 77' lang='grc' dir='ltr'>ἅπερ</span> 
     </span>
    </p>
   </div>
   <div class='ocr_carea' id='block_1_105' title="bbox 318 5863 1925 5950">
    <p class='ocr_par' dir='ltr' id='par_1_105' title="bbox 318 5863 1925 5950">
     <span class='ocr_line' id='line_1_105' title="bbox 318 5863 1925 5950; baseline -0.002 -26"><span class='ocrx_word' id='word_1_748' title='bbox 318 5869 712 5950; x_wconf 38' lang='grc' dir='ltr'>ὀῌιῖικθέμενος</span> <span class='ocrx_word' id='word_1_749' title='bbox 761 5865 1086 5938; x_wconf 84' lang='grc' dir='ltr'>διετύπωσε,</span> <span class='ocrx_word' id='word_1_750' title='bbox 1153 5863 1420 5940; x_wconf 76' lang='grc' dir='ltr'>πληροῦν,</span> <span class='ocrx_word' id='word_1_751' title='bbox 1476 5863 1688 5932; x_wconf 79' lang='grc' dir='ltr'>εἰδότας</span> <span class='ocrx_word' id='word_1_752' title='bbox 1740 5864 1818 5932; x_wconf 84' lang='grc' dir='ltr'><strong>ὡς</strong></span> <span class='ocrx_word' id='word_1_753' title='bbox 1875 5867 1925 5921; x_wconf 89' lang='grc' dir='ltr'><strong>εἰ</strong></span> 
     </span>
    </p>
   </div>
   <div class='ocr_carea' id='block_1_106' title="bbox 2038 4746 3640 4824">
    <p class='ocr_par' dir='ltr' id='par_1_106' title="bbox 2038 4746 3640 4824">
     <span class='ocr_line' id='line_1_106' title="bbox 2038 4746 3640 4824; baseline 0.005 -24"><span class='ocrx_word' id='word_1_754' title='bbox 2038 4746 2204 4800; x_wconf 89' lang='lat' dir='ltr'><strong>beant</strong></span> <span class='ocrx_word' id='word_1_755' title='bbox 2235 4747 2576 4802; x_wconf 87' lang='lat' dir='ltr'><strong>commercii.</strong></span> <span class='ocrx_word' id='word_1_756' title='bbox 2599 4747 2762 4802; x_wconf 77' lang='lat' dir='ltr'><strong>Certe</strong></span> <span class='ocrx_word' id='word_1_757' title='bbox 2804 4749 2848 4802; x_wconf 90' lang='lat' dir='ltr'><strong>si</strong></span> <span class='ocrx_word' id='word_1_758' title='bbox 2875 4749 2951 4802; x_wconf 92' lang='lat' dir='ltr'><strong>illi</strong></span> <span class='ocrx_word' id='word_1_759' title='bbox 2975 4749 3070 4819; x_wconf 90' lang='lat' dir='ltr'><strong>qui</strong></span> <span class='ocrx_word' id='word_1_760' title='bbox 3097 4749 3214 4805; x_wconf 69' lang='lat' dir='ltr'><strong>haec</strong></span> <span class='ocrx_word' id='word_1_761' title='bbox 3246 4754 3472 4823; x_wconf 84' lang='lat' dir='ltr'><strong>exsequi</strong></span> <span class='ocrx_word' id='word_1_762' title='bbox 3495 4753 3640 4824; x_wconf 87' lang='lat' dir='ltr'><strong>jussi</strong></span> 
     </span>
    </p>
   </div>
   <div class='ocr_carea' id='block_1_107' title="bbox 2037 4837 3636 4908">
    <p class='ocr_par' dir='ltr' id='par_1_107' title="bbox 2037 4837 3636 4908">
     <span class='ocr_line' id='line_1_107' title="bbox 2037 4837 3636 4908; baseline 0.006 -16"><span class='ocrx_word' id='word_1_763' title='bbox 2037 4845 2188 4902; x_wconf 90' lang='lat' dir='ltr'><strong>sunt,</strong></span> <span class='ocrx_word' id='word_1_764' title='bbox 2247 4837 2418 4891; x_wconf 85' lang='lat' dir='ltr'><strong>semel</strong></span> <span class='ocrx_word' id='word_1_765' title='bbox 2469 4847 2638 4908; x_wconf 89' lang='lat' dir='ltr'><strong>atque</strong></span> <span class='ocrx_word' id='word_1_766' title='bbox 2687 4838 2888 4893; x_wconf 90' lang='lat' dir='ltr'><strong>iterum</strong></span> <span class='ocrx_word' id='word_1_767' title='bbox 2942 4855 2972 4893; x_wconf 92' lang='lat' dir='ltr'><strong>a</strong></span> <span class='ocrx_word' id='word_1_768' title='bbox 3015 4841 3338 4898; x_wconf 86' lang='lat' dir='ltr'><strong>beatissimo</strong></span> <span class='ocrx_word' id='word_1_769' title='bbox 3387 4844 3636 4902; x_wconf 85' lang='lat' dir='ltr'><strong>locorum</strong></span> 
     </span>
    </p>
   </div>
   <div class='ocr_carea' id='block_1_108' title="bbox 2036 4931 3640 5010">
    <p class='ocr_par' dir='ltr' id='par_1_108' title="bbox 2036 4931 3640 5010">
     <span class='ocr_line' id='line_1_108' title="bbox 2036 4931 3640 5010; baseline 0.008 -26"><span class='ocrx_word' id='word_1_770' title='bbox 2036 4931 2318 5002; x_wconf 82' lang='lat' dir='ltr'><strong>episcopo,</strong></span> <span class='ocrx_word' id='word_1_771' title='bbox 2360 4941 2417 4987; x_wconf 90' lang='lat' dir='ltr'><strong>et</strong></span> <span class='ocrx_word' id='word_1_772' title='bbox 2464 4932 2586 5002; x_wconf 91' lang='lat' dir='ltr'><strong>cjus</strong></span> <span class='ocrx_word' id='word_1_773' title='bbox 2635 4935 2942 4991; x_wconf 84' lang='lat' dir='ltr'><strong>oeconomis</strong></span> <span class='ocrx_word' id='word_1_774' title='bbox 2973 4950 3071 5005; x_wconf 90' lang='lat' dir='ltr'><strong>per</strong></span> <span class='ocrx_word' id='word_1_775' title='bbox 3093 4937 3344 5006; x_wconf 88' lang='lat' dir='ltr'><strong>publicas</strong></span> <span class='ocrx_word' id='word_1_776' title='bbox 3371 4954 3640 5010; x_wconf 88' lang='lat' dir='ltr'><strong>personas</strong></span> 
     </span>
    </p>
   </div>
   <div class='ocr_carea' id='block_1_109' title="bbox 2034 5023 3637 5099">
    <p class='ocr_par' dir='ltr' id='par_1_109' title="bbox 2034 5023 3637 5099">
     <span class='ocr_line' id='line_1_109' title="bbox 2034 5023 3637 5099; baseline 0.009 -24"><span class='ocrx_word' id='word_1_777' title='bbox 2034 5023 2322 5093; x_wconf 88' lang='lat' dir='ltr'><strong>admoniti,</strong></span> <span class='ocrx_word' id='word_1_778' title='bbox 2345 5039 2406 5080; x_wconf 89' lang='lat' dir='ltr'><strong>ea</strong></span> <span class='ocrx_word' id='word_1_779' title='bbox 2429 5041 2553 5095; x_wconf 72' lang='lat' dir='ltr'><strong>qum</strong></span> <span class='ocrx_word' id='word_1_780' title='bbox 2573 5025 2843 5097; x_wconf 85' lang='lat' dir='ltr'><strong>disposita</strong></span> <span class='ocrx_word' id='word_1_781' title='bbox 2865 5036 2992 5082; x_wconf 87' lang='lat' dir='ltr'><strong>sunt</strong></span> <span class='ocrx_word' id='word_1_782' title='bbox 3029 5027 3256 5099; x_wconf 90' lang='lat' dir='ltr'><strong>implere</strong></span> <span class='ocrx_word' id='word_1_783' title='bbox 3283 5031 3600 5088; x_wconf 89' lang='lat' dir='ltr'><strong>distulerint</strong></span> <span class='ocrx_word' id='word_1_784' title='bbox 3623 5052 3637 5089; x_wconf 92' lang='lat'><strong>:</strong></span> 
     </span>
    </p>
   </div>
   <div class='ocr_carea' id='block_1_110' title="bbox 2031 5115 3638 5195">
    <p class='ocr_par' dir='ltr' id='par_1_110' title="bbox 2031 5115 3638 5195">
     <span class='ocr_line' id='line_1_110' title="bbox 2031 5115 3638 5195; baseline 0.007 -25"><span class='ocrx_word' id='word_1_785' title='bbox 2031 5115 2292 5187; x_wconf 76' lang='lat' dir='ltr'><strong>iubemus</strong></span> <span class='ocrx_word' id='word_1_786' title='bbox 2325 5128 2382 5172; x_wconf 90' lang='lat' dir='ltr'><strong>ut</strong></span> <span class='ocrx_word' id='word_1_787' title='bbox 2414 5119 2452 5172; x_wconf 89' lang='lat' dir='ltr'><strong>ii</strong></span> <span class='ocrx_word' id='word_1_788' title='bbox 2484 5135 2660 5190; x_wconf 73' lang='lat' dir='ltr'><strong>omne</strong></span> <span class='ocrx_word' id='word_1_789' title='bbox 2687 5120 2902 5174; x_wconf 88' lang='lat' dir='ltr'><strong>lucrum</strong></span> <span class='ocrx_word' id='word_1_790' title='bbox 2923 5158 2938 5184; x_wconf 93' lang='lat'><strong>,</strong></span> <span class='ocrx_word' id='word_1_791' title='bbox 2987 5122 3136 5190; x_wconf 87' lang='lat' dir='ltr'><strong>quod</strong></span> <span class='ocrx_word' id='word_1_792' title='bbox 3167 5122 3238 5176; x_wconf 88' lang='lat' dir='ltr'><strong>ah</strong></span> <span class='ocrx_word' id='word_1_793' title='bbox 3281 5139 3347 5178; x_wconf 91' lang='lat' dir='ltr'><strong>eo</strong></span> <span class='ocrx_word' id='word_1_794' title='bbox 3391 5126 3488 5195; x_wconf 89' lang='lat' dir='ltr'><strong>qui</strong></span> <span class='ocrx_word' id='word_1_795' title='bbox 3533 5127 3638 5182; x_wconf 88' lang='lat' dir='ltr'><strong>ista</strong></span> 
     </span>
    </p>
   </div>
   <div class='ocr_carea' id='block_1_111' title="bbox 2033 5211 3638 5285">
    <p class='ocr_par' dir='ltr' id='par_1_111' title="bbox 2033 5211 3638 5285">
     <span class='ocr_line' id='line_1_111' title="bbox 2033 5211 3638 5285; baseline 0.006 -21"><span class='ocrx_word' id='word_1_796' title='bbox 2033 5211 2204 5284; x_wconf 87' lang='lat' dir='ltr'><strong>jussit</strong></span> <span class='ocrx_word' id='word_1_797' title='bbox 2259 5211 2509 5265; x_wconf 87' lang='lat' dir='ltr'><strong>relictum</strong></span> <span class='ocrx_word' id='word_1_798' title='bbox 2547 5221 2666 5280; x_wconf 86' lang='lat' dir='ltr'><strong>est,</strong></span> <span class='ocrx_word' id='word_1_799' title='bbox 2717 5212 3018 5267; x_wconf 87' lang='lat' dir='ltr'><strong>amittant:</strong></span> <span class='ocrx_word' id='word_1_800' title='bbox 3051 5214 3457 5285; x_wconf 78' lang='lat' dir='ltr'><strong>religiosissimi</strong></span> <span class='ocrx_word' id='word_1_801' title='bbox 3509 5233 3638 5274; x_wconf 87' lang='lat' dir='ltr'><strong>vero</strong></span> 
     </span>
    </p>
   </div>
   <div class='ocr_carea' id='block_1_112' title="bbox 2038 5304 3638 5384">
    <p class='ocr_par' dir='ltr' id='par_1_112' title="bbox 2038 5304 3638 5384">
     <span class='ocr_line' id='line_1_112' title="bbox 2038 5304 3638 5384; baseline 0.004 -25"><span class='ocrx_word' id='word_1_802' title='bbox 2038 5304 2288 5359; x_wconf 88' lang='lat' dir='ltr'><strong>locorum</strong></span> <span class='ocrx_word' id='word_1_803' title='bbox 2314 5305 2559 5376; x_wconf 86' lang='lat' dir='ltr'><strong>episcopi</strong></span> <span class='ocrx_word' id='word_1_804' title='bbox 2590 5321 2786 5361; x_wconf 89' lang='lat' dir='ltr'><strong>omnes</strong></span> <span class='ocrx_word' id='word_1_805' title='bbox 2813 5321 2922 5371; x_wconf 88' lang='lat' dir='ltr'><strong>res,</strong></span> <span class='ocrx_word' id='word_1_806' title='bbox 2945 5321 3069 5377; x_wconf 76' lang='lat' dir='ltr'><strong>qua:</strong></span> <span class='ocrx_word' id='word_1_807' title='bbox 3098 5309 3526 5382; x_wconf 85' lang='lat' dir='ltr'><strong>quibuscunque</strong></span> <span class='ocrx_word' id='word_1_808' title='bbox 3555 5313 3638 5384; x_wconf 92' lang='lat' dir='ltr'><strong>(ut</strong></span> 
     </span>
    </p>
   </div>
   <div class='ocr_carea' id='block_1_113' title="bbox 2039 5399 3638 5470">
    <p class='ocr_par' dir='ltr' id='par_1_113' title="bbox 2039 5399 3638 5470">
     <span class='ocr_line' id='line_1_113' title="bbox 2039 5399 3638 5470; baseline 0.005 -18"><span class='ocrx_word' id='word_1_809' title='bbox 2039 5399 2242 5454; x_wconf 90' lang='lat' dir='ltr'><strong>dictum</strong></span> <span class='ocrx_word' id='word_1_810' title='bbox 2275 5401 2380 5470; x_wconf 88' lang='lat' dir='ltr'><strong>est)</strong></span> <span class='ocrx_word' id='word_1_811' title='bbox 2412 5400 2516 5469; x_wconf 89' lang='lat' dir='ltr'><strong>piis</strong></span> <span class='ocrx_word' id='word_1_812' title='bbox 2551 5400 2738 5456; x_wconf 85' lang='lat' dir='ltr'><strong>causis</strong></span> <span class='ocrx_word' id='word_1_813' title='bbox 2773 5401 3048 5469; x_wconf 70' lang='lat' dir='ltr'><strong>deputatae</strong></span> <span class='ocrx_word' id='word_1_814' title='bbox 3091 5409 3241 5466; x_wconf 89' lang='lat' dir='ltr'><strong>sunt,</strong></span> <span class='ocrx_word' id='word_1_815' title='bbox 3274 5417 3400 5458; x_wconf 90' lang='lat' dir='ltr'><strong>cum</strong></span> <span class='ocrx_word' id='word_1_816' title='bbox 3445 5403 3638 5460; x_wconf 87' lang='lat' dir='ltr'><strong>fructi-</strong></span> 
     </span>
    </p>
   </div>
   <div class='ocr_carea' id='block_1_114' title="bbox 2027 5491 3630 5564">
    <p class='ocr_par' dir='ltr' id='par_1_114' title="bbox 2027 5491 3630 5564">
     <span class='ocr_line' id='line_1_114' title="bbox 2027 5491 3630 5564; baseline 0.004 -19"><span class='ocrx_word' id='word_1_817' title='bbox 2027 5491 2133 5546; x_wconf 88' lang='lat' dir='ltr'><strong>bus</strong></span> <span class='ocrx_word' id='word_1_818' title='bbox 2180 5499 2236 5546; x_wconf 87' lang='lat' dir='ltr'><strong>et</strong></span> <span class='ocrx_word' id='word_1_819' title='bbox 2269 5492 2436 5546; x_wconf 89' lang='lat' dir='ltr'><strong>medii</strong></span> <span class='ocrx_word' id='word_1_820' title='bbox 2478 5492 2744 5562; x_wconf 90' lang='lat' dir='ltr'><strong>temporis</strong></span> <span class='ocrx_word' id='word_1_821' title='bbox 2795 5493 3234 5556; x_wconf 89' lang='lat' dir='ltr'><strong>accessionibus,</strong></span> <span class='ocrx_word' id='word_1_822' title='bbox 3282 5501 3448 5564; x_wconf 88' lang='lat' dir='ltr'><strong>atque</strong></span> <span class='ocrx_word' id='word_1_823' title='bbox 3499 5495 3630 5552; x_wconf 88' lang='lat' dir='ltr'><strong>item</strong></span> 
     </span>
    </p>
   </div>
   <div class='ocr_carea' id='block_1_115' title="bbox 2029 5585 3638 5660">
    <p class='ocr_par' dir='ltr' id='par_1_115' title="bbox 2029 5585 3638 5660">
     <span class='ocr_line' id='line_1_115' title="bbox 2029 5585 3638 5660; baseline 0.004 -20"><span class='ocrx_word' id='word_1_824' title='bbox 2029 5595 2334 5640; x_wconf 86' lang='lat' dir='ltr'><strong>memorato</strong></span> <span class='ocrx_word' id='word_1_825' title='bbox 2369 5585 2654 5656; x_wconf 84' lang='lat' dir='ltr'><strong>temporali</strong></span> <span class='ocrx_word' id='word_1_826' title='bbox 2677 5586 2849 5653; x_wconf 86' lang='lat' dir='ltr'><strong>_lucro</strong></span> <span class='ocrx_word' id='word_1_827' title='bbox 2871 5586 3148 5640; x_wconf 87' lang='lat' dir='ltr'><strong>vindicent</strong></span> <span class='ocrx_word' id='word_1_828' title='bbox 3186 5606 3200 5642; x_wconf 95' lang='lat'>:</span> <span class='ocrx_word' id='word_1_829' title='bbox 3229 5598 3286 5642; x_wconf 90' lang='lat' dir='ltr'><strong>et</strong></span> <span class='ocrx_word' id='word_1_830' title='bbox 3319 5605 3442 5660; x_wconf 68' lang='lat' dir='ltr'><strong>qua</strong></span> <span class='ocrx_word' id='word_1_831' title='bbox 3470 5599 3638 5648; x_wconf 83' lang='lat' dir='ltr'><strong>testa-</strong></span> 
     </span>
    </p>
   </div>
   <div class='ocr_carea' id='block_1_116' title="bbox 2030 5677 3632 5755">
    <p class='ocr_par' dir='ltr' id='par_1_116' title="bbox 2030 5677 3632 5755">
     <span class='ocr_line' id='line_1_116' title="bbox 2030 5677 3632 5755; baseline 0.007 -24"><span class='ocrx_word' id='word_1_832' title='bbox 2030 5687 2116 5731; x_wconf 90' lang='lat' dir='ltr'><strong>tor</strong></span> <span class='ocrx_word' id='word_1_833' title='bbox 2155 5677 2452 5748; x_wconf 87' lang='lat' dir='ltr'><strong>disposuil,</strong></span> <span class='ocrx_word' id='word_1_834' title='bbox 2495 5677 2834 5748; x_wconf 86' lang='lat' dir='ltr'><strong>adimplcant</strong></span> <span class='ocrx_word' id='word_1_835' title='bbox 2879 5679 3097 5742; x_wconf 88' lang='lat' dir='ltr'><strong>scituri,</strong></span> <span class='ocrx_word' id='word_1_836' title='bbox 3149 5681 3294 5749; x_wconf 88' lang='lat' dir='ltr'><strong>quod</strong></span> <span class='ocrx_word' id='word_1_837' title='bbox 3347 5683 3392 5738; x_wconf 86' lang='lat' dir='ltr'><strong>si</strong></span> <span class='ocrx_word' id='word_1_838' title='bbox 3433 5693 3488 5737; x_wconf 90' lang='lat' dir='ltr'><strong>et</strong></span> <span class='ocrx_word' id='word_1_839' title='bbox 3526 5685 3632 5755; x_wconf 87' lang='lat' dir='ltr'><strong>ipsi</strong></span> 
     </span>
    </p>
   </div>
   <div class='ocr_carea' id='block_1_117' title="bbox 2029 5770 3629 5843">
    <p class='ocr_par' dir='ltr' id='par_1_117' title="bbox 2029 5770 3629 5843">
     <span class='ocr_line' id='line_1_117' title="bbox 2029 5770 3629 5843; baseline 0.005 -17"><span class='ocrx_word' id='word_1_840' title='bbox 2029 5770 2394 5842; x_wconf 73' lang='lat' dir='ltr'><strong>negligentiae</strong></span> <span class='ocrx_word' id='word_1_841' title='bbox 2451 5771 2698 5843; x_wconf 82' lang='lat' dir='ltr'><strong>egerint,</strong></span> <span class='ocrx_word' id='word_1_842' title='bbox 2751 5787 2852 5842; x_wconf 87' lang='lat' dir='ltr'><strong>pro</strong></span> <span class='ocrx_word' id='word_1_843' title='bbox 2905 5773 3164 5829; x_wconf 89' lang='lat' dir='ltr'><strong>omnibus</strong></span> <span class='ocrx_word' id='word_1_844' title='bbox 3217 5773 3302 5830; x_wconf 90' lang='lat' dir='ltr'><strong>his</strong></span> <span class='ocrx_word' id='word_1_845' title='bbox 3361 5777 3629 5834; x_wconf 79' lang='lat' dir='ltr'><strong>rationem</strong></span> 
     </span>
    </p>
   </div>
   <div class='ocr_carea' id='block_1_118' title="bbox 2031 5863 3629 5938">
    <p class='ocr_par' dir='ltr' id='par_1_118' title="bbox 2031 5863 3629 5938">
     <span class='ocr_line' id='line_1_118' title="bbox 2031 5863 3629 5938; baseline 0.005 -18"><span class='ocrx_word' id='word_1_846' title='bbox 2031 5863 2145 5923; x_wconf 89' lang='lat' dir='ltr'><strong>Deo</strong></span> <span class='ocrx_word' id='word_1_847' title='bbox 2180 5864 2450 5924; x_wconf 84' lang='lat' dir='ltr'><strong>reddituri</strong></span> <span class='ocrx_word' id='word_1_848' title='bbox 2475 5867 2608 5925; x_wconf 91' lang='lat' dir='ltr'><strong>sint.</strong></span> <span class='ocrx_word' id='word_1_849' title='bbox 2638 5863 2782 5922; x_wconf 86' lang='lat' dir='ltr'><strong>Sane</strong></span> <span class='ocrx_word' id='word_1_850' title='bbox 2818 5865 2866 5922; x_wconf 91' lang='lat' dir='ltr'><strong>si</strong></span> <span class='ocrx_word' id='word_1_851' title='bbox 2897 5865 3353 5938; x_wconf 79' lang='lat' dir='ltr'><strong>religiosissimus</strong></span> <span class='ocrx_word' id='word_1_852' title='bbox 3381 5869 3629 5928; x_wconf 84' lang='lat' dir='ltr'><strong>locorum</strong></span> 
     </span>
    </p>
   </div>
  </div>
