4146 6428
521 321 653 387 1031

1695 323 1962 385 PHOTII
1994 323 2502 387 PATRIARCHSE
2542 327 2652 391 ΕΡ.

3700 339 3841 405 Ῑῖῦἓ

523 437 822 506 episcopus
861 435 1068 508 aliquid
1116 451 1308 492 eorum
1352 452 1478 508 qum
1533 451 1560 492 a
1598 440 1760 494 nobis
1799 440 1943 494 dicta
1984 448 2132 505 sunt,

2251 442 2648 513 ῥαθυμήσαιεν,
2689 443 2831 518 ὑπὲρ
2862 446 3084 502 πάντων
3122 447 3332 505 τούτων
3385 449 3544 520 λόγον
3593 453 3673 525 τῷ
3711 457 3838 527 Θεῷ

523 531 942 600 praetermiserit
975 550 990 587 :
1029 531 1244 586 licitum
1269 539 1392 587 esto
1415 530 1840 602 religiosissimo
1866 531 1987 602 ejus
2015 547 2130 586 me-

524 620 881 692 tropolitano,
916 622 1033 677 haec
1065 622 1286 694 exigere
1315 633 1480 692 alque
1507 622 1754 692 implere.
1786 621 1893 676 Sed
1925 630 1980 677 et
2012 623 2134 677 cui-

526 714 610 770 vis
635 714 728 768 alii
757 713 982 769 licentia
1017 714 1148 776 erit,
1176 729 1241 770 ea
1284 714 1352 769 de
1394 729 1452 769 re
1487 714 1850 784 qnwstionem
1884 729 2130 781 movere,

524 808 768 878 dareque
812 822 1037 878 operam
1104 820 1164 864 ut
1198 807 1457 864 omnibus
1502 808 1678 863 modis
1707 807 1758 862 id
1804 823 1978 879 genus
2031 808 2134 878 pia:

529 920 711 960 causa:
757 912 1152 974 exsequantur.
1191 904 1248 959 Si
1288 920 1421 961 vero
1457 904 1633 959 haeres
1665 919 1728 959 ea
1761 920 1883 973 quae
1926 903 1980 957 in
2010 905 2133 975 pias

527 1013 728 1052 causas
764 995 955 1051 relicta
985 1005 1137 1059 sunt,
1173 1012 1280 1049 non
1329 996 1574 1066 impleat,
1604 996 1794 1051 dicens
1832 1010 1940 1049 non
1986 994 2136 1050 sum-

529 1105 654 1144 cere
677 1091 744 1143 ad
778 1089 879 1143 has
906 1088 1158 1142 relictum
1186 1089 1290 1144 sibi
1317 1089 1739 1160 patrimonium,
1767 1088 2048 1158 jubemus,
2075 1096 2135 1143 ut

527 1184 673 1236 omni
699 1182 855 1237 lucro
874 1182 1019 1252 quod
1045 1199 1109 1237 ex
1142 1181 1380 1237 Falcidia
1404 1182 1673 1254 provenit,
1701 1190 1952 1245 vacante,
1973 1182 2137 1252 quid-

528 1271 661 1343 quid
713 1271 768 1326 in
815 1270 1154 1342 ejuscemodi
1194 1273 1552 1328 facultatibus
1603 1273 1885 1326 inventum
1947 1271 2134 1339 fuerit,

529 1361 868 1433 providentia
901 1362 1235 1418 sanctissimi
1286 1362 1534 1418 locorum
1570 1362 1815 1433 episcopi
1864 1371 2036 1418 totum
2080 1363 2135 1417 in

529 1467 731 1508 causas
761 1453 814 1506 in
839 1468 981 1523 quas
1016 1453 1270 1509 relictum
1305 1463 1410 1518 est,
1446 1454 1739 1524 procedat.
1773 1454 1931 1520 Quod
1977 1455 2024 1508 si
2060 1455 2138 1510 le-

527 1555 714 1616 gatum
744 1544 814 1598 ab
843 1545 1033 1615 aliquo
1074 1546 1140 1600 ad
1180 1546 1299 1615 pias
1350 1560 1550 1600 causas
1609 1545 1862 1599 relictum
1912 1545 2078 1600 fuerit
2121 1565 2136 1602 :

523 1638 808 1709 jubemus,
844 1645 905 1691 ut
931 1639 1077 1693 intra
1108 1653 1203 1693 sex
1228 1653 1448 1694 menses
1479 1638 1547 1693 ab
1568 1639 1946 1695 insinuatione
1969 1649 2140 1695 testa-

532 1731 703 1786 menti
738 1732 1142 1796 numerandos,
1184 1733 1444 1787 omnibus
1479 1733 1584 1788 hoc
1636 1732 1820 1789 modis
1851 1743 2142 1804 praestetur

528 1823 617 1881 his
655 1825 857 1895 quibus
886 1824 1138 1880 relictum
1161 1834 1265 1880 est.
1303 1825 1398 1880 Sin
1429 1839 1612 1882 autem
1633 1865 1650 1891 ,
1682 1827 1775 1897 qui
1807 1827 1911 1884 hoc
1935 1829 2146 1900 gravati
2180 1823 2223 1881 Β

532 1928 663 1975 sunt
712 1917 1032 1987 hujusmodi
1071 1919 1313 1990 legatum
1374 1931 1636 1990 prmstare
1682 1919 2049 1976 distulerint:
2081 1931 2139 1980 et

531 2013 744 2068 fructus
791 2020 848 2066 et
889 2026 1112 2077 usurae,
1144 2023 1198 2066 et
1229 2013 1412 2068 omnis
1457 2013 1700 2084 legitima
1752 2016 2020 2091 accessio,
2069 2014 2140 2071 ab

529 2106 666 2176 ipsis
703 2105 817 2176 jam
854 2105 981 2160 inde
1028 2121 1057 2159 a
1091 2113 1338 2176 tempore
1369 2107 1564 2162 mortis
1603 2107 1722 2175 ejus
1759 2109 1850 2180 qui
1894 2108 2136 2181 reliquit,

528 2197 836 2270 exigentur.
887 2197 946 2252 Si
990 2197 1232 2268 legatum
1268 2215 1517 2254 annuum
1565 2203 1876 2274 cuicunque
1907 2217 2138 2258 venera-

533 2290 629 2344 bili
664 2289 854 2345 domui
888 2290 1141 2346 relietutn
1193 2289 1384 2358 fuerit,
1434 2291 1481 2347 si
1507 2293 1728 2363 quidem
1780 2295 1859 2361 hi,
1902 2296 1996 2365 qui
2035 2297 2140 2351 hoc

530 2381 663 2434 dare
688 2381 831 2450 jussi
861 2389 1030 2446 sunt,
1065 2389 1164 2435 aut
1206 2381 1360 2436 locus
1395 2397 1459 2436 ex
1488 2397 1601 2453 quo
1649 2383 1702 2437 id
1737 2383 1985 2454 praestari
2017 2384 2141 2454 jus-

529 2486 651 2525 sum
689 2479 795 2538 est,
825 2471 877 2526 in
907 2474 1096 2527 eadem
1133 2481 1232 2526 aut
1266 2472 1439 2526 vicina
1484 2473 1774 2544 provincia
1802 2484 1889 2531 est
1925 2492 1939 2530 :
1971 2474 2136 2546 jube-

531 2575 674 2628 mus,
706 2575 888 2630 neque
927 2561 1094 2616 modo
1129 2562 1236 2617 tale
1268 2561 1508 2632 legatum
1541 2564 1835 2620 alienetnr.
1865 2565 1964 2622 Sin
1995 2565 2135 2632 loca,

529 2659 623 2705 aut
651 2667 899 2722 personae
921 2692 937 2715 .
973 2668 1041 2709 ex
1068 2653 1294 2725 quibus,
1331 2665 1424 2709 aut
1449 2671 1479 2711 a
1511 2657 1718 2727 quibus
1743 2658 1848 2713 hoc
1872 2659 1992 2714 dari
2013 2659 2136 2730 jus-

529 2761 651 2799 sum
685 2756 767 2801 est
788 2785 804 2813 ,
854 2748 908 2801 in
942 2749 1335 2805 remotioribus
1362 2752 1474 2804 sint
1505 2751 1752 2820 partibus
1784 2767 1798 2805 :
1834 2761 1964 2808 tunc
1997 2753 2141 2810 inte-

528 2855 686 2910 gtunt
716 2839 824 2896 illis
852 2850 971 2895 esto
994 2883 1009 2909 ,
1047 2841 1255 2912 quibus
1311 2843 1364 2898 id
1402 2844 1654 2900 relictum
1686 2856 1789 2912 est,
1819 2855 1876 2901 ut
1921 2847 1967 2902 si
1995 2846 2139 2901 obli-

526 2941 648 3001 gata
688 2932 852 2988 etiam
901 2950 1029 3005 pars
1061 2936 1371 3004 consentit,
1415 2938 1653 3009 legatum
1697 2948 2050 3010 permutem,
2082 2949 2139 2996 et

528 3029 768 3085 vicinum
817 3029 1058 3102 aliquem
1087 3047 1190 3103 pro
1216 3033 1324 3090 hoc
1371 3035 1607 3088 reditum
1637 3035 1860 3105 capiant
1890 3036 2139 3100 uberem,

527 3132 584 3178 et.
620 3139 747 3179 cum
779 3125 1099 3180 accessione
1121 3165 1136 3190 ,
1172 3141 1296 3197 quae
1351 3142 1462 3181 non
1493 3127 1678 3183 minus
1712 3139 1911 3199 quarta
1941 3128 2142 3184 relicta:

531 3217 862 3286 quantitatis
897 3227 1056 3288 parte
1086 3193 1356 3288 continet,
1385 3229 1440 3276 et
1473 3236 1651 3293 neque
1673 3193 1864 3278 multis
1900 3223 2138 3294 publicis
2168 3193 2210 3251 Ο

535 3311 992 3380 praastationibus
1024 3325 1312 3368 onustum.
1352 3312 1458 3370 Sed
1487 3327 1540 3370 et
1567 3316 1613 3371 si
1649 3317 1886 3372 vendere
1916 3317 2024 3372 tale
2061 3317 2137 3373 le-

533 3415 721 3473 gatum
756 3405 1053 3473 voluerint,
1092 3423 1199 3462 non
1232 3408 1418 3464 minus
1441 3410 1602 3480 pretii
1643 3411 1866 3466 nomine
1893 3413 2137 3483 capiant,

533 3513 700 3568 quam
731 3513 796 3554 ex
836 3499 932 3554 tali
965 3499 1143 3571 legato
1164 3518 1260 3572 per
1289 3503 1515 3574 triginta
1539 3504 1799 3574 quinque
1825 3520 1999 3560 annos
2024 3507 2140 3561 col-

533 3594 781 3664 ligatur:
831 3593 906 3648 ita
957 3604 1178 3661 tamen,
1224 3606 1286 3652 ut
1326 3599 1603 3668 ejusmodi
1651 3599 1886 3669 pretium
1932 3601 2000 3655 ad
2035 3601 2138 3655 uti-

534 3687 740 3740 litatem
784 3685 1060 3756 praedictae
1104 3690 1436 3745 venerabilis
1462 3690 1663 3746 domus
1714 3693 1998 3762 procedat,
2046 3693 2138 3748 cui

539 3773 794 3829 relictum
840 3784 944 3831 est.
1005 3775 1320 3853 [Similiter]
1353 3786 1516 3836 etiam
1551 3797 1673 3853 cap.
1709 3783 1741 3836 7
1774 3784 2018 3853 ejusdem
2046 3785 2140 3841 lib.

533 3875 590 3921 et
609 3865 717 3933 tit.,
752 3868 897 3938 quod
924 3868 1005 3924 sic
1031 3869 1198 3926 habet
1231 3871 1324 3927 :Si
1349 3873 1476 3944 quis
1502 3878 1835 3946 oratorium,
1857 3879 2143 3949 templum,

538 3965 634 4013 aut
661 3973 958 4024 xenonem,
1000 3971 1096 4018 aut
1125 3965 1430 4034 ptocbium,
1457 3979 1552 4023 aut
1585 3969 2145 4043 orphanotrophium,

537 4058 632 4104 aut
682 4053 1104 4122 nosocumium,
1143 4067 1239 4113 aut
1283 4061 1448 4115 aliam
1498 4063 1865 4119 venerabilem
1914 4067 2141 4121 domum

537 4144 748 4199 exstrui
781 4144 836 4199 in
884 4147 1076 4205 ultima
1126 4152 1410 4210 voluntate
1439 4155 1798 4226 disposuerit,
1833 4159 2095 4230 jnbemus
2123 4203 2139 4229 ,

539 4244 598 4290 ut
621 4240 925 4294 oratorium
979 4242 1120 4297 intra
1152 4247 1401 4318 quinque
1441 4265 1619 4306 annos
1654 4251 1991 4322 perticiatur,
2017 4268 2148 4324 pro-

540 4328 779 4387 videntia
825 4332 1078 4390 locorum
1132 4339 1378 4412 episcopi
1413 4351 1469 4396 et
1516 4343 1695 4398 civilis
1739 4347 2095 4416 magistratus
2131 4365 2144 4402 :

541 4438 720 4479 xenon
751 4441 906 4496 vero,
939 4439 1038 4484 aut
1067 4433 1375 4502 ptocbium,
1399 4445 1495 4491 aut
1537 4438 1644 4494 alia
1688 4440 2015 4497 venerabilis
2046 4443 2146 4498 do-

541 4531 665 4572 mus
701 4517 845 4574 intra
903 4537 1073 4578 unum
1110 4541 1317 4582 annum
1372 4537 1712 4587 exstruatur.
1763 4535 1820 4590 Si
1867 4536 2013 4591 intra
2045 4552 2145 4590 an-

542 4626 670 4664 num
691 4611 936 4671 haeredcs
958 4633 1254 4689 xcnonem,
1269 4634 1769 4699 autquamcunque
1781 4633 2150 4690 venerabilem

543 4703 764 4758 domum
797 4745 812 4772 ,
850 4721 1018 4777 quam
1055 4720 1284 4769 testator
1308 4718 1523 4772 exstrui
1543 4718 1838 4790 disposuit,
1869 4739 1978 4780 non
2010 4725 2155 4783 fece-

541 4794 671 4862 rint,
708 4795 991 4871 jubemus,
1025 4814 1086 4860 ut
1106 4805 1330 4863 domum
1384 4809 1421 4864 ii
1458 4813 1542 4867 vel
1565 4825 1752 4870 emant
1780 4856 1796 4884 ,
1827 4819 1912 4875 vel
1942 4822 2152 4878 condu-

540 4897 689 4956 cant,
723 4890 814 4946 ubi
846 4892 1003 4963 jussa
1023 4906 1227 4967 queant
1261 4903 1510 4972 exsequi,
1545 4908 1810 4978 tantisper
1838 4911 1970 4966 dum
2004 4913 2154 4984 ejus-

545 4981 691 5037 modi
721 4989 1051 5045 venerabilis
1097 4992 1294 5050 domus
1327 4995 1666 5055 absolvatur.
1704 5002 1784 5058 Ac
1829 5003 1876 5059 si
1927 4981 2150 5077 quidem

549 5074 667 5142 ipse
697 5081 924 5134 testator
954 5081 1249 5152 deﬁnierit,
1285 5088 1510 5157 quinam
1544 5095 1872 5162 xenodocbi,
1904 5074 2000 5154 aut
2029 5109 2152 5170 pto-

547 5169 858 5241 chotropbi,
897 5182 994 5228 aut
1040 5172 1096 5229 id
1145 5191 1317 5245 genus
1343 5181 1435 5236 alii
1476 5183 1889 5254 dispensatores
1914 5169 2153 5249 tieriidc-

552 5266 758 5334 beant,§
779 5279 870 5323 aut
911 5269 1219 5328 lia-redibtts
1253 5277 1367 5333 suis
1400 5278 1568 5350 hujus
1599 5283 1675 5337 rei
1711 5286 1988 5355 optionem
2015 5304 2153 5358 pra:-

549 5359 732 5415 buerit
769 5378 782 5416 :
811 5361 1099 5432 jubemus,
1126 5375 1189 5422 ut
1219 5371 1479 5430 omnibus
1502 5375 1680 5433 modis
1709 5379 1954 5438 lueredes
1979 5382 2152 5453 ipsius

553 5457 639 5513 his
667 5473 791 5528 qua!
825 5460 896 5515 ab
941 5460 1062 5533 ipso
1094 5464 1364 5536 disposita
1409 5481 1563 5536 sunt,
1591 5475 1936 5534 satisfaciant
1967 5497 1981 5535 :
2018 5481 2149 5537 bea-

553 5550 786 5608 tissimis
822 5554 1074 5612 locorum
1126 5560 1401 5634 episcopis
1445 5565 1781 5639 inspecturis
1829 5587 1897 5628 an
1930 5559 2150 5646 dispen-

553 5645 695 5740 satio
716 5648 947 5718 pulchre
967 5653 1229 5722 procedat
1257 5673 1271 5710 :
1302 5665 1358 5714 et
1384 5659 1429 5715 si
1452 5659 1916 5731 deprehenderint
1944 5645 2040 5723 eos
2058 5670 2150 5740 qui

553 5736 1024 5807 dispensationem
1051 5744 1256 5804 habent
1314 5767 1552 5823 nequam
1582 5755 1838 5814 homines
1859 5769 1916 5815 et
1943 5736 2151 5819 nullius

557 5826 710 5887 bona:
749 5836 826 5889 rei
858 5851 1016 5905 esse,
1054 5840 1327 5900 licentiam
1364 5846 1662 5919 habituris,
1692 5860 1748 5908 ut
1784 5852 1904 5910 sine
1945 5854 2151 5914 damno

2242 535 2600 606 παρέξουσιν.
2654 538 2720 591 Et
2777 539 3000 611 μέντοι,
3059 541 3088 594 ὁ
3138 541 3440 608 ὁσιώτατος
3489 546 3600 600 τῶν
3655 548 3842 602 τόπων

2241 628 2563 694 ἐπίσκοπος,
2588 630 2908 704 παραλείπῃ
2931 651 2982 686 τι
3004 633 3116 687 τῶν
3137 635 3272 706 ἡμῖν
3298 638 3605 708 εἰρημένων
3635 639 3840 705 ἐξέστω

2240 721 2336 776 καὶ
2376 719 2458 793 τῷ
2487 722 2773 796 ὁσιωτάτῳ
2801 724 2970 778 αὐτοῦ
3022 728 3424 800 μητροπολίτῃ,
3460 729 3636 784 ταῦτα
3671 732 3839 785 ἁπαι-

2242 817 2360 869 τεῖν
2391 815 2490 870 καὶ
2529 816 2795 889 πληροῦν,
2834 819 2933 873 καὶ
2975 821 3143 873 παντὶ
3194 820 3252 874 δὲ
3284 822 3460 894 ἑτέρῳ
3493 824 3646 878 ἄδεια
3675 823 3839 888 ἔστω,

2238 905 2340 977 τὴν
2387 906 2649 978 τοιαύτην
2691 908 2923 979 ζήτησιν
2972 911 3165 976 κινεῖν,
3217 912 3314 964 καὶ
3371 913 3702 980 σπουδάζειν
3749 916 3840 969 ἵνα

2241 1001 2379 1053 πᾶσι
2402 999 2628 1070 τρόποις
2658 1001 2715 1053 αί
2747 1000 2999 1055 τοιαῦται
3025 1002 3274 1066 εὐσεϐεῖς
3306 1005 3480 1060 αίτίαι
3535 1007 3840 1080 πληρωθῶ-

2243 1109 2350 1147 σιν.
2383 1093 2446 1146 Εί
2471 1093 2528 1147 δὲ
2561 1095 2589 1147 ὁ
2611 1093 2950 1166 κληρονόμος
2979 1097 3048 1150 τὰ
3070 1097 3151 1160 είς
3183 1098 3432 1162 εὐσεϐεῖς
3459 1100 3641 1165 αίτίας
3670 1119 3840 1158 κατα-

2244 1183 2580 1256 λελειμμένα
2610 1187 2686 1257 μὴ
2717 1186 3008 1260 πληρώσῃ,
3034 1189 3210 1257 λέγων
3247 1190 3348 1263 τὴν
3378 1193 3843 1265 καταλειφθεῖσαν

2245 1278 2396 1350 αὐτῷ
2425 1279 2802 1352 κληρονομίαν
2832 1282 2909 1353 μὴ
2942 1284 3136 1354 ἀρκεῖν
3165 1285 3248 1347 είς
3273 1285 3504 1353 ταύτας,
3541 1288 3843 1361 κελεύομεν

2247 1372 2452 1435 παντὸς
2466 1372 2562 1426 τοῦ
2587 1374 2652 1426 ἐκ
2668 1372 2762 1428 τοῦ
2777 1375 3059 1444 φαλκιδίου
3075 1375 3302 1447 κέρδους
3318 1377 3670 1448 σχολάζοντος
3692 1382 3846 1434 όσονο

2245 1465 2456 1535 δήποτε
2484 1465 2683 1538 εὐρεθῇ
2719 1469 2777 1520 ἐν
2797 1470 2865 1538 τῇ
2885 1467 3114 1540 τοιαύτῃ
3152 1467 3312 1539 οὐσίᾳ.
3350 1453 3751 1542 προχωρεῖνσὲν
3775 1476 3842 1544 τῇ

2250 1556 2488 1628 προνοίᾳ
2507 1557 2600 1610 τοῦ
2626 1558 2934 1626 ἁγιωτάτου
2962 1559 3073 1612 τῶν
3094 1559 3277 1614 τόπων
3308 1561 3615 1615 ἐπισκόπου
3641 1565 3721 1627 είς
3745 1565 3848 1629 τὰς

2248 1649 2434 1713 αἰτίας
2469 1648 2536 1712 ἃς
2565 1651 3014 1707 καταλέλειπται.
3051 1654 3114 1706 El
3142 1652 3200 1706 δὲ
3224 1653 3459 1723 ληγάτον
3492 1655 3648 1726 παρά
3679 1673 3844 1721 τινος,

2250 1745 2332 1808 εἱς
2361 1744 2608 1808 εὐσεϐεῖς
2632 1746 2813 1810 αἰτίας
2833 1746 3249 1820 καταλειφθείη,
3277 1748 3574 1822 κελεύομεν
3591 1752 3723 1804 εἵσω
3745 1768 3846 1823 μη-

2257 1836 2366 1890 νῶν
2384 1834 2447 1901 ἓξ
2470 1837 2579 1891 ἀπὸ
2595 1837 2693 1907 τῆς
2710 1838 3063 1908 ἐμφανίσεως
3088 1841 3188 1911 τῆς
3213 1841 3481 1913 διαθήκης
3509 1845 3848 1916 ἀριθμουμέ-

2255 1945 2385 1993 νων,
2411 1928 2571 1982 τοῦτο
2599 1933 2736 1983 πᾶσι
2758 1931 2982 2000 τρόποις
3035 1933 3377 2005 παρέχεσθαι
3413 1929 3498 2000 οἷς
3531 1937 3849 1990 καταλέλει-

2256 2037 2414 2074 πται.
2470 2019 2536 2074 Εί
2583 2021 2642 2074 δὲ
2692 2023 3044 2094 ὑπερθῶνται
3079 2028 3128 2080 οἱ
3177 2027 3353 2096 τούτῳ
3385 2027 3753 2101 βεϐαρημένοι
3785 2030 3849 2084 τὸ

2253 2112 2500 2166 τοιοῦτον
2528 2113 2766 2185 ληγάτον
2801 2116 3088 2188 παρέχειν,
3121 2119 3216 2172 καὶ
3247 2121 3498 2191 καρποὺς
3527 2122 3623 2174 καὶ
3652 2122 3849 2185 τόκους

2255 2208 2352 2262 καὶ
2385 2211 2569 2264 πᾶσαν
2602 2210 2836 2282 νόμιμον
2860 2213 3167 2286 ἐπαύξησιν
3219 2215 3692 2286 ἀπαιτηθήσονται
3730 2216 3842 2269 ἀπὸ

2250 2301 2346 2355 τοῦ
2385 2303 2581 2375 καιροῦ
2616 2305 2716 2375 τῆς
2752 2306 3012 2376 τελευτῆς
3040 2308 3214 2362 ταῦτα
3245 2310 3658 2374 καταλιπόντος.
3689 2312 3752 2364 Et
3781 2309 3842 2363 δὲ

2249 2395 2488 2467 ληγάτον
2519 2398 2738 2470 ἐτήσιον
2769 2399 3072 2472 οίῳδήποτε
3106 2402 3392 2473 σεϐασμίῳ
3418 2403 3552 2470 οῖκῳ
3577 2402 3845 2457 καταλει-

2254 2489 2441 2562 φθείη,
2479 2491 2530 2544 εί
2587 2492 2689 2562 μὲν
2718 2493 2768 2546 οἱ
2805 2493 3045 2548 τοιοῦτοι
3094 2495 3278 2550 δοῦναι
3310 2495 3713 2561 κελευσθέντες,
3747 2497 3783 2569 ἢ
3817 2499 3846 2551 ὁ

2255 2585 2424 2649 τόπος
2453 2583 2514 2650 ἐξ
2539 2579 2603 2639 οὗ
2640 2587 2940 2659 ἐκελεύσθη
2963 2588 3128 2643 τοῦτο
3157 2589 3522 2662 παρέχεσθαι,
3553 2593 3613 2646 ἐν
3643 2596 3709 2664 τῇ
3739 2593 3842 2646 αὐ-

2251 2673 2347 2727 τοῦ
2373 2675 2406 2744 ἢ
2443 2678 2510 2748 τῇ
2542 2676 2748 2745 γείτονι
2777 2679 3022 2750 ἐπαρχία
3047 2679 3156 2750 εῖη,
3189 2681 3488 2751 κελεύομεν
3513 2682 3589 2756 μὴ
3623 2684 3843 2755 ἐπιτρό-

2252 2783 2342 2838 πῳ
2379 2769 2441 2822 τὸ
2477 2770 2720 2824 τοιοῦτον
2744 2771 2982 2842 ληγάτον
3008 2773 3372 2828 ἐκποιεῖσθαι.
3402 2776 3465 2828 Εἰ
3505 2775 3562 2829 δὲ
3589 2778 3638 2831 οί
3686 2778 3842 2831 τόποι

2252 2859 2287 2931 ἢ
2327 2861 2398 2914 τὰ
2451 2863 2723 2934 πρόσωπα
2776 2863 2838 2928 ἐξ
2881 2857 2957 2918 ὧν
3003 2865 3165 2920 τοῦτο
3193 2866 3415 2938 δοθῆναι
3471 2869 3838 2940 προσετάχθη,

2253 2953 2592 3024 πορρωτέρω
2631 2954 2850 3026 είησαν,
2894 2957 3202 3027 τηνικαῦτα
3250 2960 3454 3024 ἐξέστω
3504 2962 3734 3028 ἐκείνοις
3759 2959 3842 3027 οἷς

2255 3045 2418 3099 τοῦτο
2451 3047 2902 3118 καταλέλειπται,
2953 3053 3002 3105 εί
3059 3054 3153 3106 καὶ
3189 3055 3252 3108 τὸ
3293 3053 3617 3128 ἐνεχόμενον
3673 3057 3844 3128 μέρος

2255 3142 2522 3206 συναινεῖ,
2559 3141 2817 3213 ἀμείϐειν
2852 3144 2914 3197 τὸ
2956 3144 3217 3215 ληγάτον,
3249 3147 3346 3200 καὶ
3372 3148 3602 3218 πλησίον
3626 3148 3845 3220 λαμϐα-

2251 3249 2364 3287 νειν
2397 3233 2537 3306 ὑπὲρ
2566 3234 2761 3289 τούτου
2799 3237 3063 3310 πρόσοδον
3099 3237 3354 3311 εὔπορον,
3388 3242 3485 3296 καὶ
3516 3243 3654 3314 μετὰ
3677 3259 3846 3312 προσ-

2252 3328 2429 3399 θήκης
2448 3329 2550 3382 οὐκ
2577 3328 2866 3396 ἐλάττονος
2897 3329 2995 3385 τοῦ
3016 3332 3282 3404 τετάρτου
3321 3333 3524 3405 μέρους
3552 3333 3652 3404 τῆς
3685 3352 3846 3388 κατα-

2251 3424 2571 3498 λειφθείσης
2616 3428 2942 3500 ποσότητος,
2971 3431 3066 3483 καί
3109 3431 3249 3501 μηδὲ
3300 3431 3518 3496 πολλοῖς
3565 3431 3844 3502 δημοσίοις

2252 3519 2555 3592 τελέσμασι
2583 3520 2792 3594 βεϐαρη
2803 3525 2992 3600 μένης.
3026 3525 3170 3579 Εἰδέ
3199 3526 3294 3580 καὶ
3319 3527 3569 3598 πωλῆσαι
3596 3526 3844 3598 βούλεται

2253 3613 2518 3682 τοιοῦτον,
2573 3617 2648 3688 μὴ
2695 3617 2920 3672 ἔλαττον
2979 3619 3061 3683 είς
3119 3620 3183 3673 τὸ
3227 3621 3448 3691 τίμημα
3505 3621 3713 3686 λαϐεῖν,
3748 3621 3844 3674 τοῦ

2255 3708 2382 3761 ὅσον
2412 3708 2559 3782 ὑπὲρ
2613 3712 2860 3766 τοιούτου
2907 3711 3004 3765 τοῦ
3058 3713 3320 3783 ληγάτου,
3354 3716 3447 3768 ἐπὶ
3480 3714 3554 3768 λε’
3584 3719 3848 3778 ἐνιαυτοῖς

2258 3800 2578 3869 συνάγεται,
2609 3801 2754 3857 οὓτω
2787 3805 2972 3876 μέντοι
3003 3805 3145 3858 ὥστε
3173 3806 3236 3860 τὸ
3251 3806 3495 3860 τοιοῦτον
3528 3806 3744 3878 τίμημα
3766 3808 3846 3870 είς

2255 3893 2318 3946 τὸ
2338 3895 2620 3966 συμφέρον
2648 3896 2742 3950 τοῦ
2767 3899 3172 3970 προειρημένου
3195 3900 3497 3971 σεϐασμίου
3519 3901 3692 3962 οἴκου,
3709 3901 3842 3954 ὅπου

2260 3989 2596 4062 κατελείφθη
2629 3995 2962 4064 προχωρεῖν,
2993 3995 3091 4047 καὶ
3132 3993 3431 4063 κεφάλαιον
3462 3991 3506 4058 ζ’
3549 3994 3642 4048 τοῦ
3679 3995 3843 4047 αὐτοῦ

2262 4081 2470 4152 βιϐλίου
2506 4085 2601 4137 καὶ
2655 4084 2839 4138 τίτλου
2889 4083 3066 4149 οὕτως
3085 4085 3208 4156 ἕχον
3230 4100 3245 4115 ⁶
3283 4084 3352 4138 Εἴ
3388 4103 3471 4149 τις
3503 4087 3848 4157 κατασκευὴν

2259 4175 2584 4248 εὐκτηρίου,
2615 4177 2767 4243 ναοῦ,
2801 4177 2834 4249 ἢ
2865 4179 3117 4246 ξενῶνος,
3155 4179 3188 4250 ἢ
3222 4181 3520 4250 πτωχείου,
3554 4180 3588 4251 ἢ
3621 4181 3848 4250 ὀρφανο-

2259 4271 2543 4340 τροιςείου,
2577 4270 2611 4342 ἢ
2657 4271 3030 4343 νοσοκομείου,
3082 4273 3116 4344 ἢ
3153 4273 3316 4328 ἄλλου
3346 4274 3646 4345 σεϐασμίου
3677 4275 3848 4336 οἴκου,

2262 4365 2320 4418 ἐν
2343 4363 2635 4436 τελευταίᾳ
2684 4364 2937 4437 βουλήσει
2977 4367 3236 4436 γενέσθαι
3282 4367 3637 4433 διατυπώσει,
3668 4367 3728 4421 τὺ
3759 4368 3849 4420 εὐ-

2263 4459 2490 4530 κτήριον
2509 4459 2606 4530 μὲν
2629 4461 2795 4513 πέντε
2811 4461 2942 4514 εῖσω
2971 4463 3239 4517 ἐνιαυτῶν
3270 4461 3613 4535 πληροῦσθαι
3634 4463 3848 4519 κελεύο-

2183 4573 2233 4632 D
2269 4569 2369 4622 μεν
2406 4553 2637 4626 προνοίᾳ
2681 4553 2791 4607 τῶν
2830 4555 3015 4609 τόπων
3046 4557 3368 4620 ἐπισκόπου,
3403 4558 3622 4612 καὶτοῦ
3649 4561 3850 4614 πολιτι-

2262 4643 2358 4698 κοῦ
2416 4644 2702 4717 ἄρχοντος,
2743 4646 2839 4700 τὸν
2873 4647 2930 4700 δὲ
2980 4646 3185 4712 ξενῶνα
3224 4650 3318 4701 καὶ
3371 4649 3433 4703 τὸ
3481 4654 3770 4722 πτωχεῖον,
3815 4651 3846 4724 ἢ

2256 4736 2421 4792 ἄλλον
2458 4737 2760 4810 σεϐάοίμιον
2783 4733 2955 4807 οἷκον,
2983 4742 3116 4795 εἵσω
3137 4743 3255 4806 ἐνὸς
3291 4744 3539 4798 ἐνιαυτοῦ
3579 4744 3847 4815 γίνεσθαι.

2257 4829 2322 4884 Ei
2372 4829 2430 4883 δὲ
2485 4831 2640 4896 ἐντὸς
2675 4831 2930 4886 ἐνιαυτοῦ
2975 4833 3051 4905 μὴ
3091 4838 3395 4906 ποιήσωσιν
3425 4838 3474 4891 οἱ
3521 4837 3848 4910 κληρονόμοι

2257 4922 2349 4976 τὸν
2390 4921 2619 4991 ξενῶνα,
2650 4925 2684 4996 ἢ
2720 4926 3040 4998 οίονδήποτε
3093 4929 3392 5001 σεϐάσμιον
3418 4927 3590 4998 οἷκον,
3619 4932 3723 4986 ὑπὸ
3757 4932 3849 4986 τοῦ

2249 5015 2592 5089 διαθεμένου
2639 5017 3052 5075 διατυπωθέντα
3086 5023 3365 5092 γενέσθαι,
3401 5023 3699 5094 κελεύομεν
3729 5024 3849 5077 τούο

2257 5127 2384 5174 τους
2408 5104 2616 5182 οἷκονῆ
2657 5112 2986 5184 ἀγοράζειν,
3028 5114 3062 5187 ἦ
3121 5115 3469 5186 μισθοῦσθαι,
3498 5117 3632 5170 ὅπου
3663 5117 3848 5170 δύναν-

2257 5218 2349 5254 ται
2399 5202 2470 5255 τὰ
2497 5203 2866 5259 κελευσθέντα
2917 5205 3230 5278 πληρῶσαι,
3294 5207 3401 5272 ἓως
3436 5209 3502 5263 ἂν
3545 5211 3574 5263 ὁ
3611 5209 3849 5272 τοιοῦτος

2257 5295 2557 5368 σεϐάτμιος
2581 5294 2734 5362 οἶκος
2769 5297 3057 5372 πληρωθῇ,
3093 5301 3189 5355 καὶ
3223 5302 3271 5354 εί
3296 5303 3395 5372 μέν
3418 5302 3582 5366 αὐτὸς
3607 5303 3636 5356 ὁ
3669 5304 3851 5357 διαθέ-

2259 5404 2422 5457 μενος
2456 5389 2614 5462 ὁρίσῃ
2652 5393 2779 5455 τοὺς
2813 5393 3132 5462 ὀφείλοντας
3166 5394 3477 5467 ξενοδόχους
3507 5397 3784 5466 γενέσθαι,
3815 5397 3846 5467 ἢ

2255 5482 2684 5553 πτωχοτρόιρους
2721 5484 2981 5555 ἢᾶλλους
3030 5487 3310 5553 τοιούτους
3359 5489 3674 5559 διοικητὰς,
3741 5493 3847 5545 εἴτε

2255 5573 2369 5634 τοῖς
2397 5571 2550 5636 ἰδίοις
2584 5573 2947 5647 κληρονόμοις
2973 5577 3074 5648 τὴν
3100 5579 3362 5651 τοιαύτην
3381 5579 3643 5652 ἐπιλογὴν
3675 5583 3840 5652 πειρά-

2259 5684 2384 5739 σχῃ,
2421 5669 2722 5742 κελεύομεν
2744 5673 2970 5745 τρόποις
2995 5674 3166 5730 ἅπασι
3197 5676 3326 5741 τοὺς
3359 5677 3728 5749 κληρονόμους
3752 5676 3848 5730 αὖε

2254 5762 2371 5828 τοῦ,
2423 5764 2492 5818 τὰ
2541 5765 2671 5837 παρ’
2712 5766 2880 5820 αὐτοῦ
2937 5768 3358 5824 διατυπωθέντα
3418 5771 3685 5841 πληροῦν,
3743 5770 3848 5822 τῶν

2258 5857 2400 5912 κατὰ
2428 5859 2594 5914 τόπον
2626 5864 3067 5932 μακαριωτάτων
3098 5863 3420 5920 ἐπισκόπων
3441 5864 3846 5918 ἐποπτευὸπων
