4146 6460
397 355 534 422 1033

1443 315 1453 326 ’
1484 356 1974 420 NOMOCANON.
2018 385 2082 393 ——
2113 357 2260 418 TlT.
2286 356 2368 430 ιι,
2411 356 2570 421 CAP.
2600 357 2650 417 ι.

3563 360 3700 425 1024

393 475 444 527 εἱ
477 469 663 536 καλῶς
695 471 732 543 ἡ
797 468 1062 540 διοίκησις
1096 465 1404 538 προϐαίνει,
1443 465 1540 518 καὶ⁸
1597 465 1645 518 εί
1674 462 1880 536 εὕρωσι
1926 464 2000 535 μὴ
2036 522 2037 526 η

2149 463 2246 518 lios
2273 462 2327 518 in
2367 463 2584 518 illorum
2608 463 2790 519 locum
2815 465 2990 536 magis
3015 467 3244 523 idoneos
3274 469 3566 529 subiciant.
3591 472 3702 528 No-

400 566 716 638 χρησίμους
764 565 927 627 ὄντας
975 561 1104 625 τοὺς
1153 558 1455 630 διοικητάς,
1511 557 1695 612 ἄδειαν
1759 557 1995 627 ἐχόντων

399 661 530 716 ἄνευ
602 657 833 729 ζημίας,
898 653 1092 717 ἄλλους
1142 652 1264 706 ἀντὶ
1321 648 1582 704 τοιούτων
1650 648 1996 720 ἐπιτηδείους

401 754 600 807 ποιεῖν.
632 749 970 822 Σημείωσαι,
1005 745 1115 800 ἀπὸ
1168 743 1280 798 τῶν
1313 740 1554 796 ἐνταῦθα
1584 741 1996 812 καταστρωθει-

403 843 514 899 σῶν
561 842 776 914 νεαρῶν
826 842 908 913 ὅτι
965 840 1035 893 τά
1076 837 1228 908 παρὰ
1277 836 1386 890 τῶν
1415 834 1700 907 κτητόρων
1729 833 1995 905 γινόμενα

404 935 615 990 τυπικὰ
640 935 688 988 εί
720 932 796 1006 μὴ
839 933 952 995 τοῖς
979 929 1206 984 κανόσιν
1256 926 1650 993 ἐναντιοῦνται,
1699 925 2002 996 κρατοῦσιν

405 1028 489 1082 ὅτι
518 1028 546 1081 δ
577 1025 722 1079 κατὰ
769 1021 955 1095 χώραν
987 1021 1313 1085 ἐπίσκοπος,
1352 1018 1450 1073 καὶ
1484 1017 1773 1088 οἰκονόμος
1808 1017 2002 1081 αὑτοῦ,

408 1117 892 1188 καταναγκάζουσι
916 1115 1012 1170 καὶ
1046 1115 1121 1187 μὴ
1155 1112 1518 1185 βουλομένους
1545 1112 1621 1183 μὴ
1654 1109 1853 1182 μόνους
1874 1112 2006 1175 τοὺς

405 1211 686 1282 διαδόχους
711 1209 820 1263 τῶν
856 1207 1268 1279 δοιρησαμένων
1301 1203 1611 1277 πράγματά
1674 1219 1800 1256 τινα
1845 1200 2008 1272 χάριν

409 1300 672 1363 εὐσεϐοῦς
700 1299 906 1365 αἰτίας,
936 1297 1074 1352 ἀλλὰ
1123 1296 1220 1350 καὶ
1260 1295 1460 1360 αὐτοὺς
1501 1295 1631 1358 τοὺς
1684 1289 2011 1364 δωρησαμέ-

414 1394 562 1459 νους,
591 1393 776 1447 δοῦναι
813 1391 883 1446 τά
926 1388 1268 1462 δωρηθέντα,
1308 1386 1412 1442 κᾶν
1471 1388 1546 1458 μὴ
1591 1385 1814 1457 ἐνεδόθη
1848 1383 2010 1438 τοῦτο

408 1487 564 1560 παρὰ
588 1485 686 1540 τοῦ
737 1484 1089 1557 διαθεμένου,
1122 1483 1158 1555 ἢ
1191 1482 1299 1538 κᾶν
1326 1482 1424 1537 καὶ
1481 1480 1756 1550 ἐκωλύθη,
1795 1479 1880 1532 ὅτι
1932 1477 2003 1531 τά

413 1582 492 1646 εἰς
510 1578 758 1643 εὐσεϐεῖς
791 1577 977 1640 αἰτίας
1014 1574 1575 1648 καταλιμπανόμενα,
1610 1573 1671 1627 οὐ
1699 1570 2007 1642 φεικιδοῦν-

411 1690 528 1738 ται,
557 1673 650 1726 ὅτι
699 1670 882 1738 ἔξεστι
905 1671 1019 1734 τοῖς
1053 1667 1380 1732 ἐπισκόποις
1418 1666 1732 1737 μετακινεῖν
1765 1663 1876 1718 ἀπὸ
1913 1661 2016 1731 τῆς

413 1765 738 1836 διοικήσεως
756 1762 866 1816 τῶν
894 1764 1081 1828 οῐκων,
1103 1763 1231 1827 τοὺς
1255 1757 1843 1830 καταλιμπανομένους
1869 1756 2018 1826 παρὰ

2107 564 2159 610 ta
2191 571 2255 610 ex
2290 557 2523 612 novellis
2557 557 2650 612 hic
2686 557 2931 624 insertis,
2965 560 3147 616 valere
3171 560 3378 620 formas
3417 581 3447 620 a
3481 582 3706 637 posscs-

2108 644 2328 701 soribus
2369 647 2436 700 de
2475 645 2870 723 [exstruendis]
2910 654 3262 709 monasteriis
3302 654 3499 723 factas,
3550 671 3703 716 extra

2109 753 2274 808 quam
2301 739 2346 794 si
2383 742 2689 796 canonibus
2713 742 3094 810 adversentur,
3137 754 3191 800 et
3235 747 3340 802 loci
3385 750 3704 823 episcopum

2110 828 2339 899 ejusque
2367 847 2691 890 meonomos
2723 851 2920 906 cogere
2958 836 3165 893 invitos
3203 855 3314 895 non
3366 843 3544 898 solum
3576 861 3707 900 suc-

2112 936 2362 978 cessores
2405 939 2618 989 eorum,
2666 927 2760 996 qui
2789 943 2874 982 res
2911 928 3124 998 aliquas
3158 931 3212 984 in
3249 932 3371 1002 pias
3394 950 3591 991 causas
3621 937 3715 992 do-

2115 1025 2338 1080 narunt,
2372 1031 2564 1072 verum
2599 1019 2765 1074 etiam
2799 1021 2949 1090 ipsos
2979 1025 3302 1093 donatores,
3334 1035 3393 1082 ut
3431 1028 3564 1084 dent
3590 1045 3714 1102 qua:

2117 1110 2318 1164 donata
2347 1120 2500 1176 sunt,
2534 1115 2750 1170 tametsi
2798 1115 2903 1172 hoc
2949 1117 3084 1185 ipsis
3111 1135 3143 1175 a
3194 1128 3454 1178 testatore
3485 1138 3716 1181 conces-

2118 1217 2240 1258 sum
2272 1219 2381 1257 non
2433 1205 2542 1259 sit:
2573 1204 2684 1260 imo
2725 1211 2942 1264 tametsi
2977 1213 3204 1268 vetitum
3255 1215 3347 1278 sit,
3379 1225 3453 1283 ct,
3502 1234 3626 1289 quae
3659 1219 3714 1275 in

2119 1295 2240 1366 pias
2258 1310 2457 1352 causas
2480 1299 2886 1369 relinquuntur,
2919 1302 3219 1361 Falcidiam
3251 1324 3363 1364 non
3395 1309 3714 1377 admittere,

2119 1397 2195 1452 et,
2237 1387 2404 1442 licere
2458 1390 2752 1462 episcopos
2801 1409 3086 1452 removere
3117 1400 3188 1454 ab
3237 1401 3720 1461 administratione

2121 1480 2516 1535 venerabilium
2549 1483 2839 1540 domorum
2860 1488 3079 1545 relictos
3106 1507 3136 1545 a
3157 1497 3575 1563 possessoribus
3601 1497 3723 1555 dis-

2125 1586 2474 1642 pensatores,
2506 1576 2550 1631 si
2588 1592 2822 1647 nequam
2863 1579 3004 1655 [eos]
3041 1599 3166 1641 esse
3216 1596 3454 1656 constet,
3499 1603 3553 1646 et
3583 1592 3723 1647 alios

2125 1664 2400 1722 snﬂiccre.
2443 1667 2540 1725 llis
2563 1686 2692 1726 vero
2723 1674 2928 1729 notatis
2955 1676 3062 1742 die,
3093 1691 3202 1732 non
3221 1681 3546 1750 subsistere,
3574 1684 3724 1754 quod

2127 1773 2156 1812 a
2187 1762 2609 1829 possessoribus
2641 1765 2695 1818 in
2729 1764 2927 1822 formis
2959 1770 3244 1838 scribitur,
3280 1789 3350 1828 ne
3387 1775 3618 1832 omnino
3646 1777 3726 1832 lo-

418 1855 528 1910 τῶν
580 1852 864 1926 κτητόρων
919 1851 1205 1923 διοικητὰς
1255 1848 1463 1912 κακοὺς
1516 1845 2018 1916 ἀναφαινομένους,

2149 1866 2318 1906 :orum
2347 1853 2590 1924 cpisc0pi
2619 1870 2680 1910 se
2712 1856 3066 1915 immisceant
3099 1864 3332 1932 negotiis
3355 1867 3728 1923 monasterio-

417 1947 511 2001 καὶ
536 1945 734 2009 ἄλλους
759 1947 956 2001 ποιεῖν.
1008 1945 1122 2000 Καὶ
1152 1941 1328 1997 ταῦτα
1362 1939 1817 2013 σημειωσάμενος
1851 1937 2001 2007 λέγε,

417 2037 770 2094 ἀνυπόστατα
808 2030 950 2088 εἶναι
989 2034 1058 2087 τά
1110 2033 1170 2086 ὲν
1223 2034 1338 2095 τοῖς
1376 2030 1630 2092 τυπικοῖς
1680 2026 2012 2100 γραφόμενα

420 2127 575 2201 παρὰ
627 2127 737 2182 τῶν
782 2127 1067 2198 κτητόρων
1102 2124 1264 2198 χάριν
1313 2122 1408 2176 τοῦ
1454 2121 1533 2194 μὴ
1585 2121 1837 2193 μετέχειν
1875 2119 2016 2182 ὅλως

417 2219 548 2280 τοὺς
571 2217 877 2289 ἐγχωρίους
918 2217 1201 2290 ἀρχιερεῖς
1237 2215 1317 2280 εἰς
1345 2213 1415 2269 τὰ
1438 2213 1572 2286 παρ’
1614 2211 1797 2267 αὐτῶν
1835 2211 2014 2276 κτιζό-

425 2329 564 2386 μενα
595 2311 957 2384 μοναστήρια.
1004 2309 1282 2374 Ὡσαύτως
1329 2308 1428 2364 καὶ
1457 2308 1526 2363 τὰ
1549 2307 1662 2362 τῶν
1699 2306 2009 2380 ἀρχιερέων

429 2405 810 2478 ὑπομνήματα
843 2405 914 2459 τὰ
941 2403 1386 2475 διαλαμϐάνοντα
1435 2401 1512 2474 μὴ
1561 2398 1812 2471 μετέχειν
1847 2400 1927 2462 είς
1950 2399 2018 2452 τά

2124 1959 2247 1997 rum
2277 1959 2309 1998 a
2337 1961 2397 2000 se
2423 1953 2860 2004 cxstructonum.
2896 1949 3050 2018 Item,
3090 1955 3410 2024 pontiﬁcum
3444 1973 3732 2016 commen-

2131 2035 2300 2092 tarios
2318 2039 2770 2108 complectentes,
2799 2058 2866 2098 ne
2889 2047 2984 2114 qui
3012 2046 3148 2116 ipsis
3173 2049 3732 2124 succedentepiscopi

2131 2131 2602 2186 monasteriorum
2627 2135 2859 2204 negotiis
2885 2153 2944 2192 se
2969 2138 3318 2197 immisceant
3352 2159 3365 2196 :
3396 2152 3732 2215 propterque

2130 2216 2187 2271 id
2219 2235 2284 2272 ex
2325 2222 2764 2292 transgressione
2799 2226 3050 2284 incussas
3099 2235 3734 2298 exconununicationes,

2133 2318 2393 2380 tanquam
2419 2313 2633 2369 ratione
2662 2313 2926 2373 destituta
2965 2321 3216 2376 converti
3238 2323 3292 2377 in
3325 2325 3502 2393 capita
3538 2341 3733 2381 eorum

2128 2403 2220 2472 qui
2255 2407 2835 2465 exeommunicarunt.

430 2499 769 2572 μοναστήρια
797 2497 927 2562 τοὺς
980 2496 1098 2570 μετ’
1131 2497 1330 2561 αὐτοὺς
1376 2493 1715 2557 ἐπισκόπους
1759 2493 1856 2547 καὶ
1888 2493 2014 2556 τοὺς
2046 2495 2198 2566 παρὰ
2213 2496 2373 2552 τοῦτο
2393 2500 2808 2574 ἐπισειομένους
2863 2507 2930 2559 ἐκ
2975 2508 3328 2580 παραϐιισίας
3367 2511 3721 2586 ἀφορισμοῦς

427 2591 761 2665 στρέφεσθαι
797 2592 874 2656 ὡς
921 2590 1251 2660 άνευλόγους
1297 2590 1379 2655 εἰς
1435 2589 1535 2654 τὰς
1601 2586 1847 2658 κεφαλὰς
1900 2586 2011 2640 τῶν
2051 2591 2454 2663 άφορισάντων.

499 2686 815 2756 Κείμενον.
833 2684 998 2754 Λέγει
1017 2684 1075 2738 δὲ
1089 2682 1296 2756 βιϐλίον
1313 2681 1362 2736 α’
1394 2682 1504 2737 τῶν
1520 2680 1832 2747 Διατάξεων
1853 2679 1955 2735 τίτ.
1979 2687 2027 2751 η’

429 2794 486 2833 κ.
523 2793 578 2832 τ.
613 2775 664 2830 λ.
712 2791 889 2847 usque
913 2775 982 2832 ad
1007 2775 1132 2830 οὐδὲ
1170 2773 1452 2830 πωλεῖται.

431 2895 447 2958 ζ
503 2892 785 2963 Σχόλιον.
838 2890 913 2944 Τὸ
961 2895 1010 2944 α’
1041 2890 1329 2962 Διάταγμα
1377 2889 1473 2944 τοῦ
1524 2889 1577 2963 η’
1608 2888 1790 2945 τίτλου
1837 2887 1934 2944 τοῦ
1980 2888 2028 2943 α’

435 2986 644 3060 βιϐλίου
670 2985 782 3040 τῶν
837 2983 1170 3051 Διατάξεων,
1203 2983 1320 3037 ἐστι
1351 2983 1556 3055 βιϐλίον
1589 2989 1688 3054 μς¹
1717 2983 1824 3038 τῶν
1859 2984 2028 3036 Βασι-

433 3080 628 3148 λιιιῶν,
647 3077 826 3143 τίτλος
849 3083 920 3148 γ’,
943 3077 1241 3148 κεφάλαιον
1263 3084 1333 3143 α’,
1357 3076 1532 3141 οὕτως
1551 3076 1674 3147 ἕχον
1703 3076 1780 3140 ὡς
1801 3079 2038 3148 ἐγράφη.

2219 2684 2439 2743 Texms.
2471 2689 2592 2746 Lib.
2627 2707 2758 2747 vero
2789 2709 2804 2748 ι
2831 2691 2974 2762 Dig.,
3005 2693 3086 2748 tit.
3116 2695 3151 2751 8
3181 2705 3314 2765 etc.,
3370 2715 3534 2772 usque
3553 2704 3625 2758 ad
3641 2720 3742 2761 ne-

2143 2793 2251 2850 que
2286 2783 2472 2837 venire
2538 2792 2742 2854 potest,
2774 2794 2833 2839 ut
2899 2801 3025 2858 pag.
3057 2787 3316 2847 566-567.
3575 2867 3578 2871 ,

2215 2873 2513 2932 Sclwlium.
2551 2877 2834 2950 Digestum
2863 2881 2890 2936 1
2927 2884 3012 2938 tit.
3041 2883 3094 2947 8,
3148 2884 3282 2939 litui
3314 2871 3630 2955 Digestaest
3648 2891 3744 2947 lib.

2150 2984 2276 3023 xm
2305 2968 2502 3037 Basil.,
2545 2971 2629 3027 tit.
2657 2973 2712 3038 3,
2748 2989 2872 3045 cap.
2910 2976 2963 3043 1,
2995 2977 3142 3048 quod
3187 2978 3270 3034 sic
3303 2980 3490 3048 habet,
3526 2987 3747 3040 utscri-

2152 3069 2305 3130 ptum
2331 3069 2436 3118 est.
2469 3062 2747 3136 Digestum
2777 3066 2810 3120 6
2829 3077 2923 3131 est
2944 3083 3066 3139 cap.
3096 3070 3130 3125 8
3156 3071 3401 3142 ejusdem
3427 3073 3523 3129 lib.
3555 3083 3610 3129 et
3640 3077 3751 3142 tit.,

434 3173 511 3228 Τὸ
538 3179 593 3239 ς’
616 3169 900 3241 διάταγμά
919 3170 1038 3223 ἐστι
1073 3169 1374 3237 κεφάλαιον
1405 3173 1456 3234 η’
1485 3167 1580 3220 τοῦ
1625 3165 1790 3220 αὐτοῦ
1826 3165 2035 3236 βιϐλίου

2153 3153 2300 3222 quod
2333 3153 2530 3224 digest.
2562 3171 2660 3227 per
2693 3158 2879 3213 omnia
2909 3159 3090 3216 simile
3111 3171 3213 3218 est.
3257 3161 3525 3220 Similiter
3560 3175 3615 3222 et
3643 3167 3746 3241 [di-

436 3268 533 3321 καὶ
569 3264 779 3331 τίτλου,
825 3263 1013 3335 ὅμοιον
1048 3262 1190 3316 κατὰ
1219 3261 1402 3315 πάντα
1431 3259 1508 3331 τῷ
1529 3259 1884 3329 διατάγματι.
1922 3258 2042 3311 Ὠσ-

440 3358 622 3422 αύτως
659 3356 756 3412 καὶ
779 3354 842 3410 τδ
869 3353 944 3427 η’,
975 3354 1020 3408 θ’
1039 3355 1136 3408 καὶ
1175 3352 1230 3418 ι’,
1257 3354 1324 3406 τά
1343 3352 1498 3424 παρὰ
1533 3351 1629 3407 τοῦ
1663 3351 1712 3405 α’
1739 3351 1834 3406 καὶ
1861 3357 1912 3418 ς’
1944 3351 2032 3404 τί·

443 3453 601 3518 τλου,
627 3451 728 3522 τῆς
765 3450 810 3521 β’
872 3447 1329 3515 ίνστιτουτιῶνος,
1366 3447 1539 3511 οὕτως
1576 3445 1816 3518 ἔχουσιν,
1838 3445 1923 3508 ’ὡς
1982 3447 2041 3499 ὲν

440 3550 559 3610 τοῖς
623 3543 1000 3608 Ἰνετιτούτοις
1047 3541 1290 3614 ἐγράφη.
1347 3542 1509 3614 Ζήτει
1559 3536 1653 3595 οὖν
1680 3540 1790 3595 ἀπὺ
1838 3539 2046 3594 τούτοιν

445 3640 642 3712 μαθεῖν
685 3638 1027 3710 τελειότερον
1056 3635 1128 3690 τά
1175 3637 1240 3689 ἐκ
1287 3634 1494 3688 τούτων
1537 3635 1824 3706 γραφέντα
1862 3636 1920 3688 ἐν
1965 3631 2046 3704 τῷ

443 3735 678 3805 παρόντι
711 3733 1072 3802 συντάγματι.
1096 3729 1168 3782 Τὸ
1200 3728 1259 3782 δὲ
1290 3728 1444 3800 παρὰ
1466 3727 1697 3799 γνώμην
1714 3727 1827 3811 τῶν
1851 3727 2046 3797 ἱερέων

444 3828 672 3898 γεγονὸς
711 3825 857 3897 ἱερὸν
909 3824 1063 3896 παρά
1085 3839 1252 3886 τινος,
1273 3823 1376 3875 οὐκ
1398 3821 1548 3874 ἐστιν
1567 3822 1733 3892 ἱερὸν,
1762 3821 1836 3884 ὡς
1861 3815 2042 3890 οἶμαι,

441 3923 652 3975 νοεῖται
699 3919 757 3972 δὲ
789 3918 914 3972 ὅσον
971 3919 1051 3981 είς
1080 3915 1140 3968 τὸ
1179 3914 1493 3984 λογίζεσθαι
1537 3912 1919 3978 ἐπισκοπικδν,
1954 3911 2054 3966 καὶ

447 4015 597 4085 ἔχειν
630 4012 905 4082 προνόμια
935 4009 1236 4082 καθολικῆς
1279 4007 1632 4080 Ἐκκλησίας,
1658 4007 1755 4060 καὶ
1790 4005 1867 4076 μὴ
1897 4004 2049 4076 λογί-

450 4107 645 4172 ζεσθαι
698 4105 994 4169 ἰδιωτικὸν,
1023 4101 1301 4170 ἐπείτοιγε
1333 4103 1414 4164 είς
1461 4099 1521 4152 τὸ
1572 4098 1649 4170 μὴ
1695 4097 2049 4166 κοινωοῆναι,

448 4199 560 4254 κᾶν
611 4197 686 4270 μὴ
735 4199 882 4266 ἱερὸν
912 4195 1281 4268 ὀνομάζηται,
1318 4193 1454 4246 ἀλλὰ
1493 4192 1649 4260 ἆγιὸν
1681 4193 1819 4245 ἐστι.
1856 4190 1965 4242 Καὶ
1991 4189 2053 4242 τὸ

451 4289 814 4362 οἰκοδομηθὲν
857 4289 982 4360 δίχα
1027 4288 1196 4358 εῦχῆς
1243 4285 1456 4357 ἱερέως,
1490 4285 1595 4337 κᾶν
1647 4282 1935 4355 καταπέσῃ
1975 4281 2050 4344 ὼς

452 4387 632 4456 ἆγιον,
672 4385 780 4438 οὑκ
839 4381 922 4435 ἔτι
984 4380 1400 4452 κοινωοήςεται.
1449 4377 1523 4430 Τὸ
1559 4377 1602 4441 ζ’
1643 4373 1920 4446 διάταγμα
1953 4372 2050 4427 τοῦ

455 4483 535 4542 ις’
564 4475 746 4529 τίτλον
769 4474 866 4528 τοῦ
893 4478 940 4527 α’
972 4471 1179 4544 βιϐλίου
1208 4471 1318 4524 τῶν
1334 4469 1662 4532 Δια-τάξεων,
1687 4467 1804 4521 ἐστι
1844 4465 2050 4538 βιϐλίον

2155 3242 2322 3316 gest.]
2357 3245 2412 3310 8,
2444 3245 2477 3302 9
2507 3256 2562 3302 et
2603 3248 2690 3303 10.
2730 3247 2864 3315 Qua:
2898 3266 3030 3306 vero
3058 3267 3125 3308 ex
3160 3254 3245 3309 tit.
3278 3255 3304 3309 1
3353 3263 3410 3310 et
3459 3255 3493 3313 6
3522 3263 3752 3314 secundi

2159 3333 2307 3408 [lib.]
2346 3334 2522 3393 Instit.
2557 3336 2867 3411 [desumpta
2908 3341 3062 3416 sunt]
3098 3345 3181 3401 sic
3210 3346 3434 3418 habent,
3489 3361 3551 3407 ut
3579 3352 3634 3407 in
3669 3352 3757 3408 ln-

2157 3429 2274 3484 stit.
2304 3429 2570 3501 scriptum
2615 3442 2718 3489 est.
2756 3435 2833 3490 Da
2870 3435 3035 3506 igitur
3068 3453 3295 3508 operam
3349 3453 3407 3498 ut
3451 3444 3755 3514 perfectius

2156 3532 2222 3573 ex
2276 3519 2360 3576 his
2411 3536 2476 3576 ea
2523 3537 2650 3592 quae
2701 3523 2829 3579 inde
2867 3525 2922 3579 in
2971 3541 3213 3597 praesens
3240 3546 3378 3602 opus
3421 3537 3756 3608 transcripta

2160 3619 2311 3679 sunt,
2351 3611 2558 3669 discas.
2599 3612 2804 3688 [Quod]
2830 3633 2960 3672 vero
2994 3617 3131 3693 [res]
3152 3637 3332 3688 sacra,
3382 3640 3505 3694 qute
3557 3626 3627 3682 ab
3655 3629 3753 3683 ali-

2161 3719 2270 3775 quo
2299 3706 2439 3761 citra
2475 3711 2824 3763 sacerdotum
2853 3712 3178 3783 suﬂragium
3233 3713 3438 3790 [sacra]
3482 3718 3624 3774 facta
3657 3732 3760 3786 est,

2160 3811 2320 3853 sacra
2349 3813 2461 3853 non
2514 3810 2621 3866 est,
2667 3801 2994 3872 intelligitur
3039 3805 3138 3876 (uti
3189 3809 3451 3878 arbitror)
3489 3821 3760 3882 quantum

2163 3893 2229 3945 ad
2265 3889 2344 3963 [id
2381 3892 2600 3957 attinet,
2654 3892 2734 3966 ut]
2786 3895 3115 3966 episcopalis
3152 3911 3436 3970 repetetur
3480 3919 3545 3959 ac
3573 3909 3765 3961 catha-

2163 3983 2283 4038 lica:
2342 3981 2601 4039 Ecclesiae
2654 3986 3001 4057 privilegium
3051 3988 3272 4059 habt-at,
3315 4008 3495 4063 neque
3551 3997 3762 4065 privata

2166 4086 2477 4131 censeatur.
2525 4076 2983 4147 Quandoquidem
3020 4097 3130 4151 quo
3161 4097 3229 4135 ne
3252 4084 3319 4136 ad
3347 4085 3598 4155 vulgares
3630 4104 3765 4144 usus

2165 4178 2483 4236 revocetur,
2519 4170 2644 4224 licet
2664 4186 2820 4226 sacra
2855 4187 2963 4224 non
2988 4175 3326 4242 nominetur,
3363 4186 3606 4233 attamen
3630 4196 3762 4236 san-

2164 4271 2249 4317 tta
2279 4271 2384 4318 est.
2442 4263 2522 4318 Ac
2558 4262 2741 4336 [sanc}
2775 4265 2922 4334 quod
2975 4282 3084 4321 non
3124 4267 3616 4327 intervenientibus
3678 4292 3766 4328 sa-

2171 4354 2414 4409 cerdotis
2444 4356 2700 4424 precibus
2726 4357 3054 4412 :t-dilicatum
3086 4369 3189 4423 cst,
3216 4361 3261 4414 si
3286 4362 3610 4430 eoilalsatur,
3647 4376 3768 4420 tau-

2169 4464 2335 4518 quam
2369 4459 2646 4514 sanctum,
2678 4465 2785 4504 non
2819 4451 3015 4506 iterum
3045 4453 3110 4508 ad
3143 4456 3398 4525 vulgaris
3429 4473 3562 4514 usus
3589 4459 3732 4515 dedit
3754 4490 3769 4500 -

453 4541 568 4622 τῶν
592 4565 899 4621 Βασιλικῶν
923 4541 1000 4630 ς’,
1029 4563 1208 4627 τίτλος
1232 4561 1298 4634 β’,
1324 4563 1618 4633 κεφάλαιον
1650 4560 1715 4627 θ’,
1743 4557 1915 4622 οὕτως
1934 4559 2037 4630 ἔχοι

2167 4554 2342 4598 ceutr.
2378 4541 2656 4613 ltigestum
2680 4544 2710 4597 7
2752 4547 2834 4600 tit.
2866 4547 2930 4601 16
2956 4547 3050 4602 lib.
3076 4565 3092 4602 ι
3123 4549 3242 4619 Dig.
3265 4559 3351 4605 est
3373 4552 3467 4606 lib.
3499 4551 3666 4608 Basil.
3693 4572 3766 4618 vc,

457 4663 536 4732 ὼς
570 4661 807 4732 ἐγράφη.
841 4659 914 4711 Τὸ
946 4657 986 4723 ξ’
1004 4657 1284 4726 διάταγμα
1308 4653 1404 4708 τοῦ
1439 4654 1499 4706 ιδ’
1541 4653 1722 4706 τίτλου
1752 4652 1848 4706 τοῦ
1881 4651 1926 4722 β’
1977 4650 2064 4721 βι-

459 4756 612 4810 ϐλίου
648 4757 764 4810 ἐστι
830 4753 1036 4826 βιϐλίον
1099 4758 1204 4819 ια’,
1236 4768 1362 4820 κειρ.
1402 4750 1464 4817 ξ’,
1499 4749 1659 4818 λέγον
1692 4749 1758 4801 τὰ
1802 4748 1962 4802 αὐτά.
1993 4747 2068 4800 Τὸ

464 4850 550 4920 κγ’
607 4849 888 4920 διάταγμα
943 4845 1038 4901 τοῦ
1091 4845 1137 4917 β’
1185 4844 1370 4898 τίτλου
1417 4842 1514 4896 τοῦ
1573 4847 1628 4908 ς’
1682 4841 1891 4912 βιϐλίου
1953 4841 2068 4893 ἐστι

472 4943 678 5016 βιϐλίον
704 4949 786 5008 ιε’,
826 4941 1003 5004 τίτλος
1035 4946 1104 5007 α’,
1143 4937 1438 5007 κεφάλαιον
1483 4934 1594 5005 κγ’,
1623 4935 1764 5005 Οέμα
1802 4937 1868 5005 β’,
1897 4933 2068 4992 οὕτως

465 5035 590 5106 ἔχον
633 5032 710 5096 ὡς
751 5031 994 5103 ἐγράφη.
1030 5030 1104 5083 Τὸ
1136 5028 1199 5082 ιδ’
1238 5029 1515 5098 διάταγμα
1543 5027 1635 5080 τοῦ
1684 5033 1732 5079 α’
1766 5025 1948 5080 τίτλου
1974 5025 2068 5077 τοῦ

470 5126 522 5199 η’
554 5125 759 5197 βιϐλίου
795 5125 914 5179 ἐστὶ
953 5121 1159 5195 βιϐλίον
1210 5127 1311 5192 νη’,
1340 5120 1522 5183 τίτλος
1545 5126 1622 5184 α’,
1653 5119 1950 5188 κεφάλαιον
1985 5116 2067 5178 ιδ’,

472 5221 616 5291 θέμα
660 5220 972 5274 τελευταῖον
1003 5217 1207 5288 ὁμοίως
1255 5215 1400 5286 ἕχον.
1435 5215 1510 5268 Τὸ
1544 5213 1630 5280 λς’
1660 5215 1939 5285 διάταγμα
1977 5211 2070 5266 τοῦ

471 5311 518 5378 ζ’
568 5310 676 5366 τίτ.
710 5310 806 5364 τοῦ
863 5315 931 5363 ια’
971 5307 1179 5380 βιϐλίου
1225 5307 1335 5359 τῶν
1368 5305 1680 5372 Διατὲξεων
1710 5305 1827 5358 ἔστι
1869 5304 2075 5374 βιϐλίον

472 5406 586 5461 τῶν
620 5403 929 5460 Βασιλικῶν
958 5402 1058 5468 νϐ’,
1089 5400 1197 5456 τίτ.
1221 5407 1293 5467 α’,
1320 5400 1622 5471 κεφάλαιον
1652 5396 1755 5469 ξγ’,
1783 5398 1927 5471 εέμα
1955 5398 2076 5452 τελ-

473 5498 710 5563 ευταῖον,
741 5494 922 5564 λέγον.
955 5491 1220 5564 Λὺεταιή
1255 5490 1512 5546 κοινωνία
1545 5489 1920 5562 φθειρομένων
1971 5491 2080 5544 τῶν

477 5587 819 5661 προσώπων,
852 5587 886 5660 ἢ
915 5585 1010 5641 τοῦ
1048 5584 1456 5656 πράγματος,ῆ
1492 5583 1594 5653 τῆς
1624 5582 1874 5653 ἀγωγῆς,
1916 5583 1949 5654 ἧ
1981 5585 2081 5654 τῆς

479 5682 730 5756 γνώμης.
765 5678 1070 5754 Προσῶπου
1097 5681 1199 5750 μὲν
1232 5677 1327 5732 ἐπὶ
1387 5677 1490 5747 τῆς
1549 5676 1793 5748 μεγάλης
1838 5676 1872 5746 ἦ
1911 5677 2083 5747 μέσης

487 5774 904 5839 καταστάσεως,
970 5768 1275 5838 ἐναλλαγῆς
1333 5770 1428 5821 καὶ
1477 5767 1732 5822 θανάτου.
1796 5766 2084 5838 Φθείρεται

479 5870 539 5926 δὲ
585 5869 647 5924 τὸ
699 5869 955 5941 πρᾶγμα,
990 5865 1119 5917 ὅταν
1157 5863 1191 5932 ἢ
1246 5861 1527 5926 παντελῶς
1578 5862 1694 5936 οὐχ’
1751 5861 2084 5935 ὖπεστινλ,ἢ

865 5964 1141 6024 ΡΑτιιοῐ..
1178 5957 1298 6019 Gtt.
1316 5955 1494 6042 ‘CIV.

2168 4639 2252 4692 tit.
2273 4637 2328 4700 2,
2358 4653 2482 4708 cap.
2505 4637 2558 4704 9,
2585 4639 2731 4710 quod
2757 4639 2941 4708 habet,
2972 4649 3033 4696 ut
3054 4644 3318 4714 scriptum
3344 4656 3447 4701 est.
3480 4645 3765 4719 Digeslum

2170 4729 2258 4795 60,
2283 4731 2370 4785 ιιι.
2393 4730 2482 4794 14,
2503 4730 2596 4785 lib.
2616 4741 2750 4787 ttcst
2774 4733 2868 4787 lib.
2886 4749 2964 4796 xu,
2993 4734 3075 4789 tit.
3094 4736 3145 4796 Ι,
3172 4752 3292 4808 cap.
3311 4737 3406 4805 60,
3425 4741 3566 4810 quod
3581 4743 3771 4797 eadem

2170 4822 2326 4878 dicit.
2370 4821 2652 4895 Digestum
2683 4824 2756 4879 23
2802 4827 2888 4881 t'tt.
2915 4826 2951 4880 2
2983 4829 3080 4884 lib.
3109 4845 3157 4883 τι
3191 4841 3276 4887 est
3329 4832 3431 4888 lib.
3475 4850 3565 4903 ιν,
3615 4838 3700 4892 tit.
3743 4841 3763 4891 l

2170 4935 2292 4989 cap.
2313 4919 2404 4986 25,
2425 4921 2606 4975 thema
2645 4922 2868 4996 “Aquod
2901 4921 3086 4987 habet,
3124 4925 3590 4995 quemadmodum
3634 4932 3773 4986 scri-

2171 5022 2324 5081 ptum
2354 5021 2457 5068 est.
2500 5013 2783 5085 Digestum
2827 5013 2895 5069 M
2925 5016 3008 5070 tit.
3041 5015 3064 5070 1
3103 5017 3195 5071 lib.
3228 5034 3322 5073 \‘m
3352 5030 3437 5076 est
3468 5021 3772 5089 libeernt,

2175 5103 2257 5159 tit.
2277 5105 2292 5156 l
2309 5145 2323 5172 ,
2342 5120 2462 5176 cap.
2488 5105 2581 5172 14,
2602 5107 2781 5160 thema
2797 5107 2900 5161 ult.
2922 5109 3068 5179 quod
3096 5110 3264 5164 simili
3289 5112 3451 5167 modo
3484 5113 3670 5170 habet.
3692 5114 3780 5167 Di-

2174 5207 2383 5266 gestum
2407 5199 2476 5251 56
2497 5198 2580 5252 tit.
2602 5198 2655 5261 7,
2677 5199 2771 5252 lib.
2806 5215 2857 5255 ιιι
2880 5199 3000 5272 Dig.
3025 5213 3109 5256 est
3137 5202 3278 5257 liber
3302 5205 3464 5260 Basil.
3485 5221 3596 5275 ιιι,
3620 5209 3702 5262 ιῑι.
3725 5209 3779 5272 1,

2176 5303 2298 5358 cap.
2339 5287 2441 5354 56,
2475 5293 2619 5360 quod
2663 5291 2824 5349 habet
2881 5297 3163 5362 quomodo
3207 5297 3473 5366 scriptum
3518 5309 3624 5356 est.
3689 5301 3781 5355 Di-

2179 5396 2319 5454 gest.
2350 5386 2418 5440 65
2457 5387 2539 5441 tit.
2599 5389 2636 5441 2
2683 5389 2778 5443 lib.
2827 5405 2938 5442 xvi:
2989 5389 3196 5462 Digest.
3239 5403 3322 5446 est
3346 5393 3439 5447 lib.
3470 5393 3641 5451 Basil.
3685 5413 3784 5463 xli,

2182 5480 2267 5538 tit.
2284 5483 2304 5535 i
2321 5521 2335 5547 ,
2355 5496 2474 5552 cap.
2496 5481 2588 5549 63,
2615 5482 2796 5537 thema
2822 5485 2943 5548 ult.,
2963 5485 3108 5556 quod
3129 5487 3263 5542 dicit
3292 5506 3304 5541 :
3330 5489 3576 5544 Solvitur
3595 5492 3746 5547 socie

2185 5583 2427 5640 t_as,Cum
2441 5582 2932 5644 autpcrsonzr,aut
2961 5592 3069 5641 res,
3093 5586 3187 5632 aut
3218 5577 3382 5643 actio,
3411 5581 3782 5637 autvoluntas

2185 5671 2394 5724 interit.
2421 5666 2730 5739 [lntereunt
2744 5667 2951 5741 autem]
2968 5686 3217 5740 personae
3236 5676 3476 5728 maxima
3495 5685 3589 5729 aut
3608 5679 3788 5731 media

2187 5762 2387 5834 capitis
2421 5760 2880 5818 deminutionem
2915 5772 3108 5818 morte.
3131 5764 3234 5820 Res
3267 5768 3432 5836 perit,
3458 5770 3794 5838 quandoaut

2191 5855 2417 5914 omnino
2437 5869 2546 5911 non
2569 5856 2840 5928 subsistit,
2861 5869 2952 5916 aut
2977 5861 3347 5919 conditionem
3367 5865 3792 5940 mutavit,[qqu

3275 5956 3354 6019 33
