4146 6432
556 300 699 365 1035
1713 304 1980 366 PHOTII
2024 304 2536 369 PATRIARCH/E
2578 309 2689 371 CP.
2802 282 2805 283 ί
3702 322 3821 390 meo

548 417 661 491 vel]
685 422 1007 473 consecrata
1030 415 1115 471 vel
1135 415 1415 487 publicata
1437 416 1529 474 sit.
1555 417 1839 491 Digestum
1872 418 1933 485 5,
1954 418 1988 474 6
2012 428 2068 474 et
2099 418 2170 473 62

2198 436 2244 493 Α
2273 421 2373 493 τὴν
2399 423 2739 476 κατάστασιν
2798 422 3089 493 ἐνήλλαξεν
3146 425 3499 501 ἀνιερωθὲνῆ
3531 431 3624 485 καὶ
3644 432 3820 503 δημευ.

549 486 709 578 ιίι.”1,
740 509 837 583 ιιι».
859 524 1015 577 xvm,
1052 486 1173 579 Dig.
1199 520 1280 566 est
1299 510 1392 568 lib.
1420 527 1537 580 xu,
1568 486 1653 567 tit:
1677 512 1730 579 1,
1777 527 1901 583 cap.
1926 512 1981 578 4,
2012 514 2159 583 quod

2198 486 2244 493 η
2271 486 2386 569 οἑ1ν.
2429 516 2671 569 Ἀκούων
2700 516 2756 570 δὲ
2781 486 3066 589 τοῦνόμου
3094 486 3446 590 μεμντίμένου
3476 486 3820 596 βεβηλότὲτος,

553 603 748 658 eadem
794 601 948 669 dicit.
992 600 1275 674 Digestnm
1300 602 1368 658 73
1397 603 1646 672 ejusdem
1705 604 1790 659 tit.
1836 616 1891 660 et
1944 603 2042 659 lib.
2072 614 2160 660 est

2270 609 2347 681 μὴ
2382 609 2615 663 ὲκλαϐοῦ
2661 608 2832 681 αὐτὴν
2862 610 2943 674 είς
3006 612 3375 685 ἀκαθαρσίαν,
3423 614 3558 669 ἀλλὰ
3584 618 3657 682 εἰς
3704 619 3823 673 ἰδιω-

551 695 801 767 ejusdem
830 709 926 749 xIx
956 693 1053 750 lib.
1081 694 1164 749 tit.
1192 693 1245 762 1,
1271 709 1393 765 cap.
1430 694 1522 764 75,
1554 694 1699 766 quod
1735 694 1818 751 sic
1876 694 2064 763 habet,
2094 704 2158 751 ut

2263 702 2439 757 τείαν.
2492 702 2567 755 Τὸ
2599 700 2665 767 ε’,
2722 708 2776 767 ς’
2818 702 2914 756 καὶ
2961 701 3039 773 ξβ⁹
3108 704 3457 776 διατάγματα
3504 707 3595 761 τοῦ
3640 715 3683 762 α’
3726 712 3816 767 τίτ.

550 789 819 859 scriptum
849 796 954 844 est.

2256 788 2353 843 τοῦ
2388 790 2457 861 ιη’
2483 790 2593 861 βιϐ.
2618 793 2730 845 τῶν
2760 792 3092 860 Διατάξεων,
3123 795 3241 849 ἔστι
3287 796 3487 866 βιϐλίον
3511 796 3594 865 ιϐ’,
3620 800 3717 855 τίτ.
3760 809 3822 869 α’,

550 883 847 953 κεφάλαιον
880 884 910 936 δ
929 924 945 950 ,
978 882 1047 937 τά
1097 881 1239 937 αὐτὰ
1283 881 1463 951 λέγον.
1496 882 1610 937 Καὶ
1652 882 1713 935 τὸ
1744 880 1824 953 ογ¹
1846 882 2129 954 διάταγμα
2158 883 2254 938 τοῦ
2280 886 2448 940 αὐτοῦ
2479 886 2661 940 τίτλου
2703 887 2800 941 καὶ
2850 886 3063 958 βιϐλίου
3104 890 3225 943 ἐστὶ
3270 891 3365 944 τοῦ
3429 889 3591 946 αὐτοῦ
3642 892 3699 946 ιβ’
3732 893 3821 965 βιϐο

548 978 656 1034 τίτ.
699 986 769 1043 α’,
809 976 1105 1045 κεφάλαιον
1145 982 1254 1045 ογ¹,
1288 974 1468 1040 οὕτως
1509 975 1633 1047 ἔχον
1704 976 1781 1039 ὡς
1818 978 2160 1047 γέγραπται.

626 1071 923 1129 Sciasvero
953 1070 1099 1141 quod
1133 1068 1267 1142 [res]
1299 1078 1503 1125 ειιιιιιιο
1533 1086 1642 1125 non
1691 1082 2025 1126 consecratae
2063 1087 2157 1127 ve-

2339 1069 2583 1125 Γίνωσκε
2635 1071 2693 1127 δὲ
2730 1072 2814 1127 ὅτι
2867 1072 2930 1127 τά
2970 1073 3069 1144 μὲν
3106 1072 3182 1146 μὴ
3233 1073 3525 1146 ίερωθέντα
3572 1076 3715 1145 ἅγια,
3744 1078 3823 1132 καὶ

560 1172 746 1231 neant,
771 1163 1065 1229 donantur,
1106 1170 1161 1217 et
1189 1163 1607 1233 usucapiantur,
1633 1163 1749 1218 sive
1766 1179 1861 1233 per
1886 1160 2161 1236 [longum]

2270 1162 2582 1219 πωλοῦνται
2626 1165 2722 1219 καὶ
2782 1164 3085 1237 δωροῦνται
3148 1168 3243 1221 καὶ
3280 1168 3820 1236 οὐσουκαπιτεύονται,

553 1266 769 1327 tempus
781 1254 1025 1310 dominio
1037 1253 1431 1325 subjiciantur:
1450 1264 1815 1310 sacraeautem
1834 1255 1983 1310 nullo
1996 1254 2161 1311 modo

2268 1257 2367 1311 καὶ¹
2394 1256 2514 1313 rm
2568 1256 2764 1328 χρόνου
2821 1258 3193 1329 κυριεύονται,
3233 1259 3305 1314 τὰ
3344 1259 3403 1313 δὲ
3435 1260 3574 1331 ίερά,
3602 1263 3823 1335 ὁπωσδή-

558 1352 614 1407 in
632 1348 1010 1424 [cujusquam]
1023 1348 1326 1405 dominium
1343 1351 1669 1418 concedant;
1684 1359 1759 1415 et,
1772 1350 1921 1420 quod
1934 1349 2159 1421 quirem

2271 1364 2404 1401 ποτε
2443 1349 2504 1402 οὐ
2543 1347 2925 1414 δεσπόζονται,
2955 1348 3053 1401 καὶ
3091 1349 3174 1403 ὅτι
3221 1351 3250 1403 ὁ
3314 1349 3413 1420 μὲν
3447 1348 3646 1420 κλέψας
3682 1352 3825 1423 ἱερὸν,

548 1460 765 1503 sacram
792 1442 915 1498 fura
946 1451 1054 1508 tur,
1080 1450 1345 1513 tanquam
1389 1442 1692 1515 sacrilegus
1730 1443 1993 1514 puniatur
2025 1442 2159 1514 :qui

2268 1440 2345 1504 ὡς
2408 1440 2687 1513 ἱερόσυλος
2746 1440 3043 1505 κολάζεται
3067 1483 3083 1507 ,
3130 1441 3160 1494 δ
3212 1441 3269 1495 δὲ
3324 1441 3527 1513 κλέψας
3583 1442 3826 1517 ἰδιωτικὴν

549 1552 683 1593 vero
712 1547 961 1593 sanctam
978 1535 1172 1607 privati
1186 1533 1429 1590 hominis
1453 1534 1774 1604 imaginem,
1800 1544 2060 1606 tanquam
2075 1532 2165 1589 fur

2196 1558 2240 1615 Β
2272 1533 2436 1603 ἁγίαν
2492 1532 2807 1597 είκόνα,ὡς
2863 1532 3107 1604 κλέπτης
3152 1534 3421 1604 ἐνέχεται.
3475 1534 3595 1589 Eiet
3650 1537 3702 1590 δὲ
3746 1539 3826 1591 καὶ

553 1640 829 1686 teneatur.
856 1628 965 1685 Sed
996 1635 1126 1684 sunt
1166 1627 1334 1683 etiam
1372 1625 1494 1682 alia:
1516 1626 1703 1682 multa:
1734 1626 1931 1682 barum
1966 1641 2151 1682 rerum

2260 1627 2422 1683 ἄλλαι
2481 1624 2679 1679 πολλαὶ
2729 1624 2941 1679 τούτων
2969 1624 3250 1696 διαφοραί·
3278 1627 3327 1680 εί
3361 1626 3419 1681 δέ
3446 1644 3527 1690 τις
3567 1628 3695 1700 ἐρεῖ,
3732 1630 3826 1684 Καὶ

554 1721 898 1779 differentiae.
917 1719 1074 1788 Quod
1098 1718 1143 1775 si
1169 1718 1296 1790 quis
1310 1718 1609 1790 interroget
1624 1718 1901 1789 quomodo
1917 1725 2153 1773 veneant

2257 1719 2376 1784 πῶς
2404 1717 2714 1772 πωλοῦνται
2742 1719 3086 1790 μοναστήρια
3116 1719 3213 1773 xat
3242 1720 3665 1791 σκευοφυλάκιας
3688 1724 3827 1778 ἀκου-

556 1814 892 1872 monasteria
906 1822 959 1869 et
983 1826 1274 1869 sacrorum
1289 1824 1547 1866 vasorum
1562 1810 1775 1882 capsae?
1786 1810 1995 1876 audiat,
2012 1809 2151 1867 nihil

2259 1814 2410 1868 σάτω
2439 1812 2522 1867 ὅτι
2550 1810 2795 1866 τοιοῦτόν
2816 1828 2868 1865 τι
2904 1810 3029 1865 οὔτε
3059 1812 3396 1884 άγοράζεται
3426 1812 3549 1867 οὔτε
3570 1813 3822 1871 πωλεῖται.

550 1909 868 1969 istiusmodi
904 1920 1084 1978 neque
1109 1905 1219 1961 emi
1251 1919 1428 1974 neque
1454 1904 1617 1959 vendi
1643 1922 1656 1956 :
1688 1919 2003 1975 quanquam
2033 1903 2149 1975 jus,

2258 1906 2335 1961 Τὸ
2376 1904 2435 1960 δὲ
2480 1903 2693 1959 δίκαιον
2732 1903 2793 1957 τὸ
2821 1904 2917 1957 ἐπὶ
2961 1904 3173 1972 τούτοις
3206 1908 3591 1979 προσαρμόζον
3610 1909 3710 1962 τινὶ
3746 1911 3824 1965 καὶ

548 2002 697 2075 quod
716 1998 958 2072 cuipiam
982 1997 1039 2052 in
1068 1996 1157 2053 his
1184 1997 1467 2066 competit,
1491 2002 1545 2049 et
1560 1994 1828 2050 vendatur
1848 2004 2150 2051 eternatur.

2249 1998 2514 2052 πωλεῖται
2563 1999 2660 2052 καὶ
2698 1997 3055 2068 άγοράζεται.
3103 1998 3161 2052 '(I
3210 2002 3323 2071 γάρ
3370 2001 3654 2073 ἀγοράζων
3700 2003 3824 2075 ἱερὸν

545 2096 653 2165 Qui
679 2094 828 2152 enim
857 2091 1039 2149 sciens
1072 2091 1257 2147 locum
1286 2097 1385 2144 aut
1408 2103 1507 2145 vas
1528 2104 1747 2145 sacrum
1780 2089 2001 2155 emerit,
2032 2103 2153 2159 per-

2249 2091 2414 2145 τόπον
2443 2090 2477 2162 ἢ
2510 2089 2705 2154 σκεῦος
2732 2092 2791 2144 ἐν
2832 2090 3039 2163 είδήσει
3080 2091 3344 2147 ἀπόλλυσι
3402 2094 3457 2147 τὸ
3498 2095 3723 2166 τίμημα,
3746 2096 3825 2150 καὶ

544 2191 629 2247 dit
655 2188 915 2262 pretium,
965 2194 1021 2243 et
1065 2184 1313 2257 punitur.
1359 2180 1639 2238 Interdum
1691 2192 1876 2238 tamen
1926 2191 2151 2254 propter

2250 2183 2565 2248 κολάζεται.
2600 2182 2712 2237 Καὶ
2738 2181 2893 2254 ζήτει
2924 2182 3152 2254 βιϐλίον,
3182 2184 3385 2249 τίτλον,
3431 2184 3825 2255 κεφάλαιον.Ὲξ

547 2283 729 2353 justas
752 2281 967 2351 aliquas
983 2292 1184 2333 causas
1210 2290 1300 2331 res
1316 2289 1487 2329 sacra:
1508 2274 1673 2330 etiam
1691 2284 1951 2329 veneunt.
1977 2272 2157 2343 Quor-

2255 2276 2496 2345 εὐλόγων
2524 2275 2583 2330 δέ
2610 2293 2773 2331 τινων
2810 2276 3003 2330 αἰτιῶν
3045 2275 3329 2344 πωλεῖται,
3362 2275 3515 2330 ἐστιν
3543 2280 3629 2333 ὅτε
3659 2279 3743 2333 καὶ
3765 2280 3822 2332 τὰ

545 2391 667 2432 sum
700 2388 918 2446 quaaras
948 2372 973 2426 1
1012 2378 1068 2427 et
1115 2369 1153 2425 2
1198 2368 1283 2424 tit.
1320 2367 1356 2423 5
1400 2368 1495 2424 lib.
1534 2367 1741 2424 Docent
1774 2368 1925 2423 enim
1954 2366 2024 2423 de
2059 2383 2153 2424 ec-

2256 2371 2397 2441 ίερά.
2433 2371 2543 2423 Καὶ
2581 2370 2737 2439 ζήτει
2762 2367 2854 2423 τὴν
2884 2376 2933 2423 a'
2961 2372 3054 2423 καὶ
3094 2369 3139 2441 β’
3171 2369 3351 2425 τίτλον
3380 2370 3478 2425 τοῦ
3528 2378 3569 2425 ε’
3618 2372 3818 2443 βιϐλίου.

541 2469 750 2534 clesiis,
775 2463 1150 2531 monasteriis,
1170 2470 1226 2518 et
1245 2460 1653 2518 venerabilibus
1671 2460 1926 2517 domibus
1948 2478 1961 2515 :
1983 2459 2149 2534 [tum]

2251 2462 2708 2534 Διδάσκουσιγὰρ
2762 2461 2895 2534 περὶ
2930 2462 3265 2533 ἐκκλησιῶν,
3320 2464 3817 2537 καὶιμοναστηρέων,

548 2561 716 2618 etiam
742 2560 811 2615 de
837 2558 1004 2615 rebus
1031 2565 1086 2612 et
1140 2555 1267 2628 jure
1301 2555 1548 2626 ipsarum
1582 2568 1687 2610 :ac
1727 2552 2053 2627 [postremo]
2082 2556 2149 2611 de

2252 2556 2347 2609 καὶ
2391 2553 2612 2624 εὐαγῶν
2670 2555 2838 2609 οἴκων
2897 2554 2996 2609 καὶ
3048 2555 3313 2628 περὶτῶν
3358 2559 3697 2630 πραγμάτων
3742 2560 3819 2613 καὶ

543 2650 899 2718 alienatione,
940 2660 995 2705 et
1024 2647 1371 2720 einphyteusi
1406 2663 1590 2703 rerum
1617 2645 2144 2703 ecclesiasticarum.

2247 2645 2635 2716 δικαιωμάτων
2659 2644 2863 2712 αὐτῶν,
2890 2646 2989 2701 καὶ
3017 2647 3150 2719 περὶ⁵
3196 2648 3564 2720 ὲκποιήσεως,
3604 2652 3693 2706 καὶ
3729 2653 3814 2723 ἐμ-

539 2742 855 2815 φυτεὺσεως
898 2738 1378 2811 ὲκκλησιαστικῶν
1408 2739 1778 2811 πραγμάτων,
1818 2738 1915 2792 καὶ
1960 2736 2133 2793 ταῦτα
2167 2739 2268 2811 μὲν
2297 2737 2569 2811 περὶτῶν
2622 2737 2806 2809 ίερῶν.
2872 2740 2955 2793 Τά
2992 2739 3051 2794 δὲ
3115 2740 3208 2795 ἐπὶ
3230 2742 3583 2816 καρποφοριᾳ
3644 2761 3819 2816 προσα.

546 2840 760 2912 γόμενα
808 2836 911 2891 οὐκ
983 2835 1123 2888 εἰσιν
1171 2832 1333 2905 ἱερά,
1376 2835 1472 2887 καὶ
1512 2831 1667 2905 ζήτει
1725 2831 1932 2905 βιϐλίον
1995 2832 2093 2899 νδ’,
2130 2833 2309 2887 τίτλον
2339 2838 2388 2902 γ’
2417 2831 2715 2902 κεφάλαιον
2745 2838 2815 2887 α’.

616 2938 839 2994 Textus.
867 2933 937 2989 Et
976 2930 1074 2986 lib.
1111 2945 1243 2985 χιιι*
1264 2968 1280 2995 ,
1318 2928 1403 2984 ιίι.
1433 2929 1629 3001 digest.
1649 2929 1704 2985 5.
1753 2926 1943 2997 Recte,
1976 2937 2084 2985 etc.
2118 2968 2134 2995 ,

2317 2929 2629 2999 Κείμενον.
2652 2929 2763 2983 Καὶ
2781 2928 2987 2999 βιϐλίον
3007 2927 3105 2999 κδ’,
3134 2930 3240 2989 τίτ.
3271 2930 3341 2999 α’,
3376 2932 3523 2990 διάτ.
3541 2932 3600 2988 ε”
3624 2933 3812 3001 Καλῶς,

534 3048 700 3102 usque
730 3030 799 3083 ad
825 3026 918 3081 illo
949 3022 1271 3097 potentiori,
1303 3031 1360 3076 ut
1386 3038 1511 3094 pag.
1545 3021 1671 3077 567.

2246 3041 2304 3078 κ.
2326 3040 2379 3077 τ.
2407 3022 2481 3087 λ.,
2512 3038 2688 3093 usque
2720 3022 2788 3077 ad
2822 3024 3081 3097 ἀντιδίκῳ
3117 3026 3286 3081 αὐτοῦ
3317 3028 3612 3100 παρεδόθη.

608 3119 903 3177 Scholium.
936 3115 1223 3187 Digestum
1255 3114 1288 3169 5
1321 3114 1407 3169 tit.
1441 3130 1458 3169 ι
1498 3114 1594 3169 lib.
1646 3130 1773 3170 xxw
1814 3114 2022 3187 Digest.
2051 3120 2138 3170 est

2317 3114 2603 3184 Σχόλιον.
2646 3113 2720 3167 Τὸ
2750 3112 2791 3167 ε’
2844 3113 3124 3188 διάταγμα
3168 3116 3264 3172 τοῦ
3306 3116 3355 3172 α’
3392 3119 3576 3173 τίτλου
3622 3118 3709 3173 τοῦ
3752 3117 3813 3172 κδ’

533 3218 633 3274 lib.
658 3230 788 3280 xxx,
813 3212 896 3267 tit.
931 3226 971 3275 ι,
1007 3223 1128 3279 cap.
1153 3206 1210 3274 5,
1234 3206 1421 3263 thema
1442 3205 1495 3263 8.
1531 3207 1588 3263 Si
1610 3208 1795 3279 magni
1824 3209 1985 3280 pretii
2017 3224 2126 3267 meo
2166 3247 2170 3276 ι

2174 3228 2211 3290 ε
2249 3206 2460 3279 βιϐλίου
2513 3205 2624 3260 τῶν
2675 3207 2973 3273 διατάξεων
3041 3210 3159 3264 ἐστι
3206 3209 3412 3281 βιϐλίον
3444 3210 3512 3281 λ’,
3543 3212 3710 3275 τίτλος
3734 3208 3811 3272 α’.

531 3316 862 3368 numentum
889 3317 1090 3375 purum
1132 3300 1294 3357 uxori
1329 3316 1466 3356 mea:
1492 3301 1775 3357 ilonavero
1833 3302 1979 3357 valet
2011 3300 2135 3374 [do-

2247 3300 2544 3371 κεφάλαιον
2579 3307 2641 3368 ε’,
2675 3300 2818 3373 Θέμα
2847 3298 2918 3372 η’.
2949 3301 3011 3355 Ei
3044 3302 3139 3356 καὶ
3177 3302 3481 3377 πολύτιμον
3528 3307 3814 3375 κενοτάφιον

534 3400 733 3474 natio].
768 3407 1127 3470 posteaquam
1168 3394 1224 3449 in
1254 3408 1321 3449 eo
1369 3393 1667 3464 sepelierit.
1707 3393 1813 3450 Sed
1847 3395 1893 3450 si
1926 3394 2045 3465 ipsa
2070 3395 2126 3451 in

2248 3395 2588 3466 δωρήσωμαι
2634 3396 2702 3467 τῇ
2758 3396 2975 3466 γαμετῇ
3017 3412 3141 3467 μου,
3174 3396 3413 3469 ἔρρωται
3442 3439 3458 3464 ,
3495 3399 3625 3470 μεθὸ
3658 3398 3812 3469 μέντοι

533 3510 602 3549 eo
630 3492 845 3564 sepulta
874 3488 1062 3553 fuerit,
1088 3487 1183 3540 fiet
1210 3485 1508 3555 sepultura:
1532 3485 1757 3540 nomine
1784 3485 2129 3556 religiosum;

2248 3482 2409 3553 (θάψει
2448 3484 2507 3535 ὲν
2538 3483 2707 3554 αὐτῷ.
2735 3484 2795 3537 Εἰ
2830 3483 2886 3538 δὲ
2915 3484 3011 3537 καὶ
3049 3485 3189 3558 αῦτη
3221 3489 3280 3541 ὲν
3316 3487 3472 3560 αὐτῷ
3504 3492 3667 3561 ταφῇ,
3692 3488 3815 3557 γίνε-

535 3582 818 3660 [proinde]
851 3591 907 3637 et
934 3581 1001 3637 ad
1027 3576 1368 3635 oblationem
1411 3575 1507 3632 Dei
1576 3588 1723 3633 recte
1772 3578 1920 3633 dono
1975 3579 2133 3634 uxori

2245 3591 2338 3629 ται
2387 3576 2466 3639 είς
2496 3575 2677 3645 ταφὴν
2707 3576 3091 3648 ἐνιερωμένον,
3120 3579 3217 3633 καὶ
3241 3580 3333 3633 ἐπὶ
3360 3580 3438 3651 τῷ
3472 3582 3812 3653 προσαγαγεῖν

533 3698 670 3738 mea:
703 3694 717 3734 :
751 3678 835 3734 vel
858 3677 1063 3743 locum,
1094 3675 1149 3730 in
1177 3687 1291 3744 quo
1325 3688 1465 3744 opus
1496 3674 1799 3742 publicum,
1828 3676 1975 3746 quod
2003 3690 2133 3747 pro-

2244 3665 2325 3738 τῷ
2358 3665 2500 3738 Θεῷ,
2533 3666 2719 3730 καλῶς
2767 3667 3052 3740 δωροῦμαι
3082 3672 3149 3742 τῇ
3181 3673 3398 3743 γαμετῇ
3451 3673 3613 3745 μουῆ
3649 3672 3811 3731 τόπον,

532 3772 773 3838 miserit,
816 3768 1016 3836 faciat,
1073 3776 1170 3823 aut
1210 3783 1427 3823 sacram
1488 3766 1659 3821 aedem
1708 3784 1721 3821 :
1761 3782 1827 3822 ac
1882 3766 1941 3822 fit
1987 3768 2143 3824 locus

2247 3759 2333 3831 ἐφ’
2368 3755 2413 3830 ᾧ
2444 3759 2674 3831 ποιῆσαι
2706 3760 2762 3813 ὲν
2795 3760 2949 3833 αὐτῷ
2994 3761 3257 3833 δημόσιον
3290 3763 3453 3836 ἔργον
3483 3766 3619 3838 ὅπερ
3658 3766 3811 3834 ἐπηγ-

531 3880 711 3923 sacer.
739 3862 944 3933 Digest.
978 3859 1048 3915 l2
1076 3859 1160 3915 tit.
1204 3858 1272 3913 10
1307 3859 1400 3914 lib.
1429 3874 1577 3913 χχιιι
1626 3868 1709 3915 est
1752 3860 1848 3915 lib.
1897 3877 2130 3930 xxxvm,

2244 3852 2484 3921 γείλατο,
2512 3850 2547 3921 ἢ
2589 3851 2737 3914 ναὸν,
2768 3852 2862 3905 καλ⁵
2919 3853 3131 3921 γίνεται
3157 3855 3185 3907 ὁ
3233 3854 3396 3919 τόπος
3444 3855 3607 3927 ἱερός.
3641 3855 3708 3907 Τὸ
3756 3850 3811 3922 ιβ’

530 3962 618 4016 tit.
657 3958 746 4023 10,
777 3958 950 4011 them.
974 3955 1032 4021 2,
1064 3968 1187 4024 cap.
1213 3952 1314 4027 [et]
1336 3954 1397 4009 11
1420 3962 1475 4009 et
1505 3954 1594 4018 1:2,
1630 3970 1753 4025 quae
1784 3955 1865 4010 sic
1888 3955 2129 4011 habent:

2242 3945 2519 4017 διάταγμα
2580 3944 2674 3999 τοῦ
2706 3943 2735 3999 ι’
2808 3946 2990 3999 τίτλου
3044 3946 3138 4000 τοῦ
3192 3945 3274 4012 κζ’
3324 3947 3556 4020 βιϐλίου,
3590 3948 3699 4002 ἔστι
3738 3946 3809 4018 βι-

530 4053 770 4108 Curator
808 4048 1005 4104 furiosi
1047 4058 1201 4104 recte
1236 4063 1351 4103 rem
1385 4063 1545 4103 suam
1574 4050 1735 4119 quasi
1758 4048 1972 4115 furiosi,
1999 4049 2136 4105 alio-

2245 4037 2395 4092 ϐλίον
2443 4036 2549 4111 λη’.
2607 4039 2788 4103 τίτλος
2838 4038 2891 4104 ι’.
2932 4041 3231 4110 κεφάλαιον
3278 4048 3332 4109 ι’,
3370 4042 3516 4114 θέμα
3568 4041 3633 4109 βνν
3665 4040 3812 4111 “sui.

530 4157 665 4203 nat:
690 4159 799 4199 non
840 4152 1025 4199 autem
1054 4139 1273 4207 furiosi,
1304 4141 1466 4213 quasi
1490 4158 1670 4197 suam.
1701 4140 1888 4197 Potest
1945 4154 2129 4198 tamen

2241 4130 2396 4184 λαιον
2452 4128 2521 4183 ια’
2572 4132 2667 4185 καὶ
2709 4129 2797 4202 ιβ’,
2828 4130 3007 4199 οὕτως
3065 4133 3188 4205 ἔχον
3223 4147 3239 4165 ⁶
3289 4133 3349 4189 '0
3400 4136 3687 4208 κουράτωρ
3728 4130 3808 4187 τοῦ

531 4241 586 4295 in
620 4236 815 4294 furiosi
851 4235 1146 4291 utilitatem
1183 4234 1574 4305 Oppignorare,
1636 4234 1896 4291 dedicare
1944 4246 2130 4290 autem

2244 4224 2596 4294 μαινομένου,
2627 4224 2811 4279 καλῶν
2840 4226 2971 4279 ἴδιον
3000 4228 3236 4299 πρᾶγμα
3266 4227 3343 4293 ὼς
3381 4228 3477 4281 τοῦ
3508 4226 3810 4299 μαινομένου

534 4328 712 4399 ipsius
738 4341 854 4381 rem
880 4340 989 4379 non
1026 4332 1226 4395 potest.
1260 4323 1465 4394 Digest.
1522 4325 1590 4379 59
1646 4325 1741 4379 lib.
1768 4341 1878 4379 xxx
1929 4336 2011 4381 est
2036 4326 2132 4382 lib.

2241 4318 2476 4383 ἐκποιεῖ,
2508 4318 2590 4371 οὐ·
2609 4318 2708 4390 μὲν
2737 4316 2797 4371 τὸ
2828 4318 2924 4373 τοῦ
2957 4320 3287 4391 μαινομένου
3315 4320 3391 4384 ὠς
3422 4321 3573 4376 ἴδιον.
3600 4320 3810 4374 Δύναται

520 4436 672 4487 xuv,
704 4427 789 4475 ιιι.
838 4435 879 4485 ι,
931 4433 1053 4488 cap,
1083 4417 1177 4486 39,
1225 4418 1411 4472 thema
1458 4417 1559 4472 ult.
1594 4415 1692 4473 :Si
1739 4420 1866 4489 quis
1906 4419 2127 4489 publica

2239 4409 2297 4463 δὲ
2335 4409 2428 4463 ἐπὶ
2478 4412 2816 4482 συμφέροντι
2878 4411 2975 4465 τοῦ
3044 4414 3379 4483 μαινομένου
3438 4413 3807 4485 ἐνεχυριάζειν.

525 4527 708 4576 sacra,
732 4510 817 4565 vel
842 4509 1050 4580 privata
1076 4506 1639 4579 principislegaverit,
1664 4506 1849 4565 furere
1871 4509 2089 4566 videtur
2114 4527 2129 4565 :

2242 4500 2550 4575 Καθιεροῦν
2608 4501 2665 4555 δὲ
2721 4501 2889 4555 αὐτοῦ
2946 4504 3185 4574 πρᾶγμα
3234 4502 3296 4555 οὐ
3349 4502 3599 4557 δύναται.
3631 4502 3700 4555 Τὸ
3741 4497 3807 4551 λον

530 4621 635 4661 nec
652 4602 948 4660 aestimatio
971 4615 1163 4655 eorum
1187 4608 1501 4669 praestatur,
1517 4597 1782 4670 quoniam
1818 4600 1924 4655 alia
1948 4602 2133 4657 neuti-
2166 4656 2167 4659 η

2170 4607 2209 4663 [)
2237 4594 2517 4667 διάταγμα
2559 4594 2653 4649 τοῦ
2686 4592 2730 4647 λ’
2764 4595 2973 4667 βιϐλίου
3020 4596 3137 4649 ἐστι
3172 4595 3378 4667 βιϐλίον
3413 4595 3518 4668 μδ¹,
3548 4595 3719 4656 τίτλος
3748 4589 3807 4653 α’,

525 4710 693 4768 quam
710 4692 1117 4748 distrahuntur.
1153 4690 1426 4763 Principis
1466 4708 1596 4749 vero
1617 4691 1875 4766 [privata]
1893 4711 1999 4751 non
2020 4696 2129 4752 nisi

2237 4689 2535 4759 κεφάλαιον
2576 4686 2679 4755 λο’,
2710 4688 2855 4759 θέμα
2884 4689 3218 4743 τελευταῖον*
3254 4690 3315 4742 ΕΞ
3347 4690 3403 4743 δέ
3428 4707 3513 4754 τις
3563 4688 3631 4742 τά
3656 4685 3805 4756 δημό-

526 4790 705 4859 ipsius
720 4784 1121 4858 jussu.Digest.
1143 4786 1195 4854 l,
1219 4786 1304 4843 tit.
1330 4787 1379 4851 1,
1401 4787 1496 4843 lib.
1516 4804 1683 4843 xxxix
1702 4788 1907 4859 Digest.
1939 4800 2019 4845 est
2034 4790 2130 4845 lib.

2238 4798 2332 4836 σια
2374 4781 2408 4852 ἦ
2440 4780 2507 4835 τά
2541 4782 2683 4852 ἱερά,
2718 4781 2750 4851 ἣ
2787 4780 2855 4834 τά
2884 4782 3027 4835 ἰδικᾶ
3056 4782 3153 4835 τοῦ
3184 4781 3450 4853 βασιλέως
3477 4780 3803 4854 ληγατεύσει,

522 4896 679 4945 Lvm,
726 4880 809 4935 tit.
833 4878 920 4945 10,
943 4894 1065 4950 cap.
1100 4895 1142 4945 ι,
1166 4881 1347 4935 thema
1367 4880 1424 4935 2.
1451 4879 1585 4936 Novi
1605 4881 1787 4952 operis
1817 4883 2049 4939 mutatio
2076 4883 2132 4939 in

2239 4874 2529 4948 μαίνεσθαι
2558 4875 2725 4941 δοκεῖ,
2764 4874 2861 4928 καὶ
2898 4873 3021 4928 οὗτε
3047 4876 3107 4928 τὸ
3149 4876 3369 4946 τίμημα
3393 4876 3560 4929 αὐτοῦ
3602 4875 3803 4933 δ’διται,

522 4972 729 5029 futuris
761 4971 1019 5042 operibus
1074 4972 1360 5043 competit.
1398 4970 1535 5026 Nam
1565 4974 1609 5026 si
1627 4972 1741 5042 jam
1783 4973 2036 5047 [aliquid]
2055 4976 2133 5029 fa-

2233 4968 2425 5041 ὲπειδὴ
2462 4967 2532 5022 τὰ
2587 4967 2687 5039 μὲν
2718 4967 2829 5021 οὐδ’
2859 4967 2997 5031 ὅλως
3035 4967 3317 5032 πωλεῖται,
3351 4968 3419 5022 τὰ
3455 4967 3513 5021 δὲ
3564 4964 3805 5021 unum

522 5078 675 5123 ctum
693 5065 786 5126 sit,
808 5061 1208 5136 [interdictum]
1224 5062 1363 5135 quod
1384 5065 1547 5118 viaut
1566 5065 1733 5131 clam,
1754 5069 1901 5135 quod
1922 5065 2130 5122 factum

2233 5063 2294 5117 οὐ
2328 5062 2479 5134 παρὰ
2514 5061 2743 5133 γνώμην
2772 5060 2867 5114 τοῦ
2900 5060 3190 5132 βασιλέως.
3216 5061 3289 5114 Τὸ
3320 5060 3365 5114 α’
3396 5061 3668 5131 διάταγμα
3724 5056 3804 5109 τοῦ

522 5158 629 5215 erit
644 5154 728 5229 [ut
748 5153 1123 5227 restituatur,]
1137 5153 1415 5227 aut[illud]
1435 5154 1639 5226 deloco
1652 5156 1933 5228 religioso,
1952 5167 2049 5213 aut
2063 5158 2132 5213 de

2233 5164 2281 5211 a'
2312 5157 2494 5211 τίτλου
2522 5155 2618 5209 τοῦ
2640 5152 2717 5209 λο¹
2742 5154 2952 5226 βιϐλίου
2976 5154 3086 5208 τῶν
3108 5155 3440 5224 Διατάξεων,
3472 5155 3589 5210 ἔστι
3621 5150 3804 5225 βιϐλίον

518 5265 650 5331 loco
674 5263 856 5314 sacro,
876 5256 969 5301 aut
992 5249 1057 5304 de
1076 5248 1297 5303 flumine
1312 5248 1558 5319 publico,
1575 5258 1672 5304 aut
1698 5251 1764 5304 de
1782 5251 1895 5321 ripa
1917 5252 2128 5321 publica

2232 5246 2336 5319 νη’,
2365 5247 2544 5310 τίτλος
2577 5244 2629 5315 ι’,
2664 5244 2963 5315 κεφάλαιον
3013 5244 3083 5312 α’,
3111 5247 3256 5319 οέμα
3283 5244 3351 5318 β’,
3384 5247 3443 5300 τὸ
3473 5246 3530 5301 δὲ
3564 5241 3794 5315 περὶτῆς

530 5354 715 5402 locum
738 5345 927 5400 habet.
972 5344 1185 5416 Digest.
1225 5345 1574 5409 l7,tit.5,est
1629 5346 2127 5413 lib.t.vm,tit.l5,

2233 5341 2585 5412 καινοτομίας
2626 5339 3017 5412 παράγγελμα,
3051 5341 3146 5393 ἐπὶ
3178 5343 3289 5403 τοῖς
3330 5340 3616 5411 μέλλουσιν
3642 5337 3803 5406 ἔργοις

526 5440 731 5512 Cap.”
751 5478 767 5505 ,
786 5440 969 5495 thema
1005 5437 1088 5502 14,
1110 5437 1257 5494 circa
1290 5439 1453 5495 tinem
1476 5457 1489 5493 :
1509 5436 1565 5493 Si
1586 5447 1707 5494 nter
1741 5458 1842 5496 nos
1863 5441 2015 5497 locus
2034 5458 2095 5497 sa
2118 5474 2125 5481 -

2231 5434 2486 5507 ἁρμόζει.
2522 5434 2586 5487 Et
2633 5433 2742 5506 γὰρ
2782 5433 2888 5504 ἤδη
2942 5432 3135 5503 γέγονε
3172 5432 3235 5485 τὸ
3270 5434 3409 5504 ὅπερ
3444 5431 3536 5503 βίᾳ
3568 5431 3601 5502 ἢ
3648 5427 3802 5497 λάθρα

521 5530 1018 5603 eer,autsepuleri,
1035 5542 1128 5585 aut
1147 5542 1395 5600 sanctus,
1415 5532 1672 5599 situsest,
1698 5532 1935 5589 servitus
1953 5535 2127 5590 curisi-

2231 5526 2565 5601 πραχθὲν,ἢ
2614 5526 2675 5579 τὸ
2734 5526 2865 5598 περὶ
2907 5525 3079 5579 τόπου
3141 5524 3463 5598 σεϐασμίου,
3499 5526 3534 5596 ἢ
3586 5523 3644 5577 τὸ
3689 5518 3800 5589 περὶ

522 5634 670 5680 stere
691 5640 800 5678 non
821 5632 1021 5695 potest.
1046 5620 1162 5692 Dig.
1197 5622 1259 5676 51
1284 5622 1370 5689 ιιι,
1395 5625 1430 5676 2
1458 5621 1555 5676 lib.
1589 5638 1677 5676 λιι
1704 5632 1788 5677 est
1814 5624 1896 5678 tit.
1917 5623 1973 5690 ἓ,
2002 5641 2125 5694 cap.

2230 5630 2397 5680 τόπου
2434 5622 2604 5694 ἱεροῦ,
2641 5620 2674 5692 ἢ
2700 5621 2760 5675 τὸ
2792 5620 2921 5692 περὶ
2961 5621 3209 5691 ποταμοῦ
3234 5618 3575 5691 δημοσίου,ἢ
3604 5616 3661 5670 τὸ
3687 5612 3800 5682 περὶ

515 5718 607 5782 ³50,
650 5717 835 5771 thema
868 5715 925 5781 '2,
980 5716 1074 5770 lib.
1098 5732 1148 5770 ι..
1187 5715 1388 5771 Desino
1436 5714 1740 5787 possidere,
1798 5717 1944 5787 quod
1986 5717 2128 5773 alius

2230 5717 2399 5789 ὄχθης
2435 5713 2727 5784 δημοσίας,
2767 5712 2954 5783 χώραν
2998 5711 3131 5783 ἔχει.
3171 5712 3243 5764 Τὸ
3282 5710 3346 5776 ις’
3398 5710 3670 5780 διάταγμα
3717 5700 3796 5756 τοῦ

531 5805 666 5858 mihi
697 5804 901 5859 ademit
923 5814 974 5861 et
1002 5801 1141 5877 [ubi]
1169 5812 1590 5859 monumeutmn
1621 5802 1885 5876 [pOsilum
1917 5804 2046 5878 est],
2076 5816 2125 5865 ct

2228 5806 2277 5879 γ’
2313 5807 2494 5861 τίτλου
2524 5805 2643 5858 ἐστὶ
2685 5804 2888 5874 βιϐλίον
2922 5802 3025 5877 νη’,
3055 5804 3234 5869 τίτλος
3286 5803 3375 5874 ιγ’,
3412 5803 3695 5874 κεφάλαιον
3722 5792 3794 5861 ιζ’,

500 5900 654 5978 quat
713 5902 923 5961 fetum
979 5898 1186 5953 factum
1232 5909 1333 5955 est.
1378 5899 1771 5955 Animadxerte
1821 5909 2022 5967 autem,
2072 5902 2124 5955 iu

2232 5902 2374 5973 οέμα
2397 5899 2457 5967 δ’,
2501 5898 2633 5975 περὶ
2692 5895 2753 5949 τὸ
2798 5896 2970 5962 τέλος·
3014 5896 3075 5951 ΕΞ
3102 5895 3158 5949 δὲ
3206 5897 3381 5951 κεῖται
3429 5892 3627 5967 μεταξὺ
3658 5886 3794 5961 ἡμῶν
