4146 6460
398 390 534 458 1037

1437 383 1922 447 NOMOCANON.
1965 409 2026 420 -
2053 382 2202 442 TlT.
2246 381 2328 457 ΙΙ,
2371 381 2530 442 CAP.
2575 381 2625 440 Ι.

3575 376 3712 444 1038

393 509 560 571 τόπος
590 503 759 576 ίερδς,
790 503 824 576 ἢ
858 503 939 566 εἰς
984 497 1241 572 ταφὴν,ἢ
1303 498 1483 568 ᾰγιος,
1527 499 1588 552 οὐ
1618 497 1844 551 δύναται
1903 511 1989 549 συ-

2104 493 2491 565 rcpurgatione
2536 491 2772 562 positam
2817 505 2924 545 non
2963 506 3085 546 esse.
3135 506 3252 544 ram
3294 490 3347 544 in
3374 493 3535 562 itextn
3561 493 3708 561 posi-

397 601 591 671 στῆναι
619 597 856 669 δουλείᾳ.
888 595 960 648 Τὸ
993 593 1076 648 λα’
1105 595 1384 662 διάταγμα
1418 591 1512 644 τοῦ
1569 590 1614 661 β’
1666 588 1846 643 τίτλον
1896 587 1990 641 τοῦ

402 690 492 764 μα’
525 690 732 763 βιϐλίου
763 689 880 743 ἐστὶ
897 686 1076 749 τίτλος
1111 685 1178 756 β’,
1211 681 1508 752 κεφάλαιον
1539 683 1610 747 λ’,
1644 681 1787 752 θέμα
1808 677 1874 751 β’,
1898 677 1992 732 τοῦ

395 783 440 840 ν’
478 784 688 856 βιϐλίον
719 800 732 815 ·
768 780 1020 850 Παύομαι
1075 776 1337 848 νέμεσθαι
1393 777 1532 846 ὅπερ
1561 775 1720 837 ἄλλος
1747 773 1998 844 ἀφείλετό

402 892 530 946 μον,
599 874 694 928 καὶ
747 874 808 926 τὺ
857 873 1122 943 μνημεῖον
1189 869 1334 940 ἱερὸν
1397 869 1712 939 γένομενον.
1751 869 1998 939 Πρὸσχες

399 968 494 1024 οὖν
520 969 605 1023 ὅτι
640 970 697 1020 ἐν
730 969 798 1038 τῇ
831 963 1228 1036 ἁνακαθάρσει,
1262 964 1362 1016 οὐκ
1399 961 1561 1031 ἐτέθη
1589 959 1650 1012 τὸ
1679 958 1830 1022 ἐντὸς
1883 958 1990 1011 nai-

401 1075 562 1128 μενον
597 1058 760 1128 μέρος
791 1054 885 1109 τοῦ
912 1055 1076 1125 νόμον
1097 1055 1156 1107 τὸ
1175 1053 1353 1122 λέγον.
1382 1051 1502 1106 Κᾶν
1529 1050 1605 1123 μὴ
1629 1051 1702 1113 ὡς
1732 1049 1997 1115 τοιοῦτον,

397 1150 513 1205 ἀλλ’
579 1150 656 1214 ὡς
714 1148 984 1203 ἰδιωτικὸν
1033 1147 1198 1202 αὑτὸν
1253 1148 1490 1218 ἔχωμεν.
1522 1147 1632 1198 Καὶ
1681 1143 1773 1198 διὰ
1829 1143 1994 1196 τοῦτο

395 1244 634 1315 ὀφείλεις
657 1241 949 1314 προσέχειν
976 1241 1137 1293 πλέον
1167 1241 1278 1303 τοῖς
1307 1241 1366 1291 ὲν
1391 1236 1469 1308 τῷ
1496 1234 1768 1307 βασιλικῷ
1832 1249 1996 1304 περι-

395 1333 738 1406 ερχομένοις.
767 1331 841 1385 Τὸ
871 1329 916 1382 θ’
957 1328 1236 1399 διάταγμα
1261 1325 1356 1380 τοῦ
1381 1323 1426 1395 γ’
1447 1323 1628 1378 τίτλον
1659 1321 1773 1375 ἔστι
1793 1319 1997 1391 βιϐλίον

394 1426 460 1491 ν’,
489 1426 667 1490 τίτλος
695 1422 765 1494 γ’,
794 1422 1091 1492 κεφάλαιον
1126 1418 1169 1474 θ’
1191 1438 1205 1454 ο
1240 1420 1342 1474 Διὰ
1370 1417 1592 1490 χρονίας
1612 1416 1782 1486 νομῆς
1802 1411 1997 1466 δεσπό-

395 1520 580 1586 ζονται
615 1518 685 1572 τά
711 1515 1020 1588 σωματικά,
1054 1512 1225 1586 χωρὶς
1256 1511 1420 1583 ἱερῶν
1454 1510 1488 1580 ἦ
1521 1508 1713 1578 ἁγίων,
1753 1505 1786 1576 ἢ
1824 1505 1996 1575 δημο-

398 1613 551 1678 σίων,
589 1611 623 1682 ἧ
679 1610 856 1682 δήμου
893 1606 1187 1679 Ῥωμαίων
1212 1646 1226 1672 ,
1260 1604 1295 1675 ἣ
1349 1602 1581 1669 πόλεως,
1615 1601 1649 1672 ἢ
1693 1598 1996 1668 ἐλευθέρων

396 1701 724 1774 ἀνθρώπων.
761 1700 837 1754 Τὸ
889 1697 960 1765 α’,
1001 1699 1100 1754 καὶ
1152 1695 1197 1769 β’
1228 1697 1507 1766 διάταγμα
1563 1691 1660 1746 τοῦ
1707 1688 1756 1746 α’
1810 1691 1992 1744 τίτλον

394 1797 493 1852 τοῦ
527 1794 617 1868 μγ¹
647 1794 855 1868 βιϐλίον
892 1793 1004 1847 τῶν
1029 1791 1362 1857 Διατάξεων,
1386 1790 1500 1843 ἔστι
1543 1786 1747 1859 βιϐλιον
1776 1783 1877 1856 vr],
1903 1782 1997 1836 τί-

393 1890 516 1954 τλος
550 1888 629 1956 ιδ’,
672 1887 966 1958 κεφάλαιον
994 1885 1062 1957 β’,
1090 1885 1233 1956 θέμα
1255 1882 1685 1954 παρατέλεντον·
1721 1880 1763 1931 Τ
1767 1879 1802 1932 ὰ
1831 1878 1988 1948 νόμι-

2105 595 2212 642 tam
2244 587 2380 658 legis
2403 595 2638 656 partem,
2664 599 2787 655 quae
2822 583 2954 639 dicit
2987 601 3000 638 :
3036 581 3276 638 Tametsi
3307 599 3414 639 non
3443 586 3702 650 uttalcm,

2103 679 2198 735 sed
2226 681 2498 749 privatum
2534 693 2660 733 eum
2693 677 3014 731 habeamus.
3065 676 3145 731 Ac
3174 676 3382 732 idcirco
3429 677 3708 732 adhaerere

2103 771 2214 825 illis
2244 769 2433 836 debes,
2458 786 2581 841 qua:
2610 769 2666 824 in
2712 768 2876 824 Basil.
2931 769 3304 823 continentur.
3350 767 3705 841 Digestumtl,

2105 865 2187 920 tit.
2211 865 2265 932 5,
2298 873 2381 920 est
2410 864 2503 918 lib.
2534 882 2586 930 ι,
2652 863 2733 918 tit.
2776 863 2918 917 tertii
2967 877 3089 933 cap.
3129 863 3203 917 9:
3262 860 3367 917 Per
3392 863 3707 917 diuturnam

2102 961 2508 1032 possessionem
2572 959 2973 1026 usucapiuntur
3024 955 3160 1030 [res]
3223 956 3560 1027 corporales,
3613 972 3711 1011 ex-

2102 1055 2274 1125 ceptis
2323 1053 2531 1126 [rebus]
2566 1053 2760 1116 sacris,
2813 1051 3042 1113 sanctis,
3079 1049 3332 1121 publicis,
3376 1049 3558 1120 populi
3592 1047 3706 1103 Ro-

2101 1146 2270 1210 mani,
2347 1145 2655 1210 civitatum,
2712 1144 2840 1199 item
2901 1143 3088 1199 liberis
3149 1142 3709 1232 borriiiiibus.lDigr-

2101 1251 2248 1297 stum
2285 1242 2393 1296 let
2440 1240 2477 1294 2
2529 1241 2613 1294 tit.
2665 1241 2690 1294 1
2753 1241 2846 1296 lib.
2907 1255 3038 1294 xuii
3079 1237 3425 1310 Digestorum
3474 1249 3562 1296 est
3610 1240 3706 1296 lib.

2101 1349 2257 1398 Lvm,
2293 1333 2380 1399 tit,
2415 1333 2502 1399 14,
2537 1349 2638 1404 cap
2677 1332 2734 1396 2,
2772 1333 2954 1388 thema
2979 1333 3206 1402 penult:
3241 1332 3507 1405 Legitima
3537 1336 3712 1391 inter-

2106 1428 2256 1484 dicta
2298 1437 2620 1498 competunt
2663 1427 2833 1481 divini
2879 1426 3024 1498 juris
3062 1443 3268 1494 causa,
3311 1430 3457 1485 sicut
3515 1428 3648 1503 [est]
3691 1447 3705 1484 :

2104 1518 2187 1575 Ne
2217 1519 2342 1592 quid
2366 1524 2418 1573 in
2447 1521 2558 1574 loco
2597 1537 2753 1574 sacro
2773 1519 2870 1590 ﬁat
2903 1535 2921 1572 :
2959 1520 3066 1584 vel,
3101 1519 3254 1588 Quod
3273 1521 3478 1591 factum
3507 1533 3608 1591 est,
3643 1535 3701 1578 ut

2100 1617 2447 1669 restituatur:
2465 1625 2516 1669 et
2535 1614 2600 1668 de
2623 1626 2830 1668 mortuo
2851 1613 3145 1682 inferendo,
3168 1616 3248 1670 vel
3271 1617 3510 1687 sepulcro
3531 1619 3703 1689 (ediﬁ-

2099 1707 2587 1779 cando.Digestum
2611 1707 2661 1769 1,
2685 1707 2770 1762 lit.
2801 1705 2834 1761 6
2861 1716 2945 1762 est
2975 1708 3058 1762 tit.
3089 1707 3296 1763 l5lihri
3325 1726 3481 1777 Lvui,
3505 1726 3625 1780 cap.
3650 1712 3704 1773 1,

2099 1799 2246 1871 quod
2286 1801 2367 1856 sic
2407 1801 2570 1854 habet
2603 1818 2616 1854 :
2649 1799 2739 1854 Ait
2770 1809 3005 1870 prtetor:
3036 1799 3104 1855 In
3157 1802 3274 1857 loco
3315 1819 3469 1858 sacro
3503 1803 3700 1873 facere,

2099 1895 2214 1950 inve
2245 1911 2364 1949 eum
2406 1894 2692 1948 immittere
2713 1893 2841 1964 quid
2860 1902 2990 1948 veto.
3024 1891 3220 1950 Hocde
3252 1895 3376 1950 loco
3393 1910 3571 1964 sacro,
3592 1911 3702 1951 non

397 2002 475 2056 μα
531 1981 975 2054 παραγγέλματα
1015 1978 1351 2051 ἁρμόζονσιν
1385 1976 1418 2047 ἢ
1455 1974 1544 2028 διὰ
1569 1975 1713 2028 θεῖον
1743 1973 1953 2026 δίκαιον
1974 2009 1989 2034 ,

2097 1985 2162 2042 de
2177 1985 2410 2057 profano
2430 1986 2715 2057 competit.
2742 1984 2952 2058 [Neque
2981 1986 3092 2041 huc
3114 1986 3347 2060 spectat]
3365 2003 3430 2042 ne
3447 2003 3604 2044 sacer
3626 1989 3707 2043 lo-

390 2071 582 2143 ὥσπερ
616 2068 835 2136 Ἵναμὴ
857 2067 1099 2138 γένηται
1115 2067 1185 2120 ἐν
1225 2068 1358 2135 ἱερῳ
1382 2063 1560 2134 τόμῷ,
1597 2063 1631 2134 ἢ
1676 2060 1794 2117 κᾶν
1814 2063 1990 2130 γένη-

388 2179 506 2228 ται,
524 2163 626 2215 ἵνα
647 2159 1068 2228 ἀποκαταστιῖ.
1101 2158 1212 2211 Καὶ
1239 2157 1500 2228 περὶτοῦ
1517 2156 1865 2226 εἰσ-κομίσαι
1891 2173 1989 2209 νεα

386 2257 556 2328 aper,
597 2257 629 2327 ἢ
667 2257 871 2310 κτίσαι
902 2255 1118 2324 τάφον.
1169 2254 1242 2306 Τὸ
1284 2251 1333 2306 α’
1363 2253 1642 2323 διάταγμα
1693 2251 1788 2305 τοῦ
1827 2249 1880 2316 ς’
1910 2251 1989 2304 τί·

386 2351 515 2404 τλον
537 2348 849 2412 ἐστὶτίτλος
874 2346 957 2415 ιε’,
988 2348 1284 2419 κεφάλαιον
1318 2345 1391 2412 α’,
1419 2346 1514 2400 τοῦ
1534 2343 1613 2417 νη’
1639 2343 1866 2416 βιϐλίον,
1900 2343 1988 2398 οὗ·

385 2459 494 2506 τως
511 2442 653 2512 ἕχον·
683 2441 740 2493 '0
773 2439 1046 2511 πραίτωρ·
1079 2440 1176 2493 Ἑν
1195 2437 1330 2507 ἱερῷ
1349 2437 1512 2504 τόπῳ
1528 2437 1564 2506 ἢ
1588 2435 1782 2490 ποιεῖν
1803 2436 1840 2504 ἣ
1861 2437 1992 2489 εἱσ-

389 2535 653 2605 πέμπειν
672 2551 726 2587 τι
744 2533 976 2588 κωλύω.
1009 2532 1180 2586 Τοῦτο
1208 2533 1336 2604 περὶ
1363 2530 1508 2603 ἱεροῦ
1531 2532 1726 2595 τόπου,
1760 2530 1822 2583 οὐ
1859 2527 1989 2598 περὶ

395 2629 627 2701 βεϐήλου
675 2628 932 2700 ἁρμόζει,
961 2628 1023 2680 οὐ
1053 2626 1143 2680 διὰ
1176 2627 1236 2680 τὸ
1259 2624 1592 2697 κοσμεῖσθαι
1634 2623 1818 2692 αὑτὸν,
1850 2623 1988 2676 ἀλλὰ

389 2722 482 2778 διὰ
499 2723 560 2778 τὸ
587 2721 660 2794 μὴ
687 2722 1042 2789 βλάπτεσθαι.
1061 2721 1128 2774 Ἡ
1150 2720 1207 2774 δὲ
1242 2720 1465 2792 φροντὶς
1488 2718 1595 2773 τῶν
1621 2717 1784 2788 ἱερῶν
1802 2716 1987 2770 τόπων

389 2818 502 2880 τοῖς
527 2817 903 2888 φροντίζουσιν
942 2815 1124 2869 αὐτῶν
1167 2814 1380 2885 ἀνήκει.
1411 2813 1484 2866 Τὸ
1516 2809 1562 2883 β’
1584 2812 1864 2881 διάταγμα
1892 2809 1986 2865 τοί

391 2909 446 2984 η’
482 2911 664 2964 τίτλον
697 2909 791 2965 τοῦ
826 2907 915 2980 μγ¹
948 2908 1157 2980 βιϐλίου
1197 2909 1314 2961 ἐστι
1351 2906 1556 2979 βιϐλίον
1592 2902 1674 2978 νη’
1706 2905 1885 2969 τίτλος
1912 2902 1984 2974 η’,

389 3005 690 3075 κεφάλαιον
724 3001 787 3070 ε’,
817 3004 960 3074 θέμα
992 3000 1084 3070 ια’,
1126 3001 1298 3066 οὕτως
1353 3000 1475 3072 ἔχον
1527 2999 1604 3065 ὡς
1652 3000 1746 3053 καὶ
1798 3000 1857 3052 ἐν
1907 2997 1987 3070 τῷ

386 3099 634 3172 κειμένῳ
667 3099 908 3170 ἐγράφη.
950 3098 1024 3152 Τὸ
1053 3096 1101 3168 γ’
1130 3097 1411 3168 διάταγμα
1441 3094 1536 3149 τοῦ
1579 3091 1633 3160 ς’
1666 3093 1847 3148 τίτλον
1890 3093 1985 3147 τοῦ

391 3192 477 3264 μδ⁹
507 3191 739 3262 βιϐλίον,
765 3191 880 3244 ἐστι
909 3189 1114 3261 βιϐλίον
1142 3187 1254 3256 κζ’,
1288 3188 1587 3257 κεφάλαιον
1619 3185 1861 3256 θ’,λέγον
1893 3185 1988 3239 οὔ·

384 3301 499 3348 τως
524 3284 598 3348 ὡς
628 3284 849 3355 ἐγράφη
875 3285 954 3346 είς
984 3283 1044 3335 τὸ
1079 3281 1354 3354 κείμενον.
1407 3279 1708 3352 Ἐρωτήσει
1739 3295 1843 3344 τιςο
1880 3279 1991 3333 Καὶ

2103 2095 2202 2136 cus
2218 2079 2539 2144 adornetur,
2561 2079 2654 2134 sed
2675 2076 2886 2152 ne[illi]
2912 2089 3194 2135 noceatur.
3225 2077 3524 2136 Sacrorum
3553 2081 3707 2137 loco-

2101 2167 2226 2228 rum
2239 2187 2372 2228 cura
2396 2171 2463 2225 ad
2483 2186 2575 2227 eos
2595 2171 2846 2241 pertinet,
2865 2174 2959 2242 qui
3000 2172 3091 2227 illa
3125 2182 3346 2228 curant.
3372 2172 3653 2244 Digestqu
3672 2175 3706 2228 2

2103 2265 2186 2320 tit.
2205 2264 2261 2332 8,
2281 2263 2376 2319 lib.
2397 2279 2552 2329 XLIII,
2572 2264 2760 2320 estlib.
2794 2266 3047 2329 Lvm,tit.
3077 2266 3131 2332 8,
3151 2281 3275 2338 cap.
3299 2266 3542 2326 5,thema
3567 2270 3627 2323 11
3654 2283 3708 2324 ct

2105 2355 2192 2422 12,
2209 2371 2331 2426 quae
2347 2353 2428 2411 sic
2446 2355 2666 2422 habent,
2681 2364 2740 2412 ut
2768 2356 2824 2412 in
2851 2365 3004 2412 textu
3030 2357 3231 2426 scripta
3250 2367 3395 2414 sunt.
3421 2359 3702 2432 Digestum

2101 2449 2276 2521 3jtit.6
2309 2449 2431 2504 libri
2447 2458 2665 2504 xuvest
2689 2450 2962 2516 lib.xxvrl,
2981 2451 3169 2519 cap.9,
3187 2452 3332 2521 quod
3348 2453 3705 2523 dieit,fquem-

2102 2544 2396 2600 admodum
2442 2543 2497 2598 in
2531 2552 2681 2599 textu
2720 2544 2983 2614 scriptum
3014 2551 3118 2600 est.
3170 2542 3277 2600 Sed
3321 2546 3535 2616 rogabit
3570 2545 3708 2619 [ΐοι-

2103 2636 2274 2710 tasse]
2313 2636 2610 2707 quispiam,
2651 2636 3011 2706 quamobrem
3062 2636 3178 2692 haec
3241 2637 3377 2709 legis
3404 2653 3531 2708 pars
3581 2657 3704 2710 qua:

2104 2729 2271 2785 habet
2303 2749 2316 2785 :
2358 2728 2602 2785 Tametsi
2638 2746 2746 2784 non
2775 2737 2836 2784 ut
2869 2730 3054 2797 talem,
3100 2729 3196 2785 sed
3245 2733 3521 2800 priVutum
3577 2747 3704 2787 eum

2104 2823 2506 2889 babeamus,in
2538 2823 2705 2878 Basil.
2737 2838 2847 2878 non
2879 2823 2952 2878 sit
2987 2824 3237 2894 apposita
3265 2822 3455 2894 ?Lege
3481 2835 3704 2880 cautum

2098 2926 2182 2972 est
2213 2917 2266 2971 in
2299 2930 2418 2986 cap.
2454 2917 2521 2971 15
2552 2920 2632 2972 tit.
2683 2917 2718 2970 4
2758 2917 2851 2972 lib.
2911 2933 2998 2977 XL,
3041 2932 3151 2971 non
3188 2919 3370 2988 rumpi
3409 2919 3704 2989 usucapio-

2101 3025 2226 3064 nem
2268 3008 2416 3074 inde,
2452 3008 2598 3080 quod
2630 3009 2786 3064 bonze
2818 3010 2940 3065 ﬁdei
2969 3024 3255 3081 possessor
3281 3026 3378 3081 per
3411 3011 3705 3066 denuntia-

2102 3102 2305 3158 tionem
2348 3119 2408 3158 se
2439 3105 2615 3158 aliena
2655 3104 2937 3174 possidere
2979 3103 3270 3175 intelligat.
3313 3103 3546 3174 Propter
3602 3105 3708 3158 hoc

2104 3195 2271 3266 igitur
2298 3196 2708 3267 repurgationis
2751 3196 2966 3251 auctori
3024 3197 3276 3267 iniquum
3343 3213 3464 3254 esse
3524 3199 3704 3253 risum

2099 3298 2203 3354 est,
2237 3287 2283 3343 si
2320 3288 2479 3343 bona:
2525 3288 2651 3344 ﬁdei
2682 3290 3022 3361 possessoris
3072 3292 3352 3360 possessio
3394 3302 3708 3362 rumpatur.

385 3374 539 3442 τίνος
563 3378 726 3450 χάριν
759 3377 818 3431 οὐ
846 3376 1118 3449 προετέθη
1151 3377 1208 3428 ὲν
1239 3377 1356 3438 τοῖς
1382 3373 1696 3436 Βασιλικοῖς
1726 3373 1787 3427 τὺ
1823 3372 1989 3444 μέρος

2097 3395 2161 3435 eo
2184 3380 2333 3452 quod
2365 3379 2478 3437 Deo
2505 3392 2889 3437 consecratum
2921 3383 3015 3449 sit,
3047 3383 3194 3453 quod
3224 3384 3365 3438 bona
3394 3383 3500 3439 ﬁde
3528 3388 3712 3456 possi-

382 3470 582 3525 τούτου
644 3471 741 3525 τοῦ
788 3470 976 3542 νόμον,
1008 3472 1068 3522 τὸ
1095 3470 1253 3538 λέγον
1285 3484 1299 3500 ·
1340 3467 1458 3522 Κᾶν
1497 3467 1574 3540 μὴ
1614 3466 1690 3529 ὡς
1719 3466 1986 3533 τοιοῦτον,

381 3564 602 3627 ἀλλ’ὡς
659 3563 927 3617 ἰδιωτικὸν
976 3563 1110 3618 αὐτὸ
1173 3561 1426 3634 έχωμεν;
1475 3559 1882 3631 Ἐνομοθετήθη
1929 3560 1987 3612 ὲν

382 3660 672 3730 κεφαλαίῳ
705 3656 776 3728 ιγ’
811 3657 906 3712 τοῧ
942 3655 982 3711 δ’
1034 3655 1218 3710 τίτλον
1249 3653 1341 3708 τοῦ
1375 3651 1427 3725 μ’
1456 3652 1690 3725 βι6¹·ί⁰υι
1727 3653 1802 3723 μὴ
1829 3647 1987 3724 mp"

382 3750 691 3806 κόπτεσθαι
740 3749 840 3821 τὴν
873 3745 1344 3819 οὺσουκαπητίαν,
1381 3747 1446 3799 ἐκ
1493 3743 1587 3798 τοῦ
1643 3743 1830 3797 λαϐεῖν
1888 3742 1979 3798 διά

380 3843 770 3914 παραγγελίας,
824 3842 1056 3912 εἴδησιν,
1085 3840 1172 3893 τὸν
1215 3839 1358 3911 καλῇ
1420 3837 1603 3891 πίστει
1656 3837 1869 3907 νομέα,
1901 3838 1981 3890 ὅτι

381 3937 668 4007 ἀλλότριον
697 3933 946 4006 νέμεται.
987 3933 1208 3999 "li-5055‘;
1241 3922 1336 3985 οὖν
1391 3929 1478 3983 διὰ
1535 3927 1697 3982 τοῦτο
1747 3928 1990 3984 ποιοῦντι

381 4032 487 4102 τὴν
517 4030 848 4100 ἁκάθαρσιν,
883 4027 1066 4083 ἄδικον
1107 4021 1249 4079 εἶναι
1297 4023 1359 4077 τὸ
1399 4021 1837 4096 περικόπτεσθαι
1889 4022 1988 4095 τὴν

382 4125 583 4196 νομὴν,
617 4123 713 4177 τοῦ
775 4123 914 4193 καλῇ
957 4119 1141 4174 πίστει
1186 4119 1403 4189 νομέως
1428 4119 1493 4172 ἐκ
1520 4117 1615 4171 τοῦ
1651 4117 1986 4188 ἀνατεθῆναι

381 4221 609 4292 τῴΘεῴ
634 4222 695 4274 τὸ
733 4222 887 4291 παρὰ
914 4219 1008 4272 τοῦ
1058 4217 1199 4286 καλῇ
1249 4215 1434 4268 πίστει
1501 4211 1714 4282 νομέως
1798 4213 2114 4284 νεμόμενον,
2187 4218 2283 4270 καὶ
2344 4216 2548 4287 μᾶλλον

2097 3473 2207 3528 det.
2260 3473 2523 3544 Atque(id
2569 3474 2790 3546 quidem
2819 3476 3018 3548 multo)
3061 3476 3240 3544 magis
3295 3475 3590 3549 [iniquum‘
3627 3480 3712 3534 vi-

2097 3579 2220 3619 sum
2243 3563 2372 3637 est].
2392 3565 2439 3621 si
2468 3580 2534 3620 ex
2557 3565 2745 3635 judice
2772 3567 2875 3620 hoc
2905 3581 3013 3620 non
3044 3567 3397 3635 intellexerit,
3444 3578 3499 3624 et
3540 3573 3701 3640 quasi

2098 3658 2374 3727 privatum
2400 3657 2531 3712 illud
2559 3658 2888 3729 possederit,
2921 3657 3273 3732 [chpropter
3305 3661 3409 3716 hoc
3429 3659 3701 3736 [quidem]

2095 3747 2234 3819 legis
2256 3745 2370 3820 [ea)
2412 3763 2541 3818 pars
2572 3763 2694 3818 qua:
2728 3747 2890 3802 habet
2918 3766 2932 3803 :
2963 3747 3211 3804 Tametsi
3234 3763 3345 3803 non
3372 3758 3432 3804 ut
3458 3763 3704 3813 sacrum,

2095 3839 2190 3894 sed
2224 3847 2281 3893 ut
2311 3842 2586 3910 privatum
2620 3855 2746 3893 cum
2767 3841 3151 3909 possideamus
3173 3858 3187 3894 :
3209 3856 3316 3894 non
3344 3849 3426 3896 est
3449 3849 3692 3910 recepta.

2090 3934 2290 3990 Sancta
2309 3951 2438 3990 vero
2473 3935 2642 3990 hicne
2667 3937 2876 4007 privata
2903 3945 3092 3991 sancta
3116 3937 3321 3991 dixeris
3348 3939 3663 4004 :sedjmonzi
3683 3963 3708 3977 -

2090 4038 2292 4092 menta,
2322 4044 2445 4098 quae
2471 4028 2634 4082 etiam
2676 4029 2926 4098 religiosa
2965 4028 3245 4082 dicuntur.
3286 4025 3504 4082 Privata
3542 4029 3691 4082 enim

2089 4129 2298 4187 sani-ta,
2319 4123 2434 4177 sive
2471 4138 2578 4175 non
2604 4121 3202 4184 consecrata,domiuio
3221 4121 3607 4190 subjiciuntur.

2613 4217 2662 4269 εἰ
2715 4215 2854 4286 μηδὲ
2917 4215 3017 4288 τὴν
3058 4216 3188 4286 περὶ
3257 4215 3449 4269 τούτου
3491 4214 3708 4283 εἴδησιν

382 4305 580 4368 ἔλαϐεν
641 4313 751 4368 ἀπὸ
804 4313 899 4366 τοῦ
943 4308 1326 4382 δικαστηρίου.
1379 4305 1556 4369 ἄλλως
1604 4304 1869 4360 ἰδιωτικὸν
1900 4307 2033 4361 αὐτὸ
2071 4309 2295 4382 ἐνέμετό
2324 4326 2337 4340 ·
2372 4311 2462 4364 διά
2477 4328 2560 4363 τοι
2595 4309 2754 4363 τοῦτο
2785 4310 2845 4363 τὸ
2875 4311 3042 4382 μέρος
3073 4309 3169 4363 τοῦ
3190 4310 3360 4380 νόμον
3386 4309 3448 4361 τὸ
3513 4309 3698 4377 λέγον,

381 4406 508 4460 Κᾶν
544 4406 618 4478 μὴ
646 4406 720 4470 ὡς
754 4406 920 4477 ἱερὸν,
953 4403 1130 4467 ἄλλως
1180 4399 1452 4455 ἰδιωτικὸν
1482 4397 1648 4452 αὐτὸν
1685 4398 1989 4470 νεμόμεθα,
2040 4403 2140 4456 οὐκ
2181 4403 2376 4476 ἐδέχθη
2410 4405 2579 4474 ’Ἅγια
2605 4403 2840 4458 ἐνταῦθα
2863 4403 2939 4475 μὴ
2961 4404 3028 4458 τά
3055 4403 3304 4457 ἰδιωτικὰ
3343 4403 3477 4471 ἆγια
3509 4403 3698 4475 εἴπης,

383 4500 526 4558 ἀλλὰ
566 4502 637 4554 τὰ
670 4501 935 4572 μνημεῖα,
972 4496 1038 4550 τὰ
1069 4495 1165 4550 καὶ
1208 4493 1532 4566 ρελεγιόσσα
1575 4491 1870 4564 λεγόμενα,
1913 4497 1982 4549 τά
2020 4497 2130 4570 γὰρ
2163 4497 2412 4552 ἰδιωτικὰ
2457 4499 2610 4570 ἅγια,
2639 4499 2715 4563 ὡς
2745 4500 2814 4553 τά
2849 4499 2924 4570 μὴ
2976 4498 3272 4570 ἱερωθέντα
3318 4497 3703 4563 δεσπόζονται.

461 4594 772 4664 Κείμενον.
818 4588 1031 4644 Βιϐλίον
1073 4585 1177 4659 με’,
1210 4585 1318 4640 τίτ.
1371 4583 1440 4655 α’,
1488 4585 1631 4641 διάτ.
1668 4585 1772 4660 λη’,
1791 4588 1988 4654 Καλῶς

2167 4590 2388 4646 Textus.
2423 4591 2687 4658 Lib.xr.v,
2722 4593 2804 4647 tit.
2831 4594 2882 4660 1,
2910 4593 3087 4663 digest
3132 4591 3201 4647 '58
3240 4615 3251 4648 :
3286 4590 3454 4648 Recte
3487 4592 3586 4650 abs
3617 4602 3698 4663 te,

381 4686 650 4759 ἐπερωτῶ
679 4702 738 4739 σε
771 4701 827 4738 κ.
865 4700 917 4736 τ.
959 4681 1011 4735 λ.
1046 4695 1220 4751 usque
1252 4677 1323 4734 ad
1349 4679 1408 4732 τὸ
1436 4677 1644 4734 δίκαιον
1660 4679 1850 4736 αὐτοῦ.

457 4780 742 4850 Σχόλιον.
778 4779 853 4831 Τὸ
880 4775 962 4848 λη’
994 4779 1278 4849 διάταγμα
1316 4777 1412 4831 τοῦ
1450 4774 1498 4832 α’
1529 4776 1713 4832 τίτλον
1750 4777 1845 4832 τοῦ
1903 4776 1987 4850 με’

387 4875 621 4947 βιϐλίου,
651 4872 769 4926 ἐστι
810 4871 1019 4943 βιϐλίον
1054 4869 1176 4942 μγ’,
1206 4870 1312 4926 τίτ.
1343 4869 1426 4937 α’,
1461 4888 1589 4941 κεφ.
1617 4869 1706 4936 ιζ’,
1743 4869 1888 4944 θέμα
1919 4869 1984 4938 ε’,

382 4967 558 5030 οὕτως
575 4966 720 5038 ἔχον,
741 4964 940 5028 Καλῶς
970 4964 1233 5036 ἐπερωτῶ
1257 4981 1316 5018 σε
1344 4965 1618 5036 παριστᾷν
1647 4964 1790 5028 τόδε,
1814 4964 1847 5036 ἢ
1874 4964 1988 5018 κτί-

384 5061 504 5126 ζειν
535 5059 731 5132 ίερὺνῆ
761 5059 1029 5130 μνημείου
1050 5060 1236 5112 τόπον.
1265 5058 1377 5111 Καὶ
1404 5059 1436 5129 ἡ
1470 5057 1562 5110 ἐπὶ
1587 5054 1697 5109 τῶν
1726 5055 1984 5110 τοιούτων

385 5154 501 5226 γὰρ
533 5155 719 5208 τόπων
749 5151 1020 5224 μίσθωσις
1053 5151 1318 5224 ἔρρωται.
1361 5151 1474 5206 Καὶ
1498 5150 1561 5205 τδ
1585 5147 1680 5219 πγ¹
1705 5150 1986 5220 διάταγμα

382 5245 575 5300 τούτου
623 5245 744 5298 ἐστὶ
797 5241 1002 5314 βιϐλίον
1049 5241 1160 5314 μγ’,
1196 5242 1377 5306 τίτλος
1408 5239 1478 5310 α’,
1545 5242 1839 5312 κεφάλαιον
1871 5238 1983 5310 πγ’,

387 5337 535 5410 θέμα
565 5335 630 5390 δ”
658 5333 799 5392 υῦτε
825 5337 993 5408 ἱερὸν,
1025 5335 1148 5390 οὔτε
1180 5335 1452 5406 μνημείου
1484 5338 1742 5408 πρᾶγμα,
1771 5334 1897 5389 οὔτε
1928 5335 1986 5389 τὸ

382 5432 652 5506 διηνεκῶς
699 5433 766 5504 τῇ
824 5430 1064 5503 δημοσία
1102 5431 1300 5501 χρήσει
1355 5429 1672 5502 ἁφορισθὲν,
1698 5431 1986 5502 ἐπερωτᾷν

382 5526 625 5596 δύναμαι
645 5541 659 5556 ·
691 5523 816 5578 οὔτε
847 5525 939 5578 τὸν
970 5522 1260 5595 ἐλεύθερον
1295 5522 1606 5594 ἄνθρωπον,
1663 5522 1770 5576 κᾶν
1801 5523 1847 5575 εί
1893 5522 1984 5574 δύ-

382 5638 547 5676 ναται
596 5618 786 5682 δοῦλος
813 5620 842 5672 ὁ
880 5617 1168 5690 ἐλεύθερος
1201 5616 1482 5686 γενέσθαι,
1515 5616 1613 5670 καὶ
1645 5618 1673 5670 ὁ
1713 5616 1859 5688 ἱερὸς
1897 5616 1930 5686 ἢ
1958 5617 1988 5670 ὁ

380 5713 647 5784 δημόσιος
675 5711 966 5776 ἰδιωτικός.
994 5712 1057 5765 Εἰ
1088 5709 1197 5782 γὰρ
1223 5711 1318 5764 καὶ
1352 5710 1619 5765 ἰδιωτικὸν
1647 5708 1987 5783 ἐπερωτηθῶ

385 5805 635 5876 τόπον,ἣ
666 5805 860 5860 δοῦλον
903 5804 1001 5857 καὶ
1038 5801 1222 5873 συμϐῇ
1252 5801 1344 5857 τὸν
1378 5801 1546 5856 τόπον
1575 5801 1986 5873 καθιερωθῆναι

388 5900 424 5971 ἢ
451 5899 544 5953 τὸν
601 5893 814 5952 δοῦλον
841 5895 1282 5969 ἐλευθερωθῆναι
1313 5896 1481 5968 χωρὶς
1519 5893 1674 5950 δόλου
1704 5913 1806 5974 μον
1833 5894 1985 5952 ἑλεν-

2091 4693 2226 4749 elc..,
2246 4701 2408 4755 usque
2427 4686 2498 4740 ad
2529 4687 2622 4756 jus
2644 4695 2908 4752 mutetur,
2941 4696 2997 4740 ut
3027 4703 3152 4758 pag.
3175 4686 3302 4742 567.

2164 4773 2457 4833 Scholium.
2499 4778 2619 4848 Dig.
2657 4779 2727 4835 '58
2780 4780 2864 4834 tit.
2927 4781 2950 4835 1
2983 4781 3076 4835 lib.
3113 4795 3240 4845 va,
3283 4788 3368 4835 est
3401 4779 3502 4836 lib.
3538 4797 3698 4846 mu,

2075 4872 2155 4928 'tit
2186 4873 2382 4944 l,cap.
2405 4874 2494 4940 17,
2514 4874 2693 4929 thema
2715 4874 2769 4940 5,
2799 4873 2944 4944 quod
2983 4873 3062 4928 sic
3090 4872 3256 4926 habet
3285 4891 3298 4928 :
3333 4872 3500 4928 Recte
3521 4874 3697 4945 stipu-

2089 4963 2174 5018 lor
2202 4965 2301 5019 abs
2332 4973 2405 5032 te,
2445 4973 2503 5018 ut
2539 4963 2690 5018 illum
2733 4965 2920 5030 sistas,
2968 4971 3064 5018 aut
3099 4961 3319 5035 laedent]
3361 4978 3576 5019 sacram
3609 4965 3693 5018 vel

2090 5054 2272 5110 locum
2343 5055 2660 5126 religiosum
2721 5055 2978 5111 aediﬁces.
3035 5054 3172 5109 Nam
3237 5063 3294 5110 et
3361 5055 3416 5110 in
3486 5055 3694 5111 istius-

2090 5151 2239 5205 modi
2279 5149 2413 5206 locis
2455 5150 2654 5206 locatio
2675 5150 2837 5206 valet.
2911 5147 2978 5204 Et
3016 5147 3086 5204 85
3136 5149 3332 5220 digest.
3381 5149 3404 5203 1
3459 5150 3541 5206 tit.
3588 5166 3690 5204 xcv

2088 5242 2185 5300 lib.
2215 5251 2301 5298 est
2352 5243 2448 5298 lib.
2488 5259 2643 5306 xuii,
2681 5243 2767 5299 tit.
2803 5243 2858 5310 1,
2887 5259 3008 5313 cap.
3039 5243 3128 5307 83,
3177 5245 3360 5299 thema
3397 5245 3432 5300 4
3461 5241 3692 5316 :Neque

2089 5352 2204 5393 rem
2235 5353 2472 5404 sacram,
2504 5353 2683 5408 neque
2722 5338 3056 5410 religiosam,
3086 5353 3266 5408 neque
3311 5337 3691 5408 publicis‘usi-

2089 5431 2194 5487 bus
2238 5433 2290 5486 in
2347 5439 2672 5501 perpetuum
2729 5440 3069 5502 segregatam
3133 5430 3388 5500 stipulari
3435 5445 3687 5501 possum.

2087 5523 2278 5595 Neque
2319 5523 2476 5596 [vero
2510 5522 2702 5596 etiam]
2736 5524 3013 5579 hominem
3048 5523 3304 5589 liberum,
3355 5523 3576 5579 tametsi
3619 5541 3687 5578 ex

2089 5615 2265 5671 libero
2297 5632 2516 5683 servus,
2554 5627 2609 5672 et
2651 5632 2740 5672 res
2787 5631 2945 5672 sacra
2986 5616 3292 5687 publicave,
3335 5616 3548 5686 privata
3573 5616 3688 5672 ﬁeri

2089 5709 2290 5780 possit.
2315 5706 2452 5764 Nam
2488 5709 2617 5764 licet
2635 5709 2819 5764 locum
2858 5707 3149 5780 profanum
3177 5718 3272 5763 aut
3315 5723 3536 5764 servum
3571 5726 3693 5781 pro-

2089 5803 2316 5867 miscro,
2353 5818 2419 5859 ac
2447 5801 2626 5860 locum
2658 5804 2776 5860 sine
2807 5818 2928 5858 meo
2955 5803 3082 5858 dolo
3121 5803 3434 5858 consecrari
3462 5805 3686 5859 contiu-

2091 5905 2201 5971 gat,
2239 5896 2473 5966 liberor;
2502 5912 2603 5952 nec
2632 5897 2682 5952 in
2717 5896 3108 5967 ohligationum
3138 5909 3388 5964 revocor,
3415 5896 3461 5954 si
3496 5912 3691 5954 rursus
