4146 6442
481 403 623 469 1039

1645 391 1909 455 ΡΗΟΤΙΙ
1949 387 2458 453 PATRIARCH/E
2496 388 2606 450 CP.

3671 376 3816 445 1040

491 518 613 588 lege
645 513 830 585 aliqua
860 510 1019 567 lorus
1047 508 1339 582 profanus,
1367 513 1462 562 aut
1499 503 1719 578 [homo]
1744 503 1881 558 liber
1905 515 2095 555 servus

2204 497 2490 571 θεροῦμαι,
2550 498 2647 552 καὶ
2690 498 2742 551 εί
2796 496 2982 569 συμϐῇ
3017 492 3081 547 ἐκ
3112 506 3259 556 τινος
3310 489 3478 562 νόμον
3531 490 3698 546 πάλιν
3744 508 3777 545 τ

501 624 627 666 esse
643 605 892 677 casperit.
911 602 980 659 Et
1002 603 1183 659 thema
1203 602 1234 655 7
1255 599 1500 672 ejusdem
1519 595 1736 667 capitis,
1757 593 1903 667 quod
1928 592 2061 647 dicit
2082 612 2095 649 :

503 698 846 776 [Hominem]
877 697 1109 752 liberum
1138 692 1392 765 stipulari
1427 706 1536 746 non
1571 704 1796 760 possum
1828 687 1931 743 sub
1968 695 2101 741 con‘

494 796 729 859 ditione,
778 789 1001 863 quando
1035 802 1226 843 servus
1256 784 1484 841 effectus
1504 782 1610 838 erit
1646 799 1659 836 :
1688 796 1867 848 neque
1908 780 2093 833 locum

460 920 461 923 η
490 901 740 950 sacrum,
776 880 1192 952 religiosumve,
1245 875 1466 946 quando
1507 870 1774 944 profanus
1805 867 1977 943 [erit].
2009 867 2099 921 Illa

491 972 989 1051 enim[duutaxat]
1014 971 1262 1042 stipulari
1315 982 1635 1040 possumus,
1676 980 1801 1036 qua:
1853 973 2101 1033 teinpore

491 1069 860 1145 stipulationis
896 1065 1094 1136 subjici
1133 1064 1325 1119 usibus
1362 1060 1717 1129 dominioque
1756 1065 1948 1112 nostro
1974 1071 2102 1126 pos-

487 1179 633 1225 sunt.
690 1164 967 1230 Digestum
1003 1159 1067 1215 91
1095 1170 1180 1214 est
1234 1157 1329 1211 lib.
1369 1169 1525 1221 XLIII,
1580 1153 1665 1208 tit.
1726 1152 1775 1216 1,
1832 1165 1953 1215 cup.
2009 1147 2099 1231 91,

487 1263 671 1317 thema
723 1260 777 1322 2,
823 1256 968 1327 quod
1035 1254 1227 1309 eadem
1273 1250 1444 1305 ferme
1489 1244 1924 1318 comprehcndit,
1980 1256 2103 1312 qua:

488 1351 799 1423 patriarcha
852 1347 1025 1402 fusius
1060 1341 1301 1413 scripsit.
1360 1339 1635 1409 Digestum
1670 1336 1771 1391 157
1810 1342 1895 1389 est
1947 1332 2101 1402 ejus-

2207 592 2373 645 τόπον
2421 590 2716 657 ἰδιωτικὸν,
2752 591 2788 662 ἢ
2823 590 2916 645 τὸν
2964 585 3251 657 ἐλεύθερον
3309 583 3496 638 δοῦλον
3546 581 3806 652 γενέσθαι

2205 686 2308 740 οὐκ
2370 685 2653 757 ὲνέχομαι.
2682 684 2797 739 Καὶ
2860 683 3006 753 Θέμα
3056 676 3101 745 ζ’
3154 676 3251 733 τοῦ
3300 677 3469 732 αὐτοῦ
3507 676 3807 746 κεφαλαίου

2205 779 2364 848 λέγον
2385 795 2399 810 ο
2443 778 2548 833 Τὸν
2576 776 2861 847 ἐλεύθερον
2885 775 2946 828 οὐ
2977 773 3215 844 δύναμαι
3241 771 3526 841 ἐπερωτᾷν
3567 768 3673 823 ὑπὸ
3721 767 3809 822 αἴ-

2210 890 2359 945 ρεσιν
2414 872 2516 944 τὴν
2570 871 2660 925 ὅτε
2700 868 2889 932 δοῦλος
2918 866 3150 937 γένηται
3182 861 3310 917 οὒτε
3333 862 3393 914 τὸ
3431 859 3577 933 ἱερὸν
3604 860 3639 931 ἢ
3673 876 3809 930 μνη-

2208 968 2360 1038 μεῖον
2414 966 2504 1019 ὅτε
2586 963 2855 1033 γένωνται
2920 958 3189 1014 ἰδιωτικὰ.
3257 956 3475 1009 Ἐκεῖνα
3538 951 3646 1023 γὰρ
3703 951 3806 1004 ὲπ-

2205 1059 2420 1130 ερωτᾷν
2490 1052 2793 1128 δυνάμεθα,
2827 1054 2952 1108 ὅσον
3017 1050 3160 1105 κατὰ
3187 1048 3283 1102 τὸν
3325 1046 3517 1118 καιρὸν
3564 1048 3665 1116 τῆς
3704 1047 3807 1098 ὲπ-

2204 1152 2552 1222 ερωτήσεως,
2582 1147 2685 1217 τῆς
2705 1146 2979 1220 χρήσεως,
3007 1144 3104 1198 καὶ
3133 1142 3235 1213 τῆς
3282 1137 3609 1201 δεσποτείας
3644 1138 3806 1209 ἡμῶν

2204 1243 2461 1315 γενέσθαι
2492 1243 2738 1297 δύναται.
2780 1239 2855 1294 Τὸ
2884 1237 2971 1307 ιμ’
2998 1234 3279 1307 διάταγμά
3308 1237 3425 1288 ἐστι
3458 1231 3663 1303 βιϐλίον
3692 1226 3802 1300 μγ’,

2203 1339 2311 1393 τίτ.
2361 1336 2432 1404 α’,
2471 1336 2773 1407 κεφάλαιον
2828 1332 2939 1401 ιμ’,
2984 1331 3131 1403 οέμα
3189 1328 3258 1401 β’,
3317 1328 3388 1381 τά
3439 1325 3580 1380 αὐτὰ
3622 1322 3807 1394 σχεδον

487 1446 611 1501 dem
643 1458 741 1497 LIII
806 1440 903 1494 lib.
936 1448 990 1494 et
1013 1437 1097 1492 tit.
1133 1450 1255 1505 cap.
1296 1432 1419 1498 157,
1484 1430 1665 1485 thema
1696 1427 1752 1491 4,
1791 1425 1937 1497 quod
1979 1424 2095 1480 ait:

2204 1430 2574 1502 διαλαμϐάνον
2628 1430 2729 1483 ὅσα
2783 1428 2880 1482 καὶ
2945 1427 2974 1480 ό
3039 1423 3391 1495 πατριάρχης
3438 1432 3808 1490 περιφραστι-

495 1535 739 1593 lnvalide
794 1530 1028 1603 stipulor
1077 1530 1181 1585 sub
1250 1524 1585 1587 conditione,
1625 1536 1748 1592 qua:
1815 1520 1931 1588 lege
1974 1532 2095 1588 pre-

2205 1523 2319 1587 κῶς
2374 1521 2605 1595 ἔγραψε.
2659 1522 2733 1574 Τὸ
2799 1516 2908 1592 ρλζ⁹
2956 1517 3256 1587 διάταγμα,
3317 1513 3435 1567 ἔστι
3478 1509 3571 1565 τοῦ
3604 1506 3806 1581 μγ¹βι-

487 1630 663 1686 hibita
706 1634 790 1683 est
825 1601 1054 1681 :iveluti
1080 1639 1093 1676 :
1124 1620 1294 1675 Dabis
1332 1619 1378 1673 si
1410 1616 1597 1670 Petrus
1620 1631 1731 1668 rem
1752 1628 1983 1675 sacram,
2020 1614 2095 1666 vel

2213 1615 2366 1670 ϐλίου
2393 1614 2491 1670 καὶ
2518 1612 2723 1679 τίτλου,
2751 1610 3053 1682 κεφαλαίου
3084 1607 3219 1683 ρλξ,
3254 1607 3491 1677 οέματος
3516 1601 3560 1658 δ’
3573 1645 3589 1671 ,
3626 1604 3802 1671 λέγον*

496 1724 828 1795 religiosam,
877 1718 957 1773 vel
993 1715 1220 1785 publicis
1261 1711 1444 1767 usibus
1475 1710 1531 1763 in
1573 1716 1883 1779 perpetuum
1920 1720 2095 1774 segre-

2224 1707 2561 1779 ’Λνισχύρως
2585 1699 2955 1777 ὲπερωτῶμαι
2983 1704 3112 1773 περὶ
3138 1702 3350 1773 αἵρεσιν
3388 1697 3493 1752 ὑπὸ
3515 1695 3610 1751 τοῦ
3640 1695 3805 1767 νόμου

492 1787 677 1891 ῃαιᾶπι
731 1812 1065 1870 vendiderit?
1097 1806 1341 1864 Tametsi
1391 1804 1507 1859 ﬁeri
1558 1808 1756 1873 potest,
1796 1808 1858 1856 ut
1908 1814 2095 1854 earum

2206 1800 2630 1871 κεκωλυμένην,
2661 1791 2775 1853 οἷον
2809 1795 2996 1862 Δίδως
3030 1795 3140 1849 ἐὰν
3170 1792 3396 1861 Πέτρος
3423 1788 3705 1857 πωλήσῃ,
3736 1787 3807 1842 τὸ

495 1883 679 1967 rerum
711 1909 803 1977 jus
858 1913 1125 1961 mutetur.
1145 1899 1293 1957 ldcm
1337 1893 1490 1971 [est,]
1523 1894 1570 1950 si
1593 1892 1837 1949 conditio
1893 1898 2093 1946 natura

2204 1893 2388 1963 ιερῦν,
2411 1893 2451 1959 ἣ
2474 1891 2540 1946 τὸ
2556 1889 2855 1963 μνημεῖον
2876 1890 2916 1959 ἢ
2939 1889 3007 1944 τὸ
3022 1887 3099 1958 τῇ
3120 1887 3384 1957 δημοσίᾳ
3405 1884 3618 1954 χρήσει
3639 1883 3797 1951 ἀρω-

494 2000 855 2075 impossibilis
885 1999 976 2054 sit.
1011 1993 1239 2050 Locatio
1256 2002 1440 2048 autem
1464 1989 1532 2044 de
1563 2000 1720 2043 sacra
1764 1982 1930 2057 [ade]
1957 1983 2095 2039 valet

2206 1984 2530 2056 ρισμένον,
2563 1985 2612 2037 εί
2644 1984 2741 2038 καὶ
2768 1981 2997 2037 δυνατόν
3016 1981 3133 2034 ἐστι
3158 1980 3219 2034 τὸ
3250 1978 3457 2031 δίκαιον
3488 1974 3595 2028 τῶν
3617 1972 3797 2026 τοιούο

494 2112 619 2170 quae
646 2096 713 2150 de
745 2109 809 2148 ca
843 2088 1184 2153 aadiﬁcanda,
1220 2100 1332 2140 non
1370 2093 1550 2138 autem
1580 2078 1658 2151 [in
1692 2075 1957 2149 locatum]
1983 2084 2096 2131 tra-

503 2168 705 2254 denda,
738 2192 824 2243 est
852 2184 1010 2240 inita.
1042 2180 1101 2236 Si
1134 2178 1257 2252 quis
1282 2177 1429 2233 enim
1458 2171 1857 2229 monasterium
1883 2168 2091 2225 condu-

486 2284 650 2348 xerit,
685 2296 799 2337 non
836 2277 1002 2335 modo
1039 2290 1153 2331 non
1191 2287 1260 2329 ex
1293 2268 1679 2332 conductione,
1706 2274 1819 2320 tum
1841 2263 1968 2334 jure
1994 2263 2091 2319 de-

484 2379 680 2435 stituta
714 2416 728 2442 ,
776 2380 895 2428 tum
938 2366 1213 2432 invalida,
1262 2364 1555 2420 utilitatem
1611 2358 1856 2424 sentiet,
1897 2371 2088 2412 verum

482 2471 650 2527 etiam
694 2465 975 2539 punietur.
1009 2460 1115 2528 Qui
1154 2458 1303 2515 enim
1345 2455 1679 2519 conducunt,
1735 2465 1800 2507 ac
1846 2449 2089 2505 interve-

484 2560 765 2619 nientibus
794 2556 972 2629 pactis
1004 2550 1321 2623 suscipiunt
1352 2544 1713 2609 monasteria,
1744 2550 1807 2598 ut
1841 2542 1935 2613 qui
1964 2540 2091 2612 jure

485 2655 860 2728 impruhatum
897 2656 1247 2706 contractum
1282 2640 1530 2707 inierint,
1565 2637 1660 2693 Dei
1684 2634 1931 2708 legisque
1957 2648 2089 2691 con-

484 2747 897 2806 demnationem
952 2746 1264 2797 metuunto.

2202 2095 2313 2132 των
2343 2077 2709 2149 ἐναλλαγῆναι
2740 2075 3110 2148 πραγμάτων
3148 2072 3223 2125 Τὸ
3251 2069 3386 2125 αὐτὸ
3418 2068 3525 2123 κᾶν
3552 2069 3619 2138 τῇ
3648 2064 3808 2136 φύσει

2198 2171 2461 2235 ἀδύνατός
2492 2172 2642 2225 ἐστιν
2670 2171 2705 2241 ἠ
2765 2170 2999 2240 αἵρεσις.
3025 2167 3366 2238 Σημείωσαι·
3396 2160 3661 2234 μίσθωσις
3684 2159 3739 2212 δὲ
3765 2160 3803 2229 ἡ

2198 2265 2293 2319 ἐπὶ
2321 2263 2400 2334 τῷ
2426 2262 2558 2334 ἱερῷ
2582 2262 2845 2335 ἔρρωται,
2877 2260 2911 2332 ἢ
2944 2260 3187 2314 συστᾶσα
3213 2258 3373 2330 χάριν
3399 2254 3494 2309 τοῦ
3522 2252 3807 2324 κτισῦἧναι

2196 2356 2258 2412 τδ
2280 2356 2526 2429 ἱερὸν,οὐ
2553 2356 2662 2427 μὴν
2694 2356 2728 2427 ὴ
2762 2352 2857 2409 ἐπὶ
2878 2354 3090 2408 ἐκδόσει
3111 2351 3208 2405 τοῦ
3245 2346 3415 2423 ίεροῦο
3456 2346 3553 2401 ἐὰν
3574 2345 3683 2417 γάρ
3709 2360 3796 2407 τις

2197 2450 2499 2520 ὲκλάϐηται
2528 2449 2877 2521 μισθωτικῶς
2937 2445 3327 2520 μοναστήριον,
3367 2442 3431 2496 οὐ
3489 2438 3648 2510 μόνον
3700 2437 3805 2490 οὐκ

2202 2543 2633 2615 ὠφεληθήσεται
2664 2541 2775 2596 ἀπὸ
2794 2544 2896 2613 τῆς
2923 2539 3242 2612 μισθώσεως
3267 2535 3344 2600 ὡς
3364 2532 3534 2603 οὔσης
3565 2529 3809 2603 παρανό-

2202 2654 2307 2710 μου
2363 2635 2461 2691 xui.
2491 2636 2813 2708 ἀνισχύρου,
2841 2634 2979 2689 ἀλλὰ
2998 2634 3093 2687 καὶ
3114 2630 3536 2701 κολασθήσεται.
3597 2626 3660 2680 Oi
3692 2621 3805 2694 γὰρ

2203 2729 2556 2801 μισθούμενοι
2580 2730 2677 2783 καὶ
2701 2728 2754 2782 οί
2790 2725 3147 2796 πακτωτικῆς
3173 2721 3646 2795 ὲκλαμϐανόμενοι
3702 2732 3771 2787 μο

482 2844 773 2914 ναστήρια,
826 2838 903 2902 ὡς
959 2834 1280 2908 παράνομον
1302 2828 1662 2900 συνάλλαγμα
1708 2824 2099 2896 πεποιηκότες,
2138 2814 2542 2899 ὑφοράσθωσαν
2580 2825 2682 2899 τὴν
2721 2824 2833 2879 ἀπὸ
2910 2822 3005 2878 τοῦ
3042 2820 3180 2876 Θεοῦ
3210 2819 3308 2874 καὶ
3351 2816 3448 2872 τοῦ
3490 2816 3658 2889 νόμου
3704 2830 3805 2879 κα,

481 2944 761 3012 τάκρισιν.

562 3059 787 3115 Textus.
814 3054 937 3111 Lib.
956 3067 1129 3118 XLVII,
1170 3047 1258 3104 tit.
1287 3047 1382 3113 22,
1411 3045 1571 3102 etlib.
1600 3060 1732 3113 LVII,
1765 3046 1851 3103 tit.
1875 3044 1933 3112 4,
1970 3044 2093 3117 Dig.

491 3155 599 3223 Qui
629 3168 753 3210 cum
789 3147 961 3205 armis
995 3153 1131 3213 ctc.,
1163 3158 1326 3214 usque
1351 3142 1421 3195 ad
1454 3157 1561 3196 non
1595 3148 1726 3196 sunt
1760 3139 2003 3213 publica,
2037 3148 2097 3193 ut

489 3264 613 3318 pag.
649 3244 774 3301 570.

568 3335 866 3393 Scholium.
924 3329 1209 3402 Digestum
1254 3325 1291 3380 9..
1346 3326 1431 3383 tit.
1508 3323 1583 3379 22
1650 3324 1747 3380 lib.
1817 3339 1967 3380 vaII
2011 3332 2096 3379 est

495 3434 594 3489 lib.
628 3448 721 3496 1.x,
756 3429 841 3482 tit.
870 3426 964 3491 52,
996 3439 1119 3495 cap.
1142 3421 1179 3476 2
1208 3440 1222 3478 :
1253 3420 1519 3492 Quisquis
1544 3430 1739 3477 contra
1768 3420 1942 3491 legem
1981 3419 2096 3475 col-

496 3522 703 3593 legium
735 3516 948 3582 fecerit,
985 3521 1203 3569 tenetur
1231 3527 1296 3569 ea
1346 3526 1532 3583 pmna,
1564 3527 1672 3582 qua
1705 3509 1986 3583 [tenentur
2013 3507 2094 3582 hi]

498 3615 747 3688 quicum
788 3608 960 3664 armis
990 3607 1173 3662 locum
1207 3605 1489 3677 publicum
1530 3604 1613 3659 vel
1664 3619 1885 3659 sacrum
1928 3618 2097 3660 occu-

498 3718 657 3779 pant.
714 3703 995 3775 Digestum
1054 3698 1110 3763 1,
1169 3697 1253 3753 tit.
1297 3696 1356 3763 ι,
1416 3696 1512 3752 lib.
1559 3711 1730 3752 XLVIII
1761 3694 1970 3765 Digest.
2014 3703 2101 3751 est

496 3801 598 3855 lib.
633 3814 726 3861 Lx,
761 3797 844 3850 tit.
879 3791 970 3856 36,
1001 3807 1125 3861 cap.
1156 3789 1182 3843 1
1221 3808 1235 3845 :
1291 3788 1402 3844 Lex
1433 3787 1502 3843 de
1559 3785 1913 3860 [Inajestatis]
1961 3788 2098 3843 insi-

497 3889 806 3946 diatoribus
838 3884 1038 3939 similis
1069 3890 1152 3936 cst
1184 3879 1320 3961 legis
1352 3881 1418 3934 de
1441 3878 1750 3949 sacrilegio.
1785 3878 1851 3933 Et
1880 3887 2098 3933 tenetur

497 3984 615 4049 illa,
668 3979 763 4048 qui
828 3978 1100 4032 adversus
1147 3972 1412 4045 pepulum
1468 3969 1781 4026 Romanum
1834 3969 2093 4043 [aliquid]

495 4072 795 4132 commisit.
823 4067 889 4123 Et
912 4067 1007 4139 qui
1040 4065 1166 4120 dolo
1190 4060 1386 4137 [malo]
1419 4061 1618 4128 cﬂ'ecit,
1648 4072 1711 4118 ut
1756 4064 1977 4121 obsides
2012 4065 2096 4119 in.

492 4170 653 4241 jussu
704 4163 970 4237 principis
1015 4157 1443 4215 interciderint:
1484 4168 1541 4212 ut
1587 4159 1788 4213 armati
1842 4158 2095 4215 homines

497 4264 553 4317 in
590 4259 725 4315 urbe
752 4257 1019 4311 adversus
1046 4251 1238 4307 urbem
1268 4250 1401 4316 sint,
1432 4258 1492 4304 ut
1519 4250 1674 4305 locus
1708 4247 1959 4323 [aliquis]
1998 4260 2093 4307 aut

495 4352 701 4423 templa
751 4355 1043 4418 occupata,
1089 4345 1176 4400 vel
1229 4343 1523 4400 seditiosus
1568 4354 1878 4399 conventus
1914 4343 2093 4400 factus

497 4449 615 4504 sit:
649 4455 708 4500 ut
754 4444 1113 4515 magistratus
1166 4439 1534 4496 occideretur.
1586 4439 1650 4492 Et
1700 4439 1791 4510 qui
1839 4440 2093 4497 hostibus

497 4546 755 4595 nuntium
804 4545 902 4589 aut
957 4535 1170 4588 litteras
1206 4530 1378 4595 misit,
1432 4529 1721 4603 signumve
1770 4528 1940 4597 dedit,
1997 4540 2094 4585 aut

2273 3044 2587 3115 Κείμενον.
2646 3040 2767 3099 Βιϐ.
2801 3039 2912 3114 μζ,
2978 3038 3083 3097 τίτ.
3122 3035 3232 3109 κβ’,
3290 3033 3434 3091 διάτ.
3468 3030 3538 3105 β’,
3571 3048 3628 3089 κ.
3660 3048 3715 3087 τ.
3745 3032 3802 3088 λ·

2205 3153 2381 3209 usque
2411 3136 2481 3193 ad
2515 3135 2617 3190 οὐκ
2644 3136 2754 3190 εἰσὶ
2789 3134 3046 3207 δημόσια.

2278 3330 2564 3398 Σχόλιον.
2615 3328 2692 3384 Τὸ
2759 3324 2805 3398 β’
2859 3325 3142 3396 διάταγμα
3189 3323 3286 3379 τοῦ
3339 3322 3427 3396 κβ¹
3484 3323 3666 3379 τίτλον
3709 3323 3806 3379 τοῦ

2210 3420 2295 3495 μζ¹
2327 3422 2537 3493 βιϐλίου
2568 3421 2685 3475 ἐστὶ
2715 3419 2917 3491 βιβλίον
2966 3417 3030 3486 ξ’,
3063 3417 3243 3482 τίτλος
3269 3415 3369 3489 λβ’,
3405 3416 3701 3489 κεφάλαιον
3734 3416 3803 3489 β”

2219 3515 2279 3568 Ὀ
2312 3515 2634 3587 παράνομον
2686 3512 2862 3568 ποιῶν
2918 3510 3197 3583 σύστημα,
3231 3512 3298 3582 τῇ
3358 3511 3502 3565 κατὰ
3534 3510 3646 3564 τῶν
3706 3511 3805 3565 σὺν

2206 3610 2394 3676 ὅπλοις
2422 3612 2588 3665 τόπον
2620 3609 2906 3681 δημόσιον,
2941 3607 2976 3679 ἢ
3005 3606 3150 3678 ἱερὸν
3191 3606 3557 3677 κατεχόντων,
3582 3605 3807 3659 ὑπόκει-

2207 3721 2300 3759 ται
2356 3705 2542 3775 ποινῇ.
2571 3702 2646 3756 Τὸ
2676 3699 2727 3755 α’
2769 3699 3071 3769 διάταγμα,
3102 3697 3198 3752 τοῦ
3255 3694 3296 3750 δ’
3326 3696 3531 3765 τίτλου,
3556 3697 3650 3751 τοῦ
3713 3695 3807 3769 μη¹

2209 3794 2419 3867 βιϐλίου
2480 3792 2592 3847 τῶν
2626 3789 2959 3856 Διατάξεων,
2994 3788 3111 3843 ἔστι
3162 3787 3365 3859 βιϐλίον
3399 3785 3439 3852 ξ’
3464 3786 3643 3851 τίτλος
3687 3783 3801 3851 λς’,

2211 3888 2507 3961 κεφάλαιον
2549 3886 2621 3942 α”
2669 3887 2729 3941 'O
2755 3883 3021 3958 περὶτῶν
3064 3881 3370 3938 ἐπιϐούλων
3394 3881 3583 3953 νόμος,
3616 3880 3803 3952 ὅμοιός

2208 3984 2328 4037 ἐστι
2357 3981 2437 4053 τῷ
2475 3980 2608 4053 περὶ
2658 3978 2991 4053 ἱεροσυλίας,
3020 3977 3116 4031 καὶ
3141 3975 3389 4047 ἐνέχεται
3416 3975 3569 4046 αὐτῷ
3598 3975 3626 4028 ό
3661 3972 3804 4027 κατὰ

2208 4075 2633 4147 τοῦῬωμαῖκοῦ
2657 4073 2832 4147 δήμου
2861 4068 3290 4143 πλημμελήσας,
3320 4069 3415 4123 καὶ
3440 4069 3469 4122 ὁ
3495 4067 3805 4131 σπουδάσας

2208 4169 2353 4223 κατὰ
2410 4168 2561 4221 δόλον
2589 4165 2770 4239 ιπαρὰ
2822 4162 3074 4218 κέλευσιν
3134 4159 3403 4233 βασιλέως
3452 4157 3805 4229 ἀναιρεθῆναι

2209 4263 2337 4326 τοὺς
2371 4263 2479 4333 όμή
2489 4277 2635 4332 ρους,
2666 4259 2700 4330 ἢ
2726 4258 2814 4312 ἵνα
2837 4256 3053 4311 ἔνοπλοι
3088 4253 3188 4310 ἄνθ
3199 4269 3372 4324 ρωποι
3394 4252 3453 4306 ὲν
3478 4249 3632 4304 πόλει
3660 4249 3805 4303 κατὰ

2209 4354 2310 4425 τῆς
2340 4352 2551 4415 πόλεως
2579 4344 2735 4417 ὦσιν,
2772 4349 2807 4421 ἡ
2836 4348 2923 4403 ἵνα
2950 4346 3117 4411 τόπος
3143 4344 3177 4417 ἢ
3212 4342 3338 4417 ἱερὰ
3371 4339 3803 4412 κατασχεθῶσιν,

2211 4447 2248 4518 ἢ
2279 4444 2584 4516 στασιώδης
2635 4443 2868 4513 γένηται
2901 4438 3143 4506 σύνοδος,
3176 4436 3210 4509 ἢ
3242 4436 3622 4518 ἵναᾝφονιεὲοῇ,
3657 4434 3804 4506 όᾶρ-

2209 4508 2345 4612 χων,
2372 4538 2468 4593 καὶ
2498 4508 2699 4609 ὁ’πρδς
2755 4508 2881 4599 τοὺς
2922 4522 3225 4604 πολεμίους
3262 4508 3568 4601 ἄγγελοννῆ
3605 4517 3803 4598 γράμ-

498 4631 707 4701 alioqui
738 4629 891 4698 ipsos
910 4626 1074 4697 juvit,
1098 4637 1263 4695 atque
1291 4624 1547 4680 adulatus
1575 4632 1679 4679 est.
1703 4622 1806 4689 Qui
1860 4625 2095 4696 denique

2213 4652 2359 4707 ματα
2397 4631 2645 4705 πέμψας,
2673 4628 2767 4684 καὶ
2796 4628 3025 4699 σημεῖον
3056 4627 3243 4689 αὐτοῖς
3272 4619 3542 4689 δεδωκὼς,
3565 4620 3600 4692 ἦ
3630 4620 3805 4683 ἄλλως

499 4726 708 4781 milites
744 4723 1015 4777 adversus
1055 4718 1454 4791 rempublicam
1500 4716 1567 4771 ad
1625 4718 1956 4773 seditionem
2011 4729 2099 4775 tu-

500 4822 804 4877 multumve
836 4816 1221 4873 concitaverit.
1257 4815 1464 4888 Digest.
1499 4813 1566 4868 17
1613 4814 1695 4871 tit.
1738 4814 1806 4869 16
1853 4814 1950 4871 lib.
1987 4830 2099 4871 xxx

502 4927 589 4973 est
622 4915 720 4970 lib.
758 4929 821 4975 ll,
849 4913 935 4967 tit.
967 4911 1026 4978 2,
1058 4925 1180 4983 cap.
1210 4909 1300 4977 17,
1333 4909 1478 4980 quod
1530 4907 1607 4963 sic
1652 4907 1752 4977 ait,
1795 4910 1942 4965 circa
1995 4909 2099 4965 ini-

502 5010 641 5066 tium
679 5027 691 5063 :
731 5009 876 5063 lnter
902 5004 1127 5077 publica
1153 5017 1264 5059 non
1296 5001 1673 5067 continentur,
1703 5017 1885 5072 neque
1912 5017 2093 5069 sacra,

497 5119 680 5176 neque
726 5103 1011 5174 religiosa,
1061 5114 1239 5171 neque
1268 5114 1392 5170 qua:
1439 5097 1678 5169 publicis
1729 5097 1927 5154 usibus
1968 5108 2099 5153 sunt

496 5197 770 5255 destinata
797 5214 811 5251 :
844 5196 939 5251 sed
972 5194 1019 5252 si
1055 5209 1162 5265 qua
1188 5202 1317 5247 sunt
1338 5190 1643 5257 civitatum,
1677 5190 1825 5247 velut
1854 5189 2095 5263 [earum]

494 5289 662 5346 bona.

496 5433 502 5439 .
568 5381 789 5438 Τρωίας.
833 5379 956 5436 Lib.
995 5379 1085 5446 55,
1121 5378 1205 5433 tit.
1238 5379 1290 5445 1,
1328 5378 1526 5452 digest.
1565 5377 1636 5434 20
1670 5395 1683 5432 :
1724 5377 1780 5432 Si
1817 5376 2093 5448 legavero,

492 5488 628 5548 etc.,
657 5493 820 5549 usque
847 5474 916 5529 ad
940 5473 1122 5529 facere
1146 5474 1321 5531 haeres
1341 5483 1589 5544 cogetur,
1613 5483 1666 5528 ut
1688 5488 1812 5543 pag.
1843 5471 1970 5527 570.

567 5665 867 5721 Scholium.
918 5663 1127 5735 Digest.
1176 5662 1271 5729 20,
1316 5663 1400 5720 tit.
1454 5663 1505 5732 1,
1541 5662 1634 5717 lib.
1673 5678 1850 5717 χχχιιι
1885 5659 2090 5735 Digest.

496 5768 579 5815 est
633 5760 814 5815 thema
867 5734 1145 5827 ult.icap.
1197 5758 1268 5811 20
1311 5758 1392 5812 tit.
1437 5760 1469 5821 4
1506 5757 1600 5811 lib.
1647 5772 1789 5822 XLIV,
1832 5734 1978 5826 quod
2012 5754 2092 5809 sic

500 5852 686 5916 habet,
723 5860 782 5904 ut
807 5851 862 5906 in
898 5851 1223 5920 ecIIIpcndio
1270 5851 1615 5922 propositum
1648 5859 1751 5906 est.
1784 5848 1989 5921 Digest.
2022 5847 2088 5900 17

496 5939 643 5995 ιίι.1
679 5942 773 5997 lib.
806 5958 971 5996 xxxIv
1019 5953 1103 5997 est
1148 5942 1309 6001 Basil.
1354 5945 1446 5998 lib.
1492 5959 1634 6011 λων,
1694 5943 1774 5997 tit.
1825 5942 1912 6007 11,
1967 5956 2088 6010 cap.

2210 4727 2493 4800 βοηθήσας
2562 4723 2785 4789 αὐτοῖς,
2848 4720 2944 4774 καὶ
3004 4717 3399 4781 ὑπονοθεύσας,
3455 4714 3488 4786 ἢ
3551 4711 3804 4787 ἐρεθίσας

2207 4818 2552 4893 στρατιώτας
2583 4818 2722 4890 πρὸς
2775 4814 2967 4869 στάσιν
3005 4814 3038 4886 ἢ
3072 4810 3305 4886 Θόρυϐον
3336 4808 3482 4863 κατὰ
3510 4807 3613 4879 τῆς
3649 4805 3807 4859 πολι-

2201 4914 2377 4977 τείας.
2398 4912 2474 4967 Τὸ
2501 4912 2566 4977 ιζ’
2589 4911 2733 4966 διάτ.
2787 4907 2883 4963 τοῦ
2932 4905 3124 4975 ις’τίτ.
3145 4903 3239 4959 τοῦ
3257 4902 3300 4957 λ’
3326 4901 3533 4975 βιϐλίου
3564 4901 3681 4955 ἐστὶ
3719 4898 3803 4970 βι-

2200 5004 2348 5058 ϐλίον
2373 5001 2439 5074 β’,
2470 5002 2576 5057 τίτ.
2612 5002 2678 5073 β’,
2701 5017 2830 5070 κεφ.
2858 4996 2942 5066 ιζ’,
2963 4998 3106 5053 οὕτω
3134 4996 3293 5065 λέγον
3324 5012 3388 5047 πε
3400 4994 3452 5064 ρὶ
3478 4991 3578 5055 τὰς
3602 4993 3797 5063 ἀρχάς*

2198 5097 2290 5152 Ἐν
2305 5097 2363 5152 δὲ
2386 5098 2498 5160 τοῖς
2519 5095 2798 5168 δημοσίοις
2820 5094 2883 5147 οὐ
2914 5090 3251 5165 περιέχεται,
3277 5086 3400 5141 οὔτε
3426 5085 3491 5140 τά
3512 5085 3652 5157 ἱερά,
3678 5083 3802 5138 οὔτε

2197 5191 2266 5245 τὰ
2297 5191 2560 5263 μνημεῖα,
2590 5187 2715 5243 οὔτε
2749 5186 2819 5242 τὰ
2876 5187 2993 5250 ταῖς
3037 5181 3327 5256 δημοσίαις
3367 5180 3627 5251 χρήσεσιν
3652 5179 3801 5248 ἀφω-

2202 5282 2456 5357 ρισμένα,
2488 5281 2606 5337 ἀλλ’
2667 5281 2720 5335 εἴ
2745 5298 2870 5334 τινα
2910 5278 3026 5333 ἔστι
3089 5276 3318 5340 πόλεων,
3347 5270 3460 5328 οἷον
3496 5274 3553 5327 αἱ
3598 5271 3796 5325 οὐσίαι.

2270 5375 2584 5444 Κείμενον.
2617 5372 2741 5427 Βιϐ.
2776 5369 2881 5441 λγ’,
2914 5371 3021 5425 τίτ.
3049 5367 3120 5436 α’,
3141 5368 3281 5422 διάτ.
3307 5364 3380 5433 κ’,
3412 5364 3506 5418 ἐὰν
3547 5361 3798 5433 λεγατεύ·

2200 5489 2300 5538 σω,
2326 5488 2382 5525 κ.
2408 5487 2460 5524 τ.
2500 5468 2551 5524 λ.
2584 5484 2763 5541 usque
2803 5466 2873 5523 ad
2899 5463 3239 5537 κληρονόμος
3272 5458 3664 5530 ἀναγκάζεται.

2274 5664 2319 5716 Σ
2322 5661 2560 5730 χόλων.
2593 5657 2667 5710 Τὸ
2704 5653 2750 5710 κ’
2798 5652 2941 5710 διάτ.
2987 5648 3085 5705 τοῦ
3113 5646 3160 5702 α’
3192 5647 3301 5701 τίτ.
3354 5643 3449 5699 τοῦ
3476 5638 3559 5712 λγ⁹
3590 5623 3820 5712 βιϐλίον’

2198 5752 2308 5808 τῶν
2342 5749 2674 5818 Διατάξεων,
2697 5748 2814 5802 ἔστι
2844 5748 2987 5818 Θέμα
3010 5743 3320 5797 τελευταῖον
3354 5736 3449 5791 τοῦ
3487 5734 3536 5789 x'
3555 5750 3680 5802 κεῳ.
3704 5729 3796 5784 τοῦ

2199 5847 2240 5901 δ’
2263 5847 2366 5901 τίτ.
2401 5848 2495 5900 τοῦ
2536 5842 2618 5916 μδ¹
2654 5842 2763 5914 βιϐ.
2793 5840 2967 5902 οὕτως
2995 5837 3117 5910 ἕχον
3148 5834 3223 5898 ὡς
3250 5829 3584 5901 συνωψίσῦη.
3625 5824 3697 5878 Τὸ
3735 5821 3796 5887 ις’

2198 5937 2455 5995 Etiam?)
2518 5935 2691 5990 α’τίτ.
2744 5931 2817 5986 λδ¹
2879 5929 3110 6002 βιϐλίου,
3162 5925 3277 5978 ἔστι
3334 5920 3440 5975 τῶν
3496 5914 3797 5971 Βασιλικῶν
