4146 6446
373 412 508 479 1011

1459 407 1948 476 NOMOCANON.
1983 429 2053 443 -·
2088 406 2236 467 ΤΙΤ.
2276 400 2387 481 ΠΙ,
2424 406 2584 469 CAP.
2620 406 2673 467 ῐ.

3575 404 3712 468 1042

373 528 583 600 βιϐλίον
611 522 717 599 μδ’,
744 524 854 582 τίτ.
879 522 967 593 ιδ’,
992 541 1122 596 κεφ.
1150 520 1241 590 ιζ’,
1266 522 1444 588 οὕτως
1478 522 1606 595 ἕχον
1635 523 1712 587 ὡς
1736 520 1972 593 συνωψί-

2083 519 2173 584 17,
2220 520 2370 589 quod
2424 519 2498 575 ita
2548 519 2738 586 habet,
2771 517 3253 589 quemadmodum
3296 520 3693 592 compendiose

373 622 500 694 σθη.
527 620 602 674 Τὸ
652 618 727 673 λε’
760 618 904 674 διάτ.
944 619 1042 673 τοῦ
1099 615 1164 689 ιβ’
1195 617 1331 682 τίτ.,
1363 614 1459 671 τοῦ
1487 613 1544 688 μ’
1578 615 1815 687 βιϐλίου,
1853 614 1973 669 ἔστι

375 715 581 787 βιϐλίον
616 710 727 785 μη’,
757 711 864 766 τίτ.
897 708 971 782 η’,
997 728 1123 781 κεφ.
1152 709 1225 763 λε’
1246 726 1258 741 ·
1296 708 1516 774 κτίζων
1545 725 1633 774 τις
1681 709 1975 781 εὖκτήριον

373 806 660 880 ἀφώρισεν
717 802 868 873 αὐτῷ
901 802 1146 868 δούλους,
1201 799 1298 855 τοῦ
1346 800 1696 872 κληρονόμου
1752 800 1972 855 ἔσονται

372 894 545 956 οὗτοι.
572 898 646 953 T6
675 895 716 952 ε’
743 896 888 951 διάτ.
946 895 1041 950 τοῦ
1074 894 1121 950 α’
1166 895 1274 950 τίτ.
1332 893 1429 949 τοῦ
1460 892 1539 949 κδ’
1584 893 1695 965 βιϐ.
1728 894 1848 948 ἐστὶ
1880 893 1971 965 βι-

373 992 523 1047 ϐλίον
569 991 681 1047 τῶν
743 989 1051 1045 Βασιλικῶν
1100 987 1171 1054 λ’,
1200 988 1304 1043 τίτ.
1338 985 1386 1043 α’
1416 1028 1431 1054 ,
1468 1005 1597 1059 κεφ.
1631 986 1695 1052 ε’,
1727 987 1873 1058 θέμα
1899 985 1973 1059 η’,

374 1087 499 1159 ἕχον
532 1087 592 1140 έν
644 1085 800 1157 μέρει
854 1081 1040 1148 καθὼς
1093 1084 1174 1147 εἰς
1203 1082 1264 1137 τὸ
1295 1082 1550 1154 κείμενον
1578 1080 1763 1153 ἐτέθη.
1788 1082 1864 1136 Τὸ
1893 1079 1972 1147 λζ’

373 1181 518 1235 διάτ.
548 1179 644 1234 τοῦ
695 1176 738 1250 β’
769 1176 877 1232 τίτ.
908 1175 1003 1231 τοῦ
1048 1175 1122 1229 λδ¹
1177 1175 1318 1246 βιϐ.,
1350 1174 1468 1229 ἔστι
1514 1174 1720 1247 βιϐλίον
1754 1172 1836 1247 μδ¹
1863 1176 1975 1229 τῶν

375 1269 711 1337 Βασιλικῶν,
737 1268 845 1323 τίτ.
881 1266 966 1334 ιε’,
994 1284 1124 1338 κεφ.
1156 1266 1257 1335 λζ’,
1290 1266 1435 1339 θέμα
1466 1266 1780 1321 τελευταῖον
1801 1266 1976 1332 οὕτως

375 1362 536 1434 ἕχον·
572 1361 704 1417 Ἐἀν
752 1361 895 1415 εἴπω
918 1359 1177 1430 γενέσθαι
1229 1359 1501 1430 σταυροὺς
1552 1359 1663 1413 ἀπὸ
1693 1358 1738 1431 ρ’
1772 1358 1975 1432 λιτρῶν

372 1454 469 1508 καὶ
504 1452 840 1524 ἀνατεθῆναι
870 1453 929 1506 έν
955 1451 1093 1523 τῷδε
1119 1451 1198 1525 τῷ
1235 1451 1388 1524 ἱερῷ,
1427 1451 1632 1517 πάντες
1676 1453 1734 1507 δὲ
1786 1455 1846 1508 έν
1893 1452 1975 1525 τῷ

372 1548 528 1619 αὐτῷ
564 1546 701 1621 ἱερῷ
755 1547 936 1613 ὅντες,
971 1547 1208 1619 ἀργυροῖ
1244 1546 1342 1601 καὶ
1372 1547 1566 1619 χαλκοί
1605 1547 1767 1616 εἰσιν,
1796 1547 1974 1619 ἀργυ-

377 1642 507 1713 ροῦς
536 1642 566 1696 6
596 1640 936 1713 κληρονόμος
963 1639 1345 1710 ἀναγκάζεται
1381 1642 1584 1710 ποιεῖν,
1612 1641 1674 1696 οὐ
1706 1640 1810 1714 μὲν
1839 1640 1973 1714 χαλ-

376 1734 508 1797 κοὺς
540 1733 781 1800 δίδωσιν,
810 1732 937 1787 οὔτε
959 1732 1218 1804 χρυσούς.

445 1826 761 1896 Κείμενον.
784 1825 939 1880 Βιϐλ.
957 1823 1057 1891 λε’,
1080 1824 1187 1880 τίτ.
1217 1822 1286 1897 β’,
1317 1824 1461 1881 διάτ.
1495 1822 1566 1880 α’·
1597 1826 1709 1881 Καὶ
1735 1827 1830 1882 ἐπὶ
1856 1828 1973 1892 τοῖς

2084 617 2430 684 propositum
2475 624 2581 671 εει.
2634 612 2843 686 Digest.
2892 600 2964 669 '55
3033 615 3121 671 tit.
3190 616 3261 669 l2
3327 615 3425 669 lib.
3488 630 3556 669 XL
3608 623 3695 669 est

2086 706 2181 762 lib.
2209 722 2401 769 vatu,
2435 707 2523 761 tit.
2555 705 2611 774 8,
2642 720 2766 775 cap.
2804 706 2874 762 55
2903 723 2918 761 :
2954 705 3092 763 Cum
3121 707 3349 777 quidam
3390 706 3694 762 aediﬁcaret

2084 801 2418 865 oratorium,
2446 800 2748 856 destinavit
2782 800 2860 855 illi
2891 814 3104 865 servos,
3128 800 3185 855 hi
3210 800 3449 856 baeredis
3494 808 3691 856 erunt.

2084 892 2294 963 Digest.
2331 892 2364 947 5
2395 892 2481 947 tit.
2520 894 2545 947 1
2578 893 2674 949 lib.
2729 908 2861 961 xxiv
2912 903 2997 950 est
3038 893 3137 948 lib.
3166 892 3333 949 Basil.
3362 908 3492 958 xxx,
3524 891 3608 947 tit.
3633 893 3691 956 1,

2084 1002 2209 1056 cap.
2243 988 2297 1055 5,
2330 987 2515 1043 thema
2549 986 2604 1049 8,
2631 987 2780 1058 quod
2815 986 3013 1056 partim
3046 985 3123 1041 ita
3154 987 3341 1049 habet,
3374 995 3433 1041 ut
3457 986 3508 1039 in
3536 994 3689 1041 textu

2085 1081 2328 1149 positum
2403 1090 2509 1135 est.
2562 1078 2775 1151 Digest.
2832 1079 2902 1134 '57
2970 1079 3057 1135 tit.
3132 1078 3168 1132 2
3230 1079 3325 1133 lib.
3386 1094 3552 1134 xxxiv
3601 1087 3689 1133 est

2084 1169 2181 1226 lib.
2217 1185 2342 1225 xuv
2379 1168 2575 1235 Basil.,
2623 1169 2711 1224 tit.
2741 1168 2831 1236 l5,
2863 1183 2988 1239 cap.
3032 1168 3123 1233 57,
3155 1171 3338 1224 thema
3383 1170 3507 1233 ult.,
3538 1167 3687 1240 quod

2085 1262 2167 1318 sic
2199 1262 2404 1317 habet:
2450 1260 2507 1316 Si
2540 1261 2800 1327 dixerim,
2844 1271 2905 1316 ut
2940 1262 3073 1316 ﬁant
3115 1277 3313 1317 cruces
3364 1277 3431 1316 ex
3465 1274 3686 1317 centum

2083 1355 2264 1419 libris,
2298 1363 2354 1409 et
2383 1355 2439 1410 in
2478 1354 2573 1408 illa
2603 1368 2761 1410 sacra
2799 1354 2916 1410 aede
2944 1362 3279 1420 statuantur,
3323 1368 3385 1408 ac
3410 1369 3541 1408 vero
3563 1368 3686 1424 quae

2084 1449 2139 1504 in
2174 1463 2234 1504 ea
2265 1447 2509 1520 [cruces]
2542 1456 2692 1512 sunt,
2725 1462 2921 1503 omnes
2957 1456 3237 1519 argentea:
3266 1458 3319 1501 et
3345 1462 3500 1501 azrcaz
3518 1456 3672 1509 sunt,

2084 1545 2373 1609 argenteas
2404 1536 2587 1592 facere
2626 1537 2803 1592 haeres
2832 1546 3057 1608 cogetur
3093 1555 3105 1591 :
3144 1551 3254 1591 non
3284 1544 3471 1591 autem
3499 1550 3673 1590 aereas

2088 1641 2186 1687 aut
2214 1644 2413 1686 aureas
2436 1630 2571 1685 dare
2594 1627 2869 1702 [poterit].

2158 1817 2377 1872 Textus.
2409 1815 2530 1872 Lib.
2563 1833 2728 1881 xxxv,
2763 1816 2848 1872 tit.
2881 1816 2939 1880 Ω,
2965 1817 3166 1888 digest.
3209 1817 3234 1871 1
3263 1836 3277 1873 :
3310 1815 3367 1871 In
3413 1817 3501 1879 iis,
3537 1826 3644 1871 etc.
3675 1856 3691 1881 ,

375 1917 456 1989 τῷ
485 1917 609 1990 Θεῷ
633 1917 1120 1991 ληγατευομένοις,
1145 1935 1201 1975 κ.
1234 1935 1287 1973 τ.
1322 1916 1375 1973 λ.
1412 1934 1590 1992 usque
1614 1921 1685 1977 ad
1722 1922 1819 1978 καὶ
1842 1922 1970 1977 καθ’

2082 1930 2241 1985 usque
2264 1914 2332 1967 ad
2370 1914 2678 1981 monachis,
2710 1923 2808 1970 aut
2837 1914 3195 1985 pauperibus,
3223 1922 3282 1968 ut
3319 1930 3443 1985 pag.
3476 1913 3607 1970 570.

372 2009 574 2082 όμάδα.

443 2103 730 2173 Σχόλιον.
763 2102 839 2157 Τὸ
878 2102 925 2157 α’
956 2101 1099 2158 διάτ.
1156 2100 1251 2157 τοῦ
1280 2102 1326 2176 β’
1362 2103 1472 2161 τίτ.
1506 2103 1608 2159 τοῦ
1647 2104 1723 2159 λε’
1772 2105 1983 2178 βιϐλίου

370 2193 485 2247 τῶν
533 2195 714 2262 Attin,
746 2193 865 2249 ἔστι
913 2192 1120 2265 βιϐλίον
1151 2192 1241 2265 μα’
1294 2193 1404 2250 τῶν
1436 2196 1747 2252 Βασιλικῶν
1775 2198 1885 2254 τίτ.
1913 2195 1988 2265 α’,

371 2304 502 2357 κεφ.
528 2286 601 2355 α’,
637 2288 780 2360 θέμα
815 2286 887 2355 γ’,
916 2286 1075 2359 λέγον
1127 2289 1187 2345 ἐν
1228 2288 1387 2360 μέρει
1425 2289 1845 2359 φαλκιδιοῦσθαι
1885 2292 1983 2347 καὶ

370 2378 443 2432 τὰ
468 2377 548 2451 τῷ
574 2378 696 2450 Θεῷ
716 2378 1148 2451 λεγατευόμεναο
1177 2379 1423 2449 Ἔξωθεν
1456 2381 1515 2436 δὲ
1537 2381 1632 2437 τοῦ
1654 2381 1823 2438 αὐτοῦ
1849 2401 1978 2455 κεφ.

372 2471 542 2541 φησιν
562 2472 591 2525 6
618 2468 857 2535 Παλαιὸς
888 2469 1063 2524 ταῦτα
1085 2468 1285 2541 ῥητῶς.
1334 2469 1403 2523 Ἦ
1429 2470 1560 2542 περὶ
1582 2471 1858 2545 διαφόρων
1887 2490 1980 2527 κε-

373 2562 622 2633 φαλαίων
665 2561 1142 2635 ὲκκλησιαστικῶν
1201 2562 1317 2636 ρλα⁹
1376 2563 1550 2637 νεαρά
1603 2564 1668 2620 οὐ
1702 2566 1982 2639 συγχωρεῖ

371 2654 454 2727 τῷ
490 2653 783 2728 φαλικιδίῳ
824 2653 1263 2729 περικόπτεσθαι
1300 2655 1372 2711 τά
1400 2658 1483 2721 εἰς
1518 2656 1766 2723 εὐσεϐεῖς
1795 2658 1978 2723 αἰτίας

372 2747 808 2820 ληγατευόμενα.
828 2746 886 2802 '0
912 2747 970 2802 δὲ
998 2748 1328 2821 σχολιαστής
1359 2766 1519 2822 φησν
1546 2750 1760 2817 Ταῦτα,
1790 2746 1971 2823 οἶμαι,

372 2841 452 2905 ὡς
488 2840 551 2897 τὸ
583 2841 760 2913 παρὸν
813 2840 957 2896 διάτ.
1006 2841 1255 2916 ἀνῃρέθη
1295 2844 1451 2916 παρά
1502 2844 1600 2916 τῆς
1637 2843 1750 2916 ρλα⁹
1774 2845 1977 2919 νεαρᾶς

374 2933 475 3004 τῆς
507 2932 773 3005 κειμένης
800 2932 861 2987 ὲν
889 2932 970 3006 τῷ
997 2931 1046 3004 γ’
1070 2933 1179 2990 τίτ.
1231 2934 1327 2989 τοῦ
1348 2932 1390 2989 ε’
1416 2934 1626 3007 βιϐλίου
1654 2938 1749 2993 καὶ
1775 2938 1977 2995 αὐτίκα

370 3024 620 3080 διδάσκει
675 3026 1021 3099 πλατύτερον
1064 3026 1184 3093 πῶς
1230 3028 1476 3101 ἀνῃρέθη
1514 3031 1544 3084 6
1592 3029 1758 3103 νόμος
1797 3024 1975 3097 οὗτος.

370 3119 487 3174 Καὶ
535 3118 712 3175 ταῦτα
754 3122 855 3193 μὲν
890 3117 1048 3175 εἷπον
1091 3122 1120 3175 6
1156 3120 1486 3193 σχολιαστὴς
1511 3123 1609 3177 καὶ
1651 3125 1681 3179 6
1710 3125 1972 3191 Παλαιός⁸

370 3212 501 3283 ἐμοὶ
546 3212 605 3267 δὲ
647 3212 802 3268 δοκεῖ
856 3213 940 3268 ὃτι
967 3214 1029 3267 οὐ
1060 3212 1246 3278 καλῶς
1287 3214 1473 3280 αὐτοῖς
1506 3213 1887 3291 ὲξελήφθησαν
1908 3220 1977 3277 τά

366 3307 474 3377 τῆς
530 3308 758 3379 νεαρᾶς.
818 3306 956 3362 Οὐδὲ
1011 3306 1123 3379 γὰρ
1177 3307 1542 3383 ἀδιαστίκτως
1592 3310 1972 3381 ἀφαλκιδίωτα

366 3397 607 3453 δίδονται
628 3397 701 3452 τὰ
725 3398 806 3464 εἰς
832 3397 1048 3463 ἀσεϐεῖς
1077 3396 1258 3462 αἰτίας
1287 3398 1745 3470 καταλειφθέντω
1775 3402 1893 3458 ἀλλ’
1916 3404 1969 3460 εί

370 3489 479 3562 μὲν
509 3491 1057 3563 καιροπραγμονήσει
1086 3492 1115 3545 6
1141 3490 1485 3563 κληρονόμος
1512 3492 1643 3565 περὶ
1681 3493 1782 3567 τὴν
1821 3495 1971 3553 δόσιν

362 3580 469 3636 τοῦ
520 3582 975 3654 ληγατευθέντος,
1039 3581 1308 3637 ἀπόλλυσι
1353 3582 1446 3638 τὸν
1495 3585 1772 3657 ἀνήκοντα
1792 3587 1970 3661 τούτῳ

362 3672 677 3743 φαλκίδιον,
711 3674 807 3728 καὶ
824 3672 1010 3728 δίδωσι
1038 3674 1110 3729 τὰ
1138 3674 1572 3747 ληγατευθέντα,
1610 3677 1687 3744 ὡς
1719 3680 1753 3751 ή
1796 3682 1971 3754 νεαρά

365 3782 561 3835 φησιν·
597 3767 645 3821 εί
679 3767 736 3822 δὲ
770 3768 1184 3841 εὐγνωμονήσει
1210 3772 1357 3844 ,περὶ
1397 3772 1499 3845 τὴν
1542 3773 1693 3830 δόσιν
1737 3777 1969 3847 τούτων,

362 3858 646 3930 λαμϐάνει
674 3858 767 3914 τὸν
793 3861 1072 3933 ἀνήκοντα
1100 3863 1253 3935 αὐτῷ
1282 3864 1589 3933 φαλκίδιον.
1617 3868 1759 3940 Φησὶ
1788 3872 1897 3944 γὰρ
1930 3873 1964 3945 ἡ

364 3949 515 4023 αὑτὴ
559 3951 731 4024 νεαρά
766 3952 999 4025 κειμένη
1054 3955 1115 4009 ὲν
1162 3954 1354 4028 βιϐλίῳ
1398 3956 1462 4023 ε’,
1488 3958 1598 4015 τίτ.
1635 3958 1707 4027 γ’,
1738 3978 1865 4032 κεφ.
1899 3962 1965 4032 θ’,

360 4040 516 4095 οὕτω
545 4041 751 4114 ῥητῶς*
781 4043 845 4097 El
870 4042 929 4097 δέ
954 4045 984 4098 6
1009 4044 1347 4119 κληρονόμος
1377 4046 1446 4101 τὰ
1476 4049 1556 4113 είς
1585 4050 1835 4116 εὐσεϐεῖς
1879 4054 1967 4109 αῖ-

360 4131 497 4195 τίας
533 4133 1013 4205 καταλελειμμένα
1046 4136 1123 4207 μὴ
1157 4135 1435 4208 πληρώσει
1455 4136 1632 4207 λέγων
1668 4140 1767 4213 τὴν
1793 4158 1968 4198 κατα-

359 4222 690 4293 λειφθεῖσαν
740 4224 893 4297 αὑτῷ
922 4226 1244 4299 περιουσίαν
1274 4229 1351 4302 μὴ
1383 4231 1576 4301 ἀρκεῖν
1623 4232 1705 4297 είς
1736 4233 1964 4306 ταύτας,

362 4315 579 4381 παντὸς
620 4315 714 4371 τοῦ
763 4318 830 4371 ὲκ
885 4319 980 4373 τοῦ
1020 4320 1305 4389 φαλκιδίου
1350 4322 1576 4393 κέρδους
1608 4324 1965 4396 σχολάζονται

357 4402 700 4474 ὀσονδήποτε
733 4405 929 4479 εὑρεθῇ
954 4408 1013 4461 ὲν
1059 4411 1125 4481 τῇ
1160 4409 1387 4485 τοιαύτῃ
1423 4413 1606 4485 οὐσίᾳ,
1654 4420 1966 4490 προχωρεῖν

366 4496 605 4569 προνοίᾳ
626 4496 724 4551 τοῦ
754 4498 1065 4569 ἀγιωτάτου
1090 4501 1200 4556 τῶν
1220 4504 1404 4559 τόπων
1437 4507 1742 4563 ἐπισκόπου
1766 4511 1965 4578 εἰςτὰς

365 4588 556 4654 αἰτίας
607 4592 688 4654 εἰς
723 4590 792 4656 ἃς
826 4593 1274 4651 καταλέλειπται.
1304 4598 1469 4669 Ζήτει
1514 4601 1614 4654 καὶ
1662 4601 1726 4655 τὸ
1769 4604 1893 4660 ὅλον
1922 4602 1966 4659 θ’

368 4697 527 4752 κεφ.,
587 4683 684 4737 καὶ
725 4683 1005 4755 ἀνάγνωθι
1035 4686 1169 4742 αὐτὸ
1189 4689 1494 4758 ἀναγκαῖον
1526 4691 1609 4747 δν.
1639 4695 1715 4749 Τὸ
1745 4694 1792 4767 β’
1814 4697 1961 4754 διάτ.

364 4776 467 4830 τοῦ
500 4774 567 4846 ιβ’
599 4778 731 4846 τίτ.,
755 4777 850 4833 τοῦ
881 4778 923 4832 ν’
947 4779 1155 4850 βιϐλίου
1195 4779 1304 4835 τῶν
1362 4782 1517 4838 Διάτ.
1578 4784 1700 4841 ἐστὶ
1764 4786 1973 4858 βιϐλίον

366 4869 482 4924 τῶν
498 4870 806 4925 Βασιλικῶν
824 4872 915 4939 νδ’,
942 4873 1050 4928 τίτ.
1077 4871 1161 4940 ιδ’,
1190 4891 1318 4944 κεφ.
1342 4873 1409 4945 β’,
1441 4875 1617 4942 οὕτως
1643 4877 1768 4950 έχον
1794 4880 1871 4946 ὡς
1889 4882 1972 4946 είς

365 4962 435 5019 τὸ
481 4963 737 5037 κείμενον
780 4966 1022 5039 ἐγράφη.
1060 4968 1128 5021 Ἦ
1156 4974 1206 5023 α’
1232 4968 1401 5037 διάτ.,
1431 4969 1528 5024 τοῦ
1584 4969 1633 5042 β’
1657 4972 1766 5027 τίτ.
1791 4973 1886 5028 τοῦ
1922 4973 1971 5028 α’

370 5055 606 5129 βιϐλίου,
631 5055 727 5111 τοῦ
757 5056 1009 5123 Κώδικός
1044 5059 1305 5128 ἐστικεφ.
1338 5066 1410 5127 α’,
1432 5059 1527 5114 τοῦ
1562 5058 1611 5115 α’
1660 5062 1766 5119 τίτ.
1791 5064 1890 5118 τοῦ
1930 5060 1972 5118 ε’

369 5147 605 5220 βιϐλίου,
638 5150 813 5215 οὕτως
833 5149 954 5222 ἕχον
974 5150 1050 5214 ὡς
1071 5151 1153 5217 είς
1176 5151 1236 5205 τὸ
1264 5152 1519 5224 κείμενον
1543 5155 1884 5228 συνωψίσθη.
1903 5157 1972 5211 Ἦ

371 5239 446 5311 ιγ’
476 5242 616 5298 διάτ.
664 5244 762 5298 τοῦ
816 5242 984 5299 αὐτοῦ
1020 5243 1129 5301 τίτ.
1160 5244 1258 5298 καὶ
1289 5244 1501 5317 βιϐλίου
1532 5246 1636 5303 οὐκ
1683 5247 1846 5320 ἐτέθη
1889 5248 1973 5314 είς

365 5335 442 5389 τὰ
476 5334 766 5391 Βασιλικά.

442 5428 756 5499 Κείμενον.
807 5431 961 5487 Διάτ.
996 5428 1084 5486 ιϐ’·
1110 5431 1179 5486 Δί
1206 5432 1495 5506 γινόμεναι
1548 5434 1713 5506 μέχρι
1737 5439 1745 5454 ⁵
1769 5433 1822 5506 φ’
1852 5452 1971 5490 ννοα

370 5522 690 5594 μισ-μάτων,
726 5541 782 5579 κ.
811 5542 863 5580 τ.
888 5524 965 5594 λ.,
986 5540 1165 5597 usque
1193 5526 1263 5583 ad
1295 5527 1461 5582 οίκων
1491 5527 1760 5601 λαμϐάνει
1788 5528 1971 5600 τδζκα-

365 5614 684 5687 ταλειφθέν.

442 5709 724 5779 Σχόλιον,
768 5709 836 5765 Ἥ
872 5709 935 5767 ιθ¹
970 5711 1114 5769 διάτ.
1144 5711 1240 5769 τοῦ
1291 5711 1333 5786 β’
1364 5713 1496 5781 τίτ.,
1531 5713 1629 5769 τοῦ
1656 5720 1705 5769 α’
1760 5714 1969 5787 βιϐλίου

363 5800 465 5858 τοῦ
501 5800 753 5868 Κώδικός
780 5805 898 5858 ἐστι
932 5822 1061 5877 κεφ.
1090 5805 1141 5878 η’
1190 5805 1285 5862 τοῦ
1329 5813 1379 5861 α’
1429 5805 1535 5863 τίτ.
1566 5806 1661 5861 τοῦ
1685 5806 1725 5861 ε’
1759 5807 1970 5879 βιϐλίου

367 5893 482 5951 τῶν
512 5894 841 5967 Βασιλιδῶν,
890 5897 1067 5965 οὕτως
1121 5899 1246 5972 ἔχον
1300 5900 1597 5967 ὲπιλέξεων
1652 5901 1728 5969 ὡς
1772 5904 1854 5968 εἰς
1907 5902 1969 5958 τὸ

2163 2098 2459 2155 Scholium.
2495 2098 2701 2171 Digest.
2734 2098 2761 2154 1
2807 2099 2893 2155 tit.
2945 2098 2984 2154 2
3040 2098 3139 2155 lib.
3176 2114 3322 2154 xxxv
3354 2097 3564 2169 Digest.
3606 2106 3691 2154 est

2088 2193 2186 2249 lib.
2224 2209 2313 2248 xu
2347 2192 2544 2259 Basil.,
2573 2192 2659 2248 tit.
2700 2192 2756 2258 1,
2781 2206 2905 2263 cap.
2944 2192 2997 2257 1,
3030 2193 3216 2248 thema
3243 2193 3297 2258 5,
3323 2191 3469 2263 quod
3490 2190 3688 2261 partim

2092 2290 2248 2357 dicit,
2284 2288 2451 2343 etiam
2478 2303 2605 2359 quae
2649 2288 2764 2343 Deo
2811 2286 3091 2358 legantur,
3141 2285 3403 2342 Falcidiae
3446 2285 3687 2342 obnoxia

2087 2397 2236 2439 esse.
2269 2381 2473 2439 Verum
2498 2381 2555 2435 in
2572 2380 2787 2437 scholio
2814 2380 2883 2436 ad
2923 2380 3069 2436 idem
3104 2395 3229 2451 cap.
3266 2379 3405 2435 dicit
3438 2380 3554 2436 haec
3584 2395 3685 2435 ex-

2086 2491 2277 2547 presse
2307 2475 2561 2531 Palaeus:
2604 2474 2684 2531 De
2714 2474 2949 2531 diversis
2987 2473 3381 2531 ecclesiasticis
3432 2472 3689 2545 capitulis

2088 2568 2300 2625 novella
2336 2568 2433 2625 151
2474 2583 2584 2623 non
2612 2566 2881 2638 permittit
2940 2564 3183 2621 Falcidia
3224 2564 3422 2633 accidi,
3462 2579 3585 2634 quae
3627 2564 3684 2617 in

2087 2661 2211 2733 pias
2238 2675 2439 2716 causas
2466 2660 2642 2731 legata
2669 2668 2822 2716 sunt.
2847 2658 3187 2715 Scholiastes
3217 2673 3348 2714 vero
3378 2657 3495 2713 haec
3515 2656 3684 2713 dicit:

2087 2751 2361 2809 Existimo
2388 2766 2631 2824 praesens
2664 2750 2820 2824 [hoc]
2850 2750 3123 2822 digestum
3155 2750 3480 2820 abrogatum
3508 2763 3631 2804 esse
3655 2763 3687 2802 a

2088 2844 2304 2900 novella
2336 2845 2463 2910 151,
2497 2858 2621 2914 quae
2641 2842 2819 2915 posita
2847 2852 2929 2898 est
2961 2842 3014 2897 in
3042 2840 3126 2898 tit.
3166 2842 3221 2897 5.
3252 2841 3347 2896 lib.
3385 2857 3439 2905 γ,
3470 2852 3525 2895 ει
3556 2854 3687 2893 mox

2088 2935 2257 2992 latius
2296 2936 2477 3003 docet,
2509 2933 2789 3006 quomodo
2818 2933 2935 2990 haec
2963 2933 3049 2990 lex
3081 2934 3344 3005 abrogata
3378 2933 3469 2988 sit.
3504 2932 3685 3000 Atque

2089 3030 2209 3086 lucc
2251 3029 2473 3100 quidem
2525 3028 2785 3083 dixerunt
2832 3026 3159 3083 scholiastes
3204 3035 3259 3082 et
3287 3024 3519 3081 Palmus.
3548 3022 3680 3077 Mihi

2086 3132 2271 3179 autem
2294 3122 2526 3187 videtur,
2562 3122 2686 3177 illos
2717 3136 2827 3176 non
2848 3129 2996 3175 recte
3017 3118 3291 3174 novellam
3318 3116 3659 3172 intellexisse

2090 3216 2210 3273 Non
2240 3216 2389 3273 enim
2418 3214 2736 3271 indistincte
2767 3223 2981 3269 retenta
3012 3210 3257 3267 Falcidia
3286 3210 3509 3275 dantur,
3550 3222 3670 3279 quae

2090 3313 2145 3368 in
2172 3312 2292 3383 pias
2326 3325 2525 3367 causas
2547 3309 2737 3365 relicta
2771 3317 2921 3365 sunt.
2962 3307 3069 3363 Sed
3101 3305 3147 3362 si
3192 3306 3370 3361 haeres
3397 3302 3583 3359 dolum
3622 3302 3677 3355 in

2089 3402 2289 3461 dandis
2322 3400 2517 3472 legatis
2552 3400 2880 3467 committat,
2909 3396 3088 3469 perdit
3127 3402 3527 3465 competentem
3573 3389 3677 3443 sibi

2088 3496 2511 3565 Falcidiam,“et
2557 3495 2651 3551 dat
2703 3494 2905 3565 legata,
2956 3487 3424 3562 quemadmodum
3466 3483 3683 3539 novella

2088 3591 2265 3649 dicit:
2299 3590 2348 3647 si
2382 3605 2511 3646 vero
2545 3588 2718 3660 probe
2770 3588 2823 3643 in
2866 3585 2975 3641 illis
3003 3582 3201 3641 dandis
3232 3587 3509 3645 versetur,
3554 3592 3681 3648 per-

2087 3684 2223 3756 cipit
2268 3690 2672 3754 competentem
2708 3680 2815 3737 sibi
2859 3677 3183 3734 Falcidiam.
3217 3673 3490 3745 Loquitur
3531 3670 3681 3726 enim

2088 3778 2209 3849 ipsa
2248 3776 2483 3842 novella,
2520 3775 2618 3831 lib.
2652 3790 2708 3840 v,
2745 3775 2828 3830 tit.
2858 3773 2913 3841 5,
2945 3785 3075 3842 cap.
3107 3769 3161 3837 9,
3188 3767 3393 3840 posita,
3421 3766 3566 3821 hunc
3612 3764 3682 3818 ad

2087 3872 2311 3927 modum
2340 3868 2619 3940 expressis
2646 3867 2865 3922 verbis:
2898 3863 2956 3921 Si
3001 3878 3133 3920 vero
3162 3861 3342 3918 haeres
3370 3876 3435 3916 ea
3476 3873 3600 3930 quae
3627 3857 3682 3913 in

2085 3966 2206 4040 pias
2254 3978 2452 4040 causas
2506 3962 2698 4018 relicta
2746 3968 2900 4024 sunt,
2958 3973 3070 4014 non
3127 3956 3397 4027 impleat,
3464 3953 3677 4016 dicens,

2086 4037 2197 4115 non
2249 4037 2500 4115 sufficere
2538 4055 2603 4111 ad
2646 4054 2747 4109 has
2784 4052 3033 4108 relictum
3086 4050 3193 4107 sibi
3238 4047 3676 4120 patrimonium:

2075 4150 2334 4223 jubemus
2412 4155 2476 4203 ut
2522 4145 2673 4203 omni
2724 4145 2879 4199 lucro
2936 4143 3086 4214 quod
3135 4157 3205 4197 ex
3250 4140 3493 4195 Falcidia
3550 4153 3678 4209 pro-

2081 4242 2522 4307 venitvacante,
2574 4237 2803 4309 quiquid
2853 4235 2907 4291 in
2960 4233 3277 4305 hujusmodi
3319 4230 3679 4287 facultatibus

2081 4336 2365 4391 inventum
2419 4330 2605 4394 fuerit,
2662 4327 3005 4401 providentia
3045 4323 3381 4383 sanctissimi
3428 4322 3675 4378 locorum

2076 4425 2320 4499 episcopi
2373 4432 2552 4479 totum
2590 4423 2644 4477 in
2693 4437 2932 4487 causas,
2978 4419 3049 4475 ad
3096 4434 3236 4491 quas
3287 4417 3538 4474 relictum
3568 4427 3673 4483 est,

2078 4520 2359 4593 procedat.
2400 4517 2631 4585 Quaeras
2664 4531 2796 4572 vero
2830 4523 3009 4569 totum
3058 4514 3091 4570 9
3136 4528 3257 4584 cap.
3303 4521 3468 4581 atque
3501 4511 3672 4584 legas,

1995 4632 2050 4692 Ι)
2078 4625 2203 4666 cum
2253 4604 2522 4682 [cognitu]
2584 4604 2962 4660 necessarium
3005 4601 3095 4658 sit.
3137 4600 3344 4672 Digest.
3397 4600 3433 4655 2
3490 4601 3573 4654 tit.
3610 4600 3677 4653 12

2076 4705 2173 4760 lib.
2212 4719 2244 4757 ι.
2289 4701 2499 4771 Digest.
2543 4706 2627 4754 est
2656 4698 2752 4754 lib.
2814 4696 2979 4751 Basil.
3013 4711 3133 4763 LIV,
3178 4695 3262 4750 tit.
3303 4695 3372 4750 14
3397 4734 3412 4760 ,
3457 4708 3580 4764 cap.
3617 4694 3675 4754 2.

2077 4797 2223 4871 quod
2271 4796 2351 4852 sic
2392 4794 2590 4860 habet,
2638 4800 2703 4848 ut
2750 4791 2806 4847 in
2858 4798 3012 4846 textu
3064 4788 3330 4859 scriptum
3382 4794 3485 4842 est.
3529 4786 3677 4842 Con-

2077 4892 2195 4948 stit.
2259 4889 2287 4945 1
2336 4887 2453 4944 :tit.
2504 4886 2542 4941 2
2604 4884 2702 4941 lib.
2773 4900 2789 4940 ι
2860 4883 2994 4939 Cod.
3069 4889 3153 4936 est
3235 4895 3356 4951 cap.
3422 4879 3444 4933 1
3518 4879 3669 4935 ιίι.1

2078 4984 2176 5040 lib.
2209 4999 2265 5050 τ,
2302 4980 2448 5053 quod
2480 4979 2555 5035 ita
2589 4977 2779 5040 habet,
2827 4986 2885 5032 ut
2914 4976 2969 5031 in
3006 4982 3157 5030 textu
3192 4974 3298 5029 sub
3342 4972 3673 5043 compendio

2081 5079 2169 5126 est
2218 5066 2587 5141 propositum.
2623 5064 2818 5122 Const.
2856 5063 2926 5120 15
2977 5062 3226 5133 ejusdem
3266 5061 3348 5118 tit.
3393 5070 3446 5117 et
3487 5060 3584 5116 lib.
3620 5062 3675 5116 in

2078 5162 2246 5220 Basil.
2280 5177 2391 5217 non
2419 5168 2502 5217 est
2526 5158 2729 5232 posita.

2134 5433 2354 5489 Texlus.
2386 5432 2578 5489 Const.
2609 5431 2675 5489 l9
2697 5449 2711 5487 :
2733 5428 2868 5498 Quae
2894 5428 3245 5497 donationes,
3270 5437 3401 5498 etc.,
3424 5445 3588 5499 usque
3607 5430 3676 5484 ad

2075 5529 2289 5599 accepit
2314 5527 2588 5596 relictum,
2618 5535 2675 5583 ut
2714 5542 2840 5597 pag.
2869 5524 3126 5582 570-571.

2147 5716 2444 5775 Scliolium.
2470 5715 2665 5775 Const.
2713 5718 2781 5775 19
2821 5715 2966 5772 tit.2
3018 5716 3117 5772 lib.
3173 5729 3191 5771 ι
3230 5714 3366 5771 Cod.
3389 5722 3475 5770 est
3495 5728 3614 5783 cap.
3644 5713 3677 5769 8

2077 5813 2160 5870 tit.
2181 5814 2207 5868 1
2230 5813 2377 5870 lib.v
2406 5812 2599 5882 Basil.,
2620 5812 2765 5883 quod
2795 5812 2877 5869 sic
2909 5812 2977 5867 ad
3004 5811 3230 5867 verbum
3258 5810 3446 5874 habet,
3468 5824 3672 5880 quem-

2076 5906 2373 5965 admodum
2411 5906 2466 5964 in
2524 5914 2672 5965 textu
2733 5904 2999 5976 scriptum
3053 5912 3158 5962 est.
3187 5902 3325 5961 Nota
3350 5918 3503 5967 vero,
3526 5903 3674 5973 quod
