4146 6454
498 412 630 476 1013

1672 400 1939 467 ΡΗΟΤΙΙ
1980 402 2492 465 ΡΑΤΙΠΑΗΟΗᾹΞ
2528 403 2638 465 CP.
2710 396 2723 407 ’

3661 398 3795 469 1014

490 532 668 582 1³01151.
698 522 790 592 2:2,
818 522 877 578 in
910 523 1008 579 lib.
1058 537 1110 587 ι’,
1146 521 1230 578 111.
1271 521 1321 589 1,
1352 536 1477 593 cap.
1508 520 1597 589 10,
1644 518 1824 590 posita
1854 526 1959 583 est,
1992 532 2084 572 ve-

2194 517 2450 589 κείμενον
2513 518 2752 591 ἐγράφη.
2811 518 3130 591 Σημείωσαι
3175 520 3237 575 δὲ
3280 519 3363 576 ὅτι
3417 518 3454 592 ἡ
3509 516 3593 589 κβ⁹
3654 520 3793 576 διάτ.

492 624 803 670 iumtamen
837 628 946 667 non
981 622 1035 667 ut
1068 612 1122 667 in
1151 619 1297 666 textu
1327 610 1583 674 habetur,
1616 608 1710 664 sed
1735 606 1916 661 aliter.
1944 605 2090 661 Dicit

489 704 636 757 enim
674 720 686 756 :
723 700 801 755 Nc
832 702 1176 756 describatur
1206 699 1463 763 ecclesia,
1497 706 1583 751 aut
1618 695 1955 751 venerabilis
1980 694 2084 749 do-

492 812 639 860 mus,
682 803 777 848 aut
804 794 1203 847 monasterium
1238 794 1289 843 in
1339 790 1576 843 lucrum.
1612 788 1855 843 Observa
1914 787 2085 858 igitur

494 888 617 949 1100,
644 883 788 954 quod
821 884 1052 936 multum
1088 881 1338 934 utilitatis
1362 880 1543 944 atl‘erl,
1575 880 1841 933 adversus
1870 893 1967 934 eos
1989 877 2086 948 qui

498 977 837 1035 monasmria
871 976 1102 1039 donant,
1137 984 1189 1028 ct
1218 972 1460 1028 vendunt
1488 982 1583 1027 aut
1627 981 1822 1027 emunt
1853 987 2085 1027 venera-

495 1074 633 1129 biles
682 1076 898 1125 1111111115.
943 1069 1138 1124 Const.
1176 1068 1244 1123 9.3
1294 1080 1348 1124 et
1381 1068 1452 1122 25
1502 1068 1555 1121 111
1591 1066 1759 1123 Basil.
1798 1082 1907 1121 11011
1938 1070 2092 1129 {sunt

492 1165 702 1236 positae.
753 1161 832 1216 Tu
887 1175 1017 1216 vero
1074 1162 1220 1216 scias
1255 1160 1426 1231 quod,
1488 1160 1705 1213 tametsi
1760 1158 1850 1212 illa
1901 1166 2086 1213 const.

492 1262 720 1319 statuat,
772 1251 891 1307 solo
939 1260 1159 1306 centum
1205 1264 1482 1304 annorum
1532 1248 1819 1303 curriculo
1853 1262 2085 1302 venera-

495 1348 628 1403 biles
658 1346 856 1401 domus
888 1344 1079 1415 rejici:
1112 1342 1352 1416 [contra]
1395 1352 1577 1397 tamen
1626 1341 1650 1395 1
1701 1356 1825 1412 cap.
1858 1339 2088 1395 novella:

500 1435 595 1490 111
650 1433 973 1498 Justiniani,
1013 1434 1128 1488 sive
1176 1432 1280 1487 ult.
1332 1446 1455 1501 cap.
1503 1430 1587 1486 tit.
1613 1431 1669 1496 2,
1700 1429 1798 1484 lib.
1833 1444 1864 1483 v
1918 1428 2087 1483 Basil.

497 1530 810 1585 1110011111ωο
832 1528 997 1583 verba
1017 1525 1230 1584 sanciat
1250 1522 1438 1579 :Nulla
1462 1524 1627 1589 actio,
1644 1538 1766 1593 quae
1788 1521 2090 1577 venerabili

490 1622 730 1693 cuipiam
762 1621 952 1677 domui
996 1619 1281 1690 competit,
1331 1618 1448 1673 sive
1490 1616 1800 1687 personalis
1832 1616 1947 1671 sive
1986 1615 2089 1686 hy-

492 1716 808 1788 pothecaria
846 1716 939 1780 sit,
968 1712 1314 1770 transcendit
1349 1710 1719 1783 quadraginta
1743 1724 1926 1765 annos
1950 1717 2092 1764 tem-

490 1810 763 1881 poralium
784 1806 1286 1878 praescriptionum,
1304 1818 1426 1871 qua:
1451 1802 1750 1872 unicuique
1772 1800 2088 1857 istiusmodi

2196 607 2356 678 ἐτέθη
2382 610 2462 672 είς
2488 608 2695 679 βιϐλίον
2726 608 2789 676 ε’,
2820 611 2927 667 τίτ.
2967 610 3039 678 α’,
3067 629 3194 683 κεφ.
3237 609 3292 675 ι’,
3317 610 3459 681 πλὴν
3486 610 3584 683 οὐχ
3615 611 3691 675 ὡς
3717 612 3793 678 είς

2195 702 2254 755 τὸ
2288 701 2545 773 κείμενον
2579 705 2781 769 κεῖται,
2832 703 2971 760 ἀλλὰ
3001 704 3214 769 ἄλλωςι
3248 704 3381 775 φησὶ
3408 702 3540 775 γάρ’
3563 703 3655 775 Μὴ
3680 704 3794 759 δια-

2197 794 2495 867 γραφέσθω
2526 796 2816 868 ἐκκλησία,
2851 796 2884 869 ἢ
2917 797 3151 865 εὐσεϐὴς
3181 792 3331 861 οἶκος
3371 796 3405 868 ἢ
3438 797 3791 869 μοναστήριον

2198 889 2293 943 ἐπὶ
2318 890 2521 963 κέρδει.
2554 891 2872 963 Σημείωσαι
2908 886 3002 945 οὖν
3043 890 3203 945 τοῦτο
3233 889 3407 944 πολλὰ
3462 888 3791 961 χρησιμεῦον

2199 982 2279 1047 είς
2302 984 2429 1047 τοὺς
2457 984 2913 1056 ἐκπροικίξοντας
2944 985 3307 1057 μοναστήρια,
3354 984 3448 1037 καλ⁵
3486 983 3793 1048 πωλοῦντας

2197 1076 2293 1129 καὶ
2328 1074 2710 1148 ἀγοράζοντας
2745 1077 2964 1147 εὐαγεῖς
3002 1078 3206 1142 οἴκους.
3249 1077 3318 1130 Ἥ
3340 1074 3423 1145 κγ’
3451 1076 3592 1131 διάτ.
3638 1076 3729 1130 καὶ
3757 1078 3789 1147 ἡ

2195 1167 2295 1235 κε’,
2351 1170 2453 1223 οὐκ
2509 1169 2779 1242 ἐτέθησαν
2822 1170 2904 1235 είς
2948 1171 3017 1224 τὰ
3052 1168 3339 1225 Βασιλικά.
3374 1170 3447 1224 Σὺ
3477 1168 3533 1223 δέ
3558 1168 3789 1238 γίνωσκε

2194 1264 2277 1316 ὅτι
2298 1261 2399 1316 κᾶν
2424 1263 2457 1333 ἡ
2492 1261 2718 1334 τοιαύτη
2736 1262 2880 1318 διάτ.
2900 1262 3208 1335 διορίζηται
3234 1262 3372 1334 μόνῃ
3406 1259 3786 1332 ὲκατονταετίᾳ

2193 1356 2321 1418 τοὺς
2348 1356 2570 1424 εὐαγεῖς
2615 1357 2799 1421 οἴκους
2845 1355 3232 1420 ἐκϐάλλεσθαι,
3285 1354 3426 1410 ἀλλὰ
3456 1357 3518 1409 τδ
3546 1353 3593 1411 α’
3626 1371 3778 1425 κεφ.,

2192 1452 2293 1523 τῆς
2330 1448 2435 1523 ρια’
2478 1452 2916 1506 Ἰουστινιανείου
2960 1452 3164 1523 νεαρᾶς
3215 1451 3338 1522 ἦτοι
3374 1449 3435 1504 τὸ
3483 1448 3789 1503 τελευταῖον

2194 1562 2320 1615 κεφ.
2343 1545 2437 1601 τοῦ
2460 1544 2504 1618 β’
2554 1545 2661 1601 τίτ.
2714 1545 2810 1600 τοῦ
2838 1543 2876 1599 ε’
2910 1545 3119 1616 βιϐλίου
3164 1544 3275 1600 τῶν
3296 1542 3599 1599 Βασιλικῶν
3622 1540 3789 1597 ταῦτα

2196 1638 2377 1709 ῥητῶς
2438 1638 2686 1704 θεσπίζει
2712 1655 2726 1670 ⁸
2759 1640 2921 1694 Πᾶσα
2963 1638 3158 1710 ἀγωγὴ
3199 1638 3556 1709 προσήκοντα
3611 1633 3787 1705 σεπτῷ

2194 1732 2351 1802 οἴκῳ,
2388 1730 2500 1785 εἴτε
2550 1730 2883 1803 προσωπικὴ
2933 1731 3046 1785 εἴτε
3074 1728 3445 1800 ὐποθηκάριός
3492 1728 3662 1793 ἐστιν,
3690 1726 3786 1796 οὐχ

2196 1824 2516 1895 ὑπερϐαίνει
2559 1825 2628 1880 τὰ
2670 1823 2722 1896 μ’
2757 1825 2853 1894 ἐτη
2874 1823 2984 1877 τῶν
3017 1820 3373 1894 ἀρμοζουσῶν
3414 1820 3625 1891 ἑκάστῳ
3660 1820 3788 1891 οἴκῳ

492 1921 665 1961 sacrm
704 1902 894 1958 domui
934 1908 1274 1971 competunt,
1318 1910 1373 1955 et
1420 1896 1641 1969 quidem
1687 1910 1788 1952 sua
1836 1903 2082 1966 tempora

2194 1918 2417 1991 τοιούτῳ
2444 1920 2638 1988 εὐαγεϊ
2664 1917 3023 1989 προσκαίρων
3045 1914 3452 1989 παραγραφῶν,
3489 1915 3788 1986 φυλαττου-

490 2006 735 2055 ΘΘῙῚἪΠΙ.

561 2093 777 2148 Textus.
812 2089 880 2145 Et
912 2086 1306 2159 tit.5ejusdem
1330 2085 1451 2154 lib.,
1471 2082 1759 2151 consult,
1780 2082 1855 2137 ait
1885 2090 2086 2146 ratum,

480 2197 612 2249 etc.,
674 2202 837 2256 usq‘te
893 2182 961 2238 ad
1013 2180 1205 2236 Const.
1251 2179 1323 2234 5’5
1385 2177 1629 2253 [tradit],
1682 2188 1737 2231 ut
1796 2192 1923 2247 pag.
1979 2172 2086 2229 572

493 2277 620 2332 574.

559 2390 850 2448 Sclwlium.
868 2391 1061 2446 Const.
1077 2390 1167 2455 24,
1185 2388 1270 2443 111.
1289 2389 1322 2442 ’5
1336 2386 1429 2442 111).
1447 2403 1463 2441 ι
1480 2384 1615 2441 Cod.
1635 2395 1717 2440 est
1735 2382 1983 2445 lib..\’LlV,
2004 2381 2087 2435 tit.

490 2484 579 2549 18,
594 2500 714 2554 cap.
740 2483 831 2539 51.
861 2482 977 2536 Non
1006 2491 1185 2536 autem
1210 2481 1263 2535 in
1283 2478 1706 2549 Basil.positu:n
1734 2486 1838 2540 est,
1871 2483 1929 2529 ut
1949 2474 2085 2529 Cod.

492 2577 678 2643 tradit,
706 2578 799 2631 sed
835 2575 969 2631 dicit
1006 2575 1136 2629 illud
1175 2574 1247 2628 ita
1285 2590 1298 2627 :
1332 2570 1489 2638 Quod
1541 2569 1875 2640 pauperibus
1908 2566 2080 2621 relin-

486 2666 694 2736 quitur,
719 2682 786 2719 ne
809 2665 1077 2719 incertum
1099 2663 1462 2718 existimator.
1489 2660 1681 2715 Const.
1710 2657 1781 2711 ‘28
1837 2657 1891 2711 in
1915 2654 2085 2710 Basil.

490 2771 599 2809 non
656 2766 738 2809 051
790 2753 988 2823 posita.
1044 2752 1234 2806 Const.
1284 2750 1337 2815 5,
1380 2749 1463 2803 111.
1514 2747 1549 2802 2
1583 2746 1963 2811 Novellarum,
2000 2752 2086 2798 est

491 2847 703 2903 novella
734 2844 1034 2902 Justiniani
1070 2843 1165 2899 151
1201 2841 1310 2915 [ac]
1359 2842 1537 2913 posita
1571 2838 1703 2913 [051]
1736 2840 1788 2893 111
1841 2838 1940 2893 lib.
1982 2836 2084 2891 Ba-

487 2940 580 2995 sil.
612 2954 667 3003 v,
702 2938 783 2993 tit.
820 2937 875 3003 '5,
929 2952 1055 3008 cap.
1101 2934 1156 3001 8,
1209 2938 1356 3005 quod
1392 2934 1474 2989 sic
1526 2933 1686 2987 habet
1722 2950 1736 2987 :
1776 2930 1884 2987 Sed
1936 2940 1989 2985 01
2037 2928 2083 2983 si

486 3033 613 3102 quis
665 3047 765 3102 pro
816 3029 1199 3099 redemptione
1261 3026 1630 3097 captivorum,
1683 3032 1779 3079 aut
1820 3022 2083 3078 alimonia

488 3138 817 3195 pauperum,
850 3123 1228 3179 hereditatem
1260 3122 1341 3175 vel
1374 3120 1639 3190 legatum,
1671 3117 1725 3171 in
1759 3116 1926 3171 rebus
1954 3130 2077 3170 1111)-

488 3220 713 3285 bilibus,
778 3226 875 3272 aut
923 3230 1046 3271 sese
1094 3214 1466 3281 moventibus,
1528 3220 1622 3266 aut
1675 3209 2079 3269 immobilibus.

488 3313 606 3365 sive
638 3309 807 3365 semel
851 3309 965 3363 sive
1005 3323 1251 3362 annuum
1288 3306 1576 3377 reliquerit
1606 3323 1619 3359 :
1652 3312 1706 3359 et
1755 3303 1859 3357 hoc
1902 3301 2084 3356 modis

488 3404 751 3459 erunibus
798 3401 1103 3457 secundum
1153 3400 1434 3455 tcstatoris
1465 3398 1801 3461 voluntatem
1851 3408 1948 3464 per
1980 3406 2077 3447 cos

486 3493 578 3562 qui
613 3493 664 3545 id
696 3491 923 3561 exsequi
960 3490 1101 3559 jussi
1133 3500 1261 3545 sunt
1307 3498 1619 3559 precstator.
1665 3486 1721 3540 Si
1765 3484 2084 3555 specialiter

487 3602 596 3640 non
629 3585 853 3648 dixerit,
889 3583 1051 3656 cujus
1093 3583 1196 3637 loci
1241 3581 1575 3652 pauperibus
1608 3580 1723 3634 brec
1771 3576 2077 3648 reliquerit,

484 3676 762 3743 jubemus,
804 3683 863 3729 ut
896 3674 1347 3747 religiosissimus
1379 3672 1619 3728 civitatis
1660 3671 1978 3742 episcopus,
2024 3670 2077 3724 in

487 3783 595 3837 qua
630 3775 860 3823 testator
886 3767 1229 3823 domicilium
1266 3766 1480 3830 habuit,
1504 3780 1601 3821 eas
1632 3780 1720 3822 res
1754 3765 1821 3820 ad
1852 3780 1912 3820 se
1934 3764 2080 3819 reci-

488 3863 625 3931 piat,
667 3869 723 3915 et
774 3861 918 3916 inter
973 3876 1246 3933 pauperes
1300 3874 1415 3915 sum
1462 3859 1703 3914 civitatis
1761 3857 2079 3914 distribuat.

483 3954 757 4010 Caeterum
811 3961 992 4011 const.
1048 3953 1140 4018 45,
1193 3954 1341 4009 1102
1386 3950 1739 4009 Novellarum
1799 3951 1856 4005 in
1905 3948 2077 4004 Basil.

485 4063 594 4102 non
626 4056 710 4104 est
742 4048 943 4118 posita,
998 4046 1253 4103 similiter
1282 4061 1460 4118 neque
1499 4053 1680 4102 const.
1713 4044 1785 4101 55
1823 4020 2073 4113 c‘jusdem

489 4142 571 4198 tit.
604 4151 659 4198 et
681 4140 776 4197 lib.

561 4355 778 4412 Textus.
806 4356 998 4414 Const.
1028 4370 1160 4412 vero
1184 4356 1238 4422 3,
1264 4357 1347 4411 tit.
1378 4353 1415 4410 2
1465 4352 1815 4410 Novellarum
1849 4352 1918 4409 de
1937 4351 2085 4422 ejus~

484 4451 630 4507 modi
654 4451 831 4519 legato
858 4450 1009 4507 dicit.
1038 4449 1096 4505 Si
1128 4451 1244 4519 qui,
1271 4462 1401 4515 etc.,
1428 4464 1592 4519 usque
1616 4448 1685 4502 ad
1706 4447 1955 4503 relictum
1981 4454 2085 4512 est,

486 4545 766 4613 procedat,
797 4553 855 4598 ut
886 4560 1010 4616 pag.
1043 4544 1173 4600 574.

2202 2012 2311 2067 σῶν
2349 2013 2600 2084 μέντοιγε
2628 2012 2758 2077 τοὺς
2785 2010 3023 2075 οίκεῖους
3076 2011 3329 2083 χρόνους.

2271 2107 2583 2178 Κείμενον.
2614 2106 2729 2160 Καὶ
2764 2106 2874 2160 τίτ.
2906 2102 2956 2175 γ’
3007 2104 3103 2159 τοῦ
3157 2103 3323 2159 αὐτοῦ
3373 2102 3599 2174 βιϐλίου,
3649 2101 3783 2157 διάτ.

2198 2199 2296 2266 κδ’,
2336 2200 2503 2273 φησὶν
2550 2199 2850 2272 ὲρῤὦσθαι,
2910 2216 2966 2254 κ.
2997 2216 3048 2256 τ.
3085 2196 3163 2265 λ.,
3197 2213 3373 2270 usque
3407 2198 3474 2253 ad
3511 2197 3647 2253 διάτ.
3693 2195 3784 2249 τοῦ

2196 2293 2362 2349 αὐτοῦ
2396 2292 2598 2348 τίτλον.

2268 2411 2551 2479 Σχόλιον.
2589 2409 2655 2465 Ἥ
2695 2404 2771 2464 κδ’
2803 2406 2946 2464 διάτ.
2980 2405 3076 2462 τοῦ
3104 2404 3153 2478 γ’
3196 2406 3300 2461 τίτ.
3342 2405 3438 2460 τοῦ
3481 2402 3531 2460 α’
3589 2401 3785 2476 βιϐλίου

2194 2501 2289 2555 τοῦ
2324 2498 2572 2564 Κώδικὸς
2603 2499 2722 2553 ἐστι
2752 2497 2957 2570 βιϐλίον
2985 2496 3091 2568 μδ’,
3123 2497 3231 2552 τίτ.
3263 2495 3353 2568 ιη’,
3386 2514 3514 2565 κεφ.
3569 2492 3661 2548 λδ¹⁰
3690 2493 3787 2547 οὐκ

2201 2595 2365 2668 ἐτέθη
2402 2596 2460 2650 δὲ
2493 2595 2551 2649 ἐν
2573 2596 2687 2659 τοῖς
2712 2594 3024 2657 Βασιλικοῖς
3048 2593 3125 2658 ὡς
3147 2594 3175 2647 6
3202 2590 3386 2655 Κώδιξ
3413 2587 3784 2660 διελάμϐανεν,

2196 2691 2310 2745 ἀλλ’
2342 2688 2487 2744 οὕτω
2516 2689 2681 2759 φησὶν
2707 2689 2736 2743 6
2764 2686 3076 2749 Βασιλικόςο
3102 2687 3176 2740 Τὸ
3208 2689 3320 2749 τοῖς
3357 2685 3591 2756 πτωχοῖς
3619 2698 3785 2736 κατα-

2194 2780 2604 2852 λιμπανόμενον
2638 2779 2714 2851 μὴ
2756 2776 3064 2850 νομιζέσθω
3120 2777 3336 2846 ἄδηλον.
3379 2776 3446 2829 Ἦ
3504 2770 3593 2845 κη’
3646 2773 3785 2827 διάτ.

2193 2874 2295 2928 οὐκ
2327 2872 2488 2944 ἐτέθη
2522 2874 2601 2937 είς
2630 2871 2699 2925 τὰ
2735 2870 3023 2925 Βασιλικά.
3063 2868 3127 2923 Ἥ
3170 2866 3218 2939 γ’
3274 2868 3415 2924 διάτ.
3471 2865 3565 2920 τοῦ
3596 2864 3638 2937 β’
3682 2864 3785 2918 τίτ.

2192 2969 2303 3023 τῶν
2332 2967 2566 3039 Νεαρῶν
2595 2966 2713 3020 ἐστι
2732 2964 2904 3037 νεαρὰ
2933 2963 3364 3025 Ἰουστινιάνειος
3398 2958 3529 3033 ρλα’,
3562 2958 3785 3029 κειμένη

2192 3059 2251 3112 ἐν
2285 3056 2477 3129 βιϐλίῳ
2510 3054 2549 3109 ε’
2581 3055 2691 3110 τῶν
2724 3053 3053 3122 Βασιλικῶν,
3084 3052 3192 3108 τίτ.
3229 3050 3301 3121 γ’,
3332 3069 3456 3121 κεφ.
3500 3048 3549 3123 η’
3570 3089 3585 3114 ,
3618 3048 3788 3109 οὕτως

2193 3148 2373 3220 ἔχοντι
2404 3163 2417 3177 ⁸
2458 3149 2523 3201 Et
2551 3147 2608 3199 δὲ
2636 3146 2731 3201 καί
2761 3163 2845 3211 τις
2862 3144 3005 3218 ὑπὲρ
3022 3144 3382 3218 ἀναῤῥύσεως
3405 3139 3786 3219 αἰχμαλώτων,

2119 3278 2157 3334 C
2193 3244 2226 3315 ἢ
2267 3242 2589 3313 ἀποτροφῆς
2624 3242 2875 3313 πενήτων
2929 3239 3299 3313 κληρονομίαν
3341 3238 3374 3311 ἢ
3423 3236 3656 3308 ληγὰτον
3685 3252 3786 3289 κα-

2195 3334 2432 3409 ταλείπῃ
2481 3337 2539 3389 ἐν
2582 3333 2874 3405 πράγμασι
2920 3334 3186 3403 κινητοῖς,
3227 3332 3261 3405 ἢ
3322 3326 3780 3400 αὐτοκινήτοις,“ἢ

2199 3425 2502 3497 ἁκίνήτοις,
2538 3428 2649 3481 εἴτε
2677 3426 2845 3491 ἅπαξ,
2865 3425 2977 3479 εἴτε
3013 3426 3230 3497 ἐτήσιον
3262 3423 3357 3478 καὶ
3386 3421 3542 3477 τοῦτο
3569 3420 3789 3491 τρόποις

2197 3523 2371 3577 ἆπασι
2395 3520 2537 3575 κατὰ
2573 3521 2672 3591 τὴν
2693 3520 2787 3575 τοῦ
2811 3518 3134 3589 διαθεμένου
3165 3517 3391 3590 γνώμην
3418 3517 3525 3571 ἀπὸ
3557 3516 3665 3568 τῶν
3692 3531 3788 3567 κε-

2196 3613 2535 3668 λευσθέντων
2579 3612 2737 3667 τοῦτο
2801 3612 3050 3683 ποιῆσαι,
3106 3607 3454 3682 πληρούσθω.
3502 3608 3566 3661 Εἰ
3617 3606 3672 3660 δὲ
3714 3605 3788 3677 μὴ

2203 3706 2389 3771 ἱδικῶς
2429 3708 2561 3778 εἴπῃ
2600 3705 2755 3759 ποίου
2796 3704 2966 3758 τόπου
3004 3703 3204 3773 πένησι
3241 3700 3413 3756 ταῦτα
3473 3698 3788 3760 κατέλιπεν,

2200 3792 2494 3864 κελεύομεν
2520 3793 2611 3847 τὸν
2636 3790 2936 3847 ὁσιώτατον
2975 3792 3077 3862 τῆς
3106 3791 3313 3854 πόλεως
3345 3790 3646 3843 ἐπίσκοπον
3674 3788 3731 3840 ὲν

2197 3886 2375 3940 οἰκίαν
2426 3887 2456 3940 6
2486 3886 2806 3958 διαθέμενος
2853 3879 2971 3958 εἶχε
3027 3883 3485 3954 παραλαμϐάνειν
3534 3880 3604 3934 τὰ
3654 3877 3790 3933 αὐτὰ

2199 3977 2529 4050 πράγματα,
2571 3980 2805 4041 καὶτοῖς
2844 3978 2945 4047 τῆς
2984 3976 3158 4046 αὐτῆς
3191 3974 3403 4037 πόλεως
3444 3973 3639 4040 πένησι
3667 3970 3789 4023 δια-

2199 4070 2407 4140 νέμειν.
2447 4070 2512 4123 ’Π
2540 4070 2596 4124 δὲ
2632 4068 2714 4141 με’
2738 4069 2883 4123 διάτ.
2918 4066 3013 4122 τοῦ
3041 4064 3084 4138 β’
3106 4065 3213 4122 τίτ.
3257 4064 3366 4120 τῶν
3423 4061 3653 4135 Νεαρῶν
3688 4061 3790 4113 οὐκ

2201 4161 2360 4231 ἐτέθη
2396 4162 2478 4226 είς
2522 4162 2592 4216 τὰ
2636 4162 2929 4217 Βασιλικά.
2968 4160 3246 4224 Ὡσαύτως
3302 4156 3425 4213 οὐδὲ
3482 4158 3517 4230 η
3552 4160 3621 4209 νε¹
3647 4154 3787 4210 διάτ.

2201 4253 2295 4308 τοῦ
2318 4252 2485 4308 αὐτοῦ
2526 4254 2735 4327 βιϐλίου
2760 4255 2854 4310 καὶ
2877 4253 2987 4311 τίτ.

2274 4366 2589 4437 Κείμενον.
2624 4365 2690 4421 Ἦ
2730 4366 2788 4420 δέ
2824 4373 2874 4432 γ’
2913 4365 3054 4421 διάτ.
3085 4364 3179 4421 τοῦ
3204 4364 3249 4438 β’
3274 4362 3381 4420 τίτ.
3408 4359 3518 4418 τῶν
3536 4358 3787 4433 Νεαρῶν,

2204 4478 2257 4515 κ.
2290 4478 2339 4517 τ.
2380 4461 2430 4518 λ.
2462 4476 2640 4531 usque
2693 4460 2759 4517 ad
2811 4459 3147 4533 κατελείφθη
3197 4456 3575 4536 προχωρῆσαι.

560 4658 857 4715 Scholium.
921 4659 1111 4716 Const.
1180 4660 1237 4724 3,
1294 4659 1379 4713 tit.
1448 4658 1484 4713 2
1560 4656 1912 4713 Novellarum
2002 4668 2084 4709 est

2265 4672 2548 4740 Σχόλιον.
2583 4670 2713 4740 Ἥγ’
2744 4670 2886 4728 διάτ.
2920 4670 3014 4726 τοῦ
3070 4669 3235 4741 βτίτ.
3268 4669 3378 4725 τῶν
3399 4665 3631 4739 Νεαρῶν
3670 4665 3792 4718 ἐστι

493 4750 709 4804 novella
749 4749 1045 4806 Iustiniani
1101 4752 1197 4806 151
1241 4750 1352 4824 [ac]
1404 4750 1582 4822 posita
1618 4749 1745 4823 [est)
1797 4750 1855 4805 in
1904 4748 2000 4803 lib.
2059 4762 2090 4801 v

489 4839 687 4908 Basil.,
725 4842 811 4896 tit.
858 4842 912 4907 '5,
947 4858 1069 4913 cap.
1129 4846 1189 4905 9.
1237 4842 1383 4914 quod
1417 4854 1470 4898 et
1519 4842 1794 4912 integrum
1826 4841 1880 4895 in
1929 4840 2087 4895 initio

489 4932 779 5001 prmsentis
810 4948 933 5005 cap.
968 4934 1240 4988 insertum
1272 4942 1380 5001 est,
1432 4933 1504 4988 ita
1555 4932 1826 5003 incipiens
1854 4948 1869 4986 :
1901 4929 2007 4986 Sed
2036 4939 2091 4984 et

492 5025 539 5079 si
572 5024 700 5093 quis
727 5040 829 5095 pro
866 5027 1244 5097 redemptione
1270 5026 1642 5096 captivorum.

568 5118 787 5174 Tenus.
829 5119 1025 5175 Const.
1080 5121 1150 5176 48
1211 5120 1295 5175 111.
1347 5121 1697 5177 5111).1ι111;
1732 5120 1889 5189 Quod
1940 5120 2087 5189 quis,

486 5218 618 5277 etc.,
644 5226 809 5281 usque
830 5211 900 5265 ad
926 5210 1215 5267 modorum
1244 5210 1437 5284 [hanc]
1461 5212 1704 5281 excludi,
1729 5222 1785 5268 ut
1806 5229 1931 5285 pag.
1959 5212 2089 5269 57-4-

490 5305 617 5360 575.

560 5416 856 5473 Scliolium.
890 5418 1081 5475 Const.
1114 5420 1290 5475 48111.
1340 5423 1394 5488 5,
1427 5421 1522 5477 lib.
1568 5437 1650 5488 111,
1682 5421 1843 5479 Cod.’
1870 5438 1979 5478 non
2009 5433 2093 5479 est

488 5512 666 5579 posita
696 5511 748 5564 iu
779 5510 972 5579 Basil.;
1005 5521 1182 5569 const.
1236 5530 1365 5569 vero
1394 5518 1450 5582 3,
1496 5516 1588 5570 lib.
1626 5532 1664 5571 11
1715 5514 2088 5580 Novellarum,

491 5612 575 5658 est
625 5604 838 5659 novella
890 5603 1189 5661 Justiniani
1254 5609 1391 5677 151,
1436 5608 1614 5680 posita
1670 5610 1819 5682 [quat
1875 5610 1983 5683 est]
2035 5612 2088 5665 in

490 5695 584 5751 lib.
614 5694 783 5751 Basil.
815 5713 869 5763 v,
901 5698 987 5753 tit.
1011 5700 1065 5765 ὅ,
1089 5715 1210 5771 cap.
1240 5701 1293 5767 8,
1348 5702 1496 5773 quod
1525 5712 1581 5758 et
1612 5703 1857 5759 secundo
1888 5704 2091 5759 abhinc

494 5789 766 5855 superiori
820 5791 1029 5848 sclzolio
1087 5793 1358 5850 incertum
1410 5804 1514 5851 est.
1550 5795 1740 5851 Const.
1800 5797 1869 5852 5‘2
1929 5797 2012 5852 tit.
2055 5798 2091 5853 2

497 5879 593 5935 lib.
626 5896 640 5936 t
675 5879 811 5951 Cod.
848 5882 903 5939 in
955 5884 1120 5943 Basil.
1177 5903 1284 5946 non
1326 5900 1407 5946 est
1445 5891 1642 5962 posita.
1677 5890 1877 5948 Verum
1910 5903 2087 5950 const.

2193 4763 2365 4833 νεαρᾶ
2410 4765 2845 4829 ’ῐουστινιάνειος
2871 4763 3009 4835 ρλα’,
3038 4763 3270 4835 κειμένη
3303 4764 3361 4816 ἐν
3380 4761 3571 4833 βιϐλίῳ
3598 4770 3634 4813 ε’
3668 4758 3781 4811 Βα-

2197 4854 2420 4909 σιλικῶν
2444 4894 2460 4919 ,
2492 4856 2600 4910 τίτ.
2654 4854 2730 4925 γ’,
2774 4873 2903 4925 κεφ.
2950 4854 3018 4921 θ’,
3054 4856 3083 4909 ὃ
3110 4854 3177 4926 δὴ
3205 4855 3300 4908 καὶ
3341 4848 3689 4921 κατεστρώθη
3728 4845 3793 4911 ἐξ

2193 4948 2492 5020 ὁλοκλήρου
2526 4952 2583 5003 ἐν
2616 4952 2683 5021 τῇ
2724 4952 2976 5021 καταρχῇ
3015 4946 3111 5001 τοῦ
3147 4945 3418 5018 παρόντος
3459 4960 3585 5014 κεφ.
3619 4940 3787 5011 ἀρχό-

2199 5060 2361 5114 μενον
2389 5042 2584 5106 οὓτως·
2619 5044 2682 5096 Et
2712 5042 2770 5096 δέ
2800 5038 3313 5113 ύπέράναῤῥύσεως
3334 5034 3713 5108 αἰχμαλώτων.

2265 5135 2574 5213 κείμενον.
2620 5132 2686 5189 Ἦ
2730 5135 2790 5189 δὲ
2845 5132 2936 5206 μη¹
2977 5134 3119 5187 διάτ.
3171 5130 3266 5186 τοῦ
3299 5129 3348 5201 γ’
3400 5128 3531 5195 τίτ.,
3582 5126 3676 5182 τοῦ
3736 5123 3786 5179 α’

2198 5229 2403 5301 βιϐλίου
2428 5229 2614 5300 φησὶν,
2640 5247 2695 5283 κ.
2717 5246 2770 5283 τ.
2799 5227 2850 5283 λ.
2876 5240 3054 5296 usque
3078 5225 3147 5279 ad
3172 5220 3520 5277 ἀποκλείεται
3545 5219 3784 5293 τρόπων.

2266 5439 2551 5508 Σχόλιον.
2595 5438 2660 5491 Ἥ
2697 5435 2790 5508 μη¹
2838 5437 2983 5492 διάτ.
3029 5437 3125 5492 τοῦ
3152 5434 3202 5506 γ’
3217 5436 3324 5492 τίτ.
3355 5432 3452 5489 τοῦ
3503 5438 3552 5486 α’
3578 5427 3784 5503 βιϐλίου

2195 5528 2296 5582 οὐκ
2354 5528 2516 5601 ἐτέθη
2564 5529 2645 5593 εἰς
2692 5529 2762 5583 τὰ
2820 5528 3096 5601 βασιλικά.
3153 5529 3217 5582 Ἡ
3268 5527 3326 5582 δὲ
3362 5524 3567 5597 γ’διάτ.
3611 5519 3772 5591 τοῠβ

2197 5621 2303 5676 τίτ.
2359 5620 2471 5676 τῶν
2524 5620 2756 5693 Neapth
2797 5622 2913 5675 ἐστι
2956 5620 3129 5692 νεαρὰ
3179 5618 3612 5680 ’Ῑουστινιάνειος
3646 5613 3785 5686 ρλα¹,

2198 5713 2426 5785 κειμένη
2455 5714 2512 5770 ἐν
2529 5714 2721 5786 βιϐλίῳ
2747 5714 2856 5771 τῶν
2879 5713 3184 5769 Βασιλικῶν
3209 5711 3272 5778 ε’,
3311 5711 3416 5766 τίτ.
3444 5708 3515 5779 γ’,
3556 5725 3679 5777 κεφ.
3713 5703 3785 5777 η’.

2196 5807 2225 5860 ὃ
2260 5808 2353 5862 καὶ
2399 5807 2754 5879 κατεστρώθη
2809 5810 2885 5870 εἰς
2939 5806 3001 5861 τὸ
3054 5804 3325 5876 παρελθὸν
3354 5800 3674 5858 καταϐατόν.
3721 5798 3787 5852 Ἦ

2199 5899 2276 5953 νϐ’
2304 5899 2443 5955 διάτ.
2500 5898 2593 5954 τοῦ
2619 5898 2663 5970 β’
2697 5899 2800 5953 τίτ.
2836 5899 2927 5951 τοῦ
2960 5897 3008 5952 α’
3043 5896 3251 5969 βιϐλίου
3277 5895 3371 5950 τοῦ
3401 5892 3642 5955 Κώδικος
3684 5889 3786 5943 οὐκ
