4146 6454
392 427 535 496 1045

1417 433 1993 499 ΝΟΜΟΟΑΝΟΝ.·-
2053 434 2204 500 ΤΙΤ.
2232 437 2319 499 ΙΙ.
2374 437 2533 501 CAP-
2581 438 2669 503 ΙΙ.

3562 442 3697 511 1016

384 545 549 618 ἐτέθη
585 544 669 613 εἰς
719 546 791 601 τὰ
834 543 1126 604 Βασιλικά.
1168 545 1236 604 Ἦ
1290 546 1477 621 μέντοι
1512 548 1557 621 β’
1590 549 1733 607 διὰτ.
1780 547 1877 605 τοῦ
1930 548 1977 604 α“

2087 549 2121 603 2
2147 551 2231 605 tit.
2266 552 2289 607 1
2321 549 2675 614 Novellarum
2735 568 2823 618 est
2861 558 3077 619 novella
3143 554 3447 614 Jusliniani
3477 557 3602 628 123,
3629 576 3697 618 ac

384 638 491 693 τίτ,
542 638 653 693 τῶν
700 639 935 712 Νεαρῶν
970 640 1085 694 ἐστι
1137 640 1313 713 νεαρὰ
1386 642 1821 709 Ἰουστινιάνειος
1869 648 1987 716 ρκγ³

384 731 482 785 καὶ
519 729 683 803 ἐτέθη
716 731 776 787 ἐν
808 730 1001 805 βιϐλίῳ
1015 732 1126 789 τῶν
1152 734 1465 789 Βασιλικῶν
1499 734 1562 799 δ’,
1598 735 1705 791 τίτ,
1738 742 1811 803 α’,
1862 753 1993 807 κεφ.

384 822 427 877 ε’
460 824 559 878 καὶ
593 822 670 891 ς’,
707 823 853 879 οὕτω
875 824 1064 897 σχεδὸν
1090 826 1168 892 ὡς
1196 827 1437 884 ἐνταῦθα
1466 830 1669 885 κεῖται.

456 936 763 1006 Κείμενον.
803 936 970 1006 Λέγει
1002 936 1124 1010 an;
1167 937 1217 992 α’
1275 939 1370 994 καὶ
1394 938 1533 1013 μόνη
1559 939 1702 998 διάτ.
1754 942 1852 997 τοῦ
1905 943 1995 1016 μη¹

389 1028 497 1082 τίτ,
530 1028 625 1081 τοῦ
659 1026 716 1093 ς’
780 1028 988 1100 βιϐλίου
1019 1029 1115 1084 τοῦ
1152 1030 1422 1099 Imaum,
1458 1050 1513 1088 κ.
1555 1050 1607 1088 τ.
1638 1033 1690 1088 λ.
1720 1050 1897 1108 usque
1926 1036 1995 1092 ad

386 1139 451 1175 συ
459 1121 675 1191 μϐἅσαν
706 1120 929 1194 ζημίαν.

454 1232 729 1299 Σχόλιον.
768 1231 833 1287 'H
865 1230 914 1287 α’
938 1233 1077 1289 διάτ.
1141 1234 1236 1290 τοῦ
1292 1234 1383 1309 μη’
1414 1237 1521 1294 τίτ,
1556 1237 1651 1294 τοῦ
1685 1246 1741 1306 ς’
1786 1240 1993 1313 βιϐλίου

380 1322 474 1375 τοῦ
508 1323 753 1389 Κώδικος
807 1327 985 1381 κεῖται
1038 1328 1097 1382 ἐν
1125 1326 1315 1401 βιϐλίῳ
1351 1328 1457 1402 μδ’,
1496 1331 1605 1387 τίτ,
1648 1331 1741 1404 ιη’,
1774 1352 1898 1405 κεφ.
1927 1332 1991 1403 λ’,

380 1415 476 1468 καὶ
505 1413 659 1486 ζήτει
690 1416 854 1471 τοῦτο
883 1417 1045 1491 περὶ,
1085 1420 1153 1473 τὰ
1194 1422 1342 1491 μέσα
1369 1422 1742 1494 διαλαμϐάνον
1767 1426 1869 1480 ὅσα
1911 1427 1994 1492 είς

377 1506 440 1560 τδ
478 1508 734 1579 κείμενον
763 1510 1107 1582 ἐγράφησαν.
1144 1512 1227 1566 Τὰ
1253 1512 1311 1566 δὲ
1338 1513 1610 1584 λεγόμενα
1636 1516 1990 1589 περιέχεσθαι

377 1600 438 1653 ἐν
475 1599 554 1672 τῷ
605 1600 687 1666 κζ’
723 1602 832 1657 τίτ,
873 1606 974 1675 τῆς
999 1601 1048 1672 γ’
1103 1606 1531 1672 ίνστιτουτιῶνος
1589 1608 1691 1664 οὐκ
1723 1610 1992 1683 ἐτέθησαν

379 1696 461 1758 εἰς
485 1694 554 1749 τὰ
591 1694 882 1753 Βασιλικά.
923 1699 989 1753 Ἡ
1024 1700 1208 1772 μέντοι
1262 1700 1310 1771 β’
1338 1701 1481 1759 διάτ.
1517 1701 1612 1757 τοῦ
1644 1702 1689 1776 β’
1719 1705 1827 1762 τίτ,
1880 1707 1990 1762 τῶν

377 1786 611 1859 Νεαρῶν
635 1790 753 1843 ἐστι
804 1797 873 1860 ιη’
907 1808 1035 1861 κεφ.
1086 1791 1181 1846 τοῦ
1231 1790 1277 1864 β’
1302 1794 1411 1849 τίτ,
1445 1794 1541 1849 τοῦ
1582 1793 1623 1849 ε’
1654 1796 1861 1868 βιϐλίου
1893 1801 1990 1855 καί

379 1895 514 1949 φησι
546 1879 731 1951 σχεδὸν
765 1880 832 1934 τὰ
862 1881 1022 1936 αὐτὰ.
1067 1883 1134 1936 Ἦ
1184 1882 1242 1937 δέ
1281 1881 1330 1937 α’
1378 1884 1519 1940 διάτ.
1562 1884 1657 1940 τοῦ
1701 1888 1867 1943 αὐτοῦ
1900 1890 1988 1962 βι-

378 1968 530 2025 ϐλίου
559 1970 670 2025 τῶν
696 1971 930 2044 Νεαρῶν
957 1974 1060 2028 οὐκ
1086 1974 1245 2047 ἐτέθη
1274 1977 1358 2041 είς
1395 1977 1465 2032 τὰ
1494 1977 1776 2050 βασιλικά.

447 2109 700 2164 ΚΕΦΑΛ.
736 2109 814 2166 B'.
854 2140 925 2153 --
957 2112 1097 2183 Περὶ
1131 2113 1307 2184 ἱερῶν
1325 2115 1573 2172 σκευῶν
1614 2119 1716 2175 καί
1744 2121 1972 2195 ἀναθη-

367 2200 597 2271 μάτων.

457 2294 518 2349 Ἀ
529 2294 810 2349 ποστόλων
853 2299 1036 2352 κανὼν
1084 2297 1164 2369 ογ¹
1196 2315 1214 2332 ο
1266 2301 1488 2357 συνόδου
1527 2310 1579 2359 α’
1622 2306 1719 2360 καὶ
1763 2308 1809 2380 β’
1844 2327 1977 2381 συγ-

372 2385 741 2459 κροτηθείσης
761 2388 820 2442 ἐν
840 2388 919 2459 τῷ
941 2390 1057 2462 ναῷ
1077 2392 1188 2446 τῶν
1201 2390 1402 2463 ’Δγίων
1417 2395 1763 2454 Ἀποστόλων
1791 2402 1976 2457 κανὼν

372 2486 445 2547 αι,
496 2487 549 2535 tu
597 2482 877 2555 Κυρίλλου
942 2485 1010 2540 ἐκ
1062 2487 1166 2559 τῆς
1216 2488 1356 2560 πρὸς
1403 2488 1614 2561 Δόμνον
1676 2493 1974 2568 ἐπιστολῆς

371 2589 499 2644 κεφ.
526 2571 595 2645 β’.

443 2684 755 2758 κείμενον.
839 2692 906 2747 Ἦ
956 2692 1025 2760 ιζ’
1055 2693 1198 2751 διάτ.
1233 2692 1329 2749 τοῦ
1404 2693 1448 2767 β’
1500 2695 1608 2754 τίτ,
1653 2697 1751 2753 τοῦ
1781 2699 1833 2756 α’
1890 2701 1974 2773 βιο

372 2775 529 2832 ϐλίου
557 2780 653 2833 τοῦ
686 2780 935 2849 Κὼδικδς
958 2802 1146 2857 φησιν,
1173 2802 1228 2841 κ.
1264 2803 1318 2843 τ.
1353 2786 1431 2854 λ.,
1472 2802 1647 2861 usque
1680 2790 1750 2847 ad
1791 2794 1841 2848 εί
1896 2795 1973 2868 μη

370 2870 462 2925 διὰ
485 2870 640 2927 λύσιν
670 2874 1054 2947 αἰχμαλώτων.

443 2986 724 3055 Σχόλιον.
766 2987 833 3042 Ἠ
863 2986 927 3054 ιζ’
957 2990 1099 3048 διάτ.
1132 2993 1231 3048 τοῦ
1288 2994 1335 3066 β’
1383 2996 1491 3054 τίτ,
1540 2996 1635 3053 τοῦ
1674 2995 1723 3054 α’
1760 2997 1971 3071 βιϐλίου

369 3077 468 3131 τοῦ
499 3077 748 3145 Κώδικος
790 3082 893 3137 οὐκ
916 3084 1077 3157 ἐτέθη
1108 3088 1190 3153 είς
1216 3088 1285 3143 τὰ
1329 3089 1609 3161 βασιλικὰ,
1641 3091 1765 3146 οὐδὲ
1795 3093 1829 3163 ή
1862 3099 1971 3148 κα’.

368 3169 447 3223 Τὸ
498 3171 683 3243 μέντοι
745 3173 824 3246 ξβ⁹
879 3175 1022 3234 διάτ.
1088 3178 1186 3234 τοῦ
1245 3178 1292 3235 α’
1338 3181 1443 3236 τίτ,
1491 3182 1587 3237 τοῦ
1656 3190 1726 3254 ιη’
1759 3183 1970 3255 βιϐλίου

368 3262 489 3317 ἐστὶ
535 3264 740 3337 βιϐλίον
797 3268 865 3323 ιϐ’
908 3270 1019 3325 τῶν
1049 3271 1379 3340 Βασιλικῶν,
1442 3276 1550 3333 τίτ,
1597 3283 1668 3342 α’,
1702 3294 1829 3347 κεφ.
1868 3276 1970 3345 ξδ’,

2100 645 2280 714 posita
2308 648 2468 703 estin
2504 649 2601 707 lib.
2657 652 2826 710 Basil.
2873 670 2948 720 tv,
2978 654 3064 710 tit.
3100 653 3154 719 1,
3194 664 3320 722 cap.
3354 648 3389 706 5
3436 655 3493 706 et
3538 651 3592 718 6,
3626 654 3693 707 ad

2101 739 2354 795 eumdem
2389 757 2558 815 prope
2590 744 2840 815 modum,
2865 762 2978 819 quo
3001 746 3113 802 hic.

2175 950 2394 1008 Textus.
2431 952 2573 1009 Dicit
2602 970 2769 1026 porro
2790 956 2841 1022 1,
2862 970 3039 1027 eaque
3072 952 3260 1019 unica,
3295 956 3477 1006 const.
3511 949 3595 1007 tit.
3626 950 3697 1005 48

2098 1042 2194 1098 lib.
2225 1060 2278 1098 νι
2308 1044 2446 1101 Cod.
2477 1047 2870 1116 :Valcre,ctc.,
2891 1065 3054 1121 usque
3071 1048 3140 1103 ad
3166 1040 3473 1110 obvenerit,
3517 1059 3697 1100 rosar-

2099 1134 2226 1202 ciet,
2256 1147 2313 1191 ut
2344 1154 2468 1209 pag.
2495 1138 2622 1195 574.

2168 1250 2465 1310 Scholium.
2522 1255 2711 1313 Const.
2751 1258 2777 1313 1
2830 1258 2916 1314 tit.
2975 1257 3045 1315 48
3079 1258 3174 1313 lib.
3216 1273 3268 1314 γι
3312 1258 3451 1316 Cod.
3512 1257 3693 1329 posita

2096 1353 2179 1400 est
2211 1347 2264 1400 iu
2311 1347 2405 1401 lib.
2444 1364 2588 1417 xuv,
2615 1351 2696 1405 tit.
2724 1350 2818 1416 18,
2856 1366 2978 1422 cap.
3003 1351 3094 1416 '50,
3124 1351 3270 1422 quod
3304 1366 3509 1421 quaere.
3532 1350 3693 1407 Circa

2096 1438 2338 1495 medium
2372 1442 2520 1497 enim
2552 1452 2773 1511 tractat,
2804 1460 3151 1516 quaecunque
3185 1447 3239 1501 in
3286 1453 3437 1501 textu
3487 1444 3693 1513 scripta

2093 1541 2243 1587 sunt.
2273 1532 2407 1600 Qua:
2457 1551 2587 1592 vero
2618 1537 2877 1593 dicuntur
2929 1539 3319 1609 comprehendi
3367 1539 3419 1593 iu
3474 1539 3545 1593 27
3606 1537 3691 1592 tit.

2094 1624 2240 1700 [lib.]
2268 1642 2350 1693 ιιι,
2412 1638 2466 1684 ει
2525 1629 2591 1685 16
2637 1631 2723 1686 tit.
2758 1628 2907 1705 [lib.]
2953 1647 3008 1687 IV
3043 1631 3221 1688 lnstit.
3264 1631 3318 1688 in
3359 1629 3526 1687 Basil.
3579 1645 3691 1684 nou

2091 1729 2222 1775 sunt
2245 1722 2442 1794 posita.
2479 1723 2623 1779 Sane
2656 1740 2789 1780 vero
2818 1731 3000 1782 const.
3055 1725 3093 1779 2
3142 1725 3230 1781 tit.
3267 1726 3304 1779 2
3339 1723 3690 1779 Novellarum

2089 1821 2320 1882 estcap.
2371 1812 2439 1869 18
2489 1814 2567 1869 tit.
2630 1815 2666 1869 2
2709 1815 2804 1870 lib.
2852 1832 2903 1880 ν,
2960 1814 3107 1886 quod
3155 1813 3269 1869 fere
3314 1814 3503 1868 eadem
3534 1809 3691 1865 dicit.

2091 1902 2281 1961 Const.
2313 1915 2496 1962 autem
2531 1909 2556 1963 1
2604 1908 2848 1980 ejusdem
2880 1908 2976 1964 lib.
3025 1905 3378 1964 Novellarum
3429 1904 3487 1960 in
3520 1901 3691 1958 Basil.

2028 1989 2068 2045 Β
2099 2013 2208 2052 non
2236 2009 2320 2055 est
2347 2001 2547 2070 posita.

2169 2132 2325 2190 CAP.
2367 2133 2432 2189 11.
2458 2165 2528 2175 -
2556 2135 2629 2191 De
2662 2126 2834 2192 sacris
2867 2137 3032 2203 vasis,
3065 2145 3117 2191 et
3155 2134 3417 2192 donariis.

2165 2318 2559 2388 Apostolorum
2581 2292 2875 2385 cauon75;
2903 2317 3126 2374 concilii
3151 2318 3175 2373 l
3202 2326 3257 2374 ει
3273 2316 3311 2372 2
3332 2317 3387 2372 iu
3411 2314 3527 2373 aede
3552 2314 3693 2371 Sau-

2093 2421 2308 2465 ctorum
2335 2410 2723 2481 Apostolorum
2755 2410 2953 2475 coacti,
2978 2425 3156 2468 canon
3186 2412 3327 2480 1,1θ
3350 2430 3365 2480 ;
3393 2426 3461 2469 ex
3480 2410 3690 2483 episto-

2084 2502 2137 2562 la
2168 2502 2355 2575 Cyrilli
2386 2503 2454 2559 ad
2486 2502 2755 2559 Domuum
2780 2512 2946 2575 caput
2972 2502 3028 2559 2.

2160 2716 2378 2774 Texlus.
2422 2716 2613 2774 Const.
2657 2716 2727 2771 l7
2766 2700 2863 2772 tit.
2899 2716 2936 2770 ε
2968 2715 3065 2773 lib.
3102 2731 3120 2771 ι
3162 2714 3297 2771 Cod.
3339 2713 3417 2769 ait
3462 2730 3477 2769 ε
3515 2710 3674 2780 Quod

2084 2810 2216 2879 dum
2239 2818 2415 2873 extra,
2434 2819 2565 2876 etc.,
2581 2824 2747 2881 usque
2769 2809 2838 2863 ad
2856 2808 3291 2879 redemptionem
3312 2806 3685 2877 captivorum,

2086 2911 2146 2957 ut
2176 2919 2299 2974 pag.
2331 2902 2459 2958 579.

2157 3015 2453 3072 Scholium.
2485 3015 2675 3072 Const.
2714 3016 2802 3080 l7,
2858 3014 2942 3071 tit.
2975 3013 3033 3076 2.
3071 3013 3170 3069 lib.
3210 3028 3230 3070 t
3269 3011 3405 3069 Cod.
3450 3026 3561 3067 nou
3601 3018 3687 3067 est

2086 3110 2266 3181 posita
2300 3109 2353 3163 in
2384 3108 2549 3163 Basil.
2573 3152 2589 3176 ,
2621 3122 2799 3179 neque
2824 3106 2916 3163 21.
2946 3104 3151 3162 Verum
3180 3104 3375 3177 digest.
3409 3102 3480 3158 62
3537 3102 3624 3158 tit.
3654 3104 3682 3157 1

2087 3201 2183 3257 lib.
2212 3217 2367 3271 xvut,
2389 3210 2470 3258 est
2504 3201 2601 3255 lib.
2629 3217 2720 3255 XIX
2750 3199 2946 3266 Basil.,
2966 3199 3034 3255 tit
3054 3198 3107 3264 1,
3134 3213 3257 3269 cap.
3290 3197 3381 3261 62,
3416 3197 3600 3252 thema
3623 3196 3684 3259 2,

2086 3295 2231 3365 quod
2266 3294 2448 3359 habet,
2480 3302 2541 3349 ut
2566 3293 2621 3350 in
2657 3301 2807 3350 tcxtu
2847 3292 3116 3363 scriptum
3146 3300 3252 3348 est.
3275 3289 3384 3346 Tit.
3443 3290 3470 3345 1
3540 3287 3687 3361 [lib.]

369 3356 610 3457 θέμαβ,
644 3359 820 3427 οὕτως
859 3362 987 3435 ἔχον
1019 3364 1097 3429 ὡς
1116 3366 1196 3432 είς
1221 3366 1284 3421 τὸ
1315 3367 1572 3439 κείμενον
1618 3369 1861 3444 ἐγράφη.
1909 3371 1969 3426 '0

2096 3356 2321 3444 I'lustit.
2369 3356 2444 3442 in.
2480 3387 2646 3443 Basil.
2694 3402 2805 3442 non
2837 3395 2924 3443 est
2962 3356 3212 3457 positus.
3269 3383 3461 3438 Const.
3495 3356 3685 3438 i_tit.2'

367 3446 419 3502 α’
476 3449 584 3505 τίτ,
636 3451 737 3524 τῆς
765 3451 811 3525 β’
858 3455 1299 3523 ίνστιτουτιῶνος
1331 3458 1435 3515 οὐκ
1461 3459 1624 3534 ἐτέθη
1659 3463 1739 3527 είς
1763 3464 1832 3519 τὰ
1862 3464 1972 3518 Ba-

374 3540 581 3599 σιλικά.
627 3544 695 3599 Ἡ
726 3543 775 3601 α’
825 3547 970 3605 διάτ.
1019 3550 1115 3604 τοῦ
1171 3548 1218 3622 β’
1254 3550 1361 3607 τίτ,
1415 3552 1526 3608 τῶν
1572 3553 1806 3628 Νεαρῶν
1855 3556 1973 3611 ἐστι

362 3636 540 3709 νεαρὰ
580 3637 1013 3708 ’1ουστινιάνειος
1058 3642 1141 3716 ρκ’
1170 3662 1186 3679 ο
1233 3644 1395 3701 τοῦτο
1421 3645 1479 3701 δὲ
1516 3646 1688 3720 αὐτῆς
1723 3648 1788 3703 τὸ
1841 3666 1968 3721 κεφ.

360 3730 469 3784 οὐκ
499 3732 661 3803 ἐτέθη
691 3734 773 3799 είς
799 3734 869 3789 τὰ
894 3736 1183 3794 Βασιλικά.

431 3822 743 3893 Κείμενον.
781 3824 849 3881 Ἦ
897 3827 955 3883 δὲ
998 3828 1044 3901 β’
1095 3829 1237 3886 διάτ.
1268 3830 1366 3886 τοῦ
1408 3831 1576 3888 αὑτοῦ
1630 3834 1737 3890 τίτ.
1772 3836 1965 3910 φησὶν,

359 3912 509 3969 ὥστε
532 3916 603 3970 τὰ
633 3918 757 3991 ίερὰ
790 3919 982 3993 σκεύη,
1021 3940 1080 3980 κ.
1101 3941 1155 3979 τ.
1181 3923 1260 3993 λ.,
1293 3940 1473 3998 usque
1504 3927 1573 3984 ad
1607 3928 1705 3984 καὶ
1731 3928 1832 4002 οὐχ
1862 3931 1968 4004 ἁρο

364 4004 523 4077 μὸζει
557 4008 623 4063 ἐκ
669 4009 862 4066 τούτου
910 4013 1124 4088 ἀγωγή.

435 4120 716 4190 Σχόλιον.
776 4124 843 4179 Ἡ
890 4124 936 4198 β’
972 4126 1116 4186 διάτ.
1182 4130 1278 4187 τοῦ
1336 4130 1384 4205 β’
1426 4132 1534 4189 τίτ,
1582 4132 1695 4189 τῶν
1730 4134 1966 4207 Νεαρῶν

362 4211 488 4266 ἐστι
516 4215 688 4290 νεαρὰ
724 4218 1156 4288 Ἰουστινιάνειος
1176 4222 1281 4296 ρκ’,
1327 4226 1559 4299 κειμένη
1614 4227 1674 4282 ἐν
1701 4227 1893 4301 βιϐλίῳ
1923 4229 1965 4284 ε’

353 4303 473 4360 τῶν
500 4307 831 4379 Βασιλικῶν,
849 4312 959 4368 τίτ,
984 4312 1052 4385 β’,
1082 4334 1211 4387 κεφ.
1242 4316 1352 4384 κα’,
1380 4318 1557 4385 οὕτως
1583 4319 1763 4393 ἔχοντι
1783 4322 1967 4388 καθὼς

352 4398 444 4463 είς
472 4398 534 4453 τὸ
556 4400 812 4473 κείμενον
841 4406 1131 4481 διελήφθη.
1172 4412 1247 4466 Τὸ
1303 4411 1371 4483 ιγ’
1400 4414 1545 4469 διάτ.
1593 4414 1689 4470 τοῦ
1742 4415 1814 4490 ιη’
1854 4417 1960 4475 τίτ,

353 4490 458 4582 τοῦ
522 4490 571 4547 α’
606 4494 820 4564 βιϐλίου
864 4499 983 4554 ἐστὶ
1023 4500 1232 4573 βιϐλίον
1274 4503 1350 4572 ς’,
1385 4505 1518 4571 τίτ,,
1550 4507 1620 4575 α’,
1661 4526 1791 4580 κεφ.
1849 4510 1961 4582 μβ’.

351 4580 532 4648 οὕτως
560 4583 703 4655 ἔχον·
741 4586 803 4642 '0
831 4588 1018 4662 ἄρχων
1046 4595 1383 4665 φροπιζέτω
1410 4598 1511 4669 τῆς
1536 4599 1763 4672 εἰρήνης
1782 4580 1963 4674 ζητῶν

2085 3478 2436 3536 Novellarum
2468 3489 2554 3536 εει
2586 3480 2802 3536 novella
2860 3477 3161 3543 Iustiniani
3196 3477 3317 3532 120.
3356 3474 3470 3532 Hoc
3496 3483 3682 3532 autem

2084 3568 2206 3641 ejus
2237 3576 2403 3640 caput
2430 3584 2542 3627 non
2590 3576 2676 3626 est
2714 3568 2955 3640 positum
3006 3567 3064 3621 iu
3102 3565 3272 3624 Basil.

2152 3851 2373 3909 Textus.
2403 3850 2595 3907 Const.
2625 3848 2928 3921 2ejusdem
2964 3848 3047 3905 tit.
3082 3849 3253 3907 dicit:
3287 3847 3354 3905 Ut
3386 3864 3455 3905 ne
3488 3863 3672 3914 sacra,

2078 3955 2208 4011 etc.,
2240 3961 2405 4017 usque
2427 3944 2498 4000 ad
2529 3944 2655 4000 inde
2676 3943 2819 3999 actio
2848 3957 2956 3999 nou
2985 3949 3281 4015 competat,
3307 3951 3368 3997 ut
3387 3958 3515 4014 pag.
3545 3943 3685 3997 579-

2082 4038 2212 4098 582.

2153 4149 2449 4206 Scholium.
2479 4148 2718 4205 Constit.
2772 4148 2807 4203 2
2836 4147 2921 4203 tit.
2953 4146 2990 4201 2
3033 4144 3382 4202 Novellarum
3450 4153 3537 4201 est
3587 4160 3683 4200 uo-

2079 4239 2219 4296 vella
2240 4237 2537 4295 Justiuiani
2566 4237 2701 4302 l20,
2732 4236 2908 4309 posita
2934 4234 3065 4308 [quc
3087 4233 3196 4306 est]
3225 4234 3279 4288 iu
3305 4233 3402 4288 lib.
3427 4249 3459 4284 ν
3482 4233 3677 4299 Basil.,

2080 4334 2164 4389 tit.
2203 4332 2259 4400 2,
2297 4347 2421 4402 cap.
2448 4331 2542 4396 21,
2568 4330 2714 4401 quod
2748 4329 2930 4394 habet,
2961 4327 3099 4383 utin
3133 4334 3283 4382 textu
3318 4326 3680 4396 comprehcn-

2078 4441 2200 4482 sum
2229 4432 2333 4481 est.
2375 4424 2581 4495 Digest.
2642 4424 2709 4478 15
2763 4423 2847 4478 ιίι.
2890 4422 2957 4476 18
2992 4421 3090 4476 lib.
3126 4436 3141 4476 ι
3173 4428 3258 4475 εει
3286 4420 3381 4474 lib.
3409 4435 3485 4485 vr,
3520 4420 3603 4475 tit.
3637 4436 3676 4483 ι.

2076 4533 2199 4588 cap.
2234 4516 2326 4582 42,
2363 4516 2510 4587 quod
2538 4515 2617 4571 sic
2650 4514 2815 4569 habet
2849 4511 3102 4569 :Pra'ses
3139 4511 3292 4584 pacis
3338 4525 3529 4566 curam
3571 4510 3675 4565 ha-

2078 4612 2229 4673 beto.
2261 4608 2582 4680 sacrilegos,
2616 4606 2935 4679 plagiarios,
2978 4604 3149 4668 fures,
3180 4620 3246 4659 ac
3284 4601 3524 4678 [eorum]
3584 4620 3671 4659 re-

352 4674 488 4771 coit;-
524 4676 837 4747 ἱεροσύλους
870 4683 965 4736 καὶ
983 4684 1437 4757 ἀνδραποδιστὰς,
1474 4690 1572 4746 καὶ
1604 4692 1846 4758 κλέπτας
1870 4680 1972 4752 καὶ

2087 4710 2337 4771 ceptores
2358 4674 3035 4769 coarguimus—eorumque
3063 4674 3322 4751 delictum
3352 4693 3672 4767 [supplicio]

353 4766 766 4864 ἐποδοχείςᾉκαὶ
798 4772 938 4864 πρὸς
959 4775 1022 4831 τὸ
1071 4779 1457 4852 πλημμέλημα
1492 4782 1730 4849 ἐπεξιὼν
1750 4786 1959 4852 αὐτοῖς.

2087 4766 2434 4864 persequens.
2468 4766 2678 4861 bigest.
2736 4788 2772 4843 4
2828 4788 2915 4843 ι1ι.
2950 4766 2995 4841 2
3045 4786 3145 4842 lib.
3184 4803 3214 4841 x
3242 4794 3329 4842 est
3358 4766 3536 4841 Basil.
3575 4766 3671 4840 lib.

350 4857 433 4953 Τὸ
581 4861 723 4919 διάτ.
784 4863 881 4918 τοῦ
928 4865 974 4937 β’
1022 4867 1128 4924 τίτ.
1179 4869 1272 4925 τοῦ
1314 4868 1347 4925 ι’
1386 4870 1616 4943 βιϐλίου,
1682 4873 1799 4929 ἔστι
1851 4877 1962 4932 τῶν

2087 4857 2190 4948 ξιιι,
2232 4857 2315 4939 tit.
2345 4857 2630 4953 5,cap.'4,
2661 4880 2842 4935 thema
2871 4878 2929 4946 2,
2985 4877 3132 4949 quod
3177 4878 3314 4933 dicit
3351 4897 3366 4933 :
3419 4876 3676 4947 Exceptis

353 4949 665 5007 Βασιλικῶν
730 4955 937 5026 βιϐλίον
982 4959 1093 5033 μβ’,
1147 4962 1254 5018 τίτ,
1306 4965 1377 5032 γ“,
1426 4982 1553 5036 κεφ.
1585 4965 1649 5033 δ’,
1703 4967 1849 5041 θέμα
1891 4968 1957 5042 β’,

2087 4977 2203 5030 :uim
2245 4949 2585 5039 nominibus,
2634 4972 2860 5041 reliquae
2905 4984 2996 5026 res
3032 4970 3087 5024 in
3113 4967 3385 5039 judicium
3422 4967 3669 5031 familia.

348 5042 533 5113 λέγον·
588 5047 976 5122 Ἐξῃρημένων
1004 5053 1115 5107 τῶν
1141 5056 1320 5129 χρεῶν
1349 5058 1420 5111 τὰ
1456 5057 1622 5115 λοιπὰ
1656 5061 1959 5134 πράγματα

2092 5062 2397 5119 Γεὶεουηίίτε
2434 5060 2803 5122 deducunlur,
2860 5058 3028 5113 etiam
3083 5057 3229 5112 mala
3268 5057 3669 5113 medicamenta

349 5137 691 5208 κατάγονται
733 5143 817 5207 είς
863 5143 926 5199 τὸ
954 5145 1203 5219 διαιροῦν
1228 5151 1298 5221 τῇ
1324 5151 1561 5224 φαμιλίᾳ
1604 5152 1698 5207 τὸν
1751 5155 1955 5227 κλῆρον

2090 5168 2109 5212 ι
2174 5154 2300 5211 libri
2326 5152 2547 5227 jmagici
2603 5168 2669 5207 ac
2727 5150 2936 5208 similes
2988 5167 3002 5205 :
3058 5149 3155 5205 scd
3225 5148 3466 5205 ollicium
3506 5150 3665 5220 judi-

348 5228 733 5303 δικαστήριον,
762 5236 860 5289 καὶ
884 5237 956 5292 τὰ
986 5239 1136 5293 κακὰ
1166 5240 1459 5313 φάρμακα,
1492 5243 1588 5297 καὶ
1616 5244 1688 5299 τὰ
1739 5247 1955 5316 μαγικὰ

2087 5248 2144 5304 :is
2204 5257 2311 5314 est,
2354 5254 2415 5302 ut
2472 5245 2724 5316 protinus
2769 5244 2886 5300 haec
2942 5250 3281 5313 corrumpat.
3315 5242 3488 5299 Porro
3547 5258 3671 5311 quae

349 5322 559 5394 βιϐλία,
588 5327 685 5380 καὶ
712 5327 785 5382 τὰ
828 5330 1011 5402 ὃμοια.
1067 5332 1355 5404 Ὀφφίκιον
1400 5336 1458 5391 δὲ
1489 5337 1749 5393 δικαστοῦ
1773 5352 1958 5413 παρα-

2087 5341 2377 5414 ,εειὶιιιείω
2406 5340 2685 5411 peculatu,
2708 5339 2761 5393 vi
2788 5345 2884 5393 aut
2903 5351 3232 5409 aggressum
3257 5336 3488 5406 quaesita
3513 5345 3665 5400 sunt,

346 5416 547 5489 χρῆμα
578 5419 648 5475 τὰ
679 5422 908 5478 τοιαῦτα
948 5425 1308 5497 διαφθείρειν.
1354 5429 1431 5483 Οὐ
1462 5430 1757 5503 διαιρεῖται
1797 5433 1856 5488 δὲ
1890 5434 1959 5488 τὰ

2087 5452 2173 5493 ιοη
2226 5435 2571 5491 dividuntur.
2628 5431 2712 5489 'l'u
2756 5447 2891 5489 vero
2941 5430 3086 5489 scias
3121 5429 3270 5503 quod
3315 5443 3660 5500 qumcnuque

345 5509 459 5564 ἀπὸ
498 5512 804 5585 ἱεροσυλίας
840 5519 1187 5593 κτηθέντα,ἢ
1219 5521 1290 5576 τὰ
1320 5522 1429 5576 ἀπὸ
1454 5524 1632 5596 δήμου
1672 5524 1956 5583 κλαπέντα

2087 5528 2200 5583 aala
2233 5526 2339 5583 ﬁde
2380 5527 2677 5583 defunctus
2723 5523 2991 5595 possedit,
3027 5537 3139 5577 non
3195 5520 3544 5576 deducantur
3605 5520 3659 5574 iu

344 5602 381 5674 ἢ
418 5604 527 5658 ἀπὸ
562 5607 685 5678 βίας
740 5610 1031 5683 κτηθέντα,
1067 5612 1101 5685 ἢ
1141 5613 1360 5685 ἐφόδου.
1389 5616 1464 5672 Σὺ
1492 5616 1551 5671 δὲ
1584 5617 1824 5687 γίνωσκε
1868 5621 1951 5675 δτι

2087 5622 2276 5677 lmilize
2294 5619 2637 5678 erciscundae
2674 5617 2971 5690 judicium,
3013 5614 3110 5672 sed
3150 5614 3535 5671 custodiantur
3559 5612 3662 5669 do-

344 5694 532 5750 πάντα
589 5699 693 5755 ὅσα
748 5706 894 5775 κακῇ
947 5705 1130 5760 πίστει
1159 5706 1387 5778 νέμεται
1441 5708 1833 5783 ὁτελευτήσας
1884 5713 1945 5767 οὐ
2049 5716 2221 5770 mino.

344 5791 653 5862 κατάγεται
685 5797 768 5863 είς
790 5799 851 5854 τὸ
886 5800 1221 5874 διαιρετικὸν
1269 5803 1661 5876 δικαστήριον,
1715 5808 1852 5863 ἀλλὰ
1916 5811 2248 5879 φυλάττεται
2308 5808 2387 5881 τῷ
2445 5810 2564 5882 ίδίῳ
2608 5806 2849 5879 δεσπότῃ
2898 5803 3174 5875 ἀμείωτα.
3232 5802 3308 5857 Τδ
3376 5798 3472 5868 κε’
3514 5799 3639 5857 διάτ

342 5886 445 5942 τοῦ
471 5888 518 5942 α“
556 5888 660 5946 τίτ.
696 5890 789 5947 τοῦ
827 5892 909 5964 με’
964 5894 1172 5966 βιϐλίου
1225 5897 1343 5950 ἐστὶ
1401 5915 1526 5970 κερ.
1562 5898 1640 5953 κδ’
1672 5901 1769 5955 τοῦ
1802 5909 1849 5957 α’
1883 5905 1988 5959 τίτ,
2022 5905 2113 5958 τοῦ
2159 5905 2247 5975 gr,"
2285 5902 2495 5979 βιϐλίου
2541 5904 2699 5974 λέγον
2720 5901 2787 5955 τὰ
2819 5898 2979 5956 αὑτά.
