4146 6434
569 392 710 462 1047

1655 390 1921 453 ΡΗΟΤΙΙ
1941 389 2457 453 PATRIAllClI/E
2490 395 2599 456 CP.

3714 399 3837 469 1013

640 508 861 565 Tactus.
896 507 967 565 Et
990 507 1088 566 lib.
1121 505 1212 574 48,
1236 505 1325 561 tit.
1356 504 1413 571 ι,
1443 503 1644 575 digest.
1679 503 1703 558 1
1735 503 1925 571 :Quod
1953 502 2165 559 crimen

2340 504 2654 575 Κείμενον.
2683 506 2796 562 Καὶ
2840 506 3049 580 βιϐλίον
3087 507 3202 583 pq’,
3241 510 3344 567 τίτ.
3377 507 3446 579 δ’,
3486 511 3631 570 διάτ.
3669 514 3735 571 α’·
3775 520 3846 575 ὅτι

564 604 708 659 133533
731 602 1061 673 maiestatis,
1083 610 1213 669 etc.,
1245 615 1407 671 usque
1431 597 1499 652 ad
1523 595 1706 653 delicti
1744 596 2076 668 puniuntur,
2104 605 2163 650 ut

564 696 848 769 pag.582.

640 789 943 845 Scltolium.
970 786 1357 861 Digestum‘lG,
1389 787 1474 841 tit.
1510 786 1561 851 l,
1596 783 1693 839 lib.
1713 800 1818 839 XLV
1849 782 2052 855 Digest.
2084 790 2169 838 est

566 886 662 941 lib.
688 885 857 941 Basil.
884 902 1038 944 xun,
1068 884 1149 938 tit.
1182 884 1232 949 1,
1258 898 1378 952 cap.
1399 881 1490 945 25,
1520 882 1666 952 quod
1686 881 1761 936 ait
1795 898 1807 933 :
1834 878 2050 949 Turpes
2072 877 2171 933 sti-

568 980 877 1051 pulationes
906 979 1113 1034 nullius
1142 986 1270 1031 sunt
1299 975 1561 1030 momenti
1599 995 1611 1029 :
1650 975 1812 1030 veluti
1839 974 1884 1030 si
1911 972 2038 1043 quis
2074 973 2172 1025 lio-

569 1073 853 1128 micidium
885 1072 970 1126 vel
1005 1068 1355 1139 sacrilegium
1404 1068 1691 1140 pro-uiuat
1748 1083 1809 1123 se
1861 1066 2162 1121 facturum.

567 1165 759 1237 Neque
799 1166 945 1221 enim
1002 1178 1069 1219 ex
1122 1163 1438 1232 linjusmodi
1483 1156 1965 1233 [obligationibus]
2024 1156 2170 1211 actio

573 1260 861 1330 competit.

648 1352 814 1405 Aliud
842 1350 1125 1405 scholium.
1162 1347 1368 1417 Digest.
1397 1347 1421 1400 l
1456 1346 1538 1402 tit.
1571 1347 1605 1401 Al
1632 1345 1728 1400 lib.
1767 1358 1936 1399 xum
1964 1342 2169 1413 Digest.

568 1454 652 1501 est
676 1442 845 1499 Basil.
869 1430 966 1498 lib.
995 1458 1086 1507 Lx,
1116 1441 1199 1495 tit.
1227 1439 1317 1505 56,
1348 1454 1471 1509 cap.
1507 1440 1559 1504 1,
1583 1438 1729 1509 quod
1760 1437 1897 1492 dicit
1925 1454 1938 1491 :
1962 1433 2073 1490 Lex
2106 1434 2175 1489 de

574 1529 926 1605 [majestatis]
953 1528 1369 1585 insidiatoribus
1398 1526 1595 1583 similis
1632 1533 1717 1579 est
1751 1525 1885 1595 legis
1906 1524 1975 1578 de
2017 1521 2176 1577 adul—

572 1624 732 1691 terio,
770 1632 826 1679 et
855 1631 1074 1678 tenetur
1096 1621 1211 1688 illa,
1257 1618 1351 1690 qui
1389 1619 1654 1673 adversus
1678 1617 1937 1687 populum
1970 1616 2175 1669 Roma-

574 1732 705 1772 num
742 1713 996 1787 [aliquid]
1028 1712 1309 1769 commisit
1331 1727 1347 1775 ;
1368 1719 1423 1765 et
1469 1711 1564 1781 qui
1594 1709 1722 1764 dolo
1755 1708 1949 1781 [malo]
1973 1707 2174 1773 ell‘ecit,

575 1818 633 1865 ut
676 1808 900 1863 obsides
950 1805 1165 1874 injussu
1211 1803 1480 1875 principis
1532 1801 1933 1868 interciderint,
1982 1809 2046 1857 ut
2084 1816 2177 1855 ar-

576 1899 709 1955 mati
746 1898 1000 1953 homines
1027 1897 1082 1952 in
1110 1896 1247 1951 urbe
1276 1894 1541 1951 adversus
1592 1893 1781 1948 urbem
1820 1892 1953 1957 sint,
2004 1899 2067 1946 ut
2097 1890 2179 1945 lo-

576 2010 679 2051 cus
724 1989 975 2064 [aliquis]
1017 1999 1113 2046 aut
1162 1989 1365 2059 templa
1413 1996 1705 2058 occupata,
1742 1986 1828 2041 vel
1880 1984 2177 2041 seditiosus

578 2094 887 2143 conventus
935 2082 1117 2140 factus
1149 2084 1240 2148 sit,
1290 2092 1351 2139 ut
1385 2082 1738 2151 magistratus
1787 2078 2175 2142 occideretur;

578 2187 635 2234 et
663 2178 759 2250 qui
795 2176 1050 2231 hostibus
1082 2174 1335 2230 nuntium
1368 2172 1696 2229 autlittcras
1724 2170 1894 2237 misit,
1928 2170 2176 2242 signum-

581 2286 645 2325 ve
683 2268 854 2334 dedit,
900 2276 995 2323 aut
1041 2266 1248 2336 alioqui
1304 2266 1454 2336 ipsos
1483 2265 1644 2336 juvit,
1676 2274 1728 2318 et
1782 2262 2035 2317 adulatus
2062 2270 2176 2326 est;

580 2361 674 2433 qui
714 2358 997 2433 [denique]
1064 2359 1269 2415 milites
1331 2358 1598 2413 adversus
1656 2356 2050 2423 rempublicam
2108 2353 2173 2406 ad

581 2455 909 2512 seditionem
938 2453 1303 2508 tumultumve
1333 2449 1715 2506 concitaverit.
1753 2448 1874 2519 Dig.
1910 2447 1962 2508 l.
1992 2447 2080 2501 tit.
2110 2446 2178 2500 15

580 2546 828 2617 ejusdem
860 2545 956 2600 lib.
984 2543 1212 2615 Digest.,
1242 2552 1327 2599 est
1356 2543 1453 2597 lib.
1484 2558 1574 2608 LX,
1603 2541 1687 2596 tit.
1706 2540 1797 2607 45,
1823 2555 1944 2610 cap.
1963 2540 1999 2593 2
2028 2558 2041 2595 :
2074 2539 2179 2593 Pc-

581 2637 800 2692 culatus
850 2634 1041 2708 [actio]
1091 2644 1345 2691 movetur
1399 2632 1669 2688 adversus
1730 2632 1910 2698 illum,
1968 2631 2063 2701 qui
2110 2646 2176 2685 ex

581 2732 811 2804 pecunia
848 2744 1030 2793 sacra,
1064 2728 1322 2798 religiosa
1376 2726 1664 2798 publicave
1708 2722 1889 2797 [quid]
1930 2722 2175 2787 abstulit,

583 2824 665 2879 vel
705 2823 761 2879 in
810 2838 927 2878 rem
971 2836 1128 2877 suam
1171 2819 1463 2886 convertit,
1501 2818 1669 2889 quive
1707 2818 1835 2872 dolo
1886 2815 2089 2880 ell‘eeit,
2120 2822 2182 2869 ut

584 2918 781 2972 horum
819 2914 1105 2987 quidpiam
1135 2913 1291 2969 ﬁeret
1329 2911 1479 2966 :nisi
1509 2911 1555 2967 si
1599 2911 1686 2965 cui
1719 2925 1749 2965 a
1775 2909 1894 2979 lege
1929 2905 2031 2980 [id]
2066 2921 2183 2977 per-

583 3011 817 3067 missum
847 3008 937 3065 sit.
989 3003 1384 3079 [Denique]qui
1420 3016 1557 3058 auro
1611 3012 1909 3072 argentove
1960 2997 2181 3069 publico

583 3119 659 3161 tes
687 3102 773 3159 vel
821 3101 968 3157 aliud
1020 3097 1352 3173 [quidpiam]
1396 3112 1506 3168 quo
1537 3110 1601 3152 ea
1637 3094 1821 3166 pejora
1877 3092 2029 3159 ﬁant,
2079 3091 2180 3146 im-

584 3194 827 3251 miscuit.
864 3192 1071 3266 Digest.
1104 3201 1290 3248 autem
1328 3192 1363 3246 4
1402 3189 1459 3245 in
1518 3187 1685 3243 Basil.
1738 3200 1849 3241 non
1904 3193 1992 3242 est
2034 3183 2183 3256 posi-

585 3300 725 3344 tum.

657 3379 759 3435 Ius
790 3379 1096 3451 positivum.
1126 3377 1332 3450 Digest.
1361 3377 1394 3432 6
1432 3395 1444 3431 :
1478 3375 1555 3431 Ex
1584 3388 1739 3431 sacra
1778 3373 1893 3429 aede
1919 3371 2186 3444 privatas,

585 3483 717 3541 etc.,
745 3489 909 3545 usque
939 3473 1008 3527 ad
1039 3470 1117 3545 [in
1141 3469 1370 3543 judicio]
1401 3470 1702 3535 conveniri,
1738 3467 1861 3524 182.

660 3566 959 3622 Scholium.
1008 3563 1214 3634 Digest.
1273 3565 1306 3618 6
1361 3564 1447 3618 tit.
1500 3563 1536 3617 4
1588 3562 1684 3616 lib.
1756 3573 1925 3615 vam
1977 3558 2185 3630 Digest.

590 3669 675 3717 est
700 3659 867 3715 Basil.
921 3658 1017 3714 lib.
1062 3673 1156 3722 ιι,
1194 3658 1281 3713 tit.
1318 3657 1410 3721 45,
1462 3672 1584 3726 cap.
1644 3655 1699 3722 6,
1736 3664 1789 3709 ct
1832 3655 1911 3709 ait
1943 3672 1957 3709 :
1995 3652 2190 3708 Subri-

593 3767 720 3822 pere
749 3766 816 3807 ex
854 3765 1010 3806 sacra
1042 3749 1157 3805 atde
1211 3749 1475 3820 pecunias
1513 3748 1776 3818 privatas,
1818 3761 1926 3801 non
1962 3744 2190 3801 sacrile-

591 3845 764 3916 gium.
811 3844 906 3901 sed
940 3843 1149 3899 l‘urtum
1189 3850 1293 3900 est.
1329 3842 1448 3914 Dig.
1499 3841 1565 3897 16
1626 3844 1709 3897 tit.
1757 3841 1825 3897 59
1871 3840 1966 3897 lib.
2016 3856 2186 3895 ILVlll

595 3938 797 4008 Digest.
827 3944 911 3992 est
938 3935 1033 3991 lib.
1069 3936 1231 3992 Basil.
1268 3950 1358 4001 ιτ,
1381 3935 1445 3989 tit
1474 3935 1563 3998 51,
1599 3948 1721 4005 cap.
1762 3933 1847 4002 l6,
1882 3933 2028 4005 quod
2062 3935 2139 3987 ait
2172 3951 2185 3986 :

592 4028 797 4083 Locum
824 4026 1007 4083 facere
1038 4024 1121 4099 [ut
1150 4024 1418 4097 idemvel]
1441 4025 1645 4080 furtum
1676 4025 2025 4096 sacrilegium
2046 4022 2191 4097 [sit].

595 4123 661 4177 Et
693 4120 949 4177 videntur
995 4120 1214 4192 quidem
1260 4120 1537 4176 contraria
1589 4134 1712 4176 esse
1761 4119 1927 4193 [haec]
1984 4120 2188 4189 capita,

594 4229 700 4270 non
733 4224 862 4270 sunt
886 4211 1393 4285 tamen.Ac[certc]
1415 4212 1633 4283 quidem
1663 4212 1903 4283 privatas
1928 4212 2191 4282 pecunias

592 4309 689 4379 qui
724 4308 957 4377 furatur,
981 4309 1200 4363 tametsi
1242 4322 1306 4363 ex
1340 4307 1461 4362 loco
1491 4322 1649 4361 sacro
1670 4305 1904 4372 furetur,
1935 4305 2024 4361 l‘ur
2061 4314 2186 4361 cst:

596 4402 694 4472 qui
752 4410 935 4457 autem
978 4400 1090 4455 Deo
1121 4399 1374 4457 dedicata
1425 4398 1662 4465 furatur,
1695 4398 1912 4454 tametsi
1959 4413 2028 4454 ex
2068 4398 2191 4454 loco

595 4495 808 4563 privato
857 4493 1093 4558 furetur,
1126 4503 1389 4563 tanquam
1446 4492 1751 4562 sacrilegus
1796 4500 2036 4546 tenetur.
2087 4489 2193 4545 Ve-

2268 599 2455 669 ὃμοιόν
2486 601 2627 670 ἐστι,
2670 619 2729 657 κ.
2759 619 2808 655 τ.
2840 599 2915 671 λ.,
2951 618 3130 675 usque
3163 605 3231 660 ad
3264 600 3666 680 ἁμαρτήματος
3695 627 3849 683 τιμω·

2271 709 2517 764 ρουνται.

2342 789 2622 856 Σχόλιον.
2664 790 2740 845 Τὸ
2774 797 2868 857 κς¹
2893 791 3035 847 διάτ.
3091 792 3187 847 τοῦ
3244 793 3293 848 α’
3345 794 3454 849 τίτ.
3516 795 3612 849 τοῦ
3662 794 3738 868 με’
3780 798 3851 870 βι·

2273 881 2423 935 ϐλίου
2454 882 2563 936 τῶν
2588 883 2809 950 Διατάξ.
2846 886 2965 941 ἐστι
3016 887 3221 957 βιϐλίον
3273 888 3378 943 τῶν
3417 890 3723 945 Βασιλικῶν
3755 891 3849 962 pf,

2271 974 2378 1028 τίτ.
2430 974 2499 1040 α’,
2558 994 2685 1047 κεφ.
2740 975 2840 1044 κε’,
2880 978 3060 1048 λέγον·
3092 982 3159 1033 At
3212 980 3435 1052 αἰσχραὶ
3502 981 3853 1054 ὲπερωτήσεις

2272 1069 2556 1141 ἀνίσχυροί
2585 1073 2745 1137 εἰσιν,
2797 1071 2873 1136 ὡς
2915 1074 3047 1128 ὅταν
3076 1091 3160 1138 τις
3194 1075 3431 1146 ὁμολογῇ
3470 1075 3635 1145 φόνον
3701 1081 3854 1132 ποιεῖν

2273 1160 2304 1231 ἢ
2359 1162 2703 1231 ἱεροσυλίαν,
2766 1164 2892 1220 οὗτε
2932 1166 3043 1238 γὰρ
3105 1166 3298 1239 ἀγωγὴ
3348 1169 3412 1221 ὲκ
3462 1168 3574 1223 τῶν
3622 1170 3857 1225 τοιούτων

2276 1255 2528 1326 ἁρμόζει.

2350 1349 2600 1418 Ἕτερον
2663 1352 2943 1421 σκόλιον.
3007 1352 3083 1407 Τὸ
3142 1350 3192 1409 α’
3226 1353 3368 1410 διάτ.
3403 1353 3499 1409 τοῦ
3534 1354 3603 1409 ,δ’
3634 1355 3736 1412 τίτ.
3778 1358 3857 1411 τοῦ

2280 1441 2369 1513 μη⁹
2429 1442 2638 1514 βιϐλίου
2664 1444 2774 1499 τῶν
2803 1445 3027 1512 Διάταξ.
3062 1447 3177 1501 ἔστι
3205 1448 3313 1502 τῶν
3341 1448 3652 1503 Βασιλικῶν
3675 1448 3857 1519 βιϐλίον

2279 1533 2341 1600 ξ’,
2371 1535 2479 1589 τίτ.
2507 1534 2618 1602 λς’,
2654 1554 2779 1607 κεφ.
2820 1544 2891 1604 a',
2925 1538 3108 1607 λέγον·
3158 1539 3216 1593 ’0
3244 1540 3376 1611 περὶ
3414 1541 3529 1595 τῶν
3582 1540 3857 1595 ἐπιϐούλων

2277 1628 2441 1699 νόμος
2468 1629 2652 1700 ὅμοιός
2692 1631 2811 1685 ἐστι
2853 1630 2931 1702 τῷ
2965 1632 3097 1704 περὶ
3130 1633 3459 1704 ἱεροσυλίας,
3496 1634 3593 1688 καὶ
3639 1634 3857 1705 ἐνέχεται

2281 1720 2430 1790 αύτῴ
2460 1721 2488 1774 ό
2528 1720 2674 1775 κατὰ
2732 1721 2829 1776 τοῦ
2902 1722 3213 1793 Ῥωμαῖκοῦ
3238 1724 3415 1796 δήμου
3450 1724 3849 1797 πλημμελήσας·

2285 1813 2380 1866 καὶ
2406 1814 2434 1867 ό
2470 1816 2781 1881 σπουδάσας
2811 1818 2957 1871 κατὰ
2985 1816 3137 1872 δόλον
3158 1819 3311 1890 παρὰ
3341 1819 3595 1873 κέλευσιν
3626 1817 3860 1889 βασιλέως

2286 1907 2642 1980 ἀναιρεθῆναι
2677 1911 2803 1974 τοὺς
2824 1911 3152 1985 όμήρους,ἢ
3201 1914 3289 1966 ἵνα
3336 1912 3554 1967 ἔνοπλοι
3615 1912 3859 1984 ἄνθρωποι

2288 2000 2431 2053 κατὰ
2458 2001 2556 2071 τῆς
2594 2001 2803 2066 πόλεως
2846 2002 2903 2057 ὲν
2933 2003 3089 2057 πόλει
3118 1996 3273 2070 ὦσιν,
3310 2004 3343 2076 ἢ
3385 2004 3474 2058 ἵνα
3509 2003 3727 2074 τόποςῆ
3762 2001 3860 2073 ἱερά

2289 2092 2722 2163 κατασχΞΟῶσιν,
2756 2093 2789 2164 ἢ
2838 2092 3143 2167 στασιώδης
3176 2096 3405 2168 γένηται
3434 2095 3676 2161 σύνοδος,
3711 2095 3742 2167 ἦ
3786 2094 3858 2147 ἵνα

2284 2183 2517 2255 φονευθῇ
2544 2186 2571 2238 ό
2589 2185 2795 2256 ἄρχων·
2828 2187 2924 2239 καὶ
2953 2187 2981 2239 ό
3004 2185 3142 2258 πρὸς
3170 2190 3299 2251 τοὺς
3329 2188 3626 2259 πολεμίους
3651 2185 3852 2257 ἄγγελον

2288 2274 2321 2345 ἢ
2358 2276 2666 2347 γράμματα
2716 2277 2945 2349 πέμψας
2986 2279 3020 2351 ἢ
3060 2282 3285 2351 σημεῖον
3343 2283 3531 2346 αὐτοῖς
3563 2278 3857 2348 δεδωκὼς,ἦ

2287 2368 2461 2433 ἄλλως
2494 2369 2770 2442 βοηθήσας
2796 2373 3001 2437 αὐτοῖς·
3035 2374 3130 2429 καὶ
3159 2374 3535 2441 ὑπονοθεύσας
3564 2376 3596 2447 ἢ
3639 2373 3860 2446 ἐρεθίσας

2292 2463 2635 2533 στρατιώτας
2672 2466 2810 2537 πρὸς
2849 2467 3097 2541 στάσινῆ
3136 2467 3367 2540 θόρυϐον
3404 2469 3550 2524 κατὰ
3589 2467 3684 2538 τῆς
3732 2466 3857 2520 πολι-

2286 2556 2458 2620 τείας.
2514 2556 2589 2609 Τὸ
2651 2555 2700 2613 α’
2732 2558 2873 2614 διάτ.
2924 2559 3017 2621 τοῦ
3080 2558 3149 2629 ιγ’
3177 2560 3283 2616 τίτ.
3319 2560 3413 2616 τοῦ
3474 2560 3639 2616 αὐτοῦ
3685 2560 3857 2631 βιϐλίου

2286 2647 2397 2701 τῶν
2435 2648 2588 2703 Διάτ.
2647 2652 2763 2705 ἐστι
2818 2651 3024 2723 βιϐλίον
3081 2651 3147 2721 ξ’,
3176 2654 3283 2710 τίτ.
3321 2651 3425 2726 με’,
3460 2672 3589 2724 κεφ.
3636 2652 3697 2726 β”
3739 2652 3789 2706 Ὁ
3812 2652 3857 2705 δὲ

2290 2743 2661 2806 πεκουλάτους
2690 2746 2924 2799 κινεῖται
2954 2748 3097 2802 κατὰ
3141 2746 3236 2802 τοῦ
3282 2748 3621 2819 ύφελομένου
3669 2748 3729 2801 ἐκ
3767 2745 3855 2800 τῶν

2293 2835 2480 2907 ίερῶν,
2512 2835 2545 2905 ἢ
2572 2835 2683 2889 τῶν
2708 2836 2993 2907 μνημείων
3021 2837 3054 2910 ἢ
3085 2838 3365 2910 δημοσίων
3390 2880 3406 2907 ,
3430 2839 3466 2912 ἢ
3503 2836 3803 2912 χρημάτων,
3828 2834 3854 2905 ἤ

2295 2926 2630 2999 στρέψαντος
2661 2930 2740 2993 είς
2770 2928 2907 2994 ἰδίας
2942 2931 3188 3001 χρήσεις.
3229 2932 3379 3003 Πλὴν
3426 2933 3539 2987 τῶν
3588 2930 3692 2989 ἀπὸ
3720 2928 3855 2999 νόμου

2291 3016 2808 3089 ἐπιτετραμμένων,
2862 3020 2958 3074 καὶ
2999 3020 3111 3073 τῶν
3154 3022 3695 3094 παρασκευασάντων
3743 3015 3857 3073 κατὰ

2291 3109 2447 3164 δόλον
2496 3108 2747 3178 γίνεσθαί
2781 3127 2837 3164 τι
2893 3110 3140 3180 τούτων,
3201 3112 3296 3168 καὶ
3355 3112 3451 3166 τοῦ
3520 3112 3758 3186 μίξαντος
3797 3106 3857 3177 τῷ

2291 3197 2543 3271 δημοσίῳ
2575 3200 2767 3273 χρυσῷ
2796 3201 2828 3271 ἢ
2878 3200 3107 3275 ἀργύρῳ
3128 3202 3349 3275 χαλκὸν,
3381 3203 3414 3274 ἢ
3444 3204 3633 3277 ἕτερον
3659 3200 3858 3274 βλάπτον

2298 3290 2457 3345 asta.
2488 3291 2563 3345 Τὸ
2592 3290 2632 3345 δ’
2666 3292 2914 3348 διάτ.ούκ
2949 3294 3111 3361 ἐτέθη
3141 3295 3224 3360 εἰς
3247 3298 3313 3351 τὰ
3336 3294 3625 3350 Βασιλικά.

2367 3386 2678 3455 Κείμενον.
2707 3386 2860 3440 Διάτ.
2900 3384 2976 3453 ς’,
2998 3386 3073 3441 Τὸ
3092 3388 3151 3454 ὲξ
3179 3387 3326 3460 ίεροῦ
3353 3387 3603 3442 ἰδιωτικὰ
3620 3383 3855 3458 χρήματα,

2297 3495 2351 3531 κ.
2384 3494 2435 3531 τ.
2467 3479 2516 3531 λ.
2542 3492 2716 3550 usque
2738 3479 2805 3534 ad
2838 3478 3080 3551 κλέπτης
3110 3479 3385 3550 ὲνάγεται.

2370 3570 2649 3639 Σχόλιον.
2681 3571 2756 3624 Τὸ
2787 3569 2841 3636 ς’
2868 3571 3008 3625 διάτ.
3034 3570 3129 3625 τοῦ
3177 3570 3220 3626 δ’
3245 3571 3352 3626 τίτ.
3419 3571 3517 3626 τοῦ
3572 3567 3659 3643 μη¹
3690 3562 3856 3640 βιϐλίου

2299 3662 2410 3718 τῶν
2463 3664 2617 3719 Διάτ.
2659 3663 2777 3718 ἔστι
2802 3664 2910 3719 τῶν
2949 3664 3261 3719 Βασιλικῶν
3298 3664 3507 3737 βιϐλίον
3550 3665 3611 3733 ξ’,
3652 3662 3745 3717 τίτ.
3775 3660 3854 3727 με’,

2300 3774 2427 3825 κεφ.
2465 3762 2543 3821 ς’,
2572 3756 2666 3811 καί
2702 3775 2836 3828 φησι
2858 3773 2872 3789 ⁸
2915 3758 2988 3811 Τὸ
3011 3757 3308 3828 ὑφελέσθαι
3336 3757 3445 3813 ἀπὸ
3478 3756 3624 3830 ἱεροῦ
3641 3753 3857 3827 χρήματα

2302 3846 2548 3900 ἰδιωτικὰ
2593 3847 2695 3900 οὐκ
2735 3847 2884 3900 ἐστιν
2938 3846 3252 3919 ἱεροσυλία,
3308 3846 3443 3902 ἀλλὰ
3472 3845 3666 3916 κλοπή.
3698 3839 3761 3893 Τὸ
3800 3830 3857 3898 ις’

2297 3935 2439 3990 διάτ.
2470 3935 2565 3989 τοῦ
2621 3936 2697 3992 νθ“
2746 3935 2853 3992 τίτ.
2885 3936 2978 3990 τοῦ
3040 3935 3132 4007 μη¹
3168 3936 3374 4007 βιϐλίου
3420 3936 3533 3990 τῶν
3569 3927 3858 3993 Διατάξεωνς

2301 4030 2418 4084 ἔστι
2480 4030 2589 4082 τῶν
2640 4029 2946 4084 Βασιλικῶν
2973 4030 3179 4101 βιϐλίον
3226 4028 3290 4097 ξ’,
3324 4031 3432 4084 τίτ.
3470 4028 3573 4093 να’,
3619 4041 3733 4093 κεφ.
3779 4014 3854 4079 ις’.

2302 4121 2462 4191 λέγον
2491 4134 2506 4151 '
2544 4121 2649 4174 Τὸν
2678 4121 2841 4173 τόπον
2892 4120 3069 4174 ποιεῖν
3119 4120 3221 4191 τὴν
3267 4119 3496 4190 κλοπὴν,
3534 4119 3566 4189 ἢ
3602 4114 3694 4184 τὴν
3744 4108 3856 4174 ἱερου

2304 4213 2513 4269 συλίαν.
2536 4213 2649 4267 Καὶ
2678 4211 2964 4282 φαίνονται
3009 4210 3109 4282 μὲν
3140 4208 3357 4264 ἐναντία
3387 4210 3456 4263 τὰ
3485 4225 3634 4278 κεφ.,
3657 4198 3745 4256 οὔκ
3773 4194 3857 4248 εἶσι

2302 4306 2397 4372 δὲ,
2422 4286 2539 4359 ἀλλ’
2580 4307 2609 4359 ὁ
2652 4305 2754 4375 μὲν
2800 4303 3050 4359 ἰδιωτικὰ
3088 4305 3347 4375 χρήματα
3392 4300 3663 4363 κλέπτων,
3693 4290 3785 4347 κᾶν
3809 4283 3857 4375 ἐξ

2307 4397 2459 4470 ίεροῦ
2484 4371 2676 4461 τόπου,
2700 4396 2945 4468 κλέπτης
2967 4371 3139 4450 ἐστίν-ξ
3157 4371 3215 4449 'D
3239 4394 3296 4448 δὲ
3316 4392 3385 4448 τὰ
3407 4384 3777 4458 ἁνατεθειμένα
3796 4371 3857 4470 ﬁt?

2303 4466 2423 4564 Θεῷ
2446 4492 2718 4557 κλέπτων,
2747 4490 2851 4545 κᾶν
2881 4466 2941 4556 ἐξ
2964 4487 3234 4543 ἰδιωτικοῦ
3251 4488 3418 4543 τόπου
3449 4486 3639 4557 κλέψῃ,
3658 4480 3726 4542 ὡς
3753 4466 3860 4542 ἱερθ

597 4597 911 4643 rumtamen
941 4588 1074 4658 quia
1110 4595 1240 4643 sunt
1288 4601 1377 4641 res
1409 4586 1660 4656 qumdam
1700 4599 1871 4641 sacra:
1924 4582 2037 4638 Deo
2084 4598 2185 4638 non

2308 4586 2465 4665 συλος
2493 4586 2764 4657 ἐνέχεται.
2803 4584 2950 4657 Πλὴν
2995 4583 3122 4638 ἐπεὶ
3150 4583 3255 4637 εἰσί
3285 4600 3408 4637 τινα
3433 4581 3553 4652 ἱερὰ
3584 4576 3653 4650 μὴ
3700 4572 3857 4665 ἀνατε-

596 4680 883 4743 dedicatae,
917 4679 1086 4734 veluti
1137 4678 1437 4734 simulacra
1489 4694 1613 4749 quae
1655 4677 1913 4748 privatim
1968 4676 2038 4732 ad
2091 4691 2196 4731 nos

601 4771 895 4838 pertinent.
925 4779 981 4824 et
1008 4771 1217 4839 reliqua
1249 4772 1484 4825 necdum
1529 4763 1748 4838 templis
1800 4776 2196 4822 autmonaste-

599 4861 697 4916 riis
727 4860 975 4916 dedicata
1012 4878 1024 4915 :
1055 4862 1358 4917 secundum
1394 4862 1499 4918 hoc
1531 4862 1663 4916 dicit
1700 4860 1765 4915 l6
1816 4876 1938 4931 cap.
1988 4860 2069 4915 tit.
2106 4858 2194 4922 5-1,

602 4953 696 5007 lib.
734 4969 827 5019 Lx,
864 4954 1043 5009 locum
1081 4954 1260 5008 facere
1304 4953 1509 5008 furtum
1541 4965 1636 5009 aut
1681 4955 2054 5025 sacrilegium.
2093 4952 2197 5019 Qui

601 5047 746 5101 enim
784 5061 999 5102 sacram
1064 5036 1363 5117 imaginem
1424 5048 1475 5102 in
1536 5048 1673 5103 cella
1726 5057 1915 5103 nostra
1962 5047 2197 5113 furatur,

604 5156 710 5194 non
746 5140 1048 5211 sacrilegus
1097 5149 1200 5205 est,
1233 5143 1325 5195 sed
1375 5140 1483 5196 fur.
1520 5139 1858 5213 [Siquidem]
1890 5141 1937 5196 si
1991 5142 2094 5196 hoc
2128 5141 2200 5194 ita

603 5251 711 5288 mm
772 5233 1301 5302 interprelalmntur,
1330 5249 1453 5287 eum
1486 5235 1581 5303 qui
1626 5236 1962 5289 numismata
2003 5233 2200 5305 imagi-

605 5342 727 5382 nem
777 5326 981 5382 Christi
1026 5335 1121 5381 aut
1171 5325 1262 5381 Dei
1307 5326 1607 5382 Genitricis
1644 5327 1907 5382 habentia
1966 5327 2200 5391 furatur,

605 5431 867 5492 tanquam
901 5422 1302 5492 sacrilegumin
1330 5424 1424 5492 jus
1453 5423 1660 5487 vocari,
1696 5422 1922 5478 omnino
1955 5422 2204 5495 [necesse

603 5524 709 5580 est,
750 5512 1107 5587 ut]dicamus
1140 5515 1286 5583 quod
1322 5514 1481 5586 [sane
1510 5513 1588 5587 et]
1642 5516 1945 5571 absurdum
1988 5514 2117 5588 [est]
2150 5525 2207 5571 et

606 5608 828 5663 falsum.
863 5606 1059 5662 Const.
1090 5608 1146 5671 5,
1175 5608 1239 5661 tit
1270 5607 1325 5672 2,
1372 5608 1465 5661 lib.
1494 5624 1546 5662 vr
1609 5609 1731 5663 cod.
1762 5617 1848 5663 est
1894 5608 2061 5665 Basil.
2109 5609 2204 5663 lib.

604 5716 695 5765 1.x,
728 5701 811 5754 tit.
840 5699 894 5765 6,
928 5715 1049 5771 cap.
1090 5702 1189 5765 20,
1222 5699 1370 5769 quod
1407 5701 1537 5755 dicit
1573 5718 1585 5753 :
1624 5702 1727 5766 Qui
1764 5716 1877 5755 rem
1925 5701 2205 5757 hauddum

604 5789 913 5842 dedicatam
955 5791 1190 5851 furatur,
1239 5788 1369 5843 furti
1416 5799 1646 5845 tenetur.
1680 5790 1796 5847 Non
1830 5792 1973 5847 enim
2032 5792 2205 5848 sacri-

606 5878 758 5949 legus
799 5891 904 5949 est,
938 5883 1030 5953 qui
1078 5898 1194 5939 rem
1254 5884 1496 5942 nondum
1546 5896 1925 5943 consecratam
1968 5886 2204 5944 furatur.

2301 4658 2527 4751 θειμένα
2557 4678 2636 4750 τῷ
2665 4678 2786 4750 Θεῷ
2815 4679 2890 4742 ὡς
2916 4679 2984 4732 τὰ
3013 4678 3196 4741 ίδικῶς
3232 4677 3365 4746 ἡμῖν
3401 4675 3715 4744 διαφέροντα
3742 4658 3857 4751 εἶξιν·

2301 4749 2563 4843 visitata,
2611 4749 2720 4826 καὶ
2760 4749 2943 4825 λοιπὰ
2990 4774 3158 4842 μήπω
3222 4770 3373 4832 ναοῖς
3442 4766 3476 4839 ἦ
3522 4749 3856 4838 μοναστηρίοιξ

2301 4862 2655 4927 ἀνατεθέντα,
2690 4862 2834 4916 κατὰ
2885 4861 3047 4916 τοῦτο
3088 4860 3237 4931 λέγει
3307 4862 3368 4915 τὸ
3419 4857 3499 4922 ις’
3538 4873 3657 4926 κεφ.
3692 4844 3772 4902 τοῦ
3794 4855 3846 4931 vf

2302 4957 2409 5011 τίτ.
2438 4955 2532 5010 τοῦ
2562 4954 2603 5023 ξ’
2633 4956 2869 5026 βιϐλίου,
2904 4954 2997 5008 τὸν
3041 4954 3212 5008 τόπον
3266 4953 3442 5007 ποιεῖν
3471 4951 3569 5023 τὴν
3607 4926 3853 5008 κλοπὴννῆ

2302 5051 2402 5122 τὴν
2440 5050 2765 5121 ιεροσυλίαν.
2813 5048 2998 5119 ὀγάρ
3015 5048 3114 5120 τὴν
3140 5051 3195 5103 ὲν
3326 5046 3523 5117 κελλιῳ
3553 5039 3698 5115 ἡμῶν
3723 5026 3855 5122 05.5.“?

2306 5110 2471 5213 ἀνίαν
2494 5110 2690 5196 εἰκόνα
2740 5110 2999 5196 κλέπτων
3050 5110 3150 5194 οὐκ
3212 5110 3361 5193 ἔστιν
3415 5110 3713 5209 ἱερόσυλος,
3748 5110 3855 5213 ἀλλέί

2307 5201 2568 5305 κλέπτης.
2605 5234 2667 5286 Et
2709 5233 2766 5287 δὲ
2811 5232 2887 5305 μὴ
2928 5231 3090 5285 τοῦτο
3137 5230 3312 5294 οὓτως
3345 5201 3765 5301 ἑρμηνεύσομεν,
3799 5201 3857 5258 εἷ’

2311 5344 2503 5398 πωμεν
2543 5326 2765 5389 πάντως
2791 5326 2885 5378 καὶ
2916 5325 3010 5379 τὸν
3041 5323 3348 5379 κλέπτοντα
3374 5322 3680 5393 νομίσματα
3700 5308 3853 5398 ἔχ’ἦντα

2308 5393 2494 5474 εἰκόνα
2545 5418 2857 5491 Χριστοῦ,ῆ
2882 5419 3174 5485 Θεοτόκου,
3194 5417 3270 5480 ὼς
3294 5415 3568 5489 ἱερόσυλον
3588 5393 3852 5491 ἐνάγεσθίξν

2308 5514 2448 5585 ὅπερ
2486 5482 2687 5567 ἄτοπον
2741 5482 2857 5566 καὶ.
2899 5511 3117 5582 ψευδές.
3161 5482 3228 5565 Ἦ
3261 5482 3535 5579 γ’,’διάτ.,
3583 5498 3670 5559 τοῦ
3697 5491 3737 5566 β’
3769 5482 3850 5585 τξτ⁶

2310 5605 2405 5659 τοῦ
2441 5603 2493 5671 ς’
2545 5604 2751 5676 βιϐλίου
2786 5602 2883 5658 τοῦ
2920 5602 3170 5666 noema;
3197 5605 3313 5657 ἐστι
3333 5602 3443 5657 τῶν
3471 5574 3853 5676 Βασιλικῶνβν

2312 5670 2461 5754 ϐλίον
2487 5670 2555 5767 ξ’,
2579 5700 2681 5755 τίτ.
2732 5697 2808 5764 ς’.
2839 5714 2965 5768 κεφ.
3000 5694 3073 5765 κ’,
3112 5697 3289 5766 λέγονε
3336 5697 3392 5751 Ὀ
3425 5695 3486 5749 τὸ
3523 5696 3675 5765 μήπω
3704 5670 3852 5768 “ei?

2316 5756 2761 5864 ρωθὲνίκλέψας-
2798 5756 3095 5861 κατέχεται
3141 5756 3208 5861 1?]
3279 5756 3535 5859 φούρτῳί

2317 5884 2590 5957 ἱερόσυλός
2620 5886 2766 5938 ἐστιν
2788 5884 2816 5936 ὁ
2847 5883 2937 5937 κλέ
2950 5880 3048 5953 ξας
3081 5881 3136 5934 τ’»
3165 5881 3390 5953 μηδέπω
3414 5864 3741 5949 καθιερωθὲν·
3791 5847 3851 5902 Ex
