4146 6464
366 451 505 521 1049
1318 452 1809 519 NOMOCANON-
1840 480 1908 493 -
1943 450 1955 456 ’
1980 455 1989 479 ⁸

2095 454 2129 518 ,‘.
2169 455 2484 533 III,”CAP.
2520 457 2573 534 Ι,
2602 456 2692 520 ΙΙ.
2782 510 2785 511 ν
2928 512 2943 518 -
3545 458 3684 529 1050

364 574 459 631 τοῦ
491 572 737 630 τοιούτου
790 566 885 629 οὗν
932 591 1060 644 κεφ.
1111 572 1363 644 φαίνεται
1418 574 1495 638 ὡς
1548 573 1734 638 καλῶς
1791 572 1961 644 ἐλύθη

2095 573 2151 628 εχ
2193 573 2301 629 hoc
2336 572 2504 643 igitur
2552 572 2732 644 capite
2763 581 3019 644 apparet,
3068 581 3216 630 recte
3246 574 3485 633 solutam
3535 594 3681 638 esse.

365 668 628 740 ἀνωτέρω
688 669 724 741 ἡ
810 666 1046 722 δοκοῦσα
1127 666 1519 737 ὲναντιοφωνία
1586 665 1698 722 τῶν
1788 680 1965 736 κεφα-

2095 682 2203 734 luae
2265 666 2528 737 superius
2570 681 2693 723 esse
2724 666 3035 734 videbatur,
3086 668 3330 738 capitum
3383 672 3687 728 contrarie-

365 763 556 818 λαίων.

2095 769 2265 816 atem.
2359 815 2366 821 .

437 875 752 946 Κείμενογ.
782 872 997 928 Βιϐλίον
1022 870 1134 945 pr",
1162 872 1270 929 τίτ.
1318 870 1409 943 ιγ),
1442 871 1586 928 διάτ.
1640 868 1691 945 η’
1712 889 1728 904 ο
1768 871 1834 927 Ἦ
1872 871 1968 927 τοῦ

2146 875 2364 933 Textus.
2398 876 2520 935 Lib.
2551 892 2747 943 mnu,
2806 876 2894 933 tit.
2930 878 3020 939 15,
3061 885 3241 933 const.
3275 876 3307 932 7
3344 896 3358 933 :
3392 875 3685 946 Sacrilegii

369 970 751 1041 ίεροσύλου,κ.
779 986 834 1023 τ.
880 968 933 1023 λ.
977 982 1154 1038 usque
1209 967 1277 1022 atl
1333 967 1465 1039 περὶ
1504 967 1612 1038 γὰρ
1663 968 1971 1039 χρημάτων

2095 984 2257 1035 laena,
2285 978 2417 1037 etc.,
2447 986 2612 1042 usque
2636 970 2706 1024 ad
2743 968 2797 1024 in
2829 985 2893 1024 eo
2924 976 3005 1025 est
3037 968 3292 1040 quaestio,
3320 978 3378 1024 ut
3401 986 3527 1043 pag.
3552 970 3682 1026 582.

373 1062 783 1136 ὖφαιρεθέντων
864 1062 1020 1147 ἔστιν
1113 1062 1174 1116 ὲν
1263 1060 1416 1133 αὐτῷ
1487 1059 1741 1133 ζήτησις.

443 1270 722 1340 Σκόλιον·
787 1269 861 1323 Τδ
910 1266 956 1335 ξ’
1006 1269 1148 1325 διάτο
1204 1251 1417 1340 τοῦθιῇ
1490 1267 1673 1325 τίτλου
1721 1270 1819 1325 τοῦ
1882 1277 1974 1342 μη¹

2150 1267 2447 1326 Scholium.
2493 1268 2776 1340 Digestum
2842 1267 2876 1322 ’ἱ
2936 1267 3022 1326 tit.
3079 1268 3148 1326 13
3184 1268 3283 1324 lib.
3324 1282 3522 1335 xum,
3574 1282 3685 1322 non

373 1362 585 1435 βιϐλίου
620 1362 721 1416 οὐκ
746 1362 906 1435 ἐτέθη
939 1364 1023 1428 είς
1051 1363 1122 1417 τὰ
1147 1363 1436 1428 Βασιλικὰ,
1473 1364 1596 1418 οὐδὲ
1622 1364 1684 1418 τὸ
1710 1362 1801 1427 ια’,
1829 1363 1894 1417 τὸ
1917 1363 1975 1416 δὲ

2095 1374 2171 1420 est
2206 1364 2446 1433 positum
2477 1364 2533 1419 in
2570 1363 2763 1427 Basil.,
2805 1378 2986 1433 neque
3017 1360 3232 1435 [etiam]
3262 1363 3350 1417 11.
3385 1359 3587 1417 Verum
3625 1360 3694 1415 12

376 1455 441 1529 ιβ’
496 1456 613 1511 ἔστι
653 1474 781 1527 κεφ.
844 1455 914 1527 ιγ’
941 1456 1037 1510 τοῦ
1073 1455 1153 1527 με’
1207 1457 1303 1511 τοῦ
1329 1457 1371 1523 ξ’
1406 1456 1614 1527 βιϐλίου
1641 1455 1812 1521 οὕτως
1845 1455 1970 1526 ἔχον

2095 1466 2167 1513 est
2204 1463 2372 1528 caput
2419 1455 2700 1512 decimum
2742 1458 2988 1521 tertium,
3039 1456 3123 1510 tit.
3154 1455 3226 1511 45
3280 1456 3376 1510 lib.
3421 1472 3511 1522 ιι,
3539 1453 3687 1525 quod

372 1549 450 1614 ὡς
472 1552 552 1615 είς
605 1550 667 1604 τὸ
706 1551 962 1621 κείμενον
998 1549 1276 1619 δηλοῦται.
1352 1549 1630 1615 Ὡσαύτως
1674 1552 1768 1604 καὶ
1802 1549 1864 1604 τὸ
1891 1546 1973 1614 ις’

2095 1546 2268 1612 habet,
2302 1555 2365 1603 ut
2411 1547 2466 1603 in
2516 1556 2667 1603 textu
2721 1549 2993 1618 scriptum
3042 1556 3148 1603 est.
3203 1546 3470 1602 Similiter
3494 1547 3561 1603 16
3598 1555 3686 1603 est

373 1643 491 1697 ἔστι
533 1662 661 1715 κεφ.
700 1643 777 1710 ις’
831 1644 927 1700 τοῦ
965 1644 1132 1701 αὐτοῦ
1178 1645 1390 1717 βιϐλίου
1440 1646 1535 1700 καὶ
1582 1645 1691 1701 τίτ.
1738 1645 1806 1700 τὰ
1837 1644 1979 1699 αὐτὰ

2095 1656 2205 1713 :ap.
2244 1640 2313 1696 16
2343 1640 2592 1711 ejusdem
2620 1640 2719 1697 lib.
2752 1648 2808 1697 et
2838 1639 2949 1708 tit.,
2982 1639 3133 1712 quod
3183 1641 3375 1697 cadent
3414 1649 3688 1699 recenset.

373 1734 596 1802 διεξιόν.

447 1847 704 1902 ΚΕΦΑΛ.
740 1846 817 1905 Γ’.
870 1881 940 1892 ——-
984 1850 1126 1920 Περὶ
1168 1851 1479 1920 κληρικῶν
1526 1850 1984 1922 ἀποσχιζόντων

2155 1849 2311 1907 CAP.
2368 1849 2463 1905 ΠΙ.
2503 1880 2575 1891 -
2612 1848 2693 1904 De
2738 1849 2945 1904 clericis
2983 1848 3219 1903 schisma
3260 1849 3602 1919 facientibus,
3639 1857 3693 1903 et

382 1940 484 1996 καὶ
535 1943 699 2012 παρὰ
761 1944 1010 2015 γνώμην
1066 1943 1189 2000 τῶν
1248 1946 1608 2002 ἐπισκόπων
1664 1945 1972 2002 ἱστώντων

2095 1946 2210 2000 τίινα
2240 1945 2563 2001 voluntatem
2603 1946 2971 2016 episcoporum
3004 1944 3210 1999 altaria
3240 1944 3589 2016 erigentibus.

377 2038 805 2107 θυσιαστήρια.

459 2152 804 2207 Ἀποστόλων
830 2148 1012 2207 κανὼν
1033 2152 1143 2208 ita"
1174 2155 1397 2209 συνόδου
1437 2155 1772 2228 Ἀντιοχείας
1792 2156 1978 2211 κανὼν

376 2241 419 2297 ε’
453 2259 467 2274 ·
520 2244 742 2298 συνόδου
812 2246 1211 2318 Καρθαγέννης
1272 2246 1456 2302 κανὼν
1514 2246 1545 2302 ι’
1574 2264 1588 2278 ’
1654 2248 1876 2303 συνόδου
1927 2256 1982 2315 ς’

375 2337 561 2391 κανὼν
592 2335 674 2391 λα’
698 2355 713 2369 ’
746 2339 968 2393 συνόδου
1003 2338 1051 2394 α’
1098 2341 1195 2394 καὶ
1228 2339 1273 2411 β’
1300 2342 1360 2396 ὲν
1393 2340 1472 2414 τῷ
1496 2341 1610 2415 ναῷ
1636 2342 1747 2397 τῶν
1785 2342 1987 2414 ’Δγίων

376 2428 718 2484 ’Λποστόλων
746 2429 928 2484 κανὼν
961 2428 1048 2501 ιβ’,
1080 2437 1173 2502 ιγ’,
1207 2430 1290 2501 ιδ’,
1320 2438 1404 2489 ιε’.

2157 2152 2547 2225 Apostolorum
2596 2168 2775 2211 canon
2829 2154 2937 2222 δίς
2976 2152 3193 2210 concilii
3243 2152 3567 2209 Antiocheni
3597 2168 3695 2209 ca-

2093 2261 2203 2303 non
2247 2247 2312 2315 5;
2346 2247 2568 2303 concilii
2598 2246 3056 2317 Carthagincnsis
3086 2262 3265 2303 canon
3322 2247 3430 2313 1ος
3473 2248 3692 2303 concilii

2094 2340 2235 2396 sexti
2267 2356 2445 2397 canon
2493 2340 2556 2396 3|
2586 2357 2602 2407 ;
2633 2340 2852 2397 concilii
2886 2341 2912 2395 1
2948 2350 3002 2396 et
3048 2341 3083 2395 ‘2
3116 2340 3169 2395 in
3201 2341 3318 2396 a'de
3357 2339 3691 2396 Sanctorum

2097 2434 2487 2507 Apostolorum
2519 2433 2743 2509 [habiti]
2770 2446 2949 2491 canon
2984 2434 3073 2501 12,
3108 2434 3199 2501 15,
3228 2434 3317 2500 14,
3351 2433 3442 2489 15.

1758 2775 2170 2867 ΤΙΤΛΟΣ
2245 2780 2362 2867 Γ’.

380 2953 543 3010 ΠΕΡΙ
588 2952 826 3010 ΕΥΧΩΝ
872 2956 994 3011 ΚΑΙ
1046 2957 1481 3029 ΨΑΛΜῼΔῙΑΣ,
1566 2962 1689 3017 ΚΑΙ
1769 2963 1989 3017 ΛΝΛΓΒ

2098 2965 2250 3031 ΕΩΣ,
2312 2963 2434 3020 ΚΑΙ
2487 2966 2880 3033 ΑΝΑΦΟΡᾹΣ,
2940 2969 3065 3024 ΚΑΙ
3119 2969 3525 3038 ΚΟΙΝΩΝΙΑΣ,
3569 2971 3695 3026 ΚΑΙ

1106 3051 1501 3110 ΥΠΟΥΡΙΊΑΣ
1550 3056 1989 3113 ΑΝΑΓΝΩΣΤΩΓ

2095 3059 2359 3116 ΥΔΑΤΩΝ
2389 3061 2512 3115 ΚΑΙ
2546 3061 2951 3118 ΥΠΗΡΕΤΩΝ.
3053 3106 3121 3132 ᾖ,

1531 3385 2002 3467 TlTULUS
2075 3389 2563 3474 TERTIUS.

383 3568 495 3630 DE
556 3571 1328 3651 PRECIBUS,§CANTU,
1397 3576 1823 3653 LECTIONE,
1898 3580 2415 3656 OBLATIONE,
2484 3584 3085 3659 COMMUNIONE,
3150 3586 3256 3648 ET
3318 3585 3692 3657 VESTITU:

707 3672 983 3748 ATQUE
1031 3674 1511 3740 MlNlSTERlO
1557 3679 2033 3756 LECTORUM,
2083 3682 2534 3747 CANTORUM
2583 3685 2689 3747 ET
2734 3686 3338 3751 MlNlSTRORUM.

454 3842 856 3898 ΚΕΦᾹᾹΔΙυΝ
885 3841 1188 3899 ΠΡΩΤΟΝ.
1217 3873 1291 3884 --
1319 3844 1516 3900 Ποίων
1559 3847 1595 3901 ό
1617 3847 1770 3914 λαὸς
1793 3846 1989 3918 εὐχῶν

2166 3848 2398 3909 CAPUT
2449 3850 2745 3909 PRIMUM.
2777 3853 3070 3920 —Quales
3110 3871 3290 3925 preces
3332 3856 3558 3925 populus
3596 3873 3699 3911 au-

381 3935 672 4008 ἁκροᾶται
727 3936 827 3990 καί
880 3936 981 3992 διὰ
1029 3936 1088 3991 τί
1131 3936 1285 4007 πρὸς
1343 3936 1650 4006 ἀνατολὰς
1726 3938 1988 4009 δρῶντες

382 4032 704 4103 εὐχόμεθα.

450 4189 679 4245 Συνόδου
722 4188 1048 4254 Λαοδικείας
1092 4187 1275 4245 κανὼν
1308 4186 1351 4243 ε’
1398 4187 1499 4244 καὶ
1546 4185 1611 4244 ιϐ’
1640 4206 1656 4221 ο
1698 4188 1988 4245 Βασιλείον

400 4284 469 4338 ὲκ
499 4280 594 4338 τοῦ
627 4282 711 4350 κζ’
743 4300 869 4351 κεφ.
908 4281 1003 4337 τοῦ
1039 4282 1178 4355 Περὶ
1207 4282 1302 4337 τοῦ
1322 4282 1480 4354 ἁγίου
1521 4283 1865 4356 Πνεύματος.

457 4378 771 4449 Κείμενον.
807 4378 874 4432 Ἦ
920 4371 984 4444 ιζ’
1015 4377 1156 4434 διάτ.
1207 4378 1305 4433 τοῦ
1349 4386 1398 4433 α’
1421 4380 1529 4435 τίτ.
1577 4379 1688 4435 τῶν
1732 4380 1986 4450 Νεαρῶν,

383 4470 550 4541 λέγον
577 4472 690 4544 Τὴν
726 4470 903 4545 ἀρχὴν
921 4470 1023 4540 τῆς
1056 4471 1219 4541 ἁγίας
1251 4474 1541 4538 κοινωνίας
1574 4474 1669 4528 καὶ
1701 4472 1797 4529 τοῦ
1829 4473 1988 4544 ἁγίου

387 4564 772 4637 βαπτίσματος
804 4564 1046 4637 ὀφείλειν
1077 4565 1438 4634 ἐξακούεσθαι
1468 4567 1547 4637 τῷ
1585 4570 1720 4641 λαῷ.

458 4660 741 4729 Σκόλιον.
782 4659 848 4713 Ἦ
892 4659 957 4725 ιζ’
997 4658 1137 4714 διάτ.
1204 4659 1298 4715 τοῦ
1330 4667 1379 4715 α’
1428 4662 1534 4717 τίτ.
1608 4663 1718 4717 τῶν
1758 4660 1991 4736 Νεαρῶν

385 4751 510 4807 ἐστι
539 4768 667 4822 κεφ.
700 4750 787 4806 κα⁹
840 4751 936 4806 τοῦ
991 4751 1043 4807 α’
1072 4752 1181 4807 τίτ.
1232 4751 1328 4808 τοῦ
1360 4760 1410 4824 γ’
1443 4753 1651 4825 βιϐλίου
1684 4755 1793 4809 τῶν
1822 4754 1991 4809 Βασι-

383 4843 580 4910 λικῶν,
634 4841 811 4908 οὕτως
839 4843 963 4916 ἔχον
985 4860 1001 4879 ο
1032 4845 1176 4919 Πρὸς
1197 4844 1412 4912 τούτοις
1452 4844 1750 4918 κελεύομεν
1780 4848 1994 4911 πάντας

385 4937 728 5001 ἐπισκόπους
758 4954 818 4991 τε
853 4938 949 4993 καὶ
984 4939 1390 5011 πρεσϐυτέρους
1421 4938 1499 5012 μὴ
1532 4940 1672 5012 μετὰ
1707 4941 1768 4995 τὸ
1796 4958 1991 4995 σεσιω-

387 5028 661 5098 πημένον,
695 5028 835 5084 ἀλλὰ
859 5028 1001 5100 μετὰ
1023 5030 1209 5102 φωνῆς
1240 5030 1320 5102 τῷ
1354 5031 1667 5102 πιστοτάτῳ
1709 5030 1828 5103 λαῷ
1870 5033 1991 5087 δια-

389 5121 701 5193 κουομένης
743 5122 843 5195 τὴν
890 5122 1043 5176 θείαν
1086 5123 1488 5196 προσκομιδὴν,
1517 5124 1613 5178 καὶ
1641 5123 1741 5196 τὴν
1782 5124 1875 5177 ἐπὶ
1909 5123 1989 5195 τῷ

388 5216 536 5288 ἁγίῳ
565 5215 906 5288 βαπτίσματι
930 5218 1241 5290 προσευχὴν
1270 5220 1567 5286 ποιεῖσθαι,
1592 5218 1732 5291 πρὸς
1766 5219 1828 5274 τὸ
1856 5220 1988 5275 κάνο

2090 3945 2225 4010 dial,
2261 3955 2312 4002 et
2377 3955 2701 4019 quapropter
2745 3948 2800 4002 in
2833 3948 3093 4003 orientem
3139 3949 3521 4021 prospicientes
3578 3966 3700 4021 pre-

2090 4055 2293 4095 cemur.

2160 4186 2392 4244 Concilii
2454 4186 2750 4244 Laodiceni
2827 4202 3008 4244 canon
3065 4187 3122 4253 5,
3173 4186 3279 4257 i9;
3329 4185 3517 4244 Basilii
3624 4202 3695 4244 ex

2091 4294 2214 4349 cap.
2246 4279 2317 4334 27
2345 4277 2422 4337 De
2448 4286 2642 4335 sancto
2675 4278 2911 4351 Spiritu.

2166 4373 2385 4429 Textus.
2407 4372 2601 4429 Const.
2632 4372 2701 4428 17
2747 4372 2831 4428 tit.
2870 4373 2894 4427 1
2943 4370 3293 4428 Novellarum
3354 4369 3491 4427 dicit
3525 4368 3695 4427 :Pre-

2091 4482 2185 4523 ces
2213 4473 2585 4523 sacrosancta:
2619 4464 3033 4522 communionis
3060 4472 3116 4521 et
3141 4464 3483 4522 sacrosancti
3518 4463 3695 4536 bapti-

2093 4560 2289 4615 smatis
2320 4574 2351 4614 a
2376 4558 2581 4630 populo
2608 4557 2861 4614 exaudiri
2896 4557 3116 4613 debere.

2166 4650 2463 4707 Scholium.
2517 4650 2711 4706 Const.
2791 4648 2883 4713 17,
2952 4649 3042 4705 tit.
3093 4649 3120 4705 1
3198 4647 3554 4706 Novellarnm
3610 4657 3701 4705 est

2093 4758 2219 4814 cap.
2252 4743 2317 4797 2|
2368 4743 2452 4799 tit.
2486 4742 2510 4796 1
2546 4742 2644 4796 lib.
2704 4756 2763 4797 ιιι
2804 4740 3000 4809 Basil.,
3032 4741 3178 4812 quod
3228 4741 3308 4798 sic
3349 4740 3557 4797 habet:
3613 4742 3696 4797 At!

2095 4834 2213 4891 haec
2240 4832 2527 4906 iubemus,
2561 4842 2623 4889 ut
2652 4847 2849 4890 omnes
2880 4833 3124 4905 episcopi
3152 4834 3361 4904 pariter
3387 4842 3441 4889 et
3468 4833 3697 4905 presby-

2095 4929 2225 4996 teri,
2264 4944 2373 4984 non
2398 4928 2570 4983 tacito
2600 4927 2786 4995 modo,
2830 4926 2925 4983 sed
2960 4927 3110 4982 clara
3140 4942 3298 4991 voce,
3329 4940 3453 4996 quae
3499 4940 3529 4980 a
3564 4925 3701 4981 title-

2094 5021 2312 5077 lissimu
2368 5019 2574 5091 populo
2626 5018 2904 5082 audiatur,
2952 5032 3169 5075 sacram
3219 5017 3590 5082 oblationem,
3640 5025 3698 5072 et

2095 5130 2290 5186 preces
2336 5114 2390 5169 in
2440 5122 2633 5169 sancto
2673 5112 3002 5182 baptismate
3044 5110 3324 5166 atlltibitas
3367 5109 3696 5165 celebrent:

2095 5223 2206 5280 quo
2261 5207 2328 5264 ad
2380 5206 2648 5277 majorem
2695 5205 2899 5262 exinde
2942 5203 3427 5275 compunctionem
3478 5216 3544 5258 ac
3592 5201 3699 5257 llo-

386 5308 583 5363 τεῦοεν
612 5309 710 5374 τὰς
741 5309 852 5365 τῶν
886 5310 1200 5365 ἀκουόντων
1228 5309 1411 5382 ψυχὰς
1437 5311 1519 5375 είς
1554 5311 1781 5367 πλείονα
1813 5312 1986 5367 κατά-

2098 5303 2233 5359 mini
2283 5301 2380 5359 Dei
2431 5300 2885 5375 gloriﬁcationem
2946 5298 3288 5356 audientium
3340 5294 3511 5352 animi
3562 5293 3700 5352 etle-

389 5402 545 5468 νυξιν
577 5404 674 5458 καὶ
706 5401 805 5476 τὴν
836 5403 975 5476 πρὸς
1012 5403 1102 5458 τὸν
1126 5404 1407 5476 Δεσπότην
1432 5403 1567 5462 Θεὸν
1607 5403 1986 5461 διανίστασθαι

388 5495 725 5565 δοξολογίαν.

463 5590 722 5645 ΚΕΦΑΛ.
756 5586 833 5645 B'.
860 5620 932 5632 —
969 5587 1112 5659 Περὶ
1147 5590 1257 5646 τοῦ
1300 5590 1495 5659 τίνας,
1535 5590 1635 5646 καὶ
1686 5588 1836 5659 πῶς,
1890 5589 1993 5647 καὶ

390 5682 538 5738 ποῖα
559 5682 658 5737 δεῖ
678 5682 947 5752 ψάλλειν
970 5725 985 5745 .
1015 5682 1052 5752 ἣ
1077 5683 1366 5753 εὔχεσθαι
1389 5725 1403 5747 ,
1439 5683 1478 5754 ἢ
1520 5683 1988 5754 ἀναγινώσκειν.

478 5776 827 5831 ’Δποστόλων
882 5780 1064 5831 κανὼν
1118 5775 1184 5844 ξ’,
1231 5777 1335 5831 πέο
1388 5775 1608 5831 συνόδου
1666 5776 1993 5841 Λαοδικείας

394 5864 580 5922 κανὼν
603 5873 687 5934 ιε’,
719 5867 807 5935 ιζ’,
831 5874 923 5941 ιη’,
950 5866 1037 5935 t0',
1065 5873 1172 5938 κγ’,
1203 5865 1294 5940 p.0'
1316 5885 1329 5898 ’
1358 5867 1579 5923 συνόδου
1603 5865 2003 5943 Καροαγέννης

2099 5406 2311 5453 rantur.

2101 5582 2131 5609 -'
2171 5581 2326 5639 CAP.
2380 5579 2443 5638 11.
2470 5614 2539 5625 -
2568 5581 2735 5650 Quos,
2775 5578 3060 5650 quomodo,
3094 5576 3279 5652 qualia
3324 5590 3533 5645 canere,
3574 5590 3700 5647 pre-

2101 5680 2236 5744 cari,
2261 5686 2353 5732 aut
2391 5676 2559 5748 legere
2589 5684 2854 5747 oporteat.

2171 5770 2564 5843 Apostolorum
2616 5785 2796 5827 canon
2851 5768 2944 5832 60,
2989 5767 3097 5835 85;
3132 5763 3352 5823 concilii
3402 5762 3699 5821 Laodiceni

2114 5880 2295 5924 canon
2330 5864 2421 5935 15,
2461 5864 2549 5934 17,
2584 5861 2673 5931 is,
2726 5862 2815 5931 l9,
2863 5862 2959 5929 9.3,
3001 5860 3105 5931 59;
3150 5858 3372 5918 concilii
3417 5856 3707 5930 Carthagi-
