4146 6446
319 395 460 477 1053

1287 380 1776 451 NOMOCANON-
1798 407 1869 419 --
1901 379 2175 456 TIT.III,
2213 382 2374 446 CAP.
2413 378 2695 442 IlI-XXI.

3497 372 3638 440 1054

386 507 701 578 Κείμενον.
747 503 813 559 Ἦ
844 500 888 571 ζ’
952 502 1096 560 διάτ.
1130 498 1225 555 τοῦ
1264 505 1313 554 α’
1343 499 1451 554 τίτ.
1479 497 1593 552 τῶν
1640 495 1873 567 Neapth
1896 536 1913 562 ,

2097 493 2316 550 Tcxtus.
2371 494 2568 551 Const.
2610 494 2662 559 7,
2697 492 2780 548 tit.
2826 492 2853 549 ι
2903 490 3276 559 Novellarum,
3310 497 3443 558 ctc.,
3473 506 3639 561 usque

316 625 372 662 κ.
405 622 457 659 τ.
487 605 562 668 λ.,
606 615 785 673 usque
826 597 896 655 ad
950 597 1012 652 τὸ
1068 594 1270 668 ἀρχθὲν
1327 590 1643 664 πληρῶσαι.

391 787 680 857 Σχόλιον.
745 784 818 838 Ἥ
851 780 894 849 ζ’
924 780 1069 837 διάτ.
1123 777 1220 833 τοῦ
1256 782 1308 831 α’
1369 775 1474 831 τίτ.
1542 774 1654 830 τῶν
1686 771 1924 846 Νεαρῶν

321 881 439 936 ἐστι
476 878 651 949 νεαρά
685 874 1113 937 Ἰουστινιάνειος
1166 869 1264 937 ξιξ,
1294 873 1391 925 καὶ
1424 869 1526 923 οὐκ
1552 868 1711 938 ἐτέθη
1743 868 1822 930 εἰς
1855 866 1924 920 τὰ

322 975 611 1030 Basilina.
649 973 717 1026 'H
740 978 788 1039 γ’
818 969 959 1024 διὰτ.
1009 966 1106 1022 τοῦ
1164 964 1206 1037 β’
1232 966 1340 1021 τίτ.
1369 964 1481 1019 τῶν
1532 962 1768 1034 Νεαρῶν
1807 961 1924 1013 ἔστι

322 1070 493 1142 νεαρᾶ
538 1063 974 1125 Ἰουστινιὰνειος
1006 1059 1121 1134 ρλα¹
1151 1060 1383 1131 κειμένη
1417 1059 1475 1111 ὲν
1511 1055 1703 1127 βιϐλίῳ
1754 1051 1795 1107 ε’
1816 1051 1925 1107 τῶν

324 1158 655 1224 Βασιλικῶν,
688 1156 796 1212 τίτ.
824 1153 897 1224 γ’,
928 1172 1056 1224 κεφ.
1088 1151 1130 1208 δ’
1168 1153 1265 1207 καὶ
1302 1149 1368 1219 ε’,
1402 1150 1439 1206 ἃ
1462 1149 1561 1205 καὶ
1590 1147 1805 1220 ἔχουσιν
1850 1147 1927 1209 ὡς

321 1256 403 1318 είς
431 1253 492 1308 τὸ
519 1251 775 1323 κείμενον
808 1247 1256 1320 συνωψὶσθησαν.

389 1441 702 1510 Kstner-or.
740 1436 877 1492 Εἱδέ
905 1454 992 1501 τις
1012 1436 1071 1489 ὲν
1092 1431 1351 1503 ἰδιωτικῷ
1374 1430 1510 1501 οἴκῳ
1536 1472 1551 1495 ,
1584 1423 1925 1499 προαστείῳ,

318 1530 352 1603 ἢ
390 1529 596 1603 χωρίῳ,
630 1547 685 1585 κ.
721 1547 773 1584 τ.
806 1528 882 1594 λ.,
913 1541 1088 1598 usque
1119 1524 1188 1579 ad
1218 1521 1487 1594 εἰρημένα
1520 1520 1719 1573 ποιεῖν.

395 1716 681 1786 Σχόλιον.
730 1711 873 1784 Περὶ
928 1712 1027 1782 τῆς
1076 1715 1123 1779 γ’
1160 1706 1373 1771 διατάξ.
1422 1705 1519 1759 τοῦ
1568 1700 1618 1774 β’
1650 1701 1759 1754 τὶτ.
1811 1697 1925 1752 τῶν

322 1808 556 1880 Νεαρῶν
584 1806 905 1876 διελάϐομεν
929 1806 1010 1869 είς
1033 1803 1093 1857 τὸ
1116 1801 1324 1855 διελθὸν
1345 1798 1578 1869 σκόλιον.
1594 1796 1660 1849 Ἠ
1686 1792 1739 1860 ς’
1784 1792 1926 1847 διάτ.

320 1903 417 1958 τοῦ
448 1899 496 1957 α’
527 1902 634 1956 τίτ.
669 1900 777 1954 τῶν
806 1898 1061 1969 Νεαρῶν,
1096 1897 1130 1966 ἡ
1158 1895 1398 1962 λέγουσα
1437 1888 1765 1960 φισκοῢσθαι
1806 1887 1930 1957 ἦτοι

321 1994 752 2070 δημοσιεύεσθαι
779 1993 872 2047 τὸν
899 1991 1065 2046 τόπον
1086 1991 1145 2043 ἐν
1177 1983 1222 2058 ᾧ
1254 1986 1466 2058 γίνεται
1494 2004 1546 2039 τι
1574 1983 1723 2055 ἱερὸν
1766 1978 1920 2054 παρὰ

318 2087 552 2159 γνώμην
585 2086 695 2140 τῶν
718 2084 1060 2147 ἐπισκόπων,
1098 2081 1215 2134 ἔστι
1272 2077 1445 2149 νεαρὰ
1480 2074 1920 2137 Ἰουστινιάνειος

320 2179 424 2252 νη¹.
451 2181 577 2251 ἥτις
593 2180 687 2233 καὶ
709 2178 1067 2250 ἠπράκτησεν
1088 2174 1164 2238 ὡς
1192 2174 1267 2245 μὴ
1292 2172 1514 2226 τεθεῖσα
1546 2170 1626 2232 εἰς
1655 2167 1725 2221 τὰ
1754 2167 1923 2221 Βασι-

318 2273 469 2329 λικά,
514 2272 578 2325 Ἦ
624 2270 683 2326 ιε’
720 2270 863 2325 διάτ.
921 2269 1017 2324 τοῦ
1061 2266 1113 2337 γ’
1164 2268 1271 2322 τίτ.
1321 2264 1417 2319 τοῦ
1470 2270 1524 2318 α’
1556 2261 1765 2334 βιϐλίου
1825 2257 1922 2313 τοῦ

324 2365 576 2430 uos-x0;
611 2364 711 2419 οὐκ
736 2363 899 2436 ἐτέθη
925 2363 1006 2427 είς
1024 2362 1095 2416 τὰ
1132 2359 1423 2414 Βασιλικά.

396 2460 651 2515 ΚΕΦΑΛ.
685 2457 784 2514 IE'.
824 2489 896 2502 -—-
935 2457 1076 2526 Περὶ
1122 2456 1478 2510 ἐπισκόπων
1528 2451 1568 2520 ἢ
1617 2444 1928 2516 κληρικῶν

326 2554 910 2624 σιηθκοινωνούντων
934 2595 950 2613 ,
1008 2550 1047 2616 ἢ
1090 2544 1568 2615 συνευχομένων
1615 2540 1936 2609 αΙρετικοῖς

326 2650 368 2718 ’ἢ
402 2647 744 2713 Ἰουδαίοις,
793 2647 833 2712 ἣ
880 2642 1330 2711 ἐπιτρεπόντων
1359 2637 1586 2702 αὐτοὺς
1618 2631 1891 2704 ἐνεργεῖν
1912 2674 1927 2699 ,

329 2742 369 2811 ἣ
395 2738 743 2811 δεχομένων
766 2737 972 2791 αὐτῶν
1003 2733 1245 2799 θυσίας.

404 2834 750 2890 Ἀποστόλων
792 2830 974 2887 κανὼν
1011 2836 1063 2895 ι’,
1099 2828 1204 2900 με’,
1240 2826 1331 2892 νς¹
1357 2843 1372 2858 ο
1452 2825 1678 2881 συνόδου
1721 2824 1935 2879 Ἀντιοο

330 2927 487 3003 χείας
518 2925 701 2982 κανὼν
731 2923 775 2996 β’
794 2941 808 2955 ο
842 2924 1062 2979 συνόδου
1091 2920 1417 2985 Λαοδικείας
1440 2918 1628 2974 κανὼν
1656 2915 1762 2985 λγ’.

404 3021 717 3091 Κείμενον.
755 3017 821 3071 Ἦ
848 3014 890 3071 δ’
946 3016 1090 3071 διὰτ.
1133 3014 1227 3068 τοῦ
1267 3011 1320 3080 ς’
1368 3013 1474 3066 τίς.
1538 3011 1647 3065 τῶν
1701 3007 1936 3080 Νεαρῶν

334 3132 507 3186 φησιν
546 3114 695 3178 Ὀτι,
734 3130 788 3166 κ.
821 3128 873 3168 τ.
898 3109 978 3175 λ..
1013 3124 1191 3181 usque
1238 3108 1308 3164 ad
1356 3104 1660 3177 Ἐκκλησία
1688 3118 1936 3174 προσκυ-

336 3207 581 3280 ροῦνται.

408 3301 692 3371 Σχόλιον.
758 3299 824 3354 Ἦ
873 3297 915 3351 δ’
966 3296 1110 3354 διάτ.
1157 3294 1252 3350 τοῦ
1283 3292 1336 3361 ς’
1365 3293 1496 3359 τξτ.,
1559 3291 1669 3346 τῶν
1700 3288 1933 3359 Νεαρῶν

335 3396 457 3449 ἐστι
486 3394 659 3464 νεαρὰ
718 3391 1154 3454 Ἰουστινιάνειος
1202 3386 1340 3460 ρλϐ’,
1372 3385 1606 3457 κειμένη
1657 3384 1717 3438 ὲν
1750 3380 1943 3453 [statth

336 3489 389 3537 α’
427 3483 538 3537 τῶν
562 3482 870 3537 Βασιλικῶν
900 3481 1006 3534 τίτ.
1036 3487 1106 3537 α’.
1137 3497 1264 3548 κεφ,
1301 3475 1602 3547 τελευταίῳ
1627 3472 1942 3543 καλουμένη

341 3577 576 3631 Ἰδικτον
603 3578 733 3648 περὶ
775 3575 1021 3638 πίστεως
1041 3614 1057 3641 ,
1083 3567 1782 3634 Κωνσταντινουπολίταις,
1833 3581 1945 3619 κω-

338 3671 552 3725 λύουσα
576 3669 677 3733 τὰς
707 3666 1143 3737 παρασυνὰξεις,
1178 3664 1277 3718 καὶ
1302 3663 1373 3717 τὰ
1420 3658 1945 3735 παραϐαπτίσματα.

337 3761 452 3816 τῶν
471 3758 791 3831 αἱρετικῶν,
811 3757 907 3812 καὶ
929 3754 1379 3829 διαλαμϐάνουσα
1401 3754 1502 3808 ὅσα
1518 3754 1599 3815 εἰς
1614 3749 1675 3804 τὸ
1692 3747 1949 3819 κείμενον

337 3851 603 3924 διελήφθη
612 3867 731 3906 σαν.

415 3946 671 4000 ΚΕΦΑΛ.
713 3940 832 4011 ις’.
868 3973 934 3986 -
958 3941 1099 4010 Περὶ
1121 3940 1230 3997 τοῦ
1255 3939 1342 4012 μὴ
1373 3939 1503 3994 δεῖν
1528 3936 1599 3992 τὰ
1625 3935 1765 4005 ἅγια
1785 3931 1948 4003 λόγῳ

342 4037 659 4110 εὐλοτιῶν,
689 4037 778 4104 εἷς
804 4036 914 4103 τὰς
940 4034 1260 4105 παροικίας
1297 4032 1664 4104 πέμπεσθαι.

420 4222 646 4278 Συνόδου
675 4221 1004 4287 Λαοδικείας
1033 4220 1217 4276 κανὼν
1248 4219 1879 4289 τεσσαρεσκαιδέκατος.

418 4317 674 4371 ΚΕΦΑΛ.
730 4313 834 4371 ῙΖ’.
870 4344 944 4356 --
1001 4315 1142 4384 Περὶ
1175 4313 1284 4369 τοῦ
1306 4311 1394 4383 μὴ
1418 4312 1653 4367 διδόναι
1673 4310 1801 4378 τοῖς
1826 4307 1945 4367 σώ-

340 4422 499 4481 μασι
520 4407 642 4463 τῶν
679 4406 1107 4462 τελευτώντων
1131 4405 1478 4460 κοινωνίαν.

421 4502 652 4557 Συνόδου
687 4498 1091 4573 Καρθαγέννης
1134 4499 1317 4553 κανὼν
1346 4494 1417 4569 ιη’
1449 4511 1465 4530 ο
1513 4495 1735 4551 συνόδου
1782 4493 1952 4565 ἕκτης

347 4594 533 4650 κανὼν
560 4592 672 4664 πγ’.

420 4688 675 4743 ΚΕΦΑΛ.
706 4685 820 4742 ιη’.
867 4716 941 4730 --
986 4684 1126 4755 Περὶ
1165 4683 1273 4739 τοῦ
1301 4681 1384 4754 μὴ
1422 4682 1643 4753 χρῆναι
1689 4680 1955 4752 γυναῖκα

348 4781 423 4836 ἐν
482 4780 614 4848 ταῖς
668 4778 921 4851 ἡμέραις
974 4778 1088 4848 τῆς
1143 4775 1497 4845 καθάρσεως
1564 4773 1763 4843 αὐτῆς
1828 4790 1955 4828 κοι-

348 4870 589 4927 νωνεῖν.

424 4962 706 5018 Διονυσίου
736 4964 802 5018 ἐκ
830 4962 932 5034 τῆς
959 4961 1099 5034 πρὸς
1131 4960 1457 5032 Βασιλείδην
1487 4957 1783 5030 ἐπιστολῆς
1825 4973 1954 5026 κεφ.

354 5054 422 5129 βο,
447 5057 487 5111 δ’
521 5074 536 5090 ο
575 5056 850 5129 Τιμοθέου
875 5054 1064 5112 κανὼν
1099 5052 1177 5121 ς’ς
1211 5052 1281 5119 ξό

427 5152 684 5207 ΚΕΦΑΛ.
751 5148 855 5206 ΙΘ’.
923 5180 992 5193 -
1061 5147 1193 5216 Πῶς
1275 5151 1309 5205 ὁ
1376 5144 1759 5217 ὀνειρασθεὶς
1827 5160 1957 5198 κοι-

353 5244 552 5300 νωνεῖ.

426 5336 705 5393 Διονυσίου
721 5336 786 5391 ἐκ
800 5336 903 5408 τῆς
921 5333 1060 5407 πρδς
1087 5332 1408 5404 Βασιλείδην
1432 5329 1726 5403 ἐπιστολῆς
1738 5346 1866 5399 κεφ.
1894 5326 1958 5384 δ’·

354 5432 626 5502 Τιμοθέου
655 5428 840 5486 κανὼν
871 5429 962 5502 ιβ’.

430 5525 685 5578 ΚΕΦΛΛ.
721 5522 902 5580 K'.—-
933 5520 1073 5590 Περὶ
1097 5519 1204 5577 τοῦ
1231 5520 1320 5591 μὴ
1344 5519 1626 5592 γενέσθαι
1650 5515 1964 5589 ἀναφορὰν

358 5617 683 5686 παρόντων
713 5612 1050 5683 αἱρετικῶν.

434 5710 705 5782 Τιμοθέου
740 5706 923 5763 κανὼν
968 5706 1211 5770 ἕννατος.

437 5802 701 5857 ΚΕΦΑΛ.
736 5798 869 5854 KA'.
901 5829 974 5840 —
996 5798 1146 5853 Πότε
1186 5796 1283 5852 δεῖ
1301 5795 1406 5865 τῆς
1434 5793 1697 5867 γαμετῆς
1721 5793 1820 5849 διὰ
1851 5791 1965 5860 τὴν

365 5900 693 5959 κοινωνίαν
720 5898 1073 5970 ἀπέχεσθαι.

2031 592 2103 646 ad
2142 590 2452 646 haeredibus
2476 597 2726 662 cogatur,
2752 596 2811 643 ut
2841 604 2965 660 pag.
3006 584 3134 643 860.
3315 620 3353 645 -θ

2103 780 2398 839 Scholium.
2429 780 2621 837 Const.
2662 778 2719 847 7,
2770 778 2854 834 tit.
2916 777 2941 834 Ι
3014 774 3499 851 Novellarumﬁst
3540 788 3644 828 no-

2029 879 2169 933 vella
2211 875 2505 932 Iustiniani
2556 874 2647 938 67,
2706 883 2760 929 et
2809 889 2914 927 non
2954 880 3040 927 est
3097 869 3278 941 posita
3333 868 3389 924 in
3455 866 3627 923 Basil.

2034 971 2226 1026 Const.
2252 969 2287 1025 5
2307 970 2391 1024 tit.
2422 968 2458 1022 2
2475 966 2827 1023 Novellarum
2851 974 2933 1021 est
2958 964 3169 1019 novella
3191 960 3485 1018 Iustiniani
3516 961 3641 1025 I5l,

2035 1062 2248 1139 [atque]
2269 1072 2354 1119 est
2383 1063 2438 1118 in
2475 1062 2573 1118 lib.
2611 1078 2643 1115 ν
2692 1061 2884 1126 Basil.,
2917 1060 2999 1115 tit.
3026 1060 3084 1124 5,
3110 1074 3232 1129 cap.
3258 1056 3294 1113 4
3344 1064 3399 1111 et
3428 1056 3485 1121 5,
3512 1069 3639 1125 quae

2034 1159 2203 1215 etiam
2261 1157 2463 1212 habent
2516 1155 2665 1212 utin
2707 1162 2862 1210 textu
2903 1150 3297 1224 compendiose
3345 1146 3633 1221 proposita

2038 1257 2197 1308 sunt.

2112 1442 2329 1500 Textns.
2355 1441 2511 1510 Quod
2546 1442 2590 1498 si
2616 1441 2742 1512 quis
2766 1439 2822 1495 in
2840 1439 3077 1508 privato,
3107 1447 3240 1504 ctc.,
3258 1449 3427 1507 usque
3459 1433 3531 1488 ad
3552 1431 3637 1487 di-

2037 1547 2119 1594 cla
2153 1545 2548 1608 exsequantur,
2582 1544 2640 1589 ut
2667 1551 2789 1606 pag.
2818 1532 2945 1588 6l0.

2115 1723 2411 1782 Scholium.
2459 1722 2534 1778 De
2560 1729 2739 1778 const.
2777 1720 2813 1776 '5
2860 1720 2943 1775 tit.
2967 1721 3005 1773 2
3035 1716 3383 1773 Novellarum
3436 1721 3643 1769 tracta-

2040 1824 2223 1880 vimus
2268 1823 2324 1878 in
2377 1820 2707 1894 prmeedeoti
2748 1817 2985 1873 scholia.
3046 1815 3238 1872 Const.
3273 1815 3307 1871 6
3350 1815 3494 1870 tit.l
3537 1813 3648 1868 No-

2034 1919 2325 1983 vcllarum,
2350 1932 2473 1987 quae
2508 1911 2802 1970 conﬁscari
2835 1910 2969 1965 dicit
3010 1908 3218 1972 locum,
3260 1907 3316 1961 in
3347 1920 3457 1975 quo
3494 1919 3640 1975 prae-

2037 2021 2120 2068 ter
2159 2010 2453 2068 scientiam
2507 2006 2898 2077 episcoporum
2947 2015 3168 2057 sacrum
3223 1997 3444 2067 aliquod
3496 1995 3641 2050 cele-

2035 2104 2254 2168 bratur,
2295 2109 2381 2158 est
2406 2099 2621 2155 novella
2647 2093 2953 2153 Iustiniani
2991 2092 3081 2157 58,
3122 2106 3247 2162 qum
3284 2089 3449 2145 etiam
3480 2087 3637 2142 irrita

2039 2197 2183 2253 facta
2232 2204 2336 2259 cst,
2368 2202 2429 2248 ut
2457 2206 2582 2263 quae
2636 2189 2691 2244 in
2747 2186 2918 2243 Basil.
2960 2184 3138 2255 posita
3189 2196 3297 2235 non
3349 2180 3441 2236 sit.
3490 2177 3643 2233 Con-

2033 2288 2153 2345 stit.
2180 2286 2250 2343 I5
2276 2286 2362 2342 tit.
2396 2286 2430 2341 5
2469 2283 2564 2339 lib.
2603 2296 2619 2337 ι
2651 2279 2788 2334 Cod.
2828 2278 2882 2333 in
2933 2275 3102 2332 Basil.
3140 2288 3249 2329 non
3305 2281 3389 2327 est
3427 2271 3629 2341 posita.

2050 2444 2053 2447 I
2105 2459 2264 2517 CAP.
2296 2456 2417 2514 XV.
2455 2486 2531 2502 —
2553 2455 2628 2512 De
2656 2452 2933 2524 episcopis,
2968 2458 3062 2503 aut
3115 2444 3348 2503 clericis.
3382 2443 3474 2512 qui
3528 2457 3649 2495 cum

2038 2555 2302 2612 haereticis
2343 2562 2435 2607 aut
2462 2550 2668 2606 Iudaeis
2719 2545 3133 2605 communicant,
3197 2538 3277 2593 vel
3318 2552 3496 2608 preces
3520 2550 3648 2589 con-

2046 2649 2305 2721 jnngunt,
2358 2654 2452 2700 aut
2504 2644 2633 2712 ipsis
2684 2638 2894 2711 operari
2944 2631 3160 2710 [sueris]
3189 2632 3540 2703 permittunt,
3571 2625 3652 2681 vel

2037 2744 2278 2814 ipsorum
2307 2737 2634 2808 sacrificium
2658 2732 2979 2801 suscipiunt.

2120 2832 2516 2906 Apostolorum
2565 2843 2742 2884 canon
2768 2824 2857 2885 10.
2884 2823 2975 2888 45,
3006 2820 3075 2876 56
3108 2837 3123 2885 ;
3170 2814 3392 2873 concilii
3444 2810 3643 2868 Antio-

2046 2928 2211 2988 clteni
2255 2940 2437 2981 canon
2465 2923 2502 2978 9.
2536 2938 2552 2989 ;
2585 2918 2803 2976 concilii
2834 2914 3126 2971 Laudiceni
3160 2924 3337 2967 canon
3359 2907 3454 2961 33.

2120 3019 2337 3075 Texlus.
2374 3015 2563 3071 Const.
2594 3013 2651 3080 4,
2697 3011 2782 3067 tit.
2830 3008 2866 3065 6
2938 3005 3285 3061 Novellarum
3332 2998 3405 3053 ait
3438 3016 3452 3053 :
3488 2991 3651 3062 Quod

2050 3116 2164 3188 qui,
2187 3123 2318 3178 etc.,
2348 3125 2513 3180 usque
2543 3108 2612 3161 ad
2637 3102 2895 3161 Ecclesiae
2922 3097 3269 3158 addicantur,
3298 3102 3353 3146 ut
3372 3106 3494 3163 pag.
3520 3086 3651 3142 610.

1958 3241 2005 3305 C
2111 3265 2412 3324 Scholium.
2463 3260 2659 3315 Const.
2704 3256 2737 3310 4
2801 3253 2886 3309 ιῑι.
2941 3250 2975 3307 6
3007 3245 3364 3305 Novellarum
3416 3249 3503 3296 est
3550 3251 3657 3291 no-

2050 3360 2194 3417 vella
2226 3352 2530 3414 Iustiniani
2576 3349 2702 3414 I32,
2760 3342 2933 3420 [anno]
2991 3340 3171 3414 posita
3226 3332 3359 3410 [est]
3394 3332 3449 3387 in
3488 3328 3588 3385 lib.
3638 3342 3654 3381 ι

2050 3453 2247 3519 Basil.,
2308 3451 2394 3506 tit.
2428 3449 2483 3513 I,
2523 3460 2647 3516 cap.
2694 3442 2822 3506 ult.,
2865 3437 2977 3512 [ac]
3022 3441 3259 3489 vocatur
3299 3428 3554 3483 Edictum
3580 3422 3649 3476 de

2053 3546 2179 3604 ﬁde.
2217 3532 2893 3607 Constantinopolitanis:
2922 3544 3046 3599 qua:
3081 3520 3371 3581 interdicta
3402 3530 3653 3607 conven-

2058 3633 2224 3689 ticula
2251 3639 2307 3685 et
2331 3602 2636 3684 adulterata
2671 3621 3004 3691 haptismata
3046 3612 3431 3669 haereticorum
3459 3602 3653 3676 prohi-

2056 3728 2167 3782 bet.
2208 3722 2405 3779 ‘l‘radit
2458 3729 2668 3783 autem,
2719 3722 3067 3786 quaecunque
3096 3706 3151 3760 in
3202 3711 3352 3758 textu
3394 3708 3656 3767 compre-

2052 3818 2225 3873 hensa
2267 3822 2419 3871 sunt.

2141 3927 2298 3985 CAP.
2324 3924 2471 3981 XVI.
2498 3954 2567 3966 ——
2594 3919 2752 3987 Quod
2782 3934 2887 3973 non
2917 3911 3194 3970 conveniat
3229 3913 3443 3962 sanctas
3475 3899 3651 3975 [obla-

2052 4021 2246 4096 tiones]
2276 4019 2668 4073 benedictorum
2714 4025 2991 4067 munerum
3021 4003 3233 4062 nomine
3260 4001 3314 4055 in
3348 3992 3535 4073 [alias]
3559 4009 3659 4063 pa-

2056 4116 2268 4172 rochias
2305 4113 2469 4169 mitti.

2141 4207 2375 4265 Concilii
2418 4201 2714 4260 Laodiceni
2741 4213 2917 4257 canon
2956 4195 3046 4251 14.

2140 4301 2297 4360 CAP.
2330 4296 2493 4357 XVII.
2530 4329 2597 4342 —
2629 4294 2713 4351 Ne
2732 4290 3046 4363 corporibus
3066 4284 3438 4356 defunctorum
3466 4286 3656 4329 sacra-

2056 4408 2290 4455 mentum
2329 4389 2695 4448 Eucharistiaz
2724 4388 2902 4442 detur.

2135 4486 2372 4545 Concilii
2410 4477 2867 4553 Cartliaginensis
2904 4487 3084 4532 canon
3126 4469 3227 4535 18;
3257 4458 3475 4521 concilii
3510 4453 3656 4512 sexti

1986 4582 2031 4638 D
2060 4597 2239 4641 canon
2281 4580 2372 4637 85.

2135 4673 2291 4729 CAP.
2319 4667 2511 4726 XVIII.
2540 4696 2614 4707 —
2639 4664 2795 4732 Quod
2822 4678 2926 4716 non
2972 4653 3253 4714 conveniat
3299 4643 3574 4703 mulierem
3597 4638 3655 4692 in

2064 4767 2248 4825 diebus
2278 4762 2613 4838 purgationis
2643 4776 2755 4816 suw
2780 4754 3193 4813 communicare.

2131 4950 2376 5024 Dionysii
2407 4963 2475 5005 ex
2505 4945 2739 5019 epistola
2774 4935 3159 4999 aleasilidem
3198 4943 3324 5000 cap.
3353 4925 3415 4990 ‘2,
3446 4920 3479 4975 4
3506 4938 3521 4988 ;
3561 4917 3662 4972 Ti.

2064 5046 2272 5105 mutltei
2294 5058 2473 5101 canon
2501 5040 2559 5106 6,
2592 5040 2649 5094 7.
3395 5110 3408 5115 _
3625 5101 3638 5115 ο

2125 5137 2278 5195 ΟΑΡκ
2308 5133 2453 5191 XIX.
2530 5161 2561 5172 -
2588 5124 2864 5197 Quomodo
2881 5119 3251 5181 communicet,
3276 5112 3363 5169 cui
3391 5110 3445 5165 in
3466 5110 3667 5161 somnis

2063 5248 2239 5288 semen
2266 5230 2449 5301 ﬂuxit.

2139 5287 2385 5396 Dionysii
2414 5338 2480 5378 ex
2529 5315 2764 5389 epistola
2799 5312 2866 5370 ad
2900 5306 3193 5367 Basilidem
3236 5308 3403 5371 caput
3441 5293 3514 5361 ι;
3563 5287 3664 5343 Ti-

2068 5417 2274 5477 mothei
2306 5430 2483 5471 canon
2526 5412 2616 5468 12.

2134 5509 2290 5567 CAP.
2319 5506 2441 5565 XX.
2472 5539 2545 5550 —-
2580 5501 2664 5560 Ne
2678 5498 3026 5574 pra’sentibus
3058 5486 3323 5549 luereticis
3352 5482 3647 5555 peragatur

2196 5604 2289 5657 tio.

2196 5605 2234 5657 Ii
2276 5644 2289 5657 .

2068 5605 2418 5753 Ob'i'iniothei
2446 5687 2853 5762 archiepiscopi
2883 5674 3241 5741 Alexandrini
3274 5682 3451 5729 canon
3477 5662 3534 5718 8.

2318 5749 2324 5750 γ
2354 5786 2497 5843 XXI.
2525 5816 2596 5827 —
2631 5749 2857 5850 ῥειαηιίο
2880 5786 3093 5851 propter
3129 5763 3554 5828 communionem
3588 5749 3656 5808 ab

2074 5898 2236 5940 uxore
2266 5880 2528 5937 abstinere
2555 5883 2815 5947 oporteat.
