  <div class='ocr_page' id='page_1' title='image "/cluster/home/n/w/nwhite01/storage/ocr_20150623/104:no.4/coo.31924054870088/537.png"; bbox 0 0 4146 6430; ppageno 0'>
   <div class='ocr_carea' id='block_1_1' title="bbox 500 382 643 451">
    <p class='ocr_par' dir='ltr' id='par_1_1' title="bbox 500 382 643 451">
     <span class='ocr_line' id='line_1_1' title="bbox 500 382 643 451; baseline 0 0"><span class='ocrx_word' id='word_1_1' title='bbox 500 382 643 451; x_wconf 78' lang='grc'>1055</span> 
     </span>
    </p>
   </div>
   <div class='ocr_carea' id='block_1_2' title="bbox 1696 373 2670 441">
    <p class='ocr_par' dir='ltr' id='par_1_2' title="bbox 1696 373 2670 441">
     <span class='ocr_line' id='line_1_2' title="bbox 1696 373 2670 441; baseline -0.006 0"><span class='ocrx_word' id='word_1_2' title='bbox 1696 378 1964 441; x_wconf 87' lang='grc' dir='ltr'>ΡΗΟΤΙΙ</span> <span class='ocrx_word' id='word_1_3' title='bbox 2011 373 2523 439; x_wconf 78' lang='lat' dir='ltr'>PATRIARCIL-E</span> <span class='ocrx_word' id='word_1_4' title='bbox 2563 375 2670 437; x_wconf 91' lang='lat' dir='ltr'>CP.</span> 
     </span>
    </p>
   </div>
   <div class='ocr_carea' id='block_1_3' title="bbox 3686 369 3826 439">
    <p class='ocr_par' dir='ltr' id='par_1_3' title="bbox 3686 369 3826 439">
     <span class='ocr_line' id='line_1_3' title="bbox 3686 369 3826 439; baseline 0.029 -4"><span class='ocrx_word' id='word_1_5' title='bbox 3686 369 3826 439; x_wconf 81' lang='lat'>1056</span> 
     </span>
    </p>
   </div>
   <div class='ocr_carea' id='block_1_4' title="bbox 493 484 2077 572">
    <p class='ocr_par' dir='ltr' id='par_1_4' title="bbox 493 492 2077 572">
     <span class='ocr_line' id='line_1_4' title="bbox 493 492 2077 572; baseline -0.008 -15"><span class='ocrx_word' id='word_1_6' title='bbox 493 535 500 543; x_wconf 92' lang='lat'><em>-</em></span> <span class='ocrx_word' id='word_1_7' title='bbox 567 498 811 572; x_wconf 83' lang='lat' dir='ltr'><strong>Dionysii</strong></span> <span class='ocrx_word' id='word_1_8' title='bbox 833 514 902 553; x_wconf 76' lang='lat' dir='ltr'><strong><em>ex</em></strong></span> <span class='ocrx_word' id='word_1_9' title='bbox 932 498 1164 569; x_wconf 79' lang='lat' dir='ltr'><strong>epistola</strong></span> <span class='ocrx_word' id='word_1_10' title='bbox 1196 495 1263 551; x_wconf 83' lang='lat' dir='ltr'><strong>al</strong></span> <span class='ocrx_word' id='word_1_11' title='bbox 1322 494 1617 553; x_wconf 73' lang='lat' dir='ltr'>Basiliden“</span> <span class='ocrx_word' id='word_1_12' title='bbox 1658 502 1825 565; x_wconf 85' lang='lat' dir='ltr'><strong>caput</strong></span> <span class='ocrx_word' id='word_1_13' title='bbox 1875 494 1946 561; x_wconf 78' lang='lat'>5;</span> <span class='ocrx_word' id='word_1_14' title='bbox 1996 492 2077 546; x_wconf 69' lang='grc' dir='ltr'>Τίς</span> 
     </span>
    </p>
   </div>
   <div class='ocr_carea' id='block_1_5' title="bbox 2185 484 3819 572">
    <p class='ocr_par' dir='ltr' id='par_1_5' title="bbox 2277 484 3819 561">
     <span class='ocr_line' id='line_1_5' title="bbox 2277 484 3819 561; baseline 0.001 -17"><span class='ocrx_word' id='word_1_15' title='bbox 2277 490 2558 545; x_wconf 76' lang='grc' dir='ltr'>Διονυσίου</span> <span class='ocrx_word' id='word_1_16' title='bbox 2594 491 2659 544; x_wconf 75' lang='grc' dir='ltr'>ὲκ</span> <span class='ocrx_word' id='word_1_17' title='bbox 2683 488 2787 560; x_wconf 79' lang='grc' dir='ltr'>τῆς</span> <span class='ocrx_word' id='word_1_18' title='bbox 2816 486 2958 561; x_wconf 75' lang='grc' dir='ltr'>πρὸς</span> <span class='ocrx_word' id='word_1_19' title='bbox 2984 487 3305 559; x_wconf 80' lang='grc' dir='ltr'>Βασιλείδην</span> <span class='ocrx_word' id='word_1_20' title='bbox 3331 484 3639 559; x_wconf 74' lang='grc' dir='ltr'>ἐπιπολῆς</span> <span class='ocrx_word' id='word_1_21' title='bbox 3687 504 3819 561; x_wconf 78' lang='grc' dir='ltr'>κεφ.</span> 
     </span>
    </p>
   </div>
   <div class='ocr_carea' id='block_1_6' title="bbox 497 592 1110 657">
    <p class='ocr_par' dir='ltr' id='par_1_6' title="bbox 497 592 1110 657">
     <span class='ocr_line' id='line_1_6' title="bbox 497 592 1110 657; baseline -0.008 -7"><span class='ocrx_word' id='word_1_22' title='bbox 497 595 706 650; x_wconf 75' lang='lat' dir='ltr'><strong>inotliei</strong></span> <span class='ocrx_word' id='word_1_23' title='bbox 728 607 907 648; x_wconf 86' lang='lat' dir='ltr'><strong>canon</strong></span> <span class='ocrx_word' id='word_1_24' title='bbox 939 592 994 657; x_wconf 86' lang='lat'>5,</span> <span class='ocrx_word' id='word_1_25' title='bbox 1023 593 1110 646; x_wconf 66' lang='lat' dir='ltr'>lt.</span> 
     </span>
    </p>
   </div>
   <div class='ocr_carea' id='block_1_7' title="bbox 570 680 2104 751">
    <p class='ocr_par' dir='ltr' id='par_1_7' title="bbox 570 680 2104 751">
     <span class='ocr_line' id='line_1_7' title="bbox 570 680 2104 751; baseline -0.005 -11"><span class='ocrx_word' id='word_1_26' title='bbox 570 684 729 741; x_wconf 83' lang='lat' dir='ltr'><strong>CAP.</strong></span> <span class='ocrx_word' id='word_1_27' title='bbox 780 683 948 738; x_wconf 76' lang='lat' dir='ltr'>XXII.</span> <span class='ocrx_word' id='word_1_28' title='bbox 980 714 1052 726; x_wconf 89' lang='lat'><strong>—</strong></span> <span class='ocrx_word' id='word_1_29' title='bbox 1071 681 1348 749; x_wconf 79' lang='lat' dir='ltr'>Quomodo</span> <span class='ocrx_word' id='word_1_30' title='bbox 1375 681 1572 736; x_wconf 86' lang='lat' dir='ltr'><strong><em>oblatio</em></strong></span> <span class='ocrx_word' id='word_1_31' title='bbox 1606 680 1899 735; x_wconf 79' lang='lat' dir='ltr'>celebretur</span> <span class='ocrx_word' id='word_1_32' title='bbox 1927 695 2021 751; x_wconf 82' lang='lat' dir='ltr'><strong><em>pro</em></strong></span> <span class='ocrx_word' id='word_1_33' title='bbox 2043 696 2104 735; x_wconf 89' lang='lat' dir='ltr'>eo</span> 
     </span>
    </p>
   </div>
   <div class='ocr_carea' id='block_1_8' title="bbox 491 777 1204 851">
    <p class='ocr_par' dir='ltr' id='par_1_8' title="bbox 491 777 1204 851">
     <span class='ocr_line' id='line_1_8' title="bbox 491 777 1204 851; baseline -0.001 -19"><span class='ocrx_word' id='word_1_34' title='bbox 491 779 582 851; x_wconf 86' lang='lat' dir='ltr'>qui</span> <span class='ocrx_word' id='word_1_35' title='bbox 610 795 665 833; x_wconf 84' lang='lat' dir='ltr'><strong>se</strong></span> <span class='ocrx_word' id='word_1_36' title='bbox 701 778 877 849; x_wconf 84' lang='lat' dir='ltr'><strong><em>ipsum</em></strong></span> <span class='ocrx_word' id='word_1_37' title='bbox 912 777 1204 847; x_wconf 74' lang='lat' dir='ltr'>interfecit.</span> 
     </span>
    </p>
   </div>
   <div class='ocr_carea' id='block_1_9' title="bbox 562 869 1183 927">
    <p class='ocr_par' dir='ltr' id='par_1_9' title="bbox 562 869 1183 927">
     <span class='ocr_line' id='line_1_9' title="bbox 562 869 1183 927; baseline -0.002 -2"><span class='ocrx_word' id='word_1_38' title='bbox 562 869 838 927; x_wconf 87' lang='lat' dir='ltr'><strong>Timothei</strong></span> <span class='ocrx_word' id='word_1_39' title='bbox 872 888 1047 927; x_wconf 87' lang='lat' dir='ltr'><strong>canon</strong></span> <span class='ocrx_word' id='word_1_40' title='bbox 1087 872 1183 927; x_wconf 77' lang='lat'>13.</span> 
     </span>
    </p>
   </div>
   <div class='ocr_carea' id='block_1_10' title="bbox 569 958 2102 1031">
    <p class='ocr_par' dir='ltr' id='par_1_10' title="bbox 569 958 2102 1031">
     <span class='ocr_line' id='line_1_10' title="bbox 569 958 2102 1031; baseline -0.003 -14"><span class='ocrx_word' id='word_1_41' title='bbox 569 960 790 1017; x_wconf 70' lang='lat' dir='ltr'><strong><em>Textus.</em></strong></span> <span class='ocrx_word' id='word_1_42' title='bbox 841 959 954 1017; x_wconf 83' lang='lat' dir='ltr'>Lex</span> <span class='ocrx_word' id='word_1_43' title='bbox 980 962 1153 1017; x_wconf 80' lang='lat' dir='ltr'>civilis</span> <span class='ocrx_word' id='word_1_44' title='bbox 1182 976 1306 1016; x_wconf 86' lang='lat' dir='ltr'>eum</span> <span class='ocrx_word' id='word_1_45' title='bbox 1340 960 1433 1031; x_wconf 85' lang='lat' dir='ltr'>qui</span> <span class='ocrx_word' id='word_1_46' title='bbox 1464 960 1593 1027; x_wconf 84' lang='lat' dir='ltr'><strong>sibi,</strong></span> <span class='ocrx_word' id='word_1_47' title='bbox 1636 969 1770 1027; x_wconf 89' lang='lat' dir='ltr'><strong><em>etc.,</em></strong></span> <span class='ocrx_word' id='word_1_48' title='bbox 1811 975 1977 1031; x_wconf 82' lang='lat' dir='ltr'><strong><em>usque</em></strong></span> <span class='ocrx_word' id='word_1_49' title='bbox 2032 958 2102 1014; x_wconf 90' lang='lat' dir='ltr'>ad</span> 
     </span>
    </p>
   </div>
   <div class='ocr_carea' id='block_1_11' title="bbox 491 1052 1418 1127">
    <p class='ocr_par' dir='ltr' id='par_1_11' title="bbox 491 1052 1418 1127">
     <span class='ocr_line' id='line_1_11' title="bbox 491 1052 1418 1127; baseline -0.002 -16"><span class='ocrx_word' id='word_1_50' title='bbox 491 1052 583 1111; x_wconf 84' lang='grc' dir='ltr'>ιὶι.</span> <span class='ocrx_word' id='word_1_51' title='bbox 616 1054 686 1109; x_wconf 83' lang='grc'>50</span> <span class='ocrx_word' id='word_1_52' title='bbox 713 1054 1015 1127; x_wconf 76' lang='lat' dir='ltr'>[traditur],</span> <span class='ocrx_word' id='word_1_53' title='bbox 1052 1064 1107 1107; x_wconf 90' lang='lat' dir='ltr'>ut</span> <span class='ocrx_word' id='word_1_54' title='bbox 1134 1071 1257 1125; x_wconf 86' lang='lat' dir='ltr'><strong><em>pag.</em></strong></span> <span class='ocrx_word' id='word_1_55' title='bbox 1289 1054 1418 1109; x_wconf 76' lang='lat' dir='ltr'>6N.</span> 
     </span>
    </p>
   </div>
   <div class='ocr_carea' id='block_1_12' title="bbox 562 1239 2099 1317">
    <p class='ocr_par' dir='ltr' id='par_1_12' title="bbox 562 1239 2099 1317">
     <span class='ocr_line' id='line_1_12' title="bbox 562 1239 2099 1317; baseline 0.003 -20"><span class='ocrx_word' id='word_1_56' title='bbox 562 1239 859 1298; x_wconf 84' lang='lat' dir='ltr'><strong>Scliolium.</strong></span> <span class='ocrx_word' id='word_1_57' title='bbox 893 1241 1000 1298; x_wconf 87' lang='lat' dir='ltr'><strong>Tit.</strong></span> <span class='ocrx_word' id='word_1_58' title='bbox 1035 1243 1129 1306; x_wconf 70' lang='lat'>2!,</span> <span class='ocrx_word' id='word_1_59' title='bbox 1165 1244 1263 1299; x_wconf 87' lang='lat' dir='ltr'>lib.</span> <span class='ocrx_word' id='word_1_60' title='bbox 1304 1260 1477 1300; x_wconf 76' lang='lat' dir='ltr'>vam</span> <span class='ocrx_word' id='word_1_61' title='bbox 1512 1244 1631 1317; x_wconf 81' lang='lat' dir='ltr'>Dig.</span> <span class='ocrx_word' id='word_1_62' title='bbox 1678 1255 1764 1301; x_wconf 89' lang='lat' dir='ltr'><strong><em>est</em></strong></span> <span class='ocrx_word' id='word_1_63' title='bbox 1798 1259 1925 1316; x_wconf 78' lang='lat' dir='ltr'><strong>cap.</strong></span> <span class='ocrx_word' id='word_1_64' title='bbox 1979 1246 2015 1301; x_wconf 78' lang='lat'><strong>3</strong></span> <span class='ocrx_word' id='word_1_65' title='bbox 2043 1256 2099 1302; x_wconf 86' lang='lat' dir='ltr'>et</span> 
     </span>
    </p>
   </div>
   <div class='ocr_carea' id='block_1_13' title="bbox 494 1335 2094 1410">
    <p class='ocr_par' dir='ltr' id='par_1_13' title="bbox 494 1335 2094 1410">
     <span class='ocr_line' id='line_1_13' title="bbox 494 1335 2094 1410; baseline 0.004 -20"><span class='ocrx_word' id='word_1_66' title='bbox 494 1342 550 1390; x_wconf 86' lang='lat' dir='ltr'>et</span> <span class='ocrx_word' id='word_1_67' title='bbox 586 1335 642 1400; x_wconf 78' lang='grc'>4,</span> <span class='ocrx_word' id='word_1_68' title='bbox 678 1335 762 1392; x_wconf 82' lang='grc' dir='ltr'><strong>ιίι.</strong></span> <span class='ocrx_word' id='word_1_69' title='bbox 806 1336 895 1403; x_wconf 77' lang='lat'><strong>55,</strong></span> <span class='ocrx_word' id='word_1_70' title='bbox 942 1337 1039 1393; x_wconf 88' lang='lat' dir='ltr'><strong>lib.</strong></span> <span class='ocrx_word' id='word_1_71' title='bbox 1078 1354 1145 1392; x_wconf 66' lang='grc' dir='ltr'>ιχ</span> <span class='ocrx_word' id='word_1_72' title='bbox 1190 1338 1384 1405; x_wconf 84' lang='lat' dir='ltr'>Basil.,</span> <span class='ocrx_word' id='word_1_73' title='bbox 1429 1355 1553 1410; x_wconf 62' lang='lat' dir='ltr'><strong><em>quae</em></strong></span> <span class='ocrx_word' id='word_1_74' title='bbox 1600 1341 1791 1395; x_wconf 81' lang='lat' dir='ltr'><strong><em>eadem</em></strong></span> <span class='ocrx_word' id='word_1_75' title='bbox 1847 1341 2094 1397; x_wconf 86' lang='lat' dir='ltr'><strong><em>tradunt.</em></strong></span> 
     </span>
    </p>
   </div>
   <div class='ocr_carea' id='block_1_14' title="bbox 488 1426 1886 1505">
    <p class='ocr_par' dir='ltr' id='par_1_14' title="bbox 488 1426 1886 1505">
     <span class='ocr_line' id='line_1_14' title="bbox 488 1426 1886 1505; baseline 0.006 -23"><span class='ocrx_word' id='word_1_76' title='bbox 488 1426 597 1484; x_wconf 89' lang='lat' dir='ltr'><strong>Tit.</strong></span> <span class='ocrx_word' id='word_1_77' title='bbox 630 1428 701 1485; x_wconf 85' lang='lat'>50</span> <span class='ocrx_word' id='word_1_78' title='bbox 727 1428 822 1487; x_wconf 87' lang='lat' dir='ltr'><strong>lib.</strong></span> <span class='ocrx_word' id='word_1_79' title='bbox 857 1446 911 1485; x_wconf 81' lang='lat' dir='ltr'>Ix</span> <span class='ocrx_word' id='word_1_80' title='bbox 937 1429 1076 1487; x_wconf 83' lang='lat' dir='ltr'><strong>Cod.</strong></span> <span class='ocrx_word' id='word_1_81' title='bbox 1106 1432 1161 1487; x_wconf 87' lang='lat' dir='ltr'>in</span> <span class='ocrx_word' id='word_1_82' title='bbox 1191 1431 1361 1489; x_wconf 84' lang='lat' dir='ltr'><strong>Basil.</strong></span> <span class='ocrx_word' id='word_1_83' title='bbox 1390 1449 1501 1489; x_wconf 88' lang='lat' dir='ltr'><strong>non</strong></span> <span class='ocrx_word' id='word_1_84' title='bbox 1532 1441 1618 1488; x_wconf 91' lang='lat' dir='ltr'><strong><em>est</em></strong></span> <span class='ocrx_word' id='word_1_85' title='bbox 1649 1434 1886 1505; x_wconf 87' lang='lat' dir='ltr'>positus.</span> 
     </span>
    </p>
   </div>
   <div class='ocr_carea' id='block_1_15' title="bbox 2215 580 3027 655">
    <p class='ocr_par' dir='ltr' id='par_1_15' title="bbox 2215 580 3027 655">
     <span class='ocr_line' id='line_1_15' title="bbox 2215 580 3027 655; baseline 0.004 -19"><span class='ocrx_word' id='word_1_86' title='bbox 2215 583 2266 654; x_wconf 81' lang='grc' dir='ltr'>γ’</span> <span class='ocrx_word' id='word_1_87' title='bbox 2292 602 2304 616; x_wconf 78' lang='grc' dir='ltr'><strong><em>ο</em></strong></span> <span class='ocrx_word' id='word_1_88' title='bbox 2341 583 2613 655; x_wconf 84' lang='grc' dir='ltr'>Τιμοθέου</span> <span class='ocrx_word' id='word_1_89' title='bbox 2638 581 2824 638; x_wconf 87' lang='grc' dir='ltr'>κανὼν</span> <span class='ocrx_word' id='word_1_90' title='bbox 2845 581 2910 647; x_wconf 89' lang='grc' dir='ltr'>ε’,</span> <span class='ocrx_word' id='word_1_91' title='bbox 2937 580 3027 651; x_wconf 87' lang='grc' dir='ltr'>ιγ’.</span> 
     </span>
    </p>
   </div>
   <div class='ocr_carea' id='block_1_16' title="bbox 2290 672 3802 747">
    <p class='ocr_par' dir='ltr' id='par_1_16' title="bbox 2290 672 3802 747">
     <span class='ocr_line' id='line_1_16' title="bbox 2290 672 3802 747; baseline -0.002 -17"><span class='ocrx_word' id='word_1_92' title='bbox 2290 676 2549 730; x_wconf 79' lang='grc' dir='ltr'>ΚΕΦΑΛ.</span> <span class='ocrx_word' id='word_1_93' title='bbox 2578 674 2707 730; x_wconf 86' lang='grc' dir='ltr'><strong>ΚΒ’.</strong></span> <span class='ocrx_word' id='word_1_94' title='bbox 2733 704 2806 716; x_wconf 89' lang='grc'><strong><em>-</em></strong></span> <span class='ocrx_word' id='word_1_95' title='bbox 2843 674 2978 742; x_wconf 84' lang='grc' dir='ltr'>Πῶς</span> <span class='ocrx_word' id='word_1_96' title='bbox 3006 676 3234 746; x_wconf 78' lang='grc' dir='ltr'>γίνεται</span> <span class='ocrx_word' id='word_1_97' title='bbox 3269 674 3597 747; x_wconf 62' lang='grc' dir='ltr'>προσφορὰ</span> <span class='ocrx_word' id='word_1_98' title='bbox 3644 672 3802 744; x_wconf 75' lang='grc' dir='ltr'>ὑπὲρ</span> 
     </span>
    </p>
   </div>
   <div class='ocr_carea' id='block_1_17' title="bbox 2217 767 2955 831">
    <p class='ocr_par' dir='ltr' id='par_1_17' title="bbox 2217 767 2955 831">
     <span class='ocr_line' id='line_1_17' title="bbox 2217 767 2955 831; baseline -0.001 -7"><span class='ocrx_word' id='word_1_99' title='bbox 2217 767 2327 825; x_wconf 88' lang='grc' dir='ltr'>τοῦ</span> <span class='ocrx_word' id='word_1_100' title='bbox 2356 770 2579 824; x_wconf 81' lang='grc' dir='ltr'>ἑαυτὸν</span> <span class='ocrx_word' id='word_1_101' title='bbox 2597 770 2955 831; x_wconf 74' lang='grc' dir='ltr'>ἀνελόντος.</span> 
     </span>
    </p>
   </div>
   <div class='ocr_carea' id='block_1_18' title="bbox 2293 860 3429 934">
    <p class='ocr_par' dir='ltr' id='par_1_18' title="bbox 2293 860 3429 934">
     <span class='ocr_line' id='line_1_18' title="bbox 2293 860 3429 934; baseline 0 -19"><span class='ocrx_word' id='word_1_102' title='bbox 2293 862 2565 932; x_wconf 79' lang='grc' dir='ltr'>Τιμοθέου</span> <span class='ocrx_word' id='word_1_103' title='bbox 2591 860 2775 915; x_wconf 85' lang='grc' dir='ltr'>κανὼν</span> <span class='ocrx_word' id='word_1_104' title='bbox 2801 861 3429 934; x_wconf 74' lang='grc' dir='ltr'>τεσσαρεσκαιδέκατος.</span> 
     </span>
    </p>
   </div>
   <div class='ocr_carea' id='block_1_19' title="bbox 2280 949 3818 1023">
    <p class='ocr_par' dir='ltr' id='par_1_19' title="bbox 2280 949 3818 1023">
     <span class='ocr_line' id='line_1_19' title="bbox 2280 949 3818 1023; baseline -0.001 -15"><span class='ocrx_word' id='word_1_105' title='bbox 2280 951 2595 1023; x_wconf 80' lang='grc' dir='ltr'>Κείμενον.</span> <span class='ocrx_word' id='word_1_106' title='bbox 2637 951 2696 1006; x_wconf 78' lang='grc' dir='ltr'><strong>Ὀ</strong></span> <span class='ocrx_word' id='word_1_107' title='bbox 2716 950 3001 1016; x_wconf 80' lang='grc' dir='ltr'>πολιτικὸς</span> <span class='ocrx_word' id='word_1_108' title='bbox 3022 952 3188 1023; x_wconf 82' lang='grc' dir='ltr'>νόμος</span> <span class='ocrx_word' id='word_1_109' title='bbox 3209 950 3303 1005; x_wconf 80' lang='grc' dir='ltr'>τὸν</span> <span class='ocrx_word' id='word_1_110' title='bbox 3321 950 3515 1007; x_wconf 74' lang='grc' dir='ltr'>ἑαυτὸν</span> <span class='ocrx_word' id='word_1_111' title='bbox 3533 949 3818 1023; x_wconf 68' lang='grc' dir='ltr'>ἀνελόντα,</span> 
     </span>
    </p>
   </div>
   <div class='ocr_carea' id='block_1_20' title="bbox 2207 1041 3446 1116">
    <p class='ocr_par' dir='ltr' id='par_1_20' title="bbox 2207 1041 3446 1116">
     <span class='ocr_line' id='line_1_20' title="bbox 2207 1041 3446 1116; baseline 0.002 -19"><span class='ocrx_word' id='word_1_112' title='bbox 2207 1060 2267 1097; x_wconf 91' lang='grc' dir='ltr'><strong>κ.</strong></span> <span class='ocrx_word' id='word_1_113' title='bbox 2300 1060 2351 1098; x_wconf 84' lang='grc' dir='ltr'><strong>τ.</strong></span> <span class='ocrx_word' id='word_1_114' title='bbox 2385 1043 2460 1111; x_wconf 91' lang='grc' dir='ltr'>λ.,</span> <span class='ocrx_word' id='word_1_115' title='bbox 2497 1059 2675 1116; x_wconf 85' lang='lat' dir='ltr'><strong><em>usque</em></strong></span> <span class='ocrx_word' id='word_1_116' title='bbox 2712 1043 2784 1100; x_wconf 86' lang='lat' dir='ltr'><strong><em>ad</em></strong></span> <span class='ocrx_word' id='word_1_117' title='bbox 2827 1042 2923 1099; x_wconf 79' lang='grc' dir='ltr'>τοῦ</span> <span class='ocrx_word' id='word_1_118' title='bbox 2958 1042 3209 1109; x_wconf 78' lang='grc' dir='ltr'>Κώδικος</span> <span class='ocrx_word' id='word_1_119' title='bbox 3236 1043 3342 1100; x_wconf 84' lang='grc' dir='ltr'>τίτ.</span> <span class='ocrx_word' id='word_1_120' title='bbox 3378 1041 3446 1100; x_wconf 87' lang='grc' dir='ltr'>ν’.</span> 
     </span>
    </p>
   </div>
   <div class='ocr_carea' id='block_1_21' title="bbox 2274 1227 3822 1303">
    <p class='ocr_par' dir='ltr' id='par_1_21' title="bbox 2274 1227 3822 1303">
     <span class='ocr_line' id='line_1_21' title="bbox 2274 1227 3822 1303; baseline 0.001 -19"><span class='ocrx_word' id='word_1_121' title='bbox 2274 1229 2558 1298; x_wconf 69' lang='grc' dir='ltr'>Σχόνῑιον.</span> <span class='ocrx_word' id='word_1_122' title='bbox 2600 1229 2659 1284; x_wconf 82' lang='lat'>&#39;0</span> <span class='ocrx_word' id='word_1_123' title='bbox 2690 1227 2777 1285; x_wconf 84' lang='grc' dir='ltr'>κα¹</span> <span class='ocrx_word' id='word_1_124' title='bbox 2796 1228 2903 1285; x_wconf 84' lang='grc' dir='ltr'>τίτ,</span> <span class='ocrx_word' id='word_1_125' title='bbox 2929 1229 3024 1285; x_wconf 79' lang='grc' dir='ltr'>τοῦ</span> <span class='ocrx_word' id='word_1_126' title='bbox 3056 1228 3150 1302; x_wconf 82' lang='grc' dir='ltr'>μη⁹</span> <span class='ocrx_word' id='word_1_127' title='bbox 3196 1229 3408 1303; x_wconf 87' lang='grc' dir='ltr'>βιϐλίου</span> <span class='ocrx_word' id='word_1_128' title='bbox 3456 1228 3569 1285; x_wconf 83' lang='grc' dir='ltr'>τῶν</span> <span class='ocrx_word' id='word_1_129' title='bbox 3594 1229 3822 1300; x_wconf 70' lang='grc' dir='ltr'><strong>Διατάξ.</strong></span> 
     </span>
    </p>
   </div>
   <div class='ocr_carea' id='block_1_22' title="bbox 2210 1321 3822 1396">
    <p class='ocr_par' dir='ltr' id='par_1_22' title="bbox 2210 1321 3822 1396">
     <span class='ocr_line' id='line_1_22' title="bbox 2210 1321 3822 1396; baseline 0.002 -20"><span class='ocrx_word' id='word_1_130' title='bbox 2210 1321 2329 1377; x_wconf 74' lang='grc' dir='ltr'>ἐστι</span> <span class='ocrx_word' id='word_1_131' title='bbox 2389 1340 2518 1392; x_wconf 72' lang='grc' dir='ltr'>κεφ.</span> <span class='ocrx_word' id='word_1_132' title='bbox 2577 1322 2626 1392; x_wconf 83' lang='grc' dir='ltr'>γ’</span> <span class='ocrx_word' id='word_1_133' title='bbox 2681 1325 2776 1378; x_wconf 73' lang='grc' dir='ltr'>καὶ</span> <span class='ocrx_word' id='word_1_134' title='bbox 2836 1323 2876 1378; x_wconf 90' lang='grc' dir='ltr'>δ’</span> <span class='ocrx_word' id='word_1_135' title='bbox 2905 1324 3000 1378; x_wconf 76' lang='grc' dir='ltr'>τοῦ</span> <span class='ocrx_word' id='word_1_136' title='bbox 3028 1323 3235 1395; x_wconf 81' lang='grc' dir='ltr'>νγ¹τίτ.</span> <span class='ocrx_word' id='word_1_137' title='bbox 3260 1325 3354 1378; x_wconf 78' lang='grc' dir='ltr'>τοῦ</span> <span class='ocrx_word' id='word_1_138' title='bbox 3382 1323 3423 1390; x_wconf 81' lang='grc' dir='ltr'>ξ’</span> <span class='ocrx_word' id='word_1_139' title='bbox 3460 1324 3667 1396; x_wconf 84' lang='grc' dir='ltr'>βιϐλίου</span> <span class='ocrx_word' id='word_1_140' title='bbox 3705 1325 3822 1379; x_wconf 80' lang='grc' dir='ltr'>τῶν</span> 
     </span>
    </p>
   </div>
   <div class='ocr_carea' id='block_1_23' title="bbox 2209 1415 3805 1483">
    <p class='ocr_par' dir='ltr' id='par_1_23' title="bbox 2209 1415 3805 1483">
     <span class='ocr_line' id='line_1_23' title="bbox 2209 1415 3805 1483; baseline 0.002 -14"><span class='ocrx_word' id='word_1_141' title='bbox 2209 1417 2520 1472; x_wconf 87' lang='grc' dir='ltr'>Βασιλικῶν</span> <span class='ocrx_word' id='word_1_142' title='bbox 2556 1418 2627 1473; x_wconf 83' lang='grc' dir='ltr'>τὰ</span> <span class='ocrx_word' id='word_1_143' title='bbox 2646 1419 2789 1473; x_wconf 76' lang='grc' dir='ltr'>αὐτὰ</span> <span class='ocrx_word' id='word_1_144' title='bbox 2836 1418 3147 1483; x_wconf 82' lang='grc' dir='ltr'>διεξιόντος.</span> <span class='ocrx_word' id='word_1_145' title='bbox 3192 1419 3252 1473; x_wconf 87' lang='lat'>&#39;0</span> <span class='ocrx_word' id='word_1_146' title='bbox 3281 1419 3337 1472; x_wconf 78' lang='grc' dir='ltr'>δὲ</span> <span class='ocrx_word' id='word_1_147' title='bbox 3371 1416 3413 1473; x_wconf 83' lang='grc' dir='ltr'>ν’</span> <span class='ocrx_word' id='word_1_148' title='bbox 3448 1419 3557 1473; x_wconf 81' lang='grc' dir='ltr'>τίτ.</span> <span class='ocrx_word' id='word_1_149' title='bbox 3600 1418 3698 1472; x_wconf 73' lang='grc' dir='ltr'>τοῦ</span> <span class='ocrx_word' id='word_1_150' title='bbox 3757 1415 3805 1472; x_wconf 79' lang='lat'>0&#39;</span> 
     </span>
    </p>
   </div>
   <div class='ocr_carea' id='block_1_24' title="bbox 2207 1508 3825 1583">
    <p class='ocr_par' dir='ltr' id='par_1_24' title="bbox 2207 1508 3825 1583">
     <span class='ocr_line' id='line_1_24' title="bbox 2207 1508 3825 1583; baseline 0.002 -21"><span class='ocrx_word' id='word_1_151' title='bbox 2207 1508 2418 1581; x_wconf 88' lang='grc' dir='ltr'>βιϐλίου</span> <span class='ocrx_word' id='word_1_152' title='bbox 2458 1508 2553 1564; x_wconf 79' lang='grc' dir='ltr'>τοῦ</span> <span class='ocrx_word' id='word_1_153' title='bbox 2603 1509 2854 1575; x_wconf 82' lang='grc' dir='ltr'>Κώδικος</span> <span class='ocrx_word' id='word_1_154' title='bbox 2881 1510 2984 1565; x_wconf 76' lang='grc' dir='ltr'>οὐκ</span> <span class='ocrx_word' id='word_1_155' title='bbox 3017 1510 3179 1583; x_wconf 76' lang='grc' dir='ltr'>ἐτέθη</span> <span class='ocrx_word' id='word_1_156' title='bbox 3213 1511 3293 1576; x_wconf 84' lang='grc' dir='ltr'>είς</span> <span class='ocrx_word' id='word_1_157' title='bbox 3331 1509 3404 1565; x_wconf 70' lang='grc' dir='ltr'>τὰ</span> <span class='ocrx_word' id='word_1_158' title='bbox 3449 1509 3745 1565; x_wconf 79' lang='grc' dir='ltr'>Βασιλικὰ.</span> <span class='ocrx_word' id='word_1_159' title='bbox 3812 1574 3825 1579; x_wconf 88' lang='lat'>_</span> 
     </span>
    </p>
   </div>
   <div class='ocr_carea' id='block_1_25' title="bbox 1841 1825 2440 1927">
    <p class='ocr_par' dir='ltr' id='par_1_25' title="bbox 1841 1825 2440 1927">
     <span class='ocr_line' id='line_1_25' title="bbox 1841 1825 2440 1927; baseline 0.01 -5"><span class='ocrx_word' id='word_1_160' title='bbox 1841 1835 2250 1925; x_wconf 74' lang='lat' dir='ltr'><strong>TITAOZ</strong></span> <span class='ocrx_word' id='word_1_161' title='bbox 2327 1825 2440 1927; x_wconf 81' lang='grc' dir='ltr'>Δ’·</span> 
     </span>
    </p>
   </div>
   <div class='ocr_carea' id='block_1_26' title="bbox 1163 2005 3107 2069">
    <p class='ocr_par' dir='ltr' id='par_1_26' title="bbox 1163 2005 3107 2069">
     <span class='ocr_line' id='line_1_26' title="bbox 1163 2005 3107 2069; baseline 0.004 -9"><span class='ocrx_word' id='word_1_162' title='bbox 1163 2005 1326 2061; x_wconf 81' lang='grc' dir='ltr'>ΠΕΡΙ</span> <span class='ocrx_word' id='word_1_163' title='bbox 1361 2007 1955 2063; x_wconf 74' lang='grc' dir='ltr'>ΚΛΤΗΧΟΥΜΕΝΩΝ</span> <span class='ocrx_word' id='word_1_164' title='bbox 1990 2009 2113 2064; x_wconf 80' lang='grc' dir='ltr'>ΚΑΙ</span> <span class='ocrx_word' id='word_1_165' title='bbox 2158 2009 2298 2065; x_wconf 83' lang='grc' dir='ltr'>ΤΟΥ</span> <span class='ocrx_word' id='word_1_166' title='bbox 2346 2009 2554 2064; x_wconf 82' lang='grc' dir='ltr'><strong>ΑΓΙΟΥ</strong></span> <span class='ocrx_word' id='word_1_167' title='bbox 2590 2011 3107 2069; x_wconf 69' lang='grc' dir='ltr'>ΒΑΠῙΊΣΜΛΤΟΣ.</span> 
     </span>
    </p>
   </div>
   <div class='ocr_carea' id='block_1_27' title="bbox 1614 2300 2689 2401">
    <p class='ocr_par' dir='ltr' id='par_1_27' title="bbox 1614 2300 2689 2401">
     <span class='ocr_line' id='line_1_27' title="bbox 1614 2300 2689 2401; baseline 0.003 -19"><span class='ocrx_word' id='word_1_168' title='bbox 1614 2300 2093 2385; x_wconf 87' lang='lat' dir='ltr'>TITULUS</span> <span class='ocrx_word' id='word_1_169' title='bbox 2167 2306 2689 2401; x_wconf 78' lang='lat' dir='ltr'>QUARTUS.</span> 
     </span>
    </p>
   </div>
   <div class='ocr_carea' id='block_1_28' title="bbox 891 2451 3402 2540">
    <p class='ocr_par' dir='ltr' id='par_1_28' title="bbox 891 2451 3402 2540">
     <span class='ocr_line' id='line_1_28' title="bbox 891 2451 3402 2540; baseline 0.007 -26"><span class='ocrx_word' id='word_1_170' title='bbox 891 2451 993 2515; x_wconf 87' lang='lat' dir='ltr'>DE</span> <span class='ocrx_word' id='word_1_171' title='bbox 1032 2453 1458 2520; x_wconf 87' lang='lat' dir='ltr'>IMBUENDIS</span> <span class='ocrx_word' id='word_1_172' title='bbox 1500 2460 1948 2540; x_wconf 83' lang='lat' dir='ltr'>RELIGIONE,</span> <span class='ocrx_word' id='word_1_173' title='bbox 2000 2463 2098 2526; x_wconf 88' lang='lat' dir='ltr'><strong>ET</strong></span> <span class='ocrx_word' id='word_1_174' title='bbox 2143 2463 2242 2525; x_wconf 89' lang='lat' dir='ltr'>DE</span> <span class='ocrx_word' id='word_1_175' title='bbox 2284 2465 2828 2529; x_wconf 83' lang='lat' dir='ltr'><strong>SACROSANCTO</strong></span> <span class='ocrx_word' id='word_1_176' title='bbox 2876 2466 3402 2532; x_wconf 76' lang='lat' dir='ltr'><strong>BAPTISMATE.</strong></span> 
     </span>
    </p>
   </div>
   <div class='ocr_carea' id='block_1_29' title="bbox 566 2596 2077 2693">
    <p class='ocr_par' dir='ltr' id='par_1_29' title="bbox 566 2596 2077 2693">
     <span class='ocr_line' id='line_1_29' title="bbox 566 2596 2077 2693; baseline 0.01 -37"><span class='ocrx_word' id='word_1_177' title='bbox 566 2596 806 2693; x_wconf 79' lang='lat' dir='ltr'><strong>CAPUT</strong></span> <span class='ocrx_word' id='word_1_178' title='bbox 846 2600 1148 2660; x_wconf 81' lang='lat' dir='ltr'>PRIMUM.</span> <span class='ocrx_word' id='word_1_179' title='bbox 1174 2622 1246 2646; x_wconf 75' lang='lat'>—‘-</span> <span class='ocrx_word' id='word_1_180' title='bbox 1281 2605 1560 2664; x_wconf 82' lang='lat' dir='ltr'>Neminem</span> <span class='ocrx_word' id='word_1_181' title='bbox 1586 2612 1796 2668; x_wconf 87' lang='lat' dir='ltr'><strong><em>duabus</em></strong></span> <span class='ocrx_word' id='word_1_182' title='bbox 1832 2615 2077 2685; x_wconf 39' lang='lat' dir='ltr'><strong><em>septima‘</em></strong></span> 
     </span>
    </p>
   </div>
   <div class='ocr_carea' id='block_1_30' title="bbox 2185 2596 3817 2693">
    <p class='ocr_par' dir='ltr' id='par_1_30' title="bbox 2262 2614 3817 2693">
     <span class='ocr_line' id='line_1_30' title="bbox 2262 2614 3817 2693; baseline 0.005 -22"><span class='ocrx_word' id='word_1_183' title='bbox 2262 2614 2668 2671; x_wconf 80' lang='grc' dir='ltr'>ΚΕΦΑΛΑΙΟΝ</span> <span class='ocrx_word' id='word_1_184' title='bbox 2695 2618 2996 2674; x_wconf 75' lang='grc' dir='ltr'>ΠΡΩΤΟΝ.</span> <span class='ocrx_word' id='word_1_185' title='bbox 3020 2644 3093 2660; x_wconf 85' lang='grc'><strong><em>-</em></strong></span> <span class='ocrx_word' id='word_1_186' title='bbox 3113 2620 3255 2689; x_wconf 80' lang='grc' dir='ltr'>Περι</span> <span class='ocrx_word' id='word_1_187' title='bbox 3286 2620 3396 2676; x_wconf 85' lang='grc' dir='ltr'>τοῦ</span> <span class='ocrx_word' id='word_1_188' title='bbox 3412 2622 3502 2692; x_wconf 81' lang='grc' dir='ltr'>μὴ</span> <span class='ocrx_word' id='word_1_189' title='bbox 3537 2622 3817 2693; x_wconf 70' lang='grc' dir='ltr'>ὀφείλειν</span> 
     </span>
    </p>
   </div>
   <div class='ocr_carea' id='block_1_31' title="bbox 480 2688 2089 2776">
    <p class='ocr_par' dir='ltr' id='par_1_31' title="bbox 480 2688 2089 2776">
     <span class='ocr_line' id='line_1_31' title="bbox 480 2688 2089 2776; baseline 0.012 -33"><span class='ocrx_word' id='word_1_190' title='bbox 480 2688 564 2744; x_wconf 86' lang='lat' dir='ltr'><strong><em>uis</em></strong></span> <span class='ocrx_word' id='word_1_191' title='bbox 590 2700 705 2758; x_wconf 79' lang='lat' dir='ltr'><strong><em>post</em></strong></span> <span class='ocrx_word' id='word_1_192' title='bbox 753 2690 1238 2766; x_wconf 84' lang='lat' dir='ltr'><strong><em>Quadragesimam</em></strong></span> <span class='ocrx_word' id='word_1_193' title='bbox 1282 2698 1354 2753; x_wconf 87' lang='lat' dir='ltr'>ad</span> <span class='ocrx_word' id='word_1_194' title='bbox 1389 2700 1715 2771; x_wconf 75' lang='lat' dir='ltr'>baptismum</span> <span class='ocrx_word' id='word_1_195' title='bbox 1766 2706 1969 2776; x_wconf 87' lang='lat' dir='ltr'><strong>suscipi</strong></span> <span class='ocrx_word' id='word_1_196' title='bbox 1998 2705 2089 2762; x_wconf 88' lang='lat' dir='ltr'><strong><em>de-</em></strong></span> 
     </span>
    </p>
   </div>
   <div class='ocr_carea' id='block_1_32' title="bbox 482 2778 623 2836">
    <p class='ocr_par' dir='ltr' id='par_1_32' title="bbox 482 2778 623 2836">
     <span class='ocr_line' id='line_1_32' title="bbox 482 2778 623 2836; baseline 0.021 -3"><span class='ocrx_word' id='word_1_197' title='bbox 482 2778 623 2836; x_wconf 86' lang='lat' dir='ltr'><strong><em>bere.</em></strong></span> 
     </span>
    </p>
   </div>
   <div class='ocr_carea' id='block_1_33' title="bbox 555 2874 1456 2940">
    <p class='ocr_par' dir='ltr' id='par_1_33' title="bbox 555 2874 1456 2940">
     <span class='ocr_line' id='line_1_33' title="bbox 555 2874 1456 2940; baseline 0.013 -11"><span class='ocrx_word' id='word_1_198' title='bbox 555 2874 791 2932; x_wconf 86' lang='lat' dir='ltr'><strong>Concilii</strong></span> <span class='ocrx_word' id='word_1_199' title='bbox 823 2875 1123 2935; x_wconf 81' lang='lat' dir='ltr'><strong>Laodiceni</strong></span> <span class='ocrx_word' id='word_1_200' title='bbox 1155 2896 1335 2938; x_wconf 83' lang='lat' dir='ltr'><strong>canon</strong></span> <span class='ocrx_word' id='word_1_201' title='bbox 1364 2884 1456 2940; x_wconf 71' lang='grc'><strong>45.</strong></span> 
     </span>
    </p>
   </div>
   <div class='ocr_carea' id='block_1_34' title="bbox 563 2968 2087 3054">
    <p class='ocr_par' dir='ltr' id='par_1_34' title="bbox 563 2968 2087 3054">
     <span class='ocr_line' id='line_1_34' title="bbox 563 2968 2087 3054; baseline 0.013 -32"><span class='ocrx_word' id='word_1_202' title='bbox 563 2968 720 3024; x_wconf 84' lang='lat' dir='ltr'><strong>CAP.</strong></span> <span class='ocrx_word' id='word_1_203' title='bbox 756 2971 827 3026; x_wconf 89' lang='lat' dir='ltr'>ll.</span> <span class='ocrx_word' id='word_1_204' title='bbox 857 3002 930 3015; x_wconf 92' lang='lat'>--</span> <span class='ocrx_word' id='word_1_205' title='bbox 954 2972 1033 3029; x_wconf 88' lang='lat' dir='ltr'><strong><em>De</em></strong></span> <span class='ocrx_word' id='word_1_206' title='bbox 1057 2975 1125 3029; x_wconf 92' lang='lat' dir='ltr'><strong>iis</strong></span> <span class='ocrx_word' id='word_1_207' title='bbox 1146 2977 1238 3046; x_wconf 85' lang='lat' dir='ltr'>qui</span> <span class='ocrx_word' id='word_1_208' title='bbox 1271 2976 1511 3047; x_wconf 81' lang='lat' dir='ltr'><strong><em>inﬁdeles</em></strong></span> <span class='ocrx_word' id='word_1_209' title='bbox 1540 2978 1848 3054; x_wconf 82' lang='lat' dir='ltr'>religionem</span> <span class='ocrx_word' id='word_1_210' title='bbox 1875 2984 2087 3045; x_wconf 82' lang='lat' dir='ltr'><strong><em>docent.</em></strong></span> 
     </span>
    </p>
   </div>
   <div class='ocr_carea' id='block_1_35' title="bbox 547 3060 1255 3126">
    <p class='ocr_par' dir='ltr' id='par_1_35' title="bbox 547 3060 1255 3126">
     <span class='ocr_line' id='line_1_35' title="bbox 547 3060 1255 3126; baseline 0.01 -8"><span class='ocrx_word' id='word_1_211' title='bbox 547 3060 785 3119; x_wconf 88' lang='lat' dir='ltr'><strong>Concilii</strong></span> <span class='ocrx_word' id='word_1_212' title='bbox 825 3062 1135 3123; x_wconf 78' lang='lat' dir='ltr'><strong>Laodiceni</strong></span> <span class='ocrx_word' id='word_1_213' title='bbox 1158 3067 1255 3126; x_wconf 75' lang='grc'>26.</span> 
     </span>
    </p>
   </div>
   <div class='ocr_carea' id='block_1_36' title="bbox 482 3186 1798 3272">
    <p class='ocr_par' dir='ltr' id='par_1_36' title="bbox 482 3186 1798 3272">
     <span class='ocr_line' id='line_1_36' title="bbox 482 3186 1798 3272; baseline 0.008 -28"><span class='ocrx_word' id='word_1_214' title='bbox 482 3213 499 3257; x_wconf 53' lang='grc' dir='ltr'><strong>ν.</strong></span> <span class='ocrx_word' id='word_1_215' title='bbox 560 3186 717 3245; x_wconf 85' lang='lat' dir='ltr'><strong>CAP.</strong></span> <span class='ocrx_word' id='word_1_216' title='bbox 743 3188 834 3247; x_wconf 88' lang='lat' dir='ltr'><strong>Ill.</strong></span> <span class='ocrx_word' id='word_1_217' title='bbox 863 3221 937 3233; x_wconf 97' lang='lat'><strong><em>—</em></strong></span> <span class='ocrx_word' id='word_1_218' title='bbox 961 3191 1241 3259; x_wconf 81' lang='lat' dir='ltr'><strong><em>Quomodo</em></strong></span> <span class='ocrx_word' id='word_1_219' title='bbox 1270 3195 1661 3267; x_wconf 78' lang='lat' dir='ltr'><strong><em>baptizandum</em></strong></span> <span class='ocrx_word' id='word_1_220' title='bbox 1690 3200 1798 3272; x_wconf 83' lang='lat' dir='ltr'><strong><em>sit.|</em></strong></span> 
     </span>
    </p>
   </div>
   <div class='ocr_carea' id='block_1_37' title="bbox 558 3278 2085 3357">
    <p class='ocr_par' dir='ltr' id='par_1_37' title="bbox 558 3278 2085 3357">
     <span class='ocr_line' id='line_1_37' title="bbox 558 3278 2085 3357; baseline 0.011 -25"><span class='ocrx_word' id='word_1_221' title='bbox 558 3278 954 3349; x_wconf 72' lang='lat' dir='ltr'>Apostolorum</span> <span class='ocrx_word' id='word_1_222' title='bbox 1002 3297 1181 3340; x_wconf 86' lang='lat' dir='ltr'><strong>canon</strong></span> <span class='ocrx_word' id='word_1_223' title='bbox 1229 3285 1323 3357; x_wconf 74' lang='lat'>49,</span> <span class='ocrx_word' id='word_1_224' title='bbox 1366 3287 1475 3355; x_wconf 84' lang='lat'>50;</span> <span class='ocrx_word' id='word_1_225' title='bbox 1524 3290 1749 3347; x_wconf 85' lang='lat' dir='ltr'>concilii</span> <span class='ocrx_word' id='word_1_226' title='bbox 1795 3290 1937 3349; x_wconf 80' lang='lat' dir='ltr'><strong><em>sexti</em></strong></span> <span class='ocrx_word' id='word_1_227' title='bbox 1987 3306 2085 3349; x_wconf 83' lang='lat' dir='ltr'>ca-</span> 
     </span>
    </p>
   </div>
   <div class='ocr_carea' id='block_1_38' title="bbox 487 3372 734 3429">
    <p class='ocr_par' dir='ltr' id='par_1_38' title="bbox 487 3372 734 3429">
     <span class='ocr_line' id='line_1_38' title="bbox 487 3372 734 3429; baseline 0.008 -4"><span class='ocrx_word' id='word_1_228' title='bbox 487 3386 600 3428; x_wconf 91' lang='lat' dir='ltr'>non</span> <span class='ocrx_word' id='word_1_229' title='bbox 644 3372 734 3429; x_wconf 80' lang='lat'>59.</span> 
     </span>
    </p>
   </div>
   <div class='ocr_carea' id='block_1_39' title="bbox 553 3484 2086 3574">
    <p class='ocr_par' dir='ltr' id='par_1_39' title="bbox 553 3484 2086 3574">
     <span class='ocr_line' id='line_1_39' title="bbox 553 3484 2086 3574; baseline 0.008 -32"><span class='ocrx_word' id='word_1_230' title='bbox 553 3484 709 3543; x_wconf 86' lang='lat' dir='ltr'><strong>CAP.</strong></span> <span class='ocrx_word' id='word_1_231' title='bbox 734 3485 1070 3556; x_wconf 83' lang='lat' dir='ltr'>lV.—Quod</span> <span class='ocrx_word' id='word_1_232' title='bbox 1098 3493 1191 3564; x_wconf 88' lang='lat' dir='ltr'>qui</span> <span class='ocrx_word' id='word_1_233' title='bbox 1215 3491 1312 3566; x_wconf 82' lang='lat' dir='ltr'><strong><em>[ad</em></strong></span> <span class='ocrx_word' id='word_1_234' title='bbox 1338 3492 1663 3565; x_wconf 90' lang='lat' dir='ltr'><strong><em>baptismum</em></strong></span> <span class='ocrx_word' id='word_1_235' title='bbox 1703 3498 2086 3574; x_wconf 84' lang='lat' dir='ltr'><strong><em>recipiendum]</em></strong></span> 
     </span>
    </p>
   </div>
   <div class='ocr_carea' id='block_1_40' title="bbox 478 3576 2083 3660">
    <p class='ocr_par' dir='ltr' id='par_1_40' title="bbox 478 3576 2083 3660">
     <span class='ocr_line' id='line_1_40' title="bbox 478 3576 2083 3660; baseline 0.01 -29"><span class='ocrx_word' id='word_1_236' title='bbox 478 3576 879 3646; x_wconf 85' lang='lat' dir='ltr'><strong><em>illuminantur,</em></strong></span> <span class='ocrx_word' id='word_1_237' title='bbox 924 3598 1012 3636; x_wconf 91' lang='lat' dir='ltr'>eos</span> <span class='ocrx_word' id='word_1_238' title='bbox 1062 3584 1191 3653; x_wconf 81' lang='lat' dir='ltr'><strong><em>[idei</em></strong></span> <span class='ocrx_word' id='word_1_239' title='bbox 1221 3584 1527 3660; x_wconf 78' lang='lat' dir='ltr'>[articulos]</span> <span class='ocrx_word' id='word_1_240' title='bbox 1575 3589 1799 3643; x_wconf 87' lang='lat' dir='ltr'><strong><em>recitare</em></strong></span> <span class='ocrx_word' id='word_1_241' title='bbox 1824 3601 2083 3659; x_wconf 90' lang='lat' dir='ltr'><strong><em>oporteat.</em></strong></span> 
     </span>
    </p>
   </div>
   <div class='ocr_carea' id='block_1_41' title="bbox 552 3668 2081 3750">
    <p class='ocr_par' dir='ltr' id='par_1_41' title="bbox 552 3668 2081 3750">
     <span class='ocr_line' id='line_1_41' title="bbox 552 3668 2081 3750; baseline 0.012 -26"><span class='ocrx_word' id='word_1_242' title='bbox 552 3668 784 3727; x_wconf 81' lang='lat' dir='ltr'><strong>Concilii</strong></span> <span class='ocrx_word' id='word_1_243' title='bbox 815 3671 1111 3732; x_wconf 84' lang='lat' dir='ltr'><strong>Laodiceni</strong></span> <span class='ocrx_word' id='word_1_244' title='bbox 1157 3693 1339 3735; x_wconf 85' lang='lat' dir='ltr'><strong>canon</strong></span> <span class='ocrx_word' id='word_1_245' title='bbox 1384 3680 1476 3748; x_wconf 77' lang='grc'>46,</span> <span class='ocrx_word' id='word_1_246' title='bbox 1507 3681 1622 3750; x_wconf 65' lang='lat'>47;</span> <span class='ocrx_word' id='word_1_247' title='bbox 1671 3683 1893 3740; x_wconf 89' lang='lat' dir='ltr'><strong>concilii</strong></span> <span class='ocrx_word' id='word_1_248' title='bbox 1936 3693 2081 3743; x_wconf 76' lang='lat' dir='ltr'><strong><em>sext.</em></strong></span> 
     </span>
    </p>
   </div>
   <div class='ocr_carea' id='block_1_42' title="bbox 484 3762 784 3818">
    <p class='ocr_par' dir='ltr' id='par_1_42' title="bbox 484 3762 784 3818">
     <span class='ocr_line' id='line_1_42' title="bbox 484 3762 784 3818; baseline 0.007 -2"><span class='ocrx_word' id='word_1_249' title='bbox 484 3776 661 3817; x_wconf 81' lang='lat' dir='ltr'><strong>canon</strong></span> <span class='ocrx_word' id='word_1_250' title='bbox 698 3762 784 3818; x_wconf 89' lang='lat'>78.</span> 
     </span>
    </p>
   </div>
   <div class='ocr_carea' id='block_1_43' title="bbox 542 3846 2081 3939">
    <p class='ocr_par' dir='ltr' id='par_1_43' title="bbox 542 3846 2081 3939">
     <span class='ocr_line' id='line_1_43' title="bbox 542 3846 2081 3939; baseline 0.016 -34"><span class='ocrx_word' id='word_1_251' title='bbox 542 3846 762 3909; x_wconf 71' lang='lat' dir='ltr'><strong><em>Teztus.</em></strong></span> <span class='ocrx_word' id='word_1_252' title='bbox 810 3853 1000 3913; x_wconf 83' lang='lat' dir='ltr'><strong><em>Const.</em></strong></span> <span class='ocrx_word' id='word_1_253' title='bbox 1043 3858 1112 3913; x_wconf 78' lang='grc'>10</span> <span class='ocrx_word' id='word_1_254' title='bbox 1173 3860 1258 3917; x_wconf 87' lang='lat' dir='ltr'><strong>tit.</strong></span> <span class='ocrx_word' id='word_1_255' title='bbox 1295 3862 1329 3918; x_wconf 91' lang='lat'>8</span> <span class='ocrx_word' id='word_1_256' title='bbox 1385 3862 1458 3918; x_wconf 90' lang='lat' dir='ltr'>ilb</span> <span class='ocrx_word' id='word_1_257' title='bbox 1498 3878 1517 3920; x_wconf 82' lang='grc' dir='ltr'>ι</span> <span class='ocrx_word' id='word_1_258' title='bbox 1569 3863 1706 3919; x_wconf 85' lang='lat' dir='ltr'><strong>Cod.</strong></span> <span class='ocrx_word' id='word_1_259' title='bbox 1752 3866 1930 3939; x_wconf 82' lang='lat' dir='ltr'><strong><em>jubet,</em></strong></span> <span class='ocrx_word' id='word_1_260' title='bbox 1972 3882 2081 3931; x_wconf 86' lang='lat' dir='ltr'><strong><em>etc.</em></strong></span> 
     </span>
    </p>
   </div>
   <div class='ocr_carea' id='block_1_44' title="bbox 475 3947 1691 4029">
    <p class='ocr_par' dir='ltr' id='par_1_44' title="bbox 475 3947 1691 4029">
     <span class='ocr_line' id='line_1_44' title="bbox 475 3947 1691 4029; baseline 0.014 -32"><span class='ocrx_word' id='word_1_261' title='bbox 475 3958 641 4017; x_wconf 89' lang='lat' dir='ltr'><strong><em>usque</em></strong></span> <span class='ocrx_word' id='word_1_262' title='bbox 672 3947 742 4001; x_wconf 93' lang='lat' dir='ltr'>ad</span> <span class='ocrx_word' id='word_1_263' title='bbox 764 3948 916 4020; x_wconf 84' lang='lat' dir='ltr'>digni</span> <span class='ocrx_word' id='word_1_264' title='bbox 946 3950 1272 4022; x_wconf 86' lang='lat' dir='ltr'>habeantur,</span> <span class='ocrx_word' id='word_1_265' title='bbox 1307 3964 1364 4010; x_wconf 89' lang='lat' dir='ltr'>ut</span> <span class='ocrx_word' id='word_1_266' title='bbox 1398 3973 1522 4029; x_wconf 84' lang='lat' dir='ltr'><strong><em>pag.</em></strong></span> <span class='ocrx_word' id='word_1_267' title='bbox 1564 3958 1691 4016; x_wconf 82' lang='grc'><strong>615.</strong></span> 
     </span>
    </p>
   </div>
   <div class='ocr_carea' id='block_1_45' title="bbox 544 4128 2071 4211">
    <p class='ocr_par' dir='ltr' id='par_1_45' title="bbox 544 4128 2071 4211">
     <span class='ocr_line' id='line_1_45' title="bbox 544 4128 2071 4211; baseline 0.016 -25"><span class='ocrx_word' id='word_1_268' title='bbox 544 4128 839 4190; x_wconf 83' lang='lat' dir='ltr'><strong><em>Scholium.</em></strong></span> <span class='ocrx_word' id='word_1_269' title='bbox 871 4136 1062 4196; x_wconf 86' lang='lat' dir='ltr'><strong><em>Const.</em></strong></span> <span class='ocrx_word' id='word_1_270' title='bbox 1103 4140 1170 4195; x_wconf 85' lang='lat' dir='ltr'><strong>lO</strong></span> <span class='ocrx_word' id='word_1_271' title='bbox 1231 4141 1316 4199; x_wconf 89' lang='lat' dir='ltr'><strong>tit.</strong></span> <span class='ocrx_word' id='word_1_272' title='bbox 1375 4144 1409 4201; x_wconf 92' lang='lat'><strong>8</strong></span> <span class='ocrx_word' id='word_1_273' title='bbox 1452 4144 1550 4203; x_wconf 90' lang='lat' dir='ltr'><strong>lib.</strong></span> <span class='ocrx_word' id='word_1_274' title='bbox 1585 4146 1769 4205; x_wconf 82' lang='lat' dir='ltr'><strong>lCOd.</strong></span> <span class='ocrx_word' id='word_1_275' title='bbox 1819 4166 1933 4207; x_wconf 90' lang='lat' dir='ltr'><strong>non</strong></span> <span class='ocrx_word' id='word_1_276' title='bbox 1982 4162 2071 4211; x_wconf 85' lang='lat' dir='ltr'><strong><em>est</em></strong></span> 
     </span>
    </p>
   </div>
   <div class='ocr_carea' id='block_1_46' title="bbox 475 4222 2073 4305">
    <p class='ocr_par' dir='ltr' id='par_1_46' title="bbox 475 4222 2073 4305">
     <span class='ocr_line' id='line_1_46' title="bbox 475 4222 2073 4305; baseline 0.018 -29"><span class='ocrx_word' id='word_1_277' title='bbox 475 4222 529 4278; x_wconf 88' lang='lat' dir='ltr'><strong>in</strong></span> <span class='ocrx_word' id='word_1_278' title='bbox 564 4224 731 4285; x_wconf 85' lang='lat' dir='ltr'><strong>Basil.</strong></span> <span class='ocrx_word' id='word_1_279' title='bbox 765 4229 1006 4291; x_wconf 87' lang='lat' dir='ltr'><strong>Constit.</strong></span> <span class='ocrx_word' id='word_1_280' title='bbox 1040 4236 1094 4303; x_wconf 82' lang='lat'>‘5,</span> <span class='ocrx_word' id='word_1_281' title='bbox 1129 4237 1213 4293; x_wconf 90' lang='lat' dir='ltr'><strong>tit.</strong></span> <span class='ocrx_word' id='word_1_282' title='bbox 1242 4239 1277 4295; x_wconf 78' lang='lat'><strong>5</strong></span> <span class='ocrx_word' id='word_1_283' title='bbox 1311 4238 1693 4305; x_wconf 81' lang='lat' dir='ltr'>Novellarum,</span> <span class='ocrx_word' id='word_1_284' title='bbox 1739 4254 1826 4301; x_wconf 89' lang='lat' dir='ltr'><strong><em>est</em></strong></span> <span class='ocrx_word' id='word_1_285' title='bbox 1855 4248 2073 4304; x_wconf 85' lang='lat' dir='ltr'>novella</span> 
     </span>
    </p>
   </div>
   <div class='ocr_carea' id='block_1_47' title="bbox 475 4309 2069 4401">
    <p class='ocr_par' dir='ltr' id='par_1_47' title="bbox 475 4309 2069 4401">
     <span class='ocr_line' id='line_1_47' title="bbox 475 4309 2069 4401; baseline 0.016 -35"><span class='ocrx_word' id='word_1_286' title='bbox 475 4309 774 4373; x_wconf 68' lang='lat' dir='ltr'><strong>Iustiniani</strong></span> <span class='ocrx_word' id='word_1_287' title='bbox 812 4319 930 4389; x_wconf 78' lang='grc' dir='ltr'>ιιι,</span> <span class='ocrx_word' id='word_1_288' title='bbox 964 4325 1143 4394; x_wconf 85' lang='lat' dir='ltr'><strong>posita</strong></span> <span class='ocrx_word' id='word_1_289' title='bbox 1182 4325 1313 4399; x_wconf 79' lang='lat' dir='ltr'><strong><em>[que</em></strong></span> <span class='ocrx_word' id='word_1_290' title='bbox 1345 4328 1454 4401; x_wconf 78' lang='lat' dir='ltr'><strong><em>est]</em></strong></span> <span class='ocrx_word' id='word_1_291' title='bbox 1481 4330 1535 4384; x_wconf 88' lang='lat' dir='ltr'>in</span> <span class='ocrx_word' id='word_1_292' title='bbox 1574 4330 1669 4385; x_wconf 89' lang='lat' dir='ltr'><strong>lib.</strong></span> <span class='ocrx_word' id='word_1_293' title='bbox 1694 4330 1864 4391; x_wconf 76' lang='lat' dir='ltr'><strong>Basil.</strong></span> <span class='ocrx_word' id='word_1_294' title='bbox 1902 4351 1942 4399; x_wconf 85' lang='grc' dir='ltr'>ι,</span> <span class='ocrx_word' id='word_1_295' title='bbox 1983 4335 2069 4391; x_wconf 91' lang='lat' dir='ltr'><strong>tit.</strong></span> 
     </span>
    </p>
   </div>
   <div class='ocr_carea' id='block_1_48' title="bbox 475 4407 2075 4560">
    <p class='ocr_par' dir='ltr' id='par_1_48' title="bbox 475 4407 2075 4560">
     <span class='ocr_line' id='line_1_48' title="bbox 475 4407 2075 4560; baseline 0.011 -93"><span class='ocrx_word' id='word_1_296' title='bbox 475 4407 531 4472; x_wconf 76' lang='lat' dir='ltr'>l.</span> <span class='ocrx_word' id='word_1_297' title='bbox 584 4425 708 4560; x_wconf 54' lang='lat' dir='ltr'>cfp.</span> <span class='ocrx_word' id='word_1_298' title='bbox 756 4413 818 4470; x_wconf 82' lang='grc'>51</span> <span class='ocrx_word' id='word_1_299' title='bbox 852 4433 868 4485; x_wconf 89' lang='grc'>;</span> <span class='ocrx_word' id='word_1_300' title='bbox 911 4433 1037 4489; x_wconf 74' lang='lat' dir='ltr'><strong><em>quae</em></strong></span> <span class='ocrx_word' id='word_1_301' title='bbox 1080 4421 1250 4478; x_wconf 88' lang='lat' dir='ltr'><strong><em>etiam</em></strong></span> <span class='ocrx_word' id='word_1_302' title='bbox 1287 4424 1567 4481; x_wconf 83' lang='lat' dir='ltr'>scribetur</span> <span class='ocrx_word' id='word_1_303' title='bbox 1601 4424 1657 4482; x_wconf 92' lang='lat' dir='ltr'>in</span> <span class='ocrx_word' id='word_1_304' title='bbox 1691 4427 1799 4484; x_wconf 85' lang='lat' dir='ltr'><strong>line</strong></span> <span class='ocrx_word' id='word_1_305' title='bbox 1840 4443 1963 4501; x_wconf 83' lang='lat' dir='ltr'><strong>cap.</strong></span> <span class='ocrx_word' id='word_1_306' title='bbox 2019 4428 2075 4497; x_wconf 88' lang='lat'>7,</span> 
     </span>
     <span class='ocr_line' id='line_1_49' title="bbox 480 4502 653 4560; baseline 0.012 -2"><span class='ocrx_word' id='word_1_307' title='bbox 480 4502 564 4560; x_wconf 76' lang='lat' dir='ltr'><strong>lit.</strong></span> <span class='ocrx_word' id='word_1_308' title='bbox 639 4547 653 4560; x_wconf 92' lang='lat'><strong>.</strong></span> 
     </span>
    </p>
   </div>
   <div class='ocr_carea' id='block_1_49' title="bbox 480 4502 653 4562">
    <p class='ocr_par' dir='ltr' id='par_1_49' title="bbox 480 4502 653 4562">
     <span class='ocr_line' id='line_1_50' title="bbox 480 4502 653 4562; baseline 0.029 -5"><span class='ocrx_word' id='word_1_309' title='bbox 480 4502 564 4560; x_wconf 81' lang='lat' dir='ltr'><strong><em>tit.</em></strong></span> <span class='ocrx_word' id='word_1_310' title='bbox 599 4504 653 4562; x_wconf 73' lang='grc'>4.</span> 
     </span>
    </p>
   </div>
   <div class='ocr_carea' id='block_1_50' title="bbox 550 4686 2076 4772">
    <p class='ocr_par' dir='ltr' id='par_1_50' title="bbox 550 4686 2076 4772">
     <span class='ocr_line' id='line_1_51' title="bbox 550 4686 2076 4772; baseline 0.01 -30"><span class='ocrx_word' id='word_1_311' title='bbox 550 4686 706 4744; x_wconf 78' lang='lat' dir='ltr'><strong>CAP.</strong></span> <span class='ocrx_word' id='word_1_312' title='bbox 741 4687 808 4746; x_wconf 83' lang='lat' dir='ltr'>V.</span> <span class='ocrx_word' id='word_1_313' title='bbox 842 4721 913 4734; x_wconf 91' lang='lat'>--</span> <span class='ocrx_word' id='word_1_314' title='bbox 948 4691 1018 4750; x_wconf 86' lang='lat' dir='ltr'><strong><em>Ut</em></strong></span> <span class='ocrx_word' id='word_1_315' title='bbox 1044 4693 1405 4766; x_wconf 72' lang='lat' dir='ltr'><strong><em>baptizentur,</em></strong></span> <span class='ocrx_word' id='word_1_316' title='bbox 1433 4699 1524 4772; x_wconf 85' lang='lat' dir='ltr'>qui</span> <span class='ocrx_word' id='word_1_317' title='bbox 1549 4699 1800 4772; x_wconf 89' lang='lat' dir='ltr'><strong><em>ignorant</em></strong></span> <span class='ocrx_word' id='word_1_318' title='bbox 1848 4717 1921 4756; x_wconf 89' lang='lat' dir='ltr'>an</span> <span class='ocrx_word' id='word_1_319' title='bbox 1943 4699 2076 4772; x_wconf 80' lang='lat' dir='ltr'><strong><em>bap-</em></strong></span> 
     </span>
    </p>
   </div>
   <div class='ocr_carea' id='block_1_51' title="bbox 475 4774 798 4834">
    <p class='ocr_par' dir='ltr' id='par_1_51' title="bbox 475 4774 798 4834">
     <span class='ocr_line' id='line_1_52' title="bbox 475 4774 798 4834; baseline 0.019 -6"><span class='ocrx_word' id='word_1_320' title='bbox 475 4774 633 4830; x_wconf 78' lang='lat' dir='ltr'><strong><em>tizati</em></strong></span> <span class='ocrx_word' id='word_1_321' title='bbox 668 4779 798 4834; x_wconf 82' lang='lat' dir='ltr'><strong><em>sint.</em></strong></span> 
     </span>
    </p>
   </div>
   <div class='ocr_carea' id='block_1_52' title="bbox 548 4868 2069 4957">
    <p class='ocr_par' dir='ltr' id='par_1_52' title="bbox 548 4868 2069 4957">
     <span class='ocr_line' id='line_1_53' title="bbox 548 4868 2069 4957; baseline 0.015 -33"><span class='ocrx_word' id='word_1_322' title='bbox 548 4868 785 4927; x_wconf 89' lang='lat' dir='ltr'><strong>Concilii</strong></span> <span class='ocrx_word' id='word_1_323' title='bbox 816 4872 1276 4949; x_wconf 80' lang='lat' dir='ltr'>Carthaginensis</span> <span class='ocrx_word' id='word_1_324' title='bbox 1304 4901 1484 4942; x_wconf 86' lang='lat' dir='ltr'><strong>canon</strong></span> <span class='ocrx_word' id='word_1_325' title='bbox 1518 4887 1590 4942; x_wconf 71' lang='lat'>72</span> <span class='ocrx_word' id='word_1_326' title='bbox 1610 4905 1625 4957; x_wconf 90' lang='lat'><strong>;</strong></span> <span class='ocrx_word' id='word_1_327' title='bbox 1660 4888 1881 4945; x_wconf 84' lang='lat' dir='ltr'><strong>concilii</strong></span> <span class='ocrx_word' id='word_1_328' title='bbox 1924 4890 2069 4948; x_wconf 80' lang='lat' dir='ltr'><strong><em>sexti</em></strong></span> 
     </span>
    </p>
   </div>
   <div class='ocr_carea' id='block_1_53' title="bbox 472 4965 1789 5022">
    <p class='ocr_par' dir='ltr' id='par_1_53' title="bbox 472 4965 1789 5022">
     <span class='ocr_line' id='line_1_54' title="bbox 472 4965 1789 5022; baseline 0.01 -6"><span class='ocrx_word' id='word_1_329' title='bbox 472 4974 655 5018; x_wconf 85' lang='lat' dir='ltr'><strong>canon</strong></span> <span class='ocrx_word' id='word_1_330' title='bbox 690 4965 781 5022; x_wconf 60' lang='lat'>84.</span> <span class='ocrx_word' id='word_1_331' title='bbox 1783 5004 1789 5009; x_wconf 91' lang='lat'><em>-</em></span> 
     </span>
    </p>
   </div>
   <div class='ocr_carea' id='block_1_54' title="bbox 540 5076 1709 5168">
    <p class='ocr_par' dir='ltr' id='par_1_54' title="bbox 540 5076 1709 5168">
     <span class='ocr_line' id='line_1_55' title="bbox 540 5076 1709 5168; baseline 0.02 -34"><span class='ocrx_word' id='word_1_332' title='bbox 540 5076 697 5137; x_wconf 74' lang='lat' dir='ltr'><strong>CAP.</strong></span> <span class='ocrx_word' id='word_1_333' title='bbox 727 5082 821 5139; x_wconf 81' lang='lat' dir='ltr'><strong>Vl.</strong></span> <span class='ocrx_word' id='word_1_334' title='bbox 852 5116 926 5129; x_wconf 85' lang='lat'>--</span> <span class='ocrx_word' id='word_1_335' title='bbox 956 5086 1041 5145; x_wconf 87' lang='lat' dir='ltr'><strong><em>Ne</em></strong></span> <span class='ocrx_word' id='word_1_336' title='bbox 1067 5090 1309 5162; x_wconf 72' lang='lat' dir='ltr'><strong><em>defuncti</em></strong></span> <span class='ocrx_word' id='word_1_337' title='bbox 1341 5095 1709 5168; x_wconf 81' lang='lat' dir='ltr'><strong><em>baptizentur.</em></strong></span> 
     </span>
    </p>
   </div>
   <div class='ocr_carea' id='block_1_55' title="bbox 545 5267 1597 5350">
    <p class='ocr_par' dir='ltr' id='par_1_55' title="bbox 545 5267 1597 5350">
     <span class='ocr_line' id='line_1_56' title="bbox 545 5267 1597 5350; baseline 0.018 -27"><span class='ocrx_word' id='word_1_338' title='bbox 545 5267 783 5329; x_wconf 88' lang='lat' dir='ltr'><strong>Concilii</strong></span> <span class='ocrx_word' id='word_1_339' title='bbox 817 5272 1270 5350; x_wconf 78' lang='lat' dir='ltr'><strong>Cartliagincnsis</strong></span> <span class='ocrx_word' id='word_1_340' title='bbox 1295 5298 1477 5341; x_wconf 86' lang='lat' dir='ltr'><strong>canon</strong></span> <span class='ocrx_word' id='word_1_341' title='bbox 1508 5289 1597 5345; x_wconf 82' lang='lat' dir='ltr'><strong>l8.</strong></span> 
     </span>
    </p>
   </div>
   <div class='ocr_carea' id='block_1_56' title="bbox 2190 2707 3812 2787">
    <p class='ocr_par' dir='ltr' id='par_1_56' title="bbox 2190 2707 3812 2787">
     <span class='ocr_line' id='line_1_57' title="bbox 2190 2707 3812 2787; baseline 0.006 -26"><span class='ocrx_word' id='word_1_342' title='bbox 2190 2707 2345 2778; x_wconf 78' lang='grc' dir='ltr'>μετὰ</span> <span class='ocrx_word' id='word_1_343' title='bbox 2368 2707 2480 2764; x_wconf 82' lang='grc' dir='ltr'>δύο</span> <span class='ocrx_word' id='word_1_344' title='bbox 2499 2708 2833 2780; x_wconf 76' lang='grc' dir='ltr'>ἑϐδομάδας</span> <span class='ocrx_word' id='word_1_345' title='bbox 2856 2710 2967 2781; x_wconf 81' lang='grc' dir='ltr'>τῆς</span> <span class='ocrx_word' id='word_1_346' title='bbox 2995 2713 3506 2785; x_wconf 82' lang='grc' dir='ltr'>Τεσσαρακοστῆς</span> <span class='ocrx_word' id='word_1_347' title='bbox 3520 2715 3812 2787; x_wconf 76' lang='grc' dir='ltr'>δέχεσθαι</span> 
     </span>
    </p>
   </div>
   <div class='ocr_carea' id='block_1_57' title="bbox 2198 2800 2855 2873">
    <p class='ocr_par' dir='ltr' id='par_1_57' title="bbox 2198 2800 2855 2873">
     <span class='ocr_line' id='line_1_58' title="bbox 2198 2800 2855 2873; baseline 0.006 -19"><span class='ocrx_word' id='word_1_348' title='bbox 2198 2800 2354 2870; x_wconf 80' lang='grc' dir='ltr'>,πρὸς</span> <span class='ocrx_word' id='word_1_349' title='bbox 2381 2800 2492 2855; x_wconf 80' lang='grc' dir='ltr'>τὸν</span> <span class='ocrx_word' id='word_1_350' title='bbox 2521 2805 2855 2873; x_wconf 72' lang='grc' dir='ltr'>φωτισμόν.</span> 
     </span>
    </p>
   </div>
   <div class='ocr_carea' id='block_1_58' title="bbox 2267 2893 3198 2969">
    <p class='ocr_par' dir='ltr' id='par_1_58' title="bbox 2267 2893 3198 2969">
     <span class='ocr_line' id='line_1_59' title="bbox 2267 2893 3198 2969; baseline 0.009 -22"><span class='ocrx_word' id='word_1_351' title='bbox 2267 2893 2496 2948; x_wconf 83' lang='grc' dir='ltr'>Συνόδου</span> <span class='ocrx_word' id='word_1_352' title='bbox 2520 2895 2845 2962; x_wconf 77' lang='grc' dir='ltr'>Λαοδικείας</span> <span class='ocrx_word' id='word_1_353' title='bbox 2877 2894 3060 2951; x_wconf 88' lang='grc' dir='ltr'>κανὼν</span> <span class='ocrx_word' id='word_1_354' title='bbox 3092 2895 3198 2969; x_wconf 84' lang='grc' dir='ltr'>με’.</span> 
     </span>
    </p>
   </div>
   <div class='ocr_carea' id='block_1_59' title="bbox 2268 2987 3598 3060">
    <p class='ocr_par' dir='ltr' id='par_1_59' title="bbox 2268 2987 3598 3060">
     <span class='ocr_line' id='line_1_60' title="bbox 2268 2987 3598 3060; baseline 0.008 -21"><span class='ocrx_word' id='word_1_355' title='bbox 2268 2987 2527 3040; x_wconf 75' lang='grc' dir='ltr'>ΚΕΦΛΛ.</span> <span class='ocrx_word' id='word_1_356' title='bbox 2570 2988 2645 3042; x_wconf 89' lang='lat' dir='ltr'>B&#39;.</span> <span class='ocrx_word' id='word_1_357' title='bbox 2673 3020 2744 3030; x_wconf 93' lang='lat'>—</span> <span class='ocrx_word' id='word_1_358' title='bbox 2773 2989 2912 3058; x_wconf 74' lang='grc' dir='ltr'>Περὶ</span> <span class='ocrx_word' id='word_1_359' title='bbox 2955 2989 3073 3045; x_wconf 83' lang='grc' dir='ltr'>τῶν</span> <span class='ocrx_word' id='word_1_360' title='bbox 3104 2990 3598 3060; x_wconf 74' lang='grc' dir='ltr'>ἐπιορκιζόντων..</span> 
     </span>
    </p>
   </div>
   <div class='ocr_carea' id='block_1_60' title="bbox 2269 3080 3553 3152">
    <p class='ocr_par' dir='ltr' id='par_1_60' title="bbox 2269 3080 3553 3152">
     <span class='ocr_line' id='line_1_61' title="bbox 2269 3080 3553 3152; baseline 0.007 -19"><span class='ocrx_word' id='word_1_361' title='bbox 2269 3080 2501 3135; x_wconf 84' lang='grc' dir='ltr'>Συνόδου</span> <span class='ocrx_word' id='word_1_362' title='bbox 2525 3080 2848 3146; x_wconf 77' lang='grc' dir='ltr'>Λαοδικείας</span> <span class='ocrx_word' id='word_1_363' title='bbox 2877 3082 3060 3137; x_wconf 85' lang='grc' dir='ltr'>κανὼν</span> <span class='ocrx_word' id='word_1_364' title='bbox 3090 3084 3335 3149; x_wconf 78' lang='grc' dir='ltr'>εἰκοστὸς</span> <span class='ocrx_word' id='word_1_365' title='bbox 3373 3087 3553 3152; x_wconf 78' lang='grc' dir='ltr'>ἕκτος.</span> 
     </span>
    </p>
   </div>
   <div class='ocr_carea' id='block_1_61' title="bbox 2268 3209 3401 3282">
    <p class='ocr_par' dir='ltr' id='par_1_61' title="bbox 2268 3209 3401 3282">
     <span class='ocr_line' id='line_1_62' title="bbox 2268 3209 3401 3282; baseline 0.006 -15"><span class='ocrx_word' id='word_1_366' title='bbox 2268 3212 2526 3269; x_wconf 78' lang='grc' dir='ltr'>ΚΕΦΑΛ.</span> <span class='ocrx_word' id='word_1_367' title='bbox 2556 3209 2633 3269; x_wconf 77' lang='grc' dir='ltr'><strong>Γ.</strong></span> <span class='ocrx_word' id='word_1_368' title='bbox 2683 3243 2753 3254; x_wconf 93' lang='grc'><strong>-</strong></span> <span class='ocrx_word' id='word_1_369' title='bbox 2778 3214 2912 3282; x_wconf 86' lang='grc' dir='ltr'>Πῶς</span> <span class='ocrx_word' id='word_1_370' title='bbox 2943 3214 3036 3271; x_wconf 84' lang='grc' dir='ltr'>δεῖ</span> <span class='ocrx_word' id='word_1_371' title='bbox 3058 3216 3401 3281; x_wconf 74' lang='grc' dir='ltr'>βαπτίζειν.</span> 
     </span>
    </p>
   </div>
   <div class='ocr_carea' id='block_1_62' title="bbox 2264 3305 3800 3385">
    <p class='ocr_par' dir='ltr' id='par_1_62' title="bbox 2264 3305 3800 3385">
     <span class='ocr_line' id='line_1_63' title="bbox 2264 3305 3800 3385; baseline 0.008 -27"><span class='ocrx_word' id='word_1_372' title='bbox 2264 3305 2620 3361; x_wconf 85' lang='grc' dir='ltr'>·Ἀποστόλων</span> <span class='ocrx_word' id='word_1_373' title='bbox 2642 3306 2822 3363; x_wconf 90' lang='grc' dir='ltr'>κανὼν</span> <span class='ocrx_word' id='word_1_374' title='bbox 2846 3308 2955 3380; x_wconf 73' lang='grc' dir='ltr'>μθν,</span> <span class='ocrx_word' id='word_1_375' title='bbox 2972 3307 3036 3366; x_wconf 83' lang='grc' dir='ltr'>ν”</span> <span class='ocrx_word' id='word_1_376' title='bbox 3067 3311 3292 3366; x_wconf 83' lang='grc' dir='ltr'>συνόδου</span> <span class='ocrx_word' id='word_1_377' title='bbox 3309 3312 3478 3385; x_wconf 71' lang='grc' dir='ltr'>ἕκτης</span> <span class='ocrx_word' id='word_1_378' title='bbox 3498 3313 3681 3370; x_wconf 82' lang='grc' dir='ltr'>κανὼν</span> <span class='ocrx_word' id='word_1_379' title='bbox 3702 3312 3800 3371; x_wconf 68' lang='lat' dir='ltr'><strong><em>vb&#39;.</em></strong></span> 
     </span>
    </p>
   </div>
   <div class='ocr_carea' id='block_1_63' title="bbox 2269 3518 3803 3599">
    <p class='ocr_par' dir='ltr' id='par_1_63' title="bbox 2269 3518 3803 3599">
     <span class='ocr_line' id='line_1_64' title="bbox 2269 3518 3803 3599; baseline 0.007 -27"><span class='ocrx_word' id='word_1_380' title='bbox 2269 3519 2528 3580; x_wconf 82' lang='grc' dir='ltr'>ΚΕΦΛΛ.</span> <span class='ocrx_word' id='word_1_381' title='bbox 2564 3518 2638 3577; x_wconf 84' lang='grc' dir='ltr'><strong>Δ’.</strong></span> <span class='ocrx_word' id='word_1_382' title='bbox 2673 3552 2737 3562; x_wconf 94' lang='grc'><strong>-</strong></span> <span class='ocrx_word' id='word_1_383' title='bbox 2772 3520 2917 3591; x_wconf 79' lang='grc' dir='ltr'>Περὶ</span> <span class='ocrx_word' id='word_1_384' title='bbox 2956 3521 3065 3578; x_wconf 87' lang='grc' dir='ltr'>τοῦ</span> <span class='ocrx_word' id='word_1_385' title='bbox 3094 3522 3318 3594; x_wconf 75' lang='grc' dir='ltr'>χρῆναι</span> <span class='ocrx_word' id='word_1_386' title='bbox 3364 3526 3803 3599; x_wconf 64' lang='grc' dir='ltr'>φωτιζομένους</span> 
     </span>
    </p>
   </div>
   <div class='ocr_carea' id='block_1_64' title="bbox 2193 3610 3015 3682">
    <p class='ocr_par' dir='ltr' id='par_1_64' title="bbox 2193 3610 3015 3682">
     <span class='ocr_line' id='line_1_65' title="bbox 2193 3610 3015 3682; baseline 0 -14"><span class='ocrx_word' id='word_1_387' title='bbox 2193 3610 2607 3681; x_wconf 75' lang='grc' dir='ltr'>ἀπαγγέλλειν</span> <span class='ocrx_word' id='word_1_388' title='bbox 2631 3611 2750 3682; x_wconf 78' lang='grc' dir='ltr'>τὴν</span> <span class='ocrx_word' id='word_1_389' title='bbox 2783 3614 3015 3669; x_wconf 83' lang='grc' dir='ltr'>πίστιν.</span> 
     </span>
    </p>
   </div>
   <div class='ocr_carea' id='block_1_65' title="bbox 2268 3701 3797 3777">
    <p class='ocr_par' dir='ltr' id='par_1_65' title="bbox 2268 3701 3797 3777">
     <span class='ocr_line' id='line_1_66' title="bbox 2268 3701 3797 3777; baseline 0.004 -22"><span class='ocrx_word' id='word_1_390' title='bbox 2268 3702 2497 3756; x_wconf 88' lang='grc' dir='ltr'>Συνόδου</span> <span class='ocrx_word' id='word_1_391' title='bbox 2540 3701 2864 3769; x_wconf 82' lang='grc' dir='ltr'>Λαοδικείας</span> <span class='ocrx_word' id='word_1_392' title='bbox 2895 3702 3079 3758; x_wconf 86' lang='grc' dir='ltr'>κανὼν</span> <span class='ocrx_word' id='word_1_393' title='bbox 3121 3701 3244 3776; x_wconf 80' lang='grc' dir='ltr'><strong>μς’,</strong></span> <span class='ocrx_word' id='word_1_394' title='bbox 3278 3702 3367 3777; x_wconf 63' lang='grc' dir='ltr'>μζ</span> <span class='ocrx_word' id='word_1_395' title='bbox 3386 3720 3403 3736; x_wconf 76' lang='grc' dir='ltr'><strong>ο</strong></span> <span class='ocrx_word' id='word_1_396' title='bbox 3447 3705 3668 3760; x_wconf 80' lang='grc' dir='ltr'>συνόδου</span> <span class='ocrx_word' id='word_1_397' title='bbox 3699 3706 3797 3761; x_wconf 77' lang='grc' dir='ltr'>Ξκ-</span> 
     </span>
    </p>
   </div>
   <div class='ocr_carea' id='block_1_66' title="bbox 2186 3791 2623 3865">
    <p class='ocr_par' dir='ltr' id='par_1_66' title="bbox 2186 3791 2623 3865">
     <span class='ocr_line' id='line_1_67' title="bbox 2186 3791 2623 3865; baseline 0 -18"><span class='ocrx_word' id='word_1_398' title='bbox 2186 3809 2289 3865; x_wconf 77' lang='grc' dir='ltr'>της</span> <span class='ocrx_word' id='word_1_399' title='bbox 2317 3791 2501 3847; x_wconf 89' lang='grc' dir='ltr'>κανὼν</span> <span class='ocrx_word' id='word_1_400' title='bbox 2522 3791 2623 3864; x_wconf 82' lang='grc' dir='ltr'><strong>οη’.</strong></span> 
     </span>
    </p>
   </div>
   <div class='ocr_carea' id='block_1_67' title="bbox 2258 3882 3797 3961">
    <p class='ocr_par' dir='ltr' id='par_1_67' title="bbox 2258 3882 3797 3961">
     <span class='ocr_line' id='line_1_68' title="bbox 2258 3882 3797 3961; baseline 0.005 -22"><span class='ocrx_word' id='word_1_401' title='bbox 2258 3887 2572 3953; x_wconf 72' lang='grc' dir='ltr'>Κείμενον.</span> <span class='ocrx_word' id='word_1_402' title='bbox 2615 3886 2681 3939; x_wconf 85' lang='grc' dir='ltr'><em>Ἦ</em></span> <span class='ocrx_word' id='word_1_403' title='bbox 2714 3882 2743 3940; x_wconf 88' lang='grc' dir='ltr'>ι’</span> <span class='ocrx_word' id='word_1_404' title='bbox 2781 3885 2921 3940; x_wconf 83' lang='grc' dir='ltr'>διάτ.</span> <span class='ocrx_word' id='word_1_405' title='bbox 2973 3884 3067 3940; x_wconf 80' lang='grc' dir='ltr'>τοῦ</span> <span class='ocrx_word' id='word_1_406' title='bbox 3126 3884 3177 3959; x_wconf 83' lang='grc' dir='ltr'><strong>η’</strong></span> <span class='ocrx_word' id='word_1_407' title='bbox 3228 3886 3335 3946; x_wconf 75' lang='grc' dir='ltr'>τίτ.</span> <span class='ocrx_word' id='word_1_408' title='bbox 3372 3888 3467 3944; x_wconf 81' lang='grc' dir='ltr'>τοῦ</span> <span class='ocrx_word' id='word_1_409' title='bbox 3498 3896 3546 3945; x_wconf 84' lang='grc' dir='ltr'>α’</span> <span class='ocrx_word' id='word_1_410' title='bbox 3592 3890 3797 3961; x_wconf 87' lang='grc' dir='ltr'>βιϐλίου</span> 
     </span>
    </p>
   </div>
   <div class='ocr_carea' id='block_1_68' title="bbox 2115 3971 3797 4054">
    <p class='ocr_par' dir='ltr' id='par_1_68' title="bbox 2115 3971 3797 4054">
     <span class='ocr_line' id='line_1_69' title="bbox 2115 3971 3797 4054; baseline 0.005 -27"><span class='ocrx_word' id='word_1_411' title='bbox 2115 3994 2158 4054; x_wconf 78' lang='lat' dir='ltr'>c</span> <span class='ocrx_word' id='word_1_412' title='bbox 2191 3971 2287 4028; x_wconf 81' lang='grc' dir='ltr'>τοῦ</span> <span class='ocrx_word' id='word_1_413' title='bbox 2312 3973 2580 4040; x_wconf 80' lang='grc' dir='ltr'>Κώδικος,</span> <span class='ocrx_word' id='word_1_414' title='bbox 2606 3992 2658 4030; x_wconf 88' lang='grc' dir='ltr'><strong>κ.</strong></span> <span class='ocrx_word' id='word_1_415' title='bbox 2689 3991 2741 4031; x_wconf 80' lang='grc' dir='ltr'><strong>τ.</strong></span> <span class='ocrx_word' id='word_1_416' title='bbox 2766 3974 2844 4042; x_wconf 89' lang='grc' dir='ltr'>λ.,</span> <span class='ocrx_word' id='word_1_417' title='bbox 2861 3990 3039 4047; x_wconf 87' lang='lat' dir='ltr'><strong><em>usque</em></strong></span> <span class='ocrx_word' id='word_1_418' title='bbox 3072 3976 3163 4044; x_wconf 85' lang='lat' dir='ltr'><strong><em>ad,</em></strong></span> <span class='ocrx_word' id='word_1_419' title='bbox 3195 3976 3288 4031; x_wconf 80' lang='grc' dir='ltr'>τοῦ</span> <span class='ocrx_word' id='word_1_420' title='bbox 3310 3978 3467 4047; x_wconf 81' lang='grc' dir='ltr'>ἁγίου</span> <span class='ocrx_word' id='word_1_421' title='bbox 3487 3978 3797 4053; x_wconf 82' lang='grc' dir='ltr'>βαπτίσμα-</span> 
     </span>
    </p>
   </div>
   <div class='ocr_carea' id='block_1_69' title="bbox 2192 4082 2307 4131">
    <p class='ocr_par' dir='ltr' id='par_1_69' title="bbox 2192 4082 2307 4131">
     <span class='ocr_line' id='line_1_70' title="bbox 2192 4082 2307 4131; baseline 0.017 -12"><span class='ocrx_word' id='word_1_422' title='bbox 2192 4082 2307 4131; x_wconf 81' lang='grc' dir='ltr'>τος.</span> 
     </span>
    </p>
   </div>
   <div class='ocr_carea' id='block_1_70' title="bbox 2264 4157 3792 4239">
    <p class='ocr_par' dir='ltr' id='par_1_70' title="bbox 2264 4157 3792 4239">
     <span class='ocr_line' id='line_1_71' title="bbox 2264 4157 3792 4239; baseline 0.007 -25"><span class='ocrx_word' id='word_1_423' title='bbox 2264 4160 2549 4231; x_wconf 81' lang='grc' dir='ltr'>Σχόλιον.</span> <span class='ocrx_word' id='word_1_424' title='bbox 2601 4159 2668 4215; x_wconf 86' lang='grc' dir='ltr'><strong>Ἥ</strong></span> <span class='ocrx_word' id='word_1_425' title='bbox 2696 4157 2740 4230; x_wconf 71' lang='grc' dir='ltr'>ζι¹</span> <span class='ocrx_word' id='word_1_426' title='bbox 2788 4159 2930 4216; x_wconf 77' lang='grc' dir='ltr'>διάτ.</span> <span class='ocrx_word' id='word_1_427' title='bbox 2973 4160 3069 4215; x_wconf 81' lang='grc' dir='ltr'>τοῦ</span> <span class='ocrx_word' id='word_1_428' title='bbox 3124 4160 3174 4233; x_wconf 84' lang='grc' dir='ltr'><strong>η’</strong></span> <span class='ocrx_word' id='word_1_429' title='bbox 3226 4161 3332 4219; x_wconf 82' lang='grc' dir='ltr'>τίτ.</span> <span class='ocrx_word' id='word_1_430' title='bbox 3368 4164 3463 4220; x_wconf 80' lang='grc' dir='ltr'>τοῦ</span> <span class='ocrx_word' id='word_1_431' title='bbox 3491 4164 3537 4221; x_wconf 86' lang='grc' dir='ltr'>α’</span> <span class='ocrx_word' id='word_1_432' title='bbox 3586 4167 3792 4239; x_wconf 88' lang='grc' dir='ltr'>βιϐλίου</span> 
     </span>
    </p>
   </div>
   <div class='ocr_carea' id='block_1_71' title="bbox 2190 4249 3793 4327">
    <p class='ocr_par' dir='ltr' id='par_1_71' title="bbox 2190 4249 3793 4327">
     <span class='ocr_line' id='line_1_72' title="bbox 2190 4249 3793 4327; baseline 0.007 -23"><span class='ocrx_word' id='word_1_433' title='bbox 2190 4249 2442 4316; x_wconf 84' lang='grc' dir='ltr'>Κώδικος</span> <span class='ocrx_word' id='word_1_434' title='bbox 2488 4252 2589 4305; x_wconf 78' lang='grc' dir='ltr'>οὐκ</span> <span class='ocrx_word' id='word_1_435' title='bbox 2611 4252 2758 4307; x_wconf 74' lang='grc' dir='ltr'>ἐστιν</span> <span class='ocrx_word' id='word_1_436' title='bbox 2810 4253 2891 4317; x_wconf 78' lang='grc' dir='ltr'>εἰς</span> <span class='ocrx_word' id='word_1_437' title='bbox 2930 4252 2999 4307; x_wconf 78' lang='grc' dir='ltr'>τὰ</span> <span class='ocrx_word' id='word_1_438' title='bbox 3029 4254 3313 4310; x_wconf 81' lang='grc' dir='ltr'>Βασιλικόι.</span> <span class='ocrx_word' id='word_1_439' title='bbox 3357 4255 3423 4311; x_wconf 85' lang='grc' dir='ltr'><em>Ἦ</em></span> <span class='ocrx_word' id='word_1_440' title='bbox 3449 4257 3497 4327; x_wconf 77' lang='grc'>’(⁷</span> <span class='ocrx_word' id='word_1_441' title='bbox 3525 4257 3664 4315; x_wconf 81' lang='grc' dir='ltr'>διάτ.</span> <span class='ocrx_word' id='word_1_442' title='bbox 3699 4260 3793 4316; x_wconf 78' lang='grc' dir='ltr'>τοῦ</span> 
     </span>
    </p>
   </div>
   <div class='ocr_carea' id='block_1_72' title="bbox 2189 4341 3791 4425">
    <p class='ocr_par' dir='ltr' id='par_1_72' title="bbox 2189 4341 3791 4425">
     <span class='ocr_line' id='line_1_73' title="bbox 2189 4341 3791 4425; baseline 0.007 -28"><span class='ocrx_word' id='word_1_443' title='bbox 2189 4341 2238 4413; x_wconf 73' lang='grc' dir='ltr'>γ’</span> <span class='ocrx_word' id='word_1_444' title='bbox 2276 4344 2382 4399; x_wconf 84' lang='grc' dir='ltr'>τίτ.</span> <span class='ocrx_word' id='word_1_445' title='bbox 2409 4344 2520 4400; x_wconf 83' lang='grc' dir='ltr'>τῶν</span> <span class='ocrx_word' id='word_1_446' title='bbox 2554 4344 2785 4416; x_wconf 86' lang='grc' dir='ltr'>Νεαρῶν</span> <span class='ocrx_word' id='word_1_447' title='bbox 2818 4346 2934 4400; x_wconf 78' lang='grc' dir='ltr'>ἐστι</span> <span class='ocrx_word' id='word_1_448' title='bbox 2982 4347 3153 4419; x_wconf 79' lang='grc' dir='ltr'>νεαρὰ</span> <span class='ocrx_word' id='word_1_449' title='bbox 3195 4348 3621 4417; x_wconf 79' lang='grc' dir='ltr'>Ἰουστινιάνειος</span> <span class='ocrx_word' id='word_1_450' title='bbox 3652 4353 3791 4425; x_wconf 86' lang='grc' dir='ltr'>ρμδ’,</span> 
     </span>
    </p>
   </div>
   <div class='ocr_carea' id='block_1_73' title="bbox 2188 4437 3791 4517">
    <p class='ocr_par' dir='ltr' id='par_1_73' title="bbox 2188 4437 3791 4517">
     <span class='ocr_line' id='line_1_74' title="bbox 2188 4437 3791 4517; baseline 0.007 -28"><span class='ocrx_word' id='word_1_451' title='bbox 2188 4437 2418 4511; x_wconf 83' lang='grc' dir='ltr'>κειμένη</span> <span class='ocrx_word' id='word_1_452' title='bbox 2455 4439 2513 4493; x_wconf 79' lang='grc' dir='ltr'>ὲν</span> <span class='ocrx_word' id='word_1_453' title='bbox 2558 4437 2749 4511; x_wconf 81' lang='grc' dir='ltr'>βιϐλίῳ</span> <span class='ocrx_word' id='word_1_454' title='bbox 2801 4438 2911 4493; x_wconf 85' lang='grc' dir='ltr'>τῶν</span> <span class='ocrx_word' id='word_1_455' title='bbox 2947 4439 3256 4495; x_wconf 84' lang='grc' dir='ltr'>Βασιλικῶν</span> <span class='ocrx_word' id='word_1_456' title='bbox 3302 4441 3375 4509; x_wconf 86' lang='grc' dir='ltr'>α’,</span> <span class='ocrx_word' id='word_1_457' title='bbox 3408 4444 3514 4499; x_wconf 81' lang='grc' dir='ltr'>τίτ.</span> <span class='ocrx_word' id='word_1_458' title='bbox 3544 4443 3616 4512; x_wconf 83' lang='grc' dir='ltr'>α’,</span> <span class='ocrx_word' id='word_1_459' title='bbox 3662 4462 3791 4517; x_wconf 68' lang='grc' dir='ltr'>κεφ.</span> 
     </span>
    </p>
   </div>
   <div class='ocr_carea' id='block_1_74' title="bbox 2186 4527 3790 4610">
    <p class='ocr_par' dir='ltr' id='par_1_74' title="bbox 2186 4527 3790 4610">
     <span class='ocr_line' id='line_1_75' title="bbox 2186 4527 3790 4610; baseline 0.007 -28"><span class='ocrx_word' id='word_1_460' title='bbox 2186 4527 2289 4596; x_wconf 79' lang='lat' dir='ltr'>va’,</span> <span class='ocrx_word' id='word_1_461' title='bbox 2333 4531 2457 4600; x_wconf 78' lang='grc' dir='ltr'>ἥτις</span> <span class='ocrx_word' id='word_1_462' title='bbox 2485 4532 2581 4585; x_wconf 69' lang='grc' dir='ltr'>καὶ</span> <span class='ocrx_word' id='word_1_463' title='bbox 2614 4531 2962 4605; x_wconf 76' lang='grc' dir='ltr'>γραφήσεται</span> <span class='ocrx_word' id='word_1_464' title='bbox 2995 4535 3077 4598; x_wconf 86' lang='grc' dir='ltr'>είς</span> <span class='ocrx_word' id='word_1_465' title='bbox 3109 4533 3170 4587; x_wconf 80' lang='grc' dir='ltr'>τὸ</span> <span class='ocrx_word' id='word_1_466' title='bbox 3226 4534 3416 4608; x_wconf 49' lang='grc' dir='ltr'>τέλοςὁ</span> <span class='ocrx_word' id='word_1_467' title='bbox 3441 4535 3537 4590; x_wconf 80' lang='grc' dir='ltr'>τοῦ</span> <span class='ocrx_word' id='word_1_468' title='bbox 3571 4534 3618 4603; x_wconf 84' lang='grc' dir='ltr'>ζ’</span> <span class='ocrx_word' id='word_1_469' title='bbox 3662 4555 3790 4610; x_wconf 78' lang='grc' dir='ltr'>κεφ.</span> 
     </span>
    </p>
   </div>
   <div class='ocr_carea' id='block_1_75' title="bbox 2189 4620 2499 4678">
    <p class='ocr_par' dir='ltr' id='par_1_75' title="bbox 2189 4620 2499 4678">
     <span class='ocr_line' id='line_1_76' title="bbox 2189 4620 2499 4678; baseline 0.006 -2"><span class='ocrx_word' id='word_1_470' title='bbox 2189 4620 2287 4676; x_wconf 78' lang='grc' dir='ltr'>τοῦ</span> <span class='ocrx_word' id='word_1_471' title='bbox 2319 4620 2361 4676; x_wconf 87' lang='grc' dir='ltr'>δ’</span> <span class='ocrx_word' id='word_1_472' title='bbox 2390 4622 2499 4678; x_wconf 82' lang='grc' dir='ltr'>τίτ.</span> 
     </span>
    </p>
   </div>
   <div class='ocr_carea' id='block_1_76' title="bbox 2262 4714 3792 4797">
    <p class='ocr_par' dir='ltr' id='par_1_76' title="bbox 2262 4714 3792 4797">
     <span class='ocr_line' id='line_1_77' title="bbox 2262 4714 3792 4797; baseline 0.008 -29"><span class='ocrx_word' id='word_1_473' title='bbox 2262 4714 2517 4771; x_wconf 80' lang='grc' dir='ltr'>ΚΕΦΛΛ.</span> <span class='ocrx_word' id='word_1_474' title='bbox 2542 4714 2620 4770; x_wconf 88' lang='grc' dir='ltr'>Ε’.</span> <span class='ocrx_word' id='word_1_475' title='bbox 2641 4745 2710 4756; x_wconf 91' lang='grc'><strong><em>-</em></strong></span> <span class='ocrx_word' id='word_1_476' title='bbox 2731 4716 2871 4787; x_wconf 78' lang='grc' dir='ltr'>Περὶ</span> <span class='ocrx_word' id='word_1_477' title='bbox 2894 4716 3005 4773; x_wconf 88' lang='grc' dir='ltr'>τοῦ</span> <span class='ocrx_word' id='word_1_478' title='bbox 3021 4716 3421 4785; x_wconf 77' lang='grc' dir='ltr'>βαπτίζεσθαι</span> <span class='ocrx_word' id='word_1_479' title='bbox 3444 4721 3588 4790; x_wconf 84' lang='grc' dir='ltr'>τοὺς</span> <span class='ocrx_word' id='word_1_480' title='bbox 3609 4723 3792 4797; x_wconf 75' lang='grc' dir='ltr'>ἀγνο-</span> 
     </span>
    </p>
   </div>
   <div class='ocr_carea' id='block_1_77' title="bbox 2189 4804 3008 4880">
    <p class='ocr_par' dir='ltr' id='par_1_77' title="bbox 2189 4804 3008 4880">
     <span class='ocr_line' id='line_1_78' title="bbox 2189 4804 3008 4880; baseline 0.006 -19"><span class='ocrx_word' id='word_1_481' title='bbox 2189 4804 2413 4874; x_wconf 77' lang='grc' dir='ltr'>οῦντας</span> <span class='ocrx_word' id='word_1_482' title='bbox 2441 4810 2493 4862; x_wconf 83' lang='grc' dir='ltr'>εἰ</span> <span class='ocrx_word' id='word_1_483' title='bbox 2526 4810 3008 4880; x_wconf 80' lang='grc' dir='ltr'>ἐϐαπτίσθησαν.</span> 
     </span>
    </p>
   </div>
   <div class='ocr_carea' id='block_1_78' title="bbox 2260 4898 3790 4977">
    <p class='ocr_par' dir='ltr' id='par_1_78' title="bbox 2260 4898 3790 4977">
     <span class='ocr_line' id='line_1_79' title="bbox 2260 4898 3790 4977; baseline 0.01 -27"><span class='ocrx_word' id='word_1_484' title='bbox 2260 4898 2489 4953; x_wconf 76' lang='grc' dir='ltr'>Συνόδου</span> <span class='ocrx_word' id='word_1_485' title='bbox 2530 4901 2931 4974; x_wconf 80' lang='grc' dir='ltr'>Καρθαγὲννης</span> <span class='ocrx_word' id='word_1_486' title='bbox 2952 4901 3134 4959; x_wconf 86' lang='grc' dir='ltr'>κανὼν</span> <span class='ocrx_word' id='word_1_487' title='bbox 3176 4903 3256 4976; x_wconf 89' lang='grc' dir='ltr'>οβ’</span> <span class='ocrx_word' id='word_1_488' title='bbox 3279 4920 3296 4938; x_wconf 78' lang='grc' dir='ltr'><strong>ο</strong></span> <span class='ocrx_word' id='word_1_489' title='bbox 3344 4906 3565 4963; x_wconf 85' lang='grc' dir='ltr'>συνόδου</span> <span class='ocrx_word' id='word_1_490' title='bbox 3607 4908 3661 4977; x_wconf 84' lang='grc' dir='ltr'><em>ς’</em></span> <span class='ocrx_word' id='word_1_491' title='bbox 3690 4928 3790 4966; x_wconf 87' lang='grc' dir='ltr'>κα-</span> 
     </span>
    </p>
   </div>
   <div class='ocr_carea' id='block_1_79' title="bbox 2188 4988 2429 5048">
    <p class='ocr_par' dir='ltr' id='par_1_79' title="bbox 2188 4988 2429 5048">
     <span class='ocr_line' id='line_1_80' title="bbox 2188 4988 2429 5048; baseline 0.012 -3"><span class='ocrx_word' id='word_1_492' title='bbox 2188 4988 2298 5046; x_wconf 87' lang='grc' dir='ltr'>νὼν</span> <span class='ocrx_word' id='word_1_493' title='bbox 2324 4988 2429 5048; x_wconf 88' lang='grc' dir='ltr'><strong>πδ’.</strong></span> 
     </span>
    </p>
   </div>
   <div class='ocr_carea' id='block_1_80' title="bbox 2260 5104 3795 5187">
    <p class='ocr_par' dir='ltr' id='par_1_80' title="bbox 2260 5104 3795 5187">
     <span class='ocr_line' id='line_1_81' title="bbox 2260 5104 3795 5187; baseline 0.011 -29"><span class='ocrx_word' id='word_1_494' title='bbox 2260 5104 2514 5162; x_wconf 82' lang='grc' dir='ltr'>ΚΕΦΑΛ.</span> <span class='ocrx_word' id='word_1_495' title='bbox 2566 5105 2660 5176; x_wconf 72' lang='grc' dir='ltr'>ς’.</span> <span class='ocrx_word' id='word_1_496' title='bbox 2688 5138 2758 5149; x_wconf 93' lang='lat'><strong><em>—</em></strong></span> <span class='ocrx_word' id='word_1_497' title='bbox 2777 5108 2920 5180; x_wconf 76' lang='grc' dir='ltr'>Περὶ</span> <span class='ocrx_word' id='word_1_498' title='bbox 2948 5109 3057 5167; x_wconf 87' lang='grc' dir='ltr'>τοῦ</span> <span class='ocrx_word' id='word_1_499' title='bbox 3101 5111 3189 5184; x_wconf 82' lang='grc' dir='ltr'>μὴ</span> <span class='ocrx_word' id='word_1_500' title='bbox 3221 5112 3619 5180; x_wconf 78' lang='grc' dir='ltr'>βαπτίζεσθαι</span> <span class='ocrx_word' id='word_1_501' title='bbox 3647 5117 3795 5187; x_wconf 82' lang='grc' dir='ltr'>τοὺς</span> 
     </span>
    </p>
   </div>
   <div class='ocr_carea' id='block_1_81' title="bbox 2187 5197 2705 5269">
    <p class='ocr_par' dir='ltr' id='par_1_81' title="bbox 2187 5197 2705 5269">
     <span class='ocr_line' id='line_1_82' title="bbox 2187 5197 2705 5269; baseline 0.006 -15"><span class='ocrx_word' id='word_1_502' title='bbox 2187 5197 2705 5269; x_wconf 71' lang='grc' dir='ltr'>τελευτήσαντας.</span> 
     </span>
    </p>
   </div>
   <div class='ocr_carea' id='block_1_82' title="bbox 2259 5291 3679 5367">
    <p class='ocr_par' dir='ltr' id='par_1_82' title="bbox 2259 5291 3679 5367">
     <span class='ocr_line' id='line_1_83' title="bbox 2259 5291 3679 5367; baseline 0.009 -22"><span class='ocrx_word' id='word_1_503' title='bbox 2259 5291 2492 5347; x_wconf 88' lang='grc' dir='ltr'>Συνόδου</span> <span class='ocrx_word' id='word_1_504' title='bbox 2528 5294 2931 5367; x_wconf 80' lang='grc' dir='ltr'>Καροαγέννης</span> <span class='ocrx_word' id='word_1_505' title='bbox 2963 5297 3144 5354; x_wconf 87' lang='grc' dir='ltr'>κανὼν</span> <span class='ocrx_word' id='word_1_506' title='bbox 3180 5298 3679 5367; x_wconf 83' lang='grc' dir='ltr'>ὀκτωκαιδέκατος.</span> 
     </span>
    </p>
   </div>
   <div class='ocr_carea' id='block_1_83' title="bbox 541 5381 2077 5483">
    <p class='ocr_par' dir='ltr' id='par_1_83' title="bbox 541 5381 2059 5483">
     <span class='ocr_line' id='line_1_84' title="bbox 541 5381 2059 5483; baseline 0.017 -47"><span class='ocrx_word' id='word_1_507' title='bbox 541 5381 851 5483; x_wconf 51' lang='lat' dir='ltr'><strong>CAP._VI[.</strong></span> <span class='ocrx_word' id='word_1_508' title='bbox 886 5419 959 5483; x_wconf 54' lang='grc' dir='ltr'>έ-</span> <span class='ocrx_word' id='word_1_509' title='bbox 991 5388 1068 5446; x_wconf 85' lang='lat' dir='ltr'><strong><em>De</em></strong></span> <span class='ocrx_word' id='word_1_510' title='bbox 1089 5392 1155 5446; x_wconf 85' lang='lat' dir='ltr'><strong><em>iis</em></strong></span> <span class='ocrx_word' id='word_1_511' title='bbox 1190 5395 1428 5464; x_wconf 85' lang='lat' dir='ltr'><strong><em>quiante</em></strong></span> <span class='ocrx_word' id='word_1_512' title='bbox 1471 5400 1795 5472; x_wconf 84' lang='lat' dir='ltr'>baptismum</span> <span class='ocrx_word' id='word_1_513' title='bbox 1816 5413 2059 5475; x_wconf 84' lang='lat' dir='ltr'><strong><em>peccant,</em></strong></span> 
     </span>
    </p>
   </div>
   <div class='ocr_carea' id='block_1_84' title="bbox 2185 5381 3785 5483">
    <p class='ocr_par' dir='ltr' id='par_1_84' title="bbox 2185 5404 3785 5483">
     <span class='ocr_line' id='line_1_85' title="bbox 2185 5404 3785 5483; baseline 0.02 -27"><span class='ocrx_word' id='word_1_514' title='bbox 2185 5412 2205 5441; x_wconf 66' lang='grc' dir='ltr'><strong><em>κ</em></strong></span> <span class='ocrx_word' id='word_1_515' title='bbox 2244 5404 2498 5459; x_wconf 80' lang='grc' dir='ltr'>ΚΕΦΛΛ.</span> <span class='ocrx_word' id='word_1_516' title='bbox 2534 5404 2611 5461; x_wconf 92' lang='lat' dir='ltr'>Z&#39;.</span> <span class='ocrx_word' id='word_1_517' title='bbox 2643 5437 2714 5447; x_wconf 84' lang='grc'><strong><em>-</em></strong></span> <span class='ocrx_word' id='word_1_518' title='bbox 2736 5408 2878 5478; x_wconf 78' lang='grc' dir='ltr'>Περὶ</span> <span class='ocrx_word' id='word_1_519' title='bbox 2908 5409 3027 5465; x_wconf 84' lang='grc' dir='ltr'>τῶν</span> <span class='ocrx_word' id='word_1_520' title='bbox 3055 5410 3173 5480; x_wconf 74' lang='grc' dir='ltr'>πρὸ</span> <span class='ocrx_word' id='word_1_521' title='bbox 3202 5412 3311 5468; x_wconf 82' lang='grc' dir='ltr'>τοῦ</span> <span class='ocrx_word' id='word_1_522' title='bbox 3354 5412 3785 5483; x_wconf 81' lang='grc' dir='ltr'>,ϐαπτίσματος</span> 
     </span>
    </p>
   </div>
   <div class='ocr_carea' id='block_1_85' title="bbox 466 5478 2078 5566">
    <p class='ocr_par' dir='ltr' id='par_1_85' title="bbox 466 5478 2078 5566">
     <span class='ocr_line' id='line_1_86' title="bbox 466 5478 2078 5566; baseline 0.018 -39"><span class='ocrx_word' id='word_1_523' title='bbox 466 5483 518 5527; x_wconf 90' lang='lat' dir='ltr'>et</span> <span class='ocrx_word' id='word_1_524' title='bbox 592 5479 657 5531; x_wconf 85' lang='lat' dir='ltr'>de</span> <span class='ocrx_word' id='word_1_525' title='bbox 706 5478 775 5534; x_wconf 89' lang='lat' dir='ltr'><strong><em>iis</em></strong></span> <span class='ocrx_word' id='word_1_526' title='bbox 830 5482 944 5551; x_wconf 88' lang='lat' dir='ltr'><strong><em>qui,</em></strong></span> <span class='ocrx_word' id='word_1_527' title='bbox 983 5485 1113 5540; x_wconf 89' lang='lat' dir='ltr'>dum</span> <span class='ocrx_word' id='word_1_528' title='bbox 1164 5488 1293 5557; x_wconf 78' lang='lat' dir='ltr'><strong><em>ﬁdei</em></strong></span> <span class='ocrx_word' id='word_1_529' title='bbox 1336 5491 1511 5548; x_wconf 85' lang='lat' dir='ltr'><strong><em>initiis</em></strong></span> <span class='ocrx_word' id='word_1_530' title='bbox 1567 5494 1900 5566; x_wconf 87' lang='lat' dir='ltr'><strong><em>imbuuntur,</em></strong></span> <span class='ocrx_word' id='word_1_531' title='bbox 1975 5501 2078 5555; x_wconf 82' lang='lat' dir='ltr'>im—</span> 
     </span>
    </p>
   </div>
   <div class='ocr_carea' id='block_1_86' title="bbox 468 5568 720 5640">
    <p class='ocr_par' dir='ltr' id='par_1_86' title="bbox 468 5568 720 5640">
     <span class='ocr_line' id='line_1_87' title="bbox 468 5568 720 5640; baseline 0.02 -20"><span class='ocrx_word' id='word_1_532' title='bbox 468 5568 720 5640; x_wconf 82' lang='lat' dir='ltr'><strong><em>pingunt.</em></strong></span> 
     </span>
    </p>
   </div>
   <div class='ocr_carea' id='block_1_87' title="bbox 536 5657 2073 5754">
    <p class='ocr_par' dir='ltr' id='par_1_87' title="bbox 536 5657 2073 5754">
     <span class='ocr_line' id='line_1_88' title="bbox 536 5657 2073 5754; baseline 0.019 -42"><span class='ocrx_word' id='word_1_533' title='bbox 536 5657 769 5718; x_wconf 89' lang='lat' dir='ltr'><strong>Concilii</strong></span> <span class='ocrx_word' id='word_1_534' title='bbox 800 5661 1005 5723; x_wconf 68' lang='lat' dir='ltr'><strong>Nicaeni</strong></span> <span class='ocrx_word' id='word_1_535' title='bbox 1037 5666 1355 5737; x_wconf 66' lang='lat' dir='ltr'>canon”;</span> <span class='ocrx_word' id='word_1_536' title='bbox 1392 5678 1615 5735; x_wconf 89' lang='lat' dir='ltr'><strong>concilii</strong></span> <span class='ocrx_word' id='word_1_537' title='bbox 1655 5680 1937 5754; x_wconf 81' lang='lat' dir='ltr'><strong>Ancyrnni</strong></span> <span class='ocrx_word' id='word_1_538' title='bbox 1973 5699 2073 5740; x_wconf 81' lang='lat' dir='ltr'>ca-</span> 
     </span>
    </p>
   </div>
   <div class='ocr_carea' id='block_1_88' title="bbox 2185 5499 2694 5571">
    <p class='ocr_par' dir='ltr' id='par_1_88' title="bbox 2185 5499 2694 5571">
     <span class='ocr_line' id='line_1_89' title="bbox 2185 5499 2694 5571; baseline 0.002 -16"><span class='ocrx_word' id='word_1_539' title='bbox 2185 5499 2652 5571; x_wconf 76' lang='grc' dir='ltr'>ἀμαρτανόντων</span> <span class='ocrx_word' id='word_1_540' title='bbox 2677 5542 2694 5570; x_wconf 89' lang='grc'><strong><em>,</em></strong></span> 
     </span>
    </p>
   </div>
   <div class='ocr_carea' id='block_1_89' title="bbox 2180 5594 2478 5651">
    <p class='ocr_par' dir='ltr' id='par_1_89' title="bbox 2180 5594 2478 5651">
     <span class='ocr_line' id='line_1_90' title="bbox 2180 5594 2478 5651; baseline 0.013 -4"><span class='ocrx_word' id='word_1_541' title='bbox 2180 5594 2478 5651; x_wconf 78' lang='grc' dir='ltr'>πτόντων.</span> 
     </span>
    </p>
   </div>
   <div class='ocr_carea' id='block_1_90' title="bbox 2250 5687 3787 5765">
    <p class='ocr_par' dir='ltr' id='par_1_90' title="bbox 2250 5687 3787 5765">
     <span class='ocr_line' id='line_1_91' title="bbox 2250 5687 3787 5765; baseline 0.006 -26"><span class='ocrx_word' id='word_1_542' title='bbox 2250 5687 2479 5742; x_wconf 84' lang='grc' dir='ltr'>Συνόδου</span> <span class='ocrx_word' id='word_1_543' title='bbox 2542 5689 2779 5755; x_wconf 81' lang='grc' dir='ltr'>Νικαίας</span> <span class='ocrx_word' id='word_1_544' title='bbox 2833 5689 3016 5748; x_wconf 89' lang='grc' dir='ltr'>κανὼν</span> <span class='ocrx_word' id='word_1_545' title='bbox 3073 5689 3132 5746; x_wconf 82' lang='grc' dir='ltr'>ιδ’</span> <span class='ocrx_word' id='word_1_546' title='bbox 3153 5708 3168 5724; x_wconf 74' lang='grc' dir='ltr'><strong>ο</strong></span> <span class='ocrx_word' id='word_1_547' title='bbox 3225 5693 3450 5748; x_wconf 86' lang='grc' dir='ltr'>συνόδου</span> <span class='ocrx_word' id='word_1_548' title='bbox 3505 5692 3787 5765; x_wconf 78' lang='grc' dir='ltr'>Ἀγκύρας</span> 
     </span>
    </p>
   </div>
   <div class='ocr_carea' id='block_1_91' title="bbox 2785 5502 3787 5578">
    <p class='ocr_par' dir='ltr' id='par_1_91' title="bbox 2785 5502 3787 5578">
     <span class='ocr_line' id='line_1_92' title="bbox 2785 5502 3787 5578; baseline 0.003 -20"><span class='ocrx_word' id='word_1_549' title='bbox 2785 5504 2887 5559; x_wconf 77' lang='grc' dir='ltr'>καὶ</span> <span class='ocrx_word' id='word_1_550' title='bbox 2966 5502 3437 5578; x_wconf 79' lang='grc' dir='ltr'>κατηχουμὲνων</span> <span class='ocrx_word' id='word_1_551' title='bbox 3527 5521 3787 5576; x_wconf 77' lang='grc' dir='ltr'>παραπι-</span> 
     </span>
    </p>
   </div>
   <div class='ocr_carea' id='block_1_92' title="bbox 470 5750 2077 5857">
    <p class='ocr_par' dir='ltr' id='par_1_92' title="bbox 470 5750 2069 5842">
     <span class='ocr_line' id='line_1_93' title="bbox 470 5750 2069 5842; baseline 0.019 -40"><span class='ocrx_word' id='word_1_552' title='bbox 470 5764 581 5804; x_wconf 85' lang='grc' dir='ltr'>ιιοη</span> <span class='ocrx_word' id='word_1_553' title='bbox 617 5750 703 5821; x_wconf 72' lang='lat' dir='ltr'>l2;</span> <span class='ocrx_word' id='word_1_554' title='bbox 739 5757 963 5814; x_wconf 88' lang='lat' dir='ltr'><strong>concilii</strong></span> <span class='ocrx_word' id='word_1_555' title='bbox 1018 5759 1489 5826; x_wconf 69' lang='lat' dir='ltr'>Neocaesariensis</span> <span class='ocrx_word' id='word_1_556' title='bbox 1544 5786 1725 5828; x_wconf 83' lang='lat' dir='ltr'><strong>canon</strong></span> <span class='ocrx_word' id='word_1_557' title='bbox 1757 5750 1832 5842; x_wconf 69' lang='lat' dir='ltr'>Ei;</span> <span class='ocrx_word' id='word_1_558' title='bbox 1874 5774 2069 5833; x_wconf 78' lang='lat' dir='ltr'><strong>Basilii</strong></span> 
     </span>
    </p>
   </div>
   <div class='ocr_carea' id='block_1_93' title="bbox 2185 5750 3785 5857">
    <p class='ocr_par' dir='ltr' id='par_1_93' title="bbox 2185 5776 3785 5857">
     <span class='ocr_line' id='line_1_94' title="bbox 2185 5776 3785 5857; baseline 0.004 -26"><span class='ocrx_word' id='word_1_559' title='bbox 2185 5776 2357 5833; x_wconf 78' lang='grc' dir='ltr'>κανὼν</span> <span class='ocrx_word' id='word_1_560' title='bbox 2384 5778 2473 5850; x_wconf 55' lang='lat' dir='ltr'>ig“</span> <span class='ocrx_word' id='word_1_561' title='bbox 2504 5780 2724 5835; x_wconf 83' lang='grc' dir='ltr'>συνόδου</span> <span class='ocrx_word' id='word_1_562' title='bbox 2751 5782 3186 5857; x_wconf 77' lang='grc' dir='ltr'>Νεοκαισαρείας</span> <span class='ocrx_word' id='word_1_563' title='bbox 3202 5784 3385 5840; x_wconf 86' lang='grc' dir='ltr'>κανὼν</span> <span class='ocrx_word' id='word_1_564' title='bbox 3414 5784 3473 5838; x_wconf 88' lang='grc' dir='ltr'>ε’·</span> <span class='ocrx_word' id='word_1_565' title='bbox 3499 5784 3785 5839; x_wconf 84' lang='grc' dir='ltr'>Βασιλείου</span> 
     </span>
    </p>
   </div>
   <div class='ocr_carea' id='block_1_94' title="bbox 462 5848 2061 5940">
    <p class='ocr_par' dir='ltr' id='par_1_94' title="bbox 462 5848 2061 5940">
     <span class='ocr_line' id='line_1_95' title="bbox 462 5848 2061 5940; baseline 0.019 -42"><span class='ocrx_word' id='word_1_566' title='bbox 462 5857 642 5902; x_wconf 81' lang='lat' dir='ltr'><strong>canon</strong></span> <span class='ocrx_word' id='word_1_567' title='bbox 678 5848 792 5918; x_wconf 72' lang='lat'>20;</span> <span class='ocrx_word' id='word_1_568' title='bbox 846 5851 1137 5927; x_wconf 76' lang='lat' dir='ltr'><strong>TliCOpbili</strong></span> <span class='ocrx_word' id='word_1_569' title='bbox 1169 5874 1234 5918; x_wconf 83' lang='lat' dir='ltr'><strong><em>ex</em></strong></span> <span class='ocrx_word' id='word_1_570' title='bbox 1266 5860 1734 5937; x_wconf 83' lang='lat' dir='ltr'><strong>Commonitorio,</strong></span> <span class='ocrx_word' id='word_1_571' title='bbox 1764 5884 1943 5927; x_wconf 69' lang='lat' dir='ltr'>cannon</span> <span class='ocrx_word' id='word_1_572' title='bbox 1978 5870 2009 5926; x_wconf 69' lang='grc'><strong>4</strong></span> <span class='ocrx_word' id='word_1_573' title='bbox 2048 5887 2061 5940; x_wconf 92' lang='grc'><strong>;</strong></span> 
     </span>
    </p>
   </div>
   <div class='ocr_carea' id='block_1_95' title="bbox 2175 5869 3779 5949">
    <p class='ocr_par' dir='ltr' id='par_1_95' title="bbox 2175 5869 3779 5949">
     <span class='ocr_line' id='line_1_96' title="bbox 2175 5869 3779 5949; baseline 0.004 -25"><span class='ocrx_word' id='word_1_574' title='bbox 2175 5869 2355 5927; x_wconf 74' lang='grc' dir='ltr'>κανὼν</span> <span class='ocrx_word' id='word_1_575' title='bbox 2401 5870 2470 5941; x_wconf 84' lang='grc' dir='ltr'>κ’,</span> <span class='ocrx_word' id='word_1_576' title='bbox 2504 5873 2767 5945; x_wconf 58' lang='grc' dir='ltr'>Θεοφίλου</span> <span class='ocrx_word' id='word_1_577' title='bbox 2793 5875 2857 5930; x_wconf 79' lang='grc' dir='ltr'>ἐκ</span> <span class='ocrx_word' id='word_1_578' title='bbox 2899 5875 2995 5932; x_wconf 78' lang='grc' dir='ltr'>τοῦ</span> <span class='ocrx_word' id='word_1_579' title='bbox 3035 5877 3475 5949; x_wconf 83' lang='grc' dir='ltr'>’Υπομνηστικοῦ</span> <span class='ocrx_word' id='word_1_580' title='bbox 3502 5876 3682 5934; x_wconf 86' lang='grc' dir='ltr'>κανὼν</span> <span class='ocrx_word' id='word_1_581' title='bbox 3702 5876 3744 5931; x_wconf 86' lang='grc' dir='ltr'>δ’</span> <span class='ocrx_word' id='word_1_582' title='bbox 3766 5897 3779 5913; x_wconf 89' lang='grc'><strong>·</strong></span> 
     </span>
    </p>
   </div>
  </div>
