4146 6474
382 435 519 502 1057

1418 422 2153 490 NOMOCANON.—T1T.
2189 421 2290 498 1v,
2329 420 2490 485 CAP.
2534 416 2670 482 t-x.

3566 426 3707 496 1058

380 544 651 617 Κυρίλλου
679 543 746 598 ἐκ
768 540 880 597 τῶν
904 541 1043 616 πρὸς
1064 538 1194 604 τοὺς
1220 538 1277 592 ὲν
1308 534 1489 608 Λιϐύῃ
1520 535 1618 591 καὶ
1643 532 1955 589 Πενταπόλε

2085 527 2274 601 Cyrilh
2312 544 2377 586 ex
2410 529 2647 600 epistola
2679 527 2749 585 ad
2788 526 2993 586 Africa:
3020 543 3075 588 ct
3121 532 3451 608 Pentapolis
3479 539 3700 611 cpiscO‘

378 637 719 700 ἐπισκόπους
744 633 1046 689 ἐπιστολῶν
1070 630 1253 687 κανὼν
1276 629 1340 685 δ’.

452 728 773 796 Κείμενον.
816 725 882 779 Ἠ
920 721 969 779 α’
1020 723 1162 777 διάτ.
1190 720 1285 775 τοῦ
1318 717 1385 791 ιβ’
1415 717 1524 773 τίτ.
1557 715 1652 771 τοῦ
1684 715 1733 773 α’
1781 715 1991 788 βιϐλίου

379 820 473 875 τοῦ
509 820 781 885 Κώδικος,
830 817 955 871 Ὅτι
984 815 1082 871 ἐὰν
1111 814 1389 879 Ἰουδαῖος,
1417 828 1475 866 κ.
1520 827 1572 866 τ.
1606 808 1681 876 λ..
1716 823 1891 879 usque
1923 807 1993 862 ad

378 910 851 983 είσκατηχεῖσθαι.

451 1004 737 1072 Σχόλιον.
792 1000 859 1056 Ἦ
900 998 950 1055 α’
976 998 1121 1054 διάτ.
1180 997 1273 1053 τοῦ
1309 996 1375 1070 ιβ’
1403 996 1510 1053 τίτ.
1564 993 1662 1051 τοῦ
1689 992 1738 1049 α’
1782 992 1991 1065 βιϐλίου

376 1096 474 1151 τοῦ
504 1095 750 1162 Κώδικός
778 1095 898 1148 ἐστι
936 1110 1065 1163 κεφ.
1113 1089 1197 1163 μδ⁹
1239 1089 1333 1145 τοῦ
1360 1088 1409 1145 α’
1437 1092 1542 1146 τίτ.
1577 1087 1673 1142 τοῦ
1702 1084 1749 1140 α’
1782 1084 1991 1157 βιϐλίου

312 1188 315 1189 ⁷
377 1190 489 1245 τῶν
545 1188 874 1255 Βασιλικῶν,
922 1186 1068 1242 οὕτω
1108 1187 1269 1256 λέγον
1304 1183 1488 1249 καθὼς
1516 1185 1599 1248 είς
1633 1182 1696 1236 τὸ
1736 1179 1991 1251 κείμενον

377 1279 653 1352 ἐδηλώθη.
701 1279 768 1333 ’11
820 1277 853 1332 ι’
892 1278 1034 1333 διάτ.
1070 1278 1167 1332 τοῦ
1203 1276 1270 1331 ια’
1297 1278 1407 1332 τίτ.
1458 1274 1554 1330 τοῦ
1582 1272 1631 1328 α’
1660 1271 1867 1346 βιϐλίου
1894 1271 1988 1324 τοῦ

381 1371 628 1435 Κώδικος
647 1369 751 1425 οὐκ
772 1369 933 1441 ἐτέθη
951 1372 1032 1434 εἰς
1050 1368 1118 1422 τὰ
1140 1369 1301 1422 Βασι)
1317 1367 1432 1422 ικὰ.
1464 1366 1529 1420 Ἠ
1556 1366 1740 1438 μέντοι
1766 1362 1814 1435 γ’
1842 1364 1983 1419 διάτ.

370 1462 464 1517 τοῦ
501 1468 551 1532 γ’
591 1462 702 1517 τίτ.
732 1463 842 1517 τῶν
896 1462 1126 1535 Νεαρῶν
1172 1464 1290 1516 ἐστι
1347 1460 1519 1533 νεαρὰ
1562 1458 1989 1523 ’1ουστινιάνειος

370 1553 514 1627 ρμδ¹,
534 1556 768 1628 κειμένη
782 1558 838 1610 ὲν
860 1554 1052 1627 βιϐλίῳ
1077 1553 1150 1622 α’,
1166 1555 1276 1610 τῶν
1302 1553 1611 1609 Βασιλικῶν
1632 1553 1736 1608 τίτ.
1762 1552 1831 1619 α’,
1857 1570 1985 1623 κεφ.

366 1647 467 1712 va’,
500 1648 857 1715 θεσπίζουσα,
894 1649 1246 1721 Σαμαρείτας
1272 1648 1438 1720 μηδέν
1461 1666 1512 1702 τι
1542 1647 1841 1718 λαμϐάνειν
1876 1644 1986 1700 ἀπὸ

363 1739 653 1812 διαθήκης,
694 1741 729 1813 ἢ
760 1740 820 1807 ἐξ
859 1741 1165 1807 ἀδιαθὲτου,
1197 1741 1231 1812 ἢ
1259 1742 1324 1793 ἐκ
1364 1740 1595 1812 δωρεᾶς,
1642 1739 1778 1810 μηδὲ
1811 1738 1988 1791 διατί-

2097 637 2199 694 pos
2227 638 2405 679 canon
2433 622 2490 678 4.

2173 715 2394 772 Texlus.
2451 716 2643 773 Const.
2683 732 2700 771 ι
2734 716 2821 773 ι1ι.
2854 718 2923 773 12
2961 718 3063 776 111).
3128 736 3144 775 ι
3200 720 3337 777 Cod.
3371 722 3503 780 'ait:
3541 724 3698 791 Quod

2094 819 2229 879 etc-,
2259 826 2426 880 usque
2456 809 2527 864 ad
2568 809 2781 867 institui
2809 811 2948 876 vult.
2984 821 3042 868 ut
3078 828 3202 885 pag.
3239 813 3363 871 619.

2168 991 2466 1049 Scholium.
2503 993 2703 1050 Const.
2737 996 2762 1051 1
2804 997 2890 1052 tit.
2942 997 3013 1052 12
3074 998 3175 1053 lib.
3216 1014 3233 1054 ι
3270 997 3408 1056 Cod.
3454 1009 3540 1057 est
3571 1016 3694 1074 cap.

2093 1084 2165 1139 44
2200 1086 2282 1140 tit.
2318 1085 2344 1140 1
2382 1087 2477 1143 111).
2515 1103 2529 1141 l
2575 1086 2771 1154 Basil.,
2808 1092 2953 1161 quod
2989 1091 3063 1146 ita
3131 1092 3286 1159 dicit,
3347 1102 3410 1147 ut
3449 1092 3504 1149 in
3541 1105 3692 1151 textu

2095 1174 2437 1231 declaratum
2463 1185 2568 1233 est.
2610 1178 2802 1234 Const.
2855 1180 3042 1253 1οξι1ι.
3084 1182 3145 1236 11
3200 1183 3297 1239 lib.
3348 1202 3365 1241 ι
3405 1184 3545 1242 Cod.
3583 1202 3693 1243 non

2095 1278 2182 1323 est
2226 1269 2401 1339 posita
2456 1270 2513 1323 in
2550 1270 2719 1325 Basil.
2775 1270 2980 1328 Verum
3021 1284 3202 1330 const.
3237 1276 3272 1330 5
3311 1277 3395 1331 ι1ι.
3432 1278 3467 1333 3
3496 1276 3696 1335 Novel-

2095 1360 2273 1415 larum
2301 1368 2388 1419 est
2410 1362 2625 1417 novella
2648 1360 2943 1420 Justiniani
2974 1366 3098 1433 144,
3130 1365 3303 1441 [quin]
3332 1369 3427 1425 lib.
3461 1386 3475 1425 ι
3501 1370 3691 1440 Basil.,

2101 1453 2179 1511 tit.
2225 1456 2278 1521 1,
2312 1469 2436 1526 cap.
2475 1454 2564 1521 5l,
2600 1458 2779 1526 posita
2814 1456 2938 1531 [est,
2960 1458 3049 1532 ac]
3076 1461 3259 1516 sancit
3289 1480 3302 1516 :
3334 1460 3413 1519 Ne
3439 1461 3686 1520 Samari-

2096 1548 2211 1605 tani
2238 1565 2307 1604 ex
2340 1558 2691 1617 testamento,
2725 1560 2821 1607 aut
2847 1554 2917 1608 ab
2954 1555 3239 1622 intestato,
3263 1565 3362 1611 aut
3395 1572 3492 1628 per
3516 1546 3692 1614 dona-

2096 1642 2303 1698 tionem
2344 1643 2649 1715 quidquam
2700 1647 2946 1716 capiant,
2983 1663 3160 1719 neque
3204 1648 3481 1706 haereticis
3516 1659 3688 1706 testa-

2093 1744 2282 1789 mento
2336 1732 2687 1807 [quidquam]
2718 1738 3066 1807 perscribam
3090 1749 3185 1794 aut
3221 1741 3448 1796 donent.
3499 1741 3687 1797 Sama-

364 1833 556 1888 θεσθαι
580 1834 799 1899 αὐτοὺς,
828 1834 861 1906 ἢ
888 1832 1179 1906 δωρεῖσθαι
1202 1834 1519 1906 αίρετικοίς,
1548 1833 1742 1904 μόνους
1763 1831 1819 1884 δὲ
1846 1831 1955 1894 τοὺς

2090 1828 2255 1882 ritani
2308 1838 2495 1884 tamen
2531 1831 2728 1886 rustici
2782 1829 2863 1902 [et
2917 1831 2998 1887 illi
3049 1832 3306 1906 quidem]
3336 1834 3467 1903 soli,
3518 1846 3573 1890 et
3618 1836 3689 1892 ab

364 1927 649 1997 γεωργοὺς
684 1927 1035 1998 Σαμαρείτας
1061 1927 1425 1998 κληρονομεῖν
1455 1928 1549 1980 καὶ
1568 1926 1627 1992 ἐξ
1653 1925 1966 1990 ἀδιαθέτου,

364 2020 461 2073 καὶ
504 2021 570 2073 ἐκ
612 2019 882 2092 διαθήκης
921 2019 1196 2090 ἀλλήλοις·
1226 2020 1364 2074 ἀλλὰ
1396 2018 1533 2090 μηδὲ
1566 2017 1814 2087 γίνεσθαί
1844 2035 1967 2072 τινα

360 2109 427 2162 ἐκ
453 2110 660 2163 τούτων
683 2111 1050 2184 στρατιώτην,
1080 2111 1114 2182 ἢ
1150 2113 1477 2184 συνήγορον,
1504 2109 1537 2181 ἢ
1573 2109 1761 2180 ἕτερον
1792 2126 1844 2163 τι
1864 2109 1966 2179 δερ-

357 2202 543 2272 φίκιον
572 2204 773 2269 αὐτοὺς
817 2205 1244 2277 ἐγχειρίζεσθαι’
1282 2202 1642 2277 κατηχείσθαι
1672 2204 1730 2257 δὲ
1764 2203 1962 2267 αὐτοὺς

355 2296 454 2350 ἐπὶ
483 2297 711 2364 διετίαν,
760 2298 1052 2363 δεκτικοὺς
1104 2299 1267 2364 ὄντας
1315 2299 1413 2372 τῆς
1463 2298 1849 2369 κατηχήσεως,
1881 2294 1963 2349 ἔτι

353 2388 468 2462 μὴν
505 2390 931 2463 ἐλευθεροῦσθαι
962 2395 1058 2448 καὶ
1083 2394 1212 2459 τοὺς
1253 2394 1384 2466 παρ’
1425 2391 1610 2449 αὐτῶν
1652 2390 1962 2462 ἐξωνουμὲ-

354 2499 480 2547 νους
504 2483 724 2549 δούλους
744 2486 1104 2558 Χριστιανοὺς
1130 2486 1310 2547 ὄντας.

428 2575 686 2631 ΚΕΦΑΛ.
736 2575 821 2633 11’.
848 2578 1089 2647 -Περί
1139 2577 1495 2632 ἐπισκόπων
1548 2576 1589 2647 ἣ
1653 2570 1961 2644 κληρικῶν

352 2666 703 2740 δεχομένων
721 2670 1045 2742 βάπτισμα
1077 2668 1409 2742 αἱρετικῶν.

443 2762 793 2817 ’Λποστόλων
828 2762 1013 2818 κανὼν
1046 2763 1166 2834 pg’.

429 2853 687 2911 ΚΕΦΑΛ.
712 2853 867 2911 Θ’.-
884 2857 1021 2926 Περὶ
1047 2854 1169 2911 τῶν
1190 2856 1262 2912 ἐν
1284 2858 1451 2925 νόσῳ
1473 2853 1953 2925 βαπτιζομένων.

430 2948 662 3002 Συνόδου
710 2949 1152 3021 Νεοκαισαρείας
1194 2948 1381 3006 κανὼν
1409 2948 1478 3020 ιβ’
1502 2966 1516 2980 ·
1554 2948 1777 3003 συνόδου
1812 2948 1957 3001 Λαο-

350 3037 562 3104 δικείας
586 3041 770 3095 κανὼν
802 3042 922 3113 pg"
957 3041 1597 3114 cuvdBoaKapBatyéwq;
1621 3039 1802 3096 κανὼν
1838 3037 1921 3113 με’
1940 3055 1955 3071 ·

350 3131 629 3203 Τιμοθέου
660 3131 843 3188 κανὼν
868 3131 931 3189 δ’.

425 3222 685 3279 ΚΕΦΑΛ.
720 3220 779 3281 l'.
800 3253 874 3266 —
898 3222 1042 3292 Περὶ
1072 3222 1303 3295 ἐγκύου·
1324 3222 1792 3295 βαπτιζομένης.

425 3316 658 3370 Συνόδου
688 3315 1130 3388 Νεοκαισαρείας
1164 3313 1345 3370 κανὼν
1374 3313 1451 3381 ς’.

424 3408 739 3478 Κείμενον.
773 3408 971 3463 Καίτοι
1028 3410 1088 3463 ὲν
1122 3411 1189 3480 τῇ
1231 3407 1280 3464 α’
1322 3408 1464 3465 διατ.
1504 3409 1599 3465 τοῦ
1629 3408 1672 3466 δ’
1696 3412 1806 3467 τίτ.

348 3496 433 3554 κε’
477 3497 685 3570 βιϐλίου
725 3498 837 3553 τῶν
875 3497 1186 3565 Διατάξεών
1220 3515 1379 3569 φησι,
1411 3500 1473 3553 τὸ
1518 3500 1960 3573 κυοφορούμενον

342 3588 490 3648 εἶναι
523 3592 690 3664 μέρος
722 3592 825 3664 τῆς
874 3592 1097 3662 ἐγκύου»
1149 3594 1207 3646 έν
1246 3592 1304 3646 δὲ
1356 3596 1423 3666 τῇ
1486 3592 1517 3648 ι’
1574 3595 1715 3650 διατ.
1763 3596 1857 3650 τοῦ
1907 3600 1962 3667 γ’

343 3686 458 3743 τίτ.
489 3686 588 3740 τοῦ
623 3683 713 3758 μα’
761 3686 992 3758 βιϐλίου,
1039 3688 1133 3741 καὶ
1178 3686 1385 3759 βιϐλίου
1418 3686 1483 3755 ν’,
1524 3688 1629 3743 τίτ.
1681 3688 1779 3755 ις’,
1810 3690 1953 3747 διάτ.

343 3778 468 3847 κς’,
524 3781 610 3835 ὅτι
640 3779 1082 3852 κυοφορούμενον
1110 3780 1211 3834 οὐκ
1235 3780 1354 3834 ἐστι
1380 3780 1547 3854 μέρος
1570 3783 1672 3854 τῆς
1719 3784 1952 3854 μητρὸς,

339 3873 444 3927 καὶ
472 3872 610 3927 ἄλλα
646 3872 705 3926 δὲ
732 3872 968 3944 διάφορα
997 3872 1207 3944 νόμιμα
1246 3874 1385 3944 περὶ
1413 3873 1608 3927 τούτου
1636 3876 1949 3946 συνήγαγον

342 3968 407 4020 ὲν
444 3964 522 4038 τῷ
548 3965 817 4038 γραφέντι
847 3984 938 4037 μοι
975 3967 1105 4038 περὶ
1130 3967 1556 4037 ὲναντιοφανιῶν
1579 3970 1722 4043 μόνῃ
1751 3969 1943 4042 βίϐλῳ.

418 4060 701 4130 Σχόλιον.
732 4060 805 4114 Τὸ
834 4057 881 4113 α’
930 4059 1074 4114 διατ.
1118 4059 1213 4113 τοῦ
1241 4057 1282 4114 δ’
1309 4060 1418 4115 τίτ.
1469 4059 1565 4115 τοῦ
1611 4061 1690 4116 κε’
1735 4063 1945 4133 βιϐλίου

309 4152 458 4210 ,τῶν
496 4154 720 4221 Διατάξ.
758 4154 876 4208 ἐστι
910 4153 1055 4225 θέμα
1084 4150 1133 4225 β’
1175 4153 1273 4209 τοῦ
1316 4151 1366 4208 α’
1405 4172 1531 4226 κεφ.
1588 4156 1686 4211 τοῦ
1737 4157 1783 4224 ζ’
1833 4158 1942 4218 τίτ.

340 4247 438 4302 τοῦ
463 4246 542 4301 λα’
571 4247 803 4319 βιϐλίου,
830 4246 1007 4311 οὕτως
1022 4248 1167 4319 ἕχον,
1192 4249 1266 4303 Τὸ
1283 4250 1788 4323 ἐγκυομονούμενον
1810 4254 1944 4326 πρὶν

338 4341 376 4414 ἢ
408 4341 573 4415 τεχθῇ
612 4342 780 4414 μέρος
803 4343 923 4396 ἐστὶ
945 4345 1045 4415 τῆς
1078 4342 1269 4415 γυνῆς,
1299 4344 1394 4398 καὶ
1415 4344 1505 4399 διὰ
1526 4345 1711 4412 τοῦτο,
1737 4346 1844 4412 ἕως
1873 4349 1941 4404 ἂν

333 4436 505 4509 τεχθῇ
536 4436 767 4508 ἁρμόζει
796 4435 873 4507 τῷ
893 4438 1061 4508 πατρὶ¹
1100 4437 1163 4490 τὸ
1191 4438 1321 4511 περὶ
1345 4437 1555 4493 παίδων
1587 4438 1785 4511 δόγμα.
1814 4443 1889 4498 Τὸ
1908 4442 1939 4499 ι’

1864 3412 1960 3467 τοῦ

2084 1918 2351 1978 intestato
2406 1930 2463 1978 et
2490 1938 2558 1978 ex
2599 1932 2939 1979 testamento
2990 1924 3097 1980 sibi
3152 1925 3385 1981 invicem
3436 1927 3687 1984 hreredes

2081 2013 2214 2069 sint.
2250 2013 2330 2071 Ne
2360 2013 2540 2088 [item]
2590 2016 2794 2072 horum
2827 2017 3104 2089 quispiam
3138 2019 3297 2075 miles
3355 2030 3689 2088 patronusve

2081 2124 2381 2165 causarum
2423 2111 2540 2173 liat,
2562 2120 2657 2165 aut
2685 2112 2833 2165 aliud
2864 2112 3090 2182 aliquod
3130 2111 3369 2168 olIicium
3403 2123 3683 2169 assumat.

2081 2200 2179 2273 [Ut
2224 2200 2488 2275 denique]
2535 2202 2633 2274 qui
2703 2203 3038 2259 eruditionis
3091 2219 3325 2274 capaces
3376 2214 3525 2273 sunt,
3584 2222 3685 2276 per

2081 2296 2370 2351 biennium
2424 2297 2477 2351 in
2534 2294 2642 2352 tide
2700 2296 3103 2353 instituantur:
3143 2306 3200 2354 et
3246 2299 3476 2371 insuper
3530 2314 3675 2372 quos

2075 2387 2427 2446 Christianos
2453 2404 2645 2447 servos
2674 2389 2931 2458 exuerint,
2965 2390 3122 2447 liberi
3146 2389 3304 2447 fiant.

2145 2572 2301 2631 CAP.
2344 2573 2483 2632 Vlll.
2516 2606 2590 2617 —
2616 2575 2693 2633 De
2720 2576 2982 2646 episcopis
3010 2586 3061 2633 et
3089 2576 3319 2649 clericis,
3349 2578 3441 2651 qui
3472 2578 3662 2636 ha'reti

2072 2684 2257 2724 corum
2285 2669 2612 2738 baptismum
2642 2671 2963 2741 suscipiunt.

2146 2761 2547 2833 Apostolorum
2590 2778 2770 2818 canon
2806 2763 2899 2819 46.

2147 2852 2303 2910 CAP.
2343 2851 2434 2907 IX.
2466 2884 2538 2895 —
2571 2853 2652 2908 De
2690 2855 2758 2908 iis
2799 2856 2892 2926 qui
2927 2854 2982 2910 in
3018 2853 3204 2909 morbo
3237 2854 3607 2926 baptizautur.

2144 2942 2382 3000 Concilii
2420 2942 2888 3001 Neocaesariensis
2914 2961 3096 3002 canon
3134 2945 3241 3015 l2;
3276 2947 3501 3003 concilii
3531 2946 3678 3002 lao-

2071 3035 2251 3093 diceni
2274 3051 2453 3093 canon
2483 3036 2592 3104 47;
2622 3037 2849 3093 concilii
2873 3037 3331 3111 Carthagineusis
3356 3052 3540 3095 canon
3568 3037 3639 3093 45

2075 3127 2350 3185 Timothei
2379 3145 2558 3185 canon
2592 3129 2653 3185 4.

2146 3220 2304 3278 CAP.
2337 3221 2405 3278 X.
2433 3253 2503 3263 ——
2524 3222 2603 3277 De
2628 3234 2939 3296 pra'gnaute
2968 3224 3315 3298 baptizanda.

2147 3314 2381 3373 Concilii
2408 3315 2875 3375 Neocaasariensis
2915 3335 3092 3377 canon
3128 3322 3185 3379 6.
3404 3348 3433 3369 κ

2142 3404 2360 3460 Textus.
2392 3404 2718 3477 Quanquam
2744 3406 2799 3462 in
2828 3408 3039 3480 digesto
3065 3412 3090 3467 1
3122 3413 3204 3469 ι1ι.
3230 3413 3267 3470 4
3299 3414 3397 3473 lib.
3418 3434 3525 3475 xxv
3552 3421 3674 3494 Dig.

2076 3498 2295 3555 dicatur
2318 3509 2539 3570 partum
2571 3514 2697 3555 esse
2737 3503 3048 3571 portionem
3092 3512 3426 3579 prwgnantis
3459 3531 3474 3570 :
3502 3515 3556 3569 in
3594 3516 3681 3570 di-

2073 3601 2227 3663 gesto
2268 3599 2450 3646 tamen
2487 3589 2553 3645 l0
2612 3592 2694 3646 tit.
2744 3592 2780 3647 5
2834 3592 2933 3649 lib.
2968 3611 3079 3664 xu,
3121 3607 3177 3654 et
3224 3600 3316 3657 lib.
3354 3617 3409 3670 ι,
3460 3605 3544 3660 ι1ι.
3584 3608 3674 3674 16,

2071 3682 2269 3752 digest.
2301 3681 2394 3745 ‘26,
2420 3681 2568 3753 quod
2594 3694 2783 3752 partus
2804 3699 2933 3754 pars
2971 3689 3166 3743 matris
3195 3707 3305 3748 non
3341 3695 3435 3751 sit.
3471 3693 3679 3754 Verum

2072 3775 2239 3830 etiam
2272 3774 2382 3829 alia
2433 3775 2538 3830 hac
2587 3775 2655 3830 de
2692 3773 2800 3848 [re]
2838 3777 3055 3833 diversa
3090 3780 3217 3850 jura
3259 3783 3315 3840 in
3356 3786 3499 3846 libro
3532 3807 3682 3862 uico,

2072 3867 2202 3924 dein
2246 3867 2494 3939 speciem
2521 3867 2838 3935 contrariis,
2865 3869 3132 3943 singulari
3164 3876 3381 3951 collegi.

2134 4058 2438 4115 Scholium.
2493 4051 2702 4123 Digest.
2762 4053 2788 4108 1
2853 4054 2938 4117 ι1ι.
2984 4059 3021 4116 4
3074 4061 3171 4119 lib.
3249 4080 3361 4122 xxv
3405 4066 3530 4140 Dig.
3578 4080 3668 4127 est

2062 4158 2247 4212 thema
2281 4160 2319 4211 2
2355 4173 2479 4230 cap.
2525 4160 2550 4214 1
2599 4161 2685 4215 ι1ι.
2720 4161 2752 4213 7
2780 4161 2878 4217 lib.
2910 4177 3065 4225 xxxx,
3100 4161 3249 4232 quod
3306 4163 3389 4219 sic
3448 4164 3614 4222 habet
3648 4185 3664 4222 :

2066 4251 2266 4308 Partus
2291 4260 2419 4307 ante
2445 4269 2611 4325 quam
2649 4255 2867 4322 edatur,
2905 4255 3169 4311 'mulieris
3204 4257 3387 4327 portio
3420 4268 3525 4313 est.
3562 4261 3664 4315 At-

2066 4345 2404 4417 queidcirco
2450 4348 2627 4404 donec
2674 4348 2858 4404 editus
2896 4349 2990 4412 sit,
3040 4362 3153 4402 non
3206 4349 3469 4419 competit
3517 4353 3657 4421 patri

2059 4452 2108 4493 8.
2176 4451 2228 4493 c.
2292 4436 2369 4493 De
2440 4437 2634 4495 libcris
2696 4436 3137 4512 [agnoscendis.]
3194 4437 3317 4510 Dig.
3374 4438 3445 4494 10
3495 4443 3578 4495 tit.
3627 4442 3663 4498 5

332 4529 479 4585 διάτ.
494 4528 588 4583 τοῦ
606 4528 651 4599 γ’
667 4530 773 4585 τίτ.
789 4529 884 4584 τοῦ
902 4528 989 4603 μα’
1006 4530 1216 4602 βιϐλίου
1231 4530 1341 4585 τῶν
1356 4532 1666 4598 Διατάξεών
1679 4535 1798 4590 ἐστι
1811 4527 1952 4609 θὲμα

2067 4531 2163 4587 lib.
2226 4547 2314 4587 xu
2370 4531 2491 4602 Dig.
2540 4543 2623 4588 est
2678 4537 2865 4588 thema
2905 4533 3091 4603 ὅροι).
3150 4532 3348 4587 10111).
3383 4547 3450 4586 x1.
3491 4532 3657 4589 Basil.

334 4617 385 4689 γ’
420 4620 512 4673 τοῦ
550 4618 580 4673 ι’
604 4638 754 4691 κεφ.,
775 4621 868 4675 τοῦ
893 4618 947 4691 μ’
972 4621 1181 4693 βιϐλίου
1207 4622 1317 4677 τῶν
1336 4623 1645 4679 Βασιλικῶν
1673 4625 1819 4683 οὕτω
1848 4629 1939 4683 λέ-

332 4728 455 4782 γον’
492 4712 566 4767 Τὸ
615 4714 808 4785 τεχθὲν
861 4714 971 4769 ἀπὸ
1025 4714 1211 4787 βοὺςῆ
1263 4715 1460 4789 δούλης
1506 4718 1797 4791 κλεψίμου,
1844 4722 1941 4777 καὶ

335 4807 709 4880 κληρονομίας
746 4802 842 4861 τοῦ
890 4806 1158 4874 κλέπτου,
1216 4809 1316 4863 καὶ
1370 4811 1686 4885 ἀγοραστὴς
1728 4816 1942 4884 ἀγνοῶν

333 4903 424 4958 διὰ
455 4901 682 4974 χρονίας
722 4901 897 4973 νομῆς
930 4901 1202 4967 θεσπίζει.
1232 4901 1307 4956 Τὸ
1335 4903 1445 4977 γὰρ
1475 4905 1667 4976 τεχθὲν
1696 4907 1797 4961 οὐκ
1824 4908 1941 4962 ἔστι

337 4995 505 5067 μέρος
535 4995 629 5049 τοῦ
655 4994 1009 5066 κλεψιμαίου.
1036 4994 1110 5047 Τὸ
1131 4992 1227 5061 κς¹
1254 4996 1392 5053 διάτ.
1448 4997 1544 5051 τοῦ
1578 4996 1654 5063 ις’
1683 4999 1789 5057 τίτ.
1843 4999 1940 5054 τοῦ

334 5093 379 5140 ν’
413 5088 623 5159 βιϐλίου
666 5088 777 5142 τῶν
816 5092 972 5144 Διατ.
1012 5088 1131 5143 ἐπι
1186 5107 1314 5160 κεφ.
1352 5088 1445 5156 κς¹
1489 5089 1585 5145 τοῦ
1623 5088 1668 5162 β’
1693 5091 1801 5145 τίτ.
1844 5092 1938 5146 τοῦ

329 5182 376 5255 β’
437 5183 669 5255 βιϐλίου,
723 5185 832 5237 τῶν
890 5184 1201 5239 Βασιλικῶν
1244 5185 1421 5250 οὕτως
1449 5184 1592 5257 ἔχον·
1645 5184 1940 5251 Ὀτοκετὸς

326 5276 667 5350 κλεψιμαίας
715 5276 913 5348 δούλης
955 5279 1057 5331 οὐκ
1104 5277 1221 5333 ἐστι
1268 5278 1436 5352 μέρος
1477 5278 1670 5349 αὐτῆς.
1717 5280 1939 5336 Τούτων

324 5367 503 5434 οὕτως
538 5371 775 5441 ἐχόντων
809 5372 1077 5443 ἐρωτήσει
1111 5389 1217 5437 τις,
1253 5373 1401 5436 τίνος
1426 5373 1589 5444 χάριν
1613 5370 1708 5426 τοῦ
1749 5369 1779 5427 ι’
1810 5388 1935 5442 κεφ.

322 5461 421 5516 τοῦ
443 5465 711 5536 παρόντος
739 5466 1124 5536 συντάγματος
1150 5466 1281 5540 περὶ
1306 5466 1505 5536 ἐγκύου
1527 5465 1938 5539 βαπτιζομένης

315 5552 691 5623 διδάσκοντος,
724 5557 974 5629 ἐμνήσθη
1001 5558 1349 5631 πατριάρχης
1367 5558 1477 5613 τῶν
1500 5557 1779 5632 ῥηθέντων
1805 5576 1932 5630 κεφ.

317 5646 399 5711 ὡς
424 5647 728 5703 δοκούντων
760 5651 1184 5721 ὲναντιοφανῶν.
1228 5652 1555 5723 Ἀμφιϐολία
1576 5647 1645 5724 ἦν
1673 5653 1803 5724 περὶ
1835 5650 1932 5705 τοῦ

312 5741 366 5794 εἰ
421 5740 529 5814 χρὴ
570 5741 673 5816 τὴν
717 5744 1104 5816 κυοφοροῠσαν
1152 5743 1513 5817 βαπτίζεσθαι
1546 5746 1781 5816 ,ἔλεγον
1823 5745 1931 5817 γάρ

314 5849 466 5899 τινες
487 5832 564 5899 ὡς
593 5835 718 5889 ἐπεὶ
742 5837 801 5892 τὸ
837 5838 1108 5910 κυοφορού
1119 5856 1279 5909 μενον
1305 5842 1418 5903 τοῖς
1453 5842 1734 5911 μετρικοίς
1764 5840 1934 5909 ἐγκά-

312 5943 432 5992 τοις
491 5929 873 6002 κρυπτόμενον
924 5934 1229 6005 συνήνωται
1279 5935 1345 6005 τῇ
1412 5934 1579 6006 μητρὶ
1624 5933 1800 5988 διόλου
1853 5933 1929 5997 ὡς

2056 4625 2203 4695 quod
2236 4626 2318 4679 sic
2351 4623 2526 4680 dicit:
2580 4622 2810 4679 Partum
2854 4624 3010 4680 horis
3058 4633 3151 4678 ant
3187 4622 3405 4678 ancilla:
3438 4622 3656 4679 furtiva:

2053 4723 2111 4771 et
2142 4714 2284 4769 furis
2322 4716 2499 4769 haeres
2540 4725 2594 4769 et
2632 4714 2793 4770 bona:
2823 4714 2950 4769 lidci
2986 4724 3203 4785 emptor
3219 4714 3483 4769 diuturna
3527 4731 3658 4787 pos—

2050 4788 2624 4878 sesrsione‘usucapit.
2679 4807 2878 4864 Partus
2924 4809 3071 4862 enim
3103 4806 3235 4881 [rei]
3267 4807 3488 4863 furtiva:
3526 4825 3656 4879 pars

2047 4918 2157 4959 non
2200 4908 2308 4956 est.
2344 4901 2493 4971 θυῖε.
2535 4899 2608 4956 26
2663 4902 2749 4956 tit.
2798 4902 2866 4955 16
2922 4901 3019 4956 lib.
3054 4918 3085 4956 ι.
3129 4899 3248 4972 Dig.
3289 4912 3377 4957 est
3414 4916 3538 4971 cap.
3582 4900 3654 4956 26

2051 4997 2138 5052 tit.
2169 4995 2205 5050 2
2228 4995 2327 5051 lib.
2357 5011 2397 5050 ιι
2438 4994 2608 5061 Basil,
2642 4996 2791 5067 quod
2849 4995 2930 5051 sic
2970 4995 3133 5050 habet
3160 5013 3174 5050 :
3204 4995 3407 5051 Partus
3434 4996 3653 5051 ancillae

2055 5089 2279 5145 furtiva!
2314 5088 2493 5160 ipsius
2518 5104 2648 5160 pars
2698 5105 2809 5143 non
2858 5098 2963 5144 cst.
3005 5087 3128 5143 llaec
3157 5086 3377 5161 [igitur]
3408 5104 3535 5144 cum
3577 5089 3650 5143 ita

2051 5180 2226 5256 [sese]
2269 5183 2532 5247 habeant,
2590 5192 2797 5253 quazret
2832 5179 3117 5254 [fortasse]
3148 5181 3372 5252 aliquis,
3410 5197 3537 5237 cum
3585 5182 3655 5239 10

2046 5291 2173 5348 cap.
2202 5276 2493 5347 praesentis
2540 5284 2809 5332 tractatus
2858 5275 2925 5330 dc
2962 5285 3279 5345 praegnante
3319 5274 3650 5347 baptizanda

2044 5368 2265 5436 doceat,
2317 5384 2427 5440 qua
2486 5368 2555 5423 dc
2608 5383 2775 5423 causa
2822 5367 3140 5439 patriarcha
3191 5368 3469 5422 dictorum
3518 5384 3643 5437 cap.

2046 5471 2310 5534 tanquam
2364 5462 2417 5518 iu
2485 5462 2727 5534 speciem
2789 5461 3073 5517 contraria
3137 5474 3263 5517 esse
3333 5460 3645 5526 videantur,

2044 5557 2385 5613 mentionem
2428 5554 2673 5610 fecerit?
2710 5554 2951 5609 Dubium
3006 5549 3349 5625 [aliquando]
3402 5551 3524 5617 fuit,
3568 5567 3639 5606 an

2040 5659 2419 5721 prmgnantem
2470 5646 2740 5718 baptizari
2795 5655 3097 5717 oporteret.
3137 5641 3436 5717 [Fuerunt]
3484 5643 3633 5697 enim

2039 5743 2134 5816 qui
2155 5742 2425 5810 diecrent,
2451 5742 2717 5812 quoniam
2764 5739 2931 5796 fwtus
2961 5737 3065 5811 [in]
3105 5735 3372 5793 maternis
3403 5735 3638 5793 visceri-

2039 5837 2146 5897 bus
2201 5835 2589 5901 absconditus,
2636 5834 2827 5900 matri,
2888 5843 3153 5902 tanquam
3215 5829 3445 5884 omnino
3515 5843 3644 5897 pars

2040 5930 2234 6003 ipsius,
2267 5927 2531 5986 counitus
2562 5939 2644 5984 est
2670 5944 2683 5981 :
2712 5942 2839 5999 _nou
2888 5940 3051 5997 posse
3089 5921 3295 5995 [ipsum
3350 5918 3486 5993 una]
3515 5936 3641 5977 cum
