4146 6454
530 418 670 484 1059

1706 404 1968 469 ΡΗΟΤΙΙ
2004 401 2517 467 ΡΑΤΒΙΑΠΟΙΙᾸΞ
2553 400 2665 463 CP.

3716 389 3860 454 1060

537 540 628 596 illa
666 534 1001 603 illuminari,
1059 532 1186 591 ideo
1220 528 1369 605 quod
1410 526 1657 607 nonduin
1705 526 1760 581 in
1791 526 1971 581 lucem
2006 539 2136 596 pro-

2256 524 2412 595 ιὲρος
2452 520 2649 592 αὐτῆς,
2696 519 2795 573 καὶ
2830 515 2893 572 οὔ
2941 514 3170 571 δύναται
3222 513 3324 569 σὺν
3363 514 3429 584 τῇ
3481 511 3655 583 μητρὶ
3685 529 3861 581 φωτιο

538 632 723 697 dierit,
760 645 940 700 neque
968 627 1037 684 ad
1063 623 1478 683 assentiendum
1536 625 1900 677 sacrosancto
1952 617 2135 688 bapti-

540 724 709 779 smati
734 724 1073 778 voluntatem
1103 719 1462 774 habeatmec
1497 710 1724 789 [ipsam]
1763 718 2139 783 praegnantem

538 817 739 872 debere
796 813 1088 883 baptizari,
1129 811 1227 869 sed
1255 816 1577 879 exspectare
1642 799 1947 877 [oportere]
1996 801 2141 855 fetus

541 909 595 965 in
631 909 815 964 lucem
850 907 1172 969 editionem,
1210 912 1270 957 ut
1316 916 1388 955 ne
1431 897 1580 954 aliud
1624 896 1800 968 ipsius
1829 895 2142 950 membrum

540 1003 875 1074 baptizetnr,
940 999 1089 1054 aliud
1153 1012 1265 1051 non
1309 994 1684 1050 illuminatum
1758 997 2001 1046 maneat.
2052 985 2139 1053 Et,

542 1095 691 1166 quod
751 1094 796 1147 si
838 1092 985 1148 fetus
1055 1089 1214 1162 (una]
1262 1104 1391 1145 cum
1447 1090 1761 1158 praagnante
1809 1080 2141 1151 baptizatus,

538 1198 839 1258 postquam
872 1184 927 1239 in
961 1184 1145 1239 lucem
1177 1178 1467 1253 prodierit,
1517 1176 1850 1248 baptizetur,
1890 1170 2145 1227 invenia-

538 1290 631 1336 tur
679 1280 763 1335 his
795 1276 964 1352 [esse]
999 1276 1332 1347 baptizatus,
1389 1271 1537 1344 quod
1590 1267 1723 1343 [est]
1762 1267 2031 1323 insolens.
2064 1265 2143 1319 Ac

538 1369 747 1425 idcirco
776 1350 1231 1422 Neocaesariense
1278 1359 1581 1418 concilium
1619 1364 1673 1411 in
1706 1358 1753 1424 θ⁵
1781 1368 1996 1409 canone
2025 1350 2141 1407 sol-

535 1464 615 1517 vit
645 1460 1087 1531 ambiguitatem,
1120 1458 1195 1511 ita
1222 1456 1290 1511 de
1314 1462 1633 1526 praegnante
1682 1446 2058 1509 constituens,
2083 1451 2143 1497 ut

538 1553 765 1627 quando
814 1552 965 1616 velit,
1021 1547 1226 1623 [illam]
1288 1544 1591 1602 illuminari
1637 1547 1908 1612 oporteat.
1955 1538 2143 1608 Neque

536 1646 684 1701 enim
728 1644 921 1699 hacin
958 1660 1018 1698 re
1067 1653 1359 1714 praegnans
1406 1652 1535 1693 cum
1583 1645 1743 1706 partu
1789 1630 2141 1688 communio—

537 1755 666 1794 nem
714 1738 899 1802 hahet,
944 1752 1010 1791 eo
1051 1736 1201 1806 quod
1250 1729 1477 1803 propria
1526 1728 1815 1798 utriusque
1846 1724 1914 1779 ad
1945 1737 2142 1779 asseu-

539 1831 788 1887 tieudum
838 1823 1217 1904 [baptismati]
1291 1824 1547 1879 voluntas
1601 1819 1943 1875 ostendatur.
1997 1814 2140 1870 Cum

2252 615 2446 685 σθῆναι
2474 613 2564 668 διὰ
2597 610 2661 667 rb
2698 611 2903 683 μηκέτι
2934 610 3015 672 είς
3046 608 3162 678 φῶς
3195 605 3393 669 ἐλθεῖν,
3430 604 3567 675 μηδὲ
3593 604 3859 674 προαίρε-

2250 724 2336 761 σιν
2376 706 2523 777 ἔχειν
2550 706 2651 777 τῆς
2676 701 2971 776 ὁμολογίας
2993 699 3089 754 τοῦ
3119 697 3265 753 θείου
3304 696 3707 767 βαπτίσματος,
3730 694 3855 749 οὐδὲ

2249 800 2285 871 ἡ
2322 795 2737 869 ὲγκυομονοῦσα
2776 793 2983 864 ὀφείλει
3030 787 3412 863 βαπτίζεσθαι,
3446 785 3586 841 ἀλλὰ
3621 788 3856 858 περιμέ-

2246 910 2361 947 νειν
2394 890 2493 964 τὴν
2538 892 2618 955 εἰς
2660 889 2723 943 τὸ
2771 889 2889 959 φῶς
2925 885 3021 941 τοῦ
3066 881 3509 956 κυοφορουμένου
3556 880 3853 945 ὲξέλευσιν,

2245 987 2332 1041 ἴνα
2359 985 2435 1057 μὴ
2459 985 2523 1039 rb
2548 984 2648 1056 μὲν
2670 984 2734 1038 ἐκ
2769 981 2952 1054 μερῶν
2983 980 3154 1050 αὐτῆς
3185 976 3483 1050 βαπτισθῇ,
3513 974 3577 1029 rb
3600 974 3659 1027 δὲ
3692 974 3853 1044 μείνῃ

2244 1078 2576 1149 ἀφώτιστον,
2606 1077 2702 1130 καὶ
2728 1077 2812 1128 ὅτι
2849 1074 2917 1127 ἂν
2957 1073 3056 1126 σὺν
3083 1075 3152 1142 τῇ
3190 1067 3609 1139 ὲγκυομονούσῃ
3637 1064 3698 1120 rb
3723 1083 3857 1120 κυο-

2246 1172 2590 1245 φοῳιὶμενον
2625 1167 2901 1241 βαπτισθῇ
2944 1166 3084 1237 μετὰ
3115 1164 3177 1218 rb
3200 1166 3281 1227 είς
3306 1163 3422 1233 φῶς
3458 1160 3718 1225 ἐξελθεῖν,
3758 1160 3857 1212 ἐὰν

2247 1264 2602 1339 βαπτιτθείη,
2640 1261 2893 1335 εὑρεθείη
2918 1259 2974 1313 δὲ
3005 1257 3425 1330 βαπτιζόμενον
3458 1255 3597 1324 ὅπερ
3628 1254 3855 1319 ἄτοπον,

2246 1360 2341 1415 καὶ
2374 1362 2409 1431 ἡ
2436 1360 2492 1412 ὲν
2525 1354 2941 1427 Νεωιαιιιιιρείιτ⁸
2971 1351 3188 1415 σύνοδος
3220 1350 3378 1403 ἔλυσε
3410 1349 3468 1401 ὲν
3501 1345 3555 1412 ς’
3586 1345 3771 1398 κανόνι
3796 1344 3862 1397 rb

2242 1451 2570 1524 ἁμφίΰολον,
2600 1448 2746 1504 οὕτω
2777 1446 3135 1519 διορισαμένη
3160 1442 3291 1515 περὶ
3324 1438 3724 1513 κυοφορούσης,
3772 1438 3859 1491 ὅτι

2241 1547 2325 1602 δεῖ
2360 1543 2694 1616 φωτίζεσθαι
2740 1542 2905 1596 ὁπότε
2935 1538 3215 1610 βούλεται,
3249 1536 3402 1590 οὐδὲν
3435 1534 3546 1606 γὰρ
3583 1534 3640 1585 ὲν
3678 1531 3858 1599 τούτῳ

2247 1638 2504 1694 κοινωνεῖ
2536 1638 2571 1708 ἡ
2616 1635 2885 1688 τίκτουσα
2922 1631 3004 1704 τῷ
3050 1629 3363 1701 τικτομὲνῳ
3404 1627 3494 1681 διὰ
3532 1625 3593 1680 τὸ
3624 1624 3859 1677 ἑκάστου

2251 1731 2389 1786 ίδίαν
2441 1730 2544 1801 τὴν
2583 1727 2911 1800 προαίρεσιν
2957 1725 3059 1797 τὴν
3102 1724 3197 1777 ἐπὶ
3224 1725 3292 1794 τῇ
3332 1719 3598 1792 ὁμολογίᾳ
3639 1718 3854 1771 δείκνυ-

2249 1822 2397 1876 σθαι.
2433 1817 2543 1873 Τοῦ
2574 1817 2709 1887 γοῦν
2760 1816 2909 1870 θείου
2948 1815 3142 1869 τούτου
3188 1813 3415 1875 κανόνος
3465 1810 3717 1879 λέγοντος
3777 1808 3855 1878 μὴ

540 1920 709 1993 igitur
743 1893 900 1975 sacer
921 1893 1010 1973 hic
1029 1893 1216 1972 canori
1233 1912 1401 1975 dicat,
1428 1920 1647 1982 partum
1668 1922 1795 1963 cum
1824 1912 2144 1977 praegnante

2256 1912 2625 1967 ἐπικοινωνεῖν
2648 1910 2717 1981 τῇ
2762 1907 3025 1981 τικτούσῃ
3065 1907 3126 1961 rb
3156 1906 3498 1978 τικτόμενον,
3531 1907 3559 1958 ὁ
3586 1905 3646 1956 rb
3678 1902 3858 1975 παρὸν

545 2010 1104 2069 communicationem
1158 2022 1269 2062 non
1329 2005 1578 2065 habere,
1629 1999 1967 2072 patriarcha,
2047 1996 2145 2066 qui

545 2121 796 2180 praesens
854 2119 996 2174 Opus
1056 2100 1394 2172 composuit,
1450 2106 1790 2152 memoratas
1830 2094 1944 2165 jam
1990 2093 2143 2163 leges

545 2201 687 2257 alias
726 2205 927 2270 praeter
970 2197 1077 2251 vim
1109 2194 1343 2250 canonis
1399 2200 1615 2262 partum
1661 2188 1972 2259 portionem
2006 2202 2145 2257 prae-

546 2299 766 2367 gnantis
800 2305 948 2356 esse,
979 2289 1120 2344 alias
1148 2302 1257 2341 non
1298 2301 1445 2350 esse,
1479 2285 1663 2339 dicere
1706 2280 2017 2345 inveniens,
2047 2296 2147 2349 po-

546 2386 661 2440 suit
694 2383 746 2437 in
777 2389 929 2436 textu
966 2380 1021 2435 in
1056 2377 1297 2450 speciem
1342 2375 1647 2439 contraria,
1698 2372 2035 2427 solutionem
2066 2370 2149 2440 (ut

547 2477 827 2547 conjicere
854 2474 961 2546 est)
1000 2472 1055 2527 in
1110 2481 1354 2526 nostram
1406 2468 1738 2537 imperitiam
1774 2464 2145 2535 suspendens.

546 2569 800 2626 Dicimus
827 2571 1014 2639 itaque
1049 2567 1195 2619 dicta
1227 2564 1353 2634 jura
1395 2564 1499 2618 sibi
1538 2562 1773 2616 invicem
1815 2578 1920 2613 non
1955 2558 2151 2613 adver-

547 2670 684 2720 sari.
720 2662 859 2718 Nam
898 2670 1113 2732 partus,
1155 2660 1479 2731 priusquam
1530 2657 1752 2723 edatur,
1782 2652 1974 2707 matris
2007 2666 2153 2705 sem-

549 2770 645 2825 per
682 2753 863 2824 portio
892 2760 997 2815 est,
1035 2759 1094 2803 ut
1143 2750 1239 2801 lib.
1295 2760 1425 2799 xm
1472 2758 1597 2813 cap.
1640 2746 1825 2811 Atque
1855 2747 2153 2808 capropter

551 2859 661 2900 non
689 2852 870 2913 potest
910 2850 1064 2912 pater
1096 2840 1250 2895 illum
1298 2839 1601 2907 deposcere
1648 2844 1707 2888 ut
1768 2847 1953 2886 suum.
1984 2829 2151 2900 Atqui

546 2948 913 3010 posteaquam
947 2934 1129 2989 editus
1160 2939 1265 2998 est,
1298 2927 1491 3002 [recte]
1535 2928 1714 2998 ipsum
1750 2925 2023 2995 deposcit,
2059 2932 2151 2977 ut-

548 3041 675 3100 pote
721 3030 815 3099 qui
868 3044 976 3081 non
1029 3022 1317 3098 [amplius]
1360 3025 1552 3076 matris
1600 3022 1779 3091 portio
1811 3019 1904 3073 sit.
1960 3017 2025 3071 Et
2056 3015 2153 3086 qui

553 3124 698 3178 bona
759 3117 867 3175 title
907 3128 1128 3190 partum
1177 3114 1392 3169 ancilla:
1434 3112 1649 3165 furtivae
1682 3109 1950 3180 possidet,
1993 3106 2150 3161 illum

552 3222 835 3285 usucapti,
873 3213 955 3267 uti
1008 3212 1102 3281 qui
1153 3206 1397 3263 furtivus
1445 3220 1556 3260 non
1602 3205 1696 3259 sit.
1737 3202 1936 3256 Verum
1968 3215 2147 3256 canon

552 3324 662 3364 non
688 3316 980 3378 propterea
1008 3301 1157 3374 quod
1205 3300 1356 3356 fetus
1403 3314 1511 3353 non
1538 3297 1608 3351 sit
1636 3310 1765 3367 pars
1797 3292 2149 3364 prmgnantis,

552 3399 810 3472 permisit
837 3394 1304 3453 illuminationem
1338 3392 1506 3462 hujus
1550 3390 1658 3462 (est
1688 3388 1835 3443 enim
1874 3384 2150 3460 [omnino]

555 3493 732 3559 ipsius
760 3505 894 3562 pars
917 3499 1048 3546 ante
1082 3496 1352 3559 partum),
1385 3485 1480 3540 sed
1516 3484 1646 3554 quia
1688 3494 1979 3552 praegnans
2023 3493 2149 3533 Ctllll

544 3588 661 3641 fetu
711 3583 1171 3642 communionem
1214 3593 1326 3635 non
1364 3578 1544 3642 habet,
1588 3575 1703 3630 sive
1731 3590 1841 3627 non
1870 3573 2155 3629 existima-

551 3688 644 3735 tur
675 3692 785 3733 non
822 3676 1157 3740 illuminata,
1210 3688 1277 3728 eo
1320 3670 1470 3743 quod
1531 3670 1673 3723 l'etus
1724 3666 1981 3737 baptismi
2025 3682 2156 3736 pro-

550 3768 854 3825 fessionem
901 3765 1203 3835 ;suscipere
1271 3767 1530 3831 nequeat.
1598 3756 1872 3813 Caeterum
1931 3756 2155 3826 quando

556 3859 769 3915 ancillae
802 3856 1024 3912 furtiva:
1056 3864 1249 3924 partus
1275 3849 1653 3919 usucapiatur,
1689 3856 1746 3900 et
1778 3845 1999 3914 quando
2019 3858 2152 3908 non,

553 3952 790 4009 diversa:
824 3957 1068 4005 tractant
1096 3948 1264 4018 leges.
1304 3946 1533 4011 Quaeras
1562 3950 1767 4005 autem,
1804 3955 1928 4008 qua:
1951 3938 2157 4007 scripta

548 4054 683 4103 sunt
734 4059 805 4100 ex
840 4041 912 4098 26
957 4056 1081 4113 cap.
1118 4042 1203 4097 tit.
1238 4038 1299 4106 2,
1336 4037 1432 4093 lib.
1472 4052 1513 4092 ιι
1562 4034 1734 4091 Basil.
1782 4034 2038 4105 superius
2066 4035 2156 4089 in-

550 4147 724 4196 serto.
1196 4166 1201 4169 »
1221 4166 1228 4176 .
1248 4188 1251 4189 ν

628 4228 783 4285 CAP.
846 4229 1036 4286 XL—
1072 4224 1229 4297 Quod
1280 4229 1827 4296 postsacrosanctum
1886 4218 2158 4288 baptisma

560 4324 689 4394 ungi
715 4322 1025 4381 debeamus.
1406 4354 1447 4383 sa.
1491 4366 1500 4369 -
1539 4348 1547 4361 ν

636 4372 1202 4477 Concilii—Laodiceam
1235 4372 1545 4472 canonW‘L8.

584 4546 585 4549 η
647 4515 806 4573 CAP.
839 4512 961 4569 Xll.
995 4543 1067 4553 —
1096 4511 1175 4567 De
1201 4510 1535 4582 confectione
1562 4521 1735 4561 sacra:
1768 4504 2060 4560 unctionis.

630 4699 866 4757 Concilii
886 4697 1349 4771 Carthaginensis
1380 4711 1562 4752 canon
1597 4694 1655 4749 6.

636 4795 795 4851 CAP.
836 4793 981 4849 Xlll.
1027 4822 1101 4834 —
1131 4790 1209 4846 De
1230 4793 1297 4845 iis
1320 4791 1413 4863 qui
1457 4790 1561 4855 bis,
1591 4798 1687 4843 aut
1728 4787 1832 4842 non
1871 4785 1972 4841 rite
1994 4784 2168 4856 bapti-

563 4899 781 4957 zantur,
812 4897 862 4944 et
893 4888 983 4959 qui
1018 4887 1259 4957 inﬁrmos
1292 4901 1398 4939 non
1432 4882 1732 4955 baptizant.

634 5078 1028 5149 Apostolorum
1055 5088 1234 5130 canon
1263 5073 1355 5140 47,
1383 5072 1475 5140 49,
1500 5071 1593 5127 50.

638 5174 861 5229 Toxlus.
903 5169 981 5226 De
1022 5170 1088 5226 iis
1122 5168 1217 5239 qui
1262 5168 1609 5237 rebaptizaut
1652 5171 1708 5219 et
1731 5162 2163 5233 rebaptizantur,

560 5280 697 5337 etc.,
744 5281 906 5338 usque
936 5268 1003 5319 ad
1035 5263 1215 5318 locum
1260 5260 1484 5329 habere,
1512 5269 1570 5314 ut
1598 5275 1721 5329 pag.
1750 5257 1877 5311 622.

657 5456 954 5514 Schotium.
1000 5451 1197 5509 Const.
1241 5450 1264 5505 l
1311 5459 1367 5507 et
1409 5449 1446 5504 2
1485 5450 1569 5505 tit.
1617 5448 1650 5503 6
1696 5448 1793 5502 lib.
1848 5462 1861 5501 l
1908 5443 2046 5501 Cod.
2111 5444 2166 5497 in

562 5553 733 5610 Basil.
785 5565 894 5606 non
935 5549 1085 5620 [sunt
1138 5547 1352 5618 posiae.
1398 5544 1517 5615 Dig.
1578 5543 1646 5599 14
1696 5543 1779 5597 tit.
1822 5540 1856 5596 5
1893 5541 1985 5595 lib.
2037 5554 2168 5593 xxxx

563 5647 772 5719 Digest.
818 5653 901 5699 est
930 5658 1053 5714 cap.
1100 5640 1171 5696 M
1219 5640 1305 5695 tit.
1346 5637 1411 5692 16
1451 5637 1552 5692 lib.
1599 5650 1744 5690 xxxv
1794 5633 1988 5697 Basi|.,
2017 5630 2168 5701 quod

562 5739 644 5795 sic
698 5737 899 5793 habet:
937 5733 998 5790 Si
1057 5733 1314 5803 impubes
1360 5727 1639 5802 pubertati
1690 5726 2163 5797 apprOpinqu.nis,

562 5847 732 5903 prope
756 5830 1043 5886 dominum
1076 5824 1390 5892 dorinicrit,
1425 5838 1551 5881 cum
1582 5821 1952 5884 occideretur,
1986 5831 2166 5887 neque

556 5940 677 5981 eam
712 5939 826 5982 rem
856 5922 1149 5995 evulgarit,
1183 5920 1442 5994 punitur.
1478 5917 1578 5975 llis
1606 5916 1752 5975 enim
1776 5912 2163 5984 impubcribus

2251 2004 2546 2075 σύνταγμα
2610 2001 2941 2073 συνθέμενος
3001 2000 3353 2073 πατριάρχης
3408 1998 3679 2069 εὑρίσκων
3732 1998 3863 2059 τοὺς

2247 2097 2645 2169 διαληφθέντας
2685 2095 2905 2165 νόμους,
2940 2093 3071 2147 ποτὲ
3101 2093 3200 2163 μὲν
3242 2092 3503 2160 λέγοντας
3531 2089 3691 2162 μέρος
3715 2083 3860 2141 εἶναι

2248 2194 2349 2263 τῆς
2381 2190 2583 2261 ἐγκύου
2619 2189 2680 2243 τὸ
2719 2187 3165 2259 κυοφορούμενον
3193 2185 3349 2257 παρὰ
3374 2183 3474 2255 τὴν
3496 2184 3726 2252 δύναμιν
3758 2181 3857 2233 τοῦ

2252 2285 2499 2348 κανόνος,
2530 2282 2661 2335 ποτὲ
2687 2280 2745 2334 δὲ
2776 2280 2853 2352 μὴ
2887 2278 3051 2347 εἶναι,
3093 2277 3347 2333 τέθεικεν
3394 2277 3453 2329 ἐν
3504 2274 3582 2346 τῷ
3624 2273 3749 2345 ὕφει
3790 2274 3862 2326 τὰ

2254 2375 2639 2447 ὲναντιοφανῆ,
2674 2375 2774 2445 τὴν
2809 2372 2965 2426 λύσιν
2992 2372 3065 2435 ὡς
3109 2371 3287 2424 ἔοικεν
3318 2371 3401 2433 είς
3448 2368 3545 2439 τὴν
3579 2368 3861 2439 ἡμετέραν

2252 2470 2569 2541 ἀναρτήσας
2597 2467 2891 2538 ἁμάθειαν.
2916 2466 3098 2536 Φαμεν
3115 2462 3296 2517 τοίνυν
3327 2461 3404 2523 ὼς
3427 2460 3528 2513 οὐκ
3558 2459 3867 2513 ἐναντιοῦν-

2256 2582 2348 2620 ται
2382 2560 2638 2632 ἁλλήλοις
2666 2558 2735 2613 τὰ
2770 2558 3008 2630 ρηθέντα
3047 2555 3279 2626 νόμιμα.
3309 2554 3383 2607 'l'b
3411 2554 3521 2624 γὰρ
3556 2550 3862 2620 κυοφορού-

2260 2673 2421 2729 μενον
2449 2656 2535 2710 ἀεὶ
2578 2653 2686 2724 πρὸ
2713 2651 2810 2705 τοῦ
2842 2649 3108 2721 τεχθῆναι
3139 2646 3308 2718 μέρος
3337 2647 3455 2699 ἐστί
3493 2645 3593 2715 τῆς
3630 2644 3862 2715 μητρὸς,

2255 2749 2325 2809 ὼ,
2362 2748 2457 2801 καὶ
2486 2746 2549 2799 rb
2576 2745 2673 2798 τοῦ
2713 2742 2795 2797 λα’
2827 2741 3035 2813 βιϐλίου
3073 2758 3200 2809 κεφ.
3260 2738 3421 2810 φησὶ,
3453 2738 3547 2791 καὶ
3576 2737 3667 2791 διὰ
3700 2736 3867 2789 τοῦτο

2256 2844 2318 2896 οὐ
2360 2840 2583 2894 δύναται
2609 2837 2792 2908 πατὴρ
2823 2835 3218 2889 ἀνακαλεῖσθαι
3237 2834 3399 2895 αὐτὸς
3415 2831 3491 2894 ὡς
3516 2829 3863 2894 ὑπεξούσιον.

2259 2933 2415 2987 Μετὰ
2434 2932 2619 3003 μέντοι
2648 2929 2712 2983 τὸ
2732 2927 3064 2999 γεννηθῆναι
3088 2924 3447 2980 ἀνακαλεῖται
3475 2921 3654 2987 τοῦτο,
3684 2921 3761 2984 ὡς
3787 2922 3864 2990 μῆ

2258 3025 2318 3079 ὃν
2351 3026 2517 3095 μέρος
2544 3025 2643 3094 τῆς
2686 3021 2916 3094 μητρός.
2956 3019 3108 3073 Καὶό
3143 3016 3284 3089 καλῇ
3314 3017 3371 3071 δὲ
3400 3017 3581 3069 πίστει
3606 3014 3867 3085 νεμηθεὶς

2260 3118 2321 3173 rb
2348 3118 2541 3189 τεχθὲν
2565 3117 2674 3171 ἀπὸ
2707 3113 3040 3185 κλοπιμαίας
3072 3110 3267 3183 δούλης
3304 3108 3558 3172 δεσπόζει
3582 3106 3751 3161 αὑτοῦ
3786 3107 3865 3167 ὡς

2262 3212 2337 3285 μὴ
2367 3211 2520 3275 ὄντος
2550 3204 2907 3279 κλοπιμαίου.
2941 3206 3016 3258 To
3049 3204 3234 3276 μέντοι
3259 3219 3385 3272 κεφ.
3432 3198 3487 3266 ι’,
3507 3200 3629 3270 οὐχὶ
3668 3198 3760 3252 διὸ,
3804 3198 3867 3249 rb

2262 3306 2339 3378 μὴ
2368 3300 2507 3357 εἶναι
2538 3302 2707 3375 μέρος
2742 3301 2843 3371 τῆς
2874 3297 3253 3369 κυοφορούσης
3308 3295 3370 3349 rb
3400 3292 3865 3363 κυοφορούμενον,

2259 3396 2533 3469 ἐπέτρεψε
2565 3397 2627 3449 rb
2665 3394 2951 3466 βάπτισμα
2977 3390 3203 3460 ταύτης,
3235 3389 3402 3461 μέρος
3439 3387 3550 3459 γάρ
3578 3386 3728 3439 ἐστιν
3761 3384 3865 3436 αὑ-

2258 3491 2361 3561 τῆς
2397 3488 2505 3561 πρδ
2532 3485 2629 3541 τοῦ
2672 3483 2956 3555 τεχθῆναι,
2987 3480 3126 3536 ἀλλὰ
3158 3480 3246 3534 διὰ
3282 3480 3345 3533 rb
3377 3478 3454 3551 μὴ
3484 3478 3865 3531 ἐπικοινωνεῖν

2261 3584 2364 3653 τὴν
2406 3581 2700 3635 τίκτουσαν
2727 3576 2805 3647 τῷ
2830 3573 3161 3644 τικτομένῳ,
3194 3572 3364 3643 ῆγουν
3400 3570 3475 3641 μὴ
3528 3566 3865 3635 λογίζεσθαι,

2264 3676 2363 3731 καὶ
2392 3673 2600 3744 ταύτην
2629 3668 2939 3739 ἀφώτιστον
2963 3667 3029 3719 ὲκ
3056 3664 3151 3718 τοῦ
3177 3664 3253 3735 μὴ
3281 3661 3545 3716 δύνασθαι
3574 3659 3635 3711 τὸ
3664 3673 3870 3725 κυοφοο

2269 3767 2533 3841 ρούμενον
2576 3760 2957 3835 βαπτίσματος
2993 3756 3286 3829 ὁμολογίαν
3320 3751 3699 3824 ἀναδέχεσθαι,
3736 3747 3872 3803 ποτε

2264 3862 2324 3917 δὲ
2359 3863 2387 3916 ό
2426 3857 2650 3922 τοκετὸς
2697 3858 2797 3927 τῆς
2827 3854 3097 3923 κλοπίμου
3139 3850 3335 3922 δούλης
3382 3846 3726 3912 δεσπόζεται,
3772 3846 3871 3895 καὶ

2268 3954 2402 4009 πο.ὲ
2434 3951 2522 4017 οὓ,
2575 3949 2712 4022 φασὶ
2755 3947 2913 4019 νόμοι
2964 3944 3233 4016 διάφοροι.
3272 3942 3382 3995 Καὶ
3421 3939 3576 4011 ζήτει
3623 3939 3694 3991 τὰ.
3733 3953 3875 4005 γραο

2268 4047 2440 4119 φέντα
2476 4042 2681 4109 ἔξωθεν
2734 4039 2830 4093 τοῦ
2859 4036 3070 4093 ἄνωθεν
3105 4033 3585 4105 καταστρωθέντος
3615 4027 3708 4095 κς⁹
3739 4045 3871 4097 κεερ.

2264 4141 2361 4198 τοῦ
2398 4138 2441 4212 β’
2468 4136 2577 4192 τίτ.
2600 4133 2694 4190 τοῦ
2722 4131 2765 4205 β’
2797 4130 3004 4204 βιϐλίου
3035 4128 3144 4184 τῶν
3184 4124 3513 4181 Βασιλικῶν.

2338 4232 2595 4289 ΚΕΦΑΛ.
2650 4227 2754 4283 lA’.
2785 4223 3025 4292 -Περί
3082 4220 3190 4277 τοῦ
3261 4220 3533 4291 ὀφείλειν
3593 4218 3748 4287 μετὰ
3804 4215 3874 4269 τὸ

2268 4328 2441 4399 ἅγιον
2463 4323 2789 4392 ,βάπτισμα
2819 4319 3117 4390 χρίεσθαι.

2340 4419 2570 4476 Συνὸδου
2605 4413 2929 4477 Λαοδικείας
2962 4409 3147 4466 κανὼν
3188 4404 3301 4480 μη’.

2344 4512 2599 4569 ΚΕΦΑΛ.
2642 4506 2743 4565 1Βὀ
2769 4505 3003 4576 -Περὶ
3048 4501 3355 4571 ποιήσεως
3394 4498 3502 4557 τοῦ
3532 4497 3709 4568 ἁγίου
3742 4496 3877 4566 χρί-

2185 4632 2240 4694 D
2265 4622 2490 4678 σματος
2506 4646 2520 4660 .

2337 4698 2570 4752 Συνόδου
2599 4690 3003 4765 Καρθαγὲννης
3039 4684 3221 4743 κανὼν
3252 4683 3329 4752 ς’.

2338 4790 2598 4847 ΚΕΦΛΛ.
2656 4784 2758 4843 ll".
2794 4814 2867 4827 --
2896 4782 3038 4852 Περὶ
3081 4779 3202 4836 τῶν
3253 4778 3370 4847 δίς,
3414 4776 3453 4847 ἢ
3488 4775 3576 4848 μὴ
3610 4775 3877 4841 δεόντως

2260 4882 2739 4954 βαπτιζομένων,
2786 4876 2887 4933 καί
2914 4875 3037 4931 τῶν
3067 4874 3209 4943 τοὺς
3236 4870 3516 4939 ἀσθενεῖς
3538 4869 3624 4941 μὴ
3651 4870 3879 4934 ,ϐαπτι-

2269 4979 2511 5043 ζώντων.

2360 5067 2701 5126 Ἀποστόλων
2728 5062 2909 5121 κανὼν
2941 5061 3048 5134 μζ’,
3083 5056 3193 5133 μθ’,
3217 5065 3281 5113 ν’.

2341 5164 2655 5233 Κείμενον.
2719 5157 2857 5230 Περὶ
2912 5155 3021 5209 τῶν
3067 5148 3573 5216 ἁναὸαπτιξόντων,
3621 5147 3719 5201 καὶ
3748 5148 3879 5201 ανα-

2269 5253 2715 5325 δαπτιςομένων,
2739 5268 2797 5306 κ.
2828 5267 2882 5304 r.
2927 5248 2981 5302 λ.
3022 5261 3199 5318 usque
3228 5244 3295 5300 ad
3328 5241 3636 5315 μεταμέλοι)
3666 5241 3724 5294 δὲ
3762 5239 3877 5311 χώς

2271 5368 2373 5424 ραν
2404 5347 2647 5420 ἔχουσιν.

2340 5443 2626 5512 Σχόλιον.
2674 5436 2738 5491 Ἢ
2774 5440 2824 5490 α’
2855 5434 2950 5488 καὶ
3006 5432 3051 5504 β’
3089 5429 3231 5485 διάτ.
3285 5428 3381 5483 τοῦ
3435 5425 3487 5493 ς’
3532 5428 3638 5481 τίτ.
3677 5426 3773 5479 τοῦ
3825 5443 3878 5478 αν

2271 5537 2481 5610 βιόλίου
2507 5534 2602 5588 τοῦ
2636 5532 2886 5594 Κώδικος
2920 5528 3022 5582 οὐκ
3052 5526 3212 5595 ἐτέθη
3251 5525 3332 5588 εἰς
3367 5524 3436 5577 τὰ
3474 5521 3762 5575 Βασιλικά.
3799 5519 3877 5571 Τὸ

2274 5632 2335 5686 ιδ’
2366 5630 2508 5685 διάτ.
2536 5625 2633 5681 τοῦ
2682 5623 2722 5679 ε’
2752 5624 2860 5678 τίτ.
2915 5620 3011 5675 τοῦ
3052 5617 3135 5673 κθ⁹
3176 5617 3385 5688 βιϐλίου
3409 5616 3527 5683 ,τῶν
3561 5617 3714 5667 Διατ.
3755 5614 3876 5665 ἐστι

2269 5739 2396 5789 κεφ.
2443 5718 2501 5774 ιδ’
2565 5717 2659 5773 τοῦ
2711 5714 2785 5781 ις’
2840 5713 2947 5768 τίτ.
3006 5710 3097 5765 τοῦ
3145 5707 3217 5762 λε’
3281 5706 3487 5779 βιϐλίου
3522 5704 3631 5759 τῶν
3706 5704 3875 5755 Βασι-

2269 5812 2463 5877 λικῶν,
2496 5810 2670 5873 οὕτως
2709 5810 2834 5879 ἕχον
2894 5805 3021 5858 Ἐὰν
3064 5798 3385 5872 πλησιάζων
3426 5800 3493 5870 τῇ
3529 5797 3641 5870 ἤδη
3674 5794 3878 5865 ἄνηϐος

2271 5903 2706 5981 παρακαθεύδων
2723 5901 2800 5976 τῷ
2818 5896 3166 5973 ἀναιρεθέντι
3186 5894 3422 5966 δεσπότῃ
3445 5891 3519 5953 μὴ
3536 5888 3870 5961 δημοσιεύςῃ
