4146 6486
326 350 462 419 1061

1238 348 1728 412 NOMOCANON.
1771 372 1839 385 -
1865 348 2016 410 ΤΙΤ.
2063 344 2163 422 1V,
2191 346 2352 409 CAP.
2379 346 2665 409 ΧΙ-ΧΙΙΙ.

3491 349 3633 414 1062

319 471 381 525 τὸ
406 469 657 540 γεγονὸς,
679 470 1028 542 τιμωρεῖται·
1060 469 1176 531 τοῖς
1204 468 1316 540 γὰρ
1342 468 1450 523 ὑπὸ
1477 467 1576 539 τὴν
1596 467 1769 540 αὐτὴν
1799 465 1922 520 στέ-

2040 461 2113 535 [ε.
2145 480 2196 519 c.
2254 464 2550 537 duntaxat]
2602 463 2801 535 parcit,
2844 466 2936 536 qui
2969 464 3235 540 [talltum]
3285 465 3389 523 sub
3433 472 3628 526 eodem

318 580 425 635 γην
478 560 702 633 ἀνήϐοις
750 563 1049 634 συγχωρεῖ,
1110 561 1173 615 οὑ
1226 560 1327 631 μὲν
1367 562 1482 623 τοῖς
1523 560 1851 631 ὑπηρέταις,
1890 558 1924 630 ἢ

323 655 576 727 μετόχοις
617 656 666 708 εἰ
717 653 973 709 δύνανται
1015 656 1158 710 νοεῖν
1190 653 1251 706 τὸ
1281 653 1677 723 πραττόμενον.
1718 653 1780 706 Oi
1818 652 1927 722 γὰρ

318 748 552 803 τοιοῦτοι
594 747 717 802 οὐδὲ
760 748 845 815 ἐρ’
896 745 1091 818 ἐτέρας
1131 745 1315 809 αίτίας
1354 743 1701 816 βοηθοῦνται.
1754 743 1830 796 Τὸ
1888 729 1928 797 ε’

319 843 463 898 διάτ.
524 841 619 895 τοῦ
672 848 720 894 α’
763 841 946 894 τίτλου
978 839 1075 893 τοῦ
1128 836 1213 911 κη’
1267 836 1473 910 βιϐλίου
1512 838 1630 891 ἐστὶ
1661 835 1804 907 θέμα
1836 852 1927 888 τε-

321 937 574 991 λευταῖον
615 934 712 988 τοῦ
770 932 810 987 ε’
860 950 986 1003 κεφ.
1038 932 1135 986 τοῦ
1182 930 1228 985 α’
1277 932 1383 985 τίτ.
1444 928 1540 984 τοῦ
1598 928 1670 983 λε’
1721 928 1926 999 βιϐλίου

321 1026 469 1082 οὕτω
496 1024 713 1091 διεξιόν’
734 1022 795 1079 Ὀ
829 1024 1006 1096 ἄρρην
1036 1019 1335 1093 πληρώσας
1359 1018 1429 1074 τὰ
1466 1016 1526 1072 ιδ’
1558 1018 1655 1088 ἔτη
1690 1015 1928 1070 διατίθε-

322 1139 436 1186 ται,
462 1121 496 1191 ἡ
521 1119 577 1173 δὲ
611 1118 803 1189 θήλεια
830 1117 899 1170 τὰ
926 1113 1014 1187 ιβ’,
1043 1118 1072 1168 ὁ
1093 1115 1149 1168 δὲ
1166 1113 1450 1184 γεννηθεὶς
1479 1110 1778 1172 Καλὲνόαις
1818 1109 1926 1161 Ἰα-

326 1213 605 1286 νουαρίαις
645 1211 793 1264 δοκεῖ
834 1207 1077 1281 πληροῦν
1115 1209 1208 1262 τὸν
1255 1207 1502 1261 ἐνιαυτὸν
1555 1204 1663 1259 ἀπὸ
1694 1201 1749 1268 ς’
1779 1202 1928 1274 ὥρας

324 1308 425 1378 τῆς
467 1306 662 1369 νυκτὸς
698 1305 797 1376 τῆς
836 1304 944 1375 πρὸ
998 1303 1128 1374 μιᾶς
1157 1299 1447 1357 Καλενδῶν
1474 1298 1793 1370 Ὶανυαρίων
1829 1295 1926 1350 τοῦ

323 1398 453 1468 ἑξῆς
500 1396 675 1460 ἔτους.
732 1394 798 1449 Ἦ
830 1392 879 1464 γ’
909 1395 1050 1449 διάτ.
1098 1392 1195 1446 τοῦ
1226 1390 1268 1460 ξ’
1318 1393 1424 1446 τίτ.
1471 1389 1567 1443 τοῦ
1622 1388 1663 1442 ε’
1717 1388 1926 1460 βιϐλίου

319 1489 414 1542 τοῦ
451 1486 695 1551 Κώδικός
738 1486 856 1541 ἔστι
892 1503 1018 1555 κεφ,
1043 1484 1093 1555 γ’
1117 1485 1211 1538 τοῦ
1246 1482 1311 1539 ιθ¹
1339 1485 1447 1537 τίτ.
1467 1483 1580 1552 ,τοῦ
1610 1481 1691 1555 λη’
1716 1481 1924 1553 βιϐλίου

318 1579 430 1635 τῶν
456 1579 768 1633 Βασιλικῶν
800 1578 975 1643 οὓτως
1015 1578 1161 1650 ἕχον,
1207 1580 1249 1632 Τ
1252 1579 1280 1631 ὸ
1323 1578 1555 1631 παλαιὸν
1591 1579 1624 1647 ἡ
1674 1577 1774 1648 μὲν
1815 1575 1927 1630 τῶν

322 1673 560 1745 θηλειῶν
598 1674 709 1745 ἥϐη
747 1672 859 1727 ἀπὸ
902 1673 1081 1744 μόνων
1124 1673 1234 1726 τῶν
1270 1669 1336 1742 ιβ’
1358 1671 1626 1726 ἐνιαυτῶν
1654 1669 1923 1739 ἐκρίνετο,

320 1768 355 1836 ἡ
387 1766 445 1819 δὲ
483 1765 594 1820 τῶν
621 1766 870 1840 ἀρρένων
900 1769 965 1820 ἐκ
991 1765 1087 1820 τοῦ
1120 1765 1478 1838 πληρωθῆναι
1501 1764 1594 1819 τὸν
1627 1760 1687 1817 ιδ’
1738 1765 1924 1817 ἐνιαυ-

2036 565 2181 612 tecto
2213 557 2449 613 fuissent
2482 576 2495 611 :
2535 572 2644 613 non
2671 559 2840 613 etiam
2869 559 3139 613 ministris
3162 560 3245 612 vel
3274 559 3636 630 participibus

2037 646 2280 723 [raedis],
2313 650 2358 704 si
2396 650 2563 705 modo
2607 667 2722 705 rem
2774 651 3075 722 intelligere
3124 654 3428 721 potuerim.
3492 652 3630 709 Nam

2033 740 2239 795 talibus
2283 757 2463 811 neque
2495 740 2550 796 in
2582 742 2708 798 aliis
2737 743 2943 809 jcausis
2974 743 3320 799 subvenitur.
3356 742 3563 814 Digest.
3600 745 3635 800 5

2034 835 2118 887 tit.
2174 835 2199 888 1
2231 835 2329 889 lib.
2361 852 2527 890 xxvm
2561 847 2647 891 est
2682 836 2869 891 thema
2896 838 3014 905 ,un.
3057 853 3183 908 cap.
3223 838 3279 901 5,
3319 838 3402 892 tit.
3440 839 3491 904 l,
3526 838 3627 894 lib.

2032 942 2198 991 xxxv,
2255 928 2401 997 quod
2460 928 2541 983 sie
2576 941 2765 984 narrat
2803 929 3130 986 :Masculus
3189 931 3282 986 ubi
3335 932 3633 1003 complevit

2032 1021 2454 1090 quatu0rdecim
2493 1038 2690 1086 annos,
2754 1031 3144 1078 testamentum
3204 1023 3371 1079 facit:
3423 1024 3632 1080 fetnina

2034 1124 2183 1174 vero,
2217 1108 2305 1163 ubi
2343 1108 2658 1165 duodecim.
2695 1110 2799 1177 Qui
2835 1121 3000 1167 natus
3029 1122 3112 1168 est
3136 1110 3369 1169 Kalend.
3396 1112 3629 1169 Januar.

2031 1200 2249 1255 videtur
2265 1200 2543 1270 complere
2584 1217 2793 1255 annuat
2820 1204 2892 1257 ab
2929 1202 3062 1257 bora
3096 1212 3253 1258 sexta
3280 1206 3461 1259 noctis
3509 1205 3626 1275 pri-

2030 1296 2121 1352 die
2171 1295 2403 1351 Kalend.
2444 1294 2677 1351 Januar.
2723 1298 3116 1369 subsequentis
3151 1298 3304 1354 anni.
3352 1298 3543 1355 Const.
3575 1301 3634 1371 ιδ

2032 1388 2117 1443 tit.
2154 1388 2222 1443 60
2262 1388 2360 1443 lib.
2398 1404 2429 1443 v
2463 1387 2604 1445 Cod.
2649 1399 2734 1445 est
2775 1402 2896 1461 cap.
2958 1391 2993 1445 5
3053 1391 3137 1447 ιίι.
3182 1392 3250 1447 19
3286 1391 3383 1447 lib.
3419 1408 3631 1448 xxxvnt

2033 1480 2228 1550 Basil.,
2273 1484 2424 1554 quod
2468 1484 2551 1539 sic
2601 1484 2803 1539 habet:
2839 1483 2981 1540 Olim
3004 1484 3339 1541 feminarum
3369 1487 3634 1558 pubertas

2029 1578 2211 1634 solum
2236 1593 2305 1634 ex
2343 1578 2637 1634 duodecim
2666 1579 2827 1636 annis
2847 1580 3221 1651 jndieabatur.
3255 1581 3627 1638 Masculorum

2028 1686 2163 1727 vero
2213 1687 2282 1727 ex
2323 1672 2601 1743 completo
2651 1688 2802 1727 anno
2845 1673 3287 1745 decimoquarto,
3341 1685 3404 1731 ut
3439 1685 3627 1732 tamen

2030 1774 2389 1820 concurreret
2425 1766 2679 1835 corporis
2706 1766 2948 1834 habitus,
2970 1769 3433 1839 quemadmodum
3468 1772 3520 1826 in
3548 1771 3633 1826 ln-

321 1860 416 1916 τὸν
446 1862 587 1932 μετὰ
616 1861 712 1915 τοῦ
749 1861 1068 1933 συντρέχειν
1103 1860 1197 1913 καὶ
1224 1860 1326 1931 τὴν
1356 1859 1452 1913 τοῦ
1500 1857 1755 1929 σώματος
1787 1855 1922 1923 ἕξιν,

2035 1857 2157 1913 siit.
2223 1856 2490 1912 didicisti.
2536 1857 2726 1915 Const.
2786 1858 2971 1930 itaque
3017 1860 3194 1930 jubet,
3245 1872 3307 1917 ut
3367 1865 3532 1919 etiam
3574 1864 3628 1919 in

320 1954 398 2018 ὼς
434 1953 608 2023 ἔγνως
636 1957 729 2007 καὶ
754 1955 811 2007 ἐν
840 1955 959 2017 τοῖς
996 1952 1391 2015 Ἰντιστούτοις.
1442 1950 1508 2004 Ἠ
1542 1950 1685 2004 διάτ.
1712 1948 1806 2003 οὖν
1834 1964 1926 2002 κε-

321 2046 470 2100 λεύει
520 2048 618 2101 καὶ
661 2046 757 2100 ἐπὶ
794 2046 901 2099 τῶν
942 2045 1193 2116 ἀρρένων
1236 2043 1345 2098 ἀπὸ
1386 2043 1497 2097 τῶν
1541 2039 1601 2097 ιδ’
1659 2043 1926 2097 ἐνιαυτῶν

320 2140 610 2211 κρίνεσθαι
646 2141 722 2212 μὴ
758 2139 1167 2210 ἐπιζητούντων
1193 2138 1352 2211 ἡμῶν
1382 2138 1445 2191 τὸ
1475 2138 1664 2209 σχῆμα
1692 2136 1787 2191 τοῦ
1822 2136 1928 2190 σώ-

321 2248 517 2302 ματος,
557 2232 648 2287 διὰ
676 2232 946 2303 ἀπρεπές.
997 2231 1055 2286 Ὁ
1087 2230 1145 2285 δὲ
1202 2228 1288 2301 κβ¹
1339 2231 1447 2285 τίτ.
1507 2230 1609 2302 τῆς
1660 2228 1705 2285 α’
1764 2231 1929 2284 ίνστι-

317 2324 611 2389 τουτιῶνος
661 2325 765 2379 οὐκ
827 2324 990 2395 ἐτέθη
1034 2325 1115 2389 είς
1168 2325 1239 2379 τὰ
1286 2323 1576 2379 Βασιλικά.
1630 2324 1689 2377 Ὀ
1729 2328 1779 2376 α’
1816 2324 1926 2377 τίτ.

317 2418 413 2473 τοῦ
451 2416 525 2471 λδ¹
556 2417 769 2489 βιϐλίου
806 2417 917 2473 τῶν
951 2420 1105 2473 Διατ.
1139 2417 1300 2490 ἐτέθη
1336 2417 1417 2481 εἰς
1458 2415 1667 2489 βιϐλίον
1699 2413 1783 2488 μδ¹
1813 2420 1922 2471 τιτ.

320 2508 405 2567 ιδ’.
437 2513 548 2568 Καὶ
576 2512 731 2585 ζήτει
758 2528 884 2583 κεφ.
916 2512 1081 2566 αὐτοῦ
1115 2508 1174 2565 ιδ’
1186 2510 1330 2565 οὕτω
1351 2510 1529 2579 λέγονο
1550 2510 1677 2565 Ἐὰν
1701 2508 1925 2581 ἀνήϐοις

316 2603 644 2676 ληγατεύσω
678 2604 1003 2677 διατροφὰς,
1038 2604 1134 2657 καὶ
1163 2603 1238 2674 μὴ
1268 2602 1548 2657 δείκνυται
1592 2602 1697 2667 ἕως
1729 2604 1859 2655 πότε
1887 2602 1921 2670 ή

319 2696 542 2769 θέλησις
566 2697 869 2769 λαμϐάνειν
897 2698 1091 2761 αὐτας,
1125 2696 1230 2760 ἓως
1261 2691 1322 2749 οὗ
1358 2694 1496 2759 ζῶσι
1526 2694 1923 2766 λαμϐάνουσιν.

313 2790 385 2844 Εἰ
413 2790 471 2844 δὲ
496 2785 651 2844 εἷπον
692 2790 858 2863 μέχρι
890 2790 993 2861 τῆς
1026 2789 1190 2861 ἥϐης,
1225 2790 1254 2843 ὁ
1293 2788 1393 2861 μὲν
1422 2790 1602 2862 ἄρρην
1633 2788 1797 2859 μέχρι
1827 2786 1923 2841 τοῦ

317 2881 390 2955 ιη’
418 2881 595 2947 ἔτους,
625 2883 736 2954 ἡδὲ
766 2883 957 2954 θήλεια
983 2881 1081 2937 τοῦ
1106 2879 1166 2937 ιδ’
1185 2880 1578 2953 λαμϐάνουσιν,
1614 2880 1709 2934 ἐπὶ
1744 2878 1926 2952 μόνων

312 2975 375 3030 δὲ
404 2977 513 3030 τῶν
546 2975 856 3046 διατροφῶν
898 2975 1218 3046 φιλαγάθως
1247 2975 1479 3047 οὕτωςὴ
1518 2973 1628 3046 ἥϐη
1655 2973 1922 3046 ὁρίζεται.

313 3068 393 3122 Τὸ
417 3066 501 3139 κβ¹
541 3067 683 3125 διάτ.
726 3066 822 3120 τοῦ
863 3065 894 3121 ι’
932 3067 1042 3122 τίτ.
1092 3065 1184 3120 τοῦ
1232 3063 1324 3137 μη¹
1368 3065 1576 3137 βιϐλίου
1623 3064 1743 3117 ἐστὶ
1793 3079 1924 3133 κεφ.

316 3154 406 3228 »ιβ’
465 3156 563 3210 τοῦ
607 3154 696 3228 μα’
742 3157 876 3223 τίτ.,
926 3156 1024 3211 τοῦ
1074 3154 1114 3223 ξ’
1163 3157 1376 3225 βιϐλίου
1442 3155 1553 3210 τῶν
1610 3154 1922 3209 Βασιλικῶν

315 3249 464 3304 οὕτω
489 3250 890 3321 διαλαμϐάνον·
927 3249 1067 3304 υθτε
1097 3251 1176 3322 τῷ
1197 3250 1471 3321 Λιϐανείῳ
1505 3249 1759 3322 δόγματι,
1787 3247 1915 3302 οὔτε

313 3343 397 3415 τῷ
440 3343 753 3416 ἐγκλήματι
800 3343 895 3398 τοῦ
931 3344 1171 3397 πλαστοῦ
1210 3343 1412 3415 ἄνηϐος
1460 3345 1782 3398 ὑποπίπτει.
1841 3342 1917 3395 Τὸ

313 3430 407 3497 λς’
462 3432 607 3488 διάτ.
668 3433 764 3487 τοῦ
811 3431 851 3487 ε’
899 3434 1005 3489 τίτ.
1040 3432 1135 3488 τοῦ
1202 3430 1293 3505 μη¹
1330 3432 1541 3505 βιϐλίου
1589 3435 1708 3487 ἐστὶ
1784 3450 1912 3503 κεφ.

318 3534 376 3600 μ’
409 3526 505 3583 τοῦ
535 3526 614 3593 λζ’
655 3528 763 3583 τίτ.
798 3528 894 3583 τοῦ
917 3527 959 3597 ξ’
990 3529 1199 3600 βιϐλίου
1232 3530 1342 3583 τῶν
1374 3528 1709 3595 ιὲασιλικῶν,
1734 3527 1916 3597 λέγον·

314 3620 477 3676 Μετὰ
504 3619 603 3690 τὴν
632 3621 774 3693 ἥϐην
806 3620 1125 3692 πλημμελεῖ
1155 3621 1184 3674 ὀ
1208 3619 1326 3683 νέος
1360 3618 1632 3690 μοιχείαν,
1656 3617 1751 3671 καὶ
1785 3615 1917 3669 ὑπόο

314 3729 499 3768 κειται
523 3713 602 3784 τῷ
639 3714 810 3785 νόμῳ.
857 3715 921 3768 Ἠ
948 3714 1006 3767 δέ
1053 3710 1130 3777 λζ’
1183 3713 1352 3785 νεαρᾶ
1395 3711 1557 3781 ἐτέθη
1588 3712 1667 3775 είς
1714 3709 1921 3781 βιϐλίον

315 3803 389 3875 α’,
406 3806 585 3860 τίτλον
607 3804 677 3873 α’,
702 3806 997 3877 κεφάλαιον
1021 3804 1126 3877 με’,
1147 3805 1320 3869 οὕτως
1350 3805 1490 3876 ἕχον·
1518 3801 1801 3874 Αἱρετικδς

317 3900 651 3973 βαπτιζέτω,
687 3902 826 3972 μήτε
857 3900 1245 3967 πολιτευέσθω,
1283 3901 1421 3971 μήτε
1446 3898 1752 3971 μετελθέῖω
1772 3896 1917 3950 οἱον-

313 3992 520 4072 δήποτε
556 3989 834 4045 πολιτικὸν
872 3989 1147 4060 όφφίκιον.
1184 3986 1245 4041 Ὀ
1267 3988 1702 4051 ἀναϐαπτισθεὶς
1742 4003 1914 4057 στρα-

315 4082 472 4147 τείας
511 4089 681 4153 μόνης
712 4080 1005 4146 κωλύεται,
1058 4079 1311 4143 Ἰουδαῖος
1352 4078 1682 4151 Χριστιανὸν
1726 4076 1920 4148 ἀνδρά-

318 4176 483 4229 ποδον
546 4175 624 4247 μὴ
679 4175 875 4246 ἐχέτω,
938 4174 1032 4230 καὶ
1087 4172 1159 4227 τὰ
1216 4171 1365 4245 ἑξῆς.
1419 4171 1533 4226 Καὶ
1591 4171 1767 4226 ταῦτα
1814 4169 1917 4241 μὲν

317 4267 647 4322 διδάσκουσα
701 4268 770 4320 τὰ
821 4282 951 4336 κεφ.
1016 4265 1147 4338 περὶ
1210 4263 1318 4320 τῶν
1386 4265 1606 4335 ἀνήϐων
1652 4262 1752 4317 καὶ
1806 4263 1917 4318 τῶν

316 4360 864 4430 ἁναϐαπτιζομὲνων,
930 4359 964 4431 ἢ
1025 4358 1205 4423 ἄλλως
1254 4358 1682 4430 ἁμαρτανόντων
1710 4398 1725 4424 ,
1784 4357 1917 4411 πότε

318 4452 757 4523 συγγινώκονται
811 4454 907 4507 καὶ
959 4453 1092 4506 πότε
1149 4453 1210 4507 ού
1271 4450 1764 4521 συγγινώσκονται,
1824 4451 1917 4504 καὶ

2043 1948 2310 2003 masculis
2344 1966 2409 2003 ex
2440 1950 2859 2019 quatuordccim
2907 1953 3071 2008 annis
3107 1952 3419 2023 judicetur,
3478 1958 3632 2012 nulla

2032 2038 2089 2094 in
2120 2039 2374 2110 corporis
2405 2039 2655 2096 habitum
2690 2052 2917 2113 propter
2961 2041 3092 2116 [rei]
3131 2044 3500 2102 indecentiam
3543 2047 3627 2101 in-

2030 2130 2331 2202 quisitione
2384 2132 2593 2188 habita.
2634 2130 2746 2188 Tit.
2798 2148 2931 2189 vero
2965 2133 3037 2189 9.2
3073 2133 3255 2209 [ηαξ]
3296 2153 3311 2192 ι
3352 2138 3530 2193 lnstit.
3570 2139 3625 2193 in

2030 2222 2202 2280 Basil.
2228 2232 2366 2287 .‘non
2405 2235 2490 2281 est
2533 2224 2768 2297 positus.
2802 2225 2913 2283 Tit.
2951 2228 2976 2283 1
3022 2227 3119 2285 lib.
3148 2232 3335 2300 [xxxiv
3370 2229 3490 2303 Dig.
3528 2248 3631 2303 po-

2029 2317 2171 2374 situs
2222 2328 2309 2374 est
2374 2319 2427 2373 in
2480 2318 2586 2375 lib.
2637 2336 2798 2387 xuv,
2847 2321 2933 2376 tit.
2982 2321 3091 2390 14,
3152 2322 3309 2393 cujus
3368 2325 3438 2379 H
3504 2342 3630 2397 cap.

2031 2425 2238 2481 quaere,
2279 2412 2427 2482 quod
2472 2412 2556 2468 sic
2600 2413 2767 2469 habet
2804 2432 2818 2469 :
2849 2413 2907 2469 Si
2937 2415 3317 2486 impuberibus
3358 2418 3627 2475 alimenta

2031 2503 2309 2574 legavero,
2343 2520 2522 2575 neque
2556 2514 2762 2577 pateat,
2795 2523 2960 2578 quam
3005 2507 3100 2564 diu
3139 2508 3343 2584 [ipsos]
3376 2512 3465 2567 illa
3500 2528 3630 2581 per-

2029 2596 2215 2664 cipere
2245 2598 2542 2663 voluerim,
2589 2599 2769 2656 donec
2818 2602 3029 2669 vivunt,
3080 2604 3415 2675 percipiunt.
3463 2605 3623 2675 Quod

2029 2690 2075 2745 si
2108 2705 2281 2761 usque
2314 2691 2380 2745 ad
2421 2691 2772 2762 pubertatem
2814 2694 3071 2761 dixerim,
3119 2698 3401 2755 masculus
3445 2716 3625 2770 usque

2029 2782 2098 2837 ad
2140 2782 2420 2838 decimum
2459 2793 2718 2840 octavum
2764 2801 3016 2853 annum,
3063 2786 3268 2844 femina
3306 2788 3627 2865 [usquead]

2028 2874 2300 2930 decimum
2326 2887 2582 2946 quartum
2613 2878 2866 2949 percipit.
2907 2878 3109 2935 Verum
3136 2881 3193 2935 in
3226 2883 3362 2939 solis
3389 2884 3630 2939 alimen-

2031 2966 2101 3022 tis
2136 2966 2355 3037 pietatis
2395 2967 2595 3023 intuitu
2640 2968 2716 3024 ita
2771 2970 3036 3040 pubertas
3089 2972 3369 3030 delinitur.
3418 2975 3624 3047 Digest.

2025 3058 2096 3113 29
2151 3059 2237 3114 tit.
2273 3058 2360 3127 ⁸10
2412 3061 2506 3116 lib.
2559 3078 2729 3117 vam
2778 3066 2873 3134 [est
2939 3080 3063 3135 cap.
3110 3064 3183 3120 22
3245 3067 3330 3123 tit.
3394 3069 3459 3123 41
3524 3071 3621 3126 lib.

1975 3209 1995 3231 η
2027 3168 2094 3207 1.x
2130 3151 2324 3218 Basil.,
2367 3156 2513 3224 quod
2548 3155 2631 3211 sic
2668 3157 2837 3211 tradit
2878 3176 2892 3212 :
2926 3158 3115 3230 Neque
3157 3160 3211 3214 in
3252 3159 3623 3218 Liboniannm

2032 3259 2080 3302 ε.
2111 3264 2162 3301 c.
2190 3263 2368 3317 neque
2396 3249 2449 3301 in
2473 3246 2597 3304 falsi
2618 3249 2828 3305 crimen
2862 3250 3113 3322 impubes
3138 3252 3351 3310 incidit.
3378 3254 3498 3328 Dig.
3529 3260 3623 3319 56,

2032 3341 2116 3397 tit.
2166 3340 2201 3396 5
2246 3343 2343 3398 lib.
2392 3360 2558 3399 xcvm
2594 3354 2679 3401 est
2726 3360 2847 3417 cap.
2876 3346 3105 3418 μθςιὶι.
3155 3347 3225 3404 '57
3268 3348 3367 3405 lib.
3404 3365 3469 3404 Lx
3520 3348 3628 3405 Ba-

2034 3434 2150 3500 sil.,
2181 3438 2327 3506 quod
2355 3437 2490 3493 dicit
2526 3437 2700 3495 :Post
2727 3441 3067 3509 pubertatem
3111 3443 3408 3499 committit
3450 3444 3629 3499 Itlltmr

2033 3526 2199 3582 annis
2242 3526 2601 3594 adulterium,
2641 3529 2855 3600 legique
2914 3542 2999 3586 est
3051 3531 3348 3588 obnoxius.
3396 3534 3621 3589 Novella

2032 3617 2124 3683 '57,
2155 3620 2335 3689 posita
2381 3632 2467 3677 est
2513 3623 2568 3676 in
2608 3621 2704 3677 lib.
2742 3638 2778 3689 ι,
2816 3623 2901 3679 tit.
2958 3625 3009 3691 l,
3056 3641 3179 3697 cap.
3214 3625 3308 3690 45,
3340 3630 3487 3699 quod
3544 3630 3626 3686 sic

2032 3710 2235 3767 habet:
2262 3711 2564 3769 llazretit-us
2589 3731 2656 3769 ne
2680 3715 2985 3785 baptizato,
3018 3734 3197 3789 neque
3222 3721 3621 3791 rempublicam

2031 3798 2360 3869 gubernato,
2407 3818 2584 3873 neque
2618 3805 3011 3878 qualecunque
3056 3808 3220 3865 civile
3255 3810 3491 3866 cilicium
3524 3830 3624 3868 sn-

2032 3893 2167 3951 bito.
2230 3894 2626 3968 fiebaptizatus
2654 3888 2815 3968 gsola
2854 3902 3050 3957 militia
3107 3913 3347 3961 arcetur.
3401 3904 3626 3961 Judaeus

2029 3985 2408 4044 Christianum
2458 3991 2798 4060 mancipium
2872 4009 2941 4048 ne
2990 3994 3215 4063 habeto,
3280 4007 3387 4054 etc.
3440 3999 3624 4070 Atque

2032 4079 2149 4137 hac
2205 4081 2427 4151 quidem
2483 4084 2686 4139 docent
2718 4085 2899 4156 capita
2953 4086 3094 4161 [illa]
3136 4089 3204 4145 de
3242 4090 3628 4162 impuberibns

2026 4181 2083 4227 et
2126 4172 2519 4243 rebaptizatis,
2580 4176 2805 4233 aliterve
2867 4182 3279 4250 peccantibus,
3341 4185 3618 4240 interdum

2031 4264 2399 4335 ignoscwtia,
2434 4267 2714 4323 interdum
2750 4286 2859 4325 non
2894 4272 3239 4342 ignoscentia
3265 4316 3281 4342 ,
3324 4283 3382 4329 ct
3424 4275 3619 4345 cujus-

2030 4360 2176 4413 modi
2223 4359 2294 4414 sit
2322 4370 2447 4431 post
2493 4362 2836 4431 pubertatem
2888 4373 3126 4436 tempus.
3160 4364 3243 4420 Tu
3292 4383 3425 4423 vero
3457 4368 3625 4424 altius

2029 4451 2263 4519 repetito
2315 4466 2594 4519 sermone,
2663 4452 3011 4524 impuberem
3077 4466 3297 4513 aetatem
3345 4457 3617 4515 trifariam

317 4550 474 4612 ποῖος
508 4548 700 4618 χρόνος
722 4546 752 4599 ό
781 4546 923 4617 μετὰ
946 4548 1047 4618 τὴν
1076 4544 1221 4616 ἥϐην
1240 4544 1379 4599 ἐστί.
1406 4544 1479 4596 Συ
1500 4543 1557 4597 δὲ
1593 4542 1919 4613 συναγαγὼν

2028 4543 2198 4599 dividi
2230 4543 2386 4600 dicas
2418 4562 2431 4599 :
2463 4545 2519 4600 in
2550 4545 2862 4612 infantiam,
2892 4547 3071 4622 [cum]
3101 4550 3352 4621 impubes
3392 4550 3624 4625 [articu-

316 4641 463 4706 εξπε,
491 4642 576 4694 ὅτι
598 4641 631 4712 ἡ
652 4639 924 4711 ἁνηϐότης
958 4641 1039 4702 εἰς
1087 4638 1218 4710 τρία
1245 4636 1537 4708 διαιρεῖται
1563 4638 1643 4701 εἰς
1670 4636 1924 4709 ἔμφαντα

317 4735 523 4805 ἄνηϐον
557 4734 651 4787 τὸν
684 4733 1067 4804 ἐστηρημένον
1120 4735 1329 4804 φωνῆς,
1381 4732 1477 4786 καὶ
1527 4731 1629 4803 ήδη
1668 4730 1924 4804 συμπλη-

322 4820 523 4895 ροῦντα
554 4820 653 4894 τὴν
672 4822 938 4893 τριετίαν,
972 4823 1053 4885 εἰς
1084 4823 1360 4894 πράξιμον
1392 4822 1641 4892 ῐμφαντα
1665 4822 1756 4875 τὸν
1786 4822 1924 4893 πλη-

321 4917 580 4979 σιάζοντα
609 4917 676 4986 τῇ
711 4916 887 4986 φωνῇ,
931 4914 1026 4969 καὶ
1062 4914 1492 4986 συμπληροῦντα
1520 4914 1612 4968 τὸν
1658 4912 1702 4978 ζ’
1742 4916 1924 4968 ἐνιαυο

316 5012 434 5074 τὶν,
466 5009 565 5063 καὶ
592 5011 671 5072 εἰς
702 5008 980 5081 πράξιμον
1008 5006 1382 5080 πουϐἐρτατον
1421 5007 1514 5061 τὸν
1550 5007 1924 5080 πλησιάζοντα

316 5107 386 5176 τῇ
416 5104 627 5175 ἡλικία,
661 5104 757 5157 καὶ
787 5101 1041 5157 δεκτικὸν
1077 5102 1210 5156 ὄντα
1253 5100 1434 5166 δόλου,
1487 5101 1638 5160 ὅστις
1677 5101 1786 5153 ἀπὸ
1825 5099 1921 5155 τοῦ

317 5193 365 5261 ζ’
411 5194 662 5249 ἐνιαυτοῦ
696 5196 791 5249 καὶ
819 5194 987 5267 μέχρι
1013 5192 1111 5248 τοῦ
1154 5191 1215 5248 ιδ’
1246 5193 1344 5248 καὶ
1391 5192 1559 5247 αὐτοῦ
1610 5191 1919 5265 προϐαίνει,

317 5288 419 5342 aui.
436 5289 485 5341 οἱ
521 5288 619 5358 μὲν
644 5287 722 5359 μὴ
741 5287 981 5341 δεκτινοὶ
995 5286 1150 5341 δόλου
1172 5286 1366 5359 ἄνηϐοι
1387 5286 1497 5341 ἀπὸ
1522 5287 1921 5359 ἁμαρτήματος

312 5383 424 5436 οὐκ
451 5381 792 5449 εύθύνονται,
822 5382 872 5436 οἱ
907 5381 966 5435 δὲ
1012 5380 1167 5454 παρὰ
1196 5380 1419 5447 τούτους
1467 5381 1635 5453 ῆγουν
1676 5382 1728 5434 oi
1778 5381 1921 5453 πλη-

317 5474 604 5548 ρώσαντες
636 5476 729 5529 τὸν
768 5473 812 5541 ζ’
845 5474 1118 5542 ἐνιαυτὸν,
1163 5474 1262 5528 καὶ
1286 5472 1792 5544 ἀναϐαπτιζὸμενοι
1829 5474 1922 5527 εύ-

312 5570 617 5635 Θύνονται,
677 5570 773 5624 καὶ
828 5569 1005 5634 ἄλλως
1058 5570 1487 5641 ἁμαρτήσαντες
1548 5568 1921 5641 τιμωροῦνται

312 5664 464 5716 κατὰ
509 5663 571 5716 το
616 5660 675 5716 ιϐ’
708 5680 834 5732 κεφ.
896 5663 991 5716 τοῦ
1023 5662 1101 5725 ις’
1127 5662 1233 5715 τίτ.
1267 5661 1363 5715 τοῦ
1398 5659 1471 5714 λε’
1507 5662 1738 5731 βιϐλίου,
1783 5662 1922 5733 ὅπερ

312 5759 418 5813 καί
445 5758 684 5811 ἐνταῦθα
706 5756 1089 5828 κατεστρώθη,
1131 5755 1255 5811 καθ’
1290 5756 1349 5811 ὃν
1383 5756 1449 5828 δὴ
1483 5773 1608 5828 κεφ.
1645 5756 1920 5829 ἑρμηνεῦ-

315 5868 415 5906 σαι
450 5851 688 5923 ὀφείλεις
726 5851 823 5907 καὶ
870 5851 931 5905 τὸ
971 5850 1051 5923 κβ¹
1084 5868 1212 5923 κεφ.
1265 5850 1358 5907 τοῦ
1390 5857 1481 5933 μα’
1509 5850 1738 5926 ring-0'3
1774 5850 1920 5924 ξ’βι-

2027 4635 2162 4709 lata]
2196 4653 2329 4693 voce
2360 4640 2612 4708 privatus
2634 4649 2739 4705 est,
2764 4650 2819 4694 et
2847 4640 2961 4711 jam
2998 4642 3299 4698 triennium
3342 4644 3619 4714 centplet:

2027 4730 2080 4785 in
2116 4732 2421 4801 proximam
2454 4733 2719 4797 infantiae,
2769 4734 2961 4809 [cum]t
2985 4737 3103 4792 voci
3140 4734 3492 4812 [articulatm]
3525 4756 3624 4810 ap-

2025 4824 2382 4896 prOpinquat,
2412 4836 2468 4882 et
2500 4826 2793 4897 septimum
2822 4844 3030 4883 annum
3073 4829 3352 4900 complet:
3396 4847 3461 4885 ac
3497 4831 3621 4904 [de-

2028 4916 2218 4991 nique]
2266 4919 2319 4972 in
2370 4920 2682 4990 proximam
2735 4922 3036 4991 pubertati,
3099 4920 3251 4996 [cum
3302 4924 3619 4998 maturiori]

2024 5011 2170 5065 {elati
2234 5013 2658 5083 appropinquat,
2702 5024 2868 5084 atquc
2917 5013 3027 5069 doli
3074 5030 3245 5086 capax
3275 5025 3402 5072 est:
3448 5015 3620 5090 [quod

2024 5105 2093 5159 de
2143 5122 2210 5160 eo
2247 5104 2596 5179 intelligitur]
2625 5108 2719 5177 qui
2769 5125 2799 5162 a
2843 5107 3080 5177 septimo
3122 5124 3269 5165 anno
3316 5109 3385 5165 ad
3440 5111 3620 5182 ipsum

2024 5196 2302 5251 decimum
2327 5206 2588 5267 quartum
2618 5198 2884 5268 procedit.
2933 5199 3112 5271 Atque
3141 5199 3459 5270 impuberes
3488 5202 3618 5271 qui-

2024 5290 2148 5345 dem
2195 5290 2304 5345 doli
2357 5308 2465 5345 non
2499 5307 2734 5361 capaces
2790 5294 2861 5348 ob
2911 5293 3173 5350 delictum
3216 5311 3327 5351 non
3385 5297 3627 5351 subeunt

2020 5382 2316 5454 judicium.
2345 5381 2554 5438 Practer
2583 5386 2683 5439 hos
2708 5400 2837 5439 vero
2863 5383 3027 5458 [:tlii,]
3053 5390 3169 5442 sive
3196 5387 3292 5458 qui
3317 5388 3618 5458 septimum

2025 5493 2231 5532 annum
2272 5476 2639 5547 complevcre,
2676 5487 2790 5532 tum
2827 5479 3152 5551 rebaptizati
3185 5480 3454 5551 judicium
3488 5481 3620 5535 sub-

2024 5580 2179 5635 eunt,
2224 5578 2338 5624 tum
2388 5570 2548 5625 aliter
2586 5568 2973 5643 delinquentes
3022 5574 3373 5644 puniuntur:
3420 5588 3622 5629 secun-

2024 5664 2153 5720 dum
2205 5662 2273 5718 M
2351 5678 2476 5733 cap.
2526 5662 2609 5718 tit.
2645 5663 2729 5732 μθ
2772 5665 2863 5718 lib.
2914 5681 3081 5733 xxxv,
3112 5668 3259 5737 quod
3316 5666 3403 5721 hic
3449 5666 3618 5720 etiam

2026 5756 2293 5812 inscrtum
2321 5765 2425 5810 est.
2460 5756 2776 5811 Secundum
2815 5758 2959 5828 ιμιοιι
2989 5773 3120 5814 Sane
3147 5770 3311 5830 caput
3349 5759 3619 5824 interpre-

2028 5849 2130 5909 tari
2166 5847 2330 5904 etiam
2370 5846 2537 5904 debes
2580 5848 2651 5903 2?.
2718 5866 2837 5921 cap.
2870 5851 2953 5908 tit.
2987 5852 3048 5910 ιι
3087 5852 3181 5909 lib.
3216 5870 3306 5922 ιχ,
3349 5864 3413 5908 ac
3462 5850 3611 5901 illum
