4146 6442
538 333 677 401 1063

1682 323 1952 387 ΡΗΟΤΙΙ
1992 322 2504 387 ΡΑΤΒΙΑΒΟΗΑΞ
2536 321 2650 386 CP.

3700 320 3845 387 1064

529 446 871 520 impuberem
908 443 965 499 in
996 439 1124 500 falsi
1151 439 1363 499 crimen
1395 453 1505 495 non
1538 436 1793 495 incidere
1817 437 1993 504 dicas,
2032 436 2128 507 qui
2157 440 2212 502 Α

2275 434 2409 490 λίου.
2447 434 2560 489 Καὶ
2589 432 2711 487 sint
2746 431 2959 488 ικεῖνον
3001 432 3096 487 τὸν
3142 429 3346 503 ἄνηϐον
3390 434 3466 505 μὴ
3506 431 3845 489 ὑποπίπτειν

528 543 710 598 minor
759 544 970 610 septem
1005 550 1289 592 annorum
1363 540 1472 590 est.
1518 531 1837 600 Quinetiam
1887 545 2010 602 cap.
2058 529 2131 585 40

2279 527 2327 599 ᾦ
2351 526 2662 598 ἐγκλήματι
2684 524 2779 581 τοῦ
2800 523 3044 579 πλαστοῦ
3066 523 3159 580 τὸν
3174 525 3373 597 ἥττονα
3383 524 3479 580 τοῦ
3502 523 3548 591 ζ’
3566 526 3844 581 ἐνιαυτοῦ.

539 636 624 690 tit.
656 633 727 691 57
776 632 877 688 lib.
908 646 975 686 1.x
1029 630 1179 685 hunc
1201 626 1270 685 ad
1300 627 1527 683 modum
1562 624 1949 697 interpretare.
1980 620 2139 690 Quod

533 730 681 785 enim
719 734 847 799 post
892 724 1239 797 pubertatem
1288 722 1472 778 minor
1515 719 1680 776 annis
1726 717 1988 775 adulterii
2020 717 2135 773 cri-

534 818 672 875 mini
713 816 989 872 ohnoxius
1040 812 1313 879 redditur,
1385 810 1492 866 tale
1541 818 1651 876 est,
1695 809 1843 881 quod
1886 807 2144 863 videlicet

538 920 796 968 teneatur
834 909 925 965 ille
963 908 1060 979 qui
1096 905 1369 978 delinquit
1416 918 1530 959 non
1561 902 1728 959 modo
1765 902 1821 958 in
1854 900 2144 973 impubere

540 1014 727 1067 :etate.
765 1017 958 1059 verum
986 1001 1156 1056 etiam
1183 997 1557 1072 postmodum.
1582 996 1720 1051 Illud
1748 1009 1916 1068 porro
1945 995 2014 1050 de
2042 993 2147 1049 ali-

541 1096 747 1155 mentis
793 1102 881 1152 est
930 1110 961 1151 a
1001 1093 1119 1163 lege
1151 1101 1375 1165 propter
1424 1104 1702 1147 summam
1753 1088 2147 1144 alimentorum

540 1192 939 1248 necessitatem
975 1184 1436 1263 [introductum],
1482 1183 1953 1257 quemadmodum
1981 1179 2150 1235 etiam

544 1284 726 1355 ipsum
776 1282 846 1336 M
912 1296 1037 1353 cap.
1117 1280 1183 1336 I4
1252 1279 1337 1334 tit.
1415 1293 1543 1333 thv
1602 1276 1693 1331 lib.
1748 1274 1884 1330 dicit
1951 1272 2153 1343 :quod

543 1377 711 1432 etiam
768 1374 899 1431 huic
929 1374 1017 1430 tit.
1077 1373 1349 1429 insertum
1392 1379 1499 1427 est.
1536 1368 1935 1424 Verumtamen
1985 1366 2155 1432 scias,

555 1465 704 1538 quod
734 1466 872 1521 tales
899 1463 1220 1536 impuberes
1252 1478 1364 1519 non
1401 1472 1462 1517 ut
1494 1459 1694 1525 adulti,
1745 1458 1840 1514 sed
1875 1456 2161 1513 moderate

548 1559 880 1632 puniuntur.
929 1556 1159 1623 Quaeras
1204 1570 1339 1610 vero
1364 1554 1459 1609 lib.
1483 1567 1653 1618 xxxv,
1688 1548 1776 1605 tit.
1830 1547 1920 1615 I6,
1953 1562 2072 1618 cap.
2104 1547 2158 1613 I,

553 1650 739 1705 thema
780 1649 909 1713 ult.,
940 1657 994 1703 et
1027 1647 1124 1704 lib.
1160 1661 1251 1712 1.x,
1287 1647 1374 1701 tit.
1411 1645 1501 1710 50,
1532 1659 1657 1715 cap.
1689 1642 1778 1710 15,
1812 1640 1996 1697 thema
2020 1640 2079 1706 2,
2107 1648 2164 1695 et

553 1743 651 1799 lib.
682 1758 746 1809 ιι,
780 1742 867 1796 ιῑι.
898 1741 952 1802 5,
981 1756 1106 1811 Cap.
1140 1738 1267 1794 I08.

2260 619 2425 675 Ἀλλὰ
2473 619 2569 673 καὶ
2611 618 2675 674 τὸ
2726 616 2779 691 μ’
2828 635 2959 690 κεφ.
3001 616 3097 672 τοῦ
3152 615 3231 684 λζ’
3258 617 3367 675 τίτ.
3417 618 3514 674 τοῦ
3552 616 3595 685 ξ’
3637 619 3847 690 βιϐλίου

2248 715 2424 780 οὓτως
2457 714 2837 786 ἐρμήνευειον⁹
2865 712 2929 766 τὸ
2966 713 3077 784 γὰρ
3111 712 3252 783 μετὰ
3280 711 3379 785 τὴν
3419 711 3581 783 ὓϐριν
3620 711 3849 766 ὑποκεῖ-

2253 808 2376 863 σθαι
2400 809 2491 862 τον
2512 808 2637 862 νέον
2664 805 2743 877 τῷ
2786 805 2915 876 περὶ
2942 804 3192 877 μοιχείας
3222 804 3559 876 ὲγκλήματι,
3607 803 3851 859 τοιοῦτόν

2253 902 2402 955 ἐστιν
2451 900 2623 972 ἡγουν
2669 898 2731 953 τὸ
2772 898 3061 971 ἐνέχεσθαι
3107 897 3276 953 αὐτὸν
3320 895 3753 970 πλημμελοῦντα
3787 896 3851 950 οὐ

2258 994 2420 1065 μόνον
2479 992 2541 1046 ἐν
2588 990 2910 1064 ἀνηϐότητι,
2959 989 3097 1045 ἀλλὰ
3131 991 3227 1046 καὶ
3274 990 3417 1063 μετὰ
3450 989 3748 1047 ταῦτα.Τδ
3794 989 3854 1044 δὲ

2256 1086 2389 1158 περὶ
2412 1085 2525 1140 τῶν
2552 1084 2884 1158 διατροφῶν,
2912 1083 2994 1138 ἔτι
3029 1084 3184 1157 παρὰ
3206 1082 3439 1148 κανόνας
3468 1083 3559 1137 διὰ
3588 1080 3650 1136 τδ
3683 1082 3858 1150 ἀναγ-

2258 1180 2548 1234 καιότατον
2564 1178 2675 1232 τῶν
2696 1177 3029 1251 διατροφῶν,
3052 1176 3238 1243 καθὼς
3280 1178 3377 1231 καὶ
3398 1176 3533 1231 αὐτὸ
3556 1176 3616 1229 τὸ
3641 1173 3703 1229 ιδ’
3728 1192 3859 1245 κεφ.

2261 1274 2355 1329 τοῦ
2389 1271 2448 1327 ιδ’
2477 1272 2586 1329 τίτ.
2616 1270 2711 1326 τοῦ
2747 1269 2828 1343 μδ⁴
2862 1271 3072 1343 βιϐλίου
3122 1272 3307 1342 φησὶν,
3335 1270 3475 1341 ὅπερ
3504 1267 3861 1340 κατεστρώθη

2263 1364 2522 1420 ἐνταῦθα.
2556 1365 2707 1439 Πλὴν
2756 1365 2997 1434 γίνωσκε
3043 1364 3128 1419 ὅτι
3176 1366 3227 1418 oi
3271 1363 3505 1417 τοιοῦτοι
3561 1362 3754 1433 ἄνηϐοι
3799 1364 3863 1416 οὗ

2265 1458 2590 1523 κολάζονται
2622 1458 2699 1523 ὡς
2748 1459 2798 1513 οἱ
2826 1459 3050 1521 τέλειοι,
3097 1457 3234 1513 ἀλλὰ
3270 1456 3509 1530 μετρίως
3559 1455 3867 1528 τιμωροῦν-

2266 1568 2378 1605 ται.
2417 1551 2531 1605 Καὶ
2573 1549 2727 1622 ζήτει
2769 1549 2977 1621 βιϐλίον
3015 1547 3112 1615 λε’,
3143 1549 3248 1605 τίτ.
3284 1555 3379 1616 ις’,
3431 1566 3558 1619 κεφ.
3605 1546 3678 1615 α’,
3722 1548 3870 1618 θέμα

2268 1644 2602 1709 τελευταῖον,
2647 1644 2743 1697 καὶ
2779 1642 2984 1715 βιϐλίον
3014 1640 3078 1710 ξ’,
3114 1642 3220 1697 τίτ.
3249 1639 3316 1709 ν’,
3353 1658 3480 1712 κεφ.
3516 1639 3599 1708 ιε’,
3625 1640 3765 1713 θέμα
3797 1638 3869 1712 β’,

2271 1737 2368 1792 καὶ
2395 1735 2602 1807 βιϐλίον
2633 1734 2701 1807 β’,
2725 1735 2832 1789 τίτ.
2860 1732 2933 1804 γ’,
2965 1752 3093 1805 κεφ.
3124 1732 3228 1807 ρη’.

618 1836 776 1892 CAP.
799 1832 1028 1889 XIV.—-
1060 1832 1295 1899 Quinam
1325 1829 1695 1886 haereticorum
1722 1824 2162 1882 adorthodoxam
2195 1827 2217 1883 Ι

2338 1829 2595 1887 ΚΕΦΔΔ.
2622 1827 2720 1884 ω’.
2754 1858 2828 1871 -—
2853 1827 3025 1896 Τίνες
3050 1827 3121 1895 ἐξ
3148 1826 3463 1898 αιρετιιιῶν
3502 1828 3592 1896 εις
3628 1826 3743 1897 τὴν
3770 1827 3873 1895 ὀρ-

558 1930 720 2002 ﬁdem
778 1934 1118 1983 transeuntes
1172 1924 1535 1996 baptizentur,
1588 1932 1638 1978 et
1669 1921 1889 1993 quinam
1925 1926 2163 1974 tantum-

560 2022 718 2078 modo
751 2031 1047 2092 angantur.

632 2113 869 2171 Concilii
899 2110 1108 2169 Nicaeni
1141 2126 1323 2167 canon
1355 2109 1455 2178 l9;
1488 2105 1711 2165 concilii
1745 2103 2043 2160 Laodiceni
2070 2117 2163 2160 ca-

561 2220 673 2263 non
697 2206 865 2273 7,8;
920 2203 1141 2261 concilii
1196 2198 1799 2271 Constantinopolitani
1858 2211 2040 2251 canon
2094 2193 2161 2261 7;

568 2300 790 2357 concilii
839 2298 982 2356 sexti
1029 2313 1210 2354 canon
1257 2296 1371 2363 95;
1427 2294 1648 2352 concilii
1692 2289 1903 2347 Nicaeni
1942 2287 2172 2346 secundi

568 2410 747 2456 canon
779 2395 849 2451 I8
882 2413 896 2451 :
930 2394 1117 2451 Basilii
1140 2408 1321 2449 canon
1352 2392 1444 2449 47.

647 2490 804 2548 CAP.
840 2489 964 2546 XV.
990 2517 1060 2531 --
1108 2486 1389 2556 Quomodo
1420 2485 1659 2543 damon:
1690 2490 1956 2558 obsessus,
1981 2497 2075 2544 aut
2121 2488 2179 2544 in

576 2583 760 2639 morbo
795 2594 968 2637 mente
999 2593 1209 2650 captus,
1243 2579 1566 2650 baptizatur.

651 2675 928 2732 Timothei
964 2690 1143 2731 canon
1166 2674 1223 2741 2,
1253 2674 1309 2729 4.
1333 2676 1362 2731 ἦ

651 2767 810 2823 CAP.
845 2764 985 2821 XVI.
1009 2797 1083 2808 —
1107 2764 1264 2833 Quod
1306 2781 1411 2820 non
1444 2765 1720 2821 conveniat
1756 2765 2030 2821 mulierem
2048 2775 2184 2821 tent-

578 2876 707 2933 pore
729 2860 1071 2932 purgationis
1095 2874 1210 2915 sua
1246 2857 1537 2930 baptizari.

656 3050 937 3108 Timothei
971 3066 1149 3107 canon
1182 3050 1239 3106 6.

659 3140 822 3199 CAP.
858 3141 1024 3197 XVII.
1058 3170 1130 3182 -—
1163 3140 1225 3196 Si
1262 3141 1354 3213 qui
1383 3140 1435 3196 in
1468 3138 1575 3211 ﬁde
1603 3139 1908 3195 instituitur
1928 3150 2056 3196 ante
2095 3139 2192 3195 ba-

590 3231 848 3300 ptismum
873 3230 1369 3288 communicauerit.

668 3320 951 3379 Timothei
983 3336 1163 3378 canon
1191 3322 1242 3378 I.

2276 1923 2567 1989 θοδοξὶαν
2608 1924 2925 1995 μετιόντες
2957 1916 3371 1989 βαπτίζονται,
3410 1923 3511 1977 καὶ
3554 1924 3717 1989 τίνες
3765 1924 3876 1993 μό-

2278 2035 2394 2073 νον
2419 2018 2712 2088 χρίονται.

2353 2112 2586 2166 Συνόδου
2637 2111 2878 2175 Νικαίας
2920 2109 3104 2167 κανὼν
3137 2109 3201 2166 ιϐ’
3223 2127 3238 2141 θ
3275 2109 3497 2165 συνόδου
3555 2109 3881 2173 Λαοδικείας

2286 2202 2472 2259 κανὼν
2531 2201 2599 2268 ζ’,
2639 2200 2692 2273 η’
2715 2220 2728 2234 ·
2765 2202 2988 2259 συνόδου
3040 2202 3671 2266 Κωνσταντινουπόλεως
3700 2202 3883 2256 κανὼν

2287 2296 2332 2363 ζ’
2368 2313 2384 2330 ⁸
2443 2296 2667 2351 συνόδου
2713 2301 2768 2359 ς’
2802 2294 2987 2351 κανὼν
3027 2292 3144 2363 ιιεό
3184 2294 3404 2349 συνόδου
3439 2293 3679 2359 Νικαίας
3732 2294 3793 2348 τὸ
3838 2293 3883 2367 β’

2289 2390 2469 2448 κανὼν
2493 2389 2564 2465 ιη’
2587 2407 2602 2425 ⁸
2645 2390 2931 2445 Βασιλείου
2964 2389 3148 2445 κανὼν
3180 2387 3289 2457 μζ.

2360 2485 2627 2541 ΚΕΦΑΛ.
2672 2480 2779 2540 ΙΕ’.
2809 2512 2881 2525 -·
2914 2481 3050 2552 Πῶς
3105 2485 3138 2538 ὁ
3191 2480 3694 2555 δαιμονιζόμενος,
3731 2482 3770 2553 ἢ
3817 2482 3890 2537 ἐν

2292 2578 2463 2644 νόσῳ
2488 2577 2917 2647 παιαφρονῶν,
2943 2575 3317 2643 βαπτίζεται.

2373 2668 2642 2739 Τιμοθέου
2676 2669 2856 2723 κανὼν
2884 2666 2951 2740 β’,
2985 2669 3050 2724 δ’.

2373 2762 2629 2816 ΚΕΦΑΛ.
2672 2759 2792 2831 lq".
2813 2791 2886 2804 —-
2908 2761 3050 2832 Περὶ
3083 2762 3194 2818 τοῦ
3231 2762 3317 2834 μὴ
3352 2760 3571 2834 χρῆναι
3604 2761 3894 2834 γυναῖκας

2299 2855 2374 2911 ἐν
2426 2854 2559 2922 ταῖς
2604 2854 2855 2925 ἡμέραις
2903 2853 3015 2926 τῆς
3048 2850 3399 2927 καθάρσεως
3443 2854 3644 2911 αὐτῶν
3673 2855 3893 2921 ,βαπτι-

2301 2946 2546 3017 σθῆναι.

2377 3042 2646 3114 Τιμοθέου
2670 3041 2852 3098 κανὼν
2877 3041 2952 3110 ς’.

2381 3137 2640 3191 ΚΕΦΑΛ.
2674 3139 2775 3194 IZ'.
2803 3168 2876 3178 —
2916 3139 3058 3193 Ἐὰν
3100 3140 3137 3195 ὀ
3170 3140 3622 3213 κατηχούμενος
3654 3141 3769 3213 πρὸ
3796 3142 3903 3197 τοῦ

2299 3230 2729 3301 ,βαπτίσματος
2756 3233 3126 3305 κοινωνήσῃ.

2383 3322 2655 3394 Τιμοθέου
2678 3322 2862 3379 κανὼν
2884 3329 2955 3381 α’.

1966 3703 2378 3794 ΤΙΤΛΟΣ
2471 3705 2583 3793 E'.

621 3931 784 3989 IIEPI
850 3930 992 3991 ΤοΝ
1027 3933 2370 4009 ,ΚΑΤΔΦΡΟΝΟΥΝΤΩΝ-ΤῼΝΨΕΚΚΛΗΣΙΩΝ
2409 3940 2529 3994 κΑι
2570 3935 2955 4006 ΣΥΝΑΞΕΩΝ,
3026 3941 3149 3995 κΑι
3218 3940 3553 4009 ΜΝΗΜΩΝ,
3593 3941 3719 3997 ΚΑΙ
3784 3936 3922 3992 τον

1452 4006 1849 4062 ΕΣΘΙΟΝΤΩΝ
1883 4007 1976 4063 ΕΝ
2017 4008 2452 4065 ΕΚΚΑΗΣΙΑΙΣ
2481 4012 2603 4068 ΚΑΙ
2637 4013 2798 4067 ΠΕΡΙ
2838 4012 3141 4070 ΑΓΑΠΩΝ.

1761 4368 2235 4449 TlTULUS
2314 4369 2817 4465 QUINTUS.

622 4568 723 4631 DE
765 4569 1020 4644 IISQUI
1051 4570 1483 4652 ECCLESIAS,
1525 4571 1789 4633 CCETUS
1817 4574 2086 4652 ATQUE
2128 4576 2533 4639 MEMORIAS
2567 4577 3112 4651 CONTEMNUNT,
3152 4578 3250 4639 ET
3292 4576 3425 4652 QUI
3453 4577 3535 4639 IN
3582 4576 3939 4638 ECCLESIA

1152 4651 1593 4729 COMEDUNT,
1645 4654 1742 4714 ET
1814 4650 1913 4715 DE
1954 4656 2337 4718 CONVIVIIS
2378 4658 2864 4721 PAUPERIBUS
2916 4650 3407 4721 EXHIBENDIS.

705 4835 944 4894 CAPUT
967 4836 1274 4895 PRIMUM.
1304 4868 1377 4879 —
1405 4839 1483 4895 De
1517 4839 1598 4895 his
1650 4834 1742 4910 qui
1788 4840 1979 4897 docent
2021 4840 2217 4899 domun

2275 4861 2317 4919 ι)
2414 4847 2674 4903 ΚΕΦᾹΛ.
2707 4847 2788 4904 A'.
2806 4879 2878 4890 -—
2894 4849 3035 4919 Περὶ
3060 4848 3180 4904 τῶν
3210 4847 3624 4904 διδασκόντων
3645 4844 3754 4899 τόν
3773 4839 3945 4899 οἷκον

633 4931 755 5001 Dei,
784 4943 948 4988 coetus
975 4972 992 5000 ,
1024 4942 1076 4988 et
1109 4934 1394 4989 memorias
1426 4932 1558 5008 [res]
1579 4936 2007 5008 contemptibiles
2041 4934 2227 5010 [esse].

708 5118 945 5175 Concilii
988 5118 1332 5190 Gangrensis
1366 5134 1547 5175 canon
1600 5120 1656 5189 5,
1701 5123 1792 5191 I9;
1829 5124 2051 5181 concilii
2097 5126 2237 5182 sexti

641 5226 823 5267 canon
853 5212 947 5276 76,
983 5212 1075 5278 88,
1105 5212 1196 5271 97.

713 5304 870 5363 CAP.
910 5306 976 5362 II.
1007 5336 1080 5347 ——
1114 5304 1199 5362 Ne
1238 5309 1563 5379 pauperibus
1610 5310 1668 5364 in
1719 5310 1957 5367 ecclesiis
2001 5315 2241 5370 convivia

643 5399 1026 5465 exhibeantur,
1053 5416 1219 5471 neque
1248 5403 1303 5456 in
1345 5404 1413 5457 iis
1436 5404 1774 5461 comedatur.

716 5493 949 5549 Concilii
984 5493 1283 5550 Laodiceni
1317 5512 1493 5552 canon
1519 5498 1589 5552 9.8
1618 5514 1635 5567 ;
1691 5498 1912 5555 concilii
1959 5501 2253 5573 Carthagi-

651 5588 845 5645 nensis
874 5603 1056 5643 canon
1075 5586 1179 5654 ως
1212 5589 1433 5645 concilii
1474 5591 1617 5646 sexti
1684 5608 1863 5649 canon
1899 5593 1985 5657 74,
2034 5595 2123 5651 76.
2159 5597 2251 5653 97.

720 5681 936 5738 Τρωίας.
1008 5681 1076 5737 Ει
1119 5692 1302 5738 const.
1352 5684 1388 5740 5
1421 5685 1507 5739 tit.
1569 5685 1639 5740 12
1683 5687 1781 5743 lib.
1836 5688 1858 5742 1
1898 5688 2035 5747 Cod.
2087 5700 2254 5761 vetat,

650 5787 781 5845 etc.,
813 5792 977 5849 usque
1002 5776 1072 5832 ad
1093 5784 1149 5834 et
1178 5776 1355 5836 hostis
1388 5779 1616 5853 degant,
1645 5790 1704 5837 ut
1742 5798 1865 5854 pag.
1902 5782 2030 5841 63L

2341 4941 2448 4997 τοῦ
2480 4942 2653 5010 Θεοῦ,
2695 4942 2797 4997 καὶ
2830 4942 2937 5011 τὰς
2968 4942 3283 5011 συνάξεις,
3314 4941 3543 5009 καὶτὰς
3569 4938 3813 5012 μνήμας
3840 4941 3946 4993 εὑ-

2343 5037 2809 5107 καταφρονήτου
2820 5059 2873 5105 ς.

2417 5132 2646 5185 Συνόδου
2689 5131 2957 5204 Γαγγρῶν
2995 5131 3176 5187 κανὼν
3224 5128 3286 5199 ε’,
3328 5128 3428 5185 t0"
3468 5129 3692 5185 συνόδου
3750 5126 3805 5191 ς’
3839 5144 3946 5179 κα.-

2342 5224 2451 5281 νὼν
2479 5244 2552 5290 ος
2572 5267 2587 5294 ,
2625 5224 2737 5297 πη⁹,
2781 5223 2885 5295 νίζ’.

2418 5319 2675 5374 ΚΕΦΛΛ.
2712 5320 2790 5376 Β’.
2820 5350 2893 5361 —-
2921 5317 3065 5388 Περὶ
3098 5317 3205 5373 τοῦ
3230 5316 3318 5387 μὴ
3352 5314 3549 5370 ποιεῖν
3600 5314 3671 5368 ἐν
3724 5312 3951 5379 exelu-

2351 5410 2460 5478 σΙᾳ
2486 5411 2750 5481 ἀγάπας,
2777 5416 2878 5466 καὶ
2911 5412 2983 5466 ἐν
3013 5410 3168 5482 αὐτῇ
3195 5411 3445 5468 ἐσθίειν.

2426 5504 2658 5559 Συνόδου
2687 5504 3012 5569 Λαοδικείας
3038 5502 3221 5559 κανὼν
3248 5500 3333 5574 κη’
3352 5519 3367 5534 ο
3397 5499 3618 5555 συνόδου
3664 5495 3957 5570 Καρθαγέ·

2356 5615 2455 5669 νης
2484 5596 2666 5652 κανὼν
2693 5594 2778 5670 μβ⁹
2803 5611 2819 5628 ·
2857 5598 3076 5652 συνόδου
3112 5603 3165 5663 ς’
3201 5595 3383 5651 κανὼν
3413 5592 3506 5660 οδ’,
3530 5600 3640 5660 ος¹υ
3677 5589 3784 5659 ιτς*

2432 5691 2742 5762 Κείμενον.
2779 5693 2891 5746 Καὶ
2922 5694 2957 5762 ἠ
2986 5690 3034 5763 γ’
3065 5692 3205 5748 διάτ.
3257 5690 3351 5746 τοῦ
3385 5688 3452 5763 ιβ’
3493 5690 3623 5755 τίτ.,
3655 5688 3750 5743 τοῦ
3783 5685 3829 5741 α’
3870 5684 3960 5756 3-.-

2358 5787 2509 5841 ϐλίου
2532 5786 2627 5840 τοῦ
2656 5786 2925 5852 Κώῧικος,
2953 5805 3065 5842 κ.τ.
3098 5787 3178 5856 λ.,
3206 5802 3304 5859 usq
3328 5802 3395 5843 ne
3420 5785 3484 5841 ad
3510 5785 3605 5840 καὶ
3630 5784 3831 5849 στοαῖς,
3859 5779 3961 5833 καὶ

2356 5879 2622 5954 λούτροις,
2657 5880 2752 5935 καὶ
2775 5880 2999 5952 κήποις.
3075 5939 3082 5951 ι
