4146 6458
360 364 499 446 1065

1390 364 2113 426 NOMOCANON.—TIT.
2144 364 2247 437 Vl,
2280 364 2438 425 CAP.
2468 364 2649 428 I-IlI.

3539 361 3676 426 1065

424 476 471 527 Σ
473 474 705 543 χόλων.
756 471 822 525 'll
857 469 905 541 γ’
936 471 1079 528 διάτ.
1136 470 1232 525 τοῦ
1287 470 1354 543 ιβ’
1385 475 1491 528 τίτ.
1523 473 1616 526 τοῦ
1668 479 1713 526 α’
1746 472 1959 543 βιϐλίου

2145 471 2438 527 Sclwlium.
2470 472 2711 529 Constit.
2745 472 2799 534 5,
2829 471 2913 526 tit.
2950 472 3041 537 12,
3076 472 3170 527 lib.
3215 488 3231 527 ι
3268 472 3391 527 ροιί.
3443 485 3527 529 cst
3568 476 3665 528 lib.

353 564 450 619 τοῦ
484 564 741 629 κώδικος,
779 564 894 617 ἐστι
922 563 1127 635 βιϐλίον
1154 562 1193 617 ε’
1238 564 1351 618 τῶν
1387 566 1715 632 Βασιλικῶν,
1752 565 1864 619 τίτ.
1885 572 1956 629 α’,

356 673 485 725 κεφ.
532 662 620 720 ια’,
659 656 833 720 οὕτως
865 655 989 726 ἔχον
1017 674 1030 686 ·
1064 655 1244 727 Μέχρι
1273 657 1382 710 τῶν
1419 658 1527 729 πρὸ
1561 658 1663 728 τῆς
1697 657 1962 729 δημοσίας

356 750 566 820 ἀγορᾶς
590 747 694 819 τῆς
734 748 1061 819 Ἐκκλησίας
1085 749 1233 820 ὅρον,
1257 750 1318 802 τὸ
1346 750 1584 818 ἀσφαλὲς
1608 750 1887 821 ἐχέτωσαν
1911 750 1961 803 oi

362 841 775 914 προσφυγόντες
808 841 1109 913 ἐνδοτέροις
1130 841 1397 915 λουτροῖς,
1431 843 1465 914 ἢ
1490 843 1714 914 κήποις,
1742 842 1776 914 ἢ
1806 844 1964 915 οἰκή-

361 952 549 1004 μασιν,
582 934 851 1005 ῆαὺλαῖς,
884 933 918 1004 ἢ
962 936 1143 997 στοαῖς
1179 934 1479 1005 χρώμενοι,
1507 934 1604 989 καὶ
1645 934 1967 989 κωλυέσθω-

360 1041 462 1077 σαν
503 1024 654 1087 ἐντὸς
677 1022 771 1076 τοῦ
794 1022 948 1087 ναοῦ,
985 1023 1019 1095 ἦ
1052 1024 1278 1090 ἐσθίειν,
1320 1025 1352 1095 ἢ
1387 1025 1614 1080 ὑπνοῦν.
1644 1026 1874 1090 Ὅπλοις
1907 1025 1967 1079 δέ

359 1118 587 1179 ἑαυτοὺς
650 1117 726 1186 μὴ
778 1117 1293 1186 ἀσφαλιζέσοωσαν,
1345 1118 1461 1173 ἀλλ’
1518 1118 1967 1173 ἀποτιοέσοωσαν

357 1209 533 1262 ταῦτα
582 1210 736 1279 παρὰ
775 1209 851 1279 τῷ
897 1210 1185 1281 ὲπισκόπῳ
1212 1252 1226 1273 ,
1277 1211 1311 1282 ἢ
1353 1211 1672 1283 πειθόμενοι
1724 1211 1965 1280 πρῶτον,

359 1301 391 1370 ἦ
436 1300 575 1369 μετὰ
602 1300 777 1353 ταῦτα
818 1301 1213 1373 ἐκϐαλλόμενοι
1248 1304 1391 1358 κατὰ
1425 1304 1679 1358 κέλευσιν
1712 1304 1806 1357 τοῦ
1843 1305 1967 1357 ἐπι-

360 1391 569 1445 σκόπου
602 1394 697 1445 καὶ
722 1392 833 1447 τῶν
857 1394 1153 1450 δικαστῶν.

432 1481 685 1535 ΚΕΦΑΛ.
720 1480 799 1536 Γ’.
835 1512 905 1521 —-
934 1484 1077 1551 Περὶ
1120 1483 1241 1539 τῶν
1284 1484 1713 1547 εὐτελιζόντων
1740 1487 1849 1552 τὰς
1881 1505 1969 1555 γι-

356 1573 618 1642 νομένας
660 1572 922 1642 ἀγὰπας,
959 1576 1058 1627 καὶ
1106 1574 1196 1629 ὅτι
1226 1578 1298 1630 οὐ
1333 1576 1431 1630 δεῖ
1450 1577 1604 1647 μέρη
1638 1577 1971 1647 λαμϐάνειν

355 1669 446 1732 εὶς
476 1666 744 1735 ἀγάπην.
820 1740 824 1743 Δ

430 1760 659 1812 Συνόδου
698 1759 968 1829 Γαγγρῶν
995 1759 1179 1814 κανὼν
1231 1761 1297 1815 ια’
1322 1778 1335 1792 ·
1383 1762 1602 1815 συνόδου
1648 1762 1970 1827 Λαοδικείας

359 1870 541 1905 κανων
566 1870 630 1917 κς
660 1891 673 1904 .

2065 578 2096 617 v
2124 564 2289 620 Basil.
2330 566 2407 620 tit.
2448 566 2499 629 l,
2567 581 2690 635 cap.
2754 564 2844 630 ll,
2878 565 3023 634 quod
3070 565 3153 619 sic
3200 564 3409 620 habet:
3453 565 3558 632 Qui
3607 568 3677 621 ad

2066 661 2360 715 ecclesiam
2403 660 2754 731 confugiunt,
2788 676 2963 730 usque
2998 660 3065 713 ad
3099 660 3221 730 ejus
3251 661 3541 725 terminos,
3573 663 3669 731 qui

2068 764 2194 807 ante
2225 753 2504 821 publicum
2566 753 2750 807 lorum
2813 762 2966 815 sunt.
3004 753 3357 807 securitatem
3414 753 3672 808 habento.

2075 841 2444 896 Interim-ibus
2489 842 2721 907 balneis,
2770 843 2965 907 hortis,
3016 842 3296 905 domibus,
3351 842 3527 903 atriis,
3566 856 3665 895 aut

2072 936 2380 1005 porticibus
2406 943 2651 999 utuntor,
2699 936 2840 990 intra
2897 938 3164 1006 templum
3217 944 3313 990 aut
3362 937 3527 991 edere
3576 947 3675 990 aut

2069 1028 2314 1083 dormire
2356 1038 2626 1083 vetantor.
2661 1028 2741 1083 Ne
2773 1045 2833 1084 se
2868 1031 3039 1084 armis
3073 1030 3367 1084 muniunto
3399 1048 3411 1084 :
3446 1031 3540 1085 sed
3572 1030 3665 1084 illa

2072 1119 2215 1187 apud
2276 1118 2599 1187 episcopum
2658 1118 3023 1188 deponunto:
3068 1129 3123 1174 et
3150 1120 3202 1173 ni
3258 1123 3677 1191 quamprimum

2069 1219 2323 1279 parcant,
2354 1210 2671 1281 moxjussu
2721 1212 2965 1282 episcOpi
3016 1222 3071 1267 ct
3124 1212 3548 1284 magistratuum
3579 1214 3681 1284 eji-

2070 1302 2312 1357 ciuntut‘.

2147 1484 2302 1540 CAP.
2337 1483 2427 1540 lll.
2459 1517 2529 1526 —
2566 1486 2640 1541 De
2689 1486 2771 1539 his
2852 1486 2945 1557 qui
3008 1495 3357 1539 contemnunt
3402 1487 3677 1556 pastiones

2072 1593 2386 1646 pauperum.
2416 1587 2487 1643 et,
2519 1577 2659 1648 quod
2716 1595 2819 1633 non
2854 1580 3132 1633 conveniat
3172 1580 3241 1632 ad
3297 1595 3386 1632 eas
3416 1576 3676 1651 [vocatos]

2072 1680 2279 1740 partem
2301 1688 2529 1726 sumere.

2145 1764 2376 1820 Concilii
2408 1765 2973 1833 Grangrensiscanon
3004 1768 3064 1821 11
3092 1783 3107 1831 ;
3135 1766 3351 1822 concilii
3380 1766 3675 1824 Laodiceni

2001 1846 2047 1904 Β
2077 1873 2260 1913 canon
2290 1858 2384 1913 27.

1727 2239 2135 2325 ΤΙΤΛΟΣ
2212 2228 2364 2331 εἶ’.

1656 2423 1821 2475 ΠΕΡΙ
1879 2422 2390 2495 ΚΑΗΙΟΦΟΡΙΩΝ,

1966 2610 2032 2620 -ιη

1529 2755 2004 2835 TITULUs
2084 2716 2511 2837 SEXTUS.

1412 2930 1510 2991 DE
1554 2933 1973 2995 FRUCTUUM
2035 2932 2624 2995 OBLATIONIBUS.

433 3258 835 3315 ΚΕΦΛΛΛῘΟΝ
870 3258 1168 3312 ΠΡΩΤΟΝ.
1201 3282 1272 3299 -ο
1298 3255 1441 3324 Περὶ
1474 3254 1921 3326 καρποφοριῶν.

2150 3256 2304 3311 CAP.
2346 3255 2643 3313 PRIMUM.
2666 3286 2735 3297 —
2763 3256 2841 3310 De
2872 3256 3149 3325 fructuum
3185 3256 3566 3312 oblaticiiibus.

444 3352 783 3408 Ἀποστόλων
817 3350 1000 3406 κανὼν
1020 3358 1090 3420 γ’,
1122 3349 1183 3417 δ’,
1201 3351 1295 3415 νδ’,
1313 3356 1412 3404 9a."
1436 3349 1655 3403 συνόδου
1675 3347 1750 3414 ς’,
1777 3348 1958 3402 κανὼν

352 3445 472 3517 κη’,
503 3445 603 3513 νζ¹,
628 3443 725 3511 00',
764 3442 885 3512 1.,Θ’⁶
919 3442 1193 3514 Κυρίλλου
1222 3443 1289 3496 ἐκ
1312 3444 1412 3513 τῆς
1447 3441 1585 3512 πρὸς
1610 3440 1816 3511 Δόμνον
1856 3457 1956 3494 κα-

356 3539 467 3595 νὼν
491 3537 556 3610 β’.

436 3633 743 3702 Κείμενον.
763 3630 825 3685 Ἥ
856 3629 939 3702 λη’
965 3629 1107 3685 διάτ.
1169 3629 1263 3683 τοῦ
1294 3635 1344 3698 γ’
1375 3628 1481 3682 τίτ.
1514 3627 1611 3683 τοῦ
1652 3622 1701 3683 α’
1725 3627 1958 3700 βιϐλίου,

355 3728 525 3798 φησὶν
567 3727 649 3780 ὅτι
678 3727 739 3779 οὐ
774 3725 872 3790 δεῖ,
905 3742 959 3778 κ.
988 3742 1039 3777 τ.
1064 3725 1115 3779 λ.
1155 3739 1354 3793 usque,
1384 3722 1456 3778 ad
1486 3723 1742 3791 εὐαγέσιν
1767 3722 1959 3786 οἴκοις,

432 3822 713 3889 Σχόλιον.
757 3818 821 3872 Ἠ
855 3817 935 3889 λη’
963 3818 1105 3872 διάτ.
1154 3818 1249 3871 τοῦ
1301 3815 1349 3886 γ’
1381 3818 1487 3870 τίτ.
1518 3817 1613 3871 τοῦ
1661 3814 1709 3870 α’
1750 3814 1959 3887 βιϐλίου

354 3911 453 3967 τοῦ
477 3912 708 3976 κὼδικος
734 3911 835 3965 οὐκ
855 3911 1015 3981 ἐτέθη
1046 3911 1126 3974 εἰς
1151 3910 1221 3963 τὰ
1248 3908 1535 3963 Βασιλικά.

430 4006 683 4059 ΚΕΦΑΛ.
713 4002 788 4059 B'.
823 4035 892 4046 —
925 4002 1104 4068 Τίνας
1130 4001 1221 4054 δεῖ
1256 4000 1610 4070 λαμϐάνειν,
1647 3998 1686 4069 ἣ
1726 3998 1961 4054 διδόναι

356 4098 795 4168 καρποφορίαν,
836 4096 935 4151 καὶ
994 4094 1131 4163 περὶ
1184 4093 1304 4149 τῶν
1351 4094 1787 4165 λαμϐανόντων
1837 4093 1961 4151 ἀπὸ

354 4194 694 4259 ἐκκλησίας
732 4192 940 4259 κηρὸν,
971 4188 1009 4256 ἣ
1041 4188 1271 4242 ἔλαιον.

445 4283 785 4338 Ἀποστὸλων
844 4281 1028 4336 κανὼν
1071 4278 1185 4351 οβ”
1220 4278 1439 4332 συνόδου
1481 4279 1751 4349 Γαγγρῶν
1776 4276 1958 4334 κανὼν

356 4377 428 4445 ζ’,
463 4377 541 4451 ξη¹
562 4396 577 4411 ο
609 4377 874 4447 Θεοφίλου
910 4378 975 4430 ἐκ
1004 4374 1098 4428 τοῦ
1134 4372 1580 4444 ’Υπομνηστικοῧ
1609 4372 1791 4428 κανὼν
1818 4374 1885 4439 ζ’.

433 4472 687 4526 ΚΕΦΑΛ.
732 4469 809 4524 I".
842 4469 981 4539 Περὶ
1017 4466 1139 4521 τῶν
1184 4469 1654 4537 προσφερόντων
1684 4482 1959 4539 συναγω-

357 4566 493 4636 γαῖς
518 4567 557 4635 ἢ
591 4564 769 4633 ἱεροῖς
800 4563 1012 4619 ἐθνῶν.

446 4658 787 4712 Ἀποστόλων
813 4656 993 4711 κανὼν
1025 4665 1127 4725 οαν,
1152 4659 1255 4730 οβ’.

432 4752 743 4820 Κείμενον.
780 4748 845 4803 ἸνΙ
884 4748 931 4803 α’
958 4750 1100 4807 διάτ.
1149 4750 1244 4805 τοῦ
1283 4748 1326 4804 θ’
1358 4742 1463 4803 τ’ίτ.
1538 4746 1634 4801 τοῦ
1673 4743 1720 4801 α’
1757 4745 1966 4818 βιϐλίου

2141 3348 2533 3419 Apostolorum
2564 3365 2740 3405 canon
2790 3350 2843 3412 5,
2882 3350 2935 3412 4,
2976 3348 3064 3413 54,
3108 3346 3211 3413 71ς
3245 3351 3472 3403 concilii
3530 3352 3673 3404 sexti

2074 3457 2251 3497 canon
2281 3442 2373 3509 ‘28,
2408 3443 2498 3509 57,
2536 3443 2624 3511 79,
2672 3443 2975 3516 99.Cyrilli
3011 3460 3081 3500 ex
3131 3443 3366 3513 epistola
3398 3444 3467 3498 ad
3504 3443 3675 3499 Dum—

2078 3551 2207 3589 uum
2226 3552 2404 3591 canon
2433 3538 2492 3592 2.

2148 3627 2366 3683 Toxlus.
2390 3629 2577 3689 Const.
2596 3630 2686 3694 58,
2713 3631 2793 3686 lit.
2814 3631 2869 3695 '5,
2895 3631 2990 3687 lib.
3023 3645 3037 3686 1
3069 3634 3195 3689 cod.
3219 3633 3297 3689 ait
3320 3649 3334 3686 :
3360 3630 3515 3697 Quod
3542 3645 3672 3697 non,

2070 3727 2201 3785 etc.,
2224 3738 2388 3791 usque
2411 3721 2480 3775 ad
2510 3724 2915 3780 venerabilibus
2931 3725 3208 3792 domibus,
3235 3738 3294 3779 ut
3315 3740 3438 3795 pag.
3477 3723 3605 3778 654.

2146 3817 2439 3873 Scholium.
2477 3819 2667 3875 Const.
2696 3820 2786 3887 58,
2821 3820 2903 3876 tit.
2954 3820 3009 3886 5,
3035 3822 3133 3879 lib.
3168 3822 3337 3878 tcod.
3381 3821 3438 3875 in
3506 3820 3673 3875 anil.

2073 3924 2182 3965 non
2209 3918 2297 3965 est
2314 3912 2513 3979 posita.

2144 4001 2299 4058 CAP.
2327 4001 2392 4057 II.
2428 4032 2500 4042 -—
2536 4002 2812 4070 Quasnam
2844 4014 3087 4074 oporteat
3131 4006 3392 4075 accipere,
3419 4012 3514 4057 aut
3546 4004 3677 4057 dare

2073 4096 2346 4165 fructuum
2372 4093 2694 4161 oblationes,
2727 4106 2776 4150 et
2830 4098 2897 4151 de
2921 4099 2989 4153 iis
3020 4100 3111 4169 qui
3132 4115 3198 4153 ea:
3234 4098 3455 4152 ecciesia
3493 4114 3671 4151 ceram

2074 4200 2166 4243 aut
2197 4191 2371 4244 oleum
2396 4190 2726 4260 subripiunt.

2142 4282 2529 4353 Apostolorqu
2562 4298 2739 4337 canon
2785 4281 2886 4349 ἠς
2939 4284 3158 4340 concilii
3200 4282 3539 4355 Gangreusis
3579 4296 3673 4336 ca-

2073 4392 2182 4431 non
2215 4377 2267 4442 7,
2301 4375 2358 4437 6,
2390 4374 2462 4439 8;
2496 4373 2785 4444 Theophili
2806 4390 2873 4428 ex
2892 4375 3315 4430 commonitorio
3346 4388 3523 4429 canon
3552 4372 3603 4427 7.

2144 4467 2299 4525 CAP.
2340 4466 2425 4523 Ill.
2462 4498 2533 4509 —
2573 4467 2649 4521 De
2700 4466 2766 4520 iis
2812 4469 2903 4539 qui
2948 4468 3179 4537 o/feruut
3231 4468 3543 4538 synagoqis,
3575 4477 3669 4520 aut

2073 4562 2283 4633 templis
2309 4562 2568 4633 gentium.
3102 4558 3105 4559 ν

1990 4648 2044 4708 D
2141 4656 2534 4727 Apostolorum
2572 4669 2751 4710 canon
2781 4654 2871 4722 7i,
2900 4654 2988 4708 72.

2139 4753 2356 4805 Textus.
2408 4746 2600 4803 Const.
2660 4750 2709 4816 l,
2744 4750 2829 4803 tit.
2880 4748 2933 4813 9,
2982 4747 3077 4802 lib.
3111 4763 3128 4802 I
3160 4746 3286 4803 cod.
3334 4748 3413 4802 ait
3443 4764 3457 4802 :
3486 4745 3668 4814 Quod,

356 4847 454 4900 τοῦ
488 4845 721 4909 κώδικος
762 4846 951 4915 φησὶν,
983 4862 1038 4899 κ.
1080 4863 1131 4901 τ.
1162 4845 1211 4900 λ.
1242 4859 1418 4913 usque
1467 4842 1535 4897 ad
1568 4843 1602 4914 ή
1644 4842 1803 4906 πόλις
1834 4840 1962 4895 αὐτὸ

2070 4852 2196 4909 etc.,
2227 4857 2391 4913 usque
2422 4843 2490 4895 ad
2517 4842 2711 4898 civitas
2740 4840 2939 4912 capiat,
2968 4852 3025 4894 ut
3052 4856 3199 4911 pag..
3232 4841 3361 4896 655.

354 4939 650 5012 λαμϐάνει.

429 5033 715 5103 Σχόλιον.
754 5032 817 5087 ἸΙ
864 5032 910 5087 α’
955 5032 1099 5087 διάτ.
1166 5032 1260 5085 τοῦ
1307 5030 1351 5086 θ’
1395 5030 1499 5087 τίτ.
1530 5028 1625 5085 τοῦ
1672 5035 1719 5084 α’
1758 5024 1966 5100 βιϐλίου

355 5126 456 5180 τοῦ
480 5126 711 5190 κώδικος
733 5128 834 5182 οὐκ
864 5128 1025 5199 ἐτέθη
1053 5130 1135 5192 εἰς
1158 5130 1225 5183 τὰ
1251 5127 1537 5182 Βασιλικά.
1585 5126 1648 5179 Ἢ
1676 5124 1733 5178 δὲ
1761 5124 1960 5195 ἐννάτη

356 5216 503 5271 διάτ.
542 5218 637 5270 τοῦ
698 5225 766 5271 ια’
806 5221 910 5272 τίτ.
968 5218 1062 5272 τοῦ
1100 5216 1147 5272 α’
1178 5217 1388 5288 βιϐλίου
1423 5216 1516 5271 τοῦ
1556 5215 1812 5278 κώδικος,
1844 5213 1961 5267 ἐστι

358 5309 567 5379 βιϐλίον
618 5311 727 5363 τῶν
779 5311 1088 5365 Βασιλικῶν
1122 5310 1193 5378 α’,
1237 5310 1344 5365 τίτ.
1376 5316 1445 5377 α’,
1480 5327 1608 5381 κεφ.
1655 5308 1738 5375 ιδ’,
1786 5305 1960 5372 οὕτως

357 5399 483 5471 ἕχον
515 5400 593 5465 ὡς
622 5402 703 5466 εἰς
726 5402 788 5455 τὸ
819 5402 1072 5473 κείμενον
1096 5401 1432 5473 συνωψίσθη.

748 5952 985 6009 ΡΑτιιιῖι
1009 5988 1023 6007 .
1064 5947 1187 6005 Gn.
1233 5947 1387 6007 CIV.

2142 5006 2436 5063 Scltolium.
2479 5006 2747 5073 Const.l,
2778 5008 2864 5060 tit.
2914 5005 2968 5071 9,
3031 5005 3129 5061 lib.
3169 5021 3181 5058 ι
3220 5004 3346 5060 cod.
3391 5004 3446 5058 in
3498 5002 3671 5059 Basil.

2070 5118 2179 5156 non
2208 5111 2293 5157 est
2341 5101 2535 5173 posita.
2598 5099 2704 5157 Sed
2737 5109 2915 5156 const.
2958 5100 3013 5162 9.
3060 5101 3144 5156 tit.
3192 5100 3281 5165 ll,
3329 5100 3426 5155 lib.
3484 5114 3500 5152 ι
3541 5100 3667 5152 cod.

2070 5197 2270 5252 estlib.
2309 5212 2324 5249 ι
2379 5195 2544 5250 Basil.
2573 5196 2658 5249 tit.
2706 5196 2757 5263 l,
2786 5212 2909 5266 cap.
2943 5197 3031 5262 Η,
3065 5195 3214 5265 quod
3250 5196 3332 5250 sic
3361 5195 3545 5249 habet.
3600 5191 3671 5247 Ut

2072 5292 2125 5344 in
2160 5298 2312 5346 textu
2345 5291 2448 5346 sub
2481 5289 2813 5360 compendio
2836 5290 3178 5361 propositum
3204 5299 3311 5344 CSl.

3165 5936 3241 5997 3's
