4146 6430
515 328 642 389 1:07

1659 331 1916 388 l‘llO'l’ll
1966 329 2474 389 l‘.‘.'l'lllAllClI:E
2523 329 2633 388 (ΖΡ.

3693 326 3832 390 1068

1875 721 2282 808 ΤΙΤΛοΣ
2362 721 2464 806 Ζ’.

513 911 676 966 ΠΕΡΙ
728 907 1090 974 ΝΗΣΤΕΙΛΣ,
1131 906 1250 959 ΚΑΙ
1302 906 1438 958 ΤΗΣ
1490 905 2723 1032 ΤΕΣΣΑΡΑΚΟΣΤΠξξΜΙὲἓΣΚΥΡΙᾹΚΗΣ,
2787 907 2908 960 ΚΑΙ
2989 906 3372 978 ΣᾹΒΒΑἸὉΥ,
3408 911 3533 964 ΚΑΙ
3576 911 3612 964 Γ
3621 910 3800 966 ΟΝΥ·

1567 1155 2041 1233 TlTULUS
2117 1154 2675 1233 SEPTIMUS.

498 1333 605 1392 DE
631 1330 970 1397 JEJUNIO.
994 1331 1379 1405 QUADRAG
1396 1332 1665 1406 ESIMA,
2767 1333 3172 1398 DOMINICO
3211 1334 3370 1410 DIE,
3406 1335 3810 1411 SABBATO,

569 1627 800 1684 CAPUT
865 1624 1170 1682 PRIMUM.
1209 1655 1278 1664 —
1310 1624 1386 1679 De
1417 1625 1647 1696 jejunio,
1675 1635 1723 1680 et
1771 1627 1839 1680 iis
1886 1642 2006 1696 qua:
2056 1627 2092 1680 ii

2291 1626 2690 1680 ΚΕΦΑΛΑΙΟΝ
2718 1627 3018 1682 ΠΡΩΤΟΝ.
3048 1657 3118 1668 -
3159 1626 3302 1696 Περὶ
3340 1628 3647 1696 νηστείας,
3700 1630 3805 1684 καὶ

497 1721 923 1792 Quadragesima
962 1719 1296 1791 jejuniorum
1328 1719 1489 1774 vetita
1535 1728 1627 1773 aut
1651 1719 1910 1788 permissa
1939 1730 2086 1774 sunt.

568 1932 958 2003 Apostolorum
993 1946 1170 1986 canon
1203 1929 1293 1996 Gl,
1340 1929 1442 1997 69;
1476 1931 1695 1987 concilii
1725 1931 2084 2004 Gangrensis,

498 2043 674 2084 canon
712 2025 936 2090 18,19;
970 2023 1188 2079 coiicilii
1230 2023 1526 2078 Laodiccui
1577 2026 1862 2089 cauon49,
1885 2027 1973 2093 50,
2010 2027 2100 2090 51,

497 2119 602 2183 5'2;
629 2116 848 2172 concilii
881 2115 1021 2170 sexti
1104 2129 1282 2170 canon
1313 2114 1405 2181 29,
1449 2112 1540 2180 52,
1574 2113 1662 2182 55,
1700 2116 1791 2183 56,
1821 2117 1920 2182 89;
1954 2117 2099 2172 Petri

498 2226 678 2264 canon
717 2208 805 2263 15.
1885 2275 1889 2278 γ

568 2299 785 2354 Textus.
813 2297 1002 2353 Const.
1042 2297 1096 2359 5,
1139 2298 1225 2352 ιίι.
1267 2298 1357 2366 l2,
1390 2298 1485 2353 lib.
1521 2315 1580 2354 ιιι
1632 2301 1755 2356 cod.
1789 2301 1867 2356 ait
1903 2301 2099 2368 :Quod

499 2391 891 2461 Quadraginta,
940 2397 1069 2456 etc.,
1109 2407 1272 2460 usque
1311 2391 1380 2444 ad
1433 2391 1702 2448 duntaxat
1753 2394 1984 2464 ignosci,
2041 2406 2097 2448 ut

497 2502 622 2556 pug.
656 2483 781 2538 (539.

567 2576 864 2631 Sclzolium.
896 2573 1087 2629 Const.
1118 2573 1173 2639 5,
1201 2573 1284 2638 tit,
1323 2573 1411 2639 ιε,
1438 2573 1534 2628 lib.
1571 2590 1632 2628 ιιι
1703 2575 1826 2630 cod.
1861 2588 1942 2632 cst
1971 2594 2093 2648 cap.

496 2670 584 2736 29.,
614 2670 696 2724 tit.
735 2668 834 2733 l7;
865 2668 960 2731 lib,
998 2683 1070 2721 vn
1115 2666 1282 2721 Basil.
1322 2677 1500 2722 cunst.
1532 2668 1566 2722 6
1609 2668 1859 2738 ejusdem
1900 2672 1982 2724 tit.
2012 2681 2097 2725 est

493 2779 613 2833 cap.
631 2761 876 2832 ejusdem
909 2760 1004 2815 lib.
1033 2771 1087 2814 et
1115 2759 1198 2814 tit.
1220 2760 1290 2814 “25
1310 2778 1324 2827 ;
1347 2769 1525 2818 const.
1551 2761 1580 2814 7
1602 2773 1685 2817 est
1711 2779 1833 2832 cap.
1851 2763 1922 2817 9.4
1943 2764 2096 2834 ejus-

492 2858 616 2912 dem
653 2857 747 2910 lib.
783 2864 836 2910 et
868 2854 954 2909 tit.
1005 2863 1186 2909 const.
1215 2853 1246 2909 8
1277 2863 1362 2909 est
1408 2870 1533 2925 cap.
1564 2855 1635 2910 25’
1675 2872 1690 2922 ;
1725 2857 1970 2922 ejusdem
1997 2857 2092 2912 lib.

492 2959 549 3006 et
583 2951 668 3005 tit.
703 2948 848 3019 quod
904 2949 956 3002 in
1004 2956 1157 3003 textu
1206 2948 1603 3018 comprehensa
1649 2950 1783 3004 dicit
1825 2961 2004 3005 const.
2038 2951 2092 3017 5,

2224 1720 2343 1773 τῶν
2375 1720 2832 1790 κεκωλυμένων,
2880 1719 2918 1790 τί)
2977 1720 3498 1791 ἑπιτετραμμένων
3540 1721 3815 1791 τίνεσθαι

2209 1814 2279 1866 ἐν
2315 1812 2383 1884 τῇ
2415 1813 2886 1884 τεσσαρακοστῇ
2917 1814 3036 1868 τῶν
3071 1814 3392 1884 νηστειῶν.

2299 1928 2640 1982 Ἀποστόλων
2671 1927 2853 1984 κανὼν
2895 1927 2994 1994 ξα’,
3028 1928 3102 1994 ξθ¹
3125 1945 3138 1959 ⁸
3171 1930 3392 1984 συνόδου
3429 1929 3693 2000 Γαγγρῶν
3716 1948 3816 1984 καο

2214 2017 2318 2073 νὼν
2379 2017 2469 2091 ιη’,
2516 2019 2579 2073 ιϐ’
2602 2035 2615 2049 ο
2664 2021 2885 2075 συνόδου
2913 2021 3234 2085 Λαοδικείας
3263 2020 3446 2076 κανὼν
3476 2022 3586 2092 μθ’,
3611 2021 3674 2086 ν’,
3704 2021 3806 2090 να’,

2212 2111 2290 2183 νβ’
2313 2130 2325 2144 ο
2354 2113 2574 2167 συνόδου
2609 2112 2661 2178 ς’
2689 2113 2874 2169 κανὼν
2905 2114 3010 2187 κβ’,
3035 2113 3134 2186 νβ’,
3169 2113 3265 2181 νε’,
3301 2114 3415 2184 νς’,
3441 2114 3529 2170 πθ¹
3553 2133 3568 2148 °
3597 2110 3809 2188 Πέτρου

2209 2204 2392 2260 κανὼν
2423 2204 2506 2261 ιε’.

2281 2301 2592 2369 Κείμενον.
2641 2301 2705 2355 Ἢ
2759 2300 2800 2354 ε’
2826 2301 2966 2356 διάτ.
3002 2301 3095 2355 τοῦ
3123 2301 3187 2373 ιβ’
3217 2305 3322 2357 τίτ.
3389 2303 3484 2357 τοῦ
3523 2301 3571 2372 γ’
3603 2302 3806 2374 βιϐλίου

2204 2393 2302 2447 ’τοῦ
2328 2393 2582 2458 κώδικος,
2600 2395 2787 2466 φησὶν,
2814 2413 2865 2449 κ.
2897 2413 2948 2449 τ.
2976 2395 3049 2461 λ.,
3071 2411 3246 2467 usque
3265 2395 3334 2451 ad
3354 2396 3402 2450 οἱ
3419 2397 3595 2451 λοιποὶ
3619 2415 3806 2466 συγγι-

2210 2487 2531 2543 νὼσκονται,

2281 2582 2559 2648 Σχόλίον.
2607 2581 2671 2635 Ἦ
2705 2579 2744 2634 ε’
2774 2581 2913 2636 διάτ.
2994 2581 3088 2635 τοῦ
3127 2581 3192 2653 ιβ’
3228 2583 3333 2637 τίτ.
3382 2584 3475 2638 τοῦ
3518 2583 3568 2654 γ’
3600 2585 3800 2656 βιϐλίου

2209 2674 2302 2728 τοῦ
2337 2675 2590 2740 κώδικος,
2623 2675 2738 2729 ἔστι
2773 2695 2899 2746 κεφ.
2945 2676 3027 2748 κβ⁹
3084 2677 3176 2730 τοῦ
3228 2676 3292 2740 ιζ’
3336 2680 3441 2732 τίτ.
3508 2680 3605 2733 τοῦ
3637 2680 3679 2745 ζ’
3716 2681 3799 2751 βι-

2209 2769 2359 2822 ϐλίου
2383 2769 2490 2821 τῶν
2518 2768 2844 2824 Βασιλικῶν.
2889 2769 2955 2824 Ἦ
2984 2769 3036 2835 ς’
3065 2770 3206 2825 διάτ.
3237 2771 3328 2825 τοῦ
3357 2772 3523 2826 αὐτοῦ
3556 2773 3661 2828 τίτ.
3684 2775 3798 2827 ἐστι

2210 2879 2337 2930 κεφ.
2384 2861 2480 2916 τοῦ
2519 2862 2688 2916 αὐτοῦ
2732 2864 2938 2934 βιϐλίου
2971 2864 3078 2918 τῶν
3115 2865 3440 2919 Βασιλικῶν.
3471 2867 3538 2920 ἸΙ
3571 2865 3623 2932 ς’
3655 2867 3792 2922 διάτ.

2210 2956 2304 3009 τοῦ
2342 2956 2507 3010 αὐτοῦ
2542 2957 2646 3011 τίτ.
2679 2956 2794 3010 ἔστι
2835 2975 2960 3027 κεφ.
2996 2959 3090 3012 τοῦ
3119 2958 3286 3012 αὐτοῦ
3325 2957 3530 3029 βιϐλίου
3568 2961 3661 3014 καὶ
3691 2961 3794 3018 τίτ.

493 3044 581 3098 tit.
614 3045 669 3104 4,
704 3044 796 3097 lib.
835 3058 849 3096 ι
883 3042 1006 3097 cod.
1039 3050 1123 3096 est
1163 3056 1286 3112 cap.
1319 3041 1410 3107 26,
1449 3042 1530 3097 tit.
1575 3042 1657 3108 l7,
1693 3043 1784 3098 lib.
1821 3059 1893 3097 vn
1923 3043 2092 3100 Basil.

2203 3046 2388 3116 κγ’.ῚΙ
2419 3047 2488 3118 ξιξ
2522 3048 2660 3102 διάτ.
2701 3049 2817 3102 ἔστι
2851 3066 2977 3120 κεφ.
3016 3047 3093 3102 κδ’
3131 3051 3226 3103 τοῦ
3263 3050 3426 3104 αὑτοῦ
3462 3050 3667 3120 βιϐλίου
3702 3051 3794 3105 καὶ

494 3138 642 3207 quod
678 3138 750 3190 ita
786 3135 901 3190 fere
932 3135 1096 3190 habet
1131 3152 1144 3190 :
1180 3135 1657 3200 Quemadmodum
1709 3152 1738 3189 a
1779 3139 2093 3207 patriarcha

492 3234 549 3286 in
585 3230 973 3298 compendium
1021 3237 1104 3284 est
1139 3239 1504 3284 contractum.
1539 3229 1808 3284 Czclerum
1861 3233 1905 3284 si
1953 3248 2094 3300 quo-

495 3341 624 3379 nam
658 3323 746 3378 die
782 3323 992 3393 judicia
1023 3332 1266 3385 cessent,
1312 3336 1502 3377 exacte
1535 3324 1746 3378 discere
1779 3324 1912 3379 relis
1939 3343 1949 3378 :
1981 3329 2096 3396 Icge

493 3418 835 3473 adorandam
869 3416 1015 3470 illam
1054 3415 1324 3471 divinitus
1352 3417 1626 3481 coronati,
1661 3418 1852 3486 optimi
1895 3416 2094 3490 [niaxi-

495 3510 617 3583 mi],
665 3527 728 3566 ac
759 3510 936 3565 sancti
987 3511 1160 3565 nostri
1195 3509 1567 3579 imperatoris,
1597 3511 1785 3564 domui
1829 3509 2092 3565 Manut-lis

489 3609 761 3664 Comueni
809 3607 1103 3672 novellam,
1162 3622 1351 3662 mense
1399 3607 1618 3667 Martio.
1664 3609 1964 3663 indictione.
2003 3611 2091 3671 Μ,

491 3717 639 3756 anno
675 3719 703 3755 a
730 3701 952 3756 Christo
986 3717 1147 3771 passo
1170 3701 1275 3755 674
1307 3701 1592 3765 emissam,
1623 3711 1786 3770 atque
1820 3702 1935 3756 lucc
1966 3714 2089 3772 post

492 3792 828 3861 prommium
855 3791 1312 3862 complectentem
1347 3809 1360 3846 :
1391 3793 1672 3848 sancimus
1699 3795 1865 3862 igitur
1921 3805 1981 3849 ut
2012 3795 2087 3849 illi

494 3884 617 3937 dies
641 3882 820 3937 feriati
854 3884 985 3949 sint,
1015 3899 1156 3955 quos
1187 3884 1237 3937 in
1277 3885 1534 3954 prwscnti
1563 3886 1958 3941 constitutione
1995 3902 2093 3940 no-

494 3974 747 4028 minutim
792 3976 1269 4032 enumerabimus.
1307 3977 1552 4044 Quorum
1590 3977 1682 4031 alii
1733 3979 1960 4032 omnino
1997 3979 2091 4034 toti

495 4065 682 4120 feriati
713 4065 845 4132 sint,
877 4074 938 4120 ut
978 4068 1132 4122 nullo
1166 4067 1331 4123 modo
1367 4067 1475 4122 ulla
1509 4067 1750 4138 ipsorum
1780 4080 1933 4139 parte
1959 4087 2094 4125 cou-

491 4159 644 4213 stitui
679 4157 951 4228 judicium
998 4159 1190 4228 possit,
1219 4171 1371 4214 extra
1422 4174 1589 4229 quam
1637 4160 1682 4214 si
1732 4158 1874 4215 forte
1915 4161 2093 4230 impe-

491 4258 644 4304 rator
675 4248 1104 4318 dispensationis
1135 4249 1318 4316 modo,
1348 4259 1444 4304 aut
1481 4248 1756 4322 [prepter]
1789 4252 2091 4308 necessita-

495 4355 603 4396 tem
636 4343 720 4413 (ut
775 4343 947 4396 multa
981 4358 1360 4414 salpcnumero
1398 4359 1584 4398 rerum
1620 4345 1943 4400 vicissitudo
1990 4362 2091 4400 no—

2198 3141 2402 3194 τίτλου.
2442 3141 2508 3194 Ἠ
2539 3148 2587 3212 η’
2615 3142 2754 3196 διάτ.
2799 3143 2915 3196 ἔστι
2951 3161 3078 3212 κεφ.
3116 3141 3193 3196 κε’
3231 3143 3328 3197 τοῦ
3369 3144 3534 3198 αὐτοῦ
3561 3146 3666 3199 τίτ.
3705 3147 3796 3198 καὶ

2201 3233 2405 3304 βιϐλίου
2450 3234 2516 3286 τὰ
2547 3234 2626 3303 τῷ
2665 3235 2908 3306 κειμένῳ
2931 3235 3298 3308 περιεχόμενα
3334 3236 3512 3306 λέγον.
3547 3238 3657 3292 Καὶ
3685 3239 3717 3309 ἡ
3747 3253 3792 3306 γ’

2195 3326 2337 3380 διάτ.
2395 3326 2490 3380 τοῦ
2519 3324 2565 3380 δ’
2590 3329 2724 3393 τίτ.,
2756 3326 2805 3384 α’
2850 3327 3059 3397 βιϐλίου
3097 3328 3191 3382 τοῦ
3237 3327 3486 3394 κώδικος,
3528 3329 3642 3383 ἔστι
3672 3347 3790 3398 κεφ.

2197 3416 2289 3482 κς¹
2354 3418 2450 3472 τοῦ
2495 3416 2559 3481 ιζ’
2591 3436 2700 3472 τιτ.
2734 3418 2829 3472 τοῦ
2853 3417 2897 3484 ζ’
2930 3418 3136 3489 βιϐλίου
3166 3419 3274 3474 τῶν
3303 3419 3605 3472 Βασιλικῶν
3633 3419 3797 3482 οὕτως

2195 3511 2318 3580 ἔχον
2365 3510 2554 3580 σχεδὸν
2602 3511 2676 3574 ὡς
2706 3511 2858 3583 παρὰ
2881 3511 2974 3564 τοῦ
3005 3513 3351 3583 πατριάρχου
3377 3511 3709 3582 συνωψίσθη.
3735 3511 3795 3564 El

2197 3604 2372 3667 θέλεις
2401 3605 2457 3658 δὲ
2491 3605 2685 3674 μαθεῖν
2714 3603 2961 3677 ἀκριϐῶς
2993 3606 3137 3658 κατὰ
3166 3605 3326 3658 ποίαν
3365 3604 3578 3676 ἡμέραν
3610 3605 3788 3674 ἀπρα-

2197 3697 2386 3751 κτοῦσι
2429 3700 2495 3750 τὰ
2521 3699 2869 3770 δικαστήρια,
2909 3697 3186 3767 ἀνάγνωθι
3217 3697 3318 3769 τὴν
3348 3699 3490 3752 κατὰ
3517 3698 3608 3751 τὸν
3640 3698 3794 3766 Μὰρ-

2195 3808 2308 3844 τιον
2336 3791 2481 3862 μῆνα
2505 3792 2607 3860 τῆς
2631 3788 3035 3855 ιδ’ἰνδικτιῶνος
3061 3789 3156 3844 τοῦ
3188 3788 3353 3863 ιςχοᾶ
3411 3789 3567 3854 ἔτους
3599 3789 3796 3844 ἀπολυ-

2197 3879 2382 3936 θεῖσαν
2400 3883 2782 3952 προσκυνητὴν
2798 3881 3020 3953 Νεαρὰν
3036 3881 3128 3934 τοῦ
3149 3880 3492 3950 θεοστεφοῦς,
3510 3881 3796 3952 κρατίστου

2196 3977 2290 4030 καὶ
2310 3976 2466 4045 ἁγίου
2491 3975 2649 4048 ἡμῶν
2673 3975 3080 4047 αὐτοκράτορος
3101 3975 3359 4043 Μανουὴλ
3379 3974 3474 4027 τοῦ
3490 3975 3797 4045 Κομνηνοῦ,

2194 4070 2292 4124 καὶ
2318 4067 2495 4123 ταῦτα
2523 4067 2662 4139 μετὰ
2683 4067 2744 4122 τὸ
2775 4068 3060 4139 προοίμιον
3089 4067 3580 4138 διαλαμϐάνουσαν.
3611 4067 3803 4121 Θεσπί-

2197 4163 2362 4232 ζομεν
2408 4158 2501 4216 οὖν
2536 4163 2684 4216 ὲκείν
2698 4179 2762 4226 ας
2793 4159 2932 4214 εἶναι
2965 4161 3075 4214 τῶν
3116 4160 3345 4232 ἡμερῶν
3379 4162 3694 4231 ἀπράκτους
3733 4159 3798 4224 ἃς

2195 4258 2254 4308 ἐν
2286 4258 2353 4326 τῇ
2386 4254 2637 4327 παρούσῃ
2659 4255 2902 4321 διατάξει
2933 4254 3111 4327 ρητῶς
3145 4253 3669 4324 ἁπαριθμησόμεθα,
3702 4253 3797 4306 καὶ

2185 4349 2348 4414 ’τινὰς
2375 4349 2474 4420 μὲν
2493 4349 2674 4403 αὐτῶν
2694 4349 2753 4401 τὸ
2775 4349 2954 4420 πάντη
2975 4348 3257 4418 ἄπρακτον
3282 4347 3424 4418 ἔχειν
3439 4346 3513 4410 ὡς
3535 4345 3799 4417 μηδαμῶς

493 4436 632 4489 riter
666 4433 990 4502 introducit)
1024 4437 1074 4488 in
1106 4436 1211 4489 illis
1240 4437 1404 4490 etiam
1448 4435 1716 4506 judicium
1760 4438 2092 4492 constituere

2200 4445 2375 4498 διόλου
2402 4443 2498 4497 τοῦ
2525 4443 2705 4498 αὐτῶν
2733 4442 3107 4514 διαστήματος
3140 4439 3495 4494 συνίστασθαι
3523 4438 3795 4508 δικαστή-

493 4528 627 4583 vclit
663 4547 674 4582 :
711 4529 802 4582 alii
835 4545 965 4583 vero
1013 4545 1077 4582 ex
1109 4540 1264 4599 parte
1292 4545 1322 4584 a
1349 4529 1577 4599 judiciis
1611 4539 1852 4593 cessent,
1874 4545 1906 4584 a
1938 4545 2097 4584 mane

493 4620 751 4673 videlicet
783 4635 958 4688 usque
996 4619 1062 4672 ad
1095 4619 1275 4689 ipsum
1315 4619 1485 4674 divini
1526 4620 1819 4675 ministerii
1857 4630 2096 4691 tempus,

492 4720 556 4764 ut
603 4710 884 4780 judicibus
928 4711 1340 4780 precationibus
1384 4721 1551 4781 atque
1595 4711 1954 4781 gloriﬁcando
1987 4711 2100 4765 Deo

494 4819 694 4858 vacare
726 4805 912 4871 liceat,
954 4820 1018 4859 ac
1052 4803 1296 4876 [deinde]
1332 4815 1457 4875 post
1485 4805 1734 4860 divinum
1763 4806 2096 4862 sacriﬁcium

488 4899 722 4962 justitiu:
773 4913 998 4967 cperam
1032 4908 1254 4965 navent,
1304 4901 1722 4969 secundumque
1758 4901 1938 4971 legum
1985 4901 2094 4955 vim

493 4988 754 5056 injuriam
803 4989 985 5059 passis
1049 4989 1314 5044 auxilium
1362 4990 1560 5045 ferant.
1602 4989 2093 5046 Verumenimvero

493 5081 693 5147 quibus
726 5083 799 5136 ita
835 5093 960 5152 post
991 5082 1238 5137 divinum
1271 5083 1640 5138 ministerium
1673 5084 1928 5153 judicare
1962 5101 2090 5154 per-

492 5173 728 5226 missum
759 5184 864 5238 est,
901 5175 954 5228 in
983 5174 1345 5229 conﬁciendis
1374 5190 1404 5229 a
1432 5189 1492 5229 se
1517 5175 1923 5242 instrumentis,
1957 5188 2094 5232 tem-

487 5265 638 5331 poris
667 5281 777 5334 quo
805 5267 895 5320 illa
935 5266 1186 5322 confecta
1212 5276 1363 5333 sunt,
1392 5270 1728 5326 mentionem
1765 5269 1990 5324 facient.
2016 5271 2095 5323 Ac

483 5360 724 5425 primum
748 5360 970 5430 quidem
1016 5361 1084 5415 de
1114 5361 1342 5417 omnino
1369 5361 1582 5420 feriatis
1612 5373 1696 5420 est
1720 5367 2015 5430 agendum.

2203 4553 2337 4608 ριον,
2400 4537 2450 4589 εί
2518 4536 2593 4608 μὴ
2653 4535 2911 4606 βασιλεὺς
2977 4535 3092 4596 ἴσος
3139 4532 3455 4603 οἰκονομίας
3499 4531 3708 4603 τρόπῳ,
3762 4530 3796 4602 ἦ

2199 4629 2444 4699 ἀνάγκης
2482 4627 2642 4681 ὁποῖα
2672 4626 2933 4690 πολλάκις
2969 4625 3030 4678 τὸ
3063 4624 3358 4695 περιπετὲς
3399 4621 3507 4675 τῶν
3540 4620 3799 4692 πραγμά-

2198 4737 2307 4773 των
2333 4718 2708 4779 νεανιεύεται,
2729 4713 2936 4790 θελήσῃ
2961 4716 3188 4771 καθῖσαι
3217 4715 3309 4771 καὶ
3337 4717 3394 4768 ὲν
3426 4715 3614 4776 αὐταῖς
3643 4713 3799 4767 δικα-

2203 4815 2426 4886 στήρια,
2457 4814 2612 4877 τινὰς
2649 4813 2706 4866 δὲ
2738 4813 2848 4866 ἀπὸ
2878 4813 3080 4884 μέρους
3108 4811 3263 4879 ἄγειν
3289 4810 3399 4864 τῶν
3431 4807 3801 4880 δικαστηρίων

2207 4907 2427 4977 σχολὴν,
2457 4909 2532 4969 ὡς
2557 4901 2669 4960 οἷον
2696 4906 2866 4960 ἕωθεν
2901 4905 3063 4976 μέχρι
3098 4907 3189 4957 καὶ
3220 4905 3300 4966 είς
3331 4902 3494 4958 αὑτὸν
3522 4902 3621 4972 τῆς
3649 4900 3800 4964 θείας

2205 4999 2547 5070 λειτουργίας
2581 4999 2794 5070 καιρὸν,
2827 4999 2912 5051 ἵνα
2937 5000 3048 5061 τοῖς
3076 4997 3360 5059 δικασταῖς
3391 4993 3539 5063 ἐξείη
3557 5009 3799 5064 προσαν-

2199 5093 2345 5163 ἐχειν
2369 5094 2528 5165 εὐχῇ,
2553 5093 2649 5147 καὶ
2678 5095 2744 5165 τῇ
2778 5093 2909 5163 ’περὶ⁸
2941 5091 3001 5146 τὸ
3030 5091 3174 5144 θεῖον
3203 5088 3504 5161 δοξολογία,
3534 5089 3627 5141 καὶ
3661 5084 3799 5157 μετὰ

2198 5185 2298 5256 τὴν
2329 5187 2480 5239 θείαν
2515 5185 2915 5257 ίεροτελεστίαν
2945 5183 3325 5254 ἐπιμελεῖσθαι
3364 5181 3576 5248 καὶτῆς
3599 5180 3799 5233 δικαιο-

2199 5277 2392 5350 σύνης,
2419 5281 2513 5334 καὶ
2540 5282 2652 5342 τοῖς
2672 5278 2835 5334 ἄδικα
2860 5277 3188 5332 πεπονθόσιν
3213 5277 3516 5348 ἐπαρήγειν
3539 5273 3678 5328 κατὰ
3700 5274 3798 5340 τὴν

2199 5369 2308 5421 τῶν
2358 5370 2541 5442 νόμιον
2603 5369 2780 5440 ἰσχύν.
2829 5371 2894 5422 Ol
2930 5371 3115 5440 μέντοι
3160 5367 3304 5420 οὕτω
3338 5366 3475 5438 μετὰ
3503 5364 3603 5436 τὴν
3646 5363 3796 5416 θείαν

477 5450 831 5524 λειτουργίαν
853 5455 1320 5526 ἐπιτετραμμένοι
1350 5457 1596 5521 δικάζειν
1628 5459 1832 5522 ἐντοῖς
1908 5462 2211 5532 γινομένοις
2261 5467 2389 5537 παρ’
2459 5463 2639 5517 αὐτῶν
2707 5462 3061 5533 σημειώμασι
3131 5463 3497 5534 μεμνήσονται
3545 5457 3636 5511 τοῦ
3679 5473 3798 5509 και-

489 5545 588 5616 ροῦ
646 5549 767 5602 καθ’
809 5547 869 5600 ὃν
921 5545 990 5600 τὰ
1042 5546 1412 5618 σημειώματα
1469 5550 1825 5621 πράττονται.
1868 5553 1978 5606 Καὶ
2025 5553 2090 5624 δὴ
2133 5557 2350 5626 πρῶτον
2387 5558 2516 5628 περὶ
2539 5557 2646 5609 τῶν
2681 5557 2881 5620 τελέως
2909 5555 3211 5627 ἀπράκτων
3239 5553 3582 5624 διαληπτέον.

555 5638 766 5694 Natalis
819 5639 1006 5709 itaque
1056 5638 1174 5691 dies
1208 5639 1520 5707 purissimae
1575 5641 1819 5695 Dominae
1867 5660 1932 5697 ac
1983 5644 2076 5698 Dei

480 5734 782 5805 genitricis,
816 5733 909 5802 qui
939 5740 1024 5789 est
1053 5741 1244 5788 octava
1277 5732 1638 5805 Septembris,
1699 5735 1928 5795 feriatus
1969 5749 2072 5794 cst.

2189 5670 2195 5676 ·
2278 5649 2340 5701 Ἢ
2374 5651 2554 5702 τοίνυν
2580 5651 2723 5703 κατὰ
2743 5649 2841 5718 τὴν
2861 5648 2910 5720 η’
2939 5648 3032 5701 τοῦ
3096 5647 3477 5719 Σεπτεμϐρίου
3509 5645 3676 5716 μηνὸς
3705 5662 3796 5712 γε-

2187 5740 2397 5794 νεθλίου
2431 5740 2643 5812 ἡμέραν
2674 5741 2774 5811 τῆς
2806 5740 3182 5812 παναχρὰντου
3207 5737 3469 5808 Δεσποίνη
3483 5734 3645 5805 ς,“κα“ι
3669 5736 3799 5789 Θεο-

2192 5835 2452 5905 μήστορος,
2482 5835 2764 5905 ἄπρακτὸς
2797 5836 2968 5888 ἐστιν.
