4146 6446
419 407 558 472 1069

1415 405 1906 468 NOMOCANON.
1943 429 2010 439 -·
2048 405 2196 465 TIT.
2241 404 2373 478 VII,
2415 403 2578 468 CAP.
2625 405 2675 463 I-

3478 363 3485 370 .
3577 410 3716 473 1070

499 520 778 584 Ὡσαύτως
825 519 922 574 καὶ
955 519 990 589 ἡ
1047 517 1105 570 ιδ’
1152 520 1220 589 τῇ
1271 515 1478 588 ὑψώσει
1531 517 1880 588 τετιμημένῃ
1925 515 2004 568 τοῐ

2199 514 2329 569 Item
2367 517 2618 570 decimus
2650 527 2904 586 quartus,
2931 517 3024 586 qui
3057 527 3283 587 propter
3323 521 3659 582 exaltatione
3685 544 3716 582 u

417 611 696 680 ζωοφόρου
734 607 992 680 σταυροῦ.

489 705 600 758 Καὶ
623 704 656 772 ἡ
688 699 782 766 κς⁹
805 699 1014 772 διὰγτὴν
1045 697 1138 751 τοῦ
1162 697 1464 752 ἀποστόλου
1496 697 1592 750 καὶ
1621 693 2012 765 εὐαγγελιστοῦ

426 797 678 852 Ἰωάννου
703 793 966 862 Θεολόγου
999 791 1352 864 μετάστασιν.

497 913 564 965 Ἦ
594 909 650 974 ς’
692 910 786 964 τοῦ
839 907 1142 980 ὀκτωϐρίου
1181 907 1272 962 διὰ
1311 907 1370 960 τὸ
1396 907 1497 978 τὴν
1526 907 1748 978 μνήμην
1783 907 1840 960 ἐν
1874 907 2013 979 αὐτῇ

413 1005 693 1062 τελεῖσθαι
727 1003 822 1058 τοῦ
855 1003 1012 1074 ἁγίου
1037 1002 1342 1056 ἀποστόλου
1370 1001 1565 1071 Θωμᾶ.

497 1103 565 1156 Ἦ
595 1103 640 1155 θ’
672 1101 760 1155 διὰ
779 1099 870 1154 τὸν
892 1099 985 1152 τοῦ
1022 1097 1280 1167 Ἀλφαίου
1307 1097 1666 1152 Ἰάκωϐοντόν
1695 1096 2012 1150 ἀπόστολον.

489 1199 598 1252 Καὶ
628 1198 660 1267 ἡ
693 1196 764 1267 ιη’
785 1194 874 1248 διὰ
893 1193 984 1247 τὸν
1013 1192 1311 1247 ἀπόστολον
1335 1193 1430 1246 καὶ
1457 1190 1849 1264 εὐαγγελιστὴν
1878 1195 2015 1244 Λουσ-

415 1292 538 1344 κᾶν.

497 1385 562 1438 Ἡ
594 1381 662 1452 ιγ’
690 1381 783 1437 τοῦ
819 1381 1132 1453 Νοεμϐρίου
1164 1381 1354 1452 μηνὸς,
1385 1381 1468 1434 ὅτι
1495 1382 1554 1434 ὲν
1577 1379 1716 1452 αὐτῇ
1755 1380 1802 1450 ἡ⁴
1827 1379 2014 1450 μνήμη

411 1481 506 1532 τοῦ
539 1475 781 1548 Χριστοῦ
819 1475 1034 1546 Πατρὸς
1057 1474 1320 1528 τελεῖται.

497 1571 562 1624 Ἠ
597 1567 656 1624 ιδ’
694 1571 777 1623 ὅτι
809 1571 866 1622 ὲν
893 1569 1031 1639 αὐτῇ
1059 1569 1087 1620 ὁ
1126 1565 1424 1630 ἀπόστολος
1453 1565 1724 1628 Φίλιππος
1759 1561 2014 1635 ἑορτάζε-

411 1681 524 1718 ται.

495 1757 560 1810 Ἦ
597 1755 671 1822 ις’
701 1757 784 1810 ὅτι
811 1759 840 1810 ό
875 1754 1273 1825 εὐαγγελιστὴς
1311 1753 1405 1806 καὶ
1451 1751 1750 1814 ἀπόστολος
1785 1750 2013 1819 τιμᾶται

421 1850 726 1915 Ματθαὼς.

497 1944 564 2008 'II
599 1950 684 1996 κα¹
711 1943 794 1996 ὅτι
832 1941 902 1996 τὰ
931 1944 1010 2006 εἰς
1045 1941 1135 1994 τὸν
1164 1941 1292 1994 ναὸν
1317 1938 1522 1993 είσόδια
1543 1935 1642 2009 τῆς
1665 1936 2010 2008 Θεομήτορος

411 2038 470 2090 ἐν
491 2035 665 2107 ταύτῃ
693 2035 1144 2106 πανηγυρίζεται.

483 2129 593 2182 Καὶ
620 2130 648 2180 ό
667 2125 710 2180 λ’
733 2129 816 2181 ὅτι
839 2129 866 2180 ό
889 2126 1190 2190 ἀπόστολος
1221 2123 1477 2195 ’Δνδρέας
1506 2127 1564 2178 ἐν
1587 2124 1726 2195 αὐτῇ
1752 2121 2010 2195 ἑορτάζε-

405 2238 518 2275 ται.

490 2315 556 2366 Ἡ
587 2312 630 2365 θ’
675 2313 770 2366 τοῦ
816 2311 1156 2384 Δεκεμϐρίου
1179 2309 1258 2374 ὡς
1291 2311 1389 2380 τῆς
1429 2309 1746 2380 συλλήψεως
1773 2299 1831 2360 ἓν
1865 2307 2006 2375 αὐτῇ

403 2408 746 2478 τελουμένης
777 2411 875 2478 τῆς
905 2405 1212 2477 ύπεραγίας
1245 2404 1470 2476 Μητρὸς
1499 2403 1595 2456 τοῦ
1624 2401 1758 2456 Θεοῦ
1789 2399 1969 2470 ἡμῶν.

493 2525 558 2578 Ἦ
583 2521 631 2579 κ’
671 2524 837 2594 μέχρι
863 2523 962 2576 καὶ
993 2523 1167 2592 αὐτῆς
1195 2523 1316 2584 ταῖς
1349 2518 1402 2583 ς’
1426 2519 1522 2572 τοῦ
1572 2517 1902 2586 Ἰανουαρίου
1933 2515 2010 2578 ὼς

407 2621 470 2672 ἐν
506 2618 696 2679 αὐταῖς
728 2613 1140 2686 ἑορταζομένων
1170 2613 1278 2664 τῶν
1309 2609 1622 2680 γενεθλίων,
1653 2609 1748 2662 καὶ
1773 2607 1866 2660 τοῦ
1911 2608 2009 2678 βα-

407 2710 714 2778 πτίσματος
735 2707 829 2760 τοῦ
859 2706 1088 2778 Κυρίου,
1117 2705 1209 2758 καὶ
1235 2704 1394 2769 Θεοῦ,
1423 2705 1519 2756 καὶ
1548 2704 1802 2774 Σωτῆρος
1848 2701 2008 2772 ἡμῶν

421 2801 600 2873 Ἰησοῦ
629 2797 890 2873 Χριστοῦ.

498 2895 564 2948 Ἦ
585 2891 652 2963 ιη’
674 2892 768 2946 τοῦ
795 2890 960 2945 αὑτοῦ
1000 2892 1330 2962 Ἰανουαρίου
1357 2890 1447 2945 διὰ
1465 2891 1594 2952 τοὺς
1623 2888 1806 2951 θείους
1839 2887 2012 2940 Πατέ-

408 3001 516 3050 ρας
544 2984 636 3035 καὶ
665 2982 1019 3046 διδασκάλους
1049 2985 1292 3054 πατέρας
1329 2981 1649 3036 Ἀθανάσιον
1683 2981 1778 3034 καὶ
1806 2979 2014 3049 Κύριλ-

407 3076 523 3131 λον.

441 3174 452 3188 “
493 3192 560 3244 Ἦ
589 3190 668 3245 κε’
702 3191 796 3244 τοῦ
827 3191 996 3245 αὐτοῦ
1029 3191 1200 3262 μηνὸς
1237 3191 1324 3244 διὰ
1365 3189 1466 3261 τὴν
1501 3189 1722 3261 μνήμην
1765 3185 1860 3241 τοῦ
1916 3204 2014 3256 με-

404 3283 580 3353 γάλου
613 3283 824 3354 Πατρὸς
853 3275 1158 3354 Γρηγορίου
1191 3281 1478 3349 Θεολόγου.

492 3399 558 3452 Ἦ
582 3397 625 3470 β’
650 3397 743 3452 τοῦ
761 3398 1128 3469 Φευρουαρίου
1152 3395 1242 3450 διά
1261 3395 1360 3467 τὴν
1370 3394 1736 3466 τοῦΣωτῆρος
1757 3393 2014 3446 ὑπαπαν-

405 3495 536 3564 τήν.

484 3585 596 3638 Καὶ
630 3585 664 3655 ἡ
693 3582 742 3653 γ’
767 3583 856 3638 διὰ
876 3583 974 3652 τὴν
1001 3583 1103 3654 τῆς
1125 3581 1352 3655 μνήμης
1381 3579 1474 3635 τοῦ
1507 3578 1756 3650 θεοδόχου
1781 3576 2010 3649 Συμεὼν

403 3677 654 3748 τελετήν.

493 3773 558 3824 Ἦ
580 3769 660 3826 κε’
685 3769 955 3842 Μαρτίου,
977 3769 1067 3824 διὰ
1090 3768 1182 3823 τὸν
1211 3767 1312 3838 τῆς
1341 3763 1688 3838 Θεομὴτορος
1718 3761 2013 3831 εὐαγγελι-

410 3869 571 3940 σμόν.

483 3985 551 4038 Δί
605 3981 900 4055 πασχάλιοι
931 3981 1040 4034 τῶν
1072 3979 1300 4053 ἡμερῶν
1325 3979 1419 4032 ἀπ’
1450 3977 1623 4048 αὐτῆς
1647 3977 1747 4048 τῆς
1781 3975 1875 4029 τοῦ
1897 3975 2012 4029 Λα-

409 4078 582 4148 ζάρου
641 4076 915 4148 ὲγέρσεως
964 4075 1126 4145 μέχρι
1170 4073 1264 4126 καὶ
1306 4073 1366 4138 ἐς
1415 4073 1588 4144 αὐτὴν
1629 4071 1728 4144 τὴν
1763 4071 1904 4143 μετὰ
1949 4069 2011 4123 τὸ

409 4171 570 4240 ἅγιον
599 4171 792 4239 Πάσχα
830 4168 1046 4239 ὀγδόην.

495 4265 560 4316 'II
590 4261 666 4318 κε’
701 4263 798 4317 τοῦ
821 4261 1115 4335 Ἀπρίλλου
1151 4259 1239 4315 διὰ
1263 4259 1355 4313 τὸν
1387 4256 1686 4312 ἀπόστολον
1715 4257 1810 4312 καὶ
1842 4258 2010 4328 εὐαγ-

408 4356 668 4428 γελιστὴν
699 4357 950 4427 Μάρκον.

483 4452 594 4504 Καὶ
629 4451 658 4520 ἡ
683 4447 724 4502 λ’
751 4449 840 4502 διὰ
860 4448 954 4500 τὸν
979 4446 1276 4501 ἀπόστολον
1309 4444 1566 4499 Ἰάκωϐον
1589 4443 1681 4497 τὸν
1703 4443 1797 4498 τοῦ
1828 4443 2012 4498 Θεολό-

409 4560 512 4613 γου
538 4543 632 4598 καὶ¹
658 4539 1050 4612 εὐαγγελιστοῦ
1077 4539 1328 4610 ἀδελφόν.

1241 4632 1349 4704 μνῆ
1361 4648 1469 4704 μην
1489 4649 1587 4686 του
1617 4629 2009 4702 ευαγγελιστου
2037 4645 2090 4705 D
2123 4685 2353 4742 Joannis
2378 4683 2639 4752 TheoIOgi

405 4729 674 4783 εἰωάννου
711 4725 806 4780 τοῦ
840 4725 1124 4795 Θεολύγου.

497 4823 562 4875 Ἦ
605 4819 634 4874 ι’
664 4819 753 4875 διὰ
775 4820 876 4892 τὴν
903 4819 996 4873 τοῦ
1025 4819 1326 4874 ἀποστόλου
1355 4818 1600 4890 Σίμωνος
1627 4823 1722 4872 τοῦ
1749 4815 2017 4889 ζηλωτοῦ.

501 5007 568 5061 Ἦ
597 5013 685 5062 κα⁹
713 5005 801 5061 διὰ
821 5004 922 5076 τὴν
947 5006 1170 5078 μνήμην
1196 5004 1305 5058 τῶν
1329 5003 1500 5074 ἁγίων
1523 5003 1620 5058 καὶ
1648 5003 2020 5058 ίσαποστόλων

411 5101 512 5155 καὶ
541 5099 794 5172 μεγάλων
829 5095 1094 5156 βασιλέων
1131 5099 1547 5168 Κωνσταντίνου
1573 5099 1670 5153 καὶ
1705 5096 1947 5167 Ἑλένης.

487 5285 599 5339 Καὶ
637 5285 673 5356 ἠ
711 5281 807 5349 κς’
841 5282 930 5338 διὰ
975 5282 1076 5354 τὴν
1119 5279 1215 5336 τοῦ
1262 5279 1568 5335 ἀποστόλου
1626 5279 1883 5348 Ἀλφαίου
1924 5281 2022 5334 τοῦ

429 5377 618 5430 Ἰούδα.

499 5469 564 5521 Ἥ
601 5467 674 5524 ια’
711 5467 806 5524 τοῦ
843 5468 1066 5524 Ἰουνίου
1111 5467 1202 5522 διὰ.
1251 5467 1344 5521 τὸν
1397 5465 1696 5522 ἀπόστολον
1747 5462 2024 5537 Βαρθολο-

417 5564 598 5634 μαῖον.

498 5657 565 5710 Ἦ
602 5653 666 5710 ιθ¹
697 5655 785 5711 διὰ
817 5657 910 5710 τὸν
940 5655 1242 5710 ἀπόστολον
1277 5652 1481 5710 Ἰούδαν
1510 5649 1602 5706 τὸν
1624 5649 1720 5704 καὶ
1739 5648 2046 5726 Θαδδαῖονη

415 5747 515 5802 καὶ
563 5747 852 5814 Λεϐϐαῖον,
880 5749 978 5801 καὶ
1015 5745 1292 5800 Ἰάκωϐον.

498 5840 565 5893 Ἦ
596 5838 670 5894 κδ’
695 5839 782 5894 διὰ
811 5839 872 5894 τὺ
893 5839 988 5893 τοῦ
1017 5838 1334 5911 Προῧρόμου
1369 5836 1664 5906 γενέθλιον.

2124 608 2354 662 vivitieae
2387 609 2568 664 crucis
2596 610 2922 664 honoratur.

2199 699 2332 755 Item
2368 705 2666 757 vicesimus
2691 712 2902 768 sextus,
2933 711 3156 774 propter
3189 705 3424 774 apostoli
3455 716 3510 764 et
3545 725 3720 765 evan-

2126 793 2334 864 gelista:
2357 793 2590 850 Joannis
2625 793 2886 866 Theologi
2933 797 3476 852 transmutationem.

2198 904 2329 961 Item
2355 915 2544 964 sextus
2586 907 2858 975 Octobris,
2893 910 3038 980 quod
3079 919 3194 964 tum
3231 913 3500 967 memoria
3542 917 3722 972 sancti

2127 997 2353 1054 Thermo
2387 1001 2621 1066 apostoli
2655 1002 2988 1064 celebretur.
3569 1071 3578 1078 .

2199 1093 2334 1146 Item
2368 1111 2570 1160 nornis,
2607 1095 2662 1148 in
2695 1095 2960 1150 honorem
2988 1095 3180 1152 Jacobi
3223 1097 3432 1170 Alplnei
3461 1105 3720 1174 apostoli.

2197 1184 2329 1240 Item
2383 1187 2671 1252 det-imus,
2725 1188 2782 1242 in
2841 1189 3114 1244 honorem
3157 1189 3322 1247 Lucae
3373 1196 3612 1264 apostoli
3667 1209 3728 1255 et.

2125 1293 2223 1334 eva
2234 1279 2496 1347 ngeIistte.

2201 1370 2329 1424 Item
2361 1369 2610 1424 decimus
2645 1371 2840 1426 tertius
2871 1370 3218 1440 Novembris,
3264 1377 3410 1445 quod
3447 1387 3560 1434 tum
3601 1397 3724 1439 me-

2125 1461 2298 1514 moria
2335 1461 2509 1529 patris
2539 1461 2742 1517 Christi
2775 1463 3108 1519 celebretur.

2201 1554 2330 1606 Item
2365 1554 2616 1610 decimus
2646 1566 2900 1624 quartus,
2925 1560 3076 1627 quod
3107 1570 3220 1614 tum
3263 1562 3550 1636 Philippus
3583 1583 3722 1639 apo-

2125 1644 2301 1700 stqus
2335 1645 2607 1700 festiviter
2635 1648 2960 1704 honoratur.

2195 1737 2328 1792 Item
2357 1739 2607 1794 decimus
2629 1750 2844 1803 sextus,
2867 1743 3008 1810 quod
3045 1743 3209 1817 [tum]
3241 1745 3528 1805 Mattbaaus
3552 1767 3722 1808 evan-

2126 1829 2320 1898 gelista
2348 1837 2402 1883 et
2434 1832 2717 1899 apostolus
2747 1833 3074 1890 honoretur.

2053 1899 2094 1952 Β
2190 1921 2326 1976 Item
2360 1923 2658 1980 vicesimus
2683 1925 2922 1996 primus,
2957 1929 3105 1997 quod
3135 1937 3250 1985 tum
3289 1933 3384 1988 Dei
3425 1933 3725 1995 Genitricis

2123 2014 2176 2068 in
2208 2016 2473 2086 templum
2502 2017 2769 2074 introitus
2799 2020 3134 2078 celebretur.

2199 2108 2329 2162 Item
2384 2110 2722 2178 tricesimus,
2777 2113 2930 2183 quod
2975 2126 3090 2170 tum
3138 2119 3390 2176 Andreas
3435 2125 3724 2194 apostolus

2123 2199 2395 2257 festiviter
2427 2207 2754 2260 bonoretur.

2195 2295 2326 2349 Item
2365 2313 2542 2352 nonus
2575 2297 2893 2357 Decembris
2923 2321 2936 2358 :
2969 2307 3174 2374 quippe
3205 2307 3336 2378 quia
3377 2320 3510 2366 tunc
3552 2311 3724 2369 Geni-

2126 2391 2279 2446 tricis
2301 2391 2396 2447 Dei
2437 2396 2609 2450 nostri
2648 2397 2946 2468 Conceptio
2975 2402 3304 2458 celebretur.

2197 2484 2334 2540 Item
2367 2487 2690 2555 vicesimus,
2719 2507 2897 2561 usque
2924 2493 2990 2548 ad
3036 2495 3217 2564 ipsmn
3259 2508 3478 2554 sextum
3511 2500 3724 2559 Janua-

2125 2579 2216 2646 rii,
2247 2591 2439 2650 utpote
2471 2583 2617 2650 quod
2651 2583 2848 2638 diebus
2877 2585 2985 2639 illis
3036 2587 3286 2643 natalitia
3318 2601 3373 2645 et
3419 2594 3726 2663 baptismus

2131 2671 2344 2724 Domini
2399 2681 2453 2725 et
2501 2671 2594 2726 Dei
2637 2682 2694 2727 et
2735 2673 3045 2729 Servatoris
3101 2679 3278 2732 nostri
3333 2677 3466 2734 Jesu
3513 2681 3726 2738 Christi

2125 2764 2494 2819 celebrentur.
2708 2764 2727 2781 ‘
3307 2785 3310 2788 ·

2205 2859 2338 2911 Item
2381 2858 2628 2927 ejusdem
2659 2856 2908 2913 Januarii
2942 2861 3426 2919 duodeviresimus
3449 2907 3469 2932 ,
3508 2867 3726 2922 divino-

2129 2966 2248 3004 rum
2280 2949 2506 3006 Patrum
2528 2951 2886 3007 etdoctorum
2906 2952 3192 3009 Athanasii
3222 2964 3278 3010 et
3305 2958 3492 3028 Cyr-illi
3525 2960 3724 3030 gratia.

2201 3151 2333 3205 Item
2367 3151 2616 3221 ejusdem
2651 3153 2861 3210 mensis
2891 3155 3188 3212 vicesimus
3229 3159 3459 3228 quintus
3505 3172 3729 3235 propter

2051 3280 2094 3338 ε
2133 3245 2454 3300 memoriam
2490 3247 2672 3317 magni
2705 3245 2888 3303 Patris
2911 3248 3158 3322 Gregorii
3197 3251 3482 3326 Theologi.

2199 3358 2334 3430 Item
2391 3359 2670 3416 secundus
2705 3359 3032 3432 Februarii,
3085 3367 3234 3435 quod
3283 3375 3400 3422 tum
3447 3367 3730 3428 Servatori

2129 3453 2350 3510 obviam
2391 3455 2528 3508 itum
2557 3455 2651 3510 sit.

2199 3547 2336 3602 Item
2369 3547 2584 3614 tertius,
2617 3547 2961 3605 celebrandae
3009 3551 3295 3610 memoria:
3328 3553 3605 3614 Simeonis
3628 3556 3728 3614 Dei

2129 3639 2468 3706 susceptor-is
2501 3641 2689 3694 causa.

2201 3734 2332 3788 Item
2375 3734 2678 3789 vicesimus
2711 3736 2943 3804 quintus
2963 3734 3168 3805 Martii,
3219 3738 3350 3794 boui
3385 3742 3566 3798 nuntii
3595 3759 3730 3816 ergo

2130 3827 2198 3882 ad
2225 3825 2322 3882 Dei
2353 3825 2689 3882 Genitricem
2715 3825 2953 3901 [delati.]

2199 3943 2334 3998 Item
2359 3943 2479 3998 dies
2506 3940 2806 3998 Paschales
2834 3942 2906 3998 ab
2927 3945 3046 4014 ipsa
3067 3943 3262 4000 Lazari
3291 3949 3726 4016 resurrectione,

2126 4047 2305 4103 usque
2333 4031 2400 4086 ad
2432 4034 2616 4102 ipsum
2663 4040 2790 4102 post
2823 4046 3048 4087 sacrum
3081 4033 3291 4090 Pascha
3323 4049 3604 4094 octavum.

2197 4219 2326 4274 Item
2355 4217 2605 4274 decimus
2637 4217 2865 4288 quintus
2907 4217 3132 4289 Aprilis,
3175 4221 3234 4275 in
3287 4222 3554 4279 honorem
3591 4241 3726 4298 apo-

2125 4313 2250 4369 stoli
2279 4321 2334 4366 et
2363 4311 2715 4383 evangelista:
2744 4309 2932 4366 Marci.

2195 4406 2328 4462 Item
2363 4405 2701 4470 tricesimus,
2755 4404 2808 4458 in
2843 4404 3106 4459 honorem
3137 4403 3328 4464 fratris
3365 4407 3630 4483 Theologi
3666 4424 3726 4470 et

2126 4496 2496 4567 evangelistaa,
2527 4493 2716 4550 Jacobi
2755 4495 3014 4565 apostoli.

2197 4593 2331 4648 Item
2379 4599 2606 4647 octavus
2658 4587 2818 4655 Maii,
2862 4590 2934 4644 ob
2999 4591 3324 4648 memoriam
3373 4597 3730 4667 evangelista:

2195 4780 2329 4836 Item
2361 4779 2632 4844 decimus,
2681 4783 2904 4848 propter
2937 4774 3316 4853 [memoriam]
3347 4777 3594 4839 Simonis
3619 4783 3729 4840 Ze-

2125 4875 2248 4930 Iotae
2269 4873 2526 4945 apostoli.

2199 4968 2333 5023 Item
2369 4967 2670 5024 vicesimus
2701 4969 2938 5040 primus,
2979 4977 3207 5043 propter
3229 4971 3554 5027 memoriam
3601 4989 3732 5029 san-

2125 5069 2342 5116 ctorum
2377 5077 2442 5117 ac
2467 5063 2734 5131 apostolis
2768 5065 3090 5134 aequalium.
3125 5079 3451 5136 magnorum
3490 5065 3734 5136 impera—

2127 5165 2332 5222 torum,
2365 5155 2714 5212 Constantini
2758 5168 2806 5212 et
2846 5158 3086 5214 I-Ielente.

2199 5248 2333 5303 Item
2365 5248 2660 5304 vicesimus
2685 5257 2896 5316 sextus,
2923 5259 3150 5321 propter
3179 5247 3566 5322 [memoriam]
3597 5267 3736 5322 apo-

2127 5341 2253 5398 stoli
2283 5340 2490 5413 Alphaai
2521 5341 2700 5398 Judae.

2201 5435 2334 5491 Item
2367 5435 2693 5494 undecimus
2728 5433 2901 5506 Junii,
2931 5437 2984 5494 in
3039 5437 3308 5494 honorem
3342 5435 3732 5494 Bartholomtei

2128 5527 2390 5600 apostoli.

2201 5621 2334 5675 Item
2373 5621 2824 5678 nudeviccsimns
2882 5623 2934 5678 in
2985 5623 3249 5680 honorem
3299 5621 3533 5690 apostoli
3579 5623 3738 5678 Jua|:e

2129 5715 2222 5782 qui
2250 5713 2629 5768 clTlaailiazus
2659 5727 2712 5770 cl
2735 5716 2964 5771 Lebmus
2988 5727 3042 5770 el
3071 5715 3308 5771 Jacobus
3337 5713 3730 5786 [nominatur].

2205 5805 2334 5862 Item
2365 5810 2662 5866 vicesimus
2687 5819 2942 5880 quartus,
2975 5819 3199 5880 propter
3231 5805 3604 5864 Prwcnrsoris
3637 5821 3732 5862 na-

2131 5901 2390 5959 talitium.
