4146 6444
502 407 628 468 ῙΟΤΙ

575 519 708 574 Item
759 517 1245 580 undelricesimus,
1281 526 1508 588 propter
1535 515 1846 588 principum
1881 523 2102 586 aposto-
2130 509 2182 569 A

498 613 680 669 lorum
709 610 857 668 Petri
884 619 939 667 et
965 610 1122 666 Pauli
1145 610 1598 667 celebrationem.

567 706 703 763 Item
734 705 1072 773 tricesimus,
1103 711 1331 777 propter
1361 704 1649 760 duodecim
1675 702 2090 776 [Apostolorum

498 797 973 871 celebrationem]

566 891 697 946 Item
733 891 1028 947 vicesimus
1060 890 1290 961 quintus
1310 889 1464 951 Julii.
1494 896 1718 959 propter
1745 895 1952 943 sancta;
1973 886 2088 940 An-

501 1002 603 1052 nre,
638 985 830 1040 Matris
862 983 957 1039 Dei
992 983 1310 1050 Genitricis,
1346 981 1834 1037 obdormitionem.

564 1075 696 1130 Item
736 1081 928 1130 sextus
977 1072 1244 1143 Augusti,
1294 1081 1519 1142 propter
1551 1069 1865 1126 Servatoris
1909 1066 2087 1124 nostri

495 1166 620 1222 Jesu
650 1166 853 1222 Christi
877 1163 1473 1220 Transformationem.

513 1315 516 1318 ,
565 1256 699 1311 Item
735 1272 939 1322 nonus,
985 1263 1210 1327 propter
1261 1254 1588 1310 memoriam
1626 1253 1804 1309 sancti
1848 1250 2088 1308 Matthiae

491 1349 743 1420 apostoli.

562 1445 695 1499 Item
731 1442 980 1498 decimus
1028 1441 1276 1512 quintus,
1302 1449 1528 1510 propter
1553 1437 1856 1510 gloriosam
1881 1445 2088 1494 sanctze

489 1538 582 1594 Dei
624 1536 918 1593 Genitrieis
949 1535 1388 1605 emigrationem.
1985 1531 1987 1533 ’

563 1632 696 1687 Item
733 1630 1033 1688 vicesimus
1065 1638 1292 1700 propter
1325 1626 1652 1683 memoriam
1693 1624 2084 1696 saneti_'l'had-

487 1726 588 1781 (ιιρὶ
624 1725 880 1796 apostoli.

560 1820 695 1874 Item
748 1816 1046 1872 vicesimus
1088 1823 1362 1887 quartus,
1413 1821 1636 1886 propter
1693 1813 2080 1871 Bartholommi

489 1912 725 1983 apostoli
763 1907 1160 1982 [memoriam].

563 2006 695 2061 Item
721 2003 1208 2071 undetricesimus,
1236 2013 1459 2073 propter
1489 2002 1819 2059 venerabilis
1839 2000 2091 2059 Praecur-

491 2100 635 2155 soris
664 2098 1113 2153 Decollationem.

561 2192 724 2248 IIisce
747 2191 974 2246 omnino
1007 2189 1216 2246 feriatis
1248 2187 1489 2262 [diebus]
1539 2187 2090 2244 connumerabunlur

487 2284 810 2341 ntedietates
853 2283 1347 2356 quadragesimalis
1388 2282 1587 2353 jejunii
1627 2290 1681 2337 et
1723 2283 2087 2347 Pentecostze,

491 2378 654 2453 [tum]
687 2381 856 2434 etiam
889 2378 1204 2433 Servatoris
1238 2376 1584 2448 Assumptio,
1611 2385 1665 2431 et
1691 2391 1886 2432 omnes
1921 2377 2090 2432 totius

489 2473 619 2525 anni
653 2468 921 2525 Dominici
953 2469 1091 2534 dies,
1130 2478 1190 2524 ut
1239 2468 1293 2523 in
1327 2469 1435 2523 illis
1468 2469 1648 2524 omnis
1709 2469 1764 2523 in
1811 2469 2084 2541 judicium

489 2564 674 2618 aditus
734 2561 1120 2632 praecludatur,
1171 2576 1236 2616 ac
1287 2576 1450 2616 nemo
1499 2561 1769 2631 judicium
1829 2562 2090 2634 judiciale

485 2655 744 2725 quiddam
774 2655 960 2708 faciat.
1000 2654 1144 2708 Sane
1172 2669 1302 2709 vero
1332 2655 1424 2724 qui
1459 2652 1623 2726 [dies]
1654 2670 1722 2710 ex
1763 2656 2088 2726 partejudi-

483 2748 631 2802 cium
657 2748 874 2815 sistent,
908 2763 1088 2819 neque
1121 2746 1219 2803 toti
1251 2746 1350 2820 (uti
1395 2755 1561 2803 antea
1608 2748 1875 2820 diximus)
1906 2749 2085 2806 feriati

482 2846 666 2905 erunt,
701 2837 754 2892 hi
785 2846 969 2894 sunto.

557 3121 765 3178 Iliensis
803 3119 1144 3190 Septembris
1195 3129 1425 3186 sextus,
1479 3122 1742 3192 quoniam
1805 3132 1936 3180 tunc
1983 3138 2081 3195 per

1654 401 1917 464 PIIO'I'II
1960 400 2468 460 PA'I'RIARCII.’E
2512 403 2622 465 (ΣΡ.

3650 409 3770 474 1072

2296 512 2358 565 Ἦ
2394 511 2477 566 κθ⁹
2501 512 2586 568 διὰ
2610 513 2712 586 τὴν
2737 514 2829 568 ἐπὶ
2859 514 2971 577 τοῖς
3001 513 3322 584 κορυφαίοις
3349 513 3453 565 τῶν
3487 516 3772 572 ἀποστόλων

2201 599 2410 673 Πέτρου
2441 603 2537 657 καὶ
2573 604 2792 658 Παύλου
2830 605 3159 675 πανήγυριν.

2267 696 2381 750 Καὶ
2408 698 2442 768 ἡ
2469 694 2512 749 λ’
2538 695 2629 751 διὰ
2661 697 2763 768 τὴν
2793 699 2888 752 ἐπὶ
2921 700 3035 761 τοῖς
3064 695 3155 768 ιβ’.
3211 749 3220 758 ,

2277 885 2344 939 Ἢ
2389 884 2488 953 κε’,
2519 886 2614 940 τοῦ
2651 887 2873 942 Ἰουλίου
2903 887 2992 942 διὰ
3025 888 3124 960 τὴν
3149 889 3248 961 τῆς
3279 889 3442 959 ἀγίας
3473 891 3663 964 Ἀννης
3685 897 3770 967 τῆς

2197 978 2404 1050 μητρὸς
2434 980 2534 1052 τῆς
2562 979 2907 1052 Θεομήτορος
2946 981 3228 1054 κοίμησιν.

2277 1072 2343 1126 Ἡ
2378 1080 2431 1140 ς’
2454 1073 2548 1127 τοῦ
2579 1073 2892 1144 Αὐγούστου
2921 1075 3012 1130 διὰ
3057 1076 3158 1149 τὴν
3197 1075 3294 1131 τοῦ
3341 1078 3588 1150 Σωτῆρος
3633 1081 3776 1152 ἡμῶν

2205 1165 2384 1237 Ἰησοῦ
2413 1167 2653 1238 Χριστοῦ
2689 1169 3138 1241 μεταμόρφωσιν.

2197 1347 2226 1401 Θ
2271 1221 2341 1399 :H
2389 1258 2430 1312 0'
2583 1221 2700 1334 τὴν1
2734 1221 2967 1333 μνήμην.
2987 1221 3276 1332 του-ἀγίου
3309 1263 3605 1320 ἀποστόλου
3638 1221 3780 1323 Mar-

2231 1365 2265 1400 a
2291 1365 2374 1401 ου.

2231 1365 2374 1402 αιου.

2273 1441 2340 1494 Ἦ
2395 1440 2454 1495 ιε’
2505 1441 2596 1496 διὰ
2633 1443 2733 1516 τὴν
2778 1443 3139 1518 ὑπερένδοξον
3189 1445 3291 1518 τῆς
3330 1447 3493 1518 ἀγίας
3531 1449 3781 1506 Θεοτὸκου

2193 1535 2547 1604 μετάστασιν.

2190 1722 2220 1775 δ
2264 1626 2342 1774 ίἮ
2382 1626 2429 1681 κ’
2461 1629 2550 1682 διὰ
2584 1629 2684 1702 τὴν
2716 1631 2942 1704 μνήμην
2969 1631 3065 1686 τοῦ
3109 1633 3272 1704 ἁγίου
3318 1636 3620 1692 ἀποστόλου
3657 1638 3781 1693 Θαδ-

2225 1738 2256 1775 α
2282 1739 2365 1775 ου.

2225 1738 2365 1778 αιου.

2279 1817 2344 1870 Ἦ
2372 1817 2449 1871 κδ’
2483 1817 2574 1872 διὰ
2607 1818 2705 1890 τὴν
2738 1819 2833 1874 τοῦ
2860 1822 3163 1878 ἀποστόλου
3194 1823 3625 1898 Βαρθολομαίου.

2271 2007 2384 2063 Καὶ
2407 2010 2442 2081 ἡ
2464 2007 2548 2062 κθ⁹
2572 2009 2661 2064 διὰ
2685 2008 2783 2081 τὴν
2815 2009 2909 2064 τοῦ
2933 2011 3117 2086 τιμίου
3147 2012 3467 2087 Προδρόμου
3496 2015 3780 2090 ἀποτομήν.

2271 2186 2515 2253 Ταύταις
2559 2188 2637 2254 ὡς
2677 2190 2863 2245 τέλεον
2892 2193 3203 2265 ἀπράκτοις
3236 2197 3775 2272 συνεξετασθήσονται

2200 2280 2298 2334 καὶ
2345 2283 2401 2336 αἱ
2449 2282 2752 2354 μεσότητες
2783 2283 2884 2357 τῆς
2915 2288 3512 2362 τεσσαρακονθημέρου
3549 2295 3783 2364 νηστείας

2199 2373 2293 2427 καὶ
2328 2375 2429 2443 τῆς
2459 2375 2866 2448 Πεντηκοστῆς,
2908 2377 3004 2432 καὶ
3035 2380 3069 2448 ἡ
3101 2379 3197 2434 τοῦ
3229 2380 3486 2453 Σωτῆρος
3515 2384 3782 2456 ἀνάληψις.

2196 2468 2291 2522 καὶ
2336 2469 2393 2521 al
2444 2470 2619 2523 πᾶσαι
2649 2469 2761 2523 τῶν
2789 2472 2850 2524 ὲν
2879 2469 2957 2542 τῷ
2998 2472 3488 2546 ὲνιαυτῷέήμερῶν
3535 2478 3785 2551 κυριὼνυ-

2201 2579 2322 2633 μαι,
2356 2561 2431 2626 ὼς
2459 2565 2518 2616 ἐν
2549 2563 2741 2628 αὐταῖς
2769 2563 3198 2621 ἀποκεκλεῖσθαι
3236 2569 3417 2623 πᾶσαν
3450 2571 3680 2644 πάροδον
3711 2575 3778 2640 εἰς

2195 2655 2256 2707 τὸ
2295 2655 2673 2728 δικαστήριον,
2717 2659 2813 2711 καὶ
2862 2659 3030 2728 μηδὲν
3071 2677 3124 2714 τι
3170 2661 3380 2732 μηδένα
3421 2665 3535 2718 τῶν
3564 2665 3785 2732 δικάζειν

2194 2743 2468 2813 λαχόντων
2505 2745 2823 2800 δικαστικὸν
2867 2747 3320 2822 διαπράττεσθαι,
3348 2754 3411 2807 aI
3455 2772 3521 2824 γε
3561 2756 3664 2828 μὴν
3690 2757 3784 2813 τῶν

2193 2835 2565 2907 δικαστηρίων
2614 2837 2725 2891 ἀπὺ
2771 2838 2977 2910 μέρους
3018 2841 3379 2911 σχολάζουσαι
3409 2846 3510 2899 καὶ
3559 2848 3635 2919 μὴ
3678 2849 3786 2902 καθ’

2193 2929 2492 3002 ὁλόκληρον
2522 2929 2599 2992 ὡς
2629 2930 3048 3005 προειλήφαμεν
3087 2935 3552 3009 ἀπρακτήσουσαι
3596 2936 3702 2996 εἶεν
3729 2942 3784 2996 ἂν

2194 3022 2377 3076 αὐταί.

2274 3115 2340 3168 Ἡ
2373 3113 2427 3180 ς’
2465 3115 2560 3170 τοῦ
2591 3117 2973 3190 Σεπτεμϐρίου
3009 3122 3180 3192 μηνδς
3224 3123 3308 3177 ὅτι
3362 3125 3420 3177 ἐν
3464 3127 3603 3199 αὐτῇ
3637 3127 3693 3181 τὸ
3734 3127 3784 3179 ἐν

483 3213 830 3271 infundibula
862 3212 1042 3267 sumni
1077 3212 1234 3268 ducis
1265 3212 1548 3270 Michaelis
1576 3215 1906 3272 miraculum
1953 3232 2080 3288 pro-

2195 3207 2406 3313 Χιῖῗνοις
2451 3209 2546 3264 τοῦ
2593 3211 3042 3285 ἀρχιστρατήγου
3083 3215 3306 3288 Μιχαὴλ
3343 3217 3539 3290 Οαῦμα
3581 3237 3784 3293 τετερα-

480 3307 695 3364 (Ιὶαίοεο
727 3303 1024 3373 peragitur.

554 3419 690 3474 Item
731 3416 1029 3472 vicesimus
1057 3414 1250 3470 tertius
1276 3411 1552 3478 Octobris,
1577 3413 1842 3483 quoniam
1872 3429 2081 3469 memo-

481 3512 623 3567 riam
644 3509 831 3566 fratris
869 3510 958 3564 Dei
985 3506 1174 3564 Jacobi
1204 3506 1569 3562 celebramus.

552 3605 686 3660 Item
713 3602 1014 3658 vicesimus
1047 3609 1260 3667 sextus,
1313 3601 1443 3671 quia
1467 3615 1726 3670 magnum
1749 3598 1902 3653 illum
1933 3615 2083 3654 mar-

481 3710 654 3773 tyrem
703 3708 757 3755 et
791 3706 1071 3768 unguento
1100 3695 1509 3765 ‘,scaturientem
1545 3693 1812 3748 festiviter
1856 3709 2085 3750 venera-

481 3808 608 3846 mur
644 3789 1005 3845 Demetrium.

550 3907 686 3962 Item
739 3906 950 3976 primus
998 3901 1351 3970 Novembris,
1415 3902 1564 3974 quod
1619 3902 1938 3959 miraculosi
1998 3903 2079 3959 illi

477 4017 768 4073 pauperes,
797 4001 1029 4056 Cosmas
1058 4006 1113 4054 et
1149 3998 1452 4054 Damianus
1475 3996 1672 4054 festive
1695 3998 1967 4054 colantur.

553 4095 688 4150 Item
717 4104 968 4158 octavus,
994 4092 1138 4162 quod
1170 4100 1476 4148 conventus
1506 4088 1894 4146 defunctorum
1930 4091 2076 4147 cele—

475 4188 688 4244 bretur.

547 4283 684 4338 Item
739 4280 1262 4346 duodetricesimus,
1303 4278 1451 4350 quod
1501 4288 1729 4335 sanctus
1763 4277 2076 4349 Stephanus

477 4386 684 4447 martyr
711 4376 900 4448 junior
930 4373 1259 4430 celebretur.

548 4493 681 4547 Item
733 4501 965 4560 quartus
1011 4488 1368 4557 Decembris,
1419 4489 1474 4544 in
1525 4488 1794 4545 honorem
1843 4488 2076 4560 egregiae

477 4585 739 4657 martyris
768 4584 1046 4639 Barbarae.

549 4677 685 4732 Item
735 4683 947 4740 sextus,
979 4674 1032 4728 in
1083 4675 1350 4730 honorem
1399 4673 1689 4729 miraculis
1721 4672 1952 4729 celebris
1985 4690 2082 4728 un-

478 4779 790 4842 guentoque
818 4768 1172 4825 scaturientis
1206 4768 1441 4824 Nicolai.

562 4882 692 4936 Item
722 4881 968 4937 decimus
993 4878 1262 4950 Januarii,
1298 4881 1354 4936 in
1377 4881 1644 4937 honorem
1675 4880 1847 4937 divini
1880 4879 2082 4953 Grego-

479 4975 545 5029 rii
576 4972 834 5046 Nysseni.

549 5067 682 5122 Item
720 5065 968 5123 decimus
993 5077 1204 5133 sextus,
1241 5075 1464 5139 propter
1493 5067 1885 5124 Adorationem
1913 5081 2083 5122 vene-

478 5163 732 5218 rabilinm
763 5158 1030 5235 principis
1064 5163 1440 5232 apostolorum
1469 5161 1616 5219 Petri
1651 5163 2022 5218 vinculorum.

547 5256 678 5312 Item
703 5258 950 5314 decimus
974 5273 1174 5322 nonus,
1214 5267 1433 5328 propter
1465 5255 1959 5326 Recuperationem
1988 5270 2080 5309 vc-

475 5353 737 5409 nerabilis
767 5351 1010 5408 defuncti
1031 5350 1279 5424 Gregorii
1307 5351 1593 5423 Theologi.

543 5446 678 5502 Item
699 5445 996 5502 vicesimus
1017 5447 1306 5515 septimus,
1341 5453 1563 5515 piopter
1581 5441 2076 5514 Itecuperationcm

475 5541 914 5596 venerandarum
950 5539 1309 5610 reliquiarum
1338 5537 1753 5610 Chrysostomi.

549 5633 680 5689 ltcm
715 5635 983 5705 septimus
1015 5633 1328 5697 Februarii,
1363 5633 1418 5687 in
1479 5637 1748 5687 honorem
1797 5630 2072 5703 magnifici

476 5730 751 5799 martyris.
783 5729 939 5785 ducis
966 5730 1262 5795 exercitus,
1298 5727 1601 5785 Theodori.

557 5822 687 5876 Item
718 5822 967 5878 decimus
995 5822 1286 5893 septimus,
1318 5822 1373 5878 in
1409 5823 1674 5879 honorem
1700 5819 1940 5891 prazmiis
1971 5820 2070 5875 de-

478 5916 644 5966 «vm-wti
680 5913 956 5972 Theodori
984 5917 1202 5973 tironis.

2197 3299 2520 3372 τούργηται.

2286 3410 2351 3464 Ἦ
2374 3409 2459 3480 κγ’
2490 3412 2582 3468 τοῦ
2627 3413 2988 3487 Ὀκτωὸρίου,
3021 3417 3103 3471 ὄτι
3133 3418 3234 3489 τὴν
3266 3419 3496 3492 μνήμην
3522 3421 3618 3476 τοῦ
3645 3420 3783 3476 ἀδελ-

2197 3501 2396 3571 φοθέου
2434 3503 2693 3559 Ἰακώϐου
2724 3506 3010 3576 τελοῦμεν.

2283 3599 2347 3654 Ἡ
2393 3597 2486 3664 κς¹
2528 3601 2611 3655 ὅτι
2658 3600 2747 3654 τὸν
2798 3602 3270 3676 μεγαλομάρτυρα
3309 3606 3403 3660 καὶ
3453 3607 3780 3681 μυρὸὄλητον

2197 3691 2509 3763 Δημήτριον
2535 3691 2895 3765 ἑορτάζομεν.

2281 3891 2346 3945 Ἦ
2371 3890 2419 3945 α’
2443 3892 2538 3948 τοῦ
2566 3894 2880 3968 Νοεμϐρίου
2931 3897 3021 3952 διὰ
3067 3900 3130 3954 τὸ
3174 3903 3301 3964 τοὺς
3339 3901 3782 3976 θαυματουργοὺς

2195 3984 2291 4039 καὶ
2315 3986 2663 4059 ἀναργύρους
2691 3990 2940 4060 Κοσμᾶν,
2974 3993 3068 4046 καὶ
3105 3995 3380 4066 Δαμιανὺν
3415 3997 3780 4067 ἑορτάζεσθαι.

2278 4079 2345 4134 Ἡ
2387 4079 2438 4152 η’
2476 4082 2567 4137 διὰ
2591 4083 2689 4158 τὴν
2723 4084 2945 4153 σύναξιν
2967 4087 3077 4142 τῶν
3107 4091 3419 4161 ἀσωμάτων
3463 4091 3747 4146 τελεῖσθαι.

2263 4265 2377 4320 Καὶ
2411 4266 2445 4338 ἡ
2485 4264 2570 4338 κη’
2606 4266 2695 4322 διὰ
2736 4268 2798 4321 τὸ
2839 4268 2930 4323 τὸν
2972 4270 3354 4345 ὀσιομάρτυρα
3381 4273 3656 4344 Στέφανον
3700 4272 3780 4326 τὸν

2193 4357 2313 4412 νέον
2343 4360 2837 4432 πανηγυρίζεσθαι.

2277 4473 2340 4525 Ἦ
2372 4474 2413 4528 δ’
2450 4476 2545 4530 τοῦ
2570 4477 2914 4552 Δεκεμϐρίου
2944 4482 3035 4537 διὰ
3058 4483 3159 4554 τὴν
3199 4484 3624 4559 καλλιμάρτυρα
3652 4485 3782 4558 Βαρ-

2193 4568 2391 4642 ϐἀραν.

2259 4667 2369 4721 Καὶ
2401 4669 2434 4740 ἡ
2463 4667 2516 4734 ς’
2540 4667 2630 4722 διὰ
2661 4669 2751 4723 τὸν
2791 4670 2851 4725 ὲν
2893 4671 3136 4744 θαύμασι
3173 4673 3527 4746 περιώνυμον
3559 4675 3653 4730 καὶ
3687 4691 3779 4746 μυ-

2187 4758 2458 4832 ροϐλύτην
2485 4761 2777 4818 Νικόλαον.

2266 4872 2334 4925 Ἡ
2364 4879 2393 4925 ι’
2430 4874 2525 4929 τοῦ
2560 4874 2895 4951 Ἰανουαρίου
2936 4879 3026 4934 διὰ
3066 4882 3159 4935 τὸν
3208 4879 3435 4953 Νύσσης
3470 4879 3618 4936 θεῖον
3644 4881 3777 4954 Γρη-

2183 4967 2388 5039 γόριον.

2268 5063 2330 5116 Ἥ
2361 5069 2436 5128 ις’
2469 5063 2556 5118 διὰ
2595 5064 2696 5138 τὴν
2743 5069 3121 5138 προσκύνησιν
3152 5069 3249 5140 τῆς
3281 5071 3471 5143 τιμίας
3501 5072 3597 5126 τοῦ
3618 5087 3773 5142 κορυ-

2185 5156 2347 5226 φαίου
2379 5156 2488 5210 τῶν
2520 5159 2841 5214 ἀποστόλων
2869 5161 3078 5233 Πέτρου
3105 5161 3375 5228 ἁλύσεως.

2266 5247 2333 5300 Ἡ
2366 5246 2430 5301 ιο¹
2455 5249 2546 5303 διὰ
2585 5250 2686 5322 τὴν
2728 5251 3068 5323 ἀνακομιδὴν
3116 5251 3211 5307 τοῦ
3245 5255 3433 5326 τιμίου
3458 5254 3659 5328 νεκροῦ
3691 5250 3773 5307 τοῦ

2181 5338 2468 5408 Θεολόγου.

2252 5434 2364 5488 Καὶ
2395 5436 2427 5506 ή
2460 5435 2542 5500 κζ’
2573 5435 2663 5491 διὰ
2691 5437 2790 5510 τὴν
2823 5437 3162 5512 ἀνακομιδὴν
3200 5439 3296 5494 τοῦ
3338 5439 3642 5512 σεϐασμίου
3669 5440 3772 5494 λει-

2179 5529 2352 5598 ιζιὰνου
2390 5527 2487 5582 τοῦ
2526 5530 2572 5582 Χ
2580 5531 2945 5602 ρυσοστὸμου.

2264 5642 2327 5694 'H
2364 5640 2408 5706 ζ’
2459 5641 2551 5695 τοῦ
2605 5644 2980 5716 Φευρουαρίου
3024 5643 3112 5698 διὰ
3161 5645 3254 5700 τὸν
3314 5643 3771 5718 μεγαλομᾰρτυρα

2179 5734 2560 5803 στρατηλάτην
2593 5733 2894 5804 Θεόδωρον.

2249 5827 2360 5880 Καὶ
2383 5827 2416 5898 ἡ
2444 5824 2508 5891 ιζ’
2530 5827 2620 5882 διὰ
2643 5827 2734 5882 τὸν
2766 5828 3076 5900 ἀοληφὸρον
3103 5830 3380 5904 Θεόδωρον
3399 5832 3493 5886 τὸν
3518 5834 3597 5906 Tr,
3608 5847 3766 5906 ρωνα.
