4146 6442
435 472 574 538 1073

1442 467 1931 533 NOMOCANON-
1958 490 2027 503 -
2056 465 2207 526 TIT-
2246 466 2379 540 VII,
2418 464 2577 527 CAP-
2622 462 2835 525 II-IIl-

3600 459 3736 525 1074

514 587 580 641 Ἡ
615 586 660 640 θ’
683 584 781 641 τοῦ
802 584 1079 657 Μαρτίου,
1101 583 1178 649 ὡς
1197 583 1298 655 τῆς
1322 582 1545 655 μνήμης
1567 580 1899 652 τελουμένης
1924 576 2033 631 τῶν

2201 572 2333 630 Item
2366 590 2550 631 nonus
2583 572 2785 642 Martii,
2813 587 3012 645 nempe
3031 572 3176 645 quod
3217 571 3385 646 [tum]
3420 583 3738 630 sanctorum

432 681 605 752 ἁγίων
641 679 939 751 μαρτύρων
968 677 1063 732 τοῦ
1087 675 1328 750 Χριστοῦ
1365 674 1438 748 μ’.

516 870 579 924 'H
622 877 709 937 κγ’
759 867 855 921 τοῦ
911 864 1225 938 Ἀπριλλίου
1277 863 1485 935 ὡςίτοῢ
1540 858 2035 933 μεγαλομάρτυρος

432 962 710 1033 Γεωργίου
740 960 1081 1031 τιμωμένου.

517 1056 579 1108 Ἢ
608 1053 653 1125 β’
682 1053 778 1108 τοῦ
812 1053 991 1109 Μαΐου
1014 1051 1101 1106 διὰ
1134 1049 1227 1105 τὸν
1261 1048 1436 1121 μέγαν
1471 1046 1813 1101 Ἀθανάσιον.

514 1244 578 1297 Ἦ
611 1241 660 1314 η’
691 1243 785 1297 τοῦ
829 1241 1049 1297 Ἰουνίου
1096 1240 1184 1296 διὰ
1230 1239 1326 1294 τὸν
1362 1234 1830 1310 μεγαλομάρτυρα
1868 1249 2035 1303 στρα-

432 1336 675 1408 τηλάτην
708 1335 1005 1407 Θεόδωρον.

517 1428 584 1483 Ἠ
606 1428 650 1483 θ’
685 1428 777 1484 διὰ
815 1429 909 1484 τὸν
942 1430 1091 1485 ὅσιον
1137 1426 1362 1499 Πατέρα
1386 1424 1548 1498 ἡμῶν
1578 1421 1850 1495 Κύριλλον
1888 1418 2039 1474 Ἀλε-

433 1522 625 1595 εανδρε
636 1523 743 1587 ίας.

502 1616 616 1671 Καὶ
638 1618 672 1688 ή
696 1614 777 1682 κζ’
802 1615 890 1671 διὰ
915 1614 1007 1670 τον
1026 1615 1174 1669 ὅσιον
1201 1614 1297 1669 καὶ
1327 1610 1749 1685 θαυματουργὸν
1770 1608 2034 1681 Σαμψών.

512 1797 580 1850 Ἦ
605 1795 654 1852 α’
680 1796 774 1851 τοῦ
811 1796 1066 1851 Ἰουλλίου
1096 1798 1179 1851 ὅτι
1205 1799 1263 1851 ὲν
1284 1796 1424 1868 αὐτῇ
1447 1794 1557 1849 τῶν
1587 1794 1762 1862 ἁγίων
1788 1794 1881 1847 καὶ
1906 1794 2038 1847 Οαυ-

435 1889 765 1961 ματουργῶν
796 1891 891 1945 καὶ
914 1889 1244 1962 ἀναργύρων
1273 1888 1371 1961 τὴν
1404 1890 1628 1960 μνήμην
1655 1886 1942 1959 τελοῦμεν.

2139 666 2502 739 quadraginta
2555 666 2763 724 Christi
2807 675 3112 739 martyrum
3179 665 3450 721 memoria
3495 666 3739 720 celebre-

2140 768 2248 813 llll'.

2212 851 2345 907 Item
2373 850 2673 907 vicesimus
2703 850 2897 906 tertius
2936 850 3160 919 Aprilis,
3186 848 3389 921 quippe
3415 851 3543 922 quia
3574 850 3739 925 [tum]

2146 946 2473 1016 magniﬁcus
2502 954 2707 1016 martyr
2736 942 3004 1016 Georgius
3034 945 3357 1000 honoretur.

2210 1035 2347 1091 Item
2408 1036 2687 1091 secundus
2726 1034 2877 1101 Maii,
2925 1034 2980 1091 in
3028 1035 3299 1091 honorem
3349 1034 3532 1105 magni
3571 1035 3742 1089 Atha-

2142 1126 2305 1182 nasii.

2209 1220 2342 1275 Item
2376 1230 2606 1278 octavus
2659 1219 2831 1285 Junii,
2869 1221 2924 1277 in
2958 1222 3222 1277 honorem
3267 1220 3545 1293 magnifici
3594 1238 3742 1291 mar-

2144 1312 2283 1382 tyris
2306 1311 2609 1380 Theodori,
2643 1314 2921 1369 exercitus
2948 1313 3125 1369 ducis.

2215 1404 2346 1459 Item
2382 1421 2586 1470 nonus,
2621 1407 2675 1461 iu
2705 1406 2968 1463 honorem
3005 1407 3179 1471 sancti
3210 1405 3389 1463 Patris
3433 1406 3605 1463 nostri
3636 1405 3741 1476 Cy-

2143 1498 2251 1553 rilli
2276 1499 2657 1553 Alexandrini.

2214 1592 2346 1648 item
2396 1594 2698 1650 vicesimus
2745 1594 3033 1665 septimus,
3082 1595 3135 1649 in
3168 1595 3431 1651 honorem
3484 1594 3656 1651 sancti
3688 1604 3743 1649 et

2144 1684 2463 1743 miraculosi
2505 1686 2811 1741 Samsouis.

2213 1777 2347 1835 Item
2382 1780 2594 1848 primus
2636 1779 2789 1845 Julii,
2840 1780 2967 1849 quia
2999 1790 3113 1835 tum
3148 1792 3463 1837 sanctorum
3496 1790 3550 1835 ct
3580 1780 3741 1834 mira-

2144 1871 2463 1928 culosorum
2506 1889 2810 1943 pauperum
2856 1873 3077 1929 illorum
3116 1875 3439 1928 memoriam
3478 1874 3735 1928 colimus.

513 1985 579 2037 'H
616 1953 773 2054 Hoc:
794 1984 893 2055 τῆς
918 1953 1271 2046 καταδέσεως
1444 1953 1896 2052 τιμίαςῑὲσθῆτος
1937 1980 2038 2050 τῆς

2211 1963 2343 2021 Item
2386 1967 2686 2034 secundus,
2724 1966 2851 2037 quia
2901 1966 3301 2036 depositionem
3357 1967 3610 2037 pretiosae
3645 1982 3738 2021 ve-

430 2075 776 2145 Θεομήτορος
808 2075 1247 2147 μνημονεύομεν.

513 2167 579 2220 Ἠ
620 2166 669 2237 η’
698 2168 780 2222 ὅτι
809 2167 902 2222 τὸν
941 2167 1410 2240 μεγαλομάρτυρα
1440 2165 1748 2237 Προκόπιον
1779 2165 2034 2238 ἑορτάζο-

436 2275 560 2329 μεν.

510 2368 576 2422 Ἥ
606 2367 673 2423 ια’
698 2368 781 2423 ὅτι
808 2370 909 2442 τὴν
938 2369 1360 2443 καλλιμάρτυρα
1393 2370 1690 2443 Εύφημίαν
1721 2370 2029 2445 πανηγυρί-

429 2462 619 2532 ζομεν.

511 2551 581 2608 Ἦ
616 2553 662 2608 κ’
693 2554 779 2608 ὅτι
823 2556 1114 2629 προφήτην
1152 2556 1335 2613 Ἠλίαν
1364 2558 1637 2630 τιμῶμεν.

513 2747 578 2799 Ἦ
610 2744 691 2811 κζ’
714 2747 797 2801 ὄτι
825 2746 919 2801 τὸν
948 2746 1250 2819 ἀθλοφόρον
1278 2744 1372 2800 καὶ⁹
1402 2745 1823 2819 θαυματουργὸν
1850 2748 2031 2801 Παντ-

426 2841 558 2912 ελεή
568 2858 705 2911 μονα
731 2841 1087 2913 ἑορτάζομεν.

508 3022 618 3076 Καὶ
648 3023 683 3095 ή
715 3022 811 3078 τοῦ
837 3024 1153 3094 Αὐγούστου
1191 3023 1295 3093 λα’,
1326 3026 1417 3080 διὰ
1439 3025 1539 3097 τὴν
1572 3027 1673 3098 τῆς
1707 3029 1896 3101 τιμίας
1925 3030 2031 3096 ζώ-

428 3133 533 3187 νης
563 3116 662 3188 τῆς
683 3117 956 3190 ἀχράντου
985 3119 1251 3174 Θεοτόκου
1284 3119 1641 3176 κατάστασιν.

2146 2058 2246 2114 stis
2279 2057 2371 2114 Dei
2405 2058 2704 2115 Genitricis
2738 2060 3057 2115 recolimus.

2218 2151 2353 2207 Item
2386 2162 2638 2217 octavus,
2660 2154 2790 2223 quia
2820 2153 3173 2224 magniﬁcum
3208 2161 3506 2225 martyrem
3538 2149 3743 2207 Proco-

2144 2243 2295 2314 pium
2332 2243 2602 2300 festiviter
2652 2244 3016 2301 honoramus.

2215 2349 2347 2407 Item
2386 2352 2734 2420 undecimus,
2760 2356 2886 2424 quia
2916 2354 3176 2410 eximiam
3206 2362 3503 2426 martyrem
3530 2337 3742 2425 Euphe—

2147 2444 2313 2499 iniam
2357 2446 2831 2505 concelebramus.

2216 2537 2351 2594 Item
2382 2538 2714 2611 vicesimus,
2753 2543 2882 2613 quia
2910 2543 3237 2614 prophetam
3274 2542 3449 2599 Eliam
3501 2543 3743 2598 honora-

2149 2644 2292 2685 mus.

2220 2724 2353 2780 Item
2384 2724 2681 2782 vicesimus
2719 2727 3005 2797 septimus,
3059 2727 3322 2799 quoniam
3356 2727 3598 2798 prmuniis
3643 2726 3740 2779 de-

2144 2828 2392 2873 coratum
2442 2828 2496 2876 et
2560 2820 2953 2878 miraculosum
3009 2821 3493 2879 Panteleeniouem
3548 2820 3743 2877 festive

2146 2910 2404 2966 colimus.

2219 3000 2353 3059 Item
2408 3004 2723 3062 tricesimus
2756 3007 2970 3078 primus
3022 3007 3287 3079 Augusti.
3343 3015 3568 3079 propter
3608 3022 3737 3078 pre-

2145 3096 2275 3152 tiosi
2328 3097 2531 3171 cinguli
2565 3100 2934 3158 immaculata:
2975 3100 3069 3159 Dei
3120 3102 3417 3159 Gcnitricis
3442 3101 3745 3172 depositio-

2147 3204 2291 3244 nem.

507 3291 679 3353 Ᾱῦται
718 3299 783 3370 δὴ
818 3301 875 3354 αί
922 3299 1041 3365 πῶς
1089 3301 1189 3374 μὲν
1236 3301 1534 3373 ἄπρακτοι,
1570 3303 1690 3367 πῶς
1730 3302 1788 3357 δὲ
1815 3302 2035 3375 ἔμπρα-

2212 3280 2391 3352 Atque
2422 3281 2477 3337 hi
2521 3284 2770 3358 [quidem
2812 3283 2932 3341 dies
2965 3283 3142 3356 sunt],
3179 3284 3275 3355 qui
3328 3283 3743 3355 quodammodo

431 3409 578 3446 κτοι.
611 3392 725 3457 Τὰς
760 3393 945 3463 μέντοι
986 3392 1077 3446 διὰ
1121 3392 1412 3465 βασιλικὴν
1452 3395 1485 3465 ἢ
1532 3393 1811 3465 γέννησιν,
1848 3393 2041 3465 ῆάνα-

431 3491 693 3561 γὸρευσιν
734 3491 1102 3562 σχολαζούσας
1142 3492 1253 3547 τῶν
1281 3491 1536 3564 ἡμερῶν,
1564 3491 1662 3546 καὶ
1690 3491 1896 3555 ταύτας
1916 3493 2040 3557 ταῖς

430 3586 785 3658 ἐμπράκτοις
819 3586 1064 3659 ἐγκρίνει
1092 3588 1125 3659 ἡ
1148 3586 1399 3658 βασιλεία
1432 3604 1558 3657 μου,
1582 3588 1677 3657 ἀφ’
1710 3587 1913 3659 ἑαυτῆς
1937 3588 2038 3657 ἀρε-

432 3681 643 3751 χομὲνη
690 3679 785 3733 τοῦ
832 3682 1105 3753 παρόντος
1143 3680 1648 3753 θεσμοθετήματος,
1695 3682 1791 3737 καὶ
1839 3683 1898 3735 ὲν
1952 3676 2037 3745 οἷς

433 3773 578 3844 αὐτῇ
613 3772 971 3844 διαπράξαιτο
998 3773 1331 3829 διδάσκουσα
1357 3774 1486 3837 τοὺς
1517 3774 1763 3840 λοιπούς.
1797 3776 1910 3847 Οὐχ
1941 3774 2035 3829 οὔ·

434 3881 516 3917 τω
543 3864 655 3937 γὰρ
682 3866 710 3919 ὁ
744 3868 846 3937 τῆς
874 3865 1161 3937 παρούσης
1190 3865 1492 3933 διατάξεως
1512 3865 1671 3936 λόγος
1701 3865 1881 3920 πείσει
1904 3867 2038 3931 τοὺς

435 3956 590 4027 αὐτῷ
631 3958 1090 4030 προσανέχοντας,
1122 3959 1200 4022 ὼς
1225 3960 1261 4030 ἡ
1290 3958 1443 4030 παρὰ
1472 3959 1575 4029 τῆς
1605 3958 1885 4030 βασιλείας
1930 3976 2033 4030 μου

435 4048 659 4117 πρᾶξις·
690 4049 862 4113 αὐτὰς
884 4050 994 4120 γὰρ
1018 4049 1118 4114 τὰς
1141 4049 1359 4121 ἡμέρας
1386 4051 1446 4104 ὲν
1468 4045 1559 4115 αίς
1581 4053 1614 4121 ή
1647 4050 1895 4121 βασιλεία
1930 4068 2031 4123 μου

435 4142 533 4195 καὶ
571 4144 651 4204 είς
683 4142 773 4195 τὸν
804 4143 932 4213 τῇδε
967 4142 1079 4213 βίον
1110 4146 1494 4215 προεισῆκται,
1540 4143 1635 4198 καὶ
1685 4145 1768 4209 είς
1806 4144 2036 4215 βασιλέα

436 4232 665 4303 προνοίᾳ
693 4232 832 4287 Θεοῦ
859 4233 1246 4306 ἀνηγόρευται,
1279 4235 1635 4306 ὲμπράκτους
1659 4231 1799 4290 εἶναι
1838 4235 2033 4290 θεσπί-

434 4326 542 4391 ζει,
588 4327 685 4380 καὶ
734 4326 1012 4399 μηδεμίαν
1047 4328 1361 4399 ἐκεχειρίαν
1403 4330 1463 4382 ὲν
1494 4328 1722 4393 ταύταις
1764 4328 1921 4397 ἄγειν
1962 4328 2033 4383 τὰ

433 4418 789 4489 δικαστήρια.
845 4421 1027 4475 Πᾶσαι
1078 4421 1261 4491 μέντοι
1294 4424 1349 4475 αἱ
1382 4421 1532 4493 παρὰ
1571 4421 1670 4486 τὰς
1708 4421 1823 4476 ἄνω
1871 4440 2035 4477 κατα-

434 4512 773 4583 στραφείσας
797 4513 1014 4586 ἡμέρας
1041 4512 1137 4567 τοῦ
1170 4513 1388 4586 χρόνου,
1414 4516 1512 4569 καὶ
1541 4516 1852 4587 ἕμπρακτοι
1878 4516 2032 4570 ἔσον-

434 4622 547 4670 ται,
594 4607 691 4659 καὶ
727 4605 1059 4678 δικαστήρια
1103 4608 1163 4662 ὲν
1197 4608 1392 4673 αὐταῖς
1434 4610 1783 4681 γενήσονται,
1813 4609 1911 4665 καὶ
1940 4612 2034 4665 ἐκ·
2061 4616 2117 4677 D

435 4697 701 4767 6ι6ασμοὶ
722 4697 1032 4763 ἀκολούθως
1057 4701 1178 4763 ταῖς
1205 4701 1549 4765 δικαστικαϊς
1575 4702 1911 4773 ἀποφάσεσι.
1932 4702 2038 4757 Πέ-

435 4805 673 4859 πεισμαι
718 4788 775 4842 δὲ
826 4789 911 4843 ὅτι
963 4788 1061 4843 καὶ
1099 4789 1221 4862 Θεῷ
1251 4791 1405 4861 φίλον
1443 4790 1599 4846 ἔσται
1634 4793 1697 4846 τὸ
1729 4793 1906 4865 παρὸν
1936 4793 2036 4863 τῆς

436 4880 723 4951 βασιλείας
788 4898 890 4952 μου
950 4882 1359 4956 Θεσμοθέτημα.
1400 4883 1720 4950 Ταλανίζων
1763 4885 1875 4957 γὰρ
1909 4886 2039 4951 τοὺς

432 4972 768 5043 Φαρισαίους
789 4975 819 5027 ὁ
842 4972 1067 5047 Κύριος,
1098 4975 1196 5031 καὶ
1222 4974 1390 5031 αὐτοῦ
1413 4976 1508 5031 τοῦ
1539 4975 1693 5032 ἐλέου
1722 4976 1825 5050 τὴν
1854 4976 2038 5049 κρίσιν

432 5065 760 5136 προσέταξε.

510 5252 761 5305 ΚΕΦΑΛ.
797 5250 872 5306 B’.
904 5280 973 5293 —--
1004 5252 1146 5320 Περὶ
1182 5251 1290 5306 τοῦ
1333 5251 1489 5321 μήτε
1520 5251 1637 5320 τὴν
1674 5253 1856 5322 λεχὼ,
1882 5252 2038 5323 μήτε

432 5344 544 5398 τὸν
593 5345 663 5398 ἐκ
711 5344 904 5400 νόσου
939 5344 1029 5414 μὴ
1076 5342 1423 5416 δυνάμενον
1472 5344 1917 5415 ἀναγκάζεσθαι
1970 5347 2036 5402 τὸ

433 5438 650 5508 πάσχα
672 5442 1021 5507 νηστεύειν.

511 5532 783 5604 Τιμοθέου
816 5533 1000 5588 κανὼν
1030 5531 1102 5606 η’,
1133 5542 1185 5589 ι’.

510 5646 764 5700 ΚΕΦΑΛ.
798 5644 872 5701 Γ¹.
902 5676 975 5686 -
998 5646 1141 5715 Περὶ
1178 5645 1291 5716 τῆς
1326 5647 1553 5717 ἡμέρας
1600 5647 1700 5701 καί
1747 5646 1859 5716 τῆς
1880 5646 2037 5716 ὧρας

433 5737 548 5807 τῆς
575 5740 956 5809 Πασχαλίου,
988 5740 1087 5795 καὶ
1113 5739 1233 5793 τῶν
1259 5741 1625 5809 Θεοφανίων.

526 5833 868 5886 ’Λποστόλων
928 5833 1113 5887 κανὼν
1164 5832 1244 5898 ζ’·
1290 5836 1511 5889 συνόδου
1557 5836 1888 5907 Ἀντιοχείας
1938 5853 2037 5890 κα-

436 5924 547 5980 νὼν
576 5925 652 5979 α’·
685 5926 906 5981 συνόδου
937 5928 1302 6000 Καρυαγένης
1343 5927 1524 5984 κανὼν
1554 5925 1669 5997 cy"
1704 5928 1920 5983 συνόδου
1957 5929 2029 5992 ς’,

2143 3369 2346 3436 feriati,
2394 3372 2888 3442 etjquodammodo
2932 3387 3042 3429 non
3088 3373 3269 3429 feriati
3322 3385 3471 3429 sunt.
3526 3373 3740 3440 Quibus

2144 3478 2276 3518 vero
2326 3461 2570 3536 [diebus]
2615 3474 2839 3536 propter
2879 3463 3234 3521 Nativitatem
3282 3474 3378 3521 aut
3406 3464 3742 3521 creationem

2146 3557 2413 3627 principis
2446 3558 2736 3625 Ieriamur,
2774 3559 2875 3616 hos
2906 3560 3269 3632 imperatoria
3320 3574 3442 3615 mea
3476 3560 3743 3629 majestas

2145 3650 2289 3706 inter
2316 3668 2426 3707 non
2459 3650 2685 3709 feriatos
2713 3653 2950 3710 collocat
2994 3671 3007 3709 :
3037 3668 3104 3709 ac
3138 3662 3463 3724 praesentem
3494 3653 3741 3709 sanctiu—

2146 3757 2271 3797 nem
2319 3758 2351 3798 a
2408 3757 2469 3799 se
2523 3744 2836 3814 inchoans,
2888 3745 3081 3802 iisdem
3140 3745 3373 3816 ipsamet
3414 3745 3642 3814 reliquis
3685 3745 3744 3799 in

2145 3834 2462 3905 exemplum
2524 3834 2856 3911 [quidpiam]
2906 3845 3197 3909 peractura
3237 3848 3342 3895 est.
3376 3836 3495 3892 Non
3514 3836 3745 3909 perinde

2144 3926 2290 3982 enim
2328 3931 2621 3999 praesentis
2664 3931 3081 3988 constitutionis
3122 3946 3304 3987 sermo
3334 3928 3740 4003 [quantumvis]

2143 4019 2199 4074 in
2224 4020 2376 4075 illum
2406 4024 2653 4091 attentis,
2678 4034 2844 4096 atque
2876 4024 3247 4096 imperatoria:
3274 4024 3581 4095 majestatis
3605 4039 3745 4078 mea:

2142 4114 2290 4169 actio
2317 4114 2670 4185 persuadeat.
2700 4117 2824 4172 Mea
2850 4117 3035 4188 itaque
3063 4116 3412 4187 imperatoria
3453 4115 3739 4187 majestas,

2142 4205 2345 4276 quibus
2384 4206 2579 4263 diebus
2631 4215 2746 4263 tum
2786 4208 2841 4264 in
2894 4209 3042 4265 hanc
3073 4210 3245 4265 vitam
3299 4209 3588 4278 producta,
3621 4218 3739 4263 tum

2138 4299 2326 4355 divina
2363 4298 2722 4357 Providentia
2757 4301 2813 4357 in
2868 4302 3257 4372 imperatorem
3294 4302 3581 4373 designata
3630 4312 3737 4369 cst,

2140 4406 2210 4446 ne
2241 4390 2366 4465 [illi]
2400 4392 2579 4449 feriati
2610 4394 2722 4449 sint
2745 4410 2921 4466 neque
2947 4394 3091 4451 ullas
3124 4396 3379 4451 inducias
3416 4396 3469 4449 in
3498 4394 3607 4450 illis
3645 4395 3737 4465 ju-

2140 4485 2285 4541 dicia
2312 4486 2577 4553 habeant,
2609 4488 2807 4543 sancit.
2836 4487 2980 4543 Sane
3004 4497 3200 4559 praeter
3240 4504 3409 4559 supra
3430 4488 3741 4559 descriptos

2143 4578 2274 4633 anni
2307 4579 2449 4645 dics,
2488 4593 2683 4635 omnes
2710 4578 2850 4653 [alii]
2885 4580 3015 4638 fasti
3042 4590 3227 4647 erunt,
3261 4591 3315 4637 et
3356 4581 3412 4635 in
3463 4581 3741 4651 illisjudi-

2141 4670 2248 4734 cia,
2296 4668 2721 4743 judiciariisque
2748 4673 3039 4729 sententiis
3090 4682 3476 4729 consentaneae
3502 4689 3739 4729 exsecu-

2142 4763 2320 4820 tiones
2382 4764 2808 4821 exercebantur.
2852 4765 3184 4822 Persuasum
3235 4773 3419 4822 autem
3470 4766 3741 4821 habemus

2140 4855 2429 4913 Deoetiam
2449 4859 2976 4931 hancimperatoriae
3005 4877 3139 4915 mem
3168 4860 3471 4931 majestatis
3495 4860 3741 4915 sanctio-

2140 4965 2264 5004 nem
2294 4949 2411 5006 fore
2439 4958 2673 5023 gralam.
2704 4952 2845 5007 Cum
2889 4955 3036 5009 enim
3080 4953 3390 5011 Pharisaaos
3417 4970 3741 5011 exsecrare-

2141 5053 2233 5098 tur
2290 5046 2578 5111 Dominus,
2627 5046 2960 5117 [neglectum
3012 5048 3081 5102 ab
3138 5047 3295 5120 ipsis]
3346 5047 3741 5105 misericordia:

2136 5136 2406 5208 judicium
2432 5148 2561 5194 ante
2591 5140 2777 5194 omnia
2804 5149 3067 5195 causatus
3095 5150 3200 5196 est.

2215 5248 2369 5304 CAP.
2401 5246 2468 5306 11.
2490 5279 2559 5291 -—
2588 5247 2672 5303 Ne
2714 5264 2994 5320 puerpera,
3044 5266 3207 5319 neque
3236 5251 3326 5321 qui
3355 5267 3447 5320 per
3494 5251 3737 5306 morbum

2142 5362 2245 5400 non
2272 5344 2462 5415 possit,
2498 5342 2702 5397 Pascha
2723 5342 2974 5413 jejunare
3001 5354 3241 5414 cogatur.

2213 5533 2487 5591 Timothei
2513 5548 2690 5590 canon
2729 5531 2783 5597 8,
2814 5532 2899 5588 IO.

2216 5645 2368 5701 CAP.
2423 5643 2509 5698 Ill.
2541 5672 2611 5685 ——
2645 5641 2721 5696 De
2769 5642 2857 5696 die
2901 5652 3055 5712 atque
3104 5652 3335 5711 tempore
3387 5641 3661 5706 Pace/mli,
3688 5654 3736 5696 ct

2146 5739 2520 5811 Tlteophaniis.

2212 5832 2598 5905 Apostolorum
2617 5847 2793 5887 canon
2816 5831 2871 5897 7;
2891 5828 3113 5886 concilii
3135 5826 3462 5885 Antiochcni
3487 5842 3663 5882 canon
3688 5828 3734 5892 l;

2146 5929 2364 5987 concilii
2395 5927 2849 5998 Carthaginiensis
2881 5939 3057 5981 canon
3093 5923 3193 5991 75;
3230 5922 3447 5981 concilii
3481 5924 3616 5978 sexti
3650 5940 3738 5977 ca-
