4146 6446
369 494 505 560 1077

1389 495 1878 559 NOMOCANON.
1906 521 1977 534 -
2004 497 2153 557 TI'I‘.
2190 496 2355 569 VIII,
2397 496 2557 556 CAP.
2591 495 2644 555 Ι.

3518 492 3659 558 1078

363 606 560 678 γέννης
605 606 786 662 κανὼν
846 624 946 677 νγ,
977 624 1167 674 νς,οε
1200 623 1214 637 ·
1262 607 1484 662 συνόδου
1517 614 1593 674 ς’,
1638 607 1819 662 κανὼν
1864 608 1965 673 κε’,

2076 606 2318 676 ginensis
2347 621 2523 662 canon
2547 606 2638 672 55,
2671 603 2762 671 56,
2788 605 2853 662 71
2886 623 2900 673 ;
2936 603 3157 661 concilii
3197 605 3338 660 sexzi
3369 620 3546 660 canon
3574 606 3666 669 2:3,

364 697 473 763 λς’,
496 697 596 764 λς’,
635 699 740 770 λη’,
774 695 872 754 λθ’.

437 789 748 858 Κείμενον.
800 790 868 843 Ἠ
892 788 946 855 ς’
983 791 1125 846 διάτ.
1186 789 1284 845 τοῦ
1310 789 1352 862 β’
1379 791 1483 846 τίτ.
1540 790 1636 845 τοῦ
1668 798 1714 845 α’
1749 791 1960 862 βιϐλίου

365 881 461 935 τοῦ
475 881 722 950 κώδικος,
748 886 912 954 φησιν
934 885 1016 938 ὄτι
1037 885 1156 950 τὰς,
1185 902 1241 940 κ.
1264 903 1316 940 τ.
1345 886 1420 952 λ.,
1439 901 1613 957 usque
1639 887 1708 942 ad
1741 886 1960 959 Ῥώμην

368 975 538 1047 αὐτὴν
572 975 933 1046 ὀνομάζεσθαι
957 976 1127 1046 λέγει.

437 1066 716 1136 Σχόλιον.
761 1068 827 1122 Ἦ
857 1068 910 1134 ς’
938 1070 1101 1136 διὰτ.,
1136 1069 1232 1124 τοῦ
1261 1078 1309 1126 α’
1347 1071 1556 1143 βιϐλίου
1584 1073 1679 1128 τοῦ
1704 1074 1957 1143 κώδικος,

368 1158 486 1212 ἐστι
513 1177 639 1229 κεφ.
669 1167 744 1226 ς’,
779 1161 874 1214 τοῦ
900 1161 948 1216 α’
975 1162 1110 1228 τίτ.,
1161 1163 1256 1216 τοῦ
1283 1163 1325 1217 ε’
1362 1164 1568 1236 βιϐλίου
1600 1167 1710 1220 τῶν
1735 1167 1961 1221 Βασιλι-

367 1249 479 1304 κῶν
507 1249 681 1314 οὕτως
707 1251 830 1324 έχον
857 1253 934 1318 ώς
963 1256 1345 1327 κατεστρώθη.
1378 1257 1452 1310 Τὸ
1475 1257 1532 1310 δέ
1551 1258 1667 1330 ἔχει
1691 1260 1782 1312 τὸν
1801 1261 1960 1315 Κων-

367 1345 868 1410 σταντινουπόλεως
898 1347 968 1401 τὰ
991 1347 1266 1418 προνόμια
1291 1349 1393 1419 τῆς
1439 1349 1678 1414 παλαιᾶς
1717 1351 1959 1424 Ῥώμης,

365 1435 428 1488 οὐ
458 1436 763 1507 προσετέθη
818 1439 900 1501 εἰς
926 1439 996 1493 τὰ
1028 1439 1318 1495 Βασιλικὰ.
1363 1443 1664 1512 Ἀνὰγνωθι
1721 1445 1817 1498 καὶ
1869 1446 1962 1499 τὸν

365 1523 450 1596 κη’
482 1527 682 1581 κανόνα
704 1528 806 1600 τῆς
835 1529 874 1582 δ’
901 1532 1141 1598 συνόδου,
1175 1532 1268 1587 καὶ
1294 1532 1364 1586 τὰ
1391 1537 1449 1588 ἐν
1481 1536 1632 1608 αὐτῷ
1655 1537 1960 1608 γραφέντα.

380 1621 444 1675 Ἡ
478 1620 552 1689 ις’
581 1623 722 1678 διάτ.
783 1625 878 1677 τοῦ
908 1625 954 1696 β’
987 1626 1093 1681 τίτ.
1161 1625 1255 1680 τοῦ
1289 1633 1337 1680 α’
1369 1627 1578 1697 βιϐλίου
1609 1630 1701 1682 τοῦ
1732 1628 1964 1694 κώδικος

363 1715 465 1768 οὐκ
494 1715 657 1786 ἐτέθη
686 1717 768 1782 είς
798 1719 869 1771 τὰ
893 1717 1178 1773 Βασιλικὰ.
1223 1718 1289 1774 Ἦ
1321 1719 1393 1772 λε’
1420 1721 1586 1785 διάτ.,
1650 1721 1744 1774 τοῦ
1775 1728 1826 1790 γ’
1853 1725 1960 1777 τίτ.

364 1807 459 1860 τοῦ
487 1814 536 1860 α’
570 1808 778 1878 βιϐλίου
804 1811 897 1864 τοῦ
928 1811 1183 1876 κώδικος,
1233 1812 1350 1866 ἔστι
1377 1830 1504 1882 κεφ.
1533 1812 1583 1883 γ’
1615 1814 1710 1867 τοῦ
1777 1814 1824 1869 α’
1856 1816 1958 1872 τίτ.

364 1899 458 1952 τοῦ
499 1897 548 1968 γ’
577 1901 782 1971 βιϐλίου
834 1903 942 1956 τῶν
984 1905 1291 1959 Βασιλικῶν
1329 1904 1504 1969 οὕτως
1531 1906 1656 1976 ἔχον
1683 1908 1762 1971 ώς
1790 1911 1870 1971 είς
1901 1908 1964 1962 τὸ

2067 697 2157 756 '56.
2195 699 2286 763 57,
2325 697 2418 764 '58,
2447 698 2537 754 59.

2140 790 2356 846 Textus.
2379 790 2572 850 Const.
2601 790 2653 856 6,
2679 791 2763 846 tit.
2791 789 2848 857 2,
2873 791 2970 845 lib.
2999 791 3023 845 1
3051 792 3174 848 cod.
3214 793 3321 848 ait:
3345 792 3500 860 Quod
3527 807 3666 861 quae,

2065 892 2375 955 etc.,usque
2409 883 2478 938 ad
2513 884 2784 940 nominari
2816 885 2968 952 dicit,
3001 893 3058 939 ut
3070 903 3195 957 pag.
3227 886 3354 952 655,
3393 885 3522 941 658.

2137 1070 2430 1127 Scholium.
2480 1072 2673 1128 Const.
2716 1073 2769 1137 θ,
2798 1073 2882 1130 tit.
2909 1073 2964 1138 ἓ,
2996 1073 3092 1128 lib.
3131 1088 3174 1141 ι,
3211 1073 3334 1130 cod.
3369 1082 3457 1129 est
3533 1088 3669 1142 cap.

2065 1164 2119 1229 6,
2154 1165 2236 1220 tit.
2263 1167 2314 1231 1,
2349 1166 2442 1220 lib.
2478 1181 2496 1220 ι
2545 1165 2709 1221 Basil.
2751 1166 2899 1237 quod
2969 1166 3152 1231 habet,
3222 1175 3280 1220 ut
3326 1165 3667 1236 propositu-n

2065 1269 2168 1314 cst.
2199 1259 2358 1326 Quod
2411 1273 2542 1314 vero
2581 1259 3229 1330 Constantinopolitanus
3272 1259 3665 1329 praerogativas

2068 1352 2268 1406 veteris
2311 1351 2498 1406 Romae
2527 1351 2747 1417 habeat,
2779 1352 2834 1406 iu
2891 1351 3043 1408 Basil
3093 1366 3205 1406 non
3251 1361 3338 1406 est
3390 1351 3660 1406 additum.

2066 1444 2257 1499 Const.
2289 1442 2376 1506 16,
2403 1443 2485 1498 tit.
2510 1443 2565 1508 2,
2594 1444 2690 1498 lib.
2722 1461 2761 1508 ι,
2789 1444 2891 1500 cod
2915 1445 2967 1498 in
2999 1443 3158 1498 Basil.
3199 1459 3308 1498 non
3348 1454 3433 1499 est
3488 1443 3669 1514 posita

2064 1537 2296 1593 Constit.
2341 1538 2620 1602 55,1it.5,
2664 1537 2758 1592 lib.
2819 1553 2857 1600 t,
2897 1539 3017 1592 cod.
3078 1545 3306 1605 estcap.
3379 1539 3434 1599 5,
3493 1537 3575 1590 tiI.
3629 1552 3669 1595 ι,

2071 1629 2167 1682 lib.
2203 1644 2284 1682 ιιι.
2321 1628 2491 1682 Basil.
2519 1628 2669 1697 quod
2715 1627 2898 1690 habet,
2922 1640 2974 1681 vt
3010 1630 3062 1682 in
3101 1636 3250 1682 textu
3286 1628 3675 1698 compendiose

2067 1723 2304 1791 positum
2336 1733 2422 1776 est
2451 1740 2463 1775 :
2500 1732 2863 1791 praeterquam
2889 1719 3054 1792 [quod
3085 1737 3192 1775 non
3225 1719 3470 1792 haheat],
3521 1719 3672 1774 Con-

2068 1814 2616 1884 stantinopolitauum
2650 1814 3046 1884 prmrogativas
3073 1813 3272 1866 veteris
3325 1812 3512 1865 Roma)
3563 1811 3666 1864 ha-

2070 1908 2218 1962 bere.
2249 1907 2480 1962 Constit.
2521 1908 2572 1967 1,
2616 1907 2698 1961 tit.
2735 1905 2827 1970 21,
2862 1907 2955 1961 lib.
2990 1923 3049 1969 ll,
3087 1906 3208 1960 cod.
3237 1915 3321 1959 est
3361 1906 3445 1960 tit.
3483 1905 3533 1976 l_,
3569 1905 3665 1958 lib.

364 1991 620 2062 κείμενον
679 1995 991 2067 συνωψίσθη
1022 1997 1149 2051 ἄνευ
1181 1997 1278 2051 τοῦ
1310 1997 1458 2068 ἔχειν
1492 2000 1583 2052 τὸν
1607 2002 1958 2054 Κωνσταντι-

2076 2017 2102 2050 ν
2139 1999 2328 2064 Basil.,
2366 2014 2491 2067 cap.
2559 2001 2615 2060 6,
2642 1999 2787 2066 quod
2826 1999 2908 2052 sic
2941 1999 3017 2052 ait
3049 2016 3063 2052 :
3095 1997 3240 2052 Urbs
3265 1996 3663 2052 Constantino-

364 2084 668 2149 νουπόλεως
717 2088 786 2141 τὰ
843 2089 1115 2160 προνόμια
1170 2089 1271 2159 τῆς
1325 2089 1566 2162 ἀρχαίας
1610 2090 1852 2161 Ῥώμης.
1895 2092 1960 2145 Ἠ

363 2172 413 2227 α’
432 2175 540 2229 διὰ.
571 2177 666 2230 τοῦ
693 2177 778 2232 κα¹
807 2180 912 2234 τίτ.
962 2181 1056 2235 τοῦ
1086 2181 1154 2235 ια’
1191 2181 1400 2253 βιϐλίου
1430 2183 1524 2237 τοῦ
1548 2183 1802 2250 κώδικος,
1838 2184 1961 2238 ἔστι

2063 2092 2308 2162 politana
2337 2106 2442 2145 non
2485 2091 2668 2145 solum
2701 2089 2844 2156 juris
2891 2088 3084 2153 Italici,
3119 2089 3212 2143 scd
3254 2088 3419 2141 etiarn
3478 2087 3657 2156 ipsius

2064 2185 2254 2240 Romm
2280 2183 2639 2253 praerogativa
2681 2183 2904 2237 l‘ruitor.
2951 2183 3142 2237 Const.
3190 2196 3319 2237 vero
3360 2182 3408 2246 l,
3447 2183 3530 2236 tit.
3577 2181 3667 2246 17,

364 2284 488 2335 κεφ.
513 2266 566 2335 ς’
647 2271 744 2325 τοῦ
784 2270 830 2326 α’
863 2274 970 2330 τίτ.
1032 2275 1128 2330 τοῦ
1159 2275 1201 2330 ε’
1241 2276 1453 2348 βιϐλίου
1489 2277 1600 2332 τῶν
1651 2279 1960 2333 Βασιλικῶν

2084 2281 2156 2334 ib.
2191 2295 2207 2334 t
2265 2279 2388 2334 cod.
2421 2287 2507 2333 est
2541 2293 2661 2348 cap.
2717 2277 2808 2340 20,
2845 2278 2925 2331 tit.
2969 2277 3022 2341 6,
3059 2277 3152 2330 lib.
3218 2291 3283 2339 ιι,
3320 2274 3490 2331 Basil.
3523 2275 3669 2345 quod

363 2359 543 2427 οὓτως
593 2362 748 2434 ἔχον·
805 2366 871 2420 Ἥ
892 2369 1467 2432 Κωνσταντινούπολις
1512 2371 1586 2442 μὴ
1640 2373 1802 2442 μόνον
1859 2374 1960 2444 τῆς

379 2455 630 2523 Ἰταλίας,
691 2458 829 2514 ἀλλὰ
885 2462 978 2515 καὶ
1033 2463 1206 2531 αὐτῆς
1256 2464 1358 2535 τῆς
1399 2463 1620 2536 Ῥώμης
1645 2466 1964 2537 προνομίοις

365 2550 680 2622 κεχρήσθω.
713 2552 778 2606 Ἥ
806 2553 862 2607 δέ
887 2553 935 2608 α’
958 2555 1100 2611 διὰτ.
1159 2556 1258 2611 τοῦ
1283 2555 1346 2621 ιζ’
1372 2557 1479 2612 τίτ.
1538 2557 1632 2612 τοῦ
1669 2565 1718 2612 α’
1750 2558 1956 2629 βιϐλίου

360 2641 458 2695 τοῦ
487 2643 742 2711 κώδικος,
764 2645 880 2702 ἔστι
903 2665 1031 2720 κεφ.
1065 2648 1112 2705 κ’
1138 2650 1231 2704 τοῦ
1265 2649 1318 2716 ς’
1347 2652 1476 2708 τίτ.¹
1495 2652 1590 2705 τοῦ
1621 2651 1826 2722 βιϐλίου
1854 2651 1964 2705 τῶν

361 2734 671 2793 Βασιλικῶν
729 2739 873 2795 οὕτω
933 2741 1114 2811 λέγον·
1141 2746 1220 2816 Τῇ
1277 2745 1538 2816 συνηθείᾳ
1590 2747 1691 2815 τῆς
1747 2745 1968 2816 Ῥώμης

359 2821 678 2880 ἀκολουθεῖν
728 2827 954 2898 ὀφείλει.
989 2829 1092 2887 Οἷα
1119 2833 1178 2888 δέ
1229 2835 1336 2888 είσι
1359 2838 1428 2888 τὰ
1455 2839 1732 2907 προνόμια
1783 2838 1883 2906 τῆς
1910 2838 1970 2890 ἐν

362 2917 434 2986 τῇ
499 2917 708 2991 παλαιᾷ
765 2921 954 2996 Ῥώμῃ
1013 2925 1176 2994 ἁγίας
1222 2926 1571 2998 Ἐκκλησίας,
1633 2929 1970 3000 παρίστησιν

2065 2376 2148 2430 sic
2176 2374 2253 2427 ait
2293 2391 2305 2426 :
2341 2372 2534 2429 Omnis
2564 2372 2760 2428 civitas
2795 2371 3253 2427 consuetudinem
3287 2370 3473 2424 Romae
3502 2370 3662 2440 sequi

2075 2468 2255 2522 debet.
2291 2468 2564 2522 Caeterum
2615 2466 2924 2537 cujusntodi
2972 2465 3086 2520 sint
3131 2464 3412 2535 privilegia
3457 2475 3664 2520 sanctae

2077 2561 2342 2616 Ecclesiae
2361 2560 2560 2615 veteris
2586 2559 2792 2622 nonnae,
2821 2559 3101 2613 evidenter
3131 2558 3296 2612 tradit
3335 2558 3494 2613 nobis
3535 2560 3672 2613 scri-

2083 2661 2235 2719 ptum
2299 2647 2428 2702 illud
2483 2649 2767 2702 oraculum
2803 2648 2871 2701 ab
2911 2648 3177 2718 apostolis
3217 2648 3412 2718 aequali
3469 2658 3664 2702 sancto

2080 2741 2448 2797 Constantino
2469 2739 2664 2810 Magno
2696 2740 2764 2794 ad
2796 2752 3047 2795 sanctqu
3074 2739 3414 2811 Sylvestrum
3439 2756 3505 2794 eo
3535 2749 3672 2793 tem.

2076 2851 2207 2904 pore
2248 2849 2440 2904 papam
2470 2833 2784 2888 Romanum
2823 2833 3111 2899 emissum,
3139 2834 3286 2904 quod
3319 2834 3373 2888 in
3411 2835 3670 2888 huncha-

2081 2929 2169 2979 bet
2202 2927 2447 2980 modum.

364 3009 588 3079 ἡμῖντὸ
619 3016 773 3086 παρὰ
797 3017 892 3072 τοῦ
961 3020 1316 3077 ίσαποστόλου
1400 3024 1559 3094 ἁγίου
1597 3026 1836 3096 μεγάλου
1919 3021 2340 3079 Κωνσταντίνου
2402 3021 2626 3092 γεγονὸς
2696 3021 2976 3094 ἔγγραφον
3037 3020 3318 3092 θέσπισμα
3380 3023 3516 3095 πρὸς
3569 3023 3662 3075 τὸν

364 3107 523 3174 ἅγιον
559 3108 885 3182 Σίλϐεστρον
911 3112 1004 3168 τὸν
1024 3115 1147 3168 τότε
1171 3115 1360 3170 πὰπαν
1392 3118 1493 3189 τῆς
1531 3118 1773 3190 Ῥώμης,
1802 3119 1831 3171 ὃ
1860 3117 1956 3172 καὶ
1997 3117 2112 3187 ἔχει
2143 3113 2337 3175 οὕτως.

439 3201 568 3256 Δέον
598 3203 896 3276 ἐκρίναμεν
923 3207 1062 3278 μετὰ
1088 3209 1306 3264 πάντων
1340 3209 1451 3264 τῶν
1479 3211 1778 3282 σατραπῶν
1798 3212 1957 3283 ἡμῶν

2117 3213 2254 3264 Cum
2277 3209 2535 3264 omnibus
2557 3208 2793 3278 satrapis
2810 3209 3163 3274 nostris,cum
3177 3209 3437 3264 universo
3457 3218 3670 3267 senatu.

363 3295 464 3347 καὶ
496 3295 678 3364 πάσης
729 3297 828 3367 τῆς
863 3299 1208 3371 συγκλήτου,
1244 3303 1338 3356 καὶ¹
1385 3302 1496 3356 τῶν
1528 3304 1828 3376 ἀρχόντων,
1867 3306 1962 3359 καὶ

2076 3319 2192 3358 rum
2213 3301 2758 3372 pra:l‘ertis,denique
2773 3317 2896 3358 cum
2915 3302 3064 3357 omni
3081 3301 3282 3373 populo
3301 3303 3550 3370 potestati
3573 3301 3682 3355 Ro.

367 3388 510 3457 μετὰ
565 3389 771 3454 παντὸς
824 3391 918 3445 τοῦ
973 3391 1106 3447 λαοῦ
1149 3393 1244 3448 τοῦ
1291 3396 1396 3450 ὑπὸ
1441 3396 1541 3470 τὴν
1582 3398 1832 3465 ἐξουσίαν
1865 3379 1964 3471 τῖίς

379 3480 695 3553 Ῥωμαῖκῆς
711 3483 893 3554 δόξης,
911 3486 998 3541 ἵνα
1017 3486 1094 3549 ὡς
1121 3490 1150 3542 6
1167 3488 1322 3558 ἆγιος
1347 3491 1554 3563 Πέτρος
1577 3495 1641 3547 ἐκ
1666 3494 1960 3564 προσώπου

366 3575 467 3627 τοῦ
500 3575 634 3629 Υίοῦ
692 3577 788 3631 τοῦ
819 3577 957 3631 Θεοῦ
1006 3581 1158 3634 ἐστιν
1204 3584 1284 3646 είς
1317 3583 1414 3654 τὴν
1456 3587 1583 3655 γῆν,
1612 3584 1756 3638 οὓτω
1795 3585 1889 3639 καὶ
1913 3587 1964 3640 οἱ

365 3662 666 3719 ἐπίσκοποι
696 3666 747 3720 οἱ
775 3666 1010 3739 διάδοχοι
1036 3669 1130 3722 τοῦ
1159 3673 1460 3743 κορυφαίου
1485 3674 1593 3728 τῶν
1622 3675 1965 3742 ἀποστόλων,

366 3756 606 3828 ἀρχικὴν
634 3757 886 3825 ἐξουσίαν
920 3762 1000 3825 είς
1031 3761 1130 3834 τὴν
1169 3764 1274 3835 γῆν
1307 3763 1494 3837 ἔχωσι.
1528 3767 1697 3821 Πλέον
1731 3769 1967 3840 παρέχει

367 3850 406 3919 ἡ
439 3849 686 3920 βασιλεία
727 3855 826 3925 τῆς
866 3853 1028 3925 δόξης
1058 3857 1236 3927 ἡμῶν,
1267 3860 1361 3914 καὶ
1391 3859 1550 3914 τοῦτο
1594 3863 1968 3934 παρεχωρήθη

367 3943 463 4013 ἀφ’
502 3945 679 4015 ἡμῶν,
708 3946 932 4001 καὶάπό
961 3950 1060 4020 τῆς
1091 3949 1372 4021 βασιλείας
1405 3952 1583 4024 ἡμῶν,
1614 3954 1710 4008 καὶ
1739 3954 1968 4026 θέλομεν

366 4039 535 4108 ἡμεῖς
564 4040 728 4094 αὐτὸν
756 4041 848 4096 τὸν
880 4047 1178 4114 κορυφαῖον
1207 4045 1317 4098 τῶν
1345 4045 1682 4114 ἀποστόλων,
1724 4049 1819 4102 καὶ
1840 4050 1968 4114 τοὺς

364 4130 650 4202 διαδόχους
694 4134 860 4188 αὐτοῦ
897 4138 963 4189 ἐκ
999 4137 1296 4207 προσώπου
1331 4139 1498 4194 αὑτοῦ
1539 4140 1790 4213 πρώτους
1830 4145 1968 4214 πρὸς

365 4226 463 4278 τὸν
487 4226 622 4280 Θεὸν
653 4227 900 4299 πατέρας
925 4225 1066 4285 εἶναι
1103 4231 1198 4284 καὶ
1225 4231 1594 4303 δεφένσωρας.
1627 4234 1736 4287 Καὶ
1778 4233 1968 4306 ὥσπερ

367 4318 407 4385 ἡ
458 4314 714 4390 βασιλικὴ
753 4318 968 4384 ἐξουσία
1007 4321 1165 4392 ἡμῶν
1205 4323 1285 4386 είς
1317 4323 1417 4394 τὴν
1457 4325 1560 4395 γῆν
1593 4323 1834 4390 σέϐεται,
1874 4326 1972 4379 καὶ

367 4413 621 4481 τιμᾶται,
648 4411 792 4467 οὕτω
815 4412 1148 4487 θεσπίζομεν
1179 4415 1437 4470 σέϐεσθαι
1464 4419 1562 4472 καὶ
1580 4420 1845 4490 τιμᾶσθαι
1873 4420 1971 4492 τὴν

369 4503 537 4571 ἁγίαν
582 4504 694 4559 τῶν
742 4505 1035 4577 Ῥωμαίων
1069 4509 1421 4582 Ἐκκλησίαν,
1468 4512 1565 4566 καὶ
1614 4512 1777 4566 πλέον
1820 4514 1974 4586 παρὰ

367 4597 474 4666 τὴν
506 4596 782 4668 βασιλείαν
835 4601 1015 4672 ἡμῶν,
1064 4603 1160 4657 καὶ
1204 4603 1297 4658 τὸν
1337 4605 1526 4676 γήϊνον
1582 4605 1771 4677 θρόνον
1810 4607 1974 4675 ἁγίαν

2077 3410 2257 3451 mana:
2275 3395 2578 3466 maiestatis
2609 3394 3201 3457 subdito.conveniens
3245 3411 3368 3450 esse
3409 3394 3681 3465 judicavi-

2071 3493 2296 3552 mus,ut
2319 3485 2784 3555 quemadmodum
2810 3494 3034 3540 sanctus
3086 3486 3282 3541 Petrus
3327 3502 3395 3540 ex
3443 3501 3681 3556 persona

2065 3579 2192 3634 Filii
2233 3580 2328 3634 Dei
2361 3578 2634 3652 [ecclesias
2660 3577 2846 3650 caput]
2880 3589 2966 3633 est
2997 3579 3052 3632 in
3077 3581 3242 3634 terris
3265 3596 3278 3632 :
3299 3581 3368 3634 ita
3382 3580 3544 3633 etiam
3564 3579 3681 3649 epi-

2075 3673 2249 3744 scopi,
2287 3673 2380 3744 qui
2411 3688 2763 3729 successores
2799 3681 2940 3728 sunt
2983 3671 3256 3742 Principis
3282 3675 3679 3743 apostolorum,

2077 3767 2399 3838 primariam
2417 3767 2472 3822 in
2490 3768 2650 3823 terris
2700 3775 3027 3837 potestatem
3048 3767 3314 3822 habeant:
3337 3765 3413 3838 [et
3433 3765 3682 3838 quidem}

2079 3861 2317 3929 amplius
2357 3877 2524 3932 quam
2559 3871 2750 3916 nostra
2784 3861 3144 3932 imperatoria
3181 3862 3438 3931 niajcstas
3463 3861 3682 3916 habeat.

2079 3955 2259 4024 Atque
2277 3951 2608 4025 idlquidem]
2629 3968 2956 4008 concessum
2975 3961 3060 4008 est
3075 3969 3106 4008 a
3123 3953 3304 4015 nobis.
3328 3959 3687 4023 Angustaque

2076 4054 2266 4100 nostra
2285 4043 2518 4114 conjuge
2541 4058 2555 4098 :
2575 4059 2640 4098 ac
2663 4044 2921 4099 volumus
2937 4052 2996 4098 ut
3022 4045 3138 4114 ipse
3163 4042 3424 4114 Princeps
3461 4058 3686 4114 aposm-

2079 4137 2280 4202 lorum,
2317 4139 2549 4206 ejusque
2589 4151 2967 4203 successores,
3001 4153 3068 4192 ex
3106 4137 3280 4206 ipsius
3305 4153 3537 4207 persona
3562 4142 3682 4208 pri-

2079 4231 2153 4285 mi
2185 4231 2329 4301 apud
2360 4231 2528 4286 Deum
2563 4238 2761 4297 1patres
2803 4230 2916 4285 sint
2982 4238 3148 4299 atque
3211 4229 3557 4285 defensores.
3613 4231 3684 4284 Et

2079 4322 2547 4394 quemadmodum
2583 4324 2960 4394 imperatoria:
2985 4333 3194 4378 nostra
3227 4323 3531 4392 majestatis
3572 4338 3680 4392 po-

2093 4425 2262 4471 testas
2281 4417 2485 4470 colitur
2545 4425 2598 4471 et
2639 4417 2940 4471 honoratur
2997 4431 3012 4468 :
3073 4416 3144 4468 ita
3185 4416 3484 4480 sancimus,
3523 4423 3583 4469 ut
3629 4422 3687 4469 et

2084 4515 2273 4563 Sancta
2305 4505 2682 4562 Romanorum
2723 4505 2970 4561 Ecclesia
3005 4506 3226 4560 colatur
3254 4515 3309 4560 et
3338 4508 3639 4559 honoretur
3666 4523 3681 4571 ;

2083 4610 2248 4670 atque
2303 4615 2472 4669 supra
2529 4614 2696 4669 quam
2773 4597 3128 4666 imperatoria
3158 4605 3346 4652 nostra
3397 4596 3684 4666 ntajcstas,

369 4692 646 4762 καθέδραν
691 4693 785 4748 τοῦ
818 4696 974 4764 ἁγίου
1025 4697 1232 4768 Πέτρου
1264 4695 1609 4766 δοξάζεσθαι,
1658 4699 1754 4752 καὶ
1804 4698 1967 4770 ὑψοῦ-

2084 4706 2476 4764 terrenumquc
2506 4695 2730 4760 solium,
2762 4703 2951 4748 sancta
2981 4693 3142 4748 sedes
3181 4693 3359 4747 sancti
3381 4690 3527 4746 Petri
3556 4692 3675 4744 lau-

369 4785 521 4850 σθαι,
556 4787 787 4851 διδόντες
815 4789 953 4860 αὐτῇ
992 4789 1224 4861 δύναμιν
1266 4792 1362 4844 καί⁹
1399 4790 1559 4860 δόξης
1597 4791 1837 4862 ἀξίωμα,
1877 4794 1974 4848 καὶ

367 4879 749 4951 διακρίνοντες
793 4882 1129 4954 θεσπίζομεν
1175 4882 1264 4938 ίνα
1293 4883 1545 4948 ἐξουσίαν
1577 4883 1677 4956 ἔχῃ
1713 4885 1972 4957 ἀρχικὴν,

369 4973 472 5027 καὶ
519 4969 660 5027 εἶναι
706 4973 914 5045 ταύτην
961 4975 1206 5046 κεφαλὴν
1253 4974 1362 5028 τῶν
1405 4974 1692 5046 τεσσάρων
1717 4974 1970 5045 ξθρόνων,

369 5065 495 5136 ἦτοι
523 5065 619 5118 τοῦ
659 5065 854 5138 θρόνου
879 5067 980 5139 τῆς
1021 5066 1448 5137 Ἀλεξανδρείας,
1479 5067 1580 5138 τῆς
1618 5067 1970 5138 Ἀντιοχείας,

367 5157 484 5211 τῶν
543 5157 959 5232 Ἱεροσολύμων,
1006 5163 1104 5215 καὶ
1157 5159 1258 5230 τῆς
1317 5160 1972 5227 Κωνσταντινουπόλεως,

371 5253 474 5305 καὶ
530 5253 721 5317 ἁπλῶς
771 5254 850 5318 είς
905 5255 1032 5318 ὅλας
1083 5253 1184 5317 τὰς
1228 5255 1557 5325 Ἐκκλησίας
1601 5255 1820 5324 ἀπάσης
1874 5253 1975 5324 τῆς

372 5344 728 5415 οἰκουμένης.
761 5346 872 5400 Καὶ
905 5348 933 5400 6
965 5345 1266 5409 ἐπίσκοπος
1295 5348 1324 5399 6
1359 5347 1570 5417 μέλλων
1593 5343 1731 5401 εἶναι
1765 5347 1845 5409 είς
1870 5346 1972 5419 τὴν

371 5435 542 5500 ἁγίαν
562 5433 672 5487 τῶν
705 5433 998 5504 Ῥωμαίων
1013 5433 1344 5505 Ἐκκλησίαν
1373 5433 1580 5503 ὀφείλει
1603 5429 1744 5487 εἶναι
1765 5432 1976 5500 ἔνδοξος

373 5528 474 5580 καὶ
497 5525 832 5597 ὑψηλότερος
865 5528 1018 5597 παρὰ
1048 5526 1262 5589 πάντας
1277 5527 1403 5591 τοὺς
1435 5525 1707 5598 ίερεῖςτοῦ
1741 5526 1972 5595 κόσμου,

371 5619 472 5674 καὶ
501 5620 604 5671 εἴτι
646 5621 764 5674 ἐστὶ
821 5619 960 5691 πρὸς
1031 5619 1328 5690 θεραπείαν
1372 5618 1466 5672 τοῦ
1511 5617 1669 5684 Θεοῦ,
1696 5619 1791 5672 καὶ
1839 5617 1975 5689 πρὸς

373 5711 668 5782 διόρθωσιν
694 5714 789 5765 καὶ
814 5712 1110 5784 στερέωσιν
1137 5713 1235 5783 τῆς
1277 5713 1515 5774 πίστεως
1571 5713 1680 5765 τῶν
1708 5715 1976 5784 Χριστια-

375 5801 487 5854 νῶν
511 5803 599 5855 ἵνα
628 5803 884 5874 κρίνηται
915 5804 1046 5874 παρ’
1074 5804 1264 5857 αὐτοῦ·
1330 5805 1541 5858 δίκαιον
1597 5805 1706 5876 γάρ
1731 5809 1848 5858 ἐστι
1886 5804 1976 5859 ἵνα

379 5898 561 5950 ἐκεῖσε
595 5898 624 5947 ὁ
677 5896 834 5964 ἁγιος
869 5898 1034 5967 νόμος
1078 5897 1176 5968 ἔχῃ
1210 5897 1310 5970 τὴν
1353 5897 1618 5969 κεφαλὴν,
1652 5897 1747 5951 καὶ
1774 5897 1972 5970 ἀρχὴν,

372 5991 512 6044 ὅπου
539 5991 566 6044 ό
597 5988 752 6058 ἅγιος
781 5990 1080 6063 νομοθέτης
1116 5993 1142 6045 ό
1182 5990 1373 6063 Σωτὴρ
1399 5990 1558 6062 ἡμῶν
1596 5991 1801 6062 Ἰησοῦς
1838 5993 1973 6062 Χρι-

2083 4788 2608 4854 (libus,cumuletur
2646 4799 2810 4856 atque
2850 4788 3145 4841 exaltetur.
3197 4784 3323 4857 [Ac]
3361 4785 3485 4839 data
3508 4782 3667 4856 [jam]

2082 4883 2183 4952 ipsi
2219 4890 2518 4951 potestate,
2562 4882 2975 4951 maiestatisque
3022 4881 3308 4949 dignitate,
3354 4879 3684 4934 confirmato

2083 4975 2533 5048 [dcimlejudicio
2559 4977 2838 5030 sancimus
2873 4958 2876 4961 I
2915 4983 2974 5027 ut
3031 4973 3350 5042 primariam
3393 4972 3540 5025 illam
3582 4971 3683 5023 ha-

2083 5072 2207 5125 beat
2242 5079 2592 5139 potestatem,
2622 5078 2788 5139 atque
2822 5080 2990 5139 caput
3021 5069 3094 5124 sit
3141 5079 3381 5138 quatuor
3413 5065 3680 5119 soliorum

2082 5161 2439 5215 Alexandrini
2465 5161 2733 5226 videlicet,
2760 5159 3112 5224 Antiocheni,
3195 5156 3681 5228 llierosolyinitani

2082 5251 2750 5322 etConstantinopolitani
2797 5267 2810 5302 :
2845 5267 2909 5305 ac
2951 5247 3130 5322 [vero]
3161 5248 3400 5303 breviter
3432 5248 3681 5302 omnium

2087 5346 2453 5403 Ecelesiarum
2528 5344 2769 5400 universi
2806 5354 3078 5399 terrarum
3117 5343 3290 5398 orbis.
3337 5338 3454 5414 [Ut]
3512 5341 3678 5395 etiam

2085 5439 2180 5508 qui
2222 5445 2426 5492 sanctae
2451 5435 2830 5493 Romanorum
2860 5435 3121 5490 Ecclesia:
3142 5435 3436 5505 episcopus
3463 5432 3682 5485 futurus

2083 5542 2188 5595 est,
2225 5528 2499 5598 gloriosus
2525 5542 2648 5582 esse
2666 5526 2878 5590 debeat,
2911 5533 2966 5578 et
3014 5538 3178 5593 supra
3227 5535 3420 5576 omnes
3453 5517 3678 5589 iunius]

2085 5622 2276 5678 mundi
2305 5620 2622 5677 sacerdotes
2661 5619 2935 5674 excelsus.
2961 5616 3028 5674 Ut
3062 5612 3386 5686 [postremo]
3442 5615 3485 5665 si
3545 5614 3679 5680 quid

2085 5716 2150 5771 ad
2179 5713 2386 5770 cuitum
2409 5713 2526 5779 Dei,
2550 5712 3025 5780 Christianamque
3044 5709 3204 5763 li'Jem
3264 5707 3680 5762 instauramlam

2086 5825 2152 5864 ac
2185 5806 2673 5863 conslabilieniam
2721 5805 3010 5876 pertineat,
3053 5800 3156 5874 [id]
3183 5801 3253 5856 ah
3296 5801 3416 5870 ipso
3479 5799 3681 5868 dijudi-

2086 5905 2260 5951 cetur.
2292 5893 2532 5963 [Equum
2567 5893 2713 5948 enim
2746 5905 2850 5959 cst,
2880 5903 2938 5947 ut
2973 5891 3086 5945 illic
3116 5904 3273 5946 sacra
3299 5889 3381 5944 lex
3407 5887 3677 5958 originem

2087 5996 2142 6044 et
2168 5987 2384 6043 initium
2409 5993 2615 6052 sumat,
2649 5985 2740 6040 ubi
2783 5990 3176 6040 sacrosanctus
3209 5981 3491 6055 legislator
3551 5980 3680 6033 5.1--
