4146 6440
564 468 631 533 10
668 470 701 533 9
1731 466 1997 528 I‘IIOTlI
2049 464 2562 525 PATRIARCIIE
2595 467 2702 527 CP.
3702 476 3814 545 1080

562 580 1102 637 vatornosterlcsus
1134 582 1391 639 Christus
1432 584 1652 639 beatum
1693 582 2005 651 apostolum
2053 577 2154 634 Pe-

2274 576 2389 638 στὸς
2428 577 2521 629 τὸν
2559 577 2837 647 μακάριον
2865 576 3166 632 ἀπόστολον
3196 577 3403 650 Πέτρον
3438 579 3672 639 ἐκέλευσε
3706 607 3816 661 κρα-

565 686 713 728 ιι·ιιηι
753 676 938 729 sedem
966 676 1215 730 oblinere
1241 677 1427 746 jussit,
1452 678 1635 732 crucis
1655 676 2010 733 alllictionem
2027 689 2154 729 sus-

2274 670 2375 720 τεῖν
2390 668 2487 741 τὴν
2500 670 2893 742 καθέδρανμαῖ.
2908 672 3042 724 ὅπου
3060 671 3120 723 τὸ
3142 671 3406 735 πάθος-τοῦ
3426 678 3643 747 σταυροῦ
3658 680 3815 751 ἔπαθε,

566 767 731 837 tinuit
763 768 1044 839 beataeque
1076 770 1269 823 mortis
1322 770 1547 824 calicem
1572 770 1709 825 bibit
1745 779 1840 825 :ct
1879 769 1969 824 ubi
2019 765 2157 841 [ille]

565 860 732 913 etiam
780 860 1023 915 imitator
1072 860 1315 932 Magistri
1366 871 1533 932 atque
1573 863 1791 917 Domini
1844 862 1929 918 sui
1976 859 2159 916 factus

565 962 672 1007 cst.
702 951 773 1007 Ut
803 950 983 1024 [item]
1025 952 1133 1009 illic
1153 954 1417 1009 inclinent
1440 963 1630 1025 gentes
1671 953 1851 1024 capita
1894 968 1995 1009 sua
2020 967 2149 1023 pro-

569 1055 689 1115 pter
742 1045 1149 1101 confessionem
1199 1047 1440 1103 nominis
1497 1048 1726 1113 Christi,
1795 1048 1887 1102 ubi
1941 1047 2159 1102 illarum

564 1140 760 1191 doctor
802 1138 997 1195 beatus
1041 1140 1326 1210 apostolus
1378 1140 1582 1195 l’aulus
1641 1150 1872 1195 extenso
1926 1146 2153 1210 prepter

564 1230 845 1286 Christum
907 1231 1049 1287 collo
1110 1232 1361 1303 martyrii
1426 1250 1687 1288 coronam
1758 1232 1972 1302 accepit
2023 1250 2037 1286 :
2104 1242 2166 1288 ut

568 1323 836 1397 [insuper]
862 1340 1038 1393 usque
1086 1326 1153 1380 ad
1200 1327 1364 1381 ﬁnem
1407 1327 1597 1381 mundi
1648 1326 1804 1399 [illae]
1871 1326 2156 1381 doctorem

562 1429 831 1487 quaerant,
871 1420 961 1473 ubi
1021 1430 1338 1475 sanctorum
1380 1419 1502 1487 ejus
1554 1420 1802 1491 reliquiae
1847 1420 2164 1490 quiescunt.

566 1512 681 1583 [Ad
708 1521 1021 1567 extremum
1046 1527 1175 1567 vero
1206 1511 1310 1584 ut],
1340 1527 1453 1582 quo
1481 1511 1604 1567 loco
1653 1511 1894 1581 superbo
1924 1511 1998 1565 illi
2051 1510 2165 1582 regi

562 1604 918 1669 sci-vivimus,
949 1605 1139 1659 eodem
1178 1606 1362 1675 supini
1386 1620 1453 1660 ac
1484 1606 1538 1659 in
1579 1614 1783 1660 terram
1807 1605 2164 1675 expansicw-

560 1696 714 1752 lcstis
736 1696 902 1768 Regis
928 1706 981 1752 et
1014 1697 1109 1751 Dei
1136 1706 1190 1753 et
1230 1696 1543 1753 Servatoris
1580 1699 1754 1753 nostri
1788 1696 1916 1755 Jesu
1960 1699 2163 1754 Christi

562 1791 728 1844 ollicii
761 1791 1156 1847 deserviamus.
1197 1789 1510 1846 'Tradinius
1558 1794 1745 1863 itaque
1774 1793 1911 1863 ipsis
1959 1792 2162 1848 sanctis

2274 1785 2674 1856 ὲδουλεύσαμεν
2702 1787 2781 1859 τῷ
2808 1789 3149 1861 ὑπερηφάνῳ
3173 1791 3371 1861 ἐκείνῳ
3417 1791 3642 1863 βασιλεῖ.
3674 1796 3829 1864 Παρα-

563 1880 830 1947 apostolis
859 1922 875 1946 ,
902 1880 1076 1937 beatis
1126 1882 1365 1936 dominis
1396 1883 1530 1938 meis
1566 1882 1731 1939 Petro
1782 1893 1837 1939 et
1871 1882 2063 1948 Paulo,
2100 1899 2162 1939 ac

2274 1878 2524 1949 διδόαμεν
2544 1878 2639 1933 οῦν
2672 1880 2859 1945 αὐτοῖς
2880 1884 2995 1947 τοῖς
3030 1882 3210 1951 ἁγίοις
3245 1884 3569 1945 ἀποστόλοις
3604 1887 3707 1948 τοῖς
3739 1903 3825 1956 μα-

563 1984 689 2044 post
738 1974 862 2028 illos
911 1976 1074 2029 beato
1132 1976 1438 2047 Sylvestro,
1492 1978 1639 2033 Patri
1700 1987 1915 2047 nostro,
1964 1996 2162 2051 magno

2274 1972 2490 2043 καρίοις
2529 1973 2741 2043 κυρίοις
2774 1992 2877 2044 μου
2903 1975 2980 2047 τῷ
3010 1976 3227 2047 Πέτρῳ,
3259 1976 3357 2030 καὶ
3390 1977 3469 2047 τῷ
3508 1978 3711 2049 Παύλῳ,
3740 1952 3829 2031 ’καὶ

567 2068 852 2137 episcopo,
881 2079 934 2125 ct
965 2070 1239 2124 catholico
1282 2086 1437 2140 papa:
1462 2072 1613 2126 urbis
1638 2071 1849 2141 Romae,
1881 2074 2162 2131 omnibus-

2274 2065 2394 2136 μετ’
2423 2067 2622 2129 αὐτοὺς
2652 2065 2730 2136 τῷ
2757 2067 3017 2139 μακαρίῳ
3036 2068 3367 2141 Σιλϐέστρῳ,
3401 2070 3497 2123 καὶ
3518 2072 3681 2141 Πατρὶ
3703 2070 3831 2141 ἡμῶν

558 2176 669 2228 que
693 2162 1111 2217 successoribus
1137 2163 1277 2232 ejus,
1298 2164 1393 2233 qui
1418 2164 1485 2217 ab
1509 2164 1777 2220 hodierno
1808 2164 1921 2238 [die
1988 2181 2162 2237 usque

2274 2158 2349 2228 τῷ
2390 2160 2618 2231 μεγάλῳ
2642 2160 2935 2230 ὲπισκόπῳ
2980 2160 3261 2232 καθολικῷ
3321 2161 3485 2234 atqu
3521 2164 3618 2232 τῆς
3657 2164 3831 2225 πόλεως

569 2252 641 2307 ad
684 2254 844 2308 linem
891 2256 1078 2310 mundi
1128 2257 1182 2310 in
1218 2258 1358 2311 solio
1410 2257 1552 2312 beati
1594 2258 1740 2313 Petri
1770 2260 2162 2329 prmsidebunt,

2280 2250 2525 2324 Ῥώμης,
2547 2254 2643 2307 καὶ
2664 2253 2802 2306 πᾶσι
2854 2254 2969 2317 τοῖς
3009 2253 3278 2325 διαδόχοις
3299 2254 3493 2320 αὐτοῦ,
3522 2256 3713 2318 οἵτινες
3739 2256 3827 2318 ἕως

565 2348 984 2416 imperatorium
1008 2360 1256 2403 nostrum
1282 2351 1546 2420 palatium
1594 2349 1987 2420 Lateranense,
2016 2354 2162 2424 quod

2274 2344 2365 2399 toﬁ
2395 2346 2593 2409 τέλους
2622 2344 2717 2399 τοῦ
2749 2346 2960 2417 κόσμου
2980 2346 3235 2416 μέλλουσι
3262 2348 3644 2419 προκαθῆσθαι
3665 2350 3736 2412 είς
3759 2348 3833 2401 τὸν

563 2452 789 2510 supch
820 2458 986 2513 atque
1013 2444 1180 2499 vincit
1204 2446 1374 2499 totius
1400 2445 1591 2499 mundi
1626 2446 1826 2516 palatia
1853 2466 1866 2503 :
1901 2458 2161 2516 praeterea

2274 2439 2460 2510 θρόνον
2490 2439 2587 2493 τοῦ
2621 2439 2896 2510 μακαρίου
2956 2439 3167 2511 Πέτρου
3222 2441 3333 2494 ἀπὸ
3381 2442 3490 2511 τῆς
3537 2444 3760 2513 σήμερον
3786 2440 3832 2493 τὸ

560 2538 727 2589 etiam
766 2537 1038 2600 diadema,
1070 2537 1186 2591 sive
1234 2553 1497 2591 coronam
1540 2540 1738 2607 capitis
1780 2539 1956 2593 nostri
1999 2558 2010 2593 :
2049 2550 2161 2594 tum

2274 2536 2538 2606 ἡμέτερον
2580 2534 2862 2605 βασιλικὸν
2926 2534 3198 2588 παλὰτιον
3282 2535 3342 2588 τὸ
3370 2535 3751 2606 Λατερανέσιον
3785 2532 3833 2585 τὸ

562 2630 740 2683 lorum
770 2646 992 2700 quoque
1021 2640 1075 2684 et
1109 2632 1410 2693 liumerale,
1446 2632 1596 2701 quod
1630 2632 1997 2700 imperatoria:
2032 2649 2162 2687 ma-

2274 2628 2599 2699 ὑπερδαῖνον
2638 2628 2732 2681 καὶ
2759 2627 3071 2697 ύπερνικῶν
3132 2627 3203 2681 τὰ
3256 2629 3357 2681 ὅλα
3384 2627 3482 2682 τοῦ
3524 2628 3717 2697 κόσμου
3746 2642 3831 2678 πα-

558 2724 776 2792 jestatis
831 2722 1038 2777 collum
1094 2723 1267 2791 cingit
1326 2724 1536 2778 :simul
1594 2724 1759 2779 etiam
1818 2741 2157 2795 purpuream

2274 2721 2448 2775 λάτια.
2491 2719 2611 2774 Ἐπ’
2642 2720 2832 2775 ἐκεῖνα
2869 2719 2927 2773 δὲ
2954 2720 3054 2774 καὶ
3080 2719 3140 2773 τὸ
3162 2719 3408 2792 διάδημα
3455 2720 3577 2791 ἦτοι
3621 2718 3706 2772 τὸν
3738 2717 3831 2769 στέ-

559 2814 925 2886 chlamydem,
950 2825 1005 2868 et
1036 2816 1277 2869 tunicam
1301 2817 1644 2881 coccineum,
1665 2818 1962 2888 omniaque
1985 2818 2161 2887 impe-

2274 2836 2439 2888 φανον
2476 2819 2581 2889 τῆς
2612 2818 2858 2888 κεφαλῆς
2888 2818 3095 2889 ήμῶν,’
3134 2817 3253 2888 ἃμα
3307 2817 3405 2871 καὶ
3434 2818 3528 2871 τὸν
3560 2815 3723 2887 λῶρον
3757 2815 3829 2866 καὶ

562 2903 767 2956 1·.ι1ι)ι·ἰ3
796 2902 1143 2967 indumenta,
1170 2920 1382 2959 necnon
1413 2906 1904 2976 imperatoriormn
1931 2908 2161 2979 jumen-

2274 2908 2327 2961 τὸ
2347 2908 2663 2979 ὼμοιρόριον
2692 2910 2834 2979 ὅπερ
2882 2907 3211 2979 περικυκλοῖ
3254 2907 3350 2961 τὸν
3414 2906 3691 2977 βασιλικὸν
3720 2903 3830 2974 τρά-

564 3010 743 3050 torum
793 2998 1031 3069 insignia
1064 3017 1077 3053 :
1107 3000 1363 3055 similiter
1400 3003 1566 3055 etiam
1633 3002 1988 3073 imperatoria
2036 3021 2162 3061 sce—

2274 3002 2455 3073 χηλον,
2487 3003 2606 3072 ἃμα
2641 3001 2699 3055 δὲ
2746 3003 2841 3055 καὶ⁴
2886 3000 3180 3073 πορφυράν
3230 2999 3505 3072 χλαμύδα,
3548 2998 3642 3053 καὶ
3664 2997 3832 3067 χιτῶνα

562 3098 708 3157 ptra,
747 3091 932 3145 omnia
971 3092 1147 3163 signa,
1182 3092 1372 3159 banta,
1416 3095 1739 3167 reliquaque
1792 3098 2162 3169 imperatoria:

2274 3094 2542 3156 κόκκινον,
2569 3092 2665 3147 καὶ
2692 3095 2873 3147 πάντα
2893 3092 2963 3146 τὰ
2999 3092 3257 3163 βασιλικά
3282 3092 3565 3163 ἐνδύματα
3596 3091 3683 3144 καὶ
3707 3087 3834 3153 ἀξιῶ·

562 3183 869 3250 maiestatis
895 3194 1242 3250 ornamenta,
1280 3197 1334 3241 et
1352 3188 1612 3256 potentiae
1646 3190 1882 3260 nostrae"
1905 3191 2159 3261 gloriam.

2274 3206 2417 3259 ματα
2455 3187 2564 3241 τῶν
2594 3186 2896 3258 βασιλικῶν
2920 3186 3153 3256 ἀλόγων,
3175 3186 3378 3257 ὁμοίως
3410 3187 3508 3240 καὶ
3525 3188 3594 3239 τὰ
3619 3180 3836 3256 βασιλικᾶ

562 3276 795 3345 Insuper
824 3277 1107 3332 sancimus
1158 3287 1218 3332 ut
1238 3278 1336 3335 viri
1364 3279 1764 3350 religiosissimi
1796 3283 1979 3337 clerici
2013 3284 2157 3339 mul-

2274 3285 2550 3352 σκῆπτρα,
2608 3282 2705 3335 καὶ
2744 3282 2927 3335 πάντα
2967 3284 3036 3334 τὰ
3089 3279 3274 3347 σίγνα,
3314 3280 3415 3334 καὶ
3443 3280 3513 3333 τά
3542 3278 3723 3346 βάντα,
3761 3275 3835 3327 καὶ

564 3380 748 3422 torum
780 3368 1061 3435 ordinum,
1081 3370 1173 3438 qui
1200 3368 1377 3423 eidem
1402 3381 1605 3427 sancta:
1624 3371 1883 3428 Romanae
1896 3373 2157 3432 Ecclesia:

2274 3373 2342 3426 τὰ
2373 3370 2537 3425 λοιπά
2587 3372 2923 3441 κοσμήματα
2950 3372 3051 3441 τῆς
3100 3370 3391 3440 βασιλικῆς
3426 3369 3833 3441 μεγαλειότητος.

560 3462 905 3528 deserviunt,
937 3475 1209 3520 ornentur
1234 3474 1289 3521 et
1313 3465 1550 3520 habeant
1572 3465 1722 3522 illam
1759 3468 2157 3524 sublimitaLom

2275 3468 2371 3523 καὶ
2394 3467 2495 3537 τὴν
2526 3466 2685 3530 δόξαν
2714 3466 2818 3534 τῆς
2858 3468 2892 3537 ὴ
2903 3465 3020 3536 μῶν
3049 3464 3302 3532 ἐξουσίας
3331 3466 3537 3537 ἄνδρας
3567 3482 3625 3517 τε
3651 3460 3836 3516 εὐσεϐε-

563 3563 619 3609 et
653 3555 1117 3624 magniﬁcentiam
1151 3572 1261 3624 qua
1296 3568 1525 3611 ornatus
1564 3570 1650 3613 est
1685 3574 1918 3630 magnus
1968 3571 2159 3616 noster

2276 3562 2508 3622 στάτους
2540 3559 2839 3631 κληρικοὺς
2903 3557 3117 3612 πολλῶν
3168 3557 3380 3624 τάξεων
3435 3560 3505 3629 τῇ
3570 3556 3700 3623 αὐτῇ
3733 3552 3839 3620 ἁγία

568 3656 817 3709 senatus,
846 3645 1064 3716 patricii
1118 3662 1336 3717 nempe,
1392 3655 1447 3703 et
1490 3650 1772 3713 consules,
1825 3658 1881 3705 et
1933 3651 2159 3722 reliquae

561 3740 877 3809 dignitates.
910 3739 978 3794 Et
1007 3741 1526 3816 [quemadmodum]
1559 3744 1859 3815 impcrialis
1881 3747 2160 3802 exercitus

563 3843 793 3887 ornatus
815 3843 946 3888 est:
1011 3836 1082 3888 ita
1111 3835 1397 3891 sancimus
1450 3848 1511 3890 ut
1552 3848 1837 3895 etsanctze
1892 3837 2157 3894 Romanae

565 3925 825 3981 Ecclesia)
864 3926 1046 3982 clerus
1074 3936 1323 3984 ornetur.
1366 3929 1450 3983 Al
1493 3932 1609 3985 haec
1641 3947 1751 4000 quo
1796 3933 1961 3988 modo
1990 3934 2165 4003 impe-

569 4021 770 4076 rnloria
821 4030 1067 4092 potestas
1108 4024 1296 4078 multis
1338 4024 1532 4079 ciliciis
1571 4036 1892 4091 exornatur,
1931 4029 2159 4083 cubicu-

564 4110 743 4175 lariis,
775 4112 1020 4167 ostiariis
1071 4122 1127 4167 et
1155 4114 1573 4170 excubitoribus
1608 4115 1689 4170 sic
1710 4116 1877 4170 etiam
1905 4127 2156 4173 sanctam

566 4204 947 4261 Romanorum
1023 4207 1325 4263 Ecclesiam
1398 4209 1659 4264 exornari
1729 4210 2010 4267 volumus.
2087 4212 2162 4267 At

566 4296 747 4370 [vero]
782 4308 841 4354 ut
875 4299 1209 4372 episcopalis
1267 4302 1526 4372 splendor
1550 4328 1559 4370 ;
1575 4302 1628 4356 in
1662 4305 1922 4359 omnibus
1955 4304 2160 4373 prelu-

565 4402 708 4455 ceat,
730 4394 893 4447 etiam
929 4394 1033 4449 hoc
1064 4394 1345 4451 sancimus
1397 4403 1457 4449 ut
1484 4395 1671 4449 clerici
1698 4406 1907 4451 sanctae
1949 4396 2161 4451 Roma-

572 4500 770 4539 norum
820 4482 1081 4540 Ecclesiae
1108 4484 1357 4540 caballos
1409 4483 1668 4539 candidis
1697 4484 1884 4538 linteis
1928 4492 2161 4540 ornatos

577 4578 848 4647 equitem,
880 4586 933 4631 et
963 4576 1426 4647 quemadmodum
1461 4581 1687 4633 senatus
1742 4587 1933 4634 noster
1962 4580 2167 4634 calcia-

570 4676 752 4723 menta
816 4668 932 4723 sive
975 4668 1248 4735 sandalia,
1316 4685 1383 4724 ex
1448 4670 1633 4725 linteis
1683 4671 1916 4727 candida
1962 4680 2164 4741 gestat,

569 4760 668 4835 [ita
689 4761 855 4815 etiam
884 4761 959 4815 illi
994 4779 1009 4816 :
1052 4760 1129 4834 ut]
1163 4762 1354 4817 eodem
1393 4764 1558 4818 modo
1584 4763 1854 4830 cmlestia,
1901 4779 2013 4832 quo
2050 4771 2166 4818 ter«

569 4856 760 4918 restia,
791 4853 859 4915 ad
880 4854 1099 4913 laudem
1132 4853 1227 4909 Dei
1273 4853 1593 4929 [spectenL]
1633 4857 1816 4926 Supra
1857 4858 2046 4912 omnia
2110 4857 2166 4910 in

569 4948 837 5003 honorem
887 4957 941 5002 et
966 4947 1194 5019 gloriam
1256 4948 1431 5017 ipsius
1470 4948 1689 5007 Domini
1750 4960 1806 5005 et
1850 4950 2167 5006 Servatoris

570 5044 744 5097 nostri
775 5041 904 5097 Jesu
941 5043 1172 5107 Christi,
1213 5045 1313 5114 ipsi
1360 5045 1719 5100 sanctissimo
1764 5044 1917 5098 Patri
1964 5054 2160 5099 nostro

573 5136 855 5201 Sylvcstro
878 5136 1141 5206 episcopo
1162 5148 1216 5192 et
1256 5153 1409 5208 papae
1438 5138 1595 5193 urbis
1624 5137 1834 5202 Romae,
1869 5136 2165 5192 omnibus-

576 5241 685 5295 que
716 5226 1136 5282 successoribus
1174 5228 1296 5298 ejus
1326 5229 1500 5283 beatis
1525 5228 1821 5299 episcopis,
1864 5228 1922 5282 in
1974 5227 2166 5284 eadem

571 5334 768 5390 magna
789 5327 954 5390 atque
989 5321 1291 5391 apostolica
1314 5320 1572 5377 Ecclesia
1603 5330 1932 5392 potestatem
1970 5324 2168 5376 damus

569 5429 634 5468 ac
658 5414 1041 5482 concedimus,
1076 5423 1137 5469 ut
1170 5416 1215 5470 si
1259 5417 1385 5486 quis
1411 5433 1475 5470 ex
1516 5427 1710 5473 senatu
1750 5426 1943 5487 suapte
1971 5422 2168 5486 sponte

571 5520 635 5560 ac
658 5505 865 5562 libente
894 5506 1179 5563 voluntate
1206 5508 1449 5564 clericus
1478 5510 1617 5574 ﬁeri,
1651 5523 1996 5579 numeroque
2017 5522 2044 5563 s
2065 5523 2165 5561 an-

567 5613 784 5656 ctorum
818 5602 1144 5658 clericorum
1174 5605 1455 5658 numerari
1504 5604 1655 5670 velit,
1701 5604 1884 5659 nullus
1918 5604 2163 5658 omnium

568 5695 648 5751 illi
680 5697 1075 5765 impedimento
1127 5714 1252 5754 esse
1297 5700 1518 5760 audeat.
1573 5698 1923 5755 Sancivimus
1951 5699 2020 5756 ad
2052 5699 2169 5753 haec

565 5797 691 5842 utet
752 5808 846 5858 pse
875 5792 997 5860 pius
1036 5791 1200 5847 Pater
1230 5802 1417 5848 noster
1445 5792 1725 5864 Sylvester
1758 5808 1995 5864 magnus
2049 5792 2168 5861 epi-

571 5896 794 5950 scopus,
823 5894 876 5936 et
911 5899 1107 5939 omnes
1133 5886 1377 5955 episcopi
1413 5902 1769 5941 successores
1803 5885 1943 5954 ejus,
1982 5896 2166 5957 gesta-

570 5982 691 6027 rent
716 5974 968 6033 diadema
991 5977 1110 6032 sive
1148 5992 1409 6034 coronam
1436 5996 1502 6036 cx
1537 5995 1674 6051 puro
1717 5979 1897 6051 [puto]
1943 5993 2081 6035 auro
2112 5990 2167 6039 et

2268 856 2363 909 toﬁ
2384 857 2695 928 Μαῖστορος
2730 856 3025 922 ἀκόλουθος
3050 858 3145 912 καὶ
3175 858 3382 930 Κυρίου
3412 861 3589 929 αὐτοῦ,
3620 867 3701 918 καὶ
3726 870 3821 923 ἐκεῖ

2270 948 2340 1000 τὰ
2367 947 2496 1019 ἔθνη
2541 950 2627 1004 ενα
2690 950 2918 1004 κλίνωσι
2982 952 3083 1015 τὰς
3133 952 3380 1020 κεφαλάς
3424 954 3595 1009 αὐτῶν
3631 957 3709 1013 διὰ
3742 961 3821 1032 τὴν

2274 1038 2669 1113 ἐξομολόγησιν
2713 1042 2810 1096 τοῦ
2839 1042 3108 1114 ὀνόματος
3155 1043 3249 1097 τοῦ
3276 1044 3534 1117 Χριστοῦ,
3562 1048 3683 1103 ὅπου
3712 1053 3737 1104 ό
3757 1053 3822 1106 δι-

2271 1132 2541 1196 δάσκαλος
2574 1133 2756 1188 αὐτῶν
2798 1136 2827 1187 ό
2880 1136 3153 1205 μακάριος
3194 1136 3487 1201 ἀπόστολος
3522 1141 3711 1205 Παῦλος
3753 1145 3824 1199 διὰ

2283 1228 2377 1281 τὸν
2409 1228 2649 1299 Χριστὸν
2709 1228 2959 1293 ἐκτείνας
3014 1230 3107 1283 τὸν
3157 1231 3431 1302 τράχηλον
3470 1235 3713 1305 στέφανον
3746 1240 3823 1293 τοῦ

2278 1320 2584 1391 μαρτυρίου
2614 1320 2855 1387 ἐδέξατο,
2891 1321 2988 1375 καὶ
3034 1322 3141 1386 ἕως
3173 1323 3270 1376 τοῦ
3294 1324 3483 1388 τέλους
3525 1326 3615 1380 τοῦ
3643 1329 3821 1400 κόσμου

2278 1412 2366 1465 ἵνα
2400 1412 2750 1482 ἁναζητῶσιν
2800 1414 2935 1467 ὅπου
2982 1414 3050 1468 τὰ
3093 1414 3205 1469 τῶν
3244 1416 3417 1485 ἁγίων
3447 1418 3603 1471 αὑτοῦ
3634 1420 3826 1491 λείψανα

2274 1506 2671 1571 ἀναπαύονται,
2698 1509 2795 1562 καὶ
2833 1510 2951 1563 ἐκεῖ
2983 1508 3299 1574 ὖπτιοι,καὶ
3327 1512 3407 1576 είς
3432 1515 3531 1582 τὴν
3555 1512 3652 1583 γῆν
3674 1516 3827 1585 iptio-

2278 1601 2432 1673 μένοι
2484 1601 2580 1657 toﬁ
2620 1603 2903 1675 οὐρανίου,
2936 1606 3033 1658 καὶ
3084 1605 3373 1677 βασιλέως,
3420 1608 3517 1660 καὶ
3567 1608 3713 1675 Θεοῦ,
3752 1612 3828 1663 καὶ

2275 1695 2527 1765 Σωτῆρος
2563 1696 2739 1766 Ἰησοῦ
2779 1697 3022 1768 Χριστοῦ
3068 1698 3398 1771 δουλεύομεν
3460 1701 3682 1771 όφφίκια
3717 1704 3829 1757 ὅπου

2183 3337 2229 3398 G

2288 3654 2574 3723 Ῥωμαϊκῇ
2680 3650 2985 3722 Ἐκκλησία
3080 3649 3443 3715 δουλεύοντας
3545 3646 3839 3715 θεσπίζομεν

2278 3745 2626 3816 κοσμεῖσθαι,
2661 3746 2756 3798 καὶ
2780 3736 2931 3815 ἑχειῦ
2976 3744 3196 3813 ἐκείνην
3246 3743 3347 3815 τὴν
3408 3742 3719 3813 ὑψηλότητα
3766 3734 3841 3791 καὶ

2279 3836 2697 3910 μεγαλωσύνην,
2757 3837 2825 3908 ἢν
2863 3838 3267 3909 κεκόσμηταιή
3310 3837 3529 3908 μεγάλη
3573 3832 3841 3902 σύγκλητος

2275 3930 2460 3999 ἡμῶν,
2513 3930 2633 4000 ἢτοι
2683 3930 2732 3983 οί
2788 3928 3092 3999 πατρίκιοι,
3138 3930 3234 3982 καὶ
3266 3930 3315 3984 οἱ
3351 3921 3841 3995 κόνσουλοι,ῆτοιοὶ

2277 4022 2498 4087 ὕπατοι,
2524 4024 2621 4077 καὶ
2647 4023 2715 4076 τὰ
2754 4022 2919 4075 λοιπὰ
2943 4022 3257 4092 ἀξιώματα,
3301 4023 3398 4075 καὶ
3449 4022 3527 4085 ὡς
3555 4023 3587 4090 ἡ
3620 4013 3841 4091 βασιλικὴ

2278 4117 2510 4187 στρατιά
2555 4117 2919 4187 κεκόσμηται,
2969 4115 3114 4170 οὕτω
3167 4114 3505 4186 θεσπίζομεν
3554 4108 3844 4183 κοσμεῖσθαι

2278 4212 2377 4265 καὶ
2394 4211 2487 4264 τὸν
2508 4210 2713 4281 κλῆρον
2736 4210 2838 4280 τῆς
2862 4210 3025 4278 ἁγίας
3057 4208 3347 4280 Ῥωμαίων
3386 4206 3734 4278 Ἐκκλησίας.
3754 4200 3844 4254 Καὶ

2276 4298 2391 4359 οἷον
2447 4303 2653 4374 τρόπον
2699 4303 2733 4372 ἡ
2788 4300 3046 4371 βασιλικὴ
3098 4298 3332 4369 δύναμις
3355 4298 3449 4352 διὰ
3480 4296 3692 4351 πολλῶν
3713 4294 3845 4359 boot-

2277 4399 2414 4455 κίων
2452 4396 2817 4467 κεκόσμηται,
2852 4394 2975 4465 ἢτοι
3030 4392 3493 4464 κου6ικυλαρίων,
3538 4384 3844 4460 πορταρίων,

2279 4491 2634 4559 ὲξκουόίτων,
2701 4488 2848 4542 οὕτω
2894 4490 2989 4543 καὶ
3037 4489 3137 4560 τὴν
3198 4488 3364 4556 ἁγίαν
3398 4487 3515 4541 τῶν
3581 4480 3843 4553 Ῥωμαίων

2290 4585 2622 4656 Ἐκκλησίαν
2653 4581 2978 4652 κοσμεῖσθαι
3002 4580 3254 4652 θέλομεν,
3295 4582 3389 4634 καὶ
3440 4581 3533 4633 ἵνα
3560 4576 3699 4631 κατὰ
3726 4571 3844 4624 πλά-

2276 4696 2368 4742 to;
2394 4679 2456 4731 τὸ
2494 4676 2855 4730 ὲπισκοπικδν
2887 4675 3005 4745 φῶς
3030 4674 3390 4747 ὑπερλάμπῃ,
3427 4670 3753 4740 θεσπίζομεν
3768 4663 3847 4718 καὶ

2272 4770 2454 4834 τοῦτο,
2481 4771 2569 4824 ἵνα
2598 4770 2649 4823 οἱ
2667 4768 2924 4839 κληρικοὶ
2945 4769 3044 4839 τῆς
3065 4768 3226 4837 ἁγίας
3242 4766 3533 4838 Ῥωμαίων
3549 4760 3846 4832 Ἐκκλησίας

2273 4862 2719 4919 καὸαλικεύωσιν
2744 4862 2917 4931 ἄλογα
2949 4861 3347 4933 κεκοσμημένα
3371 4861 3462 4915 διὰ
3498 4858 3718 4913 ὀθονίων
3741 4854 3848 4906 λευ-

2278 4958 2415 5011 κῶν.
2466 4956 2579 5011 Καὶ
2611 4956 2741 5025 ὼςή
2774 4957 3021 5027 ἡμετέρα
3050 4954 3359 5026 σύγκλητος
3384 4955 3552 5025 φορεί
3577 4949 3840 5017 ὑποδήμα⁹

2274 5070 2364 5117 τα,
2398 5050 2801 5123 ήτοισανδάλια
2831 5049 3001 5103 λευκά
3063 5049 3152 5102 διὰ
3199 5048 3447 5114 ὀθονίων,
3498 5045 3645 5099 οὓτω
3684 5041 3773 5096 καὶ
3792 5035 3847 5088 τὰ

2269 5146 2521 5214 οὐράνια,
2573 5143 2651 5207 ὡς
2710 5144 2806 5197 καὶ
2866 5143 2935 5195 τὰ
2987 5143 3151 5213 γήϊνα
3182 5140 3320 5211 πρὸς
3347 5139 3563 5193 αίνεσιν
3584 5135 3676 5190 τοῦ
3706 5129 3843 5186 Θεοῦ.

2284 5238 2577 5291 Ἐπέκεινα
2608 5237 2666 5291 δὲ
2700 5238 2920 5291 πάντων
2947 5236 3207 5305 διδόαμεν
3242 5234 3452 5296 ἄδειαν,
3487 5232 3587 5287 καλ⁸
3613 5240 3846 5300 παραχω·

2271 5330 2475 5401 ρθῧμεν
2521 5328 2675 5400 αὐτῷ
2717 5328 2795 5400 τῷ
2824 5328 3114 5399 ἁγιωτάτῳ
3166 5327 3344 5399 Πατρὶ
3385 5326 3552 5397 ἡμῶν
3584 5322 3660 5392 τῷ
3685 5315 3844 5371 Σιλϐἐ·

2272 5438 2423 5493 στρῳ
2446 5420 2736 5491 ὲπισκόπῳ
2770 5419 2866 5473 καὶ
2918 5420 3081 5490 πάπᾳ
3112 5421 3214 5489 τῆς
3256 5418 3467 5480 πόλεως
3511 5415 3743 5485 Ῥώμης,
3768 5403 3846 5460 καὶ

2270 5518 2408 5570 πᾶσι
2467 5519 2580 5579 τοῖς
2644 5515 2913 5585 διαδόχοις
2955 5514 3283 5576 ἐπισκόποις
3337 5509 3643 5584 ὀρθοδόξοις
3685 5518 3841 5577 μακά·

2274 5609 2409 5681 piat:
2436 5610 2517 5671 εἰς
2546 5607 2716 5677 τιμὴν
2749 5607 2844 5659 καὶ
2890 5605 3049 5672 δόξαν
3084 5605 3178 5659 τοῦ
3233 5603 3467 5676 Κυρίου,
3493 5600 3593 5655 καὶ
3622 5595 3843 5664 Σωτῆρος

2269 5700 2430 5771 ἡμῶν
2470 5698 2648 5770 Ἰησοῦ
2700 5699 2943 5771 Χριστοῦ
2989 5701 3070 5763 εἰς
3110 5697 3207 5769 τὴν
3280 5695 3452 5764 αὐτὴν
3498 5691 3736 5764 μεγάλην
3766 5681 3843 5736 καὶ

2267 5792 2639 5863 ἁποστολικὴν
2669 5791 3025 5863 Ἐκκλησίαν,
3060 5792 3148 5845 ἵνα
3180 5790 3275 5845 ἐάν
3307 5806 3389 5852 τις
3419 5786 3525 5856 τῆς
3563 5780 3843 5851 συγκλήτου

2270 5885 2510 5957 βουληθῇ
2546 5885 2686 5954 μετὰ
2727 5885 2860 5939 ἰδίου
2895 5884 3227 5953 θελήματος,
3252 5880 3349 5935 καὶ
3386 5877 3686 5949 εὐαρέστσυ
3711 5867 3841 5939 γενέ-

2271 5978 2394 6037 σθαι
2423 5976 2706 6051 κληρικός,
2741 5981 2835 6035 καὶ
2878 5980 2936 6031 ἐν
2963 5975 3040 6047 τῷ
3066 5973 3286 6050 ἀριθμῷ
3322 5970 3431 6035 τῷν
3463 5969 3637 6039 ἁγίων
3673 5961 3839 6031 κληρι·

2268 762 2364 815 καὶ
2397 764 2669 835 μακαρίου
2712 764 2947 817 θανάτου
2979 766 3243 835 ποτήριον
3293 765 3439 832 ἔπιε,
3493 771 3581 823 καὶ
3636 774 3819 839 ἐγένετο
3874 762 3885 771 ’

4007 1059 4010 1095 l
