4146 6484
409 502 540 568 1081

1417 501 1906 563 NOMOCANON.
1947 527 2013 539 -ι
2053 502 2203 564 ΤΙΤ.
2233 495 2597 578 VIII,'CAP.
2635 500 2688 563 Ι.

3572 505 3712 570 1082

403 620 518 674 κῶν
552 620 1033 694 συναριθμεῖσθαι,
1076 621 1150 693 μή
1201 635 1286 683 τις
1314 618 1493 688 τολμᾷ
1519 618 1627 670 ἀπὸ
1655 618 1878 672 πάντων
1905 619 1983 688 ἐμ·

2108 617 2591 674 inaestimabilibus
2661 616 2978 690 margaritis
3023 609 3400 692 [confectam],
3429 636 3596 690 quam
3641 641 3709 678 ex

311 783 324 794 _
401 715 863 788 ποδίζειντούτῳ.
913 715 1324 785 Ἐθεσπίσαμεν
1375 712 1433 766 δὲ
1489 713 1760 783 καὶπρὸς
1791 712 2007 776 τούτοις

403 806 490 860 ἵνα
522 807 616 860 καὶ
645 808 844 871 sas-.5;
865 807 1128 879 θεοσεϐὴς
1153 804 1338 877 πατὴρ
1369 805 1527 876 ὴμῶν
1546 804 1871 876 Σίλϐεστρος
1905 804 2007 874 μέ·

2113 711 2296 782 capite
2323 719 2516 766 nostro
2560 709 2666 782 ipsi
2720 709 3048 766 tradidimus
3081 721 3398 782 :gestarent
3429 726 3611 769 autem
3654 719 3708 770 in

2111 805 2385 874 capitibus
2406 806 2524 863 suis
2559 805 2627 861 ad
2657 805 2878 861 laudem
2908 804 3024 873 Dei,
3055 814 3112 860 et
3139 806 3195 861 in
3227 807 3493 862 honorem
3523 811 3706 864 sancti

400 915 508 964 γας
546 898 870 962 ἐπίσκοπος,
901 897 997 950 καὶ
1029 897 1232 960 πάντες
1265 898 1314 949 oi
1335 895 1608 965 ὀρθόδοξοι
1634 894 1872 964 διάδοχοι
1907 894 1983 947 αύι

2110 899 2376 969 principis
2444 897 2848 970 apostolorum.
2915 896 3114 954 Verum
3182 897 3299 968 ipse
3359 898 3715 955 beatissimus

399 987 495 1043 τοῦ
522 989 617 1043 καὶ
649 989 938 1043 ἐπίσκοποι
970 989 1057 1043 ἵνα
1086 989 1296 1061 φορῶσι
1327 989 1388 1042 τὸ
1419 989 1658 1060 διάδημα
1723 989 1868 1060 ἦτοι,
1904 987 2006 1059 τὴν

403 1082 704 1152 στεφάνην,
739 1083 808 1153 ἣν
842 1083 1246 1154 παρεδώκαμεν
1277 1083 1426 1153 αὐτῷ
1452 1086 1516 1136 ὲκ
1569 1083 1815 1154 κεφαλῆς
1844 1082 2005 1153 ἡμῶν

400 1174 467 1228 ἐκ
491 1175 717 1245 χρυσίου
749 1175 994 1246 καθαροῦ
1067 1175 1165 1231 καὶ
1191 1175 1653 1248 μαργαριταρίων
1692 1175 2001 1246 ἁτιμήτων.

399 1266 496 1318 καὶ
521 1265 608 1318 ί¹να
629 1265 785 1318 αὐτοὶ
819 1266 1136 1337 χρήσωνται
1193 1268 1274 1331 είς
1300 1265 1400 1330 τὰς
1431 1265 1679 1336 κεφαλὰς
1707 1263 1891 1320 αὐτῶν
1921 1266 2004 1328 είς

398 1357 498 1426 τὴν
528 1359 738 1410 αῐνεσιν
767 1357 864 1411 τοῦ
909 1358 1070 1425 Θεοῦ,
1130 1359 1226 1412 καὶ
1271 1360 1353 1419 είς
1385 1359 1557 1430 τιμὴν
1579 1359 1675 1412 τοῦ
1703 1358 1865 1426 ἁγίου
1905 1358 2003 1411 καὶ⁸

396 1449 698 1520 κορυφαίου
729 1451 838 1504 τῶν
871 1452 1206 1508 ἀποστόλων.
1257 1451 1428 1516 Αὐτὸς
1457 1455 1484 1506 ὁ
1509 1452 1781 1524 μακάριος
1811 1451 2002 1516 πάπας

399 1543 732 1616 Σίλῖεστρος
769 1545 910 1616 ὑπὲρ
938 1545 1038 1616 τὴν
1073 1545 1348 1617 στεφάνην
1377 1547 1498 1617 ήτοι
1526 1545 1627 1618 τὴν
1649 1545 2000 1616 παπαλίθραν

395 1638 464 1707 ἣν
491 1632 605 1708 εἶχε
639 1638 776 1710 πρὸς
817 1638 978 1702 δόξαν
1006 1637 1101 1692 τοῦ
1134 1638 1270 1692 Θεοῦ
1327 1639 1422 1693 καὶ
1452 1637 1549 1692 τοῦ
1585 1639 1747 1707 ἁγίου
1782 1637 1995 1708 Πέτρου

395 1730 496 1782 οὐκ
518 1728 667 1782 ἔθελε
707 1730 998 1798 βαστάζειν
1047 1731 1320 1803 στεφάνην
1359 1732 1424 1783 ἐκ
1465 1729 1795 1802 χρυσίου,”ῆ
1845 1746 1992 1800 μαρ-

395 1823 762 1894 γαριταρίων,
795 1825 978 1893 ἡμεῖς,
1003 1824 1140 1878 διότι
1174 1825 1276 1878 οὐκ
1325 1822 1510 1876 ἔθελεν
1536 1824 1565 1875 ό
1609 1821 1766 1891 ἅγιος
1798 1821 1992 1875 Σίλδε-

396 1932 557 1984 στρος
576 1915 640 1968 ἐκ
674 1915 899 1986 χρυσίου
931 1917 1204 1988 στεφάνην
1236 1916 1328 1969 τὸν
1367 1914 1766 1986 ὑπέρλαμπρον
1795 1914 1990 1986 λῶρον,

395 2007 728 2076 σημαίνοντα
782 2009 882 2080 τήν
939 2011 1101 2079 ἁγίαν
1122 2011 1422 2064 ἀνάστασιν
1467 2013 1535 2080 τῇ
1596 2007 1733 2080 ἁγίᾳ
1778 2007 1992 2081 κεφαλῇ

391 2099 558 2151 αὑτοῦ
605 2099 764 2162 ἰδίαις
795 2101 984 2170 χερσὶν
1013 2100 1391 2173 ἐπεθήκαμεν,
1418 2102 1859 2174 καὶκρατοῦντες
1897 2103 1992 2157 τοῦ

390 2191 610 2263 χαλινοῦ
632 2192 727 2245 τοῦ
747 2193 914 2247 ίππου
930 2193 1096 2247 αὐτοῦ
1113 2195 1202 2248 διὰ
1229 2194 1328 2266 τὴν
1353 2195 1747 2267 προσκύνησιν,
1784 2196 1996 2250 καὶτὸν

389 2284 558 2354 φόϐον
589 2285 684 2338 τοῦ
720 2287 876 2356 ἁγίου
908 2288 1118 2360 Πέτρου
1145 2289 1460 2360 στράτωρος
1491 2289 1748 2358 ὀφφίκιον
1798 2291 1991 2363 ἐποιή-

392 2394 592 2446 σαμεν,
648 2379 1002 2445 θεσπίζοντες
1053 2380 1141 2435 ἵνα
1207 2381 1412 2446 πάντες
1441 2381 1491 2434 οί
1537 2381 1773 2452 διάδοχοι
1817 2381 1986 2436 αὑτοῦ

386 2469 466 2540 τῷ
481 2469 643 2542 λώρῳ
666 2473 980 2542 χρήσωνται
1013 2476 1095 2540 είς
1130 2477 1232 2540 τὰς
1259 2477 1616 2550 προελεύσεις
1649 2478 1788 2550 πρὸς
1821 2480 1990 2551 μίμη-

391 2579 476 2616 σιν
507 2562 611 2632 τῆς
650 2565 948 2634 βασιλείας.
1008 2570 1108 2622 Διά
1147 2568 1310 2624 τοῦτο
1354 2570 1411 2624 δὲ
1441 2571 1530 2624 ἵνα
1571 2570 1735 2643 μὴτὸ
1767 2573 1989 2643 ἀξίωμα

381 2655 488 2725 τῆς
526 2657 833 2730 ἐπισκοπῆς
853 2663 1281 2733 καταφρονῆται,
1329 2663 1467 2718 ἀλλὰ
1501 2664 1666 2718 πλέον
1701 2666 1855 2736 παρά
1878 2665 1980 2738 τὴν

384 2746 663 2816 βασιλείαν
686 2750 844 2819 ἡμῶν
871 2751 970 2823 τὴν
1003 2754 1225 2824 γηῖνην,
1262 2754 1357 2808 καὶ
1408 2757 1647 2827 κράτους
1679 2755 1839 2822 δόξαν
1894 2775 1989 2812 xo-

383 2844 628 2910 σμείται,
665 2843 772 2897 ἰδοὺ
797 2845 859 2898 τὸ
893 2846 1157 2901 παλάτιον
1186 2848 1348 2920 ἡμῶν
1386 2849 1463 2914 ὡς
1494 2850 1856 2922 προείπομεν,
1890 2851 1989 2905 καὶ

377 2935 481 3005 τὴν
513 2935 802 3007 Ῥωμαίων
848 2939 1024 3005 πόλιν,
1080 2941 1179 2996 καὶ
1243 2941 1452 3016 ταύτης
1497 2945 1600 3014 τῆς
1657 2945 1912 3009 Ἰταλίας,
1949 2944 1983 3016 ἢ

377 3028 608 3097 δυσμῶν
661 3031 879 3102 χωρῶνῖ
929 3034 1198 3105 ἐπαρχίας
1230 3036 1454 3101 τόπους,
1507 3039 1604 3092 καὶ
1634 3038 1853 3109 κάστρα
1902 3037 1982 3109 τῷ

377 3122 866 3194 προγεγραμμένῳ
901 3127 1313 3197 μακαριωτάτῳ
1350 3128 1639 3200 ὲπισκόπῳ
1662 3129 1844 3198 ήμῶν,
1886 3129 1984 3183 καὶ

375 3212 559 3284 Πατρὶ
597 3215 909 3288 Σιλϐέστρῳ
947 3217 1222 3289 καθολικῷ
1253 3221 1414 3291 πάπᾳ
1447 3221 1858 3291 παραδιδόαμεν
1887 3220 1984 3276 καὶ

371 3305 676 3376 ἀφήκαμεν
705 3307 879 3379 αὐτῷ,
942 3310 1039 3363 καὶ
1081 3312 1198 3374 τοῖς
1219 3311 1488 3382 διαδόχοις
1514 3313 1680 3366 αὑτοῦ
1720 3312 1976 3380 ἐξουσίαν

370 3395 474 3448 καὶ
516 3396 746 3468 δύναμιν
801 3401 1029 3471 στερεὰν
1084 3402 1369 3473 βασιλικοῦ
1425 3403 1855 3475 προστάγματος
1890 3404 1980 3459 διὰ

367 3488 582 3560 ταύτην
604 3491 705 3562 τὴν
740 3492 891 3548 θείαν
920 3495 1190 3562 κέλευσιν,
1219 3497 1314 3549 καὶ
1345 3497 1734 3568 πραγματικὸν
1771 3496 1972 3570 σύστη-

369 3599 458 3653 μα
515 3583 887 3658 ὲθεσπίσαμεν
945 3588 1224 3659 διαμένειν
1276 3589 1373 3643 καὶ
1447 3591 1564 3653 τοῖς
1609 3589 1844 3662 ἀνδράσι
1873 3590 1976 3661 τῆς

373 3675 544 3744 ἁγίας
601 3678 712 3732 τῶν
761 3680 1053 3751 Ῥωμαίων
1114 3681 1447 3754 Ἐκκλησίας
1505 3685 1587 3747 είς
1655 3683 1748 3737 τὸν
1801 3683 1978 3740 αίῶνα

366 3772 880 3842 παρεχωρήσαμεν.
926 3774 1024 3828 Διά
1049 3773 1209 3829 τοῦτο
1237 3775 1294 3829 δὲ
1348 3776 1620 3847 χρήσιμον
1669 3776 1978 3847 ὲνοήσαμεν

362 3860 475 3932 τὴν
533 3861 816 3932 βασιλείαν
866 3864 1048 3935 ἡμῶν,
1101 3867 1197 3920 καὶ
1225 3867 1287 3920 τὸ
1311 3867 1516 3939 κράτος
1563 3867 1662 3937 τῆς
1694 3867 1977 3939 βασιλείας

361 3957 583 4021 εἰςτὰς
645 3958 975 4023 ἀνατολικὰς
1031 3957 1220 4031 χώρας
1273 3959 1628 4031 μεταφέρειν,
1676 3960 1774 4013 καὶ⁵
1819 3959 1878 4013 ἐν
1907 3962 1974 4031 τῇ

357 4047 655 4122 Βυζαντίῳ
706 4049 862 4123 χώρᾳ
901 4052 1053 4123 τόπῳ
1109 4051 1373 4124 χρησίμῳ
1419 4052 1520 4122 τὴν
1566 4051 1722 4107 πόλιν
1764 4053 1859 4106 ἐπὶ
1883 4051 1964 4123 τῷ

356 4144 592 4212 ὀνόματι
651 4144 811 4214 ἡμῶν
865 4143 1166 4216 ίδιωθῆναι,
1208 4145 1302 4199 καὶ
1337 4143 1438 4215 τὴν
1486 4143 1649 4216 ἡμῶν
1675 4143 1963 4215 βασιλείαν

358 4238 488 4290 ἐκεῖ
527 4237 813 4308 συστῆναι.
854 4237 1002 4291 Διότι
1055 4239 1192 4292 ὅπου
1249 4239 1396 4292 ἐστὶν
1454 4239 1662 4310 ἀρχικὴ
1689 4238 1960 4309 ίερατεία,

355 4330 462 4383 καὶ
498 4331 532 4399 ή
565 4329 778 4402 κεφαλὴ
804 4329 909 4401 τῆς
944 4330 1346 4402 Χριστιανικῆς
1392 4331 1697 4402 θρησκείας
1738 4328 1967 4383 ἀπὸτοῦ

357 4420 638 4493 βασιλέως
694 4421 806 4478 τῶν
871 4421 1140 4494 οὐρανίων
1169 4422 1445 4492 διδομένη,
1493 4422 1681 4476 ἄδικόν
1704 4423 1850 4476 ἐστιν
1879 4421 1968 4475 ἵνα

353 4516 534 4568 ἐκείό
563 4516 748 4588 γήϊνος
793 4514 1046 4586 βασιλεὺς
1097 4515 1196 4586 ἔχῃ
1242 4515 1519 4580 ἐξουσίαν.
1579 4515 1751 4570 Τοῦτο
1801 4515 1861 4569 δὲ
1898 4515 1961 4568 τὸ

353 4607 499 4676 ὕφος
529 4610 628 4679 τῆς
656 4608 935 4680 βασιλείας
961 4607 1118 4680 ἡμῶν
1156 4609 1316 4674 ίδίαις
1338 4610 1498 4680 χερσὶ
1543 4609 1970 4678 καταστρώσαν-

2108 1006 2249 1062 papa
2268 991 2550 1065 Sylvester
2607 1007 2774 1062 super
2814 1006 3079 1048 coronam
3128 993 3248 1048 sive
3303 991 3708 1063 papalethram,

2108 1097 2274 1154 quam
2324 1082 2389 1137 ad
2411 1082 2646 1154 gloriam
2673 1081 2768 1138 Dci
2793 1089 2846 1137 et
2865 1082 3043 1138 sancti
3073 1081 3222 1136 Petri
3268 1081 3529 1149 habebat,
3555 1083 3710 1137 nole-

2107 1176 2203 1230 bat
2232 1184 2456 1244 portare
2477 1190 2742 1231 coronam
2787 1189 2967 1230 meam
3014 1176 3099 1230 vel
3129 1175 3555 1245 margaritarum
3589 1175 3706 1246 ple-

2105 1281 2256 1322 nam.
2286 1266 2396 1322 Nos
2425 1281 2580 1333 vero,
2612 1275 2904 1338 propterea
2946 1267 3094 1338 quod
3152 1276 3380 1324 sanctus
3432 1267 3710 1340 Sylvester

2105 1375 2330 1415 auream
2369 1376 2634 1416 coronam
2667 1361 2878 1431 respuit
2912 1379 2927 1416 :
2963 1368 3159 1418 sancto
3185 1361 3360 1432 ipsius
3383 1362 3550 1432 capiti
3609 1379 3701 1417 ra-

2103 1453 2516 1510 diantissimum
2548 1456 2754 1519 lorum,
2778 1463 3189 1511 sacrosanctam
3231 1459 3700 1511 resurrectionem

2103 1549 2394 1616 denotans,
2421 1547 2629 1605 nostris
2654 1549 2908 1604 manibus
2939 1549 3305 1619 imposuimus
3335 1567 3348 1603 :
3383 1556 3438 1602 et
3465 1557 3706 1619 arrepto,

2105 1643 2447 1698 adorationis
2483 1642 2814 1713 timorisque
2845 1642 3023 1698 sancti
3075 1641 3221 1696 Petri
3263 1658 3417 1712 ergo,
3445 1642 3574 1712 equi
3613 1642 3704 1712 ip-

2099 1737 2218 1792 sius
2241 1734 2418 1802 freno,
2458 1735 2714 1792 stratoris
2764 1733 3005 1791 oﬁicium
3054 1733 3288 1790 fecimus
3349 1736 3708 1793 :sancientes

2102 1836 2164 1880 ut
2191 1840 2388 1881 omnes
2423 1839 2776 1881 successores
2823 1824 2946 1895 ejus
2978 1823 3048 1878 ad
3088 1825 3457 1880 imitationem
3515 1826 3692 1895 impe-

2098 1919 2319 1974 ratoriae
2354 1918 2658 1990 maiestatis
2698 1919 2820 1974 loro
2852 1927 3080 1974 utantur
3102 1918 3185 1985 ,in
3230 1919 3703 1988 processionibns.

2104 2011 2184 2068 Ac
2206 2026 2340 2067 vero
2382 2010 2482 2085 [id]
2513 2011 2664 2079 ideo,
2697 2020 2761 2067 ut
2823 2027 2894 2067 ne
2919 2011 3162 2083 dignitas
3192 2011 3522 2081 episcopalis
3573 2027 3708 2066 con-

2107 2115 2409 2162 temnatur.
2453 2105 2770 2174 Quinetiam
2795 2104 2904 2179 [ut]
2939 2105 3229 2176 ampliore,
3257 2120 3424 2175 quam
3466 2105 3709 2174 impera-

2106 2201 2246 2256 toria
2302 2209 2494 2256 nostra
2560 2211 2781 2256 terrena
2839 2199 3124 2268 maiestas,
3174 2196 3433 2268 potentia:
3483 2213 3709 2268 quoque

2104 2295 2400 2365 splendore
2422 2293 2724 2350 adornetur
2757 2309 2776 2350 :
2807 2307 2938 2349 ecce
2990 2291 3257 2363 palatium
3309 2299 3560 2346 nostrum
3595 2292 3614 2361 (
3644 2298 3704 2346 ut

2105 2384 2480 2456 praediximus)
2513 2394 2570 2440 et
2624 2385 2816 2440 urbem
2871 2384 3134 2450 Romam,
3167 2397 3380 2439 necnon
3425 2383 3703 2438 universae

2107 2483 2276 2538 Italiae
2321 2481 2860 2552 occidentaliumque
2945 2479 3234 2549 regionum
3322 2477 3702 2548 prml‘ccturas,

2104 2576 2223 2631 loca
2253 2583 2420 2645 atque
2451 2584 2632 2630 castra
2664 2573 2928 2644 praedicto
2959 2571 3286 2627 beatissimo
3321 2571 3610 2642 episcopo,
3646 2583 3702 2625 et

2100 2668 2253 2725 Patri
2280 2677 2471 2724 nostro
2501 2667 2774 2723 Silvestro
2809 2680 2963 2737 papae
2999 2665 3292 2729 tradimus,
3319 2673 3372 2720 et
3414 2663 3516 2734 ipsi
3549 2665 3704 2734 eius-

2099 2775 2210 2830 que
2239 2759 2658 2815 successoribus
2706 2756 3118 2828 imperatoriam
3149 2755 3458 2827 imperandi
3512 2767 3702 2810 aucto-

2097 2851 2316 2907 ritatem
2368 2865 2432 2906 ac
2495 2859 2822 2922 potestatem
2879 2849 3250 2921 permittimus
3316 2848 3506 2921 [atque
3549 2849 3697 2921 eam]

2097 2959 2196 3015 per
2216 2944 2359 2998 hanc
2387 2942 2631 2998 divinam
2663 2942 2974 3013 iussionem
3003 2956 3070 2996 ac
3101 2940 3498 3013 pragmaticam
3557 2955 3696 2995 con-

2097 3038 2446 3095 stitutionem
2481 3037 2698 3093 firmam
2730 3052 3058 3109 permanere
3080 3037 3386 3102 sancimus,
3444 3035 3694 3104 virisque

2097 3140 2305 3188 sanctae
2372 3132 2748 3186 Romanorum
2782 3130 3046 3185 Ecclesiae
3093 3129 3147 3184 in
3178 3136 3444 3184 aeternum
3494 3144 3698 3183 conce-

2092 3225 2297 3280 dimus.
2323 3223 2600 3291 Quorsum
2663 3221 2878 3296 [etiam]
2910 3223 3044 3278 utile
3083 3220 3248 3294 [fore]
3301 3221 3699 3277 consideravi-

2095 3334 2220 3374 mus
2264 3319 2311 3374 si
2345 3318 2755 3389 imperatoriam
2810 3325 3058 3372 nostram
3083 3314 3426 3384 maiestatem
3464 3312 3698 3382 eiusque

2084 3410 2382 3482 potentiam
2409 3409 2462 3463 in
2492 3409 2788 3464 orientales
2837 3408 3091 3479 regiones
3139 3404 3592 3470 transferremus,
3630 3415 3688 3458 et

2081 3505 2137 3560 in
2169 3503 2466 3576 Byzantico
2495 3519 2628 3574 agro
2653 3502 2775 3558 loco
2795 3501 3087 3558 commodo
3116 3501 3219 3556 sub
3253 3500 3474 3555 nomine
3500 3509 3696 3554 nostro

2085 3595 2364 3651 civitatem
2411 3592 2775 3664 erigerenlus,
2808 3604 2972 3662 atque
3022 3591 3095 3646 ibi
3129 3600 3385 3646 nostram
3424 3589 3689 3660 maiesta-

2082 3699 2190 3745 tem
2243 3689 2661 3745 collocaremns.
2717 3685 3170 3756 Quandoquidem
3224 3683 3320 3739 ubi
3367 3683 3691 3754 primarium

2084 3779 2481 3846 saderdotium,
2500 3777 2943 3848 Christianaeque
2988 3775 3274 3848 religionis
3289 3785 3453 3846 caput
3470 3774 3693 3830 conlitus

2081 3883 2166 3929 est
2187 3873 2579 3938 eonstitutum,
2612 3881 2674 3926 ut
2695 3870 2901 3925 ibidem
2935 3878 3190 3924 terrenus
3219 3869 3476 3939 princeps
3503 3867 3652 3922 domi

2080 3975 2271 4020 natum
2306 3965 2522 4030 habeat,
2557 3962 2702 4017 haud
2723 3962 2936 4033 iustum
2963 3961 3152 4015 fuerit.
3178 3958 3322 4032 [Qua
3353 3974 3487 4014 sane
3515 3960 3683 4012 etiam

2080 4057 2146 4110 de
2173 4069 2341 4110 causa
2367 4053 2388 4126 ]
2422 4055 2526 4108 hoc
2550 4051 2869 4125 [orationis]
2913 4051 3283 4122 imperatoriae
3311 4060 3517 4104 nostra:
3562 4064 3688 4102 ma-

2080 4147 2306 4219 iestatis
2333 4155 2609 4202 contextu
2659 4144 2901 4216 propriis
2929 4144 3193 4199 manihus
3228 4141 3284 4196 in
3335 4141 3684 4197 venerandas

2079 4242 2254 4297 sancti
2283 4240 2519 4311 apostoli
2543 4249 2600 4294 et
2614 4239 2884 4310 principis
2906 4237 3053 4292 Petri
3091 4236 3358 4306 reliquias
3388 4241 3668 4304 prostrata

2077 4344 2144 4384 ac
2201 4332 2468 4400 reposito,
2507 4329 2623 4385 haec
2661 4344 2762 4384 nos
2797 4328 2983 4383 omnia
3018 4327 3192 4382 illaesa
3248 4332 3681 4382 conservaturos

2076 4418 2189 4474 illic
2216 4418 2553 4490 iuravimus,
2575 4427 2632 4474 et
2653 4415 3300 4485 successoribusfnostris
3325 4415 3681 4485 imperatori.

2074 4511 2180 4567 bus
2220 4511 2277 4566 in
2326 4513 2744 4568 commentariis
2794 4511 3001 4567 nostris
3033 4512 3223 4566 eadem
3259 4507 3528 4564 servanda
3559 4515 3678 4561 tra-

2073 4604 2338 4660 didimus.
2367 4604 2514 4660 Patri
2549 4603 2781 4677 [itaque]
2813 4613 3008 4661 nostro
3052 4612 3245 4659 sancto
3293 4609 3351 4658 et
3400 4600 3680 4658 catholico.

351 4717 454 4765 τες
489 4702 571 4766 είς
625 4702 695 4756 τὰ
743 4701 903 4774 τίμια
924 4701 1155 4771 λείψανα
1199 4700 1296 4756 τοῦ
1335 4700 1497 4770 ἁγίου
1523 4700 1963 4763 ἀποστόλου,κα“ι

2093 4695 2334 4766 :piscopo
2355 4704 2409 4751 et
2436 4711 2609 4767 papae,
2641 4705 2806 4766 atque
2832 4711 2929 4766 per
2947 4694 3144 4766 iipsum
3170 4691 3428 4748 omnibus
3453 4705 3677 4746 succes-

350 4795 664 4863 κορυφαίου
719 4794 930 4865 Πέτρου
998 4794 1280 4866 ἐθήκαμεν
1328 4797 1425 4846 καὶ
1485 4793 1604 4846 ἐκεῖ
1653 4791 1959 4863 ὠμόσαμεν

353 4884 534 4939 ταῦτα
569 4886 754 4941 πάντα
789 4886 1237 4958 ἀπαράθραυστα
1265 4884 1676 4954 διαφυλάττειν,
1707 4884 1803 4937 καὶ
1833 4884 1961 4947 τοὺς

355 4976 644 5047 διαδόχους
671 4978 831 5050 ήμῶν
865 4978 1040 5032 ταῦτα
1070 4977 1365 5048 φυλάττειν
1389 4976 1857 5048 παραδεδώκαμεν
1883 4976 1962 5048 τῷ

2069 4794 2289 4849 soribus
2319 4794 2442 4865 eius
2476 4793 2783 4864 episcopis,
2820 4800 3100 4848 annuente
3136 4789 3371 4845 Domino
3400 4796 3593 4844 nostro
3624 4795 3680 4842 et

2072 4883 2369 4938 Servatore
2424 4881 2555 4939 Jesu
2586 4883 2830 4948 Chrisw,
2884 4883 3074 4938 omnia
3111 4888 3240 4937 ante
3273 4880 3479 4950 scripta
3519 4887 3673 4933 recte

2071 4976 2128 5032 in
2151 4984 2420 5031 aeternum
2456 4976 2836 5031 conservanda
2867 4975 3220 5032 tradidimus.

354 5071 719 5144 Πατρ“ιήμῶν
749 5073 829 5144 τῷ
863 5073 1027 5145 ἁγίῳ,
1070 5073 1166 5128 καὶ
1199 5071 1478 5143 καθολικῷ
1508 5072 1822 5144 ὲπισκόπῳ,
1861 5074 1959 5126 καὶ
1998 5074 2179 5144 πάπα,
2232 5073 2332 5126 καὶ
2362 5072 2432 5126 δι’
2503 5072 2676 5128 αὑτοῦ
2718 5074 2855 5127 πᾶσι
2915 5076 3029 5136 τοῖς
3053 5071 3322 5142 διαδόχοις
3349 5066 3518 5122 αὑτοῦ
3543 5068 3665 5120 ὲπιε

354 5165 584 5230 σκὸποις
631 5165 727 5220 τοῦ
785 5165 993 5237 Κυρίου
1051 5165 1211 5238 ἡμῶν
1297 5165 1391 5219 καὶ
1439 5164 1694 5237 Σωτῆρος

351 5259 657 5332 γραμμένα
681 5260 863 5325 καλῶς
890 5261 970 5324 είς
990 5260 1082 5314 τὸν
1114 5259 1290 5314 αίῶνα
1316 5257 1800 5328 διαφυλάττεσθαι.

1776 5163 1955 5236 Ἰησοῦ
2030 5163 2271 5236 Χριστοῦ
2330 5162 2729 5236 προσνεύοντος
2769 5161 3176 5236 παραδιδόαμεν
3215 5159 3314 5214 ὅλα
3349 5156 3420 5211 τά
3477 5173 3683 5228 προγε.

427 5359 740 5430 Σημείωσαι
769 5358 852 5412 ὅτι
883 5358 993 5412 ἀπὸ
1024 5355 1120 5411 τοῦ
1144 5356 1415 5427 παρόντος
1447 5356 1683 5420 ὲδίκτου,
1702 5355 1824 5426 ήτοι
1858 5352 2142 5425 βασιλικοῦ
2175 5353 2604 5426 προστάγματος
2647 5351 2742 5406 τοῦ
2769 5353 2929 5423 ἁγίου
2964 5352 3205 5424 μεγάλου
3251 5351 3672 5409 Κωνσταντίνου

347 5455 658 5510 δικαιοῦται
716 5454 958 5516 όπάπας
1007 5450 1229 5523 Ῥώμης
1277 5452 1368 5506 διὰ
1413 5451 1776 5521 πάντωνξτῶν
1812 5449 2116 5523 βασιλικῶν
2171 5449 2487 5520 προνομίων
2525 5447 2931 5519 μεγαλύνεσθαι
2975 5448 3106 5502 ἀνευ
3132 5448 3313 5519 ξμόνου
3352 5448 3446 5502 τοῦ
3498 5449 3672 5517 στέμ-

351 5565 546 5621 ματοςο
600 5547 688 5602 διὰ
741 5548 850 5620 γὰρ
881 5545 1039 5599 τοῦτο
1091 5547 1189 5598 καὶ
1242 5545 1301 5598 ὲν
1333 5547 1457 5606 ταῖς
1501 5544 1845 5616 ὁπουδήποτε
1893 5543 2213 5614 γινομέναις
2258 5540 2646 5613 προελεύσεσιν
2698 5539 2907 5604 αὐτοῦ,
2965 5541 3061 5593 καὶ
3105 5543 3228 5604 ταῖς
3276 5540 3450 5603 θείαις
3496 5538 3667 5593 αὐτοῦ

349 5640 770 5714 ίεροτελεστίαις
832 5640 923 5692 διὰ
969 5637 1250 5708 βασιλικοῦ
1312 5636 1491 5709 λώρου
1546 5641 1650 5706 τὴν
1685 5635 1931 5707 κεφαλὴν
1989 5632 2500 5699 κατακαλύπτεται,
2547 5631 2918 5703 ἀμφιέννυται
2962 5631 3017 5684 δὲ
3049 5632 3146 5684 καὶ
3189 5629 3420 5701 ἀληθινὰ
3458 5629 3666 5702 ὑποδή-

349 5752 520 5806 ματα,
558 5733 655 5788 καὶ
711 5730 1068 5786 καόαλικεύει
1129 5729 1268 5800 μετὰ
1297 5728 1554 5800 ἀληθινοῦ
1590 5728 1959 5800 σελοχαλίνου,
2008 5730 2151 5781 κατὰ
2185 5728 2315 5792 τοὺς
2346 5725 2608 5796 βασιλεῖς,
2665 5724 2803 5796 τιμᾷ
2833 5723 2890 5777 δὲ
2939 5723 3034 5776 καὶ
3077 5722 3206 5785 τοὺς
3251 5721 3343 5774 ὑπ’
3367 5719 3535 5775 αὑτοῦ
3573 5722 3669 5777 διὰ

346 5830 680 5900 ἀξιωμάτων
716 5827 1036 5899 βασιλικῶν,
1082 5827 1252 5880 Ὅταν
1305 5824 1362 5878 δὲ
1400 5825 1433 5895 ή
1477 5823 1709 5894 δευτέρα
1755 5823 1972 5888 σύνοδος
2029 5822 2234 5877 δέδωκε
2287 5820 2366 5893 τῷ
2406 5818 2826 5893 ἀρχιεπισκόπῳ
2877 5818 2976 5889 τῆς
3027 5817 3666 5883 Κωνσταντινουπόλεως

345 5925 417 5982 τέι
447 5923 718 5996 προνόμια
753 5923 860 5977 πάν
876 5939 932 5974 τα
964 5920 1058 5975 τοῦ
1100 5920 1260 5975 πὰπα
1302 5916 1544 5988 Ῥώμης,
1581 5916 1954 5988 ἐπεχείρησάν
2005 5934 2152 5980 τινες
2177 5915 2288 5969 τῶν
2326 5912 2685 5988 πατριαρχῶν
2716 5911 2792 5976 ὡς
2821 5914 2848 5965 ὁ
2887 5909 3200 5980 Κύρουλλος
3229 5910 3437 5974 ἐκεῖνος
3467 5912 3661 5983 κύριος

347 6015 593 6089 Μιχαὴλ,
631 6017 726 6072 καὶ
764 6013 944 6085 ἕτεροι
993 6013 1105 6076 τοῖς
1132 6011 1320 6074 αὐτοῖς
1365 6007 1839 6079 ἀποσεμνύνεσθαι
1874 6008 2216 6080 προνομίοις,
2254 6007 2315 6062 οὐ
2356 6007 2547 6078 γέγονε
2589 6005 2647 6059 δὲ
2677 6003 2863 6068 αὐτοῖς
2911 6003 2988 6067 εἰς
3041 6001 3206 6058 καλὸν
3250 6003 3283 6076 ή
3318 6002 3656 6076 ὲγχείρησις.

1049 6153 1076 6163 σοι
