4146 6430
545 455 687 523 1083
1660 459 1927 520 ΡΙΙΟΤΙΙ
1967 459 2167 519 I’ATR

2275 460 2483 520 RCII/E
2511 460 2620 522 (ΞΡ.
3690 456 3812 522 1084

542 570 826 641 Τιμᾶσθαι
883 571 942 625 δὲ
1009 570 1099 626 διά
1161 571 1500 642 ἀξιωμάτων
1562 568 1687 632 τοὺς
1744 569 2042 638 κληρικοὺς
2093 569 2194 638 τῆς
2246 570 2883 634 Κωνσταντινουπόλεως
2937 570 3265 628 κεκώλυται.
3335 571 3478 642 Πλὴν
3531 572 3623 626 καὶ
3672 572 3821 626 ταῦτα

543 665 972 737 κεκολοδωμένα
1026 666 1185 730 εἰσίν,
1255 666 1313 720 '0
1363 666 1420 719 δὲ
1475 665 1617 718 κατὰ
1673 665 1902 736 καιροὺς
1954 662 2309 735 χαρτοφύλαξ
2373 665 2481 718 ἀπὺ
2521 664 2618 717 τοῦ
2675 666 2946 735 παρόντος
2997 664 3208 719 ὲδίκτου
3259 663 3560 719 δικαιοῦται
3616 662 3822 718 καϐαλι-

543 754 734 810 κεύειν
768 758 912 811 κατὰ
939 757 1040 827 τὴν
1079 756 1234 827 λιτὴν
1270 756 1382 809 τῶν
1423 757 1597 824 ἁγίων
1641 756 1908 824 νοταρίων
1963 755 2023 808 τὲ
2077 755 2479 826 πατριαρχικὸν
2529 756 2723 825 ἄλογον
2773 756 2911 826 μετὰ
2957 757 3165 810 όθονίου
3205 756 3421 811 λευκοῦ.
3476 757 3620 810 Ἔδει
3655 757 3824 826 δὲτὴν

545 848 796 920 κεφαλὴν
855 849 1020 902 αὑτοῦ
1063 849 1137 912 ὡς
1187 847 1549 919 καδδηναρίου
1593 845 1999 918 πατριαρχικοῦ
2055 847 2360 901 σκέπεσθαι
2414 849 2554 920 μετὰ
2617 849 2828 918 χρυσῆς
2880 848 3097 920 τιάρας,
3150 850 3276 920 ἥτις
3331 850 3427 902 καὶ
3474 849 3531 900 ὲν
3585 865 3825 918 χαρτοφυ·

547 920 732 1013 λακίῳ
798 943 1112 998 ἀπόκειται.
1186 941 1347 996 Ἀλλὰ
1402 943 1498 995 καὶ
1547 942 1575 994 ό
1631 943 1776 995 κατὰ
1829 942 2056 1012 καιροὺς
2117 941 2467 1014 πατριάρχης
2534 940 2943 1013 Ἀλεξανδρείας
3003 941 3112 995 ἀπὸ
3172 941 3266 996 τοῦ
3332 942 3596 1012 παρόντος
3637 941 3826 994 ὲδίκτου

544 1037 856 1099 δικαιοῦται
925 1038 1063 1108 μετὰ
1112 1035 1289 1108 λώρου
1331 1037 1693 1108 λειτουργεῖν,
1750 1036 1911 1089 ἕλαὸε
1963 1036 2072 1106 γάρ
2105 1037 2203 1114 τὴν
2259 1037 2510 1104 ἐξουσίαν
2562 1036 2769 1107 ταύτην
2825 1038 2854 1089 ὁ
2903 1037 3058 1102 ἅγιος
3114 1036 3384 1106 Κύριλλος
3452 1035 3829 1107 Ἀλεξανδρείας

545 1131 658 1202 ἀπὸ
686 1129 780 1183 τοῦ
817 1130 972 1184 πάπα
1009 1128 1226 1200 Ῥώμης
1254 1129 1614 1193 Κελεστίνου,
1659 1130 1749 1183 ὅτε
1789 1132 1822 1200 ἡ
1871 1130 1930 1184 ὲν
1973 1130 2188 1201 Ἐφέσῳ
2239 1131 2431 1198 γέγονε
2466 1129 2682 1194 σύνοδος
2725 1130 2867 1184 κατὰ
2906 1129 3227 1200 Νεστορίουσ
3263 1130 3360 1183 τοῦ
3398 1129 3505 1200 γὰρ
3529 1129 3830 1184 Κελεστίνου

550 1222 628 1294 μὴ
659 1221 959 1294 δυναμένου
1012 1225 1388 1293 παρουσιᾶσαι
1433 1225 1514 1285 είς
1547 1224 1806 1292 Ἔφεσον,
1838 1223 1934 1278 καὶ
1972 1227 2156 1294 κρῖναι
2211 1224 2306 1278 τὸν
2353 1225 2672 1297 Νεστόριον,
2715 1222 2961 1292 συνέδοξε
2999 1224 3369 1295 ἐπιτραπῆναι
3417 1223 3507 1276 τὸν
3543 1225 3694 1292 ἅγιον
3735 1225 3833 1279 Κύ-

547 1315 728 1388 ριλλον
771 1316 877 1368 ὑπὸ
909 1315 1004 1369 τοῦ
1036 1316 1358 1370 Κελεστίνου
1405 1318 1752 1388 προκαθῆσαι
1781 1319 1882 1388 τῆς
1919 1318 2162 1383 συνόδου,
2215 1319 2332 1372 ἀντ’
2378 1317 2568 1372 αὑτοῦ.
2619 1319 2723 1381 Εἰς
2777 1317 2910 1388 γοῦν
2959 1319 3305 1389 παράστασιν
3355 1315 3449 1370 τοῦ
3501 1315 3641 1386 ἔχειν
3690 1316 3833 1374 αὐτὸν

543 1408 610 1462 τὺ
653 1410 860 1465 δίκαιον
917 1409 1014 1463 τοῦ
1058 1410 1217 1464 πάπα
1260 1409 1481 1481 Ῥώμης
1537 1411 1866 1466 Κελεστίνου
1917 1412 2156 1481 ὲκάθησε
2209 1413 2349 1484 μετὰ
2411 1411 2629 1484 λώρου,
2711 1414 2808 1467 καὶ
2873 1413 3200 1467 κατεδίκασε
3249 1413 3344 1466 τὸν
3396 1412 3702 1483 Νεστόριον.
3747 1414 3833 1468 Ἐκ

543 1504 667 1560 τότε
718 1504 813 1559 οὖν
867 1503 1004 1573 μετὰ
1059 1503 1156 1558 τοῦ
1201 1503 1369 1557 αὑτοῦ
1411 1504 1590 1576 λὼρου
1635 1505 2007 1577 ίερουργοῦσι,
2036 1507 2146 1573 ξκαὶ
2197 1506 2582 1576 προοδεύουσιν
2624 1507 2674 1560 οἱ
2727 1505 3065 1577 πατριάρχαι
3101 1504 3512 1578 Ἀλεξανδρείας
3542 1508 3636 1559 καὶ
3679 1507 3836 1559 αἰτία-

547 1611 636 1650 σιν
685 1598 788 1653 οὐκ
829 1597 1253 1656 ὑποπτεύουσιν.
1316 1599 1614 1668 Ἀνάγνωθι
1673 1600 1774 1671 τὴν
1817 1599 1949 1669 περὶ
2005 1597 2198 1653 τούτου
2257 1599 2555 1671 ἐπιστολὴν
2615 1599 2710 1653 τοῦ
2777 1600 2934 1668 ἁγίου
3012 1598 3338 1654 Κελεστίνου
3399 1598 3835 1670 κατεστρωμένην

547 1688 715 1745 οὖσαν
744 1692 822 1753 είς
849 1691 918 1745 τά
950 1692 1234 1761 πρακτικὰ
1266 1691 1367 1763 τῆς
1404 1691 1452 1762 γ’
1488 1692 1734 1746 συνόδου.

619 1788 754 1842 CAP
783 1787 849 1843 ll.
878 1818 949 1828 --
981 1788 1064 1842 Ne
1093 1789 1370 1858 episcopus
1409 1799 1600 1844 temere
1639 1791 2017 1861 peregrinetur,
2048 1798 2143 1844 aut

2329 1790 2584 1844 ΚΕΦΑΛ.
2629 1790 2705 1844 Β’.
2730 1823 2798 1834 —-
2828 1791 2968 1860 Περὶ
2995 1789 3105 1845 τοῦ
3133 1789 3221 1859 μὴ
3256 1789 3338 1855 ὡς
3395 1788 3578 1858 ἔτυχε
3606 1789 3832 1843 ἐπίσκο-

549 1881 776 1938 clericus
807 1882 863 1936 in
893 1883 1004 1937 alia
1029 1881 1304 1954 provincia
1334 1883 1511 1954 degat.

622 2065 1011 2137 Apostolorum
1047 2082 1225 2122 canon
1290 2068 1380 2131 11,
1417 2067 1531 2134 15;
1596 2069 1822 2124 concilii
1877 2069 2152 2141 Ancyrani

550 2173 730 2215 canon
763 2158 867 2226 18;
917 2160 1135 2215 concilii
1196 2160 1527 2218 Antiocheni
1583 2177 1764 2217 canon
1795 2164 1851 2225 5,
1891 2164 1979 2227 15,
2028 2164 2143 2229 22;

551 2250 768 2307 concilii
799 2249 1088 2307 Laodiceni
1125 2269 1301 2308 canon
1327 2254 1420 2318 41,
1462 2253 1570 2320 12;
1605 2255 1831 2310 concilii
1880 2255 2153 2309 Constan-

553 2343 901 2414 tinopolitani
936 2359 1113 2400 canon
1167 2345 1241 2412 2;
1276 2346 1495 2401 concilii
1536 2346 2028 2403 Chalcedonensis
2061 2365 2155 2403 ca-

555 2452 664 2492 non
701 2438 787 2500 15,
842 2438 951 2505 2'5;
995 2439 1212 2493 concilii
1264 2439 1607 2498 Sardieensis
1635 2458 1812 2498 canon
1848 2443 1902 2507 5,
1936 2443 2024 2510 11,
2053 2441 2148 2509 12,

556 2529 649 2594 16,
686 2532 790 2597 17;
819 2531 1038 2586 concilii
1074 2532 1523 2604 Carthaginensis
1551 2551 1729 2590 canon
1752 2535 1844 2598 25.
1878 2536 1936 2590 7|
1973 2549 2154 2603 °,con-

555 2623 666 2678 cilii
694 2624 832 2680 sexti
858 2639 1033 2679 canon
1067 2625 1156 2691 17,
1183 2625 1270 2693 18,
1293 2626 1400 2693 20;
1431 2627 1647 2683 concilii
1669 2625 1875 2683 Nicmni
1907 2627 2154 2683 secundi

555 2732 736 2772 canon
768 2717 856 2786 10;
889 2719 1107 2774 concilii
1153 2721 1312 2791 primi
1350 2730 1406 2776 et
1436 2722 1663 2777 secundi
1692 2721 1746 2777 in
1769 2721 1885 2778 aede
1922 2721 2158 2778 Sancto-

555 2826 678 2865 rum
709 2810 1096 2881 Apostolorum
1132 2811 1352 2886 [habiti]
1388 2829 1563 2870 canon
1599 2814 1683 2867 16.

631 2905 850 2962 Textus.
899 2907 1091 2963 Const.
1135 2908 1226 2972 42,
1249 2910 1332 2965 tit.
1363 2911 1397 2964 5
1430 2911 1520 2966 lib.
1551 2911 1591 2976 l,
1616 2912 1741 2968 cod.
1770 2913 1880 2966 ait:
1910 2911 1992 2966 0b
2017 2910 2161 2966 mul-

555 3006 853 3067 tnm,etc.,
888 3017 1052 3072 usque
1070 3000 1139 3054 ad
1181 3003 1276 3056 liat
1317 3005 1661 3075 erogatio.ut
1701 3021 1826 3075 pag.
1869 3005 1992 3070 197,
2036 3004 2159 3092 196,

554 3088 680 3156 665,
714 3090 842 3146 666.

633 3275 928 3333 Scholium.
964 3280 1153 3337 Const.
1194 3281 1286 3350 45,
1319 3286 1400 3339 tit.
1435 3285 1489 3349 5,
1519 3285 1657 3341 lib.l
1704 3288 1828 3343 cod.
1880 3289 1934 3344 in
1994 3289 2160 3346 Basil.

561 3387 670 3424 non
697 3381 783 3428 est
809 3374 980 3443 posita
1020 3389 1236 3446 :neque
1283 3379 1507 3434 conslit.
1551 3381 1604 3448 1,
1663 3381 1757 3436 lib.
1811 3398 1826 3437 ι
1914 3383 2166 3440 Novella-

561 3479 686 3518 ruin
721 3481 844 3535 quae
873 3477 956 3522 est
979 3469 1191 3523 novella
1211 3468 1516 3526 Iustiniani
1553 3471 1609 3536 6,
1639 3490 1818 3545 neque
1857 3478 2080 3533 conStit.
2135 3478 2166 3531 7

563 3559 810 3629 ejusdem
845 3561 866 3615 l
920 3561 1002 3616 tit.
1028 3560 1402 3626 Novellarum.
1437 3583 1560 3637 qua:
1592 3575 1677 3623 est
1737 3571 1948 3626 novella
1990 3569 2165 3626 Justi-

569 3651 720 3705 niani
780 3651 850 3707 6'7
882 3669 898 3720 ;
936 3653 1160 3708 constit.
1217 3657 1252 3711 5
1301 3657 1547 3727 ejusdem
1597 3659 1646 3726 1,
1685 3660 1794 3727 tit.,
1829 3672 1914 3716 est
1953 3664 2182 3724 novella,

567 3741 868 3798 Justiniani
905 3744 996 3808 86,
1046 3747 1218 3816 posita
1251 3747 1380 3820 [que
1411 3748 1516 3822 est]
1562 3751 1614 3806 in
1654 3751 1746 3807 lib.
1781 3769 1833 3808 γι
1866 3753 2032 3811 Basil.
2079 3757 2162 3812 tit.

566 3833 660 3895 22,
700 3835 790 3905 qui
825 3835 970 3891 circa
1005 3839 1169 3893 linem
1210 3840 1289 3896 sic
1340 3842 1542 3898 habet:
1599 3843 1704 3899 Sed
1768 3845 2038 3916 jnbemus
2104 3859 2164 3906 ut

561 3943 750 3997 neque
790 3931 1121 3992 monachus,
1158 3948 1334 4004 neque
1371 3936 1626 4003 clericus,
1655 3954 1834 4006 neque
1862 3941 2046 4010 episco
2068 3959 2167 4012 pus

575 4022 694 4077 sive
748 4022 1158 4094 religiosissimi
1189 4028 1518 4098 patriarchae
1549 4033 1634 4087 sui
1669 4032 1911 4106 [litteris]
1943 4037 2048 4090 huc
2075 4053 2169 4092 ae-

571 4113 731 4168 cedat
764 4121 899 4169 :aut
944 4118 1079 4172 certi
1133 4128 1300 4174 sunto
1363 4122 1512 4191 quod
1571 4124 1854 4193 religionis
1894 4128 2083 4183 habitu
2109 4146 2169 4186 se

572 4205 828 4278 indignos
861 4207 1082 4284 facient.
1110 4209 1253 4270 Nota
1283 4231 1416 4270 vero
1468 4219 1612 4287 quod
1657 4219 1888 4291 integra:
1941 4215 2170 4281 novellae

571 4297 814 4369 episcopi
881 4301 1146 4358 duntaxat
1211 4308 1545 4362 mentionem
1599 4309 1851 4380 faciant;
1936 4315 2167 4372 Basilica

575 4405 706 4444 vero
739 4408 918 4464 neque
953 4395 1216 4452 clericum
1265 4414 1448 4468 neque
1491 4402 1814 4474 episcopum
1851 4405 2170 4463 Constanti-

573 4483 816 4551 nopolim
856 4485 1032 4542 inscio
1071 4489 1385 4558 patriarcha
1415 4493 1680 4548 accedere
1711 4495 1912 4552 sinant.
1976 4498 2165 4554 Const.

571 4573 628 4636 2,
679 4575 764 4631 tit.
801 4576 824 4630 1
866 4577 1232 4648 Novellarum,
1287 4593 1367 4638 est
1421 4587 1633 4642 novella
1684 4587 1981 4645 Justiniani
2043 4593 2166 4657 122),

578 4666 667 4738 [ac
685 4669 789 4742 est]
826 4674 1002 4741 posita
1034 4675 1088 4728 in
1144 4677 1238 4732 lib.
1277 4693 1333 4733 ιιι
1381 4680 1546 4736 Basil.
1587 4682 1669 4738 tit.
1745 4685 1798 4749 1,
1840 4701 1962 4756 Cap.
2019 4689 2086 4742 18
2124 4697 2178 4743 et

583 4762 670 4826 1!),
701 4778 823 4832 quae
867 4767 1088 4836 habent,
1117 4780 1177 4825 ut
1203 4772 1277 4835 :in
1320 4777 1650 4845 compendio
1684 4779 1963 4848 proposita
2023 4791 2174 4835 sunt.

584 4852 668 4907 Tu
731 4869 862 4912 vero
895 4859 1079 4928 potius
1135 4863 1480 4923 adhaerescas
1533 4867 1600 4922 16
1646 4872 1844 4925 canoni
1901 4871 2171 4945 [concilii]

580 4945 740 5015 primi
765 4956 818 5003 et
834 4953 1057 5006 secundi
1092 4954 1145 5009 in
1164 4957 1366 5028 templo
1393 4957 1724 5015 Sanctorum
1774 4963 2175 5034 Apostolorum

585 5034 836 5110 [habiti],
888 5041 942 5094 in
1004 5058 1099 5098 sex
1160 5063 1376 5103 menses
1424 5052 1896 5122 :peregrinationis
1965 5065 2180 5128 tempus

586 5133 913 5188 coarctanti.
942 5133 1137 5191 Const.
1164 5139 1233 5193 12
1280 5141 1530 5211 ejusdem
1577 5145 1659 5198 tit.
1689 5144 2068 5216 Novellarum,
2097 5161 2180 5204 est

586 5225 798 5278 novella
828 5223 1124 5285 Iustiniani
1173 5234 1242 5288 5'7
1307 5237 1482 5305 posita
1521 5237 1668 5310 [quae
1697 5242 1804 5313 est]
1857 5244 1908 5296 in
1953 5245 2046 5300 lib.
2081 5244 2184 5296 Ba-

586 5316 675 5371 sil.
703 5319 758 5381 5,
781 5321 864 5376 lit.
895 5324 950 5390 4,
974 5333 1138 5394 atque
1173 5327 1244 5384 ita
1275 5328 1387 5385 fere
1418 5332 1485 5387 de
1521 5335 1869 5404 perceptione
1901 5336 2181 5412 [annona]

588 5411 772 5480 habet,
816 5425 873 5470 ut
907 5416 960 5471 in
1005 5427 1150 5474 textu
1201 5425 1466 5494 scriptum
1503 5437 1605 5482 ρει.
1645 5427 1796 5483 llanc
1831 5429 1996 5500 igitur
2039 5411 2176 5502 lege.

590 5505 765 5581 Legas
795 5509 972 5586 [vero]
1003 5515 1166 5569 etiam
1204 5520 1543 5575 sanctissimi
1570 5522 1728 5588 illius
1753 5539 1817 5578 ac
1843 5525 2178 5580 universalis

591 5604 917 5670 patriarcha}
948 5607 1154 5665 domini
1195 5608 1418 5675 ,Nicolai
1464 5616 1792 5686 synodicum
1844 5627 2186 5672 commenta-

594 5695 736 5748 rium
764 5701 1180 5767 quartodecimo
1213 5707 1419 5762 mensis
1447 5707 1626 5763 Martii
1654 5710 1814 5784 [«lie,]
1887 5712 2189 5766 indictione

601 5792 756 5843 u-rzia
793 5793 1109 5851 confectum
1143 5815 1155 5850 :
1191 5800 1283 5869 qui
1333 5803 1637 5867 constituit,
1662 5816 1888 5874 .qnanto
1940 5814 2190 5872 tempore

597 5877 808 5948 Magna:
829 5887 1080 5944 ecclesiae.
1113 5895 1431 5951 sacerdotes
1477 5896 1770 5952 ctdiuconi
1805 5897 1998 5949 abesse
2045 5896 2180 5948 vitro
2219 5888 2268 5948 D

597 5986 764 6050 ινιτ-³·
795 5988 976 6040 “trium
1013 5990 1266 6046 debeant.
1291 5989 1488 6046 Verum
1518 5991 1707 6045 dicunt
1741 5988 2015 6054 nonnulli,
2049 5986 2175 6041 hinc

2257 1903 2380 1939 ,πον
2411 1885 2762 1956 ἀποδημεῖν,
2791 1886 2830 1955 ἢ
2855 1886 2954 1941 καὶ
2979 1885 3274 1954 κληρικόν
3299 1885 3370 1939 ἐν
3410 1884 3585 1954 ἑτέρᾳ
3632 1884 3837 1954 διάγειν

2260 1977 2543 2046 ἐπαρχίᾳ.

2345 2067 2687 2121 Ἀποστόλων
2716 2066 2898 2123 κανὼν
2931 2066 3013 2134 ιδ’,
3060 2067 3122 2121 ιε’
3143 2081 3157 2098 ⁶
3193 2067 3414 2121 συνόδου
3446 2067 3717 2139 Ἀγκύρας
3745 2089 3830 2124 κα-

2259 2162 2366 2215 νὼν
2398 2167 2498 2232 ιη’·
2534 2160 2751 2214 συνόδου
2789 2161 3121 2232 Ἀντιοχείας
3157 2159 3340 2214 κανὼν
3368 2166 3437 2228 γ’,
3460 2167 3552 2229 ιγ’,
3585 2162 3697 2232 κβό
3732 2181 3838 2216 συν-

2260 2253 2381 2308 όδου
2444 2254 2768 2317 Λαοδικείας
2808 2254 2989 2310 κανὼν
3019 2253 3110 2326 μα’
3156 2255 3289 2327 μβ’·
3324 2255 3547 2309 συνόδου
3579 2257 3839 2310 Κωνσταν-

2260 2345 2630 2410 τινουπόλεως
2653 2344 2834 2402 κανὼν
2859 2347 2902 2418 β’
2922 2365 2936 2378 ·
2968 2347 3188 2401 συνόδου
3203 2347 3551 2418 Χαλκηδόνος
3576 2347 3746 2401 κανὼν
3761 2355 3836 2415 ιγ’,

2262 2446 2382 2508 κγ’·
2439 2439 2665 2493 συνόδου
2697 2439 2970 2512 Σαρδικῆς
3029 2439 3211 2494 κανὼν
3253 2447 3324 2508 γ’,
3366 2439 3458 2504 ια’,
3495 2439 3589 2510 ιβ’,
3635 2440 3726 2506 ις’,
3755 2441 3834 2504 ιζ’·

2266 2533 2492 2588 συνόδου
2523 2533 2889 2604 Καρθαγένης
2911 2532 3094 2588 κανὼν
3125 2539 3232 2603 κγ’,
3264 2539 3344 2586 οα⁹
3368 2548 3380 2560 ·
3411 2532 3636 2586 συνόδου
3661 2539 3730 2597 ς’,
3753 2551 3838 2586 κα-

2263 2623 2371 2677 νὼν
2395 2623 2480 2690 ιζ’,
2515 2621 2665 2695 ιη’,κ¹
2687 2623 2928 2677 ’συνόδου
2958 2622 3192 2686 Νικαίας
3221 2621 3284 2675 τὸ
3315 2622 3380 2692 β’,
3401 2620 3585 2674 κανὼν
3603 2628 3631 2674 ι’
3652 2637 3665 2651 °
3706 2622 3838 2674 συνό-

2257 2716 2356 2770 δου
2398 2723 2447 2782 α’
2478 2715 2576 2770 καὶ
2601 2715 2669 2787 β’,
2698 2717 2757 2770 ὲν
2791 2715 2871 2787 τῷ
2892 2715 3005 2787 ναῷ
3038 2715 3149 2769 τῶν
3183 2714 3357 2785 ἁγίων
3404 2713 3720 2768 ἀποστόλων
3757 2731 3840 2767 κα-

2265 2817 2373 2866 νὼν
2409 2817 2506 2866 ις’.

2345 2829 2373 2863 ν
2409 2829 2423 2864 ι
2472 2828 2506 2864 '.

2342 2828 2657 2972 Κεῑιενον.
2697 2901 2765 2957 Ἦ
2799 2900 2887 2973 μβ⁹
2919 2900 3085 2968 διάτ.,
3113 2899 3209 2956 τοῦ
3246 2902 3416 2970 γ’τίτ.
3441 2901 3540 2956 τοῦ
3578 2901 3624 2956 α’
3656 2900 3838 2973 βιϐλίου

2268 2995 2362 3049 τοῦ
2396 2993 2650 3061 κώδικος,
2718 2996 2886 3066 φησὶν
2932 2997 3014 3048 ὅτι
3061 2995 3348 3058 ὲπίσκοπο,
3391 3013 3446 3062 κ,
3482 3013 3534 3050 τ.
3575 2995 3650 3061 λ.,
3681 3008 3836 3064 usque

2271 3085 2340 3141 ad
2383 3085 2524 3139 ὥστε
2580 3086 2681 3157 τὴν
2718 3086 2984 3158 χορηγίαν
3025 3087 3126 3158 τῆς
3168 3090 3434 3157 σιτήσεως
3469 3088 3678 3142 ἐκεῖθεν
3715 3086 3842 3155 γίνε-

2196 3173 2238 3228 Β
2272 3177 2416 3232 σθαι.

2340 3268 2623 3336 Σχόλιον.
2665 3268 2732 3322 Ἦ
2757 3266 2846 3340 μγ¹
2868 3268 3010 3323 διάτ.
3071 3269 3167 3323 τοῦ
3193 3275 3242 3337 γ’
3271 3269 3377 3322 τίτ.
3459 3271 3559 3324 τοῦ
3589 3277 3634 3324 α’
3664 3267 3844 3339 βιϐλίου

2269 3359 2363 3413 τοῦ
2394 3359 2629 3424 κώδικος
2672 3359 2774 3412 οὐκ
2817 3359 2978 3430 ἐτέθη
3017 3362 3098 3424 είς
3151 3360 3220 3414 τὰ
3254 3360 3544 3416 Βασιλικά.
3597 3362 3723 3416 Οὐδὲ
3753 3356 3843 3430 ἡα¹

2267 3450 2424 3504 διάτ.·
2455 3449 2548 3502 τοῦ
2582 3456 2629 3503 α’
2660 3451 2768 3504 τίτ.
2819 3452 2928 3504 τῶν
2989 3451 3220 3525 Νεαρῶν
3260 3451 3397 3506 οὖσα
3441 3453 3845 3512 Ἰουστινιάνειος

2270 3542 2346 3610 EC
2404 3544 2545 3599 διάτ.
2588 3543 2682 3597 τοῦ
2725 3544 2893 3599 αὐτοῦ
2918 3546 3027 3599 τίτ.
3061 3546 3182 3600 ἐστὶ
3216 3547 3407 3619 Νεαρά
3440 3547 3846 3606 Ἰουστινιάνειος

2271 3643 2370 3700 πς⁹
2407 3637 2638 3708 κειμένη
2666 3639 2724 3690 ὲν
2771 3637 2964 3708 βιϐλίῳ
2995 3645 3049 3702 ς’
3092 3639 3202 3692 τῶν
3246 3638 3564 3694 Βασιλικῶν
3625 3639 3726 3691 τίτ.
3753 3635 3844 3705 κβ’.

2271 3727 2408 3797 Περὶ
2435 3727 2499 3780 τὸ
2539 3727 2694 3790 τέλος
2740 3727 2915 3792 οὕτως
2971 3728 3168 3800 ἔχοντιο
3208 3729 3332 3783 οὔτε
3355 3731 3411 3783 δὲ
3463 3729 3720 3800 μοναχὸν,
3742 3725 3849 3780 οὔτε

2272 3817 2556 3890 κληρικὺν,
2575 3817 2701 3872 οὔτε
2720 3819 3023 3874 ἐπίσκοπον
3045 3820 3340 3892 κελεύομεν
3362 3821 3624 3893 ἔρχεσθαι
3643 3819 3850 3875 ἐνταῦθα

2271 3913 2401 3966 ἄνευ
2425 3909 2519 3964 τοῦ
2557 3911 2856 3965 όσιωτάτου
2887 3911 3070 3964 αὐτῶν
3105 3913 3449 3984 πατριάρχου
3475 3927 3488 3940 '
3525 3915 3621 3966 καὶ
3651 3911 3850 3964 εἰδέτω-

2273 4020 2372 4055 σαν
2400 4002 2476 4066 ὡς
2526 4001 2782 4068 ἀναξίους
2833 4004 3064 4068 ἑαυτοὺς
3108 4004 3203 4058 τοῦ
3247 4005 3530 4076 σχήματος
3564 4005 3851 4074 ποιήσουσι.

2270 4097 2384 4150 Καὶ
2414 4098 2724 4168 σημείωσαι
2760 4099 2844 4150 ὅτι
2873 4098 2935 4150 τὺ
2975 4098 3073 4168 μὲν
3099 4097 3298 4160 πλάτος
3321 4096 3428 4149 τῶν
3448 4095 3682 4168 Νεαρῶν
3705 4095 3851 4165 μόνου

2272 4191 2575 4244 ἐπισκόπου
2606 4190 2876 4261 ἐμνήσθη,
2907 4190 2975 4244 τὰ
3004 4189 3064 4244 δὲ
3097 4191 3362 4244 Βασιλικὰ
3398 4189 3526 4243 οὗτε
3551 4190 3853 4246 ἐπίσκοπον,

2272 4283 2397 4338 οὔτε
2431 4285 2694 4356 κληρικὸν
2734 4285 3128 4358 παραχωροῦσι
3191 4286 3270 4347 είς
3299 4279 3856 4338 Κωνσταντινούπολιν

2273 4374 2564 4446 ἐπιδημεῖν
2590 4375 2722 4430 ἄνευ
2755 4375 2983 4446 γνώμης
3010 4376 3104 4428 τοῦ
3129 4375 3495 4447 πατριάρχου.
3536 4374 3602 4426 Ἦ
3634 4372 3678 4442 β’
3732 4369 3852 4422 διάτ.

2274 4467 2366 4521 τοῦ
2394 4475 2442 4522 α’
2459 4469 2563 4524 τίτ.
2596 4468 2702 4523 τῶν
2727 4470 2978 4542 Νεαρῶν,
3001 4469 3116 4523 ἐστι
3139 4469 3325 4541 Νεαρὰ
3357 4464 3729 4521 Ἰουστινιανοῦ
3754 4459 3858 4532 ρκγ⁹

2280 4564 2509 4634 κειμένη
2539 4564 2596 4618 ἐν
2627 4562 2821 4636 βιϐλίῳ
2844 4561 2894 4632 γ’
2911 4562 3022 4618 τῶν
3052 4561 3359 4618 Βασιλικῶν
3384 4579 3490 4615 τιτ.
3523 4567 3595 4624 α’,
3619 4576 3739 4626 κεφ.
3767 4551 3848 4625 ιη’,

2282 4658 2373 4710 καὶ
2408 4656 2496 4723 ιϐ’,
2524 4655 2561 4711 ἆ
2614 4657 2708 4712 καὶ
2745 4657 2970 4728 ἔχουσιν
3003 4655 3148 4711 οὕτω
3180 4655 3370 4718 καθὼς
3429 4652 3854 4724 συνωψίσθησαν.

2281 4751 2353 4804 Σὺ
2385 4749 2445 4803 δὲ
2473 4749 2713 4822 πρόσχες
2748 4749 2954 4822 μᾶλλον
2986 4749 3066 4820 τῷ
3095 4749 3172 4815 ις’
3200 4749 3388 4803 κανόνι
3423 4751 3522 4819 τῆς
3551 4750 3610 4800 ἐν
3637 4744 3714 4814 τῷ
3759 4739 3859 4810 ναῷ

2280 4843 2391 4897 τῶν
2425 4843 2596 4912 ἁγίων
2641 4843 2960 4898 ἀποστόλων
3014 4849 3062 4896 α’
3111 4842 3205 4897 καὶ
3261 4840 3310 4912 β’
3354 4840 3573 4895 συνόδου
3610 4838 3861 4909 ἑξάμηνον

2285 4941 2772 5011 στενοχωρήσαντα
2830 4939 2920 4993 τὸν
2971 4939 3072 5009 τῆς
3102 4936 3418 5008 ἀποδημίας
3449 4936 3664 5008 χρόνον.
3709 4931 3766 4986 Ἥ
3796 4928 3857 4999 ιβ’

2283 5031 2424 5085 διάτ.
2474 5031 2568 5084 τοῦ
2593 5038 2641 5085 α’
2673 5033 2785 5086 τίτ.
2832 5031 2940 5086 τῶν
2971 5031 3227 5102 Νεαρῶν,
3275 5029 3390 5084 ἐστι
3421 5029 3611 5100 Νεαρᾶ
3660 5029 3862 5081 ’Ῑουστιο

2286 5125 2519 5190 νιάνειος
2564 5125 2642 5190 νζ’
2668 5126 2894 5198 κειμένη
2921 5129 2977 5180 ἒν
3007 5125 3198 5194 βιϐλίῳ
3229 5125 3280 5194 γ’
3302 5125 3411 5178 τῶν
3448 5121 3749 5176 Βασιλικῶν
3769 5117 3857 5170 τίτ.

2286 5215 2349 5276 δ’,
2382 5217 2476 5271 καὶ
2499 5215 2642 5271 οὕτω
2666 5217 2854 5287 σχεδὸν
2899 5219 3030 5289 περὶ
3076 5216 3297 5288 λήψεως
3341 5215 3565 5286 ἔχουσα,
3608 5214 3683 5276 ὡς
3715 5212 3786 5272 εἰς
3809 5206 3860 5258 τὸ

2289 5311 2540 5381 κείμενον
2572 5309 2838 5382 ἐδηλώθη.
2885 5309 3186 5379 Ἀνάγνωθι
3220 5305 3315 5362 οὖν
3350 5309 3575 5379 ταύτην,
3601 5302 3860 5374 ἀνάγνωθι

2290 5405 2383 5457 καὶ
2413 5405 2512 5475 τὴν
2533 5403 2628 5457 τοῦ
2663 5405 2970 5472 ἁγιωτάτου
2995 5403 3207 5456 ἐκείνου
3243 5405 3338 5456 καὶ
3369 5397 3747 5472 οἰκουμενικοῦ
3773 5411 3861 5446 πα-

2289 5499 2554 5570 τριάρχου
2605 5497 2800 5568 κυρίου
2859 5496 3156 5564 Νικολάου,
3210 5495 3496 5564 συνοδικὴν
3559 5489 3860 5563 σημείωσιν,

2290 5598 2389 5666 τὴν
2416 5596 2703 5664 γεγονυῖαν
2730 5591 2873 5646 κατὰ
2896 5590 2994 5661 τὴν
3025 5589 3085 5644 ιδ’
3107 5631 3121 5655 ,
3157 5588 3250 5641 τοῦ
3297 5587 3542 5657 Μαρτίου
3593 5580 3755 5652 μηνὸς
3777 5576 3863 5642 τῆς

2293 5697 2340 5758 γ’
2369 5687 2702 5751 ἱνδικτιόνος,
2726 5688 2819 5740 καὶ
2844 5683 3122 5738 ὑποτυποῧ
3133 5700 3230 5735 σαν
3249 5681 3412 5734 πόσον
3431 5678 3616 5744 καιρὸν
3632 5670 3862 5741 ὀφείλου-

2296 5805 2380 5839 σιν
2434 5782 2916 5854 ἀπολιμπάνεσθαι
2973 5778 3496 5852 άπροκριματίστως
3543 5773 3590 5825 οἱ
3635 5767 3862 5841 μεγάὶης

2312 5877 2638 5947 ’ίῖκκλησίας
2691 5877 2855 5946 ἱερεῖς
2887 5889 2945 5926 τε
2977 5872 3073 5926 καὶ
3103 5870 3362 5924 διάκονοι.
3396 5866 3626 5933 Λέγουσι
3648 5861 3703 5912 δέ
3740 5867 3862 5913 τινες
3924 5889 3931 5900 ι

2291 5978 2352 6027 ἐκ
2391 5972 2595 6043 ταύτης
2633 5971 2706 6042 μὴ
2746 5966 3096 6039 ἀναιρεῖσθαι
3120 5967 3246 6028 τοὺς
3282 5962 3408 6035 περὶ
3441 5960 3550 6014 τῶν
3580 5953 3862 6022 ἀποδὴμων
