4146 6496
371 493 511 560 1085

1324 493 1813 556 NOMOCANON-
1855 518 1925 531 -
1966 493 2118 554 TIT.
2161 494 2330 568 VIII,
2371 493 2532 556 CAP.
2569 493 2729 555 II-V.

3548 499 3686 564 1086

368 608 649 681 κληρικῶν
677 607 933 672 κανόνας,
972 607 1109 679 μηδέ
1154 607 1255 679 τὴν
1311 606 1518 660 ἄνωθεν
1564 605 1941 676 καταστρωθεί

2046 619 2320 666 ,canones
2374 606 2443 660 de
2481 604 2804 660 absentibus
2835 604 3093 672 clericis,
3147 621 3330 678 neque
3383 607 3687 664 Iustiniani

368 719 470 757 σαν
527 698 1213 769 ἸουστινιάνειονΝεαράν.
1251 697 1568 768 Σημείωσαι
1613 698 1695 750 ὅτι
1726 696 1835 750 ἀπὸ
1859 696 1971 749 τῶν

367 797 425 849 ἐν
461 794 540 866 τῷ
571 796 802 865 παρόντι
835 810 963 861 κεφ.
994 791 1466 862 κατεστρωμένων
1518 789 1614 842 δύο
1653 790 1970 842 Ἰουστινια-

369 888 529 941 νείων
558 886 806 959 Νεαρῶν,
832 887 1000 956 ἦγουν
1023 884 1122 954 τῆς
1155 891 1254 948 πς⁷
1287 884 1382 936 καὶ
1409 886 1508 954 τῆς
1540 881 1658 953 ρκγ¹
1683 882 1774 934 δύο
1797 883 1972 936 ταῦτα

366 979 768 1049 ἐνομοθέτησαν
801 977 857 1031 ἓν
885 978 985 1048 μὲν
1022 977 1083 1028 τὸ
1115 975 1189 1048 μὴ
1221 976 1475 1047 ἐνδημεῖν
1505 978 1584 1036 είς
1612 976 1710 1046 τὴν
1737 976 1846 1028 τῶν
1869 975 1967 1028 πό-

364 1074 502 1128 λεων
567 1072 955 1142 βασιλεύουσαν
983 1071 1283 1143 ἀρχιερεῖς,
1315 1071 1347 1141 ἣ
1380 1072 1651 1141 μοναχοὺς
1699 1071 1731 1140 ἦ
1770 1071 1967 1140 κληρι-

365 1165 496 1226 κους
514 1164 640 1218 ἄνευ
669 1162 1014 1232 γραμμάτων
1039 1162 1134 1214 τοῦ
1159 1163 1500 1234 πατριάρχου
1534 1162 1736 1227 αὐτῶν,
1769 1162 1856 1215 ἓτε
1868 1179 1961 1233 ρον

361 1256 418 1308 δὲ
441 1256 500 1309 τὸ
524 1256 598 1325 μὴ
623 1256 753 1308 διατ
773 1254 945 1324 ρίϐειν
978 1254 1239 1327 ἀρχιερέα
1273 1255 1367 1307 ἐπὶ
1402 1255 1540 1308 πολὺ
1589 1256 1644 1308 ἐν
1673 1257 1966 1308 Κωνσταν-

358 1345 687 1400 τινουπόλει.
721 1347 876 1399 Ἐπεὶ
897 1346 954 1399 δὲ
981 1349 1074 1400 καὶ
1095 1347 1263 1418 ἄμφω
1286 1345 1559 1419 βλέπομεν
1599 1347 1960 1420 ἀθετούμενα,

359 1437 486 1491 οὔτε
523 1437 632 1510 γὰρ
665 1439 714 1492 οἱ
749 1441 1031 1512 ἀρχιερεῖς
1054 1440 1146 1494 διὰ
1171 1441 1518 1512 γραμμάτων
1541 1442 1964 1512 πατριαρχικῶν

356 1531 440 1592 είς
490 1530 592 1599 τὴν
642 1529 1040 1600 βασιλεύουσαν
1092 1532 1421 1603 ἐνδημοῦσι,
1458 1531 1574 1585 ἀλλ’
1609 1532 1962 1596 οίκειοθελῶς

356 1623 436 1684 εἰς
493 1621 593 1692 τὴν
639 1621 813 1694 θύραν
875 1623 978 1692 τῆς
1008 1624 1641 1688 Κωνσταντινουπόλεως
1669 1625 1959 1697 ἐρχόμενοι

352 1713 594 1768 διδόασιν
627 1715 834 1786 εἴδησιν
857 1713 936 1785 τῷ
975 1715 1318 1786 πατριάρχῃ,
1355 1717 1453 1769 καὶ
1492 1714 1636 1769 οὕτω
1664 1715 1761 1785 τῆς
1787 1733 1960 1784 μεγα-

353 1806 631 1872 λοπόλεως
660 1807 964 1872 ἀκινδύνως
993 1808 1361 1873 ἐπιϐαίνουσι,
1417 1809 1513 1863 καὶ
1557 1808 1651 1862 ἐπὶ
1684 1809 1852 1863 πολὺν
1897 1809 1957 1863 δὲ

351 1900 547 1970 χρόνον
580 1902 638 1952 ὲν
671 1901 810 1972 αὐτῇ
843 1901 1219 1972 διατρίϐοντες
1257 1901 1520 1973 οὐδεμίαν
1550 1902 1798 1955 κάκωσιν
1823 1903 1956 1955 ὑπο-

2075 698 2348 753 novellam
2395 700 2650 769 superius
2703 701 2990 762 insertam,
3030 713 3138 754 non
3207 699 3483 772 abrogari.
3545 702 3682 756 Nota

2073 804 2204 843 vero
2247 790 2392 861 quod
2414 805 2480 844 ex
2515 791 2728 846 duabus
2760 790 3014 860 praesenti
3038 789 3200 859 capiti
3254 791 3477 846 insertis
3508 790 3680 847 Justi-

2073 883 2224 936 niani
2267 883 2780 948 constitutionibus,
2816 883 2885 937 86
2909 883 3164 938 videlicet
3188 892 3244 940 et
3270 883 3395 947 125,
3426 885 3543 939 haec
3569 886 3677 940 duo

2071 977 2373 1030 constituta
2399 986 2560 1032 sunt:
2590 993 2784 1044 unum,
2816 994 2884 1031 ne
2907 977 3138 1032 antistes
3161 976 3253 1030 diu
3278 975 3675 1031 Constantino-

2069 1069 2181 1139 poli
2220 1071 2458 1140 haereat;
2514 1071 2770 1135 alterum,
2828 1086 2898 1124 ne
2954 1071 3207 1134 antistes,
3260 1068 3541 1134 monachi,
3581 1079 3678 1125 aut

2075 1163 2260 1218 clerici
2314 1164 2434 1218 sine
2474 1164 2672 1218 litteris
2702 1163 3029 1234 patriarchae
3085 1162 3386 1218 suiurbem
3447 1163 3669 1218 urbium

2068 1257 2354 1311 accedant.
2390 1257 2496 1312 Sed
2531 1258 2793 1328 quoniam
2841 1266 3137 1326 utrumque
3180 1257 3449 1326 rejectum
3493 1254 3665 1329 [esse]

2066 1349 2318 1404 videmus
2351 1349 2714 1420 (nequeenim
2741 1349 3016 1405 antistites
3043 1365 3142 1420 per
3191 1350 3406 1406 litteras
3430 1351 3670 1419 patriar-

2066 1441 2253 1498 chales
2285 1441 2555 1515 [urbium]
2618 1443 3044 1498 dominatricem
3093 1444 3364 1499 accedunt
3402 1445 3542 1500 :sed
3596 1445 3664 1500 ad

2064 1535 2738 1606 Constantinopolitanaru
2813 1545 3029 1607 portam
3099 1539 3404 1603 venientes,
3472 1549 3668 1609 suapte

2063 1635 2260 1693 sponte
2279 1625 2649 1695 patriarcham
2687 1625 2777 1699 [de
2811 1627 3048 1681 adventu
3084 1628 3210 1701 suo]
3244 1632 3532 1685 certiorem
3584 1631 3666 1684 fn-

2061 1717 2240 1782 ciunt,
2281 1726 2448 1787 atque
2499 1717 2573 1772 ita
2632 1717 2772 1772 citra
2817 1717 3120 1786 periculum
3179 1735 3433 1789 magnam
3469 1721 3660 1776 urbem

2060 1809 2468 1878 ingrediuntur,
2529 1810 2820 1883 multoque
2858 1824 3108 1885 tempore
3156 1815 3210 1870 in
3240 1815 3364 1870 {illa
3418 1829 3663 1868 commn-

2059 1914 2244 1959 rantes
2267 1905 2473 1959 nullam
2508 1905 2852 1962 vexationem
2901 1909 3197 1978 sustinent)
3250 1922 3362 1977 quo
3387 1907 3440 1961 id
3489 1917 3654 1977 pacto

354 1994 602 2063 μένουσι,
669 1995 935 2066 ζητητέον
987 1998 1138 2060 ὅπως
1167 1996 1326 2051 τοῦτο
1363 1997 1598 2066 γίνεται.
1633 1997 1834 2068 Οἴομαι
1859 1999 1941 2053 οῦκ.

2062 1997 2178 2062 ﬁat,
2245 1997 2601 2068 quaerendum
2650 2007 2754 2054 est.
2821 1999 3024 2072 [Atque
3072 1972 3197 2073 ego]
3248 1972 3660 2071 quidem-puto

346 2089 477 2157 ὼςὴ
518 2089 617 2160 μὲν
633 2099 729 2156 πς¹
748 2090 944 2161 Νεαρά
971 2093 1004 2163 ἡ
1034 2091 1381 2164 διοριζομένη
1418 2091 1804 2162 καθαιρεῖσθαι
1829 2093 1956 2156 τοὺς

345 2182 701 2247 ἐπισκόπους,
725 2181 1022 2254 κληρικούς
1047 2202 1107 2237 τε
1132 2187 1225 2237 καὶ
1251 2186 1522 2255 μοναχοὺς
1547 2187 1694 2257 παρὰ
1717 2185 1946 2258 γνώμην

341 2272 438 2327 τοῦ
481 2275 823 2347 πατριάρχου
871 2277 1055 2331 αὐτῶν
1096 2277 1332 2332 ἐνταῦθα
1365 2279 1789 2350 ἐπιδημοῦντας,
1854 2282 1952 2333 ἀν-

341 2365 518 2437 ῃρέθη
545 2365 636 2422 διὰ
664 2367 764 2436 τῆς
798 2375 919 2440 ρκγ¹
962 2368 1389 2423 Ἰουστινιανείου
1410 2371 1632 2441 Νεαρᾶς
1658 2387 1952 2440 μεταγενε-

339 2459 541 2529 στέρας
567 2460 758 2530 οὔσης,
792 2462 886 2513 καὶ
913 2460 1294 2533 διοριζομένης
1357 2462 1432 2533 μὴ
1471 2461 1828 2533 χορηγεῖσθαι
1855 2464 1950 2516 δα-

338 2554 518 2617 πάνας
545 2556 660 2608 τοῖς
687 2553 901 2607 τοιοῦτό
943 2571 994 2608 τι
1041 2555 1290 2609 ποιοῦσιν
1341 2556 1666 2620 ἐπισκόποις
1699 2557 1808 2610 ἀπὸ
1841 2557 1950 2611 τῶν

336 2643 651 2716 ἐκκλησιῶν
681 2644 886 2710 αὐτῶν,
924 2646 1020 2698 καὶ
1049 2647 1130 2709 εἰς
1164 2645 1326 2698 τοῦτο
1364 2646 1526 2715 μόνον
1585 2646 1934 2717 περικλειού-

337 2754 440 2808 σης
469 2737 570 2808 τὴν
594 2737 887 2806 τιμωρίαν.
915 2737 989 2791 Τὸ
1008 2738 1066 2792 δὲ
1094 2737 1478 2808 καθαιρεῖσθαι
1511 2739 1637 2802 τοὺς
1678 2738 1940 2792 ἐπέκεινα

334 2830 531 2900 χρόνου
562 2829 709 2881 κατά
742 2830 842 2897 τὴν
869 2829 1126 2896 τοιαύτην
1175 2837 1294 2901 ρκγ’
1345 2829 1592 2900 Νεαρὰν,
1622 2830 1655 2901 ἢ
1688 2829 1947 2884 ἐπέκεινα

328 2919 610 2991 ,ἑξαμήνου
651 2922 797 2976 κατὰ
832 2923 925 2976 τὸν
975 2929 1050 2987 ις’
1096 2923 1300 2976 κανόνα
1352 2923 1452 2991 τῆς
1498 2925 1556 2974 ἐν
1591 2925 1668 2990 τῷ
1699 2922 1813 2993 ναῷ
1835 2922 1945 2976 τῶν

344 3014 546 3082 Ἀγίων
594 3013 934 3068 Ἀποστόλων
981 3015 1258 3087 συστάσης
1289 3021 1336 3068 α’
1366 3017 1458 3069 καὶ
1487 3013 1532 3086 β’
1552 3015 1794 3083 συνόδου,
1830 3016 1945 3069 δια·

328 3106 622 3174 τρίϐοντας
655 3107 996 3171 ἐπισκόπους
1033 3110 1114 3172 είς
1163 3108 1746 3162 Κωνσταντινούπολιν
1776 3109 1946 3180 χωρἰς

329 3198 562 3266 εὐλόγου
625 3199 828 3264 αἰτίας,
877 3200 1119 3272 ἀνῃρέθη
1169 3200 1257 3253 διὰ
1291 3200 1647 3271 προστάξεως
1683 3201 1778 3254 τοῦ
1831 3203 1946 3254 ἀοι..

2060 2089 2329 2143 novellam
2368 2090 2461 2153 86,
2509 2105 2633 2160 qure
2697 2092 2892 2147 statuit
2938 2094 3285 2163 utepiscOpi,
3335 2093 3546 2157 clerici,
3598 2102 3655 2147 et

2058 2181 2339 2248 monachi,
2375 2182 2471 2252 qui
2511 2183 2652 2237 citra
2715 2183 3001 2238 scientiam
3052 2185 3381 2255 patriarchae
3411 2183 3497 2240 sui
3541 2183 3651 2238 huc

2056 2275 2344 2341 accedunt,
2370 2275 2739 2344 deponantur,
2765 2276 3086 2348 abrogatam
3112 2293 3235 2334 esse
3255 2293 3355 2348 per
3378 2277 3652 2333 novellam

2052 2364 2349 2421 Justiniani
2399 2367 2542 2432 1‘23,
2584 2384 2706 2436 quae
2751 2367 3022 2422 recentior
3074 2377 3179 2434 est,
3222 2378 3277 2424 et
3315 2369 3530 2435 statuit,
3587 2385 3658 2423 ne

2052 2458 2328 2526 episcopis
2349 2457 2455 2511 tale
2483 2457 2765 2527 quidpiam
2799 2458 3131 2514 facientibus
3160 2474 3224 2513 ex
3254 2459 3500 2529 ipsorum
3552 2475 3648 2515 ec-

2055 2551 2240 2606 clesiis
2265 2551 2981 2620 sumptussuppeditentur,
3013 2552 3066 2605 in
3097 2555 3201 2608 hoc
3224 2569 3394 2608 unum
3424 2569 3650 2624 pinnam

2053 2641 2416 2697 concludens.
2462 2639 2531 2695 Ut
2577 2650 2762 2696 autem
2811 2641 3082 2712 episc0pi,
3134 2642 3209 2696 illi
3233 2643 3328 2712 qui
3363 2643 3500 2697 citra
3559 2658 3651 2696 ra-

2051 2735 2367 2789 tionabilem
2411 2750 2635 2790 causam
2666 2735 2805 2789 ultra
2857 2750 3062 2790 annum
3093 2736 3401 2791 secundum
3440 2738 3631 2791 novel-

2047 2825 2154 2879 lam
2186 2825 2308 2888 125,
2342 2825 2601 2879 autultra
2634 2833 2897 2880 semestre
2942 2835 3159 2896 tempus
3212 2830 3522 2883 secundum
3555 2843 3651 2880 ca-

2049 2929 2248 2969 nonem
2316 2913 2420 2969 160
2487 2914 2706 2969 concilii
2762 2914 2920 2984 primi
2978 2925 3032 2970 et
3100 2916 3324 2972 secundi
3415 2917 3468 2970 in
3536 2920 3653 2972 ante

2048 3007 2376 3061 Sanctorum
2411 3007 2798 3076 Apostolorum
2818 3009 3012 3071 coacti,
3043 3008 3648 3078 Constatttinopolilue-

2045 3109 2190 3163 rent,
2240 3098 2587 3169 deponantur
2635 3117 2648 3154 :
2689 3099 2764 3172 [id
2817 3099 2971 3172 vero]
3031 3103 3356 3170 abrogatum
3406 3111 3492 3157 est
3550 3117 3650 3172 per

2041 3190 2346 3261 iussionem
2373 3191 2714 3247 celeberrimi
2777 3193 3126 3263 imperatoris
3147 3194 3333 3248 domui
3379 3192 3649 3248 Manuelis

333 3294 495 3365 δίμου
517 3294 782 3365 βασιλέως
814 3297 1008 3366 κυρίου
1041 3295 1296 3365 Μανουὴλ
1324 3295 1417 3348 τοῦ
1448 3293 1764 3365 Κομνηνοῦ,
1809 3296 1941 3349 ἀπο.

2051 3281 2356 3347 Comneni,
2398 3297 2520 3350 quae
2571 3281 2714 3336 edita
2773 3291 2856 3337 est
2903 3298 3093 3338 mense
3142 3281 3470 3354 Septembri,
3508 3283 3650 3337 indi-

324 3389 584 3461 λυθείσης
615 3391 758 3444 κατὰ
818 3394 964 3462 μῆνα
1006 3391 1384 3462 Σεπτέμϐριον
1441 3390 1798 3454 Ἰνδικτιῶνος
1857 3390 1922 3455 ζ’,

325 3482 423 3535 καὶ
450 3482 827 3556 διοριζομένης
855 3484 1029 3538 ταῦτα
1056 3484 1260 3555 ρητῶς.
1284 3484 1494 3543 ζ.Ταῦτα
1531 3485 1712 3537 τοίνυν
1736 3485 1927 3539 ἀναλο-

322 3574 602 3647 γισαμένη
631 3577 664 3648 ἡ
698 3576 947 3647 βασιλεία
991 3595 1090 3648 μου
1122 3578 1260 3649 πρὸς
1293 3576 1392 3648 τὴν
1431 3575 1717 3648 παροῦσαν
1752 3576 1925 3631 ἐλθεῖν

320 3671 640 3742 οἰκονομίαν
669 3671 994 3742 ἠναγκάσθη
1029 3672 1126 3726 καὶ
1156 3671 1385 3738 ἄκουσα,
1417 3673 1514 3725 καὶ
1548 3670 1801 3736 θεσπίζει
1833 3670 1926 3724 διὰ

317 3763 420 3816 τοῦ
451 3764 719 3835 παρόντος
739 3764 944 3835 ταύτης
971 3766 1400 3837 προστάγματος
1435 3765 1509 3835 μὴ
1547 3763 1773 3816 πλείονα
1822 3763 1921 3817 τοῦ

318 3855 478 3926 παρά
513 3874 573 3909 τε
600 3857 709 3910 τῶν
737 3857 1076 3926 φιλευσεϐὦν
1102 3859 1306 3930 νόμων,
1353 3859 1448 3912 καὶ
1492 3857 1602 3910 τῶν
1631 3857 1794 3912 θείων
1826 3874 1924 3910 κα-

317 3943 492 3998 νόνων
531 3945 954 4015 ὑφαπλωθέντος
986 3948 1181 4020 καιροῦ
1211 3951 1325 4012 τοῖς
1372 3949 1688 4021 ἱερωτάτοις
1736 3950 1926 4019 ἀρχιε-

324 4036 512 4108 ρεῦσιν
548 4038 906 4111 ἐνδιατρίϐειν
946 4041 1070 4112 δίχα
1126 4041 1274 4106 τινὸς
1312 4042 1694 4113 ἀπαραιτήτου
1745 4043 1922 4112 ἐμποο

316 4131 518 4201 δισμοῦ
573 4134 630 4186 ἐν
663 4136 728 4204 τῇ
775 4133 1161 4204 μεγαλοπόλει,
1195 4136 1290 4188 καὶ
1332 4135 1650 4206 προφανοῦς
1695 4133 1920 4201 εὐλόγου

318 4226 675 4294 προφάσεως,
704 4227 855 4298 ἢμέν
887 4229 982 4282 καὶ
1001 4228 1228 4293 ἄκοντες
1254 4229 1354 4299 τῆς
1378 4227 1798 4299 μεγαλοπόλεως
1829 4229 1924 4280 ἐκ-

316 4315 708 4389 ϐληθήσονται.
757 4319 821 4373 Ἦ
854 4320 1040 4392 μέντοι
1071 4338 1136 4390 γε
1185 4322 1244 4374 ἐν
1280 4323 1348 4393 τῇ
1381 4320 1747 4392 μεγαλοπόλει
1781 4319 1921 4372 εἰσέ-

315 4408 505 4472 lauat;
553 4410 736 4464 αὐτῶν
773 4412 983 4482 ὀφείλει
1025 4413 1272 4482 γίνεσθαι
1335 4413 1480 4467 κατὰ
1523 4413 1623 4484 τὴν
1677 4412 1920 4467 ἔκπαλαι

314 4503 647 4570 κανονικῶς,
669 4505 766 4558 καὶ
787 4507 1037 4576 νομίμως
1057 4508 1421 4579 κρατήσασαν
1455 4506 1772 4577 συνήθειαν.

393 4597 647 4652 ΚΕΦΑΛ.
670 4599 710 4650 Γ
711 4597 748 4651 ’.
770 4627 842 4638 —-
878 4599 1020 4668 Περὶ
1074 4599 1186 4654 τοῦ
1213 4599 1435 4670 χρῆναι
1492 4599 1640 4666 τοὺς
1669 4599 1918 4653 ἐπισκό-

2049 3375 2231 3429 ctione
2259 3375 2511 3445 septima,
2557 3384 2611 3429 et
2643 3376 2759 3430 haec
2815 3376 3106 3431 constituit
3141 3376 3194 3430 in
3248 3375 3366 3431 haec
3417 3377 3580 3430 verba
3628 3395 3641 3430 :

2030 3467 2135 3522 Ubi
2167 3467 2336 3537 igitur
2371 3467 2722 3537 imperatoria
2757 3484 2880 3522 mea
2914 3467 3176 3538 majestas
3213 3467 3330 3522 haec
3354 3469 3636 3537 expendit,

2027 3558 2095 3612 ad
2122 3568 2446 3628 praesentem
2484 3560 2900 3630 dispositionem
2920 3561 3084 3615 etiam
3110 3562 3279 3616 invita
3296 3561 3568 3617 descende
3580 3577 3641 3617 re

2028 3659 2222 3705 concta
2253 3659 2376 3704 est:
2413 3666 2479 3705 ac
2528 3652 2706 3706 sancit
2748 3667 2844 3722 per
2872 3662 3192 3722 praesentem
3246 3653 3387 3706 hanc
3417 3652 3628 3722 jussin-

2028 3757 2152 3796 nem
2173 3784 2188 3808 ,
2220 3759 2288 3797 ne
2320 3743 2602 3797 sacerrimi
2622 3744 2862 3814 episcopi
2892 3744 3026 3799 citra
3050 3743 3368 3799 inevitabile
3399 3744 3622 3814 aliquod

2028 3831 2479 3903 impedimentum
2507 3845 2558 3888 et
2582 3835 2862 3890 evidenter
2912 3835 3290 3892 rationabilem
3347 3851 3573 3890 causam
3616 3877 3632 3900 ,

2028 3927 2277 3997 longiore
2318 3937 2584 3994 tempore,
2620 3945 2784 3998 quam
2840 3943 2871 3982 a
2898 3930 3006 3999 piis
3045 3931 3256 3999 legibus
3309 3931 3622 3999 divinisque

2027 4019 2336 4073 canonibus
2363 4018 2694 4088 prazﬁnitum
2744 4027 2863 4085 est,
2897 4021 2953 4072 in
2980 4036 3176 4090 magna
3205 4021 3342 4074 urbe
3380 4035 3634 4075 commo-

2027 4118 2265 4165 rentur:
2317 4120 2412 4165 aut
2463 4111 2668 4182 alioqui
2715 4111 2799 4165 vel
2859 4112 3013 4166 inviti
3075 4113 3145 4166 ab
3187 4112 3276 4166 illa
3314 4113 3630 4182 ejicientur.

2026 4201 2234 4258 Verum
2266 4204 2514 4274 ipsorum
2548 4204 2602 4258 in
2627 4219 2883 4273 magnam
2913 4205 3105 4260 urbem
3153 4205 3412 4259 introitus
3433 4220 3634 4259 secun-

2025 4300 2157 4353 dum
2182 4308 2423 4355 veterem
2477 4314 2545 4354 ex
2597 4298 2905 4354 canonibus
2927 4308 2983 4353 et
3012 4298 3226 4368 legibus
3275 4305 3453 4352 ortam
3501 4297 3629 4351 ﬁeri

2025 4392 2188 4448 debet
2229 4391 2716 4448 consuetudinem.

2093 4575 2250 4635 CAP.
2291 4575 2379 4631 lll.
2414 4606 2486 4618 —
2511 4575 2800 4646 Episcopus
2844 4575 3051 4630 itineris
3090 4555 3615 4644 episcoporunigsuas

316 4703 479 4754 πους
509 4688 619 4756 τὰς
654 4690 851 4756 αἰτίας
887 4691 1000 4760 τῆς
1038 4692 1386 4762 ὁδοιπορίας
1437 4692 1559 4747 τῶν
1598 4691 1675 4747 δι’
1707 4691 1911 4747 αὐτῶν

2046 4671 2241 4725 {itiones
2304 4671 2697 4725 transeuntium
2749 4686 2942 4725 causas
2998 4670 3266 4740 inquirere
3337 4677 3607 4738 oportere.

309 4782 659 4848 παριόντων
685 4782 1037 4836 ἐπισκόπων
1060 4781 1611 4854 πολυπραγμονεῖν.

387 4871 618 4926 Συνόδου
653 4873 925 4943 Σαρδικῆς
947 4872 1130 4928 κανὼν
1160 4881 1270 4930 κα’.

388 4966 644 5021 ΚΕΦΑΛ.
684 4969 758 5021 Δ’.
786 4997 860 5006 —
882 4969 1024 5037 Περὶ
1060 4968 1430 5037 ἐπισκόπων,
1467 4967 1566 5022 καὶ
1606 4966 1914 5036 κληρικῶν

307 5056 620 5112 ἀπιόντων
647 5057 798 5126 πρὸς
816 5059 1107 5124 βασιλέα,
1137 5061 1175 5127 ἢ
1205 5059 1352 5126 τοὺς
1384 5059 1517 5128 περὶ
1541 5059 1750 5113 αὐτόν.

385 5151 616 5205 Συνόδου
657 5153 989 5225 Ἀντιοχείας
1021 5154 1204 5208 κανὼν
1243 5161 1334 5221 ια’,
1365 5155 1464 5224 ιβ’·
1508 5155 1738 5209 Συνόδου
1769 5155 1909 5226 Σαρ-

305 5243 474 5315 δικῆς
506 5244 786 5317 κανὼνζξ,
828 5248 901 5320 η’,
934 5246 1002 5316 θ’,
1046 5246 1129 5303 κα¹
1157 5263 1170 5278 ⁸
1227 5247 1459 5302 Συνόδου
1512 5248 1911 5320 Καρθαγέννης

305 5334 495 5392 κανὼν
521 5336 616 5407 ρδ’,
654 5343 762 5408 pg’.

384 5431 641 5486 ΚΕΦΑΛ.
680 5431 758 5486 E'.
789 5461 860 5472 —
885 5433 1027 5502 Περὶ
1047 5432 1364 5504 ὑποδοχῆς
1395 5433 1610 5500 ξένων,
1643 5432 1743 5488 καὶ
1773 5433 1908 5502 περὶ

301 5523 631 5591 εἰρηνικῶν
661 5525 758 5578 καί
785 5525 1172 5579 συστατικῶν
1197 5524 1562 5580 ἐπιστολῶν.

398 5614 739 5667 Ἀποστόλων
792 5613 976 5668 κανὼν
1012 5616 1102 5679 ιϐ’,
1151 5616 1231 5684 λγ¹
1255 5632 1270 5647 ο
1305 5616 1525 5669 συνόδου
1569 5616 1906 5687 Ἀντιοχείας

302 5706 494 5761 κανὼν
535 5706 603 5773 ζ’,
645 5714 717 5780 η’,
756 5714 862 5762 ta"
900 5708 1120 5762 συνόδου
1155 5709 1478 5772 Λαοδικείας
1547 5709 1728 5762 κανὼν
1767 5715 1900 5779 μα’,

307 5798 436 5869 μ6”
479 5799 701 5854 συνόδου
739 5801 1085 5871 Χαλκηδόνος
1107 5798 1288 5853 κανὼν
1321 5807 1420 5868 ιγνο
1458 5800 1678 5853 συνόδου
1710 5802 1904 5872 Σαρδι-

251 5949 260 5962 ι
305 5891 413 5960 κῆς
449 5889 632 5946 κανὼν
693 5893 772 5945 θ’⁶
826 5893 1048 5947 συνόδου
1091 5891 1489 5963 Καρθαγέννης
1547 5891 1730 5947 κανὼν
1771 5890 1899 5957 κς’·

305 5983 530 6043 συνόδου
563 5989 638 6054 ς’,
681 5984 862 6040 κανὼν
893 5986 976 6052 ags.

2090 4862 2320 4918 Concilii
2349 4862 2697 4919 Sardicensis
2725 4877 2899 4918 canon
2932 4861 3022 4916 Η.

2085 4953 2240 5010 CAP.
2273 4953 2362 5010 IV.
2401 4983 2471 4994 --
2501 4953 2575 5007 De
2607 4953 2864 5024 episcOpis
2913 4963 2963 5007 et
3012 4951 3220 5007 clericis
3261 4952 3352 5024 qui
3394 4951 3465 5006 ad
3511 4953 3616 5008 im-

2014 5056 2313 5114 peratorem
2357 5046 2532 5116 cjusve
2570 5047 2888 5099 comitatum
2935 5045 3152 5100 abeunt.

2083 5136 2314 5193 Concilii
2360 5137 2689 5192 Antiocheni
2740 5153 2919 5191 canon
2957 5135 3046 5200 ll,
3087 5134 3438 5190 ηεροηοίιῆ
3490 5135 3621 5192 Sar-

2011 5231 2254 5287 dicensis
2293 5247 2471 5286 canon
2507 5231 2558 5295 7,
2591 5230 2646 5296 8,
2683 5229 2737 5297 9,
2771 5231 2831 5285 il
2859 5247 2874 5299 ;
2904 5228 3126 5285 concilii
3167 5227 3622 5300 Carthaginensis

2015 5339 2192 5379 canon
2232 5323 2358 5388 104,
2407 5323 2535 5378 106.

2081 5412 2234 5469 CAP.
2267 5412 2332 5467 V.
2368 5445 2440 5458 —
2482 5413 2560 5468 De
2598 5416 2995 5485 peregrinorum
3039 5418 3402 5487 susceptione,
3445 5424 3495 5469 et
3553 5416 3618 5468 de

2007 5509 2244 5578 paciﬁcis
2285 5509 2833 5577 commendatrtiisque
2884 5510 3097 5564 litteris.

2077 5603 2468 5670 Apostolorum
2505 5617 2681 5656 canon
2710 5603 2794 5664 12,
2827 5603 2928 5666 53;
3008 5604 3230 5659 concilii
3269 5602 3601 5658 Antiocheni

2007 5711 2184 5748 canon
2254 5695 2306 5759 ’1,
2361 5695 2414 5758 8,
2474 5696 2585 5761 Η;
2654 5697 2876 5751 concilii
2932 5695 3226 5752 LaOtliceni
3276 5711 3476 5749 cauon-
3519 5694 3612 5755 41,

2005 5789 2110 5852 42;
2179 5789 2400 5842 concilii
2455 5789 2938 5845 Chalcedonensis
2994 5804 3172 5843 canon
3236 5790 3320 5855 9;
3385 5788 3608 5842 concilii

2008 5877 2354 5932 Sardicensis
2381 5894 2555 5932 canon
2589 5879 2660 5946 9;
2703 5879 2917 5934 consilii
2950 5877 3401 5950 tiarthaginensis
3430 5893 3611 5932 canon

2004 5974 2111 6037 25;
2144 5971 2362 6027 concilii
2397 5971 2534 6028 sexti
2571 5987 2748 6029 canon
2799 5972 2888 6025 Π.
