4146 6438
652 441 793 509 1087
1762 443 2035 505 PHOTII
2073 443 2289 506 PATRl

2270 443 2593 507 .IARCH/E
2624 449 2733 510 CP.
3786 454 3907 521 1088

713 555 868 611 CAP.
906 553 998 610 Ἦ.
1039 585 1109 595 -
1143 554 1218 609 De
1258 554 1563 625 differentia
1609 556 1960 627 paciﬁcarum
2000 565 2051 612 et
2096 572 2241 611 com~
2270 560 2317 617 A

2271 560 2317 617 A
2418 561 2674 616 ΚΕΦΛΛ.
2711 564 2802 630 ς’.
2835 594 2906 604 -
2939 563 3077 632 Περὶ
3126 562 3415 635 διαφορᾶς
3444 568 3777 639 εἰρηνικῶν,
3824 579 3908 631 καί

634 649 1079 703 niendatitiarum
1114 648 1438 705 litterarum.

2339 653 2733 707 συστατικῶν
2767 654 3125 711 ἐπιστολῶν.

707 758 945 814 Concilii
976 758 1447 815 Chalcedonensis
1478 774 1655 815 canon
1690 760 1751 815 11
1783 777 1798 825 ;
1831 760 2051 817 concilii
2096 759 2232 817 Car-

2409 764 2641 819 Συνόδου
2672 765 3021 837 Χαλκηδόνος
3049 770 3229 825 κανὼν
3251 769 3318 827 ια’
3342 787 3356 801 ⁸
3392 773 3613 827 συνόδου
3644 776 3911 848 Καρθαγέ-

636 852 984 921 thaginensis
1013 868 1187 906 canon
1230 851 1355 907 106.

1158 869 1187 904 ιι
1230 851 1355 907 106.
2338 872 2437 927 νης
2466 855 2648 912 κανὼν
2680 865 2792 930 ρςν.

701 939 858 997 CAP.
896 940 1003 994 VII.
1048 969 1118 979 —-
1149 940 1352 1005 Quibus
1402 942 1675 1012 episcopos
1735 943 2015 998 subvenire
2059 960 2229 1014 opor-

2411 945 2667 1000 ΚΕΦΛΛ.
2700 949 2778 1002 Ζ’.
2808 977 2877 987 -
2916 951 3042 1004 Τίσι
3070 949 3167 1005 δεῖ
3201 952 3345 1019 τοὺς
3374 953 3751 1021 ἐπισκόπους
3780 958 3912 1023 βοη-

634 1042 763 1099 teat,
798 1043 846 1087 et
898 1034 964 1087 de
1004 1036 1289 1105 episcopis,
1341 1036 1665 1107 presbyteris
1723 1048 1774 1092 et
1827 1036 2089 1104 diaconis,
2138 1040 2232 1109 qui

2341 1036 2497 1101 θεῖν,
2533 1036 2632 1093 καὶ
2664 1040 2797 1108 περὶ
2833 1041 3204 1109 ἐπισκόπων,
3245 1046 3346 1099 καὶ
3369 1049 3805 1116 πρεσϐυτέρων,
3830 1057 3912 1107 καὶ

631 1128 991 1197 indigentibus
1036 1129 1384 1183 ecclesiastici
1450 1130 1679 1203 [ordinis
1715 1132 2018 1187 hominibus
2051 1149 2231 1187 neces-

2335 1128 2640 1184 διακόνων
2659 1130 2748 1200 μὴ
2776 1136 3209 1204 χορηγούντων
3232 1139 3360 1205 τοῖς
3408 1137 3686 1194 ἐνδεέσιν
3712 1141 3912 1211 ἐκκλη-

632 1215 804 1288 saria]
833 1231 935 1270 non
974 1218 1335 1287 suppeditant.

1067 1218 1335 1286 peditant.
2336 1222 2704 1290 σιαστικοῖς.

700 1292 1096 1376 Apostolorum
1146 1322 1326 1364 canon
1363 1308 1475 1375 59;
1506 1310 1729 1366 concilii
1765 1308 2112 1368 Sardicensis
2137 1327 2231 1368 ca-

2423 1313 2768 1369 Ἀποστόλων
2829 1315 3015 1371 κανὼν
3074 1318 3190 1372 νθ⁸’
3229 1318 3449 1374 συνόδου
3506 1322 3776 1394 Σαρδικῆς
3823 1344 3909 1381 κα-

628 1413 739 1451 non
774 1398 826 1452 7.

2337 1404 2444 1459 νὼν
2476 1404 2542 1471 ζ’.

696 1506 917 1562 Textus.
952 1507 1264 1580 lndigentes
1291 1511 1534 1567 haeretici
1567 1528 1676 1568 non
1713 1513 1995 1584 accipiunt
2024 1530 2055 1570 e
2080 1516 2231 1587 judi-

2408 1518 2722 1588 Κείμενον.
2756 1520 2821 1573 Ol
2853 1522 3145 1593 πενόμενοι
3193 1525 3463 1596 αἱρετικοὶ
3496 1526 3557 1580 οὒ
3591 1527 3910 1599 λαμϐάνουσι

625 1600 727 1656 ciis
762 1613 857 1656 aut
902 1605 1154 1660 ecclesiis
1197 1620 1262 1659 ea
1311 1621 1436 1675 qua:
1488 1606 1785 1664 honoraria
1825 1610 2122 1677 dicuntur,
2170 1620 2231 1666 ut

2336 1610 2405 1664 τὰ
2432 1610 2709 1682 λεγόμενα
2761 1612 3113 1685 ἀξιωματικὰ
3142 1616 3251 1671 ἀπὸ
3299 1618 3407 1672 τῶν
3460 1620 3841 1693 δικαστηρίων,
3883 1623 3909 1693 ἢ

632 1691 731 1747 lib.
766 1710 807 1758 ι,
844 1695 929 1750 lit.
960 1697 1014 1758 5,
1050 1706 1229 1752 const.
1261 1697 1294 1753 8
1325 1697 1633 1773 {traditur}

2336 1704 2447 1758 τῶν
2487 1706 2831 1778 Ἑκκλησιῶν
2848 1707 2925 1771 ὡς
2954 1707 3160 1778 βιϐλίον
3193 1709 3265 1775 α’,
3297 1711 3404 1766 τίτ.
3437 1719 3498 1777 ε’,
3521 1712 3666 1769 διάτ.

699 1787 997 1848 Scholium.
1064 1791 1259 1848 Const.
1328 1792 1382 1860 8,
1438 1794 1534 1847 lib.
1591 1796 1768 1850 icoil.
1819 1805 1905 1852 est
1956 1812 2078 1867 cap.
2131 1797 2228 1864 28,

2409 1800 2693 1867 Σχόλιον.
2732 1800 2799 1854 Ἢ
2846 1808 2899 1872 η’
2946 1802 3091 1859 διάτ.
3139 1803 3234 1857 τοῦ
3267 1803 3309 1857 ε’
3342 1805 3445 1860 τίτ.
3502 1805 3600 1859 τοῦ
3637 1814 3686 1859 α’
3726 1806 3911 1876 βιϐλίου

626 1882 713 1935 tit.
749 1882 800 1947 1,
839 1883 935 1938 lib.
985 1900 999 1938 ι
1062 1883 1232 1939 Basil.
1275 1886 1423 1955 quod
1473 1887 1658 1952 habet,
1701 1899 1759 1943 ut
1802 1890 1854 1943 in
1897 1899 2047 1946 textu
2079 1906 2234 1947 com-

2273 1952 2305 1966 “
2337 1887 2433 1942 τοῦ
2466 1888 2698 1953 κώδικος
2732 1889 2846 1945 ἔστι
2880 1909 3007 1962 κεφ.
3041 1900 3151 1965 κη’,
3182 1894 3279 1948 τοῦ
3303 1902 3351 1949 α’
3394 1896 3600 1966 βιϐλίου
3631 1897 3741 1950 τῶν
3769 1898 3910 1953 Βασι-

624 1975 888 2044 pcndiose
922 1978 1266 2047 propositum
1297 1987 1403 2034 est.

2264 1952 2306 2007 Β
2339 1982 2510 2037 λικῶν
2538 1983 2712 2050 οὕτως
2752 1985 2876 2057 ἔχον
2913 1952 2991 2051 ὡς
3014 1952 3328 2059 συνωψίσθη
3354 1952 3435 2053 είς
3467 1990 3530 2044 τὸ
3557 1991 3821 2062 κείμενον.

693 2064 848 2122 CAP.
883 2066 1019 2124 VIII.
1051 2100 1119 2112 —
1148 2068 1224 2123 De
1252 2071 1491 2141 synodis,
1526 2083 1578 2127 et
1608 2076 1700 2145 qui
1729 2075 1800 2130 ad
1825 2092 1917 2133 eas
1941 2093 2046 2132 non
2076 2095 2225 2135 acce-

2412 2076 2667 2131 ΚΕΦΔΛ.
2703 2078 2786 2131 Η’.
2811 2108 2881 2118 -
2915 2081 3061 2148 Περὶ
3100 2080 3403 2147 συνόδων,
3440 2080 3540 2136 καὶ
3573 2081 3695 2136 τῶν
3714 2085 3794 2150 εὶς
3820 2085 3910 2137 αὑ-

621 2158 779 2213 dunt

2338 2170 2447 2237 τὰς
2474 2171 2559 2242 μὴ
2586 2172 2913 2227 ἀπιόντων.

692 2252 1083 2322 Apostolorum
1126 2270 1302 2312 canon
1340 2258 1449 2327 '57;
1503 2262 1725 2317 concilii
1780 2263 1986 2321 Nicaeni
2044 2282 2221 2324 canon

2422 2263 2769 2319 Ἀποστόλων
2791 2263 2979 2319 κανὼν
2998 2265 3078 2331 λζ’
3097 2307 3113 2333 ,
3145 2268 3364 2322 συνόδου
3392 2268 3633 2334 Νικαίας
3660 2269 3829 2323 κανὼν
3849 2280 3906 2322 ε’·

621 2344 687 2411 5;
723 2347 945 2401 concilii
994 2348 1324 2406 Antiocheni
1376 2369 1554 2410 canon
1603 2355 1709 2425 20;
1753 2361 1971 2416 concilii
2020 2360 2223 2418 Laodi-

2350 2354 2571 2409 συνόδου
2620 2356 2953 2427 Ἀντιοχείας
3002 2358 3184 2413 κανὼν
3218 2360 3293 2433 η’,
3329 2362 3548 2416 συνόδου
3614 2364 3905 2426 Λαοδικείας

621 2438 743 2492 ccni
779 2454 958 2493 canon
990 2440 1060 2494 40
1089 2460 1104 2510 ;
1137 2445 1357 2499 concilii
1407 2445 1875 2508 Chalcedonensis
1911 2468 2086 2510 canon
2135 2457 2222 2523 19,

2339 2449 2522 2502 κανὼν
2548 2447 2603 2517 μ’
2626 2449 2893 2509 ’ςσυνόδου
2929 2450 3278 2523 Χαλκηδόνος
3310 2453 3490 2508 κανὼν
3518 2456 3605 2519 ιθ’,
3646 2456 3728 2510 κα¹
3750 2473 3762 2487 ·
3801 2474 3904 2509 συν-

556 2565 563 2571 .
618 2530 683 2584 21
714 2549 729 2595 ;
779 2532 1001 2588 concilii
1036 2534 1490 2609 Carthaginensis
1519 2557 1699 2597 canon
1743 2543 1830 2611 18,
1862 2546 1951 2610 73,
1984 2548 2075 2609 76.
2114 2550 2184 2605 95

2338 2541 2460 2595 όδου
2487 2542 2855 2615 Καρθαγένης
2909 2545 3092 2600 κανὼν
3149 2553 3238 2616 ιη’,
3262 2544 3364 2616 ογ’,
3418 2548 3522 2614 ος’,
3562 2552 3646 2616 ιβ’
3670 2565 3683 2577 ·
3720 2549 3906 2602 συνόδου

617 2624 840 2678 concilii
872 2626 1010 2681 sexti
1047 2641 1226 2684 canon
1256 2630 1321 2700 8;
1369 2635 1593 2691 concilii
1628 2634 1833 2693 Nicami
1868 2642 2097 2697 secundi
2132 2659 2225 2699 ca-

2132 2659 2225 2699 ca-
2341 2641 2420 2702 ς’,
2447 2634 2632 2691 κανὼν
2654 2643 2704 2709 η’
2721 2654 2738 2672 υ
2765 2637 2988 2692 συνόδου
3018 2640 3258 2705 Νικαίας
3272 2640 3333 2694 τὸ
3360 2640 3427 2711 β’,
3463 2641 3653 2697 κανὼν
3684 2640 3756 2705 ς’.

617 2731 729 2770 non
771 2716 825 2771 6.
890 2737 895 2741 ·

695 2807 915 2868 Textus.
950 2813 1139 2872 Const.
1168 2818 1203 2871 2
1224 2826 1279 2875 et
1310 2821 1398 2885 17,
1430 2820 1513 2877 tit.
1546 2824 1571 2878 1
1610 2821 1959 2882 Novellarum
2002 2830 2217 2899 volunt,

2401 2826 2719 2897 Κείμενον.
2764 2828 2828 2881 Ἣ
2868 2825 2912 2899 β’
2949 2828 3048 2883 καὶ
3106 2826 3173 2895 ιζ’
3226 2828 3394 2893 διάτ.,
3438 2827 3533 2882 τοῦ
3568 2836 3625 2883 α’
3663 2829 3762 2884 τίτ.
3813 2829 3904 2881 τῶν

614 2911 747 2972 ctc.,
767 2922 931 2977 usque
961 2907 1031 2962 ad
1061 2910 1369 2969 alliciantur
1392 2918 1684 2988 supplicio,
1721 2932 1779 2975 ut
1812 2938 1937 2995 pag.
1970 2924 2097 2981 679.

2337 2920 2573 2990 Νεαρῶν
2605 2919 2911 2990 βούλονται,
2939 2939 2992 2975 κ.
3023 2938 3073 2976 τ.
3108 2920 3187 2987 λ.,
3222 2937 3399 2993 usque
3429 2923 3551 2996 adi)
3598 2924 3675 2996 μὴ
3705 2922 3902 2997 μηνύων·

2332 3030 2426 3077 τες
2456 3016 2523 3086 τῇ
2561 3013 2837 3086 βασιλείᾳ,
2868 3016 3115 3086 ἐσχάτως
3140 3017 3539 3089 τιμωροῦνται.

688 3118 983 3176 Scholium.
1035 3124 1223 3183 Const.
1272 3129 1307 3183 2
1359 3142 1414 3186 ει
1469 3134 1558 3198 17,
1612 3137 1695 3191 ιη,
1751 3140 1774 3192 ί
1838 3139 2213 3213 Νονρηθῐιιηη,
2403 3129 2686 3197 Σχόλιον.
2732 3131 2798 3184 Ἦ
2832 3129 2876 3201 β’
2905 3132 2998 3185 καὶ
3031 3130 3096 3197 ιζ’
3126 3132 3266 3188 διάτ.
3328 3132 3424 3188 τοῦ
3457 3132 3504 3187 α’
3524 3134 3634 3188 τίτ.
3660 3134 3762 3187 τῶν
3782 3133 3900 3187 Νεα-

615 3222 749 3309 sunt
773 3215 1001 3269 novellae
1035 3217 1157 3283 125,
1194 3237 1313 3291 cap.
1346 3224 1448 3291 15;
1496 3236 1550 3282 et
1580 3232 1808 3287 novellae
1839 3235 1964 3303 157,
2007 3253 2127 3309 cap.
2160 3240 2216 3295 7.

2343 3219 2477 3291 ρῶν,
2509 3222 2617 3274 εἰσὶ
2641 3222 2743 3293 τῆς
2782 3223 2881 3294 μὲν
2903 3223 3027 3295 ρκγ¹
3056 3225 3277 3298 Νεαρᾶς
3309 3244 3432 3295 κεφ.
3468 3234 3557 3297 ιγ’,
3596 3231 3694 3300 τῆς
3712 3228 3764 3282 δὲ
3792 3225 3895 3299 ρλδ,

616 3298 827 3354 Inserta
863 3312 994 3357 sunt
1026 3316 1205 3361 autem
1242 3312 1406 3369 ambo
1434 3315 1527 3372 lib.
1561 3317 1729 3376 Basil.
1760 3338 1850 3388 ιιι,
1886 3298 1971 3381 tit.
2017 3298 2216 3400 1,‘cap.
2250 3344 2253 3368 ε

2258 3326 2293 3385 ε
2330 3329 2461 3383 κεφ.
2491 3310 2559 3373 ζ’.
2591 3314 3071 3388 Κατεπρὼθησαν
3097 3317 3154 3371 δὲ
3185 3319 3352 3389 ἄμφω
3378 3321 3436 3374 ἐν
3466 3298 3784 3390 βιϐλίωυιῶν
3810 3318 3895 3372 Βα-

613 3391 686 3447 ρο
717 3402 769 3447 et
796 3394 889 3461 21,
930 3414 1052 3467 qua:
1081 3401 1245 3456 etiam
1283 3406 1394 3462 illic
1449 3409 1619 3480 legas.
1681 3413 1816 3471 Nam
1866 3419 1956 3475 hic
2009 3391 2212 3481 inserta

2327 3405 2550 3461 σιλικῶν
2584 3405 2654 3477 γ’,
2675 3406 2779 3462 τίτ.
2809 3406 2880 3476 α’,
2915 3427 3041 3479 κεφ.
3074 3409 3142 3479 κ’,
3175 3415 3270 3467 καὶ
3295 3411 3402 3467 κα’·
3444 3413 3480 3467 ἃ
3524 3414 3623 3467 καὶ
3652 3410 3892 3483 ἀνάγνωθι

614 3500 725 3540 non
758 3500 908 3559 sunt,
944 3503 1004 3548 ut
1036 3510 1161 3565 qua:
1188 3499 1487 3558 ellicaciam
1523 3522 1633 3561 non
1666 3508 1923 3567 habeant.

2324 3498 2475 3551 ἐκεῖ·
2504 3498 2739 3553 ἐνταῦθα
2787 3500 2897 3572 γὰρ
2959 3502 3021 3554 οὐ
3073 3502 3533 3575 κατεστρώθησαν
3574 3503 3654 3568 ὡς
3708 3505 3776 3575 μὴ
3825 3503 3894 3554 ὲν-

2323 3600 2611 3659 εργουντα.

684 3651 839 3756 CAP.
872 3654 965 3714 IX.
989 3689 1068 3756 Α-
1098 3658 1181 3716 Ne
1209 3672 1399 3721 temere
1420 3668 1652 3740 episcOpi
1668 3681 1762 3727 aut
1788 3673 1970 3731 clerici
1993 3677 2207 3749 (liberos

2356 3651 2367 3659 '
2400 3651 2657 3734 ΚΕΦΑΛ.
2686 3680 2765 3735 Θ’.
2788 3670 3027 3752 -Περὶ
3071 3682 3182 3738 τοῦ
3205 3685 3294 3754 μὴ
3322 3684 3401 3752 ὡς
3433 3684 3658 3756 ἔτυχεν
3679 3684 3893 3739 ἐπίσκο-

612 3744 758 3810 suos)
790 3750 1144 3819 emancipent.
2321 3786 2442 3824 πον
2469 3770 2508 3839 ἣ
2532 3772 2829 3840 κληρικὸν
2855 3773 3421 3845 ἐμμαγκιπατεύειν.

683 3837 915 3895 Concilii
947 3841 1399 3918 Carthaginensis
1432 3870 1605 3911 canon
1643 3860 1737 3915 35.

1723 3898 1737 3914 .
2394 3837 2622 3918 Συνόδου
2638 3837 3034 3938 ἡΚαρθαγνένηξ
3049 3866 3234 3921 κανὼν
3261 3865 3354 3922 λε’.

683 3949 837 4005 CAP.
874 3952 942 4008 Χ.
983 3986 1054 3998 -
1098 3957 1375 4024 Quomodo
1422 3968 1653 4039 episcopi
1710 3978 2058 4043 competentia
2108 3980 2210 4037 sibi

2394 3974 2648 4029 ΚΕΦΔΛ.
2676 3975 2733 4030 I'.
2764 3974 2898 4042 Πῶς
2931 3974 3288 4031 ἐκδικοῦονιν
3316 3978 3371 4030 ol
3412 3976 3736 4032 ἐπίσκοποι
3776 3972 3892 4037 τοὺς

606 4040 747 4110 loca,
785 4062 904 4115 qua:
925 4048 990 4103 ab
1030 4051 1290 4111 haereticis
1318 4059 1643 4130 detinentur,
1685 4040 1977 4125 vindicent.

2323 4065 2689 4136 ἁρμόζοντας
2719 4040 2929 4136 αὺτοῗς
2984 4069 3217 4135 τύπους
3259 4068 3422 4139 παρὰ
3454 4068 3764 4138 αἱρετικῶν
3783 4082 3894 4121 κατ-

2320 4157 2671 4228 εχομένους.

680 4234 911 4294 Concilii
942 4242 1394 4315 Carthaginensis
1433 4266 1611 4309 canon
1652 4256 1776 4313 1‘21.
2315 4308 2317 4322 .

1765 4298 1776 4313 .
2315 4260 2351 4325 ε,
2392 4254 2623 4309 Συνόδου
2651 4254 3020 4327 Καρθαγένης
3051 4254 3235 4311 κανὼν
3260 4264 3402 4328 ρκα’.

689 4327 906 4386 Temtus.
926 4332 1150 4393 Novella
1170 4339 1259 4404 57,
1284 4342 1360 4397 ait
1380 4342 1655 4403 Ecclesias
1674 4349 1893 4422 Africae,
1914 4365 2016 4412 etc.
2044 4375 2207 4431 usque

2389 4344 2701 4414 Κειμενον.
2741 4345 2804 4398 'H
2830 4342 2907 4411 λζ’
2939 4344 3194 4416 Νεαρῶν,
3217 4327 3351 4417 φησὶ
3378 4348 3475 4411 τὰς
3496 4346 3785 4419 ἐκκλησίας
3812 4342 3892 4407 τῆς

608 4418 679 4474 ad
707 4422 928 4478 auferre
964 4424 1194 4501 [posse],
1220 4441 1277 4485 ut
1299 4450 1424 4504 pag.
1454 4436 1580 4499 679,
1617 4439 1743 4495 682.
1881 4418 1888 4422 ν
2120 4418 2131 4431 ⁷

2332 4437 2624 4508 Ἀφρικῆς,
2654 4454 2709 4492 κ.
2740 4453 2794 4491 τ.
2833 4437 2908 4503 λ.,
2936 4452 3114 4509 usque
3144 4438 3212 4493 ad
3256 4441 3479 4510 χρονίας
3517 4437 3886 4512 παραγραφῆς-

681 4530 976 4591 Scholium.
1026 4537 1247 4597 Novella
1308 4543 1376 4599 57
1427 4549 1606 4617 posita
1649 4563 1738 4607 est
1774 4556 1827 4607 in
1885 4556 2049 4613 Basil.
2090 4558 2204 4617 Hoc

2389 4547 2671 4615 Σχόλιον.
2724 4546 2790 4600 Ἦ
2840 4544 2917 4613 νζ¹
2949 4548 3121 4620 νεαρὰ
3170 4549 3331 4620 ὲτέθη
3396 4551 3477 4614 είς
3521 4549 3590 4603 τὰ
3636 4543 3887 4603 Βασιλικά.

605 4632 789 4677 autem
844 4626 1019 4696 ipsius
1052 4646 1172 4702 cap.
1226 4649 1334 4691 non
1379 4648 1464 4694 est
1511 4642 1770 4711 positum.
1833 4647 2203 4714 Quamobrem

610 4731 679 4748 nn
711 4716 928 4748 ἷιισι..η.νι
965 4721 1204 4748 I..I.......---
1242 4730 1474 4748 -_u_-,,u,

2253 4693 2288 4748 Β
2320 4640 2491 4695 Τοῦτο
2519 4640 2576 4695 δὲ
2607 4641 2781 4714 αὐτῆς
2809 4643 2871 4696 τὸ
2925 4660 3053 4714 κεφ.
3101 4643 3204 4698 οὐκ
3231 4642 3416 4716 ἐτέθη,
3444 4644 3541 4699 καὶ
3571 4644 3648 4716 μὴ
3692 4653 3890 4715 ματαιο-

608 4731 679 4769 nc
711 4716 928 4773 inanem
965 4721 1206 4779 laborem
1239 4730 1538 4801 suscipias.
2242 4739 2245 4747 ⁴

965 4721 1206 4779 laborem
1239 4730 1538 4801 suscipias.
2242 4716 2288 4748 υ
2323 4735 2583 4806 πονήσης-

678 4822 834 4921 CAP.
871 4826 965 4921 XI.
1022 4829 1177 4895 Quod
1232 4835 1453 4893 lectores
1502 4841 1702 4910 plebem
1754 4862 1934 4902 versus
1991 4852 2208 4921 genicu-

2384 4847 2638 4903 ΚΕΦΑΛ.
2669 4847 2773 4904 IA'.
2806 4877 2878 4891 --
2902 4849 3045 4919 Περὶ
3077 4850 3183 4905 τοῦ
3196 4850 3283 4920 μὴ
3314 4851 3585 4920 ὀφείλειν
3608 4849 3747 4917 τοὺς
3771 4846 3890 4902 ἁνα-

609 4913 717 4968 lari
745 4932 849 4970 non
887 4920 1135 4978 debeant.
1991 4913 2012 4921 ν

1991 4913 2012 4921 ν
2316 4934 2592 5003 γνώστας
2624 4934 2704 5001 τῷ
2731 4936 2901 5008 δήμῳ
2928 4913 3324 5007 προσκυνεῖν.

678 5024 912 5081 Concilii
945 5026 1404 5104 Carthaginensis
1433 5054 1611 5097 canon
1653 5044 1740 5100 16.

1705 5044 1740 5100 ἲ.
2388 5048 2619 5102 Συνόδου
2652 5048 3018 5121 Καρθαγένης
3034 5049 3218 5106 κανὼν
3244 5058 3342 5116 ις’.

679 5133 834 5231 CAP.
868 5138 985 5195 XII.
1032 5139 1112 5196 De
1146 5146 1425 5217 episcOpis,
1459 5153 1549 5222 qui
1593 5170 1697 5209 non
1745 5171 2054 5216 convertunt
2092 5164 2205 5219 Ita:-

2388 5159 2642 5215 ΚΕΦΑΛ.
2672 5160 2779 5213 ΙΒ.’
2817 5191 2886 5201 —
2924 5160 3067 5229 Περὶ
3099 5160 3452 5215 ἐπισκόπων
3509 5160 3596 5231 μὴ
3645 5160 3886 5225 ἐπιστρε-

611 5227 827 5295 t‘cticos,
891 5242 937 5284 et
968 5232 1035 5286 de
1068 5236 1327 5307 episcopis
1377 5251 1423 5294 et
1454 5243 1683 5313 clericis,
1726 5251 1820 5318 qui
1872 5268 1977 5306 non
2024 5253 2212 5311 docent

2314 5253 2555 5321 φόντων
2582 5251 2726 5318 τοὺς
2748 5227 3104 5323 αἱρετικο-ὺς,
3130 5252 3230 5306 καὶ
3258 5254 3391 5323 περὶ
3412 5227 3774 5317 ἐπισκόπων,
3802 5246 3882 5301 καὶ

608 5321 883 5387 populum,
921 5334 970 5378 et
1009 5331 1149 5396 quod
1207 5331 1483 5400 episcopus
1529 5353 1624 5406 pro
1666 5342 1862 5411 populo
1894 5344 2003 5402 Deo
2043 5349 2215 5403 ratio-

2315 5345 2642 5415 κληρικῶν,
2685 5348 2774 5416 μὴ
2807 5321 3253 5401 διδασκόντων
3306 5321 3414 5401 τὸν
3458 5348 3631 5413 λαόν,
3668 5344 3760 5399 καὶ
3811 5340 3883 5392 ὅτι

611 5429 727 5466 nem
783 5415 1011 5485 reddat;
1061 5430 1111 5475 et
1181 5432 1394 5493 quando
1475 5447 1595 5486 cum
1672 5442 1899 5506 populus
1954 5442 2207 5510 peccavit,

2313 5439 2651 5505 ἐπίσκοπος
2688 5415 2846 5510 υπὲρ
2895 5438 3005 5494 τοῦ
3036 5439 3191 5495 λαοῦ
3222 5440 3608 5510 ἀπολογεῖται
3645 5436 3723 5503 τῷ
3761 5432 3880 5495 Θεῷ»

611 5506 779 5561 clerus
803 5515 1317 5574 cxcomntunicatur.
1574 5582 1597 5595 υ
1955 5506 1963 5510 ’
2195 5506 2203 5509 ν

2314 5532 2417 5587 καί
2434 5545 2580 5587 ποτε
2600 5532 2709 5588 τοῦ
2725 5506 2882 5588 λαοῦ
2898 5530 3365 5605 ἁμαρτήσαντος
3396 5506 3674 5601 όῂκλῆρος
3699 5526 3881 5599 ἀφορί-

2316 5627 2490 5689 (erat.

684 5690 1074 5759 Apostolorum
1105 5712 1281 5754 canon
1326 5702 1418 5771 56,
1451 5705 1540 5773 59,
1579 5706 1680 5774 58;
1717 5712 1934 5765 concilii
1978 5712 2211 5768 Cartha-

2400 5719 2745 5777 Ἀποστόλων
2773 5720 2958 5776 κανὼν
2987 5722 3096 5788 λς’,
3124 5722 3226 5788 λθ’,
3262 5732 3341 5795 νῆ’
3365 5741 3379 5755 ο
3420 5724 3635 5779 συνόδου
3682 5713 3879 5786 Καρθα-

615 5800 639 5850 g
672 5800 703 5835 n
727 5784 859 5839 rusis
901 5802 1079 5844 canon
1113 5791 1236 5858 1‘25,
1267 5794 1404 5865 121;
1462 5801 1681 5855 camilli
1722 5806 1861 5858 sexti
1895 5824 2069 5861 canon
2127 5810 2206 5875 19,

2200 5850 2206 5872 ›
2318 5813 2481 5886 γένης
2509 5814 2688 5869 κανὼν
2721 5815 2862 5887 ρκγ’,
2920 5817 3053 5889 ρκδ¹¹
3082 5817 3298 5873 συνόδου
3328 5826 3401 5885 ς’,
3441 5819 3615 5873 κανὼν
3652 5815 3732 5874 ιο’,
3760 5806 3837 5875 ξδ’.

615 5879 705 5928 bi.
