4146 6446
280 409 418 472 1089

1184 398 1673 462 NOMOCANON.
1715 422 1785 433 -
1813 398 1963 457 ΤΙΤ.
2004 395 2168 469 VIII,
2203 395 2360 454 CAP.
2391 393 2674 455 VI-XIII.

3459 389 3597 455 1090

351 514 605 570 ΚΕΦΛΛ.
640 513 743 568 II".
778 542 849 552 —
873 510 1015 580 Περὶ
1046 510 1403 565 ἐπισκόπων
1436 510 1537 564 καὶ
1572 506 1881 578 κληρικῶν

2054 502 2213 559 CAP.
2286 502 2426 558 XIII.
2465 503 2544 558 De
2587 502 2844 571 episcopis
2900 512 2949 555 et
2997 502 3201 555 clericis
3250 506 3579 555 mundanum

278 608 580 678 κοσμικόν
604 624 661 660 τι
692 604 1081 675 πραττόντων
1124 602 1442 670 δημόσιον,
1479 602 1519 671 ἢ
1560 600 1881 668 ἰδιωτικόν,

279 703 319 771 ἢ
360 698 718 767 ἐπιτροπήν.

365 811 710 866 Ἀποστόλων
762 809 945 865 κανὼν
977 807 1053 875 ς’,
1105 809 1229 862 πα’·
1270 806 1491 862 συνόδου
1538 805 1885 877 Χαλκηδόνος

280 906 464 961 κανὼν
485 905 535 975 γ’
556 923 568 937 ·
626 904 850 980 συνόδου
888 902 1255 975 Καρθαγένης
1313 901 1498 955 κανὼν
1526 917 1585 966 ις
1608 917 1621 931 ·
1664 900 1883 953 συνόδου

284 1001 522 1064 Νικαίας
546 998 607 1052 τὸ
634 996 703 1069 β’,
740 998 922 1051 κανὼν
945 995 1006 1050 ι’·
1044 996 1264 1050 συνόδου
1298 1002 1349 1050 α’
1387 997 1482 1049 καὶ
1517 995 1562 1066 β’
1592 994 1748 1065 ἐντῷ
1771 993 1886 1065 ναῷ

286 1095 393 1147 τῶν
427 1093 597 1162 ἁγίων
614 1092 929 1146 ἀποστόλων
963 1089 1148 1145 κανὼν
1184 1088 1276 1145 ια’.

354 1279 666 1345 Κείμενον.
717 1275 782 1329 Ἠ
841 1272 906 1341 ιζ’
929 1274 1073 1330 διάτ.
1120 1274 1215 1329 τοῦ
1250 1272 1299 1344 γ’
1335 1275 1439 1329 τίτ.
1492 1274 1590 1329 τοῦ
1627 1273 1881 1338 κώδικος,

282 1387 339 1423 κ.
369 1386 419 1422 τ.
448 1368 521 1433 λ.,
544 1382 721 1439 usque
743 1366 813 1423 ad
837 1367 991 1431 Θείας
1016 1366 1385 1439 λειτουργίας.

280 1462 638 1601 Ἦὲίχόλιον.
656 1533 722 1586 Ἢ
751 1530 816 1599 ιζ’
844 1532 984 1588 διάτ.
1009 1539 1059 1601 γ’
1089 1530 1248 1602 τοῢ,α’
1284 1532 1493 1604 βιϐλίου
1521 1531 1615 1586 τοῦ
1653 1531 1886 1595 κώδικος

278 1626 382 1679 οὐκ
402 1627 563 1698 ἐτέθη
586 1627 666 1691 είς
688 1627 757 1681 τὰ
787 1626 1075 1682 Βασιλικά.
1107 1625 1245 1681 Οὐδὲ
1278 1627 1311 1698 ἡ
1340 1625 1392 1698 μ’
1432 1625 1554 1681 οὐδὲ
1578 1627 1612 1697 ἡ
1655 1623 1736 1680 va.’
1788 1626 1886 1679 κα)⁸

282 1718 463 1788 μάτην
499 1719 573 1790 μὴ
605 1718 793 1774 κοπία.

280 1813 311 1825 “
356 1814 668 1883 Κείμενον.
708 1813 771 1867 ἸΙ
798 1813 855 1868 δὲ
890 1810 934 1881 β’
964 1813 1104 1870 διάτ.
1145 1814 1240 1869 τοῦ
1271 1812 1320 1867 α’
1345 1814 1452 1871 τίτ.
1486 1813 1595 1869 τῶν
1628 1812 1883 1885 Νεαρῶν,

1993 596 2201 668 aliquid
2231 597 2616 660 exercentibus,
2664 595 2793 667 (sive
2823 595 2900 665 id)
2958 594 3229 663 publicum
3273 596 3381 648 sive
3409 596 3589 663 priva-

1996 700 2107 745 tum
2136 691 2251 761 (sit)
2284 703 2376 745 aut
2413 690 2617 761 (etiam)
2650 691 3045 759 redempturam
3082 698 3175 742 aut
3205 688 3451 743 tutelam.

2065 805 2469 875 Apostolorum
2516 818 2695 859 canon
2744 804 2798 867 6,
2851 803 2956 869 8|;
3010 803 3229 857 concilii
3281 802 3593 858 Chalcedo-

1994 900 2185 953 nensis
2226 913 2401 952 canon
2436 898 2504 965 5;
2535 897 2755 953 concilii
2788 896 3237 967 Carthaginiensis
3269 912 3443 951 canon
3484 897 3589 951 16:

1993 990 2209 1045 concilii
2242 988 2447 1045 Nicreni
2502 990 2730 1045 secundi
2785 1004 2963 1044 canon
3002 989 3111 1057 10;
3149 990 3367 1045 c0ucilii
3429 990 3594 1059 primi

1993 1091 2049 1135 et
2079 1082 2302 1135 secundi
2337 1082 2389 1135 in
2428 1082 2632 1153 ten'iplo
2664 1082 3003 1137 Sanctorum
3029 1082 3416 1152 Apostolorum
3464 1081 3592 1154 [ha-

1995 1172 2120 1245 biti]
2144 1189 2319 1228 canon
2351 1175 2439 1229 11.

2065 1267 2281 1323 Textus.
2310 1268 2501 1323 Const.
2550 1269 2638 1335 17,
2669 1270 2754 1327 tit.
2801 1272 2863 1338 5,
2911 1272 3007 1327 lib.
3049 1271 3221 1327 Icod.
3264 1279 3429 1335 vetat,
3458 1278 3590 1332 εις..

1994 1372 2158 1427 usque
2190 1357 2259 1410 ad
2285 1357 2652 1414 ministerium
2690 1361 2991 1432 negligant,
3037 1372 3096 1416 ut
3125 1378 3251 1433 pag.
3294 1361 3421 1428 685,
3461 1361 3588 1417 686.

2070 1543 2369 1602 Scholium.
2424 1546 2615 1605 Const.
2649 1548 2737 1613 17,
2774 1550 2860 1605 tit.
2894 1551 2948 1615 5,
2980 1550 3076 1606 lib.
3122 1567 3137 1604 I
3210 1552 3332 1607 cod.
3364 1567 3472 1607 non
3509 1560 3596 1607 est

1996 1640 2173 1709 posita
2205 1640 2259 1694 in
2306 1640 2471 1697 Basil.
2534 1657 2710 1713 neque
2757 1643 2849 1709 40,
2890 1659 3069 1714 neque
3107 1645 3198 1711 5i,
3258 1661 3326 1700 ne
3381 1644 3588 1700 frustra

1993 1731 2233 1786 labores.

2071 1823 2292 1879 Textus.
2314 1824 2507 1881 Const.
2532 1827 2590 1892 2,
2618 1826 2704 1881 tit.
2733 1827 2759 1882 1
2795 1826 3143 1883 Novellarum
3164 1829 3258 1894 ait,
3282 1829 3447 1898 quod,
3464 1838 3596 1895 ctc.,

277 1909 421 1979 φησὶ
450 1909 533 1961 ὅτι
563 1908 863 1972 ἐπίσκοπος
899 1926 957 1962 κ.
985 1926 1039 1963 τ.
1069 1909 1145 1977 λ.,
1198 1924 1377 1980 usque
1406 1908 1476 1964 ad
1501 1908 1713 1963 οἴκοθεν
1744 1908 1882 1963 ἀπο-

1998 1929 2158 1985 usque
2176 1917 2246 1970 ad
2279 1917 2347 1972 de
2373 1931 2476 1974 suo
2501 1919 2824 1986 resarciant,
2858 1929 2915 1973 ut
2936 1936 3062 1992 pag.
3094 1918 3221 1976 686.

280 2002 671 2074 θεραπεύουσι.

353 2098 635 2165 Σχόνίιον.
680 2098 745 2151 Ἡ
779 2096 824 2168 β’
857 2097 1000 2152 διάτ.
1026 2098 1118 2152 τοῦ
1142 2096 1191 2152 α’
1216 2097 1319 2153 τίτ.
1352 2098 1459 2152 νῶν
1479 2098 1733 2171 Νεαρῶν,
1765 2098 1884 2153 ἐστι

279 2188 478 2260 Neap}:
508 2190 939 2254 Ἰουστινιάνειος
987 2188 1106 2262 ρκγ⁹
1147 2192 1380 2263 κειμένη
1440 2194 1498 2246 ὲν
1548 2192 1741 2263 βιϐλίῳ
1775 2192 1885 2247 τῶν

280 2283 591 2337 Βασιλικῶν
621 2282 692 2352 γ’,
744 2282 946 2349 τίτ.α’,
977 2301 1105 2353 κεφ.
1146 2282 1236 2352 ιγ’,
1281 2283 1365 2351 ιδ’,
1430 2283 1513 2339 ιε’.
1555 2286 1778 2356 Ἔχουσι
1825 2287 1884 2340 δὲ

275 2374 458 2429 ταῦτα
491 2374 677 2439 καθὼς
709 2375 1152 2447 συνωψίσθησαν.
1205 2379 1368 2448 Ζήτει
1431 2379 1753 2447 ἀναγκαίως
1790 2381 1886 2433 καὶ

275 2458 555 2540 τὴνκατὰ
607 2468 707 2541 τὴν
736 2469 785 2540 η’
815 2470 912 2523 τοῦ
947 2470 1294 2543 Δεκεμϐρίου
1346 2471 1517 2542 μηνὸς
1548 2472 1646 2544 τῆς
1692 2471 1746 2540 ς’
1790 2473 1885 2527 Ἰν-

279 2562 554 2627 δικτιόνος
573 2563 875 2634 γενομένην
906 2564 1192 2636 συνοδικὴν
1235 2564 1538 2635 σημείωσιν
1590 2566 1743 2639 παρά
1786 2566 1883 2620 τοῦ

281 2656 595 2724 ἀγιωτάτου
642 2658 990 2729 πατριάρχου
1045 2659 1238 2731 κυρίου
1298 2660 1486 2713 Λουκᾶ
1549 2660 1712 2733 χάριν
1774 2662 1886 2717 τῶν

282 2748 660 2818 ἐνεργούντων
697 2749 976 2822 κληρικῶν
993 2752 1055 2821 δη
1066 2755 1338 2821 μοσιακάς
1366 2753 1613 2818 δουλείας
1638 2754 1733 2808 καὶ
1754 2772 1888 2828 προ-

285 2842 559 2907 σωπικάς,
593 2843 688 2895 καὶ
731 2846 1215 2916 καταστρωθεῖσαν
1246 2848 1304 2899 ὲν
1363 2846 1444 2919 τῷ
1471 2845 1543 2912 ις’
1570 2847 1758 2901 κανόνι
1790 2848 1887 2917 τῆς

285 2934 349 2985 ὲν
379 2933 710 3007 Καρθαγένῃ
762 2936 1005 2991 συνόδου.
1044 2937 1171 2990 Ἐπὶ
1218 2940 1318 3007 τῆς
1384 2939 1784 3010 πατριαρχείας
1829 2940 1886 2994 δὲ

284 3025 381 3078 τοῦ
410 3027 717 3099 μακαρίτου
736 3030 927 3098 κυρίου
952 3030 1203 3083 Ἰωάννου
1234 3031 1377 3085 κατὰ
1414 3032 1559 3102 μῆνα
1613 3034 1887 3103 Φευρουάο

286 3136 407 3190 ριον
441 3120 754 3185 ἰνδικτιόνος
786 3120 837 3192 η’
858 3123 1049 3192 γέγονε
1080 3124 1376 3195 σημείωμα
1406 3126 1683 3179 συνοδικὺν
1713 3126 1886 3196 διορι-

284 3214 514 3287 ζόμενον
575 3217 650 3289 μὴ
682 3222 1004 3292 συνηγορεῖν
1060 3220 1364 3285 διακόνους,
1406 3219 1660 3291 ἢάπλῶς
1688 3221 1885 3290 ἐκκλη-
1924 3265 1968 3321 C

286 3309 629 3372 σιαστικοὺς,
663 3309 696 3380 ἢ
734 3310 1027 3381 μοναχοὺς,
1054 3312 1081 3364 ὃ
1128 3312 1221 3364 καὶ
1265 3312 1544 3381 ἀνάγνωθι
1573 3330 1892 3385 καταστρω-

286 3398 382 3450 Οὲν
412 3400 565 3472 ἐντῷ
590 3399 666 3465 ις’
684 3402 870 3456 κανόνι
900 3404 999 3473 τῆς
1017 3406 1074 3458 ἐν
1105 3405 1437 3479 Καρθαγένῃ
1458 3406 1705 3459 συνόδου.
1731 3406 1890 3459 Κατά

286 3490 349 3543 δὲ
380 3491 471 3544 τὸν
512 3494 843 3567 Ἰανουάριον
872 3497 1019 3568 μῆνα
1048 3497 1149 3567 τῆς
1171 3496 1211 3551 δ’
1245 3498 1581 3565 ίνδικτιόνος,
1607 3515 1887 3572 πατριάρ-

284 3584 545 3655 χεύοντος
569 3585 663 3639 τοῦ
716 3589 1024 3660 μακαρίτου
1064 3592 1409 3663 πατριάρχου
1446 3592 1639 3664 κυρίου
1665 3591 1890 3664 Μιχαὴλ

282 3678 380 3730 τοῦ
434 3678 721 3750 Ἀγχιάλου
773 3681 966 3750 γέγονε
998 3684 1295 3755 σημείωμα
1354 3684 1635 3739 συνοδικὺν
1661 3685 1889 3756 διαλαμ-

284 3768 454 3823 ϐάνον
494 3771 626 3841 παρ’
666 3772 858 3843 ὁμοίου
896 3772 977 3845 τῷ
1016 3776 1174 3847 ἱερεῖ,
1234 3776 1330 3830 καὶ
1363 3777 1443 3848 τῷ
1487 3777 1742 3849 διακόνῳ,
1794 3779 1889 3832 καὶ

280 3861 380 3915 τὸν
442 3861 819 3935 ἀναγνώστην,
875 3866 970 3919 καὶ
1036 3866 1215 3922 πάντα
1254 3868 1551 3938 ἱερωμένον
1585 3868 1888 3939 ἀπέχεσθαι

279 3957 385 4025 τῆς
410 3956 692 4029 ἐνεργείας
715 3959 825 4012 τῶν
860 3961 1144 4031 κοσμικῶν
1178 3962 1471 4031 όφφικίων,
1504 3962 1600 4015 καὶ
1630 3964 1739 4017 τῶν
1768 3961 1889 4015 δου-

281 4048 472 4103 λειῶν.
499 4043 575 4105 Ού
629 4051 696 4122 δὴ
728 4051 1117 4124 σημειὼματος
1168 4055 1203 4125 ἡ
1240 4054 1473 4125 δύναμις
1526 4054 1887 4127 κατεστρώθη

279 4142 347 4192 ἐν
384 4139 459 4210 τῷ
486 4142 552 4194 αὑ
566 4140 634 4212 τῷ
662 4142 870 4196 κανόνι.
915 4144 979 4196 Ἦ
1005 4145 1193 4214 μέντοι
1234 4144 1312 4218 ξη’
1344 4146 1535 4216 Νεαρά
1558 4147 1652 4200 τοῦ
1689 4147 1885 4219 κυρίου

283 4231 556 4301 βασιλέως
576 4234 805 4299 Λέοντος
837 4234 933 4287 τοῦ
966 4236 1259 4308 φιλοσόφου
1317 4238 1757 4309 παρακελεύεται
1810 4241 1885 4311 μὴ

279 4326 646 4398 ἀναδέχεσθαι
684 4329 1026 4398 ἐπιτροπὰς,
1087 4330 1120 4402 ἦ
1185 4330 1567 4405 κουρατωρίας
1629 4332 1888 4405 ὀρφανῶν

280 4418 586 4490 κληρικοὺς
620 4422 653 4492 ἢ
694 4424 986 4493 μοναχοὺς,
1031 4425 1362 4494 ἐπιτρόπους
1395 4425 1454 4479 δὲ
1512 4424 1759 4495 γίνεσθαι
1791 4426 1889 4479 καὶ

279 4513 563 4583 διοικητὰς
594 4514 686 4565 ἐπὶ
747 4515 1076 4569 τελευταίων
1119 4516 1480 4588 βουλημάτων
1538 4522 1883 4591 παραχωρεῖ,

2070 2097 2364 2156 Seholium.
2416 2100 2609 2157 Const.
2658 2103 2715 2169 2,
2766 2103 2850 2159 tit.
2885 2104 2911 2158 1
2968 2104 3346 2171 Novellarum,
3387 2113 3603 2162 estno-

1995 2190 2136 2245 vella
2168 2189 2467 2247 Justiniani
2498 2193 2623 2259 125,
2682 2194 2861 2266 posita
2888 2193 3039 2267 [quae
3062 2195 3168 2268 est]
3211 2196 3264 2251 in
3296 2197 3392 2251 lib.
3429 2196 3597 2253 Basil.

1995 2281 2212 2348 iu,tit.
2246 2284 2299 2349 1,
2345 2298 2468 2353 cap.
2524 2282 2615 2350 15,
2672 2284 2762 2350 14,
2813 2285 2901 2339 15.
2950 2284 3166 2339 Ilabent
3228 2294 3412 2340 autem
3462 2288 3598 2348 haec,

1997 2378 2462 2447 quemadmodum
2495 2378 2891 2449 compendiose
2936 2379 3221 2449 proposita
3257 2386 3407 2433 sunt.
3441 2378 3603 2444 Quae-

1998 2486 2091 2525 ras
2144 2468 2321 2542 [vcro]
2372 2472 2692 2527 necessario
2738 2472 3064 2543 synodicum
3107 2472 3272 2527 etiam
3314 2486 3601 2527 commen-

1998 2565 2198 2619 tarium
2233 2563 2389 2637 [die],
2422 2574 2619 2620 octavo
2648 2566 2858 2620 mensis
2890 2564 3234 2635 Septembris
3282 2564 3599 2621 indictionis

1999 2664 2169 2711 sextae
2225 2672 2255 2709 a
2286 2656 2640 2712 sanctissimo
2695 2657 3011 2726 patriarcha
3060 2656 3287 2712 domino
3322 2656 3493 2719 Luca,
3532 2658 3600 2710 de

1999 2749 2219 2806 clericis
2250 2749 2469 2819 publica
2495 2757 2550 2806 et
2575 2750 2892 2820 personalia
2920 2765 3153 2805 munera
3206 2751 3598 2817 subeuntibus,

1997 2841 2311 2897 confectum
2346 2861 2360 2897 :
2393 2841 2485 2913 qui
2528 2843 2744 2898 decimo
2784 2850 2940 2898 sexto
2973 2844 3171 2899 canoni
3208 2846 3432 2900 concilii
3457 2845 3601 2899 Car-

1998 2935 2344 3007 tbaginensis
2403 2938 2651 2992 insertus
2696 2945 2803 2992 est.
2865 2936 2997 2992 Item
3059 2938 3164 2992 sub
3220 2940 3597 3007 patriarchatu

1998 3027 2179 3084 felicis
2212 3028 2492 3083 memoriae
2524 3027 2715 3083 domni
2771 3025 3001 3083 Joannis
3042 3010 3372 3098 patriarchae
3411 3045 3602 3085 mense

2002 3124 2310 3182 Februario
2364 3126 2682 3181 indictionis
2717 3135 2925 3180 octavae
2984 3123 3161 3179 factus
3193 3131 3278 3178 est
3305 3122 3603 3188 synodicus

2003 3218 2466 3283 commentarius,
2527 3219 2646 3289 qui,
2709 3234 2779 3273 ne
2827 3216 3074 3283 diaconi,
3131 3225 3226 3270 aut
3282 3215 3600 3271 summatim

2008 3308 2368 3365 ecclesiastici
2399 3306 2700 3381 [homines]
2730 3308 2813 3362 vel
2868 3307 3125 3362 monachi
3159 3307 3372 3376 patroni
3407 3321 3605 3361 causa-

2002 3417 2124 3455 rum
2174 3400 2306 3467 sint,
2365 3401 2704 3456 constituit:
2758 3415 2921 3471 quem
2958 3402 3124 3454 etiam
3184 3410 3336 3454 sexto
3389 3398 3604 3453 decimo

1998 3493 2199 3547 canoni
2274 3492 2497 3548 concilii
2590 3493 3041 3563 Carthaginensis
3099 3492 3366 3546 insertum
3428 3492 3601 3563 legas.

2000 3584 2191 3641 Mense
2222 3593 2406 3641 autem
2463 3583 2729 3641 Januario
2792 3585 3108 3640 indictionis
3172 3595 3404 3655 quartie,
3473 3601 3601 3640 cum

1999 3678 2440 3749 patriarchatum
2493 3687 2709 3749 gereret
2761 3677 2942 3734 felicis
3000 3679 3287 3733 memoriae
3341 3678 3602 3734 dominus

2001 3773 2231 3829 Michael
2269 3772 2576 3829 Anchialus
2612 3772 2950 3844 patriarcha,
2988 3772 3275 3827 confectus
3306 3783 3391 3827 est
3435 3787 3605 3844 syno-

1998 3869 2158 3925 dicus
2184 3870 2643 3934 commentarius,
2702 3868 2795 3939 qui
2838 3869 3092 3924 similiter
3137 3877 3301 3938 atque
3341 3868 3601 3924 sacerdo-

1999 3969 2105 4017 tem
2139 3971 2194 4017 ct
2219 3962 2539 4027 diaconum,
2574 3962 2839 4016 lectorem
2877 3962 3045 4015 etiam
3088 3961 3347 4030 sacrique
3387 3960 3601 4015 ordinis

1996 4069 2381 4125 quemcunque
2411 4053 2818 4122 complectitur,
2862 4062 2922 4107 ut
2978 4055 3047 4107 ab
3091 4052 3311 4107 actione
3361 4054 3600 4106 munda-

1998 4161 2194 4201 norum
2229 4144 2534 4199 ciliciorum
2566 4153 2730 4215 atque
2756 4160 3051 4199 munerum
3083 4144 3397 4200 abstineat:
3431 4143 3595 4213 cujus

1998 4240 2219 4309 quidem
2249 4238 2638 4294 commentarii
2686 4237 2769 4293 vis
2801 4237 2978 4292 eidem
3016 4248 3099 4291 est
3132 4237 3337 4293 inserta
3375 4238 3599 4289 canoui.

2003 4335 2219 4389 Rursus
2280 4333 2496 4389 novella
2577 4332 2647 4387 68
2711 4331 3061 4402 imperatoris
3144 4330 3331 4385 dmnni
3401 4330 3601 4385 Leonis

2000 4425 2315 4497 philosophi
2358 4426 2535 4495 jubet,
2583 4440 2652 4479 ne
2690 4424 2877 4480 clerici
2934 4435 3030 4479 aut
3062 4424 3313 4479 monachi
3358 4422 3600 4492 pupillu-

2002 4534 2124 4572 rum
2156 4519 2381 4573 tutelam
2415 4526 2510 4572 aut
2552 4532 2743 4571 curam
2798 4516 3146 4586 suscipiant:
3182 4515 3277 4571 sed
3336 4516 3604 4585 permittit

280 4604 380 4657 καὶ
412 4605 613 4676 μᾶλλον
648 4608 807 4679 εἴπερ
840 4608 1072 4680 ψυχικαλ⁵
1128 4609 1397 4674 διαδόσεις
1422 4610 1702 4681 ὀφείλουσι
1733 4614 1885 4686 παρά

1998 4620 2056 4666 ιιι
2082 4620 2457 4666 extremarum
2502 4610 2846 4666 voluntatum
2880 4618 3269 4679 procuratores
3296 4618 3461 4678 atque
3499 4625 3599 4663 ΘΧ-

279 4697 493 4751 τούτων
526 4699 862 4770 προϐαίνειν.
912 4703 1024 4756 Kal.
1060 4703 1367 4775 σημείωσαι
1396 4705 1575 4759 τοῦτο·
1620 4705 1741 4759 οὐδὲ
1774 4707 1888 4779 γάρ

282 4791 542 4860 εὑρήσεις
581 4791 817 4862 ἀλλαχοῦ
847 4793 1111 4864 κειμένην
1138 4794 1237 4864 τὴν
1276 4795 1531 4867 τοιαύτην
1579 4793 1719 4851 διάτ.
1754 4794 1892 4852 ἀλλὰ

281 4884 377 4936 καὶ
405 4885 438 4954 ἡ
474 4882 571 4950 πς¹
596 4885 790 4957 Νεαρὰ
818 4886 912 4940 τοῦ
954 4887 1121 4943 αὐτοῦ
1154 4888 1423 4958 βασιλέως
1467 4889 1716 4955 θεσπίζει
1748 4892 1889 4963 μήτε

282 4976 607 5041 ἐπίσκοπον,
636 4980 775 5051 μήτε
798 4980 921 5035 τινὰ
945 4981 1211 5054 κληρικδν
1244 4982 1595 5055 συνηγορίας,
1621 4985 1654 5053 ἢ
1682 4984 1891 5055 μισθώ-

284 5078 521 5149 σεσιν,ἣ
583 5079 813 5147 ὲγγύαις
842 5078 1278 5149 ὲνασχολεῖσθαι.
1322 5079 1429 5131 Τὸν
1466 5078 1523 5131 δὲ
1563 5078 1805 5131 τοιοῦτόν
1837 5097 1890 5133 τι

284 5170 546 5223 ποιοῦντα
578 5171 672 5223 ἐπὶ
704 5173 895 5243 χρόνον
933 5172 1034 5243 μέν
1080 5190 1204 5227 τινα
1248 5170 1634 5243 ἀφορίζεσθαι,
1687 5172 1887 5241 ἐπιμέ-

282 5282 443 5317 νοντα
462 5264 519 5316 δὲ.
547 5263 954 5336 καθαιρεῖσθαι,
975 5266 1070 5320 καὶ
1092 5265 1268 5319 ταῦτα
1298 5264 1397 5336 μὲν
1414 5265 1608 5329 οὕτως.
1629 5264 1889 5327 Διὰκονος

279 5356 339 5409 δέ
371 5373 456 5417 τις
492 5356 761 5419 κωλυθείς
786 5373 916 5410 ποτε
949 5356 1099 5426 παρά
1131 5356 1225 5409 τοῦ
1280 5356 1588 5427 μακαρίτου
1614 5356 1891 5427 πατριάρ-

280 5467 380 5521 χου
408 5450 683 5521 Κυρίλλου
708 5452 899 5505 Λουκᾶ
945 5450 1041 5504 τοῦ
1074 5452 1397 5522 συνηγορεῖν
1453 5450 1741 5522 χρωμένου
1775 5453 1890 5513 τοῖς

280 5543 631 5615 διαληφθεῖσι
662 5546 875 5608 κανόσι,
911 5544 1008 5598 καὶ
1059 5544 1279 5608 λοιπαῖς
1315 5544 1687 5614 νομοθεσίαις,
1733 5540 1889 5596 εἶπεν

285 5639 379 5691 ἐπὶ
410 5636 696 5708 βασιλικοῦ
727 5638 995 5708 βήματος,
1032 5637 1302 5705 παρόντος
1334 5638 1428 5690 καὶ
1459 5636 1554 5690 τοῦ
1612 5636 1887 5709 πατριάρο

283 5748 380 5802 χου
414 5730 489 5803 μὴ
544 5729 689 5801 ἔχειν
724 5729 909 5802 χώραν
953 5730 1022 5785 τὰ
1063 5730 1173 5783 τῶν
1206 5728 1465 5784 τοιούτων
1509 5730 1757 5784 κανόνων
1795 5732 1888 5783 καὶ

284 5825 465 5895 νόμων
490 5827 569 5889 είς
595 5826 723 5890 τοὺς
756 5826 1000 5897 σήμερον
1027 5825 1487 5897 συνηγοροῦντας,
1512 5825 1629 5879 ἀλλ’
1660 5827 1739 5889 είς
1761 5828 1889 5889 τοὺς

283 5919 655 5989 τεταγμένους
707 5922 787 5985 εἰς
820 5920 1078 5975 πολιτικὰ
1126 5919 1481 5993 δικαστήρια,
1509 5920 1604 5975 καὶ
1662 5919 1881 5992 λαμϐά-

2000 4713 2287 4758 secutorcs
2338 4702 2491 4758 liant.
2552 4701 2634 4757 Ac
2686 4700 2867 4773 [vero]
2922 4702 3118 4772 magis,
3172 4701 3217 4755 si
3277 4716 3378 4771 pro
3412 4701 3599 4754 anima

2000 4800 2351 4870 erogationes
2393 4799 2461 4853 ab
2494 4799 2581 4854 his
2615 4798 2729 4853 ﬁeri
2773 4798 3029 4853 debeam.
3068 4796 3225 4864 Quod
3275 4811 3408 4851 sane
3445 4806 3597 4850 nota.

1998 4891 2285 4963 Nusquam
2345 4892 2494 4946 enim
2553 4890 2685 4946 alibi
2747 4890 3129 4962 hujuscemodi
3185 4890 3597 4947 distinCIionem

1999 4983 2271 5039 invenies.
2327 4983 2434 5038 Sed
2480 4991 2530 5039 et
2583 4982 2798 5037 novella
2838 4982 3087 5053 ejusdem
3136 4982 3487 5052 imperatoris
3529 4982 3600 5036 86

1999 5076 2199 5142 sancit,
2232 5092 2300 5131 ne
2347 5077 2667 5145 episcopus,
2731 5090 2910 5146 neque
2969 5076 3287 5145 quicunque
3342 5074 3597 5140 clericus,

1998 5169 2480 5235 advocationibus,
2514 5170 2905 5238 redempturis,
2940 5177 3036 5222 aut
3079 5167 3467 5238 sponsionibus
3507 5183 3604 5221 oc-

2000 5272 2232 5334 cupetur
2263 5284 2277 5319 :
2313 5272 2366 5318 et
2400 5264 2495 5333 qui
2524 5262 2629 5317 tale
2672 5262 2955 5331 quidpiam
3004 5262 3215 5327 fecerit,
3262 5262 3330 5316 ad
3376 5261 3601 5331 aliquod

2000 5367 2219 5428 tempus
2252 5357 2307 5429 [a
2336 5356 2752 5429 communione]
2797 5368 3159 5429 segregetur:
3217 5357 3309 5427 qui
3342 5371 3472 5411 vero
3519 5355 3600 5427 [in

2000 5450 2089 5523 iis]
2121 5451 2554 5523 perseveraverit
2587 5449 2639 5523 [a
2663 5451 2838 5506 sacris
2866 5448 3289 5523 iuuetionibus],
3312 5464 3598 5503 removea-

2000 5558 2110 5601 lur.
2149 5547 2328 5617 Atque
2360 5546 2477 5602 lucc
2524 5546 2747 5616 quidem
2791 5547 2857 5599 ad
2908 5546 3057 5600 hunc
3103 5544 3349 5598 modum.
3394 5539 3598 5597 Verum

1998 5638 2265 5693 diaconus
2296 5636 2520 5704 quidam
2550 5653 2579 5689 a
2617 5636 2792 5691 felicis
2827 5636 3111 5690 memoriae
3150 5634 3462 5705 patriarcha
3503 5632 3601 5685 do-

1998 5749 2161 5788 mnus
2236 5731 2426 5797 Luca,
2466 5730 2921 5786 commemoratis
2974 5728 3283 5783 canouihus
3344 5725 3601 5796 reliquis-

1998 5844 2104 5899 que
2162 5825 2601 5899 lcgislalionibus
2647 5834 2855 5889 ulcutc,
2907 5824 3232 5879 advocatum
3283 5834 3446 5890 agere
3500 5820 3601 5874 ali-

1998 5921 2221 5993 quando
2279 5918 2614 5991 prohibitus,
2677 5933 2861 5973 coram
2916 5914 3275 5987 imperatorio
3334 5912 3597 5969 tribunali
