  <div class='ocr_page' id='page_1' title='image "/cluster/home/n/w/nwhite01/storage/ocr_20150623/104:no.4/coo.31924054870088/555.png"; bbox 0 0 4146 6442; ppageno 0'>
   <div class='ocr_carea' id='block_1_1' title="bbox 631 387 2268 456">
    <p class='ocr_par' dir='ltr' id='par_1_1' title="bbox 631 388 2268 455">
     <span class='ocr_line' id='line_1_1' title="bbox 631 388 2268 455; baseline 0.001 -3"><span class='ocrx_word' id='word_1_1' title='bbox 631 388 763 455; x_wconf 83' lang='grc'><strong>1091</strong></span> <span class='ocrx_word' id='word_1_2' title='bbox 1743 394 2013 455; x_wconf 86' lang='grc' dir='ltr'><strong>ΡΙΙΟΤΙῙ</strong></span> <span class='ocrx_word' id='word_1_3' title='bbox 2056 394 2268 454; x_wconf 71' lang='grc' dir='ltr'><strong>ΡΛΤΒῙ</strong></span> 
     </span>
    </p>
   </div>
   <div class='ocr_carea' id='block_1_2' title="bbox 2260 387 3897 456">
    <p class='ocr_par' dir='ltr' id='par_1_2' title="bbox 2261 387 3897 456">
     <span class='ocr_line' id='line_1_2' title="bbox 2261 387 3897 456; baseline 0.001 -2"><span class='ocrx_word' id='word_1_4' title='bbox 2261 394 2569 456; x_wconf 72' lang='lat' dir='ltr'><strong>IARCILE</strong></span> <span class='ocrx_word' id='word_1_5' title='bbox 2607 395 2715 456; x_wconf 71' lang='lat' dir='ltr'><strong>CP.</strong></span> <span class='ocrx_word' id='word_1_6' title='bbox 2945 391 2960 398; x_wconf 81' lang='grc'><strong>’</strong></span> <span class='ocrx_word' id='word_1_7' title='bbox 3013 387 3025 394; x_wconf 70' lang='grc'><strong>’</strong></span> <span class='ocrx_word' id='word_1_8' title='bbox 3785 389 3897 455; x_wconf 76' lang='lat'><strong>1092</strong></span> 
     </span>
    </p>
   </div>
   <div class='ocr_carea' id='block_1_3' title="bbox 615 502 2252 577">
    <p class='ocr_par' dir='ltr' id='par_1_3' title="bbox 615 502 2224 577">
     <span class='ocr_line' id='line_1_3' title="bbox 615 502 2224 577; baseline 0.002 -19"><span class='ocrx_word' id='word_1_9' title='bbox 615 513 890 573; x_wconf 58' lang='lat' dir='ltr'><strong>prasente</strong></span> <span class='ocrx_word' id='word_1_10' title='bbox 920 503 1235 574; x_wconf 82' lang='lat' dir='ltr'><strong>patriarcha</strong></span> <span class='ocrx_word' id='word_1_11' title='bbox 1264 502 1422 567; x_wconf 79' lang='lat' dir='ltr'><strong>dixit,</strong></span> <span class='ocrx_word' id='word_1_12' title='bbox 1458 519 1700 559; x_wconf 83' lang='lat' dir='ltr'><strong>canones</strong></span> <span class='ocrx_word' id='word_1_13' title='bbox 1730 504 1854 559; x_wconf 89' lang='lat' dir='ltr'><strong>illos</strong></span> <span class='ocrx_word' id='word_1_14' title='bbox 1884 516 2048 576; x_wconf 78' lang='lat' dir='ltr'><strong>atque</strong></span> <span class='ocrx_word' id='word_1_15' title='bbox 2074 506 2224 577; x_wconf 83' lang='lat' dir='ltr'>leges</span> 
     </span>
    </p>
   </div>
   <div class='ocr_carea' id='block_1_4' title="bbox 2259 502 3896 577">
    <p class='ocr_par' dir='ltr' id='par_1_4' title="bbox 2259 502 3896 577">
     <span class='ocr_line' id='line_1_4' title="bbox 2259 502 3896 577; baseline -0.003 -18"><span class='ocrx_word' id='word_1_16' title='bbox 2259 512 2296 565; x_wconf 81' lang='grc' dir='ltr'>Α</span> <span class='ocrx_word' id='word_1_17' title='bbox 2330 523 2519 568; x_wconf 81' lang='grc' dir='ltr'>νοντας</span> <span class='ocrx_word' id='word_1_18' title='bbox 2574 506 2832 577; x_wconf 77' lang='grc' dir='ltr'>βασιλικὰ</span> <span class='ocrx_word' id='word_1_19' title='bbox 2865 504 3173 577; x_wconf 77' lang='grc' dir='ltr'>σιτηρέσια,</span> <span class='ocrx_word' id='word_1_20' title='bbox 3217 505 3308 557; x_wconf 75' lang='grc' dir='ltr'><strong>καὶ</strong></span> <span class='ocrx_word' id='word_1_21' title='bbox 3336 503 3439 556; x_wconf 79' lang='grc' dir='ltr'><strong>ὑπὸ</strong></span> <span class='ocrx_word' id='word_1_22' title='bbox 3478 502 3896 573; x_wconf 82' lang='grc' dir='ltr'>πριμμικηρίους</span> 
     </span>
    </p>
   </div>
   <div class='ocr_carea' id='block_1_5' title="bbox 616 595 2253 672">
    <p class='ocr_par' dir='ltr' id='par_1_5' title="bbox 616 595 2217 653">
     <span class='ocr_line' id='line_1_5' title="bbox 616 595 2217 653; baseline 0 -1"><span class='ocrx_word' id='word_1_23' title='bbox 616 599 672 652; x_wconf 89' lang='lat' dir='ltr'><strong>in</strong></span> <span class='ocrx_word' id='word_1_24' title='bbox 713 597 998 652; x_wconf 88' lang='lat' dir='ltr'><strong>hodiernis</strong></span> <span class='ocrx_word' id='word_1_25' title='bbox 1039 597 1323 652; x_wconf 81' lang='lat' dir='ltr'><strong>advocatis</strong></span> <span class='ocrx_word' id='word_1_26' title='bbox 1356 613 1463 651; x_wconf 89' lang='lat' dir='ltr'><strong>non</strong></span> <span class='ocrx_word' id='word_1_27' title='bbox 1513 595 1717 652; x_wconf 86' lang='lat' dir='ltr'><strong>habere</strong></span> <span class='ocrx_word' id='word_1_28' title='bbox 1753 597 1936 652; x_wconf 86' lang='lat' dir='ltr'><strong>locum</strong></span> <span class='ocrx_word' id='word_1_29' title='bbox 1969 617 1983 652; x_wconf 90' lang='lat'><strong>:</strong></span> <span class='ocrx_word' id='word_1_30' title='bbox 2024 599 2119 653; x_wconf 87' lang='lat' dir='ltr'><strong>sed</strong></span> <span class='ocrx_word' id='word_1_31' title='bbox 2165 601 2217 652; x_wconf 94' lang='lat' dir='ltr'><strong>in</strong></span> 
     </span>
    </p>
   </div>
   <div class='ocr_carea' id='block_1_6' title="bbox 2261 595 3898 672">
    <p class='ocr_par' dir='ltr' id='par_1_6' title="bbox 2331 597 3898 672">
     <span class='ocr_line' id='line_1_6' title="bbox 2331 597 3898 672; baseline -0.001 -21"><span class='ocrx_word' id='word_1_32' title='bbox 2331 599 2512 665; x_wconf 75' lang='grc' dir='ltr'>ὄντας,</span> <span class='ocrx_word' id='word_1_33' title='bbox 2541 604 2636 655; x_wconf 77' lang='grc' dir='ltr'><strong>καὶ</strong></span> <span class='ocrx_word' id='word_1_34' title='bbox 2693 601 3156 672; x_wconf 59' lang='grc' dir='ltr'>σφραγιζομένοις</span> <span class='ocrx_word' id='word_1_35' title='bbox 3193 598 3298 652; x_wconf 83' lang='grc' dir='ltr'><strong>ὑπὸ</strong></span> <span class='ocrx_word' id='word_1_36' title='bbox 3321 597 3608 668; x_wconf 84' lang='grc' dir='ltr'>κοσμικῶν</span> <span class='ocrx_word' id='word_1_37' title='bbox 3648 597 3898 667; x_wconf 73' lang='grc' dir='ltr'><strong>ἀρχόντων</strong></span> 
     </span>
    </p>
   </div>
   <div class='ocr_carea' id='block_1_7' title="bbox 620 688 2257 763">
    <p class='ocr_par' dir='ltr' id='par_1_7' title="bbox 620 688 2220 760">
     <span class='ocr_line' id='line_1_7' title="bbox 620 688 2220 760; baseline 0.003 -17"><span class='ocrx_word' id='word_1_38' title='bbox 620 689 772 743; x_wconf 90' lang='lat' dir='ltr'><strong>illius</strong></span> <span class='ocrx_word' id='word_1_39' title='bbox 799 690 1063 760; x_wconf 87' lang='lat' dir='ltr'><strong>temporis</strong></span> <span class='ocrx_word' id='word_1_40' title='bbox 1094 688 1399 751; x_wconf 89' lang='lat' dir='ltr'><strong>advocatis.</strong></span> <span class='ocrx_word' id='word_1_41' title='bbox 1450 690 1546 759; x_wconf 91' lang='lat' dir='ltr'><strong>qui</strong></span> <span class='ocrx_word' id='word_1_42' title='bbox 1607 690 1658 743; x_wconf 91' lang='lat' dir='ltr'><strong>in</strong></span> <span class='ocrx_word' id='word_1_43' title='bbox 1693 691 1951 746; x_wconf 83' lang='lat' dir='ltr'><strong>civilibus</strong></span> <span class='ocrx_word' id='word_1_44' title='bbox 1999 692 2220 760; x_wconf 90' lang='lat' dir='ltr'><strong>judiciis</strong></span> 
     </span>
    </p>
   </div>
   <div class='ocr_carea' id='block_1_8' title="bbox 2262 688 3899 763">
    <p class='ocr_par' dir='ltr' id='par_1_8' title="bbox 2328 690 3899 763">
     <span class='ocr_line' id='line_1_8' title="bbox 2328 690 3899 763; baseline -0.004 -16"><span class='ocrx_word' id='word_1_45' title='bbox 2328 694 2418 747; x_wconf 83' lang='grc' dir='ltr'>ὅτε</span> <span class='ocrx_word' id='word_1_46' title='bbox 2449 693 2670 757; x_wconf 85' lang='grc' dir='ltr'>πάντως</span> <span class='ocrx_word' id='word_1_47' title='bbox 2691 694 2876 757; x_wconf 85' lang='grc' dir='ltr'>καλῶς</span> <span class='ocrx_word' id='word_1_48' title='bbox 2904 694 2954 746; x_wconf 86' lang='grc' dir='ltr'>οἱ</span> <span class='ocrx_word' id='word_1_49' title='bbox 2983 693 3240 763; x_wconf 71' lang='grc' dir='ltr'>κληρικοὶ</span> <span class='ocrx_word' id='word_1_50' title='bbox 3268 690 3574 744; x_wconf 80' lang='grc' dir='ltr'><strong>ἐκωλύοντο</strong></span> <span class='ocrx_word' id='word_1_51' title='bbox 3606 690 3899 759; x_wconf 79' lang='grc' dir='ltr'>συνηγόρων</span> 
     </span>
    </p>
   </div>
   <div class='ocr_carea' id='block_1_9' title="bbox 621 779 2258 857">
    <p class='ocr_par' dir='ltr' id='par_1_9' title="bbox 621 779 2223 850">
     <span class='ocr_line' id='line_1_9' title="bbox 621 779 2223 850; baseline 0.002 -16"><span class='ocrx_word' id='word_1_52' title='bbox 621 781 891 835; x_wconf 85' lang='lat' dir='ltr'><strong>stationes</strong></span> <span class='ocrx_word' id='word_1_53' title='bbox 927 780 1219 843; x_wconf 88' lang='lat' dir='ltr'><strong>habebant,</strong></span> <span class='ocrx_word' id='word_1_54' title='bbox 1261 781 1575 850; x_wconf 82' lang='lat' dir='ltr'><strong>imperiales</strong></span> <span class='ocrx_word' id='word_1_55' title='bbox 1619 779 2015 836; x_wconf 78' lang='lat' dir='ltr'><strong>frumentarias</strong></span> <span class='ocrx_word' id='word_1_56' title='bbox 2049 792 2223 837; x_wconf 85' lang='lat' dir='ltr'><strong>tesse-</strong></span> 
     </span>
    </p>
   </div>
   <div class='ocr_carea' id='block_1_10' title="bbox 2262 779 3899 857">
    <p class='ocr_par' dir='ltr' id='par_1_10' title="bbox 2327 783 3899 857">
     <span class='ocr_line' id='line_1_10' title="bbox 2327 783 3899 857; baseline -0.004 -17"><span class='ocrx_word' id='word_1_57' title='bbox 2327 787 2560 857; x_wconf 75' lang='grc' dir='ltr'>ὀφφίκια</span> <span class='ocrx_word' id='word_1_58' title='bbox 2591 787 2834 857; x_wconf 75' lang='grc' dir='ltr'>κοσμικὰ</span> <span class='ocrx_word' id='word_1_59' title='bbox 2885 787 3152 855; x_wconf 84' lang='grc' dir='ltr'>ἐνεργεῖν.</span> <span class='ocrx_word' id='word_1_60' title='bbox 3186 785 3342 838; x_wconf 69' lang='grc' dir='ltr'>Ἐπεὶ</span> <span class='ocrx_word' id='word_1_61' title='bbox 3376 783 3431 836; x_wconf 84' lang='grc' dir='ltr'>δὲ</span> <span class='ocrx_word' id='word_1_62' title='bbox 3459 785 3512 836; x_wconf 82' lang='grc' dir='ltr'>οἱ</span> <span class='ocrx_word' id='word_1_63' title='bbox 3553 783 3789 854; x_wconf 83' lang='grc' dir='ltr'><strong>σήμερον</strong></span> <span class='ocrx_word' id='word_1_64' title='bbox 3819 799 3899 835; x_wconf 84' lang='grc' dir='ltr'>συ-</span> 
     </span>
    </p>
   </div>
   <div class='ocr_carea' id='block_1_11' title="bbox 618 872 2255 951">
    <p class='ocr_par' dir='ltr' id='par_1_11' title="bbox 618 872 2219 944">
     <span class='ocr_line' id='line_1_11' title="bbox 618 872 2219 944; baseline 0.002 -18"><span class='ocrx_word' id='word_1_65' title='bbox 618 887 713 927; x_wconf 85' lang='lat' dir='ltr'><strong>ras</strong></span> <span class='ocrx_word' id='word_1_66' title='bbox 767 873 1132 942; x_wconf 80' lang='lat' dir='ltr'><strong>accipiebant,</strong></span> <span class='ocrx_word' id='word_1_67' title='bbox 1189 874 1293 926; x_wconf 85' lang='lat' dir='ltr'><strong>sub</strong></span> <span class='ocrx_word' id='word_1_68' title='bbox 1343 872 1678 941; x_wconf 90' lang='lat' dir='ltr'><strong>primiceriis</strong></span> <span class='ocrx_word' id='word_1_69' title='bbox 1731 882 1910 938; x_wconf 85' lang='lat' dir='ltr'><strong>erant,</strong></span> <span class='ocrx_word' id='word_1_70' title='bbox 1968 884 2130 944; x_wconf 88' lang='lat' dir='ltr'><strong>atque</strong></span> <span class='ocrx_word' id='word_1_71' title='bbox 2188 890 2219 928; x_wconf 89' lang='lat' dir='ltr'><strong>a</strong></span> 
     </span>
    </p>
   </div>
   <div class='ocr_carea' id='block_1_12' title="bbox 2263 872 3900 951">
    <p class='ocr_par' dir='ltr' id='par_1_12' title="bbox 2329 875 3900 951">
     <span class='ocr_line' id='line_1_12' title="bbox 2329 875 3900 951; baseline -0.006 -17"><span class='ocrx_word' id='word_1_72' title='bbox 2329 880 2694 951; x_wconf 83' lang='grc' dir='ltr'>νηγοροῦντες</span> <span class='ocrx_word' id='word_1_73' title='bbox 2723 878 2799 942; x_wconf 81' lang='grc' dir='ltr'>ὡς</span> <span class='ocrx_word' id='word_1_74' title='bbox 2821 877 3130 950; x_wconf 80' lang='grc' dir='ltr'>ἐλευθέριόν</span> <span class='ocrx_word' id='word_1_75' title='bbox 3159 894 3212 930; x_wconf 89' lang='grc' dir='ltr'><strong>τι</strong></span> <span class='ocrx_word' id='word_1_76' title='bbox 3242 875 3573 945; x_wconf 82' lang='grc' dir='ltr'>σπούδασμα</span> <span class='ocrx_word' id='word_1_77' title='bbox 3596 875 3658 926; x_wconf 80' lang='grc' dir='ltr'><strong>τὸ</strong></span> <span class='ocrx_word' id='word_1_78' title='bbox 3696 889 3900 944; x_wconf 81' lang='grc' dir='ltr'>συνηγο-</span> 
     </span>
    </p>
   </div>
   <div class='ocr_carea' id='block_1_13' title="bbox 622 953 2259 1042">
    <p class='ocr_par' dir='ltr' id='par_1_13' title="bbox 622 953 2221 1038">
     <span class='ocr_line' id='line_1_13' title="bbox 622 953 2221 1038; baseline 0.001 -17"><span class='ocrx_word' id='word_1_79' title='bbox 622 969 922 1022; x_wconf 87' lang='lat' dir='ltr'><strong>mundanis</strong></span> <span class='ocrx_word' id='word_1_80' title='bbox 1011 967 1427 1038; x_wconf 81' lang='lat' dir='ltr'><strong>magistratibus</strong></span> <span class='ocrx_word' id='word_1_81' title='bbox 1502 953 1978 1022; x_wconf 85' lang='lat' dir='ltr'><strong>conﬁrmabantur</strong></span> <span class='ocrx_word' id='word_1_82' title='bbox 2035 986 2049 1022; x_wconf 91' lang='lat'>:</span> <span class='ocrx_word' id='word_1_83' title='bbox 2110 983 2221 1038; x_wconf 92' lang='lat' dir='ltr'><strong>quo</strong></span> 
     </span>
    </p>
   </div>
   <div class='ocr_carea' id='block_1_14' title="bbox 2264 953 3901 1042">
    <p class='ocr_par' dir='ltr' id='par_1_14' title="bbox 2333 966 3901 1042">
     <span class='ocr_line' id='line_1_14' title="bbox 2333 966 3901 1042; baseline -0.004 -17"><span class='ocrx_word' id='word_1_84' title='bbox 2333 975 2445 1042; x_wconf 84' lang='grc' dir='ltr'>ρείν</span> <span class='ocrx_word' id='word_1_85' title='bbox 2492 971 2867 1042; x_wconf 78' lang='grc' dir='ltr'><strong>μετέρχονται,</strong></span> <span class='ocrx_word' id='word_1_86' title='bbox 2900 971 3022 1024; x_wconf 85' lang='grc' dir='ltr'><strong>ούδέ</strong></span> <span class='ocrx_word' id='word_1_87' title='bbox 3052 972 3100 1023; x_wconf 88' lang='grc' dir='ltr'>οἱ</span> <span class='ocrx_word' id='word_1_88' title='bbox 3126 966 3901 1040; x_wconf 73' lang='grc' dir='ltr'>ἱερωμένοιὲμποδιτθήσονται</span> 
     </span>
    </p>
   </div>
   <div class='ocr_carea' id='block_1_15' title="bbox 619 1057 2256 1134">
    <p class='ocr_par' dir='ltr' id='par_1_15' title="bbox 619 1059 2221 1130">
     <span class='ocr_line' id='line_1_15' title="bbox 619 1059 2221 1130; baseline 0.001 -17"><span class='ocrx_word' id='word_1_89' title='bbox 619 1069 867 1130; x_wconf 87' lang='lat' dir='ltr'><strong>tempore</strong></span> <span class='ocrx_word' id='word_1_90' title='bbox 897 1061 1124 1113; x_wconf 85' lang='lat' dir='ltr'><strong>omnino</strong></span> <span class='ocrx_word' id='word_1_91' title='bbox 1164 1070 1312 1114; x_wconf 85' lang='lat' dir='ltr'><strong>recte</strong></span> <span class='ocrx_word' id='word_1_92' title='bbox 1355 1059 1543 1115; x_wconf 82' lang='lat' dir='ltr'><strong>clerici</strong></span> <span class='ocrx_word' id='word_1_93' title='bbox 1585 1059 1880 1114; x_wconf 87' lang='lat' dir='ltr'><strong>mundanis</strong></span> <span class='ocrx_word' id='word_1_94' title='bbox 1923 1059 2221 1114; x_wconf 82' lang='lat' dir='ltr'><strong>advocato-</strong></span> 
     </span>
    </p>
   </div>
   <div class='ocr_carea' id='block_1_16' title="bbox 2265 1057 3902 1134">
    <p class='ocr_par' dir='ltr' id='par_1_16' title="bbox 2330 1057 3902 1134">
     <span class='ocr_line' id='line_1_16' title="bbox 2330 1057 3902 1134; baseline -0.006 -16"><span class='ocrx_word' id='word_1_95' title='bbox 2330 1066 2675 1134; x_wconf 76' lang='grc' dir='ltr'><strong>συνηγορεῖν,</strong></span> <span class='ocrx_word' id='word_1_96' title='bbox 2704 1063 2800 1116; x_wconf 75' lang='grc' dir='ltr'>καὶ</span> <span class='ocrx_word' id='word_1_97' title='bbox 2830 1061 3263 1125; x_wconf 78' lang='grc' dir='ltr'><strong>κατασκευάζων</strong></span> <span class='ocrx_word' id='word_1_98' title='bbox 3283 1062 3373 1114; x_wconf 77' lang='grc' dir='ltr'>τὸν</span> <span class='ocrx_word' id='word_1_99' title='bbox 3402 1061 3604 1113; x_wconf 77' lang='grc' dir='ltr'>οἰκεῖον</span> <span class='ocrx_word' id='word_1_100' title='bbox 3637 1058 3791 1125; x_wconf 78' lang='grc' dir='ltr'>λόγον</span> <span class='ocrx_word' id='word_1_101' title='bbox 3811 1057 3902 1110; x_wconf 78' lang='grc' dir='ltr'>ἐδι-</span> 
     </span>
    </p>
   </div>
   <div class='ocr_carea' id='block_1_17' title="bbox 618 1150 2255 1228">
    <p class='ocr_par' dir='ltr' id='par_1_17' title="bbox 618 1153 2221 1226">
     <span class='ocr_line' id='line_1_17' title="bbox 618 1153 2221 1226; baseline -0.001 -17"><span class='ocrx_word' id='word_1_102' title='bbox 618 1171 741 1209; x_wconf 87' lang='lat' dir='ltr'><strong>rnm</strong></span> <span class='ocrx_word' id='word_1_103' title='bbox 783 1156 977 1210; x_wconf 74' lang='lat' dir='ltr'><strong>officiis</strong></span> <span class='ocrx_word' id='word_1_104' title='bbox 1021 1153 1172 1226; x_wconf 80' lang='lat' dir='ltr'><strong>fungi</strong></span> <span class='ocrx_word' id='word_1_105' title='bbox 1217 1155 1675 1224; x_wconf 80' lang='lat' dir='ltr'><strong>prohibebantur.</strong></span> <span class='ocrx_word' id='word_1_106' title='bbox 1724 1156 1793 1210; x_wconf 84' lang='lat' dir='ltr'><strong>At</strong></span> <span class='ocrx_word' id='word_1_107' title='bbox 1831 1155 2090 1225; x_wconf 91' lang='lat' dir='ltr'><strong>quoniam</strong></span> <span class='ocrx_word' id='word_1_108' title='bbox 2125 1154 2221 1225; x_wconf 90' lang='lat' dir='ltr'><strong>qui</strong></span> 
     </span>
    </p>
   </div>
   <div class='ocr_carea' id='block_1_18' title="bbox 2265 1150 3902 1228">
    <p class='ocr_par' dir='ltr' id='par_1_18' title="bbox 2329 1150 3902 1228">
     <span class='ocr_line' id='line_1_18' title="bbox 2329 1150 3902 1228; baseline -0.004 -18"><span class='ocrx_word' id='word_1_109' title='bbox 2329 1157 2734 1228; x_wconf 82' lang='grc' dir='ltr'>καιολογήσατο</span> <span class='ocrx_word' id='word_1_110' title='bbox 2765 1156 2840 1227; x_wconf 85' lang='grc' dir='ltr'>μὴ</span> <span class='ocrx_word' id='word_1_111' title='bbox 2877 1155 2976 1226; x_wconf 86' lang='grc' dir='ltr'><strong>τὴν</strong></span> <span class='ocrx_word' id='word_1_112' title='bbox 3002 1155 3222 1228; x_wconf 81' lang='grc' dir='ltr'>πρᾶξιν,</span> <span class='ocrx_word' id='word_1_113' title='bbox 3247 1155 3384 1208; x_wconf 78' lang='grc' dir='ltr'>ἀλλὰ</span> <span class='ocrx_word' id='word_1_114' title='bbox 3414 1153 3505 1206; x_wconf 81' lang='grc' dir='ltr'><strong>τὸν</strong></span> <span class='ocrx_word' id='word_1_115' title='bbox 3529 1151 3734 1222; x_wconf 83' lang='grc' dir='ltr'>τρόπον</span> <span class='ocrx_word' id='word_1_116' title='bbox 3761 1150 3902 1204; x_wconf 80' lang='grc' dir='ltr'>κολά-</span> 
     </span>
    </p>
   </div>
   <div class='ocr_carea' id='block_1_19' title="bbox 626 1245 2263 1320">
    <p class='ocr_par' dir='ltr' id='par_1_19' title="bbox 626 1249 2220 1320">
     <span class='ocr_line' id='line_1_19' title="bbox 626 1249 2220 1320; baseline -0.001 -16"><span class='ocrx_word' id='word_1_117' title='bbox 626 1249 790 1304; x_wconf 65' lang='grc' dir='ltr'>Ιιοιιίε</span> <span class='ocrx_word' id='word_1_118' title='bbox 832 1249 1082 1304; x_wconf 80' lang='lat' dir='ltr'><strong>advocati</strong></span> <span class='ocrx_word' id='word_1_119' title='bbox 1131 1258 1283 1313; x_wconf 88' lang='lat' dir='ltr'><strong>sunt,</strong></span> <span class='ocrx_word' id='word_1_120' title='bbox 1333 1258 1598 1320; x_wconf 86' lang='lat' dir='ltr'><strong>tanquam</strong></span> <span class='ocrx_word' id='word_1_121' title='bbox 1655 1250 1935 1304; x_wconf 88' lang='lat' dir='ltr'><strong>liberalem</strong></span> <span class='ocrx_word' id='word_1_122' title='bbox 1977 1249 2220 1318; x_wconf 82' lang='lat' dir='ltr'><strong>aliquam</strong></span> 
     </span>
    </p>
   </div>
   <div class='ocr_carea' id='block_1_20' title="bbox 2265 1245 3902 1320">
    <p class='ocr_par' dir='ltr' id='par_1_20' title="bbox 2330 1245 3902 1320">
     <span class='ocr_line' id='line_1_20' title="bbox 2330 1245 3902 1320; baseline -0.006 -17"><span class='ocrx_word' id='word_1_123' title='bbox 2330 1250 2516 1316; x_wconf 78' lang='grc' dir='ltr'>ζεσθαι</span> <span class='ocrx_word' id='word_1_124' title='bbox 2566 1251 2719 1320; x_wconf 79' lang='grc' dir='ltr'>παρὰ</span> <span class='ocrx_word' id='word_1_125' title='bbox 2770 1248 2879 1301; x_wconf 85' lang='grc' dir='ltr'>τῶν</span> <span class='ocrx_word' id='word_1_126' title='bbox 2915 1249 3176 1302; x_wconf 66' lang='grc' dir='ltr'>κανόνων.</span> <span class='ocrx_word' id='word_1_127' title='bbox 3209 1249 3284 1302; x_wconf 79' lang='grc' dir='ltr'><strong>Οὐ</strong></span> <span class='ocrx_word' id='word_1_128' title='bbox 3345 1247 3493 1319; x_wconf 77' lang='grc' dir='ltr'>μόνοι</span> <span class='ocrx_word' id='word_1_129' title='bbox 3513 1246 3627 1320; x_wconf 78' lang='grc' dir='ltr'>γὰρ</span> <span class='ocrx_word' id='word_1_130' title='bbox 3655 1245 3902 1314; x_wconf 72' lang='grc' dir='ltr'>κληρικοὶ,</span> 
     </span>
    </p>
   </div>
   <div class='ocr_carea' id='block_1_21' title="bbox 617 1339 2254 1414">
    <p class='ocr_par' dir='ltr' id='par_1_21' title="bbox 617 1341 2224 1408">
     <span class='ocr_line' id='line_1_21' title="bbox 617 1341 2224 1408; baseline 0 -14"><span class='ocrx_word' id='word_1_131' title='bbox 617 1351 814 1407; x_wconf 85' lang='lat' dir='ltr'><strong>artem,</strong></span> <span class='ocrx_word' id='word_1_132' title='bbox 851 1341 1270 1397; x_wconf 83' lang='lat' dir='ltr'><strong>advocationem</strong></span> <span class='ocrx_word' id='word_1_133' title='bbox 1319 1351 1617 1408; x_wconf 83' lang='lat' dir='ltr'><strong>exercent;</strong></span> <span class='ocrx_word' id='word_1_134' title='bbox 1671 1357 1850 1407; x_wconf 88' lang='lat' dir='ltr'><strong>neque</strong></span> <span class='ocrx_word' id='word_1_135' title='bbox 1892 1342 2036 1396; x_wconf 87' lang='lat' dir='ltr'><strong>sacri</strong></span> <span class='ocrx_word' id='word_1_136' title='bbox 2073 1341 2224 1395; x_wconf 90' lang='lat' dir='ltr'><strong>ordi-</strong></span> 
     </span>
    </p>
   </div>
   <div class='ocr_carea' id='block_1_22' title="bbox 2264 1339 3901 1414">
    <p class='ocr_par' dir='ltr' id='par_1_22' title="bbox 2329 1339 3901 1414">
     <span class='ocr_line' id='line_1_22' title="bbox 2329 1339 3901 1414; baseline -0.004 -16"><span class='ocrx_word' id='word_1_137' title='bbox 2329 1346 2466 1398; x_wconf 83' lang='grc' dir='ltr'>ἀλλὰ</span> <span class='ocrx_word' id='word_1_138' title='bbox 2496 1347 2590 1398; x_wconf 68' lang='grc' dir='ltr'><strong>καὶ</strong></span> <span class='ocrx_word' id='word_1_139' title='bbox 2616 1345 2905 1397; x_wconf 84' lang='grc' dir='ltr'>ἐπίσκοποι</span> <span class='ocrx_word' id='word_1_140' title='bbox 2937 1343 3078 1414; x_wconf 84' lang='grc' dir='ltr'>ὑπὲρ</span> <span class='ocrx_word' id='word_1_141' title='bbox 3104 1343 3273 1411; x_wconf 80' lang='grc' dir='ltr'>φίλων</span> <span class='ocrx_word' id='word_1_142' title='bbox 3317 1339 3758 1409; x_wconf 84' lang='grc' dir='ltr'>ἀντιποιούμενοι</span> <span class='ocrx_word' id='word_1_143' title='bbox 3788 1355 3901 1406; x_wconf 85' lang='grc' dir='ltr'>συγ-</span> 
     </span>
    </p>
   </div>
   <div class='ocr_carea' id='block_1_23' title="bbox 614 1428 2251 1508">
    <p class='ocr_par' dir='ltr' id='par_1_23' title="bbox 614 1432 2218 1508">
     <span class='ocr_line' id='line_1_23' title="bbox 614 1432 2218 1508; baseline -0.001 -19"><span class='ocrx_word' id='word_1_144' title='bbox 614 1436 702 1490; x_wconf 91' lang='lat' dir='ltr'><strong>nis</strong></span> <span class='ocrx_word' id='word_1_145' title='bbox 733 1435 1082 1508; x_wconf 86' lang='lat' dir='ltr'><strong>homincs[in</strong></span> <span class='ocrx_word' id='word_1_146' title='bbox 1111 1433 1255 1508; x_wconf 89' lang='lat' dir='ltr'><strong>jure]</strong></span> <span class='ocrx_word' id='word_1_147' title='bbox 1287 1435 1647 1506; x_wconf 88' lang='lat' dir='ltr'><strong>patrocinari,</strong></span> <span class='ocrx_word' id='word_1_148' title='bbox 1674 1434 1926 1504; x_wconf 90' lang='lat' dir='ltr'><strong>impediri</strong></span> <span class='ocrx_word' id='word_1_149' title='bbox 1944 1432 2218 1506; x_wconf 87' lang='lat' dir='ltr'><strong>[debere].</strong></span> 
     </span>
    </p>
   </div>
   <div class='ocr_carea' id='block_1_24' title="bbox 2267 1428 3904 1508">
    <p class='ocr_par' dir='ltr' id='par_1_24' title="bbox 2329 1428 3904 1508">
     <span class='ocr_line' id='line_1_24' title="bbox 2329 1428 3904 1508; baseline -0.008 -17"><span class='ocrx_word' id='word_1_150' title='bbox 2329 1438 2768 1508; x_wconf 78' lang='grc' dir='ltr'>γνωσθήσονται,</span> <span class='ocrx_word' id='word_1_151' title='bbox 2816 1436 2909 1488; x_wconf 71' lang='grc' dir='ltr'><strong>καὶ</strong></span> <span class='ocrx_word' id='word_1_152' title='bbox 2946 1435 3088 1506; x_wconf 79' lang='grc' dir='ltr'>ὑπὲρ</span> <span class='ocrx_word' id='word_1_153' title='bbox 3118 1431 3586 1503; x_wconf 81' lang='grc' dir='ltr'>ἐκκλησιαστικῆς</span> <span class='ocrx_word' id='word_1_154' title='bbox 3618 1428 3904 1490; x_wconf 79' lang='grc' dir='ltr'>ὑποθέσεως</span> 
     </span>
    </p>
   </div>
   <div class='ocr_carea' id='block_1_25' title="bbox 615 1522 2252 1601">
    <p class='ocr_par' dir='ltr' id='par_1_25' title="bbox 615 1528 2220 1594">
     <span class='ocr_line' id='line_1_25' title="bbox 615 1528 2220 1594; baseline 0.001 -12"><span class='ocrx_word' id='word_1_155' title='bbox 615 1529 684 1584; x_wconf 78' lang='lat' dir='ltr'><strong>Et</strong></span> <span class='ocrx_word' id='word_1_156' title='bbox 717 1545 1030 1584; x_wconf 89' lang='lat' dir='ltr'><strong>sermonem</strong></span> <span class='ocrx_word' id='word_1_157' title='bbox 1081 1545 1244 1585; x_wconf 89' lang='lat' dir='ltr'><strong>suum</strong></span> <span class='ocrx_word' id='word_1_158' title='bbox 1301 1538 1581 1592; x_wconf 83' lang='lat' dir='ltr'><strong>astruens,</strong></span> <span class='ocrx_word' id='word_1_159' title='bbox 1632 1544 1742 1583; x_wconf 91' lang='lat' dir='ltr'><strong>non</strong></span> <span class='ocrx_word' id='word_1_160' title='bbox 1784 1529 2080 1594; x_wconf 89' lang='lat' dir='ltr'><strong>actionem,</strong></span> <span class='ocrx_word' id='word_1_161' title='bbox 2125 1528 2220 1583; x_wconf 90' lang='lat' dir='ltr'><strong>sed</strong></span> 
     </span>
    </p>
   </div>
   <div class='ocr_carea' id='block_1_26' title="bbox 2265 1522 3902 1601">
    <p class='ocr_par' dir='ltr' id='par_1_26' title="bbox 2331 1522 3902 1601">
     <span class='ocr_line' id='line_1_26' title="bbox 2331 1522 3902 1601; baseline -0.008 -17"><span class='ocrx_word' id='word_1_162' title='bbox 2331 1530 2763 1601; x_wconf 78' lang='grc' dir='ltr'>συνηγοροῦντες</span> <span class='ocrx_word' id='word_1_163' title='bbox 2784 1529 2887 1581; x_wconf 84' lang='grc' dir='ltr'><strong>ούκ</strong></span> <span class='ocrx_word' id='word_1_164' title='bbox 2914 1527 3392 1598; x_wconf 77' lang='grc' dir='ltr'>αἰσχυνθήσονται,</span> <span class='ocrx_word' id='word_1_165' title='bbox 3416 1523 3490 1588; x_wconf 83' lang='grc' dir='ltr'>ὡς</span> <span class='ocrx_word' id='word_1_166' title='bbox 3540 1522 3640 1576; x_wconf 59' lang='grc' dir='ltr'><strong>καὶ¹</strong></span> <span class='ocrx_word' id='word_1_167' title='bbox 3688 1522 3820 1575; x_wconf 75' lang='grc' dir='ltr'>αὐτὰ</span> <span class='ocrx_word' id='word_1_168' title='bbox 3846 1522 3902 1572; x_wconf 78' lang='grc' dir='ltr'>τὰ</span> 
     </span>
    </p>
   </div>
   <div class='ocr_carea' id='block_1_27' title="bbox 616 1613 2253 1694">
    <p class='ocr_par' dir='ltr' id='par_1_27' title="bbox 616 1619 2219 1691">
     <span class='ocr_line' id='line_1_27' title="bbox 616 1619 2219 1691; baseline 0 -17"><span class='ocrx_word' id='word_1_169' title='bbox 616 1624 840 1675; x_wconf 91' lang='lat' dir='ltr'><strong>modum</strong></span> <span class='ocrx_word' id='word_1_170' title='bbox 868 1637 899 1676; x_wconf 88' lang='lat' dir='ltr'><strong>a</strong></span> <span class='ocrx_word' id='word_1_171' title='bbox 930 1621 1240 1676; x_wconf 88' lang='lat' dir='ltr'><strong>canonibus</strong></span> <span class='ocrx_word' id='word_1_172' title='bbox 1273 1621 1477 1691; x_wconf 89' lang='lat' dir='ltr'><strong>puniri,</strong></span> <span class='ocrx_word' id='word_1_173' title='bbox 1506 1621 1862 1676; x_wconf 86' lang='lat' dir='ltr'><strong>causabatur.</strong></span> <span class='ocrx_word' id='word_1_174' title='bbox 1887 1619 2009 1676; x_wconf 81' lang='lat' dir='ltr'><strong>Non</strong></span> <span class='ocrx_word' id='word_1_175' title='bbox 2040 1623 2219 1676; x_wconf 91' lang='lat' dir='ltr'><strong>solum</strong></span> 
     </span>
    </p>
   </div>
   <div class='ocr_carea' id='block_1_28' title="bbox 2268 1613 3905 1694">
    <p class='ocr_par' dir='ltr' id='par_1_28' title="bbox 2329 1613 3905 1694">
     <span class='ocr_line' id='line_1_28' title="bbox 2329 1613 3905 1694; baseline -0.009 -17"><span class='ocrx_word' id='word_1_176' title='bbox 2329 1625 2538 1694; x_wconf 84' lang='grc' dir='ltr'>νόμιμα</span> <span class='ocrx_word' id='word_1_177' title='bbox 2562 1622 2723 1676; x_wconf 80' lang='grc' dir='ltr'>τοῦτο</span> <span class='ocrx_word' id='word_1_178' title='bbox 2746 1619 3117 1692; x_wconf 81' lang='grc' dir='ltr'>διατρανοῦσι.</span> <span class='ocrx_word' id='word_1_179' title='bbox 3145 1619 3220 1670; x_wconf 82' lang='grc' dir='ltr'>Τὸ</span> <span class='ocrx_word' id='word_1_180' title='bbox 3239 1616 3295 1670; x_wconf 86' lang='grc' dir='ltr'><strong>δὲ</strong></span> <span class='ocrx_word' id='word_1_181' title='bbox 3330 1617 3705 1686; x_wconf 79' lang='grc' dir='ltr'>συνηγορῆσαι</span> <span class='ocrx_word' id='word_1_182' title='bbox 3738 1613 3905 1681; x_wconf 77' lang='grc' dir='ltr'>κληρι-</span> 
     </span>
    </p>
   </div>
   <div class='ocr_carea' id='block_1_29' title="bbox 610 1707 2247 1786">
    <p class='ocr_par' dir='ltr' id='par_1_29' title="bbox 610 1713 2220 1786">
     <span class='ocr_line' id='line_1_29' title="bbox 610 1713 2220 1786; baseline 0.001 -18"><span class='ocrx_word' id='word_1_183' title='bbox 610 1717 762 1770; x_wconf 91' lang='lat' dir='ltr'><strong>enim</strong></span> <span class='ocrx_word' id='word_1_184' title='bbox 828 1713 1055 1786; x_wconf 80' lang='lat' dir='ltr'><strong>[inquit]</strong></span> <span class='ocrx_word' id='word_1_185' title='bbox 1107 1715 1316 1780; x_wconf 90' lang='lat' dir='ltr'><strong>clerici,</strong></span> <span class='ocrx_word' id='word_1_186' title='bbox 1370 1729 1561 1770; x_wconf 90' lang='lat' dir='ltr'><strong>verum</strong></span> <span class='ocrx_word' id='word_1_187' title='bbox 1621 1715 1788 1768; x_wconf 89' lang='lat' dir='ltr'><strong>etiam</strong></span> <span class='ocrx_word' id='word_1_188' title='bbox 1838 1715 2084 1785; x_wconf 85' lang='lat' dir='ltr'><strong>episcopi</strong></span> <span class='ocrx_word' id='word_1_189' title='bbox 2117 1729 2220 1784; x_wconf 91' lang='lat' dir='ltr'><strong>pro</strong></span> 
     </span>
    </p>
   </div>
   <div class='ocr_carea' id='block_1_30' title="bbox 2266 1707 3903 1786">
    <p class='ocr_par' dir='ltr' id='par_1_30' title="bbox 2334 1707 3903 1785">
     <span class='ocr_line' id='line_1_30' title="bbox 2334 1707 3903 1785; baseline -0.01 -13"><span class='ocrx_word' id='word_1_190' title='bbox 2334 1718 2431 1772; x_wconf 83' lang='grc' dir='ltr'><strong>κὸν</strong></span> <span class='ocrx_word' id='word_1_191' title='bbox 2461 1717 2535 1782; x_wconf 81' lang='grc' dir='ltr'>ὡς</span> <span class='ocrx_word' id='word_1_192' title='bbox 2571 1717 2622 1769; x_wconf 90' lang='grc' dir='ltr'>οἱ</span> <span class='ocrx_word' id='word_1_193' title='bbox 2645 1715 2906 1785; x_wconf 80' lang='grc' dir='ltr'>κοσμικοὶ</span> <span class='ocrx_word' id='word_1_194' title='bbox 2929 1713 3293 1782; x_wconf 74' lang='grc' dir='ltr'>ὸφφικιάλιοι,</span> <span class='ocrx_word' id='word_1_195' title='bbox 3324 1710 3419 1764; x_wconf 74' lang='grc' dir='ltr'><strong>καὶ</strong></span> <span class='ocrx_word' id='word_1_196' title='bbox 3463 1707 3724 1774; x_wconf 78' lang='grc' dir='ltr'>δέξασθαι</span> <span class='ocrx_word' id='word_1_197' title='bbox 3753 1723 3903 1774; x_wconf 71' lang='grc' dir='ltr'>σφρα-</span> 
     </span>
    </p>
   </div>
   <div class='ocr_carea' id='block_1_31' title="bbox 611 1801 2248 1879">
    <p class='ocr_par' dir='ltr' id='par_1_31' title="bbox 611 1805 2218 1879">
     <span class='ocr_line' id='line_1_31' title="bbox 611 1805 2218 1879; baseline 0 -17"><span class='ocrx_word' id='word_1_198' title='bbox 611 1808 810 1862; x_wconf 87' lang='lat' dir='ltr'><strong>amicis</strong></span> <span class='ocrx_word' id='word_1_199' title='bbox 852 1808 935 1879; x_wconf 93' lang='lat' dir='ltr'><strong>[in</strong></span> <span class='ocrx_word' id='word_1_200' title='bbox 963 1805 1113 1879; x_wconf 87' lang='lat' dir='ltr'><strong>jure]</strong></span> <span class='ocrx_word' id='word_1_201' title='bbox 1152 1815 1447 1870; x_wconf 88' lang='lat' dir='ltr'><strong>certantes,</strong></span> <span class='ocrx_word' id='word_1_202' title='bbox 1489 1807 1706 1861; x_wconf 88' lang='lat' dir='ltr'><strong>veniam</strong></span> <span class='ocrx_word' id='word_1_203' title='bbox 1761 1815 2218 1877; x_wconf 88' lang='lat' dir='ltr'><strong>consequentur:</strong></span> 
     </span>
    </p>
   </div>
   <div class='ocr_carea' id='block_1_32' title="bbox 2266 1801 3903 1879">
    <p class='ocr_par' dir='ltr' id='par_1_32' title="bbox 2330 1801 3903 1879">
     <span class='ocr_line' id='line_1_32' title="bbox 2330 1801 3903 1879; baseline -0.008 -16"><span class='ocrx_word' id='word_1_204' title='bbox 2330 1811 2455 1879; x_wconf 85' lang='grc' dir='ltr'>γῖδα</span> <span class='ocrx_word' id='word_1_205' title='bbox 2493 1806 2704 1870; x_wconf 80' lang='grc' dir='ltr'>λαῖκοῦ,</span> <span class='ocrx_word' id='word_1_206' title='bbox 2733 1808 2972 1877; x_wconf 87' lang='grc' dir='ltr'>μισεῖται</span> <span class='ocrx_word' id='word_1_207' title='bbox 2999 1805 3096 1859; x_wconf 76' lang='grc' dir='ltr'>καὶ</span> <span class='ocrx_word' id='word_1_208' title='bbox 3119 1805 3430 1869; x_wconf 79' lang='grc' dir='ltr'>κολάζεται.</span> <span class='ocrx_word' id='word_1_209' title='bbox 3462 1805 3588 1856; x_wconf 76' lang='grc' dir='ltr'>Ὀτι</span> <span class='ocrx_word' id='word_1_210' title='bbox 3637 1801 3693 1854; x_wconf 79' lang='grc' dir='ltr'>δῖε</span> <span class='ocrx_word' id='word_1_211' title='bbox 3716 1801 3774 1853; x_wconf 80' lang='grc' dir='ltr'>τὸ</span> <span class='ocrx_word' id='word_1_212' title='bbox 3798 1817 3903 1852; x_wconf 84' lang='grc' dir='ltr'>συν-</span> 
     </span>
    </p>
   </div>
   <div class='ocr_carea' id='block_1_33' title="bbox 613 1890 2250 1974">
    <p class='ocr_par' dir='ltr' id='par_1_33' title="bbox 613 1891 2250 1972">
     <span class='ocr_line' id='line_1_33' title="bbox 613 1891 2250 1972; baseline 0.001 -17"><span class='ocrx_word' id='word_1_213' title='bbox 613 1916 796 1970; x_wconf 89' lang='lat' dir='ltr'><strong>neque</strong></span> <span class='ocrx_word' id='word_1_214' title='bbox 835 1901 929 1972; x_wconf 90' lang='lat' dir='ltr'><strong>qui</strong></span> <span class='ocrx_word' id='word_1_215' title='bbox 967 1902 1023 1956; x_wconf 92' lang='lat' dir='ltr'><strong>in</strong></span> <span class='ocrx_word' id='word_1_216' title='bbox 1058 1900 1444 1956; x_wconf 86' lang='lat' dir='ltr'><strong>controversia</strong></span> <span class='ocrx_word' id='word_1_217' title='bbox 1494 1899 1623 1972; x_wconf 88' lang='lat' dir='ltr'><strong>[rei]</strong></span> <span class='ocrx_word' id='word_1_218' title='bbox 1663 1901 2058 1956; x_wconf 77' lang='lat' dir='ltr'><strong>ecclesiasurae</strong></span> <span class='ocrx_word' id='word_1_219' title='bbox 2115 1916 2212 1971; x_wconf 92' lang='lat' dir='ltr'><strong>pa-</strong></span> <span class='ocrx_word' id='word_1_220' title='bbox 2245 1891 2250 1945; x_wconf 66' lang='grc' dir='ltr'>Ἰ</span> 
     </span>
    </p>
   </div>
   <div class='ocr_carea' id='block_1_34' title="bbox 2265 1890 3902 1974">
    <p class='ocr_par' dir='ltr' id='par_1_34' title="bbox 2265 1891 3902 1974">
     <span class='ocr_line' id='line_1_34' title="bbox 2265 1891 3902 1974; baseline -0.009 -18"><span class='ocrx_word' id='word_1_221' title='bbox 2265 1891 2290 1944; x_wconf 69' lang='lat'>3</span> <span class='ocrx_word' id='word_1_222' title='bbox 2325 1904 2549 1974; x_wconf 88' lang='grc' dir='ltr'>ηγορεῖν</span> <span class='ocrx_word' id='word_1_223' title='bbox 2587 1899 2845 1968; x_wconf 75' lang='grc' dir='ltr'>ὀφφίκιον</span> <span class='ocrx_word' id='word_1_224' title='bbox 2882 1893 2951 1970; x_wconf 74' lang='grc' dir='ltr'>ἦν</span> <span class='ocrx_word' id='word_1_225' title='bbox 2998 1915 3131 1951; x_wconf 86' lang='grc' dir='ltr'>ποτε</span> <span class='ocrx_word' id='word_1_226' title='bbox 3179 1897 3464 1966; x_wconf 74' lang='grc' dir='ltr'>κοσμικὸν,</span> <span class='ocrx_word' id='word_1_227' title='bbox 3517 1893 3616 1947; x_wconf 71' lang='grc' dir='ltr'><strong>καὶ</strong></span> <span class='ocrx_word' id='word_1_228' title='bbox 3650 1891 3902 1962; x_wconf 80' lang='grc' dir='ltr'>σιτηρέσια</span> 
     </span>
    </p>
   </div>
   <div class='ocr_carea' id='block_1_35' title="bbox 613 1983 2250 2067">
    <p class='ocr_par' dir='ltr' id='par_1_35' title="bbox 613 1993 2212 2064">
     <span class='ocr_line' id='line_1_35' title="bbox 613 1993 2212 2064; baseline 0.001 -16"><span class='ocrx_word' id='word_1_229' title='bbox 613 1994 913 2050; x_wconf 89' lang='lat' dir='ltr'><strong>trocinium</strong></span> <span class='ocrx_word' id='word_1_230' title='bbox 963 2001 1248 2064; x_wconf 64' lang='lat' dir='ltr'><strong>prsestant,</strong></span> <span class='ocrx_word' id='word_1_231' title='bbox 1296 1995 1636 2048; x_wconf 88' lang='lat' dir='ltr'><strong>notabuntur</strong></span> <span class='ocrx_word' id='word_1_232' title='bbox 1684 2012 1698 2048; x_wconf 91' lang='lat'>:</span> <span class='ocrx_word' id='word_1_233' title='bbox 1751 1993 2212 2064; x_wconf 86' lang='lat' dir='ltr'><strong>quemadmodum</strong></span> 
     </span>
    </p>
   </div>
   <div class='ocr_carea' id='block_1_36' title="bbox 2268 1983 3905 2067">
    <p class='ocr_par' dir='ltr' id='par_1_36' title="bbox 2324 1983 3905 2067">
     <span class='ocr_line' id='line_1_36' title="bbox 2324 1983 3905 2067; baseline -0.011 -15"><span class='ocrx_word' id='word_1_234' title='bbox 2324 1998 2633 2067; x_wconf 75' lang='grc' dir='ltr'>ἐλάμϐανον</span> <span class='ocrx_word' id='word_1_235' title='bbox 2685 1991 2998 2063; x_wconf 83' lang='grc' dir='ltr'>δημοσιακὰ</span> <span class='ocrx_word' id='word_1_236' title='bbox 3043 1991 3092 2044; x_wconf 77' lang='grc' dir='ltr'>οἱ</span> <span class='ocrx_word' id='word_1_237' title='bbox 3123 1989 3448 2059; x_wconf 84' lang='grc' dir='ltr'>τεταγμένοι</span> <span class='ocrx_word' id='word_1_238' title='bbox 3484 1988 3792 2056; x_wconf 82' lang='grc' dir='ltr'>συνήγοροι,</span> <span class='ocrx_word' id='word_1_239' title='bbox 3827 1983 3905 2036; x_wconf 75' lang='grc' dir='ltr'>καὶ</span> 
     </span>
    </p>
   </div>
   <div class='ocr_carea' id='block_1_37' title="bbox 613 2077 2250 2160">
    <p class='ocr_par' dir='ltr' id='par_1_37' title="bbox 613 2086 2216 2158">
     <span class='ocr_line' id='line_1_37' title="bbox 613 2086 2216 2158; baseline 0.003 -19"><span class='ocrx_word' id='word_1_240' title='bbox 613 2088 795 2157; x_wconf 89' lang='lat' dir='ltr'><strong>ipsum</strong></span> <span class='ocrx_word' id='word_1_241' title='bbox 841 2088 1006 2142; x_wconf 88' lang='lat' dir='ltr'><strong>etiam</strong></span> <span class='ocrx_word' id='word_1_242' title='bbox 1059 2087 1151 2158; x_wconf 88' lang='lat' dir='ltr'><strong>jus</strong></span> <span class='ocrx_word' id='word_1_243' title='bbox 1181 2087 1286 2142; x_wconf 91' lang='lat' dir='ltr'><strong>hoc</strong></span> <span class='ocrx_word' id='word_1_244' title='bbox 1329 2088 1609 2142; x_wconf 87' lang='lat' dir='ltr'><strong>evidenter</strong></span> <span class='ocrx_word' id='word_1_245' title='bbox 1665 2089 1846 2144; x_wconf 82' lang='lat' dir='ltr'><strong>docet.</strong></span> <span class='ocrx_word' id='word_1_246' title='bbox 1907 2086 1981 2143; x_wconf 89' lang='lat' dir='ltr'><strong>Ut</strong></span> <span class='ocrx_word' id='word_1_247' title='bbox 2030 2099 2216 2144; x_wconf 90' lang='lat' dir='ltr'><strong>autem</strong></span> 
     </span>
    </p>
   </div>
   <div class='ocr_carea' id='block_1_38' title="bbox 2263 2077 3900 2160">
    <p class='ocr_par' dir='ltr' id='par_1_38' title="bbox 2328 2077 3900 2160">
     <span class='ocr_line' id='line_1_38' title="bbox 2328 2077 3900 2160; baseline -0.01 -15"><span class='ocrx_word' id='word_1_248' title='bbox 2328 2091 2434 2146; x_wconf 82' lang='grc' dir='ltr'><strong>ὑπὸ</strong></span> <span class='ocrx_word' id='word_1_249' title='bbox 2454 2089 2866 2160; x_wconf 86' lang='grc' dir='ltr'>πριμμικήριον</span> <span class='ocrx_word' id='word_1_250' title='bbox 2886 2082 3029 2157; x_wconf 81' lang='grc' dir='ltr'>ἦσαν</span> <span class='ocrx_word' id='word_1_251' title='bbox 3057 2085 3215 2156; x_wconf 85' lang='grc' dir='ltr'>δῆλόν</span> <span class='ocrx_word' id='word_1_252' title='bbox 3250 2085 3363 2137; x_wconf 83' lang='grc' dir='ltr'>ἐστι</span> <span class='ocrx_word' id='word_1_253' title='bbox 3403 2082 3513 2136; x_wconf 82' lang='grc' dir='ltr'>ἀπὸ</span> <span class='ocrx_word' id='word_1_254' title='bbox 3552 2079 3776 2133; x_wconf 79' lang='grc' dir='ltr'>πολλῶν.</span> <span class='ocrx_word' id='word_1_255' title='bbox 3811 2077 3900 2131; x_wconf 78' lang='grc' dir='ltr'><strong>Καὶ</strong></span> 
     </span>
    </p>
   </div>
   <div class='ocr_carea' id='block_1_39' title="bbox 609 2170 2246 2252">
    <p class='ocr_par' dir='ltr' id='par_1_39' title="bbox 609 2180 2220 2249">
     <span class='ocr_line' id='line_1_39' title="bbox 609 2180 2220 2249; baseline 0.004 -15"><span class='ocrx_word' id='word_1_256' title='bbox 609 2180 871 2241; x_wconf 88' lang='lat' dir='ltr'><strong>clericus.</strong></span> <span class='ocrx_word' id='word_1_257' title='bbox 899 2181 1362 2249; x_wconf 88' lang='lat' dir='ltr'><strong>quemadmodum</strong></span> <span class='ocrx_word' id='word_1_258' title='bbox 1409 2181 1671 2236; x_wconf 88' lang='lat' dir='ltr'><strong>mundani</strong></span> <span class='ocrx_word' id='word_1_259' title='bbox 1704 2183 1993 2247; x_wconf 87' lang='lat' dir='ltr'><strong>olliciales,</strong></span> <span class='ocrx_word' id='word_1_260' title='bbox 2049 2185 2220 2240; x_wconf 85' lang='lat' dir='ltr'><strong>advo-</strong></span> 
     </span>
    </p>
   </div>
   <div class='ocr_carea' id='block_1_40' title="bbox 2264 2170 3901 2252">
    <p class='ocr_par' dir='ltr' id='par_1_40' title="bbox 2330 2170 3901 2252">
     <span class='ocr_line' id='line_1_40' title="bbox 2330 2170 3901 2252; baseline -0.012 -12"><span class='ocrx_word' id='word_1_261' title='bbox 2330 2183 2606 2252; x_wconf 86' lang='grc' dir='ltr'>ὰνάγνωθι</span> <span class='ocrx_word' id='word_1_262' title='bbox 2632 2182 2700 2234; x_wconf 79' lang='grc' dir='ltr'><strong>τὰ</strong></span> <span class='ocrx_word' id='word_1_263' title='bbox 2727 2181 3018 2233; x_wconf 86' lang='grc' dir='ltr'>τελευταῖα</span> <span class='ocrx_word' id='word_1_264' title='bbox 3036 2195 3160 2247; x_wconf 87' lang='grc' dir='ltr'>κεφ.</span> <span class='ocrx_word' id='word_1_265' title='bbox 3197 2177 3291 2230; x_wconf 81' lang='grc' dir='ltr'>τοῦ</span> <span class='ocrx_word' id='word_1_266' title='bbox 3313 2174 3360 2229; x_wconf 91' lang='grc' dir='ltr'>α’</span> <span class='ocrx_word' id='word_1_267' title='bbox 3381 2176 3491 2230; x_wconf 86' lang='grc' dir='ltr'>τίτ.</span> <span class='ocrx_word' id='word_1_268' title='bbox 3521 2173 3620 2227; x_wconf 83' lang='grc' dir='ltr'>τοῦ</span> <span class='ocrx_word' id='word_1_269' title='bbox 3644 2171 3693 2242; x_wconf 87' lang='grc' dir='ltr'>η’</span> <span class='ocrx_word' id='word_1_270' title='bbox 3724 2170 3901 2241; x_wconf 74' lang='grc' dir='ltr'>βιϐλίου</span> 
     </span>
    </p>
   </div>
   <div class='ocr_carea' id='block_1_41' title="bbox 610 2265 2247 2346">
    <p class='ocr_par' dir='ltr' id='par_1_41' title="bbox 610 2270 2211 2346">
     <span class='ocr_line' id='line_1_41' title="bbox 610 2270 2211 2346; baseline 0.004 -21"><span class='ocrx_word' id='word_1_271' title='bbox 610 2285 798 2326; x_wconf 87' lang='lat' dir='ltr'><strong>calum</strong></span> <span class='ocrx_word' id='word_1_272' title='bbox 829 2281 973 2343; x_wconf 82' lang='lat' dir='ltr'><strong>agat,</strong></span> <span class='ocrx_word' id='word_1_273' title='bbox 1015 2281 1069 2327; x_wconf 91' lang='lat' dir='ltr'><strong>et</strong></span> <span class='ocrx_word' id='word_1_274' title='bbox 1110 2273 1180 2327; x_wconf 91' lang='lat' dir='ltr'><strong>ab</strong></span> <span class='ocrx_word' id='word_1_275' title='bbox 1217 2270 1490 2346; x_wconf 87' lang='lat' dir='ltr'><strong>[homine]</strong></span> <span class='ocrx_word' id='word_1_276' title='bbox 1523 2273 1752 2344; x_wconf 77' lang='lat' dir='ltr'><strong>profano</strong></span> <span class='ocrx_word' id='word_1_277' title='bbox 1802 2277 2164 2331; x_wconf 85' lang='lat' dir='ltr'><strong>contirmetur</strong></span> <span class='ocrx_word' id='word_1_278' title='bbox 2197 2296 2211 2331; x_wconf 91' lang='lat'>:</span> 
     </span>
    </p>
   </div>
   <div class='ocr_carea' id='block_1_42' title="bbox 2261 2265 3898 2346">
    <p class='ocr_par' dir='ltr' id='par_1_42' title="bbox 2322 2265 3898 2342">
     <span class='ocr_line' id='line_1_42' title="bbox 2322 2265 3898 2342; baseline -0.011 -10"><span class='ocrx_word' id='word_1_279' title='bbox 2322 2277 2434 2332; x_wconf 87' lang='grc' dir='ltr'><strong>τῶν</strong></span> <span class='ocrx_word' id='word_1_280' title='bbox 2487 2275 2824 2339; x_wconf 75' lang='grc' dir='ltr'>Βασιλικῶν,</span> <span class='ocrx_word' id='word_1_281' title='bbox 2855 2274 2950 2326; x_wconf 61' lang='grc' dir='ltr'><strong>καὶ⁵</strong></span> <span class='ocrx_word' id='word_1_282' title='bbox 2985 2273 3056 2326; x_wconf 83' lang='grc' dir='ltr'>τὰ</span> <span class='ocrx_word' id='word_1_283' title='bbox 3092 2275 3148 2325; x_wconf 85' lang='grc' dir='ltr'><strong>ἐν</strong></span> <span class='ocrx_word' id='word_1_284' title='bbox 3180 2271 3258 2342; x_wconf 84' lang='grc' dir='ltr'>τῷ</span> <span class='ocrx_word' id='word_1_285' title='bbox 3300 2269 3490 2341; x_wconf 79' lang='grc' dir='ltr'>βιϐλίῳ</span> <span class='ocrx_word' id='word_1_286' title='bbox 3543 2267 3640 2321; x_wconf 77' lang='grc' dir='ltr'>τοῦ</span> <span class='ocrx_word' id='word_1_287' title='bbox 3688 2265 3898 2338; x_wconf 77' lang='grc' dir='ltr'>ἐπάρχου</span> 
     </span>
    </p>
   </div>
   <div class='ocr_carea' id='block_1_43' title="bbox 609 2358 2246 2440">
    <p class='ocr_par' dir='ltr' id='par_1_43' title="bbox 609 2362 2214 2438">
     <span class='ocr_line' id='line_1_43' title="bbox 609 2362 2214 2438; baseline 0.004 -21"><span class='ocrx_word' id='word_1_288' title='bbox 609 2362 866 2418; x_wconf 90' lang='lat' dir='ltr'><strong>odiosum</strong></span> <span class='ocrx_word' id='word_1_289' title='bbox 896 2374 1002 2428; x_wconf 91' lang='lat' dir='ltr'><strong>est,</strong></span> <span class='ocrx_word' id='word_1_290' title='bbox 1049 2375 1216 2434; x_wconf 90' lang='lat' dir='ltr'><strong>atque</strong></span> <span class='ocrx_word' id='word_1_291' title='bbox 1245 2366 1498 2435; x_wconf 88' lang='lat' dir='ltr'><strong>punitur.</strong></span> <span class='ocrx_word' id='word_1_292' title='bbox 1537 2363 1741 2422; x_wconf 83' lang='lat' dir='ltr'><strong>Verum</strong></span> <span class='ocrx_word' id='word_1_293' title='bbox 1773 2368 1920 2438; x_wconf 84' lang='lat' dir='ltr'><strong>quod</strong></span> <span class='ocrx_word' id='word_1_294' title='bbox 1967 2369 2214 2424; x_wconf 81' lang='lat' dir='ltr'><strong>advocati</strong></span> 
     </span>
    </p>
   </div>
   <div class='ocr_carea' id='block_1_44' title="bbox 2261 2358 3898 2440">
    <p class='ocr_par' dir='ltr' id='par_1_44' title="bbox 2328 2358 3898 2440">
     <span class='ocr_line' id='line_1_44' title="bbox 2328 2358 3898 2440; baseline -0.01 -17"><span class='ocrx_word' id='word_1_295' title='bbox 2328 2370 2458 2440; x_wconf 77' lang='grc' dir='ltr'>περὶ</span> <span class='ocrx_word' id='word_1_296' title='bbox 2488 2361 2808 2438; x_wconf 73' lang='grc' dir='ltr'>συνηγόρων</span> <span class='ocrx_word' id='word_1_297' title='bbox 2867 2368 3308 2434; x_wconf 71' lang='grc' dir='ltr'>ἀναταττόμεναο</span> <span class='ocrx_word' id='word_1_298' title='bbox 3361 2361 3785 2432; x_wconf 76' lang='grc' dir='ltr'>διαλαμϐάνουσι</span> <span class='ocrx_word' id='word_1_299' title='bbox 3812 2358 3898 2426; x_wconf 73' lang='grc' dir='ltr'>γὰρ</span> 
     </span>
    </p>
   </div>
   <div class='ocr_carea' id='block_1_45' title="bbox 612 2450 2249 2532">
    <p class='ocr_par' dir='ltr' id='par_1_45' title="bbox 612 2452 2214 2524">
     <span class='ocr_line' id='line_1_45' title="bbox 612 2452 2214 2524; baseline 0.007 -19"><span class='ocrx_word' id='word_1_300' title='bbox 612 2452 855 2507; x_wconf 86' lang='lat' dir='ltr'><strong>ollicium</strong></span> <span class='ocrx_word' id='word_1_301' title='bbox 897 2453 1193 2524; x_wconf 83' lang='lat' dir='ltr'><strong>aliquando</strong></span> <span class='ocrx_word' id='word_1_302' title='bbox 1243 2458 1586 2512; x_wconf 85' lang='lat' dir='ltr'><strong>mundanum</strong></span> <span class='ocrx_word' id='word_1_303' title='bbox 1633 2458 1822 2523; x_wconf 85' lang='lat' dir='ltr'><strong>fuerit,</strong></span> <span class='ocrx_word' id='word_1_304' title='bbox 1863 2469 1917 2514; x_wconf 91' lang='lat' dir='ltr'><strong>ct</strong></span> <span class='ocrx_word' id='word_1_305' title='bbox 1949 2459 2214 2516; x_wconf 86' lang='lat' dir='ltr'><strong>ordinarii</strong></span> 
     </span>
    </p>
   </div>
   <div class='ocr_carea' id='block_1_46' title="bbox 2259 2450 3896 2532">
    <p class='ocr_par' dir='ltr' id='par_1_46' title="bbox 2314 2450 3896 2532">
     <span class='ocr_line' id='line_1_46' title="bbox 2314 2450 3896 2532; baseline -0.009 -16"><span class='ocrx_word' id='word_1_306' title='bbox 2314 2463 2442 2526; x_wconf 80' lang='grc' dir='ltr'>τοὺς</span> <span class='ocrx_word' id='word_1_307' title='bbox 2482 2461 2822 2532; x_wconf 80' lang='grc' dir='ltr'>συνηγόρους</span> <span class='ocrx_word' id='word_1_308' title='bbox 2871 2459 3129 2530; x_wconf 77' lang='grc' dir='ltr'>σύστημα</span> <span class='ocrx_word' id='word_1_309' title='bbox 3178 2453 3342 2522; x_wconf 78' lang='grc' dir='ltr'>εῖναι,</span> <span class='ocrx_word' id='word_1_310' title='bbox 3374 2456 3472 2508; x_wconf 76' lang='grc' dir='ltr'><strong>καὶ</strong></span> <span class='ocrx_word' id='word_1_311' title='bbox 3503 2456 3612 2508; x_wconf 76' lang='grc' dir='ltr'>ὑπὸ</span> <span class='ocrx_word' id='word_1_312' title='bbox 3657 2452 3748 2507; x_wconf 83' lang='grc' dir='ltr'>τοῦ</span> <span class='ocrx_word' id='word_1_313' title='bbox 3779 2450 3896 2504; x_wconf 70' lang='grc' dir='ltr'>κατὰ</span> 
     </span>
    </p>
   </div>
   <div class='ocr_carea' id='block_1_47' title="bbox 610 2541 2247 2626">
    <p class='ocr_par' dir='ltr' id='par_1_47' title="bbox 610 2547 2214 2625">
     <span class='ocr_line' id='line_1_47' title="bbox 610 2547 2214 2625; baseline 0.007 -28"><span class='ocrx_word' id='word_1_314' title='bbox 610 2547 860 2600; x_wconf 85' lang='lat' dir='ltr'><strong>advocati</strong></span> <span class='ocrx_word' id='word_1_315' title='bbox 914 2547 1298 2617; x_wconf 87' lang='lat' dir='ltr'><strong>imperatorias</strong></span> <span class='ocrx_word' id='word_1_316' title='bbox 1335 2564 1571 2605; x_wconf 68' lang='lat' dir='ltr'><strong>annona:</strong></span> <span class='ocrx_word' id='word_1_317' title='bbox 1612 2553 1912 2621; x_wconf 89' lang='lat' dir='ltr'><strong>pensiones</strong></span> <span class='ocrx_word' id='word_1_318' title='bbox 1950 2557 2214 2625; x_wconf 86' lang='lat' dir='ltr'><strong>ceperint,</strong></span> 
     </span>
    </p>
   </div>
   <div class='ocr_carea' id='block_1_48' title="bbox 2260 2541 3897 2626">
    <p class='ocr_par' dir='ltr' id='par_1_48' title="bbox 2315 2541 3897 2626">
     <span class='ocr_line' id='line_1_48' title="bbox 2315 2541 3897 2626; baseline -0.01 -18"><span class='ocrx_word' id='word_1_319' title='bbox 2315 2555 2557 2626; x_wconf 79' lang='grc' dir='ltr'>καιροὺς</span> <span class='ocrx_word' id='word_1_320' title='bbox 2596 2554 2842 2623; x_wconf 77' lang='grc' dir='ltr'>ἐπάρχου</span> <span class='ocrx_word' id='word_1_321' title='bbox 2884 2549 3308 2620; x_wconf 80' lang='grc' dir='ltr'>σφραγίζεσθαι.</span> <span class='ocrx_word' id='word_1_322' title='bbox 3365 2547 3552 2601; x_wconf 80' lang='grc' dir='ltr'>Ταῦτα</span> <span class='ocrx_word' id='word_1_323' title='bbox 3607 2543 3769 2598; x_wconf 85' lang='grc' dir='ltr'>εἰπὼν</span> <span class='ocrx_word' id='word_1_324' title='bbox 3821 2541 3897 2593; x_wconf 78' lang='grc' dir='ltr'><strong>καὶ</strong></span> 
     </span>
    </p>
   </div>
   <div class='ocr_carea' id='block_1_49' title="bbox 611 2637 2248 2718">
    <p class='ocr_par' dir='ltr' id='par_1_49' title="bbox 611 2637 2217 2716">
     <span class='ocr_line' id='line_1_49' title="bbox 611 2637 2217 2716; baseline 0.006 -26"><span class='ocrx_word' id='word_1_325' title='bbox 611 2649 778 2708; x_wconf 82' lang='lat' dir='ltr'><strong>atque</strong></span> <span class='ocrx_word' id='word_1_326' title='bbox 811 2637 915 2692; x_wconf 89' lang='lat' dir='ltr'><strong>sub</strong></span> <span class='ocrx_word' id='word_1_327' title='bbox 949 2639 1281 2708; x_wconf 86' lang='lat' dir='ltr'><strong>primiceriis</strong></span> <span class='ocrx_word' id='word_1_328' title='bbox 1331 2639 1538 2696; x_wconf 81' lang='lat' dir='ltr'><strong>fuerint</strong></span> <span class='ocrx_word' id='word_1_329' title='bbox 1567 2659 1580 2696; x_wconf 90' lang='lat'><strong>:</strong></span> <span class='ocrx_word' id='word_1_330' title='bbox 1619 2643 1696 2714; x_wconf 87' lang='lat' dir='ltr'><strong>[id</strong></span> <span class='ocrx_word' id='word_1_331' title='bbox 1732 2642 1883 2716; x_wconf 85' lang='lat' dir='ltr'><strong>vero]</strong></span> <span class='ocrx_word' id='word_1_332' title='bbox 1913 2659 1981 2699; x_wconf 66' lang='lat' dir='ltr'><strong>et</strong></span> <span class='ocrx_word' id='word_1_333' title='bbox 2024 2645 2217 2700; x_wconf 91' lang='lat' dir='ltr'><strong>multis</strong></span> 
     </span>
    </p>
   </div>
   <div class='ocr_carea' id='block_1_50' title="bbox 2254 2637 3891 2718">
    <p class='ocr_par' dir='ltr' id='par_1_50' title="bbox 2315 2637 3891 2718">
     <span class='ocr_line' id='line_1_50' title="bbox 2315 2637 3891 2718; baseline -0.011 -18"><span class='ocrx_word' id='word_1_334' title='bbox 2315 2645 2685 2718; x_wconf 79' lang='grc' dir='ltr'>παραδεχθεὶς</span> <span class='ocrx_word' id='word_1_335' title='bbox 2729 2643 3045 2714; x_wconf 79' lang='grc' dir='ltr'>ἐξεχωρήθη</span> <span class='ocrx_word' id='word_1_336' title='bbox 3093 2642 3190 2696; x_wconf 78' lang='grc' dir='ltr'><strong>καὶ</strong></span> <span class='ocrx_word' id='word_1_337' title='bbox 3231 2641 3386 2713; x_wconf 67' lang='grc' dir='ltr'>παρὰ</span> <span class='ocrx_word' id='word_1_338' title='bbox 3433 2639 3533 2694; x_wconf 83' lang='grc' dir='ltr'>τοῦ</span> <span class='ocrx_word' id='word_1_339' title='bbox 3583 2637 3891 2707; x_wconf 79' lang='grc' dir='ltr'>πατριάρχου</span> 
     </span>
    </p>
   </div>
   <div class='ocr_carea' id='block_1_51' title="bbox 610 2732 2247 2811">
    <p class='ocr_par' dir='ltr' id='par_1_51' title="bbox 610 2732 2203 2805">
     <span class='ocr_line' id='line_1_51' title="bbox 610 2732 2203 2805; baseline 0.005 -20"><span class='ocrx_word' id='word_1_340' title='bbox 610 2741 854 2786; x_wconf 88' lang='lat' dir='ltr'><strong>constat.</strong></span> <span class='ocrx_word' id='word_1_341' title='bbox 897 2732 1042 2803; x_wconf 84' lang='lat' dir='ltr'><strong>Lege</strong></span> <span class='ocrx_word' id='word_1_342' title='bbox 1088 2744 1267 2790; x_wconf 88' lang='lat' dir='ltr'><strong>autem</strong></span> <span class='ocrx_word' id='word_1_343' title='bbox 1304 2745 1646 2805; x_wconf 90' lang='lat' dir='ltr'><strong>postremum</strong></span> <span class='ocrx_word' id='word_1_344' title='bbox 1701 2752 1825 2804; x_wconf 88' lang='lat' dir='ltr'><strong>cap.</strong></span> <span class='ocrx_word' id='word_1_345' title='bbox 1863 2739 1948 2793; x_wconf 89' lang='lat' dir='ltr'><strong>tit.</strong></span> <span class='ocrx_word' id='word_1_346' title='bbox 2008 2739 2059 2802; x_wconf 75' lang='lat' dir='ltr'><strong>i,</strong></span> <span class='ocrx_word' id='word_1_347' title='bbox 2106 2739 2203 2793; x_wconf 90' lang='lat' dir='ltr'><strong>lib.</strong></span> 
     </span>
    </p>
   </div>
   <div class='ocr_carea' id='block_1_52' title="bbox 1537 2732 3174 2811">
    <p class='ocr_par' dir='ltr' id='par_1_52' title="bbox 1537 2738 3174 2811">
     <span class='ocr_line' id='line_1_52' title="bbox 1537 2738 3174 2811; baseline -0.001 -20"><span class='ocrx_word' id='word_1_348' title='bbox 1537 2752 1646 2791; x_wconf 79' lang='lat' dir='ltr'><strong>ium</strong></span> <span class='ocrx_word' id='word_1_349' title='bbox 1701 2752 1825 2804; x_wconf 87' lang='lat' dir='ltr'><strong>cap.</strong></span> <span class='ocrx_word' id='word_1_350' title='bbox 1863 2739 1948 2793; x_wconf 89' lang='lat' dir='ltr'><strong>tit.</strong></span> <span class='ocrx_word' id='word_1_351' title='bbox 2008 2739 2059 2802; x_wconf 75' lang='grc'>1,</span> <span class='ocrx_word' id='word_1_352' title='bbox 2106 2739 2203 2793; x_wconf 90' lang='lat' dir='ltr'><strong>lib.</strong></span> <span class='ocrx_word' id='word_1_353' title='bbox 2317 2741 2642 2811; x_wconf 88' lang='grc' dir='ltr'>συνηγορεῖν</span> <span class='ocrx_word' id='word_1_354' title='bbox 2665 2738 2741 2802; x_wconf 82' lang='grc' dir='ltr'>ὡς</span> <span class='ocrx_word' id='word_1_355' title='bbox 2764 2739 2860 2792; x_wconf 74' lang='grc' dir='ltr'>καὶ</span> <span class='ocrx_word' id='word_1_356' title='bbox 2885 2738 3174 2809; x_wconf 86' lang='grc' dir='ltr'>πρότερον.</span> 
     </span>
    </p>
   </div>
   <div class='ocr_carea' id='block_1_53' title="bbox 611 2822 3880 2902">
    <p class='ocr_par' dir='ltr' id='par_1_53' title="bbox 611 2822 3880 2902">
     <span class='ocr_line' id='line_1_53' title="bbox 611 2822 3880 2902; baseline 0 -26"><span class='ocrx_word' id='word_1_357' title='bbox 611 2837 710 2876; x_wconf 82' lang='lat' dir='ltr'><strong>vni</strong></span> <span class='ocrx_word' id='word_1_358' title='bbox 762 2823 930 2879; x_wconf 88' lang='lat' dir='ltr'><strong>Basil.</strong></span> <span class='ocrx_word' id='word_1_359' title='bbox 985 2837 1039 2880; x_wconf 88' lang='lat' dir='ltr'><strong>et</strong></span> <span class='ocrx_word' id='word_1_360' title='bbox 1071 2841 1195 2896; x_wconf 64' lang='lat' dir='ltr'><strong>quae</strong></span> <span class='ocrx_word' id='word_1_361' title='bbox 1241 2826 1298 2881; x_wconf 91' lang='lat' dir='ltr'><strong>in</strong></span> <span class='ocrx_word' id='word_1_362' title='bbox 1341 2827 1586 2898; x_wconf 64' lang='lat' dir='ltr'><strong>prmfecti</strong></span> <span class='ocrx_word' id='word_1_363' title='bbox 1660 2829 1802 2884; x_wconf 90' lang='lat' dir='ltr'><strong>libro</strong></span> <span class='ocrx_word' id='word_1_364' title='bbox 1846 2829 1924 2883; x_wconf 89' lang='lat' dir='ltr'><strong>De</strong></span> <span class='ocrx_word' id='word_1_365' title='bbox 1969 2831 2246 2885; x_wconf 80' lang='lat' dir='ltr'><strong>advocatis</strong></span> <span class='ocrx_word' id='word_1_366' title='bbox 2319 2832 2528 2902; x_wconf 83' lang='lat' dir='ltr'><strong>digesta</strong></span> <span class='ocrx_word' id='word_1_367' title='bbox 2582 2839 2734 2888; x_wconf 90' lang='lat' dir='ltr'><strong>sunt.</strong></span> <span class='ocrx_word' id='word_1_368' title='bbox 2781 2830 3030 2886; x_wconf 87' lang='lat' dir='ltr'><strong>Tradunt</strong></span> <span class='ocrx_word' id='word_1_369' title='bbox 3081 2829 3226 2885; x_wconf 88' lang='lat' dir='ltr'><strong>enim</strong></span> <span class='ocrx_word' id='word_1_370' title='bbox 3282 2830 3583 2882; x_wconf 88' lang='lat' dir='ltr'><strong>advocatos</strong></span> <span class='ocrx_word' id='word_1_371' title='bbox 3624 2822 3880 2892; x_wconf 85' lang='lat' dir='ltr'><strong>collegium</strong></span> 
     </span>
    </p>
   </div>
   <div class='ocr_carea' id='block_1_54' title="bbox 609 2919 3891 3002">
    <p class='ocr_par' dir='ltr' id='par_1_54' title="bbox 609 2919 3891 3002">
     <span class='ocr_line' id='line_1_54' title="bbox 609 2919 3891 3002; baseline -0.002 -28"><span class='ocrx_word' id='word_1_372' title='bbox 609 2935 755 2986; x_wconf 83' lang='lat' dir='ltr'><strong>esse,</strong></span> <span class='ocrx_word' id='word_1_373' title='bbox 799 2930 967 2991; x_wconf 87' lang='lat' dir='ltr'><strong>atque</strong></span> <span class='ocrx_word' id='word_1_374' title='bbox 1006 2923 1390 2994; x_wconf 89' lang='lat' dir='ltr'><strong>cujuscunque</strong></span> <span class='ocrx_word' id='word_1_375' title='bbox 1434 2925 1697 2995; x_wconf 88' lang='lat' dir='ltr'><strong>temporis</strong></span> <span class='ocrx_word' id='word_1_376' title='bbox 1766 2926 2026 2998; x_wconf 79' lang='lat' dir='ltr'><strong>praefecto</strong></span> <span class='ocrx_word' id='word_1_377' title='bbox 2070 2931 2409 2986; x_wconf 87' lang='lat' dir='ltr'><strong>contirmari.</strong></span> <span class='ocrx_word' id='word_1_378' title='bbox 2464 2928 2686 3002; x_wconf 77' lang='lat' dir='ltr'><strong>[Atque]</strong></span> <span class='ocrx_word' id='word_1_379' title='bbox 2724 2930 2840 2984; x_wconf 78' lang='lat' dir='ltr'><strong>haec</strong></span> <span class='ocrx_word' id='word_1_380' title='bbox 2909 2925 3179 3001; x_wconf 89' lang='lat' dir='ltr'><strong>[quidem]</strong></span> <span class='ocrx_word' id='word_1_381' title='bbox 3211 2943 3336 2983; x_wconf 91' lang='lat' dir='ltr'><strong>cum</strong></span> <span class='ocrx_word' id='word_1_382' title='bbox 3375 2925 3631 2989; x_wconf 80' lang='lat' dir='ltr'><strong>dixisset,</strong></span> <span class='ocrx_word' id='word_1_383' title='bbox 3693 2919 3891 2990; x_wconf 85' lang='lat' dir='ltr'><strong>applau-</strong></span> 
     </span>
    </p>
   </div>
   <div class='ocr_carea' id='block_1_55' title="bbox 609 3013 3890 3100">
    <p class='ocr_par' dir='ltr' id='par_1_55' title="bbox 609 3013 3890 3100">
     <span class='ocr_line' id='line_1_55' title="bbox 609 3013 3890 3100; baseline -0.001 -32"><span class='ocrx_word' id='word_1_384' title='bbox 609 3030 844 3086; x_wconf 85' lang='lat' dir='ltr'><strong>sumque</strong></span> <span class='ocrx_word' id='word_1_385' title='bbox 875 3017 978 3088; x_wconf 88' lang='lat' dir='ltr'><strong>ipsi</strong></span> <span class='ocrx_word' id='word_1_386' title='bbox 1028 3026 1195 3084; x_wconf 88' lang='lat' dir='ltr'><strong>esset,</strong></span> <span class='ocrx_word' id='word_1_387' title='bbox 1223 3019 1391 3075; x_wconf 81' lang='lat' dir='ltr'><strong>etiam</strong></span> <span class='ocrx_word' id='word_1_388' title='bbox 1455 3035 1487 3076; x_wconf 88' lang='lat' dir='ltr'><strong>a</strong></span> <span class='ocrx_word' id='word_1_389' title='bbox 1531 3022 1847 3092; x_wconf 86' lang='lat' dir='ltr'><strong>patriarcha</strong></span> <span class='ocrx_word' id='word_1_390' title='bbox 1910 3023 2103 3097; x_wconf 90' lang='lat' dir='ltr'><strong>[porro</strong></span> <span class='ocrx_word' id='word_1_391' title='bbox 2143 3026 2354 3100; x_wconf 90' lang='lat' dir='ltr'><strong>causis]</strong></span> <span class='ocrx_word' id='word_1_392' title='bbox 2395 3027 2756 3098; x_wconf 86' lang='lat' dir='ltr'><strong>patrocinari,</strong></span> <span class='ocrx_word' id='word_1_393' title='bbox 2831 3035 2893 3080; x_wconf 84' lang='lat' dir='ltr'><strong>ut</strong></span> <span class='ocrx_word' id='word_1_394' title='bbox 2921 3034 3082 3081; x_wconf 87' lang='lat' dir='ltr'><strong>antea</strong></span> <span class='ocrx_word' id='word_1_395' title='bbox 3141 3022 3435 3097; x_wconf 76' lang='lat' dir='ltr'><strong>[fecisset],</strong></span> <span class='ocrx_word' id='word_1_396' title='bbox 3484 3020 3802 3093; x_wconf 89' lang='lat' dir='ltr'><strong>permissum</strong></span> <span class='ocrx_word' id='word_1_397' title='bbox 3829 3013 3890 3067; x_wconf 90' lang='lat' dir='ltr'><strong>illi</strong></span> 
     </span>
    </p>
   </div>
   <div class='ocr_carea' id='block_1_56' title="bbox 606 3121 712 3167">
    <p class='ocr_par' dir='ltr' id='par_1_56' title="bbox 606 3121 712 3167">
     <span class='ocr_line' id='line_1_56' title="bbox 606 3121 712 3167; baseline -0.009 0"><span class='ocrx_word' id='word_1_398' title='bbox 606 3121 712 3167; x_wconf 79' lang='lat' dir='ltr'><strong>CSI.</strong></span> 
     </span>
    </p>
   </div>
   <div class='ocr_carea' id='block_1_57' title="bbox 677 3221 2314 3313">
    <p class='ocr_par' dir='ltr' id='par_1_57' title="bbox 677 3221 2281 3310">
     <span class='ocr_line' id='line_1_57' title="bbox 677 3221 2281 3310; baseline 0.009 -28"><span class='ocrx_word' id='word_1_399' title='bbox 677 3227 1145 3285; x_wconf 80' lang='lat' dir='ltr'><strong>CAP.XlV.-—De</strong></span> <span class='ocrx_word' id='word_1_400' title='bbox 1176 3233 1435 3306; x_wconf 78' lang='lat' dir='ltr'><strong>episcopis</strong></span> <span class='ocrx_word' id='word_1_401' title='bbox 1469 3245 1518 3292; x_wconf 85' lang='lat' dir='ltr'><strong>et</strong></span> <span class='ocrx_word' id='word_1_402' title='bbox 1542 3235 1751 3292; x_wconf 80' lang='lat' dir='ltr'><strong>clericis</strong></span> <span class='ocrx_word' id='word_1_403' title='bbox 1773 3223 1790 3306; x_wconf 44' lang='grc'>,’</span> <span class='ocrx_word' id='word_1_404' title='bbox 1815 3225 1908 3310; x_wconf 64' lang='lat' dir='ltr'><strong>qui</strong></span> <span class='ocrx_word' id='word_1_405' title='bbox 1929 3221 2199 3296; x_wconf 38' lang='lat' dir='ltr'><strong>‘asc‘ilitiis</strong></span> <span class='ocrx_word' id='word_1_406' title='bbox 2237 3231 2281 3289; x_wconf 70' lang='grc' dir='ltr'>Ο</span> 
     </span>
    </p>
   </div>
   <div class='ocr_carea' id='block_1_58' title="bbox 2253 3221 3890 3313">
    <p class='ocr_par' dir='ltr' id='par_1_58' title="bbox 2253 3225 3890 3313">
     <span class='ocr_line' id='line_1_58' title="bbox 2253 3225 3890 3313; baseline -0.007 -11"><span class='ocrx_word' id='word_1_407' title='bbox 2253 3231 2281 3289; x_wconf 75' lang='lat'><strong>3</strong></span> <span class='ocrx_word' id='word_1_408' title='bbox 2391 3247 2647 3301; x_wconf 82' lang='grc' dir='ltr'><strong>ΚΕΦΑΛ.</strong></span> <span class='ocrx_word' id='word_1_409' title='bbox 2678 3247 2778 3300; x_wconf 80' lang='lat' dir='ltr'><strong>Lr.</strong></span> <span class='ocrx_word' id='word_1_410' title='bbox 2812 3275 2883 3285; x_wconf 92' lang='grc'><strong>-</strong></span> <span class='ocrx_word' id='word_1_411' title='bbox 2906 3243 3050 3313; x_wconf 78' lang='grc' dir='ltr'>Περὶ</span> <span class='ocrx_word' id='word_1_412' title='bbox 3078 3243 3462 3307; x_wconf 84' lang='grc' dir='ltr'>ἐπισκόπων,</span> <span class='ocrx_word' id='word_1_413' title='bbox 3496 3239 3598 3294; x_wconf 76' lang='grc' dir='ltr'>και</span> <span class='ocrx_word' id='word_1_414' title='bbox 3628 3225 3890 3303; x_wconf 71' lang='grc' dir='ltr'>κληρικῶν</span> 
     </span>
    </p>
   </div>
   <div class='ocr_carea' id='block_1_59' title="bbox 611 3322 2248 3409">
    <p class='ocr_par' dir='ltr' id='par_1_59' title="bbox 611 3322 1278 3382">
     <span class='ocr_line' id='line_1_59' title="bbox 611 3322 1278 3382; baseline 0.012 -8"><span class='ocrx_word' id='word_1_415' title='bbox 611 3322 923 3380; x_wconf 84' lang='lat' dir='ltr'><strong>mulieribus</strong></span> <span class='ocrx_word' id='word_1_416' title='bbox 949 3325 1278 3382; x_wconf 82' lang='lat' dir='ltr'><strong>cohabitant.</strong></span> 
     </span>
    </p>
   </div>
   <div class='ocr_carea' id='block_1_60' title="bbox 1756 3322 3393 3409">
    <p class='ocr_par' dir='ltr' id='par_1_60' title="bbox 2323 3333 3393 3409">
     <span class='ocr_line' id='line_1_60' title="bbox 2323 3333 3393 3409; baseline -0.007 -15"><span class='ocrx_word' id='word_1_417' title='bbox 2323 3340 2644 3394; x_wconf 78' lang='grc' dir='ltr'>συνόντων</span> <span class='ocrx_word' id='word_1_418' title='bbox 2665 3338 2906 3409; x_wconf 77' lang='grc' dir='ltr'>γυναιξὶ</span> <span class='ocrx_word' id='word_1_419' title='bbox 2935 3333 3326 3392; x_wconf 78' lang='grc' dir='ltr'>συνεισάκτοι</span> <span class='ocrx_word' id='word_1_420' title='bbox 3339 3355 3393 3402; x_wconf 86' lang='grc' dir='ltr'><strong>ς.</strong></span> 
     </span>
    </p>
   </div>
   <div class='ocr_carea' id='block_1_61' title="bbox 682 3426 2319 3517">
    <p class='ocr_par' dir='ltr' id='par_1_61' title="bbox 682 3436 2205 3517">
     <span class='ocr_line' id='line_1_61' title="bbox 682 3436 2205 3517; baseline 0.009 -25"><span class='ocrx_word' id='word_1_421' title='bbox 682 3437 917 3494; x_wconf 87' lang='lat' dir='ltr'><strong>Concilii</strong></span> <span class='ocrx_word' id='word_1_422' title='bbox 953 3436 1161 3496; x_wconf 67' lang='lat' dir='ltr'><strong>Nicaani</strong></span> <span class='ocrx_word' id='word_1_423' title='bbox 1194 3457 1372 3498; x_wconf 88' lang='lat' dir='ltr'><strong>canon</strong></span> <span class='ocrx_word' id='word_1_424' title='bbox 1404 3443 1438 3498; x_wconf 79' lang='lat'><strong>5</strong></span> <span class='ocrx_word' id='word_1_425' title='bbox 1465 3461 1481 3511; x_wconf 92' lang='lat'><strong>;</strong></span> <span class='ocrx_word' id='word_1_426' title='bbox 1518 3445 1717 3501; x_wconf 90' lang='lat' dir='ltr'><strong>concili</strong></span> <span class='ocrx_word' id='word_1_427' title='bbox 1749 3447 1888 3502; x_wconf 79' lang='lat' dir='ltr'><strong>sexti</strong></span> <span class='ocrx_word' id='word_1_428' title='bbox 1921 3463 2099 3504; x_wconf 89' lang='lat' dir='ltr'><strong>canon</strong></span> <span class='ocrx_word' id='word_1_429' title='bbox 2136 3450 2205 3517; x_wconf 83' lang='lat'><strong>5;</strong></span> 
     </span>
    </p>
   </div>
   <div class='ocr_carea' id='block_1_62' title="bbox 2246 3426 3883 3517">
    <p class='ocr_par' dir='ltr' id='par_1_62' title="bbox 2401 3426 3883 3513">
     <span class='ocr_line' id='line_1_62' title="bbox 2401 3426 3883 3513; baseline -0.013 -11"><span class='ocrx_word' id='word_1_430' title='bbox 2401 3448 2631 3502; x_wconf 86' lang='grc' dir='ltr'>Συνὸδου</span> <span class='ocrx_word' id='word_1_431' title='bbox 2660 3447 2898 3510; x_wconf 82' lang='grc' dir='ltr'>Νικαίας</span> <span class='ocrx_word' id='word_1_432' title='bbox 2941 3443 3124 3499; x_wconf 86' lang='grc' dir='ltr'>κανὼν</span> <span class='ocrx_word' id='word_1_433' title='bbox 3157 3441 3204 3513; x_wconf 71' lang='grc' dir='ltr'>γ’</span> <span class='ocrx_word' id='word_1_434' title='bbox 3229 3459 3241 3472; x_wconf 90' lang='grc'>·</span> <span class='ocrx_word' id='word_1_435' title='bbox 3280 3441 3502 3496; x_wconf 78' lang='grc' dir='ltr'>συνόδου</span> <span class='ocrx_word' id='word_1_436' title='bbox 3525 3439 3578 3504; x_wconf 83' lang='grc' dir='ltr'>ς’</span> <span class='ocrx_word' id='word_1_437' title='bbox 3635 3434 3799 3492; x_wconf 83' lang='grc' dir='ltr'>κανὼν</span> <span class='ocrx_word' id='word_1_438' title='bbox 3829 3426 3883 3482; x_wconf 88' lang='grc' dir='ltr'><strong>ε’·</strong></span> 
     </span>
    </p>
   </div>
   <div class='ocr_carea' id='block_1_63' title="bbox 609 3523 2246 3612">
    <p class='ocr_par' dir='ltr' id='par_1_63' title="bbox 609 3529 2216 3612">
     <span class='ocr_line' id='line_1_63' title="bbox 609 3529 2216 3612; baseline 0.008 -28"><span class='ocrx_word' id='word_1_439' title='bbox 609 3531 830 3586; x_wconf 89' lang='lat' dir='ltr'><strong>concilii</strong></span> <span class='ocrx_word' id='word_1_440' title='bbox 852 3529 1061 3587; x_wconf 67' lang='lat' dir='ltr'><strong>Nicaeni</strong></span> <span class='ocrx_word' id='word_1_441' title='bbox 1089 3535 1314 3590; x_wconf 90' lang='lat' dir='ltr'><strong>secundi</strong></span> <span class='ocrx_word' id='word_1_442' title='bbox 1337 3551 1517 3592; x_wconf 88' lang='lat' dir='ltr'><strong>canon</strong></span> <span class='ocrx_word' id='word_1_443' title='bbox 1547 3537 1643 3603; x_wconf 75' lang='lat'><strong>18;</strong></span> <span class='ocrx_word' id='word_1_444' title='bbox 1677 3537 1863 3594; x_wconf 86' lang='lat' dir='ltr'><strong>Basilii</strong></span> <span class='ocrx_word' id='word_1_445' title='bbox 1888 3556 1955 3596; x_wconf 79' lang='lat' dir='ltr'><strong>cx</strong></span> <span class='ocrx_word' id='word_1_446' title='bbox 1983 3542 2216 3612; x_wconf 87' lang='lat' dir='ltr'><strong>epistola</strong></span> 
     </span>
    </p>
   </div>
   <div class='ocr_carea' id='block_1_64' title="bbox 2250 3523 3887 3612">
    <p class='ocr_par' dir='ltr' id='par_1_64' title="bbox 2330 3523 3887 3610">
     <span class='ocr_line' id='line_1_64' title="bbox 2330 3523 3887 3610; baseline -0.008 -15"><span class='ocrx_word' id='word_1_447' title='bbox 2330 3542 2554 3596; x_wconf 75' lang='grc' dir='ltr'>συνόδου</span> <span class='ocrx_word' id='word_1_448' title='bbox 2574 3542 2810 3604; x_wconf 79' lang='grc' dir='ltr'>Νικαίας</span> <span class='ocrx_word' id='word_1_449' title='bbox 2841 3539 2901 3593; x_wconf 83' lang='grc' dir='ltr'><strong>τὸ</strong></span> <span class='ocrx_word' id='word_1_450' title='bbox 2948 3537 3014 3610; x_wconf 82' lang='grc' dir='ltr'>β’,</span> <span class='ocrx_word' id='word_1_451' title='bbox 3049 3536 3232 3592; x_wconf 88' lang='grc' dir='ltr'>κανὼν</span> <span class='ocrx_word' id='word_1_452' title='bbox 3265 3533 3333 3607; x_wconf 83' lang='grc' dir='ltr'>ιη’</span> <span class='ocrx_word' id='word_1_453' title='bbox 3354 3551 3368 3565; x_wconf 82' lang='grc'><em>’</em></span> <span class='ocrx_word' id='word_1_454' title='bbox 3404 3531 3688 3587; x_wconf 79' lang='grc' dir='ltr'>Βασιλείου</span> <span class='ocrx_word' id='word_1_455' title='bbox 3721 3530 3778 3580; x_wconf 83' lang='grc' dir='ltr'><strong>ἐκ</strong></span> <span class='ocrx_word' id='word_1_456' title='bbox 3811 3523 3887 3590; x_wconf 79' lang='grc' dir='ltr'><strong>τῆς</strong></span> 
     </span>
    </p>
   </div>
   <div class='ocr_carea' id='block_1_65' title="bbox 611 3623 2248 3704">
    <p class='ocr_par' dir='ltr' id='par_1_65' title="bbox 611 3623 1426 3698">
     <span class='ocr_line' id='line_1_65' title="bbox 611 3623 1426 3698; baseline 0.01 -22"><span class='ocrx_word' id='word_1_457' title='bbox 611 3624 680 3677; x_wconf 86' lang='lat' dir='ltr'><strong>ad</strong></span> <span class='ocrx_word' id='word_1_458' title='bbox 706 3623 1034 3696; x_wconf 76' lang='lat' dir='ltr'><strong>Gregorium</strong></span> <span class='ocrx_word' id='word_1_459' title='bbox 1075 3627 1426 3698; x_wconf 87' lang='lat' dir='ltr'><strong>episcopum.</strong></span> 
     </span>
    </p>
   </div>
   <div class='ocr_carea' id='block_1_66' title="bbox 1509 3623 3146 3704">
    <p class='ocr_par' dir='ltr' id='par_1_66' title="bbox 2330 3629 3146 3704">
     <span class='ocr_line' id='line_1_66' title="bbox 2330 3629 3146 3704; baseline -0.001 -18"><span class='ocrx_word' id='word_1_460' title='bbox 2330 3632 2467 3704; x_wconf 73' lang='grc' dir='ltr'>πρὸς</span> <span class='ocrx_word' id='word_1_461' title='bbox 2496 3631 2798 3703; x_wconf 86' lang='grc' dir='ltr'>Γρηγόριον</span> <span class='ocrx_word' id='word_1_462' title='bbox 2831 3629 3146 3699; x_wconf 76' lang='grc' dir='ltr'>ἐπιστολῆς.</span> 
     </span>
    </p>
   </div>
   <div class='ocr_carea' id='block_1_67' title="bbox 685 3705 2322 3796">
    <p class='ocr_par' dir='ltr' id='par_1_67' title="bbox 685 3716 2207 3789">
     <span class='ocr_line' id='line_1_67' title="bbox 685 3716 2207 3789; baseline 0.01 -19"><span class='ocrx_word' id='word_1_463' title='bbox 685 3716 908 3774; x_wconf 78' lang='lat' dir='ltr'><strong>Textus.</strong></span> <span class='ocrx_word' id='word_1_464' title='bbox 935 3717 1128 3776; x_wconf 87' lang='lat' dir='ltr'><strong>Const.</strong></span> <span class='ocrx_word' id='word_1_465' title='bbox 1166 3720 1252 3788; x_wconf 83' lang='lat' dir='ltr'><strong>i9,</strong></span> <span class='ocrx_word' id='word_1_466' title='bbox 1286 3723 1369 3777; x_wconf 91' lang='lat' dir='ltr'><strong>tit.</strong></span> <span class='ocrx_word' id='word_1_467' title='bbox 1391 3723 1446 3789; x_wconf 79' lang='grc'>5,</span> <span class='ocrx_word' id='word_1_468' title='bbox 1481 3723 1574 3780; x_wconf 90' lang='lat' dir='ltr'><strong>lib.</strong></span> <span class='ocrx_word' id='word_1_469' title='bbox 1605 3740 1619 3779; x_wconf 96' lang='lat' dir='ltr'><strong>l</strong></span> <span class='ocrx_word' id='word_1_470' title='bbox 1688 3725 1816 3781; x_wconf 90' lang='lat' dir='ltr'><strong>cod.</strong></span> <span class='ocrx_word' id='word_1_471' title='bbox 1853 3728 1933 3783; x_wconf 90' lang='lat' dir='ltr'><strong>ait</strong></span> <span class='ocrx_word' id='word_1_472' title='bbox 1961 3745 1973 3782; x_wconf 91' lang='lat'>:</span> <span class='ocrx_word' id='word_1_473' title='bbox 2006 3727 2207 3785; x_wconf 86' lang='lat' dir='ltr'><strong>Sacer-</strong></span> 
     </span>
    </p>
   </div>
   <div class='ocr_carea' id='block_1_68' title="bbox 2249 3705 3886 3796">
    <p class='ocr_par' dir='ltr' id='par_1_68' title="bbox 2402 3705 3886 3796">
     <span class='ocr_line' id='line_1_68' title="bbox 2402 3705 3886 3796; baseline -0.013 -15"><span class='ocrx_word' id='word_1_474' title='bbox 2402 3728 2714 3796; x_wconf 82' lang='grc' dir='ltr'>Κείμενον.</span> <span class='ocrx_word' id='word_1_475' title='bbox 2757 3724 2823 3777; x_wconf 83' lang='grc' dir='ltr'><strong>Ἠ</strong></span> <span class='ocrx_word' id='word_1_476' title='bbox 2846 3721 2912 3777; x_wconf 82' lang='grc' dir='ltr'>ιθ⁹</span> <span class='ocrx_word' id='word_1_477' title='bbox 2944 3725 3111 3788; x_wconf 78' lang='grc' dir='ltr'>διάτ.,</span> <span class='ocrx_word' id='word_1_478' title='bbox 3140 3721 3236 3776; x_wconf 79' lang='grc' dir='ltr'>τοῦ</span> <span class='ocrx_word' id='word_1_479' title='bbox 3272 3719 3318 3792; x_wconf 87' lang='grc' dir='ltr'>γ’</span> <span class='ocrx_word' id='word_1_480' title='bbox 3357 3720 3465 3776; x_wconf 87' lang='grc' dir='ltr'>τίτ.</span> <span class='ocrx_word' id='word_1_481' title='bbox 3501 3718 3598 3773; x_wconf 79' lang='grc' dir='ltr'>τοῦ</span> <span class='ocrx_word' id='word_1_482' title='bbox 3624 3722 3690 3782; x_wconf 85' lang='grc' dir='ltr'>α’,</span> <span class='ocrx_word' id='word_1_483' title='bbox 3714 3705 3886 3783; x_wconf 83' lang='grc' dir='ltr'>ιβ’,τοῦ</span> 
     </span>
    </p>
   </div>
   <div class='ocr_carea' id='block_1_69' title="bbox 611 3802 2248 3893">
    <p class='ocr_par' dir='ltr' id='par_1_69' title="bbox 611 3812 2218 3893">
     <span class='ocr_line' id='line_1_69' title="bbox 611 3812 2218 3893; baseline 0.007 -27"><span class='ocrx_word' id='word_1_484' title='bbox 611 3812 786 3878; x_wconf 91' lang='lat' dir='ltr'><strong>dotcs,</strong></span> <span class='ocrx_word' id='word_1_485' title='bbox 819 3821 926 3868; x_wconf 90' lang='lat' dir='ltr'><strong>etc.</strong></span> <span class='ocrx_word' id='word_1_486' title='bbox 975 3831 1142 3885; x_wconf 87' lang='lat' dir='ltr'><strong>usque</strong></span> <span class='ocrx_word' id='word_1_487' title='bbox 1181 3815 1252 3869; x_wconf 87' lang='lat' dir='ltr'><strong>ad</strong></span> <span class='ocrx_word' id='word_1_488' title='bbox 1291 3831 1358 3872; x_wconf 80' lang='lat' dir='ltr'><strong>ex</strong></span> <span class='ocrx_word' id='word_1_489' title='bbox 1404 3833 1564 3890; x_wconf 66' lang='lat' dir='ltr'><strong>asque</strong></span> <span class='ocrx_word' id='word_1_490' title='bbox 1610 3819 1732 3877; x_wconf 90' lang='lat' dir='ltr'><strong>illas</strong></span> <span class='ocrx_word' id='word_1_491' title='bbox 1770 3822 2112 3893; x_wconf 88' lang='lat' dir='ltr'><strong>partiuntur,</strong></span> <span class='ocrx_word' id='word_1_492' title='bbox 2162 3836 2218 3878; x_wconf 85' lang='lat' dir='ltr'><strong>ut</strong></span> 
     </span>
    </p>
   </div>
   <div class='ocr_carea' id='block_1_70' title="bbox 2250 3802 3887 3893">
    <p class='ocr_par' dir='ltr' id='par_1_70' title="bbox 2330 3802 3887 3890">
     <span class='ocr_line' id='line_1_70' title="bbox 2330 3802 3887 3890; baseline -0.008 -16"><span class='ocrx_word' id='word_1_493' title='bbox 2330 3819 2564 3884; x_wconf 84' lang='grc' dir='ltr'>κώδικος</span> <span class='ocrx_word' id='word_1_494' title='bbox 2587 3835 2775 3890; x_wconf 83' lang='grc' dir='ltr'>φησιν,</span> <span class='ocrx_word' id='word_1_495' title='bbox 2811 3819 2893 3872; x_wconf 82' lang='grc' dir='ltr'><strong>ὅτι</strong></span> <span class='ocrx_word' id='word_1_496' title='bbox 2931 3817 2982 3872; x_wconf 82' lang='grc' dir='ltr'><strong>οἱ</strong></span> <span class='ocrx_word' id='word_1_497' title='bbox 3021 3819 3215 3888; x_wconf 80' lang='grc' dir='ltr'>ἱερεῖς,</span> <span class='ocrx_word' id='word_1_498' title='bbox 3254 3835 3308 3870; x_wconf 91' lang='grc' dir='ltr'><strong>κ.</strong></span> <span class='ocrx_word' id='word_1_499' title='bbox 3339 3832 3391 3868; x_wconf 90' lang='grc' dir='ltr'><strong>τ.</strong></span> <span class='ocrx_word' id='word_1_500' title='bbox 3417 3813 3492 3877; x_wconf 83' lang='grc' dir='ltr'>λ..</span> <span class='ocrx_word' id='word_1_501' title='bbox 3549 3824 3718 3882; x_wconf 89' lang='lat' dir='ltr'><strong>usque</strong></span> <span class='ocrx_word' id='word_1_502' title='bbox 3753 3802 3810 3859; x_wconf 81' lang='lat' dir='ltr'><strong>ad</strong></span> <span class='ocrx_word' id='word_1_503' title='bbox 3841 3802 3887 3850; x_wconf 72' lang='grc' dir='ltr'><strong>τδ</strong></span> 
     </span>
    </p>
   </div>
   <div class='ocr_carea' id='block_1_71' title="bbox 609 3906 2246 3984">
    <p class='ocr_par' dir='ltr' id='par_1_71' title="bbox 609 3906 1057 3979">
     <span class='ocr_line' id='line_1_71' title="bbox 609 3906 1057 3979; baseline 0.004 -19"><span class='ocrx_word' id='word_1_504' title='bbox 609 3923 736 3979; x_wconf 85' lang='lat' dir='ltr'><strong>pag.</strong></span> <span class='ocrx_word' id='word_1_505' title='bbox 768 3907 894 3973; x_wconf 88' lang='lat'><strong>687,</strong></span> <span class='ocrx_word' id='word_1_506' title='bbox 932 3906 1057 3962; x_wconf 87' lang='lat'><strong>690.</strong></span> 
     </span>
    </p>
   </div>
   <div class='ocr_carea' id='block_1_72' title="bbox 1821 3906 3458 3984">
    <p class='ocr_par' dir='ltr' id='par_1_72' title="bbox 2335 3910 3458 3984">
     <span class='ocr_line' id='line_1_72' title="bbox 2335 3910 3458 3984; baseline -0.003 -17"><span class='ocrx_word' id='word_1_507' title='bbox 2335 3914 2698 3984; x_wconf 87' lang='grc' dir='ltr'>μοναστήριον</span> <span class='ocrx_word' id='word_1_508' title='bbox 2727 3910 2787 3977; x_wconf 81' lang='grc' dir='ltr'><strong>ἐξ</strong></span> <span class='ocrx_word' id='word_1_509' title='bbox 2810 3913 2935 3982; x_wconf 80' lang='grc' dir='ltr'>ἴσης</span> <span class='ocrx_word' id='word_1_510' title='bbox 2956 3910 3096 3964; x_wconf 68' lang='grc' dir='ltr'>αὐτὰ</span> <span class='ocrx_word' id='word_1_511' title='bbox 3123 3910 3458 3982; x_wconf 81' lang='grc' dir='ltr'>μερίζονται.</span> 
     </span>
    </p>
   </div>
   <div class='ocr_carea' id='block_1_73' title="bbox 685 3991 2322 4078">
    <p class='ocr_par' dir='ltr' id='par_1_73' title="bbox 685 3998 2222 4076">
     <span class='ocr_line' id='line_1_73' title="bbox 685 3998 2222 4076; baseline 0.008 -21"><span class='ocrx_word' id='word_1_512' title='bbox 685 3998 981 4055; x_wconf 85' lang='lat' dir='ltr'><strong>Scholium.</strong></span> <span class='ocrx_word' id='word_1_513' title='bbox 1016 4000 1206 4058; x_wconf 88' lang='lat' dir='ltr'><strong>Const.</strong></span> <span class='ocrx_word' id='word_1_514' title='bbox 1243 4003 1310 4058; x_wconf 74' lang='lat'><strong>19</strong></span> <span class='ocrx_word' id='word_1_515' title='bbox 1333 4047 1347 4072; x_wconf 90' lang='lat'><strong>,</strong></span> <span class='ocrx_word' id='word_1_516' title='bbox 1391 4005 1474 4061; x_wconf 90' lang='lat' dir='ltr'><strong>tit.</strong></span> <span class='ocrx_word' id='word_1_517' title='bbox 1508 4006 1578 4073; x_wconf 81' lang='lat'><strong>&#39;5,</strong></span> <span class='ocrx_word' id='word_1_518' title='bbox 1609 4006 1706 4062; x_wconf 92' lang='lat' dir='ltr'><strong>lib.</strong></span> <span class='ocrx_word' id='word_1_519' title='bbox 1740 4023 1759 4062; x_wconf 84' lang='grc' dir='ltr'><strong>ι</strong></span> <span class='ocrx_word' id='word_1_520' title='bbox 1820 4009 1970 4076; x_wconf 90' lang='lat' dir='ltr'><strong>cod.,</strong></span> <span class='ocrx_word' id='word_1_521' title='bbox 1998 4025 2106 4064; x_wconf 91' lang='lat' dir='ltr'><strong>non</strong></span> <span class='ocrx_word' id='word_1_522' title='bbox 2137 4021 2222 4067; x_wconf 89' lang='lat' dir='ltr'><strong>est</strong></span> 
     </span>
    </p>
   </div>
   <div class='ocr_carea' id='block_1_74' title="bbox 2251 3991 3888 4078">
    <p class='ocr_par' dir='ltr' id='par_1_74' title="bbox 2403 3991 3888 4078">
     <span class='ocr_line' id='line_1_74' title="bbox 2403 3991 3888 4078; baseline -0.009 -16"><span class='ocrx_word' id='word_1_523' title='bbox 2403 4007 2684 4078; x_wconf 77' lang='grc' dir='ltr'>Σχόλιον.</span> <span class='ocrx_word' id='word_1_524' title='bbox 2724 4006 2790 4060; x_wconf 86' lang='grc' dir='ltr'><strong>Ἦ</strong></span> <span class='ocrx_word' id='word_1_525' title='bbox 2825 4004 2889 4059; x_wconf 84' lang='grc' dir='ltr'>ιθ⁸</span> <span class='ocrx_word' id='word_1_526' title='bbox 2927 4004 3070 4060; x_wconf 84' lang='grc' dir='ltr'>διάτ.</span> <span class='ocrx_word' id='word_1_527' title='bbox 3113 4002 3207 4057; x_wconf 76' lang='grc' dir='ltr'><strong>τοῦ</strong></span> <span class='ocrx_word' id='word_1_528' title='bbox 3235 3999 3282 4056; x_wconf 84' lang='grc' dir='ltr'>α’</span> <span class='ocrx_word' id='word_1_529' title='bbox 3318 4001 3526 4072; x_wconf 79' lang='grc' dir='ltr'>βιϐλίου</span> <span class='ocrx_word' id='word_1_530' title='bbox 3561 3997 3654 4054; x_wconf 77' lang='grc' dir='ltr'>τοῦ</span> <span class='ocrx_word' id='word_1_531' title='bbox 3697 3991 3888 4050; x_wconf 73' lang='grc' dir='ltr'>κὼδικος</span> 
     </span>
    </p>
   </div>
   <div class='ocr_carea' id='block_1_75' title="bbox 615 4079 2252 4172">
    <p class='ocr_par' dir='ltr' id='par_1_75' title="bbox 615 4096 2220 4170">
     <span class='ocr_line' id='line_1_75' title="bbox 615 4096 2220 4170; baseline 0.007 -20"><span class='ocrx_word' id='word_1_532' title='bbox 615 4096 792 4165; x_wconf 81' lang='lat' dir='ltr'><strong>posita</strong></span> <span class='ocrx_word' id='word_1_533' title='bbox 819 4096 872 4151; x_wconf 91' lang='lat' dir='ltr'><strong>in</strong></span> <span class='ocrx_word' id='word_1_534' title='bbox 900 4096 1098 4164; x_wconf 89' lang='lat' dir='ltr'><strong>Basil.,</strong></span> <span class='ocrx_word' id='word_1_535' title='bbox 1134 4115 1313 4170; x_wconf 90' lang='lat' dir='ltr'><strong>neque</strong></span> <span class='ocrx_word' id='word_1_536' title='bbox 1341 4102 1505 4158; x_wconf 88' lang='lat' dir='ltr'><strong>etiam</strong></span> <span class='ocrx_word' id='word_1_537' title='bbox 1537 4113 1718 4160; x_wconf 89' lang='lat' dir='ltr'><strong>const.</strong></span> <span class='ocrx_word' id='word_1_538' title='bbox 1758 4105 1811 4169; x_wconf 74' lang='lat' dir='ltr'><strong>‘l.</strong></span> <span class='ocrx_word' id='word_1_539' title='bbox 1850 4109 1935 4161; x_wconf 91' lang='lat' dir='ltr'><strong>tit.</strong></span> <span class='ocrx_word' id='word_1_540' title='bbox 1971 4107 2220 4163; x_wconf 75' lang='lat' dir='ltr'><strong>lNovel-</strong></span> 
     </span>
    </p>
   </div>
   <div class='ocr_carea' id='block_1_76' title="bbox 2251 4079 3888 4172">
    <p class='ocr_par' dir='ltr' id='par_1_76' title="bbox 2329 4079 3888 4172">
     <span class='ocr_line' id='line_1_76' title="bbox 2329 4079 3888 4172; baseline -0.013 -14"><span class='ocrx_word' id='word_1_541' title='bbox 2329 4105 2431 4158; x_wconf 79' lang='grc' dir='ltr'><strong>οὐκ</strong></span> <span class='ocrx_word' id='word_1_542' title='bbox 2461 4101 2623 4172; x_wconf 83' lang='grc' dir='ltr'>ἐτέθη</span> <span class='ocrx_word' id='word_1_543' title='bbox 2661 4103 2741 4165; x_wconf 84' lang='grc' dir='ltr'>εἰς</span> <span class='ocrx_word' id='word_1_544' title='bbox 2771 4101 2841 4154; x_wconf 85' lang='grc' dir='ltr'>τὰ</span> <span class='ocrx_word' id='word_1_545' title='bbox 2891 4098 3190 4164; x_wconf 63' lang='grc' dir='ltr'>Βασιλικὰι·</span> <span class='ocrx_word' id='word_1_546' title='bbox 3224 4096 3338 4151; x_wconf 86' lang='grc' dir='ltr'>ἀλλ’</span> <span class='ocrx_word' id='word_1_547' title='bbox 3367 4095 3487 4150; x_wconf 80' lang='grc' dir='ltr'>οὐδὲ</span> <span class='ocrx_word' id='word_1_548' title='bbox 3513 4097 3548 4167; x_wconf 81' lang='grc' dir='ltr'><strong>ὴ</strong></span> <span class='ocrx_word' id='word_1_549' title='bbox 3586 4091 3631 4150; x_wconf 86' lang='grc' dir='ltr'>α’</span> <span class='ocrx_word' id='word_1_550' title='bbox 3651 4089 3777 4146; x_wconf 84' lang='grc' dir='ltr'>διὰτ.</span> <span class='ocrx_word' id='word_1_551' title='bbox 3814 4079 3888 4134; x_wconf 70' lang='grc' dir='ltr'>τοῦ</span> 
     </span>
    </p>
   </div>
   <div class='ocr_carea' id='block_1_77' title="bbox 615 4177 2252 4268">
    <p class='ocr_par' dir='ltr' id='par_1_77' title="bbox 615 4187 2221 4266">
     <span class='ocr_line' id='line_1_77' title="bbox 615 4187 2221 4266; baseline 0.009 -25"><span class='ocrx_word' id='word_1_552' title='bbox 615 4189 814 4243; x_wconf 86' lang='lat' dir='ltr'><strong>larum.</strong></span> <span class='ocrx_word' id='word_1_553' title='bbox 857 4187 1051 4245; x_wconf 83' lang='lat' dir='ltr'><strong>Const.</strong></span> <span class='ocrx_word' id='word_1_554' title='bbox 1114 4207 1246 4247; x_wconf 89' lang='lat' dir='ltr'><strong>vero</strong></span> <span class='ocrx_word' id='word_1_555' title='bbox 1303 4194 1339 4248; x_wconf 75' lang='grc'>2</span> <span class='ocrx_word' id='word_1_556' title='bbox 1422 4195 1672 4266; x_wconf 88' lang='lat' dir='ltr'><strong>ejusdem</strong></span> <span class='ocrx_word' id='word_1_557' title='bbox 1729 4198 1816 4252; x_wconf 88' lang='lat' dir='ltr'><strong>tit.</strong></span> <span class='ocrx_word' id='word_1_558' title='bbox 1869 4209 1954 4254; x_wconf 89' lang='lat' dir='ltr'><strong>est</strong></span> <span class='ocrx_word' id='word_1_559' title='bbox 2007 4202 2221 4256; x_wconf 84' lang='lat' dir='ltr'><strong>novella</strong></span> 
     </span>
    </p>
   </div>
   <div class='ocr_carea' id='block_1_78' title="bbox 2252 4177 3889 4268">
    <p class='ocr_par' dir='ltr' id='par_1_78' title="bbox 2332 4177 3889 4268">
     <span class='ocr_line' id='line_1_78' title="bbox 2332 4177 3889 4268; baseline -0.013 -17"><span class='ocrx_word' id='word_1_560' title='bbox 2332 4197 2380 4251; x_wconf 86' lang='grc' dir='ltr'>α’</span> <span class='ocrx_word' id='word_1_561' title='bbox 2415 4198 2523 4251; x_wconf 88' lang='grc' dir='ltr'>τίτ.</span> <span class='ocrx_word' id='word_1_562' title='bbox 2545 4195 2653 4250; x_wconf 82' lang='grc' dir='ltr'>τῶν</span> <span class='ocrx_word' id='word_1_563' title='bbox 2678 4194 2930 4268; x_wconf 80' lang='grc' dir='ltr'>Νεαρῶν.</span> <span class='ocrx_word' id='word_1_564' title='bbox 2961 4193 3027 4246; x_wconf 84' lang='grc' dir='ltr'><em>Ἢ</em></span> <span class='ocrx_word' id='word_1_565' title='bbox 3047 4193 3104 4246; x_wconf 77' lang='grc' dir='ltr'>δὲ</span> <span class='ocrx_word' id='word_1_566' title='bbox 3139 4189 3183 4263; x_wconf 87' lang='grc' dir='ltr'>β’</span> <span class='ocrx_word' id='word_1_567' title='bbox 3209 4193 3348 4246; x_wconf 86' lang='grc' dir='ltr'>διάτ.</span> <span class='ocrx_word' id='word_1_568' title='bbox 3382 4189 3475 4243; x_wconf 84' lang='grc' dir='ltr'>τοῦ</span> <span class='ocrx_word' id='word_1_569' title='bbox 3491 4187 3658 4244; x_wconf 81' lang='grc' dir='ltr'>αὑτοῦ</span> <span class='ocrx_word' id='word_1_570' title='bbox 3684 4184 3779 4240; x_wconf 64' lang='lat' dir='ltr'><strong>sit.</strong></span> <span class='ocrx_word' id='word_1_571' title='bbox 3799 4177 3889 4230; x_wconf 74' lang='grc' dir='ltr'>ἐστι</span> 
     </span>
    </p>
   </div>
   <div class='ocr_carea' id='block_1_79' title="bbox 613 4271 2250 4365">
    <p class='ocr_par' dir='ltr' id='par_1_79' title="bbox 613 4279 2220 4362">
     <span class='ocr_line' id='line_1_79' title="bbox 613 4279 2220 4362; baseline 0.008 -27"><span class='ocrx_word' id='word_1_572' title='bbox 613 4279 912 4338; x_wconf 84' lang='lat' dir='ltr'><strong>Justiniani</strong></span> <span class='ocrx_word' id='word_1_573' title='bbox 946 4284 1052 4339; x_wconf 76' lang='grc'><strong>125</strong></span> <span class='ocrx_word' id='word_1_574' title='bbox 1079 4328 1094 4352; x_wconf 90' lang='grc'><strong>,</strong></span> <span class='ocrx_word' id='word_1_575' title='bbox 1128 4286 1306 4356; x_wconf 88' lang='lat' dir='ltr'><strong>posita</strong></span> <span class='ocrx_word' id='word_1_576' title='bbox 1341 4285 1488 4359; x_wconf 59' lang='lat' dir='ltr'><strong>[quin</strong></span> <span class='ocrx_word' id='word_1_577' title='bbox 1514 4288 1624 4362; x_wconf 90' lang='lat' dir='ltr'><strong>est]</strong></span> <span class='ocrx_word' id='word_1_578' title='bbox 1655 4289 1709 4344; x_wconf 92' lang='lat' dir='ltr'><strong>in</strong></span> <span class='ocrx_word' id='word_1_579' title='bbox 1744 4290 1842 4347; x_wconf 88' lang='lat' dir='ltr'><strong>lib.</strong></span> <span class='ocrx_word' id='word_1_580' title='bbox 1885 4306 1986 4359; x_wconf 85' lang='grc' dir='ltr'>ιιι,</span> <span class='ocrx_word' id='word_1_581' title='bbox 2026 4293 2110 4347; x_wconf 88' lang='lat' dir='ltr'><strong>tit.</strong></span> <span class='ocrx_word' id='word_1_582' title='bbox 2143 4294 2168 4347; x_wconf 80' lang='lat' dir='ltr'><strong>l</strong></span> <span class='ocrx_word' id='word_1_583' title='bbox 2203 4333 2220 4358; x_wconf 91' lang='lat'><strong>,</strong></span> 
     </span>
    </p>
   </div>
   <div class='ocr_carea' id='block_1_80' title="bbox 2250 4271 3887 4365">
    <p class='ocr_par' dir='ltr' id='par_1_80' title="bbox 2331 4271 3887 4365">
     <span class='ocr_line' id='line_1_80' title="bbox 2331 4271 3887 4365; baseline -0.009 -17"><span class='ocrx_word' id='word_1_584' title='bbox 2331 4293 2522 4365; x_wconf 77' lang='grc' dir='ltr'>Νεαρὰ</span> <span class='ocrx_word' id='word_1_585' title='bbox 2551 4291 2985 4354; x_wconf 84' lang='grc' dir='ltr'>Ὶουστινιάνειος</span> <span class='ocrx_word' id='word_1_586' title='bbox 3011 4287 3130 4360; x_wconf 81' lang='grc' dir='ltr'>ρκγ¹</span> <span class='ocrx_word' id='word_1_587' title='bbox 3153 4289 3383 4359; x_wconf 81' lang='grc' dir='ltr'>κειμένη</span> <span class='ocrx_word' id='word_1_588' title='bbox 3412 4289 3470 4340; x_wconf 82' lang='grc' dir='ltr'><strong>ἐν</strong></span> <span class='ocrx_word' id='word_1_589' title='bbox 3503 4284 3690 4357; x_wconf 79' lang='grc' dir='ltr'>βιϐλίῳ</span> <span class='ocrx_word' id='word_1_590' title='bbox 3717 4276 3779 4348; x_wconf 85' lang='grc' dir='ltr'>γ’,</span> <span class='ocrx_word' id='word_1_591' title='bbox 3805 4271 3887 4325; x_wconf 80' lang='grc' dir='ltr'>τίτ-</span> 
     </span>
    </p>
   </div>
   <div class='ocr_carea' id='block_1_81' title="bbox 615 4365 2252 4458">
    <p class='ocr_par' dir='ltr' id='par_1_81' title="bbox 615 4375 2219 4454">
     <span class='ocr_line' id='line_1_81' title="bbox 615 4375 2219 4454; baseline 0.009 -26"><span class='ocrx_word' id='word_1_592' title='bbox 615 4391 739 4445; x_wconf 83' lang='lat' dir='ltr'><strong>cap.</strong></span> <span class='ocrx_word' id='word_1_593' title='bbox 796 4375 903 4443; x_wconf 72' lang='grc'>54,</span> <span class='ocrx_word' id='word_1_594' title='bbox 961 4377 1032 4433; x_wconf 83' lang='lat'><strong>55</strong></span> <span class='ocrx_word' id='word_1_595' title='bbox 1073 4387 1128 4434; x_wconf 89' lang='lat' dir='ltr'><strong>et</strong></span> <span class='ocrx_word' id='word_1_596' title='bbox 1176 4380 1266 4435; x_wconf 84' lang='lat'><strong>56.</strong></span> <span class='ocrx_word' id='word_1_597' title='bbox 1301 4379 1434 4446; x_wconf 78' lang='lat' dir='ltr'><strong>Quae</strong></span> <span class='ocrx_word' id='word_1_598' title='bbox 1467 4385 1650 4454; x_wconf 86' lang='lat' dir='ltr'><strong>capita</strong></span> <span class='ocrx_word' id='word_1_599' title='bbox 1685 4383 1760 4438; x_wconf 88' lang='lat' dir='ltr'><strong>ita</strong></span> <span class='ocrx_word' id='word_1_600' title='bbox 1790 4384 2032 4450; x_wconf 87' lang='lat' dir='ltr'><strong>habent,</strong></span> <span class='ocrx_word' id='word_1_601' title='bbox 2069 4396 2129 4441; x_wconf 90' lang='lat' dir='ltr'><strong>ut</strong></span> <span class='ocrx_word' id='word_1_602' title='bbox 2163 4387 2219 4442; x_wconf 90' lang='lat' dir='ltr'><strong>in</strong></span> 
     </span>
    </p>
   </div>
   <div class='ocr_carea' id='block_1_82' title="bbox 2249 4365 3886 4458">
    <p class='ocr_par' dir='ltr' id='par_1_82' title="bbox 2331 4365 3886 4458">
     <span class='ocr_line' id='line_1_82' title="bbox 2331 4365 3886 4458; baseline -0.012 -14"><span class='ocrx_word' id='word_1_603' title='bbox 2331 4395 2400 4453; x_wconf 84' lang='grc' dir='ltr'>α’,</span> <span class='ocrx_word' id='word_1_604' title='bbox 2433 4406 2561 4458; x_wconf 85' lang='grc' dir='ltr'>κεφ.</span> <span class='ocrx_word' id='word_1_605' title='bbox 2615 4387 2710 4454; x_wconf 86' lang='grc' dir='ltr'><strong>νδ,</strong></span> <span class='ocrx_word' id='word_1_606' title='bbox 2743 4383 2836 4449; x_wconf 84' lang='grc' dir='ltr'>νε’,</span> <span class='ocrx_word' id='word_1_607' title='bbox 2865 4381 2975 4451; x_wconf 81' lang='grc' dir='ltr'>νς⁹,</span> <span class='ocrx_word' id='word_1_608' title='bbox 3010 4383 3180 4454; x_wconf 68' lang='grc' dir='ltr'><strong>ιἅτινα</strong></span> <span class='ocrx_word' id='word_1_609' title='bbox 3230 4401 3358 4450; x_wconf 76' lang='grc' dir='ltr'>κεφ.</span> <span class='ocrx_word' id='word_1_610' title='bbox 3397 4381 3575 4446; x_wconf 79' lang='grc' dir='ltr'>οὕτως</span> <span class='ocrx_word' id='word_1_611' title='bbox 3613 4380 3806 4450; x_wconf 82' lang='grc' dir='ltr'>ἔχουσιν</span> <span class='ocrx_word' id='word_1_612' title='bbox 3825 4365 3886 4425; x_wconf 82' lang='grc' dir='ltr'>ὡς</span> 
     </span>
    </p>
   </div>
   <div class='ocr_carea' id='block_1_83' title="bbox 618 4469 2255 4553">
    <p class='ocr_par' dir='ltr' id='par_1_83' title="bbox 618 4469 1428 4543">
     <span class='ocr_line' id='line_1_83' title="bbox 618 4469 1428 4543; baseline 0.007 -20"><span class='ocrx_word' id='word_1_613' title='bbox 618 4469 949 4539; x_wconf 89' lang='lat' dir='ltr'><strong>compendio</strong></span> <span class='ocrx_word' id='word_1_614' title='bbox 972 4472 1258 4543; x_wconf 86' lang='lat' dir='ltr'><strong>proposita</strong></span> <span class='ocrx_word' id='word_1_615' title='bbox 1280 4484 1428 4529; x_wconf 87' lang='lat' dir='ltr'><strong>sunt.</strong></span> 
     </span>
    </p>
   </div>
   <div class='ocr_carea' id='block_1_84' title="bbox 1134 4469 2771 4553">
    <p class='ocr_par' dir='ltr' id='par_1_84' title="bbox 1134 4472 2771 4553">
     <span class='ocr_line' id='line_1_84' title="bbox 1134 4472 2771 4553; baseline 0.007 -27"><span class='ocrx_word' id='word_1_616' title='bbox 1134 4472 1258 4528; x_wconf 81' lang='lat' dir='ltr'><strong>)sita</strong></span> <span class='ocrx_word' id='word_1_617' title='bbox 1280 4484 1428 4529; x_wconf 78' lang='lat' dir='ltr'><strong>sunt.</strong></span> <span class='ocrx_word' id='word_1_618' title='bbox 2332 4481 2771 4553; x_wconf 69' lang='grc' dir='ltr'>συνωψίσθησαν.</span> 
     </span>
    </p>
   </div>
   <div class='ocr_carea' id='block_1_85' title="bbox 686 4581 2323 4674">
    <p class='ocr_par' dir='ltr' id='par_1_85' title="bbox 686 4581 2300 4667">
     <span class='ocr_line' id='line_1_85' title="bbox 686 4581 2300 4667; baseline 0.003 -29"><span class='ocrx_word' id='word_1_619' title='bbox 686 4581 842 4638; x_wconf 86' lang='lat' dir='ltr'><strong>CAP.</strong></span> <span class='ocrx_word' id='word_1_620' title='bbox 894 4582 1015 4640; x_wconf 82' lang='lat' dir='ltr'><strong>XV.</strong></span> <span class='ocrx_word' id='word_1_621' title='bbox 1056 4617 1127 4626; x_wconf 90' lang='lat'><strong><em>—</em></strong></span> <span class='ocrx_word' id='word_1_622' title='bbox 1163 4587 1440 4653; x_wconf 79' lang='lat' dir='ltr'><strong>Quomodo</strong></span> <span class='ocrx_word' id='word_1_623' title='bbox 1471 4590 1766 4659; x_wconf 84' lang='lat' dir='ltr'><strong>episcopos,</strong></span> <span class='ocrx_word' id='word_1_624' title='bbox 1821 4589 2074 4658; x_wconf 83' lang='lat' dir='ltr'><strong>clericos,</strong></span> <span class='ocrx_word' id='word_1_625' title='bbox 2125 4598 2220 4643; x_wconf 88' lang='lat' dir='ltr'><strong>aut</strong></span> <span class='ocrx_word' id='word_1_626' title='bbox 2255 4612 2300 4667; x_wconf 76' lang='grc' dir='ltr'><strong>ι)</strong></span> 
     </span>
    </p>
   </div>
   <div class='ocr_carea' id='block_1_86' title="bbox 2253 4581 3890 4674">
    <p class='ocr_par' dir='ltr' id='par_1_86' title="bbox 2255 4582 3890 4674">
     <span class='ocr_line' id='line_1_86' title="bbox 2255 4582 3890 4674; baseline -0.013 -21"><span class='ocrx_word' id='word_1_627' title='bbox 2255 4612 2300 4667; x_wconf 82' lang='grc' dir='ltr'>ι)</span> <span class='ocrx_word' id='word_1_628' title='bbox 2402 4597 2657 4650; x_wconf 82' lang='grc' dir='ltr'><strong>ΚΕΦΑΛ.</strong></span> <span class='ocrx_word' id='word_1_629' title='bbox 2681 4591 2784 4648; x_wconf 89' lang='lat' dir='ltr'><strong>lE&#39;.</strong></span> <span class='ocrx_word' id='word_1_630' title='bbox 2821 4622 2892 4634; x_wconf 92' lang='lat'><strong>——</strong></span> <span class='ocrx_word' id='word_1_631' title='bbox 2925 4591 3062 4658; x_wconf 86' lang='grc' dir='ltr'><strong>Πῶς</strong></span> <span class='ocrx_word' id='word_1_632' title='bbox 3100 4591 3199 4646; x_wconf 85' lang='grc' dir='ltr'><strong>δεῖ</strong></span> <span class='ocrx_word' id='word_1_633' title='bbox 3225 4591 3614 4657; x_wconf 78' lang='grc' dir='ltr'>ἐπισκόπους</span> <span class='ocrx_word' id='word_1_634' title='bbox 3636 4587 3674 4655; x_wconf 80' lang='grc' dir='ltr'>ἢ</span> <span class='ocrx_word' id='word_1_635' title='bbox 3717 4582 3890 4674; x_wconf 53' lang='lat' dir='ltr'><strong>x1119:-</strong></span> 
     </span>
    </p>
   </div>
   <div class='ocr_carea' id='block_1_87' title="bbox 619 4679 2256 4759">
    <p class='ocr_par' dir='ltr' id='par_1_87' title="bbox 619 4679 2228 4759">
     <span class='ocr_line' id='line_1_87' title="bbox 619 4679 2228 4759; baseline 0.005 -26"><span class='ocrx_word' id='word_1_636' title='bbox 619 4679 886 4734; x_wconf 79' lang='lat' dir='ltr'><strong>castitatis</strong></span> <span class='ocrx_word' id='word_1_637' title='bbox 923 4691 1042 4737; x_wconf 83' lang='lat' dir='ltr'><strong>volo</strong></span> <span class='ocrx_word' id='word_1_638' title='bbox 1071 4682 1356 4740; x_wconf 84' lang='lat' dir='ltr'><strong>obstrictos</strong></span> <span class='ocrx_word' id='word_1_639' title='bbox 1379 4725 1394 4750; x_wconf 95' lang='lat'><strong>,</strong></span> <span class='ocrx_word' id='word_1_640' title='bbox 1443 4686 1514 4740; x_wconf 84' lang='lat' dir='ltr'><strong>ad</strong></span> <span class='ocrx_word' id='word_1_641' title='bbox 1544 4686 1790 4742; x_wconf 85' lang='lat' dir='ltr'><strong>mulieres</strong></span> <span class='ocrx_word' id='word_1_642' title='bbox 1817 4687 2028 4758; x_wconf 83' lang='lat' dir='ltr'><strong>ingredi</strong></span> <span class='ocrx_word' id='word_1_643' title='bbox 2071 4705 2228 4759; x_wconf 86' lang='lat' dir='ltr'><strong>opor-</strong></span> 
     </span>
    </p>
   </div>
   <div class='ocr_carea' id='block_1_88' title="bbox 2250 4679 3887 4759">
    <p class='ocr_par' dir='ltr' id='par_1_88' title="bbox 2333 4682 3887 4758">
     <span class='ocr_line' id='line_1_88' title="bbox 2333 4682 3887 4758; baseline -0.011 -14"><span class='ocrx_word' id='word_1_644' title='bbox 2333 4689 2483 4756; x_wconf 83' lang='grc' dir='ltr'>κοὺς</span> <span class='ocrx_word' id='word_1_645' title='bbox 2527 4688 2566 4758; x_wconf 80' lang='grc' dir='ltr'><strong>ἢ</strong></span> <span class='ocrx_word' id='word_1_646' title='bbox 2625 4684 3204 4758; x_wconf 74' lang='grc' dir='ltr'>ἐγκρατευομένους,</span> <span class='ocrx_word' id='word_1_647' title='bbox 3236 4682 3494 4738; x_wconf 76' lang='grc' dir='ltr'>εἰσιέναι</span> <span class='ocrx_word' id='word_1_648' title='bbox 3523 4682 3671 4753; x_wconf 80' lang='grc' dir='ltr'>πρὸς</span> <span class='ocrx_word' id='word_1_649' title='bbox 3713 4682 3887 4745; x_wconf 79' lang='grc' dir='ltr'>γυναι·</span> 
     </span>
    </p>
   </div>
   <div class='ocr_carea' id='block_1_89' title="bbox 622 4781 2467 4848">
    <p class='ocr_par' dir='ltr' id='par_1_89' title="bbox 622 4781 2467 4848">
     <span class='ocr_line' id='line_1_89' title="bbox 622 4781 2467 4848; baseline 0.007 -24"><span class='ocrx_word' id='word_1_650' title='bbox 622 4781 751 4828; x_wconf 78' lang='lat' dir='ltr'><strong>teat.</strong></span> <span class='ocrx_word' id='word_1_651' title='bbox 2334 4799 2467 4848; x_wconf 80' lang='grc' dir='ltr'>κας.</span> 
     </span>
    </p>
   </div>
   <div class='ocr_carea' id='block_1_90' title="bbox 691 4876 2328 4969">
    <p class='ocr_par' dir='ltr' id='par_1_90' title="bbox 691 4885 2229 4963">
     <span class='ocr_line' id='line_1_90' title="bbox 691 4885 2229 4963; baseline 0.008 -21"><span class='ocrx_word' id='word_1_652' title='bbox 691 4885 925 4943; x_wconf 91' lang='lat' dir='ltr'><strong>Concilii</strong></span> <span class='ocrx_word' id='word_1_653' title='bbox 953 4888 1408 4962; x_wconf 70' lang='lat' dir='ltr'><strong>Carthaginiensis</strong></span> <span class='ocrx_word' id='word_1_654' title='bbox 1429 4909 1608 4950; x_wconf 87' lang='lat' dir='ltr'><strong>canon</strong></span> <span class='ocrx_word' id='word_1_655' title='bbox 1637 4895 1737 4963; x_wconf 82' lang='lat'><strong>58;</strong></span> <span class='ocrx_word' id='word_1_656' title='bbox 1775 4895 1998 4951; x_wconf 88' lang='lat' dir='ltr'><strong>concilii</strong></span> <span class='ocrx_word' id='word_1_657' title='bbox 2021 4895 2229 4954; x_wconf 71' lang='grc' dir='ltr'>Νίσιεηί</span> 
     </span>
    </p>
   </div>
   <div class='ocr_carea' id='block_1_91' title="bbox 2251 4876 3888 4969">
    <p class='ocr_par' dir='ltr' id='par_1_91' title="bbox 2407 4876 3888 4969">
     <span class='ocr_line' id='line_1_91' title="bbox 2407 4876 3888 4969; baseline -0.016 -18"><span class='ocrx_word' id='word_1_658' title='bbox 2407 4898 2637 4951; x_wconf 87' lang='grc' dir='ltr'>Συνόδου</span> <span class='ocrx_word' id='word_1_659' title='bbox 2665 4896 3036 4969; x_wconf 84' lang='grc' dir='ltr'>Καρθαγένης</span> <span class='ocrx_word' id='word_1_660' title='bbox 3059 4893 3241 4949; x_wconf 89' lang='grc' dir='ltr'>κανὼν</span> <span class='ocrx_word' id='word_1_661' title='bbox 3267 4891 3348 4965; x_wconf 87' lang='grc' dir='ltr'>λη’</span> <span class='ocrx_word' id='word_1_662' title='bbox 3372 4910 3385 4923; x_wconf 90' lang='grc'><strong>·</strong></span> <span class='ocrx_word' id='word_1_663' title='bbox 3428 4893 3646 4948; x_wconf 69' lang='grc' dir='ltr'>συνόδου</span> <span class='ocrx_word' id='word_1_664' title='bbox 3691 4876 3888 4940; x_wconf 75' lang='grc' dir='ltr'>Νικαίας</span> 
     </span>
    </p>
   </div>
   <div class='ocr_carea' id='block_1_92' title="bbox 621 4979 2258 5061">
    <p class='ocr_par' dir='ltr' id='par_1_92' title="bbox 621 4979 1186 5040">
     <span class='ocr_line' id='line_1_92' title="bbox 621 4979 1186 5040; baseline 0.011 -6"><span class='ocrx_word' id='word_1_665' title='bbox 621 4979 852 5035; x_wconf 85' lang='lat' dir='ltr'><strong>secundi</strong></span> <span class='ocrx_word' id='word_1_666' title='bbox 884 4998 1062 5038; x_wconf 90' lang='lat' dir='ltr'><strong>canon</strong></span> <span class='ocrx_word' id='word_1_667' title='bbox 1088 4983 1186 5040; x_wconf 70' lang='lat'><strong>2&#39;2.</strong></span> 
     </span>
    </p>
   </div>
   <div class='ocr_carea' id='block_1_93' title="bbox 1198 4979 2835 5061">
    <p class='ocr_par' dir='ltr' id='par_1_93' title="bbox 2333 4987 2835 5061">
     <span class='ocr_line' id='line_1_93' title="bbox 2333 4987 2835 5061; baseline 0.006 -19"><span class='ocrx_word' id='word_1_668' title='bbox 2333 4989 2394 5042; x_wconf 76' lang='grc' dir='ltr'>τὸ</span> <span class='ocrx_word' id='word_1_669' title='bbox 2424 4987 2490 5061; x_wconf 85' lang='grc' dir='ltr'>β’,</span> <span class='ocrx_word' id='word_1_670' title='bbox 2518 4990 2699 5044; x_wconf 74' lang='grc' dir='ltr'>κανὼν</span> <span class='ocrx_word' id='word_1_671' title='bbox 2729 4989 2835 5045; x_wconf 74' lang='grc' dir='ltr'>κδ’.</span> 
     </span>
    </p>
   </div>
   <div class='ocr_carea' id='block_1_94' title="bbox 691 5084 2328 5177">
    <p class='ocr_par' dir='ltr' id='par_1_94' title="bbox 691 5093 2232 5175">
     <span class='ocr_line' id='line_1_94' title="bbox 691 5093 2232 5175; baseline 0.006 -24"><span class='ocrx_word' id='word_1_672' title='bbox 691 5093 849 5153; x_wconf 86' lang='lat' dir='ltr'><strong>CAP.</strong></span> <span class='ocrx_word' id='word_1_673' title='bbox 880 5096 1022 5152; x_wconf 82' lang='lat' dir='ltr'><strong>XVI.</strong></span> <span class='ocrx_word' id='word_1_674' title='bbox 1071 5098 1287 5165; x_wconf 83' lang='lat' dir='ltr'><strong>-—Quod</strong></span> <span class='ocrx_word' id='word_1_675' title='bbox 1340 5102 1565 5157; x_wconf 84' lang='lat' dir='ltr'><strong>clericus</strong></span> <span class='ocrx_word' id='word_1_676' title='bbox 1603 5121 1720 5158; x_wconf 90' lang='lat' dir='ltr'><strong>cum</strong></span> <span class='ocrx_word' id='word_1_677' title='bbox 1751 5105 1966 5175; x_wconf 80' lang='lat' dir='ltr'><strong>nuptias</strong></span> <span class='ocrx_word' id='word_1_678' title='bbox 2003 5107 2232 5162; x_wconf 82' lang='lat' dir='ltr'><strong>itcrante</strong></span> 
     </span>
    </p>
   </div>
   <div class='ocr_carea' id='block_1_95' title="bbox 2248 5084 3885 5177">
    <p class='ocr_par' dir='ltr' id='par_1_95' title="bbox 2407 5084 3885 5177">
     <span class='ocr_line' id='line_1_95' title="bbox 2407 5084 3885 5177; baseline -0.007 -16"><span class='ocrx_word' id='word_1_679' title='bbox 2407 5107 2661 5162; x_wconf 79' lang='grc' dir='ltr'><strong>ΚΕΦΑΛ.</strong></span> <span class='ocrx_word' id='word_1_680' title='bbox 2701 5105 2817 5175; x_wconf 63' lang='lat' dir='ltr'><strong>lq&#39;.</strong></span> <span class='ocrx_word' id='word_1_681' title='bbox 2841 5139 2912 5148; x_wconf 91' lang='lat'><strong><em>—</em></strong></span> <span class='ocrx_word' id='word_1_682' title='bbox 2931 5106 3071 5176; x_wconf 76' lang='grc' dir='ltr'>Περὶ</span> <span class='ocrx_word' id='word_1_683' title='bbox 3105 5108 3212 5163; x_wconf 82' lang='grc' dir='ltr'>τοῦ</span> <span class='ocrx_word' id='word_1_684' title='bbox 3238 5109 3324 5177; x_wconf 77' lang='grc' dir='ltr'><strong>μὴ</strong></span> <span class='ocrx_word' id='word_1_685' title='bbox 3357 5107 3622 5177; x_wconf 58' lang='grc' dir='ltr'>ὀφείλειν</span> <span class='ocrx_word' id='word_1_686' title='bbox 3641 5084 3885 5163; x_wconf 71' lang='grc' dir='ltr'>κληρικδν</span> 
     </span>
    </p>
   </div>
   <div class='ocr_carea' id='block_1_96' title="bbox 621 5185 2258 5328">
    <p class='ocr_par' dir='ltr' id='par_1_96' title="bbox 621 5191 2230 5328">
     <span class='ocr_line' id='line_1_96' title="bbox 621 5191 2230 5264; baseline 0.009 -24"><span class='ocrx_word' id='word_1_687' title='bbox 621 5197 715 5240; x_wconf 86' lang='lat' dir='ltr'><strong>aut</strong></span> <span class='ocrx_word' id='word_1_688' title='bbox 772 5199 968 5258; x_wconf 78' lang='lat' dir='ltr'><strong>praeter</strong></span> <span class='ocrx_word' id='word_1_689' title='bbox 1017 5191 1153 5263; x_wconf 82' lang='lat' dir='ltr'><strong>leges</strong></span> <span class='ocrx_word' id='word_1_690' title='bbox 1203 5209 1426 5249; x_wconf 76' lang='lat' dir='ltr'><strong>uxorem</strong></span> <span class='ocrx_word' id='word_1_691' title='bbox 1474 5197 1741 5264; x_wconf 78' lang='lat' dir='ltr'><strong>ducente,</strong></span> <span class='ocrx_word' id='word_1_692' title='bbox 1807 5200 2073 5254; x_wconf 83' lang='lat' dir='ltr'><strong>convivari</strong></span> <span class='ocrx_word' id='word_1_693' title='bbox 2127 5219 2230 5256; x_wconf 84' lang='lat' dir='ltr'><strong>non</strong></span> 
     </span>
     <span class='ocr_line' id='line_1_97' title="bbox 621 5274 827 5328; baseline 0 0"><span class='ocrx_word' id='word_1_694' title='bbox 621 5274 827 5328; x_wconf 79' lang='lat' dir='ltr'><strong>debeat.</strong></span> 
     </span>
    </p>
   </div>
   <div class='ocr_carea' id='block_1_97' title="bbox 2246 5185 3883 5328">
    <p class='ocr_par' dir='ltr' id='par_1_97' title="bbox 2335 5185 3883 5272">
     <span class='ocr_line' id='line_1_98' title="bbox 2335 5185 3883 5272; baseline -0.003 -14"><span class='ocrx_word' id='word_1_695' title='bbox 2335 5200 2774 5258; x_wconf 83' lang='grc' dir='ltr'>συνεστιᾶσθαι</span> <span class='ocrx_word' id='word_1_696' title='bbox 2799 5200 2879 5267; x_wconf 83' lang='grc' dir='ltr'>τῷ</span> <span class='ocrx_word' id='word_1_697' title='bbox 2905 5200 3465 5272; x_wconf 78' lang='grc' dir='ltr'>δευτερογαμοῦντι,</span> <span class='ocrx_word' id='word_1_698' title='bbox 3486 5199 3524 5269; x_wconf 80' lang='grc' dir='ltr'><strong><em>ἣ</em></strong></span> <span class='ocrx_word' id='word_1_699' title='bbox 3572 5185 3883 5264; x_wconf 70' lang='grc' dir='ltr'>παρανόμως</span> 
     </span>
    </p>
   </div>
   <div class='ocr_carea' id='block_1_98' title="bbox 660 5285 827 5330">
    <p class='ocr_par' dir='ltr' id='par_1_98' title="bbox 660 5285 827 5330">
     <span class='ocr_line' id='line_1_99' title="bbox 660 5285 827 5330; baseline 0 -1"><span class='ocrx_word' id='word_1_700' title='bbox 660 5285 827 5330; x_wconf 77' lang='lat' dir='ltr'><strong>cheat.</strong></span> 
     </span>
    </p>
   </div>
   <div class='ocr_carea' id='block_1_99' title="bbox 2336 5313 2648 5366">
    <p class='ocr_par' dir='ltr' id='par_1_99' title="bbox 2336 5313 2648 5366">
     <span class='ocr_line' id='line_1_100' title="bbox 2336 5313 2648 5366; baseline 0 -16"><span class='ocrx_word' id='word_1_701' title='bbox 2336 5313 2648 5366; x_wconf 70' lang='grc' dir='ltr'>ταμουντι.</span> 
     </span>
    </p>
   </div>
   <div class='ocr_carea' id='block_1_100' title="bbox 693 5390 2330 5481">
    <p class='ocr_par' dir='ltr' id='par_1_100' title="bbox 693 5390 2222 5470">
     <span class='ocr_line' id='line_1_101' title="bbox 693 5390 2222 5470; baseline 0.01 -24"><span class='ocrx_word' id='word_1_702' title='bbox 693 5390 926 5447; x_wconf 88' lang='lat' dir='ltr'><strong>Concilii</strong></span> <span class='ocrx_word' id='word_1_703' title='bbox 986 5390 1450 5455; x_wconf 66' lang='lat' dir='ltr'><strong>Neocaesaricnsis</strong></span> <span class='ocrx_word' id='word_1_704' title='bbox 1493 5415 1672 5456; x_wconf 89' lang='lat' dir='ltr'><strong>canon</strong></span> <span class='ocrx_word' id='word_1_705' title='bbox 1709 5401 1739 5454; x_wconf 89' lang='lat'><strong>7</strong></span> <span class='ocrx_word' id='word_1_706' title='bbox 1774 5402 2090 5470; x_wconf 87' lang='lat' dir='ltr'><strong>;Timothei</strong></span> <span class='ocrx_word' id='word_1_707' title='bbox 2127 5421 2222 5462; x_wconf 86' lang='lat' dir='ltr'><strong>ca-</strong></span> 
     </span>
    </p>
   </div>
   <div class='ocr_carea' id='block_1_101' title="bbox 2247 5390 3884 5481">
    <p class='ocr_par' dir='ltr' id='par_1_101' title="bbox 2409 5397 3884 5481">
     <span class='ocr_line' id='line_1_102' title="bbox 2409 5397 3884 5481; baseline -0.016 -20"><span class='ocrx_word' id='word_1_708' title='bbox 2409 5408 2638 5462; x_wconf 82' lang='grc' dir='ltr'>Συνόδου</span> <span class='ocrx_word' id='word_1_709' title='bbox 2689 5407 3137 5481; x_wconf 84' lang='grc' dir='ltr'>Νεοκαισαρείας</span> <span class='ocrx_word' id='word_1_710' title='bbox 3175 5405 3359 5463; x_wconf 82' lang='grc' dir='ltr'>κανὼν</span> <span class='ocrx_word' id='word_1_711' title='bbox 3395 5404 3441 5472; x_wconf 76' lang='grc' dir='ltr'><strong>ζ’</strong></span> <span class='ocrx_word' id='word_1_712' title='bbox 3467 5423 3480 5436; x_wconf 90' lang='grc'><strong>·</strong></span> <span class='ocrx_word' id='word_1_713' title='bbox 3529 5397 3772 5476; x_wconf 77' lang='grc' dir='ltr'>Τιμοθέου</span> <span class='ocrx_word' id='word_1_714' title='bbox 3806 5399 3884 5437; x_wconf 83' lang='grc' dir='ltr'>κα-</span> 
     </span>
    </p>
   </div>
   <div class='ocr_carea' id='block_1_102' title="bbox 619 5487 2256 5557">
    <p class='ocr_par' dir='ltr' id='par_1_102' title="bbox 619 5487 855 5540">
     <span class='ocr_line' id='line_1_103' title="bbox 619 5487 855 5540; baseline -0.004 0"><span class='ocrx_word' id='word_1_715' title='bbox 619 5501 730 5540; x_wconf 87' lang='lat' dir='ltr'><strong>non</strong></span> <span class='ocrx_word' id='word_1_716' title='bbox 767 5487 855 5540; x_wconf 80' lang='grc'><strong>11.</strong></span> 
     </span>
    </p>
   </div>
   <div class='ocr_carea' id='block_1_103' title="bbox 924 5487 2561 5557">
    <p class='ocr_par' dir='ltr' id='par_1_103' title="bbox 2337 5502 2561 5557">
     <span class='ocr_line' id='line_1_104' title="bbox 2337 5502 2561 5557; baseline 0 0"><span class='ocrx_word' id='word_1_717' title='bbox 2337 5502 2442 5557; x_wconf 86' lang='grc' dir='ltr'><strong>νὼν</strong></span> <span class='ocrx_word' id='word_1_718' title='bbox 2473 5502 2561 5557; x_wconf 84' lang='grc' dir='ltr'>ια’.</span> 
     </span>
    </p>
   </div>
   <div class='ocr_carea' id='block_1_104' title="bbox 691 5590 2328 5687">
    <p class='ocr_par' dir='ltr' id='par_1_104' title="bbox 691 5601 2234 5686">
     <span class='ocr_line' id='line_1_105' title="bbox 691 5601 2234 5686; baseline 0.01 -31"><span class='ocrx_word' id='word_1_719' title='bbox 691 5601 844 5657; x_wconf 83' lang='lat' dir='ltr'><strong>CAP.</strong></span> <span class='ocrx_word' id='word_1_720' title='bbox 875 5601 1208 5660; x_wconf 79' lang='lat' dir='ltr'><strong>XVII.—Nc</strong></span> <span class='ocrx_word' id='word_1_721' title='bbox 1245 5607 1426 5664; x_wconf 87' lang='lat' dir='ltr'><strong>clerici</strong></span> <span class='ocrx_word' id='word_1_722' title='bbox 1460 5611 1574 5666; x_wconf 82' lang='lat' dir='ltr'><strong>sine</strong></span> <span class='ocrx_word' id='word_1_723' title='bbox 1625 5612 1882 5682; x_wconf 61' lang='lat' dir='ltr'><strong>episcopis</strong></span> <span class='ocrx_word' id='word_1_724' title='bbox 1928 5616 2039 5670; x_wconf 85' lang='lat' dir='ltr'><strong>suis</strong></span> <span class='ocrx_word' id='word_1_725' title='bbox 2075 5616 2234 5686; x_wconf 84' lang='lat' dir='ltr'><strong>quid-</strong></span> 
     </span>
    </p>
   </div>
   <div class='ocr_carea' id='block_1_105' title="bbox 2247 5590 3884 5687">
    <p class='ocr_par' dir='ltr' id='par_1_105' title="bbox 2409 5590 3884 5687">
     <span class='ocr_line' id='line_1_106' title="bbox 2409 5590 3884 5687; baseline -0.009 -15"><span class='ocrx_word' id='word_1_726' title='bbox 2409 5620 2667 5673; x_wconf 80' lang='grc' dir='ltr'><strong>ΚΕΦΛΛ.</strong></span> <span class='ocrx_word' id='word_1_727' title='bbox 2706 5616 2808 5672; x_wconf 84' lang='grc' dir='ltr'><strong>ΙΖ’.</strong></span> <span class='ocrx_word' id='word_1_728' title='bbox 2855 5618 3090 5687; x_wconf 76' lang='grc' dir='ltr'>-Περὶ</span> <span class='ocrx_word' id='word_1_729' title='bbox 3141 5619 3248 5673; x_wconf 85' lang='grc' dir='ltr'>τοῦ</span> <span class='ocrx_word' id='word_1_730' title='bbox 3296 5618 3495 5687; x_wconf 75' lang='grc' dir='ltr'>μηδὲν</span> <span class='ocrx_word' id='word_1_731' title='bbox 3548 5608 3732 5668; x_wconf 77' lang='grc' dir='ltr'>ποιεῖν</span> <span class='ocrx_word' id='word_1_732' title='bbox 3773 5590 3884 5651; x_wconf 71' lang='grc' dir='ltr'><em>τοὺς</em></span> 
     </span>
    </p>
   </div>
   <div class='ocr_carea' id='block_1_106' title="bbox 624 5697 3636 5778">
    <p class='ocr_par' dir='ltr' id='par_1_106' title="bbox 624 5697 3636 5778">
     <span class='ocr_line' id='line_1_107' title="bbox 624 5697 3636 5778; baseline -0.002 -13"><span class='ocrx_word' id='word_1_733' title='bbox 624 5710 784 5764; x_wconf 71' lang='lat' dir='ltr'><strong>quam</strong></span> <span class='ocrx_word' id='word_1_734' title='bbox 815 5697 1045 5765; x_wconf 68' lang='grc' dir='ltr'><strong>Ῑαείαητι</strong></span> <span class='ocrx_word' id='word_1_735' title='bbox 2339 5709 2671 5778; x_wconf 75' lang='grc' dir='ltr'>κληρικοὺς</span> <span class='ocrx_word' id='word_1_736' title='bbox 2701 5709 2850 5763; x_wconf 81' lang='grc' dir='ltr'>ἄνευ</span> <span class='ocrx_word' id='word_1_737' title='bbox 2884 5709 3004 5763; x_wconf 80' lang='grc' dir='ltr'>τῶν</span> <span class='ocrx_word' id='word_1_738' title='bbox 3040 5711 3399 5764; x_wconf 73' lang='grc' dir='ltr'>ἐπισκόπων</span> <span class='ocrx_word' id='word_1_739' title='bbox 3419 5708 3636 5762; x_wconf 77' lang='grc' dir='ltr'>αὐτῶν.</span> 
     </span>
    </p>
   </div>
   <div class='ocr_carea' id='block_1_107' title="bbox 691 5789 2328 5865">
    <p class='ocr_par' dir='ltr' id='par_1_107' title="bbox 691 5789 2232 5865">
     <span class='ocr_line' id='line_1_108' title="bbox 691 5789 2232 5865; baseline 0.01 -24"><span class='ocrx_word' id='word_1_740' title='bbox 691 5789 1078 5858; x_wconf 82' lang='lat' dir='ltr'><strong>Apostolorum</strong></span> <span class='ocrx_word' id='word_1_741' title='bbox 1116 5808 1294 5849; x_wconf 90' lang='lat' dir='ltr'><strong>canon</strong></span> <span class='ocrx_word' id='word_1_742' title='bbox 1362 5795 1474 5865; x_wconf 74' lang='lat'><strong>39;</strong></span> <span class='ocrx_word' id='word_1_743' title='bbox 1525 5797 1741 5856; x_wconf 87' lang='lat' dir='ltr'><strong>concilii</strong></span> <span class='ocrx_word' id='word_1_744' title='bbox 1795 5798 2092 5856; x_wconf 86' lang='lat' dir='ltr'><strong>Laodiccni</strong></span> <span class='ocrx_word' id='word_1_745' title='bbox 2137 5817 2232 5857; x_wconf 85' lang='lat' dir='ltr'><strong>ca-</strong></span> 
     </span>
    </p>
   </div>
   <div class='ocr_carea' id='block_1_108' title="bbox 2245 5789 3882 5865">
    <p class='ocr_par' dir='ltr' id='par_1_108' title="bbox 2425 5790 3882 5858">
     <span class='ocr_line' id='line_1_109' title="bbox 2425 5790 3882 5858; baseline -0.01 -4"><span class='ocrx_word' id='word_1_746' title='bbox 2425 5803 2771 5858; x_wconf 83' lang='grc' dir='ltr'>’Λποστόλων</span> <span class='ocrx_word' id='word_1_747' title='bbox 2803 5800 2982 5856; x_wconf 84' lang='grc' dir='ltr'>κανὼν</span> <span class='ocrx_word' id='word_1_748' title='bbox 3017 5801 3092 5855; x_wconf 82' lang='grc' dir='ltr'>λθ¹</span> <span class='ocrx_word' id='word_1_749' title='bbox 3127 5821 3138 5832; x_wconf 94' lang='grc'><strong>·</strong></span> <span class='ocrx_word' id='word_1_750' title='bbox 3178 5802 3399 5858; x_wconf 78' lang='grc' dir='ltr'>συνόδου</span> <span class='ocrx_word' id='word_1_751' title='bbox 3459 5792 3761 5854; x_wconf 77' lang='grc' dir='ltr'>Λαοδικείας</span> <span class='ocrx_word' id='word_1_752' title='bbox 3807 5790 3882 5830; x_wconf 66' lang='grc' dir='ltr'><strong>κα·</strong></span> 
     </span>
    </p>
   </div>
   <div class='ocr_carea' id='block_1_109' title="bbox 629 5882 2266 5958">
    <p class='ocr_par' dir='ltr' id='par_1_109' title="bbox 629 5882 2070 5937">
     <span class='ocr_line' id='line_1_110' title="bbox 629 5882 2070 5937; baseline 0.003 -6"><span class='ocrx_word' id='word_1_753' title='bbox 629 5894 738 5934; x_wconf 91' lang='lat' dir='ltr'><strong>non</strong></span> <span class='ocrx_word' id='word_1_754' title='bbox 772 5882 864 5937; x_wconf 73' lang='lat' dir='ltr'><strong>b7.</strong></span> <span class='ocrx_word' id='word_1_755' title='bbox 1763 5893 1780 5895; x_wconf 77' lang='grc'><strong><em>“</em></strong></span> <span class='ocrx_word' id='word_1_756' title='bbox 2028 5896 2031 5898; x_wconf 87' lang='grc'>·</span> <span class='ocrx_word' id='word_1_757' title='bbox 2061 5895 2070 5899; x_wconf 73' lang='lat'><em>‘</em></span> 
     </span>
    </p>
   </div>
   <div class='ocr_carea' id='block_1_110' title="bbox 936 5882 2573 5958">
    <p class='ocr_par' dir='ltr' id='par_1_110' title="bbox 1763 5892 2573 5958">
     <span class='ocr_line' id='line_1_111' title="bbox 1763 5892 2573 5958; baseline 0 -9"><span class='ocrx_word' id='word_1_758' title='bbox 1763 5893 1780 5895; x_wconf 67' lang='grc'><strong>’</strong></span> <span class='ocrx_word' id='word_1_759' title='bbox 2028 5896 2031 5898; x_wconf 76' lang='grc'><em>’</em></span> <span class='ocrx_word' id='word_1_760' title='bbox 2061 5895 2070 5899; x_wconf 45' lang='grc'><em>⁴</em></span> <span class='ocrx_word' id='word_1_761' title='bbox 2340 5893 2447 5949; x_wconf 84' lang='grc' dir='ltr'>νὼν</span> <span class='ocrx_word' id='word_1_762' title='bbox 2476 5892 2573 5958; x_wconf 64' lang='grc' dir='ltr'>νζ.</span> 
     </span>
    </p>
   </div>
  </div>
