4146 6428
363 327 499 391 1093

1389 333 1878 398 NOMOCANON.
1917 363 1986 372 -
2025 338 2176 399 ΤΙΤ.
2222 339 2326 410 IX,
2369 340 2528 398 CAP.
2575 339 2643 400 I.’

3531 339 3669 403 1094

412 445 665 497 ΚΕΦΑΛ.
693 441 803 498 lfl'.
837 475 906 483 —
935 443 1074 511 Περὶ
1116 443 1222 496 τοῦ
1247 444 1336 513 μὴ
1363 445 1564 498 ποιεῖν
1617 447 1763 512 τοὺς
1794 451 1944 516 κλη-

2127 451 2280 504 CAP.
2307 449 2498 506 XVIII.
2523 480 2593 489 —
2621 450 2703 505 Ne
2739 450 2920 504 clerici
2959 466 3022 504 ex
3078 452 3469 507 contributionc
3510 470 3659 506 com-

333 537 550 606 ρικοὺς
572 538 642 591 ἐκ
669 535 991 607 συμϐολῆς
1027 536 1365 606 συμπόσια.

412 627 642 681 Συνόδου
673 626 1004 688 Λαοδικείας
1025 623 1207 680 κανὼν
1238 632 1334 681 νε’.

407 722 667 775 ΚΕΦΑΛ.
703 718 809 776 ΙΘ’.
831 749 905 761 —
928 719 1068 789 Περὶ
1095 718 1204 787 τῆς
1229 720 1300 773 ἐκ
1323 721 1552 789 χρόνου
1583 721 1808 789 τάξεως
1829 720 1951 774 τῶν

2050 557 2209 596 mune
2237 543 2542 598 instituant.

2122 631 2352 687 Concilii
2387 632 2680 687 Laodiceni
2714 649 2890 688 canon
2927 633 3014 688 55.

2123 722 2277 778 CAP.
2321 724 2662 780 XlX.-—De
2713 725 2968 780 diuturno
3013 729 3198 782 ordine
3252 730 3660 799 episcoporum,

343 816 718 877 ἐπισκόπων,
747 813 845 868 καὶ
867 812 995 879 πῶς
1024 816 1078 867 οἱ
1113 813 1389 881 κληρικοὶ
1425 813 1794 880 καθέζονται,
1847 815 1944 868 καὶ

2052 823 2100 868 et
2159 817 2420 884 quomodo
2463 815 2642 871 clerici
2691 818 2908 871 sedeant
2951 859 2965 882 ,
3011 830 3060 872 et
3104 836 3159 874 se
3201 820 3425 874 invicem
3492 822 3664 873 Itono-

348 904 602 976 τιμῶσιν
623 904 961 974 ἀλλήλους.

423 996 650 1049 Συνόδου
675 995 910 1060 Νικαίας
929 995 1112 1050 κανὼν
1142 993 1212 1067 ιη’
1234 1011 1246 1024 ο
1270 997 1488 1050 συνόδου
1519 997 1842 1062 Λαοδικείας
1876 996 1945 1069 η’,

350 1087 438 1154 νς⁹
467 1107 481 1121 ·
520 1089 738 1143 συνόδου
770 1089 1168 1162 Καρθαγέννης
1199 1089 1385 1146 κανὼν
1423 1097 1550 1158 πς’,
1574 1093 1696 1146 που
1726 1094 1946 1147 συνόδου

354 1179 426 1247 ς’,
447 1179 624 1236 κανὼν
654 1182 722 1247 ζ’.
1475 1179 1478 1184 ’

2058 919 2202 962 rant.

2127 1001 2356 1057 Concilii
2424 1001 2627 1057 Nicaeui
2690 1018 2865 1058 canon
2921 1005 3026 1073 i8;
3086 1007 3310 1062 concilii
3362 1007 3665 1065 Laodiceni

2053 1108 2228 1148 canon
2280 1095 2312 1148 8
2339 1135 2352 1159 ,
2397 1095 2502 1162 56;
2545 1097 2765 1152 concilii
2825 1094 3270 1172 Carthaginiensis
3314 1116 3493 1157 canon
3547 1101 3656 1170 86,

2053 1187 2121 1244 89
2155 1205 2171 1255 ;
2209 1189 2420 1245 concilii
2454 1190 2594 1245 sexti
2631 1206 2809 1246 canon
2841 1193 2896 1247 7.

1655 1525 2066 1612 ΤΙΤΛΟΣ
2157 1514 2296 1614 Θ’.

333 1716 514 1770 ΠΕΡΙ
600 1713 1156 1777 ΛΜΑΡΤΗΜΑΤΩΝ,
1232 1714 1356 1768 ΚΑΙ
1435 1713 1650 1768 ΔΙΚΩΝ
1720 1712 2151 1777 ΕΠΙΣΚΟΠΩΝ,
2225 1713 2347 1766 ΚΑΙ
2435 1712 2827 1777 ΚΛΗΡῙΚΩΝ,
2880 1714 3003 1766 ΚΑΙ
3062 1713 3484 1776 ΑΦΟΡΙΣΜΟΥ,
3534 1712 3660 1767 ΚΑΙ

554 1787 1065 1853 ΚΑΘΑΙΡΕΣΕΩΣ,
1128 1785 1250 1840 ΚΑΙ
1299 1785 1748 1851 ΜΕΤΑΝΟΙΑΣ,
1814 1786 1936 1838 ΚΑΙ
1990 1784 2157 1838 ΠΟΙΑ
2232 1783 2726 1838 ΑΜΑΡΤΗΜΛΤΛ
2763 1784 3266 1838 ΗΣΧΕΙΡΟΘΕΣΙΑ
3293 1785 3477 1838 ΛΥΕΙ.

1520 2118 1988 2198 TITULUS
2049 2119 2436 2234 NONUS.

328 2301 452 2361 DE
518 2299 880 2363 DELICTIS
917 2343 934 2370 ,
995 2299 1681 2361 ACCUSATIONIBUS
1719 2343 1734 2370 ,
1793 2298 2695 2367 EXCOMMUNICATIONE,
2753 2298 3301 2359 DEPOSITIONE
3331 2343 3348 2370 ,
3391 2297 3659 2362 POENI-

426 2380 723 2440 TEN'I‘IA
773 2380 1332 2442 EPISCOPORUM
1377 2382 1475 2442 ET
1509 2379 2051 2454 CLERICORUM,
2087 2381 2184 2440 ET
2218 2377 2727 2440 CONJUSMODI
2775 2377 3144 2439 PECCATA
3185 2378 3656 2441 ORDINATIO

427 2460 596 2521 REM
609 2460 854 2521 ITTAT
866 2505 880 2521 .

419 2776 819 2831 ΚΕΦΑΛΑΙΟΝ
884 2776 1200 2835 ΠΡΩΤΟΝ.
1256 2783 1357 2849 --]
1420 2782 1588 2848 Τίνες
1651 2783 1746 2837 καὶ
1798 2783 1944 2852 παρὸ

2136 2780 2294 2838 CAP.
2351 2778 2646 2838 PRIMUM.
2675 2808 2744 2819 —
2771 2780 2808 2833 Α
2837 2777 3026 2849 quibus
3045 2786 3093 2832 et
3123 2777 3265 2848 apud
3313 2793 3442 2849 quos
3491 2794 3656 2832 accu-

338 2871 474 2924 τίσι
499 2870 946 2940 κατηγοροῦσιν·
975 2872 1329 2927 ἐπισκόπων
1370 2874 1408 2942 ἢ
1445 2875 1770 2944 κληρικῶν.

433 2963 774 3017 Ἀποστόλων
801 2964 982 3019 κανὼν
1010 2963 1082 3018 οδ¹
1110 2981 1124 2996 ⁸
1163 2967 1382 3020 συνόδου
1431 2968 1530 3037 τῆς
1563 2971 1620 3020 ὲν
1649 2970 1944 3022 Κωνσταν-

333 3059 651 3114 τινουπόλει
685 3059 868 3114 κανὼν
895 3060 950 3126 ς’
983 3075 998 3090 ’
1035 3063 1256 3117 συνόδου
1291 3064 1652 3133 Χαλκηδόνος
1683 3067 1861 3120 κανὼν
1879 3065 1946 3132 0',

338 3150 432 3206 κα’
463 3170 476 3184 ·
511 3153 732 3208 συνόδου
764 3153 1160 3226 Καρθαγέννης
1191 3158 1375 3210 κανὼν
1420 3165 1494 3225 η’,
1536 3157 1627 3222 ια’,
1656 3158 1744 3229 ιβ’,
1771 3158 1853 3214 ιε’.
1879 3158 1945 3228 λ’,

343 3253 493 3318 ρκη’,
531 3245 647 3317 ρκθ¹
671 3263 686 3277 ⁸
712 3247 983 3320 Κυρίλλου
1015 3251 1081 3303 ἐκ
1105 3249 1205 3320 τῆς
1247 3249 1381 3322 πρὸς
1409 3251 1615 3322 Δόμνον
1649 3253 1945 3325 ἐπιστολῆς

342 3354 479 3406 κεφ.
509 3343 580 3392 α’.

425 3430 731 3499 Ife/pavor.
757 3431 996 3496 Γενικῶς
1037 3432 1169 3504 περὶ
1224 3433 1335 3488 τῶν
1390 3435 1756 3506 κωλυομένων
1811 3455 1953 3492 κατ-

343 3523 571 3592 ηγορείν
594 3560 611 3586 ,
663 3539 718 3575 κ.
749 3539 800 3578 τ.
834 3523 886 3580 λ.
929 3540 1107 3596 usque
1168 3527 1236 3582 ad
1279 3526 1357 3598 τῷ
1391 3528 1770 3600 ὑπερϐαίνοντι
1801 3532 1952 3601 ποσῷ

339 3628 612 3668 ποιουσιν.

416 3707 688 3774 Σχόλιον.
729 3710 788 3762 Ὀ
818 3707 868 3763 α’
921 3710 1027 3764 τίτ.
1061 3710 1157 3765 τοῦ
1193 3709 1238 3766 Θ¹
1299 3713 1506 3784 βιϐλίου
1537 3717 1633 3769 τοῦ
1689 3714 1944 3783 κώδικος,

336 3798 462 3852 ἐστι
495 3799 701 3870 βιϐλίον
734 3801 844 3856 τῶν
875 3803 1185 3858 Βασιλικῶν
1214 3803 1278 3874 ξ’,
1307 3807 1412 3863 τίτ.
1438 3807 1532 3872 λδ’,
1561 3825 1687 3878 κεφ.
1725 3808 1832 3879 κγ’,
1854 3811 1949 3865 καὶ

338 3890 487 3960 μετὰ
518 3891 580 3944 τὸ
609 3893 744 3947 αὐτὸ
763 3912 890 3964 κεφ.
917 3897 1055 3949 εἰσὶν
1084 3897 1251 3969 ἕτερα
1268 3917 1392 3967 κεφ.
1419 3900 1742 3956 διδάσκοντα
1789 3901 1939 3966 τίνες

333 3981 596 4037 δύνανται
629 3989 802 4040 κινεῖν
835 3989 1224 4059 ὲγκληματικά
1255 3991 1610 4062 δικαστήρια,
1657 3995 1752 4048 καὶ
1798 3997 1946 4059 τίνες

332 4077 406 4131 οὐ
458 4076 738 4134 δύνανται.
791 4081 861 4134 Ἃ
911 4085 1008 4137 καὶ
1054 4084 1354 4154 ἀνάγνωθι,
1391 4088 1419 4139 ὁ
1467 4084 1511 4156 β’
1549 4086 1654 4141 τίτ.
1715 4089 1808 4143 τοῦ
1853 4087 1945 4158 μη¹

2057 2884 2243 2928 sentur
2273 2872 2506 2943 episcopi
2538 2881 2630 2925 aut
2661 2870 2866 2924 clerici.

2124 2969 2512 3039 Apostolorum
2559 2982 2736 3023 canon
2785 2965 2885 3032 74;
2939 2965 3159 3021 concilii
3191 2964 3660 3035 Constantinopo-

2057 3063 2211 3118 litani
2264 3079 2442 3118 canon
2492 3061 2566 3129 6;
2627 3060 2845 3115 concilii
2892 3058 3362 3114 Chalcedonensis
3401 3073 3577 3114 canon
3608 3061 3663 3126 9,

2054 3156 2156 3220 2|;
2187 3156 2406 3211 concilii
2431 3154 2883 3224 Cartliaginensis
2913 3168 3088 3207 canon
3114 3153 3170 3214 8,
3203 3153 3263 3205 11
3290 3193 3304 3217 ,
3339 3151 3659 3218 12,15,150,

2043 3248 2199 3309 128.
2256 3247 2404 3315 129;
2462 3246 2651 3320 Cyrilli
2727 3262 2795 3302 ex
2847 3245 3078 3317 epistola
3131 3245 3202 3300 ad
3249 3244 3526 3301 Domuum
3569 3260 3667 3300 ca-

2096 3351 2155 3398 ut
2194 3342 2247 3396 1.

2096 3359 2155 3398 ιιι
2194 3359 2247 3396 1.

2055 3359 2091 3414 Ρ
2130 3432 2348 3488 Textus.
2371 3429 2711 3487 Generaliter
2752 3431 2822 3487 'de
2871 3430 2939 3485 iis
2982 3429 3077 3501 qui
3130 3429 3196 3484 de
3240 3429 3484 3500 publico,
3520 3438 3607 3485 etc
3637 3467 3654 3493 ,

2052 3543 2217 3598 usque
2249 3527 2318 3581 ad
2341 3526 2730 3598 jusjurandum
2760 3535 3011 3592 caveant,
3053 3535 3112 3578 ut
3141 3541 3266 3596 pag.
3301 3523 3426 3592 707,
3460 3522 3588 3578 710.

2127 3709 2422 3766 Scholium.
2458 3710 2566 3765 Tit.
2605 3711 2656 3772 I,
2689 3710 2786 3766 lib.
2818 3725 2875 3766 Ix
2947 3709 3072 3766 cod.
3108 3721 3194 3766 est
3217 3711 3313 3766 lib.
3341 3709 3510 3768 Basil.
3555 3728 3621 3766 ως
3648 3753 3666 3780 ,

2054 3805 2142 3858 tit.
2180 3804 2282 3869 54,
2309 3819 2431 3873 cap.
2463 3803 2556 3858 93.
2609 3802 2675 3856 Ει
2702 3813 2827 3873 post
2861 3803 2994 3858 illud
3029 3803 3210 3873 ipsum
3248 3819 3370 3875 cap.
3400 3813 3531 3860 sunt
3558 3805 3667 3860 alia

2056 3913 2176 3965 cap.
2218 3913 2342 3967 quae
2386 3899 2620 3964 docent,
2670 3897 2895 3968 quinam
2947 3898 3162 3968 possint
3209 3913 3429 3954 movere
3490 3899 3669 3954 eccle-

2059 3991 2280 4045 siasrica
2328 3991 2568 4059 judicia,
2623 4001 2677 4045 et
2723 3990 2945 4060 quinam
3012 3991 3230 4061 possint
3281 4009 3296 4045 :
3342 4006 3465 4061 quas
3523 3991 3666 4062 lege.

2058 4081 2259 4147 Τιι.2,
2296 4082 2389 4136 lib.
2417 4097 2582 4137 valti
2616 4081 2731 4153 Dig.
2767 4091 2852 4137 est
2899 4082 2987 4136 lib.
3038 4099 3129 4146 ιι,
3158 4083 3244 4138 tit.
3298 4085 3398 4150 54,
3433 4083 3594 4153 cujus
3630 4086 3656 4138 1

336 4171 553 4243 βιϐλίου
592 4174 702 4227 τῶν
732 4177 874 4230 διατ.
902 4176 1018 4230 ἐστι
1047 4178 1254 4249 βιϐλίον
1287 4176 1330 4244 ξ’
1372 4180 1479 4234 τίτ.
1510 4179 1605 4246 λδ’,
1640 4182 1735 4234 καὶ
1789 4183 1941 4252 ζήτει

2052 4191 2171 4244 cap.
2200 4189 2420 4244 quaere,
2453 4183 2508 4229 et
2544 4173 2806 4243 deinceps
2841 4174 3000 4247 [alia]
3036 4176 3205 4229 multa
3235 4214 3250 4238 ,
3297 4191 3420 4245 quae
3451 4175 3516 4230 de
3548 4174 3665 4230 cri-

333 4266 404 4319 τὸ
467 4272 536 4319 α’.
594 4266 786 4322 τούτου
849 4287 976 4340 κεφ.
1031 4272 1126 4324 καὶ
1185 4271 1272 4342 ἐφ’
1325 4272 1456 4343 ἑξῆς
1512 4273 1748 4345 διάφορα
1810 4275 1942 4346 περὶ

332 4358 768 4430 ὲγκληματικῶν
802 4364 1148 4433 κατηγοριῶν
1203 4365 1546 4420 διδάσκοντα.
1595 4367 1659 4419 'H
1710 4364 1765 4430 ς’
1797 4367 1937 4422 διάτ.

333 4452 436 4506 ’τοῦ
465 4450 513 4506 α’
542 4453 748 4524 βιϐλίου
783 4455 876 4509 τοῦ
905 4455 1157 4522 κώδικος,
1182 4457 1298 4511 ἔστι
1340 4457 1450 4512 τῶν
1508 4459 1817 4514 Βασιλικῶν
1859 4460 1944 4531 βι-

336 4544 492 4598 ϐλίον
527 4542 590 4608 ε’,
643 4545 748 4600 τίτ.
804 4544 876 4610 α’,
903 4564 1031 4617 κεφ.
1073 4545 1127 4612 ς’
1179 4547 1356 4612 οὕτως
1413 4549 1560 4621 ἕχον,
1641 4551 1719 4614 ὡς
1759 4553 1838 4615 είς
1881 4551 1945 4605 τὸ

336 4636 596 4707 κείμενον
651 4639 891 4709 ἐγράφη.
926 4637 1000 4692 Τὸ
1045 4639 1224 4711 παρὸν
1283 4641 1342 4694 δὲ
1385 4659 1515 4712 κεφ.
1579 4642 1942 4714 διαλαμϐάνει

338 4729 494 4802 παρὰ
515 4730 658 4784 τίσιν
684 4731 992 4800 όφείλονται
1047 4732 1341 4801 ἐνάγεσϐαι
1381 4735 1546 4805 χάριν
1596 4735 1942 4806 ἐγκληματι-

337 4824 473 4890 κῶν,
532 4824 630 4877 καὶ
683 4825 1044 4896 χρηματικῶν
1096 4827 1431 4888 ὑποθέσεων.
1494 4828 1788 4882 ἐπίσκοποι
1847 4829 1946 4883 καὶ

339 4916 618 4985 κληρικοί.
675 4917 919 4972 Γίνωσκε
948 4917 1006 4972 δὲ
1027 4918 1249 4972 ὅτιὲστι
1282 4921 1473 4992 Νεαρὰ
1537 4920 1647 4975 τῶν
1702 4921 1944 4975 εὐσεϐῶν

343 5005 610 5074 βασιλέων
632 5011 1052 5066 Κωνσταντίνου
1075 5015 1171 5067 καὶ
1219 5013 1542 5086 Ἡρακλείου
1569 5013 1942 5086 διοριζομένη,

345 5097 485 5165 μήτε
516 5097 836 5166 ἐπίσκοπον,
866 5104 1004 5175 μήτε
1029 5103 1313 5175 κληρικὸν,
1346 5105 1484 5176 μήτε
1515 5106 1770 5176 μοναχὸν,
1805 5124 1944 5179 χρη-

345 5187 645 5257 ματικῆςῆ
679 5191 1098 5264 ὲγκληματικῆς
1138 5196 1299 5268 χάριν
1354 5197 1536 5260 αἰτίας
1586 5197 1740 5267 παρᾶ
1794 5199 1948 5250 πολι-

340 5281 482 5354 τικῷ
511 5281 543 5354 ἢ
580 5287 962 5359 στρατιωτικῷ
987 5290 1280 5356 ὲνάγεσθαι
1333 5291 1582 5362 ἄρχοντι,
1615 5291 1753 5344 ἀλλὰ
1794 5293 1948 5363 παρὰ

347 5376 533 5448 μόνοις
590 5379 704 5439 τοῖς
757 5378 911 5443 ἰδίοις
963 5382 1374 5454 ὲπισκόποις,ἢ
1425 5384 1854 5456 μητροπολίταις
1911 5385 1943 5457 ἢ

2045 4267 2343 4322 minalibus
2372 4267 2680 4322 actionibus
2705 4267 2926 4322 decent.
2955 4268 3193 4324 Constit.
3240 4267 3295 4328 6,
3323 4267 3407 4323 tit.
3429 4267 3485 4330 2,
3517 4267 3611 4321 lib.
3641 4274 3662 4316 ι

2052 4359 2176 4413 cod.
2213 4367 2299 4414 est
2330 4359 2500 4414 Basil.
2529 4359 2627 4413 lib.
2657 4376 2710 4425 ν,
2743 4360 2826 4414 tit.
2850 4361 2901 4424 1,
2929 4374 3053 4428 cap.
3086 4358 3119 4412 6
3141 4399 3156 4424 ,
3191 4361 3339 4429 quod
3367 4363 3448 4414 sic
3476 4359 3661 4426 habet,

2047 4454 2518 4523 quemadmodum
2569 4453 2624 4508 in
2685 4463 2836 4508 textu
2895 4453 3164 4523 scripIuiu
3215 4463 3321 4507 est.
3381 4451 3657 4507 Cat-terum

2048 4560 2291 4616 praesens
2320 4560 2442 4614 cap.
2476 4553 2704 4610 tractat,
2745 4544 2893 4616 apud
2931 4560 3073 4616 quos
3105 4544 3390 4599 conveniri
3421 4544 3666 4600 debeant

2048 4637 2118 4692 de
2151 4635 2537 4692 criminalibus
2583 4637 3034 4708 pecuniariisque
3086 4637 3484 4694 controversiis
3536 4639 3659 4710 epi-

2049 4732 2200 4803 scopi
2225 4743 2279 4786 et
2309 4733 2527 4787 clerici.
2573 4732 2731 4788 Scias
2770 4744 2955 4790 autem
2984 4750 3108 4790 esse
3133 4735 3404 4790 novellam
3437 4735 3658 4807 piorum

2052 4825 2452 4896 imperatorum
2495 4823 2729 4881 Hei-aelii
2768 4837 2823 4883 et
2852 4827 3240 4896 Constantini,
3270 4845 3393 4899 qua:
3422 4828 3615 4883 statuit
3641 4868 3659 4894 ,

2050 4936 2119 4974 ne
2148 4921 2465 4991 episcopus,
2501 4935 2681 4990 neque
2711 4921 2951 4978 clericus
2976 4966 2988 4990 ,
3021 4937 3203 4992 neque
3237 4921 3548 4977 monachus
3587 4923 3660 4977 ob

2049 5011 2426 5081 pecuniariam
2488 5012 2906 5069 criminalemve
2957 5031 3185 5070 causam
3243 5015 3386 5086 apud
3438 5014 3657 5069 civilem

2053 5106 2134 5160 vel
2172 5105 2464 5160 militarem
2499 5108 2866 5162 conveniatur
2896 5109 3279 5179 magistratum
3315 5126 3328 5161 :
3374 5109 3468 5165 sed
3512 5111 3658 5179 apud

2052 5213 2186 5254 suos
2225 5198 2517 5268 episcopos
2543 5199 2814 5256 duntaxat.
2837 5245 2852 5267 ,
2896 5210 2992 5256 aut
3025 5203 3485 5273 metropolitanos
3509 5243 3523 5267 ,
3561 5210 3660 5256 aut

2050 5290 2420 5361 patriarchas.
2453 5292 2655 5347 Eadem
2693 5294 2860 5348 etiam
2902 5295 3100 5349 statuit
3127 5309 3298 5349 aurea
3339 5295 3485 5349 bulla
3518 5295 3663 5350 cele-

2053 5385 2278 5439 berrimi
2321 5386 2668 5455 imperatoris
2703 5387 2891 5442 domni
2922 5389 3099 5443 Alexii
3133 5388 3401 5444 Comneni
3429 5388 3649 5459 vulgata

343 5468 739 5540 πατριάρχαις,
779 5471 848 5524 τὰ
896 5472 1038 5526 αὐτὰ
1067 5472 1489 5545 διορίζεταικαὶ
1545 5477 1607 5529 τὸ
1660 5478 1802 5548 μετὰ
1849 5478 1941 5532 τὸν

2055 5493 2244 5533 mense
2273 5475 2439 5542 Julio,
2479 5479 2780 5535 indictione
2811 5481 2864 5546 4,
2903 5496 3047 5537 anno
3085 5479 3189 5554 [ab
3222 5482 3358 5536 orbe
3400 5479 3657 5554 condito]

343 5558 570 5612 Ἰούλιον
621 5560 768 5629 μῆνα
831 5561 930 5631 τῆς
964 5563 1028 5629 δ,
1065 5562 1380 5629 ἰνδικτιόνος
1430 5565 1526 5619 τοῦ
1579 5565 1734 5638 σφηεγ
1793 5567 1946 5632 ἔτους

341 5650 612 5707 ἀπολυοὲν
635 5653 1033 5724 χρυσόϐουλλον
1058 5653 1154 5708 τοῦ
1190 5655 1440 5725 ἀοιδίμου
1465 5657 1733 5727 βασιλέως
1753 5661 1945 5732 κυρίου

341 5746 579 5810 Ἀλεξίου
611 5747 706 5801 τοῦ
746 5748 1038 5821 Κομνηνοῦ
1107 5749 1542 5821 προστιθέμενον
1603 5751 1779 5806 ταῦτα
1839 5756 1946 5824 ρη-

340 5839 470 5902 τῶς.
513 5839 648 5894 Είδὲ
688 5841 958 5915 μερισμὸς
982 5845 1042 5899 ὲν
1068 5844 1184 5907 τοῖς
1231 5841 1656 5914 διαμαχομένοις
1678 5844 1818 5912 ἐστὶ,
1854 5848 1949 5900 καὶ

2059 5573 2220 5638 6589,
2255 5590 2378 5645 quae
2407 5574 2521 5627 haec
2548 5573 2603 5628 in
2636 5573 2752 5628 haec
2777 5574 2941 5630 verba
2969 5575 3152 5630 addit:
3191 5573 3246 5627 Si
3277 5589 3408 5630 vero
3438 5573 3662 5644 partitio

2059 5667 2201 5720 inter
2227 5666 2581 5721 adversarios
2612 5665 2802 5731 fuerit,
2830 5679 2884 5722 et
2912 5668 3147 5723 alterum
3183 5666 3444 5721 mundani
3480 5677 3660 5725 status

2058 5772 2182 5812 esse
2213 5767 2474 5828 appareat
2495 5797 2509 5822 ,
2539 5759 2680 5813 alter
2706 5759 2756 5812 in
2791 5774 3012 5814 sacrum
3045 5760 3255 5816 clerum
3285 5759 3520 5816 allectus
3544 5761 3614 5816 sit
3641 5779 3657 5816 :

2060 5847 2240 5921 [tunc]
2266 5859 2421 5906 actor
2452 5847 2572 5904 foro
2604 5849 2680 5906 rei
2711 5866 2806 5921 per
2840 5852 3024 5908 omnia
3057 5851 3404 5923 subjaccbit,
3428 5861 3482 5909 et
3509 5863 3660 5910 utor-
