4146 6432
587 341 724 406 1095
790 321 796 328 ’

1814 337 2082 399 ΡΠΟΤΙΙ
2123 337 2639 400 ΡΛΤΒΙΑΠΩΠᾸΞ
2677 339 2786 398 CP.

3749 336 3870 404 1096

581 469 690 523 quc
717 451 784 507 ad
813 461 1133 522 competens
1170 450 1435 520 judicium
1468 449 1640 504 abibit
1671 465 1685 502 :
1730 448 1834 503 nisi
1874 450 1918 502 si
1951 449 2174 520 quando

2285 452 2315 504 ό
2343 451 2443 520 μὲν
2472 452 2572 522 τῆς
2595 449 2870 520 κοσμικῆς
2892 449 3140 517 φαίνεται
3187 449 3599 513 καταστάσεως,
3651 451 3680 503 δ
3702 450 3756 504 δὲ
3802 453 3872 522 τῷ

581 541 825 596 tribunal
857 541 1273 611 imperatorium
1308 540 1509 610 aliquis
1542 540 1812 610 requiret.
1841 537 1999 595 Tunc
2033 539 2184 594 enim

580 635 844 690 omnibus
896 634 1244 690 cessantibus
1296 633 1653 704 imperatoria
1704 632 1969 702 majestas
2031 632 2180 686 litem

582 728 934 799 dijudicabit,
967 735 1023 784 et
1046 726 1261 782 decidet
1294 725 1749 782 controversiam.
1781 725 1980 779 Verum
2018 724 2184 794 hujus

580 837 765 878 aureae
790 822 950 877 bullae
973 831 1344 892 sngmentum,
1371 819 1518 889 quod
1541 819 1754 885 Statuit,
1775 827 1836 873 ut
1860 819 2184 890 quicunque

580 916 649 969 ad
675 917 1060 985 qualecunque
1093 913 1332 968 tribunal
1363 912 1657 967 trahuntur
1683 953 1698 979 ,
1753 913 1799 968 si
1832 911 2178 983 imperatorii

581 1005 875 1061 tribunalis
911 1005 1251 1060 auditorium
1295 1005 1618 1076 requirant,
1661 1004 2070 1060 admittantur:
2108 1004 2183 1060 ir-

580 1098 746 1153 ritum
782 1099 988 1153 factum
1033 1105 1119 1153 est
1166 1114 1234 1153 ex
1291 1097 1601 1168 posteriore
1647 1097 1897 1168 jussione
1931 1098 2182 1169 ejusdem

579 1193 931 1264 imperatoris
969 1191 1155 1247 domni
1210 1191 1386 1247 Alexii
1414 1191 1686 1247 Comneni
1712 1233 1725 1256 ,
1772 1207 1896 1262 quae
1933 1193 2185 1263 evulgata

577 1297 665 1342 est
692 1301 882 1342 mense
907 1285 1049 1341 Maio
1071 1326 1086 1351 ,
1117 1286 1417 1341 indictione
1445 1287 1500 1347 5,
1535 1293 1591 1339 ct
1619 1285 1811 1339 statuit
1838 1294 1961 1352 post
1994 1301 2183 1356 proce-

577 1381 748 1436 mium
781 1381 929 1447 haec,
957 1381 1009 1434 in
1045 1381 1160 1436 hzec
1196 1383 1364 1434 verba
1394 1393 1410 1433 :
1449 1377 1770 1434 Praescribit
1800 1378 1967 1450 igitur
2003 1379 2184 1434 omni-

576 1475 682 1529 bus
717 1475 872 1530 vobis
894 1513 910 1539 ,
950 1474 1042 1544 qui
1081 1474 1303 1544 iudiciis
1335 1473 1582 1544 praeestis
1609 1513 1624 1538 ,
1676 1472 2028 1542 imperatoria
2062 1489 2183 1529 mea

577 1569 838 1636 maiestas
863 1609 878 1634 ,
916 1585 984 1624 ne
1013 1583 1261 1637 unquam
1299 1565 1527 1638 posthac
1560 1565 1959 1634 obtemperetis
1990 1565 2185 1635 cujus-

575 1660 950 1730 modicunque
1017 1659 1323 1728 rescripto,
1382 1657 1530 1727 quod
1567 1655 1816 1725 judicum
1864 1657 2182 1726 quempiam

2291 542 2421 610 θείῳ
2455 543 2645 614 κλήρῳ
2674 539 3111 611 ἐγκατείλεκται,
3138 541 3168 594 ό
3220 541 3432 610 ἐνάγων
3457 540 3760 613 τηνικαῦτα
3801 544 3873 616 τῷ

2290 635 2445 709 φόρῳ
2492 637 2588 689 τοῦ
2621 633 2952 704 ἐναγομένου
3011 634 3317 700 ὲξάπαντος
3355 635 3735 700 ὑποκείσεται,
3787 638 3872 691 καὶ

2288 729 2521 792 ἕκαστος
2547 729 2626 794 είς
2654 727 2716 782 τὸ
2740 727 3054 801 πρόσφορον
3102 727 3454 799 δικαστήριον
3499 727 3872 796 ἀπελεύσεται,

2287 822 2338 874 εί
2368 821 2553 891 μήπου
2611 819 2879 882 πολλάκις
2940 836 3024 883 τις
3066 818 3176 872 τῶν
3221 819 3483 874 ἁπάντων
3511 820 3574 874 τὸ
3610 821 3876 891 βασιλικὸν

2285 912 2639 984 δικαστήριον
2670 912 2962 984 ὲπιζητοίη
2981 929 2997 944 ·
3033 913 3153 966 τότε
3178 913 3288 983 γάρ
3316 912 3691 985 σχολαζόντων
3714 914 3876 970 ἀπάνε-

2288 1022 2398 1058 των
2430 1008 2464 1077 ἡ
2519 1005 2776 1077 βασιλικὴ
2823 1005 3185 1077 μεγαλειότης
3231 1005 3388 1061 δια...
3457 1008 3523 1078 τῇ
3582 1007 3732 1079 δίκῃ,
3785 1009 3871 1061 καὶ

2289 1101 2450 1170 τεμεῖ
2497 1099 2558 1152 τὸ
2616 1098 2944 1170 ἀμφίϐολον.
3005 1097 3312 1167 Ἀνάγνωθι
3373 1099 3471 1152 καὶ
3521 1098 3617 1153 τὸν
3670 1106 3730 1152 ιε’
3783 1116 3875 1153 κα-

2289 1193 2422 1246 νόνα
2447 1193 2546 1262 τῆς
2580 1195 2638 1245 ἐν
2667 1191 3031 1264 Καρθαγέννῃ
3082 1192 3323 1256 συνόδου,
3370 1192 3465 1245 καὶ
3510 1191 3578 1246 τά
3621 1193 3683 1244 ἐν
3713 1192 3872 1263 αὐτῷ.

2305 1284 2366 1338 Ἢ
2401 1285 2487 1356 κβ¹
2519 1286 2660 1340 διάτ.
2695 1285 2792 1339 τοῦ
2819 1291 2866 1354 γ’
2893 1285 2998 1338 τξτ.
3032 1286 3127 1339 τοῦ
3174 1283 3222 1340 α’
3247 1285 3457 1355 βιϐλίου
3504 1285 3601 1340 τοῦ
3636 1285 3876 1351 κώδικος,

2291 1379 2410 1434 ἐστι
2435 1397 2564 1448 κεφ.
2597 1377 2641 1450 β’
2685 1378 2778 1432 τοῦ
2827 1376 2898 1444 α’,
2939 1378 3048 1432 τίτ.
3078 1377 3171 1432 τοῦ
3199 1376 3248 1447 γ’
3282 1377 3490 1449 βιϐλίου
3547 1377 3662 1432 τῶν
3724 1379 3878 1432 Βασι-

2291 1474 2480 1536 λικῶν,
2509 1473 2604 1526 καὶ
2627 1472 2778 1544 ζήτει
2810 1473 2971 1525 τοῦτο
2993 1473 3388 1543 καταστρωθέν
3419 1473 3498 1536 εἰς
3548 1472 3655 1544 τὴν
3708 1473 3869 1544 ἐρμη-

2287 1566 2438 1620 νείαν
2486 1565 2614 1637 τοῦ,
2646 1563 2735 1636 μα’
2768 1568 2992 1630 κανόνος
3051 1565 3152 1634 τῆς
3201 1567 3258 1619 ἐν
3289 1565 3586 1639 Λαοδικείᾳ
3648 1567 3874 1620 συνόδου.

2301 1657 2365 1711 Ἦ
2396 1657 2453 1712 δὲ
2486 1664 2565 1711 κε’
2596 1657 2736 1712 διάτ.
2780 1657 2874 1712 τοῦ
2899 1655 2946 1727 γ’
2997 1658 3104 1712 τίτ.
3137 1656 3232 1711 τοῦ
3285 1655 3334 1712 α’
3369 1658 3580 1730 βιϐλίου
3633 1658 3730 1712 τοῦ
3775 1657 3876 1712 κὼο

568 1751 838 1822 judicium
895 1751 961 1805 ad
1009 1751 1192 1821 ipsum
1236 1748 1624 1804 transmissum
1670 1763 1932 1804 exercere
1988 1748 2174 1819 prohi-

2285 1749 2436 1814 δικος
2489 1751 2590 1804 οὐκ
2641 1751 2801 1822 ἐτέθη
2841 1752 2923 1814 είς
2975 1749 3048 1804 τά
3094 1750 3381 1806 Βασιλικά.
3418 1750 3875 1822 Σημείωσαι’Τοΰ

572 1819 736 1912 beat,
783 1845 1000 1901 tametsi
1031 1819 1315 1900 cinnabari
1352 1842 1735 1913 subsignatum
1789 1841 1899 1906 sit,
1957 1840 2174 1898 tametsi

2294 1844 2540 1898 τοιούτου
2565 1843 2623 1899 δὲ
2658 1819 3058 1916 χρυσοϐούλλου
3088 1847 3123 1916 ἡ
3153 1845 3433 1916 περικοπὴ
3537 1845 3874 1918 διοριζομένη

574 1953 748 1993 cereae
798 1937 960 1991 bulla:
1003 1935 1245 2008 sigillum
1294 1935 1512 1989 haheat.
1553 1931 1660 1988 Sed
1701 1934 1748 1989 si
1792 1932 2015 2004 quidem
2053 1942 2180 2005 post

576 2030 741 2084 libelli
769 2029 1103 2084 oblationem
1132 2028 1277 2083 intra
1301 2027 1492 2100 viginti
1525 2027 1858 2099 cognitionis
1889 2027 2007 2084 dies
2036 2070 2052 2096 ,
2083 2031 2177 2099 qui

576 2125 629 2178 in
671 2122 948 2192 judicium
991 2129 1302 2194 pertractus
1347 2129 1469 2188 est,
1510 2121 1892 2178 dimissionem
1942 2122 2178 2193 impera-

577 2217 732 2272 toriae
759 2224 964 2272 nostra:
1001 2215 1308 2286 majestatis
1340 2215 1635 2287 impetret,
1669 2229 1794 2280 quae
1823 2215 2056 2270 alterum
2086 2215 2178 2286 ju-

573 2313 750 2366 dicem
783 2310 861 2365 illi
892 2311 977 2366 cui
1003 2311 1157 2381 prius
1181 2324 1354 2365 causa
1377 2308 1704 2364 transmissa
1734 2317 1853 2374 est,
1880 2308 2173 2380 adjuugat:

574 2403 630 2456 in
655 2417 825 2456 unum
856 2401 1186 2456 conveniant
1214 2399 1498 2454 constituti
1523 2399 1762 2470 judices,
1791 2409 1847 2454 et
1869 2399 2171 2470 legitimam

572 2492 906 2549 decisionem
945 2489 1155 2564 [rebus]
1189 2491 1566 2547 controversis
1600 2489 1909 2562 imponant.
1945 2490 2005 2547 Si
2044 2507 2176 2546 vero

572 2584 771 2654 viginti
819 2584 1032 2639 dierum
1085 2593 1304 2654 tempus
1347 2583 1686 2647 decurrerit,
1722 2599 1791 2638 ne
1836 2583 1974 2638 alter
2002 2583 2172 2654 judex

572 2677 902 2730 admittatur
926 2675 1205 2748 (quoniam
1233 2677 1338 2732 hoc
1359 2676 1524 2731 etiam
1555 2675 1660 2746 legi
1693 2674 1962 2746 videtur):
1997 2692 2175 2748 neque

573 2786 703 2824 vero
744 2767 932 2842 [hoc]
982 2778 1245 2840 praetequ
1274 2807 1290 2836 ,
1345 2769 1492 2840 quod
1543 2769 1782 2825 fortasse
1821 2770 2172 2841 postmodum

571 2863 736 2917 statui
790 2863 964 2932 possit
1016 2874 1074 2916 ut
1125 2878 1293 2918 causa
1334 2863 1401 2918 ad
1456 2862 1829 2934 imperatoriae
1868 2863 2174 2935 majestatis

570 2956 813 3012 tribunal
863 2957 1268 3023 introdueatur,
1321 2957 1470 3012 nullo
1523 2960 1684 3012 modo
1725 2957 1954 3032 [judex]
1988 3001 2004 3026 ,
2037 2976 2177 3031 quo-

571 3049 1050 3118 Illittusjlttlit:iuttt
1093 3050 1276 3115 ferat,
1321 3049 1695 3120 impediatur,
1751 3051 1846 3106 sed
1884 3053 2176 3109 transmis-

573 3158 692 3199 sam
729 3143 834 3198 sibi
881 3143 1321 3198 controversiam
1355 3145 1420 3198 ad
1461 3143 1593 3214 legis
1633 3145 1953 3217 praescripta
1985 3154 2177 3202 exacte

568 3235 824 3303 decidat;
869 3245 927 3290 ut
954 3244 1135 3291 tamen
1189 3235 1452 3305 litigator,
1493 3238 1538 3293 si
1569 3252 1628 3293 se
1666 3237 1872 3309 injuria
1914 3239 2170 3296 allectum

569 3337 742 3398 putet,
770 3344 800 3383 a
825 3329 1212 3399 provocatorio
1231 3329 1444 3400 judicio
1471 3330 1794 3400 neutiquam
1816 3333 2166 3390 excludatur.

567 3423 746 3492 Atque
773 3423 879 3478 hoc
910 3421 1178 3495 [quidem]
1215 3439 1410 3480 omnes
1443 3439 1539 3480 vos
1573 3425 1790 3496 judices
1830 3442 2169 3498 cognoscen-

565 3523 688 3581 tes,
731 3515 970 3570 nitimiui
1024 3516 1355 3574 commissas
1403 3519 1560 3574 vobis
1618 3518 1741 3575 lites
1798 3536 2062 3588 servare,
2115 3533 2170 3577 et

566 3604 871 3673 legitimum
920 3605 1029 3662 illis
1097 3607 1260 3663 tinem
1316 3610 1618 3680 imponere.
1673 3609 1795 3666 Non
1847 3615 1966 3669 vult
2017 3614 2164 3670 enim

568 3697 921 3766 imperatoria
961 3713 1082 3753 mea
1119 3697 1414 3768 majestas,
1459 3712 1518 3755 ut
1547 3709 1902 3773 posteaquam
1946 3719 2012 3760 ex
2046 3705 2161 3776 jus-

564 3789 722 3842 sione
748 3787 924 3858 ipsius
954 3789 1021 3843 ad
1054 3789 1299 3860 judicem
1329 3793 1644 3864 quempiam
1673 3793 1904 3870 [aliqua]
1938 3807 2167 3853 contro-

566 3879 747 3936 versia
794 3881 1125 3938 transmissa
1183 3882 1384 3952 fuerit,
1442 3901 1540 3956 per
1623 3888 2166 3961 cujusmodicunque

562 3973 840 4044 posterius
862 3973 1153 4045 scriptum,
1176 3977 1323 4047 quod
1355 3979 1793 4036 controversiam
1827 3981 1893 4036 ad
1922 3983 2161 4054 impera-

565 4068 762 4122 loriam
811 4083 994 4123 meam
1064 4070 1412 4140 majestatem
1492 4072 1771 4130 introduci
1826 4075 2162 4146 demandet,

559 4160 806 4231 cognitio
857 4162 1229 4232 impediatur;
1276 4166 1372 4220 sed
1437 4177 1499 4222 ut
1553 4167 1648 4223 illa
1716 4169 1860 4239 apud
1906 4170 2160 4226 eumdem

554 4255 824 4325 judicem,
851 4265 945 4311 aut
969 4256 1053 4329 (ut
1085 4259 1340 4329 superius
1358 4258 1565 4316 dictum
1593 4261 1700 4333 est)
1727 4259 1921 4334 [aptth
1945 4262 2162 4333 judices

560 4347 703 4400 intra
731 4347 923 4418 viginti
950 4350 1286 4420 cognitionis
1323 4351 1442 4406 dies
1476 4350 1638 4424 [tina]
1673 4367 1798 4408 cum
1831 4354 1952 4424 ipso
1977 4355 2160 4422 datos,

560 4455 736 4510 usque
768 4441 834 4496 ad
864 4439 1050 4507 linem,
1096 4442 1172 4498 ita
1203 4453 1265 4498 ut
1287 4444 1539 4500 subtrahi
1578 4461 1686 4498 non
1717 4447 1926 4516 possit,
1965 4464 2160 4519 proce-

2293 1936 2690 2008 προσδέχεσθαι
2748 1937 2960 2000 πάντας
3009 1937 3138 2001 τοὺς
3171 1937 3500 2008 ἑλκομένους
3553 1938 3638 2000 εἰς
3677 1937 3872 2006 οἱονδη-

2291 2029 2490 2084 ποτοῦν
2557 2029 2936 2100 δικαστήριον,
2965 2029 3061 2084 καὶ
3114 2027 3420 2097 ζητοῦντας
3463 2027 3562 2082 τοῦ
3605 2027 3871 2100 βασιλικοῦ

2295 2121 2543 2194 βήματος
2567 2121 2669 2192 τὴν
2705 2122 2995 2193 ἀκρόασιν,
3023 2120 3320 2192 ἐσχόλασεν
3351 2120 3461 2174 ἀπὸ
3497 2119 3874 2190 μεταγενεστέ·

2293 2233 2394 2287 ρας
2421 2213 2773 2286 προστάξεως
2800 2212 2896 2268 τοῦ
2919 2213 3087 2266 αὐτοῦ
3118 2213 3384 2284 βασιλέως
3412 2214 3612 2282 κυρίου
3645 2211 3868 2278 Ἀλεξίου

2287 2305 2385 2362 τοῦ
2413 2304 2727 2378 Κομνηνοῦ,
2752 2303 3120 2376 ἀπολυθείσης
3143 2305 3286 2358 κατά
3327 2304 3473 2375 μῆνα
3514 2305 3694 2359 Μάῖον
3752 2303 3868 2356 ινδι-

2294 2400 2504 2464 κτιόνος
2531 2397 2600 2469 γ’·
2627 2400 2723 2453 καὶ
2746 2398 3124 2471 διοριζομένης
3153 2397 3294 2469 μετὰ
3328 2398 3390 2452 τὸ
3413 2398 3704 2470 προοίμιον
3718 2395 3870 2450 ταῦτα

2293 2493 2495 2566 ῥητῶς·
2523 2492 2828 2564 Διορίζεται
2853 2487 2947 2547 οὖν
2983 2494 3152 2546 πᾶσιν
3193 2493 3322 2564 ὑμῖν
3349 2494 3462 2556 τοῖς
3492 2492 3608 2546 τῶν
3634 2493 3869 2561 δικαστη-

2292 2588 2424 2660 ρίων
2452 2585 2796 2659 προεστῶσιν
2826 2586 2859 2657 ἡ
2894 2584 3142 2656 βασιλεία
3173 2602 3298 2656 μου,
3329 2587 3530 2657 μηκέτι
3551 2585 3615 2640 τὸ
3639 2586 3742 2640 ἀπὸ
3763 2583 3866 2637 τοῦ⁴

2287 2679 2345 2732 δε
2382 2677 2674 2749 προσέχειν
2730 2675 3001 2747 οἱᾳδήτινι
3057 2677 3370 2748 ἀντιγραφῇ
3421 2675 3708 2748 κωλυούσῃ
3763 2676 3866 2730 τινὰ

2287 2772 2397 2827 τῶν
2422 2771 2694 2826 δικαστῶν
2716 2771 2817 2842 τὴν
2845 2769 2934 2826 ἐπ’
2982 2768 3136 2840 αύτῷ
3187 2770 3688 2841 καταπεμφθεῖσαν
3727 2770 3866 2840 δίκην

2289 2865 2630 2937 γυμνάζειν,
2673 2865 2779 2919 κᾶν
2837 2863 2930 2918 διά
2975 2863 3349 2936 κινναϐάρεως
3385 2863 3861 2936 ὑποσεσημασμένη

2287 2959 2558 3033 τυγχάνῃ,
2609 2957 2715 3013 κᾶν
2753 2956 2853 3029 τὴν
2879 2955 3244 3029 κηρόϐουλλον
3296 2958 3572 3028 σφραγῖδα
3631 2958 3858 3028 φέρηται,

2288 3052 2428 3107 ἀλλά
2460 3051 2606 3124 μετά
2627 3051 2728 3124 τὴν
2749 3050 2849 3104 τοῦ
2908 3050 3155 3105 λιϐέλλου
3188 3050 3358 3115 δόσιν,
3389 3053 3438 3103 εἰ
3470 3051 3575 3122 μὲν
3605 3052 3746 3114 ἐντὸς
3768 3049 3860 3102 τῶν

2291 3143 2500 3198 εἴκοσιν
2531 3142 2760 3214 ἡμερῶν
2787 3141 2886 3213 τῆς
2911 3141 3251 3212 διασκέψεως
3280 3144 3309 3197 ό
3327 3144 3417 3196 ἐπὶ
3445 3142 3506 3197 τὸ
3533 3144 3858 3213 δικαστήριον

2287 3238 2582 3310 ἑλκόμενος
2612 3237 2768 3291 λύσιν
2788 3238 2888 3308 τῆς
2913 3236 3193 3309 βασιλείας
3215 3236 3373 3308 ἡμῶν
3420 3239 3729 3308 πορίσεται,
3781 3236 3858 3289 καὶ

2285 3327 2475 3401 ἕτερον
2505 3327 2770 3399 δικαστὴν
2791 3326 2871 3399 τῷ
2903 3327 2989 3398 ἐφ’
3028 3326 3088 3380 ὃν
3118 3327 3390 3400 πρότερον
3442 3328 3799 3400 παρεπέμφθη
3827 3328 3854 3396 ἡ

2283 3424 2408 3495 δίκη
2435 3421 2960 3492 παραζευγνύουσαν
2995 3421 3237 3476 συνιέναι
3255 3422 3382 3486 τοὺς
3405 3422 3717 3495 όρισθέντας
3737 3422 3852 3474 κατὰ

2281 3518 2480 3572 ταυτὸν
2513 3517 2778 3580 δικαστὰς
2813 3517 2908 3571 καὶ
2934 3515 3033 3587 τὴν
3061 3515 3122 3570 τὸ
3151 3515 3252 3588 μὲν
3283 3516 3512 3585 ἐπάγειν
3563 3519 3672 3579 τοῖς
3707 3515 3854 3584 ἀμφι-

2284 3613 2460 3676 ϐόλοις
2508 3611 2756 3683 ἔννομον.
2811 3610 2876 3664 El
2907 3608 2954 3663 δ’
2983 3609 3143 3663 ὁτῶν
3197 3611 3375 3664 ενκοσι
3407 3611 3636 3682 ἡμερῶν
3694 3624 3848 3679 παρα-

2281 3707 2467 3779 δράμῃ
2525 3704 2759 3778 χρόνος,
2833 3703 2972 3774 μετά
3000 3702 3365 3772 συνδικαστὴν
3451 3701 3643 3774 ἕτερον
3696 3714 3850 3769 παρα·

2281 3797 2556 3870 δέχεσθαι,
2614 3797 2697 3851 ὅτι
2737 3794 2836 3849 καὶ
2881 3794 2962 3865 τῷ
3003 3794 3156 3866 νόμῳ
3182 3792 3360 3866 τούτῳ
3392 3793 3564 3862 δοκεῖ,
3599 3797 3729 3866 μήτε
3759 3790 3849 3862 μὴν

2281 3889 2558 3964 προφάσει
2614 3887 2710 3942 τοῦ
2769 3888 2863 3941 ἐπὶ
2889 3887 2950 3940 τὸ
2979 3887 3076 3958 τῆς
3109 3886 3385 3959 βασιλείας
3423 3904 3526 3958 μου
3559 3888 3708 3959 βῆμα
3749 3886 3847 3954 ὀρι-

2283 3985 2476 4056 σθῆναι
2509 3983 2640 4046 ἴσως
2665 3982 2725 4046 ἐς
2757 3979 2988 4053 ὕστερον
3015 3980 3117 4054 τὴν
3156 3980 3316 4052 δίκην
3344 3979 3594 4049 γίνεσθαι
3647 3974 3848 4045 εἰσαγώ-

2280 4095 2444 4151 γιμον
2484 4075 2882 4149 ἐμποδίζεσθαι
2926 4075 3064 4139 ὅλως
3111 4075 3194 4139 εἰς
3228 4073 3328 4145 τὴν
3365 4073 3676 4142 διάγνωσιν,
3733 4067 3846 4124 ἀλλὰ

2277 4173 2500 4243 τέμνειν
2549 4171 2649 4241 τὴν
2719 4167 3214 4239 καταπεμφθεϊσαν
3271 4167 3465 4221 τούτου
3541 4163 3846 4238 ἀμφιϐολίαν

2281 4265 2423 4337 μετά
2459 4263 2560 4333 τὴν
2591 4259 2687 4316 τοῦ
2716 4261 2884 4332 νόμου
2947 4260 3258 4332 ἀκρίϐειαν,
3317 4259 3393 4332 μὴ
3441 4256 3844 4327 ἀποκλειομένου

2278 4358 2496 4420 πάντως
2534 4355 2614 4427 τῷ
2641 4353 2986 4426 δικαζομένῳ
3034 4353 3130 4408 τοῦ
3159 4354 3260 4424 τῆς
3289 4353 3560 4424 ἐκκλήτου
3613 4353 3842 4416 δικαστη-

2278 4449 2420 4521 ρίου.
2456 4447 2587 4516 Εἷγε
2623 4445 2927 4517 βεϐλάφθαι
2960 4446 3152 4511 οἴεται,
3189 4446 3283 4497 καὶ
3313 4445 3471 4498 τοῦτο
3495 4445 3695 4508 πάντες
3709 4442 3842 4511 ὑμεῖς

556 4532 682 4598 dat;
710 4546 774 4586 ac
804 4531 1216 4602 postjudicium
1242 4533 1460 4589 (initum
1491 4534 1543 4589 ei
1569 4535 1665 4608 qui
1694 4535 1933 4595 fortasse
1959 4540 2164 4610 injuria

2285 4541 2641 4612 γινώσκοντες
2672 4540 2724 4593 οἱ
2766 4537 3082 4604 δικάζοντες
3117 4537 3379 4591 σπεύδετε
3435 4539 3534 4602 τὰς
3592 4534 3840 4592 ἀνατεθει-

556 4639 618 4679 se
648 4625 904 4680 allectum
948 4626 1182 4696 putabit,
1208 4625 1444 4684 facultas
1481 4628 1575 4697 sit,
1615 4639 1674 4684 ut
1706 4646 1804 4700 per
1833 4635 2174 4702 provocatio-

2285 4637 2445 4708 μένας
2477 4635 2606 4706 ὑμῖν
2629 4633 2785 4697 δίκας
2835 4634 3048 4704 τηρεῖν,
3076 4631 3152 4696 ὡς
3182 4632 3358 4697 τέλος,
3390 4630 3618 4694 ταύταις
3640 4628 3840 4696 ἐπάγειν

559 4732 684 4771 nem
715 4717 864 4771 aliud
892 4719 1132 4774 tribunal
1164 4720 1464 4790 imploret,
1519 4731 1615 4778 aut
1661 4726 1924 4794 potentiae
1966 4739 2171 4785 nostra:

2285 4729 2520 4798 ἔννομον.
2583 4727 2660 4780 Οὐ
2716 4724 2968 4797 βούλεται
2996 4725 3114 4795 δὲή
3155 4723 3404 4794 βασιλεία
3471 4741 3574 4794 μου
3608 4720 3738 4794 μετὰ
3789 4715 3840 4768 τὸ

558 4807 896 4863 audientiam
925 4810 1190 4880 requirat.
1239 4810 1418 4883 Legas
1447 4813 1612 4869 etiam
1640 4815 1709 4870 15
1740 4832 2008 4874 cauouem
2040 4835 2172 4875 con-

556 4899 667 4956 cilii
690 4899 1168 4973 Carthaginiensis,
1201 4913 1258 4960 et
1281 4921 1405 4976 qua:
1445 4906 1499 4960 in
1534 4907 1626 4962 illo
1653 4905 1674 4979 [
1698 4912 2174 4979 comprehendun-

561 4993 694 5065 tur.]
727 4993 918 5050 Const.
948 4996 1040 5064 22,
1074 4997 1160 5054 tit.
1191 4999 1246 5065 5,
1283 4998 1380 5054 lib.
1413 5014 1428 5053 ι
1461 5001 1586 5056 cod.
1621 5010 1708 5058 est
1742 5019 1868 5074 cap.
1899 5005 1956 5072 Ξ,
1989 5007 2077 5060 tit.
2109 5007 2160 5074 1,

557 5087 654 5142 lib.
714 5103 754 5142 ιι
785 5086 952 5142 Basil.
987 5091 1135 5159 quod
1169 5107 1356 5162 quaere
1385 5092 1653 5148 insertum
1691 5095 2021 5166 expositioni
2053 5099 2117 5155 «il
2143 5139 2159 5166 ,

557 5181 787 5236 canonis
812 5182 1030 5238 concilii
1065 5181 1386 5240 Laodiceni.
1434 5185 1626 5244 Const.
1665 5204 1796 5244 vero
1826 5191 1897 5246 ΞΒ
1918 5232 1933 5259 ,
1969 5191 2053 5248 tit.
2083 5191 2118 5247 5
2141 5233 2157 5260 ,

557 5271 652 5326 lib.
687 5288 726 5339 ι,
757 5272 882 5327 cod.
907 5273 963 5327 in
994 5273 1162 5330 Basil.
1193 5291 1302 5330 non
1330 5285 1415 5332 est
1450 5279 1648 5346 posita.

2275 4820 2756 4893 παραπεμφθῆναι
2808 4819 2948 4882 ὅλως
2977 4819 3082 4872 τινὶ
3125 4821 3238 4871 τῶν
3279 4817 3553 4872 δικαστῶν
3608 4816 3838 4870 ὑπόθεσιν

2273 4915 2418 4971 κατὰ
2470 4915 2774 4987 πρόσταξιν
2827 4912 3024 4984 αὐτῆς,
3059 4912 3120 4977 ἐξ
3181 4911 3523 4983 οἱασδήτινος
3564 4921 3836 4980 μεταγενε-

2274 5010 2476 5081 στέραις
2503 5007 2727 5080 γραφῆς
2763 5005 3170 5078 ἐπιτρεπούσης
3205 5006 3286 5066 εἰς
3313 5005 3412 5074 τὴν
3459 5002 3726 5075 βασιλείαν
3751 5013 3834 5067 μου

2270 5102 2592 5173 εἰσαχθῆναι
2627 5099 2728 5171 τὴν
2759 5099 2939 5170 δίκην,
2980 5098 3081 5170 τὴν
3115 5097 3410 5167 διάγνωσιν
3451 5091 3829 5166 ἐμποδίζεσθαι,

2271 5193 2408 5248 ἀλλὰ
2474 5191 2796 5263 προϐαίνειν
2840 5189 3050 5262 ταύτην
3110 5189 3214 5253 ἕως
3253 5189 3444 5252 τέλους
3483 5182 3831 5242 ἀνυποστόλως

2272 5288 2426 5359 παρά
2456 5285 2533 5356 τῷ
2567 5283 2718 5355 αὐτῷ
2749 5284 3003 5355 δικαστῇ,
3034 5282 3204 5354 ἣτοῖς
3239 5282 3314 5346 ὡς
3368 5281 3624 5353 ἀνωτέρω
3645 5276 3828 5348 εἴρηται

559 5365 966 5437 συνδεδομένοις
996 5367 1173 5440 τούτῳ
1209 5369 1612 5439 πνδικασταῖς,
1644 5375 1797 5438 ἐντὸς
1825 5375 2030 5451 δηλαδὴ
2053 5378 2154 5450 τῆς
2191 5380 2303 5434 τῶν
2329 5380 2376 5436 κ’
2411 5380 2640 5453 ἡμερῶν
2701 5377 3062 5448 διασκέψεως·
3126 5377 3267 5447 μετά
3311 5377 3370 5430 δὲ
3423 5377 3521 5448 τὴν
3574 5375 3668 5444 τῆς
3698 5369 3828 5432 δίκης

559 5463 861 5533 περαίωσιν
894 5461 973 5533 τῷ
1007 5462 1334 5537 ἀδικηθῆναι
1389 5469 1522 5534 ἴσως
1552 5470 1786 5541 οἰομένῳ
1830 5474 1918 5528 ἐπ’
1974 5475 2159 5540 ἀδείας
2199 5473 2342 5534 εἶναι
2381 5481 2477 5534 καὶ
2546 5479 2738 5550 ἕτερον
2787 5475 3223 5531 ἐπικαλέσασθαι
3265 5477 3381 5529 κατ’
3467 5473 3714 5542 ἔκκλητον
3759 5462 3824 5517 δι·

556 5557 933 5627 κιστήριον,ἣ
964 5558 1064 5629 τὴν
1096 5558 1191 5613 τοῦ
1220 5561 1456 5632 κράτους
1479 5565 1636 5635 ἡμῶν
1669 5568 1911 5641 ζητῆσαι
1941 5570 2226 5642 ἀκρόασιν.

631 5649 843 5703 Texlus.
869 5649 1082 5706 Etenim
1113 5653 1260 5726 leges
1281 5667 1444 5725 atquc
1469 5676 1712 5718 canones
1729 5664 2012 5734 clericum,
2032 5675 2165 5735 etc.,

561 5755 724 5810 mque
756 5741 826 5794 ad
853 5743 1148 5810 subierint,
1186 5746 1435 5815 reddant,
1462 5761 1518 5805 ut
1548 5770 1670 5824 pag.
1711 5755 1835 5811 710.

2342 5671 2651 5738 Κείμενον.
2688 5669 2800 5721 Καὶ
2835 5668 2884 5721 οἱ
2937 5668 3094 5738 νόμοι
3115 5667 3244 5738 γὰρ,
3287 5669 3381 5721 καὶ
3407 5667 3455 5720 οἱ
3495 5653 3706 5722 κανόνες
3730 5668 3820 5708 κω·

2269 5758 2455 5813 λύουσι
2486 5759 2749 5830 κληρικὸν
2774 5757 3028 5830 ὀμνῦναι,
3064 5775 3120 5812 κ.
3165 5777 3214 5814 τ.
3250 5759 3323 5825 λ.,
3362 5772 3534 5827 usque
3589 5752 3648 5806 ad
3681 5758 3820 5817 79""

2269 5846 2568 5918 γενομένας
2607 5849 2789 5913 αὐτοῖς
2824 5848 3088 5912 δαπάνας.
