4146 6442
466 379 490 446 1
504 382 609 447 097

1510 387 1999 452 NOMOCANON.
2039 415 2109 427 -·
2146 392 2296 453 ΤΙΤ.
2339 392 2457 469 IX,
2493 394 2652 458 CAP.
2692 395 2743 457 Ι.

3648 398 3782 464 1098

531 498 820 568 Σχόλιον.
849 497 969 569 Οὐχ
984 497 1261 571 εὑρίσκων
1283 500 1449 574 νόμον
1478 500 1512 573 ἢ
1544 502 1750 557 κανόνα
1780 502 2082 570 κωλύοντα,

2264 504 2534 562 Scholion.
2588 504 2709 563 Non
2745 506 2967 563 invenio
3014 508 3189 580 legem
3224 519 3317 565 aut
3346 525 3611 567 canonem
3654 528 3783 577 pro-

453 591 488 663 ἧ
525 590 893 662 ἐπιτρέποντα
928 592 1057 655 τοὺς
1083 594 1381 664 κληρικοὺς
1433 593 1679 665 ὀμνύειν,
1721 594 1934 666 μήποτε
1963 593 2059 649 οὖν

454 687 489 756 ἡ
521 681 780 754 παροῦσα
802 683 1098 755 νομοθεσία
1154 685 1347 740 ἀπεῖδε
1397 685 1539 757 πρὸς
1573 685 1635 740 τὸ
1666 686 1773 740 ὑπὸ
1804 685 1898 740 106
1945 688 2061 740 Ku-

456 780 577 847 ρίου
604 779 663 830 ἐν
700 776 1069 845 Εὑαγγελίοις
1098 778 1393 850 εἰρημένον
1422 779 1553 852 περὶ
1588 777 1685 832 τοῦ
1712 778 1788 851 μὴ
1833 778 2060 850 ὀμνύειν

455 870 601 932 τινὰ,
630 871 727 923 καὶ
758 868 884 923 ἀντὶ
908 869 1008 940 τῆς
1046 871 1212 938 ἁγίας
1238 871 1469 943 Γραφῆς
1503 872 1670 944 νόμου
1707 871 1807 926 καὶ
1834 872 2061 936 κανόνος

461 961 733 1034 ἐμνήσθη.
775 960 840 1016 Ἦ
877 962 935 1016 δὲ
966 961 1044 1034 λβ⁹
1074 964 1239 1028 διάτ.,
1278 966 1374 1021 106
1397 971 1445 1036 γ’
1494 966 1599 1019 τίτ.
1632 964 1728 1019 τοῦ
1753 963 1801 1018 α’
1849 964 2060 1037 βιϐλίου

462 1053 559 1108 τοῦ
582 1054 811 1118 κώδικος
833 1055 933 1109 οὐκ
962 1055 1150 1125 ἐτέθη,
1180 1058 1262 1121 είς
1294 1058 1363 1112 τὰ
1388 1057 1642 1129 βασιλικὰ
1667 1056 1943 1126 ἀνάγνωθι
1967 1057 2064 1113 καὶ

461 1148 524 1201 τὸ
548 1145 593 1218 β’
622 1148 834 1219 σχόλιον
859 1147 952 1202 τοῦ
977 1150 1061 1215 κζ’
1094 1168 1220 1222 κεφ.
1255 1152 1351 1206 τοῦ
1384 1152 1653 1225 παρόντος
1680 1151 1787 1207 τίτ.

536 1242 817 1309 Σχόλιον.
856 1239 921 1295 Ἦ
945 1247 986 1295 ν’
1014 1241 1182 1308 διὰτ.,
1224 1243 1319 1298 106
1345 1249 1416 1313 γ’,
1445 1243 1551 1297 τίτ.
1599 1243 1695 1297 106
1727 1242 1799 1309 α’,
1855 1242 2062 1314 βιϐλίου

462 1331 557 1386 τοῦ
591 1331 847 1401 κώδικος,
871 1334 987 1389 ἐστι
1043 1354 1168 1407 κεφ.
1194 1334 1241 1391 θ’
1271 1337 1370 1391 τοῦ
1399 1335 1448 1408 γ’
1470 1337 1576 1393 τίτ.
1608 1337 1704 1391 τοῦ
1745 1344 1796 1407 γ’
1854 1339 2063 1410 βιϐλίου

463 1426 574 1480 τῶν
601 1426 932 1483 Βασιλικῶν.
965 1429 1040 1482 Τὸ
1073 1430 1129 1483 δέ
1165 1431 1321 1503 ῥῆμα
1350 1431 1408 1486 τὸ
1436 1431 1733 1504 λεγόμενον
1763 1434 1821 1485 ἐν
1848 1432 1925 1504 τῷ
1958 1432 2071 1486 κώα

462 1518 595 1588 δικι,
646 1520 881 1588 γενικῶς
903 1522 1011 1594 γὰρ
1040 1520 1249 1587 ἔξεστιν
1281 1525 1499 1596 ἑκάστῳ
1534 1524 1642 1579 τῶν
1675 1523 1815 1596 ὑπὲρ
1868 1524 2066 1578 ἐαυτοῦ

466 1616 854 1683 καταφρονεῖν,
879 1616 981 1669 οὐκ
1018 1616 1176 1688 ἐτέθη
1209 1618 1289 1680 είς
1319 1617 1390 1671 τὰ
1420 1617 1708 1672 Βασιλικά.
1745 1617 1809 1671 Ἦ
1838 1617 2065 1689 β’διάτ.,

466 1703 562 1758 τοῦ
594 1703 636 1759 δ’
668 1705 775 1759 τίτ.
825 1704 920 1759 106
955 1703 1002 1759 α’
1056 1706 1263 1777 βιϐλίου
1296 1706 1392 1761 106
1432 1706 1663 1773 κώδικος
1688 1707 1790 1762 οὐκ
1816 1707 1964 1762 ἐστιν
1989 1709 2069 1773 είς

2184 598 2502 664 bibentem,
2558 609 2654 655 aut
2703 602 3149 672 permittentem,
3197 610 3257 657 ut
3326 603 3511 660 clerici
3571 605 3782 675 jurcnt.

2181 686 2365 760 [llaud
2398 690 2536 764 scio]
2572 690 2779 763 itaque,
2821 708 2891 747 an
2930 707 3176 763 praesens
3224 692 3505 765 legislatio
3552 696 3618 749 ad
3654 696 3784 751 illud

2177 783 2326 854 quod
2365 798 2397 838 a
2430 783 2661 841 Domino
2683 785 2738 840 in
2770 784 3085 857 Evangeliis
3109 785 3335 851 dicitur,
3366 802 3433 841 ne
3461 787 3586 855 quis
3613 787 3785 859 juret,

2177 880 2507 950 respexerit,
2549 889 2603 935 et
2628 895 2727 951 pro
2760 888 2951 935 sancta
2988 879 3275 951 Scriptura
3323 880 3459 951 legis
3505 889 3670 951 atque
3696 897 3789 936 ca-

2177 972 2337 1027 nonis
2354 972 2682 1027 mentionem
2703 972 2914 1027 l‘ecerit.
2937 971 3130 1027 Const.
3156 981 3339 1027 autem
3355 972 3445 1039 52,
3463 971 3545 1027 tit.
3562 972 3617 1038 5,
3634 973 3725 1027 lib.
3744 972 3787 1039 l,

2176 1065 2299 1120 co:|.
2332 1080 2439 1120 non
2478 1073 2564 1121 est
2598 1066 2778 1136 posita
2807 1065 2861 1120 in
2888 1064 3080 1131 Basil.,
3118 1063 3393 1138 [proinde]
3438 1065 3587 1138 legas
3621 1066 3791 1121 etiam

2174 1158 2477 1212 secundum
2507 1158 2790 1213 Scholium
2821 1172 2943 1227 cap.
2975 1158 3045 1212 27
3079 1159 3368 1228 praesentis
3400 1160 3485 1212 tit.

2253 1248 2548 1304 Sclwlium.
2568 1246 2757 1304 ϐοιιει.
2778 1247 2867 1313 50,
2893 1249 2977 1303 tit.
2999 1247 3052 1315 5,
3074 1248 3166 1303 lib.
3184 1266 3227 1315 ι,
3250 1249 3374 1304 cod.
3393 1256 3477 1304 est
3492 1262 3612 1319 cap.
3632 1246 3686 1303 9.
3708 1247 3795 1303 tit.

2177 1342 2233 1407 5,
2249 1342 2342 1396 lib.
2364 1357 2423 1396 ιιι
2438 1341 2602 1397 Basil.
2622 1341 2757 1398 Illud
2772 1356 2899 1397 vero
2912 1340 3118 1398 codicis
3140 1341 3495 1413 :generaliter
3508 1340 3654 1397 enim
3669 1341 3799 1397 licet

2182 1436 2384 1505 cuique
2405 1445 2879 1505 contemnerequa:
2891 1451 2989 1506 pro
3002 1451 3060 1492 se
3085 1435 3317 1507 [indulta
3349 1443 3477 1491 sunt
3495 1434 3535 1507 :]
3552 1435 3607 1490 in
3626 1434 3797 1491 Basil.

2184 1544 2291 1581 non
2314 1536 2398 1582 est
2418 1527 2680 1597 positum.
2708 1528 2966 1595 Coust.2,
2989 1528 3071 1582 tit.
3106 1529 3163 1592 4,
3179 1527 3273 1582 lib.
3296 1543 3335 1596 ι,
3371 1529 3495 1582 cod.
3516 1542 3623 1583 non
3642 1528 3801 1584 estin

2184 1620 2360 1689 Basil;
2391 1635 2570 1690 neque
2586 1618 2763 1694 [vero]
2787 1621 2817 1675 7
2843 1621 3087 1691 ejusdem
3129 1621 3283 1677 tit.et
3302 1620 3396 1676 lib.
3433 1637 3610 1693 neque
3625 1621 3679 1685 8,
3705 1637 3804 1676 ne-

2187 1733 2295 1790 que
2325 1718 2409 1772 15.
2432 1716 2610 1789 Legas
2631 1728 2812 1772 autem
2832 1731 2952 1786 cap.
2985 1714 3057 1770 44
3084 1714 3166 1771 tit.
3211 1732 3253 1782 ι,
3280 1715 3377 1770 lib.
3404 1730 3487 1781 ιιι,
3509 1715 3653 1787 quod
3674 1729 3805 1785 pars

469 1799 538 1854 τὰ
562 1797 1045 1871 Βασιλικάκούδέή
1076 1798 1122 1865 ζ’
1166 1800 1310 1856 διάτ.
1343 1800 1439 1855 τοῦ
1494 1800 1662 1856 αὐτοῦ
1690 1801 1798 1856 τίτ.
1850 1802 1944 1856 καὶ
1978 1800 2061 1872 βιδ

2210 1811 2538 1868 :stnovelke
2594 1811 2736 1879 125,
2790 1826 2858 1867 ac
2922 1810 3075 1866 dicas
3118 1810 3420 1866 secundum
3469 1810 3600 1865 illud
3652 1812 3773 1881 prin

471 1893 664 1985 ϐλίου,
722 1893 845 1948 οὐδὲ
907 1894 942 1966 ἡ
990 1869 1062 1964 ηέ.
1118 1893 1241 1948 ούδέ
1298 1895 1332 1964 ἡ
1386 1892 1849 1964 maritume;
1894 1869 2077 1949 seu;

2210 1905 2429 1960 ιειίοιιεε
2489 1903 2705 1959 institui
2767 1902 2910 1975 apud
2963 1902 3274 1974 episcopos.
3318 1901 3453 1973 Cap.
3514 1869 3697 1958 autem
3745 1869 3807 1985 οῗ

474 1984 561 2053 μδ¹
623 2000 750 2053 κεφ.
790 1982 887 2038 τοῦ
929 2000 964 2037 α
1007 1984 1114 2041 τίτ.
1144 1981 1240 2038 τοῦ
1291 1982 1338 2054 γ’
1394 1984 1601 2055 βιϐλίου
1645 1986 1813 2059 μέρος
1871 1985 1932 2039 ὃν
1965 1988 2067 2059 τῆς

2210 1998 2439 2070 ejusdem
2478 1998 2563 2054 tit.
2604 2005 2659 2054 et
2693 1998 2788 2053 lib.
2838 2011 2908 2053 ne
2953 1999 3256 2053 auscultes.
3315 1996 3413 2052 Est
3454 1996 3601 2052 enim
3638 1981 3809 2067 hujus

476 2073 601 2146 ρκγ⁹
624 2077 847 2149 νεαρᾶς,
873 2078 968 2131 καὶ
992 2076 1122 2146 λέγε
1149 2078 1291 2147 μετὰ
1316 2077 1477 2131 τοῦτο
1498 2077 1748 2148 γίνεσθαι
1768 2080 1896 2143 τοὺς
1923 2078 2083 2133 ἑλκυ-

2210 2094 2521 2151 ιοιιειὶιιιιίο
2542 2102 2708 2164 atque
2741 2108 2839 2164 per
2863 2091 3070 2148 dictam
3114 2091 3478 2148 recentiorem
3527 2090 3802 2145 novellam

477 2168 652 2239 σμοὺς
687 2169 955 2242 πρότερον
983 2170 1138 2242 παρὰ
1161 2172 1273 2234 τοῖς
1307 2170 1653 2235 ἐπισκόποις.
1678 2172 1770 2244 Τῷ
1790 2172 1847 2226 δέ
1872 2170 1925 2237 ς’
1956 2190 2086 2241 κεφ.

2210 2188 2524 2258 abrogatum
2573 2195 2680 2244 est.
2731 2185 2838 2242 Sed
2884 2200 3066 2256 neque
3101 2184 3327 2240 alteram
3380 2182 3806 2239 Justiniamcam

475 2259 575 2313 106
628 2260 797 2315 αὑτοῦ
844 2262 951 2317 τίτ.
990 2264 1084 2317 καὶ
1137 2262 1346 2335 βιϐλίου
1380 2264 1455 2337 μὴ
1508 2265 1778 2336 προσχῆς,
1810 2266 1952 2321 διάτ.
1978 2266 2090 2340 γάρ

2210 2281 2499 2347 novellam,
2552 2294 2676 2350 qua:
2722 2279 3018 2334 adversum
3070 2277 3332 2347 quiddam
3378 2275 3533 2342 dicit,
3586 2274 3805 2329 audias.

477 2355 598 2407 ἐστι
651 2354 832 2420 τοῦτο,
887 2356 983 2410 καὶ
1036 2357 1277 2430 ἀνῃρέθη
1315 2356 1423 2411 ὑπὸ
1467 2358 1571 2430 τῆς
1622 2359 1885 2432 ρηθείσης
1922 2377 2092 2431 μετα-

2210 2374 2335 2429 .N'am
2386 2390 2495 2430 non
2526 2383 2611 2429 est
2640 2374 2820 2443 posita
2856 2372 2910 2426 in
2948 2369 3116 2427 Basil.
3171 2368 3391 2425 tametsi
3437 2368 3751 2422 inveniatur
3783 2386 3799 2432 ;

480 2447 816 2519 γενεστέρας
842 2451 1068 2519 νεαρᾶς,
1102 2450 1241 2504 ἀλλὰ
1275 2451 1414 2522 μηδέ
1448 2451 1615 2523 ἑτέρᾳ.
1665 2452 2088 2523 Ἰουστινιανείῳ

2210 2468 2295 2523 sed
2346 2476 2615 2534 quantum
2674 2465 2742 2520 ad
2802 2463 2882 2537 [id
2949 2465 3167 2523 attinet,
3223 2458 3307 2532 ut]
3366 2461 3608 2530 primum
3669 2460 3815 2531 apud

482 2542 658 2634 νεαρᾷ
687 2544 936 2634 προσχῆς
963 2542 1153 2615 ἕτερόν
1182 2561 1238 2597 τι
1263 2544 1523 2616 λεγούσῃ,
1558 2546 1641 2599 ὅτι
1673 2545 1793 2599 οὐδὲ
1822 2545 1984 2618 ἐτέθη
2012 2547 2095 2611 είς

2210 2563 2498 2634 episcopos
2511 2569 2564 2614 et
2582 2556 3031 2628 melropolitanos
3055 2553 3452 2611 controversiae
3493 2567 3815 2623 proponan-

485 2632 557 2686 τὰ
582 2633 871 2701 Βασιλικὰ,
899 2635 1003 2690 κᾶν
1037 2636 1387 2709 εὑρίσκησαι,
1428 2637 1545 2691 ἀλλ’
1589 2638 1705 2692 ὅσοι
1742 2637 1845 2710 μέν
1891 2638 1970 2703 εἰς
2034 2638 2098 2692 τὸ

2210 2632 2294 2711 tur
2321 2661 2377 2709 et
2418 2653 2498 2708 sic
2524 2651 2592 2708 ad
2620 2649 2989 2722 patriarcham
3026 2647 3314 2703 deveniant
3346 2663 3360 2700 :
3387 2647 3635 2701 animum
3671 2645 3821 2702 dicto

489 2729 726 2799 πρώτως
778 2729 930 2800 παρά
956 2732 1072 2794 τοῖς
1100 2732 1454 2797 ἐπισκόποις,
1488 2733 1585 2785 καὶ
1619 2733 1731 2796 τοῖς
1763 2730 2099 2804 μητροπολί-

2210 2748 2274 2805 14
2315 2763 2439 2818 cap.
2467 2745 2551 2801 tit.
2611 2761 2625 2800 ι
2665 2744 2760 2800 lib.
2800 2759 2856 2798 ιιι
2880 2742 3114 2813 applica.
3136 2739 3416 2810 Quantum
3441 2755 3571 2794 vero
3595 2740 3660 2794 ad
3690 2737 3818 2811 [itl,|

490 2838 615 2883 ταις
639 2820 921 2876 λαλεῖσθαι
967 2824 1069 2887 τὰς
1111 2824 1423 2892 ὑποθέσεις,
1478 2827 1576 2879 καὶ
1628 2824 1802 2890 οὕτως
1841 2825 2099 2897 ἔρχεσθαι

2210 2853 2277 2892 ηε
2307 2836 2499 2892 civiles
2548 2843 2643 2890 aut
2690 2835 2965 2907 militares
3019 2833 3378 2903 magistratus
3419 2830 3817 2886 commercium

492 2911 667 2976 αὑτὰς
720 2914 801 2976 είς
856 2914 949 2968 τὸν
1018 2916 1398 2989 πατριάρχην,
1458 2917 1696 2989 πρόσχες
1746 2916 1827 2988 τῷ
1878 2916 2099 2989 ῥηθέντι

2210 2930 2440 3000 aliquod
2492 2928 2761 2984 adversus
2809 2932 3167 2981 consecratos
3218 2924 3460 2978 habeant
3496 2942 3510 2978 :
3545 2923 3816 2977 novellam

488 3002 580 3076 μηδ’
603 3022 729 3076 κεφ.
758 3005 852 3060 τοῦ
873 3004 923 3060 α’
954 3007 1061 3061 τίτ.
1087 3008 1181 3061 τοῦ
1204 3006 1252 3079 γ’
1279 3009 1507 3080 βιϐλίου.
1535 3009 1699 3064 Ὅσον
1728 3009 1786 3064 δέ
1819 3011 1898 3074 είς
1931 3010 1994 3063 τὸ
2024 3009 2099 3083 μὴ

2210 3021 2608 3091 imperatorum
2662 3016 3011 3073 Constantini
3040 3025 3095 3071 ει
3143 3015 3400 3077 Hei-aelii,
3443 3029 3509 3071 ac
3544 3015 3815 3070 novellam

492 3099 641 3169 ἔχειν
666 3100 962 3170 μετουσίαν
986 3102 1110 3156 τινὰ
1138 3102 1266 3167 τοὺς
1294 3102 1630 3169 πολιτικοὺς,
1676 3102 1711 3177 ἢ
1768 3120 2097 3172 στρατιωτι-

2211 3113 2561 3179 imperatoris
2591 3110 2778 3166 domui
2809 3110 2986 3164 Alexii
3012 3108 3303 3175 Comneni,
3345 3122 3582 3179 quarum
3619 3108 3673 3162 in
3710 3108 3821 3161 ini-

490 3193 628 3257 κοὺς
675 3194 948 3265 ἄρχοντας
998 3196 1140 3265 μετὰ
1190 3196 1302 3250 τῶν
1363 3195 1702 3267 ἱερωμένων,
1736 3195 1976 3268 πρόσχες
2032 3197 2098 3267 τῇ

2215 3208 2289 3261 tio
2326 3205 2612 3276 praesentis
2648 3204 2731 3258 tit.
2771 3202 3109 3258 mentionem
3148 3201 3402 3268 fecimus,
3428 3202 3624 3257 audias
3649 3200 3823 3272 chas

491 3286 670 3357 νεαρᾷ
696 3286 808 3340 τῶν
840 3287 1110 3358 βασιλέων
1156 3290 1577 3344 Κωνσταντίνου
1621 3290 1717 3345 καὶ
1753 3289 2099 3360 Ἡρακλείου,

2211 3299 2438 3369 insuper
2479 3298 2542 3352 15
2591 3311 2859 3353 canonem
2908 3294 3131 3351 concilii
3171 3294 3662 3366 Carthaginensis,
3703 3304 3758 3349 et
3794 3292 3827 3347 9

495 3378 597 3433 καὶ
643 3380 710 3450 τῇ
760 3381 935 3450 νεαρᾷ
991 3380 1084 3434 τοῦ
1151 3380 1423 3452 βασιλέως
1476 3382 1668 3451 κυρίου
1722 3379 1959 3447 Ἀλεξίου
2007 3379 2099 3435 τοῦ

2214 3405 2482 3445 canonem
2516 3387 3015 3453 Chalcedonensis,
3052 3402 3287 3456 quaeque
3319 3387 3373 3441 in
3424 3387 3545 3456 ipso
3579 3401 3831 3455 compre-

499 3471 821 3543 Κομνηνοῦ,
855 3466 932 3528 ὧν
965 3474 1160 3545 μνείαν
1185 3474 1572 3546 ἐποιησάμεθα
1629 3475 1687 3527 ἐν
1719 3476 1786 3546 τῇ
1844 3475 2099 3546 καταρχῇ

2219 3482 2566 3545 heuduntur,
2597 3496 2720 3550 quae
2746 3494 2965 3533 onmem
2994 3477 3406 3549 ambiguitatem
3435 3477 3673 3531 solvunt.
3711 3476 3832 3544 lpsa

496 3565 597 3619 τοῦ
632 3567 902 3638 παρόντος
945 3569 1080 3635 τίτ.,
1113 3568 1390 3640 ἀνάγνωθι
1420 3569 1518 3623 καὶ
1557 3568 1649 3623 τὸν
1680 3566 1740 3623 ιε’
1776 3567 1982 3623 κανόνα
2008 3569 2099 3640 τῆς

2218 3584 2403 3630 autem
2432 3573 2504 3628 29
2540 3581 2722 3629 const.
2763 3588 2887 3643 qua:
2917 3572 2970 3625 in
3004 3570 3174 3627 Basil.
3201 3570 3379 3641 posita
3413 3585 3519 3624 non
3549 3578 3655 3632 est,
3679 3568 3834 3622 hunc

497 3659 561 3711 ἐν
618 3659 989 3733 Καρθαγέννῃ
1024 3662 1273 3728 συνόδου,
1307 3663 1403 3717 καὶ
1444 3662 1537 3716 τὸν
1582 3658 1625 3715 θ’
1676 3662 1881 3717 κανόνα
1926 3664 2025 3733 τῆς
2052 3663 2099 3715 ἐκ.

2220 3668 2290 3722 ad
2324 3669 2549 3721 modum
2583 3664 2751 3719 habet
2788 3682 2801 3718 :
2834 3664 3107 3719 adversus
3136 3663 3284 3718 enim
3320 3660 3459 3716 tales
3494 3659 3837 3731 episcopales

499 3752 845 3823 Χαλκηδόνι,
881 3755 980 3808 καὶ
1026 3755 1097 3809 τὰ
1130 3758 1190 3811 ἐν
1216 3756 1369 3828 αύτῷ
1415 3756 1614 3810 λύοντα
1647 3757 1832 3810 πᾶσαν
1870 3754 2112 3826 ἀμφιϐο-

498 3846 645 3903 λίαν.
678 3848 752 3902 Τὸ
781 3849 986 3915 πλάτος
1017 3850 1073 3905 δὲ
1100 3853 1199 3922 τῆς
1226 3853 1309 3907 κθ¹
1349 3852 1489 3906 διάτ.
1529 3852 1654 3924 ἥτις
1705 3852 1767 3905 οὐ
1802 3853 1981 3905 κεῖται
2032 3850 2117 3913 είς

501 3942 575 3995 τὰ
624 3941 914 4007 Βασιλικὰ,
961 3942 1135 4010 οὕτως
1174 3945 1309 4017 ἔχει,
1368 3947 1509 4000 κατὰ
1553 3948 1664 4019 γὰρ
1693 3946 1804 4000 τῶν
1856 3943 2117 3999 τοιούτων

502 4034 894 4089 ὲπισκοπικῶν
918 4036 1252 4108 ἀποφάσεων
1276 4039 1377 4093 οὑκ
1427 4035 1569 4094 εἶναι
1600 4038 1788 4112 χώραν
1846 4038 2119 4108 ἐκκλήτου

502 4126 627 4188 τοῖς
685 4125 794 4198 πρὸ
850 4127 1012 4198 ἡμῶν
1061 4128 1504 4201 νενομοθέτηται.
1551 4129 1615 4183 Ἦ
1650 4131 1837 4200 μέντοι
1875 4127 1918 4180 δ’
1976 4127 2116 4180 διάτ.

2228 3759 2535 3815 sententias
2568 3758 2947 3829 provocationi
2999 3758 3178 3812 locum
3224 3773 3332 3811 non
3364 3771 3507 3821 esse,
3544 3771 3574 3809 a
3625 3754 3838 3824 pra-tle-

2224 3854 2541 3909 ccssoribus
2580 3852 2788 3907 nostris
2833 3850 2951 3920 lege
2980 3858 3205 3905 cantum
3244 3858 3348 3904 est.
3406 3846 3553 3903 Sane
3585 3847 3619 3901 4
3651 3855 3835 3900 const.

2226 3956 2311 4001 est
2360 3945 2573 4000 novella
2613 3945 2969 4015 imperatoris
3012 3941 3312 3998 Justiniani
3346 3941 3436 4006 85,
3488 3956 3599 3996 ιιοιι
3652 3947 3835 3992 autem

2234 4038 2287 4093 in
2321 4038 2490 4094 Basil.
2544 4038 2722 4109 posita
2757 4045 2863 4092 est.
2900 4037 2968 4090 Et
3012 4044 3193 4091 const.
3244 4034 3331 4101 15,
3366 4042 3452 4089 est
3498 4031 3710 4087 novella
3741 4029 3837 4095 79,

2231 4142 2351 4196 qua:
2386 4129 2504 4198 ipsa
2533 4126 2700 4182 etiam
2738 4142 2848 4180 non
2880 4137 2967 4181 est
2992 4125 3199 4197 agnita.

510 4221 632 4273 ἐστι
682 4219 852 4292 νεαρὰ
908 4216 1001 4289 πγ¹
1042 4219 1137 4273 106
1184 4221 1455 4293 βασιλέως
1500 4219 1904 4288 Ἰουστινιανοῦ,
1938 4221 2042 4274 οὐκ
2079 4219 2240 4292 ἐτέθη
2272 4220 2328 4274 δὲ
2364 4223 2446 4285 εἰς
2468 4221 2539 4275 τὰ
2571 4219 2859 4275 Βασιλικὰ.
2893 4220 3007 4275 Καὶ
3046 4220 3080 4290 ἠ
3123 4216 3183 4272 ιε’
3215 4217 3357 4272 διάτ.
3386 4215 3503 4270 ἔστι
3532 4214 3703 4287 νεαρὰ
3735 4212 3837 4281 00',

507 4311 608 4363 καὶ
633 4311 756 4365 ούδέ
778 4311 918 4383 αύτὴ
957 4312 1305 4386 ἐπεγνώσθη.

582 4404 896 4474 Kstner-or.
931 4407 1176 4462 Γίνωσκε
1235 4406 1294 4459 δὲ
1331 4406 1416 4460 ὅτι
1465 4407 1500 4477 ὴ
1538 4404 1585 4478 β’
1629 4406 1771 4462 διάτ.
1814 4406 1908 4460 106
1948 4405 2116 4461 αὐτοῦ

508 4492 561 4548 α’
590 4497 698 4551 τίτ.
724 4498 932 4553 τούτων
960 4500 1174 4566 πασῶν,
1208 4518 1265 4555 κ.
1300 4519 1351 4554 τ.
1384 4500 1461 4565 λ.,
1493 4517 1672 4572 usque
1728 4501 1795 4556 ad
1823 4502 1922 4573 τῆς
1955 4502 2116 4574 ἱερω-

511 4586 683 4659 σύνης
716 4587 1063 4654 ἐξωθοῦνται.
1098 4590 1277 4662 Supra
1305 4607 1429 4663 pag.
1452 4591 1581 4647 242.

583 4682 866 4751 Σχόλιον.
908 4683 971 4737 Ἠ
1036 4682 1081 4755 β’
1142 4684 1287 4741 διάτ.
1339 4685 1434 4739 τοῦ
1482 4693 1530 4740 α’
1578 4685 1686 4739 τίτ.
1744 4685 1856 4739 τῶν
1912 4683 2122 4757 νεαρῶν

514 4774 634 4830 ἔστι
685 4776 861 4849 νεαρὰ
898 4777 1333 4842 ἰουστινιὰνειος
1381 4777 1522 4852 ρκγ’.
1550 4779 1723 4834 Τοῦτο
1750 4779 1808 4833 δὲ
1838 4780 2009 4850 αὐτῆς
2064 4778 2126 4832 τὸ

516 4885 645 4939 κεφ.
674 4869 776 4924 οὐκ
804 4870 966 4942 ἐτέθη
1000 4872 1081 4936 είς
1111 4873 1181 4927 τὰ
1202 4872 1494 4928 Βασιλικά.
1544 4872 1609 4927 Ἡ
1668 4873 1727 4927 δέ
1762 4871 1825 4938 ιζ’
1863 4872 2003 4926 διάτ.
2029 4870 2126 4926 106

518 4963 700 5021 α’τίτ.
753 4965 863 5019 τῶν
893 4967 1125 5039 Νεαρῶν
1177 4968 1295 5023 ἔστι
1342 4969 1512 5040 νεαρὰ
1554 4967 1987 5032 Ἶουστινιάνειος
2016 4965 2127 5038 ρλζ¹

521 5056 749 5127 κειμένη
786 5060 844 5113 ἐν
871 5060 1060 5134 βιϐλίῳ
1087 5061 1135 5131 γ’
1167 5062 1277 5116 τῶν
1303 5062 1613 5119 Βασιλικῶν
1647 5062 1755 5118 τίτ.
1794 5059 1868 5127 α’,
1899 5078 2028 5131 amp.
2056 5066 2128 5130 η’,

525 5146 723 5217 θέματι
755 5149 827 5222 η’,
850 5156 1304 5228 καταστρωθέντι
1329 5158 1463 5231 περὶ
1502 5156 1737 5222 τὸτέλος
1784 5155 1880 5210 τοῦ
1909 5154 1960 5229 η’
2000 5171 2129 5225 κεφ.

523 5239 620 5293 τοῦ
646 5248 693 5295 α’
720 5244 827 5298 τίτ.
858 5245 954 5299 τοῦ
986 5249 1261 5320 παρόντος
1294 5250 1701 5323 συντάγματος.

596 5332 909 5403 Κείμενον.
952 5336 1020 5390 ἸΙ
1071 5338 1129 5391 δὲ
1182 5339 1323 5412 αὑτὴ
1362 5340 1404 5412 β’
1454 5341 1594 5397 διάτ.
1650 5340 1745 5395 τοῦ
1786 5334 1833 5393 α’
1868 5340 1975 5393 τίτ.
2025 5337 2136 5392 τῶν

526 5426 741 5498 νεαρῶν
776 5429 942 5499 φησιν
971 5430 1052 5485 ὅτι
1107 5431 1136 5482 ὁ
1162 5430 1301 5503 ἔχων
1330 5432 1509 5503 δίκην,
1562 5451 1619 5488 κ.
1641 5451 1691 5489 τ.
1723 5431 1800 5499 λ.,
1832 5446 2007 5503 usque
2068 5431 2136 5486 ad

528 5519 843 5589 εἰρημένων
896 5522 1230 5594 κληρονόμοι
1312 5524 1481 5579 αὐτοῦ
1558 5525 1903 5583 ὑπόκεινται.
1958 5524 2138 5595 Supra

529 5627 655 5685 pug.
677 5615 805 5682 249.,
838 5616 965 5687 245,
1016 5617 1144 5673 εν..

624 5709 907 5776 Σχόλιον.
952 5711 1017 5765 Ἥ
1052 5710 1099 5783 β’
1120 5713 1265 5769 διάτ.
1302 5711 1397 5767 106
1429 5710 1477 5766 α’
1508 5712 1617 5770 τίτ.
1656 5713 1766 5767 τῶν
1796 5710 2011 5782 νεαρῶν
2066 5710 2141 5775 ὡς

533 5797 767 5872 εἴπομεν
793 5797 934 5857 οὖσα
985 5805 1156 5877 νεαρὰ
1199 5806 1638 5870 Ἰουστινιάνειος
1686 5804 1828 5876 ρκγ’.
1865 5806 1975 5859 Καὶ
2030 5822 2146 5858 κει-

537 5893 677 5965 μένη
717 5895 776 5951 ὲν
839 5896 1029 5970 βιϐλίῳ
1054 5898 1102 5969 γ’
1142 5901 1252 5956 τῶν
1309 5899 1619 5955 Βασιλικῶν
1660 5900 1768 5955 τίτ.
1799 5897 1868 5968 α’,
1896 5915 2023 5969 κεφ.
2058 5896 2143 5964 λς,

863 5994 1139 6058 ΡΑΤιιυῐ..
1188 6001 1305 6060 Gn.
1342 5995 1503 6058 ClV.

2302 4404 2523 4461 Textus.
2558 4402 2715 4461 Scias
2752 4419 2880 4460 vero
2913 4404 3060 4474 quod
3086 4412 3265 4459 const.
3290 4401 3345 4466 2,
3380 4400 3627 4472 ejusdem
3662 4401 3748 4455 tit.
3780 4400 3834 4465 1,

2227 4516 2351 4571 quae
2391 4500 2585 4554 harum
2615 4499 2890 4565 omnium,
2924 4506 3057 4563 etc.,
3098 4512 3262 4568 usque
3299 4494 3370 4549 ad
3402 4494 3711 4550 sacerdotio
3742 4494 3841 4549 tle-

2153 4581 2196 4633 D
2230 4593 2490 4664 pellatur,
2522 4602 2580 4645 ut
2609 4609 2732 4662 pag.
2770 4590 2899 4645 242.

2309 4685 2613 4742 Scholium.
2659 4684 2855 4741 Const.
2907 4684 2943 4738 2
2991 4683 3077 4738 tit.
3120 4682 3147 4736 1
3198 4679 3576 4743 Novellarum,
3614 4688 3698 4735 est
3738 4694 3843 4733 no-

2230 4779 2375 4834 vella
2412 4777 2722 4834 Iustiniani
2756 4777 2883 4832 125.
2911 4775 3115 4831 Verum
3163 4776 3266 4830 hoc
3306 4774 3429 4844 ejus
3455 4788 3578 4844 cap.
3610 4786 3721 4827 non
3756 4779 3843 4828 est

2236 4871 2479 4941 positum
2521 4870 2576 4923 in
2611 4869 2782 4926 Basil.
2810 4868 3005 4925 Const.
3040 4875 3224 4922 autem
3274 4866 3341 4921 17
3397 4864 3481 4918 ιιι.
3521 4865 3545 4910 1
3583 4862 3842 4918 Novella-

2234 4980 2380 5029 rum,
2412 4971 2493 5018 est
2539 4962 2753 5018 novella
2821 4959 3118 5016 Jusziniani
3184 4958 3314 5022 157,
3365 4954 3681 5028 positalque
3729 4954 3840 5027 est]

2236 5058 2292 5113 in
2327 5058 2421 5112 lib.
2455 5072 2518 5112 ιιι
2570 5055 2765 5120 Basil.,
2813 5055 2899 5109 tit.
2949 5055 3001 5121 1,
3035 5068 3156 5125 cap.
3204 5051 3259 5117 8,
3305 5053 3546 5105 themate
3585 5048 3640 5114 8,
3691 5050 3839 5119 quod

2236 5151 2503 5207 insertum
2544 5156 2630 5205 est
2675 5164 2801 5220 cap.
2837 5147 2871 5202 8
2921 5147 3006 5201 tit.
3050 5145 3078 5199 1
3138 5142 3431 5217 praesentis
3472 5140 3656 5211 operis
3693 5140 3844 5196 circa

2238 5243 2425 5299 ﬁnem.

2315 5336 2533 5391 Tenus.
2564 5332 2766 5388 Eadem
2796 5338 2975 5389 const.
3004 5327 3061 5395 2,
3118 5327 3202 5383 tit.
3234 5326 3259 5379 1
3293 5322 3647 5379 Novellarum
3674 5322 3841 5378 dicit:

2240 5428 2345 5497 Qui
2370 5437 2586 5495 contra,
2605 5435 2910 5495 etc.,usque
2931 5425 3001 5477 ad
3023 5419 3249 5477 obnoxii
3278 5426 3466 5485 sunto,
3482 5426 3541 5471 ut
3560 5432 3684 5486 pag.
3708 5413 3839 5480 212,

2240 5524 2375 5592 245,
2407 5521 2534 5577 244.

2318 5704 2617 5761 Scholinm.
2675 5700 2867 5757 Const.
2898 5698 2955 5763 2,
2987 5697 3072 5752 ιίι.
3110 5695 3135 5750 1
3175 5694 3524 5750 Novellarum
3557 5687 3849 5763 (quemad-

2250 5798 2477 5855 modum
2508 5794 2781 5865 diximus)
2819 5792 3032 5849 novt-lla
3075 5788 3373 5843 ,Ιιεειίιιίιιιιί
3408 5785 3512 5840 125
3550 5788 3849 5847 insistens,

2253 5908 2319 5950 ac
2354 5892 2411 5948 in
2460 5891 2557 5947 lib.
2603 5888 2770 5945 Basil.
2805 5888 2891 5943 tit.
2939 5887 2992 5955 1,
3029 5899 3152 5955 cap.
3193 5881 3288 5949 57,
3324 5881 3415 5946 58,
3462 5880 3529 5934 59
3559 5892 3735 5952 usque
3776 5876 3845 5933 ad

3525 5972 3601 6031 35

3571 5992 3601 6031 ἑ)
