4146 6434
552 362 689 426 1099

1677 369 1942 430 ΡΙΙΟΤΙΙ
1978 371 2485 434 ΡΛΤῘΠΛΒΕΠἘ
2520 375 2628 438 CP.

3694 380 3814 448 1101

543 481 614 536 40
659 479 857 548 posita,
904 477 1284 547 contplecutur
1328 492 1672 548 qumcunque
1703 479 1756 532 in
1807 481 2099 550 compendi

2243 482 2344 551 λη’,
2368 483 2466 549 λεν,
2503 487 2664 556 μέχρι
2691 485 2785 539 τοῦ
2818 485 2892 558 μ’,
2923 483 3293 557 Διαλαμϐάνει
3331 487 3429 542 ὅσα
3497 492 3814 567 συνωψίσοη-

543 573 828 643 proposita
872 580 1018 624 sunt.

619 665 837 720 Τρωίας.
870 662 1132 718 Similiter
1161 663 1253 717 lib.
1285 681 1324 725 ι,
1351 672 1527 718 const.
1560 663 1652 728 41,
1681 679 1804 734 quae
1828 664 1941 719 ait:
1983 663 2139 732 Quod

544 774 878 830 unoquoque
923 773 1090 823 anno,
1130 766 1260 825 etc.,
1293 772 1457 827 usque
1495 757 1564 811 ad
1604 758 1880 830 alioquive
1919 759 2139 829 pericli-

539 860 746 917 tentur,
785 858 840 903 ut
867 866 992 920 pag.
1024 848 1151 904 715.

610 941 910 998 Scholium.
953 942 1146 996 Const.
1182 942 1269 1008 41,
1313 941 1396 996 lil.
1428 942 1481 1009 5,
1525 943 1619 998 lib.
1664 959 1679 996 ι
1719 943 1842 1000 cod.
1885 960 1996 998 non
2054 953 2138 998 est

535 1038 716 1108 posita
774 1038 828 1092 in
863 1036 1052 1102 B;osil.,
1085 1052 1264 1107 neque
1313 1046 1488 1093 const.
1548 1037 1618 1091 24
1675 1037 1760 1092 tit.
1812 1038 1848 1092 2
1888 1038 2134 1108 ejusdem

534 1128 682 1182 libri.

614 1219 831 1274 Textus.
875 1220 976 1287 Qui
1011 1220 1307 1292 episcopus
1339 1231 1432 1275 ant
1468 1222 1705 1277 clericus
1725 1239 1791 1277 ex
1825 1225 2130 1294 provincia,

532 1323 667 1382 etc.,
708 1330 870 1384 usque
902 1314 971 1367 ad
1005 1330 1035 1369 e
1075 1330 1176 1370 suo
1221 1317 1557 1372 monasterio
1606 1317 1877 1384 trahatur,
1908 1327 1964 1371 ut
2004 1335 2129 1390 pag.

536 1406 663 1462 715.
1961 1415 1972 1426 ‘

605 1502 907 1557 Scholium.
940 1503 985 1556 A
1017 1504 1271 1572 przescnti
1328 1504 1448 1559 loco
1492 1504 1681 1575 incipit
1735 1506 1949 1561 novella
2007 1506 2126 1567 l‘25.

528 1611 652 1666 qua:
681 1605 762 1651 est
791 1595 968 1664 in'_lib.
1005 1595 1170 1651 Basil.
1206 1597 1297 1651 lib.
1329 1614 1415 1661 tn,
1441 1599 1526 1652 tit.
1567 1599 1616 1662 1,
1641 1615 1762 1670 cap.
1788 1599 1880 1666 47,
1908 1601 1997 1668 .38,
2033 1603 2124 1664 49,

528 1688 619 1753 50,
663 1689 753 1753 51,
806 1689 876 1744 52
908 1697 962 1743 et
995 1689 1084 1756 55,
1123 1706 1245 1759 quae
1277 1691 1330 1744 in
1371 1692 1696 1761 compendio
1725 1692 1879 1766 [jam]
1920 1710 2124 1765 propo-

526 1783 656 1848 sita,
690 1783 1153 1853 quemadmodum
1199 1785 1263 1838 ad
1317 1784 1540 1857 longum
1585 1787 1662 1858 [in
1715 1790 1831 1857 ipsa
1882 1789 2119 1858 nou-lla]

526 1874 1092 1945 comprehenduntur,
1152 1874 1356 1929 habent
1405 1896 1420 1929 :

525 1967 664 2038 lege.
693 1967 849 2033 Quod
883 1981 1015 2021 vero
1058 1967 1350 2038 episc0pus
1385 1967 1521 2022 citra
1582 1971 1864 2039 imperiale
1904 1971 2118 2041 jussum

525 2076 639 2116 non
668 2061 1026 2126 ducatur,vel
1066 2062 1317 2127 sistatur,
1354 2063 1593 2132 positum
1625 2073 1708 2119 est
1739 2065 1792 2119 in
1821 2065 1915 2120 lib.
1948 2064 2117 2121 Basil.

525 2170 608 2221 ιιι,
641 2155 722 2211 tit.
754 2155 804 2222 1,
832 2169 953 2225 cap.
985 2155 1075 2218 17,
1111 2157 1258 2222 quod
1291 2156 1370 2211 sic
1401 2157 1582 2222 habet,
1610 2168 1666 2211 ut
1707 2157 1760 2211 in
1794 2160 2119 2229 compendio

521 2245 866 2317 propositum
903 2255 1006 2300 est.
1050 2246 1286 2302 Constit.
1327 2257 1508 2301 autem
1547 2247 1634 2312 17,
1671 2247 1755 2302 tit.
1803 2248 1824 2301 1
1863 2245 2117 2302 Novella-

521 2354 646 2394 rttm
719 2351 802 2395 est
853 2339 1064 2393 novella
1112 2337 1410 2394 JUsliniaIti
1465 2341 1588 2406 157,
1650 2340 1962 2412 posita[que
2009 2339 2116 2414 est]

519 2431 574 2486 in
599 2431 694 2486 lib.
723 2447 782 2486 ιιι
820 2430 984 2487 Basil.
1012 2432 1094 2485 tit.
1138 2432 1157 2484 1
1229 2446 1348 2501 cap.
1385 2431 1477 2495 20,
1510 2433 1655 2502 quod
1697 2433 1842 2487 circa
1872 2434 2111 2486 mediunt

517 2525 594 2579 ita
639 2523 822 2592 habet,
868 2523 1337 2595 quemadmodum
1391 2524 1448 2578 in
1497 2533 1644 2578 textu
1687 2524 1956 2594 scriptum
2010 2535 2116 2580 est.

522 2616 750 2671 Novella
804 2617 907 2671 154
953 2617 1130 2687 posita
1181 2625 1266 2671 est
1307 2616 1362 2671 iu
1401 2617 1493 2672 lib.
1539 2633 1612 2682 γι,
1649 2617 1729 2672 tit.
1764 2617 1850 2685 19,
1899 2633 2020 2688 cap.
2057 2618 2112 2684 9,

515 2709 758 2762 themate
795 2707 848 2762 5.
902 2705 1043 2762 Dicit
1076 2717 1258 2762 autem
1307 2708 1340 2763 8
1374 2708 1539 2780 hujus
1588 2724 1706 2779 cap.
1759 2709 1831 2763 ita
1869 2711 1936 2765 ad
1995 2727 2114 2765 rer-

510 2801 644 2857 bum
680 2819 694 2856 :
735 2800 1090 2856 Monastriam
1158 2801 1361 2871 plane,
1420 2808 1514 2856 aut
1575 2803 1888 2868 ascetriam,
1963 2803 2113 2858 nullo

512 2895 748 2951 artionis
801 2910 1000 2966 genere
1051 2911 1084 2950 e
1137 2897 1252 2951 suis
1289 2895 1536 2951 abstrahi
1596 2895 1956 2953 monasteriis
2011 2909 2112 2952 aut

507 2988 801 3045 asceteriis
839 2989 1213 3044 c0ncedimus.

572 3083 729 3139 CAP.
766 3081 832 3138 ll.
870 3113 942 3122 —
981 3083 1122 3148 Quot
1171 3092 1219 3137 et
1252 3084 1343 3153 qui
1390 3083 1641 3138 adversus
1692 3084 1961 3155 episcopos
2016 3096 2109 3141 aut

508 3178 729 3232 clericos
763 3177 1127 3232 testimonium
1167 3176 1370 3232 dicant.

579 3273 975 3343 Apostolorum
1009 3286 1185 3325 canon
1230 3271 1328 3337 75;
1371 3271 1596 3326 concilii
1642 3271 2110 3328 Chalcedonensis

505 3382 688 3423 canon
736 3366 845 3434 21;
910 3364 1131 3420 concilii
1183 3362 1635 3436 Carthaginensis
1683 3380 1860 3420 canon
1893 3365 1982 3426 51,
2015 3365 2106 3431 59,

505 3461 631 3525 128,
668 3461 795 3526 1‘29,
825 3457 947 3513 150.

581 3553 801 3608 Textus.
841 3551 1045 3618 Quales
1069 3565 1194 3606 esse
1219 3557 1467 3621 oporteat
1494 3551 1587 3621 qui
1631 3552 1682 3605 in
1704 3550 1934 3622 judicio,
1969 3560 2102 3620 etc.,

502 3665 668 3720 usque
693 3648 762 3702 ad
789 3647 869 3702 tit.
901 3647 934 3701 5
955 3645 1329 3713 Novellarum,
1354 3657 1408 3700 ut
1433 3660 1556 3716 pag.
1587 3643 1715 3699 719.

576 3835 872 3891 Scholium.
908 3832 1016 3890 Tit.
1047 3833 1102 3900 5,
1142 3833 1235 3888 lib.
1270 3849 1405 3898 xxtt,
1438 3832 1549 3904 dig.
1581 3841 1666 3888 est
1697 3832 1779 3887 tit.
1814 3833 1866 3897 1,
1905 3832 2000 3887 lib.
2031 3849 2101 3887 xx

496 3927 667 3984 Basil.
718 3943 785 3981 ac
825 3926 1062 3996 primum
1093 3921 1363 3995 [quidem]
1393 3922 1514 3993 ejus
1551 3930 1718 3991 caput
1757 3921 1890 3976 dicit
1924 3937 1936 3974 :
1969 3920 2102 3976 Fide

501 4021 699 4091 dignos
749 4026 966 4089 oportet
1016 4031 1139 4072 esse
1181 4025 1372 4078 testes,
1425 4029 1491 4069 ac
1536 4015 1922 4085 producuntur
1949 4025 2004 4069 et
2048 4016 2100 4068 in

496 4114 836 4187 pecuniariis
885 4123 939 4168 et
990 4111 1045 4167 in
1089 4110 1476 4167 criminalibus
1534 4107 1628 4179 qui
1683 4107 1955 4180 [quidem]
1984 4109 2100 4179 lege

500 4224 612 4262 non
662 4206 1034 4278 prohibentur
1071 4211 1168 4258 aut
1197 4210 1556 4257 excusantur.
1602 4199 1712 4254 Tit.
1748 4200 1839 4265 2‘0,
1877 4200 1968 4255 lib.
2024 4217 2097 4266 tv,

493 4303 618 4357 cod.
646 4313 732 4357 est
751 4315 874 4370 cap.
897 4299 991 4365 2-1,
1016 4298 1099 4354 tit.
1127 4297 1180 4363 1,
1206 4296 1300 4352 lib.
1333 4312 1447 4362 κει,
1467 4293 1614 4364 quod
1644 4296 1723 4350 sic
1748 4294 1912 4348 habet
1945 4312 1957 4348 :
1990 4293 2100 4349 Re-

489 4393 766 4464 jicieudus
790 4411 818 4447 a
849 4389 1132 4466 [dicendo]
1171 4390 1492 4444 testimonio
1537 4397 1644 4449 est,
1674 4387 1769 4457 qui
1794 4389 2099 4442 tumultuo-

496 4502 614 4541 sam
655 4485 1016 4556 petulantiam
1054 4482 1378 4552 designasse
1418 4479 1704 4550 judicatus
1732 4486 1835 4531 est.
1873 4477 2097 4532 Novella

2247 592 2367 629 σαν.

2314 670 2625 740 Ife/pavor.
2692 671 2928 744 Ὁμοίως
2987 671 3191 743 βιϐλίον
3218 673 3301 747 α’,
3332 675 3436 730 τίτ.
3466 673 3538 741 α’,
3563 677 3699 735 διάτ.
3719 688 3814 751 μα’,

2242 763 2364 834 ἥτις
2399 767 2555 834 φησὶ,
2593 784 2647 822 κ.
2675 767 2834 834 τ.-λ,,
2890 784 3064 840 usque
3115 771 3183 826 ad
3240 771 3364 824 ἐπεὶ
3411 771 3814 830 κινδυνεύουσιν.

2313 953 2598 1020 Σχόλιον.
2646 953 2711 1007 Ἦ
2755 953 2846 1026 μα’
2874 955 3022 1012 διάτ.
3071 957 3164 1012 τοῦ
3187 957 3236 1028 γ’
3275 959 3382 1014 τίτ.
3428 958 3525 1014 τοῦ
3550 957 3597 1013 α’
3630 958 3817 1030 βιϐλίου

2239 1044 2334 1096 τοῦ
2368 1045 2598 1109 meum;
2651 1048 2752 1100 οὐκ
2787 1049 2949 1121 ἐτέθη
3001 1052 3080 1112 είς
3111 1051 3181 1104 τὰ
3210 1053 3496 1108 Βασιλικά.
3528 1053 3662 1106 Οὐδὲ
3694 1051 3817 1124 ήκδ

2237 1135 2376 1192 διάτ.
2415 1137 2506 1191 τοῦ
2540 1138 2583 1210 β’
2611 1139 2718 1194 τίτ.
2753 1141 2845 1194 τοῦ
2874 1142 3040 1196 αὑτοῦ
3066 1143 3292 1215 βιϐλίου.

2308 1231 2617 1300 Ιιέᾁιενον.
2664 1233 2754 1298 Ἐξ
2814 1235 3084 1308 ἐπαρχίας
3143 1243 3202 1292 ἐν
3261 1240 3820 1293 Κωνσταντινουπόλει

2236 1321 2624 1394 εὑρισκόμενος
2671 1328 2998 1396 ἐπίσκοπος,
3059 1347 3115 1386 κ.
3166 1331 3325 1405 τ.λ.,
3380 1335 3655 1405 usquead
3701 1334 3819 1389 ἰδίου

2237 1427 2513 1483 μοναστηρ
2527 1413 2604 1466 ίου
2629 1414 2868 1472 ἕλκεται.

2306 1506 2589 1572 Σχόλιον.
2636 1510 2688 1562 Ἀ
2705 1511 2772 1564 πὸ
2803 1511 2898 1565 τοῦ
2931 1514 3204 1586 παρόντος
3248 1517 3452 1588 χωρίου
3514 1518 3738 1588 ἄρχεται
3787 1521 3817 1589 ἡ

2235 1597 2352 1668 ρκγ¹
2405 1601 2575 1672 νεαρὰ
2632 1605 2862 1678 κειμένη
2912 1609 2969 1662 ὲν
3024 1608 3214 1678 βιϐλίῳ
3260 1610 3367 1664 τῶν
3413 1612 3714 1666 Βασιλικῶν
3755 1609 3817 1680 γ’,

2227 1691 2332 1742 τίτ.
2362 1690 2429 1758 α’,
2457 1711 2582 1762 κεφ.
2632 1694 2739 1766 μζ,
2773 1705 2884 1768 μη’,
2923 1698 3030 1766 μθ’,
3065 1699 3129 1766 ν’,
3165 1700 3280 1767 va’,
3315 1701 3391 1772 νβ’
3451 1705 3548 1756 καὶ
3598 1702 3710 1772 νγ’,
3736 1704 3818 1758 καὶ

2227 1777 2410 1848 έχουσι
2434 1781 2501 1835 τὰ
2525 1784 2956 1855 συνωψισοέντα,
2977 1789 3053 1853 ὡς
3078 1792 3136 1843 έν
3155 1791 3232 1862 τῷ
3255 1792 3444 1848 πλάτει
3465 1795 3816 1866 περιέχονται.

1480 1845 1645 1946 atque
1706 1845 1796 1932 il-la
1850 1857 2106 1950 [qttidenti

2240 1873 2350 1924 Καὶ
2398 1875 2678 1943 ἀνάγνωθι
2734 1880 2933 1934 ταῦτα.
2995 1884 3066 1936 Τὸ
3095 1883 3153 1936 δὲ
3209 1887 3511 1940 ἐπίσκοπον
3541 1891 3706 1958 χωρὶς
3733 1905 3816 1942 κε-

2246 1963 2483 2030 λεύσεως
2526 1969 2814 2042 βασιλικῆς
2874 1973 2949 2044 μὴ
3012 1969 3384 2049 διάγεσϐαι,ἢ
3434 1980 3814 2049 παρίστασθαι.

2238 2060 2415 2112 κεῖται
2447 2060 2504 2112 ἐν
2535 2062 2724 2134 βιϐλίῳ
2782 2062 2832 2133 γ’
2868 2066 2976 2119 τῶν
3009 2067 3310 2124 Βασιλικῶν
3345 2072 3450 2126 τίτ.
3481 2070 3553 2136 α’,
3585 2089 3705 2142 κεφ.
3736 2071 3812 2139 ιζ’,

2239 2147 2420 2218 ἔχοντι
2452 2151 2528 2215 ὼς
2555 2153 2894 2226 συνωψὶσθη.
2937 2156 3002 2209 Ἡ
3061 2159 3125 2222 ιζ’
3164 2159 3305 2214 διάτ.
3347 2160 3440 2214 τοῦ
3483 2158 3533 2214 α’
3571 2161 3673 2215 τίτ.
3721 2163 3814 2215 τῶν

2238 2241 2470 2312 Νεαρῶν
2514 2244 2628 2296 ἔστι
2658 2245 2828 2318 νεαρὰ
2875 2248 3300 2315 ’1ουστινιάνειος
3340 2252 3484 2324 ρκγ’,
3521 2253 3740 2324 κειμένη
3765 2255 3815 2306 ἐν

2239 2330 2426 2402 βιϐλίῳ
2453 2331 2502 2400 γ’
2546 2333 2654 2387 τῶν
2700 2335 3002 2392 Βασιλικῶν
3057 2341 3161 2394 τίτ.
3196 2340 3266 2406 α’,
3299 2359 3427 2412 κεφ.
3486 2342 3558 2406 κ’,
3596 2345 3718 2415 περὶ¹
3753 2345 3814 2396 τὰ

2239 2425 2383 2492 μέσα
2430 2424 2603 2490 οὕτως
2657 2426 2832 2497 ἔχοντι
2872 2429 2947 2493 ὡς
2986 2433 3066 2494 εἰς
3100 2433 3160 2485 τὸ
3207 2435 3461 2504 κείμενον
3485 2434 3717 2506 ἐγράφη.
3758 2433 3811 2488 ’11

2237 2512 2346 2583 ρλδ¹
2407 2515 2580 2586 νεαρὰ
2639 2520 2816 2572 κεῖται
2866 2522 2924 2573 ἐν
2959 2520 3150 2592 βιϐλίῳ
3181 2521 3258 2590 ς’,
3312 2525 3418 2579 τίτ.
3475 2523 3565 2593 ιϐ’,
3605 2523 3806 2594 κεφ.θ’,

2233 2605 2430 2676 Θέματι
2458 2605 2519 2674 ε’,
2577 2607 2724 2678 λέγει
2755 2610 2812 2663 δὲ
2842 2613 2902 2664 τὸ
2941 2611 2988 2682 η’
3032 2616 3237 2686 ταύτης
3284 2634 3408 2686 κεφ.
3457 2617 3603 2671 οὕτω
3623 2617 3809 2690 ῥητῶς

2235 2697 2585 2772 Μονάστριαν
2615 2703 2824 2773 μέντοι,
2860 2705 2893 2775 ἢ
2950 2709 3254 2780 ἁσκήτριαν
3279 2710 3346 2762 δι’
3375 2711 3634 2781 οὐδεμίαν
3682 2713 3810 2779 ἀγω-

2233 2790 2338 2863 γὴν
2383 2793 2718 2864 ἀφέλκεσθαι
2775 2800 3175 2870 συγχωροῦμεν
3233 2803 3300 2856 ὲκ
3347 2803 3456 2858 τῶν
3524 2804 3732 2858 οἰκείων
3776 2803 3804 2875 ἢ

2234 2894 2613 2966 μοναστηρίων
2647 2896 2680 2969 ἢ
2710 2899 2923 2971 ἀσκητη
2934 2901 3087 2972 ρίων.

2301 3078 2558 3135 ΚΕΦΑΛ.
2598 3079 2671 3136 Β’.
2698 3113 2771 3122 —
2796 3085 2982 3139 Πόσοι
3014 3086 3112 3141 καὶ
3138 3088 3301 3156 τίνες
3335 3095 3803 3165 καταμαρτυροῦ-

2227 3187 2332 3224 σιν
2349 3173 2721 3242 ἐπισκόπων,
2755 3177 2793 3247 ἥ
2825 3180 3150 3250 κληρικῶν.

2310 3263 2651 3320 Ἀποστόλων
2695 3271 2876 3323 κανὼν
2899 3271 2970 3325 οε¹
2999 3291 3015 3307 ·
3053 3276 3276 3330 συνόδου
3335 3279 3689 3351 Χαλκηδόνος,
3718 3299 3801 3335 κα·

2221 3354 2328 3410 νὼν
2355 3357 2442 3411 κα¹
2465 3376 2480 3392 ο
2509 3363 2729 3416 συνόδου
2755 3366 3148 3441 Καρθαγέννης
3172 3370 3351 3426 κανὼν
3375 3371 3475 3442 νϐ’,
3515 3373 3646 3447 ρλα’,
3681 3372 3797 3448 ρκο’,

2221 3451 2315 3502 καὶ
2351 3449 2450 3522 ρλ’.

2287 3545 2600 3612 Ιιέίμενον.
2652 3549 2902 3615 Ὀποίους
2948 3553 3032 3608 δεῖ
3064 3551 3201 3610 εἶναι
3259 3559 3384 3622 τοὺς
3435 3561 3497 3614 ὲν
3531 3563 3650 3634 δίκῃ
3681 3577 3799 3632 μαρ-

2215 3635 2536 3706 τυροῦντας,
2591 3658 2645 3695 κ.
2673 3659 2722 3696 τ.
2757 3643 2832 3710 λ.,
2895 3662 3067 3717 usque
3116 3650 3182 3704 ad
3233 3651 3326 3704 τοῦ
3377 3659 3426 3722 γ’
3483 3655 3659 3709 τίτλον
3704 3652 3796 3706 τῶν

2222 3728 2470 3801 Νεαρών.

2288 3828 2572 3895 Σχόλιον.
2611 3832 2670 3886 ὐ
2693 3829 2733 3885 ε’
2761 3833 2869 3890 τίτ.
2899 3835 2994 3889 τοῦ
3037 3836 3122 3908 κβ¹
3151 3837 3356 3909 βιϐλίου
3382 3839 3492 3894 τῶν
3521 3841 3662 3895 διατ.
3693 3839 3793 3892 ἔστι

2216 3920 2324 3973 τίτ.
2381 3920 2426 3973 α’
2493 3923 2588 3977 τοῦ
2614 3923 2698 3978 κα¹
2757 3927 2965 3997 βιϐλίου
2993 3930 3101 3983 τῶν
3138 3931 3469 3995 Βασιλικῶν,
3544 3935 3633 3988 καὶ
3669 3933 3794 3999 λέγει

2215 4009 2274 4062 τὸ
2313 4011 2446 4064 αὐτὸ
2495 4012 2542 4066 α’
2586 4032 2736 4084 κεφ.,
2769 4017 3114 4084 ἀξιοπίστους
3169 4016 3307 4075 εἶναι
3345 4025 3427 4078 δεῖ
3455 4027 3581 4089 τοὺς
3612 4025 3794 4096 μάρτυ·

2217 4119 2340 4171 ρας,
2401 4106 2497 4158 καὶ
2540 4109 2886 4179 παράγονται
2927 4112 3024 4166 καὶ
3073 4114 3165 4166 ἐπὶ
3216 4121 3592 4185 χρηματικοῖς
3636 4118 3681 4168 οἱ
3728 4112 3792 4183 μὴ

2216 4197 2589 4268 κεκωλυμένοι
2640 4203 2749 4254 ἀπὸ
2797 4203 2891 4257 τοῦ
2949 4205 3182 4278 νόμουῆ
3239 4207 3788 4280 ἐξκουσσατευόμενοι.

2226 4287 2285 4340 'U
2347 4288 2394 4343 κ’
2444 4293 2548 4345 τίτ.
2601 4293 2693 4346 τοῦ
2734 4293 2775 4346 δ’
2831 4295 3038 4366 βιϐλίου
3082 4298 3176 4351 τοῦ
3208 4300 3462 4366 κώδικος,
3518 4303 3633 4356 ἐστι
3679 4315 3787 4366 κεφ.

2213 4380 2321 4446 καί,
2345 4383 2439 4436 τοῦ
2475 4382 2522 4436 α’
2557 4385 2664 4443 τίτ.
2693 4386 2788 4439 τοῦ
2812 4386 2896 4441 κα¹
2935 4389 3143 4459 βιϐλίου
3174 4390 3349 4454 οὕτως
3377 4392 3525 4463 ἕχον,
3567 4391 3788 4457 ἀπόϐλη-

2210 4495 2303 4542 τος
2341 4481 2420 4543 εἰς
2477 4482 2787 4553 μαρτυρίαν
2825 4485 3039 4552 γίνεται
3085 4489 3112 4540 ὁ
3161 4488 3590 4552 καταδικασῢεὶς
3610 4486 3694 4539 ἐπὶ
3736 4481 3786 4534 τὸ

495 4579 586 4643 96,
618 4577 687 4632 de
737 4577 987 4639 testibus,
1022 4575 1203 4645 posita
1236 4583 1320 4628 est
1372 4573 1422 4626 in
1458 4571 1554 4628 lib.
1587 4569 1754 4626 Basil.
1810 4586 1923 4636 ut,
1974 4586 2095 4640 cap.

2217 4571 2436 4642 ποιῆσαι
2497 4574 2788 4646 ταραχώδη
2835 4577 3128 4649 φλυαρίαν.
3191 4580 3255 4633 Ἠ
3316 4582 3447 4652 περὶ
3514 4576 3784 4650 μαρτύρων

495 4675 587 4739 46,
625 4687 748 4742 quae
771 4672 853 4727 sic
888 4670 1114 4725 inchoat
1149 4687 1162 4724 :
1194 4668 1513 4730 Sancimus,
1543 4674 1596 4720 et
1621 4664 1864 4718 maxime
1895 4664 1948 4717 in
1981 4679 2098 4716 ma-

494 4783 601 4838 gna
635 4769 737 4821 hac
770 4774 825 4819 et
859 4763 1015 4819 felice
1065 4762 1199 4817 urbe
1233 4780 1247 4816 :
1283 4778 1447 4831 quain
1483 4761 1622 4830 lege,
1649 4759 1743 4827 ‘uti
1785 4773 1908 4828 qua:
1945 4757 2099 4811 Valde

493 4860 810 4917 necessaria
839 4860 930 4923 sit,
965 4870 1019 4912 et
1047 4857 1115 4913 de
1150 4857 1218 4913 iis
1267 4857 1361 4927 qui
1397 4854 1774 4910 testimonium
1818 4853 1961 4908 ferre
1999 4855 2098 4907 de-

493 4959 679 5024 beant,
737 4953 1010 5025 permulta
1056 4952 1269 5007 doceat.
1304 4951 1494 5005 Const.
1531 4950 1583 5015 9,
1622 4948 1702 5002 tit.
1736 4947 1827 5014 20,
1864 4948 1959 5001 lib.
2020 4963 2093 5013 tv,

491 5047 615 5101 cod.
667 5044 846 5116 posita
893 5052 982 5100 est
1026 5044 1080 5097 in
1123 5043 1218 5097 lib.
1272 5040 1441 5098 Basil.
1473 5056 1588 5106 xxi,
1626 5043 1711 5094 tit.
1745 5039 1793 5104 1,
1832 5054 1952 5109 cap.
2005 5039 2093 5103 55,

491 5140 733 5195 themate
779 5139 839 5205 2,
893 5135 1043 5207 quod
1097 5137 1172 5192 ita
1219 5136 1430 5190 habet:
1462 5133 1661 5190 Jurare
1721 5142 1890 5188 testes
1947 5133 2096 5202 prius

490 5241 728 5304 oportet,
800 5248 968 5304 quam
1029 5229 1408 5287 testimonium
1476 5228 1823 5297 perhibeant.
1871 5226 2098 5298 Oportet

490 5335 676 5382 autem
706 5325 1115 5382 hones‘tioribus
1156 5324 1344 5394 potius
1377 5323 1538 5392 [idem
1594 5323 1806 5378 haberi.
1858 5321 2096 5376 Proinde

489 5423 655 5478 unius
688 5419 1069 5477 testimonium
1100 5419 1156 5473 in
1190 5418 1343 5473 nulla
1372 5432 1537 5472 causa
1559 5417 1960 5471 admittendum
1989 5426 2092 5481 est,

487 5515 706 5571 etiamsi
753 5526 980 5572 senator
1010 5512 1102 5568 sit.
1149 5512 1339 5567 Const.
1393 5510 1484 5575 25,
1520 5511 1616 5565 lib.
1667 5527 1706 5576 ι,
1737 5511 1858 5567 cod.
1909 5511 1996 5564 tit.
2039 5508 2091 5576 5,

489 5618 574 5664 est
605 5609 702 5664 lib.
742 5623 835 5663 xxi
865 5605 1034 5663 Basil.
1071 5605 1157 5661 tit.
1192 5605 1245 5671 1,
1283 5619 1407 5674 cap.
1439 5603 1533 5669 45,
1575 5605 1723 5674 quod
1754 5605 1836 5660 sic
1883 5604 2046 5659 habet
2078 5623 2091 5659 :

489 5699 567 5755 Ex
602 5701 878 5756 haareticis
926 5697 1244 5764 Manichaei,
1269 5696 1595 5762 Borboritag,
1631 5697 1859 5768 Pagani,
1894 5695 2094 5752 Sama-

487 5796 626 5860 ritae,
656 5792 1024 5858 Montanistae,
1054 5790 1452 5860 Ascodrogitae,
1483 5787 1717 5859 Οριιιιω,
1759 5791 1843 5844 vel
1876 5791 1969 5860 qui
1995 5789 2094 5845 Ju-

489 5883 705 5939 daicatn
757 5882 1208 5955 supersdtionem
1259 5881 1468 5947 colunt,
1509 5879 1563 5934 in
1610 5880 1759 5934 nulla
1793 5879 1897 5952 [re]
1939 5882 2093 5935 testi-

2205 4661 2255 4730 ιζ
2271 4665 2440 4736 νεαρὰ
2461 4666 2619 4738 ἐτέθη
2645 4669 2702 4719 ἐν
2731 4668 2922 4740 βιϐλίῳ
2951 4671 3058 4722 τῶν
3077 4671 3384 4725 Βασιλικῶν
3404 4670 3511 4736 κα’,
3536 4689 3655 4742 κειρ.
3679 4671 3781 4740 ut”.

2201 4757 2375 4822 οὕτως
2401 4759 2600 4829 ἔχουσα
2622 4761 2750 4832 περὶ
2780 4761 2879 4834 τὴν
2909 4763 3085 4834 ἀρχήν
3118 4777 3131 4791 ⁶
3161 4763 3526 4834 Θεσπὶζομεν,
3555 4765 3643 4817 καὶ
3689 4762 3782 4831 μά-

2201 4855 2361 4909 λιστα
2398 4858 2490 4909 ἐπὶ
2544 4857 2646 4928 τῆς
2743 4861 2988 4930 μεγάλης
3048 4860 3256 4925 πόλεως
3310 4861 3664 4932 ταύτης;καὶ
3700 4858 3780 4910 εὐ-

2199 4948 2473 5018 δαίμονος.
2504 4951 2612 5003 Καὶ
2639 4951 2918 5018 ἀνάγνωθι
2944 4953 3148 5024 ταύτην
3183 4956 3392 5026 σφόδρα
3439 4952 3603 5010 οὖσαν
3634 4956 3780 5020 ἀναγ-

2201 5042 2387 5108 καίαν,
2445 5046 2542 5097 καὶ
2591 5044 2763 5100 πολλὰ
2802 5049 2932 5118 περὶ
2963 5049 3074 5102 τῶν
3133 5049 3460 5118 ὀφειλόντων
3507 5048 3777 5121 μαρτυρεῖν

2199 5136 2582 5194 διδάσκουσαν.
2632 5140 2694 5192 Ἦ
2737 5140 2766 5192 θ
2804 5140 2948 5195 δσάτ.
2994 5140 3089 5194 τοῦ
3129 5139 3177 5194 κ’
3230 5142 3336 5196 τίτ.
3374 5143 3470 5197 τοῦ
3516 5142 3557 5196 δ’
3592 5138 3774 5214 βιϐλίου

2198 5231 2294 5284 τοῦ
2322 5230 2556 5295 κιῦδικος
2584 5233 2745 5304 ἐτέθη
2781 5237 2839 5288 ἐν
2864 5233 3057 5306 βιϐλίῳ
3088 5235 3196 5288 τῶν
3223 5236 3533 5293 Βασιλικῶν
3558 5234 3655 5301 κα’,
3682 5231 3773 5286 τίτ.

2199 5326 2269 5387 α’,
2310 5339 2433 5390 κειρ.
2495 5320 2604 5390 λς’,
2665 5324 2863 5392 θέματι
2917 5323 2987 5395 β’,
3028 5324 3202 5389 οὕτως
3254 5327 3439 5398 ἔχοντι
3478 5346 3491 5361 ο
3550 5328 3636 5380 Δεῖ
3664 5324 3769 5383 τοὺς

2201 5413 2486 5486 μάρτυρας
2528 5415 2796 5486 πρότερον
2825 5417 3078 5486 ὸμνῦναι,
3119 5420 3310 5491 πρ).νῆ
3360 5421 3768 5490 μαρτυρήσουσι.

2195 5507 2361 5560 Δεῖδὲ
2388 5511 2499 5568 τοῖς
2529 5510 2880 5581 τιμιωτέροις
2925 5511 3129 5580 μᾶλλον
3185 5513 3487 5567 πιστεύειν.
3536 5510 3676 5571 Ἓνὸς
3719 5501 3767 5556 δὲ

2201 5600 2478 5672 μαρτυρία
2532 5601 2631 5654 οὐκ
2687 5601 2804 5655 ἔστι
2839 5602 3000 5672 δεκτὴ
3043 5606 3102 5657 ἐν
3153 5606 3446 5676 οίᾳδήποτε
3490 5606 3629 5678 δίκῃ,
3677 5596 3766 5651 κᾶν

2152 5719 2154 5721 ·
2199 5694 2530 5765 συγλητικὸς
2578 5695 2688 5761 εἴη.
2723 5695 2789 5748 Ἦ
2840 5702 2925 5750 καρ
2960 5696 3099 5749 διάτ.
3139 5698 3234 5750 τοῦ
3293 5697 3333 5752 ε’
3363 5701 3468 5753 τίτ.
3503 5698 3590 5752 τοῦ
3629 5698 3673 5746 α’
3693 5690 3762 5760 βι-

2196 5786 2348 5840 ϐλίου
2385 5784 2480 5839 τοῦ
2504 5785 2757 5854 κὼδικος,
2801 5787 2916 5840 ἔστι
2942 5789 3148 5860 βιϐλίον
3187 5789 3270 5845 κα¹
3323 5791 3433 5844 τῶν
3487 5781 3761 5845 Βασιλικῶν

2195 5879 2301 5933 τίτ.
2347 5877 2416 5946 α’,
2477 5897 2607 5949 κεφ.
2649 5878 2755 5952 με’,
2789 5879 2964 5946 οὕτως
3025 5881 3150 5952 ἕχον
3183 5899 3197 5913 ο
3245 5883 3368 5936 Τῶν
3410 5877 3686 5956 αἱρετικῶν
3718 5870 3757 5925 οε
