4146 6446
439 451 574 517 1101

1409 456 1904 519 NOMOCANON.
1949 481 2020 493 -
2054 457 2204 518 ΤΙΤ.
2247 457 2354 531 ΙΧ,
2383 457 2541 520 CAP.
2584 457 2781 520 II-VI.

3609 459 3745 524 1102

441 577 542 646 μὲν
588 574 968 650 Μανιχαϊοι,ἢ
1014 577 1299 650 Ἕλληνες,
1341 579 1374 650 ἢ
1418 580 1777 648 Σαμαρεῖται,
1815 576 1848 646 ἦ
1897 577 2038 630 Μον-

2151 575 2398 630 monium
2432 575 2756 646 perhibento
2792 593 2805 628 :
2844 574 3037 644 reliqui
3060 591 3190 631 vero
3218 592 3411 634 omnes
3453 579 3506 633 in
3543 579 3746 649 iudicio

438 669 712 732 τανισταὶ,
739 669 771 741 ἢ
798 670 1284 741 Τασκοδρουγίται,
1312 671 1346 740 ἢ
1385 669 1676 742 Ὀφίται,ἢ
1704 670 1754 722 οἱ
1788 667 1885 738 τὴν
1915 667 2044 721 ἰου-

439 761 636 832 δαῖκὴν
687 761 990 833 θρησκείαν
1033 763 1306 828 σέϐοντες,
1342 763 1401 815 ἐν
1439 762 1632 833 μηδενὶ
1669 759 2046 832 μαρτυρείτω-

439 873 560 910 σαν.
590 857 654 910 Ol
700 857 757 910 δὲ
783 857 964 910 λοιποὶ
1004 857 1208 921 πάντες
1237 859 1295 910 ἐν
1340 855 1680 926 δικαστηρίῳ
1737 854 1835 924 μὲν
1885 851 2043 922 ὀρθό-

437 951 588 1016 δοξον
632 949 812 1023 ἔχοντι
863 952 1138 1006 ἀντίδικον
1171 950 1248 1022 μὴ
1297 950 1666 1020 δεχέσθωσαν,
1712 949 1770 1000 ἐν
1814 945 1872 999 δὲ
1927 947 2041 1009 τοῖς

437 1043 648 1107 λοιποῖς
710 1045 846 1097 πᾶσι
881 1043 1354 1113 συναλλάγμασιν,
1395 1042 1450 1112 ,ἢ
1482 1041 1793 1112 διαθήκαις,
1825 1039 1860 1110 ἢ
1889 1038 2037 1092 δικα-

438 1137 685 1207 στηρίοις
727 1137 1040 1207 αἱρετικοὺς
1058 1137 1273 1207 ἔχουσιν
1309 1135 1640 1197 ἀντιδίκους,
1669 1133 2035 1195 ἁδιαστίκτως

440 1227 894 1298 μαρτυρείτωσαν
933 1227 1027 1281 τοῦ
1060 1229 1299 1291 πλάτους
1328 1227 1490 1298 χάριν
1539 1225 1651 1278 τῶν
1680 1223 2032 1288 ἀποδείξεων.

437 1320 517 1374 Τὰ
541 1321 594 1374 δὲ
617 1322 674 1374 ἐν
699 1324 764 1393 τῇ
797 1323 1026 1392 τοιαύτῃ
1051 1321 1294 1386 διατάξει
1342 1320 1716 1391 περιεχόμενα
1757 1319 1886 1389 περὶ
1926 1317 2034 1369 τῶν

2146 667 2295 735 quod
2329 665 2701 720 orthodoxum
2739 665 3066 735 litigatorem
3111 665 3294 731 habet,
3347 685 3414 722 ne
3444 670 3744 724 admittun-

2147 765 2234 810 tor
2270 775 2285 812 :
2319 756 2375 810 in
2403 758 2617 812 czrteris
2649 766 2832 811 autem
2857 758 3116 814 omnibus
3144 761 3545 824 conlractihus,
3579 774 3746 816 testa-

2145 849 2352 904 mentis
2388 858 2481 902 ant
2521 849 2766 918 judiciis,
2805 865 2925 918 quae
2967 849 3258 904 haereticos
3303 851 3604 921 litigatores
3649 852 3749 905 ha-

2146 942 2297 1005 bent,
2331 956 2441 1010 quo
2475 942 2637 994 latior
2668 940 2901 996 facultas
2948 942 3338 1009 probationum
3366 944 3458 1008 sil,
3485 944 3603 998 sine
3631 944 3749 1000 dis-

2145 1036 2411 1090 tinctione
2448 1044 2738 1089 testantor.
2775 1035 2909 1102 Quae
2953 1051 3080 1090 vero
3122 1036 3172 1089 in
3208 1037 3298 1090 tali
3343 1038 3744 1091 constitutione

2147 1131 2214 1184 de
2247 1128 2628 1183 'decnrionum
2679 1128 2870 1183 ordine
2921 1137 2975 1183 et
3010 1138 3152 1183 statu
3206 1129 3584 1191 continentur,
3637 1145 3746 1184 non

2149 1232 2276 1276 sunt
2307 1221 2488 1292 posita
2537 1221 2591 1275 in
2626 1220 2821 1286 Basil.,
2850 1223 2942 1276 sed
2969 1237 3146 1292 neque
3189 1221 3399 1277 novella
3444 1220 3746 1277 Justiniani

2151 1316 2243 1373 45,
2270 1331 2391 1384 quae
2417 1314 2558 1367 inter
2585 1314 2834 1384 paratitla
2863 1312 3016 1386 [est].

435 1411 790 1483 βουλευτικῆς
827 1412 1056 1478 τάξεως,
1080 1415 1174 1466 καὶ
1206 1412 1600 1477 καταστάσεως
1628 1412 1729 1465 οὐκ
1767 1409 2036 1481 ἐτέθησαν
2113 1407 2170 1461 ἐν
2198 1409 2311 1470 τοῖς
2344 1405 2655 1470 Βασιλικοῖς
2708 1405 2846 1460 ἀλλά
2917 1406 3040 1460 οὐδέ
3071 1409 3104 1478 ἡ
3156 1404 3260 1478 με’.
3310 1406 3748 1471 Ἰουστινιὰνειος

435 1505 606 1573 νεαρὰ
630 1505 664 1576 ἡ
697 1505 756 1558 ἐν
785 1507 898 1568 τοῖς
927 1504 1281 1572 παρατίτλοις
1309 1505 1571 1576 κειμένη.

505 1596 758 1649 ΚΕΦΑΛ.
794 1594 870 1653 Γ’.
902 1627 972 1640 —-
1006 1596 1149 1652 Ἐάν
1178 1615 1267 1663 τις
1311 1597 1407 1650 ἐπὶ
1442 1595 1699 1663 πολλοῖς
1730 1595 2031 1666 ἐγκλήμα-

432 1703 540 1742 σιν
569 1691 866 1758 κληρικοῦ
893 1691 1338 1762 κατηγορήσας,
1362 1690 1448 1762 μὴ
1471 1690 1765 1761 ἀποδείξῃ
1787 1691 1854 1745 τὸ
1887 1706 2032 1759 προ-

433 1781 608 1836 τεθὲν
640 1782 876 1852 πρῶτον
901 1782 1255 1853 κεφάλαιον.

504 1874 735 1928 Συνόδου
763 1875 1158 1948 Καρθαγέννης
1187 1876 1368 1930 κανὼν
1403 1875 1529 1948 ρλδ¹.

499 1979 754 2034 ΚΕΦΑΛ.
785 1978 860 2035 Δ’.
888 2014 954 2023 --
983 1982 1122 2051 Περὶ
1153 1981 1272 2036 τῶν
1294 1983 1381 2053 μὴ
1405 1986 1892 2056 πειθαρχούντων
1906 1987 2031 2056 τοῖς

432 2072 682 2139 οἰκείοις
700 2073 1084 2141 ἐπισκόποις,
1116 2076 1216 2129 καὶ
1237 2078 1370 2146 περὶ
1405 2076 1744 2134 ἐπισκόπου
1783 2081 2029 2153 δεχομέ-

427 2180 540 2217 νου
567 2164 674 2218 τόν
721 2165 838 2220 ἀπὸ
871 2167 978 2221 τοῦ
1005 2167 1162 2222 ἰδίου
1195 2169 1570 2236 ἐκϐληθέντα
1617 2172 1964 2230 ἐπισκόπου
1990 2175 2026 2243 ἢ

425 2255 550 2310 ἀπὸ
573 2261 892 2327 κοινωνίας
920 2262 1272 2331 γενόμενον.

502 2346 733 2401 Συνόδου
779 2349 1112 2422 Ἀντιοχείας
1159 2353 1342 2408 κανὼν
1381 2354 1443 2422 ε’,
1491 2363 1546 2422 ς’
1579 2357 1845 2411 ’ίσυνόδου
1882 2359 2030 2430 Καρ·

427 2434 699 2510 θαγέννης
725 2439 910 2494 κανὼν
939 2440 1006 2506 θ’,
1043 2441 1147 2514 κο’,
1182 2444 1286 2516 ζβ’,
1323 2445 1419 2516 σθ’,
1470 2446 1589 2519 ρκβ⁴
1619 2450 1713 2502 καὶ
1747 2447 1882 2520 ρλη’.

504 2549 756 2605 ΚΕΦΑΛ.
816 2552 893 2605 E'.
952 2583 1020 2594 —
1073 2555 1215 2624 Περὶ
1274 2555 1464 2612 δικῶν
1515 2558 1875 2613 ἐπισκόπων
1925 2560 2025 2615 καί

427 2642 757 2709 «limandum

520 2733 863 2790 Ἀποστόλων
928 2738 1111 2793 κανὼν
1147 2739 1220 2794 οδ¹
1251 2755 1264 2773 ο
1314 2744 1531 2797 συνόδου
1577 2742 1911 2815 ’Δντιοχείας
1932 2762 2031 2798 κα-

430 2825 536 2882 νὼν
569 2826 650 2893 ιδ’,
679 2827 769 2882 ιε’·
796 2833 1016 2886 συνόδου
1047 2835 1393 2906 Χαλκηδόνος
1442 2837 1623 2892 κανὼν
1654 2836 1718 2904 θ’,
1761 2836 1823 2903 ιζ’
1859 2856 1872 2868 ·
1901 2857 2027 2891 συν-

425 2920 549 2975 όδου
587 2922 861 2995 Σαρδικῆς
916 2927 1099 2980 κανὼν
1143 2927 1213 2997 γ’,
1252 2927 1312 2995 ε’,
1376 2927 1434 2982 ιδ’
1471 2946 1484 2958 ·
1540 2933 1759 2984 συνόδου
1804 2933 2031 3004 Καρθα-

428 3014 627 3086 γέννης
666 3015 846 3071 κανὼν
884 3016 966 3083 ιε’,
1003 3018 1108 3092 κη’,
1141 3020 1244 3092 ρη’,
1279 3021 1399 3094 ρκα’
1435 3024 1530 3077 καὶ
1559 3022 1681 3095 ρκη¹
1716 3040 1729 3053 '

494 3110 802 3180 Κείμενον.
837 3113 916 3166 Τὰ
947 3115 1232 3184 ὀφείλοντα
1279 3118 1338 3171 ἐν
1391 3121 1564 3189 τούτῳ
1586 3118 1664 3189 τῷ
1719 3118 2025 3192 κεφαλαίῳ,

429 3219 485 3254 κ.
519 3221 569 3259 τ.
597 3204 673 3267 λ.,
707 3221 882 3276 usque
909 3207 978 3262 ad
999 3210 1184 3264 ἐκεῖνα
1203 3211 1498 3278 ἀνάγνωθι.

503 3297 758 3353 ΚΕΦΑΛ.
790 3297 883 3366 εἷ’.
923 3330 993 3340 -
1030 3303 1168 3371 Περὶ
1217 3302 1754 3373 ἀναψιιλαφήσεως
1806 3303 2030 3375 ψήφων
2057 3297 2100 3354 C

428 3387 806 3445 ἐπισκόπων.

505 3507 734 3562 Συνόδου
780 3510 1114 3582 Ἀντιοχείας
1160 3511 1342 3567 κανὼν
1376 3510 1430 3579 ς’
1451 3528 1465 3543 °
1501 3514 1720 3567 συνόδου
1753 3514 2031 3585 Σαρδικῆς

436 3601 619 3656 κανὼν
653 3611 726 3674 γ’,
759 3604 823 3672 δ’,
856 3603 920 3672 ε’,
946 3605 1006 3661 ιδ’
1029 3623 1041 3636 ·
1073 3609 1292 3662 συνόδου
1321 3607 1717 3680 Καρθαγέννης
1740 3608 1922 3662 κανὼν
1949 3607 2034 3674 ιδ’,

431 3694 519 3762 ιε’,
557 3704 668 3768 κη’,
703 3697 800 3768 οϐ’,
840 3698 957 3768 ιιςέ,
991 3699 1134 3774 ρκβ’,
1170 3708 1304 3774 ρκε’.

506 3792 822 3861 Κείμενον.
877 3794 942 3847 Ἡ
972 3792 1022 3864 η’
1055 3795 1197 3848 διὰτ.
1252 3795 1348 3848 τοῦ
1379 3793 1420 3850 δ’
1450 3795 1557 3851 τίτ.
1608 3796 1704 3850 τοῦ
1740 3803 1786 3851 α’
1828 3795 2035 3868 βιϐλίου

433 3887 569 3954 φησι
595 3886 678 3940 δτι
713 3886 771 3940 αἱ
804 3886 914 3941 τῶν
959 3888 1302 3954 ἐπισκόπων,
1323 3906 1378 3943 κ.
1430 3907 1481 3942 τ.
1524 3889 1604 3956 λ.,
1645 3907 1820 3960 usque
1843 3892 1911 3946 ad
1937 3908 2034 3960 thy

434 3975 693 4029 61:30am
725 3977 1066 4048 ἀναπέμπει.

505 4092 785 4161 Σχόλιον.
839 4093 902 4146 Ἡ
948 4091 998 4165 η’
1048 4095 1192 4150 διάτ.
1242 4094 1339 4148 τοῦ
1390 4093 1431 4148 δ’
1475 4096 1581 4150 τίτ.
1615 4095 1708 4150 τοῦ
1748 4094 1796 4150 α’
1830 4096 2036 4168 βιϐλίου

432 4183 496 4236 οὐ
533 4189 711 4240 κεῖται
745 4187 825 4250 είς
868 4187 938 4240 τὰ
990 4188 1290 4252 Βασιλικὰ,
1347 4189 1467 4242 οὐδὲ
1523 4191 1556 4261 ἡ
1601 4189 1684 4243 κθ¹
1734 4181 1874 4244 διά-ε’.
1939 4189 2035 4244 τοῦ

434 4277 602 4330 αὑτοῦ
641 4277 772 4344 τίτ.,
809 4281 842 4349 ἡ
877 4276 1086 4348 β’διάτ.
1126 4279 1222 4332 τοῦ
1265 4278 1314 4333 α’
1347 4282 1454 4336 τίτ.
1504 4284 1612 4335 τῶν
1639 4283 1870 4354 Νεαρῶν
1923 4283 2038 4336 ἔστι

435 4385 565 4438 κεφ.
595 4369 685 4432 λς’
720 4371 820 4440 τῆς
876 4368 996 4442 ρκγ⁹
1034 4371 1259 4442 νεαρᾶς,
1291 4373 1429 4444 ὅπερ
1457 4374 1618 4442 ἐτέθη
1665 4375 1724 4426 ἐν
1757 4373 1948 4444 βιϐλίῳ
1987 4371 2038 4441 γ’

433 4460 542 4512 τῶν
584 4461 894 4515 Βασιλικῶν
927 4463 1034 4518 τίτ.
1071 4461 1142 4530 α’,
1176 4481 1303 4533 κεφ.
1352 4466 1460 4535 μδ,
1499 4465 1594 4518 καί
1629 4482 1761 4536 φησι
1799 4467 1867 4518 τὰ
1895 4467 2038 4520 αὐτὰ

439 4553 630 4624 σχεδὸν
659 4556 763 4609 ὅσα
792 4559 872 4620 εἰς
920 4557 984 4610 τὸ
1015 4559 1270 4628 κείμενον
1318 4559 1761 4630 συνωψίσθησαν.
1799 4561 1947 4632 Πλὴν
1978 4561 2034 4613 ἐν

2205 1589 2358 1645 CAP.
2403 1589 2496 1644 lll.
2535 1621 2596 1631 —
2631 1590 2690 1645 Si
2717 1591 2834 1662 quis
2864 1591 2954 1645 ubi
2981 1594 3045 1647 de
3076 1593 3254 1646 multis
3287 1593 3608 1649 criminibus
3635 1595 3742 1650 cle-

2137 1685 2305 1737 ricum
2331 1685 2624 1749 accusavit,
2659 1685 2893 1754 primum
2942 1689 3269 1756 propositum
3302 1697 3460 1756 caput
3488 1703 3590 1740 non
3619 1704 3748 1758 pro-

2138 1777 2242 1832 bet.

2071 1904 2112 1958 Β
2217 1869 2449 1925 Concilii
2483 1868 2940 1940 Carthaginiensis
2979 1885 3158 1925 canon
3192 1870 3318 1925 151.

2217 1985 2372 2042 CAP.
2408 1985 2493 2039 IV.
2522 2015 2592 2026 —
2625 1985 2704 2038 De
2722 1985 2787 2038 iis
2816 1986 2908 2054 qui
2937 1984 3047 2037 suis
3073 1983 3328 2052 episcopis
3347 1999 3450 2038 non
3476 1983 3746 2048 obediunt,

2151 2091 2200 2135 et
2246 2081 2311 2135 de
2356 2081 2619 2150 episcopo,
2672 2080 2824 2149 quia
2882 2096 2976 2133 suo
3031 2080 3274 2149 episcopo
3321 2078 3544 2148 ejectum
3588 2086 3681 2132 aut
3717 2094 3748 2131 a

2147 2175 2514 2229 communione
2543 2173 2820 2228 exclusum
2853 2173 3060 2243 recipit.

2217 2358 2453 2414 Concilii
2486 2358 2816 2414 Antiocheni
2839 2372 3017 2414 canon
3053 2358 3109 2424 5,
3143 2358 3209 2425 6;
3259 2362 3479 2418 concilii
3515 2362 3752 2420 Cartha»

2145 2451 2389 2522 gincnsis
2426 2467 2603 2507 canon
2637 2450 2693 2518 9,
2723 2451 2816 2518 29,
2848 2451 2940 2519 62,
2968 2451 3057 2517 79,
3097 2451 3197 2506 122
3226 2464 3281 2508 et
3314 2453 3436 2512 158.

2214 2565 2368 2622 CAP.
2412 2565 2477 2623 V.
2512 2594 2581 2606 ——
2617 2566 2694 2621 De
2725 2567 3094 2623 controversiis
3138 2569 3505 2639 episcoporum
3539 2581 3588 2626 et
3643 2573 3750 2628 cle-

2151 2661 2404 2713 ricorum.

2215 2751 2608 2822 Apostolorum
2675 2766 2852 2806 canon
2897 2751 2999 2817 71;
3034 2752 3256 2806 concilii
3299 2752 3626 2810 Antiocheni
3665 2771 3754 2810 ca-

2111 2851 2115 2857 '
2153 2859 2262 2898 non
2289 2842 2376 2906 14,
2428 2841 2533 2906 15;
2566 2841 2787 2896 Concilii
2827 2841 3299 2896 Chalcedonensis
3345 2858 3520 2897 canon
3558 2843 3612 2908 9,
3645 2845 3744 2911 17;

2145 2935 2368 2992 concilii
2419 2933 2768 2989 Sardicensis
2801 2948 2980 2986 canon
3020 2933 3074 2995 5,
3107 2934 3160 2998 5,
3210 2934 3314 2998 14;
3365 2935 3587 2991 concilii
3615 2937 3752 2992 tiar-

2147 3027 2486 3097 thaginensis
2518 3041 2694 3080 canon
2734 3025 2820 3087 15,
2856 3023 2948 3088 28,
2985 3023 3108 3085 120,
3148 3023 3268 3087 121,
3307 3024 3427 3080 128.

2220 3118 2438 3174 Textus.
2472 3118 2605 3186 Qua:
2632 3119 2684 3172 in
2719 3119 2824 3173 hoc
2855 3133 2977 3188 cap.
3011 3118 3284 3185 annotari,
3315 3127 3446 3185 etc.,
3481 3134 3647 3190 usque
3678 3121 3748 3172 ad

2147 3229 2400 3284 qntnl‘cns
2431 3213 2570 3284 lege,
2613 3223 2665 3266 ut
2703 3229 2828 3283 pag.
2863 3210 2994 3266 726.

2205 3307 2359 3363 CAP.
2419 3305 2505 3361 V1.
2539 3337 2609 3348 —-
2641 3307 2719 3362 De
2779 3307 3163 3361 retractatione
3214 3306 3600 3360 sententiarum
3637 3305 3750 3375 epi-

2148 3400 2466 3470 scopaIium.

2219 3515 2452 3570 Concilii
2494 3513 2826 3570 Antiocheni
2855 3529 3031 3570 canon
3061 3513 3125 3581 6;
3161 3513 3378 3570 concilii
3406 3511 3754 3570 Sardicensis

2148 3623 2326 3664 canon
2356 3608 2410 3672 5,
2447 3607 2502 3674 1,
2551 3608 2606 3673 5,
2651 3608 2768 3675 14;
2807 3607 3026 3661 concilii
3065 3605 3519 3678 Carthaginensis
3573 3619 3751 3660 canon

2153 3702 2240 3764 14,
2279 3701 2366 3763 15,
2401 3699 2493 3765 28,
2525 3699 2613 3763 79,
2640 3699 2729 3764 96,
2763 3698 2886 3764 122,
2918 3698 3038 3753 125.

2225 3793 2441 3848 Texms.
2474 3794 2667 3849 Const.
2699 3793 2752 3856 8,
2783 3794 2867 3847 til.
2899 3793 2951 3856 5,
2982 3793 3072 3845 Iih.
3109 3807 3150 3852 ι.
3201 3791 3314 3845 ait:
3346 3789 3501 3858 Quod
3531 3801 3756 3844 sentcn-

2147 3889 2238 3945 tiae
2272 3890 2680 3959 episcopOrum,
2715 3898 2849 3955 etc.,
2881 3903 3047 3958 usque
3089 3886 3159 3940 ad
3194 3885 3486 3957 delegavit,
3523 3884 3750 3950 referto,

2149 3992 2208 4035 ut
2239 3999 2362 4052 pag.
2393 3982 2519 4037 727.

2224 4095 2518 4151 St'llOliitm.
2553 4094 2745 4151 Const.
2776 4094 2809 4148 8
2835 4111 2839 4115 ·
2865 4095 2946 4150 tit.
2979 4093 3014 4149 4
3078 4094 3170 4148 lib.
3224 4110 3240 4149 ι
3285 4109 3394 4148 non
3447 4103 3532 4148 est
3573 4095 3750 4163 posita

2153 4191 2206 4245 in
2237 4191 2398 4245 Basil.
2422 4205 2599 4260 neque
2619 4189 2869 4259 ejusdem
2894 4188 2976 4244 tit.
3001 4198 3182 4242 const.
3201 4185 3292 4250 29,
3315 4194 3496 4240 const.
3524 4184 3582 4250 2,
3608 4185 3690 4239 tit.
3722 4185 3745 4237 1

2147 4281 2521 4347 Nmellarum,
2553 4291 2638 4336 est
2687 4297 2806 4350 cap.
2855 4281 2925 4334 53
2971 4279 3200 4335 novella:
3243 4278 3375 4343 125,
3417 4277 3566 4347 quod
3603 4277 3754 4347 posi-

2151 4383 2265 4428 tum
2298 4382 2382 4428 est
2407 4374 2459 4427 in
2499 4374 2592 4427 lib.
2630 4389 2686 4428 ιιι
2720 4372 2882 4426 Basil.
2913 4374 2997 4426 Iit.
3040 4373 3088 4435 1,
3123 4387 3244 4440 cap.
3277 4372 3367 4436 44,
3403 4385 3466 4422 ac
3501 4369 3634 4422 dicit
3659 4383 3749 4421 ea-

2151 4469 2274 4522 dem
2304 4470 2436 4532 l'ere,
2460 4483 2586 4537 quae
2618 4469 2669 4519 in
2700 4476 2848 4521 textu
2887 4467 2991 4520 sub
3023 4463 3353 4535 compendio
3380 4471 3510 4517 sunt
3545 4477 3749 4531 propo-

2151 4560 2278 4614 sita.
2313 4557 2706 4613 Verumtamen
2743 4559 2796 4612 in
2830 4558 2935 4611 line
2969 4557 3217 4628 ejusdem
3251 4571 3372 4627 cap.
3398 4554 3614 4610 novella
3636 4557 3751 4608 htec

435 4647 513 4718 τῷ
541 4648 686 4702 τέλει
715 4649 810 4702 τοῦ
842 4651 1010 4704 αὑτοῦ
1042 4669 1170 4719 κεφ.
1193 4652 1360 4721 φησὶν
1392 4653 1426 4723 ἡ
1453 4653 1625 4724 νεαρὰ
1651 4652 1827 4706 ταῦτα
1849 4671 1861 4684 ·
1891 4655 1954 4707 Εί
1980 4653 2036 4706 δέ

2147 4653 2282 4707 dicit
2309 4671 2321 4706 :
2352 4651 2408 4707 Si
2439 4651 2881 4707 ecclesiasticum
2917 4650 3197 4722 negotium
3221 4651 3313 4716 sit,
3348 4648 3556 4702 nullam
3598 4662 3752 4701 com-

432 4740 889 4813 ἐκκλησιαστικὸν
946 4745 1034 4813 εἴη
1091 4745 1151 4798 τὸ
1199 4747 1459 4816 πρᾶγμα,
1509 4746 1784 4816 μηδεμίαν
1841 4763 2036 4800 κοινω-

435 4833 554 4889 νίαν
570 4837 848 4907 ἐχέτωσαν
867 4839 914 4890 οἱ
938 4837 1481 4910 πολιτικο“ιᾰρχοντες
1502 4839 1638 4910 πρὸς
1661 4841 1759 4910 τὴν
1779 4839 2036 4910 τοιαύτην

434 4923 717 4991 ὑπόθεσιν,
763 4927 880 4980 ἀλλ’
920 4929 971 4980 oi
1022 4927 1311 4982 όσιώτατοι
1362 4928 1655 4984 ἐπίσκοποι
1708 4931 1851 4983 κατὰ
1910 4931 2038 4992 τοὺς

438 5019 618 5088 ἱεροὺς
650 5021 885 5086 κανόνας
914 5022 994 5093 τῷ
1037 5023 1330 5093 πράγματι
1385 5023 1559 5096 πέρας
1610 5021 2029 5077 ὲπιτιθέτωσαν.

438 5109 742 5180 Ἀνάγνωθι
773 5115 870 5168 καὶ
902 5115 962 5168 τὸ
995 5113 1076 5186 με’
1108 5132 1234 5184 κεφ.
1264 5115 1359 5169 τοῦ
1391 5113 1440 5169 α’
1482 5116 1588 5170 τίτ.
1616 5114 1710 5170 τοῦ
1741 5113 1788 5184 γ’
1827 5115 2036 5186 βιϐλίου

436 5206 545 5260 τῶν
595 5207 904 5263 Βασιλικών
941 5213 1107 5283 μέρος
1155 5211 1214 5264 ὃν
1265 5211 1368 5282 τῆς
1412 5218 1532 5282 ρκγ’
1597 5211 2037 5264 ’1ουστινιανείου

435 5303 657 5373 νεαρᾶς,
693 5306 790 5358 καὶ
825 5305 982 5373 λέγον
1017 5305 1224 5360 ταῦτα*
1256 5308 1320 5360 El
1350 5323 1494 5368 τινες
1519 5305 1574 5358 δέ
1605 5306 1892 5358 ὁσιώτατοι
1920 5305 2037 5358 ἐπίς

438 5411 633 5449 σκοποι
666 5398 766 5468 τῆς
790 5398 962 5468 αὐτῆς
1006 5399 1227 5453 συνόδου
1262 5399 1678 5472 ἀμφισϐήτησίν
1721 5415 1844 5451 τινα
1902 5399 2041 5470 πρὸς

435 5488 701 5560 ἀλλήλους
748 5491 964 5562 έχοιειν,
998 5493 1107 5545 εἴτε
1136 5492 1276 5563 ὑπὲρ
1314 5491 1775 5562 ἐκκλησιαστικοῦ
1805 5491 2038 5555 δικαίου,

436 5585 547 5636 εἴτε
586 5585 731 5658 ὑπὲρ
759 5585 938 5638 ἄλλων
969 5585 1132 5638 τινῶν
1160 5590 1531 5658 πραγμάτων,
1572 5587 1841 5657 πρότερον
1872 5585 1900 5638 ὁ
1937 5603 2040 5656 μη-

434 5675 764 5748 τροπολίτης
798 5676 980 5729 αὐτῶν
1032 5676 1153 5748 μεθ’
1194 5679 1400 5747 ἐτέρων
1449 5677 1544 5732 δύο
1601 5680 1666 5733 ἐκ
1712 5677 1821 5730 τῶν
1870 5678 2044 5748 αὐτῆς

437 5769 662 5824 συνόδου
707 5771 1029 5825 ἐπισκόπων
1075 5772 1138 5824 τὸ
1187 5773 1425 5844 πρᾶγμα
1459 5771 1714 5842 κρινέτω,
1749 5773 1846 5825 καὶ
1887 5773 1934 5824 εἰ
1968 5772 2043 5842 μὴ

439 5863 754 5934 ὲμμένοιεν,
817 5864 1082 5935 ἑκάτερον
1122 5868 1288 5936 μέρος
1334 5868 1446 5928 τοῖς
1487 5864 1841 5935 κεκριμένοις
1894 5881 2046 5933 τηνι-

439 5961 619 6015 καῦτα
653 5964 682 6015 ό
717 5959 1138 6034 μακαριώτατος
1179 5959 1529 6032 πατριάρχης
1564 5960 1662 6029 τῆς
1713 5959 2041 6029 διοικήσεως

2142 4746 2462 4822 ιιιιιηίοιιυιῐι
2497 4745 2735 4799 habento
2756 4743 2945 4799 civiles
2974 4743 3333 4815 magistratus
3364 4759 3490 4797 cum
3525 4758 3589 4797 ea
3615 4759 3748 4797 con-

2144 4836 2411 4892 troversia
2458 4852 2471 4889 :
2519 4835 2614 4891 sed
2673 4836 3074 4906 religiosissimi
3119 4836 3368 4907 episcopi
3433 4841 3749 4892 secundum

2143 4946 2338 4986 sacros
2383 4945 2630 4985 canones
2678 4930 2899 5001 negotio
2956 4930 3118 4983 linem
3168 4929 3512 4999 imponunto.
3575 4928 3750 5001 Legas

2140 5027 2306 5080 etiam
2355 5025 2424 5080 15
2457 5038 2580 5096 cap.
2634 5025 2716 5079 tit.
2765 5027 2785 5078 1
2838 5024 2934 5079 lib.
2974 5041 3034 5078 ιιι
3078 5023 3248 5079 Basil.
3297 5023 3444 5095 quod
3493 5039 3622 5093 pars
3667 5039 3753 5079 (νει

2146 5120 2250 5174 125
2277 5119 2638 5176 Justinianea!
2676 5119 3108 5190 n0\'ell-.e,atque
3134 5119 3250 5174 hazc
3267 5119 3400 5173 dicit
3434 5137 3448 5174 :
3483 5119 3751 5173 Prmteca

2144 5212 2304 5283 siqui
2332 5211 2580 5283 ejusdem
2599 5211 2793 5281 synodi
2818 5211 3221 5283 religiosissimi
3243 5210 3484 5281 episcopi
3511 5211 3754 5281 aliquam

2147 5309 2290 5362 inter
2312 5323 2371 5362 se
2392 5306 2825 5360 controversiam
2848 5305 3107 5370 habeant,
3126 5306 3238 5358 sive
3257 5305 3324 5359 de
3353 5304 3479 5373 jure
3500 5303 3755 5359 ecclesia-

2145 5402 2308 5467 stico,
2345 5401 2460 5455 sive
2500 5401 2567 5456 de
2595 5399 2924 5469 quibusdam
2953 5399 3075 5453 aliis
3113 5399 3280 5452 rebus
3320 5399 3513 5468 :prins
3551 5405 3756 5450 metro-

2146 5494 2425 5564 politanus
2450 5493 2695 5562 ipsorum
2727 5505 2853 5545 cum
2881 5492 3004 5547 aliis
3037 5491 3252 5544 dnohus
3285 5488 3530 5559 ejusdem
3561 5487 3755 5558 synodi

2146 5587 2420 5657 episcopis
2446 5603 2557 5640 rem
2578 5584 2898 5655 dijudicato.
2928 5585 2993 5638 Et
3015 5585 3118 5638 nisi
3144 5593 3375 5651 utraque
3402 5581 3760 5652 parsjudica-

2150 5682 2218 5736 tis
2249 5680 2458 5734 insistat
2486 5695 2498 5731 :
2520 5687 2652 5734 tunc
2678 5679 3032 5734 beatissimus
3051 5677 3363 5748 patriarcha
3383 5676 3528 5730 illius
3554 5675 3756 5729 dioece-

2149 5790 2277 5830 seos
2311 5773 2648 5828 audientiam
2689 5772 2822 5844 ipsis
2867 5770 3310 5832 accmnniodato,
3337 5780 3390 5824 et
3420 5770 3512 5823 illo
3534 5770 3762 5824 statuito

2151 5883 2270 5938 qum
2294 5867 2700 5937 iecclcsiasticis
2737 5866 3046 5920 canonibus
3088 5873 3140 5918 et
3172 5863 3387 5933 legibus
3431 5863 3755 5926 concinunt,

2151 5969 2348 6018 neutra
2367 5967 2521 6030 parte
2544 5957 2824 6014 sententitc
2841 5956 2961 6028 ejus
2979 5954 3358 6011 contradicere
3378 5965 3638 6026 qucunlc,
3659 5964 3764 6008 clc.
