4146 6480
419 424 556 489 1103

1574 421 1841 483 ῬῘΙΟΤῘῙ
1899 418 2410 480 ΡΛΤΠΙΛΠΕΠΕ
2449 420 2559 483 CP.

3580 410 3727 477 1104

426 538 646 606 ἐκείνης
692 533 898 605 μεταξὺ
932 532 1112 587 αὐτῶν
1143 532 1459 604 ἀκροάσθω,
1510 534 1742 585 κάκεῖνα
1774 528 2024 601 cptum,
2066 530 2225 585 ἅτινα
2258 535 2375 596 τοῖς
2449 532 2946 605 ὲκκλησιαστικοῖς
2976 535 3191 603 κανόσι,
3239 537 3335 593 καὶ
3366 536 3484 599 τοῖς
3523 533 3724 605 νόμοις

421 633 670 704 συνᾴδει,
701 631 918 695 οὐδενὸς
949 630 1153 701 μέρους
1180 628 1325 681 κατὰ
1350 630 1449 698 τῆς
1476 627 1660 697 ψήφου
1684 623 1851 679 αὑτοῦ
1872 623 2177 693 ἀντιλέγειν
2207 625 2537 697 δυναμένου,
2565 628 2663 682 καὶ
2689 628 2759 683 τὰ
2794 626 2943 699 έξῆς.

488 725 643 780 CAP.
705 723 823 779 VII.
866 755 936 766 —
977 720 1038 777 Si
1108 724 1385 791 episcopus
1447 721 1699 774 adversus
1756 719 2015 791 collegam

2194 722 2449 779 ΚΕΦΑΛ.
2522 721 2599 780 Ζ’.
2652 750 2721 767 —-
2769 723 2914 779 Ἐὰν
2967 723 3306 791 ἐπίσκοπος
3354 722 3516 793 ἔχων
3566 722 3728 791 πρὸς

421 815 731 891 [actionem]
766 817 987 885 habens,
1024 832 1125 870 non
1157 824 1305 887 agat,
1334 814 1424 869 sed
1470 812 1614 886 [cum
1649 811 1767 884 illo]
1799 822 2015 867 tractat.

488 915 722 971 Concilii
754 912 1209 984 Carthaginensis
1242 927 1419 967 canon
1460 910 1553 964 20.

492 1009 647 1065 CAP.
688 1007 824 1062 VIII.
850 1037 920 1049 —-
947 1006 1173 1073 Quando
1194 1008 1469 1077 episcOpus
1509 1012 1693 1058 contra
1721 1004 2020 1073 episcopum

418 1102 560 1173 apud
593 1099 800 1153 civilem
832 1098 1209 1166 magistratum
1249 1092 1560 1168 [actionem]
1600 1110 1805 1149 movere
1826 1094 2017 1164 possit.

486 1192 720 1249 Concilii
753 1190 1208 1259 Carthaginensis
1237 1205 1413 1245 canon
1443 1187 1534 1242 48.

486 1289 641 1343 CAP.
685 1285 778 1341 IX.
807 1316 879 1326 —
914 1283 989 1337 De
1036 1284 1296 1353 episcopis
1337 1293 1385 1337 et
1434 1281 1642 1336 clericis
1691 1279 1782 1352 qui
1824 1280 2021 1350 injuste

416 1383 504 1456 [ex
529 1378 891 1436 ecclesiastico
925 1374 1133 1449 ordine]
1159 1377 1468 1446 ejiciuntur.

483 1472 714 1529 Concilii
748 1469 954 1527 Nicaeni
996 1469 1224 1525 secundi
1262 1484 1439 1525 canon
1472 1467 1541 1534 4;
1575 1464 1798 1523 concilii
1825 1464 2021 1521 Sardi-

412 1568 596 1625 censis
631 1581 811 1623 canon
842 1565 931 1630 14,
962 1563 1050 1629 18,
1083 1565 1171 1620 19.

488 1660 708 1715 Texlus.
746 1658 939 1713 Const.
985 1656 1056 1710 23
1092 1656 1173 1711 tit.
1221 1657 1255 1711 3
1309 1656 1406 1711 lib.
1447 1672 1463 1709 ι
1502 1655 1624 1711 cod.
1672 1654 1805 1709 facit
1865 1669 2022 1709 men-

412 1752 790 1816 tionem,etc.,
822 1764 985 1820 usque
1017 1748 1087 1803 ad
1116 1764 1147 1803 ιι
1178 1746 1573 1803 communione
1602 1746 2022 1811 excludatur,ut

412 1843 695 1914 pag.258.

492 1934 789 1991 Scholium.
822 1932 1014 1989 Const.
1066 1933 1138 1989 23
1177 1931 1265 1987 tit.
1311 1930 1345 1984 3
1385 1930 1478 1986 lib.
1532 1946 1572 1996 ι,
1618 1929 1743 1986 cod.
1782 1944 1893 1985 non
1938 1936 2023 1985 est

426 2024 607 2095 posita
639 2024 692 2079 in
726 2022 924 2089 Basil.,
959 2037 1133 2093 neque
1159 2028 1338 2077 const.
1367 2020 1452 2088 58,
1498 2020 1743 2091 ejusdem
1771 2018 1881 2087 tit.,
1922 2033 2021 2074 nec

412 2133 545 2174 vero
578 2118 686 2174 illis
740 2117 984 2171 animum
1017 2115 1292 2171 advertas.
1320 2114 1511 2170 Const.
1536 2123 1720 2169 autem
1765 2112 1825 2179 2,
1855 2113 1938 2167 tit.
1984 2113 2010 2166 1

426 2212 806 2277 Novellarum,
850 2219 935 2265 est
963 2209 1177 2264 novella
1217 2207 1516 2264 Justiniani
1552 2207 1677 2270 125,
1712 2221 1776 2262 ac
1818 2215 1907 2261 est
1959 2203 2015 2259 in

410 2305 509 2361 lib.
538 2304 706 2361 Basil.
742 2321 819 2370 ιιι,
858 2304 942 2359 tit.
973 2322 1012 2369 ι,
1045 2320 1167 2375 cap.
1189 2304 1281 2370 24,
1320 2313 1374 2359 et
1393 2305 1473 2359 sic
1497 2304 1669 2359 habet
1703 2323 1715 2360 :
1748 2301 2018 2360 Omnibus

414 2397 693 2468 episc0pis
739 2407 796 2451 et
840 2397 1180 2467 presbyteris
1232 2396 1651 2460 interdicimus,
1708 2410 1777 2449 ne
1821 2410 2017 2465 quem-

414 2492 561 2562 piam
591 2506 621 2545 a
648 2505 807 2547 sacra
838 2491 1232 2545 communione
1281 2491 1437 2561 prius
1493 2498 1805 2561 segregent,
1847 2503 2015 2560 quam

416 2598 588 2639 causa
640 2592 1019 2651 monstretur,
1073 2583 1435 2654 quamobrem
1492 2582 1854 2639 ecclesiastici
1912 2582 2019 2639 hoc

408 2689 653 2730 canones
682 2674 799 2728 ﬁeri
828 2673 1047 2743 juhent.
1094 2672 1155 2728 Si
1192 2674 1319 2744 quis
1354 2684 1539 2730 autem
1588 2676 1705 2730 haec
1748 2684 1945 2730 contra
1983 2690 2016 2730 a

411 2775 606 2821 sancta
674 2764 1074 2821 communione
1141 2764 1384 2836 aliquem
1448 2766 1786 2836 separaverit
1852 2782 1867 2819 :
1927 2764 2018 2819 ille

412 2859 639 2930 quidem
682 2858 778 2930 qui
823 2857 1029 2929 injuste
1060 2873 1090 2913 a
1123 2857 1518 2913 communione
1560 2867 1849 2927 separatus
1888 2856 2015 2926 fuit,

411 2950 653 3005 resoluto
693 2949 917 3005 vinculo
968 2964 1064 3020 per
1104 2949 1370 3019 majorem
1418 2949 1787 3017 sacerdotem,
1823 2963 2015 3006 sancta

417 3043 620 3113 dignus
666 3042 937 3097 habeatur
969 3044 1382 3097 communione.
1420 3042 1472 3099 Is
1500 3058 1628 3098 vero
1685 3044 1779 3114 qui
1812 3043 2017 3115 injuste

408 3137 650 3207 aliquem
679 3151 709 3190 a
740 3144 933 3192 sancta
964 3150 1221 3206 separare
1252 3138 1646 3192 communione
1675 3154 1846 3195 ausus
1894 3138 2016 3194 fue-

407 3228 498 3294 rit,
537 3227 802 3282 omnibus
852 3227 1033 3282 modis
1069 3242 1165 3296 per
1203 3227 1551 3283 sacerdotem
1605 3231 1712 3284 sub
1747 3244 1860 3300 quo
1894 3230 2017 3285 col-

410 3324 623 3378 locatus
678 3332 784 3387 est,
846 3338 877 3376 a
920 3322 1314 3378 communione
1360 3322 1739 3393 separabitur,
1774 3335 2014 3395 quanto-

2123 816 2609 881 συνεπίσκοπον,
2627 816 2715 887 μὴ
2748 816 3091 887 δικάσηται,
3122 816 3284 872 ἀλλὰ
3312 815 3464 887 χειρί
3493 814 3722 885 πράξῃ.

2194 910 2426 964 Συνόδου
2462 909 2863 982 Καρθαγέννης
2897 907 3081 965 κανὼν
3112 907 3185 966 κ’.

2195 1003 2453 1059 ΚΕΦΑΛ.
2502 1001 2588 1058 H'.
2622 1034 2693 1045 —
2714 1005 2868 1058 Πότε
2891 1003 3143 1058 δύναται
3170 1003 3508 1072 ἐπίσκοπος
3527 1002 3729 1058 κινεῖν

2122 1097 2437 1163 ἐπισκόπῳ
2457 1098 2619 1166 παρὰ
2647 1097 2893 1167 ἄρχοντι
2930 1096 3242 1163 πολιτικῷ.

2198 1187 2430 1239 Συνόδου
2464 1184 2863 1260 Καρθαγέννης
2894 1184 3078 1241 κανὼν
3116 1184 3232 1257 μη’.

2196 1279 2455 1334 ΚΕΦΑΛ.
2483 1276 2561 1333 Θ’.
2591 1308 2664 1319 -
2696 1277 2837 1347 Περί
2870 1276 2992 1333 τῶν
3013 1278 3232 1344 ἀδίκως
3257 1276 3727 1347 ἐκϐαλλομένων

2122 1371 2477 1427 ἐπισκόπων
2505 1370 2606 1427 καί
2633 1368 2961 1440 κληρικῶν.

2197 1465 2428 1520 Συνόδου
2455 1465 2692 1532 Νικαίας
2742 1466 2806 1520 τὸ
2839 1464 2885 1537 β’
2918 1464 3101 1521 κανὼν
3146 1464 3189 1520 δ’
3214 1482 3229 1497 ·
3264 1465 3485 1520 συνόδου
3522 1462 3725 1537 Σαρδι-

2126 1559 2229 1629 κῆς
2259 1555 2346 1624 ιδ’,
2379 1554 2474 1629 ιη’,
2508 1556 2597 1613 ιϐ’.

2196 1650 2507 1719 Κείμενον.
2551 1650 2616 1704 Ἡ
2642 1648 2726 1719 κγ’
2755 1650 2898 1706 διάτ.
2932 1649 3028 1704 τοῦ
3054 1656 3104 1719 γ’
3133 1649 3241 1705 τίτ.
3280 1649 3378 1705 τοῦ
3409 1648 3459 1704 α’
3515 1647 3723 1718 βιϐλίου

2124 1742 2220 1796 τοῦ
2248 1744 2502 1808 κώδικος,
2529 1762 2586 1801 κ.
2619 1763 2673 1799 τ.
2705 1745 2758 1800 λ.
2790 1762 2967 1816 usque
2996 1747 3064 1801 ad
3096 1746 3124 1799 ό
3159 1746 3340 1819 ἱερεὺς
3366 1744 3456 1816 ὑφ’
3483 1745 3542 1799 ὃν
3568 1743 3723 1799 τελεῖ

2127 1837 2391 1892 συνεῖδεν.
2431 1837 2608 1909 Supra
2638 1854 2761 1910 pag.
2794 1838 2923 1893 258.

2196 1934 2478 2003 Σχόλιον.
2522 1934 2591 1987 Ἠ
2614 1932 2699 2004 κγ’
2730 1933 2872 1989 διάτ.
2909 1932 3008 1987 τοῦ
3039 1931 3088 2003 γ’
3120 1932 3227 1988 τίτ.
3264 1933 3361 1988 τοῦ
3412 1931 3461 1989 α’
3514 1932 3720 2005 βιϐλίου

2125 2027 2223 2081 τοῦ
2278 2028 2513 2093 κώδικος
2570 2028 2673 2083 οὐκ
2713 2027 2875 2099 ὲτέθη
2929 2029 3010 2091 είς
3044 2027 3115 2082 τὰ
3160 2028 3451 2096 summa,
3509 2027 3628 2083 οὐδὲ
3679 2030 3721 2099 ἠ

2125 2123 2208 2194 λη’
2224 2121 2366 2177 διάτ.
2388 2122 2483 2176 τοῦ
2506 2122 2675 2177 αὐτοῦ
2697 2124 2805 2179 τίτ.
2838 2125 2933 2178 καὶ
2959 2125 3033 2197 μὴ
3057 2123 3305 2195 προσχῆς
3321 2123 3551 2186 τούτοις.
3578 2122 3643 2175 Ἡ
3660 2121 3720 2174 δὲ

2131 2214 2178 2287 β’
2212 2215 2357 2270 διάτ.
2388 2214 2485 2269 τοῦ
2514 2214 2564 2271 α’
2598 2216 2707 2271 τίτ.
2731 2216 2838 2271 τῶν
2860 2217 3113 2289 Νεαρῶν,
3145 2217 3262 2270 ἐστι
3288 2216 3459 2287 νεαρὰ
3501 2216 3723 2268 Ἰουστι-

2127 2308 2363 2372 νιάνειος
2387 2307 2533 2381 ρκγ’,
2570 2310 2663 2365 καὶ
2713 2311 2894 2364 κεῖται
2926 2312 2985 2364 ἐν
3034 2309 3228 2380 βιϐλίῳ
3275 2309 3386 2361 τῶν
3410 2306 3717 2361 Βασιλικῶν

2126 2399 2198 2471 γ’,
2221 2400 2329 2457 τίτ.
2366 2400 2437 2467 α’,
2463 2418 2591 2471 κεφ.
2625 2403 2727 2467 κδ’,
2750 2402 2924 2465 οὕτως
2952 2402 3170 2472 ἔχουσαο
3193 2401 3336 2454 Πᾶσι
3369 2398 3426 2453 δὲ
3459 2400 3571 2461 τοῖς
3601 2399 3722 2450 ἑπι-

2128 2492 2373 2559 σκόποις,
2405 2492 2439 2564 ἢ
2468 2493 2564 2545 καὶ
2596 2493 2994 2564 πρεσϐυτέροις
3029 2488 3453 2562 ἀπαγορεύομεν
3502 2486 3577 2559 μὴ
3611 2489 3717 2556 ὰφ-

2131 2583 2338 2656 ορίζειν
2365 2584 2491 2639 τινὰ
2505 2584 2605 2656 τῆς
2633 2582 2800 2653 ἁγίας
2821 2583 3127 2649 κοινωνίας,
3153 2580 3336 2652 πρὶνῆ
3358 2579 3507 2634 αίτία
3534 2576 3715 2648 δειχθῇ

2125 2676 2193 2730 δι’
2228 2678 2297 2748 ἢν
2324 2677 2376 2730 οἱ
2406 2675 2864 2747 ὲκκλησιαστικοὶ
2898 2676 3126 2739 κανόνες
3154 2672 3315 2727 τοῦτο
3350 2670 3606 2742 γενέσθαι
3628 2687 3719 2724 κε-

2125 2770 2407 2838 λεύουσιν,
2446 2771 2496 2823 εί
2526 2769 2584 2823 δέ
2624 2786 2710 2833 τις
2744 2769 2899 2840 παρὰ
2948 2768 3050 2839 τῆς
3080 2767 3245 2837 ἁγίας
3273 2764 3558 2828 κοινωνίας
3595 2763 3718 2818 τινὰ

2125 2863 2364 2937 χωρίσῃ,
2398 2863 2609 2925 ἐκεῖνος
2664 2860 2764 2932 μὲν
2792 2861 2851 2925 ὃς
2885 2860 3089 2923 ἀδίκως
3138 2858 3249 2913 ἀπὺ
3296 2858 3395 2928 τῆς
3435 2854 3719 2919 κοινωνίας

2124 2956 2425 3028 ἐχωρίσθη,
2464 2954 2734 3026 λυομένου
2786 2954 2883 3008 τοῦ
2934 2952 3138 3025 δεσμοῦ
3189 2952 3296 3006 ὑπὸ
3339 2950 3434 3005 τοῦ
3473 2948 3717 3022 μείζονος

2128 3050 2321 3123 ἱερέως
2349 3049 2451 3121 τῆς
2490 3049 2654 3118 ἁγίας
2684 3047 2962 3114 ἁξιούσθω
2990 3046 3303 3111 κοινωνίας,
3351 3046 3381 3098 ὁ
3410 3044 3468 3097 δὲ
3516 3044 3716 3105 ἀδίκως

2122 3144 2249 3199 τινὰ
2276 3146 2376 3216 τῆς
2418 3143 2581 3214 ἁγίας
2626 3141 2918 3201 κοινωνίας
2968 3140 3250 3212 τολμήσας
3300 3138 3535 3210 χωρίσαι
3582 3137 3716 3190 πᾶσι

2120 3236 2344 3308 τρόποις
2363 3236 2471 3290 ὑπὸ
2494 3233 2590 3289 τοῦ
2611 3234 2802 3305 ἱερέως
2823 3231 2916 3302 ὑφ’
2943 3232 3002 3286 ὃν
3023 3234 3287 3286 τέτακται
3313 3228 3718 3301 χωρισθήσεται

2120 3330 2222 3401 τῆς
2278 3327 2567 3392 κοινωνίας
2620 3328 2706 3397 ἐφ’
2751 3326 2879 3380 ὅσον
2937 3324 3127 3397 συνίδῃ
3183 3324 3415 3390 ἐκεῖνος,
3454 3321 3543 3375 ἵνα
3582 3322 3719 3388 ὅπερ

409 3431 629 3485 cunque
662 3423 908 3486 tempore
948 3415 1026 3470 illi
1062 3416 1242 3471 visum
1302 3416 1408 3472 erit
1456 3432 1470 3471 :
1521 3426 1583 3472 ut
1625 3417 1774 3488 quod
1806 3417 2016 3489 injuste

2125 3424 2327 3487 ἀδίκως
2356 3421 2611 3494 ἐποίησε,
2649 3419 2855 3483 ἀδίκως
2884 3418 3182 3489 ὑπομείνῃ.

406 3509 499 3564 alii
531 3508 681 3575 lecit,
716 3511 834 3580 ipse
856 3510 1008 3580 juste
1035 3511 1328 3566 sustineat.

478 3602 635 3657 CAP.
678 3602 748 3657 Χ.
781 3633 854 3643 --
886 3603 964 3658 De
1028 3603 1111 3657 his
1163 3606 1253 3675 qui
1280 3606 1345 3657 ab
1380 3602 1623 3659 Ecclesia
1654 3605 1734 3662 vel
1767 3622 2009 3661 commu-

407 3697 560 3750 nione
628 3710 971 3766 separantur,
1023 3706 1116 3751 aut
1178 3698 1490 3767 ejiciuntur.

477 3788 866 3856 Apostolorum
929 3802 1110 3842 canon
1158 3789 1247 3855 l2,
1279 3790 1366 3855 I3,
1402 3790 1753 3857 51;concilii
1801 3789 2010 3848 Ναιεηί

405 3894 582 3934 canon
611 3881 666 3944 5,
714 3880 803 3946 12,
840 3880 941 3949 15;
969 3881 1190 3936 concilii
1223 3881 1552 3939 Antiocheni
1578 3899 1756 3940 canon
1781 3883 1848 3951 6;
1879 3900 2011 3941 con-

406 3973 519 4026 cilii
572 3971 872 4028 Laodiceni
905 3988 1084 4028 canon
1120 3973 1227 4040 36;
1282 3976 1507 4030 concilii
1537 3975 2013 4033 Chalcedonensis

405 4082 584 4122 canon
634 4069 690 4133 4,
723 4067 825 4135 16;
876 4067 1099 4123 concilii
1154 4066 1506 4125 Sardicensis
1536 4085 1716 4126 canon
1766 4071 1853 4135 I3,
1909 4070 2007 4137 l4;

406 4162 630 4217 concilii
682 4161 1143 4234 Carthaginensis
1196 4178 1372 4219 canon
1405 4163 1511 4233 65;
1577 4162 1801 4220 concilii
1870 4164 2010 4221 sexti

408 4270 588 4311 canon
618 4255 684 4311 2-1
708 4299 725 4317 .

484 4348 706 4404 Tenus.
762 4349 956 4407 Const.
1002 4350 1068 4405 14
1111 4350 1197 4406 tit.
1229 4352 1265 4408 3
1304 4350 1400 4407 lib.
1446 4366 1487 4408 ι.
1545 4350 1603 4407 Si
1638 4351 1864 4423 (inquit)
1911 4353 2008 4424 qui

408 4443 637 4514 judicio,
663 4452 794 4511 etc.,
824 4461 989 4516 usque
1019 4446 1088 4501 ad
1120 4445 1467 4517 conjiciatur,
1498 4454 1556 4499 ut
1583 4462 1707 4517 pag.
1739 4444 1867 4502 263.

481 4629 779 4687 Scholium.
825 4632 1019 4689 Const.
1076 4632 1145 4687 14
1175 4633 1241 4687 tit
1272 4632 1307 4687 ὅ
1362 4630 1459 4687 lib.
1514 4646 1533 4686 ι
1580 4630 1705 4687 cod.
1770 4641 1858 4687 est
1903 4631 2002 4688 lib.

412 4746 469 4784 ιιι
525 4727 694 4783 Basil.
729 4728 813 4784 tit.
861 4744 899 4794 ι,
948 4743 1071 4799 cap.
1118 4745 1157 4795 ι,
1212 4727 1357 4799 quod
1404 4727 1594 4783 eadem
1629 4726 1784 4782 dicit.
1813 4727 2007 4783 Const.

2201 3608 2473 3664 ΚΕΦΑΝ.
2550 3604 2608 3664 I'.
2674 3637 2747 3648 —
2802 3604 2943 3676 Περί
2992 3602 3135 3684 τῶν.
3168 3601 3628 3674 ἀφοριζομένων,
3678 3600 3719 3670 ἢ

2124 3702 2596 3775 ἐκϐαλλομένων
2620 3700 2733 3768 τῆς
2770 3698 3147 3767 Ἐκκλησίας
3184 3697 3222 3767 ἢ
3244 3696 3357 3766 τῆς
3380 3695 3719 3761 κοινωνίας.

2210 3795 2555 3851 Ἀποστόλων
2587 3792 2769 3849 κανὼν
2816 3789 2908 3863 ιβ’,
2949 3790 3042 3862 ιγ’,
3075 3789 3178 3863 λβ’,
3212 3798 3290 3846 να¹
3312 3808 3325 3822 ·
3373 3790 3593 3844 συνόδου
3622 3789 3722 3843 Νι-

2126 3890 2293 3954 καίας
2310 3887 2492 3943 κανὼν
2511 3893 2572 3953 ε’,
2597 3885 2685 3958 ιβ’,
2707 3884 2777 3957 ιγ’
2794 3902 2808 3916 °
2834 3884 3056 3939 συνόδου
3072 3884 3407 3955 Ἀντιοχείας
3428 3882 3607 3938 κανὼν
3627 3888 3684 3948 ς’
3702 3897 3719 3912 ο

2129 3983 2355 4037 συνόδου
2408 3980 2737 4045 Λαοδικείας
2790 3978 2973 4034 κανὼν
3022 3976 3158 4043 λς’·
3214 3979 3436 4033 συνόδου
3496 3979 3722 4047 Χαλκη-

2127 4077 2280 4140 δόνος
2310 4075 2493 4131 κανὼν
2523 4072 2591 4139 δ’,
2629 4072 2725 4139 ις”
2762 4074 2983 4129 συνόδου
3012 4074 3287 4147 Σαρδικῆς
3331 4072 3514 4127 κανὼν
3547 4072 3599 4138 ι’,
3630 4070 3719 4142 ιγ’,

2134 4167 2193 4222 ιδ’
2233 4185 2246 4198 ·
2271 4167 2494 4222 συνόδου
2553 4166 2954 4239 Καρθαγέννης
2986 4167 3191 4238 ,κανὼν
3250 4166 3321 4234 ξε⁹
3350 4184 3364 4199 ο
3395 4166 3613 4222 συνόδου
3666 4163 3720 4231 ς’

2126 4262 2312 4318 κανὼν
2343 4261 2447 4318 κα’.

2197 4358 2510 4426 Κείμενον.
2567 4359 2632 4411 Ἦ
2662 4356 2724 4412 ιδ’
2752 4357 2894 4412 διάτ.
2932 4356 3031 4411 τοῦ
3055 4353 3103 4425 γ’
3134 4353 3239 4410 τίτ.
3290 4351 3387 4409 τοῦ
3418 4352 3466 4408 α’
3512 4352 3719 4425 βιϐλίου

2128 4447 2305 4518 λέγει,
2345 4469 2399 4505 κ.
2435 4467 2488 4505 τ.
2520 4449 2599 4517 λ.,
2634 4466 2813 4521 usque
2841 4450 2910 4506 ad
2948 4449 3118 4523 ἄλλης
3142 4448 3417 4521 ἐπαρχίας
3455 4445 3722 4520 ἐμϐαλλε-

2126 4553 2239 4599 ται.
2271 4542 2448 4614 Supra
2472 4560 2595 4616 pag.
2632 4544 2761 4600 263.

2202 4637 2491 4705 Σχόλιον.
2537 4636 2601 4689 Ἠ
2651 4636 2714 4689 ιδ’
2747 4637 2889 4690 διάτ.
2942 4634 3036 4689 τοῦ
3070 4652 3106 4705 γ
3161 4634 3267 4688 τίτ.
3307 4632 3403 4688 τοῦ
3434 4631 3482 4688 α’
3515 4630 3721 4703 βιϐλίου

2124 4706 2225 4783 ⁵’ξοῦ
2261 4728 2515 4794 κώδικος,
2543 4730 2661 4783 ἔστι
2694 4730 2901 4802 βιϐλίον
2932 4746 2965 4798 γ
3005 4729 3116 4783 τῶν
3143 4727 3472 4791 Βασιλικῶν,
3503 4726 3608 4781 τίτ.
3649 4724 3719 4789 α’,

410 4823 505 4887 25,
543 4823 625 4878 tit.
664 4822 719 4890 3,
757 4821 847 4877 lib.
879 4838 895 4876 ι
927 4822 1050 4879 cod.
1078 4837 1187 4876 non
1232 4832 1317 4877 est
1341 4822 1522 4893 posita
1552 4823 1605 4877 in
1634 4820 1802 4877 Basil.
1827 4821 2016 4877 Const.

2129 4840 2258 4892 κεφ.
2312 4821 2384 4889 α’,
2428 4824 2523 4895 καὶ
2577 4822 2729 4892 λέγει
2770 4822 2841 4877 τὰ
2894 4823 3054 4877 αὐτά.
3109 4823 3174 4876 Ἦ
3209 4820 3293 4891 κγ’
3348 4822 3489 4876 διάτ.
3540 4819 3635 4874 τοῦ
3670 4816 3717 4887 γ’

412 4916 464 4981 ὕ,
529 4916 613 4969 til.
675 4930 694 4969 ι
747 4912 1137 4980 Novellarum,
1172 4924 1258 4969 est
1318 4914 1531 4971 novella
1570 4914 1870 4969 Iustiniani
1927 4913 2020 4968 41.

417 5008 531 5063 lluc
567 5018 751 5064 autem
802 5009 922 5080 ejus
973 5023 1096 5077 cap.
1150 5023 1261 5063 non
1313 5018 1395 5063 est
1449 5012 1690 5079 positum
1740 5009 1793 5064 in
1853 5009 2018 5066 Basil.

413 5105 601 5156 (Ionst.
636 5102 693 5165 2,
733 5102 814 5155 tit.
850 5102 874 5154 I
940 5098 1295 5155 Novellarum
1330 5108 1416 5155 est
1475 5100 1685 5155 norella
1718 5098 2022 5155 Justiniani

418 5196 544 5262 125,
576 5196 867 5266 positaque
896 5203 981 5250 est
1015 5195 1071 5248 in
1122 5194 1219 5249 lib.
1257 5209 1315 5247 ιιι
1357 5194 1525 5249 Basil.
1567 5195 1649 5249 tit.
1685 5210 1723 5260 ι,
1770 5210 1895 5265 cap.
1927 5193 2019 5263 26,

413 5289 562 5358 quod
594 5289 675 5344 sic
704 5287 903 5342 habet:
935 5287 1097 5341 Certe
1125 5286 1170 5339 si
1197 5289 1325 5354 quis
1343 5286 1639 5356 episcOpus
1667 5300 1791 5341 cum
1820 5302 2016 5342 secun-

416 5384 549 5437 dum
580 5397 771 5437 sacros
799 5394 1043 5435 canones
1087 5378 1401 5434 sacerdotio
1431 5380 1642 5450 ejectus
1672 5390 1775 5446 est,
1804 5380 2019 5451 ingredi

417 5476 697 5530 civitatem
735 5473 887 5528 ausit
916 5488 979 5527 ex
1012 5486 1121 5541 qua
1154 5471 1385 5540 ejectus,
1420 5482 1517 5525 aut
1553 5473 1734 5526 locum
1782 5472 2020 5529 derelin-

421 5582 595 5636 quere
628 5567 682 5620 in
716 5580 826 5635 quo
858 5565 1057 5635 degere
1085 5564 1279 5633 jussus
1322 5574 1408 5619 cst
1443 5581 1456 5618 :
1487 5565 1748 5634 jubemus
1796 5565 1942 5619 hunc
1969 5567 2021 5619 in

424 5657 819 5713 monasterium
868 5657 923 5712 in
962 5656 1071 5710 alia
1126 5655 1411 5726 provincia
1445 5667 1813 5713 constitutum
1857 5659 2019 5714 tradi.

2124 4915 2233 4969 τίτ.
2279 4913 2377 4967 τοῦ
2413 4912 2463 4968 α’
2516 4914 2725 4985 βιϐλίου
2771 4913 2866 4969 τοῦ
2920 4915 3152 4980 κὼδικος
3201 4916 3301 4968 οὐκ
3346 4913 3505 4984 ἐτέθη
3535 4913 3614 4975 είς
3651 4910 3723 4964 τὰ

2122 5006 2412 5063 Βασιλικά.
2463 5007 2528 5062 Ἦ
2560 5005 2604 5060 ε’
2650 5007 2789 5063 διάτ.
2828 5008 2921 5061 τοῦ
2955 5006 3004 5061 α’
3044 5008 3149 5062 τίτ.
3202 5007 3312 5060 τῶν
3346 5006 3576 5079 Νεαρῶν
3604 5004 3721 5060 ἔστι

2124 5099 2298 5171 νεαρὰ
2339 5100 2775 5164 Ἰουστινιόινειος
2812 5099 2925 5172 μα’,
2976 5100 3136 5155 τοῦτο
3176 5100 3235 5156 δὲ
3278 5100 3452 5171 αὐτῆς
3493 5098 3553 5152 τὺ
3591 5114 3718 5168 κεφ.

2124 5194 2225 5247 οὐκ
2271 5193 2432 5264 ἐτέθη
2478 5196 2559 5259 εἰς
2600 5196 2669 5248 τὰ
2711 5195 2995 5250 Βασιλικά.
3036 5194 3101 5248 Ἠ
3135 5192 3179 5265 β’
3209 5194 3351 5248 διάτ.
3384 5191 3479 5246 τοῦ
3526 5190 3575 5245 α’
3614 5190 3719 5245 τίτ.

2127 5286 2239 5339 τῶν
2289 5288 2503 5359 νεαρῶν
2560 5287 2676 5342 ἔστι
2726 5288 2899 5360 νεαρὰ
2962 5288 3395 5349 Ἰουστινιάνειος
3454 5282 3573 5357 ρκγ¹
3628 5284 3725 5337 καὶ

2126 5383 2307 5435 κεῖται
2345 5383 2403 5433 ὲν
2436 5380 2625 5452 βιϐλίῳ
2657 5389 2707 5449 γ’
2729 5380 2839 5435 τῶν
2857 5379 3193 5448 Βασιλικῶν,
3219 5379 3323 5435 τίτ.
3346 5376 3417 5445 α’,
3446 5395 3571 5447 κεφ.
3604 5384 3723 5441 κς’,

2126 5473 2302 5539 οὕτως
2333 5474 2513 5545 ἔχοντι
2538 5489 2552 5502 ’
2587 5474 2741 5538 Eiet;
2771 5474 2829 5528 δὲ
2865 5473 3168 5537 ἐπίσκοπος
3212 5472 3356 5527 κατὰ
3378 5473 3505 5535 τοὺς
3546 5469 3726 5538 ἱεροὺς

2129 5569 2367 5632 κανόνας
2389 5568 2488 5639 τῆς
2521 5567 2826 5639 ἱερωσύνης
2851 5567 3140 5639 ἐκϐληθεὶς
3161 5567 3428 5638 τολμήσει
3464 5562 3729 5634 ἐπιϐῆναι

2130 5663 2231 5733 τῆς
2267 5661 2476 5726 πόλεως
2501 5661 2561 5727 ἐξ
2582 5658 2649 5733 ἧς
2689 5660 2981 5733 ἐξεϐλήθη,
3013 5662 3047 5733 ἢ
3082 5660 3407 5715 καταλιπεῖν
3437 5658 3527 5713 τὸν
3559 5658 3726 5710 τόπον

2130 5756 2188 5809 ἐν
2214 5748 2259 5823 ᾧ
2289 5754 2587 5826 ἐκελεύσθη
2623 5757 2854 5824 διάγειν,
2898 5755 3197 5826 κελεύομεν
3228 5753 3414 5806 τοῦτον
3448 5767 3727 5823 μοναστη-

2139 5848 2239 5918 ρίῳ
2270 5850 2326 5902 ἐν
2359 5848 2492 5919 ἄλλῃ
2518 5849 2759 5922 ἐπαρχίᾳ
2786 5849 3096 5903 καθεστῶτι
3128 5844 3544 5919 παραδίδοσθαι.
