4146 6448
519 360 658 426 1107

1663 359 1934 423 ΡΠΟΤΙΙ
1976 354 2490 422 PATPJARCIIE
2531 363 2640 425 ΟΡ.

3679 365 3800 430 1108

576 476 806 531 (Ioncilii
845 476 1122 548 Ancyrani
1159 491 1334 531 canon
1363 477 1415 542 1,
1450 476 1486 531 Ξ
1513 495 1526 540 ς
1554 479 1778 531 concilii
1810 474 2087 529 Neocaesa-

2294 479 2523 535 Συνόδου
2560 479 3048 554 Ἀγκύρας’κα·)‹ἷ›ν
3090 490 3160 543 a',
3195 484 3237 553 β’
3267 500 3280 514 ·
3317 483 3546 537 συνόδου
3579 483 3801 538 Neam:-

507 572 710 627 riensis
745 587 923 626 canon
960 570 1060 636 59;
1095 573 1318 626 concilii
1345 573 1484 627 sexti
1515 586 1696 627 canon
1729 571 1784 634 '5,
1811 571 1914 636 26;
1950 569 2108 624 Basi-

511 664 564 718 lii
602 663 826 737 [canon]
859 663 950 731 2'7,
983 663 1074 718 70.

575 729 732 810 CAP.
935 729 1000 798 έ-
1036 755 1118 810 Νε
1157 729 1406 811 credatur
1442 757 1685 825 episcopo
1738 754 1936 809 dicenti
2002 754 2110 808 cleo

503 849 672 904 ricam
706 852 959 921 privatim
984 853 1283 919 confessum
1314 866 1426 904 esse
1450 861 1748 918 peccatum.

574 1042 804 1097 Concilii
838 1041 1292 1111 Carthaginensis
1320 1055 1496 1094 canon
1540 1039 1668 1094 I32.

577 1135 732 1192 CAP.
775 1135 920 1190 XXI.
953 1166 1025 1177 ——
1064 1136 1135 1190 De
1163 1137 1419 1204 episcopis
1441 1146 1532 1189 aut
1565 1136 1775 1188 clericis
1813 1151 1999 1188 carnes
2051 1133 2107 1188 in

501 1230 783 1300 sanguine,
827 1240 916 1284 aut
951 1247 982 1283 a
1017 1227 1196 1282 bestiis
1233 1238 1441 1298 captas,
1472 1237 1565 1281 aut
1605 1227 1916 1280 morticinas
1948 1227 2107 1281 eden-

507 1321 674 1376 tibus.

572 1413 968 1482 Apostolorum
999 1429 1178 1470 canon
1207 1413 1309 1480 6'5;
1338 1414 1564 1470 concilii
1598 1411 1878 1484 Aucyrani
1921 1427 2103 1467 canon

502 1506 566 1572 3;
613 1507 833 1561 concilii
872 1507 1014 1561 sexti
1047 1521 1222 1561 canon
1258 1507 1349 1562 67.

571 1595 729 1651 CAP.
769 1595 940 1651 XXII.
973 1628 1044 1638 ——
1083 1595 1236 1662 Quod
1287 1599 1549 1668 episcopi,
1611 1596 1930 1668 presbyteri,
1983 1595 2104 1649 dia-

2222 577 2449 648 σαρείας
2475 576 2656 630 κανὼν
2703 576 2746 629 θ’
2769 593 2780 605 °
2832 577 3052 631 συνόδου
3082 575 3134 642 ς’
3165 577 3346 632 κανὼν
3375 577 3452 648 γ’,
3488 576 3582 643 κς·’
3604 595 3617 607 ·
3660 580 3806 636 Βασι-

2217 668 2362 720 λείου
2392 667 2572 721 κανὼν
2600 665 2706 734 κζ’,
2736 674 2800 723 o'.

2290 762 2544 814 ΚΕΦΛΛ.
2588 759 2670 814 κ’.
2716 791 2786 802 —
2829 762 2968 830 Περὶ
3007 761 3114 816 τοῦ
3153 761 3238 832 μὴ
3269 763 3676 818 πιστεύεσθαι
3711 765 3809 818 τὸν

2215 855 2559 909 ἐπίσκοπον
2595 855 2856 924 λέγοντα
2904 854 3243 921 ἰδιαζόντως
3283 855 3449 924 αὐτῷ
3486 857 3598 912 τὸν
3620 861 3810 927 acinpr-

2215 947 2327 1002 κόν
2351 946 2853 1017 συνομολογῆσαι
2894 946 2958 1001 τὸ
2991 947 3332 1016 ἁμάρτημα.

2287 1041 2516 1095 Συνόδου
2548 1040 2941 1112 Καρθαγέννης
2968 1039 3150 1094 κανὼν
3182 1039 3320 1111 ρλϐ’.

2285 1138 2540 1192 ΚΕΦΑΛ.
2574 1135 2708 1192 KA'.
2740 1167 2812 1176 —
2864 1138 3002 1205 Περὶ
3053 1137 3396 1192 ἐπισκόπου
3439 1138 3481 1206 ἢ
3528 1138 3810 1205 κληρικοῦ

2212 1233 2530 1296 ἐσθίοντος
2558 1230 2704 1300 κρέα
2733 1229 2802 1282 ἐν
2827 1229 3054 1300 αἵματι,
3097 1228 3136 1297 ἢ
3175 1226 3560 1298 θηριάλωτον
3596 1229 3635 1298 ἢ
3672 1234 3810 1298 Orn-

2213 1323 2477 1394 σιμαῖον.

2295 1417 2639 1472 ’Λποστόλων
2672 1415 2856 1471 κανὼν
2885 1414 2965 1484 ξγ¹
2989 1431 3002 1445 ·
3055 1413 3275 1470 συνόδου
3317 1413 3603 1487 Ἀγκύρας
3633 1413 3809 1468 κανὼν

2209 1517 2286 1582 γ’·
2325 1512 2544 1564 συνόδου
2578 1517 2630 1577 ς’
2655 1510 2840 1564 κανὼν
2872 1508 2970 1574 ξςν.

2280 1603 2535 1656 ΚΕΦΛΛ.
2590 1601 2720 1655 ΚΒ’.
2771 1629 2842 1642 ——
2885 1599 3028 1667 Περὶ
3077 1598 3184 1652 τοῦ
3231 1597 3375 1665 τοὺς
3400 1597 3805 1662 ἐπισκόπους,

497 1687 639 1752 coni,
678 1696 726 1741 et
769 1697 1026 1759 quotquot
1059 1705 1218 1743 sacra
1250 1698 1523 1758 tractant,
1572 1690 1636 1743 ab
1688 1689 1944 1743 uxoribus
1993 1689 2087 1742 sui:

2207 1692 2304 1746 καὶ
2328 1691 2798 1761 πρεσϐυτέρους,
2821 1689 2920 1743 καί
2944 1688 3284 1754 διακόνους,
3304 1687 3400 1742 καὶ
3422 1687 3547 1741 πάν
3556 1704 3662 1751 τας
3679 1686 3808 1750 τοὺς

496 1779 763 1835 abstinere
804 1779 1050 1835 debeant.

571 1965 804 2020 Concilii
867 1965 1326 2037 Carthaginensis
1383 1985 1561 2026 canon
1612 1971 1685 2037 5,
1738 1973 1793 2037 4,
1843 1973 1935 2040 ‘35,
1971 1963 2096 2043 .70;

496 2059 714 2113 concilii
749 2060 886 2114 sexti
917 2075 1093 2116 canon
1128 2061 1216 2126 12,
1248 2062 1338 2116 15.

567 2151 724 2207 CAP.
768 2151 958 2208 XXIII.
982 2185 1052 2195 -—
1081 2154 1158 2210 De
1187 2155 1376 2210 clerico
1400 2157 1595 2212 debiles
1627 2159 2013 2214 subsanuanle.

500 2367 510 2393 ι
570 2337 966 2408 Apostolorum
995 2356 1175 2396 canon
1216 2342 1310 2397 57.

565 2428 726 2486 CAP.
766 2430 957 2487 XXIV.
990 2464 1060 2476 —-
1082 2434 1159 2488 De
1188 2434 1380 2490 clerico
1412 2435 1516 2491 sibi
1544 2438 1724 2493 virilia
1758 2451 2091 2508 amputante.

564 2620 954 2691 Apostolorum
987 2637 1163 2678 canon
1192 2623 1298 2690 25;
1338 2627 1556 2682 concilii
1591 2627 1793 2684 Nic-.eni
1816 2647 1995 2685 canon
2022 2632 2042 2686 l
2070 2648 2085 2698 ;

490 2711 711 2765 concilii
737 2713 896 2782 primi
924 2724 978 2768 et
999 2717 1224 2770 secundi
1257 2716 1310 2770 in
1339 2719 1455 2772 {ede
1487 2719 1821 2774 Sanctorum
1861 2724 2092 2792 Aposto-

492 2805 668 2858 lorum
704 2804 934 2878 [habiti]
958 2822 1138 2862 canon
1174 2811 1226 2864 8.
1266 2809 1408 2879 Lege
1450 2812 1660 2883 scripta
1709 2829 1876 2884 supra
1907 2817 1961 2868 in
1998 2831 2094 2870 ca-

488 2899 599 2971 pite
624 2899 692 2954 14
711 2898 794 2956 tit.
824 2900 846 2954 1
886 2901 1174 2970 praesentis
1198 2904 1584 2974 syntagmatis.

557 3088 713 3145 CAP.
755 3088 924 3146 XXV.
968 3121 1038 3133 --
1069 3091 1145 3146 De
1189 3092 1398 3147 clericis
1450 3094 1738 3163 apostolis,
1780 3097 2090 3152 immolato-

2207 1787 2280 1840 τὰ
2322 1785 2446 1853 ἱερὰ
2495 1781 2934 1854 ψηλαφῶντας,
2992 1780 3261 1851 ὀφείλειν
3313 1779 3655 1850 ἀπέχεσθαι
3699 1777 3806 1832 τῶν

2207 1881 2445 1935 οἰκείων
2472 1878 2762 1949 γαμετῶν.
3505 1873 3512 1881 ’

2288 1972 2519 2025 Συνόδου
2561 1969 2961 2042 Καρθαγέννης
3007 1965 3189 2022 κανὼν
3236 1963 3308 2034 γ’,
3333 1963 3399 2028 δ’,
3447 1971 3556 2029 κε’,
3589 1970 3667 2018 ον·
3697 1981 3807 2017 συν-

2215 2064 2336 2118 όδου
2361 2061 2414 2128 ς’
2450 2060 2631 2116 κανὼν
2659 2059 2748 2132 ιβ’,
2779 2058 2869 2130 ιγ’.

2288 2155 2545 2210 ΚΕΦΑΛ.
2578 2149 2707 2208 Kl".
2757 2183 2825 2193 ——
2868 2149 3011 2219 Περὶ
3065 2148 3358 2220 κληρικοῦ
3411 2145 3804 2219 χλευάζοντος

2214 2250 2359 2315 τοὺς
2387 2247 2686 2315 ἀσθενεῖς.

2299 2342 2642 2396 Ἀποστόλων
2664 2338 2847 2394 κανὼν
2877 2338 3246 2409 πεντηκοστὸς
3275 2335 3532 2407 ἕϐδομος.

2285 2437 2540 2493 ΚΕΦΑΛ.
2583 2436 2710 2490 ΚΔ.
2756 2464 2824 2476 -—
2851 2434 2992 2504 Περὶ
3032 2431 3326 2502 κληρικοῦ
3368 2429 3597 2486 ἑαυτὸν
3625 2428 3798 2497 ἀκρω-

2209 2529 2611 2600 τηριάζοντος.

2297 2623 2639 2677 ’Λποστόλων
2675 2621 2858 2676 κανὼν
2911 2620 3032 2689 κγ’·
3071 2620 3293 2673 συνόδου
3340 2619 3580 2683 Νικαίας
3627 2614 3794 2670 κανὼν

2210 2726 2258 2774 α’
2281 2738 2291 2748 ·
2327 2717 2544 2771 συνόδου
2575 2722 2623 2768 α’
2643 2715 2737 2769 καὶ
2763 2713 2828 2784 β’,
2861 2715 2918 2767 ἐν
2945 2711 3022 2782 τῷ
3043 2711 3157 2782 ναῷ
3177 2712 3286 2766 τῶν
3300 2713 3503 2780 Ἀγίων
3545 2708 3792 2764 Ἀποστά-

2209 2813 2318 2867 λων
2350 2810 2534 2865 κανὼν
2571 2815 2642 2880 η’.
2682 2807 2987 2876 Ἀνάγνωθι
3013 2805 3276 2876 ἀνωτέρω
3295 2805 3364 2861 τὰ
3395 2819 3792 2877 παραγεγραμ-

2212 2905 2348 2977 μένα
2372 2907 2429 2958 ὲν
2481 2901 2560 2974 τῷ
2609 2901 2669 2955 ιδ’
2695 2917 2821 2970 κεφ.
2852 2899 2946 2953 τοῦ
2976 2905 3025 2953 α’
3062 2899 3170 2953 τίτ.
3218 2897 3312 2951 τοῦ
3360 2899 3633 2970 παρόντος
3673 2911 3788 2982 cur:

2204 2998 2512 3067 τάγματος.
3330 2981 3386 2990 ﬂ
3401 2986 3426 2991 Ἰ

2282 3089 2532 3144 ΚΕΦΑΛ.
2572 3084 2704 3140 KE'.
2756 3114 2826 3125 —
2865 3084 3007 3154 Περὶ
3058 3081 3364 3153 κληρικῶν
3414 3077 3784 3142 ἀποστατῶν,

3511 2981 3584 2990 ρ--ρ

487 3184 659 3247 ribus,
704 3183 895 3254 magis,
940 3184 1393 3248 incantaloribus,
1436 3186 1745 3256 astrologis,
1799 3190 2087 3244 mathema-

2205 3183 2307 3239 καὶ
2347 3179 2565 3245 θυτῶν,
2599 3178 2698 3234 καί
2725 3178 2957 3249 μάγων,
2984 3178 3082 3232 καί
3113 3174 3434 3240 ἐπαοιδιῖηθ,
3459 3175 3561 3230 καί
3591 3175 3786 3265 ampo-

489 3278 632 3342 ticis,
670 3276 1076 3346 divinatoribus,
1125 3278 1394 3348 veneﬁcis,
1428 3287 1477 3334 et
1510 3281 1746 3335 amuleta
1789 3284 2095 3352 appenden-

487 3368 654 3424 tibus.

558 3459 948 3530 Aposwlorum
981 3475 1161 3517 canon
1199 3461 1308 3529 62;
1343 3463 1562 3518 concilii
1593 3465 1871 3535 Ancyrani
1905 3483 2085 3522 canon

485 3555 539 3618 1,
573 3553 644 3619 2;
697 3553 918 3609 concilii
960 3553 1254 3610 Laodiceni
1311 3570 1490 3611 canon
1535 3554 1643 3622 56;
1682 3560 1858 3614 sancti
1901 3559 2093 3617 Basilii

485 3658 666 3698 canon
711 3643 800 3700 75.

557 3736 778 3792 Tactus.
807 3736 880 3793 De
906 3739 1186 3805 veneﬁcis.
1207 3741 1644 3809 mathematicis,
1679 3752 1988 3814 etc.,usque
2015 3747 2086 3800 ad

480 3825 810 3894 dccollatur,
848 3836 906 3881 ut
930 3845 1054 3900 pag.
1094 3828 1224 3885 765.

551 4010 845 4066 Scholium.
897 4011 1153 4067 Consul
1209 4013 1294 4068 tit.
1355 4013 1422 4070 18
1462 4015 1556 4070 lib.
1605 4033 1656 4070 Ix
1727 4019 1850 4073 cod.
1907 4021 2085 4090 posita

479 4116 565 4162 est
604 4106 659 4161 in
706 4106 803 4162 lib.
841 4123 908 4162 Lx
981 4107 1152 4163 Basil.
1188 4107 1273 4163 tit.
1315 4109 1404 4176 39,
1444 4126 1566 4180 cap.
1596 4111 1687 4177 21,
1725 4114 1870 4183 quod
1913 4115 2080 4171 etiam

478 4200 554 4254 ita
587 4198 770 4264 habet,
809 4207 868 4254 ut
919 4199 977 4253 in
1017 4201 1344 4270 compendio
1402 4203 1746 4271 propositum
1783 4214 1887 4260 est.
1941 4207 2088 4261 Con-

479 4296 595 4347 stit.
631 4290 668 4345 2
722 4290 968 4361 ejusdem
1001 4290 1087 4346 tit.
1125 4301 1182 4349 et
1202 4291 1296 4347 lib.
1336 4303 1420 4348 est
1444 4295 1691 4364 ejusdem
1741 4296 1827 4351 tit.
1884 4305 1939 4351 et
1981 4299 2078 4354 lib.

480 4379 603 4455 cap.
635 4384 728 4438 22.
765 4382 1036 4439 Similiter
1061 4385 1289 4441 constit.
1321 4384 1355 4439 '5
1411 4386 1658 4456 ejusdem
1690 4389 1773 4442 tit.
1820 4398 1874 4443 ct
1931 4390 2079 4457 libri,

479 4489 566 4534 est
587 4480 837 4550 ejusdem
878 4480 964 4534 tit.
1001 4489 1056 4534 et
1083 4479 1208 4534 libri
1237 4495 1361 4552 cap.
1393 4480 1485 4536 ‘25.
1524 4478 1914 4536 Verumtamen
1968 4499 2076 4539 non

2202 3279 2422 3349 λόγων,
2454 3276 2554 3330 καὶ
2583 3271 3036 3347 μαθηματικῶν,
3056 3274 3155 3326 καὶ
3187 3270 3322 3340 περὶ
3344 3269 3668 3341 μαντειῶν,
3694 3263 3781 3318 καὶ

2203 3366 2613 3440 φαρμακειῶν,
2652 3363 2754 3419 καὶ
2787 3361 3156 3432 περιάπτων.
3662 3428 3676 3438 ν

2288 3459 2632 3515 Ἀποστόλων
2665 3456 2850 3512 κανὼν
2880 3455 2972 3527 πξβ’
2992 3473 3006 3487 ·
3055 3454 3274 3508 συνόδου
3311 3451 3591 3526 Ἀγκύρας
3617 3446 3781 3504 κανὼν

2201 3561 2271 3620 α’,
2297 3553 2376 3626 β’·
2408 3555 2626 3608 συνόδου
2651 3551 2973 3614 Λαοδικείας
3008 3547 3192 3604 κανὼν
3216 3548 3305 3612 λς’
3331 3563 3348 3582 ο
3377 3546 3474 3601 τοῦ
3507 3545 3660 3616 ἁγίου
3685 3543 3779 3596 Βα-

2203 3647 2406 3701 σιλείου
2437 3643 2622 3700 κανὼν
2643 3650 2744 3714 ογ’.

2275 3740 2582 3809 Κείμενον.
2614 3737 2752 3808 Περὶ
2771 3735 3103 3807 φαρμακῶν,
3129 3735 3227 3788 καὶ
3255 3730 3676 3804 μαθηματικῶν,
3695 3725 3778 3781 καὶ

2205 3832 2314 3886 τῶν
2337 3832 2560 3900 ὁμοίων,
2581 3849 2635 3885 κ.
2666 3847 2718 3886 τ.
2742 3830 2816 3894 λ.,
2841 3845 3017 3899 usque
3043 3828 3110 3883 ad
3134 3829 3162 3879 6
3180 3827 3236 3881 δὲ
3263 3827 3414 3897 παρὰ
3432 3827 3606 3881 ταῦτα
3623 3820 3774 3877 ποιῶν

2198 3925 2589 3996 ἀποτέμνεται.

2271 4018 2555 4088 Σχόλιον.
2593 4015 2661 4069 Ἦ
2684 4013 2733 4068 α’
2762 4014 2902 4070 διάτ.
2929 4015 3024 4069 τοῦ
3059 4016 3128 4088 ιη’
3161 4017 3265 4072 τίτ.
3289 4015 3384 4070 τοῦ
3411 4015 3454 4068 θ’
3475 4010 3673 4086 βιϐλίου
3692 4003 3770 4060 τοῦ

2199 4106 2436 4170 κώδικος
2464 4108 2644 4160 κεῖται
2668 4105 2726 4158 ὲν
2757 4104 2948 4177 βιϐλίῳ
2977 4107 3089 4160 τῶν
3123 4107 3432 4161 Βασιλικῶν
3459 4107 3524 4172 ξ’,
3556 4103 3655 4158 τίτ.
3683 4096 3772 4161 λθ’ν

2199 4218 2328 4270 κεφ.
2388 4205 2498 4265 καν,
2551 4197 2724 4261 οὕτως
2751 4197 2954 4268 ἔχοντι,
2983 4199 3060 4262 ὡς
3099 4198 3436 4268 συνωψίσθη.
3475 4198 3544 4251 Ἦ
3569 4195 3611 4267 β’
3646 4192 3769 4244 διὰτ.

2196 4293 2292 4347 τοῦ
2320 4290 2487 4346 αὑτοῦ
2515 4290 2622 4344 τίτ.
2655 4289 2750 4343 καὶ
2783 4289 2992 4360 βιϐλίου
3040 4290 3155 4344 ἔστι
3201 4291 3298 4344 τοῦ
3341 4289 3506 4344 αὐτοῦ
3559 4286 3650 4342 καὶ
3678 4281 3770 4335 τίτι

2196 4404 2322 4455 κεφ.
2361 4380 2470 4456 κβ’.
2516 4384 2580 4436 Ἦ
2611 4381 2660 4453 γ’
2708 4381 2952 4448 διάταξις
2981 4384 3075 4437 τοῦ
3102 4383 3269 4438 αὐτοῦ
3298 4385 3405 4438 τίτ.
3455 4385 3550 4437 καὶ
3585 4375 3768 4451 βιϐλίου

2198 4477 2316 4530 ἔστι
2346 4475 2442 4530 τοῦ
2469 4474 2635 4529 αὑτοῦ
2664 4473 2771 4528 τίτ.
2813 4476 2909 4526 καὶ
2941 4473 3148 4544 βιϐλίου
3179 4475 3480 4544 κεφάλαιον
3508 4470 3611 4542 κγ’.
3642 4463 3770 4533 Πλὴν

479 4574 748 4642 scriptum
779 4580 866 4627 est
900 4573 953 4626 in
1005 4571 1172 4628 Basil.
1213 4572 1681 4641 quemadmodum
1725 4573 1880 4642 prius
1934 4575 2081 4646 lege-

2199 4569 2294 4624 οὐκ
2321 4569 2536 4640 ἐγράφη
2569 4568 2628 4620 ἐν
2661 4568 2774 4631 τοῖς
2823 4565 3140 4630 Βασιλικοῖς
3168 4567 3243 4629 ὼς
3281 4563 3396 4636 εἶχε
3429 4565 3624 4632 λέξεως
3647 4555 3766 4627 πρό·

479 4661 666 4723 batur,
720 4659 817 4715 sed
865 4660 938 4716 ita
978 4661 1209 4716 habetur
1247 4680 1262 4717 :
1294 4661 1361 4717 Et
1396 4678 1492 4733 per
1525 4665 1890 4721 mactatioucs
1944 4666 2088 4720 vati-

480 4751 677 4807 cinari.
742 4749 895 4807 Talis
943 4766 1074 4807 vero
1128 4753 1310 4825 gladio
1359 4755 1609 4824 punitor.
1664 4755 1732 4810 Et
1795 4757 1887 4826 qui
1942 4759 2090 4813 hunc

481 4843 794 4898 evocaverit
824 4853 920 4898 aut
967 4845 1350 4912 suasionibus,
1383 4856 1479 4902 aut
1532 4849 1779 4918 praemio,
1815 4849 2082 4906 conﬁsca~

485 4937 622 4992 tioni
645 4947 700 4993 et
719 4937 918 4994 exsilio
956 4938 1232 4995 obnoxius
1255 4949 1358 4996 est.
1383 4942 1694 4998 Accusator
1718 4955 1900 4998 autem
1925 4945 2088 5014 hujus

485 5030 734 5085 criminis
770 5046 878 5085 non
907 5030 1123 5087 delator
1146 5042 1252 5098 est,
1278 5037 1371 5089 sed
1408 5035 1585 5105 magis
1622 5037 1850 5106 praemio
1882 5038 2086 5108 (lignus

483 5120 738 5176 habetur.
768 5119 1068 5176 Considera
1100 5122 1288 5193 igitur,
1312 5124 1379 5180 ad
1404 5124 1822 5182 clementiorem
1848 5127 2083 5183 formam

481 5211 750 5269 revidisse
790 5221 977 5268 vetera
1016 5213 1183 5284 jura,
1238 5231 1339 5270 nec
1389 5233 1498 5288 qua
1550 5219 1707 5287 prius
1755 5220 1804 5272 vi
1861 5222 2088 5290 praedita

483 5312 664 5370 erant,
697 5300 847 5376 [cum
885 5301 974 5376 ea]
1002 5304 1054 5358 in
1098 5306 1493 5375 repurgationc
1524 5321 1650 5364 esse
1676 5309 1876 5378 posita.
1901 5310 2084 5366 Abro-

482 5408 670 5470 gatum
700 5406 785 5454 est
827 5397 998 5465 enim,
1043 5407 1105 5453 ut
1155 5406 1350 5452 auctor
1411 5400 1637 5456 sceleris
1679 5412 2086 5468 concremetur,

481 5505 535 5548 et
567 5492 644 5548 illi
671 5493 763 5564 qui
789 5493 1498 5565 evocaruntdcportentur.
1521 5496 1604 5552 Ad
1636 5499 1895 5554 eumdem
1917 5501 2084 5556 etiam

481 5587 708 5642 modum
741 5589 1013 5642 omissum
1049 5595 1134 5643 est
1167 5587 1488 5657 aruspicum
1547 5588 1800 5662 [nomen]
1848 5609 1862 5646 :
1895 5602 1970 5657 et,
2021 5609 2089 5649 ne

482 5679 609 5746 quis
641 5681 837 5735 horum
866 5680 932 5734 at]
968 5695 1326 5751 quemquam,
1363 5681 1485 5736 licet
1519 5684 1733 5739 amicus
1777 5685 1950 5755 ipsius
1983 5688 2082 5754 sit,

481 5772 740 5827 introeat.
772 5771 1121 5828 Prohibitum
1150 5781 1332 5828 autem
1358 5774 1586 5840 jtantuin
1620 5785 1705 5830 est
1745 5793 1838 5846 per
1870 5789 2082 5835 macta-

482 5866 662 5921 tiones
699 5865 1010 5923 vaticinari.
1045 5865 1160 5921 lloc
1189 5865 1356 5936 igitur
1385 5875 1534 5923 nota.
1562 5867 1798 5924 Constit.
1847 5869 1902 5928 4,
1939 5873 2085 5942 ejus-

2194 4679 2252 4714 τε
2263 4678 2374 4732 ρον,
2395 4659 2508 4712 ἀλλ’
2529 4659 2671 4712 οὕτω
2688 4658 2839 4728 φησι·
2863 4659 2972 4710 Καὶ
2996 4659 3056 4711 τὸ
3076 4658 3167 4712 διὰ
3187 4657 3389 4711 θυσιῶν
3409 4650 3766 4728 μαντεύεσθαι,

2196 4754 2224 4808 6
2259 4754 2317 4808 δὲ
2364 4753 2608 4816 τοιοῦτος
2653 4750 2796 4821 ξίφει
2831 4751 3202 4824 τιμωρείσθω.
3233 4751 3346 4806 Καὶ
3383 4751 3412 4804 ό
3441 4749 3625 4804 τοῦτον
3650 4757 3764 4813 προ-

2192 4846 2561 4920 τρεψάμενος,
2620 4845 2652 4916 ἢ
2704 4845 3072 4918 παρακλήσει,
3119 4845 3152 4916 ἢ
3224 4844 3424 4916 μισθῷ,
3464 4842 3643 4916 ὲξορίᾳ
3684 4833 3766 4934 καὶ

2192 4938 2459 5012 δημεύσει
2506 4938 2816 4993 ὑπόκειται.
2877 4939 2989 4992 Καὶ
3021 4939 3048 4990 6
3097 4938 3423 5008 κατηγορῶν
3468 4936 3651 4990 τούτου
3683 4942 3762 4980 του

2194 5032 2541 5104 ἐγκλήματος
2567 5032 2668 5085 οὐκ
2699 5030 2815 5084 ἔστι
2841 5030 3116 5101 δηλάτωρ,
3151 5030 3288 5083 ἀλλὰ
3320 5028 3523 5098 μᾶλλον
3551 5020 3761 5080 ἐπάθλου

2192 5125 2462 5193 ἀξιοῦται.
2485 5123 2662 5178 Βλέπε
2685 5120 2782 5176 οὖν
2815 5123 2898 5176 ὃτι
2923 5123 2982 5176 τὸ
3015 5121 3535 5192 φιλανθρωπότερον
3561 5113 3762 5189 μετέπε-

2193 5235 2287 5272 σον
2320 5217 2389 5271 τὰ
2429 5216 2770 5284 παλαιότερα
2800 5216 3031 5286 νόμιμα,
3069 5214 3164 5267 καὶ
3202 5215 3300 5283 οὐχ
3343 5213 3420 5276 ὼς
3454 5211 3596 5282 εἶχον
3623 5200 3762 5260 δυνά·

2195 5327 2344 5381 μεως
2377 5308 2653 5381 πρότερον
2688 5304 3158 5377 κατεστρώθησαν
3183 5305 3240 5358 ὲν
3271 5307 3339 5376 τῇ
3387 5301 3754 5370 ἁνακαθάρσεε-

2204 5405 2476 5478 ’Λνῃρέθη
2512 5403 2622 5475 γὰρ
2655 5403 2751 5457 καὶ¹
2785 5402 2846 5456 τὸ
2872 5401 3124 5457 καίεσθαι
3152 5401 3278 5465 τοὺς
3299 5400 3646 5473 αὐτουργοὺς,
3677 5385 3758 5444 καὶ

2189 5497 2252 5551 τὸ
2283 5496 2782 5570 δεπορτατεῦεσθαι
2814 5497 2942 5560 τοὺς
2973 5494 3483 5568 προ-τρεψαμένους.
3515 5485 3756 5546 Ὡσαύτως

2190 5592 2432 5662 παρείθη
2466 5591 2560 5645 καὶ
2591 5591 2653 5644 τὺ
2676 5590 2786 5644 τῶν
2813 5591 3222 5651 οἰωνοσκόπων,
3248 5591 3343 5642 καὶ
3365 5588 3424 5641 τὸ
3446 5589 3521 5658 μὴ
3554 5580 3754 5638 εἰσιέναι

2187 5683 2311 5739 τινὰ
2339 5685 2403 5738 ὲκ
2419 5683 2624 5737 τούτων
2657 5685 2793 5755 πρός
2813 5701 2960 5750 τινα,
2995 5681 3102 5736 κᾶν
3199 5681 3352 5751 φίλος
3388 5679 3569 5733 αὑτοῦ.
3607 5675 3749 5728 Ἥκω·

2191 5779 2326 5850 λύθη
2357 5779 2414 5832 δὲ
2439 5777 2600 5849 μόνον
2623 5779 2683 5831 τὸ
2709 5778 2796 5831 διὰ
2818 5776 3019 5830 θυσιῶν
3045 5774 3439 5846 μαντεύεσθαι.
3466 5768 3749 5842 Σημείωσιιι

2189 5869 2282 5928 οὖν
2308 5871 2488 5926 τοῦτο.
2521 5871 2588 5924 Ἥ
2613 5871 2654 5924 δ’
2684 5873 2826 5927 διὰτ.
2864 5869 2958 5924 τοῦ
2994 5868 3161 5924 αὐτοῦ
3192 5869 3295 5924 τίτ.
3329 5868 3422 5922 καὶ
3458 5865 3648 5937 βιϐλίου
3671 5860 3745 5910 τοῦ
