4146 6512
481 443 620 508 110‘.)

1388 435 1878 498 NOMOCANON.
1917 456 1984 467 ··”
2018 433 2169 493 T-lT.
2201 433 2304 506 IX,
2339 434 2498 495 CAP.
2525 433 2846 495 XX-XXV.

3632 430 3771 498 1110

482 538 738 600 κὼδικος,
767 533 886 588 ἔστι
913 532 1010 586 τοῦ
1045 530 1215 586 αὑτοῦ
1245 529 1352 584 τίτ.
1399 530 1496 583 καὶ
1537 529 1744 599 βιϐλίου
1779 528 1888 580 τῶν
1909 527 2074 578 Βασι-

2183 529 2302 583 dem
2342 529 2424 582 tit.
2455 537 2510 583 et
2543 529 2634 581 lin.
2665 529 2789 582 cod.
2833 533 2914 581 est
2961 525 3210 595 ejusdem
3246 525 3331 580 tit.
3375 534 3428 580 et
3471 524 3566 579 lib.
3603 524 3769 579 Basil.

481 630 652 684 λικῶν
703 645 833 697 κεφ.
882 627 980 681 κδ’.
1019 627 1169 696 Πλὴν
1192 624 1316 677 οὐδὲ
1371 625 1530 677 τοῦτο
1580 620 1943 692 κατεστρώθη
2001 620 2076 682 ὡς

485 722 666 777 ἔκειτο
698 723 755 774 ὲν
793 719 871 790 τῷ
906 719 1122 782 πλάτει,
1159 715 1296 770 ἀλλὰ
1341 715 1580 786 παρείθη
1613 714 1673 768 τό
1711 715 1784 785 μὴ
1812 715 2076 784 τιμωρεῖ-

485 814 612 868 σθαι
640 813 769 877 τοὺς
803 813 942 882 πρὸς
977 810 1277 882 θεραπείαν
1299 807 1407 861 τῶν
1437 807 1730 878 σωμάτων,
1757 805 1789 876 ἢ
1824 805 1960 875 πρὸς
1985 804 2078 857 εὑ·-

485 907 713 978 ετηρίαν
739 905 848 958 τῶν
881 903 1110 973 καρπῶν
1147 900 1440 964 ποιοῦντας
1469 918 1523 952 τι
1561 898 1818 970 μαγικδν,
1840 899 1933 952 καὶ
1953 897 2080 950 ἐπέ-

483 1017 684 1070 χοντας
711 997 930 1069 βροχὴν,
964 997 996 1067 ἢ
1036 993 1284 1064 χάλαζαν
1318 993 1414 1047 καὶ
1451 991 1814 1062 κατεστρώθη
1843 990 1905 1043 τὸ
1949 1005 2075 1058 κεφ.

482 1089 648 1144 οὕτω.
709 1091 773 1142 Ἢ
807 1090 952 1144 διάτ.
993 1089 1129 1160 φησι
1162 1087 1253 1140 τὸν
1289 1085 1790 1158 ἐπιτηδευσάμενον
1820 1084 2079 1153 γοητείαν

482 1185 752 1238 ἕλκουσαν
807 1184 886 1246 είς,
919 1182 1102 1253 ἔρωτα
1156 1181 1283 1244 τοὺς
1334 1179 1621 1251 σώφρονας
1678 1179 1996 1248 λογισμοὺς,
2045 1179 2077 1248 ἢ

483 1277 627 1331 κατὰ
660 1278 937 1347 σωτηρίας
963 1275 1271 1348 ἀνθρώπων
1308 1274 1776 1346 μηχανησάμενον
1813 1271 2078 1343 δημεύσει

483 1373 576 1425 καὶ
611 1367 800 1440 ἐξορία
830 1368 1218 1440 τιμωρεῖσθαι.
1254 1369 1345 1438 Μὴ
1377 1366 1624 1438 προσχῆς
1651 1361 1744 1420 οὖν
1771 1366 1883 1426 τοῖς
1917 1365 1975 1416 ὲν
2001 1365 2080 1433 τῷ

482 1463 728 1533 κειμένῳ
755 1461 1194 1533 γεγραμμένοις,
1218 1460 1355 1514 ἀλλὰ
1377 1463 1488 1524 τοῖς
1517 1460 1751 1513 τεθεῖσιν
1779 1460 1838 1512 ἐν
1867 1457 1944 1528 τῷ
1976 1459 2081 1512 Βα-

481 1556 678 1626 σιλικῷ
721 1557 802 1610 ὅτι
836 1557 930 1609 καὶ
964 1555 1073 1609 ἀπὸ
1104 1553 1214 1608 τῶν
1249 1555 1452 1624 νόμων,
1494 1557 1590 1607 καὶ
1639 1552 1749 1606 ἀπὸ
1780 1552 1890 1606 τῶν
1924 1552 2080 1615 ἐντὸς

482 1650 758 1719 κειμένων
806 1648 1050 1703 κανόνων
1109 1646 1341 1718 ὥρισται
1407 1646 1767 1718 τιμωρεῖσθαι
1804 1646 1878 1716 μὴ
1917 1645 2079 1716 μόνον

481 1743 610 1804 τοὺς
648 1741 739 1794 διά
795 1760 916 1794 τινα
950 1742 1134 1795 αἰτίαν
1187 1740 1400 1811 μαγικά
1428 1757 1552 1792 τινα
1601 1737 1914 1803 ποιοῦντας,
1945 1738 2082 1792 ἀλλά

494 1837 588 1890 καὶ
620 1837 746 1898 τοὺς
777 1835 1267 1906 προσερχομένους
1289 1835 1494 1898 αὐτοῖς,
1535 1835 1636 1888 κᾶν
1670 1832 1832 1903 δῆθεν
1867 1831 2078 1901 ἀγαθοῦ

479 1942 626 1988 τινος
664 1926 828 1996 χάριν
856 1926 1056 1978 ποιῶσι
1103 1924 1354 1994 ζήτησιν,
1385 1925 1460 1988 ὡς
1491 1925 1618 1977 ὃταν
1642 1923 1772 1994 περὶ
1819 1923 2080 1997 εὐφορίας

482 2012 714 2082 καρπῶν
785 2012 1087 2083 ἐρωτῶσιν.
1137 1999 1413 2076 Ὠιῖαύτως
1465 2013 1561 2066 καὶ
1611 2015 1644 2083 ἡ
1700 2020 1739 2065 ε’
1796 2013 1938 2067 διάτ.
1996 2013 2080 2066 έοῦ

483 2101 651 2155 αὐτοῦ
685 2102 893 2173 βιϐλίου
927 2104 1023 2157 καὶ
1059 2103 1165 2159 τίτ.
1196 2103 1290 2157 τοῦ
1334 2103 1592 2170 κὼδικος,
1637 2104 1751 2158 ἔστι
1782 2104 1877 2158 τοῦ
1913 2105 2079 2159 αὐτοῦ

479 2194 688 2265 βιϐλίου
719 2198 813 2248 καὶ
859 2195 966 2251 τίτ.
1013 2198 1120 2250 τῶν
1159 2196 1467 2250 Βασιλικῶν
1510 2215 1636 2267 κεφ.
1669 2206 1767 2264 κε’,
1807 2197 1950 2253 οὕτω
1979 2202 2082 2270 φά-

482 2304 653 2343 σκωνσ
679 2289 888 2360 Μηδεὶς
918 2291 1182 2360 ἐρωτάτω
1202 2291 1327 2343 τινὰ
1361 2293 1631 2361 μαντικὴν
1664 2294 2080 2363 ἐπαγγελλόμε-

475 2398 566 2434 νον
589 2397 602 2411 ·
632 2382 682 2434 οί
713 2381 769 2434 δὲ
799 2381 1058 2436 Χαλδαῖοι
1083 2383 1178 2436 καὶ
1208 2387 1256 2437 οἱ
1288 2385 1451 2454 μάγοι
1485 2385 1620 2456 μηδὲ
1652 2389 1709 2439 ὲν
1736 2387 1928 2449 αὑταῖς
1961 2389 2081 2450 ταῖς

481 2475 770 2544 μαντείαις
814 2475 1044 2538 ἑαυτοὺς
1089 2477 1507 2548 παρεχέτωσαν,
1567 2479 1705 2533 ἀλλὰ
1762 2480 2080 2550 κεφαλικῶς

473 2569 541 2638 τῇ
587 2565 679 2620 διὰ
743 2567 978 2638 σιδήρου.
1003 2567 1244 2639 τιμωρίᾳ
1290 2568 1739 2624 ὑποκείσθωσαν..

527 2847 780 2917 Ἕτερον
803 2850 1405 2922 σχόλιονΣημείωσαι
1420 2853 1529 2910 ἀπὸ
1551 2854 1658 2908 τῶν
1679 2857 2085 2928 καταστρωθει-

479 2942 589 2996 σῶν
604 2941 748 2998 διάτ.
767 2943 825 2999 ὲν
847 2947 912 3016 τῇ
933 2945 1200 3017 ἑρμηνείᾳ
1219 2945 1314 3000 τοῦ
1329 2948 1595 3019 παρόντος
1613 2967 1734 3019 κεφ.
1761 2951 1843 3004 ὅτι
1859 2950 1960 3004 κᾶν
1977 2952 2083 3005 ὑπὸ

475 3034 585 3088 τῶν
605 3035 891 3105 διγέστων,
907 3037 1001 3091 καὶ
1031 3039 1138 3092 ἀπὸ
1156 3040 1265 3092 τῶν
1295 3040 1675 3099 κωδίκωνῗτῶν
1693 3043 1797 3115 πρὸ
1834 3044 1935 3113 τῆς
1957 3046 2086 3097 ἁνα-

474 3127 619 3181 καθά
627 3129 1052 3199 ρσεωςπολιτευο
1059 3131 1236 3202 μένων
1249 3135 1314 3205 τῇ
1335 3135 1602 3208 κεφάλικῇ
1618 3138 1860 3211 τιμωρίᾳ
1878 3157 1943 3192 πε
1951 3157 2031 3210 ριε
2040 3141 2084 3194 ί-

2181 639 2300 692 cap.
2353 622 2446 676 2i.
2492 620 2692 676 Verum
2737 636 2915 688 neque
2969 621 3074 675 hoc
3115 620 3380 675 insertum
3426 628 3530 684 est,
3580 634 3774 689 quem-

2181 717 2476 772 admodum
2537 717 2777 786 positum
2825 713 3003 768 fuerat
3060 713 3126 768 ad
3188 713 3412 781 longum
3446 730 3459 766 :
3491 712 3584 766 sed
3633 726 3776 781 prae-

2181 815 2496 870 termissum
2534 824 2636 878 est,
2675 828 2742 865 ne
2768 812 3119 882 punirentur,
3157 809 3248 879 qui
3287 807 3544 863 medendi
3578 821 3774 875 corpo-

2181 908 2357 970 ribus,
2387 904 2779 960 autfructuum
2801 913 3128 974 proventum
3152 903 3376 956 uberem
3411 898 3776 956 conservandi

2182 1017 2347 1057 causa
2392 1001 2665 1069 magicum
2713 998 2993 1070 quidpiam
3028 996 3294 1057 facerent,
3350 1003 3406 1049 et
3435 994 3639 1048 imbres
3681 1003 3780 1046 aut

2183 1096 2478 1168 grandines
2509 1095 2886 1164 prohiberent.
2950 1092 3130 1161 Atque
3189 1089 3348 1161 [illud
3395 1085 3644 1158 quidem]
3679 1101 3772 1142 ca-

2185 1203 2281 1261 put
2330 1191 2474 1243 hunc
2503 1189 2568 1242 ad
2607 1188 2830 1240 modum
2859 1186 3126 1240 insertum
3149 1191 3253 1237 est.
3276 1180 3472 1236 Const.
3501 1180 3599 1242 ait,
3627 1176 3777 1248 quod

2183 1281 2275 1350 qui
2324 1279 2664 1350 magicarum
2702 1276 2903 1330 artium
2957 1275 3218 1329 exercitio
3268 1273 3498 1342 pudicos
3554 1269 3772 1324 animos

2183 1373 2248 1428 ad
2281 1373 2563 1427 libidinem
2592 1370 2844 1432 traxerit,
2877 1376 2972 1422 aut
2994 1375 3186 1422 contra
3224 1365 3456 1421 salutem
3485 1363 3773 1419 hominum

2187 1463 2443 1539 [aliquid]
2502 1464 2728 1518 molitus
2786 1461 2970 1529 fuerit,
3016 1460 3412 1517 couliscatione
3474 1469 3529 1514 et
3578 1458 3776 1513 exsilio

2184 1560 2463 1631 puniatur.
2496 1555 2574 1610 Ne
2613 1570 2743 1625 ergo
2775 1557 3020 1608 animum
3073 1553 3181 1608 illis
3218 1551 3505 1615 adhibeas,
3537 1565 3661 1620 quae
3720 1549 3776 1604 in

2187 1665 2338 1710 textu
2385 1636 2590 1722 scripta
2633 1660 2782 1714 sunt,
2825 1650 2920 1705 sed
2969 1664 3090 1718 qum
3123 1648 3301 1718 posita
3347 1656 3476 1702 sunt
3512 1645 3566 1698 in
3607 1643 3773 1698 Basil.

2184 1747 2455 1816 Quoniam
2497 1756 2551 1799 et
2607 1761 2638 1799 a
2669 1745 2918 1811 legibus,
2959 1751 3014 1797 et
3070 1742 3138 1795 ab
3188 1740 3295 1794 illis
3343 1755 3467 1808 qua:
3529 1737 3581 1791 in
3625 1746 3777 1791 textu

2187 1841 2364 1910 posita
2398 1849 2549 1898 sunt.
2578 1836 2864 1890 deﬁnitum
2889 1845 2994 1896 est.
3022 1845 3079 1888 ut
3114 1834 3417 1904 puniantur
3447 1847 3555 1885 non
3589 1831 3769 1887 solum

2185 1933 2277 2002 qui
2332 1939 2552 2003 propter
2589 1931 2828 1999 aliquam
2870 1943 3096 1983 causam
3130 1926 3340 1995 magica
3386 1924 3656 1994 quaepiam
3699 1924 3776 1976 l'a-

2185 2031 2356 2092 ciunt,
2395 2041 2582 2080 verum
2644 2025 2808 2078 etiam
2855 2023 2947 2092 qui
3011 2022 3161 2090 ipsos
3215 2018 3528 2074 accedunt:
3561 2017 3778 2070 tametsi

2189 2131 2452 2188 tauquam
2491 2117 2618 2170 boui
2653 2115 2963 2183 cujuspiam
3003 2127 3169 2166 causa
3205 2107 3553 2183 [quidquam]
3582 2110 3776 2177 exqui-

2185 2220 2332 2273 rant,
2353 2209 2502 2262 velut
2522 2209 2744 2276 quando
2772 2206 2836 2258 de
2871 2206 3119 2258 ubertate
3147 2202 3428 2257 fructuum
3455 2198 3775 2254 consulunt.

2189 2302 2459 2359 Similiter
2501 2301 2668 2354 etiam
2734 2299 2960 2352 constit.
3021 2295 3055 2352 5
3120 2295 3370 2364 ejusdem
3437 2293 3517 2346 tit.
3567 2304 3622 2346 et
3676 2289 3777 2344 lib.

2185 2397 2309 2452 cod.
2356 2405 2440 2449 est
2495 2393 2743 2463 ejusdem
2795 2391 2890 2444 lib.
2934 2401 2990 2445 et
3031 2389 3114 2444 tit.
3171 2387 3337 2443 Basil.
3382 2402 3504 2456 cap.
3537 2385 3593 2448 5,
3631 2384 3781 2455 quod

2185 2493 2258 2546 ita
2291 2493 2367 2545 ait
2393 2509 2404 2544 :
2428 2486 2600 2542 Nemo
2623 2485 2902 2542 divinandi
2935 2493 3104 2538 artem
3133 2481 3479 2552 proﬁtentem
3506 2478 3782 2534 consulat.

2184 2583 2423 2642 Chaldaei
2455 2591 2507 2638 et
2539 2580 2682 2650 magi
2717 2594 2784 2634 ne
2837 2579 2888 2632 in
2923 2577 3056 2647 ipsis
3084 2575 3304 2644 quidem
3341 2571 3779 2628 divinatiouibus

2186 2697 2243 2736 se
2265 2675 2683 2753 [consulendos]
2703 2675 3001 2746 praebeant,
3029 2681 3083 2726 et
3107 2671 3161 2725 in
3186 2668 3419 2741 capitale
3448 2666 3779 2739 supplicium

2185 2774 2313 2830 ferri
2342 2772 2564 2828 obnoxii
2597 2773 2729 2826 sint.

2261 2863 2423 2920 Aliud
2467 2864 2748 2918 scholium.
2791 2859 2930 2916 Nota
2979 2860 3144 2916 etiam
3180 2874 3244 2912 ex
3278 2857 3500 2912 insertis
3530 2870 3776 2926 praesen-

2189 2960 2260 3015 tis
2286 2958 2358 3014 25
2397 2974 2516 3028 cap.
2561 2954 2998 3026 interpretationi
3050 2950 3576 3010 constitutiOuibus.
3633 2948 3782 3017 quod

2190 3049 2407 3105 tametsi
2442 3065 2508 3102 ex
2541 3049 2650 3116 dig.
2684 3057 2737 3102 et
2765 3047 2888 3101 cod.
2915 3061 3039 3115 qure
3075 3053 3203 3098 ante
3244 3041 3691 3112 repurgatiouem
3725 3039 3780 3092 in

2188 3142 2466 3212 republica
2509 3141 2890 3199 obtinuerunt,
2933 3135 3156 3206 capitali
3204 3131 3480 3203 supplicio
3522 3145 3781 3199 compre-

474 3239 602 3293 χετο
628 3224 724 3277 καὶ
745 3225 806 3277 τὸ
854 3225 1137 3290 καίεσθαι,
1157 3227 1252 3280 καὶ
1275 3228 1676 3300 ἀποτέμνεσθαι
1697 3231 1791 3284 καὶ
1808 3233 2076 3301 ερουὶκίζε-

2190 3237 2529 3292 henderetur
2581 3233 2947 3298 concremari,
3003 3231 3298 3296 decollari,
3352 3239 3408 3284 et
3479 3230 3533 3284 in
3599 3228 3784 3283 furcas

477 3313 621 3377 σθαι,
643 3315 776 3369 ἀλλά
797 3318 825 3370 ό
844 3319 1075 3390 ποιήσας
1087 3319 1184 3392 τὴν
1201 3322 1574 3392 ἀνακάθαρσιν
1596 3325 1703 3377 τῶν
1718 3326 1898 3396 νόμων
1919 3327 2085 3380 Βατι-

473 3406 665 3470 λικῶν,
691 3406 786 3461 καὶ
811 3409 1139 3480 συνθέμενος
1157 3412 1227 3466 τὰ
1239 3411 1504 3466 Βασιλικὰ
1527 3413 1625 3466 οὐκ
1640 3413 1858 3479 ἐδέξατο
1881 3415 2077 3481 ταῦτα,

474 3497 613 3552 ἀλλά
650 3500 750 3564 τὰς
803 3501 910 3554 ἀπὸ
935 3501 1045 3556 τῶν
1095 3503 1346 3558 κωδίκων
1377 3505 1651 3571 διατάξεις
1679 3506 2077 3579 καταστρώσας

474 3591 533 3642 ἐν
561 3592 673 3655 τοῖς
710 3592 1019 3658 Βασιλικοῖς
1055 3594 1124 3648 τὰ
1164 3596 1294 3664 τρία
1339 3597 1514 3651 ταῦτα
1541 3598 1602 3651 οὐ
1642 3599 1958 3670 προσέθετο.
1982 3600 2074 3672 Μὴ

472 3682 606 3751 γοῦν
625 3684 957 3756 έναντιωθῆς
991 3689 1102 3749 τοῖς
1131 3688 1278 3760 ἐντῷ
1297 3690 1378 3744 va’
1397 3691 1503 3744 τίτ.
1526 3691 1620 3745 τοῦ
1645 3688 1685 3756 ξ’
1714 3691 1918 3761 βιϐλίου
1955 3711 2072 3746 κει-

478 3774 665 3846 μένοις
697 3777 906 3847 νόμοις,
931 3779 1203 3848 διγέστοις
1235 3781 1376 3850 οὖσι,
1401 3785 1494 3837 καὶ
1525 3785 1743 3854 λέγουσι
1766 3788 2073 3860 κεφαλικὴν

475 3868 617 3926 εἶναι
658 3874 953 3945 τιμωρίαν,
989 3877 1083 3930 καὶ
1111 3877 1174 3930 τὸ
1223 3877 1478 3932 καίεσθαι
1520 3897 1696 3948 τινας,
1733 3883 2076 3954 ἀποστέμνε-

477 3963 626 4029 σθαι,
677 3969 772 4020 καὶ
799 3968 1213 4036 φουλκίζεσθαι.
1247 3971 1310 4023 Et
1341 3972 1450 4043 γὰρ
1486 3974 1544 4026 αί
1567 3973 1846 4040 διατάξεις
1881 3979 1937 4030 αἱ
1977 3995 2075 4046 με·

477 4057 872 4128 ταγενέστεραι
897 4061 954 4114 αί
980 4061 1154 4115 ταῦτα
1186 4062 1558 4136 διοριζόμεναι
1598 4066 1699 4120 οὐκ
1747 4068 2070 4140 ἐδέχθησαν,

476 4147 659 4219 πολλῷ
699 4149 860 4204 πλέον
893 4153 963 4206 τὰ
1007 4153 1250 4223 δίγεστα.
1306 4156 1554 4229 Πρόσεχε
1605 4159 1699 4213 οὖν
1757 4164 1871 4224 τοῖς
1903 4164 1960 4215 ἐν
1993 4163 2072 4234 τῷ

474 4241 554 4293 λθ¹
573 4260 699 4313 κεφ.
718 4247 1194 4318 κατεστρωμένοις
1215 4249 1402 4320 νόμοις
1428 4255 1912 4325 μεταγενεστέροις
1927 4252 2065 4324 οὖσι,

474 4335 570 4389 καὶ
602 4337 678 4407 μὴ
702 4339 811 4402 τοῖς
829 4338 1095 4409 διγέστοις
1114 4341 1190 4406 ὡς
1220 4343 1598 4417 παλαιοτέροις
1629 4347 1724 4400 καὶ
1748 4348 2066 4418 σχολάσασι.

545 4521 1084 4594 Ἕτερον-σκόλιον.
1101 4525 1415 4600 Σημείωσαι
1433 4529 1528 4583 καὶ
1555 4530 1662 4584 ἀπὸ
1679 4531 1772 4585 τοῦ
1801 4533 2068 4603 παρόντος

2190 3328 2451 3399 suspendi
2490 3346 2502 3382 :
2534 3343 2640 3382 non
2689 3338 2870 3381 tamen
2904 3326 3204 3394 imperator
3233 3323 3326 3393 qui
3362 3323 3543 3393 legum
3586 3339 3783 3394 repur-

2189 3420 2464 3489 gatioaem
2501 3415 2650 3476 fecit.
2693 3425 2748 3470 et
2771 3415 3004 3470 Basilica
3048 3416 3382 3482 οοιιιροειιίι,
3413 3414 3503 3468 illa
3546 3414 3776 3483 recepit,

2185 3521 2241 3566 et
2278 3509 2775 3566 constitutionibus
2823 3523 2888 3562 ex
2937 3508 3063 3562 cod.
3101 3508 3347 3563 basilicis
3395 3507 3618 3561 insertis
3668 3509 3782 3561 haec

2188 3603 2291 3659 tria
2328 3617 2432 3655 non
2482 3600 2755 3670 apposuit.
2809 3598 2887 3654 Ne
2928 3599 3094 3670 igitur
3141 3599 3452 3654 adverseris
3486 3598 3681 3668 positis
3726 3598 3779 3651 in

2185 3697 2271 3752 tit.
2327 3696 2349 3749 l
2400 3696 2495 3749 lib.
2529 3712 2618 3759 ιχ,
2656 3693 2888 3764 legibus,
2924 3709 3047 3762 quae
3087 3691 3297 3764 digesta
3325 3693 3470 3757 :suut
3497 3710 3510 3746 :
3539 3700 3593 3746 et
3632 3693 3787 3761 capi-

2185 3791 2294 3847 tale
2339 3789 2668 3860 supplicium
2722 3802 2846 3843 esse
2883 3786 3252 3853 concremari,
3287 3785 3577 3850 decollari,
3627 3794 3682 3839 et
3729 3786 3780 3838 in

2182 3884 2369 3940 furcas
2395 3880 2680 3951 suspendi,
2717 3880 2930 3935 dicunt.
2966 3879 3026 3933 Si
3052 3879 3200 3934 enim
3224 3895 3346 3950 quae
3377 3879 3494 3933 haec
3530 3885 3785 3932 statuunt

2185 3973 2638 4038 constitutiones,
2671 3987 2799 4026 eum
2841 3971 3182 4026 recentiores
3228 3971 3360 4034 sint,
3397 3985 3506 4024 non
3551 3977 3783 4037 recepte

2187 4075 2319 4122 sunt
2352 4083 2366 4120 :
2400 4064 2576 4118 multo
2601 4061 2896 4135 [proferto]
2942 4063 3125 4118 minus
3157 4061 3311 4133 [sunt
3340 4059 3586 4132 recepta]
3634 4060 3784 4130 dige-

2185 4167 2295 4215 sta.
2353 4156 2582 4226 Applica
2639 4155 2805 4225 igitur
2852 4156 3098 4210 animum
3131 4169 3250 4224 cap.
3277 4153 3346 4208 58
3399 4153 3621 4208 insertis
3658 4153 3786 4222 legi-

2182 4250 2306 4315 bus,
2339 4258 2399 4304 ut
2430 4247 2820 4319 qumjuniores
2848 4248 2959 4303 sint
2986 4265 2998 4302 :
3029 4261 3134 4303 non
3167 4255 3350 4301 autem
3373 4245 3623 4316 digestis,
3657 4261 3782 4315 quae

2180 4344 2482 4400 vetustiora
2538 4351 2702 4410 sunt,
2761 4357 2863 4398 nec
2917 4342 3085 4398 ullam
3152 4339 3387 4410 amplius
3440 4339 3780 4395 iunctionem

2181 4435 2408 4490 habent.

2257 4527 2421 4582 Aliud
2449 4525 2729 4581 scholium.
2773 4524 2912 4581 Nota
2948 4524 3078 4578 item
3145 4537 3212 4578 ex
3253 4520 3509 4592 praesenti
3555 4519 3626 4575 25
3659 4533 3784 4588 cap.

475 4620 555 4667 κε’
585 4632 712 4685 κεφ.
739 4616 820 4669 ὅτι
851 4616 1042 4690 ὥσπερ
1099 4618 1161 4672 τὸ
1197 4619 1452 4673 καίεσθαί
1475 4637 1629 4685 τινας
1653 4621 1754 4676 οὐκ
1789 4623 2011 4690 ἐδέξατο
2041 4626 2068 4678 ό

2183 4620 2323 4690 quod
2377 4617 2848 4688 quemadmodum
2895 4624 2956 4671 ut
2995 4614 3167 4685 aliqui
3211 4625 3659 4675 concrementur,
3716 4612 3786 4666 ab

475 4706 728 4780 βασιλεὺς
753 4708 936 4774 καθὼς
957 4711 1185 4782 εἴπομεν
1211 4713 1293 4776 είς
1314 4711 1411 4784 τὴν
1426 4713 1518 4766 τοῦ
1543 4717 1810 4786 παρόντος
1837 4734 1964 4785 κεφ.
1989 4719 2073 4788 έρ-

477 4801 728 4871 μηνείαν,
751 4801 920 4866 οὕτως
943 4803 1063 4857 οὐδὲ
1079 4803 1139 4858 τὸ
1155 4805 1557 4876 ἀποτέμνεσθαι
1580 4809 1613 4878 ἦ
1633 4825 1716 4862 τοι
1739 4809 2074 4878 ἀποκεφαλί-

473 4890 664 4953 ζεσθαι
699 4892 826 4955 τοὺς
850 4894 1151 4959 Χαλδαίους
1192 4897 1442 4961 καὶτοὺς
1475 4898 1704 4968 μάγους,
1730 4901 1850 4954 ἀντὶ
1880 4900 2070 4954 τούτου

471 4983 559 5037 διὰ
587 4986 809 5057 σιδήρου
839 4989 1080 5061 τιμωρία
1118 4991 1354 5062 ἐτράπη.
1393 4991 1603 5055 Ἀπλῶς
1619 4991 1712 5048 οὖν
1750 4993 2073 5064 συναγαγὼν

475 5074 570 5180 κριὶ
595 5076 704 5130 ἀπὸ
733 5078 909 5134 ἄλλων
933 5079 1167 5146 πολλῶν,
1188 5083 1247 5136 οὐ
1272 5085 1370 5154 μὲν
1397 5083 1452 5138 δὲ
1485 5085 1580 5139 καὶ
1621 5087 1730 5141 ἀπὸ
1758 5087 1964 5141 τούτων
1998 5089 2072 5160 μὴ

475 5171 616 5219 εἰναι
630 5171 901 5240 τιμωρίαν
919 5173 1225 5244 κεφαλικὴν
1241 5174 1331 5229 τὸν
1353 5176 1824 5248 ἀποκεφαλισμόν,
1844 5179 1902 5232 τὸ
1918 5182 2071 5234 καίεο

476 5256 620 5323 σθαι,
665 5260 725 5313 τὸ
753 5263 1162 5334 φουλκίζεσθαι,
1185 5284 1246 5322 το
1269 5269 1687 5334 λιθοϐολεῖσθαι,
1707 5271 1767 5324 τὸ
1796 5272 1876 5336 είς
1912 5272 2072 5343 βαθὺν

476 5349 781 5424 ῥίπτεσθαι,
809 5356 948 5412 ἀλλὰ
976 5359 1427 5433 ἀπ’ἀνθρώπινον
1456 5362 1702 5427 θάνατον,
1721 5365 1992 5435 τιμωρίαν
2016 5365 2072 5419 δὲ

475 5444 782 5519 κεφαλικὴν
811 5444 953 5504 εἶναι
979 5451 1071 5506 τὸν
1093 5455 1474 5526 περιορισμὸν,
1505 5455 1604 5526 τὴν
1631 5457 1929 5526 τύφλωσιν,
1973 5459 2073 5524 τὴν

473 5535 719 5609 ἐκτομὴν
747 5539 848 5610 τῆς
876 5541 1084 5613 χειρὸς,
1114 5544 1210 5597 καὶ⁸
1235 5545 1302 5598 τὰ
1331 5545 1498 5600 λοιπὰ
1521 5547 1622 5598 ὅσα
1657 5549 1750 5600 καὶ
1782 5550 1841 5612 ἐς
1865 5550 2076 5620 τροφῆς

474 5625 668 5698 καιρὸν
699 5627 905 5684 διδόασι
937 5630 1016 5702 τῷ
1045 5635 1468 5706 τιμωρουμένῳ,
1503 5637 1595 5689 καὶ
1629 5635 1726 5689 τοῦ
1765 5639 2074 5709 ἐπταισμέ-

474 5733 568 5771 νου
598 5717 925 5787 ἀπόστασιν,
948 5722 1041 5776 διὰ
1089 5724 1151 5777 τὸ
1177 5725 1408 5778 έπίπολυ
1434 5728 1817 5796 τιμωρεῖσθαι,
1839 5730 1960 5783 εἰπὲ
1993 5731 2075 5784 ὅτι

474 5813 576 5867 ὅσα
606 5815 818 5887 νόμιμα
845 5816 1193 5888 εὑρίσκονται
1226 5820 1284 5871 ἐν
1313 5820 1425 5883 τοῖς
1447 5819 1756 5885 Βασιλικοῖς
1780 5822 2078 5878 ὑπεναντία

483 5908 550 5977 τῇ
576 5907 831 5984 παρούσῃ
865 5909 1194 5982 διδασκαλία
1225 5911 1456 5982 δίγεστά
1505 5913 1633 5980 εἰσι,
1675 5914 1766 5968 καὶ
1791 5913 1892 5968 οὐκ
1917 5915 2068 5985 ὀφείο

2179 4712 2511 4783 imperatore
2544 4711 2849 4783 (quomodo
2893 4711 2948 4763 in
2999 4709 3290 4782 praesentis
3338 4723 3462 4778 cap.
3511 4707 3784 4776 interpre-

2177 4810 2385 4863 tatione
2426 4808 2691 4876 diximus)
2726 4821 2834 4861 non
2882 4814 3170 4874 receptum
3221 4813 3305 4858 est
3340 4820 3353 4858 :
3392 4803 3468 4857 ita
3521 4817 3696 4871 neque
3729 4816 3762 4854 ιι

2175 4901 2416 4956 Chaldaei
2463 4909 2519 4956 et
2567 4899 2709 4970 magi
2767 4898 3136 4960 deeolleutur,
3192 4898 3286 4952 sed
3335 4911 3436 4968 pro
3480 4897 3585 4950 hoc
3639 4893 3751 4950 ferr

2174 5010 2336 5065 poena
2368 4995 2616 5066 iujuncta
2650 5001 2754 5049 est.
2787 4992 3034 5049 Breviter
3086 4990 3276 5063 igitur,
3325 4990 3610 5053 decollari,
3643 5004 3776 5044 con-

2175 5087 2430 5151 cremari,
2462 5087 2518 5140 in
2550 5086 2764 5141 furcam
2815 5084 3104 5155 suspendi,
3150 5083 3404 5153 lapidari,
3448 5082 3502 5136 in
3538 5081 3774 5152 profun-

2175 5178 2307 5234 dum
2357 5178 2577 5249 projici,
2633 5193 2742 5232 non
2802 5177 3093 5246 capitalem
3149 5191 3399 5247 ptenam,
3445 5175 3540 5230 sed
3593 5173 3772 5229 diram

2175 5278 2414 5326 mortem
2442 5286 2566 5326 esse
2595 5289 2608 5324 :
2641 5269 2930 5340 capitalem
2955 5279 3137 5325 autem
3167 5283 3388 5338 pmuani
3414 5282 3538 5322 esse
3558 5265 3773 5336 depor-

2178 5366 2467 5431 tationem,
2520 5365 2973 5431 exraacationem,
3021 5379 3222 5418 manus
3271 5361 3667 5424 exsectionem,
3721 5367 3778 5412 et

2178 5459 2392 5528 reliqua
2429 5473 2552 5528 quae
2593 5457 2807 5512 reditus
2846 5465 3064 5527 tempus
3097 5455 3293 5526 punito
3324 5454 3476 5518 dant,
3510 5460 3565 5508 et
3594 5462 3649 5506 ut
3683 5451 3780 5506 diu

2178 5548 2545 5621 quideliquit,
2572 5549 2861 5620 puniatur,
2889 5547 3070 5621 [illum
3097 5545 3349 5619 Omnino]
3367 5545 3733 5601 exwrminaut
3760 5561 3774 5597 :

2182 5659 2307 5698 cum
2338 5659 2405 5698 ex
2453 5643 2575 5698 aliis
2622 5642 2833 5709 multis,
2878 5653 2994 5697 tum
3028 5656 3158 5696 veto
3185 5641 3352 5695 etiam
3387 5654 3454 5692 ex
3500 5637 3586 5690 his
3627 5635 3782 5690 colli-

2184 5751 2338 5806 gens,
2374 5735 2483 5800 (lic,
2525 5734 2669 5805 quod
2700 5733 3190 5806 quaecunquejura
3225 5731 3482 5803 praesenti
3512 5728 3782 5783 doctrinm

2184 5829 2464 5884 contraria
2510 5829 2564 5884 iu
2603 5827 2774 5883 Basil.
2818 5827 3195 5893 inveniuntur,
3243 5823 3454 5894 digesta
3505 5822 3634 5886 sint,
3681 5837 3785 5877 nec

2191 5918 2492 5991 (quiajurc
2525 5929 2805 5992 receptum
2847 5919 2939 5986 sit,
2988 5928 3067 5984 ut,
3101 5918 3332 5988 quando
3355 5914 3782 5972 constitutiones
