4146 6504
407 391 538 458 1111

1589 389 1821 453 ΡΙΙΟἸἾ
1830 388 1856 448 Ι
1892 385 2403 449 ΡΑΤΒῘΑΒΟΙΙΕ
2441 392 2553 451 CP.

3580 392 3718 459 1112

400 527 456 572 et
483 516 697 585 digesta
729 513 798 571 de
844 529 954 571 uua
983 515 1293 586 eademque
1325 513 1408 587 [re
1446 510 1686 582 diversa]
1728 515 2004 571 statuunt,

2120 504 2270 559 λουσι
2316 510 2538 578 κρατεῖν
2572 526 2581 537 ·
2614 508 2926 579 νενόμισται
2974 509 3083 581 γὰρ
3116 512 3519 581 προτιμοτέρας
3572 510 3714 567 εἶναι

401 610 509 665 illae
550 609 786 681 digestis
830 606 1222 680 praeferantur)
1263 605 1649 662 auctoritatem
1683 604 1827 673 juris
1863 601 2005 657 obti-

398 718 534 759 nere
559 702 798 758 debeant
829 720 843 756 :
873 709 949 767 et,
980 702 1131 771 quod
1173 698 1382 771 legibus
1408 697 1780 765 omnibusque
1809 692 2007 749 Novel-

400 795 493 860 lis,
544 803 607 850 ut
666 793 963 865 benignius
1008 793 1158 862 leges
1210 792 1661 861 interpretemur,
1707 796 1875 857 atque
1926 784 2005 841 ita

401 888 710 943 sententias
767 886 1043 949 feramus,
1104 884 1337 954 placeat.
1389 882 1469 937 Ne
1512 883 1698 951 itaque
1750 879 2007 946 mireris,

403 976 705 1033 concilium
750 975 1426 1045 Constantinopolitauum
1480 971 1825 1043 temporibus
1872 985 2007 1025 sau-

403 1073 637 1128 ctissimi
690 1072 836 1128 illius
871 1071 1203 1142 patriarcha:
1253 1068 1443 1125 domui
1482 1066 1768 1123 Michaelis
1803 1065 2003 1130 Oxitae,

403 1175 467 1221 ut
504 1164 771 1235 Bogomili
813 1170 1335 1227 concremarentur,
1368 1170 1424 1216 et
1454 1161 1719 1217 statuisse
1754 1168 1811 1214 et
1844 1173 2006 1215 mau-

401 1259 583 1313 dasse.
627 1257 747 1313 Veri
782 1256 931 1312 enim
979 1256 1161 1312 simile
1207 1264 1315 1322 est,
1362 1254 1431 1309 de
1463 1253 1679 1325 legibus
1721 1261 1853 1307 tunc
1895 1259 2012 1306 tra-

402 1358 609 1405 ctatum
665 1364 776 1405 non
826 1347 1021 1406 fuisse.
1080 1347 1226 1416 Quin
1274 1348 1495 1418 potius,
1546 1344 1694 1415 quod
1732 1342 2007 1415 Bogomili

400 1437 690 1493 mordicus
728 1449 785 1494 et
810 1438 1089 1494 obstinate
1120 1453 1235 1494 sua:
1266 1436 1463 1493 haeresi
1491 1434 1849 1499 iuhmrentes,
1889 1447 2014 1487 tau-

398 1547 568 1603 quam
600 1530 961 1605 [constantiae
991 1530 1130 1604 suze]
1164 1530 1570 1592 testimonium,
1600 1528 2009 1586 concrematio-

401 1641 531 1681 nem
572 1625 985 1696 praecipuerint,
1030 1626 1147 1696 Ego
1185 1632 1371 1681 autem
1419 1625 1606 1680 sciens
1650 1623 1867 1679 nullum
1905 1636 2012 1675 un-

401 1734 573 1789 quam
606 1732 877 1774 canonem
933 1718 1269 1791 supplicium
1306 1718 1631 1788 permisisse
1682 1716 1815 1788 (non
1854 1715 2004 1770 enim

400 1810 784 1867 ecclesiastica
842 1810 971 1877 lex,
1023 1809 1122 1866 sed
1175 1809 1382 1874 civilis,
1438 1809 1760 1881 corporales
1816 1821 2012 1878 poenas

402 1902 601 1973 novit),
633 1902 938 1957 etiamnum
970 1904 1161 1966 miror,
1190 1902 1471 1972 quomodo
1488 1902 1787 1958 concilium
1809 1903 2003 1958 istius-

400 1995 550 2048 modi
589 2002 705 2049 tum
737 1992 925 2049 tulerit
963 1995 1323 2048 sententiam.
1364 1994 1652 2065 Siquidem
1688 1995 1946 2051 excidere
1976 2011 2008 2052 ο

402 2086 848 2142 Christianorum
906 2101 1145 2157 corpore
1203 2088 1496 2144 lnereticos
1555 2088 1705 2144 docti
1764 2103 2004 2145 sumus:

404 2179 684 2250 supplicio
729 2186 913 2235 autem
946 2179 1095 2250 ipsos
1142 2178 1362 2235 allicere
1405 2194 1514 2234 non
1547 2180 1868 2237 didicimus.
1902 2179 2007 2236 Ve-

406 2289 535 2328 rum
568 2289 693 2328 cum
738 2272 1005 2328 obstinati
1054 2282 1207 2337 sunt,
1248 2272 1399 2329 civili
1443 2273 1548 2345 legi
1594 2274 1894 2338 tradimus,
1926 2282 2011 2329 at-

406 2380 521 2435 que
550 2379 580 2417 a
609 2363 1026 2434 magistratibus
1055 2364 1109 2418 in
1138 2364 1263 2420 illos
1290 2366 1579 2420 sententiae
1616 2364 1896 2421 feruntur.

479 2456 700 2511 Texlus.
726 2455 919 2512 Curist.
940 2456 993 2512 6.
1020 2455 1123 2524 Qui
1141 2458 1413 2514 elementa
1432 2459 1675 2523 turbant,
1690 2468 1828 2527 etc.,
1844 2476 2009 2531 usque

405 2549 473 2602 ad
506 2550 889 2620 deportentur,
923 2558 980 2603 ut
1007 2566 1129 2622 pag.
1155 2550 1284 2608 289.

480 2816 778 2873 Scholium.
833 2816 978 2873 Nota
1028 2818 1197 2874 etiam
1255 2834 1323 2875 ex
1357 2818 1629 2890 'praeseuti
1677 2833 1801 2888 cap.
1859 2819 2009 2889 quod

411 2925 592 2982 neque
641 2920 701 2966 ut
742 2927 774 2967 a
823 2910 1014 2967 bestiis
1065 2910 1481 2978 interimautur,
1528 2912 1623 2982 qui
1668 2926 1765 2980 per
1816 2927 2010 2969 manes

413 3004 671 3062 inimicos
705 3020 839 3062 suos
886 3004 1172 3072 occidunt,
1224 3005 1495 3076 receperit
1529 3013 1710 3060 eonst.
1751 3003 1805 3060 6.
1839 3003 2010 3061 Basil.

414 3100 622 3155 inserta
652 3116 668 3155 :
699 3098 796 3155 sed
835 3098 1001 3154 etiam
1036 3099 1139 3154 bos
1184 3098 1366 3169 gladio
1401 3097 1586 3168 puniri
1636 3097 2009 3154 constituerit.

414 3193 685 3249 Attendas
731 3192 901 3263 igitur
942 3190 1109 3262 paulo
1154 3200 1281 3246 ante
1329 3191 1551 3263 scriptae
1594 3199 1801 3246 nostrae
1834 3191 2011 3247 inter-

414 3287 737 3358 pretationi.
781 3284 975 3343 Const.
1011 3285 1066 3353 6,
1110 3286 1361 3356 ejusdem
1410 3286 1499 3342 tit.
1545 3295 1601 3341 et
1640 3285 1739 3341 lib.
1770 3286 1895 3342 cod.
1927 3295 2015 3341 est

416 3382 503 3436 tit.
538 3379 631 3446 59,
665 3380 759 3435 lib.
790 3394 858 3434 ιχ
894 3377 1067 3435 Basil.
1109 3378 1203 3445 29,
1256 3379 1406 3451 quod
1454 3379 1536 3436 sic
1566 3379 1733 3435 habet
1762 3398 1776 3434 :
1810 3380 1903 3448 qui
1944 3378 2013 3435 ad

416 3472 732 3527 nocendum
779 3470 1105 3527 hominibus
1145 3484 1340 3527 manes
1385 3482 1645 3539 evocant,
1688 3471 1873 3543 gladio
1911 3486 2015 3543 pu-

418 3565 669 3620 niuntur.
729 3562 1066 3620 Constitutio
1117 3563 1168 3629 7,
1202 3572 1289 3620 est
1344 3578 1467 3634 cap.
1508 3563 1759 3633 ejusdem
1808 3565 1891 3619 tit.
1959 3572 2015 3621 et

416 3658 514 3712 lib.
567 3672 759 3723 xxvu,
824 3656 971 3725 quod
1036 3656 1111 3713 ita
1152 3657 1229 3713 ait
1294 3675 1308 3713 :
1362 3657 1736 3729 Dignitatibus
1799 3658 2016 3729 praediti

417 3752 705 3806 tormentis
747 3766 858 3806 nou
891 3758 1023 3806 sunt
1049 3750 1299 3818 obnoxii,
1332 3750 1442 3807 nisi
1488 3750 1546 3805 in
1596 3749 1830 3805 crimine
1870 3750 2016 3805 laesae

418 3842 746 3912 maiestatis.
781 3843 890 3899 Sed
932 3853 986 3899 et
1014 3844 1061 3899 si
1089 3844 1185 3915 qui
1234 3843 1403 3915 magi,
1436 3855 1532 3899 aut
1572 3843 2018 3914 qualemcunque

418 3933 701 3990 divinandi
745 3944 920 3992 artem
970 3935 1188 3992 modice
1234 3935 1480 4007 proﬁteri
1531 3935 1859 4007 deprehensi
1897 3934 2017 3991 fue-

418 4028 552 4093 rint,
595 4029 748 4085 nullo
784 4029 1071 4101 dignitatis
1105 4030 1393 4102 privilegio
1442 4039 1692 4086 utuntor.
1745 4030 2017 4086 Convenit

416 4118 563 4173 enim
616 4120 864 4189 ipsorum
900 4121 1154 4188 facinori,
1188 4130 1249 4177 ut
1280 4136 1473 4193 poenas
1502 4122 1676 4188 luant,
1722 4123 1767 4178 si
1814 4123 1868 4177 in
1919 4136 2017 4177 co-

418 4210 615 4267 mitatu
649 4211 969 4287 [principis]
998 4213 1051 4269 id
1085 4217 1455 4271 committant.
1486 4214 1619 4270 Vide
1650 4215 1839 4287 igitur,
1869 4230 2013 4286 quo-

418 4305 583 4360 modo
615 4306 705 4360 hic
734 4320 960 4377 quoque
983 4308 1271 4379 aruspices
1324 4310 1532 4381 quique
1562 4324 1629 4364 ex
1669 4308 1900 4364 somniis
1930 4307 2017 4363 di-

415 4398 629 4464 vinant,
653 4398 845 4455 omissi
871 4399 1002 4465 sint,
1033 4415 1099 4455 ac
1123 4400 1531 4473 qualiscunque
1552 4401 1821 4457 divinatio
1847 4401 2015 4459 latius

415 4486 800 4557 prohibeatur.
854 4491 1123 4546 Similiter
1154 4492 1457 4559 etiam,'.ut
1503 4502 1773 4565 negantes
1824 4503 2016 4549 contra

2109 601 2211 664 τὰς
2243 599 2517 666 διατάξεις
2546 602 2655 654 τῶν
2684 602 2953 670 διγέστων
2981 603 3110 656 ἔνθα
3140 604 3384 675 περὶτοῦ
3415 605 3586 659 αὐτοῦ
3610 608 3715 660 καὶ

2113 695 2235 759 ἐνὸς
2270 694 2629 765 νομοθετοῦσι
2675 714 2744 749 τι.
2782 697 2894 749 Καὶ
2921 697 3006 749 ὅτι
3048 700 3162 761 τοῖς
3198 698 3389 769 νόμοις
3431 697 3583 751 δοκεῖ
3612 700 3711 751 καὶ

2107 790 2313 850 πάσαις
2351 791 2471 852 ταῖς
2502 789 2744 860 Νεαραῖς
2776 790 2869 842 ἐπὶ
2915 790 2977 843 τὸ
3026 790 3541 861 φιλανθρωπότερον
3583 792 3714 855 τοὺς

2106 883 2309 954 νόμους
2334 881 2764 954 ἑρμηνεύεσθαι,
2798 884 2895 936 καὶ
2940 882 3085 936 οὕτω
3113 884 3213 945 τάς
3238 884 3547 952 ἀποφάσεις
3568 884 3715 952 γίνε-

2114 977 2264 1032 σθαι.
2288 977 2381 1047 Μὴ
2403 976 2537 1045 γοῦν
2562 976 2856 1048 θαυμάσῃς
2886 978 2968 1029 ὅτι
2999 978 3031 1045 ὴ
3054 978 3110 1028 ἐν
3135 976 3713 1031 Κωνσταντινουπόλει

2112 1070 2331 1135 σύνοδος
2367 1071 2461 1123 ἐπὶ
2498 1070 2609 1122 τῶν
2635 1068 2858 1140 ἡμερῶν
2884 1066 2981 1121 τοῦ
3018 1068 3326 1136 ἀγιωτάτου
3361 1068 3713 1138 πατριάρχου

2110 1163 2305 1234 κυρίου
2356 1162 2577 1233 Μιχαὴλ
2631 1161 2727 1216 τοῦ
2779 1160 2979 1225 ὐξειτ.
3026 1160 3245 1229 διέγνω,
3298 1160 3393 1213 καὶ
3436 1159 3709 1230 ἐπέτρεψε

2110 1256 2389 1326 καυθῆναι
2434 1254 2809 1325 Βωγομίλους.
2838 1254 3004 1317 Εἰκὸς
3035 1254 3143 1323 γάρ
3177 1253 3298 1306 ὲστι
3332 1251 3409 1324 μὴ
3449 1269 3716 1324 τρακται-

2117 1349 2315 1419 σθῆναι
2342 1348 2467 1403 τότε
2498 1350 2625 1411 τοὺς
2650 1347 2872 1418 νόμους,
2906 1347 2999 1400 καὶ
3029 1345 3234 1417 μᾶλλον
3282 1346 3365 1400 ὅτι
3418 1345 3537 1399 τότε
3569 1346 3714 1414 ἀμε-

2115 1440 2364 1504 ταθέτως
2392 1441 2611 1511 ἔχοντες
2643 1441 2743 1511 τῆς
2786 1439 2999 1503 οἰκείας
3026 1439 3297 1510 αἱρέσεως
3322 1438 3374 1492 οί
3405 1439 3714 1510 Βωγόμιλοι

2113 1534 2191 1598 ὡς
2260 1533 2565 1605 μαρτύριον
2618 1532 2979 1605 προήρπαζον
3025 1530 3125 1602 τὴν
3178 1529 3400 1586 καῦσιν.
3467 1531 3608 1601 Ἐγὼ
3656 1531 3716 1585 δὲ

2114 1626 2273 1689 είδὼς
2311 1627 2518 1698 μηδένα
2549 1627 2753 1681 κανόνα
2794 1625 3093 1697 ἐπιτρέψαι
3138 1625 3271 1679 ποτὲ
3302 1624 3596 1696 τιμωρίαν,
3631 1625 3715 1678 ὅτι

2124 1719 2262 1791 μηδὲ
2294 1716 2437 1773 οἶδεν
2480 1720 2509 1773 ὁ
2541 1718 3009 1791 ὲκκλησιαστικὸς
3044 1718 3210 1790 νόμος
3245 1720 3567 1790 σωματικὰς
3595 1737 3718 1773 ποι·

2124 1814 2243 1877 νὰς,
2263 1814 2383 1866 ἀλλ’
2402 1815 2430 1867 ὁ
2452 1812 2755 1874 πολιτικός.
2786 1812 2898 1865 Καὶ
2926 1810 3007 1865 ἔτι
3030 1809 3300 1884 θαυμάζω
3326 1812 3443 1876 πῶς
3461 1810 3719 1881 τοιαύτην

2044 1880 2090 1937 Β
2120 1901 2418 1970 διάγνωσιν
2439 1902 2561 1955 τότε
2589 1903 2624 1973 ἡ
2656 1902 2877 1964 συνόδος
2910 1880 3154 1965 ἐξέθετο,
3182 1902 3475 1956 ἐκκόπτειν
3510 1901 3619 1973 γὰρ
3648 1880 3719 1955 ἐκ

2121 1994 2216 2049 τοῦ
2254 1994 2509 2063 σώματος
2538 1992 2649 2048 τῶν
2680 1995 3027 2065 Χριστιανῶν
3059 1996 3189 2059 τοὺς
3234 1994 3548 2065 αίρετικοὺς
3584 1992 3719 2046 δεδι-

2122 2088 2399 2159 δάγμεθα,
2448 2090 2719 2160 τιμωρεῖν
2750 2088 2807 2142 δὲ
2858 2090 3057 2154 αὐτοὺς
3094 2089 3196 2143 οὐκ
3244 2087 3547 2158 ἐμάθομεν,
3584 2086 3725 2140 ἀλλὰ

2120 2179 2499 2249 ἀμεταθέτους
2535 2178 2695 2243 ὄντας
2732 2180 3091 2251 παραδιδόναι
3143 2179 3224 2249 τῷ
3256 2180 3521 2249 πολιτικῷ
3549 2179 3720 2249 νόμῳ,

2126 2273 2223 2327 καὶ
2252 2271 2408 2344 παρά
2446 2272 2556 2325 τῶν
2582 2272 2865 2343 ἀρχόντων
2894 2273 2995 2337 τὰς
3025 2272 3171 2327 κατά
3192 2272 3399 2327 τούτων
3417 2273 3723 2342 ἀποφάσεις

2127 2363 2489 2434 ἐκφέρεσθαι.

2196 2457 2505 2525 Κείμενον.
2549 2456 2702 2511 Διάτ.
2737 2454 2790 2523 ς’
2829 2458 2893 2512 Ol
2930 2457 3000 2510 τὰ
3052 2457 3294 2528 στοιχεῖα
3331 2456 3724 2528 ταράσσοντες,

2126 2550 2313 2621 ἦτοῦς
2356 2549 2610 2622 ἐχθροὺς,
2662 2568 2717 2605 κ.
2766 2568 2818 2605 τ.
2872 2550 2951 2613 λ.,
2974 2565 3154 2620 usque
3195 2549 3263 2604 ad
3294 2549 3327 2622 ἦ
3353 2549 3421 2603 τὰ
3454 2548 3555 2618 τῆς
3585 2549 3725 2613 ἰδίας

2126 2643 2429 2716 θρησκείας
2479 2643 2925 2715 δημοσιεύοντες,
2970 2641 3485 2714 δεπορτατεύονται.
3540 2640 3719 2713 Supra

2126 2752 2252 2808 pag.
2281 2736 2414 2793 289.

2196 2833 2477 2899 Σχόλιον.
2494 2830 2810 2902 Σημείωσαι
2834 2830 2929 2885 καὶ
2951 2830 3060 2885 ἀπὸ
3083 2830 3178 2885 τοῦ
3205 2830 3470 2903 παρόντος
3492 2847 3615 2900 κεφ.
3642 2830 3725 2883 ὅτι

2123 2922 2249 2976 οὐδὲ
2290 2923 2351 2976 τὸ
2387 2923 2600 2995 θηρίοις
2641 2924 2989 2995 ἀναιρεῖσθαι
3016 2923 3145 2989 τοὺς
3193 2924 3283 2979 διά
3323 2923 3597 2993 δαιμόνων
3636 2940 3726 2991 φο-

2125 3013 2384 3079 νεύοντας
2401 3014 2528 3079 τοὺς
2549 3013 2782 3087 ἐχθροὺς
2807 3014 3009 3080 αὐτῶν,
3036 3014 3254 3079 ἐδέξατο
3272 3016 3306 3085 ἡ
3329 3013 3469 3068 διάτ.
3494 3014 3527 3084 ὴ
3559 3029 3727 3067 κατα-

2130 3106 2437 3175 στρωθεῖσα
2467 3108 2527 3160 ὲν
2550 3108 2662 3170 τοῖς
2694 3104 3025 3171 Βασιλικοῖς,
3050 3104 3188 3161 ἀλλὰ
3215 3107 3311 3161 καὶ
3330 3104 3553 3168 τούτους
3584 3104 3727 3174 ξίφει

2046 3240 2091 3302 c
2126 3198 2492 3270 τιμωρεῖσθαι
2527 3198 2844 3271 διωρίσατο,
2884 3199 3125 3299 πρόσχες
3165 3198 3261 3254 οὖν
3289 3200 3359 3271 τῇ
3388 3196 3612 3252 όπισθεν
3636 3213 3729 3266 γε·

2126 3290 2432 3363 γραμμένῃ
2460 3290 2729 3362 ἑρμηνείᾳ
2752 3289 2937 3361 ἡμῶν.
2967 3289 3029 3343 Ἦ
3068 3286 3121 3355 ξ
3143 3290 3282 3345 διάτ.
3319 3288 3412 3343 τοῦ
3438 3287 3727 3344 αὐτοῦτίτ.

2124 3382 2220 3437 καὶ
2252 3381 2460 3452 βιϐλίου
2482 3380 2578 3435 τοῦ
2613 3381 2871 3447 κώδικος,
2909 3382 3027 3435 ἔστι
3050 3381 3146 3436 τοῦ
3179 3379 3260 3435 λθ⁹
3290 3381 3395 3435 τίτ.
3436 3378 3535 3434 τοῦ
3581 3378 3622 3445 ξ’
3646 3378 3727 3449 βι-

2124 3472 2278 3527 ϐλίου
2299 3473 2408 3527 τῶν
2435 3473 2741 3528 Μσιλικῶν
2758 3470 3015 3543 κεφ.κς’,
3034 3471 3211 3536 οὕτως
3231 3470 3371 3543 ἔχον·
3399 3470 3464 3525 Οἱ
3498 3471 3579 3535 είς
3601 3469 3728 3540 βλά-

2125 3566 2229 3638 ϐην
2250 3564 2556 3638 ἀνθρώπων
2572 3566 2837 3637 δαίμονας
2859 3565 3285 3636 ἐπικαλούμενοι
3300 3563 3444 3634 ξίφει
3468 3581 3518 3618 τι
3526 3562 3729 3634 μωρεί-

2127 3660 2363 3714 σθωσαν.
2386 3659 2451 3711 Ἦ
2476 3657 2520 3723 ζ’
2538 3658 2680 3712 διάτ.
2705 3656 2819 3711 ἔστι
2842 3674 2973 3727 κεφ.
3000 3657 3095 3711 τοῦ
3108 3656 3275 3711 αὐτοῦ
3291 3656 3398 3710 τίτ.
3418 3655 3624 3727 βιϐλίου
3645 3653 3727 3721 κζ’

2127 3750 2286 3820 λέγον
2319 3749 2527 3814 οὕτως·
2552 3750 2617 3803 Ui
2650 3750 3018 3820 ἀξιωματικοί
3062 3750 3161 3819 οὐχ
3204 3748 3524 3802 ὑπόκεινται
3554 3746 3725 3818 βασά-

2125 3861 2239 3906 νοις
2278 3846 2326 3897 εί
2364 3844 2439 3916 μὴ
2488 3844 2582 3897 ἐπὶ
2624 3843 2728 3913 τῆς
2768 3841 3177 3906 καθοσιώσεως.
3215 3842 3277 3895 El
3317 3840 3374 3895 δὲ
3443 3839 3538 3895 καί
3580 3857 3725 3904 τινες

2126 3937 2397 4009 εὐρεθὼσι
2430 3938 2648 4008 γόητες,
2675 3936 2713 4008 ἢ
2741 3935 3061 4007 οἱανδήποτε
3111 3934 3346 4005 μετρίαν
3387 3931 3723 4002 ἐπαγγελλό-

2130 4048 2287 4102 μενοι
2321 4031 2590 4102 μαντείαν
2624 4029 2817 4102 μηδενὶ
2850 4029 3136 4102 προνομίῳ
3180 4028 3496 4097 ἀξιώματος
3525 4030 3727 4097 κεχρη-

2129 4122 2366 4180 σθωσαν.
2395 4123 2600 4197 Πρέπει
2637 4123 2748 4197 γὰρ
2770 4123 2852 4195 τῷ
2883 4122 3156 4194 γινομένῳ
3181 4123 3308 4191 παρ’
3338 4120 3519 4176 αὐτῶν
3541 4120 3725 4191 ἁμαρ-

2128 4218 2338 4289 τήματι
2371 4217 2431 4270 τὸ
2465 4214 2832 4289 τιμωρεῖσθαι
2863 4216 3064 4278 αὐτοὺς
3094 4215 3189 4269 ἐὰν
3220 4216 3279 4267 ἐν
3319 4213 3399 4285 τῷ
3445 4212 3726 4283 κομιτάτῳ

2128 4309 2372 4364 τοιοῦτον
2406 4310 2844 4382 ἁμαρτήσουσιν.
2883 4308 2989 4363 Ἴδε
3044 4307 3178 4378 γοῦν
3232 4308 3308 4372 ὡς
3357 4306 3453 4360 καὶ
3491 4304 3727 4360 ἐνταῦθα

2131 4400 2368 4472 παρείθη
2408 4401 2469 4454 τὸ
2511 4401 2620 4455 τῶν
2658 4401 3045 4454 οίωνοσκόπων
3094 4399 3191 4454 καὶ
3234 4399 3297 4452 τὸ
3326 4399 3434 4454 τῶν
3466 4414 3728 4469 μαντευο-

2132 4493 2310 4565 μένων
2335 4492 2402 4547 δι’
2431 4492 2678 4565 ὀνείρων,
2698 4495 2793 4547 καὶ
2822 4492 3091 4565 ἐκολάσθη
3110 4492 3444 4565 πλατύτερον
3468 4491 3528 4545 τὸ
3547 4493 3728 4545 ὁπωσ-

416 4581 733 4648 generalem
774 4584 1047 4654 regulam,
1078 4600 1203 4655 quae
1248 4594 1607 4642 accusatores
1643 4583 2013 4658 [criminatio-

2122 4588 2327 4659 δήποτε
2368 4586 2755 4657 μαντεύεσθαι.
2795 4586 3078 4651 Ὡσαύτως
3118 4586 3356 4657 παρείθη
3398 4587 3495 4640 καὶ
3521 4585 3582 4638 τὺ
3611 4584 3727 4649 Eis-

418 4671 566 4744 uetn]
610 4674 843 4742 probare
898 4676 1037 4745 vult,
1091 4677 1322 4734 omnino
1367 4677 1448 4751 [in
1514 4679 1712 4734 aculeo
1770 4677 2016 4753 ungulis]

418 4766 723 4832 sulcantur,
775 4768 1043 4825 omissum
1096 4780 1200 4828 est.
1254 4772 1491 4828 Cunstit.
1546 4772 1581 4828 8
1630 4783 1713 4829 est
1760 4789 1887 4845 cap.
1950 4774 2021 4830 28

417 4861 667 4931 ejusdem
702 4862 796 4927 59,
834 4864 919 4918 tit.
967 4866 1114 4935 quod
1163 4867 1244 4923 sic
1290 4866 1477 4931 habet,
1512 4877 1570 4921 nt
1597 4868 1649 4922 in
1690 4867 2020 4940 compendio

419 4958 765 5023 propositum
815 4968 901 5011 est
958 4958 1153 5014 Const.
1206 4958 1279 5024 9,
1340 4970 1426 5016 est
1488 4962 1591 5015 ult.
1642 4977 1764 5033 cap.
1814 4962 1900 5017 tit.
1948 4960 2020 5017 59

417 5047 667 5117 ejusdem
722 5064 752 5103 ι.
798 5050 919 5116 lib.,
982 5053 1128 5121 quod
1184 5054 1377 5108 eadem
1432 5064 1644 5109 narrat.
1703 5056 1939 5111 Constit.
1986 5056 2021 5112 5

421 5140 505 5195 tit.
544 5142 578 5196 4
628 5142 722 5197 lib.
759 5144 928 5199 tcod.
966 5155 1053 5200 est
1093 5160 1211 5217 cap.
1279 5146 1350 5201 26
1381 5147 1463 5201 tit.
1500 5147 1568 5201 17
1596 5148 1690 5202 lib.
1732 5164 1845 5213 vn,
1870 5149 2021 5219 quod

420 5236 493 5289 ita
528 5234 733 5292 habet:
767 5234 952 5291 Primo
980 5236 1235 5294 Paschali
1270 5240 1379 5306 die,
1407 5240 1573 5295 etiam
1607 5241 1755 5296 nulla
1794 5241 2018 5312 speciali

418 5328 775 5399 imperatoria
802 5328 1056 5399 jussioue
1108 5331 1163 5386 in
1215 5333 1320 5389 hoc
1366 5333 1769 5404 praeveniente,
1820 5350 2020 5391 omnes

416 5423 512 5493 qui
550 5424 605 5479 in
654 5423 976 5481 carceribus
1028 5434 1181 5493 sunt,
1235 5427 1593 5484 absolvantor
1625 5446 1636 5483 :
1672 5428 1776 5483 nisi
1828 5427 1877 5485 si
1923 5439 2021 5485 aut

417 5517 750 5589 sacrilegus,
781 5526 876 5573 aut
926 5518 1163 5585 adulter,
1216 5530 1314 5576 aut
1342 5520 1621 5591 virginum
1668 5530 1877 5594 raptor,
1923 5528 2021 5578 aut

419 5612 807 5680 sepulcrorum
857 5612 1115 5681 violator,
1143 5622 1241 5668 aut
1288 5613 1569 5669 veneﬁcus
1617 5615 1733 5670 sit:
1770 5614 1877 5671 nisi
1923 5613 2019 5670 lal-

418 5718 539 5756 sam
572 5714 850 5760 monetam
884 5712 1138 5777 exceptet
1173 5723 1184 5760 :
1212 5707 1317 5763 nisi
1347 5708 1432 5761 vel
1462 5706 1743 5762 homicida
1774 5707 1859 5762 vel
1894 5721 2021 5777 par-

418 5792 617 5859 ricida,
648 5796 731 5851 vel
757 5796 1024 5853 adversus
1048 5798 1356 5868 principem
1381 5799 1645 5855 urbemve
1679 5798 2014 5871 [quidpiam]

415 5884 641 5943 molitus
694 5889 785 5944 sit.
837 5891 1025 5945 Const.
1058 5906 1188 5948 vero
1227 5891 1292 5945 l0
1320 5892 1405 5948 tit.
1452 5893 1483 5947 4
1528 5891 1624 5947 lib.
1679 5908 1718 5958 t,
1766 5892 1889 5949 cod.
1933 5900 2017 5950 est

2131 4680 2255 4736 σθαι
2296 4681 2425 4745 τοὺς
2476 4679 2853 4751 ἀρνουμένους
2904 4680 3125 4743 πάντως
3164 4679 3311 4734 κατὰ
3362 4678 3463 4751 τὴν
3495 4677 3725 4732 καθόλου

2129 4774 2434 4846 παράδοσιν
2469 4775 2571 4845 τὴν
2632 4773 2976 4829 ἀπαιτοῦσαν
3012 4771 3392 4827 ἀποδεικνύειν
3437 4771 3564 4835 τοὺς
3596 4788 3727 4826 κατ-

2128 4868 2388 4940 ηγόρους.
2423 4868 2487 4921 Ἢ
2516 4867 2567 4939 η’
2608 4867 2753 4923 διὰτ.
2792 4868 2908 4922 ἔστι
2936 4886 3062 4935 κεφ.
3089 4865 3174 4939 κη’
3199 4865 3294 4920 τοῦ
3318 4864 3484 4919 αὑτοῦ
3514 4862 3590 4919 λθ¹
3616 4864 3725 4919 τίτ.

2128 4960 2302 5025 οὕτως
2337 4961 2460 5032 ἕχον
2492 4961 2568 5025 ὡς
2624 4959 2962 5032 συνωῲίσθη.
3028 4960 3093 5012 Ἦ
3146 4957 3192 5012 θ’
3245 4959 3388 5014 διάτ.
3431 4957 3545 5011 ἔστι
3595 4973 3723 5025 κεφ.

2128 5053 2440 5107 τελευταῖον
2471 5052 2564 5107 τοῦ
2609 5051 2687 5106 λθ¹
2722 5054 2828 5106 τίτ.
2866 5052 2961 5108 τοῦ
2999 5051 3167 5107 αὐτοῦ
3219 5049 3260 5117 ξ’
3309 5050 3417 5123 βιϐ.
3461 5050 3530 5105 τὰ
3578 5050 3722 5103 αὐτὰ

2128 5146 2345 5213 διεξιόν.
2385 5147 2448 5201 Ἠ
2471 5145 2519 5217 γ’
2552 5146 2691 5202 διάτ.
2722 5146 2818 5200 τοῦ
2845 5144 2887 5201 δ’
2921 5146 3025 5199 τίτ.
3083 5144 3179 5199 τοῦ
3222 5144 3267 5198 α’
3315 5143 3424 5214 βιϐ.
3476 5142 3572 5196 τοῦ
3614 5140 3725 5195 κώ·

2127 5240 2276 5304 δικος
2309 5240 2427 5294 ἐστι
2483 5258 2610 5311 κεφ.
2643 5238 2736 5305 κς⁹
2787 5238 2884 5293 τοῦ
2938 5236 3002 5304 ιζ’
3024 5239 3130 5293 τίτ.
3174 5236 3271 5292 τοῦ
3307 5236 3350 5302 ζ’
3397 5235 3603 5309 βιϐλίου
3629 5234 3725 5289 οὖ-

2127 5351 2237 5397 τως
2276 5332 2400 5404 ἕχον
2424 5349 2436 5362 ·
2471 5334 2550 5405 Τῇ
2591 5334 2784 5407 πρώτῃ
2825 5332 2935 5387 τῶν
2964 5332 3293 5405 Πασχαλίων
3342 5329 3584 5402 ἡμερῶν,
3623 5329 3719 5383 καὶ

2132 5427 2208 5498 μὴ
2262 5425 2549 5497 βασιλικῆς
2599 5426 2775 5497 ἰδικῆς
2810 5426 2904 5479 ἐπὶ
2951 5424 3131 5495 τούτῳ
3174 5422 3591 5493 καταλαϐούσης
3635 5438 3729 5475 κε-

2127 5518 2389 5584 λεύσεως,
2414 5519 2618 5584 πάντες
2648 5521 2699 5572 οἱ
2722 5521 2781 5573 ὲν
2806 5518 3079 5590 φυλακαῖς
3101 5516 3548 5581 ἀπολυέσθωσαν,
3574 5515 3621 5568 εί
3648 5514 3724 5584 μὴ

2127 5613 2239 5686 ἄρα
2267 5611 2545 5683 ἱερόσυλός
2576 5613 2749 5679 ἐστιν,
2776 5612 2809 5685 ἢ
2848 5614 3054 5684 μοιχὸς,
3086 5612 3119 5683 ἢ
3147 5612 3436 5684 παρθένων
3468 5608 3721 5681 ἃρπαξ,ἢ

2127 5703 2513 5775 τυμϐωρύχος,
2558 5704 2926 5776 ἢφαρμακὺς,
2962 5705 2995 5775 ἢ
3032 5704 3257 5776 μονίταν
3312 5703 3552 5774 πλάστην
3608 5700 3725 5754 ἔστι

2128 5797 2587 5869 καταδεξάμενος,
2641 5799 2673 5870 ἢ
2725 5800 2944 5868 φονεὺς,
3003 5799 3036 5871 ἢ
3093 5798 3481 5867 πατροκτόνος,
3512 5796 3543 5867 ἢ
3580 5796 3721 5849 κατᾶ

2130 5890 2417 5961 βασιλέως,
2463 5891 2496 5963 ἢ
2527 5891 2739 5956 πόλεως
2771 5891 3252 5965 μηχανησάμενος.
3295 5892 3405 5946 Καὶ
3432 5892 3466 5964 η
3499 5888 3529 5942 ι’
3576 5889 3713 5945 διάτ.
