4146 6504
441 418 577 483 1113

1405 416 1899 478 NOMOCANON.
1941 443 2012 452 -
2050 416 2203 478 ΤΙΤ.
2243 415 2349 490 ΙΧ,
2391 415 2551 475 CAP.
2587 415 2765 474 XXV.

3602 412 3739 478 1114

433 534 531 587 τοῦ
565 532 604 587 δ’
637 531 742 585 τίτ.
778 529 873 584 τοῦ
913 528 960 583 α’
1019 528 1225 599 βιϐλίου
1271 528 1367 582 τοῦ
1421 528 1675 594 κώδικος.
1722 530 1839 584 ἔστι
1904 547 2031 599 κεφ.

2150 543 2262 597 cap.
2304 528 2371 582 17
2426 529 2509 581 tit.
2547 527 2572 579 1
2612 527 2703 581 lib.
2746 543 2759 579 ι
2810 524 2978 579 Basil.
3027 524 3174 594 quod
3217 525 3296 580 sie
3338 525 3500 581 habet
3531 567 3546 593 ,
3582 540 3641 584 ut
3687 530 3745 583 in

439 630 506 694 ιζ’
552 627 648 680 τοῦ
689 624 737 679 α’
788 624 994 693 βιϐλίου
1022 623 1133 677 τῶν
1182 622 1511 688 Βασιλικῶν,
1559 622 1734 688 οὕτως
1779 623 1924 695 ἔχον,
1966 624 2044 689 ὡς

438 719 774 790 συνωψίσθη.

509 814 821 882 Κείμενον.
855 810 967 864 Καὶ
1009 809 1115 864 τίτ.
1145 819 1214 863 ια’
1255 809 1349 863 τοῦ
1391 809 1559 865 αὐτοῦ
1584 810 1794 880 βιϐλίου
1825 810 1966 866 διάτ.
2004 810 2047 880 β’

438 907 648 978 Μηδεὶς
678 905 766 959 διὰ
793 902 1294 973 σπλαγχνοκοπίας,
1326 921 1380 958 κ.
1426 920 1477 957 τ.
1507 904 1582 969 λ.,
1614 920 1791 974 usque
1826 904 1895 960 ad
1954 904 2050 958 καὶ

440 999 695 1069 βασάνων
720 997 816 1052 καὶ
842 996 1152 1068 συμφώνων
1175 996 1545 1053 καταθέσεων.
1578 997 1759 1070 Supra
1779 1014 1901 1071 pag.
1918 999 2047 1064 289,

436 1090 565 1146 290.

513 1184 799 1255 Σχόλιον.
845 1182 909 1236 Ἦ
952 1180 998 1253 β’
1030 1181 1173 1238 διάτ.
1210 1180 1305 1236 τοῦ
1336 1180 1387 1237 α’
1422 1182 1628 1253 βιϐλίου
1667 1183 1763 1237 τοῦ
1817 1183 2051 1250 κὼδικος

441 1277 558 1330 ἔστι
604 1294 732 1347 κεφ.
757 1273 805 1341 ζ’
832 1274 927 1329 τοῦ
956 1272 1005 1330 α’
1036 1275 1142 1329 τίτ.
1186 1274 1281 1328 τοῦ
1311 1273 1359 1329 α’
1394 1275 1607 1347 βιϐλίου
1654 1275 1767 1331 τῶν
1822 1276 2046 1331 Βασιλι-

438 1370 554 1424 κῶν
592 1369 772 1440 λέγον.
812 1369 1023 1441 Μηδεὶς
1073 1364 1229 1441 ἧπαρ
1266 1369 1362 1423 καὶ
1410 1368 1619 1438 ἔγκατα
1650 1369 1903 1444 καθορῶν
1937 1371 2039 1443 ζη-

439 1463 605 1517 τείτω
633 1462 704 1518 τά
740 1462 1006 1534 μέλλοντα
1047 1461 1150 1533 τήν
1184 1463 1249 1515 ἐκ
1292 1461 1394 1531 τῆς
1447 1462 1812 1533 σταυρώσεως
1869 1480 2049 1533 τιμω-

445 1556 565 1629 ρίαν
590 1555 867 1625 ἀγωνιῶν.
909 1555 978 1610 Ἠ
1007 1553 1060 1625 η’
1093 1554 1235 1609 διάτ.
1273 1554 1370 1609 τοῦ
1401 1552 1466 1620 ιζ’
1493 1555 1603 1610 τίτ.
1644 1555 1740 1609 τοῦ
1768 1554 1809 1610 ε’
1840 1556 2047 1627 βιϐλίου

441 1648 538 1703 τοῦ
570 1648 802 1713 κώδικος
840 1649 942 1703 οὐκ
996 1648 1159 1721 ἐτέθη
1194 1650 1276 1712 είς
1304 1649 1374 1703 τά
1404 1648 1673 1704 Βασιλικὰ
1699 1650 1776 1714 ὡς
1814 1650 2050 1722 ἀρκόυν-

446 1757 559 1793 των
603 1740 713 1794 τῶν
751 1739 1162 1810 περιεχομένων
1210 1740 1271 1793 ἐν
1316 1741 1384 1810 τῇ
1444 1740 1575 1811 περὶ
1612 1740 1915 1812 ρεπουδίων
1945 1740 2047 1812 ριζ

438 1832 610 1902 νεαρᾷ
634 1831 701 1901 τῇ
732 1830 962 1901 κειμένῃ
988 1833 1044 1884 ἐν
1078 1830 1270 1903 βιϐλίῳ
1296 1828 1381 1902 κη’
1404 1829 1515 1884 τῶν
1532 1831 1844 1887 Βασιλικῶν
1867 1832 1977 1887 τίτ.
2001 1831 2047 1898 ζ’

2149 622 2481 692 compendio
2512 621 2855 691 prepositum
2897 628 3002 672 est.

2226 808 2448 864 Textus.
2482 806 2549 862 Et
2585 807 2665 861 tit.
2702 805 2791 866 11,
2817 803 3064 875 ejusdem
3096 802 3196 857 lib.
3237 804 3462 859 constit.
3496 804 3555 858 2.
3583 803 3757 859 Nemo

2151 910 2283 965 etc.,
2304 916 2472 971 usque
2504 903 2573 953 ad
2597 900 2888 970 probatum
2922 897 3086 952 fuerit
3117 898 3350 962 crimen,
3384 907 3442 952 ut
3468 914 3592 969 pag.
3622 898 3755 953 289-

2146 994 2276 1050 290.

2226 1184 2522 1241 Scholium.
2598 1183 2791 1239 Const.
2853 1181 2890 1235 2
2954 1182 3039 1235 tit.
3092 1181 3152 1235 11
3212 1181 3309 1236 111).
3382 1195 3422 1241 t,
3482 1179 3606 1234 cod.
3670 1186 3758 1234 est

2153 1295 2277 1351 cap.
2321 1281 2372 1347 7,
2427 1280 2512 1333 tit.
2544 1279 2598 1342 1,
2667 1278 2762 1333 lib.
2796 1293 2811 1332 ι
2848 1275 3014 1332 Basil.
3051 1275 3201 1344 quod
3245 1278 3321 1329 ait
3352 1293 3365 1329 :
3395 1273 3566 1329 Nemo
3604 1274 3760 1345 jecur

2148 1386 2203 1430 et
2232 1384 2388 1429 exsta
2426 1371 2746 1441 inspiciens,
2776 1370 3157 1425 crucifixionis
3186 1384 3405 1439 poenam
3440 1368 3747 1423 formidans

2149 1466 2333 1522 futura
2380 1465 2683 1535 explorato.
2717 1462 2955 1517 Conslit.
3004 1460 3039 1515 8
3103 1463 3189 1514 tit.
3240 1461 3307 1515 17
3379 1461 3474 1515 lib.
3530 1475 3561 1509 v
3627 1459 3754 1515 cod-

2149 1577 2258 1617 non
2309 1570 2395 1615 est
2448 1558 2625 1630 posita
2662 1559 2715 1611 in
2768 1555 2960 1621 Basil.,
2992 1555 3139 1626 quod
3171 1552 3496 1627 [videliceL]
3527 1568 3649 1623 quae
3700 1553 3757 1607 in

2150 1653 2365 1709 novella
2416 1652 2515 1706 117
2570 1650 2639 1705 de
2683 1648 2928 1720 repudiis
2986 1647 3557 1718 comprehenduntur,
3604 1644 3758 1699 sulli-

2149 1749 2320 1804 ciant.
2385 1744 2551 1800 Docet
2608 1743 2758 1799 enim
2811 1741 2940 1796 inde
2996 1741 3162 1795 etiam
3224 1740 3411 1795 dirimi
3460 1739 3752 1810 coniuges,

2153 1840 2299 1911 quod
2328 1839 2467 1895 alter
2502 1836 2733 1893 alterius
2763 1836 2889 1889 vita:
2914 1834 3074 1888 malis
3105 1832 3318 1888 artibus
3354 1841 3451 1886 aut
3481 1830 3749 1886 veneﬁcio

440 1901 552 1980 και
589 1927 656 1996 τῇ
705 1922 807 1994 ριξ⁹
837 1927 905 1995 τῇ
950 1924 1204 1998 κειμένῃ.
1241 1901 1487 1995 νὈμοίως
1534 1922 1697 1979 αὗται
1758 1925 1867 1997 γὰρ
1911 1927 2042 1981 διδά-

2161 1901 2458 1989 insidiatus
2486 1932 2580 1986 sit.
2610 1929 2734 2003 [Est
2773 1925 2985 1999 autem]
3026 1926 3204 1997 posita
3240 1925 3293 1979 in
3333 1925 3430 1979 lib.
3460 1923 3629 1979 Basil.
3654 1921 3752 1987 28,

449 2036 644 2072 σκουσι
679 2018 1105 2087 διαζεύγνυσθαι
1135 2020 1265 2083 τοὺς
1310 2017 1639 2089 ὁμοζύγους,
1693 2021 1791 2073 καὶ
1840 2021 1906 2074 ἐκ
1951 2021 2047 2075 τοῦ

442 2110 839 2181 βουλεύσασθαι
892 2111 1122 2182 θάτερον
1181 2111 1239 2179 ἐξ
1305 2110 1487 2167 αὐτῶν
1541 2112 1631 2167 διὰ
1701 2113 1956 2184 γοητείας
2009 2115 2045 2186 ἢ

440 2203 802 2275 φαρμακείας
834 2204 979 2259 κατὰ
1012 2205 1112 2274 τῆς
1157 2203 1253 2258 τοῦ
1283 2204 1476 2276 ἐτέρου
1516 2204 1684 2277 ζωῆς.
1735 2206 1800 2260 Ἢ
1831 2206 1876 2278 β’
1905 2207 2047 2262 διάτ.

443 2294 539 2347 τοῦ
574 2292 646 2359 ξε¹
672 2294 777 2348 τίτ.
808 2293 853 2359 ζ’
877 2294 1112 2366 βιϐλίου,
1143 2296 1261 2351 ἐστι
1293 2314 1422 2367 κεφ.
1456 2298 1566 2369 ρλς¹
1593 2299 1690 2353 τοῦ
1719 2299 1769 2355 α’
1795 2302 1903 2357 τίτ.
1952 2300 2047 2356 τοῦ

441 2382 486 2437 θ’
520 2385 728 2456 βιϐλίου
756 2385 866 2439 τῶν
897 2386 1228 2455 Βασιλικῶν,
1276 2388 1438 2458 λέγον
1465 2388 1665 2455 οὕτως.
1697 2391 1765 2446 Οἱ
1798 2392 2050 2464 φανερῶς

441 2479 538 2533 ἐπὶ
569 2479 966 2550 ἁμαρτήμασιν
997 2479 1377 2551 ἐλεγχθέντες,
1405 2482 1505 2535 καὶ
1555 2483 1921 2555 καταθέμενοι
1949 2486 2052 2542 οὐκ

440 2572 524 2626 ἔτι
568 2572 825 2626 δύνανται
860 2572 1288 2638 ἐκκαλέσασθαι,
1338 2572 1465 2628 οὔτε
1524 2575 1583 2629 δὲ
1615 2578 1723 2651 χρὴ
1757 2580 2051 2651 προπετῶς

439 2664 725 2720 πιστεύειν
755 2669 822 2738 τῇ
861 2669 1013 2739 φωνῇ
1047 2667 1157 2721 τῶν
1185 2668 1552 2739 κρινομένων,
1587 2670 1685 2724 καὶ
1737 2675 2050 2745 σημείωσαι

438 2761 524 2815 ὅτι
549 2761 656 2817 κᾶν
680 2761 742 2815 τὸ
769 2762 975 2826 πλάτος
1012 2763 1142 2835 περὶ
1176 2764 1357 2835 μόνων
1402 2765 1514 2819 τῶν
1556 2766 1651 2820 ἐπὶ
1681 2767 1914 2840 γοητείᾳ
1938 2785 2047 2822 κα-

438 2853 883 2909 ταδικασθέντων
909 2854 1293 2926 διελάμϐανεν,
1334 2856 1454 2911 ἀλλ’
1482 2859 1510 2913 ὁ
1537 2858 1607 2913 τὰ
1632 2858 1901 2914 Βασιλικὰ
1926 2877 2051 2915 συν-

440 2944 673 3014 θέμενος
689 2946 821 3020 περὶ
851 2947 1073 3003 πάντων
1098 2948 1210 3003 τῶν
1232 2948 1328 3003 ἐπὶ
1353 2949 1722 3023 ἁμαρτήμασι
1743 2952 2046 3024 κριθέντων

441 3039 506 3093 τὸ
536 3040 767 3111 νόμιμον
794 3041 1036 3106 ἐξέθετο.
1068 3044 1391 3114 Σημείωσαι
1440 3043 1500 3098 δέ
1528 3044 1624 3099 καὶ¹
1662 3045 1726 3099 τὸ
1754 3046 2051 3119 εἰρημένον

442 3131 505 3185 ἐν
536 3132 612 3203 τῷ
642 3132 811 3200 τέλει,
849 3135 981 3207 περὶ
1007 3134 1105 3189 τοῦ
1140 3136 1217 3208 μὴ
1246 3136 1605 3192 πιστεύεσθαι
1635 3138 1883 3210 εὐχερῶς
1924 3141 2050 3204 τοὺς

2162 2027 2250 2081 tit.
2278 2037 2350 2082 et.
2391 2024 2659 2079 Similiter
2687 2023 2810 2089 117,
2839 2030 3016 2077 const.
3065 2019 3121 2087 2,
3157 2020 3241 2075 tit.
3277 2018 3366 2083 65,
3418 2018 3514 2074 lib.
3544 2034 3641 2081 vn,
3670 2025 3759 2071 est

2159 2133 2282 2189 cap.
2327 2119 2454 2181 156,
2492 2119 2579 2174 tit.
2613 2118 2665 2179 1,
2700 2116 2797 2171 lib.
2830 2131 2882 2171 ix
2934 2113 3103 2169 Basil.
3157 2113 3302 2183 quod
3342 2111 3413 2168 ita
3445 2110 3623 2167 dicit:
3655 2110 3763 2179 Qui

2160 2211 2451 2268 manifeste
2477 2212 2545 2267 de
2578 2208 2908 2266 criminibus
2943 2205 3186 2263 convicti
3233 2213 3384 2271 sunt,
3412 2211 3469 2259 et
3494 2200 3763 2267 confessi,

2160 2321 2271 2361 non
2322 2303 2561 2375 amplius
2601 2315 2906 2373 provocare
2954 2306 3209 2370 possunt.
3258 2294 3452 2367 Neque
3488 2310 3622 2352 vero
3670 2305 3757 2351 te-

2162 2413 2310 2453 mere
2354 2396 2432 2451 rei
2468 2394 2592 2449 voci
2639 2392 2976 2449 credendum
3027 2401 3135 2448 est.
3181 2388 3323 2446 Nota
3356 2397 3540 2445 autem
3588 2388 3761 2460 quod,

2161 2505 2480 2563 quanquam
2522 2489 2642 2559 ipsa
2685 2495 2867 2542 const.
2922 2486 2988 2541 de
3034 2485 3103 2541 iis
3154 2484 3332 2540 solum
3370 2483 3464 2555 qui
3509 2482 3764 2538 venelicii

2163 2586 2522 2647 damnantur,
2552 2590 2752 2636 tractet
2780 2599 2793 2634 :
2825 2579 2872 2635 is
2898 2587 3081 2634 tamen
3104 2577 3199 2648 qui
3227 2575 3396 2631 Basil.
3425 2574 3762 2643 composuit,

2160 2677 2230 2734 de
2256 2676 2682 2749 quibuscunque
2732 2671 3028 2727 criminum
3070 2669 3181 2725 reis
3229 2668 3404 2738 legem
3455 2666 3601 2722 hanc
3634 2680 3764 2736 pro-

2159 2770 2426 2841 posuerit.
2471 2767 2613 2823 Nota
2650 2766 2777 2822 item
2810 2765 2959 2836 quod
2990 2764 3045 2818 in
3088 2762 3439 2825 linedicitur.
3481 2776 3550 2816 ne
3592 2759 3758 2815 facile

2162 2868 2231 2924 iis
2271 2867 2551 2933 credatur,
2580 2865 2676 2935 qui
2718 2864 3013 2919 adversum
3058 2874 3118 2916 se
3148 2856 3504 2914 confitentur.
3534 2854 3764 2923 Quaeras

2163 2959 2343 3035 [vero]
2373 2960 2538 3016 etiam
2587 2958 2683 3012 lib.
2715 2973 2809 3019 1.x,
2837 2958 2922 3009 tit.
2958 2954 3048 3016 50,
3081 2967 3205 3023 cap.
3241 2950 3293 3013 1,
3320 2948 3504 3005 thema
3529 2949 3584 3014 '7,
3613 2946 3765 3019 quod

2166 3056 2248 3111 sic
2298 3055 2414 3110 ait:
2446 3052 2565 3107 Non
2619 3058 2705 3106 est
2753 3046 3089 3105 credendum
3145 3042 3597 3099 confessionibus
3638 3055 3765 3097 reo-

2160 3164 2309 3209 rum,
2344 3146 2451 3202 nisi
2477 3146 2642 3201 etiam
2683 3143 2909 3199 evidens
2942 3139 3201 3211 probatio
3226 3137 3471 3208 iudicem
3502 3136 3765 3200 instruat,

437 3222 601 3335 actae"
629 3223 841 3279 ἑαυτῶν
895 3226 1323 3298 ὁμολογοῦντας.
1384 3229 1548 3299 Ζήτει
1602 3229 1699 3284 καὶ
1742 3231 1945 3302 βιϐλίον
2005 3233 2042 3301 ξ¹

2158 3249 2214 3297 et
2258 3240 2355 3295 lib.
2408 3254 2488 3304 ιι,
2543 3237 2627 3292 tit.
2660 3236 2717 3300 4,
2768 3248 2889 3303 cap.
2940 3231 2994 3297 1,
3037 3243 3273 3300 qumque
3320 3227 3433 3283 illic
3487 3233 3755 3282 annotata

434 3313 601 3370 τίτ.ν’
630 3333 758 3386 κεφ.
781 3316 829 3371 α’
862 3316 1007 3386 θέμα
1029 3316 1070 3385 ξ’
1096 3318 1279 3390 λέγον,
1307 3321 1368 3375 οὐ
1396 3320 1480 3375 δεῖ
1505 3323 1786 3378 πιστεύειν
1815 3326 2049 3380 καταθέ-

437 3424 560 3462 σεσι
578 3409 688 3464 τῶν
707 3412 1068 3483 κρινομένων,
1096 3417 1145 3468 εί
1168 3400 1247 3486 μή
1268 3416 1365 3469 καὶ
1382 3415 1663 3483 ἀπόδειξις
1681 3418 1929 3474 διδάσκει
1951 3422 2047 3475 τὸν

434 3501 720 3575 δικαστήν.
737 3505 850 3559 Καὶ
876 3505 971 3560 τοῦ
991 3504 1035 3560 θ’
1065 3507 1277 3578 βιϐλίου
1302 3509 1405 3564 τίτ.
1425 3508 1467 3564 δ’
1491 3528 1619 3582 κεφ.
1637 3510 1685 3565 α’
1713 3513 1901 3568 καὶτὰ
1929 3514 2049 3569 ἐκεῖ

436 3596 984 3667 παραγεγραμμένα.
1004 3596 1065 3651 Ἥ
1093 3603 1142 3667 γ’
1158 3598 1298 3654 διάτ.
1316 3599 1412 3653 τοῦ
1438 3599 1649 3671 μα’τίτ.
1665 3602 1760 3656 τοῦ
1777 3602 1821 3657 θ’
1836 3604 2045 3675 βιϐλίου

432 3685 529 3739 τοῦ
559 3686 812 3755 κώδικος,
864 3688 983 3743 ἐστι
1029 3707 1154 3760 κεφ.
1188 3689 1267 3746 κε’
1293 3691 1390 3746 τοῦ
1418 3692 1459 3747 ν’
1484 3693 1591 3751 τίτ.
1620 3696 1716 3750 τοῦ
1750 3696 1790 3763 ξ’
1834 3697 2045 3769 βιϐλίου

431 3776 544 3829 τῶν
572 3778 884 3836 Βασιλικῶν
912 3782 1074 3853 λέγον
1096 3800 1112 3817 ο
1148 3785 1245 3840 ἐὰν
1275 3786 1414 3858 γυνὴ
1443 3787 1761 3857 ἐγκαλεῖται
1789 3791 1868 3857 ὡς
1905 3810 2047 3866 φαρ-

437 3868 638 3938 μάκοις
670 3872 984 3941 φονεύσασα
1015 3876 1107 3930 τὸν
1155 3878 1293 3933 ἴδιον
1329 3880 1522 3952 ἄνδρα,
1573 3884 1670 3937 καὶ
1699 3883 1879 3938 δοῦλοι
1921 3877 2046 3941 κατ’

433 3964 607 4034 αὐτῆς
634 3965 696 4018 οὐ
739 3966 903 4037 μόνον
935 3969 1084 4037 ἴδιοι,
1131 3972 1389 4028 ἀλλὰκαὶ
1441 3974 1717 4047 ἀλλότριοι
1763 3978 2045 4046 ἐξετάζον-

432 4072 550 4120 ται,
599 4057 820 4127 πρῶτον
851 4061 911 4114 δὲ
938 4063 988 4116 oi
1016 4062 1313 4136 ἀλλότριοι,
1343 4067 1440 4122 κα1⁵
1470 4068 1568 4123 ἐὰν
1597 4069 1801 4141 δεῖγμα
1849 4072 2036 4147 δειχθῇ

433 4148 657 4220 ἀληθὲς,
694 4152 793 4207 καὶ
830 4154 971 4227 αὑτὴ
1011 4158 1044 4227 ή
1080 4158 1219 4229 γυνὴ
1267 4158 1643 4229 βασανίζεται.
1685 4163 1751 4217 Ἦ
1787 4163 1863 4231 ις’
1893 4165 2038 4221 διάτ.

429 4242 526 4295 τοῦ
555 4242 640 4313 μζ
668 4245 775 4302 τίτ.
816 4248 910 4302 τοῦ
941 4249 985 4303 θ’
1017 4249 1227 4321 βιϐλίου
1260 4253 1355 4305 τοῦ
1390 4253 1622 4320 κώδικος
1648 4256 1766 4312 ἐστι
1794 4276 1921 4330 κεφ.
1950 4258 2043 4327 νς¹

425 4338 522 4391 τοῦ
572 4347 653 4392 ναν
704 4341 811 4396 τίτ.
848 4344 943 4398 τοῦ
976 4342 1017 4411 ξ’
1062 4345 1274 4416 βιϐλίου
1333 4347 1534 4419 λέγον,
1594 4351 1671 4424 μὴ
1719 4353 2038 4427 προχείρως

425 4433 456 4485 ό
486 4430 672 4503 ἄρχων
702 4436 1013 4509 κεφαλικὴν
1039 4439 1315 4512 τιμωρίαν
1348 4442 1633 4514 ἐκφερέτω
1659 4444 1710 4498 εί
1748 4446 1824 4519 μὴ
1873 4447 2032 4518 πρῶ-

421 4542 520 4578 τον
552 4526 582 4578 ὁ
612 4529 945 4599 ἐναγόμενος
979 4530 1069 4585 διὰ
1097 4536 1199 4603 τῆς
1240 4534 1453 4599 οίκείας
1503 4536 1825 4608 ὁμολογίας,
1876 4539 1910 4610 ἢ
1941 4539 2031 4594 διὰ

2156 3344 2304 3391 sunt.
2344 3332 2539 3387 Const.
2601 3332 2635 3385 '5
2685 3329 2767 3383 lit.
2814 3327 2877 3381 41
2924 3324 3021 3380 lib.
3075 3339 3128 3378 ix
3174 3321 3303 3378 cod.
3362 3330 3450 3378 est
3502 3336 3625 3391 cap.
3687 3318 3765 3375 25

2154 3428 2239 3484 tit.
2276 3426 2346 3482 50
2402 3424 2499 3479 lib.
2534 3439 2603 3478 ιχ
2635 3421 2801 3477 Basil.
2844 3417 2995 3489 quod
3033 3415 3169 3472 dicit
3202 3433 3218 3472 :
3252 3414 3311 3471 Si
3348 3414 3548 3469 mulier
3593 3427 3765 3468 accu-

2154 3528 2330 3584 setur,
2377 3527 2640 3587 tanquam
2681 3528 2897 3568 veneno
2947 3511 3207 3566 maritum
3257 3522 3421 3564 suum
3471 3504 3761 3572 occiderit,

2155 3618 2212 3667 et
2245 3609 2513 3665 adversus
2557 3606 2706 3662 illam
2737 3604 2878 3659 servi
2923 3617 3031 3657 non
3077 3598 3255 3657 solum
3297 3596 3530 3669 proprii,
3579 3595 3672 3652 sed
3703 3606 3763 3651 et

2156 3703 2324 3759 alieni
2360 3700 2794 3757 examinentur:
2829 3696 3067 3769 primum
3105 3704 3289 3749 autem
3329 3691 3523 3757 alieni,
3573 3693 3759 3761 sitque

2154 3811 2345 3851 verum
2388 3795 2829 3851 demonstratum
2880 3797 3268 3860 argumentum
3303 3804 3319 3841 :
3353 3786 3471 3855 ipsa
3521 3799 3752 3854 quoque

2158 3888 2359 3943 mulier
2400 3894 2708 3955 torquetur.
2749 3883 2941 3939 Const.
2998 3879 3065 3935 16
3112 3880 3197 3935 tit.
3247 3878 3318 3933 47
3366 3878 3462 3933 111).
3509 3892 3565 3931 1x
3625 3876 3755 3932 cod.

2153 3991 2239 4038 est
2290 3996 2416 4051 cap.
2462 3979 2530 4034 56
2576 3978 2661 4033 tit.
2698 3977 2759 4032 51
2825 3976 2920 4029 lib.
2963 3989 3052 4039 ιι,
3102 3975 3247 4045 quod
3302 3972 3423 4026 ait:
3478 3967 3557 4025 Ne
3594 3968 3761 4024 facile

2144 4074 2313 4146 judex
2362 4070 2615 4142 capitalis
2662 4083 2837 4139 paenae
2878 4064 3257 4139 [sententiam]
3316 4061 3611 4135 proferto:
3647 4061 3758 4116 nisi

2146 4168 2299 4238 prius
2346 4182 2476 4221 reus
2521 4180 2617 4234 per
2678 4177 2837 4218 suam
2885 4159 3318 4223 confessionem,
3372 4167 3469 4212 aut
3529 4156 3753 4210 testium

2143 4259 2629 4331 interrogationem
2662 4258 2777 4313 sive
2808 4262 3087 4309 tormenta
3124 4253 3198 4307 ita
3229 4250 3520 4307 convictus
3553 4249 3653 4314 sit,
3688 4256 3755 4304 ut

2141 4356 2232 4410 vix
2296 4353 2400 4410 sibi
2444 4352 2544 4422 ipsi
2604 4347 2887 4405 adversari
2946 4346 3147 4416 possit.
3178 4342 3450 4397 Cancrum
3506 4354 3756 4410 praisens

2140 4464 2263 4518 cap.
2302 4446 2470 4501 etiam
2505 4445 2573 4500 ad
2606 4443 2789 4498 thema
2818 4441 2869 4507 7,
2907 4454 3028 4509 cap.
3071 4437 3124 4504 1,
3154 4437 3238 4491 tit.
3271 4433 3362 4500 50,
3410 4433 3506 4489 lib.
3542 4431 3750 4499 1.x,in-

2136 4548 2369 4611 terprcta
2378 4552 2459 4593 re.

421 4616 528 4688 τῆς
559 4618 670 4673 τῶν
720 4622 1019 4695 μαρτύρων
1073 4624 1401 4697 ἐρωτήσεως
1454 4627 1575 4699 ἦτοι
1629 4631 1743 4684 τῶν
1776 4630 2030 4703 βασάνων
2071 4632 2249 4695 οὕτως
2279 4630 2535 4703 ἐλεγχθῇ,
2571 4628 2716 4682 ὥστε
2783 4623 2971 4697 σχεδὸν
3024 4620 3163 4695 μηδὲ
3218 4616 3396 4690 ἐαυτῷ
3440 4616 3724 4673 δύνασθαι.

421 4708 577 4781 Πλὴν
611 4710 708 4765 καὶ
740 4710 803 4765 τὸ
831 4713 1009 4786 παρὸν
1038 4732 1166 4786 κεφ.
1196 4718 1337 4788 πρὸς
1363 4719 1426 4772 τὸ
1456 4716 1501 4784 ζ’
1529 4716 1675 4790 θέμα
1697 4720 1795 4776 τοῦ
1828 4721 1878 4775 α’
1902 4740 2031 4791 κεφ.
2074 4723 2170 4778 τοῦ
2206 4722 2247 4778 ν’
2282 4725 2392 4778 τίτ.
2429 4722 2524 4777 τοῦ
2555 4720 2594 4787 ξ’
2624 4718 2835 4791 βιϐλίου
2867 4717 3229 4790 ὲρμήνευσεν.

493 4804 811 4873 Κείμενον.
831 4806 941 4860 Καὶ
961 4806 1165 4878 βιϐλίον
1188 4808 1241 4877 ι’,
1265 4812 1372 4868 τίτ.
1409 4811 1493 4880 ιε’,
1523 4813 1663 4871 διάτ.
1682 4811 1755 4878 α’,
1790 4816 1872 4869 ὅτι
1906 4815 2038 4881 Ἐξ-

2223 4817 2446 4873 Tcxtus.
2482 4816 2657 4876 Etlib.
2690 4812 2780 4874 10,
2812 4813 2899 4867 tit.
2928 4812 3016 4877 15,
3044 4817 3226 4865 const.
3263 4806 3314 4861 1.
3344 4802 3496 4859 Licet
3528 4803 3748 4860 unicui-

420 4912 572 4950 εστιν
596 4897 834 4968 ἑκάστῳ,
865 4916 922 4953 κ.
950 4917 1002 4955 τ.
1021 4900 1097 4966 λ.,
1128 4918 1303 4974 usque
1326 4903 1398 4959 ad
1426 4905 1557 4979 napi.
1587 4908 1910 4979 Μανιχαίων
1941 4926 2033 4964 νο·-

427 4989 754 5060 μοτηθέντα.
789 4991 970 5063 Supra
1007 5009 1132 5067 pag.
1159 4995 1288 5063 290,
1312 4997 1442 5053 291.

496 5082 779 5150 Σχόλιον.
831 5084 895 5138 Ἦ
923 5083 974 5140 α’
1014 5087 1157 5142 διάτ.
1206 5088 1303 5142 τοῦ
1345 5096 1407 5145 ιε’
1453 5090 1561 5147 τίτ.
1602 5090 1700 5146 τοῦ
1737 5089 1767 5145 ι’
1816 5092 2027 5164 βιϐλίου

422 5169 539 5225 ἔστι
569 5190 695 5244 κεφ.
724 5172 790 5243 ιγ
820 5176 915 5231 τοῦ
942 5175 989 5243 ζ’
1012 5179 1121 5234 τίτ.
1151 5179 1248 5234 τοῦ
1275 5178 1362 5245 νς⁰
1397 5181 1605 5253 βιϐλίου
1652 5182 1762 5237 τῶν
1804 5183 2027 5238 Βασιλι-

422 5262 556 5331 κῶν,
584 5265 728 5321 οὖτω
748 5268 926 5339 λέγον.
955 5273 1163 5343 Μηδεὶς
1190 5275 1477 5329 ἐπιδιδότω
1520 5276 1739 5349 δεήσεις
1768 5276 1855 5346 ἐφ’
1882 5270 1928 5346 ᾧ
1959 5295 2021 5332 τε

420 5356 794 5430 ἐπιτραπῆναι
819 5362 877 5416 ἐν
911 5362 1064 5428 ίδίοις
1108 5365 1299 5430 τόποις
1326 5367 1359 5439 ἢ
1386 5368 1446 5421 ἐν
1472 5367 1781 5440 ἀλλοτρίοις
1817 5369 2027 5442 ἀναζη-

417 5452 533 5503 τεῖν
559 5449 858 5525 θησαυρὸν,
890 5456 1033 5527 μήτε
1053 5457 1130 5522 ὡς
1153 5458 1333 5530 εὑρὼν
1357 5461 1521 5528 αὐτὸς
1548 5462 1849 5535 θησαυρὸν,
1885 5466 2027 5534 μήτε

423 5541 501 5606 ὡς
532 5543 721 5615 ἐτέρου
758 5546 904 5612 τινὸς
936 5550 1191 5623 εὑρόντος
1221 5552 1414 5607 διδότω
1438 5553 1679 5627 δεήσεις·
1712 5557 1761 5610 εἰ
1790 5556 1892 5627 μὲν
1916 5557 2027 5628 γὰρ

2138 4927 2267 4984 que,
2288 4919 2423 4975 etc.,
2451 4925 2616 4981 usque
2641 4908 2709 4962 ad
2738 4906 3081 4978 proﬂigatur,
3116 4910 3175 4957 ut
3201 4916 3325 4971 pag.
3352 4896 3483 4965 290,
3507 4897 3635 4952 291.

2208 5090 2506 5147 Scholium.
2562 5090 2754 5147 Const.
2814 5087 2866 5151 1,
2924 5086 3011 5140 tit.
3048 5084 3138 5150 15,
3189 5082 3286 5137 lib.
3344 5097 3401 5147 ι,
3462 5078 3587 5135 cod.
3657 5088 3745 5134 est

2133 5200 2256 5256 cap.
2287 5186 2375 5250 15,
2401 5186 2485 5237 tit.
2513 5185 2568 5247 7,
2602 5182 2697 5236 lib.
2738 5178 2907 5235 Basil.
2937 5192 3049 5240 LVI,
3088 5174 3237 5246 quod
3284 5172 3365 5228 sic
3409 5172 3489 5226 ait
3523 5188 3537 5225 :
3577 5170 3649 5225 Ut
3686 5170 3742 5224 in

2134 5279 2251 5333 Suis
2285 5285 2376 5331 aut
2406 5276 2605 5330 alienis
2638 5273 2777 5329 locis
2815 5273 3140 5327 thesaurum
3169 5278 3422 5337 quaerere
3450 5261 3741 5333 permitta-

2134 5382 2243 5435 tur,
2278 5386 2442 5425 neino
2468 5383 2661 5440 preces
2690 5366 2907 5422 oﬂ'erto.
2954 5362 3145 5433 Neque
3177 5368 3443 5430 tanquam
3486 5355 3622 5426 ipse,
3651 5352 3739 5407 vel

2133 5474 2396 5534 tanquam
2466 5463 2612 5517 alius
2670 5460 2949 5531 quispiam
3020 5456 3344 5512 thesaurum
3418 5446 3735 5509 invenerit,

2133 5551 2474 5627 [quisquam]
2514 5552 2847 5623 supplicatu.
2894 5546 3031 5603 Nam
3072 5547 3117 5602 si
3152 5544 3375 5616 quidem
3412 5542 3466 5595 in
3500 5538 3617 5595 suis
3648 5537 3735 5592 lo-

424 5633 484 5687 ἐν
518 5632 667 5699 ἰδίοις
690 5636 881 5703 τόποις
911 5655 997 5702 τις
1021 5642 1195 5712 χωρὶς
1224 5642 1408 5713 πάσης
1455 5648 1705 5716 μυσαρᾶς
1741 5645 1957 5712 θυσίας,
1990 5646 2024 5719 ἦ

2150 5649 2231 5714 πίε,
2264 5648 2380 5703 sive
2408 5647 2562 5701 nullo
2596 5645 2869 5702 scelerato
2900 5641 3178 5700 sacrilicin
3208 5646 3305 5693 aut
3333 5636 3438 5691 alia
3468 5632 3729 5704 quapiam

423 5726 592 5798 ἄλλης
660 5729 809 5794 τινὸς
853 5731 1054 5804 τέχνης
1108 5733 1298 5806 νόμοις
1352 5736 1827 5809 ἀπηγορευμένοις
1886 5737 2023 5811 εὕρῃ

2150 5749 2248 5794 irte
2284 5740 2498 5810 legibus
2546 5739 2711 5793 vetita
2744 5739 3067 5792 thesaurum
3104 5732 3179 5802 (id
3226 5739 3332 5792 est,
3379 5724 3632 5781 conditas
3662 5723 3733 5778 ab

426 5821 723 5893 θησαυρὸν,
740 5822 887 5877 τοῦτ’
916 5823 1032 5878 ἐστι
1052 5830 1313 5899 χρήματα
1337 5829 1672 5883 ἀποτεθέντα
1692 5833 1842 5902 παρά
1860 5850 2022 5885 τινων

425 5914 741 5987 ὴγνοήμενα
789 5917 869 5990 τῷ
931 5923 1128 5993 χρόνῳ,
1192 5922 1493 5995 κεχρῆσθαι
1554 5926 1666 5989 τοῖς
1720 5925 2023 6001 εὑρεθεῖσιν

2132 5833 2408 5902 aliquibus
2453 5832 2718 5900 pecunias
2754 5826 2967 5902 [longe]
3029 5836 3275 5893 tempore
3310 5818 3610 5889 ignoratus)
3646 5815 3733 5870 in-

2135 5923 2369 5994 venerit,
2407 5923 2642 5982 inventis
2685 5923 2855 5981 libcrc
2886 5921 3087 5979 fruitor
3118 5936 3131 5976 :
3167 5928 3345 5987 neque
3382 5911 3477 5972 ulli
3506 5908 3603 5969 Dei
3632 5909 3729 5966 bc-
