4146 6520
506 422 650 487 1115

1672 416 1939 479 ΡΠΟΤΙΙ
2002 416 2514 478 PATRIARCH/E
2553 417 2661 482 CP.

3766 413 3929 479 lifﬁ

510 537 775 593 neticium
838 536 905 589 ad
978 534 1131 588 illum
1194 531 1643 588 calumniantium
1722 542 2109 588 convertunto.

2223 532 2410 599 ἀδεῶς,
2450 533 2545 585 καὶ
2580 532 2657 603 μὴ
2681 530 2794 603 τὴν
2826 528 2922 584 τοῦ
2955 528 3095 585 Θεοῦ
3126 531 3474 605 φιλοτιμίαν
3510 531 3614 596 εἰς
3647 531 3765 603 τήν
3790 531 3923 589 κατ’

508 632 812 702 Postquam
864 645 995 684 vero
1049 628 1153 683 hoc
1204 628 1322 699 lege
1366 642 1698 683 concessum
1755 638 1859 693 est,
1916 641 2116 697 super-

507 724 683 779 ﬂuum
736 722 905 778 fuerit
945 722 1012 776 de
1064 736 1130 776 eo
1187 735 1378 790 preces
1436 719 1677 774 oﬂ‘erre:
1724 720 1928 790 quippe
1988 734 2114 773 cum

491 821 774 890 -princeps
835 816 1083 872 omnium
1153 829 1346 886 preces
1403 813 1751 885 praevcncrit.
1817 813 1876 868 ln
1938 814 2117 868 alieno

509 926 680 980 porro
715 910 858 974 luco,
915 924 1090 978 neque
1140 907 1315 961 invito
1354 921 1533 976 neque
1563 904 1731 977 [non].
1761 906 1977 961 volente
2022 914 2117 960 aut

512 1006 804 1073 ignorante
856 1002 1106 1066 domino,
1156 999 1450 1070 quisquam
1497 998 1819 1053 thesaurum
1869 1012 2116 1068 quaarere

512 1100 715 1153 audeto
750 1117 763 1153 :
792 1096 884 1152 sed
919 1096 1037 1151 sive
1063 1110 1253 1164 preces
1283 1092 1566 1158 obtulerit,
1610 1091 1727 1146 sive
1760 1106 1869 1145 non
1915 1090 2116 1145 oblatis

510 1192 768 1262 precibus
808 1198 999 1242 contra
1039 1188 1180 1241 hanc
1228 1186 1402 1256 legem
1449 1185 1503 1238 in
1561 1184 1742 1238 alieno
1789 1184 1910 1237 loco
1957 1198 2117 1238 scru-

517 1283 688 1336 tando
724 1280 1044 1334 thesaurum
1077 1276 1349 1331 invenerit
1379 1291 1393 1328 :
1433 1276 1652 1330 inventa
1697 1274 1763 1327 ad
1796 1273 1900 1329 loci
1932 1273 2115 1327 dami-

511 1390 646 1430 num
681 1374 988 1444 pertinento
1024 1388 1039 1426 :
1074 1370 1329 1425 inventor
1365 1376 1548 1423 autem
1599 1376 1863 1436 tanquam
1907 1365 2001 1436 qui
2040 1366 2119 1419 Ic-

511 1483 636 1539 gem
700 1463 1071 1528 tetneraverit,
1126 1463 1482 1518 vehementer
1542 1463 1788 1532 punitor.
1845 1458 2004 1527 Quod
2071 1458 2116 1513 si

509 1575 637 1615 cum
669 1573 847 1629 neque
884 1561 1410 1628 quaesisset,jneqne
1442 1569 1631 1623 preces
1663 1553 1979 1617 obtulisset,
2020 1551 2114 1607 sed

512 1654 646 1709 dum
686 1650 827 1708 forte
868 1660 1075 1716 araret,
1125 1649 1335 1704 aliasve
1366 1648 1603 1702 alienam
1646 1657 1849 1702 terram
1884 1646 2111 1706 coleret,

513 1763 626 1804 non
660 1744 1043 1818 perscrutandi
1075 1742 1263 1801 studio
1299 1743 1353 1796 in
1391 1743 1574 1797 alieno
1604 1741 1729 1795 loco
1761 1740 1961 1810 aliquis
1991 1738 2114 1792 the-

516 1852 748 1894 saurum
793 1835 1061 1906 repererit
1094 1852 1108 1889 :
1141 1834 1492 1889 inventorum
1542 1833 1833 1887 dimidium
1875 1831 1991 1900 ipse
2030 1830 2117 1884 lu—

2223 624 2391 680 αὺτοῦ
2421 626 2796 696 συκοφαντίαν
2840 626 3204 697 πρεπέτωσάν
3258 646 3450 693 τινες.
3502 628 3772 697 Ἐπειδὴ
3806 630 3923 681 τοί-

2220 737 2315 773 νυν
2364 718 2525 772 τοῦτο
2565 720 2717 790 νόμῳ
2754 721 3177 790 ἐπιτέτραπται,
3236 722 3334 775 καὶ
3403 721 3731 791 περιττόν
3794 722 3920 777 ἐστι

2219 810 2435 882 δεήσεις
2486 809 2786 863 ἐπιδιδόναι
2840 810 2971 880 περὶ
3022 810 3236 878 τούτου,
3294 812 3372 878 ὡς
3433 812 3560 867 τοῦ
3615 813 3921 884 βασιλέως

2218 904 2323 968 τὰς
2353 904 2572 957 πάντων
2612 904 2832 974 δεήσεις
2864 903 3293 974 προφθόινοντες.
3340 907 3453 959 Ἐν
3512 906 3840 977 ἀλλοτρίῳ
3863 907 3919 961 ἃ

2218 998 2371 1068 τόπῳ
2416 996 2553 1067 μηδὲ
2584 995 2830 1060 ἄκοντος,
2879 996 3014 1066 μήδε
3046 996 3379 1069 βουλομένου
3423 1000 3555 1054 τοῦ
3587 1002 3916 1065 δεσπότου,

2220 1094 2253 1165 ἢ
2286 1092 2612 1163 ἀγνοοῦντος
2639 1091 2897 1161 τολμάτω
2924 1109 3009 1155 τις
3040 1092 3332 1165 ἀναζητεῖν
3360 1096 3737 1167 θησαυρὸν,
3775 1096 3916 1152 ἀλλὰ

2224 1188 2333 1241 εἴτε
2383 1186 2567 1255 δέησιν
2624 1183 2994 1249 ἐπιδεδωκὼς,
3053 1187 3164 1240 εἴτε
3218 1189 3313 1242 καὶ
3368 1191 3586 1262 χωρὶς
3650 1190 3919 1261 δεήσεως

2219 1281 2521 1354 ἐρευνήσας
2560 1280 2714 1348 παρὰ
2765 1278 2954 1332 τοῦτον
2993 1280 3083 1332 τὸν
3116 1281 3280 1350 νόμον
3303 1282 3453 1356 εὖρῃ
3487 1301 3598 1347 τις
3627 1284 3697 1336 ἐν
3734 1284 3907 1339 ἀλλο-

2219 1374 2358 1445 τρίῳ
2391 1374 2542 1445 τόπῳ
2599 1372 2899 1445 θησαυρδν,
2964 1372 3273 1443 διαφερέτω
3324 1378 3437 1443 μὲν
3498 1378 3601 1446 τῷ
3651 1378 3915 1454 δεσπότῃ

2216 1465 2313 1520 τοῦ
2344 1466 2513 1519 τόπου
2538 1465 2610 1519 τὰ
2653 1463 2974 1534 εὑρεθέντα,
3002 1466 3030 1517 ό
3054 1464 3111 1519 δὲ
3144 1465 3326 1537 εὑρὼν
3350 1468 3437 1532 ὡς
3469 1469 3789 1544 παραϐὰς
3818 1472 3911 1527 τὸν

2219 1563 2386 1634 νόμον
2429 1561 2676 1633 σφοδρῶς
2712 1561 3089 1633 τιμωρείσθω.
3148 1563 3275 1617 Ἐὰν
3320 1564 3378 1619 δὲ
3410 1565 3567 1619 οὐδὲ
3610 1565 3907 1636 ζητήσας,

2217 1659 2339 1713 οὐδὲ
2369 1659 2583 1728 δεήσεις
2611 1656 2977 1721 ἐπιδεδωκὼς,
3012 1657 3149 1711 ἀλλὰ
3179 1660 3238 1711 ὲν
3258 1659 3336 1729 τῷ
3367 1660 3574 1729 τυχὸν
3612 1661 3907 1732 ἀροτριᾷν

2215 1751 2316 1821 τὴν
2352 1750 2457 1819 γῆν
2507 1750 2538 1819 ἢ
2588 1748 2764 1811 ἄλλως
2806 1747 2923 1811 πῶς
2964 1748 3231 1821 γεωργῶν
3264 1748 3360 1819 τὴν
3402 1750 3764 1821 ἀλλοτρίαν
3797 1752 3904 1821 γῆν

2222 1846 2283 1899 οὐ
2312 1843 2455 1898 κατὰ
2482 1843 2721 1915 σπουδὴν
2753 1843 2993 1914 ἐρευνῶν
3026 1844 3164 1917 εὕρῃ
3190 1862 3274 1909 τις
3298 1846 3355 1895 ὲν
3381 1844 3715 1916 ἀλλοτρίῳ
3742 1845 3899 1917 τόπῳ

517 1938 728 1993 crator,
782 1928 1014 1982 alterum
1066 1940 1199 1980 vero
1259 1924 1363 1979 loci
1417 1924 1643 1979 domino
1698 1923 1848 1977 dato.
1890 1922 2117 1987 Quaeras

2227 1939 2525 2009 θησαυρὸν,
2560 1938 2622 1990 τὸ
2658 1936 2757 2007 μὲν
2792 1937 2966 2008 ἥμισυ
2997 1937 3107 1990 τῶν
3134 1937 3491 2008 εὑρεθέντων
3533 1938 3732 2001 αὐτος
3762 1955 3899 2007 κερ-

516 2018 683 2073 etiam
712 2017 809 2071 lib.
841 2015 1010 2072 Basil.
1043 2032 1135 2081 xv,
1170 2017 1254 2070 tit.
1296 2016 1348 2080 1,
1382 2030 1505 2084 cap.
1534 2014 1625 2080 67,
1652 2022 1832 2069 const.
1868 2013 1920 2079 1,
1952 2014 2034 2067 tit.
2064 2014 2119 2079 7,

516 2111 613 2166 lib.
646 2126 662 2165 ι
729 2109 855 2164 cod.
886 2118 971 2164 est
1002 2124 1123 2179 cap.
1155 2108 1249 2175 25,
1284 2108 1368 2162 tit.
1398 2107 1488 2173 54,
1521 2107 1617 2162 lib.
1661 2106 1829 2161 Basil.
1863 2106 2118 2177 1.x,quod

515 2218 778 2274 expresse
809 2202 995 2265 habet,
1026 2210 1088 2256 ιιι
1112 2202 1380 2271 scriptum
1413 2207 1519 2255 est.
1552 2200 1745 2255 Const.
1794 2201 1829 2254 2
1868 2200 2113 2270 ejusdem

516 2297 603 2350 tit.
639 2304 693 2350 et
726 2294 819 2349 lib.
866 2303 950 2349 est
979 2308 1100 2363 cap.
1148 2294 1243 2354 24.
1276 2293 1522 2363 ejusdem
1561 2295 1644 2347 tit.
1676 2302 1728 2347 et
1774 2292 1867 2346 lib.
1910 2293 2102 2356 Basil.,

517 2389 665 2457 quod
702 2388 785 2443 sic
838 2387 1025 2452 habet,
1068 2396 1127 2442 ut
1174 2386 1229 2441 in
1264 2386 1591 2456 compendio
1620 2386 1961 2456 propositum
2009 2395 2115 2440 est.

515 2482 706 2536 Const.
732 2481 766 2535 ὅ
824 2490 910 2536 est
937 2496 1059 2552 cap.
1086 2480 1177 2548 25,
1206 2480 1350 2550 quod
1374 2480 1458 2535 sic
1480 2479 1643 2535 habet
1668 2497 1681 2534 :
1711 2479 1818 2547 Qui
1860 2488 2115 2536 sanctum

516 2574 789 2643 baptisma
819 2572 1024 2643 prodit,
1058 2571 1438 2628 testimonium
1473 2586 1581 2627 non
1625 2572 1781 2635 dicit,
1819 2586 1999 2642 neque
2034 2582 2117 2625 te-

513 2679 849 2724 stamentum
898 2667 1053 2736 facit,
1103 2683 1282 2739 neque
1317 2668 1414 2723 ulli
1460 2668 1518 2722 in
1570 2666 1889 2721 haereditate
1930 2680 2120 2720 succe—

516 2763 617 2818 dit.
649 2762 914 2834 Apostata
944 2764 1091 2818 enim
1125 2763 1381 2818 habetur.
1420 2760 1811 2816 Animadverte
1842 2758 2029 2830 igitur,
2060 2758 2116 2813 id

516 2856 664 2926 quod
722 2857 775 2911 in
822 2866 972 2911 textu
1024 2856 1264 2926 positum
1314 2863 1418 2917 est,
1463 2870 1532 2909 ne
1581 2851 1880 2926 [videlicet]
1930 2851 2119 2907 istius-

516 2948 667 3003 modi
720 2963 848 3003 cum
910 2946 1229 3003 hominibus
1279 2954 1709 3011 conversentur,
1766 2952 1845 3008 et,
1898 2956 1963 2997 ne
2014 2942 2117 3012 ipsi

513 3042 851 3113 poenitentiae
894 3049 1110 3112 tempus
1147 3040 1429 3104 habeant,
1461 3054 1571 3093 non
1606 3053 1729 3093 esse
1756 3036 2002 3093 additum
2055 3036 2112 3090 in

514 3135 708 3204 Basil.,
731 3136 826 3193 sed
883 3145 1148 3207 tanquam
1202 3136 1270 3190 ab
1311 3133 1654 3190 humanitate
1702 3131 1968 3195 alienum,
2015 3146 2116 3186 ex—

2225 2033 2479 2094 δαινέτω.
2513 2031 2573 2085 τὸ
2599 2032 2655 2085 δὲ
2692 2032 2865 2103 ἥμισυ
2896 2031 3089 2085 διδότω
3114 2029 3193 2101 τῷ
3226 2032 3482 2104 δεσπότῃ
3523 2031 3644 2085 τοῦ
3689 2032 3890 2085 τόπον.

2228 2127 2390 2197 Ζήτει
2414 2125 2509 2177 καὶ
2543 2122 2746 2193 βιϐλίον
2776 2121 2886 2175 τῶν
2909 2121 3213 2175 Βασιλικῶν
3252 2130 3338 2187 ιε’,
3366 2124 3482 2179 τίτ.
3521 2130 3605 2189 α’,
3644 2141 3788 2191 κεερ.
3826 2121 3891 2190 ξ’,

2226 2220 2261 2289 ἡ
2294 2217 2339 2271 α’
2373 2217 2513 2270 διάτ.
2568 2214 2661 2269 τοῦ
2699 2214 2742 2280 ζ’
2774 2215 2881 2268 τίτ.
2933 2215 3026 2269 τοῦ
3067 2214 3114 2268 α’
3169 2215 3379 2285 βιϐλίου
3434 2216 3553 2270 τοῦ
3614 2216 3885 2279 κὼδικος,

2222 2307 2340 2361 ἔστι
2391 2324 2518 2374 κεφ.
2573 2302 2658 2372 κγ’
2695 2303 2788 2356 τοῦ
2818 2303 2890 2357 νδ⁴
2924 2304 3032 2358 τίτ.
3069 2304 3161 2358 τοῦ
3195 2304 3236 2373 ξ’
3272 2306 3498 2377 βιϐλίου
3539 2306 3670 2360 τῶν
3715 2307 3887 2360 Βασι-

2224 2396 2397 2451 λικῶν
2447 2395 2621 2458 οὕτως
2659 2393 2781 2465 ἔχον
2852 2394 3055 2465 ῥητῶς,
3115 2394 3191 2459 ὡς
3231 2397 3481 2466 ἐγράφη.
3538 2398 3615 2449 Ἠ
3651 2395 3704 2468 β’
3735 2396 3879 2451 διάτ.

2223 2490 2320 2546 τοῦ
2350 2488 2518 2545 αὐτοῦ
2550 2491 2653 2542 τίτ.
2704 2487 2795 2541 καὶ⁵
2834 2486 3039 2558 βιϐλίου
3098 2488 3216 2542 ἔστι
3248 2506 3375 2558 κεφ.
3424 2490 3516 2543 κδ’
3562 2490 3671 2543 τοῦ
3702 2487 3875 2543 αὐτοῦ

2221 2583 2327 2637 τίτ.
2356 2582 2452 2636 καὶ
2491 2579 2699 2653 βιϐλίου
2736 2578 2847 2630 τῶν
2872 2578 3203 2645 Βασιλικῶν,
3229 2579 3403 2643 οὕτως
3436 2580 3583 2651 ἕχον
3621 2579 3710 2643 ὡς
3743 2596 3874 2632 συν-

2223 2675 2461 2747 ωψίσθη.
2501 2674 2567 2728 Ἦ
2622 2672 2670 2743 γ’
2702 2675 2844 2730 διάτ.
2893 2672 3009 2726 ἐστι
3058 2690 3186 2743 κεφ.
3222 2672 3300 2727 κε’
3340 2673 3539 2737 οὕτως
3581 2674 3761 2743 ἔχονο
3809 2671 3865 2724 '0

2225 2769 2514 2842 προδιδοὺς
2577 2768 2639 2821 τὸ
2698 2768 2854 2835 ἅγιον
2921 2766 3207 2836 βάπτισμα
3260 2767 3325 2821 οὐ
3378 2768 3709 2840 μαρτυρεῖ,
3747 2763 3862 2818 οὔτι

2222 2862 2544 2924 διατίθεται,
2578 2858 2706 2914 οὕτε
2747 2859 2909 2914 ἄλλον
2953 2858 3286 2929 διαδέχεται,
3345 2860 3699 2929 ἀποστάτης
3749 2856 3856 2927 γὰρ

2224 2959 2444 3011 νοεῖται.
2481 2955 2727 3026 Πρόσχες
2767 2948 2862 3007 οὖν
2900 2952 2983 3006 ὅτι
3018 2952 3080 3006 τὸ
3112 2952 3363 3024 κείμενον
3416 2953 3482 3007 ὲν
3520 2951 3613 3018 τῷ
3656 2950 3855 3005 πλάτει

2224 3050 2353 3120 περὶ
2392 3046 2487 3102 τοῦ
2533 3047 2608 3119 μὴ
2650 3047 3189 3117 συναναστρέφεσθαι
3230 3046 3359 3110 τοὺς
3390 3045 3720 3108 τοιούτους,
3758 3045 3851 3097 καὶ

2226 3141 2488 3214 περὶτοῦ
2540 3140 2616 3212 μὴ
2676 3140 2826 3212 ἔχειν
2872 3140 3072 3203 αὐτοὺς
3126 3140 3320 3210 καιρὸν
3371 3139 3725 3210 μετανοίας,
3790 3137 3849 3189 οὐ

511 3230 757 3301 pulsum.
783 3230 975 3300 Itaque
1007 3238 1233 3301 propter
1260 3230 1379 3285 haec
1411 3230 1580 3285 etiam
1613 3227 1783 3283 Basil.
1815 3226 2118 3282 architecto

2224 3236 2529 3308 προσετέθη
2558 3238 2616 3289 ὲν
2647 3238 2759 3297 τοῖς
2788 3234 3118 3298 Βασιλικοῖς,
3143 3231 3258 3286 ἀλλ’
3293 3230 3535 3302 ἐδιώχθη
3569 3231 3653 3294 ὡς
3691 3228 3844 3295 ἀφιλ-

512 3334 645 3379 sunt
675 3326 898 3395 agendae
926 3324 1137 3396 gratiae.
1169 3322 1395 3380 Novella
1421 3322 1725 3379 Justiniani
1758 3322 1853 3388 ‘57,
1886 3336 2009 3391 qua:
2042 3319 2112 3374 de

513 3418 777 3475 Ecclesiis
805 3416 1078 3474 Africanis
1114 3417 1385 3491 [tractat],
1427 3433 1538 3472 non
1578 3425 1664 3472 est
1702 3419 1909 3471 inserta
1942 3415 2115 3469 Basil.

515 3513 707 3570 Const.
742 3514 776 3567 4
812 3513 1100 3568 memorati
1135 3513 1166 3565 7
1239 3513 1321 3568 tit.
1359 3511 1454 3566 lib.
1492 3527 1510 3566 ι
1558 3510 1683 3566 cod.
1727 3520 1813 3567 est
1853 3526 1978 3580 cap.
2022 3508 2117 3575 26,

514 3605 644 3661 dicti
677 3606 747 3661 54
774 3607 859 3661 tit.
922 3607 1015 3660 lib.
1045 3622 1136 3672 ιχ,
1164 3605 1311 3675 quod
1341 3605 1421 3659 sic
1450 3604 1637 3667 habet,
1673 3612 1731 3658 ut
1762 3604 1815 3657 in
1847 3617 2117 3672 compen-

511 3697 606 3752 dio
637 3698 982 3769 prepositum
1019 3707 1119 3754 est.
1151 3697 1342 3752 Const.
1374 3696 1408 3750 5
1454 3706 1539 3751 est
1565 3711 1689 3765 cap.
1716 3694 1788 3749 27
1867 3693 2117 3764 ejusdem

516 3791 602 3845 tit.
676 3798 731 3845 et
779 3790 875 3845 lib.
931 3791 1077 3860 quod
1150 3790 1339 3845 eadem
1397 3797 1664 3845 recenset.
1707 3787 1900 3843 Const.
1953 3785 1986 3843 6
2036 3794 2123 3842 est

524 3897 649 3955 cap.
679 3881 750 3939 28
801 3882 950 3939 illius
983 3883 1064 3939 tit.
1094 3883 1242 3955 quod
1273 3882 1530 3939 similiter
1555 3882 1731 3954 jubet.

591 4167 810 4223 Textus.
855 4166 977 4223 Lib.
1018 4183 1037 4224 ι
1097 4167 1181 4224 tit.
1227 4167 1294 4233 9,
1338 4174 1516 4222 const.
1556 4164 1623 4222 l8
1656 4164 1940 4234 :Judaeus,
1986 4174 2119 4233 etc.,

518 4277 680 4334 usque
707 4263 777 4316 ad
809 4262 1163 4318 cantharidas
1211 4262 1440 4329 dederit,
1471 4269 1532 4314 ut
1584 4276 1710 4331 pag.
1739 4260 1870 4315 767.

589 4444 1189 4501 Scholium.Const.l8
1240 4444 1545 4501 tit.91ih.t
1589 4444 1711 4499 cod.
1762 4453 1846 4500 est
1910 4459 2030 4515 cap.
2055 4444 2118 4498 M

516 4538 603 4595 tit.
642 4540 666 4594 ‘l
733 4538 832 4594 lib.
873 4556 888 4594 I
931 4537 1101 4595 Basil.
1163 4540 1308 4610 quod
1358 4540 1551 4604 habet,
1590 4547 1648 4593 ut
1699 4539 1751 4593 in
1796 4540 2125 4607 compendio

2224 3328 2670 3400 ανθρωπότερον,
2736 3325 3094 3397 εὐχαριστέον
3142 3320 3236 3378 οὖν
3282 3323 3363 3394 τῷ
3403 3323 3744 3395 συνθεμένῳ
3781 3320 3844 3373 τὰ

2225 3421 2515 3485 Βασιλικὰ,
2561 3421 2653 3474 καὶ
2689 3418 2777 3473 διὰ
2810 3420 2993 3484 τοῦτο,
3022 3420 3055 3489 ή
3082 3416 3159 3482 λζ’
3201 3418 3649 3479 ’1ουστινιάνειος
3674 3415 3837 3485 νεαρὰ

2226 3516 2428 3590 ήπερὶ
2485 3513 2595 3567 τῶν
2638 3513 2979 3582 Ἐκκλησιῶν
3018 3512 3291 3582 Ἀφρικῆς
3348 3512 3409 3565 οὐ
3464 3508 3836 3581 κατεστρώθη

2228 3614 2310 3675 εἰς
2336 3610 2403 3663 τὰ
2438 3607 2724 3662 Βασιλικά.
2763 3606 2827 3660 Ἥ
2847 3605 2888 3659 δ’
2917 3607 3059 3660 διάτ.
3092 3605 3188 3659 τοῦ
3220 3605 3622 3675 διαληφθέντος
3658 3602 3702 3667 ζ’
3732 3602 3830 3655 τίτ.

2228 3701 2322 3755 τοῦ
2357 3698 2404 3755 α’
2439 3699 2648 3772 βιϐλίου
2694 3698 2789 3752 τοῦ
2848 3698 3107 3761 κώδικος,
3135 3696 3252 3751 ἐστι
3313 3715 3439 3767 κεφ.
3474 3695 3578 3763 κς¹
3604 3695 3703 3750 τοῦ
3744 3696 3835 3765 ῥη-

2229 3794 2416 3859 θέντος
2452 3792 2525 3848 νδ⁹
2560 3794 2666 3848 τίτ.
2700 3792 2797 3846 τοῦ
2833 3790 2875 3859 ξ’
2914 3790 3125 3862 βιϐλίου
3165 3791 3340 3857 οὕτως
3393 3791 3520 3864 ἔχον
3579 3792 3659 3855 ὡς
3709 3806 3829 3843 συν-

2227 3888 2465 3958 ωψίσθη.
2514 3888 2579 3941 Ἦ
2607 3885 2646 3940 ε’
2699 3887 2841 3941 διάτ.
2875 3885 2992 3939 ἔστι
3040 3902 3168 3953 κεφ.
3223 3884 3307 3951 κζ’
3360 3884 3457 3939 τοῦ
3510 3884 3684 3939 αὑτοῦ
3730 3882 3827 3935 τίτ.

2151 4040 2158 4047 ,
2225 3981 2322 4035 καὶ
2372 3978 2580 4051 βιϐλίου
2624 3979 2693 4033 τὰ
2745 3979 2887 4033 αὐτὰ
2930 3978 3149 4044 διεξιὸν,
3196 3979 3289 4032 καὶ
3348 3976 3470 4048 ής⁹
3504 3978 3654 4033 διάτ.
3711 3973 3822 4026 ἔστι

2230 4090 2359 4144 κεφ.
2379 4071 2467 4144 κη’
2500 4072 2597 4126 τοῦ
2630 4072 2876 4127 τοιούτου
2915 4074 3021 4129 τίτ.
3048 4073 3253 4144 ὁμοίως
3287 4072 3816 4145 παρακελευόμενον.

2302 4167 2610 4236 Κείμενον.
2643 4165 2858 4219 Βιϐλίον
2891 4172 2962 4234 α’,
2989 4167 3096 4221 τίτ.
3128 4163 3195 4229 θ’,
3238 4167 3377 4220 διάτ.
3415 4164 3508 4238 ιη’,
3548 4164 3811 4223 Ἰουδαῖος,

2229 4278 2286 4316 κ.
2325 4277 2377 4316 τ.
2427 4260 2516 4328 λ.,
2566 4276 2741 4330 usque
2791 4259 2860 4315 ad
2904 4258 2938 4332 ἢ
2997 4259 3418 4333 μανδραγόραν,
3472 4258 3505 4331 ἢ
3570 4252 3819 4326 κανθαρί-

2231 4351 2349 4406 δας.

2300 4369 2591 4517 ἒχόλιον.
2642 4443 2705 4497 Ἢ
2740 4442 2807 4515 ιη’
2830 4443 2970 4499 διάτ.
3004 4440 3098 4496 τοῦ
3123 4441 3169 4496 α’
3200 4441 3409 4514 βιϐλίου
3453 4443 3548 4496 τοῦ
3578 4440 3815 4501 κώδικος,

2231 4538 2347 4592 ἔστι
2373 4556 2497 4605 κεφ.
2537 4535 2625 4607 μα’
2652 4537 2747 4591 τοῦ
2794 4536 2841 4591 α’
2879 4537 2982 4595 τίτ.
3009 4536 3105 4591 τοῦ
3139 4536 3187 4592 α’
3238 4536 3443 4607 βιϐλίου
3486 4535 3661 4597 οὕτως
3700 4534 3809 4602 ἕχον

518 4629 861 4697 propositum
897 4639 981 4683 est
1014 4647 1028 4682 :
1064 4638 1334 4699 excepto.
1367 4630 1513 4697 quod
1548 4627 1771 4685 Iudaeus
1808 4630 2115 4699 capitaliter

2223 4631 2298 4694 ὡς
2338 4629 2681 4700 συνωψίσθη,
2717 4629 2846 4684 ἄνευ
2878 4626 2973 4681 τοῦ
3020 4626 3331 4697 κεφαλικῶς
3354 4626 3713 4698 τιμωρεῖσθαι
3732 4620 3812 4672 τὸν

518 4722 803 4791 puniatur.
850 4722 903 4775 id
959 4737 1199 4792 namque
1246 4723 1298 4776 in
1350 4722 1522 4778 Basil.
1568 4738 1674 4777 non
1724 4732 1810 4778 est
1852 4723 2123 4793 positum.

523 4815 728 4885 Digest.
760 4817 823 4881 7,
860 4817 941 4871 tit.
977 4816 1045 4879 2,
1082 4817 1177 4871 lib.
1214 4833 1303 4880 Ix,
1332 4818 1445 4889 dig.
1483 4826 1565 4871 est
1613 4817 1796 4872 thema
1834 4817 1902 4882 7,
1941 4818 2022 4874 tit.
2061 4818 2124 4881 5,

520 4906 615 4961 lib.
646 4924 735 4969 ιχ,
768 4908 915 4978 quod
950 4910 1025 4963 ait
1061 4927 1074 4963 :
1104 4908 1209 4976 Qui
1241 4925 1351 4965 non
1383 4910 1607 4975 occidit,
1642 4909 1735 4965 sed
1771 4911 1967 4964 mortis
1999 4925 2130 4964 can-

524 5012 641 5052 sam
672 4997 927 5068 praestitit
951 4998 1127 5070 (puta,
1150 5000 1245 5069 qui
1278 5016 1545 5055 venenum
1577 5016 1675 5070 pro
1702 5001 2125 5065 medicamento,

523 5101 619 5146 aut
650 5091 890 5162 gladium
922 5091 1127 5147 furenti
1159 5092 1331 5165 dedit)
1370 5095 1424 5147 in
1463 5093 1669 5149 factum
1696 5135 1712 5162 ,
1744 5110 1856 5148 non
1894 5093 2129 5167 [autem)

520 5184 638 5255 lege
671 5186 888 5256 Aquilia
926 5195 1141 5241 tenetur
1172 5188 1371 5259 digest.
1402 5187 1471 5251 8,
1503 5197 1588 5243 est
1622 5188 1654 5239 8
1726 5203 1848 5258 cap.
1882 5188 2129 5259 ejusdem

520 5280 605 5335 tit.
638 5290 691 5336 et
728 5281 823 5337 lib.
859 5279 1125 5337 Similiter
1167 5284 1328 5338 etiam
1376 5283 1410 5340 9
1476 5284 1586 5354 dig.
1619 5283 1684 5348 4,
1717 5284 1802 5339 tit.
1835 5284 1903 5350 2,
1934 5283 2032 5338 lib.
2062 5300 2129 5350 ι,

519 5373 632 5445 dig.
664 5381 749 5430 est
783 5373 967 5429 thema
997 5374 1051 5439 2,
1085 5390 1206 5446 cap.
1236 5375 1300 5439 4,
1333 5375 1415 5431 tit.
1446 5378 1481 5432 5
1565 5377 1658 5432 lib.
1693 5392 1833 5438 XL",
1870 5376 2015 5447 quod
2050 5376 2133 5433 sic

524 5468 687 5523 habet
715 5486 728 5523 :
764 5466 1021 5539 Exceptis
1051 5469 1366 5525 nominibus
1398 5470 1622 5540 reliquae
1653 5486 1740 5525 res
1772 5469 2131 5525 deducuntur

525 5559 579 5611 in
612 5557 885 5627 judicium
928 5558 1151 5614 fatnilim
1186 5559 1549 5615 erciscundte.
1579 5559 1718 5615 Mala
1754 5560 1919 5615 etiam
1954 5560 2133 5615 medi-

521 5658 804 5716 camenta,
837 5658 891 5704 et
934 5651 1132 5721 magici
1183 5651 1504 5721 similesque
1552 5651 1675 5706 libri
1728 5669 1741 5707 :
1796 5652 1892 5707 scd
1927 5652 2134 5723 judicis

524 5739 765 5795 ollicium
801 5750 914 5805 est,
945 5751 1006 5797 ut
1036 5743 1152 5799 haec
1184 5744 1440 5814 protinus
1471 5753 1811 5818 corrumpat.
1839 5744 1961 5801 Non
1992 5746 2134 5802 divi-

524 5832 732 5888 duntur
764 5844 948 5890 autem
968 5874 984 5901 ,
1016 5852 1139 5905 quae
1173 5852 1242 5893 ex
1274 5837 1565 5908 sacrilegio
1594 5838 1677 5893 vel
1701 5838 1952 5909 peculatu
1984 5855 2136 5911 quat-

527 5925 633 5982 sita
680 5935 840 5997 sunt,
891 5928 977 5987 vel
1023 5930 1110 6001 vi,
1165 5940 1260 5988 aut
1312 5946 1662 6007 aggressum.
1712 5931 2135 5995 Animadvertas

2242 4722 2518 4777 Ἰουδαῖον.
2552 4722 2725 4776 Τοῦτο
2751 4722 2865 4794 γὰρ
2907 4722 3006 4774 οὐκ
3036 4721 3194 4789 ἐτέθη
3225 4724 3306 4785 εἰς
3346 4722 3412 4774 τὰ
3445 4717 3721 4774 Βασιλικά.
3748 4710 3809 4763 Τὸ

2231 4810 2448 4878 ζ’διάτ.
2504 4812 2599 4868 τοῦ
2655 4814 2699 4885 β’
2727 4813 2835 4867 τίτ.
2892 4811 2989 4865 τοῦ
3022 4810 3066 4865 θ’
3098 4811 3306 4883 βιϐλίου
3360 4812 3469 4865 τῶν
3520 4810 3657 4864 διάτ.
3710 4805 3809 4857 ἔστι

2232 4906 2377 4978 θέμα
2406 4904 2449 4972 ζ’
2488 4906 2582 4961 τοῦ
2624 4905 2672 4976 γ’
2706 4908 2813 4962 τίτ.
2856 4906 2950 4960 τοῦ
2984 4904 3024 4971 ξ’
3057 4904 3288 4977 βιϐλίου,
3322 4903 3501 4973 λέγονο
3538 4904 3597 4956 '0
3622 4899 3690 4972 μὴ
3725 4910 3805 4963 φ⁰’

2232 5001 2453 5068 νεύσας,
2489 5000 2625 5054 ἀλλὰ
2653 5000 2833 5055 αἰτίαν
2860 5000 3093 5054 θανάτου
3114 4999 3365 5063 δεδωκὼς
3390 5000 3456 5069 τῇ
3488 4992 3801 5067 ίμφακτοὺμ,

2232 5093 2293 5147 οὐ
2319 5092 2398 5164 τῷ
2436 5091 2726 5161 Ἀκουιλίῳ
2760 5093 3069 5158 ὑπόκειται,
3098 5092 3173 5156 ὡς
3204 5094 3233 5145 ὁ
3261 5090 3508 5154 δεδωκὼς
3540 5089 3800 5159 φάρμακον

2234 5187 2359 5241 ἀντὶ⁸
2416 5187 2680 5258 ἰατρείας,
2716 5187 2750 5259 ἢ
2781 5187 2936 5256 ξίφος
2984 5187 3046 5241 τὸ
3105 5186 3439 5258 μαινομένῳ.
3499 5184 3573 5239 Τὸ
3607 5180 3651 5253 η’
3679 5177 3797 5232 διάτ.

2234 5282 2351 5336 ἐστι
2403 5279 2453 5350 η’
2484 5298 2611 5350 κενρ.
2655 5280 2748 5334 τοῦ
2778 5280 2946 5335 αὐτοῦ
3003 5280 3110 5334 τίτ.
3142 5280 3237 5333 καὶ
3297 5277 3527 5350 βιϐλίου,
3570 5270 3799 5331 ὡσαύτως

2236 5378 2332 5431 καὶ
2364 5376 2425 5431 τὸ
2456 5374 2524 5441 θ’,
2556 5375 2616 5429 τὸ
2646 5374 2687 5428 δ’
2738 5374 2879 5430 διάτ.
2920 5372 3017 5427 τοῦ
3131 5373 3236 5426 τίτ.
3293 5371 3387 5427 τοῦ
3422 5370 3451 5425 ι’
3484 5370 3679 5442 βιϐλίου
3706 5359 3795 5414 τῶν

2235 5468 2379 5524 διάτ.
2435 5469 2553 5522 ἔστι
2609 5468 2752 5539 θέμα
2802 5465 2846 5540 β’
2892 5467 2989 5521 τοῦ
3042 5464 3231 5535 δ’κεφ.
3266 5466 3360 5519 τοῦ
3398 5464 3445 5536 γ’
3468 5466 3577 5521 τίτ.
3608 5457 3689 5515 τοῦ
3721 5449 3793 5525 μεθ’

2238 5563 2447 5635 βιϐλίου
2464 5561 2638 5627 οὕτως
2662 5562 2803 5633 ἔχον·
2825 5561 3026 5635 Ἐξῃρη
3036 5561 3211 5632 μένων
3237 5561 3345 5613 τῶν
3366 5559 3544 5630 χρεῶν
3572 5558 3633 5613 τὰ
3659 5545 3791 5606 λοιπὰ

2238 5655 2546 5726 πράγματα
2584 5655 2917 5725 κατάγονται
2968 5655 3050 5717 εἰς
3097 5653 3158 5707 τὸ
3217 5652 3463 5723 διαιροῦν
3498 5656 3562 5723 τῇ
3594 5640 3788 5721 φαμιλίᾳ

2235 5746 2328 5802 τὸν
2360 5746 2564 5817 κλῆρον
2594 5746 2970 5819 δικαστήριον,
3002 5744 3097 5799 καὶ
3123 5742 3193 5798 τὰ
3232 5744 3381 5798 κακὰ
3408 5743 3682 5813 φάρμακα,
3712 5728 3785 5787 καὶ

2236 5839 2306 5894 τὰ
2339 5837 2552 5912 μαγικὰ
2586 5839 2768 5911 βιϐλία
2798 5839 2893 5893 καὶ
2940 5839 3009 5893 τὰ
3049 5838 3235 5909 ὃμοια,
3266 5836 3405 5891 ἀλλὰ
3431 5834 3669 5907 ὁςρφίκιόν
3694 5832 3781 5882 ἐστι

2236 5934 2331 5990 τοῦ
2368 5932 2626 5990 δικαστοῦ
2681 5932 3036 6009 παραχρῆμα
3064 5931 3133 5987 τὰ
3166 5930 3392 5987 τοιαῦτα
3446 5930 3685 6003 φθείρειν.
3723 5919 3777 5974 0‘3
