4146 6530
424 448 564 514 1117

1385 446 1884 508 NOMOCANON.
1926 475 1995 484 —
2023 447 2174 508 TIT.
2215 445 2322 522 Ix,
2361 446 2522 507 CAP.
2554 445 2768 508 XXVI.

3597 441 3733 507 1118

418 566 621 637 διαιρεί
666 563 721 616 δὲ
768 561 838 615 τὰ
874 561 982 614 ἀπὸ
1021 557 1330 628 ἱεροσυλίας
1377 557 1677 629 κτηθέντα,
1714 558 1746 628 ἢ
1791 557 1862 610 τά
1904 559 1999 610 dm!

2121 559 2305 630 igitur,
2343 560 2488 628 quod
2534 559 2586 612 in
2620 558 2734 628 Dig.
2771 558 3037 627 scriptum
3082 558 3185 624 sit,
3245 573 3311 612 ne
3354 559 3549 630 magici
3599 561 3724 616 libri

417 657 594 724 δήμου
631 653 935 712 κλαπέντα,
968 650 1002 721 ἢ
1038 650 1253 719 ἐφόδου.
1293 647 1538 718 Πρόσχες
1591 646 1772 700 τοίνυν
1827 649 1912 701 ὅτι
1961 647 2020 699 ἐν

424 749 526 820 μὲν
567 749 682 809 τοῖς
731 745 998 813 διγέστοις
1051 743 1364 812 γέγραπται
1423 739 1498 811 μὴ
1558 740 1895 810 διαιρεῖσθαι
1951 740 2020 794 τὰ

424 837 642 912 μαγικὰ
671 836 871 908 βιϐλία,
909 838 1005 890 καὶ
1035 834 1104 887 τὰ
1136 833 1278 886 κατά
1302 833 1595 904 φάρμακα.
1629 832 1686 886 Ὀ
1709 832 1765 885 δέ
1806 831 2018 902 βασιλι-

420 933 518 998 κὸς
559 933 708 998 λέγει
755 928 1089 1001 διαιρεῖσθαι
1141 927 1338 994 ταῦτα,
1385 926 1483 981 καὶ
1528 926 1648 978 ἔστι
1688 925 1828 979 κατὰ
1880 925 2017 978 πολὺ

418 1023 818 1095 ἀκριϐέστερον
858 1020 920 1073 τὸ
962 1018 1058 1072 τοῦ
1103 1017 1420 1080 Βασιλιικοῦ,
1451 1018 1546 1071 καὶ
1578 1015 1752 1073 ταῦτα
1792 1015 1902 1086 γὰρ
1943 1015 2019 1080 ὡς

417 1117 689 1178 δεσπότας
727 1113 1015 1185 γινόμενα,
1068 1111 1249 1173 καλῶς
1293 1109 1652 1183 διαιροῦνται.
1707 1110 1928 1179 Ἐτέρου
1959 1109 2018 1163 δὲ

417 1210 578 1278 λόγου
613 1210 733 1262 ἐστὶ
777 1207 838 1261 τὸ
877 1206 1134 1260 καίεσθαι
1164 1205 1304 1258 αὐτὰ
1345 1205 1590 1274 ὀφιρικίῳ
1616 1204 1711 1257 τοῦ
1758 1201 2017 1256 δικαστοῦ

416 1303 504 1356 διὰ
537 1301 606 1355 τὰ
632 1302 694 1353 τὸ
720 1301 794 1372 μή
829 1317 980 1362 τινας
1021 1302 1084 1352 ἐκ
1108 1297 1314 1351 τούτων
1345 1297 1632 1368 βλαϐῆναι.
1669 1296 1742 1349 Τὸ
1769 1294 1841 1349 λε’
1871 1296 2015 1354 διάτ.

413 1396 506 1449 τοῦ
539 1394 585 1449 α’
612 1396 720 1450 τίτ.
751 1395 845 1448 τοῦ
871 1393 939 1465 ιη’
979 1393 1194 1464 βιϐλίου
1212 1394 1322 1448 τῶν
1350 1393 1494 1446 διατ.
1522 1391 1638 1444 ἐστι
1670 1391 1814 1461 θέμα
1847 1389 1898 1460 γ’
1921 1389 2014 1444 τοῦ

413 1485 488 1538 λε’
525 1503 649 1555 κεφ.
701 1485 802 1538 τσῦ
847 1482 894 1538 α’
929 1485 1038 1538 τίτ.
1072 1483 1168 1536 τοῦ
1209 1481 1273 1538 ιθ¹
1307 1481 1516 1554 βιϐλίου
1551 1483 1663 1537 τῶν
1700 1481 2016 1536 Βασιλικῶν

409 1580 615 1649 ὁμοίως
645 1579 788 1650 ἕχον.
825 1579 899 1632 Τὸ
933 1575 993 1631 ιε’
1026 1576 1169 1631 διάτ.
1215 1577 1312 1630 τοῦ
1341 1575 1378 1631 ι’
1409 1576 1514 1632 τίτ.
1556 1575 1652 1630 τοῦ
1687 1573 1772 1643 μζ¹
1803 1573 2014 1644 βιϐλίου

411 1673 520 1727 τῶν
550 1673 872 1739 διατάξεων,
916 1671 1033 1725 ἔστι
1078 1687 1206 1739 κεφ.
1237 1668 1298 1724 ιε’
1332 1669 1428 1723 τοῦ
1461 1676 1548 1723 κα¹
1576 1668 1682 1723 τίτ.
1717 1667 1813 1722 τοῦ
1859 1665 1901 1733 ξ’
1931 1667 2015 1738 βι-

412 1767 566 1820 ϐλίου
593 1767 707 1819 τῶν
741 1765 1054 1819 Βασιλικῶν
1110 1764 1181 1818 τὰ
1212 1761 1354 1818 αὐτὰ
1384 1763 1564 1833 λέγον,
1596 1763 1726 1818 ἄνευ
1758 1761 1851 1815 τοῦ
1882 1761 2018 1815 ὑπό-

412 1856 633 1912 κεισθαι
662 1859 782 1919 ταῖς
810 1855 1090 1921 διατάξεσι
1119 1853 1211 1908 τὸν
1247 1854 1316 1908 δι’
1341 1853 1721 1925 ἀστρολογίας,
1753 1852 1788 1923 ἢ
1819 1854 2016 1924 ἐτέρας

413 1945 677 2018 μαντείας
705 1946 932 2000 εἰπόντα
967 1945 1209 2016 κλέπτην
1253 1945 1348 1999 τὸν
1380 1945 1456 2017 μὴ
1493 1943 1644 2000 ὅντα.
1696 1944 1869 1998 Τοῦτο
1904 1945 2013 2016 γὰρ

410 2039 515 2092 οὐκ
547 2037 706 2108 ἐτέθη
760 2039 840 2100 είς
874 2037 934 2091 τὸ
968 2037 1101 2090 αὐτὸ
1154 2054 1284 2105 κεφ.
1350 2036 1489 2091 ἀλλὰ
1520 2037 1603 2100 είς
1638 2034 1786 2108 θέμα
1837 2034 1887 2106 η’
1919 2036 2015 2090 τοῦ

406 2129 578 2184 αὑτοῦ
631 2147 757 2198 κεφ.
801 2129 876 2182 Τὸ
911 2127 955 2199 β’
987 2128 1128 2182 διάτ.
1171 2128 1265 2182 τοῦ
1298 2134 1350 2199 η’
1376 2127 1484 2184 τίτ.
1517 2127 1612 2182 τοῦ
1663 2126 1756 2200 μη¹
1806 2129 2016 2200 βιϐλίου

403 2221 517 2275 τῶν
542 2221 684 2277 διατ.
715 2220 831 2274 ἔστι
864 2239 991 2291 κεφ.
1022 2228 1072 2291 γ’
1101 2221 1196 2274 τοῦ
1224 2220 1300 2274 λθ¹
1326 2221 1432 2276 τίτ.
1462 2221 1559 2275 τοῦ
1591 2220 1632 2288 ξ’
1663 2221 1872 2292 βιϐλίου
1905 2223 2016 2278 τῶν

403 2313 709 2367 Βασιλικῶν
754 2313 822 2367 τὰ
853 2315 991 2367 αὐτὰ
1024 2313 1212 2384 σχεδὸν
1257 2313 1416 2382 λέγον
1471 2314 1571 2367 ὅσα
1619 2314 1699 2378 είς
1727 2314 1788 2368 τὸ
1810 2315 2002 2385 κείμε-

403 2425 496 2461 νον
520 2406 864 2479 ἐγράφησαν.
896 2406 954 2460 '0
976 2405 1032 2460 δὲ
1063 2405 1354 2470 Βασιλικδς
1384 2406 1713 2477 προστίθησι
1739 2407 1838 2476 τὴν
1870 2406 2010 2474 μετά

401 2498 724 2569 δημεύσεως
757 2498 976 2570 ἐξορίαν
1007 2498 1149 2552 κατὰ
1179 2498 1291 2552 τῶν
1329 2497 1633 2552 ποιούντων
1661 2497 1733 2552 τὰ
1773 2499 2000 2571 φίλτρα.

403 2592 486 2644 Ti
519 2592 576 2645 δὲ
609 2591 892 2663 γραφέντα
943 2591 1074 2662 περὶ
1121 2590 1217 2645 τοῦ
1269 2591 1648 2662 πημενταρίου
1695 2591 2003 2662 ἀντετάχθη·

2125 652 2380 718 malaque
2412 652 2811 705 medicamenta
2845 651 3164 705 dividantur
3195 669 3208 703 :
3239 650 3405 706 Basil.
3433 663 3614 707 autem
3643 653 3732 708 illa

2123 741 2293 796 dividi
2335 741 2501 796 dicat.
2530 743 2712 811 Atque
2749 743 2880 796 illud
2922 742 3195 815 [quidem]
3239 744 3405 799 Basil.
3441 746 3612 798 multo
3645 758 3731 800 est

2121 834 2389 889 exactius.
2442 832 2607 887 Recte
2655 834 2800 886 enim
2853 834 3174 888 dividuntur
3220 836 3342 900 illa,
3393 847 3453 889 ut
3501 851 3624 905 qua:
3675 835 3730 889 in

2122 928 2367 982 dominio
2413 927 2634 983 fuerint.
2673 926 2746 982 Ut
2793 939 2976 984 autem
3024 927 3204 983 officio
3245 929 3450 998 judicis
3497 930 3731 984 combu-

2121 1031 2337 1085 rantur,
2371 1021 2600 1076 alterius
2636 1020 2867 1074 rationis
2897 1030 2982 1074 est
3019 1038 3032 1074 :
3073 1036 3138 1073 ne
3173 1018 3486 1092 [videlicet]
3523 1035 3586 1074 ex
3627 1020 3734 1076 illis

2122 1113 2397 1183 aliquibus
2453 1125 2735 1167 noceatur.
2781 1112 2984 1184 Digest.
3037 1113 3143 1176 55,
3183 1113 3264 1168 tit.
3315 1113 3374 1175 1,
3415 1113 3508 1168 lib.
3561 1129 3730 1180 xvm,

2122 1206 2237 1276 dig.
2283 1218 2363 1261 est
2413 1207 2597 1261 thema
2648 1209 2713 1271 5,
2751 1223 2875 1278 cap.
2921 1207 3028 1267 55,
3066 1207 3149 1260 tit.
3186 1206 3249 1270 1,
3287 1208 3382 1260 lib.
3419 1223 3510 1260 ιιιιι
3563 1205 3730 1262 Basil.

2121 1301 2267 1369 quod
2301 1299 2554 1354 eumdem
2592 1301 2886 1355 admodum
2925 1299 3106 1354 habet.
3142 1298 3340 1370 Digest.
3372 1301 3470 1364 15,
3508 1299 3591 1354 Iit.
3623 1300 3724 1366 10,

2123 1386 2220 1440 lib.
2258 1403 2439 1453 XLvu,
2474 1388 2584 1459 tlig.
2612 1398 2696 1444 est.
2741 1404 2861 1458 cap.
2903 1389 3004 1452 15,
3048 1390 3128 1444 lit.
3165 1389 3265 1455 21,
3300 1390 3396 1444 lilt.
3436 1407 3500 1443 ιιι
3555 1389 3726 1446 Basil.

2121 1477 2268 1549 quod
2313 1481 2501 1533 eadem
2548 1480 2716 1546 dicit,
2752 1491 2984 1551 excepto
3032 1482 3178 1550 quod
3231 1482 3726 1538 constitutionibus

2123 1582 2397 1639 teneatur,
2427 1573 2521 1643 qui
2554 1589 2648 1643 per
2683 1574 3035 1644 astrologiam
3069 1574 3304 1628 aliamve
3329 1574 3726 1630 divinationem

2121 1664 2298 1721 furem
2346 1665 2586 1732 dixerit,
2621 1665 2712 1735 qui
2760 1665 2868 1719 non
2916 1677 3056 1720 erat.
3087 1666 3204 1721 Hoc
3244 1667 3390 1720 enim
3437 1666 3489 1720 in
3532 1665 3727 1721 eodem

2121 1773 2244 1830 cap.
2271 1775 2380 1814 non
2425 1767 2510 1814 est
2575 1759 2846 1828 positum,
2873 1757 2968 1814 sed
3013 1759 3066 1812 in
3129 1759 3368 1813 themate
3412 1757 3445 1813 8
3480 1757 3729 1828 ejusdem

2119 1867 2242 1920 cap.
2281 1853 2476 1921 digest.
2513 1851 2580 1918 2,
2617 1853 2702 1906 tit.
2738 1851 2803 1915 8,
2840 1851 2935 1905 lib.
2975 1866 3178 1914 xum,
3212 1851 3320 1920 dig.
3358 1860 3443 1905 est
3485 1865 3608 1920 cap.
3644 1851 3714 1918 5,
3795 1841 3814 1874 ³

2050 1925 2088 1979 Β
2121 1941 2205 1997 ιίι.
2237 1943 2328 2006 59,
2359 1943 2454 1997 lib.
2490 1957 2558 1995 ιι
2591 1941 2758 1997 Basil.
2790 1943 2934 2012 qttod
2964 1941 3154 1996 eadem
3189 1940 3304 1996 fere
3330 1941 3484 2008 dicit,
3516 1957 3638 2012 qua!
3669 1941 3728 1996 in

2119 2045 2268 2091 textu
2302 2036 2504 2106 scripta
2540 2045 2689 2091 sunt.
2720 2035 2889 2090 Addit
2918 2043 3101 2090 autem
3138 2033 3309 2089 Basil.
3345 2044 3404 2089 ut
3440 2035 3533 2104 qui
3569 2049 3725 2088 ama-

2120 2129 2259 2184 toria
2299 2129 2643 2192 coniiciunt,
2668 2137 2794 2198 post
2825 2127 3256 2198 publicationem
3288 2127 3558 2182 bonorum
3588 2126 3728 2181 rele-

2116 2229 2333 2291 gentttr.
2365 2219 2496 2286 Quae
2531 2235 2659 2275 vero
2693 2222 2758 2274 de
2794 2219 3158 2289 pigmentario
3187 2220 3390 2290 scripta
3424 2228 3575 2280 sunt,
3603 2217 3720 2272 col-

2110 2314 2285 2368 locata
2323 2322 2453 2368 sunt
2484 2313 2537 2366 in
2573 2313 2812 2367 themate
2841 2312 2876 2365 5
2911 2311 3156 2381 ejusdem
3196 2325 3344 2379 cap.,
3394 2309 3538 2380 quod
3586 2311 3663 2364 ait
3707 2328 3723 2365 :

2117 2405 2186 2460 Et
2210 2406 2609 2476 pigmentarins
2641 2402 2853 2477 [etiam]
2885 2405 2980 2475 qui
3010 2413 3220 2459 temere
3250 2403 3413 2459 alicui
3449 2404 3724 2468 cicutam,

2112 2497 2518 2554 salamandram
2543 2541 2560 2564 ,
2593 2498 2896 2562 aconitum,
2929 2498 3356 2568 pityocampam,
3391 2494 3721 2566 buprestim,

2113 2591 2534 2662 mandragoram
2560 2632 2574 2655 ,
2610 2604 2704 2646 aut
2735 2591 3086 2646 cantharidas
3111 2590 3283 2646 dedit.

406 2702 506 2738 σαν
538 2687 616 2746 είς
643 2687 704 2741 τὸ
732 2684 780 2754 γ’
809 2686 953 2758 θέμα
976 2687 1070 2740 τοῦ
1099 2685 1264 2740 αὐτοῦ
1293 2691 1341 2754 γ’
1374 2702 1501 2754 κεφ.
1533 2684 1781 2752 λέγοντος
1804 2702 1820 2717 ο
1858 2685 1971 2738 Καὶ
2000 2685 2026 2737 ὁ
2065 2685 2443 2756 πημεντόιριος
2513 2685 2801 2755 προπετῶς
2840 2683 3014 2748 διδούς
3046 2700 3154 2736 τινι
3205 2680 3454 2749 κώνειον,
3487 2681 3521 2752 ἢ
3554 2679 3723 2738 σαλα-

407 2778 670 2849 μάνδραν,
703 2780 735 2852 ἢ
771 2781 1043 2847 ἀκόνιτον,
1074 2781 1108 2852 ἢ
1138 2779 1554 2851 πιτυοκάμπην,
1595 2779 1628 2849 ἢ
1674 2778 2035 2850 βούϐρωστιν,
2076 2778 2110 2849 ἢ
2149 2777 2553 2850 μανδραγόραν,
2584 2777 2618 2848 ἦ
2651 2776 3005 2848 κανθαρίδας.

473 2875 783 2944 Κειμενον.
815 2875 966 2928 Διάτ.
1003 2871 1167 2943 ιγ’,Ὀ
1198 2873 1368 2927 ποιῶν
1398 2872 1590 2936 θυσίας
1621 2871 2014 2944 ἀπηγορευμέ-

399 2982 522 3031 νας,
553 2985 608 3022 κ.
641 2987 691 3022 τ.
721 2967 794 3036 λ.,
836 2984 1010 3040 usque
1063 2969 1130 3025 ad
1183 2968 1278 3024 ἐάν
1329 2985 1412 3033 τις
1446 2968 1511 3021 ἐκ
1572 2966 1764 3022 τούτου
1821 2965 2008 3020 τελευ-

398 3060 563 3129 τήση.

470 3153 752 3222 Σχόλιον.
785 3152 860 3207 Τὸ
891 3159 961 3222 ιγ’
989 3151 1127 3207 διάτ.
1172 3151 1291 3206 ἐστι
1339 3149 1434 3204 τοῦ
1463 3148 1628 3204 αὐτοῦ
1659 3147 1866 3221 βιϐλίου
1894 3145 1996 3202 καὶ

2197 2869 2415 2924 Textus.
2455 2871 2658 2937 Digest.
2684 2871 2770 2924 15.
2797 2870 2900 2936 Qui
2932 2869 3114 2935 vetita,
3141 2877 3272 2936 etc.,
3295 2883 3459 2940 usque
3484 2867 3554 2922 ad
3584 2881 3718 2936 sup-

2116 2963 2340 3035 plicium
2376 2963 2661 3033 infligitur,
2692 2973 2750 3018 ut
2771 2980 2892 3035 pag.
2924 2961 3049 3033 "167.

2173 3149 2465 3206 Scholium.
2495 3151 2694 3221 Digest.
2723 3150 2811 3214 15,
2830 3158 2914 3204 est
2935 3148 3184 3219 ejusdem
3208 3149 3305 3204 lib.
3326 3157 3382 3205 et
3405 3149 3490 3204 tit.
3508 3149 3708 3220 cap.9,

395 3242 505 3298 τίτ.
537 3261 663 3314 κεφ.
703 3243 748 3298 θ’
773 3245 842 3299 τὰ
881 3245 1020 3299 αὐτὰ
1048 3244 1229 3312 λέγον.
1263 3244 1338 3298 Τὸ
1368 3249 1457 3312 κη’
1486 3241 1628 3296 διάτ.
1663 3240 1760 3295 τοῦ
1787 3239 1850 3294 ιθ⁹
1879 3240 1988 3292 τίτ.

2104 3247 2245 3315 quod
2282 3246 2471 3300 eadem
2503 3245 2656 3300 dicit.
2685 3243 2887 3315 Digest.
2910 3243 3004 3308 28,
3033 3243 3116 3297 ιίι.
3140 3244 3228 3306 19,
3253 3243 3346 3297 lib.
3375 3258 3563 3309 xum,
3588 3257 3698 3296 non

393 3333 492 3387 τοῦ
537 3340 627 3405 μη’
662 3333 871 3406 βιϐλίου
919 3337 1021 3390 οὐκ
1052 3337 1215 3406 ἐτέθη
1266 3336 1345 3399 είς
1375 3335 1445 3388 τὰ
1479 3331 1767 3398 Βασιλικὰ,
1799 3331 1896 3385 καὶ
1935 3329 1997 3384 τὸ

395 3424 480 3496 λη’
513 3425 652 3480 διάτ.
696 3427 790 3480 τοῦ
843 3427 908 3480 ιθ¹
940 3427 1044 3483 τίτ.
1085 3426 1183 3481 τοῦ
1242 3425 1411 3481 αὐτοῦ
1469 3423 1563 3497 μη¹
1621 3424 1828 3496 βιϐλίου
1881 3423 1995 3478 τῶν

395 3515 722 3584 διατάξεων,
755 3517 873 3571 ἔστι
922 3517 1065 3588 θέμα
1109 3515 1164 3583 ς’
1186 3517 1282 3571 τοῦ
1337 3517 1421 3588 λη’
1454 3535 1582 3586 κεφ.
1615 3517 1710 3571 τοῦ
1767 3521 1849 3571 να’
1881 3516 1989 3570 τίτ.

392 3605 490 3661 τοῦ
522 3607 564 3672 ξ’
590 3607 817 3678 βιϐλίου,
835 3607 1010 3673 οὕτως
1036 3609 1158 3681 ἔχον
1187 3609 1263 3674 ὡς
1285 3611 1525 3681 ἐγράφη.
1557 3609 1858 3678 Ἀνάγνωθι
1896 3609 1996 3663 καλ⁸

390 3701 520 3762 τοὺς
541 3701 832 3772 κειμένους
861 3704 1093 3766 κανόνας
1120 3704 1178 3755 ἐν
1204 3702 1284 3774 τῷ
1305 3701 1354 3756 κ’
1378 3720 1507 3772 κεφ.
1537 3702 1631 3757 τοῦ
1661 3699 1730 3772 ιγ’
1753 3702 1862 3758 τίτ.
1895 3701 1990 3756 τοῦ

391 3792 661 3864 παρόντος
697 3795 1080 3865 συντάγματος
1131 3797 1224 3849 τοῦ
1275 3795 1622 3858 διδάσκοντος
1665 3796 1796 3867 περὶ
1855 3797 1993 3850 ἁπο-

392 3885 625 3951 στατῶν,
689 3887 785 3941 καὶ
842 3885 1040 3951 θυτῶν,
1093 3886 1191 3952 καὶ
1223 3886 1438 3956 μάγων,
1489 3887 1586 3940 καὶ
1619 3886 1989 3957 ἀστρολόγων,

391 3977 818 4048 μαθηματικῶν,
854 3978 1128 4049 μαντέων,
1167 3980 1262 4032 καὶ
1293 3980 1640 4052 περιάπτων.

459 4068 714 4125 ΚΕΦΑΛ.
748 4072 895 4138 KG'.
916 4104 986 4116 —-
1012 4073 1154 4141 Περὶ
1189 4073 1565 4139 ἐπισκόπων,
1597 4071 1636 4142 ἣ
1659 4072 1986 4142 κλκρικῶν,

386 4164 738 4217 τυπτόντων
765 4163 804 4234 ἢ
843 4166 1248 4234 φονευόντων.

472 4251 816 4308 Ἀποστόλων
850 4256 1031 4311 κανὼν
1063 4255 1171 4321 κζ’,
1207 4257 1296 4323 ξς¹
1324 4273 1337 4288 ·
1383 4257 1605 4312 συνόδου
1641 4264 1690 4312 α’
1721 4258 1816 4311 καὶ
1845 4253 1891 4327 β’
1926 4258 1984 4312 ἐν

385 4342 464 4415 τῷ
493 4344 606 4415 νιιῷ
630 4345 740 4399 τῶν
773 4345 973 4416 ’Δγίων
1007 4349 1347 4405 Ἀποστόλων
1375 4350 1555 4406 κανὼν
1585 4349 1660 4406 θ’·
1698 4351 1981 4405 Βασιλείου

385 4445 568 4494 κανὼν
601 4445 696 4494 νε’.

453 4533 760 4602 Κείμενον.
809 4532 874 4588 Ἦ
928 4534 973 4606 β’
1022 4535 1161 4590 διάτ.
1210 4536 1305 4591 τοῦ
1361 4543 1409 4591 α’
1440 4537 1548 4593 τίτ.
1605 4538 1717 4593 τῶν
1749 4537 1982 4610 Νεαρῶν

2102 3347 2186 3393 est
2233 3339 2471 3408 positum
2521 3337 2572 3390 in
2625 3335 2792 3390 Basil.
2832 3334 2895 3388 Et
2923 3335 3034 3405 dig.
3065 3334 3171 3402 58,
3203 3335 3285 3388 tit.
3321 3333 3416 3397 19,
3447 3333 3698 3404 ejusdem

2103 3446 2270 3486 xum
2302 3430 2397 3486 lib.
2426 3431 2538 3500 dig.
2568 3439 2650 3485 est
2678 3430 2861 3484 thema
2891 3429 2946 3492 6,
2976 3443 3100 3499 cap.
3131 3427 3222 3494 58,
3254 3429 3338 3482 tit.
3366 3427 3459 3488 51,
3493 3427 3586 3482 lib.
3616 3442 3709 3490 ιχ,

2100 3523 2247 3594 quod
2297 3523 2461 3578 habet
2512 3533 2572 3577 ut
2627 3523 2892 3591 scriptum
2942 3530 3046 3576 est.
3091 3519 3268 3591 Legas
3314 3518 3490 3592 [vero]
3542 3520 3710 3574 etiam

2098 3627 2343 3669 canones
2366 3615 2418 3667 itt
2443 3629 2563 3684 cap.
2588 3613 2681 3676 20,
2713 3615 2794 3668 tit.
2821 3613 2889 3667 15
2924 3612 3210 3682 praesentis
3248 3612 3432 3681 operis
3469 3610 3702 3681 positos,

2098 3707 2244 3776 quod
2284 3706 2352 3762 de
2390 3707 2678 3776 apostatis,
2709 3707 3202 3769 sacrificatoribus,
3236 3704 3428 3775 magis,
3460 3704 3708 3758 incanta-

2099 3799 2333 3862 toribus,
2368 3798 2682 3870 astrologis,
2722 3797 3150 3862 mathematicis,
3185 3795 3616 3860 divinatoribus,
3648 3800 3709 3849 et

2097 3890 2337 3946 amuleta
2365 3891 2810 3962 appendentibus
2840 3889 3022 3946 docet.

2165 4079 2320 4136 CAP.
2353 4079 2545 4134 XXVI.
2571 4079 2716 4134 -—De
2745 4079 3004 4150 episcopis
3039 4088 3090 4134 et
3123 4078 3360 4144 clericis,
3393 4078 3485 4149 qui
3517 4092 3708 4146 percu-

2095 4176 2257 4236 tiunt,
2288 4185 2382 4228 aut
2416 4175 2690 4230 occidunt.

2163 4267 2552 4338 Apostolorum
2603 4282 2781 4323 canon
2839 4266 2942 4332 27,
2994 4265 3100 4332 65;
3156 4263 3374 4319 concilii
3429 4261 3593 4332 primi
3648 4269 3706 4316 et

2091 4362 2314 4418 secundi
2374 4361 2429 4416 in
2485 4362 2600 4416 atde
2656 4360 2987 4416 Sanctorum
3037 4357 3421 4430 Apostolorum
3476 4353 3707 4428 [habiti]

2095 4469 2271 4510 canon
2305 4453 2378 4521 9;
2414 4453 2600 4508 Basilii
2633 4468 2808 4509 canon
2842 4453 2930 4508 55.

2149 4546 2380 4614 _Textus.
2419 4547 2612 4603 Const.
2651 4549 2719 4610 2,
2765 4548 2847 4602 tit.
2883 4547 2905 4601 1
2961 4544 3332 4606 Novellarum,
3363 4550 3496 4608 etc.,
3530 4556 3694 4611 usque

378 4625 721 4697 ἀπαγορεύει
757 4626 859 4698 μὲν
901 4631 1014 4693 τοῖς
1059 4630 1405 4697 ἐπισκόποις,
1440 4649 1569 4687 κ.τ.
1597 4631 1672 4696 λ.,
1705 4646 1880 4702 usque
1913 4630 1982 4686 ad

2104 4639 2160 4694 td
2194 4640 2475 4694 hominem
2505 4640 2724 4704 occidit,
2760 4648 2817 4693 ut
2846 4654 2966 4709 pag.
2997 4637 3120 4694 7'70.

376 4718 476 4772 xxi.
502 4719 771 4786 φονεύσας
798 4719 1108 4792 ἄνθρωπον.

450 4811 732 4879 Σχόλιον.
768 4809 836 4863 Ἦ
867 4813 911 4880 β’
945 4811 1086 4866 διάτ.
1102 4811 1197 4866 τοῦ
1227 4809 1276 4864 α’
1304 4811 1411 4867 τίτ.
1443 4811 1552 4866 τῶν
1574 4812 1806 4884 Νεαρῶν
1864 4812 1980 4867 ἔστι

375 4902 552 4973 νεαρὰ
595 4903 1028 4967 ’1ουστινιάνειος
1062 4902 1183 4976 ρκγ¹
1214 4905 1443 4977 κειμένη
1476 4907 1532 4959 ἐν
1563 4905 1753 4977 βιϐλίῳ
1793 4904 1841 4975 γ’
1871 4906 1987 4962 τῶν

375 4995 707 5064 Βασιλικῶν,
757 4997 866 5052 τίτ.
895 4995 965 5065 α’,
998 5015 1126 5067 κεφ.
1176 4996 1276 5064 κε’,
1311 5001 1340 5052 ὁ
1382 5001 1478 5054 καὶ
1521 4999 1636 5070 ἔχει
1685 4998 1860 5065 οὕτως
1903 4999 1980 5063 ὡς

377 5086 647 5160 ἐδηλώθη.
689 5089 747 5143 Ὁ
779 5088 809 5142 ι’
842 5090 948 5146 τίτ.
979 5090 1075 5144 τοῦ
1127 5089 1214 5162 μζ⁹
1263 5091 1471 5162 βιϐλίου
1502 5091 1614 5146 τῶν
1667 5091 1807 5147 διατ.
1835 5094 1982 5147 καὶὸ

375 5178 449 5232 λε’
472 5179 577 5234 τίτ.
599 5182 692 5236 τοῦ
716 5179 760 5236 θ’
786 5183 994 5256 βιϐλίου
1019 5185 1115 5238 τοῦ
1157 5184 1410 5250 κώδικος,
1443 5186 1536 5240 καὶ
1558 5187 1585 5239 ό
1610 5182 1688 5250 λζ’
1714 5185 1980 5258 ἐτέθησαν

376 5275 457 5335 είς
486 5272 579 5326 τὸν
615 5273 702 5328 κα’
724 5276 832 5330 τίτ.
868 5276 964 5330 τοῦ
997 5275 1038 5343 ξ’
1082 5277 1291 5347 βιϐλίου
1326 5279 1436 5332 τῶν
1475 5278 1809 5334 Βασιλικῶν.
1855 5279 1978 5333 Ἀπ’

373 5364 545 5436 αὐτῆς
573 5366 750 5439 ἀρχῆς
776 5369 874 5424 καὶ
899 5369 1051 5442 ζήτει
1072 5371 1306 5444 διάφορα
1334 5372 1524 5426 τούτου
1557 5390 1682 5443 κεφ.
1719 5373 1778 5427 Ὀ
1803 5379 1851 5428 α’
1871 5373 1978 5428 τίτ.

369 5459 468 5514 τοῦ
498 5458 589 5532 μη¹
612 5461 821 5532 βιϐλίου
850 5464 961 5518 τῶν
973 5466 1274 5534 διατάξεων
1307 5467 1466 5539 ἐτέθη
1492 5468 1573 5532 είς
1595 5467 1656 5520 τὸ
1681 5466 1723 5535 ξ’
1747 5467 1977 5538 βιϐλίον,

368 5556 474 5610 τίτ.
512 5554 613 5625 λγ’,
648 5573 778 5628 κεφ.
811 5554 883 5622 α’,
922 5559 1016 5612 καὶ
1039 5559 1126 5628 ἐφ’
1154 5560 1308 5631 ἑξῆς.
1360 5560 1422 5614 Ὀ
1457 5557 1532 5626 ις’
1560 5560 1666 5614 τίτ.
1697 5559 1790 5614 τοῦ
1818 5559 1862 5614 θ’
1891 5560 1977 5632 βι-

369 5648 522 5702 ϐλίου
550 5648 645 5703 τοῦ
681 5648 916 5714 κώδικος
960 5654 1140 5706 κεῖται
1175 5653 1258 5716 εἰς
1296 5652 1505 5722 βιϐλίον
1540 5651 1582 5719 ξ’
1616 5653 1712 5708 καὶ
1750 5654 1858 5708 τίτ.
1897 5651 1975 5706 λθ¹

369 5757 496 5811 κεφ.
525 5738 594 5811 ιγ’
627 5741 723 5797 καὶ
753 5743 839 5814 ἐφ’
865 5741 992 5815 ἐξῆς
1019 5742 1323 5814 Ἀνάγνωθι
1352 5744 1444 5800 οὖν
1476 5745 1585 5800 ἀπὸ
1631 5746 1839 5802 τούτων
1866 5747 1976 5801 τῶν

375 5835 518 5906 βιϐλ.
556 5834 660 5888 τίτ.
685 5835 780 5890 καὶ
813 5853 943 5906 κεφ.
988 5836 1245 5909 διάφορα,
1293 5839 1390 5892 καὶ
1433 5838 1525 5892 τὸν
1559 5836 1609 5910 η’
1645 5841 1847 5896 κανόνα
1879 5841 1972 5895 τοῦ

371 5924 529 5995 ἁγίου
581 5926 889 5996 Βασιλείου,
939 5928 1033 5982 καὶ
1078 5930 1180 5999 τὴν
1231 5931 1289 5983 ἐν
1335 5930 1486 6002 αὑτῷ
1540 5931 1790 5988 τεθεῖσαν
1841 5935 1971 6006 περὶ

2165 4819 2456 4876 Scltolium.
2519 4819 2755 4876 Constit.
2788 4819 2824 4874 2
2863 4821 2950 4874 tit.
2985 4818 3008 4872 1
3059 4817 3440 4881 Novellarnm,
3470 4825 3554 4871 est
3596 4829 3698 4871 no-

2089 4916 2226 4972 vella
2247 4914 2544 4970 .Ittstiniani
2574 4915 2676 4968 125
2726 4911 3037 4984 posita[que
3084 4910 3190 4983 est]
3219 4911 3271 4964 in
3302 4911 3394 4964 lib.
3419 4908 3583 4963 Basil.
3609 4923 3693 4976 ιιι,

2090 5009 2174 5063 tit.
2216 5009 2277 5074 1,
2321 5024 2443 5078 cap.
2477 5007 2586 5071 25,
2623 5008 2769 5077 quod
2817 5005 3016 5071 habet,
3052 5016 3113 5060 ut
3163 5005 3531 5074 significatum
3585 5015 3693 5058 est.

2089 5101 2198 5157 Tit.
2231 5101 2319 5166 10,
2348 5102 2438 5156 lib.
2472 5115 2616 5155 van
2682 5100 2886 5169 Digest.
2914 5110 2970 5156 et
3011 5099 3102 5164 55,
3133 5099 3227 5153 lib.
3249 5113 3303 5152 Ix
3371 5098 3492 5152 cod.
3528 5098 3696 5168 positi

2089 5203 2218 5251 sunt
2261 5195 2314 5249 in
2357 5193 2439 5249 tit.
2468 5191 2559 5260 21,
2588 5193 2681 5248 lib.
2717 5191 2882 5267 Basil.
2916 5208 3006 5259 ως,
3044 5195 3110 5247 ab
3151 5191 3271 5261 ipso
3313 5190 3492 5255 initio,
3526 5189 3690 5260 cujus

2089 5289 2259 5342 multa
2287 5303 2410 5356 cap.
2437 5302 2639 5355 quaere.
2662 5285 2771 5339 Tit.
2807 5287 2828 5338 1
2892 5285 2986 5341 lib.
3024 5301 3192 5340 vam
3247 5284 3444 5355 digest.
3475 5283 3692 5354 positus

2087 5392 2171 5437 est
2219 5382 2270 5435 in
2297 5383 2390 5436 lib.
2427 5397 2516 5444 ως,
2552 5379 2637 5434 tit.
2670 5379 2760 5446 51,
2791 5394 2913 5449 cap.
2949 5379 2971 5433 1
3003 5419 3020 5446 ,
3049 5388 3104 5434 et
3147 5377 3424 5448 deinceps.
3481 5375 3590 5431 Tit.
3622 5375 3692 5429 16

2089 5473 2182 5528 lib.
2213 5489 2265 5528 ιιι
2312 5471 2437 5528 cod.
2461 5473 2672 5542 positus
2701 5481 2780 5526 est
2811 5471 2863 5524 in
2909 5470 3004 5524 lib.
3030 5486 3120 5536 ιιι,
3150 5471 3233 5523 tit.
3261 5469 3353 5535 59,
3379 5483 3502 5538 cap.
3529 5467 3596 5520 15
3631 5475 3689 5520 ει

2086 5566 2367 5637 deinceps.
2401 5566 2476 5619 Ex
2509 5565 2594 5620 his
2627 5564 2792 5635 igitur
2815 5563 2911 5618 lib.
2942 5574 2996 5618 et
3022 5564 3108 5618 tit.
3135 5563 3351 5618 diversa
3384 5577 3507 5631 cap.
3539 5563 3679 5631 tege.

2083 5659 2162 5712 Ac
2196 5657 2339 5731 [lege
2389 5656 2578 5730 etiam]
2609 5657 2642 5712 8
2669 5673 2936 5713 canonem
2974 5656 3150 5713 sancti
3179 5655 3387 5717 Basilii,
3418 5653 3686 5723 positam-

2083 5767 2191 5821 que
2219 5752 2271 5804 in
2299 5765 2365 5805 eo
2391 5752 2457 5805 de
2493 5749 2782 5805 hotnicidis
2813 5750 3083 5805 novellam
3114 5747 3462 5818 imperatoris
3489 5745 3677 5800 domui

2084 5842 2353 5897 Manut-lis
2389 5842 2678 5896 Cotttneni.
2717 5841 2918 5912 Digest.
2944 5843 2997 5908 5,
3033 5843 3116 5896 tit.
3156 5840 3239 5904 19,
3273 5840 3364 5893 lib.
3394 5855 3560 5894 xum
3594 5847 3681 5895 est

2082 5937 2268 5993 thema
2317 5935 2384 6005 2,
2422 5951 2544 6008 cap.
2583 5935 2648 6004 5,
2687 5934 2770 5992 tit.
2816 5935 2915 6004 51,
2950 5935 3047 5991 lib.
3092 5948 3190 6005 ιι,
3223 5932 3371 6008 quod
3417 5946 3677 6006 expresse
