  <div class='ocr_page' id='page_1' title='image "/cluster/home/n/w/nwhite01/storage/ocr_20150623/104:no.4/coo.31924054870088/569.png"; bbox 0 0 4146 6516; ppageno 0'>
   <div class='ocr_carea' id='block_1_1' title="bbox 498 390 2135 461">
    <p class='ocr_par' dir='ltr' id='par_1_1' title="bbox 498 390 2135 459">
     <span class='ocr_line' id='line_1_1' title="bbox 498 390 2135 459; baseline 0.001 -2"><span class='ocrx_word' id='word_1_1' title='bbox 498 390 639 457; x_wconf 83' lang='grc'><strong>1119</strong></span> <span class='ocrx_word' id='word_1_2' title='bbox 1615 396 1820 458; x_wconf 87' lang='grc' dir='ltr'><strong>ΡΠοΤ</strong></span> <span class='ocrx_word' id='word_1_3' title='bbox 1825 398 1886 457; x_wconf 87' lang='grc' dir='ltr'><strong>ΙΙ</strong></span> <span class='ocrx_word' id='word_1_4' title='bbox 1927 399 2135 459; x_wconf 79' lang='lat' dir='ltr'><strong>PATR</strong></span> 
     </span>
    </p>
   </div>
   <div class='ocr_carea' id='block_1_2' title="bbox 2283 390 3920 461">
    <p class='ocr_par' dir='ltr' id='par_1_2' title="bbox 2283 393 3920 461">
     <span class='ocr_line' id='line_1_2' title="bbox 2283 393 3920 461; baseline -0.001 -1"><span class='ocrx_word' id='word_1_5' title='bbox 2283 399 2440 461; x_wconf 67' lang='lat'><strong>211.13</strong></span> <span class='ocrx_word' id='word_1_6' title='bbox 2480 400 2589 459; x_wconf 75' lang='grc' dir='ltr'><strong>ΟΡ.</strong></span> <span class='ocrx_word' id='word_1_7' title='bbox 2980 422 2985 425; x_wconf 45' lang='grc' dir='ltr'><strong>δ</strong></span> <span class='ocrx_word' id='word_1_8' title='bbox 3745 393 3920 459; x_wconf 76' lang='grc'><strong>1120</strong></span> 
     </span>
    </p>
   </div>
   <div class='ocr_carea' id='block_1_3' title="bbox 482 506 2119 589">
    <p class='ocr_par' dir='ltr' id='par_1_3' title="bbox 482 506 2094 583">
     <span class='ocr_line' id='line_1_3' title="bbox 482 506 2094 583; baseline 0.005 -24"><span class='ocrx_word' id='word_1_9' title='bbox 482 509 674 561; x_wconf 72' lang='lat' dir='ltr'><strong>eadem</strong></span> <span class='ocrx_word' id='word_1_10' title='bbox 727 507 888 562; x_wconf 84' lang='lat' dir='ltr'><strong>dicit.</strong></span> <span class='ocrx_word' id='word_1_11' title='bbox 933 506 1139 576; x_wconf 64' lang='lat' dir='ltr'><strong>Digest.</strong></span> <span class='ocrx_word' id='word_1_12' title='bbox 1187 508 1290 575; x_wconf 92' lang='grc'><strong>11,</strong></span> <span class='ocrx_word' id='word_1_13' title='bbox 1332 520 1419 565; x_wconf 90' lang='lat' dir='ltr'><strong>cst</strong></span> <span class='ocrx_word' id='word_1_14' title='bbox 1467 510 1650 565; x_wconf 91' lang='lat' dir='ltr'><strong>thema</strong></span> <span class='ocrx_word' id='word_1_15' title='bbox 1702 513 1776 575; x_wconf 77' lang='grc' dir='ltr'><strong>ὅ.</strong></span> <span class='ocrx_word' id='word_1_16' title='bbox 1818 527 1943 583; x_wconf 86' lang='lat' dir='ltr'><strong>cap.</strong></span> <span class='ocrx_word' id='word_1_17' title='bbox 1992 513 2094 581; x_wconf 89' lang='grc'><strong>11,</strong></span> 
     </span>
    </p>
   </div>
   <div class='ocr_carea' id='block_1_4' title="bbox 2297 506 3934 589">
    <p class='ocr_par' dir='ltr' id='par_1_4' title="bbox 2297 512 3934 589">
     <span class='ocr_line' id='line_1_4' title="bbox 2297 512 3934 589; baseline 0.002 -24"><span class='ocrx_word' id='word_1_18' title='bbox 2297 512 2411 566; x_wconf 74' lang='grc' dir='ltr'>νέων</span> <span class='ocrx_word' id='word_1_19' title='bbox 2445 512 2640 584; x_wconf 74' lang='grc' dir='ltr'>νεαρὸν</span> <span class='ocrx_word' id='word_1_20' title='bbox 2677 512 2773 569; x_wconf 79' lang='grc' dir='ltr'><strong>τοῦ</strong></span> <span class='ocrx_word' id='word_1_21' title='bbox 2828 514 3095 586; x_wconf 83' lang='grc' dir='ltr'>βασιλέως</span> <span class='ocrx_word' id='word_1_22' title='bbox 3148 515 3343 589; x_wconf 83' lang='grc' dir='ltr'>κυρίου</span> <span class='ocrx_word' id='word_1_23' title='bbox 3406 512 3765 586; x_wconf 79' lang='grc' dir='ltr'>Μανουὴλ</span> <span class='ocrx_word' id='word_1_24' title='bbox 3822 512 3934 569; x_wconf 76' lang='grc' dir='ltr'><strong>τοῦ</strong></span> 
     </span>
    </p>
   </div>
   <div class='ocr_carea' id='block_1_5' title="bbox 482 600 2119 680">
    <p class='ocr_par' dir='ltr' id='par_1_5' title="bbox 482 600 1882 670">
     <span class='ocr_line' id='line_1_5' title="bbox 482 600 1882 670; baseline 0.002 -18"><span class='ocrx_word' id='word_1_25' title='bbox 482 600 731 669; x_wconf 61' lang='lat' dir='ltr'><strong>ejusdem</strong></span> <span class='ocrx_word' id='word_1_26' title='bbox 766 601 857 665; x_wconf 82' lang='lat'><strong>5|,</strong></span> <span class='ocrx_word' id='word_1_27' title='bbox 895 602 976 655; x_wconf 85' lang='lat' dir='ltr'><strong>tit.</strong></span> <span class='ocrx_word' id='word_1_28' title='bbox 1012 602 1158 670; x_wconf 83' lang='lat' dir='ltr'><strong>quod</strong></span> <span class='ocrx_word' id='word_1_29' title='bbox 1189 603 1417 658; x_wconf 82' lang='lat' dir='ltr'><strong>omnino</strong></span> <span class='ocrx_word' id='word_1_30' title='bbox 1446 602 1637 658; x_wconf 85' lang='lat' dir='ltr'><strong>eadem</strong></span> <span class='ocrx_word' id='word_1_31' title='bbox 1671 614 1882 659; x_wconf 87' lang='lat' dir='ltr'><strong>narrat.</strong></span> 
     </span>
    </p>
   </div>
   <div class='ocr_carea' id='block_1_6' title="bbox 2295 600 3932 680">
    <p class='ocr_par' dir='ltr' id='par_1_6' title="bbox 2296 603 3932 680">
     <span class='ocr_line' id='line_1_6' title="bbox 2296 603 3932 680; baseline 0.01 -25"><span class='ocrx_word' id='word_1_32' title='bbox 2296 604 2521 675; x_wconf 82' lang='grc' dir='ltr'>μνηνοῠ.</span> <span class='ocrx_word' id='word_1_33' title='bbox 2555 605 2630 658; x_wconf 85' lang='grc' dir='ltr'><strong>Τὸ</strong></span> <span class='ocrx_word' id='word_1_34' title='bbox 2660 603 2700 659; x_wconf 85' lang='grc' dir='ltr'>ε’</span> <span class='ocrx_word' id='word_1_35' title='bbox 2745 606 2888 663; x_wconf 81' lang='grc' dir='ltr'>διάτ.</span> <span class='ocrx_word' id='word_1_36' title='bbox 2933 606 3032 661; x_wconf 80' lang='grc' dir='ltr'>τοῦ</span> <span class='ocrx_word' id='word_1_37' title='bbox 3066 606 3130 662; x_wconf 77' lang='grc' dir='ltr'><strong>ιϐ’</strong></span> <span class='ocrx_word' id='word_1_38' title='bbox 3164 610 3271 663; x_wconf 85' lang='grc' dir='ltr'>τίτ.</span> <span class='ocrx_word' id='word_1_39' title='bbox 3314 609 3412 664; x_wconf 71' lang='grc' dir='ltr'><strong>τοῦ</strong></span> <span class='ocrx_word' id='word_1_40' title='bbox 3476 614 3607 680; x_wconf 85' lang='grc' dir='ltr'>μη¹</span> <span class='ocrx_word' id='word_1_41' title='bbox 3655 606 3932 677; x_wconf 72' lang='grc' dir='ltr'>βιδλίονι</span> 
     </span>
    </p>
   </div>
   <div class='ocr_carea' id='block_1_7' title="bbox 484 692 3935 773">
    <p class='ocr_par' dir='ltr' id='par_1_7' title="bbox 484 692 3935 773">
     <span class='ocr_line' id='line_1_7' title="bbox 484 692 3935 773; baseline 0.001 -24"><span class='ocrx_word' id='word_1_42' title='bbox 484 696 770 767; x_wconf 77' lang='grc' dir='ltr'>ἔστιθέμα</span> <span class='ocrx_word' id='word_1_43' title='bbox 794 695 838 768; x_wconf 90' lang='grc' dir='ltr'>β’</span> <span class='ocrx_word' id='word_1_44' title='bbox 869 700 965 751; x_wconf 78' lang='grc' dir='ltr'>τοῦ</span> <span class='ocrx_word' id='word_1_45' title='bbox 1006 696 1044 751; x_wconf 88' lang='grc' dir='ltr'>ε’</span> <span class='ocrx_word' id='word_1_46' title='bbox 1089 715 1215 768; x_wconf 86' lang='grc' dir='ltr'>κεφ.</span> <span class='ocrx_word' id='word_1_47' title='bbox 1262 698 1357 750; x_wconf 77' lang='grc' dir='ltr'>τοῦ</span> <span class='ocrx_word' id='word_1_48' title='bbox 1393 696 1473 750; x_wconf 86' lang='grc' dir='ltr'>να’</span> <span class='ocrx_word' id='word_1_49' title='bbox 1538 696 1644 751; x_wconf 91' lang='grc' dir='ltr'>τίτ.</span> <span class='ocrx_word' id='word_1_50' title='bbox 1682 696 1777 751; x_wconf 83' lang='grc' dir='ltr'>τοῦ</span> <span class='ocrx_word' id='word_1_51' title='bbox 1825 696 1868 766; x_wconf 82' lang='grc' dir='ltr'><strong>ξ’</strong></span> <span class='ocrx_word' id='word_1_52' title='bbox 1934 696 2141 769; x_wconf 87' lang='grc' dir='ltr'>βιϐλίου</span> <span class='ocrx_word' id='word_1_53' title='bbox 2174 697 2246 751; x_wconf 71' lang='grc' dir='ltr'><strong>τὰ</strong></span> <span class='ocrx_word' id='word_1_54' title='bbox 2271 699 2416 753; x_wconf 75' lang='grc' dir='ltr'>αὐτὰ</span> <span class='ocrx_word' id='word_1_55' title='bbox 2446 699 2606 770; x_wconf 88' lang='grc' dir='ltr'>λέγον</span> <span class='ocrx_word' id='word_1_56' title='bbox 2652 700 2858 773; x_wconf 80' lang='grc' dir='ltr'>ῥητῶς.</span> <span class='ocrx_word' id='word_1_57' title='bbox 2904 702 2979 756; x_wconf 87' lang='grc' dir='ltr'><strong>Τὸ</strong></span> <span class='ocrx_word' id='word_1_58' title='bbox 3042 701 3100 756; x_wconf 80' lang='grc' dir='ltr'>δὲ</span> <span class='ocrx_word' id='word_1_59' title='bbox 3145 700 3215 757; x_wconf 86' lang='grc' dir='ltr'>ια’</span> <span class='ocrx_word' id='word_1_60' title='bbox 3260 703 3398 759; x_wconf 82' lang='grc' dir='ltr'>διάτ.</span> <span class='ocrx_word' id='word_1_61' title='bbox 3452 702 3621 756; x_wconf 76' lang='grc' dir='ltr'>ἔστι</span> <span class='ocrx_word' id='word_1_62' title='bbox 3666 698 3845 771; x_wconf 83' lang='grc' dir='ltr'>θέμα</span> <span class='ocrx_word' id='word_1_63' title='bbox 3880 692 3935 771; x_wconf 73' lang='grc' dir='ltr'>τ’</span> 
     </span>
    </p>
   </div>
   <div class='ocr_carea' id='block_1_8' title="bbox 558 886 2195 963">
    <p class='ocr_par' dir='ltr' id='par_1_8' title="bbox 558 886 2100 957">
     <span class='ocr_line' id='line_1_8' title="bbox 558 886 2100 957; baseline -0.001 -14"><span class='ocrx_word' id='word_1_64' title='bbox 558 886 718 944; x_wconf 82' lang='lat' dir='ltr'><strong>CAP.</strong></span> <span class='ocrx_word' id='word_1_65' title='bbox 752 886 914 941; x_wconf 77' lang='lat' dir='ltr'><strong>XVII.</strong></span> <span class='ocrx_word' id='word_1_66' title='bbox 944 919 1010 928; x_wconf 93' lang='lat'><strong>--</strong></span> <span class='ocrx_word' id='word_1_67' title='bbox 1049 887 1127 941; x_wconf 88' lang='lat' dir='ltr'><strong>De</strong></span> <span class='ocrx_word' id='word_1_68' title='bbox 1166 889 1424 955; x_wconf 74' lang='lat' dir='ltr'><strong>episcopis</strong></span> <span class='ocrx_word' id='word_1_69' title='bbox 1474 896 1524 941; x_wconf 86' lang='lat' dir='ltr'><strong>et</strong></span> <span class='ocrx_word' id='word_1_70' title='bbox 1570 887 1810 950; x_wconf 77' lang='lat' dir='ltr'><strong>clericis,</strong></span> <span class='ocrx_word' id='word_1_71' title='bbox 1843 889 1934 957; x_wconf 86' lang='lat' dir='ltr'><strong>qui</strong></span> <span class='ocrx_word' id='word_1_72' title='bbox 1980 887 2100 943; x_wconf 84' lang='lat' dir='ltr'><strong>alea</strong></span> 
     </span>
    </p>
   </div>
   <div class='ocr_carea' id='block_1_9' title="bbox 2299 886 3936 963">
    <p class='ocr_par' dir='ltr' id='par_1_9' title="bbox 2299 889 3936 963">
     <span class='ocr_line' id='line_1_9' title="bbox 2299 889 3936 963; baseline 0.002 -22"><span class='ocrx_word' id='word_1_73' title='bbox 2299 889 2537 945; x_wconf 70' lang='grc' dir='ltr'><strong>(ΕΦΔΛ.</strong></span> <span class='ocrx_word' id='word_1_74' title='bbox 2566 890 2697 947; x_wconf 84' lang='lat' dir='ltr'><strong>KZ&#39;.</strong></span> <span class='ocrx_word' id='word_1_75' title='bbox 2729 922 2801 934; x_wconf 89' lang='lat'><strong>—</strong></span> <span class='ocrx_word' id='word_1_76' title='bbox 2827 894 2967 963; x_wconf 79' lang='grc' dir='ltr'>Περὶ</span> <span class='ocrx_word' id='word_1_77' title='bbox 2988 893 3358 960; x_wconf 79' lang='grc' dir='ltr'>ἐπισκόπων,</span> <span class='ocrx_word' id='word_1_78' title='bbox 3385 893 3521 950; x_wconf 75' lang='grc' dir='ltr'>καὶ</span> <span class='ocrx_word' id='word_1_79' title='bbox 3553 890 3936 961; x_wconf 77' lang='grc' dir='ltr'>κληρικῶν</span> 
     </span>
    </p>
   </div>
   <div class='ocr_carea' id='block_1_10' title="bbox 490 978 2127 1064">
    <p class='ocr_par' dir='ltr' id='par_1_10' title="bbox 490 978 2099 1049">
     <span class='ocr_line' id='line_1_10' title="bbox 490 978 2099 1049; baseline 0 -16"><span class='ocrx_word' id='word_1_80' title='bbox 490 979 704 1042; x_wconf 80' lang='lat' dir='ltr'><strong>ludunt,</strong></span> <span class='ocrx_word' id='word_1_81' title='bbox 738 979 1096 1042; x_wconf 78' lang='lat' dir='ltr'><strong>inebriantur,</strong></span> <span class='ocrx_word' id='word_1_82' title='bbox 1127 978 1437 1049; x_wconf 82' lang='lat' dir='ltr'><strong>spectacula</strong></span> <span class='ocrx_word' id='word_1_83' title='bbox 1474 980 1674 1045; x_wconf 72' lang='lat' dir='ltr'><strong>visunt,</strong></span> <span class='ocrx_word' id='word_1_84' title='bbox 1708 980 1954 1049; x_wconf 75' lang='lat' dir='ltr'><strong>sepulcra</strong></span> <span class='ocrx_word' id='word_1_85' title='bbox 1987 981 2099 1034; x_wconf 81' lang='lat' dir='ltr'><strong>vio-</strong></span> 
     </span>
    </p>
   </div>
   <div class='ocr_carea' id='block_1_11' title="bbox 2293 978 3930 1064">
    <p class='ocr_par' dir='ltr' id='par_1_11' title="bbox 2293 990 3930 1064">
     <span class='ocr_line' id='line_1_11' title="bbox 2293 990 3930 1064; baseline 0.002 -22"><span class='ocrx_word' id='word_1_86' title='bbox 2293 990 2606 1055; x_wconf 68' lang='grc' dir='ltr'>ϐας-υόντων,</span> <span class='ocrx_word' id='word_1_87' title='bbox 2643 992 2681 1060; x_wconf 81' lang='grc' dir='ltr'>ἢ</span> <span class='ocrx_word' id='word_1_88' title='bbox 2706 996 3207 1064; x_wconf 80' lang='grc' dir='ltr'><strong>μεθυσκομένων,</strong></span> <span class='ocrx_word' id='word_1_89' title='bbox 3234 996 3272 1063; x_wconf 80' lang='grc' dir='ltr'><strong>ἢ</strong></span> <span class='ocrx_word' id='word_1_90' title='bbox 3303 996 3495 1063; x_wconf 83' lang='grc' dir='ltr'>θέαις</span> <span class='ocrx_word' id='word_1_91' title='bbox 3544 994 3930 1062; x_wconf 65' lang='grc' dir='ltr'>παραϐαλ-</span> 
     </span>
    </p>
   </div>
   <div class='ocr_carea' id='block_1_12' title="bbox 489 1067 2126 1155">
    <p class='ocr_par' dir='ltr' id='par_1_12' title="bbox 489 1067 2101 1143">
     <span class='ocr_line' id='line_1_12' title="bbox 489 1067 2101 1143; baseline 0.002 -21"><span class='ocrx_word' id='word_1_92' title='bbox 489 1073 628 1129; x_wconf 80' lang='lat' dir='ltr'><strong>tant.</strong></span> <span class='ocrx_word' id='word_1_93' title='bbox 663 1069 940 1137; x_wconf 80' lang='lat' dir='ltr'><strong>furantur,</strong></span> <span class='ocrx_word' id='word_1_94' title='bbox 971 1067 1233 1137; x_wconf 85' lang='lat' dir='ltr'><strong>pejerant,</strong></span> <span class='ocrx_word' id='word_1_95' title='bbox 1268 1068 1621 1136; x_wconf 73' lang='lat' dir='ltr'><strong>fmusrantur,</strong></span> <span class='ocrx_word' id='word_1_96' title='bbox 1658 1072 1901 1125; x_wconf 77' lang='lat' dir='ltr'><strong>semisses</strong></span> <span class='ocrx_word' id='word_1_97' title='bbox 1944 1070 2101 1143; x_wconf 82' lang='lat' dir='ltr'><strong>[usu-</strong></span> 
     </span>
    </p>
   </div>
   <div class='ocr_carea' id='block_1_13' title="bbox 2287 1067 3924 1155">
    <p class='ocr_par' dir='ltr' id='par_1_13' title="bbox 2287 1085 3924 1155">
     <span class='ocr_line' id='line_1_13' title="bbox 2287 1085 3924 1155; baseline 0.004 -20"><span class='ocrx_word' id='word_1_98' title='bbox 2287 1099 2460 1150; x_wconf 79' lang='grc' dir='ltr'>ντων,</span> <span class='ocrx_word' id='word_1_99' title='bbox 2506 1085 3086 1155; x_wconf 75' lang='grc' dir='ltr'>τυμϐωρυχούντων,</span> <span class='ocrx_word' id='word_1_100' title='bbox 3141 1089 3611 1152; x_wconf 70' lang='grc' dir='ltr'><strong>κλεπτόντων,</strong></span> <span class='ocrx_word' id='word_1_101' title='bbox 3686 1086 3924 1155; x_wconf 76' lang='grc' dir='ltr'>ἐπιορ-</span> 
     </span>
    </p>
   </div>
   <div class='ocr_carea' id='block_1_14' title="bbox 487 1160 2124 1250">
    <p class='ocr_par' dir='ltr' id='par_1_14' title="bbox 487 1160 2098 1236">
     <span class='ocr_line' id='line_1_14' title="bbox 487 1160 2098 1236; baseline 0.002 -21"><span class='ocrx_word' id='word_1_102' title='bbox 487 1161 604 1234; x_wconf 80' lang='lat' dir='ltr'><strong>rus]</strong></span> <span class='ocrx_word' id='word_1_103' title='bbox 637 1163 876 1232; x_wconf 82' lang='lat' dir='ltr'><strong>capiunt,</strong></span> <span class='ocrx_word' id='word_1_104' title='bbox 906 1170 1000 1215; x_wconf 86' lang='lat' dir='ltr'><strong>aut</strong></span> <span class='ocrx_word' id='word_1_105' title='bbox 1026 1160 1176 1215; x_wconf 82' lang='lat' dir='ltr'><strong>aliud</strong></span> <span class='ocrx_word' id='word_1_106' title='bbox 1208 1162 1312 1216; x_wconf 84' lang='lat' dir='ltr'><strong>sibi</strong></span> <span class='ocrx_word' id='word_1_107' title='bbox 1342 1172 1495 1234; x_wconf 82' lang='lat' dir='ltr'><strong>turpe</strong></span> <span class='ocrx_word' id='word_1_108' title='bbox 1525 1162 1736 1218; x_wconf 86' lang='lat' dir='ltr'><strong>lucrum</strong></span> <span class='ocrx_word' id='word_1_109' title='bbox 1767 1165 2098 1236; x_wconf 75' lang='lat' dir='ltr'><strong>excogitant.</strong></span> 
     </span>
    </p>
   </div>
   <div class='ocr_carea' id='block_1_15' title="bbox 2289 1160 3926 1250">
    <p class='ocr_par' dir='ltr' id='par_1_15' title="bbox 2289 1174 3926 1250">
     <span class='ocr_line' id='line_1_15' title="bbox 2289 1174 3926 1250; baseline 0.003 -21"><span class='ocrx_word' id='word_1_110' title='bbox 2289 1176 2504 1239; x_wconf 76' lang='grc' dir='ltr'>ύντων,</span> <span class='ocrx_word' id='word_1_111' title='bbox 2540 1174 2900 1238; x_wconf 76' lang='grc' dir='ltr'>τοκιζόντων</span> <span class='ocrx_word' id='word_1_112' title='bbox 2941 1177 2981 1247; x_wconf 79' lang='grc' dir='ltr'>ἢ</span> <span class='ocrx_word' id='word_1_113' title='bbox 3022 1181 3476 1250; x_wconf 75' lang='grc' dir='ltr'>λαμϐανόντων</span> <span class='ocrx_word' id='word_1_114' title='bbox 3540 1180 3926 1249; x_wconf 69' lang='grc' dir='ltr'>ἡμιολίας,</span> 
     </span>
    </p>
   </div>
   <div class='ocr_carea' id='block_1_16' title="bbox 2207 1268 3927 1343">
    <p class='ocr_par' dir='ltr' id='par_1_16' title="bbox 2207 1268 3927 1343">
     <span class='ocr_line' id='line_1_16' title="bbox 2207 1268 3927 1343; baseline 0.004 -21"><span class='ocrx_word' id='word_1_115' title='bbox 2207 1268 2247 1337; x_wconf 77' lang='grc' dir='ltr'><em>ἢ</em></span> <span class='ocrx_word' id='word_1_116' title='bbox 2305 1268 2516 1337; x_wconf 73' lang='grc' dir='ltr'>ἕτερον</span> <span class='ocrx_word' id='word_1_117' title='bbox 2587 1272 2852 1343; x_wconf 72' lang='grc' dir='ltr'>αἰσχρὸν</span> <span class='ocrx_word' id='word_1_118' title='bbox 2901 1272 3140 1342; x_wconf 80' lang='grc' dir='ltr'><strong>ἑαυτοῖς</strong></span> <span class='ocrx_word' id='word_1_119' title='bbox 3212 1274 3707 1331; x_wconf 74' lang='grc' dir='ltr'><strong>ἐπινοούντων</strong></span> <span class='ocrx_word' id='word_1_120' title='bbox 3777 1272 3927 1343; x_wconf 69' lang='grc' dir='ltr'>κέρα</span> 
     </span>
    </p>
   </div>
   <div class='ocr_carea' id='block_1_17' title="bbox 2207 1362 2334 1431">
    <p class='ocr_par' dir='ltr' id='par_1_17' title="bbox 2207 1362 2334 1431">
     <span class='ocr_line' id='line_1_17' title="bbox 2207 1362 2334 1431; baseline 0.008 -14"><span class='ocrx_word' id='word_1_121' title='bbox 2207 1362 2334 1431; x_wconf 81' lang='grc' dir='ltr'>δος.</span> 
     </span>
    </p>
   </div>
   <div class='ocr_carea' id='block_1_18' title="bbox 557 1441 2194 1535">
    <p class='ocr_par' dir='ltr' id='par_1_18' title="bbox 557 1441 2102 1514">
     <span class='ocr_line' id='line_1_18' title="bbox 557 1441 2102 1514; baseline 0.005 -19"><span class='ocrx_word' id='word_1_122' title='bbox 557 1441 950 1513; x_wconf 76' lang='lat' dir='ltr'><strong>Apostolorum</strong></span> <span class='ocrx_word' id='word_1_123' title='bbox 994 1457 1173 1499; x_wconf 88' lang='lat' dir='ltr'><strong>canon</strong></span> <span class='ocrx_word' id='word_1_124' title='bbox 1215 1442 1308 1510; x_wconf 89' lang='lat'><strong>25,</strong></span> <span class='ocrx_word' id='word_1_125' title='bbox 1345 1445 1435 1510; x_wconf 69' lang='lat'><strong>42,</strong></span> <span class='ocrx_word' id='word_1_126' title='bbox 1468 1444 1560 1510; x_wconf 77' lang='grc'><strong>45,</strong></span> <span class='ocrx_word' id='word_1_127' title='bbox 1594 1445 1694 1514; x_wconf 68' lang='grc' dir='ltr'>μς</span> <span class='ocrx_word' id='word_1_128' title='bbox 1739 1446 1957 1503; x_wconf 85' lang='lat' dir='ltr'><strong>concilii</strong></span> <span class='ocrx_word' id='word_1_129' title='bbox 2001 1446 2102 1503; x_wconf 82' lang='lat' dir='ltr'><strong>Ni-</strong></span> 
     </span>
    </p>
   </div>
   <div class='ocr_carea' id='block_1_19' title="bbox 2288 1441 3925 1535">
    <p class='ocr_par' dir='ltr' id='par_1_19' title="bbox 2290 1459 3925 1535">
     <span class='ocr_line' id='line_1_19' title="bbox 2290 1459 3925 1535; baseline 0.001 -20"><span class='ocrx_word' id='word_1_130' title='bbox 2290 1460 2638 1515; x_wconf 79' lang='grc' dir='ltr'>Ἀποστόλων</span> <span class='ocrx_word' id='word_1_131' title='bbox 2672 1459 2859 1516; x_wconf 81' lang='grc' dir='ltr'>κανὼν</span> <span class='ocrx_word' id='word_1_132' title='bbox 2892 1460 2993 1531; x_wconf 84' lang='grc' dir='ltr'>κε’,</span> <span class='ocrx_word' id='word_1_133' title='bbox 3027 1460 3139 1535; x_wconf 83' lang='grc' dir='ltr'>μβ’,</span> <span class='ocrx_word' id='word_1_134' title='bbox 3166 1461 3278 1534; x_wconf 87' lang='grc' dir='ltr'><strong>μγ’,</strong></span> <span class='ocrx_word' id='word_1_135' title='bbox 3313 1462 3395 1535; x_wconf 88' lang='grc' dir='ltr'>μδ¹</span> <span class='ocrx_word' id='word_1_136' title='bbox 3414 1482 3429 1496; x_wconf 78' lang='grc' dir='ltr'><strong>ο</strong></span> <span class='ocrx_word' id='word_1_137' title='bbox 3474 1462 3773 1518; x_wconf 83' lang='grc' dir='ltr'><strong>συνόδου</strong></span> <span class='ocrx_word' id='word_1_138' title='bbox 3810 1461 3925 1517; x_wconf 80' lang='grc' dir='ltr'><strong>Νι-</strong></span> 
     </span>
    </p>
   </div>
   <div class='ocr_carea' id='block_1_20' title="bbox 488 1537 2125 1629">
    <p class='ocr_par' dir='ltr' id='par_1_20' title="bbox 488 1537 2104 1615">
     <span class='ocr_line' id='line_1_20' title="bbox 488 1537 2104 1615; baseline 0.004 -24"><span class='ocrx_word' id='word_1_139' title='bbox 488 1537 628 1592; x_wconf 76' lang='lat' dir='ltr'><strong>cami</strong></span> <span class='ocrx_word' id='word_1_140' title='bbox 674 1553 851 1592; x_wconf 91' lang='lat' dir='ltr'><strong>canon</strong></span> <span class='ocrx_word' id='word_1_141' title='bbox 890 1538 991 1602; x_wconf 82' lang='lat' dir='ltr'><strong>l7;</strong></span> <span class='ocrx_word' id='word_1_142' title='bbox 1032 1538 1329 1593; x_wconf 82' lang='lat' dir='ltr'><strong>Laodiceni</strong></span> <span class='ocrx_word' id='word_1_143' title='bbox 1366 1555 1543 1596; x_wconf 90' lang='lat' dir='ltr'><strong>canon</strong></span> <span class='ocrx_word' id='word_1_144' title='bbox 1580 1542 1634 1607; x_wconf 82' lang='grc'><strong>4,</strong></span> <span class='ocrx_word' id='word_1_145' title='bbox 1667 1542 1770 1609; x_wconf 75' lang='grc'><strong>54;</strong></span> <span class='ocrx_word' id='word_1_146' title='bbox 1809 1542 2104 1615; x_wconf 83' lang='lat' dir='ltr'><strong>Carthagi-</strong></span> 
     </span>
    </p>
   </div>
   <div class='ocr_carea' id='block_1_21' title="bbox 2284 1537 3921 1629">
    <p class='ocr_par' dir='ltr' id='par_1_21' title="bbox 2291 1551 3921 1629">
     <span class='ocr_line' id='line_1_21' title="bbox 2291 1551 3921 1629; baseline 0.002 -24"><span class='ocrx_word' id='word_1_147' title='bbox 2291 1551 2376 1617; x_wconf 88' lang='grc' dir='ltr'><strong>ίας</strong></span> <span class='ocrx_word' id='word_1_148' title='bbox 2408 1553 2589 1607; x_wconf 83' lang='grc' dir='ltr'>κανὼν</span> <span class='ocrx_word' id='word_1_149' title='bbox 2622 1552 2687 1620; x_wconf 79' lang='grc' dir='ltr'>ις’</span> <span class='ocrx_word' id='word_1_150' title='bbox 2725 1554 2825 1625; x_wconf 86' lang='grc' dir='ltr'>τῆς</span> <span class='ocrx_word' id='word_1_151' title='bbox 2868 1555 2927 1607; x_wconf 88' lang='grc' dir='ltr'><strong>ἐν</strong></span> <span class='ocrx_word' id='word_1_152' title='bbox 2966 1555 3262 1629; x_wconf 78' lang='grc' dir='ltr'><strong>Λαοδικείᾳ</strong></span> <span class='ocrx_word' id='word_1_153' title='bbox 3303 1555 3507 1610; x_wconf 85' lang='grc' dir='ltr'>κανὼν</span> <span class='ocrx_word' id='word_1_154' title='bbox 3546 1553 3635 1621; x_wconf 78' lang='grc' dir='ltr'>δ’,</span> <span class='ocrx_word' id='word_1_155' title='bbox 3673 1554 3771 1608; x_wconf 74' lang='grc' dir='ltr'>νδ¹</span> <span class='ocrx_word' id='word_1_156' title='bbox 3807 1555 3921 1625; x_wconf 83' lang='grc' dir='ltr'><strong>τῆς</strong></span> 
     </span>
    </p>
   </div>
   <div class='ocr_carea' id='block_1_22' title="bbox 491 1631 2128 1717">
    <p class='ocr_par' dir='ltr' id='par_1_22' title="bbox 491 1631 2102 1702">
     <span class='ocr_line' id='line_1_22' title="bbox 491 1631 2102 1702; baseline 0.004 -17"><span class='ocrx_word' id='word_1_157' title='bbox 491 1631 682 1686; x_wconf 89' lang='lat' dir='ltr'><strong>nensis</strong></span> <span class='ocrx_word' id='word_1_158' title='bbox 712 1647 888 1685; x_wconf 89' lang='lat' dir='ltr'><strong>canon</strong></span> <span class='ocrx_word' id='word_1_159' title='bbox 918 1632 973 1697; x_wconf 90' lang='lat'><strong>5,</strong></span> <span class='ocrx_word' id='word_1_160' title='bbox 1006 1631 1104 1698; x_wconf 81' lang='lat' dir='ltr'><strong>l6;</strong></span> <span class='ocrx_word' id='word_1_161' title='bbox 1139 1632 1357 1687; x_wconf 88' lang='lat' dir='ltr'><strong>concilii</strong></span> <span class='ocrx_word' id='word_1_162' title='bbox 1386 1635 1525 1688; x_wconf 83' lang='lat' dir='ltr'><strong>sexti</strong></span> <span class='ocrx_word' id='word_1_163' title='bbox 1560 1650 1737 1690; x_wconf 89' lang='lat' dir='ltr'><strong>canon</strong></span> <span class='ocrx_word' id='word_1_164' title='bbox 1774 1636 1865 1701; x_wconf 89' lang='grc'><strong>10,</strong></span> <span class='ocrx_word' id='word_1_165' title='bbox 1890 1637 1985 1702; x_wconf 89' lang='lat'><strong>25,</strong></span> <span class='ocrx_word' id='word_1_166' title='bbox 2007 1636 2102 1701; x_wconf 74' lang='grc'>24,</span> 
     </span>
    </p>
   </div>
   <div class='ocr_carea' id='block_1_23' title="bbox 2281 1631 3918 1717">
    <p class='ocr_par' dir='ltr' id='par_1_23' title="bbox 2297 1639 3918 1717">
     <span class='ocr_line' id='line_1_23' title="bbox 2297 1639 3918 1717; baseline 0.001 -21"><span class='ocrx_word' id='word_1_167' title='bbox 2297 1642 2661 1717; x_wconf 78' lang='grc' dir='ltr'>Καρθαγέννῃ</span> <span class='ocrx_word' id='word_1_168' title='bbox 2693 1644 2875 1699; x_wconf 87' lang='grc' dir='ltr'>κανὼν</span> <span class='ocrx_word' id='word_1_169' title='bbox 2901 1650 2964 1713; x_wconf 86' lang='grc' dir='ltr'>ε’,</span> <span class='ocrx_word' id='word_1_170' title='bbox 3006 1644 3080 1712; x_wconf 81' lang='grc' dir='ltr'>ις’</span> <span class='ocrx_word' id='word_1_171' title='bbox 3100 1662 3115 1677; x_wconf 76' lang='grc' dir='ltr'><strong><em>ο</em></strong></span> <span class='ocrx_word' id='word_1_172' title='bbox 3150 1646 3373 1700; x_wconf 73' lang='grc' dir='ltr'>συνόδου</span> <span class='ocrx_word' id='word_1_173' title='bbox 3431 1645 3505 1712; x_wconf 86' lang='grc' dir='ltr'>ς’</span> <span class='ocrx_word' id='word_1_174' title='bbox 3537 1643 3800 1707; x_wconf 73' lang='grc' dir='ltr'>ζκανὼν</span> <span class='ocrx_word' id='word_1_175' title='bbox 3853 1639 3918 1710; x_wconf 89' lang='grc' dir='ltr'>ι’,</span> 
     </span>
    </p>
   </div>
   <div class='ocr_carea' id='block_1_24' title="bbox 487 1723 2124 1812">
    <p class='ocr_par' dir='ltr' id='par_1_24' title="bbox 487 1723 2103 1799">
     <span class='ocr_line' id='line_1_24' title="bbox 487 1723 2103 1799; baseline 0.004 -20"><span class='ocrx_word' id='word_1_176' title='bbox 487 1724 592 1790; x_wconf 82' lang='grc'><strong>50,</strong></span> <span class='ocrx_word' id='word_1_177' title='bbox 630 1723 734 1790; x_wconf 82' lang='grc'><strong>51;</strong></span> <span class='ocrx_word' id='word_1_178' title='bbox 775 1725 999 1779; x_wconf 89' lang='lat' dir='ltr'><strong>concilii</strong></span> <span class='ocrx_word' id='word_1_179' title='bbox 1042 1723 1251 1781; x_wconf 69' lang='grc' dir='ltr'><strong>Νὴ)ωηὶ</strong></span> <span class='ocrx_word' id='word_1_180' title='bbox 1297 1729 1525 1783; x_wconf 88' lang='lat' dir='ltr'><strong>secundi</strong></span> <span class='ocrx_word' id='word_1_181' title='bbox 1571 1743 1748 1785; x_wconf 88' lang='lat' dir='ltr'><strong>canon</strong></span> <span class='ocrx_word' id='word_1_182' title='bbox 1796 1730 1863 1799; x_wconf 67' lang='lat'><strong>4;</strong></span> <span class='ocrx_word' id='word_1_183' title='bbox 1914 1729 2103 1786; x_wconf 87' lang='lat' dir='ltr'><strong>Basilii</strong></span> 
     </span>
    </p>
   </div>
   <div class='ocr_carea' id='block_1_25' title="bbox 2287 1723 3924 1812">
    <p class='ocr_par' dir='ltr' id='par_1_25' title="bbox 2287 1736 3924 1812">
     <span class='ocr_line' id='line_1_25' title="bbox 2287 1736 3924 1812; baseline -0.002 -17"><span class='ocrx_word' id='word_1_184' title='bbox 2287 1736 2313 1805; x_wconf 79' lang='grc'><strong>’,</strong></span> <span class='ocrx_word' id='word_1_185' title='bbox 2336 1738 2436 1805; x_wconf 84' lang='grc' dir='ltr'>κδ’,</span> <span class='ocrx_word' id='word_1_186' title='bbox 2463 1738 2529 1802; x_wconf 88' lang='grc' dir='ltr'><strong>ν’,</strong></span> <span class='ocrx_word' id='word_1_187' title='bbox 2564 1738 2646 1796; x_wconf 81' lang='lat' dir='ltr'><strong>va.’</strong></span> <span class='ocrx_word' id='word_1_188' title='bbox 2665 1756 2678 1771; x_wconf 88' lang='grc'><strong>·</strong></span> <span class='ocrx_word' id='word_1_189' title='bbox 2707 1740 2927 1794; x_wconf 72' lang='grc' dir='ltr'>συνόδου</span> <span class='ocrx_word' id='word_1_190' title='bbox 2950 1739 3188 1805; x_wconf 79' lang='grc' dir='ltr'><strong>Νικαίας</strong></span> <span class='ocrx_word' id='word_1_191' title='bbox 3218 1740 3281 1794; x_wconf 79' lang='grc' dir='ltr'>τὸ</span> <span class='ocrx_word' id='word_1_192' title='bbox 3304 1738 3349 1812; x_wconf 86' lang='grc' dir='ltr'>β’</span> <span class='ocrx_word' id='word_1_193' title='bbox 3395 1738 3630 1795; x_wconf 80' lang='grc' dir='ltr'>κανὼν</span> <span class='ocrx_word' id='word_1_194' title='bbox 3668 1737 3724 1793; x_wconf 85' lang='grc' dir='ltr'>δ’</span> <span class='ocrx_word' id='word_1_195' title='bbox 3748 1754 3765 1767; x_wconf 79' lang='grc'><strong><em>⁸</em></strong></span> <span class='ocrx_word' id='word_1_196' title='bbox 3806 1738 3924 1792; x_wconf 82' lang='grc' dir='ltr'><strong>Βα-</strong></span> 
     </span>
    </p>
   </div>
   <div class='ocr_carea' id='block_1_26' title="bbox 490 1817 2127 1894">
    <p class='ocr_par' dir='ltr' id='par_1_26' title="bbox 490 1817 1036 1885">
     <span class='ocr_line' id='line_1_26' title="bbox 490 1817 1036 1885; baseline 0 -12"><span class='ocrx_word' id='word_1_197' title='bbox 490 1832 671 1873; x_wconf 83' lang='lat' dir='ltr'><strong>canon</strong></span> <span class='ocrx_word' id='word_1_198' title='bbox 704 1817 911 1885; x_wconf 71' lang='grc'><strong>14,17,</strong></span> <span class='ocrx_word' id='word_1_199' title='bbox 941 1817 1036 1874; x_wconf 86' lang='grc'><strong>29.</strong></span> 
     </span>
    </p>
   </div>
   <div class='ocr_carea' id='block_1_27' title="bbox 1354 1817 2991 1894">
    <p class='ocr_par' dir='ltr' id='par_1_27' title="bbox 2135 1824 2991 1894">
     <span class='ocr_line' id='line_1_27' title="bbox 2135 1824 2991 1894; baseline 0.006 -17"><span class='ocrx_word' id='word_1_200' title='bbox 2135 1828 2179 1885; x_wconf 89' lang='grc' dir='ltr'>Β</span> <span class='ocrx_word' id='word_1_201' title='bbox 2214 1824 2416 1880; x_wconf 82' lang='grc' dir='ltr'>σιλείου</span> <span class='ocrx_word' id='word_1_202' title='bbox 2444 1825 2627 1881; x_wconf 86' lang='grc' dir='ltr'>κανὼν</span> <span class='ocrx_word' id='word_1_203' title='bbox 2657 1825 2739 1890; x_wconf 89' lang='grc' dir='ltr'>ιδ’,</span> <span class='ocrx_word' id='word_1_204' title='bbox 2769 1826 2858 1894; x_wconf 76' lang='grc' dir='ltr'><strong>ιζ’,</strong></span> <span class='ocrx_word' id='word_1_205' title='bbox 2890 1826 2991 1882; x_wconf 88' lang='grc' dir='ltr'>κθ’.</span> 
     </span>
    </p>
   </div>
   <div class='ocr_carea' id='block_1_28' title="bbox 563 1905 2200 1991">
    <p class='ocr_par' dir='ltr' id='par_1_28' title="bbox 563 1905 2101 1987">
     <span class='ocr_line' id='line_1_28' title="bbox 563 1905 2101 1987; baseline 0.008 -27"><span class='ocrx_word' id='word_1_206' title='bbox 563 1905 782 1961; x_wconf 65' lang='lat' dir='ltr'><strong>Tenus.</strong></span> <span class='ocrx_word' id='word_1_207' title='bbox 837 1908 1027 1964; x_wconf 89' lang='lat' dir='ltr'><strong>Const.</strong></span> <span class='ocrx_word' id='word_1_208' title='bbox 1068 1909 1138 1965; x_wconf 65' lang='lat'><strong>54</strong></span> <span class='ocrx_word' id='word_1_209' title='bbox 1179 1911 1262 1967; x_wconf 87' lang='lat' dir='ltr'><strong>tit.</strong></span> <span class='ocrx_word' id='word_1_210' title='bbox 1303 1912 1338 1968; x_wconf 75' lang='grc'><strong>4</strong></span> <span class='ocrx_word' id='word_1_211' title='bbox 1376 1911 1473 1969; x_wconf 88' lang='lat' dir='ltr'><strong>lib.</strong></span> <span class='ocrx_word' id='word_1_212' title='bbox 1521 1912 1548 1967; x_wconf 87' lang='grc'><strong>1</strong></span> <span class='ocrx_word' id='word_1_213' title='bbox 1600 1912 1726 1969; x_wconf 84' lang='lat' dir='ltr'><strong>cod.</strong></span> <span class='ocrx_word' id='word_1_214' title='bbox 1771 1914 2101 1987; x_wconf 81' lang='lat' dir='ltr'><strong>Episcopus,</strong></span> 
     </span>
    </p>
   </div>
   <div class='ocr_carea' id='block_1_29' title="bbox 2284 1905 3921 1991">
    <p class='ocr_par' dir='ltr' id='par_1_29' title="bbox 2289 1916 3921 1991">
     <span class='ocr_line' id='line_1_29' title="bbox 2289 1916 3921 1991; baseline 0.001 -20"><span class='ocrx_word' id='word_1_215' title='bbox 2289 1918 2604 1987; x_wconf 74' lang='grc' dir='ltr'>Κείμενον.</span> <span class='ocrx_word' id='word_1_216' title='bbox 2650 1918 2717 1973; x_wconf 84' lang='grc' dir='ltr'><em>Ἦ</em></span> <span class='ocrx_word' id='word_1_217' title='bbox 2748 1918 2821 1974; x_wconf 87' lang='grc' dir='ltr'>λδ¹</span> <span class='ocrx_word' id='word_1_218' title='bbox 2853 1919 2998 1974; x_wconf 85' lang='grc' dir='ltr'>διάτ.</span> <span class='ocrx_word' id='word_1_219' title='bbox 3025 1916 3123 1974; x_wconf 80' lang='grc' dir='ltr'><strong>τοῦ</strong></span> <span class='ocrx_word' id='word_1_220' title='bbox 3151 1918 3194 1975; x_wconf 67' lang='grc' dir='ltr'><strong>δ</strong></span> <span class='ocrx_word' id='word_1_221' title='bbox 3232 1919 3342 1980; x_wconf 78' lang='grc' dir='ltr'>τίτ.</span> <span class='ocrx_word' id='word_1_222' title='bbox 3383 1920 3495 1975; x_wconf 77' lang='grc' dir='ltr'><strong>τοῦ</strong></span> <span class='ocrx_word' id='word_1_223' title='bbox 3544 1927 3611 1973; x_wconf 86' lang='lat' dir='ltr'><strong>a.’</strong></span> <span class='ocrx_word' id='word_1_224' title='bbox 3673 1918 3921 1991; x_wconf 84' lang='grc' dir='ltr'>βιϐλίου</span> 
     </span>
    </p>
   </div>
   <div class='ocr_carea' id='block_1_30' title="bbox 492 2002 2129 2085">
    <p class='ocr_par' dir='ltr' id='par_1_30' title="bbox 492 2002 1881 2079">
     <span class='ocr_line' id='line_1_30' title="bbox 492 2002 1881 2079; baseline 0.007 -24"><span class='ocrx_word' id='word_1_225' title='bbox 492 2010 627 2066; x_wconf 88' lang='lat' dir='ltr'><strong>etc.,</strong></span> <span class='ocrx_word' id='word_1_226' title='bbox 662 2017 827 2072; x_wconf 75' lang='lat' dir='ltr'><strong>usque</strong></span> <span class='ocrx_word' id='word_1_227' title='bbox 859 2002 929 2055; x_wconf 85' lang='lat' dir='ltr'><strong>ad</strong></span> <span class='ocrx_word' id='word_1_228' title='bbox 959 2002 1312 2074; x_wconf 88' lang='lat' dir='ltr'><strong>imminuant,</strong></span> <span class='ocrx_word' id='word_1_229' title='bbox 1340 2015 1400 2061; x_wconf 84' lang='lat' dir='ltr'><strong>ut</strong></span> <span class='ocrx_word' id='word_1_230' title='bbox 1429 2023 1559 2079; x_wconf 88' lang='lat' dir='ltr'><strong>pag.</strong></span> <span class='ocrx_word' id='word_1_231' title='bbox 1596 2007 1727 2076; x_wconf 89' lang='lat'><strong>298,</strong></span> <span class='ocrx_word' id='word_1_232' title='bbox 1750 2008 1881 2066; x_wconf 83' lang='lat'><strong>299.</strong></span> 
     </span>
    </p>
   </div>
   <div class='ocr_carea' id='block_1_31' title="bbox 2275 2002 3912 2085">
    <p class='ocr_par' dir='ltr' id='par_1_31' title="bbox 2275 2008 3912 2085">
     <span class='ocr_line' id='line_1_31' title="bbox 2275 2008 3912 2085; baseline 0.002 -23"><span class='ocrx_word' id='word_1_233' title='bbox 2275 2008 2310 2062; x_wconf 73' lang='lat' dir='ltr'><strong>ii</strong></span> <span class='ocrx_word' id='word_1_234' title='bbox 2343 2008 2599 2073; x_wconf 83' lang='grc' dir='ltr'>κὼδικος,</span> <span class='ocrx_word' id='word_1_235' title='bbox 2628 2009 2819 2082; x_wconf 82' lang='grc' dir='ltr'>φησὶν,</span> <span class='ocrx_word' id='word_1_236' title='bbox 2844 2027 2898 2065; x_wconf 89' lang='grc' dir='ltr'><strong>κ.</strong></span> <span class='ocrx_word' id='word_1_237' title='bbox 2935 2028 2989 2064; x_wconf 87' lang='grc' dir='ltr'><strong>τ.</strong></span> <span class='ocrx_word' id='word_1_238' title='bbox 3014 2010 3091 2077; x_wconf 86' lang='grc' dir='ltr'><strong>λ.,</strong></span> <span class='ocrx_word' id='word_1_239' title='bbox 3124 2027 3304 2083; x_wconf 90' lang='lat' dir='ltr'><strong>usque</strong></span> <span class='ocrx_word' id='word_1_240' title='bbox 3337 2012 3405 2067; x_wconf 89' lang='lat' dir='ltr'><strong>ad</strong></span> <span class='ocrx_word' id='word_1_241' title='bbox 3438 2011 3912 2085; x_wconf 80' lang='grc' dir='ltr'>ἐπιδεικνυμέ-</span> 
     </span>
    </p>
   </div>
   <div class='ocr_carea' id='block_1_32' title="bbox 2209 2102 3487 2176">
    <p class='ocr_par' dir='ltr' id='par_1_32' title="bbox 2209 2102 3487 2176">
     <span class='ocr_line' id='line_1_32' title="bbox 2209 2102 3487 2176; baseline 0 -16"><span class='ocrx_word' id='word_1_242' title='bbox 2209 2121 2309 2175; x_wconf 86' lang='grc' dir='ltr'><strong>νης</strong></span> <span class='ocrx_word' id='word_1_243' title='bbox 2338 2103 2597 2158; x_wconf 78' lang='grc' dir='ltr'><strong>ἐλαττοῦν</strong></span> <span class='ocrx_word' id='word_1_244' title='bbox 2622 2104 2713 2158; x_wconf 79' lang='grc' dir='ltr'><strong>τὸν</strong></span> <span class='ocrx_word' id='word_1_245' title='bbox 2746 2104 2959 2175; x_wconf 86' lang='grc' dir='ltr'>χρόνον.</span> <span class='ocrx_word' id='word_1_246' title='bbox 2988 2102 3167 2176; x_wconf 88' lang='lat' dir='ltr'><strong>Supra</strong></span> <span class='ocrx_word' id='word_1_247' title='bbox 3194 2121 3316 2176; x_wconf 87' lang='lat' dir='ltr'><strong>pag.</strong></span> <span class='ocrx_word' id='word_1_248' title='bbox 3348 2105 3487 2160; x_wconf 90' lang='lat'><strong>298.</strong></span> 
     </span>
    </p>
   </div>
   <div class='ocr_carea' id='block_1_33' title="bbox 565 2186 2202 2268">
    <p class='ocr_par' dir='ltr' id='par_1_33' title="bbox 565 2186 2109 2255">
     <span class='ocr_line' id='line_1_33' title="bbox 565 2186 2109 2255; baseline 0.008 -12"><span class='ocrx_word' id='word_1_249' title='bbox 565 2186 860 2246; x_wconf 79' lang='lat' dir='ltr'><strong>Scholium.</strong></span> <span class='ocrx_word' id='word_1_250' title='bbox 926 2189 1123 2248; x_wconf 88' lang='lat' dir='ltr'><strong>Const.</strong></span> <span class='ocrx_word' id='word_1_251' title='bbox 1156 2192 1228 2248; x_wconf 66' lang='lat'><strong>54</strong></span> <span class='ocrx_word' id='word_1_252' title='bbox 1262 2193 1344 2248; x_wconf 92' lang='lat' dir='ltr'><strong>tit.</strong></span> <span class='ocrx_word' id='word_1_253' title='bbox 1381 2194 1417 2249; x_wconf 76' lang='grc'><strong>4</strong></span> <span class='ocrx_word' id='word_1_254' title='bbox 1453 2192 1550 2249; x_wconf 91' lang='lat' dir='ltr'><strong>lib.</strong></span> <span class='ocrx_word' id='word_1_255' title='bbox 1613 2208 1632 2249; x_wconf 88' lang='lat' dir='ltr'><strong>l</strong></span> <span class='ocrx_word' id='word_1_256' title='bbox 1681 2196 1804 2251; x_wconf 83' lang='lat' dir='ltr'><strong>cod.</strong></span> <span class='ocrx_word' id='word_1_257' title='bbox 1861 2211 1970 2253; x_wconf 91' lang='lat' dir='ltr'><strong>non</strong></span> <span class='ocrx_word' id='word_1_258' title='bbox 2022 2208 2109 2255; x_wconf 90' lang='lat' dir='ltr'><strong>est</strong></span> 
     </span>
    </p>
   </div>
   <div class='ocr_carea' id='block_1_34' title="bbox 2271 2186 3908 2268">
    <p class='ocr_par' dir='ltr' id='par_1_34' title="bbox 2287 2194 3908 2268">
     <span class='ocr_line' id='line_1_34' title="bbox 2287 2194 3908 2268; baseline -0.001 -18"><span class='ocrx_word' id='word_1_259' title='bbox 2287 2196 2575 2264; x_wconf 78' lang='grc' dir='ltr'><strong>Σχόλιον.</strong></span> <span class='ocrx_word' id='word_1_260' title='bbox 2612 2197 2680 2251; x_wconf 82' lang='grc' dir='ltr'>Ἡ</span> <span class='ocrx_word' id='word_1_261' title='bbox 2726 2196 2805 2250; x_wconf 80' lang='grc' dir='ltr'>λδ’</span> <span class='ocrx_word' id='word_1_262' title='bbox 2833 2196 2975 2252; x_wconf 82' lang='grc' dir='ltr'>διάτ.</span> <span class='ocrx_word' id='word_1_263' title='bbox 3009 2196 3109 2251; x_wconf 81' lang='grc' dir='ltr'>τοῦ</span> <span class='ocrx_word' id='word_1_264' title='bbox 3153 2196 3195 2251; x_wconf 84' lang='grc' dir='ltr'>δ’</span> <span class='ocrx_word' id='word_1_265' title='bbox 3238 2198 3346 2252; x_wconf 88' lang='grc' dir='ltr'>τίτ.</span> <span class='ocrx_word' id='word_1_266' title='bbox 3380 2196 3481 2251; x_wconf 79' lang='grc' dir='ltr'>τοῦ</span> <span class='ocrx_word' id='word_1_267' title='bbox 3546 2195 3609 2251; x_wconf 81' lang='grc' dir='ltr'>α’</span> <span class='ocrx_word' id='word_1_268' title='bbox 3662 2194 3908 2268; x_wconf 78' lang='grc' dir='ltr'>βιϐλίου</span> 
     </span>
    </p>
   </div>
   <div class='ocr_carea' id='block_1_35' title="bbox 490 2281 2127 2363">
    <p class='ocr_par' dir='ltr' id='par_1_35' title="bbox 490 2281 2109 2352">
     <span class='ocr_line' id='line_1_35' title="bbox 490 2281 2109 2352; baseline 0.007 -16"><span class='ocrx_word' id='word_1_269' title='bbox 490 2281 670 2352; x_wconf 85' lang='lat' dir='ltr'><strong>posita</strong></span> <span class='ocrx_word' id='word_1_270' title='bbox 723 2283 778 2338; x_wconf 92' lang='lat' dir='ltr'><strong>in</strong></span> <span class='ocrx_word' id='word_1_271' title='bbox 830 2284 997 2339; x_wconf 88' lang='lat' dir='ltr'><strong>Basil.</strong></span> <span class='ocrx_word' id='word_1_272' title='bbox 1033 2285 1270 2342; x_wconf 88' lang='lat' dir='ltr'><strong>Constit.</strong></span> <span class='ocrx_word' id='word_1_273' title='bbox 1319 2286 1357 2341; x_wconf 88' lang='lat'><strong>2</strong></span> <span class='ocrx_word' id='word_1_274' title='bbox 1410 2289 1495 2343; x_wconf 92' lang='lat' dir='ltr'><strong>tit.</strong></span> <span class='ocrx_word' id='word_1_275' title='bbox 1539 2289 1564 2344; x_wconf 89' lang='grc'><strong>1</strong></span> <span class='ocrx_word' id='word_1_276' title='bbox 1616 2288 1965 2346; x_wconf 79' lang='lat' dir='ltr'><strong>Novellarum</strong></span> <span class='ocrx_word' id='word_1_277' title='bbox 2021 2300 2109 2349; x_wconf 88' lang='lat' dir='ltr'><strong>est</strong></span> 
     </span>
    </p>
   </div>
   <div class='ocr_carea' id='block_1_36' title="bbox 2264 2281 3901 2363">
    <p class='ocr_par' dir='ltr' id='par_1_36' title="bbox 2264 2286 3901 2363">
     <span class='ocr_line' id='line_1_36' title="bbox 2264 2286 3901 2363; baseline 0.002 -23"><span class='ocrx_word' id='word_1_278' title='bbox 2264 2286 2309 2341; x_wconf 67' lang='lat' dir='ltr'><strong>i5</strong></span> <span class='ocrx_word' id='word_1_279' title='bbox 2343 2287 2586 2353; x_wconf 87' lang='grc' dir='ltr'>κώδικος</span> <span class='ocrx_word' id='word_1_280' title='bbox 2606 2288 2708 2342; x_wconf 85' lang='grc' dir='ltr'>οὐκ</span> <span class='ocrx_word' id='word_1_281' title='bbox 2740 2288 2901 2358; x_wconf 88' lang='grc' dir='ltr'>ἐτέθη</span> <span class='ocrx_word' id='word_1_282' title='bbox 2924 2291 3006 2353; x_wconf 79' lang='grc' dir='ltr'>εξς</span> <span class='ocrx_word' id='word_1_283' title='bbox 3032 2288 3101 2343; x_wconf 85' lang='grc' dir='ltr'>τὰ</span> <span class='ocrx_word' id='word_1_284' title='bbox 3116 2290 3403 2345; x_wconf 84' lang='grc' dir='ltr'>Βασιλικά.</span> <span class='ocrx_word' id='word_1_285' title='bbox 3447 2290 3527 2344; x_wconf 82' lang='grc' dir='ltr'><strong>Ἡ</strong></span> <span class='ocrx_word' id='word_1_286' title='bbox 3548 2290 3620 2343; x_wconf 80' lang='grc' dir='ltr'>δὲ</span> <span class='ocrx_word' id='word_1_287' title='bbox 3663 2289 3715 2361; x_wconf 84' lang='grc' dir='ltr'>β’</span> <span class='ocrx_word' id='word_1_288' title='bbox 3744 2290 3901 2363; x_wconf 57' lang='grc' dir='ltr'>διὰτ,</span> 
     </span>
    </p>
   </div>
   <div class='ocr_carea' id='block_1_37' title="bbox 492 2375 2129 2457">
    <p class='ocr_par' dir='ltr' id='par_1_37' title="bbox 492 2375 2095 2457">
     <span class='ocr_line' id='line_1_37' title="bbox 492 2375 2095 2457; baseline 0.008 -29"><span class='ocrx_word' id='word_1_289' title='bbox 492 2375 706 2432; x_wconf 88' lang='lat' dir='ltr'><strong>novella</strong></span> <span class='ocrx_word' id='word_1_290' title='bbox 743 2375 1038 2434; x_wconf 63' lang='lat' dir='ltr'><strong>Iustiniani</strong></span> <span class='ocrx_word' id='word_1_291' title='bbox 1086 2380 1214 2445; x_wconf 77' lang='grc'>125,</span> <span class='ocrx_word' id='word_1_292' title='bbox 1268 2382 1446 2450; x_wconf 88' lang='lat' dir='ltr'><strong>posita</strong></span> <span class='ocrx_word' id='word_1_293' title='bbox 1488 2382 1618 2456; x_wconf 90' lang='lat' dir='ltr'><strong>[que</strong></span> <span class='ocrx_word' id='word_1_294' title='bbox 1659 2382 1763 2457; x_wconf 89' lang='lat' dir='ltr'><strong>est]</strong></span> <span class='ocrx_word' id='word_1_295' title='bbox 1809 2385 1861 2438; x_wconf 89' lang='lat' dir='ltr'><strong>in</strong></span> <span class='ocrx_word' id='word_1_296' title='bbox 1906 2386 2001 2440; x_wconf 91' lang='lat' dir='ltr'><strong>lib.</strong></span> <span class='ocrx_word' id='word_1_297' title='bbox 2033 2402 2095 2441; x_wconf 85' lang='grc' dir='ltr'><strong>ιιι</strong></span> 
     </span>
    </p>
   </div>
   <div class='ocr_carea' id='block_1_38' title="bbox 2267 2375 3904 2457">
    <p class='ocr_par' dir='ltr' id='par_1_38' title="bbox 2267 2378 3904 2455">
     <span class='ocr_line' id='line_1_38' title="bbox 2267 2378 3904 2455; baseline 0.001 -24"><span class='ocrx_word' id='word_1_298' title='bbox 2267 2378 2307 2433; x_wconf 63' lang='grc' dir='ltr'><strong>ιῦ</strong></span> <span class='ocrx_word' id='word_1_299' title='bbox 2341 2386 2390 2433; x_wconf 87' lang='grc' dir='ltr'>α’</span> <span class='ocrx_word' id='word_1_300' title='bbox 2422 2379 2529 2435; x_wconf 86' lang='grc' dir='ltr'>τίτ.</span> <span class='ocrx_word' id='word_1_301' title='bbox 2574 2379 2686 2434; x_wconf 86' lang='grc' dir='ltr'><strong>τῶν</strong></span> <span class='ocrx_word' id='word_1_302' title='bbox 2744 2380 2978 2453; x_wconf 85' lang='grc' dir='ltr'>Νεαρῶν</span> <span class='ocrx_word' id='word_1_303' title='bbox 3015 2380 3135 2435; x_wconf 77' lang='grc' dir='ltr'>ἐστι</span> <span class='ocrx_word' id='word_1_304' title='bbox 3180 2381 3351 2455; x_wconf 84' lang='grc' dir='ltr'>νεαρὰ</span> <span class='ocrx_word' id='word_1_305' title='bbox 3401 2381 3904 2442; x_wconf 82' lang='grc' dir='ltr'>Ἰουστινιάνειος</span> 
     </span>
    </p>
   </div>
   <div class='ocr_carea' id='block_1_39' title="bbox 496 2466 2133 2551">
    <p class='ocr_par' dir='ltr' id='par_1_39' title="bbox 496 2466 2102 2551">
     <span class='ocr_line' id='line_1_39' title="bbox 496 2466 2102 2551; baseline 0.011 -32"><span class='ocrx_word' id='word_1_306' title='bbox 496 2466 665 2523; x_wconf 80' lang='lat' dir='ltr'><strong>Basil.</strong></span> <span class='ocrx_word' id='word_1_307' title='bbox 695 2471 780 2526; x_wconf 93' lang='lat' dir='ltr'><strong>tit.</strong></span> <span class='ocrx_word' id='word_1_308' title='bbox 814 2472 869 2537; x_wconf 90' lang='grc'><strong>1,</strong></span> <span class='ocrx_word' id='word_1_309' title='bbox 901 2487 1023 2542; x_wconf 83' lang='lat' dir='ltr'><strong>cap.</strong></span> <span class='ocrx_word' id='word_1_310' title='bbox 1050 2472 1108 2541; x_wconf 88' lang='lat'><strong>2,</strong></span> <span class='ocrx_word' id='word_1_311' title='bbox 1141 2475 1289 2545; x_wconf 91' lang='lat' dir='ltr'><strong>quod</strong></span> <span class='ocrx_word' id='word_1_312' title='bbox 1326 2477 1712 2548; x_wconf 79' lang='lat' dir='ltr'><strong>complectitur</strong></span> <span class='ocrx_word' id='word_1_313' title='bbox 1750 2493 2102 2551; x_wconf 66' lang='lat' dir='ltr'><strong>quaecunque</strong></span> 
     </span>
    </p>
   </div>
   <div class='ocr_carea' id='block_1_40' title="bbox 2260 2466 3897 2551">
    <p class='ocr_par' dir='ltr' id='par_1_40' title="bbox 2260 2469 3897 2544">
     <span class='ocr_line' id='line_1_40' title="bbox 2260 2469 3897 2544; baseline 0.002 -20"><span class='ocrx_word' id='word_1_314' title='bbox 2260 2469 2339 2540; x_wconf 70' lang='grc' dir='ltr'><strong>κγ’</strong></span> <span class='ocrx_word' id='word_1_315' title='bbox 2368 2471 2603 2544; x_wconf 81' lang='grc' dir='ltr'><strong>κειμένη</strong></span> <span class='ocrx_word' id='word_1_316' title='bbox 2653 2474 2711 2525; x_wconf 90' lang='grc' dir='ltr'><strong>ἐν</strong></span> <span class='ocrx_word' id='word_1_317' title='bbox 2760 2471 2955 2543; x_wconf 86' lang='grc' dir='ltr'>βιϐλίῳ</span> <span class='ocrx_word' id='word_1_318' title='bbox 3000 2470 3055 2542; x_wconf 77' lang='grc' dir='ltr'><strong>γ’</strong></span> <span class='ocrx_word' id='word_1_319' title='bbox 3100 2472 3209 2526; x_wconf 84' lang='grc' dir='ltr'><strong>τῶν</strong></span> <span class='ocrx_word' id='word_1_320' title='bbox 3254 2472 3592 2527; x_wconf 81' lang='grc' dir='ltr'>Βασιλικῶν</span> <span class='ocrx_word' id='word_1_321' title='bbox 3666 2472 3793 2526; x_wconf 78' lang='grc' dir='ltr'>τίτ.</span> <span class='ocrx_word' id='word_1_322' title='bbox 3844 2470 3897 2527; x_wconf 87' lang='grc' dir='ltr'>α’</span> 
     </span>
    </p>
   </div>
   <div class='ocr_carea' id='block_1_41' title="bbox 500 2560 2137 2637">
    <p class='ocr_par' dir='ltr' id='par_1_41' title="bbox 500 2560 1357 2637">
     <span class='ocr_line' id='line_1_41' title="bbox 500 2560 1357 2637; baseline 0.009 -22"><span class='ocrx_word' id='word_1_323' title='bbox 500 2560 555 2615; x_wconf 89' lang='lat' dir='ltr'><strong>in</strong></span> <span class='ocrx_word' id='word_1_324' title='bbox 591 2571 743 2618; x_wconf 81' lang='lat' dir='ltr'><strong>textu</strong></span> <span class='ocrx_word' id='word_1_325' title='bbox 777 2566 1181 2637; x_wconf 87' lang='lat' dir='ltr'><strong>comprehensa</strong></span> <span class='ocrx_word' id='word_1_326' title='bbox 1206 2576 1357 2623; x_wconf 88' lang='lat' dir='ltr'><strong>sunt.</strong></span> 
     </span>
    </p>
   </div>
   <div class='ocr_carea' id='block_1_42' title="bbox 2257 2560 3894 2637">
    <p class='ocr_par' dir='ltr' id='par_1_42' title="bbox 2257 2560 3894 2637">
     <span class='ocr_line' id='line_1_42' title="bbox 2257 2560 3894 2637; baseline 0.001 -21"><span class='ocrx_word' id='word_1_327' title='bbox 2257 2579 2340 2633; x_wconf 81' lang='grc' dir='ltr'><strong>εφ.</strong></span> <span class='ocrx_word' id='word_1_328' title='bbox 2368 2560 2476 2635; x_wconf 81' lang='grc' dir='ltr'>κβ’,</span> <span class='ocrx_word' id='word_1_329' title='bbox 2496 2562 2920 2635; x_wconf 81' lang='grc' dir='ltr'>διαλαμϐάνοντι</span> <span class='ocrx_word' id='word_1_330' title='bbox 2947 2565 3050 2619; x_wconf 86' lang='grc' dir='ltr'><strong>ὅσα</strong></span> <span class='ocrx_word' id='word_1_331' title='bbox 3073 2565 3155 2630; x_wconf 86' lang='grc' dir='ltr'><strong>είς</strong></span> <span class='ocrx_word' id='word_1_332' title='bbox 3180 2563 3243 2618; x_wconf 91' lang='grc' dir='ltr'>τὸ</span> <span class='ocrx_word' id='word_1_333' title='bbox 3263 2565 3529 2636; x_wconf 82' lang='grc' dir='ltr'>κείμενον</span> <span class='ocrx_word' id='word_1_334' title='bbox 3554 2562 3894 2637; x_wconf 64' lang='grc' dir='ltr'>διελήφθη-</span> 
     </span>
    </p>
   </div>
   <div class='ocr_carea' id='block_1_43' title="bbox 2218 2670 2341 2709">
    <p class='ocr_par' dir='ltr' id='par_1_43' title="bbox 2218 2670 2341 2709">
     <span class='ocr_line' id='line_1_43' title="bbox 2218 2670 2341 2709; baseline 0.008 -1"><span class='ocrx_word' id='word_1_335' title='bbox 2218 2670 2341 2709; x_wconf 85' lang='grc' dir='ltr'>σαν.</span> 
     </span>
    </p>
   </div>
   <div class='ocr_carea' id='block_1_44' title="bbox 584 2746 2221 2827">
    <p class='ocr_par' dir='ltr' id='par_1_44' title="bbox 584 2748 2110 2827">
     <span class='ocr_line' id='line_1_44' title="bbox 584 2748 2110 2827; baseline 0.005 -23"><span class='ocrx_word' id='word_1_336' title='bbox 584 2748 931 2807; x_wconf 71' lang='lat' dir='ltr'><strong>Textus.Nou</strong></span> <span class='ocrx_word' id='word_1_337' title='bbox 962 2751 1129 2808; x_wconf 90' lang='lat' dir='ltr'><strong>modo</strong></span> <span class='ocrx_word' id='word_1_338' title='bbox 1155 2752 1426 2823; x_wconf 74' lang='lat' dir='ltr'><strong>peierare,</strong></span> <span class='ocrx_word' id='word_1_339' title='bbox 1449 2763 1585 2821; x_wconf 88' lang='lat' dir='ltr'><strong>etc.,</strong></span> <span class='ocrx_word' id='word_1_340' title='bbox 1611 2771 1777 2827; x_wconf 75' lang='lat' dir='ltr'><strong>usque</strong></span> <span class='ocrx_word' id='word_1_341' title='bbox 1805 2756 1877 2810; x_wconf 87' lang='lat' dir='ltr'><strong>ad</strong></span> <span class='ocrx_word' id='word_1_342' title='bbox 1901 2756 2110 2812; x_wconf 88' lang='lat' dir='ltr'><strong>dictum</strong></span> 
     </span>
    </p>
   </div>
   <div class='ocr_carea' id='block_1_45' title="bbox 2237 2746 3874 2827">
    <p class='ocr_par' dir='ltr' id='par_1_45' title="bbox 2287 2746 3874 2822">
     <span class='ocr_line' id='line_1_45' title="bbox 2287 2746 3874 2822; baseline -0.003 -17"><span class='ocrx_word' id='word_1_343' title='bbox 2287 2749 2599 2820; x_wconf 82' lang='grc' dir='ltr'>Κείμενον.</span> <span class='ocrx_word' id='word_1_344' title='bbox 2626 2750 2702 2804; x_wconf 85' lang='grc' dir='ltr'><strong>Οὐ</strong></span> <span class='ocrx_word' id='word_1_345' title='bbox 2736 2748 2896 2821; x_wconf 80' lang='grc' dir='ltr'>μόνον</span> <span class='ocrx_word' id='word_1_346' title='bbox 2921 2750 3206 2822; x_wconf 78' lang='grc' dir='ltr'><strong>ἐπιορκεῖν</strong></span> <span class='ocrx_word' id='word_1_347' title='bbox 3233 2748 3514 2804; x_wconf 79' lang='grc' dir='ltr'><strong>κωλύεται</strong></span> <span class='ocrx_word' id='word_1_348' title='bbox 3542 2746 3874 2820; x_wconf 73' lang='grc' dir='ltr'>κληρικὸς,</span> 
     </span>
    </p>
   </div>
   <div class='ocr_carea' id='block_1_46' title="bbox 498 2839 2135 2917">
    <p class='ocr_par' dir='ltr' id='par_1_46' title="bbox 498 2844 1287 2917">
     <span class='ocr_line' id='line_1_46' title="bbox 498 2844 1287 2917; baseline 0.005 -18"><span class='ocrx_word' id='word_1_349' title='bbox 498 2844 742 2913; x_wconf 77' lang='lat' dir='ltr'><strong>videtur,</strong></span> <span class='ocrx_word' id='word_1_350' title='bbox 774 2854 832 2898; x_wconf 86' lang='lat' dir='ltr'><strong>ut</strong></span> <span class='ocrx_word' id='word_1_351' title='bbox 857 2861 982 2917; x_wconf 85' lang='lat' dir='ltr'><strong>pag.</strong></span> <span class='ocrx_word' id='word_1_352' title='bbox 1008 2844 1136 2915; x_wconf 87' lang='lat'><strong>298,</strong></span> <span class='ocrx_word' id='word_1_353' title='bbox 1158 2846 1287 2905; x_wconf 89' lang='lat'><strong>299.</strong></span> 
     </span>
    </p>
   </div>
   <div class='ocr_carea' id='block_1_47' title="bbox 2244 2839 3881 2917">
    <p class='ocr_par' dir='ltr' id='par_1_47' title="bbox 2244 2839 3881 2913">
     <span class='ocr_line' id='line_1_47' title="bbox 2244 2839 3881 2913; baseline -0.003 -16"><span class='ocrx_word' id='word_1_354' title='bbox 2244 2859 2274 2897; x_wconf 86' lang='lat'><strong>:.</strong></span> <span class='ocrx_word' id='word_1_355' title='bbox 2298 2860 2349 2897; x_wconf 89' lang='grc' dir='ltr'><strong>τ.</strong></span> <span class='ocrx_word' id='word_1_356' title='bbox 2375 2842 2452 2909; x_wconf 90' lang='grc' dir='ltr'><strong>λ.,</strong></span> <span class='ocrx_word' id='word_1_357' title='bbox 2486 2856 2665 2912; x_wconf 86' lang='lat' dir='ltr'><strong>usque</strong></span> <span class='ocrx_word' id='word_1_358' title='bbox 2688 2841 2753 2895; x_wconf 87' lang='lat' dir='ltr'><strong>ad</strong></span> <span class='ocrx_word' id='word_1_359' title='bbox 2789 2840 3142 2911; x_wconf 81' lang='grc' dir='ltr'><strong>ὑπερθέσεως</strong></span> <span class='ocrx_word' id='word_1_360' title='bbox 3164 2840 3390 2896; x_wconf 78' lang='grc' dir='ltr'>ἐπὶτῶν</span> <span class='ocrx_word' id='word_1_361' title='bbox 3411 2839 3697 2913; x_wconf 81' lang='grc' dir='ltr'>βοναφίδι</span> <span class='ocrx_word' id='word_1_362' title='bbox 3723 2841 3881 2909; x_wconf 79' lang='grc' dir='ltr'>ἀγω-</span> 
     </span>
    </p>
   </div>
   <div class='ocr_carea' id='block_1_48' title="bbox 1282 2933 3043 3008">
    <p class='ocr_par' dir='ltr' id='par_1_48' title="bbox 1282 2933 3043 3008">
     <span class='ocr_line' id='line_1_48' title="bbox 1282 2933 3043 3008; baseline 0.002 -21"><span class='ocrx_word' id='word_1_363' title='bbox 1282 2984 1283 2987; x_wconf 25' lang='lat'><strong>.</strong></span> <span class='ocrx_word' id='word_1_364' title='bbox 2214 2935 2352 3008; x_wconf 85' lang='grc' dir='ltr'>γῶν.</span> <span class='ocrx_word' id='word_1_365' title='bbox 2386 2935 2564 3006; x_wconf 88' lang='lat' dir='ltr'><strong>Supra</strong></span> <span class='ocrx_word' id='word_1_366' title='bbox 2592 2950 2718 3007; x_wconf 87' lang='lat' dir='ltr'><strong>pag.</strong></span> <span class='ocrx_word' id='word_1_367' title='bbox 2753 2933 2883 2998; x_wconf 85' lang='lat'><strong>298,</strong></span> <span class='ocrx_word' id='word_1_368' title='bbox 2916 2933 3043 2990; x_wconf 91' lang='lat'><strong>299.</strong></span> 
     </span>
    </p>
   </div>
   <div class='ocr_carea' id='block_1_49' title="bbox 570 3021 2207 3098">
    <p class='ocr_par' dir='ltr' id='par_1_49' title="bbox 570 3029 2108 3094">
     <span class='ocr_line' id='line_1_49' title="bbox 570 3029 2108 3094; baseline 0.003 -8"><span class='ocrx_word' id='word_1_369' title='bbox 570 3029 869 3087; x_wconf 83' lang='lat' dir='ltr'><strong>Scholium.</strong></span> <span class='ocrx_word' id='word_1_370' title='bbox 916 3030 1155 3088; x_wconf 89' lang='lat' dir='ltr'><strong>Constit.</strong></span> <span class='ocrx_word' id='word_1_371' title='bbox 1206 3032 1278 3088; x_wconf 88' lang='lat'><strong>25</strong></span> <span class='ocrx_word' id='word_1_372' title='bbox 1326 3032 1411 3089; x_wconf 91' lang='lat' dir='ltr'><strong>tit.</strong></span> <span class='ocrx_word' id='word_1_373' title='bbox 1442 3034 1476 3088; x_wconf 98' lang='lat'><strong>5</strong></span> <span class='ocrx_word' id='word_1_374' title='bbox 1504 3034 1653 3091; x_wconf 84' lang='lat' dir='ltr'><strong>lib.t</strong></span> <span class='ocrx_word' id='word_1_375' title='bbox 1697 3035 1821 3092; x_wconf 89' lang='lat' dir='ltr'><strong>cod.</strong></span> <span class='ocrx_word' id='word_1_376' title='bbox 1859 3050 1971 3092; x_wconf 90' lang='lat' dir='ltr'><strong>non</strong></span> <span class='ocrx_word' id='word_1_377' title='bbox 2020 3044 2108 3094; x_wconf 87' lang='lat' dir='ltr'><strong>est</strong></span> 
     </span>
    </p>
   </div>
   <div class='ocr_carea' id='block_1_50' title="bbox 2237 3021 3874 3098">
    <p class='ocr_par' dir='ltr' id='par_1_50' title="bbox 2294 3021 3874 3098">
     <span class='ocr_line' id='line_1_50' title="bbox 2294 3021 3874 3098; baseline -0.006 -14"><span class='ocrx_word' id='word_1_378' title='bbox 2294 3028 2600 3098; x_wconf 60' lang='grc' dir='ltr'>,Σχόλιοικ</span> <span class='ocrx_word' id='word_1_379' title='bbox 2641 3026 2707 3080; x_wconf 82' lang='grc' dir='ltr'><strong>Ἡ</strong></span> <span class='ocrx_word' id='word_1_380' title='bbox 2743 3024 2822 3080; x_wconf 87' lang='grc' dir='ltr'>κε’</span> <span class='ocrx_word' id='word_1_381' title='bbox 2851 3025 2993 3083; x_wconf 84' lang='grc' dir='ltr'>διάτ.</span> <span class='ocrx_word' id='word_1_382' title='bbox 3035 3024 3135 3080; x_wconf 83' lang='grc' dir='ltr'>τοῦ</span> <span class='ocrx_word' id='word_1_383' title='bbox 3163 3023 3215 3096; x_wconf 64' lang='grc' dir='ltr'>γί</span> <span class='ocrx_word' id='word_1_384' title='bbox 3236 3024 3346 3081; x_wconf 86' lang='grc' dir='ltr'>τίτ.</span> <span class='ocrx_word' id='word_1_385' title='bbox 3376 3024 3478 3081; x_wconf 80' lang='grc' dir='ltr'>τοῦ</span> <span class='ocrx_word' id='word_1_386' title='bbox 3526 3024 3587 3080; x_wconf 87' lang='grc' dir='ltr'>α’</span> <span class='ocrx_word' id='word_1_387' title='bbox 3638 3021 3874 3096; x_wconf 79' lang='grc' dir='ltr'>βιϐλίου</span> 
     </span>
    </p>
   </div>
   <div class='ocr_carea' id='block_1_51' title="bbox 499 3114 2136 3193">
    <p class='ocr_par' dir='ltr' id='par_1_51' title="bbox 499 3121 2108 3193">
     <span class='ocr_line' id='line_1_51' title="bbox 499 3121 2108 3193; baseline 0.004 -18"><span class='ocrx_word' id='word_1_388' title='bbox 499 3134 731 3193; x_wconf 78' lang='lat' dir='ltr'><strong>excepta</strong></span> <span class='ocrx_word' id='word_1_389' title='bbox 784 3121 839 3177; x_wconf 93' lang='lat' dir='ltr'><strong>in</strong></span> <span class='ocrx_word' id='word_1_390' title='bbox 894 3121 1062 3179; x_wconf 89' lang='lat' dir='ltr'><strong>Basil.</strong></span> <span class='ocrx_word' id='word_1_391' title='bbox 1097 3122 1288 3179; x_wconf 87' lang='lat' dir='ltr'><strong>Const.</strong></span> <span class='ocrx_word' id='word_1_392' title='bbox 1320 3126 1355 3180; x_wconf 89' lang='lat'><strong>5</strong></span> <span class='ocrx_word' id='word_1_393' title='bbox 1389 3126 1474 3184; x_wconf 93' lang='lat' dir='ltr'><strong>tit.</strong></span> <span class='ocrx_word' id='word_1_394' title='bbox 1509 3126 1579 3180; x_wconf 85' lang='grc'><strong>12</strong></span> <span class='ocrx_word' id='word_1_395' title='bbox 1636 3126 1733 3181; x_wconf 91' lang='lat' dir='ltr'><strong>lib.</strong></span> <span class='ocrx_word' id='word_1_396' title='bbox 1784 3143 1803 3182; x_wconf 82' lang='lat'><strong>1</strong></span> <span class='ocrx_word' id='word_1_397' title='bbox 1856 3126 1982 3183; x_wconf 89' lang='lat' dir='ltr'><strong>cod.</strong></span> <span class='ocrx_word' id='word_1_398' title='bbox 2020 3136 2108 3182; x_wconf 86' lang='lat' dir='ltr'><strong>est</strong></span> 
     </span>
    </p>
   </div>
   <div class='ocr_carea' id='block_1_52' title="bbox 2228 3114 3865 3193">
    <p class='ocr_par' dir='ltr' id='par_1_52' title="bbox 2228 3114 3865 3189">
     <span class='ocr_line' id='line_1_52' title="bbox 2228 3114 3865 3189; baseline -0.005 -13"><span class='ocrx_word' id='word_1_399' title='bbox 2228 3119 2312 3176; x_wconf 77' lang='grc' dir='ltr'><strong>τοῦ</strong></span> <span class='ocrx_word' id='word_1_400' title='bbox 2364 3120 2596 3185; x_wconf 52' lang='grc' dir='ltr'>κώδιικος</span> <span class='ocrx_word' id='word_1_401' title='bbox 2662 3119 2765 3173; x_wconf 86' lang='grc' dir='ltr'>οὐκ</span> <span class='ocrx_word' id='word_1_402' title='bbox 2820 3117 3093 3189; x_wconf 71' lang='grc' dir='ltr'>ἐξελήςρθη</span> <span class='ocrx_word' id='word_1_403' title='bbox 3155 3120 3239 3183; x_wconf 82' lang='grc' dir='ltr'><strong>είς</strong></span> <span class='ocrx_word' id='word_1_404' title='bbox 3280 3118 3351 3175; x_wconf 82' lang='grc' dir='ltr'>τὰ</span> <span class='ocrx_word' id='word_1_405' title='bbox 3403 3117 3727 3173; x_wconf 80' lang='grc' dir='ltr'>Βασιλικά.</span> <span class='ocrx_word' id='word_1_406' title='bbox 3798 3114 3865 3168; x_wconf 85' lang='grc' dir='ltr'><strong><em>Ἦ</em></strong></span> 
     </span>
    </p>
   </div>
   <div class='ocr_carea' id='block_1_53' title="bbox 499 3196 2136 3286">
    <p class='ocr_par' dir='ltr' id='par_1_53' title="bbox 499 3214 2102 3286">
     <span class='ocr_line' id='line_1_53' title="bbox 499 3214 2102 3286; baseline 0.002 -18"><span class='ocrx_word' id='word_1_407' title='bbox 499 3229 627 3283; x_wconf 90' lang='lat' dir='ltr'><strong>cap.</strong></span> <span class='ocrx_word' id='word_1_408' title='bbox 662 3214 749 3279; x_wconf 90' lang='grc'><strong>11,</strong></span> <span class='ocrx_word' id='word_1_409' title='bbox 778 3214 865 3270; x_wconf 91' lang='lat' dir='ltr'><strong>tit.</strong></span> <span class='ocrx_word' id='word_1_410' title='bbox 894 3214 948 3281; x_wconf 93' lang='grc'><strong>1,</strong></span> <span class='ocrx_word' id='word_1_411' title='bbox 975 3215 1075 3270; x_wconf 90' lang='lat' dir='ltr'><strong>lib.</strong></span> <span class='ocrx_word' id='word_1_412' title='bbox 1098 3231 1133 3270; x_wconf 80' lang='grc' dir='ltr'><strong>ν</strong></span> <span class='ocrx_word' id='word_1_413' title='bbox 1156 3215 1323 3271; x_wconf 89' lang='lat' dir='ltr'><strong>Basil.</strong></span> <span class='ocrx_word' id='word_1_414' title='bbox 1354 3217 1500 3286; x_wconf 92' lang='lat' dir='ltr'><strong>quod</strong></span> <span class='ocrx_word' id='word_1_415' title='bbox 1529 3218 1796 3273; x_wconf 88' lang='lat' dir='ltr'><strong>insertum</strong></span> <span class='ocrx_word' id='word_1_416' title='bbox 1824 3228 1907 3273; x_wconf 89' lang='lat' dir='ltr'><strong>est</strong></span> <span class='ocrx_word' id='word_1_417' title='bbox 1934 3217 2102 3273; x_wconf 89' lang='lat' dir='ltr'><strong>inter-</strong></span> 
     </span>
    </p>
   </div>
   <div class='ocr_carea' id='block_1_54' title="bbox 2224 3196 3861 3286">
    <p class='ocr_par' dir='ltr' id='par_1_54' title="bbox 2224 3205 3861 3285">
     <span class='ocr_line' id='line_1_54' title="bbox 2224 3205 3861 3285; baseline -0.005 -19"><span class='ocrx_word' id='word_1_418' title='bbox 2224 3221 2267 3285; x_wconf 84' lang='grc' dir='ltr'><strong>γ’</strong></span> <span class='ocrx_word' id='word_1_419' title='bbox 2293 3214 2434 3268; x_wconf 86' lang='grc' dir='ltr'>διάτ.</span> <span class='ocrx_word' id='word_1_420' title='bbox 2467 3211 2562 3267; x_wconf 79' lang='grc' dir='ltr'><strong>τοῦ</strong></span> <span class='ocrx_word' id='word_1_421' title='bbox 2610 3210 2676 3283; x_wconf 88' lang='grc' dir='ltr'>ιβ’</span> <span class='ocrx_word' id='word_1_422' title='bbox 2715 3209 2822 3269; x_wconf 88' lang='grc' dir='ltr'>τίτ.</span> <span class='ocrx_word' id='word_1_423' title='bbox 2852 3210 2951 3264; x_wconf 84' lang='grc' dir='ltr'>τοῦ</span> <span class='ocrx_word' id='word_1_424' title='bbox 2982 3208 3030 3264; x_wconf 82' lang='grc' dir='ltr'>α’</span> <span class='ocrx_word' id='word_1_425' title='bbox 3063 3208 3272 3280; x_wconf 87' lang='grc' dir='ltr'>βιϐλίου</span> <span class='ocrx_word' id='word_1_426' title='bbox 3322 3209 3420 3264; x_wconf 80' lang='grc' dir='ltr'><strong>τοῦ</strong></span> <span class='ocrx_word' id='word_1_427' title='bbox 3458 3209 3719 3270; x_wconf 84' lang='grc' dir='ltr'>κὼδικος</span> <span class='ocrx_word' id='word_1_428' title='bbox 3744 3205 3861 3259; x_wconf 79' lang='grc' dir='ltr'>ἐστι</span> 
     </span>
    </p>
   </div>
   <div class='ocr_carea' id='block_1_55' title="bbox 500 3298 2137 3381">
    <p class='ocr_par' dir='ltr' id='par_1_55' title="bbox 500 3305 2107 3381">
     <span class='ocr_line' id='line_1_55' title="bbox 500 3305 2107 3381; baseline 0.004 -22"><span class='ocrx_word' id='word_1_429' title='bbox 500 3305 799 3376; x_wconf 88' lang='lat' dir='ltr'><strong>pretationi</strong></span> <span class='ocrx_word' id='word_1_430' title='bbox 824 3322 947 3376; x_wconf 87' lang='lat' dir='ltr'><strong>cap.</strong></span> <span class='ocrx_word' id='word_1_431' title='bbox 968 3307 1025 3373; x_wconf 88' lang='lat'><strong>2,</strong></span> <span class='ocrx_word' id='word_1_432' title='bbox 1054 3306 1137 3361; x_wconf 91' lang='lat' dir='ltr'><strong>tit.</strong></span> <span class='ocrx_word' id='word_1_433' title='bbox 1164 3306 1219 3374; x_wconf 89' lang='lat'><strong>5,</strong></span> <span class='ocrx_word' id='word_1_434' title='bbox 1243 3309 1533 3378; x_wconf 70' lang='lat' dir='ltr'><strong>praesentis</strong></span> <span class='ocrx_word' id='word_1_435' title='bbox 1560 3310 1765 3380; x_wconf 88' lang='lat' dir='ltr'><strong>operis,</strong></span> <span class='ocrx_word' id='word_1_436' title='bbox 1789 3310 1937 3381; x_wconf 91' lang='lat' dir='ltr'><strong>quod</strong></span> <span class='ocrx_word' id='word_1_437' title='bbox 1973 3309 2107 3365; x_wconf 85' lang='lat' dir='ltr'><strong>nihil</strong></span> 
     </span>
    </p>
   </div>
   <div class='ocr_carea' id='block_1_56' title="bbox 2227 3298 3864 3381">
    <p class='ocr_par' dir='ltr' id='par_1_56' title="bbox 2227 3298 3864 3377">
     <span class='ocr_line' id='line_1_56' title="bbox 2227 3298 3864 3377; baseline -0.006 -15"><span class='ocrx_word' id='word_1_438' title='bbox 2227 3324 2351 3377; x_wconf 78' lang='grc' dir='ltr'>κεφ.</span> <span class='ocrx_word' id='word_1_439' title='bbox 2388 3303 2457 3360; x_wconf 87' lang='grc' dir='ltr'>ια’</span> <span class='ocrx_word' id='word_1_440' title='bbox 2504 3304 2601 3359; x_wconf 81' lang='grc' dir='ltr'><strong>τοῦ</strong></span> <span class='ocrx_word' id='word_1_441' title='bbox 2637 3302 2685 3358; x_wconf 86' lang='grc' dir='ltr'>α’</span> <span class='ocrx_word' id='word_1_442' title='bbox 2730 3304 2837 3358; x_wconf 84' lang='grc' dir='ltr'>τίτ.</span> <span class='ocrx_word' id='word_1_443' title='bbox 2887 3302 2982 3358; x_wconf 80' lang='grc' dir='ltr'>τοῦ</span> <span class='ocrx_word' id='word_1_444' title='bbox 3017 3308 3061 3356; x_wconf 84' lang='grc' dir='ltr'>ε’</span> <span class='ocrx_word' id='word_1_445' title='bbox 3096 3301 3305 3374; x_wconf 83' lang='grc' dir='ltr'>βιϐλίου</span> <span class='ocrx_word' id='word_1_446' title='bbox 3347 3302 3458 3356; x_wconf 85' lang='grc' dir='ltr'>τῶν</span> <span class='ocrx_word' id='word_1_447' title='bbox 3492 3298 3864 3364; x_wconf 76' lang='grc' dir='ltr'>Βασιλικῶν,</span> 
     </span>
    </p>
   </div>
   <div class='ocr_carea' id='block_1_57' title="bbox 501 3388 2138 3471">
    <p class='ocr_par' dir='ltr' id='par_1_57' title="bbox 501 3396 2103 3471">
     <span class='ocr_line' id='line_1_57' title="bbox 501 3396 2103 3471; baseline 0.004 -20"><span class='ocrx_word' id='word_1_448' title='bbox 501 3398 571 3451; x_wconf 87' lang='lat' dir='ltr'><strong>de</strong></span> <span class='ocrx_word' id='word_1_449' title='bbox 596 3396 960 3466; x_wconf 84' lang='lat' dir='ltr'><strong>jurejurando</strong></span> <span class='ocrx_word' id='word_1_450' title='bbox 989 3405 1234 3454; x_wconf 89' lang='lat' dir='ltr'><strong>tractans</strong></span> <span class='ocrx_word' id='word_1_451' title='bbox 1259 3400 1396 3471; x_wconf 86' lang='lat' dir='ltr'><strong>lege.</strong></span> <span class='ocrx_word' id='word_1_452' title='bbox 1419 3398 1609 3455; x_wconf 85' lang='lat' dir='ltr'><strong>Const.</strong></span> <span class='ocrx_word' id='word_1_453' title='bbox 1639 3400 1672 3455; x_wconf 85' lang='lat'><strong>6</strong></span> <span class='ocrx_word' id='word_1_454' title='bbox 1714 3401 1959 3471; x_wconf 78' lang='lat' dir='ltr'><strong>ejusdem</strong></span> <span class='ocrx_word' id='word_1_455' title='bbox 2006 3402 2103 3457; x_wconf 89' lang='lat' dir='ltr'><strong>lib.</strong></span> 
     </span>
    </p>
   </div>
   <div class='ocr_carea' id='block_1_58' title="bbox 2225 3388 3862 3471">
    <p class='ocr_par' dir='ltr' id='par_1_58' title="bbox 2226 3388 3862 3469">
     <span class='ocr_line' id='line_1_58' title="bbox 2226 3388 3862 3469; baseline -0.007 -16"><span class='ocrx_word' id='word_1_456' title='bbox 2226 3400 2367 3469; x_wconf 86' lang='grc' dir='ltr'>ὅπερ</span> <span class='ocrx_word' id='word_1_457' title='bbox 2397 3396 2757 3469; x_wconf 83' lang='grc' dir='ltr'>κατεστρώθη</span> <span class='ocrx_word' id='word_1_458' title='bbox 2787 3397 2868 3461; x_wconf 85' lang='grc' dir='ltr'><strong>είς</strong></span> <span class='ocrx_word' id='word_1_459' title='bbox 2897 3397 2997 3468; x_wconf 74' lang='grc' dir='ltr'>τὴν</span> <span class='ocrx_word' id='word_1_460' title='bbox 3024 3395 3324 3467; x_wconf 82' lang='grc' dir='ltr'>ἑρμηνείαν</span> <span class='ocrx_word' id='word_1_461' title='bbox 3352 3394 3450 3449; x_wconf 81' lang='grc' dir='ltr'>τοῦ</span> <span class='ocrx_word' id='word_1_462' title='bbox 3486 3394 3536 3467; x_wconf 77' lang='grc' dir='ltr'>β’</span> <span class='ocrx_word' id='word_1_463' title='bbox 3565 3411 3709 3463; x_wconf 81' lang='grc' dir='ltr'>κεφ.</span> <span class='ocrx_word' id='word_1_464' title='bbox 3762 3388 3862 3444; x_wconf 75' lang='grc' dir='ltr'>τοῦ</span> 
     </span>
    </p>
   </div>
   <div class='ocr_carea' id='block_1_59' title="bbox 506 3479 2143 3563">
    <p class='ocr_par' dir='ltr' id='par_1_59' title="bbox 506 3489 2121 3563">
     <span class='ocr_line' id='line_1_59' title="bbox 506 3489 2121 3563; baseline 0.004 -20"><span class='ocrx_word' id='word_1_465' title='bbox 506 3498 569 3543; x_wconf 87' lang='lat' dir='ltr'><strong>ct</strong></span> <span class='ocrx_word' id='word_1_466' title='bbox 600 3491 686 3543; x_wconf 92' lang='lat' dir='ltr'><strong>tit.</strong></span> <span class='ocrx_word' id='word_1_467' title='bbox 709 3489 832 3544; x_wconf 85' lang='lat' dir='ltr'><strong>cod.</strong></span> <span class='ocrx_word' id='word_1_468' title='bbox 858 3498 943 3545; x_wconf 87' lang='lat' dir='ltr'><strong>est</strong></span> <span class='ocrx_word' id='word_1_469' title='bbox 971 3492 1157 3545; x_wconf 90' lang='lat' dir='ltr'><strong>thema</strong></span> <span class='ocrx_word' id='word_1_470' title='bbox 1190 3493 1290 3546; x_wconf 92' lang='lat' dir='ltr'><strong>ult.</strong></span> <span class='ocrx_word' id='word_1_471' title='bbox 1313 3507 1436 3563; x_wconf 90' lang='lat' dir='ltr'><strong>cap.</strong></span> <span class='ocrx_word' id='word_1_472' title='bbox 1461 3493 1550 3558; x_wconf 85' lang='lat' dir='ltr'><strong>l5,</strong></span> <span class='ocrx_word' id='word_1_473' title='bbox 1584 3493 1670 3549; x_wconf 83' lang='lat' dir='ltr'><strong>tit.</strong></span> <span class='ocrx_word' id='word_1_474' title='bbox 1696 3494 1750 3559; x_wconf 94' lang='grc'><strong>1,</strong></span> <span class='ocrx_word' id='word_1_475' title='bbox 1776 3495 1873 3551; x_wconf 87' lang='lat' dir='ltr'><strong>lib.</strong></span> <span class='ocrx_word' id='word_1_476' title='bbox 1896 3511 1927 3549; x_wconf 81' lang='grc' dir='ltr'><strong>ν</strong></span> <span class='ocrx_word' id='word_1_477' title='bbox 1952 3494 2121 3551; x_wconf 90' lang='lat' dir='ltr'><strong>Basil.</strong></span> 
     </span>
    </p>
   </div>
   <div class='ocr_carea' id='block_1_60' title="bbox 2220 3479 3857 3563">
    <p class='ocr_par' dir='ltr' id='par_1_60' title="bbox 2225 3479 3857 3561">
     <span class='ocr_line' id='line_1_60' title="bbox 2225 3479 3857 3561; baseline -0.007 -16"><span class='ocrx_word' id='word_1_478' title='bbox 2225 3489 2267 3545; x_wconf 87' lang='grc' dir='ltr'>ε’</span> <span class='ocrx_word' id='word_1_479' title='bbox 2309 3489 2418 3544; x_wconf 88' lang='grc' dir='ltr'>τίτ.</span> <span class='ocrx_word' id='word_1_480' title='bbox 2469 3487 2567 3543; x_wconf 80' lang='grc' dir='ltr'>τοῦ</span> <span class='ocrx_word' id='word_1_481' title='bbox 2615 3489 2892 3561; x_wconf 80' lang='grc' dir='ltr'>παρόντος</span> <span class='ocrx_word' id='word_1_482' title='bbox 2944 3486 3348 3556; x_wconf 79' lang='grc' dir='ltr'>συντάγματος.</span> <span class='ocrx_word' id='word_1_483' title='bbox 3401 3487 3517 3540; x_wconf 74' lang='grc' dir='ltr'><strong>Καὶ</strong></span> <span class='ocrx_word' id='word_1_484' title='bbox 3570 3479 3857 3553; x_wconf 80' lang='grc' dir='ltr'>ἀνάγνωθι</span> 
     </span>
    </p>
   </div>
   <div class='ocr_carea' id='block_1_61' title="bbox 504 3574 2141 3654">
    <p class='ocr_par' dir='ltr' id='par_1_61' title="bbox 504 3580 2125 3654">
     <span class='ocr_line' id='line_1_61' title="bbox 504 3580 2125 3654; baseline 0.006 -19"><span class='ocrx_word' id='word_1_485' title='bbox 504 3580 756 3652; x_wconf 79' lang='lat' dir='ltr'><strong>nihilque</strong></span> <span class='ocrx_word' id='word_1_486' title='bbox 804 3582 873 3637; x_wconf 88' lang='lat' dir='ltr'><strong>dc</strong></span> <span class='ocrx_word' id='word_1_487' title='bbox 917 3582 1284 3654; x_wconf 89' lang='lat' dir='ltr'><strong>jurejurando</strong></span> <span class='ocrx_word' id='word_1_488' title='bbox 1332 3594 1555 3642; x_wconf 84' lang='lat' dir='ltr'><strong>tractat.</strong></span> <span class='ocrx_word' id='word_1_489' title='bbox 1602 3586 1973 3654; x_wconf 70' lang='lat' dir='ltr'><strong>Quaerendum</strong></span> <span class='ocrx_word' id='word_1_490' title='bbox 2036 3595 2125 3644; x_wconf 88' lang='lat' dir='ltr'><strong>est</strong></span> 
     </span>
    </p>
   </div>
   <div class='ocr_carea' id='block_1_62' title="bbox 2206 3574 3843 3654">
    <p class='ocr_par' dir='ltr' id='par_1_62' title="bbox 2227 3574 3843 3654">
     <span class='ocr_line' id='line_1_62' title="bbox 2227 3574 3843 3654; baseline -0.007 -15"><span class='ocrx_word' id='word_1_491' title='bbox 2227 3584 2395 3639; x_wconf 81' lang='grc' dir='ltr'>τοῦτο</span> <span class='ocrx_word' id='word_1_492' title='bbox 2445 3581 2612 3654; x_wconf 75' lang='grc' dir='ltr'>μηδὲν</span> <span class='ocrx_word' id='word_1_493' title='bbox 2654 3581 2788 3653; x_wconf 79' lang='grc' dir='ltr'>περὶ</span> <span class='ocrx_word' id='word_1_494' title='bbox 2838 3581 3011 3651; x_wconf 84' lang='grc' dir='ltr'>ὅρκου</span> <span class='ocrx_word' id='word_1_495' title='bbox 3042 3578 3433 3651; x_wconf 79' lang='grc' dir='ltr'>διαλαμϐάνον.</span> <span class='ocrx_word' id='word_1_496' title='bbox 3480 3579 3551 3632; x_wconf 88' lang='grc' dir='ltr'><strong>Ἦ</strong></span> <span class='ocrx_word' id='word_1_497' title='bbox 3597 3575 3658 3643; x_wconf 82' lang='grc' dir='ltr'>ς’</span> <span class='ocrx_word' id='word_1_498' title='bbox 3704 3574 3843 3628; x_wconf 77' lang='grc' dir='ltr'>διάτ.</span> 
     </span>
    </p>
   </div>
   <div class='ocr_carea' id='block_1_63' title="bbox 506 3665 2143 3751">
    <p class='ocr_par' dir='ltr' id='par_1_63' title="bbox 506 3675 2127 3751">
     <span class='ocr_line' id='line_1_63' title="bbox 506 3675 2127 3751; baseline 0.005 -24"><span class='ocrx_word' id='word_1_499' title='bbox 506 3675 679 3743; x_wconf 79' lang='lat' dir='ltr'><strong>igitur</strong></span> <span class='ocrx_word' id='word_1_500' title='bbox 716 3689 787 3729; x_wconf 93' lang='lat' dir='ltr'><strong>an</strong></span> <span class='ocrx_word' id='word_1_501' title='bbox 829 3676 1072 3746; x_wconf 85' lang='lat' dir='ltr'><strong>episcopi</strong></span> <span class='ocrx_word' id='word_1_502' title='bbox 1105 3686 1163 3731; x_wconf 88' lang='lat' dir='ltr'><strong>et</strong></span> <span class='ocrx_word' id='word_1_503' title='bbox 1198 3676 1386 3733; x_wconf 90' lang='lat' dir='ltr'><strong>clerici</strong></span> <span class='ocrx_word' id='word_1_504' title='bbox 1419 3679 1704 3749; x_wconf 86' lang='lat' dir='ltr'><strong>conceptis</strong></span> <span class='ocrx_word' id='word_1_505' title='bbox 1728 3680 1911 3735; x_wconf 84' lang='lat' dir='ltr'><strong>verbis</strong></span> <span class='ocrx_word' id='word_1_506' title='bbox 1935 3680 2127 3751; x_wconf 89' lang='lat' dir='ltr'><strong>jurare</strong></span> 
     </span>
    </p>
   </div>
   <div class='ocr_carea' id='block_1_64' title="bbox 2217 3665 3854 3751">
    <p class='ocr_par' dir='ltr' id='par_1_64' title="bbox 2229 3665 3854 3749">
     <span class='ocr_line' id='line_1_64' title="bbox 2229 3665 3854 3749; baseline -0.006 -16"><span class='ocrx_word' id='word_1_507' title='bbox 2229 3677 2329 3733; x_wconf 80' lang='grc' dir='ltr'><strong>τοῦ</strong></span> <span class='ocrx_word' id='word_1_508' title='bbox 2362 3676 2532 3735; x_wconf 79' lang='grc' dir='ltr'>αὑτοῦ</span> <span class='ocrx_word' id='word_1_509' title='bbox 2569 3676 2776 3749; x_wconf 87' lang='grc' dir='ltr'>βιϐλίου</span> <span class='ocrx_word' id='word_1_510' title='bbox 2825 3676 2922 3730; x_wconf 76' lang='grc' dir='ltr'>καὶ</span> <span class='ocrx_word' id='word_1_511' title='bbox 2965 3676 3071 3731; x_wconf 90' lang='grc' dir='ltr'>τίτ.</span> <span class='ocrx_word' id='word_1_512' title='bbox 3106 3674 3203 3730; x_wconf 80' lang='grc' dir='ltr'><strong>τοῦ</strong></span> <span class='ocrx_word' id='word_1_513' title='bbox 3255 3673 3490 3740; x_wconf 85' lang='grc' dir='ltr'>κώδικος</span> <span class='ocrx_word' id='word_1_514' title='bbox 3537 3674 3697 3745; x_wconf 84' lang='grc' dir='ltr'>θέμα</span> <span class='ocrx_word' id='word_1_515' title='bbox 3723 3665 3854 3727; x_wconf 80' lang='grc' dir='ltr'>οὖσα</span> 
     </span>
    </p>
   </div>
   <div class='ocr_carea' id='block_1_65' title="bbox 506 3762 2143 3844">
    <p class='ocr_par' dir='ltr' id='par_1_65' title="bbox 506 3766 2127 3844">
     <span class='ocr_line' id='line_1_65' title="bbox 506 3766 2127 3844; baseline 0.005 -24"><span class='ocrx_word' id='word_1_516' title='bbox 506 3767 761 3821; x_wconf 76' lang='lat' dir='ltr'><strong>debeant.</strong></span> <span class='ocrx_word' id='word_1_517' title='bbox 788 3766 856 3822; x_wconf 88' lang='lat' dir='ltr'><strong>Et</strong></span> <span class='ocrx_word' id='word_1_518' title='bbox 881 3768 1160 3835; x_wconf 76' lang='lat' dir='ltr'><strong>exiStimo,</strong></span> <span class='ocrx_word' id='word_1_519' title='bbox 1183 3771 1329 3841; x_wconf 88' lang='lat' dir='ltr'><strong>quod</strong></span> <span class='ocrx_word' id='word_1_520' title='bbox 1361 3781 1657 3843; x_wconf 89' lang='lat' dir='ltr'><strong>postquam</strong></span> <span class='ocrx_word' id='word_1_521' title='bbox 1695 3788 1820 3843; x_wconf 61' lang='lat' dir='ltr'><strong>qua:</strong></span> <span class='ocrx_word' id='word_1_522' title='bbox 1848 3776 2027 3844; x_wconf 91' lang='lat' dir='ltr'><strong>capita</strong></span> <span class='ocrx_word' id='word_1_523' title='bbox 2057 3789 2127 3828; x_wconf 79' lang='lat' dir='ltr'><strong>ex</strong></span> 
     </span>
    </p>
   </div>
   <div class='ocr_carea' id='block_1_66' title="bbox 2211 3762 3848 3844">
    <p class='ocr_par' dir='ltr' id='par_1_66' title="bbox 2230 3762 3848 3839">
     <span class='ocr_line' id='line_1_66' title="bbox 2230 3762 3848 3839; baseline -0.007 -12"><span class='ocrx_word' id='word_1_524' title='bbox 2230 3772 2549 3827; x_wconf 82' lang='grc' dir='ltr'>τελευταῖον</span> <span class='ocrx_word' id='word_1_525' title='bbox 2578 3769 2673 3825; x_wconf 82' lang='grc' dir='ltr'>τοῦ</span> <span class='ocrx_word' id='word_1_526' title='bbox 2701 3766 2770 3839; x_wconf 82' lang='grc' dir='ltr'><strong>ιγ’</strong></span> <span class='ocrx_word' id='word_1_527' title='bbox 2802 3786 2930 3839; x_wconf 83' lang='grc' dir='ltr'>κεφ.</span> <span class='ocrx_word' id='word_1_528' title='bbox 2954 3768 3050 3823; x_wconf 83' lang='grc' dir='ltr'>τοῦ</span> <span class='ocrx_word' id='word_1_529' title='bbox 3075 3766 3121 3822; x_wconf 87' lang='grc' dir='ltr'>α’</span> <span class='ocrx_word' id='word_1_530' title='bbox 3150 3768 3256 3823; x_wconf 90' lang='grc' dir='ltr'>τίτ.</span> <span class='ocrx_word' id='word_1_531' title='bbox 3293 3767 3388 3822; x_wconf 81' lang='grc' dir='ltr'>τοῦ</span> <span class='ocrx_word' id='word_1_532' title='bbox 3419 3765 3460 3821; x_wconf 88' lang='grc' dir='ltr'>ε’</span> <span class='ocrx_word' id='word_1_533' title='bbox 3487 3766 3709 3838; x_wconf 88' lang='grc' dir='ltr'>βιϐλίου</span> <span class='ocrx_word' id='word_1_534' title='bbox 3745 3762 3848 3817; x_wconf 84' lang='grc' dir='ltr'>τῶν</span> 
     </span>
    </p>
   </div>
   <div class='ocr_carea' id='block_1_67' title="bbox 506 3858 2143 3939">
    <p class='ocr_par' dir='ltr' id='par_1_67' title="bbox 506 3858 2127 3939">
     <span class='ocr_line' id='line_1_67' title="bbox 506 3858 2127 3939; baseline 0.009 -29"><span class='ocrx_word' id='word_1_535' title='bbox 506 3858 795 3915; x_wconf 80' lang='lat' dir='ltr'><strong>codicibus</strong></span> <span class='ocrx_word' id='word_1_536' title='bbox 825 3869 1086 3931; x_wconf 83' lang='lat' dir='ltr'><strong>excerpta</strong></span> <span class='ocrx_word' id='word_1_537' title='bbox 1117 3872 1173 3917; x_wconf 93' lang='lat' dir='ltr'><strong>et</strong></span> <span class='ocrx_word' id='word_1_538' title='bbox 1201 3863 1256 3917; x_wconf 91' lang='lat' dir='ltr'><strong>in</strong></span> <span class='ocrx_word' id='word_1_539' title='bbox 1291 3862 1466 3920; x_wconf 88' lang='lat' dir='ltr'><strong>Basil.</strong></span> <span class='ocrx_word' id='word_1_540' title='bbox 1499 3867 1676 3936; x_wconf 87' lang='lat' dir='ltr'><strong>posita</strong></span> <span class='ocrx_word' id='word_1_541' title='bbox 1708 3877 1859 3933; x_wconf 89' lang='lat' dir='ltr'><strong>sunt,</strong></span> <span class='ocrx_word' id='word_1_542' title='bbox 1888 3870 2127 3939; x_wconf 79' lang='lat' dir='ltr'><strong>quordm</strong></span> 
     </span>
    </p>
   </div>
   <div class='ocr_carea' id='block_1_68' title="bbox 2214 3858 3851 3939">
    <p class='ocr_par' dir='ltr' id='par_1_68' title="bbox 2232 3858 3851 3934">
     <span class='ocr_line' id='line_1_68' title="bbox 2232 3858 3851 3934; baseline -0.006 -13"><span class='ocrx_word' id='word_1_543' title='bbox 2232 3865 2565 3930; x_wconf 87' lang='grc' dir='ltr'>Βασιλικῶν,</span> <span class='ocrx_word' id='word_1_544' title='bbox 2597 3863 2751 3918; x_wconf 84' lang='grc' dir='ltr'>οὐδέν</span> <span class='ocrx_word' id='word_1_545' title='bbox 2781 3880 2835 3916; x_wconf 87' lang='grc' dir='ltr'><strong>τι</strong></span> <span class='ocrx_word' id='word_1_546' title='bbox 2880 3862 3015 3934; x_wconf 80' lang='grc' dir='ltr'>περὶ</span> <span class='ocrx_word' id='word_1_547' title='bbox 3045 3862 3211 3932; x_wconf 82' lang='grc' dir='ltr'>ὅρκου</span> <span class='ocrx_word' id='word_1_548' title='bbox 3243 3861 3637 3932; x_wconf 86' lang='grc' dir='ltr'>διαλαμϐάνει.</span> <span class='ocrx_word' id='word_1_549' title='bbox 3674 3858 3851 3928; x_wconf 78' lang='grc' dir='ltr'>Ζητη-</span> 
     </span>
    </p>
   </div>
   <div class='ocr_carea' id='block_1_69' title="bbox 514 3947 2151 4028">
    <p class='ocr_par' dir='ltr' id='par_1_69' title="bbox 514 3952 2129 4028">
     <span class='ocr_line' id='line_1_69' title="bbox 514 3952 2129 4028; baseline 0.009 -23"><span class='ocrx_word' id='word_1_550' title='bbox 514 3952 688 4006; x_wconf 79' lang='lat' dir='ltr'><strong>ctiam</strong></span> <span class='ocrx_word' id='word_1_551' title='bbox 736 3953 969 4011; x_wconf 92' lang='lat' dir='ltr'><strong>Photius</strong></span> <span class='ocrx_word' id='word_1_552' title='bbox 1013 3956 1067 4011; x_wconf 93' lang='lat' dir='ltr'><strong>in</strong></span> <span class='ocrx_word' id='word_1_553' title='bbox 1115 3966 1267 4013; x_wconf 85' lang='lat' dir='ltr'><strong>textu</strong></span> <span class='ocrx_word' id='word_1_554' title='bbox 1314 3962 1655 4015; x_wconf 85' lang='lat' dir='ltr'><strong>mentionem</strong></span> <span class='ocrx_word' id='word_1_555' title='bbox 1700 3961 1865 4028; x_wconf 78' lang='lat' dir='ltr'><strong>fecit,</strong></span> <span class='ocrx_word' id='word_1_556' title='bbox 1901 3962 2129 4020; x_wconf 91' lang='lat' dir='ltr'><strong>omnino</strong></span> 
     </span>
    </p>
   </div>
   <div class='ocr_carea' id='block_1_70' title="bbox 2208 3947 3845 4028">
    <p class='ocr_par' dir='ltr' id='par_1_70' title="bbox 2232 3947 3845 4028">
     <span class='ocr_line' id='line_1_70' title="bbox 2232 3947 3845 4028; baseline -0.009 -14"><span class='ocrx_word' id='word_1_557' title='bbox 2232 3960 2356 4014; x_wconf 90' lang='grc' dir='ltr'>τέον</span> <span class='ocrx_word' id='word_1_558' title='bbox 2383 3954 2479 4015; x_wconf 82' lang='grc' dir='ltr'>οὖν</span> <span class='ocrx_word' id='word_1_559' title='bbox 2515 3958 2567 4011; x_wconf 81' lang='grc' dir='ltr'><strong>εί</strong></span> <span class='ocrx_word' id='word_1_560' title='bbox 2603 3955 2915 4028; x_wconf 82' lang='grc' dir='ltr'>ὀφείλουσιν</span> <span class='ocrx_word' id='word_1_561' title='bbox 2952 3956 3007 4009; x_wconf 77' lang='grc' dir='ltr'><strong>οἱ</strong></span> <span class='ocrx_word' id='word_1_562' title='bbox 3036 3955 3336 4010; x_wconf 84' lang='grc' dir='ltr'>ἐπίσκοποι</span> <span class='ocrx_word' id='word_1_563' title='bbox 3371 3954 3466 4009; x_wconf 71' lang='grc' dir='ltr'>καὶ</span> <span class='ocrx_word' id='word_1_564' title='bbox 3504 3956 3559 4009; x_wconf 79' lang='grc' dir='ltr'>οἱ</span> <span class='ocrx_word' id='word_1_565' title='bbox 3597 3947 3845 4022; x_wconf 76' lang='grc' dir='ltr'>κληρικοὶ</span> 
     </span>
    </p>
   </div>
   <div class='ocr_carea' id='block_1_71' title="bbox 508 4040 2145 4124">
    <p class='ocr_par' dir='ltr' id='par_1_71' title="bbox 508 4043 2132 4122">
     <span class='ocr_line' id='line_1_71' title="bbox 508 4043 2132 4122; baseline 0.009 -25"><span class='ocrx_word' id='word_1_566' title='bbox 508 4043 875 4115; x_wconf 86' lang='lat' dir='ltr'><strong>jurisjurandi</strong></span> <span class='ocrx_word' id='word_1_567' title='bbox 920 4062 1032 4102; x_wconf 86' lang='lat' dir='ltr'><strong>non</strong></span> <span class='ocrx_word' id='word_1_568' title='bbox 1076 4050 1484 4119; x_wconf 89' lang='lat' dir='ltr'><strong>meminerunt,</strong></span> <span class='ocrx_word' id='word_1_569' title='bbox 1516 4067 1747 4122; x_wconf 89' lang='lat' dir='ltr'><strong>prorsus</strong></span> <span class='ocrx_word' id='word_1_570' title='bbox 1783 4054 2022 4110; x_wconf 83' lang='lat' dir='ltr'><strong>vetitum</strong></span> <span class='ocrx_word' id='word_1_571' title='bbox 2060 4056 2132 4111; x_wconf 88' lang='lat' dir='ltr'><strong>sit</strong></span> 
     </span>
    </p>
   </div>
   <div class='ocr_carea' id='block_1_72' title="bbox 2203 4040 3840 4124">
    <p class='ocr_par' dir='ltr' id='par_1_72' title="bbox 2233 4040 3840 4124">
     <span class='ocr_line' id='line_1_72' title="bbox 2233 4040 3840 4124; baseline -0.008 -16"><span class='ocrx_word' id='word_1_572' title='bbox 2233 4054 2438 4124; x_wconf 84' lang='grc' dir='ltr'>ὅρκους</span> <span class='ocrx_word' id='word_1_573' title='bbox 2470 4050 2672 4105; x_wconf 86' lang='grc' dir='ltr'>διδόναι</span> <span class='ocrx_word' id='word_1_574' title='bbox 2719 4049 3096 4120; x_wconf 84' lang='grc' dir='ltr'>σωματικοὺς,</span> <span class='ocrx_word' id='word_1_575' title='bbox 3129 4048 3226 4102; x_wconf 78' lang='grc' dir='ltr'>καὶ</span> <span class='ocrx_word' id='word_1_576' title='bbox 3259 4047 3467 4119; x_wconf 80' lang='grc' dir='ltr'>νομίζω</span> <span class='ocrx_word' id='word_1_577' title='bbox 3494 4047 3588 4101; x_wconf 85' lang='grc' dir='ltr'><strong>ὅτι</strong></span> <span class='ocrx_word' id='word_1_578' title='bbox 3628 4044 3757 4098; x_wconf 74' lang='grc' dir='ltr'>ἐπεὶ</span> <span class='ocrx_word' id='word_1_579' title='bbox 3774 4040 3840 4095; x_wconf 80' lang='grc' dir='ltr'>τὰ</span> 
     </span>
    </p>
   </div>
   <div class='ocr_carea' id='block_1_73' title="bbox 514 4132 2151 4215">
    <p class='ocr_par' dir='ltr' id='par_1_73' title="bbox 514 4138 2128 4215">
     <span class='ocr_line' id='line_1_73' title="bbox 514 4138 2128 4215; baseline 0.007 -24"><span class='ocrx_word' id='word_1_580' title='bbox 514 4153 585 4191; x_wconf 90' lang='lat' dir='ltr'><strong>ne</strong></span> <span class='ocrx_word' id='word_1_581' title='bbox 616 4138 910 4210; x_wconf 84' lang='lat' dir='ltr'><strong>episcopus</strong></span> <span class='ocrx_word' id='word_1_582' title='bbox 938 4150 1034 4196; x_wconf 92' lang='lat' dir='ltr'><strong>aut</strong></span> <span class='ocrx_word' id='word_1_583' title='bbox 1060 4143 1298 4199; x_wconf 87' lang='lat' dir='ltr'><strong>clericus</strong></span> <span class='ocrx_word' id='word_1_584' title='bbox 1322 4145 1493 4215; x_wconf 89' lang='lat' dir='ltr'><strong>juret.</strong></span> <span class='ocrx_word' id='word_1_585' title='bbox 1526 4143 1742 4203; x_wconf 88' lang='lat' dir='ltr'><strong>Idcirco</strong></span> <span class='ocrx_word' id='word_1_586' title='bbox 1777 4149 1925 4204; x_wconf 87' lang='lat' dir='ltr'><strong>enim</strong></span> <span class='ocrx_word' id='word_1_587' title='bbox 1959 4151 2128 4205; x_wconf 90' lang='lat' dir='ltr'><strong>etiam</strong></span> 
     </span>
    </p>
   </div>
   <div class='ocr_carea' id='block_1_74' title="bbox 2201 4132 3838 4215">
    <p class='ocr_par' dir='ltr' id='par_1_74' title="bbox 2241 4132 3838 4213">
     <span class='ocr_line' id='line_1_74' title="bbox 2241 4132 3838 4213; baseline -0.01 -14"><span class='ocrx_word' id='word_1_588' title='bbox 2241 4145 2354 4200; x_wconf 82' lang='grc' dir='ltr'><strong>ἀπὸ</strong></span> <span class='ocrx_word' id='word_1_589' title='bbox 2386 4143 2497 4198; x_wconf 85' lang='grc' dir='ltr'><strong>τῶν</strong></span> <span class='ocrx_word' id='word_1_590' title='bbox 2546 4141 2799 4196; x_wconf 85' lang='grc' dir='ltr'>κωδίκων</span> <span class='ocrx_word' id='word_1_591' title='bbox 2836 4139 3179 4213; x_wconf 84' lang='grc' dir='ltr'>ἐκληφθέντα</span> <span class='ocrx_word' id='word_1_592' title='bbox 3212 4156 3343 4208; x_wconf 84' lang='grc' dir='ltr'>κεφ.</span> <span class='ocrx_word' id='word_1_593' title='bbox 3382 4139 3476 4193; x_wconf 77' lang='grc' dir='ltr'>καὶ</span> <span class='ocrx_word' id='word_1_594' title='bbox 3503 4136 3738 4192; x_wconf 85' lang='grc' dir='ltr'>τεθέντα</span> <span class='ocrx_word' id='word_1_595' title='bbox 3765 4132 3838 4193; x_wconf 89' lang='grc' dir='ltr'><strong>είς</strong></span> 
     </span>
    </p>
   </div>
   <div class='ocr_carea' id='block_1_75' title="bbox 516 4220 2153 4314">
    <p class='ocr_par' dir='ltr' id='par_1_75' title="bbox 516 4232 2129 4314">
     <span class='ocr_line' id='line_1_75' title="bbox 516 4232 2129 4314; baseline 0.009 -36"><span class='ocrx_word' id='word_1_596' title='bbox 516 4243 618 4298; x_wconf 88' lang='lat' dir='ltr'><strong>pro</strong></span> <span class='ocrx_word' id='word_1_597' title='bbox 644 4240 912 4301; x_wconf 87' lang='lat' dir='ltr'><strong>concepto</strong></span> <span class='ocrx_word' id='word_1_598' title='bbox 940 4232 1307 4304; x_wconf 79' lang='lat' dir='ltr'><strong>jurejurando</strong></span> <span class='ocrx_word' id='word_1_599' title='bbox 1331 4237 1625 4293; x_wconf 87' lang='lat' dir='ltr'><strong>adinventa</strong></span> <span class='ocrx_word' id='word_1_600' title='bbox 1657 4238 1863 4309; x_wconf 89' lang='lat' dir='ltr'><strong>scripta</strong></span> <span class='ocrx_word' id='word_1_601' title='bbox 1892 4239 2129 4314; x_wconf 70' lang='lat' dir='ltr'><strong>[cautio]</strong></span> 
     </span>
    </p>
   </div>
   <div class='ocr_carea' id='block_1_76' title="bbox 2202 4220 3839 4314">
    <p class='ocr_par' dir='ltr' id='par_1_76' title="bbox 2237 4220 3839 4305">
     <span class='ocr_line' id='line_1_76' title="bbox 2237 4220 3839 4305; baseline -0.012 -12"><span class='ocrx_word' id='word_1_602' title='bbox 2237 4237 2309 4293; x_wconf 81' lang='grc' dir='ltr'>τὰ</span> <span class='ocrx_word' id='word_1_603' title='bbox 2354 4235 2646 4296; x_wconf 84' lang='grc' dir='ltr'>Βασιλικὰ,</span> <span class='ocrx_word' id='word_1_604' title='bbox 2676 4234 2810 4305; x_wconf 78' lang='grc' dir='ltr'>περὶ</span> <span class='ocrx_word' id='word_1_605' title='bbox 2858 4226 2936 4288; x_wconf 82' lang='grc' dir='ltr'>ὧν</span> <span class='ocrx_word' id='word_1_606' title='bbox 2982 4232 3077 4287; x_wconf 76' lang='grc' dir='ltr'>καὶ</span> <span class='ocrx_word' id='word_1_607' title='bbox 3114 4232 3145 4285; x_wconf 82' lang='grc' dir='ltr'>ὁ</span> <span class='ocrx_word' id='word_1_608' title='bbox 3189 4230 3395 4295; x_wconf 82' lang='grc' dir='ltr'>Φώτιος</span> <span class='ocrx_word' id='word_1_609' title='bbox 3446 4230 3646 4302; x_wconf 86' lang='grc' dir='ltr'>μνείαν</span> <span class='ocrx_word' id='word_1_610' title='bbox 3677 4226 3756 4289; x_wconf 83' lang='grc' dir='ltr'><strong>είς</strong></span> <span class='ocrx_word' id='word_1_611' title='bbox 3783 4220 3839 4276; x_wconf 82' lang='grc' dir='ltr'>τὸ</span> 
     </span>
    </p>
   </div>
   <div class='ocr_carea' id='block_1_77' title="bbox 515 4316 2152 4406">
    <p class='ocr_par' dir='ltr' id='par_1_77' title="bbox 515 4326 2131 4406">
     <span class='ocr_line' id='line_1_77' title="bbox 515 4326 2131 4406; baseline 0.01 -31"><span class='ocrx_word' id='word_1_612' title='bbox 515 4330 631 4388; x_wconf 84' lang='lat' dir='ltr'><strong>est,</strong></span> <span class='ocrx_word' id='word_1_613' title='bbox 665 4337 790 4393; x_wconf 72' lang='lat' dir='ltr'><strong>qua:</strong></span> <span class='ocrx_word' id='word_1_614' title='bbox 831 4334 888 4380; x_wconf 89' lang='lat' dir='ltr'><strong>et</strong></span> <span class='ocrx_word' id='word_1_615' title='bbox 929 4326 1299 4387; x_wconf 82' lang='lat' dir='ltr'><strong>confessionis</strong></span> <span class='ocrx_word' id='word_1_616' title='bbox 1341 4332 1523 4388; x_wconf 92' lang='lat' dir='ltr'><strong>locum</strong></span> <span class='ocrx_word' id='word_1_617' title='bbox 1574 4334 1850 4399; x_wconf 83' lang='lat' dir='ltr'><strong>obtineat,</strong></span> <span class='ocrx_word' id='word_1_618' title='bbox 1883 4345 1939 4391; x_wconf 89' lang='lat' dir='ltr'><strong>et</strong></span> <span class='ocrx_word' id='word_1_619' title='bbox 1980 4338 2131 4406; x_wconf 86' lang='lat' dir='ltr'><strong>quod</strong></span> 
     </span>
    </p>
   </div>
   <div class='ocr_carea' id='block_1_78' title="bbox 2197 4316 3834 4406">
    <p class='ocr_par' dir='ltr' id='par_1_78' title="bbox 2236 4316 3834 4406">
     <span class='ocr_line' id='line_1_78' title="bbox 2236 4316 3834 4406; baseline -0.008 -23"><span class='ocrx_word' id='word_1_620' title='bbox 2236 4330 2493 4400; x_wconf 89' lang='grc' dir='ltr'>κείμενον</span> <span class='ocrx_word' id='word_1_621' title='bbox 2522 4326 2805 4397; x_wconf 87' lang='grc' dir='ltr'>ἐποίησεν,</span> <span class='ocrx_word' id='word_1_622' title='bbox 2829 4325 2891 4379; x_wconf 83' lang='grc' dir='ltr'><strong>οὐ</strong></span> <span class='ocrx_word' id='word_1_623' title='bbox 2923 4324 3233 4395; x_wconf 87' lang='grc' dir='ltr'>μέμνηνται</span> <span class='ocrx_word' id='word_1_624' title='bbox 3261 4322 3400 4387; x_wconf 84' lang='grc' dir='ltr'>ὅλως</span> <span class='ocrx_word' id='word_1_625' title='bbox 3429 4322 3637 4393; x_wconf 88' lang='grc' dir='ltr'>ὅρκων.</span> <span class='ocrx_word' id='word_1_626' title='bbox 3683 4316 3834 4406; x_wconf 68' lang='grc' dir='ltr'><strong>Ἐκφ-</strong></span> 
     </span>
    </p>
   </div>
   <div class='ocr_carea' id='block_1_79' title="bbox 520 4405 2157 4494">
    <p class='ocr_par' dir='ltr' id='par_1_79' title="bbox 520 4419 2134 4493">
     <span class='ocr_line' id='line_1_79' title="bbox 520 4419 2134 4493; baseline 0.007 -25"><span class='ocrx_word' id='word_1_627' title='bbox 520 4428 849 4486; x_wconf 87' lang='lat' dir='ltr'><strong>conceptum</strong></span> <span class='ocrx_word' id='word_1_628' title='bbox 906 4419 1301 4492; x_wconf 89' lang='lat' dir='ltr'><strong>jusjurandum</strong></span> <span class='ocrx_word' id='word_1_629' title='bbox 1354 4424 1730 4493; x_wconf 75' lang='lat' dir='ltr'><strong>przestiturum</strong></span> <span class='ocrx_word' id='word_1_630' title='bbox 1783 4433 1904 4479; x_wconf 85' lang='lat' dir='ltr'><strong>erat</strong></span> <span class='ocrx_word' id='word_1_631' title='bbox 1951 4428 2134 4481; x_wconf 85' lang='lat' dir='ltr'><strong>adim-</strong></span> 
     </span>
    </p>
   </div>
   <div class='ocr_carea' id='block_1_80' title="bbox 2197 4405 3834 4494">
    <p class='ocr_par' dir='ltr' id='par_1_80' title="bbox 2236 4405 3834 4494">
     <span class='ocr_line' id='line_1_80' title="bbox 2236 4405 3834 4494; baseline -0.011 -17"><span class='ocrx_word' id='word_1_632' title='bbox 2236 4423 2377 4494; x_wconf 86' lang='grc' dir='ltr'>λύθη</span> <span class='ocrx_word' id='word_1_633' title='bbox 2409 4422 2470 4475; x_wconf 82' lang='grc' dir='ltr'>τὸ</span> <span class='ocrx_word' id='word_1_634' title='bbox 2501 4420 2730 4492; x_wconf 83' lang='grc' dir='ltr'>ὀμνύειν</span> <span class='ocrx_word' id='word_1_635' title='bbox 2751 4419 2890 4483; x_wconf 88' lang='grc' dir='ltr'>ὅλως</span> <span class='ocrx_word' id='word_1_636' title='bbox 2917 4415 3271 4487; x_wconf 85' lang='grc' dir='ltr'>ἐπίσκοπονῆ</span> <span class='ocrx_word' id='word_1_637' title='bbox 3299 4414 3588 4486; x_wconf 89' lang='grc' dir='ltr'>κληρικόν.</span> <span class='ocrx_word' id='word_1_638' title='bbox 3616 4408 3715 4464; x_wconf 77' lang='grc' dir='ltr'><strong>Διά</strong></span> <span class='ocrx_word' id='word_1_639' title='bbox 3735 4405 3834 4475; x_wconf 76' lang='grc' dir='ltr'>γὰρ</span> 
     </span>
    </p>
   </div>
   <div class='ocr_carea' id='block_1_81' title="bbox 519 4495 2156 4590">
    <p class='ocr_par' dir='ltr' id='par_1_81' title="bbox 519 4509 2156 4590">
     <span class='ocr_line' id='line_1_81' title="bbox 519 4509 2156 4590; baseline 0.01 -28"><span class='ocrx_word' id='word_1_640' title='bbox 519 4509 683 4577; x_wconf 77' lang='lat' dir='ltr'><strong>pleat.</strong></span> <span class='ocrx_word' id='word_1_641' title='bbox 712 4509 971 4568; x_wconf 86' lang='lat' dir='ltr'><strong>Lectores</strong></span> <span class='ocrx_word' id='word_1_642' title='bbox 1016 4516 1205 4585; x_wconf 85' lang='lat' dir='ltr'><strong>itaque</strong></span> <span class='ocrx_word' id='word_1_643' title='bbox 1239 4517 1527 4587; x_wconf 88' lang='lat' dir='ltr'><strong>conceptis</strong></span> <span class='ocrx_word' id='word_1_644' title='bbox 1559 4517 1744 4573; x_wconf 87' lang='lat' dir='ltr'><strong>verbis</strong></span> <span class='ocrx_word' id='word_1_645' title='bbox 1772 4516 1964 4588; x_wconf 89' lang='lat' dir='ltr'><strong>jurare</strong></span> <span class='ocrx_word' id='word_1_646' title='bbox 1999 4534 2122 4590; x_wconf 85' lang='lat' dir='ltr'><strong>per-</strong></span> <span class='ocrx_word' id='word_1_647' title='bbox 2155 4573 2156 4578; x_wconf 46' lang='grc' dir='ltr'><strong>η</strong></span> 
     </span>
    </p>
   </div>
   <div class='ocr_carea' id='block_1_82' title="bbox 2194 4495 3831 4590">
    <p class='ocr_par' dir='ltr' id='par_1_82' title="bbox 2194 4495 3831 4590">
     <span class='ocr_line' id='line_1_82' title="bbox 2194 4495 3831 4590; baseline -0.003 -20"><span class='ocrx_word' id='word_1_648' title='bbox 2194 4586 2196 4590; x_wconf 21' lang='grc' dir='ltr'><strong>λ</strong></span> <span class='ocrx_word' id='word_1_649' title='bbox 2236 4514 2397 4570; x_wconf 82' lang='grc' dir='ltr'>τοῦτο</span> <span class='ocrx_word' id='word_1_650' title='bbox 2419 4515 2514 4569; x_wconf 74' lang='grc' dir='ltr'>καὶ</span> <span class='ocrx_word' id='word_1_651' title='bbox 2534 4513 2659 4569; x_wconf 74' lang='grc' dir='ltr'>ἀντὶ</span> <span class='ocrx_word' id='word_1_652' title='bbox 2684 4509 3005 4584; x_wconf 86' lang='grc' dir='ltr'>σωματικοῦ</span> <span class='ocrx_word' id='word_1_653' title='bbox 3027 4511 3219 4581; x_wconf 85' lang='grc' dir='ltr'>ὅρκου,</span> <span class='ocrx_word' id='word_1_654' title='bbox 3244 4507 3516 4579; x_wconf 74' lang='grc' dir='ltr'>ἐπενοήθη</span> <span class='ocrx_word' id='word_1_655' title='bbox 3538 4508 3572 4578; x_wconf 82' lang='grc' dir='ltr'>ἡ</span> <span class='ocrx_word' id='word_1_656' title='bbox 3592 4495 3831 4590; x_wconf 67' lang='grc' dir='ltr'>ἐγγραφὴ</span> 
     </span>
    </p>
   </div>
   <div class='ocr_carea' id='block_1_83' title="bbox 515 4571 2152 4675">
    <p class='ocr_par' dir='ltr' id='par_1_83' title="bbox 515 4571 2152 4675">
     <span class='ocr_line' id='line_1_83' title="bbox 520 4571 2085 4590; baseline 0.003 -6"><span class='ocrx_word' id='word_1_657' title='bbox 520 4571 533 4577; x_wconf 91' lang='grc'><strong>-</strong></span> <span class='ocrx_word' id='word_1_658' title='bbox 1111 4571 1127 4585; x_wconf 94' lang='grc'><strong>.</strong></span> <span class='ocrx_word' id='word_1_659' title='bbox 1420 4571 1435 4587; x_wconf 90' lang='grc'><strong>.</strong></span> <span class='ocrx_word' id='word_1_660' title='bbox 1512 4571 1521 4573; x_wconf 78' lang='grc'><strong>-</strong></span> <span class='ocrx_word' id='word_1_661' title='bbox 1676 4571 1682 4572; x_wconf 39' lang='grc' dir='ltr'><em>γ</em></span> <span class='ocrx_word' id='word_1_662' title='bbox 1727 4571 1792 4588; x_wconf 19' lang='grc' dir='ltr'>ἡ.</span> <span class='ocrx_word' id='word_1_663' title='bbox 1879 4571 1882 4572; x_wconf 50' lang='grc' dir='ltr'><em>ν</em></span> <span class='ocrx_word' id='word_1_664' title='bbox 1944 4571 1958 4573; x_wconf 84' lang='grc'><strong>-</strong></span> <span class='ocrx_word' id='word_1_665' title='bbox 1999 4571 2085 4590; x_wconf 59' lang='grc' dir='ltr'><strong>πη</strong></span> 
     </span>
     <span class='ocr_line' id='line_1_84' title="bbox 515 4615 2152 4675; baseline 0.013 -21"><span class='ocrx_word' id='word_1_666' title='bbox 515 4617 704 4671; x_wconf 86' lang='lat' dir='ltr'><strong>peram</strong></span> <span class='ocrx_word' id='word_1_667' title='bbox 732 4615 1029 4675; x_wconf 83' lang='lat' dir='ltr'><strong>coguntur.</strong></span> <span class='ocrx_word' id='word_1_668' title='bbox 2150 4619 2152 4625; x_wconf 52' lang='grc'><em>⁴</em></span> 
     </span>
    </p>
   </div>
   <div class='ocr_carea' id='block_1_84' title="bbox 2188 4571 3825 4675">
    <p class='ocr_par' dir='ltr' id='par_1_84' title="bbox 2188 4571 3825 4675">
     <span class='ocr_line' id='line_1_85' title="bbox 2188 4571 3825 4675; baseline -0.014 -9"><span class='ocrx_word' id='word_1_669' title='bbox 2188 4578 2199 4622; x_wconf 57' lang='grc'><em>’</em></span> <span class='ocrx_word' id='word_1_670' title='bbox 2226 4606 2576 4670; x_wconf 83' lang='grc' dir='ltr'>καταθέσεως</span> <span class='ocrx_word' id='word_1_671' title='bbox 2595 4571 3100 4675; x_wconf 43' lang='grc' dir='ltr'>τόπονΙέπέχουσα,</span> <span class='ocrx_word' id='word_1_672' title='bbox 3140 4571 3237 4655; x_wconf 77' lang='grc' dir='ltr'>καὶ</span> <span class='ocrx_word' id='word_1_673' title='bbox 3269 4571 3776 4671; x_wconf 63' lang='grc' dir='ltr'>ἀναπληροϐσαὸσα</span> <span class='ocrx_word' id='word_1_674' title='bbox 3800 4586 3825 4638; x_wconf 87' lang='grc' dir='ltr'>ὁ</span> 
     </span>
    </p>
   </div>
   <div class='ocr_carea' id='block_1_85' title="bbox 518 4680 3829 4777">
    <p class='ocr_par' dir='ltr' id='par_1_85' title="bbox 518 4680 3829 4777">
     <span class='ocr_line' id='line_1_86' title="bbox 518 4680 3829 4777; baseline -0.009 -8"><span class='ocrx_word' id='word_1_675' title='bbox 518 4698 832 4768; x_wconf 72' lang='grc' dir='ltr'><strong>σωματικδς</strong></span> <span class='ocrx_word' id='word_1_676' title='bbox 876 4700 1042 4769; x_wconf 80' lang='grc' dir='ltr'>ὅρκος</span> <span class='ocrx_word' id='word_1_677' title='bbox 1070 4701 1299 4773; x_wconf 78' lang='grc' dir='ltr'>ποιῆσαι</span> <span class='ocrx_word' id='word_1_678' title='bbox 1374 4701 1593 4774; x_wconf 74' lang='grc' dir='ltr'>ἔμελλε.</span> <span class='ocrx_word' id='word_1_679' title='bbox 1623 4706 1685 4759; x_wconf 78' lang='grc' dir='ltr'><strong>Οἱ</strong></span> <span class='ocrx_word' id='word_1_680' title='bbox 1713 4705 1862 4777; x_wconf 73' lang='grc' dir='ltr'><strong>ξγοῦν</strong></span> <span class='ocrx_word' id='word_1_681' title='bbox 1936 4705 2293 4776; x_wconf 81' lang='grc' dir='ltr'>ἀναγνῶσται</span> <span class='ocrx_word' id='word_1_682' title='bbox 2358 4700 2543 4765; x_wconf 85' lang='grc' dir='ltr'>καλῶς</span> <span class='ocrx_word' id='word_1_683' title='bbox 2606 4697 3016 4769; x_wconf 75' lang='grc' dir='ltr'>ἀναγκάζονται</span> <span class='ocrx_word' id='word_1_684' title='bbox 3061 4698 3261 4770; x_wconf 87' lang='grc' dir='ltr'>ὅρκους</span> <span class='ocrx_word' id='word_1_685' title='bbox 3324 4689 3675 4765; x_wconf 85' lang='grc' dir='ltr'>σωματικοὺς</span> <span class='ocrx_word' id='word_1_686' title='bbox 3708 4680 3829 4739; x_wconf 83' lang='grc' dir='ltr'>διδό-</span> 
     </span>
    </p>
   </div>
   <div class='ocr_carea' id='block_1_86' title="bbox 517 4791 1267 4866">
    <p class='ocr_par' dir='ltr' id='par_1_86' title="bbox 517 4791 1267 4866">
     <span class='ocr_line' id='line_1_87' title="bbox 517 4791 1267 4866; baseline 0.007 -21"><span class='ocrx_word' id='word_1_687' title='bbox 517 4809 630 4857; x_wconf 88' lang='grc' dir='ltr'>ναι,</span> <span class='ocrx_word' id='word_1_688' title='bbox 665 4791 927 4862; x_wconf 70' lang='grc' dir='ltr'>κληρικοὶ</span> <span class='ocrx_word' id='word_1_689' title='bbox 961 4794 1069 4866; x_wconf 83' lang='grc' dir='ltr'><strong>γάρ</strong></span> <span class='ocrx_word' id='word_1_690' title='bbox 1104 4796 1267 4851; x_wconf 76' lang='grc' dir='ltr'>εἰσιν.</span> 
     </span>
    </p>
   </div>
   <div class='ocr_carea' id='block_1_87' title="bbox 599 4869 2236 4963">
    <p class='ocr_par' dir='ltr' id='par_1_87' title="bbox 599 4885 2136 4963">
     <span class='ocr_line' id='line_1_88' title="bbox 599 4885 2136 4963; baseline 0.008 -24"><span class='ocrx_word' id='word_1_691' title='bbox 599 4885 819 4940; x_wconf 72' lang='lat' dir='ltr'><strong>Texms.</strong></span> <span class='ocrx_word' id='word_1_692' title='bbox 865 4890 1025 4957; x_wconf 83' lang='lat' dir='ltr'><strong>Atqui</strong></span> <span class='ocrx_word' id='word_1_693' title='bbox 1071 4900 1250 4946; x_wconf 88' lang='lat' dir='ltr'><strong>const.</strong></span> <span class='ocrx_word' id='word_1_694' title='bbox 1290 4892 1325 4947; x_wconf 89' lang='lat'><strong>5</strong></span> <span class='ocrx_word' id='word_1_695' title='bbox 1371 4894 1458 4951; x_wconf 90' lang='lat' dir='ltr'><strong>tit.</strong></span> <span class='ocrx_word' id='word_1_696' title='bbox 1492 4894 1527 4949; x_wconf 86' lang='lat'><strong>2</strong></span> <span class='ocrx_word' id='word_1_697' title='bbox 1561 4892 1937 4963; x_wconf 67' lang='lat' dir='ltr'><strong>Nowllarum,</strong></span> <span class='ocrx_word' id='word_1_698' title='bbox 1997 4903 2136 4959; x_wconf 86' lang='lat' dir='ltr'><strong>etc.,</strong></span> 
     </span>
    </p>
   </div>
   <div class='ocr_carea' id='block_1_88' title="bbox 2189 4869 3826 4963">
    <p class='ocr_par' dir='ltr' id='par_1_88' title="bbox 2318 4869 3826 4963">
     <span class='ocr_line' id='line_1_89' title="bbox 2318 4869 3826 4963; baseline -0.015 -17"><span class='ocrx_word' id='word_1_699' title='bbox 2318 4888 2633 4959; x_wconf 79' lang='grc' dir='ltr'>Κείμενον.</span> <span class='ocrx_word' id='word_1_700' title='bbox 2672 4886 2744 4940; x_wconf 72' lang='grc' dir='ltr'>Ἀ</span> <span class='ocrx_word' id='word_1_701' title='bbox 2776 4884 2929 4958; x_wconf 81' lang='grc' dir='ltr'>μέλει</span> <span class='ocrx_word' id='word_1_702' title='bbox 2962 4882 3059 4938; x_wconf 73' lang='grc' dir='ltr'>καὶ</span> <span class='ocrx_word' id='word_1_703' title='bbox 3084 4883 3118 4954; x_wconf 82' lang='grc' dir='ltr'><strong>ἡ</strong></span> <span class='ocrx_word' id='word_1_704' title='bbox 3154 4878 3203 4952; x_wconf 74' lang='grc' dir='ltr'><strong>γ’</strong></span> <span class='ocrx_word' id='word_1_705' title='bbox 3242 4879 3387 4935; x_wconf 83' lang='grc' dir='ltr'>διᾶτ·</span> <span class='ocrx_word' id='word_1_706' title='bbox 3416 4877 3512 4934; x_wconf 79' lang='grc' dir='ltr'>τοῦ</span> <span class='ocrx_word' id='word_1_707' title='bbox 3532 4877 3578 4949; x_wconf 87' lang='grc' dir='ltr'>β’</span> <span class='ocrx_word' id='word_1_708' title='bbox 3605 4874 3705 4930; x_wconf 87' lang='grc' dir='ltr'>τίτ.</span> <span class='ocrx_word' id='word_1_709' title='bbox 3730 4869 3826 4963; x_wconf 51' lang='grc' dir='ltr'><strong>τῶν</strong></span> 
     </span>
    </p>
   </div>
   <div class='ocr_carea' id='block_1_89' title="bbox 526 4957 2163 5060">
    <p class='ocr_par' dir='ltr' id='par_1_89' title="bbox 526 4957 2127 5060">
     <span class='ocr_line' id='line_1_90' title="bbox 526 4957 2127 5060; baseline 0.01 -29"><span class='ocrx_word' id='word_1_710' title='bbox 526 4995 692 5050; x_wconf 79' lang='lat' dir='ltr'><strong>usque</strong></span> <span class='ocrx_word' id='word_1_711' title='bbox 722 4979 794 5033; x_wconf 87' lang='lat' dir='ltr'><strong>ad</strong></span> <span class='ocrx_word' id='word_1_712' title='bbox 826 4981 1016 5051; x_wconf 87' lang='lat' dir='ltr'><strong>ejusve</strong></span> <span class='ocrx_word' id='word_1_713' title='bbox 1038 4984 1350 5055; x_wconf 61' lang='lat' dir='ltr'><strong>aestimatio,</strong></span> <span class='ocrx_word' id='word_1_714' title='bbox 1386 5000 1441 5043; x_wconf 89' lang='lat' dir='ltr'><strong>ut</strong></span> <span class='ocrx_word' id='word_1_715' title='bbox 1474 5005 1602 5060; x_wconf 86' lang='lat' dir='ltr'><strong>pag.</strong></span> <span class='ocrx_word' id='word_1_716' title='bbox 1635 4988 1764 5046; x_wconf 87' lang='lat'><strong>299.</strong></span> <span class='ocrx_word' id='word_1_717' title='bbox 1923 4957 1932 4963; x_wconf 38' lang='lat'><em>&#39;</em></span> <span class='ocrx_word' id='word_1_718' title='bbox 2121 4957 2127 4959; x_wconf 19' lang='grc' dir='ltr'><em>Π</em></span> 
     </span>
    </p>
   </div>
   <div class='ocr_carea' id='block_1_90' title="bbox 2186 4957 3823 5060">
    <p class='ocr_par' dir='ltr' id='par_1_90' title="bbox 2245 4957 3823 5060">
     <span class='ocr_line' id='line_1_91' title="bbox 2245 4957 3823 5060; baseline -0.01 -22"><span class='ocrx_word' id='word_1_719' title='bbox 2245 4957 2481 5054; x_wconf 75' lang='grc' dir='ltr'>Νεαρῶν</span> <span class='ocrx_word' id='word_1_720' title='bbox 2532 4981 2629 5035; x_wconf 77' lang='grc' dir='ltr'><strong>ἐπ1⁵</strong></span> <span class='ocrx_word' id='word_1_721' title='bbox 2674 4978 2931 5049; x_wconf 83' lang='grc' dir='ltr'>ληγάτων</span> <span class='ocrx_word' id='word_1_722' title='bbox 2975 4974 3241 5043; x_wconf 84' lang='grc' dir='ltr'>εὐσεϐῶν,</span> <span class='ocrx_word' id='word_1_723' title='bbox 3277 4993 3334 5029; x_wconf 89' lang='grc' dir='ltr'><strong>κ.</strong></span> <span class='ocrx_word' id='word_1_724' title='bbox 3374 4991 3427 5029; x_wconf 89' lang='grc' dir='ltr'><strong>τ.</strong></span> <span class='ocrx_word' id='word_1_725' title='bbox 3454 4971 3529 5035; x_wconf 83' lang='grc' dir='ltr'><strong>λ.,</strong></span> <span class='ocrx_word' id='word_1_726' title='bbox 3575 4979 3739 5060; x_wconf 60' lang='lat' dir='ltr'><strong>usque</strong></span> <span class='ocrx_word' id='word_1_727' title='bbox 3766 4957 3823 5014; x_wconf 75' lang='lat' dir='ltr'><strong>ad</strong></span> 
     </span>
    </p>
   </div>
   <div class='ocr_carea' id='block_1_91' title="bbox 2244 5058 3818 5145">
    <p class='ocr_par' dir='ltr' id='par_1_91' title="bbox 2244 5058 3818 5145">
     <span class='ocr_line' id='line_1_92' title="bbox 2244 5058 3818 5145; baseline -0.013 -14"><span class='ocrx_word' id='word_1_728' title='bbox 2244 5074 2538 5131; x_wconf 83' lang='grc' dir='ltr'>δίδοταιτὸ</span> <span class='ocrx_word' id='word_1_729' title='bbox 2572 5074 2828 5145; x_wconf 81' lang='grc' dir='ltr'>πρᾶγμα,</span> <span class='ocrx_word' id='word_1_730' title='bbox 2876 5071 2911 5143; x_wconf 77' lang='grc' dir='ltr'>ἢ</span> <span class='ocrx_word' id='word_1_731' title='bbox 2959 5072 2994 5142; x_wconf 81' lang='grc' dir='ltr'>ἡ</span> <span class='ocrx_word' id='word_1_732' title='bbox 3043 5068 3362 5140; x_wconf 87' lang='grc' dir='ltr'>διατίμησις</span> <span class='ocrx_word' id='word_1_733' title='bbox 3412 5063 3602 5122; x_wconf 79' lang='grc' dir='ltr'>αὑτοῦ.</span> <span class='ocrx_word' id='word_1_734' title='bbox 3663 5058 3818 5127; x_wconf 81' lang='lat' dir='ltr'><strong>Supra</strong></span> 
     </span>
    </p>
   </div>
   <div class='ocr_carea' id='block_1_92' title="bbox 2249 5166 2531 5241">
    <p class='ocr_par' dir='ltr' id='par_1_92' title="bbox 2249 5166 2531 5241">
     <span class='ocr_line' id='line_1_93' title="bbox 2249 5166 2531 5241; baseline -0.004 -18"><span class='ocrx_word' id='word_1_735' title='bbox 2249 5185 2376 5241; x_wconf 90' lang='lat' dir='ltr'><strong>pag.</strong></span> <span class='ocrx_word' id='word_1_736' title='bbox 2400 5166 2531 5223; x_wconf 88' lang='lat'><strong>299.</strong></span> 
     </span>
    </p>
   </div>
   <div class='ocr_carea' id='block_1_93' title="bbox 606 5240 2243 5333">
    <p class='ocr_par' dir='ltr' id='par_1_93' title="bbox 606 5257 2140 5331">
     <span class='ocr_line' id='line_1_94' title="bbox 606 5257 2140 5331; baseline 0.003 -16"><span class='ocrx_word' id='word_1_737' title='bbox 606 5257 901 5318; x_wconf 78' lang='lat' dir='ltr'><strong>Scholium.</strong></span> <span class='ocrx_word' id='word_1_738' title='bbox 928 5261 1123 5319; x_wconf 84' lang='lat' dir='ltr'><strong>Const.</strong></span> <span class='ocrx_word' id='word_1_739' title='bbox 1165 5264 1200 5321; x_wconf 87' lang='lat'><strong>5</strong></span> <span class='ocrx_word' id='word_1_740' title='bbox 1231 5266 1316 5321; x_wconf 90' lang='lat' dir='ltr'><strong>tit.</strong></span> <span class='ocrx_word' id='word_1_741' title='bbox 1344 5265 1381 5319; x_wconf 84' lang='lat'><strong>2</strong></span> <span class='ocrx_word' id='word_1_742' title='bbox 1407 5263 1781 5331; x_wconf 79' lang='lat' dir='ltr'><strong>Novellarum,</strong></span> <span class='ocrx_word' id='word_1_743' title='bbox 1805 5273 1892 5321; x_wconf 81' lang='lat' dir='ltr'><strong>est</strong></span> <span class='ocrx_word' id='word_1_744' title='bbox 1922 5265 2140 5320; x_wconf 80' lang='lat' dir='ltr'><strong>novella</strong></span> 
     </span>
    </p>
   </div>
   <div class='ocr_carea' id='block_1_94' title="bbox 2179 5240 3816 5333">
    <p class='ocr_par' dir='ltr' id='par_1_94' title="bbox 2251 5240 3816 5333">
     <span class='ocr_line' id='line_1_95' title="bbox 2251 5240 3816 5333; baseline -0.014 -14"><span class='ocrx_word' id='word_1_745' title='bbox 2251 5240 2267 5241; x_wconf 18' lang='grc' dir='ltr'><strong>ί</strong></span> <span class='ocrx_word' id='word_1_746' title='bbox 2323 5262 2609 5333; x_wconf 77' lang='grc' dir='ltr'>Σχόλιον.</span> <span class='ocrx_word' id='word_1_747' title='bbox 2636 5259 2704 5314; x_wconf 89' lang='grc' dir='ltr'><strong>Ἦ</strong></span> <span class='ocrx_word' id='word_1_748' title='bbox 2723 5256 2771 5329; x_wconf 86' lang='grc' dir='ltr'><strong>γ’</strong></span> <span class='ocrx_word' id='word_1_749' title='bbox 2800 5257 2941 5313; x_wconf 86' lang='grc' dir='ltr'>διάτ.</span> <span class='ocrx_word' id='word_1_750' title='bbox 2976 5255 3072 5311; x_wconf 83' lang='grc' dir='ltr'><strong>τοῦ</strong></span> <span class='ocrx_word' id='word_1_751' title='bbox 3108 5254 3151 5329; x_wconf 86' lang='grc' dir='ltr'>β’</span> <span class='ocrx_word' id='word_1_752' title='bbox 3182 5255 3288 5309; x_wconf 89' lang='grc' dir='ltr'>τίτ.</span> <span class='ocrx_word' id='word_1_753' title='bbox 3318 5252 3429 5307; x_wconf 84' lang='grc' dir='ltr'>τῶν</span> <span class='ocrx_word' id='word_1_754' title='bbox 3457 5247 3698 5322; x_wconf 85' lang='grc' dir='ltr'>Νεαρῶν,</span> <span class='ocrx_word' id='word_1_755' title='bbox 3721 5240 3816 5333; x_wconf 40' lang='grc' dir='ltr'>ἐσέτι</span> 
     </span>
    </p>
   </div>
   <div class='ocr_carea' id='block_1_95' title="bbox 532 5332 2169 5431">
    <p class='ocr_par' dir='ltr' id='par_1_95' title="bbox 532 5350 2140 5431">
     <span class='ocr_line' id='line_1_96' title="bbox 532 5350 2140 5431; baseline 0.007 -27"><span class='ocrx_word' id='word_1_756' title='bbox 532 5350 828 5407; x_wconf 79' lang='lat' dir='ltr'><strong>Justiniani</strong></span> <span class='ocrx_word' id='word_1_757' title='bbox 856 5354 982 5418; x_wconf 80' lang='grc'><strong>151,</strong></span> <span class='ocrx_word' id='word_1_758' title='bbox 1008 5356 1184 5425; x_wconf 85' lang='lat' dir='ltr'><strong>posita</strong></span> <span class='ocrx_word' id='word_1_759' title='bbox 1226 5356 1357 5429; x_wconf 86' lang='lat' dir='ltr'><strong>[que</strong></span> <span class='ocrx_word' id='word_1_760' title='bbox 1385 5358 1490 5431; x_wconf 87' lang='lat' dir='ltr'><strong>est]</strong></span> <span class='ocrx_word' id='word_1_761' title='bbox 1514 5358 1566 5413; x_wconf 90' lang='lat' dir='ltr'><strong>in</strong></span> <span class='ocrx_word' id='word_1_762' title='bbox 1594 5359 1687 5414; x_wconf 89' lang='lat' dir='ltr'><strong>lib.</strong></span> <span class='ocrx_word' id='word_1_763' title='bbox 1711 5358 1877 5413; x_wconf 88' lang='lat' dir='ltr'><strong>Basil.</strong></span> <span class='ocrx_word' id='word_1_764' title='bbox 1901 5375 1953 5425; x_wconf 80' lang='grc' dir='ltr'><strong>ν,</strong></span> <span class='ocrx_word' id='word_1_765' title='bbox 1978 5360 2062 5413; x_wconf 92' lang='lat' dir='ltr'><strong>tit.</strong></span> <span class='ocrx_word' id='word_1_766' title='bbox 2083 5359 2140 5424; x_wconf 87' lang='lat'><strong>5,</strong></span> 
     </span>
    </p>
   </div>
   <div class='ocr_carea' id='block_1_96' title="bbox 2178 5332 3815 5431">
    <p class='ocr_par' dir='ltr' id='par_1_96' title="bbox 2250 5332 3815 5431">
     <span class='ocr_line' id='line_1_97' title="bbox 2250 5332 3815 5431; baseline -0.017 -18"><span class='ocrx_word' id='word_1_767' title='bbox 2250 5357 2425 5429; x_wconf 80' lang='grc' dir='ltr'>νεαρὰ</span> <span class='ocrx_word' id='word_1_768' title='bbox 2464 5356 2902 5415; x_wconf 83' lang='grc' dir='ltr'>Ἰουστινιὰνειος</span> <span class='ocrx_word' id='word_1_769' title='bbox 2937 5348 3076 5424; x_wconf 83' lang='grc' dir='ltr'>ρλα’,</span> <span class='ocrx_word' id='word_1_770' title='bbox 3125 5348 3358 5419; x_wconf 85' lang='grc' dir='ltr'>κειμένη</span> <span class='ocrx_word' id='word_1_771' title='bbox 3409 5346 3469 5400; x_wconf 89' lang='grc' dir='ltr'><strong>ἐν</strong></span> <span class='ocrx_word' id='word_1_772' title='bbox 3512 5339 3691 5416; x_wconf 81' lang='grc' dir='ltr'>βιϐλίῳ</span> <span class='ocrx_word' id='word_1_773' title='bbox 3727 5332 3815 5431; x_wconf 49' lang='lat' dir='ltr'><strong>tibi</strong></span> 
     </span>
    </p>
   </div>
   <div class='ocr_carea' id='block_1_97' title="bbox 540 5420 2177 5528">
    <p class='ocr_par' dir='ltr' id='par_1_97' title="bbox 540 5420 2140 5522">
     <span class='ocr_line' id='line_1_98' title="bbox 540 5420 2140 5522; baseline 0.004 -23"><span class='ocrx_word' id='word_1_774' title='bbox 540 5461 662 5515; x_wconf 74' lang='lat' dir='ltr'><strong>cap.</strong></span> <span class='ocrx_word' id='word_1_775' title='bbox 702 5448 770 5514; x_wconf 82' lang='lat'><strong>9,</strong></span> <span class='ocrx_word' id='word_1_776' title='bbox 806 5448 951 5516; x_wconf 84' lang='lat' dir='ltr'><strong>quod</strong></span> <span class='ocrx_word' id='word_1_777' title='bbox 996 5420 1282 5504; x_wconf 67' lang='lat' dir='ltr'><strong>insertum</strong></span> <span class='ocrx_word' id='word_1_778' title='bbox 1313 5463 1399 5505; x_wconf 89' lang='lat' dir='ltr'><strong>est</strong></span> <span class='ocrx_word' id='word_1_779' title='bbox 1438 5420 1652 5507; x_wconf 71' lang='lat' dir='ltr'><strong>scholio</strong></span> <span class='ocrx_word' id='word_1_780' title='bbox 1697 5468 1819 5522; x_wconf 89' lang='lat' dir='ltr'><strong>cap.</strong></span> <span class='ocrx_word' id='word_1_781' title='bbox 1858 5452 1921 5521; x_wconf 92' lang='grc'><strong>1,</strong></span> <span class='ocrx_word' id='word_1_782' title='bbox 1958 5452 2042 5506; x_wconf 90' lang='lat' dir='ltr'><strong>tit.</strong></span> <span class='ocrx_word' id='word_1_783' title='bbox 2074 5452 2140 5520; x_wconf 90' lang='grc'><strong>2,</strong></span> 
     </span>
    </p>
   </div>
   <div class='ocr_carea' id='block_1_98' title="bbox 2177 5420 3814 5528">
    <p class='ocr_par' dir='ltr' id='par_1_98' title="bbox 2250 5420 3814 5528">
     <span class='ocr_line' id='line_1_99' title="bbox 2250 5420 3814 5528; baseline -0.013 -24"><span class='ocrx_word' id='word_1_784' title='bbox 2250 5420 2557 5504; x_wconf 75' lang='grc' dir='ltr'>Βασιλικῶν</span> <span class='ocrx_word' id='word_1_785' title='bbox 2587 5444 2652 5509; x_wconf 88' lang='grc' dir='ltr'><strong>ε’,</strong></span> <span class='ocrx_word' id='word_1_786' title='bbox 2680 5446 2789 5501; x_wconf 87' lang='grc' dir='ltr'>τίτ.</span> <span class='ocrx_word' id='word_1_787' title='bbox 2815 5442 2889 5514; x_wconf 78' lang='grc' dir='ltr'><strong>γ’,</strong></span> <span class='ocrx_word' id='word_1_788' title='bbox 2912 5420 3041 5513; x_wconf 79' lang='grc' dir='ltr'>κεφ.</span> <span class='ocrx_word' id='word_1_789' title='bbox 3074 5438 3119 5495; x_wconf 87' lang='grc' dir='ltr'>θ’</span> <span class='ocrx_word' id='word_1_790' title='bbox 3153 5437 3595 5509; x_wconf 71' lang='grc' dir='ltr'>καταπρωθέντι</span> <span class='ocrx_word' id='word_1_791' title='bbox 3614 5433 3688 5494; x_wconf 83' lang='grc' dir='ltr'><strong>είς</strong></span> 
     </span>
    </p>
   </div>
   <div class='ocr_carea' id='block_1_99' title="bbox 539 5530 2176 5617">
    <p class='ocr_par' dir='ltr' id='par_1_99' title="bbox 539 5539 2144 5617">
     <span class='ocr_line' id='line_1_100' title="bbox 539 5539 2144 5617; baseline 0.007 -28"><span class='ocrx_word' id='word_1_792' title='bbox 539 5539 827 5607; x_wconf 70' lang='lat' dir='ltr'><strong>przesentis</strong></span> <span class='ocrx_word' id='word_1_793' title='bbox 867 5541 1050 5611; x_wconf 87' lang='lat' dir='ltr'><strong>operis</strong></span> <span class='ocrx_word' id='word_1_794' title='bbox 1092 5544 1240 5597; x_wconf 89' lang='lat' dir='ltr'><strong>circa</strong></span> <span class='ocrx_word' id='word_1_795' title='bbox 1287 5543 1529 5598; x_wconf 90' lang='lat' dir='ltr'><strong>initium.</strong></span> <span class='ocrx_word' id='word_1_796' title='bbox 1566 5542 1787 5600; x_wconf 86' lang='lat' dir='ltr'><strong>Gratias</strong></span> <span class='ocrx_word' id='word_1_797' title='bbox 1831 5544 2000 5617; x_wconf 81' lang='lat' dir='ltr'><strong>igitur</strong></span> <span class='ocrx_word' id='word_1_798' title='bbox 2043 5560 2144 5615; x_wconf 83' lang='lat' dir='ltr'><strong>age</strong></span> 
     </span>
    </p>
   </div>
   <div class='ocr_carea' id='block_1_100' title="bbox 2173 5530 3810 5617">
    <p class='ocr_par' dir='ltr' id='par_1_100' title="bbox 2249 5530 3810 5617">
     <span class='ocr_line' id='line_1_101' title="bbox 2249 5530 3810 5617; baseline -0.01 -22"><span class='ocrx_word' id='word_1_799' title='bbox 2249 5542 2403 5597; x_wconf 88' lang='grc' dir='ltr'>λαιον</span> <span class='ocrx_word' id='word_1_800' title='bbox 2432 5540 2529 5595; x_wconf 82' lang='grc' dir='ltr'>τοῦ</span> <span class='ocrx_word' id='word_1_801' title='bbox 2575 5538 2632 5596; x_wconf 84' lang='grc' dir='ltr'>α’</span> <span class='ocrx_word' id='word_1_802' title='bbox 2659 5556 2789 5609; x_wconf 85' lang='grc' dir='ltr'>κεφ.</span> <span class='ocrx_word' id='word_1_803' title='bbox 2827 5537 2924 5593; x_wconf 83' lang='grc' dir='ltr'><strong>τοῦ</strong></span> <span class='ocrx_word' id='word_1_804' title='bbox 2961 5534 3008 5608; x_wconf 81' lang='grc' dir='ltr'>β’</span> <span class='ocrx_word' id='word_1_805' title='bbox 3059 5535 3167 5589; x_wconf 86' lang='grc' dir='ltr'>τίτ.</span> <span class='ocrx_word' id='word_1_806' title='bbox 3215 5530 3312 5586; x_wconf 83' lang='grc' dir='ltr'><strong>τοῦ</strong></span> <span class='ocrx_word' id='word_1_807' title='bbox 3347 5530 3611 5604; x_wconf 86' lang='grc' dir='ltr'>παρόντος</span> <span class='ocrx_word' id='word_1_808' title='bbox 3647 5531 3810 5617; x_wconf 59' lang='grc' dir='ltr'>συντα-</span> 
     </span>
    </p>
   </div>
   <div class='ocr_carea' id='block_1_101' title="bbox 543 5614 2180 5718">
    <p class='ocr_par' dir='ltr' id='par_1_101' title="bbox 543 5614 2143 5709">
     <span class='ocr_line' id='line_1_102' title="bbox 543 5614 2143 5709; baseline 0.005 -26"><span class='ocrx_word' id='word_1_809' title='bbox 543 5631 869 5699; x_wconf 64' lang='lat' dir='ltr'><strong>patriarchae</strong></span> <span class='ocrx_word' id='word_1_810' title='bbox 924 5632 1144 5700; x_wconf 79' lang='lat' dir='ltr'><strong>Photio,</strong></span> <span class='ocrx_word' id='word_1_811' title='bbox 1177 5636 1270 5704; x_wconf 90' lang='lat' dir='ltr'><strong>qui</strong></span> <span class='ocrx_word' id='word_1_812' title='bbox 1307 5645 1455 5691; x_wconf 90' lang='lat' dir='ltr'><strong>recte</strong></span> <span class='ocrx_word' id='word_1_813' title='bbox 1487 5614 1884 5708; x_wconf 78' lang='lat' dir='ltr'><strong>interpretatus</strong></span> <span class='ocrx_word' id='word_1_814' title='bbox 1913 5646 1996 5694; x_wconf 83' lang='lat' dir='ltr'><strong>est</strong></span> <span class='ocrx_word' id='word_1_815' title='bbox 2024 5614 2143 5709; x_wconf 84' lang='lat' dir='ltr'><strong>epi-</strong></span> 
     </span>
    </p>
   </div>
   <div class='ocr_carea' id='block_1_102' title="bbox 2175 5614 3812 5718">
    <p class='ocr_par' dir='ltr' id='par_1_102' title="bbox 2253 5614 3812 5718">
     <span class='ocr_line' id='line_1_103' title="bbox 2253 5614 3812 5718; baseline -0.028 -9"><span class='ocrx_word' id='word_1_816' title='bbox 2253 5653 2465 5707; x_wconf 75' lang='grc' dir='ltr'><strong>Ὑματος</strong></span> <span class='ocrx_word' id='word_1_817' title='bbox 2497 5636 2627 5705; x_wconf 64' lang='grc' dir='ltr'>περὶ</span> <span class='ocrx_word' id='word_1_818' title='bbox 2672 5632 2774 5697; x_wconf 84' lang='grc' dir='ltr'><strong>τὰς</strong></span> <span class='ocrx_word' id='word_1_819' title='bbox 2816 5630 3017 5704; x_wconf 82' lang='grc' dir='ltr'>ἀρχάς.</span> <span class='ocrx_word' id='word_1_820' title='bbox 3048 5628 3463 5700; x_wconf 85' lang='grc' dir='ltr'>Εὑχαρίστησον</span> <span class='ocrx_word' id='word_1_821' title='bbox 3501 5622 3591 5677; x_wconf 79' lang='grc' dir='ltr'>οὖν</span> <span class='ocrx_word' id='word_1_822' title='bbox 3630 5614 3701 5718; x_wconf 57' lang='grc' dir='ltr'>τςῦ</span> 
     </span>
    </p>
   </div>
   <div class='ocr_carea' id='block_1_103' title="bbox 546 5713 2183 5802">
    <p class='ocr_par' dir='ltr' id='par_1_103' title="bbox 546 5726 2150 5802">
     <span class='ocr_line' id='line_1_104' title="bbox 546 5726 2150 5802; baseline 0.007 -26"><span class='ocrx_word' id='word_1_823' title='bbox 546 5738 742 5792; x_wconf 82' lang='lat' dir='ltr'><strong>scopos</strong></span> <span class='ocrx_word' id='word_1_824' title='bbox 777 5734 831 5778; x_wconf 84' lang='lat' dir='ltr'><strong>et</strong></span> <span class='ocrx_word' id='word_1_825' title='bbox 864 5726 1119 5794; x_wconf 88' lang='lat' dir='ltr'><strong>clericos,</strong></span> <span class='ocrx_word' id='word_1_826' title='bbox 1157 5740 1421 5800; x_wconf 89' lang='lat' dir='ltr'><strong>tanquam</strong></span> <span class='ocrx_word' id='word_1_827' title='bbox 1460 5731 1511 5785; x_wconf 90' lang='lat' dir='ltr'><strong>id</strong></span> <span class='ocrx_word' id='word_1_828' title='bbox 1548 5732 1694 5802; x_wconf 91' lang='lat' dir='ltr'><strong>quod</strong></span> <span class='ocrx_word' id='word_1_829' title='bbox 1732 5731 1979 5798; x_wconf 89' lang='lat' dir='ltr'><strong>interest,</strong></span> <span class='ocrx_word' id='word_1_830' title='bbox 2011 5748 2150 5787; x_wconf 88' lang='lat' dir='ltr'><strong>usu-</strong></span> 
     </span>
    </p>
   </div>
   <div class='ocr_carea' id='block_1_104' title="bbox 2169 5713 3806 5802">
    <p class='ocr_par' dir='ltr' id='par_1_104' title="bbox 2258 5713 3806 5802">
     <span class='ocr_line' id='line_1_105' title="bbox 2258 5713 3806 5802; baseline -0.018 -13"><span class='ocrx_word' id='word_1_831' title='bbox 2258 5730 2495 5802; x_wconf 78' lang='grc' dir='ltr'>τριάρχῃ</span> <span class='ocrx_word' id='word_1_832' title='bbox 2544 5727 2738 5798; x_wconf 84' lang='grc' dir='ltr'>Φωτίῳ</span> <span class='ocrx_word' id='word_1_833' title='bbox 2784 5725 2968 5789; x_wconf 83' lang='grc' dir='ltr'>καλῶς</span> <span class='ocrx_word' id='word_1_834' title='bbox 3020 5721 3427 5796; x_wconf 74' lang='grc' dir='ltr'>ἐρμηνεύσαντι</span> <span class='ocrx_word' id='word_1_835' title='bbox 3481 5713 3711 5802; x_wconf 54' lang='grc' dir='ltr'>ἀπαιτεῖν</span> <span class='ocrx_word' id='word_1_836' title='bbox 3748 5713 3806 5762; x_wconf 85' lang='grc' dir='ltr'><strong>ως</strong></span> 
     </span>
    </p>
   </div>
   <div class='ocr_carea' id='block_1_105' title="bbox 548 5800 2185 5896">
    <p class='ocr_par' dir='ltr' id='par_1_105' title="bbox 548 5800 2151 5896">
     <span class='ocr_line' id='line_1_106' title="bbox 548 5800 2151 5896; baseline 0.006 -29"><span class='ocrx_word' id='word_1_837' title='bbox 548 5830 638 5868; x_wconf 84' lang='lat' dir='ltr'><strong>ras</strong></span> <span class='ocrx_word' id='word_1_838' title='bbox 677 5817 914 5886; x_wconf 79' lang='lat' dir='ltr'><strong>exigere.</strong></span> <span class='ocrx_word' id='word_1_839' title='bbox 950 5821 1059 5875; x_wconf 89' lang='lat' dir='ltr'><strong>&#39;l‘it.</strong></span> <span class='ocrx_word' id='word_1_840' title='bbox 1091 5822 1126 5876; x_wconf 80' lang='grc'><strong>2</strong></span> <span class='ocrx_word' id='word_1_841' title='bbox 1155 5822 1252 5877; x_wconf 90' lang='lat' dir='ltr'><strong>lib.</strong></span> <span class='ocrx_word' id='word_1_842' title='bbox 1306 5840 1360 5878; x_wconf 77' lang='lat' dir='ltr'><strong>vr</strong></span> <span class='ocrx_word' id='word_1_843' title='bbox 1419 5826 1541 5881; x_wconf 89' lang='lat' dir='ltr'><strong>cod.</strong></span> <span class='ocrx_word' id='word_1_844' title='bbox 1568 5800 1794 5896; x_wconf 82' lang='lat' dir='ltr'><strong>positus</strong></span> <span class='ocrx_word' id='word_1_845' title='bbox 1836 5835 1921 5880; x_wconf 89' lang='lat' dir='ltr'><strong>cst</strong></span> <span class='ocrx_word' id='word_1_846' title='bbox 1963 5824 2017 5879; x_wconf 92' lang='lat' dir='ltr'><strong>in</strong></span> <span class='ocrx_word' id='word_1_847' title='bbox 2056 5824 2151 5878; x_wconf 86' lang='lat' dir='ltr'><strong>lib.</strong></span> 
     </span>
    </p>
   </div>
   <div class='ocr_carea' id='block_1_106' title="bbox 2171 5800 3808 5896">
    <p class='ocr_par' dir='ltr' id='par_1_106' title="bbox 2261 5800 3808 5896">
     <span class='ocr_line' id='line_1_107' title="bbox 2261 5800 3808 5896; baseline -0.011 -19"><span class='ocrx_word' id='word_1_848' title='bbox 2261 5800 2522 5895; x_wconf 74' lang='grc' dir='ltr'>διαφέρον</span> <span class='ocrx_word' id='word_1_849' title='bbox 2551 5819 2769 5885; x_wconf 83' lang='grc' dir='ltr'>τόκους,</span> <span class='ocrx_word' id='word_1_850' title='bbox 2816 5819 2946 5881; x_wconf 87' lang='grc' dir='ltr'>τοὺς</span> <span class='ocrx_word' id='word_1_851' title='bbox 2978 5814 3336 5879; x_wconf 87' lang='grc' dir='ltr'>ἐπισκόπους,</span> <span class='ocrx_word' id='word_1_852' title='bbox 3367 5810 3463 5865; x_wconf 74' lang='grc' dir='ltr'>καὶ</span> <span class='ocrx_word' id='word_1_853' title='bbox 3503 5808 3624 5870; x_wconf 79' lang='grc' dir='ltr'>τοὺς</span> <span class='ocrx_word' id='word_1_854' title='bbox 3651 5800 3808 5896; x_wconf 63' lang='grc' dir='ltr'>κληρξι</span> 
     </span>
    </p>
   </div>
   <div class='ocr_carea' id='block_1_107' title="bbox 552 5888 2189 5992">
    <p class='ocr_par' dir='ltr' id='par_1_107' title="bbox 552 5888 2159 5992">
     <span class='ocr_line' id='line_1_108' title="bbox 552 5888 2159 5992; baseline 0.01 -33"><span class='ocrx_word' id='word_1_855' title='bbox 552 5903 720 5963; x_wconf 82' lang='lat' dir='ltr'><strong>Basil.</strong></span> <span class='ocrx_word' id='word_1_856' title='bbox 759 5923 828 5964; x_wconf 72' lang='grc' dir='ltr'>ιι</span> <span class='ocrx_word' id='word_1_857' title='bbox 853 5951 867 5979; x_wconf 91' lang='grc'><strong>,</strong></span> <span class='ocrx_word' id='word_1_858' title='bbox 900 5912 987 5968; x_wconf 90' lang='lat' dir='ltr'><strong>tit.</strong></span> <span class='ocrx_word' id='word_1_859' title='bbox 1022 5913 1087 5988; x_wconf 88' lang='lat'><strong>6,</strong></span> <span class='ocrx_word' id='word_1_860' title='bbox 1123 5930 1249 5989; x_wconf 87' lang='lat' dir='ltr'><strong>cap.</strong></span> <span class='ocrx_word' id='word_1_861' title='bbox 1288 5917 1385 5988; x_wconf 88' lang='grc'><strong>18,</strong></span> <span class='ocrx_word' id='word_1_862' title='bbox 1417 5933 1486 5978; x_wconf 85' lang='lat' dir='ltr'><strong>ac</strong></span> <span class='ocrx_word' id='word_1_863' title='bbox 1531 5888 1750 5992; x_wconf 63' lang='lat' dir='ltr'><strong>quaeras</strong></span> <span class='ocrx_word' id='word_1_864' title='bbox 1792 5919 1945 5976; x_wconf 71' lang='lat' dir='ltr'><strong>varia</strong></span> <span class='ocrx_word' id='word_1_865' title='bbox 1993 5917 2159 5992; x_wconf 86' lang='lat' dir='ltr'><strong>hujus</strong></span> 
     </span>
    </p>
   </div>
   <div class='ocr_carea' id='block_1_108' title="bbox 2166 5888 3803 5992">
    <p class='ocr_par' dir='ltr' id='par_1_108' title="bbox 2266 5888 3803 5986">
     <span class='ocr_line' id='line_1_109' title="bbox 2266 5888 3803 5986; baseline -0.016 -14"><span class='ocrx_word' id='word_1_866' title='bbox 2266 5888 2443 5981; x_wconf 39' lang='grc' dir='ltr'>χούς.-</span> <span class='ocrx_word' id='word_1_867' title='bbox 2468 5914 2527 5970; x_wconf 89' lang='grc' dir='ltr'>Ὁ</span> <span class='ocrx_word' id='word_1_868' title='bbox 2551 5912 2595 5986; x_wconf 82' lang='grc' dir='ltr'>β’</span> <span class='ocrx_word' id='word_1_869' title='bbox 2617 5912 2723 5971; x_wconf 85' lang='grc' dir='ltr'>τίτ.</span> <span class='ocrx_word' id='word_1_870' title='bbox 2754 5911 2850 5967; x_wconf 80' lang='grc' dir='ltr'>τοῦ</span> <span class='ocrx_word' id='word_1_871' title='bbox 2886 5908 2936 5979; x_wconf 83' lang='grc' dir='ltr'>ς’</span> <span class='ocrx_word' id='word_1_872' title='bbox 2972 5908 3180 5983; x_wconf 82' lang='grc' dir='ltr'>βιϐλίου</span> <span class='ocrx_word' id='word_1_873' title='bbox 3206 5906 3302 5964; x_wconf 69' lang='grc' dir='ltr'>τοῦ</span> <span class='ocrx_word' id='word_1_874' title='bbox 3329 5905 3557 5970; x_wconf 81' lang='grc' dir='ltr'>κὼδικος</span> <span class='ocrx_word' id='word_1_875' title='bbox 3584 5897 3723 5963; x_wconf 79' lang='grc' dir='ltr'>ἐτέθη</span> <span class='ocrx_word' id='word_1_876' title='bbox 3743 5888 3803 5949; x_wconf 73' lang='grc' dir='ltr'><strong>εἰς</strong></span> 
     </span>
    </p>
   </div>
  </div>
