4146 6474
370 396 504 462 1121

1299 400 1789 463 ΝΟΜΟΟΑΝΟΝ.
1830 428 1894 439 -
1933 403 2081 468 TlT.
2107 406 2211 482 IX,
2253 406 2413 467 ClP.
2440 405 2689 467 XXVII.
2721 400 2736 427 "

3570 403 3710 471 1122

364 493 576 564 βιϐλίον
620 492 732 545 τῶν
781 491 1099 547 Βασιλικῶν
1140 489 1181 558 ξ’
1221 493 1326 547 τίτ.
1374 494 1428 560 ς’
1458 513 1564 564 κεφ
1603 494 1670 567 ιη’
1704 497 1799 550 καὶ
1828 494 1983 569 ζήτει

2105 516 2211 571 :ap.
2256 501 2324 555 de
2377 499 2537 553 furtis
2584 508 2639 553 et
2685 496 2921 552 furibus.
2960 494 3070 552 'l‘it.
3120 496 3297 563 ειῑιν.
3372 510 3519 552 XLVII
3590 500 3704 568 dig.

364 588 603 658 διάφορα
631 586 825 640 τούτου
864 603 996 654 κεφ.
1052 587 1181 658 περὶ
1209 586 1427 641 κλοπῶν
1473 589 1569 641 καὶ
1602 588 1878 644 κλεπτῶν.
1926 589 1983 643 '0

368 680 425 734 δὲ
456 678 501 751 β’
535 679 647 735 τίτ.
674 678 769 732 τοῦ
803 680 889 750 μζ¹
918 677 1128 750 βιϐλίου
1153 678 1263 733 τῶν
1295 679 1435 735 διατ.
1468 680 1629 751 ἐτέθη
1664 681 1743 745 είς
1775 680 1983 752 βιϐλίον

366 772 479 826 Ιτῶν
514 770 821 825 Βασιλικῶν
855 768 897 838 ξ’
925 769 1034 825 τίτ.
1072 770 1139 841 ιβ’
1168 787 1298 841 κεφ.
1328 768 1401 837 α’,
1433 772 1529 825 καὶ
1557 770 1645 841 ἐφ’
1675 772 1804 841 ἑξῆς
1831 773 1985 844 ζήτει

368 886 500 939 κεφ.
544 865 613 939 β’,
649 866 721 937 γ’,
762 864 824 934 δ’,
858 864 925 935 ε’,
968 865 1043 920 τὰ
1071 866 1213 921 αύτὰ
1247 864 1476 934 λέγοντα
1521 866 1705 937 ῥητῶς
1752 866 1853 920 ὅσα
1881 865 1978 920 καὶ

381 964 467 1027 εἰς
506 962 572 1016 τὸ
621 961 883 1032 κείμενον
930 960 1281 1033 ἐγράφησαν.
1328 961 1492 1031 Ζήτει
1547 959 1604 1013 δὲ
1652 959 1748 1013 καὶ
1795 959 1985 1030 ἓτερον

376 1072 507 1124 κεφ.
536 1054 632 1108 τοῦ
667 1053 834 1109 αὐτοῦ
863 1054 971 1108 τίτ.
1012 1053 1273 1108 διδάσκον
1313 1052 1384 1107 τὰ
1428 1053 1560 1125 περὶ
1584 1051 1826 1123 ἀφανοῦς
1861 1052 1985 1106 κλο-

377 1149 486 1218 πῆς
514 1147 610 1202 καὶ
636 1146 903 1216 φανερᾶς,
944 1145 1042 1199 καλ¹
1086 1145 1210 1198 είπὲ
1262 1145 1347 1199 ὅτι
1376 1144 1483 1199 κᾶν
1520 1143 1836 1215 ἱερωμένων
1869 1142 1995 1196 κλε-

381 1237 535 1291 πτῶν
584 1237 646 1290 ού
692 1236 999 1308 μέμνηνται
1035 1236 1088 1290 οἱ
1119 1234 1352 1290 τοιοῦτοι
1391 1236 1499 1291 τίτ.
1546 1235 1689 1289 Ἀλλ’
1724 1235 1849 1289 ἐπεὶ
1896 1235 1990 1303 ἀφ’

374 1320 453 1381 ὧν
485 1327 735 1400 νομίμων
794 1328 1083 1397 ὲνάγονται
1133 1330 1181 1381 οξ
1230 1328 1433 1393 λαῐκοὶ,
1472 1327 1533 1393 ἐξ
1576 1326 1757 1380 αὐτῶν
1802 1327 1897 1380 καὶ
1940 1327 1992 1381 οἱ

378 1419 641 1493 κληρικοὶ
672 1420 983 1489 ὲνάγονται,
1025 1420 1301 1491 προνόμια
1344 1420 1402 1474 δὲ
1446 1421 1549 1473 οὐκ
1590 1418 1751 1489 ἐδόθη
1778 1417 1993 1481 τούτοις

2095 592 2309 663 positus
2338 599 2423 647 est
2454 590 2507 644 in
2541 590 2635 644 lib.
2664 589 2832 644 Basil.
2860 604 2951 655 ιιι,
2986 590 3069 643 tit.
3100 590 3188 653 12,
3221 604 3344 659 cap.
3375 590 3424 654 1,
3452 605 3516 644 ac
3545 589 3698 643 dein.

2092 699 2223 754 ceps
2268 698 2484 754 quaeras
2527 698 2651 752 cap.
2685 682 2742 749 2,
2774 683 2831 749 5,
2866 681 2921 750 4,
2954 682 3008 750 5,
3056 699 3180 751 quae
3214 698 3473 751 expresse
3511 682 3705 737 eadem

2091 776 2283 830 dicunt
2335 790 2459 845 qua:
2487 775 2540 829 in
2574 783 2723 829 textu
2750 774 2954 845 scripta
2986 782 3136 831 sunt.
3164 774 3270 829 Sed
3297 790 3513 843 qumras
3535 772 3704 828 etiam

2094 867 2199 922 alia
2230 867 2478 937 ejusdem
2504 867 2589 921 tit.
2612 882 2735 937 cap.
2760 882 2884 938 quae
2906 867 2976 923 de
3001 882 3101 923 nec
3128 867 3424 921 inauifcsto
3452 881 3505 920 et
3529 865 3706 920 mani-

2096 956 2240 1013 l'esto
2274 956 2418 1011 furto
2450 959 2681 1025 docent,
2706 972 2773 1013 ac
2802 958 2993 1022 dicas,
3024 960 3172 1029 quod
3208 960 3427 1014 tametsi
3465 959 3518 1013 hi
3559 958 3707 1013 tituli

2099 1050 2451 1106 sacerdotum
2491 1049 2676 1105 furum
2708 1066 2817 1106 non
2849 1051 3207 1107 meminerim
3238 1092 3255 1118 ,
3295 1062 3539 1107 attamen
3576 1053 3706 1122 quia

2099 1158 2166 1198 ex
2194 1143 2398 1213 quibus
2425 1143 2634 1215 legibus
2662 1144 3084 1213 conveniantur,
3112 1160 3293 1216 neque
3318 1160 3449 1199 vero
3478 1146 3704 1214 privile-

2094 1233 2246 1302 gium
2282 1233 2368 1287 his
2392 1233 2577 1287 datum
2610 1233 2719 1300 sit,
2746 1249 2814 1289 ne
2846 1235 2914 1290 de
2940 1234 3088 1291 furto
3117 1238 3414 1292 convenire
3436 1238 3652 1305 possint
3686 1254 3701 1290 :

2098 1326 2416 1381 necessario
2445 1327 2727 1381 communi
2757 1326 2827 1383 de
2857 1326 3022 1384 furtis
3045 1327 3173 1399 jure
3202 1337 3258 1385 et
3284 1328 3387 1398 ipsi
3421 1329 3701 1384 constrin-

2098 1427 2317 1490 gentnr.

374 1515 487 1570 ἀπὸ
516 1513 726 1583 κλοπῆς
762 1511 839 1585 μὴ
870 1511 1163 1582 ὲνὰγεσθαι
1198 1513 1259 1580 ἐξ
1301 1512 1549 1584 ἀνάγκης
1580 1511 1659 1582 τῷ
1691 1511 1859 1583 κοινῷ
1922 1509 2143 1582 νομίμῳ
2202 1511 2282 1583 τῷ
2317 1511 2574 1585 περὶτῆς
2602 1511 2815 1582 κλοπῆς
2858 1514 2954 1568 καὶ
2990 1515 3146 1569 αὐτοὶ
3177 1514 3704 1589 συσφιγχθήςονται,

447 1606 759 1675 Κείμενον.
804 1604 865 1657 Ὀ
885 1603 942 1657 δὲ
964 1604 1074 1658 ἀπὸ
1105 1604 1439 1676 ἐμπρησμοῦ
1470 1603 1504 1675 ἦ
1538 1602 1804 1670 ναυαγίου
1831 1603 1976 1673 λαμ-

2164 1603 2387 1660 Textus.
2408 1605 2511 1672 Qui
2536 1622 2603 1659 ex
2638 1606 2893 1662 incendio
2923 1616 3019 1663 aut
3058 1609 3369 1680 naufragio,
3388 1620 3519 1681 etc.,
3540 1628 3707 1683 usque

379 1700 564 1756 ϐἁνων
592 1698 816 1765 ἔξωθεν,
840 1715 896 1751 κ.
926 1715 977 1751 τ.
1011 1698 1088 1763 λ.,
1132 1712 1308 1768 usque
1337 1698 1402 1752 ad
1432 1696 1507 1761 ὡς
1540 1694 1748 1767 βιϐλίον
1781 1694 1829 1767 γ’
1875 1696 1980 1750 τίτ.

2105 1696 2162 1750 τά
2193 1696 2276 1752 tit.
2306 1696 2364 1764 2,
2397 1697 2594 1769 digest.
2621 1697 2717 1765 26,
2749 1707 2807 1752 ut
2829 1713 2954 1771 pag.
2988 1699 3117 1756 500.

382 1790 452 1863 β’,
482 1791 625 1844 διάτ.
658 1787 728 1854 α’,
752 1786 794 1841 δ’
823 1789 919 1841 καὶ
946 1786 1021 1854 ς’,
1059 1803 1226 1859 supra
1256 1804 1384 1860 pag.
1417 1790 1545 1846 299,

461 1885 747 1954 Σχόλιον.
786 1882 851 1935 Ἦ
898 1879 967 1954 ιη’
1001 1880 1142 1936 διάτ.
1186 1881 1281 1936 τοῦ
1318 1882 1361 1953 β’
1409 1883 1519 1939 τίτ.
1553 1884 1648 1940 τοῦ
1695 1883 1748 1951 ς’
1780 1882 1987 1956 βιϐλίου

380 1974 482 2029 τοῦ
526 1974 760 2037 κώδικος
809 1972 924 2027 ἔστι
976 1972 1118 2045 θέμα
1170 1971 1243 2026 λε’
1278 1973 1374 2028 τοῦ
1416 1973 1470 2041 ς’
1501 1976 1608 2031 τίτ.
1645 1977 1741 2031 τοῦ
1794 1975 1835 2041 ξ’
1876 1973 1987 2046 βιϐ.

380 2068 496 2122 τῶν
530 2065 840 2123 Βασιλικῶν
872 2066 1017 2120 οὓτω
1038 2066 1219 2136 λέγον.
1252 2068 1378 2123 Ἐάν
1399 2086 1483 2133 τις
1512 2070 1621 2124 ἀπὸ
1647 2066 1985 2142 ἐμπρησμοῦ

385 2160 421 2231 ἢ
457 2159 723 2230 ναυαγίου
758 2158 1028 2231 ἀφέληταί
1061 2177 1137 2228 τι,
1185 2160 1219 2230 ἢ
1276 2159 1487 2236 μειώσῃ
1532 2163 1684 2227 ἐντὸς
1730 2160 1980 2216 ἐνιαυτοῦ

381 2254 695 2326 ὡρισμένου
724 2255 806 2319 είς
828 2252 889 2308 τὸ
910 2253 1253 2326 τετραπλοῦν
1279 2256 1600 2328 καρέχεται.
1629 2256 1790 2312 Μετὰ
1814 2256 1872 2309 δὲ
1898 2256 1993 2310 τὸν

380 2347 633 2401 ἐνιαυτὸν
660 2349 741 2411 είς
774 2347 837 2400 τὸ
869 2345 1075 2400 ἁπλοῦν
1106 2347 1244 2419 πρὸς
1269 2350 1335 2419 τῇ
1362 2348 1465 2420 ήδη
1490 2349 1781 2423 ὡρισμένῃ
1806 2352 1989 2422 ποινῇ.

378 2440 459 2493 Τὸ
486 2440 543 2494 δὲ
571 2439 814 2494 δίδοσθαι
832 2439 930 2493 καὶ
960 2439 1039 2512 τῷ
1069 2440 1249 2512 φίσκῳ
1271 2440 1439 2512 ἤγουν
1454 2441 1532 2513 τῷ
1550 2442 1799 2514 δημοσίῳ
1815 2442 1878 2496 τὸ
1906 2460 1995 2496 τε-

379 2530 664 2603 τραπλοῦν
696 2529 882 2595 καθὼς
911 2532 971 2584 ὲν
1013 2530 1093 2603 τῷ
1122 2531 1317 2585 κώδικι
1367 2534 1699 2605 περιείχετο,
1727 2534 1789 2588 ού
1822 2551 1995 2605 προσ-

384 2620 552 2692 ετέθη
578 2622 636 2673 ὲν
671 2620 751 2691 τῷ
781 2619 1080 2693 Βασιλικῷ.
1110 2622 1349 2691 Λέγουσι
1377 2624 1509 2695 γοῦν
1539 2641 1684 2688 τινες
1716 2625 1806 2679 διὰ
1837 2626 1998 2681 τοῦτο

384 2713 469 2785 μὴ
500 2712 857 2767 ἀπαιτεῖσθαι
891 2716 1045 2788 παρὰ
1084 2714 1181 2769 τοῦ
1218 2717 1481 2789 δημοσίου
1528 2719 1591 2772 τὸ
1622 2719 1988 2790 τετραπλοῦν.

397 2806 559 2877 Ἐμοὶ
594 2806 652 2859 δὲ
708 2805 859 2860 δοκεῖ
889 2806 971 2860 ὅτι
1024 2807 1134 2862 ἀπὸ
1187 2810 1285 2863 τοῦ
1336 2811 1516 2865 είπεῖν
1563 2811 1656 2865 τὸν
1702 2812 1997 2868 Βασιλικὸν

381 2898 575 2970 ἔνοχον
596 2894 743 2954 εἶναι
769 2901 864 2955 τὸν
895 2900 1070 2965 οὕτως
1090 2904 1456 2975 ἡμαρτηκότα
1479 2906 1577 2959 σὺν
1602 2903 1683 2976 τῷ
1706 2906 1998 2978 τετραπλῷ

380 2993 489 3047 καὶ
551 2996 617 3065 τῇ
653 2994 944 3069 ὡρισμένῃ
986 2999 1145 3067 ποινῇ
1172 3038 1186 3063 ,
1221 2997 1558 3067 παρίσταται
1596 2997 1858 3054 δύνασθαι
1902 3002 1999 3055 καὶ

2170 1880 2472 1938 Scholium.
2545 1880 2784 1938 Constit.
2829 1882 2897 1937 18
2956 1882 3039 1939 tit.
3108 1884 3145 1938 2
3195 1882 3292 1938 lib.
3337 1898 3393 1937 v1
3460 1883 3583 1939 cod.
3624 1892 3712 1939 cst

2097 1988 2220 2044 cap.
2250 1972 2341 2039 55,
2366 1972 2451 2026 tit.
2476 1968 2530 2039 6,
2557 1974 2654 2029 lib.
2680 1990 2748 2028 ιχ
2787 1972 2983 2040 Basil.,
3007 1976 3153 2044 quod
3181 1975 3262 2030 sic
3278 1975 3410 2030 dicit
3442 1992 3456 2030 :
3491 1975 3550 2031 δί
3582 1976 3710 2046 quis

2097 2084 2164 2123 ex
2208 2067 2466 2125 incendio
2499 2068 2585 2124 vel
2630 2066 2921 2137 naufragio
2960 2067 3245 2139 quidpiam
3292 2068 3583 2124 absmlerit
3616 2079 3715 2123 aut

2100 2161 2446 2218 imminuerit
2475 2202 2492 2229 ,
2538 2161 2679 2216 intra
2709 2159 2998 2215 deﬁnitum
3030 2175 3236 2216 annum
3264 2169 3466 2232 praeter
3490 2176 3713 2232 ptenant

2101 2254 2231 2308 olim
2270 2264 2558 2322 statutam,
2586 2253 2642 2308 iu
2673 2253 3068 2324 quadruplum,
3099 2263 3225 2324 post
3252 2271 3458 2309 annum
3494 2256 3547 2309 in
3576 2257 3715 2312 sim—

2103 2347 2254 2417 plum
2309 2354 2548 2401 tenetur.
2591 2346 2667 2402 Ut
2709 2355 2893 2399 autem
2945 2347 3077 2401 ﬁsco
3124 2347 3292 2401 etiam
3339 2347 3712 2419 quadruplum

2103 2440 2284 2503 detur,
2312 2439 2591 2509 quomodo
2636 2437 2739 2511 [id]
2786 2440 2838 2492 in
2884 2439 3008 2494 cod.
3041 2440 3567 2509 comprehendatur,
3601 2456 3714 2495 non

2103 2536 2343 2603 positum
2379 2540 2464 2588 est
2499 2532 2552 2586 in
2588 2530 2756 2586 Basil.
2793 2531 2992 2587 Dicunt
3024 2546 3156 2603 ergo
3190 2534 3442 2588 nonnulli
3508 2533 3715 2589 idcirco

2104 2626 2299 2682 ﬁscum
2335 2626 2705 2697 quadruplum
2750 2640 2861 2680 non
2905 2626 3149 2696 exigere.
3179 2624 3407 2693 Verum,
3431 2628 3714 2698 quomodo

2105 2719 2242 2774 mihi
2293 2720 2535 2785 videtur,
2570 2719 2697 2774 inde
2743 2717 2894 2789 quod
2941 2716 3107 2773 Basil.
3144 2718 3279 2774 dicit
3321 2734 3449 2775 cum
3493 2720 3588 2789 qui
3636 2719 3714 2774 ita

2105 2811 2379 2883 peccarit,
2410 2827 2537 2866 eum
2578 2811 2892 2883 quadruplo
2914 2812 3101 2871 ,ctiam
3144 2820 3368 2868 statuta:
3403 2828 3581 2877 poena:
3610 2814 3715 2866 ob-

2108 2905 2333 2959 noxium
2356 2919 2480 2960 esse
2503 2922 2516 2958 :
2542 2904 2898 2960 constituitur
2942 2904 3107 2959 etiam
3131 2904 3323 2960 ﬁscum
3346 2904 3713 2975 quadruplum

2105 2998 2324 3067 exigere
2371 3011 2553 3067 posse.
2590 2995 2683 3051 Ait
2735 3013 2866 3053 vero
2914 3005 2970 3052 et
3018 2996 3081 3050 51
3134 3012 3255 3067 cap.
3294 2997 3381 3052 tit.
3415 2999 3481 3065 5,
3516 2998 3611 3052 lib.
3648 3014 3714 3063 1.,

381 3086 482 3140 τὸν
514 3086 778 3158 δημόσιον
827 3090 1085 3143 ἀπαιτεῖν
1117 3090 1178 3143 τὸ
1219 3091 1588 3162 τετραπλοῦν.
1624 3092 1765 3164 Φησὶ
1806 3094 1862 3147 δὲ
1905 3096 1995 3147 καὶ

2105 3089 2222 3146 haec
2250 3107 2263 3146 :
2290 3089 2395 3157 Qui
2425 3092 2587 3162 rapit,
2614 3102 2709 3145 aut
2729 3090 2858 3145 dolo
2887 3090 3101 3145 lucrum
3133 3090 3361 3160 percipit
3392 3107 3459 3145 ex
3491 3089 3720 3145 naufra-

380 3180 449 3234 τὸ
470 3178 550 3234 λα’
582 3196 709 3250 κεφ.
738 3180 834 3235 τοῦ
866 3179 916 3252 γ’
950 3181 1054 3236 τίτ.
1086 3181 1180 3237 τοῦ
1203 3181 1282 3253 νγ¹
1321 3182 1529 3254 βιϐλίου
1558 3184 1753 3241 ταῦτα’
1797 3186 1858 3241 ’0
1892 3188 1995 3258 ἁρ-

382 3273 585 3338 πάζων
646 3275 681 3348 ἢ
729 3276 874 3330 κατὰ
923 3276 1074 3329 δόλον
1114 3276 1416 3349 κερδαίνων
1463 3279 1529 3332 ἐκ
1578 3279 1865 3350 ναυαγίου,
1916 3281 1996 3345 είς

382 3368 517 3420 ὅσον
560 3366 849 3423 ὑπόκειται
905 3367 984 3440 τῷ
1016 3367 1398 3440 ξζημιωθέντι,
1450 3369 1710 3425 τοσοῦτον
1764 3372 1860 3426 καὶ
1917 3372 1998 3443 τῷ

383 3457 638 3530 δημοσίῳ
671 3458 909 3515 δίδωσιν.
958 3460 1016 3514 ’0
1047 3460 1103 3514 δὲ
1152 3458 1196 3515 θ’
1227 3461 1333 3517 τίτ.
1368 3461 1465 3516 τοῦ
1500 3461 1588 3536 μζ¹
1636 3464 1846 3534 βιϐλίου
1888 3464 1998 3520 τῶν

385 3550 536 3605 διατ.
574 3552 737 3623 ἐτέθη
768 3553 846 3618 είς
874 3554 980 3609 τίτ.
1024 3552 1071 3608 κ’
1099 3556 1191 3608 τοῦ
1224 3553 1266 3623 ξ’
1290 3554 1496 3627 βιϐλίου
1544 3557 1655 3611 τῶν
1690 3557 1998 3613 Βασιλικῶν

378 3642 836 3717 διαλαμϐάνοντα
869 3648 1000 3719 περὶ
1029 3648 1138 3701 τῶν
1169 3649 1595 3721 ἀφαιρουμένων
1624 3650 1733 3704 ἀπὸ
1769 3652 1988 3724 ἐμπρη-

401 3736 546 3808 σμοῦ
597 3740 691 3793 καὶ
754 3740 1182 3806 καταπτώσεως.
1237 3743 1401 3812 Λέγει
1443 3743 1501 3797 δὲ
1558 3743 1619 3797 τὸ
1677 3743 1831 3810 τέλος
1894 3744 1989 3799 τοῦ

385 3830 442 3885 α’
496 3849 625 3903 κεφ.
647 3832 744 3886 τοῦ
774 3832 943 3887 αὑτοῦ
961 3833 1066 3889 τίτ.
1090 3833 1353 3905 ἁρμόζειν
1380 3835 1641 3889 ἐπέκεινα
1657 3837 1756 3908 τῆς
1777 3853 1999 3908 χρημα-

384 3926 551 3995 τικῆς
608 3911 841 3997 ποινῆς-ξ
879 3926 978 3981 καλ⁵
1022 3928 1443 3999 ὲγκληματικὴν
1482 3928 1857 3994 ἐπεξέλευσιν.
1893 3930 2002 3986 Καὶ

387 4016 510 4071 ἔστι
533 4016 694 4072 τοῦτο
742 4017 912 4072 ίδικὺν
955 4019 1038 4084 είς
1065 4018 1194 4083 τοὺς
1237 4019 1593 4091 ἁρπάζοντας
1636 4020 1745 4075 ἀπὸ
1773 4022 2001 4093 ἐμπρησ-

401 4108 566 4182 σμοῦ,
599 4110 697 4165 καὶ
724 4112 1135 4175 καταπτῶσεως
1168 4114 1264 4166 καὶ
1287 4113 1572 4184 ναυαγίου.
1610 4114 2001 4187 Τιμωροῦνται

390 4203 504 4274 γὰρ
537 4204 631 4257 καὶ
694 4204 1059 4275 χρηματικῶς
1105 4207 1198 4259 καὶ
1247 4205 1679 4278 ὲγκληματικῶς
1721 4207 1860 4279 ὅπερ
1909 4208 2003 4261 ἐπὶ

391 4296 503 4350 τῶν
536 4294 714 4350 ἄλλων
771 4296 1192 4369 ἁμαρτημάτων
1254 4298 1355 4352 ούκ
1398 4298 1537 4353 ἐστι.
1602 4298 1715 4351 Καὶ
1777 4298 1914 4370 φησὶ
1942 4298 2004 4352 τὸ

390 4388 470 4454 νζ¹
494 4389 637 4443 διὰτ.
665 4388 759 4443 τοῦ
795 4389 840 4444 θ’
887 4390 995 4446 τίτ.
1026 4389 1123 4444 τοῦ
1156 4391 1244 4462 μζ⁹
1276 4390 1483 4462 βιϐλίου
1527 4390 1637 4445 τῶν
1667 4391 1809 4447 διατ.
1833 4393 1862 4446 ὃ
1885 4393 2003 4445 ἐστι

2103 3181 2195 3252 gio
2215 3221 2230 3246 ,
2260 3181 2314 3235 in
2348 3193 2617 3251 quantum
2652 3190 2869 3236 tenetur
2902 3182 2951 3236 ei
2983 3182 3078 3253 qui
3105 3181 3308 3237 damno
3337 3182 3570 3238 aﬂ‘ectus
3599 3182 3716 3251 esti,

2109 3273 2451 3329 tantumdem
2484 3274 2652 3329 etiam
2686 3273 2822 3330 ﬁsco
2856 3274 2973 3329 dat.
3002 3273 3175 3329 Porro
3208 3275 3294 3329 tit.
3324 3275 3378 3340 9,
3410 3274 3506 3329 lib.
3568 3290 3717 3329 xuii

2112 3365 2235 3437 Dig.
2270 3367 2484 3437 positus
2514 3375 2599 3421 est
2639 3366 2693 3421 in
2739 3367 2823 3422 lil.
2850 3366 2953 3435 20,
2982 3367 3077 3421 lib.
3110 3383 3177 3421 ιι
3226 3367 3393 3423 Basil.
3421 3365 3528 3433 Qui
3565 3381 3722 3420 com-

2106 3460 2367 3530 plectitur
2393 3468 2685 3515 tractatum
2717 3475 2909 3515 eorum
2940 3475 3063 3530 quae
3092 3475 3155 3513 ex
3189 3458 3446 3514 incendio
3472 3468 3526 3513 et
3559 3458 3720 3512 ruina

2107 3554 2513 3625 subripiuntur.
2547 3554 2689 3610 Dicit
2720 3562 2900 3609 autem
2933 3554 3057 3611 linis
3102 3569 3225 3624 cap.
3264 3556 3282 3607 1
3331 3553 3578 3624 ejusdem
3621 3553 3708 3606 tit.

2110 3656 2422 3718 competere
2461 3661 2627 3717 supra
2671 3645 3047 3716 pecuniariam
3089 3660 3308 3717 poenam
3350 3645 3514 3697 etiam
3551 3644 3725 3698 actio-

2110 3755 2235 3795 nem
2265 3739 2633 3794 criminalem.
2662 3738 2843 3809 Atque
2866 3747 2950 3794 est
2972 3739 3074 3794 hoc
3099 3738 3337 3808 speciale
3368 3738 3419 3790 in
3446 3736 3513 3791 iis
3538 3736 3630 3806 qui
3653 3752 3723 3789 cx

2111 3832 2389 3898 incendio,
2414 3832 2594 3896 ruina,
2624 3833 2914 3903 naufragio
2939 3830 3118 3906 [quid]
3151 3834 3394 3903 rapiunt.
3414 3830 3725 3885 Puniuntur

2108 3926 2256 3980 enim
2302 3934 2417 3979 tum
2482 3926 2831 3995 pecuniarie,
2864 3934 2978 3981 tum
3017 3925 3383 3980 criminalitcr
3418 3943 3432 3979 :
3481 3924 3627 3994 quod
3667 3922 3724 3979 in

2112 4018 2236 4073 aliis
2266 4019 2486 4076 delictis
2519 4037 2626 4076 non
2659 4023 2737 4089 iit,
2768 4023 3237 4093 quemadmodum
3270 4023 3404 4077 dicit
3435 4021 3634 4088 digest.
3659 4022 3717 4086 7,

2114 4109 2195 4163 tit.
2217 4109 2271 4174 9,
2295 4110 2388 4165 lih.
2412 4128 2558 4167 xuii
2605 4113 2715 4183 dig.
2756 4114 2900 4181 quod
2924 4114 3105 4183 ipsum
3122 4124 3205 4167 est
3226 4115 3406 4167 thema
3429 4111 3726 4183 2,cap.57.

2116 4203 2199 4256 tit.
2233 4203 2330 4270 12,
2364 4203 2460 4258 lib.
2492 4220 2558 4258 ιχ
2584 4203 2752 4259 Basil.
2780 4205 2927 4275 quod
2971 4205 3166 4270 habet,
3199 4214 3258 4259 ut
3300 4205 3354 4258 in
3396 4205 3728 4274 compendio

2115 4298 2461 4368 propositum
2490 4308 2595 4353 cst.
2628 4296 2815 4369 Neque
2840 4297 2985 4353 enim
3018 4298 3257 4368 injurius
3284 4308 3379 4353 aut
3403 4296 3514 4364 fur,
3543 4298 3589 4354 si
3616 4298 3727 4352 cri-

2114 4390 2303 4446 minali
2341 4392 2558 4446 actione
2597 4391 2879 4462 impctitus
2915 4391 3141 4462 punitus
3176 4390 3267 4457 sit,
3299 4404 3517 4461 pteuam
3556 4404 3725 4460 pecu-

393 4485 539 4559 θέμα
565 4486 610 4557 β’
640 4486 737 4540 τοῦ
763 4485 838 4553 νζ¹
866 4504 993 4558 κεφ.
1026 4487 1121 4542 τοῦ
1168 4485 1238 4559 ιβ’
1279 4489 1389 4543 τίτ.
1432 4487 1528 4542 τοῦ
1559 4486 1600 4554 ξ’
1642 4487 1851 4560 βιϐλίου
1889 4488 1996 4542 τῶν

2110 4484 2341 4541 niariam
2370 4486 2484 4541 dat.
2513 4484 2659 4542 Sane
2684 4487 2795 4558 dig.
2819 4487 2911 4550 95,
2931 4486 3018 4540 tit.
3044 4487 3104 4553 2,
3132 4486 3229 4540 lib.
3256 4499 3402 4539 xum
3455 4483 3570 4554 dig.
3611 4496 3726 4537 non

393 4579 705 4633 Βασιλικῶν
752 4578 929 4645 οὕτως
969 4580 1094 4654 έχον
1137 4580 1214 4645 ὡς
1263 4580 1602 4652 συνωψίσθη.
1658 4582 1785 4636 Ἐἁν
1820 4581 1930 4651 γὰρ
1976 4583 2005 4635 ὁ

394 4671 684 4748 ὑϐριστὴς,
717 4672 751 4745 ἢ
791 4674 820 4727 ό
863 4674 1108 4743 κλέπτης
1144 4674 1574 4747 ὲγκληματικῶς
1603 4674 1893 4739 έλκυσθεὶς
1922 4692 2007 4728 τι-

398 4767 657 4840 μωρηθῖμ
692 4767 888 4839 ποινὴν
932 4769 994 4822 ού
1029 4769 1216 4823 δίδωσι
1263 4770 1643 4842 χρηματικήν.
1700 4769 1776 4822 Τδ
1825 4769 2010 4840 μέντοι

394 4860 481 4930 ίιγ¹
504 4861 645 4916 διὰτ.
678 4861 771 4915 τοῦ
799 4861 842 4933 β’
876 4862 982 4919 τίτ.
1000 4862 1096 4917 τοῦ
1123 4861 1210 4935 μζ¹
1236 4862 1447 4934 βιϐλίου
1474 4864 1582 4917 τῶν
1602 4862 1900 4928 διατάξεων
1912 4863 2013 4916 οὐκ

395 4952 557 5023 ἐτέθη
591 4955 671 5017 εἰς
698 4955 765 5007 τὰ
798 4954 1087 5011 Βασιλικὰ.
1111 4955 1432 5026 Σημείωσαι
1459 4955 1516 5009 δὲ
1543 4956 1627 5010 ὅτι
1650 4955 1781 5008 ὅταν
1804 4955 2006 5027 ἐγκλη-

402 5041 651 5109 ματικῶς
688 5043 888 5115 κινηθῇ
917 5045 949 5113 ἡ
979 5044 1087 5097 ἀπὸ
1121 5045 1523 5116 ἁμαρτήματος
1546 5045 1741 5115 ἀγωγὴ
1772 5044 2007 5099 δίδονται

400 5132 495 5184 καὶ
544 5134 841 5205 ἐγγραφαί.
887 5137 948 5189 '0
1000 5135 1043 5208 β’
1078 5137 1185 5192 τίτ.
1220 5137 1316 5191 τοῦ
1341 5136 1389 5207 γ’
1442 5136 1656 5209 βιϐλίου
1712 5137 1821 5193 τῶν
1858 5138 2002 5194 διατ.

398 5223 517 5277 ἔστι
551 5224 758 5297 βιϐλίον
796 5229 907 5282 τῶν
940 5230 1251 5285 Βασιλικῶν
1295 5232 1390 5285 καὶ
1418 5233 1525 5285 τίτ.
1560 5229 1604 5303 β’
1634 5231 1906 5285 διδάσκων
1941 5234 2006 5285 ἐκ

398 5319 571 5371 ποίων
593 5322 813 5392 τρόπων
837 5322 1104 5392 ἐπάγεται
1123 5325 1338 5395 ἀτιμία.
1360 5325 1470 5378 Καὶ
1493 5323 1769 5392 ἀνάγνωθι
1789 5324 1934 5395 θέμα
1957 5322 2005 5393 γ’

2106 4592 2194 4637 est
2236 4582 2476 4651 positum
2526 4581 2581 4635 in
2630 4578 2802 4634 Basil.
2850 4578 2991 4635 Nota
3040 4590 3261 4644 tamen,
3298 4574 3449 4648 quod
3494 4574 3723 4648 quando

2108 4675 2470 4731 criminaliter
2500 4673 2569 4729 de
2596 4674 2795 4729 delicto
2826 4673 2973 4728 actio
3004 4682 3154 4727 mota
3187 4670 3350 4726 fuerit
3374 4711 3389 4733 .
3416 4671 3470 4725 in
3505 4669 3714 4725 crimen

2112 4768 2546 4838 subscriptiones
2591 4765 2809 4821 dentur.
2864 4763 2976 4819 Tit.
3013 4765 3049 4820 2
3087 4764 3295 4828 lib..|n
3332 4760 3446 4832 dig.
3490 4770 3579 4817 est
3620 4760 3719 4815 lib.

2114 4858 2281 4916 Basil.
2316 4877 2444 4925 XXI,
2474 4859 2560 4914 tit.
2616 4858 2683 4925 2,
2710 4858 2802 4928 qui
2844 4858 3003 4914 docet
3036 4856 3237 4928 quibus
3278 4855 3456 4911 modis
3495 4851 3724 4909 infamia

2115 4955 2411 5025 irrogetur,
2436 4968 2502 5007 ac
2528 4952 2644 5022 lege
2679 4951 2860 5005 thema
2883 4952 2938 5014 5,
2963 4965 3087 5020 cap.
3115 4949 3170 5014 1,
3195 4949 3342 5018 quod
3369 4947 3505 5003 dicit
3534 4965 3549 5003 :
3583 4944 3727 5000 Infa-

2117 5048 2219 5103 mis
2245 5057 2351 5113 est,
2371 5046 2466 5117 qui
2487 5060 2589 5101 suo
2612 5044 2832 5099 nomine
2862 5044 3015 5107 furti,
3038 5044 3087 5096 vi
3113 5042 3389 5097 bonorum
3415 5049 3725 5110 raptorum,

2116 5138 2472 5208 injuriarum,
2502 5136 2571 5193 de
2603 5136 2732 5192 dolo
2768 5134 2962 5209 [malo]
2997 5134 3316 5197 damnatus,
3346 5142 3445 5187 aut
3479 5134 3723 5186 nondum

2112 5233 2207 5287 lite
2251 5240 2557 5287 contestata
2599 5245 2768 5302 super
2810 5229 2900 5286 bis
2942 5229 3255 5285 actionibus
3290 5227 3435 5283 datis
3475 5226 3728 5297 pecuniis

2113 5333 2308 5396 pactus
2340 5322 2523 5378 fuerit.

396 5410 492 5465 τοῦ
542 5410 589 5465 α’
622 5430 749 5484 κεφ.
784 5413 945 5484 λέγον
979 5433 992 5447 ο
1035 5418 1268 5489 ’Δτιμός
1300 5420 1415 5473 ἐστι
1464 5420 1562 5473 καὶ
1593 5420 1623 5472 ὁ
1662 5420 1778 5492 ἰδίῳ
1810 5420 2038 5491 ὀνόματι
2075 5417 2438 5490 κατακριοεὶς
2474 5420 2540 5490 τῇ
2562 5416 2694 5489 περὶ
2740 5416 2949 5487 κλοπῆς
2989 5414 3205 5486 ἀγωγῇ.
3237 5410 3271 5483 ἢ
3301 5414 3369 5482 τῇ
3397 5410 3525 5481 περὶ
3548 5409 3731 5480 ἁρπα-

398 5507 506 5577 Ὺῆς
534 5511 904 5581 πραγμάτων,
935 5512 1029 5566 καὶ
1058 5516 1124 5585 τῇ
1161 5513 1292 5585 περὶ
1322 5513 1536 5588 ὕϐρεως
1569 5516 1788 5589 ἀγωγῇ,
1818 5520 1915 5570 καὶ
1939 5518 2004 5587 τῇ
2046 5516 2178 5587 περὶ
2200 5515 2355 5569 δόλου
2376 5514 2417 5585 -ἢ
2455 5515 2833 5585 συμφωνήσας
2901 5509 3045 5581 ὑπὲρ
3112 5508 3221 5563 τῶν
3264 5504 3525 5559 τοιούτων
3570 5502 3724 5569 ἀγω-

397 5600 537 5671 γῶν,
575 5602 672 5656 καὶ
702 5604 967 5675 χρήματα
1012 5606 1140 5671 δοὺς
1175 5609 1346 5679 μήπω
1381 5608 1812 5682 προκατὰρξεως
1842 5610 2168 5684 γενομένης.

476 5694 793 5764 Κείμενον.
845 5696 982 5767 Περὶ
1027 5698 1410 5771 τυμϐωρύχων
1444 5702 1676 5770 γενικῶς
1704 5702 2008 5775 διαλαμϐά-

400 5802 484 5839 νει
519 5788 547 5840 ὀ
583 5785 650 5857 ιβ’
694 5789 802 5842 τίτ.
840 5789 933 5842 τοῦ
971 5789 1058 5861 μζ¹
1111 5790 1346 5862 βιϐλίου,
1397 5810 1452 5846 κ.
1501 5809 1553 5846 τ.
1596 5793 1670 5860 λ.,
1721 5811 1895 5867 usque
1943 5794 2013 5852 ad

401 5876 495 5930 τοῦ
525 5877 760 5944 κώδικος
783 5882 887 5936 τίτ.
922 5881 963 5935 δ’
990 5882 1132 5937 διὰτ.
1166 5881 1237 5952 γ’,
1268 5880 1375 5950 ξς’.
1413 5882 1589 5956 Supra
1627 5901 1748 5959 pag.
1780 5886 1904 5945 500.

2188 5700 2407 5755 Τρπιιιδ.
2429 5699 2507 5755 De
2524 5697 2905 5769 sepulcrorum
2926 5691 3307 5758 violatoribus,
3326 5697 3457 5754 etc.,
3475 5702 3638 5757 usque
3654 5686 3727 5741 ad

2120 5803 2300 5852 const.
2327 5794 2362 5849 5
2392 5792 2706 5866 graditur],
2737 5799 2793 5845 ut
2834 5806 2959 5859 pag.
2996 5786 3123 5842 500.
