4146 6484
593 506 892 562 Scliolium.
932 504 1043 562 Tit.
1094 505 1163 561 12
1233 505 1331 561 lib.
1380 519 1524 560 XLVII
1563 500 1676 572 dig.
1749 509 1835 554 est
1908 500 1996 552 tit.
2039 497 2130 563 25,
2164 504 2208 560 Α

518 600 615 655 lib.
672 599 967 668 inBasil.
1018 600 1111 671 qui
1161 599 1229 655 de
1275 598 1574 653 violatione
1620 604 2130 658 monumentorum,

522 693 639 748 sive
692 708 989 763 corporum
1036 693 1334 762 sepultura:
1377 690 1701 745 traditornm
1754 686 1935 741 docet.
1994 685 2134 743 Dicit

532 795 726 841 antem
756 785 1003 856 ejusdem
1037 788 1121 839 tit.
1159 801 1281 856 cap.
1319 784 1389 838 8:
1431 781 1681 853 Sepulcri
1705 780 1891 835 violati
1921 779 2132 833 crimen

526 880 594 933 ad
630 880 802 949 legem
837 877 1085 951 [Juliam]
1114 878 1181 931 de
1214 880 1261 930 vi
1305 874 1521 945 publica
1562 874 1826 929 refertur.
1854 871 2133 941 Competit

525 988 659 1027 vero
683 973 847 1027 etiam
887 970 1081 1043 [actio]
1123 970 1464 1039 pecuniaria.
1501 968 1703 1022 Verum
1740 981 1915 1036 ρεθιιίιι
1956 981 2134 1035 quan-

522 1068 649 1123 titas
680 1068 732 1122 in
758 1067 926 1121 Basil.
958 1082 1065 1120 non
1098 1076 1184 1121 est
1215 1073 1620 1134 transsnmpta.
1652 1062 1785 1132 Cap.
1816 1060 2047 1133 [autem]
2078 1063 2130 1129 1,

522 1157 657 1211 dicit
690 1174 704 1210 :
743 1155 995 1225 Sepulcri
1048 1155 1232 1207 violati
1282 1154 1492 1208 crimen
1552 1151 1838 1204 infamiam
1896 1150 2126 1220 irrogat.

521 1248 727 1303 Thema
779 1248 809 1300 7
890 1262 1013 1316 cap.
1068 1246 1121 1311 4,
1167 1245 1287 1299 ait:
1336 1242 1441 1310 Qui
1496 1243 1748 1312 sepulcra
1799 1241 2027 1305 violant,
2078 1251 2132 1294 ct

521 1340 793 1396 cadavera
848 1341 1111 1411 spoliant,
1160 1339 1204 1395 si
1260 1337 1461 1392 armati
1520 1334 1599 1408 [id
1648 1332 1901 1405 faciam],
1952 1334 2131 1402 capite

521 1434 876 1505 plectuntur:
915 1434 959 1487 si
1005 1433 1125 1486 sine
1166 1432 1361 1495 armis,
1407 1444 1582 1499 usque
1622 1429 1690 1482 ad
1741 1428 1940 1481 mctalli
1990 1424 2129 1497 [pin-

522 1542 648 1582 nam
692 1523 1056 1597 proceditur].
1107 1526 1238 1594 Cap.
1269 1523 1337 1576 l0
1394 1521 1526 1577 dicit
1558 1539 1570 1575 :
1602 1520 1706 1587 Qui
1743 1520 2002 1589 reliquias
2047 1517 2128 1573 vel

523 1635 653 1676 ossa
687 1619 978 1684 moverint,
1008 1628 1061 1672 et
1097 1634 1219 1689 qua-
1255 1617 1515 1687 deinceps
1568 1616 1621 1669 in
1673 1624 1821 1669 textu
1870 1628 2126 1684 compre-

527 1713 861 1769 henduntur.
900 1709 1007 1764 Tit.
1061 1710 1091 1763 7
1130 1708 1223 1763 lib.
1286 1724 1341 1761 ιι
1393 1710 1501 1778 dig.
1543 1716 1627 1761 est
1683 1706 1823 1760 tit.l
1876 1706 1972 1760 lib.
2003 1721 2129 1759 χιιι

524 1804 695 1859 Basil.
731 1803 824 1873 qui
874 1803 940 1856 de
972 1800 1349 1855 moaumentis
1397 1808 1451 1853 et
1507 1800 1821 1868 sumptibus
1866 1795 2125 1851 funerum

521 1896 705 1951 docet.
737 1893 941 1947 Thema
979 1889 1156 1963 [vero]
1203 1892 1236 1945 4
1265 1905 1387 1960 cap.
1421 1890 1453 1944 '5
1483 1894 1567 1944 tit.
1615 1890 1687 1943 25
1735 1890 1830 1943 lib.
1894 1904 1984 1953 Lx,
2011 1887 2122 1943 ait:

525 1988 795 2055 Reliquias
833 1996 1178 2039 mortuorum
1230 1998 1338 2036 non
1381 1991 1510 2037 sunt
1556 1982 1961 2037 contrectandae
2030 1990 2127 2037 aut

526 2080 833 2134 vexandze:
885 2079 978 2134 sed
1026 2094 1148 2149 qua:
1184 2078 1508 2149 aliquandiu
1555 2078 1851 2132 recondita:
1899 2077 2124 2143 fuerint,

530 2188 627 2228 eas
669 2171 958 2227 transferri
995 2172 1141 2226 licet.
1184 2171 1317 2241 Cap.
1358 2170 1389 2223 7
1425 2169 1675 2240 ejusdem
1726 2170 1808 2224 tit.
1846 2170 1965 2225 ait:
2012 2168 2129 2224 Mo-

526 2276 855 2321 numentum
891 2265 1134 2320 deterius
1164 2263 1476 2317 faciendum
1509 2278 1617 2317 non
1654 2274 1778 2319 est:
1810 2263 1905 2319 sed
1943 2271 2125 2317 tamen

526 2358 778 2427 reliquiis
810 2372 917 2413 non
953 2356 1224 2412 contactis
1258 2356 1389 2411 illud
1436 2356 1661 2412 reficere
1714 2356 1860 2412 licet.
1912 2354 2050 2426 Cap.
2094 2355 2125 2408 7

527 2452 616 2506 tit.
656 2452 681 2505 1
746 2451 839 2505 lib.
872 2467 924 2505 ιιι
959 2449 1127 2504 Basil.
1166 2449 1219 2503 in
1266 2449 1373 2503 fine
1404 2465 1419 2502 :
1453 2449 1607 2515 Quod
1639 2449 1685 2505 si
1736 2448 1838 2503 loci
1867 2447 2127 2502 dominus

529 2544 758 2618 (inquit)
794 2546 930 2600 citra
957 2545 1178 2615 jussum
1205 2543 1511 2599 sacerdotis
1541 2544 1626 2597 vel
1652 2543 1918 2613 principis
1942 2540 2131 2611 ejiciat

525 2640 598 2694 ab
631 2640 741 2694 alio
788 2640 1089 2709 sepultum,
1129 2648 1223 2691 aut
1264 2635 1547 2691 recondita
1592 2651 1742 2701 ossa,
1778 2636 1999 2690 actione
2039 2634 2128 2687 in-

520 2732 799 2802 juriarmn
866 2729 1212 2785 convenitur.
1268 2727 1334 2783 Et
1385 2744 1506 2798 cap.
1558 2728 1627 2782 90
1679 2728 1762 2783 tit.
1808 2728 1842 2782 5
1882 2726 2127 2797 ejusdem

526 2824 628 2877 lib.
673 2824 806 2876 dicit
849 2840 862 2878 :
910 2820 1067 2877 Justa
1110 2822 1176 2875 de
1217 2836 1384 2874 causa
1441 2822 1829 2889 magistratum
1866 2818 2039 2883 adire,
2075 2825 2130 2869 et

526 2931 734 2986 corpus
766 2916 1066 2986 sepulturae
1100 2916 1385 2982 traditum,
1432 2915 1485 2968 in
1525 2912 1692 2967 alium
1722 2913 1904 2966 locum
1945 2920 2130 2965 trans-

528 3009 698 3074 ferre,
754 3010 971 3066 etiamsi
1031 3010 1379 3065 commisceri
1429 3009 1645 3073 debeat,
1694 3007 1843 3061 licet.
1888 3004 1953 3058 Et
2002 3020 2127 3075 cap.

527 3102 599 3156 M
625 3100 851 3166 :Netuo,
879 3101 1080 3171 inquit,
1106 3101 1406 3154 humanum
1435 3114 1638 3167 corpus
1668 3099 1803 3150 citra
1824 3095 2128 3167 jussionem

528 3191 944 3260 imperatoriam
1004 3194 1058 3245 in
1115 3192 1283 3243 alium
1342 3191 1525 3244 locum
1580 3187 1901 3243 transferto.
1951 3188 2130 3254 Atque

528 3293 691 3336 vetus
723 3280 970 3352 [quidem
1004 3278 1117 3352 lex]
1149 3297 1254 3334 non
1282 3290 1367 3336 est
1393 3280 1674 3335 contraria
1704 3289 1883 3334 coast.
1916 3278 1966 3331 1.
2007 3278 2132 3331 llaec

530 3377 681 3431 enim
714 3377 783 3429 ob
814 3375 1017 3446 justam
1065 3391 1290 3429 Causam
1338 3375 1405 3428 ad
1446 3374 1728 3428 decretum
1777 3374 2133 3443 magistratus

532 3469 796 3539 reliquias
827 3466 1115 3522 transferri
1162 3467 1431 3537 permisit.
1459 3467 1550 3521 Illa
1591 3482 1719 3520 vero
1751 3466 1917 3535 jnsta:
1950 3480 2135 3519 causae

535 3577 812 3632 nusquam
846 3562 1290 3631 meminit,un
1322 3564 1459 3615 citra
1491 3562 1797 3629 jUssionem
1836 3561 2134 3627 imperato-

534 3655 675 3708 riam
710 3655 833 3709 illas
864 3653 1154 3709 transferri
1217 3670 1325 3708 non
1362 3655 1543 3709 liceat.
1573 3653 1682 3707 Tit.
1716 3654 1780 3706 l5
1837 3653 1935 3707 lib.
1966 3666 2133 3705 sunt

534 3749 646 3818 dig.
708 3748 921 3818 positus
976 3758 1062 3803 est
1098 3750 1150 3802 in
1218 3747 1303 3801 tit.
1338 3747 1408 3801 45
1463 3748 1555 3801 lib.
1591 3762 1655 3800 Lx
1707 3747 1871 3800 Basil.
1902 3749 2061 3815 cujus
2100 3744 2136 3798 2

536 3856 661 3911 cap.
694 3841 773 3894 ait
802 3857 817 3894 :
850 3839 987 3911 [Lex
1029 3838 1199 3912 Julia]
1249 3842 1536 3911 peculatus
1571 3850 1827 3895 movetur
1868 3839 2136 3894 adversus

536 3948 664 3987 enm
724 3932 819 4003 qui
879 3948 946 3987 ex
999 3931 1187 4005 [locis]
1239 3934 1454 3998 sacris,
1507 3943 1602 3987 aut
1663 3932 1973 4003 religiOsis,
2028 3940 2135 3987 etc.

537 4022 870 4097 [quidpiam]
904 4026 1262 4096 subripuerit.
1322 4025 1458 4096 Cap.
1488 4025 1522 4080 1
1555 4025 1691 4081 dicit
1722 4043 1734 4079 :
1768 4024 1935 4097 [Lege
1967 4021 2137 4095 Julia]

537 4120 824 4188 peculatus
872 4128 1089 4173 tenetur
1132 4120 1225 4188 qui
1274 4135 1430 4173 sacra
1479 4136 1546 4173 ex
1624 4119 2000 4173 nionumentis
2044 4128 2140 4172 aut

539 4214 806 4282 pecunias
833 4212 1004 4282 capit,
1039 4223 1135 4266 aut
1159 4209 1373 4283 [etiam]
1405 4213 1552 4282 quod
1591 4213 1855 4266 donatum
1889 4221 1975 4266 est
2004 4211 2134 4265 Deo.

536 4305 730 4361 Const.
756 4307 789 4360 5
838 4308 923 4362 tit.
960 4307 1027 4360 19
1066 4307 1161 4360 lib.
1199 4324 1252 4362 ix
1282 4310 1404 4361 eod.
1443 4309 1621 4376 posita
1681 4317 1763 4360 est
1816 4309 1870 4361 in
1906 4306 2137 4377 cap.l2,

539 4406 626 4457 tit.
658 4401 751 4467 25,
786 4401 879 4455 lib.
922 4417 1013 4467 Ls,
1042 4410 1096 4455 et
1139 4402 1255 4471 lege
1298 4400 1385 4465 11,
1416 4401 1505 4465 12,
1540 4401 1607 4454 15
1638 4410 1692 4453 et
1726 4399 1787 4452 14
1850 4414 1971 4468 cap.
2017 4414 2141 4469 quae

538 4497 731 4551 eadem
764 4496 977 4561 dicunt,
1005 4510 1128 4565 quae
1156 4496 1210 4548 in
1243 4496 1573 4564 compendio
1602 4492 1904 4563 ptoposila.
1945 4493 2137 4547 Censt.

539 4591 575 4645 5
607 4591 687 4645 tit.
736 4591 770 4645 4
796 4590 890 4644 lib.
919 4588 1052 4645 icod
1079 4600 1164 4645 est
1192 4604 1311 4659 cap.
1346 4587 1437 4656 26,
1469 4590 1553 4643 tit.
1586 4587 1675 4651 17,
1705 4587 1803 4642 lib.
1837 4603 1910 4642 vu
1942 4585 2135 4653 Basil.,
2172 4606 2216 4661 ι)

542 4688 691 4753 quod
724 4684 891 4738 etiam
923 4684 1071 4753 legas
1101 4683 1368 4737 inscrtum
1422 4681 1859 4752 interpretationi
1894 4696 2017 4750 cap.
2067 4680 2141 4735 25

546 4776 836 4846 praesentis
865 4775 899 4830 9
950 4780 1035 4829 tit.
1075 4775 1201 4830 llaec
1246 4773 1474 4847 [autem]
1519 4790 1644 4828 cum
1691 4776 1766 4827 ita
1822 4771 1991 4845 [sese]
2040 4772 2138 4827 lia-

549 4870 733 4933 beant,
760 4869 1000 4931 notabis,
1023 4870 1168 4938 quod
1204 4869 1439 4939 sepulcri
1478 4868 1661 4922 violati
1689 4868 1807 4938 lege
1835 4877 2142 4934 teneantur,

547 4961 643 5031 qui
702 4976 933 5031 corpora
996 4961 1387 5017 defunctorum
1448 4962 1626 5031 plenis
1678 4961 1844 5031 justis
1897 4961 2144 5031 sepulta,

551 5053 690 5106 citra
744 5052 1156 5121 imperatoriam
1209 5054 1648 5125 episcopalemve
1701 5054 2010 5124 jussionem
2064 5053 2149 5109 vel

549 5146 907 5216 magistratus
934 5145 1214 5201 decretum
1243 5148 1602 5202 removerint.
1628 5145 1830 5202 Verum
1857 5150 2150 5217 magistra-

549 5242 640 5288 tus
676 5236 813 5287 citra
843 5234 1051 5304 justam
1099 5251 1323 5291 cansam
1370 5236 1589 5289 illorum
1627 5236 1977 5291 :ralationem
2020 5251 2146 5306 per-

560 5327 777 5383 mittere
806 5336 1087 5398 nequeunt
1114 5345 1127 5382 :
1160 5331 1253 5384 sed
1293 5332 1590 5399 imperator
1630 5340 1685 5383 et
1717 5330 1962 5400 episcopi
1996 5328 2148 5384 illam

553 5419 874 5475 indistincte
930 5421 1249 5490 permittere
1299 5430 1550 5492 possunt.
1591 5422 1693 5489 Qui
1753 5436 1885 5493 ergo
1936 5424 2149 5491 dicunt,

551 5515 692 5569 citra
728 5513 1112 5583 praajndicium
1148 5515 1296 5569 illaut
1336 5532 1365 5569 a
1403 5531 1739 5586 quocunque
1790 5516 1931 5580 fieri,
1984 5517 2152 5570 modo

554 5616 725 5681 turpis
756 5611 897 5665 lucri
926 5628 1093 5667 causa
1130 5630 1237 5667 non
1267 5615 1447 5668 subsit
1473 5631 1486 5667 :
1520 5617 1801 5683 quomodo
1832 5613 1967 5667 milii
2002 5613 2153 5668 vide-

554 5714 667 5770 tur,
718 5707 861 5760 male
904 5706 1118 5761 dicunt.
1170 5706 1465 5776 PrOpterca
1509 5710 1656 5760 enim
1704 5709 1927 5778 quidam
1978 5722 2153 5763 vene-

557 5802 744 5851 randae
794 5800 970 5852 sancti
1032 5797 1196 5853 Mucii
1247 5816 1426 5869 capsa:
1478 5798 1772 5870 praefectus
1835 5817 1960 5856 curn
2015 5802 2154 5857 citra

557 5885 872 5943 istiusmodi
934 5892 1359 5961 permissionem
1434 5891 1702 5962 reliquias
1777 5893 2153 5963 transposuis-

2157 1857 2221 1917 Β-

2158 3235 2204 3295 C

1708 382 1977 447 PIIOTII
2017 377 2531 445 PATRIARCIUE
2563 378 2673 442 CP.

3748 371 3943 437 1124

2309 497 2589 565 Σχόλιον.
2626 494 2686 548 '0
2716 490 2782 563 ιβ’
2803 490 2906 547 τίτ.
2935 490 3030 547 τοῦ
3069 490 3153 564 μζ*
3180 491 3390 564 βιϐλίου
3422 490 3540 547 τῶν
3564 490 3744 545 διατ.
3774 472 3940 544 ἔστι

2236 588 2341 643 τίτ.
2378 585 2465 655 κγ’
2490 586 2583 639 τοῦ
2616 585 2661 650 ζ*
2689 584 2897 655 βιϐλίου
2927 583 3036 637 τῶν
3063 585 3369 639 Βασιλικῶν
3394 584 3534 657 περὶ
3567 582 3929 652 καταφθο-

2240 682 2340 752 ρᾶς
2391 680 2695 751 μνήματος,
2727 678 2847 750 ἦτοι
2878 679 2987 732 τῶν
3033 679 3338 747 ὲνταφείων
3371 677 3669 748 λειψάνων
3725 677 3924 731 διδά-

2238 791 2405 827 σκων.
2439 773 2576 843 Φησὶ
2606 770 2664 825 δὲ
2700 770 2761 823 τὸ
2789 769 2976 839 ὃγδοον
3007 787 3135 840 κεφ.
3170 769 3263 824 τοῦ
3295 769 3464 825 αὐτοῦ
3512 769 3623 823 τίτ.
3664 768 3751 822 τὸ
3793 770 3919 838 ἐγ-

2235 864 2425 934 κλημα
2453 864 2553 930 τῆς
2579 862 2974 934 τυμϐωρυχίας
3008 862 3113 916 ὑπὸ
3138 863 3227 916 τὸν
3257 862 3387 932 περὶ
3418 863 3545 934 βίας
3575 862 3757 933 δημό
3773 880 3916 915 τιον

2234 958 2574 1027 ἀναφέρεται
2604 957 2792 1026 νόμον.
2839 954 3099 1027 Ἀρμόζει
3129 955 3185 1009 δὲ
3218 958 3312 1009 καὶ
3339 958 3758 1027 χρηματικῶς.
3826 957 3911 1009 Ἡ

2235 1052 2474 1121 ποσότης
2509 1050 2567 1103 δὲ
2609 1050 2709 1121 τῆς
2741 1050 2933 1120 ποινῆς
2962 1051 3062 1103 οὐκ
3112 1048 3382 1119 ὲξελήφθη
3436 1050 3519 1113 είς
3558 1049 3629 1103 τὰ
3700 1049 3908 1102 Βασι-

2234 1142 2383 1195 λικα.
2416 1144 2489 1194 Τὸ
2519 1140 2567 1194 α’
2599 1159 2726 1210 κεφ.
2766 1141 2903 1213 φησὶ
2940 1142 3000 1193 τὸ
3026 1141 3127 1210 τῆς
3154 1142 3546 1212 τυμϐωρυχίας
3577 1142 3905 1213 ἔγκλημα

2233 1236 2461 1306 ἀτιμίαν
2512 1236 2785 1307 ἐπιφέρει.
2824 1236 2896 1288 Τὸ
2927 1233 2970 1300 ζ’
3000 1235 3142 1305 θέμα
3187 1235 3279 1288 τοῦ
3312 1235 3351 1289 δ’
3386 1253 3511 1306 κεφ.
3546 1235 3772 1306 φησίν·
3815 1238 3897 1287 υί

2232 1328 2749 1399 τυμϐωρυχοῦντες,
2794 1334 2889 1381 καὶ
2919 1328 3253 1397 γυμνοῦντες
3292 1330 3359 1383 τὰ
3402 1331 3508 1382 τῶν
3541 1329 3899 1383 τελευτών-

2231 1439 2340 1474 των
2385 1421 2637 1492 σώματα,
2686 1424 2734 1475 εί
2779 1423 2879 1491 μὲν
2934 1422 3071 1494 μετὰ
3106 1423 3286 1476 ὅπλων
3316 1424 3629 1492 κεφαλικῶς
3663 1441 3895 1493 τιμω-

2234 1516 2479 1587 ροῦνται,
2538 1518 2587 1569 εί
2644 1515 2703 1569 δὲ
2749 1515 2924 1587 χωρὶς
2974 1516 3155 1569 ὅπλων
3203 1520 3368 1586 μέχρι
3420 1516 3733 1587 μετάλλου.
3799 1516 3889 1568 Τὸ

2234 1606 2266 1662 ι’
2296 1625 2425 1677 κεφ.
2446 1608 2597 1676 λέγει
2625 1609 2675 1663 οἱ
2704 1610 2773 1661 τὰ
2793 1608 3042 1678 λείψανα,
3068 1608 3099 1680 ἢ
3131 1609 3198 1662 τὰ
3227 1609 3360 1662 ὀστὰ
3392 1608 3883 1678 μετακινοῦντες,

2232 1704 2327 1757 καὶ
2362 1704 2447 1771 ἐφ’
2480 1701 2609 1774 ἑξῆς
2637 1704 2738 1756 ὃσα
2768 1702 2845 1772 τῷ
2870 1704 3107 1774 κειμένῳ
3146 1704 3513 1774 περιέχονται.
3558 1704 3619 1757 Ὀ
3649 1702 3697 1767 ζ’
3738 1703 3871 1755 τίτ.

2231 1799 2327 1853 τοῦ
2351 1797 2421 1853 ια’
2452 1799 2662 1871 βιϐλίου
2694 1799 2801 1853 τῶν
2832 1800 2973 1854 διατ.
3005 1801 3121 1855 ἔστι
3151 1800 3257 1855 τίτ.
3290 1798 3336 1854 α’
3360 1800 3454 1853 τοῦ
3498 1798 3572 1853 νθ’
3628 1800 3875 1869 βιϐλίου

2236 1894 2345 1947 τῶν
2379 1893 2685 1947 Βασιλικῶν
2712 1894 2982 1948 διδάσκων
3014 1896 3140 1964 περὶ
3180 1894 3479 1965 μνημάτων
3514 1895 3610 1947 καὶ
3653 1894 3873 1948 Exti-

2235 2002 2332 2057 νης
2361 1986 2470 2039 τῶν
2504 1986 2759 2057 κηδειῶν.
2786 1987 2858 2039 Τὸ
2889 1986 2930 2039 δ’
2963 1987 3104 2057 θέμα
3139 1987 3234 2042 τοῦ
3259 1985 3306 2055 γ’
3331 2004 3457 2055 κεφ.
3487 1986 3582 2039 τοῦ
3616 1983 3706 2052 κγ’
3744 1984 3870 2039 τίτ.

2236 2081 2332 2135 τοῦ
2366 2080 2407 2145 ξ’
2438 2080 2644 2151 βιϐλίου
2694 2080 2863 2153 φησίν
2883 2097 2898 2113 ’
2923 2081 2996 2134 Οὐ
3032 2081 3114 2135 δεῖ
3159 2081 3226 2134 τὰ
3262 2081 3487 2151 λείψανα
3517 2080 3627 2133 τῶν
3657 2079 3872 2132 τελευ-

2235 2172 2459 2227 τώντων
2509 2172 2870 2244 ψηλαφᾶσθαι
2901 2172 2933 2240 ἦ
2960 2172 3307 2227 σκύλλεσθαι.
3351 2174 3431 2225 Τὰ
3470 2173 3526 2226 δὲ
3570 2170 3868 2243 προσκαί-

2238 2284 2348 2339 ρως
2380 2265 2716 2320 ἀποτεθέντα
2753 2266 3080 2337 μεταφέρειν
3114 2265 3313 2330 ἔξεστι.
3368 2267 3441 2333 Τὸ
3489 2264 3534 2332 ζ’
3577 2285 3711 2338 κεφ.
3749 2271 3863 2324 τοῦ

2237 2360 2404 2413 αὐτοῦ
2446 2360 2555 2415 τίτ.
2593 2360 2749 2430 φησὶ,
2784 2361 2968 2431 χεῖρον
3018 2359 3081 2413 οὐ
3115 2359 3196 2414 δεῖ
3240 2360 3301 2413 τὸ
3336 2361 3530 2431 μνῆμα
3558 2362 3858 2429 γίνεσθαι,

2238 2452 2552 2522 φιλοκαλεῖν
2584 2452 2767 2523 μέντοι
2799 2450 2951 2523 αὑτῷ
2977 2452 3155 2517 ἔξεστι
3192 2453 3266 2523 μὴ
3298 2454 3696 2522 ὲφαπτομένων
3729 2455 3854 2508 τῶν

2236 2544 2527 2614 λειψάνων.
2571 2545 2644 2599 Τὸ
2677 2545 2721 2609 ζ’
2756 2562 2882 2613 κεφ.
2915 2544 3009 2598 τοῦ
3042 2543 3088 2598 α’
3119 2546 3224 2599 τίτ.
3260 2546 3352 2599 τοῦ
3387 2544 3453 2616 ιβ’
3490 2546 3700 2616 βιϐλίου
3726 2550 3853 2602 τῶν

2238 2639 2546 2692 Βασιλικῶν
2571 2640 2702 2709 περὶ
2740 2640 2802 2691 τὸ
2832 2638 2984 2702 τέλος
3019 2639 3174 2709 φησί.
3218 2639 3343 2692 Ἐὰν
3381 2639 3437 2692 δὲ
3474 2641 3501 2693 ό
3533 2638 3625 2692 τοῦ
3670 2641 3851 2694 τόπου

2236 2732 2504 2802 δεσπότης
2536 2732 2689 2803 παρὰ
2711 2732 2961 2785 κέλευσιν
2995 2731 3208 2802 ἱερέως,
3235 2730 3267 2803 ἦ
3298 2732 3547 2785 κέλευσιν
3573 2732 3848 2803 βασιλέως

2238 2826 2478 2897 ἐκϐάλλῃ
2510 2825 2601 2878 τὸν
2643 2824 2701 2891 ἐξ
2745 2825 2906 2878 ἄλλου
2936 2824 3177 2892 ταφέντα
3212 2824 3245 2894 ἢ
3295 2823 3361 2877 τὰ
3394 2824 3620 2877 τεθέντα
3645 2823 3840 2882 ὀστέα.

2239 2920 2496 2987 ὲνάγεται
2527 2920 2593 2990 τῇ
2639 2918 2770 2989 περὶ
2818 2917 3032 2987 ὕϐρεως
3083 2918 3298 2987 ἀγωγῇ.
3332 2916 3442 2969 Καὶ
3477 2933 3601 2985 κεφ.
3660 2912 3707 2969 α’
3744 2915 3844 2969 τοῦ

2239 3012 2287 3083 γ’
2316 3016 2423 3069 τίτ.
2454 3013 2549 3066 τοῦ
2581 3011 2748 3065 αὑτοῦ
2803 3010 3010 3082 βιϐλίου
3039 3011 3221 3079 λέγει’
3257 3010 3504 3075 Ἔξεστιν
3527 3008 3585 3074 ἐξ
3616 3009 3839 3076 εὐλόγου

2240 3106 2423 3169 αἰτίας
2464 3106 2756 3176 προσιέναι
2802 3104 2878 3174 τῷ
2928 3104 3174 3174 ἄρχοντι,
3222 3103 3319 3156 καὶ
3378 3101 3711 3172 μεταφέρειν
3761 3104 3840 3162 εἰς

2241 3203 2429 3271 ἕτερον
2462 3200 2626 3253 τόπον
2658 3198 2718 3251 τὸ
2762 3198 3129 3268 ἀποκείμενον
3170 3197 3421 3267 λείψανον
3469 3194 3838 3265 παρενοχλού-

2240 3312 2424 3366 μενον.
2466 3294 2574 3347 Καὶ
2604 3310 2729 3361 κεφ.
2769 3289 2829 3345 ιδ’
2875 3291 3031 3362 φησί·
3067 3289 3275 3359 Μηδεὶς
3306 3288 3644 3360 ἀνθρώπινον
3680 3288 3832 3357 σῶμα

2238 3390 2408 3458 χωρὶς
2436 3385 2741 3447 κελεύσεως
2769 3384 3066 3454 Βασιλικῆς
3110 3385 3189 3445 εἰς
3245 3382 3432 3451 ἕτερον
3465 3381 3629 3434 τόπον
3671 3397 3828 3450 μετα-

2239 3481 2476 3549 φερέτω,
2512 3477 2608 3531 καὶ
2636 3478 2697 3530 τὸ
2716 3476 2890 3545 παρὸν
2925 3474 3023 3528 οὐκ
3073 3475 3219 3527 ἐστιν
3250 3474 3491 3527 ἐναντίον
3517 3476 3582 3543 τῇ
3611 3479 3657 3527 α’
3684 3472 3826 3526 διατ·

2240 3573 2424 3643 ἐκείνη
2453 3571 2563 3645 γὰρ
2595 3572 2702 3625 ἀπὸ
2744 3570 2967 3638 εὐλόγου
3000 3568 3179 3631 αἰτίας
3222 3567 3493 3638 ἐπέτρεψε
3529 3566 3826 3637 μεταφέρε-

2241 3668 2368 3719 σθαι
2423 3665 2496 3718 τὰ
2553 3664 2787 3734 λείψανα
2846 3662 2990 3715 κατὰ
3041 3659 3338 3729 διάγνωσιν
3392 3658 3503 3711 τῶν
3538 3659 3827 3728 ἀρχόντων.

2241 3762 2392 3833 Αὕτη
2422 3761 2479 3814 δὲ
2511 3759 2766 3831 μηδαμοῦ
2806 3757 3231 3830 μνημονεύουσα
3270 3755 3496 3823 εὐλόγου
3529 3755 3724 3820 αἰτίας,
3754 3754 3831 3807 ὅτι

2241 3854 2397 3927 χορὶς
2432 3853 2739 3916 κελεύσεως
2774 3851 3073 3921 Βασιλικῆς
3101 3851 3202 3903 οὐκ
3248 3848 3457 3913 ἔξεστιν
3508 3848 3647 3900 αὐτὰ
3677 3864 3830 3918 μετα⁸

2243 3952 2449 4022 φέρειν.
2495 3950 2552 4003 Ὀ
2583 3953 2651 4016 ιγ’
2689 3947 2795 4000 τίτ.
2833 3946 2928 3999 τοῦ
2964 3944 3055 4017 μη¹
3101 3943 3309 4015 βιϐλίου
3336 3942 3446 3995 τῶν
3489 3942 3630 3996 διατ.
3678 3939 3829 4011 ἐτέθη

2243 4046 2325 4107 είς
2347 4043 2454 4097 τίτ.
2496 4038 2577 4112 με’
2623 4039 2719 4094 τοῦ
2752 4037 2791 4105 ξ’
2835 4038 3044 4111 βιϐλίου
3080 4038 3192 4091 τῶν
3239 4035 3569 4089 Βασιλικῶν.
3616 4035 3745 4105 Φησὶ
3776 4035 3831 4086 τὸ

2247 4134 2289 4206 β’
2314 4152 2440 4203 κεφ.
2464 4136 2491 4187 ὁ
2520 4133 2956 4195 δεπεκουλάτους
2985 4132 3215 4185 κινεῖται
3238 4130 3381 4183 κατὰ
3402 4127 3495 4180 τοῦ
3514 4125 3829 4197 ἀφελομένου

2243 4232 2307 4283 ὲκ
2348 4229 2458 4283 τῶν
2497 4227 2681 4300 ἱερῶν,
2739 4228 2772 4298 ἢ
2812 4227 2922 4281 τῶν
2967 4224 3275 4297 μνημείων,
3326 4221 3423 4275 καὶ
3473 4225 3543 4275 τὰ
3587 4219 3726 4288 ἑξῆς.
3762 4221 3828 4273 Τὸ

2244 4325 2284 4381 δ’
2312 4345 2436 4396 κεφ.
2479 4325 2629 4394 λέγει
2664 4324 2741 4393 τῷ
2773 4322 3155 4389 δεπεκουλὰτῳ
3188 4318 3496 4382 ὑπόκειται,
3540 4316 3632 4369 καὶ
3657 4318 3682 4368 ὁ
3721 4314 3829 4383 ἱερὰ

2247 4425 2311 4476 ὲκ
2336 4422 2620 4492 μνημείων
2668 4418 2702 4489 ἢ
2742 4419 3002 4489 χρήματα
3045 4413 3360 4485 λαμϐάνων,
3407 4412 3440 4482 ἢ
3486 4410 3564 4478 τῷ
3602 4407 3825 4480 ὃωρηθὲν

2246 4515 2325 4585 τῷ
2370 4514 2512 4585 Θεῷ.
2577 4514 2642 4566 Ἡ
2675 4509 2713 4564 ε’
2746 4512 2889 4565 διὰτ.
2926 4508 3021 4585 τοῦ
3055 4505 3119 4560 ιθ’
3152 4506 3258 4560 τίτ.
3294 4504 3390 4559 τοῦ
3426 4502 3469 4557 0'
3513 4502 3715 4573 βιϐλίου
3743 4498 3823 4553 τοῦ

2246 4582 2475 4668 κῷδικος
2510 4604 2670 4674 ἐτέθη
2693 4604 2772 4666 εἰς
2807 4619 2934 4671 κεφ.
2959 4582 3026 4671 ιβ’
3049 4597 3143 4653 τοῦ
3174 4594 3259 4665 κγ’
3281 4596 3387 4649 τίτ.
3419 4595 3514 4648 τοῦ
3541 4592 3583 4661 ξ’
3615 4591 3820 4662 βιϐλίου,

2254 4702 2346 4753 καὶ
2400 4697 2673 4766 ἀνάγνωθι
2711 4696 2772 4748 τὸ
2823 4691 2917 4759 ια’,
2948 4690 3039 4763 ιβ’,
3076 4688 3143 4760 ιγ’
3190 4690 3285 4743 καὶ¹
3330 4686 3387 4741 ιδ’
3438 4703 3564 4755 κεφ.
3609 4685 3674 4737 τὰ
3705 4683 3825 4737 αὐτὰ

2253 4791 2482 4860 λέγοντα
2526 4791 2629 4844 ὅσα
2672 4786 3113 4858 συνωψίτθησαν.
3161 4782 3229 4835 Ἡ
3275 4781 3323 4851 γ’
3366 4781 3509 4836 διάτ.
3546 4779 3639 4832 τοῦ
3670 4776 3705 4831 δ¹
3731 4777 3819 4829 τίτ.

2253 4886 2348 4940 τοῦ
2382 4883 2429 4939 α’
2464 4884 2673 4955 βιϐλίου
2696 4882 2790 4936 τοῦ
2822 4879 3073 4950 κώδικοςι
3099 4877 3217 4931 ἐστι
3251 4894 3377 4944 κεφ.
3409 4878 3503 4938 κςν
3531 4872 3625 4925 τοῦ
3656 4866 3819 4935 ιζ’τίτ.

2255 4977 2349 5031 τοῦ
2382 4974 2425 5041 ζ’
2458 4974 2667 5045 βιϐλίου
2695 4972 2809 5025 τῶν
2844 4970 3172 5032 Βασιλικῶν,
3199 4968 3226 5021 ὃ
3256 4972 3349 5020 καὶ
3376 4962 3652 5033 ἀνάγνωθι
3681 4978 3821 5014 κατα-

2258 5068 2501 5139 στρωθὲν
2528 5066 2609 5129 είς
2653 5063 2753 5134 τὴν
2785 5064 3084 5134 ἑρμηνείαν
3108 5060 3204 5114 τοῦ
3248 5057 3326 5112 κε’
3357 5074 3485 5126 κεφ.
3525 5054 3621 5107 τ>ὖ
3655 5052 3821 5123 παρόν-

2257 5178 2349 5224 τος
2377 5159 2419 5212 θ’
2446 5158 2553 5211 τίτ.
2585 5156 2794 5210 τούτων
2836 5155 3012 5215 οὕτως
3050 5154 3308 5224 ἐχόντων,
3334 5149 3640 5222 σημείωσαι
3670 5147 3738 5199 ὅτι
3758 5142 3819 5213 τῷ

2258 5251 2390 5321 περὶ
2450 5246 2846 5319 τυμϐωρυχίας
2903 5246 3056 5316 νόμῳ
3107 5243 3385 5313 ἐνέχονται
3436 5238 3533 5294 καὶ
3583 5238 3635 5289 oi
3685 5234 3818 5304 χωρὶς

2259 5340 2564 5401 κελεύσεως
2600 5336 2913 5409 βασιλικῆς,
2953 5336 2984 5404 ἢ
3029 5331 3425 5401 ὲπισκοπικῆς,
3458 5330 3490 5400 ἢ
3530 5325 3817 5395 διαγνώσεος

2261 5432 2590 5504 ἁρχοντικῆς
2625 5428 3049 5501 μετακινοῦντες
3096 5424 3329 5495 λείψανα
3369 5421 3681 5477 τεθνεώτων
3710 5415 3817 5488 μετὰ

2262 5524 2475 5587 τελείας
2501 5523 2652 5587 ὁσίας
2686 5522 2947 5591 ταφέντα.
2998 5518 3145 5590 Πλὴν
3176 5519 3223 5571 ei
3258 5517 3356 5587 μὲν
3390 5515 3648 5585 ἄρχοντες
3682 5511 3815 5582 χωρὶς

2264 5618 2485 5685 εὐλόγου
2535 5615 2713 5679 αἰτίας
2766 5614 2826 5667 οὐ
2882 5613 3138 5667 δύνανται
3182 5608 3502 5680 ἐπιτρέπειν
3529 5606 3626 5676 τὴν
3651 5603 3814 5655 τούτων

2268 5710 2584 5781 μετάθεσιν.
2624 5706 2684 5763 ’0
2716 5706 2970 5777 βασιλεὺς
2997 5704 3053 5756 δὲ
3084 5702 3179 5756 καὶ
3202 5702 3251 5754 οἱ
3283 5703 3575 5753 ὲπιτκοποι
3603 5695 3812 5747 δύνανται

2263 5801 2468 5872 ταύτην
2517 5799 2880 5861 ἀδιαστίκτως
2932 5795 3271 5865 ἐπιτρέπειν.
3314 5794 3377 5846 Ol
3421 5789 3551 5858 γοῦν
3610 5787 3811 5853 λέγοντες

2269 5894 2797 5967 ἀπροκριματίστως
2825 5890 3028 5960 ταύτην
3066 5886 3314 5957 γίνεσθαι
3362 5883 3514 5954 παρὰ
3546 5879 3637 5933 τοῦ
3667 5877 3808 5948 βουλο-
