4146 6502
307 392 494 459 1125
1145 392 1638 461 NOMOCANON.
1670 426 1738 435 -
1778 399 1928 461 ΤΙΤ.
1970 401 2076 477 IX,
2118 401 2277 463 CAP.
2315 400 2592 478 XXVIII,
2637 402 2855 465 XXIX.
3525 402 3665 472 1l26

305 514 520 583 μένου
560 509 637 582 μὴ
667 511 1041 583 προκειμένης
1074 512 1255 576 αἰτίας
1287 514 1735 586 αἰσχροκερδοῦς,
1766 516 1939 578 κακῶς

2062 526 2166 583 set,
2199 534 2295 588 per
2326 521 2599 591 synodum
2626 534 2656 574 a
2687 517 3015 590 praefectura
3043 516 3290 590 deiectus
3325 528 3433 587 est,
3476 528 3532 576 et
3562 522 3663 579 de-

298 604 603 672 λέγουσι1
642 603 721 666 ὡς
748 603 875 673 ἐμοὶ
919 604 1086 658 δοκεῖ.
1127 605 1226 657 Διὰ
1267 606 1376 676 γὰρ
1402 606 1560 659 τοῦτο
1590 608 1684 660 καί
1714 625 1797 671 τις
1826 608 1962 661 καθ·
2063 614 2299 683 positus.

292 696 660 767 νηγούμενος
692 696 960 768 ἐξεϐλήθη
996 696 1294 762 συνοδικῶς
1319 699 1429 752 ἀπὸ
1465 699 1565 770 τῆς
1594 701 1960 772 ἠγουμενείας

310 795 440 850 καὶ
470 794 786 865 καθηρέθη.

404 908 677 960 ΚΕΦΑΛ.
717 906 855 959 KH’.
888 936 960 950 —
990 904 1131 973 Περὶ
1158 904 1281 959 τῶν
1303 904 1830 977 ,ϐδελυσσομένων
1850 907 1939 960 τὸ)

2128 919 2212 975 CA
2225 919 2279 973 P.
2322 919 2644 975 XXVIII.—
2667 920 2746 975 De
2771 919 2854 974 his
2888 918 2979 990 qui
3002 919 3430 984 matrimonium,
3454 920 3659 987 vinum,

316 999 571 1071 τάμον,
597 1000 635 1069 ἢ
664 1000 770 1052 τὸν
802 994 989 1065 οἶνον,
1024 1000 1062 1067 ἢ
1094 999 1165 1052 τὰ
1196 998 1359 1067 κρέα.

427 1092 779 1145 Ἀποστόλων
803 1089 984 1145 κανὼν
1011 1098 1113 1154 να’,
1144 1091 1246 1160 νγ’,
1278 1089 1384 1157 Eg"
1421 1092 1642 1146 συνόδου
1677 1092 1956 1166 Ἀγκύρας

324 1182 538 1236 κανὼν
566 1183 658 1235 ιδ’*
695 1182 913 1236 συνόδου
951 1180 1005 1247 ς’
1040 1181 1224 1236 κανὼν
1256 1189 1348 1252 ιγ’,
1385 1184 1451 1238 λ’.

415 1278 679 1329 ΚΕΦΑΛ.
722 1274 850 1329 KG'.
886 1306 959 1318 --
992 1277 1129 1344 Περὶ
1182 1276 1302 1330 τῶν
1350 1278 1870 1348 ἑπιτετραμμέγων
1912 1277 1950 1348 ἢ

323 1368 792 1437 κεκωλυμένων
848 1368 1071 1437 γάμων,
1120 1368 1219 1421 καί
1265 1370 1401 1438 περὶ
1459 1371 1567 1425 τοῦ
1616 1370 1953 1443 ἐρωτᾶσθαι

316 1460 490 1526 τοὺς
561 1460 962 1530 ἀναγνώστας
993 1462 1260 1530 ἐφήϐους
1308 1461 1674 1532 γενομένους
1710 1466 1763 1517 εἰ
1804 1465 1955 1523 βού-

318 1558 569 1608 λωνται
606 1554 838 1626 γαμεῖν,
868 1556 967 1607 καὶ
1002 1557 1136 1623 περὶ
1170 1557 1625 1627 παλλακισμοῦ,
1668 1575 1705 1611 κ
1750 1556 1771 1611 ὶ
1803 1573 1958 1627 πορ-

322 1646 537 1711 νείας,
572 1646 671 1699 καὶ
692 1648 987 1716 μοιχείας.

428 1738 778 1792 ’Δποστόλων
823 1738 1004 1792 κανὼν
1038 1739 1123 1803 ιζ’,
1177 1741 1266 1813 ιη’,
1305 1740 1390 1807 ιη’,
1443 1749 1542 1810 κε’,
1580 1743 1692 1809 κς⁹.
1732 1744 1952 1799 συνόδου

2059 1019 2152 1064 aut
2192 1027 2376 1063 carnes
2410 1010 2809 1062 abominantur.

2135 1102 2523 1172 Apostolorum
2555 1116 2729 1154 canon
2757 1099 2847 1162 5|,
2879 1098 2969 1161 55,
2993 1099 3092 1163 66;
3120 1100 3342 1154 concilii
3372 1100 3654 1171 Aneyrani

2060 1210 2239 1249 canon
2270 1194 2372 1260 14;
2410 1192 2626 1247 concilii
2661 1192 2803 1246 sexti
2833 1205 3008 1245 canon
3040 1190 3127 1257 15,
3156 1190 3249 1246 50.

2129 1284 2283 1339 CAP.
2321 1282 2515 1337 XXIX.
2547 1314 2613 1325 --
2673 1283 2748 1336 De
2776 1283 3046 1353 permissis
3104 1291 3198 1336 aut
3234 1284 3515 1352 prohibitis
3561 1301 3661 1338 nu-

2057 1380 2205 1450 ptiis,
2274 1388 2322 1433 et
2382 1378 2521 1447 quod
2572 1377 2790 1431 lectores
2839 1375 3055 1446 puberes
3094 1375 3227 1445 facti
3272 1377 3663 1447 interrogentur

2056 1489 2125 1525 an
2166 1471 2564 1524 matrimonium
2595 1470 2906 1524 contra/tere
2942 1469 3141 1534 velint,
3186 1478 3235 1524 et
3301 1470 3367 1525 de
3412 1472 3663 1525 concubi-

2058 1576 2211 1631 natu,
2249 1567 2599 1633 scortatione,
2631 1573 2789 1634 atque
2820 1563 3111 1619 adulterio.

2133 1750 2521 1819 Apostolorum
2556 1763 2730 1803 canon
2767 1747 2859 1815 1'7,
2895 1746 2982 1813 18,
3018 1746 3106 1811 19,
3152 1746 3244 1815 25,
3284 1747 3386 1815 26;
3433 1750 3658 1805 concilii

343 1829 641 1903 Ἀγκύρας
675 1830 854 1885 κανὼν
887 1838 953 1884 ι’·
1004 1833 1225 1887 συνόδου
1271 1834 1710 1907 Νεοκαισαρεαίς
1761 1836 1939 1889 κανὼν

2066 1841 2340 1914 Ancyrani
2370 1858 2549 1895 canon
2581 1840 2682 1907 10;
2723 1841 2943 1895 concilii
2977 1839 3445 1898 Neocazsariensis
3480 1858 3655 1899 canon

334 1930 419 1989 α’,
456 1925 527 1986 θ’,
569 1924 636 1977 ι’·
682 1925 902 1979 συνόδου
938 1926 1288 1997 Χαλκηδόνος
1328 1929 1511 1981 κανὼν
1548 1926 1606 1981 ιδ’
1618 1972 1631 1987 ,
1695 1935 1757 1983 ιε’
1780 1948 1792 1960 ο
1830 1947 1951 1982 συν-

335 2017 472 2069 όδου
509 2018 904 2090 Καρθαγέννης
934 2018 1120 2072 κανὼν
1166 2017 1274 2083 ις’·
1319 2019 1538 2072 συνόδου
1573 2018 1647 2084 ς’,
1674 2021 1853 2075 κανὼν
1875 2027 1945 2090 γ’,

334 2109 406 2174 δ’,
455 2117 532 2177 ς’,
572 2108 659 2180 ιβ’,
690 2110 779 2181 ιγ’,
813 2109 927 2182 μη’,
961 2110 1074 2184 νη¹³
1109 2111 1394 2166 Βασιλείου
1425 2110 1610 2165 κανὼν
1635 2130 1668 2182 γ
1691 2154 1705 2177 ,
1740 2111 1815 2178 ς’,
1850 2111 1946 2178 ις’,

334 2200 458 2268 ξθ¹⁶
492 2205 521 2256 ὀ
552 2202 815 2274 Θεοφίλου
861 2207 927 2259 ἐκ
982 2204 1075 2259 τοῦ
1128 2206 1541 2278 ὑπομνηστικοῦ
1585 2206 1766 2261 κανὼν
1792 2204 1853 2275 δ’,
1884 2204 1945 2263 ε’.

415 2411 726 2482 Κείμενον.
753 2410 970 2465 Βιϐλίον
1002 2409 1051 2466 α’
1075 2411 1169 2465 τοῦ
1204 2412 1457 2479 κὼδικος,
1485 2413 1592 2468 τίτ.
1621 2412 1691 2483 γ’,
1716 2413 1856 2469 διάτ.
1883 2412 1944 2468 ε’·

352 2504 486 2558 Ἐάν
516 2521 600 2568 τις
634 2504 797 2575 μόνον
832 2505 1091 2577 πειραθῇ,
1119 2523 1175 2559 κ.
1210 2522 1263 2559 τ.
1295 2507 1369 2572 λ.,
1421 2523 1595 2578 usque
1628 2507 1697 2562 ad
1728 2509 1822 2561 καὶ
1847 2508 1949 2579 τὴν

334 2599 533 2652 οὐσίαν
562 2599 743 2652 αὐτῶν
772 2599 833 2652 τὺ
855 2599 1113 2671 δημόσιον
1142 2599 1393 2671 λήψεται.

417 2713 697 2782 Σχόλιον.
745 2713 810 2767 Ἦ
853 2711 892 2766 ε’
949 2713 1088 2769 διάτ.
1112 2712 1208 2766 τοῦ
1239 2710 1287 2781 γ’
1335 2711 1443 2768 τίτ.
1477 2713 1572 2768 τοῦ
1604 2710 1653 2769 α’
1677 2713 1819 2786 βιϐλ.
1851 2714 1947 2769 τοῦ

338 2805 599 2874 κώδικος,
640 2806 736 2860 καὶ
768 2808 803 2876 ἡ
837 2803 922 2878 μδ¹
960 2807 1105 2861 διάτ.
1139 2805 1237 2860 τοῦ
1301 2806 1466 2859 αὐτοῦ
1524 2807 1633 2861 τίτ.
1685 2809 1788 2862 οὐκ
1832 2808 1949 2861 ἐτέ-

340 2899 519 2971 Θησαν
550 2902 630 2964 εἰς
664 2900 732 2953 τὰ
770 2900 1059 2966 Βασιλικὰ,
1093 2901 1214 2954 οὐδὲ
1253 2903 1287 2973 ἡ
1325 2898 1397 2970 ιγ’
1433 2900 1575 2954 διάτ.
1621 2900 1717 2954 τοῦ
1753 2898 1800 2953 α’
1839 2902 1947 2955 τίτ.

338 2991 453 3045 τῶν
483 2992 712 3063 Νεαρῶν
748 2994 911 3063 μέρος
935 2991 1069 3046 οὖσα
1115 2997 1213 3065 τῆς
1241 2992 1669 3047 Ἰουστινιανείου
1722 2997 1943 3066 νεαρᾶς,

339 3084 465 3137 οὐδὲ
518 3088 550 3157 ἡ
596 3082 643 3138 α’
692 3084 834 3139 διάτ.
894 3085 990 3139 τοῦ
1020 3085 1186 3140 αὐτοῦ
1235 3088 1342 3141 τίτ.
1369 3088 1479 3141 τῶν
1509 3088 1741 3159 Νεαρῶν
1778 3089 1947 3161 μέρος

2062 1936 2113 2002 1,
2149 1937 2204 1993 9.
2253 1936 2353 2003 10;
2394 1934 2610 1991 concilii
2662 1934 3134 1990 Chalcedonensis
3180 1951 3355 1991 canon
3409 1937 3497 2003 14,
3546 1938 3655 2002 15;

2058 2026 2278 2080 concilii
2314 2026 2765 2097 Carthaginiensis
2791 2040 2969 2079 canon
3005 2026 3071 2079 16
3100 2044 3113 2093 ;
3142 2028 3363 2082 concilii
3394 2030 3532 2083 sexti
3565 2045 3661 2084 ca-

2059 2137 2166 2173 non
2200 2120 2253 2183 5,
2286 2121 2339 2185 4,
2372 2120 2549 2187 6,12,
2594 2120 2684 2186 1'5,
2731 2118 2825 2184 48,
2878 2118 2983 2184 58;
3040 2119 3224 2175 Basilii
3274 2138 3450 2177 canon
3496 2124 3549 2187 5,
3601 2125 3658 2188 6,

2061 2213 2148 2276 16,
2206 2211 2295 2276 69,
2346 2214 2462 2279 70;
2503 2212 2795 2283 Theophili
2855 2228 2922 2267 ex
2986 2214 3410 2271 commonitorio
3479 2232 3659 2271 canon

2056 2307 2112 2368 4,
2149 2307 2204 2361 5.

2131 2418 2350 2473 Textns.
2373 2418 2496 2473 Lib.
2524 2419 2547 2472 1
2610 2418 2732 2473 cod.
2760 2419 2845 2475 tit.
2878 2420 2934 2488 5,
2954 2430 3134 2477 const.
3162 2421 3216 2478 5.
3257 2422 3314 2478 Si
3338 2423 3485 2494 quis,
3515 2433 3652 2492 etc.,

2058 2528 2217 2584 usque
2246 2511 2315 2565 ad
2344 2511 2738 2582 ﬁscuscapiet,
2769 2523 2825 2567 ut
2854 2529 2976 2584 pag.
3011 2512 3136 2569 782.

2125 2721 2422 2779 Scltolt'um.
2482 2719 2718 2777 Constit.
2759 2718 2793 2775 5
2834 2719 2915 2775 tit.
2946 2719 2980 2774 5
3034 2718 3131 2774 lib.
3184 2716 3351 2773 tcod.
3408 2727 3462 2772 et
3520 2732 3655 2773 con-

2056 2816 2171 2871 stit.
2229 2814 2301 2870 1M
2355 2812 2602 2883 ejusdem
2667 2812 2755 2866 tit.
2805 2827 2915 2867 non
2974 2818 3101 2866 sunt
3163 2809 3355 2880 positae
3388 2809 3441 2862 in
3483 2807 3651 2864 Basil.

2054 2909 2243 2981 Neque
2276 2906 2487 2982 [etiam]
2521 2907 2743 2963 constit.
2780 2906 2869 2972 15,
2902 2907 2983 2959 tit.
3039 2906 3063 2958 1
3115 2902 3488 2967 Novellaruni,
3529 2919 3653 2972 qun:

2056 3016 2187 3070 pars
2250 3008 2337 3054 est
2399 2996 2625 3052 novellae
2690 2994 3049 3050 Justininneaa
3112 2995 3166 3047 5.
3215 2994 3407 3063 Neque
3462 2989 3644 3062 [item]

2057 3102 2234 3148 const.
2274 3093 2299 3147 1
2339 3091 2586 3162 ejusdem
2624 3090 2706 3145 tit.
2740 3087 2947 3144 Novell.
2976 3102 3100 3159 qua:
3129 3101 3255 3157 pars
3302 3094 3385 3140 est
3415 3084 3645 3139 novellae

340 3173 478 3232 οὖσα
505 3177 607 3248 τῆς
642 3184 696 3243 ς’
744 3177 1173 3233 Ἰουστινιανείου
1198 3183 1419 3252 νεαρᾶς.

2054 3184 2411 3241 Justiniaueae
2444 3183 2498 3239 6.

416 3293 730 3364 Σημείωσαι
760 3298 889 3368 περὶ
928 3295 1037 3349 τῶν
1062 3296 1405 3349 ἐκπεσόντων
1433 3296 1534 3364 τῆς
1554 3296 1875 3367 ἱερωσύνης,
1910 3304 2005 3352 καὶ
2032 3297 2250 3368 γυναιξὶ
2273 3296 2707 3367 συνῳκησάντων
2743 3294 2837 3349 καὶ
2886 3294 3093 3346 τούτων
3117 3290 3651 3362 τεκνοποιησάντων,

350 3386 434 3456 μὴ
492 3390 961 3460 συγχωρουμένων
1009 3390 1088 3451 είς
1136 3389 1477 3460 κληρονόμον
1516 3389 1699 3442 αὐτῶν
1757 3390 2050 3463 κληθῆναι,
2100 3391 2226 3463 μήθ’
2266 3391 2404 3453 ὅλως
2452 3388 2719 3443 δύνασθαι
2749 3387 2819 3440 τὰ
2858 3384 3089 3440 τοιαῦτα
3144 3384 3333 3438 παιδία
3374 3383 3407 3455 ἢ
3450 3385 3652 3453 γνήσια

352 3479 555 3533 τούτων
585 3482 850 3552 κληθῆναι
878 3483 911 3553 ἣ
944 3482 1170 3552 φυσικὰ,
1210 3480 1244 3549 ἢ
1272 3480 1395 3534 καθ’
1422 3476 1535 3535 οἷον
1582 3482 1786 3552 δήποτε
1814 3486 2017 3556 τρόπον
2047 3483 2359 3556 περιελθεῖν
2387 3499 2510 3535 τινα
2530 3481 2641 3535 τῶν
2658 3481 3006 3552 πραγμάτων
3037 3479 3217 3533 αὐτῶν
3249 3478 3387 3547 πρὸς
3418 3478 3641 3542 αὐτοὺς,

344 3574 381 3642 ἣ
409 3574 532 3638 τοὺς
577 3575 976 3646 μητροπολίτας
1010 3577 1211 3642 αὐτῶν,
1269 3574 1407 3630 ἀλλὰ
1449 3578 1518 3628 τὰ
1563 3576 1837 3646 προσόντα
1869 3578 2049 3633 πάντα
2078 3579 2229 3649 αὐτῷ
2275 3577 2581 3646 λαμϐάνειν
2637 3578 2737 3639 τὰς
2789 3577 2909 3631 κατ’
2958 3576 3161 3638 αὐτοὺς
3221 3574 3550 3646 Ἐκκλησίας
3609 3574 3643 3645 ἢ

343 3668 470 3730 τοὺς
501 3668 756 3740 κλήρους.
818 3669 957 3733 Τοὺς
1010 3670 1068 3721 δὲ
1096 3668 1341 3722 τοιοῦτόν
1370 3686 1424 3721 τι
1465 3668 1787 3739 τολμῶντας
1835 3672 1977 3741 μετὰ
2009 3674 2109 3743 τὴν
2148 3671 2249 3742 τῆς
2309 3671 2614 3743 ἱερωσύνης
2669 3670 2953 3741 γύμνωσιν
2984 3668 3059 3739 μὴ
3092 3666 3425 3736 δυναμένους
3459 3667 3541 3731 εἰς
3590 3683 3648 3720 τι

341 3761 603 3829 κωμικὸν
654 3760 952 3832 ἁξίωμα,ἢ
1004 3760 1294 3832 στρατείαν
1338 3759 1662 3831 ἀναχθῆναι,
1704 3762 1843 3815 ἀλλὰ
1914 3765 2290 3830 ἰδιωτεύοντας
2343 3768 2524 3822 πάντα
2555 3764 2649 3819 τὸν
2696 3764 2908 3835 χρόνον.
2953 3761 3145 3824 Ὅπως
3196 3758 3253 3812 δὲ
3306 3760 3544 3831 σήμερον
3583 3761 3646 3813 οὐ

352 3856 679 3925 φυλάττεται
707 3857 865 3911 τοῦτο
896 3858 1100 3925 ἀγνοῶ.

416 3973 719 4043 Κείμενον.
753 3975 912 4046 Καὶὴ
934 3971 978 4045 β’
1011 3974 1153 4028 διάτ.
1186 3974 1280 4028 τοῦ
1313 3974 1480 4029 αὐτοῦ
1510 3975 1644 4041 τίτ.,
1690 3977 1770 4031 ὅτι
1812 3976 1939 4032 Ἐὰν

346 4064 651 4136 βουλευτὴς,
687 4084 741 4121 κ.
768 4084 820 4120 τ.
854 4067 930 4130 λ.,
958 4082 1134 4137 usque
1157 4068 1224 4123 ad
1286 4068 1382 4121 καὶ
1415 4068 1578 4122 πέντε
1609 4068 1800 4142 λίτρας
1828 4073 1943 4135 τοῖς

345 4157 622 4228 πριῦἁτοις
651 4160 1131 4230 προστιμωμένου.

412 4251 687 4319 Σχόλιον.
722 4251 787 4304 Ἢ
812 4252 856 4323 β’
888 4252 1030 4307 δίατ.
1056 4251 1150 4306 τοῦ
1180 4250 1347 4305 αὑτοῦ
1366 4249 1414 4306 α’
1441 4252 1546 4309 τίτ.
1573 4252 1682 4308 τὼν
1704 4253 1935 4326 Νεαρῶν

345 4342 456 4396 ἔστι
493 4360 621 4414 κεφ.
663 4342 754 4409 κς¹
797 4346 894 4416 τῆς
934 4344 1052 4416 ρκγ⁹
1099 4348 1303 4417 νεαρᾶς
1346 4346 1441 4399 τοῦ
1483 4346 1746 4417 βασιλέως
1796 4349 1933 4400 Ἰου-

348 4436 629 4501 στινιανοῦ,
657 4440 690 4508 ἡ
735 4455 817 4490 τοι
842 4456 967 4509 κεφ.
993 4436 1071 4507 λγ¹
1099 4440 1195 4493 τοῦ
1226 4437 1273 4508 γ’
1301 4439 1443 4510 βιϐλ.
1478 4439 1589 4492 τῶν
1622 4440 1930 4495 Βασιλικῶν

343 4529 410 4581 τὰ
433 4531 570 4583 αὐτὰ
621 4530 991 4600 διαλαμϐάνον
1033 4533 1133 4586 ὅσα
1187 4531 1630 4603 συνωψίσθησαν.
1675 4534 1840 4603 Λέγει
1870 4532 1928 4587 δὲ

346 4622 517 4675 καὶτὸ
542 4621 619 4676 κδ’
648 4641 775 4694 κεφ.
812 4624 916 4694 τῆς
950 4624 1124 4695 αὐτῆς
1153 4625 1381 4696 νεαρᾶς,
1421 4624 1544 4694 ἦτοι
1593 4625 1657 4678 τὸ
1685 4622 1766 4678 λα’
1808 4642 1935 4694 κεφ.

346 4714 431 4768 τοῦ
464 4715 628 4769 αὑτοῦ
668 4717 799 4779 τίτ.,
833 4716 971 4770 ἀλλὰ
1009 4717 1109 4789 μὲν
1148 4720 1332 4771 καὶτὸ
1388 4715 1467 4787 λβ¹
1508 4717 1638 4789 περὶ
1680 4716 1774 4770 τοῦ
1802 4717 1939 4786 ἐρω-

347 4806 530 4859 τᾶσθαι
582 4808 711 4871 τοὺς
764 4806 1065 4878 μέλλοντας
1097 4809 1532 4880 χειροτονεῖσθαι
1580 4809 1630 4862 εί
1677 4807 1939 4862 δύνανται

351 4903 659 4970 σωφρονεῖν,
698 4904 793 4954 καὶ
822 4902 952 4974 περὶ
981 4903 1308 4973 γαμούντων
1335 4902 1674 4974 ἱερωμένων,
1699 4903 1793 4955 καὶ
1815 4901 1939 4953 δευ-

348 4995 786 5064 τερογαμούντων
844 4996 1237 5065 ἁναγνωστῶν.
1299 4996 1440 5050 Ὅσα
1490 4997 1644 5068 παρὰ
1688 4994 1784 5048 τοῦ
1826 5012 1931 5048 πα-

2121 3979 2339 4035 Textus.
2367 3978 2605 4033 Constit.
2627 3976 2684 4042 2,
2722 3974 2970 4046 ejusdem
3009 3972 3094 4027 tit.
3141 3968 3197 4027 Si
3229 3969 3484 4038 decurio,
3514 3979 3648 4038 etc.,

2043 4084 2206 4139 usque
2228 4068 2297 4122 ad
2322 4068 2607 4133 multatur,
2640 4074 2698 4118 ut
2727 4081 2851 4135 pag.
2891 4061 3017 4118 785.

2113 4253 2407 4310 Scltolium.
2467 4249 2659 4307 Const.
2718 4253 2753 4304 Ξ
2804 4248 3049 4319 ejusdem
3094 4246 3119 4301 1
3169 4247 3251 4301 tit.
3292 4242 3644 4300 Novellarum

2036 4356 2120 4402 cst
2159 4362 2281 4412 cap.
2316 4345 2386 4399 “26
2423 4345 2652 4398 novella:
2698 4342 2998 4396 Justiniani
3046 4340 3193 4404 1'25,
3242 4343 3358 4394 sive
3401 4354 3526 4408 cap.
3574 4338 3647 4391 55

2036 4439 2120 4494 tit.
2154 4440 2174 4492 1
2215 4440 2307 4492 lih.
2340 4455 2396 4492 Ill
2454 4435 2646 4499 anil.,
2690 4435 2836 4505 quod
2872 4438 3058 4489 eadem
3101 4429 3483 4501 complectitur
3521 4444 3645 4499 quis

2035 4532 2087 4585 in
2120 4530 2446 4601 compendio
2465 4529 2742 4600 proposita
2759 4537 2911 4581 sunt.
2932 4525 3204 4592 Loquitur
3227 4532 3409 4578 autem
3432 4522 3503 4576 24
3519 4538 3645 4593 cap.

2037 4624 2281 4695 ejusdem
2316 4624 2561 4686 novellze,
2611 4623 2726 4676 sive
2774 4621 2834 4674 51
2869 4636 2989 4685 cap.
3022 4618 3269 4688 ejusdem
3306 4618 3418 4682 tit.,
3469 4617 3639 4685 quin-

2040 4719 2205 4773 etiam
2226 4717 2296 4771 59
2320 4714 2494 4788 [cap]
2517 4716 2584 4769 de
2610 4730 2677 4769 eo
2715 4713 2858 4784 quod
2888 4712 3175 4766 ordinandi
3232 4711 3639 4779 interrogentur

2041 4829 2109 4867 an
2141 4821 2295 4867 t-aste
2316 4812 2501 4864 vivere
2532 4809 2747 4879 possint
2774 4831 2785 4863 ;
2820 4816 2875 4860 et
2906 4807 2973 4861 tle
3006 4805 3388 4861 sacerdotibus
3419 4805 3639 4872 nuptias

2040 4903 2495 4961 contrahentibus
2556 4911 2610 4955 et
2672 4901 2972 4954 lectoribus
3020 4898 3240 4968 nuptias
3287 4897 3639 4959 iterantibus,

2045 5010 2392 5067 quaecunque
2420 5009 2448 5048 a
2492 4992 2804 5064 patriarcha
2838 4990 3018 5045 fusius
3050 4991 3454 5059 comprehensa
3488 4997 3637 5044 sunt.

351 5086 591 5155 τριάρχου
630 5089 1004 5161 διελήφθησαν
1045 5089 1518 5162 περιφραστικῶς.
1574 5090 1709 5161 Περὶ
1730 5090 1787 5142 δὲ
1818 5090 1927 5145 τῶν

2045 5090 2113 5143 De
2177 5089 2241 5144 iis
2291 5102 2419 5141 vero
2458 5086 2552 5157 qui
2613 5085 2727 5139 Deo
2775 5095 3130 5139 consecratas
3161 5081 3465 5154 g[mulieres
3516 5079 3638 5153 aut]

352 5178 710 5247 ἁρπαζόντων,
742 5183 775 5253 ἢ
826 5182 1278 5254 διαφθειρόντων,
1312 5182 1807 5255 ἢὺπονοθευόντων
1831 5183 1931 5247 τὰς

350 5270 420 5341 τῷ
445 5270 559 5342 Θεῷ
584 5275 1045 5344 ἀνατεθειμένας,
1078 5277 1383 5347 διδάσκειὴ
1411 5277 1551 5346 αὐτὴ
1583 5276 1627 5345 β’
1658 5275 1802 5329 διάτ.
1834 5274 1929 5328 τοῦ

350 5363 391 5419 α’
416 5365 511 5420 τίτ.
537 5369 644 5419 τῶν
662 5368 894 5440 Νεαρῶν
910 5366 1045 5423 οὖσα
1075 5369 1152 5438 ξγ¹
1182 5388 1308 5441 κεφ.
1335 5371 1431 5441 τῆς
1460 5367 1580 5442 ρκγ¹
1616 5371 1932 5423 Ἰουστινια-

349 5461 471 5513 νείου
505 5464 722 5532 νεαρᾶς,
748 5463 1011 5533 ἧτοικεφ.
1044 5464 1111 5534 ιβ’
1140 5465 1235 5518 τοῦ
1265 5463 1312 5518 α’
1341 5466 1448 5520 τίτ.
1479 5464 1576 5520 τοῦ
1603 5462 1928 5535 δ’βιϐλ.τῶν

350 5554 652 5618 Βασιλικών,
672 5559 741 5609 τὰ
768 5556 909 5609 αὐτὰ
938 5558 1097 5625 λέγον
1139 5559 1240 5612 ὅσα
1289 5559 1707 5629 συνωψίσθησαν
1741 5598 1755 5622 ,
1788 5557 1931 5629 πλὴν

349 5646 432 5714 τῆς
455 5645 664 5717 ποινῆς.
744 5645 802 5699 Ὀ
846 5646 945 5717 μὲν
971 5647 1080 5715 γὰρ
1116 5647 1398 5718 βασιλικός
1429 5665 1562 5719 φησι
1623 5649 1716 5702 τὸν
1740 5650 1804 5702 ὲκ
1829 5647 1923 5701 τοῦ

351 5739 495 5808 νόμον
522 5741 766 5793 κίνδυνον
797 5742 1092 5811 ὑπομένειν
1122 5743 1250 5804 τοὺς
1271 5740 1798 5813 πλημμελήσαντας,
1830 5740 1925 5793 καὶ

350 5834 457 5895 τοὺς
488 5834 856 5905 μετασχόντας
891 5835 985 5888 τοῦ
1017 5835 1263 5888 τοιούτου
1331 5835 1555 5904 μύσους.
1628 5834 1686 5888 'O
1709 5834 1766 5913 δέ
1794 5852 1924 5889 συν-

353 5921 551 5994 θέμενος
562 5927 622 5982 τὺ
642 5926 1027 5998 Νομοκάνονον
1040 5926 1188 5997 λέγει
1206 5926 1520 5995 κεφαλικῶς
1542 5926 1738 5992 αὐτοὺς
1760 5944 1925 5999 τιμω-

2038 5180 2281 5249 rapiunt,
2325 5186 2420 5233 aut
2462 5185 2846 5247 constuprant,
2902 5185 2998 5230 aut
3043 5183 3433 5273 corrutyunt,
3475 5175 3640 5230 docet

2037 5273 2230 5327 eadem
2266 5272 2302 5326 2
2363 5281 2543 5327 const.
2578 5270 2661 5325 tit.
2695 5271 2715 5324 1
2751 5270 3125 5335 Novellarnm,
3154 5269 3278 5339 quin
3306 5278 3389 5324 cst
3418 5285 3539 5339 cap.
3568 5269 3638 5324 65

2038 5370 2263 5424 novella:
2292 5366 2592 5423 Justiniani
2630 5365 2755 5433 125,
2792 5368 2909 5422 sive
2963 5382 3084 5437 cap.
3122 5365 3190 5420 12
3242 5366 3331 5421 tit.
3364 5365 3389 5419 1
3436 5365 3533 5421 lib.
3582 5380 3639 5419 tv

2040 5462 2236 5527 Basil.,
2271 5463 2415 5534 quod
2460 5467 2649 5516 eadem
2697 5462 2833 5517 dicit
2872 5477 2995 5530 quae
3037 5462 3091 5515 in
3135 5462 3464 5530 compendio
3508 5468 3640 5513 sunt

2042 5560 2346 5627 proposita,
2379 5567 2607 5626 excepta
2643 5572 2827 5626 ptena.
2863 5554 3149 5624 Siquidem
3184 5553 3355 5610 Basil.
3399 5567 3496 5607 eos
3536 5552 3634 5621 qui

2039 5648 2117 5722 [id
2138 5648 2343 5721 scelus]
2378 5649 2753 5714 committunt,
2782 5663 2847 5703 ac
2876 5662 3070 5701 eorum
3102 5646 3155 5699 in
3189 5645 3395 5700 scelere
3428 5644 3631 5705 socios,

2033 5758 2099 5797 ex
2138 5742 2254 5811 lege
2285 5742 2589 5812 periculum
2644 5740 2920 5796 sustinere
2980 5757 2993 5793 :
3050 5737 3144 5808 qui
3183 5753 3317 5793 vero
3357 5735 3632 5789 Nomoea-

2034 5851 2231 5891 nonem
2300 5838 2653 5904 cmnposnit,
2711 5837 2831 5890 illus
2875 5832 3184 5904 capitaliter
3249 5831 3428 5901 puniri
3475 5829 3630 5885 dicit.

2031 5928 2112 5985 Tu
2146 5930 2358 5986 interim
2398 5929 2564 5988 Basil.
2596 5930 2770 6001 magis
2797 5929 2923 5985 audi
2956 5967 2970 5994 ,
3018 5937 3072 5983 ct
3120 5926 3166 5982 si
3213 5925 3423 5980 discere
3472 5921 3611 5977 velis
