4146 6502
468 372 606 439 11ἓῖ

1647 368 1916 431 ΡΠΟΤΙΙ
1948 365 2226 429 PATRIA
2237 366 2462 429 RCIME
2502 369 2611 433 (ΣΡ.

3641 371 3797 437 1128

465 489 780 560 cujusmodi
811 488 1068 560 legitima:
1093 501 1272 560 preme
1299 486 1432 552 sint,
1479 484 1598 556 lege
1619 486 1714 541 lib.
1744 503 1834 551 ιχ,
1863 486 1947 539 ι1ι.
1969 485 2057 553 58,
2090 534 2102 555 λ

2209 486 2403 541 εἴσθαι.
2430 487 2501 541 Σὺ
2524 488 2580 541 δὲ
2601 486 2803 558 μᾶλλον
2823 488 2901 561 τῷ
2927 488 3201 561 Βασιλικῷ
3225 488 3487 562 πρόσχες,
3508 491 3603 543 καὶ
3624 492 3671 544 εὶ
3700 491 3809 543 θέ-

467 600 592 654 cap.
630 583 681 647 l,
718 587 864 653 quod
896 584 980 639 sic
1010 584 1175 637 habet
1211 601 1224 635 :
1291 581 1397 647 Qui
1442 580 1727 650 rapuerint
1761 579 2072 643 mulierem,

474 686 572 731 aut
608 690 869 746 sponsam
921 682 1019 729 aut
1070 674 1312 729 nondum
1354 687 1640 742 sponsam.
1684 682 1780 725 aut
1829 669 2073 737 viduam,

471 770 590 825 sive
619 770 858 840 ingenua
890 767 984 832 sit,
1021 767 1137 821 sive
1167 765 1388 829 ancilla,
1414 773 1511 818 aut
1536 761 1755 836 [etiam]
1794 762 2074 826 libertina,

468 872 525 916 et
559 862 800 915 maxime
846 862 891 916 si
939 859 1137 913 mulier
1180 858 1289 913 Deo
1335 863 1663 911 consecrata
1708 855 1801 922 sit,
1836 854 2079 926 legitime

473 952 802 1022 puniuntur.
832 950 1038 1019 Nempe
1074 950 1119 1002 si
1152 963 1278 1002 cum
1329 947 1499 1002 armis
1550 948 1669 1002 sive
1710 946 1927 1018 gladiis,
1982 958 2080 1000 θυι

476 1044 715 1099 fustibus
746 1050 960 1112 raptum
991 1039 1247 1105 fecerint,
1286 1037 1601 1105 huiusmodi
1633 1037 1813 1107 gladio
1840 1037 2081 1106 puniun-

474 1148 582 1191 tur.
631 1135 735 1201 Qui
793 1148 925 1188 vero
974 1133 1110 1203 ipsis
1160 1126 1529 1187 ministerium
1584 1130 1939 1201 praebuerint,
1986 1140 2083 1184 aut

475 1234 683 1289 conscii
714 1230 941 1297 fuerint,
979 1242 1075 1286 aut
1102 1229 1401 1284 voluntarii
1444 1230 1776 1299 receperint,
1810 1238 1905 1282 θυι
1932 1243 2070 1297 qua-

476 1327 810 1395 lemcunque
867 1339 1028 1395 opem
1086 1324 1315 1379 tulerint
1371 1341 1385 1378 :
1450 1322 1729 1377 verberati
1794 1330 1849 1376 et
1911 1320 2078 1384 tonsi,

478 1418 706 1474 naribus
732 1417 1074 1472 Inutilantor.
1097 1416 1372 1483 Quoniam
1420 1416 1515 1486 qui
1546 1431 1671 1469 cum
1699 1414 1869 1469 armis
1892 1427 2084 1483 rapere

478 1521 751 1576 statuunt,
784 1512 963 1581 parati
990 1519 1121 1565 sunt
1157 1511 1325 1565 etiam
1362 1509 1640 1574 occidere,
1694 1508 1742 1563 si
1792 1507 1887 1578 qui
1933 1507 2085 1562 obsi-

479 1611 652 1659 stant.
692 1601 751 1657 Si
778 1617 908 1657 vero
937 1603 1169 1657 omnino
1209 1602 1329 1657 sine
1352 1602 1523 1655 armis
1556 1612 1745 1670 raptus
1778 1599 1955 1654 factus
1990 1598 2082 1665 sit,

480 1693 575 1765 qui
617 1693 767 1747 illum
802 1692 953 1758 fecit,
984 1706 1152 1746 manu
1187 1692 1474 1747 mulilator
1506 1710 1517 1745 :
1550 1691 1645 1760 qui
1678 1706 1807 1745 vero
1838 1689 1891 1743 in
1922 1696 2086 1759 raptu

482 1786 736 1840 auxiliati
776 1793 930 1847 sunt,
968 1792 1068 1837 aut
1105 1780 1275 1854 [ejus]
1307 1782 1517 1838 conscii
1552 1780 1793 1846 fuerunt,
1841 1787 1937 1834 aut
1982 1778 2087 1832 mi-

2177 579 2289 643 λεις
2319 582 2472 634 ποίαἰ
2500 584 2639 635 εἰσιν
2661 584 2718 636 αἰ
2744 583 2970 655 νόμιμοι
3000 584 3205 638 ποιναί.
3235 582 3539 653 ’Λνάγνωθι
3567 582 3711 655 βιὸλ.
3749 583 3799 650 ξ’

2178 670 2283 724 τίτ.
2313 677 2393 741 νη¹
2423 688 2550 741 κεφ.
2582 670 2654 739 α’,
2683 670 2859 737 οὕτως
2884 673 3026 745 ἐχοψ
3052 675 3117 729 Oi
3140 674 3490 746 ἁρπάσαντες
3518 678 3797 743 γυναῖκα,

2178 763 2213 835 ἢ
2244 764 2771 837 μνηστευομένην,ἢ
2806 766 3203 839 ἀμνήστευτον,
3246 766 3279 838 ἢ
3309 768 3510 840 χήραν,
3546 768 3657 821 εἴτε
3680 769 3795 822 εὐσ-

2178 859 2344 929 γενής
2375 858 2492 911 ἐστι
2522 859 2635 913 εἴτε
2689 859 2875 932 δούλη,
2911 859 2946 930 ἢ
2987 858 3357 932 ἀπελευθέρα,
3398 860 3494 914 καὶ
3544 860 3798 932 μάλιστα.

2180 948 2276 1001 ἐὰν
2305 948 2383 1018 τῷ
2411 948 2530 1019 Θεῷ
2552 943 2687 1005 ὦσιν
2716 952 2772 1005 αἱ
2801 953 3061 1019 γυναῖκες
3086 950 3499 1022 καθιερωμένη
3533 953 3797 1024 νομίμως

2180 1040 2656 1110 τιμωρείσθωσαν,
2687 1040 2832 1094 τοῦτ’
2869 1040 3016 1094 ἔστιν
3057 1043 3105 1094 εἰ
3154 1042 3254 1113 μὲν
3292 1040 3413 1111 μεθ’
3442 1042 3643 1107 ὅπλων,
3669 1043 3795 1095 εἴτε

2182 1133 2376 1202 ξιφῶν,
2410 1133 2443 1203 ἢ
2475 1134 2728 1205 ῥοπάλων
2754 1134 2853 1206 τὴν
2881 1135 3140 1206 ἁρπαγὴν
3174 1136 3526 1207 ἐποιήσαντο,
3585 1136 3635 1189 οἱ
3665 1153 3787 1188 τοι-

2182 1224 2330 1279 οῦτοι
2345 1224 2488 1295 ξίφει
2512 1226 2986 1299 τιμωρείσθωσαν,
3008 1228 3057 1280 οἰ
3074 1228 3130 1281 δὲ
3154 1226 3656 1298 ωνυπουργοῦντες
3679 1229 3752 1282 αὖ
3767 1257 3795 1269 ο

2182 1319 2369 1391 τοῖ;,ἣ
2402 1320 2777 1393 συνειδότες,ῆ
2806 1322 3024 1385 ἑκόντες
3049 1321 3459 1391 ὑποδεξάμενοι,
3508 1321 3540 1392 ἦ
3572 1322 3799 1391 οἱανδή-

2185 1430 2319 1466 ποτε
2346 1413 2587 1485 σπουδὴν
2647 1414 3059 1482 εἰσενεγκόντες
3116 1416 3472 1486 τυπτόμενοι,
3531 1415 3621 1469 καὶ
3652 1432 3796 1469 κου-

2190 1507 2473 1579 ρευόμενοι
2536 1506 3071 1580 ῥινοκοπείσθωσαν,
3157 1509 3348 1578 ἐπειδὴ
3381 1508 3431 1561 οἰ
3491 1508 3798 1580 προθέντες

2188 1601 2321 1671 παρ’
2370 1601 2585 1665 ἑαυτοῖς
2641 1602 2928 1672 ἁρπᾶσαι,
2992 1600 3204 1669 ἕτοιμοί
3261 1602 3367 1653 εἰσι
3406 1601 3500 1654 καὶ
3542 1598 3797 1669 φονεύειν

2187 1693 2314 1758 τοὺς
2342 1692 2801 1764 ἀνθισταμένους.
2854 1694 2917 1746 Εἰ
2948 1692 3004 1746 δὲ
3036 1695 3206 1764 χωρὶς
3235 1694 3571 1765 οἱωνδήποτε
3606 1693 3797 1745 ὃπλων

2190 1787 2288 1857 τὴν
2313 1786 2575 1858 ἁρπαγὴν
2617 1788 2967 1858 ἐποιήσαντο,
3001 1788 3029 1838 ὁ
3066 1786 3164 1856 μὲν
3193 1787 3293 1855 τὴν
3330 1787 3587 1857 ἁρπαγὴν
3626 1786 3797 1855 ποιήο

482 1880 774 1934 nisterium
813 1878 1211 1948 praestiterunt,
1242 1885 1337 1930 aut
1373 1886 1569 1945 sponte
1598 1884 1948 1945 receperunt,
1989 1879 2087 1927 aut

2209 1893 2312 1942 τας,
2335 1878 2791 1949 χειροκοπείσθω,
2826 1879 2875 1931 οἰ
2891 1878 2947 1931 δὲ
2982 1878 3351 1949 βοηθήσαντες
3383 1881 3496 1937 τοῖς
3523 1878 3798 1940 τοιούτοις

481 1972 927 2044 qualemcunque
981 1986 1141 2041 opem
1197 1969 1481 2030 tulerunt,
1528 1966 1799 2022 verberati
1840 1974 1896 2020 et
1946 1964 2091 2019 tonsi

482 2064 798 2119 cxsulanto.
866 2062 1097 2128 Quaeras
1170 2061 1337 2114 etiam
1400 2060 1676 2114 novellam
1736 2054 2092 2127 imperatoris

483 2157 699 2214 domini
745 2155 946 2211 Leonis
1006 2152 1321 2225 plIilosOphi
1371 2152 1464 2221 55,
1512 2165 1637 2222 qna;
1689 2147 2091 2221 propemodum

484 2252 678 2307 eadem
710 2248 912 2306 sancit.

559 2442 714 2500 (ΒΜ).
754 2438 1005 2495 ΧΧΧ.-
1043 2436 1123 2494 De
1160 2438 1229 2492 iis
1253 2436 1345 2509 qui
1378 2433 1711 2490 matrimonii
1741 2449 1911 2489 causa
1970 2448 2094 2488 mu-

488 2535 642 2589 lieres
677 2532 915 2601 rapiunt.

561 2625 954 2698 Apostolorum
985 2637 1165 2678 canon
1199 2620 1304 2687 67;
1340 2619 1561 2677 concilii
1590 2618 1870 2691 Ancyrani
1919 2633 2098 2674 canon

493 2720 583 2784 11,
634 2718 742 2786 25;
781 2716 1001 2775 concilii
1050 2713 1523 2771 Chalcedonensis
1575 2727 1753 2767 canon
1798 2711 1904 2779 27;
1960 2725 2099 2765 con-

490 2813 605 2869 cilii
651 2812 790 2869 sexti
824 2826 1005 2868 canon
1038 2808 1142 2876 92;
1190 2805 1486 2878 Theophili
1540 2821 1608 2861 ex
1666 2803 2100 2862 commonitorio

492 2924 669 2965 canon
704 2907 759 2962 2.

568 3001 789 3056 Textus.
827 2996 951 3053 Lib.
972 2999 1027 3063 1,
1053 2995 1197 3060 tit.5,
1217 3001 1396 3050 const.
1421 2991 1475 3047 5.
1500 2990 1559 3047 Si
1584 2992 1730 3062 quis,
1762 2998 1896 3059 etc.,
1933 3004 2101 3062 usque

494 3094 565 3149 ad
589 3093 1010 3165 praascriptione
1040 3090 1232 3154 utitur,
1258 3096 1316 3143 ut
1343 3102 1469 3158 pag.
1502 3085 1631 3142 609.

2197 1970 2256 2023 ὲν
2285 1971 2351 2039 τῇ
2409 1970 2657 2041 ἁρπαγῇ,
2719 1971 2752 2042 ἢ
2814 1972 3138 2035 συνειδότες,
3186 1971 3220 2041 ἢ
3264 1972 3726 2042 ὑπηρετήσαντες,
3754 1970 3795 2042 ἢ

2196 2062 2419 2127 ἑκόντες
2450 2063 2865 2135 ὑποδεξάμενοι,
2921 2065 2955 2136 ἢ
3001 2065 3327 2136 οἱανδήποτε
3382 2064 3619 2133 σπουδὴν
3676 2064 3799 2116 εἰσ-

2197 2156 2519 2225 ενεγκόντες
2537 2157 2743 2221 αὐτοῖς,
2777 2157 3110 2228 τυπτόμενοι
3135 2156 3589 2227 ὲξοριζέσθωσαν.
3624 2158 3795 2227 Ζήτει

2197 2248 2298 2301 καὶ
2327 2248 2427 2317 τὴν
2465 2245 2539 2300 λε’
2582 2248 2783 2320 νεαρὰν
2804 2247 2898 2301 τοῦ
2932 2247 3197 2317 βασιλέως
3226 2248 3418 2319 κυρίου
3441 2247 3666 2312 Λέοντος
3700 2246 3798 2301 τοῦ

2198 2339 2496 2409 Φιλοσόφου
2526 2340 2594 2395 τὰ
2623 2340 2766 2394 αὐτὰ
2791 2342 2979 2411 σχεδὸν
3018 2342 3437 2412 νομοθετοῦσαν.

2276 2436 2533 2491 ΚΕΦΑΛ.
2561 2434 2647 2492 Λ’.
2673 2464 2747 2476 --
2775 2436 2919 2505 Περὶ
2972 2434 3093 2490 τῶν
3138 2435 3240 2490 ἐπὶ
3295 2436 3462 2508 γάμῳ
3509 2435 3799 2506 γυναῖκας

2200 2529 2610 2599 ἁρπαζόντων.

2288 2624 2635 2679 Ἀποστόλων
2684 2623 2867 2681 κανὼν
2891 2621 3010 2694 ξξζο
3042 2624 3265 2678 συνόδου
3303 2622 3580 2695 Ἀγκύρας
3619 2619 3799 2677 κανὼν

2204 2715 2299 2783 ια’,
2333 2716 2435 2771 κε’·
2462 2718 2685 2773 συνόδου
2733 2718 3081 2791 Χαλκηδόνος
3126 2715 3308 2772 κανὼν
3355 2715 3454 2782 κζ’·
3495 2716 3713 2770 συνόδου
3751 2711 3803 2779 ς’

2204 2810 2388 2867 κανὼν
2445 2810 2555 2884 k3"
2610 2811 2875 2883 Θεοφίλου
2922 2815 2988 2866 ὲκ
3050 2810 3144 2867 τοῦ
3235 2809 3648 2884 ὑπομνηστικοῦ
3700 2826 3805 2862 κα-

2203 2904 2311 2960 νὼν
2339 2903 2407 2976 β’.

2277 2999 2592 3069 Κείμενον.
2629 2997 2783 3053 Βιὸλ.
2810 3004 2883 3064 α’,
2934 2998 3041 3052 τίτ.
3072 3003 3144 3069 γ’,
3168 2996 3310 3055 διάτ.
3334 2994 3405 3060 ε’,
3444 2995 3571 3050 Ἐάν
3601 3012 3683 3059 τις
3713 2996 3810 3066 ἁρ-

2207 3094 2385 3167 πάσῃ,
2415 3112 2470 3148 κ.
2501 3111 2557 3148 τ.
2578 3093 2653 3159 λ.,
2686 3109 2863 3164 usque
2895 3093 2962 3147 ad
3000 3094 3076 3165 μὴ
3112 3090 3399 3164 χρώμενος
3432 3090 3599 3163 φόρου
3626 3106 3811 3161 παρα-

2209 3191 2421 3260 γραφῇ.
2456 3188 2633 3259 Supra
2665 3203 2788 3259 pag.
2816 3188 2942 3243 509.

519 3274 522 3278 “
569 3276 864 3334 Scholium.
923 3273 1114 3329 Const.
1166 3272 1201 3326 5
1261 3270 1346 3326 tit.
1386 3270 1422 3325 5
1471 3269 1568 3325 lib.
1617 3285 1634 3326 I
1677 3268 1806 3327 cod.
1859 3282 1967 3322 non
2018 3276 2102 3323 est

2221 3250 2260 3260 Π
2282 3250 2565 3351 ﬂgitium;
2705 3250 2918 3335 S'v5td‘l.
2952 3278 3047 3334 τοῦ
3078 3276 3127 3349 γ’
3176 3278 3286 3333 τίτ.
3318 3276 3413 3332 τοῦ
3445 3276 3495 3332 α’
3522 3277 3666 3349 βιῦλ.
3714 3276 3810 3330 τοῦ

493 3372 678 3442 posita
709 3369 765 3423 in
797 3367 988 3434 Basil.,
1041 3381 1219 3435 neque
1254 3364 1472 3438 [etiam]
1512 3364 1604 3430 5'5,
1654 3376 1831 3433 neque
1881 3376 2010 3416 vero
2046 3371 2102 3415 tu

500 3465 609 3520 illis
662 3462 964 3517 auscultes.
1022 3459 1216 3515 Const.
1274 3460 1308 3515 ὃ
1351 3459 1434 3513 tit.
1486 3458 1522 3513 4
1595 3458 1752 3514 lib.I
1824 3456 1947 3510 cod.
2003 3463 2089 3509 est

497 3572 621 3625 cap.
653 3556 747 3621 26,
781 3556 864 3610 tit.
896 3554 984 3617 l7,
1018 3553 1113 3607 lib.
1153 3567 1224 3605 vn
1256 3551 1422 3606 Basil.
1463 3550 1781 3617 insertaque
1814 3557 1898 3601 est
1929 3545 2103 3601 inter-

502 3648 796 3718 pretationi
873 3662 994 3716 cap.
1052 3645 1126 3699 25
1179 3645 1468 3715 praesentis
1515 3644 1548 3696 9
1596 3643 1708 3707 tit.,
1742 3643 1887 3710 quod
1931 3642 2102 3711 legas.

502 3744 696 3797 Censt.
727 3739 752 3793 1
813 3739 897 3793 tit.
944 3737 1017 3792 21
1048 3736 1143 3790 lib.
1180 3752 1239 3790 III
1288 3735 1415 3791 cod.
1442 3734 1618 3804 posita
1650 3743 1735 3788 est
1765 3735 1818 3787 in
1850 3748 1972 3803 cap.
2029 3731 2094 3786 91

502 3836 593 3889 tit.
643 3835 676 3891 5
715 3833 811 3890 lib.
844 3847 917 3888 vn
949 3830 1119 3887 Basil.
1155 3828 1272 3886 Hoc
1302 3839 1486 3884 autem
1513 3844 1635 3899 cap.
1667 3826 2104 3899 praetermissum

504 3933 612 3982 est.

582 4114 802 4171 Texlus.
836 4112 948 4170 Tit.
979 4111 1041 4169 41
1091 4120 1274 4168 const.
1296 4110 1350 4177 4,
1390 4110 1484 4182 qui
1508 4109 1641 4166 dicit
1675 4108 1719 4163 A
1748 4123 1930 4176 servo,
1974 4116 2109 4177 etc.,

512 4225 676 4282 usque
696 4209 767 4263 ad
793 4217 924 4265 sunt
948 4206 1159 4271 omnia,
1191 4215 1250 4260 ut
1275 4221 1398 4276 pag.
1432 4204 1560 4272 510,
1599 4204 1727 4259 511.

581 4392 880 4450 Scholium.
933 4390 1176 4447 Constit.
1247 4389 1284 4445 4
1344 4389 1428 4445 ι1ι.
1475 4388 1539 4444 41
1618 4388 1715 4444 lib.
1760 4405 1820 4444 ιιι
1862 4388 1990 4446 cod.
2031 4396 2118 4445 est

510 4503 637 4558 cap.
702 4486 772 4542 46
837 4487 921 4541 tit.
975 4483 1009 4539 5
1066 4485 1163 4539 lib.
1216 4498 1309 4549 ιι,
1353 4483 1500 4554 quod
1548 4482 1736 4539 dicit:
1779 4483 2119 4539 Constitutio

514 4580 718 4638 similis
746 4579 1007 4635 secundae
1042 4585 1205 4633 estet
1237 4577 1413 4633 tertiae
1456 4594 1474 4640 ς
1523 4585 1579 4631 et
1624 4576 1780 4644 dicit,
1825 4576 1975 4647 quod
2021 4575 2121 4631 do-

2151 4623 2201 4682 Β

2211 3372 2448 3436 κὼδικος
2477 3374 2578 3427 οὐκ
2609 3374 2772 3445 ἐτέθη
2807 3374 2888 3437 εἰς
2916 3374 2986 3427 τὰ
3034 3372 3328 3438 Βασιλικὰ,
3367 3372 3489 3426 οὐδὲ
3515 3373 3548 3444 ἠ
3581 3369 3686 3441 νγ’,
3718 3373 3814 3424 καὶ

2215 3465 2292 3535 μὴ
2319 3465 2385 3517 σὺ
2419 3464 2668 3535 προσχῆς
2706 3464 2954 3528 ταύταις·
3005 3463 3071 3518 ’11
3109 3462 3156 3533 γ’
3188 3463 3328 3517 διάτ.
3377 3463 3472 3517 τοῦ
3504 3461 3545 3516 δ’
3574 3463 3681 3517 τίτ.
3717 3462 3813 3516 τοῦ

2214 3556 2263 3611 α’
2298 3557 2440 3628 βιϐλ.
2473 3557 2570 3612 τοῦ
2602 3558 2834 3621 κώδικος
2886 3558 3005 3612 ἔστι
3040 3574 3165 3627 κεφ.
3194 3555 3289 3621 κς⁹
3328 3556 3423 3611 τοῦ
3473 3556 3539 3623 ιζ’
3567 3556 3669 3610 τίτ.
3722 3553 3815 3608 τοῦ

2220 3649 2423 3722 ζ’βιϐλ.
2465 3652 2576 3705 τῶν
2594 3636 2923 3717 Βασιλιδκῶν,
2954 3650 3050 3704 καὶ
3087 3648 3444 3721 κατεστρώθη
3486 3651 3564 3714 εἰς
3590 3649 3690 3717 τὴν
3722 3648 3817 3719 ἐρ-

2218 3743 2450 3815 μηνείαν
2482 3743 2575 3798 τοῦ
2603 3741 2681 3797 κε’
2710 3760 2837 3814 κεφ.
2860 3744 2956 3796 τοῦ
2987 3742 3255 3814 παρόντος
3274 3740 3319 3795 θ’
3349 3742 3480 3803 τίτ..
3512 3740 3541 3793 ὃ
3560 3740 3654 3794 καὶ
3677 3741 3811 3796 ἀνά-

2216 3838 2411 3909 γνωθι.
2462 3838 2526 3891 ’11
2559 3836 2607 3892 α’
2638 3837 2780 3892 διάτ.
2830 3836 2924 3891 τοῦ
2953 3835 3033 3891 κδ’
3061 3836 3167 3891 τίτ.
3197 3836 3293 3890 τοῦ
3323 3833 3373 3902 γ’
3410 3832 3675 3906 βιϐλντοῦ
3702 3832 3815 3886 κώ-

2215 3934 2364 3998 δικος
2397 3932 2557 4007 ἐτέθη
2577 3936 2657 3996 εἰς
2685 3950 2812 4000 κεφ.
2847 3929 2937 3999 ιμ’
2961 3930 3056 3985 τοῦ
3102 3927 3147 3984 ε’
3178 3929 3288 3985 τίτ.
3322 3928 3418 3983 τοῦ
3457 3927 3506 3993 ζ’
3536 3927 3679 3999 βιϐλ.
3704 3926 3812 3985 τῶν

2222 4027 2552 4094 Βασιλικῶν,
2578 4026 2737 4081 τοῦτο
2758 4025 2815 4079 δὲ
2846 4042 2975 4095 κεφ.
3027 4022 3390 4096 παρελείφθη.

2295 4122 2605 4192 Κείμενον.
2673 4120 2869 4182 Τιτλος
2924 4116 3037 4189 μα’,
3067 4116 3210 4171 διάτ.
3244 4113 3309 4181 δ’,
3369 4117 3398 4169 ὁ
3440 4113 3617 4183 λέγων
3661 4109 3819 4181 “api

2221 4215 2409 4272 δούλου
2434 4233 2491 4269 κ.
2517 4232 2569 4269 τ.
2595 4213 2669 4281 λ.,
2685 4228 2862 4284 usque
2883 4212 2953 4268 ad
2975 4212 3069 4265 καὶ
3088 4208 3271 4282 ἱερῶν,
3296 4208 3391 4262 καὶ
3416 4206 3624 4279 χηρῶν.
3648 4203 3821 4276 Supra

2223 4324 2351 4380 pag.
2389 4306 2517 4373 5H),
2551 4305 2679 4361 5H.

2299 4398 2581 4467 Σχόλιον.
2629 4397 2694 4451 Ἦ
2722 4394 2765 4451 δ’
2795 4395 2941 4455 διὰτ.
2969 4393 3067 4448 τοῦ
3103 4391 3195 4461 μα’
3217 4391 3323 4448 τίτ.
3358 4391 3451 4447 τοῦ
3471 4398 3520 4461 γ’
3551 4390 3695 4463 βιϐλ.
3730 4389 3820 4442 τοῦ

2228 4491 2459 4555 κώδικος
2485 4491 2602 4545 ἐστι
2627 4507 2751 4560 κεφ.
2788 4486 2889 4561 μς’
2907 4487 3002 4542 τοῦ
3028 4485 3068 4541 ε’
3093 4487 3202 4543 τίτ.
3232 4486 3328 4541 τοῦ
3349 4484 3390 4554 ξ’
3410 4484 3548 4556 βιὸλ.
3575 4484 3821 4552 λέγουσα·

2241 4585 2305 4640 Ἦ
2335 4584 2477 4638 διάτ.
2507 4582 2672 4654 ὁμοία
2691 4586 2758 4655 τῇ
2797 4581 2841 4653 3'
2866 4581 2982 4635 ἔστι
3017 4581 3115 4634 καὶ
3146 4582 3213 4652 τῇ
3241 4576 3288 4649 γ’
3323 4579 3418 4632 καὶ¹
3454 4577 3623 4647 λέγει·
3646 4577 3731 4630 ὅτι
3770 4574 3825 4627 '0

517 4680 705 4730 minus
747 4675 1013 4745 ignorans
1044 4670 1309 4727 delictum
1359 4672 1505 4727 servi
1552 4667 1807 4743 [judicio]
1853 4669 2102 4725 duntaxai

2226 4676 2493 4748 δεσπότης
2536 4675 2751 4745 ἀγνοῶν
2808 4675 2871 4728 τὸ
2924 4677 3175 4745 πταῖσμα
3216 4672 3311 4726 τοῦ
3353 4672 3566 4725 οἰκέτου
3595 4668 3823 4735 νοξάλια

519 4766 705 4822 uoxali
743 4772 995 4820 teneatur
1028 4780 1042 4818 :
1078 4778 1185 4819 non
1217 4764 1482 4834 ignorans
1507 4774 1718 4831 autem,
1742 4778 1844 4819 suo
1875 4763 2119 4819 nomine.

521 4857 854 4914 Universum
889 4871 1022 4913 vero
1056 4857 1475 4913 constitutionis
1514 4858 1606 4927 jus
1654 4857 1973 4928 hujusmodi
2013 4866 2123 4924 est,

523 4961 585 5006 ut
612 4952 656 5006 si
694 4951 907 5006 alienus
936 4964 1133 5007 servus
1170 4949 1438 5020 rapuerit,
1473 4950 1620 5003 intra
1647 4964 1858 5003 annum
1891 4948 2129 5020 quadru-

523 5045 673 5116 plum
708 5041 808 5116 [γί]
839 5045 1110 5098 bonorum
1163 5055 1451 5113 raptorum
1505 5044 1653 5097 actio
1700 5042 1886 5113 exigat
1936 5059 1950 5095 :
2001 5049 2131 5112 post

525 5153 733 5192 annum
774 5151 905 5189 vero
937 5135 1222 5204 simplum,
1259 5148 1371 5205 quo
1417 5135 1677 5189 dominus
1711 5150 1933 5189 servum
1972 5148 2132 5189 noxae

526 5230 691 5285 dedat
729 5240 823 5285 aut
858 5215 975 5299 ipse
1023 5231 1077 5283 in
1141 5228 1195 5283 id
1254 5237 1525 5299 quantum
1588 5228 1656 5283 ad
1702 5243 1828 5283 eum
1881 5228 2134 5301 pervenit

530 5330 807 5378 teneatur.
846 5324 914 5375 At
953 5321 1000 5377 si
1034 5322 1262 5375 conscio
1294 5318 1541 5393 [servus]
1571 5322 1775 5392 rapuit,
1803 5321 1871 5376 ad
1906 5322 1957 5376 id
1984 5320 2135 5392 quod

532 5417 820 5486 competit,
853 5417 899 5470 is
929 5414 1162 5469 omnino
1199 5416 1602 5486 obstringatur,
1647 5415 1700 5469 id
1734 5424 1839 5481 est,
1883 5415 1952 5469 ad
1991 5430 2133 5485 qua-

534 5511 795 5578 druplum
834 5518 954 5563 δθυι
985 5508 1052 5563 ad
1085 5507 1369 5576 simplum.
1404 5507 1560 5574 Quod
1608 5507 1655 5563 si
1704 5523 1932 5563 uxorem
1984 5519 2134 5563 tuam

537 5604 742 5673 rapuit,
771 5611 968 5657 contra
1006 5603 1187 5670 ipsum
1225 5616 1448 5656 servum
1499 5602 1776 5672 publicam
1828 5604 2140 5658 accusatio—

2231 4771 2393 4842 μόνον
2424 4769 2743 4839 κατέχεται,
2782 4766 2942 4832 εἰδὼς
2976 4767 3034 4821 δὲ
3067 4765 3186 4838 ἰδίῳ
3217 4765 3468 4836 ὀνόματι.
3501 4764 3660 4817 Ὀλον
3692 4762 3749 4815 δὲ
3771 4760 3828 4813 τὸ

2228 4863 2327 4933 τῆς
2350 4863 2494 4918 διατ.
2528 4861 2764 4932 νόμιμον
2804 4859 3051 4914 τοιοῦτόν
3085 4862 3237 4913 ἐστιν
3266 4859 3349 4913 ὅτι
3376 4858 3470 4912 ἐὰν
3500 4858 3720 4926 οἰκέτης
3745 4856 3829 4909 ἀλ-

2229 4957 2445 5029 λότριος
2484 4957 2740 5029 ἁρπάσῃ,
2767 4954 2903 5009 εἵσω
2960 4954 3063 5027 μὲν
3111 4954 3365 5008 ἐνιαυτοῦ
3409 4953 3469 5008 τὸ
3490 4953 3828 5024 τετραπλοῦν

2233 5049 2390 5122 ζητεῖ
2422 5052 2455 5122 ἡ
2497 5053 2627 5123 περὶ
2651 5050 2911 5121 ἁρπαγῆς
2938 5051 3238 5122 Χρημάτων
3260 5049 3473 5122 ἀγωγὴ,
3504 5051 3640 5118 μετὰ
3666 5049 3725 5103 δὲ
3747 5050 3830 5103 τὸν

2233 5142 2485 5196 ἐνιαυτὸν
2518 5142 2581 5195 τὸ
2611 5140 2841 5206 ἁπλοῦν,
2874 5141 2991 5212 ἦτοι
3049 5140 3138 5210 ἐφ’
3185 5132 3231 5209 ᾧ
3278 5139 3463 5194 δοῦναι
3497 5140 3588 5193 τὸν
3619 5140 3830 5211 οἰκέτην

2236 5234 2316 5297 εἰς
2341 5232 2524 5300 νόξαν,
2550 5232 2583 5304 ἢ
2625 5229 2957 5301 κατέχεσθαι
2981 5229 3072 5282 τὸν
3100 5228 3371 5300 δεσπότην
3403 5227 3594 5289 αὑτοῦ,
3632 5228 3727 5279 καὶ
3758 5228 3830 5289 εἰς

2239 5326 2529 5396 περιελθὸν
2559 5327 2640 5389 εἰς
2687 5326 2871 5379 αὐτόν.
2931 5322 2993 5375 Εἰ
3028 5322 3086 5375 δὲ
3115 5322 3423 5385 συνειδότος
3458 5320 3553 5374 τοῦ
3575 5319 3830 5374 δεσπότου

2238 5423 2491 5494 ἥρπασεν
2515 5421 2593 5484 εἰς
2621 5419 2683 5473 τὸ
2713 5418 2973 5489 διαφέρον
2995 5416 3244 5487 ἐνέχεται
3269 5417 3297 5468 ό
3318 5413 3585 5483 δεσπότης
3602 5414 3830 5477 πάντως,

2238 5516 2389 5569 τοῦτ’
2414 5516 2562 5568 ἐστιν
2595 5513 2676 5576 εἰς
2705 5512 2767 5565 τὸ
2796 5508 3214 5582 τετραπλοῦν,ἢ
3245 5508 3326 5571 εἰς
3356 5506 3418 5561 τὸ
3445 5506 3652 5562 ἁπλοῦν
3675 5507 3761 5561 ,Εἰ
3783 5507 3833 5561 δὲ

2241 5608 2343 5678 τὴν
2376 5608 2476 5677 σὴν
2509 5604 2761 5677 γαμετὴν
2815 5605 3058 5677 ἥρπασε,
3113 5600 3236 5656 κατ’
3274 5600 3440 5654 αὑτοῦ
3488 5599 3582 5653 τοῦ
3630 5599 3831 5654 οἰκέτου

540 5713 666 5751 nem
701 5696 979 5749 instituas.
1006 5693 1199 5749 Const.
1244 5694 1277 5747 5
1320 5696 1404 5748 tit.
1456 5696 1524 5748 15
1594 5696 1691 5750 lib.
1736 5712 1811 5752 vII
1871 5698 1996 5752 cod.
2057 5712 2102 5752 es

2244 5699 2468 5769 κίνησον
2497 5696 2559 5750 τὸ
2584 5695 2847 5768 δημόσιον
2874 5693 3151 5764 ἔγκλημα.
3184 5690 3249 5745 Ἥ
3281 5697 3330 5760 γ’
3360 5691 3500 5746 διάτ.
3526 5691 3618 5744 τοῦ
3644 5689 3711 5759 ιγ’
3735 5692 3830 5747 τίτ.

541 5805 663 5857 Cap.
695 5788 728 5841 5
760 5790 843 5841 Iit.
903 5786 970 5841 18
998 5786 1090 5840 lib.
1120 5800 1287 5840 XLVIII
1321 5783 1513 5851 Basil.,
1552 5785 1700 5856 quod
1730 5789 1811 5844 sic
1835 5789 2040 5844 habet:
2083 5787 2142 5844 Si

546 5894 739 5934 servus
771 5886 988 5948 raptum
1020 5876 1248 5947 virginis
1276 5877 1555 5946 detulerit,
1586 5888 1681 5934 aut
1714 5896 1811 5949 per
1839 5881 2142 5937 conniven-

2244 5792 2339 5847 τοῦ
2370 5791 2415 5856 ζ’
2448 5791 2593 5863 βιϐλ.
2627 5789 2723 5844 τοῦ
2774 5791 3010 5852 κώδικος
3048 5788 3165 5841 ἐστι
3213 5803 3343 5857 κεφ.
3374 5784 3424 5857 γ’
3479 5785 3575 5839 τοῦ
3628 5786 3697 5857 ιη’
3735 5786 3828 5840 eis.

2246 5884 2341 5939 τοῦ
2375 5890 2461 5957 μην
2482 5883 2625 5955 βιϐλ.
2646 5883 2758 5938 τῶν
2786 5880 3117 5947 Βασιλικῶν,
3148 5878 3329 5943 οὕτως
3350 5880 3493 5950 ἕχον·
3513 5880 3639 5935 Ἐὰν
3660 5880 3832 5944 δοῦλος
