4146 6438
387 380 526 449 1129

1354 380 1845 445 NOMOCANON.
1876 410 1945 421 —
1983 383 2135 445 TIT.
2178 382 2282 458 IX,
2323 381 2485 445 CAP.
2527 384 2713 447 XXX.

3547 384 3682 452 1130

382 491 645 565 ἁρπαγὴν
677 492 950 564 παρθένου
990 490 1358 563 καταμηνύσῃ
1397 492 1685 564 ἐλεύθερος
1734 493 1962 562 γίνεται,

2094 494 2209 549 iam
2239 508 2596 565 suppressum
2639 494 2907 566 arguerit,
2968 494 3105 551 liber
3134 495 3215 551 ιιι.
3265 494 3457 554 Const.
3492 499 3522 552 7
3550 501 3683 575 lit.9

384 583 418 653 ἦ
452 585 548 637 ἐὰν
573 582 672 655 τὴν
689 583 791 656 ήδη
835 583 1289 656 συγχωρηθεῖσαν
1305 582 1657 656 άπελλέγξῃέ
1673 584 1737 638 Ἦ
1761 583 1822 650 ξ’.
1845 586 1985 641 διατ.

385 676 480 729 τοῦ
507 674 574 732 θ’.
589 678 696 731 τίτ.
718 677 813 731 τοῦ
828 677 942 748 βιϐ.
972 678 1065 731 τοὺ
1082 676 1313 740 κώδικος
1333 676 1433 729 οὑκ
1451 676 1609 745 ἐτέθη
1633 678 1713 741 είς
1731 677 1800 731 τὰ
1826 680 1989 733 Βασι-

385 768 536 833 λικά,
552 770 675 824 οὐδὲ
694 772 721 825 ὁ
743 771 886 825 ι’τίτ.
902 771 996 824 τοῦ
1014 769 1180 824 αὑτοῦ
1200 769 1333 841 βι6.,
1350 770 1514 825 οὑδὲό
1532 777 1621 825 ια’.
1639 770 1703 823 Ἦ
1716 771 1774 825 δὲ
1788 770 1985 827 α’διάτ.

386 862 482 917 τοῦ
514 862 584 932 ιγ’
610 864 715 920 τίτ.
744 862 838 917 τοὺ
872 861 919 917 θ’
939 862 1083 935 βιϐλ.
1112 862 1207 917 τοῦ
1232 861 1482 929 κώδικος,
1509 861 1626 916 ἐστι
1647 880 1774 933 κεφ.
1802 862 1850 917 α’
1877 864 1973 917 τοῦ

386 957 471 1029 νη¹
499 960 607 1012 τίτ.
635 958 732 1013 τοῦ
766 956 809 1025 ξ’
841 957 1007 1029 βιὸλ.,
1046 956 1144 1011 καὶ
1169 956 1303 1009 αὑτὸ
1338 955 1437 1027 μὲν
1460 954 1816 1028 κατεστρώθη
1862 958 1990 1029 περὶ

385 1049 449 1102 τὸ
478 1048 635 1112 τέλος
684 1048 785 1101 τοῦ
816 1046 898 1101 κθ¹
926 1064 1053 1116 κεφ.
1106 1045 1202 1099 τοῦ
1248 1046 1517 1116 παρόντος
1559 1046 1604 1099 θ’
1630 1048 1739 1099 τίτ.
1765 1047 1827 1100 τὸ
1855 1046 1912 1100 δὲ
1940 1036 1987 1117 β’

387 1139 531 1210 θέμα
559 1138 753 1193 τούτου
780 1140 933 1208 λέγει
954 1138 1150 1192 ταῦτα·
1182 1140 1278 1191 ἐὰν
1301 1135 1395 1192 οὑν
1431 1140 1490 1191 ὲν
1523 1138 1663 1209 αὑτῇ
1703 1140 1769 1210 τῇ
1809 1139 1989 1208 ἁρπα-

389 1236 462 1304 γῇ
527 1227 609 1298 εἷς
655 1236 720 1287 ἐκ
778 1231 988 1287 τούτων
1040 1231 1368 1303 καταληφθῇ
1419 1230 1451 1301 ἦ
1519 1231 1675 1303 παρὰ
1726 1230 1838 1283 τῶν
1882 1247 1991 1284 πα-

384 1325 563 1396 τέρων
584 1324 691 1379 τῶν
715 1324 1017 1393 γυναικῶν,
1050 1324 1084 1396 ἢ
1110 1325 1261 1395 παρὰ
1283 1322 1393 1377 τῶν
1416 1323 1685 1393 ἀδελφῶν,
1706 1323 1740 1394 ἢ
1771 1322 1990 1393 ἐπιτρό-

384 1433 526 1483 πων,
554 1417 588 1489 ἢ
623 1415 1021 1487 κουρατώρων,
1055 1415 1088 1486 ἢ
1120 1413 1447 1486 πατρώνων,
1479 1415 1806 1486 ἦδεσποτῶν
1833 1414 1988 1483 ἐλεγ-

382 1509 609 1581 χθέντες
660 1507 1081 1579 φονευέσθωσαν
1131 1506 1437 1580 αὐτοχειρὶ,
1495 1508 1734 1578 μάλιστα
1763 1506 1857 1560 ἐὰν
1894 1506 1989 1559 καὶ

382 1601 792 1673 γεγαμημένας
806 1603 1069 1670 γυναῖκας
1090 1599 1461 1671 ἐπειράθησαν
1478 1600 1746 1672 ἁρπάσαι.
1762 1600 1835 1652 Τὸ
1854 1598 1989 1652 αὐτὸ

382 1695 442 1749 δὲ
467 1696 702 1766 λέγομεν
736 1696 832 1748 καὶ
865 1696 915 1747 εί
941 1694 1194 1765 μνηστήν
1222 1711 1306 1757 τις
1338 1694 1474 1746 ίδίαν
1518 1693 1792 1765 ἥρπασεν.
1825 1693 1887 1745 Εἰ
1922 1692 1979 1745 δὲ

384 1786 692 1858 δυνηθῶσιν
727 1788 776 1841 οἱ
808 1786 1042 1840 τοιοῦτοι
1062 1786 1371 1856 διαφυγεῖν,
1403 1785 1502 1840 καὶ
1536 1786 1586 1838 oi
1612 1786 1672 1839 ὲν
1693 1787 1989 1839 Κωνσταν-

387 1857 721 1947 τινουπόλει,
747 1881 843 1935 καὶ
870 1881 920 1934 οί
953 1881 1012 1933 ὲν
1038 1881 1189 1951 πάσῃ
1214 1880 1370 1953 χώρᾳ
1399 1879 1666 1952 ἄρχοντες
1691 1880 1787 1933 καὶ¹
1810 1896 1983 1951 στρα-
2020 1857 2061 1916 Β

386 1974 652 2043 τηλάταις
715 1972 1108 2027 έκδικείτωσαν
1163 1974 1226 2027 τὸ
1269 1973 1585 2044 γενόμενον.
1644 1971 1987 2042 Κατέχοντες

385 2065 589 2129 αὐτοὺς
618 2065 714 2120 καὶ
742 2064 1151 2136 τιμωρούμενοι
1179 2064 1279 2119 καὶ
1321 2063 1397 2135 μὴ
1430 2064 1847 2135 συγχωροῦντες
1900 2063 1994 2117 αὑ-

385 2160 500 2222 τιῖς
528 2158 932 2212 ἐκκαλέσασθαι
952 2174 965 2188 ο
990 2158 1085 2212 καὶ
1107 2158 1157 2211 εί
1194 2158 1293 2229 μὲν
1334 2155 1520 2211 δοὺλαί
1542 2157 1684 2210 εἰσιν
1711 2158 1766 2210 αἱ
1805 2156 1989 2226 ἁρπα-

386 2252 626 2323 γεῖσαιῆ
660 2250 1050 2323 ἀπελεύθεραι,
1084 2252 1133 2305 οἱ
1166 2250 1516 2321 ἁρπάσαντες
1550 2249 1989 2313 ὑποκείσθωσαν,

386 2344 518 2398 εἰδὲ
544 2344 641 2399 καὶ
715 2346 958 2413 εὐγενεῖς
1015 2339 1177 2415 ἦσαν,
1219 2343 1289 2397 τὰ
1316 2342 1628 2413 πράγματα
1664 2341 1775 2394 τῶν
1812 2343 1993 2412 ἁρπα-

388 2438 623 2503 σάντων,
657 2436 755 2490 κα).
785 2436 895 2491 τῶν
949 2435 1293 2509 βοηθούντων
1336 2437 1394 2488 ἐν
1421 2435 1632 2498 αὐτοῖς,
1663 2435 1763 2505 τῆς
1792 2433 1989 2487 δεσπο-

386 2530 541 2594 τείας
568 2530 752 2584 οιὺτῶν
783 2530 1126 2599 γινέσθωσαν
1152 2528 1381 2600 προνοίᾳ
1406 2526 1513 2581 τῶν
1549 2526 1856 2598 ἀρχόντων,
1897 2527 1994 2581 καὶ

386 2621 497 2673 τῶν
525 2621 727 2689 γονέων
759 2622 839 2683 εἰς
874 2622 1102 2691 προῖκα,
1150 2620 1183 2690 ἢ
1218 2618 1316 2673 έάν
1347 2619 1423 2692 μὴ
1465 2617 1773 2688 βουληθῶσι
1810 2619 1995 2689 γαμῆ-

389 2731 479 2767 σαι
508 2715 762 2785 κατέχειν
806 2711 981 2766 ταῦτα
1017 2713 1084 2766 τὰ
1115 2704 1438 2783 πράγματα.
1472 2712 1563 2782 Μὴ
1605 2711 1809 2776 ἐξέστω
1840 2712 1895 2765 δὲ
1926 2715 1993 2783 τῇ

386 2809 610 2873 γυναικὶ
638 2806 800 2860 αὑτὸν
823 2807 915 2860 τὸν
936 2807 1266 2887 άρπάσαντα
1283 2805 1454 2875 ἄνδρα
1469 2804 1671 2872 λέγειν,
1703 2804 1836 2875 μηδὲ
1863 2804 1991 2865 τοὺς

394 2899 576 2965 γονεῖς
635 2895 804 2950 αὑτοῦ
853 2896 1014 2949 τοῦτο
1062 2896 1200 2967 αὐτῇ
1240 2895 1509 2949 κελεύειν.
1540 2895 1606 2946 Ai
1637 2895 1694 2948 δὲ
1720 2894 1987 2966 τιμωρίαι

386 2990 486 3060 τῆς
505 2988 645 3044 διάτ.
673 2991 847 3041 πᾶσαι
866 2987 1110 3041 ἔστωσαν
1131 2986 1252 3040 κατ’
1277 2986 1458 3040 αὐτῶν
1481 2988 1588 3039 τῶν
1606 2987 1991 3058 ἁρπασάντων,

374 3084 489 3136 καὶ
539 3082 925 3155 βοηθησάντων
956 3082 1141 3146 αὑτοῖς
1169 3083 1226 3135 ὲν
1269 3083 1338 3151 τῇ
1373 3080 1623 3150 ἁρπαγῇ’
1674 3082 1723 3133 οί
1784 3082 1884 3149 μέν
1910 3098 1994 3133 τοι

387 3177 693 3240 συνειδότες
717 3176 812 3230 καὶ
844 3176 1312 3246 ὑπηρετήσαντες,
1344 3176 1436 3228 καὶ
1476 3176 1525 3226 oi
1562 3173 1976 3245 ὑποδεξάμενοι,
2015 3216 2059 3274 C

384 3270 485 3321 καὶ
530 3267 844 3337 οἱανδήτινα
895 3265 1133 3337 σπουδὴν
1179 3266 1365 3331 αὑτοῖς
1436 3267 1855 3335 συνενεγκόντες
1916 3270 1983 3339 τῇ

384 3381 408 3414 ε
422 3360 660 3435 ιρημένῃ
682 3358 927 3431 τιμωρίᾳ
946 3358 1384 3425 ὑποκείσθωσαν,
1400 3360 1509 3412 εἴτε
1525 3358 1867 3431 βουλομένων
1878 3359 1986 3414 τῶν

386 3453 694 3523 γυναικῦν,
747 3454 858 3506 εἴτε
912 3451 989 3524 μὴ
1030 3451 1375 3523 βουλομένων
1408 3454 1712 3525 ὴιάρπαγὴ
1742 3454 1983 3524 γέγονεν.

386 3545 501 3599 Kal.
530 3545 578 3596 οί
612 3545 790 3614 γονεῖς
823 3543 882 3596 δὲ
922 3542 1023 3612 τῆς
1070 3539 1331 3609 γυναικὸ;
1388 3541 1495 3594 κᾶν
1550 3541 1986 3612 ἀνεξικακήσωσι

385 3636 918 3709 περιοριζέσθωσαν.
955 3635 1019 3689 El
1082 3633 1138 3687 δὲ
1201 3633 1297 3687 καὶ
1335 3631 1522 3697 δοῦλος
1569 3633 1769 3705 εὑρεθῇ
1807 3636 1866 3686 ὲν
1908 3632 1985 3704 τῷ

386 3733 701 3800 πράγματι,
726 3729 990 3796 καιέσθω,
1015 3725 1208 3780 πασῶν
1231 3726 1340 3779 τῶν
1358 3726 1534 3780 ἄλλων
1554 3725 1836 3798 τιμωριῶν
1861 3743 1986 3797 σχο-

385 3821 692 3885 λαζουσῶν.

462 3969 772 4039 Κείμενον.
824 3966 939 4022 Καὶ
976 3965 1120 4037 βιϐλ.
1148 3961 1256 4036 μζ.
1280 3964 1382 4018 τίτ.
1409 3963 1476 4035 β’,
1509 3963 1654 4017 διάτ.
1690 3964 1791 4032 λο¹,
1824 3967 1851 4019 ὁ
1874 3964 1989 4018 δού-

384 4063 489 4132 λην
523 4061 836 4133 ἀλλοτρίαν,
863 4076 922 4112 κ.
951 4075 1003 4112 τ.
1032 4058 1109 4121 λ.,
1138 4072 1309 4126 usque
1339 4056 1408 4110 ad
1440 4058 1488 4108 εἰ
1537 4057 1647 4129 γὰρ
1685 4057 1983 4129 συνῄνεσαν

386 4157 423 4225 ἢ
462 4155 537 4228 μὴ
568 4155 811 4226 περίεισι
877 4151 1200 4223 φισκοῦνται
1236 4150 1305 4203 τά
1364 4149 1593 4204 τοιαῦτα
1661 4152 1986 4222 πράγματα.

464 4293 746 4364 Σχόλιον.
784 4289 858 4343 Τὸ
912 4287 990 4341 λθ¹
1034 4287 1178 4341 διάτ.
1205 4287 1301 4341 τοῦ
1343 4287 1388 4358 β’
1416 4287 1523 4342 τίτ.
1564 4287 1659 4342 τοῦ
1694 4286 1782 4359 μζ¹
1821 4287 1989 4359 βιὸλη

384 4387 507 4440 ἔστι
532 4402 658 4454 κεφ.
693 4382 771 4437 λθ¹
804 4381 899 4436 τοῦ
924 4379 989 4452 ιβ’
1018 4381 1125 4435 τίτ.
1158 4380 1255 4434 τοῦ
1300 4377 1342 4446 ξ’
1381 4379 1524 4451 βιϐλ.
1567 4379 1741 4444 οὕτως
1770 4380 1892 4450 ἔχον
1914 4381 1987 4443 ὡς

388 4475 735 4547 συνωψίσθη.
769 4474 1013 4527 Γίνωσκε
1073 4474 1130 4526 δὲ
1169 4473 1253 4526 ὅτι
1299 4474 1327 4524 ὁ
1355 4471 1593 4536 τοιοῦτος
1629 4471 1732 4524 κᾶν
1788 4473 1863 4543 μὴ
1903 4473 1991 4523 ὲν-

2090 585 2187 639 lib.
2218 601 2273 640 ιι
2316 584 2454 642 Cod.
2482 601 2591 640 non
2620 594 2705 642 est
2736 586 2916 657 posita
2966 587 3020 641 in
3056 585 3221 643 Basil.
3251 586 3437 659 Neque
3473 589 3681 663 [etiam]

2092 676 2175 731 tit.
2232 675 2301 731 10
2339 676 2585 745 ejusdem
2645 678 2742 732 lib.
2796 691 2975 749 neque
3036 678 3125 734 11.
3160 677 3352 734 Const.
3404 683 3427 735 1
3487 682 3569 736 tit.
3618 684 3685 736 15

2091 769 2185 824 lib.
2250 785 2303 823 Ix
2354 768 2493 825 Cod.
2541 780 2628 826 est
2681 786 2804 842 cap.
2860 772 2883 824 1
2943 770 3029 827 tit.
3092 771 3164 828 58
3212 773 3312 829 lib.
3365 788 3456 839 LK,
3522 785 3685 846 atque

2092 862 2270 931 ipsum
2297 863 2517 933 quidem
2588 865 2858 920 insertum
2916 874 3002 920 est
3039 864 3112 920 29
3151 881 3272 936 cap.
3319 868 3603 935 przesentis
3650 868 3684 922 9

2093 954 2173 1007 tit.
2229 955 2378 1009 circa
2424 954 2589 1008 ﬁnem
2636 972 2649 1007 :
2697 956 2819 1026 ejus
2852 965 3037 1011 autem
3064 957 3099 1009 2
3130 958 3313 1013 thema
3347 958 3465 1014 haec
3502 960 3633 1014 dicit
3667 980 3679 1014 :

2093 1042 2150 1097 Si
2183 1046 2368 1116 itaque
2398 1062 2464 1101 ex
2499 1046 2585 1101 his
2620 1047 2893 1117 quispiam
2922 1060 3018 1103 aut
3051 1065 3077 1102 a
3119 1049 3413 1105 mulierum
3445 1052 3685 1121 parenti-

2091 1138 2218 1203 bus,
2247 1148 2340 1193 aut
2384 1138 2674 1207 fratribus,
2708 1150 2804 1195 aut
2832 1142 3131 1207 tutoribus,
3170 1152 3265 1198 aut
3307 1146 3682 1213 curatoribus,

2093 1241 2193 1285 aut
2251 1233 2519 1302 patronis,
2573 1242 2668 1287 aut
2720 1233 2959 1289 dominis
3010 1234 3062 1288 in
3120 1236 3239 1307 ipso
3294 1246 3455 1307 raptu
3518 1236 3685 1293 fuerit

2093 1323 2568 1392 comprehensus:
2597 1324 2884 1380 convictus
2926 1327 3169 1395 propriis
3210 1326 3456 1398 ipsorum
3499 1330 3684 1383 mani-

2093 1415 2197 1469 bus
2228 1415 2548 1471 interﬁcitor
2569 1434 2581 1469 :
2602 1418 2904 1486 praesertim
2934 1416 3113 1491 [vero]
3136 1420 3181 1475 si
3210 1420 3467 1477 mulieres
3488 1428 3689 1492 nuptas

2093 1522 2287 1578 rapere
2321 1508 2501 1563 conati
2550 1508 2774 1565 fuerint.
2809 1513 2991 1581 Atque
3042 1512 3149 1568 hoc
3197 1513 3379 1583 ipsum
3427 1514 3688 1579 dicimus,

2093 1597 2140 1652 si
2176 1598 2300 1667 quis
2332 1599 2525 1655 saltem
2563 1614 2826 1669 sponsam
2858 1618 3016 1658 suam
3047 1607 3311 1675 rapuerit.
3339 1606 3443 1663 Sed
3478 1609 3523 1665 si
3552 1610 3691 1665 tales

2093 1690 2330 1761 ell‘ugere
2378 1693 2656 1762 potuerint
2690 1712 2703 1748 :
2740 1703 2795 1748 et
2837 1694 3314 1771 Constantinopoli
3355 1709 3412 1756 et
3454 1702 3688 1759 ubicun-

2094 1798 2203 1852 que
2239 1792 2513 1840 terrarum
2564 1789 2920 1861 magistratus
2960 1800 3126 1861 atque
3158 1794 3408 1863 magistri
3450 1796 3686 1850 militum

2092 1895 2212 1935 eam
2273 1898 2389 1938 rem
2451 1885 2789 1952 vindicanto,
2834 1888 3067 1960 ipsoque
3116 1892 3546 1962 comprehensos
3590 1910 3694 1965 pu-

2093 1973 2313 2041 uiunto,
2341 1990 2641 2045 provocare
2670 1978 2807 2049 ipsis
2841 1996 2949 2035 non
2983 1983 3369 2040 concedentes.
3392 1983 3460 2039 Et
3489 1985 3534 2041 si
3567 1985 3691 2056 qui-

2094 2066 2215 2122 dem
2272 2067 2577 2144 [mulieres]
2622 2084 2791 2144 raptae
2845 2076 3059 2131 ancilla:
3104 2078 3188 2132 vel
3235 2078 3505 2135 libertina:
3557 2081 3689 2148 sint,

2094 2166 2347 2225 raptores
2383 2161 2573 2231 utique
2605 2161 2927 2238 [supplicio]
2975 2168 3197 2222 obnoxii
3241 2178 3441 2237 sunto;
3476 2170 3521 2225 si
3562 2186 3693 2225 vero

2094 2248 2369 2319 ingenuae,
2402 2268 2489 2308 res
2520 2268 2830 2325 raptorum,
2859 2274 3162 2330 eorumque
3187 2261 3281 2330 qui
3308 2262 3390 2317 eis
3422 2263 3691 2317 auxilium

2095 2344 2452 2413 prmbuerint,
2509 2347 2754 2418 ipsarum
2817 2352 3062 2407 dominio
3115 2354 3354 2408 cedunto
3403 2371 3417 2407 :
3480 2353 3692 2426 [idque]

2097 2435 2437 2503 providentia
2470 2438 2701 2494 divitum
2727 2440 2975 2512 judicum
3003 2452 3169 2514 atque
3205 2454 3495 2514 parentum
3533 2465 3546 2499 :
3583 2445 3689 2518 [ιιι]

2097 2524 2201 2579 illa:
2235 2541 2322 2581 res
2357 2527 2411 2581 iu
2442 2529 2623 2584 dotem
2667 2530 2825 2603 [ipsis
2871 2536 3188 2604 procedant,
3220 2536 3338 2608 aut]
3387 2538 3431 2591 si
3479 2539 3694 2593 nubere

2096 2618 2292 2682 nolint,
2318 2616 2502 2690 [pleno
2522 2621 2647 2692 jure
2679 2624 2748 2678 ab
2775 2624 2934 2697 ipsis]
2962 2628 3369 2697 possideantur.
3399 2626 3468 2683 Ut
3506 2640 3688 2684 autem

2097 2711 2297 2764 mulier
2345 2712 2523 2781 ipsum
2577 2726 2851 2786 raptorem
2907 2719 2959 2772 in
3014 2721 3269 2774 maritum
3325 2722 3545 2792 deligat,
3598 2736 3693 2780 aut

2096 2814 2357 2871 parentes
2382 2804 2501 2875 ejus
2546 2806 2597 2860 id
2644 2809 2743 2878 ipsi
2791 2809 3042 2880 jubeant,
3088 2811 3341 2867 illicitum
3393 2826 3533 2871 esto.
3582 2814 3696 2868 Ra-

2097 2896 2348 2966 ptoribus
2402 2914 2590 2969 porro,
2648 2911 2703 2957 ot
2754 2904 2847 2973 qui
2908 2905 2962 2958 in
3014 2916 3172 2976 raptu
3231 2908 3495 2963 auxilium
3558 2911 3694 2980 ipsis

2097 2987 2472 3056 praebuerunt,
2534 3006 2728 3049 omnes
2777 2996 3194 3054 constitutionis
3247 3015 3424 3070 poenae
3475 3003 3697 3057 incum-

2097 3079 2272 3133 liunto
2322 3100 2335 3135 :
2384 3083 2592 3139 conscii
2645 3096 2827 3141 autem
2882 3096 2936 3142 et
2990 3089 3257 3158 ministri,
3305 3094 3511 3164 quique
3565 3094 3690 3149 illos

2097 3184 2490 3244 susceperunt,
2554 3185 2650 3232 aut
2707 3194 3096 3253 quamcunque
3158 3200 3319 3255 opem
3368 3187 3695 3255 attulerunt,

2098 3263 2302 3338 [prius]
2332 3266 2493 3322 dicta)
2524 3284 2720 3339 pteuae,
2751 3274 2868 3327 sive
2888 3274 3199 3332 volentibus
3231 3276 3554 3334 mulieribus
3584 3280 3699 3333 sive

2092 3355 2415 3415 nolentibus
2439 3370 2629 3429 raptus
2654 3363 2830 3420 iactus
2871 3364 2963 3433 sit,
3001 3366 3347 3438 subjaecnto.
3379 3367 3693 3435 Quinetiam

2092 3451 2343 3507 mulieris
2382 3466 2658 3523 parentes,
2717 3458 2763 3512 si
2812 3455 3074 3532 [raptum]
3121 3462 3393 3531 patieuter
3437 3463 3697 3528 tulerint,

2090 3542 2462 3613 deportantor.
2515 3548 2570 3602 Si
2628 3565 2758 3604 vero
2796 3566 2989 3607 servus
3026 3553 3193 3608 etiam
3233 3555 3284 3608 in
3317 3570 3380 3610 ea
3414 3572 3472 3611 re
3503 3557 3700 3628 deprc-

2090 3636 2385 3707 hendatur,
2442 3640 2537 3715 [is]
2599 3645 2858 3701 omnibus
2920 3646 3043 3703 aliis
3107 3650 3286 3719 poenis
3352 3654 3697 3709 cessantibus

2090 3744 2499 3790 concremator.

2168 3959 2391 4016 Textus.
2450 3961 2518 4016 Et
2566 3964 2664 4017 lib.
2721 3964 2812 4031 47,
2873 3967 2956 4020 tit.
3011 3967 3076 4034 2,
3134 3970 3333 4040 digest.
3395 3970 3465 4025 59
3521 3989 3533 4025 :
3590 3971 3695 4039 Qui

2098 4058 2467 4125 meretricem,
2520 4068 2655 4123 ctc.,
2714 4076 2877 4129 usque
2931 4061 3002 4113 ad
3063 4064 3350 4118 conliseari
3418 4066 3572 4131 dicit,
3638 4078 3697 4120 ut

2091 4165 2214 4219 pag.
2250 4149 2375 4205 790.

2166 4286 2458 4341 Scliolium.
2526 4285 2733 4357 Digest.
2786 4288 2857 4342 59
2906 4287 3053 4342 ιὶι.2
3086 4288 3183 4344 lib.
3243 4306 3387 4345 nvtt
3438 4302 3523 4348 est
3570 4308 3694 4365 cap.

2095 4380 2164 4435 59
2198 4382 2282 4435 tit.
2312 4380 2378 4433 12
2422 4379 2515 4435 lib.
2566 4396 2657 4442 ιτ,
2699 4379 2867 4451 [quod
2900 4381 3062 4437 habet
3090 4382 3135 4455 ],
3168 4392 3228 4438 ut
3279 4384 3333 4438 iu
3361 4387 3693 4455 compendio

2097 4472 2441 4542 propositum
2505 4480 2609 4525 est.
2654 4472 2809 4527 Scias
2854 4482 3060 4538 tamen,
3104 4476 3251 4545 quod
3300 4480 3516 4532 tametsi
3571 4481 3697 4535 talis

386 4575 585 4644 ἐχηται
611 4570 687 4634 ὡς
718 4570 960 4639 κλέπτης
1006 4567 1039 4637 ἢ
1072 4566 1149 4631 ὡς
1208 4565 1662 4637 ἀνδραποδιστὴς,
1692 4566 1828 4619 ἀλλὰ
1848 4584 1986 4637 χρη-

2097 4580 2157 4620 ιιι
2200 4566 2287 4621 fur
2328 4577 2421 4620 aut
2458 4566 2757 4635 plagiarius
2785 4580 2894 4620 non
2930 4576 3182 4622 teneatur
3212 4586 3226 4622 :
3258 4571 3576 4639 pecuniarie
3616 4582 3699 4628 ta-

390 4664 639 4740 ματικῶς
673 4665 1004 4735 τιμωρεῖται
1030 4658 1183 4731 παρὰ
1211 4659 1304 4712 τοῦ
1329 4660 1613 4731 ἄρχοντος,
1643 4660 1737 4712 καὶ
1770 4677 1984 4729 σωφρο-

386 4759 625 4825 νίζεται.
730 4757 844 4810 Καὶ
924 4754 1080 4826 ζήτει
1164 4752 1307 4823 θέμα
1398 4752 1808 4824 παρατέλευτον
1882 4751 1981 4805 τοὺ

395 4850 476 4916 λζ’
522 4851 631 4905 τίτ.
680 4847 775 4902 τοῦ
816 4847 983 4901 αὑτοῦ
1036 4843 1079 4911 ξ’
1122 4844 1265 4916 βιὸλ.
1308 4844 1466 4913 λέγον
1510 4844 1642 4915 περὶ
1705 4844 1764 4897 τὸ
1810 4844 1983 4909 τέλος,

396 4946 459 4997 '0
499 4944 557 4998 δὲ
589 4945 671 5006 εἰς
722 4939 1011 5012 ἀλλοτρίαν
1061 4938 1255 5011 δούλην
1285 4935 1566 5009 πορνεύων
1598 4937 1708 4992 τῶν
1767 4937 1869 5009 μὲν
1898 4938 1988 4991 εὑ-

387 5037 577 5106 πόρων
607 5037 897 5107 ὑπάρχων,
922 5033 1215 5105 παρεχέτω
1247 5032 1385 5104 ὑπὲρ
1418 5030 1512 5085 τοῦ
1534 5030 1877 5101 πταίσματος
1908 5031 1989 5101 τῷ

388 5127 625 5198 δεσπότῃ
678 5130 778 5198 τῆς
800 5110 1004 5196 ’δούλης
1037 5124 1353 5196 νομίσματα
1404 5124 1516 5189 λς’.
1574 5125 1637 5177 Εἰ
1660 5123 1718 5177 δὲ
1763 5123 1988 5196 εὐτελὴς

388 5217 503 5287 εἴη,
525 5218 839 5281 τυπτέσθω,
872 5216 969 5270 καὶ
1002 5216 1127 5270 καθ’
1169 5217 1293 5269 ὅσον
1348 5218 1573 5288 εὐπορεῖ
1625 5218 1766 5272 κατὰ
1797 5216 1991 5271 ἀναλο-

390 5312 519 5381 γίαν
540 5311 650 5365 τῶν
675 5310 763 5375 λς’
800 5311 1158 5382 νομισμάτων
1178 5311 1387 5368 διδότω.
1438 5312 1512 5365 Τὸ
1546 5310 1628 5364 κθ¹
1647 5311 1789 5366 διάτ.
1826 5311 1921 5365 τοῦ
1948 5318 1989 5365 ε’

388 5404 497 5469 τίτ,
531 5403 627 5457 τοῦ
656 5409 749 5474 μη¹
769 5402 941 5472 βιϐλ.,
965 5402 1081 5455 ἐστι
1113 5402 1258 5473 θέμα
1287 5404 1599 5457 τελευταῖον
1628 5402 1721 5456 τοῦ
1754 5403 1835 5457 κθ¹
1860 5420 1986 5474 κεφ.

387 5497 485 5552 τοῦ
513 5498 591 5564 λζ’
616 5497 722 5550 τίτ.
756 5496 852 5550 τοὺ
887 5496 928 5561 ξ’
958 5495 1101 5567 βιϐλ.
1129 5494 1305 5561 οὑτως
1353 5498 1477 5568 ἕχον
1540 5496 1615 5561 ὡς
1644 5498 1884 5570 ἐγράφη.
1915 5499 1990 5551 Τὸ

385 5595 445 5646 δὲ
472 5597 511 5645 ε’
538 5591 679 5646 διάτ.
703 5588 798 5644 τοῦ
831 5597 886 5652 ς’
946 5589 1053 5647 τίτ.
1083 5588 1177 5644 τοὺ
1223 5597 1314 5661 μη⁹
1374 5590 1519 5661 βιῦλ.
1556 5590 1669 5645 τῶν
1708 5592 1850 5647 διατ.
1874 5592 1989 5645 ἐστι

389 5686 534 5751 θέμα
574 5681 618 5756 β’
644 5683 737 5737 τοῦ
763 5680 808 5736 ε’
868 5700 997 5751 κειρ.
1045 5682 1141 5737 τοῦ
1176 5689 1246 5754 ιη’
1292 5683 1401 5741 τίτ.
1440 5682 1537 5736 τοῦ
1565 5685 1608 5751 ξ’
1637 5684 1779 5756 βιὸλ.
1813 5685 1988 5750 οὑτως

387 5780 512 5848 ἕχον
536 5776 615 5842 ὡς
649 5777 891 5850 ἐγράφη.
919 5775 986 5829 Ἦ
1012 5782 1061 5831 α’
1089 5775 1232 5831 διάτ.
1260 5776 1353 5831 τοῦ
1382 5775 1432 5831 α’
1459 5777 1564 5832 τίτ.
1600 5777 1710 5831 τῶν
1737 5780 1989 5853 Νεαρῶν,

397 5871 515 5926 ἔστι
559 5888 689 5941 κεφ.
735 5870 802 5941 ιβ’
838 5870 937 5940 τῆς
971 5868 1046 5935 ς’.
1075 5871 1279 5942 νεαρᾶς
1303 5870 1397 5924 τοῦ
1444 5870 1842 5942 Ἰουστινιανοῢ,
1892 5877 1992 5929 οὑκ

647 5965 928 6026 ΡΑτῐιοι..
968 5967 1085 6027 Cn.
1123 5967 1254 6030 CIV

2097 4674 2221 4713 men
2254 4674 2282 4713 a
2335 4659 2662 4728 magistratu
2693 4658 2958 4727 puniatur
3006 4669 3061 4713 et
3106 4661 3423 4731 castigelur.
3466 4662 3696 4729 Quaeras

2092 4750 2257 4805 etiam
2295 4751 2471 4802 thema
2498 4748 2748 4803 ultimum
2782 4748 2865 4803 tit.
2913 4748 2979 4804 37
3014 4748 3110 4806 lib.
3154 4766 3248 4814 ιιι,
3281 4752 3425 4824 quod
3453 4754 3597 4808 circa
3632 4756 3697 4809 li-

2093 4857 2219 4895 nem
2271 4839 2407 4894 dicit
2434 4858 2447 4893 :
2472 4838 2576 4905 Qui
2619 4840 2858 4893 alienam
2905 4841 3162 4895 ancillam
3201 4852 3437 4912 stuprat,
3470 4844 3514 4896 si
3544 4846 3695 4901 dives

2092 4943 2199 4999 est,
2236 4949 2335 5004 pro
2393 4933 2594 4988 delicto
2639 4948 2837 4987 aureos
2881 4933 3104 5004 triginta
3149 4950 3241 4990 sex
3277 4937 3489 4991 ancillae
3513 4938 3692 4993 domi-

2095 5043 2167 5081 no
2200 5027 2479 5099 praebeto:
2520 5028 2566 5082 si
2604 5042 2734 5081 vero
2780 5027 2927 5095 vilis,
2957 5027 3298 5093 verberator,
3342 5038 3395 5081 et
3421 5042 3695 5099 quatenus

2093 5118 2276 5174 facere
2306 5126 2506 5189 potest,
2548 5118 2769 5189 triginta
2807 5132 2903 5173 sex
2941 5133 3139 5174 aureos
3170 5120 3318 5175 dato.
3357 5120 3564 5190 Digest.
3597 5122 3692 5190 29,

2095 5212 2521 5267 lit.5lib.x1.vm
2559 5224 2641 5266 εει
2687 5210 2867 5266 thema
2890 5209 2989 5266 ult.
3035 5227 3155 5282 cap.
3196 5212 3265 5266 29
3290 5213 3371 5267 tit.
3395 5213 3689 5281 57lib.t.x,

2093 5306 2241 5378 quod
2283 5305 2356 5359 ita
2393 5304 2579 5370 habet,
2612 5312 2671 5357 ut
2706 5303 2973 5373 scriptum
3007 5313 3111 5359 est.
3159 5303 3277 5373 Dig.
3312 5305 3346 5359 5
3382 5307 3464 5360 tit.
3512 5307 3545 5361 6
3592 5308 3689 5364 lib.

2094 5398 2866 5472 xuvml)ig.estthema2cap.
2910 5398 2943 5451 5
2973 5398 3056 5452 tit.
3098 5398 3277 5453 ιειιι).
3314 5401 3690 5468 t.x,quodha-

2095 5496 2204 5559 bet,
2224 5493 2503 5565 quomodo
2542 5491 2808 5562 scriptum
2835 5498 2938 5545 est.
2962 5488 3198 5545 Constit.
3234 5491 3257 5544 1
3280 5492 3363 5545 tit.
3399 5493 3419 5546 1
3442 5490 3692 5547 Novella—

2095 5606 2215 5645 rum
2231 5598 2315 5644 est
2332 5604 2453 5659 cap.
2474 5586 2543 5642 12
2562 5582 3097 5641 novellazJustiniaui
3124 5582 3177 5649 6,
3195 5585 3286 5639 sed
3306 5596 3515 5640 nonest
3539 5588 3690 5657 posi-

2096 5694 2151 5739 ta
2175 5685 2229 5738 in
2252 5683 2418 5737 Basil.
2442 5680 2663 5737 Novella
2690 5679 2778 5745 17,
2798 5694 2921 5750 qua:
2952 5678 3019 5733 de
3044 5677 3316 5732 mandatis
3341 5677 3588 5744 disserit,
3610 5690 3697 5737 est

2094 5774 2635 5849 cap.21tit.5lib.rt
2674 5771 2820 5826 Basil
2853 5771 3028 5841 ,quod
3070 5770 3263 5823 haecad
3282 5770 3506 5824 verbum
3529 5772 3692 5827 dicit:

2096 5874 2368 5931 Caeterum
2400 5867 2795 5939 homicidis,_et
2814 5862 3099 5930 adulteris,
3123 5872 3177 5917 et
3193 5872 3407 5931 raptum
3430 5864 3700 5936 virginum

3253 5957 3334 6019 36
