4146 6518
596 386 729 453 1131

1670 386 1675 389 ’
1782 387 2047 449 ΡΗΟΤΙΙ
2090 387 2596 449 ΡΑΤΒΙΑΠΟΗΜ
2635 388 2742 449 CP.

3735 388 3853 454 1132

589 504 1061 558 connuittentibus
1091 503 1231 556 intra
1267 499 1501 575 [sacros]
1539 502 1801 555 terminos
1843 500 2168 556 securitaten

2300 500 2461 569 ἐτέθη
2488 500 2544 552 δὲ
2569 503 2651 563 εἰς
2672 500 2740 553 τὰ
2768 498 3053 553 Βασιλικά.
3103 496 3167 552 Ἥ
3214 498 3345 570 περὶ
3398 498 3682 569 μανδὰτων
3703 503 3854 556 διαλε-

603 612 711 649 non
730 596 975 651 servabis
1010 614 1022 650 :
1051 595 1144 649 sed
1170 595 1296 649 inde
1321 611 1416 649 eos
1448 594 1757 658 abstrahes,
1783 602 1838 648 et
1863 592 2168 662 suppliciun

2298 592 2505 663 γομένη
2546 590 2611 656 ιζ’
2642 591 2834 663 νεαρὰ,
2888 591 3005 645 ἔστι
3045 608 3171 661 κεφ.
3208 599 3294 644 κα¹
3348 592 3441 645 τοῦ
3466 598 3513 661 γ’
3545 593 3649 647 τίτ.
3689 595 3774 649 τοῦ
3809 598 3852 662 ς⁴

604 688 722 743 illis
745 688 1031 757 irregabis.
1052 686 1237 757 Neque
1250 687 1391 741 enim
1408 687 1494 741 his
1514 686 1607 756 qui
1622 685 1688 739 ad
1708 687 1852 740 hunc
1868 686 2167 756 delinquun

2299 683 2441 754 βιόλ.
2478 682 2586 738 τῶν
2609 682 2918 739 Βασιλικῶν
2949 682 3106 752 λέγον
3145 681 3319 737 ταῦτα
3360 684 3560 755 ῥητῶς·
3625 685 3755 739 Οὔτε
3806 688 3855 742 δὲ

600 780 853 835 modum:
875 780 968 835 sed
988 780 1222 843 caeteris,
1239 793 1305 833 ne
1317 779 1386 833 ab
1403 776 1827 848 improbioribus
1842 777 1967 831 talia
1987 778 2193 847 patian-

590 882 699 936 tur,
720 873 974 927 convenit
989 884 1229 941 parcere.
1244 868 1551 925 Praesertim
1571 867 1724 941 [vero
1738 866 1887 939 cum]
1904 882 2186 923 sacrorum

601 961 897 1035 [locorum]
932 962 1253 1017 immunitas
1283 976 1314 1015 a
1342 961 1459 1031 lege
1490 976 1596 1015 non
1643 958 2055 1029 injuriantibus,
2085 959 2183 1015 sed

590 1056 800 1112 allectis
836 1057 1035 1125 injuria
1059 1068 1321 1109 concessa
1360 1054 1452 1107 sit.
1482 1054 1661 1123 Atque
1684 1050 1868 1124 [adeo]
1898 1068 1967 1106 ne
2007 1051 2187 1122 possi-

588 1148 694 1202 bile
749 1146 1016 1219 [quidem]
1048 1147 1141 1211 sit,
1179 1155 1238 1201 ut
1269 1155 1521 1217 uterque,
1551 1156 1659 1200 tam
1688 1147 1783 1216 qui
1816 1145 2074 1216 injuriam
2103 1144 2185 1200 fa-

583 1238 680 1301 cit,
718 1252 883 1306 quam
934 1237 1030 1305 qui
1079 1238 1305 1306 patitur,
1336 1236 1420 1308 [ex
1470 1235 1653 1309 aequo]
1695 1238 1749 1291 in
1798 1246 2184 1293 sacrosancto—

580 1347 704 1387 rum
755 1332 999 1385 locorum
1069 1331 1413 1385 immunitate
1457 1340 1794 1401 protegatur.
1846 1330 2081 1386 Constit.
2146 1329 2183 1383 2

579 1423 826 1493 ejusdem
857 1422 941 1476 tit.
976 1419 1349 1487 Novellarum,
1380 1431 1464 1477 est
1488 1422 1701 1476 novella
1723 1420 2019 1478 Justiniani
2052 1421 2176 1488 ιεδ,

2294 776 2667 847 ἀνδροφόνοις,
2728 776 2852 830 οὗτε
2909 778 3142 847 μοιχοῖς,
3174 775 3297 831 οὕτε
3319 776 3605 849 παρθένων
3645 777 3857 850 ἅρπαξιν

2294 869 2678 941 ἁμαρτάνουσι
2718 868 2817 940 τὴν
2868 869 2935 923 ἐκ
2976 869 3085 923 τῶν
3114 869 3256 940 ὅρων
3286 869 3542 939 φυλάξεις
3563 871 3855 941 ἀσφάλειαν,

2292 963 2429 1017 ἀλλὰ
2452 963 2712 1019 κάκεῖθεν
2744 961 3079 1029 ἐξελκύσεις,
3119 963 3216 1018 καὶ
3238 964 3511 1035 τιμωρίαν
3526 964 3707 1028 αὐτοῖς
3743 966 3861 1020 ἐπάι

2291 1055 2467 1123 άξεις.
2494 1057 2569 1110 Οὐ
2604 1057 2713 1127 γὰρ
2742 1055 2850 1109 τῶν
2880 1056 2951 1109 τὰ
2976 1054 3203 1109 τοιαῦτα
3230 1057 3654 1127 ἁμαρτανόντων
3708 1058 3863 1127 φείδε-

2290 1149 2417 1203 σθαι
2449 1149 2740 1220 προσήκει,
2772 1146 2909 1202 ἀλλὰ
2937 1146 3046 1201 τῶν
3075 1148 3375 1219 περιόντων
3415 1148 3504 1204 ἵνα
3551 1149 3628 1222 μὴ
3656 1149 3863 1205 τοιαῦτα

2289 1239 2396 1292 ὑπὸ
2422 1239 2534 1292 τῶν
2584 1240 3015 1313 τολμηροτέρων
3062 1240 3349 1309 πάσχοιεν.
3398 1238 3611 1304 ’Ἄλλως
3649 1258 3708 1293 τε
3756 1242 3863 1312 ήέκ

2286 1330 2394 1386 τῶν
2437 1331 2599 1403 ἱερῶν
2646 1333 2923 1402 ἀσφάλεια
2981 1330 3044 1383 οὐ
3093 1332 3207 1393 τοῖς
3250 1329 3551 1397 ἀδικοῦσιν,
3589 1329 3721 1385 ἁλλὰ
3760 1333 3854 1395 τοῖς

2285 1423 2666 1494 ἀδικουμένοις
2696 1424 2909 1479 δέδοται
2971 1424 3125 1493 παρὰ
3153 1421 3247 1477 τοῦ
3300 1422 3629 1493 νόμου,’καὶ
3675 1423 3770 1476 οὐκ
3805 1424 3861 1478 ἂν

577 1514 786 1589 [atque]
822 1516 1000 1586 posita
1036 1517 1091 1570 in
1121 1516 1216 1570 lib.
1257 1531 1311 1570 tv
1358 1514 1551 1581 Basil.,
1584 1516 1666 1570 tit.
1700 1531 1740 1581 ι,
1782 1530 1903 1586 cap.
1942 1515 2029 1579 12,
2064 1516 2168 1571 haec

2283 1516 2368 1587 εῐη
2400 1516 2627 1570 δυνατὸν
2669 1518 2931 1589 ἑκάτερον
2984 1514 3386 1585 ἀσφαλίζεσθαι
3440 1518 3507 1587 τῇ
3568 1516 3718 1587 παρὰ
3764 1516 3860 1569 τῶν

575 1612 710 1665 dicit
743 1627 757 1664 :
787 1607 842 1663 Si
868 1609 992 1679 quis
1022 1607 1362 1680 [ascetriatn]
1407 1609 1671 1678 rapuerit,
1713 1616 1847 1673 etc.,
1875 1617 1932 1662 ut
1968 1609 2168 1678 scripta

2280 1606 2498 1662 ἀσύλων
2520 1607 2702 1662 τόπων
2728 1605 3026 1679 ἀσφαλείᾳ,
3058 1605 3154 1659 καὶ
3179 1604 3272 1657 τὸν
3299 1603 3616 1670 ἀδικοῦντα,
3648 1604 3741 1657 καὶ
3780 1605 3859 1657 τὸν

572 1710 703 1759 sunt
734 1701 788 1757 in
819 1712 989 1756 textu.
1022 1699 1247 1756 Novella
1281 1700 1404 1764 H5,
1434 1700 1609 1770 posita
1635 1710 1718 1755 est
1748 1700 1801 1753 in
1836 1713 1957 1769 cap.
1990 1700 2025 1753 2
2082 1700 2162 1755 tit.

2283 1700 2664 1772 ἀδικούμενον.
2705 1701 2769 1754 Ἡ
2791 1699 2835 1769 β’
2858 1699 3005 1754 διάτ.
3037 1696 3329 1753 τοῦ-αὑτοῦ
3355 1697 3465 1751 τίτ.
3492 1696 3601 1751 τῶν
3623 1695 3854 1768 Νεαρῶν,

572 1796 641 1850 58
674 1794 769 1849 lib.
804 1810 896 1857 Lx,
933 1795 1079 1864 quod
1115 1793 1281 1848 tradit
1335 1795 1799 1863 quemadmodum
1842 1792 2168 1848 manifesta-

2278 1798 2394 1850 ἐστι
2424 1796 2594 1867 νεαρὰ
2640 1793 3075 1857 Ἰουστινιάνειος
3127 1797 3249 1864 ρκγ’
3282 1791 3510 1862 κειμένη
3562 1791 3622 1845 ἐν
3666 1789 3860 1861 βιόλ.δ’

570 1899 688 1942 ιυιιι
720 1896 824 1942 est.
855 1885 1030 1955 Legas
1052 1901 1182 1941 vero
1207 1885 1461 1941 eumdem
1488 1886 1556 1940 58
1585 1887 1668 1940 tit.
1698 1886 1862 1941 etiam
1889 1896 2086 1951 totum,
2114 1893 2168 1940 ut

2276 1889 2385 1942 τῶν
2415 1886 2723 1942 Βασιλικῶν
2752 1888 2857 1941 τίτ.
2889 1884 2938 1941 α’
2960 1879 3022 1941 οὗ
3051 1903 3178 1955 κεφ.
3214 1884 3281 1937 ιϐ’
3304 1883 3479 1939 ταῦτὰ
3502 1899 3689 1955 φησιν,
3710 1880 3772 1935 El
3788 1898 3861 1945 τις

577 1980 673 2051 qui
726 1979 976 2049 speciosa
1011 1981 1264 2050 quaedam
1310 1993 1376 2033 ac
1411 1978 1580 2034 multa
1608 1979 1676 2035 de
1711 1993 2168 2050 quarumcunque

2284 1982 2549 2052 ἁρπάσει,
2574 1980 2670 2034 καὶ
2693 1981 2763 2034 τὰ
2785 1980 2915 2051 ἑξῆς
2943 1978 3265 2050 ἐγράφησαν
3296 1979 3377 2042 είς
3398 1976 3459 2031 τὸ
3494 1977 3764 2047 κείμενον.
3802 1975 3859 2029 Ἦ

568 2072 863 2128 mulierum
898 2072 1213 2142 raptoribus
1254 2069 1470 2126 doceat.

567 2164 717 2218 οὕτω
753 2165 912 2221 διαλα
926 2164 1130 2236 μϐάνον
1161 2164 1236 2228 ὡς
1302 2163 1571 2237 ἐδηλώθη.

563 2380 612 2421 at,
635 2354 792 2411 CAP.
826 2353 1018 2408 XXXI.
1045 2385 1116 2396 —
1145 2354 1223 2410 De
1262 2356 1404 2408 sacri
1454 2356 1658 2409 ordinis
1703 2355 2027 2422 hominibus,
2075 2356 2167 2426 qui

563 2465 619 2504 se
638 2464 757 2502 cum
786 2446 1093 2501 mulieribus
1114 2446 1315 2502 lavant.

637 2559 877 2617 Concilii
940 2558 1235 2617 Laodiceni
1281 2574 1458 2616 canon
1492 2559 1599 2629 50;
1642 2560 1860 2617 concilii
1907 2561 2046 2618 sexti
2078 2576 2169 2617 ca-

562 2670 673 2709 non
696 2655 764 2707 77
798 2671 812 2721 ;

633 2767 853 2825 Textus.
890 2767 1114 2825 Novella
1151 2769 1275 2837 117,
1310 2785 1432 2840 qua:
1454 2770 1522 2825 de
1560 2770 1971 2841 repudiis,etc.,
2007 2786 2169 2842 usque

561 2863 630 2916 ad
664 2864 909 2918 lucretur
934 2862 1140 2931 dotem,
1168 2876 1223 2917 ut
1252 2880 1378 2936 pag.
1411 2864 1537 2919 791.

630 2974 927 3033 Scltotium.
974 2974 1195 3032 Novella
1240 2975 1538 3033 Justiniani
1592 2979 1693 3033 117
1738 2978 1918 3049 posita
1962 2986 2047 3033 est
2104 2978 2158 3033 in

560 3068 656 3122 lib.
688 3085 885 3136 xxvnt,
923 3070 1006 3124 tit.
1046 3069 1101 3137 7,
1152 3079 1316 3140 atque
1348 3070 1381 3124 4
1418 3071 1598 3126 thema
1628 3086 1748 3142 cap.
1798 3086 1839 3137 ι,
1873 3072 1989 3127 haec
2022 3071 2159 3125 dicit

561 3166 616 3218 in
647 3163 766 3219 haec
794 3163 960 3218 verba
994 3182 1006 3217 :
1044 3163 1100 3218 Si
1145 3180 1249 3219 una
1279 3180 1401 3220 cum
1448 3169 1728 3222 extraneis
1755 3167 1889 3222 viris
1938 3166 2158 3221 nolente
2188 3192 2234 3254 ο

561 3254 765 3308 marito
795 3254 961 3325 agitet
987 3256 1262 3324 convivia,
1303 3268 1395 3312 aut
1424 3273 1547 3312 cum
1582 3258 1646 3312 iis
1680 3273 1739 3313 se
1767 3257 1930 3313 lavet.
1981 3255 2162 3327 Atque

570 3356 656 3402 est
691 3348 807 3401 haec
853 3348 1018 3401 etiam
1070 3362 1176 3402 una
1224 3363 1542 3415 causarum,
1577 3364 1701 3420 quae
1744 3347 2159 3404 matrimonium

563 3440 804 3496 solvunt.

635 3557 793 3614 CAP.
831 3556 1050 3613 XXXII.
1075 3588 1143 3599 —
1172 3557 1248 3615 De
1281 3557 1539 3628 episcopis
1570 3568 1618 3613 et
1654 3558 1885 3624 clericis,
1914 3561 2005 3629 qui
2032 3559 2160 3615 laici

565 3649 707 3718 facti
743 3650 964 3720 fuerim,
998 3663 1089 3705 ant
1127 3653 1194 3705 ad
1230 3650 1579 3724 [mundanas]
1606 3652 1887 3722 dignitates
1914 3669 2157 3723 pervene-

560 3742 688 3807 rint,
718 3752 810 3795 aut
847 3742 1213 3797 militaverint.

630 3854 1017 3924 Apostolorum
1044 3872 1221 3912 canon
1241 3858 1340 3925 8'5;
1370 3859 1588 3914 concilii
1606 3856 1813 3914 Nicaeni
1845 3874 2022 3915 canon
2049 3860 2116 3915 12
2141 3877 2157 3927 ;

557 3948 778 4004 Concilii
809 3950 1275 4006 Chalcedonensis
1307 3966 1484 4006 canon
1522 3952 1572 4005 7.

632 4039 850 4095 Toxlus.
887 4040 1004 4095 Lib.
1048 4057 1065 4095 ι
1106 4043 1266 4109 Cod.,
1299 4044 1384 4098 tit.
1419 4045 1475 4109 5,
1514 4053 1699 4100 const.
1725 4045 1791 4099 '57
1820 4044 2011 4101 :Servi
2040 4047 2155 4118 qui,

560 4142 693 4200 ete.,
729 4147 895 4203 usque
924 4132 993 4186 ad
1020 4135 1183 4187 vitant
1212 4142 1454 4190 sectatur
1482 4133 1762 4208 [obtinet],
1793 4145 1850 4190 ut
1878 4153 2001 4208 pag.
2035 4137 2157 4193 791.

572 4388 575 4391 _
632 4305 929 4364 Scliolium.
971 4308 1163 4367 Const.
1227 4310 1298 4366 57
1332 4312 1416 4368 tit.
1463 4312 1497 4368 3
1557 4313 1653 4370 lib.
1685 4331 1701 4370 ι
1734 4314 1869 4371 Cod.
1919 4331 2030 4373 non
2074 4324 2161 4374 est

556 4401 732 4469 posita
782 4403 838 4456 in
873 4403 1039 4459 Basil.
1094 4420 1273 4475 neque
1298 4405 1547 4476 ejusdem
1603 4407 1687 4463 tit.
1721 4409 1810 4473 52,
1850 4425 2027 4479 neque
2064 4410 2154 4467 53.

555 4493 782 4560 Quaeras
815 4508 998 4553 autem
1028 4498 1122 4554 lib.
1155 4498 1321 4555 Basil.
1380 4517 1455 4569 tv,
1502 4501 1586 4557 tit.
1623 4519 1661 4568 ι,
1694 4516 1813 4573 cap.
1854 4504 1941 4571 11,
1975 4505 2156 4560 thema

2284 2071 2413 2145 ρμγ⁹
2446 2074 2614 2147 νεαρὰ
2643 2077 2823 2131 κεῖται
2850 2077 2930 2139 είς
2961 2092 3089 2145 κεφ.
3131 2073 3179 2145 β’
3200 2072 3296 2129 τοῦ
3323 2070 3522 2145 νη¹τίτ.
3543 2072 3638 2128 τοῦ
3664 2072 3705 2138 ξ’
3733 2071 3858 2144 pisi.

1656 2164 1955 2235 Ἀνάγνωθι
2006 2166 2103 2220 καὶ
2151 2166 2244 2221 τὸν
2284 2170 2449 2227 αὑτὸν
2495 2170 2581 2243 νη¹
2634 2169 2745 2227 τίτ.
2804 2169 2927 2226 ὅλον
2984 2168 3177 2242 ὡραῖά
3225 2186 3350 2225 τινα
3403 2164 3743 2234 διδάσκοντα,
3777 2167 3859 2222 καὶ

564 2260 802 2329 διάφορα
825 2260 956 2330 περὶ
979 2257 1091 2312 τῶν
1123 2257 1487 2329 ἁρπαζόντων
1522 2258 1868 2329 οἱασδήτινας
1891 2260 2178 2327 γυναῖκας.

2338 2360 2594 2416 ΚΕΦΑΛ.
2623 2361 2752 2417 AA'.
2784 2359 3019 2431 -Περὶ
3068 2359 3378 2430 [sputator
3405 2360 3858 2431 συλλουομένων

2282 2453 2545 2522 γυναιξί.

2339 2565 2567 2620 Συνόδου
2594 2566 2917 2631 Λαοδικείας
2966 2565 3147 2622 κανὼν
3205 2565 3269 2620 λ⁸’
3320 2566 3545 2621 συνόδου
3612 2572 3665 2630 ς’
3692 2565 3854 2621 κανὼν

2270 2658 2369 2723 oi’.

2347 2778 2660 2847 Κείμενον.
2709 2778 2774 2831 Ἦ
2804 2778 2930 2849 περὶ
2949 2778 3246 2847 ρεπουδίων
3273 2777 3445 2850 νεαρὰ
3500 2776 3605 2851 ριξ¹
3636 2777 3849 2842 δίδωσιν,

2274 2888 2327 2928 κ.
2357 2888 2407 2925 τ.
2467 2871 2520 2937 λ,
2554 2887 2728 2942 usque
2780 2872 2850 2926 ad
2902 2871 3001 2941 τὴν
3055 2873 3227 2944 αὐτῆς
3258 2874 3479 2945 προῖκα.

2343 2981 2630 3051 Σχόλιον.
2674 2980 2736 3034 Ἠ
2786 2979 2890 3052 ριζν
2934 2980 3106 3049 νεαρὰ
3134 2981 3230 3035 τοῦ
3273 2982 3656 3038 ’1ουστινιανοῢ
3696 2984 3850 3036 κεῖται

2267 3075 2347 3139 είς
2371 3075 2512 3146 βιϐλ.
2548 3081 2638 3146 κη’
2666 3075 2774 3129 τίτ.
2805 3074 2852 3141 ζ’
2872 3075 2965 3128 καὶ
2996 3074 3146 3144 λέγει
3197 3076 3259 3129 τὸ
3294 3075 3334 3129 δ’
3371 3077 3519 3147 θέμα
3539 3075 3635 3131 τοῦ
3661 3074 3707 3130 α’
3734 3093 3846 3145 κεφ.

2265 3168 2439 3220 ταῦτα
2479 3167 2662 3238 ῥητῶς
2686 3183 2700 3197 ⁸
2738 3166 2867 3221 Ἐἀν
2899 3166 3158 3237 ἀνδράσιν
3206 3167 3485 3233 ἐξωτικοῖς
3529 3167 3667 3239 γυνὴ
3692 3167 3853 3238 βουλο·

2270 3259 2433 3331 μένου
2464 3258 2557 3312 τοῦ
2598 3258 2793 3331 ἀνδρὸς
2836 3259 3209 3331 ωμποσιάζῃ,
3256 3259 3290 3330 ἢ
3352 3260 3716 3331 συλλούηται,
3769 3257 3850 3312 καὶ

2268 3351 2385 3404 ἔστι
2456 3351 2556 3421 μία
2617 3352 2730 3405 τῶν
2796 3350 3040 3406 λυουσῶν
3107 3353 3200 3406 τὸν
3250 3354 3431 3424 γάμον
3475 3351 3728 3407 αίτιοῦσα
3771 3350 3850 3405 καὶ

2272 3444 2434 3517 αὕτη.

2338 3556 2593 3611 ΚΕΦΑΛ.
2646 3554 2771 3610 ΛΒ’.
2833 3584 2901 3596 --
2950 3554 3093 3624 Περὶ
3140 3554 3519 3620 ἐπισκόπων,
3566 3554 3662 3610 καί
3713 3556 3840 3619 κλη-

2259 3645 2449 3717 ρικῶν
2473 3647 2804 3717 γινομένων
2827 3644 3077 3711 λατκῶν,
3109 3646 3149 3716 ἢ
3182 3644 3602 3716 ἀξιωματικῶν
3624 3646 3660 3715 ἢ
3682 3659 3841 3714 στρα-

2265 3741 2630 3810 τευομένων.

2352 3853 2697 3907 Ἀποστόλων
2756 3854 2935 3909 κανῶν
2996 3852 3109 3924 ny"
3183 3853 3408 3907 συνόδου
3478 3852 3710 3917 Νικαίας
3759 3868 3844 3905 κα-

2267 3946 2373 4000 νών
2414 3942 2500 4015 ιβ’·
2536 3944 2760 3998 συνόδου
2792 3945 3143 4017 Χαλκηδόνος
3174 3944 3356 4000 κανὼν
3390 3944 3458 4009 ζ’.

2341 4039 2651 4108 Κείμενυν.
2713 4038 2865 4093 Βιὸλ.
2894 4045 2941 4092 α’
2966 4037 3061 4092 τοῦ
3094 4038 3325 4102 κώδικος
3350 4040 3458 4094 τίτ.
3499 4038 3570 4109 γ’,
3599 4037 3732 4092 διάτ.
3756 4034 3841 4099 λζ’,

2268 4133 2316 4186 οἱ
2338 4131 2515 4187 δοῦλοι
2540 4131 2759 4205 γνώμῃ,
2790 4149 2845 4188 κ.
2882 4149 2932 4187 τ.
2958 4132 3034 4201 λ.,
3066 4147 3240 4203 usque
3266 4132 3333 4187 ad
3366 4131 3483 4203 βίον
3511 4129 3842 4206 μεταδιώκον-

2265 4240 2380 4289 τος.

2338 4314 2622 4383 Σχόλιον.
2664 4312 2729 4366 Ἠ
2761 4312 2838 4378 λζ’
2877 4311 3021 4366 διάτ.
3052 4311 3146 4366 τοῦ
3168 4309 3218 4382 γ’
3248 4311 3354 4368 τίτ.
3389 4312 3484 4367 τοῦ
3519 4319 3565 4366 α’
3599 4310 3732 4383 βισλ.
3758 4304 3838 4361 τοῦ

2267 4405 2401 4460 κώδ.
2430 4407 2530 4460 οὐκ
2554 4406 2712 4477 ἐτέθη
2738 4408 2817 4467 εἰς
2846 4407 2916 4459 τὰ
2947 4405 3243 4472 Βασιλικὰ,
3271 4406 3393 4461 οὐδὲ
3424 4408 3459 4479 ἡ
3494 4407 3573 4478 νβ’
3601 4406 3731 4460 διάτ.
3756 4396 3837 4456 τοῦ

2265 4498 2435 4553 αὐτοῦ
2465 4498 2573 4553 τίτ.
2608 4498 2726 4552 οὐδὲ
2751 4500 2785 4570 ἡ
2822 4506 2922 4568 νγ’.
2957 4500 3120 4571 Ζήτει
3164 4499 3220 4552 δὲ
3252 4499 3394 4570 βισλ.
3422 4501 3534 4554 τῶν
3565 4492 3839 4551 Βασιλικῶν

557 4590 613 4655 5,
647 4590 795 4659 quod
850 4592 932 4648 sic
971 4593 1049 4647 ait
1080 4610 1094 4647 ε
1124 4591 1283 4658 Quod
1319 4593 1366 4648 si
1407 4594 1715 4650 monachus
1745 4597 2144 4652 monasterium

2274 4589 2315 4658 3',
2348 4591 2455 4648 τίτ.
2481 4598 2552 4656 α’,
2578 4608 2703 4660 κεφ.
2741 4598 2829 4659 ια’,
2871 4591 3014 4663 Θέμα
3044 4598 3118 4662 γ’,
3150 4591 3294 4645 οὓτω
3319 4592 3502 4661 λέγον,
3530 4592 3659 4646 Ἐὰν
3691 4603 3839 4659 μονα-

558 4684 868 4755 reliquerit,
911 4691 963 4740 et
998 4684 1069 4740 ad
1112 4686 1436 4743 saecularem
1484 4688 1653 4743 vitam
1698 4689 1978 4744 transierit
2026 4706 2038 4742 :
2074 4688 2163 4743 hic

559 4777 753 4831 militia
780 4776 1017 4848 primum
1057 4786 1113 4834 et
1147 4780 1379 4845 honore,
1413 4779 1457 4835 si
1481 4794 1641 4853 quem
1686 4779 1871 4847 habet,
1919 4780 2164 4835 denuda-

562 4886 649 4927 tus
678 4886 772 4942 per
804 4870 1052 4926 locorum
1085 4871 1406 4943 episcopum
1440 4880 1495 4927 et
1528 4872 1831 4943 provinciae
1872 4872 2163 4943 prazsidem

557 4965 612 5020 in
654 4961 1049 5017 monasterium
1088 4964 1422 5018 remittitor:
1457 4972 1511 5017 et
1536 4976 1624 5017 res
1651 4977 1790 5033 quas
1821 4971 2009 5032 postea
2061 4961 2163 5015 ha-

560 5055 691 5111 bere
719 5063 1061 5110 monstratus
1108 5052 1295 5121 fuerit,
1352 5053 1421 5110 ad
1471 5055 1895 5118 monasterium,
1927 5055 1980 5109 in
2012 5051 2161 5124 quod

558 5146 895 5213 immittitur,
927 5148 1265 5218 pertinente.
1302 5148 1385 5217 Si;
1406 5149 1590 5204 denuo
1623 5163 1846 5219 quoque.
1871 5157 2155 5203 monaste-

558 5242 705 5298 rium
752 5240 1032 5311 relinquat
1074 5258 1087 5296 :
1123 5250 1256 5297 tunc
1312 5255 1515 5312 praeses
1561 5256 1685 5296 eum
1739 5241 2058 5312 provinciae,
2105 5240 2160 5296 in

560 5350 668 5407 qua
715 5335 973 5391 inventus
1008 5334 1193 5403 luerit,
1226 5335 1491 5401 detineto,
1547 5343 1604 5389 et
1633 5335 1895 5405 subjectae
1924 5335 2026 5389 sibi
2064 5349 2162 5391 co-

560 5428 705 5483 horti
763 5436 1076 5481 accenseto.
1125 5425 1193 5479 Et
1241 5438 1364 5496 cap.
1417 5423 1451 5479 '5
1500 5424 1748 5496 ejusdem
1818 5425 1914 5479 lib.
1977 5433 2033 5480 et
2074 5425 2155 5481 tit.

559 5519 707 5591 quod
758 5519 841 5574 sic
892 5518 1052 5573 habet
1082 5535 1093 5571 :
1127 5516 1401 5573 Caeterum
1453 5516 1499 5574 si
1535 5520 1659 5589 quis
1690 5520 1757 5572 ad
1795 5519 2159 5572 monasticam

558 5613 749 5669 venire
772 5612 939 5667 vitam
977 5610 1231 5677 voluerit,
1262 5611 1547 5682 jubetnus,
1575 5621 1635 5665 ut
1658 5611 1705 5665 si
1732 5612 1953 5681 quidem
2002 5612 2069 5665 de
2096 5628 2161 5666 eo

560 5714 795 5775 constet,
846 5706 993 5776 quod
1046 5705 1183 5760 nulli
1236 5703 1474 5777 [servili]
1519 5705 1822 5760 conditioni
1887 5706 2160 5759 obnoxius

561 5806 655 5867 sit,
743 5801 943 5871 praesul
1005 5800 1326 5855 monasterii
1382 5800 1625 5855 habitum
1670 5800 1771 5864 illi,
1800 5802 2020 5869 quando
2051 5793 2158 5854 sibi

562 5900 740 5953 visutn
799 5892 985 5961 fuerit,
1036 5894 1312 5949 adhibeat.
1354 5893 1411 5947 Si
1438 5893 1505 5949 de
1549 5909 1615 5949 eo
1646 5909 1754 5948 non
1792 5904 2007 5949 constet
2040 5895 2159 5948 cui-

2268 4685 2363 4754 χὺς
2416 4683 2720 4755 καταλείψῃ
2769 4683 2830 4737 τὸ
2879 4686 3265 4756 μοναστήριον,
3328 4684 3426 4739 καὶ⁵
3474 4685 3555 4747 είς
3603 4677 3837 4752 κοσμικδν

2270 4778 2383 4848 βίον
2418 4776 2622 4847 ἐπέλθῃ
2644 4815 2661 4843 ,
2691 4776 2883 4831 τοῦτον
2916 4778 3017 4849 τῆς
3056 4776 3349 4848 στρατείας
3378 4777 3472 4830 καὶ
3494 4777 3592 4847 τῆς
3616 4773 3768 4843 τιμῆς
3794 4767 3839 4821 εἷ

2266 4888 2389 4925 τινα
2431 4870 2533 4944 ἔχῃ
2564 4871 2783 4941 πρῶτον
2812 4869 3176 4942 γυμνωθέντα
3212 4870 3278 4923 ἐκ
3304 4870 3398 4922 τοῦ
3426 4870 3719 4923 ἐπισκόπου
3741 4860 3835 4914 τῶν

2265 4965 2476 5033 τόπων,
2524 4964 2622 5017 καὶ
2669 4962 2765 5016 τοῦ
2798 4963 2898 5033 τῆς
2937 4961 3213 5034 ἐπαρχίας
3259 4962 3545 5034 ἄρχοντος,
3581 4961 3656 5023 είς
3688 4969 3833 5029 μονα-

2270 5058 2494 5128 στήριον
2518 5055 2834 5127 βάλλεσθαι,
2862 5055 3048 5110 καὶτὰ
3076 5055 3381 5126 πράγματα
3400 5056 3500 5108 ὅσα
3522 5051 3658 5125 μετὰ
3683 5046 3831 5103 ταῦτα

2266 5150 2414 5221 ἔχειν
2447 5149 2688 5223 δειχθείη
2719 5149 2800 5220 τῷ
2834 5148 3185 5221 μοναστηρίῳ
3231 5150 3291 5202 ἐν
3318 5141 3361 5216 ᾧ
3392 5146 3714 5219 ἐμϐάλλεται
3740 5140 3831 5192 δια·

2266 5245 2446 5316 φέρει.
2476 5242 2542 5297 Et
2584 5243 2644 5297 δὲ
2689 5245 2784 5297 καὶ
2815 5243 2983 5297 πάλιν
3014 5241 3338 5313 καταλείψει
3379 5241 3443 5295 τὸ
3476 5236 3825 5313 μοναστήριονν

2265 5337 2389 5391 τότε
2420 5336 2584 5392 αὑτὸν
2633 5336 2662 5389 ὁ
2703 5337 2891 5408 ἁρχων
2919 5335 3022 5407 τῆς
3055 5335 3331 5407 ἐπαρχίας
3357 5335 3417 5389 ἐν
3445 5329 3479 5409 ᾖ
3510 5333 3577 5389 ἂν
3604 5325 3822 5401 εὑρεθείη

2265 5430 2562 5501 κρατείτω,
2621 5430 2717 5484 καὶ
2767 5432 2833 5501 τῇ
2885 5428 3230 5502 ὑποκειμένῃ
3272 5426 3424 5498 αὐτῷ
3453 5426 3603 5493 τάξει
3631 5433 3825 5486 συναρι·

2267 5520 2496 5591 θμείτω.
2523 5521 2634 5575 Καὶ
2668 5539 2797 5592 κεφ.
2823 5518 2872 5590 γ’
2905 5520 2999 5573 τοῦ
3030 5521 3198 5574 αὐτοῦ
3239 5520 3381 5591 βι6λ.
3425 5522 3518 5574 καὶ
3549 5517 3649 5572 τίτ.
3676 5510 3823 5570 οὕτως

2265 5610 2409 5682 ἔχοψ
2432 5613 2599 5679 Effci;
2614 5613 2674 5666 δὲ
2690 5613 2787 5667 καὶ
2808 5615 2887 5676 είς
2902 5612 3199 5684 μοναχικὸν
3220 5612 3334 5683 βίον
3364 5611 3535 5666 ἐλθεῖν
3552 5601 3817 5681 βουληθεὶς,

2266 5705 2567 5778 κελεύομεν
2619 5707 2708 5761 ἵνα
2756 5709 2804 5761 εί
2851 5706 2953 5777 μὲν
2988 5705 3269 5778 γνώριμός
3320 5707 3471 5760 ἐστιν
3499 5705 3577 5758 ὅτι
3622 5690 3816 5764 οὐδεμιᾷ

2264 5802 2404 5874 τύχῃ
2434 5803 2745 5865 ὑπόκειται,
2786 5805 2814 5855 ὁ
2853 5802 3160 5875 ἡγούμενος
3205 5801 3300 5855 τοῦ
3354 5793 3701 5871 μοναστηρίου
3740 5788 3814 5875 ὅτε

2268 5894 2455 5966 συνίδῃ
2483 5934 2497 5960 ,
2530 5894 2591 5948 τὺ
2623 5895 2811 5966 σχῆμα
2852 5895 3004 5965 αὐτῷ
3050 5896 3330 5965 παρασχῇ.
3368 5892 3430 5948 Εἰ
3458 5891 3511 5946 δὲ
3542 5888 3613 5961 μὴ
3641 5874 3807 5954 γνωρί-
