4146 6458
338 393 477 461 1133

1155 331 1643 453 NOMOCANON.
1680 414 1749 425 --
1785 386 1935 451 TIT.
1974 387 2081 462 IX,
2118 387 2277 450 CAP.
2306 389 2817 453 XXXI-XXXIII.

3505 387 3641 453 H34

336 509 490 576 ζεται
524 511 573 566 εἰ
596 511 890 584 οἱᾳδὴποτε
922 511 1213 569 ὑπόκειται
1246 516 1410 589 τύχῃ,
1436 513 1589 578 ὲντδς
1618 511 1787 584 τριῶν
1827 512 1936 564 ὲνι-

2052 522 2171 562 nam
2201 505 2505 562 conditioni
2536 506 2814 563 obnoxius
2839 506 2931 575 sit,
2960 507 3104 563 intra
3137 516 3248 566 tres
3272 524 3447 566 annos
3481 512 3637 567 habi-

337 606 523 661 αυτῶν
552 607 633 678 μὴ
654 606 957 673 λαμϐάνειν
981 606 1148 661 αὑτὸν
1170 609 1239 663 τὸ
1266 607 1563 680 μοναχικδν
1590 607 1800 677 σχῆμα,
1820 603 1936 657 ἀλλ’

338 701 494 763 ὲντδς
515 697 613 752 τοῦ
643 698 944 770 εἰρημένου
972 699 1167 771 χρόνου
1190 700 1589 774 ἀποπειρὰσθω
1618 699 1724 767 τῆς
1743 696 1938 751 τούτου

340 792 697 864 ἀναστροφῆς
738 794 768 845 ὁ
817 792 912 845 τοῦ
952 793 1319 864 μοναστηρίου
1368 793 1693 865 ἡγούμενος.
1728 789 1841 843 Καὶ
1890 789 1939 842 εἰ

340 887 495 949 ἐντὸς
522 885 770 956 τριετίας
804 883 1031 957 ἀναφύῃ
1078 903 1163 949 τις
1195 886 1370 955 λέγων
1400 886 1434 957 ἢ
1469 884 1675 947 δοῦλον,
1705 880 1739 951 ἦ
1766 882 1941 935 κολωο

339 980 516 1051 νὸν,ἢ
568 979 956 1049 ὲναπόγραφον
1003 979 1213 1032 τούτων
1256 979 1388 1033 ἴδιον
1418 974 1584 1043 εἶναι,
1628 978 1661 1050 ἢ
1710 978 1807 1031 καὶ
1859 976 1937 1040 ὡς

342 1074 617 1143 φεύγοντα
636 1073 735 1142 τὴν
758 1072 1061 1143 γεωργίαν,
1093 1072 1129 1143 ἢ
1166 1071 1241 1135 ὣς
1268 1090 1320 1125 τι
1355 1072 1633 1142 κλέψαντα
1651 1114 1667 1136 ,
1711 1071 1744 1141 ἢ
1772 1069 1861 1124 διά
1886 1086 1941 1121 τι

342 1166 597 1235 πταῖσμα
642 1165 722 1225 εἰς
772 1163 835 1215 τὸ
884 1166 1252 1234 μοναστήριον
1294 1163 1460 1219 αὑτὸν
1509 1162 1936 1231 εῐσεληλυθέναι.

343 1255 455 1308 Καὶ
482 1253 657 1306 ταῦτα
688 1250 1044 1322 ἀποδειχθείη
1072 1252 1150 1322 τῷ
1176 1252 1289 1324 ἰδίῳ
1321 1252 1563 1325 δεσπότῃ
1590 1250 1781 1305 τοῦτον
1804 1251 1941 1303 ἀπο-

340 1344 706 1400 καθίστασθαι
723 1345 860 1416 μετὰ
879 1344 1222 1415 πραγμάτων
1241 1346 1270 1398 ὑ
1284 1346 1381 1417 πὲρ
1398 1338 1474 1398 ὧν
1495 1343 1839 1414 ἀποδειχθείη
1861 1344 1942 1408 εἰς

341 1435 403 1489 τὸ
432 1438 798 1507 μοναστήριον
828 1436 1143 1505 εἰσαγαγὼν
1192 1436 1353 1505 λόγον
1386 1437 1653 1509 πρότερον
1682 1436 1759 1498 ὡς
1786 1436 1940 1489 οὐδὲν

342 1530 609 1600 ὑπομενεῖ
632 1529 783 1600 παρὰ
807 1528 901 1582 τοῦ
935 1530 1070 1582 ἰδίου
1104 1528 1369 1583 δεσπότου
1391 1529 1764 1599 λαμϐάνοντα.
1795 1529 1858 1581 Εἰ
1882 1527 1941 1581 δὲ

341 1622 500 1685 ἐντὸς
533 1621 783 1691 τριετίας
837 1621 1031 1691 μηδεὶς
1062 1621 1308 1692 ὲναγάγῃ
1344 1622 1453 1673 τινὶ
1483 1620 1592 1673 τῶν
1627 1619 1938 1690 εἰρημένων

343 1712 684 1785 προσώπων,
711 1716 739 1767 ὁ
786 1712 1094 1785 ἡγούμενος
1120 1714 1214 1767 τοῦ
1250 1711 1617 1785 μοναστηρίου
1667 1710 1807 1782 μετὰ
1837 1712 1937 1780 τὴν

342 1806 707 1878 παραδρομὴν
734 1804 831 1858 τοῦ
859 1806 1110 1876 τριετοῦς
1141 1806 1336 1878 χρόνου
1372 1806 1422 1858 εἰ.
1452 1806 1545 1859 τὸν
1566 1804 1807 1859 τοιοῦτον
1841 1803 1936 1858 ἄν·

341 1900 444 1973 δρα
483 1900 634 1968 ἄξιον
674 1902 875 1972 κρινεῖ,
906 1901 1028 1952 τότε
1064 1899 1254 1953 διδότω
1282 1898 1432 1970 αὐτῷ
1482 1899 1548 1951 τὸ
1592 1899 1813 1969 σχῆμα,
1842 1898 1938 1951 καὶ
1966 1878 2015 1936 Β

346 1994 541 2064 μηδεὶς
578 1991 728 2062 αὐτῷ
767 1991 991 2062 ὄχλησιν
1038 1990 1177 2061 μετὰ
1232 1989 1407 2043 ταῦτα
1453 1990 1596 2060 ὑπὲρ
1636 1991 1739 2059 τῆς
1769 1991 1941 2060 τύχης

342 2084 648 2154 εἰσφερέτω
678 2084 737 2135 ὲν
784 2084 894 2153 ὅσῳ
927 2082 1113 2153 μέντοι
1162 2097 1227 2150 γε
1272 2082 1331 2134 ὲν
1361 2078 1441 2151 τῷ
1474 2082 1821 2152 μοναστηρίῳ
1863 2080 1944 2132 δι-

343 2177 489 2245 άγει.
521 2175 603 2229 Τὰ
636 2174 695 2227 δὲ
728 2175 1032 2245 πράγματα
1059 2173 1203 2243 ἅπερ
1234 2174 1315 2236 εἰς
1338 2172 1401 2225 τὸ
1433 2172 1797 2243 μοναστήριον
1829 2172 1943 2224 εἰσ-

343 2271 572 2337 αγαγὼν
598 2266 796 2338 φανείη
827 2267 907 2338 τῷ
929 2267 1269 2338 δεικνυμένῳ
1300 2267 1537 2337 δεσπότῃ
1584 2265 1941 2319 ἀποδιδόσθω.

346 2363 410 2415 Εἰ
456 2361 515 2414 δέ
546 2378 633 2424 τις
662 2360 772 2414 τῶν
805 2360 1117 2432 εἰρημένων
1177 2358 1490 2431 προσώπων
1532 2357 1851 2425 καταλείψει
1884 2359 1945 2410 τὸ

350 2456 741 2528 μοναστήριον,
784 2456 879 2507 καὶ
906 2456 986 2517 είς
1011 2451 1279 2524 κοσμικὸν
1320 2453 1452 2525 έλθῃ
1481 2452 1615 2524 βίον,
1663 2452 1696 2523 ἢ
1737 2453 1794 2504 ἐν
1823 2451 1947 2513 ταῖς

347 2548 596 2613 πόλεσιν,
623 2547 657 2617 ἢ
688 2549 745 2600 ὲν
775 2548 889 2610 τοῖς
917 2547 1107 2617 ἀγροῖς
1140 2546 1529 2617 περιέρχηται,
1580 2547 1646 2615 τῇ
1678 2542 1783 2614 ἰδίᾳ
1805 2541 1947 2616 τύχῃ

349 2639 751 2712 παραδιδόσθω.
778 2639 887 2691 Καὶ
912 2655 1039 2706 κεφ.
1072 2636 1102 2691 ι’
1134 2638 1229 2691 τοῦ
1259 2636 1425 2691 αὐτοῦ
1461 2638 1567 2691 τίτ.
1595 2636 1776 2705 λέγονο
1811 2634 1947 2688 Ἀπ-

351 2731 695 2803 αγορεύομεν
725 2730 783 2784 δὲ
806 2732 917 2793 τοῖς
946 2728 1164 2798 γονεῦσι
1190 2732 1317 2794 τοὺς
1356 2730 1522 2793 ἰδίους
1554 2729 1751 2792 παῖδας
1780 2744 1947 2799 μονα-

350 2823 512 2895 χικὸν
560 2823 673 2894 βίον
718 2821 1144 2893 ἐπιλεγομένους
1176 2824 1241 2876 ἐκ
1286 2821 1396 2874 τῶν
1427 2820 1644 2890 εὐαγῶν
1676 2836 1951 2891 μοναστη-

353 2916 489 2987 ρίων
519 2914 798 2984 ἀφέλκειν.

423 3009 735 3078 Κείμενον.
788 3008 942 3062 Διάτ.
993 3004 1064 3061 νδ’
1098 3005 1193 3059 τοῦ
1231 3002 1397 3059 αὑτοῦ
1440 3003 1545 3058 τίτ.
1597 3004 1713 3057 Οὐκ
1773 3002 1951 3068 ἔξεστι

350 3102 465 3165 τοῖς
488 3101 709 3169 γονεῦσι
736 3098 1109 3170 βουλομένοις,
1136 3116 1191 3154 κ.
1237 3115 1287 3153 τ.
1311 3097 1387 3164 λ.,
1408 3111 1586 3167 usque
1616 3096 1682 3151 ad
1710 3097 1819 3149 ἑνοῖ
1850 3096 1949 3149 αὐ-

348 3191 443 3245 τὸν
476 3194 542 3262 τῇ
575 3192 857 3262 ἐπιχωρίῳ
888 3190 1062 3255 τάξει.

425 3288 711 3354 Σχόλιον.
756 3285 820 3337 Ἦ
849 3282 927 3354 νγ¹
958 3285 1099 3337 διάτ.
1126 3283 1222 3335 τοῦ
1248 3281 1297 3351 γ’
1330 3281 1438 3336 τίτ.
1475 3281 1569 3334 τοῦ
1602 3278 1649 3335 α’
1680 3279 1822 3350 βιϐλ.
1854 3278 1950 3332 τοῦ

353 3376 488 3430 κώδ.
537 3377 640 3429 οὐκ
693 3376 854 3446 ἐτέθη
898 3377 978 3439 εἰς
1006 3376 1076 3428 τὰ
1126 3375 1413 3441 Βασιλικὰ,
1462 3374 1538 3437 ὡς
1582 3375 1675 3427 καὶ
1727 3371 1953 3425 ὄπισθεν

352 3470 696 3540 ἐγράψαμεν.
729 3472 890 3541 Ζήτει
921 3470 976 3522 δὲ
1010 3470 1153 3541 βιϐλ.
1181 3468 1245 3532 δ’,
1276 3469 1381 3522 τίτ.
1414 3466 1484 3534 α’,
1520 3484 1645 3537 κεφ.
1681 3467 1747 3532 θ’,
1780 3466 1955 3529 οῦτως

351 3565 479 3634 ἕχον
510 3579 526 3593 ⁶
560 3563 835 3634 Οὐδεμίαν
880 3562 937 3615 δὲ
989 3562 1174 3617 ἄδειαν
1215 3562 1469 3632 διδόαμεν
1501 3561 1535 3632 ἢ
1572 3563 1686 3625 τοῖς
1735 3559 1955 3629 γονεῦσι

349 3651 483 3715 τοὺς
519 3651 739 3716 παῖδας,
772 3651 805 3722 ἢ
830 3654 944 3714 τοῖς
984 3652 1143 3705 παισὶ
1167 3651 1295 3715 τοὺς
1322 3652 1519 3720 γονέας
1549 3652 1649 3723 τὴν
1680 3649 1955 3722 κοσμικὴν

350 3743 637 3814 διαγωγὴν
711 3744 1229 3814 καταλιμπάνοντας
1289 3744 1365 3808 ὼς
1422 3743 1757 3814 ἀχαρίστους
1815 3745 1955 3796 ἁπο-

352 3836 560 3890 κλείειν
582 3836 684 3905 τῆς
716 3835 853 3899 ἰδίας
881 3835 1256 3906 κληρονομίας
1304 3836 1447 3907 ὑπὲρ
1494 3836 1677 3899 αἰτίας
1710 3835 1817 3907 πρὸ
1858 3835 1954 3888 τοῦ

355 3928 663 3999 μοναχικοῦ
697 3926 814 3997 βίου
846 3928 1413 4002 παρακολουθησάσης
1433 3944 1447 3958 ·
1478 3926 1547 3993 α’,
1578 3927 1722 3981 διάτ.
1750 3927 1846 3981 τοῦ
1882 3926 1951 3995 α’,

348 4023 461 4078 τίτ.
492 4022 600 4075 τῶν
631 4020 1014 4092 Νεαρῶν,ἑστι
1045 4026 1218 4094 νεαρὰ
1247 4022 1673 4085 Ἰουστινιάνειος
1706 4020 1957 4088 ς’,τοῦτο

351 4115 415 4168 δὲ
447 4114 507 4167 τὸ
534 4131 661 4183 κεφ.
687 4115 789 4167 οὐκ
817 4114 980 4186 ἐτέθη
1010 4117 1091 4179 εἰς
1116 4115 1185 4168 τὰ
1213 4114 1505 4169 Βασιλικὰ.
1525 4114 1590 4167 Ἠ
1622 4112 1666 4185 β’
1691 4114 1834 4170 διάτ.
1859 4115 1955 4168 τοῦ

351 4204 525 4260 αὐτοῦ
586 4204 696 4260 τίτ.
741 4204 854 4259 τῶν
912 4206 1164 4279 Νεαρῶν,
1230 4206 1347 4260 ἔστι
1400 4206 1574 4278 νεαρὰ
1644 4207 1958 4261 ἰουστινιὰ-

350 4313 500 4361 νειος
559 4294 716 4368 ρκγ¹,
770 4298 1001 4369 κειμένη
1055 4301 1113 4354 ὲν
1169 4299 1311 4370 βιόλ.
1378 4298 1427 4370 γ’
1483 4300 1590 4354 τῶν
1647 4300 1957 4355 Βασιλικῶν

348 4393 461 4448 τίτ.
494 4391 566 4460 α’,
598 4394 696 4447 καὶ
724 4393 883 4464 λέγον
903 4395 966 4449 τὸ
990 4393 1061 4449 λδ⁰
1092 4413 1218 4465 κεφ.
1253 4395 1449 4450 τούτου
1479 4397 1583 4450 ὅσα
1615 4398 1695 4459 εἰς
1724 4397 1784 4448 τὸ
1838 4395 1955 4448 κείν

353 4504 522 4560 μενον
556 4486 930 4560 περιέχονται.
972 4488 1276 4560 ’Δνάγνωθι
1320 4488 1417 4544 τοῦ
1465 4487 1632 4543 αὐτοῦ
1683 4488 1823 4559 βιὸλ.
1863 4488 1958 4541 καὶ

2045 607 2157 655 tum
2189 598 2236 654 is
2257 598 2621 653 monasticum
2656 612 2762 653 non
2804 606 3073 663 assumat,
3117 601 3211 655 sed
3264 601 3404 656 intra
3437 605 3637 672 praedi-

2044 700 2196 748 ctum
2236 699 2447 762 tempus
2479 691 2802 748 monasterii
2845 694 3044 762 praesul
3093 695 3398 765 periculum
3452 695 3635 764 facito,

2045 788 2089 843 si
2123 785 2315 856 pedem
2348 783 2556 839 referre
2587 784 2737 838 velit.
2773 783 2837 839 Et
2875 785 2919 840 si
2952 784 3092 840 intra
3125 786 3421 843 triennium
3459 804 3640 843 emer-

2047 890 2133 951 gat
2159 877 2385 947 aliquis,
2425 879 2519 947 qui
2547 877 2693 931 hunc
2727 877 2812 930 vel
2845 893 3090 943 servum,
3125 879 3210 933 vel
3243 880 3524 945 colonum,
3553 882 3640 936 vel

2050 971 2414 1040 ascriptitium
2435 986 2593 1024 suum
2626 984 2747 1025 esse
2765 971 2933 1035 dicat,
2962 972 3221 1043 quodque
3252 975 3335 1029 vel
3362 975 3638 1046 agricola-

2046 1064 2214 1118 tionis
2247 1063 2492 1117 laborem
2519 1062 2754 1133 Iugiens,
2782 1065 2865 1120 vel
2897 1065 3101 1136 aliquid
3128 1064 3363 1130 furatus,
3393 1068 3475 1121 vel
3510 1083 3639 1137 pro-

2043 1167 2165 1229 pter
2191 1155 2413 1227 aliquod
2431 1156 2693 1211 delictum
2719 1158 2773 1210 in
2802 1158 3197 1213 monasterium
3236 1158 3636 1231 ingressus;sit,

2048 1258 2104 1303 et
2156 1249 2274 1304 haec
2309 1248 2661 1318 comprobata
2713 1250 2915 1303 fuerint
2952 1268 2965 1304 :
3001 1252 3312 1306 resrituitor
3341 1251 3387 1307 is
3416 1254 3639 1310 domino

2052 1356 2155 1397 suo
2183 1356 2307 1397 cum
2336 1340 2503 1396 rebus
2533 1355 2673 1411 quas
2706 1341 2759 1395 in
2799 1345 3192 1399 monasterium
3225 1345 3480 1401 intulisse
3507 1362 3639 1416 pro-

2047 1437 2206 1491 batus
2240 1434 2426 1501 fuerit,
2459 1434 2585 1490 data
2636 1435 2811 1506 prius,
2844 1445 2897 1491 et
2944 1449 3162 1508 accepta
3198 1437 3324 1503 lide,
3362 1439 3509 1509 quod
3552 1438 3639 1492 ni-

2048 1529 2124 1583 hil
2153 1545 2183 1583 a
2224 1528 2449 1583 domino
2500 1542 2603 1583 suo
2647 1528 2777 1581 mali
2813 1531 3162 1599 perpetietur.
3196 1528 3253 1583 Si
3298 1545 3462 1585 nemo
3495 1531 3637 1586 intra

2048 1619 2344 1674 triennium
2399 1626 2593 1674 contra
2643 1618 2880 1688 aliquam
2933 1620 3321 1689 praedictarum
3377 1636 3641 1691 persona-

2046 1728 2168 1767 rum
2222 1711 2492 1767 actionem
2547 1719 2603 1765 et
2649 1712 3083 1767 controversiam
3135 1712 3411 1768 moverit:
3444 1730 3639 1769 mona-

2048 1805 2201 1861 sterii
2227 1805 2427 1875 praesul
2459 1814 2583 1876 post
2611 1805 2831 1860 triennii
2862 1806 3155 1863 decursum
3205 1815 3335 1861 tunc
3367 1805 3445 1861 illi
3483 1808 3639 1862 hahi-

2047 1908 2159 1954 tum
2192 1900 2453 1970 prabeto,
2488 1899 2535 1955 si
2566 1898 2877 1954 istiusmodi
2918 1899 3195 1954 hominem
3236 1900 3460 1969 dignum
3498 1901 3643 1971 judi-

2046 1991 2298 2046 caverit:
2333 2005 2512 2061 neque
2557 2000 2747 2060 postea
2803 1990 3101 2060 quisquam
3153 1991 3203 2045 ei
3258 1992 3539 2060 negotium
3571 1991 3642 2045 de

2046 2092 2193 2140 statu
2235 2098 2300 2139 ac
2333 2083 2649 2138 conditione
2699 2097 2798 2138 sua
2833 2080 3114 2147 facessito,
3165 2084 3411 2153 quandiu
3456 2092 3643 2138 tamen

2047 2174 2102 2229 in
2137 2175 2471 2230 monasterio
2503 2175 2671 2244 degit.
2705 2174 2813 2229 Res
2831 2190 2963 2228 vero
2987 2190 3125 2244 quas
3159 2174 3214 2228 in
3243 2176 3641 2229 monasterium

2048 2266 2305 2322 intulisse
2334 2265 2629 2330 videbitur,
2651 2264 2905 2335 probanti
2930 2264 3231 2332 ididomino
3253 2266 3638 2320 restituuntor.

2048 2359 2118 2414 At
2145 2360 2189 2415 si
2225 2359 2351 2427 quis
2381 2358 2765 2428 praedictarum
2799 2371 3157 2426 personarum
3202 2355 3490 2426 reliquerit
3522 2371 3644 2409 mo-

2050 2451 2379 2513 nasterium,
2417 2458 2477 2503 et
2513 2447 2580 2501 ad
2610 2447 2928 2502 srecularem
2972 2446 3139 2499 vitam
3175 2447 3475 2512 transierit,
3528 2448 3645 2500 sive

2051 2545 2106 2600 in
2146 2544 2377 2599 urbibus
2406 2542 2523 2597 sive
2563 2555 2661 2611 per
2692 2555 2854 2611 agros
2899 2541 3164 2596 oberrans
3196 2559 3209 2595 :
3245 2556 3357 2596 suae
3408 2540 3646 2595 fortunae

2052 2653 2116 2693 ac
2166 2635 2470 2693 conditioni
2526 2635 2789 2689 redditor.
2826 2632 2896 2688 Et
2943 2649 3066 2704 cap.
3122 2633 3189 2686 10
3234 2636 3479 2703 ejusdem
3532 2635 3643 2698 tit.,

2052 2730 2198 2803 quod
2231 2730 2367 2785 dicit
2404 2746 2415 2781 :
2447 2728 2983 2783 lnterdicimusitem
3024 2728 3365 2796 parentibus,
3403 2742 3471 2782 ne
3507 2726 3647 2781 ﬁlios

2054 2839 2208 2891 suos,
2263 2823 2596 2892 simulatque
2638 2822 3007 2876 monasticam
3055 2821 3223 2874 vitam
3279 2821 3564 2891 elegerint,
3614 2838 3645 2877 ε

2054 2916 2463 2973 venerabilihus
2494 2914 2844 2970 monasteriis
2873 2914 3217 2969 abstraham.

2131 3008 2346 3063 Textus.
2408 3008 2599 3063 Const.
2650 3007 2720 3061 54
2745 3007 2988 3076 ejusdem
3016 3007 3097 3061 tit.
3130 3024 3143 3060 :
3175 3004 3295 3060 Non
3329 3006 3451 3061 licet
3477 3047 3491 3071 ,
3512 3015 3646 3071 etc.,

2057 3117 2222 3172 usque
2248 3099 2318 3154 ad
2352 3098 2674 3170 provinciali
2707 3098 2941 3165 cohorti,
2970 3107 3025 3152 ut
3054 3115 3180 3169 pag.
3200 3099 3326 3155 791.

2129 3287 2424 3342 Scholium.
2474 3287 2710 3343 Conslit.
2769 3288 2841 3344 55
2872 3289 2953 3344 tit.
2990 3289 3024 3344 5
3072 3288 3166 3343 lib.
3200 3304 3216 3342 ι
3247 3288 3381 3343 Cod.
3434 3304 3537 3343 non
3570 3300 3656 3342 est

2057 3381 2236 3450 posita
2274 3380 2325 3432 in
2368 3378 2558 3443 Basil.,
2592 3379 3056 3450 quemadmodum
3106 3382 3269 3435 etiam
3318 3389 3481 3435 antea
3510 3380 3655 3435 dixi-

2058 3489 2202 3527 mus.
2234 3472 2463 3539 Quaeras
2506 3482 2686 3527 tamen
2717 3472 2812 3527 lib.
2851 3488 2926 3539 tv,
2961 3474 3042 3527 tit.
3077 3489 3115 3538 ι,
3146 3488 3265 3542 cap.
3302 3474 3357 3539 9,
3396 3474 3540 3544 quod
3573 3474 3655 3529 sic

2058 3565 2223 3620 habet
2250 3584 2262 3618 :
2292 3562 2507 3619 Nullam
2527 3574 2710 3618 autem
2734 3563 3223 3618 Iieentiamdamus
3246 3572 3339 3617 aut
3372 3564 3653 3634 patribus,

2059 3667 2120 3712 ut
2146 3659 2350 3713 liberos
2382 3676 2396 3714 :
2425 3666 2522 3714 aut
2549 3658 2758 3722 liberis,
2792 3666 2854 3712 ut
2889 3669 3170 3729 parentes,
3200 3659 3293 3729 qui
3334 3661 3654 3715 saecularem

2058 3753 2539 3806 conversationem
2585 3751 2927 3821 relinquunt,
2959 3760 3219 3821 tauquam
3269 3754 3512 3824 ingratos
3543 3753 3657 3806 hac-

2059 3845 2290 3899 reditate
2340 3859 2438 3900 sua
2483 3843 2799 3907 excludant,
2840 3858 2937 3913 per
2981 3858 3204 3898 causam
3257 3845 3499 3915 aliquam
3535 3860 3658 3915 qua:

2060 3938 2421 3993 monasticam
2470 3940 2639 3991 vitam
2672 3939 3036 4007 prmeesserit.
3077 3939 3266 3994 Const.
3294 3939 3329 3993 2
3380 3940 3508 3995 tit.t
3549 3938 3661 3993 No.

2060 4029 2352 4095 vellarum,
2400 4036 2484 4083 est
2517 4028 2727 4082 novella
2762 4025 3061 4083 Justiniani
3094 4030 3147 4084 6.
3184 4029 3296 4085 Hoc
3323 4041 3507 4085 autem
3534 4031 3655 4101 ejus

2059 4136 2181 4191 Cap.
2217 4135 2325 4174 non
2357 4129 2442 4175 est
2492 4122 2729 4192 positum
2785 4125 2836 4175 in
2873 4121 3039 4177 Basil.
3076 4122 3269 4178 Const.
3317 4124 3353 4177 2
3405 4124 3653 4195 ejusdem

2063 4213 2148 4267 tit.
2184 4210 2558 4280 Norellarum,
2603 4224 2685 4269 est
2713 4214 2923 4270 novella
2956 4214 3254 4270 Iustiniani
3314 4217 3441 4282 125,
3474 4217 3655 4287 posita

2060 4304 2206 4377 [quae
2236 4303 2340 4378 est]
2366 4306 2421 4360 in
2450 4307 2543 4361 lib.
2586 4306 2753 4363 Basil.
2802 4324 2881 4373 Ill,
2908 4308 2991 4362 tit.
3026 4324 3063 4368 ι,
3110 4308 3268 4379 cujus
3298 4309 3367 4364 54
3396 4325 3516 4380 cap.
3567 4311 3655 4365 di-

2061 4397 2157 4461 cit,
2193 4412 2539 4467 quazcunque
2586 4397 2640 4451 in
2676 4404 2825 4451 textu
2885 4396 3447 4466 comprehenduntur.
3482 4398 3657 4469 Legas

2063 4486 2277 4561 [etiam]
2308 4489 2553 4559 ejusdem
2590 4489 2684 4544 lib.
2708 4499 2762 4543 et
2787 4490 2872 4542 tit.
2906 4505 3029 4559 cap.
3058 4490 3150 4552 57,
3178 4489 3327 4559 quod
3382 4491 3655 4544 inserlum

346 4583 459 4639 τίτ.
489 4601 616 4655 κεφ.
661 4584 762 4652 λζ’,
798 4587 937 4659 ὅπερ
978 4579 1341 4659 κατεστρώθη
1387 4588 1467 4649 είς
1515 4588 1614 4655 τὴν
1650 4586 1953 4658 ἑρμηνείαν

2061 4591 2145 4635 est
2205 4581 2641 4650 interpretationi
2680 4596 2803 4652 cap.
2835 4580 2906 4636 56
2950 4583 3032 4635 ιιι.
3069 4598 3083 4636 ι
3118 4582 3403 4652 praesentis
3450 4584 3654 4653 operis.

346 4675 446 4730 τοῦ
477 4675 567 4742 λς’
599 4695 727 4749 κεφ.
787 4678 882 4732 τοῦ
916 4677 964 4733 α’
1003 4679 1110 4735 τίτ.
1174 4678 1269 4733 τοῦ
1320 4681 1595 4752 παρόντος
1635 4679 1957 4749 συντάγμα-

2062 4673 2252 4729 Const.
2282 4674 2348 4729 15
2376 4675 2459 4729 tit.
2498 4675 2522 4728 l
2557 4674 2905 4731 Novellarum
2964 4685 3048 4731 est
3090 4676 3304 4732 novella
3358 4675 3658 4732 Iustiniani

346 4787 466 4833 τος.
508 4770 570 4825 Ἡ
607 4778 675 4840 ιγ’
702 4771 839 4826 διάτ.
868 4771 964 4825 τοῦ
999 4769 1057 4825 α’¹
1090 4771 1198 4827 τίτ.
1227 4771 1336 4826 τῶν
1359 4772 1611 4845 Νεαρῶν,
1640 4772 1756 4824 ἔστι
1786 4772 1958 4844 νεαρὰ

2062 4767 2114 4822 5.
2150 4766 2269 4821 [Ioc
2298 4777 2478 4823 autem
2504 4784 2628 4840 cap.
2658 4785 2769 4825 non
2800 4779 2885 4825 est
2912 4771 3147 4841 positum
3179 4771 3232 4825 in
3261 4770 3426 4827 Basil.
3451 4774 3656 4841 ξίῖοιιει.

366 4862 803 4928 ’1ουστινιάνειος
838 4862 902 4916 ε’·
935 4863 1096 4918 τοῦτο
1123 4864 1181 4917 δὲ
1211 4865 1272 4919 τὸ
1298 4882 1426 4935 κεφ.
1455 4866 1557 4918 οὐκ
1581 4864 1739 4936 ἐτέθη
1778 4866 1858 4927 εἰς
1889 4864 1957 4918 τὰ

2058 4860 2095 4914 2
2144 4862 2395 4932 ejusdem
2456 4863 2542 4919 lit.
2599 4871 2685 4919 est
2734 4864 2987 4920 similiter
3032 4865 3246 4921 novella
3308 4865 3431 4931 ηδ,
3476 4866 3656 4935 posita

350 4956 645 5010 Βασιλικά.
687 4957 755 5010 'H
787 4957 846 5010 δὲ
892 4955 938 5029 β’
987 4957 1128 5012 διάτ.
1161 4957 1257 5011 τοῦ
1300 4957 1469 5012 αὐτοῦ
1499 4957 1605 5011 τίτ.
1638 4956 1754 5010 ἔστι
1787 4956 1959 5027 νεαρὰ

2062 4952 2208 5025 [quae
2251 4953 2357 5027 est]
2392 4955 2444 5009 in
2483 4956 2575 5011 lib.
2611 4955 2778 5011 Basil.
2816 4973 2890 5021 iv,
2928 4958 3009 5013 tit.
3045 4957 3099 5025 1,
3136 4960 3366 5029 cap.ll,
3400 4960 3546 5030 quod
3587 4960 3657 5015 ad

364 5047 805 5113 Ἰουστινιάνειος
835 5048 956 5122 ρκγ¹
1000 5050 1233 5122 κειμένη
1282 5052 1342 5103 ὲν
1392 5049 1533 5121 βιϐλ.
1580 5050 1691 5103 τῶν
1741 5049 1959 5102 Βασιλι-

352 5138 470 5192 κῶν
497 5138 563 5206 δ’,
593 5141 699 5195 τίτ.
730 5140 800 5209 α’,
848 5160 976 5214 κεφ.
1015 5140 1109 5207 ια’,
1154 5145 1250 5197 καὶ
1276 5143 1554 5214 ἀνάγνωθι
1583 5142 1743 5197 τοῦτο
1782 5158 1955 5195 καταο

354 5228 601 5299 στρωθὲν
630 5233 813 5303 ῥητῶς
846 5236 904 5288 ὲν
932 5238 1000 5307 τῇ
1033 5236 1175 5307 ἀρχῇ
1199 5236 1295 5290 τοῦ
1319 5237 1587 5307 παρόντος
1612 5233 1690 5305 λβ⁹
1719 5252 1847 5305 κεφ.

427 5324 679 5379 ΚΕΦΑΛ.
742 5325 868 5381 AI".
902 5356 976 5368 —
1019 5329 1157 5398 Περὶ
1226 5329 1349 5382 τῶν
1407 5327 1957 5399 συνεπισταμένων

351 5415 776 5485 ἁμαρτάνουσι
830 5421 1171 5488 κληρικοῖς,
1224 5422 1328 5476 καί
1360 5421 1448 5492 μὴ
1502 5423 1953 5492 φανεροῦν-των.

424 5507 709 5563 Βασιλείου
741 5510 923 5566 κανὼν
947 5510 1049 5566 οα⁹.

425 5603 742 5671 Κείμενον.
787 5605 925 5675 Περὶ
964 5606 1078 5661 τῶν
1112 5606 1550 5681 ὑποδεχομένων,
1587 5609 1621 5682 ἢ
1678 5609 1955 5681 κρυπτόν-

353 5711 466 5749 των
496 5694 723 5767 λῃστὰς,
763 5696 796 5767 ἣ
822 5697 1164 5769 δυναμένων,
1193 5718 1250 5755 κ.
1288 5719 1339 5756 τ.
1375 5701 1453 5769 λ.,
1483 5718 1663 5772 usque
1684 5701 1753 5757 ad
1791 5700 1835 5773 β’
1859 5704 1954 5757 τοῦ

354 5787 656 5857 εἰρημένου
685 5786 759 5852 ις’
793 5790 901 5844 τίτ.
932 5790 1028 5844 τοῦ
1059 5791 1144 5862 μζ⁹
1177 5793 1321 5864 βιϐλ.

426 5879 705 5949 Σχόλιον,
760 5880 819 5933 Ὀ
849 5881 927 5936 λθ’
960 5883 1065 5939 τίτ.
1110 5887 1204 5940 τοῦ
1238 5886 1280 5941 θ’
1329 5888 1471 5959 βιϐλ.
1505 5889 1600 5943 τοῦ
1628 5888 1757 5943 κώδ.
1789 5890 1949 5961 ἐτέθη

2062 5050 2286 5105 verbum
2316 5049 2475 5106 initio
2517 5052 2806 5122 prmsentis
2833 5052 2904 5108 '52
2932 5069 3053 5125 cap.
3082 5054 3348 5110 insertum
3386 5055 3554 5127 legas.

2127 5330 2283 5386 CAP.
2328 5329 2568 5386 XXXIII.
2620 5363 2690 5372 —
2725 5331 2801 5387 De
2841 5333 2908 5387 iis
2956 5333 3046 5404 qui
3083 5333 3305 5388 clericos
3364 5334 3662 5404 delinquere

2060 5429 2329 5494 sciunt,et
2365 5445 2471 5483 non
2507 5429 2880 5499 manifestam.

2134 5520 2325 5577 Basilii
2357 5535 2535 5576 canon
2573 5522 2634 5574 71
2671 5539 2685 5575 :

2138 5613 2359 5668 Texlus.
2402 5613 2477 5668 De
2516 5614 2585 5668 iis
2615 5613 2707 5685 qui
2757 5612 2910 5669 fures
2935 5611 3127 5667 aliisve
3166 5610 3515 5676 criminibus,
3548 5619 3655 5667 etc.

2059 5724 2224 5779 usque
2253 5707 2323 5761 ad
2362 5708 2459 5763 lib.
2493 5724 2640 5763 nvu
2664 5706 2893 5780 [docet],
2926 5718 2982 5761 ut
3020 5723 3140 5776 pug.
3180 5704 3303 5762 794.

2132 5891 2423 5949 Scholium.
2443 5890 2551 5947 Tit.
2577 5891 2645 5947 59
2669 5893 2761 5948 lib.
2796 5908 2847 5947 ix
2874 5891 3007 5948 Cod.
3042 5891 3253 5963 positus
3276 5890 3435 5947 estin
3465 5905 3585 5963 cap.
3611 5891 3666 5963 3,
