4146 6440
556 400 693 465 1135

1697 392 1961 454 PIlOTIl
1991 393 2498 454 PATRIARCILE
2532 393 2640 453 CP.

3752 387 3875 453 .136

559 516 645 569 tit.
690 513 758 565 ‘27
823 512 1037 581 lih.:{Lx
1098 509 1243 563 Basil
1278 550 1290 573 ,
1349 516 1403 561 et
1454 506 1529 559 ait
1569 506 1621 559 in
1683 506 1827 558 hunc
1878 505 2100 558 modum
2145 523 2156 558 :

2284 509 2345 569 :i;
2382 523 2507 575 κεφ.
2542 503 2589 573 γ’
2650 502 2743 557 τοῦ
2770 499 2850 567 κζ’
2878 501 2983 555 τίτ.
3011 502 3105 555 τοῦ
3139 499 3182 569 ξ’
3210 500 3348 573 βιὸλ.
3388 500 3513 556 τῶν
3551 501 3874 559 Βασιλικιιν,

565 606 667 671 Qui
708 605 890 659 sciens
923 594 1563 673 quempiamVobnoaium
1594 596 1809 650 etimini
1850 595 2155 666 receperit:

2266 592 2358 645 καί
2409 609 2578 663 φησιν
2624 590 2819 657 οὕτως,
2861 591 2922 645 '0
2955 591 3349 663 ὑποδεξάμενός
3386 609 3523 645 τινα
3564 593 3879 662 ἐνεχόμενον

566 700 818 754 eumdem
859 713 1077 769 poenam
1113 693 1426 748 sustinebit.
1472 690 1577 756 Qui
1612 690 1762 745 fures
1793 689 2080 758 receperit,
2109 699 2163 745 et

2284 686 2579 758 ιγκλήματι
2609 687 2666 739 ὲν
2698 685 2925 754 είδήσει,
2954 686 3053 756 τὴν
3088 685 3261 757 αὐτὴν
3290 687 3691 757 ὑποστήσεται
3720 704 3880 757 τιμω-

566 794 620 847 in
656 792 923 861 judicmui
956 806 1063 844 non
1097 784 1384 841 adduxerit
1416 801 1429 837 :
1463 782 1742 854 [subantia
1796 780 1943 853 ejus]
1983 782 2163 852 publi-

568 896 721 936 (alOI'
758 901 769 936 :
804 893 893 935 aut
924 896 1023 951 pro
1046 877 1313 949 qualitate
1360 888 1628 945 personae,
1662 882 1823 943 prout
1864 873 2036 943 judiei
2080 873 2158 926 vi-

569 992 695 1032 sum
734 975 920 1038 fuerit,
955 974 1200 1044 punitor.
1262 968 1371 1023 Tit.
1426 968 1492 1021 16
1538 967 1615 1022 lib
1666 982 1811 1022 XLVII
1862 966 1982 1038 Dig.
2020 968 2166 1038 posi-

568 1080 658 1124 tus
696 1076 780 1123 est
827 1068 881 1122 in
928 1082 1049 1137 cap.
1097 1065 1120 1118 1
1175 1064 1419 1135 ejusdem
1467 1061 1537 1115 27
1567 1063 1651 1115 tit.
1691 1062 1787 1116 lib.
1820 1076 1911 1127 ιτ,
1958 1070 2013 1116 et
2045 1060 2160 1115 ait:

569 1161 872 1215 l.a'rouuin
927 1168 1281 1229 reet-plores,
1335 1165 1389 1211 et.
1440 1156 1533 1226 qui
1583 1170 1708 1210 cum
1759 1154 2168 1225 apprehendere

573 1257 819 1309 latrones
862 1263 1107 1324 poswtit,
1167 1250 1398 1320 pecunia
1446 1248 1530 1303 vel
1584 1248 1968 1318 subreptorum
2012 1258 2169 1317 parte

582 1353 829 1412 accepta,
859 1340 1032 1415 [illos]
1071 1341 1402 1393 dimisi-runt
1434 1356 1449 1394 :
1486 1337 1709 1407 perinde
1738 1346 1900 1407 atque
1928 1337 2170 1391 latrones

574 1436 901 1507 puniuntur.
939 1432 1141 1502 Digest.
1172 1432 1207 1485 2
1250 1432 1331 1485 tit.
1359 1431 1540 1486 lblib.
1586 1446 1729 1484 vau
1764 1428 1881 1498 Dig.
1943 1438 2166 1498 estcap.

574 1534 609 1585 ἓ
643 1530 775 1585 dicti
825 1528 893 1581 27
944 1529 1053 1593 tit.,
1092 1528 1241 1598 quod
1275 1540 1531 1595 expresse
1561 1525 1745 1588 habet,
1801 1533 1859 1578 ut
1904 1524 2169 1594 scriptum

574 1632 680 1676 est.
722 1618 897 1690 Legas
930 1619 1093 1671 etiam
1126 1618 1160 1672 4
1210 1616 1327 1687 ejus
1354 1631 1476 1685 cap.
1509 1614 1653 1685 quod
1686 1616 1865 1681 docet,
1893 1614 2173 1685 quomodo

575 1714 902 1770 criminibus
923 1710 1169 1771 obnoxii.
1195 1711 1290 1780 qui
1317 1709 1368 1762 in
1400 1708 1618 1779 pracdiis
1653 1705 1923 1779 [rusticis]
1943 1708 2169 1777 degunt,

576 1804 750 1881 [inde]
812 1804 1206 1858 abstrahamur
1244 1820 1257 1857 :
1294 1811 1367 1867 et,
1400 1801 1545 1870 quo!
1591 1800 1696 1854 nisi
1742 1800 1930 1870 praedii
1961 1800 2171 1855 domini

2273 779 2417 848 ρίαν.
2459 778 2518 830 '0
2554 777 2611 831 δὲ
2641 779 3043 851 ὑποδεξάμενος
3077 779 3281 851 λῃστὰς
3324 780 3422 833 καὶ
3476 779 3561 851 μὴ
3600 796 3877 848 προσαγα-

2267 872 2381 941 γὼν
2422 871 2620 935 αὐτοὺς
2664 871 3025 945 δικαστηρίῳ,
3075 871 3417 944 δημευέσθω,
3456 871 3494 942 ἢ
3530 870 3884 941 τιμωρείσθω

2269 966 2413 1021 κατὰ
2437 968 2536 1039 τὴν
2569 966 2831 1037 ποιότητα
2856 966 2951 1020 τοῦ
2982 966 3306 1038 προσώπου,
3337 966 3414 1030 ὡς
3452 965 3528 1020 ἂν
3554 967 3586 1019 ό
3621 964 3883 1035 δικαστὴς

2272 1060 2481 1131 συνίδῃ.
2524 1062 2582 1114 '0
2616 1059 2691 1125 ις’
2715 1061 2822 1115 τίτ.
2868 1059 2964 1115 τοῦ
2992 1058 3078 1131 μζ⁹
3106 1059 3252 1130 βιϐλ.
3284 1059 3389 1113 τῶν
3420 1059 3581 1114 διάτ.
3621 1058 3789 1129 ἐτέθη
3815 1060 3885 1121 είς

2272 1170 2399 1222 κεφ.
2431 1152 2477 1207 α’
2510 1153 2600 1207 τοῦ
2627 1154 2793 1209 αὐτοῦ
2826 1152 2907 1219 κζ’
2945 1153 3051 1208 τίτ.
3087 1154 3181 1207 τοῦ
3208 1151 3247 1217 ξ’
3275 1152 3415 1224 βιὸλ.
3455 1152 3563 1205 καί
3591 1166 3785 1223 φησιν·
3829 1150 3884 1204 'U

2273 1247 2559 1317 ὑποδοχεῖς
2594 1246 2704 1300 τῶν
2739 1247 2954 1319 λῃστῶν
2985 1246 3062 1310 ὡς
3088 1245 3286 1318 λῃσταὶ
3328 1244 3754 1317 τιμωροῦνται,
3801 1243 3888 1296 καὶ

2272 1339 2323 1393 οἱ
2357 1340 2648 1409 δυνάμενοι
2680 1341 2958 1411 κρατῆσαι
2989 1339 3116 1402 τοὺς
3143 1338 3346 1410 λῃστὰς
3370 1338 3474 1390 καὶ
3510 1335 3888 1398 ἀπολύσαντες

2274 1434 2537 1504 χρήματα
2590 1431 2871 1497 λαϐόντες,
2905 1432 2938 1503 ἢ
2970 1431 3139 1503 μέρος
3167 1430 3277 1484 τῶν
3324 1428 3784 1502 λῃστευθέντων.
3819 1428 3888 1481 Τὸ

2278 1525 2321 1596 β’
2369 1526 2512 1581 διάτ.
2544 1525 2639 1580 τοῦ
2675 1534 2751 1591 ις’
2779 1526 2886 1581 τίτ.
2931 1524 3030 1579 τοῦ
3070 1522 3157 1595 μζ¹
3202 1524 3342 1595 βιδλ.
3387 1524 3510 1577 τῶν
3558 1522 3883 1587 διατάξεων,

2275 1618 2391 1671 ἔστι
2419 1636 2543 1688 κεφ.
2579 1617 2622 1689 β’
2645 1618 2738 1671 τοῦ
2768 1617 3028 1691 ῥηθέντος
3057 1616 3138 1683 κζ’
3174 1618 3280 1671 τίτ.
3316 1615 3411 1670 τοῦ
3446 1614 3492 1680 ξ’
3541 1615 3693 1685 βιϐλ.
3724 1614 3889 1678 οὕτως

2278 1710 2400 1781 ἕχον
2432 1714 2610 1782 ῥητῶς
2652 1711 2727 1775 ὡς
2760 1712 2999 1782 ἐγράφη.
3039 1709 3340 1778 ’Δνὰγνωθι
3389 1707 3491 1763 καὶ
3523 1708 3593 1761 τὸ
3639 1706 3684 1762 δ’
3731 1706 3887 1761 αὑτοῦ

2280 1821 2405 1873 κεφ.
2438 1803 2691 1857 διδάσκον
2715 1803 2835 1866 πῶς
2866 1803 3228 1857 ἀποσπῶνται
3261 1803 3311 1855 οί
3341 1801 3677 1873 ὲνεχόμενοι
3701 1799 3889 1870 ἐγκλή-

578 1903 682 1956 hos
718 1897 1064 1967 magistratui
1097 1896 1354 1961 offerant,
1404 1894 1526 1965 ejus
1561 1893 1805 1948 dominio
1840 1894 2123 1963 priventur
2156 1910 2169 1947 :

2284 1910 2436 1964 μασι,
2491 1894 2587 1947 καὶ
2621 1892 2993 1964 διατρίϐοντες
3026 1895 3083 1945 ὲν
3117 1894 3386 1964 κτήμασι,
3432 1891 3544 1945 καὶ
3593 1892 3680 1945 ὅτι
3734 1892 3783 1944 εί
3820 1888 3886 1961 μὴ

578 1994 843 2064 primates
900 1998 1085 2044 autem
1142 1988 1331 2058 prazdii
1383 1998 1436 2041 et
1488 1994 1897 2055 procuratores,
1943 1983 2073 2055 [nisi
2119 1982 2175 2039 id

579 2079 837 2152 l'aeiant,j
887 2080 940 2133 in
990 2078 1246 2133 exsilium
1283 2076 1588 2131 mittantur.
1636 2075 1838 2130 Verum
1873 2084 1927 2129 tu
1959 2090 2177 2146 qumras

580 2182 756 2228 totum
780 2174 848 2227 27
869 2172 949 2227 tit.
972 2188 1039 2227 ιι
1062 2171 1180 2237 lib.,
1214 2168 1323 2243 [ac]
1347 2170 1496 2239 legas
1517 2168 1793 2224 etiam'lib.
1816 2184 1855 2235 ι,
1878 2168 1961 2222 tit.
1984 2167 2037 2235 1,
2055 2182 2175 2237 cap.

580 2265 672 2331 2'2,
708 2264 797 2330 50,
824 2264 917 2327 90,
949 2270 1002 2317 et
1038 2262 1132 2316 lib.
1152 2277 1244 2324 LV,
1278 2263 1361 2315 tit.
1392 2260 1480 2324 59,
1514 2275 1635 2329 cap.
1659 2258 1758 2313 ult.
1788 2259 2178 2330 Complectun-

582 2368 675 2413 tur
704 2356 873 2421 enim,
906 2355 1049 2426 quod
1083 2353 1316 2425 perinde
1363 2361 1530 2423 atque
1573 2352 1812 2407 ha'rctici
1844 2363 1898 2407 et
1929 2354 2178 2408 incanta-

582 2459 754 2513 tores,
787 2447 824 2501 ii
848 2449 943 2518 qui
976 2447 1100 2503 illos
1130 2444 1405 2515 recipiunt
1438 2451 1493 2498 et
1527 2444 1831 2509 occultant,
1854 2445 2175 2513 puniantur.

652 2745 809 2803 CAP.
870 2744 1116 2804 XXXIV.
1147 2774 1217 2785 —
1249 2738 1407 2807 Quod
1457 2738 1548 2809 qui
1593 2738 1774 2795 clerici
1812 2741 2183 2812 fdejussiones

578 2842 735 2905 dant,
761 2841 1118 2911 deponantur.

662 2936 1053 3005 Apostolorum
1088 2949 1268 2990 canon
1299 2935 1391 2990 20.

658 3026 876 3080 Textus.
914 3026 1233 3081 Coustit.‘25
1264 3038 1317 3083 et
1350 3029 1419 3083 52
1450 3028 1534 3084 ιίι.
1570 3028 1604 3082 5
1640 3024 1776 3079 lib.)
1812 3020 1983 3077 Cod.:
2015 3018 2188 3075 Cleri-

581 3136 701 3186 cos,
738 3126 871 3185 etc.,
905 3134 1069 3189 usque
1100 3119 1170 3172 ad
1202 3118 1384 3175 facere
1416 3120 1564 3186 dicit,
1597 3127 1654 3172 nt
1680 3132 1803 3187 pag.
1845 3114 1969 3170 794.

661 3300 955 3356 Scholium.
1014 3303 1253 3358 Constit.
1301 3302 1453 3360 εὕει
1500 3304 1570 3358 52
1605 3302 1691 3357 tit.
1742 3301 1777 3357 3
1832 3302 1928 3356 lih.
1979 3300 2188 3365 I‘Cod.,

592 3411 702 3452 non
734 3404 865 3450 sunt
912 3397 1103 3466 posita:
1137 3398 1190 3450 in
1224 3396 1393 3453 Basil.
1438 3398 1673 3453 Constit.
1730 3406 1910 3451 autem
1956 3394 1992 3449 2
2035 3396 2119 3449 tit.
2162 3394 2185 3448 1

584 3490 703 3545 Nov
719 3489 974 3555 ollarum,
1008 3499 1091 3545 est
1124 3490 1335 3546 novella
1372 3490 1666 3546 Justiniani
1704 3489 1806 3544 125
1836 3487 2013 3559 posita
2046 3486 2194 3560 [quae

584 3581 693 3653 θοι]
726 3583 780 3637 in
843 3584 939 3637 lib.
1000 3600 1058 3638 ιιι
1092 3581 1285 3651 Basil.,
1332 3584 1417 3639 tit.
1454 3588 1507 3649 1,
1548 3584 1710 3655 cujus
1755 3583 1825 3638 44
1860 3592 1913 3637 et
1955 3580 2028 3636 45
2057 3586 2189 3649 ‘eap.

588 3678 737 3731 circa
771 3677 934 3731 ﬁnem
958 3678 1517 3749 dicuntquaacunque
1548 3693 1577 3732 a
1610 3677 1807 3731 Photio
1841 3677 1895 3730 in
1921 3689 2187 3744 compen-

588 3770 680 3823 dio
712 3769 995 3839 proposita
1051 3781 1195 3825 sunt.
1230 3770 1506 3826 Caeterum
1560 3786 1683 3841 qum
1725 3770 1928 3840 scripta
1977 3768 2191 3823 suntin

592 3861 935 3931 expositione
962 3861 1034 3915 20
1061 3863 1293 3918 canonis
1352 3874 1669 3918 sanctorum
1699 3862 2094 3934 apostolorum,
2126 3860 2194 3915 ad

593 3954 929 4009 solutionem
989 3956 1369 4025 ambiguitatis
1438 3972 1564 4027 qua:
1626 3957 1693 4010 de
1743 3954 2193 4023 lidejussionibus

590 4050 977 4119 CpiSCOllOI‘llm
1021 4062 1075 4105 et
1121 4048 1448 4105 clericorum
1493 4049 1794 4115 inducitur,
1851 4048 2129 4103 suﬂiciuut
2177 4064 2191 4102 :

596 4157 720 4214 quae
750 4142 919 4213 legas.

664 4258 819 4316 CAP.
846 4258 1067 4315 XXXV.
1108 4292 1179 4302 —
1213 4259 1289 4315 De
1324 4260 1552 4327 clericis,
1595 4260 1685 4331 qui
1731 4260 1783 4314 in
1813 4274 2080 4329 caupona,
2122 4258 2199 4314 vel

596 4354 810 4426 publica
833 4355 1128 4410 diversorio
1153 4354 1326 4408 cibum
1352 4355 1593 4423 capiunt.

670 4449 1063 4518 Apostolorum
1096 4463 1271 4502 canon
1297 4447 1366 4503 54
1393 4464 1408 4514 ;
1433 4446 1651 4502 concilii
1690 4445 1988 4502 Laodiceni
2019 4461 2196 4502 canon

596 4542 706 4609 9.4;
740 4542 956 4599 concilii
988 4540 1446 4612 Carthagincnsis
1472 4555 1649 4598 canon
1680 4540 1749 4595 40
1772 4557 1786 4609 ;
1811 4541 2029 4596 concilii
2058 4541 2197 4596 sexti

598 4648 776 4688 canon
807 4632 861 4687 9.

681 4725 899 4781 Tenus.
937 4726 1174 4783 Constit.
1231 4725 1301 4780 M
1332 4725 1415 4781 tit.
1446 4726 1499 4795 J
1536 4724 1888 4781 Novellarum
1924 4726 2022 4791 ait,
2055 4724 2202 4797 quod

603 4819 963 4889 monachum,
1006 4829 1141 4889 etc.,
1173 4836 1335 4891 usque
1363 4819 1433 4873 ad
1463 4835 1658 4876 curare
1691 4818 1958 4891 [debere],
1999 4830 2057 4874 ut
2078 4836 2201 4890 pag.

610 4914 737 4967 795.

680 5004 976 5062 Scltolium.
1008 5005 1201 5061 Const.
1264 5004 1333 5059 M
1365 5004 1450 5061 tit.
1489 5005 1513 5059 1
1560 5002 1937 5070 Novellarum,
1977 5014 2062 5062 est
2106 5019 2207 5060 no-

612 5100 752 5152 x'i-lla
778 5095 1077 5152 Justiuiani
1115 5098 1240 5162 155,
1277 5098 1454 5167 posita
1490 5095 1637 5169 [quae
1662 5095 1768 5169 est]
1806 5098 1858 5150 iu
1888 5096 1982 5151 lib.
2011 5112 2065 5150 tv
2100 5095 2207 5150 Ba-

615 5193 729 5259 sil.,
761 5192 849 5245 tit.
890 5192 941 5258 1,
971 5206 1095 5261 cap.
1124 5190 1209 5255 16,
1236 5190 1380 5261 qUud
1415 5190 1496 5245 sic
1528 5191 1710 5255 habet,
1744 5191 2205 5259 quemadmode

2277 1985 2482 2039 διδόασι
2504 1984 2730 2049 τούτους
2750 1985 2800 2037 οἱ
2825 1984 3084 2038 δεσπόται
3110 1985 3205 2039 τοῦ
3230 1986 3519 2056 κτήματος
3542 1983 3629 2055 τῷ
3653 1984 3888 2055 ἄρχοντι,

2283 2076 2659 2149 στερίσκονται
2692 2076 2794 2148 τῆς
2824 2076 3146 2141 δεσποτείας
3175 2077 3364 2143 αὑτοῦ,
3396 2077 3499 2130 καὶ
3545 2078 3600 2130 οἱ
3636 2074 3885 2149 πρωτεῦ-

2281 2186 2432 2233 οντες
2466 2169 2561 2222 καὶ
2609 2170 2661 2222 οί
2698 2171 3021 2241 φροντισταὶ
3060 2169 3252 2222 τούτου
3288 2168 3666 2241 ὲξορίζονται.
3720 2168 3793 2220 ΣΞ)
3837 2166 3888 2218 δὲ

2282 2262 2437 2332 ζήτει
2464 2262 2555 2315 τὸν
2585 2262 2708 2317 ὅλον
2767 2262 2850 2327 κζ’
2885 2263 2991 2317 τίτ.
3020 2262 3116 2317 τοῦ
3168 2260 3211 2328 ξ’
3258 2263 3400 2334 βιελ,
3442 2260 3765 2331 Ἀνάγνωθι
3802 2259 3887 2312 καί

2284 2356 2425 2427 βιὸλ.
2461 2354 2632 2411 α’τίτ.
2653 2355 2697 2427 β’
2738 2374 2867 2427 κεφ.
2895 2355 2977 2429 κβ⁹
3012 2357 3107 2410 καὶ
3135 2356 3177 2409 ν’
3199 2358 3295 2411 καὶ
3325 2356 3397 2425 ιζ,
3432 2355 3593 2428 βισλ.
3630 2355 3673 2421 ξ’
3701 2351 3886 2407 τίτ.λο⁹

2284 2465 2408 2517 κεφ.
2436 2448 2765 2503 τελευταῖον.
2804 2450 3247 2521 Διαλαμὸἀνουσι
3281 2453 3390 2522 γὰρ
3430 2450 3521 2503 ὅτι
3554 2450 3759 2519 ἐπίσης
3788 2447 3889 2507 τοῖς

2285 2543 2586 2612 αἱρετικοῑς
2621 2541 2718 2595 καὶ
2746 2544 2861 2605 τοῖς
2888 2542 3047 2611 γόησι
3078 2542 3403 2608 κολάζονται
3434 2542 3490 2595 οἱ
3519 2542 3728 2603 αὐτοὺς
3762 2539 3883 2591 ὑπο-

2284 2632 2567 2705 δεχόμενοι
2594 2634 2690 2688 καὶ
2721 2634 3220 2704 συγκαλύπτοντες.

2360 2750 2612 2804 ΚΕΦᾹΛ.
2638 2750 2979 2819 ΛΔ’.-Περί
3002 2750 3109 2805 τοῦ
3138 2748 3557 2820 καθαιρεῖσθαι
3591 2747 3735 2814 τοὺς
3756 2747 3885 2813 κλη-

2283 2845 2496 2915 ρικοὺς
2526 2844 2810 2913 διδόντας
2838 2846 3082 2916 ἐγγύας.

2376 2939 2433 2992 Ἀ
2442 2938 2722 2992 ποστόλων
2756 2938 2936 2992 κανὼν
2966 2936 3036 2993 κ’.

2364 3033 2673 3102 Κείμενον.
2721 3031 2787 3087 Ἡ
2828 3033 3036 3086 κεἐκαὶ
3062 3031 3144 3103 λβ⁹
3176 3031 3317 3087 διάτ.
3352 3031 3447 3085 τοῦ
3498 3029 3551 3101 γ’
3584 3030 3691 3085 τέτ.
3728 3025 3816 3081 τοῦ
3841 3024 3881 3080 α’

2296 3125 2440 3198 βιὸλ.
2476 3125 2569 3180 τοῦ
2598 3124 2754 3193 κώδ.,
2797 3143 2852 3180 κ.
2883 3144 2934 3181 1.
2967 3126 3042 3192 λ.,
3076 3141 3249 3197 usque
3278 3126 3344 3181 ad
3378 3127 3527 3197 μήτε
3565 3125 3742 3179 ποιεῖν
3770 3122 3882 3192 ὁμο-

2217 3252 2261 3311 c
2293 3216 2501 3286 λογίαν.

2366 3310 2649 3379 Σχόλιον.
2667 3308 2732 3362 Ἦ
2760 3314 2837 3363 κε’
2865 3308 2961 3363 καὶ
2989 3308 3068 3379 λβ¹
3096 3308 3237 3363 διάτ.
3270 3306 3364 3362 τοῦ
3401 3306 3450 3377 γ’
3476 3310 3593 3362 τίτ.
3624 3305 3720 3361 τοῦ
3749 3311 3792 3359 α’
3810 3303 3880 3375 βι-

2298 3400 2381 3455 ϐλ.
2411 3399 2506 3454 τοῦ
2535 3399 2666 3455 κὼδ.
2694 3401 2794 3455 οὐκ
2826 3400 3093 3470 ἐτέθησαν
3113 3403 3191 3463 είς
3212 3401 3502 3455 Βασιλικὰ.
3525 3400 3665 3454 Ἡδὲ
3690 3397 3735 3469 β’
3756 3396 3877 3450 διάτ.

2295 3492 2392 3547 τοῦ
2424 3491 2471 3547 α’
2499 3492 2604 3548 τίτ.
2651 3493 2761 3547 τῶν
2806 3492 3056 3563 Νεαρῶν,
3105 3493 3220 3547 ἐστι
3254 3494 3424 3564 νεαρὰ
3466 3490 3881 3548 Ἰουστινιάνειος

2301 3586 2423 3660 ρκγ¹
2454 3588 2685 3659 κειμένη
2738 3590 2795 3640 ὲν
2847 3588 2990 3658 βιὸλ.
3036 3586 3085 3657 γ’
3113 3587 3221 3640 τῶν
3252 3587 3568 3641 Βασιλικῶν
3602 3587 3707 3639 τίτ.
3734 3581 3779 3635 α’
3805 3576 3882 3633 καί

2299 3698 2435 3751 φησι
2466 3681 2527 3733 τὸ
2580 3681 2662 3751 μδ¹
2698 3697 2821 3750 κεφ.
2868 3680 2964 3733 καὶ
3017 3677 3099 3751 με’
3129 3679 3296 3733 αὑτοῦ
3343 3681 3474 3750 περὶ
3528 3679 3599 3733 τὰ
3644 3677 3769 3745 τέλη
3797 3675 3879 3725 ὅσα

2300 3773 2724 3845 συνωψίσθησαν
2774 3773 2927 3843 παρὰ
2984 3771 3079 3827 τοῦ
3142 3772 3505 3843 πατριάρχου.
3577 3772 3660 3825 Τὰ
3718 3768 3879 3838 μέντοι

2298 3867 2586 3937 γραφέντα
2629 3868 2707 3929 εἰς
2742 3865 3040 3937 ἑρμηνείαν
3075 3864 3169 3919 τοῦ
3217 3864 3263 3917 κ’
3309 3865 3541 3928 κανόνος
3591 3864 3697 3917 τῶν
3730 3858 3880 3926 ἁγίων

2299 3962 2618 4016 ἀποστόλων
2663 3961 2928 4031 ἀρκοῦσιν
2962 3962 3040 4025 εἰς
3090 3959 3444 4014 διευλύτωσιν
3471 3961 3577 4031 τῆς
3605 3949 3879 4021 εἰσαγομέ-

2300 4072 2397 4126 νης
2432 4054 2767 4125 ἀμφιῦολίας
2800 4055 2962 4125 χάριν
3004 4053 3117 4107 τῶν
3168 4052 3385 4122 ἐγγυῶν
3419 4053 3534 4105 τῶν
3564 4048 3879 4105 ἐπισκόπων,

2301 4154 2397 4207 καὶ
2426 4151 2535 4205 τῶν
2565 4151 2872 4223 κληρικῶν·
2904 4151 2998 4205 καὶ
3030 4148 3305 4217 ἀνάγνωθι
3331 4148 3531 4203 ταῦτα.

2375 4268 2628 4323 ΚΕΦΑΛ.
2665 4265 2790 4321 ΛΕ’.
2822 4297 2894 4308 ——
2923 4266 3066 4335 Περὶ.
3124 4264 3428 4335 κληρικῶν
3474 4264 3797 4319 ἐσθιόντων
3821 4253 3880 4306 ἐν

2302 4359 2632 4426 καπηλείῳ,
2667 4357 2705 4427 ἢ
2737 4357 3099 4425 πανδοκείῳ.

2390 4450 2735 4503 Ἀποστόλων
2788 4448 2971 4504 κανὼν
3002 4448 3110 4504 νδ’⁶
3160 4450 3386 4504 συνόδου
3431 4443 3752 4504 Λαοδικείας
3793 4451 3878 4490 κα·

2305 4539 2413 4597 νὼν
2432 4542 2509 4595 κδ’
2530 4558 2543 4572 ·
2575 4542 2795 4595 συνόδου
2826 4542 3221 4615 Καρθαγέννης
3246 4541 3428 4597 κανὼν
3462 4540 3513 4614 μ’
3537 4558 3552 4573 ’
3590 4536 3793 4594 συνόδου
3812 4527 3874 4592 ς’,

2310 4634 2490 4689 κανὼν
2520 4634 2585 4689 θ’.

2380 4727 2696 4797 Κείμενον.
2738 4727 2805 4780 Ἥ
2862 4726 2922 4781 ιδ’
2974 4727 3116 4782 διὰτ.
3165 4726 3259 4781 τοῦ
3294 4734 3345 4781 α’
3388 4727 3497 4786 τίτ,
3535 4727 3647 4780 τῶν
3676 4714 3877 4788 Νεαρῶν

2309 4836 2479 4890 φησιν
2504 4821 2587 4873 ὅτι
2616 4822 2707 4876 τὸν
2741 4820 3073 4892 μοναχὸν,κ.
3105 4838 3155 4875 τ.
3190 4821 3264 4889 λ.,
3297 4837 3474 4893 usque
3497 4822 3563 4877 ad
3588 4821 3635 4873 οἱ
3663 4816 3872 4883 ὕπαρχοι

2309 4915 2405 4965 καὶ
2441 4913 2491 4966 οί
2526 4914 2807 4983 ἄρχοντες.

2378 5007 2426 5058 Σ
2429 5005 2662 5073 χόλων.
2683 5004 2746 5057 'H
2776 5006 2838 5059 ιδ’
2866 5006 3009 5061 διάτ.
3042 5005 3135 5060 τοῦ
3165 5013 3214 5059 α’
3242 5008 3350 5061 τίτ.
3386 5006 3497 5060 τῶν
3519 4994 3869 5075 Nezpti'me

2318 5099 2501 5167 νεαρὰ
2540 5096 2967 5163 Ἰουστινιάνειος
3015 5100 3150 5170 ρλγ’.
3196 5100 3440 5171 Κειμένη
3484 5104 3542 5154 ὲν
3573 5099 3676 5172 βιό.
3706 5097 3743 5146 δ’
3781 5084 3871 5139 τῶν

2314 5190 2625 5244 Βασιλικῶν
2668 5193 2775 5246 τίτ.
2822 5198 2892 5258 α’,
2939 5210 3067 5262 κεφ.
3115 5200 3217 5262 ις’,
3264 5193 3439 5257 οὕτως
3472 5194 3646 5265 ἔχοντι
3673 5187 3740 5248 ὠς
3767 5192 3868 5233 συν·

612 5286 666 5341 in
704 5285 1030 5355 compendio
1066 5285 1410 5355 propositum
1441 5294 1544 5340 est.
1579 5283 1807 5351 Qtueras
1844 5282 2020 5357 [vero]
2045 5284 2180 5340 etiam

2314 5285 2557 5354 ωψίσθη.
2590 5286 2701 5339 Καὶ
2733 5286 3012 5354 ἀνάγνωθι
3040 5285 3221 5339 τοῦτο.
3254 5288 3415 5356 Ζήτει
3450 5289 3545 5340 καὶ⁵
3572 5280 3755 5337 κανόνα
3779 5267 3867 5323 τῶν

614 5390 934 5436 sanctorum
964 5380 1339 5449 apostolorum
1367 5394 1632 5433 canonem
1661 5378 1731 5431 41’.
1760 5387 1815 5432 et
1840 5378 1931 5433 45.

683 5493 837 5552 CAP.
863 5492 1114 5549 XXXVI.
1152 5524 1226 5535 —
1256 5493 1331 5547 Dc
1360 5493 1568 5547 clericis
1589 5493 2212 5563 imperatorcm,episco-

610 5604 758 5658 pum,
794 5588 1173 5658 magistratum
1196 5594 1288 5639 aut
1330 5586 1698 5656 presbyterum
1723 5586 2046 5640 contumelia
2088 5586 2214 5655 affi-

613 5682 895 5736 cientibus.

684 5793 1073 5864 Apostolorum
1102 5805 1278 5846 canon
1312 5792 1400 5857 55,
1436 5791 1526 5858 56,
1553 5792 1643 5847 84.

690 5886 909 5941 Τραγίας.
949 5886 1021 5937 De.
1051 5885 1267 5939 clericis
1298 5886 1629 5941 contumelia
1656 5883 2040 5951 allicientibus,
2076 5897 2209 5950 etc.,

2314 5378 2488 5447 ἁγίων
2518 5377 2835 5432 ἀποστόλων
2869 5379 2979 5450 μβκ
3013 5385 3127 5450 μγ.

2392 5492 2646 5546 ΚΕΦΑΛ.
2689 5490 2837 5560 Δεῖ.
2894 5523 2961 5531 -
3007 5492 3149 5561 Περὶ
3201 5488 3506 5559 κληρικῶν
3556 5479 3865 5561 ὑϐριζόντων

2311 5584 2601 5651 βασιλέα,
2659 5584 2699 5653 ἢ
2746 5560 3110 5653 ἐπίσκοπον,
3159 5585 3199 5655 ἢ
3247 5584 3535 5655 ἄρχοντα,
3575 5582 3609 5649 ἣ
3645 5560 3859 5643 πρεσϐύ-

2318 5696 2512 5748 τερον.

2404 5794 2744 5849 Ἀποστόλων
2781 5794 2959 5849 κανὼν
2987 5794 3086 5863 νε’,
3116 5802 3227 5861 νς’,
3261 5795 3365 5851 τπδ’.

2391 5887 2704 5955 Κείμενον.
2742 5888 2947 5951 Ἰδικῶς
2977 5890 3076 5959 μὲν
3112 5890 3243 5961 περὶ
3274 5887 3553 5961 κληρικῶν
3583 5872 3854 5953 ὑϐριζόντων
