4146 6432
382 448 518 513 1137

1164 452 1650 518 NOMOCANON.
1688 481 1759 494 -
1798 458 1946 519 TlT.
1989 460 2094 535 IX,
2135 460 2293 521 CAP.
2336 461 2917 527 XXXIV-XXXVII.

3544 471 3679 539 1138

377 568 405 619 6
434 565 715 630 πολιτικὸς
742 566 929 637 νόμος,
978 584 1029 621 κ.
1064 582 1114 621 τ.
1142 564 1220 631 λ.,
1257 582 1432 637 usque
1471 567 1540 623 ad
1568 568 1838 638 λεγόντων
1885 588 1969 624 τι-

2074 588 2235 643 usque
2271 572 2340 626 ad
2382 573 2475 628 lib.
2513 589 2591 640 Ix,
2625 575 2707 629 tit.
2740 574 2809 629 36
2844 574 3073 650 [docet],
3110 588 3165 632 ut
3198 597 3360 651 supra
3391 601 3514 657 pag.
3546 587 3672 644 793.

382 660 485 723 σὶν,
518 658 592 719 ὡς
625 658 765 728 βιϐλ.
809 658 854 713 θ’
882 660 985 715 τίτ.
1022 660 1132 725 λς’.

454 751 739 819 Σχόλιον.
796 751 865 804 Ἡ
893 747 944 804 α’
976 751 1116 806 διάτ.
1147 750 1242 806 τοῦ
1274 751 1318 817 ζ’
1351 753 1457 810 τίτ.
1495 753 1590 807 τοῦ
1616 753 1663 807 θ’
1700 754 1842 826 βιϐλ.
1876 753 1971 809 τοῦ

379 841 536 907 κώδ.,
581 843 697 895 ἐστι
731 841 873 913 βιϐλ.
903 841 946 908 ξ’
971 844 1078 898 τίτ.
1131 844 1221 909 λς’
1256 862 1384 915 κεφ.
1425 852 1491 914 ιγ’
1524 844 1699 909 οὕτως
1746 845 1866 916 ἔχον
1894 845 1970 911 ὡς

380 933 719 1005 συνωψίσθη.
759 934 833 987 Τὸ
883 933 931 988 α’
961 935 1103 991 διάτ.
1151 935 1247 989 τοῦ
1279 934 1321 988 δ’
1365 936 1473 991 τίτ.
1523 935 1615 989 τοῦ
1653 943 1743 1007 μη¹
1800 937 1969 1008 βιϐλ.,

376 1025 493 1079 ἔστι
527 1025 672 1096 θέμα
718 1025 761 1094 β’
792 1025 888 1079 τοῦ
922 1033 973 1096 η’
1008 1044 1133 1096 κεφ.
1187 1026 1282 1081 τοῦ
1328 1026 1417 1093 λς’
1447 1027 1553 1083 τίτ.
1607 1028 1701 1081 τοῦ
1735 1028 1775 1094 ξ’
1830 1029 1968 1099 βιϐλ.

376 1119 744 1191 διαλαμϐάνον
778 1121 961 1192 ῥητῶς
988 1122 1092 1176 ὅσα
1131 1123 1211 1186 είς
1233 1122 1296 1176 τὸ
1324 1122 1583 1192 κείμενον
1623 1123 1969 1193 ἐγράφησαν.

380 1207 807 1283 Σημείωσαιοῦν
834 1215 929 1266 καὶ
944 1214 1237 1286 ἀμφότερα
1268 1214 1395 1281 ξένα
1420 1215 1573 1279 ὄντα,
1602 1217 1694 1270 καὶ
1726 1217 1973 1287 χρήσιμα

378 1304 520 1359 κατὰ
550 1304 708 1360 πολύ.
755 1306 814 1359 Ὀ
844 1312 875 1359 ι’
910 1306 1018 1361 τίτ.
1087 1305 1180 1360 τοῦ
1228 1306 1317 1376 μζ¹
1349 1307 1491 1378 βιϐλ.
1528 1308 1637 1361 τῶν
1669 1308 1972 1373 διατάξεων

375 1398 535 1469 ὲτέθη
566 1400 646 1461 εἰς
677 1398 783 1453 τίτ.
817 1397 904 1452 Ito.’
932 1398 1027 1452 τοῦ
1062 1395 1102 1463 ξ’
1136 1398 1246 1469 βιϐ.
1277 1399 1386 1453 τῶν
1434 1398 1740 1454 Βασιλικῶν
1770 1400 1830 1464 ἐξ
1871 1400 1972 1453 αὑ-

374 1489 473 1558 τῆς
518 1490 736 1561 ἀρχῆς,
796 1491 893 1544 καὶ
939 1490 1093 1561 ζήτει
1146 1507 1273 1560 κεφ.
1320 1491 1554 1563 διάφορα
1606 1491 1799 1545 τούτου
1843 1492 1973 1561 περὶ

374 1581 613 1652 ὕϐρεων,
651 1582 748 1635 καὶ
773 1582 1075 1653 φαμούσων
1102 1583 1481 1655 διαλεγόμενα.
1532 1585 1605 1637 Τὸ
1640 1584 1691 1639 α’
1722 1602 1843 1654 κεφ.
1874 1583 1989 1638 τοῦ.

373 1672 542 1726 αὑτοῦ
591 1672 696 1725 τίτ.
728 1672 877 1741 λέγει
923 1674 1097 1727 ταῦτα
1141 1673 1340 1745 ῥητῶς.
1386 1674 1627 1739 Γενικῶς
1659 1676 1759 1746 μὲν
1812 1675 1973 1748 ὕϐρις

373 1767 593 1835 λέγεται
622 1766 683 1820 τὸ
712 1767 1052 1838 παράνομον,
1080 1765 1266 1828 ἰδικῶς
1301 1765 1357 1819 δὲ
1386 1766 1419 1837 ἡ
1454 1768 1851 1838 περιφρόνησις
1876 1768 1971 1821 καὶ

372 1862 406 1929 ὴ
440 1858 617 1929 ζημία
649 1859 724 1923 ὡς
760 1859 855 1912 ἐπὶ
882 1858 977 1912 τοῦ
1010 1858 1339 1926 Ἀκουιλίου,
1374 1857 1469 1913 καὶ
1495 1860 1528 1928 ἡ
1563 1859 1748 1913 ἀδικία
1776 1860 1851 1925 ὡς
1878 1860 1971 1913 ἐπὶ

2144 758 2441 816 Scholium.
2478 762 2713 820 Constit.
2760 764 2787 819 1
2840 765 2924 820 tit.
2983 766 3013 819 7
3064 768 3159 823 lib.
3198 787 3250 825 Ix
3289 770 3425 829 Cod.
3456 785 3539 831 est
3577 777 3673 832 lib.

2073 867 2139 905 ιι
2204 852 2285 907 tit.
2338 851 2439 921 '56,
2498 870 2619 925 cap.
2684 857 2787 922 15,
2852 860 2999 928 quod
3069 861 3249 926 habet,
3301 870 3578 934 qttomolo
3618 870 3672 924 in

2073 947 2398 1016 compendio
2460 948 2802 1018 propositum
2856 962 2958 1006 est.
3018 951 3226 1023 Digest.
3274 955 3297 1009 1
3360 958 3443 1011 tit.
3491 959 3525 1012 4
3579 960 3674 1014 lih.

2073 1055 2241 1095 XLVIII
2280 1048 2364 1095 est
2409 1040 2588 1095 thema
2644 1042 2679 1094 2
2723 1057 2843 1111 cap.
2880 1043 2913 1096 8
2962 1044 3043 1099 tit.
3098 1047 3167 1103 56
3223 1048 3318 1103 lib.
3379 1068 3468 1117 ιχ,
3521 1056 3671 1123 quod

2074 1147 2335 1200 expresse
2376 1132 2781 1202 complectitur,
2837 1150 3176 1206 qnazcnnque
3203 1139 3256 1193 in
3290 1150 3440 1197 textu
3470 1145 3675 1214 scripta

2075 1234 2227 1282 sunt.
2278 1223 2417 1280 Nota
2464 1226 2651 1296 itaque
2703 1238 3018 1297 utrumque,
3064 1242 3123 1285 ut
3170 1234 3576 1302 admirandum,
3618 1245 3675 1293 et

2075 1330 2209 1371 sane
2261 1330 2427 1385 quam
2469 1316 2627 1371 utile.
2678 1317 2786 1372 'l‘it.
2842 1318 2907 1372 10
2949 1320 3044 1374 lib.
3096 1339 3239 1378 vau
3294 1324 3415 1396 Dig.
3458 1328 3671 1396 positus

2074 1413 2157 1458 est
2198 1404 2250 1459 in
2287 1405 2373 1459 tit.
2405 1405 2469 1459 2i
2527 1405 2623 1461 lib.
2657 1421 2725 1461 1.x
2753 1407 2921 1463 Basil.
2960 1411 3029 1464 ab
3059 1410 3234 1477 initio,
3265 1416 3426 1483 cujus
3456 1418 3672 1475 diversa

2078 1498 2253 1566 capita
2289 1513 2505 1567 quaeras
2535 1498 2602 1553 de
2633 1499 2848 1569 injuriis
2877 1510 2931 1556 et
2954 1502 3183 1560 famosis
3211 1506 3455 1581 [libellis]
3491 1510 3670 1567 disse-

2074 1590 2272 1645 rentia.
2320 1588 2565 1645 Primum
2617 1601 2795 1646 autem
2837 1594 3081 1663 ejusdem
3127 1598 3212 1652 tit.
3260 1614 3385 1669 cap.
3433 1601 3551 1657 haec
3602 1604 3671 1658 ad

2073 1679 2300 1733 verbum
2363 1680 2908 1739 dicit:Generaliter
2964 1685 3161 1755 injuria
3232 1690 3452 1753 dicitur,
3510 1694 3672 1764 quid-

2074 1769 2204 1838 quid
2239 1786 2346 1824 non
2384 1770 2510 1840 jure
2548 1772 2604 1826 fit
2640 1791 2655 1828 :
2693 1775 3007 1844 specialiter
3046 1783 3401 1848 contumelia,
3432 1794 3486 1837 ct
3515 1784 3670 1840 dam-

2077 1877 2205 1915 num
2239 1859 2422 1933 [culpa
2448 1862 2682 1936 datum],
2717 1874 2773 1920 nt
2802 1866 2853 1921 in
2897 1866 3062 1941 [lege]
3086 1872 3305 1941 Aquilia
3342 1891 3353 1926 :
3388 1885 3443 1929 ct
3469 1874 3672 1945 iniqui-

372 1949 469 2002 τοῦ
498 1948 701 2013 ἀδίκως
732 1950 829 2002 καὶ
870 1950 1208 2019 παρανόμως
1239 1948 1646 2020 ψηφισαμένου.
1667 1950 1725 2003 Ὀ
1760 1949 1834 2003 λε’
1861 1951 1966 2006 τίτ.

2075 1964 2178 2019 Ias,
2214 1964 2275 2009 ut
2301 1955 2353 2009 in
2386 1971 2453 2011 eo
2478 1958 2570 2027 qui
2609 1959 2791 2029 inique
2822 1968 2876 2015 et
2903 1960 3102 2027 injuste
3142 1965 3469 2019 sententiam
3515 1941 3672 2022 dixit.

373 2043 467 2097 τοῦ
494 2042 537 2097 θ’
566 2043 711 2113 βιϐλ.
742 2043 838 2096 τοῦ
869 2041 1001 2097 κώδ.
1038 2042 1197 2114 ἐτέθη
1231 2043 1311 2107 είς
1340 2060 1467 2113 κεφ.
1504 2049 1599 2114 μγ’
1626 2042 1720 2097 τοῦ
1754 2050 1838 2097 κα¹
1859 2044 1966 2100 τίτ.

371 2133 464 2187 τοῦ
498 2132 540 2199 ξ’
580 2132 690 2205 βιϐ.
728 2133 907 2203 λέγονο
945 2134 1003 2186 Ὀ
1033 2133 1176 2187 κατὰ
1204 2133 1573 2203 συκοφαντίαν
1605 2136 1838 2205 κινήσας
1870 2137 1970 2207 τὴν

373 2226 503 2297 περὶ
531 2225 744 2298 ὕϐρεως
776 2226 1022 2298 ἀγωγὴν,
1049 2226 1082 2297 ἢ
1115 2225 1441 2299 ὲξορίζεται,
1470 2226 1503 2298 ἢ
1528 2226 1623 2280 τοῦ
1659 2228 1977 2299 ἀξιώματος

370 2321 734 2374 ἀποκινεῖται.
768 2320 879 2373 Καὶ
910 2322 937 2374 6
970 2318 1058 2384 λς’
1105 2320 1212 2374 τίτ.
1260 2318 1355 2374 τοῦ
1405 2320 1574 2374 αὑτοῦ
1607 2321 1750 2393 βιϐλ.
1793 2324 1971 2376 κεῖται

370 2410 453 2473 εἰς
478 2410 584 2464 τίτ.
617 2408 694 2479 ξγ¹
725 2410 819 2465 τοῦ
846 2410 887 2476 ξ’
924 2410 1093 2481 βιϐλ.,
1129 2410 1223 2465 καί
1256 2429 1389 2483 φησι
1414 2412 1476 2465 τὸ
1509 2418 1559 2465 α’
1600 2430 1727 2483 κεφ.
1758 2412 1960 2467 ταῦτα·

371 2505 490 2567 Πᾶς
516 2505 546 2558 6
579 2504 853 2576 εὑρίσκων
880 2504 1154 2576 φλυαρίαν
1181 2506 1658 2579 ὲσφραγισμένην,
1689 2505 1721 2577 ἢ
1754 2508 1972 2577 ἀσφρά-

380 2614 589 2666 γιστον,
616 2598 710 2649 καὶ
743 2596 817 2667 μὴ
846 2597 1189 2667 παραχρῆμα
1224 2599 1398 2652 καίων
1418 2640 1433 2665 ,
1479 2599 1617 2653 ἀλλὰ
1643 2600 1739 2653 καὶ
1772 2601 1970 2669 ἀναγι-

382 2692 634 2759 νώσκων,
668 2690 980 2745 ὑποκείσθω
1025 2690 1271 2761 τιμωρίᾳ
1304 2684 1470 2764 ᾗτινι
1520 2690 1779 2745 ὑπέκειτο
1816 2694 1912 2746 καὶ
1940 2693 1970 2745 6

373 2782 733 2847 συντεθεικὼς
789 2783 891 2854 τὴν
938 2783 1230 2856 φλυαρίαν.
1285 2783 1395 2837 Καὶ
1445 2800 1572 2852 κεφ.
1610 2784 1655 2855 β’
1696 2785 1756 2838 '0
1790 2785 1970 2855 εὑρὼν

373 2876 645 2945 φλυαρίαν
682 2876 871 2949 μηδενὶ
913 2876 1088 2948 ἑτέρῳ
1139 2874 1350 2944 λεγέτω
1383 2875 1483 2946 τὴν
1514 2876 1742 2949 δύναμιν
1773 2878 1967 2948 αὑτῆς,

372 2967 514 3021 ἀλλὰ
561 2966 845 3039 διαῤῥήξει
898 2968 1071 3039 αὑτὴν
1128 2968 1162 3039 ἢ
1216 2969 1444 3021 καύσει·
1490 2967 1520 3018 6
1562 2969 1621 3021 δὲ
1674 2968 1755 3039 μὴ
1791 2969 1971 3022 ταῦτα

373 3060 609 3130 ποιήσας
639 3060 907 3132 κεφαλικῇ
936 3061 1184 3135 τιμωρίᾳ
1230 3062 1696 3133 ὑποϐληθήσεται.
1716 3062 1969 3133 Πᾶςγὰρ

372 3152 593 3224 θαρρῶν
623 3152 768 3222 ἆπερ
800 3152 1048 3208 ἐντάττει
1093 3155 1153 3207 ὲν
1181 3156 1251 3227 τῇ
1300 3154 1543 3226 φλυαρίᾳ
1589 3154 1969 3226 κατηγορείτω

372 3244 661 3313 γινώσκων
694 3246 778 3299 ὅτι
830 3246 928 3299 ἐὰν
987 3246 1269 3317 ἀποδείξῃ,
1333 3248 1503 3318 τιμῆς
1563 3246 1835 3313 ἀξιοῦται,
1893 3247 1966 3318 μὴ
1995 3290 2040 3348 c

372 3336 667 3403 ἀποδείξας
701 3338 758 3391 δὲ
785 3341 1135 3408 τιμωρεῖται.
1180 3340 1236 3393 Ὀ
1264 3339 1323 3393 δὲ
1351 3338 1595 3403 τοιοῦτος
1624 3340 1834 3411 χάρτης
1868 3340 1969 3410 τὴν

374 3426 502 3480 καθ’
527 3422 588 3482 οὑ
619 3427 778 3498 ἐτέθη
808 3428 1081 3499 ὑπόληψιν
1110 3432 1185 3500 μὴ
1222 3429 1421 3501 βλάψῃ.
1470 3430 1528 3484 '0
1553 3430 1609 3483 δὲ
1640 3430 1682 3482 δ’
1724 3430 1838 3485 τίτ.
1870 3432 1970 3501 τῆς

372 3520 414 3572 δ’
458 3519 918 3586 ’ῐνστιτουτιῶνος
953 3523 1054 3576 οὑκ
1095 3522 1257 3593 ἐτέθη
1293 3523 1392 3593 μὲν
1423 3525 1506 3587 είς
1554 3523 1626 3577 τὰ
1680 3523 1968 3587 Βασιλικά,

374 3613 513 3683 φησι
539 3613 596 3667 δὲ
617 3613 717 3685 τὴν
762 3615 894 3687 περὶ¹
938 3614 1151 3688 ὕϐρεως
1199 3616 1428 3687 ἀγωγὴν
1473 3618 1567 3671 καὶ
1613 3617 1972 3687 χρηματικῶς

373 3706 473 3759 καὶ
504 3706 933 3778 ὲγκληματικῶς
982 3708 1273 3764 κινεῖσθαι.
1306 3709 1380 3763 Τὸ
1407 3709 1451 3781 β’
1484 3711 1579 3764 καὶ
1610 3708 1664 3775 ς’
1697 3710 1840 3765 διατ.
1875 3710 1968 3764 τοῦ

377 3798 421 3868 β’
455 3798 563 3852 τίτ.
591 3798 687 3852 τοῦ
721 3808 769 3869 γ’
803 3800 944 3870 βιϐλ.
970 3801 1083 3855 τῶν
1112 3800 1411 3867 διατάξεων
1459 3802 1620 3872 ἐτέθη
1645 3804 1739 3856 ἀπ’
1792 3802 1972 3873 ἀρχῆς

372 3892 469 3944 τοῦ
506 3898 555 3945 α’
588 3909 715 3962 κεφ.
748 3893 841 3947 τοῦ
876 3893 920 3965 β’
946 3894 1054 3948 τίτ.
1081 3894 1177 3948 τοῦ
1202 3901 1288 3949 κα’
1319 3895 1461 3966 βιϐλ.
1497 3896 1607 3949 τῶν
1638 3895 1969 3951 Βασιλικῶν.

372 3983 489 4038 Καὶ
548 3982 703 4052 ζήτει
734 3987 970 4058 διάφορα
1006 4005 1133 4055 κεφ.
1164 3987 1260 4041 τοῦ
1305 3988 1473 4043 αὑτοῦ
1511 3988 1654 4059 βιϐλ.
1706 3989 1803 4043 καὶ
1831 3989 1970 4052 τίτ.,

376 4077 655 4144 ἀνάγνωθι
680 4079 778 4133 καὶ
807 4087 854 4148 γ’
886 4080 1031 4152 θέμα
1057 4080 1153 4135 τοῦ
1188 4080 1237 4135 α’
1262 4098 1392 4151 κεφ.
1424 4080 1520 4135 τοῦ
1552 4081 1717 4135 αὑτοῦ
1748 4083 1972 4137 τίτ.καὶ

380 4170 523 4239 βιϐλ.
556 4172 948 4243 καταστρωθὲν
978 4175 1058 4239 είς
1085 4174 1147 4228 τὸ
1173 4172 1258 4238 κζ’
1281 4191 1409 4244 κεφ.
1444 4173 1539 4228 τοῦ
1569 4175 1837 4245 παρόντος
1860 4175 1969 4230 τίτ.

376 4262 508 4333 περὶ
533 4264 602 4317 τὰ
628 4265 789 4335 μέσα.

453 4354 709 4409 ΚΕΦΑΛ.
742 4356 865 4410 AZ'.
897 4384 969 4397 —-—
1000 4355 1143 4426 Περὶ
1169 4356 1291 4412 τῶν
1318 4358 1660 4412 ποιούντων
1700 4372 1975 4429 συνωμο-

374 4445 521 4511 σίας
550 4446 588 4515 ἣ
621 4447 931 4517 φρατρίας.

450 4536 679 4592 Συνόδου
723 4539 1072 4610 Χαλκηδόνος
1116 4540 1300 4595 κανὼν
1334 4540 1437 4612 ιη’·
1472 4541 1695 4596 συνόδου
1744 4542 1969 4613 Καρθαο

370 4629 571 4699 γέννης
595 4627 779 4683 κανὼν
810 4636 918 4699 νγ¹υ
951 4630 1172 4684 συνόδου
1205 4630 1258 4695 ς’
1290 4631 1472 4685 κανὼν
1505 4631 1602 4685 λδν.

448 4722 761 4790 Κειμενον.
813 4721 922 4775 Καὶ
951 4723 981 4775 6
1015 4723 1293 4786 πολιτικῆς
1324 4724 1489 4793 νόμος
1515 4726 1845 4796 τιμωρεῖται
1876 4726 1975 4789 τὰς

374 4815 670 4886 φρατρίας,
704 4814 800 4867 καὶ
826 4816 927 4878 τὰς
961 4815 1329 4886 συνωμοσίας,
1356 4816 1434 4881 ὡς
1465 4816 1609 4888 βιϐλ.
1641 4815 1754 4889 μη’,
1774 4818 1883 4872 τίτ.
1906 4817 1971 4885 δ’,

372 4908 472 4962 καὶ
498 4907 605 4961 τίτ.
631 4907 720 4975 ιθν,
747 4907 891 4963 διάτ.
927 4908 997 4963 ια’
1024 4908 1122 4963 καὶ
1151 4916 1249 4974 ις’.

451 5002 729 5069 Σχόλιον.
767 5002 826 5055 '0
854 5002 895 5055 δ’
925 5002 1033 5056 τίτ.
1063 5000 1159 5055 τοῦ
1194 5008 1283 5074 μην
1319 5001 1461 5073 βιϐλ.
1496 5003 1606 5055 τῶν
1632 5003 1777 5059 διατ.
1807 5001 1970 5073 ἐτέθη

376 5093 459 5155 εἰς
484 5094 576 5146 τὸν
608 5092 695 5159 λς’
717 5096 823 5149 τίτ.
854 5094 947 5150 τοῦ
987 5094 1027 5160 ξ’
1059 5094 1203 5165 βιϐλ.
1234 5096 1345 5149 τῶν
1382 5094 1709 5150 Βασιλικῶν.
1744 5096 1855 5150 Καὶ
1881 5095 1973 5167 ζή-

376 5203 461 5240 τει
497 5204 622 5255 κεφ.
666 5187 729 5243 δ’.
756 5188 921 5256 Λέγει
953 5188 1063 5261 γὰρ
1092 5189 1255 5243 τοῦτο
1288 5189 1429 5261 μετὰ
1456 5188 1519 5243 τὸ
1554 5189 1730 5242 εἰπεῖν
1760 5189 1828 5243 τὰ
1860 5190 1968 5259 πρὸ

375 5278 550 5334 αὑτοῦ
607 5296 737 5349 κεφ.
770 5281 917 5345 τίνες
952 5282 1233 5353 ἐνέχονται
1268 5282 1349 5354 τῷ
1397 5284 1524 5354 περὶ
1583 5281 1973 5345 καθοσιώσεως

374 5373 709 5444 ἐγκλήματι.
742 5373 918 5429 ταῦτα
949 5376 1153 5447 ῥητῶς,
1199 5377 1295 5431 καὶ
1340 5377 1369 5430 6
1418 5376 1770 5447 συνωμοσίαν
1826 5374 1970 5429 κατὰ

372 5468 475 5537 τῆς
519 5465 801 5531 πολιτείας
831 5470 1264 5539 παρασκευάσας
1298 5469 1577 5540 γενέσθαι,
1615 5470 1711 5523 καὶ
1770 5471 1798 5523 6
1846 5471 1970 5523 ἐπι-

374 5559 674 5625 ϐουλεύσας
725 5561 785 5614 ὲν
830 5563 1205 5633 στρατοπέδῳ,
1256 5563 1289 5635 ἢ
1343 5566 1456 5628 τοῖς
1500 5563 1786 5633 πολεμίοις
1831 5562 1973 5618 αὑτὰ

374 5652 634 5723 προδοὺς,
666 5654 761 5707 καὶ
790 5654 820 5707 6
852 5654 995 5707 κατὰ
1023 5655 1174 5709 δόλον
1203 5655 1508 5725 ἐμποδίσας
1538 5655 1972 5728 ὑπὸῬυ-μαίους

373 5740 633 5809 γενέσθαι
678 5743 805 5806 τοὺς
849 5742 1183 5815 πολεμίους,
1221 5745 1255 5816 ἢ
1310 5746 1739 5814 παρασκευάσας
1771 5746 1971 5811 αὐτοὺς

374 5832 660 5905 βοηθῆναι,
697 5834 973 5909 πλήθει,ἢ
1006 5836 1213 5901 ὅπλοις,
1241 5838 1275 5909 ἢ
1307 5837 1519 5903 ἵπποις,
1553 5838 1586 5909 ἢ
1620 5839 1899 5911 χρήμασιν
1936 5839 1970 5911 ἢ

375 5924 550 5998 ἑτέρῳ
574 5927 873 6001 οἱῳδῆποτε
904 5930 1163 6003 τρόπῳ,ἢ
1190 5932 1315 5999 τοὺς
1347 5931 1535 6003 φίλους
1560 5931 1662 6003 τῆς
1694 5932 1971 5999 πολιτείας

2073 2047 2184 2103 Tit.
2229 2049 2299 2103 55
2328 2049 2423 2105 lib.
2450 2067 2501 2104 Ix
2528 2050 2663 2105 Cod.
2710 2052 2920 2122 positus
2953 2064 3037 2109 est
3084 2055 3136 2110 in
3192 2072 3312 2126 cap.
3361 2060 3429 2111 4⁵5
3474 2060 3557 2114 tit.
3600 2059 3667 2114 2|

2070 2138 2165 2195 lib.
2199 2156 2291 2203 ιιι,
2328 2140 2477 2211 quod
2522 2142 2655 2198 dicit
2685 2162 2698 2197 :
2726 2141 2830 2209 Qui
2876 2145 3201 2215 injuriarum
3244 2148 3518 2204 actionem
3577 2165 3673 2218 per

2071 2233 2405 2288 calumniam
2458 2235 2721 2299 instituit,
2757 2246 2852 2292 aut
2879 2238 3172 2308 relegatur,
3213 2251 3309 2296 aut
3339 2256 3369 2295 a
3408 2242 3677 2312 dignitate

2073 2335 2379 2381 amovetur.
2430 2326 2541 2381 Tit.
2578 2328 2647 2383 56
2686 2327 2930 2399 ejusdem
2977 2331 3073 2386 lib.
3120 2332 3332 2402 positus
3382 2334 3543 2388 estin
3572 2334 3671 2388 lib.

2072 2415 2274 2476 1.x,tit.
2308 2416 2401 2483 65,
2429 2418 2595 2489 cujus
2646 2419 2671 2472 1
2720 2435 2840 2491 cap.
2888 2422 3002 2477 lucc
3048 2424 3223 2478 dicit:
3256 2424 3584 2496 Quicunque
3611 2426 3675 2480 li-

2072 2507 2275 2562 bellum
2305 2506 2574 2564 famosum
2603 2509 2953 2582 obsignatum
2991 2524 3087 2567 aut
3120 2530 3229 2569 non
3262 2515 3537 2586 signatum
3584 2532 3673 2571 rc-

2072 2600 2314 2670 periens,
2347 2616 2455 2655 non
2492 2602 2676 2656 statim
2721 2604 3112 2667 combusserit,
3146 2608 3240 2661 sed
3272 2607 3462 2677 legerit
3491 2624 3506 2662 :
3542 2608 3676 2663 suh-

2068 2690 2253 2761 jaceto
2307 2705 2505 2761 paenae,
2562 2709 2725 2763 quam
2780 2705 2976 2750 auctor
3036 2697 3157 2767 ejus
3215 2696 3673 2771 [deprehensus]

2071 2783 2304 2839 subiret.
2356 2785 2423 2839 Et
2454 2800 2575 2853 cap.
2612 2786 2668 2843 2.
2707 2784 2811 2853 Qui
2859 2788 3101 2845 libellum
3156 2789 3426 2847 famosum
3457 2808 3675 2862 repere-

2071 2875 2348 2954 rit,_nulli
2397 2878 2553 2932 alteri
2600 2879 2709 2931 vim
2740 2879 2861 2949 ejus
2916 2882 3088 2936 dicito
3128 2902 3140 2937 :
3180 2884 3274 2938 sed
3316 2884 3672 2954 disrumpito,

2071 2947 2530 3025 aut-fcmnburito.
2570 2969 2675 3037 Qui
2708 2972 2811 3027 hoc
2842 2989 2950 3027 non
2984 2974 3192 3041 fecerit,
3226 2976 3442 3045 capitali
3496 2992 3673 3047 preme

2072 3060 2483 3131 subjugahitur.
2548 3061 2692 3118 Sane
2738 3080 2867 3120 vero
2910 3067 3168 3136 quisque,
3214 3084 3336 3137 qua:
3368 3069 3422 3123 in
3460 3067 3674 3124 famoso

2072 3152 2261 3209 libello
2313 3169 2518 3223 ponere
2563 3155 2714 3222 velit,
2769 3172 2894 3211 cum
2958 3156 3155 3213 fiducia
3207 3158 3674 3217 defertozsciens

2072 3246 2219 3315 quod
2279 3246 2327 3300 si
2383 3244 2522 3319 [illa]
2581 3247 2914 3317 probaverit,
2988 3249 3193 3304 honore
3237 3250 3587 3321 dignandus:
3627 3254 3674 3305 si

2074 3353 2187 3393 non
2228 3338 2563 3407 probaverit,
2618 3339 2929 3409 puniendus
2958 3342 3083 3397 erit.
3120 3341 3433 3398 istiusmodi
3492 3352 3673 3398 autem

2074 3428 2311 3495 libellus,
2370 3429 2492 3499 ejus
2521 3430 2576 3483 in
2622 3447 2784 3500 quem
2842 3432 3023 3487 editus
3074 3444 3158 3488 est
3208 3434 3673 3488 existimationem

2074 3535 2181 3575 non
2233 3519 2400 3575 laedit.
2450 3521 2558 3577 Tit.
2592 3522 2623 3575 7
2678 3522 2821 3596 [lib.]
2854 3541 2905 3577 Iv
2934 3525 3112 3581 instit.
3166 3540 3275 3579 non
3310 3535 3395 3581 est
3455 3526 3671 3596 positus

2078 3612 2137 3667 in
2174 3611 2337 3668 Basil.
2376 3611 2519 3667 Dicit
2554 3624 2735 3669 autem
2768 3616 3092 3685 injuriarnm
3128 3618 3402 3672 actionem
3435 3628 3487 3672 et
3514 3633 3679 3686 ρεθυ-

2074 3705 2247 3759 niarie
2273 3714 2327 3759 et
2353 3706 2713 3761 criminaliter
2748 3709 2977 3763 moveri.
3012 3708 3217 3779 Digest.
3274 3708 3310 3762 2
3343 3719 3397 3764 et
3427 3709 3481 3773 6,
3510 3709 3593 3763 ιὶι.
3639 3709 3675 3761 2

2072 3796 2171 3851 lib.
2225 3813 2285 3852 III
2342 3797 2463 3868 Dig.
2519 3800 2697 3869 posita
2758 3810 2889 3855 sunt
2942 3803 2995 3855 in
3066 3802 3221 3856 initio
3268 3815 3389 3872 cap.
3440 3802 3460 3854 l
3518 3801 3603 3856 tit.
3650 3800 3686 3853 2

2075 3890 2171 3945 lib.
2203 3906 2297 3945 xu
2328 3890 2522 3956 Basil.,
2557 3892 2717 3963 cujus
2744 3893 2991 3963 ejusdem
3028 3894 3111 3949 tit.
3140 3895 3355 3949 diversa
3379 3910 3500 3964 cap.
3520 3909 3672 3964 quaa-

2076 3998 2194 4046 ras,
2232 3999 2296 4039 ac
2350 3983 2564 4056 [simul]
2613 3986 2763 4055 legas
2806 3987 2986 4041 thema
3019 3987 3052 4040 '5
3081 4003 3201 4055 cap.
3235 3987 3257 4041 1
3297 3987 3541 4053 ejusdem
3590 3988 3677 4041 tit.

2075 4086 2129 4129 et
2171 4075 2291 4142 lib.,
2325 4079 2466 4146 quod
2522 4077 2789 4132 insertum
2837 4086 2921 4134 est
2950 4077 3021 4130 27
3066 4093 3191 4147 cap.
3245 4078 3532 4147 praesentis
3586 4078 3671 4130 tit.

2075 4168 2221 4223 circa
2258 4170 2523 4224 medium.

2147 4348 2303 4407 CAP.
2350 4350 2619 4408 XXXVII.
2660 4381 2724 4391 -—
2774 4351 2850 4408 De
2896 4353 2962 4406 iis
3008 4352 3098 4422 qui
3140 4349 3531 4419 conjurationes
3582 4358 3676 4404 aut

2077 4444 2335 4514 factiones
2367 4445 2598 4513 faciunt.

2146 4536 2377 4593 Concilii
2417 4538 2886 4595 Chalcedonensis
2940 4553 3118 4595 canon
3152 4538 3253 4603 18;
3285 4536 3505 4593 concilii
3538 4536 3675 4593 Car-

2006 4638 2047 4697 D
2078 4629 2412 4700 thugincnsis
2450 4645 2624 4685 canon
2658 4630 2759 4695 53;
2801 4630 3018 4684 concilii
3048 4645 3099 4682 Vl
3134 4643 3309 4683 canon
3340 4628 3433 4682 ⁸51.

2155 4724 2371 4780 Texms.
2414 4723 2605 4780 Civilis
2630 4725 2793 4778 etiam
2824 4723 2909 4777 lex
2935 4721 3205 4777 factiones
3230 4730 3395 4791 atque
3420 4719 3680 4799 conjura—

2080 4818 2255 4872 tiones
2278 4818 2465 4888 punit;
2487 4815 2949 4888 quemadmodum
2979 4814 3073 4867 lib.
3104 4814 3195 4878 48,
3227 4813 3311 4868 ιὶι.
3336 4812 3369 4867 4
3390 4820 3442 4868 et
3470 4813 3551 4867 tit.
3586 4809 3677 4877 19,

2076 4911 2347 4980 digestum
2376 4911 2461 4976 ll,
2490 4918 2545 4963 et
2570 4909 2665 4963 lib.
2703 4923 2792 4962 va
2826 4905 3091 4979 [docent].

2150 4999 2445 5055 Scholium.
2497 4998 2605 5055 Tit.
2658 5001 2689 5054 4
2726 5000 2822 5054 lib.
2867 5014 3037 5053 xum
3082 4998 3203 5071 Dig.
3257 4997 3471 5068 positus
3505 5007 3589 5052 est
3622 4996 3678 5051 in

2077 5094 2162 5149 tit.
2203 5092 2272 5149 56
2298 5095 2389 5148 lib.
2422 5109 2491 5148 ιι
2518 5092 2710 5156 Basil.,
2743 5091 2901 5159 cujus
2928 5092 3107 5162 4cap.
3137 5106 3342 5162 quaere.
3378 5090 3465 5144 Ait
3492 5098 3677 5144 autem

2077 5188 2235 5248 illud.
2274 5196 2630 5257 posteaquam
2682 5186 2859 5254 ipsum
2892 5184 3254 5255 praecedentia
3298 5197 3419 5253 cap.
3449 5184 3676 5254 quinam

2076 5280 2221 5336 laesa:
2272 5279 2573 5349 majestatis
2612 5279 2844 5334 crimine
2887 5286 3200 5343 teneantur,
3253 5276 3515 5331 dixerunt
3563 5276 3681 5331 lucc

2077 5374 2134 5428 in
2188 5375 2305 5429 haec
2341 5373 2508 5429 verba
2538 5392 2550 5427 :
2583 5381 2637 5428 et
2665 5372 2760 5444 qui
2805 5372 3005 5437 ell’ecit,
3049 5381 3107 5427 ut
3136 5372 3406 5428 adversus
3452 5386 3677 5440 rempu-

2076 5467 2277 5523 blicam
2327 5469 2839 5537 conjuraretnrzet
2887 5467 2979 5537 qui
3040 5468 3093 5521 in
3151 5466 3395 5521 exercitu
3436 5464 3676 5519 "insidias

2075 5561 2299 5624 struxit,
2329 5575 2523 5616 eumve
2550 5560 2802 5616 hostibus
2834 5560 3073 5631 prodidit
3100 5577 3114 5614 :
3140 5568 3194 5614 et
3212 5558 3452 5629 quidolo
3480 5554 3674 5629 [malo]

2076 5654 2344 5724 impediit,
2389 5654 2687 5725 quominus
2742 5654 2933 5711 hostes
2993 5654 3047 5708 in
3094 5661 3419 5723 potestatem
3472 5650 3676 5703 Roma-

2075 5763 2271 5803 norum
2315 5748 2633 5801 devenirent
2666 5765 2678 5801 :
2711 5756 2805 5802 aut
2849 5747 3007 5816 cujus
3048 5761 3213 5816 opera
3266 5745 3453 5798 hostes
3500 5741 3680 5813 [com-

2076 5839 2313 5913 meatus]
2346 5841 2525 5911 copia,
2555 5840 2745 5903 armis,
2798 5842 2976 5911 cquis,
3014 5841 3269 5910 pecunia,
3307 5837 3483 5892 aliove
3513 5837 3678 5890 modo

2076 5934 2247 6007 adjuti
2314 5933 2684 5991 fuerint:aut
2736 5951 2800 5993 cx
2862 5933 3171 6006 rcipuhlicm
3232 5932 3424 5987 amicis
3492 5932 3681 5990 hostes
