4142 6434
407 428 544 497 11141

1334 427 1823 490 NOMOCANON.
1861 451 1933 464 --
1962 428 2110 490 ΤΙΤ.
2152 428 2259 504 IX,
2299 429 2461 490 CAP.
2496 428 2773 490 XXXIX.
2833 424 2845 433 ’

3571 424 3709 488 1112

416 547 483 601 Ἦ
515 552 578 601 ιε’
619 545 763 601 διάτ.
789 543 886 599 τοῦ
921 542 1007 616 μζ⁹
1038 541 1147 598 τίτ.
1174 539 1274 595 τοῦ
1305 539 1348 594 θ’
1397 540 1539 611 βιὸλ.
1572 540 1667 595 τοῦ
1692 540 1849 607 κώδ.,
1876 539 1995 595 ἔστι

2119 543 2226 610 ilt.,
2257 552 2312 598 et
2340 543 2433 598 lib.
2466 559 2564 608 vn,
2599 543 2706 611 tit.,
2730 543 2786 607 2,
2818 557 2938 613 cap.
2956 542 3047 605 20.
3072 552 3125 599 et
3147 543 3244 598 lib.
3275 560 3351 610 ιιι,
3386 542 3469 599 tit.
3502 542 3554 609 1,
3587 558 3707 613 cap.

402 658 531 709 κεφ.
578 646 651 693 νε⁹
701 637 797 692 τοῦ
829 636 911 692 να⁹
960 636 1069 691 τίτ.
1116 633 1212 688 τοῦ
1270 633 1317 699 ξ’
1344 633 1487 703 βιὸλ.
1538 632 1647 688 τῶν
1690 631 1998 688 Βασιλικῶν

2106 634 2176 689 84
2207 642 2261 688 et
2290 634 2413 699 127,
2445 642 2501 690 et
2528 635 2623 690 lib.
2654 652 2763 699 Lvr,
2797 635 2882 690 tit.
2925 636 2982 701 8,
3018 652 3139 708 cap.
3174 637 3267 694 29.

404 731 548 787 οὕτω
578 731 738 801 λέγον
771 750 785 764 ·
827 729 940 803 Τὴν
966 728 1242 801 τιμωρίαν
1291 727 1393 781 οὐκ
1421 724 1599 792 ἔξεστι
1642 726 1721 798 τῷ
1769 729 1990 799 ἄρχοντι
2044 727 2456 782 ἀνακαλεῖσθαι.
2503 730 2665 801 Ζήτει
2721 732 2818 784 καὶ
2860 731 2964 785 τίτ.
3011 738 3053 786 ν’
3084 731 3180 785 τοῦ
3249 730 3414 786 αὐτοῦ
3480 732 3521 797 ξ’
3562 731 3705 803 βιϐλ-

406 822 609 892 κιεφια¹
643 823 793 895 Θέμα
816 824 1134 877 τελευταῖον
1185 820 1281 876 καὶ
1324 818 1468 891 βι6λ.
1504 817 1550 883 ζ’
1578 817 1682 873 τίτ.
1722 817 1765 890 3'
1795 837 1923 890 κεφ.
1962 817 2009 873 κ’
2048 820 2145 875 καὶ
2172 820 2312 891 βιὸλ.
2342 821 2388 875 θ’
2422 822 2527 876 τίτ.
2604 819 2653 875 α’
2685 839 2812 893 κεφ.
2841 823 2924 877 πδ⁹
2952 823 3047 877 καὶ
3114 821 3256 895 ρκζ¹,
3292 821 3388 877 καὶ
3417 822 3561 894 βιὸλ.
3594 820 3703 888 νς’,

403 913 512 968 τίτ.
541 919 613 984 η’,
642 931 770 983 κεφ.
801 912 908 967 κθ’.
1468 953 1473 958 .

478 1006 794 1075 Κείμενον.
833 1005 924 1059 Ἐν
951 1004 1008 1059 δὲ
1048 1002 1127 1075 τῷ
1173 1003 1261 1075 με’
1298 1004 1634 1076 διατάγματι
1665 1002 1758 1057 τοῦ
1799 1010 1846 1057 α’
1886 1005 1995 1060 τίτ.

403 1097 499 1153 τοῦ
533 1097 620 1170 μβ’
653 1097 793 1170 βιόλ.
830 1096 1017 1168 φησιν,
1048 1113 1103 1152 κ.
1133 1114 1186 1151 τ.
1221 1097 1298 1165 λ.,
1348 1114 1525 1172 usque
1559 1096 1627 1152 ad
1656 1096 1690 1169 ἢ
1722 1095 2000 1169 ἐλευθεροῖ

405 1191 590 1256 αὐτὸν,
626 1190 660 1263 ἢ
691 1191 835 1260 μειοῖ
862 1189 961 1260 τὴν
992 1189 1203 1262 ποινήν.

478 1283 760 1352 Σχόλιον.
803 1281 879 1335 Τὸ
913 1287 997 1352 με’
1031 1280 1174 1338 διάτ.
1198 1281 1294 1336 τοῦ
1341 1280 1390 1336 α’
1437 1281 1544 1337 τίτ.
1583 1280 1678 1335 τοῦ
1712 1279 1799 1352 μβ¹
1830 1279 1999 1352 βιϐλ..

406 1374 520 1429 ἔστι
559 1375 704 1446 θέμα
732 1376 1140 1450 παρατέλευτον
1163 1376 1258 1431 τοῦ
1297 1374 1394 1448 μς’
1419 1394 1546 1445 κεφ.
1580 1375 1675 1431 τοῦ
1697 1383 1746 1445 γ’
1772 1377 1879 1429 τίτ.
1901 1373 1996 1429 τοῦ

406 1467 453 1522 θ’
506 1467 649 1538 βιόλ.
706 1469 818 1522 τῶν
867 1469 1176 1524 Βασιλικῶν
1227 1468 1401 1533 οὕτως
1452 1469 1577 1540 ἔχον
1630 1469 1708 1534 ὡς
1755 1469 1995 1539 ἐγράφη.

417 1560 720 1632 Ἐρωτήσει
751 1560 809 1615 δέ
838 1578 925 1625 τις
955 1560 1052 1615 καὶ
1099 1562 1199 1632 μὲν
1240 1562 1303 1615 τὸ
1346 1561 1735 1631 καταστρωθὲν
1767 1559 1998 1614 ὄπισθεν

410 1652 479 1723 ιγ’
510 1670 638 1724 κεφ.
668 1653 764 1707 τοῦ
800 1659 881 1708 va’
905 1654 1014 1709 τίτ.
1048 1653 1143 1708 τοῦ
1175 1653 1216 1719 ξ’
1248 1652 1391 1725 βι6λ.
1426 1654 1576 1723 λέγει
1603 1653 1866 1708 δύνασθαι
1896 1654 1999 1725 τὴν

404 1745 667 1814 δικαστὴν
718 1743 905 1809 αὔξειν
955 1745 1051 1799 καὶ
1103 1744 1293 1816 μειοῦν
1325 1744 1424 1815 τὴν
1470 1747 1682 1815 ποινήν.
1734 1745 1860 1810 Πῶς
1904 1742 1999 1801 οὖν

408 1836 649 1891 ἐνταῦθα
684 1837 832 1906 λέγει
879 1838 947 1892 τὸ
983 1837 1249 1905 ἐναντίον,
1281 1838 1311 1891 6
1342 1837 1443 1908 μὲν
1472 1836 1710 1903 δικάζων
1741 1838 1996 1911 ὲξτραορ-

406 1929 647 2001 διναρίου
698 1929 951 2001 ἔγκλημα
996 1929 1221 1985 δύναται
1268 1928 1456 1996 αὕξειν
1509 1929 1605 1985 καὶ
1658 1931 1844 2001 μειοῦν
1902 1930 2001 2003 τὴν
2036 1913 2077 1969 Β

409 2022 626 2093 ποινὴν,
672 2024 700 2075 6
741 2022 801 2075 δὲ
844 2021 934 2076 διά
966 2022 1076 2076 τῶν
1106 2022 1534 2094 ὲγκληματικῶς
1568 2022 1826 2094 ὲνορδίνῳ
1859 2023 1997 2077 ὑπο-

407 2113 556 2168 Οέσει
581 2111 691 2167 ἀπὺ
720 2113 887 2184 νόμου
918 2113 1116 2186 ἐχούσῃ
1157 2114 1479 2187 ὡρισμένην
1526 2115 1718 2186 ποινὴν
1751 2115 1811 2169 οὐ
1846 2114 2003 2171 δύνα-

403 2222 498 2258 ται
556 2205 715 2259 τοῦτο
762 2208 956 2260 ποιεῖν.
992 2207 1064 2259 Ἢ
1098 2206 1222 2260 είπὲ
1267 2207 1351 2261 ὅτι
1398 2207 1506 2279 πρὸ
1536 2206 1637 2279 μὲν
1671 2206 2004 2276 ἀποφάσεως

405 2295 631 2351 δύναται
663 2294 849 2362 αὔξειν
876 2297 972 2351 καὶ
1005 2297 1192 2369 μειοῦν
1217 2298 1316 2369 τὴν
1344 2298 1558 2367 ποινὴν,
1586 2296 1689 2352 κᾶν
1719 2297 2003 2369 ὡρισμένη

409 2388 521 2442 ἀπὸ
545 2388 640 2443 τοῦ
670 2388 838 2460 νόμου
864 2387 1000 2443 ἐστι.
1030 2389 1186 2443 Μετά
1214 2388 1271 2442 δὲ
1303 2389 1403 2460 τὴν
1435 2390 1712 2458 ἀπόφασιν
1746 2390 1806 2442 οὐ
1841 2388 2003 2442 δύνα-

408 2500 522 2537 ται.
558 2480 848 2537 Πέπαυται
894 2483 1004 2554 γάρ
1034 2482 1129 2536 τοῦ
1174 2478 1317 2537 εῖναι
1361 2481 1646 2553 δικαστής.
1707 2483 1817 2535 Καὶ
1852 2481 2004 2553 ζήτει

412 2574 651 2645 κεφ..ιδ’,
676 2574 774 2629 τοῦ
803 2574 970 2629 αὐτοῦ
997 2581 1099 2640 να⁹,
1131 2575 1238 2631 τίτ.
1273 2574 1369 2628 τοῦ
1402 2572 1442 2640 ξ’
1476 2574 1619 2646 βιϐλ.
1645 2573 1791 2629 οὕτω
1817 2573 2002 2638 λῦσον,

416 2666 513 2720 καὶ
542 2665 604 2719 τὸ
632 2662 685 2737 η’
744 2665 888 2737 θέμα
912 2665 1009 2720 τοῦ
1050 2664 1119 2734 ιγ’
1150 2682 1274 2734 κεφ.
1300 2664 1395 2719 τοῦ
1429 2663 1513 2719 κα¹
1547 2664 1712 2736 3t6).,
1745 2664 1840 2718 καὶ
1871 2665 1931 2717 τὸ
1959 2670 2008 2733 γ’

420 2758 517 2811 καὶ
545 2757 589 2812 δ’
619 2774 748 2828 κεφ.
778 2757 873 2812 τοῦ
909 2764 956 2828 γ’
990 2757 1098 2814 τίτ.
1139 2758 1236 2813 τοῦ
1278 2756 1444 2811 αὑτοῦ
1497 2756 1639 2828 βιόλ.
1683 2757 1758 2811 Τὸ
1786 2763 1833 2810 α’
1863 2756 2006 2811 διάτ.

416 2844 513 2898 τοῦ
543 2846 612 2918 ιη’
640 2846 749 2903 τίτ.
782 2846 877 2901 τοῦ
909 2847 999 2919 μη’
1035 2847 1203 2919 βιόλ.,
1244 2847 1361 2903 ἐστι
1391 2848 1536 2919 θέμα
1574 2848 1638 2901 ιϐ’
1680 2846 1777 2901 τοῦ
1806 2847 1853 2901 α’
1881 2865 2007 2918 κεφ.

417 2936 513 2990 τοῦ
542 2935 585 2990 ν’
618 2938 724 2994 τίτ.
754 2940 849 2994 τοῦ
886 2940 929 3006 ξ’
964 2940 1105 3012 βιὸλ.
1161 2942 1231 2996 τά
1270 2940 1412 2997 αὑτά
1449 2940 1610 3009 λέγον
1637 2941 1737 2994 ὅσα
1773 2940 2009 3011 συνωψίο

421 3026 651 3097 σθησαν.
706 3030 781 3083 Τὸ
838 3030 882 3084 θ’
927 3031 1072 3087 διάτ.
1113 3031 1208 3086 τοῦ
1239 3031 1407 3086 αὑτοῦ
1432 3030 1543 3089 τίτ.
1592 3031 1689 3085 καὶ
1724 3030 1868 3103 βι6λ.
1900 3030 2014 3085 τῶν

417 3120 561 3175 διατ.
594 3122 887 3195 οὑκνὲτέθη
918 3125 999 3189 εἰς
1022 3124 1091 3178 τά
1119 3124 1407 3181 Βασιλικά.
1435 3123 1509 3177 T6
1536 3121 1621 3189 κζ’
1653 3140 1781 3193 κεφ.
1810 3123 1905 3177 τοῦ
1945 3123 2009 3177 ιδ’

419 3213 525 3267 τίτ.
564 3213 661 3267 τοῦ
709 3223 800 3289 μη⁸
829 3216 970 3288 βιόλ.
999 3216 1109 3272 τῶν
1139 3216 1461 3284 διατάξεων,
1494 3215 1610 3271 ἔστι
1658 3215 1802 3286 θέμα
1828 3216 1870 3286 β’
1918 3216 2012 3270 τοῦ

422 3305 508 3369 κζ’
536 3325 659 3379 κεφ.
686 3308 782 3362 τοῦ
812 3307 890 3363 να⁹
919 3309 1025 3364 τίτ.
1056 3308 1151 3362 τοῦ
1187 3308 1227 3375 ξ’
1257 3308 1397 3380 βιϐλ.
1429 3308 1603 3372 οὕτως
1632 3308 1775 3379 ἔχον,
1802 3308 1935 3363 Ἐὰν
1967 3311 2017 3363 οἱ

422 3398 857 3472 πολιτευόμενοι,
914 3401 949 3473 ἢ
977 3404 1026 3456 οἱ
1060 3403 1161 3473 τῆς
1189 3401 1401 3467 πόλεως
1433 3401 1808 3473 πρωτεύοντες
1837 3401 2019 3473 ἁμάρ-

419 3495 561 3548 τωσί
586 3512 642 3549 τι
668 3495 968 3567 κεφαλικδν
992 3496 1069 3561 ὡς
1097 3495 1282 3562 ἀξίους
1316 3497 1518 3561 αὐτοὺς
1545 3490 1687 3550 εἶναι
1716 3495 1955 3569 ὲξορίας,
1982 3496 2017 3567 ἦ

423 3588 808 3660 περιορισμσῦ,
834 3589 868 3662 ἢ
898 3589 1203 3661 κεφαλικῆς
1230 3589 1523 3663 τιμωρίας,
1543 3590 1627 3644 δεῖ
1654 3590 1746 3644 τὸν
1772 3589 2018 3661 ἄρχοντα

422 3679 745 3752 δεδεμένους
773 3681 975 3748 αὐτοὺς
1002 3682 1319 3752 φυλάττειν,
1353 3682 1450 3737 καὶ
1476 3683 1774 3753 ἀναφέρειν
1800 3681 1878 3753 τῷ
1908 3683 2019 3736 Βα-

426 3771 564 3827 σιλεῖ
594 3772 1044 3845 προσζευγνύντα
1076 3775 1143 3846 τῇ
1173 3774 1425 3844 ἀναφορᾷ
1456 3773 1553 3826 καὶ
1587 3773 1687 3844 τὴν
1722 3770 1809 3825 ἐπ’
1834 3771 2021 3833 αὐτοῖς

422 3860 625 3932 ψῆφον.
654 3862 730 3916 Τὸ
761 3861 819 3915 δὲ
848 3868 897 3917 α’
922 3862 1066 3935 θέμα
1084 3862 1180 3917 τοῦ
1230 3862 1399 3917 αὐτοῦ
1433 3879 1561 3933 κεφ.
1599 3859 1681 3927 κζ’
1718 3862 1885 3932 φησὶν
1910 3901 1925 3925 ,
1956 3860 2020 3913 Ol

425 3952 688 4022 ἄρχοντες
715 3953 815 4017 τὰς
846 3952 986 4019 ἰδίας
1020 3954 1329 4026 ἀποφάσεις
1351 3954 1681 4026 ἀνατρέπειν
1696 3954 1757 4008 οὐ
1774 3952 2019 4017 δύναται,

428 4044 527 4098 καὶ
559 4045 645 4115 ἐφ’
671 4046 800 4118 ἑξῆς
827 4048 928 4102 ὅσα
952 4047 1399 4120 συνωψίσθησαν.

501 4137 813 4205 Κειμενον.
868 4138 1057 4193 Ταῦτα
1109 4139 1239 4212 περὶ
1288 4138 1592 4193 αὐτοτελῶν
1639 4140 1857 4210 εἴρηται
1915 4136 2038 4207 ψήι

430 4244 568 4298 φων,
610 4247 665 4284 κ.
698 4248 750 4286 τ.
784 4231 875 4300 λ.,
921 4248 1098 4305 usque
1146 4234 1216 4290 ad
1246 4233 1532 4306 δικαστὴς,
1577 4234 1654 4299 ὡς
1705 4233 1851 4307 βιδλ·
1905 4232 2021 4305 eﬁ'.

427 4321 571 4379 διάτ.
606 4329 701 4377 νεν.

501 4416 781 4485 Σχόλιον.
815 4416 889 4471 Τὸ
921 4414 981 4471 ιδ’
1004 4417 1145 4473 διάτ.
1172 4418 1267 4472 τοῦ
1299 4418 1348 4472 α’
1378 4418 1488 4474 τίτ.
1518 4417 1611 4472 τοῦ
1636 4418 1724 4490 μβ¹
1744 4418 1884 4491 βιϐλ.
1913 4417 2024 4472 τῶν

427 4508 752 4575 διατάξεων,
802 4511 919 4566 ἔστι
961 4529 1090 4583 κεφ.
1125 4512 1184 4567 ιδ’
1218 4513 1314 4567 τοῦ
1352 4519 1402 4584 γ’
1437 4514 1544 4569 τίτ.
1582 4514 1678 4568 τοῦ
1724 4513 1767 4567 θ’
1803 4514 1943 4584 βιὸλ.
1996 4516 2025 4568 ὅ

2096 998 2144 1034 ⁷
2176 999 2391 1057 Textus.
2426 1003 2484 1057 ln
2511 1001 2705 1073 digest.
2744 1002 2816 1058 45
2849 1003 2932 1059 ιῑι.
2966 1005 2989 1059 1
3029 1004 3127 1059 lib.
3163 1022 3295 1071 xui,
3334 1021 3551 1077 poenam
3583 1023 3708 1064 sen-

2100 1099 2291 1166 tentia,
2310 1108 2610 1170 etc.,usque
2634 1098 2704 1155 ad
2726 1109 2821 1156 ant
2847 1116 3066 1173 poenam
3100 1102 3317 1170 minuit,
3343 1111 3400 1157 ut
3427 1120 3550 1175 pag.
3574 1104 3703 1171 814,

2104 1191 2234 1248 815.

2174 1280 2478 1342 Scltolium.
2542 1281 2748 1353 Digest.
2781 1282 2853 1337 45
2909 1281 2996 1337 tit.
3050 1282 3075 1336 1
3128 1281 3223 1337 lib.
3264 1298 3375 1337 xm
3402 1292 3487 1338 est
3519 1282 3705 1338 thema

2101 1377 2312 1451 penult.
2363 1391 2485 1446 cap.
2520 1373 2591 1428 46
2640 1375 2725 1427 tit.
2764 1372 2798 1427 ὅ
2848 1372 2943 1429 lib.
2993 1389 3047 1428 rx
3084 1371 3276 1437 Basil.,
3324 1373 3471 1444 quod
3516 1374 3704 1439 habet,

2104 1469 2384 1542 quomodo
2406 1466 2673 1536 scriptum
2705 1474 2809 1520 est.
2844 1465 3203 1536 lnterrogabit
3240 1480 3370 1521 vero
3401 1466 3703 1536 quispiam,

2103 1580 2226 1622 eum
2267 1578 2390 1635 cap.
2446 1562 2513 1617 15
2545 1560 2630 1615 tit.
2664 1559 2726 1613 51
2760 1559 2855 1613 lib.
2890 1574 2979 1624 ιιι,
3020 1560 3184 1629 paulo
3224 1568 3351 1615 ante
3413 1559 3705 1623 insertum,

2097 1657 2341 1729 jutlieem
2391 1670 2589 1727 augere
2631 1663 2684 1710 et
2718 1653 2967 1708 minuere
3014 1667 3232 1723 poenam
3291 1666 3453 1722 posse
3510 1651 3704 1716 dicat,

2103 1765 2211 1820 qua
2260 1749 2472 1803 ratione
2530 1748 2619 1802 hic
2664 1746 2879 1802 dicatur
2935 1746 3319 1813 contrarium;
3369 1744 3529 1817 [sane
3577 1758 3709 1799 vero

2104 1841 2197 1909 qui
2245 1837 2679 1894 extraordinaria
2729 1836 2796 1891 de
2834 1834 3065 1891 crimine
3107 1834 3334 1904 judicat,
3400 1848 3601 1903 augere
3652 1841 3709 1887 et

2108 1930 2358 1985 minuere
2396 1941 2617 1997 pmnam
2662 1934 2882 1997 potest:
2916 1925 3010 1995 qui
3064 1933 3249 1979 autem
3300 1923 3368 1979 de
3423 1923 3705 1977 ordinaria

2106 2036 2297 2087 causa,
2329 2034 2451 2090 quae
2480 2033 2546 2073 ex
2577 2017 2697 2087 lege
2730 2016 3010 2071 deﬁnitam
3041 2027 3096 2070 et
3129 2026 3332 2071 certam
3362 2030 3579 2085 poenam
3613 2015 3711 2068 ha-

2105 2112 2218 2177 bet,
2243 2106 2857 2179 criminaliterjudicat,
2902 2106 2951 2160 id
2986 2104 3168 2160 facere
3201 2122 3308 2159 non
3365 2112 3562 2175 potest.
3602 2103 3713 2157 Aut

2106 2203 2282 2268 dicas,
2316 2201 2462 2272 quod
2493 2210 2621 2256 ante
2656 2200 2984 2255 sententiam
3031 2197 3252 2267 quidem
3289 2211 3492 2267 augere
3521 2203 3576 2251 et
3608 2195 3712 2249 mi-

2106 2311 2278 2352 nuere
2308 2309 2551 2365 poenam,
2594 2292 2760 2347 etiam
2797 2307 2827 2346 a
2858 2291 2977 2362 lege
3000 2289 3302 2351 deﬁnitam,
3337 2287 3513 2359 possit
3544 2303 3557 2339 :
3590 2292 3716 2357 post

2108 2388 2438 2445 sententiam
2473 2396 2656 2441 autem
2694 2399 2804 2439 non
2839 2383 3016 2454 possit
3050 2401 3063 2437 :
3094 2381 3257 2437 desiit
3296 2380 3445 2435 enim
3478 2392 3599 2434 esse
3622 2377 3715 2446 ju-

2109 2483 2236 2537 dex.
2288 2479 2565 2547 Quorsum
2616 2492 2832 2548 quaeras
2878 2491 2998 2546 cap.
3062 2474 3129 2529 14
3164 2473 3408 2544 ejusdem
3466 2472 3530 2528 51
3568 2470 3713 2525 tituli

2109 2572 2211 2628 lib.
2249 2588 2340 2626 ιχ.
2380 2567 2608 2643 [Atque]
2642 2570 2696 2623 in
2733 2568 2881 2623 hunc
2924 2563 3197 2638 [quidem]
3252 2565 3476 2619 modum
3530 2562 3715 2617 solvas

2111 2667 2227 2723 et8
2261 2667 2444 2721 thema
2493 2679 2614 2735 cap.
2662 2663 2730 2718 l5
2790 2662 2875 2716 tit.
2945 2660 2984 2714 2
3032 2660 3126 2715 lib.
3177 2674 3271 2713 ut
3309 2667 3363 2714 et
3414 2658 3448 2711 ὃ
3486 2665 3652 2726 atque
3684 2654 3719 2708 4

2112 2772 2235 2830 cap.
2292 2756 2375 2811 tit.
2420 2756 2453 2811 5
2498 2753 2741 2825 ejusdem
2797 2751 2940 2807 libri.
2996 2750 3200 2818 Digest.
3264 2750 3289 2802 1
3371 2747 3453 2803 tit.
3508 2747 3575 2803 l8
3619 2745 3718 2800 lib-

2112 2866 2284 2906 xnvm
2334 2857 2417 2905 est
2465 2847 2645 2901 thema
2678 2845 2751 2901 19
2788 2860 2910 2915 cap.
2948 2844 2971 2897 1
3012 2842 3096 2898 tit.
3156 2841 3229 2897 50
3283 2841 3379 2895 lib.
3433 2856 3524 2904 ιι,
3572 2837 3717 2908 quod

2114 2944 2306 3000 eadem
2370 2943 2525 3007 dicit,
2586 2956 2707 3009 qua:
2756 2938 2815 2993 in
2860 2938 3185 3008 compendio
3235 2944 3365 2991 sunt
3410 2933 3714 3005 proposita.

2117 3036 2324 3106 Digest.
2358 3035 2391 3089 9
2420 3034 2506 3088 tit.
2559 3034 2626 3087 19
2659 3031 2906 3103 ejusdem
2960 3030 3056 3085 lib.
3083 3029 3203 3099 Dig.
3229 3043 3340 3083 non
3371 3037 3454 3082 est
3480 3025 3720 3095 positum

2117 3130 2173 3185 in
2223 3129 2389 3185 Basil.
2438 3128 2643 3198 Digest.
2712 3125 2784 3180 27
2826 3123 3071 3192 ejusdem
3119 3122 3206 3178 tit.
3255 3130 3310 3176 et
3347 3120 3444 3175 lib.
3481 3118 3599 3188 Dig.
3638 3126 3724 3173 est

2118 3223 2305 3277 thema
2335 3220 2372 3274 2
2405 3234 2525 3289 cap.
2584 3217 2656 3272 27
2691 3218 2773 3273 tit.
2832 3216 2894 3270 51
2926 3215 3025 3270 lib.
3057 3230 3146 3279 ιτ,
3206 3211 3353 3282 quod
3394 3211 3474 3266 sic
3511 3210 3673 3263 habet
3704 3222 3721 3260 :

2122 3313 2178 3370 Si
2239 3313 2567 3369 decuriones
2620 3311 2706 3367 vel
2771 3309 3103 3382 principales
3154 3306 3439 3362 civitatum
3491 3300 3724 3373 capitale

2120 3403 2335 3475 aliquid.
2381 3403 2749 3468 committant,
2806 3400 2887 3455 uti
2936 3399 3153 3462 exsilio,
3217 3396 3581 3467 relegatione,
3630 3400 3723 3446 aut

2121 3497 2343 3569 capitali
2405 3511 2567 3568 poena
2620 3494 2770 3567 digni
2824 3493 2957 3558 sint,
3007 3499 3225 3562 oportet
3285 3487 3573 3561 praesidem
3623 3498 3721 3540 eos

2120 3589 2337 3645 vinctos
2385 3588 2685 3652 custodire,
2738 3594 2790 3642 et
2841 3586 2908 3640 ad
2950 3584 3255 3656 principem
3306 3580 3533 3643 referre,
3582 3578 3728 3633 rela-

2124 3681 2261 3737 tioni
2307 3679 2568 3751 adjuncta
2588 3679 2654 3733 .in
2688 3678 2837 3749 ipsos
2877 3676 2984 3730 lata
3019 3672 3316 3730 sententia.
3360 3670 3570 3725 'l‘hema
3619 3683 3725 3723 au-

2126 3781 2236 3830 tem
2298 3773 2325 3827 1
2364 3773 2611 3844 ejusdem
2661 3770 2747 3826 tit.
2792 3769 2908 3824 ait:
2941 3767 3206 3824 Praesides
3249 3764 3549 3821 sententias
3595 3776 3728 3816 suas

2125 3866 2440 3923 rescindere
2480 3874 2760 3935 nequeunt
2791 3882 2805 3919 :
2831 3870 2886 3919 et
2925 3876 3048 3933 quae
3088 3860 3349 3931 deinceps
3379 3858 3433 3912 in
3462 3870 3728 3926 compen-

2124 3959 2218 4016 dio
2246 3967 2376 4017 sunt
2398 3956 2704 4029 proposita.

2202 4140 2418 4197 Textus.
2464 4138 2689 4213 [Atque]
2730 4139 2846 4195 haec
2886 4136 3153 4212 [quidem]
3180 4137 3249 4193 de
3281 4134 3558 4208 perfectis,
3597 4142 3728 4202 etc.,

2127 4249 2290 4304 usque
2316 4231 2383 4287 ad
2416 4230 2716 4305 [docetur],
2748 4240 2806 4285 ut
2825 4247 2948 4303 pag.
2982 4230 3110 4287 8l5.

2200 4419 2492 4475 Scholium.
2534 4417 2739 4489 Digest.
2792 4417 2861 4473 14
2919 4417 3004 4471 tit.
3060 4414 3215 4470 llib.
3260 4429 3368 4468 χιιι
3416 4411 3619 4482 Digest.
3652 4418 3738 4466 est

2131 4530 2253 4584 cap.
2298 4514 2364 4567 14
2403 4512 2489 4566 tit.
2539 4512 2574 4567 5
2624 4512 2717 4567 lib.
2783 4527 2871 4579 Ix,
2922 4510 3067 4581 quod
3104 4509 3265 4580 paulo
3314 4506 3727 4561 anteinsertum

429 4619 619 4675 φησιν,
652 4606 719 4658 Ὃ
755 4605 1090 4677 κελεύσει,ἢ
1144 4605 1385 4660 κωλύσει
1431 4608 1461 4660 6
1513 4607 1766 4679 πραίτωρ
1801 4608 2016 4663 δύναται

2130 4617 2233 4663 est.
2287 4605 2407 4678 Dig.
2460 4606 2525 4661 19
2558 4606 2639 4661 tit.
2669 4606 2701 4660 8
2733 4604 2827 4658 lib.
2867 4619 2917 4658 Iv
2956 4602 3097 4675 Dig.,
3149 4612 3203 4656 et
3260 4602 3352 4662 20,
3391 4608 3517 4655 sunt
3562 4597 3645 4653 tit.
3696 4596 3734 4650 2

425 4697 781 4768 ἀνατρέπειν,
812 4699 872 4751 οὐ
913 4698 1021 4770 μὴν
1057 4697 1240 4769 ψῆφον
1277 4698 1511 4753 οἰκείαν.
1552 4700 1627 4753 Τὸ
1658 4699 1723 4753 ιϐ’
1752 4699 1895 4755 διάτ.
1927 4700 2024 4753 τοῦ

424 4789 483 4863 η’
527 4788 636 4844 τίτ.
687 4788 783 4843 τοῦ
814 4789 857 4842 δ’
888 4789 1030 4861 βιόλ.
1082 4790 1192 4844 τῶν
1233 4790 1378 4846 διατ.
1421 4791 1520 4844 καὶ
1565 4790 1627 4843 τὸ
1679 4796 1725 4844 κ’
1775 4792 1882 4845 εἰσὶ
1931 4792 2027 4845 τοῦ

427 4881 589 4953 τίτ.β’
613 4881 708 4936 τοῦ
741 4881 885 4953 βιὸλ.
918 4883 962 4947 ζ’
988 4899 1117 4951 κεφ.
1138 4882 1202 4936 ιϐ’
1220 4880 1395 4946 οὕτως
1425 4882 1571 4954 ἕχον·
1612 4882 1673 4936 '0
1698 4883 1916 4954 αἱρετὸς
1945 4883 2027 4938 δι-

430 4975 643 5046 καστὴς
668 4975 729 5029 τὸ
750 4974 943 5045 δοκοῦν
968 4974 1119 5046 αὐτῷ
1141 4975 1465 5047 ψηφίζεται,
1495 4975 1591 5029 καὶ
1609 4975 1671 5028 οὐ
1703 4975 2031 5048 πολυπραγ-

436 5068 593 5138 μονεῖ
617 5067 717 5138 τὴν
742 5067 925 5138 ψῆφον
952 5068 981 5121 6
1010 5067 1285 5141 πραίτωρ.
1352 5069 1415 5122 Εἰ
1449 5068 1506 5121 δὲ
1540 5067 1712 5133 δόξειε
1744 5071 1857 5133 τοῖς
1882 5072 2034 5141 eripe...

431 5161 609 5223 τικοῖς
670 5160 1046 5233 δικαστηρίοις
1108 5161 1251 5215 ὥστε
1318 5162 1436 5216 τόδε
1494 5162 1862 5233 ψηφίσασθαι,
1930 5164 2033 5217 οὐκ

434 5251 674 5322 ἔρρωται
718 5250 839 5305 οὐδὲ
878 5249 1256 5320 ἀναγκάζεται
1308 5253 1674 5324 ψηφίσασθαι.
1710 5254 2031 5325 Ψηφίζεται

432 5345 491 5400 δὲ
527 5347 554 5400 6
576 5345 804 5416 γνώμην
833 5344 1087 5417 ἐσχηκὼς
1115 5345 1205 5399 διά
1232 5344 1326 5399 τοῦ
1368 5345 1795 5416 διαλαλουμένου
1850 5348 2034 5401 πᾶσαν

432 5442 533 5514 τὴν
560 5441 719 5514 δίκην
754 5444 967 5513 τεμεῖν.
999 5443 1063 5497 Et
1086 5442 1145 5495 δὲ
1174 5443 1269 5496 ἐπὶ
1297 5443 1513 5508 πολλοῖς
1556 5444 1917 5516 προσελήφθη
1947 5462 2032 5498 κε-

434 5533 687 5603 φαλαίοις
713 5532 774 5586 οὺ
793 5532 941 5586 δοκεῖ
963 5530 1301 5603 ψηφίζεσθαι
1329 5534 1379 5587 εί
1406 5534 1481 5605 μὴ
1506 5534 1688 5600 πάσας
1720 5535 1821 5599 τὰς
1849 5537 2034 5606 φιλον-

433 5626 614 5690 εικίας
656 5624 991 5696 περατὼσει.
1033 5626 1146 5679 Καὶ
1184 5628 1233 5678 εἰ
1280 5625 1382 5696 μὲν
1425 5626 1725 5697 ψηφίζεται
1761 5627 1949 5681 δοῦναί
1979 5645 2031 5682 τι

433 5716 468 5788 ἢ
495 5716 838 5787 ἀπολυθῆναι
869 5714 960 5768 τὸν
986 5713 1319 5785 ὲναγόμενον
1340 5715 1398 5768 οὐ
1425 5715 1651 5768 δύναται
1689 5717 1830 5786 μετά
1860 5717 2036 5771 ταῦτα

432 5807 777 5881 ψηφίζεσθαι
837 5808 1117 5864 τάναντία.
1193 5807 1275 5861 Τά
1355 5808 1415 5861 δὲ
1476 5808 1878 5880 διαλαλούμενα
1942 5810 2038 5864 ἐπὶ

438 5904 765 5977 παρασκευῇ
788 5900 891 5975 τῆς
919 5902 1080 5976 δίκη..
1114 5898 1368 5971 ἀμείϐειν
1393 5899 1657 5970 δύναται,
1708 5895 1822 5959 οἷον
1853 5902 2034 5959 διελά-

2133 4702 2228 4757 lib.
2258 4717 2357 4764 vn,
2395 4716 2517 4771 cap.
2550 4701 2636 4766 19,
2666 4700 2809 4770 quod
2839 4698 2918 4753 sic
2954 4697 3116 4751 habet
3147 4711 3161 4749 :
3194 4695 3411 4749 Arbiter
3439 4702 3599 4764 prout
3628 4691 3733 4746 sibi

2132 4792 2350 4847 videtur
2390 4790 2626 4859 judicat,
2661 4802 2836 4856 neque
2870 4787 2923 4840 in
2957 4784 3124 4858 [ejus]
3183 4781 3510 4838 sententiam
3553 4777 3738 4847 inqui-

2136 4886 2207 4939 rit
2259 4892 2477 4955 praator.
2514 4882 2670 4949 Quod
2707 4880 2837 4936 siin
2892 4879 3159 4933 arbitrum
3204 4873 3325 4948 [ita]
3368 4870 3735 4943 compromis-

2135 4995 2255 5034 sum
2320 4979 2412 5043 sit,
2468 4985 2528 5030 ut
2576 4985 2778 5031 certam
2826 4972 3155 5029 sententiam
3206 4970 3354 5025 dicat
3388 4986 3400 5021 :
3434 4983 3542 5022 non
3593 4965 3739 5018 valet

2139 5066 2499 5143 [arbitrium],
2554 5082 2656 5122 nec
2702 5065 3034 5122 sententiam
3086 5063 3270 5118 dicere
3313 5062 3548 5131 cogitur.
3602 5056 3743 5112 Dicit

2137 5173 2320 5219 autem
2361 5161 2715 5227 sententiam,
2744 5159 2837 5230 qui
2873 5158 2926 5211 in
2966 5157 3154 5212 animo
3185 5156 3349 5209 habet
3384 5152 3741 5223 pronuntiato

2138 5272 2240 5311 suo
2272 5269 2489 5310 omnem
2522 5250 2956 5309 controversiam
2992 5249 3264 5304 decidere.
3294 5246 3399 5301 Sed
3430 5247 3475 5301 si
3506 5244 3574 5299 de
3597 5243 3743 5298 mul—

2142 5348 2416 5405 tis-rebus
2447 5343 2703 5418 [arbiter]
2738 5353 2990 5412 sumptus
3025 5342 3098 5397 sit
3130 5358 3145 5394 :
3183 5339 3513 5395 sententiam
3558 5337 3742 5391 dicere

2141 5458 2249 5496 non
2280 5440 2519 5505 videtur,
2554 5439 2658 5493 nisi
2691 5452 2885 5493 omnes
2915 5435 3322 5492 controversias
3365 5432 3540 5486 ﬁniat.
3566 5430 3744 5485 Cate-

2141 5551 2263 5590 rum
2297 5532 2689 5604 sijudicaverit
2730 5530 2935 5601 aliquid
2977 5529 3119 5595 dari,
3164 5537 3259 5583 aut
3287 5541 3439 5581 reum
3484 5522 3692 5577 absolvi
3727 5539 3742 5575 :

2137 5626 2251 5681 'non
2294 5636 2473 5694 potest
2516 5622 2865 5694 postmodum
2912 5620 3247 5677 contrariam
3300 5617 3627 5672 sententiam
3660 5613 3744 5666 di-

2141 5734 2285 5775 cere.
2315 5717 2447 5785 ρων
2474 5733 2604 5772 vero
2627 5716 2693 5771 de
2724 5713 3124 5786 przrparatione
3156 5725 3335 5765 causae
3380 5707 3744 5761 interlocutus

2142 5823 2247 5882 est,
2304 5822 2518 5869 mutare
2567 5820 2787 5881 potest:
2826 5821 2882 5866 ut
2940 5818 3068 5879 puta
3113 5807 3158 5863 si
3208 5805 3431 5878 jusserit
3478 5802 3744 5856 Kalendis

2144 5902 2463 5979 [judicium]
2525 5903 2840 5973 observare,
2878 5910 2933 5958 et
2975 5916 3099 5957 mox
3168 5898 3353 5954 ilibus
3421 5895 3629 5968 jubeat.
3672 5891 3741 5947 Et
