4142 6426
535 410 674 477 1143

1682 414 1944 475 ΡΙΙΟΤΙΙ
1988 415 2492 477 PATRIARCH
2530 417 2639 478 ΟΡ.

3694 415 3818 481 1144

532 540 656 595 cap.
706 525 827 580 20:
875 525 942 582 Et
971 526 1017 583 si
1054 526 1258 584 erravit
1310 526 1363 582 in
1409 525 1966 590 scntentiadicenda,
2022 541 2104 580 no:

2235 528 2368 600 λησε
2397 530 2696 593 Καλένδαις
2727 529 3139 600 παραφυλάξαι,
3165 530 3255 583 καὶ
3283 530 3518 599 ὕστερον
3547 528 3819 600 διελάλησε

531 619 780 689 corrigit,
826 620 1273 693 quandoquidem
1317 622 1410 692 qui
1450 619 1743 691 judicavit,
1788 618 1957 689 judex
2007 634 2104 675 esst

2236 621 2350 682 τοῖς
2385 620 2581 682 Εἱδοίς.
2616 621 2723 672 Καὶ
2756 636 2881 688 κεφ.
2920 618 2967 672 κ’
3001 619 3105 672 κᾶν
3126 620 3371 691 πλανηθῇ
3400 623 3464 674 ὲν
3497 620 3581 691 τῷ
3605 620 3820 691 ψηφίζει

529 709 716 767 desiit.

2241 710 2366 765 σθαι
2389 712 2450 764 οὐ
2474 710 2805 782 διορθοῦται.
2829 711 3224 781 Ψηφισάμενος
3249 714 3354 784 γάρ
3380 712 3670 766 πέπαυται
3686 710 3819 764 ἐἶναι

529 808 812 884 δικαστής.
846 811 919 865 Τὸ
951 812 1010 867 δὲ
1046 809 1141 877 νε’,
1172 810 1312 865 διάτ.
1343 808 1438 864 τοῦ
1465 817 1514 865 α’
1544 809 1652 865 τίτ.
1693 808 1788 863 τοῦ
1823 806 1912 879 μβ’
1948 806 2117 878 βιϐλ.,
2159 805 2276 859 ἐστι
2342 824 2468 876 κεφ.
2513 805 2608 873 νε’,
2640 806 2734 859 τοῦ
2780 812 2827 875 γ’
2860 804 2966 861 τιτ.
3000 805 3093 859 τοῦ
3124 804 3165 859 θ’
3203 805 3346 877 βιϐλ.
3380 805 3569 871 οὕτως
3617 806 3734 877 ἕχον
3768 806 3819 861 '0

529 898 913 973 ψηφισάμενος
973 902 1250 957 πέπαυται
1294 894 1434 953 εἶναι
1487 897 1753 971 δικαστὴς
1802 896 1899 952 καὶ
1942 896 2130 951 οὐκέτι
2169 896 2483 967 διορθοῦται
2512 896 2612 968 τὴν
2637 898 2841 967 ψῆφον.

1657 1292 2064 1391 ΤΙΤΛΟΣ
2141 1302 2358 1391 ΔΕΚ
2376 1305 2686 1392 ΑΤΟΣ.

812 1501 971 1559 ΠΕΡΙ
1025 1500 1439 1561 ΔΙΟΙΚΗΣΕΩΣ
1491 1505 2116 1564 ΕΚΚΑΗΣΙΑΣΤΙΚΩΝ

2185 1510 2306 1564 ΚΑΙ
2365 1509 2540 1563 [lEPI‘
2583 1506 2725 1562 ΤΩΝ
2802 1507 3038 1565 ιΔιιςοΝ

3098 1508 3453 1565 εωειςοηο
3474 1508 3545 1564 r.
3726 1508 3825 1593 ﬁ,

1660 1888 2128 1968 TITULUS
2209 1888 2687 1969 DECIMUS.

522 2099 629 2159 DE
682 2100 1444 2165 ADMINISTRATIONE
1500 2100 1780 2163 RERUM
1827 2099 2661 2174 ECCLESIASTICARUH,
2702 2098 2821 2175 ίΕΤ
2871 2100 2974 2160 DE
3016 2098 3319 2176 [REBUS]
3387 2098 3810 2164 EPISCOPO-

1862 2201 2033 2263 RUM
2077 2201 2470 2264 PROPRHS.

591 2591 818 2650 CAPUT
854 2592 1147 2649 PRIMUM.
1186 2624 1258 2635 —
1302 2592 1457 2660 Quod
1507 2611 1835 2649 monomum
1864 2612 1929 2651 ex
1966 2596 2104 2651 clero

2284 2590 2687 2646 ΚΕΦΑΛΑΙΟΝ
2716 2589 2794 2645 A’.
2830 2622 2897 2633 --
2923 2589 3065 2659 Περὶ
3105 2590 3213 2645 τοῦ
3250 2589 3478 2660 χρῆναι
3514 2591 3626 2647 τὸν
3668 2592 3809 2647 οἱκο-

517 2686 775 2754 εεειεδὶω,
804 2685 981 2759 [cujus
1006 2703 1307 2743 mconomus
1338 2686 1443 2761 est]
1476 2704 1589 2743 esse
1620 2698 1882 2759 oporteat.

587 2800 824 2856 Concilii
844 2802 1317 2861 Chalcedonensis
1344 2820 1522 2861 canon
1542 2807 1644 2875 26;
1666 2807 1886 2863 concilii
1907 2807 2114 2863 Niczeni

514 2894 745 2949 secundi
802 2910 980 2951 canon
1036 2896 1145 2963 ll;
1208 2896 1505 2969 Theophili
1559 2914 1629 2954 ex
1676 2898 2114 2957 Commonitorio

516 2996 693 3037 canon
726 2982 782 3038 9.

588 3093 805 3151 Τρωίας.
835 3096 1026 3155 Const.
1053 3099 1123 3156 '59
1159 3102 1244 3157 tit.
1276 3102 1426 3159 ειη).
1464 3118 1504 3167 ι,
1536 3101 1670 3159 Cod.
1708 3103 2114 3175 (Economum,

513 3192 649 3251 etc.,
686 3202 848 3256 usque
868 3188 939 3242 ad
967 3191 1271 3260 perveniet,
1294 3202 1350 3246 ut
1369 3209 1493 3266 pag.
1520 3193 1651 3251 818.

587 3388 884 3449 Scholium.
921 3394 1110 3452 Const.
1156 3396 1230 3451 22
1283 3396 1371 3454 tit.
1425 3399 1461 3455 3
1504 3398 1599 3455 lib.
1636 3399 1818 3457 tCod.
1866 3416 1979 3457 non
2027 3410 2112 3459 est

512 3489 693 3557 posita
725 3489 986 3558 inBasil.,
1017 3509 1194 3565 neque
1219 3494 1312 3561 2i,
1345 3510 1527 3567 neque
1557 3496 1650 3564 41,
1678 3512 1857 3567 neque
1879 3498 1971 3553 42.
2004 3498 2110 3555 Le-

513 3596 612 3649 gas
642 3595 822 3637 autem
854 3593 910 3639 et
961 3586 994 3640 5
1017 3583 1321 3642 Justiniani
1365 3589 1661 3655 novellam,
1703 3589 1820 3645 sive
1846 3605 1972 3661 cap.
2007 3592 2107 3648 ult.

512 3673 598 3728 tit.
632 3672 667 3726 2
690 3674 784 3729 lib.
814 3691 872 3730 ιιι
894 3676 1084 3745 Basil.,
1114 3679 1262 3749 quod
1290 3682 1370 3737 sic
1400 3680 1566 3737 habet
1592 3701 1605 3737 :
1630 3679 2106 3748 Quemadmodum

513 3774 695 3817 autem
725 3765 792 3820 ad
812 3780 932 3820 eam
959 3765 1300 3843 [ecclesiam]
1323 3772 1663 3841 pertinentes
1679 3782 1933 3843 sumptus
1954 3784 2108 3831 certa

512 3856 620 3911 fine
650 3856 1072 3928 descripsimus,
1106 3859 1181 3917 ita
1203 3863 1487 3928 convenit,
1514 3864 1976 3921 utsanctissimus
2008 3880 2109 3936 pro

2218 2690 2408 2758 νόμον
2435 2687 2503 2739 ἐκ
2531 2686 2637 2741 τοῦ
2672 2684 2905 2755 κλήρου
2933 2684 3043 2753 τῆς
3071 2684 3407 2755 ἐκκλησίας
3430 2681 3617 2741 εἶναι.

2292 2801 2520 2855 Συνόδου
2574 2799 2916 2870 Χαλκηδόνος
2946 2798 3129 2873 κανὼν
3162 2798 3279 2863 xc“
3316 2800 3547 2854 συνόδου
3590 2797 3805 2862 Νικαίας

2216 2893 2277 2948 τὸ
2309 2892 2353 2965 β’
2383 2893 2564 2947 κανὼν
2594 2898 2690 2946 to."
2728 2890 2988 2961 Θεοφίλου
3013 2892 3077 2943 ὲκ
3100 2889 3196 2943 τοῦ
3230 2889 3676 2962 ’Υπομνηστικοῦ
3711 2906 3802 2943 κα·

2225 3003 2332 3042 νων
2364 2985 2429 3041 θ’.

2290 3100 2600 3169 Κείμενον.
2646 3098 2710 3151 Ἡ
2746 3096 2825 3151 λθ⁹
2853 3096 2995 3152 διάτ.
3025 3095 3122 3150 τοῦ
3152 3102 3203 3164 γ’
3231 3095 3338 3153 τιτ.
3396 3094 3500 3151 τοῦ
3528 3094 3579 3151 α’
3612 3092 3799 3166 βιϐλεου

2214 3192 2310 3249 τοῦ
2345 3192 2598 3258 κώδικος,
2636 3190 2785 3261 λέγει
2816 3209 2873 3247 κ.
2904 3208 2957 3246 τ.
2984 3189 3060 3258 λ.,
3095 3204 3274 3260 usque
3320 3188 3390 3245 ad
3457 3189 3796 3261 περιερχεται

2216 3286 2357 3359 μετὰ
2387 3286 2486 3358 τὴν
2521 3283 2700 3339 αὐτῶν
2723 3283 3002 3355 τελευτήν.

2284 3399 2565 3468 Σχόλιον.
2587 3397 2652 3451 Ἦ
2673 3396 2753 3468 λβ’
2779 3396 2920 3451 διάτ.
2946 3396 3040 3451 τοῦ
3068 3395 3116 3467 γ’
3133 3396 3239 3452 τίτ.
3264 3396 3315 3452 α’
3340 3397 3552 3469 βιϐλίου
3574 3396 3664 3453 τοῦ
3678 3396 3794 3453 κὼδ.

2213 3491 2312 3547 οὐκ
2344 3490 2504 3564 ἐτέθη
2529 3493 2608 3555 εἰς
2642 3490 2710 3545 τὰ
2747 3490 3035 3557 Βασιλικά,
3054 3491 3176 3546 οὐδὲ
3215 3493 3247 3563 ἡ
3273 3492 3381 3558 κα’,
3411 3492 3547 3547 οὓθὲ
3583 3490 3669 3564 μα’
3689 3489 3795 3544 οὐδὲ

2213 3588 2247 3657 ἡ
2279 3583 2387 3657 μβ’.
2425 3583 2725 3654 Ἀνάγνωθι
2784 3583 2841 3638 δὲ
2902 3584 3003 3656 τὴν
3054 3584 3102 3653 γ’
3147 3585 3530 3641 ’1ουστινιανοῦ
3589 3583 3791 3656 νεαράν’

2213 3677 2367 3747 ζήτει
2394 3694 2521 3745 κεφ.
2549 3676 2862 3731 τελευταῖον
2889 3676 2985 3729 τοῦ
3018 3674 3064 3747 β’
3086 3676 3192 3731 τῑτ.
3254 3676 3349 3732 τοῦ
3382 3684 3433 3747 γ’
3464 3677 3673 3749 βιϐλίου
3693 3673 3792 3727 τῶν

2212 3766 2523 3822 Βασιλικῶν
2561 3764 2739 3830 οὕτως
2769 3766 2911 3837 ἔχον·
2965 3767 3177 3839 Ὠσπερ
3209 3766 3265 3821 δὲ
3312 3767 3413 3838 τὴν
3464 3769 3597 3839 περὶ
3650 3762 3791 3821 τοῦτο

2211 3860 2458 3931 δαπάνην
2511 3858 2814 3931 ὡρίσαμεν,
2874 3857 3048 3923 οὕτως
3096 3861 3363 3931 προσήκει
3387 3858 3484 3914 τὸν
3516 3859 3653 3914 κατὰ
3680 3873 3788 3911 και-

513 3948 859 4018 temporibus
891 3950 1208 4021 patriarcha
1232 3960 1286 4006 et
1317 3952 1765 4009 reverendissimi
1785 3952 1969 4009 clerici
1998 3955 2104 4009 cir-

2216 3953 2346 4026 ρούς
2380 3950 2688 4021 ἁγιώτατον
2742 3950 3116 4023 πατριάρχην,
3175 3952 3428 4015 καὶτοὺς
3468 3947 3786 4005 εὐλαϐεστά·
3866 4018 3876 4025 .

510 4040 903 4113 cumspiciant,
947 4058 1015 4098 ne
1072 4044 1273 4115 reliqui
1324 4055 1624 4117 sumptus,
1681 4046 1775 4117 qui
1829 4062 1895 4102 ex
1929 4047 2109 4103 eccle-

508 4132 752 4191 siasticis
775 4136 1049 4192 reditibus
1082 4136 1243 4202 linnt,
1279 4139 1442 4194 aliter
1472 4154 1638 4209 quam
1668 4139 1722 4194 in
1766 4138 1887 4211 pias
1912 4150 1966 4196 et
1996 4138 2108 4197 Deo

507 4226 740 4295 placitas
759 4244 960 4285 causas
981 4228 1333 4285 insumantnr
1361 4248 1375 4285 :
1403 4240 1459 4286 et
1485 4242 1543 4287 ut
1581 4231 1635 4286 in
1664 4232 1788 4287 illos
1815 4232 2108 4288 conferan-

509 4330 619 4385 tnr,
653 4321 744 4391 qui
781 4330 835 4376 et
868 4338 1062 4377 revera
1092 4332 1277 4394 egent,
1310 4340 1411 4380 nec
1460 4325 1686 4381 aliunde
1724 4326 1931 4380 habent
1962 4326 2109 4382 unde

506 4415 714 4468 vivant.
754 4414 906 4483 (Haec
945 4417 1095 4471 enim
1133 4415 1425 4472 Dominum
1455 4416 1626 4473 Dcum
1672 4418 1971 4473 conciliare
2014 4432 2108 4473 so-

506 4506 668 4577 lent);
700 4523 807 4564 non
840 4524 971 4564 vero
1004 4525 1101 4580 per
1157 4510 1463 4581 patrocinia
1501 4520 1556 4566 et
1599 4510 1887 4567 hominum
1923 4509 2105 4567 studia

507 4600 563 4652 in
596 4599 874 4669 locupetes
923 4601 1258 4658 distribuant
1290 4618 1353 4659 ea
1402 4619 1525 4673 quae
1565 4604 1637 4659 ad
1690 4606 2105 4662 ecclesiasticos

508 4703 765 4761 sumptus
806 4704 1123 4762 suppetunt,
1158 4704 1218 4749 ut
1249 4695 1448 4750 exinde
1486 4706 1710 4768 egentes
1746 4698 1869 4752 vitae
1908 4714 2104 4755 neces-

508 4784 673 4838 sariis
713 4783 1132 4841 defraudentur.
1159 4785 1427 4843 Noverint
1447 4789 1592 4842 enim
1620 4789 1713 4844 Dei
1735 4790 2104 4846 amantissimi

508 4875 804 4940 weononii,
830 4883 941 4931 tam
971 4878 1062 4946 qui
1099 4893 1264 4945 nunc,
1302 4894 1466 4949 quam
1508 4880 1603 4950 qui
1640 4881 1770 4936 olim
1804 4899 1904 4953 pro
1960 4892 2103 4939 tem-

507 4965 736 5033 poribus
768 4964 936 5020 futuri
966 4976 1117 5032 sunt,
1145 4968 1292 5037 quod
1318 4968 1364 5023 si
1397 4971 1527 5038 quid
1554 4971 1607 5025 in
1632 4972 1718 5028 his
1747 4974 2100 5044 deliquerint.

508 5070 617 5109 non
663 5064 875 5111 tantum
927 5057 1110 5127 ptBnis
1159 5059 1478 5115 caelestibus
1513 5071 1677 5117 erunt
1723 5062 1967 5132 obnoxii,
2003 5064 2102 5120 sed

504 5150 672 5203 etiam
700 5148 767 5204 de
796 5151 1099 5206 substantia
1135 5167 1233 5206 sua
1287 5163 1657 5209 sacrosanctae
1714 5155 1960 5211 ecclesia:
2016 5157 2103 5211 in-

2182 4074 2183 4077 η
2209 4064 2337 4111 τους
2392 4046 2712 4116 οἰκονόμους
2756 4048 3111 4117 περισκοπεῖν
3143 4046 3325 4112 τοῦτο,
3390 4047 3484 4102 καὶ
3514 4047 3608 4110 τὰς
3640 4043 3787 4104 ἄλλας

2209 4137 2453 4202 δαπάνας
2534 4138 2636 4203 τὰς
2687 4137 2983 4210 γινομένας
3039 4140 3105 4193 ἐκ
3165 4138 3274 4193 τῶν
3330 4133 3785 4212 ὲκκλησιαστικῶν

2210 4232 2396 4303 πόρων
2430 4231 2561 4304 περὶ
2590 4230 2837 4297 εὐσεϐεῖς
2866 4233 3215 4286 δαπανᾶσθαι
3250 4233 3505 4303 πράξεις,
3541 4232 3632 4285 καὶ
3676 4224 3783 4296 Θεῷ

2208 4322 2572 4396 άρεσκούσας,
2618 4322 2711 4376 καὶ
2738 4324 2817 4387 εἰς
2847 4323 3086 4386 ὲκείνους
3111 4322 3318 4386 ταύτας
3349 4324 3643 4395 χωρηγεῖν,
3671 4317 3783 4379 τοὺς

2208 4418 2329 4478 ταῖς
2370 4415 2655 4486 ἀληθείαις
2686 4415 2997 4486 δεομένους,
3036 4414 3129 4469 καὶ
3169 4415 3270 4468 οὐκ
3306 4414 3533 4486 ἔχοντας
3573 4408 3780 4483 ἑτέρωθι

2206 4508 2416 4580 τροφῆς
2461 4508 2738 4578 ἀφορμήν.
2792 4507 2978 4560 Ταῦτα
3027 4506 3137 4579 γὰρ
3193 4508 3284 4561 τὸν
3332 4508 3611 4578 Δεσπότην
3664 4500 3780 4557 Θεὸν

2208 4599 2523 4672 θεραπεύει,
2560 4599 2698 4653 ἀλλὰ
2732 4598 2808 4671 μὴ
2842 4599 3218 4671 προστασίαις,
3276 4599 3368 4653 καὶ
3419 4600 3667 4661 σπουδαῖς
3697 4596 3777 4648 ἀν-

2208 4692 2442 4764 θρώπων
2470 4690 2570 4755 τὰς
2598 4689 3061 4761 ὲκκλησιαστικὰς
3094 4690 3341 4755 δαπάνας
3372 4692 3453 4753 εἰς
3478 4686 3777 4760 ἀνθρώπους

2206 4786 2577 4859 εὐποροῦντας
2629 4784 2946 4850 ἐπιδιδόναι,
2983 4784 3081 4838 καὶ
3116 4784 3371 4839 ἐντεῦθεν
3404 4785 3531 4848 τοὺς
3555 4785 3773 4852 ιίιπορου⁹

2210 4879 2405 4951 μένους
2443 4876 2518 4948 μὴ
2552 4876 2842 4948 τυγχάνειν
2871 4876 2982 4929 τῶν
3010 4875 3348 4945 ἀναγκαίων.
3381 4877 3643 4929 Ἴστωσαν
3678 4868 3773 4938 γὰρ

2205 4972 2253 5024 οἱ
2288 4968 2692 5039 θεοφιλέστατοι
2722 4967 2999 5038 οἰκονόμοι
3044 4966 3155 5020 οἵτε
3186 4965 3303 5030 νῦν,
3360 4966 3469 5020 οἵτε
3502 4963 3637 5019 κατὰ
3663 4974 3770 5015 και-

2208 5064 2337 5135 ροὺς
2390 5063 2639 5132 ἐσόμενοι
2671 5060 2747 5124 ὡς
2772 5061 2827 5113 εἴ
2854 5078 2905 5113 τι
2934 5059 3087 5131 παρὰ
3140 5059 3314 5113 ταῦτα
3358 5058 3636 5131 πράξαιεν,
3667 5051 3769 5112 ταῖς

2203 5175 2263 5211 τε
2298 5158 2363 5210 ἐκ
2390 5154 2526 5210 Θεοῦ
2556 5157 2769 5218 ποιναῖς
2827 5153 3237 5215 ὑποκείσονται,
3273 5152 3368 5205 καὶ
3388 5152 3451 5204 ὲκ
3475 5150 3574 5220 τῆς
3610 5140 3765 5200 αὐτῶν

508 5242 863 5297 demnitatem
919 5244 1278 5315 praestabunt.
1344 5243 1511 5302 Notes
1576 5262 1709 5319 ergo
1771 5260 2098 5318 praesentem

2209 5249 2395 5313 οὐσίας
2421 5249 2482 5303 τὸ
2514 5249 2749 5319 ἀζήμιον
2780 5249 2844 5319 τῇ
2872 5246 3141 5317 ὰγιοτάτῃ
3173 5248 3617 5315 περιποιήσουσιν
3661 5235 3765 5290 Ἐκ·

503 5336 804 5392 Justiniani
838 5338 1109 5392 novellam
1146 5349 1369 5410 propter
1388 5338 1620 5405 formas,
1648 5357 1770 5412 quae
1799 5357 1829 5397 ιι
1865 5344 2099 5413 patriar-

503 5430 624 5485 chis
654 5428 1063 5487 fraternitatem
1095 5432 1551 5504 reliquarumque
1599 5432 2099 5491 frumentariarum

503 5525 831 5595 pensionum
860 5525 1082 5580 nomine
1117 5526 1185 5581 ad
1211 5526 1410 5583 divites
1438 5538 1599 5597 atque
1629 5538 1883 5600 potentes
1909 5544 2101 5599 perso-

502 5632 601 5674 nas
635 5618 995 5673 emittuntur:
1018 5626 1184 5688 atque
1209 5619 1347 5675 duas
1366 5620 1465 5677 has
1488 5621 1793 5677 secundum
1811 5621 1930 5692 ejus
1954 5638 2099 5693 pra:-

500 5712 766 5779 scriptum
796 5726 922 5767 esse
951 5712 1255 5769 invalidas:
1290 5730 1411 5784 qua:
1437 5729 1568 5769 vero
1622 5714 1689 5769 ad
1731 5730 1937 5786 egenos
1969 5718 2098 5771 mit-

500 5810 713 5868 tuntur,
747 5819 868 5859 esse
930 5815 1097 5861 ratas.
1147 5804 1341 5861 Const.
1374 5805 1409 5859 2
1441 5807 1526 5862 tit.
1560 5806 1594 5860 2
1627 5805 1981 5863 Novellarum
2011 5816 2095 5863 est

499 5892 711 5948 novella
747 5892 1047 5950 Iustiniani
1085 5894 1206 5963 l20,
1249 5897 1363 5954 sive
1394 5898 1579 5955 thema
1605 5897 1640 5952 2
1663 5914 1783 5971 cap.
1846 5898 1877 5950 7
1943 5898 2025 5957 tit.
2058 5898 2093 5953 2

2207 5342 2427 5414 κλησίᾳ.
2468 5341 2533 5394 Ἠ
2572 5339 2617 5412 β’
2654 5340 2794 5395 διάτ.
2844 5338 2939 5393 τοῦ
2970 5337 3014 5410 β’
3054 5339 3160 5394 τίτ.
3220 5337 3329 5393 τῶν
3382 5333 3624 5407 Νεαρῶν,
3664 5327 3762 5380 ἔστι

2206 5435 2379 5505 νεαρὰ
2433 5434 2868 5498 Ἰουστινιάνειος
2924 5430 3030 5505 ρκ’.
3072 5432 3193 5502 ἢτοι
3224 5430 3366 5500 θέμα
3392 5428 3436 5501 β’
3462 5428 3552 5483 τοῦ
3586 5422 3625 5489 ζ’
3653 5435 3758 5488 κερ.

2204 5527 2294 5582 τοῦ
2320 5524 2365 5599 β’
2404 5525 2635 5591 τίβπτοῦ
2669 5525 2708 5579 ε’
2731 5525 2940 5598 βιϐλίου
2984 5524 3092 5579 τῶν
3130 5522 3437 5579 Βασιλικῶν
3464 5521 3625 5581 οὕτως
3656 5513 3758 5619 ἔχον

2204 5621 2277 5685 ὡς
2315 5620 2651 5693 συνωψίσθη.
2688 5620 3003 5691 Σημείωσαι
3027 5619 3127 5691 τὴν
3158 5618 3440 5689 παροῦσαν
3484 5617 3757 5671 Ἰονστινια·

2202 5732 2344 5768 νειον
2376 5713 2578 5786 νεαρὰν
2602 5714 2691 5769 διὰ
2730 5712 2799 5769 τὰ
2828 5714 3095 5785 γινόμενα
3126 5712 3439 5783 τυπώματα
3463 5706 3629 5781 ξπαρὰ
3664 5697 3753 5751 τῶν

2201 5807 2563 5879 πατριαρχῶν
2609 5808 2770 5879 χάριν
2826 5808 3167 5875 ἁδελνράτιυν,
3218 5806 3315 5859 καὶ
3339 5800 3542 5857 λοιπῶν
3567 5807 3751 5863 σιτηρε·-

2205 5900 2335 5955 σίων
2394 5900 2555 5974 πρὸς]
2599 5900 2867 5972 πρόσωπα
2926 5896 3263 5954 πλουτοῦντα
3319 5896 3412 5950 καὶ
3478 5887 3748 5964 παραδυνα-
