4142 6440
340 424 480 491 1145

1385 423 1875 488 NOMOCANON.
1916 448 1986 459 -
2017 422 2166 483 TlT.
2201 424 2275 483 X.
2316 422 2476 483 CAP.
2521 422 2619 481 ιν.

3487 415 3627 481 1116

339 544 618 596 στεύοντα.
680 537 791 592 Καὶ
820 536 946 603 λέγε
972 534 1147 589 ταῦτα
1182 535 1279 605 μὲν
1311 531 1451 590 εἶναι
1482 535 1754 607 ἁνίσχυρα
1788 534 1931 589 κατὰ

2037 533 2130 589 lib.
2164 551 2194 588 ν
2223 534 2414 597 Basil.,
2448 533 2597 606 quod
2626 533 2809 602 habet,
2847 544 2904 589 ut
2935 534 2987 587 in
3017 531 3345 603 compendio
3382 533 3631 603 proposi-

338 633 438 705 τὴν
493 630 699 702 ταύτης
732 628 1053 701 περίληψιν,
1092 628 1161 682 τὰ
1188 627 1247 680 δὲ
1273 627 1413 698 πρὸς
1446 626 1647 691 ἐνδεεῖς
1676 626 1940 697 γινόμενα
2045 637 2157 683 tum
2190 636 2295 683 est.

340 723 478 781 εἶναι
508 725 721 795 βέϐαια.

412 819 663 873 ΚΕΦΑΛ.
707 816 783 873 Β’.
818 848 887 861 -—
919 815 1059 885 Περὶ
1122 812 1483 884 διοικήσεως
1535 811 1658 868 τῶν
1720 813 1941 880 ἐκκλη-

340 907 674 963 σιαστικῶν
699 905 1082 977 πραγμάτων.

423 1000 761 1056 Ἀποστόλων
809 999 988 1053 κανὼν
1042 997 1147 1069 λη’,
1177 994 1251 1067 μ’,
1290 996 1383 1068 μα’
1410 1015 1422 1030 ”
1474 997 1693 1052 συνόδου
1734 999 1941 1052 Ἀντιο-

2115 811 2269 867 CAP.
2310 810 2375 866 ll.
2422 841 2493 853 --
2550 811 2625 867 De
2660 826 2839 867 rerum
2872 809 3365 864 ecclesiasticarum
3398 805 3637 861 admini-

1960 942 1964 945 -
2041 909 2327 963 stratione.

2118 1001 2509 1070 Apostolorum
2543 1012 2719 1051 canon
2781 995 2872 1060 58,
2907 994 2996 1055 40.
3033 995 3093 1049 41
3123 1012 3137 1061 ;
3195 993 3414 1048 concilii
3452 992 3639 1047 Aulio-

340 1095 494 1166 χείας
542 1092 724 1147 κανὼν
755 1090 854 1158 κδ’,
890 1089 971 1144 κε’
993 1106 1007 1120 ⁶
1041 1090 1314 1162 Κυρίλλου
1347 1092 1410 1144 ἐκ
1434 1089 1535 1160 τῆς
1562 1090 1700 1161 πρὸς
1732 1090 1931 1161 Δόμνον

2044 1095 2201 1152 ebeni
2228 1108 2402 1148 canon
2432 1092 2523 1157 24,
2560 1091 2665 1156 25;
2692 1088 2878 1161 Cyrilli
2906 1106 2969 1143 ex
3000 1089 3227 1158 epistola
3259 1090 3324 1142 ail
3362 1089 3636 1142 Domnutu

340 1188 630 1257 ἐπιστολῆς
678 1203 806 1256 κεφ.
841 1182 887 1257 β’
910 1201 925 1215 ·
969 1184 1230 1254 Θεοφίλου
1263 1184 1328 1238 ἐκ
1356 1185 1451 1239 τοῦ
1492 1182 1937 1258 ’Υπομνηστικοῦ

338 1294 465 1332 κεεο.
495 1275 593 1332 ις’.

410 1296 422 1310 ο
454 1318 465 1331 .
495 1295 509 1330 ι
562 1295 593 1331 “.

406 1295 717 1439 liciti-sror.
751 1369 930 1425 Πολλὰ
963 1371 1062 1443 μὲν
1083 1368 1301 1443 εἴρηται
1332 1369 1461 1441 περὶ
1485 1369 1585 1441 τῆς
1606 1371 1938 1443 διοικήσεως

2043 1197 2203 1257 caput
2225 1184 2259 1238 2
2282 1201 2296 1250 ;
2320 1182 2610 1253 Theophili
2644 1197 2707 1236 ex
2737 1179 3181 1236 Commonitorio
3204 1188 3370 1250 caput
3405 1177 3493 1233 l6.

2117 1370 2332 1425 Textus.
2366 1366 2535 1422 Multa
2552 1365 2619 1421 de
2649 1379 2860 1433 rerum,
2888 1374 3021 1432 etc.,
3050 1381 3214 1437 usque
3234 1365 3304 1418 ad
3341 1364 3636 1433 pertinent,

334 1460 445 1514 τῶν
492 1460 990 1533 ἐκκλησιαστικῶν,
1020 1478 1075 1516 κ.
1116 1478 1169 1515 τ.
1200 1461 1279 1526 λ..
1305 1474 1483 1532 usque
1514 1459 1581 1515 ad
1616 1456 1931 1533 διοικήσεων

2043 1476 2097 1520 ιιι
2130 1480 2253 1535 pag.
2284 1462 2411 1517 822.

334 1554 428 1608 καὶ
453 1552 783 1626 προνομίων.

406 1648 685 1717 Σχόλιον.
723 1647 784 1701 '0
806 1644 851 1717 β’
874 1647 979 1702 τίτ.
1018 1646 1114 1701 τού
1177 1644 1226 1701 α’
1287 1647 1495 1720 βιϐλίου
1549 1647 1647 1703 τοῦ
1704 1646 1938 1710 κώδικος

335 1741 498 1811 ἐτέθη
552 1741 635 1803 είς
684 1739 889 1812 βιϐλίον
914 1737 953 1793 ε’
979 1739 1087 1794 τῶν
1122 1740 1427 1795 Βασιλικῶν
1457 1743 1563 1795 τίτ.
1594 1738 1643 1794 α’
1677 1739 1787 1794 ἀπὸ
1839 1738 1935 1793 τοῦ

333 1833 380 1889 α’
410 1851 534 1903 nego.
565 1834 728 1906 μέχρι
751 1832 845 1887 τοῦ
869 1831 959 1887 ια’.
1002 1834 1068 1887 Ἦ
1092 1834 1149 1887 δὲ
1180 1832 1227 1905 β’
1258 1835 1352 1888 καὶ
1373 1832 1424 1903 γ’
1453 1834 1594 1891 διάτ.
1622 1832 1718 1887 τοῦ
1750 1830 1795 1905 β’
1824 1849 1930 1887 τιτ.

2113 1642 2406 1700 Scholium.
2436 1641 2543 1697 Tit.
2578 1641 2614 1695 2
2663 1640 2760 1696 lib.
2792 1640 2968 1695 tCod.
3023 1639 3236 1710 positus
3273 1649 3351 1693 est
3385 1639 3437 1693 in
3469 1638 3567 1693 lib.
3602 1654 3635 1689 ν

2042 1738 2232 1805 Basil.,
2267 1737 2351 1791 tit.
2387 1736 2437 1795 l.
2477 1752 2506 1790 a
2540 1750 2660 1802 cap.
2696 1735 2720 1786 1
2772 1748 2944 1803 usque
2982 1733 3045 1785 ad
3076 1733 3159 1785 11.
3205 1730 3394 1785 Const.
3428 1730 3465 1783 2
3500 1738 3556 1783 et
3601 1731 3637 1784 5

2042 1832 2127 1886 tit.
2159 1829 2194 1883 2
2224 1829 2570 1883 Novellarnm
2596 1835 2680 1881 est
2708 1826 2917 1880 novella
2967 1822 3263 1879 Iustiniani
3300 1821 3401 1875 120
3432 1829 3487 1876 et
3511 1821 3635 1885 151,

331 1926 445 1981 τῶν
490 1892 758 2000 Νεαρῖύν,
821 1926 932 1981 εἰσὶ
984 1892 1191 1999 νεαραὶι
1223 1892 1641 1994 Ἰουστινιάνειοι
1673 1892 1778 1998 ρκ’.
1835 1924 1931 1980 καὶ

2046 1939 2281 1997 quarum
2306 1922 2477 1977 altera
2513 1921 2688 1990 posita
2720 1928 2804 1973 est
2847 1918 2900 1971 in
2937 1916 3031 1971 ιιι).
3063 1915 3228 1970 Basil.
3257 1929 3311 1982 v,
3337 1914 3420 1969 tit.
3442 1912 3501 1980 2,
3552 1911 3633 1967 al-

334 2018 450 2091 ρλα’
475 2036 489 2051 ·
531 2014 606 2074 ὧν
636 2022 668 2091 ἡ
705 2021 804 2091 μὲν
858 2023 1036 2075 κεῖται
1071 2023 1129 2075 ἐν
1159 2022 1351 2094 βιϐλίῳ
1383 2021 1425 2076 ε’
1460 2022 1570 2076 τῶν
1621 2022 1932 2077 Βασιλικῶν

329 2110 436 2166 τίτ.
474 2110 540 2183 β’,
573 2113 606 2182 ή
631 2111 689 2165 δέ
711 2113 769 2167 ἐν
802 2112 992 2185 βιϐλίῳ
1018 2113 1094 2186 τῷ
1117 2114 1267 2186 αὐτῷ
1289 2114 1395 2170 τίτ.
1432 2120 1503 2185 γ’·
1533 2114 1631 2169 καὶ
1653 2114 1931 2185 ἀνάγνωθι

308 2206 458 2280 ,τοὺς
482 2206 768 2270 τοιούτους
802 2207 1036 2272 τίτλους.

402 2317 655 2371 ΚΕΦΑΛ.
688 2316 763 2373 Γ’.
790 2348 860 2359 -
893 2319 1035 2387 Περὶ
1064 2319 1447 2390 πραγμάτων,
1484 2320 1582 2376 καὶ
1611 2321 1934 2390 προσόδων

329 2409 450 2465 τῶν
500 2412 726 2467 ἁνεπισ
737 2414 944 2469 κόπων
958 2414 1357 2484 Ἐκκλησιῶν.

404 2529 629 2582 Συνόδου
667 2528 939 2601 Ἀγκύρας
966 2529 1148 2584 κανὼν
1176 2527 1234 2584 ιε’
1258 2546 1273 2561 ⁸
1308 2530 1531 2585 συνόδου
1583 2529 1933 2603 Χαλκηδόνος

330 2620 514 2677 κανὼν
543 2620 643 2675 κε’⁶
674 2622 892 2676 συνόδου
927 2621 981 2688 ς’
999 2622 1180 2679 κανὼν
1208 2622 1303 2679 λε’.

402 2713 657 2767 ΚΕΦΑΛ.
684 2710 759 2769 Δ’.
796 2740 865 2756 -ο
886 2715 1028 2784 Περὶ
1077 2713 1455 2783 ἐκποιήσεως
1491 2713 1930 2784 ἐκκλησιαστι-

331 2823 477 2860 κων.

415 2918 759 2974 Ἀποστόλων
807 2918 988 2974 κανὼν
1046 2917 1153 2991 λη’,
1205 2916 1308 2989 ογ’.
1360 2918 1589 2973 Συνόδου
1654 2916 1933 2990 Ἀγκύρας

331 3009 517 3066 κανὼν
547 3009 639 3064 ιε’·
686 3012 907 3066 συνόδου
962 3012 1361 3084 Καρθαγέννης
1407 3010 1590 3066 κανὼν
1645 3010 1753 3082 κβ’,
1806 3008 1928 3079 κγ’·

330 3103 555 3157 συνόδου
584 3103 821 3169 Νικαίας
850 3104 913 3158 τὸ
951 3101 1018 3175 β’,
1051 3103 1233 3159 κανὼν
1267 3103 1369 3175 ιβ⁹’
1433 3103 1706 3173 Κυρίλλου
1736 3105 1799 3155 ἐκ
1829 3102 1930 3173 τῆς

328 3195 471 3264 πρὸς
496 3194 702 3264 Δόμνον
731 3196 1021 3265 ἐπιστολῆς
1042 3212 1170 3266 κεφ.
1200 3194 1248 3266 β’
1267 3212 1280 3226 ·
1309 3194 1588 3263 ἀνάγνωθι
1616 3194 1686 3248 τὰ
1745 3211 1929 3266 παρα-

328 3285 695 3356 γεγραμμένα.
720 3287 777 3341 ἐν
798 3285 877 3357 τῷ
902 3285 946 3356 β’
997 3303 1122 3355 κεφ.
1157 3285 1250 3339 τοῦ
1284 3286 1554 3359 παρόντος
1578 3287 1686 3341 τίτ.

380 3397 657 3453 -ΚΕΦΑΛ,
692 3395 767 3451 Ε’.
799 3428 870 3439 —
901 3398 1041 3467 Περὶ
1070 3397 1190 3454 τῶν
1211 3399 1365 3470 μετὰ
1385 3400 1502 3469 τὴν
1552 3400 1933 3471 χειροτονίαν

329 3488 651 3559 κτωμένων
682 3490 1016 3557 ἐπισκόπῳ,
1044 3491 1082 3562 ἢ
1103 3490 1393 3562 κληρικῷ.

402 3581 633 3637 Συνόδου
696 3583 1093 3657 Καρθαγέννης
1140 3582 1324 3639 κανὼν
1350 3584 1460 3656 λβό
1501 3584 1723 3640 συνόδου
1757 3580 1807 3640 α’
1833 3583 1930 3638 καὶ

329 3671 377 3746 β’
405 3676 463 3729 ἐν
484 3675 562 3749 τῷ
595 3677 709 3750 ναῷ
738 3677 847 3731 τῶν
868 3664 1042 3747 ἁγίων
1065 3677 1383 3733 ἀποστόλων
1413 3676 1596 3734 κανὼν
1627 3679 1693 3745 ζ’.

407 3858 712 3931 Κείμενον.
759 3859 823 3915 Ἦ
853 3860 934 3931 λγ¹
966 3860 1105 3916 διάτ.
1151 3859 1246 3915 τοῦ
1279 3861 1330 3932 γ’
1373 3861 1481 3918 τίτ.
1511 3860 1606 3917 τοῦ
1632 3869 1683 3918 α’
1718 3863 1926 3935 βιϐλίου

327 3951 422 4005 τοῦ
444 3951 692 4018 κώδικος,
722 3970 777 4009 κ.
804 3969 860 4010 τ.
890 3953 968 4022 λ.,
996 3969 1169 4026 usque
1191 3953 1260 4010 ad
1292 3954 1563 4029 ἐκκλησίᾳ
1596 3957 1655 4010 ἐν
1743 3973 1927 4029 κεχει-

333 4046 640 4118 ροτόνηται.

401 4138 682 4207 Σχόλιον.
723 4137 790 4192 Ἦ
814 4135 897 4208 λγ’
916 4138 1055 4194 διάτ.
1108 4139 1204 4194 τοῦ
1235 4138 1288 4206 ς’
1345 4140 1451 4196 τίτ.
1517 4141 1613 4196 τοῦ
1637 4148 1686 4196 α’
1718 4142 1925 4214 βιϐλίου

328 4232 425 4285 τοῦ
475 4230 726 4296 κώδικος,
759 4231 874 4287 ἔστι
927 4250 1055 4305 κεφ.
1085 4240 1134 4305 η’
1163 4234 1260 4288 τοῦ
1291 4240 1339 4304 γ’
1363 4234 1470 4295 τίτ.
1509 4235 1605 4289 τοῦ
1635 4243 1685 4305 γ’
1717 4237 1928 4309 βιϐλίου

326 4324 437 4379 τῶν
460 4323 764 4378 Βασιλικῶν
795 4323 970 4391 οὕτως
1000 4325 1272 4396 έχονοιὶαλ⁸
1297 4328 1326 4381 ὁ
1355 4327 1750 4400 πρεσϐύτερος,
1779 4331 1874 4383 καὶ
1898 4331 1928 4384 ό

327 4419 577 4481 διάκονος
589 4418 689 4471 ὅσα
702 4419 965 4488 κτήσεται
986 4419 1080 4472 καὶ
1094 4421 1151 4472 ἐν
1168 4419 1582 4495 ὑπεξουσιότητι
1609 4422 1924 4489 ἐκποιείτω,

325 4513 424 4567 καὶ
471 4509 796 4565 διατιθέσθω
818 4511 906 4565 ἐπ’
934 4513 1116 4577 αὐτοῖς
1144 4512 1219 4576 ὡς
1246 4513 1518 4585 βούλεται,
1576 4516 1683 4579 καὶ,
1704 4516 1779 4588 μὴ
1835 4517 1928 4569 ἐκ-

2039 2024 2153 2074 tera
2184 2015 2238 2071 in
2263 2015 2457 2071 eodem
2483 2012 2579 2068 lib.
2613 2011 2697 2069 tit.
2723 2011 2779 2079 5,
2804 2024 2947 2081 quos
2975 2008 3060 2063 tit.
3094 2007 3268 2078 legas.
3342 2068 3345 2069 ν

2106 2316 2262 2374 CAP.
2279 2315 2367 2372 111.
2391 2347 2463 2359 —-
2484 2314 2558 2371 De
2580 2314 2730 2371 rebus
2747 2321 2796 2369 et
2819 2311 3079 2368 reditibus
3109 2308 3481 2375 ecclesiarum,
3514 2321 3635 2379 qua

2039 2413 2155 2467 sine
2184 2411 2428 2482 episcopo
2459 2417 2608 2463 sunt.

2106 2522 2336 2577 Concilii
2370 2517 2648 2590 Ancyrani
2680 2532 2859 2573 canon
2908 2514 3011 2581 15;
3065 2512 3284 2569 concilii
3330 2509 3636 2568 Chalcedo-

2037 2616 2226 2670 nensis
2258 2628 2434 2668 canon
2469 2612 2575 2679 25;
2612 2609 2833 2666 concilii
2865 2608 3005 2664 sexti
3032 2622 3211 2663 canon
3239 2603 3332 2660 55.

2106 2707 2262 2765 CAP.
2292 2705 2386 2773 iV,
2418 2737 2489 2747 —
2524 2705 2602 2760 De
2626 2704 2949 2760 alienatione
2986 2698 3211 2776 [rerum]
3240 2696 3637 2754 ecclesiastica-

2034 2816 2097 2855 ru
2107 2817 2177 2854 ιιι.

2108 2912 2501 2983 Aposmlorum
2564 2925 2743 2966 canon
2800 2909 2890 2975 58,
2952 2907 3059 2974 75;
3101 2904 3317 2963 concilii
3353 2901 3639 2973 Ancyrani

2036 3028 2213 3068 canon
2250 3010 2349 3071 15;
2394 3008 2615 3065 concilii
2668 3002 3127 3077 Carthaginiensis
3174 3015 3354 3054 canon
3392 2998 3486 3060 22,
3522 2997 3637 3062 23;

2036 3102 2477 3161 coneiliiNicami
2508 3098 2735 3157 secundi
2767 3112 2944 3153 canon
2977 3096 3079 3159 l2;
3101 3091 3289 3164 Cyrilli
3317 3106 3386 3145 ex
3404 3086 3639 3159 epistola

2035 3199 2101 3253 ad
2152 3186 2418 3252 Domuum
2467 3210 2589 3264 cap.
2634 3193 2692 3247 2.
2730 3191 2871 3263 Lege
2924 3204 3047 3259 qua:
3096 3186 3358 3241 adnotata
3399 3190 3528 3239 sunt
3583 3180 3640 3235 in

2039 3308 2160 3365 cap.
2185 3292 2222 3345 2
2254 3290 2540 3363 praesentis
2582 3288 2667 3342 tit.

2108 3404 2263 3463 CAP.
2299 3404 2362 3461 V.
2398 3434 2468 3445 —
2506 3401 2580 3456 De
2630 3400 2779 3454 bonis
2827 3397 3196 3469 episcoporum
3242 3399 3291 3446 et
3322 3387 3641 3445 clericorum

2036 3507 2155 3570 post
2177 3496 2570 3551 ordinationem
2600 3490 2905 3563 acquisitis.

2107 3589 2340 3646 Concilii
2372 3581 2828 3656 Carthaginensis
2861 3594 3037 3637 canon
3073 3577 3184 3645 32;
3219 3572 3436 3630 concilii
3474 3569 3639 3643 primi

2036 3694 2090 3741 et
2123 3681 2349 3741 secundi
2381 3680 2437 3736 in
2467 3679 2581 3736 atde
2627 3685 2946 3735 sanctorum
2974 3670 3366 3744 Apostolorum
3414 3661 3641 3739 [habiti]

2037 3773 2541 3921 cari'ZLZtiﬁonst.
2566 3861 2636 3917 55
2680 3859 2766 3915 ιῑι.
2820 3859 2854 3914 5
2890 3856 2986 3913 lib.
3012 3853 3325 3915 tCod.ait:
3365 3848 3641 3916 Quaecun-

2035 3974 2164 4030 que,
2184 3966 2315 4025 etc.,
2338 3971 2502 4027 usque
2526 3954 2594 4009 ad
2628 3952 2870 4018 fuerunt,
2902 3949 3231 4021 applicatur,
3266 3953 3324 3999 ut
3345 3959 3470 4015 pag.
3504 3937 3637 4005 826,

2111 4050 2163 4104 7.

2111 4051 2163 4104 7.

2035 4051 2401 4199 82Sclzolinm.
2431 4139 2667 4196 Constit.
2705 4140 2776 4195 55
2802 4138 2884 4193 tit.
2909 4137 2943 4191 6
2989 4136 3086 4191 lib.
3133 4132 3315 4189 tCod.
3358 4128 3637 4198 estcap.8

2036 4237 2120 4293 tit.
2156 4238 2189 4291 5
2230 4236 2328 4289 lib.
2363 4249 2423 4289 ιιι
2458 4232 2649 4297 Basi|.,
2700 4231 2851 4302 quod
2904 4231 2985 4286 sic
3026 4229 3194 4284 habet
3230 4244 3243 4281 :
3275 4225 3637 4291 Quaecunque

2036 4329 2319 4402 presbyter
2350 4327 2696 4381 ctdiaeonus
2728 4325 2833 4380 sub
2884 4324 3059 4394 patria
3115 4326 3386 4392 potestate
3436 4314 3634 4385 aequi-

2035 4418 2208 4485 sierit,
2245 4417 2493 4488 quolibet
2535 4414 2701 4470 modo
2733 4415 3005 4480 alienato,
3054 4427 3119 4467 ac
3155 4411 3221 4464 de
3251 4409 3319 4463 iis
3354 4414 3585 4462 teSIator
3617 4420 3632 4457 :

2037 4530 2216 4585 neque
2256 4514 2346 4569 illa
2375 4513 2443 4568 ab
2482 4512 2550 4568 iis
2584 4511 2677 4581 qui
2732 4511 2913 4580 ipsum
2975 4508 3032 4563 in
3091 4510 3363 4575 potestate
3406 4499 3632 4562 habent,

326 4604 691 4659 δικείσθωσαν
733 4603 889 4676 παρὰ
922 4604 1029 4658 τῶν
1064 4605 1297 4676 ἐχόντων
1321 4607 1486 4661 αὐτὸν
1514 4607 1858 4676 ύπεξούσιον,
1887 4610 1919 4682 ἢ

2039 4603 2404 4669 vindicanlor,
2433 4612 2529 4657 aut
2558 4617 2683 4656 cum
2722 4598 2989 4653 fratribus
3021 4607 3283 4650 eorumve
3326 4589 3452 4645 ﬁliis
3498 4604 3634 4644 con-

328 4697 770 4769 συνεισφερέσθω
823 4700 938 4762 τοῖς
957 4696 1233 4768 ἀδελφοῖς,
1262 4700 1294 4771 ἢ
1332 4702 1446 4765 τοῖς
1477 4701 1689 4766 τέκνοις
1722 4702 1928 4768 αὐτῶν,

324 4790 441 4845 ἀλλ’
468 4793 517 4844 οἱ
561 4790 754 4854 παῖδες
788 4789 970 4845 αὐτῶν
1020 4790 1453 4863 λαμϐανέτωσαν
1502 4792 1644 4848 αὐτὰ
1697 4792 1832 4848 κᾶν’
1853 4796 1931 4866 μὴ

324 4885 639 4956 διαθέμενοι
690 4883 1087 4956 τελευτήσωσι.
1126 4886 1190 4939 Ἡ
1241 4885 1333 4958 μα’
1384 4886 1525 4941 διάτ.
1591 4884 1686 4940 τοῦ
1733 4885 1784 4956 γ’
1820 4887 1929 4941 τίτ.

324 4976 421 5031 τοῦ
457 4984 525 5031 α’.
546 4977 657 5048 βιϐ.
710 4977 809 5033 τοῦ
840 4977 1073 5043 κώδικος
1106 4978 1206 5033 οὐκ
1251 4978 1415 5051 ἐτέθη
1447 4980 1529 5044 είς
1546 4979 1615 5034 τὰ
1640 4980 1930 5036 Βασιλικά.

338 5068 617 5133 Ὡσαύτως
664 5070 787 5124 οὐδὲ
818 5073 852 5142 ἡ
882 5071 969 5142 μθ¹
1028 5070 1171 5125 διάτ.
1208 5071 1302 5125 τοῦ
1351 5071 1520 5126 αὑτοῦ
1549 5073 1656 5128 τίτ.
1690 5074 1785 5127 καὶ
1818 5073 1928 5145 βιϐ.

326 5163 361 5234 ἡ
385 5161 431 5231 γ’
466 5162 606 5217 διάτ.
628 5164 722 5217 τοῦ
752 5163 797 5235 β’
818 5164 922 5219 τίτ.
947 5166 1055 5218 τῶν
1085 5164 1341 5231 Νεαρῶν,
1366 5164 1482 5220 ἔστι
1509 5166 1679 5238 νεαρὰ
1704 5167 1931 5221 Ίουστι-

323 5256 560 5319 νιάνειος
613 5257 728 5327 ρλα¹
799 5258 1029 5330 κειμένη
1081 5259 1139 5312 ἐν
1188 5258 1379 5330 βιϐλίῳ
1428 5257 1492 5325 ε’,
1535 5259 1640 5314 τίτ.
1663 5267 1734 5328 γ’,
1771 5254 1839 5333 ἧς
1876 5260 1935 5314 δὲ

324 5350 529 5421 νεαρᾶς
565 5348 628 5403 τὸ
664 5356 695 5404 ι’
725 5368 853 5420 κεφ.
895 5351 1035 5406 αὐτὰ
1064 5350 1241 5406 ταῦτα
1264 5351 1507 5407 διδάσκει
1534 5353 1634 5406 ὅσα
1666 5355 1759 5407 καὶ
1803 5371 1933 5410 συν-

324 5441 649 5515 ωψίσθησαν
688 5443 1123 5516 προστιθέμενον
1157 5444 1296 5516 μόνη
1356 5446 1637 5518 σημασίαν
1664 5446 1776 5501 τῶν
1809 5448 1934 5502 ἀκι-

324 5539 523 5607 νήτων.
575 5536 742 5605 Λέγει
787 5538 897 5610 γὰρ
932 5540 1068 5611 μήτε
1099 5541 1321 5611 κινητὰ,
1364 5540 1397 5611 ἢ
1425 5540 1743 5612 ἁκίνητα,ἢ
1775 5543 1937 5596 αύτο-

326 5627 548 5699 κίνητα,
608 5629 763 5702 παρὰ
811 5631 923 5704 τῶν
955 5633 1274 5687 ἐπισκόπων
1308 5633 1452 5707 μετὰ
1482 5633 1582 5707 τὴν
1619 5635 1935 5707 ἐπισκοπὴν

324 5721 598 5793 κτηθέντα
630 5724 994 5780 ἐκποιεῖσθαι.
1046 5726 1103 5781 '0
1130 5726 1188 5781 δὲ
1221 5733 1251 5781 ι’
1287 5728 1395 5783 τίτ.
1426 5726 1535 5783 τῶν
1574 5729 1805 5802 Νεαρῶν
1859 5729 1935 5793 ὠς

325 5815 666 5887 παρίσταται
725 5817 833 5872 ἀπὸ
884 5818 978 5872 τοῦ
1040 5819 1299 5891 κειμένου
1336 5822 1517 5891 μόνων
1565 5823 1806 5893 κινητῶν
1839 5824 1935 5876 καὶ

329 5906 661 5983 μέμνηταιὴ
701 5908 745 5981 β’
783 5909 924 5968 διάτ.
980 5911 1076 5968 τοῦ
1111 5918 1158 5967 α’
1189 5912 1293 5968 τίτ.
1342 5913 1452 5971 τῶν
1481 5914 1757 5988 .Νεαρῶν,
1818 5914 1935 5971 ἐστι

2038 4698 2329 4753 feruntor:
2370 4698 2463 4753 sed
2498 4695 2670 4766 ipsius
2705 4692 2881 4756 liberi,
2932 4689 3149 4746 tametsi
3193 4688 3484 4741 intestatus
3533 4681 3634 4737 dc-

2034 4794 2288 4859 cesserit,
2342 4794 2621 4864 t-apiunto.
2652 4790 2846 4846 Const.
2878 4788 2940 4842 41
2983 4787 3067 4843 tit.
3110 4786 3143 4840 5
3170 4785 3265 4840 lib.
3301 4798 3318 4837 ι
3351 4780 3490 4837 Cod.
3519 4793 3633 4833 non

2034 4898 2118 4944 est
2147 4888 2324 4959 posita
2360 4887 2416 4942 in
2452 4886 2641 4953 Basil.;
2671 4883 2924 4939 similiter
2952 4893 3129 4950 neque
3163 4884 3339 4931 const.
3371 4872 3440 4929 49
3486 4870 3640 4939 ejus-

2036 4983 2160 5039 dem
2223 4983 2307 5037 tit.
2358 4990 2413 5037 et
2452 4982 2547 5035 lib.
2610 4978 2805 5033 Const.
2853 4976 2889 5031 5
2928 4976 3015 5029 tit.
3070 4973 3096 5027 1
3150 4968 3504 5025 Novellarum
3552 4972 3638 5021 est

2037 5075 2251 5130 novella
2301 5072 2598 5129 Justiniani
2661 5070 2751 5126 151
2792 5066 2902 5142 [ac]
2952 5065 3127 5137 posita
3183 5060 3317 5135 [est]
3362 5060 3414 5115 in
3450 5057 3549 5112 lib.
3580 5072 3636 5120 v,

2038 5170 2122 5225 tit.
2164 5169 2218 5224 5.
2251 5168 2422 5239 Cujus
2451 5183 2581 5224 sane
2606 5164 2834 5220 novellze
2860 5177 2985 5233 cap.
3030 5159 3099 5214 10
3143 5158 3261 5212 1ηιο
3317 5153 3508 5210 eadem
3536 5149 3640 5207 do-

2037 5274 2143 5329 cet,
2182 5279 2305 5333 qua:
2334 5262 2386 5317 in
2423 5259 2750 5330 compendio
2786 5265 2917 5313 sunt
2949 5252 3229 5327 proposita
3254 5292 3269 5317 ,
3314 5262 3478 5311 voce,
3532 5243 3639 5299 im-

2038 5358 2305 5424 mobiles,
2340 5352 2725 5409 tantummodo
2750 5350 2983 5421 atljecta.
3029 5345 3175 5401 Dicit
3224 5342 3394 5405 cnim,
3458 5349 3638 5408 neque

2037 5450 2286 5517 mobilia,
2312 5462 2492 5519 neque
2525 5445 2853 5504 immobilia.
2887 5456 3065 5513 neque
3104 5454 3164 5495 se
3196 5432 3471 5491 moventia
3497 5470 3512 5494 ,
3567 5429 3638 5483 ab

2037 5544 2313 5615 episcopis
2354 5550 2478 5613 post
2522 5539 2898 5609 episcopatum
2934 5531 3239 5604 acquisita,
3282 5523 3531 5615 alienari.
3565 5520 3639 5574 At

2039 5613 2125 5691 tit.
2160 5613 2247 5692 1οή
2269 5632 2647 5691 Novellarum,
2686 5639 2745 5683 ut
2777 5644 2842 5683 ex
2893 5634 3041 5681 textu
3074 5629 3313 5684 constat,
3348 5613 3635 5671 mobilium

2040 5739 2096 5784 el
2128 5746 2186 5785 se
2229 5727 2567 5783 moventium
2601 5724 2873 5777 duntaxat
2920 5718 3191 5773 meminit.
3215 5716 3404 5767 Const.
3429 5710 3463 5764 2
3491 5708 3573 5762 tit.
3604 5708 3626 5762 1

2039 5818 2410 5880 Νονριιιιιιιιιι,
2440 5823 2525 5869 est
2560 5813 2773 5867 novella
2806 5808 3101 5865 Justiniani
3142 5807 3261 5867 125,
3320 5797 3633 5873 positamue

2040 5911 2148 5988 est]
2180 5913 2236 5986 in
2263 5911 2359 5970 lib.
2382 5909 2653 5991 tuvBasil"
2679 5906 2766 5969 tit.
2801 5906 2854 5975 1,
2883 5914 3049 5977 atque
3071 5899 3143 5958 42
3163 5899 3285 5971 ejus
3316 5910 3440 5991 cap.
3477 5892 3633 5959 dicit,
