4142 6426
579 384 720 457 1147

1755 391 2025 455 ΡΠΟἸἹΙ
2061 388 2572 453 PATRIARCH/E
2601 388 2710 450 (ΣΡ.

3743 376 3875 444 1148

573 524 925 581 quacunque
966 510 1022 566 in
1090 519 1241 567 textu
1267 509 1475 581 scripta
1503 518 1653 564 sunt.
1682 507 1919 564 Constit.
1953 507 1987 559 5
2032 506 2115 560 tit.
2141 504 2169 559 9

2280 504 2449 576 νεαρὰ
2483 500 2915 565 Ἰουστινιάνειος
2965 505 3090 573 ρκγ¹
3120 499 3353 571 κειμένη
3385 498 3445 553 ὲν
3483 496 3682 570 βιϐλίῳ
3701 499 3750 568 γ’
3774 500 3868 554 τῶν

576 600 931 658 Novellarum
973 616 1058 660 est
1102 603 1312 659 novella
1336 601 1633 658 Justiniani
1674 600 1798 663 151,
1860 598 2178 670 positanue

572 694 685 767 est]
716 695 768 749 in
794 696 890 752 lib.
919 711 948 748 ν
977 696 1167 763 Basil.,
1202 697 1285 751 tit.
1320 696 1375 758 5,
1405 711 1471 750 ac
1501 696 1646 749 circa
1688 693 1755 747 10
1798 709 1921 764 cap.
1968 694 2021 747 in
2070 694 2179 748 line

574 784 731 853 dicit,
767 802 1114 859 quaecunque
1160 788 1213 843 in
1265 795 1415 842 textu
1463 786 1859 857 compendiose
1894 785 2177 857 proposita

575 887 727 935 sunt.

644 1159 801 1218 CAP.
833 1162 925 1218 Vl.
952 1191 1025 1203 —
1050 1160 1127 1217 De
1161 1162 1391 1234 propriis
1446 1163 1682 1234 episcopi
1709 1162 1892 1229 rebus,
1932 1172 1985 1219 et
2034 1162 2177 1237 quod

572 1254 856 1311 intestatus
883 1255 1135 1311 decedere
1164 1273 1270 1311 non
1296 1256 1508 1314 debeat.

643 1436 1038 1507 Apostolorum
1074 1452 1256 1493 canon
1308 1438 1418 1502 40;
1449 1439 1669 1495 concilii
1714 1439 2043 1496 Antiocheni
2088 1455 2178 1496 ca-

571 1544 683 1585 non
705 1530 816 1596 24;
850 1530 1067 1586 concilii
1104 1530 1576 1588 Chalcedonensis
1601 1548 1779 1587 canon
1808 1532 1919 1599 22;
1949 1532 2176 1589 concilii

575 1621 926 1678 Sardicensis
968 1638 1151 1678 canon
1183 1623 1282 1691 l2;
1331 1624 1551 1679 concilii
1578 1624 2045 1696 Carthageneusis
2085 1640 2179 1679 ca-

570 1730 681 1769 non
708 1714 802 1783 22,
825 1714 915 1769 81.
952 1713 1097 1786 Lege
1129 1731 1249 1786 qua:
1278 1718 1332 1771 in
1363 1717 1398 1774 5
1428 1732 1548 1788 cap.
1570 1720 1859 1789 przesentis
1890 1719 1973 1772 tit.
2010 1720 2179 1773 adno-

572 1819 687 1865 tata
715 1819 864 1865 sunt.

2278 598 2587 653 Βασιλικῶν
2641 596 2749 651 τίτ.
2782 601 2853 661 α’,
2895 594 2990 649 καί
3043 610 3177 663 φησι
3209 592 3272 646 τὸ
3298 591 3372 662 μϐ
3416 591 3601 662 αὐτῆς
3635 609 3759 660 κεφ.
3780 593 3872 675 ὅσα.

2280 697 2363 759 εἰς
2392 695 2455 748 τὸ
2490 692 2743 763 κείμενον
2792 688 3135 761 ἐγράφησαν.
3182 686 3246 739 Ἦ
3280 682 3329 754 γ’
3369 683 3517 739 διάτ.
3582 683 3680 737 τοῦ
3710 683 3752 754 β’
3773 685 3864 740 τίτ.

2276 787 2387 843 τῶν
2410 785 2663 856 Νεαρῶν,
2696 783 2812 837 ἐστι
2847 780 3019 851 νεαρὰ
3049 778 3474 839 Ἰούστινιάνειος
3502 774 3625 846 ρλα¹
3656 776 3864 846 κειμένη

2277 882 2337 936 ὲν
2368 879 2559 951 βιϐλίῳ
2586 885 2625 931 ε’
2647 875 2756 930 τῶν
2784 872 3090 929 Βασιλικῶν
3137 872 3241 926 τίτ.
3275 876 3346 939 γ’.
3368 869 3461 922 καὶ
3492 866 3737 936 λέγουσα
3755 868 3867 937 περὶ

2276 973 2338 1029 τό
2368 971 2397 1026 ι’
2431 988 2559 1040 κεφ.
2606 968 2750 1024 κατὰ
2774 967 2836 1023 τὸ
2879 965 3035 1030 τέλος
3079 964 3181 1018 ὅσα
3242 958 3675 1031 συνιιλῖκίσθησαν
3710 960 3785 1023 είς
3812 957 3867 1013 τὺ

2638 1151 2729 1224 ς’.
2760 1183 2829 1197 -
2861 1151 3001 1221 Περὶ
3030 1148 3149 1206 τῶν
3179 1147 3385 1207 ιδικῶν
3401 1146 3513 1202 τοῦ
3537 1144 3864 1201 ἐπισκόπου

2276 1249 2658 1321 πραγμάτων,
2689 1247 2788 1303 καί
2828 1245 2921 1302 ὅτι
2942 1246 3056 1302 οὐκ
3106 1243 3365 1316 ὠφειλεν
3423 1238 3745 1304 ἀδιάθετος
3784 1254 3865 1293 τε·

2276 1344 2523 1413 λευτᾷν.

2360 1437 2706 1493 ’Δποστόλων
2736 1434 2920 1491 κανὼν
2951 1440 3003 1505 μ’
3024 1449 3038 1465 ·
3072 1431 3299 1487 συνόδου
3327 1428 3671 1500 Ἀντιοχείας
3702 1427 3864 1483 κανὼν

2278 1530 2358 1585 κδ’
2382 1545 2395 1559 ⁶
2422 1529 2641 1584 συνόδου
2666 1527 3012 1598 Χαλκηδόνος
3040 1522 3225 1579 κανὼν
3253 1522 3340 1594 κβ¹
3376 1535 3390 1551 ·
3428 1521 3661 1575 συνόδου
3684 1521 3860 1592 Σαρδι-

2278 1625 2382 1692 κῆς
2406 1621 2586 1677 κανὼν
2615 1621 2681 1693 ιβ’
2700 1638 2714 1653 ·
2740 1618 2960 1674 συνόδου
2989 1613 3381 1687 Καρθαγέννης
3402 1610 3595 1666 κτανὼν
3619 1610 3720 1681 κβ’,
3745 1618 3827 1663 πα¹
3846 1627 3859 1641 ·

2278 1713 2556 1784 ἀνάγνωθι
2582 1714 2654 1767 τὰ
2700 1706 3215 1782 παραγεγραμμένα
3255 1705 3314 1759 ὲν
3370 1701 3449 1773 τῷ
3485 1700 3532 1755 ε’
3558 1719 3688 1773 κεφ.
3731 1719 3859 1773 παρ-

2280 1809 2433 1870 όντος
2454 1805 2558 1860 τίτ.

645 1902 803 1957 CAP.
834 1902 949 1958 VII.
992 1932 1065 1943 —
1107 1902 1177 1958 Ut
1218 1919 1336 1974 qua:
1372 1904 1429 1957 in
1474 1903 1720 1959 barbaris
1766 1903 2007 1975 gentibus
2052 1914 2169 1958 sunt

2351 1867 2606 1953 ΚίεΣΦΑΛ.
2635 1900 2709 1953 Z7.
2742 1928 2815 1940 —
2850 1896 2993 1967 Περὶ
3013 1896 3158 1963 τοὺς
3178 1896 3285 1963 τὰς
3309 1895 3378 1950 ἐν
3405 1894 3539 1961 τοῖς
3588 1891 3855 1961 βαρϐαρι-

574 1995 673 2051 Dei
702 1996 960 2051 Ecclesia:
984 2037 1002 2065 ,
1061 1997 1352 2052 secundum
1387 1996 1709 2052 obtinentem
1739 1995 2176 2052 consuetudinem

580 2090 1052 2146 administrentur.

638 2180 870 2236 Concilii
912 2180 1508 2252 Constantinopolitani
1562 2196 1740 2238 canon
1796 2183 1878 2249 2;
1956 2183 2176 2239 concilii

573 2273 1044 2331 Chalcedonensis
1082 2288 1263 2329 canon
1296 2273 1403 2342 28;
1454 2273 1673 2331 concilii
1705 2275 1843 2331 sexti
1875 2290 2053 2331 canon
2081 2276 2174 2343 50,

574 2366 666 2431 57,
695 2364 786 2421 59.

644 2457 801 2513 CAP.
833 2458 973 2514 VIII.
1001 2490 1071 2500 —
1102 2459 1187 2515 Ne
1229 2462 1506 2532 episcopus
1532 2501 1549 2528 ,
1596 2475 1761 2530 neque
1814 2452 2041 2512 clericus
2082 2473 2179 2527 per

572 2548 920 2603 donationem
975 2559 1069 2604 aut
1113 2560 1493 2607 testamentum
1540 2548 1879 2624 [quidquam]
1926 2550 2175 2605 Itazretico

571 2638 681 2701 det,
716 2642 930 2694 tametsi
959 2642 1127 2709 ipsius
1162 2653 1420 2714 cognatus
1446 2645 1538 2698 sit.

643 2730 875 2787 Concilii
908 2732 1364 2806 Carthaginiensis
1389 2751 1568 2792 canon
1600 2734 1697 2801 22,
1734 2736 1824 2791 8|.

640 2823 857 2881 Textus.
889 2825 1105 2883 Nedum
1136 2829 1206 2884 ab
1228 2830 1501 2900 episcopis
1526 2840 1579 2886 et
1604 2829 1840 2896 clericis,
1861 2837 1996 2896 etc.,
2012 2844 2177 2901 usque

571 2914 643 2968 ad
676 2914 915 2987 legatum
942 2919 1106 2990 capit,
1138 2928 1338 2992 utpag.
1370 2920 1497 2976 851.

643 3097 939 3158 Solio/ium.
982 3101 1218 3160 Constit.
1250 3104 1319 3159 10
1372 3105 1456 3161 tit.
1486 3104 1520 3161 5
1548 3104 1674 3160 libri
1713 3120 1731 3161 ι
1765 3102 1901 3162 Cod.
1938 3121 2047 3160 non
2091 3115 2176 3162 est

2279 1991 2410 2059 κοῖς
2459 1992 2706 2047 ἔθνεσιν
2760 1991 2951 2058 οὔσας
2985 1989 3094 2045 τοῦ
3134 1988 3283 2045 Θεοῦ
3328 1986 3675 2056 ἐκκλησίας
3724 1981 3857 2054 μετὰ

2278 2083 2395 2153 τὴν
2417 2086 2819 2154 κρατήσασαν
2851 2081 3200 2137 διοικεῖσθαι
3237 2081 3603 2150 συνήθειαν.

2351 2176 2579 2230 Συνόδου
2625 2174 3256 2238 Κωνσταντινουπόλεως
3314 2172 3497 2227 κανὼν
3534 2171 3617 2243 β’·
3653 2167 3856 2223 suum

2277 2270 2625 2341 Χαλκηδόνος
2703 2268 2886 2324 κανὼν
2940 2274 3026 2341 κη’
3065 2283 3081 2298 °
3142 2266 3361 2322 συνόδου
3416 2271 3473 2331 ς’
3559 2261 3739 2318 κανὼν
3786 2257 3853 2322 λ’,

2277 2365 2378 2434 λς’,
2401 2364 2501 2421 λθν.

2350 2458 2602 2513 ΚΕΦΔΛ.
2643 2455 2727 2512 H'.
2755 2488 2827 2499 —
2854 2454 2995 2526 Περὶ
3027 2453 3135 2511 τοῦ
3175 2453 3330 2525 μήτε
3357 2452 3724 2511 ἐπίσκοπον,
3754 2442 3851 2513 μή·

2275 2568 2342 2607 τε
2389 2549 2685 2620 κληρικὸν
2740 2547 2973 2603 διδόναι
3021 2546 3120 2600 διὰ
3173 2542 3399 2615 δωρεᾶς
3464 2543 3507 2613 ἢ
3559 2537 3887 2621 διαθέσεως,

2276 2639 2549 2712 αΙρετικῷ
2576 2641 2694 2696 κᾶν
2723 2640 2818 2705 εἴη
2849 2637 3161 2711 συγγενὴς
3190 2637 3372 2703 αὐτῷ.

2348 2734 2577 2788 Συνόδου
2606 2732 3005 2805 Καρθαγέννης
3032 2730 3213 2785 κανὼν
3236 2728 3341 2801 κβ¹,
3374 2736 3493 2786 πα’.

2346 2829 2657 2900 Κείμενον.
2680 2827 2753 2882 Οὐ
2779 2827 2940 2897 μόνον
2972 2826 3079 2880 ἀπὸ
3107 2824 3427 2879 ἐπισκόπων
3461 2822 3562 2878 καὶ
3592 2816 3845 2892 κληρικῶν

2276 2923 2581 2979 κωλύονται
2621 2920 2944 2993 λαμϐάνειν,
2980 2937 3035 2976 κ.
3064 2936 3117 2974 τ.
3148 2919 3226 2985 λ.,
3254 2932 3431 2989 usque
3461 2917 3534 2974 ad
3567 2916 3603 2988 ἦ
3639 2912 3849 2985 ληγάτον

2275 3016 2567 3089 λαμϐάνει.

2348 3110 2632 3178 Σχόλιον.
2669 3107 2741 3162 Ἠ
2777 3114 2811 3163 ι’
2868 3106 3010 3163 διάτ.
3063 3105 3160 3159 τοῦ
3204 3103 3247 3159 ε’
3277 3104 3385 3159 τίτ.
3437 3103 3537 3158 τοῦ
3572 3100 3623 3156 α’
3667 3094 3846 3171 βιϐλίου

566 3192 749 3262 posita
788 3194 840 3247 in
880 3194 1048 3250 Basil.
1117 3195 1309 3251 Const.
1368 3198 1423 3263 5,
1483 3198 1568 3253 tit.
1618 3197 1654 3252 2
1706 3197 2057 3253 Novellarum
2089 3208 2169 3255 cst

2279 3203 2373 3259 τοῦ
2404 3202 2637 3267 κώδικος
2682 3202 2784 3255 οὐκ
2825 3198 2984 3271 ὲτέθη
3022 3198 3104 3263 είς
3127 3197 3201 3251 τὰ
3224 3197 3518 3252 Βασιλικά.
3573 3189 3701 3261 Ἦ“γ’
3726 3187 3843 3241 διάτο

570 3284 785 3340 novella
846 3284 1144 3343 Justiniani
1195 3289 1300 3345 155
1350 3289 1665 3362 posita[que
1710 3289 1823 3363 est]
1873 3291 1927 3346 in
1988 3291 2083 3347 lib.
2131 3309 2162 3346 ν

567 3372 734 3429 Basil.
768 3376 852 3431 tit.
900 3378 955 3443 5,
991 3386 1159 3449 atque
1195 3380 1229 3435 5
1274 3380 1459 3435 thema
1497 3396 1620 3469 cap.
1653 3382 1713 3437 11
1770 3383 2020 3452 ejusdem
2076 3385 2160 3441 tit.

568 3468 724 3535 dicit,
748 3486 1095 3543 quaecunque
1136 3474 1191 3529 in
1222 3483 1373 3530 tcxtu
1406 3475 1612 3545 scripta
1642 3485 1793 3531 sunt.
1823 3476 2060 3532 Constit.
2097 3480 2165 3535 18

567 3560 653 3613 tit.
680 3560 713 3615 5
748 3560 844 3618 lib.
881 3563 1059 3619 tCod.
1095 3580 1205 3621 non
1234 3575 1319 3623 est
1348 3566 1527 3638 posita
1557 3568 1612 3622 in
1632 3566 1829 3637 Basil.,
1856 3583 2038 3640 neque
2075 3571 2164 3642 19,

567 3669 748 3725 neque
774 3654 871 3711 22.

643 3842 864 3901 Textus.
898 3844 1033 3913 Quae
1048 3847 1553 3907 exhareditationis
1568 3850 2017 3919 causasordinat,
2035 3860 2167 3923 etc.,

568 3953 731 4009 usque
756 3941 826 3994 ad
850 3942 1217 4013 publicantur,
1250 3952 1307 3998 ut
1330 3960 1456 4017 pag.
1478 3946 1605 4014 851,
1637 3945 1764 4002 851.

641 4118 937 4177 Scholium.
993 4121 1215 4179 Novella
1281 4124 1386 4181 115
1451 4125 1803 4196 imperatoris
1873 4127 2172 4186 Iustiniani

566 4216 747 4285 posita
797 4216 969 4271 estin
1011 4233 1133 4289 cap.
1170 4218 1239 4274 58
1283 4220 1370 4276 tit.
1425 4220 1458 4275 8
1487 4216 1583 4275 lib.
1621 4238 1765 4276 xxxv
1805 4222 1977 4280 Basil.
2032 4223 2175 4279 Dicit

568 4317 752 4365 autem
797 4310 919 4381 ejus
971 4312 1038 4367 M
1084 4329 1206 4384 cap.
1261 4314 1377 4370 haec
1415 4316 1482 4370 ad
1528 4317 1805 4372 verbum:
1851 4317 1909 4373 Si
1946 4320 2074 4389 quis
2104 4334 2170 4374 ex

570 4406 894 4461 memoratis
919 4408 1280 4475 parentibus,
1318 4422 1455 4464 reum
1502 4409 1620 4478 ipse
1669 4411 2019 4467 orthodoxus
2075 4412 2169 4479 sit,

569 4498 775 4551 sentiat.
834 4497 1005 4553 lilium
1045 4514 1205 4555 suum
1245 4511 1339 4556 aut
1393 4501 1536 4556 ﬁlios
1576 4516 1686 4557 non
1719 4517 1844 4559 esse
1878 4504 2170 4561 catholicas

2267 3294 2363 3349 τοῦ
2400 3292 2445 3366 β’
2483 3294 2589 3349 τίτ.
2623 3292 2733 3346 τῶν
2789 3289 3043 3357 Νεαρῶν,
3084 3288 3201 3343 εστι
3242 3287 3412 3361 νεαρὰ
3446 3281 3846 3354 ’Ῑουστινιάνειος

2269 3393 2389 3459 ρκε⁹
2442 3385 2673 3457 κειμένη
2700 3384 2771 3438 ὲν»
2808 3381 3001 3455 βιϐλίῳ
3038 3387 3079 3434 ε’
3101 3380 3212 3436 τῶν
3257 3379 3574 3433 Βασιλικῶν
3626 3374 3726 3429 τίτ.
3782 3373 3839 3437 γ¹ν

2267 3479 2364 3535 καί
2396 3495 2529 3550 φησι
2554 3477 2682 3547 τὸτ’
2715 3476 2859 3547 θέμα
2893 3474 2988 3529 τοῦ
3018 3472 3088 3527 ια’
3114 3491 3241 3543 κεφ.
3295 3470 3389 3527 τοῦ
3416 3468 3585 3526 αὐτοῦ
3615 3466 3715 3521 τίτ.
3760 3462 3843 3550 ὅσα

2268 3572 2353 3636 είς
2388 3548 2736 3640 τδ-κείμενον
2789 3566 3132 3637 ἐγράφησαν.
3174 3565 3241 3619 Ἥ
3281 3570 3352 3635 ιη’
3376 3563 3522 3619 διάτ.
3571 3557 3662 3614 τοῦ
3690 3553 3731 3608 ε’
3750 3548 3838 3605 τίτ.

2269 3662 2364 3719 τοῦ
2397 3669 2447 3717 α’
2472 3662 2680 3734 βιϐλίου
2705 3660 2801 3716 τοῦ
2823 3661 3052 3726 κὼδικος
3074 3659 3175 3714 οὐκ
3202 3657 3361 3730 ἐτέθη
3386 3657 3468 3722 είς
3494 3654 3566 3709 τὰ
3585 3640 3841 3706 Βασιλικὰ,

2270 3756 2393 3812 οὐδὲ
2418 3757 2453 3830 ή
2478 3755 2564 3820 ιθν,
2596 3754 2719 3809 οὐδὲ
2752 3754 2858 3826 κβ’.

2345 3829 2657 3921 κείμενον.
2738 3847 2803 3902 Ἦ
2871 3847 2930 3901 δὲ
2979 3846 3080 3911 τὰς
3135 3844 3317 3908 αἰτίας
3377 3829 3839 3921 ἐξερεδιτατιώνθν

2272 3919 2507 4006 τάκτους
2538 3939 2635 4013 ρε’,
2659 3940 2857 4013 νεαρὰ,
2892 3956 2949 3993 κ.
2978 3957 3030 3993 τ.
3062 3937 3140 4005 λ.,
3174 3950 3350 4008 usque
3380 3934 3451 3991 ad
3475 3935 3574 3989 καὶ
3596 3930 3689 4001 τῆς
3723 3919 3838 3991 κτή⁰

2277 4051 2416 4099 σεως
2439 4032 2828 4099 ἀπελαύνεται,
2859 4031 2956 4085 καὶ
3002 4028 3321 4102 δημεύεται.

2342 4126 2624 4197 Σχόλιον.
2665 4124 2731 4178 Ἦ
2768 4121 2865 4195 ριε¹
2915 4122 3092 4193 νεαρὰ
3114 4122 3211 4176 τοῦ
3243 4119 3511 4192 βασιλέως
3555 4117 3836 4197 ’1ουστινια-

2275 4219 2370 4273 νοῦ
2392 4218 2549 4289 ἐτέθη
2576 4219 2656 4281 είς
2684 4234 2809 4288 κεφ.
2843 4214 2948 4287 λη’,
2972 4215 3067 4269 τοῦ
3096 4213 3145 4288 η’
3166 4214 3270 4268 τίτ.
3299 4212 3394 4267 τοῦ
3414 4210 3488 4265 λε’
3526 4205 3724 4282 βιϐλίου
3746 4196 3836 4252 τῶν

2276 4309 2603 4375 Βασιλικῶν,
2635 4310 2786 4379 λέγει
2822 4309 2882 4364 δὲ
2912 4309 2971 4362 τὸ
2995 4306 3054 4362 ιδ’
3080 4325 3207 4378 κεφ.
3235 4307 3405 4374 αὐτῆς
3437 4306 3612 4360 ταῦτα
3657 4291 3831 4370 ῥητῶς,

2277 4404 2447 4467 Εἷτις
2469 4403 2535 4456 ὲκ
2558 4403 2667 4455 τῶν
2697 4420 2803 4475 μνη
2813 4401 3183 4474 μονευθέντων
3211 4399 3415 4469 γονέων
3446 4393 3716 4467 όρθόδοξος
3747 4386 3834 4439 ὕπ-

2280 4500 2465 4567 άρχων
2516 4494 2775 4566 αίσθηται
2825 4495 2917 4548 τὸν
2949 4493 3080 4547 ἴδιον
3107 4493 3277 4547 παῖδα
3305 4491 3339 4563 ἢ
3375 4491 3573 4553 παῖδας
3617 4484 3686 4558 μὴ
3713 4476 3832 4567 εἶναι

573 4589 857 4657 Εοοιοεὶαι,
889 4601 1022 4653 etc..
1059 4594 1340 4662 quomodo
1394 4595 1499 4650 sub
1521 4596 1850 4665 compendio
1908 4598 1961 4653 in
2013 4607 2165 4653 textu

2406 4589 2701 4657 καθολικῆς
2735 4587 3089 4661 Ἐκκλησίας,
3120 4585 3306 4641 καὶτὰ
3352 4583 3504 4656 ἑξῆς,
3527 4584 3601 4646 ὡς
3621 4579 3695 4641 είς
3738 4566 3833 4665 κεί-

567 4693 700 4736 sunt
728 4685 1027 4754 proposita.
1064 4685 1138 4741 De
1168 4684 1535 4743 Samaritanis
1566 4689 1787 4745 «'oustit.
1821 4688 1876 4753 1,
1907 4706 2032 4760 quae
2080 4701 2167 4746 est

566 4776 603 4827 ‘2
632 4776 715 4833 tit.
749 4776 782 4829 5
808 4774 1182 4844 Novellarum,
1228 4794 1315 4835 est
1340 4782 1553 4837 novella
1581 4780 1880 4837 Justiniani
1917 4783 2040 4849 129,
2071 4785 2165 4839 sed

568 4881 677 4920 non
711 4876 799 4920 est
824 4868 1001 4935 posita
1059 4870 1113 4924 in
1145 4870 1334 4936 Basil.,
1384 4889 1562 4942 neque
1595 4874 1806 4929 novella
1837 4875 1890 4941 5,
1928 4891 2051 4944 quae
2082 4884 2168 4931 est

567 4954 865 5012 Justiniaui
900 4959 1022 5016 144.
1052 4959 1280 5027 Quaeras
1309 4974 1492 5019 autem
1541 4982 1661 5036 cap.
1697 4967 1760 5022 51
1820 4970 1901 5023 Iit.
1930 4970 1952 5023 1
1997 4968 2089 5022 lib.
2123 4985 2164 5033 ι,

568 5069 634 5108 ac
656 5055 957 5123 legasillud
975 5073 1100 5111 cum
1133 5060 1361 5131 reliquis
1395 5076 1519 5130 cap.
1554 5076 1728 5131 usque
1755 5062 1823 5116 ad
1855 5064 2016 5117 linem
2052 5063 2162 5128 tit.,

566 5162 690 5214 quae
732 5149 1177 5218 complectuntur
1223 5168 1569 5222 quaecunque
1621 5152 1675 5206 in
1711 5163 1860 5208 textu
1900 5169 2166 5225 compen-

566 5235 721 5292 diose
746 5247 875 5294 sunt
906 5242 1209 5310 proposita,
1252 5252 1306 5298 et
1341 5241 1613 5316 [insuper]
1646 5245 1713 5300 de
1749 5246 2022 5301 hmreticis
2057 5246 2165 5302 alia

532 5332 737 5385 ﬁnulta
766 5341 930 5403 atque
960 5335 1294 5389 necessaria.
1330 5336 1413 5392 Ex
1451 5337 1535 5391 his
1561 5338 1709 5392 enim
1743 5337 1955 5410 integra
1981 5349 2165 5394 castra

566 5423 668 5495 (uti
702 5429 943 5496 constat)
978 5434 1033 5480 et
1074 5427 1326 5495 regiones
1360 5427 1729 5499 Bogomilicas
1759 5445 1966 5495 errare,
1999 5439 2165 5500 atque

564 5517 621 5570 in
674 5517 869 5573 haeresi
906 5533 1003 5573 sua
1053 5517 1190 5571 mori
1219 5518 1455 5574 sinimus
1486 5536 1500 5573 :
1532 5536 1703 5574 unum
1758 5535 1891 5575 vero
1941 5529 1996 5577 et
2044 5520 2165 5576 vilis

567 5611 904 5667 conditionis
938 5612 1100 5666 talem
1143 5611 1459 5669 haereticum
1498 5613 1551 5667 in
1579 5613 1730 5683 regia
1756 5616 1891 5671 urbe
1915 5630 2166 5671 commo-

564 5713 777 5757 rantem
799 5705 1163 5770 invenientes,
1181 5713 1534 5761 vehementer
1552 5706 1834 5777 punimus.
1850 5707 2088 5764 Constit.
2132 5709 2167 5763 5

573 5792 632 5846 it.
666 5791 1081 5862 INovellarum,
1121 5806 1205 5852 est
1238 5797 1450 5852 novella
1476 5796 1777 5854 Justiniani
1802 5800 1928 5863 151,
1954 5800 2165 5870 posita-

570 5882 699 5957 [que
728 5885 836 5959 est]
872 5886 927 5943 in
957 5886 1055 5944 lib.
1088 5886 1257 5946 Basil.
1292 5902 1377 5961 ιιι,
1399 5889 1559 5963 cujus
1592 5890 1654 5948 11
1689 5906 1810 5963 cap.
1847 5890 1983 5949 dicit
2011 5904 2163 5963 qum-

2279 4656 2441 4752 μενον
2489 4656 2934 4751 συνωψίσθησαν.
2970 4679 3037 4732 Ἢ
3066 4680 3198 4751 περὶ
3244 4676 3355 4731 τῶν
3408 4666 3748 4747 Σαμαρειτῶν
3772 4656 3827 4752 4'3

2271 4773 2413 4828 διάτζ
2442 4771 2509 4843 β’,
2538 4771 2675 4827 οὖσα
2715 4772 2809 4827 τοῦ
2838 4770 2886 4842 γ’
2918 4772 3025 4827 τίτ.
3075 4771 3185 4825 τῶν
3235 4768 3487 4843 Νεαρῶν,
3537 4768 3646 4822 ἔστι
3689 4750 3829 4826 νεαρά

2285 4867 2717 4930 Ἰουστινιάνειος
2759 4864 2874 4935 ρκθ¹
2923 4867 3025 4921 οὐκ
3070 4865 3231 4936 ἐτέθη
3263 4865 3321 4918 δὲ
3351 4867 3431 4929 είς
3482 4863 3550 4918 τὰ
3580 4847 3825 4933 βασιλικὰ,

2272 4958 2393 5012 οὐδὲ
2416 4961 2450 5031 ἡ
2479 4957 2526 5029 γ’
2552 4958 2725 5031 νεαρὰ
2777 4954 2911 5013 οὖσα
2953 4958 3383 5022 ’1ουστινιάνειος
3437 4954 3556 5030 ρμδ¹
3614 4951 3748 5021 ζήτει
3779 4936 3825 4991 δὲ

2271 5053 2334 5108 τὸ
2360 5051 2440 5107 να⁹
2474 5069 2599 5122 κεφ.
2642 5051 2738 5106 τοῦ
2772 5051 2821 5106 α’
2854 5053 2961 5106 τίτ.
3008 5051 3101 5105 τοῦ
3134 5050 3180 5106 α’
3211 5050 3437 5122 βιϐλίου,
3458 5049 3552 5104 καὶ
3590 5031 3823 5134 ἀνάγνωθί

2272 5146 2453 5210 τοῦτο,
2496 5147 2591 5200 καὶ¹
2640 5146 2710 5199 τὰ
2743 5146 2826 5216 ἐφ’
2855 5146 2985 5217 έξῆς
3033 5162 3161 5215 κεφ.
3220 5145 3383 5216 μέχρι
3437 5143 3530 5198 τοῦ
3561 5139 3726 5196 τέλους
3744 5141 3819 5181 του

2271 5239 2379 5295 τίτ.
2407 5238 2846 5311 διαλαμϐάνοντα
2898 5241 2999 5294 ὅσα
3027 5238 3448 5310 συνωψίσθησαν
3484 5239 3561 5301 είς
3584 5232 3639 5287 τὺ
3665 5223 3821 5311 κείμεξ

2272 5351 2383 5399 νον,
2436 5336 2534 5387 καὶ¹
2573 5308 2737 5406 ἕτερα
2786 5334 2962 5388 πολλὰ
3015 5308 3253 5405 χρειώδη
3285 5308 3381 5385 καὶ
3437 5326 3689 5401 ἀναγκαῖα
3713 5308 3816 5381 περὶ

2270 5426 2586 5499 αἱρετικῶν.
2647 5426 2781 5480 Ἀπὸ
2815 5426 2924 5499 γὰρ
2974 5426 3203 5491 τούτων,
3246 5425 3348 5492 ὡς,
3402 5424 3573 5479 ἔοικεν
3602 5412 3815 5484 ίὰκέραια

2270 5521 2485 5593 κάστρα
2520 5538 2582 5575 τε
2632 5521 2727 5575 καὶ
2796 5520 2971 5594 χωρία
3020 5520 3363 5593 βωγομιλικὰ
3425 5504 3810 5592 παραχωροῧμεν

2270 5613 2599 5681 πλανᾶσθαι,
2617 5614 2713 5669 καὶ
2742 5616 2882 5687 μετὰ
2907 5616 3008 5686 τῆς
3039 5614 3172 5680 ιδίας
3196 5614 3558 5685 ἀποθνήσκειν
3571 5604 3805 5680 αίρέσεωῖο

2274 5706 2417 5761 Ἕνα
2438 5707 2496 5761 δὲ
2531 5708 2626 5761 καὶ
2674 5707 2907 5779 τυχόντα
2934 5708 3176 5762 τοιοῦτον
3205 5707 3484 5778 αἱρετικὸν
3512 5697 3805 5775 εὑρίσκοντες

2271 5799 2332 5854 ἐν
2359 5801 2428 5871 τῇ
2468 5798 2833 5871 βασιλευούσῃ
2897 5798 3247 5871 διατρίὸοντα
3296 5797 3545 5870 μεγάλως
3567 5785 3805 5871 αὑτὸν-κω

2268 5868 2527 5962 λάξοιιενν.
2570 5889 2635 5947 Ἠ
2667 5896 2717 5962 γ’
2740 5868 2881 5948 διάτ.
2921 5868 3098 5947 τοῢ⁷α⁹
3135 5890 3241 5947 τίτ.
3294 5868 3403 5946 τῶν
3451 5880 3675 5959 Νεαρῶν,
3710 5868 3799 5925 ἔστι
