4142 6444
382 436 522 503 1149
1426 432 1918 495 ΝΟΜΟΟΑΝΟΝ.
1953 459 1989 468 -

2096 431 2213 491 ‘IT.
2252 429 2363 502 XI,
2397 429 2559 490 CAP.
2603 429 2654 488 I-
3551 422 3697 489 1150

380 555 554 626 νεαρὰ
603 551 1032 614 Ἰουστινιάνειος
1090 546 1205 619 ρλα¹
1238 545 1468 616 κειμένη
1498 546 1557 598 ὲν
1591 543 1783 615 βιϐλίῳ
1801 539 1840 595 ε’
1868 541 1977 596 τῶν

2096 556 2301 611 ξυηαιιε
2335 541 2390 595 in
2424 548 2575 594 textu
2605 540 2993 609 compendiose
3017 539 3296 610 proposita
3333 544 3482 592 sunt.
3514 535 3694 606 Legas

382 647 688 703 Βασιλικῶν
742 647 848 701 τίτ.
879 652 952 714 γ’,
991 644 1051 697 τὸ
1091 642 1149 696 δὲ
1186 639 1253 696 ια’
1280 656 1408 708 κεφ.
1461 637 1556 691 τοῦ
1586 636 1830 691 τοιούτου
1867 636 1976 690 τίτ.

2096 628 2322 703 [autem]
2355 629 2489 684 illud
2516 645 2690 699 usque
2720 629 2785 684 ad
2836 646 2957 700 cap.
3006 630 3105 697 12;
3150 645 3276 683 nam
3309 628 3493 684 omnia
3537 624 3691 696 ejus-

383 742 531 810 λέγει
582 744 681 797 ὅσα
712 737 1126 808 συνωψίσθησαν
1154 734 1236 795 εἰς
1286 734 1348 785 τὸ
1377 731 1650 801 κείμενον,
1690 731 1783 784 καὶ
1838 728 1973 783 ἁνάα

2096 726 2205 780 lem
2237 724 2294 777 H
2328 737 2450 792 cap.
2484 721 2723 777 themata
2772 723 3078 778 istiusmodi
3115 725 3332 778 docent.

384 836 552 907 γνωθι
597 832 759 889 τοῦτο
790 832 953 904 μέχρι
982 828 1076 881 τοῦ
1103 824 1170 898 ιβ’
1200 841 1326 895 κεφ.
1356 823 1427 878 τὰ
1450 825 1560 895 γὰρ
1580 823 1677 876 ὅλαι
1703 821 1917 893 θέματα
1950 818 2045 875 τοῦ
2072 818 2238 874 αὐτοῦ
2271 824 2338 872 ια’
2367 834 2493 887 κεφ.
2532 816 2661 887 περὶ
2689 815 2897 870 τούτων
2925 816 3257 872 διδάσκουσι.

1448 1168 1857 1258 ΤΙΤΛΟΣ
1930 1164 2630 1254 ΕΝΔΕΚΑΤΟΣ.

1250 1385 1442 1443 ΠΕΡΙ
1516 1378 2081 1438 ΜΟΝΑΣΤΙῚΑΣ
2143 1378 2294 1435 ΚΑΙ
2366 1377 2803 1436 ΜΟΝΑΧΩΝ.

1436 1715 1910 1799 TITULUS
1989 1707 2633 1791 UNDECIMUS.

1341 1902 1452 1962 DE
1493 1892 2045 1961 MONASTERIIS
2086 1890 2202 1970 ΕΤ
2249 1883 2700 1950 MONACHIS.

457 2232 862 2291 ΚΕΦᾹΛᾹΙΟΝ
905 2231 986 2288 Α⁰.
1024 2262 1093 2273 -
1127 2229 1269 2300 Περὶ
1327 2226 1631 2294 ποιήσεως
1673 2239 1980 2296 μον-(ιστη-

2154 2219 2383 2278 CAPUT
2413 2216 2705 2274 PRIMUM.
2737 2245 2810 2256 —
2838 2215 2917 2269 De
2941 2210 3300 2268 exstructione
3335 2206 3688 2263 monasterio-

378 2331 551 2401 ρι’ων,
607 2329 709 2382 καὶ
766 2326 872 2381 τοῦ
896 2325 983 2396 μὴ
1022 2323 1307 2395 γεκέσθαι
1344 2321 1500 2375 αὐτὰ
1551 2319 1848 2384 ἰδιωτικὰ,
1886 2317 1986 2373 καὶ

2096 2332 2229 2383 rum,
2279 2323 2329 2369 et
2389 2328 2452 2367 ne
2496 2311 2594 2366 illa
2660 2308 2857 2380 privati
2899 2303 3105 2380 [juris]
3143 2305 3297 2375 ﬁant,
3336 2311 3385 2357 et
3427 2301 3490 2357 de
3532 2300 3692 2356 rebus

386 2423 749 2496 πραγμάτων
776 2421 894 2475 τῶν
917 2418 1323 2490 μοναζόντων.

2096 2408 2490 2462 monachorum.

458 2486 685 2571 Συνόδου
712 2486 1057 2584 Χαλκηδόνος
1091 2510 1275 2565 κανὼν
1306 2511 1367 2575 δ’,
1401 2508 1499 2563 κδ’·
1530 2506 1750 2561 συνόδου
1774 2502 1851 2570 ς’,
1887 2520 1989 2557 κα-

2159 2501 2392 2556 Concilii
2442 2493 2907 2555 Chalcedonensis
2960 2506 3137 2548 canon
3186 2492 3251 2557 4,
3300 2489 3407 2557 24,
3467 2486 3689 2544 concilii

387 2612 495 2666 νὼν
527 2611 612 2682 μθ¹
638 2626 651 2639 ·
689 2607 909 2663 συνόδου
944 2603 1183 2668 Νικαίας
1211 2604 1273 2656 τὸ
1305 2599 1373 2669 α’,
1406 2599 1590 2655 κανὼν
1613 2605 1681 2668 ιγ’
1704 2615 1719 2630 ο
1764 2597 1989 2651 συνόδου

2096 2596 2227 2652 sexti
2260 2609 2436 2649 canon
2484 2592 2590 2658 49;
2628 2590 2844 2646 concilii
2884 2587 3089 2645 Niczeni
3151 2584 3318 2656 primi
3376 2596 3550 2637 canon
3579 2580 3682 2646 l3;

387 2712 437 2759 α’
469 2706 561 2759 καὶ
584 2703 628 2773 β’
649 2719 663 2733 ο
692 2703 751 2755 ὲν
782 2699 861 2771 τῷ
890 2698 1002 2769 ναῷ
1018 2696 1126 2752 τῶν
1154 2695 1355 2765 Ἀγίων
1379 2692 1697 2749 ἀποστόλων
1724 2689 1907 2746 κανὼν
1938 2695 1988 2744 α’

2096 2688 2310 2744 concilii
2341 2686 2500 2753 primi
2523 2694 2577 2741 et
2608 2683 2832 2740 secundi
2870 2683 2923 2736 in
2951 2682 3066 2736 aede
3097 2678 3422 2733 Sanctorum
3455 2676 3691 2743 Aposto-

389 2797 480 2850 καὶ
519 2801 593 2860 ς’.

2096 2782 2268 2836 lorum
2298 2778 2521 2852 [habiti]
2553 2793 2731 2833 canon
2766 2778 2789 2831 1
2824 2785 2880 2831 ει
2906 2775 2961 2829 θ.

472 2889 778 2958 Κείμενον.
833 2884 898 2939 Ἦ
953 2890 1019 2953 ιγ’
1081 2881 1221 2937 διάτ.
1282 2878 1378 2935 τοῦ
1432 2878 1482 2933 α’
1528 2879 1635 2933 τίτ.
1687 2877 1797 2931 τῶν
1840 2876 1988 2930 Νεα-

393 2982 526 3055 ρῶν,
563 2999 618 3037 κ.
639 2998 694 3035 τ.
722 2980 797 3046 λ.,
822 2994 999 3050 usque
1014 2976 1083 3032 ad
1101 2977 1178 3041 ὡς
1208 2976 1243 3047 ή
1276 2974 1349 3030 νδ¹
1371 2972 1512 3028 διάτ.
1558 2970 1656 3026 τοῦ
1683 2969 1848 3024 αὐτοῦ
1876 2968 1986 3022 τίτ.

460 3167 742 3237 Σχόλιον.
786 3164 852 3219 Ἦ
883 3163 951 3233 ιγ’
994 3163 1137 3217 διὰτ.
1193 3159 1289 3215 τοῦ
1318 3158 1368 3214 α’
1415 3158 1520 3214 τίτ.
1578 3157 1689 3212 τῶν
1733 3155 1985 3227 Νεαρῶν,

386 3257 506 3312 ἔστι
532 3257 701 3328 νεαρὰ
733 3253 1159 3317 Ἰουστινιάνειος
1190 3249 1308 3323 ρκγ¹
1333 3251 1430 3304 καὶ
1458 3247 1619 3320 ἐτέθη
1652 3247 1716 3301 τὸ
1746 3246 1827 3318 νβ’
1860 3263 1986 3315 κεφ.

388 3350 565 3420 αὐτῆς
621 3351 702 3412 εἰς
747 3346 953 3419 βιϐλίον
978 3345 1089 3400 τῶν
1124 3344 1435 3399 Βασιλικῶν
1464 3343 1509 3396 δ’
1536 3341 1670 3409 τίτ.,
1702 3347 1751 3395 α’
1775 3357 1903 3411 κεφ.
1938 3345 1987 3394 α’

2162 2874 2379 2929 Texms.
2446 2872 2635 2928 Const.
2681 2871 2747 2925 15
2805 2870 2894 2924 tit.
2942 2867 2962 2920 1
3018 2863 3371 2921 Novellarum
3417 2860 3543 2915 ait:
3580 2856 3688 2923 Qui

2090 2969 2652 3035 monasterium,etc.,
2678 2981 2841 3035 usque
2870 2962 2940 3018 ad
2963 2968 3143 3018 const.
3178 2958 3271 3022 54,
3313 2965 3372 3010 ut
3401 2969 3525 3025 pag.
3557 2950 3690 3017 858,

2162 3063 2216 3118 9.

2162 3064 2216 3118 9.

2090 3064 2455 3213 85$choh'um.
2507 3152 2742 3210 Constit.
2795 3150 2863 3205 15
2921 3149 3006 3204 ιίι.
3095 3147 3119 3201 1
3193 3143 3544 3200 Novellarum
3598 3145 3685 3193 est

2091 3253 2303 3309 novella
2323 3247 2619 3305 Justiniani
2670 3246 2793 3311 125,
2828 3243 3116 3314 positaque
3163 3246 3246 3294 est
3292 3237 3363 3292 52
3410 3234 3533 3304 ejus
3562 3246 3684 3301 cap.

2092 3348 2146 3403 in
2182 3346 2280 3401 lib.
2321 3343 2489 3400 Basil.
2516 3358 2590 3407 Iv,
2626 3340 2712 3395 tit.
2751 3339 2804 3403 1,
2836 3351 2959 3405 cap.
2994 3335 3046 3396 1,
3079 3340 3244 3402 atque
3272 3329 3362 3383 illa
3390 3327 3552 3382 docet
3573 3336 3697 3393 quae

390 3418 575 3497 ἐκεῖνα
602 3418 854 3495 διδάσκον
905 3440 1006 3493 ὅσα
1033 3440 1112 3501 εἰς
1146 3438 1207 3491 τὸ
1237 3437 1489 3508 κείμενον
1533 3433 1879 3507 ἐγράφησαν.
1925 3430 1989 3483 Ἡ

2096 3440 2146 3495 in
2182 3448 2334 3495 textu
2361 3435 2565 3506 scripta
2605 3440 2757 3488 sunt.
2792 3428 3030 3486 Constit.
3083 3427 3118 3481 5
3175 3424 3259 3480 ιίι.
3284 3423 3320 3477 2
3344 3418 3693 3475 Novellarum

387 3541 435 3606 γ’
468 3534 607 3588 διάτ.
636 3531 730 3587 τοῦ
756 3531 800 3602 β’
823 3531 927 3586 τίτ.
959 3529 1069 3584 τῶν
1096 3507 1366 3601 Νεαρῶν,
1405 3527 1522 3581 ἔστι
1550 3524 1723 3597 νεαρὰ
1766 3522 1988 3578 Ἰουστι-

2096 3542 2178 3591 εει
2224 3530 2436 3587 novella
2468 3524 2765 3584 Justiniani
2806 3522 2932 3587 151,
2969 3517 3284 3606 posita[que
3318 3511 3424 3585 est]
3457 3511 3544 3606 _in
3594 3507 3694 3562 lib.

386 3602 623 3691 νιάνειος
680 3625 796 3698 ρλα¹
827 3623 1058 3695 κειμένη
1091 3624 1149 3678 ὲν
1199 3621 1388 3694 βιϐλίῳ
1441 3620 1551 3674 τῶν
1595 3616 1900 3674 Βασιλικῶν
1924 3621 1987 3681 ε’,

2096 3623 2261 3679 Basil.
2294 3638 2351 3689 ν,
2397 3620 2481 3675 ιῑι.
2521 3619 2575 3673 5.
2632 3616 2770 3672 Dicit
2813 3622 2996 3668 autem
3134 3605 3380 3675 eiusdem
3435 3602 3520 3655 tit.
3571 3611 3695 3697 cap.

385 3722 493 3775 τίτ.
526 3684 619 3790 '7':
650 3684 800 3790 λέγει
835 3719 893 3773 δὲ
919 3684 988 3773 σὺ
1012 3684 1058 3772 δῖ
1085 3684 1381 3787 κεφαλαιον
1428 3713 1525 3769 τοῦ
1578 3713 1745 3768 αὑτοῦ
1802 3711 1986 3767 τίτλον

2096 3684 2441 3784 quaecunque
2484 3708 2537 3761 in
2579 3713 2730 3762 textu
2778 3696 3169 3771 compendiose
3212 3702 3340 3749 sunt
3377 3684 3690 3760 pronositao

386 3813 491 3867 ὅσα
519 3776 601 3877 εἰς
655 3776 736 3866 τὸ.
759 3810 1015 3882 κείμενον
1061 3776 1507 3879 συνωψίσθησαν.
1548 3806 1615 3860 Ἠ
1642 3812 1690 3860 α’
1717 3804 1859 3860 διάτ.
1890 3802 1987 3858 τοῦ

2096 3776 2284 3862 Const.
2319 3776 2362 3859 1‘
2402 3803 2487 3857 tit.
2547 3799 2584 3853 2
2630 3795 2984 3853 Novellarum
3045 3796 3129 3845 est
3174 3802 3294 3856 cap.
3334 3783 3402 3838 10
3435 3776 3702 3882 Ιιιειίιιιε-

389 3908 434 3977 β’
466 3907 572 3961 τίτ.
596 3907 708 3961 τῶν
732 3906 987 3978 Νεαρῶν,
1016 3903 1134 3957 ἔστι
1190 3920 1317 3972 κεφ.
1355 3900 1387 3955 ι’
1408 3901 1510 3971 τῆς
1551 3898 1987 3954 Ἰουστινιανείου

2096 3915 2214 3955 nem
2266 3899 2298 3951 7
2338 3891 2729 3951 novellm.Non
2780 3897 3065 3944 estautem
3102 3880 3340 3952 positum
3389 3876 3443 3930 in
3475 3871 3699 3928 Basilio.

388 3964 436 4064 ξ(
461 3998 684 4067 νεαρᾶς,
728 3997 829 4051 οὐκ
856 3964 1020 4068 ὶτέόη
1050 3996 1108 4050 δὲ
1140 3995 1221 4058 εις
1248 3964 1320 4047 τὰ
1342 3964 1630 4048 Βασιλικά.
1673 3992 1742 4044 Ἦ
1770 3991 1814 4062 βο
1843 3990 1985 4045 διάτ.

2096 3991 2335 4047 Constit.
2358 3988 2395 4041 2
2435 3987 2520 4040 tit.
2549 3986 2585 4040 2
2609 3981 2958 4039 Novellarum
2981 3985 3067 4033 est
3092 3973 3303 4030 novella
3328 3969 3453 4036 120,
3493 3964 3703 4068 posita.—

386 4091 483 4144 τοῦ
517 4089 561 4161 β’
584 4090 689 4146 τίτ.
713 4090 824 4144 τῶν
848 4088 1104 4160 Νεαρῶν,
1148 4087 1265 4142 ἐστι
1325 4087 1498 4158 νεαρὰ
1561 4085 1989 4146 Ἰουστινιάνειος

2096 4083 2229 4156 [que
2269 4079 2373 4152 est]
2406 4080 2461 4134 in
2501 4078 2593 4133 lib.
2645 4075 2813 4130 Basil.
2860 4089 2917 4139 ν,
2966 4070 3050 4126 ιίι.
3096 4068 3152 4122 2.
3201 4065 3343 4120 Dicit
3391 4068 3572 4116 autem
3607 4057 3701 4123 15,

391 4191 472 4255 ρκ’
505 4153 732 4254 κειμένη
761 4185 819 4236 ὲν
854 4153 1042 4253 βιϐλίῳ
1066 4153 1175 4234 τῶν
1194 4153 1501 4234 Βασιλικιῦν
1524 4185 1564 4231 ε’
1598 4178 1702 4233 τίτ.
1734 4177 1801 4249 β’.
1824 4176 1989 4248 φησὶν

2099 4153 2344 4244 ejusdem
2380 4171 2465 4224 tit.
2508 4184 2633 4239 cap.
2659 4178 3005 4237 quaecunque
3034 4161 3089 4216 in
3124 4168 3278 4213 textu
3310 4153 3514 4223 scripta
3547 4158 3702 4205 sunt.

387 4273 526 4329 δὲτὸ
553 4279 614 4327 ιε’
635 4272 731 4326 τοῦ
788 4271 957 4327 αὐτοῦ
1003 4271 1113 4327 τίτ.
1161 4289 1287 4340 κεφ.
1348 4270 1450 4323 ὅσα
1499 4269 1582 4334 είς
1643 4267 1705 4321 τὺ
1738 4267 1989 4336 κείμενον

2099 4239 2292 4319 Const.
2338 4261 2409 4316 58
2469 4260 2553 4315 ιὶι.
2594 4259 2629 4314 5
2681 4256 2777 4312 lib.
2834 4272 2849 4310 ι
2893 4253 3028 4311 Cod.
3095 4266 3204 4305 non
3276 4255 3363 4303 est
3410 4242 3588 4316 posita
3643 4239 3700 4294 in

388 4366 740 4437 ἐγράφησαν.
783 4366 850 4419 Ἡ
881 4364 964 4435 λη’
1006 4364 1149 4419 διάτ.
1208 4361 1304 4416 τοῦ
1332 4368 1381 4431 γ’
1412 4363 1521 4414 τίτ.
1558 4358 1655 4414 τοῦ
1702 4366 1751 4412 α’
1786 4357 1993 4437 βιϐλίου

384 4436 481 4514 τοῦ
535 4459 765 4523 mam;
818 4459 920 4513 οὐκ
953 4458 1113 4528 ἐτέθη
1164 4458 1244 4521 εις
1270 4456 1340 4509 τὰ
1368 4453 1653 4509 Baetim.
1690 4452 1825 4507 Οὐδὲ
1857 4453 1891 4523 ἡ
1927 4436 1995 4520 ιγ’

384 4552 525 4607 διάτ.
558 4552 651 4605 τοῦ
675 4548 720 4605 α’
742 4551 848 4607 τίτ.
913 4550 1023 4605 τῶν
1048 4549 1277 4622 Νεαρῶν
1306 4544 1445 4603 οὖσα
1475 4546 1903 4607 Ἰουστινιάνειος
1927 4550 1993 4607 ε’,

2103 4355 2295 4421 Basil.,
2326 4369 2507 4424 neque
2534 4358 2718 4407 const.
2756 4350 2824 4404 15
2865 4349 2948 4403 tit.
2988 4348 3010 4401 1
3047 4342 3423 4403 Novellarum,
3455 4350 3579 4407 quae
3614 4341 3699 4389 est

2104 4449 2317 4505 novella
2357 4444 2651 4503 Justiniani
2679 4444 2748 4513 5;
2793 4456 2971 4513 neque
3018 4445 3197 4496 const.
3249 4435 3319 4491 52
3359 4433 3443 4488 tit.
3474 4428 3629 4485 51ib.
3674 4442 3692 4481 ι

2103 4541 2269 4611 Cod.,
2295 4556 2472 4611 neque
2497 4539 2587 4596 54.

384 4647 508 4702 οὐδὲ
540 4649 575 4718 ή
606 4646 683 4717 νβ’
740 4645 883 4699 διάτ.
921 4642 1018 4698 τοῦ
1045 4649 1094 4713 γ’
1115 4643 1223 4698 τίτ.
1256 4641 1351 4696 τοῦ
1388 4648 1434 4695 α’
1463 4639 1671 4711 βιϐλίου
1693 4636 1789 4692 τοῦ
1818 4634 2086 4703 ίκώδικος,
2106 4634 2232 4688 οὐδὲ
2264 4636 2299 4705 ἡ
2327 4630 2399 4688 νδ¹
2413 4669 2431 4689 .

456 4804 770 4874 Κείμενον.
826 4803 940 4859 Καὶ
961 4803 996 4874 ἡ
1024 4802 1158 4874 περὶ
1199 4799 1502 4874 ρεπουδίων
1536 4795 1987 4869 διαλαμϐάνουσα

386 4897 488 4968 pii,”
510 4896 703 4967 νεαρὰ,
745 4914 802 4951 κ.
829 4912 882 4951 τ.
907 4895 983 4963 λ.,
1020 4910 1194 4965 usque
1222 4894 1289 4949 ad
1307 4892 1500 4965 ὥσπερ
1530 4891 1624 4946 καὶ
1641 4892 1729 4946 ὅτε
1757 4892 1832 4963 μὴ
1856 4892 1988 4943 παῖ-

383 4990 481 5053 δας
528 4990 666 5060 μήτε
722 4990 901 5059 γονεῖς
956 4990 990 5059 ἡ
1050 4986 1190 5059 γυνὴ
1235 4986 1355 5059 ἔχῃ.

456 5103 737 5171 Σχόλιον.
783 5104 849 5157 Ἥ
873 5103 976 5174 ριζτ
1031 5100 1205 5173 νεαρὰ
1232 5100 1326 5155 τοῦ
1355 5100 1620 5172 βασιλέως
1666 5100 1984 5154 Ἰουστινια-

384 5194 478 5250 νοῦ
539 5195 697 5268 ἐτέθη
726 5198 807 5260 εἰς
845 5196 940 5251 ἀπ’
976 5195 1154 5267 ἀρχῆς
1192 5194 1284 5249 τοῦ
1320 5195 1365 5248 0'
1390 5213 1517 5265 κεφ.
1550 5196 1631 5258 εἰς
1660 5194 1752 5248 τὸν
1805 5192 1850 5257 ζ’
1876 5193 1985 5246 τὶτ.

384 5287 479 5342 τοῦ
539 5294 623 5359 κη’
670 5287 877 5359 βιϐλίου
928 5287 1039 5342 τῶν
1087 5287 1418 5341 Βασιλικῶν.
1474 5284 1649 5339 Τοῦτο
1682 5283 1827 5338 δὲτὸ
1857 5301 1987 5353 κεφ.

384 5381 748 5454 παρελείφθη,
797 5381 891 5435 καὶ
922 5382 982 5435 οὐ
1036 5379 1395 5451 κατεστρώθη
1452 5380 1532 5442 είς
1569 5378 1639 5433 τὰ
1702 5374 1990 5431 Βασιλικά.

398 5474 694 5545 Ἐτέθησαν
722 5474 845 5529 ἀντὶ
863 5472 1056 5527 τούτου
1091 5474 1148 5527 ὲν
1170 5471 1248 5545 τῷ
1279 5470 1429 5543 αὺτῴ
1451 5470 1497 5537 ζ’
1522 5470 1628 5526 τίτ.
1664 5470 1827 5543 χάριν
1875 5468 1988 5522 τῶν

384 5567 625 5636 εὐλόγως
654 5567 936 5638 λυομένων
963 5565 1342 5633 συνοικεσίων,
1364 5566 1461 5619 καὶ
1486 5565 1595 5620 τῶν
1628 5565 1987 5635 ἐπαγομένων

386 5659 592 5714 ποινών
653 5658 801 5713 κατὰ
832 5658 942 5713 τῶν
979 5659 1288 5727 ἀνευλόγως
1318 5657 1556 5713 λυόντων
1582 5659 1725 5713 αὐτὰ
1754 5658 1992 5729 διάφορα

385 5771 513 5823 κεφ.
542 5754 608 5808 ἐκ
635 5770 695 5809 τε
721 5755 821 5823 τῆς
878 5758 983 5823 ρια¹
1049 5753 1254 5823 νεαρᾶς
1302 5751 1404 5822 τῆς
1446 5751 1530 5823 κβ¹
1592 5752 1687 5805 καὶ
1748 5752 1988 5823 ἐτέρωνο

387 5847 484 5902 καὶ
506 5846 663 5918 ζήτει
695 5846 789 5900 τὸν
811 5846 932 5901 ὅλον
958 5844 1150 5900 τοῦτον
1180 5845 1223 5909 ξ’
1256 5842 1362 5901 τίτ.
1400 5845 1529 5916 περὶ
1558 5843 1769 5909 λύσεως
1794 5845 1990 5916 γάμων

387 5937 853 6011 διαλαμϐάνοντα.

2015 5015 2073 5076 D

2162 4788 2381 4845 Texlus.
2418 4788 2485 4845 Et
2517 4805 2639 4861 qtne
2674 4790 2742 4845 de
2775 4789 3028 4862 repudio,
3059 4796 3186 4845 elc..
3210 4799 3371 4856 usque
3402 4780 3472 4836 ad
3500 4776 3699 4835 mulier

2089 4883 2275 4950 habet,
2308 4892 2366 4937 ut
2394 4898 2516 4955 pag.
2543 4882 2667 4939 859.

2162 5095 2463 5157 Scholium.
2538 5096 2763 5153 Novella
2830 5091 3177 5166 imperatoris
3242 5085 3540 5145 Iustiniani
3590 5082 3695 5139 117

2094 5197 2273 5267 posita
2314 5201 2398 5249 est
2451 5192 2521 5247 ab
2574 5190 2732 5245 initio
2781 5204 2904 5259 cap.
2949 5187 2983 5241 9
3022 5186 3077 5240 in
3142 5186 3173 5239 7
3221 5183 3305 5238 tit.
3354 5181 3451 5235 lib.
3512 5192 3685 5233 xxvm

2094 5290 2263 5344 Basil.
2297 5288 2412 5343 Hoc
2445 5296 2627 5341 autem
2668 5300 2789 5355 cap.
2820 5282 3087 5339 omissum
3115 5288 3220 5345 εει,
3263 5285 3319 5333 ει
3360 5292 3470 5331 non
3515 5274 3693 5327 inser-

2099 5391 2212 5436 tum
2250 5380 2414 5435 Basil.
2454 5378 2559 5433 Sed
2592 5392 2689 5447 pro
2743 5376 2848 5430 hoc
2894 5374 2949 5428 in
2994 5371 3188 5427 eodem
3220 5369 3251 5423 7
3285 5368 3370 5423 tit.
3402 5365 3471 5421 de
3504 5362 3696 5417 matri-

2100 5472 2303 5529 moniis
2348 5470 2499 5540 justa
2548 5469 2618 5525 de
2667 5482 2835 5523 causa
2878 5462 3269 5523 dissolvendis,
3314 5473 3379 5513 ac
3413 5458 3479 5512 de
3510 5453 3695 5525 pomis

2096 5581 2220 5636 qua:
2269 5565 2407 5619 citra
2456 5562 2724 5617 rationem
2775 5559 2866 5613 illa
2914 5554 3302 5614 dirimentibus
3348 5548 3693 5619 inﬂiguntur.

2095 5657 2266 5712 multa
2294 5671 2360 5711 ex
2396 5653 2491 5708 111
2539 5652 2756 5707 novella
2784 5659 2839 5706 et
2862 5650 2955 5717 22,
2986 5658 3042 5705 ει
3067 5647 3192 5702 aliis
3218 5642 3394 5714 posita
3421 5648 3694 5706 suntcap.

2100 5750 2327 5819 Quwras
2388 5759 2572 5801 autem
2611 5745 2642 5798 7
2678 5744 2764 5799 tit.
2808 5753 2980 5801 totum
3008 5743 3074 5796 de
3100 5738 3377 5796 solutione
3408 5733 3698 5790 matrimo-

2098 5844 2315 5899 niorum
2352 5849 2699 5897 tractantem.
