4142 6430
480 422 614 492 1151

1660 415 1925 476 ΡΗΟΤΙΙ
1969 412 2481 475 ΡΑΤΒΙΑΒΩΙΙΕ
2519 412 2629 474 CP-

3648 406 3791 472 1152

542 543 762 598 Tenus.
799 540 863 594 Et
892 547 1070 594 const.
1126 537 1161 592 2
1196 537 1279 591 tit.
1320 537 1345 590 1
1402 533 1751 589 Novellarum
1780 532 1896 585 ait:
1930 529 2070 584 Cum

2202 527 2514 596 Κείμενον.
2547 525 2653 578 Καὶ
2684 522 2729 595 β’
2756 523 2899 578 διάτ.
2932 522 3028 577 τοῦ
3058 530 3106 576 α’
3126 522 3231 577 τίτ.
3263 522 3372 579 τῶν
3398 524 3651 595 Νεαρῶν,
3682 543 3790 597 φη-

470 650 686 700 servus,
716 642 849 697 etc.,
883 648 1045 702 usque
1079 630 1147 683 ad
1181 624 1435 701 [aliquid]
1462 627 1652 689 donet,
1694 632 1751 676 ut
1781 640 1905 694 pag.
1941 620 2072 688 842,

470 726 596 781 812.

542 818 837 873 Srholium.
898 815 1133 869 Cons-tit.
1185 812 1330 867 2tit.
1398 813 1419 866 1
1463 808 1815 864 Novellarum
1852 817 1937 863 est
1974 824 2077 863 no-

469 912 608 965 vella
650 908 943 965 Justiniani
989 907 1091 961 125
1126 906 1415 975 positaque
1448 913 1533 957 est
1559 903 1627 957 ab
1666 902 1825 956 initio
1860 900 1929 956 52
1985 900 2075 955 sui

470 1021 593 1073 cap.
628 1005 682 1057 in
723 1004 807 1058 tit.
848 1004 867 1055 1
905 1002 1002 1055 ltb.
1036 1002 1069 1054 4
1104 998 1270 1053 Basil.
1334 997 1509 1069 chas
1541 1006 1724 1050 autem
1766 1012 1887 1065 cap.
1915 996 1949 1050 5
1976 995 2078 1049 hu-

472 1098 568 1167 jus
622 1097 706 1149 tit.
759 1096 872 1149 sive
924 1093 1151 1147 novella:
1199 1106 1322 1163 cap.
1362 1091 1453 1154 54,
1504 1089 1651 1160 quod
1690 1091 1961 1145 insertum
1993 1097 2079 1144 est

472 1193 685 1247 scholio
739 1191 812 1245 52
863 1206 986 1260 cap.
1043 1190 1131 1243 tit.
1179 1187 1213 1243 9
1262 1188 1548 1258 praesentis
1592 1187 1795 1256 operis.
1837 1184 2078 1240 Proinde

476 1300 543 1339 ne
598 1283 852 1339 monachi
912 1291 968 1337 et
1021 1283 1341 1336 monastriae
1392 1279 1559 1335 simul
1620 1279 1897 1342 habitent‘,
1946 1278 2080 1332 dicit

472 1376 652 1429 thema
677 1374 712 1428 2
742 1389 865 1444 cap.
902 1373 936 1426 4
992 1374 1077 1428 tit.
1129 1372 1152 1426 1
1187 1373 1281 1427 lib.
1316 1388 1366 1425 tv
1388 1371 1582 1434 Basil.,
1613 1371 1759 1441 quod
1783 1378 1868 1425 est
1894 1370 2077 1423 thema

471 1467 506 1519 2
556 1481 679 1533 cap.
738 1465 809 1520 55
835 1465 1061 1520 novellae
1115 1464 1443 1520 Justiniana:
1480 1463 1604 1529 125,
1637 1476 1984 1533 qua'cttnque
2020 1461 2076 1514 in

474 1566 620 1612 textu
657 1557 1048 1624 compendiose
1100 1557 1380 1626 proposita
1416 1564 1567 1609 sunt.
1614 1555 1688 1609 De
1731 1554 1799 1609 iis
1846 1553 1939 1623 qui
1973 1553 2077 1607 sub

471 1628 789 1707 conditione
851 1651 1193 1705 matrimonii
1265 1659 1363 1704 aut
1425 1664 1533 1703 non
1594 1646 2076 1718 suscipiendorum

472 1745 776 1799 liberorum
836 1744 1016 1814 legato
1080 1743 1164 1797 vel
1236 1741 1583 1797 restitutione
1650 1740 1859 1811 gravati
1914 1748 2074 1805 sunt,

470 1837 862 1909 compendiose
927 1836 1214 1907 proposuit
1280 1835 1617 1905 patriarcha,
1686 1835 1832 1888 circa
1907 1832 2073 1888 linem

2180 620 2288 686 o‘tv,
2314 636 2367 674 κ.
2396 618 2540 685 τ.λ.,
2572 632 2748 688 usque
2773 615 2838 670 ad
2861 618 2909 669 εί
2938 617 3014 689 μὴ
3037 615 3178 671 ἑκών
3199 634 3282 682 τις
3306 617 3383 690 τῷ
3407 618 3582 690 ἑτέρῳ
3607 616 3786 690 δωρή⁴

2179 730 2360 784 σηται.

2249 806 2531 876 Σχόλιον.
2570 804 2634 857 ’11
2662 802 2707 874 β’
2732 802 2874 858 διάτ.
2907 800 3004 856 τοῦ
3035 809 3083 857 α’
3107 803 3214 857 τίτ.
3240 803 3348 857 τῶν
3379 802 3632 873 Νεαρῶν,
3666 803 3780 857 ἔστι.

2177 898 2349 969 νεαρά
2392 896 2828 959 Ἰουστινιάνειος
2860 901 2983 967 ρκγ¹
3009 895 3105 947 καὶ
3170 894 3329 965 ἐτέθη
3360 896 3452 948 ἀπ’
3478 896 3653 966 ἀρχῆς
3683 895 3777 950 τοῦ

2178 985 2259 1055 νβ’
2285 1003 2412 1054 κεφ.
2446 985 2620 1056 αὐτῆς
2660 986 2739 1048 είς
2765 985 2873 1039 τίτ.
2907 990 2955 1037 α’
2979 984 3074 1037 τοῦ
3115 986 3159 1038 δ’
3188 984 3394 1055 βιϐλίου
3422 986 3528 1039 τῶν
3564 987 3780 1041 Βασιλι-

2179 1078 2314 1133 κῶν.
2343 1078 2453 1133 Καὶ
2487 1077 2767 1148 ἀνάγνωθι
2792 1078 2853 1130 τὸ
2879 1083 2928 1146 γ’
2962 1094 3089 1147 κεφ.
3112 1077 3207 1130 τοῦ
3240 1079 3484 1133 τοιούτου
3518 1080 3621 1135 τίτ.
3658 1081 3777 1152 ἦτοι

2179 1185 2306 1236 κεφ.
2336 1166 2408 1221 νδ¹
2442 1168 2541 1239 τῆς
2584 1168 2792 1238 νεαρᾶς
2819 1167 3211 1239 καταστρωθὲν
3245 1171 3324 1231 εἰς
3355 1170 3418 1223 τὺ
3445 1172 3654 1242 σχόλιον
3677 1171 3773 1226 τοῦ

2177 1260 2259 1331 λβ¹
2291 1279 2419 1331 κεφ.
2449 1260 2544 1315 τοῦ
2580 1261 2753 1315 θ’τῐτ.
2783 1260 2878 1314 τοῦ
2909 1260 3182 1333 παρόντος
3212 1266 3612 1334 συντάγματος.
3640 1265 3778 1337 Περι⁵

2177 1354 2234 1408 δὲ
2262 1352 2355 1407 τοῦ
2383 1353 2458 1426 μὴ
2493 1355 2663 1407 οἰκεῖν
2714 1353 2833 1425 ἅμα
2877 1354 3005 1417 τοὺς
3043 1356 3314 1425 μοναχοὺς
3357 1358 3454 1410 καὶ
3482 1357 3582 1420 τὰς
3610 1376 3773 1429 μονα-

2179 1448 2394 1516 στρίας,
2425 1447 2560 1516 φησὶ
2587 1447 2647 1499 τὸ
2680 1446 2731 1516 β’
2768 1445 2910 1517 θέμα
2957 1446 3112 1500 τοῦδ’
3146 1466 3273 1518 κεφ.
3326 1448 3421 1502 τοῦ
3444 1456 3492 1503 α’
3515 1450 3619 1505 τίτ.
3681 1450 3774 1504 τοῦ

2177 1540 2217 1593 δ’
2264 1540 2471 1610 βιϐλίου
2489 1540 2596 1594 τῶν
2630 1540 2939 1594 Βασιλικῶν
2965 1538 3109 1610 θέμα
3134 1539 3177 1611 β’
3210 1540 3271 1594 ὃν
3295 1540 3390 1594 τοῦ
3424 1539 3498 1595 νε¹
3524 1560 3647 1611 κεφ.
3680 1544 3777 1611 τῆς

2181 1636 2299 1710 ρκγ⁹
2340 1637 2777 1692 Ἰουστινιανείου
2803 1639 3008 1708 νεαρᾶς
3042 1638 3143 1690 ὅσα
3176 1638 3257 1701 εἰς
3284 1638 3346 1691 τὸ
3370 1637 3624 1708 κείμενον
3651 1656 3775 1693 συν-

2176 1727 2520 1797 ωψίσθησαν.
2551 1728 2686 1798 Περὶ
2711 1728 2769 1781 δὲ
2824 1727 2935 1780 τῶν
2987 1725 3383 1797 βεϐαρημένων
3440 1728 3771 1800 ληγάτων,ἦ

2177 1819 2623 1873 ἀποκαταστάσει
2658 1819 2764 1873 ὑπὸ
2791 1819 3007 1890 αἵρεσιν
3050 1819 3231 1889 γάμου
3267 1820 3300 1890 ἢ
3333 1820 3609 1885 ἀπαιδίας,
3650 1838 3777 1877 συν-

473 1908 611 1997 cap.
634 1928 660 1982 1
698 1929 783 1982 tit.
810 1926 846 1983 2
884 1928 1173 1997 praesentis
1228 1927 1436 1996 cperis,
1474 1926 1743 1980 novellam
1772 1923 2069 1980 Justiniani

2181 1912 2380 1981 ωψίσεν
2405 1916 2433 1966 ὁ
2456 1912 2809 1983 πατριάρχης
2862 1911 2991 1981 περὶ
3018 1912 3086 1964 τὰ
3110 1911 3241 1982 τέλη
3296 1912 3391 1965 τοῦ
3417 1920 3467 1967 α’
3502 1930 3625 1980 κεφ.
3676 1913 3770 1967 τοῦ

472 2020 595 2086 123,
638 2019 757 2074 sive
801 2019 834 2073 5
877 2034 1001 2089 cap.
1043 2018 1131 2073 tit.
1179 2019 1203 2073 1
1242 2018 1339 2073 lib.
1399 2034 1454 2072 tv
1496 2017 1688 2080 Basil.,
1722 2015 1871 2086 quod
1902 2016 2073 2085 legas,

471 2118 638 2180 atque
671 2110 896 2178 insuper
924 2124 1048 2179 quae
1081 2108 1169 2163 hic
1191 2108 1580 2179 compendiose
1611 2106 1895 2178 pr0posita
1919 2115 2072 2174 sunt,

469 2215 595 2270 quae
616 2199 859 2269 ejusdem
886 2213 1007 2271 cap.
1043 2213 1174 2270 pars
1197 2208 1348 2256 sunt.

545 2475 759 2532 Textus.
777 2475 910 2544 Quae
938 2474 1006 2531 de
1032 2476 1252 2534 vicariis
1277 2476 1522 2546 disserit,
1552 2486 1685 2547 etc.,
1712 2476 1963 2550 usquead
1989 2476 2077 2533 di-

469 2570 751 2634 viduntur,
775 2578 831 2623 ut
864 2585 989 2641 pag.
1020 2568 1149 2625 842.

540 2752 838 2809 Scholium.
875 2752 951 2808 De
987 2752 1209 2809 vicariis
1236 2750 1581 2810 Justinianea
1611 2754 1734 2810 151.
1763 2762 1944 2810 const.
1976 2768 2082 2825 po—

468 2847 573 2903 sita
598 2856 682 2902 est
704 2847 759 2901 in
806 2846 1045 2901 themate
1078 2845 1113 2899 2
1141 2862 1264 2916 cap.
1300 2847 1321 2901 1
1356 2848 1441 2903 tit.
1475 2847 1506 2899 7
1545 2848 1636 2903 lib.
1671 2864 1840 2903 nvm
1873 2848 2070 2915 Basil.,

470 2938 614 3009 quod
664 2939 831 3008 legas.
879 2936 979 2993 Hic
1020 2938 1168 2993 enim
1224 2938 1431 2993 inserta
1470 2955 1578 2995 non
1622 2950 1771 3008 sunt,
1804 2941 2069 3011 quoniam

478 3042 594 3086 tum
639 3031 749 3099 hic,
788 3041 904 3086 tum
938 3031 991 3085 in
1022 3031 1055 3085 4
1082 3046 1202 3101 cap.
1237 3032 1320 3086 tit.
1356 3032 1423 3087 15
1447 3034 1736 3103 praesentis
1775 3037 1982 3106 cperis,
2012 3037 2069 3092 in

467 3121 798 3192 compendio
829 3130 958 3176 sunt
982 3123 1283 3192 proposita.
1312 3123 1391 3180 Ac
1415 3125 1670 3181 similiter
1713 3129 1925 3183 novella
1960 3129 2068 3183 117

472 3215 525 3268 in
578 3212 905 3284 compendio
958 3223 1045 3267 est
1091 3216 1413 3283 proposita:
1461 3233 1628 3287 quam
1675 3220 1841 3274 etiam
1893 3220 2065 3291 legas.

473 3306 568 3361 Illa
598 3322 729 3361 vero
755 3306 823 3360 de
849 3304 1106 3360 adulterii
1137 3314 1424 3372 accusato,
1454 3308 1550 3377 qui
1582 3324 1678 3378 per
1700 3311 2067 3379 proditionem

468 3398 672 3468 judicia
709 3412 901 3467 poenas
936 3394 1215 3467 effugerit,
1252 3412 1361 3452 non
1410 3409 1540 3454 sunt
1586 3401 1764 3469 posita
1811 3402 1866 3457 in
1902 3403 2070 3459 Basil.

475 3488 652 3559 μεμε
719 3482 939 3558 [vero]
1003 3486 1172 3539 etiatn
1248 3487 1521 3542 novellam
1584 3489 1657 3544 52
1717 3491 2073 3562 Imperatoris

472 3580 664 3635 domui
704 3577 907 3633 Leonis
944 3576 1261 3648 philosophi
1309 3578 1571 3652 [cognitu
1607 3584 1783 3659 sane]
1831 3588 2075 3645 maxime

478 3674 874 3731 necessariam.

545 3766 700 3821 CAP.
734 3767 799 3822 ll.
823 3797 896 3809 -—
922 3768 995 3823 De
1026 3769 1093 3823 iis
1124 3768 1215 3840 qui
1248 3783 1313 3823 ea:
1341 3767 1468 3822 aliis
1497 3769 1845 3824 monasteriis
1871 3786 2078 3840 prwsu—

476 3857 551 3913 ίιιε
580 3869 675 3913 aut
710 3860 888 3915 clerici
914 3862 1076 3931 ﬁunt.

548 3952 781 4008 Concilii
809 3952 1265 4027 Carthaginiensis
1288 3971 1465 4012 canon
1496 3954 1600 4024 80;
1624 3955 1848 4012 concilii
1871 3953 2077 4013 Nicaani

484 4046 714 4102 secundi
748 4062 927 4105 canon
954 4049 1048 4107 21.

548 4155 703 4211 CAP.
750 4157 837 4211 Ill.
868 4190 939 4199 —
970 4158 1048 4213 De
1084 4161 1247 4215 servis
1275 4161 1367 4232 qui
1400 4160 1649 4215 monachi
1687 4162 1848 4232 ﬁunt,
1884 4172 1937 4219 et
1965 4142 2078 4233 pie-

477 4252 604 4306 tatis
657 4265 921 4323 praztextu
972 4254 1215 4311 dominos
1268 4265 1651 4323 contemnunt,
1702 4274 1866 4328 neque
1924 4258 2079 4332 [illis]

476 4346 733 4401 serviunt.

551 4456 779 4511 Concilii
826 4456 1167 4529 Gangrensis
1200 4478 1377 4518 canon
1425 4465 1491 4531 5;
1533 4464 1754 4520 concilii
1800 4464 1945 4521 sexti
1986 4480 2083 4519 ca-

479 4563 589 4603 non
620 4548 723 4616 85;
756 4553 974 4605 concilii
1011 4552 1477 4613 Chalcedenensis
1501 4573 1678 4612 canon
1714 4559 1769 4613 4.

556 4660 773 4717 Texlus.
811 4662 1005 4720 Const.
1040 4667 1111 4722 56
1166 4669 1249 4723 tit.
1286 4672 1319 4724 5
1352 4670 1446 4727 lib.
1484 4671 1506 4725 1
1542 4670 1680 4727 Cod.
1717 4671 1796 4725 ait
1848 4687 1864 4725 :
1918 4669 2077 4736 Quod
2106 4625 2160 4685 D

479 4752 596 4900 (ἐμὲ,
645 4763 779 4818 etc.,
814 4771 978 4827 usque
1022 4760 1090 4813 ad
1142 4760 1399 4817 dominus
1459 4764 1643 4833 capit,
1690 4776 1746 4818 ut
1790 4778 1915 4835 pag.
1950 4763 2078 4828 845.

520 4848 547 4898 ὁ
594 4886 609 4899 .

520 4848 609 4899 16.

554 4950 851 5007 Scholium.
893 4953 1127 5011 Constit.
1170 4957 1240 5012 56
1279 4960 1360 5015 tit.
1417 4961 1452 5017 5
1490 4962 1583 5016 lib.
1632 4963 1812 5018 tCod.
1858 4981 1967 5019 non
2001 4974 2086 5019 cst

482 5038 660 5107 posita
702 5040 754 5093 in
800 5039 989 5110 Basil.,
1026 5060 1202 5127 neque
1237 5048 1328 5115 57,
1364 5067 1541 5121 neque
1574 5052 1753 5126 [item]
1784 5068 1965 5111 const.
1994 5057 2081 5121 15,

486 5133 571 5185 tit.
606 5132 625 5185 1
666 5131 1038 5203 Novellarum,
1064 5156 1188 5208 qua:
1218 5153 1304 5196 est
1341 5146 1553 5199 novella
1582 5145 1881 5204 Justiniani
1917 5151 1971 5205 5.
2010 5150 2087 5205 De

484 5224 662 5280 servis
694 5236 899 5290 autem.
926 5230 1018 5295 qui
1062 5231 1247 5288 clerici
1285 5236 1367 5304 vel
1401 5240 1654 5294 monachi
1706 5241 1861 5309 ﬁunt,
1897 5254 1989 5298 aut
2017 5244 2085 5298 ad

484 5318 853 5389 episcopalem
905 5321 1227 5390 dignitatem
1288 5330 1611 5398 procedunt,
1673 5332 1789 5403 lege
1838 5334 1907 5390 56
1963 5350 2083 5405 cap.

489 5412 573 5462 tit.
614 5410 637 5463 1
674 5412 959 5481 praesentis
1013 5416 1232 5485 operis,
1277 5435 1510 5491 qumque
1558 5424 1609 5477 in
1646 5424 1765 5495 ipso
1812 5425 2090 5499 [compre-

498 5503 858 5577 henduntur],
896 5516 950 5561 et
982 5509 1221 5566 novellas
1263 5512 1611 5582 imperatoris
1674 5517 1860 5573 domui
1896 5519 2091 5577 Leonis

487 5596 794 5667 phlosophi
815 5598 870 5660 9,
900 5599 991 5669 10,
1018 5601 1101 5656 11.
1135 5602 1345 5660 Etenim
1364 5606 1558 5663 horum
1586 5609 1825 5666 etiamin
1850 5613 1993 5671 dicto
2021 5615 2091 5671 56

488 5704 607 5757 cap.
640 5690 968 5747 mentionem
1003 5694 1251 5753 fecimus.

564 5870 859 5937 Scltolt'um.
901 5879 1090 5941 Const.
1133 5884 1169 5939 2
1223 5886 1304 5945 tit.
1348 5890 1369 5947 1
1410 5889 1765 5949 Novellarum
1828 5905 1949 5971 est‘
1987 5910 2091 5953 no-

2180 2003 2224 2076 β’
2249 2004 2356 2059 τίτ.
2415 2004 2509 2058 τοῦ
2542 2004 2813 2075 παρόντος
2840 2004 3223 2074 συντάγματος
3257 2005 3357 2075 τὴν
3394 2011 3514 2076 ρκγ¹
3559 2005 3776 2059 ’1ουστι-

2177 2099 2411 2153 νιάνειον
2462 2098 2689 2169 νεαρὰν,
2740 2097 2866 2167 ἦτοι
2900 2096 2962 2149 τὸ
2993 2094 3032 2149 ε’
3054 2114 3183 2166 κεφ.
3250 2096 3345 2151 τοῦ
3380 2105 3428 2152 α’
3455 2098 3563 2154 τίτ.
3616 2098 3711 2152 τοῦ
3734 2096 3776 2153 δ’

2179 2189 2388 2260 βιϐλίου
2445 2190 2556 2245 τῶν
2584 2189 2914 2243 Βασιλικῶν.
2950 2189 3059 2242 Καὶ
3087 2189 3366 2258 ἀνάγνωθι
3414 2191 3594 2245 τοῦτο.
3635 2192 3776 2263 Πρὸς

2177 2283 2235 2337 δὲ
2258 2284 2352 2337 καὶ
2374 2282 2441 2337 τά
2462 2282 2701 2338 ἐνταῦθα
2737 2281 3134 2351 συνοψισθέκα
3168 2284 3339 2356 μέρος
3394 2284 3527 2339 ὄντα
3555 2284 3650 2339 τοῦ
3676 2287 3780 2340 αὐ-

2176 2376 2271 2430 τοῦ
2298 2394 2426 2446 κεφ.

2248 2470 2561 2539 Κείμενον.
2599 2470 2669 2527 Ἥ
2693 2471 2750 2526 δὲ
2783 2474 2913 2545 περὶ
2952 2472 3354 2545 τοποτηρητῶν
3410 2471 3779 2543 διαλεγομένη

2180 2562 2289 2633 ρλδν
2324 2563 2517 2633 νεαρὰ,
2554 2566 2747 2635 φησὶν,
2783 2584 2844 2621 κ.
2869 2584 2923 2621 τ.
2949 2566 3029 2635 λ.,
3062 2580 3239 2638 usque
3273 2565 3341 2622 ad
3377 2565 3470 2619 καὶ
3507 2564 3612 2619 τῶν
3639 2564 3781 2619 κατὰ

2173 2656 2340 2710 τόπον
2368 2658 2673 2727 ἀρχόντων.

2246 2752 2523 2820 Σχόλιον.
2565 2751 2630 2805 Ἦ
2664 2754 2794 2823 περὶ
2836 2752 3231 2825 τοποτηρητῶν
3290 2751 3405 2823 ρλδ¹
3451 2749 3624 2822 νεαρὰ
3683 2748 3778 2803 τοῦ

2186 2840 2566 2898 ’1ουστινιανοῦ
2585 2845 2744 2916 ἐτέθη
2779 2847 2858 2910 είς
2883 2846 3026 2915 θέμα
3051 2846 3096 2917 β’
3133 2845 3227 2900 τοῦ
3248 2852 3299 2899 α’
3320 2862 3449 2914 κεφ,
3477 2844 3574 2898 τοῦ
3599 2843 3645 2908 ζ’
3668 2843 3773 2896 τίτ.

2172 2933 2268 2987 τοῦ
2312 2940 2398 3006 κη’
2460 2934 2669 3005 βιϐλίου
2712 2934 2838 3009 τῶν⁶
2868 2936 3194 2999 Βασιλικῶν,
3221 2936 3319 2991 καὶ
3342 2933 3614 3004 ἀνάγνωθι
3642 2932 3778 2987 ταύ-

2172 3043 2315 3097 τηνο
2374 3027 2613 3082 ἐνταῦθα
2667 3028 2777 3100 γάρ
2803 3029 2864 3082 οὑ
2896 3029 3277 3101 κατεστρώθη.
3330 3029 3413 3083 ὅτι
3465 3024 3776 3097 συνακικίσθη

2171 3113 2275 3175 ὧδέ
2300 3137 2361 3173 τε
2387 3122 2482 3174 καὶ⁸
2548 3121 2627 3183 είς
2654 3122 2716 3175 τὸ
2746 3122 2788 3175 δ’
2820 3140 2947 3191 κεφ.
3002 3121 3100 3177 τοῦ
3138 3129 3206 3191 ιγ’
3240 3123 3347 3176 τίτ.
3383 3120 3479 3176 τοῦ
3513 3120 3779 3192 παρόντος

2177 3211 2581 3283 συντάγματος.
2620 3212 2899 3278 Ὡσαύτως
2933 3214 3248 3285 συνωψίσθη
3282 3215 3376 3269 καὶ
3406 3215 3441 3283 ἠ
3474 3212 3576 3284 ριζΙ
3611 3210 3779 3283 νεαρά

2174 3305 2241 3376 ῆν
2270 3305 2363 3359 καὶ
2425 3304 2720 3374 ἀνάγνωθι.
2757 3306 2839 3361 Τὰ
2871 3306 2929 3360 δὲ
2958 3308 3090 3379 περὶ
3153 3306 3249 3361 τοῦ
3307 3304 3780 3375 κατηγορηθέντος

2175 3397 2270 3450 ἐπὶ
2303 3398 2521 3469 μοιχείᾳ
2572 3399 2668 3453 καὶ
2698 3399 2843 3453 κατά
2892 3401 3188 3472 προδοσίαν
3223 3399 3320 3453 τοῦ
3355 3396 3617 3453 δικαστοῦ
3646 3397 3778 3450 άπο-

2176 3491 2439 3561 φυγόντος
2468 3492 2565 3556 τὰς
2598 3492 2811 3559 ποινάς,
2839 3493 2941 3547 οὐκ
2968 3492 3236 3563 ἐτέθησαν
3276 3492 3358 3556 είς
3385 3491 3457 3544 τά
3496 3487 3774 3560 βασιλικά.

2189 3583 2488 3653 Ἀνάγνωθι
2537 3586 2631 3639 καὶ
2674 3585 2773 3656 τὴν
2807 3584 2886 3654 λβ¹
2917 3584 3120 3657 νεαρὰν
3154 3583 3249 3637 τοῦ
3292 3581 3560 3654 βασιλέως
3588 3579 3780 3651 κυρίου

2175 3677 2403 3741 Λέοντος
2430 3678 2527 3732 τοῦ
2560 3678 2855 3748 φιλοσόφου
2891 3677 3338 3748 ἀναγκαιοτάτην
3376 3672 3564 3731 οὖσαν.

2258 3771 2512 3826 ΚΕΦΑΛ.
2538 3770 2614 3826 B'.
2639 3802 2713 3813 —
2766 3773 2907 3843 Περὶ
2974 3772 3095 3826 τῶν
3121 3772 3191 3837 ἐξ
3225 3771 3447 3840 ἐτέρων
3464 3784 3774 3839 paruam-

2172 3862 2325 3931 ρίων
2356 3861 2691 3932 γινομένων
2715 3861 3068 3932 ἡγουμένων
3103 3861 3141 3930 ἢ
3174 3858 3498 3928 κληρικῶν.

2251 3954 2482 4010 Συνόδου
2520 3954 2921 4027 Καρθαγέννης
2946 3953 3132 4011 κανὼν
3165 3960 3218 4008 π’
3246 3969 3262 3983 ⁸
3298 3951 3521 4008 συνόδου
3544 3948 3780 4013 Νικαίας

2181 4048 2242 4103 τὸ
2274 4046 2318 4119 β’
2349 4048 2532 4103 κανὼν
2562 4046 2671 4103 κα’.

2237 4162 2498 4217 ΚΕΦᾹΛ.
2561 4159 2639 4215 Γ.
2684 4193 2754 4203 -
2784 4158 2928 4230 Περὶ
2972 4160 3211 4214 δούλων
3256 4157 3683 4229 μοναζόντων,
3739 4152 3779 4222 ἢ

2184 4255 2487 4325 προφάσει
2543 4254 2861 4319 εὐλαϐείας
2922 4251 3469 4323 καταφρονούντων
3494 4290 3511 4315 ,
3562 4248 3662 4303 καὶ
3696 4245 3783 4318 μὴ

2189 4349 2615 4403 δουλευόντων
2642 4346 2766 4413 τοῖς
2790 4345 3137 4412 δεσπόταις.

2260 4462 2490 4516 Συνόδου
2520 4458 2787 4530 Γαγγρῶν
2811 4458 2992 4513 κανὼν
3017 4463 3065 4526 γ’
3088 4474 3102 4488 ·
3130 4456 3352 4511 συνόδου
3375 4463 3429 4523 ς’
3457 4454 3640 4511 κανὼν
3663 4459 3744 4508 πε¹
3766 4469 3781 4483 ·

2192 4554 2412 4609 συνόδου
2444 4553 2787 4623 Χαλκηδόνος
2812 4550 2993 4606 κανὼν
3021 4548 3085 4606 δ’.

2259 4654 2569 4739 Κείμενον.
2625 4667 2688 4721 Ἠ
2722 4666 2814 4731 λς’
2850 4664 2994 4720 διάτ.
3023 4663 3116 4718 τοῦ
3151 4671 3202 4735 γ’
3233 4664 3341 4719 τίτ.
3362 4663 3459 4717 τοῦ
3495 4670 3548 4718 α’
3578 4661 3785 4735 βιϐλίου

2189 4764 2283 4819 τοῦ
2324 4763 2553 4825 κώδικος
2593 4762 2779 4833 φησὶν,
2815 4777 2871 4814 κ.
2902 4777 2956 4814 τ.
2994 4759 3046 4814 λ.
3073 4774 3249 4828 usque
3270 4758 3338 4813 ad
3366 4757 3461 4812 καὶ
3488 4756 3583 4811 δύο
3616 4772 3787 4828 μονα-

2190 4858 2427 4929 στηρίων
2460 4857 2522 4911 οὐ
2556 4857 2766 4925 γίνεται
2822 4852 2983 4917 αὐτὸς
3033 4851 3355 4925 ἡγούμενος.

2262 4971 2544 5041 Σχόλιον.
2598 4970 2662 5023 Ἠ
2684 4967 2771 5034 λς’
2803 4969 2944 5025 διάτ.
2998 4967 3094 5023 τοῦ
3144 4966 3193 5037 γ’
3215 4965 3321 5020 τίτ.
3376 4961 3472 5018 τοῦ
3506 4961 3555 5017 α’
3583 4960 3789 5032 βιϐλίου

2188 5065 2285 5121 τοῦ
2315 5064 2545 5129 κώδικος
2576 5065 2677 5118 οὐκ
2700 5063 2862 5135 ἐτέθη
2893 5066 2975 5127 είς
2993 5062 3061 5117 τὰ
3094 5058 3377 5123 suam,
3412 5057 3534 5110 οὐδέ
3563 5054 3639 5119 λζ’
3670 5054 3791 5109 οὐδὲ

2192 5161 2227 5231 ἡ
2256 5166 2323 5229 ιγ’
2368 5158 2511 5213 διάτ.
2538 5157 2631 5211 τοῦ
2669 5156 2715 5212 α’
2739 5158 2846 5212 τίτ.
2874 5156 2983 5211 τῶν
3008 5153 3261 5226 Νεαρῶν,
3284 5152 3452 5221 νεαρὰ
3472 5145 3611 5204 οὖσα
3659 5148 3791 5200 Ἰουο

2195 5252 2516 5316 στινιόινειος
2555 5249 2595 5305 ε’
2624 5269 2637 5283 ·
2667 5253 2798 5321 περὶ
2846 5250 3047 5305 δούλων
3087 5245 3477 5318 κληρουμένων
3531 5241 3791 5313 μοναζόν-

2190 5346 2380 5418 των,ἢ
2410 5346 2502 5401 καὶ
2527 5348 2608 5409 είς
2639 5344 2999 5400 ἐπισκοπικὸν
3034 5341 3253 5412 ἀξίωμα
3279 5336 3787 5409 προϐιϐαςομένων,

2194 5434 2472 5503 ἀνάγνωθι
2501 5434 2567 5487 τὸ
2600 5432 2689 5500 λς’
2740 5452 2870 5504 κεφ.
2907 5430 3003 5488 τοῦ
3030 5438 3078 5485 α’
3118 5430 3226 5487 τίτ.
3257 5429 3353 5483 τοῦ
3380 5427 3648 5497 παρόντος
3670 5443 3793 5480 συν-

2198 5525 2503 5598 τάγματος,
2536 5527 2634 5581 καὶ
2663 5526 2732 5582 τά
2761 5530 2819 5581 ἐν
2843 5524 3015 5597 αὐτῷ.
3040 5523 3183 5595 Πρὸς
3212 5521 3271 5576 δὲ
3299 5520 3400 5592 τὴν
3446 5519 3514 5583 θ’,
3550 5526 3581 5573 ι’
3605 5519 3699 5573 καὶ
3726 5517 3792 5571 ια’

2194 5619 2289 5674 τοῦ
2354 5619 2617 5691 βασιλέως
2643 5619 2835 5693 κυρίου
2864 5619 3094 5681 Λέοντος
3123 5613 3219 5669 τοῦ
3250 5612 3544 5685 φιλοσόφου
3592 5612 3793 5697 νεαράν

2196 5714 2291 5767 καὶ
2339 5712 2548 5770 τούτων
2597 5716 2707 5787 γάρ
2764 5713 2957 5786 μνείαν
3001 5709 3382 5782 ἐποιησάμεθα
3418 5711 3497 5772 εἰς
3524 5707 3585 5760 τὸ
3630 5704 3793 5778 ῥηθὲν

2196 5806 2287 5873 λς’
2340 5825 2470 5877 κεφ.

2282 5900 2562 5969 Σριόλιον.
2600 5902 2662 5957 Ἦ
2690 5899 2731 5974 β’
2762 5899 2900 5960 διάτ.
2928 5898 3023 5955 τοῦ
3052 5896 3099 5954 α’
3123 5898 3228 5954 τίτ.
3260 5896 3371 5953 τῶν
3392 5892 3645 5965 Νεαρῶν,
3675 5890 3793 5945 ἔστι
