4142 6440
408 385 547 451 1153

1341 380 1831 444 NOMOCANON-
1870 405 1941 419 --
1974 380 2125 442 ΤῘΤ-
2168 381 2275 457 XI,
2316 383 2477 444 CAP-
2517 384 2780 447 II-VIII-

3584 388 3721 454 1154

404 500 575 572 νεαρὰ
606 498 1037 561 ’ῐουστινιάνειος
1068 493 1187 569 ρκγ⁹
1224 496 1454 565 κείμενη
1500 497 1557 548 ὲν
1594 494 1785 565 βιϐλίῳ
1818 492 1858 546 δ’
1892 494 2000 547 τῶν

2116 496 2241 548 valla
2274 495 2569 551 Justiuiaui
2623 498 2749 561 125,
2795 496 2969 566 posita
3006 497 3144 570 [quo
3174 501 3281 574 ρει]
3315 501 3367 557 in
3408 503 3503 558 lib.
3539 520 3591 558 tv
3619 505 3721 559 Ba-

405 595 714 652 Βασιλικῶν
763 594 868 648 τίτ.
901 592 951 647 α’
979 610 1105 661 κεφ.
1137 589 1184 660 γ’
1212 592 1305 645 καὶ
1332 590 1519 659 ἔχουσι
1542 590 1611 643 τὰ
1636 589 1732 642 τοῦ
1761 588 2005 643 τοιούτου

404 688 628 760 κεερ.ὠς
663 688 743 751 είς
782 686 843 739 τὸ
870 685 1124 756 κείμενον
1158 682 1583 754 συνωψίσθησαν
1605 699 1618 714 ·
1648 681 2005 753 κατεστρώθη

404 784 462 836 δὲ
491 783 623 853 παρ’
679 780 839 851 ἡμῶν
874 779 935 832 τὸ
967 778 1209 833 τοιοῦτον
1240 794 1367 846 κεφ.
1417 776 1620 844 ἔξωθεν
1645 776 1739 831 τοῦ
1769 775 1847 845 λβ¹
1878 793 2005 845 κεφ.

404 876 501 930 τοῦ
539 874 583 929 θ’
607 876 719 929 τίτ.
751 874 845 927 τοῦ
871 872 1140 944 παρόντος
1167 871 1567 942 συντάγματος.
1600 870 1710 924 Καὶ
1746 868 1897 941 ζήτει
1939 869 2008 922 τὰ

406 970 536 1041 περὶ
566 968 756 1022 τούτου
808 967 1010 1019 ἐκεῖσε.
1050 966 1116 1019 Ἦ
1145 964 1282 1036 αὑτὴ
1305 964 1362 1017 δὲ
1392 960 1512 1035 ρκγ¹
1551 962 1724 1034 νεαρὰ
1752 962 1839 1014 διὰ
1897 960 1994 1013 τοῦ

411 1059 456 1131 β’
493 1077 618 1129 κεφ.
648 1058 743 1111 τοῦ
774 1055 821 1111 α’
848 1056 955 1112 τίτ.
990 1055 1085 1109 τοῦ
1122 1053 1163 1108 δ’
1193 1054 1401 1125 βιϐλίου
1436 1055 1546 1108 τῶν
1574 1052 1882 1107 Βασιλικῶν
1907 1070 2011 1122 φη-

407 1172 493 1208 σιν
548 1154 646 1206 ὅσα
699 1153 781 1214 εἰς
805 1150 868 1203 τὸ
901 1149 1156 1219 κείμενον
1206 1145 1651 1217 συνωψίσθησαν.
1707 1144 1844 1215 Περὶ
1865 1143 1921 1197 δὲ
1948 1143 2009 1195 τὸ

405 1244 559 1307 τέλος
601 1242 771 1311 λέγει,
834 1242 917 1295 ὅτι
958 1238 1132 1293 ταῦτα
1158 1238 1216 1292 δὲ
1246 1238 1428 1291 πάντα
1458 1237 1526 1291 τὰ
1556 1238 1688 1309 παρ’
1720 1234 1878 1307 ἡμῶν
1904 1234 2011 1287 δια-

402 1332 725 1387 τυπωθέντα
776 1330 867 1385 διὰ
904 1330 1003 1401 τὴν
1061 1328 1334 1401 προϐολὴν
1363 1328 1472 1381 τῶν
1500 1326 1826 1399 ἡγουμένων
1866 1343 2007 1398 κρα-

402 1422 517 1473 τεῖν
569 1415 1064 1489 παρακελευόμεθα
1097 1416 1193 1469 καὶ
1218 1416 1311 1469 ἐπὶ
1336 1414 1447 1467 τῶν
1482 1412 1815 1483 γυναικείων
1839 1429 2009 1482 μονα-

406 1512 666 1584 στηρίων·
692 1510 829 1579 πρὸς
851 1510 907 1562 δὲ
932 1512 1026 1563 καὶ
1045 1508 1226 1569 τοῦτο,
1255 1508 1349 1562 τοῦ
1377 1507 1680 1561 ὁσιωτάτου
1704 1506 2008 1561 ἐπισκόπου

402 1606 494 1675 ὑφ’
524 1605 584 1657 ὃν
602 1604 663 1657 τὸ
702 1602 1071 1674 μοναστήριον
1112 1602 1374 1655 τέτακται
1407 1600 1498 1654 τὸν
1526 1599 1702 1662 οὕτως
1756 1599 2011 1667 ἐπιλεγό-

407 1711 571 1767 μενον
609 1696 747 1748 πΞσι
789 1693 1012 1766 τρόποις
1067 1692 1375 1764 ἡγούμενον
1426 1690 1895 1760 προϐαλλομένου.
1945 1691 2010 1743 Ἠ

2114 588 2228 652 sil.,
2266 589 2348 642 tit.
2383 592 2435 654 1,
2466 604 2586 658 cap.
2614 588 2670 651 5,
2708 600 2759 643 et
2799 592 3003 646 habent
3034 609 3156 662 quze
3189 595 3245 647 in
3283 597 3383 650 hoc
3414 613 3534 666 cap.
3567 597 3723 669 [con-

2114 679 2424 752 tinentur],
2484 682 2949 752 quemadmodum
3004 684 3058 739 in
3116 695 3264 740 textu
3331 691 3721 759 compendiose

2116 774 2399 842 proposita
2432 782 2581 829 sunt.
2604 775 2878 831 Insertum
2908 786 2993 833 est
3020 788 3204 832 autem
3232 796 3258 832 ει
3285 781 3443 835 nobis
3472 782 3574 836 hoc
3596 798 3718 853 cap.

2115 864 2168 917 in
2210 866 2420 919 SCIIOIIO
2474 881 2596 937 cap.
2661 868 2731 922 52
2770 870 2854 922 tit.
2889 868 2923 924 9
2954 872 3240 941 prmseutis
3284 874 3469 942 aperis
3503 892 3517 929 :
3561 874 3722 944 cujus

2113 955 2224 1010 illic
2267 958 2685 1027 explicationem
2743 977 2983 1032 quaeras.
3044 962 3247 1018 Eadem
3300 965 3405 1018 125
3454 968 3664 1021 novella
3700 1006 3717 1033 ,

2114 1062 2210 1117 per
2243 1047 2278 1101 2
2306 1065 2426 1119 cap.
2464 1051 2549 1106 tit.
2591 1052 2614 1105 1
2669 1051 2762 1106 lib.
2829 1069 2882 1107 ιν
2919 1052 3085 1108 Basil.
3129 1054 3246 1119 ait,
3293 1073 3635 1127 curatcunquc
3668 1058 3741 1119 in,

2114 1152 2263 1197 textu
2300 1144 2689 1213 compendiose
2728 1147 3008 1215 proposita
3043 1156 3197 1201 sunt.
3230 1147 3389 1202 Circa
3424 1150 3584 1203 tinem
3617 1166 3721 1204 au-

2118 1242 2223 1287 tem
2249 1234 2381 1289 dicit
2409 1252 2421 1288 :
2456 1234 2635 1305 Atque
2666 1237 2851 1291 omnia
2880 1238 2994 1293 haec
3024 1254 3145 1307 qum
3168 1240 3235 1293 de
3267 1242 3565 1311 praesulutn
3594 1258 3721 1313 pro-

2114 1327 2359 1381 motione
2390 1343 2419 1381 a
2462 1328 2623 1381 nobis
2671 1328 2935 1399 disposita
2982 1340 3150 1396 sunt,
3194 1333 3547 1403 prmeipimus
3590 1336 3720 1390 item

2114 1418 2295 1474 valere
2344 1418 2397 1472 iu
2459 1419 2824 1475 muliebribus
2899 1421 3272 1477 monasteriis.
3330 1421 3557 1494 Insuper
3616 1426 3721 1483 hoc

2112 1510 2279 1563 etiam
2331 1509 2746 1577 religio~i5simo
2800 1510 3100 1581 episcopo,
3142 1512 3247 1567 sub
3294 1528 3406 1584 quo
3438 1527 3723 1571 monaste-

2116 1599 2257 1653 rium
2292 1601 2656 1655 constitutum
2696 1609 2781 1655 est
2808 1640 2824 1663 ,
2858 1604 3119 1657 omnibus
3154 1603 3331 1659 modis
3382 1606 3671 1675 praesulem
3704 1648 3719 1668 ,

2114 1691 2207 1760 qui
2255 1705 2323 1745 eo
2354 1690 2544 1745 ’modo
2591 1692 2799 1747 electus
2852 1704 2959 1755 cSI,
3008 1704 3351 1760 promoturo.
3403 1694 3596 1751 Const.
3656 1698 3723 1752 15

407 1792 476 1855 ιγ’
501 1786 645 1840 διάτ.
714 1784 809 1838 τοῦ
860 1784 1026 1839 αὐτοῦ
1056 1791 1104 1838 α’
1136 1785 1242 1839 τίτ.
1274 1784 1383 1838 τῶν
1409 1784 1661 1854 Νεαρῶν,
1688 1784 1806 1836 ἔστι
1838 1783 2008 1853 νεαρὰ

2117 1778 2363 1847 ejusdem
2403 1781 2490 1834 tit.
2538 1780 2890 1834 Novellarnm
2936 1792 3022 1836 est
3079 1783 3288 1836 novella
3334 1780 3630 1839 Jusdniani
3663 1787 3720 1840 5.

417 1878 847 1942 Ἰουστινιάνειος
882 1874 923 1931 ε’
941 1894 952 1906 ·
984 1877 1087 1930 οὐκ
1121 1876 1282 1946 ἐτέθη
1308 1876 1364 1929 δὲ
1389 1877 1468 1938 εἰς
1492 1875 1560 1928 τὰ
1583 1875 1866 1938 Βασιλικὰ,
1896 1874 2008 1928 ἁλλ¹

2118 1870 2235 1926 Non
2271 1882 2357 1928 est
2398 1883 2580 1927 autem
2626 1874 2804 1944 posita
2856 1874 2908 1927 in
2964 1872 3159 1939 Basil.,
3209 1891 3389 1945 neque
3438 1887 3615 1931 coast.
3656 1878 3725 1933 .16

404 1971 525 2025 οὐδὲ
560 1973 594 2042 ἡ
624 1968 719 2041 μς⁹
768 1970 910 2023 ﬁtﬁt.
977 1968 1073 2021 τοῦ
1127 1966 1178 2037 γ’
1225 1968 1336 2022 τίτ.
1403 1965 1499 2020 τοῦ
1554 1964 1602 2019 α’
1657 1966 1868 2038 βιϐλίου
1912 1966 2008 2020 τοῦ

2119 1965 2205 2018 tit.
2239 1964 2272 2018 ὃ
2299 1964 2397 2019 lib.
2434 1964 2640 2030 tCod.,
2688 1982 2868 2036 neque
2907 1976 3087 2022 const.
3138 1966 3209 2023 59
3256 1968 3501 2037 ejusdem
3537 1969 3633 2023 lib.
3666 1979 3721 2026 et

405 2062 660 2128 κώδικος,
715 2060 1005 2131 οὐδὲήλθ⁹
1056 2059 1199 2114 διάτ.
1261 2059 1357 2113 τοῦ
1420 2058 1589 2112 αὑτοῦ
1647 2058 1859 2131 βιϐλίου
1915 2058 2012 2112 καὶ
2118 2058 2204 2112 tit.

403 2154 512 2208 τίς.

474 2267 727 2321 ΚΕΦΑΛ.
753 2270 825 2321 Δ’.
857 2298 930 2308 —-
959 2267 1099 2338 Περὶ
1134 2267 1242 2323 τοῦ
1267 2266 1354 2338 μὴ
1395 2267 1475 2335 ὠς
1507 2266 1688 2337 ἔτυχε
1728 2266 2009 2337 μοναχὸν

397 2356 628 2421 ἐξιέναι
650 2357 756 2412 τοῦ
775 2360 1213 2428 μοναστηρίου,
1237 2357 1333 2414 καὶ
1360 2357 1673 2428 πράγματα
1694 2355 2001 2426 πράττειν,

400 2450 503 2503 καὶ
536 2451 626 2504 ὅτι
660 2452 782 2506 ὑπὸ
817 2453 926 2505 τὸν
957 2453 1300 2506 ἐπίσκοπόν
1324 2453 1466 2507 εισι.

475 2563 701 2618 Συνόδου
729 2563 1072 2635 Χαλκηδόνος
1100 2563 1279 2617 κανὼν
1307 2562 1376 2633 γ’,
1408 2561 1471 2629 δ’,
1509 2562 1579 2636 η’,
1616 2570 1704 2634 κγ’
1729 2580 1744 2595 ·
1779 2564 1999 2619 συνόδου

403 2654 460 2722 ς’
485 2656 667 2712 κανὼν
724 2661 836 2729 μα’,
872 2655 982 2729 μβ’,
1008 2656 1135 2729 pg"
1167 2658 1389 2711 συνόδου
1415 2654 1464 2712 α’
1495 2658 1584 2710 καὶ
1612 2655 1680 2727 β’,
1705 2658 1764 2713 ὲν
1787 2657 1865 2729 τῷ
1891 2657 2004 2728 ναῷ

400 2749 515 2803 τῶν
532 2750 730 2820 Ἀγίων
763 2752 1101 2805 Ἀποστόλων
1132 2749 1313 2805 κανὼν
1347 2749 1413 2821 β’,
1444 2748 1505 2805 δ’.

479 2868 788 2937 Κείμενον.
825 2867 891 2921 Ἡ
917 2865 1000 2920 κθ¹
1028 2867 1168 2921 διάτ.
1199 2866 1296 2920 τοῦ
1345 2873 1395 2935 γ’
1422 2866 1528 2921 τίτ.
1564 2866 1659 2921 τοῦ
1710 2865 1759 2922 α’
1789 2868 1998 2939 βιϐλίου

404 2961 500 3015 τοῦ
541 2959 793 3027 κώδικος,
847 2962 1042 3031 φησὶν,
1097 2978 1153 3014 κ.
1179 2978 1230 3017 τ.
1258 2961 1334 3027 λ..
1394 2977 1567 3031 usque
1599 2962 1665 3016 ad
1695 2961 1742 3016 θ’
1775 2964 1883 3017 τίτ.
1917 2963 2013 3017 τοῦ

402 3054 676 3126 παρόντος
707 3055 1109 3125 συντάγματος.

476 3171 760 3240 Σχόλιον.
800 3168 865 3223 Ἡ
909 3166 994 3223 κθ’
1029 3169 1171 3225 διάτ.
1205 3168 1301 3223 τοῦ
1350 3166 1399 3238 γ’
1429 3168 1535 3224 τίτ.
1567 3166 1615 3223 α’
1674 3168 1882 3240 βιϐλίου
1917 3170 2013 3224 τοῦ

2190 2261 2348 2318 CAP.
2386 2260 2477 2316 IV.
2525 2293 2596 2305 —
2638 2261 2723 2318 Ne
2769 2274 2959 2318 temere
3000 2264 3291 2319 monac/ms
3342 2267 3727 2321 monasterium

2116 2364 2306 2417 exeat,
2343 2362 2392 2408 et
2456 2354 2667 2425 negotia
2708 2364 2867 2425 agat,
2917 2364 2967 2409 et
3006 2355 3147 2426 quod
3189 2357 3435 2411 monachi
3477 2359 3721 2428 episcopo

2114 2445 2345 2501 subsint.

2188 2561 2420 2616 Concilii
2475 2560 2839 2617 Chalcedonis
2873 2578 3049 2617 canon
3083 2563 3117 2618 5
3138 2605 3152 2629 ,
3182 2565 3235 2625 4.
3280 2568 3337 2630 8,
3368 2563 3475 2633 25ς
3507 2567 3728 2622 concilii

2119 2656 2261 2710 sexti
2306 2670 2483 2709 canon
2527 2656 2632 2721 41,
2668 2656 2772 2718 42,
2809 2655 2920 2723 46;
2963 2658 3182 2711 concilii
3220 2659 3384 2728 primi
3415 2668 3469 2713 ct
3498 2659 3727 2714 secundi

2120 2748 2174 2802 in
2203 2749 2317 2803 aade
2339 2749 2667 2803 Sanctorum
2698 2750 3085 2819 Apostolorum
3119 2749 3336 2824 [habiti]
3369 2768 3544 2806 canon
3582 2752 3638 2815 2,
3671 2753 3727 2808 «1.

2193 2839 2412 2895 Textus.
2487 2842 2675 2895 Const.
2724 2839 2794 2895 29
2852 2842 2934 2894 tit.
2973 2842 3007 2895 '5
3051 2841 3147 2897 lib.
3188 2858 3202 2896 I
3261 2842 3395 2897 Cod.
3434 2844 3511 2898 ait
3555 2861 3567 2897 :
3610 2843 3726 2899 Soli

2119 2934 2621 3003 apocrisiarii,etc.,
2635 2950 2797 3005 usque
2813 2934 2880 2988 ad
2902 2937 3199 3007 perscripta
3214 2947 3361 3003 sunt,
3384 2946 3439 2990 ut
3456 2952 3578 3008 pag.
3596 2938 3726 3001 851,

2117 3020 2246 3076 834.

2190 3153 2485 3211 Sc/tolium.
2528 3156 2763 3212 Constit.
2794 3158 2865 3212 29
2899 3158 2984 3211 tit.
3045 3157 3080 3211 5
3123 3159 3262 3213 lib.t
3309 3159 3448 3214 Cod.
3492 3176 3601 3215 non
3644 3171 3729 3216 est

403 3219 771 3324 κιιέξζεζξὲιξς
810 3219 970 3331 an,
1002 3219 1183 3323 ag...
1210 3219 1507 3326 tanta;
1522 3219 1659 3314 .3...
1674 3219 1725 3333 τι
1738 3219 1844 3332 3.1,?
1861 3219 2008 3316 '5...

2127 3250 2304 3318 posita
2330 3250 2381 3303 in
2399 3248 2590 3314 Basil.,
2619 3267 2797 3321 neque
2829 3251 3077 3321 ejusdem
3107 3252 3191 3305 lit.
3212 3263 3389 3307 coust.
3415 3253 3508 3307 58.
3532 3253 3726 3310 Const.

400 3353 499 3406 τοῦ
530 3353 699 3407 αὐτοῦ
728 3354 834 3408 τίτ.
856 3370 869 3384 ⁸
901 3356 934 3425 ἡ
967 3354 1025 3407 δὲ
1058 3351 1103 3424 β’
1137 3352 1392 3407 Sta-aurci»
1418 3352 1590 3409 α’τίτ.
1621 3354 1729 3408 τῶν
1757 3354 2011 3426 Νεαρῶν,

402 3444 520 3498 ἔστι
549 3446 720 3517 νεαρὰ
761 3445 1192 3508 Ἰουστινιόινειος
1241 3442 1361 3516 ρκγ¹
1393 3446 1624 3516 κειμένη
1656 3447 1716 3499 ὲν
1752 3445 1941 3517 βιϐλίῳ
1970 3444 2015 3499 ’δ

400 3536 513 3590 τῶν
542 3538 847 3592 Βασιλικῶν
878 3537 983 3590 τίτ.
1017 3536 1099 3590 α’⁶
1136 3538 1230 3591 καί
1267 3555 1400 3608 φησι
1431 3538 1491 3591 τὸ
1522 3536 1601 3606 ξγ¹
1630 3554 1757 3607 κεφ.
1793 3536 1889 3590 τοῦ
1922 3538 2015 3591 αὐ-

400 3631 499 3686 τοῦ
530 3633 729 3703 νεαρᾶς
753 3674 768 3696 ,
796 3633 916 3703 ἤτοι
943 3632 1003 3685 τὸ
1034 3638 1101 3684 ια’
1137 3648 1265 3701 κεφ.
1289 3631 1387 3684 τοῦ
1421 3632 1681 3702 ῥηθέντος
1707 3631 1812 3684 τίτ.
1843 3630 1937 3685 τοῦ
1970 3629 2015 3685 ’δ

404 3723 620 3796 βιϐλίου
651 3726 755 3778 ὅσα
782 3724 1203 3795 συνωψίσθησαν
1233 3724 1386 3795 παρὰ
1410 3721 1505 3777 τοῦ
1536 3724 1903 3795 πατριάρχου.

475 3840 727 3895 ΚΕΦΑΛ.
758 3838 910 3893 Ε’.-
940 3840 1076 3910 Περὶ
1112 3840 1219 3894 τοῦ
1244 3841 1332 3909 μὴ
1373 3839 1586 3911 γαμεῖν
1606 3838 1940 3909 μοναχοὺς,
1972 3837 2011 3907 ἥ

403 3947 573 3986 τισιν
605 3932 685 3999 ὡς
718 3931 1013 4002 ἀδελφαῖς
1044 3932 1345 4000 συνεῖναι,
1370 3932 1527 4003 μήτε
1566 3933 1677 3999 τὰς
1716 3932 2012 4002 ἐπαγγελ-

403 4023 671 4094 λομένας
702 4025 1035 4094 παρθενίαν
1061 4024 1289 4095 ἑτέροις
1318 4024 1651 4079 συνοικεῖν.

401 4211 409 4237 ¹
439 4209 453 4275 Ξ
480 4207 708 4262 Συνόδου
738 4207 1019 4281 Ἀγκύρας
1049 4207 1234 4263 κανὼν
1264 4207 1330 4263 ιθ’
1355 4225 1369 4238 '
1402 4209 1623 4263 συνόδου
1659 4207 2013 4279 Χαλκηδόνος

404 4299 590 4355 κανὼν
641 4297 753 4365 ις’·
805 4301 1025 4354 συνόδου
1077 4298 1153 4366 ς’,
1209 4299 1392 4354 κανὼν
1433 4298 1510 4372 μ’,
1546 4297 1649 4369 μδ’,
1695 4297 1818 4370 μζ¹⁶
1850 4300 2013 4353 Βασι-

402 4392 553 4446 λείου
590 4391 771 4445 κανὼν
804 4391 890 4456 ιϐ’,
925 4398 998 4456 κ’,
1046 4390 1085 4457 ξ’
1108 4408 1123 4421 ⁸
1160 4391 1438 4461 ἀνάγνωθι
1467 4392 1536 4445 τὰ
1568 4391 2011 4462 παραγραφέντα

402 4488 464 4541 ὲν
516 4485 574 4541 ιδ’
620 4504 745 4556 κεφ.
780 4486 875 4540 τοῦ
908 4484 957 4558 η’
989 4487 1098 4541 τίτ.
1133 4485 1229 4539 τοῦ
1285 4485 1553 4556 παρόντος
1604 4485 2008 4556 συντάγματος,

402 4579 501 4635 καὶ
530 4581 590 4633 έν
621 4578 700 4651 τῷ
732 4576 813 4633 κθ¹
852 4595 979 4650 κεφ.
1018 4578 1111 4633 τοῦ
1145 4579 1189 4633 θ’
1222 4579 1327 4634 τίτ.

477 4691 733 4745 ΚΕΦΑΛ.
771 4688 864 4758 q’.
909 4719 978 4732 —
1006 4688 1149 4759 Περὶ
1171 4688 1462 4761 μοναχιῖην·
1489 4688 1829 4744 ποιούντων
1854 4706 2008 4758 φρα-

398 4784 593 4853 τρίας,
634 4783 734 4837 καί
770 4784 1185 4852 συνωμοσίας.

475 4900 703 4954 Συνόδου
752 4899 1097 4970 Χαλκηδόνος
1145 4900 1329 4955 κανὼν
1376 4907 1484 4972 tn"
1535 4898 1757 4953 συνόδου
1796 4896 1872 4963 ς’,
1906 4915 2009 4950 κα-

401 4990 511 5045 νὼν
536 4992 639 5046 λδ’⁶
673 4992 948 5054 ἀνάγνωθι
974 4991 1044 5044 τὰ
1076 4992 1516 5065 παραγραφέντα
1549 4992 1609 5044 ὲν
1641 4989 1722 5061 τῷ
1750 4987 1825 5054 λζ’
1855 5004 2008 5059 κεφ.,

404 5085 499 5137 τοῦ
533 5082 576 5137 θ’
600 5084 705 5139 τίτ.
742 5085 934 5139 τούτου
971 5084 1379 5156 συντάγματος.

474 5196 733 5251 ΚΕΦΑΛ,
762 5195 907 5251 Z'.—
930 5198 1071 5268 Περὶ
1105 5198 1213 5252 τοῦ
1234 5197 1321 5269 μὴ
1363 5184 1781 5252 συλλούεσθαι
1816 5197 2009 5268 ἀσκη-

400 5289 520 5357 thr
556 5293 815 5360 γυναικί.

478 5383 707 5437 Συνόδου
759 5385 1087 5451 Λαοδικείας
1162 5384 1340 5441 κανὼν
1384 5384 1469 5440 λ’⁶
1525 5384 1746 5440 συνόδου
1796 5391 1851 5449 ς’
1907 5402 2009 5439 και

402 5474 513 5531 νὼν
542 5474 617 5541 (λζ’
629 5519 644 5533 .

470 5593 725 5648 ΚΕΦΛΛ.
750 5592 832 5648 Η’.
856 5625 929 5635 -
950 5594 1090 5663 Περὶ
1122 5595 1406 5667 φυλακῆς
1438 5596 1613 5667 ιερῶν
1635 5596 1971 5666 παρθένων.

476 5683 705 5737 Συνόδου
780 5687 1180 5761 Καρθαγέννης
1236 5688 1418 5742 κανὼν
1495 5690 1614 5759 μδ”
1683 5688 1904 5741 συνόδου
1955 5686 2011 5752 ς’

400 5780 583 5833 κανὼν
637 5779 759 5850 μετ’,
814 5779 921 5851 μζ,
968 5789 1095 5854 μην·
1134 5782 1357 5837 συνόδου
1390 5782 1629 5847 Νικαίας
1679 5781 1741 5837 τὸ
1790 5782 1858 5855 β,
1902 5798 2007 5837 κα·

402 5870 510 5926 νὼν
538 5870 629 5942 ιη’,
671 5871 741 5937 κ’,
773 5872 877 5943 κβ’.

2117 3343 2151 3396 2
2170 3344 2252 3397 tit.
2272 3344 2292 3397 1
2312 3341 2657 3399 Novellarum
2682 3357 2763 3400 est
2786 3347 2995 3400 novella
3012 3344 3355 3401 Justinianea
3385 3347 3511 3412 125,
3550 3350 3728 3417 posita

2118 3437 2250 3511 [que
2285 3439 2392 3512 est]
2426 3443 2479 3495 in
2515 3441 2612 3495 lib.
2646 3440 2813 3497 Basil.
2865 3443 2921 3505 4,
2958 3444 3044 3498 tit.
3100 3444 3122 3497 1
3152 3484 3167 3508 ,
3217 3459 3281 3498 ac
3319 3445 3453 3500 dicit
3486 3444 3556 3500 65
3603 3462 3726 3517 cap.

2117 3532 2361 3602 ejusdem
2396 3535 2642 3600 novellae,
2664 3536 2779 3589 sive
2811 3536 2869 3589 11
2901 3550 3023 3606 cap.
3046 3536 3177 3589 dicti
3220 3537 3433 3591 tit..lib.
3470 3554 3543 3604 tv,
3569 3554 3727 3609 quae-

2117 3640 2337 3696 cunque
2390 3642 2485 3695 per
2540 3626 2911 3697 patriarcltant
2969 3630 3363 3699 compendiose
3435 3633 3723 3702 proposita

2117 3728 2269 3772 sunt.

2188 3831 2343 3887 CAP.
2379 3832 2525 3887 V.—
2557 3832 2635 3887 Ne
2670 3835 2918 3889 monachi
2945 3837 3346 3890 matrimonium
3381 3838 3729 3904 contra/tant,

2118 3935 2211 3979 aut
2259 3943 2379 3979 cum
2427 3927 2699 3998 aliquibus
2746 3928 3103 4002 [mulieribus]
3149 3939 3403 4000 tanquam
3454 3935 3729 3989 sororibus

2116 4030 2508 4085 conversentur,
2548 4032 2596 4075 et
2632 4039 2695 4076 ne
2744 4024 3105 4093 virginitatem
3136 4025 3387 4094 professa
3408 4026 3535 4081 viris
3564 4028 3728 4082 coha-

2116 4112 2303 4167 bilent.

2185 4204 2413 4259 Concilii
2447 4206 2722 4277 Ancyraui
2767 4222 2945 4262 canon
2984 4207 3084 4275 19;
3136 4209 3359 4264 concilii
3408 4210 3717 4268 Chalcedo-

2116 4296 2310 4352 Densis
2338 4313 2515 4352 canon
2555 4298 2663 4365 16;
2700 4298 2918 4353 concilii
2965 4301 3105 4354 sexti
3141 4315 3316 4355 canon
3347 4302 3440 4372 40,
3477 4304 3570 4369 44,
3611 4305 3722 4372 4Ἱς

2119 4388 2308 4445 Basilii
2371 4406 2549 4445 canon
2617 4390 2702 4458 19,
2769 4391 2861 4457 20,
2927 4391 3017 4446 60.
3069 4391 3244 4462 Legas
3301 4411 3425 4465 qua:
3469 4398 3726 4454 adnotata

2116 4497 2248 4541 sunt
2279 4489 2333 4539 in
2372 4501 2495 4557 cap.
2539 4486 2607 4540 14
2654 4486 2736 4540 tit.
2804 4483 2859 4551 8,
2900 4494 2956 4539 ct
2983 4499 3103 4555 cap.
3141 4486 3213 4539 29
3256 4487 3343 4541 tit.
3378 4487 3411 4543 9
3440 4493 3727 4560 praesentis

2043 4571 2088 4628 Ι)
2120 4581 2324 4649 Operis.

2187 4691 2341 4748 CAP.
2374 4692 2465 4748 VI.
2491 4726 2559 4737 —
2592 4694 2668 4750 De
2700 4695 2975 4750 monachi:
3004 4696 3097 4767 qui
3114 4694 3374 4765 factiones
3408 4705 3501 4750 aut
3528 4698 3722 4769 conju-

2117 4788 2351 4841 rationes
2376 4788 2602 4859 faciunt.

2141 4883 2416 4956 ~Concilii
2447 4900 2912 4957 Chalcedonensis
2950 4917 3124 4956 canon
3182 4899 3285 4967 18;
3318 4901 3535 4955 concilii
3583 4906 3723 4960 sexti

2113 5006 2291 5046 canon
2321 4991 2410 5047 54.
2455 4992 2599 5063 Lege
2625 5008 2747 5063 qua:
2773 4994 3032 5048 adnotata
3068 4999 3199 5047 sunt
3230 4992 3283 5045 in
3326 5008 3449 5063 cap.
3485 4995 3554 5049 57
3586 4996 3669 5051 tit.
3694 4999 3727 5055 9

2117 5086 2281 5156 hujus
2316 5086 2518 5157 operis.

2191 5200 2345 5254 CAP.
2377 5198 2491 5257 VII.
2539 5231 2611 5242 —
2649 5199 2734 5256 Ne
2775 5203 3023 5258 monachi
3071 5205 3324 5260 laventur
3368 5225 3487 5262 cum
3534 5207 3725 5262 mulie-

2120 5294 2290 5347 ribus.

2186 5387 2419 5443 Concilii
2475 5386 2771 5443 Laodiceni
2816 5404 2994 5445 canon
3072 5391 3180 5460 30;
3244 5392 3465 5449 concilii
3521 5407 3574 5447 Vl
3626 5406 3721 5446 ca-

2114 5497 2225 5537 non
2258 5481 2349 5536 77.

2186 5593 2343 5651 CAP.
2383 5594 2520 5651 VIII.
2550 5627 2623 5637 —
2654 5597 2729 5653 De
2769 5599 3013 5653 custodia
3049 5606 3389 5652 sacratorum
3434 5594 3719 5665 virginum.

2185 5688 2909 5761 ConciliiCarthaginensis
2959 5706 3136 5747 canon
3179 5690 3279 5753 λης
3316 5688 3536 5743 concilii
3581 5687 3724 5743 sexti

2115 5798 2289 5837 canon
2311 5782 2401 5850 46,
2429 5784 2519 5850 47,
2552 5785 2652 5849 ιες
2681 5786 2898 5841 concilii
2924 5784 3128 5840 Μοίεηὶ
3171 5784 3398 5839 secundi
3422 5796 3601 5839 canon
3631 5779 3721 5849 18,

2112 5873 2208 5941 20,
2241 5872 2332 5927 22.
