4142 6476
506 409 644 476 1155

572 521 727 579 CAP.
760 520 853 577 IX.
882 553 955 565 —
983 520 1056 575 De
1084 518 1364 575 uitiatione
1393 514 1677 586 virginum.

573 617 807 673 Concilii
861 614 1199 671 sexticmion
1228 613 1301 679 4;
1340 610 1530 666 Basilii
1577 622 1752 663 canon
1782 603 1983 672 18,20,
2021 603 2111 660 60.

509 710 656 783 Lege
680 709 1061 767 adnotationes
1118 705 1188 762 50
1234 720 1356 776 cap.
1400 704 1485 757 tit.
1521 699 1555 756 9
1584 700 1871 770 praesentis
1908 697 2113 768 operis.

574 914 732 971 CAP.
769 913 839 969 Χ.
869 942 940 953 -
973 912 1047 966 De
1078 920 1234 965 (etate
1254 924 1437 964 eorum
1468 908 1560 980 qui
1597 906 1842 961 habitum
1870 913 2111 971 sumunt,

500 1016 553 1062 et
590 1004 889 1076 cujusmodi
917 1003 1061 1073 virgo
1105 1002 1340 1056 dicatur.

571 1189 803 1248 Concilii
843 1185 1298 1259 Cartbaginensis
1329 1186 1527 1240 'canon
1562 1183 1702 1247 122,
1738 1182 1842 1238 126
1873 1200 1888 1250 ;
1925 1181 2115 1237 conci-

503 1284 565 1339 lii
595 1282 739 1339 sexti
776 1296 956 1336 canon
984 1279 1076 1345 40,
1107 1278 1196 1343 41,
1232 1278 1325 1340 45,
1356 1277 1425 1331 45
1452 1294 1467 1344 ;
1519 1276 1704 1330 Basilii
1734 1289 1911 1330 canon
1949 1274 2039 1327 18.

572 1396 725 1453 CAP.
762 1394 855 1451 XI.
884 1425 955 1437 --
987 1394 1064 1448 De
1110 1391 1385 1447 monachis
1432 1391 1523 1461 qui
1576 1390 1757 1445 clerici
1801 1390 1958 1459 ﬁunt,
2017 1396 2113 1442 aut

501 1492 759 1565 profanos
785 1493 1008 1548 honores
1041 1498 1458 1559 consequuntur,
1496 1494 1591 1540 aut
1627 1484 1893 1541 militant.

575 1672 808 1730 Concilii
840 1668 1046 1727 Nicaeni
1083 1684 1258 1725 canon
1298 1668 1406 1735 12;
1444 1666 1665 1723 concilii
1691 1664 2112 1722 Chalcedonen-

510 1767 590 1823 sis
616 1780 793 1820 canon
828 1764 859 1816 ’ἴ
889 1781 904 1831 ;
936 1762 1125 1835 Cyrilli
1152 1780 1220 1818 ex
1250 1764 1482 1833 epistola
1511 1761 1577 1814 ad
1603 1759 1786 1831 Libya:
1817 1769 1873 1814 et
1904 1756 2112 1812 Penta-

1663 398 1929 462 PHOTII
1969 396 2479 460 PATRIARCHE
2517 396 2629 457 ΟΡ.

2140 518 2187 573 Α
2287 512 2541 566 ΚΕΦΑΑ.
2567 509 2721 566 Θ’.-
2744 511 2884 581 Περὶ
2916 510 3143 583 φθορᾶς
3173 511 3347 582 ιερῶν
3372 512 3715 584 παρθένων.

3554 385 3569 405 “
3681 387 3812 456 1156

2292 605 2521 658 Συνόδου
2556 603 2631 671 ς’,
2678 603 2859 658 κανὼν
2882 603 2947 673 δ’,
2988 605 3269 660 Βασιλεὶου
3310 605 3493 659 κανὼν
3527 603 3624 675 ιη’,
3662 603 3730 672 κ’,
3758 603 3814 671 ξ’,

2219 698 2499 767 ἀνάγνωθι
2520 698 2619 763 τὰς
2649 698 3025 771 παραγραφὰς
3042 698 3136 753 τοῦ
3165 697 3210 752 λ’
3231 716 3358 769 κεφ.
3389 698 3485 754 τοῦ
3520 696 3568 751 θ’
3592 698 3702 753 τίτ.
3728 699 3815 753 τοῦ

2218 793 2489 864 παρόντος
2530 792 2935 862 συντάγματος.

2287 906 2541 960 ΚΕΦΑΛ.
2586 906 2643 960 I’.
2683 935 2755 946 —
2794 906 2935 975 Περὶ
2980 906 3209 975 χρόνου
3249 906 3360 975 τῆς
3406 908 3664 977 ἡλικίας
3710 907 3820 961 τῶν

2215 998 2652 1067 λαμϐανόντων
2680 997 2747 1052 τὸ
2764 996 2999 1067 σχῆμα,
3023 997 3125 1052 καὶ
3153 998 3299 1051 ποία
3333 999 3581 1070 λέγεται
3607 999 3821 1068 παρθέ-

2215 1108 2342 1145 νος.

2287 1111 2517 1234 ἕυνόδου
2556 1181 2953 1254 Καρϐαγέννης
2998 1182 3181 1237 κανὼν
3215 1181 3357 1256 ρκβ’,
3401 1181 3571 1256 pug”
3606 1184 3818 1238 συνόδου

2220 1270 2273 1338 ς’
2298 1272 2478 1329 κανὼν
2511 1272 2585 1344 μ’,
2618 1281 2729 1345 μα’,
2766 1273 2877 1345 μγ’,
2913 1272 3030 1346 με’·
3068 1276 3351 1329 Βασιλείου
3377 1275 3567 1330 κανὼν
3597 1274 3692 1347 ιη’.

2294 1390 2544 1443 ΚΕΦΑΔ.
2577 1387 2683 1443 IA'.
2703 1416 2776 1430 —
2800 1390 2941 1459 Περὶ
2968 1388 3279 1460 μοναχῶν,
3316 1388 3658 1459 γινομένων
3679 1393 3821 1456 κλη-

2207 1480 2421 1551 ρικῶν,
2467 1481 2507 1551 ἣ
2558 1480 2787 1537 datatim
2835 1481 3272 1552 ἀξιωματικῶν,
3322 1483 3361 1551 ἣ
3416 1481 3820 1552 στρατειοομέ-

2214 1592 2358 1630 νων.

2289 1667 2521 1722 Συνόδου
2554 1668 2791 1732 Νικαίας
2827 1668 3007 1722 κανὼν
3047 1667 3145 1740 ιβ’·
3202 1669 3422 1722 συνόδου
3469 1668 3819 1739 Χαλκηδόνος

2217 1760 2398 1814 κανὼν
2429 1759 2504 1825 ζ”
2539 1762 2812 1831 Κυρίλλου
2848 1765 2913 1816 ὲκ
2940 1764 3041 1833 τῆς
3071 1763 3210 1835 πρὸς
3238 1764 3366 1826 τοὺς
3400 1765 3459 1816 ὲν
3486 1762 3672 1834 Λιϐύῃ
3693 1804 3708 1827 ,
3735 1765 3822 1816 καὶ

508 1860 652 1932 polis
690 1859 983 1929 episcopos
1017 1872 1194 1912 canon
1224 1856 1280 1911 2.
1316 1854 1460 1925 Lege
1488 1854 1875 1909 adnotationes
1895 1866 2019 1921 cap.
2043 1848 2115 1904 52

2219 1853 2556 1907 Πενταπόλει
2605 1854 2941 1919 ἐπισκόπους
2986 1855 3309 1925 ἐπιστολῆς,
3346 1854 3532 1909 κανὼν
3565 1853 3632 1925 β’.
3670 1854 3820 1909 Ἀνά-

510 1952 597 2008 tit.
626 1951 661 2008 9
691 1950 980 2023 praesentis
1012 1950 1216 2020 oneris.

580 2157 737 2214 CAP.
769 2155 886 2214 XII.
914 2156 1077 2212 ——-De
1108 2158 1174 2210 iis
1205 2156 1294 2227 qui
1317 2156 1613 2211 monastico
1644 2155 1833 2210 habitu
1867 2164 2116 2223 utuntur,

511 2268 577 2307 ac
614 2252 871 2307 damnant
906 2267 992 2307 eos
1019 2252 1109 2321 qui
1148 2251 1345 2305 vestitu
1381 2251 1648 2305 communi
1675 2259 1921 2306 utuntur.

578 2455 811 2512 Concilii
843 2455 1178 2527 Gangrensis
1205 2471 1382 2511 canon
1422 2456 1508 2511 12.

584 2549 800 2604 Τρωίας.
839 2549 1045 2605 Dicitur
1085 2550 1180 2604 lib.
1221 2566 1261 2616 I,
1301 2551 1383 2604 tit.
1411 2551 1647 2615 Leonst
1673 2552 1744 2609 ιε
1778 2553 1954 2622 Mimi,
1983 2563 2117 2622 etc.,

509 2653 682 2709 usque
716 2638 785 2692 ad
807 2637 1227 2705 exterminatur,
1261 2648 1319 2692 ut
1345 2655 1467 2711 pag.
1499 2640 1628 2696 865.

508 2846 516 2881 ε
584 2821 880 2877 Schotium.
920 2820 1155 2878 Consul.
1198 2822 1233 2877 4
1277 2823 1363 2879 tit.
1420 2823 1455 2878 4
1512 2824 1611 2880 lib.
1642 2826 1827 2883 1Cod.
1869 2843 1973 2883 non
2035 2837 2120 2885 est

508 2917 690 2989 pOsita
722 2918 774 2969 in
809 2913 976 2969 Basil.
1039 2913 1230 2970 Const.
1281 2917 1317 2970 2
1348 2917 1433 2972 tit.
1467 2918 1489 2971 1
1526 2916 1881 2975 Novellarum
1913 2933 1995 2975 est
2018 2936 2118 2976 uo-

507 3010 646 3065 vella
697 3006 1039 3063 Justinianea
1092 3006 1233 3073 125,
1292 3006 1605 3079 positalque
1669 3009 1774 3082 est]
1831 3010 1887 3064 in
1945 3010 2021 3065 lib
2064 3027 2118 3065 IV

511 3099 678 3157 Basil.
714 3100 972 3171 Ejusdem
1029 3115 1155 3155 vero
1197 3101 1421 3155 novella:
1453 3117 1573 3172 cap.
1615 3100 1710 3169 61,
1740 3107 1857 3158 sive
1883 3104 1949 3157 15
1992 3118 2114 3174 cap.

509 3194 757 3265 ejusdem
784 3194 881 3248 lib.
909 3202 964 3249 et
1000 3194 1083 3247 tit.
1128 3194 1261 3249 dicit
1293 3195 1360 3249 ad
1404 3195 1628 3266 longum
1657 3237 1672 3262 ,
1714 3212 1837 3266 qua:
1882 3199 1935 3251 in
1974 3213 2115 3266 pra:-

2148 1930 2195 1985 B
2225 1948 2392 2017 γνωθι
2418 1949 2517 2012 τὰς
2554 1948 2925 2020 παραγραφὰς
2988 1949 3081 2002 τοῦ
3109 1947 3187 2020 λβ¹
3222 1967 3348 2021 κεφ.
3374 1950 3472 2003 τοῦ
3509 1951 3556 2003 θ’
3586 1951 3694 2005 τίτ.
3732 1951 3821 2004 τοῦ

2224 2042 2491 2112 παρόντος
2522 2042 2925 2113 συντάγματος.

2296 2149 2549 2211 ΚΕΦΔᾹ.
2594 2156 2695 2212 ΙΒ’.
2727 2188 2798 2197 —
2827 2158 2968 2226 Περὶ
3025 2158 3143 2213 τῶν
3188 2158 3514 2229 χρωμένων
3561 2158 3822 2228 σχήματι

2217 2248 2547 2318 μοναχικῷ,
2581 2248 2679 2303 καί
2709 2248 3285 2321 καταψηφιζομένων
3311 2251 3435 2305 τῶν
3460 2250 3647 2321 κοινῇ
3680 2268 3820 2321 χρω-

2216 2337 2419 2408 μένων
2447 2339 2681 2409 ἐσθῆτι.

2294 2454 2523 2508 Συνόδου
2555 2456 2813 2526 Γάγγρας
2839 2454 3021 2511 κανὼι
3050 2456 3141 2530 ιβ’.

2291 2547 2605 2617 Κείμενον.
2649 2548 2879 2621 Εἴρηται
2910 2550 3101 2623 βιβλίῳ
3148 2550 3218 2617 α’,
3246 2552 3351 2607 τίτ.
3381 2552 3446 2619 δ’,
3475 2553 3624 2608 διάτ.
3658 2551 3719 2614 δ’,
3748 2553 3821 2607 ὅτι

2218 2640 2270 2693 οί
2303 2642 2483 2713 μῖμοι,
2517 2658 2572 2696 κ.
2599 2659 2650 2697 τ.
2678 2641 2754 2709 λ.,
2782 2659 2954 2715 usque
2978 2647 3045 2700 ad
3077 2649 3423 2719 τιμωρεῖται,
3460 2649 3559 2702 καὶ
3589 2646 3820 2719 ἐξορίζε-

2218 2748 2283 2785 τα
2294 2752 2327 2788 ι.
3020 2747 3031 2757 ’

2291 2828 2572 2897 Σχόλιον.
2612 2828 2676 2882 ’11
2708 2829 2751 2883 δ’
2778 2829 2917 2885 διάτ.
2944 2829 3039 2885 τοῦ
3070 2830 3111 2884 δ’
3144 2833 3248 2887 τίτ.
3284 2833 3381 2887 τοῦ
3424 2833 3477 2889 α’
3501 2835 3710 2906 βιϐλίου
3734 2838 3818 2891 τοῦ

2219 2916 2451 2983 κώδικος
2488 2920 2588 2973 οὐκ
2634 2922 2795 2993 ἐτέθη
2830 2926 2909 2986 εἰς
2953 2924 3022 2979 τὰ
3053 2924 3423 2980 Βασιλικά.Ἠ
3464 2926 3512 2997 β’
3542 2930 3685 2983 διάτ.
3732 2928 3818 2984 τοῦ

2218 3009 2269 3065 α’
2295 3012 2403 3066 τίτ.
2439 3013 2547 3067 τῶν
2590 3013 2841 3084 Νεαρῶν,
2890 3017 3007 3072 ἔστι
3053 3020 3223 3088 νεαρὰ
3245 3021 3679 3087 Ἰουστινιάνειος
3712 3022 3819 3095 ρκ’γ

2219 3108 2450 3179 κειμένη
2497 3109 2555 3162 ὲν
2604 3108 2795 3181 βιϐλίῳ
2824 3109 2865 3163 δ’
2895 3111 3004 3164 τῶν
3033 3112 3356 3168 Βασιλικῶν.
3392 3116 3468 3169 Τὸ
3505 3116 3565 3168 δὲ
3604 3116 3675 3184 ξδ’
3703 3136 3817 3186 κεφ.

2218 3201 2319 3270 τῆς
2354 3200 2523 3271 αὐτῆς
2556 3204 2758 3273 νεαρᾶς
2783 3204 2904 3275 ἦτοι
2929 3204 2989 3257 τὸ
3021 3203 3089 3275 ιγ’
3126 3224 3253 3277 κεφ.
3288 3208 3382 3261 τοῦ
3417 3210 3595 3264 αὐτοῦ
3625 3210 3817 3281 βιϐλίου

512 3287 657 3344 senti
692 3286 756 3339 l2
788 3302 909 3355 cap.
942 3289 1331 3357 compendiose
1356 3291 1641 3359 proposita
1704 3301 1836 3345 sunt
1869 3309 1883 3345 :
1915 3292 2116 3346 addens

2226 3292 2319 3345 καὶ
2363 3292 2469 3346 τίτ.
2518 3296 2684 3365 φησὶν
2734 3298 2815 3359 εἰς
2863 3297 3067 3363 πλάτος
3108 3300 3179 3354 τὰ
3227 3301 3631 3372 συνοψισθέντα
3662 3306 3738 3367 εἰς
3767 3304 3820 3355 τὸ

510 3397 607 3437 eos
638 3382 731 3451 qui
766 3380 819 3435 in
854 3394 1107 3435 sanetum
1140 3381 1387 3436 habitum
1413 3383 1681 3452 illudunt,
1709 3400 1804 3454 per
1827 3386 2120 3456 episc0pos

509 3481 566 3529 et
602 3474 961 3544 magistratus
989 3474 1200 3545 puniri.

582 3681 737 3738 CAP.
767 3681 910 3738 XIII.
939 3715 1010 3726 —
1041 3683 1117 3739 De
1156 3684 1377 3740 muliere
1414 3686 1593 3741 virilia
1644 3686 2000 3761 [indumenta]
2030 3648 2121 3760 ge:-

510 3783 627 3829 εεαη
637 3784 707 3830 te.

587 3868 820 3925 Concilii
846 3868 1183 3939 Gangrensis
1219 3885 1392 3927 canon
1423 3873 1511 3927 15.

584 3983 741 4041 CAP.
783 3982 923 4039 XIV.
957 4012 1025 4025 -—-
1055 3982 1140 4040 Ne
1173 3985 1423 4044 mulieres
1467 3988 1745 4063 religionis
1770 4010 1894 4066 ergo
1932 3996 2124 4053 deton-

514 4076 770 4132 deantur.

585 4168 821 4227 Concilii
849 4168 1187 4243 Gangrensis
1216 4188 1396 4230 canon
1434 4176 1526 4232 17.

588 4282 744 4339 CAP.
779 4281 898 4339 XV.
923 4314 993 4324 —
1019 4283 1096 4340 De
1124 4302 1184 4341 eo
1205 4290 1297 4358 qui
1328 4299 1593 4359 praetextu
1620 4292 1895 4365 religionis
1928 4294 2122 4353 liberos

514 4382 612 4429 aut
639 4383 887 4443 parentes
917 4392 1022 4429 non
1051 4376 1170 4430 alit.

587 4464 819 4521 Concilii
849 4465 1188 4538 Gangrensls
1215 4485 1397 4527 canon
1432 4471 1518 4539 15,
1559 4473 1643 4530 16.

585 4578 740 4634 CAP.
776 4578 919 4634 XVI.
951 4612 1023 4620 —
1046 4581 1364 4654 Cujusmodi
1405 4588 1589 4643 civilia
1630 4594 1842 4663 negotia
1880 4594 1959 4651 vel
1994 4612 2122 4667 pro-

517 4673 821 4727 curationes
859 4675 1102 4729 monachi
1131 4677 1276 4731 obire
1304 4683 1530 4747 possint.

590 4761 822 4818 Concilii
852 4763 1316 4827 Chalcedonensis
1370 4788 1549 4829 canon
1583 4776 1638 4832 5.
1692 4776 1837 4852 Lege
1884 4780 2117 4839 adnota-

522 4852 700 4909 tiones
732 4868 855 4925 cap.
887 4857 921 4911 5
958 4858 1041 4912 tit.
1077 4861 1110 4913 8
1142 4866 1428 4931 praesentis
1454 4868 1657 4937 Operis.

2232 3385 2407 3454 παρὸν
2440 3384 2505 3456 ιβ’
2537 3404 2663 3456 κεφ.
2695 3389 3125 3461 προστιθέμενον
3149 3393 3236 3447 διὰ
3258 3393 3367 3449 τῶν
3388 3396 3713 3451 ἐπισκόπων
3736 3396 3820 3451 καὶ

2230 3477 2339 3531 τῶν
2368 3479 2649 3550 ἀρχόντων
2682 3481 3019 3547 καλὰζεσθαι
3045 3487 3174 3550 τοὺς
3218 3487 3280 3540 τὸ
3325 3487 3481 3558 ἅγιον
3520 3492 3707 3563 σχῆμα
3733 3491 3820 3561 ὲμ-

2231 3571 2548 3638 παίζοντας.

2229 3686 2252 3747 ε
2304 3683 2557 3737 ΚΕΦΛΛ.
2599 3681 2676 3737 1Γ¹
2684 3722 2698 3739 .
2733 3715 2805 3725 —
2834 3686 2976 3756 Περὶ
3024 3689 3311 3759 γυναικὸς
3365 3693 3683 3762 φορούσης
3723 3693 3818 3748 ἀν-

2231 3775 2423 3844 epeia.

2302 3870 2533 3923 Συνόδου
2567 3871 2828 3945 Γάγγρας
2854 3874 3038 3930 κανὼν
3062 3876 3288 3942 δέκατος
3317 3879 3528 3949 τρίτος.

2305 3986 2561 4041 ΚΕΦΑΛ.
2594 3989 2789 4042 1Δ’.-
2816 3991 2956 4059 Περὶ
2998 3992 3106 4047 τοῦ
3143 3992 3233 4063 μὴ
3274 3992 3498 4064 χρῆναι
3544 3995 3816 4067 γυναῖκας

2231 4080 2660 4150 ἀποκείρεσθαι
2693 4082 2794 4138 διὰ
2817 4084 3108 4155 ἄσκησιν.

2302 4174 2532 4229 Συνόδου
2562 4176 2821 4251 Γάγγρας
2855 4179 3035 4234 κανὼν
3067 4178 3154 4247 ιζ’.

2303 4294 2559 4352 ΚΕΦΑΛ.
2591 4294 2689 4352 ΙΕ’.
2717 4329 2792 4339 -
2830 4300 2972 4370 Περὶ
3021 4301 3130 4357 τοῦ
3174 4303 3474 4374 προφάσει
3509 4305 3817 4378 ἀσκήσεως

2226 4384 2314 4456 μὴ
2345 4388 2923 4459 τεκνοτροφοῦντος,
2954 4391 2993 4462 ἢ
3020 4397 3607 4467 πατροτροέροῦντος.

2304 4479 2534 4534 Συνόδου
2563 4482 2825 4555 Γάγγρας
2857 4484 3040 4540 κανὼν
3078 4494 3159 4553 ιε’,
3194 4486 3293 4554 ις’.

2304 4596 2557 4651 ΚΕΦΑΛ.
2579 4596 2700 4667 ις’.
2723 4627 2793 4645 ρ·-
2810 4601 2963 4657 Ποῖα
2990 4606 3274 4662 πολιτικὰ
3293 4605 3633 4679 πράγματα,
3662 4608 3699 4679 ἢ
3720 4625 3815 4676 κη-

2150 4678 2196 4736 D
2227 4686 2510 4758 δεμογίας
2534 4693 2587 4745 ol
2610 4695 2869 4763 μοναχοὶ
2900 4694 3191 4752 δύνανται
3216 4678 3503 4768 μετιέναι.

2298 4783 2526 4836 Συνόδου
2557 4785 2905 4858 Χαλκηδόνος
2934 4806 3059 4860 κεφ.
3093 4789 3163 4860 γ’.
3209 4793 3508 4863 Ἀνάγνωοι
3531 4796 3601 4850 τὰ
3651 4813 3813 4865 παρα-

2224 4876 2511 4948 γραφέντα
2539 4879 2597 4933 ὲν
2626 4880 2706 4952 τῷ
2734 4880 2783 4951 γ’
2809 4899 2936 4955 κεφ.
2968 4885 3064 4941 τοῦ
3088 4894 3138 4960 η’
3161 4888 3269 4946 τιτ.
3290 4891 3385 4945 τοῦ
3411 4894 3677 4964 παρόντος
3698 4911 3811 4947 συν-

2224 4973 2527 5041 τάγματος.
