4142 6416
398 374 534 439 1157
1367 371 1857 435 NOMOCANON-
1879 397 1948 407 -
1987 374 2034 434 Τ

2059 371 2137 434 .T.
2178 372 2318 448 XII,
2365 371 2525 435 CAP.
2568 373 2619 449 Ι,
2660 374 2744 435 ΙΙ.
3557 376 3695 443 1158

1438 693 1850 781 ΤΙΤΛΟΣ
1940 690 2646 782 ΔΩΔΕΚΑΤΟΣ.

1160 878 1322 935 ΠΕΡΙ
1359 875 1781 946 ΑΙΡΕΤΙΚΩΝ,
1822 880 1946 933 ΚΑΙ
1986 880 2351 947 ΙΟΥΔΑΙΩΝ,
2392 878 2514 935 ΚΑΙ
2569 880 2923 938 ΕΛΛΗΝΩΝ.

1760 1068 1944 1079 -φι--υ
2019 1065 2090 1081 -υ

1397 1205 1871 1285 TITULUS
1950 1206 2660 1290 DUODECIMUS.

1284 1382 1393 1443 DE
1429 1383 1906 1460 HJERETICIS,
1952 1384 2253 1449 ΠΗ)Ᾰὲῐὸ
2296 1388 2399 1448 ΕΤ
2442 1386 2805 1452 PAGANIS.

443 1734 846 1791 ΚΕΦᾹΛΔΙΟΝ
873 1734 951 1791 A’.
972 1766 1044 1779 —-
1078 1736 1142 1792 Τί
1168 1736 1342 1792 ἐστιν
1366 1736 1599 1806 αἵρεσις
1622 1738 1722 1793 καί
1752 1738 1810 1793 τι
1830 1739 1967 1810 σχί-
1991 1742 2047 1803 Α

2044 1796 2047 1803 ,
2139 1736 2294 1795 CAP;
2325 1736 2368 1794 Ι.
2396 1769 2469 1780 -
2510 1738 2654 1805 Quid
2689 1738 2762 1794 sit
2797 1738 3038 1806 haeretis,
3077 1738 3205 1810 quid
3259 1738 3510 1806 schisma,
3550 1738 3680 1812 quid

369 1844 498 1901 σμα
529 1828 628 1883 καὶ
652 1829 710 1883 τί
740 1828 1252 1900 παρασυναγωγή.

2073 1831 2436 1886 adulteratam
2476 1833 2922 1888 conventiculum.

440 1922 725 1976 Βασιλείου
756 1920 938 1976 κανὼν
966 1919 1038 1978 α’,
1652 1914 1679 1919 ηκ
1736 1916 1758 1923 -ο
1777 1914 1861 1923 ιη»

1011 1919 1038 1978 ’.
1652 1914 1679 1919 “
1736 1914 1861 1923 "mm
2144 1923 2335 1978 Basilii
2376 1938 2556 1979 canon
2592 1925 2647 1981 1.

439 2035 694 2090 ΚΕΦΑΛ.
728 2032 804 2089 Β’.
824 2066 896 2075 -
926 2034 988 2088 Τί
1014 2033 1189 2088 ἐστιν
1212 2034 1529 2102 αἱρετικός.
1798 2110 1801 2113 Α
1838 2108 1839 2111 η
1878 2114 1881 2116 _

1481 2055 1529 2102 ς·
1798 2110 1801 2113 Α
1838 2108 1839 2111 η
1878 2114 1881 2116 η
2137 2040 2293 2098 CAP.
2327 2039 2393 2098 11.
2430 2074 2500 2084 -
2531 2040 2675 2108 Quid
2706 2042 2775 2097 sit
2814 2042 3117 2097 hereticus.

434 2127 665 2181 Συνόδου
695 2126 1325 2190 Κωνσταντινουπόλεως
1350 2126 1532 2181 κανὼν
1560 2125 1637 2193 ς’.

2133 2133 2365 2190 Concilii
2397 2134 2995 2205 Constantinopolitani
3026 2150 3201 2189 canon
3231 2133 3286 2190 6.

432 2222 743 2292 Κείμενον.
784 2220 849 2274 Ἦ
869 2227 916 2275 α’
937 2219 1077 2273 διάτ.
1105 2218 1202 2274 τοῦ
1230 2218 1278 2274 α’
1305 2220 1414 2275 τίτ.
1440 2219 1535 2275 τοῦ
1558 2219 1606 2274 α’
1632 2220 1839 2292 βιϐλίου
1864 2221 1961 2277 τοῦ

2140 2225 2360 2282 Textus.
2384 2228 2571 2284 Const.
2598 2228 2621 2283 1
2649 2228 2733 2282 tit.
2778 2229 2802 2280 1
2846 2227 2940 2282 lib.
2971 2226 3107 2283 Cod.
3135 2229 3242 2283 ait:
3270 2228 3373 2297 Qui
3400 2238 3672 2297 sanctam,

358 2313 613 2381 κὼδικος,
645 2314 834 2386 φησὶν,
866 2331 922 2369 κ.
944 2331 996 2368 τ.
1021 2313 1099 2380 λ.,
1133 2328 1307 2384 usque
1337 2314 1403 2368 ad
1432 2314 1581 2384 λέγει
1606 2316 1731 2380 τοὺς
1763 2317 1838 2388 μὴ
1869 2316 1960 2371 δν-

1662 2316 1731 2380 ιὺς
1763 2317 1838 2388 μὴ
1869 2316 1960 2371 δν-
2062 2326 2196 2386 etc.,
2219 2334 2383 2389 usque
2413 2318 2483 2372 ad
2512 2334 2619 2373 non
2650 2328 2903 2388 possunt,
2931 2328 2987 2371 ut
3016 2335 3141 2389 pag.
3172 2318 3298 2373 870.

357 2424 459 2470 τας
488 2406 863 2469 κοινωνικούς.
1340 2432 1341 2435 η

427 2501 711 2569 Σχόλιον.
748 2498 815 2552 Ἦ
850 2497 899 2553 α’
923 2498 1065 2555 διὰτ.
1091 2498 1187 2553 τοῦ
1218 2496 1267 2554 α’
1294 2498 1401 2552 τίτ.
1425 2497 1521 2552 τοῦ
1551 2495 1599 2552 α’
1629 2496 1835 2568 βιϐλίου
1860 2497 1954 2552 τοῦ

2132 2502 2428 2559 Scholium.
2460 2500 2696 2558 Constit.
2730 2502 2754 2556 1
2795 2501 2879 2557 tit.
2913 2500 2939 2555 1
2976 2500 3071 2557 lib.
3110 2502 3289 2558 lCod.
3332 2513 3419 2559 est
3466 2519 3589 2577 cap.
3634 2505 3657 2559 1

349 2590 609 2656 κώδικος,
644 2591 760 2645 ἐστι
803 2608 931 2662 κεφ.
963 2590 1013 2644 α’
1042 2591 1137 2645 τοῦ
1179 2589 1229 2645 α’
1253 2591 1361 2646 τίτ.
1388 2589 1483 2645 τοῦ
1524 2588 1572 2645 α’
1604 2590 1812 2662 βιϐλίου
1846 2591 1956 2645 τῶν

2060 2595 2125 2650 tit
2158 2597 2182 2650 1
2217 2595 2311 2649 lib.
2346 2611 2364 2649 ι
2394 2593 2589 2657 Basil.,
2638 2595 2785 2665 quod
2832 2595 2912 2650 sic
2940 2594 3123 2659 habet,
3156 2604 3216 2650 ut
3252 2597 3305 2650 in
3339 2605 3487 2652 textu
3514 2614 3667 2653 com—

352 2685 660 2740 Βασιλικῶν
683 2684 855 2749 οὕτως
878 2686 1000 2757 ἕχον
1029 2686 1106 2749 ὡς
1135 2686 1211 2749 εἰς
1242 2686 1303 2738 τὸ
1333 2684 1586 2754 κείμενον
1614 2685 1949 2757 συνωψίσθη.

2057 2688 2320 2758 pendiose
2345 2685 2685 2756 propositum
2714 2693 2820 2739 est.
2876 2683 3111 2740 Constit.
3145 2685 3182 2739 2
3221 2686 3301 2740 tit.
3337 2686 3370 2739 5
3414 2687 3660 2756 ejusdem

365 2779 429 2833 Ἦ
462 2776 506 2850 β’
534 2778 676 2832 διάτ.
711 2778 805 2832 τοῦ
839 2776 880 2830 ε’
906 2777 1014 2832 τίτ.
1049 2776 1144 2831 τοῦ
1188 2777 1356 2832 αὐτοῦ
1393 2776 1441 2832 α’
1475 2777 1681 2849 βιϐλίου
1712 2779 1807 2833 τοῦ
1842 2780 1953 2834 κώ-

2054 2780 2150 2835 lib.
2185 2796 2199 2833 ι
2231 2778 2366 2834 Cod.
2401 2785 2486 2833 est
2537 2778 2720 2831 thema
2758 2775 2795 2830 2
2851 2792 2971 2844 cap.
3027 2776 3093 2831 18
3118 2777 3202 2831 tit.
3233 2777 3255 2830 1
3294 2777 3428 2832 ιιι›.ι
3469 2778 3660 2847 Basil.,

350 2871 519 2937 δικος,
553 2871 669 2925 ἐστι
700 2870 844 2941 θέμα
878 2869 922 2942 β’
946 2869 1043 2924 τοῦ
1074 2868 1142 2942 ιη’
1170 2888 1294 2940 κεφ.
1324 2870 1419 2925 τοῦ
1455 2870 1502 2924 α’
1535 2872 1641 2928 τίτ.
1667 2873 1761 2927 τοῦ
1790 2872 1839 2926 α’
1862 2873 1949 2944 βι-

2053 2872 2199 2942 quod
2236 2872 2425 2926 eadem
2479 2868 2885 2937 complectitur.
2932 2866 3126 2924 Const.
3163 2867 3230 2921 12
3287 2868 3532 2937 ejusdem
3560 2870 3656 2923 lib.

352 2964 502 3017 ϐλίου
547 2965 655 3018 τῶν
706 2963 1016 3018 Βασιλικῶν
1059 2964 1127 3018 τὰ
1176 2964 1317 3018 αὐτὰ
1365 2964 1835 3036 διαλαμϐάνον.Ἡ
1882 2964 1949 3038 ιβ’

2050 2974 2105 3017 et
2137 2964 2220 3018 tiI.
2250 2961 2387 3017 Cod.
2421 2978 2528 3016 non
2557 2970 2643 3015 est
2683 2962 2861 3031 posita
2894 2960 2947 3014 in
2987 2959 3150 3015 Basil.
3187 2960 3377 3015 Const.
3432 2962 3453 3013 1
3504 2962 3586 3015 tit.
3627 2963 3663 3017 5

345 3057 490 3112 διάτ.
519 3056 614 3111 τοῦ
669 3057 837 3111 αὐτοῦ
889 3055 1100 3128 βιϐλίου
1152 3057 1247 3110 καὶ
1296 3056 1404 3112 τίτ.
1455 3057 1551 3111 τοῦ
1583 3057 1817 3124 κώδικος
1845 3061 1947 3113 οὐκ

2050 3056 2397 3110 Novellarum
2425 3053 2602 3125 posita
2626 3062 2711 3108 est
2737 3054 2790 3107 in
2849 3068 2972 3123 cap.
3029 3052 3098 3107 50
3121 3054 3204 3107 til.
3231 3056 3251 3108 1
3284 3053 3377 3108 lib.
3418 3069 3434 3108 ι
3464 3051 3661 3120 Basil.,

345 3149 514 3221 ἐτέθη
563 3150 644 3213 είς
686 3149 757 3203 τὰ
801 3148 1086 3202 Βασιλικά.
1121 3148 1187 3201 Ἥ
1220 3146 1268 3202 α’
1299 3148 1440 3203 διάτ.
1471 3146 1568 3202 τοῦ
1622 3148 1671 3220 γ’
1702 3168 1809 3205 τιτ.
1854 3151 1964 3206 τῶν

2022 3156 2041 3214 ζ
2073 3146 2284 3221 [atque]
2314 3155 2400 3202 est
2440 3146 2650 3201 novella
2681 3143 2980 3200 Iustiniani
3012 3145 3114 3201 109
3134 3187 3149 3212 ,
3180 3147 3658 3215 comprehendens

340 3242 574 3313 Νεαρῶν
622 3241 782 3314 ἐτέθη
834 3244 914 3306 είς
963 3259 1089 3313 κεφ.
1116 3240 1157 3294 ν’
1188 3240 1281 3295 τοῦ
1317 3248 1366 3296 α’
1393 3241 1499 3296 τίτ.
1526 3242 1620 3297 τοῦ
1665 3242 1713 3298 α’
1742 3244 1949 3315 βιϐλίου

2057 3246 2141 3313 (ut
2178 3242 2231 3297 in
2262 3240 2587 3311 compendio
2621 3241 2826 3309 dicam)
2861 3239 3070 3292 nullam
3106 3239 3369 3293 militiam
3403 3249 3497 3293 aut
3519 3254 3657 3309 qua-

344 3337 455 3390 τῶν
475 3336 780 3391 Βασιλικῶν
803 3335 973 3407 νεαρὰ
994 3331 1133 3389 οὖσα
1149 3335 1581 3401 Ἰουστινιάνειος
1597 3336 1695 3409 pe"
1716 3338 1871 3393 διαλα
1879 3357 1949 3411 μ-

2054 3336 2383 3405 lemcunquc
2423 3334 2698 3405 publicam
2752 3331 3094 3389 iunctionem
3142 3333 3436 3389 haereticos
3481 3333 3656 3390 obire.

345 3430 585 3484 ϐάνουσα
627 3427 702 3493 ὡς
736 3430 794 3481 ἐν
823 3428 1042 3499 συνόψει
1075 3430 1251 3482 εἰπεῖν
1272 3468 1285 3493 ,
1326 3428 1601 3500 μηδεμίαν
1631 3430 1944 3501 στρατείαν,

2054 3429 2195 3485 Dicit
2237 3436 2421 3483 autem
2470 3427 2758 3483 haereticos
2805 3442 2949 3489 esse,
2993 3428 3310 3497 quicunque
3356 3428 3411 3482 in
3460 3437 3654 3484 sancta

340 3522 375 3593 ἢ
406 3524 504 3592 τὴν
531 3521 744 3576 οίανοῦν
775 3520 1118 3592 δημοσιακὴν
1143 3521 1400 3590 φροντίδα
1433 3521 1677 3591 μετιέναι
1710 3522 1838 3586 τοὺς
1862 3522 1946 3576 αἱ-

2051 3522 2147 3578 Dei
2195 3520 2440 3577 Ecclesia
2490 3536 2586 3592 per
2639 3521 2955 3577 sacerdotes
3008 3521 3308 3591 participes
3361 3537 3469 3575 non
3517 3522 3658 3577 ﬁunt

340 3615 613 3688 ρετικούς.
651 3614 815 3685 Λέγει
841 3614 897 3668 δέ
926 3614 1240 3684 αἱρετικοὺς
1285 3609 1429 3666 εἶναι
1455 3613 1669 3677 πάντας
1698 3615 1827 3678 τοὺς
1863 3614 1942 3687 μὴ

2047 3614 2570 3669 sanetilicationum.
2618 3613 2749 3667 Item
2788 3630 2801 3667 :
2837 3613 3120 3668 Haereticis
3172 3613 3497 3668 mulieribus
3543 3629 3652 3668 non

339 3706 865 3779 μεταλαμϐάνοντας
915 3704 1026 3758 τῶν
1058 3704 1422 3775 ἀγιασμάτων
1455 3704 1565 3758 ἀπὸ
1598 3705 1706 3758 τῶν
1750 3706 1943 3776 ἱερέων

2042 3709 2244 3763 dantur
2284 3707 2569 3777 privilegia
2594 3747 2611 3772 ,
2660 3722 2784 3777 quae
2827 3707 2954 3761 data
3002 3715 3127 3761 sunt
3181 3706 3505 3761 orlhodoxis
3544 3723 3558 3762 :
3596 3716 3654 3761 ut

340 3798 481 3871 μετὰ
503 3798 602 3870 τὴν
624 3798 788 3868 ἁγίαν
808 3796 1140 3865 Ἐκκλησίαν
1161 3795 1257 3850 τοῦ
1285 3795 1422 3849 Θεοῦ
1446 3812 1460 3827 ⁸
1487 3796 1583 3849 καὶ
1607 3796 1689 3850 ὅτι
1714 3799 1835 3858 ταῖς
1859 3797 1943 3850 αἱ·

2045 3798 2343 3871 [videlicel]
2378 3800 2497 3855 vice
2536 3799 2860 3855 sulIicientis
2893 3800 2961 3854 de
3014 3800 3293 3854 dotalibus
3328 3800 3445 3855 suis
3486 3800 3655 3854 rebus

339 3893 582 3964 ρετικαϊς
614 3891 861 3960 γυναιξὶν
893 3893 955 3944 οὐ
995 3891 1232 3945 δίδονται
1280 3890 1351 3944 τὰ
1395 3889 1620 3945 δοθέντα
1667 3890 1945 3962 προνόμια

2046 3893 2495 3962 nuptialibusque
2525 3893 2695 3947 lucris
2717 3891 3013 3960 cautionis,
3038 3894 3234 3946 tacitas
3265 3902 3454 3946 contra
3480 3889 3654 3945 mari-

331 3988 455 4049 ταῖς
480 3983 785 4056 ὀρθοδόξοις
827 3984 989 4056 χάριν
1016 3984 1111 4038 τοῦ
1148 3983 1293 4054 ἐχειν
1332 3985 1624 4055 σιωπηρὲις
1657 3983 1943 4054 ὑποθήκας

2042 3994 2221 4039 torum
2258 4001 2484 4039 suorum
2535 4000 2625 4040 res
2675 3985 2913 4038 habeant
2966 3985 3327 4056 hypothecas,
3377 3992 3545 4054 atque
3593 3984 3648 4038 in

332 4081 478 4136 κατὰ
520 4080 632 4135 τῶν
665 4080 879 4152 ἀνδρῶν
913 4080 1093 4135 αὐτῶν
1130 4078 1498 4151 πραγμάτων,
1539 4079 1699 4150 νικᾷν
1743 4078 1801 4132 δέ
1846 4079 1942 4132 καὶ

1940 4117 1942 4128 ,
2044 4077 2364 4151 hypotheeis
2388 4076 2561 4131 etiam
2595 4079 2940 4147 antiquiores
2964 4076 3188 4131 vincant
3218 4076 3543 4132 creditores.
3574 4142 3576 4145 ι

329 4177 458 4239 τοὺς
484 4174 949 4246 προγενεστέρους
982 4173 1390 4246 ⁵ἐνυποθήκους
1416 4171 1709 4237 δανειστὰς
1736 4171 1819 4237 είς
1891 4169 2162 4226 ἱκάνωσιν
2210 4168 2340 4233 ,τῶν
2365 4168 2740 4241 προικιμαίων
2782 4169 3129 4241 πραγμάτων
3159 4168 3343 4222 αὐτῶν
3365 4207 3381 4234 ,
3415 4167 3511 4222 καὶ
3541 4166 3655 4222 τῶν

339 4271 596 4344 γαμικῶν
634 4270 866 4343 κερδῶν.

395 4434 711 4503 Κείμενον.
750 4434 841 4488 Ἐν
884 4431 1080 4488 πλάτει
1126 4432 1185 4487 δὲ
1228 4432 1298 4489 τὰ
1331 4432 1462 4505 περὶ¹
1496 4431 1608 4485 τῶν
1635 4428 1933 4503 αἱρετικῶν
1960 4366 2004 4426 c

2117 4426 2341 4497 Tenus.
2384 4423 2556 4482 Porro
2601 4440 2723 4495 qua:
2767 4422 2835 4479 de
2876 4421 3171 4490 haereticis,
3210 4432 3345 4494 cte.,
3386 4442 3554 4489 usque
3571 4427 3642 4481 ad

323 4525 625 4597 ἀνήνεκται
668 4526 727 4578 ἐν
771 4522 851 4595 τῷ
894 4521 937 4577 ε’
964 4524 1097 4588 τίτ.,
1129 4541 1186 4579 κ.
1211 4541 1263 4577 τ.
1290 4523 1368 4584 λ.,
1406 4537 1581 4592 usque
1614 4521 1679 4575 ad
1725 4519 1823 4575 καὶ
1850 4519 1934 4573 ὅτι

1468 4537 1581 4592 ,que
1614 4521 1679 4575 ad
1725 4519 1823 4575 καὶ
1850 4519 1934 4573 ὅτι
2036 4520 2240 4576 audere
2269 4526 2538 4591 oporteat,
2564 4527 2622 4572 ut
2653 4534 2778 4589 pag.
2813 4514 2946 4581 870,
2977 4516 3104 4572 871.

321 4615 478 4670 οὐδὲν
522 4616 712 4680 αὐτοῖς
751 4614 837 4669 δεῖ
882 4614 1090 4687 τολμᾷν
1137 4613 1282 4668 κατὰ
1328 4611 1696 4685 Χριστιανῶν.

393 4730 677 4798 Σχόλιον.
717 4728 777 4782 '0
827 4726 869 4781 ε’
902 4727 1012 4786 τίτ.
1060 4726 1157 4782 τοῦ
1204 4725 1252 4781 α’
1299 4725 1509 4798 βιϐλίου
1552 4723 1648 4779 τοῦ
1695 4722 1932 4787 κώδικος

2107 4739 2407 4798 Scholium.
2440 4741 2551 4797 'l‘it.
2611 4741 2646 4797 5
2699 4741 2797 4796 lib.
2830 4757 2847 4796 ι
2891 4739 3027 4796 Cod.
3062 4739 3279 4812 positus
3309 4746 3395 4795 est
3424 4737 3494 4794 ab
3525 4738 3637 4795 ini-

320 4823 484 4894 ἐτέθη
512 4823 609 4877 ἀπ’
637 4824 813 4895 ἀρχῆς
857 4823 961 4893 τῆς
1009 4821 1054 4894 β’
1085 4821 1230 4877 διὰτ.
1282 4823 1365 4886 είς
1408 4819 1502 4874 τὸν
1537 4816 1587 4873 α’
1613 4816 1722 4875 τίτ.
1754 4818 1850 4871 τοῦ
1878 4815 1926 4871 α’

2033 4837 2110 4892 ιὶο
2139 4847 2321 4890 const.
2357 4834 2394 4889 2
2429 4833 2486 4890 in
2536 4834 2621 4891 tit.
2662 4835 2688 4890 1
2743 4835 2836 4890 lib.
2891 4850 2910 4890 ι
2960 4834 3155 4897 Basil.,
3192 4832 3356 4901 cujus
3403 4831 3471 4887 18
3508 4847 3634 4904 cap.

321 4912 533 4982 βιϐλίου
563 4913 676 4967 τῶν
704 4914 1033 4980 Βασιλικῶν,
1072 4914 1164 4968 καί
1196 4930 1331 4984 φησι
1378 4911 1441 4967 τὸ
1490 4909 1556 4982 ιη’
1590 4928 1718 4981 κεφ.
1756 4909 1925 4963 αὐτοῦ

2031 4930 2137 4985 ait:
2191 4928 2447 4984 Hazrelici
2500 4944 2569 4983 ne
2599 4928 2860 4991 doceant,
2900 4943 3082 4998 neque
3127 4926 3509 4982 ordinationes
3550 4925 3636 4982 fa-

323 5005 401 5076 μὴ
455 5006 728 5063 διδάσκειν
782 5011 913 5073 τοὺς
968 5008 1327 5080 αἱρετικοὺς,
1383 5006 1521 5079 μηδὲ
1586 5004 1928 5077 χειροτονίας

2029 5025 2196 5079 ciant.
2256 5023 2369 5079 19:
2410 5021 2663 5078 Haeretici
2708 5021 3138 5092 supplicationes
3186 5034 3256 5075 ne
3303 5018 3545 5072 faciant:
3579 5027 3636 5073 et

319 5099 517 5153 ποιεῖν.
559 5098 634 5152 Τδ
685 5096 750 5153 ιθ¹
789 5098 865 5170 μὴ
907 5098 1213 5154 λιτανεύειν
1261 5097 1603 5170 αἱρετικοὺς,
1634 5096 1731 5149 καὶ
1775 5094 1925 5148 ἐκδι-

2026 5132 2150 5187 quae
2177 5116 2247 5171 ab
2290 5115 2427 5187 ipsis
2475 5115 2597 5172 loca
2630 5114 2975 5179 detinentur,
3021 5112 3092 5168 ab
3136 5110 3398 5167 Ecclesiis
3452 5109 3635 5165 vindi-

316 5190 531 5244 κεῖσθαι
584 5192 714 5256 τοὺς
786 5193 940 5263 παρὰ
995 5191 1205 5247 τούτων
1264 5192 1667 5263 κατεχομένους
1723 5188 1925 5251 τόπους

2023 5220 2242 5267 centur.
2274 5208 2347 5265 20
2381 5207 2704 5265 :Manichzei
2750 5216 2805 5262 et
2852 5204 3154 5262 Donatista:
3194 5203 3630 5260 orthodoxorum

315 5282 466 5353 παρὰ
513 5282 625 5338 τῶν
646 5284 1010 5357 Ἐκκλησιῶν.
1059 5285 1134 5338 Τὸ
1183 5282 1233 5338 κ’
1265 5284 1341 5357 μὴ
1385 5284 1531 5355 ἔχειν
1576 5283 1704 5348 τοὺς
1748 5284 1925 5338 Μανι-

2024 5303 2310 5375 privilegia
2347 5316 2419 5357 ne
2460 5301 2722 5367 habeant,
2752 5306 2808 5354 at
2853 5313 2988 5355 vero
3019 5310 3281 5369 supremo
3313 5294 3625 5349 adiciantur

312 5376 504 5448 χαίους
553 5376 650 5431 καὶ
694 5378 820 5440 τοὺς
856 5379 1186 5444 Δονατιστὰς
1215 5379 1287 5432 τὰ
1318 5378 1589 5451 προνόμια
1625 5377 1735 5431 τῶν
1764 5374 1923 5445 ὀρθο-

2022 5374 2315 5461 supplicio.
2342 5389 2405 5444 2|
2448 5407 2462 5443 :
2500 5387 2754 5445 [heretici
2794 5386 2864 5441 de
2893 5386 3212 5442 civitatibus
3250 5382 3545 5454 pellantur,
3571 5396 3627 5437 et

312 5467 501 5534 δόξων,
533 5467 672 5522 ἀλλὰ
722 5470 818 5524 κα)⁸
864 5471 1113 5542 ἐσχάτως
1165 5470 1559 5542 τιμωρεῖσθαι.
1596 5469 1671 5522 Τὸ
1701 5467 1787 5523 κα⁹
1822 5470 1917 5522 ἐκ·

2020 5498 2142 5552 quae
2186 5496 2521 5552 quorunque
2558 5480 2724 5536 modo
2754 5478 3044 5543 Ecclesiis,
3072 5493 3196 5548 quae
3227 5471 3497 5549 [quidem]
3550 5473 3620 5528 ab

312 5560 606 5616 ϐάλλεσθαι
637 5563 747 5617 ἀπὸ
786 5563 897 5619 τῶν
942 5564 1153 5617 πόλεων
1181 5564 1313 5627 τοὺς
1346 5564 1663 5632 αἱρετικοὺς
1692 5562 1788 5616 καὶ¹
1823 5564 1919 5616 ἐκ·

2020 5573 2128 5628 illis
2165 5574 2429 5628 audacter
2468 5569 2595 5643 {ita]
2629 5579 2920 5639 vocantur,
2956 5569 3146 5624 relicta
3182 5574 3333 5631 sunt,
3361 5580 3390 5619 a
3422 5564 3620 5619 catho—

310 5650 576 5706 δικεῖσθαι
610 5656 763 5726 παρὰ
807 5656 911 5725 τῆς
957 5654 1254 5727 καθολικῆς
1281 5653 1611 5726 Ἐκκλησίας
1641 5656 1711 5709 τὰ
1738 5671 1915 5708 κατα-

2016 5666 2119 5721 lica
2153 5664 2399 5719 Ecclesia
2433 5662 2807 5719 vindicentur.
2841 5660 2975 5729 Qua:
3008 5662 3075 5714 de
3100 5656 3387 5715 curialium
3422 5654 3616 5712 olliciis

310 5743 697 5817 λιμπανὸμενα
725 5749 1087 5820 ὁπωσδήποτε
1134 5753 1254 5815 ταῖς
1282 5750 1586 5821 τολμηραῖς
1611 5750 1704 5803 ὑπ’
1726 5747 1908 5802 αὐτῶν

2018 5757 2241 5813 disserit
2271 5755 2490 5811 conslit.
2525 5756 2554 5807 7
2609 5756 2693 5809 tit.
2723 5754 2757 5809 5
2792 5755 2885 5809 lib.
2923 5770 2944 5808 ι
2987 5750 3126 5807 Cod.
3160 5766 3270 5805 non
3308 5758 3393 5805 est
3435 5746 3616 5819 posita

309 5839 631 5913 λεγομέναις
670 5844 1051 5915 Ἐκκλησίαις.
1086 5844 1155 5898 Ἢ
1181 5843 1336 5917 ,περὶ
1382 5843 1490 5897 τῶν
1543 5839 1910 5912 βουλευτικῶν

2023 5847 2077 5903 in
2120 5845 2309 5914 Busil.,
2349 5862 2525 5917 neque
2554 5856 2731 5904 const.
2779 5846 2811 5901 8
2842 5844 3086 5916 ejusdem
3138 5845 3223 5900 tit.
3254 5850 3311 5899 et
3337 5840 3461 5910 lib.,
3492 5852 3617 5910 quae
