4142 6426
602 350 741 421 1159

1779 347 2049 411 ΡΗΟΤΙΙ
2089 347 2604 412 ΡΛΤΠΙΑΗΕΗᾹΞ
2641 352 2753 417 CP.

3766 363 3885 433 1160

608 463 824 531 statuit,
856 478 926 521 ne
976 463 1044 518 ab
1087 460 1365 518 haereticis
1397 458 1737 516 monasteria
1772 467 2187 521 construantur,

2298 457 2655 531 λειτουργιῶν
2700 460 2744 526 ζ’
2786 462 2927 521 διάτ.
2960 465 3058 521 τοῦ
3095 466 3138 521 ε’
3162 469 3265 526 τίτ.
3305 470 3408 526 τοῦ
3467 480 3521 527 α’
3567 472 3764 544 βιϐλίου
3801 479 3882 531 τοῦ

605 567 785 622 neque
814 554 880 607 ad
914 553 1166 606 militiam
1207 551 1504 620 aspiretur.
1547 545 1824 620 [Interim]
1861 556 2045 599 tamen
2072 559 2195 613 cap.

607 641 681 697 '25
713 643 794 697 tit.
831 642 854 695 1
898 641 992 696 lib.
1030 640 1240 695 tBasil.
1289 641 1363 694 ait
1407 657 1420 693 :
1463 637 1889 707 Apollinaristze,
1926 635 2020 704 qui
2058 650 2189 688 san-

600 734 705 788 ctis
740 745 976 804 quatuor
1007 731 1256 786 conciliis
1307 744 1413 783 non
1448 726 1735 791 obediunt,
1774 735 1823 781 et
1867 726 2187 796 quicunque

602 836 793 882 contra
832 836 1084 881 sanctum
1137 822 1586 878 Cltalccdonettse
1636 820 1933 875 concilium
1977 828 2071 873 aut
2103 818 2192 873 di-

605 933 730 973 cere
756 916 1038 987 quidpiam
1078 915 1160 969 vel
1195 915 1415 977 docere,
1452 923 1547 966 aut
1589 911 1793 981 scripta
1826 913 2063 966 retinere
2095 926 2198 964 au-

603 1010 755 1073 dent,
790 1024 820 1063 a
863 1008 1118 1078 praesenti
1159 1006 1560 1061 constitutione
1605 1005 1770 1060 (lictis
1822 1003 2196 1073 subjiciuntur

598 1102 800 1171 poenis.
853 1098 989 1170 Cap.
1021 1098 1092 1154 24
1134 1100 1248 1153 ait:
1285 1098 1571 1169 Legitimis
1618 1097 1861 1152 haeretici
1900 1097 2193 1151 traduntor

599 1192 923 1263 srpulturis.
972 1189 1236 1261 Ejusdem
1290 1187 1466 1261 [vero]
1507 1204 1632 1260 cap.
1703 1189 1889 1242 thema
1927 1187 1963 1242 2
2010 1189 2190 1242 dicit:

601 1280 939 1334 Manichaaus
989 1280 1043 1333 in
1084 1279 1205 1333 loco
1251 1275 1505 1332 Romano
1552 1276 1750 1347 degere
1783 1276 2191 1347 deprehensus,

595 1368 921 1424 decollator.
967 1367 1073 1421 Et:
1112 1364 1369 1420 Περι-διὶοἰ
1402 1365 1643 1419 honores
1674 1380 1783 1419 non
1833 1379 2191 1434 consequun-

597 1470 710 1527 tur,
752 1471 805 1514 et
825 1460 1086 1530 deinceps
1108 1457 1352 1531 [caetera]
1391 1474 1514 1528 quae
1546 1458 1599 1512 in
1627 1466 1777 1513 textu
1800 1458 2193 1529 compendiose

595 1563 727 1609 sunt
758 1553 1060 1624 proposita.
1114 1552 1247 1621 Cap.
1313 1550 1384 1605 9.5
1435 1551 1551 1606 haec
1585 1550 1815 1605 statuit:
1851 1549 1907 1604 Si
1940 1561 2193 1621 parentes

595 1642 830 1697 diversa:
878 1640 1003 1695 ﬁdei
1057 1650 1223 1711 atque
1256 1640 1540 1709 religionis
1589 1640 1726 1702 sint,
1773 1638 1895 1705 ejus
1934 1638 2191 1693 voluntas

594 1734 788 1807 [atque
833 1734 1170 1790 desiderium
1217 1734 1270 1787 in
1300 1731 1680 1806 successione]
1734 1733 2052 1804 prtevaleto,
2095 1733 2190 1804 qui

591 1828 739 1881 inter
764 1826 906 1881 ﬁlios
940 1826 1302 1882 orthodoxam
1328 1825 1490 1879 [idem
1518 1825 1751 1895 suscipit
1790 1842 1803 1880 :
1839 1824 2057 1878 tametsi
2089 1839 2187 1894 pa-

595 1927 678 1973 ter
730 1919 805 1972 sit
853 1919 945 1988 qui
999 1918 1361 1972 contradicat.
1412 1917 1601 1987 Neque
1638 1933 1768 1973 vero
1799 1916 1870 1989 [is
1898 1916 2048 1989 ﬁliis]
2106 1915 2189 1972 id-

593 2011 745 2065 circo
784 2025 1141 2075 succensens,
1190 2012 1500 2065 ιιοοιιεεειιὶτι
1541 2011 1693 2082 ipsos
1736 2010 1995 2064 alimonia
2037 2011 2190 2065 aliis-

592 2115 661 2156 ve
693 2101 1023 2157 necessariis
1056 2103 1371 2172 sumptibus
1403 2105 1653 2173 privato:
1683 2104 1776 2158 sed
1810 2118 1989 2174 neque
2022 2102 2189 2156 ullam

590 2193 755 2247 aliam
806 2190 970 2265 [suas]
1014 2193 1066 2246 in
1101 2195 1224 2249 illos
1264 2194 1361 2248 ira!
1407 2210 1632 2250 causam
1683 2204 2012 2265 praetexens,
2063 2195 2189 2249 data

589 2287 719 2340 dote
750 2296 1042 2357 propterve
1087 2287 1308 2357 nuptias
1331 2286 1654 2354 donatione,
1679 2287 2009 2343 orthodoxis
2039 2287 2190 2359 ipsos

590 2380 845 2449 personis
906 2380 960 2433 in
992 2380 1415 2435 matrimonium
1476 2381 1821 2451 conjungito.
1878 2380 1949 2436 Ut
2006 2390 2190 2436 autem

591 2472 748 2526 liberi
780 2473 1073 2527 orthodoxi
1105 2474 1150 2527 si
1181 2474 1315 2544 quid
1357 2474 1412 2528 in
1447 2484 1703 2543 parentes
1749 2475 2038 2530 haereticos
2062 2489 2190 2544 pec-

589 2577 740 2630 cent,
782 2567 1105 2635 puniantur,
1159 2582 1267 2619 non
1294 2575 1379 2621 est
1430 2576 1844 2634 transumptutn
1892 2568 1946 2622 in
1994 2568 2185 2634 Basil.,

590 2658 753 2729 cujus
786 2657 1085 2731 [profecto]
1118 2660 1284 2713 etiam
1320 2662 1397 2714 rei
1436 2676 1605 2717 causa
1632 2660 1853 2715 illorum
1887 2661 2189 2716 architecto

587 2753 778 2823 gratia;
819 2750 1161 2825 [debentur],
1205 2753 1341 2823 Cap.
1413 2754 1480 2808 18
1514 2755 1601 2809 tit.
1630 2756 1651 2808 1
1691 2755 1786 2810 lib.
1818 2771 1834 2809 ι
1864 2753 2031 2810 Basil.
2061 2755 2137 2809 ait
2172 2775 2184 2811 :

586 2846 735 2901 Nulli
767 2846 996 2900 omnino
1036 2848 1278 2902 haeretici
1324 2863 1506 2919 neque
1554 2848 1842 2903 interdicta
1901 2849 2188 2904 conventi-

585 2941 735 3008 cula,
765 2957 943 3012 neque
982 2941 1293 2998 adulterata
1323 2942 1658 3013 baptismata
1696 2944 2051 2997 celebranto:
2086 2957 2189 2998 nec

586 3033 701 3089 ullo
734 3035 900 3089 modo
929 3034 1268 3091 adorandam
1299 3035 1761 3105 communionem
1795 3036 2063 3106 attingere
2086 3051 2188 3089 au-

584 3129 790 3184 dento:
836 3142 938 3183 nec
966 3129 1019 3182 in
1048 3130 1251 3199 quibus
1292 3129 1428 3185 locis
1459 3129 1709 3185 omcinas
1738 3129 1962 3197 habent,
1996 3144 2183 3185 eorum

2304 551 2533 617 κὼδικος
2582 555 2875 629 οὑκ-ἐτέθη
2910 559 2992 623 είς
3029 560 3097 615 τὰ
3134 561 3423 621 Βασιλικά.
3456 566 3598 621 Οὐδὲ
3626 569 3659 639 ὴ
3684 566 3731 640 η’
3760 569 3880 627 διάτ.

2300 643 2397 697 τοῦ
2443 645 2609 698 αὐτοῦ
2651 647 2759 703 τίτ.
2792 651 2887 704 καὶ
2922 651 3034 721 βιὸ.
3066 655 3099 725 ἡ
3143 655 3500 730 διοριζομένη
3549 659 3627 731 μὴ
3664 662 3884 730 γίνεσθαι

2301 737 2453 807 παρὰ
2478 737 2588 791 τῶν
2612 740 2911 811 αἱρετικῶν
2934 749 3293 818 μοιιαστὴρια,
3316 751 3460 823 μηδὲ
3487 753 3880 824 στρατεύεσθαι.

2300 829 2377 885 Τὸ
2407 837 2491 899 κγ’
2523 848 2649 902 κεφ.
2685 835 2779 887 τοῦ
2814 834 2863 888 α’
2887 839 2993 891 τίτ.
3020 838 3116 893 τοῦ
3142 839 3191 893 α’
3224 841 3434 913 βιϐλίου
3465 844 3580 897 τῶν
3606 846 3884 901 Βασιλικῶν

2300 938 2486 990 φησιν,
2508 926 2555 977 οί
2571 924 3020 999 Ἀπολιναρισταὶ
3046 930 3121 1003 μὴ
3143 935 3261 996 ταῖς
3284 935 3479 1003 ἁγίαις
3504 934 3766 1009 τέσσαρσι
3790 956 3887 991 σνν-

2296 1013 2438 1077 όδοις
2470 1016 2805 1086 πειθόμενοι,
2833 1023 2927 1074 καὶ
2958 1022 3073 1076 ὅσοι
3101 1025 3243 1080 κατὰ
3275 1027 3373 1098 τῆς
3404 1029 3579 1096 ἁγίας
3612 1033 3669 1082 ἐν
3690 1031 3888 1101 Χαλκη-

2296 1105 2408 1159 δόνι
2437 1109 2658 1163 συνόδου
2686 1111 2921 1181 ἢλέγειν
2943 1115 3072 1187 τι,ῆ
3100 1116 3397 1185 διδάσκειν,
3424 1120 3460 1192 ἦ
3495 1124 3888 1194 συγγράμματα

2297 1202 2600 1273 κεκτῆσθαι
2660 1205 2925 1277 τολμῶσι,
2975 1212 3097 1273 ταῖς
3146 1212 3475 1282 εἰρημέναις
3532 1218 3605 1285 τῇ
3658 1216 3891 1289 παρούσῃ

2295 1295 2436 1348 διάτ.
2472 1298 2767 1369 τιμωρίαις
2800 1300 3313 1360 ὑποϐαλλέσθωσαν.
3335 1307 3411 1359 Τὸ
3447 1304 3532 1359 κδ’
3564 1324 3695 1376 κεφ.
3721 1310 3889 1380 φησὶν,

2294 1391 2418 1452 ταῖς
2437 1391 2855 1462 νενομισμέναις
2873 1395 3143 1464 αἱρετικοὶ
3165 1397 3666 1468 παραδιδόσθωσαν
3685 1403 3887 1469 ταφαῖς.

2296 1484 2370 1537 Τὸ
2401 1483 2445 1555 β’
2476 1484 2620 1558 θέμα
2654 1487 2747 1541 τοῦ
2780 1490 2949 1543 αὐτοῦ
2981 1509 3106 1560 κεφ.
3136 1492 3308 1561 λέγει,
3336 1495 3658 1565 Μανιχαῖος
3687 1496 3743 1548 ὲν
3775 1496 3887 1549 Ῥω-

2298 1580 2481 1650 μαῖκῴ
2509 1580 2660 1651 τόπῳ
2693 1582 2898 1652 διάγων
2923 1584 3113 1655 ὀφθεὶς
3141 1588 3549 1659 ἁποτεμνέσθω
3569 1630 3582 1651 ,
3621 1592 3714 1641 καὶ
3745 1590 3880 1642 ὅτιοὶ

2295 1675 2569 1743 αἱρετικοὶ
2601 1676 2662 1729 οὺ
2691 1678 2932 1746 γίνονται
2964 1678 3326 1750 ἀξιωματικοὶ
3351 1725 3364 1747 ,
3396 1682 3498 1735 καὶ
3530 1683 3621 1753 ἐφ’
3652 1680 3774 1753 ἑξῆς
3798 1684 3884 1737 ὅσα

2299 1768 2718 1840 συνωψίσθησαν
2744 1772 2825 1835 εἰς
2859 1772 2922 1825 τὸ
2946 1774 3217 1845 κείμενον.
3238 1776 3312 1829 Τὸ
3345 1773 3428 1830 κε’
3456 1795 3586 1845 κεφ.
3613 1777 3885 1849 διορίζεται

2220 1848 2267 1910 Β
2299 1858 2501 1911 ταῦτα’
2533 1860 2745 1915 Γονέων
2772 1862 2829 1915 δὲ
2852 1863 3118 1935 διαφόρου
3151 1865 3388 1929 πίστεως
3417 1867 3600 1921 ὄντων
3635 1870 3725 1922 καὶ
3766 1869 3883 1937 θρη·

2296 1950 2507 2016 σκείας,
2542 1952 2755 2005 ἐκείνου
2794 1953 2998 2023 μᾶλλον
3050 1956 3083 2026 ἡ
3126 1956 3323 2027 γνώμη
3371 1958 3656 2029 κρατείτω
3688 1957 3775 2009 τοῦ
3802 1957 3883 2027 τὴν

2294 2042 2579 2115 ὁρθόδοξον
2630 2044 2718 2098 ἐπ’
2748 2046 2935 2111 αὐτοῖς
2980 2048 3380 2120 ἀναιρουμένου
3427 2051 3644 2114 πίστιν,
3677 2051 3774 2103 κᾶν
3811 2050 3880 2119 εἴη

2295 2138 2482 2208 πατὴρ
2510 2139 2539 2191 ὁ
2567 2138 2901 2209 ἀντιλέγων,
2939 2142 3013 2212 μὴ
3054 2142 3306 2197 ἐντεῦθεν
3332 2143 3389 2198 δὲ
3426 2144 3759 2213 ἀγανακτῶν
3795 2143 3880 2211 τῆς

2292 2230 2605 2299 ἀναγκαίας
2653 2231 2853 2296 αὐτοὺς
2906 2234 3169 2305 στερείτω
3218 2237 3454 2309 τροφῆς,
3496 2236 3531 2309 ἢ
3582 2237 3691 2289 τῶν
3734 2235 3883 2290 ἄλλων

2293 2325 2613 2394 ἀναγκαίων
2648 2326 3089 2399 δαπανημάτων’
3124 2328 3259 2383 ἀλλὰ
3288 2330 3381 2384 καὶ
3412 2332 3626 2403 προῖκα
3650 2327 3878 2396 διδοὺς,ἥ

2292 2418 2585 2490 προγάμου
2644 2418 2852 2491 δωρεὰν
2917 2419 3221 2493 ὀρθοδόξοις
3284 2422 3492 2485 αὐτοὺς
3556 2418 3881 2483 συνοικιζέτω

2293 2508 2644 2580 προσώποις,
2677 2510 2951 2582 μηδεμίαν
2984 2514 3179 2586 ἑτέραν
3210 2515 3379 2586 ὀργῆς
3415 2514 3544 2568 κατ’
3568 2514 3745 2568 αὐτῶν
3769 2530 3879 2581 προ-

2292 2603 2625 2674 ϐαλλόμενος
2654 2606 2950 2675 πρόφασιν.
2988 2607 3061 2659 Τὸ
3088 2607 3144 2660 δὲ
3174 2607 3550 2679 τιμωρεῖσθαι
3585 2610 3710 2670 τοὺς
3742 2606 3877 2678 ὀρθο-

2290 2693 2477 2759 86309;
2508 2696 2707 2759 παῖδας
2727 2696 3187 2768 πλημμελοῦντας
3208 2701 3348 2753 κατὰ
3369 2698 3679 2770 αἱρετικῷν
3701 2697 3877 2767 γονέων

2291 2782 2393 2834 οὐκ
2428 2781 2701 2854 ἐξελήφθη
2732 2787 2811 2847 είς
2838 2788 2908 2839 τὰ
2938 2787 3239 2852 Βασιλικὰ,
3276 2791 3369 2842 καὶ
3400 2790 3573 2861 χάρις
3616 2788 3694 2860 τῷ
3731 2786 3876 2839 ταῦτα

2295 2874 2629 2946 συνθεμένῳ,
2659 2876 2754 2930 καὶ
2785 2878 2924 2950 ὑπὲρ
2955 2879 3168 2935 τούτου.
3203 2882 3277 2935 Τὸ
3319 2880 3403 2953 κη’
3440 2899 3575 2951 κεφ.
3610 2880 3703 2934 τοῦ
3735 2878 3777 2933 α’
3809 2880 3876 2948 βι-

2293 2966 2444 3019 ϐλίου
2475 2968 2586 3023 τῶν
2613 2970 2921 3024 Βασιλικῶν
2956 2990 3113 3043 φησι,
3140 2975 3341 3039 πάντες
3366 2977 3613 3045 γενικῶς
3640 2978 3686 3029 oi
3711 2976 3877 3045 αἱρετι-

2292 3062 2379 3114 κοὶ
2401 3062 2540 3133 μήτε
2574 3065 3000 3135 παρασυνὰξεις,
3042 3068 3075 3139 ἢ
3113 3069 3636 3141 παραϐαπτίσματα
3661 3069 3875 3122 ποιείτω-

2296 3170 2415 3217 σαν,
2444 3154 2583 3225 μήτε
2606 3155 2706 3225 τῆς
2733 3160 3120 3230 προσκυνητῆς
3151 3161 3286 3225 ὅλως
3311 3162 3609 3225 κοινωνίας
3627 3158 3876 3231 τολμάτω-

587 3219 894 3291 privilegiis
958 3230 1228 3277 utuntor:
1276 3220 1528 3294 [alioqui]
1583 3238 1775 3277 eorum
1826 3222 1919 3293 qui
1976 3223 2187 3295 legibus

2294 3260 2393 3297 σαν
2429 3246 2699 3300 ἅπτεσθαι
2720 3290 2735 3313 ,
2787 3248 2820 3320 ἢ
2865 3252 2978 3313 τοῖς
3009 3251 3118 3305 τῶν
3149 3252 3291 3321 ὅρων
3318 3254 3646 3328 προνομίοις
3665 3295 3679 3319 ,
3706 3252 3784 3321 ἐφ’
3808 3243 3873 3311 οἷς

589 3312 983 3376 adversantur,
1044 3328 1237 3383 poenas
1306 3323 1630 3369 metuunto:
1682 3314 1779 3385 qui
1841 3313 1994 3385 [vero
2055 3314 2186 3388 illis,l

585 3404 732 3459 aedes
768 3418 898 3457 snas
942 3407 1166 3474 prmbct,
1221 3407 1495 3475 przedictis
1531 3407 1712 3477 pomis
1755 3407 2027 3463 obnoxius
2081 3418 2185 3463 est.

586 3498 847 3550 Omnium
901 3498 1132 3551 minime
1185 3496 1539 3553 Mor-lanistae
1600 3515 1936 3569 quemquam
1991 3517 2185 3555 eorum

586 3590 782 3660 quiab
815 3589 950 3659 ipsis
996 3601 1088 3643 aut
1136 3590 1464 3660 patriarcha:
1518 3600 1610 3645 aut
1659 3592 2185 3658 communicaturus,

588 3690 686 3737 aut
731 3683 1000 3752 episcopi,
1049 3692 1145 3737 aut
1177 3683 1508 3754 prehysteri,
1554 3695 1648 3738 aut
1700 3685 1918 3739 diaconi
1975 3702 2191 3741 nuncu-

592 3786 815 3847 patitur,
847 3773 1329 3846 Constantinopoli
1366 3776 1604 3831 habento
1633 3795 1646 3831 :
1686 3786 1851 3846 atque
1879 3778 2021 3832 intra
2052 3779 2189 3835 lines

596 3868 720 3938 cjus
768 3877 994 3938 propter
1032 3867 1311 3940 subjectas
1342 3874 1542 3940 cuique
1573 3867 1701 3942 [rei]
1738 3870 1979 3927 rationes
2022 3887 2189 3942 nego-

588 3961 750 4027 tiari,
811 3963 1051 4017 lascivos
1104 3970 1283 4018 cretus
1328 3963 1567 4033 impiare
1597 3966 1849 4019 convitia
1881 3965 2184 4032 celebrare,

588 4062 645 4107 ιι
674 4054 947 4123 mancipia
995 4055 1228 4108 mercari
1260 4055 1643 4125 prohibentor.
1675 4055 1745 4110 29
1772 4072 1893 4126 cap.
1936 4057 2185 4127 ejusdem

589 4146 687 4201 lib.
715 4158 771 4202 et
800 4147 887 4202 tit.
916 4150 1185 4203 insertum
1207 4156 1294 4203 est
1320 4151 1385 4201 ad
1420 4149 1583 4203 ﬁnem
1613 4165 1735 4219 cap.
1783 4151 1806 4203 1
1841 4152 1924 4204 tit.
1954 4152 2008 4217 9,
2039 4150 2186 4219 quod

592 4240 769 4309 legas.
819 4237 1027 4295 Statuit
1073 4238 1311 4312 [autem]
1348 4256 1415 4295 ne
1469 4242 1718 4296 literctici
1760 4252 1951 4297 contra
1997 4246 2187 4299 ortho-

586 4334 763 4389 doxos
829 4335 1212 4390 testimonium
1261 4334 1466 4388 dicant.
1517 4333 1752 4391 Constil.
1803 4334 1839 4387 2
1869 4336 1951 4391 tit.
2002 4336 2035 4390 8
2074 4334 2186 4393 No-

588 4428 855 4483 vcllarum
915 4438 1000 4484 est
1051 4427 1269 4483 novella
1314 4426 1619 4483 Justiniani
1689 4428 1781 4482 4‘2.
1832 4430 1949 4484 lloc
2000 4440 2183 4486 autem

584 4522 706 4593 ejus
749 4537 871 4593 cap.
905 4538 1012 4578 non
1055 4532 1141 4578 est
1180 4524 1420 4593 positum
1471 4523 1525 4576 iu
1576 4522 1745 4578 Basil.
1794 4523 1903 4578 Tit.
1960 4524 1992 4578 9
2026 4524 2120 4579 lib.
2164 4541 2180 4580 ι

588 4617 731 4671 Cod.
762 4617 971 4686 positus
1003 4627 1089 4673 est
1126 4619 1179 4671 in
1243 4632 1366 4687 cap.
1427 4617 1498 4671 52
1549 4617 1632 4669 tit.
1667 4616 1691 4669 1
1727 4616 1824 4671 lib.
1859 4633 1875 4671 ι
1908 4615 2073 4672 Basil.
2113 4619 2181 4674 Et

582 4724 708 4778 qua:
756 4709 811 4762 in
871 4708 1199 4780 compendio
1256 4725 1286 4764 a
1328 4709 1640 4780 patriarcha
1692 4719 1822 4764 sunt
1874 4711 2179 4779 proposita,

580 4812 713 4856 sunt
738 4802 986 4872 ejusdem
1031 4806 1113 4859 tit.
1154 4811 1204 4858 et
1262 4802 1382 4864 Ιώ..
1422 4817 1547 4874 cap.
1580 4800 1672 4869 52,
1707 4801 1797 4868 55,
1833 4802 1926 4871 54,
1959 4802 2051 4870 55,
2089 4803 2181 4873 '56,

579 4895 675 4961 57,
710 4896 800 4959 58,
844 4895 938 4962 59,
967 4896 1060 4959 40,
1084 4897 1176 4958 41,
1204 4894 1296 4962 42,
1326 4897 1418 4951 45.

2292 3336 2507 3406 ἐκδουσιν
2556 3339 2943 3412 ἐργαστηρίοις
2972 3342 3388 3415 κεχρήσθωσαν,
3416 3348 3525 3411 τὰς
3555 3345 3665 3399 τῶν
3690 3346 3871 3398 ἐναντιο-

2289 3428 2542 3497 ουμένωυ
2585 3435 2703 3495 τοῖς
2737 3432 2923 3502 νόμοις
2970 3436 3165 3499 ποινὰς
3194 3437 3559 3508 ὑφορώμενος
3609 3435 3701 3489 τοῦ
3730 3450 3869 3505 χορη-

2289 3520 2516 3588 γοῦντος
2540 3521 2630 3575 τὸν
2660 3520 2807 3576 οἷκον
2836 3527 2955 3593 ταῖς
2985 3529 3417 3600 προειρημέναις
3452 3530 3742 3602 τιμωρίαις
3764 3527 3871 3579 ὑπο-

2291 3615 2571 3683 κειμένου·
2606 3618 2977 3673 Μοντανισταὶ
3002 3619 3296 3691 ἐξαιρέτως
3322 3622 3534 3694 μηδένα
3562 3623 3669 3676 τῶν
3700 3619 3867 3674 καλου·

2294 3707 2473 3776 μένων
2503 3709 2632 3780 παρ’
2664 3711 2848 3775 αὐτοῖς
2883 3714 3265 3785 πατριαρχῶν,
3300 3715 3332 3786 ἢ
3366 3716 3648 3770 κοινωνῶν
3696 3714 3726 3784 ἢ
3767 3713 3870 3763 ἐπι-

2294 3798 2535 3861 σκόπων,
2564 3797 2598 3869 ἢ
2626 3800 2898 3869 πρεσϐυτέ
2909 3819 3038 3873 ρων,
3076 3803 3109 3874 ἦ
3150 3804 3413 3858 διακόνων
3442 3808 3599 3869 ἐντὸς
3625 3804 3865 3875 ἐχέτωσαν

2292 3890 2945 3960 Κωνσταντινουπὸλεως,
2964 3896 3361 3951 κωλυέσθωσαν
3382 3897 3439 3952 δὲ
3460 3899 3614 3963 ἐντὸς
3639 3907 3866 3967 πραγμα-

2289 3981 2546 4035 τεύεσθαι
2578 3984 2687 4037 τῶν
2735 3987 2878 4057 ὅρων
2920 3989 3112 4060 αὐτῆς,
3147 3993 3240 4044 καὶ
3269 3994 3339 4045 τὰ
3372 3992 3584 4062 ἀσελγῆ
3620 3986 3862 4049 συσσίτια,

2291 4072 2323 4144 ἢ
2352 4073 2421 4126 τὰ
2450 4075 2622 4146 ἀσεϐῆ
2656 4080 2937 4150 συμπόσια
2968 4086 3165 4149 ποιεῖν,
3205 4084 3239 4155 ἢ
3271 4085 3589 4157 ἀνδράποδα
3616 4076 3863 4153 ἐμπορεύ-

2292 4168 2450 4217 εσθαι
2477 4167 2566 4218 διὰ
2611 4170 2736 4233 τοὺς
2770 4169 3169 4243 ὑποκειμένους
3199 4174 3283 4245 ἐφ’
3312 4176 3532 4249 ἑκάστῳ
3576 4167 3859 4243 λογισμούς-

2291 4260 2365 4312 Τὸ
2394 4258 2475 4314 κθ¹
2500 4278 2625 4331 κεφ.
2658 4263 2755 4317 τοῦ
2805 4266 2971 4319 αὐτοῦ
3008 4266 3214 4337 βιϐλίου
3248 4271 3343 4324 καὶ
3382 4271 3489 4325 τίτ.
3536 4261 3859 4336 κατεστρώθη

2288 4357 2371 4419 εἰς
2414 4356 2475 4409 τὸ
2533 4356 2687 4420 τέλος
2742 4357 2835 4412 τοῦ
2888 4358 2936 4413 α’
2971 4378 3098 4431 κεφ.
3148 4362 3244 4416 τοῦ
3278 4361 3321 4417 θ’
3346 4364 3452 4418 τίτ.
3477 4364 3572 4418 τοῦ
3627 4359 3860 4431 παρόντος

2294 4449 2703 4521 συντάγματος·
2742 4454 2836 4507 καὶ
2866 4455 3142 4524 ἀνάγνωθι
3180 4457 3341 4511 τοῦτο
3389 4458 3749 4531 διοριζόμενον
3796 4448 3859 4520 μὴ

2212 4584 2262 4644 υ
2294 4544 2594 4644 μαρτυρεῖν
2621 4544 2764 4597 κατὰ
2806 4546 3088 4616 ὀρθοδόξου
3118 4551 3445 4621 αἱρετικούς.
3465 4553 3530 4605 Ἠ
3557 4548 3601 4621 β’
3625 4547 3754 4601 διάτ.

2286 4629 2337 4699 η’
2368 4633 2477 4686 τίτ.
2520 4633 2629 4688 τῶν
2656 4635 2922 4708 Νεαρῶν,
2954 4639 3069 4693 ἔστι
3118 4645 3290 4713 νεαρὰ
3324 4644 3739 4699 ἰουστινιὰνειος
3784 4628 3857 4703 ll?

2288 4723 2446 4776 τοῦτο
2470 4725 2527 4778 δὲ
2553 4726 2612 4779 τὸ
2643 4744 2770 4797 κεφ.
2804 4731 2974 4802 αὐτῆς
3006 4733 3107 4785 οὐκ
3128 4734 3291 4806 ἐτέθη
3318 4738 3397 4799 είς
3431 4735 3500 4790 τὰ
3529 4728 3791 4787 Βατιλικά.
3811 4723 3855 4773 'U

2291 4815 2335 4872 θ’
2364 4819 2467 4873 τιτ.
2504 4820 2600 4873 τοῦ
2629 4820 2677 4874 α’
2711 4822 2917 4893 βιδλιου
2962 4826 3058 4879 τοῦ
3088 4826 3318 4893 κώδικος
3352 4828 3513 4900 ἐτέθη
3541 4828 3617 4890 εις
3649 4837 3763 4889 κεφ.
3790 4811 3854 4881 νβ

2294 4911 2390 4964 τοῦ
2424 4911 2470 4966 α’
2490 4914 2597 4971 τίτ.
2623 4913 2670 4969 α’
2702 4916 2911 4987 βιὸλίου
2942 4920 3051 4973 τῶν
3076 4921 3404 4990 Βασιλικῶν,
3424 4925 3519 4976 καὶ
3544 4920 3646 4975 εἰσὶ
3675 4915 3734 4968 τὰ
3758 4924 3855 4963 συν·

580 4988 876 5088 attactam
905 4988 1061 5058 παρὰ
1092 4987 1186 5041 τοῦ
1230 4987 1577 5061 πατριάρχου
1609 4984 1703 5042 τοῦ
1733 4988 1898 5043 αὑτοῦ
1932 4991 2039 5047 τίτ.
2073 4997 2169 5051 καὶ
2200 5001 2411 5073 βιϐλίου
2455 5023 2583 5076 κεφ.
2618 4984 2718 5079 λβ’,
2750 5008 2853 5078 λγ’,
2886 5010 3094 5079 λδ,λε’,
3140 5011 3249 5080 λςέ,
3282 4984 3508 5088 λζ’,ληκ
3537 5011 3630 5079 λθ’,
3664 5007 3730 5081 μ’,
3757 4994 3849 5087 μα’,

633 5077 695 5142 β’.
735 5077 862 5142 μγᾝ

633 5098 662 5131 δ
683 5120 695 5142 ,
812 5098 862 5135 ,ι

586 5098 807 5229 Pea?
834 5140 925 5229 t'tt.
956 5204 1030 5214 —
1066 5172 1142 5229 De
1170 5174 1322 5229 libris
1348 5175 1739 5233 Ita'rett'corum.

651 5269 1038 5339 Apostolorum
1079 5284 1261 5324 canon
1304 5270 1357 5337 7,
1394 5270 1504 5338 60;
1554 5271 1773 5328 concilii
1806 5274 1948 5331 sexti
1995 5290 2176 5333 canon

581 5361 683 5428 (58;
719 5361 937 5416 concilii
962 5358 1171 5416 Nicaeni
1202 5364 1430 5417 secundi
1463 5378 1640 5418 canon
1668 5365 1723 5421 9.

653 5451 871 5508 Tenus.
916 5452 1109 5508 Const.
1157 5453 1191 5508 5
1241 5456 1324 5508 tit.
1374 5457 1394 5509 1
1433 5454 1528 5509 lib.
1603 5471 1617 5508 l
1660 5455 1798 5510 Cod.
1844 5456 1924 5509 ait
1985 5454 2175 5512 :Por-

577 5550 775 5623 phyrii,
797 5558 929 5616 etc.,
954 5565 1119 5621 usque
1146 5548 1215 5602 ad
1245 5550 1662 5620 exterminatur,
1692 5561 1747 5605 ut
1777 5565 1899 5622 pag.
1939 5550 2065 5607 871.

658 5753 956 5813 Srholium.
992 5757 1184 5812 Const.
1224 5759 1257 5813 3
1308 5758 1393 5813 tit.
1430 5761 1453 5814 l
1486 5759 1582 5815 lib.
1640 5775 1655 5814 ι
1709 5759 1846 5815 Cod.
1875 5768 1961 5815 est
1986 5775 2107 5831 cap.
2138 5759 2173 5815 5

580 5847 725 5903 tituli
764 5851 787 5904 l
821 5851 916 5910 lib.
950 5868 965 5906 ι
1007 5850 1201 5919 Basil.,
1265 5868 1329 5908 ac
1360 5855 1518 5910 docet
1548 5870 1892 5925 quacunque
1933 5854 1985 5907 iu
2019 5862 2171 5909 textu

2361 5192 2616 5248 ΚΕΦΑΛ.
2653 5190 2728 5274 ζ’.
2760 5225 2831 5234 —
2855 5196 2995 5264 Περὶ
3017 5196 3276 5262 ,Βιϐλίων
3304 5196 3629 5267 αἱρετικῶν.

2356 5285 2701 5341 Ἀποστόλων
2717 5288 2899 5342 κανὼν
2922 5288 2990 5353 ζ’,
3013 5288 3055 5357 ξ’
3079 5307 3092 5322 ο
3116 5292 3337 5345 συνόδου
3361 5298 3415 5357 ς’
3434 5292 3609 5348 κανὼν
3623 5285 3723 5360 ξη¹⁹
3746 5296 3844 5337 συν·

2284 5381 2409 5436 ὁδου
2445 5382 2681 5448 Νικαίας
2706 5384 2766 5437 τὸ
2797 5381 2844 5455 β’
2873 5386 3056 5437 κανὼν
3088 5383 3154 5439 θ’.
3735 5393 3738 5397 ’

2355 5478 2668 5546 Κείμενον.
2706 5478 2768 5532 Ἠ
2793 5477 2841 5547 γ’
2861 5479 3001 5535 διάτ.
3023 5479 3116 5533 τοῦ
3148 5477 3196 5533 α’
3220 5480 3328 5537 τίτ.
3361 5481 3457 5536 τοῦ
3488 5489 3533 5538 α’
3554 5476 3741 5553 βιϐλίου
3763 5464 3840 5523 τοῦ

2284 5569 2515 5634 κὼδικός
2564 5588 2771 5643 φησιν,
2809 5590 2864 5627 κ.
2890 5590 2941 5631 τ.
2994 5572 3069 5641 λ.,
3114 5590 3285 5647 usque
3332 5578 3401 5632 ad
3445 5573 3722 5650 δημεύεται
3764 5558 3842 5617 καὶ

2282 5663 2614 5735 ὲξορίζεται.

2352 5757 2716 5827 Σχόλιον.Ἡ
2744 5766 2792 5830 γ’
2826 5759 2965 5817 διάτ.
2998 5761 3091 5815 τοῦ
3133 5760 3182 5816 α’
3205 5762 3313 5818 τίτ.
3344 5764 3439 5819 τοῦ
3471 5762 3519 5819 α’
3548 5755 3730 5833 βιΰλίου
3757 5740 3834 5801 τοῦ

2281 5852 2533 5918 κώδικος,
2564 5852 2681 5906 ἔστι
2716 5871 2843 5925 κειρ.
2887 5853 2936 5924 γ’
2974 5854 3070 5909 τοῦ
3118 5854 3167 5909 α’
3192 5856 3298 5912 τίτ.
3328 5858 3422 5913 τοῦ
3465 5858 3512 5914 α’
3538 5851 3722 5928 βιϐλίου
3745 5839 3834 5895 τῶν
