4142 6440
338 408 470 476 1161

1261 402 1748 466 NOMOCANON-
1793 430 1859 440 -
1892 401 2042 462 'I‘IT.
2085 401 2222 477 XII,
2259 401 2418 463 CAP.
2459 402 2558 474 IV,
2592 401 2697 462 IX.

3497 397 3635 467 1162

335 528 664 590 Βασιλικῶν,
699 527 794 582 καὶ
830 527 1074 583 διδάσκει
1102 525 1205 580 ὅσα
1224 524 1305 587 είς
1332 524 1394 578 τὸ
1422 523 1675 594 κείμενον
1703 520 1936 590 συνωψῖο
1969 573 1970 580 η

2075 520 2433 590 ompendiose
2475 527 2608 576 sunt
2657 520 2959 590 proposita.
3001 520 3243 578 Constit.
3297 521 3383 587 10,
3433 521 3518 577 ιὶι.
3570 522 3625 588 4,

335 621 649 695 σθησαν.Ὴ
679 619 710 675 ι’
743 620 885 675 διάτ.
913 615 1009 672 τοῦ
1038 617 1081 671 δ’
1109 616 1216 671 τίτ.
1243 615 1339 669 τοῦ
1387 611 1436 668 α’
1465 613 1674 684 βιϐλίου
1700 611 1795 666 τοῦ
1829 610 1940 664 κώ-

2043 615 2138 668 ΙίΙ).
2179 629 2194 668 l
2249 614 2373 670 cod.
2411 621 2498 669 est
2526 627 2649 685 cap.
2689 613 2777 677 17,
2824 614 2907 669 tit.
2938 614 2991 681 1,
3026 615 3121 670 lib.
3175 630 3192 669 ι
3247 613 3415 669 Basil.
3453 624 3506 668 et
3538 617 3637 669 ha-

333 713 506 776 δικος,
536 711 653 764 ἔστι
701 727 826 778 κεφ.
857 706 963 780 κβ’,
1010 706 1105 762 τοῦ
1135 704 1185 760 α’
1217 706 1327 759 τίτ.
1365 704 1458 758 τοῦ
1497 703 1545 758 α’
1578 703 1782 775 βιϐλίου
1829 702 1941 758 τῶν

2075 714 2135 762 >et
2166 706 2630 778 quemadmodum
2665 707 2951 778 'scriptum
2996 715 3100 763 est.
3133 707 3328 763 Const.
3358 707 3412 773 6,
3444 708 3527 761 tit.
3579 708 3636 771 5,

339 805 667 872 Βασιλικῶν,
698 805 794 858 καὶ
838 803 950 874 ἔχει
999 800 1174 865 οὕτως
1227 801 1304 863 ὡς
1354 798 1676 870 ὲγράψη.⁹11
1711 795 1764 862 ς’
1797 796 1940 849 διὰτ.

338 897 433 953 τοῦ
451 897 492 952 ε’
513 897 619 952 τίτ.
639 896 737 950 τοῦ
761 894 809 951 α’
835 895 1047 966 βιϐλίου
1069 893 1161 947 τοῦ
1191 893 1442 956 κώδικος,
1462 893 1578 944 ἔστι
1595 908 1722 959 κεφ.
1744 888 1826 960 κβ¹
1851 891 1942 944 τοῦ

341 981 392 1044 α’
423 990 529 1043 τίτ.
557 987 654 1043 τοῦ
689 986 736 1042 α’
773 987 980 1058 βιϐλίου
1033 986 1139 1040 τῶν
1192 985 1502 1039 Βασιλικὼν
1551 985 1674 1055 ἕχον
1718 983 1941 1054 ὁμοίιος.

353 1085 418 1138 'H
468 1082 517 1154 η’
552 1083 694 1138 διάτ.
744 1083 862 1135 ἐστι
915 1098 1041 1148 κεφ.
1076 1077 1163 1147 κγ’
1196 1079 1292 1132 τοῦ
1346 1078 1512 1132 αὑτοῦ
1558 1078 1655 1132 καὶ
1700 1077 1807 1129 τίτ.
1836 1076 1948 1128 τῶν

343 1181 652 1234 Βασιλικῶν
669 1178 763 1231 καὶ
789 1175 1110 1249 κατετρώοη
1137 1177 1217 1238 εἰς
1242 1176 1302 1228 τὸ
1327 1173 1370 1246 βξ
1388 1191 1518 1243 κεφ.
1537 1172 1836 1241 Ἀνάγνωοι
1856 1169 1950 1225 οὖν

343 1272 522 1336 τοῦτο,
541 1272 637 1326 καὶ
658 1269 728 1323 τὰ
751 1266 1010 1323 ἐπέκεινα
1034 1267 1202 1322 αὐτοῦ
1230 1266 1598 1337 γεγραμμένα
1631 1264 1950 1334 παράτρεχε

343 1365 421 1427 ὡς
453 1362 530 1436 μὴ
560 1363 909 1434 ἐνεργοῦντα,
933 1360 1070 1414 ἀλλὰ
1096 1360 1438 1432 σχολάσαντα
1469 1360 1534 1412 ἐκ
1561 1356 1655 1411 τοῦ
1687 1359 1762 1429 μὴ
1794 1357 1954 1428 τεοῆο

345 1474 434 1510 ναι
458 1459 538 1520 είς
561 1456 628 1510 τὰ
651 1456 938 1510 Βασιλικά.
957 1455 1020 1508 Ἦ
1049 1453 1124 1520 ις’
1145 1454 1286 1508 διάτ.
1321 1453 1439 1507 ἔστι
1471 1451 1613 1524 Οέμα
1640 1451 1953 1505 τελευταῖον

345 1551 442 1604 τοῦ
470 1538 550 1616 κζθ
575 1567 702 1618 κεφ.
727 1548 822 1604 τοῦ
851 1547 1016 1603 αὑτοῦ
1039 1547 1244 1619 βιϐλίου
1273 1548 1367 1600 καὶ
1393 1547 1523 1610 τίτ.,
1549 1546 1643 1599 καί
1661 1561 1794 1614 φησι
1819 1543 1955 1615 πρὸς

347 1643 559 1706 τούτοις
593 1643 774 1695 πάντα
803 1641 873 1694 τὰ
900 1640 1223 1712 Μανιχαίων
1255 1637 1609 1692 καιέσθωσαν
1633 1636 1840 1706 βιϐλία,
1862 1636 1956 1688 καὶ

354 1736 547 1807 μηδεὶς
566 1735 704 1788 αὐτὰ
734 1735 836 1806 τὴν
863 1735 1184 1804 οἱανδήποτε
1211 1731 1655 1804 προϐαλλόμενος
1681 1732 1956 1800 πρόφασιν

351 1829 526 1896 ἐχέτω
575 1826 839 1897 ἁρμοδίαν
873 1826 969 1880 καὶ
1015 1819 1171 1887 οὗτος
1213 1823 1404 1886 ποινὴν
1450 1819 1958 1890 εὐλαϐούμενος.⁹11

2055 799 2152 853 lib.
2193 814 2210 853 ι
2259 799 2382 854 cod.
2433 810 2518 855 est
2569 815 2690 871 cap.
2725 799 2817 866 2'3,
2853 801 2938 854 tit.
2988 801 3040 866 I,
3073 800 3220 856 lib.l
3266 800 3434 855 Basil.
3491 801 3637 870 quod

2047 892 2115 946 ad
2153 892 2406 948 eumdem
2441 893 2666 948 modum
2696 893 2884 948 habet.
2920 891 3160 948 Constit.
3192 891 3246 946 8.
3289 903 3374 948 est
3423 908 3544 963 cap.
3569 892 3643 945 25

2047 985 2295 1056 ejusdem
2334 986 2458 1040 libri
2489 996 2541 1040 et
2573 986 2716 1040 tituli
2755 985 2922 1042 Basil.
2959 986 3344 1053 insertumque
3401 995 3488 1040 est
3516 1000 3640 1055 cap.

2049 1080 2105 1135 Ξ.
2144 1077 2262 1134 IIoc
2290 1079 2455 1151 igitur
2480 1079 2652 1149 legas,
2680 1094 2916 1150 quaeque
2946 1079 3089 1134 ultra
3126 1078 3259 1134 illud
3285 1077 3489 1149 scripta
3514 1087 3648 1132 sunt

2053 1178 2424 1232 transcurras,
2470 1178 2530 1223 ut
2573 1183 2696 1238 qua:
2734 1168 2870 1222 nihil
2901 1178 3202 1238 operentur
3232 1185 3245 1222 :
3277 1168 3372 1222 sed
3401 1181 3467 1220 co
3495 1165 3646 1236 quod

2055 1260 2108 1314 iu
2152 1260 2320 1315 Basil.
2362 1275 2471 1313 non
2519 1258 2632 1314 sint
2681 1259 2881 1329 posita,
2938 1269 3154 1314 vacent.
3198 1258 3392 1315 Const.
3439 1257 3528 1325 16,
3564 1266 3651 1313 est

2059 1351 2242 1407 thema
2272 1351 2372 1405 ult.
2407 1366 2531 1420 cap.
2578 1351 2649 1404 27
2685 1351 2928 1421 ejusdem
2967 1351 3061 1406 lib.
3116 1359 3171 1405 et
3217 1351 3299 1406 tit.
3331 1350 3480 1420 quod
3530 1349 3647 1404 ait:

2061 1444 2142 1498 Ad
2193 1444 2310 1500 lucc
2337 1459 2532 1499 omnes
2562 1443 2992 1501 Manichteorum
3040 1444 3160 1500 libri
3194 1453 3644 1501 concremautor.

2060 1535 2255 1593 Nullus
2310 1537 2434 1594 illos
2467 1538 2574 1592 ulla
2631 1539 2860 1592 omnino
2915 1554 3084 1593 causa
3122 1547 3386 1608 praetexta
3426 1538 3648 1593 habeto.

2060 1630 2330 1704 [Alioqui]
2375 1641 2430 1686 et
2493 1631 2612 1702 ipse
2677 1639 3083 1700 competentem
3133 1647 3352 1701 pmnam
3395 1632 3650 1687 metuito.

2059 1725 2300 1780 Constit.
2354 1725 2406 1788 5,
2445 1724 2529 1777 tit.
2572 1739 2589 1777 ι
2631 1721 3006 1789 Novellarutn,
3068 1739 3178 1776 non
3218 1732 3302 1779 est
3363 1725 3543 1790 posita
3591 1724 3647 1779 in

2065 1817 2232 1872 Basil.
2259 1815 2368 1871 Tit.
2400 1817 2456 1882 2,
2487 1815 2584 1870 lib.
2623 1832 2658 1869 χ
2689 1816 2805 1886 Dig.
2835 1817 2972 1870 situs
2995 1825 3080 1870 est
3107 1817 3159 1870 in
3190 1819 3274 1873 tit.
3309 1819 3364 1880 5,
3399 1819 3495 1875 lib.
3545 1836 3654 1874 un

354 1916 394 1970 ε’
431 1918 573 1972 διὰτ.
607 1917 702 1970 τοῦ
735 1915 782 1970 α’
816 1917 919 1971 τίτ.
955 1917 1064 1971 τῶν
1093 1907 1412 1985 Νεαρῶνόὑ
1444 1916 1621 1966 κεῖται
1647 1915 1727 1977 είς
1753 1912 1823 1966 τὰ
1852 1914 1959 1966 Βα-

2075 1908 2236 1965 Basil.
2281 1909 2386 1964 Sed
2418 1907 2565 1978 quod
2603 1908 2748 1964 illius
2781 1908 2864 1963 tit.
2895 1909 3007 1976 dig.
3043 1908 3097 1970 4,
3151 1917 3278 1963 ante
3311 1911 3659 1982 repurgatio-

359 2007 640 2062 σιλικὰ.⁹0
673 2005 718 2078 β’
748 2007 853 2060 τίτ.
887 2007 983 2060 τοῦ
1036 2013 1066 2060 ι’
1111 2006 1322 2077 βιϐλίου
1352 2004 1462 2058 τῶν
1493 2005 1634 2058 διάτ.
1669 2005 1848 2056 κεῖται
1883 2005 1964 2068 εἰς

352 2102 463 2154 sit.
499 2100 544 2168 γ’
574 2099 668 2152 τοῦ
715 2098 801 2170 μβ¹
833 2097 1042 2169 βιϐλίου
1073 2099 1183 2151 τῶν
1212 2095 1540 2150 Βασιλικῶν.
1588 2094 1734 2167 Πλὴν
1765 2097 1826 2149 τὸ
1862 2096 1968 2166 πρὸ

351 2195 452 2262 τῆς
497 2193 927 2264 ἀνακαοάρσεως
979 2193 1235 2262 κείμενον
1279 2190 1419 2244 διάτ.
1451 2189 1545 2243 τοῦ
1577 2189 1824 2243 τοιούτου
1856 2189 1964 2245 τίτ.

355 2286 524 2357 φησιν
549 2287 630 2340 ὅτι
657 2287 735 2339 Οὐ
757 2285 1180 2357 διαιροῦνταιτὰ
1210 2284 1423 2354 μαγικὰ
1450 2283 1630 2354 βιϐλία
1658 2282 1842 2348 καθὼς
1871 2284 1967 2337 καὶ

361 2376 698 2447 συνωψίσθη.
737 2377 811 2430 Τὸ
845 2374 889 2447 β’
923 2376 1066 2448 Οέμα
1111 2375 1208 2429 τοῦ
1257 2373 1300 2429 δ’
1340 2393 1467 2444 κεφ.
1506 2374 1602 2428 τοῦ
1648 2373 1696 2443 γ’
1738 2375 1844 2429 τίτ.
1869 2374 1965 2429 τοῦ

359 2471 450 2541 μβ⁹
488 2471 697 2542 βιϐλίου
749 2471 1109 2543 κατεστρώθη
1150 2474 1231 2535 είς
1263 2470 1324 2524 τὸ
1375 2467 1452 2524 κε’
1483 2487 1609 2539 κεφ.
1647 2469 1741 2523 τοῦ
1783 2468 1827 2523 0'
1859 2470 1963 2524 τίτ.

358 2565 458 2620 τοῦ
484 2567 754 2638 παρόντος
776 2567 1158 2636 συντάγματος
1178 2565 1206 2618 δ
1230 2564 1328 2619 καὶ
1351 2563 1648 2632 ἀνάγνωθι.
1670 2563 1735 2616 ἹΙ
1761 2562 1799 2616 ε’
1821 2563 1962 2618 διάτ.

2067 2019 2190 2057 nem
2226 2004 2460 2072 positum
2494 2003 2620 2068 fuit,
2667 2001 2980 2069 ait:'\Quo:.l
3020 2003 3214 2075 magici
3259 2003 3383 2058 libri
3439 2020 3547 2058 non
3577 2005 3663 2059 di-

2065 2097 2346 2160 vidantur,
2385 2097 2855 2167 quemadmodum
2887 2096 3278 2166 compendiose
3319 2099 3663 2167 propositum

2069 2190 2203 2245 fuit:
2247 2191 2428 2244 thema
2473 2188 2649 2262 [vero]
2681 2191 2738 2256 2,
2769 2205 2892 2260 cap.
2924 2189 3016 2251 24,
3052 2191 3136 2244 tit.
3169 2191 3224 2256 5,
3259 2191 3354 2244 lib.
3393 2206 3504 2245 xui
3526 2233 3542 2257 ,
3574 2191 3662 2244 in-

2067 2293 2275 2339 sertum
2338 2291 2423 2339 est
2451 2298 2574 2352 cap.
2611 2283 2704 2350 25,
2755 2284 2840 2337 tit.
2872 2283 3229 2353 9"prazsentis
3269 2285 3474 2353 Operis,
3519 2283 3668 2353 quod

2076 2377 2242 2432 etiam
2267 2377 2437 2447 legas.
2473 2375 2666 2432 Const.
2701 2375 2756 2440 5,
2788 2376 2854 2430 tit
2878 2377 2913 2430 5
2938 2375 3310 2444 Novellarum,
3341 2386 3425 2430 est
3453 2376 3668 2431 novella

2075 2468 2375 2525 Justiniani
2410 2468 2512 2522 146
2558 2468 2739 2538 posita
2777 2466 2926 2540 [quae
2954 2467 3064 2540 est]
3118 2470 3172 2524 in
3208 2484 3331 2540 cap.
3363 2469 3456 2532 55,
3494 2469 3576 2524 tit.
3616 2469 3670 2534 1,

2077 2564 2175 2618 lib.
2198 2579 2210 2616 I
2235 2562 2427 2626 Basil.,
2453 2562 2601 2632 quod
2628 2562 2814 2616 itidem
2849 2562 3018 2631 legas.

361 2659 458 2713 τοῦ
475 2657 770 2728 γ’τίτ.τῶν
805 2659 1189 2732 Νεαρῶν,ἕστι
1225 2659 1398 2733 νεαρὰ
1423 2660 1859 2724 Ἰουστινιὰνειος
1880 2657 2013 2731 ρμς⁹
2053 2659 2284 2730 κειμένη
2337 2658 2396 2711 ὲν
2425 2674 2551 2727 κεφ.
2588 2653 2682 2721 νε’,
2712 2655 2808 2710 τοῦ
2849 2654 2896 2711 α’
2926 2657 3068 2711 ετίτ.
3109 2657 3205 2711 τοῦ
3251 2663 3298 2712 α’
3325 2657 3533 2729 βιϐλίου
3563 2657 3675 2714 τῶν

367 2754 701 2819 Βασιλικῶν,
742 2755 770 2808 ὃ
810 2756 905 2810 καὶ
943 2752 1248 2825 ἀνάγνωθι.

362 2856 386 2917 ί,
441 2848 692 2902 ΚΕΦΛΛ.
731 2847 803 2902 A'.
836 2881 906 2889 —
933 2849 1072 2918 Περὶ
1103 2849 1508 2918 καθαιρέσεως
1540 2849 1797 2915 ξοάνων.

443 2942 670 2996 Συνόδου
711 2943 1115 3016 Καροαγέννης
1151 2943 1333 2998 κανὼν
1369 2942 1472 3016 νη’,
1505 2943 1614 2999 πδ’.

441 3036 754 3107 Κείμενον.
792 3038 856 3090 Ἠ
901 3034 950 3090 α’
993 3037 1136 3092 διὰτ.
1169 3038 1263 3091 τοῦ
1301 3044 1368 3091 ια’
1399 3038 1504 3094 τίτ.
1545 3037 1642 3092 τοῦ
1693 3037 1741 3094 α’
1776 3037 1982 3110 βιϐλίου

366 3131 466 3184 τοῦ
495 3130 726 3194 κὼδικος
746 3129 962 3184 κελεύει
984 3128 1056 3184 τὰ
1082 3130 1202 3202 ίερᾶ
1225 3131 1525 3194 κλείεσθαι,
1543 3132 1668 3203 ἥτις
1689 3132 1790 3186 οὐκ
1813 3131 1974 3204 ὲτέοη

367 3225 452 3288 είς
479 3223 548 3277 τὰ
575 3222 861 3278 Βασιλικά.

453 3317 702 3370 ΚΕΦΛΛ.
740 3313 814 3369 Ε’.
841 3314 1067 3384 -Περί
1099 3316 1453 3384 Νεστορίου,
1487 3315 1828 3377 Μουσαίου,
1858 3315 1975 3370 Εὐ-

373 3409 690 3479 τυχιάνου,
717 3408 1080 3479 Πορφυρίου,
1112 3407 1421 3478 Μαξίμου,
1453 3408 1552 3461 καὶ
1581 3408 1975 3471 Κελεστίιιόυ,

373 3507 479 3561 καὶ
525 3505 647 3560 τῶν
686 3504 791 3561 ὑπ’
817 3503 1020 3559 αὐτῶν
1065 3501 1499 3556 καταστάντων
1549 3501 1882 3572 οἱρετικών,
1936 3501 1977 3572 ἦ

373 3596 720 3669 ὀρθσδόξων
741 3597 1178 3665 ἐκϐληθέντων.

449 3692 678 3746 Συνόδου
728 3689 1359 3753 Κωνσταντινουπόλεως
1413 3686 1596 3742 κανὼν
1646 3686 1718 3742 δ”
1756 3688 1980 3742 συνόδου

388 3785 621 3854 Ἐφέσου
673 3782 858 3838 κανὼν
903 3781 976 3847 α’,
1020 3781 1086 3852 β’,
1130 3781 1203 3851 γ’,
1251 3779 1314 3849 δ’,
1352 3781 1422 3836 ε’*
1456 3782 1679 3836 συνόδου
1713 3781 1982 3854 Σαῴικῆς

373 3878 560 3935 κανὼν
586 3877 655 3933 κ’.

451 3975 705 4028 ΚΕΦΑΛ.
739 3972 829 4042 ς’.
855 3973 1083 4044 -Περὶ
1117 3973 1220 4028 τοῦ
1244 3973 1331 4045 μὴ
1365 3972 1634 4042 ὀφείλειν
1671 3969 1985 4040 ἀναφορὰν

379 4069 657 4139 γίνεσθαι
693 4069 989 4138 παρόντος
1033 4067 1356 4139 αἱρετικοῦ.

453 4163 498 4215 Τ
503 4181 514 4215 ι
527 4161 724 4233 μοθὲου
749 4160 931 4216 κανὼν
952 4159 1017 4216 θ’.

456 4255 712 4310 ΚΕΦΛΛ.
741 4252 818 4310 Z'.
842 4287 913 4296 —
935 4255 1078 4324 Hepl
1108 4253 1420 4324 κληρικῶν
1443 4254 1757 4326 αἰρετικῶν
1787 4253 1866 4325 τῇ
1892 4255 1988 4325 ὀρ-

381 4347 617 4413 θοδόξῳ
655 4348 1032 4417 προσιόντων
1064 4349 1416 4416 Ἐκκλησία.

458 4442 690 4496 Συνόδου
727 4441 1158 4514 Καρθαγέννης,
1193 4441 1377 4497 κανὼν
1427 4440 1526 4511 νζ,
1555 4439 1668 4514 En"
1705 4439 1987 4496 Βασιλείου

2157 2844 2314 2901 CAP.
2350 2843 2441 2899 IV.
2469 2873 2542 2884 —
2575 2843 2646 2898 De
2680 2843 2929 2899 tollendis
2960 2844 3286 2900 simulacris.

2155 2940 2390 2995 Concilii
2425 2938 2877 3010 Carlhaginensis
2906 2954 3083 2994 canon
3115 2940 3205 3004 58,
3231 2941 3323 2996 δι.

2159 3035 2377 3091 Toxlus.
2409 3035 2598 3089 Const.
2625 3033 2795 3098 1,”ιίι.
2821 3033 2879 3096 9.,
2914 3034 3007 3088 lib.
3041 3049 3058 3089 ι
3107 3035 3230 3090 cod.
3252 3036 3427 3104 jubet,
3454 3048 3514 3095 ut
3539 3047 3678 3096 tem-

2087 3131 2174 3202 pla
2207 3129 2572 3186 claudantur:
2597 3143 2720 3198 qua:
2749 3142 2857 3183 non
2887 3135 2973 3184 est
3002 3129 3185 3199 posita
3217 3130 3273 3184 in
3309 3129 3482 3187 Basil.

2157 3313 2308 3370 CAP.
2341 3311 2564 3368 V.--De
2594 3309 2866 3376 Nestorio,
2897 3310 3122 3370 Musa'o.
3150 3313 3504 3384 Eutychiauo,
3548 3316 3684 3372 Por-

2085 3409 2297 3481 phyrio,
2335 3405 2594 3468 Maximo,
2625 3403 2876 3472 Cclcstio,
2929 3415 2980 3458 et
3019 3405 3288 3460 Im’relicis
3325 3409 3416 3478 qui
3441 3410 3506 3464 ab
3554 3413 3684 3483 ipsis

2088 3508 2171 3581 [in
2220 3501 2501 3575 Ecclesiis]
2549 3503 2828 3556 constituti
2876 3513 3024 3566 sunt,
3061 3511 3222 3574 atque
3259 3505 3571 3563 ortltodoxis
3597 3511 3691 3581 qui

2088 3601 2241 3671 ejecti
2264 3607 2407 3654 sunt.

2161 3695 2397 3752 Concilii
2455 3691 3053 3761 ConstantinOpolitani
3107 3706 3286 3746 canon
3337 3694 3400 3758 4;
3455 3693 3678 3748 concilii

2091 3788 2353 3860 Ephesini
2395 3804 2573 3843 canon
2612 3787 2665 3852 I,
2705 3785 2762 3849 2,
2798 3785 2852 3852 3,
2883 3787 2939 3853 4,
2982 3785 3054 3853 5;
3101 3787 3320 3842 concilii
3347 3787 3695 3845 Sardicensis

2092 3896 2268 3936 canon
2291 3879 2384 3934 20.

2165 3972 2318 4030 CAP.
2351 3971 2438 4026 Vl.
2469 4003 2539 4011 —
2569 3969 2910 4025 Oblationem
2945 3986 3050 4024 non
3076 3987 3189 4026 esse
3213 3970 3515 4040 faciendum
3545 3990 3690 4044 pra;-

2094 4077 2239 4123 seute
2289 4065 2555 4121 hmretico.

2168 4159 2444 4214 Timothei
2467 4174 2643 4215 canon
2673 4161 2728 4216 9.

2095 4260 2112 4314 ε
2168 4252 2324 4309 CAP.
2356 4253 2470 4310 VII.
2499 4286 2569 4296 —
2600 4255 2680 4310 De
2709 4255 2915 4312 clericis
2943 4257 3230 4325 Ita’reticis,
3251 4257 3341 4329 qui
3378 4257 3688 4313 orthodoxa:

2101 4345 2355 4403 Ecclesia:
2405 4350 2688 4404 accedunt.

2172 4441 2403 4499 Coueilii
2459 4443 2911 4516 Carthaginensis
2978 4460 3158 4501 canon
3208 4445 3300 4512 5'7,
3355 4445 3458 4511 68;
3505 4443 3693 4500 Basilii

382 4534 568 4591 κανὼν
599 4533 679 4590 α’·
714 4534 980 4605 Θεοφίλου
1007 4535 1071 4590 ὲκ
1092 4535 1188 4589 τοῦ
1228 4536 1672 4608 ’Υπομνηστικοῦ
1702 4535 1885 4591 κανὼν
1921 4533 1969 4590 α’

2101 4552 2280 4594 canon
2311 4539 2335 4593 1
2362 4555 2378 4604 ;
2411 4537 2702 4608 The0phili
2724 4553 2793 4594 ex
2818 4537 3264 4594 Commonitorio
3293 4553 3474 4594 canon
3504 4537 3560 4591 1.

460 4627 716 4684 ΚΕΦΑΔ.
746 4624 830 4682 II'.
871 4658 923 4669 -
947 4627 1091 4698 Περὶ
1125 4629 1483 4684 ἐπισκόπων
1508 4629 1995 4699 συγ-κοινωνοῦν·

382 4739 528 4791 των,
559 4721 597 4791 ἢ
628 4719 1104 4791 συνευχομένων
1130 4722 1453 4791 αἱρετικῶς
1481 4721 1520 4792 ἢ
1551 4723 2000 4792 ἐπιτρεπόντων

382 4816 597 4884 αὐτοῖς
636 4815 924 4888 ἐνεργεῖν,
954 4814 994 4886 ἣ
1026 4805 1374 4888 δεχομένων
1405 4817 1730 4888 βάπτισμα
1775 4816 1998 4883 αὐτῶν,

385 4911 429 4980 ἣ
461 4910 706 4966 θυσίαν.

466 5000 810 5056 Ἀποστόλων
834 5001 1018 5058 κανὼν
1044 5001 1096 5070 ι’,
1123 5001 1228 5074 με’,
1258 5001 1354 5076 μς¹
1377 5021 1391 5036 ο
1421 5003 1643 5057 συνόδου
1666 5001 2003 5074 Ἀντιοχείας

391 5094 575 5150 κανὼν
593 5094 635 5168 β’
653 5111 668 5125 °
699 5096 922 5151 συνόδου
951 5097 1274 5162 Λαοδικείας
1291 5095 1472 5151 κανὼν
1492 5096 1594 5168 λγ’.
1613 5096 1914 5166 ’Λνάγνωθι
1933 5095 2004 5150 τὰ

395 5190 920 5262 παραγεγραμμένα
945 5193 1005 5246 ὲν
1047 5190 1128 5264 τῷ
1156 5189 1220 5246 ιε’
1241 5208 1368 5262 κεφ.
1391 5191 1488 5247 τοῦ
1533 5189 1582 5260 γ’
1613 5192 1723 5247 τίτ.
1744 5191 1840 5245 τοῦ
1863 5207 2007 5263 παρ-

393 5282 554 5346 όντος
587 5283 995 5355 συντάγματος.

473 5376 728 5431 ΚΕΦΑΛ.
759 5375 838 5432 Θ’.
861 5409 935 5419 -
970 5378 1113 5448 Περὶ
1161 5379 1518 5435 ἐπισκόπων
1541 5423 1555 5445 ,
1604 5379 1644 5450 ἢ
1701 5377 2008 5449 κληρικῶν

393 5470 836 5540 λαμϐανόντων
853 5472 1143 5542 εὐλογίας
1157 5472 1228 5538 ἐξ
1248 5471 1579 5543 αἰρετικῶνο
1602 5473 1641 5544 ἢ
1671 5472 2004 5538 Ἰουδαίων,

397 5562 438 5631 ἡ
473 5560 820 5631 εὐχομένων
853 5563 1262 5632 Ἐκκλησίαις,
1291 5564 1330 5632 ἢ
1359 5565 1429 5619 ἐν
1452 5565 1887 5635 μοναστηρίοις
1918 5567 2010 5619 αι.

389 5652 674 5723 ρετικῶν,
707 5653 746 5724 ἢ
781 5653 1061 5720 ἐθνικῶν,
1087 5655 1126 5724 ἣ
1153 5653 1654 5724 σαϐϐατιζόντων,
1686 5658 1725 5726 ἢ
1747 5670 2008 5726 συνεορ-

398 5745 700 5807 ταζόντων
732 5747 859 5816 τοῖς
895 5748 1236 5817 Ἰουδαίοις,
1275 5750 1315 5820 ἣ
1355 5754 1828 5822 προσφερόντων
1855 5768 2010 5806 συν-

399 5835 684 5908 αγωγαῖς,
725 5837 764 5908 ἢ
807 5839 988 5906 ἱεροῖς
1018 5839 1234 5908 ἐθνῶν,
1265 5841 1365 5896 καὶ
1397 5843 1529 5912 περὶ
1560 5841 1915 5914 ἁγγελιτῶν.

475 5931 822 5987 Ἀποστόλων
850 5932 1033 5988 κανὼν
1064 5931 1158 6000 Ea’,
1193 5933 1265 5989 0"
1301 5935 1524 5994 συνόδου
1552 5935 1880 6004 Λαοδικείας
1913 5955 2012 5992 και

740 6034 1019 6098 Ριτιιοι.
1057 6033 1177 6096 Gn.
1212 6033 1368 6099 CIV.

2175 4632 2330 4687 CAP.
2363 4631 2503 4688 VIII.
2534 4661 2605 4674 ——
2642 4631 2721 4687 De
2756 4632 3021 4704 episcopis
3063 4641 3114 4687 et
3153 4633 3363 4687 clericis
3411 4633 3501 4703 qui
3548 4647 3698 4685 com-

2103 4725 2376 4780 municant
2407 4725 2487 4780 vel
2535 4742 2714 4795 preces
2758 4725 3085 4797 conjunguut
3132 4742 3252 4780 cum
3281 4725 3572 4789 haereticis,
3605 4736 3697 4779 aut

2101 4817 2234 4886 ipsis
2275 4816 2493 4890 [sacris]
2522 4820 2736 4888 operari
2763 4819 3080 4884 concedunt,
3125 4831 3218 4874 aut
3249 4821 3487 4889 ipsorum
3511 4819 3705 4889 bapti—

2115 4927 2292 4965 smum
2327 4911 2406 4966 vel
2437 4912 2770 4981 sacri/icium
2799 4913 3118 4984 suscipiunt.

2183 5005 2578 5075 Apostolorum
2609 5021 2788 5063 canon
2845 5006 2948 5073 10,
2999 5007 3091 5070 45,
3122 5006 3225 5072 46;
3258 5007 3479 5062 concilii
3512 5007 3707 5062 Antio~

2105 5098 2268 5155 chcui
2305 5115 2482 5156 canon
2520 5101 2591 5167 2;
2627 5101 2849 5156 concilii
2879 5101 3175 5157 Laudiceni
3206 5117 3386 5157 canon
3434 5103 3529 5158 55.
3566 5102 3708 5172 Lege

2107 5209 2232 5264 quae
2261 5201 2525 5249 annotata
2544 5202 2677 5250 sunt
2706 5193 2760 5249 in
2791 5209 2914 5266 cap.
2948 5195 3037 5262 15,
3067 5195 3150 5251 tit.
3187 5195 3222 5251 3
3257 5195 3548 5267 przesentis
3575 5211 3710 5268 ope-

2108 5285 2206 5342 ris.

2177 5380 2333 5438 CAP.
2370 5381 2462 5438 IX.
2497 5411 2569 5423 —
2597 5380 2672 5437 De
2696 5381 2954 5452 episcopis
2999 5392 3048 5438 et
3082 5382 3291 5438 clericis
3317 5384 3409 5454 qui
3440 5383 3506 5437 ab
3537 5384 3710 5438 luere-

2112 5475 2233 5530 ticis
2263 5477 2342 5532 vel
2363 5475 2577 5532 Judtris
2607 5475 3021 5531 benedictionem
3055 5477 3366 5546 accipiunt:
3396 5486 3491 5530 aut
3525 5478 3580 5530 in
3612 5473 3714 5530 Ec-

2111 5567 2289 5622 clesiis
2341 5567 2422 5623 cel
2468 5569 2804 5623 monasteriis
2869 5566 3267 5626 haereticorum;
3319 5568 3713 5622 ethnicorumre

2112 5669 2310 5716 orant:
2344 5670 2441 5716 aut
2481 5679 2600 5716 cum
2645 5660 2857 5716 Judceis
2901 5661 3139 5716 Sabbata
3164 5677 3410 5716 eorumve
3438 5661 3576 5730 festa
3622 5662 3716 5716 ob-

2113 5760 2373 5806 sera-aut:
2426 5761 2518 5804 aut
2570 5748 3147 5823 synagogistemplisve
3195 5749 3432 5818 gentium
3461 5749 3714 5820 o/ferunt,

2113 5854 2160 5900 et
2206 5843 2274 5897 de
2303 5843 2574 5915 attgelitis.

2185 5939 2578 6011 Aposwlorum
2632 5953 2811 5995 canon
2863 5937 2953 6004 65,
2985 5937 3111 6009 ,70;
3160 5936 3380 5991 concilii
3418 5934 3716 5993 Laudiceni

3299 6031 3380 6092 37
