4142 6420
575 416 712 481 1163

1763 407 2025 470 ΡΙΙΟἸἩ
2067 407 2578 467 ΡΛΤΠΙᾹΒΟΗΕΕ
2605 406 2712 466 CP.

3741 405 3862 472 116i

565 547 766 598 canon,
799 531 853 596 9,
889 527 981 592 29,
1008 526 1098 592 52,
1129 526 1219 589 53,
1260 523 1350 591 .77,
1389 522 1480 588 58,
1509 521 1727 588 59,ο12;
1761 521 1980 575 concilii
2019 521 2156 576 sexti

2266 517 2368 570 νὼν
2406 516 2470 583 θ’,
2503 517 2607 581 κθ’,
2654 516 2753 586 λβ’,
2803 517 2897 584 λε’,
2937 515 3034 586 λζ’,
3071 519 3171 591 λη’,
3217 517 3315 587 λθ’,
3353 517 3441 592 μβ⁹
3469 537 3481 552 ·
3531 519 3751 574 συνόδου
3798 519 3863 583 ς”

568 635 744 678 ευωιι
776 635 862 677 tl.

568 635 628 678 ’·.ι
848 663 862 677 .

568 649 594 682 L
907 714 1094 770 Const.
1130 714 1180 774 l,
1225 711 1306 766 tit.
1340 709 1396 774 9,
1442 709 1536 763 lib.
1585 725 1598 762 ι
1643 706 1765 763 cod.
1805 707 1880 761 ait
1927 725 1939 760 :
2005 705 2164 772 Quod

567 808 942 872 universitati,
969 821 1283 876 ctc.,usqne
1324 802 1392 857 ad
1430 810 1794 873 prorentuutn
1845 800 2161 866 insumitur,

569 911 624 954 nt
652 918 776 971 pag.
805 901 931 954 882.

641 992 935 1046 Scliotinm.
964 989 1198 1044 Constit.
1233 989 1284 1053 1,
1327 987 1413 1040 tit.
1443 985 1497 1049 9,
1543 984 1639 1040 lib.
1681 999 1718 1046 I,
1761 984 1884 1038 cod.
1937 1000 2045 1036 non
2079 993 2165 1039 est

567 1089 749 1157 posita
779 1087 831 1139 in
865 1083 1034 1138 Basil.
1070 1082 1276 1150 Digest.
1308 1080 1361 1146 8,
1405 1081 1488 1133 tit.
1523 1079 1574 1141 5,
1625 1078 1716 1132 lib.
1759 1095 1920 1132 xxxiv
1954 1077 2158 1146 Digest.

567 1190 652 1234 est
683 1194 804 1247 cap.
835 1178 926 1242 20,
963 1179 1045 1230 tit.
1084 1175 1138 1235 8.
1171 1175 1268 1227 lib.
1303 1188 1451 1238 XLIV,
1479 1171 1624 1241 quod
1662 1172 1796 1225 dicit
1820 1185 2166 1240 quaecunque

576 1272 634 1325 iu
673 1281 822 1324 textu
854 1268 1244 1338 compendiose
1283 1276 1408 1319 sunt
1445 1265 1744 1334 proposita.
1793 1263 1901 1317 Tit.
1936 1264 2023 1319 48.
2067 1265 2160 1316 lib.

566 1381 617 1418 vi
655 1365 777 1416 cod.
837 1361 1047 1432 positus
1093 1371 1178 1412 est
1209 1359 1260 1411 in
1301 1374 1420 1426 cap.
1457 1359 1525 1410 5-1
1579 1357 1830 1425 ejusdem
1895 1359 1962 1408 18
1995 1356 2161 1422 tituli,

565 1459 663 1510 l.b.
699 1471 841 1513 XLIV,
880 1452 1024 1521 quod
1083 1466 1321 1519 quaeras,
1375 1463 1538 1518 atque
1572 1446 1844 1519 [ἰιιειιιιςιν]
1878 1451 2162 1516 sequentia

563 1567 688 1620 cap.
731 1550 920 1603 Const.
956 1549 1009 1610 9,
1047 1547 1134 1599 tit.
1184 1546 1242 1606 2,
1284 1545 1380 1597 lib.
1417 1561 1432 1597 ι
1471 1545 1596 1598 cod.
1626 1554 1854 1614 estcap.
1887 1544 1972 1608 14,
2001 1545 2082 1597 lit.
2113 1543 2160 1609 l,

574 1647 674 1700 lib.
704 1659 718 1697 ι
755 1641 920 1697 Basil.
948 1639 1090 1710 quod
1118 1640 1311 1694 eadem
1342 1624 1519 1707 jubet.

2271 608 2456 663 κανὼν
2490 608 2579 663 ια’.

2341 703 2652 769 Κειίιενον.
2691 703 2754 757 Ἢ
2779 702 2826 756 α’
2854 703 2998 758 διάτ.
3024 702 3121 758 τοῦ
3147 703 3324 759 θ’·τίτ.
3353 703 3448 760 τοῦ
3481 703 3532 759 α’
3559 703 3763 777 βιϐλίου
3785 705 3867 758 τοῦ

2269 794 2523 859 κὼδικος,
2543 796 2728 867 φησιν,
2757 815 2808 851 κ.
2837 815 2890 852 τ.
2915 795 2990 861 λ.,
3022 813 3194 869 usque
3218 800 3286 854 ad
3316 799 3625 870 ὁμοιότητα
3651 798 3756 851 τῶν
3780 813 3868 851 πο-

2268 889 2494 942 λιτικῶν
2526 889 2828 960 προσόδιον.

2339 984 2386 1035 Σ
2389 983 2620 1049 χόλων.
2660 982 2723 1035 Ἢ
2758 981 2808 1035 α’
2833 983 2975 1038 διὰτ.
3003 983 3096 1037 τοῦ
3125 982 3167 1037 θ’
3202 984 3310 1038 τίτ.
3335 984 3428 1039 τοῦ
3469 983 3520 1040 α’
3553 981 3762 1056 βιϐλίου
3786 985 3868 1038 τοῦ

2269 1069 2499 1134 iubente;
2529 1072 2630 1126 οὐκ
2661 1074 2817 1144 ἐτέθη
2871 1075 2954 1137 εἰς
2999 1075 3068 1128 τὰ
3110 1074 3394 1131 Βασιλικά.
3428 1077 3507 1130 Τὸ
3540 1075 3591 1146 η’
3617 1076 3755 1130 διάτ.
3786 1076 3868 1128 τοῦ

2272 1162 2310 1214 ε’
2341 1163 2448 1216 τίτ.
2495 1163 2588 1215 τοῦ
2639 1161 2713 1216 λδ’
2745 1163 2952 1234 βιϐλίου
2983 1165 3092 1217 τῶν
3123 1165 3265 1219 διατ.
3293 1165 3408 1218 ἐστι
3439 1183 3575 1235 κεφ.
3611 1163 3661 1220 α’
3686 1165 3776 1219 τοῦ
3807 1171 3868 1236 ιη’

2268 1254 2373 1306 τίτ.
2402 1252 2497 1305 τοῦ
2549 1251 2630 1322 μδ¹
2661 1253 2869 1322 βιϐλίου
2898 1255 3058 1323 λέγον
3088 1257 3190 1309 ὅσα
3223 1259 3305 1320 εἰς
3352 1257 3411 1310 τὸ
3450 1257 3717 1328 κείμενον
3757 1275 3871 1310 συν·

2267 1344 2608 1414 ωψίσθησαν.
2628 1344 2686 1399 ὐ
2710 1344 2818 1416 1μη¹
2854 1347 2961 1400 τίτ.
3012 1348 3107 1402 τοῦ
3146 1344 3200 1413 ς’
3245 1349 3453 1419 βιϐλίου
3504 1349 3605 1403 τοῦ
3657 1349 3868 1412 κὼδικος

2270 1437 2428 1508 ἐτέθη
2463 1439 2543 1502 είς
2574 1457 2698 1508 κεφ.
2734 1437 2799 1505 λ’,
2829 1441 2922 1494 τοῦ
2953 1442 3119 1496 αὐτοῦ
3155 1441 3225 1514 ιη’
3255 1444 3356 1498 τίτ.
3389 1442 3486 1497 τοῦ
3531 1441 3617 1514 μδ¹
3649 1443 3864 1513 βιϐλίου·

2270 1529 2364 1582 καὶ
2407 1528 2561 1600 ζήτει
2612 1531 2771 1584 τοῦτο
2793 1573 2806 1592 ,
2842 1531 2939 1584 καὶ
2971 1535 3039 1586 τὰ
3078 1536 3194 1604 μετ’
3225 1535 3357 1588 αὐτὸ
3380 1552 3512 1604 κεφ.
3555 1534 3620 1588 Ἦ
3655 1535 3699 1589 θ’
3735 1536 3861 1590 διὰτ.

2268 1623 2362 1676 τοῦ
2405 1623 2471 1677 ια’
2499 1625 2603 1679 τίτ.
2641 1625 2736 1679 τοῦ
2767 1624 2815 1680 α’
2847 1626 3056 1696 βιϐλίου
3093 1627 3187 1681 τοῦ
3221 1627 3480 1694 κὼδικος,
3519 1628 3640 1682 ἔστι
3668 1646 3785 1698 κεφ.
3815 1625 3866 1681 ι’δ

2267 1714 2362 1768 τοῦ
2389 1723 2436 1770 α’
2461 1717 2567 1772 τίτ.
2598 1717 2692 1771 τοῦ
2725 1717 2770 1772 α’
2797 1718 3005 1790 βιϐλίου
3036 1719 3146 1775 τῶν
3171 1721 3482 1775 Βασιλικῶν
3510 1723 3583 1776 τὰ
3615 1721 3748 1776 αὑτὰ
3772 1739 3863 1776 πα-

2275 1811 2540 1882 ρακελευό
2548 1829 2734 1883 μενον.

637 1906 794 1964 CAP.
816 1903 1040 1960 X.—De
1057 1903 1298 1972 episcopo
1321 1901 1408 1970 qui
1427 1900 1596 1953 sciens
1619 1897 1924 1953 litercticum
1941 1897 2008 1951 ad
2028 1914 2158 1951 com-

2352 1904 2535 1958 ΚΕΦΑ
2556 1903 2756 1960 Λ.1’.-
2771 1907 2914 1977 Περὶ
2942 1907 3281 1963 ἐπισκόπου
3312 1909 3382 1962 ἐν
3409 1905 3646 1976 εὶὸήσει
3672 1908 3862 1978 ,λέγον-

565 2003 869 2056 munionem
896 1999 1142 2052 idoneum
1175 1994 1332 2067 [esse]
1357 1995 1512 2049 dicit.

640 2091 874 2147 Concilii
906 2087 1362 2155 Carthaginiensis
1391 2101 1568 2139 canon
1609 2083 1733 2138 124.

640 2183 795 2240 CAP.
829 2183 919 2238 XI.
956 2211 1022 2222 —-
1059 2179 1181 2233 Non
1235 2180 1465 2233 eundum
1519 2195 1631 2232 esse
1681 2178 1750 2230 ad
1794 2177 2166 2232 ha’rcticorum

568 2281 736 2350 falsos
770 2288 1052 2347 martyres.

639 2371 872 2426 Concilii
904 2369 1198 2424 Laodiceni
1230 2381 1404 2422 canon
1433 2365 1521 2420 51.

565 2447 587 2469 ”
642 2464 797 2520 (ΖΛΡ.
834 2462 954 2520 XII.
985 2494 1058 2506 —
1093 2461 1178 2517 Ne
1200 2461 1436 2516 Itwretici
1468 2459 1744 2515 ecclesiam
1779 2460 2168 2531 ingrediantur.

641 2654 875 2710 Concilii
908 2650 1202 2707 Laodiceni
1233 2665 1409 2705 canon
1442 2649 1494 2704 6.

641 2747 796 2803 CAP.
839 2744 980 2799 Xlll.
1019 2774 1089 2785 —
1124 2743 1198 2797 De
1250 2742 1592 2796 matrimonio
1640 2739 2011 2796 luerett'corttm
2048 2758 2164 2795 cum

566 2842 900 2897 ortlzodoxis.

640 2932 868 2987 Coucilii
919 2927 1216 2984 Laodiccni
1260 2941 1438 2982 canon
1483 2925 1566 2988 l0,
1599 2925 1660 2979 ’51
1694 2943 1708 2990 ;
1739 2923 1961 2979 concilii
2001 2924 2166 2978 Chal-

565 3024 897 3082 cedonensis
943 3038 1119 3077 canon
1156 3020 1256 3086 M;
1288 3019 1511 3075 concilii
1555 3017 2010 3089 Carthaginiensis
2061 3033 2156 3073 ca-

565 3134 675 3174 non
707 3121 801 3183 21,
829 3116 902 3170 24
927 3114 1191 3187 ;_coucilii
1226 3113 1363 3167 sexti
1405 3127 1581 3167 canon
1620 3111 1707 3166 72.

2275 2013 2379 2062 τος
2410 2000 2768 2053 κοινωνικὸν
2799 2001 2903 2055 τὸν
2935 2003 3260 2070 αΙρετικόν.

2349 2090 2577 2143 Συνόδου
2611 2092 3004 2164 Καρθαγέννης
3033 2092 3218 2148 κανὼν
3251 2093 3392 2165 μκδ.
3489 2095 3497 2100 ’

2349 2183 2602 2236 ΚΕΦΛΛ.
2632 2181 2733 2238 IA'.
2766 2215 2837 2223 —
2867 2185 3007 2254 Περὶ
3031 2187 3139 2241 τοῦ
3157 2187 3247 2256 μὴ
3274 2187 3521 2242 ἀπιέναι
3549 2189 3701 2256 πρὸς
3737 2188 3859 2253 τοὺς

2279 2271 2398 2327 τῶν
2433 2273 2745 2342 (ιὶρετικῶν
2774 2277 3296 2348 ψευδομάρτυρας.

2350 2367 2579 2420 Συνόδου
2608 2367 2932 2432 Λαοδικείας
2963 2369 3144 2423 κανὼν
3169 2368 3264 2426 λδ’.

2349 2459 2603 2512 ΚΕΦΔΛ.
2639 2457 2814 2514 lB'.—
2845 2461 2983 2529 Περὶ
3013 2461 3122 2516 τοῦ
3152 2462 3240 2533 μὴ
3265 2461 3524 2516 εἰσιέναι
3564 2461 3702 2529 τοὺς
3729 2465 3854 2530 uipr-

2275 2552 2482 2620 τικοὺς
2516 2555 2604 2618 εὶς
2637 2553 2751 2620 τὴν
2771 2554 3133 2623 ἐκκλησίαν.

2341 2643 2569 2697 Συνόδου
2599 2645 2928 2710 Λαοδικείας
2954 2646 3137 2702 κανὼν
3170 2649 3246 2716 ς’.

2342 2736 2596 2792 ΚΕΦᾹΛ.
2624 2737 2722 2792 ll".
2748 2768 2820 2777 —
2859 2739 2999 2809 Περὶ
3025 2741 3230 2812 γάμων
3256 2746 3578 2814 αἷρετικῶν
3608 2745 3749 2816 πρὸς
3775 2743 3851 2811 ίβ·

2268 2829 2582 2897 θοδόξους.

2342 2924 2570 2978 Συνόδου
2597 2925 2924 2991 Λαοδικείας
2957 2929 3139 2983 κανὼν
3172 2929 3224 2994 ι’,
3261 2931 3372 2987 lo."
3409 2934 3634 2988 συνόδου
3658 2930 3847 2996 Χαλκη-

2266 3017 2418 3081 δόνος
2470 3017 2654 3072 κανὼν
2709 3016 2805 3072 ιδ’⁶
2859 3020 3078 3075 συνόδου
3115 3025 3514 3100 Καρθαγέννης
3546 3022 3716 3082 κανὼν
3741 3040 3800 3077 κα
3832 3039 3842 3050 ·

2268 3111 2486 3165 συνόδου
2519 3109 2594 3174 ς’,
2629 3109 2808 3164 κανὼν
2829 3111 2926 3182 οβ’.

636 3213 865 3278 Quaeras
895 3227 1022 3264 vero
1051 3211 1153 3264 hac
1175 3211 1241 3264 de
1274 3207 1378 3281 [re]
1416 3225 1548 3265 sane
1581 3226 1747 3280 quam
1777 3211 2070 3281 pulchrum
2099 3225 2164 3265 ex
2199 3211 2507 3266 canonibus
2545 3209 2730 3266 Basilii
2809 3210 2990 3284 Magni
3039 3211 3108 3268 ad
3173 3213 3643 3283 Amphilochium,
3702 3225 3839 3267 cano-

565 3323 691 3363 ncm
721 3308 776 3369 9,
808 3305 954 3360 circa
989 3303 1174 3358 ﬁnetn.

643 3402 857 3456 Tea‘tns.
877 3399 1067 3455 Civilis
1095 3399 1177 3452 lex
1215 3373 1456 3464 tametsi,
1476 3406 1607 3463 elc.,
1629 3412 1794 3466 usque
1819 3397 1890 3451 ad
1914 3398 2158 3454 adulterii

2296 3415 2302 3422 ·
2343 3401 2652 3463 Κείμεγον.
2697 3397 2756 3450 'U
2793 3396 3071 3461 πολιτικὸς
3100 3398 3284 3468 νόμος,
3318 3399 3367 3452 εί
3401 3399 3501 3454 καὶ
3540 3398 3607 3452 τὰ
3636 3396 3837 3466 μάλιστα

563 3503 880 3556 accusatur,
917 3499 973 3544 ut
993 3504 1117 3560 pag.
1139 3487 1267 3543 886.

637 3678 935 3734 Scholium.
969 3676 1078 3731 Tit.
1120 3676 1176 3736 2,
1219 3676 1313 3729 lib.
1371 3691 1507 3729 nm
1559 3675 1678 3745 Dig.
1720 3676 1930 3746 positus
1979 3687 2062 3730 est
2108 3677 2160 3732 in

563 3774 647 3828 tit.
688 3773 741 3836 4,
790 3772 879 3825 lib.
934 3785 1101 3824 3mm
1151 3769 1321 3823 Basil.
1357 3781 1523 3838 atque
1571 3769 1768 3840 digest.
1805 3770 1857 3834 1,
1914 3770 2048 3824 dicit
2098 3771 2164 3823 de

566 3863 774 3933 nuptiis
806 3863 872 3917 ad
903 3863 1154 3917 eumdem
1205 3861 1450 3916 modum.
1471 3860 1662 3916 Const.
1694 3861 1782 3926 12,
1813 3861 1899 3919 tit.
1935 3861 1990 3927 5,
2027 3862 2118 3917 lib.
2145 3878 2160 3917 l

561 3959 689 4015 cod.
719 3958 836 4013 sive
868 3973 991 4027 cap.
1026 3956 1120 4020 25,
1165 3956 1250 4010 lit.
1296 3956 1350 4020 1,
1379 3956 1472 4010 lib.
1505 3971 1520 4009 ι
1554 3955 1722 4022 Βίιείι,
1781 3957 2049 4012 insertum
2079 3967 2164 4012 est

561 4052 746 4108 medio
777 4051 992 4106 seliolio
1048 4063 1170 4120 cap.
1203 4049 1239 4102 2
1304 4049 1593 4119 praesentis
1635 4049 1718 4104 tit.
1773 4047 1947 4120 Legas
1980 4047 2160 4120 [vero]

558 4145 727 4200 etiam
756 4143 847 4209 72,
875 4157 1144 4199 canonem
1179 4141 1399 4194 concilii
1422 4140 1560 4195 sexti
1591 4141 1642 4194 in
1675 4139 1867 4194 Trullo
1897 4139 2158 4212 [habiti]:

557 4251 625 4288 ex
659 4249 771 4304 quo
799 4235 990 4289 discas
1045 4232 1260 4287 ﬁdelem
1299 4246 1424 4286 cum
1465 4231 1696 4288 muliere
1726 4231 1933 4287 inﬁdeli
1971 4233 2163 4286 matri-

560 4329 734 4380 monii
758 4328 873 4398 lege
905 4341 1011 4381 non
1046 4322 1309 4395 conjungi
1349 4341 1361 4378 :
1400 4326 1615 4378 tatnetsi
1673 4324 1924 4379 nonnulli
1953 4339 2018 4379 ex
2053 4323 2161 4379 ﬁne

559 4421 811 4492 ejusdem
861 4419 1113 4483 canonis,
1152 4419 1221 4473 de
1255 4415 1572 4472 inﬁdelibus
1614 4417 1708 4488 qui
1747 4426 1870 4486 post
1909 4415 2159 4488 [initum]

562 4513 978 4570 matrimonium
1003 4510 1377 4571 crediderunt.
1409 4510 1664 4572 docente,
1698 4509 1753 4563 in
1787 4524 2031 4564 errorem
2066 4509 2160 4564 de-

560 4609 720 4679 lapsi,
749 4607 1030 4662 diversum
1056 4605 1318 4675 quiddam
1347 4605 1610 4658 audacter
1642 4601 1925 4657 dixerunt.
1961 4601 2160 4658 Verum

557 4703 841 4756 enimvero
865 4713 989 4772 cum
1025 4696 1302 4766 Hispanos
1351 4693 1519 4767 [esse]
1557 4694 1924 4755 orthodoxos.
1951 4703 2163 4749 nostra-

2264 3491 2356 3544 τὸν
2397 3491 2573 3561 γάμον
2601 3492 2944 3563 ὁριζόμενος,
2976 3509 3030 3546 κ.
3055 3511 3106 3546 τ.
3131 3493 3206 3561 λ.,
3237 3508 3411 3564 usque
3449 3495 3518 3551 ad
3539 3493 3629 3547 ἐπὶ
3655 3489 3838 3564 μοιχείᾳ

2267 3581 2680 3650 κατηγορεῖται.

2337 3671 2616 3736 Σχόλιον.
2652 3669 2708 3723 '0
2741 3668 2784 3740 β’
2807 3670 2911 3726 τίτ.
2939 3671 3032 3726 τοῦ
3060 3671 3148 3741 κγ’
3177 3672 3386 3744 βιϐλίου
3413 3675 3528 3728 τῶν
3549 3669 3832 3737 διάτ.ἐτέοη

2265 3764 2345 3827 είς
2374 3766 2478 3817 τίτ.
2510 3763 2550 3817 δ’
2579 3763 2673 3817 τοῦ
2710 3763 2797 3835 κη’
2832 3765 3041 3835 βιϐλίου
3083 3767 3195 3821 τῶν
3240 3768 3568 3836 Βασιλικῶν,
3601 3768 3690 3823 καί
3723 3779 3831 3833 φησι

2262 3858 2325 3911 τὸ
2351 3855 2397 3910 α’
2427 3857 2568 3912 διάτ.
2604 3858 2732 3929 περὶ
2763 3857 2943 3929 γάμου
2975 3859 3198 3930 ὁμοίως.
3217 3859 3284 3913 Ἢ
3314 3859 3545 3932 ιβίδιάτ.
3571 3860 3658 3915 τοῦ
3685 3865 3720 3912 ε’
3741 3856 3830 3908 τίτ.

2264 3949 2358 4004 τοῦ
2387 3958 2434 4004 α’
2459 3950 2668 4021 βιϐλίου
2689 3951 2782 4004 τοῦ
2817 3950 3050 4015 κώδικος
3080 3953 3197 4023 ἦτοι
3219 3952 3282 4006 τὺ
3311 3952 3388 4008 κε’
3409 3972 3539 4026 κεφ.
3561 3952 3650 4008 τοῦ
3677 3949 3719 4006 α’
3741 3948 3829 4002 τίτ.

2261 4043 2360 4098 τοῦ
2393 4043 2440 4098 α’
2482 4045 2690 4116 βιϐλίου
2739 4044 2850 4098 τῶν
2903 4045 3212 4100 Βασιλικῶν
3263 4049 3616 4123 κατεστρώθη
3664 4045 3732 4106 εἰς
3773 4040 3829 4092 τά

2269 4136 2411 4208 μέσα
2455 4137 2549 4190 τοῦ
2586 4135 2801 4208 σχολίου
2832 4138 2927 4192 τοῦ
2961 4137 3005 4208 β’
3034 4155 3160 4209 κειρ.
3197 4139 3293 4194 τοῦ
3327 4143 3592 4214 παρόντος
3619 4136 3828 4193 τίτ.’Λνι

2267 4229 2474 4298 ἀγνωθι
2521 4232 2614 4284 καὶ
2646 4228 2723 4300 οβ’
2761 4230 2964 4285 κανόνα
3001 4231 3104 4302 τῆς
3136 4235 3196 4286 ὲν
3229 4232 3307 4304 τῷ
3337 4234 3592 4308 Τρούλλῳ
3619 4227 3824 4287 συνόδου,

2264 4324 2359 4376 καὶ
2387 4322 2567 4397 μάθῃς
2597 4325 2678 4377 ὅτι
2709 4325 2900 4388 πιστὸς
2930 4325 3068 4396 μετὰ
3097 4326 3328 4381 ἀπίστου
3361 4327 3618 4397 γυναικὸς
3642 4323 3696 4378 οὐ
3724 4337 3826 4373 συν-

2264 4418 2494 4471 άπτεται
2530 4417 2681 4490 νόμῳ
2715 4419 2898 4489 γάμου
2920 4461 2932 4484 ,
2964 4419 3067 4474 κᾶν
3097 4437 3244 4485 τινες
3275 4421 3637 4494 πλανηθέντες
3667 4419 3722 4469 ὲκ
3747 4407 3822 4465 τοῦ

2263 4510 2451 4573 τέλους
2490 4509 2584 4564 τοῦ
2620 4511 2785 4565 αὐτοῦ
2839 4511 3068 4576 κανόνος
3104 4514 3235 4585 περὶ
3279 4515 3526 4569 ἀπίστων
3550 4505 3824 4567 πιστευσάν·

2263 4619 2373 4655 των
2401 4602 2540 4673 μετὰ
2573 4601 2664 4656 τὸν
2704 4605 2883 4675 γάμον
2913 4605 3238 4661 διδάσκοντα
3273 4607 3460 4678 ἔτερόν
3492 4625 3543 4661 τι
3572 4596 3821 4673 τολμηρῶς

2266 4690 2438 4748 εἶπον.
2458 4693 2692 4764 Ἐγὼβὲ
2727 4695 2882 4760 εἰδὼς
2909 4696 3271 4770 τοὺςἽϐηρας
3301 4700 3627 4772 ὀρθοδόξους,
3661 4691 3742 4748 καὶ
3767 4686 3822 4740 τὰ

557 4809 668 4865 que
701 4793 888 4846 omnia
919 4789 1174 4860 amplecti
1225 4789 1419 4855 sciam,
1464 4798 1631 4859 atque
1679 4788 1802 4842 illos
1839 4788 1978 4843 ﬁlias
2026 4803 2157 4843 suas

2266 4785 2515 4858 ἡμέτερα
2561 4787 2741 4842 πάντα
2783 4787 3143 4859 δεξαμένους,
3178 4791 3274 4846 καὶ
3319 4793 3462 4864 όρὼν
3510 4788 3690 4850 αὐτοὺς
3730 4783 3818 4841 τοῖς

564 4886 888 4943 Sarraeenis
937 4893 1166 4954 nuptum
1215 4884 1434 4939 elorarc
1463 4884 1677 4938 videam
1707 4901 1720 4936 :
1764 4883 1938 4937 miror
1967 4892 2021 4937 et
2054 4883 2153 4936 ad-

561 4979 775 5042 dubito,
809 4976 1173 5046 quamobrem
1223 4975 1293 5028 ab
1325 4975 1460 5043 ipsis
1505 4975 1856 5029 antistitibus
1891 4977 1981 5046 qui
2017 4975 2158 5030 divi-

559 5083 760 5124 norum
793 5082 1067 5122 canonum
1103 5067 1324 5122 oracula
1347 5066 1450 5140 [et]
1489 5068 1745 5123 sciuntet
1773 5068 1979 5140 legunt.
2010 5069 2154 5124 istud

557 5178 669 5218 non
705 5161 1084 5233 prohibeatur.
1112 5161 1384 5228 Quocirca
1421 5163 1522 5216 hoc
1554 5163 1719 5217 etiam
1751 5171 1902 5233 opto,
1930 5174 1989 5219 ut
2017 5181 2152 5219 con-

557 5257 686 5313 silio
723 5264 778 5310 et
807 5255 1138 5310 auctoritate
1179 5255 1372 5324 optimi
1407 5263 1574 5325 atque
1597 5256 1772 5310 saneti
1805 5257 2156 5327 imperatoris

555 5347 731 5403 nostri
756 5345 1086 5414 corrigatur.
1121 5343 1310 5400 Const.
1349 5345 1435 5410 18,
1472 5348 1555 5399 tit.
1594 5345 1649 5410 5,
1687 5347 1783 5402 lib.
1815 5363 1831 5400 ι
1885 5348 2012 5404 cod.
2045 5364 2153 5404 non

553 5439 724 5493 estin
758 5437 924 5493 Basil.
959 5436 1152 5492 Const.
1196 5451 1326 5491 vero
1369 5437 1422 5504 5,
1483 5437 1566 5493 tit.
1608 5439 1661 5504 1,
1713 5437 1806 5493 lil).
1845 5456 1874 5492 v
1905 5441 2030 5496 cod.
2071 5450 2157 5496 est

553 5548 675 5603 cap.
709 5531 763 5599 2,
801 5533 886 5586 ιῐι.
919 5530 974 5593 2,
1019 5531 1114 5586 lib.
1149 5545 1320 5584 xxvnt
1367 5530 1535 5585 Basil.
1583 5530 2007 5589 Animadvertas
2053 5550 2154 5588 au-

555 5635 663 5681 tem
745 5625 900 5680 illud.
959 5624 1192 5696 Propter
1250 5622 1535 5694 religionis
1585 5625 1986 5692 diversitatem,
2043 5642 2150 5682 non

553 5735 678 5774 esse
704 5719 954 5773 additum
991 5719 1043 5771 in
1078 5716 1242 5772 Basil.
1273 5715 1413 5771 Dicit
1437 5716 1582 5771 enim
1613 5717 1648 5771 2
1673 5717 1820 5774 iStud
1850 5735 1972 5789 cap.
2002 5720 2150 5775 haec:

557 5813 614 5865 Si
667 5813 865 5867 mulier
922 5827 1045 5882 quae
1095 5812 1176 5866 sui
1209 5811 1353 5881 juris
1404 5809 1771 5882 perl‘ectmque
1825 5813 2006 5868 atatis
2042 5821 2150 5880 est,

557 5905 649 5961 ubi
675 5906 874 5962 arrlias
909 5905 1204 5979 acceperit,
1225 5903 1543 5978 conjugium
1576 5912 1791 5962 recuset
1813 5905 1896 5963 :iu
1921 5906 2150 5978 duplum

2281 4880 2604 4951 ’Λγαρηνοῖς
2666 4881 3070 4952 ἐκγαμίζοντας
3137 4884 3238 4947 τὰς
3294 4885 3500 4950 οἰκείας
3555 4877 3819 4949 θυγατέρας

2268 4971 2536 5045 θαυμάζω
2559 4973 2653 5027 καὶ
2682 4975 2877 5047 ἀπορῶ
2905 4976 3021 5040 πῶς
3046 4978 3201 5050 παρὰ
3219 4977 3329 5034 τῶν
3355 4977 3645 5051 ἀρχιερέων
3666 4966 3814 5024 αὐτῶν

2266 5067 2488 5120 εἰδότων
2536 5067 2631 5120 καὶ
2674 5067 3164 5138 ἀναγινωσκόντων
3195 5070 3264 5125 τὰ
3303 5071 3410 5126 τῶν
3436 5071 3588 5127 θείων
3613 5061 3813 5120 κανόνων

2268 5157 2620 5230 θεσπίσματα
2665 5159 2736 5214 τὰ
2779 5161 3005 5216 τοιαῦτα
3043 5163 3106 5216 οὐ
3141 5164 3460 5219 κωλύονται.
3495 5143 3810 5231 Εὖχομαιοῦν

2265 5253 2358 5306 καὶ
2391 5252 2553 5308 τοῦτο
2584 5253 2945 5327 διορθωθῆναι
2977 5255 3043 5309 δι’
3071 5257 3239 5330 εὐχῆς
3284 5259 3380 5312 καὶ
3406 5252 3714 5324 ἀντιλήψεως
3735 5238 3808 5295 τοῦ

2265 5347 2563 5418 κρατίστου
2599 5348 2693 5402 καὶ
2727 5348 2884 5418 ἁγίου
2908 5349 3070 5420 ἡμῶν
3095 5345 3591 5424 αὐτοκράτορος.Ἥ
3618 5339 3676 5412 ιη’
3693 5335 3804 5391 διὰτ.

2264 5439 2360 5494 τοῦ
2396 5439 2436 5494 ε’
2473 5441 2578 5496 τίτ.
2611 5441 2706 5496 τοῦ
2748 5449 2796 5497 α’
2831 5442 3040 5513 βιϐλίου
3071 5445 3166 5499 τοῦ
3195 5446 3426 5510 κώδικος
3455 5445 3549 5498 οὐκ
3580 5434 3716 5500 ἐτέθη
3745 5427 3807 5522 εῖξ

2264 5531 2334 5585 τὰ
2367 5531 2654 5588 Βασιλικά.
2673 5534 2738 5587 ’11
2774 5531 2812 5587 ε’
2845 5534 2987 5587 διάτ.
3019 5535 3114 5588 τοῦ
3141 5534 3188 5590 α’
3210 5538 3316 5592 τίτ.
3344 5536 3437 5590 τοῦ
3467 5534 3505 5588 ε’
3528 5527 3706 5605 βιϐλίου
3727 5531 3801 5569 του

2261 5622 2515 5688 κώδικος,
2553 5623 2669 5678 ἔστι
2697 5643 2821 5694 κεφ.
2853 5623 2917 5696 β’,
2949 5626 3042 5679 τοῦ
3076 5628 3118 5696 β’
3145 5629 3252 5682 τίτ.
3285 5627 3379 5683 τοῦ
3413 5625 3496 5698 κη’
3525 5618 3702 5696 βιϐλίου
3717 5605 3800 5698 τῶν

2261 5717 2568 5771 Βασιλικῶν
2590 5735 2604 5749 ο
2634 5719 2728 5774 καὶ
2755 5692 2992 5789 τέρόσχες
3023 5692 3106 5774 ὅτι
3135 5720 3197 5773 τὸ
3227 5721 3390 5792 ῥητὸν
3419 5692 3630 5789 τδξλέγον
3657 5701 3729 5757 διὰ
3751 5692 3798 5747 τὸ

2259 5811 2358 5880 τῆς
2392 5810 2690 5883 θρησκείας
2720 5812 2978 5885 διάφορον
3013 5813 3075 5866 οὐ
3113 5813 3416 5886 προσετέθη
3441 5815 3516 5876 εἰς
3537 5807 3593 5862 τὰ
3619 5792 3795 5886 Βασιλεῖ

2403 5877 2539 5976 είίτβὶ
2577 5905 2687 5976 γὰρ
2732 5903 2793 5960 τὸ
2824 5877 3067 5961 τοιοῦτον
3094 5877 3299 5978 β”κεςλ
3335 5877 3519 5960 tanta
3557 5894 3660 5951 Ἐὰν
3685 5877 3791 5954 γυνὴ
