4142 6440
385 379 523 446 1165

1237 385 1726 450 NOMOCANON.
1773 416 1832 430 ε·-
1878 391 2027 452 ΤΙΤ.
2065 393 2200 468 ΧΠ,
2243 395 2403 458 CAP.
2439 398 2746 460 X-XVIII.

3554 414 3694 480 1165

381 487 706 557 αὐτεξουσία
740 488 955 544 τελείαν
1006 488 1216 558 ἄγουσα
1261 491 1362 560 τὴν
1407 491 1625 562 ἠλικίαν
1660 493 1964 566 ἀρραϐῶνα

2097 499 2288 553 :irrhas
2319 500 2555 558 reddito.
2585 504 2643 559 Si
2668 522 2796 563 vero
2821 522 2944 565 cum
2972 514 3151 572 minor
3178 521 3269 587 sit,
3307 525 3522 580 veniam
3555 538 3690 582 icta-

377 580 647 652 δεξαμένη
695 581 1015 652 παραιτήσῃ
1044 579 1136 634 τὸν
1166 581 1370 650 γάμον,
1403 581 1628 648 διπλοῦς
1672 585 1988 639 ἀντιδιδότω

377 674 506 736 τοὺς
539 671 867 744 ἀρραϐῶνας
887 687 900 700 °
935 673 983 724 εί
1011 670 1068 724 δὲ
1101 670 1196 723 καὶ
1221 671 1463 727 ἐλάττων
1494 669 1630 728 οὖσα
1656 675 1988 747 συγγνώμην

377 765 597 838 ἡλικίας
617 765 812 838 ᾔτησε,
830 764 924 818 καὶ
950 763 1282 837 ἀρραϐῶνας
1312 765 1474 819 ἔλαϐε
1505 767 1685 832 πάλιν,
1714 768 1774 821 τὸ
1790 768 1987 823 διπλάη

377 875 494 912 σιον
546 858 861 914 ἁναδιδότω.
880 857 1009 912 Ἐὰν
1054 857 1112 912 δὲ
1164 859 1260 910 καὶ
1301 858 1507 930 ἀφῆλιξ
1547 860 1663 913 ἐστὶ
1711 860 1804 914 καὶ
1845 860 1984 934 αὐτὴ

376 951 710 1023 συγγνώμην
744 949 962 1022 ἡλικίας
999 949 1100 1004 οὐκ
1136 949 1307 1021 ᾔτησε
1333 952 1394 1004 τὸ
1429 952 1636 1005 ἁπλοῦν
1664 954 1816 1025 αὐτῷ
1846 955 1983 1025 ὅπερ

373 1049 571 1102 ἔλαϐεν
617 1049 1098 1119 ἀποκαταστήσει.
1137 1048 1198 1100 Ei
1245 1047 1302 1100 δὲ
1349 1048 1442 1102 καὶ
1490 1049 1676 1121 πατὴρ
1721 1049 1980 1121 κόρης,ἢ

375 1143 561 1212 μήτηρ
603 1140 933 1212 ἀρραϐῶνας
963 1139 1156 1192 ἔλαϐον
1183 1139 1326 1209 ὑπὲρ
1365 1140 1660 1212 θυγατρὸς,
1690 1141 1723 1214 ἢ
1755 1142 1981 1207 πάππος

369 1233 512 1304 ὑπὲρ
553 1232 784 1303 ἐγγόνης
811 1231 1024 1296 τελείας
1052 1231 1208 1292 ὄντες
1241 1231 1460 1302 ἡλικίας
1497 1233 1594 1287 καὶ
1624 1234 1778 1287 αὐτοὶ
1804 1235 1884 1297 είς
1917 1233 1980 1286 τὸ

367 1324 653 1379 διπλάσιον
688 1323 1131 1395 κατεχέσθωσαν,
1169 1324 1330 1396 εἴπερ
1362 1325 1664 1396 δυνάμενον
1690 1326 1976 1397 [προϐῆναι

367 1419 457 1472 τὸν
504 1419 683 1489 γάμον
735 1418 1131 1490 παραιτοῦνται
1167 1421 1415 1491 ποιῆσαι.
1455 1420 1519 1474 Ei
1548 1419 1605 1472 δὲ
1636 1421 1732 1474 καὶ
1772 1421 1976 1475 ἀνυπό-

367 1528 564 1576 στατος
613 1513 798 1583 μέλλει
849 1515 877 1566 ὁ
921 1512 1100 1583 γάμος
1150 1507 1312 1576 εἶναι,
1347 1514 1504 1568 αὐτοὶ
1550 1515 1600 1566 oi
1651 1514 1976 1586 ἁρῥαϐῶνες

364 1605 806 1660 ἁναδιδόσθωταν
829 1605 1012 1660 ἁπλοῖ.
1041 1607 1104 1660 Εί
1132 1606 1189 1660 δὲ
1218 1606 1294 1677 μὴ
1319 1601 1388 1677 ἦν
1416 1606 1796 1672 ἀνυπόστατος
1821 1609 1850 1661 ὁ
1873 1607 1974 1676 γά-

365 1715 466 1769 μος
495 1697 562 1751 δι’
585 1697 808 1767 εὔλογον
837 1699 894 1752 δὲ
924 1699 1104 1753 αἰτίαν
1134 1701 1504 1771 παραιτεῖται,
1538 1701 1587 1752 εί
1621 1699 1723 1770 μὲν
1749 1699 1971 1772 ᾔδεισαν

361 1792 471 1846 κᾶν
517 1793 624 1864 πρὸ
663 1793 764 1864 τῆς
799 1792 1093 1864 μνηστείας
1125 1792 1224 1863 τὴν
1257 1791 1437 1847 αἰτίαν
1466 1793 1685 1857 ἑαυτοῖς
1712 1794 1970 1863 ἐγκαλεί-

2099 590 2168 645 tis
2205 592 2447 663 petierit,
2485 605 2650 668 atque
2673 601 2870 658 arrbas
2903 610 3152 676 ceperit:
3202 629 3424 670 rursum
3462 617 3690 687 duplum

2099 685 2340 741 reddito.
2379 685 2477 743 Sin
2521 691 2706 746 minor
2749 694 2842 761 sit,
2889 712 2992 753 nec
3029 702 3208 760 aetatis
3239 707 3457 761 veniam
3493 685 3640 778 petiit
3672 729 3685 765 :

2101 778 2215 849 ipsa
2259 782 2406 852 quod
2439 785 2604 854 cepit,
2639 786 2898 857 simplum
2933 793 3229 852 restituito.
3280 797 3434 864 Quod
3465 801 3508 855 si
3535 804 3692 870 puel-

2093 873 2160 928 lae
2207 883 2384 944 pater,
2421 887 2511 932 aut
2545 879 2708 934 etiam
2746 891 2925 938 mater
2951 887 3146 943 ari-has
3179 907 3278 962 pro
3319 892 3408 948 illa
3455 895 3686 964 ceperit,

2089 965 2175 1020 vel
2219 982 2356 1024 avus
2407 985 2506 1039 pro
2562 983 2754 1042 nepte:
2791 972 2862 1046 [si
2907 978 3154 1054 quidem]
3213 984 3470 1054 perfectae
3504 987 3683 1042 inlatis

2102 1055 2327 1123 fuerint,
2364 1061 2464 1130 ipsi
2497 1078 2719 1135 quoque
2758 1067 2813 1120 in
2849 1067 3076 1140 duplum
3111 1083 3406 1133 tenentor:
3441 1078 3485 1133 si
3520 1078 3684 1134 modo

2086 1163 2211 1203 cum
2243 1155 2664 1211 matrimonium
2718 1167 3016 1228 procedere
3048 1167 3246 1235 possit,
3297 1167 3479 1242 [illud]
3522 1185 3684 1226 recu-

2087 1250 2229 1298 sent.
2273 1244 2340 1299 At
2369 1246 2416 1300 si
2447 1249 2862 1307 matrimonium
2903 1259 3207 1315 consistere
3257 1275 3517 1332 nequeat,
3547 1265 3681 1335 ipsa:

2084 1336 2260 1391 arrhae
2276 1336 2484 1409 simpla:
2505 1342 3034 1403 redduntor.Verum
3051 1351 3095 1405 si
3117 1369 3241 1408 eum
3261 1357 3676 1412 matrimonium

2081 1429 2387 1486 consistere
2415 1443 2603 1502 queat,
2635 1435 2924 1507 objustam
2959 1439 3060 1514 [id]
3095 1459 3325 1501 causam
3363 1459 3670 1518 recusetur,

2079 1521 2124 1575 si
2153 1520 2374 1591 quidem
2403 1520 2576 1596 [eam]
2628 1539 2849 1581 causam
2898 1540 3025 1586 ante
3051 1535 3331 1602 sponsalia
3384 1539 3667 1609 sciverint,

2078 1613 2184 1682 sjbi
2226 1614 2556 1686 imputanto,
2595 1619 2741 1689 quod
2779 1621 3094 1682 istiusmodi
3140 1644 3404 1699 sponsum
3452 1635 3672 1707 delege-

2077 1710 2225 1764 rint:
2265 1713 2352 1766 sin
2388 1711 2787 1784 ignoraverint,
2819 1729 2916 1775 aut
2958 1731 3086 1791 post
3129 1729 3411 1796 sponsalia
3448 1728 3670 1802 [hujus-

2078 1799 2250 1873 modi]
2275 1818 2442 1859 causa
2475 1821 2618 1877 saepe
2643 1807 2917 1876 inciderit,
2953 1821 3085 1869 tunc
3111 1819 3368 1886 simplum
3403 1799 3666 1882 reddi-tor.

360 1905 542 1941 τωσαν
591 1887 680 1940 διά
729 1905 783 1940 τι
830 1887 923 1940 τὸν
975 1887 1219 1940 τοιοῦτον
1269 1886 1735 1957 ἐμνηστεύσαντο.
1795 1887 1858 1940 Εἰ
1904 1889 1963 1942 δὲ

2071 1889 2275 1946 Eadem
2307 1894 2475 1949 etiam
2511 1898 2578 1952 de
2623 1914 2852 1977 sponso,
2886 1903 2931 1958 si
2965 1909 3247 1975 sponsalia
3300 1917 3660 1981 recusaverit,

358 1980 588 2048 ἠγνόουν
619 1979 651 2048 ἢ
678 1979 940 2043 πολλάκις
977 1979 1117 2048 μετὰ
1138 1978 1237 2051 τὴν
1264 1979 1562 2049 μνηστείαν
1595 1981 1629 2050 ἡ
1657 1979 1809 2033 αίτία
1837 1997 1966 2034 συν-

357 2071 461 2142 έϐη
486 2071 547 2124 τὸ
578 2069 787 2125 ἁπλοῦν
822 2067 1183 2126 ἀποδιδόσοω.
1218 2071 1300 2124 Τὰ
1339 2071 1396 2125 δὲ
1431 2071 1574 2126 αὐτὰ
1605 2073 1699 2126 καὶ
1737 2072 1834 2126 ἐπὶ
1871 2072 1962 2128 τοῦ

356 2163 672 2234 μνηστῆρος
713 2162 944 2234 λέγομεν
981 2163 1081 2234 τὴν
1113 2162 1411 2233 μνηστείαν
1439 2164 1958 2236 παραιτησαμένου.

352 2256 429 2310 Τὸ
479 2256 537 2309 δὲ
584 2255 1156 2327 τετραπλασιάζεσθαι
1209 2257 1338 2320 τοὺς
1396 2255 1728 2328 ἀρραϐῶνας
1781 2258 1868 2312 ὅτε
1927 2259 1960 2330 ἡ

351 2349 571 2421 μνηστὴ
598 2351 952 2421 παραιτεῖται
977 2348 1156 2421 γάμον
1187 2347 1282 2403 νῦν
1309 2349 1370 2402 οὐ
1403 2352 1618 2420 κρατεῖ,
1652 2351 1700 2404 εί
1736 2351 1812 2422 μὴ
1848 2351 1958 2425 ἄρα

2071 1983 2326 2042 dicimus.
2386 1987 2556 2044 Plane
2593 1993 2669 2044 uti
2710 1993 2909 2062 arrlne,
2948 1999 3172 2065 quando
3201 2017 3404 2071 sponsa
3454 2021 3667 2063 connu-

2069 2075 2218 2131 bium
2277 2089 2518 2149 recusat,
2573 2085 3035 2157 quadruplcntur,
3075 2107 3220 2147 nunc
3255 2110 3362 2150 non
3416 2098 3662 2156 obtinet:

2065 2181 2219 2226 extra
2246 2188 2411 2242 quam
2455 2178 2500 2231 si
2557 2177 2871 2246 specialiter
2897 2181 3000 2236 hoc
3036 2183 3216 2253 ipsum
3247 2197 3409 2257 pacto
3459 2205 3665 2248 conve-

2071 2262 2235 2317 nerit.
2267 2263 2436 2320 Porro
2468 2267 2613 2322 nulla
2639 2277 2795 2324 extra
2828 2270 2992 2340 hujus
3024 2276 3442 2335 constitutiOnis
3469 2281 3665 2337 delini-

2067 2356 2270 2412 tionem
2301 2358 2483 2414 cautio
2515 2359 2678 2426 facta,
2711 2363 3014 2420 subsistere
3043 2367 3221 2438 quito.
3251 2368 3440 2428 Const.
3475 2373 3531 2438 6,
3564 2376 3648 2430 tit.
3714 2414 3715 2417 η

291 2473 297 2480 η
353 2442 539 2504 ἱδικῶς
555 2442 861 2514 αὐτα-τοῦτο
881 2459 946 2496 συ
954 2442 1243 2513 μφωνηθῇ.
1262 2442 1421 2496 Πᾶσα
1435 2441 1492 2495 δὲ
1513 2442 1784 2512 ἀσφάλεια
1802 2445 1957 2517 παρὰ

2071 2449 2117 2509 9.
2145 2450 2238 2506 lib.
2275 2467 2294 2505 ι
2325 2453 2448 2507 cod.
2500 2464 2586 2508 est
2614 2469 2736 2526 cap.
2770 2457 2861 2522 35,
2907 2459 2990 2513 tit.
3027 2459 3080 2526 1,
3113 2461 3207 2517 lib.
3244 2477 3264 2518 ι
3295 2462 3458 2520 Basil.
3513 2469 3660 2536 quod

350 2535 454 2604 τὴν
502 2536 645 2592 διάτ.
691 2536 901 2606 ταύτην
930 2534 1192 2607 γινομένη
1223 2534 1596 2598 ἀνυπόστατος
1627 2537 1788 2590 ἔστω.
1808 2536 1871 2591 Ἦ
1901 2537 1957 2592 δὲ

2071 2539 2249 2595 eadem
2279 2541 2430 2597 dicit.

351 2628 408 2694 ς’
435 2628 575 2683 διάτ.
606 2627 700 2682 τοῦ
746 2626 788 2682 θ’
814 2628 923 2682 τίτ.
951 2627 1048 2682 τοῦ
1075 2625 1122 2682 α’
1151 2626 1360 2698 βιϐλίου
1389 2626 1485 2681 τοῦ
1529 2627 1762 2692 κώδικος
1780 2669 1795 2696 ,
1824 2630 1940 2686 ἔστι
1984 2649 2110 2702 κε’ρ.
2139 2632 2221 2703 λγ¹
2249 2633 2345 2689 τοῦ
2376 2643 2424 2690 α’
2460 2637 2566 2693 τίτ.
2606 2639 2702 2694 τοῦ
2731 2639 2780 2695 α’
2841 2643 3050 2714 βιϐλίου
3074 2645 3182 2700 τῶν
3208 2647 3537 2721 Βασιλικῷν,
3562 2657 3657 2712 καί

353 2743 493 2797 φησι
532 2726 601 2779 τὰ
639 2725 800 2781 αὐτά.

389 2846 396 2864 ¹
429 2843 685 2898 ΚΕΦΑΛ.
710 2842 810 2900 IA'.
835 2873 906 2884 --
934 2840 1069 2911 Περὶ
1098 2839 1218 2895 τῶν
1243 2839 1314 2906 ἐξ
1343 2841 1657 2910 αἰρετικῶν
1685 2844 1773 2908 εἰς
1797 2842 1963 2911 ὀρθο-

2127 2844 2283 2900 CAP.
2317 2845 2458 2902 XIV.
2490 2879 2562 2889 —
2595 2850 2671 2906 De
2692 2853 2956 2911 haereticis
2992 2860 3062 2913 ad
3106 2873 3303 2919 rectam
3336 2867 3498 2937 ﬁdem
3525 2823 3653 2925 cen-

349 2935 567 3000 δοξιάν
611 2934 1126 3005 ἐπιστραφέντων,
1162 2935 1263 2989 καὶ
1311 2935 1366 2987 εὶ
1403 2933 1670 2989 δυνατὸν
1704 2935 1961 3002 τούτους

2071 2942 2239 3007 tersis,
2267 2949 2338 3005 et,
2375 2959 2447 2997 an
2468 2944 2523 2998 hi
2559 2946 2616 2999 in
2645 2947 2845 3002 clerum
2879 2950 3040 3022 allegi
3063 2958 3288 3024 possint,
3327 2970 3398 3023 et,
3431 2963 3651 3032 quinam

347 3026 766 3095 κληροῦσθαι,
803 3026 902 3080 καὶ
939 3026 1104 3092 τίνες
1143 3023 1344 3080 αὐτῶν
1387 3024 1785 3090 ,ϐαπτίζονται
1807 3069 1823 3093 ,
1857 3025 1960 3081 καὶ

2074 3030 2274 3086 [lorum
2309 3033 2668 3105 baptizentur,
2720 3041 2941 3110 quinam
2987 3062 3108 3100 vero
3142 3048 3411 3105 duntaxat
3439 3023 3650 3124 angan-

345 3120 512 3185 τίνες
546 3119 741 3188 μόνον
767 3119 1068 3188 χρίονται,
1101 3118 1204 3173 καί
1241 3117 1331 3172 ὅτι
1362 3117 1565 3186 πράως
1594 3118 1692 3172 δεῖ
1716 3119 1840 3187 τοῖς
1861 3122 1952 3175 ai-

2071 3134 2171 3187 tur,
2200 3133 2270 3188 et,
2307 3130 2445 3198 quod
2472 3128 2688 3202 benigne
2718 3149 2836 3187 cum
2875 3136 3143 3195 Itazreticis
3177 3143 3266 3212 agi
3295 3117 3559 3215 oporteai,
3594 3158 3655 3202 ut

334 3211 601 3278 ρετικοῗς
618 3210 706 3282 μὴ
735 3210 1066 3282 κεχρῆσθαι
1105 3211 1206 3267 διὰ
1239 3210 1307 3265 τὸ
1336 3211 1810 3283 ἐπιστρέφεσθαι
1837 3219 1948 3272 αὐ-

345 3307 523 3372 τούς.

421 3419 652 3474 Συνόδου
683 3407 918 3485 Νικαίας
944 3420 1127 3476 κανὼν
1149 3419 1220 3493 η’,
1251 3418 1314 3474 ιϐ’
1336 3438 1350 3452 ⁸
1391 3422 1611 3477 συνόδου
1633 3424 1954 3489 Λαοδικείας

345 3512 535 3566 κανὼν
570 3504 649 3584 ξηΪ
673 3529 689 3546 ο
723 3515 945 3568 συνόδου
988 3515 1619 3580 Κωνσταντινουπόλεως
1655 3515 1836 3570 κανὼν
1866 3515 1910 3582 ζ’
1933 3533 1949 3548 °

344 3604 573 3658 συνόδου
612 3605 1009 3677 Καροαγέννης
1056 3604 1240 3659 κανὼν
1286 3605 1397 3678 μζ,
1439 3606 1539 3673 νζ,
1576 3605 1694 3675 Eg"
1732 3602 1952 3662 συνόδου

348 3696 428 3764 ς’,
458 3697 637 3752 κανὼν
663 3697 744 3766 ke'
765 3715 778 3726 “
827 3699 1108 3754 Βασιλείου
1136 3699 1317 3754 κανὼν
1340 3698 1409 3768 α’,
1446 3698 1564 3771 pc"
1598 3702 1859 3770 Θεοφίλου
1886 3704 1954 3756 ἐκ

341 3792 445 3861 τῆς
497 3792 636 3864 πρὸς
669 3793 964 3863 Ἀφύγγιον
1019 3793 1318 3848 ἐπίσκοπον
1365 3794 1682 3863 ἐπιστολῆς.
1708 3795 1775 3848 Ἦ
1812 3795 1954 3850 κατὰ

345 3885 670 3954 Κυπριανὸν
717 3885 936 3950 σύνοδος
977 3887 1157 3941 πάντα
1186 3887 1462 3959 αἱρετικὸν
1513 3888 1814 3961 ἐρχόμενον
1869 3888 1952 3953 είς

343 3977 658 4047 ὀρθοδοξίαν
686 3979 862 4050 ὁρίζει
895 3977 1278 4049 βαπτίζεσθαι,
1305 3980 1542 4049 λέγουσα
1571 3983 1631 4036 τὸ
1657 3983 1767 4036 τῶν
1792 3982 1948 4054 αἱρε-

346 4071 520 4125 τικῶν
552 4073 628 4144 μὴ
667 4068 811 4126 εἶναι
841 4072 1148 4144 βάπτισμα.

341 4281 360 4322 ἴ
415 4281 672 4337 ΚΕΦΔΛ.
697 4281 1025 4352 1Ε’.--Περὶ
1055 4283 1163 4338 τοῦ
1189 4282 1343 4353 μήτε
1371 4283 1771 4351 ἐπισκόπους,
1793 4284 1948 4355 μήτε

338 4379 673 4447 κληρικοὺς
720 4378 1057 4448 δωρεῖσθαι,
1101 4381 1140 4449 ἢ
1185 4381 1256 4434 ἐν
1301 4379 1570 4434 διαθέσει
1618 4379 1852 4436 διδόναι
1892 4397 1947 4435 τι

335 4472 679 4543 αἱρετικοῐς,
711 4469 828 4526 κᾶν
849 4467 1234 4548 ὦσινξαὺτῶν
1261 4472 1601 4544 συγγενεῖς.

413 4588 644 4656 Συνόδου
692 4587 1089 4660 Καρθαγέννης
1119 4587 1302 4641 κανὼν
1331 4586 1438 4658 κγ’,
1479 4593 1592 4642 πα’.
1644 4583 1942 4658 Ἂνάγνωθι

335 4683 411 4736 τὰ
438 4680 914 4753 προγεγραμμένα
943 4681 1000 4733 ὲν
1028 4679 1108 4752 τῷ
1136 4678 1187 4752 η’
1209 4696 1338 4749 κεφ.
1364 4679 1458 4733 τοῦ
1485 4677 1516 4731 ι’
1538 4679 1644 4733 τίτ.
1677 4680 1772 4734 τοῦ
1801 4697 1943 4752 παρ-

335 4777 494 4838 όντος
530 4772 932 4843 συντάγματος.

415 4869 668 4924 ΚΕΦΑΛ.
691 4869 774 4936 1C."
780 4865 812 4922 ’.
841 4897 911 4908 -
935 4865 1079 4935 Περὶ
1117 4862 1432 4936 αἱρετικῶν
1459 4862 1940 4936 μετανοούντων.

412 4961 694 5016 Βασιλείου
727 4959 905 5014 κανὼν
933 4959 993 5015 ε’.
1011 4959 1313 5029 Ἀνάγνωοι
1335 4960 1403 5014 τὰ
1419 4961 1857 5033 παραγραφέντα
1884 4963 1944 5018 ὲν

339 5053 421 5125 τῷ
447 5052 523 5108 λθ⁹
553 5072 678 5124 κεφ.
713 5053 808 5108 τοῦ
841 5052 884 5107 0'
915 5053 1021 5108 τίτ.
1057 5053 1152 5108 τοῦ
1185 5053 1456 5126 παρόντος
1487 5057 1891 5129 συντάγματος.

413 5197 664 5251 ΚΕΦΔΛ.
701 5195 899 5251 lZ'.—-
939 5195 1073 5264 Πῶς
1118 5196 1474 5253 ἐκδικοῦσιν
1520 5201 1574 5252 οἱ
1620 5198 1944 5257 ἐπίσκοποι

342 5289 486 5356 τοὺς
509 5289 874 5360 ἁρμόζοντας
903 5291 1114 5358 αὐτοῖς
1139 5293 1389 5360 τόπους,
1431 5293 1589 5362 παρὰ
1632 5293 1946 5364 αἱρετικῶν

343 5378 808 5450 κατεχομένους.

413 5474 642 5528 Συνόδου
687 5473 1082 5547 Καρθαγέννης
1134 5475 1319 5532 κανὼν
1365 5477 1827 5550 ρκα’.Ἀνάγνωϐι
1874 5479 1944 5535 τὰ

340 5567 782 5638 παραγραφὲντα
812 5571 870 5624 ὲν
901 5569 980 5641 τῷ
1004 5568 1035 5623 ι’
1064 5587 1192 5641 κεφ.
1226 5571 1321 5625 τοῦ
1342 5572 1516 5643 η’ςτίτ.
1547 5571 1644 5626 τοῦ
1670 5572 1944 5645 παρόντος

342 5659 742 5729 συντάγματος.

410 5751 662 5804 ΚΕΦΑΛ.
699 5749 881 5806 ΙΗ¹.-
898 5751 1039 5822 Περὶ
1070 5754 1192 5808 τῶν
1214 5753 1591 5826 πειρωμένων
1613 5755 1840 5811 ἀθετεῖν
1873 5757 1945 5810 τὰ

338 5845 414 5898 ἐν
453 5843 685 5914 Ἐφέσῳ
719 5845 1082 5916 πραχθέντα.

2060 3223 2458 3272 convertantur.

2128 3419 2358 3476 Concilii
2389 3421 2592 3479 Nicaeni
2627 3440 2804 3483 canon
2841 3428 2895 3494 8,
2937 3407 3036 3497 49';
3091 3433 3311 3490 concilii
3356 3435 3652 3496 Laodiceni

2056 3527 2234 3567 canon
2278 3513 2387 3583 68;
2437 3519 2659 3574 concilii
2705 3520 3310 3596 Constantinopolitaui
3360 3546 3540 3587 canon
3583 3532 3649 3601 7;

2055 3607 2275 3662 concilii
2319 3607 2770 3683 Carthaginiensis
2822 3631 2997 3672 canon
3025 3617 3116 3684 47,
3145 3620 3238 3683 57,
3279 3621 3387 3690 66;
3433 3627 3651 3682 concilii

2055 3701 2195 3756 serti
2237 3718 2415 3759 canon
2444 3705 2544 3771 95;
2583 3705 2772 3762 Basilii
2823 3723 3000 3764 canon
3035 3711 3090 3776 1,
3119 3711 3226 3780 47;
3263 3712 3551 3787 Theophili
3583 3733 3654 3776 ex

2054 3794 2285 3865 epistola
2317 3797 2384 3852 ad
2419 3799 2773 3871 Apliyngium
2827 3802 3173 3874 episcopum.
3209 3807 3520 3865 Concilium
3547 3812 3652 3884 Cy—

2053 3888 2232 3957 priani
2280 3887 2660 3961 [temporibus
2717 3893 3007 3967 habitum]
3068 3899 3261 3953 statuit
3307 3911 3368 3957 ut
3415 3904 3653 3974 quicun-

2053 3993 2162 4048 que
2205 3980 2494 4038 haireticus
2565 3985 2633 4038 ad
2679 3993 2887 4040 rectam
2927 3985 3091 4042 ﬁdem
3137 3989 3359 4046 devenit
3407 3995 3650 4064 baptize-

2055 4077 2183 4125 tur:
2215 4071 2597 4128 haereticorum
2644 4072 2956 4150 {lotionem}
2997 4093 3109 4133 non
3148 4097 3270 4139 esse
3311 4085 3646 4156 baptismum

1955 4213 1960 4218 .
2051 4164 2262 4221 dicens.

2122 4279 2281 4339 CAP.
2324 4281 2443 4339 XV.
2485 4314 2551 4324 —
2601 4284 2686 4341 Ne
2732 4288 2965 4358 episcopi
3009 4300 3104 4344 aut
3145 4293 3328 4347 clerici
3381 4293 3646 4350 hn'reticis

2053 4370 2373 4449 [quidpiam]
2417 4377 2632 4447 donent,
2664 4391 2758 4434 aut
2804 4381 2861 4435 in
2896 4385 3221 4439 testamentis
3253 4385 3410 4453 dent,
3452 4397 3646 4443 tamet—

1979 4499 2024 4555 ι)
2050 4467 2098 4520 si
2126 4468 2362 4537 ipsorum
2393 4474 2606 4542 cognati
2634 4473 2763 4529 sint.

2122 4583 2352 4638 Concilii
2390 4584 2839 4658 (Zartliaginensis
2869 4604 3045 4646 canon
3077 4591 3170 4658 25,
3202 4592 3293 4653 8|.
3348 4592 3490 4667 Lege
3520 4612 3646 4668 qum

2048 4687 2314 4733 annotata
2357 4687 2486 4735 sunt
2546 4680 2600 4734 in
2629 4693 2753 4752 cap.
2791 4683 2845 4748 8,
2879 4685 2963 4740 tit.
3011 4685 3079 4740 10
3109 4688 3397 4758 praesentis
3437 4694 3642 4761 aperis.

2119 4861 2272 4918 CAP.
2306 4862 2446 4919 XVI.
2472 4894 2541 4904 —
2571 4863 2648 4920 De
2668 4866 2933 4921 ha’reticis
2955 4870 3315 4936 paenitentiam
3341 4873 3642 4943 agentibus.

2123 4953 2306 5009 Basilii
2339 4969 2516 5009 canon
2539 4953 2593 5009 5.
2622 4954 2764 5025 Lege
2785 4972 2908 5026 quae
2930 4958 2982 5012 in
3011 4961 3296 5028 praesentis
3313 4963 3498 5033 operis
3519 4978 3642 5033 cap.

2048 5043 2139 5114 39,
2174 5046 2257 5100 tit.
2287 5045 2343 5111 9,
2377 5054 2639 5101 annotata
2671 5060 2800 5102 sunt

2123 5178 2278 5236 CAP.
2311 5177 2831 5247 XVll.—-Quomodo
2861 5184 3092 5255 episcOpi
3121 5202 3238 5256 qua:
3265 5188 3395 5257 ipsis
3439 5205 3648 5258 compe-

2053 5283 2197 5340 tunt,
2229 5275 2321 5330 sed
2345 5278 2411 5329 ab
2443 5275 2706 5331 [itereticis
2738 5277 3062 5346 detinentur,
3112 5278 3228 5333 loca
3260 5281 3546 5336 vindicent.

2128 5473 2362 5531 Coucilii
2405 5474 2860 5546 Carthaginensis
2922 5492 3100 5532 canon
3141 5479 3263 5533 121.
3329 5479 3472 5550 Lege
3523 5496 3646 5550 qua!

2045 5577 2309 5624 annotata
2353 5577 2484 5623 sunt
2529 5567 2583 5622 in
2612 5566 2680 5620 ’10
2733 5583 2856 5637 cap.
2891 5569 2974 5623 tit.
3027 5569 3061 5623 8
3095 5571 3380 5640 praesentis
3439 5572 3642 5642 operis.

2053 5786 2068 5802 ρ
2122 5756 2280 5814 CAP.
2317 5754 2604 5811 XVlll.—
2640 5755 2722 5811 De
2753 5756 2819 5811 iis
2870 5757 2961 5828 qui
3021 5756 3302 5825 reprobare
3357 5768 3641 5828 conantur,

2055 5868 2174 5922 qua:
2199 5849 2391 5920 Ephesi
2427 5863 2546 5904 acta
2573 5861 2718 5905 sunt.
