4142 6440
600 401 733 465 1167
1772 394 2039 458 ΡΠΟΤΙΙ
2078 394 2236 456 PATl

2246 393 2591 457 RIARCHZE
2630 392 2720 455 CP
3761 385 3882 454 1163

658 511 894 567 Concilii
935 509 1197 581 Ephesini
1227 524 1405 565 canon
1438 507 1491 563 6.
1541 504 1682 579 Lege
1733 521 1854 577 qua:
1900 506 1955 561 in
1991 520 2115 576 cap.
2155 505 2188 559 5
2215 514 2265 575 Α

2250 538 2265 574 ι
2363 505 2593 559 Συνόδου
2630 502 2857 573 Ἐφέσου
2887 500 3069 558 κανὼν
3102 500 3499 572 ς’.⁹Ᾱνὰγνωοι
3544 501 3618 556 τὰ
3662 519 3886 574 παραγε-

586 608 878 678 prmscntis
916 606 1059 660 tituli
1103 612 1232 660 sunt
1259 611 1544 658 annotata.

2305 597 2602 670 γραμμένα
2636 598 2694 651 ἐν
2725 595 2801 667 τῷ
2829 604 2878 666 γ’
2907 612 3035 666 κεφ.
3066 595 3163 650 τοῦ
3199 596 3468 669 παρόντος
3501 595 3612 650 τῐτ.

1900 978 2309 1065 ΤΙΤΛΟΣ
2407 972 2576 1064 II".

2023 1166 2184 1219 ΠΕΡΙ
2226 1166 2511 1221 ΛΑΙΚΩΝ.

1861 1504 2331 1582 Tl'l'ULUS
2422 1504 2653 1583 XIII.

2010 1693 2118 1753 DE
2178 1689 2459 1751 LAICIS.

2220 1890 2295 1902 .-

663 2026 817 2085 CAP.
845 2024 1141 2081 PRIMUM.
1171 2054 1240 2065 —-
1271 2022 1338 2080 Ut
1379 2024 1469 2095 qui
1505 2023 1699 2088 laicus,
1738 2021 1910 2075 tribus
1950 2018 2190 2073 Domini-
2220 2021 2268 2081 B

2249 2022 2268 2081 ι
2368 2013 2772 2070 ΚΕΦΑΛΔΙΟΝ
2820 2011 2899 2069 A’.
2924 2041 2996 2053 —
3030 2012 3169 2082 Περὶ
3203 2013 3313 2070 τοῦ
3344 2014 3769 2071 ἀποκινεῖσθαι
3790 2014 3885 2070 τὸν

589 2123 665 2177 eis
716 2122 900 2175 diebus
957 2121 1011 2173 in
1044 2120 1257 2173 civitate
1310 2119 1503 2188 degens
1539 2158 1553 2183 ,
1624 2116 1683 2169 in
1750 2114 2028 2169 ecclesiam
2085 2128 2189 2167 non

2294 2112 2513 2167 λαῖκὸν
2540 2108 2651 2177 τῆς
2705 2108 2882 2178 ἁγίας
2918 2108 3235 2175 κοινωνίας
3261 2108 3359 2161 ἐπὶ
3401 2108 3563 2176 τρεῖς
3611 2108 3880 2178 κιιοιακὰς

589 2214 913 2277 convenerit,
941 2232 974 2268 ιι
1002 2223 1198 2267 sancta
1231 2210 1599 2265 communione
1625 2217 1978 2263 removeatur.

2294 2206 2366 2260 ἐν
2406 2205 2584 2259 πόλει
2624 2200 2932 2271 διάγοντα,
2980 2202 3079 2255 καὶ
3126 2199 3213 2270 μὴ
3260 2203 3649 2257 συνελθόντα
3693 2201 3767 2269 τῇ
3791 2201 3876 2254 ἐκ·

2294 2296 2543 2365 κλησίᾳ.

588 2395 611 2415 τ’
654 2415 887 2471 Concilii
909 2412 1251 2470 Sardicensis
1268 2412 1421 2468 can.l
1439 2411 1485 2480 l;
1502 2408 1724 2466 concilii
1744 2409 1882 2464 sexti
1900 2422 2075 2464 canon
2096 2405 2185 2464 80.

2363 2404 2599 2459 Συνόδου
2626 2403 2900 2475 Σαρδικῆς
2921 2401 3105 2456 κανὼν
3131 2400 3200 2457 ια’
3220 2419 3234 2432 ⁸
3266 2402 3492 2457 συνόδου
3512 2401 3592 2471 ς’,
3619 2401 3794 2457 κανὼν
3810 2399 3874 2454 π’.

656 2529 813 2587 CAP.
846 2530 910 2584 ll.
956 2560 1028 2570 —
1064 2528 1135 2582 De
1179 2529 1333 2582 laicis
1372 2528 1568 2582 iterum
1615 2526 1868 2594 srepiusve
1905 2525 2187 2579 matrimo-

2364 2516 2619 2570 ΚΕΦΑΛ.
2645 2513 2723 2574 B'.
2754 2540 2821 2554 -ι
2846 2514 2988 2583 Περὶ
3014 2514 3246 2569 λαϊκῶν
3268 2514 3470 2586 «Scots;
3483 2516 3874 2587 ογαμούντων,

586 2621 736 2675 nium
783 2619 1235 2685 contrahentibus,
1275 2628 1323 2673 et
1352 2618 1527 2673 vetitis
1563 2617 1787 2687 nuptiis,
1840 2632 1904 2670 ac
1961 2614 2184 2671 commi-

2290 2608 2330 2678 ἣ
2363 2608 2902 2679 πολυγαμούντων,
2930 2606 3030 2665 καὶ
3062 2608 3501 2679 κεκωλυμένων
3537 2610 3761 2681 γάμων,
3789 2607 3872 2662 καὶ

583 2713 776 2768 ctione.

2286 2700 2530 2771 μίξεως.

655 2818 1041 2890 Apostolorum
1099 2832 1276 2873 canon
1334 2816 1438 2882 19,
1482 2814 1583 2883 48;
1632 2814 1852 2872 concilii
1903 2814 2183 2886 Ancyrani

2373 2811 2715 2866 Ἀποστόλων
2759 2810 2944 2867 κανὼν
2996 2811 3085 2879 ιβ’,
3145 2810 3268 2884 μη¹’
3320 2813 3549 2868 συνόδου
3617 2812 3869 2885 Ἀγκύρας

579 2928 762 2969 canon
799 2912 885 2976 16,
931 2911 997 2964 17
1020 2927 1033 2975 ;
1059 2910 1278 2965 concilii
1314 2908 1781 2965 Neocmsariensis
1825 2922 2004 2963 canon
2049 2908 2105 2974 2,
2128 2909 2183 2974 5,

2290 2905 2475 2961 κανὼν
2510 2905 2609 2972 ις’,
2648 2906 2735 2972 ιζ”
2776 2907 2999 2961 συνόδου
3039 2908 3473 2979 Νεοκαισαρείας
3499 2908 3687 2963 κανὼν
3718 2907 3777 2979 β’,
3806 2904 3863 2974 γ’,

579 3005 636 3069 4,
670 3006 737 3070 7;
788 3002 1009 3058 concilii
1042 3001 1335 3056 Laudiceni
1375 3016 1553 3056 canon
1590 3001 1640 3068 1,
1694 3000 1775 3062 10,
1804 3000 1862 3055 51
1895 3017 1910 3067 ;
1953 3000 2170 3055 ceucilii

2289 2996 2357 3063 δ’,
2386 2996 2431 3064 ζ’
2451 3014 2464 3028 ·
2500 2998 2720 3052 συνόδου
2743 2999 3069 3063 Λαοδικείας
3099 3001 3279 3053 κανὼν
3302 2998 3374 3067 α’,
3411 2999 3467 3067 ι’,
3498 2999 3587 3055 λα’
3619 3019 3630 3029 ·
3666 2998 3862 3053 συνόδου

578 3094 1045 3152 Chalcedonensis
1108 3108 1284 3148 canon
1346 3094 1464 3159 16;
1534 3093 1755 3148 concilii
1803 3094 1942 3148 sexti
2001 3109 2178 3148 canon

2293 3089 2638 3160 Χαλκηδόνος
2664 3090 2843 3143 κανὼν
2862 3088 2958 3155 ις’·
2990 3091 3209 3144 συνόδου
3235 3090 3313 3157 ς’,
3333 3091 3516 3146 κανὼν
3545 3092 3646 3162 νγ’,
3676 3089 3762 3155 νϐ’,
3780 3086 3860 3158 οβ’.

582 3189 676 3250 53,
717 3188 806 3251 54,
840 3189 933 3251 72,
971 3188 1075 3252 98;
1108 3185 1495 3242 Basiliicanon
1519 3186 1572 3249 4,
1606 3186 1693 3251 18,
1728 3187 1818 3253 23,
1846 3187 1938 3252 24,
1970 3186 2062 3252 41,
2089 3188 2181 3253 50,

2290 3198 2366 3245 ςη
2393 3198 2404 3209 ·
2428 3181 2707 3234 Βασιλείου
2733 3182 2914 3235 κανὼν
2939 3182 3003 3244 δ’,
3039 3180 3130 3253 ιη’,
3161 3180 3246 3253 κγ’
3278 3181 3377 3247 κδ’,
3413 3181 3529 3254 μα’,
3555 3182 3621 3250 ν’,
3651 3181 3745 3251 νγ’,
3770 3178 3860 3247 ξεί,

595 3277 689 3341 55,
724 3276 815 3341 (£6,
849 3277 939 3341 67,
972 3277 1063 3341 75,
1091 3276 1181 3342 76,
1208 3276 1299 3342 78,
1337 3276 1424 3341 79,
1463 3276 1562 3343 80;
1586 3276 1832 3346 ejusdem
1866 3294 1932 3332 ex
1950 3279 2180 3346 epistola

2288 3273 2384 3342 ξιξ,
2416 3272 2518 3343 ξη’,
2552 3272 2644 3341 σε’,
2675 3272 2784 3339 οῖ’,
2818 3272 2919 3345 011',
2951 3272 3050 3340 00',
3084 3273 3167 3327 π¹’
3204 3275 3297 3329 τοῦ
3333 3274 3499 3330 αὐτοῦ
3529 3278 3594 3331 ἐκ
3616 3276 3711 3345 τῆς
3745 3273 3860 3345 πρὸς

577 3369 649 3424 ad
682 3367 1003 3437 Diodorum;
1037 3366 1327 3438 Theophili
1372 3383 1438 3423 ex
1498 3368 1731 3439 cpistola
1774 3370 1841 3425 ad
1882 3370 2176 3442 Agathium
2209 3405 2213 3435 4

2223 3389 2252 3446 3
2288 3365 2557 3437 Διόδωρον
2588 3367 2902 3436 ἐπιστολῆς,
2947 3366 3212 3436 Θεοφίλου
3254 3366 3698 3438 ἀρχιεπισκόπου
3729 3364 3859 3418 Ἀλε-

575 3462 922 3534 episcopum,
2288 3457 2571 3529 ξανδρείας
2628 3461 2693 3512 ἐκ
2741 3460 2840 3528 τῆς
2894 3458 3034 3530 πρὸς
3105 3458 3359 3530 Ἀγάθιον
3406 3460 3709 3515 ἐπίσκοπον
3758 3460 3859 3511 ἑπι-

2286 3552 2502 3621 στολῆς.

570 3658 583 3667 ’
650 3666 869 3723 Tantus.
902 3667 1091 3723 Civilis
1119 3668 1201 3723 lex
1236 3669 1431 3723 iterum
1467 3668 1903 3737 sa‘piusve,etc.,
1926 3674 2173 3741 usquead

2354 3663 2666 3731 Κείμενον.
2709 3661 2768 3716 Ὀ
2797 3660 3072 3725 πολιτικὸς
3107 3661 3270 3733 νόμος
3303 3661 3365 3715 οὐ
3387 3662 3611 3728 κολάζει
3640 3661 3731 3735 ’τὴν
3750 3660 3853 3713 δευ-

576 3758 776 3833 digest.
806 3759 897 3826 58,
934 3760 1024 3825 5i,
1051 3760 1141 3825 55,
1167 3760 1258 3826 67,
1302 3769 1360 3813 ut
1399 3776 1523 3828 pag.
1553 3758 1680 3814 902.

2277 3756 2639 3826 τερογαμίαν,
2666 3755 2698 3826 ἢ
2729 3754 3184 3827 πολυγαμίανέκ.
3205 3773 3254 3809 τ.
3283 3755 3357 3822 λ.,
3380 3772 3564 3826 usque
3590 3755 3656 3811 ad
3683 3756 3766 3808 καὶ
3790 3751 3857 3821 βιν-

2279 3848 2427 3902 6).ίον
2476 3846 2582 3918 κγ’,
2622 3848 2728 3903 τίτ.
2785 3847 2853 3921 β’,
2903 3851 3044 3905 διὰτ.
3078 3849 3182 3921 λη’,
3224 3848 3303 3905 να¹
3337 3848 3435 3918 vs',
3485 3850 3588 3916 ξςν.

646 3965 946 4022 Scltolium.
976 3965 1085 4021 'l‘it.
1142 3964 1197 4032 9,
1246 3965 1343 4020 lib.
1396 3982 1428 4020 ν
1460 3966 1609 4033 cod.,
1665 3982 1773 4021 non
1817 3977 1902 4023 est
1957 3968 2173 4039 positus

2341 3966 2622 4033 Σχόλιον.
2673 3965 2734 4017 '0
2789 3965 2839 4019 0t
2896 3964 3005 4021 τίτ.
3038 3965 3130 4020 τοῦ
3159 3963 3202 4019 ε’
3247 3964 3456 4037 βιϐλίου
3504 3968 3603 4021 τοῦ
3648 3962 3850 4021 κώδικος

571 4060 626 4114 in
650 4056 818 4113 Basil.
845 4056 1069 4112 Novella
1092 4057 1157 4112 de
1192 4058 1420 4128 nuptiis,
1440 4066 1525 4115 est
1571 4060 1787 4113 novella
1821 4059 2171 4131 imperatoris

2280 4056 2382 4111 οὐκ
2408 4058 2566 4128 ἐτέθη
2606 4058 2686 4121 εἰς
2716 4056 2787 4110 τὰ
2818 4057 3107 4112 Βασιλικά.
3150 4058 3215 4112 Ἠ
3245 4058 3302 4112 δὲ
3328 4059 3461 4131 περὶ
3485 4059 3679 4130 γάμων
3701 4049 3848 4122 νεαρά

569 4150 869 4208 JuStiuiani
886 4149 978 4215 22,
998 4151 1171 4220 posita
1197 4149 1327 4222 [que
1343 4150 1449 4224 est]
1473 4152 1527 4204 in
1559 4151 1653 4206 lib.
1673 4150 1838 4207 Basil.
1862 4168 2059 4218 1mm,
2080 4152 2167 4207 tit.

2281 4154 2399 4205 ἐστι
2430 4151 2524 4204 τοῦ
2566 4151 2842 4216 Βασιλέως
2884 4151 3266 4207 Ἰουστινιανοῦ
3301 4151 3472 4223 νεαρὰ
3503 4151 3618 4223 κβ¹,
3645 4146 3846 4217 κειμένη

572 4246 664 4301 1-4.
706 4260 825 4315 cap.
850 4262 890 4311 ι,
923 4243 1033 4316 [ac]
1057 4244 1213 4314 jubet
1248 4259 1594 4315 quaecunque
1623 4246 2014 4314 compendiose
2039 4255 2169 4301 sunt

2278 4245 2339 4298 ὲν
2372 4243 2564 4314 βιϐλίῳ
2593 4243 2704 4297 τῶν
2746 4243 3054 4301 Βασιλικῶν
3094 4242 3202 4315 κη’,
3241 4244 3349 4299 τίτ.
3382 4242 3464 4310 ιδ’,
3495 4261 3625 4315 κεφ.
3660 4239 3720 4297 α’.
3753 4253 3845 4290 παι

572 4336 877 4407 proposita.
916 4335 1090 4405 Legas
1130 4345 1311 4391 autem
1351 4347 1522 4391 totum
1554 4337 1707 4391 illum
1736 4337 1804 4391 M-
1837 4338 1919 4393 tit.
1960 4338 2035 4394 28
2066 4339 2164 4393 lib.

2281 4336 2693 4409 ρακελευομὲνη
2732 4337 2835 4390 ὅσα
2876 4338 2957 4401 εἰς
3005 4336 3068 4391 τὸ
3112 4336 3370 4406 κείμενον
3431 4332 3842 4407 συνωψίσθησαν.

570 4428 656 4502 [ut
675 4429 769 4499 qui
788 4426 865 4500 et]
891 4427 1127 4482 maxime
1142 4429 1491 4484 necessarius
1512 4428 1670 4492 sit,et
1689 4429 1756 4484 de
1774 4429 1907 4485 viris
1923 4430 2168 4485 mulieri-

2277 4430 2391 4484 Καὶ
2424 4429 2701 4498 ἀνάγνωθι
2747 4429 2839 4483 τὸν
2881 4430 3003 4484 ὅλον
3036 4428 3276 4485 τοιοῦτον
3316 4428 3377 4483 ιδ’
3407 4428 3512 4483 τίτ.
3550 4428 3642 4483 τοῦ
3670 4422 3743 4496 κη’
3774 4422 3840 4491 βι-

566 4522 787 4592 busque
820 4523 1045 4592 nuptias
1074 4520 1403 4577 iterantibus
1434 4521 1603 4576 multa
1633 4537 1866 4577 summa:
1905 4522 2168 4577 utilitatis

2278 4523 2431 4576 ϐλίοο
2500 4523 2935 4591 ἀναγκαιότατον
2980 4522 3133 4589 ὄντα,
3188 4523 3283 4576 καὶ
3330 4522 3502 4577 πολλὰ
3553 4520 3842 4577 διδάσκοντα

565 4615 781 4670 doceat.
833 4614 1039 4686 Digest.
1090 4615 1156 4669 10
1180 4625 1232 4669 et
1281 4613 1370 4679 Η,
1402 4614 1483 4669 tit.
1533 4615 1588 4680 2,
1649 4616 1746 4671 lib.
1786 4632 1869 4683 ιιι,
1903 4616 2039 4688 dig.,
2082 4626 2167 4672 est

2275 4612 2675 4686 χρησιμώτατα
2716 4614 2879 4685 χάριν
2912 4613 3463 4686 δευτερογαμούντων
3497 4612 3720 4686 ἀνδρῶν,
3762 4603 3839 4659 και

564 4704 664 4759 lib.
701 4703 870 4759 Basil.
902 4720 1020 4767 χιιι,
1055 4702 1215 4763 tit.2,
1258 4718 1381 4774 cap.
1436 4703 1522 4769 10,
1544 4705 1688 4775 quod
1748 4706 1824 4759 ita
1855 4704 1987 4761 dielt
2016 4723 2031 4759 :
2085 4705 2160 4761 Ex

2203 4767 2242 4778 λ
2275 4705 2576 4776 γυναικῶν.
2633 4707 2707 4760 Τὸ
2743 4704 2795 4771 ι’,
2822 4710 2917 4762 καὶ
2957 4705 3025 4760 ια’
3053 4706 3196 4761 διάτ.
3224 4707 3321 4762 τοῦ
3355 4706 3399 4778 β’
3440 4707 3547 4762 τιτ.
3580 4703 3671 4761 τοῦ
3699 4700 3741 4771 γ’
3771 4698 3839 4769 βι-

565 4796 852 4869 principis
890 4795 1048 4867 jussu
1083 4796 1283 4851 mulier
1306 4796 1448 4851 intra
1468 4797 1652 4853 luctus
1692 4805 1912 4868 tempus
1946 4798 2165 4868 nuptias
2200 4820 2201 4824 η

2206 4767 2250 4827 D
2279 4767 2432 4855 ϐλίου
2464 4801 2572 4857 τῶν
2596 4767 2918 4869 διατάξεων,
2950 4799 3068 4855 ἔστι
3098 4801 3194 4856 τοῦ
3228 4799 3316 4855 κα⁷
3336 4767 3545 4872 βιϐλίου
3571 4798 3674 4853 τῶν
3707 4767 3842 4847 Βασι-

566 4892 770 4947 iterare
802 4898 1021 4960 potest;
1050 4897 1103 4943 et
1124 4903 1243 4958 cap.
1272 4887 1359 4955 ﬂ,
1381 4889 1563 4943 thema
1582 4888 1638 4957 2,
1660 4888 1805 4960 quod
1836 4889 1980 4945 circa
2004 4888 2165 4945 ﬁnem

2277 4893 2450 4949 λικῶν
2480 4894 2584 4948 τίτ.
2617 4893 2684 4966 β’,
2731 4912 2858 4965 κεφ.
2897 4893 2952 4963 ι’,
3003 4894 3147 4949 οὕτω
3193 4894 3373 4965 λέγον,
3424 4893 3585 4949 Κατὰ
3621 4889 3837 4946 κέλευσιν

570 4982 653 5038 sic
686 4981 853 5037 habet
894 4998 907 5036 :
948 4979 1083 5047 Quae
1132 4994 1265 5034 vero
1297 4979 1351 5033 in
1400 4979 1619 5050 lugubri
1690 4978 1884 5053 [anno]
1932 4980 2162 5051 peperit.

2279 4986 2547 5059 βασιλέως
2576 4988 2804 5043 δύναται
2830 4990 2864 5060 ὴ
2895 4990 3034 5061 γυνὴ
3084 4991 3143 5043 ἐν
3171 4989 3253 5061 τῷ
3287 4988 3534 5061 πενθίμῳ
3564 4987 3731 5059 χρόνῳ
3753 4994 3833 5047 γα-

563 5074 752 5157 statim
800 5074 1010 5129 nubere
1066 5080 1267 5143 potest.
1300 5069 1409 5127 Tit.
1442 5073 1688 5139 5,lib.v,
1717 5074 1870 5137 cod.,
1922 5083 2009 5130 est
2060 5074 2158 5128 lib.

2280 5081 2436 5149 μεῖν’
2472 5081 2568 5135 καὶ
2601 5098 2728 5151 κεφ.
2786 5079 2877 5147 ια’,
2908 5080 3052 5153 θέμα
3090 5078 3157 5153 β’,
3211 5083 3345 5154 περὶ
3375 5082 3434 5136 τὸ
3483 5080 3635 5144 τέλος
3687 5072 3834 5129 οὕτως

563 5164 862 5237 Βαεῑι.ξῖ8,
902 5166 991 5221 tit.
1015 5165 1069 5231 5,
1091 5180 1214 5236 cap.
1242 5166 1334 5232 25,
1360 5165 1509 5236 quod
1543 5164 1625 5220 sic
1655 5165 1855 5221 habet:
1878 5165 2164 5222 Neminem

2271 5173 2419 5245 ἕχον,
2464 5172 2529 5228 Ἥ
2579 5174 2637 5229 δὲ
2662 5173 2900 5230 τεκοῦσα
2932 5176 2991 5229 ὲν
3045 5175 3124 5244 τῷ
3154 5175 3405 5247 πενθίμῳ
3428 5170 3729 5246 παραυτίκα
3759 5161 3832 5217 δύ.

556 5258 658 5328 qui
708 5258 813 5314 sub
867 5258 1075 5314 ditione
1109 5256 1183 5313 sit
1222 5255 1455 5313 Romani
1502 5257 1744 5314 nominis
1774 5258 1914 5314 duas
1963 5273 2166 5315 uxores

2272 5285 2428 5323 ναται
2458 5270 2683 5337 γαμεῖν.
2723 5269 2782 5323 ’0
2837 5267 2880 5322 ε’
2932 5269 3044 5325 τίτ.
3073 5269 3169 5323 τοῦ
3226 5267 3267 5322 ε’
3310 5267 3423 5340 βιϐ.
3456 5266 3554 5321 τοῦ
3610 5263 3830 5321 κώδικοςι

560 5353 768 5410 habere
826 5366 1011 5423 posse,
1056 5358 1209 5423 patet
1258 5368 1271 5405 ε
1329 5359 1536 5406 cumet
1588 5350 1643 5405 in
1677 5351 1858 5407 edicto
1908 5354 2161 5422 praetoris

2270 5358 2388 5413 ἔστι
2424 5359 2633 5431 βιϐλίον
2661 5360 2748 5431 κη’
2798 5362 2909 5417 τῶν
2962 5360 3273 5415 Βασιλικῶν
3320 5359 3431 5415 τίτ.
3466 5357 3552 5424 ιε’,
3578 5373 3695 5424 κεφ.
3740 5342 3826 5415 κγ’,

565 5442 888 5516 hujusmodi
922 5443 1181 5498 homines
1218 5441 1443 5497 infamia
1476 5442 1647 5498 notati
1683 5443 1815 5509 sint,
1851 5459 2017 5515 quam
2045 5460 2162 5500 rem

2268 5451 2444 5516 οὕτως
2475 5452 2617 5523 ἔχον,
2642 5452 2849 5509 Οὐδένα
2884 5455 3032 5521 ὅστις
3062 5454 3170 5509 ὑπὸ
3194 5454 3295 5525 τὴν
3320 5452 3598 5508 πολιτείαν
3625 5443 3731 5503 ἐστὶ
3752 5434 3826 5493 τοῦ

562 5545 889 5606 competens
912 5534 1085 5605 judex
1146 5533 1377 5588 inultam
1406 5549 1530 5590 esse
1564 5549 1673 5589 non
1707 5535 1969 5605 patietur.
1999 5534 2106 5591 Tit.
2132 5536 2166 5592 6

2278 5537 2594 5607 Ῥωμαϊκοῦ
2630 5540 2897 5612 ὀνόματος
2953 5542 3048 5596 δύο
3105 5541 3351 5613 γαμετὰς
3403 5540 3658 5596 δύνασθαι
3709 5532 3826 5602 ἔχειν

560 5628 810 5698 ejusdem
841 5628 939 5683 lib.
972 5628 1023 5694 5,
1045 5630 1168 5683 cod.
1199 5636 1285 5682 est
1312 5627 1407 5682 lib.
1444 5626 1609 5683 Basil.
1632 5644 1827 5695 xxvru,
1850 5628 1935 5685 tit.
1959 5628 2013 5697 4,
2044 5645 2169 5702 cap.

2272 5631 2510 5701 φανερόν
2545 5634 2693 5687 ἐστιν
2722 5636 2885 5688 ὁπότε
2921 5636 3017 5689 καὶ
3044 5636 3103 5689 ὲν
3157 5635 3236 5707 τῷ
3257 5635 3399 5689 διάτ.
3426 5634 3519 5688 τοῦ
3549 5628 3825 5702 πραίτωρος

560 5720 668 5787 41,
716 5731 771 5775 et
820 5720 1066 5791 ejusdem
1103 5720 1188 5775 tit.
1250 5735 1374 5792 cap.
1422 5720 1519 5789 M,
1554 5723 1698 5792 quod
1728 5731 1814 5776 est
1864 5722 2053 5778 Const.
2104 5724 2159 5779 6.

2272 5723 2323 5777 oi
2375 5723 2612 5779 τοιοῦτοι
2653 5727 2933 5795 ἄνθρωποι
2978 5730 3011 5801 ἢ
3059 5729 3349 5799 τιμῶνται,
3397 5728 3534 5798 ὅπερ
3574 5709 3822 5798 πρᾶγμαδ

561 5811 681 5865 haec
710 5812 788 5864 ait
834 5812 929 5866 :Si
956 5813 1042 5866 tui
1079 5812 1321 5882 puellam
1358 5822 1544 5867 tutore
1570 5812 1653 5867 vel
1678 5822 1937 5869 curatore
1977 5813 2161 5870 tutelas

2281 5815 2835 5892 ’Λρμόδιοςδικαστὴς
2875 5820 3227 5895 ἀτιμώρητον
3270 5818 3407 5875 εἶναι
3448 5820 3551 5874 οὐκ
3589 5814 3817 5878 ἀνέξεται.

560 5901 647 5958 vel
686 5915 836 5957 cura:
864 5902 1008 5959 ratio
1034 5902 1389 5975 redditaqsit,
1414 5916 1590 5973 eaque
1621 5902 1949 5974 vigesimum
1989 5905 2157 5977 quin-

2282 5909 2342 5962 ’0
2377 5916 2466 5974 ς⁹⁶
2502 5912 2610 5969 τῐτ.
2667 5912 2764 5969 τοῦ
2797 5913 2965 5969 αὑτοῦ
3003 5922 3044 5969 ε’
3072 5913 3422 5987 βιϐλίου,τοῦ
3463 5911 3698 5973 κὼδικος,
3728 5900 3818 5953 ἔστι
