4142 6434
409 419 549 485 1103

1305 414 1901 481 NOMOCANON.'—
1933 410 2085 472 TIT-
2123 410 2298 486 XIII,
2338 411 2501 472 CAP.
2543 412 2593 487 Ι,
2633 413 2719 474 ΙΙ.

3576 406 3713 472 11Ἰο

402 540 500 594 τοῦ
533 535 616 610 κη’
658 536 867 609 βιϐλίου
923 537 1036 592 τῶν
1092 535 1402 591 Βασιλικῶν
1444 535 1551 589 τίτ.
1609 532 1676 597 δ’,
1717 549 1845 601 κεφ.
1884 534 1995 600 μα’.

2106 532 2223 579 tum
2252 539 2460 580 annum
2495 524 2817 593 excesserit,
2869 535 3037 598 atque
3073 523 3710 599 [insuper]'constitutus

404 632 501 685 καί
536 648 676 702 φησι
722 630 782 683 τδ
832 630 915 701 μδ⁹
957 646 1085 699 κεφ.
1116 628 1212 683 τοῦ
1262 627 1430 683 αὐτοῦ
1458 628 1564 681 τίτ.
1614 626 1756 679 διάτ.
1793 623 1855 677 ὃν
1920 620 1999 688 ς’.

405 722 617 786 Ταῦτα,
643 721 739 775 ἐὰν
760 723 794 793 ἠ
824 719 1283 791 ὲπιτροπευθεῖσα
1308 719 1461 791 παρά
1486 736 1653 782 τινος,
1687 719 1783 771 καὶ
1808 716 2003 785 λόγους

402 815 546 888 λάϐῃ
568 814 670 885 τῆς
698 814 1054 886 διοικήσεως,
1098 814 1194 871 καὶ
1238 812 1452 883 ὑπερϐῇ
1484 812 1576 865 τὸν
1623 809 1700 864 κε’
1731 809 2000 875 ἐνιαυτὸν,

405 908 503 961 καὶ
541 906 882 978 παραδράμῃ
920 907 949 960 6
975 906 1285 977 ὡρισμένος
1310 904 1557 967 ἐνιαυτὸς
1579 902 1806 957 δύναται
1831 903 2003 973 αὐτὴν

400 1001 430 1053 6
460 999 555 1054 τοῦ
589 997 1091 1071 ἐπιτροπεύσαντος
1125 998 1241 1062 υίὸς
1288 995 1618 1066 ἀγαγέσθαι.
1656 994 1717 1048 Εἰ
1745 995 1802 1049 δὲ
1855 996 1950 1048 καὶ
1974 992 2004 1047 6

402 1094 589 1164 πατὴρ
623 1093 724 1163 τῆς
754 1092 926 1163 κόρης
949 1089 1222 1145 τελευτῶν
1254 1090 1412 1143 τοῦτο
1435 1088 1639 1161 ᾔτησεν
1690 1086 1832 1141 ὥστε
1878 1104 2001 1139 συν-

401 1185 643 1255 αφθῆναι
660 1186 758 1255 τὴν
775 1183 945 1256 κόρην
962 1182 1042 1253 τῷ
1069 1181 1165 1237 τοῦ
1186 1182 1485 1254 ἐπιτρόπου
1508 1181 1684 1245 παιδὶ,
1704 1179 1801 1234 καὶ
1828 1178 2003 1243 οὕτως

399 1278 430 1331 6
462 1279 639 1349 γάμος
660 1276 922 1350 ἔρρωται.
970 1276 1031 1330 Ὁ
1054 1275 1099 1341 ζ’
1127 1276 1236 1331 τίτ.
1279 1274 1375 1330 τοῦ
1398 1274 1438 1329 ε’
1474 1274 1679 1346 βιϐλίου
1712 1273 1806 1328 τοῦ
1836 1271 2003 1327 κώδια

401 1388 498 1435 κος
529 1373 711 1425 κεῖται
735 1374 816 1435 είς
840 1370 1048 1442 βιϐλίον
1078 1368 1165 1442 κη’
1182 1369 1291 1425 τῶν
1323 1368 1631 1424 Βασιλικῶν
1660 1368 1766 1423 τίτ.
1801 1374 1840 1422 ε’
1870 1385 1997 1437 κεφ.

404 1462 490 1528 κζ’
529 1464 622 1517 καί
654 1482 786 1535 φησι
819 1464 881 1517 τὺ
909 1464 1153 1519 τοιοῦτον
1185 1481 1311 1535 κεφ.
1348 1464 1541 1518 ταῦτα’
1583 1463 1710 1517 Ἐάν
1740 1481 1826 1527 τις
1851 1465 2001 1517 οἱαν-

398 1555 603 1624 δήποτε
632 1556 894 1626 πράττων
952 1557 1131 1629 ἀρχὴν
1193 1556 1471 1628 παραθείη
1518 1556 1699 1627 γῆμαι
1753 1556 1999 1611 ἄκουσαν

400 1649 597 1720 κόρην,
632 1648 665 1720 ἢ
702 1649 948 1703 ἀκόντων
988 1649 1096 1703 τῶν
1136 1650 1341 1719 γονέων
1380 1650 1477 1720 τὴν
1504 1649 1829 1720 οἱανδήποτε
1868 1650 1999 1703 δέκα

399 1738 601 1810 λιτρῶν
635 1739 838 1811 χρυσοῦ
883 1740 1189 1812 πρόστιμον
1240 1740 1383 1811 ὑπὲρ
1424 1739 1598 1809 αὐτῆς
1643 1740 1998 1811 ἐγχειρίσεως

398 1831 612 1887 διδότω.
644 1834 752 1886 Καὶ
786 1834 1083 1904 ότεδήποτε
1108 1834 1422 1905 παυόμενος
1448 1834 1549 1905 τῆς
1574 1835 1749 1905 ἀρχῆς
1777 1834 1853 1906 μὴ
1875 1835 1995 1887 ὲπι⁹

402 1926 640 1997 χειρείτο
665 1928 779 1990 τοῖς
814 1902 1127 1998 τῆς-ἀρχῆς
1152 1902 1473 1997 προνομίοις
1498 1902 1513 1955 ί
1545 1902 1683 1980 εί
1708 1902 1995 1999 ὲπήιχειρήο-
2024 1902 2077 1965 Β

402 2032 489 2067 σει
534 2016 867 2088 χρήσασθαι,
902 2019 996 2071 ἐπὶ
1034 2018 1238 2072 διετίαν
1269 2017 1619 2073 ὲκϐαλλέσθω
1644 2020 1744 2088 τῆς
1788 2019 1997 2084 πόλεως

396 2107 637 2179 ἐκείνης,
664 2112 722 2163 ἐν
813 2111 928 2173 τοῖς
958 2110 1281 2180 προνομίοις
1321 2109 1638 2182 χρήσασθαι
1682 2110 1954 2182 ἐϐουλήθη
1974 2128 1989 2143 ο

393 2199 578 2265 ἔξεστι
621 2202 679 2256 δὲ
720 2204 815 2257 καὶ
843 2206 912 2275 τῇ
963 2204 1124 2277 κόρῃ,
1170 2204 1267 2258 καὶ
1301 2205 1381 2274 τῷ
1432 2204 1641 2275 ταύτης
1674 2206 1846 2275 πατρὶ
1880 2206 1998 2259 δια-

398 2293 785 2367 μαρτύρασθαι
814 2297 945 2367 περ)⁵
989 2296 1206 2364 τούτου,
1231 2298 1314 2352 ὅτι
1355 2297 1623 2369 ἐϐουλήθη
1664 2297 1997 2370 ποιήσασθαι

395 2387 488 2440 τὸν
522 2386 703 2458 γάμον
728 2390 755 2440 6
790 2388 975 2459 ἄρχων
1005 2388 1101 2443 καὶ
1132 2388 1234 2456 τῆς
1257 2388 1661 2460 διαμαρτυρίας
1695 2389 1998 2461 γενομένης

395 2477 599 2542 ἔξωθεν
630 2478 849 2533 ἔσονται
879 2482 978 2551 τῆς
1003 2478 1097 2532 τοῦ
1128 2480 1392 2550 ἄρχοντος
1419 2481 1782 2546 δικαιοδοσίας
1809 2484 1901 2536 ἐπί
1935 2500 1997 2536 τε

396 2571 715 2642 ἐγκλήμασι
748 2573 846 2625 καὶ
890 2574 1141 2645 χρήμασι
1169 2590 1182 2603 ⁶
1217 2574 1315 2628 καὶ
1347 2576 1397 2627 εί
1448 2575 1549 2646 μὲν
1598 2576 1783 2647 ἄρχων
1826 2578 1998 2648 ἐπαρ-

398 2665 523 2734 χίας
553 2664 587 2734 ἢ
637 2664 827 2734 ἄρχων
861 2664 1261 2735 στρατιωτικός
1324 2666 1466 2731 ἐστι,
1515 2666 1858 2735 γινέσθωσαν
1890 2668 1997 2721 ὑπὸ

396 2756 488 2810 τὸν
512 2756 781 2829 ἅρχοντσν
814 2760 862 2811 οἱ
898 2759 1152 2831 ἑκάτεροι
1196 2758 1444 2812 ἔστωσαν
1478 2758 1584 2812 ὑπὸ
1610 2759 1701 2812 τὸν
1747 2759 1993 2830 ἔπαρχον

397 2847 508 2900 τῶν
540 2848 920 2920 πραιτωρίων.
955 2851 1030 2903 Τὸ
1058 2848 1140 2921 λη’
1181 2850 1323 2905 διάτ.
1358 2850 1417 2903 τὸ
1460 2848 1541 2904 να⁹
1574 2849 1670 2903 καὶ
1708 2849 1781 2905 γε’
1814 2850 1994 2904 καὶτὸ

402 2937 480 3003 ξςν
506 2937 599 2991 τοῦ
630 2937 678 3008 β’
706 2940 812 2993 τίτ.
842 2939 938 2994 τοῦ
968 2938 1054 3011 κγ’
1079 2940 1289 3011 βιϐλίου
1314 2940 1423 2995 τῶν
1453 2941 1593 2995 διατ.
1620 2943 1728 2995 εἰσὶ
1759 2942 1995 3013 διάφορα

400 3045 527 3097 κεφ.
561 3028 655 3082 τοῦ
685 3026 747 3095 δ’,
782 3030 878 3084 καὶ
900 3028 964 3098 ε’,
987 3031 1095 3086 τίτ.
1126 3031 1220 3085 τοῦ
1266 3029 1355 3100 κη’
1388 3031 1601 3102 βιϐλίου
1626 3031 1737 3086 τῶν
1776 3032 1997 3085 Βασιλι-

400 3121 543 3173 κῶνο
575 3122 737 3193 ἐτέθη
766 3123 877 3193 γὰρ
902 3124 931 3176 6
966 3122 1009 3193 β’
1039 3123 1148 3178 τίτ.
1185 3122 1281 3178 τοῦ
1312 3123 1398 3193 κγ’
1433 3124 1641 3195 βιϐλίου
1668 3124 1778 3178 τῶν
1808 3125 1997 3181 διατά-

397 3214 537 3280 ξεων
561 3218 643 3281 είς
675 3235 803 3288 κεφ.
842 3215 907 3272 ιϐ’
929 3217 1025 3272 τοῦ
1060 3216 1100 3271 δ’
1124 3217 1227 3272 τίτ.
1258 3217 1354 3272 τοῦ
1383 3216 1470 3289 κη’
1502 3217 1712 3289 βιϐλίου
1742 3219 1854 3272 τῶν
1892 3221 1998 3274 Βα-

399 3308 648 3375 σιλικῶν,
674 3310 769 3364 καί
806 3327 941 3382 φησι
973 3311 1035 3365 τὸ
1068 3309 1154 3382 κβ¹
1192 3328 1319 3379 κεφ.
1358 3311 1500 3366 διάτ.
1545 3310 1605 3364 ὃν
1638 3310 1719 3385 λη’
1751 3313 1779 3365 6
1828 3314 2000 3384 ἐπαρ-

397 3402 493 3473 χίᾳ
518 3402 778 3474 χειρίζων
798 3403 1057 3474 ὀφφίκια,
1086 3403 1149 3457 οὐ
1166 3404 1395 3458 δύναται
1419 3407 1622 3475 γαμεῖν
1650 3406 1749 3476 τὴν
1767 3407 1825 3459 ἐν
1855 3407 1993 3478 αὑτῇ

398 3496 787 3563 γεννηθεῖσαν,
820 3495 851 3567 ἢ
890 3496 990 3566 τὴν
1021 3495 1241 3568 οἴκησιν
1268 3495 1501 3567 ἔχουσαν
1536 3499 1673 3551 ἐκεῖ.
1706 3497 1997 3570 Μνηστεύ-

392 3588 555 3642 εσθαι
588 3588 645 3642 δὲ
671 3591 733 3643 οὐ
763 3589 1055 3656 κωλύεται,
1088 3591 1184 3643 καὶ
1208 3589 1303 3643 ἐάν
1334 3594 1364 3661 ἡ
1396 3591 1534 3662 γυνή
1569 3590 1709 3662 μετὰ
1729 3591 1828 3662 τὴν
1860 3591 1997 3646 ἁπό-

394 3684 547 3739 θεσιν
570 3685 665 3741 τοῦ
708 3687 967 3757 όφφικίου
1002 3687 1077 3760 μὴ
1107 3687 1312 3760 θελήσῃ
1345 3688 1624 3759 γαμῆσαι,
1667 3689 1863 3759 μόνους
1890 3690 1995 3761 ἀρο

394 3779 651 3849 ῥαϐὦνας
666 3780 984 3847 ἀποδίδωσι,
1003 3781 1105 3852 τὴν
1121 3781 1180 3835 δὲ
1202 3781 1746 3853 προμνηστευθεῖσαν
1769 3781 1997 3836 δύναται

394 3873 603 3939 λαϐεῖν,
635 3874 731 3928 καὶ
747 3875 809 3929 οὐ
840 3876 1052 3944 γίνεται
1082 3878 1117 3946 ή
1148 3877 1309 3949 προὶξ
1336 3877 1782 3948 ίσπωμένη,¹ήτοι
1806 3877 1995 3949 ἐξῃτοο

392 3966 620 4036 νεμένη,
656 3967 772 4021 ἀλλ’
835 3967 1054 4039 ἰσχυρά.
1087 3968 1161 4021 Τὸ
1214 3966 1313 4035 κε’,
1346 3986 1472 4039 κεφ.
1514 3968 1723 4036 ταῦταὶ,
1768 3971 1860 4023 ἐπὶ
1896 3970 1994 4025 τοῦ

393 4060 675 4131 ἀθεμίτων
696 4062 893 4132 γάμων
918 4060 1044 4115 οὔτε
1070 4063 1235 4132 προὶξ
1269 4057 1412 4117 εἶναι
1446 4065 1515 4119 τὰ
1559 4064 1881 4119 ὲπιδοθέντα
1908 4066 1994 4120 δο-

393 4155 519 4205 κεῖ·
572 4153 667 4206 καὶ
708 4153 799 4207 διὰ
831 4154 992 4207 τοῦτο
1036 4156 1145 4207 πᾶν
1189 4155 1326 4228 ὅπερ
1374 4157 1437 4209 ἐκ
1479 4156 1590 4209 τῶν
1632 4158 1994 4213 ἐπιδοθέντων

393 4243 539 4314 λόγῳ
563 4245 793 4317 προικὸς
822 4245 1017 4301 ἔλαϐεν
1048 4249 1076 4301 6
1111 4248 1274 4320 δῆθεν
1299 4248 1460 4321 ἀνὴρ,
1505 4250 1824 4322 ἀφαιρεῖται
1860 4253 1993 4323 παρ’

392 4336 562 4391 αὐτοῦ
592 4337 698 4392 κᾶν
719 4338 789 4393 τὰ
821 4340 1059 4411 μάλιστα
1091 4341 1343 4414 καρποὺς
1395 4342 1589 4413 ἔτυχεν
1629 4344 1889 4414 εἰληφώς.
1917 4346 1992 4398 Τὸ

391 4430 440 4500 γ’
464 4431 609 4503 θέμα
636 4432 733 4487 τοῦ
760 4434 927 4488 αὐτοῦ
959 4432 1035 4488 κε’
1073 4453 1200 4505 κεφ.
1239 4436 1440 4500 ταῦτα,
1475 4438 1572 4491 ἐὰν
1594 4439 1623 4491 6
1668 4439 1990 4510 ἐπίτροπος,

386 4525 423 4596 ἢ
458 4527 486 4579 ό
511 4526 805 4598 γενόμενος
834 4530 1127 4601 κουράτωρ
1164 4530 1655 4603 υίοθετήσηταιτὸν
1681 4532 1855 4604 ἄνδρα
1891 4536 1992 4604 τῆς

2109 618 2313 692 [annus
2334 618 2509 691 utilis]
2555 619 2863 675 decurrerit
2890 639 2903 676 :
2935 628 3117 692 potest
3151 619 3324 691 ipsam
3380 615 3577 673 tutoris
3628 616 3710 673 vel

2110 712 2383 768 curatoris
2442 713 2590 768 ﬁlius
2647 711 2933 785 [uxorem]
2984 714 3208 768 ducere.
3263 710 3407 765 Sane
3450 708 3498 764 si
3548 718 3709 780 pater

2118 806 2314 877 puellae
2342 822 2466 862 cum
2512 806 2840 875 decederet,
2872 816 2933 863 ut
2982 806 3073 863 illa
3136 799 3707 880 [inﬁmatrimonium]

2117 902 2320 956 tutoris
2353 902 2439 957 vel
2499 903 2773 958 curatoris
2819 903 2933 959 ﬁlio
2969 903 3316 973 jungeretur,
3353 898 3654 971 postulavit
3689 916 3703 952 :

2110 995 2256 1051 valet
2292 996 2373 1052 sic
2399 1012 2623 1067 quoque
2667 998 3105 1053 matrimonium.
3132 994 3242 1051 Tit.
3274 995 3331 1060 7,
3365 994 3464 1050 lib.
3500 1010 3531 1047 v
3580 992 3704 1047 eod.

2111 1085 2249 1143 situs
2267 1096 2353 1143 est
2376 1088 2429 1142 in
2461 1078 2554 1144 lib.
2589 1088 2753 1145 Basil.
2779 1106 2964 1155 xxvm,
2992 1092 3075 1144 tit.
3100 1090 3157 1155 5,
3180 1104 3301 1160 cap.
3328 1087 3420 1154 27,
3440 1086 3585 1157 quod
3614 1098 3710 1139 ca-

2110 1190 2210 1252 put
2244 1181 2361 1238 haec
2391 1181 2560 1237 dicit:
2620 1183 2676 1236 Si
2697 1183 2837 1253 ;qnis
2859 1183 3299 1253 qualemcunque
3353 1193 3547 1251 gerens
3588 1193 3708 1231 ma-

2110 1271 2428 1343 gistratum,
2463 1271 2700 1342 puellam
2730 1273 2981 1340 invitam,
3014 1280 3111 1327 aut
3158 1270 3349 1326 invitis
3384 1267 3707 1339 parentibus

2109 1364 2556 1436 qualemcunque
2592 1381 2827 1421 uxorem
2860 1367 3060 1422 ducere
3083 1374 3319 1424 conatus
3342 1362 3527 1429 ,‘l'uerit
3559 1382 3573 1418 :
3604 1376 3706 1433 pro

2110 1458 2216 1514 isto
2243 1459 2535 1515 conamine
2569 1460 2759 1515 decem
2798 1460 3061 1515 librarum
3104 1460 3228 1515 auri
3281 1458 3515 1513 multam
3566 1472 3705 1527 pen-

2110 1550 2249 1605 dito.
2276 1550 2511 1617 Quando
2542 1568 2675 1607 vero
2694 1554 3017 1621 magistratu
3053 1552 3271 1615 abierit,
3304 1567 3373 1605 ne
3412 1549 3706 1620 magistra-

2112 1651 2202 1699 tus
2230 1644 2534 1715 privilegiis
2560 1644 2691 1718 [uti]
2721 1655 2954 1701 tentato.
3000 1646 3155 1713 Quod
3181 1646 3225 1701 si
3268 1644 3455 1708 faciat,
3490 1644 3580 1697 illa
3628 1641 3709 1697 ci-

2107 1735 2276 1791 vitate
2322 1736 2375 1790 in
2426 1752 2537 1806 qua
2586 1737 2888 1808 privilegiis
2936 1738 3016 1793 uti
3047 1736 3237 1800 voluit,
3296 1737 3366 1791 ad
3422 1735 3705 1791 biennium

2107 1828 2341 1897 ejieitor.
2386 1829 2539 1886 Licet
2573 1838 2757 1885 autem
2821 1830 3037 1901 puellm,
3083 1830 3313 1900 ejusque
3354 1830 3520 1899 patri,
3556 1826 3705 1898 quod

2106 1925 2461 1996 magistratus
2485 1925 2897 1980 matrimonium
2928 1922 3191 1995 perﬁcere
3216 1923 3471 1987 voluerit,
3504 1921 3573 1976 de
3595 1922 3701 1975 hoc

2105 2018 2424 2074 contestari.
2466 2018 2647 2088 Atque
2688 2015 2798 2089 [ea]
2828 2014 3228 2072 contestatione
3260 2014 3437 2080 facta,
3487 2023 3606 2068 tum
3646 2014 3703 2067 in

2105 2114 2487 2169 criminalihus
2526 2114 2728 2179 tumin
2762 2112 3101 2184 pecuniariis
3129 2109 3417 2184 [negotiis]
3436 2120 3591 2163 extra
3625 2108 3706 2177 ip-

2106 2208 2224 2262 sius
2258 2206 2703 2277 iurisdictionem
2759 2214 2943 2262 erunt.
2980 2208 3045 2261 Et
3090 2208 3135 2261 si
3177 2205 3399 2275 quidem
3432 2202 3549 2276 [qui
3600 2203 3707 2258 hoc

2106 2299 2304 2373 tentat]
2339 2316 2544 2371 praeses
2574 2300 2874 2372 provincia:
2913 2300 3397 2371 autjmagistratus
3445 2297 3707 2352 militaris

2106 2393 2201 2459 sit,
2239 2394 2469 2449 vicarii:
2500 2394 2584 2450 sin
2612 2402 2863 2464 uterque,
2902 2392 2980 2466 [et
3009 2394 3367 2463 magistratus
3390 2390 3706 2447 ordinarius

2103 2486 2463 2560 etvicarius],
2491 2487 2733 2557 praefecti
2790 2488 3048 2559 praetorio
3079 2484 3503 2559 [jurisdietioni]
3564 2483 3703 2539 sub-

2105 2582 2305 2635 sunto.‘
2332 2581 2531 2651 Digest.
2562 2581 2650 2647 38,
2680 2581 2771 2646 5i,
2797 2581 2865 2636 55
2894 2590 2948 2637 et
2979 2581 3069 2647 67,
3100 2581 3241 2635 tituli
3292 2580 3347 2646 2,
3400 2580 3525 2634 libri
3564 2595 3704 2633 xxm

2104 2672 2483 2745 Digest.,'sunt
2508 2674 2731 2729 divorsa
2764 2673 2944 2743 capita
2970 2674 3003 2728 4
3034 2683 3090 2728 et
3111 2674 3145 2728 5
3176 2673 3337 2737 tituli,
3373 2673 3496 2726 libri
3536 2670 3701 2726 Basil.

2101 2781 2294 2822 xxvm.
2327 2765 2550 2822 Positus
2582 2776 2667 2821 est
2702 2766 2846 2821 enim
2875 2767 2957 2822 tit.
2987 2766 3043 2832 ‘2,
3075 2767 3169 2821 lib.
3197 2782 3334 2820 mu
3391 2765 3595 2835 Digest.
3645 2763 3701 2818 in

2104 2874 2227 2930 cap.
2285 2861 2372 2929 19,
2402 2861 2481 2917 tit.
2552 2861 2608 2925 4,
2660 2860 2757 2915 lib.
2812 2877 2981 2915 xxvm
3028 2860 3195 2914 Basil.
3226 2868 3393 2927 atque
3448 2873 3574 2929 cap.
3605 2857 3702 2919 22.

2106 2952 2252 3024 quod
2285 2962 2370 3008 est
2416 2953 2613 3025 digest.
2661 2952 2753 3018 58,
2786 2954 2919 3008 dicit
2977 2972 2991 3009 :
3032 2952 3138 3019 Qui
3174 2952 3229 3005 in
3260 2950 3545 3022 provincia
3584 2946 3703 3004 olli-

2101 3044 2249 3099 cium
2273 3044 2657 3100 administrat:
2676 3045 2802 3101 inde
2826 3045 3138 3110 oriundam,
3160 3046 3241 3099 vel
3270 3044 3341 3098 ibi
3362 3042 3699 3099 domicilium

2104 3136 2395 3192 habentem
2421 3153 2651 3193 uxorem
2691 3138 2894 3194 ducere
2948 3153 3057 3193 non
3107 3146 3307 3210 porest,
3346 3152 3454 3191 non
3515 3144 3699 3191 tamen

2105 3246 2373 3302 Sponsare
2393 3233 2738 3302 prohibetur.
2772 3230 2843 3286 At
2871 3232 2918 3287 si
2945 3232 3142 3285 mulier
3174 3238 3298 3302 post
3321 3228 3483 3285 oﬁicii
3514 3229 3702 3298 dispo-

2105 3321 2359 3377 sitionem
2395 3321 2615 3393 nuptias
2645 3322 2973 3377 contrahere
3027 3321 3185 3386 nolit,
3212 3321 3407 3375 arrhas
3455 3328 3701 3374 tantum-

2108 3415 2272 3469 modo
2290 3414 2488 3470 reddit.
2531 3414 2738 3470 Verum
2779 3423 2942 3470 antea
2994 3414 3354 3484 desponsam,
3391 3412 3469 3485 [in
3502 3411 3699 3467 matri-

2106 3504 2380 3578 monium]
2408 3522 2693 3562 assumere
2742 3515 2920 3577 potest
2956 3524 2970 3573 ;
3001 3521 3177 3577 neque
3210 3505 3312 3561 dos
3359 3504 3570 3561 caduca
3615 3504 3697 3571 ﬁt,

2108 3598 2214 3653 sed
2262 3607 2382 3653 rata
2419 3598 2831 3671 [manct.]Cap.
2890 3599 3125 3665 25,hazc
3166 3598 3333 3665 :Quae
3389 3598 3444 3651 in
3493 3598 3701 3652 illicitis

2106 3690 2312 3761 nuptiis
2361 3692 2487 3746 data
2536 3700 2685 3757 sunt,
2727 3692 2827 3746 dos
2881 3707 3003 3747 esse
3038 3707 3147 3745 non
3204 3691 3481 3753 videntur,
3535 3698 3701 3758 atque

2102 3786 2311 3841 idcirco
2360 3801 2705 3857 quaecunque
2740 3801 2805 3841 ex
2840 3785 2907 3841 iis
2950 3802 3074 3856 qua-
3120 3787 3334 3840 ratione
3389 3786 3532 3840 dotis
3561 3785 3691 3839 data

2104 3888 2253 3943 sunt,
2302 3879 2539 3935 maritus
2595 3877 2849 3950 ceperit:
2902 3880 3119 3935 tametsi
3166 3880 3443 3950 praecipue
3487 3880 3701 3935 fructus

2102 3971 2328 4040 ceperit,
2355 3971 2425 4026 ab
2460 3972 2555 4026 illo
2587 3972 2932 4027 auferuntur.
2978 3971 3238 4041 Ejusdem
3292 3972 3363 4027 25
3391 3987 3512 4043 cap.
3578 3974 3698 4027 the-

2103 4077 2192 4116 ma
2221 4062 2277 4126 5,
2321 4062 2490 4117 Ιιαιοι
2549 4062 2606 4117 Si
2635 4072 2784 4117 tutor
2855 4071 2951 4117 aut
3002 4073 3247 4129 curator,
3307 4063 3437 4117 dum
3506 4078 3698 4117 curam

2104 4153 2264 4222 gerit,
2318 4152 2665 4223 adoptaverit
2696 4154 2955 4209 maritum
2988 4154 3265 4224 quondam
3324 4155 3565 4224 pupillae,
3606 4165 3702 4209 aut

2102 4247 2259 4317 cujus
2288 4258 2509 4302 curator
2536 4246 2732 4315 est,vel
2752 4245 2965 4319 [etiam]
2987 4246 3165 4301 mariti
3202 4256 3411 4317 patrem
3435 4264 3449 4301 :
3474 4246 3697 4317 adoptio

2100 4340 2258 4395 irrita
2282 4346 2384 4407 est,
2418 4355 2529 4395 non
2571 4349 2752 4396 autem
2787 4340 3135 4411 perimuntur
3158 4339 3400 4410 nuptiae;
3434 4339 3697 4411 quemad-

2104 4433 2329 4488 modum
2361 4433 2441 4501 ﬁt,
2475 4434 2699 4504 quando
2733 4434 2858 4503 quis
2892 4447 3153 4504 generum
3200 4448 3365 4487 suum
3400 4434 3697 4501 adoptave-

2102 4528 2195 4581 rit.
2224 4524 2290 4580 Et
2319 4541 2445 4596 cap.
2480 4526 2571 4591 42,
2605 4526 2753 4596 quod
2792 4536 2877 4581 est
2907 4525 3130 4581 constit.
3163 4526 3220 4593 2,
3252 4525 3468 4591 tituliﬁ,
3500 4525 3597 4581 lib.
3638 4541 3691 4579 v.

387 4619 904 4692 ἑπιτροπευθεὶσης,
932 4621 965 4693 ἢ
991 4623 1574 4693 κουρατωρευομένης,
1600 4624 1632 4696 ἢ
1664 4624 1757 4677 τὸν
1774 4624 1991 4697 πατέρα

2102 4618 2224 4673 cod.
2276 4620 2438 4673 haec:
2499 4616 2919 4690 Emancipatmn
2976 4619 3199 4689 quidam
3240 4619 3413 4673 ﬁlium
3461 4618 3691 4683 habens.

386 4713 647 4785 αύτῆς,ή
682 4715 831 4779 θέσις
857 4716 1063 4787 ἄκυρός
1080 4717 1336 4782 ὲστιν,ού
1370 4718 1469 4788 μὲν
1504 4721 1532 4771 6
1564 4718 1743 4788 γάμος
1777 4718 1987 4785 λύεται,

386 4806 587 4879 ὥσπερ
629 4806 822 4861 λύεται
856 4807 1025 4879 ἡνίκα
1062 4826 1148 4872 τις
1178 4809 1269 4863 τὸν
1301 4808 1432 4863 ίδιον
1461 4808 1712 4881 γαμϐρὸν
1744 4809 1989 4879 υίοθετή-

388 4918 575 4972 σηται.
609 4901 719 4956 Καὶ
752 4902 813 4956 τὺ
842 4900 929 4973 μβ⁹
960 4921 1088 4973 κεφ.
1115 4902 1256 4957 διάτ.
1294 4902 1353 4956 ὃν
1383 4902 1427 4973 β’
1460 4902 1556 4956 τοῦ
1609 4901 1663 4969 ς’
1693 4904 1797 4958 τίτ.
1827 4903 1922 4957 τοῦ
1948 4901 1988 4956 ε’

391 4994 503 5063 βιϐ.
528 4992 624 5047 τοῦ
654 4993 889 5058 κὼδικος
912 4996 1110 5050 ταῦτα’
1132 4995 1273 5067 ἔχων
1301 5013 1385 5061 τις
1418 4995 1770 5061 αὐτεξούσιον
1798 4997 1985 5061 παῖδα,

388 5087 489 5139 καὶ
522 5086 743 5159 νύμφην
763 5088 914 5159 αὐτῷ
934 5090 1208 5159 ἀγόμενος
1240 5090 1382 5161 μετὰ
1418 5089 1520 5161 τὴν
1554 5090 1648 5142 τοῦ
1678 5091 1858 5161 γάμου
1890 5090 1986 5145 σύ-

390 5196 584 5232 στασιν
614 5180 716 5251 ήδη
749 5181 959 5235 παίδων
992 5182 1297 5253 τεχθέντων
1330 5182 1440 5236 ἀπὸ
1475 5182 1577 5251 τῆς
1597 5183 1816 5253 νύμφης
1848 5183 1983 5236 ὼνοο

390 5267 575 5340 μάσθη
614 5270 903 5341 κουράτωρ
936 5274 1004 5343 τῇ
1038 5272 1146 5343 ίδίᾳ
1175 5274 1365 5344 νύμφῃ
1386 5290 1398 5304 ⁸
1435 5275 1463 5327 6
1490 5273 1547 5326 δὲ
1576 5273 1768 5327 τούτου
1799 5278 1924 5338 ταῖς
1958 5276 1986 5327 6

386 5362 489 5431 τῆς
524 5362 748 5434 νύμφης
795 5364 939 5436 ἀνὴρ
992 5366 1317 5437 εὐλαϐηθεὶς
1360 5368 1574 5439 μήποτε
1619 5368 1924 5432 ἁσύστατος
1958 5371 1986 5421 ό

387 5454 569 5524 γάμος
602 5454 832 5525 γένηται
856 5458 1133 5529 προφάσει
1183 5461 1286 5529 τῆς
1323 5458 1415 5513 τοῦ
1444 5460 1655 5533 πατρὸς
1702 5477 1985 5532 κουρατω-

389 5548 543 5618 ρείας
596 5549 795 5621 ἐδεήθη
854 5548 1160 5619 βασιλέως,
1212 5550 1310 5605 καὶ
1365 5552 1694 5624 ἀντιγράφει
1749 5553 1840 5606 τὸν
1883 5553 1985 5625 μὲν

385 5642 565 5713 γάμον
627 5642 907 5714 ἐρρῶσθαι
959 5642 1101 5714 πλὴν
1131 5642 1451 5698 παύσασθαι
1501 5644 1595 5698 τὸν
1642 5646 1857 5717 πατέρα
1884 5648 1984 5717 τῆς

384 5736 820 5808 κουρατωρείας,
864 5737 960 5791 καὶ
1007 5736 1186 5792 ἄλλων
1241 5737 1658 5792 κατασταθέντα
1688 5738 1983 5810 λογοθετη-

382 5832 547 5902 θῆναι
575 5832 667 5886 ὑπ’
689 5832 854 5887 αὐτοῦ
896 5834 987 5889 τὸν
1027 5832 1259 5905 πατέρα.
1305 5833 1460 5888 Ἐπεὶ
1491 5833 1547 5886 δὲ
1580 5833 1817 5905 διάξοροι
1852 5852 1978 5904 κεφ.

385 5923 853 5998 κατεστρώσαμεν
884 5925 941 5981 ἐν
991 5923 1071 5997 τῷ
1106 5925 1251 5980 τέλει
1298 5925 1393 5979 τοῦ
1445 5925 1717 5998 παρόντος
1748 5924 1815 5998 β’,
1853 5943 1978 5998 κειρ.

2096 4716 2389 4778 postquam
2432 4706 2535 4777 ipsi
2562 4723 2793 4763 uxorem
2856 4708 3114 4772 duxerat,
3160 4708 3520 4764 matrimonio
3571 4708 3688 4779 jam

2095 4800 2254 4866 inito,
2284 4809 2450 4870 atque
2474 4800 2749 4871 susceptis
2776 4800 2991 4865 liberis,
3024 4800 3345 4871 designatus
3378 4809 3463 4855 est
3525 4803 3688 4857 nurui

2095 4909 2211 4950 suae.
2239 4902 2481 4948 curator.
2513 4892 2660 4965 Ergo
2698 4892 2866 4964 hujus
2901 4892 3071 4959 ﬁlius,
3122 4909 3296 4949 nurus
3329 4894 3585 4958 maritus,
3620 4910 3690 4948 ne

2101 4986 2313 5042 ideirco
2363 4987 2784 5043 matrimonium
2817 4986 3119 5058 perimatur
3150 4997 3427 5053 metuens,
3480 4989 3693 5060 suppli-

2097 5080 2638 5151 cavitjimperatori.
2681 5081 2732 5138 Is
2764 5082 3047 5152 rescripsit
3104 5082 3515 5139 matrimonium
3564 5084 3689 5153 qni-

2091 5174 2213 5229 dem
2249 5183 2430 5228 ratum
2476 5188 2622 5240 esse,
2654 5173 2750 5229 sed
2783 5186 2993 5244 patrem
3021 5189 3050 5228 a
3088 5190 3220 5229 cura
3267 5174 3536 5231 desistere
3568 5176 3688 5246 [de-

2091 5267 2246 5340 bere]
2289 5282 2393 5323 :ac
2425 5267 2724 5323 substituto
2757 5269 2887 5335 alio,
2923 5269 2992 5324 ab
3030 5269 3124 5323 illo
3149 5269 3389 5323 rationes
3420 5283 3683 5339 repetere.

2092 5360 2247 5415 Enim
2276 5376 2402 5415 vero
2431 5362 2693 5431 quoniam
2716 5362 2784 5415 de
2830 5362 3131 5433 illegitimis
3164 5362 3496 5433 nefariisque
3540 5378 3683 5430 nup-

2089 5453 2178 5509 tiis
2219 5454 2387 5508 multa
2414 5452 2573 5525 [jam]
2604 5469 2724 5523 cap.
2768 5454 2823 5509 in
2858 5454 2967 5510 ﬁne
3004 5455 3291 5526 praesentis
3322 5456 3358 5510 2
3411 5473 3533 5527 cap.
3581 5472 3682 5527 pu-

2089 5548 2327 5613 suimus,
2356 5564 2593 5618 quorum
2634 5549 2743 5604 alia
2783 5550 3028 5620 legitime
3063 5550 3429 5607 constitutum
3489 5553 3684 5606 matri-

2089 5641 2336 5696 monium
2382 5657 2449 5695 ex
2509 5641 2862 5711 postmodum
2897 5642 3321 5713 superveniente
3370 5644 3516 5699 malo
3567 5659 3680 5700 non

2088 5736 2321 5792 dissolvi
2358 5736 2537 5801 aiunt,
2586 5737 2691 5792 alia
2740 5753 2871 5793 vero
2913 5738 3046 5794 illud
3082 5739 3394 5795 dissolvunt
3424 5758 3438 5795 :
3466 5757 3677 5811 qumro,

2087 5829 2154 5884 de
2180 5844 2289 5899 quo
2308 5844 2452 5900 saepe
2485 5828 2539 5885 in
2579 5829 2831 5885 conciliis
2880 5832 3114 5901 quaestio
3146 5840 3293 5886 mota
3316 5844 3420 5897 est,
3456 5836 3500 5888 si
3551 5834 3681 5904 quis

2088 5933 2384 5997 postquam
2417 5933 2561 5982 recte
2600 5925 3009 5983 matrimonium
3042 5929 3398 5997 contraxerit,
3425 5942 3551 5986 cum
3583 5945 3679 5987 so-
