2071 3212
56 778 110 791 -.ιτ-

283 205 350 238 1171
882 204 1017 235 PHOTII
1036 205 1175 236 PATRIA
1181 206 1292 237 RCIIE
1310 208 1364 238 CP-
1859 211 1924 244 11ῗῖ

282 271 331 292 cru
347 270 396 291 sua
421 262 501 300 [alia]
523 271 555 291 ve
584 270 638 299 qua
653 269 768 291 uxorem
798 269 877 290 suam
909 262 1076 298 contingenu

1138 264 1219 300 χάριν
1246 266 1425 301 παρανόμων,
1452 266 1499 293 καὶ
1525 267 1662 302 ἀθεμίτων
1688 268 1800 303 γάμων,
1814 270 1861 296 καὶ
1873 271 1928 298 τινὰ

280 317 400 345 persona
419 316 449 338 se
462 309 589 344 incestet,
605 309 727 337 solvetur
744 308 802 344 [ne]
815 308 1033 341 matrimonium.
1046 317 1081 337 an

281 354 585 391 non?LNequaquam;
615 355 664 383 sed
694 355 791 383 incesti
821 355 982 390 punientur.
1010 355 1082 384 Dicit

281 408 403 436 namque
423 402 466 429 lex
482 402 509 429 in
530 402 578 429 lib.
595 410 625 434 tt,
639 402 682 430 tit.
713 402 740 436 5,
760 409 821 438 cap.
851 403 899 434 85,
916 402 1035 430 themate
1052 402 1080 430 2.

281 446 351 481 Quae
361 448 396 476 ab
411 448 491 475 initio
507 453 566 476 rata
583 448 732 485 [fuerunt,]
750 457 783 477 ex
800 454 863 485 post
884 449 957 477 facto
971 457 1024 477 non
1039 449 1081 476 in-

280 493 437 521 ﬁrmantur.
454 494 556 522 Verum
571 496 594 522 si
617 503 681 523 cum
699 496 822 523 nondum
840 496 965 529 solemne
992 495 1080 523 sacri-

280 540 375 568 ficium
406 541 574 569 celebratum
601 541 694 576 fuerit,
711 543 758 571 sed
777 543 918 579 sponsalia
945 543 1081 571 duntaxat

279 587 487 621 intervenerint,
516 587 650 626 [futurus]
674 591 790 618 maritus
804 598 867 618 cum
893 598 974 618 socru
992 590 1081 618 aliave

279 640 412 668 spmisam
443 642 521 662 suam
549 637 684 670 sanguine
703 637 880 672 contingente
905 644 1024 672 persona
1050 644 1080 664 se

279 678 422 712 polluerit,
439 679 668 707 'mortiiicabitur
694 681 904 709 matrimonium
933 691 940 709 :
970 680 1077 717 [idque]

276 728 391 758 propter
423 725 545 760 regulam
564 734 626 761 qua
646 726 725 760 dicit,
755 726 779 755 si
796 735 840 755 res
864 726 1023 763 [qutepiam]
1049 727 1078 754 in

280 769 368 806 [eum]
386 773 488 798 statum
505 772 643 806 deveniat,
657 781 712 808 quo
732 773 760 800 in
785 772 884 809 [statu]
908 774 987 801 initio
1010 781 1078 802 con-

277 816 379 844 sistere
393 817 546 852 nequisset,
562 818 639 846 irrita
648 823 690 846 est
707 828 713 845 :
732 818 802 856 [tum
814 819 886 855 ideo]
898 820 991 853 etiam,
1004 820 1078 855 quod

277 861 403 890 incestus
419 862 538 890 scienter
551 871 606 891 non
622 865 810 899 permittatur.
831 866 921 901 Atque
936 865 995 893 haec
1016 866 1077 901 qui-

278 907 340 935 dem
359 915 456 936 eorum
470 916 531 943 qua:
554 917 569 937 a
584 910 742 945 patriarcha
761 912 958 947 compendiose
976 920 1077 948 propo-

278 955 331 983 sita
360 959 437 988 sunt,
459 955 729 992 interpretandorum
764 965 848 987 causa
879 959 981 995 scripta
1011 960 1077 988 sint.

279 1001 359 1029 Scias
392 1009 459 1030 vero
487 1003 561 1038 quod
589 1003 643 1031 hoc
665 1012 788 1039 praesens
812 1006 963 1033 secundum
991 1012 1074 1042 caput

277 1048 367 1076 multa
395 1049 568 1085 expositione
601 1050 732 1086 indigeat.
757 1051 849 1079 Multa:
878 1052 1015 1088 siquidem
1051 1058 1078 1081 et

278 1093 397 1122 diversae
411 1095 485 1131 leges
500 1096 534 1124 de
548 1095 696 1131 prohibitis
719 1098 823 1133 nuptiis
840 1098 901 1126 lata:
913 1104 988 1127 sunt.
1016 1099 1076 1127 Ca:-

278 1145 370 1169 terum
398 1142 528 1177 quoniam
558 1148 708 1171 tractatum
724 1145 758 1173 de
779 1145 891 1180 nuptias
913 1145 1077 1174 iterantibus

274 1188 333 1223 jam
351 1188 561 1223 explanavimus
576 1199 583 1217 :
599 1190 691 1219 discas
718 1191 801 1219 etiam
820 1200 882 1228 quas
901 1193 1002 1228 sazpius
1020 1201 1077 1221 ma-

277 1235 441 1262 trimonium
462 1236 669 1271 contrahentes,
695 1238 851 1274 vetitasque
870 1240 981 1275 nuptias
1006 1247 1074 1268 con-

276 1283 406 1310 cernunt.
421 1279 445 1307 A
458 1281 543 1309 veleri
555 1281 673 1318 [itaque]
684 1283 742 1319 lege
756 1289 843 1312 terna:
853 1286 1077 1321 agnoseebantnr

275 1327 391 1361 nuptim.
405 1325 588 1364 Posteaquam
607 1335 699 1358 autem
716 1333 1076 1369 temporibusimperatoris

275 1371 371 1400 domui
392 1373 494 1402 Leonis
514 1374 654 1411 Sapientis
669 1376 697 1404 in
710 1377 833 1406 Ecclesia
854 1379 926 1408 inter
938 1380 1076 1415 principes

274 1419 453 1447 sacerdotum
466 1420 587 1449 schisma
602 1422 703 1450 factum
713 1428 787 1452 esset
802 1425 902 1460 (major
920 1427 997 1459 enim
1012 1433 1076 1461 pars

274 1466 372 1494 tertias
388 1468 499 1502 nuptias
510 1476 564 1496 non
578 1470 865 1506 concedebat),eaque
879 1472 978 1500 divisio
987 1480 1076 1508 usque

275 1510 310 1538 ad
324 1510 471 1548 [tempora]
491 1512 538 1540 filii
551 1513 611 1549 ejus
635 1514 811 1550 imperatoris
829 1517 1076 1546 domniConstan~

276 1557 327 1584 tini
359 1558 630 1594 Porphyrogennetae
660 1561 817 1590 durasset:
851 1563 975 1599 evulgata
1009 1569 1076 1592 tunc

275 1603 381 1631 decisio
401 1609 454 1638 est,
476 1613 538 1641 quae
562 1607 799 1637 reconciliationis
813 1609 925 1643 dicitur,
942 1618 1003 1646 qua:
1021 1615 1076 1639 tra-

279 1654 347 1682 ctat,
363 1651 474 1685 quando
492 1652 580 1680 tertiae
590 1654 693 1688 nuptiae
708 1656 914 1691 pel-mittantur,
926 1662 953 1685 et
965 1658 1075 1693 quando

275 1703 350 1730 non;
373 1705 456 1732 quam
472 1698 643 1727 decisionem
673 1700 895 1736 interpretationi
911 1703 929 1731 4
959 1704 1076 1732 canonis

275 1743 366 1771 sancti
382 1743 477 1772 Basilii
503 1745 636 1773 insertam
663 1746 733 1783 lege.
750 1747 840 1784 Supra
865 1750 960 1778 tertias
982 1756 1074 1779 autem

275 1789 387 1824 nuptias
400 1790 472 1818 haud
485 1799 608 1827 unquam
624 1794 693 1821 alias
705 1794 763 1822 ﬁeri
780 1795 894 1823 dixeris.
904 1795 973 1824 Nam
988 1797 1076 1825 tertia:

275 1834 360 1861 etiam
377 1836 480 1870 nuptiae
498 1844 514 1863 a
532 1838 671 1866 veteribus
686 1839 794 1874 legibus
813 1840 974 1876 πθλυγαμία
998 1842 1075 1870 dice-

275 1880 388 1908 bantur.
423 1881 511 1911 Porro
527 1884 560 1911 de
581 1884 674 1913 vetitis
693 1886 796 1921 nuptiis
816 1887 876 1923 lege
891 1888 903 1916 l
919 1892 946 1916 et
971 1888 1074 1925 ﬁcap.,

278 1926 349 1953 tituli
362 1927 391 1959 5,
421 1927 485 1956 libri
513 1938 609 1958 xxvnt.
639 1931 771 1960 Dividunt
785 1933 858 1961 enim
881 1936 1074 1970 cognationem

275 1972 425 2007 trifariam,
454 1976 481 2002 in
514 1978 707 2012 ascendentes,
733 1978 942 2015 descendentes,
971 1986 998 2009 et
1028 1982 1075 2018 qui

275 2020 465 2057 [contingunt]
482 2029 514 2049 ex
528 2028 697 2051 transverso.
713 2026 750 2052 Ex
769 2026 871 2060 quibus
883 2027 1073 2061 ascendentes,

276 2068 387 2101 quidem
410 2069 476 2101 sint,
499 2076 638 2105 parentes,
659 2073 713 2104 avi,
734 2078 761 2099 et
781 2074 910 2109 deinceps
928 2084 933 2101 :
958 2075 1074 2103 descen-

275 2115 371 2142 dentes
387 2123 462 2148 vero,
476 2116 534 2149 filii,
550 2123 673 2153 nepotes,
688 2126 863 2154 pronepotes,
884 2127 911 2148 et
925 2121 1052 2157 deinceps
1068 2134 1074 2149 ;

275 2169 309 2187 ex
325 2166 482 2189 transverso
499 2169 591 2190 autem
609 2164 718 2196 fratres.
735 2166 829 2194 fratris
845 2167 985 2195 sororisve
1016 2169 1074 2200 ﬁlii,

277 2208 370 2240 patrui
390 2209 431 2235 vel
459 2210 601 2241 avunculi,
628 2213 779 2246 patrueles,
808 2219 835 2240 et
851 2215 990 2250 deinceps.
1013 2215 1074 2252 [Ac]

275 2253 374 2280 deinde
390 2254 504 2282 alteram
519 2257 601 2283 etiam
613 2258 726 2286 abusive
744 2261 936 2295 cognationem
966 2262 1072 2294 dicunt,

275 2307 338 2333 qua:
351 2307 382 2327 ex
399 2301 530 2329 afﬁnitate
545 2303 603 2330 sive
626 2305 829 2341 συμπενοερὶας
846 2312 898 2334 est.
915 2307 966 2334 Ubi
981 2313 1073 2335 autem

275 2345 370 2373 haedo
386 2346 439 2383 [re]
470 2356 626 2378 sermonem
656 2351 820 2385 habuerunt,
837 2358 919 2389 atque
940 2355 1076 2391 cujusque

276 2392 449 2425 cognationis
461 2394 563 2427 gradus
576 2395 730 2423 docuerunt
748 2407 753 2424 :
770 2398 975 2426 ascendentium
993 2405 1076 2434 atque

275 2437 501 2466 descendentium
520 2442 640 2475 nuptias,
656 2444 766 2471 etiamsi
779 2453 809 2471 ex
829 2445 957 2480 legitimis
972 2447 1076 2482 nupliis

278 2483 361 2519 [nati]
375 2492 429 2511 non
444 2485 509 2517 sint,
536 2486 563 2513 in
588 2487 726 2516 infinitum
756 2491 897 2525 prohiberi
921 2498 1074 2520 asserunt:

277 2538 310 2556 ex
326 2535 483 2557 transverso
500 2537 590 2559 autem
604 2541 784 2570 cognatorum
800 2537 1024 2571 coniunctionem
1039 2539 1074 2566 ab

277 2581 376 2603 octavo
394 2578 479 2612 gradu
497 2578 611 2607 liberant
627 2581 741 2615 faciunt,
759 2590 791 2610 ae
808 2584 936 2612 similiter
949 2585 1073 2613 affinium

277 2623 388 2658 nuptias
408 2632 497 2659 usque
513 2625 546 2652 ad
559 2632 666 2654 sextum
680 2629 795 2663 gradum
814 2633 1073 2660 eonnttmerandutn

279 2669 441 2704 impediunt.
468 2670 570 2699 Verum
590 2679 738 2710 postquam
759 2679 931 2712 temporibus
955 2681 1073 2709 sanctis-

276 2717 364 2744 simus
385 2716 458 2745 illius
486 2718 650 2752 patriarclne
668 2722 760 2749 domui
777 2724 876 2757 Alexii,
895 2726 928 2752 (le
958 2727 1075 2761 septimo

276 2764 361 2797 gradu
375 2765 643 2799 consanguineorum
661 2768 795 2797 dubitatio
811 2772 907 2799 incidit
926 2773 1075 2809 (negabant

276 2811 348 2838 enim
365 2812 477 2847 quidam
493 2819 575 2840 nosse
592 2816 748 2851 quempiam
766 2820 855 2852 patrui
870 2820 962 2855 magni
990 2829 1075 2856 nepo-

277 2859 311 2886 tis
331 2860 413 2887 tiliam
431 2862 530 2891 ducere
542 2871 667 2894 uxorem,
683 2870 826 2899 propterea
842 2868 915 2901 quod
937 2876 951 2894 a
968 2868 1075 2903 legibus

278 2908 551 2943 consanguineorum
580 2911 683 2946 nuptia:
704 2912 738 2938 ab
756 2912 835 2941 initio
849 2915 937 2943 octavi
971 2915 1074 2950 gradus

275 2957 494 2990 permutantur:
525 2960 569 2987 alii
601 2968 665 2988 vero
700 2961 875 2995 opponebam
902 2963 1075 2999 cognationis

1138 311 1188 347 μὲν
1206 312 1238 338 ὲκ
1259 312 1363 339 τούτων
1386 312 1469 347 φασὶν
1495 312 1532 348 μὴ
1555 313 1667 340 λύεσθαι
1682 314 1727 340 τὸν
1740 314 1794 350 ήδη
1811 315 1928 351 νομίμως

1137 357 1274 384 συστάντα
1312 358 1402 392 γάμον
1430 358 1463 384 ἐκ
1492 357 1540 385 τοῦ
1569 359 1715 394 γενομένου
1747 361 1837 387 κακοῦ
1866 363 1930 397 μετὰ

1135 403 1235 436 ταῦτα,
1253 403 1315 431 τινὰ
1330 404 1358 431 δὲ
1371 404 1465 431 λύουσι
1491 405 1537 431 τὸν
1552 405 1652 441 γάμον.
1681 406 1796 443 Ἑρωτῶ
1808 408 1872 442 περὶ
1885 409 1928 435 τοῦ

1136 449 1267 482 πολλάκις
1283 450 1471 486 ἐρωτηθέντος
1497 451 1657 484 συνοδικῶς,
1673 452 1719 479 ἐὰν
1734 453 1808 488 μετὰ
1822 454 1869 480 τὸν
1882 463 1929 481 κα-

1135 495 1189 527 λῶς
1206 496 1344 523 συστάντα
1360 497 1450 532 γάμον
1462 497 1610 534 συμφθαρῇ
1625 508 1667 531 τις
1682 499 1752 534 μετὰ
1768 500 1820 534 τῆς
1831 501 1929 532 οἰκείας

1135 542 1283 578 πενθερᾶς,
1304 543 1395 579 ῆτινος
1414 544 1563 580 προσώπου
1586 546 1753 580 συγγενικοῦ
1769 548 1804 582 τῇ
1826 550 1928 584 γαμετῇ

1135 589 1218 616 αὑτοῦ
1234 589 1381 625 λυθήσεται
1394 591 1408 617 ὁ
1420 591 1548 627 γάμος,ἢ
1567 591 1596 617 οὐ
1610 592 1747 628 οὐδαμῶς,
1765 593 1826 620 ἀλλ’
1843 595 1927 620 ἐπιτι-

1135 635 1307 671 μηοήσονται
1333 636 1358 662 ot
1381 636 1431 671 τὴν
1455 637 1620 672 αἱμομιξίαν
1643 638 1838 673 ποιησάμενοι.
1864 640 1929 675 Φησὶ

1133 682 1188 718 γὰρ
1206 684 1219 709 ὁ
1235 682 1317 718 νόμος
1335 683 1364 709 ὲν
1381 682 1475 718 βιϐλίῳ
1491 683 1513 718 β’
1536 684 1591 711 τίτ.
1609 684 1633 718 γ’
1646 693 1708 719 κεφ.
1734 684 1778 712 πε’
1794 684 1891 721 θέματι
1903 685 1926 712 ι’·

1134 730 1175 756 Τὰ
1192 730 1220 763 ἐξ
1245 730 1335 765 ἀρχῆς
1353 729 1450 764 βέῦαια
1474 731 1507 757 ὲκ
1521 730 1576 757 τῶν
1604 731 1864 766 ὲπισυμὸαινόντων
1882 733 1927 759 οὒκ

1133 777 1310 812 ἀκυροῦνται.
1332 777 1363 803 Εἰ
1375 776 1404 803 δὲ
1420 776 1471 804 οὐκ
1490 777 1592 812 ἔφθασε·
1607 777 1734 812 γενέσθαι
1751 778 1844 805 τελεία
1860 779 1926 814 ἱερο-

1132 824 1269 857 τελεστία,
1287 823 1354 850 ἀλλὰ
1380 824 1450 859 μόνη
1473 823 1606 860 μνηστεία
1627 825 1867 860 παρηκολούθησε,
1884 825 1927 851 καὶ

1133 871 1203 907 μετὰ
1233 870 1336 906 ταύτην
1352 871 1511 906 συνεφοάρη
1536 872 1551 898 ὁ
1572 870 1698 906 γαμϐρὸς
1711 872 1744 907 τῇ
1766 871 1925 907 πενθερᾷ,ἦ

1132 917 1220 953 ἑτέρῳ
1238 917 1395 953 συγγενικῷ
1409 916 1549 953 προσώπῳ
1563 917 1613 952 τῆς
1630 918 1755 953 μνηστῆς
1770 916 1866 950 αὑτοῦ,
1879 918 1925 951 ἐμ-

1093 968 1117 998 Β
1131 963 1327 999 ποδισοήσεται
1352 965 1365 990 ὁ
1386 963 1476 999 γάμος
1491 963 1536 990 διὰ
1559 963 1605 990 τὸν
1625 963 1728 990 κανόνα
1744 963 1794 990 τὸν
1817 963 1924 997 λέγοντα

1132 1009 1205 1045 θέμα
1221 1010 1366 1045 περιϊστᾷν
1390 1009 1431 1040 είς
1443 1007 1521 1041 τάξιν
1548 1008 1612 1044 ἑξῆς
1627 1009 1678 1044 τὴν
1693 1009 1785 1045 ἀρχὴν
1805 1009 1855 1035 οὐκ
1868 1008 1924 1035 ἐδύ-

1130 1064 1195 1084 νατο
1214 1056 1358 1090 συστῆναι,
1373 1055 1476 1091 ἄκυρόν
1491 1056 1559 1088 ἐστι,
1577 1056 1625 1082 καὶ
1639 1056 1683 1083 διὰ
1697 1056 1729 1083 τὸ
1739 1056 1778 1091 μὴ
1798 1064 1923 1091 παραχω-

1130 1101 1249 1138 ρηθῆναι
1264 1103 1293 1129 ὲν
1309 1102 1411 1137 εἰδήσει
1425 1102 1598 1138 αἱμομιξίαν.
1615 1102 1671 1129 Καὶ
1679 1102 1770 1129 ταῦτα
1786 1102 1836 1137 μὲν
1848 1101 1925 1136 ἐγρά-

1130 1157 1221 1184 φησαν
1237 1149 1277 1181 είς
1302 1148 1452 1184 ἑρμηνείαν
1472 1148 1526 1175 τῶν
1546 1147 1765 1183 συνοψισθέντων
1790 1147 1866 1184 παρὰ
1879 1146 1922 1173 τοῦ

1129 1196 1314 1231 πατριάρχου.
1328 1196 1450 1222 Γίνωσκε
1466 1195 1494 1222 δὲ
1507 1196 1547 1223 ὅτι
1564 1195 1595 1221 τὸ
1608 1195 1694 1230 παρδν
1710 1194 1732 1230 β’
1746 1203 1813 1230 κεφ.
1830 1194 1923 1229 πολλῆς

1129 1241 1289 1277 ἐξηγήσεως
1312 1241 1419 1269 δέεται’
1449 1241 1535 1268 πολλὰ
1549 1241 1604 1277 γὰρ
1626 1241 1674 1269 καὶ
1688 1241 1809 1277 διάφορα
1824 1241 1920 1275 νόμιμα

1128 1289 1316 1325 ὲξηνέχῦησαν
1339 1289 1419 1325 χάριν
1435 1288 1533 1324 γάμων
1563 1288 1779 1323 κεκωλυμένων.
1797 1288 1852 1315 Καὶ
1867 1287 1921 1314 ἐπεὶ

1127 1336 1163 1363 τὰ
1180 1336 1245 1371 περὶ
1259 1335 1314 1363 τῶν
1324 1335 1600 1371 δευτερογαμούντων
1617 1334 1797 1370 ἐδηλώσαμεν
1809 1332 1917 1365 ἄνωθεν,

1129 1383 1200 1419 μάθε
1216 1383 1262 1410 καὶ
1275 1383 1310 1410 τὰ
1323 1383 1386 1417 περὶ
1398 1382 1452 1409 τῶν
1465 1381 1697 1418 πολυγαμούντων
1713 1383 1762 1409 καὶ
1773 1379 1920 1415 κεκωλυμέ-

1128 1439 1182 1458 νων
1205 1431 1314 1465 γάμων.
1338 1429 1405 1456 Ἀπδ
1433 1428 1480 1455 τοῦ
1504 1428 1622 1455 παλαιοῦ
1643 1428 1727 1463 νόμου
1754 1428 1829 1463 τρεῖς
1844 1426 1919 1461 γάμοι

1127 1476 1360 1511 ὲπεγινώσκοντο,
1387 1476 1434 1502 ὲπὶ
1461 1475 1491 1502 δὲ
1513 1475 1569 1502 τῶν
1598 1474 1709 1511 ἡμερῶν
1731 1474 1780 1501 τοῦ
1798 1473 1919 1509 βασιλέως

1127 1523 1224 1558 κυρίου
1239 1523 1355 1554 Λέοντος
1368 1522 1414 1549 τοῦ
1428 1522 1575 1558 φιλοσόφου
1595 1522 1691 1557 γέγονε
1709 1521 1814 1557 σχίσμα
1825 1520 1862 1551 εἰς
1875 1518 1918 1554 τὴν

1136 1569 1303 1605 Ἐκκλησίαν
1320 1569 1404 1605 μέσον
1414 1569 1468 1596 τῶν
1483 1569 1636 1605 ἀρχιερέων
1648 1577 1655 1584 ·
1672 1568 1698 1595 οἱ
1711 1568 1821 1599 πλείους
1831 1565 1881 1602 γὰρ
1891 1564 1917 1591 οὗ

1131 1616 1312 1652 παρεχώρουν
1327 1616 1378 1651 τὴν
1388 1615 1549 1652 τριγαμίαν,
1563 1615 1612 1642 καὶ
1629 1614 1750 1650 ἔφθασεν
1766 1615 1782 1650 ή
1796 1614 1918 1648 διαίρεσις

1089 1645 1111 1677 c
1130 1645 1274 1699 μέχρῖκαὶ
1286 1662 1333 1689 τοῦ
1347 1645 1504 1689 υἱοῦιαὺτοῦ
1517 1661 1566 1688 τοῦ
1588 1661 1721 1697 βασιλέως
1736 1660 1833 1697 κυρίου
1848 1659 1917 1708 Κυιν-

1130 1707 1272 1734 σταντίνου
1307 1707 1566 1743 Πορφυρογενήτου.
1599 1706 1749 1742 Ἐξηνέχοη
1777 1706 1915 1741 τηνικαῦτα

1129 1752 1212 1788 τόμος
1227 1753 1241 1778 ὁ
1256 1753 1405 1789 λεγόμενος
1420 1753 1471 1787 τῆς
1490 1753 1615 1785 ὲνώσεως
1625 1752 1821 1788 διαλαμϐάνων
1834 1750 1892 1777 πότε
1904 1750 1918 1774 ὁ

1127 1798 1220 1835 τρίτος
1237 1798 1325 1834 γάμος
1349 1800 1569 1834 παραχωρεῖται,
1585 1799 1634 1826 καὶ
1652 1799 1720 1825 πότε
1731 1798 1775 1826 οὗ.
1795 1798 1847 1824 Καὶ
1860 1794 1916 1822 ἀνά-

1127 1843 1213 1879 γνωθι
1241 1844 1286 1870 τὸν
1308 1843 1431 1871 τοιοῦτον
1451 1844 1537 1880 τόμον
1557 1844 1789 1880 καταστρωθέντα
1811 1843 1849 1874 είς
1871 1840 1916 1875 τὴν

1127 1891 1277 1927 ἑρμηνείαν
1292 1889 1339 1917 τοῦ
1357 1889 1377 1917 δ’
1393 1891 1506 1923 κανόνος
1517 1890 1564 1917 τοῦ
1580 1891 1662 1925 ἁγίου
1686 1890 1840 1917 Βασιλείου.
1860 1888 1914 1913 Ἐπ-

1128 1937 1223 1965 ἐκεινα
1236 1938 1265 1964 δὲ
1279 1938 1326 1964 τοῦ
1341 1938 1364 1971 γ’
1383 1937 1474 1972 γάμου
1489 1938 1526 1973 μὴ
1539 1938 1604 1973 εἴπῃ
1616 1937 1739 1972 γίνεσθαί
1751 1945 1816 1964 ποτε
1832 1935 1914 1968 ἕτερον

1127 1984 1228 2019 γάμον,
1245 1984 1286 2010 ὅτι
1302 1985 1350 2010 καὶ¹
1364 1985 1378 2011 ὁ
1394 1985 1418 2018 γ’
1431 1985 1521 2019 γάμος
1539 1984 1614 2020 παρὰ
1625 1985 1682 2015 τοῖς
1694 1983 1819 2015 παλαιοξ
1831 1980 1913 2015 νόμοις

1128 2029 1287 2063 πολυγαμία
1311 2029 1431 2063 ἐλέγετο·
1456 2030 1519 2064 περὶ
1540 2029 1568 2055 δὲ
1601 2029 1803 2064 κεκωλυμένων
1827 2026 1913 2061 γάμων

1127 2077 1265 2110 ἀνάγνωθι
1283 2076 1313 2102 τὸ
1329 2075 1352 2102 α’
1368 2078 1414 2103 καὶ
1428 2076 1450 2112 β’
1465 2077 1611 2110 κεφάλαιον
1627 2076 1674 2103 τοῦ
1689 2075 1708 2102 ε’
1720 2076 1810 2102 τίτλου
1820 2072 1863 2100 τοῦ
1876 2068 1913 2104 κη’

1130 2123 1250 2158 βιϐλίου.
1276 2123 1418 2158 Διαιροῦσι
1434 2123 1487 2158 γὰρ
1504 2124 1552 2157 τὴν
1571 2123 1732 2157 συγγένειαν
1747 2123 1787 2153 εἰς
1798 2120 1866 2156 τρίαγ
1879 2124 1912 2147 εις

1128 2170 1263 2203 ἀνιόντας,
1279 2170 1433 2202 κατιόντας,
1448 2171 1494 2197 καὶ
1506 2171 1567 2202 τοὺς
1579 2171 1610 2196 ἐκ
1626 2170 1752 2204 πλαγίίυ.
1766 2168 1820 2196 Καὶ
1834 2165 1913 2193 ἀνιόνι

1129 2225 1174 2248 τες
1192 2217 1241 2251 μέν
1270 2218 1339 2243 εἰσιν
1368 2219 1393 2243 οἱ
1421 2219 1520 2251 γονεῖς,
1549 2218 1573 2243 οἱ
1590 2216 1709 2250 πάπποι,
1738 2215 1785 2242 καὶ
1801 2213 1832 2241 τὰ
1846 2211 1910 2246 ἑξῆς·

1129 2263 1271 2295 κατιόντες
1294 2265 1316 2290 οἱ
1335 2265 1440 2295 παῖδες,
1456 2265 1479 2290 et
1495 2264 1611 2297 ἔγγονοι,
1628 2263 1806 2297 οἱδιέγγονοι,
1819 2259 1862 2287 καὶ
1876 2256 1912 2290 ἐφ’

1093 2324 1114 2350 D
1129 2309 1203 2343 ἑξῆς.
1228 2310 1274 2336 ῚἸκ
1288 2310 1405 2344 πλαγίου
1421 2311 1447 2337 δὲ
1459 2311 1484 2336 οἱ
1500 2310 1622 2343 ἀδελφοὶ,
1635 2310 1659 2336 οἱ
1671 2309 1786 2343 ἀνεψιοὶ,
1803 2307 1825 2334 οἱ
1843 2305 1910 2350 θεῖοι,

1129 2356 1152 2381 οἱ
1167 2356 1273 2390 πρῶτοι
1286 2356 1438 2390 age/35mm,
1464 2357 1511 2382 καί
1536 2356 1645 2390 ἐφεξῆς.
1672 2353 1737 2382 Εἶτα
1752 2355 1856 2388 λέγουσι
1871 2349 1912 2375 καὶ

1128 2401 1227 2433 ἑτέραν
1239 2402 1469 2437 καταχρηστικῶς
1480 2403 1641 2436 συγγένειαν
1651 2401 1700 2437 τὴν
1711 2401 1741 2433 ἐξ
1753 2395 1909 2436 ἀγχιστείας,

1129 2448 1189 2484 ἤτοι
1206 2448 1418 2484 συμπενθερίας.
1446 2449 1500 2475 Καὶ
1531 2449 1601 2484 μετὰ
1617 2448 1649 2475 τὸ
1671 2449 1785 2484 ποιῆσαι
1798 2446 1841 2473 τὸν
1855 2441 1910 2476 περὶ

1127 2495 1224 2521 τούτου
1240 2495 1319 2529 λόγον
1333 2495 1381 2521 καὶ
1396 2495 1500 2528 διδάξαι
1525 2495 1589 2526 τοὺς
1605 2494 1728 2530 βαθμοὺς
1743 2494 1793 2529 τῆς
1804 2489 1910 2521 ἑκάστης

1129 2542 1291 2576 συγγενείας
1313 2542 1473 2578 διορίζονται
1498 2542 1613 2577 τῶνξμὲν
1629 2541 1770 2574 ἀνιόντων,
1790 2538 1835 2566 καὶ⁴
1851 2540 1910 2563 κατ’

1130 2590 1224 2616 ιόντων
1252 2589 1314 2620 τοὺς
1333 2589 1440 2624 γάμους
1456 2590 1495 2621 εἰς
1510 2589 1664 2624 ἀπέραντον
1681 2585 1841 2616 κωλύεσθαι,
1863 2579 1908 2607 κᾶν

1131 2636 1167 2670 μὴ
1183 2635 1212 2668 ἐξ
1229 2636 1355 2670 εὐνόμων
1368 2633 1418 2662 ὦσι
1435 2636 1532 2671 γάμων
1544 2644 1550 2651 ·
1568 2635 1623 2661 τῶν
1635 2635 1662 2662 δὲ
1680 2635 1713 2661 ὲκ
1723 2632 1836 2667 πλαγίου
1850 2634 1907 2675 συζ-

1129 2682 1217 2716 γενῶν
1234 2681 1382 2708 ἀπολύουσι
1397 2681 1446 2718 τὴν
1466 2682 1615 2716 συνάφειαν
1631 2680 1685 2708 ἀπὸ
1705 2679 1753 2707 τοῦ
1764 2678 1789 2714 η’
1804 2675 1906 2727 βαθμοῗν

1128 2729 1175 2756 καὶ
1191 2729 1245 2755 τῶν
1265 2729 1293 2761 ἐξ
1308 2730 1470 2763 ἀγχιστείας
1485 2730 1549 2761 τοὺς
1564 2728 1672 2764 γάμους
1684 2726 1854 2763 ὲμπόδιζουσι
1867 2728 1907 2770 κίε·

1128 2785 1190 2812 χρις
1209 2774 1235 2808 ς’
1251 2776 1358 2810 βαθμοῦ
1373 2777 1420 2803 καὶ
1433 2776 1527 2803 αὑτοῦ,
1551 2776 1628 2803 Ἐπεὶ
1641 2775 1669 2802 δὲ
1685 2775 1731 2801 ἐπὶ
1745 2772 1905 2820 τῶννῇιίιεξξυί

1127 2824 1174 2850 τοῦ
1200 2825 1355 2858 ἁγιωτάτου
1369 2824 1474 2850 ἐκείνου
1495 2823 1668 2859 πατριάρχου
1689 2820 1783 2857 κυρίου
1801 2813 1905 2868 Ἀλῗξιου

1127 2872 1239 2906 γέγονεν
1254 2871 1405 2906 ἀμφιϐολία
1419 2871 1501 2906 χάριν
1517 2870 1564 2897 τοῦ
1583 2870 1598 2902 ζ
1617 2868 1722 2904 βαθμοῦ
1737 2867 1783 2894 τοῦ

1126 2927 1182 2950 τος.
1193 2918 1282 2951 (Τινὲς
1302 2918 1351 2951 μὲν
1367 2918 1420 2953 γὰρ
1439 2917 1533 2951 ἔλεγον
1546 2916 1584 2953 μὴ
1598 2914 1727 2943 δύνασθαι
1741 2909 1904 2940 Ire/5551‘?”

1129 2964 1276 2999 ἐξάδελςον
1291 2964 1443 3000 λαμῧᾶνειν
1458 2964 1507 3000 τὴν
1520 2963 1658 2998 θυγατέρα
1673 2960 1718 2989 τοῦ
1730 2953 1902 2991 δισεξαδέ)ιφ’δ’⁸
