4142 6460
475 396 613 461 Ηῗῖ]

1522 393 2012 455 ΝΟΜΟΕΛΝΟΝ.
2056 395 2204 454 Tl'l‘.
2249 395 2422 469 XIII,
2465 395 2624 456 CAP.
2670 395 2747 454 Il.

3632 384 3771 452 1174,

472 518 635 569 αἰτοῦ
665 518 742 580 είς
765 518 1004 585 γυναῖκα
1033 514 1120 568 διὰ
1152 514 1213 567 τὸ
1238 513 1610 584 ἐπιτραπῆναι
1633 511 1740 564 ὑπὸ
1761 510 1869 563 τῶν
1890 509 2069 580 νόμων

2184 520 2392 566 sextum
2437 511 2670 581 gradum
2727 509 3006 581 prohiberi
3055 509 3343 573 duntaxat,
3397 520 3460 561 ac
3487 501 3783 578 [ptOinde].

471 611 596 670 τοὺς
628 609 842 678 γάμους
879 608 987 660 τῶν
1040 607 1095 672 ἐξ
1148 605 1383 675 αἵματος
1430 603 1712 672 συγγενῶν
1766 601 1861 655 ἀπ’
1890 600 2067 671 ἀρχῆς

472 702 567 754 τοῦ
598 699 645 772 η’
680 697 914 772 βαθμοῦ.
947 698 1165 768 ’Ἐτεροι
1197 697 1253 750 δέ
1286 694 1627 750 ἁντετίθεντο
1653 692 1744 747 τὸν
1779 694 1842 746 ἐκ
1869 709 2069 760 συγγε-

473 795 622 856 νείας
657 795 708 860 ς’
735 793 944 864 βαθμὸν
972 790 1288 867 κωλυθῆναι
1318 790 1499 860 μόνον,
1522 787 1616 840 καὶ
1643 786 1880 856 ὀφείλειν
1909 785 2001 838 τὸν
2025 784 2069 849 ζ’

475 881 615 939 εἶναι
651 884 952 950 ἀκώλυτον,
981 886 1057 948 ὼς
1083 883 1222 955 μηδέ
1248 880 1584 950 κωλυθέντα)
1610 878 1806 945 διέγνω
1835 879 1862 930 ὀ
1883 875 2069 948 ῥηθεὶς

487 979 834 1050 πατριάρχης
868 977 1006 1048 μετὰ
1033 979 1131 1048 τῆς
1161 973 1460 1045 τηνικαῦτα
1481 970 1916 1043 παρευρεθείσης
1942 985 2070 1020 συν-

474 1072 598 1124 όδου
633 1071 806 1123 ταῦτα
845 1069 1046 1142 ῥητῶς.
1086 1069 1241 1123 Ἐπεὶ
1270 1066 1362 1120 οὖν
1391 1067 1418 1119 ὁ
1447 1065 1543 1136 μὲν
1565 1063 1843 1126 Βασίλειος
1887 1061 1928 1123 ς’
1972 1059 2071 1130 βα-

476 1163 613 1232 θμοῦ
643 1166 708 1234 τῇ
765 1163 1052 1234 θεοκτίστῃ
1082 1161 1444 1230 καθέστηκεν,
1479 1160 1507 1212 ὁ
1555 1158 1610 1211 δέ
1645 1157 1807 1226 νόμος
1843 1152 2066 1222 ἐπιτρέ-

478 1272 565 1306 πει
594 1257 706 1317 τοῖς
736 1254 782 1324 η“
821 1252 1036 1324 βαθμοῦ
1070 1253 1208 1322 πρὸς
1244 1251 1511 1322 ἀλλήλους
1545 1247 1668 1301 οὖσι
1713 1246 1805 1300 τὸν
1858 1246 2068 1315 γάμον·

475 1347 814 1418 ἀπαγορεύει
848 1347 906 1400 δέ
933 1348 1047 1410 τοῖς
1080 1343 1133 1411 ς’
1163 1347 1277 1408 τοῖς
1314 1361 1378 1413 γε
1407 1343 1506 1414 μὲν
1530 1341 1572 1405 ζ’
1606 1339 1846 1410 οὐδαμοῦ
1863 1325 2070 1408 ᾠκονὼ

479 1457 649 1509 μηται
674 1438 765 1491 τὸν
798 1437 1047 1492 τοιοῦτον
1072 1438 1251 1506 γάμον
1278 1434 1385 1506 πρὸ
1412 1434 1509 1505 μὲν
1539 1430 1634 1485 τοῦ
1666 1430 1963 1502 προϐῆναι,
1997 1427 2072 1497 μὴ

479 1530 905 1600 ἐπιτρέπεσθαι,
942 1530 1084 1601 μετὰ
1124 1528 1182 1582 δὲ
1217 1528 1277 1581 τὸ
1320 1525 1594 1597 προϐῆναι
1637 1523 1712 1594 μὴ
1736 1520 2072 1576 διασπᾶσθαι

483 1625 602 1692 μὲν,
637 1624 935 1694 ἐπιτιμίοις
964 1622 1020 1676 δὲ
1043 1619 1577 1676 καθυποϐἁλλεσθαι.
1624 1616 1873 1686 Ἐκράτει
1897 1609 1991 1666 οὖν
2011 1612 2073 1665 τὸ

476 1715 719 1770 τοιοῦτον
751 1715 1034 1768 συνοδικὸν
1084 1713 1367 1783 θέσπισμα
1422 1710 1586 1782 μέχρι
1625 1707 1726 1778 τῆς
1763 1704 2073 1777 ἐφημερίας

475 1809 568 1861 τοῦ
615 1811 924 1878 ἁγιωτάτου
973 1807 1186 1862 ἐκείνου
1220 1805 1566 1876 πατριάρχου
1623 1801 1813 1874 κυρίου
1864 1800 2068 1853 Λουκᾶ.

2173 603 2469 672 septimum
2505 603 2733 673 gradum
2766 601 3161 671 impedimento
3198 615 3392 655 vacare
3428 599 3644 662 debere,
3678 606 3766 650 ut-

2176 703 2299 762 pote
2327 693 2422 764 qui
2447 695 2762 764 prohibitus
2812 711 2921 749 non
2956 694 3048 763 sit)
3089 692 3282 749 statuit
3310 692 3488 747 dictus
3531 689 3769 744 sanctis-

2173 787 2348 844 simus
2401 789 2722 860 patriarcha
2740 804 2866 844 cum
2903 786 3118 857 synodo
3153 792 3287 840 tunc
3323 792 3514 839 coacta
3549 783 3664 836 hare
3701 781 3767 834 ad

2173 883 2400 937 verbum
2440 901 2451 937 :
2483 881 2938 952 Quandoquidem
2962 880 3130 952 igitur
3156 877 3393 934 Basilius
3417 876 3769 931 Theoctisten

2176 973 2408 1041 septimo
2444 975 2614 1043 gradu
2653 974 2944 1042 Conlittgil,
2978 981 3032 1027 et
3055 972 3141 1025 lex
3173 977 3369 1026 octavo
3391 966 3564 1039 gradu
3595 981 3655 1019 se
3684 966 3771 1018 in-

2174 1063 2350 1118 vicem
2383 1064 2833 1136 contingentibus
2890 1061 3308 1117 matrimonium
3351 1057 3672 1131 permittit,"
3702 1070 3768 1108 ac

2183 1172 2316 1212 vero
2343 1167 2502 1213 sexto
2537 1157 2987 1228 contingentibus
3012 1153 3311 1219 interdicit,
3335 1151 3569 1222 septimo
3587 1158 3770 1202 autem

2176 1265 2550 1321 nequaquam,
2585 1249 2900 1304 ordinatum
2929 1259 3015 1303 est
3044 1254 3103 1301 ut
3147 1243 3460 1301 istiusmodi
3484 1241 3770 1296 matrimo-

2178 1343 2358 1410 nium,
2390 1343 2718 1413 priusquam
2737 1342 3017 1411 procedat,
3041 1354 3148 1395 non
3182 1337 3533 1410 permittatur
3567 1350 3580 1386 :
3620 1339 3772 1404 post-

2146 1452 2342 1508 quam
2387 1445 2567 1491 autem
2605 1435 2954 1505 processerit,
2999 1447 3108 1488 non
3163 1431 3457 1487 divellatur
3487 1444 3500 1480 :
3527 1428 3622 1481 sed
3675 1423 3771 1493 qui

2178 1532 2250 1586 ita
2279 1529 2560 1599 conjuncti
2581 1527 2806 1595 fuerint,
2834 1527 3014 1599 [)(Bttis
3060 1523 3449 1595 subjiciantur.
3512 1518 3772 1574 Obtinuit

2176 1623 2362 1691 itaque
2380 1621 2704 1693 synodicum
2737 1620 2840 1674 hoc
2899 1617 3186 1672 oraculum
3205 1629 3398 1685 ,usque
3428 1614 3495 1666 ad
3522 1621 3771 1679 tempora

2177 1715 2515 1772 sanctissimi
2574 1714 2720 1769 illius
2785 1712 3110 1782 patriarcha:
3149 1709 3338 1765 domui
3379 1705 3560 1761 Luca).
3617 1703 3774 1758 Tunc

2177 1819 2382 1873 autem,
2426 1808 2541 1862 sive
2581 1821 2770 1861 mense
2793 1805 2987 1875 Aprili,
3013 1802 3316 1858 indictione
3355 1801 3441 1863 Η,
3493 1811 3640 1850 anno
3679 1794 3774 1867 [ab

486 1902 802 1971 Τηνικαῦτα
841 1902 896 1954 δὲ
929 1901 1050 1973 ήτοι
1085 1898 1228 1954 κατὰ
1253 1895 1845 1969 τὸνἈπρίλλιονξμῆνα
1878 1892 1981 1963 τῆς
2009 1891 2065 1944 ιδ’

2184 1907 2307 1962 orbe
2357 1901 2606 1976 condito]
2657 1901 2818 1968 6676,
2877 1900 2970 1954 ubi
3017 1897 3299 1969 quondam
3361 1891 3772 1948 sacratissimus

481 1995 796 2057 ίνδικτιόνος
843 1993 936 2048 τοῦ
1001 1991 1165 2064 ςχος⁹
1244 1993 1399 2055 ἔτους
1466 1989 1855 2059 ἀνενεγκόντος
1916 2003 2062 2038 συνο-

479 2085 645 2148 δικῶς
699 2084 796 2140 τοῦ
851 2084 1221 2155 ἀποιχομένου
1297 2080 1596 2152 ἱερωτάτου
1664 2077 2067 2150 μητροπολίτου

490 2178 752 2248 Ἀθηνῶν,
782 2179 874 2231 καὶ
904 2178 1210 2248 ὑπερτίμου
1235 2175 1429 2246 κυρίου
1458 2172 1730 2227 Νικολάου
1764 2169 1859 2223 τοῦ
1895 2171 2075 2237 Ἀγιο-

477 2271 817 2341 θεοδωρήτου
849 2269 1094 2340 μεγάλην
1121 2267 1374 2322 ἐντεῦθεν
1395 2265 1639 2336 ψυχικήν
1677 2261 1886 2334 βλάϐην
1919 2261 2074 2328 γίνε-

480 2364 604 2417 σθαι
625 2365 705 2426 είς
737 2363 893 2425 τινὰς
926 2361 1034 2417 τῶν
1077 2361 1182 2414 ὑπὸ
1213 2360 1310 2432 τήν
1344 2359 1561 2432 ἐνορίαν
1585 2355 1751 2412 αὐτοῦ
1792 2355 2074 2428 κρυφογά-

484 2475 618 2526 μους
677 2456 721 2520 ζ’
776 2455 987 2527 βαθμοῦ
1039 2454 1417 2527 πεποιηκότας
1472 2453 1562 2506 διὰ
1627 2451 1718 2505 τὸν
1761 2449 1928 2521 φόϐον
1967 2448 2077 2502 τῶν

481 2551 798 2621 ἐπιτιμίων,
832 2551 1128 2619 διάγνωσις
1158 2549 1351 2618 γέγονε
1378 2545 1633 2618 συνοδικὴ
1655 2545 1828 2599 ταῦτα
1849 2545 2080 2616 διαλαμ-

485 2643 747 2699 ϐάνουσα.
785 2643 884 2696 Διὰ
923 2641 1055 2711 γοῦν
1100 2643 1276 2696 ταῦτα
1311 2643 1346 2714 ἡ
1376 2640 1667 2714 μετριότης
1727 2638 1886 2711 ήμῶν
1941 2637 2079 2709 μετὰ

483 2735 582 2805 τῆς
609 2736 650 2787 le
659 2737 759 2807 ρᾶς
777 2735 1143 2806 ἀδελφότητος
1168 2733 1269 2806 τὴν
1290 2735 1580 2804 γεγονυῖαν
1609 2731 1762 2804 παρὰ
1785 2730 1884 2784 τοῦ
1911 2731 2080 2799 ἁγιω-

485 2831 646 2882 τάτου
679 2827 890 2882 ἐκείνου
921 2828 1264 2902 πατριάρχου
1294 2826 1485 2899 κυρίου
1528 2824 1768 2890 Ἀλεξίου
1797 2824 2082 2894 συνοδικὴν

485 2920 802 2992 οἰκονομίαν
839 2919 933 2974 ἐπὶ
965 2920 1044 2992 τῷ
1078 2919 1260 2990 ῥητῶς
1290 2919 1411 2989 ,ὑπὸ
1459 2918 1552 2973 τοῦ
1586 2916 1870 2972 πολιτικοῦ
1912 2917 2080 2987 νόμου

488 3014 564 3084 μὴ
597 3013 903 3068 κωλυθέντι
935 3014 1028 3067 ἐπὶ
1053 3013 1162 3066 τῶν
1181 3012 1241 3079 ἐξ
1271 3014 1504 3085 αἵματος
1537 3012 1580 3076 ζ’
1611 3011 1825 3083 βαθμοῦ
1860 3011 2080 3081 γάμων,

489 3108 626 3176 μήτε
657 3105 916 3176 καθαρῶς
966 3105 1324 3176 ἐπιτραπέντι
1365 3106 1734 3178 κρατύνουσα,
1764 3106 1860 3160 καὶ
1892 3103 2083 3176 στηρί-

486 3197 678 3263 ζουσα,
722 3197 818 3251 καὶ
864 3191 978 3251 οἷον
1012 3199 1492 3268 ἐφερμηνεύουσα,
1530 3199 1625 3252 καὶ
1681 3193 2080 3268 σαφηνίζουσα,

487 3288 606 3358 ἅμα
646 3287 703 3340 δέ
735 3287 831 3341 καὶ
863 3287 926 3341 τὸ
956 3287 1068 3342 τῶν
1125 3287 1338 3341 πολλῶν
1411 3288 1724 3360 κακοῦργον
1769 3305 1829 3341 τε
1867 3288 1961 3340 καὶ
1989 3303 2084 3340 πε-

491 3378 714 3450 ρίεργον
749 3380 1183 3450 περικόπτουσα,
1216 3380 1313 3433 καὶ
1333 3375 1446 3434 οἷον
1478 3381 1543 3434 ἐκ
1568 3379 1726 3453 ῥίζης
1749 3381 1926 3450 αὐτῆς
1953 3381 2087 3434 ἀνα-

488 3470 704 3536 σπῶσα,
738 3470 826 3525 ἵνα
861 3470 937 3543 μὴ
969 3475 1063 3527 καὶ
1092 3471 1176 3526 ἐτι
1209 3473 1561 3544 παρανομίας
1599 3473 1920 3545 ἐξανατείλῃ
1957 3473 2087 3544 βλα-

488 3564 588 3634 στή
597 3581 767 3635 ματα,
791 3565 884 3618 καὶ
910 3566 1080 3620 τέκνα
1111 3567 1350 3640 μωμητὰ
1375 3566 1684 3638 πληθυνθῇ,
1715 3568 1811 3621 καὶ
1835 3567 1943 3622 υἱοὶ
1977 3566 2085 3621 τῶν

485 3652 648 3706 θείων
684 3654 868 3726 νόμων
916 3655 1232 3727 αὐξηθῶσιν
1275 3656 1561 3730 ἀλλότριον
1593 3658 1687 3711 τὸν
1721 3659 1787 3712 ἐκ
1838 3656 1932 3711 τοῦ
1971 3675 2084 3711 τοι.

483 3741 644 3801 ούτου
678 3744 891 3816 βαθμοῦ
923 3746 1104 3818 γάμον
1136 3749 1196 3800 οὐ
1240 3747 1402 3818 μόνον
1461 3746 1818 3819 ἐρωτώμενον
1852 3745 2086 3817 προϐαί-

485 3851 598 3888 νειν
627 3835 851 3904 κωλύει,
880 3836 1018 3892 ἀλλὰ
1055 3838 1154 3892 καὶ
1184 3838 1322 3908 πρὸς
1353 3838 1681 3908 ἐρωτήσεως
1712 3837 2086 3908 γεγενημένον

481 3927 818 3984 διασπᾶσθαι
856 3929 1231 3984 διακελεύεται
1290 3929 1531 4002 παντελῆ
1577 3929 1672 3983 τοῦ
1701 3930 1948 3983 τοιούτου
1981 3931 2085 3999 γά·

489 4038 592 4093 μου
621 4021 824 4090 ἀργίαν
867 4023 1368 4096 καταψηφιζομένη
1408 4024 1518 4077 άπὸ
1555 4025 1656 4092 τῆς
1706 4025 1948 4097 σήμερον
1979 4023 2088 4077 τῶν

487 4113 818 4184 φθασάντων
851 4117 1108 4185 γενέσθαι
1142 4117 1403 4170 τοιούτων
1431 4119 1630 4188 γάμων
1679 4117 1830 4188 μένει
1866 4119 2088 4171 πάντων

485 4207 816 4276 ὀφειλόντων
844 4208 1257 4268 άδιασπάστων.
1291 4211 1364 4263 Τὸ
1399 4210 1531 4280 γοῦν
1558 4210 1668 4264 ἀπὸ
1705 4210 1859 4264 τοῦδε
1898 4213 1944 4265 οί
1978 4229 2089 4265 τοι-

487 4303 649 4356 οῦτον
674 4304 854 4375 γάμον
905 4304 1175 4375 συστῆσαι
1214 4306 1604 4377 τολμήσοντες,
1655 4305 1717 4358 οὐ
1777 4307 1938 4375 μόνον
1989 4306 2084 4359 τοῦ

484 4395 690 4447 οἰκείου
721 4393 926 4448 σκοποῦ
950 4394 1206 4465 οὐδαμῶς
1235 4395 1625 4460 ἀπολαύσουσι,
1657 4393 1797 4449 ἀλλὰ
1823 4397 1918 4449 καὶ
1948 4395 2088 4466 μετὰ

486 4485 591 4554 τῆς
623 4484 719 4538 τοῦ
771 4485 1018 4540 τοιούτου
1077 4485 1526 4558 συναλλάγματος
1575 4487 1948 4554 διασπάσεως,
1994 4487 2088 4541 καὶ

2177 1997 2636 2068 metropolitanus
2675 1992 3027 2050 Atheniensis
3075 2001 3129 2046 et
3161 1987 3489 2044 venerabilis
3536 1986 3776 2040 domnus

2176 2093 2462 2148 Nieotlans
2488 2087 3057 2162 gliagiotheodoritus,
3090 2097 3346 2154 magnam
3387 2081 3516 2140 inde
3561 2079 3776 2135 anima—

2178 2202 2301 2242 rum
2345 2185 2622 2254 jacturam
2672 2181 2972 2247 aliquibus,
3004 2179 3100 2247 qui
3137 2178 3191 2232 in
3226 2172 3615 2246 jurisdictione
3675 2184 3776 2224 sua

2186 2292 2474 2350 poenarum
2529 2283 2676 2331 metu
2710 2275 2854 2330 clam
2883 2275 2955 2338 .in
2990 2271 3227 2343 septimo
3263 2269 3437 2341 gradu
3490 2263 3778 2320 matrimo-

2185 2373 2342 2427 nium
2405 2368 2837 2433 contraxissent,
2870 2366 3132 2422 obvenire
3167 2364 3222 2417 in
3267 2359 3503 2417 concilio
3557 2356 3779 2413 retulis-

2181 2473 2304 2519 sent
2346 2481 2361 2526 ;
2395 2461 2598 2517 factum
2645 2469 2730 2516 est
2791 2458 3115 2531 synodicnm
3147 2463 3440 2519 statutum,
3475 2451 3622 2521 quod
3662 2449 3779 2503 ltmc

2182 2556 2588 2626 complectitur.
2619 2552 2850 2621 Propter
2878 2551 2996 2606 haec
3026 2550 3192 2620 igitur
3221 2546 3557 2621 [moderatio
3589 2550 3776 2597 nostra

2183 2664 2308 2705 cum
2342 2642 2688 2716 sanctorum]
2728 2643 2959 2698 fratrum
2989 2650 3160 2703 coetu,
3196 2639 3395 2693 factam
3421 2652 3451 2691 a
3484 2632 3774 2690 sanctissi—

2183 2757 2276 2796 mo
2330 2741 2423 2794 illo
2471 2736 2788 2808 patriarcha
2828 2736 3032 2790 domno
3094 2730 3285 2786 Alexio
3329 2730 3396 2784 de
3441 2724 3779 2794 consangui—

2185 2848 2416 2891 neorum
2448 2832 2501 2885 in
2523 2829 2758 2901 septimo
2785 2827 2956 2898 gradu
2999 2824 3378 2885 matrimonio,
3413 2836 3442 2875 a
3479 2818 3630 2874 civili
3663 2818 3782 2887 lege

2185 2941 2365 2998 neque
2380 2937 2643 2994 expresse
2669 2920 2968 2992 prohibito,
2985 2932 3164 2988 neque
3188 2915 3466 2970 evidenter
3484 2911 3780 2981 permisso,

2188 3019 2508 3092 synodicam
2562 3014 2964 3072 ordinationem
3037 3009 3406 3066 corroborans
3463 3013 3517 3060 et
3577 3003 3780 3058 confir-

2189 3129 2368 3179 mans,
2407 3127 2473 3167 ac
2531 3108 2701 3164 veluti
2727 3108 3119 3175 .._interpretans
3146 3111 3204 3157 et
3250 3101 3574 3171 explanans,
3612 3094 3780 3150 simul

2188 3221 2320 3261 vero
2349 3203 2493 3274 quod
2549 3200 2739 3256 multis
2795 3199 3025 3252 noxium
3079 3203 3162 3250 est
3212 3203 3268 3248 et
3305 3201 3776 3262 supervacaneum

2189 3311 2468 3362 reserans,
2501 3291 2768 3364 quasique
2792 3289 2862 3344 ab
2899 3289 3020 3359 ipsa
3056 3284 3242 3341 radice
3273 3282 3541 3338 revellens
3575 3297 3587 3333 :
3634 3285 3693 3332 ut
3715 3292 3782 3329 ne

2190 3390 2426 3460 amplius
2453 3385 2738 3457 illegitima
2771 3380 3146 3454 suppullulent
3180 3375 3453 3445 germina,
3485 3385 3664 3440 neque
3698 3369 3782 3422 vi-

2189 3476 2524 3550 tuperabiles
2561 3473 2991 3544 multiplicentur
3031 3468 3207 3532 liberi,
3268 3479 3448 3535 neque
3485 3461 3724 3516 filiorum
3751 3474 3780 3512 a

2188 3570 2388 3628 divinis
2427 3569 2640 3641 legibus
2688 3567 2993 3621 alienorum
3036 3562 3356 3630 iuaugescat
3408 3551 3724 3628 [numerus]
3763 3568 3778 3606 :

2189 3666 2353 3720 istius
2404 3663 2607 3736 gradus
2658 3657 3076 3717 matrimonium
3135 3669 3242 3708 non
3296 3651 3459 3706 modo
3487 3664 3612 3703 cum
3661 3647 3784 3716 ejus

2191 3755 2604 3833 [contrahendi]
2659 3754 2893 3809 facultas
2951 3750 3176 3822 petitur,
3223 3744 3522 3818 prohibet:
3566 3756 3789 3797 verum-

2189 3851 2352 3907 etiam
2385 3857 2512 3903 ante
2539 3847 2854 3919 petitionem
2881 3849 3223 3898 contractum
3258 3834 3491 3891 distrahi
3511 3833 3702 3904 jubet:
3730 3840 3790 3886 ut

2189 3939 2260 3996 ab
2295 3940 2565 3996 hodierno
2593 3937 2683 3993 die
2709 3933 3029 4005 hujusmodi
3079 3929 3494 3987 matrimonium
3555 3940 3789 3992 prorsus

2191 4044 2390 4098 cesset,
2423 4045 2656 4087 censeus
2687 4047 2701 4084 :
2731 4038 2913 4084 tamen
2941 4035 3000 4082 ut
3021 4027 3134 4097 jam
3163 4033 3445 4080 contracta
3475 4019 3790 4076 istiusmodi

2191 4126 2546 4182 matrimonia
2585 4124 2768 4186 modis
2818 4121 3075 4178 omnibus
3127 4120 3401 4175 iudivulsa
3444 4131 3667 4172 manere
3693 4114 3788 4168 de-

2192 4223 2378 4278 beant.
2407 4219 2512 4287 Qui
2548 4220 2736 4289 itaque
2769 4215 3091 4288 hujusmodi
3133 4212 3547 4268 matrimonium
3580 4209 3648 4265 de
3677 4224 3785 4264 cae-

2193 4320 2312 4367 tero
2366 4311 2696 4367 contrahere
2752 4308 3061 4371 audebunt,
3094 4320 3204 4360 non
3259 4305 3440 4360 solum
3497 4301 3781 4373 proposito

2191 4404 2296 4461 sibi
2327 4401 2485 4476 [ﬁne]
2527 4400 2754 4457 omnino
2781 4415 2890 4454 non
2923 4399 3176 4453 fruentur
3211 4414 3226 4463 ;
3258 4410 3452 4451 verum
3486 4400 3610 4463 post
3661 4391 3782 4462 ejus

2191 4506 2509 4553 contractus
2550 4495 2988 4561 distractionem,
3039 4499 3298 4562 tanquam
3356 4486 3646 4558 prazsentis
3695 4499 3788 4555 sy-

486 4577 786 4649 ἀφορισμῷ
818 4577 1420 4651 καθυποϐληθήσονται,
1443 4579 1518 4644 ὡς
1546 4579 1642 4634 τοῦ
1671 4579 1938 4650 παρόντος
1963 4597 2079 4634 συν-

2194 4592 2410 4647 nodalis
2470 4589 2661 4646 statuti
2726 4595 3179 4656 contemptores,
3246 4582 3452 4652 quique
3492 4587 3788 4651 cognatum

482 4671 668 4725 οδικοῦ
719 4671 954 4744 ὁρισμοῦ
1006 4675 1445 4745 καταφρονηταὶ,
1489 4673 1585 4728 καὶ
1652 4673 1727 4736 ὡς
1780 4673 2084 4743 συγγενικὰ

486 4763 813 4836 συγχέοντες
869 4764 1114 4835 αἵματα,
1155 4765 1268 4818 οἵτε
1307 4767 1421 4831 τοῖς
1465 4764 1611 4820 οὕτω
1658 4765 2084 4820 συναλλάττουσι

490 4857 910 4922 συναινέσοντες
940 4857 1248 4930 αὐστηρίας
1291 4862 1590 4931 κανονικῆς
1624 4858 2082 4931 πειραθήσονται,

486 4952 582 5004 καὶ
617 4952 667 5003 οἱ
695 4951 1046 5024 ίερολογῆσαι
1080 4953 1449 5024 τολμήσοντες
1480 4953 1803 5024 καθαιρέσει
1844 4953 2087 5024 ὑποϐλη-

490 5041 771 5112 θήσονται.
810 5043 1011 5113 Γέγονε
1043 5043 1102 5098 δὲ
1130 5046 1224 5098 ἐπί
1247 5044 1460 5109 τούτοις
1497 5045 1592 5099 καὶ
1622 5044 1960 5116 πρόσταγμα
1990 5043 2084 5097 τοῦ

488 5134 753 5202 κραταιοῦ
786 5136 880 5189 καὶ
925 5136 1087 5206 ἁγίου
1125 5137 1284 5208 ἡμῶν
1336 5137 1603 5208 βασιλέως
1643 5136 1914 5190 άπολυθέν
1943 5137 2088 5191 κατὰ

487 5225 582 5278 τὸν
615 5227 791 5281 Μάῖον
825 5228 972 5300 μῆνα
1012 5233 1114 5302 τῆς
1143 5232 1313 5301 αύτῆς
1353 5233 1667 5295 ίνδικτιόνος
1713 5230 2087 5304 διοριζόμενον

489 5319 550 5371 ἐν
601 5319 758 5390 μέρει
787 5320 983 5390 ταῦτα,
1022 5324 1304 5396 τοιγάρτοι
1333 5326 1428 5378 καὶ¹
1457 5327 1490 5394 ή
1527 5324 1773 5396 βασιλεία
1796 5324 1957 5396 ήμῶν
1986 5323 2086 5395 τήν

491 5409 778 5482 συνοδικὴν
809 5410 1016 5485 ταύτην
1055 5417 1148 5468 ἐπὶ
1192 5416 1272 5488 τῷ
1313 5417 1606 5489 ζητηθέντι
1636 5418 1934 5490 ἀπόκρισιν
1993 5417 2084 5488 ἦτ’

487 5501 688 5574 ἀληθὲς
720 5505 899 5558 εἰπεῖν
944 5506 1290 5581 ὁροθέτησιν,
1325 5509 1399 5574 ὡς
1435 5509 1725 5576 ἑπομένως
1763 5512 1877 5575 τοῖς
1920 5510 2086 5573 θείοις

489 5595 681 5651 κανόσι
707 5635 722 5659 ,
757 5597 853 5652 καὶ
885 5600 999 5662 τοῖς
1038 5600 1339 5666 πολιτικοῖς
1384 5603 1702 5659 ἐκτεθεῖσαν
1742 5607 1928 5678 νόμοις
1990 5607 2088 5659 ἐπ-

489 5692 676 5762 έκρινε
707 5692 802 5745 καὶ
830 5694 1072 5770 ,κρατεῖν
1123 5696 1202 5758 είς
1233 5696 1299 5749 τὸ
1336 5696 1484 5770 ἑξῆς,
1511 5699 1604 5752 καὶ
1646 5698 2086 5770 ἀμετατρέπτως

488 5785 636 5855 ἔχειν
665 5787 747 5851 εἰς
776 5785 839 5840 τὸ
867 5787 1123 5857 διηνεκὲς
1165 5789 1488 5862 διορίζεται,
1539 5791 1638 5861 τῆς
1675 5793 1846 5865 αὐτῆς
1889 5811 2082 5847 κοινω-

488 5879 658 5936 νοῦσα
687 5879 916 5954 γνώμης
949 5882 1043 5935 ἐπὶ⁵
1081 5887 1146 5957 τῇ
1173 5884 1325 5937 λύσει
1373 5885 1466 5939 τοῦ
1513 5888 1880 5959 προκειμένου
1919 5887 2085 5962 ζητή-

2191 4685 2516 4755 sanguinem
2571 4679 2944 4742 confundunt,
2981 4671 3569 4742 excommunicationi
3624 4671 3789 4726 etiam

2188 4778 2573 4849 subjicientur.
2621 4772 2728 4841 Qui
2758 4788 2888 4828 vero
2918 4772 2992 4826 ita
3044 4764 3510 4843 [matrimonium]
3565 4772 3788 4818 contra-

2190 4872 2445 4929 hentibus
2466 4882 2760 4926 assensum
2790 4864 3146 4938 praebuerint,
3166 4861 3488 4917 austeritate
3521 4857 3790 4915 canonica

2189 4966 2570 5027 tentabuntur.
2614 4961 2683 5018 Et
2708 4961 2800 5032 qui
2827 4958 2962 5032 [tale
2995 4953 3436 5026 matrimonium]
3462 4967 3791 5010 consecrare

2189 5060 2310 5113 ausi
2341 5057 2573 5122 fuerint,
2595 5053 2887 5125 dejectioni
2916 5050 3006 5126 [de
3033 5047 3371 5121 sacerdotio]
3400 5046 3790 5118 subjicientur.

2189 5145 2347 5201 Edita
2373 5154 2457 5202 est
2508 5144 2672 5200 etiam
2712 5150 2974 5213 praeterea
3009 5155 3199 5199 mense
3233 5138 3377 5193 Maio
3402 5138 3648 5209 ejusdem
3706 5137 3794 5191 in—

2189 5241 2450 5297 dictionis
2500 5237 2743 5310 potentis
2774 5244 2941 5307 atque
2983 5234 3162 5290 sancti
3210 5232 3385 5288 nostri
3439 5229 3792 5302 imperatoris

2184 5331 2388 5402 jussio,
2445 5343 2568 5398 quae
2609 5325 2812 5398 partim
2868 5324 2986 5379 haec
3037 5321 3274 5383 statuit:
3318 5318 3589 5386 Quocirca
3621 5317 3788 5373 etiam

2192 5423 2556 5495 imperatoria
2595 5428 2784 5475 nostra
2811 5417 3101 5488 maiestas,
3142 5414 3394 5470 eamdem
3426 5414 3494 5469 de
3516 5412 3792 5468 solutione

2192 5516 2488 5587 proposita:
2535 5511 2856 5585 qtnestionis
2897 5508 3226 5566 sententiam
3258 5523 3384 5563 cum
3419 5503 3778 5562 sanctissimo

2189 5609 2416 5663 domino
2447 5621 2570 5662 meo
2613 5603 2971 5660 oecumenico
3000 5599 3316 5674 patriarcha
3343 5606 3398 5654 et
3427 5604 3616 5653 sancta
3645 5595 3788 5650 divi-

2191 5718 2373 5773 naque
2398 5700 2609 5776 synodo
2639 5697 2947 5762 sustinens,
2983 5693 3245 5767 synodale
3280 5692 3388 5747 hoc
3427 5691 3494 5746 ad
3525 5689 3781 5745 eamdem

2191 5793 2552 5867 quaestionem
2577 5805 2926 5861 responsum,
2954 5796 3048 5842 aut
3081 5796 3140 5842 ut
3169 5784 3314 5856 quod
3344 5799 3432 5840 res
3466 5793 3551 5838 cst
3582 5783 3784 5846 dicam,

2195 5898 2482 5956 statutum,
2518 5887 2596 5944 uti
2640 5886 2786 5960 quod
2822 5884 3128 5942 secundum
3160 5881 3377 5939 divinus
3430 5893 3667 5936 canones
3703 5877 3786 5932 ci-
