4142 6462
437 403 579 471 1175
1610 404 1878 468 ΡΠΟΤΙΙ
1921 403 2059 464 PAT

2163 403 2437 465 ARCIL’E
2469 405 2580 466 (ΞΡ.
3610 405 3778 471 1178

433 520 687 590 vilesque
740 516 891 591 leges
937 520 1148 578 editum
1211 522 1304 589 sit,
1348 522 1402 577 in
1448 527 1730 593 posterum
1783 519 2038 574 obtinere

2163 539 2314 586 ιατος
2342 521 2422 592 τῷ
2456 539 2512 574 τε
2547 520 2838 592 ἁγιωτάτῳ
2865 538 2966 592 μου
2989 521 3224 595 δεσπότῃ
3251 524 3344 577 καὶ
3369 524 3770 595 οίκουμενικῷ

435 611 738 686 [oportere]
763 613 1056 686 iudicavit,
1087 623 1156 672 ‘et
1194 625 1254 671 ut
1283 615 1436 672 nullo
1490 627 1736 686 unquam
1793 621 2040 683 tempore

2163 613 2485 686 τατριάρχῃ,
2521 611 2618 666 καὶ
2667 616 2736 683 τῇ
2775 613 2899 683 θείᾳ
2955 616 3050 668 καὶ
3110 616 3232 686 ἱερᾷ
3264 616 3494 688 συνόδῳ.
3534 618 3652 671 Καὶ
3677 619 3766 670 τὰ

434 705 793 762 subvertatur
831 709 1048 763 statuit.
1094 708 1275 778 Atque
1300 708 1406 763 hoc
1435 706 1662 779 quidem
1721 706 1889 761 modo
1923 705 2040 761 hare

2163 706 2246 759 ιὲν
2271 708 2402 778 περὶ
2431 704 2605 775 τοῦλζ1
2629 705 2811 778 γάμου
2837 705 2982 760 οὕτω
3003 707 3536 780 διευλυτητώθησαν.
3585 710 3765 762 Ἐπεὶ

435 809 560 856 acta
590 810 739 868 sunt,
769 809 938 874 atque
970 802 1240 858 obtinent.
1272 799 1431 858 Scias
1467 809 1652 857 tamen
1682 799 1858 872 quod,
1910 798 2042 856 licet

2163 803 2198 854 ἑὲ
2228 801 2321 856 τοῦ
2355 801 2539 872 γάμου
2582 801 2692 857 ἀπὸ
2720 801 3036 874 ἀγχιστείας
3075 803 3236 857 έκτου
3278 802 3489 874 βαθμοῦ
3521 821 3760 874 συνημ-

436 893 727 965 synodalis
766 894 885 951 haec
915 894 1145 960 decisio,
1179 905 1236 951 et
1266 895 1443 967 ipsam
1475 893 1818 951 confirmans
1857 894 2037 965 impe-

2163 893 2330 948 ιένων
2359 895 2711 966 κωλυομένου
2756 894 2834 958 ὼς
2871 893 3100 964 εἴπομεν
3121 895 3215 948 ἐπὶ
3253 894 3364 948 τῶν
3387 895 3616 968 ἡμερῶν
3645 896 3759 949 τοῦ

434 985 645 1042 ratoria
686 985 886 1058 iussio,
915 987 1454 1058 consanguineorum
1493 985 1548 1042 in
1579 985 1818 1055 septimo
1865 984 2038 1058 gradu

2163 986 2468 1056 άγιωτάτου
2497 987 2711 1041 ἐκείνου
2767 986 2963 1058 κυρίου
3017 987 3278 1053 Σισινίου,
3304 987 3634 1056 ἑλάμϐανον,
3663 986 3758 1051 ὡς

437 1079 856 1134 matrimonium
879 1079 1155 1134 minanter
1198 1078 1508 1149 prohibeat,
1536 1078 1836 1134 indictione
1853 1085 2040 1133 tamen

439 1173 496 1241 4,
524 1188 670 1228 anno
699 1171 792 1245 [ab
827 1174 961 1229 orbe
983 1172 1228 1246 condito]
1265 1171 1430 1238 6694,
1457 1186 1585 1228 cum
1607 1171 1844 1227 domnus
1885 1169 2042 1226 Basi-

438 1265 552 1322 lius
589 1265 944 1329 .Camaterus
997 1266 1309 1336 patriarcha
1355 1272 1528 1333 esset,
1587 1265 1657 1320 ab
1708 1263 2045 1335 imperatore

441 1366 636 1415 nostro
663 1366 855 1413 sancto
871 1353 1075 1412 domno
1107 1356 1540 1427 lsaaeioAngelo
1565 1354 1746 1425 iussio
1776 1354 1920 1411 facta
1948 1354 2042 1422 sit,

441 1465 563 1520 qua:
588 1449 804 1516 statuit,
836 1465 904 1505 ne
934 1466 1002 1505 ex
1030 1449 1195 1506 dictis
1227 1450 1366 1506 actis
1396 1449 1752 1505 matrimonio
1800 1459 1927 1521 post
1951 1450 2043 1506 illa

443 1543 588 1598 inter
620 1543 782 1614 longe
803 1542 1161 1599 felicissimos
1187 1541 1456 1608 Caesares,
1487 1541 1753 1598 domnum
1775 1541 2045 1598 Joannem

445 1635 893 1691 Cantacuzenum
915 1634 1196 1701 videlicet,
1239 1644 1405 1706 atque
1421 1650 1737 1707 germanam
1754 1637 2050 1706 imperato.

446 1726 527 1780 lis
541 1741 788 1781 sororem
815 1725 1095 1781 dominam
1119 1726 1308 1782 lrenen
1329 1735 1640 1794 contracto,
1655 1742 1971 1798 quanquam
1992 1729 2049 1782 in

453 1819 754 1889 septimum
786 1820 1284 1891 consanguinitatis
1317 1821 1546 1892 gradum
1575 1820 1868 1888 referatur,
1907 1837 2051 1892 prae-

2144 1079 2315 1147 ἐοικε,
2341 1079 2436 1133 δύο
2497 1080 2704 1152 πρῶτοι
2744 1078 3029 1150 ὲξάδελφοι
3080 1079 3176 1134 δύο
3205 1080 3460 1149 ἀδελφάς,
3513 1080 3757 1149 ἐξετέθη

2142 1173 2308 1243 τόμος
2331 1171 2484 1245 παρὰ
2512 1173 2607 1228 τοῦ
2637 1172 2802 1227 αὑτοῦ
2830 1173 3173 1245 πατριάρχου
3193 1174 3575 1246 διαλαμϐάνων
3605 1175 3757 1245 περὶ

2144 1265 2207 1320 τὸ
2241 1267 2396 1331 τέλος
2420 1266 2618 1332 ταῦτα,
2653 1269 2686 1339 ἡ
2716 1267 3007 1339 μετριότης
3030 1267 3188 1339 ήμῶν
3213 1268 3512 1342 διωρίσατο
3537 1270 3753 1340 μηκέτι

2145 1362 2272 1424 τοὺς
2302 1360 2576 1425 τοιούτους
2600 1362 2814 1432 γάμους
2842 1360 3029 1434 χώραν
3059 1363 3116 1416 ὲν
3137 1365 3252 1426 τοῖς
3269 1365 3616 1435 Χριστιανοῖς
3642 1362 3751 1418 τοῦ

2147 1451 2339 1504 λοιποῦ
2371 1450 2539 1522 ἔχειν,
2571 1450 2708 1522 μηδὲ
2759 1453 2912 1523 παρά
2943 1469 3090 1518 τινος
3135 1453 3408 1524 μηδέποτε
3451 1469 3748 1524 καταπραο

2149 1545 2370 1616 χθῆναι.
2407 1544 2722 1616 Εὶσηγεῖται
2757 1544 2814 1599 δὲ
2847 1547 2984 1598 πᾶσι
3013 1545 3213 1611 κοινῶς
3259 1546 3354 1600 καὶ
3395 1549 3465 1617 τῇ
3507 1545 3615 1600 ἀπὸ
3642 1544 3744 1600 τοῦ

2152 1637 2466 1706 πνεύματος
2499 1637 2722 1709 ἐξουσίᾳ
2751 1639 3037 1709 πατρικῶς
3087 1639 3182 1692 καὶ
3221 1638 3556 1704 δεσποτικῶς
3574 1640 3746 1710 διορί-

2153 1730 2307 1795 ζεται
2339 1729 2480 1784 ὥστε
2513 1731 2720 1801 μηδένα
2751 1732 2860 1786 τῶν
2895 1732 3152 1786 ἁπάντων
3177 1731 3287 1786 άπό
3314 1749 3378 1802 γε
3398 1733 3493 1786 τοῦ
3523 1733 3616 1786 νῦν
3636 1734 3744 1786 κᾶν

2159 1822 2270 1875 τῶν
2300 1822 2356 1874 ὲν
2389 1823 2736 1885 δυναστείαις
2833 1841 2918 1888 τις
2944 1824 3041 1879 καὶ
3075 1823 3369 1892 ἐξουσίαις,
3394 1825 3498 1879 κᾶν
3526 1825 3746 1894 πλούτῳ

451 1913 742 1984 iudicetur
774 1929 791 1966 :
820 1913 914 1968 sed
944 1922 1211 1983 quantum
1243 1913 1308 1969 ad
1330 1913 1476 1981 illos,
1509 1923 1562 1970 et
1580 1913 1856 1988 [quidem]
1883 1914 2051 1982 solos,

2163 1917 2326 1988 κομᾷ,
2356 1913 2460 1969 κᾶν
2489 1915 2599 1968 τῶν
2625 1915 2841 1971 πολλῶν
2875 1917 2970 1970 καὶ
3001 1917 3095 1971 τοῦ
3125 1917 3299 1988 δήμου
3334 1917 3473 1989 πρὸς
3503 1917 3744 1971 τοιοῦτον

449 2021 576 2077 quae
621 2021 653 2061 a
697 2006 908 2078 synodo
943 2015 1110 2078 atque
1136 2007 1496 2079 zitnperalore
1549 2008 1754 2064 domno
1803 2007 2053 2064 Manuele

450 2100 524 2155 de
555 2100 866 2156 istiusmodi
907 2101 1114 2172 nuptiis
1147 2101 1512 2157 determinata
1559 2110 1712 2167 sunt,
1745 2100 2052 2158 inefﬁcacia

452 2197 590 2252 sint.
630 2194 789 2263 Quod
816 2196 986 2253 etiam
1015 2213 1044 2250 a
1074 2197 1286 2268 synodo
1319 2197 1689 2268 approbatum
1735 2205 1842 2252 est.
1873 2195 2052 2267 Atque

456 2289 530 2345 de
593 2289 815 2360 septimi
878 2289 1098 2359 quidem
1148 2290 1353 2359 gradus
1405 2289 1614 2360 nuptiis
1667 2288 2052 2345 controversia

455 2381 611 2438 hunc
649 2381 704 2436 in
751 2381 976 2436 modunn
1032 2381 1383 2438 concilietur.
1439 2382 1714 2437 Caeterum
1775 2381 2052 2452 quoniam

452 2473 814 2530 matrimonio
840 2473 1086 2529 afﬁnium
1111 2474 1166 2528 in
1210 2483 1367 2530 sexto
1415 2474 1587 2546 gradu
1623 2473 2054 2544 coniunctorum

453 2569 543 2634 (ut
571 2566 834 2639 diximus)
877 2565 1175 2638 prohibito,
1224 2567 1566 2639 temporibus
1595 2566 1932 2622 sanctissimi
1983 2565 2053 2620 il-

455 2660 568 2715 lius
609 2659 942 2731 patriarcha:
967 2658 1150 2715 domni
1209 2657 1439 2715 Sisinnii
1475 2659 1587 2714 duo
1635 2658 2055 2730 patruelcs(uti

457 2751 698 2824 videtur)
730 2752 871 2808 duas
901 2767 1127 2808 sorores
1155 2768 1358 2807 uxores
1382 2751 1660 2806 ducebant
1690 2769 1704 2806 :
1765 2751 2056 2822 proposita

461 2861 493 2900 a
523 2845 837 2915 patriarcha
871 2845 1079 2902 decisio
1108 2854 1216 2906 est,
1247 2862 1370 2917 qua:
1397 2846 1544 2903 circa
1577 2846 1740 2900 tinem
1763 2846 1881 2901 haec
1907 2860 2057 2902 com-

457 2937 718 3009 plectitur
751 2954 764 2992 :
797 2937 1101 2994 moderatio
1131 2949 1322 2995 nostra
1351 2940 1614 3002 decrevit,
1643 2954 1712 2994 ne
1740 2938 2058 2996 istiusmodi

458 3031 821 3087 matrimonia
869 3031 1017 3088 inter
1066 3032 1420 3090 Christianos
1465 3035 1532 3089 de
1568 3033 1782 3103 reliquo
1823 3032 2061 3103 amplius

456 3127 644 3181 locum
679 3125 941 3191 habeant,
973 3142 1150 3198 neque
1179 3127 1291 3183 ullo
1327 3142 1572 3197 unquam
1618 3134 1868 3197 tempore
1923 3141 2060 3182 con-

459 3217 775 3275 trahantur.
809 3218 888 3272 Ac
910 3218 1107 3274 suadet
1148 3217 1290 3290 [ipse
1318 3218 1490 3292 illam]
1517 3220 1570 3274 in
1600 3219 2060 3290 universumiom-

460 3312 650 3376 nibus,
705 3319 761 3366 et
803 3319 1072 3384 potestate
1133 3314 1475 3368 sacrosancti
1510 3312 1739 3383 spiritus
1786 3313 1842 3368 in
1885 3313 2058 3384 patris

462 3402 787 3474 dominique
817 3418 1028 3459 morem
1076 3403 1290 3469 statuit,
1327 3420 1396 3459 ne
1430 3404 1499 3459 de
1528 3413 1731 3459 caetero
1763 3404 2058 3475 quisquam

463 3495 1057 3568 omnium,quanquaut
1075 3511 1141 3552 ex
1163 3496 1532 3568 potestatibus
1554 3497 1753 3567 aliquis
1771 3497 1862 3564 sit,
1881 3511 2062 3567 quan-

464 3603 633 3657 quam
667 3586 1023 3644 facultatibus
1048 3603 1112 3643 ac
1127 3588 1334 3643 divitiis
1359 3586 1641 3658 superbiat
1659 3602 1975 3659 quanquam
1994 3603 2063 3642 ex

463 3680 655 3735 multis
675 3679 868 3754 [unus]
892 3691 947 3737 et
968 3697 1036 3738 ex
1056 3681 1212 3752 plebe
1232 3683 1322 3747 sit,
1346 3682 1412 3736 ad
1439 3681 1750 3737 istiusmodi
1772 3681 2062 3736 matrimo-

463 3775 620 3828 nium
683 3773 958 3829 deveniat.
985 3773 1140 3841 Quod
1174 3775 1218 3830 si
1250 3777 1375 3845 quis
1404 3775 1664 3845 deinceps
1703 3773 1928 3848 [inquit]
1959 3775 2064 3832 hoc

462 3875 730 3922 statutum
750 3867 1200 3936 floccifaciens,in
1225 3869 1330 3923 tale
1354 3869 1770 3925 matrimonium
1795 3884 1853 3924 se
1871 3869 2064 3940 praeci-

463 3963 620 4033 pitet,
636 3962 907 4018 liberosve
923 3963 1187 4018 collocet:
1213 3963 1300 4019 hic
1315 3964 1572 4020 omnibus
1595 3964 1789 4019 diebus
1808 3965 1931 4020 vitae
1950 3978 2065 4020 sua:

461 4056 534 4112 ab
570 4055 814 4112 Ecclesia
856 4057 1124 4126 pelletur:
1169 4072 1347 4129 neque
1386 4059 1540 4128 prius
1586 4059 1653 4112 ad
1683 4058 2062 4128 paenitentiam

459 4147 774 4217 recipietur,
791 4166 955 4220 quant
976 4150 1288 4204 distraxerit
1305 4150 1742 4216 matrimonium,
1761 4150 1976 4205 tametsi
1995 4164 2066 4204 ex

460 4243 554 4298 illa
582 4243 784 4300 liberos
811 4245 1135 4314 susceperit.
1161 4245 1488 4315 Quicunque
1517 4259 1643 4300 vero
1674 4248 1933 4301 sacerdos
1971 4245 2063 4300 tali

461 4340 821 4396 matrimonio
852 4355 1047 4410 preces
1079 4338 1414 4407 adhibuerit,
1439 4339 1614 4410 plenze
1641 4337 1697 4411 ie
1727 4337 2064 4412 sacerdotio]

459 4433 716 4504 eiectioni
749 4434 1095 4490 succumbet.
1137 4433 1274 4489 Cum
1306 4433 1488 4505 itaque
1529 4433 1633 4489 hoc
1661 4433 1828 4488 modo
1862 4433 1979 4487 haec
2008 4448 2068 4489 se

458 4525 745 4595 haberent,
766 4535 932 4598 atque
964 4527 1032 4583 de
1062 4526 1372 4583 istiusmodi
1393 4535 1677 4582 contractu
1711 4525 1853 4595 apud
1897 4526 2069 4594 impe-

2151 2007 2331 2077 γάμον
2365 2007 2560 2062 ἐλθεῖν.
2605 2009 2669 2063 Εἰ
2699 2007 2755 2064 δέ
2784 2026 2837 2062 τι
2877 2009 2988 2063 ἀπὸ
3034 2009 3131 2064 τοῦ
3179 2009 3452 2082 παρόντος
3477 2011 3547 2066 τὰ
3583 2010 3743 2081 διορι-

2159 2098 2376 2168 σάμενα
2429 2099 2607 2153 ταῦτα
2667 2100 2898 2171 θέμενος
2937 2103 3070 2173 παρ’
3127 2103 3282 2157 οὐδὲν
3321 2103 3459 2175 πρὸς
3505 2102 3744 2158 τοιοῦτον

2153 2191 2350 2245 ἑαυτὸν
2386 2193 2670 2265 ἑπιρρίψει
2697 2195 2898 2265 γάμον,
2957 2194 2990 2266 ἢ
3031 2194 3204 2267 ὲπιδῷ
3232 2196 3401 2251 τέκνα
3430 2198 3527 2267 τῆς
3553 2196 3742 2261 ἐκκλη-

2156 2284 2278 2348 σίας
2299 2280 2453 2349 οὗτος
2491 2288 2626 2355 ὲκκή
2640 2303 2837 2356 ρυκτος
2866 2287 3019 2340 ἔσται
3049 2289 3228 2351 πάσας
3261 2287 3478 2360 ἡμέρας
3511 2287 3606 2341 τοῦ
3631 2287 3744 2359 βίου

2154 2378 2344 2441 αὑτοῦ,
2371 2382 2465 2433 καὶ
2484 2381 2543 2434 οὐ
2567 2381 2833 2452 πρότερον
2850 2379 3174 2452 δεχθήσεται
3196 2382 3278 2446 είς
3301 2382 3594 2452 μετάνοιαν
3616 2383 3740 2452 πρὶν

2157 2471 2225 2525 ἂν
2249 2471 2493 2544 διαπάσῃ
2526 2472 2619 2524 τὸν
2667 2472 2866 2544 γάμον,
2887 2473 2993 2527 κᾶν
3012 2473 3196 2549 φθάσῃ
3215 2475 3413 2538 παῖδας
3440 2476 3741 2530 ἀποτεκεῖν.

2171 2561 2230 2616 '0
2256 2562 2312 2616 δὲ
2343 2561 2422 2633 τῷ
2447 2563 2676 2633 τοιούτῳ
2707 2563 2876 2634 γάμῳ
2903 2563 3071 2635 εὐχὴν
3095 2565 3315 2627 ἐπιδοὺς
3354 2565 3534 2635 ἱερεὺς
3565 2564 3745 2619 καθαι-

2163 2655 2311 2729 ρέσει
2332 2655 2518 2727 τελείᾳ
2538 2655 2921 2712 ὐποπεσεῖται.
2946 2657 3166 2711 Τούτων
3183 2652 3276 2711 οὖν
3299 2657 3476 2721 οὕτως
3497 2659 3743 2730 ἐχόντων,

2160 2750 2254 2805 καὶ
2293 2748 2628 2820 ἀμφιϐολίας
2657 2751 2957 2822 γινομένης
3002 2751 3132 2822 περί¹
3157 2751 3405 2805 τοιούτου
3453 2751 3748 2820 συναλλάγ-

2163 2859 2338 2913 ματος
2413 2842 2564 2914 παρά
2612 2842 2692 2912 τῷ
2745 2842 3014 2913 βασιλικῷ
3067 2843 3199 2915 θείῳ
3253 2843 3461 2915 βήματι
3509 2845 3747 2914 ἀπελύθη

2162 2934 2445 3007 θέσπισμα
2467 2937 2663 3007 νεαρὸν
2691 2935 2788 2990 τοῦ
2823 2938 3089 3007 κραταιοῦ
3116 2940 3212 2992 καὶ
3229 2939 3388 3009 ἁγίου
3416 2939 3574 3011 ἡμῶν
3597 2940 3747 3011 βασι-

2161 3027 2304 3092 λέως
2331 3029 2474 3083 κατά
2506 3031 2655 3100 μῆνα
2698 3029 2922 3084 Ἰούνιον
2954 3031 3269 3093 ίνδικτιόνος
3303 3037 3374 3102 η’.
3405 3031 3594 3086 Ταῦτα
3628 3034 3752 3101 περὶ

2162 3124 2225 3178 τὸ
2257 3125 2409 3190 τέλος
2433 3124 2628 3190 διεξιὸν
2654 3123 2730 3188 ῶς
2766 3123 2865 3177 Ἂν
2887 3123 2980 3178 οὖν
3008 3126 3104 3178 καὶ
3133 3125 3424 3196 ἀμφότερα
3459 3125 3637 3190 καλῶς
3659 3142 3755 3177 πε·-

2167 3215 2548 3288 ριφυλαχθῶσι
2596 3218 2691 3268 καὶ
2735 3215 3099 3281 σεϐασθῶσιν,
3130 3217 3228 3288 ἦτε
3256 3217 3619 3288 μεγαλειότης
3651 3218 3752 3270 τῶν

2166 3309 2476 3363 Βασιλικῶν
2522 3308 2620 3364 καὶ¹
2663 3309 3076 3381 ἀρχιερατικῶν
3125 3309 3540 3381 διαταγμάτων,
3597 3312 3750 3380 καὶὴ

2163 3403 2274 3458 τῶν
2305 3404 2485 3472 νόμων
2515 3404 2611 3456 καὶ
2647 3403 2756 3457 τῶν
2799 3403 3050 3456 κανόνων
3091 3403 3350 3475 ἀκρίϐεια
3392 3405 3531 3476 μήτε
3563 3420 3754 3457 παντες

2164 3496 2274 3561 λῶς
2307 3497 2489 3550 δοτέον
2523 3495 2600 3567 τῷ
2637 3496 2791 3566 τὸμῳ
2819 3497 2996 3568 τούτῳ
3022 3495 3120 3568 τὴν
3148 3495 3324 3560 λύσιν,
3371 3498 3508 3570 μήτε
3544 3497 3755 3558 πάντως

2163 3591 2527 3662 ἐπιτρεπτέον
2555 3591 2707 3662 αὐτῷ
2758 3591 2851 3645 καὶ
2884 3590 3044 3656 αὖθις
3089 3594 3150 3644 τὸ
3191 3591 3441 3663 ἐνεργὸν,
3493 3589 3631 3644 ἀλλὰ
3660 3589 3757 3660 τὴν

2169 3684 2345 3756 μέσην
2403 3684 2688 3754 βαδιστέον
2733 3684 2762 3737 ὃ
2797 3700 2930 3754 φασι
2983 3683 3079 3737 καὶ
3127 3683 3412 3754 βασιλικὴν
3458 3683 3554 3736 καὶ
3594 3683 3758 3752 ἄμφω

2172 3778 2574 3848 συντηρητέον.
2634 3776 2771 3829 Τότε
2818 3777 2950 3847 περὶ
3005 3776 3098 3829 τὸν
3157 3777 3508 3848 τομογράφον
3557 3776 3756 3828 ἐκεῖνον

2167 3870 2433 3942 ἀρχιερέα
2470 3871 2640 3934 σέϐας
2688 3871 2781 3923 καὶ
2832 3872 2960 3933 τοὺς
2996 3869 3431 3940 ὲπιμνησθέντας
3466 3866 3558 3922 τοῦ
3590 3868 3752 3937 τόμον

2166 3963 2334 4017 αὑτοῦ
2390 3963 2634 4034 βασιλεῖς
2673 3963 2767 4015 καὶ
2812 3963 2873 4015 τὸ
2923 3963 3131 4034 μηδένα
3163 3965 3276 4026 τοῖς
3318 3962 3504 4033 νόμοις
3554 3961 3754 4032 ἀπᾴδον

2168 4058 2262 4111 καὶ
2288 4060 2400 4120 τοῖς
2434 4057 2624 4110 κανόσι
2653 4055 3072 4127 προτρέψασθαι
3094 4056 3232 4128 ὅπερ
3262 4058 3289 4109 ὁ
3322 4053 3566 4117 τοιοῦτος
3595 4054 3753 4123 τόμος

2169 4150 2480 4221 εἰσήνεγκε.
2509 4149 2630 4218 Χρὴ
2664 4147 2774 4218 γάρ
2820 4147 2884 4199 τὸ
2915 4146 3023 4200 ἀπὸ
3050 4145 3142 4199 τοῦ
3169 4146 3412 4199 τοιούτου
3446 4145 3612 4216 τόμου
3651 4147 3757 4197 εἰσ-

2168 4240 2474 4312 ηνεγμένον
2507 4239 2870 4309 συνάλλαγμα
2889 4239 2989 4311 ἤδη
3017 4239 3116 4309 μὲν
3151 4237 3501 4292 συντελεσθὲν
3529 4237 3623 4292 καὶ
3656 4237 3758 4307 πρὸ

2169 4335 2496 4406 ἐρωτήσεως
2519 4331 2594 4402 μὴ
2626 4330 2985 4395 διασπᾶσθαι,
3006 4330 3308 4400 ἐπιτιμίοις
3337 4329 3395 4383 δὲ
3432 4330 3560 4392 τοὺς
3591 4326 3759 4390 οὕτως

2170 4431 2251 4490 είς
2291 4428 2470 4497 γάμον
2502 4423 2881 4496 ἀρμοσθέντας
2910 4422 3242 4494 βαρύνεσθαι
3274 4424 3415 4476 κατά
3455 4422 3557 4493 τὴν
3580 4420 3758 4492 κρίσιν

2170 4524 2268 4579 καὶ
2297 4522 2626 4594 δοκιμασίαν
2655 4520 2750 4573 τοῦ
2800 4520 2944 4572 κατὰ
2977 4519 3144 4572 τόπον
3181 4518 3484 4589 ἀρχιερέως
3526 4515 3602 4580 ὡς
3637 4532 3760 4568 συν-

464 4620 728 4674 ratorium
747 4619 992 4676 divinum
1011 4620 1245 4675 tribunal
1263 4619 1564 4692 [quaadam]
1580 4618 1909 4690 ambiguitas
1927 4618 2059 4673 inci-

2173 4617 2459 4689 τηρεῖσθαι
2485 4614 2700 4677 τούτοις
2745 4613 2806 4665 τὸ
2842 4613 3200 4677 συνοικέσιον,
3246 4610 3459 4680 φθάσαν
3489 4608 3544 4661 δὲ
3575 4609 3759 4661 πεσεῖν

460 4713 861 4779 disset,emissa
876 4724 961 4770 est
976 4730 1163 4770 mense
1175 4713 1203 4769 J
1212 4713 1322 4770 ulio
1335 4713 1633 4770 indictione
1645 4712 1775 4779 8,ab
1788 4711 1996 4783 optimo
2012 4720 2068 4767 et

465 4813 661 4861 sancto
684 4815 876 4860 nostro
901 4806 1238 4876 imperatore
1271 4807 1488 4862 novella
1513 4807 1751 4871 sanctio,
1777 4819 1901 4876 quae
1918 4804 2066 4860 circa

462 4900 631 4956 ﬁnem
661 4899 780 4955 haec
812 4908 998 4955 narrat
1023 4918 1037 4954 :
1066 4899 1139 4956 Ut
1164 4901 1350 4972 itaque
1379 4909 1701 4970 utrumque,
1737 4907 1793 4954 et
1823 4899 2066 4970 impera-

468 4993 666 5050 toriam
694 4993 1208 5065 pontificaliumque
1238 4993 1655 5048 nrdinationum
1696 4993 1986 5060 majestas,
2012 5000 2068 5048 et

470 5087 654 5156 legum
680 5102 1069 5158 canonumque
1096 5087 1281 5143 cautio
1313 5095 1461 5142 recte
1497 5095 1875 5152 conservetur,
1903 5095 2069 5156 atque

469 5181 830 5236 veneratione
863 5181 1135 5237 alliciatur
1167 5199 1182 5236 :
1219 5197 1400 5252 neque
1429 5183 1659 5236 omnino
1691 5182 1807 5236 hrcc
1858 5181 2068 5236 decisio

467 5272 841 5335 dissolvenda,
868 5289 1048 5344 neque
1085 5289 1280 5328 rursus
1310 5274 1538 5328 omnino
1566 5273 1643 5327 illi
1665 5271 1904 5328 efﬁcacia
1936 5287 2065 5327 con~

464 5368 707 5424 cedenda
739 5377 843 5423 est.
885 5366 988 5423 Sed
1047 5366 1180 5441 [via]
1231 5367 1411 5424 media
1463 5368 1631 5439 (quod
1673 5367 1850 5439 aiunt)
1904 5377 2069 5436 atque

463 5463 615 5534 regia
669 5462 915 5517 eundum
963 5471 1066 5528 est,
1125 5472 1181 5518 et
1239 5472 1538 5532 utrumque
1603 5459 2064 5522 conservandum,

469 5572 600 5626 erga
645 5556 945 5613 deeisionis
981 5557 1306 5628 scriptorem
1372 5554 1527 5612 illum
1556 5554 1952 5625 patriarcham,
2004 5566 2069 5606 ac

466 5648 831 5717 imperatores
862 5649 958 5720 qui
997 5651 1158 5714 istius
1189 5650 1488 5706 deeisionis
1539 5647 1877 5703 mentionem
1913 5644 2060 5700 fece—

465 5751 616 5811 runt,
652 5747 963 5801 reverentia
997 5761 1214 5816 nempe,
1245 5754 1394 5801 etne
1419 5743 1548 5815 quis
1579 5741 1794 5814 legibus
1837 5739 2070 5796 canoni-

469 5838 689 5907 busque
753 5838 980 5895 dissona
1021 5839 1328 5909 praecipiat,
1367 5836 1531 5908 quale
1582 5832 1896 5909 [quiddam]
1951 5833 2070 5889 haec

471 5932 680 5988 decisio
709 5931 1080 6006 [inmedium]
1109 5930 1353 5990 adduxit.
1375 5930 1602 6002 Oportet
1643 5937 1827 5986 autem
1860 5928 1930 5985 ab
1963 5927 2069 5983 hac

2171 4713 2250 4775 είς
2285 4709 2561 4783 ἐρώτησιν
2610 4708 2686 4779 μὴ
2728 4705 3030 4760 ἐνδίδοσθαι
3080 4704 3252 4775 χωρὶς
3299 4703 3409 4756 τῶν
3452 4702 3761 4772 ἀνηκόντων

2171 4802 2466 4873 ἐπιτιμίων
2495 4801 2589 4855 καὶ
2643 4797 2896 4853 ἐντολῶν.
2947 4798 3039 4850 Διὸ
3078 4795 3248 4860 σέϐας
3293 4795 3500 4851 ἄνωθεν
3553 4795 3763 4865 εἴρηται

2175 4895 2312 4968 μηδὲ
2344 4895 2517 4958 ἀδεῶς
2541 4894 2636 4948 καὶ
2667 4891 2990 4955 ἁνυπούλως
3019 4891 3114 4944 καὶ
3139 4888 3399 4953 ἐναντίως
3421 4890 3536 4952 τοῖς
3558 4887 3764 4958 ἐρωτή-

2175 5007 2333 5047 σασιν
2358 4987 2757 5059 ἐπιτρέπεσθαι
2781 4985 2918 5040 ἀλλὰ
2950 4985 3092 5056 μετὰ
3117 4982 3341 5053 ἐντολῆς
3370 4981 3572 5052 μᾶλλον
3598 4980 3764 5034 δὲκαὶ

2173 5086 2482 5156 ἀνάμνησιν
2512 5081 2607 5136 τοῦ
2648 5081 2910 5154 ῥηθέντος
2951 5079 3120 5150 τόμον
3152 5077 3306 5148 παρὰ
3348 5076 3447 5147 τῆς
3471 5075 3764 5146 ἐκκλησίας

2171 5178 2474 5251 λαμϐάνειν
2504 5177 2702 5239 αὐτοὺς
2741 5175 2835 5229 καὶ
2862 5173 2974 5225 τῶν
3005 5173 3063 5226 ἐν
3095 5169 3246 5241 αὐτῷ
3274 5167 3652 5238 διαπτομένων
3676 5167 3764 5220 καὶ

2174 5277 2222 5327 εἰ
2258 5273 2359 5344 μὲν
2397 5272 2457 5325 τὸ
2492 5269 2773 5340 θέσπισμα
2813 5267 2984 5339 τιμᾷν
3015 5263 3446 5336 προαιρούμενοι
3491 5260 3586 5313 καὶ
3614 5259 3683 5312 τὰ
3711 5261 3764 5311 ἐν

2173 5365 2323 5437 αὖτῷ
2378 5363 2745 5433 διειλημμένα
2792 5359 3086 5430 φυλάττειν
3161 5355 3593 5428 ἀπαρασάλευτα
3650 5352 3765 5424 βού-

2172 5463 2348 5516 λοιντο
2373 5460 2680 5513 ὲπαινετέοι
2713 5458 2933 5518 πάντως
2960 5454 3118 5508 εἰσίν.
3157 5454 3221 5507 El
3258 5451 3316 5505 δὲ
3342 5451 3400 5504 τὸ
3431 5451 3567 5520 παρ’
3603 5444 3764 5502 αὑτοῦ

2175 5555 2563 5626 κεκωλυμένον
2610 5551 3047 5623 διαπράττεσθαι
3116 5547 3462 5617 προαιροῖντο
3515 5546 3764 5614 ὲκχωρη-

2175 5643 2434 5716 θήσονται
2465 5642 2562 5713 μὲν
2600 5641 2762 5695 τοῦτο
2811 5641 3006 5695 ποιεῖν.
3042 5637 3192 5709 Πλὴν
3253 5637 3403 5708 ὅμως
3445 5634 3561 5697 τοῖς
3595 5649 3764 5704 προσ-

2179 5740 2410 5810 ήκουσιν
2439 5736 2742 5808 ἐπιτιμίοις
2763 5732 3212 5804 καθυπαγόμενοι
3259 5727 3436 5784 ταῦτα
3470 5725 3566 5783 τοῦ
3601 5726 3764 5797 τόμον

2174 5835 2272 5892 τοῦ
2306 5835 2651 5906 πατριάρχου
2704 5832 2899 5904 κυρίου
2953 5829 3227 5885 Σισινίου⁹
3276 5826 3414 5898 πρὸς
3460 5824 3518 5879 δὲ
3547 5820 3763 5877 καὶτοῦ

2176 5928 2470 5985 Βασιλικοῦ
2529 5927 2961 6000 προστάγματος
3017 5920 3405 5995 διοριζομένων
3459 5917 3533 5990 μὴ
3603 5915 3779 5986 εἴπῃς¹
