  <div class='ocr_page' id='page_1' title='image "/cluster/home/n/w/nwhite01/storage/ocr_20150623/104:no.4/coo.31924054870088/598.png"; bbox 0 0 4142 6466; ppageno 0'>
   <div class='ocr_carea' id='block_1_1' title="bbox 339 410 476 476">
    <p class='ocr_par' dir='ltr' id='par_1_1' title="bbox 339 410 476 476">
     <span class='ocr_line' id='line_1_1' title="bbox 339 410 476 476; baseline 0.015 -2"><span class='ocrx_word' id='word_1_1' title='bbox 339 410 476 476; x_wconf 79' lang='grc'>1177</span> 
     </span>
    </p>
   </div>
   <div class='ocr_carea' id='block_1_2' title="bbox 1393 407 2621 484">
    <p class='ocr_par' dir='ltr' id='par_1_2' title="bbox 1393 407 2621 484">
     <span class='ocr_line' id='line_1_2' title="bbox 1393 407 2621 484; baseline 0.005 -13"><span class='ocrx_word' id='word_1_2' title='bbox 1393 407 1885 471; x_wconf 79' lang='lat' dir='ltr'><strong>NOMOCANON.</strong></span> <span class='ocrx_word' id='word_1_3' title='bbox 1924 409 2076 470; x_wconf 86' lang='lat' dir='ltr'><strong>TIT.</strong></span> <span class='ocrx_word' id='word_1_4' title='bbox 2119 410 2294 484; x_wconf 82' lang='lat' dir='ltr'>XIII,</span> <span class='ocrx_word' id='word_1_5' title='bbox 2339 412 2498 474; x_wconf 71' lang='lat' dir='ltr'><strong>CAP.</strong></span> <span class='ocrx_word' id='word_1_6' title='bbox 2537 413 2621 477; x_wconf 92' lang='lat' dir='ltr'><strong>II.</strong></span> 
     </span>
    </p>
   </div>
   <div class='ocr_carea' id='block_1_3' title="bbox 3508 414 3649 483">
    <p class='ocr_par' dir='ltr' id='par_1_3' title="bbox 3508 414 3649 483">
     <span class='ocr_line' id='line_1_3' title="bbox 3508 414 3649 483; baseline 0.007 -1"><span class='ocrx_word' id='word_1_7' title='bbox 3508 414 3649 483; x_wconf 83' lang='lat'><strong>1178</strong></span> 
     </span>
    </p>
   </div>
   <div class='ocr_carea' id='block_1_4' title="bbox 337 521 1929 603">
    <p class='ocr_par' dir='ltr' id='par_1_4' title="bbox 337 521 1929 598">
     <span class='ocr_line' id='line_1_4' title="bbox 337 521 1929 598; baseline -0.006 -14"><span class='ocrx_word' id='word_1_8' title='bbox 337 531 519 584; x_wconf 81' lang='grc' dir='ltr'>πάντα</span> <span class='ocrx_word' id='word_1_9' title='bbox 551 527 620 583; x_wconf 85' lang='grc' dir='ltr'>τὰ</span> <span class='ocrx_word' id='word_1_10' title='bbox 643 526 703 593; x_wconf 81' lang='grc' dir='ltr'>ἐξ</span> <span class='ocrx_word' id='word_1_11' title='bbox 726 524 1047 598; x_wconf 74' lang='grc' dir='ltr'><strong>ἀγχιστείας</strong></span> <span class='ocrx_word' id='word_1_12' title='bbox 1072 523 1235 578; x_wconf 75' lang='grc' dir='ltr'>ἕκτου</span> <span class='ocrx_word' id='word_1_13' title='bbox 1266 521 1475 594; x_wconf 86' lang='grc' dir='ltr'>βαθμοῦ</span> <span class='ocrx_word' id='word_1_14' title='bbox 1497 523 1719 594; x_wconf 85' lang='grc' dir='ltr'>γαμικά</span> <span class='ocrx_word' id='word_1_15' title='bbox 1743 521 1929 578; x_wconf 82' lang='grc' dir='ltr'>συναλ-</span> 
     </span>
    </p>
   </div>
   <div class='ocr_carea' id='block_1_5' title="bbox 2036 521 3649 603">
    <p class='ocr_par' dir='ltr' id='par_1_5' title="bbox 2042 521 3649 603">
     <span class='ocr_line' id='line_1_5' title="bbox 2042 521 3649 603; baseline 0.004 -27"><span class='ocrx_word' id='word_1_16' title='bbox 2042 521 2323 579; x_wconf 88' lang='lat' dir='ltr'><strong>dccisioue</strong></span> <span class='ocrx_word' id='word_1_17' title='bbox 2387 524 2780 583; x_wconf 89' lang='lat' dir='ltr'><strong>introductum</strong></span> <span class='ocrx_word' id='word_1_18' title='bbox 2841 527 3230 603; x_wconf 88' lang='lat' dir='ltr'><strong>[matrimonii]</strong></span> <span class='ocrx_word' id='word_1_19' title='bbox 3277 537 3649 596; x_wconf 88' lang='lat' dir='ltr'><strong>contractum,</strong></span> 
     </span>
    </p>
   </div>
   <div class='ocr_carea' id='block_1_6' title="bbox 337 615 1936 694">
    <p class='ocr_par' dir='ltr' id='par_1_6' title="bbox 337 615 1936 694">
     <span class='ocr_line' id='line_1_6' title="bbox 337 615 1936 694; baseline -0.004 -18"><span class='ocrx_word' id='word_1_20' title='bbox 337 622 596 694; x_wconf 82' lang='grc' dir='ltr'>λάγματα</span> <span class='ocrx_word' id='word_1_21' title='bbox 650 620 756 674; x_wconf 84' lang='grc' dir='ltr'>ὑπὸ</span> <span class='ocrx_word' id='word_1_22' title='bbox 795 618 1005 673; x_wconf 84' lang='grc' dir='ltr'>τούτων</span> <span class='ocrx_word' id='word_1_23' title='bbox 1043 615 1405 672; x_wconf 82' lang='grc' dir='ltr'>ἁλίσκεσθαι’</span> <span class='ocrx_word' id='word_1_24' title='bbox 1448 615 1778 687; x_wconf 87' lang='grc' dir='ltr'>πρόσταγμα</span> <span class='ocrx_word' id='word_1_25' title='bbox 1826 615 1936 688; x_wconf 88' lang='grc' dir='ltr'><strong>γάρ</strong></span> 
     </span>
    </p>
   </div>
   <div class='ocr_carea' id='block_1_7' title="bbox 336 706 1941 784">
    <p class='ocr_par' dir='ltr' id='par_1_7' title="bbox 336 706 1941 784">
     <span class='ocr_line' id='line_1_7' title="bbox 336 706 1941 784; baseline -0.004 -16"><span class='ocrx_word' id='word_1_26' title='bbox 336 717 454 768; x_wconf 85' lang='grc' dir='ltr'>ἐστι</span> <span class='ocrx_word' id='word_1_27' title='bbox 487 713 582 768; x_wconf 87' lang='grc' dir='ltr'><strong>τοῦ</strong></span> <span class='ocrx_word' id='word_1_28' title='bbox 610 713 860 784; x_wconf 78' lang='grc' dir='ltr'>ἀοιδίμου</span> <span class='ocrx_word' id='word_1_29' title='bbox 890 711 1160 783; x_wconf 86' lang='grc' dir='ltr'>βασιλέως</span> <span class='ocrx_word' id='word_1_30' title='bbox 1190 711 1382 781; x_wconf 88' lang='grc' dir='ltr'>κυρίου</span> <span class='ocrx_word' id='word_1_31' title='bbox 1431 709 1669 774; x_wconf 82' lang='grc' dir='ltr'>Ἀλεξίου</span> <span class='ocrx_word' id='word_1_32' title='bbox 1706 706 1802 762; x_wconf 90' lang='grc' dir='ltr'><strong>τοῦ</strong></span> <span class='ocrx_word' id='word_1_33' title='bbox 1833 710 1941 762; x_wconf 81' lang='grc' dir='ltr'><strong>Κο-</strong></span> 
     </span>
    </p>
   </div>
   <div class='ocr_carea' id='block_1_8' title="bbox 341 802 1938 880">
    <p class='ocr_par' dir='ltr' id='par_1_8' title="bbox 341 802 1938 880">
     <span class='ocr_line' id='line_1_8' title="bbox 341 802 1938 880; baseline -0.004 -17"><span class='ocrx_word' id='word_1_34' title='bbox 341 809 548 880; x_wconf 84' lang='grc' dir='ltr'>μνηνοῦ</span> <span class='ocrx_word' id='word_1_35' title='bbox 574 806 860 878; x_wconf 83' lang='grc' dir='ltr'>ἐξενεχθὲν</span> <span class='ocrx_word' id='word_1_36' title='bbox 896 805 992 860; x_wconf 77' lang='grc' dir='ltr'><strong>ἐπὶ</strong></span> <span class='ocrx_word' id='word_1_37' title='bbox 1033 804 1341 877; x_wconf 84' lang='grc' dir='ltr'><strong>ὑπομνήσει</strong></span> <span class='ocrx_word' id='word_1_38' title='bbox 1368 803 1465 858; x_wconf 90' lang='grc' dir='ltr'><strong>τοῦ</strong></span> <span class='ocrx_word' id='word_1_39' title='bbox 1496 804 1759 876; x_wconf 85' lang='grc' dir='ltr'>προέδρου</span> <span class='ocrx_word' id='word_1_40' title='bbox 1787 802 1938 856; x_wconf 88' lang='grc' dir='ltr'>ἐκεί-</span> 
     </span>
    </p>
   </div>
   <div class='ocr_carea' id='block_1_9' title="bbox 336 895 1938 974">
    <p class='ocr_par' dir='ltr' id='par_1_9' title="bbox 336 895 1938 974">
     <span class='ocr_line' id='line_1_9' title="bbox 336 895 1938 974; baseline -0.004 -19"><span class='ocrx_word' id='word_1_41' title='bbox 336 921 430 956; x_wconf 91' lang='grc' dir='ltr'><strong>νου</strong></span> <span class='ocrx_word' id='word_1_42' title='bbox 470 901 654 974; x_wconf 86' lang='grc' dir='ltr'>Βάρδα</span> <span class='ocrx_word' id='word_1_43' title='bbox 702 902 798 954; x_wconf 82' lang='grc' dir='ltr'><strong>καὶ</strong></span> <span class='ocrx_word' id='word_1_44' title='bbox 845 899 1202 970; x_wconf 81' lang='grc' dir='ltr'>ὲταιριάρχου</span> <span class='ocrx_word' id='word_1_45' title='bbox 1249 897 1343 951; x_wconf 90' lang='grc' dir='ltr'><strong>τοῦ</strong></span> <span class='ocrx_word' id='word_1_46' title='bbox 1383 895 1554 968; x_wconf 80' lang='grc' dir='ltr'>ξηροῦ</span> <span class='ocrx_word' id='word_1_47' title='bbox 1599 895 1744 950; x_wconf 86' lang='grc' dir='ltr'><strong>κατά</strong></span> <span class='ocrx_word' id='word_1_48' title='bbox 1789 895 1938 967; x_wconf 90' lang='grc' dir='ltr'>μῆνα</span> 
     </span>
    </p>
   </div>
   <div class='ocr_carea' id='block_1_10' title="bbox 334 989 1933 1068">
    <p class='ocr_par' dir='ltr' id='par_1_10' title="bbox 334 989 1933 1068">
     <span class='ocr_line' id='line_1_10' title="bbox 334 989 1933 1068; baseline -0.005 -18"><span class='ocrx_word' id='word_1_49' title='bbox 334 997 582 1068; x_wconf 82' lang='grc' dir='ltr'><strong>Μάρτιον</strong></span> <span class='ocrx_word' id='word_1_50' title='bbox 639 994 960 1058; x_wconf 86' lang='grc' dir='ltr'>ίνδικτιόνος</span> <span class='ocrx_word' id='word_1_51' title='bbox 996 1000 1078 1048; x_wconf 88' lang='grc' dir='ltr'>ιε’.</span> <span class='ocrx_word' id='word_1_52' title='bbox 1112 990 1530 1061; x_wconf 82' lang='grc' dir='ltr'>Καταπεμφθέν</span> <span class='ocrx_word' id='word_1_53' title='bbox 1571 991 1651 1054; x_wconf 90' lang='grc' dir='ltr'><strong>είς</strong></span> <span class='ocrx_word' id='word_1_54' title='bbox 1675 989 1768 1044; x_wconf 84' lang='grc' dir='ltr'><strong>τὸν</strong></span> <span class='ocrx_word' id='word_1_55' title='bbox 1807 989 1933 1043; x_wconf 87' lang='grc' dir='ltr'>τότε</span> 
     </span>
    </p>
   </div>
   <div class='ocr_carea' id='block_1_11' title="bbox 335 1082 1937 1160">
    <p class='ocr_par' dir='ltr' id='par_1_11' title="bbox 335 1082 1937 1160">
     <span class='ocr_line' id='line_1_11' title="bbox 335 1082 1937 1160; baseline -0.006 -15"><span class='ocrx_word' id='word_1_56' title='bbox 335 1088 644 1160; x_wconf 84' lang='grc' dir='ltr'>ἁγιώτατον</span> <span class='ocrx_word' id='word_1_57' title='bbox 678 1087 1031 1159; x_wconf 85' lang='grc' dir='ltr'>πατριάρχην</span> <span class='ocrx_word' id='word_1_58' title='bbox 1065 1085 1258 1158; x_wconf 86' lang='grc' dir='ltr'>κύριον</span> <span class='ocrx_word' id='word_1_59' title='bbox 1287 1085 1558 1140; x_wconf 85' lang='grc' dir='ltr'>Νικόλαον</span> <span class='ocrx_word' id='word_1_60' title='bbox 1594 1083 1690 1138; x_wconf 86' lang='grc' dir='ltr'>καὶ</span> <span class='ocrx_word' id='word_1_61' title='bbox 1727 1082 1828 1154; x_wconf 81' lang='grc' dir='ltr'>τὴν</span> <span class='ocrx_word' id='word_1_62' title='bbox 1859 1084 1937 1136; x_wconf 79' lang='lat' dir='ltr'><strong>is-</strong></span> 
     </span>
    </p>
   </div>
   <div class='ocr_carea' id='block_1_12' title="bbox 340 1176 1935 1250">
    <p class='ocr_par' dir='ltr' id='par_1_12' title="bbox 340 1176 1935 1250">
     <span class='ocr_line' id='line_1_12' title="bbox 340 1176 1935 1250; baseline -0.004 -15"><span class='ocrx_word' id='word_1_63' title='bbox 340 1183 444 1250; x_wconf 75' lang='grc' dir='ltr'><strong>ράν</strong></span> <span class='ocrx_word' id='word_1_64' title='bbox 481 1182 578 1235; x_wconf 77' lang='grc' dir='ltr'>καὶ</span> <span class='ocrx_word' id='word_1_65' title='bbox 609 1180 762 1234; x_wconf 82' lang='grc' dir='ltr'>Θείαν</span> <span class='ocrx_word' id='word_1_66' title='bbox 791 1180 1015 1234; x_wconf 82' lang='grc' dir='ltr'>συνόδον</span> <span class='ocrx_word' id='word_1_67' title='bbox 1056 1177 1430 1250; x_wconf 78' lang='grc' dir='ltr'>διοριζόμενον</span> <span class='ocrx_word' id='word_1_68' title='bbox 1462 1176 1761 1241; x_wconf 82' lang='grc' dir='ltr'><strong>ἀκωλύτως</strong></span> <span class='ocrx_word' id='word_1_69' title='bbox 1805 1192 1935 1230; x_wconf 89' lang='grc' dir='ltr'>συν-</span> 
     </span>
    </p>
   </div>
   <div class='ocr_carea' id='block_1_13' title="bbox 334 1268 1933 1343">
    <p class='ocr_par' dir='ltr' id='par_1_13' title="bbox 334 1268 1933 1343">
     <span class='ocr_line' id='line_1_13' title="bbox 334 1268 1933 1343; baseline -0.004 -13"><span class='ocrx_word' id='word_1_70' title='bbox 334 1273 613 1330; x_wconf 88' lang='grc' dir='ltr'>άπτεσθαι</span> <span class='ocrx_word' id='word_1_71' title='bbox 683 1271 828 1327; x_wconf 89' lang='grc' dir='ltr'>θεῖον</span> <span class='ocrx_word' id='word_1_72' title='bbox 872 1272 969 1327; x_wconf 75' lang='grc' dir='ltr'><strong>καὶ</strong></span> <span class='ocrx_word' id='word_1_73' title='bbox 1021 1271 1264 1343; x_wconf 77' lang='grc' dir='ltr'>ἀνεψιὸν,</span> <span class='ocrx_word' id='word_1_74' title='bbox 1292 1272 1412 1326; x_wconf 89' lang='grc' dir='ltr'>θεῖα</span> <span class='ocrx_word' id='word_1_75' title='bbox 1437 1271 1532 1325; x_wconf 61' lang='grc' dir='ltr'><strong>καί¹</strong></span> <span class='ocrx_word' id='word_1_76' title='bbox 1575 1270 1776 1340; x_wconf 75' lang='grc' dir='ltr'>ἀνεψιά</span> <span class='ocrx_word' id='word_1_77' title='bbox 1824 1268 1933 1323; x_wconf 85' lang='grc' dir='ltr'><strong>κᾶν</strong></span> 
     </span>
    </p>
   </div>
   <div class='ocr_carea' id='block_1_14' title="bbox 332 1364 1937 1437">
    <p class='ocr_par' dir='ltr' id='par_1_14' title="bbox 332 1364 1937 1437">
     <span class='ocr_line' id='line_1_14' title="bbox 332 1364 1937 1437; baseline -0.001 -18"><span class='ocrx_word' id='word_1_78' title='bbox 332 1366 494 1420; x_wconf 70' lang='grc' dir='ltr'>ἕκτου</span> <span class='ocrx_word' id='word_1_79' title='bbox 528 1365 740 1437; x_wconf 88' lang='grc' dir='ltr'>βαθμοῦ</span> <span class='ocrx_word' id='word_1_80' title='bbox 769 1367 1092 1436; x_wconf 83' lang='grc' dir='ltr'>συγγένειαν</span> <span class='ocrx_word' id='word_1_81' title='bbox 1125 1364 1186 1431; x_wconf 82' lang='grc' dir='ltr'><strong>ἐξ</strong></span> <span class='ocrx_word' id='word_1_82' title='bbox 1216 1365 1538 1436; x_wconf 78' lang='grc' dir='ltr'>ἀγχιστείας</span> <span class='ocrx_word' id='word_1_83' title='bbox 1579 1364 1768 1437; x_wconf 74' lang='grc' dir='ltr'>ἔχωσι.</span> <span class='ocrx_word' id='word_1_84' title='bbox 1821 1365 1937 1420; x_wconf 75' lang='grc' dir='ltr'>Καὶ</span> 
     </span>
    </p>
   </div>
   <div class='ocr_carea' id='block_1_15' title="bbox 331 1453 1936 1528">
    <p class='ocr_par' dir='ltr' id='par_1_15' title="bbox 331 1453 1936 1528">
     <span class='ocr_line' id='line_1_15' title="bbox 331 1453 1936 1528; baseline -0.001 -19"><span class='ocrx_word' id='word_1_85' title='bbox 331 1456 610 1525; x_wconf 83' lang='grc' dir='ltr'>ἀνάγνωθι</span> <span class='ocrx_word' id='word_1_86' title='bbox 639 1456 701 1510; x_wconf 84' lang='grc' dir='ltr'><strong>τὸ</strong></span> <span class='ocrx_word' id='word_1_87' title='bbox 743 1455 988 1510; x_wconf 86' lang='grc' dir='ltr'>τοιοῦτον</span> <span class='ocrx_word' id='word_1_88' title='bbox 1023 1457 1364 1528; x_wconf 80' lang='grc' dir='ltr'>πρόσταγμα</span> <span class='ocrx_word' id='word_1_89' title='bbox 1415 1453 1807 1524; x_wconf 80' lang='grc' dir='ltr'>καταστρωθὲν</span> <span class='ocrx_word' id='word_1_90' title='bbox 1853 1455 1936 1518; x_wconf 86' lang='grc' dir='ltr'><strong>είς</strong></span> 
     </span>
    </p>
   </div>
   <div class='ocr_carea' id='block_1_16' title="bbox 336 1548 1935 1621">
    <p class='ocr_par' dir='ltr' id='par_1_16' title="bbox 336 1548 1935 1621">
     <span class='ocr_line' id='line_1_16' title="bbox 336 1548 1935 1621; baseline 0.001 -18"><span class='ocrx_word' id='word_1_91' title='bbox 336 1550 636 1621; x_wconf 85' lang='grc' dir='ltr'>σημείωμα</span> <span class='ocrx_word' id='word_1_92' title='bbox 669 1550 950 1604; x_wconf 78' lang='grc' dir='ltr'>συνοδικὸν</span> <span class='ocrx_word' id='word_1_93' title='bbox 999 1550 1395 1621; x_wconf 84' lang='grc' dir='ltr'>εὑρισκόμενον</span> <span class='ocrx_word' id='word_1_94' title='bbox 1457 1549 1538 1613; x_wconf 85' lang='grc' dir='ltr'><strong>είς</strong></span> <span class='ocrx_word' id='word_1_95' title='bbox 1584 1550 1655 1604; x_wconf 88' lang='grc' dir='ltr'><strong>τά</strong></span> <span class='ocrx_word' id='word_1_96' title='bbox 1698 1548 1935 1604; x_wconf 81' lang='grc' dir='ltr'>κωδίκια</span> 
     </span>
    </p>
   </div>
   <div class='ocr_carea' id='block_1_17' title="bbox 331 1641 1934 1715">
    <p class='ocr_par' dir='ltr' id='par_1_17' title="bbox 331 1641 1934 1715">
     <span class='ocr_line' id='line_1_17' title="bbox 331 1641 1934 1715; baseline 0.001 -22"><span class='ocrx_word' id='word_1_97' title='bbox 331 1641 430 1694; x_wconf 84' lang='grc' dir='ltr'><strong>τοῦ</strong></span> <span class='ocrx_word' id='word_1_98' title='bbox 463 1641 852 1712; x_wconf 79' lang='grc' dir='ltr'>διαληφθέντος</span> <span class='ocrx_word' id='word_1_99' title='bbox 886 1643 1234 1715; x_wconf 83' lang='grc' dir='ltr'>πατριάρχου</span> <span class='ocrx_word' id='word_1_100' title='bbox 1263 1641 1454 1714; x_wconf 82' lang='grc' dir='ltr'>κυρίου</span> <span class='ocrx_word' id='word_1_101' title='bbox 1489 1641 1783 1696; x_wconf 80' lang='grc' dir='ltr'>Νικολάου.</span> <span class='ocrx_word' id='word_1_102' title='bbox 1809 1641 1934 1695; x_wconf 75' lang='grc' dir='ltr'>Ὀτι</span> 
     </span>
    </p>
   </div>
   <div class='ocr_carea' id='block_1_18' title="bbox 332 1734 1930 1807">
    <p class='ocr_par' dir='ltr' id='par_1_18' title="bbox 332 1734 1930 1807">
     <span class='ocr_line' id='line_1_18' title="bbox 332 1734 1930 1807; baseline 0.001 -20"><span class='ocrx_word' id='word_1_103' title='bbox 332 1734 391 1788; x_wconf 81' lang='grc' dir='ltr'><strong>δὲ</strong></span> <span class='ocrx_word' id='word_1_104' title='bbox 441 1734 604 1804; x_wconf 80' lang='grc' dir='ltr'>λόγος</span> <span class='ocrx_word' id='word_1_105' title='bbox 643 1735 838 1805; x_wconf 86' lang='grc' dir='ltr'>γέγονέ</span> <span class='ocrx_word' id='word_1_106' title='bbox 877 1754 1010 1790; x_wconf 88' lang='grc' dir='ltr'>ποτε</span> <span class='ocrx_word' id='word_1_107' title='bbox 1052 1736 1207 1807; x_wconf 84' lang='grc' dir='ltr'><strong>παρά</strong></span> <span class='ocrx_word' id='word_1_108' title='bbox 1246 1734 1326 1805; x_wconf 81' lang='grc' dir='ltr'><strong>τῷ</strong></span> <span class='ocrx_word' id='word_1_109' title='bbox 1394 1734 1674 1806; x_wconf 82' lang='grc' dir='ltr'>Βασιλικῷ</span> <span class='ocrx_word' id='word_1_110' title='bbox 1723 1734 1930 1806; x_wconf 81' lang='grc' dir='ltr'>βήματι</span> 
     </span>
    </p>
   </div>
   <div class='ocr_carea' id='block_1_19' title="bbox 333 1824 1934 1900">
    <p class='ocr_par' dir='ltr' id='par_1_19' title="bbox 333 1824 1934 1900">
     <span class='ocr_line' id='line_1_19' title="bbox 333 1824 1934 1900; baseline 0.001 -20"><span class='ocrx_word' id='word_1_111' title='bbox 333 1827 468 1900; x_wconf 79' lang='grc' dir='ltr'>περὶ</span> <span class='ocrx_word' id='word_1_112' title='bbox 509 1828 603 1882; x_wconf 89' lang='grc' dir='ltr'><strong>τοῦ</strong></span> <span class='ocrx_word' id='word_1_113' title='bbox 653 1830 702 1882; x_wconf 88' lang='grc' dir='ltr'><strong>εί</strong></span> <span class='ocrx_word' id='word_1_114' title='bbox 739 1828 962 1883; x_wconf 90' lang='grc' dir='ltr'>δύναται</span> <span class='ocrx_word' id='word_1_115' title='bbox 1009 1831 1039 1884; x_wconf 95' lang='lat'><strong>6</strong></span> <span class='ocrx_word' id='word_1_116' title='bbox 1079 1829 1242 1892; x_wconf 84' lang='grc' dir='ltr'>αὐτὸς</span> <span class='ocrx_word' id='word_1_117' title='bbox 1283 1828 1380 1884; x_wconf 81' lang='grc' dir='ltr'>καὶ</span> <span class='ocrx_word' id='word_1_118' title='bbox 1410 1824 1492 1892; x_wconf 82' lang='grc' dir='ltr'>εἷς</span> <span class='ocrx_word' id='word_1_119' title='bbox 1533 1827 1629 1882; x_wconf 89' lang='grc' dir='ltr'><strong>δύο</strong></span> <span class='ocrx_word' id='word_1_120' title='bbox 1671 1828 1934 1900; x_wconf 79' lang='grc' dir='ltr'>δευτέρας</span> 
     </span>
    </p>
   </div>
   <div class='ocr_carea' id='block_1_20' title="bbox 2051 615 3645 693">
    <p class='ocr_par' dir='ltr' id='par_1_20' title="bbox 2051 615 3645 693">
     <span class='ocr_line' id='line_1_20' title="bbox 2051 615 3645 693; baseline 0.004 -21"><span class='ocrx_word' id='word_1_121' title='bbox 2051 616 2098 672; x_wconf 90' lang='lat' dir='ltr'><strong>si</strong></span> <span class='ocrx_word' id='word_1_122' title='bbox 2119 615 2234 687; x_wconf 86' lang='lat' dir='ltr'><strong>jam</strong></span> <span class='ocrx_word' id='word_1_123' title='bbox 2283 630 2709 678; x_wconf 72' lang='lat' dir='ltr'><strong>consummatus</strong></span> <span class='ocrx_word' id='word_1_124' title='bbox 2746 622 2838 688; x_wconf 89' lang='lat' dir='ltr'><strong>sit,</strong></span> <span class='ocrx_word' id='word_1_125' title='bbox 2870 622 3088 678; x_wconf 88' lang='lat' dir='ltr'><strong>etiamsi</strong></span> <span class='ocrx_word' id='word_1_126' title='bbox 3122 624 3244 693; x_wconf 87' lang='lat' dir='ltr'><strong>ejus</strong></span> <span class='ocrx_word' id='word_1_127' title='bbox 3290 621 3525 679; x_wconf 75' lang='lat' dir='ltr'><strong>faciendi</strong></span> <span class='ocrx_word' id='word_1_128' title='bbox 3560 623 3645 678; x_wconf 83' lang='lat' dir='ltr'><strong>fa-</strong></span> 
     </span>
    </p>
   </div>
   <div class='ocr_carea' id='block_1_21' title="bbox 2053 708 3644 786">
    <p class='ocr_par' dir='ltr' id='par_1_21' title="bbox 2053 708 3644 786">
     <span class='ocr_line' id='line_1_21' title="bbox 2053 708 3644 786; baseline 0.006 -25"><span class='ocrx_word' id='word_1_129' title='bbox 2053 708 2232 764; x_wconf 86' lang='lat' dir='ltr'><strong>cultas</strong></span> <span class='ocrx_word' id='word_1_130' title='bbox 2254 711 2422 779; x_wconf 90' lang='lat' dir='ltr'><strong>petita</strong></span> <span class='ocrx_word' id='word_1_131' title='bbox 2459 727 2567 767; x_wconf 93' lang='lat' dir='ltr'><strong>non</strong></span> <span class='ocrx_word' id='word_1_132' title='bbox 2593 711 2782 780; x_wconf 80' lang='lat' dir='ltr'><strong>fuerit,</strong></span> <span class='ocrx_word' id='word_1_133' title='bbox 2835 729 2944 770; x_wconf 93' lang='lat' dir='ltr'><strong>non</strong></span> <span class='ocrx_word' id='word_1_134' title='bbox 2971 714 3202 770; x_wconf 78' lang='lat' dir='ltr'><strong>distrahi</strong></span> <span class='ocrx_word' id='word_1_135' title='bbox 3237 732 3251 770; x_wconf 93' lang='lat'><strong>:</strong></span> <span class='ocrx_word' id='word_1_136' title='bbox 3283 715 3379 770; x_wconf 87' lang='lat' dir='ltr'><strong>sed</strong></span> <span class='ocrx_word' id='word_1_137' title='bbox 3429 714 3644 786; x_wconf 85' lang='lat' dir='ltr'><strong>judicio</strong></span> 
     </span>
    </p>
   </div>
   <div class='ocr_carea' id='block_1_22' title="bbox 2049 805 3637 873">
    <p class='ocr_par' dir='ltr' id='par_1_22' title="bbox 2049 805 3637 873">
     <span class='ocr_line' id='line_1_22' title="bbox 2049 805 3637 873; baseline 0.005 -17"><span class='ocrx_word' id='word_1_138' title='bbox 2049 812 2218 871; x_wconf 88' lang='lat' dir='ltr'><strong>atque</strong></span> <span class='ocrx_word' id='word_1_139' title='bbox 2249 805 2644 873; x_wconf 82' lang='lat' dir='ltr'><strong>approbatione</strong></span> <span class='ocrx_word' id='word_1_140' title='bbox 2692 806 2798 863; x_wconf 88' lang='lat' dir='ltr'><strong>loci</strong></span> <span class='ocrx_word' id='word_1_141' title='bbox 2832 807 3101 865; x_wconf 85' lang='lat' dir='ltr'><strong>antistitis</strong></span> <span class='ocrx_word' id='word_1_142' title='bbox 3142 806 3218 862; x_wconf 88' lang='lat' dir='ltr'><strong>ita</strong></span> <span class='ocrx_word' id='word_1_143' title='bbox 3253 807 3310 863; x_wconf 93' lang='lat' dir='ltr'><strong>in</strong></span> <span class='ocrx_word' id='word_1_144' title='bbox 3345 809 3637 864; x_wconf 86' lang='lat' dir='ltr'><strong>matrimo—</strong></span> 
     </span>
    </p>
   </div>
   <div class='ocr_carea' id='block_1_23' title="bbox 2048 894 3646 972">
    <p class='ocr_par' dir='ltr' id='par_1_23' title="bbox 2048 894 3646 972">
     <span class='ocr_line' id='line_1_23' title="bbox 2048 894 3646 972; baseline 0.005 -24"><span class='ocrx_word' id='word_1_145' title='bbox 2048 894 2202 950; x_wconf 88' lang='lat' dir='ltr'><strong>nium</strong></span> <span class='ocrx_word' id='word_1_146' title='bbox 2231 896 2543 966; x_wconf 87' lang='lat' dir='ltr'><strong>conjunctis</strong></span> <span class='ocrx_word' id='word_1_147' title='bbox 2564 900 2744 969; x_wconf 62' lang='lat' dir='ltr'><strong>poenis</strong></span> <span class='ocrx_word' id='word_1_148' title='bbox 2763 901 2979 970; x_wconf 82' lang='lat' dir='ltr'><strong>gravari</strong></span> <span class='ocrx_word' id='word_1_149' title='bbox 3002 900 3307 972; x_wconf 86' lang='lat' dir='ltr'><strong>iisdemque</strong></span> <span class='ocrx_word' id='word_1_150' title='bbox 3327 901 3646 972; x_wconf 86' lang='lat' dir='ltr'><strong>conjugium</strong></span> 
     </span>
    </p>
   </div>
   <div class='ocr_carea' id='block_1_24' title="bbox 2047 990 3646 1067">
    <p class='ocr_par' dir='ltr' id='par_1_24' title="bbox 2047 990 3646 1067">
     <span class='ocr_line' id='line_1_24' title="bbox 2047 990 3646 1067; baseline 0.004 -24"><span class='ocrx_word' id='word_1_151' title='bbox 2047 990 2388 1046; x_wconf 89' lang='lat' dir='ltr'><strong>conservari.</strong></span> <span class='ocrx_word' id='word_1_152' title='bbox 2421 990 2579 1058; x_wconf 83' lang='lat' dir='ltr'><strong>Quod</strong></span> <span class='ocrx_word' id='word_1_153' title='bbox 2637 1009 2768 1050; x_wconf 82' lang='lat' dir='ltr'><strong>vero</strong></span> <span class='ocrx_word' id='word_1_154' title='bbox 2816 993 3151 1067; x_wconf 91' lang='lat' dir='ltr'><strong>[istiusmodi</strong></span> <span class='ocrx_word' id='word_1_155' title='bbox 3200 993 3646 1066; x_wconf 76' lang='lat' dir='ltr'><strong>matrimonium]</strong></span> 
     </span>
    </p>
   </div>
   <div class='ocr_carea' id='block_1_25' title="bbox 2053 1082 3648 1159">
    <p class='ocr_par' dir='ltr' id='par_1_25' title="bbox 2053 1082 3648 1159">
     <span class='ocr_line' id='line_1_25' title="bbox 2053 1082 3648 1159; baseline 0.003 -22"><span class='ocrx_word' id='word_1_156' title='bbox 2053 1082 2276 1154; x_wconf 86' lang='lat' dir='ltr'><strong>petitur,</strong></span> <span class='ocrx_word' id='word_1_157' title='bbox 2310 1098 2422 1139; x_wconf 89' lang='lat' dir='ltr'><strong>non</strong></span> <span class='ocrx_word' id='word_1_158' title='bbox 2463 1085 2583 1140; x_wconf 88' lang='lat' dir='ltr'><strong>sine</strong></span> <span class='ocrx_word' id='word_1_159' title='bbox 2607 1087 3066 1144; x_wconf 83' lang='lat' dir='ltr'><strong>convenientibus</strong></span> <span class='ocrx_word' id='word_1_160' title='bbox 3105 1087 3286 1158; x_wconf 66' lang='lat' dir='ltr'><strong>pinnis</strong></span> <span class='ocrx_word' id='word_1_161' title='bbox 3315 1096 3370 1143; x_wconf 89' lang='lat' dir='ltr'><strong>et</strong></span> <span class='ocrx_word' id='word_1_162' title='bbox 3403 1102 3648 1159; x_wconf 83' lang='lat' dir='ltr'><strong>praecep-</strong></span> 
     </span>
    </p>
   </div>
   <div class='ocr_carea' id='block_1_26' title="bbox 2049 1174 3644 1251">
    <p class='ocr_par' dir='ltr' id='par_1_26' title="bbox 2049 1174 3644 1251">
     <span class='ocr_line' id='line_1_26' title="bbox 2049 1174 3644 1251; baseline 0.004 -22"><span class='ocrx_word' id='word_1_163' title='bbox 2049 1174 2142 1238; x_wconf 92' lang='lat' dir='ltr'><strong>tis,</strong></span> <span class='ocrx_word' id='word_1_164' title='bbox 2195 1174 2358 1244; x_wconf 88' lang='lat' dir='ltr'><strong>cujus</strong></span> <span class='ocrx_word' id='word_1_165' title='bbox 2411 1189 2584 1231; x_wconf 88' lang='lat' dir='ltr'><strong>causa</strong></span> <span class='ocrx_word' id='word_1_166' title='bbox 2633 1179 2888 1247; x_wconf 87' lang='lat' dir='ltr'><strong>superius</strong></span> <span class='ocrx_word' id='word_1_167' title='bbox 2921 1175 3290 1251; x_wconf 84' lang='lat' dir='ltr'><strong>[reverentia]</strong></span> <span class='ocrx_word' id='word_1_168' title='bbox 3339 1178 3487 1235; x_wconf 85' lang='lat' dir='ltr'><strong>dicta</strong></span> <span class='ocrx_word' id='word_1_169' title='bbox 3535 1187 3644 1245; x_wconf 83' lang='lat' dir='ltr'><strong>est,</strong></span> 
     </span>
    </p>
   </div>
   <div class='ocr_carea' id='block_1_27' title="bbox 2049 1266 3644 1345">
    <p class='ocr_par' dir='ltr' id='par_1_27' title="bbox 2049 1266 3644 1345">
     <span class='ocr_line' id='line_1_27' title="bbox 2049 1266 3644 1345; baseline 0.003 -23"><span class='ocrx_word' id='word_1_170' title='bbox 2049 1267 2279 1323; x_wconf 86' lang='lat' dir='ltr'><strong>concedi</strong></span> <span class='ocrx_word' id='word_1_171' title='bbox 2317 1285 2331 1323; x_wconf 89' lang='lat'><strong>:</strong></span> <span class='ocrx_word' id='word_1_172' title='bbox 2390 1282 2568 1340; x_wconf 88' lang='lat' dir='ltr'><strong>neque</strong></span> <span class='ocrx_word' id='word_1_173' title='bbox 2600 1266 2703 1343; x_wconf 80' lang='lat' dir='ltr'><strong>[id]</strong></span> <span class='ocrx_word' id='word_1_174' title='bbox 2733 1271 3046 1340; x_wconf 89' lang='lat' dir='ltr'><strong>petentibus</strong></span> <span class='ocrx_word' id='word_1_175' title='bbox 3087 1287 3188 1343; x_wconf 93' lang='lat' dir='ltr'><strong>pro</strong></span> <span class='ocrx_word' id='word_1_176' title='bbox 3219 1269 3516 1345; x_wconf 84' lang='lat' dir='ltr'><strong>[ipsorum]</strong></span> <span class='ocrx_word' id='word_1_177' title='bbox 3548 1285 3644 1327; x_wconf 88' lang='lat' dir='ltr'><strong>ar-</strong></span> 
     </span>
    </p>
   </div>
   <div class='ocr_carea' id='block_1_28' title="bbox 2049 1361 3646 1432">
    <p class='ocr_par' dir='ltr' id='par_1_28' title="bbox 2049 1361 3646 1432">
     <span class='ocr_line' id='line_1_28' title="bbox 2049 1361 3646 1432; baseline 0.002 -15"><span class='ocrx_word' id='word_1_178' title='bbox 2049 1361 2238 1424; x_wconf 87' lang='lat' dir='ltr'><strong>bitrio.</strong></span> <span class='ocrx_word' id='word_1_179' title='bbox 2267 1369 2363 1417; x_wconf 89' lang='lat' dir='ltr'><strong>aut</strong></span> <span class='ocrx_word' id='word_1_180' title='bbox 2385 1371 2657 1432; x_wconf 82' lang='lat' dir='ltr'><strong>prompte,</strong></span> <span class='ocrx_word' id='word_1_181' title='bbox 2687 1372 2783 1419; x_wconf 90' lang='lat' dir='ltr'><strong>aut</strong></span> <span class='ocrx_word' id='word_1_182' title='bbox 2831 1365 2970 1420; x_wconf 88' lang='lat' dir='ltr'><strong>citra</strong></span> <span class='ocrx_word' id='word_1_183' title='bbox 3021 1365 3490 1432; x_wconf 90' lang='lat' dir='ltr'><strong>criminationem,</strong></span> <span class='ocrx_word' id='word_1_184' title='bbox 3547 1363 3646 1420; x_wconf 88' lang='lat' dir='ltr'><strong>sed</strong></span> 
     </span>
    </p>
   </div>
   <div class='ocr_carea' id='block_1_29' title="bbox 2052 1454 3644 1532">
    <p class='ocr_par' dir='ltr' id='par_1_29' title="bbox 2052 1454 3644 1532">
     <span class='ocr_line' id='line_1_29' title="bbox 2052 1454 3644 1532; baseline 0.003 -24"><span class='ocrx_word' id='word_1_185' title='bbox 2052 1454 2303 1510; x_wconf 85' lang='lat' dir='ltr'><strong>adhibita</strong></span> <span class='ocrx_word' id='word_1_186' title='bbox 2336 1456 2877 1514; x_wconf 83' lang='lat' dir='ltr'><strong>comtnoneiactione</strong></span> <span class='ocrx_word' id='word_1_187' title='bbox 2908 1460 3175 1529; x_wconf 83' lang='lat' dir='ltr'><strong>permitti,</strong></span> <span class='ocrx_word' id='word_1_188' title='bbox 3208 1460 3457 1532; x_wconf 91' lang='lat' dir='ltr'><strong>quinimo</strong></span> <span class='ocrx_word' id='word_1_189' title='bbox 3482 1457 3644 1515; x_wconf 67' lang='lat' dir='ltr'><strong>dicta:</strong></span> 
     </span>
    </p>
   </div>
   <div class='ocr_carea' id='block_1_30' title="bbox 2050 1546 3645 1619">
    <p class='ocr_par' dir='ltr' id='par_1_30' title="bbox 2050 1546 3645 1619">
     <span class='ocr_line' id='line_1_30' title="bbox 2050 1546 3645 1619; baseline 0.003 -17"><span class='ocrx_word' id='word_1_190' title='bbox 2050 1546 2372 1614; x_wconf 79' lang='lat' dir='ltr'><strong>decisionis,</strong></span> <span class='ocrx_word' id='word_1_191' title='bbox 2413 1564 2646 1619; x_wconf 83' lang='lat' dir='ltr'><strong>quaeque</strong></span> <span class='ocrx_word' id='word_1_192' title='bbox 2693 1550 2748 1604; x_wconf 94' lang='lat' dir='ltr'><strong>in</strong></span> <span class='ocrx_word' id='word_1_193' title='bbox 2798 1566 2864 1606; x_wconf 91' lang='lat' dir='ltr'><strong>ea</strong></span> <span class='ocrx_word' id='word_1_194' title='bbox 2913 1551 3243 1610; x_wconf 84' lang='lat' dir='ltr'><strong>ordinantur</strong></span> <span class='ocrx_word' id='word_1_195' title='bbox 3275 1551 3344 1606; x_wconf 86' lang='lat' dir='ltr'><strong>ab</strong></span> <span class='ocrx_word' id='word_1_196' title='bbox 3395 1549 3645 1606; x_wconf 81' lang='lat' dir='ltr'><strong>Ecclesia</strong></span> 
     </span>
    </p>
   </div>
   <div class='ocr_carea' id='block_1_31' title="bbox 2049 1638 3642 1713">
    <p class='ocr_par' dir='ltr' id='par_1_31' title="bbox 2049 1638 3642 1713">
     <span class='ocr_line' id='line_1_31' title="bbox 2049 1638 3642 1713; baseline 0.003 -21"><span class='ocrx_word' id='word_1_197' title='bbox 2049 1638 2199 1707; x_wconf 91' lang='lat' dir='ltr'><strong>ipsos</strong></span> <span class='ocrx_word' id='word_1_198' title='bbox 2227 1641 2636 1710; x_wconf 82' lang='lat' dir='ltr'><strong>suggestionem</strong></span> <span class='ocrx_word' id='word_1_199' title='bbox 2678 1641 2928 1711; x_wconf 90' lang='lat' dir='ltr'><strong>accipere</strong></span> <span class='ocrx_word' id='word_1_200' title='bbox 2961 1660 2976 1697; x_wconf 90' lang='lat'><strong>:</strong></span> <span class='ocrx_word' id='word_1_201' title='bbox 3015 1652 3072 1697; x_wconf 82' lang='lat' dir='ltr'><strong>et</strong></span> <span class='ocrx_word' id='word_1_202' title='bbox 3102 1642 3148 1696; x_wconf 89' lang='lat' dir='ltr'><strong>si</strong></span> <span class='ocrx_word' id='word_1_203' title='bbox 3183 1641 3406 1713; x_wconf 86' lang='lat' dir='ltr'><strong>quidem</strong></span> <span class='ocrx_word' id='word_1_204' title='bbox 3438 1657 3642 1698; x_wconf 83' lang='lat' dir='ltr'><strong>oracu-</strong></span> 
     </span>
    </p>
   </div>
   <div class='ocr_carea' id='block_1_32' title="bbox 2049 1729 3643 1804">
    <p class='ocr_par' dir='ltr' id='par_1_32' title="bbox 2049 1729 3643 1804">
     <span class='ocr_line' id='line_1_32' title="bbox 2049 1729 3643 1804; baseline 0.003 -20"><span class='ocrx_word' id='word_1_205' title='bbox 2049 1730 2162 1785; x_wconf 91' lang='lat' dir='ltr'><strong>lum</strong></span> <span class='ocrx_word' id='word_1_206' title='bbox 2225 1729 2410 1804; x_wconf 88' lang='lat' dir='ltr'><strong>[illud]</strong></span> <span class='ocrx_word' id='word_1_207' title='bbox 2472 1732 2724 1787; x_wconf 77' lang='lat' dir='ltr'><strong>venerari</strong></span> <span class='ocrx_word' id='word_1_208' title='bbox 2780 1733 3204 1798; x_wconf 86' lang='lat' dir='ltr'><strong>constituentes,</strong></span> <span class='ocrx_word' id='word_1_209' title='bbox 3259 1750 3384 1804; x_wconf 68' lang='lat' dir='ltr'><strong>qua:</strong></span> <span class='ocrx_word' id='word_1_210' title='bbox 3442 1733 3500 1789; x_wconf 89' lang='lat' dir='ltr'><strong>in</strong></span> <span class='ocrx_word' id='word_1_211' title='bbox 3544 1734 3643 1789; x_wconf 89' lang='lat' dir='ltr'><strong>illo</strong></span> 
     </span>
    </p>
   </div>
   <div class='ocr_carea' id='block_1_33' title="bbox 2046 1825 3641 1894">
    <p class='ocr_par' dir='ltr' id='par_1_33' title="bbox 2046 1825 3641 1894">
     <span class='ocr_line' id='line_1_33' title="bbox 2046 1825 3641 1894; baseline 0.001 -16"><span class='ocrx_word' id='word_1_212' title='bbox 2046 1825 2634 1894; x_wconf 89' lang='lat' dir='ltr'><strong>comprehenduntur,</strong></span> <span class='ocrx_word' id='word_1_213' title='bbox 2689 1825 3019 1882; x_wconf 87' lang='lat' dir='ltr'><strong>inconcussa</strong></span> <span class='ocrx_word' id='word_1_214' title='bbox 3088 1827 3368 1883; x_wconf 90' lang='lat' dir='ltr'><strong>custodire</strong></span> <span class='ocrx_word' id='word_1_215' title='bbox 3405 1839 3416 1894; x_wconf 70' lang='grc' dir='ltr'>ζ</span> <span class='ocrx_word' id='word_1_216' title='bbox 3450 1827 3641 1894; x_wconf 82' lang='lat' dir='ltr'><strong>velint,</strong></span> 
     </span>
    </p>
   </div>
   <div class='ocr_carea' id='block_1_34' title="bbox 335 1909 1929 1992">
    <p class='ocr_par' dir='ltr' id='par_1_34' title="bbox 335 1918 1929 1992">
     <span class='ocr_line' id='line_1_34' title="bbox 335 1918 1929 1992; baseline 0.003 -22"><span class='ocrx_word' id='word_1_217' title='bbox 335 1918 641 1988; x_wconf 79' lang='grc' dir='ltr'>ἐξαδέλφας</span> <span class='ocrx_word' id='word_1_218' title='bbox 681 1919 984 1991; x_wconf 85' lang='grc' dir='ltr'>λαμϐάνειν</span> <span class='ocrx_word' id='word_1_219' title='bbox 1045 1921 1187 1974; x_wconf 79' lang='grc' dir='ltr'>κατὰ</span> <span class='ocrx_word' id='word_1_220' title='bbox 1220 1918 1379 1989; x_wconf 84' lang='grc' dir='ltr'>λόγον</span> <span class='ocrx_word' id='word_1_221' title='bbox 1416 1920 1620 1991; x_wconf 86' lang='grc' dir='ltr'>γάμου,</span> <span class='ocrx_word' id='word_1_222' title='bbox 1654 1920 1732 1985; x_wconf 87' lang='grc' dir='ltr'>ὡς</span> <span class='ocrx_word' id='word_1_223' title='bbox 1770 1921 1929 1992; x_wconf 83' lang='grc' dir='ltr'>δῆθεν</span> 
     </span>
    </p>
   </div>
   <div class='ocr_carea' id='block_1_35' title="bbox 2036 1909 3645 1992">
    <p class='ocr_par' dir='ltr' id='par_1_35' title="bbox 2041 1917 3645 1990">
     <span class='ocr_line' id='line_1_35' title="bbox 2041 1917 3645 1990; baseline 0 -17"><span class='ocrx_word' id='word_1_224' title='bbox 2041 1918 2304 1973; x_wconf 90' lang='lat' dir='ltr'><strong>omnibus</strong></span> <span class='ocrx_word' id='word_1_225' title='bbox 2368 1917 2548 1973; x_wconf 91' lang='lat' dir='ltr'><strong>modis</strong></span> <span class='ocrx_word' id='word_1_226' title='bbox 2605 1918 2863 1974; x_wconf 77' lang='lat' dir='ltr'><strong>laudandi</strong></span> <span class='ocrx_word' id='word_1_227' title='bbox 2911 1929 3042 1974; x_wconf 92' lang='lat' dir='ltr'><strong>sunt</strong></span> <span class='ocrx_word' id='word_1_228' title='bbox 3081 1921 3211 1975; x_wconf 92' lang='lat' dir='ltr'><strong>:sin</strong></span> <span class='ocrx_word' id='word_1_229' title='bbox 3271 1919 3419 1990; x_wconf 89' lang='lat' dir='ltr'><strong>quod</strong></span> <span class='ocrx_word' id='word_1_230' title='bbox 3444 1921 3514 1975; x_wconf 90' lang='lat' dir='ltr'><strong>ab</strong></span> <span class='ocrx_word' id='word_1_231' title='bbox 3550 1920 3645 1974; x_wconf 90' lang='lat' dir='ltr'><strong>illo</strong></span> 
     </span>
    </p>
   </div>
   <div class='ocr_carea' id='block_1_36' title="bbox 335 2011 1938 2086">
    <p class='ocr_par' dir='ltr' id='par_1_36' title="bbox 335 2011 1938 2086">
     <span class='ocr_line' id='line_1_36' title="bbox 335 2011 1938 2086; baseline 0 -20"><span class='ocrx_word' id='word_1_232' title='bbox 335 2015 418 2077; x_wconf 88' lang='grc' dir='ltr'><strong>είς</strong></span> <span class='ocrx_word' id='word_1_233' title='bbox 449 2011 623 2079; x_wconf 79' lang='grc' dir='ltr'><strong>ζ’.Ἐξ</strong></span> <span class='ocrx_word' id='word_1_234' title='bbox 670 2014 991 2085; x_wconf 82' lang='grc' dir='ltr'>ἀγχιστείας</span> <span class='ocrx_word' id='word_1_235' title='bbox 1025 2012 1237 2084; x_wconf 78' lang='grc' dir='ltr'>βαθμὸν</span> <span class='ocrx_word' id='word_1_236' title='bbox 1289 2014 1638 2086; x_wconf 86' lang='grc' dir='ltr'>ἀγαγομένου</span> <span class='ocrx_word' id='word_1_237' title='bbox 1670 2013 1764 2068; x_wconf 86' lang='grc' dir='ltr'><strong>τοῦ</strong></span> <span class='ocrx_word' id='word_1_238' title='bbox 1810 2027 1938 2067; x_wconf 82' lang='grc' dir='ltr'>συν-</span> 
     </span>
    </p>
   </div>
   <div class='ocr_carea' id='block_1_37' title="bbox 344 2103 1938 2177">
    <p class='ocr_par' dir='ltr' id='par_1_37' title="bbox 344 2103 1938 2177">
     <span class='ocr_line' id='line_1_37' title="bbox 344 2103 1938 2177; baseline 0.001 -21"><span class='ocrx_word' id='word_1_239' title='bbox 344 2104 695 2176; x_wconf 84' lang='grc' dir='ltr'>αλλάγματος</span> <span class='ocrx_word' id='word_1_240' title='bbox 729 2103 977 2176; x_wconf 85' lang='grc' dir='ltr'>ἀπελύθη</span> <span class='ocrx_word' id='word_1_241' title='bbox 1007 2104 1340 2175; x_wconf 85' lang='grc' dir='ltr'>πρόσταγμα</span> <span class='ocrx_word' id='word_1_242' title='bbox 1370 2105 1466 2159; x_wconf 90' lang='grc' dir='ltr'><strong>τοῦ</strong></span> <span class='ocrx_word' id='word_1_243' title='bbox 1537 2104 1804 2177; x_wconf 78' lang='grc' dir='ltr'>κραταιοῦ</span> <span class='ocrx_word' id='word_1_244' title='bbox 1839 2106 1938 2160; x_wconf 77' lang='grc' dir='ltr'><strong>καὶ</strong></span> 
     </span>
    </p>
   </div>
   <div class='ocr_carea' id='block_1_38' title="bbox 334 2196 1936 2270">
    <p class='ocr_par' dir='ltr' id='par_1_38' title="bbox 334 2196 1936 2270">
     <span class='ocr_line' id='line_1_38' title="bbox 334 2196 1936 2270; baseline 0.002 -20"><span class='ocrx_word' id='word_1_245' title='bbox 334 2196 495 2264; x_wconf 82' lang='grc' dir='ltr'>ἁγίου</span> <span class='ocrx_word' id='word_1_246' title='bbox 519 2196 680 2267; x_wconf 83' lang='grc' dir='ltr'>ἡμῶν</span> <span class='ocrx_word' id='word_1_247' title='bbox 707 2196 978 2267; x_wconf 88' lang='grc' dir='ltr'>βασιλέως</span> <span class='ocrx_word' id='word_1_248' title='bbox 1011 2197 1088 2268; x_wconf 78' lang='grc' dir='ltr'>μὴ</span> <span class='ocrx_word' id='word_1_249' title='bbox 1117 2197 1369 2266; x_wconf 86' lang='grc' dir='ltr'>γίνεσθαί</span> <span class='ocrx_word' id='word_1_250' title='bbox 1414 2215 1549 2252; x_wconf 88' lang='grc' dir='ltr'>ποτε</span> <span class='ocrx_word' id='word_1_251' title='bbox 1582 2198 1743 2252; x_wconf 89' lang='grc' dir='ltr'>τοῦτο</span> <span class='ocrx_word' id='word_1_252' title='bbox 1769 2199 1936 2270; x_wconf 87' lang='grc' dir='ltr'>διορι-</span> 
     </span>
    </p>
   </div>
   <div class='ocr_carea' id='block_1_39' title="bbox 335 2288 1938 2363">
    <p class='ocr_par' dir='ltr' id='par_1_39' title="bbox 335 2288 1938 2363">
     <span class='ocr_line' id='line_1_39' title="bbox 335 2288 1938 2363; baseline 0.002 -22"><span class='ocrx_word' id='word_1_253' title='bbox 335 2289 566 2359; x_wconf 82' lang='grc' dir='ltr'>ζόμενον</span> <span class='ocrx_word' id='word_1_254' title='bbox 623 2289 713 2342; x_wconf 79' lang='grc' dir='ltr'>διὰ</span> <span class='ocrx_word' id='word_1_255' title='bbox 751 2289 812 2343; x_wconf 84' lang='grc' dir='ltr'><strong>τὸ</strong></span> <span class='ocrx_word' id='word_1_256' title='bbox 846 2289 966 2353; x_wconf 83' lang='grc' dir='ltr'>ἐνὸς</span> <span class='ocrx_word' id='word_1_257' title='bbox 1013 2289 1229 2362; x_wconf 87' lang='grc' dir='ltr'>βαθμοῦ</span> <span class='ocrx_word' id='word_1_258' title='bbox 1265 2288 1581 2357; x_wconf 78' lang='grc' dir='ltr'>λογίζεσθαι</span> <span class='ocrx_word' id='word_1_259' title='bbox 1619 2291 1713 2344; x_wconf 78' lang='grc' dir='ltr'><strong>τὸν</strong></span> <span class='ocrx_word' id='word_1_260' title='bbox 1765 2290 1938 2363; x_wconf 85' lang='grc' dir='ltr'>ἄνδρα</span> 
     </span>
    </p>
   </div>
   <div class='ocr_carea' id='block_1_40' title="bbox 337 2383 1938 2456">
    <p class='ocr_par' dir='ltr' id='par_1_40' title="bbox 337 2383 1938 2456">
     <span class='ocr_line' id='line_1_40' title="bbox 337 2383 1938 2456; baseline 0.002 -21"><span class='ocrx_word' id='word_1_261' title='bbox 337 2383 480 2452; x_wconf 87' lang='grc' dir='ltr'><strong>μετά</strong></span> <span class='ocrx_word' id='word_1_262' title='bbox 524 2384 624 2456; x_wconf 84' lang='grc' dir='ltr'><strong>τῆς</strong></span> <span class='ocrx_word' id='word_1_263' title='bbox 655 2385 917 2452; x_wconf 76' lang='grc' dir='ltr'>γυναικὸς</span> <span class='ocrx_word' id='word_1_264' title='bbox 940 2385 1041 2438; x_wconf 76' lang='grc' dir='ltr'>καὶ</span> <span class='ocrx_word' id='word_1_265' title='bbox 1067 2386 1352 2456; x_wconf 83' lang='grc' dir='ltr'>καταντᾷν</span> <span class='ocrx_word' id='word_1_266' title='bbox 1379 2385 1442 2438; x_wconf 84' lang='grc' dir='ltr'><strong>τὸ</strong></span> <span class='ocrx_word' id='word_1_267' title='bbox 1477 2385 1836 2456; x_wconf 83' lang='grc' dir='ltr'>συνάλλαγμα</span> <span class='ocrx_word' id='word_1_268' title='bbox 1854 2386 1938 2450; x_wconf 87' lang='grc' dir='ltr'>εἰς</span> 
     </span>
    </p>
   </div>
   <div class='ocr_carea' id='block_1_41' title="bbox 333 2472 1936 2546">
    <p class='ocr_par' dir='ltr' id='par_1_41' title="bbox 333 2472 1936 2546">
     <span class='ocr_line' id='line_1_41' title="bbox 333 2472 1936 2546; baseline 0 -18"><span class='ocrx_word' id='word_1_269' title='bbox 333 2474 496 2528; x_wconf 70' lang='grc' dir='ltr'>ἕκτον</span> <span class='ocrx_word' id='word_1_270' title='bbox 547 2473 758 2546; x_wconf 85' lang='grc' dir='ltr'>βαθμὸν</span> <span class='ocrx_word' id='word_1_271' title='bbox 793 2472 854 2539; x_wconf 84' lang='grc' dir='ltr'>ἐξ</span> <span class='ocrx_word' id='word_1_272' title='bbox 893 2475 1235 2545; x_wconf 85' lang='grc' dir='ltr'>ἀγχιστείας.</span> <span class='ocrx_word' id='word_1_273' title='bbox 1281 2475 1438 2528; x_wconf 71' lang='grc' dir='ltr'>Ἐπεὶ</span> <span class='ocrx_word' id='word_1_274' title='bbox 1481 2474 1540 2528; x_wconf 73' lang='grc' dir='ltr'>δὲ</span> <span class='ocrx_word' id='word_1_275' title='bbox 1583 2474 1646 2528; x_wconf 90' lang='grc' dir='ltr'>τὺ</span> <span class='ocrx_word' id='word_1_276' title='bbox 1688 2475 1936 2529; x_wconf 86' lang='grc' dir='ltr'>τοιοῦτον</span> 
     </span>
    </p>
   </div>
   <div class='ocr_carea' id='block_1_42' title="bbox 337 2565 1937 2638">
    <p class='ocr_par' dir='ltr' id='par_1_42' title="bbox 337 2565 1937 2638">
     <span class='ocr_line' id='line_1_42' title="bbox 337 2565 1937 2638; baseline 0.001 -20"><span class='ocrx_word' id='word_1_277' title='bbox 337 2565 675 2636; x_wconf 84' lang='grc' dir='ltr'>πρόσταγμα</span> <span class='ocrx_word' id='word_1_278' title='bbox 707 2565 808 2619; x_wconf 77' lang='grc' dir='ltr'><strong>οὐκ</strong></span> <span class='ocrx_word' id='word_1_279' title='bbox 838 2565 1042 2636; x_wconf 78' lang='grc' dir='ltr'>ἔφθασε</span> <span class='ocrx_word' id='word_1_280' title='bbox 1076 2565 1532 2637; x_wconf 86' lang='grc' dir='ltr'>καταστρωθῆναι</span> <span class='ocrx_word' id='word_1_281' title='bbox 1561 2567 1644 2630; x_wconf 85' lang='grc' dir='ltr'><strong>είς</strong></span> <span class='ocrx_word' id='word_1_282' title='bbox 1668 2566 1738 2620; x_wconf 79' lang='grc' dir='ltr'><strong>τά</strong></span> <span class='ocrx_word' id='word_1_283' title='bbox 1761 2567 1937 2638; x_wconf 89' lang='grc' dir='ltr'>πρόσ-</span> 
     </span>
    </p>
   </div>
   <div class='ocr_carea' id='block_1_43' title="bbox 336 2657 1932 2730">
    <p class='ocr_par' dir='ltr' id='par_1_43' title="bbox 336 2657 1932 2730">
     <span class='ocr_line' id='line_1_43' title="bbox 336 2657 1932 2730; baseline 0.004 -22"><span class='ocrx_word' id='word_1_284' title='bbox 336 2673 480 2727; x_wconf 85' lang='grc' dir='ltr'>φορα</span> <span class='ocrx_word' id='word_1_285' title='bbox 525 2657 771 2727; x_wconf 85' lang='grc' dir='ltr'>σέκρητα</span> <span class='ocrx_word' id='word_1_286' title='bbox 797 2674 810 2689; x_wconf 80' lang='grc'><strong>’</strong></span> <span class='ocrx_word' id='word_1_287' title='bbox 838 2657 951 2726; x_wconf 86' lang='grc' dir='ltr'>ἐγὼ</span> <span class='ocrx_word' id='word_1_288' title='bbox 981 2658 1082 2729; x_wconf 79' lang='grc' dir='ltr'>μὲν</span> <span class='ocrx_word' id='word_1_289' title='bbox 1101 2658 1203 2711; x_wconf 84' lang='grc' dir='ltr'><strong>οὐκ</strong></span> <span class='ocrx_word' id='word_1_290' title='bbox 1237 2658 1346 2728; x_wconf 81' lang='grc' dir='ltr'>ἔχω</span> <span class='ocrx_word' id='word_1_291' title='bbox 1377 2676 1430 2712; x_wconf 87' lang='grc' dir='ltr'><strong>τι</strong></span> <span class='ocrx_word' id='word_1_292' title='bbox 1481 2659 1692 2730; x_wconf 70' lang='grc' dir='ltr'>γράψαι</span> <span class='ocrx_word' id='word_1_293' title='bbox 1743 2659 1932 2714; x_wconf 83' lang='grc' dir='ltr'>πλέον.</span> 
     </span>
    </p>
   </div>
   <div class='ocr_carea' id='block_1_44' title="bbox 347 2748 1935 2822">
    <p class='ocr_par' dir='ltr' id='par_1_44' title="bbox 347 2748 1935 2822">
     <span class='ocr_line' id='line_1_44' title="bbox 347 2748 1935 2822; baseline 0.002 -20"><span class='ocrx_word' id='word_1_294' title='bbox 347 2748 415 2802; x_wconf 83' lang='grc' dir='ltr'><strong>Ἦ</strong></span> <span class='ocrx_word' id='word_1_295' title='bbox 438 2749 496 2802; x_wconf 84' lang='grc' dir='ltr'>δὲ</span> <span class='ocrx_word' id='word_1_296' title='bbox 531 2748 830 2819; x_wconf 84' lang='grc' dir='ltr'>Ἐκκλησία</span> <span class='ocrx_word' id='word_1_297' title='bbox 859 2749 1060 2806; x_wconf 82' lang='grc' dir='ltr'>κωλύει</span> <span class='ocrx_word' id='word_1_298' title='bbox 1130 2749 1223 2804; x_wconf 85' lang='grc' dir='ltr'><strong>τὸν</strong></span> <span class='ocrx_word' id='word_1_299' title='bbox 1249 2749 1492 2804; x_wconf 80' lang='grc' dir='ltr'>τοιοῦτον</span> <span class='ocrx_word' id='word_1_300' title='bbox 1530 2751 1731 2822; x_wconf 86' lang='grc' dir='ltr'>γάμον.</span> <span class='ocrx_word' id='word_1_301' title='bbox 1774 2751 1935 2806; x_wconf 79' lang='grc' dir='ltr'><strong>Ἀνά-</strong></span> 
     </span>
    </p>
   </div>
   <div class='ocr_carea' id='block_1_45' title="bbox 334 2841 1936 2914">
    <p class='ocr_par' dir='ltr' id='par_1_45' title="bbox 334 2841 1936 2914">
     <span class='ocr_line' id='line_1_45' title="bbox 334 2841 1936 2914; baseline 0.003 -19"><span class='ocrx_word' id='word_1_302' title='bbox 334 2841 507 2910; x_wconf 87' lang='grc' dir='ltr'>γνωθι</span> <span class='ocrx_word' id='word_1_303' title='bbox 541 2843 636 2896; x_wconf 78' lang='grc' dir='ltr'>καὶ</span> <span class='ocrx_word' id='word_1_304' title='bbox 664 2843 757 2896; x_wconf 68' lang='grc' dir='ltr'><strong>τὸν</strong></span> <span class='ocrx_word' id='word_1_305' title='bbox 791 2842 866 2909; x_wconf 80' lang='grc' dir='ltr'><strong>ξζ⁹</strong></span> <span class='ocrx_word' id='word_1_306' title='bbox 896 2845 1102 2899; x_wconf 88' lang='grc' dir='ltr'>κανόνα</span> <span class='ocrx_word' id='word_1_307' title='bbox 1153 2843 1252 2898; x_wconf 88' lang='grc' dir='ltr'><strong>τοῦ</strong></span> <span class='ocrx_word' id='word_1_308' title='bbox 1287 2845 1444 2914; x_wconf 82' lang='grc' dir='ltr'>ἁγίου</span> <span class='ocrx_word' id='word_1_309' title='bbox 1478 2845 1786 2913; x_wconf 86' lang='grc' dir='ltr'>Βασιλείου,</span> <span class='ocrx_word' id='word_1_310' title='bbox 1839 2845 1936 2900; x_wconf 71' lang='grc' dir='ltr'><strong>καὶ</strong></span> 
     </span>
    </p>
   </div>
   <div class='ocr_carea' id='block_1_46' title="bbox 333 2935 1936 3009">
    <p class='ocr_par' dir='ltr' id='par_1_46' title="bbox 333 2935 1936 3009">
     <span class='ocr_line' id='line_1_46' title="bbox 333 2935 1936 3009; baseline 0.003 -19"><span class='ocrx_word' id='word_1_311' title='bbox 333 2935 406 2990; x_wconf 65' lang='grc' dir='ltr'>τὰ</span> <span class='ocrx_word' id='word_1_312' title='bbox 431 2939 512 3001; x_wconf 88' lang='grc' dir='ltr'><strong>είς</strong></span> <span class='ocrx_word' id='word_1_313' title='bbox 539 2937 638 3006; x_wconf 89' lang='grc' dir='ltr'><strong>τὴν</strong></span> <span class='ocrx_word' id='word_1_314' title='bbox 675 2937 978 3009; x_wconf 77' lang='grc' dir='ltr'>ἑρμηνείαν</span> <span class='ocrx_word' id='word_1_315' title='bbox 1017 2937 1184 2992; x_wconf 83' lang='grc' dir='ltr'>αὑτοῦ</span> <span class='ocrx_word' id='word_1_316' title='bbox 1225 2938 1531 3009; x_wconf 75' lang='grc' dir='ltr'>γραφέντα.</span> <span class='ocrx_word' id='word_1_317' title='bbox 1568 2940 1693 2993; x_wconf 72' lang='grc' dir='ltr'>Ἐπὶ</span> <span class='ocrx_word' id='word_1_318' title='bbox 1723 2939 1936 3005; x_wconf 82' lang='grc' dir='ltr'>τούτοις</span> 
     </span>
    </p>
   </div>
   <div class='ocr_carea' id='block_1_47' title="bbox 332 3029 1935 3104">
    <p class='ocr_par' dir='ltr' id='par_1_47' title="bbox 332 3029 1935 3104">
     <span class='ocr_line' id='line_1_47' title="bbox 332 3029 1935 3104; baseline 0.004 -23"><span class='ocrx_word' id='word_1_319' title='bbox 332 3029 573 3095; x_wconf 85' lang='grc' dir='ltr'>γίνωσκε</span> <span class='ocrx_word' id='word_1_320' title='bbox 593 3030 677 3084; x_wconf 86' lang='grc' dir='ltr'>ὃτι</span> <span class='ocrx_word' id='word_1_321' title='bbox 705 3031 812 3101; x_wconf 80' lang='grc' dir='ltr'><strong>πρὸ</strong></span> <span class='ocrx_word' id='word_1_322' title='bbox 842 3030 943 3102; x_wconf 86' lang='grc' dir='ltr'><strong>μὲν</strong></span> <span class='ocrx_word' id='word_1_323' title='bbox 963 3033 1064 3102; x_wconf 84' lang='grc' dir='ltr'><strong>τῆς</strong></span> <span class='ocrx_word' id='word_1_324' title='bbox 1103 3030 1386 3102; x_wconf 82' lang='grc' dir='ltr'>βασιλείας</span> <span class='ocrx_word' id='word_1_325' title='bbox 1429 3031 1524 3085; x_wconf 80' lang='grc' dir='ltr'><strong>τοῦ</strong></span> <span class='ocrx_word' id='word_1_326' title='bbox 1554 3032 1801 3104; x_wconf 87' lang='grc' dir='ltr'>ἀοιδίμου</span> <span class='ocrx_word' id='word_1_327' title='bbox 1840 3032 1935 3103; x_wconf 82' lang='grc' dir='ltr'>βα-</span> 
     </span>
    </p>
   </div>
   <div class='ocr_carea' id='block_1_48' title="bbox 335 3121 1936 3196">
    <p class='ocr_par' dir='ltr' id='par_1_48' title="bbox 335 3121 1936 3196">
     <span class='ocr_line' id='line_1_48' title="bbox 335 3121 1936 3196; baseline 0.002 -20"><span class='ocrx_word' id='word_1_328' title='bbox 335 3121 537 3187; x_wconf 88' lang='grc' dir='ltr'>σιλέως</span> <span class='ocrx_word' id='word_1_329' title='bbox 561 3122 754 3194; x_wconf 88' lang='grc' dir='ltr'>κυρίου</span> <span class='ocrx_word' id='word_1_330' title='bbox 795 3121 1035 3188; x_wconf 82' lang='grc' dir='ltr'>Ἀλεξίου</span> <span class='ocrx_word' id='word_1_331' title='bbox 1062 3123 1156 3177; x_wconf 92' lang='grc' dir='ltr'><strong>τοῦ</strong></span> <span class='ocrx_word' id='word_1_332' title='bbox 1177 3123 1465 3196; x_wconf 88' lang='grc' dir='ltr'>Κομνηνοῦ</span> <span class='ocrx_word' id='word_1_333' title='bbox 1489 3124 1664 3189; x_wconf 78' lang='grc' dir='ltr'>ἄλλως</span> <span class='ocrx_word' id='word_1_334' title='bbox 1691 3126 1936 3194; x_wconf 87' lang='grc' dir='ltr'>ἐγίνοντο</span> 
     </span>
    </p>
   </div>
   <div class='ocr_carea' id='block_1_49' title="bbox 331 3216 1935 3289">
    <p class='ocr_par' dir='ltr' id='par_1_49' title="bbox 331 3216 1935 3289">
     <span class='ocr_line' id='line_1_49' title="bbox 331 3216 1935 3289; baseline 0.001 -19"><span class='ocrx_word' id='word_1_335' title='bbox 331 3218 394 3270; x_wconf 85' lang='grc' dir='ltr'><strong>αί</strong></span> <span class='ocrx_word' id='word_1_336' title='bbox 443 3219 730 3288; x_wconf 86' lang='grc' dir='ltr'>μνηστεῖαι</span> <span class='ocrx_word' id='word_1_337' title='bbox 784 3216 926 3271; x_wconf 76' lang='grc' dir='ltr'>κατὰ</span> <span class='ocrx_word' id='word_1_338' title='bbox 956 3216 1013 3270; x_wconf 81' lang='grc' dir='ltr'>δὲ</span> <span class='ocrx_word' id='word_1_339' title='bbox 1043 3217 1137 3270; x_wconf 84' lang='grc' dir='ltr'><strong>τὸν</strong></span> <span class='ocrx_word' id='word_1_340' title='bbox 1169 3216 1390 3271; x_wconf 80' lang='grc' dir='ltr'>Ἰούλιον</span> <span class='ocrx_word' id='word_1_341' title='bbox 1442 3217 1590 3289; x_wconf 83' lang='grc' dir='ltr'>μῆνα</span> <span class='ocrx_word' id='word_1_342' title='bbox 1626 3217 1725 3289; x_wconf 84' lang='grc' dir='ltr'><strong>τῆς</strong></span> <span class='ocrx_word' id='word_1_343' title='bbox 1772 3216 1818 3282; x_wconf 79' lang='grc' dir='ltr'><strong>ζ’</strong></span> <span class='ocrx_word' id='word_1_344' title='bbox 1856 3219 1935 3272; x_wconf 79' lang='lat' dir='ltr'><strong>iv-</strong></span> 
     </span>
    </p>
   </div>
   <div class='ocr_carea' id='block_1_50' title="bbox 2043 2013 3639 2086">
    <p class='ocr_par' dir='ltr' id='par_1_50' title="bbox 2043 2013 3639 2086">
     <span class='ocr_line' id='line_1_50' title="bbox 2043 2013 3639 2086; baseline 0.002 -20"><span class='ocrx_word' id='word_1_345' title='bbox 2043 2013 2276 2067; x_wconf 82' lang='lat' dir='ltr'><strong>vctitum</strong></span> <span class='ocrx_word' id='word_1_346' title='bbox 2308 2020 2413 2081; x_wconf 89' lang='lat' dir='ltr'><strong>est,</strong></span> <span class='ocrx_word' id='word_1_347' title='bbox 2461 2029 2729 2084; x_wconf 80' lang='lat' dir='ltr'><strong>peragere</strong></span> <span class='ocrx_word' id='word_1_348' title='bbox 2758 2014 2976 2081; x_wconf 86' lang='lat' dir='ltr'><strong>malint,</strong></span> <span class='ocrx_word' id='word_1_349' title='bbox 3028 2015 3376 2085; x_wconf 86' lang='lat' dir='ltr'><strong>pertnittctur</strong></span> <span class='ocrx_word' id='word_1_350' title='bbox 3414 2015 3639 2086; x_wconf 89' lang='lat' dir='ltr'><strong>quidem</strong></span> 
     </span>
    </p>
   </div>
   <div class='ocr_carea' id='block_1_51' title="bbox 2041 2102 3638 2176">
    <p class='ocr_par' dir='ltr' id='par_1_51' title="bbox 2041 2102 3638 2176">
     <span class='ocr_line' id='line_1_51' title="bbox 2041 2102 3638 2176; baseline 0.003 -20"><span class='ocrx_word' id='word_1_351' title='bbox 2041 2103 2093 2158; x_wconf 87' lang='lat' dir='ltr'><strong>id</strong></span> <span class='ocrx_word' id='word_1_352' title='bbox 2129 2103 2239 2157; x_wconf 90' lang='lat' dir='ltr'><strong>illis</strong></span> <span class='ocrx_word' id='word_1_353' title='bbox 2298 2102 2498 2168; x_wconf 81' lang='lat' dir='ltr'><strong>facere,</strong></span> <span class='ocrx_word' id='word_1_354' title='bbox 2546 2105 2639 2160; x_wconf 85' lang='lat' dir='ltr'><strong>sed</strong></span> <span class='ocrx_word' id='word_1_355' title='bbox 2691 2105 2912 2160; x_wconf 84' lang='lat' dir='ltr'><strong>nonnisi</strong></span> <span class='ocrx_word' id='word_1_356' title='bbox 2969 2106 3410 2176; x_wconf 89' lang='lat' dir='ltr'><strong>competentibus</strong></span> <span class='ocrx_word' id='word_1_357' title='bbox 3455 2105 3638 2175; x_wconf 62' lang='lat' dir='ltr'><strong>poenis</strong></span> 
     </span>
    </p>
   </div>
   <div class='ocr_carea' id='block_1_52' title="bbox 2041 2195 3642 2269">
    <p class='ocr_par' dir='ltr' id='par_1_52' title="bbox 2041 2195 3642 2269">
     <span class='ocr_line' id='line_1_52' title="bbox 2041 2195 3642 2269; baseline 0 -17"><span class='ocrx_word' id='word_1_358' title='bbox 2041 2196 2307 2253; x_wconf 84' lang='lat' dir='ltr'><strong>subactis.</strong></span> <span class='ocrx_word' id='word_1_359' title='bbox 2354 2195 2517 2264; x_wconf 85' lang='lat' dir='ltr'><strong>Nota,</strong></span> <span class='ocrx_word' id='word_1_360' title='bbox 2543 2197 2690 2268; x_wconf 91' lang='lat' dir='ltr'><strong>quod</strong></span> <span class='ocrx_word' id='word_1_361' title='bbox 2733 2213 2858 2268; x_wconf 75' lang='lat' dir='ltr'><strong>quae</strong></span> <span class='ocrx_word' id='word_1_362' title='bbox 2885 2197 2940 2252; x_wconf 90' lang='lat' dir='ltr'><strong>in</strong></span> <span class='ocrx_word' id='word_1_363' title='bbox 2979 2199 3238 2268; x_wconf 62' lang='lat' dir='ltr'><strong>praesenti</strong></span> <span class='ocrx_word' id='word_1_364' title='bbox 3290 2196 3642 2269; x_wconf 89' lang='lat' dir='ltr'><strong>imperatoria</strong></span> 
     </span>
    </p>
   </div>
   <div class='ocr_carea' id='block_1_53' title="bbox 2034 2287 3641 2358">
    <p class='ocr_par' dir='ltr' id='par_1_53' title="bbox 2034 2287 3641 2358">
     <span class='ocr_line' id='line_1_53' title="bbox 2034 2287 3641 2358; baseline 0.001 -18"><span class='ocrx_word' id='word_1_365' title='bbox 2034 2287 2287 2358; x_wconf 86' lang='lat' dir='ltr'><strong>jnssione</strong></span> <span class='ocrx_word' id='word_1_366' title='bbox 2303 2288 2370 2343; x_wconf 90' lang='lat' dir='ltr'><strong>ad</strong></span> <span class='ocrx_word' id='word_1_367' title='bbox 2397 2288 2769 2358; x_wconf 82' lang='lat' dir='ltr'><strong>abrogandam</strong></span> <span class='ocrx_word' id='word_1_368' title='bbox 2814 2287 3044 2344; x_wconf 90' lang='lat' dir='ltr'><strong>Sisinnii</strong></span> <span class='ocrx_word' id='word_1_369' title='bbox 3079 2288 3420 2344; x_wconf 82' lang='lat' dir='ltr'><strong>decisionem</strong></span> <span class='ocrx_word' id='word_1_370' title='bbox 3456 2287 3641 2342; x_wconf 91' lang='lat' dir='ltr'><strong>conti-</strong></span> 
     </span>
    </p>
   </div>
   <div class='ocr_carea' id='block_1_54' title="bbox 2047 2380 3644 2453">
    <p class='ocr_par' dir='ltr' id='par_1_54' title="bbox 2047 2380 3644 2453">
     <span class='ocr_line' id='line_1_54' title="bbox 2047 2380 3644 2453; baseline 0.001 -19"><span class='ocrx_word' id='word_1_371' title='bbox 2047 2389 2272 2448; x_wconf 89' lang='lat' dir='ltr'><strong>nentur,</strong></span> <span class='ocrx_word' id='word_1_372' title='bbox 2309 2381 2518 2436; x_wconf 81' lang='lat' dir='ltr'><strong>interea</strong></span> <span class='ocrx_word' id='word_1_373' title='bbox 2564 2381 2772 2437; x_wconf 87' lang='lat' dir='ltr'><strong>nostris</strong></span> <span class='ocrx_word' id='word_1_374' title='bbox 2805 2383 3150 2453; x_wconf 82' lang='lat' dir='ltr'><strong>temporibus</strong></span> <span class='ocrx_word' id='word_1_375' title='bbox 3182 2383 3392 2436; x_wconf 90' lang='lat' dir='ltr'><strong>nullam</strong></span> <span class='ocrx_word' id='word_1_376' title='bbox 3429 2380 3644 2435; x_wconf 88' lang='lat' dir='ltr'><strong>habue-</strong></span> 
     </span>
    </p>
   </div>
   <div class='ocr_carea' id='block_1_55' title="bbox 2040 2475 3636 2546">
    <p class='ocr_par' dir='ltr' id='par_1_55' title="bbox 2040 2475 3636 2546">
     <span class='ocr_line' id='line_1_55' title="bbox 2040 2475 3636 2546; baseline 0.001 -18"><span class='ocrx_word' id='word_1_377' title='bbox 2040 2475 2152 2529; x_wconf 85' lang='lat' dir='ltr'><strong>rint</strong></span> <span class='ocrx_word' id='word_1_378' title='bbox 2183 2475 2508 2530; x_wconf 84' lang='lat' dir='ltr'><strong>elIicaciam.</strong></span> <span class='ocrx_word' id='word_1_379' title='bbox 2531 2475 2712 2546; x_wconf 89' lang='lat' dir='ltr'><strong>Atque</strong></span> <span class='ocrx_word' id='word_1_380' title='bbox 2744 2491 2941 2546; x_wconf 89' lang='lat' dir='ltr'><strong>precor</strong></span> <span class='ocrx_word' id='word_1_381' title='bbox 2966 2475 3245 2546; x_wconf 87' lang='lat' dir='ltr'><strong>equidem,</strong></span> <span class='ocrx_word' id='word_1_382' title='bbox 3297 2491 3367 2532; x_wconf 91' lang='lat' dir='ltr'><strong>ne</strong></span> <span class='ocrx_word' id='word_1_383' title='bbox 3390 2489 3636 2545; x_wconf 88' lang='lat' dir='ltr'><strong>unquam</strong></span> 
     </span>
    </p>
   </div>
   <div class='ocr_carea' id='block_1_56' title="bbox 2040 2564 3637 2638">
    <p class='ocr_par' dir='ltr' id='par_1_56' title="bbox 2040 2564 3637 2638">
     <span class='ocr_line' id='line_1_56' title="bbox 2040 2564 3637 2638; baseline 0.003 -20"><span class='ocrx_word' id='word_1_384' title='bbox 2040 2565 2205 2618; x_wconf 89' lang='lat' dir='ltr'><strong>ullam</strong></span> <span class='ocrx_word' id='word_1_385' title='bbox 2240 2564 2476 2620; x_wconf 88' lang='lat' dir='ltr'><strong>habeant</strong></span> <span class='ocrx_word' id='word_1_386' title='bbox 2506 2584 2520 2621; x_wconf 91' lang='lat'><strong>:</strong></span> <span class='ocrx_word' id='word_1_387' title='bbox 2555 2581 2680 2622; x_wconf 92' lang='lat' dir='ltr'><strong>cum</strong></span> <span class='ocrx_word' id='word_1_388' title='bbox 2711 2581 2936 2622; x_wconf 87' lang='lat' dir='ltr'><strong>causam</strong></span> <span class='ocrx_word' id='word_1_389' title='bbox 2968 2567 3040 2621; x_wconf 94' lang='lat' dir='ltr'><strong>ob</strong></span> <span class='ocrx_word' id='word_1_390' title='bbox 3065 2582 3230 2638; x_wconf 91' lang='lat' dir='ltr'><strong>quam</strong></span> <span class='ocrx_word' id='word_1_391' title='bbox 3253 2573 3637 2636; x_wconf 59' lang='lat' dir='ltr'><strong>statutagsunt,</strong></span> 
     </span>
    </p>
   </div>
   <div class='ocr_carea' id='block_1_57' title="bbox 2039 2653 3636 2728">
    <p class='ocr_par' dir='ltr' id='par_1_57' title="bbox 2039 2653 3636 2728">
     <span class='ocr_line' id='line_1_57' title="bbox 2039 2653 3636 2728; baseline 0.002 -19"><span class='ocrx_word' id='word_1_392' title='bbox 2039 2653 2094 2709; x_wconf 89' lang='lat' dir='ltr'><strong>in</strong></span> <span class='ocrx_word' id='word_1_393' title='bbox 2119 2655 2265 2711; x_wconf 91' lang='lat' dir='ltr'><strong>nuda</strong></span> <span class='ocrx_word' id='word_1_394' title='bbox 2292 2658 2578 2714; x_wconf 78' lang='lat' dir='ltr'><strong>voluntate</strong></span> <span class='ocrx_word' id='word_1_395' title='bbox 2637 2657 2802 2714; x_wconf 78' lang='lat' dir='ltr'><strong>sitam</strong></span> <span class='ocrx_word' id='word_1_396' title='bbox 2853 2672 2998 2724; x_wconf 87' lang='lat' dir='ltr'><strong>esse,</strong></span> <span class='ocrx_word' id='word_1_397' title='bbox 3029 2673 3096 2712; x_wconf 90' lang='lat' dir='ltr'><strong>ac</strong></span> <span class='ocrx_word' id='word_1_398' title='bbox 3153 2665 3444 2728; x_wconf 90' lang='lat' dir='ltr'><strong>propterea</strong></span> <span class='ocrx_word' id='word_1_399' title='bbox 3490 2657 3636 2712; x_wconf 81' lang='lat' dir='ltr'><strong>nihil</strong></span> 
     </span>
    </p>
   </div>
   <div class='ocr_carea' id='block_1_58' title="bbox 2039 2752 3635 2828">
    <p class='ocr_par' dir='ltr' id='par_1_58' title="bbox 2039 2752 3635 2828">
     <span class='ocr_line' id='line_1_58' title="bbox 2039 2752 3635 2828; baseline 0.002 -21"><span class='ocrx_word' id='word_1_400' title='bbox 2039 2752 2166 2807; x_wconf 91' lang='lat' dir='ltr'><strong>boui</strong></span> <span class='ocrx_word' id='word_1_401' title='bbox 2195 2752 2600 2825; x_wconf 59' lang='lat' dir='ltr'><strong>atierreZsciam.</strong></span> <span class='ocrx_word' id='word_1_402' title='bbox 2632 2754 2758 2810; x_wconf 70' lang='lat' dir='ltr'><strong>Haec</strong></span> <span class='ocrx_word' id='word_1_403' title='bbox 2787 2753 3022 2828; x_wconf 89' lang='lat' dir='ltr'><strong>|autem]</strong></span> <span class='ocrx_word' id='word_1_404' title='bbox 3045 2769 3360 2825; x_wconf 87' lang='lat' dir='ltr'><strong>quanquam</strong></span> <span class='ocrx_word' id='word_1_405' title='bbox 3392 2755 3635 2810; x_wconf 84' lang='lat' dir='ltr'><strong>sanctis-</strong></span> 
     </span>
    </p>
   </div>
   <div class='ocr_carea' id='block_1_59' title="bbox 2038 2847 3636 2920">
    <p class='ocr_par' dir='ltr' id='par_1_59' title="bbox 2038 2847 3636 2920">
     <span class='ocr_line' id='line_1_59' title="bbox 2038 2847 3636 2920; baseline 0.001 -18"><span class='ocrx_word' id='word_1_406' title='bbox 2038 2847 2164 2902; x_wconf 90' lang='lat' dir='ltr'><strong>simi</strong></span> <span class='ocrx_word' id='word_1_407' title='bbox 2198 2848 2524 2917; x_wconf 61' lang='lat' dir='ltr'><strong>patriarchas</strong></span> <span class='ocrx_word' id='word_1_408' title='bbox 2565 2847 2794 2904; x_wconf 90' lang='lat' dir='ltr'><strong>Sisinnii</strong></span> <span class='ocrx_word' id='word_1_409' title='bbox 2827 2849 3056 2915; x_wconf 91' lang='lat' dir='ltr'><strong>decisio,</strong></span> <span class='ocrx_word' id='word_1_410' title='bbox 3094 2849 3428 2919; x_wconf 88' lang='lat' dir='ltr'><strong>insuperque</strong></span> <span class='ocrx_word' id='word_1_411' title='bbox 3459 2848 3636 2920; x_wconf 88' lang='lat' dir='ltr'><strong>impc-</strong></span> 
     </span>
    </p>
   </div>
   <div class='ocr_carea' id='block_1_60' title="bbox 2039 2938 3636 3012">
    <p class='ocr_par' dir='ltr' id='par_1_60' title="bbox 2039 2938 3636 3012">
     <span class='ocr_line' id='line_1_60' title="bbox 2039 2938 3636 3012; baseline 0.003 -20"><span class='ocrx_word' id='word_1_412' title='bbox 2039 2938 2245 2994; x_wconf 87' lang='lat' dir='ltr'><strong>ratoria</strong></span> <span class='ocrx_word' id='word_1_413' title='bbox 2273 2940 2458 3010; x_wconf 86' lang='lat' dir='ltr'><strong>jussio</strong></span> <span class='ocrx_word' id='word_1_414' title='bbox 2493 2941 2838 2996; x_wconf 83' lang='lat' dir='ltr'><strong>constituant</strong></span> <span class='ocrx_word' id='word_1_415' title='bbox 2874 2959 2887 2995; x_wconf 91' lang='lat'><strong>:</strong></span> <span class='ocrx_word' id='word_1_416' title='bbox 2917 2957 2988 2995; x_wconf 88' lang='lat' dir='ltr'><strong>ne</strong></span> <span class='ocrx_word' id='word_1_417' title='bbox 3025 2939 3260 3012; x_wconf 86' lang='lat' dir='ltr'><strong>[tamen]</strong></span> <span class='ocrx_word' id='word_1_418' title='bbox 3285 2955 3476 2996; x_wconf 89' lang='lat' dir='ltr'><strong>omnes</strong></span> <span class='ocrx_word' id='word_1_419' title='bbox 3497 2955 3636 2996; x_wconf 87' lang='lat' dir='ltr'><strong>con-</strong></span> 
     </span>
    </p>
   </div>
   <div class='ocr_carea' id='block_1_61' title="bbox 2037 3033 3636 3105">
    <p class='ocr_par' dir='ltr' id='par_1_61' title="bbox 2037 3033 3636 3105">
     <span class='ocr_line' id='line_1_61' title="bbox 2037 3033 3636 3105; baseline 0.002 -18"><span class='ocrx_word' id='word_1_420' title='bbox 2037 3035 2468 3103; x_wconf 85' lang='lat' dir='ltr'><strong>sanguineorum</strong></span> <span class='ocrx_word' id='word_1_421' title='bbox 2496 3035 2638 3089; x_wconf 80' lang='lat' dir='ltr'><strong>sexti</strong></span> <span class='ocrx_word' id='word_1_422' title='bbox 2682 3035 2885 3105; x_wconf 88' lang='lat' dir='ltr'><strong>gradus</strong></span> <span class='ocrx_word' id='word_1_423' title='bbox 2921 3033 3194 3104; x_wconf 89' lang='lat' dir='ltr'><strong>nuptiales</strong></span> <span class='ocrx_word' id='word_1_424' title='bbox 3218 3042 3540 3091; x_wconf 89' lang='lat' dir='ltr'><strong>contractus</strong></span> <span class='ocrx_word' id='word_1_425' title='bbox 3564 3034 3636 3090; x_wconf 84' lang='lat' dir='ltr'><strong>ab</strong></span> 
     </span>
    </p>
   </div>
   <div class='ocr_carea' id='block_1_62' title="bbox 2040 3125 3638 3198">
    <p class='ocr_par' dir='ltr' id='par_1_62' title="bbox 2040 3125 3638 3198">
     <span class='ocr_line' id='line_1_62' title="bbox 2040 3125 3638 3198; baseline 0 -18"><span class='ocrx_word' id='word_1_426' title='bbox 2040 3126 2135 3181; x_wconf 92' lang='lat' dir='ltr'><strong>his</strong></span> <span class='ocrx_word' id='word_1_427' title='bbox 2173 3126 2363 3197; x_wconf 87' lang='lat' dir='ltr'><strong>perimi</strong></span> <span class='ocrx_word' id='word_1_428' title='bbox 2396 3125 2626 3182; x_wconf 81' lang='lat' dir='ltr'><strong>dixeris.</strong></span> <span class='ocrx_word' id='word_1_429' title='bbox 2654 3126 2848 3182; x_wconf 84' lang='lat' dir='ltr'><strong>Exstat</strong></span> <span class='ocrx_word' id='word_1_430' title='bbox 2886 3127 3031 3182; x_wconf 90' lang='lat' dir='ltr'><strong>cnim</strong></span> <span class='ocrx_word' id='word_1_431' title='bbox 3060 3126 3241 3197; x_wconf 84' lang='lat' dir='ltr'><strong>jussio</strong></span> <span class='ocrx_word' id='word_1_432' title='bbox 3286 3141 3505 3198; x_wconf 87' lang='lat' dir='ltr'><strong>semper</strong></span> <span class='ocrx_word' id='word_1_433' title='bbox 3542 3139 3638 3181; x_wconf 88' lang='lat' dir='ltr'><strong>ce-</strong></span> 
     </span>
    </p>
   </div>
   <div class='ocr_carea' id='block_1_63' title="bbox 2045 3216 3633 3290">
    <p class='ocr_par' dir='ltr' id='par_1_63' title="bbox 2045 3216 3633 3290">
     <span class='ocr_line' id='line_1_63' title="bbox 2045 3216 3633 3290; baseline 0.002 -19"><span class='ocrx_word' id='word_1_434' title='bbox 2045 3217 2291 3273; x_wconf 89' lang='lat' dir='ltr'><strong>lebrandi</strong></span> <span class='ocrx_word' id='word_1_435' title='bbox 2350 3218 2704 3290; x_wconf 91' lang='lat' dir='ltr'><strong>imperatoris</strong></span> <span class='ocrx_word' id='word_1_436' title='bbox 2757 3218 2949 3274; x_wconf 89' lang='lat' dir='ltr'><strong>domui</strong></span> <span class='ocrx_word' id='word_1_437' title='bbox 3001 3219 3182 3274; x_wconf 78' lang='lat' dir='ltr'><strong>Alexii</strong></span> <span class='ocrx_word' id='word_1_438' title='bbox 3239 3216 3531 3284; x_wconf 84' lang='lat' dir='ltr'><strong>Comneni,</strong></span> <span class='ocrx_word' id='word_1_439' title='bbox 3564 3218 3633 3274; x_wconf 90' lang='lat' dir='ltr'><strong>ad</strong></span> 
     </span>
    </p>
   </div>
   <div class='ocr_carea' id='block_1_64' title="bbox 327 3309 1929 3383">
    <p class='ocr_par' dir='ltr' id='par_1_64' title="bbox 327 3309 1929 3383">
     <span class='ocr_line' id='line_1_64' title="bbox 327 3309 1929 3383; baseline 0.001 -19"><span class='ocrx_word' id='word_1_440' title='bbox 327 3310 600 3373; x_wconf 89' lang='grc' dir='ltr'>δικτιόνος</span> <span class='ocrx_word' id='word_1_441' title='bbox 636 3309 733 3364; x_wconf 87' lang='grc' dir='ltr'><strong>τοῦ</strong></span> <span class='ocrx_word' id='word_1_442' title='bbox 765 3309 937 3380; x_wconf 35' lang='grc' dir='ltr'>ςφιθβι</span> <span class='ocrx_word' id='word_1_443' title='bbox 969 3309 1126 3374; x_wconf 76' lang='grc' dir='ltr'>ἔτους</span> <span class='ocrx_word' id='word_1_444' title='bbox 1164 3310 1408 3380; x_wconf 86' lang='grc' dir='ltr'>ἀπελύθη</span> <span class='ocrx_word' id='word_1_445' title='bbox 1439 3311 1611 3383; x_wconf 84' lang='grc' dir='ltr'>νεαρά</span> <span class='ocrx_word' id='word_1_446' title='bbox 1641 3311 1929 3382; x_wconf 87' lang='grc' dir='ltr'>νομοθεσία</span> 
     </span>
    </p>
   </div>
   <div class='ocr_carea' id='block_1_65' title="bbox 2036 3309 3634 3383">
    <p class='ocr_par' dir='ltr' id='par_1_65' title="bbox 2036 3311 3634 3383">
     <span class='ocr_line' id='line_1_65' title="bbox 2036 3311 3634 3383; baseline 0 -16"><span class='ocrx_word' id='word_1_447' title='bbox 2036 3313 2442 3383; x_wconf 82' lang='lat' dir='ltr'><strong>suggestionem</strong></span> <span class='ocrx_word' id='word_1_448' title='bbox 2484 3311 2705 3382; x_wconf 86' lang='lat' dir='ltr'><strong>proedri</strong></span> <span class='ocrx_word' id='word_1_449' title='bbox 2758 3312 2906 3368; x_wconf 91' lang='lat' dir='ltr'><strong>illius</strong></span> <span class='ocrx_word' id='word_1_450' title='bbox 2953 3321 3009 3368; x_wconf 92' lang='lat' dir='ltr'><strong>et</strong></span> <span class='ocrx_word' id='word_1_451' title='bbox 3039 3311 3390 3368; x_wconf 68' lang='lat' dir='ltr'><strong>hetmriarchi</strong></span> <span class='ocrx_word' id='word_1_452' title='bbox 3440 3311 3634 3367; x_wconf 69' lang='lat' dir='ltr'><strong>Barda:</strong></span> 
     </span>
    </p>
   </div>
   <div class='ocr_carea' id='block_1_66' title="bbox 329 3401 1934 3474">
    <p class='ocr_par' dir='ltr' id='par_1_66' title="bbox 329 3401 1934 3474">
     <span class='ocr_line' id='line_1_66' title="bbox 329 3401 1934 3474; baseline 0.002 -20"><span class='ocrx_word' id='word_1_453' title='bbox 329 3401 430 3455; x_wconf 87' lang='grc' dir='ltr'><strong>τοῦ</strong></span> <span class='ocrx_word' id='word_1_454' title='bbox 456 3402 620 3456; x_wconf 75' lang='grc' dir='ltr'>αὑτοῦ</span> <span class='ocrx_word' id='word_1_455' title='bbox 648 3402 917 3472; x_wconf 84' lang='grc' dir='ltr'>βασιλέως</span> <span class='ocrx_word' id='word_1_456' title='bbox 944 3401 1120 3467; x_wconf 75' lang='grc' dir='ltr'>οὕτως</span> <span class='ocrx_word' id='word_1_457' title='bbox 1144 3403 1366 3474; x_wconf 81' lang='grc' dir='ltr'>ἔχουσα.</span> <span class='ocrx_word' id='word_1_458' title='bbox 1386 3403 1449 3458; x_wconf 84' lang='grc' dir='ltr'><strong><em>Ἠ</em></strong></span> <span class='ocrx_word' id='word_1_459' title='bbox 1480 3404 1580 3474; x_wconf 84' lang='grc' dir='ltr'><strong>μὲν</strong></span> <span class='ocrx_word' id='word_1_460' title='bbox 1604 3403 1815 3458; x_wconf 84' lang='grc' dir='ltr'>παλαιὰ</span> <span class='ocrx_word' id='word_1_461' title='bbox 1837 3404 1934 3458; x_wconf 72' lang='grc' dir='ltr'>καὶ</span> 
     </span>
    </p>
   </div>
   <div class='ocr_carea' id='block_1_67' title="bbox 332 3491 1932 3564">
    <p class='ocr_par' dir='ltr' id='par_1_67' title="bbox 332 3491 1932 3564">
     <span class='ocr_line' id='line_1_67' title="bbox 332 3491 1932 3564; baseline 0.003 -20"><span class='ocrx_word' id='word_1_462' title='bbox 332 3491 692 3562; x_wconf 82' lang='grc' dir='ltr'>πρεσϐυτέρα</span> <span class='ocrx_word' id='word_1_463' title='bbox 718 3492 1014 3562; x_wconf 84' lang='grc' dir='ltr'>νομοθεσία</span> <span class='ocrx_word' id='word_1_464' title='bbox 1055 3493 1246 3564; x_wconf 70' lang='grc' dir='ltr'>πόρρω</span> <span class='ocrx_word' id='word_1_465' title='bbox 1271 3493 1338 3546; x_wconf 86' lang='grc' dir='ltr'><strong>τά</strong></span> <span class='ocrx_word' id='word_1_466' title='bbox 1375 3493 1670 3564; x_wconf 84' lang='grc' dir='ltr'>μνηστείας</span> <span class='ocrx_word' id='word_1_467' title='bbox 1702 3494 1798 3548; x_wconf 73' lang='grc' dir='ltr'><strong>καὶ</strong></span> <span class='ocrx_word' id='word_1_468' title='bbox 1830 3494 1932 3561; x_wconf 79' lang='grc' dir='ltr'>γά-</span> 
     </span>
    </p>
   </div>
   <div class='ocr_carea' id='block_1_68' title="bbox 332 3586 1932 3660">
    <p class='ocr_par' dir='ltr' id='par_1_68' title="bbox 332 3586 1932 3660">
     <span class='ocr_line' id='line_1_68' title="bbox 332 3586 1932 3660; baseline 0.001 -21"><span class='ocrx_word' id='word_1_469' title='bbox 332 3604 440 3657; x_wconf 90' lang='grc' dir='ltr'><strong>μου</strong></span> <span class='ocrx_word' id='word_1_470' title='bbox 483 3587 762 3658; x_wconf 84' lang='grc' dir='ltr'>ὁρίσματα</span> <span class='ocrx_word' id='word_1_471' title='bbox 809 3586 984 3640; x_wconf 77' lang='grc' dir='ltr'>ἔθετο.</span> <span class='ocrx_word' id='word_1_472' title='bbox 1023 3587 1132 3639; x_wconf 61' lang='grc' dir='ltr'><strong>Καὶ⁵</strong></span> <span class='ocrx_word' id='word_1_473' title='bbox 1169 3587 1375 3658; x_wconf 80' lang='grc' dir='ltr'>μᾶλλον</span> <span class='ocrx_word' id='word_1_474' title='bbox 1421 3587 1632 3641; x_wconf 88' lang='grc' dir='ltr'>τούτων</span> <span class='ocrx_word' id='word_1_475' title='bbox 1659 3586 1721 3640; x_wconf 83' lang='grc' dir='ltr'>τὸ</span> <span class='ocrx_word' id='word_1_476' title='bbox 1761 3588 1932 3660; x_wconf 82' lang='grc' dir='ltr'>μέρος</span> 
     </span>
    </p>
   </div>
   <div class='ocr_carea' id='block_1_69' title="bbox 327 3677 1926 3751">
    <p class='ocr_par' dir='ltr' id='par_1_69' title="bbox 327 3677 1926 3751">
     <span class='ocr_line' id='line_1_69' title="bbox 327 3677 1926 3751; baseline 0.002 -21"><span class='ocrx_word' id='word_1_477' title='bbox 327 3679 480 3748; x_wconf 75' lang='grc' dir='ltr'>ἥπερ</span> <span class='ocrx_word' id='word_1_478' title='bbox 505 3677 574 3730; x_wconf 80' lang='grc' dir='ltr'><strong>τά</strong></span> <span class='ocrx_word' id='word_1_479' title='bbox 601 3677 831 3750; x_wconf 86' lang='grc' dir='ltr'>Φρυγῶν</span> <span class='ocrx_word' id='word_1_480' title='bbox 877 3678 972 3732; x_wconf 81' lang='grc' dir='ltr'><strong>καὶ</strong></span> <span class='ocrx_word' id='word_1_481' title='bbox 1021 3678 1227 3734; x_wconf 84' lang='grc' dir='ltr'>Μυσῶν</span> <span class='ocrx_word' id='word_1_482' title='bbox 1257 3679 1290 3750; x_wconf 81' lang='grc' dir='ltr'>ἡ</span> <span class='ocrx_word' id='word_1_483' title='bbox 1322 3679 1597 3751; x_wconf 86' lang='grc' dir='ltr'>παροιμία</span> <span class='ocrx_word' id='word_1_484' title='bbox 1639 3678 1926 3751; x_wconf 85' lang='grc' dir='ltr'>ἐγνώρισε.</span> 
     </span>
    </p>
   </div>
   <div class='ocr_carea' id='block_1_70' title="bbox 339 3768 1929 3841">
    <p class='ocr_par' dir='ltr' id='par_1_70' title="bbox 339 3768 1929 3841">
     <span class='ocr_line' id='line_1_70' title="bbox 339 3768 1929 3841; baseline 0.001 -19"><span class='ocrx_word' id='word_1_485' title='bbox 339 3771 411 3822; x_wconf 76' lang='grc' dir='ltr'><strong>ἸΙ</strong></span> <span class='ocrx_word' id='word_1_486' title='bbox 442 3769 501 3822; x_wconf 85' lang='grc' dir='ltr'>δὲ</span> <span class='ocrx_word' id='word_1_487' title='bbox 534 3770 628 3823; x_wconf 78' lang='grc' dir='ltr'>ἐπὶ</span> <span class='ocrx_word' id='word_1_488' title='bbox 657 3769 754 3822; x_wconf 87' lang='grc' dir='ltr'><strong>τοῦ</strong></span> <span class='ocrx_word' id='word_1_489' title='bbox 790 3768 1100 3840; x_wconf 87' lang='grc' dir='ltr'>μακαρίτου</span> <span class='ocrx_word' id='word_1_490' title='bbox 1132 3770 1479 3840; x_wconf 80' lang='grc' dir='ltr'>πατριάρχου</span> <span class='ocrx_word' id='word_1_491' title='bbox 1513 3770 1704 3841; x_wconf 89' lang='grc' dir='ltr'>κυρίου</span> <span class='ocrx_word' id='word_1_492' title='bbox 1741 3770 1929 3824; x_wconf 88' lang='grc' dir='ltr'>Ἰωάν-</span> 
     </span>
    </p>
   </div>
   <div class='ocr_carea' id='block_1_71' title="bbox 325 3861 1926 3934">
    <p class='ocr_par' dir='ltr' id='par_1_71' title="bbox 325 3861 1926 3934">
     <span class='ocr_line' id='line_1_71' title="bbox 325 3861 1926 3934; baseline 0.003 -23"><span class='ocrx_word' id='word_1_493' title='bbox 325 3881 423 3915; x_wconf 84' lang='grc' dir='ltr'><strong>νου</strong></span> <span class='ocrx_word' id='word_1_494' title='bbox 446 3862 540 3916; x_wconf 86' lang='grc' dir='ltr'><strong>τοῦ</strong></span> <span class='ocrx_word' id='word_1_495' title='bbox 570 3861 850 3931; x_wconf 81' lang='grc' dir='ltr'>Ξιφιλίνου</span> <span class='ocrx_word' id='word_1_496' title='bbox 884 3863 1138 3934; x_wconf 84' lang='grc' dir='ltr'>συνοδικῇ</span> <span class='ocrx_word' id='word_1_497' title='bbox 1166 3862 1454 3933; x_wconf 72' lang='grc' dir='ltr'>διασκέψει</span> <span class='ocrx_word' id='word_1_498' title='bbox 1508 3862 1926 3916; x_wconf 88' lang='grc' dir='ltr'>συντελεσθεῖσα</span> 
     </span>
    </p>
   </div>
   <div class='ocr_carea' id='block_1_72' title="bbox 328 3948 1928 4027">
    <p class='ocr_par' dir='ltr' id='par_1_72' title="bbox 328 3948 1928 4027">
     <span class='ocr_line' id='line_1_72' title="bbox 328 3948 1928 4027; baseline 0.001 -22"><span class='ocrx_word' id='word_1_499' title='bbox 328 3953 656 4022; x_wconf 87' lang='grc' dir='ltr'>σημείωσις,</span> <span class='ocrx_word' id='word_1_500' title='bbox 781 3955 878 4007; x_wconf 77' lang='grc' dir='ltr'><strong>καὶ</strong></span> <span class='ocrx_word' id='word_1_501' title='bbox 935 3955 963 4007; x_wconf 98' lang='lat'><strong>6</strong></span> <span class='ocrx_word' id='word_1_502' title='bbox 998 3955 1057 4008; x_wconf 84' lang='grc' dir='ltr'><strong>ἐν</strong></span> <span class='ocrx_word' id='word_1_503' title='bbox 1103 3953 1422 4023; x_wconf 85' lang='grc' dir='ltr'>βασιλεῦσιν</span> <span class='ocrx_word' id='word_1_504' title='bbox 1452 3954 1702 4023; x_wconf 86' lang='grc' dir='ltr'>ἀοίδιμος</span> <span class='ocrx_word' id='word_1_505' title='bbox 1734 3953 1928 4025; x_wconf 87' lang='grc' dir='ltr'>κύριος</span> 
     </span>
    </p>
   </div>
   <div class='ocr_carea' id='block_1_73' title="bbox 327 4047 1928 4121">
    <p class='ocr_par' dir='ltr' id='par_1_73' title="bbox 327 4047 1928 4121">
     <span class='ocr_line' id='line_1_73' title="bbox 327 4047 1928 4121; baseline 0.003 -20"><span class='ocrx_word' id='word_1_506' title='bbox 327 4048 649 4119; x_wconf 71' lang='grc' dir='ltr'>Νικηφόρος</span> <span class='ocrx_word' id='word_1_507' title='bbox 676 4048 705 4100; x_wconf 91' lang='grc' dir='ltr'>ὁ</span> <span class='ocrx_word' id='word_1_508' title='bbox 740 4047 1108 4116; x_wconf 85' lang='grc' dir='ltr'>Βοτανειάτης</span> <span class='ocrx_word' id='word_1_509' title='bbox 1143 4048 1231 4101; x_wconf 78' lang='grc' dir='ltr'><strong>διὰ</strong></span> <span class='ocrx_word' id='word_1_510' title='bbox 1257 4048 1658 4119; x_wconf 76' lang='grc' dir='ltr'>χρυσοϐούλλου</span> <span class='ocrx_word' id='word_1_511' title='bbox 1707 4050 1928 4121; x_wconf 76' lang='grc' dir='ltr'>γραφῆς</span> 
     </span>
    </p>
   </div>
   <div class='ocr_carea' id='block_1_74' title="bbox 326 4140 1927 4213">
    <p class='ocr_par' dir='ltr' id='par_1_74' title="bbox 326 4140 1927 4213">
     <span class='ocr_line' id='line_1_74' title="bbox 326 4140 1927 4213; baseline 0.001 -19"><span class='ocrx_word' id='word_1_512' title='bbox 326 4143 390 4194; x_wconf 77' lang='grc' dir='ltr'>τὸ</span> <span class='ocrx_word' id='word_1_513' title='bbox 423 4140 588 4210; x_wconf 86' lang='grc' dir='ltr'>κῦρος</span> <span class='ocrx_word' id='word_1_514' title='bbox 617 4141 934 4210; x_wconf 85' lang='grc' dir='ltr'>εὑρίσκεται</span> <span class='ocrx_word' id='word_1_515' title='bbox 955 4142 1328 4212; x_wconf 79' lang='grc' dir='ltr'>χαρισάμενος</span> <span class='ocrx_word' id='word_1_516' title='bbox 1372 4143 1440 4196; x_wconf 86' lang='grc' dir='ltr'>τὰ</span> <span class='ocrx_word' id='word_1_517' title='bbox 1469 4142 1734 4196; x_wconf 82' lang='grc' dir='ltr'>διεστῶτα</span> <span class='ocrx_word' id='word_1_518' title='bbox 1756 4144 1927 4213; x_wconf 73' lang='grc' dir='ltr'>χωρὶς</span> 
     </span>
    </p>
   </div>
   <div class='ocr_carea' id='block_1_75' title="bbox 327 4235 1926 4309">
    <p class='ocr_par' dir='ltr' id='par_1_75' title="bbox 327 4235 1926 4309">
     <span class='ocr_line' id='line_1_75' title="bbox 327 4235 1926 4309; baseline 0.001 -20"><span class='ocrx_word' id='word_1_519' title='bbox 327 4235 577 4306; x_wconf 73' lang='grc' dir='ltr'>ἀλλήλων</span> <span class='ocrx_word' id='word_1_520' title='bbox 604 4237 684 4299; x_wconf 88' lang='grc' dir='ltr'><strong>είς</strong></span> <span class='ocrx_word' id='word_1_521' title='bbox 713 4235 772 4288; x_wconf 80' lang='grc' dir='ltr'>ἓν</span> <span class='ocrx_word' id='word_1_522' title='bbox 801 4235 1155 4289; x_wconf 85' lang='grc' dir='ltr'>συνάπτουσα</span> <span class='ocrx_word' id='word_1_523' title='bbox 1185 4236 1439 4306; x_wconf 84' lang='grc' dir='ltr'>φαίνεται</span> <span class='ocrx_word' id='word_1_524' title='bbox 1468 4236 1764 4293; x_wconf 87' lang='grc' dir='ltr'>κάντεῦθεν</span> <span class='ocrx_word' id='word_1_525' title='bbox 1787 4239 1926 4309; x_wconf 82' lang='grc' dir='ltr'>ὅπερ</span> 
     </span>
    </p>
   </div>
   <div class='ocr_carea' id='block_1_76' title="bbox 324 4331 1926 4402">
    <p class='ocr_par' dir='ltr' id='par_1_76' title="bbox 324 4331 1926 4402">
     <span class='ocr_line' id='line_1_76' title="bbox 324 4331 1926 4402; baseline 0.001 -18"><span class='ocrx_word' id='word_1_526' title='bbox 324 4331 560 4389; x_wconf 72' lang='grc' dir='ltr'>ἐπὶτῶν</span> <span class='ocrx_word' id='word_1_527' title='bbox 598 4333 796 4402; x_wconf 86' lang='grc' dir='ltr'>γάμων</span> <span class='ocrx_word' id='word_1_528' title='bbox 843 4333 873 4386; x_wconf 89' lang='lat'><strong>6</strong></span> <span class='ocrx_word' id='word_1_529' title='bbox 928 4332 1208 4397; x_wconf 78' lang='grc' dir='ltr'>συνοδικδς</span> <span class='ocrx_word' id='word_1_530' title='bbox 1262 4332 1520 4386; x_wconf 80' lang='grc' dir='ltr'>ἐθέσπισε</span> <span class='ocrx_word' id='word_1_531' title='bbox 1552 4332 1719 4402; x_wconf 86' lang='grc' dir='ltr'>τόμος</span> <span class='ocrx_word' id='word_1_532' title='bbox 1765 4332 1926 4386; x_wconf 87' lang='grc' dir='ltr'>τοῦτο</span> 
     </span>
    </p>
   </div>
   <div class='ocr_carea' id='block_1_77' title="bbox 323 4423 1926 4496">
    <p class='ocr_par' dir='ltr' id='par_1_77' title="bbox 323 4423 1926 4496">
     <span class='ocr_line' id='line_1_77' title="bbox 323 4423 1926 4496; baseline 0.002 -20"><span class='ocrx_word' id='word_1_533' title='bbox 323 4424 422 4477; x_wconf 80' lang='grc' dir='ltr'><strong>ἐπὶ</strong></span> <span class='ocrx_word' id='word_1_534' title='bbox 451 4425 551 4495; x_wconf 85' lang='grc' dir='ltr'><strong>τῆς</strong></span> <span class='ocrx_word' id='word_1_535' title='bbox 581 4424 880 4495; x_wconf 74' lang='grc' dir='ltr'>μνηστείας</span> <span class='ocrx_word' id='word_1_536' title='bbox 915 4423 1214 4496; x_wconf 79' lang='grc' dir='ltr'>διαρρήδην</span> <span class='ocrx_word' id='word_1_537' title='bbox 1243 4425 1384 4496; x_wconf 76' lang='grc' dir='ltr'>αὐτὴ</span> <span class='ocrx_word' id='word_1_538' title='bbox 1415 4425 1803 4494; x_wconf 84' lang='grc' dir='ltr'>ἀποφαίνεται,</span> <span class='ocrx_word' id='word_1_539' title='bbox 1829 4425 1926 4479; x_wconf 91' lang='grc' dir='ltr'><strong>δύο</strong></span> 
     </span>
    </p>
   </div>
   <div class='ocr_carea' id='block_1_78' title="bbox 321 4516 1918 4589">
    <p class='ocr_par' dir='ltr' id='par_1_78' title="bbox 321 4516 1918 4589">
     <span class='ocr_line' id='line_1_78' title="bbox 321 4516 1918 4589; baseline -0.001 -17"><span class='ocrx_word' id='word_1_540' title='bbox 321 4517 579 4586; x_wconf 83' lang='grc' dir='ltr'>ἀδελφοῖς</span> <span class='ocrx_word' id='word_1_541' title='bbox 637 4516 938 4586; x_wconf 80' lang='grc' dir='ltr'>ἐξαδέλφας</span> <span class='ocrx_word' id='word_1_542' title='bbox 984 4517 1080 4570; x_wconf 92' lang='grc' dir='ltr'><strong>δύο</strong></span> <span class='ocrx_word' id='word_1_543' title='bbox 1131 4516 1208 4589; x_wconf 79' lang='grc' dir='ltr'>μὴ</span> <span class='ocrx_word' id='word_1_544' title='bbox 1243 4520 1460 4588; x_wconf 81' lang='grc' dir='ltr'>ἐφιεῖσα</span> <span class='ocrx_word' id='word_1_545' title='bbox 1492 4517 1918 4589; x_wconf 82' lang='grc' dir='ltr'>μνηστεύεσθαι,</span> 
     </span>
    </p>
   </div>
   <div class='ocr_carea' id='block_1_79' title="bbox 2038 3404 3634 3477">
    <p class='ocr_par' dir='ltr' id='par_1_79' title="bbox 2038 3404 3634 3477">
     <span class='ocr_line' id='line_1_79' title="bbox 2038 3404 3634 3477; baseline 0 -19"><span class='ocrx_word' id='word_1_546' title='bbox 2038 3404 2190 3473; x_wconf 90' lang='lat' dir='ltr'><strong>Zeri,</strong></span> <span class='ocrx_word' id='word_1_547' title='bbox 2216 3420 2408 3462; x_wconf 89' lang='lat' dir='ltr'><strong>mense</strong></span> <span class='ocrx_word' id='word_1_548' title='bbox 2435 3405 2633 3462; x_wconf 83' lang='lat' dir='ltr'><strong>Martio</strong></span> <span class='ocrx_word' id='word_1_549' title='bbox 2659 3405 2962 3462; x_wconf 91' lang='lat' dir='ltr'><strong>indictione</strong></span> <span class='ocrx_word' id='word_1_550' title='bbox 2996 3405 3210 3461; x_wconf 91' lang='lat' dir='ltr'><strong>decima</strong></span> <span class='ocrx_word' id='word_1_551' title='bbox 3239 3406 3431 3477; x_wconf 89' lang='lat' dir='ltr'><strong>quinta</strong></span> <span class='ocrx_word' id='word_1_552' title='bbox 3461 3405 3634 3470; x_wconf 87' lang='lat' dir='ltr'><strong>edita,</strong></span> 
     </span>
    </p>
   </div>
   <div class='ocr_carea' id='block_1_80' title="bbox 2033 3498 3631 3571">
    <p class='ocr_par' dir='ltr' id='par_1_80' title="bbox 2033 3498 3631 3571">
     <span class='ocr_line' id='line_1_80' title="bbox 2033 3498 3631 3571; baseline -0.001 -17"><span class='ocrx_word' id='word_1_553' title='bbox 2033 3508 2090 3554; x_wconf 92' lang='lat' dir='ltr'><strong>et</strong></span> <span class='ocrx_word' id='word_1_554' title='bbox 2146 3501 2214 3554; x_wconf 93' lang='lat' dir='ltr'><strong>ad</strong></span> <span class='ocrx_word' id='word_1_555' title='bbox 2277 3501 2424 3554; x_wconf 85' lang='lat' dir='ltr'><strong>illius</strong></span> <span class='ocrx_word' id='word_1_556' title='bbox 2477 3501 2744 3571; x_wconf 91' lang='lat' dir='ltr'><strong>temporis</strong></span> <span class='ocrx_word' id='word_1_557' title='bbox 2793 3501 3212 3555; x_wconf 89' lang='lat' dir='ltr'><strong>sanctissimum</strong></span> <span class='ocrx_word' id='word_1_558' title='bbox 3255 3498 3631 3570; x_wconf 87' lang='lat' dir='ltr'><strong>patriarchatn</strong></span> 
     </span>
    </p>
   </div>
   <div class='ocr_carea' id='block_1_81' title="bbox 2033 3593 3630 3663">
    <p class='ocr_par' dir='ltr' id='par_1_81' title="bbox 2033 3593 3630 3663">
     <span class='ocr_line' id='line_1_81' title="bbox 2033 3593 3630 3663; baseline -0.004 -13"><span class='ocrx_word' id='word_1_559' title='bbox 2033 3595 2299 3650; x_wconf 86' lang='lat' dir='ltr'><strong>domuum</strong></span> <span class='ocrx_word' id='word_1_560' title='bbox 2349 3593 2633 3650; x_wconf 85' lang='lat' dir='ltr'><strong>Nicolaum</strong></span> <span class='ocrx_word' id='word_1_561' title='bbox 2675 3609 2739 3649; x_wconf 87' lang='lat' dir='ltr'><strong>ac</strong></span> <span class='ocrx_word' id='word_1_562' title='bbox 2789 3605 3037 3650; x_wconf 84' lang='lat' dir='ltr'><strong>sanctam</strong></span> <span class='ocrx_word' id='word_1_563' title='bbox 3073 3593 3430 3662; x_wconf 77' lang='lat' dir='ltr'><strong>divinamque</strong></span> <span class='ocrx_word' id='word_1_564' title='bbox 3463 3606 3630 3663; x_wconf 81' lang='lat' dir='ltr'><strong>syno-</strong></span> 
     </span>
    </p>
   </div>
   <div class='ocr_carea' id='block_1_82' title="bbox 2033 3682 3628 3757">
    <p class='ocr_par' dir='ltr' id='par_1_82' title="bbox 2033 3682 3628 3757">
     <span class='ocr_line' id='line_1_82' title="bbox 2033 3682 3628 3757; baseline -0.004 -18"><span class='ocrx_word' id='word_1_565' title='bbox 2033 3685 2161 3740; x_wconf 91' lang='lat' dir='ltr'><strong>dum</strong></span> <span class='ocrx_word' id='word_1_566' title='bbox 2197 3688 2388 3754; x_wconf 90' lang='lat' dir='ltr'><strong>missa,</strong></span> <span class='ocrx_word' id='word_1_567' title='bbox 2435 3701 2559 3757; x_wconf 68' lang='lat' dir='ltr'><strong>quae</strong></span> <span class='ocrx_word' id='word_1_568' title='bbox 2590 3687 2814 3740; x_wconf 82' lang='lat' dir='ltr'><strong>amitam</strong></span> <span class='ocrx_word' id='word_1_569' title='bbox 2850 3696 2904 3739; x_wconf 90' lang='lat' dir='ltr'><strong>et</strong></span> <span class='ocrx_word' id='word_1_570' title='bbox 2939 3701 3006 3739; x_wconf 83' lang='lat' dir='ltr'><strong>ex</strong></span> <span class='ocrx_word' id='word_1_571' title='bbox 3042 3682 3210 3738; x_wconf 80' lang='lat' dir='ltr'><strong>fratre</strong></span> <span class='ocrx_word' id='word_1_572' title='bbox 3246 3691 3462 3750; x_wconf 85' lang='lat' dir='ltr'><strong>neptem</strong></span> <span class='ocrx_word' id='word_1_573' title='bbox 3500 3696 3628 3734; x_wconf 89' lang='lat' dir='ltr'><strong>cutn</strong></span> 
     </span>
    </p>
   </div>
   <div class='ocr_carea' id='block_1_83' title="bbox 2033 3774 3624 3847">
    <p class='ocr_par' dir='ltr' id='par_1_83' title="bbox 2033 3774 3624 3847">
     <span class='ocr_line' id='line_1_83' title="bbox 2033 3774 3624 3847; baseline -0.003 -15"><span class='ocrx_word' id='word_1_574' title='bbox 2033 3790 2232 3847; x_wconf 88' lang='lat' dir='ltr'><strong>patruo</strong></span> <span class='ocrx_word' id='word_1_575' title='bbox 2266 3787 2322 3833; x_wconf 79' lang='lat' dir='ltr'><strong>et</strong></span> <span class='ocrx_word' id='word_1_576' title='bbox 2361 3794 2448 3833; x_wconf 80' lang='lat' dir='ltr'><strong>ex</strong></span> <span class='ocrx_word' id='word_1_577' title='bbox 2489 3778 2659 3832; x_wconf 84' lang='lat' dir='ltr'><strong>fratre</strong></span> <span class='ocrx_word' id='word_1_578' title='bbox 2709 3785 2927 3847; x_wconf 83' lang='lat' dir='ltr'><strong>nepote,</strong></span> <span class='ocrx_word' id='word_1_579' title='bbox 2979 3775 3198 3832; x_wconf 87' lang='lat' dir='ltr'><strong>tametsi</strong></span> <span class='ocrx_word' id='word_1_580' title='bbox 3230 3774 3370 3830; x_wconf 80' lang='lat' dir='ltr'><strong>sexti</strong></span> <span class='ocrx_word' id='word_1_581' title='bbox 3416 3774 3624 3843; x_wconf 80' lang='lat' dir='ltr'><strong>gradus</strong></span> 
     </span>
    </p>
   </div>
   <div class='ocr_carea' id='block_1_84' title="bbox 2032 3867 3627 3950">
    <p class='ocr_par' dir='ltr' id='par_1_84' title="bbox 2032 3867 3627 3950">
     <span class='ocr_line' id='line_1_84' title="bbox 2032 3867 3627 3950; baseline -0.004 -24"><span class='ocrx_word' id='word_1_582' title='bbox 2032 3872 2417 3942; x_wconf 87' lang='lat' dir='ltr'><strong>cognationem</strong></span> <span class='ocrx_word' id='word_1_583' title='bbox 2455 3886 2520 3924; x_wconf 85' lang='lat' dir='ltr'><strong>ex</strong></span> <span class='ocrx_word' id='word_1_584' title='bbox 2559 3868 2823 3925; x_wconf 67' lang='lat' dir='ltr'><strong>afﬁnitate</strong></span> <span class='ocrx_word' id='word_1_585' title='bbox 2849 3869 3153 3931; x_wconf 89' lang='lat' dir='ltr'><strong>obtineant,</strong></span> <span class='ocrx_word' id='word_1_586' title='bbox 3199 3867 3338 3950; x_wconf 69' lang='lat' dir='ltr'><strong>citra</strong></span> <span class='ocrx_word' id='word_1_587' title='bbox 3387 3867 3627 3936; x_wconf 91' lang='lat' dir='ltr'><strong>impedi-</strong></span> 
     </span>
    </p>
   </div>
   <div class='ocr_carea' id='block_1_85' title="bbox 2033 3959 3625 4035">
    <p class='ocr_par' dir='ltr' id='par_1_85' title="bbox 2033 3959 3625 4035">
     <span class='ocr_line' id='line_1_85' title="bbox 2033 3959 3625 4035; baseline -0.004 -15"><span class='ocrx_word' id='word_1_588' title='bbox 2033 3975 2280 4020; x_wconf 89' lang='lat' dir='ltr'><strong>tnentum</strong></span> <span class='ocrx_word' id='word_1_589' title='bbox 2327 3964 2745 4035; x_wconf 35' lang='lat' dir='ltr'><strong>jungiastatuit.</strong></span> <span class='ocrx_word' id='word_1_590' title='bbox 2798 3961 2976 4028; x_wconf 86' lang='lat' dir='ltr'><strong>Quam</strong></span> <span class='ocrx_word' id='word_1_591' title='bbox 3010 3961 3318 4032; x_wconf 88' lang='lat' dir='ltr'><strong>jussionem</strong></span> <span class='ocrx_word' id='word_1_592' title='bbox 3373 3959 3625 4033; x_wconf 74' lang='lat' dir='ltr'><strong>synodali</strong></span> 
     </span>
    </p>
   </div>
   <div class='ocr_carea' id='block_1_86' title="bbox 2031 4050 3628 4126">
    <p class='ocr_par' dir='ltr' id='par_1_86' title="bbox 2031 4050 3628 4126">
     <span class='ocr_line' id='line_1_86' title="bbox 2031 4050 3628 4126; baseline -0.005 -15"><span class='ocrx_word' id='word_1_593' title='bbox 2031 4057 2433 4111; x_wconf 89' lang='lat' dir='ltr'><strong>commentario</strong></span> <span class='ocrx_word' id='word_1_594' title='bbox 2459 4097 2474 4122; x_wconf 92' lang='lat'><strong>,</strong></span> <span class='ocrx_word' id='word_1_595' title='bbox 2517 4055 2611 4126; x_wconf 88' lang='lat' dir='ltr'><strong>qui</strong></span> <span class='ocrx_word' id='word_1_596' title='bbox 2651 4056 2705 4108; x_wconf 90' lang='lat' dir='ltr'><strong>itt</strong></span> <span class='ocrx_word' id='word_1_597' title='bbox 2738 4053 3029 4108; x_wconf 80' lang='lat' dir='ltr'><strong>memorati</strong></span> <span class='ocrx_word' id='word_1_598' title='bbox 3069 4053 3399 4121; x_wconf 70' lang='lat' dir='ltr'><strong>patriarcha:</strong></span> <span class='ocrx_word' id='word_1_599' title='bbox 3419 4050 3628 4106; x_wconf 90' lang='lat' dir='ltr'><strong>domini</strong></span> 
     </span>
    </p>
   </div>
   <div class='ocr_carea' id='block_1_87' title="bbox 2034 4142 3624 4218">
    <p class='ocr_par' dir='ltr' id='par_1_87' title="bbox 2034 4142 3624 4218">
     <span class='ocr_line' id='line_1_87' title="bbox 2034 4142 3624 4218; baseline -0.004 -14"><span class='ocrx_word' id='word_1_600' title='bbox 2034 4148 2245 4205; x_wconf 81' lang='lat' dir='ltr'><strong>Nicolai</strong></span> <span class='ocrx_word' id='word_1_601' title='bbox 2292 4149 2485 4205; x_wconf 88' lang='lat' dir='ltr'><strong>codice</strong></span> <span class='ocrx_word' id='word_1_602' title='bbox 2516 4147 2818 4218; x_wconf 87' lang='lat' dir='ltr'><strong>reperitur,</strong></span> <span class='ocrx_word' id='word_1_603' title='bbox 2852 4148 3118 4202; x_wconf 87' lang='lat' dir='ltr'><strong>insertam</strong></span> <span class='ocrx_word' id='word_1_604' title='bbox 3160 4145 3332 4215; x_wconf 86' lang='lat' dir='ltr'><strong>legas.</strong></span> <span class='ocrx_word' id='word_1_605' title='bbox 3385 4142 3624 4198; x_wconf 87' lang='lat' dir='ltr'><strong>Proinde</strong></span> 
     </span>
    </p>
   </div>
   <div class='ocr_carea' id='block_1_88' title="bbox 2029 4236 3631 4314">
    <p class='ocr_par' dir='ltr' id='par_1_88' title="bbox 2029 4236 3631 4314">
     <span class='ocr_line' id='line_1_88' title="bbox 2029 4236 3631 4314; baseline -0.006 -17"><span class='ocrx_word' id='word_1_606' title='bbox 2029 4245 2294 4314; x_wconf 87' lang='lat' dir='ltr'><strong>quoniam</strong></span> <span class='ocrx_word' id='word_1_607' title='bbox 2339 4243 2480 4313; x_wconf 89' lang='lat' dir='ltr'><strong>apud</strong></span> <span class='ocrx_word' id='word_1_608' title='bbox 2532 4241 2951 4312; x_wconf 89' lang='lat' dir='ltr'><strong>imperatorium</strong></span> <span class='ocrx_word' id='word_1_609' title='bbox 3016 4239 3258 4293; x_wconf 87' lang='lat' dir='ltr'><strong>tribunal</strong></span> <span class='ocrx_word' id='word_1_610' title='bbox 3299 4251 3483 4292; x_wconf 91' lang='lat' dir='ltr'><strong>sermo</strong></span> <span class='ocrx_word' id='word_1_611' title='bbox 3526 4236 3631 4290; x_wconf 89' lang='lat' dir='ltr'><strong>ali-</strong></span> 
     </span>
    </p>
   </div>
   <div class='ocr_carea' id='block_1_89' title="bbox 2029 4329 3622 4408">
    <p class='ocr_par' dir='ltr' id='par_1_89' title="bbox 2029 4329 3622 4408">
     <span class='ocr_line' id='line_1_89' title="bbox 2029 4329 3622 4408; baseline -0.006 -15"><span class='ocrx_word' id='word_1_612' title='bbox 2029 4338 2255 4408; x_wconf 91' lang='lat' dir='ltr'><strong>quando</strong></span> <span class='ocrx_word' id='word_1_613' title='bbox 2291 4336 2506 4402; x_wconf 89' lang='lat' dir='ltr'><strong>incidit,</strong></span> <span class='ocrx_word' id='word_1_614' title='bbox 2563 4352 2634 4390; x_wconf 91' lang='lat' dir='ltr'><strong>an</strong></span> <span class='ocrx_word' id='word_1_615' title='bbox 2664 4351 2810 4390; x_wconf 92' lang='lat' dir='ltr'><strong>unus</strong></span> <span class='ocrx_word' id='word_1_616' title='bbox 2839 4345 3004 4405; x_wconf 88' lang='lat' dir='ltr'><strong>atque</strong></span> <span class='ocrx_word' id='word_1_617' title='bbox 3062 4333 3204 4388; x_wconf 80' lang='lat' dir='ltr'><strong>idem</strong></span> <span class='ocrx_word' id='word_1_618' title='bbox 3237 4333 3474 4387; x_wconf 88' lang='lat' dir='ltr'><strong>duorum</strong></span> <span class='ocrx_word' id='word_1_619' title='bbox 3505 4329 3622 4384; x_wconf 83' lang='lat' dir='ltr'><strong>fra-</strong></span> 
     </span>
    </p>
   </div>
   <div class='ocr_carea' id='block_1_90' title="bbox 2028 4421 3624 4500">
    <p class='ocr_par' dir='ltr' id='par_1_90' title="bbox 2028 4421 3624 4500">
     <span class='ocr_line' id='line_1_90' title="bbox 2028 4421 3624 4500; baseline -0.006 -14"><span class='ocrx_word' id='word_1_620' title='bbox 2028 4439 2399 4500; x_wconf 77' lang='lat' dir='ltr'><strong>trutn,neptes</strong></span> <span class='ocrx_word' id='word_1_621' title='bbox 2430 4431 2483 4485; x_wconf 91' lang='lat' dir='ltr'><strong>itt</strong></span> <span class='ocrx_word' id='word_1_622' title='bbox 2535 4429 2959 4483; x_wconf 89' lang='lat' dir='ltr'><strong>matrimonium</strong></span> <span class='ocrx_word' id='word_1_623' title='bbox 2996 4441 3216 4482; x_wconf 90' lang='lat' dir='ltr'><strong>sumere</strong></span> <span class='ocrx_word' id='word_1_624' title='bbox 3240 4423 3438 4494; x_wconf 91' lang='lat' dir='ltr'><strong>possit,</strong></span> <span class='ocrx_word' id='word_1_625' title='bbox 3474 4421 3624 4492; x_wconf 92' lang='lat' dir='ltr'><strong>quod</strong></span> 
     </span>
    </p>
   </div>
   <div class='ocr_carea' id='block_1_91' title="bbox 2026 4517 3623 4592">
    <p class='ocr_par' dir='ltr' id='par_1_91' title="bbox 2026 4517 3623 4592">
     <span class='ocr_line' id='line_1_91' title="bbox 2026 4517 3623 4592; baseline -0.004 -17"><span class='ocrx_word' id='word_1_626' title='bbox 2026 4522 2287 4576; x_wconf 84' lang='lat' dir='ltr'><strong>videlicet</strong></span> <span class='ocrx_word' id='word_1_627' title='bbox 2323 4522 2376 4576; x_wconf 91' lang='lat' dir='ltr'><strong>in</strong></span> <span class='ocrx_word' id='word_1_628' title='bbox 2402 4522 2694 4592; x_wconf 84' lang='lat' dir='ltr'><strong>septimum</strong></span> <span class='ocrx_word' id='word_1_629' title='bbox 2719 4517 2999 4574; x_wconf 80' lang='lat' dir='ltr'><strong>afﬁnitatis</strong></span> <span class='ocrx_word' id='word_1_630' title='bbox 3037 4517 3267 4588; x_wconf 85' lang='lat' dir='ltr'><strong>gradum</strong></span> <span class='ocrx_word' id='word_1_631' title='bbox 3301 4522 3623 4570; x_wconf 83' lang='lat' dir='ltr'><strong>contractus</strong></span> 
     </span>
    </p>
   </div>
   <div class='ocr_carea' id='block_1_92' title="bbox 320 4607 1929 4682">
    <p class='ocr_par' dir='ltr' id='par_1_92' title="bbox 320 4608 1921 4682">
     <span class='ocr_line' id='line_1_92' title="bbox 320 4608 1921 4682; baseline 0.002 -20"><span class='ocrx_word' id='word_1_632' title='bbox 320 4610 420 4666; x_wconf 71' lang='grc' dir='ltr'><strong>καὶ</strong></span> <span class='ocrx_word' id='word_1_633' title='bbox 457 4612 485 4662; x_wconf 90' lang='grc' dir='ltr'><strong>ό</strong></span> <span class='ocrx_word' id='word_1_634' title='bbox 519 4609 620 4681; x_wconf 77' lang='grc' dir='ltr'><strong>μὲν</strong></span> <span class='ocrx_word' id='word_1_635' title='bbox 663 4608 834 4672; x_wconf 84' lang='grc' dir='ltr'>πολὺς</span> <span class='ocrx_word' id='word_1_636' title='bbox 883 4608 1174 4680; x_wconf 84' lang='grc' dir='ltr'>ἄνθρωπος</span> <span class='ocrx_word' id='word_1_637' title='bbox 1209 4610 1585 4677; x_wconf 81' lang='grc' dir='ltr'>ἀνεξετάστως</span> <span class='ocrx_word' id='word_1_638' title='bbox 1615 4611 1693 4682; x_wconf 85' lang='grc' dir='ltr'>τῷ</span> <span class='ocrx_word' id='word_1_639' title='bbox 1742 4612 1921 4682; x_wconf 80' lang='grc' dir='ltr'>πράγ-</span> 
     </span>
    </p>
   </div>
   <div class='ocr_carea' id='block_1_93' title="bbox 2036 4607 3622 4682">
    <p class='ocr_par' dir='ltr' id='par_1_93' title="bbox 2036 4607 3622 4682">
     <span class='ocr_line' id='line_1_93' title="bbox 2036 4607 3622 4682; baseline -0.008 -12"><span class='ocrx_word' id='word_1_640' title='bbox 2036 4614 2326 4681; x_wconf 79' lang='lat' dir='ltr'><strong>referatur,</strong></span> <span class='ocrx_word' id='word_1_641' title='bbox 2378 4614 2582 4670; x_wconf 90' lang='lat' dir='ltr'><strong>emissa</strong></span> <span class='ocrx_word' id='word_1_642' title='bbox 2622 4621 2709 4668; x_wconf 89' lang='lat' dir='ltr'><strong>est</strong></span> <span class='ocrx_word' id='word_1_643' title='bbox 2741 4612 2921 4682; x_wconf 89' lang='lat' dir='ltr'><strong>jussio</strong></span> <span class='ocrx_word' id='word_1_644' title='bbox 2947 4609 3188 4682; x_wconf 87' lang='lat' dir='ltr'><strong>potentis</strong></span> <span class='ocrx_word' id='word_1_645' title='bbox 3223 4618 3390 4677; x_wconf 82' lang='lat' dir='ltr'><strong>atque</strong></span> <span class='ocrx_word' id='word_1_646' title='bbox 3443 4607 3622 4660; x_wconf 79' lang='lat' dir='ltr'><strong>sancti</strong></span> 
     </span>
    </p>
   </div>
   <div class='ocr_carea' id='block_1_94' title="bbox 322 4699 1926 4776">
    <p class='ocr_par' dir='ltr' id='par_1_94' title="bbox 322 4699 1926 4776">
     <span class='ocr_line' id='line_1_94' title="bbox 322 4699 1926 4776; baseline 0.002 -22"><span class='ocrx_word' id='word_1_647' title='bbox 322 4718 458 4769; x_wconf 87' lang='grc' dir='ltr'>ματι</span> <span class='ocrx_word' id='word_1_648' title='bbox 492 4699 805 4755; x_wconf 84' lang='grc' dir='ltr'>ἐπιϐάλλων</span> <span class='ocrx_word' id='word_1_649' title='bbox 837 4703 932 4756; x_wconf 82' lang='grc' dir='ltr'>καὶ</span> <span class='ocrx_word' id='word_1_650' title='bbox 975 4703 1204 4773; x_wconf 75' lang='grc' dir='ltr'>βάπτειν</span> <span class='ocrx_word' id='word_1_651' title='bbox 1233 4703 1371 4768; x_wconf 76' lang='grc' dir='ltr'>ὅλως</span> <span class='ocrx_word' id='word_1_652' title='bbox 1423 4704 1498 4776; x_wconf 84' lang='grc' dir='ltr'>μὴ</span> <span class='ocrx_word' id='word_1_653' title='bbox 1536 4704 1926 4775; x_wconf 79' lang='grc' dir='ltr'>ἐξικνούμενος</span> 
     </span>
    </p>
   </div>
   <div class='ocr_carea' id='block_1_95' title="bbox 318 4797 1922 4870">
    <p class='ocr_par' dir='ltr' id='par_1_95' title="bbox 318 4797 1922 4870">
     <span class='ocr_line' id='line_1_95' title="bbox 318 4797 1922 4870; baseline 0.001 -19"><span class='ocrx_word' id='word_1_654' title='bbox 318 4801 404 4862; x_wconf 78' lang='grc' dir='ltr'>εἰς</span> <span class='ocrx_word' id='word_1_655' title='bbox 426 4797 520 4852; x_wconf 85' lang='grc' dir='ltr'><strong>τὸν</strong></span> <span class='ocrx_word' id='word_1_656' title='bbox 549 4797 678 4853; x_wconf 89' lang='grc' dir='ltr'>νοῦν</span> <span class='ocrx_word' id='word_1_657' title='bbox 709 4799 811 4870; x_wconf 86' lang='grc' dir='ltr'><strong>τῆς</strong></span> <span class='ocrx_word' id='word_1_658' title='bbox 843 4799 1131 4868; x_wconf 82' lang='grc' dir='ltr'>συνοδικῆς</span> <span class='ocrx_word' id='word_1_659' title='bbox 1152 4799 1502 4868; x_wconf 83' lang='grc' dir='ltr'>διαγνώσεως</span> <span class='ocrx_word' id='word_1_660' title='bbox 1518 4800 1922 4869; x_wconf 85' lang='grc' dir='ltr'>ἀσυλλογίστως</span> 
     </span>
    </p>
   </div>
   <div class='ocr_carea' id='block_1_96' title="bbox 319 4890 1923 4964">
    <p class='ocr_par' dir='ltr' id='par_1_96' title="bbox 319 4890 1923 4964">
     <span class='ocr_line' id='line_1_96' title="bbox 319 4890 1923 4964; baseline 0 -18"><span class='ocrx_word' id='word_1_661' title='bbox 319 4890 642 4957; x_wconf 80' lang='grc' dir='ltr'>ἐπελάζετο,</span> <span class='ocrx_word' id='word_1_662' title='bbox 675 4892 760 4945; x_wconf 83' lang='grc' dir='ltr'><strong>ὅτι</strong></span> <span class='ocrx_word' id='word_1_663' title='bbox 791 4891 924 4945; x_wconf 90' lang='grc' dir='ltr'>πότε</span> <span class='ocrx_word' id='word_1_664' title='bbox 958 4891 1228 4964; x_wconf 88' lang='grc' dir='ltr'>μνηστεία</span> <span class='ocrx_word' id='word_1_665' title='bbox 1256 4895 1374 4946; x_wconf 75' lang='grc' dir='ltr'>ἐστὶ</span> <span class='ocrx_word' id='word_1_666' title='bbox 1401 4893 1496 4947; x_wconf 77' lang='grc' dir='ltr'>καὶ</span> <span class='ocrx_word' id='word_1_667' title='bbox 1539 4894 1690 4955; x_wconf 85' lang='grc' dir='ltr'>ὅπως</span> <span class='ocrx_word' id='word_1_668' title='bbox 1717 4894 1832 4963; x_wconf 76' lang='grc' dir='ltr'>ἔχει</span> <span class='ocrx_word' id='word_1_669' title='bbox 1861 4893 1923 4946; x_wconf 76' lang='grc' dir='ltr'><strong>τὸ</strong></span> 
     </span>
    </p>
   </div>
   <div class='ocr_carea' id='block_1_97' title="bbox 320 4984 1919 5058">
    <p class='ocr_par' dir='ltr' id='par_1_97' title="bbox 320 4984 1919 5058">
     <span class='ocr_line' id='line_1_97' title="bbox 320 4984 1919 5058; baseline 0.001 -20"><span class='ocrx_word' id='word_1_670' title='bbox 320 4984 566 5051; x_wconf 76' lang='grc' dir='ltr'>ἀσφαλὲς</span> <span class='ocrx_word' id='word_1_671' title='bbox 617 4985 820 5056; x_wconf 84' lang='grc' dir='ltr'>μᾶλλον</span> <span class='ocrx_word' id='word_1_672' title='bbox 876 4986 1143 5058; x_wconf 81' lang='grc' dir='ltr'>ἀκριϐοῦν</span> <span class='ocrx_word' id='word_1_673' title='bbox 1186 4989 1262 5058; x_wconf 84' lang='grc' dir='ltr'>μὴ</span> <span class='ocrx_word' id='word_1_674' title='bbox 1297 4986 1625 5056; x_wconf 83' lang='grc' dir='ltr'>δυνάμενος,</span> <span class='ocrx_word' id='word_1_675' title='bbox 1682 4987 1779 5042; x_wconf 87' lang='grc' dir='ltr'><strong>καί</strong></span> <span class='ocrx_word' id='word_1_676' title='bbox 1813 5004 1919 5040; x_wconf 84' lang='grc' dir='ltr'><strong>που</strong></span> 
     </span>
    </p>
   </div>
   <div class='ocr_carea' id='block_1_98' title="bbox 320 5078 1920 5152">
    <p class='ocr_par' dir='ltr' id='par_1_98' title="bbox 320 5078 1920 5152">
     <span class='ocr_line' id='line_1_98' title="bbox 320 5078 1920 5152; baseline 0.002 -23"><span class='ocrx_word' id='word_1_677' title='bbox 320 5078 465 5147; x_wconf 85' lang='grc' dir='ltr'>τάχα</span> <span class='ocrx_word' id='word_1_678' title='bbox 496 5079 558 5132; x_wconf 79' lang='grc' dir='ltr'>τὸ</span> <span class='ocrx_word' id='word_1_679' title='bbox 589 5078 690 5149; x_wconf 88' lang='grc' dir='ltr'><strong>τῆς</strong></span> <span class='ocrx_word' id='word_1_680' title='bbox 720 5078 859 5144; x_wconf 81' lang='grc' dir='ltr'>ἰδίας</span> <span class='ocrx_word' id='word_1_681' title='bbox 919 5079 1327 5134; x_wconf 85' lang='grc' dir='ltr'>ἀνεπίσκεπτον</span> <span class='ocrx_word' id='word_1_682' title='bbox 1360 5080 1606 5144; x_wconf 85' lang='grc' dir='ltr'>διανοίας</span> <span class='ocrx_word' id='word_1_683' title='bbox 1650 5080 1793 5133; x_wconf 77' lang='grc' dir='ltr'>κατὰ</span> <span class='ocrx_word' id='word_1_684' title='bbox 1820 5081 1920 5152; x_wconf 85' lang='grc' dir='ltr'><strong>τῆς</strong></span> 
     </span>
    </p>
   </div>
   <div class='ocr_carea' id='block_1_99' title="bbox 319 5169 1920 5244">
    <p class='ocr_par' dir='ltr' id='par_1_99' title="bbox 319 5169 1920 5244">
     <span class='ocr_line' id='line_1_99' title="bbox 319 5169 1920 5244; baseline 0.002 -21"><span class='ocrx_word' id='word_1_685' title='bbox 319 5169 792 5242; x_wconf 81' lang='grc' dir='ltr'>ἐκκλησιαστικῆς</span> <span class='ocrx_word' id='word_1_686' title='bbox 839 5173 1192 5244; x_wconf 73' lang='grc' dir='ltr'>ἐπεγράφετο</span> <span class='ocrx_word' id='word_1_687' title='bbox 1235 5173 1546 5243; x_wconf 85' lang='grc' dir='ltr'>ἀκριϐείας.</span> <span class='ocrx_word' id='word_1_688' title='bbox 1607 5173 1673 5227; x_wconf 83' lang='grc' dir='ltr'><strong>Ἦ</strong></span> <span class='ocrx_word' id='word_1_689' title='bbox 1721 5173 1777 5227; x_wconf 82' lang='grc' dir='ltr'><strong>δέ</strong></span> <span class='ocrx_word' id='word_1_690' title='bbox 1821 5173 1920 5244; x_wconf 85' lang='grc' dir='ltr'><strong>τῆς</strong></span> 
     </span>
    </p>
   </div>
   <div class='ocr_carea' id='block_1_100' title="bbox 319 5261 1916 5339">
    <p class='ocr_par' dir='ltr' id='par_1_100' title="bbox 319 5261 1916 5339">
     <span class='ocr_line' id='line_1_100' title="bbox 319 5261 1916 5339; baseline 0.003 -26"><span class='ocrx_word' id='word_1_691' title='bbox 319 5262 600 5332; x_wconf 73' lang='grc' dir='ltr'>ἡμετέρας</span> <span class='ocrx_word' id='word_1_692' title='bbox 651 5261 942 5333; x_wconf 85' lang='grc' dir='ltr'>βασιλείας</span> <span class='ocrx_word' id='word_1_693' title='bbox 972 5265 1230 5320; x_wconf 77' lang='grc' dir='ltr'>εὐσέϐεια</span> <span class='ocrx_word' id='word_1_694' title='bbox 1266 5264 1770 5339; x_wconf 81' lang='grc' dir='ltr'>ἐπιστατικὼτερον</span> <span class='ocrx_word' id='word_1_695' title='bbox 1797 5267 1916 5318; x_wconf 87' lang='grc' dir='ltr'>ἐπι-</span> 
     </span>
    </p>
   </div>
   <div class='ocr_carea' id='block_1_101' title="bbox 317 5353 1919 5430">
    <p class='ocr_par' dir='ltr' id='par_1_101' title="bbox 317 5353 1919 5430">
     <span class='ocr_line' id='line_1_101' title="bbox 317 5353 1919 5430; baseline 0.001 -22"><span class='ocrx_word' id='word_1_696' title='bbox 317 5353 562 5411; x_wconf 84' lang='grc' dir='ltr'>ϐαλοῦσα</span> <span class='ocrx_word' id='word_1_697' title='bbox 588 5359 654 5430; x_wconf 83' lang='grc' dir='ltr'>τῇ</span> <span class='ocrx_word' id='word_1_698' title='bbox 685 5358 966 5429; x_wconf 80' lang='grc' dir='ltr'>διασκέψει</span> <span class='ocrx_word' id='word_1_699' title='bbox 1003 5359 1100 5412; x_wconf 73' lang='grc' dir='ltr'>καὶ</span> <span class='ocrx_word' id='word_1_700' title='bbox 1148 5361 1215 5430; x_wconf 78' lang='grc' dir='ltr'>τῇ</span> <span class='ocrx_word' id='word_1_701' title='bbox 1267 5358 1687 5430; x_wconf 69' lang='grc' dir='ltr'>ἐναντιοφανεία</span> <span class='ocrx_word' id='word_1_702' title='bbox 1735 5357 1919 5423; x_wconf 85' lang='grc' dir='ltr'>καλῶς</span> 
     </span>
    </p>
   </div>
   <div class='ocr_carea' id='block_1_102' title="bbox 315 5449 1916 5523">
    <p class='ocr_par' dir='ltr' id='par_1_102' title="bbox 315 5449 1916 5523">
     <span class='ocr_line' id='line_1_102' title="bbox 315 5449 1916 5523; baseline 0.001 -20"><span class='ocrx_word' id='word_1_703' title='bbox 315 5449 651 5519; x_wconf 72' lang='grc' dir='ltr'>διαιτήσασα</span> <span class='ocrx_word' id='word_1_704' title='bbox 679 5450 914 5522; x_wconf 86' lang='grc' dir='ltr'>ἀρίστην</span> <span class='ocrx_word' id='word_1_705' title='bbox 966 5453 1068 5523; x_wconf 84' lang='grc' dir='ltr'><strong>τὴν</strong></span> <span class='ocrx_word' id='word_1_706' title='bbox 1105 5451 1432 5521; x_wconf 80' lang='grc' dir='ltr'>συμφωνίαν</span> <span class='ocrx_word' id='word_1_707' title='bbox 1455 5451 1546 5506; x_wconf 87' lang='grc' dir='ltr'><strong>διά</strong></span> <span class='ocrx_word' id='word_1_708' title='bbox 1570 5452 1667 5523; x_wconf 87' lang='grc' dir='ltr'><strong>τῆς</strong></span> <span class='ocrx_word' id='word_1_709' title='bbox 1704 5451 1916 5523; x_wconf 89' lang='grc' dir='ltr'>παρού-</span> 
     </span>
    </p>
   </div>
   <div class='ocr_carea' id='block_1_103' title="bbox 317 5537 1918 5619">
    <p class='ocr_par' dir='ltr' id='par_1_103' title="bbox 317 5537 1918 5619">
     <span class='ocr_line' id='line_1_103' title="bbox 317 5537 1918 5619; baseline 0.002 -22"><span class='ocrx_word' id='word_1_710' title='bbox 317 5561 418 5614; x_wconf 79' lang='grc' dir='ltr'><strong>σης</strong></span> <span class='ocrx_word' id='word_1_711' title='bbox 455 5545 783 5615; x_wconf 75' lang='grc' dir='ltr'>νομοθεσίας</span> <span class='ocrx_word' id='word_1_712' title='bbox 814 5545 1134 5617; x_wconf 78' lang='grc' dir='ltr'>ἐξεύρηκεν.</span> <span class='ocrx_word' id='word_1_713' title='bbox 1187 5547 1407 5618; x_wconf 84' lang='grc' dir='ltr'>Ἐπειδὴ</span> <span class='ocrx_word' id='word_1_714' title='bbox 1461 5537 1570 5619; x_wconf 65' lang='grc' dir='ltr'><strong>γάρ</strong></span> <span class='ocrx_word' id='word_1_715' title='bbox 1622 5551 1650 5601; x_wconf 86' lang='grc' dir='ltr'>ὁ</span> <span class='ocrx_word' id='word_1_716' title='bbox 1686 5547 1918 5611; x_wconf 76' lang='grc' dir='ltr'>παλαιὸς</span> 
     </span>
    </p>
   </div>
   <div class='ocr_carea' id='block_1_104' title="bbox 313 5637 1915 5713">
    <p class='ocr_par' dir='ltr' id='par_1_104' title="bbox 313 5637 1915 5713">
     <span class='ocr_line' id='line_1_104' title="bbox 313 5637 1915 5713; baseline 0.001 -23"><span class='ocrx_word' id='word_1_717' title='bbox 313 5638 479 5708; x_wconf 85' lang='grc' dir='ltr'>νόμος</span> <span class='ocrx_word' id='word_1_718' title='bbox 510 5637 610 5708; x_wconf 81' lang='grc' dir='ltr'>τὴν</span> <span class='ocrx_word' id='word_1_719' title='bbox 643 5638 941 5708; x_wconf 87' lang='grc' dir='ltr'>μνηστείαν</span> <span class='ocrx_word' id='word_1_720' title='bbox 966 5640 1025 5694; x_wconf 85' lang='grc' dir='ltr'><strong>ἐν</strong></span> <span class='ocrx_word' id='word_1_721' title='bbox 1051 5639 1188 5713; x_wconf 83' lang='grc' dir='ltr'>μόνῃ</span> <span class='ocrx_word' id='word_1_722' title='bbox 1209 5644 1276 5711; x_wconf 86' lang='grc' dir='ltr'>τῇ</span> <span class='ocrx_word' id='word_1_723' title='bbox 1299 5639 1410 5694; x_wconf 83' lang='grc' dir='ltr'><strong>τῶν</strong></span> <span class='ocrx_word' id='word_1_724' title='bbox 1439 5639 1915 5694; x_wconf 87' lang='grc' dir='ltr'>συναλλαττόντων</span> 
     </span>
    </p>
   </div>
   <div class='ocr_carea' id='block_1_105' title="bbox 312 5725 1915 5800">
    <p class='ocr_par' dir='ltr' id='par_1_105' title="bbox 312 5725 1915 5800">
     <span class='ocr_line' id='line_1_105' title="bbox 312 5725 1915 5800; baseline 0.004 -20"><span class='ocrx_word' id='word_1_725' title='bbox 312 5725 490 5799; x_wconf 80' lang='grc' dir='ltr'>ὁρίζει</span> <span class='ocrx_word' id='word_1_726' title='bbox 527 5728 807 5800; x_wconf 80' lang='grc' dir='ltr'>βουλήσει,</span> <span class='ocrx_word' id='word_1_727' title='bbox 839 5731 937 5784; x_wconf 73' lang='grc' dir='ltr'>καὶ</span> <span class='ocrx_word' id='word_1_728' title='bbox 979 5731 1144 5785; x_wconf 81' lang='grc' dir='ltr'>πλέον</span> <span class='ocrx_word' id='word_1_729' title='bbox 1179 5732 1336 5786; x_wconf 82' lang='grc' dir='ltr'>οὐδὲν</span> <span class='ocrx_word' id='word_1_730' title='bbox 1379 5733 1766 5798; x_wconf 85' lang='grc' dir='ltr'>συναινέσεως,</span> <span class='ocrx_word' id='word_1_731' title='bbox 1819 5731 1915 5786; x_wconf 65' lang='grc' dir='ltr'><strong>καλ⁵</strong></span> 
     </span>
    </p>
   </div>
   <div class='ocr_carea' id='block_1_106' title="bbox 315 5821 1914 5899">
    <p class='ocr_par' dir='ltr' id='par_1_106' title="bbox 315 5821 1914 5899">
     <span class='ocr_line' id='line_1_106' title="bbox 315 5821 1914 5899; baseline 0.001 -22"><span class='ocrx_word' id='word_1_732' title='bbox 315 5821 653 5895; x_wconf 84' lang='grc' dir='ltr'>συμϐολαίου</span> <span class='ocrx_word' id='word_1_733' title='bbox 676 5862 692 5889; x_wconf 91' lang='grc'><strong>,</strong></span> <span class='ocrx_word' id='word_1_734' title='bbox 729 5824 827 5878; x_wconf 73' lang='grc' dir='ltr'><strong>καὶ</strong></span> <span class='ocrx_word' id='word_1_735' title='bbox 860 5826 1154 5898; x_wconf 76' lang='grc' dir='ltr'>μνήστρων</span> <span class='ocrx_word' id='word_1_736' title='bbox 1185 5824 1618 5899; x_wconf 82' lang='grc' dir='ltr'>παρεργάζεται.</span> <span class='ocrx_word' id='word_1_737' title='bbox 1671 5827 1834 5897; x_wconf 82' lang='grc' dir='ltr'>Ἡμῖν</span> <span class='ocrx_word' id='word_1_738' title='bbox 1855 5825 1914 5879; x_wconf 77' lang='grc' dir='ltr'>δὲ</span> 
     </span>
    </p>
   </div>
   <div class='ocr_carea' id='block_1_107' title="bbox 2028 4698 3619 4775">
    <p class='ocr_par' dir='ltr' id='par_1_107' title="bbox 2028 4698 3619 4775">
     <span class='ocr_line' id='line_1_107' title="bbox 2028 4698 3619 4775; baseline -0.005 -15"><span class='ocrx_word' id='word_1_739' title='bbox 2028 4707 2205 4760; x_wconf 89' lang='lat' dir='ltr'><strong>nostri</strong></span> <span class='ocrx_word' id='word_1_740' title='bbox 2241 4704 2617 4775; x_wconf 89' lang='lat' dir='ltr'><strong>imperatoris,</strong></span> <span class='ocrx_word' id='word_1_741' title='bbox 2643 4719 2766 4773; x_wconf 68' lang='lat' dir='ltr'><strong>qua:</strong></span> <span class='ocrx_word' id='word_1_742' title='bbox 2789 4719 2856 4758; x_wconf 91' lang='lat' dir='ltr'><strong>ne</strong></span> <span class='ocrx_word' id='word_1_743' title='bbox 2889 4703 2940 4756; x_wconf 93' lang='lat' dir='ltr'><strong>id</strong></span> <span class='ocrx_word' id='word_1_744' title='bbox 2972 4716 3214 4771; x_wconf 89' lang='lat' dir='ltr'><strong>unquam</strong></span> <span class='ocrx_word' id='word_1_745' title='bbox 3258 4699 3353 4754; x_wconf 86' lang='lat' dir='ltr'><strong>ﬁat</strong></span> <span class='ocrx_word' id='word_1_746' title='bbox 3387 4698 3619 4754; x_wconf 89' lang='lat' dir='ltr'><strong>statuit:</strong></span> 
     </span>
    </p>
   </div>
   <div class='ocr_carea' id='block_1_108' title="bbox 2029 4788 3621 4870">
    <p class='ocr_par' dir='ltr' id='par_1_108' title="bbox 2029 4788 3621 4870">
     <span class='ocr_line' id='line_1_108' title="bbox 2029 4788 3621 4870; baseline -0.004 -19"><span class='ocrx_word' id='word_1_747' title='bbox 2029 4807 2322 4870; x_wconf 86' lang='lat' dir='ltr'><strong>propterea</strong></span> <span class='ocrx_word' id='word_1_748' title='bbox 2358 4797 2506 4868; x_wconf 89' lang='lat' dir='ltr'><strong>quod</strong></span> <span class='ocrx_word' id='word_1_749' title='bbox 2539 4797 2772 4850; x_wconf 82' lang='lat' dir='ltr'><strong>maritus</strong></span> <span class='ocrx_word' id='word_1_750' title='bbox 2793 4804 2848 4850; x_wconf 92' lang='lat' dir='ltr'><strong>et</strong></span> <span class='ocrx_word' id='word_1_751' title='bbox 2874 4809 3013 4848; x_wconf 87' lang='lat' dir='ltr'><strong>uxor</strong></span> <span class='ocrx_word' id='word_1_752' title='bbox 3036 4789 3382 4862; x_wconf 58' lang='lat' dir='ltr'><strong>uniuslessej</strong></span> <span class='ocrx_word' id='word_1_753' title='bbox 3417 4788 3621 4862; x_wconf 78' lang='lat' dir='ltr'><strong>gradus</strong></span> 
     </span>
    </p>
   </div>
   <div class='ocr_carea' id='block_1_109' title="bbox 2025 4884 3620 4961">
    <p class='ocr_par' dir='ltr' id='par_1_109' title="bbox 2025 4884 3620 4961">
     <span class='ocr_line' id='line_1_109' title="bbox 2025 4884 3620 4961; baseline -0.006 -15"><span class='ocrx_word' id='word_1_754' title='bbox 2025 4891 2444 4953; x_wconf 81' lang='lat' dir='ltr'><strong>existimentur,</strong></span> <span class='ocrx_word' id='word_1_755' title='bbox 2464 4897 2518 4943; x_wconf 88' lang='lat' dir='ltr'><strong>et</strong></span> <span class='ocrx_word' id='word_1_756' title='bbox 2540 4885 2930 4961; x_wconf 79' lang='lat' dir='ltr'><strong>[matrimonii]</strong></span> <span class='ocrx_word' id='word_1_757' title='bbox 2965 4891 3284 4941; x_wconf 83' lang='lat' dir='ltr'><strong>contractus</strong></span> <span class='ocrx_word' id='word_1_758' title='bbox 3313 4884 3366 4937; x_wconf 88' lang='lat' dir='ltr'><strong>itt</strong></span> <span class='ocrx_word' id='word_1_759' title='bbox 3402 4889 3620 4936; x_wconf 83' lang='lat' dir='ltr'><strong>sextum</strong></span> 
     </span>
    </p>
   </div>
   <div class='ocr_carea' id='block_1_110' title="bbox 2025 4973 3619 5054">
    <p class='ocr_par' dir='ltr' id='par_1_110' title="bbox 2025 4973 3619 5054">
     <span class='ocr_line' id='line_1_110' title="bbox 2025 4973 3619 5054; baseline -0.006 -17"><span class='ocrx_word' id='word_1_760' title='bbox 2025 4982 2309 5039; x_wconf 81' lang='lat' dir='ltr'><strong>aﬂinitatis</strong></span> <span class='ocrx_word' id='word_1_761' title='bbox 2356 4982 2582 5054; x_wconf 84' lang='lat' dir='ltr'><strong>gradum</strong></span> <span class='ocrx_word' id='word_1_762' title='bbox 2616 4982 2882 5035; x_wconf 89' lang='lat' dir='ltr'><strong>incurrat.</strong></span> <span class='ocrx_word' id='word_1_763' title='bbox 2928 4976 3132 5032; x_wconf 83' lang='lat' dir='ltr'><strong>Verum</strong></span> <span class='ocrx_word' id='word_1_764' title='bbox 3150 4976 3278 5047; x_wconf 84' lang='lat' dir='ltr'><strong>quia</strong></span> <span class='ocrx_word' id='word_1_765' title='bbox 3310 4973 3619 5045; x_wconf 67' lang='lat' dir='ltr'><strong>haecjussio</strong></span> 
     </span>
    </p>
   </div>
   <div class='ocr_carea' id='block_1_111' title="bbox 2025 5068 3622 5145">
    <p class='ocr_par' dir='ltr' id='par_1_111' title="bbox 2025 5068 3622 5145">
     <span class='ocr_line' id='line_1_111' title="bbox 2025 5068 3622 5145; baseline -0.005 -15"><span class='ocrx_word' id='word_1_766' title='bbox 2025 5075 2082 5130; x_wconf 90' lang='lat' dir='ltr'><strong>in</strong></span> <span class='ocrx_word' id='word_1_767' title='bbox 2122 5083 2528 5145; x_wconf 91' lang='lat' dir='ltr'><strong>competentcnt</strong></span> <span class='ocrx_word' id='word_1_768' title='bbox 2583 5074 2783 5128; x_wconf 90' lang='lat' dir='ltr'><strong>librum</strong></span> <span class='ocrx_word' id='word_1_769' title='bbox 2823 5071 2992 5126; x_wconf 89' lang='lat' dir='ltr'><strong>relata</strong></span> <span class='ocrx_word' id='word_1_770' title='bbox 3022 5086 3132 5126; x_wconf 88' lang='lat' dir='ltr'><strong>non</strong></span> <span class='ocrx_word' id='word_1_771' title='bbox 3158 5077 3263 5135; x_wconf 90' lang='lat' dir='ltr'><strong>est,</strong></span> <span class='ocrx_word' id='word_1_772' title='bbox 3303 5084 3411 5124; x_wconf 92' lang='lat' dir='ltr'><strong>non</strong></span> <span class='ocrx_word' id='word_1_773' title='bbox 3446 5068 3622 5122; x_wconf 83' lang='lat' dir='ltr'><strong>habeo</strong></span> 
     </span>
    </p>
   </div>
   <div class='ocr_carea' id='block_1_112' title="bbox 2022 5162 3613 5242">
    <p class='ocr_par' dir='ltr' id='par_1_112' title="bbox 2022 5162 3613 5242">
     <span class='ocr_line' id='line_1_112' title="bbox 2022 5162 3613 5242; baseline -0.008 -15"><span class='ocrx_word' id='word_1_774' title='bbox 2022 5170 2278 5242; x_wconf 84' lang='lat' dir='ltr'><strong>equidem</strong></span> <span class='ocrx_word' id='word_1_775' title='bbox 2311 5170 2458 5241; x_wconf 87' lang='lat' dir='ltr'><strong>quod</strong></span> <span class='ocrx_word' id='word_1_776' title='bbox 2509 5168 2748 5239; x_wconf 88' lang='lat' dir='ltr'><strong>amplius</strong></span> <span class='ocrx_word' id='word_1_777' title='bbox 2788 5167 3050 5223; x_wconf 90' lang='lat' dir='ltr'><strong>scribam.</strong></span> <span class='ocrx_word' id='word_1_778' title='bbox 3087 5162 3332 5220; x_wconf 79' lang='lat' dir='ltr'><strong>Ecclesia</strong></span> <span class='ocrx_word' id='word_1_779' title='bbox 3391 5162 3613 5217; x_wconf 88' lang='lat' dir='ltr'><strong>interim</strong></span> 
     </span>
    </p>
   </div>
   <div class='ocr_carea' id='block_1_113' title="bbox 2023 5257 3622 5334">
    <p class='ocr_par' dir='ltr' id='par_1_113' title="bbox 2023 5257 3622 5334">
     <span class='ocr_line' id='line_1_113' title="bbox 2023 5257 3622 5334; baseline -0.008 -12"><span class='ocrx_word' id='word_1_780' title='bbox 2023 5265 2335 5323; x_wconf 80' lang='lat' dir='ltr'><strong>istiusmodi</strong></span> <span class='ocrx_word' id='word_1_781' title='bbox 2362 5264 2778 5320; x_wconf 90' lang='lat' dir='ltr'><strong>matrimonium</strong></span> <span class='ocrx_word' id='word_1_782' title='bbox 2798 5261 3077 5334; x_wconf 87' lang='lat' dir='ltr'><strong>prohibet.</strong></span> <span class='ocrx_word' id='word_1_783' title='bbox 3107 5259 3280 5332; x_wconf 86' lang='lat' dir='ltr'><strong>Legas</strong></span> <span class='ocrx_word' id='word_1_784' title='bbox 3305 5273 3434 5314; x_wconf 84' lang='lat' dir='ltr'><strong>vero</strong></span> <span class='ocrx_word' id='word_1_785' title='bbox 3455 5257 3622 5312; x_wconf 89' lang='lat' dir='ltr'><strong>ctiam</strong></span> 
     </span>
    </p>
   </div>
   <div class='ocr_carea' id='block_1_114' title="bbox 2022 5348 3617 5430">
    <p class='ocr_par' dir='ltr' id='par_1_114' title="bbox 2022 5348 3617 5430">
     <span class='ocr_line' id='line_1_114' title="bbox 2022 5348 3617 5430; baseline -0.008 -15"><span class='ocrx_word' id='word_1_786' title='bbox 2022 5360 2430 5429; x_wconf 78' lang='lat' dir='ltr'><strong>sexagesimum</strong></span> <span class='ocrx_word' id='word_1_787' title='bbox 2471 5359 2768 5430; x_wconf 90' lang='lat' dir='ltr'><strong>septimum</strong></span> <span class='ocrx_word' id='word_1_788' title='bbox 2826 5371 3096 5412; x_wconf 87' lang='lat' dir='ltr'><strong>canonetn</strong></span> <span class='ocrx_word' id='word_1_789' title='bbox 3147 5353 3329 5409; x_wconf 76' lang='lat' dir='ltr'><strong>sant-ti</strong></span> <span class='ocrx_word' id='word_1_790' title='bbox 3400 5348 3617 5410; x_wconf 85' lang='lat' dir='ltr'><strong>Basilii.</strong></span> 
     </span>
    </p>
   </div>
   <div class='ocr_carea' id='block_1_115' title="bbox 2021 5441 3622 5521">
    <p class='ocr_par' dir='ltr' id='par_1_115' title="bbox 2021 5441 3622 5521">
     <span class='ocr_line' id='line_1_115' title="bbox 2021 5441 3622 5521; baseline -0.004 -19"><span class='ocrx_word' id='word_1_791' title='bbox 2021 5465 2256 5521; x_wconf 67' lang='lat' dir='ltr'><strong>quaeque</strong></span> <span class='ocrx_word' id='word_1_792' title='bbox 2291 5448 2345 5503; x_wconf 89' lang='lat' dir='ltr'><strong>itt</strong></span> <span class='ocrx_word' id='word_1_793' title='bbox 2391 5449 2538 5504; x_wconf 86' lang='lat' dir='ltr'><strong>illius</strong></span> <span class='ocrx_word' id='word_1_794' title='bbox 2573 5447 3030 5520; x_wconf 87' lang='lat' dir='ltr'><strong>interpretatione</strong></span> <span class='ocrx_word' id='word_1_795' title='bbox 3087 5445 3290 5514; x_wconf 86' lang='lat' dir='ltr'><strong>scripta</strong></span> <span class='ocrx_word' id='word_1_796' title='bbox 3355 5452 3502 5498; x_wconf 89' lang='lat' dir='ltr'><strong>sunt.</strong></span> <span class='ocrx_word' id='word_1_797' title='bbox 3538 5441 3622 5496; x_wconf 76' lang='lat' dir='ltr'><strong>Ad</strong></span> 
     </span>
    </p>
   </div>
   <div class='ocr_carea' id='block_1_116' title="bbox 2023 5532 3621 5611">
    <p class='ocr_par' dir='ltr' id='par_1_116' title="bbox 2023 5532 3621 5611">
     <span class='ocr_line' id='line_1_116' title="bbox 2023 5532 3621 5611; baseline -0.004 -17"><span class='ocrx_word' id='word_1_798' title='bbox 2023 5541 2140 5596; x_wconf 59' lang='lat' dir='ltr'><strong>haec</strong></span> <span class='ocrx_word' id='word_1_799' title='bbox 2192 5541 2338 5595; x_wconf 89' lang='lat' dir='ltr'><strong>scias</strong></span> <span class='ocrx_word' id='word_1_800' title='bbox 2369 5543 2670 5611; x_wconf 75' lang='lat' dir='ltr'><strong>quodcum</strong></span> <span class='ocrx_word' id='word_1_801' title='bbox 2724 5551 2852 5595; x_wconf 90' lang='lat' dir='ltr'><strong>ante</strong></span> <span class='ocrx_word' id='word_1_802' title='bbox 2892 5537 3180 5609; x_wconf 89' lang='lat' dir='ltr'><strong>imperium</strong></span> <span class='ocrx_word' id='word_1_803' title='bbox 3212 5549 3430 5604; x_wconf 88' lang='lat' dir='ltr'><strong>semper</strong></span> <span class='ocrx_word' id='word_1_804' title='bbox 3475 5532 3621 5587; x_wconf 87' lang='lat' dir='ltr'><strong>cele-</strong></span> 
     </span>
    </p>
   </div>
   <div class='ocr_carea' id='block_1_117' title="bbox 2019 5627 3620 5704">
    <p class='ocr_par' dir='ltr' id='par_1_117' title="bbox 2019 5627 3620 5704">
     <span class='ocr_line' id='line_1_117' title="bbox 2019 5627 3620 5704; baseline -0.006 -16"><span class='ocrx_word' id='word_1_805' title='bbox 2019 5633 2216 5688; x_wconf 83' lang='lat' dir='ltr'><strong>brandi</strong></span> <span class='ocrx_word' id='word_1_806' title='bbox 2251 5633 2604 5704; x_wconf 84' lang='lat' dir='ltr'><strong>imperatoris</strong></span> <span class='ocrx_word' id='word_1_807' title='bbox 2658 5631 2848 5687; x_wconf 85' lang='lat' dir='ltr'><strong>domui</strong></span> <span class='ocrx_word' id='word_1_808' title='bbox 2901 5631 3078 5686; x_wconf 81' lang='lat' dir='ltr'><strong>Alexii</strong></span> <span class='ocrx_word' id='word_1_809' title='bbox 3123 5627 3394 5684; x_wconf 79' lang='lat' dir='ltr'><strong>Contncni</strong></span> <span class='ocrx_word' id='word_1_810' title='bbox 3459 5627 3620 5681; x_wconf 83' lang='lat' dir='ltr'><strong>aliter</strong></span> 
     </span>
    </p>
   </div>
   <div class='ocr_carea' id='block_1_118' title="bbox 2020 5719 3613 5799">
    <p class='ocr_par' dir='ltr' id='par_1_118' title="bbox 2020 5719 3613 5799">
     <span class='ocr_line' id='line_1_118' title="bbox 2020 5719 3613 5799; baseline -0.005 -15"><span class='ocrx_word' id='word_1_811' title='bbox 2020 5729 2136 5784; x_wconf 83' lang='lat' dir='ltr'><strong>ﬁeri</strong></span> <span class='ocrx_word' id='word_1_812' title='bbox 2172 5729 2460 5798; x_wconf 80' lang='lat' dir='ltr'><strong>sponsalia</strong></span> <span class='ocrx_word' id='word_1_813' title='bbox 2518 5725 2784 5799; x_wconf 86' lang='lat' dir='ltr'><strong>[solerent</strong></span> <span class='ocrx_word' id='word_1_814' title='bbox 2804 5723 2846 5796; x_wconf 73' lang='grc' dir='ltr'>ι]</span> <span class='ocrx_word' id='word_1_815' title='bbox 2888 5738 3079 5778; x_wconf 89' lang='lat' dir='ltr'><strong>mense</strong></span> <span class='ocrx_word' id='word_1_816' title='bbox 3103 5721 3250 5776; x_wconf 84' lang='lat' dir='ltr'><strong>Julio</strong></span> <span class='ocrx_word' id='word_1_817' title='bbox 3293 5719 3613 5776; x_wconf 90' lang='lat' dir='ltr'><strong>indictionis</strong></span> 
     </span>
    </p>
   </div>
   <div class='ocr_carea' id='block_1_119' title="bbox 2018 5815 3614 5895">
    <p class='ocr_par' dir='ltr' id='par_1_119' title="bbox 2018 5815 3614 5895">
     <span class='ocr_line' id='line_1_119' title="bbox 2018 5815 3614 5895; baseline -0.006 -15"><span class='ocrx_word' id='word_1_818' title='bbox 2018 5824 2266 5895; x_wconf 74' lang='lat' dir='ltr'><strong>septima:</strong></span> <span class='ocrx_word' id='word_1_819' title='bbox 2316 5822 2446 5877; x_wconf 89' lang='lat' dir='ltr'><strong>anni</strong></span> <span class='ocrx_word' id='word_1_820' title='bbox 2507 5819 2603 5894; x_wconf 89' lang='lat' dir='ltr'><strong>[ab</strong></span> <span class='ocrx_word' id='word_1_821' title='bbox 2645 5821 2780 5876; x_wconf 90' lang='lat' dir='ltr'><strong>orbe</strong></span> <span class='ocrx_word' id='word_1_822' title='bbox 2823 5817 3073 5892; x_wconf 88' lang='lat' dir='ltr'><strong>condito]</strong></span> <span class='ocrx_word' id='word_1_823' title='bbox 3113 5817 3256 5872; x_wconf 71' lang='lat'><strong>6592</strong></span> <span class='ocrx_word' id='word_1_824' title='bbox 3299 5815 3505 5872; x_wconf 86' lang='lat' dir='ltr'><strong>emissa</strong></span> <span class='ocrx_word' id='word_1_825' title='bbox 3539 5815 3614 5870; x_wconf 91' lang='lat' dir='ltr'><strong>sit</strong></span> 
     </span>
    </p>
   </div>
   <div class='ocr_carea' id='block_1_120' title="bbox 314 5903 1929 5994">
    <p class='ocr_par' dir='ltr' id='par_1_120' title="bbox 314 5915 1913 5994">
     <span class='ocr_line' id='line_1_120' title="bbox 314 5915 1913 5994; baseline 0.004 -25"><span class='ocrx_word' id='word_1_826' title='bbox 314 5916 499 5988; x_wconf 81' lang='grc' dir='ltr'>χάριτι</span> <span class='ocrx_word' id='word_1_827' title='bbox 529 5915 668 5972; x_wconf 80' lang='grc' dir='ltr'>Θεοῦ</span> <span class='ocrx_word' id='word_1_828' title='bbox 708 5918 846 5990; x_wconf 71' lang='grc' dir='ltr'>πρὸς</span> <span class='ocrx_word' id='word_1_829' title='bbox 870 5921 1254 5993; x_wconf 83' lang='grc' dir='ltr'>κοσμιωτέραν</span> <span class='ocrx_word' id='word_1_830' title='bbox 1279 5919 1460 5994; x_wconf 82' lang='grc' dir='ltr'>πολλῷ</span> <span class='ocrx_word' id='word_1_831' title='bbox 1497 5920 1588 5977; x_wconf 71' lang='grc' dir='ltr'><strong>καὶ</strong></span> <span class='ocrx_word' id='word_1_832' title='bbox 1612 5918 1913 5993; x_wconf 83' lang='grc' dir='ltr'>ἱερωτέραν</span> 
     </span>
    </p>
   </div>
   <div class='ocr_carea' id='block_1_121' title="bbox 2036 5903 3602 5994">
    <p class='ocr_par' dir='ltr' id='par_1_121' title="bbox 2036 5903 3602 5988">
     <span class='ocr_line' id='line_1_121' title="bbox 2036 5903 3602 5988; baseline -0.007 -18"><span class='ocrx_word' id='word_1_833' title='bbox 2036 5914 2266 5988; x_wconf 77' lang='lat' dir='ltr'><strong>~jusdem</strong></span> <span class='ocrx_word' id='word_1_834' title='bbox 2301 5913 2649 5985; x_wconf 85' lang='lat' dir='ltr'><strong>imperatoris</strong></span> <span class='ocrx_word' id='word_1_835' title='bbox 2699 5911 2912 5969; x_wconf 80' lang='lat' dir='ltr'><strong>novella</strong></span> <span class='ocrx_word' id='word_1_836' title='bbox 2942 5910 3028 5966; x_wconf 77' lang='lat' dir='ltr'><strong>lex</strong></span> <span class='ocrx_word' id='word_1_837' title='bbox 3064 5924 3187 5981; x_wconf 71' lang='lat' dir='ltr'><strong>qua:</strong></span> <span class='ocrx_word' id='word_1_838' title='bbox 3221 5906 3372 5966; x_wconf 88' lang='lat' dir='ltr'><strong>hunc</strong></span> <span class='ocrx_word' id='word_1_839' title='bbox 3400 5903 3454 5961; x_wconf 89' lang='lat' dir='ltr'><strong>itt</strong></span> <span class='ocrx_word' id='word_1_840' title='bbox 3483 5919 3602 5960; x_wconf 89' lang='lat' dir='ltr'><strong>mo-</strong></span> 
     </span>
    </p>
   </div>
  </div>
