  <div class='ocr_page' id='page_1' title='image "/cluster/home/n/w/nwhite01/storage/ocr_20150623/104:no.4/coo.31924054870088/599.png"; bbox 0 0 4142 6430; ppageno 0'>
   <div class='ocr_carea' id='block_1_1' title="bbox 544 365 681 430">
    <p class='ocr_par' dir='ltr' id='par_1_1' title="bbox 544 365 681 430">
     <span class='ocr_line' id='line_1_1' title="bbox 544 365 681 430; baseline 0.007 -1"><span class='ocrx_word' id='word_1_1' title='bbox 544 365 681 430; x_wconf 78' lang='lat'><strong>1179</strong></span> 
     </span>
    </p>
   </div>
   <div class='ocr_carea' id='block_1_2' title="bbox 1755 368 2722 433">
    <p class='ocr_par' dir='ltr' id='par_1_2' title="bbox 1755 368 2722 433">
     <span class='ocr_line' id='line_1_2' title="bbox 1755 368 2722 433; baseline 0.004 -4"><span class='ocrx_word' id='word_1_2' title='bbox 1755 368 2017 429; x_wconf 84' lang='lat' dir='ltr'>PHOTII</span> <span class='ocrx_word' id='word_1_3' title='bbox 2060 369 2575 432; x_wconf 57' lang='lat' dir='ltr'><strong>PATRIARCIL’E</strong></span> <span class='ocrx_word' id='word_1_4' title='bbox 2615 374 2722 433; x_wconf 71' lang='grc' dir='ltr'><strong>(ΞΡ.</strong></span> 
     </span>
    </p>
   </div>
   <div class='ocr_carea' id='block_1_3' title="bbox 3707 378 3842 442">
    <p class='ocr_par' dir='ltr' id='par_1_3' title="bbox 3707 378 3842 442">
     <span class='ocr_line' id='line_1_3' title="bbox 3707 378 3842 442; baseline -0.015 0"><span class='ocrx_word' id='word_1_5' title='bbox 3707 378 3842 442; x_wconf 63' lang='grc'><strong>1136</strong></span> 
     </span>
    </p>
   </div>
   <div class='ocr_carea' id='block_1_4' title="bbox 539 479 2144 563">
    <p class='ocr_par' dir='ltr' id='par_1_4' title="bbox 539 479 2137 553">
     <span class='ocr_line' id='line_1_4' title="bbox 539 479 2137 553; baseline 0.001 -17"><span class='ocrx_word' id='word_1_6' title='bbox 539 484 669 537; x_wconf 87' lang='lat' dir='ltr'><strong>dum</strong></span> <span class='ocrx_word' id='word_1_7' title='bbox 723 480 932 536; x_wconf 78' lang='lat' dir='ltr'><strong>habet:</strong></span> <span class='ocrx_word' id='word_1_8' title='bbox 981 479 1333 552; x_wconf 81' lang='lat' dir='ltr'><strong>Sponsalinm</strong></span> <span class='ocrx_word' id='word_1_9' title='bbox 1389 482 1817 553; x_wconf 83' lang='lat' dir='ltr'><strong>nuptiarumque</strong></span> <span class='ocrx_word' id='word_1_10' title='bbox 1873 483 2137 537; x_wconf 87' lang='lat' dir='ltr'><strong>terminos</strong></span> 
     </span>
    </p>
   </div>
   <div class='ocr_carea' id='block_1_5' title="bbox 2251 479 3841 563">
    <p class='ocr_par' dir='ltr' id='par_1_5' title="bbox 2251 484 3841 563">
     <span class='ocr_line' id='line_1_5' title="bbox 2251 484 3841 563; baseline 0.005 -29"><span class='ocrx_word' id='word_1_11' title='bbox 2251 484 2494 538; x_wconf 59' lang='grc' dir='ltr'>ἐπίδοσιν</span> <span class='ocrx_word' id='word_1_12' title='bbox 2525 485 2593 538; x_wconf 75' lang='grc' dir='ltr'>τὰ</span> <span class='ocrx_word' id='word_1_13' title='bbox 2622 485 2718 539; x_wconf 76' lang='grc' dir='ltr'>τοῦ</span> <span class='ocrx_word' id='word_1_14' title='bbox 2748 485 2866 556; x_wconf 83' lang='grc' dir='ltr'>βίου</span> <span class='ocrx_word' id='word_1_15' title='bbox 2908 489 3314 562; x_wconf 80' lang='grc' dir='ltr'>περεληλύθασι</span> <span class='ocrx_word' id='word_1_16' title='bbox 3357 491 3685 563; x_wconf 71' lang='grc' dir='ltr'>πράγματα,</span> <span class='ocrx_word' id='word_1_17' title='bbox 3715 494 3841 543; x_wconf 77' lang='grc' dir='ltr'>κὲιν-</span> 
     </span>
    </p>
   </div>
   <div class='ocr_carea' id='block_1_6' title="bbox 539 576 2138 648">
    <p class='ocr_par' dir='ltr' id='par_1_6' title="bbox 539 576 2138 648">
     <span class='ocr_line' id='line_1_6' title="bbox 539 576 2138 648; baseline 0.001 -17"><span class='ocrx_word' id='word_1_18' title='bbox 539 585 751 632; x_wconf 70' lang='lat' dir='ltr'><strong>vetu.~&#39;ta</strong></span> <span class='ocrx_word' id='word_1_19' title='bbox 769 577 1184 645; x_wconf 85' lang='lat' dir='ltr'><strong>superiorisqne</strong></span> <span class='ocrx_word' id='word_1_20' title='bbox 1213 579 1391 633; x_wconf 62' lang='lat' dir='ltr'><strong>aetatis</strong></span> <span class='ocrx_word' id='word_1_21' title='bbox 1412 577 1682 648; x_wconf 79' lang='lat' dir='ltr'><strong>legislatio</strong></span> <span class='ocrx_word' id='word_1_22' title='bbox 1719 592 1928 647; x_wconf 93' lang='lat' dir='ltr'><strong>susquc</strong></span> <span class='ocrx_word' id='word_1_23' title='bbox 1958 576 2138 646; x_wconf 86' lang='lat' dir='ltr'><strong>deque</strong></span> 
     </span>
    </p>
   </div>
   <div class='ocr_carea' id='block_1_7' title="bbox 539 667 2140 741">
    <p class='ocr_par' dir='ltr' id='par_1_7' title="bbox 539 667 2140 741">
     <span class='ocr_line' id='line_1_7' title="bbox 539 667 2140 741; baseline 0 -16"><span class='ocrx_word' id='word_1_24' title='bbox 539 671 753 726; x_wconf 83' lang='lat' dir='ltr'><strong>habuit.</strong></span> <span class='ocrx_word' id='word_1_25' title='bbox 811 667 1016 724; x_wconf 89' lang='lat' dir='ltr'><strong>Eorum</strong></span> <span class='ocrx_word' id='word_1_26' title='bbox 1093 682 1278 724; x_wconf 81' lang='lat' dir='ltr'><strong>autem</strong></span> <span class='ocrx_word' id='word_1_27' title='bbox 1332 670 1630 726; x_wconf 75' lang='lat' dir='ltr'><strong>efﬁcientes</strong></span> <span class='ocrx_word' id='word_1_28' title='bbox 1711 685 1912 725; x_wconf 80' lang='lat' dir='ltr'><strong>causas</strong></span> <span class='ocrx_word' id='word_1_29' title='bbox 1964 670 2140 741; x_wconf 78' lang='lat' dir='ltr'><strong>magis</strong></span> 
     </span>
    </p>
   </div>
   <div class='ocr_carea' id='block_1_8' title="bbox 539 761 2140 835">
    <p class='ocr_par' dir='ltr' id='par_1_8' title="bbox 539 761 2140 835">
     <span class='ocr_line' id='line_1_8' title="bbox 539 761 2140 835; baseline 0.002 -21"><span class='ocrx_word' id='word_1_30' title='bbox 539 778 705 834; x_wconf 85' lang='lat' dir='ltr'><strong>quam</strong></span> <span class='ocrx_word' id='word_1_31' title='bbox 732 761 1009 834; x_wconf 84' lang='lat' dir='ltr'><strong>Mysorum</strong></span> <span class='ocrx_word' id='word_1_32' title='bbox 1045 772 1100 816; x_wconf 87' lang='lat' dir='ltr'><strong>ct</strong></span> <span class='ocrx_word' id='word_1_33' title='bbox 1148 761 1427 834; x_wconf 79' lang='lat' dir='ltr'><strong>Phrygum</strong></span> <span class='ocrx_word' id='word_1_34' title='bbox 1456 763 1751 835; x_wconf 92' lang='lat' dir='ltr'><strong>[terminos</strong></span> <span class='ocrx_word' id='word_1_35' title='bbox 1781 761 1864 834; x_wconf 90' lang='lat' dir='ltr'><strong>ut]</strong></span> <span class='ocrx_word' id='word_1_36' title='bbox 1915 778 2140 833; x_wconf 91' lang='lat' dir='ltr'><strong>prover-</strong></span> 
     </span>
    </p>
   </div>
   <div class='ocr_carea' id='block_1_9' title="bbox 536 854 2141 926">
    <p class='ocr_par' dir='ltr' id='par_1_9' title="bbox 536 854 2141 926">
     <span class='ocr_line' id='line_1_9' title="bbox 536 854 2141 926; baseline 0 -16"><span class='ocrx_word' id='word_1_37' title='bbox 536 856 690 910; x_wconf 88' lang='lat' dir='ltr'><strong>bium</strong></span> <span class='ocrx_word' id='word_1_38' title='bbox 718 854 928 926; x_wconf 89' lang='lat' dir='ltr'><strong>[hahet]</strong></span> <span class='ocrx_word' id='word_1_39' title='bbox 965 855 1246 910; x_wconf 88' lang='lat' dir='ltr'><strong>indicavit.</strong></span> <span class='ocrx_word' id='word_1_40' title='bbox 1281 854 1485 911; x_wconf 78' lang='lat' dir='ltr'><strong>Verum</strong></span> <span class='ocrx_word' id='word_1_41' title='bbox 1526 857 1618 926; x_wconf 90' lang='lat' dir='ltr'><strong>qui</strong></span> <span class='ocrx_word' id='word_1_42' title='bbox 1655 857 1758 911; x_wconf 90' lang='lat' dir='ltr'><strong>sub</strong></span> <span class='ocrx_word' id='word_1_43' title='bbox 1804 855 1981 911; x_wconf 81' lang='lat' dir='ltr'><strong>felicis</strong></span> <span class='ocrx_word' id='word_1_44' title='bbox 2026 873 2141 910; x_wconf 88' lang='lat' dir='ltr'><strong>me-</strong></span> 
     </span>
    </p>
   </div>
   <div class='ocr_carea' id='block_1_10' title="bbox 538 945 2139 1021">
    <p class='ocr_par' dir='ltr' id='par_1_10' title="bbox 538 945 2139 1021">
     <span class='ocr_line' id='line_1_10' title="bbox 538 945 2139 1021; baseline 0.002 -22"><span class='ocrx_word' id='word_1_45' title='bbox 538 947 731 1000; x_wconf 64' lang='lat' dir='ltr'><strong>moriae</strong></span> <span class='ocrx_word' id='word_1_46' title='bbox 764 946 1076 1016; x_wconf 86' lang='lat' dir='ltr'><strong>patriarcha</strong></span> <span class='ocrx_word' id='word_1_47' title='bbox 1109 945 1315 1001; x_wconf 92' lang='lat' dir='ltr'><strong>domno</strong></span> <span class='ocrx_word' id='word_1_48' title='bbox 1358 947 1573 1002; x_wconf 79' lang='lat' dir='ltr'><strong>Joanne</strong></span> <span class='ocrx_word' id='word_1_49' title='bbox 1619 947 1904 1019; x_wconf 72' lang='lat' dir='ltr'><strong>Xipbilino</strong></span> <span class='ocrx_word' id='word_1_50' title='bbox 1946 947 2139 1021; x_wconf 83' lang='lat' dir='ltr'><strong>synodi</strong></span> 
     </span>
    </p>
   </div>
   <div class='ocr_carea' id='block_1_11' title="bbox 539 1037 2143 1112">
    <p class='ocr_par' dir='ltr' id='par_1_11' title="bbox 539 1037 2143 1112">
     <span class='ocr_line' id='line_1_11' title="bbox 539 1037 2143 1112; baseline 0.002 -21"><span class='ocrx_word' id='word_1_51' title='bbox 539 1053 706 1108; x_wconf 81' lang='lat' dir='ltr'><strong>opera</strong></span> <span class='ocrx_word' id='word_1_52' title='bbox 742 1037 1027 1094; x_wconf 77' lang='lat' dir='ltr'><strong>confectus</strong></span> <span class='ocrx_word' id='word_1_53' title='bbox 1062 1047 1146 1093; x_wconf 89' lang='lat' dir='ltr'><strong>est</strong></span> <span class='ocrx_word' id='word_1_54' title='bbox 1174 1043 1635 1108; x_wconf 88' lang='lat' dir='ltr'><strong>commentarius,</strong></span> <span class='ocrx_word' id='word_1_55' title='bbox 1681 1042 1770 1097; x_wconf 92' lang='lat' dir='ltr'><strong>cui</strong></span> <span class='ocrx_word' id='word_1_56' title='bbox 1824 1043 1989 1097; x_wconf 89' lang='lat' dir='ltr'><strong>etiam</strong></span> <span class='ocrx_word' id='word_1_57' title='bbox 2019 1058 2143 1112; x_wconf 84' lang='lat' dir='ltr'><strong>pcr-</strong></span> 
     </span>
    </p>
   </div>
   <div class='ocr_carea' id='block_1_12' title="bbox 540 1130 2144 1203">
    <p class='ocr_par' dir='ltr' id='par_1_12' title="bbox 540 1130 2144 1203">
     <span class='ocr_line' id='line_1_12' title="bbox 540 1130 2144 1203; baseline 0.006 -20"><span class='ocrx_word' id='word_1_58' title='bbox 540 1130 866 1201; x_wconf 87' lang='lat' dir='ltr'><strong>petuointer</strong></span> <span class='ocrx_word' id='word_1_59' title='bbox 890 1133 1250 1203; x_wconf 87' lang='lat' dir='ltr'><strong>imperatores</strong></span> <span class='ocrx_word' id='word_1_60' title='bbox 1272 1135 1662 1190; x_wconf 87' lang='lat' dir='ltr'><strong>celebrandum</strong></span> <span class='ocrx_word' id='word_1_61' title='bbox 1699 1136 1963 1190; x_wconf 87' lang='lat' dir='ltr'><strong>domuum</strong></span> <span class='ocrx_word' id='word_1_62' title='bbox 1991 1135 2144 1193; x_wconf 79' lang='lat' dir='ltr'><strong>Nice-</strong></span> 
     </span>
    </p>
   </div>
   <div class='ocr_carea' id='block_1_13' title="bbox 541 1219 2139 1298">
    <p class='ocr_par' dir='ltr' id='par_1_13' title="bbox 541 1219 2139 1298">
     <span class='ocr_line' id='line_1_13' title="bbox 541 1219 2139 1298; baseline 0.006 -25"><span class='ocrx_word' id='word_1_63' title='bbox 541 1220 777 1291; x_wconf 89' lang='lat' dir='ltr'><strong>phorum</strong></span> <span class='ocrx_word' id='word_1_64' title='bbox 798 1219 1140 1277; x_wconf 86' lang='lat' dir='ltr'><strong>Botaniatam</strong></span> <span class='ocrx_word' id='word_1_65' title='bbox 1160 1239 1258 1294; x_wconf 88' lang='lat' dir='ltr'><strong>per</strong></span> <span class='ocrx_word' id='word_1_66' title='bbox 1291 1240 1471 1280; x_wconf 73' lang='lat' dir='ltr'><strong>aurea:</strong></span> <span class='ocrx_word' id='word_1_67' title='bbox 1487 1225 1654 1280; x_wconf 69' lang='lat' dir='ltr'><strong>bulla:</strong></span> <span class='ocrx_word' id='word_1_68' title='bbox 1689 1229 2021 1298; x_wconf 86' lang='lat' dir='ltr'><strong>scripturam</strong></span> <span class='ocrx_word' id='word_1_69' title='bbox 2039 1244 2139 1282; x_wconf 85' lang='lat' dir='ltr'><strong>au-</strong></span> 
     </span>
    </p>
   </div>
   <div class='ocr_carea' id='block_1_14' title="bbox 541 1313 2139 1390">
    <p class='ocr_par' dir='ltr' id='par_1_14' title="bbox 541 1313 2139 1390">
     <span class='ocr_line' id='line_1_14' title="bbox 541 1313 2139 1390; baseline 0.005 -23"><span class='ocrx_word' id='word_1_70' title='bbox 541 1313 858 1369; x_wconf 88' lang='lat' dir='ltr'><strong>ctoritatem</strong></span> <span class='ocrx_word' id='word_1_71' title='bbox 881 1315 1138 1386; x_wconf 80' lang='lat' dir='ltr'><strong>largitum</strong></span> <span class='ocrx_word' id='word_1_72' title='bbox 1153 1332 1276 1373; x_wconf 88' lang='lat' dir='ltr'><strong>esse</strong></span> <span class='ocrx_word' id='word_1_73' title='bbox 1290 1328 1632 1389; x_wconf 90' lang='lat' dir='ltr'><strong>compertum</strong></span> <span class='ocrx_word' id='word_1_74' title='bbox 1649 1331 1752 1384; x_wconf 86' lang='lat' dir='ltr'><strong>est,</strong></span> <span class='ocrx_word' id='word_1_75' title='bbox 1768 1335 1890 1390; x_wconf 71' lang='lat' dir='ltr'><strong>qua:</strong></span> <span class='ocrx_word' id='word_1_76' title='bbox 1907 1320 2139 1375; x_wconf 90' lang='lat' dir='ltr'><strong>multum</strong></span> 
     </span>
    </p>
   </div>
   <div class='ocr_carea' id='block_1_15' title="bbox 541 1404 2140 1476">
    <p class='ocr_par' dir='ltr' id='par_1_15' title="bbox 541 1404 2140 1476">
     <span class='ocr_line' id='line_1_15' title="bbox 541 1404 2140 1476; baseline 0.006 -16"><span class='ocrx_word' id='word_1_77' title='bbox 541 1404 684 1460; x_wconf 88' lang='lat' dir='ltr'><strong>inter</strong></span> <span class='ocrx_word' id='word_1_78' title='bbox 715 1422 772 1462; x_wconf 93' lang='lat' dir='ltr'><strong>se</strong></span> <span class='ocrx_word' id='word_1_79' title='bbox 825 1407 1127 1476; x_wconf 85' lang='lat' dir='ltr'><strong>distabant,</strong></span> <span class='ocrx_word' id='word_1_80' title='bbox 1180 1410 1238 1465; x_wconf 92' lang='lat' dir='ltr'><strong>in</strong></span> <span class='ocrx_word' id='word_1_81' title='bbox 1292 1426 1463 1466; x_wconf 93' lang='lat' dir='ltr'><strong>unum</strong></span> <span class='ocrx_word' id='word_1_82' title='bbox 1496 1412 1847 1469; x_wconf 80' lang='lat' dir='ltr'><strong>contraxisse</strong></span> <span class='ocrx_word' id='word_1_83' title='bbox 1871 1414 2140 1470; x_wconf 89' lang='lat' dir='ltr'><strong>cernitur.</strong></span> 
     </span>
    </p>
   </div>
   <div class='ocr_carea' id='block_1_16' title="bbox 541 1501 2142 1578">
    <p class='ocr_par' dir='ltr' id='par_1_16' title="bbox 541 1501 2142 1578">
     <span class='ocr_line' id='line_1_16' title="bbox 541 1501 2142 1578; baseline 0.005 -24"><span class='ocrx_word' id='word_1_84' title='bbox 541 1501 661 1568; x_wconf 86' lang='lat' dir='ltr'><strong>Qua</strong></span> <span class='ocrx_word' id='word_1_85' title='bbox 692 1501 904 1558; x_wconf 88' lang='lat' dir='ltr'><strong>ratione</strong></span> <span class='ocrx_word' id='word_1_86' title='bbox 949 1503 1095 1572; x_wconf 88' lang='lat' dir='ltr'><strong>quod</strong></span> <span class='ocrx_word' id='word_1_87' title='bbox 1136 1504 1398 1574; x_wconf 79' lang='lat' dir='ltr'><strong>synodica</strong></span> <span class='ocrx_word' id='word_1_88' title='bbox 1434 1505 1644 1562; x_wconf 89' lang='lat' dir='ltr'><strong>decisio</strong></span> <span class='ocrx_word' id='word_1_89' title='bbox 1681 1508 1749 1561; x_wconf 88' lang='lat' dir='ltr'><strong>de</strong></span> <span class='ocrx_word' id='word_1_90' title='bbox 1781 1509 1987 1578; x_wconf 86' lang='lat' dir='ltr'><strong>nuptiis</strong></span> <span class='ocrx_word' id='word_1_91' title='bbox 2018 1523 2142 1578; x_wconf 85' lang='lat' dir='ltr'><strong>pro—</strong></span> 
     </span>
    </p>
   </div>
   <div class='ocr_carea' id='block_1_17' title="bbox 544 1594 2144 1672">
    <p class='ocr_par' dir='ltr' id='par_1_17' title="bbox 544 1594 2144 1672">
     <span class='ocr_line' id='line_1_17' title="bbox 544 1594 2144 1672; baseline 0.005 -24"><span class='ocrx_word' id='word_1_92' title='bbox 544 1594 911 1665; x_wconf 82' lang='lat' dir='ltr'><strong>mulgaverat,</strong></span> <span class='ocrx_word' id='word_1_93' title='bbox 972 1595 1076 1652; x_wconf 84' lang='lat' dir='ltr'><strong>hoc</strong></span> <span class='ocrx_word' id='word_1_94' title='bbox 1112 1597 1204 1652; x_wconf 90' lang='lat' dir='ltr'><strong>ille</strong></span> <span class='ocrx_word' id='word_1_95' title='bbox 1233 1597 1455 1654; x_wconf 87' lang='lat' dir='ltr'><strong>disertis</strong></span> <span class='ocrx_word' id='word_1_96' title='bbox 1488 1600 1668 1656; x_wconf 78' lang='lat' dir='ltr'><strong>verbis</strong></span> <span class='ocrx_word' id='word_1_97' title='bbox 1699 1601 1766 1655; x_wconf 92' lang='lat' dir='ltr'><strong>de</strong></span> <span class='ocrx_word' id='word_1_98' title='bbox 1792 1601 2144 1672; x_wconf 90' lang='lat' dir='ltr'><strong>sponsalibus</strong></span> 
     </span>
    </p>
   </div>
   <div class='ocr_carea' id='block_1_18' title="bbox 541 1686 2145 1762">
    <p class='ocr_par' dir='ltr' id='par_1_18' title="bbox 541 1686 2145 1762">
     <span class='ocr_line' id='line_1_18' title="bbox 541 1686 2145 1762; baseline 0.005 -24"><span class='ocrx_word' id='word_1_99' title='bbox 541 1697 757 1751; x_wconf 81' lang='lat' dir='ltr'><strong>censet,</strong></span> <span class='ocrx_word' id='word_1_100' title='bbox 807 1686 1031 1742; x_wconf 91' lang='lat' dir='ltr'><strong>duobus</strong></span> <span class='ocrx_word' id='word_1_101' title='bbox 1083 1686 1349 1745; x_wconf 80' lang='lat' dir='ltr'><strong>fratribus</strong></span> <span class='ocrx_word' id='word_1_102' title='bbox 1374 1689 1512 1746; x_wconf 88' lang='lat' dir='ltr'><strong>duas</strong></span> <span class='ocrx_word' id='word_1_103' title='bbox 1569 1691 1844 1762; x_wconf 90' lang='lat' dir='ltr'><strong>patrueles</strong></span> <span class='ocrx_word' id='word_1_104' title='bbox 1875 1706 2145 1762; x_wconf 89' lang='lat' dir='ltr'><strong>sponsare</strong></span> 
     </span>
    </p>
   </div>
   <div class='ocr_carea' id='block_1_19' title="bbox 543 1779 2143 1854">
    <p class='ocr_par' dir='ltr' id='par_1_19' title="bbox 543 1779 2143 1854">
     <span class='ocr_line' id='line_1_19' title="bbox 543 1779 2143 1854; baseline 0.003 -20"><span class='ocrx_word' id='word_1_105' title='bbox 543 1794 658 1834; x_wconf 89' lang='lat' dir='ltr'><strong>non</strong></span> <span class='ocrx_word' id='word_1_106' title='bbox 713 1779 1060 1850; x_wconf 91' lang='lat' dir='ltr'><strong>permittens.</strong></span> <span class='ocrx_word' id='word_1_107' title='bbox 1135 1781 1314 1851; x_wconf 85' lang='lat' dir='ltr'><strong>Atque</strong></span> <span class='ocrx_word' id='word_1_108' title='bbox 1356 1784 1671 1853; x_wconf 91' lang='lat' dir='ltr'><strong>promiscua</strong></span> <span class='ocrx_word' id='word_1_109' title='bbox 1731 1785 1953 1854; x_wconf 88' lang='lat' dir='ltr'><strong>quidem</strong></span> <span class='ocrx_word' id='word_1_110' title='bbox 1991 1785 2143 1854; x_wconf 88' lang='lat' dir='ltr'><strong>plebs</strong></span> 
     </span>
    </p>
   </div>
   <div class='ocr_carea' id='block_1_20' title="bbox 2242 575 3838 654">
    <p class='ocr_par' dir='ltr' id='par_1_20' title="bbox 2242 575 3838 654">
     <span class='ocr_line' id='line_1_20' title="bbox 2242 575 3838 654; baseline 0.003 -25"><span class='ocrx_word' id='word_1_111' title='bbox 2242 575 2439 629; x_wconf 79' lang='grc' dir='ltr'>τεῦθεν</span> <span class='ocrx_word' id='word_1_112' title='bbox 2463 577 2561 646; x_wconf 89' lang='grc' dir='ltr'><strong>οὐχ</strong></span> <span class='ocrx_word' id='word_1_113' title='bbox 2591 578 2619 630; x_wconf 91' lang='grc' dir='ltr'>ὁ</span> <span class='ocrx_word' id='word_1_114' title='bbox 2649 578 2824 648; x_wconf 75' lang='grc' dir='ltr'>γάμος</span> <span class='ocrx_word' id='word_1_115' title='bbox 2855 580 3016 650; x_wconf 83' lang='grc' dir='ltr'>μόνον</span> <span class='ocrx_word' id='word_1_116' title='bbox 3040 581 3177 634; x_wconf 75' lang='grc' dir='ltr'>ἀλλὰ</span> <span class='ocrx_word' id='word_1_117' title='bbox 3206 583 3298 636; x_wconf 69' lang='grc' dir='ltr'><strong>καὶ</strong></span> <span class='ocrx_word' id='word_1_118' title='bbox 3333 584 3468 651; x_wconf 81' lang='grc' dir='ltr'>αὐτὴ</span> <span class='ocrx_word' id='word_1_119' title='bbox 3505 585 3538 654; x_wconf 84' lang='grc' dir='ltr'>ἡ</span> <span class='ocrx_word' id='word_1_120' title='bbox 3573 584 3838 654; x_wconf 81' lang='grc' dir='ltr'>μνηστεία</span> 
     </span>
    </p>
   </div>
   <div class='ocr_carea' id='block_1_21' title="bbox 2247 670 3839 748">
    <p class='ocr_par' dir='ltr' id='par_1_21' title="bbox 2247 670 3839 748">
     <span class='ocr_line' id='line_1_21' title="bbox 2247 670 3839 748; baseline 0.003 -26"><span class='ocrx_word' id='word_1_121' title='bbox 2247 670 2400 742; x_wconf 68' lang='grc' dir='ltr'>ἱερὰν</span> <span class='ocrx_word' id='word_1_122' title='bbox 2427 670 2682 739; x_wconf 73' lang='grc' dir='ltr'>εὐλογίαν</span> <span class='ocrx_word' id='word_1_123' title='bbox 2716 672 3147 746; x_wconf 67' lang='grc' dir='ltr'><strong>ἐπιτελουμένην</strong></span> <span class='ocrx_word' id='word_1_124' title='bbox 3191 675 3306 746; x_wconf 76' lang='grc' dir='ltr'>ἔχει</span> <span class='ocrx_word' id='word_1_125' title='bbox 3337 677 3465 748; x_wconf 87' lang='grc' dir='ltr'>παρ’</span> <span class='ocrx_word' id='word_1_126' title='bbox 3495 676 3660 746; x_wconf 76' lang='grc' dir='ltr'>ἑαυτῇ</span> <span class='ocrx_word' id='word_1_127' title='bbox 3688 676 3780 727; x_wconf 79' lang='grc' dir='ltr'><strong>καὶ</strong></span> <span class='ocrx_word' id='word_1_128' title='bbox 3812 677 3839 727; x_wconf 79' lang='grc' dir='ltr'><em>ὁ</em></span> 
     </span>
    </p>
   </div>
   <div class='ocr_carea' id='block_1_22' title="bbox 2244 761 3835 836">
    <p class='ocr_par' dir='ltr' id='par_1_22' title="bbox 2244 761 3835 836">
     <span class='ocr_line' id='line_1_22' title="bbox 2244 761 3835 836; baseline 0.001 -22"><span class='ocrx_word' id='word_1_129' title='bbox 2244 762 2438 830; x_wconf 73' lang='grc' dir='ltr'>καιρὸς</span> <span class='ocrx_word' id='word_1_130' title='bbox 2465 761 2772 831; x_wconf 83' lang='grc' dir='ltr'>ὡρισμένος</span> <span class='ocrx_word' id='word_1_131' title='bbox 2797 762 2889 816; x_wconf 84' lang='grc' dir='ltr'>διὰ</span> <span class='ocrx_word' id='word_1_132' title='bbox 2935 765 3280 836; x_wconf 74' lang='grc' dir='ltr'>νεαρωτέρου</span> <span class='ocrx_word' id='word_1_133' title='bbox 3313 764 3691 835; x_wconf 79' lang='grc' dir='ltr'>θεσπίσματος</span> <span class='ocrx_word' id='word_1_134' title='bbox 3742 763 3835 816; x_wconf 72' lang='grc' dir='ltr'>τοῦ</span> 
     </span>
    </p>
   </div>
   <div class='ocr_carea' id='block_1_23' title="bbox 2245 852 3832 927">
    <p class='ocr_par' dir='ltr' id='par_1_23' title="bbox 2245 852 3832 927">
     <span class='ocr_line' id='line_1_23' title="bbox 2245 852 3832 927; baseline -0.001 -21"><span class='ocrx_word' id='word_1_135' title='bbox 2245 852 2694 922; x_wconf 69' lang='grc' dir='ltr'>φιλοσοφωτάτου</span> <span class='ocrx_word' id='word_1_136' title='bbox 2755 855 3024 924; x_wconf 84' lang='grc' dir='ltr'>βασιλέως</span> <span class='ocrx_word' id='word_1_137' title='bbox 3086 857 3280 927; x_wconf 87' lang='grc' dir='ltr'>κυρίου</span> <span class='ocrx_word' id='word_1_138' title='bbox 3340 856 3567 918; x_wconf 86' lang='grc' dir='ltr'>Λέοντος</span> <span class='ocrx_word' id='word_1_139' title='bbox 3619 854 3712 908; x_wconf 73' lang='grc' dir='ltr'>ἐπὶ</span> <span class='ocrx_word' id='word_1_140' title='bbox 3771 857 3832 922; x_wconf 80' lang='grc' dir='ltr'>τῇ</span> 
     </span>
    </p>
   </div>
   <div class='ocr_carea' id='block_1_24' title="bbox 2245 946 3831 1020">
    <p class='ocr_par' dir='ltr' id='par_1_24' title="bbox 2245 946 3831 1020">
     <span class='ocr_line' id='line_1_24' title="bbox 2245 946 3831 1020; baseline -0.001 -22"><span class='ocrx_word' id='word_1_141' title='bbox 2245 946 2440 1020; x_wconf 82' lang='grc' dir='ltr'><strong>πρώτῃ</strong></span> <span class='ocrx_word' id='word_1_142' title='bbox 2471 947 2581 1000; x_wconf 87' lang='grc' dir='ltr'><strong>τῶν</strong></span> <span class='ocrx_word' id='word_1_143' title='bbox 2641 946 2968 1018; x_wconf 72' lang='grc' dir='ltr'>ξυμϐάντων</span> <span class='ocrx_word' id='word_1_144' title='bbox 3031 951 3352 1020; x_wconf 84' lang='grc' dir='ltr'>συναρμογῇ</span> <span class='ocrx_word' id='word_1_145' title='bbox 3395 947 3614 1016; x_wconf 78' lang='grc' dir='ltr'><strong>ἐξετέθη</strong></span> <span class='ocrx_word' id='word_1_146' title='bbox 3668 948 3831 1017; x_wconf 66' lang='grc' dir='ltr'>ἤγουν</span> 
     </span>
    </p>
   </div>
   <div class='ocr_carea' id='block_1_25' title="bbox 2244 1037 3836 1111">
    <p class='ocr_par' dir='ltr' id='par_1_25' title="bbox 2244 1037 3836 1111">
     <span class='ocr_line' id='line_1_25' title="bbox 2244 1037 3836 1111; baseline -0.001 -21"><span class='ocrx_word' id='word_1_147' title='bbox 2244 1039 2338 1091; x_wconf 74' lang='grc' dir='ltr'><strong>επὶ</strong></span> <span class='ocrx_word' id='word_1_148' title='bbox 2378 1039 2478 1108; x_wconf 80' lang='grc' dir='ltr'>μὲν</span> <span class='ocrx_word' id='word_1_149' title='bbox 2538 1039 2809 1111; x_wconf 69' lang='grc' dir='ltr'>ἀρρένων,</span> <span class='ocrx_word' id='word_1_150' title='bbox 2839 1042 2867 1093; x_wconf 87' lang='grc' dir='ltr'>ὁ</span> <span class='ocrx_word' id='word_1_151' title='bbox 2900 1040 3063 1093; x_wconf 82' lang='grc' dir='ltr'>πέντε</span> <span class='ocrx_word' id='word_1_152' title='bbox 3111 1041 3204 1094; x_wconf 71' lang='grc' dir='ltr'>καὶ</span> <span class='ocrx_word' id='word_1_153' title='bbox 3233 1040 3456 1104; x_wconf 79' lang='grc' dir='ltr'><strong>δέκατος</strong></span> <span class='ocrx_word' id='word_1_154' title='bbox 3499 1039 3598 1106; x_wconf 80' lang='grc' dir='ltr'>τῆς</span> <span class='ocrx_word' id='word_1_155' title='bbox 3623 1037 3836 1108; x_wconf 79' lang='grc' dir='ltr'>ἡλικίας</span> 
     </span>
    </p>
   </div>
   <div class='ocr_carea' id='block_1_26' title="bbox 2245 1129 3833 1202">
    <p class='ocr_par' dir='ltr' id='par_1_26' title="bbox 2245 1129 3833 1202">
     <span class='ocr_line' id='line_1_26' title="bbox 2245 1129 3833 1202; baseline -0.002 -20"><span class='ocrx_word' id='word_1_156' title='bbox 2245 1130 2513 1194; x_wconf 66' lang='grc' dir='ltr'>ὲνιαυτὸς,</span> <span class='ocrx_word' id='word_1_157' title='bbox 2541 1129 2633 1183; x_wconf 70' lang='grc' dir='ltr'><strong>ἐπὶ</strong></span> <span class='ocrx_word' id='word_1_158' title='bbox 2676 1129 2732 1183; x_wconf 79' lang='grc' dir='ltr'>δὲ</span> <span class='ocrx_word' id='word_1_159' title='bbox 2762 1130 2992 1202; x_wconf 86' lang='grc' dir='ltr'>θηλειῶν</span> <span class='ocrx_word' id='word_1_160' title='bbox 3020 1131 3048 1182; x_wconf 94' lang='lat'><strong>6</strong></span> <span class='ocrx_word' id='word_1_161' title='bbox 3085 1131 3536 1202; x_wconf 77' lang='grc' dir='ltr'><strong>τρισκαιδέκατος</strong></span> <span class='ocrx_word' id='word_1_162' title='bbox 3569 1130 3628 1182; x_wconf 81' lang='grc' dir='ltr'>ὃν</span> <span class='ocrx_word' id='word_1_163' title='bbox 3663 1130 3833 1199; x_wconf 69' lang='grc' dir='ltr'>δήπου</span> 
     </span>
    </p>
   </div>
   <div class='ocr_carea' id='block_1_27' title="bbox 2244 1221 3834 1294">
    <p class='ocr_par' dir='ltr' id='par_1_27' title="bbox 2244 1221 3834 1294">
     <span class='ocr_line' id='line_1_27' title="bbox 2244 1221 3834 1294; baseline -0.002 -20"><span class='ocrx_word' id='word_1_164' title='bbox 2244 1223 2438 1294; x_wconf 87' lang='grc' dir='ltr'>χρόνον</span> <span class='ocrx_word' id='word_1_165' title='bbox 2494 1223 2588 1275; x_wconf 77' lang='grc' dir='ltr'><strong>καὶ</strong></span> <span class='ocrx_word' id='word_1_166' title='bbox 2639 1221 2777 1292; x_wconf 75' lang='grc' dir='ltr'>πρὸς</span> <span class='ocrx_word' id='word_1_167' title='bbox 2823 1223 3071 1293; x_wconf 80' lang='grc' dir='ltr'>γαμικὴν</span> <span class='ocrx_word' id='word_1_168' title='bbox 3122 1223 3413 1276; x_wconf 77' lang='grc' dir='ltr'>συναυλίαν</span> <span class='ocrx_word' id='word_1_169' title='bbox 3443 1222 3651 1275; x_wconf 86' lang='grc' dir='ltr'>τελείαν</span> <span class='ocrx_word' id='word_1_170' title='bbox 3699 1223 3834 1274; x_wconf 85' lang='grc' dir='ltr'>ἀπο-</span> 
     </span>
    </p>
   </div>
   <div class='ocr_carea' id='block_1_28' title="bbox 2245 1315 3835 1388">
    <p class='ocr_par' dir='ltr' id='par_1_28' title="bbox 2245 1315 3835 1388">
     <span class='ocr_line' id='line_1_28' title="bbox 2245 1315 3835 1388; baseline -0.002 -20"><span class='ocrx_word' id='word_1_171' title='bbox 2245 1317 2507 1388; x_wconf 79' lang='grc' dir='ltr'>χρώντως</span> <span class='ocrx_word' id='word_1_172' title='bbox 2551 1315 2697 1385; x_wconf 79' lang='grc' dir='ltr'>ἔχειν</span> <span class='ocrx_word' id='word_1_173' title='bbox 2727 1318 2755 1370; x_wconf 97' lang='lat'><strong>6</strong></span> <span class='ocrx_word' id='word_1_174' title='bbox 2791 1315 3023 1378; x_wconf 80' lang='grc' dir='ltr'>παλαιὸς</span> <span class='ocrx_word' id='word_1_175' title='bbox 3057 1317 3222 1387; x_wconf 86' lang='grc' dir='ltr'>νόμος</span> <span class='ocrx_word' id='word_1_176' title='bbox 3243 1315 3513 1386; x_wconf 56' lang='lat' dir='ltr'><strong>menses</strong></span> <span class='ocrx_word' id='word_1_177' title='bbox 3539 1315 3672 1380; x_wconf 86' lang='grc' dir='ltr'>δεῖν,</span> <span class='ocrx_word' id='word_1_178' title='bbox 3695 1315 3835 1382; x_wconf 77' lang='grc' dir='ltr'>ἔγνω</span> 
     </span>
    </p>
   </div>
   <div class='ocr_carea' id='block_1_29' title="bbox 2244 1406 3836 1480">
    <p class='ocr_par' dir='ltr' id='par_1_29' title="bbox 2244 1406 3836 1480">
     <span class='ocr_line' id='line_1_29' title="bbox 2244 1406 3836 1480; baseline -0.003 -17"><span class='ocrx_word' id='word_1_179' title='bbox 2244 1408 2333 1463; x_wconf 76' lang='grc' dir='ltr'>διὰ</span> <span class='ocrx_word' id='word_1_180' title='bbox 2357 1409 2452 1461; x_wconf 82' lang='grc' dir='ltr'>τοῦ</span> <span class='ocrx_word' id='word_1_181' title='bbox 2487 1409 2758 1478; x_wconf 85' lang='grc' dir='ltr'>παρόντος</span> <span class='ocrx_word' id='word_1_182' title='bbox 2799 1407 3176 1480; x_wconf 86' lang='grc' dir='ltr'>θεσπίσματος</span> <span class='ocrx_word' id='word_1_183' title='bbox 3217 1411 3279 1464; x_wconf 85' lang='grc' dir='ltr'><strong>τὸ</strong></span> <span class='ocrx_word' id='word_1_184' title='bbox 3322 1409 3590 1480; x_wconf 81' lang='grc' dir='ltr'>ἡμέτερον</span> <span class='ocrx_word' id='word_1_185' title='bbox 3636 1406 3836 1476; x_wconf 71' lang='grc' dir='ltr'>κράτος</span> 
     </span>
    </p>
   </div>
   <div class='ocr_carea' id='block_1_30' title="bbox 2254 1495 3842 1570">
    <p class='ocr_par' dir='ltr' id='par_1_30' title="bbox 2254 1495 3842 1570">
     <span class='ocr_line' id='line_1_30' title="bbox 2254 1495 3842 1570; baseline -0.002 -18"><span class='ocrx_word' id='word_1_186' title='bbox 2254 1495 2516 1566; x_wconf 80' lang='grc' dir='ltr'>ἀσφαλῶς</span> <span class='ocrx_word' id='word_1_187' title='bbox 2567 1497 2955 1568; x_wconf 75' lang='grc' dir='ltr'>ἀποφήνασθαι</span> <span class='ocrx_word' id='word_1_188' title='bbox 3009 1499 3226 1563; x_wconf 76' lang='grc' dir='ltr'>ὲκείνας</span> <span class='ocrx_word' id='word_1_189' title='bbox 3287 1496 3430 1552; x_wconf 70' lang='grc' dir='ltr'>εἶναι</span> <span class='ocrx_word' id='word_1_190' title='bbox 3475 1499 3674 1570; x_wconf 83' lang='grc' dir='ltr'>κυρίως</span> <span class='ocrx_word' id='word_1_191' title='bbox 3705 1515 3842 1568; x_wconf 88' lang='grc' dir='ltr'>μνη-</span> 
     </span>
    </p>
   </div>
   <div class='ocr_carea' id='block_1_31' title="bbox 2261 1586 3838 1666">
    <p class='ocr_par' dir='ltr' id='par_1_31' title="bbox 2261 1586 3838 1666">
     <span class='ocr_line' id='line_1_31' title="bbox 2261 1586 3838 1666; baseline -0.001 -24"><span class='ocrx_word' id='word_1_192' title='bbox 2261 1586 2452 1654; x_wconf 80' lang='grc' dir='ltr'>σ⁶τείας</span> <span class='ocrx_word' id='word_1_193' title='bbox 2496 1593 2592 1643; x_wconf 71' lang='grc' dir='ltr'><strong>καὶ</strong></span> <span class='ocrx_word' id='word_1_194' title='bbox 2627 1591 3055 1660; x_wconf 84' lang='grc' dir='ltr'>ίσοδυναμούσας</span> <span class='ocrx_word' id='word_1_195' title='bbox 3109 1593 3188 1666; x_wconf 78' lang='grc' dir='ltr'>τῷ</span> <span class='ocrx_word' id='word_1_196' title='bbox 3217 1593 3380 1664; x_wconf 78' lang='grc' dir='ltr'>γάμῳ</span> <span class='ocrx_word' id='word_1_197' title='bbox 3409 1593 3550 1647; x_wconf 79' lang='grc' dir='ltr'>κατὰ</span> <span class='ocrx_word' id='word_1_198' title='bbox 3586 1591 3681 1664; x_wconf 83' lang='grc' dir='ltr'>τὴν</span> <span class='ocrx_word' id='word_1_199' title='bbox 3713 1609 3838 1643; x_wconf 80' lang='grc' dir='ltr'>συν-</span> 
     </span>
    </p>
   </div>
   <div class='ocr_carea' id='block_1_32' title="bbox 2245 1683 3837 1756">
    <p class='ocr_par' dir='ltr' id='par_1_32' title="bbox 2245 1683 3837 1756">
     <span class='ocr_line' id='line_1_32' title="bbox 2245 1683 3837 1756; baseline -0.001 -20"><span class='ocrx_word' id='word_1_200' title='bbox 2245 1683 2433 1754; x_wconf 83' lang='grc' dir='ltr'>οδικῆς</span> <span class='ocrx_word' id='word_1_201' title='bbox 2467 1684 2758 1756; x_wconf 86' lang='grc' dir='ltr'>ἀκριϐείας</span> <span class='ocrx_word' id='word_1_202' title='bbox 2800 1684 3087 1756; x_wconf 75' lang='grc' dir='ltr'>διάσκεψιν</span> <span class='ocrx_word' id='word_1_203' title='bbox 3122 1687 3245 1739; x_wconf 82' lang='grc' dir='ltr'>ὅσαι</span> <span class='ocrx_word' id='word_1_204' title='bbox 3272 1687 3368 1739; x_wconf 72' lang='grc' dir='ltr'>καὶ</span> <span class='ocrx_word' id='word_1_205' title='bbox 3392 1686 3484 1738; x_wconf 69' lang='grc' dir='ltr'><strong>τὸν</strong></span> <span class='ocrx_word' id='word_1_206' title='bbox 3505 1685 3689 1755; x_wconf 85' lang='grc' dir='ltr'>χρόνον</span> <span class='ocrx_word' id='word_1_207' title='bbox 3717 1683 3776 1735; x_wconf 81' lang='grc' dir='ltr'><strong>δν</strong></span> <span class='ocrx_word' id='word_1_208' title='bbox 3806 1684 3837 1752; x_wconf 75' lang='grc' dir='ltr'>ἡ</span> 
     </span>
    </p>
   </div>
   <div class='ocr_carea' id='block_1_33' title="bbox 2250 1775 3841 1851">
    <p class='ocr_par' dir='ltr' id='par_1_33' title="bbox 2250 1775 3841 1851">
     <span class='ocr_line' id='line_1_33' title="bbox 2250 1775 3841 1851; baseline -0.001 -20"><span class='ocrx_word' id='word_1_209' title='bbox 2250 1775 2518 1848; x_wconf 85' lang='grc' dir='ltr'>βασιλέως</span> <span class='ocrx_word' id='word_1_210' title='bbox 2547 1778 2746 1850; x_wconf 80' lang='grc' dir='ltr'>κυρίου</span> <span class='ocrx_word' id='word_1_211' title='bbox 2795 1779 3029 1842; x_wconf 87' lang='grc' dir='ltr'>Λέοντος</span> <span class='ocrx_word' id='word_1_212' title='bbox 3068 1779 3402 1851; x_wconf 81' lang='grc' dir='ltr'>θεσμοθεσία</span> <span class='ocrx_word' id='word_1_213' title='bbox 3442 1779 3677 1850; x_wconf 84' lang='grc' dir='ltr'>ὡρίσατο</span> <span class='ocrx_word' id='word_1_214' title='bbox 3715 1779 3841 1835; x_wconf 78' lang='grc' dir='ltr'>ἀκέο</span> 
     </span>
    </p>
   </div>
   <div class='ocr_carea' id='block_1_34' title="bbox 541 1871 2144 1950">
    <p class='ocr_par' dir='ltr' id='par_1_34' title="bbox 541 1871 2136 1950">
     <span class='ocr_line' id='line_1_34' title="bbox 541 1871 2136 1950; baseline 0.004 -23"><span class='ocrx_word' id='word_1_215' title='bbox 541 1871 1030 1928; x_wconf 75' lang='lat' dir='ltr'><strong>imliscriiniuatim</strong></span> <span class='ocrx_word' id='word_1_216' title='bbox 1083 1890 1197 1930; x_wconf 91' lang='lat' dir='ltr'><strong>rem</strong></span> <span class='ocrx_word' id='word_1_217' title='bbox 1231 1876 1578 1947; x_wconf 82' lang='lat' dir='ltr'><strong>aggrediens,</strong></span> <span class='ocrx_word' id='word_1_218' title='bbox 1636 1887 1692 1932; x_wconf 92' lang='lat' dir='ltr'><strong>et</strong></span> <span class='ocrx_word' id='word_1_219' title='bbox 1747 1876 1851 1950; x_wconf 88' lang='lat' dir='ltr'><strong>[se]</strong></span> <span class='ocrx_word' id='word_1_220' title='bbox 1888 1878 1940 1932; x_wconf 94' lang='lat' dir='ltr'><strong>in</strong></span> <span class='ocrx_word' id='word_1_221' title='bbox 1976 1894 2136 1950; x_wconf 84' lang='lat' dir='ltr'><strong>syno-</strong></span> 
     </span>
    </p>
   </div>
   <div class='ocr_carea' id='block_1_35' title="bbox 2251 1871 3839 1950">
    <p class='ocr_par' dir='ltr' id='par_1_35' title="bbox 2253 1871 3839 1944">
     <span class='ocr_line' id='line_1_35' title="bbox 2253 1871 3839 1944; baseline 0.001 -21"><span class='ocrx_word' id='word_1_222' title='bbox 2253 1887 2406 1942; x_wconf 90' lang='grc' dir='ltr'>ραιον</span> <span class='ocrx_word' id='word_1_223' title='bbox 2444 1873 2601 1942; x_wconf 73' lang='grc' dir='ltr'>ἔσχον</span> <span class='ocrx_word' id='word_1_224' title='bbox 2654 1871 2778 1924; x_wconf 85' lang='grc' dir='ltr'>καθ’</span> <span class='ocrx_word' id='word_1_225' title='bbox 2830 1873 3054 1938; x_wconf 77' lang='grc' dir='ltr'>ἑαυτὰς,</span> <span class='ocrx_word' id='word_1_226' title='bbox 3115 1874 3211 1927; x_wconf 78' lang='grc' dir='ltr'><strong>καὶ</strong></span> <span class='ocrx_word' id='word_1_227' title='bbox 3239 1872 3338 1943; x_wconf 80' lang='grc' dir='ltr'><strong>τὴν</strong></span> <span class='ocrx_word' id='word_1_228' title='bbox 3399 1874 3551 1944; x_wconf 73' lang='grc' dir='ltr'>ίερᾶν</span> <span class='ocrx_word' id='word_1_229' title='bbox 3595 1873 3839 1940; x_wconf 81' lang='grc' dir='ltr'>εὐλογίαν</span> 
     </span>
    </p>
   </div>
   <div class='ocr_carea' id='block_1_36' title="bbox 542 1963 2142 2040">
    <p class='ocr_par' dir='ltr' id='par_1_36' title="bbox 542 1963 2142 2040">
     <span class='ocr_line' id='line_1_36' title="bbox 542 1963 2142 2040; baseline 0.005 -22"><span class='ocrx_word' id='word_1_230' title='bbox 542 1963 686 2020; x_wconf 86' lang='lat' dir='ltr'><strong>dalis</strong></span> <span class='ocrx_word' id='word_1_231' title='bbox 756 1967 946 2020; x_wconf 82' lang='lat' dir='ltr'><strong>statuti</strong></span> <span class='ocrx_word' id='word_1_232' title='bbox 983 1981 1205 2023; x_wconf 89' lang='lat' dir='ltr'><strong>sensum</strong></span> <span class='ocrx_word' id='word_1_233' title='bbox 1250 1983 1502 2039; x_wconf 76' lang='lat' dir='ltr'><strong>mergere</strong></span> <span class='ocrx_word' id='word_1_234' title='bbox 1556 1983 1779 2040; x_wconf 82' lang='lat' dir='ltr'><strong>prorsus</strong></span> <span class='ocrx_word' id='word_1_235' title='bbox 1843 1971 2142 2040; x_wconf 85' lang='lat' dir='ltr'><strong>nequiens,</strong></span> 
     </span>
    </p>
   </div>
   <div class='ocr_carea' id='block_1_37' title="bbox 543 2057 2142 2135">
    <p class='ocr_par' dir='ltr' id='par_1_37' title="bbox 543 2057 2142 2135">
     <span class='ocr_line' id='line_1_37' title="bbox 543 2057 2142 2135; baseline 0.003 -21"><span class='ocrx_word' id='word_1_236' title='bbox 543 2057 667 2114; x_wconf 90' lang='lat' dir='ltr'><strong>sine</strong></span> <span class='ocrx_word' id='word_1_237' title='bbox 733 2059 947 2114; x_wconf 90' lang='lat' dir='ltr'><strong>ratione</strong></span> <span class='ocrx_word' id='word_1_238' title='bbox 992 2061 1254 2130; x_wconf 89' lang='lat' dir='ltr'><strong>quidnam</strong></span> <span class='ocrx_word' id='word_1_239' title='bbox 1303 2063 1581 2132; x_wconf 87' lang='lat' dir='ltr'><strong>sponsalia</strong></span> <span class='ocrx_word' id='word_1_240' title='bbox 1623 2073 1813 2120; x_wconf 90' lang='lat' dir='ltr'><strong>essent</strong></span> <span class='ocrx_word' id='word_1_241' title='bbox 1861 2063 2142 2135; x_wconf 83' lang='lat' dir='ltr'><strong>fingebat,</strong></span> 
     </span>
    </p>
   </div>
   <div class='ocr_carea' id='block_1_38' title="bbox 541 2154 2148 2222">
    <p class='ocr_par' dir='ltr' id='par_1_38' title="bbox 541 2154 2148 2222">
     <span class='ocr_line' id='line_1_38' title="bbox 541 2154 2148 2222; baseline 0.005 -18"><span class='ocrx_word' id='word_1_242' title='bbox 541 2165 724 2220; x_wconf 89' lang='lat' dir='ltr'><strong>neque</strong></span> <span class='ocrx_word' id='word_1_243' title='bbox 767 2167 879 2222; x_wconf 92' lang='lat' dir='ltr'><strong>quo</strong></span> <span class='ocrx_word' id='word_1_244' title='bbox 935 2165 1095 2222; x_wconf 87' lang='lat' dir='ltr'><strong>pacto</strong></span> <span class='ocrx_word' id='word_1_245' title='bbox 1124 2155 1339 2210; x_wconf 88' lang='lat' dir='ltr'><strong>cautius</strong></span> <span class='ocrx_word' id='word_1_246' title='bbox 1397 2154 1752 2212; x_wconf 80' lang='lat' dir='ltr'><strong>firmarentur</strong></span> <span class='ocrx_word' id='word_1_247' title='bbox 1781 2166 1974 2213; x_wconf 82' lang='lat' dir='ltr'><strong>exacte</strong></span> <span class='ocrx_word' id='word_1_248' title='bbox 2013 2173 2148 2212; x_wconf 89' lang='lat' dir='ltr'><strong>cou-</strong></span> 
     </span>
    </p>
   </div>
   <div class='ocr_carea' id='block_1_39' title="bbox 540 2243 2148 2320">
    <p class='ocr_par' dir='ltr' id='par_1_39' title="bbox 540 2243 2148 2320">
     <span class='ocr_line' id='line_1_39' title="bbox 540 2243 2148 2320; baseline 0.004 -22"><span class='ocrx_word' id='word_1_249' title='bbox 540 2243 772 2298; x_wconf 87' lang='lat' dir='ltr'><strong>stituere</strong></span> <span class='ocrx_word' id='word_1_250' title='bbox 803 2245 1036 2301; x_wconf 80' lang='lat' dir='ltr'><strong>valebat.</strong></span> <span class='ocrx_word' id='word_1_251' title='bbox 1071 2246 1264 2320; x_wconf 81' lang='lat' dir='ltr'><strong>[Quin]</strong></span> <span class='ocrx_word' id='word_1_252' title='bbox 1301 2247 1575 2302; x_wconf 88' lang='lat' dir='ltr'><strong>interdum</strong></span> <span class='ocrx_word' id='word_1_253' title='bbox 1617 2250 1783 2304; x_wconf 88' lang='lat' dir='ltr'><strong>etiam</strong></span> <span class='ocrx_word' id='word_1_254' title='bbox 1809 2251 2010 2306; x_wconf 88' lang='lat' dir='ltr'><strong>mentis</strong></span> <span class='ocrx_word' id='word_1_255' title='bbox 2033 2265 2148 2306; x_wconf 64' lang='lat' dir='ltr'><strong>suae</strong></span> 
     </span>
    </p>
   </div>
   <div class='ocr_carea' id='block_1_40' title="bbox 542 2335 2146 2401">
    <p class='ocr_par' dir='ltr' id='par_1_40' title="bbox 542 2335 2146 2401">
     <span class='ocr_line' id='line_1_40' title="bbox 542 2335 2146 2401; baseline 0.006 -9"><span class='ocrx_word' id='word_1_256' title='bbox 542 2335 1067 2396; x_wconf 88' lang='lat' dir='ltr'><strong>inconsiderantiam</strong></span> <span class='ocrx_word' id='word_1_257' title='bbox 1111 2343 1378 2398; x_wconf 79' lang='lat' dir='ltr'><strong>adversus</strong></span> <span class='ocrx_word' id='word_1_258' title='bbox 1405 2343 1712 2399; x_wconf 83' lang='lat' dir='ltr'><strong>absolutam</strong></span> <span class='ocrx_word' id='word_1_259' title='bbox 1744 2343 1987 2401; x_wconf 77' lang='lat' dir='ltr'><strong>erclssia:</strong></span> <span class='ocrx_word' id='word_1_260' title='bbox 2018 2361 2146 2401; x_wconf 92' lang='lat' dir='ltr'><strong>nor-</strong></span> 
     </span>
    </p>
   </div>
   <div class='ocr_carea' id='block_1_41' title="bbox 540 2432 2147 2507">
    <p class='ocr_par' dir='ltr' id='par_1_41' title="bbox 540 2432 2147 2507">
     <span class='ocr_line' id='line_1_41' title="bbox 540 2432 2147 2507; baseline 0.007 -25"><span class='ocrx_word' id='word_1_261' title='bbox 540 2443 690 2484; x_wconf 87' lang='lat' dir='ltr'><strong>mam</strong></span> <span class='ocrx_word' id='word_1_262' title='bbox 719 2432 1052 2490; x_wconf 83' lang='lat' dir='ltr'><strong>venditabat.</strong></span> <span class='ocrx_word' id='word_1_263' title='bbox 1121 2433 1325 2490; x_wconf 88' lang='lat' dir='ltr'><strong>Verum</strong></span> <span class='ocrx_word' id='word_1_264' title='bbox 1379 2437 1748 2507; x_wconf 71' lang='lat' dir='ltr'><strong>imperatoria:</strong></span> <span class='ocrx_word' id='word_1_265' title='bbox 1789 2449 1996 2494; x_wconf 69' lang='lat' dir='ltr'><strong>nostrae</strong></span> <span class='ocrx_word' id='word_1_266' title='bbox 2033 2454 2147 2494; x_wconf 87' lang='lat' dir='ltr'><strong>ma-</strong></span> 
     </span>
    </p>
   </div>
   <div class='ocr_carea' id='block_1_42' title="bbox 537 2520 2146 2604">
    <p class='ocr_par' dir='ltr' id='par_1_42' title="bbox 537 2520 2146 2604">
     <span class='ocr_line' id='line_1_42' title="bbox 537 2520 2146 2604; baseline 0.006 -28"><span class='ocrx_word' id='word_1_267' title='bbox 537 2520 758 2591; x_wconf 88' lang='lat' dir='ltr'><strong>jestatis</strong></span> <span class='ocrx_word' id='word_1_268' title='bbox 827 2524 1003 2594; x_wconf 82' lang='lat' dir='ltr'><strong>pietas</strong></span> <span class='ocrx_word' id='word_1_269' title='bbox 1065 2526 1334 2584; x_wconf 90' lang='lat' dir='ltr'><strong>scientius</strong></span> <span class='ocrx_word' id='word_1_270' title='bbox 1383 2529 1887 2586; x_wconf 87' lang='lat' dir='ltr'><strong>considerationem</strong></span> <span class='ocrx_word' id='word_1_271' title='bbox 1946 2530 2146 2604; x_wconf 88' lang='lat' dir='ltr'><strong>[illam]</strong></span> 
     </span>
    </p>
   </div>
   <div class='ocr_carea' id='block_1_43' title="bbox 541 2615 2149 2689">
    <p class='ocr_par' dir='ltr' id='par_1_43' title="bbox 541 2615 2149 2689">
     <span class='ocr_line' id='line_1_43' title="bbox 541 2615 2149 2689; baseline 0.008 -23"><span class='ocrx_word' id='word_1_272' title='bbox 541 2615 848 2684; x_wconf 86' lang='lat' dir='ltr'><strong>auspicata,</strong></span> <span class='ocrx_word' id='word_1_273' title='bbox 912 2616 1003 2672; x_wconf 91' lang='lat' dir='ltr'><strong>ubi</strong></span> <span class='ocrx_word' id='word_1_274' title='bbox 1071 2627 1426 2689; x_wconf 87' lang='lat' dir='ltr'><strong>apparentem</strong></span> <span class='ocrx_word' id='word_1_275' title='bbox 1492 2621 1937 2677; x_wconf 86' lang='lat' dir='ltr'><strong>contrarietatem</strong></span> <span class='ocrx_word' id='word_1_276' title='bbox 1998 2633 2149 2679; x_wconf 88' lang='lat' dir='ltr'><strong>recte</strong></span> 
     </span>
    </p>
   </div>
   <div class='ocr_carea' id='block_1_44' title="bbox 537 2704 2139 2785">
    <p class='ocr_par' dir='ltr' id='par_1_44' title="bbox 537 2704 2139 2785">
     <span class='ocr_line' id='line_1_44' title="bbox 537 2704 2139 2785; baseline 0.006 -25"><span class='ocrx_word' id='word_1_277' title='bbox 537 2704 920 2775; x_wconf 87' lang='lat' dir='ltr'><strong>dijudicasset,</strong></span> <span class='ocrx_word' id='word_1_278' title='bbox 972 2725 1069 2780; x_wconf 90' lang='lat' dir='ltr'><strong>per</strong></span> <span class='ocrx_word' id='word_1_279' title='bbox 1097 2722 1422 2780; x_wconf 65' lang='lat' dir='ltr'><strong>praesentem</strong></span> <span class='ocrx_word' id='word_1_280' title='bbox 1451 2713 1851 2783; x_wconf 84' lang='lat' dir='ltr'><strong>legislationcm</strong></span> <span class='ocrx_word' id='word_1_281' title='bbox 1875 2716 2139 2785; x_wconf 88' lang='lat' dir='ltr'><strong>optimam</strong></span> 
     </span>
    </p>
   </div>
   <div class='ocr_carea' id='block_1_45' title="bbox 539 2799 2140 2877">
    <p class='ocr_par' dir='ltr' id='par_1_45' title="bbox 539 2799 2140 2877">
     <span class='ocr_line' id='line_1_45' title="bbox 539 2799 2140 2877; baseline 0.008 -26"><span class='ocrx_word' id='word_1_282' title='bbox 539 2799 821 2855; x_wconf 79' lang='lat' dir='ltr'><strong>adiuvenit</strong></span> <span class='ocrx_word' id='word_1_283' title='bbox 868 2804 1323 2860; x_wconf 89' lang='lat' dir='ltr'><strong>consonantiam.</strong></span> <span class='ocrx_word' id='word_1_284' title='bbox 1369 2805 1741 2877; x_wconf 81' lang='lat' dir='ltr'><strong>Posteaquam</strong></span> <span class='ocrx_word' id='word_1_285' title='bbox 1797 2807 1943 2862; x_wconf 89' lang='lat' dir='ltr'><strong>enim</strong></span> <span class='ocrx_word' id='word_1_286' title='bbox 1977 2819 2140 2864; x_wconf 88' lang='lat' dir='ltr'><strong>vetus</strong></span> 
     </span>
    </p>
   </div>
   <div class='ocr_carea' id='block_1_46' title="bbox 540 2890 2140 2964">
    <p class='ocr_par' dir='ltr' id='par_1_46' title="bbox 540 2890 2140 2964">
     <span class='ocr_line' id='line_1_46' title="bbox 540 2890 2140 2964; baseline 0.007 -19"><span class='ocrx_word' id='word_1_287' title='bbox 540 2890 626 2945; x_wconf 79' lang='lat' dir='ltr'><strong>lex</strong></span> <span class='ocrx_word' id='word_1_288' title='bbox 689 2894 969 2964; x_wconf 84' lang='lat' dir='ltr'><strong>sponsalia</strong></span> <span class='ocrx_word' id='word_1_289' title='bbox 1016 2895 1070 2950; x_wconf 90' lang='lat' dir='ltr'><strong>in</strong></span> <span class='ocrx_word' id='word_1_290' title='bbox 1125 2897 1243 2952; x_wconf 89' lang='lat' dir='ltr'><strong>sola</strong></span> <span class='ocrx_word' id='word_1_291' title='bbox 1334 2899 1786 2954; x_wconf 88' lang='lat' dir='ltr'><strong>contrahentium</strong></span> <span class='ocrx_word' id='word_1_292' title='bbox 1857 2900 2140 2956; x_wconf 84' lang='lat' dir='ltr'><strong>voluntate</strong></span> 
     </span>
    </p>
   </div>
   <div class='ocr_carea' id='block_1_47' title="bbox 539 2984 2140 3063">
    <p class='ocr_par' dir='ltr' id='par_1_47' title="bbox 539 2984 2140 3063">
     <span class='ocr_line' id='line_1_47' title="bbox 539 2984 2140 3063; baseline 0.004 -24"><span class='ocrx_word' id='word_1_293' title='bbox 539 2984 860 3051; x_wconf 88' lang='lat' dir='ltr'><strong>constituit,</strong></span> <span class='ocrx_word' id='word_1_294' title='bbox 906 2985 1155 3058; x_wconf 90' lang='lat' dir='ltr'><strong>nihilque</strong></span> <span class='ocrx_word' id='word_1_295' title='bbox 1214 2990 1453 3060; x_wconf 91' lang='lat' dir='ltr'><strong>amplius</strong></span> <span class='ocrx_word' id='word_1_296' title='bbox 1487 2989 1794 3063; x_wconf 88' lang='lat' dir='ltr'><strong>[quamde]</strong></span> <span class='ocrx_word' id='word_1_297' title='bbox 1835 3007 2140 3057; x_wconf 86' lang='lat' dir='ltr'><strong>consensu,</strong></span> 
     </span>
    </p>
   </div>
   <div class='ocr_carea' id='block_1_48' title="bbox 539 3077 2144 3152">
    <p class='ocr_par' dir='ltr' id='par_1_48' title="bbox 539 3077 2144 3152">
     <span class='ocr_line' id='line_1_48' title="bbox 539 3077 2144 3152; baseline 0.007 -22"><span class='ocrx_word' id='word_1_298' title='bbox 539 3077 952 3144; x_wconf 91' lang='lat' dir='ltr'><strong>instrumentis,</strong></span> <span class='ocrx_word' id='word_1_299' title='bbox 998 3091 1166 3151; x_wconf 87' lang='lat' dir='ltr'><strong>atque</strong></span> <span class='ocrx_word' id='word_1_300' title='bbox 1223 3083 1566 3152; x_wconf 83' lang='lat' dir='ltr'><strong>sponsalitiis</strong></span> <span class='ocrx_word' id='word_1_301' title='bbox 1598 3084 1778 3140; x_wconf 86' lang='lat' dir='ltr'><strong>arrhis</strong></span> <span class='ocrx_word' id='word_1_302' title='bbox 1836 3084 2086 3140; x_wconf 86' lang='lat' dir='ltr'><strong>elaborat</strong></span> <span class='ocrx_word' id='word_1_303' title='bbox 2129 3104 2144 3141; x_wconf 90' lang='lat'><strong>:</strong></span> 
     </span>
    </p>
   </div>
   <div class='ocr_carea' id='block_1_49' title="bbox 537 3170 2145 3250">
    <p class='ocr_par' dir='ltr' id='par_1_49' title="bbox 537 3170 2145 3250">
     <span class='ocr_line' id='line_1_49' title="bbox 537 3170 2145 3250; baseline 0.007 -25"><span class='ocrx_word' id='word_1_304' title='bbox 537 3170 746 3226; x_wconf 85' lang='lat' dir='ltr'><strong>nostris</strong></span> <span class='ocrx_word' id='word_1_305' title='bbox 777 3181 960 3227; x_wconf 88' lang='lat' dir='ltr'><strong>autem</strong></span> <span class='ocrx_word' id='word_1_306' title='bbox 995 3170 1364 3245; x_wconf 89' lang='lat' dir='ltr'><strong>[temporibus</strong></span> <span class='ocrx_word' id='word_1_307' title='bbox 1387 3177 1720 3249; x_wconf 88' lang='lat' dir='ltr'><strong>communis]</strong></span> <span class='ocrx_word' id='word_1_308' title='bbox 1753 3178 1876 3234; x_wconf 66' lang='lat' dir='ltr'><strong>vitm</strong></span> <span class='ocrx_word' id='word_1_309' title='bbox 1930 3178 2145 3250; x_wconf 84' lang='lat' dir='ltr'><strong>negotia</strong></span> 
     </span>
    </p>
   </div>
   <div class='ocr_carea' id='block_1_50' title="bbox 2249 1963 3838 2037">
    <p class='ocr_par' dir='ltr' id='par_1_50' title="bbox 2249 1963 3838 2037">
     <span class='ocr_line' id='line_1_50' title="bbox 2249 1963 3838 2037; baseline 0.001 -20"><span class='ocrx_word' id='word_1_310' title='bbox 2249 1963 2730 2019; x_wconf 73' lang='grc' dir='ltr'>ἐπακολουθοῦσαν</span> <span class='ocrx_word' id='word_1_311' title='bbox 2760 1964 3092 2037; x_wconf 79' lang='grc' dir='ltr'>ἐγνώρισαν,</span> <span class='ocrx_word' id='word_1_312' title='bbox 3130 1966 3225 2019; x_wconf 85' lang='grc' dir='ltr'>καὶ</span> <span class='ocrx_word' id='word_1_313' title='bbox 3265 1967 3350 2018; x_wconf 77' lang='grc' dir='ltr'>ἐπ’</span> <span class='ocrx_word' id='word_1_314' title='bbox 3377 1965 3597 2020; x_wconf 78' lang='grc' dir='ltr'>ἐκείνων</span> <span class='ocrx_word' id='word_1_315' title='bbox 3627 1966 3722 2034; x_wconf 83' lang='grc' dir='ltr'>τὴν</span> <span class='ocrx_word' id='word_1_316' title='bbox 3745 1965 3838 2018; x_wconf 78' lang='grc' dir='ltr'>τοῦ</span> 
     </span>
    </p>
   </div>
   <div class='ocr_carea' id='block_1_51' title="bbox 2252 2056 3839 2132">
    <p class='ocr_par' dir='ltr' id='par_1_51' title="bbox 2252 2056 3839 2132">
     <span class='ocr_line' id='line_1_51' title="bbox 2252 2056 3839 2132; baseline 0 -22"><span class='ocrx_word' id='word_1_317' title='bbox 2252 2056 2538 2110; x_wconf 83' lang='grc' dir='ltr'>συνοδικοῦ</span> <span class='ocrx_word' id='word_1_318' title='bbox 2580 2058 2751 2128; x_wconf 88' lang='grc' dir='ltr'>τόμου</span> <span class='ocrx_word' id='word_1_319' title='bbox 2787 2061 3011 2129; x_wconf 75' lang='grc' dir='ltr'>κρατεῖν</span> <span class='ocrx_word' id='word_1_320' title='bbox 3050 2059 3288 2127; x_wconf 79' lang='grc' dir='ltr'>ὀφείλειν</span> <span class='ocrx_word' id='word_1_321' title='bbox 3336 2062 3734 2132; x_wconf 80' lang='grc' dir='ltr'>παρατήρησιν.</span> <span class='ocrx_word' id='word_1_322' title='bbox 3778 2059 3839 2116; x_wconf 84' lang='grc' dir='ltr'>Εἰ</span> 
     </span>
    </p>
   </div>
   <div class='ocr_carea' id='block_1_52' title="bbox 2249 2150 3840 2225">
    <p class='ocr_par' dir='ltr' id='par_1_52' title="bbox 2249 2150 3840 2225">
     <span class='ocr_line' id='line_1_52' title="bbox 2249 2150 3840 2225; baseline 0.002 -23"><span class='ocrx_word' id='word_1_323' title='bbox 2249 2151 2360 2219; x_wconf 76' lang='grc' dir='ltr'><strong>γὰρ</strong></span> <span class='ocrx_word' id='word_1_324' title='bbox 2417 2152 2514 2204; x_wconf 74' lang='grc' dir='ltr'>καὶ</span> <span class='ocrx_word' id='word_1_325' title='bbox 2565 2150 2795 2222; x_wconf 81' lang='grc' dir='ltr'>θάτερον</span> <span class='ocrx_word' id='word_1_326' title='bbox 2845 2153 2974 2216; x_wconf 85' lang='grc' dir='ltr'>ίσως</span> <span class='ocrx_word' id='word_1_327' title='bbox 3035 2151 3144 2206; x_wconf 86' lang='grc' dir='ltr'><strong>τῶν</strong></span> <span class='ocrx_word' id='word_1_328' title='bbox 3195 2151 3610 2222; x_wconf 87' lang='grc' dir='ltr'>συμϐαλλόντων</span> <span class='ocrx_word' id='word_1_329' title='bbox 3663 2153 3840 2225; x_wconf 83' lang='grc' dir='ltr'>μερῶν</span> 
     </span>
    </p>
   </div>
   <div class='ocr_carea' id='block_1_53' title="bbox 2249 2243 3838 2320">
    <p class='ocr_par' dir='ltr' id='par_1_53' title="bbox 2249 2243 3838 2320">
     <span class='ocr_line' id='line_1_53' title="bbox 2249 2243 3838 2320; baseline 0.004 -24"><span class='ocrx_word' id='word_1_330' title='bbox 2249 2243 2526 2317; x_wconf 81' lang='grc' dir='ltr'>θανάτῳῆ</span> <span class='ocrx_word' id='word_1_331' title='bbox 2561 2245 2886 2314; x_wconf 86' lang='grc' dir='ltr'>περιστάσει</span> <span class='ocrx_word' id='word_1_332' title='bbox 2930 2245 3104 2319; x_wconf 78' lang='grc' dir='ltr'>τύχης</span> <span class='ocrx_word' id='word_1_333' title='bbox 3159 2247 3382 2319; x_wconf 79' lang='grc' dir='ltr'>έτέρᾳῆ</span> <span class='ocrx_word' id='word_1_334' title='bbox 3415 2247 3638 2319; x_wconf 80' lang='grc' dir='ltr'>γνώμης</span> <span class='ocrx_word' id='word_1_335' title='bbox 3677 2267 3838 2320; x_wconf 88' lang='grc' dir='ltr'>μετα-</span> 
     </span>
    </p>
   </div>
   <div class='ocr_carea' id='block_1_54' title="bbox 2250 2337 3840 2412">
    <p class='ocr_par' dir='ltr' id='par_1_54' title="bbox 2250 2337 3840 2412">
     <span class='ocr_line' id='line_1_54' title="bbox 2250 2337 3840 2412; baseline 0.004 -24"><span class='ocrx_word' id='word_1_336' title='bbox 2250 2337 2382 2408; x_wconf 83' lang='grc' dir='ltr'>ϐολῇ</span> <span class='ocrx_word' id='word_1_337' title='bbox 2430 2337 2832 2406; x_wconf 80' lang='grc' dir='ltr'>ἁποδιαστῆναι</span> <span class='ocrx_word' id='word_1_338' title='bbox 2881 2339 3148 2410; x_wconf 86' lang='grc' dir='ltr'>συμϐαίη,</span> <span class='ocrx_word' id='word_1_339' title='bbox 3199 2341 3294 2393; x_wconf 67' lang='grc' dir='ltr'><strong>καὶ</strong></span> <span class='ocrx_word' id='word_1_340' title='bbox 3336 2340 3472 2411; x_wconf 76' lang='grc' dir='ltr'>πρὸς</span> <span class='ocrx_word' id='word_1_341' title='bbox 3511 2341 3696 2410; x_wconf 79' lang='grc' dir='ltr'>ἑτέρου</span> <span class='ocrx_word' id='word_1_342' title='bbox 3727 2341 3840 2412; x_wconf 76' lang='grc' dir='ltr'>βίου</span> 
     </span>
    </p>
   </div>
   <div class='ocr_carea' id='block_1_55' title="bbox 2253 2430 3840 2503">
    <p class='ocr_par' dir='ltr' id='par_1_55' title="bbox 2253 2430 3840 2503">
     <span class='ocr_line' id='line_1_55' title="bbox 2253 2430 3840 2503; baseline 0.001 -19"><span class='ocrx_word' id='word_1_343' title='bbox 2253 2430 2640 2502; x_wconf 85' lang='grc' dir='ltr'>συγκλήρωσιν</span> <span class='ocrx_word' id='word_1_344' title='bbox 2693 2431 3102 2502; x_wconf 76' lang='grc' dir='ltr'>μετατάξασθαι</span> <span class='ocrx_word' id='word_1_345' title='bbox 3162 2433 3264 2487; x_wconf 87' lang='grc' dir='ltr'><strong>οὐκ</strong></span> <span class='ocrx_word' id='word_1_346' title='bbox 3297 2433 3481 2503; x_wconf 77' lang='grc' dir='ltr'>ὀλίγον</span> <span class='ocrx_word' id='word_1_347' title='bbox 3513 2432 3746 2487; x_wconf 77' lang='grc' dir='ltr'>ἐνταῦθα</span> <span class='ocrx_word' id='word_1_348' title='bbox 3783 2433 3840 2486; x_wconf 77' lang='grc' dir='ltr'>τὸ</span> 
     </span>
    </p>
   </div>
   <div class='ocr_carea' id='block_1_56' title="bbox 2262 2524 3840 2598">
    <p class='ocr_par' dir='ltr' id='par_1_56' title="bbox 2262 2524 3840 2598">
     <span class='ocr_line' id='line_1_56' title="bbox 2262 2524 3840 2598; baseline -0.001 -20"><span class='ocrx_word' id='word_1_349' title='bbox 2262 2525 2468 2579; x_wconf 80' lang='grc' dir='ltr'>ἄτοπον</span> <span class='ocrx_word' id='word_1_350' title='bbox 2500 2525 2830 2596; x_wconf 85' lang='grc' dir='ltr'>ἐπισύρεται</span> <span class='ocrx_word' id='word_1_351' title='bbox 2854 2525 2952 2590; x_wconf 86' lang='grc' dir='ltr'>τὰς</span> <span class='ocrx_word' id='word_1_352' title='bbox 2982 2527 3391 2598; x_wconf 86' lang='grc' dir='ltr'>προσεισοδίους</span> <span class='ocrx_word' id='word_1_353' title='bbox 3419 2525 3526 2580; x_wconf 86' lang='grc' dir='ltr'><strong>τῶν</strong></span> <span class='ocrx_word' id='word_1_354' title='bbox 3544 2526 3732 2596; x_wconf 81' lang='grc' dir='ltr'>γάμων</span> <span class='ocrx_word' id='word_1_355' title='bbox 3755 2524 3840 2578; x_wconf 83' lang='grc' dir='ltr'>εὐ·</span> 
     </span>
    </p>
   </div>
   <div class='ocr_carea' id='block_1_57' title="bbox 2253 2615 3838 2688">
    <p class='ocr_par' dir='ltr' id='par_1_57' title="bbox 2253 2615 3838 2688">
     <span class='ocr_line' id='line_1_57' title="bbox 2253 2615 3838 2688; baseline 0 -20"><span class='ocrx_word' id='word_1_356' title='bbox 2253 2616 2355 2686; x_wconf 75' lang='grc' dir='ltr'>χὰς</span> <span class='ocrx_word' id='word_1_357' title='bbox 2387 2616 2480 2668; x_wconf 75' lang='grc' dir='ltr'>ἐπὶ</span> <span class='ocrx_word' id='word_1_358' title='bbox 2509 2615 2778 2688; x_wconf 78' lang='grc' dir='ltr'>μνηστείᾳ</span> <span class='ocrx_word' id='word_1_359' title='bbox 2819 2617 3270 2682; x_wconf 79' lang='grc' dir='ltr'>συντελεσθείσας</span> <span class='ocrx_word' id='word_1_360' title='bbox 3302 2617 3376 2682; x_wconf 84' lang='grc' dir='ltr'><strong>ῶς</strong></span> <span class='ocrx_word' id='word_1_361' title='bbox 3402 2637 3454 2671; x_wconf 92' lang='grc' dir='ltr'><strong>τι</strong></span> <span class='ocrx_word' id='word_1_362' title='bbox 3477 2618 3586 2672; x_wconf 90' lang='grc' dir='ltr'><strong>τῶν</strong></span> <span class='ocrx_word' id='word_1_363' title='bbox 3622 2617 3838 2671; x_wconf 86' lang='grc' dir='ltr'>εἰκαίων</span> 
     </span>
    </p>
   </div>
   <div class='ocr_carea' id='block_1_58' title="bbox 2257 2709 3836 2784">
    <p class='ocr_par' dir='ltr' id='par_1_58' title="bbox 2257 2709 3836 2784">
     <span class='ocr_line' id='line_1_58' title="bbox 2257 2709 3836 2784; baseline 0.001 -23"><span class='ocrx_word' id='word_1_364' title='bbox 2257 2709 2354 2762; x_wconf 71' lang='grc' dir='ltr'>καὶ</span> <span class='ocrx_word' id='word_1_365' title='bbox 2387 2711 2824 2782; x_wconf 81' lang='grc' dir='ltr'>συμφερομένων</span> <span class='ocrx_word' id='word_1_366' title='bbox 2850 2710 3170 2779; x_wconf 76' lang='grc' dir='ltr'>λογίσασθαι</span> <span class='ocrx_word' id='word_1_367' title='bbox 3198 2717 3295 2766; x_wconf 78' lang='grc' dir='ltr'>καὶ</span> <span class='ocrx_word' id='word_1_368' title='bbox 3323 2712 3592 2784; x_wconf 81' lang='grc' dir='ltr'>διαφόρως</span> <span class='ocrx_word' id='word_1_369' title='bbox 3618 2711 3836 2765; x_wconf 84' lang='grc' dir='ltr'>ὲκλαϐέ-</span> 
     </span>
    </p>
   </div>
   <div class='ocr_carea' id='block_1_59' title="bbox 2271 2803 3834 2876">
    <p class='ocr_par' dir='ltr' id='par_1_59' title="bbox 2271 2803 3834 2876">
     <span class='ocr_line' id='line_1_59' title="bbox 2271 2803 3834 2876; baseline 0.002 -20"><span class='ocrx_word' id='word_1_370' title='bbox 2271 2803 2395 2856; x_wconf 82' lang='grc' dir='ltr'>σθαι</span> <span class='ocrx_word' id='word_1_371' title='bbox 2418 2803 2535 2856; x_wconf 82' lang='grc' dir='ltr'>τόδε</span> <span class='ocrx_word' id='word_1_372' title='bbox 2562 2803 2624 2856; x_wconf 86' lang='grc' dir='ltr'><strong>τὸ</strong></span> <span class='ocrx_word' id='word_1_373' title='bbox 2674 2806 2928 2876; x_wconf 84' lang='grc' dir='ltr'>πρᾶγμα,</span> <span class='ocrx_word' id='word_1_374' title='bbox 2961 2804 3148 2876; x_wconf 83' lang='grc' dir='ltr'>ῶσπερ</span> <span class='ocrx_word' id='word_1_375' title='bbox 3181 2805 3248 2858; x_wconf 85' lang='grc' dir='ltr'>ἂν</span> <span class='ocrx_word' id='word_1_376' title='bbox 3298 2808 3346 2858; x_wconf 80' lang='grc' dir='ltr'>εἰ</span> <span class='ocrx_word' id='word_1_377' title='bbox 3402 2807 3475 2876; x_wconf 81' lang='grc' dir='ltr'>μὴ</span> <span class='ocrx_word' id='word_1_378' title='bbox 3513 2805 3644 2870; x_wconf 85' lang='grc' dir='ltr'>Θεὸς</span> <span class='ocrx_word' id='word_1_379' title='bbox 3681 2807 3834 2876; x_wconf 84' lang='grc' dir='ltr'>μέσος</span> 
     </span>
    </p>
   </div>
   <div class='ocr_carea' id='block_1_60' title="bbox 2253 2895 3834 2968">
    <p class='ocr_par' dir='ltr' id='par_1_60' title="bbox 2253 2895 3834 2968">
     <span class='ocr_line' id='line_1_60' title="bbox 2253 2895 3834 2968; baseline 0.001 -19"><span class='ocrx_word' id='word_1_380' title='bbox 2253 2895 2370 2949; x_wconf 89' lang='grc' dir='ltr'><strong>τῶν</strong></span> <span class='ocrx_word' id='word_1_381' title='bbox 2425 2896 2852 2967; x_wconf 89' lang='grc' dir='ltr'>συναπτομένων</span> <span class='ocrx_word' id='word_1_382' title='bbox 2895 2897 3208 2968; x_wconf 83' lang='grc' dir='ltr'>προσώπων</span> <span class='ocrx_word' id='word_1_383' title='bbox 3258 2898 3346 2951; x_wconf 74' lang='grc' dir='ltr'>διὰ</span> <span class='ocrx_word' id='word_1_384' title='bbox 3392 2898 3496 2966; x_wconf 80' lang='grc' dir='ltr'>τῆς</span> <span class='ocrx_word' id='word_1_385' title='bbox 3549 2899 3834 2968; x_wconf 87' lang='grc' dir='ltr'>μνηστείας</span> 
     </span>
    </p>
   </div>
   <div class='ocr_carea' id='block_1_61' title="bbox 2253 2988 3832 3062">
    <p class='ocr_par' dir='ltr' id='par_1_61' title="bbox 2253 2988 3832 3062">
     <span class='ocr_line' id='line_1_61' title="bbox 2253 2988 3832 3062; baseline 0.001 -20"><span class='ocrx_word' id='word_1_386' title='bbox 2253 2989 2529 3060; x_wconf 87' lang='grc' dir='ltr'>εἰσήγετο.</span> <span class='ocrx_word' id='word_1_387' title='bbox 2565 2991 2753 3061; x_wconf 83' lang='grc' dir='ltr'>Τούτῳ</span> <span class='ocrx_word' id='word_1_388' title='bbox 2787 2988 2897 3062; x_wconf 83' lang='grc' dir='ltr'>γὰρ</span> <span class='ocrx_word' id='word_1_389' title='bbox 2928 2991 3024 3043; x_wconf 75' lang='grc' dir='ltr'>καὶ</span> <span class='ocrx_word' id='word_1_390' title='bbox 3072 2992 3100 3044; x_wconf 91' lang='lat'><strong>6</strong></span> <span class='ocrx_word' id='word_1_391' title='bbox 3133 2991 3646 3062; x_wconf 72' lang='grc' dir='ltr'>προμνημονευθεὶς</span> <span class='ocrx_word' id='word_1_392' title='bbox 3675 2991 3832 3046; x_wconf 83' lang='grc' dir='ltr'>ἀοίδι-</span> 
     </span>
    </p>
   </div>
   <div class='ocr_carea' id='block_1_62' title="bbox 2256 3081 3835 3154">
    <p class='ocr_par' dir='ltr' id='par_1_62' title="bbox 2256 3081 3835 3154">
     <span class='ocr_line' id='line_1_62' title="bbox 2256 3081 3835 3154; baseline 0.002 -20"><span class='ocrx_word' id='word_1_393' title='bbox 2256 3099 2356 3151; x_wconf 88' lang='grc' dir='ltr'><strong>μος</strong></span> <span class='ocrx_word' id='word_1_394' title='bbox 2412 3081 2668 3152; x_wconf 80' lang='grc' dir='ltr'>βασιλεὺς</span> <span class='ocrx_word' id='word_1_395' title='bbox 2728 3081 3080 3153; x_wconf 87' lang='grc' dir='ltr'>εὐεπηϐόλως</span> <span class='ocrx_word' id='word_1_396' title='bbox 3127 3083 3572 3154; x_wconf 79' lang='grc' dir='ltr'>ἀνακολουθήσας</span> <span class='ocrx_word' id='word_1_397' title='bbox 3621 3083 3709 3136; x_wconf 81' lang='grc' dir='ltr'><strong>τὸν</strong></span> <span class='ocrx_word' id='word_1_398' title='bbox 3742 3082 3835 3152; x_wconf 81' lang='grc' dir='ltr'><strong>τῆς</strong></span> 
     </span>
    </p>
   </div>
   <div class='ocr_carea' id='block_1_63' title="bbox 2255 3171 3833 3247">
    <p class='ocr_par' dir='ltr' id='par_1_63' title="bbox 2255 3171 3833 3247">
     <span class='ocr_line' id='line_1_63' title="bbox 2255 3171 3833 3247; baseline -0.003 -19"><span class='ocrx_word' id='word_1_399' title='bbox 2255 3173 2418 3242; x_wconf 85' lang='grc' dir='ltr'>ἁγίας</span> <span class='ocrx_word' id='word_1_400' title='bbox 2450 3174 2544 3227; x_wconf 81' lang='grc' dir='ltr'>καὶ</span> <span class='ocrx_word' id='word_1_401' title='bbox 2577 3173 2876 3246; x_wconf 84' lang='grc' dir='ltr'>καθολικῆς</span> <span class='ocrx_word' id='word_1_402' title='bbox 2909 3171 2961 3238; x_wconf 81' lang='grc' dir='ltr'>ς’</span> <span class='ocrx_word' id='word_1_403' title='bbox 3000 3173 3219 3227; x_wconf 84' lang='grc' dir='ltr'>συνόδου</span> <span class='ocrx_word' id='word_1_404' title='bbox 3260 3174 3460 3230; x_wconf 80' lang='grc' dir='ltr'>κανόνα</span> <span class='ocrx_word' id='word_1_405' title='bbox 3492 3177 3550 3238; x_wconf 87' lang='grc' dir='ltr'>ὃς</span> <span class='ocrx_word' id='word_1_406' title='bbox 3577 3174 3675 3247; x_wconf 83' lang='grc' dir='ltr'>τὴν</span> <span class='ocrx_word' id='word_1_407' title='bbox 3705 3192 3833 3246; x_wconf 74' lang='grc' dir='ltr'>μνη-</span> 
     </span>
    </p>
   </div>
   <div class='ocr_carea' id='block_1_64' title="bbox 542 3249 2144 3344">
    <p class='ocr_par' dir='ltr' id='par_1_64' title="bbox 542 3249 2141 3344">
     <span class='ocr_line' id='line_1_64' title="bbox 542 3249 2141 3344; baseline 0.006 -24"><span class='ocrx_word' id='word_1_408' title='bbox 542 3265 646 3331; x_wconf 66' lang='grc' dir='ltr'>θα,</span> <span class='ocrx_word' id='word_1_409' title='bbox 676 3265 834 3338; x_wconf 91' lang='lat' dir='ltr'><strong>longe</strong></span> <span class='ocrx_word' id='word_1_410' title='bbox 867 3267 1121 3324; x_wconf 87' lang='lat' dir='ltr'><strong>ornatius</strong></span> <span class='ocrx_word' id='word_1_411' title='bbox 1143 3270 1432 3342; x_wconf 77' lang='lat' dir='ltr'><strong>magisque</strong></span> <span class='ocrx_word' id='word_1_412' title='bbox 1479 3287 1700 3327; x_wconf 86' lang='lat' dir='ltr'><strong>sacrum</strong></span> <span class='ocrx_word' id='word_1_413' title='bbox 1750 3272 1935 3327; x_wconf 70' lang='lat' dir='ltr'><strong>divina</strong></span> <span class='ocrx_word' id='word_1_414' title='bbox 1965 3249 2141 3344; x_wconf 84' lang='lat' dir='ltr'><strong>gratia</strong></span> 
     </span>
    </p>
   </div>
   <div class='ocr_carea' id='block_1_65' title="bbox 2251 3249 3828 3344">
    <p class='ocr_par' dir='ltr' id='par_1_65' title="bbox 2251 3267 3828 3339">
     <span class='ocr_line' id='line_1_65' title="bbox 2251 3267 3828 3339; baseline -0.001 -18"><span class='ocrx_word' id='word_1_415' title='bbox 2251 3267 2630 3338; x_wconf 86' lang='grc' dir='ltr'>στευσαμένην</span> <span class='ocrx_word' id='word_1_416' title='bbox 2658 3267 2738 3322; x_wconf 74' lang='grc' dir='ltr'>ἔτι</span> <span class='ocrx_word' id='word_1_417' title='bbox 2768 3267 2862 3322; x_wconf 83' lang='grc' dir='ltr'>τοῦ</span> <span class='ocrx_word' id='word_1_418' title='bbox 2901 3268 3218 3339; x_wconf 82' lang='grc' dir='ltr'>μνηστῆρος</span> <span class='ocrx_word' id='word_1_419' title='bbox 3254 3269 3311 3320; x_wconf 77' lang='grc' dir='ltr'>ὲν</span> <span class='ocrx_word' id='word_1_420' title='bbox 3350 3267 3659 3339; x_wconf 84' lang='grc' dir='ltr'>ἀνθρώποις</span> <span class='ocrx_word' id='word_1_421' title='bbox 3679 3267 3828 3329; x_wconf 76' lang='grc' dir='ltr'>ὄντος</span> 
     </span>
    </p>
   </div>
   <div class='ocr_carea' id='block_1_66' title="bbox 539 3357 2146 3438">
    <p class='ocr_par' dir='ltr' id='par_1_66' title="bbox 539 3357 2146 3438">
     <span class='ocr_line' id='line_1_66' title="bbox 539 3357 2146 3438; baseline 0.006 -24"><span class='ocrx_word' id='word_1_422' title='bbox 539 3357 882 3415; x_wconf 88' lang='lat' dir='ltr'><strong>devenerunt</strong></span> <span class='ocrx_word' id='word_1_423' title='bbox 931 3360 1357 3429; x_wconf 89' lang='lat' dir='ltr'><strong>incrementum,</strong></span> <span class='ocrx_word' id='word_1_424' title='bbox 1394 3373 1559 3435; x_wconf 87' lang='lat' dir='ltr'><strong>atque</strong></span> <span class='ocrx_word' id='word_1_425' title='bbox 1617 3366 1744 3421; x_wconf 89' lang='lat' dir='ltr'><strong>hinc</strong></span> <span class='ocrx_word' id='word_1_426' title='bbox 1778 3384 1885 3423; x_wconf 89' lang='lat' dir='ltr'><strong>non</strong></span> <span class='ocrx_word' id='word_1_427' title='bbox 1938 3369 2146 3438; x_wconf 62' lang='lat' dir='ltr'><strong>nuptiae</strong></span> 
     </span>
    </p>
   </div>
   <div class='ocr_carea' id='block_1_67' title="bbox 544 3451 2146 3531">
    <p class='ocr_par' dir='ltr' id='par_1_67' title="bbox 544 3451 2146 3531">
     <span class='ocr_line' id='line_1_67' title="bbox 544 3451 2146 3531; baseline 0.004 -22"><span class='ocrx_word' id='word_1_428' title='bbox 544 3451 728 3509; x_wconf 88' lang='lat' dir='ltr'><strong>solum</strong></span> <span class='ocrx_word' id='word_1_429' title='bbox 759 3494 774 3520; x_wconf 92' lang='lat'><strong>,</strong></span> <span class='ocrx_word' id='word_1_430' title='bbox 825 3469 1014 3509; x_wconf 88' lang='lat' dir='ltr'><strong>verum</strong></span> <span class='ocrx_word' id='word_1_431' title='bbox 1067 3455 1234 3511; x_wconf 90' lang='lat' dir='ltr'><strong>etiam</strong></span> <span class='ocrx_word' id='word_1_432' title='bbox 1298 3458 1576 3528; x_wconf 87' lang='lat' dir='ltr'><strong>sponsalia</strong></span> <span class='ocrx_word' id='word_1_433' title='bbox 1629 3459 1994 3531; x_wconf 81' lang='lat' dir='ltr'><strong>peragendam</strong></span> <span class='ocrx_word' id='word_1_434' title='bbox 2056 3476 2146 3517; x_wconf 87' lang='lat' dir='ltr'><strong>sa-</strong></span> 
     </span>
    </p>
   </div>
   <div class='ocr_carea' id='block_1_68' title="bbox 539 3547 2148 3621">
    <p class='ocr_par' dir='ltr' id='par_1_68' title="bbox 539 3547 2148 3621">
     <span class='ocr_line' id='line_1_68' title="bbox 539 3547 2148 3621; baseline 0.006 -19"><span class='ocrx_word' id='word_1_435' title='bbox 539 3563 692 3602; x_wconf 86' lang='lat' dir='ltr'><strong>cram</strong></span> <span class='ocrx_word' id='word_1_436' title='bbox 754 3547 1194 3606; x_wconf 86' lang='lat' dir='ltr'><strong>benedictionem</strong></span> <span class='ocrx_word' id='word_1_437' title='bbox 1225 3550 1332 3606; x_wconf 86' lang='lat' dir='ltr'><strong>sibi</strong></span> <span class='ocrx_word' id='word_1_438' title='bbox 1394 3552 1748 3621; x_wconf 89' lang='lat' dir='ltr'><strong>conjunctam</strong></span> <span class='ocrx_word' id='word_1_439' title='bbox 1781 3553 2033 3611; x_wconf 85' lang='lat' dir='ltr'><strong>habent:</strong></span> <span class='ocrx_word' id='word_1_440' title='bbox 2081 3569 2148 3611; x_wconf 92' lang='lat' dir='ltr'><strong>ac</strong></span> 
     </span>
    </p>
   </div>
   <div class='ocr_carea' id='block_1_69' title="bbox 542 3636 2147 3716">
    <p class='ocr_par' dir='ltr' id='par_1_69' title="bbox 542 3636 2147 3716">
     <span class='ocr_line' id='line_1_69' title="bbox 542 3636 2147 3716; baseline 0.006 -24"><span class='ocrx_word' id='word_1_441' title='bbox 542 3636 720 3710; x_wconf 83' lang='lat' dir='ltr'><strong>[vero]</strong></span> <span class='ocrx_word' id='word_1_442' title='bbox 770 3648 986 3695; x_wconf 86' lang='lat' dir='ltr'><strong>certum</strong></span> <span class='ocrx_word' id='word_1_443' title='bbox 1066 3648 1288 3712; x_wconf 86' lang='lat' dir='ltr'><strong>tempus</strong></span> <span class='ocrx_word' id='word_1_444' title='bbox 1331 3643 1522 3713; x_wconf 45' lang='lat' dir='ltr'><strong>prima).</strong></span> <span class='ocrx_word' id='word_1_445' title='bbox 1556 3659 1587 3699; x_wconf 94' lang='lat' dir='ltr'><strong>c</strong></span> <span class='ocrx_word' id='word_1_446' title='bbox 1619 3645 1884 3716; x_wconf 88' lang='lat' dir='ltr'><strong>onjugum</strong></span> <span class='ocrx_word' id='word_1_447' title='bbox 1914 3645 2147 3714; x_wconf 81' lang='lat' dir='ltr'><strong>coniun-</strong></span> 
     </span>
    </p>
   </div>
   <div class='ocr_carea' id='block_1_70' title="bbox 538 3728 2146 3806">
    <p class='ocr_par' dir='ltr' id='par_1_70' title="bbox 538 3728 2146 3806">
     <span class='ocr_line' id='line_1_70' title="bbox 538 3728 2146 3806; baseline 0.006 -22"><span class='ocrx_word' id='word_1_448' title='bbox 538 3728 712 3784; x_wconf 89' lang='lat' dir='ltr'><strong>ctioni</strong></span> <span class='ocrx_word' id='word_1_449' title='bbox 748 3745 848 3800; x_wconf 87' lang='lat' dir='ltr'><strong>per</strong></span> <span class='ocrx_word' id='word_1_450' title='bbox 895 3731 1262 3787; x_wconf 89' lang='lat' dir='ltr'><strong>recentiorem</strong></span> <span class='ocrx_word' id='word_1_451' title='bbox 1347 3733 1745 3805; x_wconf 85' lang='lat' dir='ltr'><strong>sapientissimi</strong></span> <span class='ocrx_word' id='word_1_452' title='bbox 1797 3735 2146 3806; x_wconf 87' lang='lat' dir='ltr'><strong>imperatoris</strong></span> 
     </span>
    </p>
   </div>
   <div class='ocr_carea' id='block_1_71' title="bbox 539 3820 2144 3900">
    <p class='ocr_par' dir='ltr' id='par_1_71' title="bbox 539 3820 2144 3900">
     <span class='ocr_line' id='line_1_71' title="bbox 539 3820 2144 3900; baseline 0.004 -24"><span class='ocrx_word' id='word_1_453' title='bbox 539 3820 730 3876; x_wconf 92' lang='lat' dir='ltr'><strong>domui</strong></span> <span class='ocrx_word' id='word_1_454' title='bbox 789 3820 991 3900; x_wconf 74' lang='lat' dir='ltr'><strong>Lepnis</strong></span> <span class='ocrx_word' id='word_1_455' title='bbox 1048 3823 1392 3880; x_wconf 87' lang='lat' dir='ltr'><strong>sanctionem</strong></span> <span class='ocrx_word' id='word_1_456' title='bbox 1445 3833 1530 3881; x_wconf 87' lang='lat' dir='ltr'><strong>est</strong></span> <span class='ocrx_word' id='word_1_457' title='bbox 1589 3827 1996 3897; x_wconf 80' lang='lat' dir='ltr'><strong>promulgatum</strong></span> <span class='ocrx_word' id='word_1_458' title='bbox 2050 3828 2144 3900; x_wconf 94' lang='lat' dir='ltr'><strong>(in</strong></span> 
     </span>
    </p>
   </div>
   <div class='ocr_carea' id='block_1_72' title="bbox 537 3912 2144 3989">
    <p class='ocr_par' dir='ltr' id='par_1_72' title="bbox 537 3912 2144 3989">
     <span class='ocr_line' id='line_1_72' title="bbox 537 3912 2144 3989; baseline 0.005 -22"><span class='ocrx_word' id='word_1_459' title='bbox 537 3912 789 3970; x_wconf 87' lang='lat' dir='ltr'><strong>maribus</strong></span> <span class='ocrx_word' id='word_1_460' title='bbox 815 3929 1030 3984; x_wconf 88' lang='lat' dir='ltr'><strong>nempe,</strong></span> <span class='ocrx_word' id='word_1_461' title='bbox 1066 3930 1246 3972; x_wconf 91' lang='lat' dir='ltr'><strong>annus</strong></span> <span class='ocrx_word' id='word_1_462' title='bbox 1295 3915 1475 3973; x_wconf 83' lang='lat' dir='ltr'><strong>aetatis</strong></span> <span class='ocrx_word' id='word_1_463' title='bbox 1501 3918 1751 3974; x_wconf 91' lang='lat' dir='ltr'><strong>decimus</strong></span> <span class='ocrx_word' id='word_1_464' title='bbox 1783 3918 2012 3989; x_wconf 91' lang='lat' dir='ltr'><strong>quintus</strong></span> <span class='ocrx_word' id='word_1_465' title='bbox 2042 3939 2056 3975; x_wconf 92' lang='lat'><strong>:</strong></span> <span class='ocrx_word' id='word_1_466' title='bbox 2089 3920 2144 3975; x_wconf 93' lang='lat' dir='ltr'><strong>in</strong></span> 
     </span>
    </p>
   </div>
   <div class='ocr_carea' id='block_1_73' title="bbox 537 4001 2140 4087">
    <p class='ocr_par' dir='ltr' id='par_1_73' title="bbox 537 4001 2140 4087">
     <span class='ocr_line' id='line_1_73' title="bbox 537 4001 2140 4087; baseline 0.007 -31"><span class='ocrx_word' id='word_1_467' title='bbox 537 4001 794 4087; x_wconf 54' lang='lat' dir='ltr'><strong>feminis,</strong></span> <span class='ocrx_word' id='word_1_468' title='bbox 845 4005 1096 4063; x_wconf 90' lang='lat' dir='ltr'><strong>decimus</strong></span> <span class='ocrx_word' id='word_1_469' title='bbox 1139 4007 1370 4064; x_wconf 91' lang='lat' dir='ltr'><strong>tertius:</strong></span> <span class='ocrx_word' id='word_1_470' title='bbox 1409 4009 1559 4078; x_wconf 90' lang='lat' dir='ltr'><strong>quod</strong></span> <span class='ocrx_word' id='word_1_471' title='bbox 1619 4007 1865 4079; x_wconf 86' lang='lat' dir='ltr'><strong>prcfccto</strong></span> <span class='ocrx_word' id='word_1_472' title='bbox 1921 4019 2140 4082; x_wconf 91' lang='lat' dir='ltr'><strong>tempus</strong></span> 
     </span>
    </p>
   </div>
   <div class='ocr_carea' id='block_1_74' title="bbox 538 4095 2143 4172">
    <p class='ocr_par' dir='ltr' id='par_1_74' title="bbox 538 4095 2143 4172">
     <span class='ocr_line' id='line_1_74' title="bbox 538 4095 2143 4172; baseline 0.004 -20"><span class='ocrx_word' id='word_1_473' title='bbox 538 4095 608 4152; x_wconf 90' lang='lat' dir='ltr'><strong>ad</strong></span> <span class='ocrx_word' id='word_1_474' title='bbox 639 4097 940 4168; x_wconf 83' lang='lat' dir='ltr'><strong>perfectam</strong></span> <span class='ocrx_word' id='word_1_475' title='bbox 985 4100 1284 4172; x_wconf 84' lang='lat' dir='ltr'><strong>conjugum</strong></span> <span class='ocrx_word' id='word_1_476' title='bbox 1344 4101 1810 4158; x_wconf 89' lang='lat' dir='ltr'><strong>cohabitationcm</strong></span> <span class='ocrx_word' id='word_1_477' title='bbox 1863 4115 2020 4160; x_wconf 86' lang='lat' dir='ltr'><strong>vetus</strong></span> <span class='ocrx_word' id='word_1_478' title='bbox 2056 4105 2143 4159; x_wconf 83' lang='lat' dir='ltr'><strong>lex</strong></span> 
     </span>
    </p>
   </div>
   <div class='ocr_carea' id='block_1_75' title="bbox 538 4189 2138 4266">
    <p class='ocr_par' dir='ltr' id='par_1_75' title="bbox 538 4189 2138 4266">
     <span class='ocr_line' id='line_1_75' title="bbox 538 4189 2138 4266; baseline 0.002 -20"><span class='ocrx_word' id='word_1_479' title='bbox 538 4189 816 4246; x_wconf 83' lang='lat' dir='ltr'><strong>suflicieus</strong></span> <span class='ocrx_word' id='word_1_480' title='bbox 853 4206 976 4246; x_wconf 84' lang='lat' dir='ltr'><strong>esse</strong></span> <span class='ocrx_word' id='word_1_481' title='bbox 1033 4191 1233 4263; x_wconf 87' lang='lat' dir='ltr'><strong>jussit)</strong></span> <span class='ocrx_word' id='word_1_482' title='bbox 1293 4193 1672 4248; x_wconf 87' lang='lat' dir='ltr'><strong>necessarium</strong></span> <span class='ocrx_word' id='word_1_483' title='bbox 1728 4209 1851 4249; x_wconf 88' lang='lat' dir='ltr'><strong>esse</strong></span> <span class='ocrx_word' id='word_1_484' title='bbox 1893 4195 2138 4266; x_wconf 85' lang='lat' dir='ltr'><strong>potentia</strong></span> 
     </span>
    </p>
   </div>
   <div class='ocr_carea' id='block_1_76' title="bbox 537 4283 2141 4355">
    <p class='ocr_par' dir='ltr' id='par_1_76' title="bbox 537 4283 2141 4355">
     <span class='ocr_line' id='line_1_76' title="bbox 537 4283 2141 4355; baseline 0.002 -19"><span class='ocrx_word' id='word_1_485' title='bbox 537 4293 731 4338; x_wconf 89' lang='lat' dir='ltr'><strong>nostra</strong></span> <span class='ocrx_word' id='word_1_486' title='bbox 781 4283 1071 4353; x_wconf 86' lang='lat' dir='ltr'><strong>judicavit,</strong></span> <span class='ocrx_word' id='word_1_487' title='bbox 1094 4293 1155 4338; x_wconf 95' lang='lat' dir='ltr'><strong>ut</strong></span> <span class='ocrx_word' id='word_1_488' title='bbox 1188 4299 1288 4355; x_wconf 86' lang='lat' dir='ltr'><strong>per</strong></span> <span class='ocrx_word' id='word_1_489' title='bbox 1321 4300 1566 4354; x_wconf 70' lang='lat' dir='ltr'><strong>prteseus</strong></span> <span class='ocrx_word' id='word_1_490' title='bbox 1594 4285 1878 4341; x_wconf 85' lang='lat' dir='ltr'><strong>oraculum</strong></span> <span class='ocrx_word' id='word_1_491' title='bbox 1907 4287 2141 4342; x_wconf 81' lang='lat' dir='ltr'><strong>firmiter</strong></span> 
     </span>
    </p>
   </div>
   <div class='ocr_carea' id='block_1_77' title="bbox 542 4374 2148 4447">
    <p class='ocr_par' dir='ltr' id='par_1_77' title="bbox 542 4374 2148 4447">
     <span class='ocr_line' id='line_1_77' title="bbox 542 4374 2148 4447; baseline 0.003 -17"><span class='ocrx_word' id='word_1_492' title='bbox 542 4374 792 4442; x_wconf 71' lang='lat' dir='ltr'><strong>defirniat,</strong></span> <span class='ocrx_word' id='word_1_493' title='bbox 829 4376 1046 4446; x_wconf 89' lang='lat' dir='ltr'><strong>proprie</strong></span> <span class='ocrx_word' id='word_1_494' title='bbox 1081 4377 1173 4432; x_wconf 88' lang='lat' dir='ltr'><strong>illa</strong></span> <span class='ocrx_word' id='word_1_495' title='bbox 1223 4393 1345 4432; x_wconf 89' lang='lat' dir='ltr'><strong>esse</strong></span> <span class='ocrx_word' id='word_1_496' title='bbox 1391 4378 1692 4447; x_wconf 88' lang='lat' dir='ltr'><strong>sponsalia,</strong></span> <span class='ocrx_word' id='word_1_497' title='bbox 1736 4387 1790 4432; x_wconf 91' lang='lat' dir='ltr'><strong>et</strong></span> <span class='ocrx_word' id='word_1_498' title='bbox 1821 4395 2010 4434; x_wconf 88' lang='lat' dir='ltr'><strong>revera</strong></span> <span class='ocrx_word' id='word_1_499' title='bbox 2063 4394 2148 4435; x_wconf 88' lang='lat' dir='ltr'><strong>se-</strong></span> 
     </span>
    </p>
   </div>
   <div class='ocr_carea' id='block_1_78' title="bbox 537 4468 2144 4540">
    <p class='ocr_par' dir='ltr' id='par_1_78' title="bbox 537 4468 2144 4540">
     <span class='ocr_line' id='line_1_78' title="bbox 537 4468 2144 4540; baseline 0.002 -18"><span class='ocrx_word' id='word_1_500' title='bbox 537 4468 780 4522; x_wconf 91' lang='lat' dir='ltr'><strong>cundum</strong></span> <span class='ocrx_word' id='word_1_501' title='bbox 835 4477 1040 4524; x_wconf 55' lang='lat' dir='ltr'><strong>exacta).</strong></span> <span class='ocrx_word' id='word_1_502' title='bbox 1077 4470 1357 4540; x_wconf 86' lang='lat' dir='ltr'><strong>synodalis</strong></span> <span class='ocrx_word' id='word_1_503' title='bbox 1403 4485 1615 4526; x_wconf 72' lang='lat' dir='ltr'><strong>norma:</strong></span> <span class='ocrx_word' id='word_1_504' title='bbox 1645 4470 2144 4526; x_wconf 85' lang='lat' dir='ltr'><strong>considerationem</strong></span> 
     </span>
    </p>
   </div>
   <div class='ocr_carea' id='block_1_79' title="bbox 2249 3361 3830 3435">
    <p class='ocr_par' dir='ltr' id='par_1_79' title="bbox 2249 3361 3830 3435">
     <span class='ocr_line' id='line_1_79' title="bbox 2249 3361 3830 3435; baseline -0.002 -19"><span class='ocrx_word' id='word_1_505' title='bbox 2249 3363 2391 3435; x_wconf 85' lang='grc' dir='ltr'>πρὸς</span> <span class='ocrx_word' id='word_1_506' title='bbox 2423 3363 2670 3435; x_wconf 78' lang='grc' dir='ltr'>γαμικὴν</span> <span class='ocrx_word' id='word_1_507' title='bbox 2698 3362 2915 3434; x_wconf 85' lang='grc' dir='ltr'>ὁμιλίαν</span> <span class='ocrx_word' id='word_1_508' title='bbox 2942 3361 3117 3434; x_wconf 81' lang='grc' dir='ltr'>ἑτέρῳ</span> <span class='ocrx_word' id='word_1_509' title='bbox 3139 3361 3496 3434; x_wconf 83' lang='grc' dir='ltr'>συνέρχεσθαι</span> <span class='ocrx_word' id='word_1_510' title='bbox 3521 3361 3830 3416; x_wconf 84' lang='grc' dir='ltr'>ἁπεκώλυσε</span> 
     </span>
    </p>
   </div>
   <div class='ocr_carea' id='block_1_80' title="bbox 2255 3453 3832 3527">
    <p class='ocr_par' dir='ltr' id='par_1_80' title="bbox 2255 3453 3832 3527">
     <span class='ocr_line' id='line_1_80' title="bbox 2255 3453 3832 3527; baseline -0.001 -19"><span class='ocrx_word' id='word_1_511' title='bbox 2255 3455 2506 3527; x_wconf 85' lang='grc' dir='ltr'>μοιχείαν</span> <span class='ocrx_word' id='word_1_512' title='bbox 2541 3455 2602 3509; x_wconf 86' lang='grc' dir='ltr'><strong>τδ</strong></span> <span class='ocrx_word' id='word_1_513' title='bbox 2656 3456 2895 3526; x_wconf 82' lang='grc' dir='ltr'>πρᾶγμα</span> <span class='ocrx_word' id='word_1_514' title='bbox 2938 3456 3330 3526; x_wconf 85' lang='grc' dir='ltr'>διορισαμένης</span> <span class='ocrx_word' id='word_1_515' title='bbox 3367 3455 3550 3524; x_wconf 79' lang='grc' dir='ltr'>σαφῶς</span> <span class='ocrx_word' id='word_1_516' title='bbox 3581 3457 3711 3527; x_wconf 73' lang='grc' dir='ltr'>πρὸς</span> <span class='ocrx_word' id='word_1_517' title='bbox 3737 3453 3832 3524; x_wconf 72' lang='grc' dir='ltr'><strong>τὴν</strong></span> 
     </span>
    </p>
   </div>
   <div class='ocr_carea' id='block_1_81' title="bbox 2249 3547 3833 3621">
    <p class='ocr_par' dir='ltr' id='par_1_81' title="bbox 2249 3547 3833 3621">
     <span class='ocr_line' id='line_1_81' title="bbox 2249 3547 3833 3621; baseline -0.003 -18"><span class='ocrx_word' id='word_1_518' title='bbox 2249 3550 2665 3621; x_wconf 72' lang='grc' dir='ltr'>ἐμφαινομένην</span> <span class='ocrx_word' id='word_1_519' title='bbox 2727 3549 2822 3603; x_wconf 77' lang='grc' dir='ltr'>τοῦ</span> <span class='ocrx_word' id='word_1_520' title='bbox 2877 3547 3246 3618; x_wconf 76' lang='grc' dir='ltr'>παλαιγενοῦς</span> <span class='ocrx_word' id='word_1_521' title='bbox 3299 3549 3611 3602; x_wconf 79' lang='grc' dir='ltr'>ἐναντίωσιν</span> <span class='ocrx_word' id='word_1_522' title='bbox 3674 3548 3833 3618; x_wconf 87' lang='grc' dir='ltr'>νόμου</span> 
     </span>
    </p>
   </div>
   <div class='ocr_carea' id='block_1_82' title="bbox 2250 3640 3834 3712">
    <p class='ocr_par' dir='ltr' id='par_1_82' title="bbox 2250 3640 3834 3712">
     <span class='ocr_line' id='line_1_82' title="bbox 2250 3640 3834 3712; baseline -0.001 -17"><span class='ocrx_word' id='word_1_523' title='bbox 2250 3641 2434 3704; x_wconf 86' lang='grc' dir='ltr'>καλῶς</span> <span class='ocrx_word' id='word_1_524' title='bbox 2484 3641 2843 3695; x_wconf 87' lang='grc' dir='ltr'>συνεϐίϐασεν</span> <span class='ocrx_word' id='word_1_525' title='bbox 2895 3643 2978 3695; x_wconf 78' lang='grc' dir='ltr'>ὅτι</span> <span class='ocrx_word' id='word_1_526' title='bbox 3022 3642 3172 3711; x_wconf 77' lang='grc' dir='ltr'>καὶὴ</span> <span class='ocrx_word' id='word_1_527' title='bbox 3229 3640 3367 3712; x_wconf 71' lang='grc' dir='ltr'>μετὰ</span> <span class='ocrx_word' id='word_1_528' title='bbox 3417 3640 3515 3712; x_wconf 83' lang='grc' dir='ltr'><strong>τὴν</strong></span> <span class='ocrx_word' id='word_1_529' title='bbox 3563 3643 3672 3703; x_wconf 88' lang='grc' dir='ltr'>τοῖς</span> <span class='ocrx_word' id='word_1_530' title='bbox 3704 3655 3834 3710; x_wconf 87' lang='grc' dir='ltr'>μνη·</span> 
     </span>
    </p>
   </div>
   <div class='ocr_carea' id='block_1_83' title="bbox 2263 3731 3832 3805">
    <p class='ocr_par' dir='ltr' id='par_1_83' title="bbox 2263 3731 3832 3805">
     <span class='ocr_line' id='line_1_83' title="bbox 2263 3731 3832 3805; baseline -0.002 -18"><span class='ocrx_word' id='word_1_531' title='bbox 2263 3734 2462 3805; x_wconf 81' lang='grc' dir='ltr'>στῆρσι</span> <span class='ocrx_word' id='word_1_532' title='bbox 2522 3735 2822 3805; x_wconf 87' lang='grc' dir='ltr'>γινομένην</span> <span class='ocrx_word' id='word_1_533' title='bbox 2882 3733 3135 3802; x_wconf 83' lang='grc' dir='ltr'>εὐλογίαν</span> <span class='ocrx_word' id='word_1_534' title='bbox 3182 3733 3464 3796; x_wconf 82' lang='grc' dir='ltr'>διάστασις</span> <span class='ocrx_word' id='word_1_535' title='bbox 3522 3731 3678 3785; x_wconf 84' lang='grc' dir='ltr'><strong>τοῦτὸ</strong></span> <span class='ocrx_word' id='word_1_536' title='bbox 3725 3733 3832 3784; x_wconf 76' lang='grc' dir='ltr'>ἐστι</span> 
     </span>
    </p>
   </div>
   <div class='ocr_carea' id='block_1_84' title="bbox 2255 3820 3831 3895">
    <p class='ocr_par' dir='ltr' id='par_1_84' title="bbox 2255 3820 3831 3895">
     <span class='ocr_line' id='line_1_84' title="bbox 2255 3820 3831 3895; baseline -0.004 -17"><span class='ocrx_word' id='word_1_537' title='bbox 2255 3823 2398 3878; x_wconf 75' lang='grc' dir='ltr'>κατὰ</span> <span class='ocrx_word' id='word_1_538' title='bbox 2429 3822 2528 3894; x_wconf 80' lang='grc' dir='ltr'><strong>τὴν</strong></span> <span class='ocrx_word' id='word_1_539' title='bbox 2560 3822 2772 3876; x_wconf 79' lang='grc' dir='ltr'>ἐκείνου</span> <span class='ocrx_word' id='word_1_540' title='bbox 2806 3825 2994 3895; x_wconf 85' lang='grc' dir='ltr'>φωνὴν</span> <span class='ocrx_word' id='word_1_541' title='bbox 3048 3822 3344 3894; x_wconf 83' lang='grc' dir='ltr'>μνηστείας</span> <span class='ocrx_word' id='word_1_542' title='bbox 3387 3820 3622 3892; x_wconf 80' lang='grc' dir='ltr'>ἀληθοῦς</span> <span class='ocrx_word' id='word_1_543' title='bbox 3664 3820 3831 3881; x_wconf 85' lang='grc' dir='ltr'>λύσις.</span> 
     </span>
    </p>
   </div>
   <div class='ocr_carea' id='block_1_85' title="bbox 2251 3913 3834 3987">
    <p class='ocr_par' dir='ltr' id='par_1_85' title="bbox 2251 3913 3834 3987">
     <span class='ocr_line' id='line_1_85' title="bbox 2251 3913 3834 3987; baseline -0.003 -17"><span class='ocrx_word' id='word_1_544' title='bbox 2251 3917 2315 3970; x_wconf 81' lang='lat' dir='ltr'><strong>Ei.</strong></span> <span class='ocrx_word' id='word_1_545' title='bbox 2355 3915 2413 3970; x_wconf 80' lang='grc' dir='ltr'>δὲ</span> <span class='ocrx_word' id='word_1_546' title='bbox 2447 3916 2737 3987; x_wconf 87' lang='grc' dir='ltr'>μνηστεῖαί</span> <span class='ocrx_word' id='word_1_547' title='bbox 2795 3933 2942 3980; x_wconf 90' lang='grc' dir='ltr'>τινες</span> <span class='ocrx_word' id='word_1_548' title='bbox 2992 3914 3136 3970; x_wconf 81' lang='grc' dir='ltr'>κατὰ</span> <span class='ocrx_word' id='word_1_549' title='bbox 3168 3915 3268 3986; x_wconf 83' lang='grc' dir='ltr'><strong>τὴν</strong></span> <span class='ocrx_word' id='word_1_550' title='bbox 3291 3915 3400 3968; x_wconf 88' lang='grc' dir='ltr'><strong>τῶν</strong></span> <span class='ocrx_word' id='word_1_551' title='bbox 3436 3913 3643 3966; x_wconf 83' lang='grc' dir='ltr'>πολλῶν</span> <span class='ocrx_word' id='word_1_552' title='bbox 3680 3913 3834 3982; x_wconf 79' lang='grc' dir='ltr'>συνή-</span> 
     </span>
    </p>
   </div>
   <div class='ocr_carea' id='block_1_86' title="bbox 2251 4004 3833 4080">
    <p class='ocr_par' dir='ltr' id='par_1_86' title="bbox 2251 4004 3833 4080">
     <span class='ocr_line' id='line_1_86' title="bbox 2251 4004 3833 4080; baseline -0.004 -18"><span class='ocrx_word' id='word_1_553' title='bbox 2251 4009 2405 4062; x_wconf 89' lang='grc' dir='ltr'>θειαν</span> <span class='ocrx_word' id='word_1_554' title='bbox 2442 4007 2754 4072; x_wconf 86' lang='grc' dir='ltr'>ἀκολούθως</span> <span class='ocrx_word' id='word_1_555' title='bbox 2790 4007 2892 4080; x_wconf 73' lang='grc' dir='ltr'>ἤδη</span> <span class='ocrx_word' id='word_1_556' title='bbox 2961 4007 3218 4077; x_wconf 83' lang='grc' dir='ltr'>γεγόνασι</span> <span class='ocrx_word' id='word_1_557' title='bbox 3263 4009 3360 4060; x_wconf 76' lang='grc' dir='ltr'>καὶ</span> <span class='ocrx_word' id='word_1_558' title='bbox 3408 4005 3705 4077; x_wconf 87' lang='grc' dir='ltr'>συμϐόλαια</span> <span class='ocrx_word' id='word_1_559' title='bbox 3740 4004 3833 4074; x_wconf 86' lang='grc' dir='ltr'><strong>μὲν</strong></span> 
     </span>
    </p>
   </div>
   <div class='ocr_carea' id='block_1_87' title="bbox 2250 4096 3836 4172">
    <p class='ocr_par' dir='ltr' id='par_1_87' title="bbox 2250 4096 3836 4172">
     <span class='ocr_line' id='line_1_87' title="bbox 2250 4096 3836 4172; baseline -0.003 -18"><span class='ocrx_word' id='word_1_560' title='bbox 2250 4099 2603 4172; x_wconf 79' lang='grc' dir='ltr'>ὲξετέθησαν,</span> <span class='ocrx_word' id='word_1_561' title='bbox 2635 4098 2790 4153; x_wconf 83' lang='grc' dir='ltr'>οὐπω</span> <span class='ocrx_word' id='word_1_562' title='bbox 2813 4100 2870 4154; x_wconf 81' lang='grc' dir='ltr'><strong>δὲ</strong></span> <span class='ocrx_word' id='word_1_563' title='bbox 2891 4103 2919 4153; x_wconf 90' lang='lat'><strong>6</strong></span> <span class='ocrx_word' id='word_1_564' title='bbox 2947 4099 3146 4164; x_wconf 86' lang='grc' dir='ltr'>τακτὸς</span> <span class='ocrx_word' id='word_1_565' title='bbox 3187 4099 3391 4170; x_wconf 82' lang='grc' dir='ltr'>ἐπέστη</span> <span class='ocrx_word' id='word_1_566' title='bbox 3425 4099 3610 4172; x_wconf 85' lang='grc' dir='ltr'>καιρὸς</span> <span class='ocrx_word' id='word_1_567' title='bbox 3635 4097 3752 4152; x_wconf 81' lang='grc' dir='ltr'>καθ’</span> <span class='ocrx_word' id='word_1_568' title='bbox 3780 4096 3836 4149; x_wconf 86' lang='grc' dir='ltr'>ὃν</span> 
     </span>
    </p>
   </div>
   <div class='ocr_carea' id='block_1_88' title="bbox 2248 4195 3837 4272">
    <p class='ocr_par' dir='ltr' id='par_1_88' title="bbox 2248 4195 3837 4272">
     <span class='ocr_line' id='line_1_88' title="bbox 2248 4195 3837 4272; baseline -0.004 -19"><span class='ocrx_word' id='word_1_569' title='bbox 2248 4201 2282 4272; x_wconf 79' lang='grc' dir='ltr'>ἡ</span> <span class='ocrx_word' id='word_1_570' title='bbox 2329 4202 2442 4263; x_wconf 84' lang='grc' dir='ltr'>τοῖς</span> <span class='ocrx_word' id='word_1_571' title='bbox 2490 4200 2840 4272; x_wconf 81' lang='grc' dir='ltr'>Χριστιανοῖς</span> <span class='ocrx_word' id='word_1_572' title='bbox 2863 4198 3189 4270; x_wconf 77' lang='grc' dir='ltr'>ὀφειλομένη</span> <span class='ocrx_word' id='word_1_573' title='bbox 3240 4197 3660 4268; x_wconf 72' lang='grc' dir='ltr'>εὐλογίαζεῖωθε</span> <span class='ocrx_word' id='word_1_574' title='bbox 3699 4195 3837 4265; x_wconf 88' lang='grc' dir='ltr'>γίνε-</span> 
     </span>
    </p>
   </div>
   <div class='ocr_carea' id='block_1_89' title="bbox 2251 4289 3835 4363">
    <p class='ocr_par' dir='ltr' id='par_1_89' title="bbox 2251 4289 3835 4363">
     <span class='ocr_line' id='line_1_89' title="bbox 2251 4289 3835 4363; baseline -0.004 -17"><span class='ocrx_word' id='word_1_575' title='bbox 2251 4293 2398 4358; x_wconf 88' lang='grc' dir='ltr'>σθαι,</span> <span class='ocrx_word' id='word_1_576' title='bbox 2440 4293 2534 4348; x_wconf 76' lang='grc' dir='ltr'><strong>καὶ</strong></span> <span class='ocrx_word' id='word_1_577' title='bbox 2555 4291 2678 4346; x_wconf 81' lang='grc' dir='ltr'>οὐδὲ</span> <span class='ocrx_word' id='word_1_578' title='bbox 2710 4293 2766 4344; x_wconf 85' lang='grc' dir='ltr'>αἱ</span> <span class='ocrx_word' id='word_1_579' title='bbox 2796 4290 3045 4361; x_wconf 80' lang='grc' dir='ltr'>συνήθεις</span> <span class='ocrx_word' id='word_1_580' title='bbox 3083 4291 3177 4344; x_wconf 80' lang='grc' dir='ltr'>ἐπὶ</span> <span class='ocrx_word' id='word_1_581' title='bbox 3199 4293 3314 4354; x_wconf 88' lang='grc' dir='ltr'>τοῖς</span> <span class='ocrx_word' id='word_1_582' title='bbox 3345 4289 3835 4363; x_wconf 86' lang='grc' dir='ltr'>μνηστευσαμένοις</span> 
     </span>
    </p>
   </div>
   <div class='ocr_carea' id='block_1_90' title="bbox 2249 4383 3835 4456">
    <p class='ocr_par' dir='ltr' id='par_1_90' title="bbox 2249 4383 3835 4456">
     <span class='ocr_line' id='line_1_90' title="bbox 2249 4383 3835 4456; baseline -0.003 -17"><span class='ocrx_word' id='word_1_583' title='bbox 2249 4386 2408 4455; x_wconf 76' lang='grc' dir='ltr'>οὐχαὶ</span> <span class='ocrx_word' id='word_1_584' title='bbox 2457 4385 2546 4439; x_wconf 78' lang='grc' dir='ltr'>διὰ</span> <span class='ocrx_word' id='word_1_585' title='bbox 2597 4385 2693 4439; x_wconf 81' lang='grc' dir='ltr'><strong>τοῦ</strong></span> <span class='ocrx_word' id='word_1_586' title='bbox 2728 4384 2920 4456; x_wconf 76' lang='grc' dir='ltr'>ἱερέως</span> <span class='ocrx_word' id='word_1_587' title='bbox 2968 4383 3392 4456; x_wconf 78' lang='grc' dir='ltr'>ἐξεφωνήθησαν</span> <span class='ocrx_word' id='word_1_588' title='bbox 3443 4383 3643 4447; x_wconf 86' lang='grc' dir='ltr'>ταύτας</span> <span class='ocrx_word' id='word_1_589' title='bbox 3703 4399 3835 4453; x_wconf 83' lang='grc' dir='ltr'>μνη·</span> 
     </span>
    </p>
   </div>
   <div class='ocr_carea' id='block_1_91' title="bbox 2251 4474 3836 4549">
    <p class='ocr_par' dir='ltr' id='par_1_91' title="bbox 2251 4474 3836 4549">
     <span class='ocr_line' id='line_1_91' title="bbox 2251 4474 3836 4549; baseline -0.004 -18"><span class='ocrx_word' id='word_1_590' title='bbox 2251 4478 2433 4541; x_wconf 79' lang='grc' dir='ltr'>στείας</span> <span class='ocrx_word' id='word_1_591' title='bbox 2466 4477 2566 4548; x_wconf 83' lang='grc' dir='ltr'><strong>μὲν</strong></span> <span class='ocrx_word' id='word_1_592' title='bbox 2597 4478 2821 4549; x_wconf 84' lang='grc' dir='ltr'>ἀληθεῖς</span> <span class='ocrx_word' id='word_1_593' title='bbox 2866 4480 2990 4533; x_wconf 84' lang='grc' dir='ltr'>ὅσον</span> <span class='ocrx_word' id='word_1_594' title='bbox 3038 4478 3182 4533; x_wconf 78' lang='grc' dir='ltr'>κατὰ</span> <span class='ocrx_word' id='word_1_595' title='bbox 3231 4479 3331 4548; x_wconf 85' lang='grc' dir='ltr'><strong>τὴν</strong></span> <span class='ocrx_word' id='word_1_596' title='bbox 3385 4474 3836 4547; x_wconf 76' lang='grc' dir='ltr'>ὲκκλησιαστικὴν</span> 
     </span>
    </p>
   </div>
   <div class='ocr_carea' id='block_1_92' title="bbox 537 4561 2144 4667">
    <p class='ocr_par' dir='ltr' id='par_1_92' title="bbox 537 4561 2144 4635">
     <span class='ocr_line' id='line_1_92' title="bbox 537 4561 2144 4635; baseline 0.004 -21"><span class='ocrx_word' id='word_1_597' title='bbox 537 4573 668 4614; x_wconf 92' lang='lat' dir='ltr'><strong>cum</strong></span> <span class='ocrx_word' id='word_1_598' title='bbox 716 4561 924 4632; x_wconf 90' lang='lat' dir='ltr'><strong>nuptiis</strong></span> <span class='ocrx_word' id='word_1_599' title='bbox 969 4562 1348 4632; x_wconf 70' lang='lat' dir='ltr'><strong>mquipollere,</strong></span> <span class='ocrx_word' id='word_1_600' title='bbox 1378 4577 1725 4634; x_wconf 68' lang='lat' dir='ltr'><strong>quzecuuque</strong></span> <span class='ocrx_word' id='word_1_601' title='bbox 1757 4573 1974 4634; x_wconf 90' lang='lat' dir='ltr'><strong>tempus</strong></span> <span class='ocrx_word' id='word_1_602' title='bbox 1999 4564 2144 4635; x_wconf 91' lang='lat' dir='ltr'><strong>quod</strong></span> 
     </span>
    </p>
   </div>
   <div class='ocr_carea' id='block_1_93' title="bbox 2251 4561 3834 4667">
    <p class='ocr_par' dir='ltr' id='par_1_93' title="bbox 2255 4567 3834 4643">
     <span class='ocr_line' id='line_1_93' title="bbox 2255 4567 3834 4643; baseline -0.003 -19"><span class='ocrx_word' id='word_1_603' title='bbox 2255 4569 2670 4640; x_wconf 83' lang='grc' dir='ltr'>ἀκριϐολογίαν,</span> <span class='ocrx_word' id='word_1_604' title='bbox 2701 4571 2836 4641; x_wconf 80' lang='grc' dir='ltr'>μηδὲ</span> <span class='ocrx_word' id='word_1_605' title='bbox 2890 4567 3054 4642; x_wconf 76' lang='grc' dir='ltr'>εἷναι,</span> <span class='ocrx_word' id='word_1_606' title='bbox 3107 4571 3245 4643; x_wconf 78' lang='grc' dir='ltr'>μηδὲ</span> <span class='ocrx_word' id='word_1_607' title='bbox 3294 4569 3673 4641; x_wconf 80' lang='grc' dir='ltr'>ὀνομάζεσθαι,</span> <span class='ocrx_word' id='word_1_608' title='bbox 3704 4569 3834 4640; x_wconf 76' lang='grc' dir='ltr'>μήτε</span> 
     </span>
    </p>
   </div>
   <div class='ocr_carea' id='block_1_94' title="bbox 539 4651 2139 4722">
    <p class='ocr_par' dir='ltr' id='par_1_94' title="bbox 539 4651 2139 4722">
     <span class='ocr_line' id='line_1_94' title="bbox 539 4651 2139 4722; baseline 0.004 -16"><span class='ocrx_word' id='word_1_609' title='bbox 539 4651 887 4722; x_wconf 88' lang='lat' dir='ltr'><strong>imperatoris</strong></span> <span class='ocrx_word' id='word_1_610' title='bbox 947 4654 1134 4710; x_wconf 88' lang='lat' dir='ltr'><strong>domui</strong></span> <span class='ocrx_word' id='word_1_611' title='bbox 1191 4655 1394 4712; x_wconf 87' lang='lat' dir='ltr'><strong>Leonis</strong></span> <span class='ocrx_word' id='word_1_612' title='bbox 1455 4657 1671 4712; x_wconf 87' lang='lat' dir='ltr'><strong>sanctio</strong></span> <span class='ocrx_word' id='word_1_613' title='bbox 1733 4657 2139 4722; x_wconf 83' lang='lat' dir='ltr'><strong>determinavit,</strong></span> 
     </span>
    </p>
   </div>
   <div class='ocr_carea' id='block_1_95' title="bbox 539 4742 2142 4824">
    <p class='ocr_par' dir='ltr' id='par_1_95' title="bbox 539 4742 2142 4824">
     <span class='ocr_line' id='line_1_95' title="bbox 539 4742 2142 4824; baseline 0.004 -26"><span class='ocrx_word' id='word_1_614' title='bbox 539 4742 815 4814; x_wconf 84' lang='lat' dir='ltr'><strong>integrum</strong></span> <span class='ocrx_word' id='word_1_615' title='bbox 867 4745 974 4800; x_wconf 91' lang='lat' dir='ltr'><strong>sibi</strong></span> <span class='ocrx_word' id='word_1_616' title='bbox 1037 4744 1420 4818; x_wconf 79' lang='lat' dir='ltr'><strong>[eonjunctum</strong></span> <span class='ocrx_word' id='word_1_617' title='bbox 1485 4748 1819 4815; x_wconf 90' lang='lat' dir='ltr'><strong>habuerunt,</strong></span> <span class='ocrx_word' id='word_1_618' title='bbox 1861 4759 1914 4805; x_wconf 86' lang='lat' dir='ltr'><strong>et</strong></span> <span class='ocrx_word' id='word_1_619' title='bbox 1969 4748 2142 4824; x_wconf 60' lang='lat' dir='ltr'><strong>[qtae]</strong></span> 
     </span>
    </p>
   </div>
   <div class='ocr_carea' id='block_1_96' title="bbox 541 4837 2145 4916">
    <p class='ocr_par' dir='ltr' id='par_1_96' title="bbox 541 4837 2145 4916">
     <span class='ocr_line' id='line_1_96' title="bbox 541 4837 2145 4916; baseline 0.005 -24"><span class='ocrx_word' id='word_1_620' title='bbox 541 4851 696 4892; x_wconf 86' lang='lat' dir='ltr'><strong>sacra</strong></span> <span class='ocrx_word' id='word_1_621' title='bbox 752 4837 1026 4912; x_wconf 79' lang='lat' dir='ltr'><strong>[insuper]</strong></span> <span class='ocrx_word' id='word_1_622' title='bbox 1059 4841 1364 4896; x_wconf 89' lang='lat' dir='ltr'><strong>benedictio</strong></span> <span class='ocrx_word' id='word_1_623' title='bbox 1388 4853 1685 4898; x_wconf 86' lang='lat' dir='ltr'><strong>consecuta</strong></span> <span class='ocrx_word' id='word_1_624' title='bbox 1729 4851 1814 4898; x_wconf 90' lang='lat' dir='ltr'><strong>est</strong></span> <span class='ocrx_word' id='word_1_625' title='bbox 1848 4863 1862 4899; x_wconf 89' lang='lat'>:</span> <span class='ocrx_word' id='word_1_626' title='bbox 1898 4855 2063 4916; x_wconf 82' lang='lat' dir='ltr'><strong>atque</strong></span> <span class='ocrx_word' id='word_1_627' title='bbox 2089 4845 2145 4900; x_wconf 91' lang='lat' dir='ltr'><strong>in</strong></span> 
     </span>
    </p>
   </div>
   <div class='ocr_carea' id='block_1_97' title="bbox 543 4932 2148 5003">
    <p class='ocr_par' dir='ltr' id='par_1_97' title="bbox 543 4932 2148 5003">
     <span class='ocr_line' id='line_1_97' title="bbox 543 4932 2148 5003; baseline 0.006 -17"><span class='ocrx_word' id='word_1_628' title='bbox 543 4932 655 4986; x_wconf 89' lang='lat' dir='ltr'><strong>illis</strong></span> <span class='ocrx_word' id='word_1_629' title='bbox 692 4933 974 5003; x_wconf 88' lang='lat' dir='ltr'><strong>synodalis</strong></span> <span class='ocrx_word' id='word_1_630' title='bbox 1006 4935 1300 4991; x_wconf 87' lang='lat' dir='ltr'><strong>decisionis</strong></span> <span class='ocrx_word' id='word_1_631' title='bbox 1323 4935 1758 4993; x_wconf 85' lang='lat' dir='ltr'><strong>observationem</strong></span> <span class='ocrx_word' id='word_1_632' title='bbox 1781 4938 1958 4994; x_wconf 89' lang='lat' dir='ltr'><strong>valere</strong></span> <span class='ocrx_word' id='word_1_633' title='bbox 1989 4939 2148 4995; x_wconf 87' lang='lat' dir='ltr'><strong>debe-</strong></span> 
     </span>
    </p>
   </div>
   <div class='ocr_carea' id='block_1_98' title="bbox 542 5023 2142 5100">
    <p class='ocr_par' dir='ltr' id='par_1_98' title="bbox 542 5023 2142 5100">
     <span class='ocr_line' id='line_1_98' title="bbox 542 5023 2142 5100; baseline 0.006 -22"><span class='ocrx_word' id='word_1_634' title='bbox 542 5037 622 5078; x_wconf 86' lang='lat' dir='ltr'><strong>re.</strong></span> <span class='ocrx_word' id='word_1_635' title='bbox 658 5023 716 5078; x_wconf 93' lang='lat' dir='ltr'><strong>Si</strong></span> <span class='ocrx_word' id='word_1_636' title='bbox 749 5040 983 5096; x_wconf 88' lang='lat' dir='ltr'><strong>namque</strong></span> <span class='ocrx_word' id='word_1_637' title='bbox 1011 5024 1342 5100; x_wconf 88' lang='lat' dir='ltr'><strong>[sponsalia]</strong></span> <span class='ocrx_word' id='word_1_638' title='bbox 1399 5031 1850 5086; x_wconf 88' lang='lat' dir='ltr'><strong>contrahentium</strong></span> <span class='ocrx_word' id='word_1_639' title='bbox 1907 5034 2142 5089; x_wconf 87' lang='lat' dir='ltr'><strong>alteram</strong></span> 
     </span>
    </p>
   </div>
   <div class='ocr_carea' id='block_1_99' title="bbox 545 5115 2148 5192">
    <p class='ocr_par' dir='ltr' id='par_1_99' title="bbox 545 5115 2148 5192">
     <span class='ocr_line' id='line_1_99' title="bbox 545 5115 2148 5192; baseline 0.01 -24"><span class='ocrx_word' id='word_1_640' title='bbox 545 5124 754 5186; x_wconf 89' lang='lat' dir='ltr'><strong>partem</strong></span> <span class='ocrx_word' id='word_1_641' title='bbox 781 5115 922 5189; x_wconf 86' lang='lat' dir='ltr'><strong>[aut]</strong></span> <span class='ocrx_word' id='word_1_642' title='bbox 958 5127 1134 5175; x_wconf 90' lang='lat' dir='ltr'><strong>morte</strong></span> <span class='ocrx_word' id='word_1_643' title='bbox 1183 5119 1326 5178; x_wconf 87' lang='lat' dir='ltr'><strong>forte</strong></span> <span class='ocrx_word' id='word_1_644' title='bbox 1373 5123 1553 5178; x_wconf 88' lang='lat' dir='ltr'><strong>aliove</strong></span> <span class='ocrx_word' id='word_1_645' title='bbox 1579 5122 1816 5180; x_wconf 82' lang='lat' dir='ltr'><strong>fortunae</strong></span> <span class='ocrx_word' id='word_1_646' title='bbox 1844 5141 2002 5192; x_wconf 86' lang='lat' dir='ltr'><strong>casu,</strong></span> <span class='ocrx_word' id='word_1_647' title='bbox 2051 5137 2148 5184; x_wconf 88' lang='lat' dir='ltr'><strong>aut</strong></span> 
     </span>
    </p>
   </div>
   <div class='ocr_carea' id='block_1_100' title="bbox 546 5211 2149 5290">
    <p class='ocr_par' dir='ltr' id='par_1_100' title="bbox 546 5211 2149 5290">
     <span class='ocr_line' id='line_1_100' title="bbox 546 5211 2149 5290; baseline 0.009 -29"><span class='ocrx_word' id='word_1_648' title='bbox 546 5213 838 5265; x_wconf 61' lang='lat' dir='ltr'><strong>sentcntiae</strong></span> <span class='ocrx_word' id='word_1_649' title='bbox 874 5211 1180 5268; x_wconf 88' lang='lat' dir='ltr'><strong>mutatione</strong></span> <span class='ocrx_word' id='word_1_650' title='bbox 1244 5216 1538 5281; x_wconf 84' lang='lat' dir='ltr'><strong>recedere,</strong></span> <span class='ocrx_word' id='word_1_651' title='bbox 1600 5215 1669 5271; x_wconf 89' lang='lat' dir='ltr'><strong>ad</strong></span> <span class='ocrx_word' id='word_1_652' title='bbox 1703 5218 1962 5290; x_wconf 89' lang='lat' dir='ltr'><strong>aliudque</strong></span> <span class='ocrx_word' id='word_1_653' title='bbox 2023 5222 2149 5276; x_wconf 71' lang='lat' dir='ltr'><strong>vita:</strong></span> 
     </span>
    </p>
   </div>
   <div class='ocr_carea' id='block_1_101' title="bbox 547 5303 2150 5385">
    <p class='ocr_par' dir='ltr' id='par_1_101' title="bbox 547 5303 2150 5385">
     <span class='ocr_line' id='line_1_101' title="bbox 547 5303 2150 5385; baseline 0.008 -29"><span class='ocrx_word' id='word_1_654' title='bbox 547 5303 892 5358; x_wconf 88' lang='lat' dir='ltr'><strong>consortium</strong></span> <span class='ocrx_word' id='word_1_655' title='bbox 958 5305 1245 5362; x_wconf 83' lang='lat' dir='ltr'><strong>transferri</strong></span> <span class='ocrx_word' id='word_1_656' title='bbox 1324 5310 1607 5382; x_wconf 85' lang='lat' dir='ltr'><strong>contingat</strong></span> <span class='ocrx_word' id='word_1_657' title='bbox 1659 5329 1673 5366; x_wconf 88' lang='lat'><strong>:</strong></span> <span class='ocrx_word' id='word_1_658' title='bbox 1728 5328 1839 5368; x_wconf 91' lang='lat' dir='ltr'><strong>non</strong></span> <span class='ocrx_word' id='word_1_659' title='bbox 1913 5314 2150 5385; x_wconf 84' lang='lat' dir='ltr'><strong>exiguus</strong></span> 
     </span>
    </p>
   </div>
   <div class='ocr_carea' id='block_1_102' title="bbox 550 5393 2149 5479">
    <p class='ocr_par' dir='ltr' id='par_1_102' title="bbox 550 5393 2149 5479">
     <span class='ocr_line' id='line_1_102' title="bbox 550 5393 2149 5479; baseline 0.009 -33"><span class='ocrx_word' id='word_1_660' title='bbox 550 5393 842 5467; x_wconf 81' lang='lat' dir='ltr'><strong>[profecto]</strong></span> <span class='ocrx_word' id='word_1_661' title='bbox 895 5395 983 5451; x_wconf 91' lang='lat' dir='ltr'><strong>hic</strong></span> <span class='ocrx_word' id='word_1_662' title='bbox 1035 5399 1393 5457; x_wconf 85' lang='lat' dir='ltr'><strong>absurditatis</strong></span> <span class='ocrx_word' id='word_1_663' title='bbox 1429 5412 1639 5460; x_wconf 84' lang='lat' dir='ltr'><strong>tractus</strong></span> <span class='ocrx_word' id='word_1_664' title='bbox 1720 5406 1982 5470; x_wconf 80' lang='lat' dir='ltr'><strong>exsistet,</strong></span> <span class='ocrx_word' id='word_1_665' title='bbox 2055 5405 2149 5479; x_wconf 92' lang='lat' dir='ltr'><strong>[si]</strong></span> 
     </span>
    </p>
   </div>
   <div class='ocr_carea' id='block_1_103' title="bbox 547 5489 2149 5570">
    <p class='ocr_par' dir='ltr' id='par_1_103' title="bbox 547 5489 2149 5570">
     <span class='ocr_line' id='line_1_103' title="bbox 547 5489 2149 5570; baseline 0.007 -28"><span class='ocrx_word' id='word_1_666' title='bbox 547 5489 1254 5569; x_wconf 68' lang='lat' dir='ltr'><strong>praeambulzenuptiarum</strong></span> <span class='ocrx_word' id='word_1_667' title='bbox 1317 5511 1506 5565; x_wconf 83' lang='lat' dir='ltr'><strong>preces</strong></span> <span class='ocrx_word' id='word_1_668' title='bbox 1534 5497 1590 5552; x_wconf 90' lang='lat' dir='ltr'><strong>in</strong></span> <span class='ocrx_word' id='word_1_669' title='bbox 1653 5499 2002 5568; x_wconf 82' lang='lat' dir='ltr'><strong>sponsalibus</strong></span> <span class='ocrx_word' id='word_1_670' title='bbox 2025 5514 2149 5570; x_wconf 74' lang='lat' dir='ltr'><strong>prr-</strong></span> 
     </span>
    </p>
   </div>
   <div class='ocr_carea' id='block_1_104' title="bbox 549 5587 2151 5664">
    <p class='ocr_par' dir='ltr' id='par_1_104' title="bbox 549 5587 2151 5664">
     <span class='ocr_line' id='line_1_104' title="bbox 549 5587 2151 5664; baseline 0.007 -29"><span class='ocrx_word' id='word_1_671' title='bbox 549 5591 728 5647; x_wconf 65' lang='lat' dir='ltr'><strong>actae,</strong></span> <span class='ocrx_word' id='word_1_672' title='bbox 789 5593 1062 5654; x_wconf 88' lang='lat' dir='ltr'><strong>tanquam</strong></span> <span class='ocrx_word' id='word_1_673' title='bbox 1118 5601 1319 5641; x_wconf 84' lang='lat' dir='ltr'><strong>vanum</strong></span> <span class='ocrx_word' id='word_1_674' title='bbox 1379 5587 1585 5659; x_wconf 90' lang='lat' dir='ltr'><strong>aliquid</strong></span> <span class='ocrx_word' id='word_1_675' title='bbox 1639 5589 1890 5664; x_wconf 73' lang='lat' dir='ltr'><strong>[temere]</strong></span> <span class='ocrx_word' id='word_1_676' title='bbox 1925 5607 2030 5662; x_wconf 89' lang='lat' dir='ltr'><strong>que</strong></span> <span class='ocrx_word' id='word_1_677' title='bbox 2056 5607 2151 5646; x_wconf 87' lang='lat' dir='ltr'><strong>ac-</strong></span> 
     </span>
    </p>
   </div>
   <div class='ocr_carea' id='block_1_105' title="bbox 546 5675 2153 5748">
    <p class='ocr_par' dir='ltr' id='par_1_105' title="bbox 546 5675 2153 5748">
     <span class='ocr_line' id='line_1_105' title="bbox 546 5675 2153 5748; baseline 0.008 -19"><span class='ocrx_word' id='word_1_678' title='bbox 546 5675 912 5744; x_wconf 90' lang='lat' dir='ltr'><strong>eumulatum,</strong></span> <span class='ocrx_word' id='word_1_679' title='bbox 955 5687 1298 5748; x_wconf 89' lang='lat' dir='ltr'><strong>rcputentur,</strong></span> <span class='ocrx_word' id='word_1_680' title='bbox 1337 5693 1392 5735; x_wconf 91' lang='lat' dir='ltr'><strong>et</strong></span> <span class='ocrx_word' id='word_1_681' title='bbox 1445 5683 1936 5740; x_wconf 77' lang='lat' dir='ltr'><strong>indiscriminatim</strong></span> <span class='ocrx_word' id='word_1_682' title='bbox 1963 5703 2026 5742; x_wconf 89' lang='lat' dir='ltr'><strong>ea</strong></span> <span class='ocrx_word' id='word_1_683' title='bbox 2063 5701 2153 5741; x_wconf 89' lang='lat' dir='ltr'><strong>res</strong></span> 
     </span>
    </p>
   </div>
   <div class='ocr_carea' id='block_1_106' title="bbox 559 5771 2151 5851">
    <p class='ocr_par' dir='ltr' id='par_1_106' title="bbox 559 5771 2151 5851">
     <span class='ocr_line' id='line_1_106' title="bbox 559 5771 2151 5851; baseline 0.006 -27"><span class='ocrx_word' id='word_1_684' title='bbox 559 5771 921 5842; x_wconf 85' lang='lat' dir='ltr'><strong>intelligatur,</strong></span> <span class='ocrx_word' id='word_1_685' title='bbox 977 5777 1138 5847; x_wconf 87' lang='lat' dir='ltr'><strong>quasi</strong></span> <span class='ocrx_word' id='word_1_686' title='bbox 1215 5777 1260 5832; x_wconf 91' lang='lat' dir='ltr'><strong>si</strong></span> <span class='ocrx_word' id='word_1_687' title='bbox 1319 5779 1460 5833; x_wconf 88' lang='lat' dir='ltr'><strong>Deus</strong></span> <span class='ocrx_word' id='word_1_688' title='bbox 1515 5796 1612 5848; x_wconf 84' lang='lat' dir='ltr'><strong>per</strong></span> <span class='ocrx_word' id='word_1_689' title='bbox 1663 5781 1940 5851; x_wconf 67' lang='lat' dir='ltr'><strong>Sponsalia</strong></span> <span class='ocrx_word' id='word_1_690' title='bbox 2009 5782 2151 5835; x_wconf 90' lang='lat' dir='ltr'><strong>inter</strong></span> 
     </span>
    </p>
   </div>
   <div class='ocr_carea' id='block_1_107' title="bbox 549 5863 2151 5950">
    <p class='ocr_par' dir='ltr' id='par_1_107' title="bbox 549 5863 2151 5950">
     <span class='ocr_line' id='line_1_107' title="bbox 549 5863 2151 5950; baseline 0.006 -32"><span class='ocrx_word' id='word_1_691' title='bbox 549 5863 966 5937; x_wconf 67' lang='lat' dir='ltr'><strong>coniungendas</strong></span> <span class='ocrx_word' id='word_1_692' title='bbox 1007 5885 1273 5939; x_wconf 86' lang='lat' dir='ltr'><strong>personas</strong></span> <span class='ocrx_word' id='word_1_693' title='bbox 1303 5871 1652 5928; x_wconf 85' lang='lat' dir='ltr'><strong>introductus</strong></span> <span class='ocrx_word' id='word_1_694' title='bbox 1695 5890 1802 5929; x_wconf 89' lang='lat' dir='ltr'><strong>non</strong></span> <span class='ocrx_word' id='word_1_695' title='bbox 1837 5883 2000 5929; x_wconf 83' lang='lat' dir='ltr'><strong>esset.</strong></span> <span class='ocrx_word' id='word_1_696' title='bbox 2038 5871 2151 5950; x_wconf 85' lang='lat' dir='ltr'><strong>Hoc</strong></span> 
     </span>
    </p>
   </div>
   <div class='ocr_carea' id='block_1_108' title="bbox 2252 4659 3836 4738">
    <p class='ocr_par' dir='ltr' id='par_1_108' title="bbox 2252 4659 3836 4738">
     <span class='ocr_line' id='line_1_108' title="bbox 2252 4659 3836 4738; baseline -0.003 -21"><span class='ocrx_word' id='word_1_697' title='bbox 2252 4664 2352 4736; x_wconf 80' lang='grc' dir='ltr'><strong>μὲν</strong></span> <span class='ocrx_word' id='word_1_698' title='bbox 2391 4665 2492 4735; x_wconf 79' lang='grc' dir='ltr'><strong>τὴν</strong></span> <span class='ocrx_word' id='word_1_699' title='bbox 2527 4664 2814 4736; x_wconf 81' lang='grc' dir='ltr'>συνοδικὴν</span> <span class='ocrx_word' id='word_1_700' title='bbox 2848 4667 3152 4738; x_wconf 87' lang='grc' dir='ltr'>σημείωσιν</span> <span class='ocrx_word' id='word_1_701' title='bbox 3196 4666 3339 4718; x_wconf 81' lang='grc' dir='ltr'>κατὰ</span> <span class='ocrx_word' id='word_1_702' title='bbox 3367 4663 3570 4718; x_wconf 86' lang='grc' dir='ltr'>τούτων</span> <span class='ocrx_word' id='word_1_703' title='bbox 3619 4661 3757 4732; x_wconf 80' lang='grc' dir='ltr'>ἔχειν</span> <span class='ocrx_word' id='word_1_704' title='bbox 3778 4659 3836 4713; x_wconf 78' lang='grc' dir='ltr'>τὸ</span> 
     </span>
    </p>
   </div>
   <div class='ocr_carea' id='block_1_109' title="bbox 2249 4753 3834 4831">
    <p class='ocr_par' dir='ltr' id='par_1_109' title="bbox 2249 4753 3834 4831">
     <span class='ocr_line' id='line_1_109' title="bbox 2249 4753 3834 4831; baseline -0.003 -21"><span class='ocrx_word' id='word_1_705' title='bbox 2249 4758 2493 4828; x_wconf 77' lang='grc' dir='ltr'>ἐνεργὸν,</span> <span class='ocrx_word' id='word_1_706' title='bbox 2525 4756 2601 4822; x_wconf 84' lang='grc' dir='ltr'>ὡς</span> <span class='ocrx_word' id='word_1_707' title='bbox 2641 4757 2830 4822; x_wconf 79' lang='grc' dir='ltr'>ἁπλῶς</span> <span class='ocrx_word' id='word_1_708' title='bbox 2869 4759 2927 4812; x_wconf 81' lang='grc' dir='ltr'>δὲ</span> <span class='ocrx_word' id='word_1_709' title='bbox 2982 4759 3281 4831; x_wconf 86' lang='grc' dir='ltr'>ἀρεσκείας</span> <span class='ocrx_word' id='word_1_710' title='bbox 3314 4755 3616 4828; x_wconf 85' lang='grc' dir='ltr'>ἀνθρώπων</span> <span class='ocrx_word' id='word_1_711' title='bbox 3647 4753 3712 4809; x_wconf 86' lang='grc' dir='ltr'>δι’</span> <span class='ocrx_word' id='word_1_712' title='bbox 3741 4757 3834 4807; x_wconf 77' lang='grc' dir='ltr'><strong>ἑπ-</strong></span> 
     </span>
    </p>
   </div>
   <div class='ocr_carea' id='block_1_110' title="bbox 2249 4846 3838 4923">
    <p class='ocr_par' dir='ltr' id='par_1_110' title="bbox 2249 4846 3838 4923">
     <span class='ocr_line' id='line_1_110' title="bbox 2249 4846 3838 4923; baseline -0.003 -21"><span class='ocrx_word' id='word_1_713' title='bbox 2249 4850 2574 4921; x_wconf 78' lang='grc' dir='ltr'>ερωτήσεως</span> <span class='ocrx_word' id='word_1_714' title='bbox 2595 4851 3122 4922; x_wconf 75' lang='grc' dir='ltr'>κατησφαλισμένας</span> <span class='ocrx_word' id='word_1_715' title='bbox 3148 4851 3208 4905; x_wconf 85' lang='grc' dir='ltr'>τὸ</span> <span class='ocrx_word' id='word_1_716' title='bbox 3239 4850 3456 4923; x_wconf 72' lang='grc' dir='ltr'>ἐνεργὸν</span> <span class='ocrx_word' id='word_1_717' title='bbox 3477 4846 3838 4920; x_wconf 72' lang='grc' dir='ltr'>ἀποφέρεσθαι</span> 
     </span>
    </p>
   </div>
   <div class='ocr_carea' id='block_1_111' title="bbox 2248 4940 3837 5015">
    <p class='ocr_par' dir='ltr' id='par_1_111' title="bbox 2248 4940 3837 5015">
     <span class='ocr_line' id='line_1_111' title="bbox 2248 4940 3837 5015; baseline -0.003 -19"><span class='ocrx_word' id='word_1_718' title='bbox 2248 4943 2344 4996; x_wconf 75' lang='grc' dir='ltr'>καὶ</span> <span class='ocrx_word' id='word_1_719' title='bbox 2395 4942 2494 5013; x_wconf 82' lang='grc' dir='ltr'>τὴν</span> <span class='ocrx_word' id='word_1_720' title='bbox 2550 4941 2790 4996; x_wconf 78' lang='grc' dir='ltr'>παλαιὰν</span> <span class='ocrx_word' id='word_1_721' title='bbox 2845 4943 2991 5015; x_wconf 75' lang='grc' dir='ltr'>ἔχειν</span> <span class='ocrx_word' id='word_1_722' title='bbox 3029 4944 3350 5015; x_wconf 87' lang='grc' dir='ltr'>νομοθεσίαν</span> <span class='ocrx_word' id='word_1_723' title='bbox 3389 4944 3482 4997; x_wconf 72' lang='grc' dir='ltr'><strong>ἐπὶ</strong></span> <span class='ocrx_word' id='word_1_724' title='bbox 3533 4941 3732 4995; x_wconf 87' lang='grc' dir='ltr'>τούτων</span> <span class='ocrx_word' id='word_1_725' title='bbox 3780 4940 3837 4992; x_wconf 82' lang='grc' dir='ltr'>τὸ</span> 
     </span>
    </p>
   </div>
   <div class='ocr_carea' id='block_1_112' title="bbox 2249 5034 3837 5108">
    <p class='ocr_par' dir='ltr' id='par_1_112' title="bbox 2249 5034 3837 5108">
     <span class='ocr_line' id='line_1_112' title="bbox 2249 5034 3837 5108; baseline -0.002 -20"><span class='ocrx_word' id='word_1_726' title='bbox 2249 5036 2468 5103; x_wconf 77' lang='grc' dir='ltr'>παγιον.</span> <span class='ocrx_word' id='word_1_727' title='bbox 2507 5035 2695 5106; x_wconf 86' lang='grc' dir='ltr'>Τούτῳ</span> <span class='ocrx_word' id='word_1_728' title='bbox 2740 5037 2850 5108; x_wconf 77' lang='grc' dir='ltr'>γὰρ</span> <span class='ocrx_word' id='word_1_729' title='bbox 2901 5036 2978 5108; x_wconf 87' lang='grc' dir='ltr'>τῷ</span> <span class='ocrx_word' id='word_1_730' title='bbox 3015 5039 3200 5108; x_wconf 86' lang='grc' dir='ltr'>τρόπῳ</span> <span class='ocrx_word' id='word_1_731' title='bbox 3254 5037 3347 5090; x_wconf 79' lang='grc' dir='ltr'>καὶ</span> <span class='ocrx_word' id='word_1_732' title='bbox 3386 5038 3414 5090; x_wconf 90' lang='lat'><strong>6</strong></span> <span class='ocrx_word' id='word_1_733' title='bbox 3471 5034 3837 5106; x_wconf 76' lang='grc' dir='ltr'>πρεσϐυγένης</span> 
     </span>
    </p>
   </div>
   <div class='ocr_carea' id='block_1_113' title="bbox 2249 5125 3836 5203">
    <p class='ocr_par' dir='ltr' id='par_1_113' title="bbox 2249 5125 3836 5203">
     <span class='ocr_line' id='line_1_113' title="bbox 2249 5125 3836 5203; baseline -0.003 -21"><span class='ocrx_word' id='word_1_734' title='bbox 2249 5130 2657 5200; x_wconf 79' lang='grc' dir='ltr'>φυλαχθήσεται</span> <span class='ocrx_word' id='word_1_735' title='bbox 2689 5130 2854 5201; x_wconf 85' lang='grc' dir='ltr'>νόμος</span> <span class='ocrx_word' id='word_1_736' title='bbox 2903 5131 3166 5203; x_wconf 83' lang='grc' dir='ltr'>ἀκέραιος</span> <span class='ocrx_word' id='word_1_737' title='bbox 3208 5130 3282 5196; x_wconf 88' lang='grc' dir='ltr'><strong>ώς</strong></span> <span class='ocrx_word' id='word_1_738' title='bbox 3316 5129 3408 5184; x_wconf 73' lang='grc' dir='ltr'>ἐπὶ</span> <span class='ocrx_word' id='word_1_739' title='bbox 3437 5129 3546 5182; x_wconf 91' lang='grc' dir='ltr'><strong>τῶν</strong></span> <span class='ocrx_word' id='word_1_740' title='bbox 3580 5125 3836 5199; x_wconf 77' lang='grc' dir='ltr'>νηστειῶν</span> 
     </span>
    </p>
   </div>
   <div class='ocr_carea' id='block_1_114' title="bbox 2251 5221 3836 5295">
    <p class='ocr_par' dir='ltr' id='par_1_114' title="bbox 2251 5221 3836 5295">
     <span class='ocr_line' id='line_1_114' title="bbox 2251 5221 3836 5295; baseline -0.004 -18"><span class='ocrx_word' id='word_1_741' title='bbox 2251 5223 2313 5278; x_wconf 79' lang='grc' dir='ltr'><strong>τὸ</strong></span> <span class='ocrx_word' id='word_1_742' title='bbox 2346 5223 2538 5295; x_wconf 83' lang='grc' dir='ltr'>πρώην</span> <span class='ocrx_word' id='word_1_743' title='bbox 2569 5223 2915 5293; x_wconf 82' lang='grc' dir='ltr'>ὲξεφωνήθη.</span> <span class='ocrx_word' id='word_1_744' title='bbox 2959 5225 3066 5277; x_wconf 73' lang='grc' dir='ltr'><strong>Καὶ</strong></span> <span class='ocrx_word' id='word_1_745' title='bbox 3094 5225 3125 5294; x_wconf 81' lang='grc' dir='ltr'>ἡ</span> <span class='ocrx_word' id='word_1_746' title='bbox 3161 5223 3262 5294; x_wconf 77' lang='grc' dir='ltr'>τῆς</span> <span class='ocrx_word' id='word_1_747' title='bbox 3305 5221 3526 5276; x_wconf 80' lang='grc' dir='ltr'>συνόδου</span> <span class='ocrx_word' id='word_1_748' title='bbox 3554 5221 3836 5288; x_wconf 79' lang='grc' dir='ltr'>διάγνωσις</span> 
     </span>
    </p>
   </div>
   <div class='ocr_carea' id='block_1_115' title="bbox 2249 5314 3835 5388">
    <p class='ocr_par' dir='ltr' id='par_1_115' title="bbox 2249 5314 3835 5388">
     <span class='ocr_line' id='line_1_115' title="bbox 2249 5314 3835 5388; baseline -0.005 -16"><span class='ocrx_word' id='word_1_749' title='bbox 2249 5317 2449 5388; x_wconf 82' lang='grc' dir='ltr'>ἀθιγὴς</span> <span class='ocrx_word' id='word_1_750' title='bbox 2496 5315 2726 5368; x_wconf 88' lang='grc' dir='ltr'>καθόλου</span> <span class='ocrx_word' id='word_1_751' title='bbox 2781 5320 2876 5370; x_wconf 77' lang='grc' dir='ltr'>καὶ</span> <span class='ocrx_word' id='word_1_752' title='bbox 2907 5317 3323 5388; x_wconf 79' lang='grc' dir='ltr'>ἀνεπιχείρητος</span> <span class='ocrx_word' id='word_1_753' title='bbox 3371 5314 3835 5386; x_wconf 80' lang='grc' dir='ltr'>συντηρηθήσεται</span> 
     </span>
    </p>
   </div>
   <div class='ocr_carea' id='block_1_116' title="bbox 2251 5405 3835 5482">
    <p class='ocr_par' dir='ltr' id='par_1_116' title="bbox 2251 5405 3835 5482">
     <span class='ocr_line' id='line_1_116' title="bbox 2251 5405 3835 5482; baseline -0.006 -17"><span class='ocrx_word' id='word_1_754' title='bbox 2251 5410 2517 5481; x_wconf 88' lang='grc' dir='ltr'>νοουμένη</span> <span class='ocrx_word' id='word_1_755' title='bbox 2553 5410 2646 5463; x_wconf 72' lang='grc' dir='ltr'>καὶ</span> <span class='ocrx_word' id='word_1_756' title='bbox 2679 5410 3102 5482; x_wconf 81' lang='grc' dir='ltr'>ἐρμηνευομένη</span> <span class='ocrx_word' id='word_1_757' title='bbox 3137 5409 3282 5464; x_wconf 87' lang='grc' dir='ltr'>κατὰ</span> <span class='ocrx_word' id='word_1_758' title='bbox 3330 5407 3428 5479; x_wconf 79' lang='grc' dir='ltr'><strong>τὴν</strong></span> <span class='ocrx_word' id='word_1_759' title='bbox 3459 5405 3694 5461; x_wconf 77' lang='grc' dir='ltr'>ἐνταῦθα</span> <span class='ocrx_word' id='word_1_760' title='bbox 3729 5421 3835 5456; x_wconf 84' lang='grc' dir='ltr'>πα-</span> 
     </span>
    </p>
   </div>
   <div class='ocr_carea' id='block_1_117' title="bbox 2255 5496 3838 5576">
    <p class='ocr_par' dir='ltr' id='par_1_117' title="bbox 2255 5496 3838 5576">
     <span class='ocr_line' id='line_1_117' title="bbox 2255 5496 3838 5576; baseline -0.006 -18"><span class='ocrx_word' id='word_1_761' title='bbox 2255 5507 2578 5576; x_wconf 79' lang='grc' dir='ltr'>ρατήρησιν.</span> <span class='ocrx_word' id='word_1_762' title='bbox 2622 5503 2779 5556; x_wconf 63' lang='grc' dir='ltr'>’ἐπεὶ</span> <span class='ocrx_word' id='word_1_763' title='bbox 2803 5503 2861 5556; x_wconf 86' lang='grc' dir='ltr'>δὲ</span> <span class='ocrx_word' id='word_1_764' title='bbox 2888 5505 3033 5557; x_wconf 78' lang='grc' dir='ltr'>οὕτω</span> <span class='ocrx_word' id='word_1_765' title='bbox 3060 5503 3233 5557; x_wconf 80' lang='grc' dir='ltr'>ταῦτα</span> <span class='ocrx_word' id='word_1_766' title='bbox 3269 5502 3363 5556; x_wconf 79' lang='grc' dir='ltr'>καὶ</span> <span class='ocrx_word' id='word_1_767' title='bbox 3415 5501 3696 5572; x_wconf 88' lang='grc' dir='ltr'>μνηστεῖαι</span> <span class='ocrx_word' id='word_1_768' title='bbox 3739 5496 3838 5567; x_wconf 80' lang='grc' dir='ltr'><strong>μὲν</strong></span> 
     </span>
    </p>
   </div>
   <div class='ocr_carea' id='block_1_118' title="bbox 2252 5589 3839 5667">
    <p class='ocr_par' dir='ltr' id='par_1_118' title="bbox 2252 5589 3839 5667">
     <span class='ocr_line' id='line_1_118' title="bbox 2252 5589 3839 5667; baseline -0.005 -18"><span class='ocrx_word' id='word_1_769' title='bbox 2252 5595 2474 5666; x_wconf 80' lang='grc' dir='ltr'>ἀληθεῖς</span> <span class='ocrx_word' id='word_1_770' title='bbox 2512 5593 2877 5665; x_wconf 77' lang='grc' dir='ltr'>ἐτυπώθησαν</span> <span class='ocrx_word' id='word_1_771' title='bbox 2926 5595 3049 5649; x_wconf 82' lang='grc' dir='ltr'>ὅσαι</span> <span class='ocrx_word' id='word_1_772' title='bbox 3092 5594 3233 5667; x_wconf 82' lang='grc' dir='ltr'>μετὰ</span> <span class='ocrx_word' id='word_1_773' title='bbox 3272 5595 3372 5665; x_wconf 79' lang='grc' dir='ltr'>τῆς</span> <span class='ocrx_word' id='word_1_774' title='bbox 3414 5595 3567 5664; x_wconf 79' lang='grc' dir='ltr'>ίερᾶς</span> <span class='ocrx_word' id='word_1_775' title='bbox 3595 5589 3839 5657; x_wconf 62' lang='grc' dir='ltr'>εὐλογίας</span> 
     </span>
    </p>
   </div>
   <div class='ocr_carea' id='block_1_119' title="bbox 2253 5680 3838 5759">
    <p class='ocr_par' dir='ltr' id='par_1_119' title="bbox 2253 5680 3838 5759">
     <span class='ocr_line' id='line_1_119' title="bbox 2253 5680 3838 5759; baseline -0.006 -17"><span class='ocrx_word' id='word_1_776' title='bbox 2253 5687 2396 5742; x_wconf 77' lang='grc' dir='ltr'>κατὰ</span> <span class='ocrx_word' id='word_1_777' title='bbox 2454 5686 2548 5741; x_wconf 83' lang='grc' dir='ltr'><strong>τὸν</strong></span> <span class='ocrx_word' id='word_1_778' title='bbox 2611 5686 2921 5758; x_wconf 85' lang='grc' dir='ltr'>ὡρισμένον</span> <span class='ocrx_word' id='word_1_779' title='bbox 2973 5687 3164 5759; x_wconf 79' lang='grc' dir='ltr'>καιρὸν</span> <span class='ocrx_word' id='word_1_780' title='bbox 3211 5680 3838 5751; x_wconf 86' lang='grc' dir='ltr'>συντελεθεῖσαιγνωρί-</span> 
     </span>
    </p>
   </div>
   <div class='ocr_carea' id='block_1_120' title="bbox 2253 5774 3841 5852">
    <p class='ocr_par' dir='ltr' id='par_1_120' title="bbox 2253 5774 3841 5852">
     <span class='ocr_line' id='line_1_120' title="bbox 2253 5774 3841 5852; baseline -0.008 -17"><span class='ocrx_word' id='word_1_781' title='bbox 2253 5781 2461 5846; x_wconf 82' lang='grc' dir='ltr'>ζονται·</span> <span class='ocrx_word' id='word_1_782' title='bbox 2495 5781 2554 5834; x_wconf 90' lang='grc' dir='ltr'><strong>αί</strong></span> <span class='ocrx_word' id='word_1_783' title='bbox 2586 5779 2643 5834; x_wconf 85' lang='grc' dir='ltr'>δὲ</span> <span class='ocrx_word' id='word_1_784' title='bbox 2680 5781 2823 5834; x_wconf 84' lang='grc' dir='ltr'>κατὰ</span> <span class='ocrx_word' id='word_1_785' title='bbox 2855 5780 2954 5852; x_wconf 79' lang='grc' dir='ltr'>τὴν</span> <span class='ocrx_word' id='word_1_786' title='bbox 2994 5777 3375 5851; x_wconf 85' lang='grc' dir='ltr'>πρεσϐυτέραν</span> <span class='ocrx_word' id='word_1_787' title='bbox 3404 5774 3722 5847; x_wconf 89' lang='grc' dir='ltr'>νομοθεσίαν</span> <span class='ocrx_word' id='word_1_788' title='bbox 3754 5789 3841 5840; x_wconf 77' lang='grc' dir='ltr'>γι·</span> 
     </span>
    </p>
   </div>
   <div class='ocr_carea' id='block_1_121' title="bbox 2256 5861 3841 5945">
    <p class='ocr_par' dir='ltr' id='par_1_121' title="bbox 2256 5861 3841 5945">
     <span class='ocr_line' id='line_1_121' title="bbox 2256 5861 3841 5945; baseline -0.008 -16"><span class='ocrx_word' id='word_1_789' title='bbox 2256 5873 2504 5944; x_wconf 85' lang='grc' dir='ltr'>νόμεναι,</span> <span class='ocrx_word' id='word_1_790' title='bbox 2543 5873 2618 5938; x_wconf 78' lang='grc' dir='ltr'>ὡς</span> <span class='ocrx_word' id='word_1_791' title='bbox 2653 5871 2954 5945; x_wconf 70' lang='grc' dir='ltr'>ἀνθρώπων</span> <span class='ocrx_word' id='word_1_792' title='bbox 2986 5872 3206 5945; x_wconf 83' lang='grc' dir='ltr'>ἀρέσκει</span> <span class='ocrx_word' id='word_1_793' title='bbox 3239 5865 3742 5941; x_wconf 73' lang='grc' dir='ltr'>κατησφαλισμέναι</span> <span class='ocrx_word' id='word_1_794' title='bbox 3775 5861 3841 5916; x_wconf 78' lang='grc' dir='ltr'>δι’</span> 
     </span>
    </p>
   </div>
  </div>
