4142 6492
404 452 534 517 1181

1397 451 1887 516 ΝΟΜΟΟΑΝΟΝ.
1922 481 1993 491 -
2029 454 2178 514 ΤΙΤ.
2222 454 2394 530 XIII,
2437 455 2594 515 CAP.
2637 456 2722 518 II.

3573 464 3709 529 1.182

399 567 799 639 ἐπερωτήσεως)
827 567 888 621 τὸ
911 565 1135 638 ἐνεργὸν
1164 564 1310 637 ἔχειν
1336 565 1661 636 ἀφείθησαν.
1693 568 1804 619 Καὶ
1836 566 1977 636 μόνος

2101 573 2283 619 autem
2359 573 2826 622 comntemoratus
2891 567 3127 623 celebris
3197 570 3495 641 imperator
3558 588 3706 632 recte

395 661 426 713 ὁ
466 659 798 731 παλαιγενὴς
829 660 922 714 ἐπὶ
961 659 1179 724 ,τούτων
1233 657 1434 728 ἀφείθη
1464 657 1630 728 νόμος
1664 660 1890 729 κρατεῖν
1920 658 1995 721 ὡς

397 751 683 823 ὡρισμένα
709 752 778 806 τὰ
804 752 1168 821 κεκωλυμένα
1214 752 1307 804 ἐπὶ
1327 749 1428 821 τὴν
1460 750 1830 818 ἀποζυγεῖσαν
1859 767 1997 821 μνη-

397 845 532 914 στὴν
557 845 906 916 εἰσ-ἔρχεσθαι
931 843 1200 916 πρόσωπα
1231 843 1514 909 διετάξατο
1532 843 1612 896 δεῖ
1631 861 1684 895 τι
1712 841 1996 914 προθεῖναι

395 936 496 990 καὶ
525 936 622 992 νῦν
669 938 748 1008 τῷ
793 937 1024 1008 παρόντι
1070 935 1267 1007 θέματι
1311 936 1411 1007 τῆς
1468 937 1819 1008 Χριστιανοῖς
1858 954 1996 1005 πρε-

394 1032 605 1104 π>ύσης
633 1033 934 1105 εὐκοσμίας
979 1033 1258 1104 ἐχόμενον·
1305 1033 1429 1087 ἐπεὶ
1478 1034 1589 1105 γὰρ
1613 1031 1705 1086 οῦν
1732 1031 1875 1087 κατά
1903 1034 1995 1088 τὸν

391 1127 599 1198 ἀκριϐῆ
632 1129 726 1181 καὶ
756 1129 1106 1200 προσήκοντα
1137 1126 1295 1195 λόγον
1324 1128 1391 1180 τὰ
1418 1130 1518 1200 τῆς
1552 1129 1786 1192 παλαιᾶς
1816 1146 1874 1182 τε
1900 1131 1995 1184 καὶ

391 1221 520 1282 νέας
550 1218 876 1290 νομοθεσίας
904 1221 1230 1290 ἐπράττετο.
1278 1220 1418 1274 Ἀλλ’
1443 1224 1471 1275 ὀ
1504 1222 1605 1292 μὲν
1640 1223 1807 1287 πολὺς
1836 1221 1994 1294 ὄχλος

387 1310 488 1380 τῆς
509 1311 890 1384 πρεσϐυτέρας
908 1312 1015 1366 τῶν
1037 1313 1217 1383 νόμων
1239 1314 1555 1378 αὐθεντείας
1575 1314 1831 1386 ἐχόμενος
1855 1314 1994 1388 μετά

386 1401 481 1456 τὸν
515 1403 755 1475 ἑπταετῆ
786 1404 980 1475 χρόνον
1007 1405 1408 1477 τελεσιουργῶν
1436 1406 1534 1470 τὰς
1563 1406 1854 1478 μνηστείας
1895 1409 1988 1460 ἀν-

386 1494 700 1560 υποστόλως
718 1495 981 1568 ἐτύγχανε
1006 1499 1100 1551 καὶ
1123 1499 1294 1564 ἀδεῶς
1323 1501 1414 1553 ἐπὶ
1431 1499 1530 1565 τὰς
1548 1500 1992 1572 μνηστευομένας

385 1588 712 1660 είσήρχοντο
731 1589 966 1655 ἕκαστος
985 1594 1052 1662 τῇ
1085 1595 1302 1663 συνεχεῖ
1333 1593 1597 1666 συνηθείᾳ
1620 1595 1716 1648 καὶ
1739 1595 1816 1667 τῷ
1837 1595 1990 1652 ἐλευ-

391 1679 564 1750 θερίῳ
612 1681 712 1752 τῆς
746 1683 828 1746 είς
864 1683 1086 1754 ὁμιλίαν
1113 1684 1335 1740 συνόδου
1375 1686 1436 1738 τὸ
1473 1685 1568 1738 τοῦ
1613 1685 1818 1754 ἔρωτος
1865 1687 1992 1757 φλε-

381 1774 614 1842 γμαῖνον
689 1775 1214 1845 προσανσκαίοντες.
1263 1775 1324 1829 'll
1393 1778 1451 1831 δὲ
1505 1777 1772 1849 ἱερωτέρα
1831 1780 1990 1851 μερὶς

2100 665 2346 724 secutus,
2380 659 2553 714 sancti
2604 660 3046 731 universalisque
3076 663 3216 718 sexti
3274 666 3488 721 consilii
3527 667 3702 742 [eum]

2100 765 2396 817 eanonem,
2461 753 2555 822 qui
2606 768 2888 823 sponsam,
2937 755 3068 809 dum
3127 771 3361 826 sponsus
3411 760 3595 816 adhue
3645 763 3701 820 in

2100 841 2242 896 vivis
2289 853 2392 907 est,
2451 860 2574 900 cum
2595 844 2704 901 alio
2758 845 2810 900 in
2841 845 3182 901 matrimonii
3247 851 3701 908 consuetudinem

2097 933 2246 989 coire
2280 937 2474 1005 vetuit,
2525 937 2858 993 adulterium
2887 937 3055 1011 [eam]
3088 955 3197 994 rem
3215 940 3384 1016 [esse]
3415 948 3704 1002 manifeste

2098 1039 2394 1085 Statuens;
2455 1046 2579 1086 cum
2627 1040 2815 1103 aperta
2865 1035 3066 1090 veteris
3122 1037 3705 1110 legislcontrarietate

2095 1121 2323 1191 pulchre
2390 1123 2725 1178 conciliavit.
2784 1123 3056 1192 Quoniam
3107 1127 3275 1203 [quae]
3308 1143 3430 1201 post
3476 1133 3703 1188 benedi—

2097 1212 2332 1268 ctionem
2372 1215 2592 1283 sponsis
2645 1213 2846 1270 factam
2899 1216 3235 1293 [intervenit]
3294 1225 3590 1290 separatio,
3635 1240 3699 1280 ea

2099 1302 2367 1378 [demum]
2401 1306 2704 1362 secundum
2761 1307 2881 1377 eius
2915 1326 3103 1365 vocem
3140 1314 3419 1383 iustorum
3458 1333 3695 1387 sponsa-

2095 1396 2295 1452 liorum
2352 1407 2435 1454 est
2481 1400 2706 1456 solutio.
2769 1400 2927 1468 Quod
2975 1403 3020 1458 si
3072 1407 3350 1474 sponsalia
3431 1411 3686 1480 quaedam

2095 1489 2397 1546 secundum
2453 1492 2752 1547 multorum
2803 1497 3256 1554 consuetudinem
3336 1513 3700 1570 congruenter

2089 1581 2205 1653 jam
2287 1593 2565 1639 contracta
2643 1582 2868 1652 fuerint,
2924 1596 2979 1642 et
3042 1589 3405 1647 instrumenta
3447 1592 3695 1650 conlecta

2095 1673 2240 1728 sint:
2275 1676 2516 1730 nondum
2569 1686 2752 1732 autem
2808 1686 3070 1734 statutum
3101 1689 3335 1749 tempus,
3369 1700 3477 1755 quo
3523 1685 3686 1740 Chri-

2093 1765 2288 1821 stianis
2319 1767 2496 1822 debita
2529 1767 2840 1825 benedictio
2887 1770 3002 1825 lieri
3047 1775 3353 1838 consuevit,
3390 1777 3692 1844 advenerit,

381 1865 483 1933 τῆς
517 1867 720 1936 νεαρᾶς
768 1865 863 1919 τοῦ
912 1865 1179 1937 βασιλέως
1214 1866 1586 1922 ἀκολουθοῦσα
1609 1868 1838 1940 διαταγῇ
1874 1869 1977 1925 δια·

2093 1871 2270 1927 neque
2326 1858 2599 1914 solemnes
2623 1875 2788 1930 super
2839 1860 3203 1932 desponsatos
3244 1881 3434 1934 preces
3464 1883 3559 1937 per
3606 1884 3694 1924 sa-

381 1956 577 2029 στολὴν
607 1958 708 2028 μὲν
743 1961 1044 2029 μνηστείας
1096 1963 1192 2016 καὶ
1239 1962 1423 2032 γάμου
1461 1962 1691 2029 ἐτίθετο,
1743 1963 1844 2027 τὰς
1888 1963 1985 2018 ἐπί

377 2050 493 2112 τοῖς
524 2050 818 2121 μνήστροις
856 2052 1022 2122 εὐχὰς
1054 2053 1293 2124 πρῶτον.
1328 2054 1424 2108 καὶ
1459 2052 1608 2109 οὕτω
1649 2054 1746 2120 τὰς
1782 2057 1876 2110 ἐπὶ
1906 2055 1983 2128 τῷ

376 2138 546 2210 γάμῳ
577 2140 692 2203 τοῖς
725 2142 1153 2213 συναπτομένοις
1205 2145 1485 2215 ἐπᾴδουσα
1505 2187 1520 2211 ,
1556 2144 1730 2200 ταῦτα
1756 2145 1813 2201 δέ
1845 2147 1981 2202 ἑνω-

377 2231 561 2300 μένως
595 2231 713 2304 ἅμα
745 2235 837 2288 καὶ
867 2236 1010 2288 κατὰ
1041 2235 1240 2291 ταυτὸν
1274 2237 1532 2303 ἐτελεῖτο,
1581 2238 1678 2291 καὶ
1714 2240 1983 2311 μνηστεία

376 2324 474 2378 καὶ
525 2325 721 2396 γάμοςξ
747 2326 828 2381 ἐνὶ
855 2327 1189 2400 διαστήματι
1225 2331 1648 2403 κατεπράττετο
1689 2333 1979 2404 ἀκαριαίου

372 2418 519 2482 τινὸς
576 2419 636 2473 ἐν
689 2419 767 2491 τῷ
819 2421 1024 2491 μεταξὺ
1086 2424 1563 2492 συνεμπίπτοντος
1620 2425 1981 2498 διορθουμένη

371 2511 534 2565 τοῦτο
563 2511 639 2577 ὡς
671 2513 1050 2579 ἀϐασανίστως
1086 2517 1394 2588 γινόμενον.
1441 2518 1507 2572 Ἠ
1542 2521 1791 2592 ἡμετέρα
1826 2521 1983 2575 εὐσέ-

375 2603 502 2656 ϐεια
525 2603 775 2669 θεσπίζει
797 2606 885 2660 διὰ
907 2605 1003 2660 τοῦ
1031 2609 1297 2680 παρόντος
1325 2610 1550 2680 γενικοῦ
1581 2612 1978 2684 διατάγματος,

372 2695 444 2749 τά
475 2696 577 2764 μὲν
599 2698 742 2751 κατὰ
767 2699 858 2752 τὸν
887 2700 1124 2771 ἑπταετῆ
1153 2702 1260 2754 τῶν
1303 2703 1730 2773 συμϐαλλόντων
1765 2707 1976 2778 χρόνον,

373 2788 472 2841 καὶ
499 2789 580 2851 είς
613 2788 703 2842 τὸν
734 2787 861 2861 ἑξῆς
890 2792 1018 2864 ἄχρι
1052 2792 1148 2846 τοῦ
1185 2793 1246 2847 ιδ’
1271 2795 1303 2865 ἢ
1344 2794 1412 2866 ιβ’
1439 2797 1537 2866 τῆς
1560 2796 1777 2867 ἡλικίας
1802 2801 1978 2853 ἐνιαυ-

371 2876 469 2930 τοῦ
519 2878 781 2950 γινόμενα
811 2881 886 2945 ὡς
933 2884 992 2936 ἑν
1028 2883 1186 2954 τύπῳ
1225 2885 1522 2956 μνηστείας
1571 2886 1878 2957 συμϐόλα;α
1901 2888 1978 2960 μὴ

371 2969 528 3034 τάξιν
557 2970 695 3036 ὅλως
741 2975 1041 3044 μνηστείας
1075 2976 1304 3047 ἐννόμου
1332 2979 1425 3031 καὶ
1453 2977 1730 3048 ἀσφαλοῦς
1760 2980 1973 3049 ἀποφέ-

372 3061 568 3132 ρεσθαι
623 3063 745 3118 ἀλλ’
798 3065 875 3130 ὡς
923 3067 1297 3142 ἐπερωτήσεις
1352 3071 1514 3141 μόνον
1570 3071 1979 3142 ἐσφαλισμένας

367 3155 658 3226 κρίνεσθαί
694 3176 755 3212 τε
789 3160 885 3214 καὶ
923 3163 1170 3235 ἐνεργεῖν
1205 3163 1351 3218 κατὰ
1392 3168 1492 3237 τὴν
1536 3167 1701 3236 φύσιν
1734 3167 1845 3222 τῶν
1878 3168 1977 3223 άλ-

2088 1949 2365 2004 cerdotem
2393 1951 2759 2020 pronuntiata:
2796 1951 3034 2009 fuerint:
3077 1955 3190 2010 haec
3212 1957 3488 2026 sponsalia
3511 1975 3691 2029 quan-

2088 2051 2208 2098 tum
2251 2045 2319 2099 ad
2353 2053 2601 2101 exactam
2655 2046 2904 2103 ecclesia:
2946 2048 3387 2107 dissertationcm
3426 2051 3690 2125 [attinet],

2083 2151 2264 2207 neque
2289 2153 2410 2194 esse
2433 2181 2448 2206 ,
2496 2155 2674 2210 neque
2702 2139 2809 2195 diei
2850 2141 2998 2212 justa
3055 2142 3336 2217 [possunt]
3357 2162 3533 2216 neque
3559 2162 3692 2202 vero

2083 2229 2350 2285 adversus
2408 2229 2525 2285 haec
2578 2231 2858 2302 synodalis
2910 2237 3340 2291 commentarius
3383 2235 3682 2291 ellicaeiam

2085 2323 2250 2378 habet
2287 2342 2300 2378 :
2364 2324 2460 2378 sed
2528 2335 2787 2395 tanquam
2823 2327 3104 2382 hominum
3137 2329 3331 2398 placita
3363 2331 3691 2400 simpliciter

2090 2429 2188 2484 per
2241 2414 2624 2486 stipulationes
2678 2417 3023 2485 confirmata,
3061 2422 3446 2493 auctoritatem
3477 2422 3686 2490 ferunt,

2080 2517 2347 2578 vetusque
2382 2508 2648 2580 legislatio
2706 2509 2761 2564 in
2811 2511 2918 2566 illis
2962 2511 3275 2567 ﬁrmitatem
3299 2515 3529 2569 obtinet.
3565 2514 3684 2574 Hoc

2079 2596 2228 2651 enim
2262 2607 2424 2668 pacto
2471 2615 2598 2653 eum
2631 2609 2848 2656 vetusta
2889 2601 2995 2668 lex,
3061 2619 3184 2674 qua:
3211 2614 3371 2659 antea
3413 2607 3482 2661 de
3518 2623 3690 2677 spon-

2080 2690 2288 2746 salibus
2367 2693 2711 2764 promulgata
2760 2704 2880 2762 est,
2959 2696 3165 2766 integra
3219 2700 3685 2756 conservabitur:

2082 2790 2196 2836 tum
2230 2784 2428 2854 syuodi
2479 2784 2748 2854 judicium
2778 2789 3076 2843 secundum
3136 2789 3223 2846 hie
3261 2790 3544 2866 [positam]
3577 2795 3676 2849 oh-

2080 2877 2445 2932 servationem
2481 2889 2534 2933 et
2577 2879 2910 2935 intellectum
2969 2892 3021 2936 et
3056 2882 3495 2953 interpretatum,
3535 2887 3688 2941 inla-

2079 2977 2226 3024 ctnm
2262 2977 2428 3036 atque
2446 2969 2775 3027 intentatum
2815 2974 3182 3029 custodietur.
3223 2975 3686 3048 Quandoquidem

2079 3076 2211 3115 vero
2264 3063 2380 3118 ha-c
2435 3064 2500 3119 ad
2555 3065 2704 3122 hunc
2757 3067 2980 3122 modum
3044 3067 3411 3144 [constituta],
3456 3085 3510 3127 et
3570 3073 3689 3129 haec

2079 3167 2206 3207 vera
2279 3151 2444 3226 [esse)
2507 3157 2786 3226 sponsalia
2845 3159 3128 3231 designata
3179 3170 3329 3229 sunt,
3377 3180 3501 3233 qua:
3558 3181 3685 3220 eum

367 3245 998 3323 λων,συναλλαγμάτων,
1035 3256 1133 3308 καὶ
1159 3255 1332 3321 οὕτως
1361 3257 1500 3312 αύτᾶ.
1523 3259 1678 3330 παρά
1706 3261 1840 3313 πᾶσι
1869 3263 1977 3325 τοῖς

2083 3259 2242 3301 sacra
2296 3246 2696 3315 benedictione,
2765 3259 3088 3322 statutoqne
3164 3263 3406 3325 tempore
3465 3266 3686 3326 peracta

369 3339 464 3407 ὑφ’
486 3342 517 3411 ή
528 3343 636 3411 μᾶς
663 3343 1044 3400 πολιτεύεσθαι
1079 3345 1174 3401 τοῦ
1203 3348 1436 3402 παλαιοῦ
1463 3350 1629 3421 νόμου
1655 3349 1729 3415 ὡς
1752 3351 1975 3405 ἐπὶτῶν

371 3435 684 3504 μνηστειῶν
712 3438 1032 3512 ἑξεφωνήθη
1062 3440 1122 3495 τὸ
1146 3441 1367 3513 ἐνεργὸν
1402 3443 1482 3507 είς
1510 3444 1577 3497 τά
1614 3444 1975 3516 κεκωλυμένα

365 3529 466 3584 ἐπὶ
501 3529 600 3601 τὴν
650 3531 1083 3602 ἀποζευχθεῖσαν
1119 3535 1366 3606 μνηστὴν
1405 3537 1754 3608 εἰσέρχεσθαι
1803 3539 1975 3610 πρόσ-

364 3637 496 3676 ωπα
571 3622 716 3694 ἔχειν
766 3625 1076 3696 ὀφείλοντος
1154 3628 1339 3682 τέλεον
1402 3629 1489 3684 διὰ
1547 3630 1607 3683 τὸ
1664 3632 1976 3702 περιούσιον

365 3717 472 3785 τῆς
521 3719 672 3788 παρά
723 3719 1068 3791 Χριστιανοῖς
1119 3721 1440 3794 πρεπούσης
1514 3724 1972 3796 ἐμπολιτεύεσθαι

363 3808 779 3875 καταστάσεως⁸
811 3813 861 3865 εί
909 3813 1018 3884 γάρ
1066 3816 1161 3869 καὶ
1216 3818 1291 3886 μὴ
1341 3817 1610 3888 μνηστεία
1673 3817 1794 3870 ἐστὶ
1828 3819 1974 3873 κατά

356 3899 424 3951 τὸ
483 3901 709 3972 ἀκριϐὲς
775 3903 994 3978 ἐντελὴς
1045 3907 1105 3960 τὸ
1169 3908 1456 3978 γινόμενον
1537 3909 1655 3963 ἀλλ’
1697 3911 1780 3964 ὅτι
1848 3928 1975 3964 σκο-

361 3992 420 4041 π’
441 4008 467 4041 ν
515 3989 660 4062 ἔλειν
692 3996 988 4066 μνηστείας
1021 3997 1172 4053 δοκεῖ
1212 4001 1274 4053 τὸ
1318 4001 1716 4073 πραττόμενον,
1758 4005 1853 4058 καὶ
1883 4003 1974 4058 θε-

369 4082 559 4151 μέλιον
593 4085 778 4155 γάμου
829 4091 1385 4158 προκαταϐάλλεσθσι
1436 4093 1665 4166 ἄρχεται
1717 4096 1852 4149 πολὺ
1906 4097 1972 4151 ἂν

362 4176 455 4242 εἴη
488 4176 715 4247 εὔλογον
744 4178 814 4232 τὰ
855 4181 1218 4254 κεκωλυμένα
1246 4184 1328 4256 τῷ
1367 4185 1516 4256 νόμῳ
1547 4187 1839 4258 πρόσωπα,
1875 4189 1971 4242 καὶ

375 4265 534 4332 αὖθις
579 4268 726 4341 ἔχειν
753 4272 814 4324 τὸ
845 4271 1096 4345 κώλυμα,
1158 4277 1254 4329 καὶ
1312 4277 1517 4349 μηδένα
1568 4279 1796 4350 θαρρεῖν
1845 4297 1970 4336 νεα·-

360 4360 647 4416 νιεύεσθαι
696 4364 930 4429 ἀναιδῶς
978 4368 1054 4431 ὡς
1093 4368 1173 4432 είς
1205 4371 1444 4438 γυναῖκα
1495 4369 1799 4442 λαμϐάνειν
1831 4373 1968 4425 ἀπο-

356 4453 570 4526 τολμᾷν
605 4455 673 4526 ἣν
721 4459 748 4510 ὁ
797 4457 1030 4523 παλαιὸς
1073 4460 1239 4532 νόμος
1277 4463 1523 4534 μνηστήν
1567 4480 1715 4527 τινος
1747 4463 1970 4534 γινομέ-

357 4563 460 4615 νην
491 4547 592 4601 ούκ
616 4548 829 4619 ἀφῆκεν
855 4549 1027 4623 ἑτέρῳ
1049 4550 1328 4624 λυομένων
1357 4554 1465 4608 τῶν
1493 4555 1800 4627 μνηστείων
1824 4555 1968 4609 κατὰ

358 4639 544 4709 γάμον
591 4641 971 4713 συνέρχεσθαι.
1034 4643 1378 4715 Ίκνουμένου
1424 4625 1614 4715 μέντοι
1647 4647 1741 4701 τοῦ
1772 4648 1963 4721 χρόνου
1999 4625 2044 4681 D

353 4732 419 4786 ὃν
448 4734 528 4796 είς
553 4735 851 4805 μνηστείαν
883 4738 1000 4808 ἅμα
1029 4739 1124 4793 καὶ
1153 4738 1332 4810 γάμον
1358 4741 1626 4814 ἁρμόδιον
1655 4737 1796 4796 εἶναι
1828 4760 1968 4812 γνω-

356 4826 608 4898 ρίζομεν,
642 4829 810 4900 ἤγουν
860 4829 959 4900 τῆς
1009 4829 1112 4901 μὲν
1160 4830 1387 4902 θηλείας
1424 4832 1738 4903 δωδεκαετῆ
1773 4833 1966 4905 χρόνον

354 4920 778 4992 διατρεχούσης,
815 4921 911 4977 τοῦ
963 4923 1193 4996 άρῤενος
1220 4925 1276 4978 δὲ
1302 4925 1392 4979 τὸν
1432 4927 1966 4998 τεσσαρεσκαιδέκα-

355 5030 451 5065 τον
485 5014 912 5086 ὑπερϐαίνοντος
936 5057 954 5082 ,
997 5019 1304 5090 τηνικαῦτα
1336 5020 1436 5090 τὴν
1471 5020 1774 5092 μνηστείαν
1811 5022 1965 5092 πρώ-

355 5119 465 5165 τως
495 5103 634 5172 μετά
662 5105 762 5175 τῆς
795 5109 951 5179 ἱερᾶς
982 5108 1092 5162 τῶν
1142 5109 1318 5181 εὐχῶν
1369 5111 1585 5182 ἐπῳδῆς
1625 5111 1965 5168 ἐκτελεῖσθαι

357 5195 455 5246 καὶ
512 5194 622 5248 τῶν
670 5199 918 5269 συνήθων
969 5200 1144 5274 ταύτῃ
1198 5207 1642 5276 παρατηρήσεων
1665 5205 1835 5277 ἤγουν
1867 5206 1964 5260 τοῦ

355 5285 677 5356 aegaeon;
701 5290 794 5342 καὶ
823 5290 918 5344 τοῦ
939 5293 1117 5361 φιλίου
1145 5297 1256 5358 τοῖς
1292 5296 1604 5367 μνηστῆρσι
1630 5298 1958 5369 φιλήματος,

356 5379 453 5432 καὶ
477 5378 622 5433 οὕτω
669 5381 918 5453 βραχέως
981 5387 1014 5460 ἢ
1074 5387 1322 5453 πλείονος
1358 5390 1552 5460 καιροῦ
1590 5391 1963 5456 διαλείποντος

352 5471 541 5536 καθὼς
597 5471 663 5526 ἂν
715 5474 843 5550 δόξῃ
895 5480 1008 5542 τοῖς
1053 5481 1513 5536 συναλλάττουσιν
1558 5484 1964 5554 ἀπαραιρήτως

364 5566 461 5618 καὶ
485 5565 577 5618 τὸν
612 5565 838 5639 ἔννομον
870 5570 1047 5641 γάμον
1072 5574 1413 5646 προϐαίνειν,
1436 5575 1530 5628 καὶ
1556 5577 1632 5647 μὴ
1663 5577 1808 5630 κατὰ
1834 5594 1963 5630 ταυ-

349 5659 444 5710 τὸν
485 5659 807 5729 συμϐαίνειν
859 5663 918 5716 ἐν
973 5665 1158 5738 ἡμέρᾳ
1213 5669 1314 5739 μιᾷ
1374 5667 1636 5732 πολλάκις
1691 5669 1787 5723 καὶ
1839 5670 1961 5741 ὥρᾳ.

349 5755 700 5824 πραγμάτων
756 5755 1104 5829 διῃρημένων
1155 5763 1222 5815 ἐκ
1287 5761 1532 5826 πλείονος
1586 5765 1954 5836 ἀποτέλεσμα.

350 5846 513 5902 Οὕτω
545 5849 656 5920 γάρ
705 5850 804 5921 τῆς
833 5851 1161 5918 ἀκολουθίας
1196 5854 1601 5929 προϐαινούσης
1648 5857 1706 5912 ἐν
1754 5859 1957 5927 γάμοις

351 5942 438 6001 ὅτε
473 5944 499 5998 ὁ
544 5943 773 6012 παλαιὸς
816 5946 983 6021 νόμος
1016 5947 1427 6023 φυλαχθὴσετχι
1452 5951 1528 6018 ὡς
1555 5951 1954 6025 κεκωλυμένων

2077 3353 2201 3394 esse
2254 3349 2559 3396 noscuntur
2595 3358 2608 3394 :
2644 3357 2767 3411 quae
2806 3358 2937 3397 vero
2979 3344 3284 3400 secundum
3311 3346 3681 3416 antiquiorem

2074 3433 2479 3504 legislationem
2553 3433 2710 3500 ﬁunt,
2765 3434 2884 3509 [iis]
2943 3437 3087 3492 velut
3137 3438 3425 3493 hominum
3483 3439 3686 3509 placita

2077 3526 2546 3596 stipulationibus
2580 3529 2930 3584 constabilita
2960 3530 3068 3584 vim
3111 3530 3335 3599 habere,
3373 3545 3536 3604 atque
3574 3534 3686 3606 [in-

2079 3617 2268 3690 super]
2321 3618 2422 3675 soli
2471 3620 2667 3691 prisca:
2713 3620 2839 3692 legi,
2900 3637 3022 3692 qua:
3075 3630 3256 3677 certas
3289 3639 3556 3693 personas
3615 3625 3684 3678 ad

2077 3711 2383 3780 sejunctam
2436 3727 2700 3782 sponsam
2739 3713 2952 3785 ingredi
2991 3715 3298 3784 prohibitas
3354 3718 3630 3772 recensuit
3665 3759 3681 3783 ,

2078 3804 2134 3859 in
2182 3805 2266 3861 his
2312 3806 2496 3861 valere
2541 3821 2866 3862 concessum
2891 3814 3016 3860 est:
3067 3807 3323 3876 quiddam
3378 3824 3500 3862 cunt
3555 3825 3686 3865 con-

2075 3899 2318 3955 venienti
2372 3899 2727 3965 Christianis,
2771 3899 3060 3956 honestate
3109 3901 3498 3972 coniunctum,
3543 3919 3686 3974 prae-

2077 3993 2217 4048 senti
2254 3991 2483 4047 oraculo
2547 4008 2690 4047 nunc
2746 3993 2914 4047 etiam
2947 3994 3332 4064 addioportet.
3359 3994 3500 4061 Quia
3531 3997 3680 4051 enim

2083 4102 2194 4142 non
2222 4087 2526 4141 secundum
2561 4094 2810 4141 exactam
2843 4091 3373 4160 convenientemque
3407 4092 3680 4148 rationem

2075 4177 2274 4234 veteris
2306 4193 2569 4247 novaeque
2589 4178 2946 4249 legislationis
2972 4178 3236 4252 [decreta]
3261 4184 3681 4254 peragebantur,

2078 4273 2173 4328 sed
2228 4273 2608 4342 promiscuum
2653 4271 2849 4343 vulgus
2876 4273 3178 4344 antiquiori
3219 4275 3397 4345 legum
3431 4278 3677 4330 auctori-

2077 4367 2176 4422 tati
2233 4366 2638 4432 adhaerescens,
2707 4376 2831 4434 post
2896 4369 3214 4436 septennale
3271 4376 3485 4439 tempus
3539 4369 3677 4424 citra

2072 4459 2393 4516 dilationem
2476 4459 2758 4530 sponsalia
2805 4459 3138 4524 celebrabat,
3181 4475 3245 4515 ae
3306 4476 3405 4532 pro
3449 4462 3680 4518 arbitrio

2071 4554 2305 4625 quisque
2361 4553 2427 4608 ad
2495 4551 2860 4624 desponsatas
2939 4552 3366 4624 ingrediebatur,
3411 4557 3675 4612 continua

2072 4645 2469 4703 consuetudine
2504 4654 2673 4716 atque
2725 4644 2983 4701 libertate
3002 4645 3066 4699 ad
3097 4645 3375 4716 colloquia
3407 4663 3673 4719 congres-

2071 4754 2169 4795 sus
2199 4739 2404 4794 amoris
2445 4737 2725 4792 ﬂammant
2780 4738 3088 4794 accendens
3124 4754 3137 4790 :
3169 4741 3441 4796 sacratior
3486 4750 3671 4797 autem

2073 4847 2201 4904 pars
2239 4831 2509 4888 novellam
2574 4831 2923 4901 imperatoris
2951 4830 3254 4899 jnssionem
3280 4843 3496 4901 secuta,
3526 4834 3672 4889 inter

2074 4921 2354 4994 sponsalia
2395 4930 2450 4977 et
2483 4923 2706 4993 nuptias
2777 4922 3190 4978 distinctionem
3228 4924 3492 4992 ponebat,
3562 4925 3675 4993 pri—

2070 5031 2220 5070 mum
2243 5031 2432 5086 preces
2483 5015 2861 5087 Sponsalitias,
2910 5030 2975 5070 ac
3038 5015 3234 5070 deinde
3291 5016 3674 5072 matrimonia-

2069 5108 2150 5166 les
2175 5109 2587 5180 coniungendas
2657 5107 2962 5163 accinens:
3030 5115 3196 5176 atque
3260 5105 3413 5178 [inde
3478 5107 3668 5179 etiam]

2069 5200 2407 5271 conjunetim
2458 5198 2620 5255 simul
2653 5209 2708 5254 et
2730 5197 2922 5253 eodem
2959 5194 3256 5268 [tempore]
3322 5196 3544 5266 quando
3588 5196 3669 5250 in-

2070 5301 2218 5349 terea
2249 5291 2382 5365 [vel]
2458 5291 2750 5346 minimum
2803 5289 3066 5361 quiddam
3123 5289 3412 5352 incideret,
3478 5289 3669 5344 isthzec

2067 5385 2510 5458 perticiebantur,
2547 5395 2601 5440 et
2659 5383 2936 5455 sponsalia
2998 5381 3312 5454 nuptiaaque
3390 5397 3500 5437 uno
3551 5379 3670 5452 [co-

2066 5479 2306 5550 demque
2356 5476 2644 5550 temporis]
2695 5477 2873 5549 spatio
2909 5477 3312 5548 peragebantur
3353 5493 3367 5529 :
3404 5474 3512 5529 hoc
3544 5484 3666 5528 tan-

2064 5588 2232 5642 quam
2268 5572 2387 5629 sine
2416 5571 2804 5643 disquisitione
2845 5571 2958 5637 liat,
3026 5577 3217 5625 nostra
3269 5567 3444 5638 pietas
3482 5566 3663 5622 corri-

2064 5682 2220 5736 gens,
2251 5681 2349 5737 per
2394 5676 2718 5737 pratsentem
2761 5663 3074 5735 generalem
3097 5660 3404 5731 jussionem
3461 5659 3660 5721 sancit,

2065 5762 2173 5836 [ut]
2208 5762 2304 5834 qui
2335 5763 2402 5818 ad
2441 5777 2645 5816 annum
2676 5757 3122 5815 contrahentium
3150 5755 3470 5826 septimum,
3494 5753 3662 5807 etde-

2063 5859 2251 5929 inceps
2277 5871 2450 5927 ttsque
2473 5855 2538 5910 ad
2564 5855 2838 5911 decimum
2863 5860 3119 5923 quartum
3158 5846 3657 5903 autduodccimum

2061 5951 2211 6009 velut
2275 5949 2586 6022 imaginarii
2647 5947 3053 6020 sponsaliorum
3106 5951 3423 6002 contractus
3468 5944 3608 5999 liunt
3642 5983 3656 6009 ,
