4142 6436
586 380 725 447 1183

1808 391 2039 453 ΡΗΟΤΙ
2048 392 2075 453 Ι
2115 393 2627 461 PATRIARCILE
2666 400 2776 461 CP-

3753 409 3882 477 1184

580 495 955 568 legitimorum
990 497 1385 573 llrmorumqne
1412 502 1819 574 sponsaliorum
1867 508 2044 563 vicem
2075 526 2181 565 non

2291 513 2601 586 προσώπων
2630 517 3015 591 ἀπαρίθμησιν
3043 522 3342 586 ἐποιήσατο
3390 528 3465 599 μὴ
3506 528 3689 597 ἐφιεὶς
3721 530 3883 586 ταῦτα

582 591 866 647 obtineant
902 608 915 644 :
945 593 1039 648 sed
1074 592 1273 649 saltem
1316 603 1583 667 tanquam
1641 600 1982 655 continuatae
2010 602 2185 672 stipu-

587 680 823 737 lationes
842 684 1351 757 habeantur,atque
1376 688 1679 743 secundum
1701 691 1934 747 aliorum
1964 704 2186 751 contra-

585 784 776 828 ctuum
834 786 1090 832 naturam
1133 787 1434 848 operentur
1458 819 1474 837 .
1510 779 1578 835 Et
1615 782 1683 837 ad
1709 785 1856 841 hunc
1906 783 2184 861 [quidem]

584 866 811 921 modum
829 870 971 939 apud
992 884 1183 927 omnes
1204 872 1456 930 subditos
1486 882 1707 932 nostros
1737 876 1828 933 illa
1860 880 2183 938 obtineant:

589 958 677 1028 [ut
729 969 909 1015 tamen
954 962 1199 1036 interim]
1232 976 1389 1021 vetus
1434 968 1543 1035 lex,
1584 985 1707 1041 qua:
1764 970 2188 1044 desponsalibus

579 1054 930 1123 promulgata
973 1065 1077 1121 est,
1132 1057 1187 1112 in
1237 1075 1503 1124 personas
1558 1064 1625 1119 ad
1659 1065 1969 1136 sejunctam
2010 1087 2188 1142 spon-

584 1158 703 1199 sam
738 1146 947 1216 ingredi
981 1149 1313 1220 prohibitas,
1383 1154 1599 1223 plenam
1652 1158 1951 1217 cllicaciam
1983 1164 2189 1222 habere

582 1233 992 1310 debeatzidque
1019 1242 1244 1316 quo[is]
1266 1255 1441 1302 status
1470 1265 1633 1319 quem
1668 1251 1721 1306 in
1745 1253 2186 1315 Christianorum

580 1327 863 1396 republica
916 1330 1105 1403 vigere
1160 1335 1463 1402 convenit,
1523 1352 1881 1411 augmentum
1930 1346 2184 1416 accipiat.

580 1417 719 1475 Nam
759 1425 975 1480 tametsi
1011 1429 1098 1494 ea}
1131 1443 1220 1483 res
1246 1432 1552 1487 secundum
1585 1444 1836 1492 exactam
1890 1439 2186 1507 rationem,

583 1518 829 1586 perfecta
893 1524 1174 1591 sponsalia
1232 1542 1341 1582 non
1397 1530 1546 1586 sint:
1583 1540 1826 1589 attamen
1866 1537 1993 1606 quia
2029 1539 2184 1608 quod

579 1611 782 1677 agitur,
818 1616 1223 1684 sponsaliorum
1275 1622 1615 1691 propositum
1684 1626 1887 1683 habere
1943 1630 2182 1698 videtur,

585 1712 755 1774 atque
779 1706 907 1761 inde
961 1710 1281 1779 nuptiarum
1342 1712 1763 1773 fundamentum
1794 1721 1907 1791 jaci
1945 1723 2139 1794 incipit
2170 1743 2184 1781 :

581 1811 782 1866 magna
824 1800 1074 1869 profecto
1119 1804 1259 1859 ratio
1288 1816 1392 1869 est,
1443 1811 1805 1877 quamobrem
1848 1829 1877 1867 a
1906 1815 2026 1886 lege
2058 1833 2188 1887 pro-

2290 608 2368 671 είς
2407 608 2507 679 τὴν
2529 608 2967 681 ἀποζευχθείσαν
2996 614 3244 686 μνηστὴν
3264 616 3360 670 τοῦ
3387 618 3710 687 ἐγγίζοντος
3731 640 3883 693 προσ-

2289 699 2442 755 ώπου
2478 702 2847 774 εἰσέρχεσθαι,
2874 705 2967 759 καὶ
2990 705 3052 759 τὸ
3087 707 3278 780 νεαρὸν
3319 708 3415 764 τοῦ
3439 710 3883 782 φιλοσοφωτάτου

2289 794 2432 850 διάτ.
2464 797 2710 867 κοσμίως
2734 798 2793 851 ἐν
2815 797 2988 852 ἆπασι
3024 798 3167 865 δόξει
3206 803 3446 873 κρατοῦν
3476 806 3580 859 καὶ
3612 807 3884 863 πολιτευό-

2293 905 2479 959 μενον,
2529 890 2626 943 καὶ
2652 889 2723 944 τά
2758 891 3140 963 συμϐάλλοντα
3190 895 3464 967 πρόσωπα
3523 898 3640 953 τῶν
3698 901 3885 973 ἀιῖιρων

2293 982 2562 1054 ἀπρεπῶν
2602 982 2927 1055 κωλυόμενοι
2965 985 3334 1041 συνελεύσεων
3365 988 3709 1059 ἀγνεύουσαν
3741 993 3884 1061 ποιή-

2295 1091 2479 1128 σονται
2513 1076 2614 1147 τὴν
2644 1077 2993 1150 ἀναστροφὴν
3028 1080 3087 1132 ἐν
3130 1081 3336 1153 εὐθέτῳ
3362 1082 3544 1153 καιρῷ
3587 1083 3713 1153 μεθ’
3745 1084 3885 1155 ἱερᾶς

2290 1168 2639 1239 ἐπικλήσεως
2664 1171 2743 1233 εἰς
2769 1170 2976 1243 ἄλληλα
3007 1174 3404 1245 συνερχόμενα.
3445 1174 3725 1246 Ὀπηνίκα
3756 1177 3809 1229 δὲ
3851 1178 3887 1247 ἢ

2292 1262 2592 1332 μνηστείαν
2643 1263 2741 1317 καὶ
2793 1263 2973 1333 γάμον
3015 1264 3201 1328 αὐτοῖς
3226 1265 3687 1337 καταρτίζεσθαι,
3721 1267 3812 1320 καὶ
3840 1267 3886 1320 εί

2288 1371 2375 1417 τις
2399 1355 2551 1427 παρὰ
2583 1354 2654 1409 τά
2679 1355 3087 1428 διηγορευμένα
3123 1361 3191 1431 τῇ
3227 1358 3479 1431 παρούσῃ
3529 1359 3631 1413 τοῦ
3663 1361 3882 1432 κράτους

2289 1447 2450 1519 ἡμῶν
2492 1448 2634 1503 διάτ.
2673 1449 2973 1521 μνηστείας
3020 1449 3285 1522 τολμήσει
3329 1450 3749 1523 διαπράξασθαι
3796 1454 3880 1507 καὶ

2292 1539 2368 1611 μὴ
2428 1540 2657 1604 ταύταις
2702 1541 2945 1610 γενικῶς
2974 1542 3116 1596 κατὰ
3182 1542 3403 1597 πάντων
3451 1543 3882 1616 ἐκφωνηθείσαις

2290 1638 2386 1693 καὶ
2415 1641 2496 1702 είς
2528 1640 2591 1693 τὸ
2631 1640 2760 1710 ἐξῆς
2791 1640 3142 1710 ὀφειλούσαις
3171 1644 3398 1713 κρατεῖν
3436 1643 3642 1715 φανείη
3692 1644 3880 1715 ἑπόμε-

2288 1750 2378 1797 νος
2412 1733 2506 1787 ἀπ’
2537 1733 2709 1805 αὐτῆς
2730 1734 2831 1805 τῆς
2860 1732 2909 1788 α’
2960 1735 3175 1805 ἡμέρας
3204 1735 3300 1789 τοῦ
3336 1737 3573 1789 εἰσιέναι
3609 1738 3880 1807 μέλλοντος

2303 1824 2523 1880 Ἰουλίου
2591 1827 2762 1899 μηνὸς
2808 1827 2908 1897 τῆς
2940 1827 3250 1899 ἐνεστώσης
3292 1827 3337 1893 ζ’
3372 1830 3757 1901 ἐπινεμήσεως
3787 1830 3877 1896 ζτοῦ

583 1886 776 1942 Ιιίὺὶιῖθ
821 1906 1072 1959 persona:
1150 1894 1350 1950 iterum
1406 1898 1795 1971 impediantur,
1840 1905 2023 1980 [adeo]
2062 1886 2184 1979 ique

2294 1918 2467 1991 ςφιιβ
2500 1886 2667 1983 ἔτους.
2696 1886 2794 1973 καὶ
2848 1886 3177 1992 ἀρραϐῶνας
3203 1886 3339 1991 ’ἱπτρὸ
3370 1919 3467 1976 τοῦ
3501 1886 3880 1993 νενομισμένου

586 1992 754 2034 nemo
788 1982 1140 2051 impudenter
1166 1990 1387 2057 precari
1430 2004 1750 2063 praesumat,
1781 2008 1856 2063 .ut
1882 1999 1934 2052 in
1962 2016 2187 2057 uxorem

581 2084 870 2128 assumere
903 2077 1123 2142 audeat,
1155 2096 1319 2148 quam
1350 2093 1503 2139 vetus
1557 2086 1643 2141 lex
1666 2104 1927 2157 Sponsam
1953 2093 2187 2164 alicujus
2224 2102 2227 2105 '

580 2158 811 2226 factam,
855 2164 1145 2237 diremptis
1206 2174 1557 2240 sponsalibus
1599 2178 1652 2231 in
1695 2179 1926 2237 alterius
1959 2158 2183 2240 nianum

578 2254 880 2309 convenire
957 2274 1068 2314 non
1138 2259 1374 2318 sinebat.
1464 2265 1851 2326 Verumtamen
1936 2277 2028 2330 ubi
2085 2277 2184 2351 [id]

582 2354 802 2417 tempus
851 2351 1155 2419 advenerit,
1201 2358 1346 2426 quod
1371 2363 1727 2429 sponsalibus
1787 2367 2038 2424 simulet
2081 2388 2185 2425 uno

585 2438 719 2508 ptiis
784 2445 1079 2501 convenire
1120 2448 1494 2517 judicavimus
1556 2453 1943 2529 [ubi],'nempe
1983 2462 2187 2521 femina

581 2531 977 2592 duodecimum
1054 2556 1284 2610 annum,
1349 2549 1633 2606 masculus
1710 2567 1843 2609 vero
1910 2558 2185 2614 decimum

580 2636 842 2694 quartum
916 2636 1267 2707 excesserit),
1336 2648 1468 2695 tunc
1526 2641 1581 2695 in
1653 2645 1864 2715 primus
1910 2652 2186 2719 sponsalia

581 2716 947 2778 decantandis
1005 2730 1182 2783 sacris
1212 2734 1493 2801 precibus,
1554 2736 1890 2811 illorumque
1920 2744 2186 2802 solemni-

582 2811 692 2867 bus
754 2811 940 2884 (arrha
996 2819 1274 2890 videlicet,
1308 2838 1601 2900 .gratnque
1637 2832 1984 2903 desponsatis
2019 2856 2184 2896 oscu-

578 2903 661 2973 lo)
707 2907 1069 2967 observandis
1098 2918 1501 2983 perﬁciantur:
1544 2934 1710 2995 atque
1743 2928 1941 2986 deinde
1986 2934 2185 3004 exiguo

583 2998 905 3069 longioreve
1004 3012 1274 3078 tempore,
1353 3018 1633 3083 quomodo
1722 2998 2183 3083 contrahentibus

584 3092 773 3148 visum
832 3094 1020 3165 fuerit,
1052 3099 1389 3171 intermisso,
1424 3106 1559 3163 citra
1614 3114 2017 3171 recusationem
2052 3118 2185 3189 legi-

584 3185 737 3243 tima:
768 3189 936 3246 etiam
973 3194 1178 3265 nuptiae
1208 3200 1506 3266 procedant
1534 3220 1546 3256 :
1590 3220 1699 3260 non
1728 3219 1914 3264 autem
1948 3212 2181 3267 multum

2293 2013 2389 2068 καὶ
2414 2013 2515 2083 τῆς
2544 2014 2697 2086 ἱερᾶς
2728 2013 2982 2082 εὐλογίας
3010 2014 3274 2086 τολμήσει
3296 2013 3711 2086 διαπράξασθαι
3742 2017 3775 2088 ῆ
3798 2015 3879 2067 καὶ

2291 2107 2370 2172 είς
2413 2106 2543 2159 θέαν
2606 2106 2859 2177 ἀλλήλοις
2918 2107 3112 2176 ἐφήσει
3165 2105 3236 2159 τὰ
3292 2106 3736 2162 συναλλάσσοντα
3776 2124 3880 2162 συν·

2290 2200 2512 2271 ἔχεσθαι
2548 2200 2823 2271 πρόσωπα
2864 2201 2959 2253 καὶ
2989 2199 3311 2270 ἀδιαφορίαν
3345 2200 3493 2271 ἔχειν
3542 2204 3602 2255 ἐν
3632 2201 3879 2265 αὐτοῖς,ὀ

2294 2291 2396 2360 μὲν
2436 2290 2955 2363 συμϐολαιογρὰφος
2989 2294 3017 2345 ό
3046 2292 3108 2344 τὸ
3135 2292 3526 2363 ὰρῤαϐωνικὸν
3563 2292 3874 2363 συμϐόλαιον

2290 2384 2649 2455 ἐκτιθέμενος
2685 2385 2787 2454 τῆς
2835 2384 2971 2448 ἰδίας
3017 2384 3313 2449 πατιῶνος
3365 2385 3875 2455 μετακινηθήσεται,

2289 2480 2341 2533 οἱ
2367 2478 2427 2533 δὲ
2461 2479 2560 2550 τὴν
2590 2483 2893 2549 μνηστείαν
2926 2476 3035 2548 πρὸ
3092 2476 3244 2549 ὥρας
3292 2478 3768 2549 κατεργαζόμενοι
3794 2480 3875 2533 ἀν·

2295 2570 2558 2643 θρωπίνῳ
2584 2572 2679 2625 καὶ
2707 2570 2839 2641 θείῳ
2885 2570 3123 2624 ἴστωσαν
3175 2571 3406 2634 ἐαυτοὺς
3441 2570 3873 2641 ἐνοχοποιοῦντας

2294 2666 2588 2737 μηνίματι.
2649 2665 2709 2720 '0
2766 2665 2867 2736 μὲν
2910 2666 3173 2736 δημόσιον
3207 2665 3297 2720 διά
3345 2664 3441 2719 τοῦ
3484 2664 3747 2738 σεκρέτου
3776 2664 3875 2719 τῶν

2290 2758 2582 2812 οἰκειανῶν
2608 2758 2671 2811 τὸ
2699 2761 2814 2823 τοῖς
2845 2758 3197 2830 συμϐολαίοις
3219 2758 3550 2829 ἐγκείμενον
3592 2758 3654 2823 ἐξ
3683 2760 3871 2828 ἐπερωο

2288 2855 2504 2924 τήσεως
2557 2853 2864 2923 πρόστιμον
2918 2853 3003 2921 ἐφ’
3037 2852 3252 2922 ἑκάστῳ
3306 2852 3492 2906 αὐτῶν
3533 2852 3869 2923 εἰσπράξεται

2297 2948 2414 3002 καθ’
2441 2945 2738 3017 ὀλόκληρον
2761 2945 2849 3000 διὰ
2872 2949 2972 3016 τὴν
2994 2945 3090 2999 τοῦ
3130 2945 3401 3017 παρόντος
3433 2945 3581 3003 διᾶτ.
3627 2944 3870 3017 περιφρό-

2292 3056 2448 3109 νησιν
2475 3037 2808 3107 πιστεύομεν
2834 3036 2891 3089 δὲ
2918 3039 3017 3089 καὶ
3048 3036 3212 3090 αὐτὸν
3237 3036 3328 3090 τὸν
3354 3036 3489 3090 Θεὸν
3518 3036 3663 3091 κατά
3687 3037 3870 3090 τούτων

2290 3130 2750 3200 διαναστήσεσθαι
2790 3129 2873 3182 ὅτι
2915 3128 3185 3199 πονηρίαν
3230 3129 3373 3182 κατὰ
3422 3129 3750 3201 προαίρεσιν
3789 3128 3869 3184 ἀνο

2296 3242 2486 3298 τικρυς
2517 3223 2611 3277 ἐπὶ
2644 3222 2810 3294 μέσον
2844 3221 2955 3276 τῶν
2983 3222 3121 3275 νέων
3154 3222 3474 3291 εἰσαγαγεῖν
3514 3223 3618 3277 οὐκ
3648 3222 3863 3295 ἐνάρκη-

583 3280 760 3355 [inter
803 3286 886 3360 se]
970 3289 1264 3360 disiuncta:
1312 3308 1400 3351 res
1452 3298 1619 3355 simul
1674 3318 1783 3358 uno
1830 3305 1942 3369 die,
1981 3314 2039 3362 et
2081 3307 2184 3383 [ut]

2293 3280 2414 3374 σαν..
2451 3280 2516 3370 liii.
2556 3280 2656 3388 μὲν
2701 3314 2811 3386 γὰρ
2842 3317 2869 3368 ὁ
2903 3313 3133 3377 παλαιὸς
3185 3280 3453 3384 νόμοξού
3504 3280 3864 3385 κατήργηταί,

584 3392 734 3448 saepe
770 3379 909 3453 [fieri
958 3386 1117 3455 solet,
1161 3388 1294 3462 una]
1349 3388 1483 3447 hora
1532 3395 1786 3453 eﬂ‘ectum
1851 3379 2177 3460 sortiantur;

582 3470 793 3530 Taliter
822 3478 969 3536 enim
1003 3484 1196 3541 ordine
1240 3487 1294 3541 in
1321 3490 1536 3558 nuptiis
1566 3494 1915 3561 procedente,
1944 3513 2069 3551 cum
2096 3497 2184 3552 lex

582 3574 763 3635 vetus,
795 3588 919 3641 qua:
988 3578 1394 3646 prohibitarum
1441 3599 1807 3654 personarum
1872 3590 2184 3659 catalogum

580 3660 734 3727 fecit,
781 3665 889 3721 illis
934 3685 1045 3724 non
1092 3678 1418 3742 permittens
1462 3679 1531 3733 ad
1563 3678 1873 3750 sejunctam
1933 3694 2182 3753 regnata:

580 3768 833 3823 persona:
864 3775 1121 3830 sponsam
1170 3767 1404 3839 ingredi,
1446 3772 1877 3828 observabitur:
1916 3784 2029 3829 tum
2088 3792 2176 3832 sa-

589 3845 929 3915 pientissimi
985 3855 1338 3927 imperatoris
1382 3865 1595 3920 novella
1638 3866 1816 3935 jussio
1878 3867 2076 3925 decore
2129 3870 2184 3923 in

581 3941 843 4002 omnibus
884 3957 938 4003 et
996 3952 1179 4009 valere
1202 3966 1257 4011 et
1296 3957 1353 4012 in
1395 3960 1675 4030 republica
1747 3962 1997 4021 obtinere
2042 3980 2180 4021 con-

582 4036 905 4105 Spicietur:
966 4045 1151 4120 [quin]
1207 4060 1262 4106 et
1343 4058 1737 4115 contrahentes
1802 4077 2056 4131 personae
2110 4065 2181 4120 ab

582 4128 984 4203 intempestivis
1042 4148 1097 4195 et
1119 4142 1833 4219 indecoristcongrcssibus
1888 4156 2181 4223 coercitas,

580 4232 789 4281 castam
852 4231 1016 4288 vitam
1048 4236 1269 4305 ducent,
1304 4251 1616 4309 opportuno
1660 4254 1929 4315 tempore,
1960 4252 2184 4320 quando

581 4316 861 4380 sponsalia
906 4323 1240 4395 nuptiasque
1271 4328 1405 4397 ipsis
1453 4331 1645 4399 perlici
1686 4336 1994 4403 conveniet,
2055 4353 2183 4392 cum

581 4418 739 4459 sacra
770 4408 1119 4473 invocatione
1150 4418 1387 4475 invicem
1412 4427 1981 4495 congressuneQuod
1997 4431 2042 4485 si
2063 4432 2186 4500 quis

580 4504 773 4552 contra
834 4510 1002 4573 atque
1056 4511 1311 4576 praesenti
1369 4515 1627 4581 potentiae
1666 4526 1872 4571 nostra:
1913 4519 2185 4574 constitu-

2289 3412 2385 3466 καὶ
2420 3409 2717 3482 μνηστείας
2748 3408 2964 3472 τελείας
3015 3408 3077 3461 ού
3112 3407 3338 3461 δύναται
3395 3407 3862 3480 καταπράξασθαι.

2289 3505 2369 3559 Τὰ
2412 3504 2469 3558 δὲ
2502 3504 2601 3572 τῆς
2630 3502 2904 3573 νεωτέρας
2933 3500 3259 3572 νομοθεσίας
3289 3502 3368 3564 είς
3397 3499 3564 3571 ἔργον
3600 3500 3867 3568 ἐξαγαγεῖν

2290 3600 2340 3651 οἱ
2394 3595 2857 3657 συναλλάσσοντες
2892 3592 3252 3648 ἀπαναίνοντί
3305 3609 3356 3644 τι
3410 3592 3545 3646 ἄλλο
3580 3588 3864 3659 ποιοῦσινῆ

2286 3688 2608 3761 ἀνθρώπους
2642 3688 2794 3742 οὐδὲν
2827 3686 3082 3757 ἀλλήλοις
3114 3685 3255 3740 κατά
3278 3686 3477 3757 νόμους
3504 3686 3863 3757 προσήκοντας

2287 3784 2503 3846 ἑαυτοῖς
2561 3778 2906 3852 συγχωροῦσι
2957 3780 3109 3850 παρά
3133 3780 3224 3832 τὸν
3251 3779 3417 3849 νόμον
3452 3774 3862 3850 συμφθείρεσθαι

2289 3876 2500 3947 ἔρωτας
2535 3876 2785 3944 ἀσελγεῖς
2814 3876 2936 3937 ταῖς
2962 3872 3071 3927 τῶν
3106 3872 3244 3926 νέων
3273 3872 3479 3943 ψυχαῖς
3502 3872 3591 3925 διὰ
3619 3871 3713 3940 τῆς
3736 3869 3867 3923 ἀνίε-

2292 3986 2385 4039 ρου
2432 3963 2899 4035 κατεργαζόμενοι
2936 3961 3407 4033 συναναστροφῆς.
3448 3961 3721 4025 Ὡσαύτως
3769 3960 3865 4012 ἁπ-

2288 4060 2455 4133 ελύθη
2485 4061 2578 4112 καὶ
2604 4058 2766 4128 ἐτέρα
2794 4055 3089 4129 πρόσταξις
3118 4054 3212 4109 τοῦ
3248 4054 3411 4107 αὐτοῦ
3445 4053 3707 4125 βασιλέως
3722 4051 3865 4121 χάριν

2286 4156 2385 4226 τῆς
2413 4152 2584 4223 αὐτῆς
2612 4150 2940 4222 νομοθεσίας
2981 4148 3125 4202 οὕτω
3153 4147 3438 4217 δυνάμεως
3465 4146 3685 4217 ἔχουσα,
3716 4142 3857 4211 ίσμεν

2287 4244 2432 4298 κατὰ
2465 4242 2837 4311 τὸνλἸούλιον
2873 4242 3030 4313 μῆνα⁹
3061 4242 3159 4311 τῆς
3187 4245 3226 4292 ε’
3261 4238 3577 4303 ίνδικτιόνος
3600 4237 3688 4291 τοῦ
3722 4232 3865 4303 ςφὶιβ

2288 4338 2442 4402 ἔτους
2475 4336 2944 4409 νομοθετήσαντες
2978 4333 3111 4406 περὶ
3137 4332 3319 4403 γάμου
3359 4348 3419 4385 τε
3452 4332 3548 4385 καὶ
3591 4327 3864 4402 μνηστείας

2286 4431 2389 4485 ὅσα
2424 4434 2491 4502 τῇ
2530 4447 2590 4483 τε
2634 4428 2860 4499 τοιαύτῃ
2909 4425 3206 4497 νομοθεσίᾳ
3257 4424 3352 4478 καὶ⁴
3387 4425 3455 4494 τῇ
3503 4420 3749 4493 ἀναφορᾷ
3777 4434 3861 4470 πε-

2294 4523 2634 4594 ριείληπται,
2668 4520 2994 4575 καὶτούτων
3036 4520 3189 4573 οὐδὲν
3220 4520 3665 4592 παρακινηθῆναι
3698 4512 3863 4586 ἀνεχό·

582 4586 737 4645 tione
763 4593 1101 4662 prohibitum
1125 4610 1230 4669 est,
1267 4606 1544 4674 sponsalia
1568 4607 1843 4664 conﬁcere
1871 4623 2179 4681 prazsump-

2294 4582 2471 4686 μεθα,”
2515 4582 2652 4668 ἁλλά
2703 4614 2886 4684 μένειν
2937 4582 3393 4684 ἀπαρεγχείρητα
3445 4582 3740 4684 βουλόμεθα
3781 4606 3863 4660 καὶ

579 4683 737 4748 serit,
815 4702 996 4758 neque
1034 4692 1152 4750 haec
1199 4698 1534 4767 generaliter
1563 4709 1637 4755 'et
1680 4688 1948 4757 adversus
1987 4718 2182 4760 omnes

582 4778 952 4849 promulgata,
1007 4800 1129 4856 quae
1163 4788 1216 4843 in
1268 4802 1553 4862 posterum
1584 4793 1832 4851 obtinere
1864 4796 2085 4863 debent,
2114 4799 2183 4853 ab

585 4873 723 4942 ipsis
754 4871 1016 4932 Kalendis
1068 4879 1308 4937 ineuntis
1352 4884 1560 4939 mensis
1610 4883 1765 4953 Julii,
1837 4888 2093 4946 instantis
2151 4891 2182 4944 7

584 4967 924 5035 indictionis,
995 4972 1127 5026 anni
1151 4972 1274 5045 {.[ab
1340 4977 1476 5031 orbe
1502 4978 1749 5051 condito]
1801 4980 1964 5046 6592,
2024 4984 2181 5054 sequi

584 5058 738 5115 visus
787 5061 975 5127 fuerit,
1046 5072 1103 5119 et
1156 5077 1281 5122 ante
1334 5069 1638 5141 legitimum
1680 5082 1896 5142 tempus
1938 5090 2184 5159 sat-ram:

585 5167 694 5223 que
739 5153 1179 5213 benedictionem
1198 5161 1407 5231 iarrhas
1445 5166 1645 5234 pacisci
1666 5166 1831 5222 fuerit
1863 5152 2186 5233 aususiau't

581 5247 748 5302 etiam
819 5249 875 5303 in
954 5261 1211 5309 mutuum
1298 5270 1652 5329 coospectum
1721 5263 2180 5319 contrahentibus

583 5344 835 5413 personis
865 5349 1184 5418 convenire,
1231 5354 1571 5423 atque‘inter
1599 5371 1656 5411 se
1690 5355 1929 5429 [omnia]
1969 5359 2179 5426 promi-

585 5453 719 5495 scua
755 5440 957 5497 habere
1001 5444 1315 5514 permiserit
1344 5465 1357 5501 :
1382 5448 1604 5504 tabellio
1635 5451 1728 5520 qui
1755 5452 2183 5508 arrhabonicum

584 5543 928 5590 contractum
949 5538 1357 5610 conscripserit,
1375 5557 1403 5595 a
1421 5560 1518 5597 sua
1533 5545 1769 5599 statione
1786 5545 2182 5613 removebitur,

584 5628 675 5697 qni
698 5644 825 5683 vero
847 5640 971 5685 ante
1002 5642 1216 5703 tempus
1236 5636 1512 5705 sponsalia
1536 5637 1902 5704 confecerint,
1929 5639 2184 5695 humana:

586 5722 896 5795 divinaeque
948 5725 1045 5781 ira:
1129 5744 1190 5784 se
1239 5728 1512 5787 obnoxios
1551 5732 1930 5787 reddiderunt.
1990 5731 2183 5789 Fiscus

588 5830 829 5888 namque
881 5830 1105 5891 propter
1178 5825 1465 5891 praesentis
1493 5826 1755 5894 jnssionis
1805 5833 2182 5897 contemptum

592 5923 685 5977 per
742 5926 926 5968 rerum
975 5913 1404 5975 domesticarum
1447 5920 1800 5977 secretarium
1836 5919 2071 5991 positam
2117 5934 2183 5976 ex

2292 4707 2629 4763 ἀναλλοίωτα
2660 4709 2827 4780 μέχρι
2878 4708 3103 4772 παντὸς,
3141 4707 3237 4761 καὶ
3265 4708 3366 4778 τήν
3396 4725 3455 4760 τε
3503 4708 3753 4759 σύστασιν
3778 4701 3863 4770 τῆς

2295 4800 2593 4871 μνηστείας
2649 4801 2740 4854 καὶ
2788 4799 2883 4854 τοῦ
2917 4800 3097 4871 γάμου
3128 4799 3321 4871 ὥσπερ
3363 4800 3584 4870 εἴρηται
3618 4794 3860 4899 γίνεσθαι.

2291 4894 2383 4949 τόν
2430 4912 2490 4948 τε
2538 4896 2734 4965 χρόνον
2786 4894 3077 4966 τηρεῖσθαι
3138 4895 3596 4965 ἀκαινοτόμητον,
3650 4895 3740 4946 καὶ
3767 4894 3860 4942 τῶν

2294 4988 2794 5060 συναρμοζομὲνων
2826 4990 2938 5042 τῶν
2993 4988 3094 5059 μὲν
3139 4989 3249 5042 τῶν
3286 4990 3344 5042 ιδ’
3392 4988 3531 5042 ἐτῶν
3585 4984 3721 5041 εἶναι
3752 4981 3855 5055 μεί-

2292 5084 2441 5148 ζονα,
2469 5082 2565 5153 τὴν
2587 5083 2645 5136 δὲ
2669 5083 2779 5137 τῶν
2805 5082 2871 5154 ιβ’
2902 5084 3023 5136 ἐπεὶ
3047 5084 3102 5137 δὲ
3130 5082 3283 5137 οὐδὲν
3305 5083 3427 5136 τότε
3461 5080 3855 5136 διατετύπωταιι

2291 5179 2402 5232 εἴτε
2472 5179 2735 5248 λυόμεναι
2790 5177 3110 5249 προστίμων
3185 5176 3397 5229 ἔσονται
3458 5173 3773 5233 καταϐολῆς
3809 5167 3855 5220 αἱ

2292 5268 2731 5341 τοιουτοτρόπως
2784 5268 3176 5338 συνιστάμεναι
3235 5267 3561 5338 μνηστεῖαιῗ,
3625 5264 3726 5317 εἴτε
3777 5256 3855 5364 ita}

2292 5362 2569 5416 ἀδιάλυτοι
2609 5360 2834 5433 μενοῦσι
2884 5361 2945 5415 τὸ
2988 5361 3276 5431 παράπαν.
3312 5360 3424 5413 Καὶ
3461 5359 3546 5413 διὰ
3591 5357 3739 5410 τοῦτο
3775 5357 3853 5460 xiii

2293 5457 2422 5527 περὶ
2454 5455 2646 5509 τούτου
2695 5455 2858 5519 αὐτὸς
2890 5454 3176 5527 ἐρωτήσας
3203 5452 3537 5523 θεσπίζομεν
3572 5450 3664 5515 τὰς
3692 5450 3852 5500 τοιαύο

2290 5568 2391 5613 τας
2418 5549 2714 5620 μνηστείας
2745 5548 2802 5602 αἳ
2829 5550 3033 5621 κυρίως
3076 5550 3361 5620 μνηστεῖαι
3394 5546 3711 5619 τυγχάνουσι
3737 5542 3852 5609 dus-

2291 5643 2621 5713 τακινήτους
2682 5642 2868 5714 μένειν
2920 5643 3016 5697 καὶ
3076 5641 3502 5713 ἀμεταπτώτους
3546 5640 3636 5693 καὶ
3666 5637 3721 5690 τὸ
3749 5633 3850 5687 ὅ).ον

2292 5735 2524 5799 ἀλύτους
2546 5734 2610 5800 ἃς
2639 5752 2696 5789 τε
2726 5734 2861 5788 Θεοῦ
2892 5734 3058 5805 μέσον
3079 5734 3189 5788 τῶν
3212 5733 3630 5804 συναπτομένων
3659 5730 3849 5792 εἰσαγο-

2296 5828 2460 5899 μένου
2496 5829 2592 5883 καὶ
2638 5829 2739 5901 τὴν
2764 5829 3024 5903 τοιαύτην
3054 5830 3407 5902 συναρμογὴν
3446 5828 3533 5883 διά
3563 5825 3666 5879 τῶν
3695 5822 3847 5926 εὐΙχων

2296 5920 2691 5992 ἱεροτελεστίας
2749 5921 3135 5994 κρατύνοντος,
3200 5924 3295 5979 καὶ
3353 5920 3616 5995 μηδέποτε
3669 5920 3845 5973 ταύτας
