4142 6424
329 368 469 435 1185

1317 363 1808 432 NOMOCANON.
1848 364 2097 431 -',TIT.
2137 362 2313 441 XIII,
2353 364 2513 429 CAP.
2554 366 2639 427 ΙΙ.

3494 374 3639 440 1186

327 484 619 558 προστίμῳ
650 483 987 541 ἀναλύεσθαι
1019 484 1255 553 δόσεσιν,
1297 483 1387 538 ὅτε
1416 484 1541 539 οὐδὲ
1569 485 1684 548 τοῖς
1716 481 1925 554 συμϐο-

2051 477 2393 548 ιιίριιιειιίοηο
2446 478 2501 534 in
2562 479 2953 541 instrumentis
3004 498 3225 555 pmnam
3282 485 3353 543 ab
3390 486 3637 558 ipsorum

328 578 500 643 λαίοις
532 578 595 631 τὸ
628 578 816 634 λοιπὸν
847 579 1318 650 ὲγγραφήσονται,
1350 578 1434 631 ότι
1485 577 1621 649 μηδὲ
1667 579 1798 649 παρ’
1829 577 1930 630 αύ-

328 672 438 724 τῶν
472 673 528 725 αἱ
556 674 845 743 μνηστεῖαι
898 671 1302 744 κρατύνονται,
1357 670 1494 725 ἀλλὰ
1552 670 1642 724 διὰ
1683 671 1785 739 τῆς
1835 669 1931 724 τοῦ

330 763 467 818 Θεοῦ
498 764 862 834 ἐπικλήσεως,
890 766 1057 836 αἴπερ
1087 765 1183 818 καὶ
1211 764 1399 835 ἄμιτοι
1441 764 1502 816 τὸ
1534 763 1799 835 παράπαν
1834 781 1932 835 με-

331 856 483 911 νοῦσι
512 857 702 929 μόναις
732 856 995 928 λυόμεναι
1032 858 1158 921 ταῖς
1185 856 1389 921 αἰτίαις
1438 850 1528 921 αἷς
1555 857 1651 911 καὶ
1677 858 1725 911 οἱ
1762 856 1933 927 γάμοι

332 945 414 1014 οἷς
443 950 795 1021 ἱσοδυνάμους
829 946 1200 1013 εἷναιταύτας
1236 950 1685 1021 νενομοθέτηται.
1722 950 1833 1003 Καὶ
1862 950 1932 1003 τά

332 1042 690 1113 κεκωλυμένα
718 1043 776 1097 δὲ
807 1044 996 1112 γενικὲι
1043 1044 1318 1115 πρόσωπα
1346 1043 1483 1113 πρὸς
1522 1042 1757 1117 γάμονῆ
1799 1060 1938 1114 μνη-

335 1136 519 1190 στείαν
546 1137 688 1190 κατά
730 1136 791 1189 τὸ
821 1136 979 1204 δόξαν
1008 1135 1127 1203 ἕξει
1170 1135 1269 1206 τὴν
1307 1134 1542 1189 κώλυσιν
1572 1136 1666 1189 καὶ
1694 1137 1843 1207 παρὰ
1869 1138 1933 1207 τῇ

333 1229 736 1301 διηγορευμένῃ
763 1231 829 1300 τῇ
860 1228 916 1281 δε
954 1231 1021 1299 τῇ
1067 1228 1210 1282 διάτ.
1249 1226 1342 1281 ὑπ’
1377 1227 1589 1291 οὐδενός
1618 1244 1669 1280 τι
1698 1226 1936 1297 διαπρα-

335 1320 602 1392 χθήσεται
639 1321 688 1373 εί
734 1319 907 1391 μήπω
948 1316 1205 1389 βασιλεὺς
1251 1316 1586 1387 οἰκονομικῷ
1640 1333 1748 1369 τινι
1791 1315 1936 1385 λόγῳ

332 1414 435 1484 τήν
464 1430 524 1466 τε
552 1411 852 1483 μνηστείαν
889 1412 985 1464 καὶ
1012 1408 1111 1481 τὴν
1157 1408 1217 1476 ἐξ
1245 1408 1551 1480 ἱερολογίας
1584 1407 1937 1479 συναρμογὴν

334 1505 485 1569 ἐντὸς
514 1504 624 1557 τῶν
652 1502 982 1576 ὁρισθέντων
1006 1502 1143 1554 ἐτῶν
1167 1498 1806 1572 ἐπιτρέψειεΒασιλεῦσι
1824 1499 1934 1571 γὰρ

334 1596 544 1662 ἔξεστιν
570 1594 889 1667 ύπερτέρως
917 1595 951 1664 ἦ
984 1592 1131 1647 κατὰ
1160 1594 1361 1664 νόμους
1387 1593 1718 1662 οίκονομεῖν,
1744 1590 1934 1661 ὥσπερ

334 1690 363 1742 ὁ
387 1687 553 1757 σοφός
586 1704 645 1740 τε
682 1686 874 1757 εἴρηκε
923 1684 1201 1754 βασιλεὺς,
1244 1682 1337 1736 καὶ
1368 1680 1480 1733 τῶν
1503 1678 1843 1750 νομοθεσιῶν
1876 1678 1933 1731 αί

335 1780 732 1853 πρεσϐύτεραι.
760 1777 870 1834 Καὶ
899 1777 1057 1833 αὐτοὶ
1096 1777 1153 1830 δὲ
1182 1775 1275 1829 τὸν
1310 1774 1505 1846 χρόνον
1540 1772 1935 1842 συντέμνοντες

334 1873 457 1944 ούχὶ
487 1872 583 1927 καὶ¹
615 1872 716 1943 τὴν
749 1870 985 1941 φυσικὴν
1019 1870 1282 1941 ὲφὴσουσι
1307 1867 1528 1922 σύνοδον
1570 1866 1676 1931 ἕως
1708 1865 1815 1919 τῶν
1841 1866 1939 1937 άρ-
1971 1853 2011 1907 Β

339 1967 677 2038 μοζομένων.
737 1965 796 2018 'U
839 1966 938 2036 μὲν
972 1964 1064 2018 τὸν
1119 1961 1177 2016 ιδ’
1221 1961 1491 2028 ἐνιαυτὸν,
1545 1963 1578 2031 ὴ
1618 1960 1676 2014 δὲ
1721 1960 1815 2015 τὸν
1867 1958 1937 2031 ιβ’

337 2060 553 2132 ὑπερϐῇ
588 2059 700 2113 τῶν
729 2058 933 2127 γονέων
963 2057 1201 2128 ἐπιμελῆ
1229 2055 1480 2109 τίθεσθαι
1509 2054 1761 2125 φυλακὴν
1782 2056 1937 2121 ὀφει-

335 2154 539 2207 λόντων
575 2152 671 2206 τοῦ
706 2152 838 2222 μήτι
870 2151 976 2221 πρὸ
1012 2150 1106 2204 τοῦ
1161 2149 1420 2222 ῥηθέντος
1464 2148 1781 2221 πραχθῆναι
1812 2148 1942 2219 χρό-

339 2263 432 2300 νου
461 2243 538 2308 ὡς
563 2242 660 2296 τοῦ
702 2261 761 2297 τε
788 2241 1235 2315 διαπραξαμένου
1283 2241 1383 2312 τὴν
1431 2239 1610 2311 ἄωρον
1646 2239 1811 2309 μίξιν,
1846 2238 1941 2293 καὶ

335 2336 446 2390 τῶν
477 2334 789 2406 γενητόρων
818 2333 984 2389 αὐτοῦ
1016 2336 1129 2397 τοῖς
1152 2332 1295 2386 κατὰ
1320 2333 1429 2385 τῶν
1463 2331 1713 2402 φθορέων
1742 2329 1939 2400 νόμοις

338 2430 793 2502 ὑποκεισομένου.
831 2431 943 2484 Kal.
1001 2430 1093 2483 ὅτε
1151 2428 1209 2481 δὲ
1266 2427 1525 2499 βασιλεὺς
1576 2425 1938 2497 μνηστείαςῆ

338 2524 519 2595 γάμου
556 2522 910 2592 καινοτομοίη
947 2520 1141 2591 καιρὸν
1170 2519 1431 2590 ἀθανάτῳ
1460 2519 1737 2573 διασταῖεν
1757 2517 1807 2570 οἱ
1838 2517 1941 2588 άρ-

345 2617 637 2689 μοζόμενοι
674 2618 779 2688 πρὸ
803 2615 896 2669 τοῦ
943 2614 1255 2686 ὁρισθέντος
1299 2613 1379 2683 τῷ
1423 2613 1713 2685 πράγματι
1743 2611 1939 2682 χρόνον

341 2711 456 2777 ἕξει
489 2712 585 2766 καὶ
620 2709 765 2764 οὕτω
805 2709 904 2782 τὴν
936 2709 1173 2762 κώλυσιν
1206 2709 1279 2761 τά
1316 2707 1635 2779 κωλυόμενα
1672 2707 1943 2779 πρόσωπα

344 2804 443 2858 καὶ
491 2803 594 2857 οὐκ
639 2803 791 2856 ἔσται
824 2802 1041 2865 τούτοις
1091 2800 1406 2872 ὲνάφορμον
1454 2800 1592 2872 πρὸς
1638 2799 1698 2853 τὸ
1734 2799 1943 2870 τολμᾷν

342 2898 414 2952 τά
443 2897 725 2969 ἁτόλμητα
766 2896 829 2949 τὸ
865 2894 977 2967 προ
1004 2894 1098 2948 τοῦ
1138 2893 1426 2958 δοκοῦντος
1479 2895 1599 2957 ταῖς
1642 2892 1945 2964 ἡμετέραις

344 2988 624 3057 διατάξεσι
656 2989 853 3063 χρόνου
911 2988 1011 3059 τὴν
1073 2989 1372 3060 μνηστείαν
1422 2986 1583 3058 ἢτὸν
1630 2987 1810 3057 γάμον
1845 2984 1944 3056 τὴν

343 3086 500 3140 λύσιν
530 3084 760 3139 θανάτου
780 3081 1056 3150 δέξασθαι.
1091 3082 1166 3135 Τὸ
1187 3081 1296 3153 γὰρ
1322 3080 1570 3136 ἐλλεῖπον
1603 3080 1698 3133 τοῦ
1730 3079 1943 3133 τελείου

2037 570 2267 642 singulis
2330 572 2601 643 integram
2669 574 2871 646 exiget.
2930 575 3221 635 Credimus
3269 596 3401 636 vero
3472 585 3639 639 etiam

2038 664 2218 733 ipsum
2267 662 2440 718 Deum
2492 665 2761 722 adversus
2798 667 2899 723 hos
2968 668 3435 740 insurrectnrutn,
3487 675 3638 745 quod

2038 755 2447 824 intcrjuvenes
2486 760 2790 831 nequitiam
2842 762 3022 832 palam
3085 763 3297 839 [atque]
3364 767 3643 824 destinato

2038 851 2390 906 introducere
2437 869 2547 908 non
2597 857 2944 914 erubuerint.
3007 858 3216 916 Etenim
3258 862 3304 917 si
3338 873 3494 920 vetus
3554 864 3643 919 lex

2038 944 2193 999 irrita
2248 944 2390 1000 facta
2443 956 2545 1014 est,
2599 958 2653 1003 et
2686 950 2925 1017 perfecta
2980 955 3257 1023 sponsalia
3290 957 3486 1013 conﬁci
3544 972 3646 1014 ne-

2038 1048 2293 1108 queunt:
2334 1038 2445 1113 [ac]
2514 1058 2648 1097 vero
2694 1047 3021 1102 recentior-is
3067 1049 3432 1117 legislationis
3490 1067 3641 1122 pra:-

2039 1131 2305 1200 scriptum
2339 1134 2403 1187 ad
2436 1133 2689 1189 eﬂ‘ectum
2722 1138 2996 1195 deducere
3053 1143 3448 1200 contrahentes
3480 1160 3643 1201 recu-

2039 1234 2209 1279 sant:
2259 1226 2391 1295 quid
2461 1227 2611 1281 aliud
2673 1226 2905 1296 faciunt,
2989 1250 3155 1301 qnam
3213 1235 3469 1293 homines
3535 1237 3642 1293 sibi

2040 1328 2233 1373 mutuo
2285 1319 2587 1373 secundum
2649 1321 2822 1391 legem
2875 1338 2984 1377 non
3059 1326 3396 1392 obstrictos,
3450 1338 3645 1385 contra

2040 1413 2213 1483 legem
2246 1413 2388 1468 inter
2439 1429 2498 1470 se
2554 1417 2834 1487 corrumpi
2892 1420 3099 1485 sinunt,
3132 1420 3413 1490 ,juvenum
3485 1420 3641 1495 [que]

2038 1503 2239 1557 animis
2274 1504 2507 1560 lascivos
2562 1520 2780 1561 amores
2814 1524 2911 1577 per
2971 1510 3233 1579 pollutam
3267 1514 3645 1569 conversatio-

2037 1608 2161 1648 nem
2235 1594 2601 1664 ingenerant?
2629 1595 2765 1651 Nota
2799 1615 2928 1655 vero
2982 1619 3050 1657 ex
3113 1606 3364 1673 praesenti
3406 1606 3645 1672 novella,

2037 1684 2182 1754 quod
2219 1686 2360 1741 male
2386 1688 2721 1757 permissum
2754 1688 2857 1745 fuit
2886 1692 3145 1749 bellicoso
3171 1697 3372 1752 domno
3394 1696 3647 1753 Michaeli

2042 1773 2447 1851 [matrimonio]
2496 1780 2756 1851 conjungi
2807 1798 2933 1837 cum
2986 1786 3281 1840 rarissimae
3322 1788 3512 1843 forma:
3544 1790 3646 1845 do-

2040 1868 2189 1923 mina
2218 1869 2398 1937 Anna,
2435 1886 2557 1941 quae
2596 1874 2860 1943 patruelis
2894 1886 3012 1930 erat
3038 1876 3219 1931 Maria:
3250 1877 3446 1934 Serblii
3475 1880 3645 1954 [tiliae]

2041 1969 2203 2015 antea
2284 1961 2360 2015 illi
2416 1964 2725 2034 desponszc.
2796 1964 2934 2020 Nam
2999 1968 3215 2023 tametsi
3286 1970 3403 2041 lege
3458 1974 3652 2028 mortis

2042 2064 2168 2109 ante
2221 2056 2443 2126 nuptias
2471 2058 2539 2111 ab
2557 2073 2619 2112 ea
2653 2075 2853 2130 sponsa
2876 2074 3161 2131 separatus
3194 2073 3298 2129 est,
3331 2080 3508 2135 neque
3525 2082 3650 2121 cum

2043 2146 2131 2200 illa
2199 2163 2258 2202 se
2322 2150 2718 2213 commiscuit,
2806 2161 3047 2207 attamen
3128 2155 3301 2225 ipsius
3346 2158 3652 2226 patruelem

2045 2255 2273 2295 uxorem
2320 2243 2523 2297 dueere
2556 2260 2664 2297 non
2684 2244 2890 2299 debuit.
2922 2243 3111 2315 Neque
3133 2249 3281 2302 enim
3313 2249 3652 2319 conjunctio,

2044 2334 2137 2389 sed
2169 2335 2548 2404 precationum
2591 2338 2951 2405 caeremoniae,
2987 2349 3047 2393 ut
3070 2340 3345 2410 sponsalia
3384 2350 3647 2413 tanquam

2044 2428 2250 2496 nuptim
2298 2440 2643 2498 reputentur,
2691 2429 2918 2485 faciunt.
3007 2431 3063 2485 Si
3129 2433 3296 2503 igitur
3325 2433 3501 2489 laicus
3542 2436 3651 2489 tale

2043 2520 2325 2590 quidpiam
2384 2521 2562 2576 facere
2594 2522 2935 2592 prohibetur,
2968 2522 3261 2597 [profecto]
3296 2536 3653 2583 consecratus

2046 2614 2224 2667 multo
2282 2616 2480 2684 magis.
2506 2615 2623 2669 Tali
2661 2619 3275 2688 namqne’temporibos
3312 2620 3652 2677 sanctissimi

2044 2708 2191 2761 illius
2239 2708 2565 2777 patriarchae
2600 2709 2786 2763 domni
2820 2709 3107 2767 Michaelis
3136 2711 3391 2767 Anchiali
3436 2727 3534 2783 per
3558 2728 3652 2783 sy-

2045 2802 2302 2858 nodalem
2379 2804 2842 2858 commentarium
2930 2806 3156 2860 vetitum
3246 2815 3331 2861 est
3411 2806 3657 2878 legitime

2046 2893 2307 2965 conjungi
2382 2909 2508 2949 cum
2587 2892 2696 2967 [ea]
2762 2895 3014 2963 muliere,
3076 2912 3200 2964 qua:
3251 2906 3478 2967 cognata
3535 2896 3657 2968 ejus

2056 2984 2245 3053 fuerit,
2286 3002 2408 3058 qua:
2433 2988 2779 3059 obligatoriis
2830 2988 3054 3059 scriptis
3109 2992 3377 3045 duntaxat
3422 2989 3497 3045 illi
3556 2992 3658 3046 ob-

2047 3081 2239 3137 stricta
2297 3081 2515 3147 fuisset,
2593 3098 2772 3153 neque
2826 3083 3231 3154 sponsaliorum
3292 3099 3479 3155 preces
3527 3098 3654 3139 cum

345 3179 539 3251 χρόνου
569 3177 668 3249 τῆς
705 3176 1063 3249 μνηστείαςῆ
1097 3175 1192 3229 τοῦ
1232 3175 1414 3245 γάμου
1462 3175 1495 3241 ὴ
1526 3173 1630 3241 ,τοῦ
1677 3173 1943 3245 βασιλέως

2055 3175 2175 3246 ipso
2225 3177 2551 3246 excepisset,
2576 3177 2723 3248 quod
2776 3188 2871 3233 aut
2898 3186 3136 3244 mortua,
3175 3187 3272 3233 aut
3313 3177 3657 3249 paenitudine

344 3270 739 3341 άναπληροῦσα
769 3268 1051 3338 οἰκονομία
1081 3267 1439 3337 ἀπαράϐατον
1464 3266 1697 3338 τηρήσει
1728 3267 1839 3329 τοῖς
1860 3282 1947 3318 κε-

345 3363 689 3435 κωλυμένοις
718 3362 818 3435 τὴν
854 3362 1094 3415 κώλυσιν
1125 3363 1219 3415 καὶ
1250 3361 1511 3432 οὐδαμῶς
1545 3361 1773 3432 θήσουσι
1821 3377 1949 3413 συν-

348 3455 609 3523 άλλαγμα
635 3453 982 3524 κωλυόμενον
1014 3452 1129 3504 ἀλλ’
1153 3453 1254 3506 ὅσα
1279 3452 1338 3516 ἐξ
1359 3451 1623 3522 ἀκριϐοῦς
1654 3451 1950 3522 μνηστείας

347 3543 382 3615 ἦ
417 3543 625 3597 τελείου
652 3543 835 3612 γάμου
868 3541 1173 3597 κωλύονται
1205 3541 1621 3612 συναλλάγματι
1651 3542 1827 3596 ταῦτα
1854 3543 1951 3595 καὶ

348 3636 456 3690 ὑπὸ
481 3636 590 3690 τῶν
621 3636 774 3700 ἐντὸς
796 3635 891 3689 τοῦ
917 3636 1311 3707 νενομισμένου
1342 3637 1537 3707 χρόνου
1564 3635 1663 3707 τὴν
1690 3636 1951 3690 σύστασιν

346 3729 713 3801 οἰκονομικῶς
743 3730 839 3783 καὶ
880 3729 979 3801 τὴν
1022 3729 1176 3783 λύσιν
1209 3729 1457 3799 φυσικῶς
1490 3729 1803 3800 δεξαμένων
1834 3732 1950 3801 εἰρ-

350 3822 641 3895 χθήσεται.
681 3824 1001 3894 Σημείωσαι
1025 3823 1122 3895 τὴν
1157 3823 1442 3895 παροῦσαν
1472 3823 1769 3895 ἑρμηνείαν
1789 3821 1952 3893 τοῦ¹β⁸

347 3934 479 3987 κεφ.
507 3916 603 3971 τοῦ
646 3924 713 3985 ιγ’
753 3917 1115 3972 διδάσκουσαν
1144 3917 1341 3985 ,πολλὰ
1374 3918 1625 3988 χρήσιμα
1656 3916 1820 3988 χάριν
1854 3916 1956 3985 γά-

353 4027 474 4081 μων
521 4010 925 4081 κεκωλυμένων
972 4012 1069 4063 καὶ
1118 4010 1617 4081 ὲκκεχωρημένων.
1679 4010 1803 4064 Ἔτι
1851 4027 1955 4081 ση·

355 4101 588 4172 μείωσαι
656 4102 757 4173 τὴν
822 4102 1055 4173 δύναμιν
1127 4102 1221 4156 τοῦ
1292 4104 1599 4174 γραφέντος
1673 4102 1953 4157 συνοδικοῦ

350 4194 523 4266 τόμου
577 4197 636 4249 ὲν
672 4198 794 4259 ταῖς
832 4197 1073 4267 ἡμέραις
1119 4194 1212 4249 τοῦ
1264 4197 1575 4265 ἁγιωτάτου
1610 4198 1953 4267 πατριάρχου

352 4286 548 4358 κυρίου
590 4286 833 4354 Ἀλεξίου
868 4288 963 4342 καὶ
1004 4286 1256 4353 τεθέντος
1290 4289 1349 4341 ἐν
1393 4292 1458 4358 τῇ
1496 4288 1751 4361 παρούσῃ
1784 4290 1957 4360 ἑρμη-

352 4381 495 4453 νείᾳ.
529 4382 771 4436 Γίνωσκε
802 4384 883 4435 ὅτι
912 4384 1015 4437 κᾶν
1036 4385 1066 4437 ὁ
1088 4383 1328 4444 τοιοῦτος
1354 4382 1542 4454 τόμος,
1576 4384 1671 4437 καὶ
1698 4386 1730 4455 ἡ
1767 4383 1955 4439 τοῦτον

354 4476 698 4547 ὲπικυροῦσα
755 4475 1011 4548 βασιλικὴ
1069 4476 1389 4547 πρόσταξις,
1452 4477 1570 4548 μετ’
1634 4476 1957 4548 ὲμϐριθείας

2058 3270 2223 3325 ducta
2258 3269 2415 3323 alteri
2469 3271 2590 3326 viro
2644 3270 2939 3341 conjuncta
2978 3280 3124 3326 esset
3164 3293 3175 3326 :
3211 3280 3365 3325 extra
3407 3286 3570 3342 quam
3608 3269 3657 3326 si

2056 3376 2178 3415 eam
2238 3360 2471 3415 necdum
2527 3376 2825 3416 sexcnnem
2893 3376 3044 3416 mors
3102 3360 3427 3417 arrhabonis
3475 3360 3655 3415 instar

2054 3451 2364 3507 abstulerit.
2407 3451 2598 3507 Visum
2640 3460 2723 3507 est
2760 3452 2907 3506 enim
2945 3452 3183 3507 concilio
3247 3452 3301 3507 in
3355 3468 3657 3508 sexennem

2056 3542 2350 3598 mulierem
2429 3543 2641 3614 copulae
2696 3543 3203 3614 concupiscentiam
3259 3559 3367 3597 non
3416 3544 3657 3614 concipi.

2056 3636 2259 3693 Verum
2326 3638 2506 3692 hocin
2545 3636 2700 3692 laicis
2748 3654 2855 3692 non
2898 3637 3187 3693 obtinebit.
3211 3635 3347 3691 Nam
3380 3640 3471 3709 qui
3496 3638 3660 3693 altari

2058 3727 2419 3802 [deserviunt]
2446 3729 2545 3784 soli
2591 3730 2756 3784 unius
2797 3729 3004 3792 uxoris,
3042 3730 3403 3800 ejusdemque
3428 3730 3661 3799 virginis

2054 3821 2157 3875 viri
2192 3821 2487 3885 nominari,
2545 3820 2757 3891 ipsique
2785 3820 3030 3889 ejusdem
3060 3829 3235 3876 status
3278 3836 3400 3876 esse
3436 3820 3661 3877 debent.

2055 3913 2231 3968 Porro
2260 3930 2380 3983 qua:
2410 3912 2559 3985 [hac]
2594 3913 2806 3968 novella
2832 3914 2898 3968 de
2928 3914 3279 3983 sponsalibus
3300 3914 3663 3983 comprehcn-

2056 4007 2283 4069 duntur,
2316 4023 2378 4059 ex
2414 4008 2531 4075 ipsa
2554 4004 2844 4059 manifesta
2876 4013 3022 4059 sunt.
3057 4005 3211 4060 Scias
3243 4019 3373 4059 vero
3421 4005 3565 4074 quod
3606 4003 3663 4059 in

2057 4100 2487 4170 chartophylacii
2548 4110 2702 4168 septo
2748 4099 3086 4154 sanctissimi
3134 4099 3281 4153 illius
3336 4098 3665 4167 patriarcha:

2058 4193 2246 4248 domui
2302 4191 2505 4245 [\‘icolai
2542 4191 2814 4263 (quidamj
2876 4192 3310 4246 commentarius
3346 4200 3665 4246 asservatut‘

2059 4284 2152 4355 qui
2185 4284 2300 4339 haec
2325 4283 2393 4338 ad
2422 4285 2648 4339 verbum
2674 4284 3095 4355 complectitur:
3119 4285 3326 4339 mensis
3345 4281 3473 4336 Julii
3500 4283 3587 4337 die
3606 4284 3662 4347 4,

2060 4376 2362 4432 indictione
2398 4377 2483 4432 15.
2514 4376 2653 4431 Cum
2694 4376 3080 4433 sanctissimus
3110 4386 3297 4433 noster
3318 4377 3577 4432 dominus
3612 4386 3666 4431 et

2061 4471 2436 4526 meonotnieus
2476 4472 2788 4542 patriarcha
2831 4470 3088 4525 Nicolaus
3126 4472 3177 4524 in
3204 4469 3495 4525 Thomaita
3530 4486 3665 4539 pra:-

351 4570 543 4643 κωλύῃ
570 4571 664 4624 τὸν
694 4569 754 4636 ἐξ
791 4571 1025 4642 αἵματος
1049 4570 1095 4635 ζ’
1127 4572 1338 4643 βαθμοῦ
1372 4571 1571 4643 γάμον.
1615 4571 1775 4626 Ἀλλὰ
1811 4571 1948 4625 κατὰ

2060 4565 2282 4630 sideret,
2305 4580 2369 4621 ac
2401 4581 2525 4621 cum
2558 4566 2678 4637 ipso
2705 4564 2794 4619 Dei
2836 4564 3209 4619 amantissimi
3248 4563 3666 4634 metropolitani

350 4664 454 4737 τὴν
473 4664 515 4718 δ’
554 4662 846 4718 ίνδικτιὸνα
899 4664 994 4716 τοῦ
1044 4664 1205 4735 ςχῖπᾶ
1245 4665 1403 4727 ἔτους
1435 4663 1733 4733 πρόσταξις
1763 4663 1955 4733 γέγονε

351 4758 451 4814 τοῦ
482 4758 750 4831 κραταιοῦ
778 4758 876 4812 καὶ
900 4756 1061 4826 ἁγίου
1094 4756 1253 4828 ἡμῶν
1275 4756 1543 4828 βασιλέως
1562 4756 1755 4828 κυρίου
1789 4757 1960 4810 Ἰσαα⁶

355 4852 482 4908 κίου
534 4851 629 4907 τοῦ
664 4851 899 4921 ἀγγέλου
945 4849 1445 4923 πατριαρχεύοντος
1491 4849 1587 4904 τοῦ
1630 4848 1957 4921 καματηροῦ

373 4946 566 5018 κυρίου
614 4945 901 4999 Βασιλείου
941 4943 1286 5015 διοριζομένη
1326 4943 1400 5015 μὴ
1422 4942 1961 5016 προκριματίζεσθαι

372 5041 441 5094 ἐκ
493 5039 607 5094 τῶν
661 5039 933 5111 ῥηθεισῶν
984 5037 1239 5111 πράξεων
1270 5038 1362 5091 τὸν
1420 5036 1560 5108 μετὰ
1606 5036 1705 5110 τὴν
1742 5038 1961 5108 ποίησιν

356 5127 540 5182 αὐτῶν
572 5130 847 5184 συστάντα
880 5131 1061 5199 γάμον
1091 5130 1255 5200 μέσον
1288 5128 1397 5183 τῶν
1436 5128 1961 5199 πανευτυχεστάτων

360 5223 651 5293 καισάρων
684 5224 857 5294 ἤγουν
892 5222 988 5276 τοῦ
1022 5222 1450 5293 Κατακουζηνοῦ
1479 5222 1671 5292 κυρίου
1713 5221 1962 5276 Ἰωάννου

359 5317 457 5372 καὶ
487 5316 589 5387 τῆς
617 5316 961 5388 αὑταδέλφης
1004 5316 1098 5371 τοῦ
1144 5316 1411 5387 βασιλέως
1437 5318 1534 5389 τῆς
1568 5317 1764 5389 κυρίας
1793 5316 1963 5387 Εἰρή-

364 5427 467 5480 νης
507 5410 603 5463 καὶ
649 5410 731 5474 είς
771 5407 818 5474 ζ’
851 5410 1061 5481 βαθμὸν
1090 5410 1151 5476 ἐξ
1193 5412 1429 5483 αἵματος
1454 5412 1815 5481 ἀναγόμενον,
1846 5409 1963 5463 ἀλλ’

356 5502 486 5556 ὅσον
516 5501 578 5556 τὸ
609 5503 688 5567 εἰς
712 5503 914 5564 αὐτοὺς
959 5503 1054 5557 καὶ
1088 5505 1283 5574 μόνους
1321 5503 1677 5575 ὰπρακτῆσαι
1707 5494 1777 5555 τὰ
1811 5499 1966 5572 παρὰ

358 5601 464 5672 τῆς
500 5600 721 5654 συνόδου
759 5601 856 5655 καὶ
884 5599 981 5655 τοῦ
1028 5599 1299 5665 βασιλέως
1332 5600 1525 5672 κυρίου
1560 5599 1823 5672 Μανουὴλ
1854 5600 1966 5654 διο-

362 5693 619 5767 ρισθέντα
653 5693 816 5765 χάριν
854 5694 950 5748 τοῦ
986 5693 1233 5747 τοιούτου
1265 5692 1363 5747 καὶ
1418 5691 1635 5763 ἐδείχθη
1676 5692 1771 5746 καὶ
1812 5690 1966 5763 παρὰ

358 5788 464 5857 τῆς
494 5786 740 5842 συνόδου.
775 5788 896 5841 Ἔτι
931 5786 1244 5858 σημείωσαι
1290 5786 1373 5841 ὃτι
1407 5785 1476 5839 τὰ
1502 5787 1560 5840 ὲν
1587 5784 1667 5857 τῷ
1692 5783 1968 5856 Βασιλικῷ

360 5882 755 5954 προστάγματι
790 5882 1163 5955 περιεχόμενα
1208 5880 1288 5947 εἰς
1328 5878 1615 5952 ἀναίρεσιν
1664 5875 1827 5949 δῆθεν
1868 5874 1965 5933 τοῦ

2060 4657 2153 4713 ille
2186 4667 2241 4713 et
2272 4658 2385 4725 ille,
2429 4658 2521 4714 Dei
2560 4658 2975 4713 amantissimus
2998 4657 3454 4727 metropolitanus
3480 4656 3667 4727 Cszci

2061 4749 2287 4807 Simeon
2332 4765 2457 4804 cum
2498 4760 2685 4806 nostra
2729 4748 3107 4803 moderatione
3144 4744 3460 4811 considens,
3504 4746 3663 4813 dixit,

2061 4843 2343 4916 quomodo
2380 4841 2986 4915 [[quidanijjmatricis
3039 4856 3155 4895 sure
3217 4839 3370 4894 urbis
3426 4839 3668 4894 clericus

2063 4938 2286 4994 nomine
2315 4936 2579 5007 Joannes}
2608 4936 2943 4991 Diabatenus
2988 4934 3268 5005 sponsalia
3299 4933 3499 4988 inierat
3538 4947 3668 4988 eum

2063 5031 2305 5104 quadam
2347 5030 2514 5086 Maria
2578 5030 2870 5101 Theophili
2932 5030 3100 5096 dicta,
3150 5043 3274 5099 quae
3317 5036 3466 5084 esset
3511 5036 3673 5083 :etate

2065 5126 2354 5197 septennis
2389 5144 2402 5181 :
2441 5135 2609 5196 atque
2661 5122 2977 5192 intellectol,
3031 5130 3256 5193 propter
3302 5135 3522 5191 sponsa:
3570 5121 3674 5175 im-

2065 5221 2409 5293 pubertatetn
2454 5227 2651 5289 praeter
2687 5216 2779 5287 jus
2830 5216 3110 5287 sponsalia
3145 5228 3271 5270 esse
3301 5211 3509 5286 [inita],
3537 5222 3671 5268 tunc

2066 5302 2145 5371 ab
2174 5314 2267 5370 illa
2322 5320 2647 5376 recesserat,
2726 5326 2791 5366 ac
2839 5318 2965 5381 post
3024 5324 3199 5364 annos
3244 5316 3371 5364 octo
3429 5306 3671 5377 legitime

2068 5410 2245 5481 ipsam
2284 5408 2337 5463 in
2390 5405 2805 5463 matrimonium
2862 5410 3258 5473 assumpserat.
3321 5400 3501 5471 Atque
3553 5398 3673 5454 haec

2068 5518 2196 5560 cum
2228 5502 2478 5568 dixisset,
2510 5499 2641 5571 quid
2668 5499 2735 5554 de
2757 5498 2957 5553 clerico
2988 5494 3011 5573 ζ
3015 5494 3129 5568 illo]
3159 5494 3474 5550 faciendum
3501 5503 3671 5561 esset,

2069 5592 2282 5649 discere
2306 5590 2499 5645 voluit.
2558 5588 2785 5645 Audirit
2867 5587 3037 5658 igitur
3093 5600 3124 5640 a
3176 5593 3367 5641 nostra
3411 5582 3672 5638 modera-

2071 5693 2247 5751 ttone,
2299 5682 2817 5754 considentiumqne
2864 5680 3100 5735 fratrum
3150 5686 3324 5743 casto,
3364 5676 3511 5747 quod
3562 5688 3675 5731 non

2070 5780 2249 5837 solum
2282 5778 2339 5833 in
2380 5776 2611 5849 nuptiali
2644 5783 2931 5833 contractu
2960 5773 3154 5829 arrhas
3214 5771 3336 5827 dari
3394 5779 3677 5840 receptum

2072 5872 2390 5931 sit:verum
2460 5868 2624 5926 etiam
2662 5867 2717 5924 in
2770 5862 3033 5939 [caeteris]
3095 5862 3472 5923 contractibus
3498 5861 3679 5919 enmi-
