4142 6450
507 355 646 417 1ί87

1735 349 2002 412 PHOTII
2043 351 2556 416 PATRIARCII/E
2593 325 2703 416 cr;

3688 323 3830 426 uss

491 467 642 536 'hus:
693 476 858 539 alque
897 465 979 539 [id
1013 464 1261 539 quidem]
1303 482 1412 520 non
1466 474 1678 530 coacte,
1731 466 1826 521 sed
1887 473 2100 538 sponte.

2209 468 2378 538 τόμου
2407 469 2500 522 τοῦ
2542 468 2782 522 Σισινίου
2846 467 2946 522 οὐκ
2981 467 3366 542 ὲνηργήθησαν
3407 471 3549 538 τέως
3588 475 3682 527 ἐπὶ
3717 477 3830 529 τῶν

502 561 978 630 Quemadmodum
1029 560 1196 632 igitur
1254 561 1308 614 in
1363 559 1488 616 aliis
1555 559 1934 626 contractibus
1999 576 2110 615 non

500 655 736 711 dicimus
773 653 916 725 quod
935 663 1120 708 actum
1146 661 1248 718 est,
1287 652 1332 708 si
1359 653 1542 708 arrha:
1574 652 1715 706 datae
1742 668 1850 706 non
1883 650 2109 719 fuerint,

498 763 628 803 esse
679 747 932 801 irritum:
997 745 1070 800 ita
1145 759 1365 815 quoque
1410 744 1462 796 in
1513 751 1800 798 contractu
1856 743 2108 812 nuptiali,

501 839 719 894 tametsi
745 838 906 891 arrha
929 836 1044 892 sive
1066 835 1342 905 sponsalia
1367 832 1526 907 [non]
1557 836 1921 903 processerint
1941 833 2110 906 [quod

501 943 685 987 actum
719 929 927 1002 fuerit],
973 929 1194 985 firmum
1215 937 1378 998 atque
1405 928 1740 983 iudivulsum
1772 930 1894 985 erit.
1923 928 2112 1000 Itaque

501 1023 868 1096 [quanquam|r
893 1037 1016 1094 quae
1055 1023 1197 1076 inter
1223 1022 1485 1076 clericum
1534 1031 1587 1075 et
1623 1020 1854 1075 Mariam
1904 1022 1990 1092 (ut
2026 1023 2112 1076 di-

499 1129 649 1171 ctum
689 1118 794 1190 est)
860 1116 1136 1187 sponsalia
1179 1122 1590 1184 processerunt,
1643 1115 1948 1170 subsistere
2010 1131 2109 1170 ne-

499 1217 706 1278 queant
740 1207 782 1262 τ’
805 1208 1021 1262 habebit
1070 1206 1308 1279 [tamen]
1373 1206 1827 1262 indissolubihtcr
1878 1205 2110 1261 clericus

500 1313 729 1353 uxorem
765 1298 863 1367 ipsi
905 1312 999 1367 per
1049 1297 1222 1352 solam
1279 1295 1585 1366 nuptialem
1631 1297 2106 1352 consecrationem

498 1393 583 1461 (ut
639 1391 975 1462 explicatum
1035 1391 1142 1460 est)
1209 1391 1587 1461 coniunctam.
1674 1388 1750 1445 De
1810 1389 2109 1444 donatione

499 1493 688 1537 ttmen
742 1494 965 1553 propter
1034 1483 1279 1554 nuptias,
1334 1493 1558 1556 propter
1592 1498 1758 1554 quam
1820 1483 2099 1553 sponsalia

497 1578 663 1633 etiam
713 1577 830 1635 ﬁeri
890 1593 1228 1634 consuevere
1286 1579 1429 1634 inter
1474 1577 1737 1648 conjuges
1792 1577 2108 1646 ipsorumve

497 1681 706 1742 partes,
737 1687 847 1726 non
891 1673 1218 1727 tractabitur
1246 1689 1258 1726 :
1287 1673 1381 1728 sed
1411 1671 1639 1743 perinde
1661 1681 1829 1740 atque
1859 1671 1904 1724 si
1935 1685 2104 1739 spon-

499 1762 636 1818 salia
670 1779 779 1818 non
803 1764 1232 1833 processissent,
1282 1778 1461 1833 neque
1483 1773 1610 1818 ante
1637 1765 1856 1833 nuptias
1879 1762 2105 1816 donatio

2217 561 2504 632 ἡμετέρων
2553 561 2798 632 ἡμερῶν.
2847 559 3096 632 Εὔχομαι
3139 557 3234 616 οὖν
3288 563 3422 634 μηδὲ
3458 565 3828 636 ὲνεργηθῆναί

2217 670 2348 706 ποτε
2380 653 2456 716 ὡς
2494 652 2650 716 εἰδὼς
2679 653 2781 724 τὴν
2818 654 3000 706 αἰτίαν
3031 653 3098 706 δι’
3141 655 3208 726 ἣν
3236 654 3610 728 διωρίσθησαν
3652 658 3819 729 θελη-

2219 746 2462 817 ματικὴν
2511 741 2681 800 οὖσαν
2709 747 2806 799 καὶ
2841 746 2932 798 διὰ
2974 746 3136 800 τοῦτο
3186 747 3322 819 μηδὲ
3350 749 3820 821 τελεσφορήσασιν

2213 837 2418 906 ἀγαθόν
2445 855 2518 892 τι.
2550 838 2672 892 Ἔτι
2735 837 3046 909 σημείωσαι
3089 840 3199 894 ἀπὸ
3234 841 3330 911 τῆς
3361 843 3566 912 νεαρᾶς
3597 842 3690 895 τοῦ
3723 842 3818 912 βαι

2217 930 2408 991 σιλέως
2467 929 2661 1000 κυρίου
2707 928 2950 992 Ἀλεξίου
3007 926 3102 981 τοῦ
3161 928 3452 1000 Κομνηνοῦ
3491 931 3575 982 ὅτι
3631 932 3817 995 κακῶς

2214 1023 2533 1092 ἐξεχωρήθη
2577 1023 2605 1075 ό
2643 1020 2888 1093 πλευρῆς
2929 1023 3120 1094 κυρίου
3173 1022 3392 1094 Μιχαὴλ
3422 1023 3813 1097 συζυγῆναιτῇ

2216 1114 2630 1186 σπανσπουλίνᾳ
2686 1115 2856 1186 κυρία
2904 1116 3073 1186 ’Λννῃ
3117 1114 3308 1186 πρώτῃ
3364 1115 3498 1188 οὔσῃ
3543 1117 3815 1190 ἐξαδέλφῃ

2212 1207 2314 1276 τῆς
2350 1207 2900 1278 προμνηστευθείσης
2955 1205 3104 1276 αύτῷ
3139 1207 3365 1277 Μαρίας
3411 1211 3511 1277 τῆς
3541 1208 3634 1261 τοῦ
3674 1209 3814 1279 Σερ-

2213 1298 2392 1352 κλίου⁶
2431 1299 2536 1352 κᾶν
2587 1299 2697 1370 γὰρ
2737 1299 2890 1369 νόμῳ
2934 1297 3168 1352 Θανάτου
3203 1299 3341 1370 πρὸς
3385 1299 3479 1353 τοῦ
3523 1301 3700 1370 γάμου
3734 1302 3813 1355 διο

2213 1390 2384 1463 εζύγη
2419 1395 2518 1463 τῆς
2545 1391 2803 1462 τοιαύτης
2837 1393 3080 1463 μνηστῆς
3105 1393 3198 1445 καὶ
3235 1393 3357 1446 οὐδὲ
3390 1394 3656 1464 συνεμίγη
3681 1393 3812 1448 ταύ-

2211 1501 2280 1556 τῃ
2310 1485 2424 1538 ἀλλ’
2454 1486 2555 1538 οὔκ
2596 1483 2827 1553 ὤφειλεν
2877 1484 3174 1555 ἑξαδέλῳην
3222 1484 3395 1557 αὐτῆς
3443 1486 3665 1557 πρώτην
3715 1487 3812 1540 λα-

2211 1578 2348 1632 ϐεῖν.
2381 1578 2518 1631 Οὐδὲ
2568 1578 2679 1648 γὰρ
2729 1579 2763 1647 ἡ
2808 1577 3093 1646 συνάφεια,
3133 1576 3269 1631 ἀλλὰ
3303 1578 3336 1648 ή
3373 1576 3474 1647 τῆς
3516 1577 3680 1648 εύχῆς
3717 1594 3808 1631 τε-
3841 1571 3846 1574 ’

2211 1673 2341 1746 λετὴ
2386 1675 2534 1726 ποιεῖ
2568 1673 2668 1746 τὴν
2702 1672 3003 1742 μνηστείαν
3051 1671 3126 1736 ὡς
3162 1672 3339 1742 γάμον
3383 1670 3710 1741 λογίζεσθαι.
3742 1672 3806 1725 Εἰ

2209 1767 2342 1837 γοῦν
2403 1768 2596 1832 λαῖκὸς
2647 1765 2894 1821 τοιοῦτόν
2935 1783 2988 1819 τι
3029 1768 3207 1818 ποιεῖν
3252 1765 3584 1830 κεκώλυται,
3626 1765 3807 1837 πολλῷ

496 1857 796 1912 subsecuta
846 1865 1016 1921 esset,
1062 1855 1284 1910 ﬁrmum
1334 1855 1440 1910 erit
1485 1855 1903 1910 matrimonium
1937 1863 2100 1924 atque

2215 1833 2418 1933 μᾶλλον
2473 1860 2796 1932 ίερωμένος.
2850 1857 2908 1911 Ὀ
2945 1856 3188 1920 τοιοῦτος
3242 1857 3351 1929 γὰρ
3411 1855 3659 1928 ἐκωλύθη
3718 1833 3807 1912 διά

495 1951 892 2020 indisruptum.
950 1948 1221 2004 Similiter
1267 1949 1370 2004 alia
1402 1949 1566 2004 etiam
1628 1949 1875 2019 ejusdem
1935 1949 2105 2020 impe-

495 2045 796 2101 ratorisdc
850 2044 1041 2098 eadem
1121 2042 1469 2113 legislatione
1521 2042 1661 2096 edita
1732 2041 1912 2112 jussio
1975 2050 2101 2108 est,

495 2156 618 2211 quae
662 2140 804 2194 hanc
833 2139 942 2193 vim
983 2138 1176 2193 habet:
1217 2136 1292 2192 De
1321 2137 1527 2208 nuptiis
1559 2145 1722 2204 atque
1753 2135 2104 2207 sponsalibus

496 2247 687 2288 mense
735 2231 882 2286 Julio
941 2231 1263 2286 indictionis
1303 2231 1355 2296 5,
1413 2228 1544 2284 anni
1591 2229 1660 2284 ab
1698 2231 1832 2284 orbe
1877 2228 2103 2284 condito

495 2327 659 2390 6592,
718 2324 974 2380 statuisse
1013 2323 1158 2396 (nos]
1190 2325 1398 2379 scimus
1422 2364 1438 2391 ,
1475 2338 1600 2394 quae
1628 2323 1680 2376 in
1716 2322 1808 2378 illa
1875 2323 2093 2394 legisla-

494 2419 648 2473 tione
697 2428 863 2488 atque
936 2417 1201 2472 relatione
1255 2418 1654 2486 comprehensa
1709 2424 1860 2470 sunt.
1922 2418 2102 2485 Atque

496 2526 692 2567 eorum
753 2509 1021 2583 [quidem]
1055 2510 1188 2564 nihil
1247 2508 1565 2565 labefactari
1601 2508 1962 2577 sustinemus,
2001 2507 2095 2562 sed

493 2603 550 2658 in
591 2610 860 2656 arternuin
892 2603 1160 2656 intentata
1212 2609 1266 2655 et
1327 2599 1693 2654 imtnutabilia
1737 2613 1962 2653 manere
1999 2615 2113 2664 νοτ

492 2696 700 2749 lumtts.
770 2694 836 2748 Ut
872 2691 1169 2764 [videlicet]
1196 2691 1477 2762 sponsalia
1512 2689 1609 2763 [et]
1645 2691 1848 2762 nuptiae
1881 2689 2099 2762 [quein-

490 2786 788 2841 admodum
827 2786 1034 2839 dictum
1089 2783 1194 2854 est)
1221 2792 1722 2854 coagmententur:
1761 2792 1818 2836 ut
1877 2783 1930 2836 in
1962 2781 2096 2853 [sta-

493 2872 633 2945 tuto]
665 2884 908 2944 tempore
965 2872 1102 2926 nihil
1175 2874 1490 2938 inuovetur,
1519 2882 1572 2927 et
1605 2887 1670 2926 ex
1695 2873 2089 2930 consociandis

493 2982 616 3022 mas
667 2965 1082 3038 quatuordeeim
1132 2967 1295 3021 annis
1357 2965 1533 3034 major
1603 2965 1697 3032 sit,
1729 2963 1930 3021 femina
1964 2981 2094 3022 vero

497 3062 815 3117 duodecim.
843 3059 1115 3126 Quoniam
1158 3075 1286 3115 vero
1333 3058 1469 3114 nihil
1513 3067 1628 3113 tum
1675 3067 1944 3115 statutum
1985 3069 2089 3126 est,

492 3172 562 3210 an
613 3169 678 3209 eo
723 3153 889 3209 modo
932 3151 1067 3206 inita
1103 3151 1404 3221 sponsalia,
1435 3151 1479 3206 si
1509 3149 1698 3223 [forte]
1731 3150 2091 3216 dirimuntur,

493 3249 770 3306 solvendae
823 3263 1000 3318 pinnae
1047 3246 1330 3318 [obnoxia]
1386 3246 1612 3312 futura,
1669 3261 1738 3300 an
1783 3261 1913 3299 vero
1968 3261 2087 3301 om-

493 3344 628 3398 nino
659 3340 1059 3397 indissolubilia
1092 3355 1352 3394 mansura
1381 3339 1496 3395 sint
1570 3348 1737 3409 atque
1757 3339 1880 3394 ideo
1917 3340 2085 3394 etiam

494 3455 561 3494 ea.
594 3439 660 3493 de
696 3436 778 3510 [re
807 3434 926 3509 nos]
958 3437 1074 3506 ipse
1110 3435 1493 3506 interrogasti:
1520 3434 1802 3490 sancimus
1837 3444 1895 3490 ut
1930 3435 2109 3504 istius,

497 3529 646 3585 modi
673 3529 970 3600 sponsalia,
1002 3544 1126 3599 quae
1201 3527 1421 3597 proprie
1462 3525 1552 3600 [ac
1604 3525 1754 3598 vere]
1816 3528 2094 3598 sponsalia

498 3635 650 3688 sunt,
715 3623 966 3688 immota,
1027 3620 1415 3683 immutabilia,
1453 3629 1506 3675 et
1538 3620 1767 3675 omnino
1823 3619 2093 3676 insolubi-

497 3718 569 3772 lia
635 3700 894 3771 maneant
934 3715 1157 3786 (quippe
1182 3712 1356 3785 [quia]
1394 3711 1536 3769 Deus
1569 3713 1712 3767 inter
1760 3713 2090 3770 consocian-

497 3811 600 3866 dos
651 3809 964 3873 inducatur,
1025 3823 1258 3877 eamque
1334 3803 1777 3872 coniunctionem
1827 3819 1925 3875 per
1971 3820 2092 3874 pre-

497 3917 624 3958 cum
684 3899 1044 3957 cmremonias
1101 3894 1490 3967 communiat)
1542 3904 1595 3950 et
1661 3910 1946 3965 nunquam
1998 3895 2086 3949 illa

497 3995 678 4067 poenis
767 3993 967 4048 dandis
1054 3991 1360 4056 solvantur,
1424 4003 1546 4058 qum
1621 3985 1847 4059 [plnum]
1911 4002 2090 4058 neque

497 4087 878 4146 contractibus
929 4085 1190 4156 deinceps
1243 4082 1617 4138 inscribentur
1651 4099 1664 4135 :
1695 4081 1822 4152 quia
1858 4097 1967 4136 non
2027 4081 2096 4135 ab

498 4183 630 4246 illis,
698 4181 790 4236 sed
821 4194 917 4250 per
959 4177 1057 4232 Dei
1119 4176 1530 4232 invocationem
1576 4174 1855 4244 sponsalia
1910 4187 2098 4228 corro-

496 4279 787 4337 borantur,
828 4269 1204 4342 cujuscemodi
1248 4265 1603 4339 [sponsalia]
1651 4266 1879 4321 omnino
1933 4265 2098 4320 etiam

498 4368 816 4426 insolubilia
873 4363 1174 4419 manebunt
1207 4359 1434 4433 [iisque]
1486 4361 1756 4414 duntaxat
1802 4358 1870 4412 de
1913 4357 2099 4412 causis

498 4465 804 4524 solventur,
900 4459 1102 4530 quibus
1168 4455 1551 4519 matrimonia,
1613 4453 1817 4523 quibus
1887 4451 1979 4506 illa
2043 4459 2102 4505 ut

2211 1953 2608 2027 σῃμειώματος
2645 1950 2927 2008 συνοδικοῦ
2960 1953 3054 2004 ἐπὶ
3085 1951 3185 2021 τῆς
3225 1950 3536 2021 ἐφημερίας
3571 1949 3806 2019 ἁγιωτά-

2206 2065 2300 2100 του
2332 2047 2548 2101 ἐκείνου
2584 2046 2930 2117 πατριάρχου
2962 2043 3154 2114 κυρίου
3187 2042 3406 2114 Μιχαὴλ
3436 2041 3528 2096 τοῦ
3576 2043 3795 2114 Ἀγχιά-

2205 2138 2298 2192 λου
2333 2139 2704 2193 συνάπτεσθαι
2743 2138 2994 2210 νομίμως
3020 2137 3245 2206 γυναικὶ
3276 2138 3535 2206 συγγενεῖ
3566 2136 3699 2210 οὔσῃ
3729 2141 3799 2210 τῇ

2203 2232 2296 2286 διὰ
2360 2232 2716 2304 δεσμωτικῶν
2768 2231 2928 2302 μόνον
3000 2230 3299 2301 ἐγγράφων
3360 2231 3800 2302 κατεγγυηθείσῃ

2213 2326 2391 2394 τούτῳ
2418 2325 2516 2380 καὶ
2551 2327 2626 2397 μὴ
2658 2325 2916 2398 φθασάσῃ
2940 2323 3128 2377 λαϐεῖν
3163 2323 3656 2395 μνηστείαςεύχὴν
3683 2325 3800 2394 μετ’

2203 2416 2370 2470 αὐτοῦ
2401 2457 2415 2482 ,
2465 2416 2498 2488 ἢ
2554 2416 2630 2479 ὡς
2688 2415 2963 2488 θανούσῃ,
3030 2416 3106 2480 ὡς
3143 2416 3317 2487 ἑτέρῳ
3363 2415 3695 2486 συναφθείσῃ
3736 2417 3800 2468 ἐκ

2205 2509 2518 2580 μεταμέλου
2552 2508 2708 2580 ἀνδρὶ
2745 2510 2795 2562 εί
2833 2509 3003 2580 μήπω
3061 2508 3269 2580 ταύτην
3329 2507 3523 2579 ἑξαετῆ
3570 2503 3734 2562 οὖσαν
3772 2510 3797 2560 ὀ

2202 2603 2435 2666 θάνατος
2468 2601 2916 2673 ὴρραϐωνίσατο.
2960 2600 3148 2668 Ἔδοξε
3181 2601 3290 2672 γὰρ
3320 2603 3385 2673 τῇ
3424 2600 3627 2672 συνόδῳ
3664 2602 3797 2671 μετᾶ

2202 2693 2461 2760 έξαετοῦς
2490 2693 2751 2763 γυναικὸς
2786 2693 3089 2765 ἐπιθυμίαν
3120 2692 3324 2764 φθορᾶς
3359 2694 3434 2765 μὴ
3454 2692 3792 2764 μεσολαϐεῖν,

2195 2787 2359 2839 τοῦτο
2391 2787 2449 2840 δὲ
2490 2785 2584 2839 ἐπὶ
2618 2784 2824 2839 λαῖκῶν
2857 2785 2920 2838 οὔ
2953 2785 3243 2856 κρατήσει.
3268 2784 3436 2838 Μόνοι
3471 2784 3580 2855 γάρ
3623 2784 3674 2836 οἱ
3703 2783 3791 2836 τοῦ

2200 2879 2447 2951 βήματος
2489 2879 2622 2950 μιᾶς
2644 2877 2908 2948 γυναικὸς
2948 2879 3045 2931 καὶ
3076 2877 3176 2948 τῆς
3205 2877 3376 2946 αὐτῆς
3403 2875 3680 2948 παρθένου
3703 2876 3793 2930 άν-

2197 2969 2324 3041 δρες
2369 2968 2647 3039 ὀφείλουσι
2703 2965 3093 3038 ὀνομάζεσθαι,
3131 2964 3225 3018 καὶ
3279 2965 3436 3018 αὐτοὶ
3492 2963 3592 3034 τῆς
3628 2961 3796 3032 αὐτῆς

2199 3064 2340 3118 εἶναι
2386 3065 2804 3126 καταστάσεως.
2841 3060 2964 3114 Ἔτι
3001 3059 3307 3131 σημείωσαι
3357 3058 3440 3112 ὅτι
3493 3060 3562 3112 τὰ
3593 3057 3692 3127 μὲν
3720 3057 3787 3127 τῇ

2201 3158 2373 3228 νεαρᾷ
2415 3153 2769 3226 παρεχόμενα
2803 3152 2964 3223 χάριν
3006 3151 3104 3222 τῆς
3143 3148 3441 3222 μνηστείας
3467 3147 3793 3221 δῆλά,είσιν

2202 3257 2268 3309 ὲκ
2313 3255 2410 3326 τῆς
2441 3252 2538 3307 τοῦ
2573 3250 2741 3305 αὐτοῦ
2792 3249 3034 3315 Ἀλεξίου
3089 3248 3280 3320 κυρίου
3318 3247 3584 3317 βασιλέως
3615 3246 3794 3299 δευτέ-

2209 3364 2305 3420 ρας
2353 3343 2726 3418 προστάξεως.
2781 3343 3026 3396 Γίνωσκε
3064 3341 3119 3395 δὲ
3157 3343 3241 3395 ὅτι
3283 3340 3361 3412 τῷ
3421 3339 3662 3410 σεκρέτῳ
3699 3337 3791 3392 τοῦ

2205 3437 2648 3512 χαρτοφυλακίου
2699 3435 2997 3508 σημείωμα
3031 3435 3409 3505 κατέστρωται
3436 3432 3529 3486 τοῦ
3562 3431 3808 3500 ἁγιωτάο.

2203 3551 2298 3586 του
2331 3530 2540 3585 ἐκείνου
2571 3529 2759 3600 κυρίου
2798 3527 3068 3582 Νικολάου
3095 3527 3461 3598 πατριάρχου.
3495 3526 3577 3578 Τὰ
3604 3524 3660 3577 δὲ
3690 3541 3790 3578 κα·-

2203 3627 2272 3680 τά
2315 3626 2466 3698 ρἧα
2514 3622 2900 3694 διαλαμϐάνων
2949 3622 3080 3692 μηνὶ
3135 3619 3339 3690 Ἰουλίῳ
3385 3626 3494 3685 κα’,
3522 3619 3699 3690 ἡμέρα
3748 3615 3789 3669 δ’

2217 3719 2555 3782 Ἰνδικτιόνος
2585 3715 2667 3782 ιε’,
2709 3715 3136 3786 προκαθημένου
3183 3711 3277 3766 τοῦ
3313 3711 3618 3780 ἁγιωτάτου
3641 3708 3791 3780 ἡμῶν

2203 3814 2469 3868 δεσπότου
2503 3813 2600 3866 καὶ
2638 3807 3020 3883 οἱκουμενικοῢ
3063 3808 3406 3880 πατριάρχου
3440 3805 3706 3861 Νικολάου
3736 3805 3794 3857 ὲν

2203 3904 2399 3976 τῷ.....
2433 3903 2891 3974 συνεδριαζόντων
2938 3902 3088 3974 αὐτῷ
3133 3900 3549 3973 μητροπολιτῶν
3577 3898 3668 3952 τοῦ
3689 3897 3795 3950 δεῖ-

2204 4018 2294 4063 νος
2345 4001 2441 4053 καὶ
2492 4000 2686 4063 δεῖνος,
2727 4001 2756 4053 ὁ
2796 3997 3212 4068 θεοφιλέστατος
3263 3995 3668 4070 μητροπολίτης
3701 3991 3793 4048 τοῦ

2205 4093 2454 4158 Κυζίκου
2506 4092 2736 4164 Συμεὼν
2791 4089 3157 4162 συνεδριάζων
3188 4093 3254 4162 τῇ
3287 4090 3444 4161 ἡμῶν
3482 4088 3794 4160 μετριότητι

2205 4182 2385 4251 εἶπεν,
2441 4185 2516 4249 ὡς
2571 4184 2838 4257 κληρικὺς
2889 4186 2989 4254 τῆς
3037 4187 3159 4237 κατ’
3194 4183 3356 4238 αὐτὸν
3406 4180 3791 4253 μητροπόλεως

2218 4279 2474 4348 Ἰωάννης
2499 4273 2502 4276 ’
2528 4277 2901 4347 Διαϐακτηνὸς
2927 4274 3332 4347 ὀνομαζόμενος
3379 4272 3794 4346 ἐμνηστεύσατο

2205 4371 2444 4441 γυναῖκά
2468 4388 2592 4426 τινα
2619 4369 2842 4440 Μαρίαν
2873 4367 2968 4423 τοῦ
3004 4368 3267 4438 Θεοφίλου
3300 4367 3640 4439 καλουμένην
3678 4365 3794 4435 ἠλι-

2206 4463 2331 4527 κίας
2385 4461 2554 4516 οὖσαν
2611 4459 2941 4525 ἑπταετοῦς,
3004 4457 3192 4531 μαθὼν
3249 4458 3306 4512 δὲ
3363 4457 3461 4529 τὴν
3532 4456 3796 4528 μνηστίαν

497 4555 708 4610 virilms
743 4551 976 4622 :cqualia
1033 4557 1165 4604 sunt
1188 4587 1204 4612 ,
1236 4554 1506 4603 statutum
1541 4553 1645 4600 est.
1677 4543 1939 4614 Cognata:
1969 4557 2098 4597 vero

2208 4550 2348 4608 εἶναι
2378 4553 2698 4626 παράνομον
2747 4552 2835 4606 διὰ
2883 4551 2983 4623 τὴν
3032 4551 3131 4621 τῆς
3181 4550 3425 4623 μνηστῆς
3466 4550 3794 4622 ἀνηϐότητα,

498 4662 750 4720 persona
782 4647 834 4698 in
894 4639 1335 4715 [contrahendis]
1371 4637 1580 4708 nuptiis
1617 4637 1698 4692 vel
1729 4634 2090 4706 sponsalibus

501 4749 669 4814 prout
699 4736 859 4810 [jam]
896 4736 1159 4807 placitum
1197 4743 1302 4800 est,
1332 4732 1724 4802 impedientur,
1755 4745 1935 4799 neque
1964 4743 2098 4784 c0n-

501 4843 586 4888 tra
640 4843 807 4900 quam
836 4828 938 4882 hac
966 4827 1358 4882 constitutione
1396 4824 1624 4878 vetitum
1661 4831 1764 4886 est,
1798 4819 2099 4891 quidquam

501 4941 534 4980 a
576 4938 854 4995 quoquam
890 4923 1111 4986 contiet,
1150 4919 1258 4976 nisi
1291 4919 1334 4974 si
1365 4917 1588 4989 quando
1636 4915 1935 4987 imperator
1958 4929 2100 4984 quo-

503 5019 630 5074 dam
673 5015 1101 5087 dispensationis
1147 5014 1311 5068 modo
1369 5022 1422 5067 et
1459 5011 1742 5081 sponsalia
1807 5017 1863 5064 et
1904 5023 2100 5066 conse-

503 5111 751 5168 cratione
799 5111 1163 5181 peragendam
1213 5105 1665 5178 conjunctionem
1713 5105 1857 5160 intra
1892 5103 2106 5175 praesti-

508 5210 654 5256 tutos
681 5213 860 5253 annos
893 5198 1226 5267 permiserit.
1271 5196 1509 5252 Licitum
1561 5202 1646 5251 est
1674 5196 1825 5251 enim
1861 5195 2102 5265 impera-

505 5289 722 5344 toribus
756 5287 831 5341 uti
863 5288 1020 5343 aliter
1045 5303 1210 5358 quam
1240 5285 1540 5341 secundum
1579 5286 1722 5355 leges
1755 5285 2100 5355 dispensent:

507 5380 975 5454 quemadmodum
1036 5391 1090 5435 et
1140 5379 1366 5450 sapiens
1409 5379 1712 5449 imperator
1739 5389 1790 5434 et
1835 5381 2105 5434 vetustio-

508 5491 599 5530 res
635 5473 1004 5544 legisiationcs
1041 5471 1250 5525 dixere.
1310 5468 1494 5540 Neque
1521 5487 1650 5525 vero
1684 5471 1783 5542 ipsi
1815 5486 1944 5526 cum
1968 5480 2109 5526 tem-

508 5583 612 5642 pus
658 5567 1080 5630 ahbrcviabunt,
1134 5564 1454 5634 priusquam
1533 5565 1628 5635 qui
1669 5565 2106 5634 conjungcntur,

512 5680 703 5720 eorum
763 5660 1045 5716 masculus
1109 5667 1366 5729 quartum
1400 5659 1698 5728 decimum,
1737 5658 1943 5717 femina
1977 5677 2108 5717 vero

512 5755 900 5811 duodecimum
957 5767 1166 5806 annum
1218 5753 1540 5819 excesserit,
1592 5753 1904 5809 naturalem
1979 5769 2112 5810 cou-

516 5863 766 5918 gressum
825 5847 1163 5918 perinittent.
1225 5843 1390 5917 [Quin
1449 5845 1524 5918 et]
1559 5851 1868 5917 parentesf
1905 5847 2109 5918 nequid

2202 4649 2326 4702 τότε
2358 4646 2458 4720 μὲν
2491 4646 2704 4716 ἀπέστη
2749 4645 2978 4716 ταύτης,
3016 4643 3156 4716 μετὰ
3182 4644 3238 4697 δὲ
3283 4645 3509 4715 χρόνους
3541 4643 3684 4697 ὀκτὼ
3709 4660 3798 4698 νο-

2207 4739 2391 4811 μίμως
2434 4737 2642 4809 ταύτην
2671 4737 2992 4808 πρόσγαμον
3039 4736 3297 4807 ἠγάγετο,
3337 4737 3431 4790 καὶ
3495 4735 3672 4790 ταῦτα
3699 4734 3792 4788 λέ-
3825 4793 3830 4795 _

2205 4849 2317 4902 γων
2350 4829 2510 4903 ἡθελε
2559 4830 2619 4884 τὸ
2662 4831 2918 4899 ποιητέον
2954 4829 3047 4883 ἐπὶ
3093 4829 3153 4883 τὸ
3206 4827 3553 4900 κληρωθῆναι
3585 4828 3795 4898 μαθεῖν,

2205 4925 2439 4997 ἤκουσεν
2496 4916 2592 4974 οὖν
2639 4919 2748 4974 ἀπὸ
2786 4919 2885 4990 τῆς
2933 4919 3093 4990 ἡμῶν
3146 4920 3537 4992 μετριότητος,
3574 4919 3670 4972 καὶ
3699 4918 3798 4988 τῆς

2208 5011 2672 5086 συνεδριαζούσης
2702 5010 3067 5083 ἀδελφότητος
3099 5011 3174 5075 ὼς
3205 5011 3307 5064 οὐκ
3350 5012 3444 5064 ἐπὶ
3494 5011 3656 5081 μόνου
3703 5009 3795 5063 τοῦ

2205 5108 2448 5182 γαμικοῦ
2501 5106 2952 5178 συναλλάγματος
3004 5105 3330 5179 ἀρραϐῶνας
3363 5105 3678 5175 νενόμισται
3727 5103 3799 5158 δί-

2205 5201 2416 5267 δοσθαι,
2445 5199 2583 5255 ἀλλὰ
2627 5201 2723 5253 καὶ
2753 5199 2847 5252 ἐπὶ
2888 5199 3105 5252 πάντων
3151 5197 3260 5250 τῶν
3291 5194 3795 5266 ι-συναλλαγμάτων,

2207 5293 2348 5364 πλὴν
2395 5292 2498 5345 οὐκ
2547 5288 2987 5361 ἠναγκασμένως
3041 5287 3157 5340 ἀλλ’
3203 5286 3564 5358 αὐθαιρέτως,
3612 5285 3796 5354 ὥσπερ

2206 5384 2387 5439 τοίνυν
2417 5383 2511 5438 ἐπὶ
2561 5383 2669 5437 τῶν
2716 5382 2892 5438 ἄλλων
2926 5380 3387 5450 συναλλαγμάτων
3444 5380 3505 5432 οὗ
3562 5379 3790 5449 λέγομεν

2208 5479 2412 5547 ἄκυρον
2441 5471 2583 5530 εἶναι
2641 5477 2702 5529 τὸ
2751 5475 2978 5544 γεγονὸς
3019 5473 3092 5545 μὴ
3137 5472 3402 5526 δοθέντων
3441 5471 3794 5544 ἀῤῥαϐώνων,

2209 5569 2352 5624 οὔτω
2388 5570 2481 5623 καὶ
2511 5570 2605 5622 ἐπὶ
2634 5567 2728 5621 τοῦ
2759 5566 3004 5638 γαμικοῦ
3058 5565 3519 5634 συναλλάγματος
3549 5564 3651 5618 κᾶν
3700 5565 3800 5636 ἁῤ·

2213 5662 2393 5736 ραϐὼν
2436 5661 2557 5733 ἦτοι
2611 5661 2881 5733 μνηστεία
2909 5661 2970 5713 οὐ
3010 5659 3211 5731 προϐῇ,
3266 5658 3481 5730 βέϐαιον
3511 5659 3664 5714 ἔσται
3707 5659 3799 5713 καὶ

2209 5757 2585 5812 ἀδιάσπαστον
2607 5772 2621 5787 ·
2661 5755 2762 5825 τῆς
2813 5752 2946 5824 γοῦν
2974 5752 3260 5824 προϐάσης
3292 5751 3589 5823 μνηστείας
3619 5751 3696 5813 ὡς
3725 5752 3801 5804 εἶ-

2217 5866 2376 5922 ρηται
2420 5847 2583 5920 μέσον
2611 5846 2705 5901 τοῦ
2737 5845 3002 5919 κληρικοῦ
3032 5846 3126 5901 καὶ
3147 5846 3245 5918 τῆς
3279 5843 3475 5916 μανίας
3511 5842 3676 5914 οὔσης
3708 5845 3806 5896 ἀνα
