4142 6448
313 405 449 470 1189

1219 395 1728 465 ΝΟΜΟΕΑΝΟΝ.
1767 419 1838 433 ·-
1875 392 2024 456 ΤΙΤ.
2065 391 2238 468 XIII,
2281 392 2440 454 CAP.
2483 391 2601 470 III,
2639 387 2739 455 IV.

3483 393 3622 458 1100

313 537 620 592 υποστάτου
662 538 870 593 ἐσεῖται
897 535 1206 607 όκληρικδς
1241 534 1382 604 ἔχων
1423 530 1784 592 ἁδιασείστως
1816 526 1915 599 τὴν

2035 533 2146 579 inte
2202 523 2411 579 dictum
2475 533 2694 596 tempus
2717 523 2844 580 ﬁat.
2876 525 3194 596 diligentem
3248 540 3438 582 curam
3467 509 3622 580 adhi'

311 629 400 682 διὰ
454 629 624 698 μόνης
676 631 924 700 γαμικῆς
976 627 1282 699 ἱερολογίας
1337 621 1711 695 ἁρμοσθεῖσαν
1765 619 1915 690 αὐτῷ

2035 633 2146 673 )ere
2222 618 2520 674 debebunt.

314 719 548 787 σύζυγον
591 720 666 785 ὡς
697 721 1030 792 διείληπται·
1076 717 1370 789 προγόιμου
1413 716 1477 786 δὴ
1508 714 1719 786 δωρεᾶς
1752 713 1820 766 δι’
1850 713 1918 782 ἣν

311 813 409 866 καὶ
468 813 566 883 τὴν
620 814 922 886 μνηστείαν
975 811 1398 884 νενομοθέτηται
1443 806 1692 877 γίνεσθαι
1757 804 1922 875 μέσον

311 903 421 956 τῶν
455 903 766 975 ὁμοζύγων,
799 904 832 976 ἢ
866 903 974 958 τῶν
1022 902 1206 976 μερῶν
1241 900 1422 954 αὐτῶν
1452 899 1512 952 οὐ
1554 896 1926 970 τρακταισθή-

317 1014 494 1060 σεται,
537 999 651 1052 ἀλλ’
691 998 883 1069 ὥσπερ
932 999 980 1051 εἰ
1036 996 1171 1068 μηδέ
1217 994 1426 1066 προέϐη
1467 991 1734 1063 μνηστεία
1781 991 1918 1062 μηδὲ

316 1091 606 1162 προγάμου
658 1088 1114 1162 παρηκολούθησε
1164 1088 1367 1160 δωρεὰ,
1421 1083 1641 1156 βέὅαιος
1677 1085 1706 1136 ὁ
1738 1082 1917 1153 γάμος

317 1181 471 1235 ἔσται
503 1184 598 1238 καὶ
623 1183 1014 1254 ἁδιάρῥηκτος.

2607 619 2828 691 Alioqui
2903 630 2960 676 et
3020 621 3118 692 qui
3177 620 3622 691 intempestivum

2017 711 2226 766 coitum
2295 712 2589 781 peregerit,
2659 723 2715 768 et
2787 721 3059 782 parentes
3117 713 3292 784 ipsius
3359 711 3620 782 legibus,

2020 803 2285 859 adversus
2319 812 2662 874 stupratores
2703 806 2878 878 (latis]
2919 805 3146 860 obnoxii
3209 812 3392 859 erunt.
3451 803 3624 860 Porro

2023 896 2072 952 si
2112 896 2337 966 quando
2401 895 2701 966 imperator
2763 899 3170 970 sponsaliorum
3235 897 3626 967 nuptiarmnve

2031 999 2248 1058 tempus
2285 989 2588 1057 innovavit,
2623 992 2989 1063 coniungendi
3013 1002 3140 1046 ante
3171 989 3500 1060 praefinitum
3524 987 3624 1060 [ei]

2024 1081 2105 1136 rei
2163 1091 2379 1152 tempus
2414 1093 2592 1139 morte
2641 1083 2902 1153 disiuncti
2962 1084 3166 1140 fuerint
3203 1103 3217 1140 :
3255 1086 3626 1158 impediantur

2025 1185 2158 1230 tunc
2205 1175 2372 1230 etiam
2439 1177 2726 1245 prohibita:
2793 1192 3072 1248 personae,
3147 1193 3328 1247 neque
3393 1178 3500 1234 illis
3557 1175 3628 1231 ad

317 1277 629 1332 audendum
673 1293 779 1332 non
813 1275 1063 1332 audenda
1097 1275 1297 1330 bonam
1333 1271 1680 1328 occasionem
1712 1267 2103 1339 suppeditabit,
2168 1271 2316 1340 quod
2377 1273 2655 1340 sponsalia
2707 1273 2980 1344 nuptireve
3053 1283 3179 1327 ante
3227 1281 3442 1343 tempus
3481 1272 3628 1343 quod

319 1375 525 1429 nostris
576 1374 1069 1430 constitutionibus
1105 1371 1308 1443 placuit
1335 1411 1348 1436 ,
1379 1377 1556 1425 morte
1604 1367 1874 1422 dissoluta
1915 1367 2046 1421 sint.
2087 1365 2246 1432 Quod
2299 1368 2446 1422 enim
2503 1367 2742 1438 perfecto
2798 1368 3199 1438 Sponsaliorum
3243 1367 3630 1445 nuptiarumve

325 1472 559 1541 tempori
603 1472 774 1538 deest,
829 1469 928 1543 μό)
979 1470 1244 1540 suppletis
1341 1463 1694 1535 imperatoris
1743 1463 2084 1532 dispensatio
2145 1471 2472 1533 perpetuum
2543 1465 2784 1518 servabit
2839 1463 3628 1533 prohibitisimpedimentum

312 1575 381 1621 ἰιι
439 1563 565 1638 [illi]
635 1564 787 1620 nullo
851 1563 1014 1618 modo
1097 1561 1328 1616 vetitum
1391 1565 1736 1614 contractum
1795 1555 1934 1610 inire
2013 1553 2289 1629 [possint].
2365 1555 2547 1623 Quare
2610 1559 2926 1627 quicunque
2975 1567 3292 1618 contractus
3338 1577 3405 1617 ex
3462 1560 3630 1631 iustis

323 1656 680 1727 sponsalibus
737 1653 1069 1724 perlectisve
1129 1651 1336 1721 nuptiis
1407 1648 1807 1718 impediuntur,
1875 1645 1930 1699 bi
1969 1649 2136 1702 etiam
2161 1648 2232 1704 ab
2289 1648 2400 1704 illis
2482 1663 2605 1718 qua:
2689 1649 2834 1703 intra
2923 1648 3226 1720 legitimum
3281 1661 3498 1724 tempus
3536 1667 3631 1721 per

327 1748 792 1820 dispensationem
839 1745 1146 1802 constituta
1188 1755 1238 1800 et
1289 1742 1617 1799 naturaliter
1662 1738 1934 1796 dissoluta
1977 1742 2518 1807 sunt,arcebuntur.

392 1863 645 1918 ΚΕΦΑΛ.
671 1861 748 1914 Γ¹.
769 1893 841 1903 -
863 1861 1004 1929 Περὶ
1028 1858 1149 1913 τῶν
1169 1855 1574 1915 ὐπονοουσῶν
1593 1856 1923 1912 ἀποθανεῖν

2049 1835 2248 1908 "CAP.
2284 1854 2372 1909 Ill.
2399 1883 2471 1894 —
2501 1853 2579 1908 De
2613 1854 2922 1910 mulieribus
2947 1898 2963 1923 ,
2995 1875 3113 1930 quae
3144 1857 3383 1913 absentes
3409 1858 3630 1912 maritos

324 1954 467 2019 τοὺς
495 1952 720 2021 ἄνδρας
743 1953 966 2015 αὐτῶν,
993 1949 1094 2004 καί
1125 1947 1476 2020 ταμο-υσῶν.

396 2067 624 2122 Συνόδου
657 2073 733 2135 ς’,
767 2065 951 2121 κανὼν
992 2070 1080 2132 ιιγν
1106 2081 1118 2094 ·
1151 2063 1436 2119 Βασιλείου
1467 2063 1650 2120 κανὼν
1679 2064 1782 2128 λα’,
1813 2061 1923 2130 λς’,

327 2159 450 2231 μς’.

395 2253 711 2324 Κείμενον.
773 2251 839 2304 Ἢ
891 2250 1022 2322 περὶ
1073 2249 1361 2322 ρεπουδίου
1402 2247 1768 2321 διαλεγομένη
1822 2242 1925 2320 ριζ⁹

323 2346 517 2418 νεαρὰ,
545 2362 602 2398 κ.
645 2362 694 2396 τ.
729 2344 806 2408 λ.,
839 2357 1016 2413 usque
1041 2343 1108 2397 ad
1141 2341 1269 2396 εἰδὲ
1305 2341 1623 2416 φοιδεράτος
1649 2339 1805 2413 παρὰ
1831 2339 1926 2395 τοῦ

320 2439 606 2500 ὀπτίοντος
631 2435 819 2492 αὑτοῦ.

395 2531 678 2599 Σχόλιον.
720 2527 786 2580 Ἥ
817 2527 949 2598 περὶ
989 2527 1274 2596 διαζυγίου
1313 2525 1404 2598 ριζ
1443 2525 1615 2598 νεαρὰ
1643 2523 1737 2579 τοῦ
1773 2523 1928 2596 βασι-

323 2622 464 2686 λέως
493 2619 874 2676 ’1ουστινιανοῦ
897 2661 912 2688 ,
949 2619 1066 2674 ἔστι
1115 2619 1238 2688 κεφ’
1263 2619 1310 2687 γ’
1355 2617 1450 2673 τοῦ
1484 2617 1528 2683 ζ’
1568 2616 1674 2672 τίτ.
1716 2616 1812 2670 τοῦ
1841 2622 1925 2687 κη’

325 2712 557 2783 βιβλίου,
602 2711 698 2766 καί
751 2729 887 2781 φησι
957 2711 1066 2764 τῶν
1105 2710 1384 2780 γυναικῶν
1423 2709 1533 2764 τῶν
1579 2706 1926 2762 ὑπονοουσῶν

323 2805 644 2875 τελευτῆσαι
695 2803 822 2867 τοὺς
875 2802 1318 2874 ἀποδημοῦντας-ζ
1345 2802 1549 2872 ἄνδρας
1583 2799 1928 2871 στρατιώτας

325 2894 532 2959 αὐτῶν,
574 2895 674 2948 ὅσα
710 2893 1132 2966 συνωψίσθησαν
1165 2896 1246 2958 είς
1282 2894 1342 2948 τὸ
1371 2894 1648 2964 κείμενον.

395 3009 649 3063 ΚΕΦΑΑ.
675 3007 750 3062 Δ’.
787 3039 858 3052 -
885 3008 1029 3077 Περὶ
1066 3007 1187 3062 τῶν
1209 3005 1746 3078 διαζευγνυμένων.

408 3103 751 3157 Ἀποστόλων
788 3102 969 3157 κανὼν
1002 3099 1044 3156 ε’
1083 3102 1304 3156 συνόδου
1341 3102 1597 3175 Γάγγροις
1631 3101 1814 3158 κανὼν
1840 3103 1880 3156 δ’
1911 3121 1925 3132 ·

2031 1960 2156 1998 suos
2189 1945 2383 1999 abiisse
2429 1946 2762 2016 suspicantes
2800 1947 3024 2002 nubunt.

2101 2057 2330 2114 Concilii
2365 2061 2503 2115 sexti
2547 2075 2722 2118 canon
2746 2061 2838 2128 95;
2897 2061 3085 2120 Basilii
3143 2077 3320 2118 canon
3378 2061 3469 2129 5|,
3539 2061 3632 2128 '56,

2029 2151 2120 2205 46.

2105 2243 2322 2299 Texlus.
2349 2243 2482 2312 Qua:
2509 2247 2577 2300 de
2603 2247 2848 2318 repudiis
2877 2248 3098 2304 disserit
3125 2248 3479 2313 novellail'l,
3502 2257 3632 2317 etc.,

2031 2353 2196 2408 usque
2230 2339 2300 2391 ad
2329 2339 2398 2395 ab
2423 2338 2599 2409 ipsius
2634 2341 2879 2411 optione,
2907 2352 2964 2396 ut
2998 2359 3120 2413 pag.
3154 2343 3280 2399 903.

2101 2519 2395 2578 Scholium.
2425 2521 2498 2576 De
2529 2523 2772 2590 repudiis
2827 2523 2931 2578 H7
2957 2525 3304 2595 imperatoris
3329 2523 3632 2584 Iustiniani

2031 2615 2266 2680 novella,
2302 2625 2386 2671 est
2415 2630 2538 2684 cap.
2571 2618 2626 2680 5,
2657 2618 2742 2673 tit.
2775 2617 2827 2682 7,
2871 2619 2966 2672 lib.
3005 2633 3178 2672 xxvut
3215 2617 3380 2673 Basil.
3415 2630 3472 2674 et
3499 2619 3638 2676 dicit

2032 2706 2100 2761 de
2136 2707 2464 2764 mulieribus
2493 2709 2724 2765 maritos
2755 2725 2888 2766 suos
2912 2712 3114 2766 milites
3147 2712 3406 2769 absentes
3429 2714 3638 2769 obiisse

2032 2801 2464 2869 suspicantibus,
2513 2819 2857 2874 quaecunque
2905 2804 2959 2858 in
3015 2813 3166 2860 textu
3245 2806 3637 2878 compendiose

2037 2893 2323 2963 proposita
2367 2906 2518 2950 sunt.

2107 3005 2264 3063 CAP.
2299 2991 2396 3063 01V.
2421 3037 2494 3050 -
2525 3008 2602 3064 De
2651 3010 2722 3065 iis
2755 3011 2848 3081 qui
2893 3009 3184 3065 divortium
3228 3011 3456 3082 faciunt.

2105 3099 2492 3168 Apostolorum
2585 3117 2762 3157 canon
2824 3103 2906 3170 5;
2995 3104 3216 3158 concilii
3303 3103 3638 3175 Gangrensis

325 3197 548 3252 συνόδου
575 3196 968 3269 Καρθαγέννης
991 3195 1171 3250 κανὼν
1196 3194 1278 3269 ρβ¹
1298 3213 1312 3226 ⁸
1346 3196 1570 3251 συνόδου
1618 3194 1671 3260 ς’
1690 3237 1705 3262 ,
1737 3195 1920 3252 κανὼν

2035 3207 2207 3250 canon
2233 3195 2298 3249 Μ
2319 3212 2334 3262 ;
2356 3196 2551 3252 concili
2579 3195 3230 3268 Cartliaginensiskanon
3269 3196 3411 3263 106;
3440 3213 3532 3254 cor
3547 3198 3640 3254 cili

325 3287 414 3354 ’κζ’
435 3307 447 3320 '
479 3289 762 3342 Βασιλείου
795 3287 976 3342 κανὼν
995 3286 1062 3354 θ’,
1095 3286 1193 3354 λε’,
1233 3287 1344 3361 μη’,
1379 3287 1479 3352 οζ’.

397 3381 710 3449 Κείμενον.
763 3377 902 3449 Περὶ
957 3377 1288 3445 διαζεύξεως
1330 3377 1514 3450 γάμου
1581 3379 1640 3432 ἐν
1707 3378 1925 3444 πολλοῖς

322 3473 536 3538 τόποις,
567 3489 620 3526 κ.
646 3489 698 3525 τ.
729 3471 804 3539 λ.,
837 3485 1014 3542 usque
1041 3471 1106 3526 ad
1138 3472 1398 3540 γυναικὸς
1416 3472 1708 3545 ὁρισθεῖσι.

398 3586 677 3656 Σχὸλιον.
718 3585 780 3639 '0
811 3583 857 3656 β’
887 3585 995 3639 τίτ.
1026 3583 1121 3639 τοῦ
1153 3591 1232 3639 κε’
1259 3585 1466 3656 βιϐλίου
1497 3585 1605 3640 τῶν
1639 3587 1782 3642 διατ.
1809 3589 1925 3642 κεῖ-

323 3695 416 3734 ται
440 3681 520 3742 εἰς
552 3681 644 3731 τὸν
677 3676 767 3743 ια’,
793 3678 902 3733 τίτ.
936 3678 1033 3732 τοῦ
1062 3677 1147 3750 κη’
1175 3679 1385 3750 βιϐλίου
1440 3678 1550 3732 τῶν
1585 3680 1921 3744 Βασιλικῶν,

323 3773 420 3826 καδι
454 3773 481 3825 ὁ
514 3768 579 3836 ιζ’
603 3769 710 3824 τίτ.
757 3771 852 3824 τοῦ
894 3769 935 3824 ε’
977 3770 1186 3841 βιϐλίου
1233 3771 1331 3826 τοῦ
1368 3772 1601 3837 κώδικος
1631 3773 1794 3845 ἐτέθη
1846 3776 1926 3838 είς

324 3881 455 3934 κεφ.
501 3862 530 3916 ι’
563 3861 657 3916 τοῦ
694 3861 738 3928 ζ’
772 3865 878 3918 τίτ.
910 3863 1006 3918 τοῦ
1057 3863 1144 3936 κη’
1173 3864 1382 3936 βιϐλίου
1437 3867 1548 3919 τῶν
1587 3865 1923 3934 Βασιλικῶν,

331 3959 430 4013 καὶ
473 3959 506 4029 ἡ
541 3958 644 4030 ριξ¹
685 3957 1118 4022 ἰουστινιάνειος
1156 3959 1329 4029 νεαρὰ
1375 3959 1539 4030 ἐτέθη
1596 3959 1674 4025 ὡς
1722 3960 1926 4017 πολλά-

327 4067 415 4114 κις
431 4049 654 4121 εἴπομεν
679 4051 759 4113 εἰς
774 4049 980 4121 βιϐλίον
1008 4047 1092 4121 κη’
1115 4050 1220 4105 τίτ.
1245 4047 1290 4114 ζ’
1310 4067 1438 4119 κεφ.
1457 4049 1505 4104 α’
1527 4049 1703 4115 οὕτως
1724 4051 1926 4123 ἔχουσα

328 4143 388 4194 ἐν
411 4141 567 4214 μέρει
594 4142 670 4206 ὡς
698 4142 1011 4213 συνωψίσθη
1050 4129 1234 4204 alca?)
1263 4141 1542 4214 κείμενον.
1601 4142 1668 4196 Ἦ
1698 4143 1755 4196 δὲ
1792 4145 1925 4216 περὶ

327 4233 524 4305 γάμων
557 4233 642 4288 κα⁹
676 4235 847 4307 νεαρὰ
897 4234 1057 4306 ἐτέθη
1087 4237 1166 4300 είς
1203 4235 1410 4307 βιϐλίον
1443 4233 1529 4306 κη’
1567 4236 1672 4292 τίτ.
1726 4235 1786 4290 ιδ’
1830 4237 1928 4291 καὶ

329 4327 436 4380 τίτ.
466 4325 506 4379 δ’
532 4327 592 4381 τὸ
627 4329 726 4396 τῆς
771 4327 887 4401 ρκζ¹
923 4329 1126 4399 νεαρᾶς
1165 4346 1291 4397 κεφ.
1337 4329 1400 4383 τὸ
1450 4331 1581 4402 περὶ
1634 4329 1923 4401 ρεπουδίου

327 4420 714 4492 διαλεγόμενον
743 4421 844 4474 οὐκ
867 4421 1025 4493 ἐτέθη
1051 4423 1131 4486 εἰς
1163 4421 1230 4476 τὰ
1255 4420 1545 4489 Βασιλικὰ,
1577 4421 1695 4475 ἀλλ’
1729 4420 1924 4492 ἐδέχθη

331 4511 534 4584 μᾶλλον
559 4513 620 4566 τὸ
650 4517 718 4582 ιγ’
753 4529 879 4584 κεφ.
914 4513 1011 4583 τῆς
1045 4511 1154 4583 ρλδ⁹
1195 4515 1396 4584 νεαρᾶς
1425 4514 1522 4568 καὶ
1568 4512 1686 4566 ἔστι
1732 4530 1860 4583 κεφ.
1883 4510 1926 4566 δ’

329 4607 424 4662 τοῦ
452 4607 496 4671 ζ’
527 4607 634 4661 τίτ.
670 4605 764 4660 τοῦ
793 4612 879 4678 κη’
919 4605 1151 4677 βιϐλίου,
1184 4607 1278 4660 καὶ
1307 4605 1458 4676 λέγει
1502 4605 1624 4670 ἴσας
1657 4603 1800 4662 εἶναι
1829 4607 1930 4672 τὰς

327 4702 522 4768 ποινὰς
554 4701 662 4756 τῶν
697 4701 910 4772 ἀλόγων
947 4701 1270 4773 ρεπουδίων,
1325 4701 1424 4755 καὶ
1467 4701 1556 4754 ἐπ’
1585 4701 1928 4773 ἀμφοτέροις

325 4799 442 4860 τοῖς
476 4795 689 4867 μέρεσι.

401 4889 710 4960 Κείμενον.
755 4887 1032 4959 Ἀζημίως
1056 4887 1112 4940 δέ
1141 4886 1350 4954 λύεται,
1384 4905 1442 4943 κ.
1467 4903 1518 4943 τ.
1543 4885 1622 4952 λ.,
1658 4901 1834 4958 usque
1863 4887 1930 4942 ad

327 4981 622 5052 πενταετίᾳ
653 4981 836 5050 μείνη,
874 4981 921 5033 εἰ
949 4979 1039 5051 ζῇ.

405 5075 682 5144 Σχόλιον.
718 5074 792 5127 Τὸ
815 5071 856 5126 δ’
891 5091 1016 5142 κεφ.
1054 5073 1156 5144 τῆς
1188 5071 1274 5143 κβ⁹
1327 5073 1770 5128 Ἰουστινιανείου
1806 5092 1932 5127 νεα-

331 5169 436 5241 ρᾶς
487 5170 544 5222 ἐν
575 5167 654 5239 τῷ
707 5166 750 5231 ζ’
795 5167 902 5224 τίτ.
937 5165 1150 5239 τοῦίκτί
1210 5166 1417 5239 βιϐλίου
1443 5167 1722 5240 εκείμενόν
1758 5183 1929 5240 φησι·

331 5262 464 5324 Ταῖς
496 5259 554 5314 δὲ
618 5261 945 5331 εἰρημέναις
987 5259 1191 5324 αἰτίαις
1247 5259 1564 5330 συνείδομεν
1613 5261 1710 5314 καὶ
1759 5260 1936 5314 ταῦτα

329 5353 602 5424 ὀνομαστὶ
632 5351 954 5424 προσθεῖναι
989 5354 1048 5420 ἐξ
1077 5347 1153 5408 ὧν
1181 5355 1310 5417 τοὺς
1339 5354 1556 5425 γάμους
1585 5352 1770 5421 ἔξεστι
1805 5353 1932 5425 δίχα

327 5445 530 5515 ποινῆς
559 5445 820 5500 διαλύειν.
855 5446 965 5500 Καὶ
989 5445 1192 5501 αὐτίκα
1218 5447 1476 5519 ἐπιφέρει
1499 5447 1593 5501 καὶ
1626 5447 1724 5511 τὰς
1755 5447 1937 5512 αἰτίας

329 5537 431 5609 τὴν
459 5539 558 5609 τῆς
588 5537 880 5609 ἀσκήσεως
903 5537 1130 5608 δηλαδὴ,
1165 5537 1265 5606 τὴν
1295 5537 1390 5591 ἐπὶ
1439 5537 1658 5610 τριετίᾳ
1690 5537 1938 5593 ἁσύναπ-

329 5645 424 5681 τον
453 5627 879 5700 ὀμοςωίαν,ίκαὶ
909 5627 1008 5700 τὴν
1054 5629 1152 5699 τῆς
1197 5628 1600 5698 αἰχμαλωσίας.
1643 5628 1794 5701 Πλὴν
1826 5629 1936 5683 ἀπὸ

335 5723 438 5792 μὲν
465 5723 570 5776 τῶν
595 5721 690 5776 δύο
719 5721 908 5803 αἰτιῷν
939 5721 1114 5794 χωρὶς
1145 5723 1337 5793 ποινῆς
1364 5721 1457 5776 καὶ
1486 5721 1688 5787 δόσεως
1717 5723 1936 5794 οἱασδή-

331 5815 478 5878 τινός
498 5833 631 5888 φησι
663 5814 889 5869 λύεσθαι
911 5814 974 5867 τὸ
1002 5813 1362 5868 συνοικέσιον.
1405 5813 1537 5868 Ἀπὸ
1563 5813 1620 5868 δὲ
1649 5813 1746 5868 τοῦ
1773 5815 1939 5886 μονόι-

333 5926 424 5962 σπι
459 5906 690 5977 θάτερον
741 5905 850 5962 τῶν
881 5905 1173 5978 ὀμοζύγων
1229 5905 1368 5978 φησι
1403 5907 1598 5978 ταῦτα,
1631 5908 1938 5979 τηνικαῦτα

2043 3289 2188 3345 sexti
2225 3305 2404 3346 canon
2435 3290 2502 3345 87
2524 3290 2766 3358 ;,Basilii
2796 3307 2975 3348 canon
2999 3291 3055 3357 9,
3089 3292 3182 3360 55,
3205 3291 3297 3357 48,
3333 3293 3420 3346 77.

2117 3381 2334 3438 Textus.
2365 3383 2441 3439 De
2459 3385 2827 3455 disiunctione
2858 3386 3362 3453 matrimoniorum,
3383 3394 3516 3455 etc.,
3553 3403 3641 3442 us-

2040 3494 2139 3550 que
2174 3479 2244 3533 ad
2271 3481 2572 3550 ignoretur,
2597 3487 2654 3532 ut
2685 3496 2816 3550 pag.
2853 3477 2984 3534 907.

2113 3593 2414 3649 Scholium.
2451 3593 2558 3649 'I‘it.
2587 3593 2643 3662 2,
2669 3594 2764 3649 lib.
2793 3609 2901 3648 xxv
2941 3592 3060 3666 Dig.
3094 3601 3178 3648 est
3207 3593 3263 3648 in
3303 3593 3388 3649 tit.
3442 3594 3502 3649 Η
3541 3595 3640 3649 lib.

2043 3687 2212 3744 Basil.
2245 3705 2440 3744 xxvtn.
2478 3687 2586 3743 Tit.
2620 3703 2748 3742 vero
2775 3687 2862 3751 l7,
2903 3687 2997 3742 lib.
3049 3704 3104 3754 v,
3129 3687 3254 3742 cod.
3309 3689 3526 3758 positus
3554 3695 3642 3744 est

2040 3780 2096 3834 in
2129 3795 2249 3850 cap.
2272 3779 2358 3846 10,
2386 3781 2474 3836 tit.
2504 3780 2554 3846 7,
2587 3781 2682 3835 lib.
2711 3796 2904 3836 xxvuL
2931 3779 3100 3835 Basil.
3129 3778 3432 3836 Justiniani
3456 3789 3643 3836 autem

2041 3874 2255 3927 novella
2287 3873 2414 3938 H7,
2446 3875 2626 3943 posita
2659 3881 2744 3929 est
2795 3873 2876 3944 (ut
2910 3874 3112 3943 saepius
3154 3872 3422 3944 diximus)
3459 3873 3514 3928 in
3541 3873 3639 3929 lib.

2040 3981 2237 4029 xxvnt,
2272 3965 2359 4019 tit.
2388 3966 2438 4030 7,
2467 3981 2589 4036 cap.
2641 3983 2681 4032 ι,
2715 3982 2838 4036 quae
2884 3965 2963 4020 sic
2993 3979 3091 4034 pro
3143 3973 3304 4036 parte
3356 3965 3540 4030 habet,
3581 3973 3644 4020 ιιι

2041 4057 2098 4112 in
2147 4066 2300 4113 textu
2334 4058 2730 4127 compendiose
2781 4059 3126 4128 propositum
3157 4067 3264 4112 est.
3314 4056 3388 4112 De
3421 4058 3634 4127 nuptiis

2041 4150 2255 4214 novella
2271 4149 2365 4212 22,
2387 4151 2563 4222 posita
2593 4159 2677 4205 est
2703 4151 2754 4203 in
2786 4150 2880 4205 lib.
2909 4165 3102 4216 xxvnl,
3133 4148 3212 4203 lit.
3234 4147 3268 4201 4
3293 4155 3350 4202 et
3373 4148 3460 4202 Η.
3484 4147 3642 4214 Quod

2046 4243 2224 4316 [vero]
2245 4245 2474 4299 novellae
2509 4244 2634 4308 127,
2659 4252 2824 4313 caput
2863 4243 2930 4298 de
2958 4243 3204 4313 repudiis
3244 4241 3490 4304 disserit,
3529 4255 3640 4296 non

2043 4347 2128 4393 est
2151 4338 2389 4408 positum
2417 4337 2470 4391 in
2497 4336 2688 4403 Basil.,
2709 4336 2804 4392 sed
2835 4335 3010 4406 magis
3033 4333 3394 4405 approbatum
3422 4342 3640 4403 estcap.

2044 4427 2114 4485 15
2149 4430 2374 4485 novellae
2391 4429 2495 4486 1⁵54
2516 4448 2530 4484 :
2554 4429 2702 4501 quod
2725 4444 2849 4498 cap.
2879 4428 2935 4489 4.
2961 4428 3044 4482 tit.
3066 4426 3118 4492 7,
3141 4427 3238 4482 lib.
3263 4440 3430 4482 xvvm
3452 4435 3555 4490 est,
3576 4441 3642 4480 ac

2044 4523 2463 4579 temerariorum
2501 4523 2854 4594 repudiorum
2875 4522 2930 4576 in
2955 4529 3186 4592 utraque
3214 4527 3370 4592 parte
3397 4519 3639 4591 mqualcs

2036 4633 2157 4675 esse
2185 4631 2377 4689 pinnas
2403 4617 2556 4674 dicit.

2113 4895 2332 4952 Τρωίας.
2367 4896 2595 4968 Impune
2639 4905 2823 4952 autem
2872 4897 3128 4962 solvitur,
3162 4904 3294 4963 etc.,
3341 4911 3504 4966 usque
3545 4897 3638 4964 ad,

2037 4989 2284 5060 quinque
2310 5005 2488 5046 annos
2513 5000 2756 5054 maneat,
2789 4991 2833 5047 si
2862 4991 3034 5046 vivat.
3070 4999 3130 5044 ut
3157 5006 3281 5061 pag.
3322 4987 3452 5044 910.

2111 5081 2405 5139 Scholium.
2467 5082 2707 5138 Novella:
2765 5081 3066 5138 Iustiniani
3133 5081 3245 5148 22,
3297 5081 3332 5136 4
3383 5096 3505 5151 cap.
3585 5081 3642 5136 in

2039 5173 2124 5228 tit.
2163 5175 2214 5240 7,
2261 5173 2358 5229 lib.
2411 5191 2608 5241 xxvnt,
2645 5177 2909 5245 positum,
2953 5174 3030 5230 ait
3083 5193 3097 5229 ς
3141 5173 3428 5231 Ρτωόίοιίε
3457 5173 3643 5230 causis

2039 5268 2220 5323 visum
2255 5267 2414 5323 nobis
2463 5278 2551 5324 est
2598 5267 2927 5324 nominatim
2952 5276 3008 5323 et
3037 5268 3203 5324 hasce
3247 5281 3544 5339 apponere,
3573 5281 3642 5322 ex

2041 5361 2242 5432 quibus
2260 5361 2614 5417 matrimonia
2637 5361 2940 5418 dissolvere
2967 5362 3052 5416 vel
3077 5362 3212 5418 citra
3238 5375 3458 5433 poenam
3480 5359 3632 5414 licet:

2041 5463 2208 5524 atque
2239 5454 2504 5511 continuo
2528 5469 2727 5510 causas
2749 5455 2912 5510 etiam
2945 5454 3188 5520 adducit,
3214 5454 3340 5509 vita:
3369 5451 3638 5507 monasti-
3731 5506 3738 5524 η

2041 5557 2120 5599 cae
2143 5542 2456 5618 nempe,[et
2481 5545 2526 5599 si
2551 5543 2671 5618 qui]
2706 5546 2851 5601 intra
2885 5547 3184 5601 triennium
3215 5543 3504 5614 coniugem
3529 5555 3642 5598 non

2049 5637 2303 5704 attingat,
2322 5646 2378 5693 et
2395 5639 2732 5710 captivitatis
2755 5637 3004 5712 [causam
3035 5635 3320 5710 denique.]
3345 5634 3643 5691 Verumta-

2047 5745 2174 5786 men
2209 5745 2274 5786 ex
2305 5731 2519 5787 duabus
2551 5733 2736 5790 causis
2772 5733 2912 5788 citra
2945 5747 3164 5804 paruam
3196 5739 3362 5802 atque
3389 5729 3642 5800 qualem-

2051 5836 2274 5893 cunque
2316 5821 2600 5880 dationem
2661 5825 2978 5897 coniugium
3041 5823 3202 5888 solvi,
3231 5825 3356 5880 ait:
3404 5819 3642 5889 Quando

1985 5983 2000 5994 '
2043 5925 2181 5970 vero
2205 5913 2342 5971 alter
2389 5914 2690 5988 coniugum
2722 5915 2896 5973 vitam
2952 5915 3320 5975 monasticam
3382 5913 3638 5985 suscipit,
