4142 6426
552 359 684 428 1191
1780 362 2049 427 PHOTII
2088 363 2154 427 Pl

2261 362 2602 428 {IARCHIE
2634 364 2745 430 (ΞΡ.
3746 363 3904 434 1192

552 486 672 542 haec
715 485 894 544 dicit:
927 486 1064 543 Nam
1119 485 1228 544 hoc
1275 501 1410 545 casu
1441 485 1726 558 iubemus,
1775 494 1838 542 ut
1886 495 2000 540 tam
2043 485 2154 540 viro

2265 485 2375 557 γὰρ
2400 484 2700 556 κελεύομεν
2733 485 3056 559 παρρησίαν
3081 480 3224 543 εἶναι
3271 489 3372 544 καὶ
3425 489 3592 562 ἀνδρὶ
3626 492 3728 545 καὶ
3774 508 3892 559 70-

550 595 719 651 quam
748 580 988 644 mulieri,
1013 581 1079 636 ad
1111 582 1340 637 meliora
1368 580 1656 652 migranti,
1687 579 1938 635 solvendi
1961 577 2154 634 matri-

2273 579 2424 634 vatxl.
2471 577 2612 650 πρὸς
2651 577 2724 632 τὰ
2785 578 2992 632 καλλίω
3023 579 3471 651 ’μεθισταμένοις
3523 581 3777 636 διαλύειν
3819 582 3892 636 τὸ

553 676 728 730 monii
764 676 934 731 simul
968 685 1024 732 et
1048 676 1361 731 divertendi
1421 683 1670 746 potestas
1699 674 1809 730 sit:
1842 672 2023 747 [prius
2071 683 2159 728 ta-

553 768 707 842 men]
737 770 884 824 brevi
935 770 1124 840 aliquo
1163 768 1396 824 desertae
1420 769 1564 840 parti
1625 767 1828 824 solatio
1871 768 2156 824 derelicto.

553 861 834 933 Quidquid
882 861 1029 918 enim
1079 862 1478 918 contrahentes
1510 863 1656 933 pacti
1720 869 1872 928 sunt,
1911 868 1974 916 ut
2038 869 2162 932 post

553 963 792 1010 mortem
823 953 1048 1011 alterius
1078 953 1233 1009 lucro
1251 955 1492 1021 cederet,
1517 954 1568 1009 id
1590 954 1660 1010 ab
1703 955 1882 1009 altera
1907 953 2161 1009 obtinere

552 1047 716 1103 debet
744 1063 871 1118 pars
901 1047 1140 1113 deserta,
1190 1049 1306 1103 sive
1331 1049 1415 1102 vir
1469 1048 1587 1104 sive
1616 1048 1816 1103 mulier
1870 1050 2106 1103 exsiStat
2141 1067 2153 1102 :

557 1149 850 1211 propterea
881 1143 1026 1211 quod
1055 1149 1108 1196 et
1131 1140 1236 1196 iste
1256 1140 1544 1213 (quantum
1571 1142 1636 1196 ad
1667 1141 1983 1212 conjttgem)
2016 1142 2154 1195 mori

553 1237 830 1302 videatur,
851 1252 979 1291 cum
1014 1236 1250 1291 alterum
1277 1236 1401 1291 vita:
1433 1236 1537 1291 iter
1560 1251 1661 1307 pro
1691 1237 1868 1291 altero
1898 1237 2158 1307 capessit.

553 1328 662 1384 Sed
703 1338 758 1385 et
810 1329 1022 1384 novella
1074 1327 1374 1385 Justiniani
1409 1329 1534 1396 1‘23,
1568 1331 1682 1384 sive
1718 1329 1752 1384 8
1799 1345 1947 1400 cap.,
1985 1331 2009 1384 1
2074 1329 2172 1384 Iit.-

549 1423 648 1478 lib.
679 1422 841 1478 Basil.
881 1438 935 1476 tv
979 1422 1158 1494 jubet,
1219 1432 1275 1478 ut
1323 1431 1446 1477 uter
1478 1422 1775 1494 conjugum
1844 1424 1897 1477 in
1950 1425 2159 1477 mundo

550 1518 782 1573 relictus
809 1526 916 1580 est.
952 1532 982 1572 a
1017 1526 1171 1587 parte
1201 1533 1326 1587 quae
1355 1527 1517 1572 tonsa
1547 1518 1848 1588 estcapiat,
1881 1517 2156 1589 quidquid

546 1626 618 1666 ex
655 1617 832 1666 morte
869 1609 991 1681 eius
1013 1609 1229 1665 ratione
1261 1611 1406 1680 pacti
1456 1611 1762 1684 [coniventi]
1789 1613 1892 1682 ipsi
1934 1629 2161 1684 compe-

547 1706 784 1760 titurum
820 1704 1042 1760 fuisset.
1077 1703 1237 1771 Quod
1267 1707 1490 1776 quidem
1543 1708 1760 1763 novella
1807 1707 1899 1774 22,
1929 1710 2160 1764 omnino

548 1797 621 1854 ad
643 1798 884 1854 dandam
912 1814 976 1853 ex
1008 1798 1132 1854 aliis
1186 1800 1372 1854 causis
1410 1814 1628 1870 poenam
1666 1801 1994 1870 respiciens,
2031 1817 2158 1871 par-

547 1907 681 1946 vum
721 1892 888 1946 etiam
918 1892 1178 1949 solatium
1205 1893 1533 1950 nominavit.
1571 1891 1856 1964 Siquidem
1895 1896 2041 1965 quod
2077 1912 2146 1951 ex

550 1990 710 2052 pacto
730 1981 938 2055 [datur]
973 1997 1133 2052 poena
1163 2000 1269 2038 non
1302 1993 1608 2054 reputatur.
1659 1987 1839 2055 Atque
1878 1989 1994 2042 ha-c
2025 1989 2150 2057 qui-

549 2077 672 2132 dem
705 2077 770 2130 ad
800 2076 946 2131 hunc
983 2075 1090 2148 [se]
1135 2077 1359 2130 modum
1424 2078 1645 2134 habent.
1681 2078 1883 2145 Quaero
1941 2090 2148 2150 autem,

550 2184 676 2224 cum
707 2167 923 2223 novella
972 2168 1322 2238 imperatoris
1356 2169 1544 2223 domui
1597 2169 1796 2226 Leonis
1825 2172 2147 2243 Phil050phi

551 2262 680 2326 117,
716 2262 786 2316 ob
817 2270 1102 2317 tonsuram
1131 2263 1313 2316 mariti
1337 2263 1494 2317 uxori
1529 2264 1888 2320 donationem
1926 2277 2151 2337 propter

553 2354 774 2424 nuptias
808 2370 915 2408 non
961 2354 1079 2408 dari
1113 2354 1264 2408 dicat
1310 2374 1322 2407 :
1358 2369 1424 2409 ac
1465 2354 1641 2427 [Vero]
1674 2358 1887 2412 novella
1917 2358 2149 2430 impera-

552 2446 690 2500 toris
721 2444 1018 2499 Justiniani
1046 2445 1137 2509 2‘2,
1172 2461 1296 2516 quae
1333 2447 1593 2516 superius
1629 2449 1836 2519 scripta
1869 2460 1996 2505 sum
2034 2459 2152 2506 sta-

550 2546 692 2600 tuat,
717 2546 1066 2608 repeteturne
1089 2552 1118 2592 a
1153 2539 1388 2594 muliere
1417 2539 1701 2612 quidpiam
1729 2541 1951 2595 nomine
1979 2542 2152 2596 dona-

550 2630 720 2686 tionis
751 2643 981 2700 propter
1014 2631 1246 2700 nuptias
1283 2646 1314 2686 a
1352 2631 1552 2686 marito
1607 2642 1768 2687 tonso
1821 2632 2035 2708 [data]
2079 2651 2146 2688 an

552 2722 704 2777 non?
727 2719 1016 2788 Quondam
1041 2725 1169 2780 {non
1199 2738 1265 2777 ex
1293 2725 1486 2794 'pacto,
1534 2724 1630 2779 sed
1671 2740 1738 2779 ex
1766 2726 1886 2797 lege
1922 2727 2150 2784 donatio

549 2826 777 2888 propter
807 2815 1028 2886 nuptias
1049 2815 1308 2870 dabatur.
1338 2814 1396 2870 Si
1433 2817 1567 2887 quid
1597 2818 1744 2872 enim
1780 2818 1980 2874 mulier
2005 2818 2150 2875 dotis

549 2908 776 2965 nomine
796 2909 983 2971 dabat,
1012 2908 1354 2964 tantumdem
1386 2909 1440 2963 in
1492 2925 1820 2966 communes
1857 2910 2149 2967 facultates

552 3002 788 3056 maritus
817 3001 1060 3072 objicere
1095 3002 1447 3072 cogebatur:
1481 3003 1628 3059 unde
1673 3004 1840 3059 etiam
1886 3005 2152 3060 ὑπὸϐολον

548 3094 572 3168 [
611 3095 687 3168 (id
718 3105 822 3162 est,
845 3095 1102 3165 objectio,
1135 3097 1431 3167 oppositio,
1461 3098 1792 3168 suppositio,
1817 3107 1873 3154 et
1892 3107 2150 3170 tanquam

2268 670 2633 737 συνοικέσιον,
2677 670 2773 724 καὶ
2819 671 3130 743 ἀναχωρεῖν
3194 673 3337 743 μετά
3392 690 3540 740 τινος
3597 675 3884 747 βραχείας

2266 763 2741 836 ὑπολελειμμένης
2795 764 2876 833 τῷ
2940 765 3462 838 καταλελειμμένων
3508 769 3883 840 παραμυθίας

2266 859 2449 930 Ὅπερ
2477 858 2588 931 γάρ
2639 859 2708 913 ἂν
2768 861 3193 932 συμφωνήσαιεν
3235 861 3286 915 οι
3323 862 3726 933 συμϐάλλοντες
3758 864 3880 918 ἀπὸ

2262 951 2522 1021 τελευτῆς
2550 950 2798 1020 γίνεσθαι
2818 952 3030 1023 κέρδος,
3061 953 3222 1007 τοῦτο
3244 953 3392 1023 ἔχειν
3417 955 3501 1009 δεῖ
3518 955 3611 1009 τὸν
3632 957 3881 1012 καταλε-

2264 1043 2567 1113 λειμμένον
2595 1044 2748 1114 παρά
2779 1043 3010 1116 θατέρου
3047 1045 3158 1099 εἴτε
3175 1047 3336 1117 ἀνὴρ,
3393 1047 3503 1100 εἴτε
3531 1049 3670 1122 γυνὴ
3699 1049 3874 1104 καθε-

2266 1139 2482 1207 στήκει.
2503 1139 2647 1192 Διότι
2664 1140 2758 1193 καὶ
2778 1132 2933 1203 οὗτος
2953 1140 3013 1192 τό
3030 1157 3093 1208 γε
3112 1139 3206 1193 ἐπὶ
3221 1140 3309 1212 τῷ,
3319 1143 3699 1213 συνοικήσαντι
3715 1142 3876 1197 δοκεῖ

2259 1232 2540 1303 τελευτᾷν,
2573 1232 2769 1303 ἑτέραν
2798 1231 2915 1285 ἀνθ’
2943 1233 3139 1302 ἑτέρας
3166 1232 3283 1302 βίου
3312 1234 3541 1303 πορείαν
3571 1235 3868 1306 ἑλόμενος.

2275 1324 2439 1378 Ἀλλά
2470 1326 2565 1378 καὶ
2597 1322 2720 1396 ρκγ⁹
2757 1325 3190 1388 ’1ουστινιάνειος
3219 1326 3389 1398 νεαρά
3418 1327 3537 1398 ἦτοι
3557 1327 3619 1380 τὸ
3648 1335 3704 1398 η’
3726 1345 3868 1398 κεφ.

2261 1417 2356 1471 τοῦ
2374 1425 2419 1470 α’
2441 1417 2548 1473 τίτ,
2576 1418 2670 1472 τοῦ
2701 1413 2745 1471 δ’
2775 1417 2982 1488 βιϐλίου
3003 1420 3112 1472 τῶν
3146 1418 3455 1472 Βασιλικῶν
3483 1420 3868 1492 παρακελεύε-

2263 1530 2352 1566 ται
2372 1512 2464 1564 τὸν
2489 1512 2647 1583 ἐνιτῷ
2674 1511 2868 1582 κόσμῳ
2894 1512 3318 1582 περιλειφθέντα
3342 1513 3407 1567 ὲκ
3433 1512 3542 1566 τῶν
3569 1513 3868 1585 ὁμοζύγων

2262 1605 2560 1676 λαμϐάνειν
2593 1605 2701 1658 ἀπὸ
2734 1604 2828 1659 τοῦ
2860 1606 3062 1676 μέρους
3087 1607 3180 1658 τοῦ
3212 1605 3606 1676 ἁποκαρέντος,
3630 1605 3684 1658 εἴ
3709 1623 3762 1658 τι
3795 1608 3867 1660 ἐκ

2261 1697 2361 1766 τῆς
2379 1697 2748 1767 προτελευτῆς
2781 1695 2972 1750 τούτου
3004 1695 3110 1748 ἀπὸ
3138 1694 3431 1766 συμφώνου
3465 1693 3657 1765 ἔμελλε
3682 1710 3863 1764 προσ-

2264 1789 2508 1861 αρμόσαι
2533 1789 2684 1859 αὐτῷ
2712 1805 2725 1819 ο
2763 1791 2902 1858 ὅπερ
2933 1787 3028 1841 καὶ
3055 1786 3316 1858 βραχείαν
3343 1784 3698 1857 παραμυθίαν
3720 1784 3855 1838 ἐκά-

2194 1867 2232 1922 ”
2263 1883 2442 1939 λεσεν.
2491 1882 2552 1934 '11
2579 1882 2664 1952 κβ¹
2689 1882 2861 1952 νεαρά
2895 1881 3112 1942 πάντως
3145 1880 3281 1951 πρὸς
3311 1879 3409 1950 τὴν
3429 1881 3495 1933 ὲκ
3528 1877 3636 1932 τῶν
3655 1877 3865 1949 ἐτέρων

2263 1974 2456 2029 αἰτιῶν
2490 1973 2775 2045 διδομένην
2815 1973 3008 2042 ποινὴν
3051 1971 3430 2041 ἀποϐλέψασα.
3467 1969 3541 2022 Τὸ
3585 1967 3704 2039 γὰρ
3749 1968 3864 2022 ἀπὸ

2269 2069 2567 2140 συμφώνου
2586 2068 2709 2121 οὐδὲ
2740 2068 2898 2138 ποινὴ
2928 2067 3165 2136 λέγεται.
3187 2067 3295 2118 Καὶ
3309 2064 3486 2118 ταῦτα
3517 2063 3616 2135 μὲν
3646 2062 3864 2134 ἔχουσιν

2264 2157 2430 2212 οὕτω.
2476 2158 2698 2229 Ἐρωτῶ
2729 2157 2786 2210 δὲ
2815 2158 2913 2226 τῆς
2945 2155 3008 2222 ιζ’
3034 2157 3236 2226 νεαρᾶς
3252 2155 3346 2208 τοῦ
3380 2153 3647 2225 βασιλέως
3667 2151 3861 2221 κυρίου

2266 2253 2500 2316 Λέοντος
2531 2251 2627 2305 τοῦ
2662 2252 2959 2320 φιλοσόφου
2991 2250 3258 2321 λεγούσης
3288 2249 3345 2315 ἐξ
3378 2247 3743 2318 ἀποκάρσεως
3763 2244 3860 2298 τοῦ

2267 2343 2463 2414 ἀνδρὸς
2503 2343 2578 2416 μὴ
2607 2343 2848 2397 δίδοσθαι
2881 2343 3146 2396 ὑπὸεολον
3202 2343 3267 2413 τῇ
3318 2340 3566 2409 γυναικί.
3613 2339 3727 2393 Καὶ
3757 2335 3862 2406 τῆς

2267 2438 2349 2513 ρβ⁹
2377 2442 2581 2509 νεαρᾶς
2611 2439 2707 2493 τοῦ
2741 2438 3011 2510 βασιλέως
3054 2436 3437 2491 Ίουστινιανοῦ
3481 2433 3860 2506 διοριζομένης

2263 2532 2332 2585 τὰ
2357 2532 2644 2602 γραφέντα
2688 2531 2917 2594 ἀνωθεν,
2979 2530 3426 2602 ἀπαιτηθησεταί
3466 2545 3518 2582 τι
3573 2527 3725 2600 παρά
3755 2525 3857 2595 τῆς

2263 2623 2527 2692 γυναικὸς
2581 2623 2743 2695 χάριν
2791 2622 3060 2676 ύποϐόλου
3107 2624 3172 2676 ἐκ
3216 2620 3312 2675 τοῦ
3364 2621 3736 2692 ἀποκαρέντος
3766 2619 3856 2672 ἀν·-

2264 2717 2412 2787 δρὸς,
2445 2716 2476 2785 ἢ
2504 2715 2598 2770 οὗ·
2655 2717 2716 2769 τὸ
2752 2716 2985 2770 παλαιὸν
3029 2716 3131 2770 οὐκ
3168 2715 3278 2769 ἀπὸ
3327 2712 3624 2785 συμφώνου
3656 2712 3853 2766 ἐδίδοτο

2264 2812 2326 2865 τὸ
2357 2809 2620 2866 ὑπόϐολον
2656 2811 2792 2864 ἀλλὰ
2820 2810 2928 2864 ἀπὸ
2952 2809 3048 2864 τοῦ
3083 2809 3274 2881 νόμου.
3311 2807 3381 2862 Εἴ
3426 2825 3479 2861 τι
3513 2806 3626 2876 γὰρ
3648 2806 3683 2876 ἡ
3717 2803 3851 2874 γυνὴ

2264 2904 2437 2958 ἐδίδου
2469 2906 2630 2977 χάριν
2665 2904 2914 2978 προικὸς,
2955 2903 3213 2958 τοσοῦτον
3241 2904 3336 2956 καὶ
3369 2902 3397 2954 ὀ
3441 2899 3582 2972 ἀνὴρ
3617 2897 3852 2954 ὑποϐάλ-

2265 2997 2379 3051 λειν
2421 3003 2588 3052 ποσὸν
2614 3000 2696 3063 εἰς
2743 3003 2844 3070 τὴν
2889 2997 3077 3069 κοινὴν
3132 2995 3455 3069 περιουσίαν
3490 2993 3849 3064 ἠναγκάζετο,

2266 3092 2389 3146 ὅθεν
2413 3093 2510 3146 κοιλ⁸
2556 3090 2825 3147 ὑπόϐολον
2858 3089 3235 3161 ώνοματίσθη.
3284 3088 3457 3143 Τοῦτο
3498 3089 3557 3143 δὲ
3589 3085 3848 3160 ἀνῃρέθη.

561 3187 856 3243 contraria
896 3188 1182 3260 obligatio)
1227 3187 1354 3260 |est
1403 3191 1772 3247 nominatum.
1806 3192 2009 3249 Verum
2053 3194 2154 3248 hoc

2269 3185 2380 3237 Καὶ
2411 3186 2655 3256 σήμερον
2703 3183 2951 3237 τοιοῦτον
2989 3182 3255 3237 ὑπόϐολον
3285 3184 3314 3235 ὁ
3346 3182 3486 3253 ἀνὴρ
3511 3181 3573 3234 ού
3602 3180 3851 3244 δίδωσιν,

550 3278 881 3349 abrogatum
901 3287 1006 3344 est,
1025 3289 1192 3350 atque
1214 3281 1529 3338 istiusmodi
1548 3283 1906 3340 donationem
1935 3296 2158 3358 propter

551 3373 777 3444 nuptias
808 3373 1042 3431 maritus
1077 3375 1240 3430 hodie
1275 3391 1385 3430 non
1431 3375 1524 3430 dat
1561 3395 1574 3431 :
1609 3377 1701 3433 sed
1730 3393 1799 3431 ex
1840 3388 1998 3448 pacto
2029 3395 2154 3451 par-

557 3478 670 3524 tem
696 3468 938 3540 aliquam
967 3469 1081 3537 dat,
1115 3480 1381 3541 quantam
1421 3469 1698 3543 [videlicet
1739 3473 1784 3528 si
1818 3473 1961 3545 ipse]
2011 3490 2156 3544 prac-

555 3561 851 3627 moriatur,
879 3562 1042 3618 uxori
1072 3572 1236 3632 pacto
1269 3566 1606 3634 promiserit.
1658 3565 1815 3631 Quod
1837 3565 1884 3620 si
1925 3567 2063 3620 nihil
2098 3582 2158 3622 se

550 3655 870 3711 donationis
901 3665 1127 3726 propter
1173 3657 1399 3727 nuptias
1451 3657 1676 3712 nomine
1711 3657 1969 3713 daturum
2027 3674 2158 3729 pro-

555 3747 789 3812 miserit,
821 3762 999 3818 nequc
1030 3750 1163 3803 dare
1204 3750 1513 3820 quidquam
1538 3751 1920 3821 compelletur.
1957 3750 2156 3808 Novel-

551 3835 662 3891 lam
701 3837 868 3908 igitur
898 3839 1251 3909 imperatoris
1283 3842 1478 3895 domni
1509 3839 1710 3898 Leonis
1740 3843 2062 3915 Philosophi
2090 3845 2159 3900 de

559 3927 864 3985 donatione
887 3943 1112 4001 propter
1159 3933 1380 4003 nuptias
1404 3973 1418 3999 ,
1450 3949 1573 4002 qua
1605 3950 1671 3988 ex
1710 3935 1878 3990 veteri
1916 3935 2032 4006 lege
2060 3951 2156 3991 co-

551 4022 706 4094 gnita
733 4034 836 4089 est,
865 4035 1033 4094 atque
1069 4028 1388 4084 necessario
1419 4027 1581 4083 datur
1608 4046 1622 4082 :
1660 4027 2012 4099 imperatoris
2057 4045 2156 4083 an-

552 4126 665 4173 tem
685 4116 997 4174 Justiniani
1045 4121 1110 4172 de
1168 4120 1325 4175 lucro
1355 4120 1592 4192 quodex
1627 4131 1806 4177 morte
1853 4122 2154 4178 secundum

550 4219 774 4280 pactum
813 4211 1000 4278 datur,
1047 4212 1195 4284 loqui
1230 4213 1669 4282 arbitror.Quod
1697 4231 1828 4284 ergo
1880 4234 1943 4274 ex
1979 4230 2157 4275 morte

548 4305 781 4363 alterius
810 4308 1108 4379 conjugum
1147 4309 1436 4379 superstiti
1483 4309 1603 4364 dari
1638 4311 1922 4378 convenit,
1972 4314 2156 4385 exiget

548 4409 679 4473 post
704 4402 934 4458 alterius
965 4403 1295 4473 tonsionem,
1313 4404 1407 4472 qui
1458 4404 1510 4460 in
1547 4402 1879 4478 [communi]
1910 4406 2020 4462 vita
2069 4423 2158 4463 t‘e-

547 4492 716 4549 lictus
749 4499 856 4557 est,
901 4493 1288 4565 qualecunque
1325 4492 1598 4567 [tandem]
1642 4496 1736 4561 sit,
1767 4511 1830 4552 ac
1849 4498 2159 4568 quomodo-

2263 3276 2402 3331 ἀλλὰ
2432 3276 2542 3331 ἀπὸ
2587 3276 2885 3348 συμφώνου
2935 3275 3121 3330 δίδωσί
3164 3293 3216 3330 τι
3261 3274 3426 3346 μέρος
3460 3274 3585 3328 ὅσον
3636 3289 3851 3343 συμφω-

2261 3376 2400 3446 νήσῃ
2432 3377 2497 3428 ἐκ
2527 3374 2898 3448 προ-τελευτῆς
2929 3377 2996 3445 τῇ
3040 3373 3284 3443 γυναικί.
3323 3373 3386 3426 El
3435 3371 3493 3424 δὲ
3525 3369 3601 3442 μὴ
3631 3385 3848 3440 συμφω-

2261 3470 2429 3544 νήσῃ,
2450 3469 2635 3522 δοῦναί
2684 3487 2738 3521 τι
2771 3467 2912 3538 ὑπὲρ
2945 3467 3209 3521 ύποϐόλου
3242 3466 3345 3519 οὐκ
3378 3462 3849 3534 ἀναγκασθήσεται

2262 3559 2449 3615 δοῦναί
2485 3579 2558 3614 τι.
2591 3560 2819 3628 Νομίζω
2843 3559 2938 3614 οὖν
2967 3560 3050 3613 ὅτι
3075 3561 3108 3630 ὴ
3138 3559 3236 3629 μὲν
3265 3559 3437 3630 νεαρά
3465 3555 3560 3610 τοῦ
3594 3555 3849 3626 βασιλέως

2261 3655 2452 3726 κυρίου
2506 3655 2734 3718 Λέοντος
2784 3654 2878 3707 τοῦ
2930 3653 3224 3725 φιλοσόφου
3269 3653 3409 3723 περι
3440 3651 3538 3705 τοῦ
3587 3649 3848 3704 ὑποϐὁλου

2261 3748 2397 3818 φησι
2418 3748 2512 3801 τοῦ
2543 3751 2606 3802 ἐκ
2637 3747 2732 3801 τοῦ
2757 3747 2988 3801 παλαιοῦ
3008 3748 3176 3818 νόμον
3202 3745 3728 3816 ὲπιγινωσκομένου,
3762 3742 3853 3796 καὶ

2260 3841 2320 3908 ἐξ
2343 3841 2589 3910 ἀνάγκης
2629 3841 2939 3912 διδομένου.
2987 3841 3052 3894 Ἦ
3087 3840 3145 3894 δὲ
3175 3841 3272 3894 τοῦ
3330 3839 3597 3910 βασιλέως
3635 3839 3851 3892 Ἰουστι-

2260 3934 2445 3989 νιανοῦ
2474 3936 2604 4005 περὶ
2642 3935 2738 3988 τοῦ
2772 3935 2998 4006 κέρδους
3026 3933 3122 3988 τοῦ
3179 3935 3246 3987 ὲκ
3290 3932 3659 4005 προτελευτῆς
3710 3929 3851 3984 κατά

2259 4029 2321 4082 τὸ
2357 4028 2658 4100 σύμφωνον
2700 4029 3007 4100 διδομένου.
3067 4026 3142 4081 Τὸ
3192 4025 3328 4094 γοῦν
3371 4029 3436 4080 ὲκ
3484 4023 3846 4097 προτελευτῖκ

2259 4121 2382 4187 ἑνὸς
2417 4123 2524 4176 τῶν
2551 4121 2842 4193 ὀμοζύγων
2867 4139 2930 4174 συ
2941 4119 3234 4191 μφωνηθὲν
3263 4117 3501 4172 δίδοσθαι
3528 4116 3694 4171 ποσὸν
3715 4115 3850 4186 πρὸς

2257 4213 2350 4266 τὸν
2377 4213 2816 4284 ἐναπομείναντα
2849 4212 3128 4282 ἀπατήσει
3158 4210 3300 4280 μετά
3319 4209 3419 4281 τὴν
3446 4209 3512 4262 ὲκ
3540 4207 3634 4263 τοῦ
3656 4207 3848 4277 ἐτέρου

2258 4307 2588 4377 ἀπόκαρσιν,
2617 4309 2646 4359 ὁ
2698 4308 2778 4369 είς
2830 4305 2922 4358 τὸν
2945 4303 3062 4376 βίον
3105 4301 3466 4376 περιληφθεὶς
3493 4295 3612 4354 οἷον
3657 4297 3724 4352 ἂν
3753 4297 3850 4354 καὶ

2259 4396 2399 4465 ἔστι,
2429 4397 2524 4450 καλ⁹
2549 4396 2698 4460 ὅπως
2727 4395 2792 4451 ἂν
2823 4395 3096 4461 καλεῖται,
3127 4395 3224 4448 καὶ
3269 4391 3560 4462 συμϐαίνει
3615 4387 3842 4458 τοιούτῳ

2257 4490 2449 4561 τρόπῳ
2477 4489 2572 4544 ὲάν
2595 4490 2856 4562 ἀποκαρῇ
2891 4488 3078 4560 ἡγυνὴ
3101 4488 3355 4542 ἀπαιτεῖν
3379 4485 3471 4539 τὸν
3505 4484 3675 4556 ἄνδρα
3705 4482 3766 4536 τὸ
3787 4483 3850 4536 ὲκ

547 4601 770 4656 cunque
803 4595 1174 4656 uuncupctur.
1223 4587 1404 4658 Atque
1459 4588 1511 4644 id
1548 4591 1820 4661 contingit
1878 4591 2154 4665 [quidem]

2263 4581 2631 4653 προτελευτῆς
2654 4579 2850 4652 ἐκείνῳ
2875 4578 3239 4650 συμφωνηθὲν
3270 4577 3493 4649 δοθῆναι
3512 4575 3590 4646 τῷ
3609 4574 3852 4646 περιόντι

550 4677 659 4733 hoc
698 4677 885 4742 modo,
909 4689 972 4734 ut
996 4680 1044 4735 si
1069 4680 1266 4735 mulier
1290 4680 1604 4748 tondeatur,
1632 4684 1864 4739 maritus
1881 4700 1946 4739 ex
1982 4695 2160 4741 morte

549 4768 674 4840 ejus
703 4768 858 4843 [sibi]
908 4772 1199 4843 superstiti
1236 4774 1356 4829 dari
1421 4777 1752 4844 promissam
1789 4779 2157 4846 quantitatem

551 4864 772 4919 tametsi
807 4863 1073 4919 ὑπόϐολον
1099 4867 1330 4922 abusive
1354 4875 1604 4934 vocetur,
1635 4868 1844 4940 exigat.

628 4955 850 5012 Textus.
882 4959 1038 5026 Quod
1081 4974 1246 5028 porro
1279 4963 1918 5033 consensu,etc.,{usque
1945 4961 2016 5017 ad
2046 4977 2156 5019 non

549 5059 634 5104 est
654 5049 916 5114 obnoxia,
954 5060 1010 5106 ut
1038 5067 1168 5123 pag.
1195 5050 1327 5110 910.
1473 5062 1476 5066 ‘

625 5228 924 5289 Scholium.
952 5233 1144 5290 Const.
1170 5236 1226 5301 9,
1257 5237 1344 5292 tit.
1372 5237 1464 5305 17,
1489 5239 1588 5295 lib.
1635 5256 1688 5294 v.
1720 5241 1842 5298 cod.
1876 5256 2154 5300 consensu

551 5327 970 5383 matrimonium
1007 5329 1142 5385 solvi
1169 5333 1383 5398 statuit,
1417 5349 1543 5403 qua:
1598 5335 1652 5389 in
1688 5333 1860 5391 Basil.
1893 5351 2003 5390 non
2043 5345 2148 5392 est.

550 5418 657 5475 Sed
691 5436 868 5491 neque
888 5419 1067 5494 [illud]
1109 5422 1210 5477 117
1264 5427 1497 5481 novella:
1535 5429 1827 5499 cap.quod
1875 5444 2152 5486 consensu

557 5511 900 5587 [faciendas]
935 5518 1272 5572 matrimonii
1331 5518 1732 5578 dissolutiones
1781 5524 2034 5594 abrogat,
2097 5525 2149 5579 in

551 5601 719 5659 Basil.
744 5606 987 5675 positum
1015 5616 1120 5675 est,
1154 5608 1252 5664 sed
1282 5624 1383 5679 pro
1417 5626 1483 5666 eo
1524 5614 1766 5682 positum
1807 5625 1892 5670 est
1923 5616 2154 5672 novella:

555 5692 683 5760 131,
714 5709 839 5766 cap.
875 5696 1273 5768 15,qnod"est
1303 5715 1426 5773 cap.
1485 5705 1540 5769 1,
1595 5705 1676 5760 tit.
1730 5706 1783 5772 7,
1818 5707 1918 5763 lib.
1974 5709 2148 5767 Basil.

552 5799 749 5854 xsvm;
783 5790 930 5858 quod
950 5805 1075 5845 cum
1099 5791 1449 5863 imperatoris
1473 5795 1914 5869 .lustiniani117,
1937 5801 2152 5874 legisla-

554 5875 700 5934 tione
725 5878 871 5936 idem
900 5880 1062 5937 valet.
1093 5880 1188 5941 Est
1217 5893 1398 5944 autem
1443 5889 1661 5947 novella
1693 5888 1995 5950 Justiniani
2023 5895 2150 5962 110,

2264 4673 2432 4728 ποσὸν
2462 4674 2567 4730 κᾶν
2591 4673 2854 4728 ὑπόϐολον
2886 4673 3133 4727 καλεῖται
3159 4668 3642 4743 καταχρηστικῶς.

2273 4933 2308 4954 ³.
2334 4955 2652 5026 Κειᾏιενον.
2693 4957 2770 5011 Τὸ
2797 4956 2857 5012 δὲ
2886 4957 3032 5035 κατά
3073 4958 3384 5012 συναίνεσιν
3436 4958 3576 5030 πρὸς
3621 4959 3683 5014 τὺ
3713 4975 3856 5029 συμ-

2261 5050 2634 5122 φωνούμενον,
2670 5069 2726 5106 κ.
2759 5068 2812 5108 τ.
2843 5051 2926 5118 λ.,
2966 5067 3148 5123 usque
3181 5054 3250 5108 ad
3285 5051 3668 5125 ἀναχωροῦσα,
3711 5052 3785 5118 ὡς
3816 5054 3851 5124 ὴ

2262 5145 2402 5216 αύτὴ
2430 5144 2531 5218 ριξ¹
2556 5145 2751 5218 νεαρὰ.

2332 5243 2610 5312 Σχόλιον.
2651 5241 2714 5296 Ἦ
2763 5239 2808 5296 θ’
2855 5241 3001 5297 διάτ.
3051 5241 3146 5295 τοῦ
3177 5240 3241 5308 ιζ’
3289 5241 3396 5298 τίτ.
3435 5241 3532 5296 τοῦ
3573 5243 3613 5295 ε’
3649 5239 3853 5312 βιϐλίου

2261 5335 2358 5390 τοῦ
2390 5334 2626 5400 κώδικος
2658 5334 2958 5407 διορίζεται
2987 5337 3132 5391 κατά
3162 5337 3470 5390 συναίνεσιν
3500 5324 3724 5389 λύεσθαι
3759 5333 3853 5388 τὸν

2259 5428 2458 5498 γάμον,
2490 5429 2615 5500 ἥτις
2642 5429 2702 5482 ού
2735 5430 2914 5482 κεῖται
2951 5430 3032 5494 εἰς
3069 5430 3138 5484 τὰ
3163 5427 3452 5497 Βασιλικά,
3494 5428 3609 5484 ἀλλ’
3649 5428 3770 5482 οὐδὲ
3797 5427 3854 5482 τὸ

2258 5523 2357 5593 τῆς
2380 5520 2482 5593 ριζ¹
2509 5524 2711 5593 νεαρᾶς
2747 5540 2874 5593 κεφ.
2898 5523 2960 5577 τὸ
2983 5523 3249 5596 ἁναιροῦν
3289 5523 3389 5588 τὰς
3415 5522 3560 5578 κατά
3605 5521 3855 5577 συναινε-

2261 5633 2346 5668 σιν
2381 5615 2569 5680 λύσεις
2598 5617 2694 5670 τοῦ
2727 5617 2932 5688 γάμου,
2961 5618 3120 5690 ἐτέθη
3160 5620 3239 5682 εἰς
3269 5617 3341 5671 τὰ
3379 5616 3664 5674 Βασιλικά.
3711 5615 3852 5670 Ἀλλ’

2257 5708 2378 5762 ἀντὶ
2402 5710 2610 5763 τούτων
2647 5710 2810 5782 ἐτέθη
2860 5711 2927 5780 ιγ’
2969 5729 3097 5781 κεφ.
3139 5711 3237 5782 τῆς
3270 5710 3378 5782 ρλδθ
3406 5713 3631 5783 νεαρᾶς.
3670 5709 3849 5780 Ὅπερ

2257 5801 2374 5856 ἔστι
2405 5821 2533 5872 κεφ.
2561 5802 2603 5858 δ’
2622 5804 2718 5860 τοῦ
2741 5803 2785 5868 ζ’
2815 5804 2924 5860 τίτ.
2981 5805 3074 5860 τοῦ
3109 5806 3194 5878 κη“
3241 5805 3448 5876 βιϐλίου
3497 5802 3852 5875 ἰσοδυναμοῦν

2255 5899 2321 5969 τῇ
2359 5897 2672 5970 ριξνεαρᾷ.
2718 5899 2783 5953 Ἢ
2812 5899 3106 5972 νομοθεσία
3135 5899 3228 5956 τοῦ
3259 5899 3524 5972 βασιλέως
3561 5897 3846 5954 Ἰουστίνου
