4142 6422
552 311 695 374 1195
1697 310 1962 372 ΡΙΙΟΤΙΙ
2002 309 2510 372 ΡΑΤΗΙΑΒΟΗἉΕ
2549 309 2660 370 CP.
3707 301 3853 367 1196

546 429 597 481 ei
645 429 976 500 donatioque
1025 441 1152 484 ante
1227 428 1446 498 nuptias
1523 435 1925 481 conservetur:
1989 433 2081 478 aut
2150 423 2199 478 si
2262 422 2465 477 dmalia
2530 421 2897 476 instrumenta
2951 415 3112 491 [non]
3169 419 3606 481 intervenerunt,
3664 419 3853 488 portio

547 541 673 595 quae
739 536 929 581 nostra
1009 524 1254 581 defertur
1315 523 1454 595 lege.
1527 521 1814 594 Reliquam
1893 523 2014 593 ejus
2097 519 2461 578 substantiam
2531 518 2929 574 descendentes
3000 522 3096 570 aut
3178 513 3536 570 ascendentes
3592 511 3676 584 (si
3745 512 3844 582 qui

547 620 707 684 sunt)
755 633 928 688 usque
964 617 1031 671 ad
1083 616 1301 671 tertium
1349 613 1601 683 gradum,
1648 613 1870 683 capiant
1901 613 2202 668 secundum
2255 611 2478 665 ordines
2522 618 2578 665 et
2615 607 2818 680 gradus
2859 621 3011 663 suos.
3051 603 3108 660 Si
3141 605 3272 660 nulli
3309 605 3620 674 bujnsmodi
3645 620 3840 674 ειψιτ-

548 709 680 775 sint,
715 707 848 763 fisco
903 709 1019 762 haec
1061 705 1236 762 addici
1273 704 1552 773 jubemus.
1621 702 1815 758 Mulier
1867 719 1999 758 vero
2032 717 2155 774 quae
2210 701 2542 756 adulterium
2595 699 2909 764 commisit,
2961 699 3398 768 competentibus
3446 697 3664 753 subdita
3724 695 3847 766 p'ce-

545 802 658 864 nis,
694 802 746 855 in
799 800 1191 856 monasterium
1218 799 1586 870 conjiciatur:
1619 806 1674 852 et
1706 797 1832 870 [sic]
1869 797 2161 869 deinceps,
2219 813 2343 868 qua:
2393 796 2704 868 patriarcha
2754 795 2812 850 in
2867 793 3255 864 compendium
3310 792 3605 848 contraxit.
3669 792 3844 861 Li-gas

549 889 724 963 [vero]
762 893 927 945 etiam
989 890 1258 945 novellam
1293 889 1640 959 imperatoris
1687 889 1902 955 domui;
1952 887 2154 944 Leonis
2218 887 2536 959 philos0phi
2591 887 2684 950 52,
2725 901 2848 957 qua:
2886 886 3016 956 quid
3062 884 3310 940 adultero
3335 893 3390 940 et
3431 885 3693 939 adulterae
3723 886 3841 939 ﬁeri

547 981 760 1046 debeat,
791 981 1001 1036 statuit.
1034 979 1270 1036 Proinde
1300 982 1366 1035 de
1405 981 1615 1035 incestu
1646 996 1766 1050 cap.
1803 981 1870 1036 76
1910 979 1993 1036 tit.
2026 980 2096 1036 57
2155 980 2249 1036 lib.
2301 996 2393 1043 ιι,
2447 981 2561 1034 haec
2637 977 2817 1034 dicit:
2867 977 3086 1042 Incesti,
3145 977 3261 1032 sive
3292 986 3544 1044 parentes
3600 990 3724 1032 cum
3773 974 3849 1028 li-

546 1076 714 1142 beris,
748 1076 862 1130 sive
898 1074 1051 1129 liberi
1084 1091 1207 1129 cum
1243 1075 1584 1145 parentibus,
1641 1075 1756 1129 site
1782 1073 1981 1130 fratres
2014 1090 2141 1128 cum
2207 1064 2508 1130 sororibus
2534 1070 2619 1144 [se
2669 1067 3124 1140 commisceant],
3155 1068 3336 1140 gladio
3375 1069 3696 1139 puniuntor.
3739 1067 3843 1135 Qui

549 1184 678 1223 vero
724 1170 776 1222 in
824 1168 930 1222 alia
967 1166 1290 1237 cognatione
1323 1181 1380 1222 se
1426 1166 1659 1222 invicem
1689 1165 2031 1234 incestarinl,
2078 1176 2207 1238 puta
2272 1173 2425 1236 pater
2463 1173 2516 1219 et
2545 1163 2640 1218 lilii
2683 1178 2844 1228 uxor,
2875 1171 2972 1217 aut
3013 1163 3158 1217 filius
3217 1171 3272 1216 et
3330 1162 3500 1232 patris
3535 1175 3677 1219 uxor
3726 1164 3845 1219 sive

546 1275 803 1325 noverca,
858 1268 953 1314 aut
1002 1259 1228 1315 vitricus
1281 1268 1337 1315 et
1381 1257 1661 1329 privigna,
1707 1267 1801 1313 aut
1845 1258 2012 1315 frater
2045 1269 2101 1314 et
2151 1258 2338 1314 fratris
2375 1272 2536 1324 uxor,
2567 1265 2662 1312 aut
2693 1265 2923 1326 patruus
2972 1266 3027 1312 et
3074 1270 3138 1310 ex
3184 1253 3356 1311 fratre
3413 1254 3607 1326 neptis,
3645 1266 3739 1312 aut
3770 1271 3840 1309 ex

544 1356 716 1410 fratre
764 1368 934 1423 nepos
974 1361 1028 1408 et
1077 1353 1279 1418 amita,
1326 1362 1422 1406 aut
1464 1350 1807 1427 [extraneus]
1839 1357 1905 1423 :et
1947 1355 2070 1409 duae
2126 1369 2367 1418 sorores,
2405 1363 2499 1408 aut
2538 1349 2880 1425 [cxtraneus]
2931 1358 2986 1406 et
3031 1358 3206 1405 mater
3241 1365 3350 1404 una
3397 1363 3521 1404 cum
3577 1350 3732 1405 filia:
3783 1345 3844 1404 hi

541 1459 596 1502 et
661 1461 843 1501 mares
895 1454 950 1501 et
1006 1445 1228 1501 feminae
1276 1446 1344 1517 (si
1377 1444 1647 1519 [quidem]
1705 1449 1943 1504 scientes
1989 1446 2156 1520 [sese]
2209 1447 2678 1517 commiscuerint)
2735 1444 3004 1500 verberati
3071 1443 3299 1500 naribus
3349 1444 3688 1500 mutilantor.
3747 1444 3841 1500 Si-

546 1539 750 1594 militer
797 1539 961 1594 etiam
994 1538 1064 1592 ’Π
1099 1540 1376 1610 cap.dicit
1410 1558 1422 1593 :
1458 1539 1514 1594 Si
1565 1541 1837 1610 patrueles
1889 1541 2154 1595 horumve
2223 1539 2426 1604 liberi,
2469 1555 2569 1595 nec
2603 1539 2745 1594 ultra
2797 1537 2964 1611 [inter
3015 1535 3183 1610 sese],
3235 1532 3321 1593 vel
3373 1544 3530 1606 pater
3585 1547 3639 1592 et
3695 1536 3842 1591 ﬁlius

541 1651 669 1690 cum
722 1645 894 1690 matre
943 1643 997 1691 et
1031 1635 1174 1700 filia,
1230 1636 1315 1691 vel
1353 1635 1464 1691 duo
1515 1635 1712 1692 fratres
1767 1651 1890 1692 eum
1943 1636 2158 1694 duabus
2190 1637 2494 1702 sororibus,
2535 1635 2619 1690 vel
2659 1635 2771 1691 duo
2817 1635 3015 1690 fratres
3069 1645 3195 1688 cum
3245 1640 3418 1688 matre
3467 1639 3522 1689 et
3578 1631 3706 1699 tilia,
3756 1627 3846 1684 vel

541 1746 609 1786 ex
639 1729 808 1785 fratre
856 1744 1028 1800 nepos
1072 1745 1196 1785 cum
1247 1729 1432 1800 patrui
1496 1731 1580 1785 sui
1624 1731 1901 1800 quondam
1936 1747 2127 1796 uxore,
2192 1731 2545 1786 matrimonio
2590 1726 3322 1800 conjungantur,alioquive
3363 1725 3657 1781 carnaliter
3690 1739 3844 1779 como

541 1823 809 1876 mercium
884 1821 1161 1885 habeant,
1236 1835 1400 1891 supra
1458 1823 1859 1891 separationetn
1933 1824 2308 1879 verberantur.
2363 1822 2506 1897 [Et]
2539 1838 2662 1893 cap.
2712 1821 2782 1878 78
2837 1822 2952 1876 ait:
2991 1818 3095 1888 Qui
3155 1835 3282 1876 cum
3337 1821 3656 1889 monachis,
3727 1822 3838 1876 diri-

541 1914 818 1979 conissis,
884 1924 980 1968 aut
1044 1914 1292 1968 ascetriis
1355 1913 1638 1968 libidinem
1705 1923 1993 1982 exercent,
2047 1922 2309 1984 tauquam
2366 1914 2462 1986 qui
2524 1913 2825 1970 Ecclesiam
2889 1927 3151 1983 sponsam
3202 1913 3402 1967 Christi
3443 1913 3833 1984 coinquinent,

540 2012 597 2058 et
628 2002 732 2072 ipsi
781 2013 837 2058 et
891 2020 1013 2072 quae
1043 2019 1167 2057 cum
1208 2002 1342 2072 ipsis
1397 2017 1456 2057 se.
1505 2003 1917 2069 contaminant,
1975 2004 2202 2058 naribus
2246 2005 2584 2058 mtttilantor.
2621 2003 2756 2074 Cap.
2790 2012 2970 2057 autem
3007 2002 3072 2058 79
3102 2017 3114 2053 :
3144 2000 3248 2069 Qui
3280 2044 3295 2070 ,
3326 2003 3524 2074 inquit,
3549 2020 3673 2059 cum
3704 2019 3839 2060 con-

541 2095 740 2147 cubina
792 2095 886 2148 ﬁiii
920 2095 1003 2148 sui
1040 2107 1128 2148 aut
1173 2093 1511 2148 matrimonii
1557 2103 1824 2164 praetextu
1874 2093 1978 2168 [se]
2025 2094 2366 2156 commiscet.
2428 2104 2524 2150 aut
2565 2095 2769 2165 alioqui
2833 2093 2972 2150 clam
3031 2095 3422 2150 commercium
3485 2096 3681 2160 habet,
3729 2112 3836 2150 una

539 2202 664 2240 cum
720 2188 834 2256 ipsa
878 2185 1102 2240 naribus
1147 2186 1428 2240 mutilator
1462 2205 1474 2242 :
1511 2197 1570 2240 ut
1605 2195 1786 2240 tamen
1824 2190 1976 2258 prius
2020 2204 2050 2242 a
2080 2203 2139 2242 se
2171 2189 2402 2244 invicem
2443 2197 2798 2258 separentur.
2855 2180 3058 2240 Verum
3113 2186 3158 2243 si
3201 2203 3327 2243 cum
3387 2187 3483 2242 filii
3531 2189 3838 2244 concubina

539 2279 792 2334 maritam
840 2279 891 2333 id
946 2287 1236 2348 perpetret,
1290 2294 1453 2349 paena
1495 2281 1690 2334 eodem
1739 2280 1904 2335 modo
1954 2281 2262 2350 procedito,
2321 2291 2487 2352 atque
2538 2277 2696 2352 [illi]
2752 2279 2979 2351 insuper
3031 2278 3408 2335 verberantor.
3445 2279 3618 2351 Legas
3672 2283 3834 2337 etiam

536 2373 571 2426 6
625 2373 808 2426 thema
865 2388 989 2443 cap.
1049 2370 1114 2424 l0
1167 2371 1248 2425 tit.
1309 2371 1342 2425 5
1384 2372 1479 2426 lib.
1520 2370 1688 2426 Basil.
1723 2387 1893 2427 xxvm
1925 2372 2071 2442 quod
2109 2373 2185 2427 ait
2221 2391 2233 2425 :
2273 2372 2378 2440 Qui
2425 2373 2690 2442 virginem
2753 2380 2850 2426 aut
2913 2371 3134 2426 viduam
3182 2369 3387 2441 rapuit,
3443 2371 3586 2426 hanc
3657 2388 3836 2442 neque

535 2463 915 2518 cmisentiente
967 2463 1141 2532 ipsius
1193 2470 1347 2532 patre
1399 2477 1464 2517 ac
1497 2463 1755 2519 delictum
1809 2465 2179 2530 condonante,
2249 2464 2454 2519 ducere
2503 2479 2730 2520 uxorem
2794 2472 2994 2534 potest.
3040 2463 3312 2519 Caeterqu
3376 2464 3472 2534 qui
3520 2465 3588 2520 de
3643 2477 3831 2522 saneto

533 2557 863 2627 baptismate
924 2555 1164 2624 aliquam
1225 2556 1507 2625 suscepit,
1572 2572 1681 2612 non
1743 2564 1924 2627 potest
1978 2557 2157 2628 ipsam
2210 2558 2560 2629 postmodum
2629 2557 2685 2612 in
2740 2556 3154 2613 matrimonium
3223 2572 3564 2613 assumere:
3633 2561 3828 2628 quippe

529 2664 654 2716 qua:
703 2657 960 2716 tanquam
999 2646 1172 2716 ipsius
1238 2645 1346 2699 lilia
1405 2644 1549 2700 facta
1609 2646 1728 2701 sit:
1767 2663 1945 2717 neque
1970 2646 2147 2720 [item]
2216 2647 2337 2719 ejus
2380 2656 2609 2702 matrem
2659 2657 2753 2702 aut
2783 2647 2949 2702 tiliam
2986 2666 3000 2702 :
3032 2650 3164 2719 quin
3219 2663 3397 2718 neque
3443 2647 3617 2719 ipsius
3665 2650 3822 2704 filius.

529 2739 988 2809 Quandoquidem
1043 2738 1179 2793 nihil
1231 2739 1379 2794 aliud
1415 2739 1640 2809 perinde
1691 2749 1977 2810 paternum
2032 2741 2283 2797 affectum
2323 2741 2645 2812 justumque
2736 2740 3076 2795 matrimonii
3132 2741 3583 2811 impedimentum
3650 2742 3820 2796 intro-

526 2839 731 2892 ducere
778 2843 994 2905 potest,
1056 2843 1222 2904 atque
1276 2835 1380 2890 hoc
1430 2835 1750 2899 vinculum,
1805 2851 1915 2906 quo
1973 2837 2172 2892 anima:
2227 2835 2472 2908 ipsorum
2519 2835 2796 2892 mediante
2835 2835 2947 2890 Deo
3001 2834 3337 2890 coalescunt.
3389 2833 3530 2906 Lege
3581 2834 3820 2906 ejusdem

526 2930 622 2984 lib.
659 2937 714 2982 et
762 2928 846 2982 tit.
879 2943 997 2997 cap.
1043 2927 1098 2992 5,
1133 2928 1312 2982 thema
1357 2928 1392 2980 2
1425 2937 1478 2982 et
1513 2928 1568 2991 5,
1591 2938 1644 2983 et
1692 2944 1811 2999 cap.
1866 2930 1924 2984 ll
1956 2971 1970 2995 ,
2012 2940 2066 2985 et
2114 2932 2209 2990 lib.
2259 2947 2355 2994 vn,
2415 2933 2497 2986 tit.
2552 2930 2606 2996 8,
2645 2944 2766 2999 cap.
2818 2929 2873 2993 4,
2939 2935 2994 2983 et
3044 2929 3137 2984 lib.
3190 2943 3332 2994 XLV,
3388 2926 3471 2981 tit.
3511 2928 3567 2988 2.
3620 2944 3738 3000 cap.
3768 2928 3820 2994 6,

527 3021 712 3075 thema
767 3021 821 3087 5,
875 3030 1088 3089 et,cap.
1137 3019 1226 3082 10,
1292 3020 1470 3074 thema
1511 3021 1548 3075 2
1598 3028 1653 3075 et
1704 3022 1757 3086 5,
1808 3031 1863 3076 et
1906 3021 2002 3076 lib.
2043 3034 2106 3087 ιι,

1364 3036 1470 3074 :ma
1511 3021 1548 3075 2
1598 3028 1653 3075 et
1704 3022 1757 3086 5,
1808 3031 1863 3076 et
1906 3021 2002 3076 lib.
2043 3034 2106 3087 ιι,
2167 3024 2246 3080 tit.
2291 3023 2345 3088 5,
2389 3039 2510 3094 cap.
2556 3022 2589 3077 8
2636 3033 2690 3078 et
2723 3037 2842 3093 cap.
2877 3021 3000 3076 197.

600 3111 818 3166 Textus.
869 3111 1108 3166 Proinde
1170 3110 1459 3166 fornicatio
1514 3129 1621 3168 non
1689 3112 1965 3180 laudatur,
2024 3125 2129 3171 etc.
2161 3131 2208 3188 Α

2179 3131 2208 3188 ι
2317 3116 2631 3185 Κείμενον.
2675 3113 2740 3166 Ἠ
2776 3113 2961 3185 μέντοι
2995 3111 3222 3185 πορνεία
3251 3111 3352 3166 οὐκ
3394 3112 3694 3167 ἐπαινεῖται
3719 3113 3815 3184 μὲν

521 3223 690 3280 usque
715 3207 784 3260 ad
817 3215 1080 3276 tanquam
1114 3206 1223 3272 fur,
1257 3218 1313 3262 ut
1354 3223 1478 3279 pag.
1518 3209 1643 3265 9-15.

2230 3209 2382 3280 παρὰ
2428 3207 2507 3278 τῷ
2538 3206 2803 3276 πολιτικῷ
2849 3207 3032 3276 νόμῳ,
3067 3222 3120 3260 κ.
3176 3221 3226 3258 τ.
3281 3203 3331 3257 λ.
3379 3219 3557 3275 usque
3609 3205 3676 3260 ad
3721 3206 3818 3260 οὐκ

2226 3302 2472 3371 ἐνέχεται
2499 3299 2574 3364 ὡς
2603 3297 2863 3368 κλέπτης.

597 3385 899 3441 Scholium.
933 3384 1139 3456 Digest.
1168 3385 1220 3450 4,
1258 3385 1342 3441 tit.
1373 3384 1426 3451 5,
1461 3385 1554 3441 lih.
1592 3403 1689 3451 xu,
1723 3397 1805 3443 est
1838 3388 2021 3444 thema
2063 3388 2121 3455 2,

2295 3394 2578 3461 Σχόλιον.
2604 3392 2677 3445 Τὸ
2702 3391 2744 3445 δ’
2780 3390 2921 3445 διάτ.
2955 3389 3049 3444 τοῦ
3081 3388 3123 3442 ε’
3180 3390 3287 3444 τίτ.
3332 3388 3427 3443 τοῦ
3481 3389 3548 3460 ιβ’
3596 3389 3801 3462 βιϐλίου

521 3491 645 3546 cap.
680 3475 713 3530 5
745 3475 829 3528 tit.
863 3474 898 3528 2
934 3474 1026 3530 lib.
1069 3473 1233 3530 Basil.
1285 3490 1450 3541 xxiv,
1504 3477 1650 3544 quod
1720 3478 1910 3532 eadem
1965 3479 2118 3533 dicit.

2221 3483 2340 3538 ἔστι
2375 3485 2516 3556 θέμα
2547 3483 2590 3554 β’
2622 3481 2718 3536 τοῦ
2747 3481 2790 3536 s'
2829 3500 2953 3552 κεφ.
2989 3481 3083 3535 τοῦ
3117 3481 3163 3552 β’
3191 3481 3299 3535 τίτ.
3345 3481 3442 3533 τοῦ
3476 3479 3561 3534 κδ’
3607 3481 3811 3552 βιϐλίου

519 3569 726 3640 Digest.
774 3566 828 3633 6,
859 3568 942 3623 tit.
1010 3568 1064 3634 5,
1099 3568 1194 3622 lib.
1238 3585 1430 3632 χχχιχ,
1459 3579 1544 3625 est
1578 3586 1698 3640 cap.
1752 3569 1786 3623 5
1833 3571 1916 3626 tit.
1963 3571 1983 3625 1
2019 3572 2112 3626 lib.

2219 3577 2330 3631 τῶν
2356 3577 2661 3631 Βασιλικῶν
2696 3575 2768 3630 τὰ
2799 3574 2940 3630 αὐτὰ
2966 3575 3144 3644 λέγον.
3179 3575 3250 3628 Τὸ
3274 3571 3329 3637 ς’
3359 3573 3500 3628 διάτ.
3527 3573 3620 3628 τοῦ
3647 3572 3687 3627 ε’
3706 3574 3811 3628 sit.

518 3665 686 3721 Basil.
713 3680 880 3728 XLVII,
903 3663 1052 3734 quod
1080 3664 1266 3729 habet,
1286 3665 1751 3734 quemadmodum
1777 3665 2114 3720 declaratum

2218 3671 2312 3724 τοῦ
2337 3669 2413 3723 λθ⁹
2447 3669 2652 3741 βιϐλίου
2697 3668 2814 3722 ἔστι
2854 3685 2980 3736 κεφ.
3015 3664 3054 3719 ε’
3105 3664 3200 3719 τοῦ
3255 3666 3302 3719 α’
3336 3665 3444 3718 τίτ.
3476 3664 3570 3718 τοῦ
3600 3665 3686 3736 μζ⁷
3725 3665 3809 3735 βι-

516 3768 622 3814 est.
662 3756 831 3813 Recte
861 3768 1043 3811 autem
1075 3757 1235 3823 dixit,
1270 3758 1417 3828 quod
1447 3758 1542 3827 qui
1583 3756 1814 3812 alienam
1857 3758 2113 3813 ancillam

2216 3762 2365 3817 ϐλίου
2390 3763 2496 3816 τῶν
2528 3760 2835 3816 Βασιλικῶν
2866 3758 3040 3824 οὕτως
3069 3759 3191 3830 ἔχον
3221 3758 3298 3822 ὼς
3331 3760 3412 3821 εἰς
3457 3757 3517 3810 τὸ
3542 3757 3807 3827 κείμενοι

515 3850 864 3904 meretricem
897 3849 1060 3918 rapit,
1095 3864 1202 3903 non
1230 3858 1480 3904 teneatur
1500 3859 1760 3920 tanquam
1787 3849 2107 3920 plagiarius,

2223 3853 2562 3924 συνωψίσθη.
2597 3853 2670 3906 Τὸ
2701 3849 2780 3906 λθ⁹
2819 3851 2956 3906 διάτ.
2985 3850 3079 3905 τοῦ
3111 3849 3156 3920 β’
3181 3851 3288 3906 τὶτ.
3337 3849 3434 3902 τοῦ
3469 3847 3559 3921 μζ
3601 3849 3806 3920 βιϐλίου

514 3941 633 3996 sive
669 3943 720 3997 in
756 3940 1036 3996 metallum
1065 3957 1172 3996 non
1205 3941 1625 4009 condemnetur,
1668 3951 1833 3998 utest
1869 3944 1920 3996 in
1943 3942 2108 3999 Basil.

2221 3947 2489 4016 ἔστικεφ.
2517 3944 2595 4000 λίΥ
2638 3945 2730 4000 τοῦ
2774 3944 2842 4016 ιβ’
2893 3946 2999 4001 τῑτ.
3042 3943 3135 3998 τοῦ
3173 3942 3214 4010 ξ’
3253 3943 3461 4015 βιϐλίου
3495 3943 3604 3996 τῶν
3657 3943 3809 3997 Bato:-

515 4032 654 4088 Nam
690 4034 782 4104 qui
816 4034 1072 4089 ancillam
1104 4049 1227 4104 qua:
1257 4034 1516 4090 meretrix
1548 4049 1656 4089 non
1700 4043 1804 4102 cst,
1843 4035 2008 4106 rapit,
2059 4035 2114 4090 in

2217 4039 2389 4095 λικῶν
2418 4039 2594 4104 οὕτως
2629 4038 2754 4111 ἔχον
2785 4039 2860 4105 ὡς
2891 4037 3138 4109 ἐδηλώθη
3162 4054 3175 4068 ·
3222 4037 3407 4101 καλῶς
3434 4037 3492 4090 δὲ
3527 4031 3681 4089 εἶπεν
3719 4037 3799 4088 ὅτι

516 4127 800 4182 metallum
835 4127 1277 4194 condemnatur,
1337 4126 1517 4200 [cujus
1549 4128 1626 4183 rei
1658 4125 1852 4200 causa]
1886 4128 1979 4184 lib.
2018 4144 2109 4194 ιιι,

2214 4135 2243 4187 ὁ
2271 4132 2539 4205 ἁρπάζων
2570 4132 2862 4204 ἀλλοτρίαν
2906 4131 3102 4202 δούλην
3145 4130 3352 4201 πόρνην
3379 4124 3546 4184 οὖσαν
3585 4128 3685 4180 οὐκ
3721 4128 3805 4178 ὲν-

511 4228 686 4274 totmn
720 4220 792 4276 58
833 4222 916 4277 tit.
960 4237 1195 4292 quaeras.

2217 4225 2402 4297 ἐχεται
2429 4225 2505 4289 ὡς
2533 4223 2987 4298 ἀνδραποδιστὴς,
3019 4225 3188 4295 ἤγουν
3231 4223 3293 4276 οὐ
3325 4220 3704 4293 μεταλλίζεται
3728 4219 3801 4282 ὡς

505 4317 566 4370 ἐν
594 4317 674 4387 τῷ
707 4317 974 4388 βασιλικῷ
1005 4323 1208 4373 κεῖται.
1258 4319 1315 4372 Ὁ
1345 4317 1455 4387 γὰρ
1498 4318 1763 4389 ἁρπάζων
1807 4317 2001 4390 δούλην
2035 4320 2110 4391 μὴ
2148 4321 2316 4377 οὖσαν
2351 4322 2584 4394 πόρνην,
2657 4321 3057 4394 μεταλλίζεται,
3124 4321 3219 4376 καὶ
3247 4321 3403 4393 ζητεί
3439 4318 3533 4372 τὸν
3580 4316 3657 4389 μὴ
3685 4315 3803 4371 ὅλον

505 4409 610 4464 τίτ.
641 4413 736 4464 τοῦ
771 4409 812 4478 ξ’
850 4412 1080 4483 βιϐλίου.

582 4503 799 4559 Τεπειιδ.
837 4505 981 4560 υιοίι
1008 4521 1138 4561 vero
1166 4506 1331 4560 etiam
1362 4505 1455 4561 lib.
1492 4521 1730 4570 xxxvnt,
1763 4506 1843 4560 tit.
1896 4504 1950 4570 8,
1991 4515 2097 4560 etc.
2141 4515 2179 4568 Β

2157 4516 2179 4568 3
2279 4505 2589 4574 Κείμενον.
2625 4503 2787 4573 Λέγει
2817 4502 2874 4556 δὲ
2907 4503 3004 4558 καὶ
3036 4501 3242 4573 βιϐλίον
3275 4498 3357 4573 λη’
3383 4499 3489 4555 τίτ.
3533 4499 3584 4571 η’
3636 4501 3718 4554 ὅτι
3747 4503 3793 4554 ol

502 4607 664 4662 usque
692 4583 773 4647 had
801 4596 1084 4664 percipere
1113 4595 1346 4664 possint,
1377 4603 1434 4646 ut
1469 4610 1592 4663 pag.
1622 4593 1746 4649 915.

2212 4600 2586 4669 πορνογενεῖς,
2622 4615 2678 4652 κ.
2711 4615 2762 4652 τ.
2799 4597 2850 4653 λ.
2891 4612 3063 4666 usque
3092 4598 3160 4651 ad
3193 4595 3381 4650 λαϐεῖν
3415 4595 3523 4648 τῶν
3557 4593 3652 4648 τοῦ
3685 4611 3788 4647 πα-

2211 4689 2368 4758 τέρος
2400 4688 2765 4758 πραγμάτων.

573 4774 873 4832 Scholinm.
921 4777 1028 4834 Tit.
1054 4777 1088 4832 8
1127 4777 1220 4830 lib.
1256 4793 1464 4831 xxxvtu
1494 4777 1694 4849 Digest.
1728 4776 1942 4847 positus
1974 4777 2134 4832 estin
2165 4794 2287 4849 cap.
2320 4779 2352 4832 6
2404 4781 2484 4833 tit.
2516 4779 2550 4830 2
2595 4779 2688 4833 lib.
2739 4794 2838 4832 va
2892 4777 3084 4844 Basil.,
3127 4785 3292 4847 atque
3323 4775 3402 4830 ait
3433 4773 3679 4846 ejusdem
3709 4774 3790 4830 tit.

501 4885 622 4939 cap.
666 4870 696 4922 7
726 4889 740 4924 ;
772 4869 898 4926 Haec
972 4872 1241 4926 bonorum
1274 4871 1553 4941 possessio
1603 4888 1796 4926 omnes
1837 4883 1995 4927 vocat
2023 4881 2308 4944 cognatos,
2357 4874 2481 4928 licet
2517 4872 2685 4947 [jure]
2720 4873 2862 4927 civili
2901 4889 3008 4929 non
3051 4882 3334 4928 vocentur.
3374 4871 3526 4926 Unde
3550 4880 3605 4926 et
3632 4871 3792 4939 vulgo

499 4960 718 5029 quaesiti
768 4960 963 5017 fratres
1009 4962 1153 5018 inter
1197 4977 1276 5028 se,
1315 4961 1452 5016 etin
1490 4960 1701 5035 [hortis]
1733 4963 1943 5029 matris,
1972 4966 2318 5034 cognationis
2360 4966 2666 5021 subsidium
2703 4967 2923 5033 habent,
2953 4975 3006 5022 et
3023 4975 3197 5019 mater
3227 4965 3281 5020 in
3307 4965 3520 5018 illorum
3560 4961 3787 5036 [bonis].

497 5053 701 5108 Eadem
751 5069 970 5125 quoque
1022 5056 1089 5112 de
1141 5055 1339 5111 ancilla
1395 5065 1709 5126 praegnante
1770 5057 2113 5113 manumissa
2148 5058 2408 5114 dicimus.
2456 5057 2521 5114 Et
2584 5075 2706 5131 cap.
2759 5061 2816 5128 9,
2865 5059 3036 5129 spurii
3090 5058 3489 5130 haereditas[ad
3529 5070 3787 5130 cognatos

496 5155 737 5216 paterna:
787 5148 998 5220 stirpis,
1029 5165 1139 5205 non
1189 5150 1458 5221 pertinet;
1513 5164 1641 5203 nam
1676 5160 1888 5221 patrem
1942 5166 2052 5206 non
2088 5152 2271 5208 habet.
2311 5153 2441 5226 Ejus
2489 5165 2672 5210 autem
2720 5155 2905 5221 matri,
2951 5151 3252 5222 eademque
3284 5153 3643 5207 matre‘natis
3681 5151 3787 5205 fra-

497 5239 671 5296 tribus
710 5243 1081 5312 proximitatis
1145 5241 1454 5298 subsidinm
1510 5243 1692 5298 datur.
1748 5247 1926 5314 Atque
1973 5246 2088 5300 baac
2128 5245 2349 5315 quidem
2395 5246 2551 5302 aiunt
2593 5247 2760 5318 leges,
2794 5261 2985 5301 eorum
3026 5243 3388 5301 differentiam
3419 5244 3513 5314 qui
3549 5260 3645 5315 per
3671 5243 3783 5299 for-

491 5336 828 5391 nicationem
861 5337 1271 5408 conjunguntur
1325 5334 1622 5400 docentes,
1678 5351 1741 5392 ac
1789 5337 1993 5407 spurii:
2055 5339 2277 5394 succedi
2314 5355 2342 5394 a
2401 5349 2665 5397 maternae
2702 5340 2890 5412 stirpis
2937 5338 3234 5410 cegnatis:
3302 5344 3512 5406 patrem
3567 5347 3774 5403 autem,

493 5435 592 5482 aut
650 5437 890 5498 paternae
948 5427 1137 5497 stirpis
1214 5437 1503 5498 cognatos,
1573 5428 1724 5498 ipsos
1793 5444 1905 5483 non
1987 5432 2471 5502 agnoscerezsed
2544 5449 2613 5488 ex
2676 5447 2785 5487 una
2879 5431 3150 5487 duntaxat
3199 5431 3363 5487 unica
3434 5431 3773 5502 illegitimum

499 5521 667 5575 hlium
716 5521 859 5591 patri
909 5522 1179 5577 barredem
1241 5521 1360 5576 fieri
1413 5523 1684 5580 dicentes.
1737 5523 1940 5582 Verum
1989 5525 2156 5600 [quae]
2205 5528 2275 5584 de
2312 5529 2517 5598 nuptiis
2576 5528 2860 5608 [tractant]
2920 5527 3067 5598 leges
3118 5537 3286 5598 atque
3355 5542 3634 5593 canones,
3712 5537 3767 5584 et

489 5623 837 5686 agnoscunt,
910 5630 978 5669 ex
1049 5614 1414 5671 fornicatione
1477 5619 1905 5689 cognationem,
1964 5631 2019 5677 et
2077 5623 2169 5692 qui
2229 5638 2297 5678 ex
2367 5623 2732 5680 fornicatione
2794 5622 3067 5695 [invicem
3101 5619 3198 5693 se]
3255 5621 3615 5692 contingunt,
3685 5638 3776 5680 co-

486 5716 714 5774 gnatos,
771 5707 820 5761 si
889 5706 1164 5762 incestum
1235 5711 1621 5778 committant,
1698 5722 1960 5784 tanquam
2013 5715 2287 5786 legitimos
2365 5726 2630 5786 cognatos
2696 5717 2952 5788 puniunt.
3046 5714 3324 5782 Quorsum
3401 5715 3550 5786 legas
3617 5716 3670 5771 in
3740 5718 3773 5771 5

484 5812 606 5870 cap.
671 5798 879 5870 positos
926 5813 1205 5869 canones.
1274 5813 1328 5861 et
1378 5806 1650 5868 novellam
1691 5806 2038 5879 imperatoris
2079 5808 2381 5868 Iustiniani
2441 5812 2564 5879 tta,
2599 5825 2721 5882 quze
2747 5820 2831 5867 est
2860 5810 2915 5866 in
2951 5808 3058 5867 line
3114 5810 3200 5867 tit.
3255 5809 3289 5866 5
3327 5808 3420 5868 lib.
3453 5808 3622 5868 Basil.
3647 5827 3768 5868 xcv.
