4142 6500
365 427 499 495 1197
1252 425 1744 488 NOMOCANON.
1780 450 1851 461 -
1891 425 2040 485 TlT.
2076 424 2251 500 XIII,
2291 425 2452 487 CAP.
2494 425 2775 488 VI'VIII:
3513 427 3654 492 1193

358 541 550 596 Const.
588 540 623 597 5
670 540 751 597 tit.
808 538 898 605 57,
944 538 1041 595 lib.
1076 554 1127 594 τι
1178 537 1314 593 Cod.
1368 544 1452 593 est
1493 552 1614 606 cap.
1662 537 1735 591 42
1762 537 1848 592 tit.
1891 538 1916 590 l
1976 536 2073 591 lib.
2129 536 2295 591 Basil.
2349 553 2472 605 xu,
2530 539 2677 608 quod
2712 537 2847 592 dicit
2884 554 2896 592 :
2930 536 3129 608 Siqua
3184 539 3414 596 illustris
3449 542 3649 596 mulier

364 632 535 687 lilium
580 648 645 688 ex
685 633 851 704 justis
888 632 1098 705 nuptiis
1140 630 1536 702 procreaverit,
1570 640 1625 685 et
1666 631 1900 686 alterum
1931 629 2180 700 spurium
2216 630 2491 698 habuerit,
2527 632 2616 687 cui
2667 642 2823 703 pater
2852 631 3097 690 incertus
3138 634 3208 689 sit
3238 653 3251 689 :
3285 635 3649 705 quemadmo-

361 727 492 782 dum
527 742 614 783 res
655 736 915 783 materna;
968 727 1035 781 ad
1081 742 1177 781 eos
1227 724 1589 796 perveniant,
1654 724 1770 780 sive
1834 726 2214 780 tantummodo
2260 726 2327 779 ad
2388 726 2593 783 liberos
2652 726 2859 798 justos,
2921 728 3039 783 sive
3088 728 3255 784 etiam
3299 730 3364 783 ad
3402 730 3645 799 spurios,

361 820 663 875 dubitatur.
697 819 991 875 Sancimus
1020 819 1236 890 itaque,
1275 828 1334 872 ut
1364 831 1542 888 neque
1576 832 1639 872 ex
1668 826 2015 883 testamento,
2061 832 2241 888 neque
2271 818 2339 872 ab
2359 818 2640 887 intestato,
2672 837 2848 893 neque
2876 837 2942 877 cx
2972 820 3298 877 liberalitate
3328 822 3471 877 inter
3494 823 3648 877 vivos

363 913 569 975 habita,
614 914 779 985 justis
811 914 1000 969 liberis
1024 912 1418 969 exsisteutibus
1440 952 1455 977 ,
1492 910 1697 982 aliquid
1730 911 1947 981 penitus
1997 911 2067 967 ab
2115 912 2424 968 illustribus
2477 915 2747 970 matribus
2794 915 2860 971 ad
2894 914 3117 985 Spurios
3160 915 3441 985 perveniat
3474 932 3487 968 :
3520 928 3650 968 cum

364 1003 418 1058 in
477 1007 803 1063 mulieribus
851 1007 1103 1079 ingenuis
1132 1015 1187 1061 et
1222 1006 1569 1069 illustribus,
1621 1006 1824 1075 quibus
1871 1004 2145 1061 castitatis
2201 1006 2513 1061 observatio
2559 1008 2894 1079 pracipuum
2943 1009 3187 1063 debitum
3219 1019 3337 1074 est,
3381 1004 3656 1062 nominari

363 1099 622 1165 spurius,
660 1099 796 1154 satis
828 1098 1157 1168 injuriosum
1185 1138 1200 1162 ,
1262 1098 1508 1166 satisque
1564 1097 1824 1150 acerbum
1853 1134 1869 1159 ,
1931 1104 1987 1149 et
2041 1096 2247 1150 nostris
2302 1097 2635 1166 temporibus
2687 1100 2972 1170 indignum
3020 1099 3334 1169 judicemus
3364 1118 3378 1154 :
3410 1108 3467 1154 et
3511 1098 3655 1152 hanc

365 1192 535 1263 legem
587 1193 691 1263 ipsi
735 1193 1032 1262 pudicitiae,
1086 1208 1252 1263 quam
1297 1206 1516 1261 semper
1553 1191 1839 1246 colendam
1898 1206 2229 1256 censemus,
2288 1192 2488 1247 rnerito
2544 1193 2885 1249 dedicamus.
2945 1195 3041 1249 Sin
3102 1205 3285 1251 autem
3345 1195 3654 1251 concubina

364 1284 549 1358 liberae
601 1283 933 1339 conditionis
987 1285 1322 1348 constituta,
1381 1283 1548 1338 lilium
1595 1294 1691 1338 aut
1727 1283 1893 1336 tiliam
1941 1297 2005 1337 ex
2040 1283 2186 1337 licita
2238 1284 2636 1341 consuetudine
2681 1301 2805 1340 cum
2855 1287 3078 1341 homine
3108 1288 3281 1343 libero
3307 1288 3491 1343 habita
3527 1304 3658 1359 pro-

361 1376 650 1439 creaverit,
675 1390 771 1431 eos
789 1376 953 1431 etiam
978 1392 1103 1429 cum
1125 1375 1385 1445 legitimis
1406 1375 1593 1429 liberis
1628 1378 1695 1428 ad
1732 1385 1978 1429 materna
2030 1376 2221 1429 venire
2252 1374 2415 1438 bona,
2441 1392 2566 1446 quae
2611 1377 2700 1431 illa
2726 1378 2852 1447 jure
2882 1378 3126 1449 legitimo
3148 1390 3202 1435 et
3234 1382 3289 1435 in
3320 1382 3655 1451 patrimonio

364 1486 467 1525 suo
512 1470 778 1540 possidet,
812 1470 959 1524 nulla
994 1470 1197 1524 invidia
1237 1468 1585 1540 est.§Digest.
1624 1469 1696 1524 25
1737 1470 1821 1524 tit.
1863 1468 1897 1522 5
1956 1468 2053 1523 lib.
2108 1485 2122 1523 ι
2172 1468 2291 1541 Dig.
2352 1480 2438 1525 est
2484 1485 2606 1539 cap.
2676 1470 2745 1525 l9
2802 1473 2884 1525 tit.
2945 1472 2970 1525 1
3027 1473 3120 1528 lib.
3162 1490 3309 1541 ιινι,
3342 1475 3488 1545 quod
3524 1476 3653 1533 ait:

362 1562 469 1629 Qui
500 1579 567 1618 ex
597 1563 842 1633 legitimo
887 1562 1241 1617 matrimonio
1293 1570 1455 1615 natus
1507 1572 1610 1623 est,
1644 1569 1855 1631 patrem
1914 1561 2201 1630 sequitur;
2238 1563 2401 1633 vulgo
2444 1564 2710 1634 qutesitus
2752 1575 2971 1631 autem,
3023 1576 3277 1622 matrem.
3313 1569 3379 1624 Et
3424 1570 3645 1641 24cap.

359 1656 607 1727 ejusdem
640 1656 735 1711 lib.
762 1664 817 1711 et
851 1657 935 1711 tit.
974 1671 987 1708 :
1018 1654 1123 1722 Qui
1154 1670 1258 1709 non
1288 1672 1352 1710 ex
1371 1654 1616 1726 legitimo
1646 1654 1999 1709 matrimonio
2029 1656 2298 1719 nascitur,
2330 1668 2561 1711 iiiatrem
2600 1658 2849 1728 sequitur
2880 1676 2895 1713 :
2946 1660 3051 1714 nisi
3088 1662 3173 1716 lex
3202 1663 3472 1733 {specialis
3502 1665 3655 1719 aliud

363 1754 645 1825 quidpiam
684 1762 906 1808 statuat.
936 1750 1043 1806 Tit.
1075 1751 1106 1803 7
1149 1752 1242 1806 lib.
1269 1768 1374 1807 xxv
1398 1750 1517 1819 Dig.
1549 1766 1654 1805 non
1687 1757 1771 1805 est
1814 1750 2026 1820 positus
2060 1751 2113 1804 in
2164 1752 2324 1806 Basil.
2359 1750 2467 1806 Tit.
2504 1752 2538 1805 5
2575 1752 2670 1809 lib.
2711 1769 2877 1807 xum
2920 1753 3119 1824 Digest.
3154 1766 3238 1811 est
3269 1757 3323 1811 in
3357 1757 3454 1812 lib.
3484 1757 3652 1815 Basil.

364 1867 435 1905 ιχ
458 1852 543 1907 tit.
585 1852 676 1906 57.
710 1849 913 1919 Digest.
941 1860 1123 1904 autem
1155 1849 1213 1901 ll
1238 1864 1347 1902 non
1380 1856 1461 1901 est
1487 1847 1902 1916 transcriptum.
1956 1845 2160 1902 Verum
2224 1849 2301 1902 ait
2365 1848 2547 1902 thema
2593 1849 2627 1901 2
2664 1864 2785 1919 cap.
2821 1849 2844 1902 l
2876 1849 2959 1905 tit.
2996 1850 3065 1903 57
3117 1851 3211 1905 lib.
3242 1868 3311 1907 ιι
3346 1854 3489 1921 :Qui
3536 1872 3661 1911 mu-

365 1946 554 1998 lierem
583 1943 864 1997 honestam
891 1951 946 1996 et
977 1941 1267 2011 ingenuam
1305 1940 1358 1993 in
1389 1940 2001 2007 concubinatuvhabet,
2054 1954 2233 2010 neque
2280 1955 2377 2009 per
2424 1943 2879 1996 contestationein
2929 1942 3031 1997 hoc
3084 1944 3437 2001 manifestum
3492 1948 3661 2013 facit,

366 2038 450 2091 vel
476 2051 702 2089 uxorem
729 2050 850 2088 eam
874 2033 1072 2088 habet:
1100 2034 1181 2085 vel
1218 2033 1262 2085 si
1297 2031 1403 2085 hoc
1434 2041 1680 2094 recusat,
1726 2038 2001 2099 stuprum,
2061 2041 2227 2100 atque
2276 2031 2413 2085 adeo
2460 2031 2794 2086 adulterium
2844 2047 2971 2087 cum
3024 2048 3089 2088 ea
3136 2036 3427 2092 committit
3470 2057 3483 2092 :
3529 2042 3661 2095 dum

367 2130 620 2185 videlicet
661 2143 889 2197 corpore
931 2132 1355 2197 suosquzestum
1407 2124 1566 2198 [illa]
1606 2142 1716 2179 non
1748 2124 1959 2180 fecerit.
2018 2125 2210 2180 Const.
2243 2126 2279 2181 5
2329 2127 2410 2182 tit.
2454 2127 2522 2181 57
2556 2128 2649 2182 lib.
2710 2142 2763 2181 vt
2807 2127 2947 2183 Cod.
3013 2144 3121 2185 non
3162 2139 3245 2185 est
3276 2131 3485 2203 integra
3520 2137 3665 2204 posi-

364 2234 442 2288 ta,
478 2222 637 2293 cujus
663 2221 879 2275 initium
909 2230 995 2275 est
1024 2235 1148 2290 cap.
1196 2220 1268 2275 42
1319 2220 1402 2274 tit.
1436 2219 1462 2273 1
1498 2220 1593 2274 lib.
1654 2236 1755 2274 xcv
1799 2220 1964 2273 Basil.
2030 2220 2164 2290 Cap.
2204 2220 2240 2273 2
2270 2223 2495 2277 novella:
2545 2221 2840 2276 Jttsliniani
2880 2223 2966 2288 l2,
3003 2234 3057 2278 et
3086 2239 3209 2293 cap.
3262 2225 3333 2279 l5
3387 2224 3663 2301 [novellae]

368 2316 459 2381 l8,
517 2323 573 2370 et
619 2313 832 2368 novella
890 2311 978 2378 l9,
1034 2320 1089 2367 et
1114 2327 1238 2382 cap.
1297 2313 1351 2376 5,
1386 2312 1475 2379 78,
1525 2321 1581 2368 et
1613 2326 1737 2382 cap.
1771 2312 1836 2374 5,
1882 2311 1952 2366 89
2005 2312 2342 2367 novellarum
2392 2314 2735 2384 imperatoris
2778 2311 3103 2382 Justiniani,
3148 2324 3204 2370 et
3244 2316 3353 2371 alia
3392 2331 3516 2386 cap.
3547 2333 3671 2389 qua:

366 2409 525 2464 deiis
549 2408 771 2473 docent,
799 2406 893 2475 qui
915 2404 1652 2477 exlegitimis[postmodum
1681 2406 1966 2469 uxoribus,
2027 2404 2145 2478 aut]
2181 2408 2344 2461 etiam
2390 2425 2455 2462 ex
2492 2408 2819 2464 concubinis
2845 2406 3034 2480 [nati],
3102 2417 3158 2465 et
3194 2424 3264 2465 ex
3311 2412 3499 2468 n0this
3530 2413 3668 2484 legi-

367 2500 491 2556 timi
522 2499 614 2553 lilii
643 2495 835 2569 [liuntz
867 2494 1087 2567 ]posita
1114 2504 1244 2550 sunt
1281 2499 1333 2548 in
1369 2498 1449 2550 tit.
1484 2496 1509 2549 1
1540 2504 1594 2549 et
1623 2494 1659 2548 2
1695 2494 1789 2548 lib.
1824 2510 1976 2547 χχχιι
2012 2494 2182 2550 Basil.
2218 2511 2359 2565 quos
2390 2497 2560 2567 legas.

446 2592 757 2660 Κείμενον.
789 2589 899 2643 Καὶ
925 2587 1120 2651 δούλας
1145 2588 1201 2641 δὲ
1245 2588 1379 2652 ἰδίας
1429 2588 1709 2659 δυνάμεθα
1761 2587 1967 2642 παλλα-

2147 2588 2363 2645 Textus.
2383 2589 2616 2646 Proinde
2634 2601 2689 2647 et
2708 2592 2937 2648 ancillas
2958 2592 3252 2665 nostrasjin
3274 2596 3670 2665 concubinatu,

376 2684 640 2740 κεύεσθαι
664 2724 679 2748 ,
712 2702 769 2738 κ.
805 2701 857 2737 τ.
883 2682 934 2735 λ.
963 2697 1138 2752 usque
1164 2682 1231 2737 ad
1256 2683 1505 2752 λέγεται,
1533 2681 1609 2746 ὡς
1660 2680 1869 2753 βιϐλίον
1902 2678 1965 2748 ν’,

2085 2691 2180 2738 etc.
2213 2699 2377 2753 usque
2412 2683 2483 2738 ad
2513 2683 2711 2755 digest.
2738 2686 2841 2741 144
2860 2684 3170 2758 [traditur],
3198 2696 3256 2741 ut
3273 2702 3396 2759 pag.
3426 2688 3555 2745 918.

372 2782 481 2835 τίτ.
510 2777 607 2846 ις’,
641 2779 783 2833 διάτ.
829 2775 970 2846 ρμδ’.

450 2873 731 2940 Σχὸλισν.
758 2870 834 2924 Τὸ
866 2868 907 2922 δ’
940 2869 1082 2924 διάτ.
1106 2867 1201 2922 τοῦ
1232 2868 1275 2921 δ’
1306 2867 1416 2922 τίτ.
1442 2866 1539 2922 τοῦ
1573 2866 1626 2933 ς’
1646 2867 1854 2939 βιϐλίου
1874 2866 1970 2922 τοῦ

376 2965 633 3029 κώδικος,
662 2963 776 3016 ἐστι
799 2962 942 3033 Θέμα
958 2960 1051 3014 τοῦ
1088 2959 1174 3031 κη’
1207 2978 1335 3030 κεφ.
1357 2960 1453 3013 τοῦ
1496 2958 1542 3014 α’
1575 2960 1682 3014 τίτ.
1723 2960 1820 3014 τοῦ
1864 2958 1952 3031 μϐ⁹

378 3055 587 3125 βιϐλίου
612 3052 783 3115 οὕτως
814 3052 938 3123 ἔχον
970 3051 1046 3114 ὡς
1076 3053 1156 3114 είς
1202 3050 1265 3103 τὸ
1320 3050 1575 3120 κείμενον
1626 3050 1966 3121 συνωψίσοη.

387 3147 457 3201 Ἦ
486 3144 533 3216 γ’
569 3144 819 3210 διάταξις
856 3144 951 3198 τοῦ
1015 3150 1075 3198 ιε’
1127 3144 1311 3197 τίτλου
1368 3142 1465 3196 τοῦ
1512 3140 1557 3209 ζ’
1608 3142 1820 3214 βιϐλίου
1874 3144 1972 3198 τοῦ

375 3241 637 3304 κώδικος,
666 3240 779 3292 ἐστι
807 3256 935 3307 κεφ.
966 3235 1017 3307 γ’
1046 3235 1141 3290 τοῦ
1171 3235 1235 3291 ιϐ’
1263 3236 1368 3290 τίτ,
1402 3235 1497 3290 τοῦ
1530 3243 1620 3307 μη¹
1645 3235 1852 3305 βιϐλίου
1884 3235 1973 3287 λέ-

378 3351 476 3403 τον
515 3330 709 3395 οὕτως,
757 3329 884 3384 Ἐάν
911 3346 994 3392 τις
1015 3326 1212 3397 δούλην
1244 3326 1343 3401 ἔχῃ
1373 3328 1431 3380 ὲν
1466 3330 1532 3396 τῇ
1568 3327 1674 3396 ἰδίᾳ
1708 3325 1977 3395 συναφεία

383 3425 462 3496 μὴ
493 3424 632 3495 ἔχων
661 3422 929 3494 γαμετὴν,
977 3422 1072 3475 καὶ
1099 3420 1262 3492 μείνῃ
1311 3421 1429 3490 μετ’
1460 3419 1635 3488 αὐτῆς
1688 3419 1853 3490 μέχρι
1887 3435 1974 3471 τε-

379 3514 603 3585 λευτῆς,
632 3512 744 3566 εἴτε
794 3511 934 3583 ἔχων
984 3508 1281 3582 παῖδαςξὲξ
1325 3510 1515 3579 αὐτῆς,
1572 3509 1682 3563 εῐτε
1719 3510 1817 3580 μὴ,
1881 3510 1977 3561 καὶ

382 3609 555 3682 μηδὲν
582 3608 711 3676 εἴπῃ
743 3606 872 3676 περὶ
899 3603 1068 3674 αὐτῆς
1096 3604 1154 3656 ὲν
1184 3605 1252 3675 τῇ
1288 3602 1397 3673 ἰδίᾳ
1442 3601 1702 3672 διαθήκῃ,
1760 3600 1974 3669 γίνεται

383 3701 610 3771 κάκείνη
662 3698 946 3768 ἐλευθέρα.
1008 3694 1249 3749 Ἀκούων
1299 3694 1357 3747 δὲ
1415 3694 1524 3747 ἀπὸ
1562 3694 1655 3746 τοῦ
1704 3694 1975 3764 παρόντος

2148 2846 2444 2903 Scholium.
2483 2850 2671 2905 Const.
2705 2850 2738 2905 4
2768 2850 2855 2905 tit.
2907 2850 2942 2905 4
2976 2851 3072 2906 lib.
3105 2867 3156 2906 v1
3188 2851 3323 2907 Cod.
3359 2861 3443 2908 est
3486 2854 3677 2910 thema

2075 2942 2109 2997 4
2158 2958 2279 3013 cap.
2325 2943 2395 2997 28
2452 2945 2535 3003 tit.
2571 2944 2595 2997 1
2650 2945 2744 3001 lib.
2786 2961 2898 3009 xu,
2930 2945 3078 3015 quod
3118 2946 3302 3011 habet,
3334 2956 3394 3000 ut
3429 2947 3483 3001 in
3518 2963 3673 3002 com-

2080 3039 2277 3107 pendio
2327 3038 2668 3108 propositum
2718 3048 2825 3093 est.
2872 3038 3063 3093 Const.
3100 3040 3155 3104 5,
3188 3041 3274 3094 tit.
3321 3039 3410 3094 14.
3444 3041 3538 3095 lib.
3583 3057 3663 3097 vlt

2077 3128 2212 3183 Cod.
2248 3139 2331 3184 est
2357 3145 2479 3199 cap.
2512 3128 2546 3183 5
2581 3130 2663 3183 lit.
2692 3128 2778 3194 l9,
2827 3130 2922 3186 lib.
2957 3145 3145 3196 vatn,
3179 3130 3327 3200 quod
3359 3130 3441 3185 sic
3486 3131 3621 3186 dicit
3655 3150 3672 3187 :

2081 3223 2139 3278 Si
2189 3224 2314 3295 quis
2366 3240 2589 3279 uxorem
2641 3240 2749 3279 non
2804 3224 3037 3289 habens,
3089 3240 3217 3280 cum
3272 3224 3467 3280 ancilla
3523 3224 3674 3297 [sua]

2079 3318 2535 3373 consuetudinem
2578 3317 2798 3384 haheat,
2833 3333 2898 3371 ac
2932 3334 3056 3371 cum
3106 3318 3195 3373 illa
3222 3319 3290 3373 ad
3322 3331 3552 3374 mortem
3581 3336 3676 3374 us-

2080 3425 2187 3479 que
2228 3418 2563 3479 pcruianeat,
2605 3426 2782 3479 neque
2828 3408 3128 3479 quidquam
3178 3413 3244 3464 de
3286 3410 3377 3464 illa
3423 3410 3478 3464 in
3508 3421 3680 3467 testa-

2082 3512 2266 3556 mento
2286 3516 2388 3556 suo
2414 3501 2581 3567 dicat,
2601 3502 2715 3556 sive
2742 3501 2947 3557 liberos
2964 3518 3029 3557 ex
3050 3516 3117 3555 ea
3142 3501 3362 3568 habeat,
3393 3503 3510 3558 sive
3540 3519 3681 3569 non,

2084 3598 2175 3652 illa
2206 3599 2374 3653 libera
2402 3598 2604 3653 evadit.
2633 3598 2769 3653 Cum
2799 3609 2981 3653 autem
3013 3598 3241 3653 liberam
3271 3599 3417 3653 illam
3442 3599 3559 3655 ﬁeri
3609 3616 3679 3656 ex

2083 3692 2340 3761 praesenti
2374 3692 2551 3762 capite
2577 3691 2738 3746 audis
2771 3708 2785 3745 :
2819 3691 3025 3744 liberos
3065 3690 3184 3760 ejus
3210 3692 3461 3747 servituti
3498 3693 3681 3748 obno-

380 3793 634 3857 κακόνος,
659 3791 741 3843 ὅτι
767 3790 977 3857 γίνεται
1002 3786 1185 3855 ἐκείνη
1208 3783 1491 3854 ἐλευθέρα,
1528 3782 1603 3853 μὴ
1632 3783 1865 3853 νομίσῃς
1895 3782 1976 3834 ὅτι

2085 3783 2203 3836 xios
2245 3798 2369 3837 esse
2416 3798 2485 3837 ne
2530 3783 2834 3838 existimes.
2884 3780 3021 3836 Nam
3062 3792 3115 3837 et
3156 3783 3259 3853 ipsi
3306 3784 3465 3839 liberi
3521 3787 3679 3849 limit,

380 3886 435 3938 oi
459 3884 649 3946 παῖδες
674 3881 847 3950 αὐτῆς
892 3877 1110 3947 δουλείᾳ
1158 3876 1496 3933 ὑπόκεινται·
1557 3874 1976 3944 ἐλευθεροῦνται

2085 3874 2358 3942 quomodo
2393 3875 2649 3945 superius
2678 3890 2801 3945 cap.
2849 3874 2946 3929 lib.
2990 3891 3079 3929 xu
3104 3917 3119 3940 ,
3152 3886 3207 3930 et
3238 3876 3525 3946 praesentis
3554 3891 3680 3946 cap.

381 3977 495 4047 γὰρ
525 3974 702 4041 αὐτοὶ,
752 3973 827 4035 ὡς
858 3970 919 4024 τὸ
965 3970 1239 4039 ἀνώτερον
1296 3985 1422 4036 κεφ.
1475 3966 1571 4019 τοῦ
1629 3964 1712 4036 μθ¹
1769 3964 1974 4035 βιϐλίου

2085 3976 2293 4021 veteres
2334 3966 2527 4040 [leges]
2562 3968 2737 4022 aiunt.
2786 3969 2989 4040 Digest.
3030 3967 3098 4021 12
3126 3980 3181 4023 et
3226 3969 3295 4023 15
3342 3968 3427 4023 tit.
3487 3968 3523 4023 5
3580 3968 3679 4024 lib.

385 4068 575 4141 φησὶν,
608 4067 704 4120 καὶ
735 4065 786 4118 οἱ
817 4062 911 4117 τοῦ
952 4062 1222 4132 παρόντος
1246 4077 1373 4129 κεφ.
1404 4058 1751 4129 παράτιτλοι.
1803 4054 1877 4110 Τὸ
1908 4055 1974 4126 ιβ’

384 4161 485 4215 καί⁵
512 4157 581 4226 ιγ’
624 4158 765 4212 διάτ.
801 4156 897 4209 τοῦ
926 4152 967 4207 ε’
1007 4154 1116 4206 τίτ.
1163 4150 1258 4204 τοῦ
1298 4157 1388 4221 μη’
1430 4150 1636 4220 βιϐλίου
1671 4150 1771 4202 οὐκ
1824 4149 1984 4217 ἐτέθη

386 4253 470 4314 εἰς
514 4247 583 4301 τὰ
610 4244 901 4301 Βασιλικὰ.
940 4243 1014 4295 Τὸ
1062 4238 1181 4312 ρμδ⁹
1232 4240 1370 4294 διάτ.
1404 4239 1499 4292 τοῦ
1549 4236 1623 4301 ις’
1672 4240 1778 4291 τίτ.
1812 4238 1906 4291 τοῦ
1942 4234 1983 4292 ν’

389 4340 598 4415 βιϐλίου
629 4338 737 4392 τών
760 4336 1056 4401 διατάξεων
1087 4336 1204 4388 ἐστι
1236 4349 1362 4403 κεφ.
1398 4331 1515 4403 ρμδ¹
1548 4330 1641 4384 τοῦ
1680 4330 1709 4401 β
1756 4330 1863 4385 τίτ.
1888 4329 1984 4384 τοῦ

386 4433 434 4507 β’
456 4432 668 4505 βιϐλίου
701 4430 808 4484 τῶν
839 4428 1144 4483 Βασιλικῶν
1175 4423 1350 4489 οὕτως
1370 4425 1515 4494 ἕχον,
1547 4424 1806 4493 Παλλακή
1835 4424 1985 4476 ἐστιν

387 4530 424 4599 ἡ
456 4526 679 4591 συζῶσά
728 4540 836 4576 τινι
887 4524 946 4573 ὲν
997 4521 1077 4590 τῷ
1111 4519 1246 4589 οἴκῳ
1306 4516 1474 4571 αὑτοῦ
1526 4516 1763 4587 νομίμου
1812 4516 1985 4586 χωρὶς

384 4623 602 4693 γάμου’
641 4620 675 4690 ἡ
701 4617 757 4671 δὲ
783 4612 949 4689 ἦττον
978 4612 1282 4685 τιμιωτέρα
1316 4610 1449 4681 φίλη
1484 4610 1727 4679 λέγεται.

460 4734 714 4789 ΚΕΦΑΛ.
740 4729 832 4799 (7.
862 4760 931 4773 —-
978 4727 1115 4781 Ἐὰν
1134 4725 1293 4796 γυνὴ
1324 4726 1546 4780 Jama?)
1569 4722 1889 4794 patxevtiﬁ.

457 4827 685 4882 Συνόδου
737 4822 1015 4892 Ἀγκύρας
1050 4819 1234 4874 κανὼν
1287 4815 1366 4871 ac"
1412 4816 1635 4871 συνόδου
1676 4817 1986 4870 Νεοκαισα-

385 4920 546 4994 ρείας
595 4916 777 4973 κανὼν
815 4913 900 4989 η”
934 4911 1211 4981 ἀνάγνωθι
1266 4911 1332 4964 τὰ
1365 4908 1887 4979 παραγεγραμμένα
1924 4911 1983 4962 ἐν

383 5013 471 5083 τῷ
496 5011 576 5082 λβ¹
607 5027 734 5079 κεφ.
766 5008 863 5063 τοῦ
888 5004 936 5062 α’
977 5006 1084 5062 τίτ.
1113 5003 1209 5057 τοῦ
1235 5003 1508 5075 παρόντος
1536 5001 1946 5071 συντάγματος.

464 5125 717 5179 ΚΕΦΛΛ.
744 5120 820 5177 Z'.
852 5150 923 5163 —-—
950 5119 1086 5187 Περὶ
1128 5114 1380 5188 φθορᾶς,
1417 5113 1521 5169 καί
1543 5112 1736 5185 γάμου
1765 5113 1979 5183 χήρας,

390 5220 494 5277 καὶ
520 5220 609 5285 τίς
634 5217 877 5288 λέγεται
909 5215 1086 5286 χήρα.

463 5310 747 5367 Βασιλείου
780 5307 959 5364 κανὼν
990 5305 1081 5379 ιη’,
1114 5306 1216 5363 κδ’.
1608 5311 1633 5368 il

465 5426 721 5483 ΚΕΦΑΛ.
756 5421 838 5478 Η’.
874 5454 943 5465 -
978 5422 1120 5490 Περὶ
1169 5420 1290 5475 τῶν
1334 5422 1435 5475 ἐπὶ
1484 5419 1652 5492 γάμῳ
1696 5419 1989 5491 γυναῖκας

384 5516 799 5592 ἁρπαζόντων,
833 5516 873 5586 ἧ
943 5514 1321 5585 ,βιαζομένων
1368 5513 1407 5583 ἢ
1446 5514 1813 5584 φθειρόντων
1846 5528 1995 5584 παρ-

384 5614 635 5681 θένους,
683 5613 785 5670 καὶ
813 5610 951 5679 περὶ
975 5609 1364 5676 συνιστόρων
1393 5605 1617 5661 αὐτῶν.

477 5705 823 5762 Ἀποστόλων
852 5703 1037 5759 κανὼν
1070 5699 1143 5768 ξς
1165 5718 1178 5732 ·
1218 5700 1440 5755 συνόδου
1485 5699 1763 5772 ’Δγκύρας
1812 5698 1993 5753 κανὼν

386 5803 489 5870 ια’,
513 5801 593 5858 κε’
616 5818 630 5833 ο
668 5799 891 5855 συνόδου
918 5796 1269 5869 Χαλκηδόνος
1310 5792 1493 5849 κανὼν
1517 5792 1631 5858 κζ’·
1678 5792 1901 5847 συνόδου
1938 5796 1994 5857 ς’

390 5898 584 5956 κανὼν
610 5894 726 5965 ιι6¹⁰
757 5892 1043 5951 Βασιλείου
1074 5890 1257 5948 κανὼν
1280 5886 1388 5961 κβ’,
1418 5887 1489 5958 λ’,
1541 5888 1647 5959 λγν,
1694 5888 1800 5961 λη’,
1856 5893 1935 5955 νγο
1965 5902 1982 5919 -

2089 4076 2259 4113 ιινιιι
2299 4076 2405 4114 non
2460 4071 2588 4116 sunt
2634 4061 2815 4131 posita
2855 4062 2911 4115 in
2954 4060 3117 4116 Basil.
3164 4061 3372 4130 Digest.
3422 4061 3526 4115 144
3594 4061 3683 4117 tit.

2090 4152 2157 4205 16
2183 4153 2277 4206 lib.
2308 4166 2339 4205 1.
2382 4152 2587 4223 Digest.
2629 4163 2713 4208 est
2762 4168 2885 4222 cap.
2922 4152 3059 4207 1444
3095 4152 3179 4206 tit.
3211 4151 3247 4204 2
3276 4152 3368 4206 lib.
3409 4167 3444 4205 ιι
3487 4152 3681 4215 Basil.,

2089 4243 2236 4313 quod
2283 4243 2363 4296 sic
2407 4242 2569 4297 habet
2603 4261 2616 4295 :
2667 4243 2985 4298 Concubina
3026 4250 3132 4308 est,
3174 4257 3299 4311 quae
3331 4256 3457 4296 cum
3498 4241 3686 4311 aliquo

2090 4335 2143 4389 in
2182 4336 2347 4389 domo
2381 4334 2503 4403 ejus
2543 4343 2697 4389 extra
2739 4334 3011 4404 legitimas
3056 4336 3274 4402 nuptias
3312 4332 3468 4388 vivit.
3504 4331 3684 4389 Minus

2089 4439 2272 4483 autem
2300 4428 2551 4494 honesta,
2584 4427 2761 4482 amica
2800 4426 3123 4497 appellatur.

2153 4730 2309 4787 CAP.
2354 4729 2442 4785 Vl.
2468 4761 2541 4773 —
2564 4729 2623 4785 Si
2652 4728 2780 4783 laici
2808 4743 2944 4782 uxor
2967 4727 3294 4782 adulterium
3330 4743 3493 4796 passa
3514 4729 3607 4783 sit.
3654 4730 3662 4744 ‘

2156 4822 2388 4877 Concilii
2413 4820 2687 4891 Ant-yrani
2714 4835 2890 4874 canon
2921 4818 3014 4883 20;
3041 4818 3257 4874 concilii
3281 4818 3687 4875 Neocazsarien—

2089 4914 2167 4970 sis
2216 4930 2394 4970 canon
2425 4912 2478 4968 8.
2513 4912 2655 4983 Lege
2688 4928 2813 4983 qua:
2846 4911 3107 4968 adnotata
3165 4921 3295 4969 sunt
3330 4912 3388 4967 in
3425 4927 3545 4984 cap.
3580 4912 3685 4979 52,

2090 5006 2175 5061 tit.
2208 5008 2229 5061 1
2277 5006 2565 5077 praesentis
2597 5004 2801 5076 operis.

2155 5118 2311 5175 CAP.
2340 5118 2448 5173 Vll.
2470 5148 2541 5159 ——-
2574 5117 2650 5173 De
2696 5127 2880 5189 stupro
2925 5127 2975 5173 et
3016 5118 3217 5188 nuptiis
3246 5116 3442 5181 vidum,
3488 5124 3537 5171 et
3570 5131 3689 5188 quis

2088 5212 2253 5268 vidua
2285 5213 2519 5266 dicatur.

3372 5286 3499 5300 οιοδν

2012 5318 2064 5376 (ς
2169 5303 2357 5359 Basilii
2383 5318 2561 5359 canon
2590 5301 2678 5368 l0,
2716 5299 2806 5355 24.

2160 5419 2317 5477 CAP.
2348 5416 2483 5473 Vlll.
2511 5448 2582 5459 -—
2612 5416 2690 5472 De
2718 5418 2785 5471 iis
2813 5417 2905 5488 qui
2930 5416 3258 5472 matrimonii
3294 5432 3458 5471 causa
3498 5413 3691 5467 mulie-

2094 5530 2175 5569 res
2209 5515 2450 5584 rapiunt,
2487 5521 2581 5566 aut
2608 5512 2846 5577 violant,
2900 5522 2995 5567 aut
3034 5513 3264 5583 virgines
3308 5517 3687 5579 constupraret,

2094 5620 2138 5661 et
2172 5608 2236 5662 de
2267 5607 2334 5661 iis
2355 5607 2443 5675 qui
2465 5605 2574 5660 illis
2605 5606 2808 5661 conscii
2840 5615 2985 5661 sunt.

2168 5700 2557 5771 Apostolorum
2605 5714 2782 5755 canon
2828 5699 2936 5767 67;
2996 5698 3217 5755 concilii
3271 5695 3544 5769 Ancyrani
3598 5709 3693 5750 ca-

2097 5806 2206 5847 non
2231 5790 2319 5859 ll,
2344 5788 2448 5858 25;
2477 5790 2693 5846 concilii
2723 5791 3189 5848 Chalcedonensis
3215 5804 3396 5843 canon
3428 5786 3529 5853 27;
3558 5802 3693 5841 con-

2095 5884 2370 5959 ciliisesti
2386 5899 2563 5942 canon
2590 5883 2692 5953 92;
2724 5885 2909 5943 Basilii
2931 5900 3108 5942 canon
3128 5880 3222 5952 εει,
3256 5882 3347 5950 50,
3372 5882 3463 5950 55,
3487 5878 3580 5951 58,
3606 5879 3697 5935 55.
