4142 6424
538 371 675 435 119.)

1699 376 1961 435 ΡΙΙΠἸῘΙ
1996 377 2502 437 ΡΛΤΒΙΛΒΕΠΕ
2541 379 2650 440 CP.

3692 381 3834 445 1200

604 485 778 548 Legts
813 501 932 552 qum
963 488 1219 540 adnotata
1251 496 1377 543 sunt
1422 488 1475 541 in
1504 502 1626 558 cap.
1673 489 1763 552 50,
1801 490 1883 543 tit.
1911 489 1944 543 9
1982 506 2121 558 prte-

2238 491 2503 559 ἀνάγνωθι
2530 493 2601 545 τὰ
2634 494 3165 565 παραγεγραμμένοι
3208 496 3264 545 ἐν
3288 492 3366 563 τῷ
3393 492 3435 544 λ’
3481 511 3606 562 κεφ.
3651 494 3748 547 τοῦ
3784 494 3830 547 0¹

533 580 707 635 sentis
733 580 939 649 operis.

532 688 537 694 ’
604 695 757 751 CAP.
795 695 887 751 lX.
921 728 996 739 —
1031 695 1110 751 De
1147 696 1230 750 his
1274 712 1394 766 qua:
1435 704 1631 765 prater
1672 694 1995 752 voluntatem
2023 713 2124 767 pa-

533 800 742 845 rentum
770 798 863 843 aut
895 790 1231 844 dominorum
1265 790 1491 845 nubunt.

564 946 568 953 ,
604 885 792 940 Basilii
827 901 1002 940 canon
1031 884 1123 952 58,
1153 885 1244 949 41,
1281 886 1374 939 42.

546 994 547 999 π
608 976 826 1031 Textus.
854 978 959 1044 Qui
985 993 1174 1047 quaeve
1198 978 1253 1031 in
1285 979 1512 1035 alterius
1538 988 1808 1049 potestate
1834 989 1986 1044 sunt,
2020 997 2130 1037 non

531 1076 768 1139 possunt
790 1069 1031 1139 legitime
1055 1070 1469 1124 matrimonium
1493 1072 1843 1138 contrahere,
1870 1088 1979 1125 non
2002 1087 2131 1127 con-

531 1160 804 1215 sentiente
836 1175 904 1214 eo
940 1161 1033 1230 qui
1065 1162 1189 1215 illos
1232 1164 1283 1216 in
1326 1174 1595 1232 potestate
1632 1166 1838 1220 habet:
1868 1177 1929 1220 ut
1972 1166 2069 1221 lib.
2097 1180 2131 1219 v

530 1250 691 1328 ϐοά,
720 1250 803 1304 tit.
838 1250 892 1315 4,
916 1259 972 1305 et
999 1252 1092 1305 lib.
1114 1268 1241 1316 xxv,
1267 1252 1351 1307 tit.
1376 1253 1411 1306 ‘2
1438 1254 1717 1327 [traditur]
1745 1274 1758 1310 :
1783 1264 1935 1311 extra
1963 1273 2129 1327 quam

531 1347 575 1399 si
600 1342 767 1415 [quis]
800 1344 962 1398 ﬁliam
996 1345 1185 1417 viginti
1212 1347 1454 1416 quinque
1486 1363 1662 1403 annos
1692 1360 1873 1404 natam
1903 1350 1979 1422 [iu
2014 1366 2133 1405 ma-

530 1436 879 1509 trimonium]
914 1438 1127 1493 elocare
1149 1438 1385 1496 differat.
1412 1438 1569 1495 Tunc
1602 1440 1747 1495 enim
1779 1440 1920 1515 [illa]
1948 1443 2133 1498 liberae

532 1526 867 1583 conditionis
909 1529 1118 1584 homini
1160 1530 1397 1599 seipsam
1452 1529 1853 1604 [matrimonio]
1897 1532 2131 1603 jungere

2234 582 2340 636 τίτ.
2372 583 2566 637 τούτου
2599 584 3005 655 συντάγματος.

2303 696 2558 752 ΚΕΦΑΛ.
2594 697 2672 756 Θ’.
2726 728 2798 739 -
2854 700 2996 769 Περὶ
3037 699 3157 754 τῶν
3203 700 3362 769 παρὰ
3402 699 3641 769 γνώμην
3695 700 3819 754 τῶν

2236 791 2475 845 οἰκείων
2506 792 2734 862 γονέων
2763 793 2803 863 ἢ
2835 793 3155 848 δεσποτῶν
3180 792 3528 864 γαιιουσῶν.

2307 884 2598 938 Βασιλείου
2635 884 2818 939 κανὼν
2845 885 2954 957 λη’,
2998 894 3108 957 μα’,
3143 888 3250 958 μβ¹.

2304 978 2621 1046 Κείμενον.
2654 979 3007 1046 ’Υπεξουσία,
3036 981 3070 1052 ἢ
3095 982 3124 1033 ὁ
3159 979 3480 1047 ὑπεξούσιος
3511 980 3570 1032 οὗ
3598 978 3827 1035 δύναται

2233 1070 2486 1140 νομίμως
2516 1074 2718 1142 γαμεῖν
2746 1073 2821 1142 μὴ
2854 1072 3233 1135 συναινοῦντος
3260 1073 3354 1126 τοῦ
3381 1073 3597 1143 ἔχοντος
3628 1075 3827 1137 αὐτοὺς

2235 1162 2599 1229 ὑπεξουσίως,
2630 1164 2705 1228 ὡς
2728 1165 2933 1235 βιϐλίον
2983 1174 3022 1218 ε’
3076 1164 3169 1219 τοῦ
3221 1165 3453 1229 κώδικος
3484 1167 3590 1221 τίτ.
3626 1167 3695 1219 δ’·
3730 1167 3829 1219 καὶ

2237 1251 2441 1324 βιϐλίον
2469 1262 2576 1324 κγ’,
2604 1258 2712 1309 τίτ.
2740 1256 2806 1327 β’,
2854 1259 2904 1311 εἰ
2937 1258 3012 1330 μὴ
3063 1260 3354 1327 γεγονυῖαν
3398 1258 3498 1329 τὴν
3548 1258 3830 1328 Θυγατέρα.

2237 1353 2317 1400 κε’
2369 1348 2637 1403 ἐνιαυτῶν
2690 1350 2990 1420 ὑπερέθετο
3049 1351 3272 1419 ζεῦξαι·
3321 1352 3445 1405 τότε
3484 1353 3591 1421 γὰρ
3626 1352 3827 1422 ἑαυτὴν

2235 1439 2541 1511 ἐλευθέρως
2575 1440 2764 1509 ζεῦξαι
2802 1443 3025 1499 δύναται
3050 1444 3126 1509 ὡς
3154 1448 3188 1516 ἡ
3238 1444 3369 1517 περὶ
3401 1444 3509 1499 τῶν
3551 1447 3610 1499 ὲν
3640 1444 3827 1518 κλήρῳ

2235 1531 2606 1603 εὐχαριστιῶν
2640 1551 2671 1606 ρ
2690 1542 2748 1587 ιε’
2771 1536 2964 1608 νεαρά.

530 1627 751 1686 potest:
784 1620 1251 1688 quemadmodum
1277 1637 1400 1691 quae
1438 1620 1505 1676 de
1528 1621 1923 1693 ingratitudine
1956 1624 2131 1679 haere-

530 1710 660 1766 dum
696 1710 940 1784 [tractat]
975 1714 1190 1768 novella
1226 1713 1329 1767 115
1359 1712 1590 1785 [docet].

603 1802 896 1859 Scholium.
927 1804 1038 1860 Tit.
1059 1807 1093 1861 4
1113 1805 1210 1865 lib.
1232 1806 1419 1862 vCod.
1443 1807 1654 1877 positus
1677 1816 1761 1863 est
1808 1806 1862 1861 in
1914 1822 2037 1879 cap.
2058 1809 2130 1863 27
2178 1812 2261 1866 tit.
2289 1811 2323 1867 4
2361 1814 2458 1868 lib.
2503 1814 2672 1871 Basil.
2709 1831 2902 1871 xxvtn.
2932 1815 3105 1884 Quale
3136 1825 3316 1873 tamen
3382 1833 3502 1888 cap.
3564 1816 3620 1870 in
3678 1823 3827 1869 textu

532 1899 795 1969 scriptum
836 1908 942 1965 est,
986 1900 1195 1954 nullum
1241 1901 1295 1955 in
1343 1910 1456 1956 toto
1507 1900 1658 1973 [illo]
1691 1903 1773 1956 tit.
1817 1911 1922 1957 est.
1964 1904 2120 1970 Quod
2178 1919 2361 1961 autem
2399 1909 2492 1979 qui
2550 1926 2740 1980 quaeve
2792 1913 2845 1966 in
2879 1921 3148 1982 potestate
3191 1920 3356 1976 sunt,
3400 1914 3546 1965 circa
3591 1921 3829 1964 consen-

529 2006 652 2045 sum
682 1991 803 2056 ejus
823 1993 917 2063 qui
943 2008 1040 2048 eos
1064 1994 1117 2048 in
1144 2003 1413 2065 potestate
1451 1996 1645 2061 habet,
1695 1994 1937 2068 legitime
1992 1998 2408 2054 matrimonium
2456 2002 2785 2058 contrahere
2825 2018 2933 2057 non
2988 2003 3241 2074 possint:
3289 2002 3367 2075 [id
3394 1999 3547 2072 vero]
3585 2015 3651 2054 ex
3694 1997 3833 2052 mul-

533 2080 604 2135 tis
658 2099 778 2153 cap.
843 2085 1197 2141 manifestum
1234 2096 1339 2143 est.
1378 2086 1488 2141 Tit.
1520 2087 1556 2140 2
1597 2087 1691 2141 lib.
1737 2103 1873 2142 xxm
1909 2088 2029 2160 Dig.
2068 2099 2151 2145 est
2196 2091 2251 2145 in
2278 2108 2401 2163 cap.
2452 2094 2477 2148 1
2528 2094 2655 2149 ῑίι.4
2700 2096 2796 2153 lib.
2841 2112 3057 2163 xxvut;
3106 2105 3271 2166 atque
3299 2094 3546 2165 ejusdem
3582 2094 3667 2147 tit.
3701 2107 3831 2161 cap.

535 2174 573 2227 2
626 2176 702 2231 ait
764 2194 777 2229 :
834 2176 953 2232 Non
1005 2180 1321 2234 consistunt
1387 2181 1623 2251 nuptiae,
1684 2182 1791 2237 nisi
1827 2182 1921 2252 qui
1974 2183 2413 2254 conjungantur,
2471 2188 2679 2257 quique
2730 2203 2828 2245 eos
2884 2190 2939 2244 in
2995 2196 3264 2259 potestate
3309 2187 3534 2251 habent,
3596 2200 3831 2240 conseri»

531 2270 693 2325 tiant.
751 2269 974 2327 Novella
1011 2272 1116 2327 115
1163 2266 1257 2328 est
1288 2274 1342 2329 in
1388 2289 1510 2345 cap.
1560 2274 1629 2330 38
1660 2275 1743 2331 tit.
1796 2276 1830 2330 8
1858 2276 1952 2331 lib.
1986 2292 2118 2339 xxv,
2175 2276 2368 2343 Basil.,
2394 2288 2557 2349 atque
2587 2281 2656 2335 12
2684 2281 2804 2351 ejus
2850 2296 2974 2352 cap.
3002 2282 3119 2336 haec
3167 2280 3303 2336 dicit
3337 2298 3351 2335 :
3386 2279 3444 2335 Si
3472 2278 3560 2334 cui
3596 2293 3661 2332 ex
3694 2293 3834 2347 prte-

529 2364 693 2446 dictis
743 2366 1065 2435 parentibus
1117 2366 1240 2422 ﬁliae
1289 2367 1507 2437 neptive
1555 2382 1671 2423 suae
1712 2367 1971 2422 maritum
2004 2369 2173 2435 dare,
2233 2378 2289 2425 et
2346 2372 2652 2427 secundum
2708 2372 2857 2428 vires
2908 2372 3226 2443 patrimonii
3282 2371 3367 2427 sui
3400 2385 3499 2441 pro
3538 2385 3603 2424 ea
3652 2372 3829 2424 dotem

530 2459 731 2515 offerre
786 2459 1013 2525 volenti,
1065 2459 1157 2514 illa
1204 2475 1313 2515 non
1363 2460 1732 2528 consenserit,
1773 2462 1869 2517 sed
1906 2469 2126 2531 turpem
2180 2462 2345 2519 vitam
2392 2465 2652 2536 delegerit
2686 2484 2699 2520 :
2733 2467 2830 2521 sed
2865 2466 2911 2522 si
2970 2466 3079 2520 ﬁlia
3122 2466 3191 2521 ad
3234 2480 3435 2520 annum
3482 2463 3659 2518 aetatis
3686 2463 3831 2518 vice-

529 2554 734 2610 simum
792 2552 1043 2623 quintum
1097 2555 1429 2622 pervenerit,
1466 2562 1521 2609 et
1573 2562 1827 2624 parentes
1868 2552 2125 2609 differant
2182 2558 2386 2613 marito
2431 2574 2553 2614 eam
2608 2559 2965 2629 conjungere,
3016 2568 3072 2615 et
3115 2575 3183 2613 ex
3219 2559 3325 2614 hoc
3372 2558 3658 2628 contingat
3679 2567 3739 2611 ut
3765 2556 3821 2609 in

528 2661 734 2714 corpus
781 2645 920 2701 forte
966 2660 1128 2701 suum
1164 2655 1387 2716 peccet,
1440 2646 1545 2701 hoc
1594 2647 1663 2702 ad
1713 2647 2159 2720 ingratitudinem
2218 2651 2478 2722 imputari
2530 2650 2655 2705 ﬁlia:
2711 2651 3019 2707 nolumus:
3066 2649 3511 2722 quandoquidem
3544 2664 3652 2703 non
3706 2662 3828 2715 sua,

528 2734 629 2789 sed
687 2746 978 2807 parentum
1044 2737 1205 2807 culpa
1230 2738 1336 2792 hoc
1393 2737 1695 2807 deliquisse
1757 2739 2120 2810 dignoscitur.
2175 2741 2355 2811 Atque
2400 2741 2518 2797 haec
2563 2741 2787 2811 quidem
2845 2739 3057 2813 [habet]
3109 2741 3278 2796 Basil.
3339 2738 3544 2795 inserta
3594 2737 3825 2793 novella.

530 2828 614 2883 Tu
664 2845 793 2885 vero
831 2830 1260 2896 animadvertas,
1308 2830 1454 2899 quod
1506 2829 1617 2885 ﬁlia
1671 2838 1793 2900 post
1818 2830 2143 2887 vicesimum
2187 2833 2441 2903 quintum
2523 2848 2729 2888 annum
2785 2848 2843 2888 se
2893 2842 3090 2902 prater
3144 2832 3482 2886 voluntatem
3531 2830 3705 2899 patris
3746 2829 3827 2883 sui

528 2923 719 2979 liberae
774 2924 1108 2980 conditionis
1161 2923 1372 2977 homini
1418 2923 1679 2978 connubii
1724 2922 1849 2994 jure
1909 2924 2141 2996 jungere
2193 2926 2388 2996 possit,
2415 2924 2514 2999 [id]
2565 2927 2619 2981 in
2665 2924 2831 2982 Basil.
2867 2942 2977 2981 non
3016 2941 3141 2982 esse
3187 2935 3561 2996 assumptum,
3599 2926 3826 2995 ideoque

527 3016 832 3075 efﬁcaciam
886 3031 996 3072 non
1062 3015 1288 3070 habere.
1312 3013 1473 3068 Aliud
1524 3014 1820 3069 Scholium.
1866 3014 2004 3071 Nota
2044 3034 2166 3087 quae
2225 3018 2280 3072 in
2316 3019 2579 3089 praesenti
2632 3018 2666 3074 9
2698 3034 2820 3089 cap.
2857 3017 2925 3072 de
2954 3018 3175 3074 ﬁliabus
3225 3018 3278 3072 in
3319 3026 3593 3089 potestate
3620 3019 3829 3073 consti-

529 3110 667 3169 tutis
721 3110 927 3177 scripta
994 3115 1143 3162 sunt.
1198 3104 1472 3171 Quoniam
1506 3118 1635 3159 vero
1695 3105 1948 3159 nonnulli
2027 3106 2310 3173 dixerunt,
2345 3107 2513 3163 tiliam
2568 3122 2693 3177 qua:
2750 3108 3262 3178 postvicesimum
3326 3109 3584 3179 quintum
3628 3125 3826 3165 annum

529 3200 859 3265 fornicatur,
912 3199 1216 3255 secundum
1278 3198 1348 3252 12
1412 3212 1533 3267 cap.
1583 3195 1667 3250 tit.
1716 3194 1751 3250 8
1808 3196 1904 3252 lib.
1956 3212 2101 3253 xxxv
2157 3197 2348 3263 Basil.,
2406 3198 2548 3269 quod
2637 3198 2729 3255 hic
2790 3200 2956 3253 etiam
3015 3200 3282 3256 insertum
3337 3210 3454 3265 est,
3506 3214 3613 3254 non
3676 3215 3833 3271 posse

532 3293 869 3354 exhaeredari
909 3309 923 3359 ;
972 3307 1094 3363 quae
1130 3304 1260 3346 vero
1300 3291 1477 3356 nubit,
1515 3305 1682 3359 posse
1718 3309 1731 3345 :
1766 3292 1913 3361 quod
1960 3291 2127 3347 ﬁliam
2194 3302 2314 3361 poSt
2344 3293 2667 3349 vicesimum
2714 3292 2977 3363 quintum
3008 3309 3215 3349 annum
3266 3305 3466 3366 praeter
3498 3297 3828 3352 voluntatem

530 3390 704 3464 patris
736 3387 823 3444 sui
850 3401 910 3443 se
939 3384 1199 3441 connubii
1235 3383 1359 3453 jure
1382 3383 1500 3438 viro
1526 3383 1755 3454 jungere
1780 3398 1961 3453 posse,
1997 3399 2105 3437 non
2160 3385 2231 3439 sit
2280 3384 2547 3441 insertum
2604 3384 2796 3449 Basil.,
2852 3385 2999 3450 dico,
3060 3386 3205 3456 quod
3262 3402 3386 3441 cum
3451 3389 3675 3451 eadem,
3714 3402 3833 3459 quae

534 3499 734 3543 causas
766 3481 839 3538 ob
854 3495 995 3552 quas
1020 3486 1277 3550 parentes
1308 3476 1515 3531 liberos
1550 3475 1902 3531 ethretlare
1926 3486 2161 3547 possunt
2187 3485 2497 3541 enumerat,
2551 3474 2897 3532 Justinianea
2947 3479 3162 3534 novella
3212 3488 3438 3544 Statuat,
3471 3490 3529 3534 ut
3563 3481 3655 3552 qui
3688 3483 3828 3539 ﬁlius

531 3586 734 3651 praeter
786 3569 1165 3649 [consensum]
1205 3571 1375 3642 patris
1405 3585 1531 3626 cum
1583 3569 1769 3625 mimis
1823 3578 1919 3625 aut
1979 3572 2248 3627 arcnariis
2297 3572 2658 3628 venatoribus
2715 3583 3117 3637 conversatur,
3169 3574 3586 3637 exhzeredetur,
3634 3575 3831 3631 debea-

533 3687 662 3728 mus
682 3671 883 3735 dicere,
910 3666 1331 3722 fornicationem
1357 3670 1523 3734 atque
1548 3660 1769 3733 nuptias
1792 3662 1930 3718 alias
1961 3663 2119 3718 venia
2179 3665 2487 3735 dignandas
2513 3705 2529 3731 ,
2589 3666 2729 3722 alias
2768 3680 2902 3721 non.
2955 3663 3237 3736 Siquidem
3272 3666 3319 3721 si
3372 3667 3504 3734 tilia,
3558 3668 3671 3724 sive
3707 3680 3833 3725 ante

535 3765 834 3844 perfectam
874 3766 1089 3815 aetatem
1132 3756 1247 3812 sive
1275 3764 1419 3826 post,
1468 3754 1809 3808 matrimonii
1849 3754 1968 3825 lege
1999 3770 2122 3809 cum
2186 3757 2304 3812 viro
2344 3755 2479 3829 [non
2526 3756 2781 3829 omnino]
2815 3757 3167 3828 vituperabili
3213 3758 3509 3829 conjuncta
3570 3760 3750 3825 fuerit,
3775 3763 3834 3814 ut

536 3877 649 3918 non
709 3870 928 3929 gravem
973 3859 1127 3922 pater
1177 3863 1247 3904 ex
1292 3847 1499 3915 nuptiis
1553 3846 1812 3915 injuriam
1872 3849 2128 3918 accipiat,
2184 3850 2599 3907 matrimonium
2642 3852 2865 3922 quidem
2915 3859 3174 3921 tanquam
3205 3853 3353 3922 quod
3408 3854 3709 3910 consistere
3736 3870 3828 3907 ne-

536 3961 726 4026 queat,
773 3965 838 4005 ex
884 3945 1126 4002 aditione
1155 3941 1328 4014 patris
1363 3939 1455 4014 [ad
1499 3939 1766 4012 judicent]
1807 3939 2162 4007 dissolvetur,
2213 3942 2309 3999 sed
2353 3942 2465 3998 ﬁlia
2494 3959 2605 3999 non
2631 3943 3095 4000 exhaeredabitur.
3128 3943 3285 4011 Quod
3318 3945 3495 4015 ipsum
3535 3962 3669 4002 sane
3689 3946 3833 4003 futu-

536 4065 661 4109 rum
695 4047 860 4102 etiam
890 4051 995 4109 est,
1038 4041 1085 4097 si
1118 4038 1286 4095 simili
1321 4037 1485 4091 modo
1526 4034 1796 4092 fornicata
1842 4036 2029 4092 fuerit.
2052 4036 2126 4091 At.
2176 4037 2293 4094 sive
2334 4053 2432 4110 per
2482 4038 2740 4110 nuptias,
2791 4040 2909 4097 sive.
2968 4056 3065 4110 per
3100 4040 3519 4097 fornicationem
3566 4041 3831 4116 [omnino]

538 4160 759 4221 gravem
779 4140 920 4215 patri
939 4136 1197 4209 injuriam
1219 4133 1488 4201 intulerit,
1504 4134 1963 4190 exhaeredabitur.
1988 4133 2132 4189 Idem
2202 4149 2334 4190 vero
2359 4144 2416 4191 et
2451 4135 2508 4190 in
2536 4137 2648 4191 ﬁlio
2682 4134 2797 4192 ﬁet.
2844 4134 2922 4191 De
2963 4135 3328 4191 fornicatione
3376 4146 3557 4192 autem
3589 4137 3833 4193 adhibito

537 4237 862 4299 discrimine
892 4238 1192 4305 quaeretur.
1215 4228 1337 4283 Alia
1361 4227 1510 4282 enim
1538 4226 1827 4296 diuturna,
1859 4226 1966 4281 alia
1993 4227 2328 4311 temporaria
2353 4237 2461 4285 est.

616 4373 771 4431 CAP.
824 4370 897 4427 Χ.
928 4400 995 4411 -—-
1023 4366 1100 4422 De
1146 4362 1459 4419 mulieribus
1506 4360 1928 4433 fornicantibus,
1966 4361 2133 4431 fetum

2308 4368 2567 4425 ΚΕΦΑΛ.
2593 4367 2650 4424 l'.
2668 4398 2740 4408 ——
2754 4365 2896 4436 Περί
2934 4366 3053 4422 τῶν
3072 4368 3528 4436 πορνευουσῶν,
3548 4372 3644 4425 καὶ
3673 4371 3834 4427 ἀναι-

540 4466 939 4540 perimentibus,
989 4461 1066 4516 vel
1123 4461 1194 4513 ad
1240 4460 1503 4512 necandos
1555 4455 1695 4525 fetus
1750 4456 2138 4509 medicamenta

2240 4460 2490 4533 ρουσῶν
2525 4462 2599 4518 τὰ
2626 4464 2963 4533 τικτόμενα,
2994 4461 3032 4531 ἢ
3057 4461 3369 4517 ποιουσῶν
3398 4464 3630 4533 φθόρια.

543 4559 967 4631 conﬁcientibus.

615 4671 845 4729 Concilii
876 4666 1155 4738 Ancyrani
1184 4679 1361 4720 canon
1395 4663 1458 4717 2|
1495 4678 1511 4730 ;
1542 4662 1763 4718 concilii
1793 4660 1932 4717 sexti
1959 4674 2138 4716 canon

2319 4666 2551 4722 Συνόδου
2595 4664 2876 4738 Ἀγκύρας
2923 4665 3107 4720 κανὼν
3136 4664 3253 4718 κα”
3304 4663 3525 4719 συνόδου
3550 4671 3605 4730 ς’
3648 4666 3825 4720 κανὼν

544 4769 608 4825 91
652 4784 667 4832 ;
699 4764 884 4820 Basilii
921 4776 1098 4816 canon
1126 4759 1181 4824 2,
1209 4760 1263 4822 8,
1297 4758 1388 4813 5‘2.

621 4881 839 4937 Textus.
881 4875 1095 4931 Dicitur
1135 4874 1232 4930 lib.
1290 4889 1436 4927 XLVI]
1468 4915 1482 4938 ,
1510 4873 1592 4927 tit.
1624 4873 1710 4940 11,
1769 4870 1889 4942 Dig.
1944 4871 1999 4934 4,
2031 4877 2138 4924 etc.

544 4991 707 5048 usque
733 4976 804 5026 ad
828 4972 1016 5026 datum
1040 4971 1132 5034 sit,
1164 4978 1221 5022 ut
1250 4984 1374 5038 pag.
1402 4965 1527 5021 9'25.

2250 4767 2340 4830 ιιαν
2362 4778 2374 4792 ·
2412 4760 2698 4815 Βασιλειου
2733 4758 2916 4815 κανὼν
2945 4758 3011 4830 β’,
3038 4764 3114 4829 η’,
3142 4757 3243 4828 νβ’.

2325 4876 2652 4944 Ife/pavor.
2684 4872 2919 4944 Εἴρηται
2948 4870 3142 4943 βιὸλίῳ
3175 4868 3264 4940 μζ¹
3285 4909 3300 4935 ,
3336 4870 3442 4924 τίτ.
3478 4867 3570 4935 ια’,
3602 4868 3741 4924 διάτ.
3771 4868 3832 4936 δ’,

2253 4968 2390 5038 ὄτιή
2423 4965 2701 5036 ἐπιτηδὲς,
2728 4983 2783 5020 κ.
2816 4983 2869 5020 τ.
2901 4965 2952 5019 λ.
3005 4978 3183 5034 usque
3218 4964 3309 5028 ad,
3340 4963 3446 5017 κᾶν
3480 4964 3651 5035 χωρὶς
3680 4962 3828 5017 δόλου

2249 5062 2310 5113 τὸ
2341 5059 2495 5113 πόμα
2524 5058 2780 5112 δέδωκεν.

560 5096 566 5105 ·
2249 5077 2310 5113 το
2341 5077 2495 5130 πομα
2524 5077 2780 5126 οεοωκεν.

547 5141 579 5164 δ’
620 5160 916 5217 Scholium.
966 5158 1170 5228 Digest.
1205 5158 1240 5212 4
1275 5157 1358 5212 tit.
1389 5157 1451 5212 11
1498 5157 1601 5213 lib.
1631 5172 1778 5212 XLVII
1839 5155 1960 5227 Dig.
2001 5165 2085 5211 est
2145 5170 2266 5226 cap.
2324 5156 2396 5211 24
2441 5155 2524 5211 tit.
2582 5154 2656 5208 2‘2.
2706 5154 2803 5209 lib.
2859 5168 2925 5208 ιιι
2992 5152 3184 5217 Basil.,
3216 5150 3363 5223 quod
3399 5150 3555 5217 dicit,
3605 5161 3665 5206 ut
3700 5150 3830 5205 scri-

542 5264 693 5325 ptum
726 5260 829 5307 est.
864 5248 981 5319 Dig.
1011 5246 1208 5303 8tit.8
1238 5247 1333 5301 lib.
1364 5262 1667 5302 xutunon
1716 5249 1953 5319 positum
1985 5259 2071 5303 est
2136 5246 2191 5299 in
2245 5247 2415 5302 Basil.
2470 5244 2591 5316 Dig.
2651 5245 2722 5301 39
2794 5245 2880 5299 tit.
2926 5243 2993 5299 19
3060 5243 3155 5298 lib.
3198 5260 3364 5300 XLVIII
3414 5244 3536 5317 Dig.
3583 5254 3668 5299 est
3708 5260 3824 5316 cap.

541 5349 611 5411 29
662 5347 745 5401 tit.
789 5344 850 5399 51
892 5341 987 5396 lib.
1044 5356 1112 5395 1.x
1158 5340 1350 5405 Basil.,
1391 5356 1457 5397 ac
1511 5341 1645 5397 dicit
1701 5358 2043 5414 quaecunque
2090 5343 2291 5414 scripta
2360 5350 2509 5398 sunt.
2558 5342 2675 5414 Dig.
2712 5341 2782 5396 58
2813 5340 3062 5412 ejusdem
3105 5339 3201 5396 lib.
3246 5348 3301 5396 et
3357 5340 3438 5395 tit.
3463 5348 3548 5395 est
3586 5342 3763 5396 thema
3800 5342 3830 5395 6

543 5453 662 5509 cap.
694 5434 764 5491 '58
795 5435 879 5489 tit.
920 5432 983 5487 51
1023 5432 1113 5488 lib.
1168 5447 1237 5486 1.x
1293 5430 1483 5501 Basil.,
1526 5434 1693 5500 quod,
1724 5450 1847 5506 quae
1886 5435 2275 5505 compendiose
2302 5439 2588 5507 proposita
2611 5443 2759 5501 sunt,
2796 5442 3007 5490 narrat.

587 5558 742 5614 CAP.
796 5554 891 5610 XI.
933 5575 1007 5592 --
1042 5553 1119 5609 De
1168 5556 1236 5609 iis
1265 5556 1356 5627 qui
1439 5554 1819 5610 abominantur
1862 5555 2142 5608 matrimo-

541 5654 709 5718 nium,
742 5668 954 5706 carnem
990 5660 1040 5704 et
1072 5649 1272 5705 vinum.

564 5778 572 5785 '
614 5765 1003 5835 Apostolorum
1042 5778 1219 5817 canon
1263 5763 1325 5817 51
1366 5781 1380 5830 ;
1415 5763 1636 5819 concilii
1675 5761 2018 5834 Gangrensrs
2042 5778 2134 5817 ca-
2167 5766 2211 5825 (Ζ

544 5874 647 5911 non
683 5858 732 5921 l,
757 5858 811 5920 2,
835 5858 888 5925 4,
922 5856 955 5910 9
983 5874 997 5923 ;
1034 5854 1207 5912 Basil.
1242 5871 1419 5911 canon
1443 5856 1533 5921 28,
1564 5855 1651 5910 85.

2318 5553 2569 5607 ΚΕΦΑΛ.
2606 5550 2709 5605 1Α¹⁶
2742 5581 2809 5592 --
2844 5550 2986 5619 Περὶ
3012 5549 3131 5605 τῶν
3156 5550 3680 5621 ,βδελυσσομένων
3730 5551 3834 5606 τὸν

2242 5646 2456 5718 γάμον,
2491 5645 2592 5701 καὶ
2621 5645 2788 5715 κρέα,
2818 5643 2916 5700 καὶ
2944 5641 3133 5700 οἶνον.

2330 5760 2677 5813 ’Λποστὸλων
2713 5760 2896 5813 κανὼν
2925 5766 3006 5813 ναν
3038 5775 3052 5789 ·
3092 5759 3315 5813 συνόδου
3350 5759 3609 5831 Γάγγρας
3660 5760 3833 5815 κανὼν

2263 5860 2331 5921 α’,
2358 5854 2424 5925 β’,
2454 5854 2517 5923 δ’,
2546 5854 2590 5907 (ι’
2613 5872 2625 5883 ·
2664 5854 2948 5908 Βασιλείου
2987 5854 3167 5910 κανὼν
3203 5862 3309 5925 κη’,
3345 5860 3447 5909 πεν.
