4142 6424
377 420 511 487 1201

1236 431 1725 499 NOMOCANON.
1764 463 1833 473 —
1871 439 2018 499 TIT.
2062 442 2210 503 ΧΙΙΙ
2273 444 2431 506 CAP.
2475 445 2814 511 IX‘XVIII.

3528 456 3667 521 1202

440 541 693 596 ΚΕΦΑΛ.
726 540 827 597 ΙΒ’.
853 572 925 583 -—
951 546 1091 615 Περὶ
1130 548 1363 604 λαϊκῶν
1386 552 1644 620 ἑαυτοὺς
1692 554 1961 627 ἀκρωτη-
1991 611 1992 616 η

2140 556 2295 613 CAP.
2328 556 2447 614 XII.
2490 590 2560 601 -—
2588 560 2666 617 De
2693 562 2848 617 laicis
2875 562 2979 618 sibi
3026 565 3207 621 virilia
3238 573 3661 639 amputantibus.

359 632 593 703 ριαζόντ
604 653 707 689 ων.

458 725 799 783 Ἀποστόλων
826 729 1010 785 κανὼν
1039 730 1148 803 κβ⁶,
1179 733 1257 787 κδ’
1279 749 1293 766 ⁸
1352 737 1573 791 συνόδου
1603 738 1840 805 Νικαίας
1868 760 1966 797 καο

370 814 478 870 νὼν
523 824 573 872 α’
601 835 614 848 ο
652 821 929 890 ἀνάγνωθι
978 823 1048 878 τὰ
1103 831 1625 899 παραγεγραμμένοι
1676 834 1735 886 ἐν
1768 833 1848 905 τῷ
1901 835 1963 888 ιδ’

370 927 498 980 κεφ.
528 911 624 965 τοῦ
650 919 700 966 α’
726 913 832 967 τίτ.
862 914 957 969 τοῦ
989 916 1260 988 παρόντος
1292 920 1696 992 συντάγματος.

443 1048 697 1104 ΚΕΦΑΛ.
733 1051 834 1106 ΙΓ’.
856 1080 929 1093 --
975 1052 1118 1122 Περὶ
1142 1053 1375 1109 λαϊκῶν
1422 1057 1756 1113 ἐσθιόντων
1791 1060 1957 1114 εἰδω-

366 1142 612 1206 λόθυτα,
630 1142 669 1213 ἢ
695 1142 841 1212 κρέα
859 1143 928 1198 ἐν
949 1145 1172 1216 αἵματι,
1194 1147 1233 1218 ἢ
1260 1149 1503 1217 πνικτὰ,
1530 1149 1567 1222 ἢ
1588 1152 1953 1223 θηριάλωτα,

364 1230 403 1298 ἢ
437 1233 781 1302 θνησιμαῖα.

451 1325 791 1382 Ἀποστόλων
821 1330 1004 1387 κανὼν
1028 1331 1157 1400 ξς¹.
1194 1336 1415 1390 συνόδου
1460 1338 1740 1412 Ἀγκύρας
1774 1341 1960 1397 κανὼν

367 1419 430 1466 ι’·
468 1418 691 1472 συνόδου
743 1421 1002 1495 Γάγγρας
1052 1426 1235 1481 κανὼν
1282 1428 1360 1499 ﬁ"
1414 1431 1635 1485 συνόδου
1680 1440 1735 1498 ς’
1775 1434 1957 1488 κανὼν

366 1504 479 1570 ξξ¹⁸
512 1510 818 1585 Γρηγορίου
880 1518 976 1571 τοῦ
1006 1518 1441 1593 Θαυματουργοῦ
1491 1526 1557 1577 ὲκ
1593 1526 1694 1596 τῆς
1743 1527 1960 1581 ἐπιστο-

362 1601 462 1674 λῆς
494 1607 592 1677 τῆς
631 1612 760 1682 περὶ
799 1613 907 1668 τῶν
950 1615 1020 1670 τὰ
1052 1616 1385 1674 εἰδωλόθυτα
1422 1620 1730 1691 φαγόντων,
1783 1622 1951 1678 Βασι-

360 1697 507 1753 λεὶου
531 1703 714 1758 κανὼν
744 1706 858 1761 πα’.

433 1814 688 1873 ΚΕΦΑΛ.
725 1817 823 1879 1Δ’.
859 1823 1083 1893 -Περὶ
1102 1826 1259 1881 λαοῦ
1288 1827 1632 1898 ὑϐρίζοντος
1654 1832 1948 1896 βασιλέα.

444 1997 785 2053 ’Λποστόλων
805 2001 987 2057 κανὼν
1013 2004 1118 2058 πδ¹·
1138 2008 1415 2076 ἀνάγνωθι
1437 2010 1507 2065 τὰ
1535 2029 1947 2087 παραγεγραμ-

359 2089 498 2158 μένα
526 2092 585 2145 ἐν
615 2092 695 2163 τῷ
724 2094 812 2159 λςδ
839 2113 965 2166 κεφ.
992 2098 1088 2152 τοῦ
1120 2099 1167 2153 θ’
1214 2101 1319 2158 τίτ.
1355 2104 1452 2158 τοῦ
1501 2108 1771 2177 παρόντος
1819 2127 1949 2164 συν·

355 2184 658 2253 τάγματος.

426 2295 683 2352 ΚΕΦΑΛ.
708 2299 811 2357 ΙΕ’.
837 2333 903 2342 ——
946 2305 1087 2374 Περὶ
1129 2293 1951 2383 ὀρθοδόξωνῚλαμϐανόντων

354 2390 640 2459 εὐλογίας
677 2392 797 2446 ἀπὸ
826 2396 1159 2463 αἱρετικῶν,
1190 2397 1229 2467 ἢ
1278 2400 1598 2467 Ἰουδαίων,
1624 2403 1662 2472 ἢ
1696 2419 1952 2473 συνεορ-

355 2478 685 2548 ταζόντων,
723 2484 761 2553 ἢ
815 2474 1363 2555 συννηστευόντων
1435 2493 1747 2563 Ἰουδαίοις
1775 2539 1790 2563 ,
1854 2499 1955 2553 καὶ

355 2570 447 2624 ὅτι
473 2575 545 2626 οὐ
568 2574 665 2627 δεῖ
690 2573 772 2641 τῷ
791 2580 1069 2645 σαϐϐάτῳ
1096 2582 1439 2650 σχολάζειν,
1475 2586 1636 2641 ἀλλὰ
1684 2590 1837 2644 κατὰ
1885 2590 1953 2644 τὸ

355 2660 625 2718 δυνατὸν
646 2665 764 2734 τὴν
796 2670 1115 2740 κυριακὴν,
1150 2674 1273 2739 ικαὶ
1316 2677 1452 2744 περὶ
1503 2678 1852 2751 εὐχομένων
1876 2682 1948 2736 ὲν

351 2758 763 2826 μοναστηρίῳ,
795 2758 833 2828 ἢ
861 2761 1223 2833 ἐκκλησίαις
1259 2769 1589 2835 αἱρετικῶν.

445 2849 787 2908 ’Λποστόλων
843 2854 1024 2910 κανὼν
1066 2856 1158 2923 ξε’,
1215 2866 1257 2913 ο’
1282 2877 1298 2895 ο
1355 2862 1577 2917 συνόδου
1625 2865 1950 2932 Λοοδικείας

358 2941 542 2995 κανὼν
568 2944 632 3010 0',
663 2945 768 3009 κο’,
792 2946 893 3018 λβ’,
929 2948 1025 3016 λδ’,
1061 2949 1162 3016 λζ’,
1196 2951 1303 3023 λη’,
1336 2955 1416 3007 λθ¹
1443 2971 1455 2984 ·
1524 2956 1744 3010 συνόδου
1796 2960 1952 3030 Καρ-

355 3030 595 3104 θαγένης
622 3035 803 3092 κανὼν
839 3038 901 3105 ξ’,
934 3040 1036 3113 λη’,
1092 3041 1171 3095 λθ¹
1196 3060 1210 3075 ο
1237 3044 1513 3114 ἀνάγνωθι
1550 3046 1621 3100 τὰ
1648 3066 1945 3120 παραγραο

354 3126 529 3193 φὲντα
567 3129 625 3181 ἐν
650 3130 725 3201 τῷ
750 3130 823 3185 vs'
852 3150 977 3204 κεφ.
1015 3134 1110 3189 τοῦ
1142 3143 1190 3206 γ’
1224 3138 1330 3193 cla.
1373 3139 1469 3193 τοῦ
1503 3140 1776 3212 παρόντος
1817 3159 1947 3197 συν·

354 3218 661 3289 τάγματος,
695 3224 790 3277 καὶ
816 3223 858 3278 δ’
888 3242 1015 3296 κεφ.
1043 3226 1139 3281 τοῦ
1174 3228 1219 3294 ξ’
1242 3231 1347 3284 τίτ.

429 3330 681 3388 ΚΕΦΑΛ.
709 3332 823 3402 ις’.
874 3367 944 3377 -—
972 3340 1115 3407 Περὶ
1158 3340 1390 3395 λαὶκῶν
1447 3346 1831 3416 πειρωμένων
1856 3346 1945 3417 μὴ
1980 3302 2026 3364 C

352 3413 512 3474 εἶναι
538 3422 681 3488 τοὺς
702 3428 1030 3496 κληρικοὺς
1053 3428 1174 3484 τῶν
1181 3413 1640 3503 μοναστηρίων,
1666 3441 1769 3491 καὶ
1787 3413 1944 3492 πίω-ξ

351 3514 555 3582 χεὶων,
614 3519 711 3572 καὶ
754 3524 1100 3593 μαρτυρίων
1147 3524 1270 3580 ὑπὸ
1307 3525 1423 3597 τὴν
1480 3527 1777 3595 ἐξουσίαν
1826 3530 1947 3587 τῶν

348 3605 725 3666 ἐπισκόπων.
1933 3616 1940 3623 ’

427 3697 654 3753 Συνόδου
693 3702 1038 3776 Χαλκηδόνος
1061 3711 1242 3766 κανὼν
1270 3719 1344 3784 η’.

426 3810 681 3869 ΚΕΦΑΛ.
725 3819 823 3876 IZ'.
870 3852 942 3863 —
991 3826 1135 3894 Περὶ
1181 3826 1411 3884 λαῖκῶν
1456 3834 1946 3902 προστιθεμένων

348 3904 479 3971 τοῖς
508 3907 975 3984 ἀφοριζομένοις,
994 3917 1033 3986 ἢ
1059 3919 1470 3991 ἀποσχίζουσι
1491 3913 1947 3997 πρεσϐυτέροις,

351 3998 453 4051 καὶ
505 4000 687 4068 χωρὶς
733 4004 856 4060 τῶν
896 4007 1249 4067 ἐπισκόπων
1297 4012 1498 4069 αὐτῶν
1535 4018 1947 4089 θυσιαστήρια

353 4106 438 4157 πη
446 4095 775 4159 γνυόντων.

439 4184 780 4244 Ἀποστόλων
829 4194 1011 4247 κανὼν
1071 4194 1173 4249 λα”
1235 4198 1517 4267 ἀνάγνωθι
1554 4200 1625 4255 τὰ
1684 4218 1937 4275 παραγε-

352 4279 657 4351 γραμμένα
705 4283 764 4335 ὲν
821 4284 899 4357 τῷ
939 4286 1003 4341 ιδ’
1042 4304 1168 4359 κεφ.
1224 4290 1319 4344 τοῦ
1384 4290 1657 4362 παρόντος
1708 4294 1943 4363 συντάγ-

355 4389 550 4441 ματος.

425 4490 680 4547 ΚΕΦΑΛ.
713 4492 819 4551 IH'.
853 4526 925 4535 —
955 4498 1096 4567 Περὶ
1128 4498 1444 4566 ἐπιόρκων,
1481 4500 1580 4555 καὶ
1617 4500 1689 4554 ἐν
1746 4502 1946 4569 ποίοις

348 4580 451 4635 δεῖ
472 4584 617 4651 τοὺς
647 4586 985 4657 ὀμνύοντας
1004 4590 1090 4660 μὴ
1117 4592 1411 4661 εὐορκεῖν.

426 4693 712 4751 Βασιλείου
752 4698 933 4754 κανὼν
957 4706 1009 4766 ι’,
1047 4698 1132 4767 ιζ’,
1164 4702 1269 4771 κθ’,
1294 4704 1367 4771 ξδ’
1400 4705 1513 4777 πβ’.

425 4789 734 4857 Κείμενον.
774 4793 911 4866 Περὶ
942 4794 1218 4867 ἐπιόρκων
1245 4799 1464 4869 εἴρηται
1490 4800 1682 4873 βιϐλίῳ
1703 4802 1792 4873 ιβ’,
1834 4802 1944 4857 τίτ.

351 4879 423 4950 β’,
457 4880 552 4934 καὶ
584 4880 800 4954 βιϐλίῳ,
829 4901 883 4939 κ.
903 4902 956 4943 τ.
981 4885 1033 4940 λ.
1073 4903 1248 4960 usque
1269 4889 1361 4957 ad,
1386 4892 1488 4946 οὐκ
1517 4892 1943 4965 ἀναψηλαφᾶται

350 4976 387 5045 ἡ
415 4974 691 5040 ὑπόθεσις.
1884 4984 1887 4985 ν

2142 741 2531 811 Apostolorum
2586 760 2762 800 canon
2802 746 3027 814 22,24;
3081 750 3302 806 concilii
3328 751 3531 809 Nicaeni
3571 773 3664 810 ea-

2073 846 2181 886 non
2234 832 2286 886 1.
2320 832 2463 905 Lege
2494 850 2617 905 quae
2667 837 2926 893 adnotata
2969 848 3100 896 sunt
3127 841 3180 895 in
3212 858 3334 915 cap.
3381 845 3449 901 M
3504 847 3584 901 tit.
3634 847 3656 899 1

2080 926 2367 997 praesentis
2402 930 2604 997 operis.

2132 1061 2287 1117 CAP.
2323 1059 2462 1117 XIII.
2495 1094 2566 1107 —
2588 1063 2665 1119 De
2683 1064 2836 1120 laicis
2862 1067 2954 1135 qui
2980 1069 3262 1122 comedunt
3284 1069 3443 1125 idolis
3475 1071 3665 1125 immo-

2064 1154 2204 1217 lata,
2260 1154 2340 1208 vel
2396 1172 2584 1210 carnes
2630 1157 2689 1211 in
2737 1159 3017 1229 sanguine,
3069 1160 3148 1214 vel
3186 1161 3474 1230 suffocata,
3521 1163 3665 1218 vela

2065 1247 2242 1300 bestiis
2273 1256 2449 1315 capta,
2488 1248 2569 1302 vel
2600 1251 2905 1305 morticina.

2137 1339 2528 1407 Apostolorum
2561 1355 2736 1395 canon
2768 1340 2876 1408 66;
2927 1344 3151 1400 concilii
3175 1345 3453 1417 Ancyrani
3481 1362 3663 1403 canon

2062 1430 2096 1484 5
2132 1447 2147 1493 ;
2183 1430 2405 1486 concilii
2445 1431 2785 1501 Gangrensis
2812 1450 2989 1490 canon
3023 1438 3098 1504 2;
3141 1439 3362 1494 concilii
3396 1442 3537 1495 sexti
3566 1456 3661 1495 ca-

2063 1538 2171 1578 non
2228 1523 2295 1578 67
2338 1542 2354 1591 ;
2407 1523 2657 1595 Gregorii
2697 1526 2983 1584 miraculis
3026 1530 3163 1585 clari
3200 1546 3267 1586 ex
3318 1531 3552 1602 epistola
3593 1533 3663 1587 de

2062 1616 2483 1693 comedentiltus
2528 1616 2690 1674 idolis
2733 1618 3056 1686 immolata;
3103 1620 3291 1678 Basilii
3332 1637 3511 1679 canon
3568 1624 3659 1679 81.

2134 1819 2289 1876 CAP.
2340 1820 2481 1877 XIV.
2525 1852 2595 1863 -—
2620 1821 2700 1878 De
2738 1823 2881 1878 laico
2924 1824 3301 1895 imperatorem
3336 1829 3661 1885 contumelia

1989 1943 2030 1998 Β
2061 1913 2334 1981 a/ﬁciente.

2138 2005 2525 2075 Apostolorum
2557 2020 2732 2061 canon
2762 2006 2851 2062 84.
2903 2005 3047 2079 Lege
3089 2023 3212 2079 qua:
3238 2009 3498 2068 adnotata
3534 2018 3666 2068 sunt

2066 2097 2120 2151 in
2154 2112 2276 2168 cap.
2338 2097 2408 2154 56
2451 2098 2535 2153 tit.
2588 2098 2622 2154 9
2672 2100 2964 2170 praesentis
2992 2101 3201 2172 operis.

2137 2297 2291 2354 CAP.
2324 2297 2443 2355 XV.
2472 2329 2542 2340 —
2576 2299 2654 2355 De
2679 2301 3010 2371 ortlrodoxis,
3049 2306 3141 2374 qui
3183 2305 3249 2359 ab
3284 2305 3545 2361 liwreticis
3569 2316 3664 2362 aut

2063 2388 2270 2445 Judazis
2326 2390 2714 2449 benedictiones
2757 2396 3044 2465 accipiunt,
3089 2397 3166 2451 vel
3203 2414 3325 2452 cum
3352 2400 3464 2453 illis
3500 2401 3661 2466 festos

2064 2482 2177 2537 dies
2201 2494 2385 2554 agunt,
2416 2485 2494 2539 vel
2514 2485 2859 2555 cumIJudaeis
2880 2490 3152 2559 jejunant,
3184 2500 3256 2554 et,
3280 2493 3420 2561 quod
3442 2491 3663 2548 Sabbati

2063 2576 2148 2629 die
2202 2575 2511 2644 feriundum
2556 2594 2661 2632 non
2690 2580 2784 2644 sit,
2825 2580 2914 2634 sed
2952 2581 3130 2651 quoad
3162 2582 3276 2651 ejus
3317 2583 3435 2652 ﬁeri
3464 2593 3660 2653 potest,

2067 2666 2376 2731 Dominica,
2406 2678 2479 2735 et,
2511 2670 2576 2724 de
2602 2671 2670 2725 iis
2709 2673 2802 2742 qui
2834 2673 2886 2727 in
2925 2675 3269 2729 monasteriis
3301 2683 3395 2729 aut
3425 2675 3663 2731 ecclesiis

2063 2759 2437 2814 Izwreticorum
2477 2771 2657 2816 orant.

2136 2853 2523 2921 Apostolorum
2577 2869 2754 2908 canon
2800 2853 2891 2921 65,
2944 2854 3052 2922 70;
3101 2856 3324 2911 concilii
3361 2856 3660 2911 Laudiceni

2066 2958 2245 2999 Canon
2288 2944 2343 3009 9,
2377 2943 2469 3011 29,
2502 2945 2594 3008 3‘2,
2628 2946 2723 3010 54,
2750 2946 2842 3011 57,
2887 2946 2975 3012 58,
3010 2948 3080 3002 59
3111 2965 3126 3015 ;
3169 2949 3390 3003 concilii
3430 2948 3664 3005 Cartlta~

2065 3037 2312 3107 ginensis
2333 3052 2509 3093 canon
2543 3038 2634 3104 60,
2665 3039 2757 3107 58,
2790 3039 2879 3095 59.
2928 3039 3069 3112 Lege
3095 3057 3218 3111 quae
3246 3042 3505 3097 adnotata
3536 3051 3664 3099 sunt

2061 3129 2119 3184 in
2153 3144 2277 3200 cap.
2320 3129 2408 3197 15,
2441 3131 2522 3186 tit.
2558 3132 2592 3187 5
2626 3133 2913 3203 praesentis
2954 3134 3156 3205 Operis.

2130 3334 2283 3393 CAP.
2324 3336 2464 3393 XVI.
2491 3372 2559 3383 —
2588 3340 2663 3395 De
2688 3341 2871 3406 laicis,
2911 3343 3004 3413 qui
3034 3344 3257 3400 clericos
3306 3348 3662 3402 monasterio-

2059 3447 2199 3495 rum,
2251 3433 2605 3500 ptochiorum,
2667 3445 2763 3489 aut
2795 3436 3182 3507 martyriorum
3228 3438 3557 3508 sollicitant,
3595 3457 3661 3496 ne

2065 3531 2159 3583 sub
2196 3538 2456 3598 potestate
2489 3532 2859 3602 episcoporum
2884 3543 3158 3588 maneant.

2134 3715 2366 3772 Coneilii
2394 3716 2863 3777 Chalcedonensis
2888 3735 3063 3776 canon
3091 3720 3147 3777 8.

2134 3825 2292 3881 CAP.
2329 3826 2497 3883 XVII.
2547 3864 2622 3877 -
2670 3830 2747 3886 De
2812 3831 2989 3897 laicis,
3032 3834 3124 3904 qui
3182 3837 3657 3893 excommunicatis

2060 3919 2138 3972 vel
2193 3919 2423 3975 schisma
2498 3922 2812 3993 facientibus
2868 3925 3188 3996 presbyteris
3255 3927 3551 3996 adﬁcerent,
3606 3942 3659 3986 et

2060 4011 2174 4064 sine
2232 4010 2540 4087 [consensu]
2594 4016 2963 4085 episcoporum
3012 4034 3233 4073 suorum
3295 4021 3498 4076 altaria
3550 4025 3659 4078 eri-

2058 4112 2209 4175 gunt.

2131 4200 2519 4270 Apostolorum
2549 4216 2723 4257 canon
2752 4204 2842 4259 51.
2881 4203 3021 4277 Lege
3049 4221 3173 4277 qua:
3216 4206 3475 4265 adnotata
3526 4219 3657 4267 sunt

2060 4294 2115 4348 in
2157 4309 2280 4365 cap.
2312 4294 2491 4367 Matit.
2527 4294 2560 4351 9
2590 4299 2875 4367 praesentis
2910 4300 3112 4369 operis.

2137 4501 2293 4559 CAP.
2333 4503 2525 4564 XVIII.
2556 4542 2626 4553 ——
2656 4511 2735 4567 De
2758 4513 3007 4579 perjuris,
3039 4522 3087 4566 et
3126 4514 3177 4567 in
3202 4513 3501 4583 cujusmodi
3534 4514 3651 4589 [ca-

2060 4597 2228 4671 sibus]
2265 4616 2351 4655 eos
2382 4603 2475 4672 qui
2502 4604 2714 4673 jurant,
2748 4622 2853 4660 non
2886 4613 3021 4659 recte
3046 4607 3235 4675 jurare
3265 4617 3527 4675 oporteat.
3626 4595 3648 4610 ’

1879 4697 1882 4700 ’
1981 4694 2027 4750 D
2131 4708 2319 4766 Basilii
2361 4728 2534 4770 canon
2568 4714 2656 4781 to,
2691 4715 2903 4782 17,29,
2943 4716 3151 4783 64,82.

2135 4804 2352 4861 Tenus.
2385 4807 2460 4863 De
2491 4809 2730 4879 perjuris
2759 4809 2984 4874 dicitur,
3013 4820 3118 4866 etc.
3153 4828 3317 4881 usque
3332 4812 3402 4866 ad
3428 4824 3656 4871 contro-

2058 4898 2258 4961 versia,
2285 4907 2341 4951 ut
2373 4913 2496 4969 pag.
2531 4898 2655 4956 951.

430 5070 722 5127 Scholium.
784 5074 893 5131 Tit.
932 5077 968 5130 2
1005 5078 1096 5133 lib.
1143 5096 1221 5135 xu
1275 5079 1416 5151 Dig.,
1466 5082 1558 5151 qui
1606 5081 1675 5137 de
1706 5080 2093 5152 jurejurando,
2154 5082 2275 5139 sive
2322 5083 2657 5151 voluntario,
2727 5085 2834 5141 hoc
2876 5095 2964 5142 est
3017 5086 3222 5153 delato,
3279 5088 3394 5143 sive
3454 5103 3653 5144 neces-

350 5163 521 5229 Sario,
559 5165 675 5221 sive
713 5167 961 5237 judiciali
1005 5172 1184 5241 docet,
1233 5183 1319 5230 est
1360 5175 1414 5229 in
1463 5175 1731 5246 principio
1764 5177 1845 5231 tit.
1881 5176 1915 5230 5
1969 5176 2063 5231 lib.
2102 5193 2215 5232 χχιι
2272 5175 2463 5243 Basi|.,
2509 5189 2563 5234 et
2596 5179 2675 5234 ait
2733 5180 2766 5233 4
2817 5179 2999 5236 thema
3045 5196 3170 5252 cap.
3210 5183 3244 5237 5
3282 5180 3514 5238 :Mnlier
3564 5184 3655 5253 ju-

353 5273 488 5314 rans
542 5274 603 5315 se
662 5273 1032 5333 praegnantem
1078 5281 1223 5334 esse,
1273 5267 1510 5323 mittitur
1569 5269 1623 5323 in
1685 5270 2091 5339 possessionem
2130 5290 2143 5325 :
2187 5286 2364 5341 neque
2401 5282 2526 5342 post
2570 5270 2955 5346 [praestitum]
3000 5274 3394 5346 jusjurandum
3452 5293 3654 5333 conve-

351 5350 545 5414 nitur,
613 5354 771 5421 quasi
828 5355 1120 5411 calumniae
1175 5373 1344 5415 causa
1415 5360 1469 5414 in
1532 5363 1939 5430 possessionem
2008 5365 2323 5420 missa'sit:
2381 5380 2560 5432 neque
2616 5366 2670 5420 in
2717 5368 3071 5435 possessione
3108 5368 3217 5422 vim
3270 5368 3493 5439 patitur.
3544 5368 3653 5425 Sed

349 5444 399 5500 si
438 5444 786 5500 adversarius
836 5447 1012 5517 ipsam
1061 5466 1170 5505 non
1221 5461 1597 5523 praegnantem
1662 5470 1783 5510 esse
1844 5455 2134 5527 juraverit,
2197 5472 2305 5511 non
2362 5458 2620 5513 mittitur.
2656 5456 2886 5514 tVerum
2942 5475 3009 5515 ex
3072 5460 3388 5531 hujusmodi
3435 5462 3654 5531 jurejuv

349 5537 526 5594 rando
580 5553 689 5591 non
752 5540 1142 5609 praejudicatur
1193 5546 1483 5614 quaestioni
1557 5547 1625 5601 de
1674 5559 1856 5619 partu.
1916 5550 2161 5605 Alterius
2216 5566 2455 5621 namque
2515 5551 2909 5623 jusjurandum
2971 5553 3128 5608 alteri
3195 5569 3373 5625 neque
3427 5554 3653 5623 prodest

350 5647 533 5699 neque
584 5631 757 5688 obest.
816 5632 884 5689 Et
922 5636 1003 5690 tit.
1042 5636 1067 5691 1
1113 5638 1209 5695 lib.
1260 5654 1311 5692 IV
1363 5638 1498 5694 Cod.
1549 5650 1634 5697 est
1689 5658 1811 5712 cap.
1852 5642 1923 5697 45
1981 5642 2225 5714 ejusdem
2254 5643 2288 5699 5
2327 5645 2410 5699 tit.
2446 5645 2543 5701 lib.
2596 5660 2711 5701 χχιι
2760 5645 2958 5713 Basil.,
2997 5656 3052 5702 ct
3098 5646 3175 5702 ait
3213 5664 3225 5701 :
3275 5647 3457 5704 Causa
3498 5648 3650 5718 jure-

344 5727 593 5802 jurando
651 5744 717 5782 ex
779 5743 1056 5787 consensu
1111 5732 1403 5801 utriusque
1439 5733 1634 5803 partis,
1675 5735 1760 5791 vel
1805 5735 2125 5792 adversario
2174 5735 2461 5806 inlerente,
2518 5738 2780 5808 praestito,
2813 5739 2899 5795 vel
2947 5739 3202 5805 remisso,
3255 5739 3478 5796 decisa:
3547 5754 3651 5797 nec

350 5823 581 5898 perjurii
632 5831 897 5893 praetextu
940 5825 1226 5882 retractari
1273 5836 1488 5898 p0test,
1546 5828 1651 5885 nisi
1709 5829 2021 5901 specialiter
2080 5832 2185 5887 hoc
2238 5832 2354 5903 lege
2409 5832 2739 5905 excipiatur.
2806 5833 3009 5905 Digest.
3070 5834 3132 5889 51
3174 5833 3258 5890 tit.
3311 5835 3346 5889 2
3416 5835 3513 5890 lib.
3567 5850 3644 5891 sit

350 5919 474 5986 Dig.
511 5925 733 5987 estcap.
784 5918 845 5973 51
898 5918 1144 5990 ejusdem
1180 5919 1213 5975 5
1256 5924 1341 5976 ιιι.
1373 5922 1468 5978 lib.
1512 5939 1626 5980 xxn
1657 5922 1851 5990 Basil.,
1895 5936 1959 5979 ac
1999 5922 2152 5990 dicit,
2186 5939 2533 5996 quarcunque
2561 5925 2948 5997 compendiose
2978 5927 3259 5999 proposita
3294 5940 3445 5986 sunt.
