4142 6448
509 469 647 541 1203
1703 471 1968 531 ΡΗΟΤΙΙ
2008 471 2520 536 ΡΑΊἮΙΑΗΟΗᾹΞ
2541 476 2650 537 CP.
3657 475 3791 542 1204

576 578 795 641 Textus.
829 577 926 635 Est
949 591 1131 636 tamen
1159 581 1252 636 lib.
1276 595 1350 647 tv,
1375 592 1481 636 etc.
1517 595 1683 650 usque
1709 579 1780 633 ad
1815 580 2013 648 reddit,
2045 591 2098 635 ut

2279 587 2587 656 Κείμενον.
2627 591 2784 645 Ἔστι
2811 591 2869 645 δὲ
2908 591 3097 663 εὑρεῖν
3138 588 3345 661 βιϐλίον
3373 587 3415 643 δ’
3441 590 3536 643 τοῦ
3565 588 3791 656 κώδικος

499 688 623 743 pag.
657 672 786 729 951.

2212 678 2314 733 τίτ.
2348 680 2597 757 agonia,
2631 700 2687 737 κ.
2716 701 2767 739 τ.
2798 685 2849 738 λ.
2883 700 3061 754 uSque
3092 683 3183 749 ad,
3209 683 3298 737 διὰ
3349 684 3443 737 τὸν
3490 684 3788 753 φαλκίδιον,

2205 772 2517 830 ἀναδίδωσι.

573 876 870 934 Scholium.
920 877 1272 933 Meminimus
1330 875 1584 947 superius
1636 875 1771 946 legis
1831 876 2220 947 jusjurandum
2278 884 2581 951 praestitum
2660 902 2769 941 non
2849 886 3135 942 retractari
3204 885 3475 942 docentis.
3558 885 3686 941 Item
3738 897 3793 943 et

502 970 731 1026 alterius
781 969 915 1039 legis
958 969 1334 1029 meminimus.
1386 982 1583 1036 nempe
1648 982 1770 1038 cap.
1822 967 1885 1022 51
1941 969 2023 1023 ιίι.
2090 969 2125 1024 5
2181 970 2277 1025 lib.
2350 989 2461 1028 χχιι
2519 973 2821 1051 [similiter]
2876 978 3181 1049 przestitum
3230 976 3618 1048 jusjurandum
3683 992 3789 1032 non

495 1064 812 1128 retractari,
843 1064 1111 1119 docentis.
1157 1064 1227 1116 At
1278 1062 1451 1117 sancti
1513 1061 1697 1117 Basilii
1745 1063 2000 1133 permulti
2048 1079 2288 1121 canones
2350 1068 2598 1136 perjuros
2655 1072 2810 1127 valde
2867 1073 3045 1143 puniri
3103 1080 3375 1128 statuunt.
3427 1068 3789 1137 Quaerendum

498 1166 585 1211 est
642 1157 826 1227 igitur,
874 1156 1101 1224 quando
1147 1156 1449 1226 pratstitum
1503 1154 1889 1225 jusjurandum
1939 1167 2311 1225 retractetur,
2370 1170 2430 1215 ut
2481 1164 2744 1221 adversus
2801 1166 3110 1236 pejerantes
3164 1163 3448 1220 canonica;
3492 1177 3668 1232 paenae
3716 1163 3795 1215 lo-

500 1260 626 1301 cum
685 1246 964 1300 habeant:
1016 1258 1071 1300 et
1124 1247 1345 1315 quando
1407 1259 1541 1299 non.
1597 1244 1844 1300 Dicimus
1910 1249 2092 1317 itaque
2138 1251 2360 1319 proprie
2404 1254 2744 1324 quadruplex
2794 1272 2918 1311 esse
2948 1255 3337 1326 jusjurandum
3373 1252 3784 1309 :voluntarium

502 1338 771 1411 [nempe],
801 1339 950 1410 quod
976 1338 1235 1393 videlicet
1257 1338 1323 1391 de
1347 1338 1635 1392 voluntate
1662 1338 1897 1409 partium
1956 1348 2110 1395 extra
2165 1340 2438 1411 judicium
2496 1356 2791 1416 praestatur
2824 1366 2837 1403 :
2878 1350 3277 1414 neceSsarium,
3326 1348 3473 1418 quod
3515 1346 3794 1401 deferente

502 1441 710 1495 actore,
739 1440 795 1486 et
823 1447 890 1486 ex
926 1430 1352 1485 interlocutione
1377 1431 1581 1500 judicis
1615 1433 1776 1487 datur
1803 1431 2128 1502 :jndiciale,
2181 1436 2325 1503 quod
2372 1452 2433 1491 ex
2497 1441 2772 1495 Sententia
2829 1440 3031 1510 judicis
3072 1441 3153 1495 vel
3207 1440 3392 1494 invitis
3436 1438 3799 1509 litigatoribus

498 1528 937 1581 controversiam
965 1524 1202 1589 decidit;
1237 1531 1292 1579 et
1343 1520 1779 1595 [jusjurandum]
1826 1525 1880 1579 in
1914 1525 2088 1590 litem,
2141 1527 2288 1596 quod
2322 1527 2575 1597 litigiosa:
2619 1531 2695 1585 rei
2738 1532 2972 1601 pretium
3003 1572 3017 1597 ,
3051 1530 3274 1602 quando
3328 1530 3419 1584 illa
3450 1530 3574 1584 dolo
3601 1538 3795 1584 contu-

497 1614 749 1669 maciave
794 1614 872 1669 rei
925 1628 1034 1668 non
1069 1612 1255 1675 datur,
1307 1610 1363 1664 in
1399 1622 1606 1667 certam
1672 1613 2036 1683 quantitatem
2102 1615 2319 1683 redigit.
2376 1614 2473 1672 Est
2539 1617 2804 1692 [tamen]
2869 1620 3037 1675 etiam
3114 1621 3530 1691 jusjurandum,
3601 1619 3798 1693 [quod]

498 1718 725 1779 propter
779 1705 1115 1762 calumniam
1174 1704 1407 1779 [datur.]
1459 1704 1540 1759 Ac
1588 1704 1959 1759 voluntarium
2041 1706 2265 1776 quidem
2349 1724 2632 1780 nunquam
2696 1722 3044 1769 retractatur.
3112 1712 3498 1769 Necessarium
3557 1730 3690 1769 vero
3742 1713 3797 1768 in

498 1814 614 1854 uno
663 1812 840 1868 eoque
888 1798 1006 1852 solo
1060 1812 1192 1852 casu
1246 1803 1600 1859 retractatur,
1652 1811 1848 1865 nempe
1910 1796 2085 1851 ultimi
2156 1813 2275 1867 cap.
2303 1801 2385 1853 tit.
2425 1799 2458 1854 5
2518 1801 2610 1857 lih.
2640 1818 2753 1857 χχιι
2808 1803 2975 1860 Basil.
3018 1803 3151 1860 Nam
3208 1806 3425 1861 tametsi
3468 1804 3709 1861 Gobidas
3746 1816 3800 1861 et

499 1891 834 1961 Stephanus,
877 1905 1004 1944 cum
1044 1889 1472 1959 interpretantur
1537 1904 1661 1959 cap.
1688 1889 1752 1944 51
1808 1890 1891 1943 tit.
1962 1890 1995 1944 5
2042 1889 2139 1944 lib.
2171 1906 2308 1956 χχιι,
2343 1893 2519 1948 solum
2556 1896 2927 1953 voluntarium
2967 1915 3076 1955 non
3128 1900 3413 1956 retractari
3453 1901 3686 1956 dicant:
3734 1910 3790 1956 tu

497 1994 684 2039 tamen
744 1981 821 2036 illi
866 1981 984 2052 Dig.
1046 1980 1299 2050 ascripta:
1368 1981 1807 2051 interpretationi
1876 1996 1945 2036 ne
2005 1983 2296 2039 auscultes.
2362 1984 2575 2041 Etenim
2650 1990 2723 2043 45
2809 2007 2929 2062 cap.
2990 1992 3076 2047 tit.
3115 1994 3148 2049 5
3182 1994 3276 2049 lib.
3329 2008 3465 2060 χχιι,
3520 1995 3667 2065 quod
3718 2003 3799 2049 est

498 2084 680 2129 coast.
710 2075 736 2128 1
774 2074 857 2130 tit.
906 2074 934 2128 1
994 2073 1089 2128 lib.
1142 2086 1197 2125 tv
1224 2072 1384 2139 Cod.,
1432 2073 1496 2128 ad
1558 2073 1705 2129 hunc
1767 2074 1989 2128 modum
2035 2075 2163 2131 ait:
2232 2077 2409 2133 Causa
2446 2079 2813 2150 jurejurando
2851 2102 2916 2140 ex
2968 2101 3243 2141 consensu
3290 2088 3578 2158 utriusque
3625 2087 3803 2157 partis

497 2170 583 2225 vel
615 2169 934 2224 adversario
988 2166 1277 2231 inferente,
1331 2167 1513 2222 delato
1569 2176 1625 2223 et
1685 2168 1973 2238 praestito,
2032 2169 2115 2223 vel
2181 2171 2420 2227 remisso
2468 2174 2676 2239 decisa,
2736 2192 2838 2231 nec
2897 2178 3126 2248 perjurii
3188 2187 3455 2250 praetextu
3508 2180 3797 2234 retractari

500 2275 700 2334 potest,
753 2265 861 2318 nisi
917 2264 1225 2332 specialiter
1284 2263 1386 2318 hac
1439 2264 1558 2333 lege
1584 2264 1940 2333 excipiatur:
1991 2265 2213 2320 sustulit
2244 2267 2469 2322 Gobidae
2525 2278 2578 2325 et
2633 2268 2896 2341 Stephani
2952 2273 3019 2325 ad
3062 2270 3181 2343 Dig.
3228 2272 3597 2343 conscriptam
3628 2271 3799 2325 inter-

496 2360 885 2431 pretationem.
943 2356 1189 2428 Bcliquaa
1236 2366 1418 2411 autem
1461 2356 1824 2426 jurisjurandi
1844 2355 2123 2429 [species].
2176 2360 2641 2429 quemadmodum
2686 2363 2736 2417 id
2767 2374 3130 2419 memoratum
3182 2364 3246 2419 ’51
3286 2380 3407 2435 cap.
3461 2366 3578 2427 ait,
3639 2366 3799 2420 novis

500 2450 891 2506 instrumentis
933 2449 1166 2521 repertis
1200 2456 1593 2502 retractantur.
1628 2444 1755 2502 Haec
1816 2447 1984 2517 igitur
2026 2462 2153 2503 cum
2219 2450 2292 2503 ita
2350 2448 2517 2523 [sese]
2565 2451 2824 2519 habeant,
2862 2454 3230 2525 quodcunque
3272 2455 3662 2525 jusjurandum
3712 2471 3798 2511 re-

498 2542 748 2607 tractari,
790 2557 901 2612 quo
946 2543 991 2595 si
1047 2541 1140 2611 qui
1204 2538 1349 2595 forte
1402 2538 1610 2610 perjuri
1687 2539 2075 2603 inveniantur,
2138 2543 2419 2597 canomcis
2473 2544 2653 2613 poenis
2712 2546 3044 2615 plectantur,
3102 2562 3171 2601 ne
3233 2547 3455 2603 dixeris.
3510 2546 3616 2602 Sed
3677 2548 3799 2603 illos

496 2638 803 2692 secundum
882 2637 1062 2707 legum
1121 2645 1404 2703 tenorem,
1468 2645 1729 2703 tanquam
1782 2636 2033 2704 perjuros
2080 2634 2411 2709 [canonicis]
2479 2640 2659 2708 poenis
2716 2640 2867 2695 feriri
2928 2640 3116 2705 dicas,
3176 2642 3271 2713 qui
3310 2657 3372 2696 ex
3432 2640 3795 2711 jurisjurandi

496 2732 888 2787 retractatione
928 2731 1385 2787 condemnamur.
1446 2732 1626 2800 Atque
1673 2729 1739 2784 ad
1802 2729 1949 2784 hunc
1979 2728 2278 2802 [quidem]
2336 2732 2558 2787 modum
2609 2748 2850 2790 canones
2882 2734 3029 2808 [cum
3078 2733 3314 2806 legibus]
3352 2734 3607 2791 concilia.
3657 2732 3792 2787 Nam

494 2840 676 2896 neque
727 2836 955 2881 sanctus
1015 2823 1252 2880 Basilius
1314 2823 1368 2878 in
1423 2822 1789 2893 jurejurando
1843 2822 1990 2892 quod
2055 2837 2120 2877 ex
2185 2838 2459 2881 consensu
2518 2828 2699 2890 datur,
2756 2828 2823 2883 de
2874 2828 3118 2899 perjurio
3156 2837 3393 2884 tractat:
3435 2829 3528 2884 sed
3559 2842 3658 2883 eos
3700 2826 3797 2897 qui

488 2919 753 2990 jurarint,
809 2919 980 2975 Deum
1019 2921 1289 2976 vindicem
1329 2920 1531 2974 habere
1579 2919 1801 2982 asserit,
1859 2928 2027 2989 atque
2072 2917 2126 2972 in
2192 2920 2424 2989 reliquis
2457 2920 2728 2995 [casibus]
2757 2924 3123 2993 quaestionem
3155 2923 3223 2977 de
3258 2922 3500 2993 perjurio
3526 2921 3789 2987 instituit,

492 3027 551 3074 et
582 3033 776 3092 ptenas
802 3017 1080 3089 proponit.
1133 3015 1427 3090 [Caeterum
1462 3014 1613 3088 hinc]
1656 3015 1790 3070 mihi
1819 3014 2083 3083 excipias,
2142 3016 2289 3085 quod
2332 3032 2360 3070 a
2412 3018 2692 3073 nonnullis
2739 3035 2834 3089 per
2886 3017 3435 3088 pusillanimitatem,
3500 3029 3609 3069 non
3674 3012 3789 3085 [au-

495 3111 633 3185 tem]
666 3111 731 3167 ad
767 3111 1098 3166 delationem
1121 3110 1453 3174 adversarii,
1487 3125 1667 3180 neque
1695 3125 1759 3164 ex
1787 3106 2082 3179 judiciaria
2144 3113 2475 3165 necessitate
2536 3123 2830 3182 praestatur
2884 3110 3276 3182 jusjurandum
3308 3127 3321 3162 :
3371 3116 3522 3178 puta,
3570 3106 3795 3176 quando

496 3203 625 3273 quis
660 3204 741 3273 (se
770 3201 886 3274 aut)
918 3217 1028 3256 non
1072 3218 1297 3256 esurum
1345 3217 1565 3267 carnes,
1593 3204 1721 3270 {aut
1762 3201 2145 3274 Hierosolyma
2198 3202 2601 3271 profecturum.
2642 3218 2735 3260 aut
2781 3205 2928 3260 aliud
2989 3203 3119 3259 boni
3174 3200 3462 3272 quidpiam
3516 3199 3791 3254 facturum

491 3297 667 3368 jurat,
724 3310 825 3350 nec
881 3294 935 3349 id
979 3294 1154 3349 facit:
1206 3294 1462 3349 similiter
1491 3294 1654 3348 etiam
1708 3294 1931 3362 quando
1980 3293 2107 3364 quis
2164 3292 2269 3347 hoc
2298 3304 2393 3349 aut
2453 3295 2587 3350 illud
2640 3296 2847 3351 malmn
2904 3295 3008 3366 (se)
3067 3292 3341 3349 facturum
3406 3306 3529 3346 eum
3579 3290 3796 3362 jureju-

496 3388 674 3443 rando
732 3398 915 3458 negat,
978 3396 1034 3442 et
1090 3386 1221 3442 facit
1281 3386 1665 3441 nihilominus.
1688 3386 1845 3442 Tune
1902 3387 2051 3442 enim
2100 3394 2360 3458 tanquam
2410 3391 2666 3461 perjurtts
2745 3405 2853 3444 non
2917 3387 3254 3459 puniendus,
3317 3385 3410 3441 sed
3487 3385 3794 3455 quomodo-

492 3496 714 3554 eunque
760 3495 794 3536 a
838 3480 946 3535 loci
987 3480 1248 3549 episcopo
1302 3479 1472 3552 (velut
1532 3480 1781 3536 adhibita
1835 3483 2128 3554 medicina)
2178 3484 2461 3540 curandus
2510 3485 2637 3539 erit.

564 3579 758 3632 Corist.
808 3575 874 3630 15
916 3574 1000 3629 tit.
1041 3577 1067 3628 1
1121 3574 1218 3631 lib.
1258 3589 1311 3629 tv
1356 3574 1493 3629 Cod.
1536 3584 1619 3629 est
1672 3590 1794 3642 cap.
1844 3576 1945 3631 ult.
2015 3578 2098 3631 tit.

2280 3579 2562 3647 Σχόλιον.
2607 3578 2671 3630 Ἦ
2705 3574 2773 3647 ιγ’
2794 3574 3147 3645 διὰταξιςτοῦ
3180 3583 3229 3631 α’
3257 3576 3365 3631 τίτ.
3396 3574 3490 3629 τοῦ
3512 3574 3552 3627 δ’
3591 3570 3795 3644 βιϐλίου

498 3672 533 3728 5
571 3672 669 3727 lib.
700 3684 818 3726 mi
847 3666 1045 3736 Basil.,
1088 3679 1255 3738 atque
1288 3666 1559 3737 explicata
1603 3677 1689 3723 est
1742 3668 2019 3738 superius.

580 3949 801 4005 Textus.
828 3946 962 4003 item
980 3963 1103 4017 quae
1123 3947 1190 4004 de
1215 3947 1514 4020 judicialis,
1541 3956 1647 4003 etc.
1674 3964 1837 4019 usque
1857 3947 1927 4002 ad
1955 3947 2095 4002 facta

416 4092 421 4097 .
495 4043 685 4103 fuerit.
716 4048 775 4095 ιιι
805 4057 930 4106 pag.
961 4039 1089 4095 951.

572 4231 870 4288 Scholium.
922 4226 1148 4283 Novella
1196 4224 1543 4281 Justinianea
1593 4225 1697 4281 121
1745 4235 1830 4283 est
1887 4227 1943 4282 in
1993 4227 2093 4283 lib.

497 4326 667 4382 Basil.
717 4326 770 4389 '7,
817 4323 901 4378 tit.
936 4322 993 4386 4,
1042 4336 1165 4391 cap.
1202 4320 1258 4387 6,
1308 4320 1452 4391 quod
1487 4321 1754 4375 insertum
1787 4330 1872 4376 est
1917 4321 2093 4376 inter-

497 4417 794 4485 pretationi
846 4432 970 4472 can.
1014 4415 1083 4470 l5
1132 4429 1292 4469 conc.
1359 4414 1786 4485 Carthaginens.
1840 4395 1985 4484 quod
2031 4415 2099 4470 de

496 4511 747 4583 iudiciali
778 4508 1108 4580 jusjurando
1141 4507 1270 4563 hinc
1311 4506 1659 4561 retractando
1706 4521 1895 4576 agens,
1929 4508 2098 4576 legas.

504 4606 714 4674 Digest.
796 4604 867 4661 15
918 4604 1005 4663 tit.
1053 4603 1089 4658 2
1140 4602 1242 4661 lib.
1304 4619 1381 4659 χιι
1431 4603 1596 4659 habet
1640 4604 1868 4674 perinde
1936 4614 2100 4674 atque

504 4698 770 4768 scriptum
830 4704 933 4752 est.
1003 4695 1197 4753 Const.
1244 4696 1305 4751 -11
1363 4697 1450 4752 tit.
1499 4696 1533 4751 4
1581 4696 1681 4751 lib.
1733 4713 1772 4752 ιι
1808 4695 1945 4752 Cod.
2013 4705 2100 4752 est

507 4803 630 4866 cap.
680 4787 751 4843 58
804 4786 915 4850 ltit.
996 4785 1033 4847 2
1087 4785 1179 4842 lib.
1214 4790 1279 4842 ἰι
1338 4787 1483 4857 quod
1540 4787 1692 4852 dicit,
1753 4802 2102 4857 quaecunque

507 4879 902 4952 compendiose
946 4879 1226 4950 proposita
1267 4889 1417 4935 sunt.
1453 4880 1726 4935 Caeterum
1768 4880 1900 4936 illud
1931 4881 2097 4936 etiam

2205 3669 2302 3725 τοῦ
2344 3668 2599 3733 κώδικος,
2631 3668 2747 3722 ἔστι
2792 3668 3107 3722 τελευταῖον
3140 3684 3269 3737 κεφ.
3328 3666 3421 3720 τοῦ
3457 3671 3497 3719 ε’
3543 3664 3653 3719 τίτ.
3702 3657 3797 3715 τοῦ

2206 3762 2294 3832 κβ¹
2328 3761 2438 3814 τῶν
2479 3760 2800 3831 βασιλικῶν,
2830 3764 2928 3816 καὶ
2960 3759 3315 3834 ὲδηλὼθησαν
3338 3759 3409 3813 τὰ
3436 3759 3567 3829 περὶ
3600 3756 3796 3810 τούτου

2207 3858 2289 3920 είς
2320 3856 2383 3908 τὸ
2413 3856 2687 3927 προλαϐὸν
2718 3858 2953 3928 σχόλιον.

2208 3950 2236 4010 ἱ
2286 3949 2598 4018 Κείμενον.
2637 3950 2703 4003 Ἡ
2732 3950 2791 4003 δὲ
2841 3951 2974 4022 περὶ
3004 3951 3105 4021 τῆς
3136 3948 3516 4020 καθαρότητος
3577 3948 3687 4000 τῶν
3715 3944 3800 4014 ὅρα

2210 4056 2325 4093 κων
2353 4040 2463 4094 τῶν
2489 4041 2680 4108 δικῶν,
2709 4058 2763 4094 κ.
2790 4058 2842 4096 τ.
2870 4041 2922 4096 λ.
2942 4058 3118 4114 usque
3142 4043 3230 4106 ad.
3254 4042 3398 4113 εἰμὴ
3428 4041 3523 4095 καὶ
3540 4038 3627 4093 ἐπ’
3654 4035 3801 4108 αὺτῷ

2210 4133 2405 4201 γέγονε
2434 4133 2698 4199 διάλυσις.

2207 4230 2244 4286 β
2280 4228 2567 4296 Σχόλιον.
2601 4230 2670 4283 Ἦ
2692 4228 2808 4300 ρκδ¹
2883 4230 3311 4292 ’Ῑουστινιάνειος
3342 4227 3515 4300 νεαρὰ
3543 4227 3723 4281 κεῖται
3745 4224 3803 4276 ὲν

2214 4320 2405 4394 βιϐλίῳ
2433 4321 2499 4391 ζ’,
2530 4324 2637 4378 τίτ.
2665 4324 2731 4391 δ’,
2783 4342 2910 4395 κεφ.
2957 4322 3035 4391 ς’,
3068 4322 3513 4394 καταπρωθέντι
3574 4321 3653 4384 είς
3705 4315 3803 4388 τὴν

2214 4416 2513 4487 ἑρμηνείαν
2556 4416 2653 4471 τοῦ
2696 4414 2758 4470 ιε’
2796 4418 3022 4481 κανόνος
3051 4417 3150 4483 τῆς
3184 4417 3242 4469 ὲν
3279 4413 3645 4484 Καρθαγέννῃ
3678 4425 3803 4464 συν-

2213 4510 2357 4573 ὁδου,
2393 4512 2487 4565 καὶ
2511 4511 2787 4580 ἀνάγνωθι
2811 4512 2905 4566 καὶ
2932 4510 3090 4565 τοῦτο
3117 4510 3245 4581 περὶ
3288 4506 3616 4562 ἱουδικαλίου
3642 4505 3803 4575 ὅρκου

2213 4599 2582 4673 διαλαμϐάνον
2632 4601 2928 4659 κάντεῦθεν
3004 4600 3533 4672 ἀναψηλαφωμένου.
3586 4594 3660 4649 Τὸ
3740 4590 3807 4662 ιγ’

2213 4691 2352 4747 διάτ.
2386 4693 2479 4747 τοῦ
2506 4693 2535 4763 β
2603 4693 2710 4747 τίτ.
2742 4693 2839 4747 τοῦ
2872 4692 2918 4763 β’
2972 4692 3178 4763 βιϐλίου
3211 4693 3322 4745 τῶν
3348 4688 3664 4755 διατάξεων,
3692 4683 3806 4737 ἐστι

2216 4784 2361 4853 θέμα
2410 4788 2717 4842 τελευταῖον
2761 4788 2855 4842 τοῦ
2886 4785 2952 4857 ιγ’
2978 4788 3117 4842 διάτ.
3172 4784 3267 4839 τοῦ
3296 4782 3336 4837 ε’
3409 4782 3518 4837 τίτ.
3567 4778 3663 4834 τοῦ
3719 4774 3801 4847 κβ¹

2217 4879 2427 4951 βιϐλίου
2458 4880 2633 4946 οὕτως
2680 4882 2803 4953 ἕχον
2829 4882 2906 4946 ὡς
2946 4883 3025 4942 είς
3077 4879 3138 4933 τὸ
3183 4880 3434 4948 κείμενον
3460 4875 3699 4950 ἐγράφη.
3741 4870 3804 4923 Ἦ

504 4972 898 5045 jusjurandum
928 4971 1191 5041 iudiciale
1225 4970 1395 5044 [esse]
1427 4972 1585 5028 dixit.
1630 4972 1928 5044 Propterea
1957 4973 2098 5028 enim

2221 4974 2332 5047 μα’,
2364 4976 2505 5031 διὰτ.
2569 4976 2663 5031 ’τοῦ
2688 4974 2759 5040 α’,
2811 4976 2917 5033 τίτ.
2960 4975 3054 5029 τοῦ
3109 4971 3152 5045 β’
3191 4973 3397 5043 βιϐλίου
3425 4968 3520 5024 τοῦ
3555 4965 3804 5028 κώδικος,

512 5082 580 5121 ex
631 5066 1019 5137 reprobatione
1074 5065 1199 5137 ejus
1232 5064 1389 5138 [una]
1444 5081 1569 5120 cum
1626 5065 1832 5122 damno
1884 5065 2098 5121 infami:

2215 5068 2331 5121 ἔστι
2358 5086 2484 5139 κεφ.
2517 5066 2598 5140 νη⁹
2654 5068 2748 5125 τοῦ
2787 5066 2831 5139 β’
2875 5068 2983 5123 τίτ.
3018 5066 3113 5121 τοῦ
3150 5062 3217 5119 ια’
3259 5062 3465 5135 βιϐλίου
3518 5060 3675 5128 λέγον
3708 5057 3805 5109 ὅσα

512 5155 680 5214 etiam
730 5157 1111 5227 consequitur.
1153 5156 1345 5217 Const.
1381 5155 1451 5209 ιι
1497 5157 1745 5227 ejusdem
1795 5157 1895 5213 lib.
1929 5166 1985 5213 et
2026 5159 2098 5212 tit

2215 5160 2297 5224 είς
2329 5160 2391 5213 τὸ
2428 5159 2686 5231 κείμενον
2719 5159 3067 5232 ἐγράφησαν.
3104 5156 3251 5228 Πλὴν
3290 5155 3383 5209 καὶ
3429 5154 3521 5205 τὸν
3567 5147 3804 5204 τοιοῦτον

514 5257 748 5323 estcap.
783 5249 851 5303 59
886 5249 969 5304 tit.
1007 5249 1043 5303 2
1096 5248 1195 5304 lib.
1246 5265 1322 5315 ιι,
1382 5251 1531 5322 quod
1564 5252 1792 5323 perinde
1826 5252 1989 5309 habet
2027 5262 2098 5309 at-

2212 5254 2375 5325 ὅρκον
2400 5254 2724 5308 ίουδικοὶλιον
2756 5252 2879 5308 εἰπέ
2904 5271 2917 5284 ·
2948 5253 3040 5307 διὰ
3066 5250 3176 5323 γὰρ
3207 5250 3365 5304 τοῦτο
3408 5245 3504 5301 καὶ
3533 5243 3594 5309 ἐξ
3613 5240 3804 5309 ἀθετή-

514 5356 624 5397 nne
651 5340 918 5408 scriptum
966 5348 1072 5397 est.

2214 5365 2353 5411 σεως
2388 5349 2554 5404 αὐτοῦ
2597 5350 2696 5403 σὺν
2734 5351 2800 5420 τῇ
2833 5348 3009 5420 ζημίᾳ
3053 5347 3150 5401 καὶ
3199 5344 3397 5415 ἀτιμίᾳ
3426 5334 3802 5395 ἐπακολουθεῖ.

527 5435 593 5489 Ἠ
624 5434 711 5506 μβ⁹
771 5434 911 5490 διάτ.
941 5435 1038 5488 τοῦ
1097 5434 1266 5497 αὑτοῦ
1302 5434 1520 5507 ’βιϐλίου
1569 5436 1665 5490 καὶ
1695 5434 1804 5491 τίτ.
1850 5434 1968 5492 ἔστι
2035 5453 2163 5507 κεφ.
2206 5437 2283 5492 νϐ’
2351 5439 2446 5494 τοῦ
2498 5440 2529 5511 β
2608 5441 2717 5494 τίτ.
2762 5438 2857 5493 τοῦ
2912 5437 2980 5493 ια’
3073 5435 3281 5509 βιϐλίου
3338 5431 3514 5497 οὕτως
3561 5428 3685 5499 ἔχον
3730 5422 3804 5484 ὡς

511 5532 751 5607 ὲγράφηο

594 5586 813 5681 Τείτίυε.
854 5623 922 5680 Et
955 5624 1052 5680 lib.
1077 5640 1133 5689 iv
1166 5622 1325 5690 Cod.,
1359 5624 1443 5680 tit.
1474 5626 1528 5691 1,
1565 5632 1748 5683 const.
1777 5624 1833 5681 2.
1862 5586 2107 5682 Tametsi

518 5724 623 5770 etc.
655 5732 823 5787 usque
860 5716 930 5771 ad
955 5725 1230 5786 oportere,
1260 5723 1318 5772 ut
1348 5732 1471 5788 pag.
1501 5716 1627 5773 93L

590 5898 883 5957 Schoh‘um.
922 5902 1115 5960 Const.
1147 5901 1185 5957 2
1216 5903 1299 5960 tit.
1347 5902 1368 5958 1
1420 5902 1516 5959 lib.
1556 5918 1609 5958 tv
1652 5900 1788 5959 Cod.
1849 5907 1933 5957 est
1990 5915 2111 5973 cap.

2289 5621 2599 5689 Κείμενον.
2627 5620 2738 5674 Καὶ
2762 5618 2967 5690 βιϐλίον
2998 5617 3039 5672 δ’
3077 5615 3173 5671 τοῦ
3191 5614 3423 5678 κώδικος
3441 5612 3544 5668 τίτ.
3571 5610 3638 5677 α’,
3664 5611 3799 5667 διάτ.

2217 5713 2285 5787 β’,
2331 5714 2414 5767 ὅτι
2474 5714 2525 5766 εἰ
2574 5714 2670 5767 καὶ
2721 5714 2886 5779 κατὰ,
2916 5730 2968 5768 κ.
3008 5730 3060 5767 τ.
3106 5712 3182 5778 λ.,
3220 5724 3395 5781 usque
3424 5706 3492 5763 ad
3521 5707 3580 5760 οὐ
3609 5706 3689 5760 δεῖ
3714 5704 3804 5759 τὸν

2211 5810 2374 5881 ὅρκον
2407 5807 2719 5878 φυλάττειν.

2213 5914 2224 5967 ξ
2286 5904 2564 5973 Σχόλιον.
2609 5902 2673 5959 Ἦ
2712 5902 2754 5975 β’
2779 5902 2919 5959 διάτ.
2939 5899 3032 5956 τοῦ
3060 5900 3108 5957 α’
3131 5900 3233 5956 τίτ.
3276 5897 3371 5954 τοῦ
3415 5896 3456 5952 δ’
3489 5894 3690 5956 βιϐλίου
3713 5890 3801 5944 τοῦ
