4142 6434
561 440 696 504 1207

1740 461 2005 524 PIIOTII
2037 465 2548 534 PATRIARCH/E
2587 477 2697 540 (ΞΡ.

3713 482 3844 549 1208

557 556 1006 625 incantatoribus,
1053 565 1463 638 mathematicis,
1487 571 1904 639 divinatoribus,
1927 586 1978 630 et
2005 591 2131 630 amu

562 646 664 668 Ι-.-
895 657 908 668 ι
984 655 1041 668 ,ιι

2264 581 2362 633 καὶ
2398 583 2630 654 μάγων,
2690 591 2787 642 καὶ
2823 589 3144 659 ἐπαοιδῶν,
3179 595 3277 648 καί
3303 595 3715 668 ἀστρολόγων,
3747 601 3841 653 καί

556 646 666 701 leta
699 655 1140 720 appendentibus.

619 739 1009 809 Apostolorum
1065 763 1240 803 canon
1278 750 1378 818 62;
1432 752 1650 807 concilii
1703 753 1907 810 Nicaeni
1971 771 2150 813 canon

549 831 652 896 11,
708 834 810 901 l2;
855 840 1072 893 concilii
1108 841 1384 913 Ancyrani
1440 859 1616 898 canon
1657 847 1712 910 5,
1743 848 1798 910 4,
1827 848 1883 911 5,
1920 848 1976 913 6,
2007 851 2063 916 8,
2093 851 2149 918 9,

549 923 640 989 12,
673 924 779 992 24;
813 929 1031 984 concilii
1072 929 1364 987 Laudiceni
1395 948 1574 988 cannn
1620 935 1725 1003 56;
1761 940 1978 994 concilii
2009 943 2148 997 Car-

551 1018 899 1088 thaginensis
928 1038 1104 1077 canon
1136 1025 1244 1092 45;
1279 1028 1498 1082 concilii
1531 1030 1671 1084 sexti
1703 1046 1879 1087 canon
1913 1033 2002 1100 6l,
2038 1035 2146 1104 65;

544 1107 692 1164 Petri
742 1113 1098 1170 Alexandrini
1156 1133 1330 1172 canon
1388 1121 1439 1186 1,
1473 1121 1528 1181 2,
1559 1123 1616 1185 3,
1647 1123 1700 1188 4,
1737 1123 1790 1186 5.
1827 1124 1882 1187 6,
1915 1125 1967 1191 7,
1997 1126 2051 1192 8,
2091 1130 2145 1196 9,

548 1202 636 1270 10,
674 1205 762 1270 ‘ll,
799 1208 888 1271 12,
924 1208 1011 1274 15,
1050 1210 1155 1277 14;
1194 1211 1383 1267 Basilii
1412 1230 1592 1271 canon
1625 1215 1680 1281 7,
1710 1217 1764 1276 8.
1799 1217 1890 1280 44,
1925 1221 2016 1285 48,
2053 1223 2144 1286 49,

546 1296 637 1360 65,
666 1296 756 1364 66,
787 1298 875 1362 72,
905 1301 994 1362 75.
1025 1300 1114 1367 81,
1146 1303 1246 1371 85;
1273 1303 1520 1378 Gregorii
1546 1306 1775 1379 Nysseni
1804 1326 1981 1365 canon
2013 1313 2066 1378 1,
2088 1312 2142 1367 2.

543 1389 687 1460 Lege
719 1406 841 1461 quae
875 1393 1135 1452 adnotata
1198 1405 1331 1452 sunt
1357 1399 1410 1452 in
1441 1414 1565 1470 cap.
1592 1400 1664 1456 25
1728 1402 1812 1457 tit.
1845 1403 1880 1459 9
1907 1419 2148 1473 praesen~

543 1484 616 1538 tis
643 1485 851 1553 operis.

608 1576 764 1632 CAP.
799 1577 938 1633 XXI.
964 1610 1037 1622 —-
1059 1579 1133 1635 De
1176 1581 1525 1639 histrionibus
1545 1626 1561 1652 ,
1591 1585 1770 1640 mimis
1805 1594 1854 1641 et
1877 1587 2144 1643 similibus

541 1669 907 1736 paenitentiam
937 1672 1236 1742 agentibus.

611 1763 844 1817 Concilii
874 1764 1327 1836 Carthaginiensis
1375 1783 1553 1822 canon
1600 1768 1671 1824 45
1697 1811 1714 1837 ,
1755 1769 1866 1838 63;
1921 1771 2142 1828 concilii

541 1854 684 1908 Sexti
714 1870 894 1911 canon
928 1856 1019 1920 50,
1050 1857 1139 1912 5i.

616 1944 837 2001 Textus.
869 1947 1103 2004 Constit.
1141 1951 1212 2006 5:5
1248 1952 1330 2006 ιίι.
1361 1953 1397 2008 ι
1430 1953 1526 2009 lib.
1557 1952 1583 2006 ι
1623 1953 1784 2022 Cod.,
1823 1967 1932 2012 etc.
1985 1973 2145 2029 usque
2177 1926 2221 1985 Β

539 2033 610 2088 ad
642 2038 726 2094 tit.
763 2037 819 2102 9,
844 2049 1025 2093 const.
1060 2040 1114 2104 2,
1145 2049 1202 2094 ut
1225 2057 1351 2113 pag.
1383 2042 1512 2110 954,
1541 2043 1669 2107 955,.

613 2223 914 2281 Sc/iolium.
983 2227 1092 2283 Tit.
1139 2230 1174 2284 4
1215 2229 1308 2285 lib.
1352 2246 1370 2287 ι
1421 2230 1584 2300 C0d.,
1639 2243 1694 2290 et
1766 2234 1912 2291 lit.4
1963 2235 2060 2293 lib.
2109 2253 2144 2291 ν

538 2318 675 2374 Cod.
716 2325 1076 2390 transsnmpti
1124 2333 1253 2378 sunt
1285 2325 1338 2378 in
1377 2325 1476 2380 lib.
1517 2323 1685 2381 Basil.
1719 2343 1925 2394 xxvnt,
1964 2329 2048 2384 tit.
2081 2329 2138 2384 4.

540 2411 636 2468 lla:
668 2425 848 2469 autem
885 2426 1064 2471 const.
1099 2433 1209 2471 non
1240 2427 1368 2473 sunt
1401 2421 1594 2489 positae
1622 2421 1675 2475 in
1705 2419 1876 2478 Basil.
1909 2421 2020 2479 Tit.
2069 2425 2135 2479 4|

537 2505 634 2560 lib.
677 2522 714 2560 ιι
748 2506 886 2563 Cod.
913 2518 996 2563 est
1028 2508 1127 2563 tit.
1160 2509 1228 2563 '67
1265 2508 1360 2568 lib.
1403 2526 1494 2564 Liv
1525 2511 1718 2578 Basil.,
1750 2513 1910 2584 cujus
1948 2515 1969 2568 1
2010 2531 2136 2588 cap.

534 2598 610 2652 ita
649 2599 811 2654 habet
844 2619 858 2654 :
902 2601 977 2656 De
1011 2603 1221 2672 reliquo
1251 2603 1552 2659 certamina
1586 2605 1753 2661 libere
1784 2619 2138 2678 peragantur.

536 2695 707 2750 Nemo
759 2694 964 2750 invitus
1010 2698 1313 2752 certamina
1365 2699 1546 2765 edito,
1596 2701 1943 2757 voluntarios
1988 2705 2138 2759 enim

537 2795 795 2857 sumptus
854 2788 1033 2841 facere
1081 2789 1224 2844 volo.
1281 2789 1457 2861 Legas
1537 2793 1702 2848 etiam
1752 2809 1874 2865 cap.
1926 2795 1963 2850 2
1996 2805 2051 2851 et
2104 2798 2139 2853 5

536 2882 644 2936 Tit.
703 2882 729 2936 1
781 2882 880 2936 lib.
930 2898 1009 2938 ιιι.
1050 2882 1252 2952 Digest.
1305 2893 1390 2939 est
1446 2885 1542 2940 lib.
1582 2884 1751 2942 Basil.
1810 2904 1943 2954 vui;
1974 2889 2058 2945 tit.
2100 2889 2138 2955 2

538 2977 636 3030 lib.
667 2991 728 3032 ut
761 2976 964 3046 Digest.
1012 2987 1096 3032 est
1132 2978 1227 3032 lih.
1264 2976 1433 3034 Basil.
1465 2979 1593 3047 ut},
1639 2979 1723 3034 tit.
1758 2979 1899 3036 2tit.
1947 2983 1980 3036 2
2038 2983 2133 3038 lib.

532 3087 670 3125 mit
710 3070 916 3142 Digest.
962 3071 1175 3140 positus
1198 3081 1281 3126 est
1310 3071 1364 3126 in
1397 3071 1490 3126 lib.
1526 3088 1697 3128 xxvm
1720 3072 1930 3144 .Basil.,
1960 3076 2044 3130 tit.
2078 3076 2132 3130 5.

535 3165 741 3233 Digest.
790 3174 974 3220 autem
1016 3165 1137 3234 ejus
1188 3165 1259 3221 48
1311 3181 1420 3221 non
1459 3178 1543 3222 est
1590 3168 1829 3237 positum
1877 3169 1933 3225 in
1964 3169 2132 3227 Basil.

535 3255 682 3310 Sane
740 3255 924 3311 thema
957 3257 1055 3310 ult.
1099 3272 1221 3327 cap.
1263 3258 1298 3310 2
1332 3259 1417 3312 tit.
1446 3257 1482 3310 2
1511 3258 1606 3312 lib.
1657 3275 1772 3325 ut,
1802 3260 1879 3316 ait
1911 3279 1924 3316 :
1960 3261 2134 3318 Porro

535 3364 702 3404 scena
733 3355 838 3414 est,
876 3348 966 3402 ubi
993 3350 1120 3419 quis
1150 3349 1404 3405 consistit
1431 3365 1444 3401 :
1489 3361 1543 3405 et
1573 3353 1832 3423 deinceps
1865 3369 2135 3424 quaecun-

532 3458 642 3512 que
661 3442 730 3497 de
756 3441 1120 3496 histrionibus
1143 3442 1199 3495 in
1232 3450 1380 3496 textu
1411 3443 1615 3513 scripta
1656 3453 1804 3499 sunt.
1838 3443 1915 3500 De
1944 3445 2010 3500 iis
2039 3447 2133 3517 qui

533 3552 660 3591 cum
717 3535 910 3592 bestiis
953 3545 1235 3607 pugnant,
1278 3536 1524 3607 loquitur
1559 3538 1626 3603 8,
1678 3535 1712 3592 9
1755 3547 1811 3592 et
1855 3538 1926 3595 10
1953 3539 2136 3596 thema

535 3645 659 3699 cap.
693 3631 746 3696 1,
780 3630 868 3684 tit.
899 3647 937 3696 ι,
968 3630 1064 3684 lib.
1098 3629 1267 3684 Basil.
1295 3646 1412 3694 vm,
1450 3645 1574 3700 qua:
1606 3631 1659 3685 in
1687 3641 1837 3686 textu
1873 3647 2136 3703 compen-

535 3725 690 3778 diose
716 3724 998 3792 proposita
1025 3731 1174 3778 sunt.
1204 3722 1362 3790 Quod
1391 3725 1724 3780 athletarum
1757 3742 1849 3782 ars
1890 3726 2135 3784 famosos

537 3834 644 3872 non
699 3817 894 3885 faciat,
923 3826 1010 3872 est
1042 3817 1098 3871 in
1125 3833 1248 3887 cap.
1283 3818 1317 3872 4
1345 3819 1429 3873 tit.
1477 3818 1514 3872 2
1573 3819 1672 3874 lib.
1712 3835 1803 3876 xxi
1835 3818 2006 3875 Basil.
2043 3821 2130 3887 Et,

534 3909 681 3980 quod
727 3909 851 3964 leno
898 3909 1004 3975 sit,
1037 3910 1132 3980 qui
1165 3910 1476 3965 istiusmodi
1505 3922 1774 3980 quaestum
1797 3954 1814 3980 ,
1861 3922 1968 3968 etc.
1995 3953 2012 3977 ,
2049 3921 2135 3970 est

537 4006 718 4060 thema
753 4004 851 4059 2et
875 4006 910 4060 5
935 4004 1180 4074 ejusdem
1202 4020 1350 4074 cap.,
1373 4021 1494 4074 quia
1518 4007 1592 4060 ita
1619 4021 1878 4077 expresse
1905 4007 2132 4077 habent,

535 4097 998 4168 quemadmodum
1028 4096 1131 4171 [id]
1165 4098 1338 4154 textui
1357 4099 1621 4155 insertum
1655 4099 1997 4168 est.Quairet
2022 4102 2132 4157 for-

534 4205 677 4247 tasse
719 4193 1032 4262 quispiam,
1080 4201 1420 4262 quapropter
1469 4191 1561 4262 qui
1609 4207 1834 4262 operam
1886 4207 2041 4248 suam
2075 4194 2130 4248 in

536 4293 712 4339 autem
740 4284 1006 4340 ludicram
1041 4284 1265 4348 locavit,
1293 4298 1470 4354 neque
1504 4281 1673 4355 [eam]
1715 4284 1990 4350 exhibuit,
2019 4301 2129 4340 non

534 4385 793 4445 notetur:
841 4378 938 4448 qui
981 4391 1112 4432 vero
1163 4385 1221 4431 ut
1268 4390 1394 4430 cum
1429 4376 1620 4431 bestiis
1663 4376 2038 4447 depugnaret,
2072 4391 2132 4432 se

534 4470 758 4534 locavit,
827 4469 1045 4528 tametsi
1119 4483 1229 4523 non
1275 4469 1555 4540 pugnat-it,
1597 4467 1847 4523 famosus
1890 4469 2021 4524 tiat‘t
2070 4468 2129 4524 ln

534 4573 653 4618 arte
677 4561 888 4617 ludicra
921 4561 1101 4632 ipsum
1130 4559 1359 4627 factum,
1395 4576 1503 4615 non
1538 4569 1722 4615 autem
1755 4561 2127 4631 propositum,

2251 675 2698 742 μαθηματικῶν,
2729 677 3036 747 μάντεων,
3072 685 3168 738 καὶ
3205 684 3568 752 περιόπτων.

2339 762 2680 820 Ἀποστόλων
2710 769 2894 823 κανὼν
2927 771 3040 843 EB"
3101 776 3320 829 συνόδου
3382 778 3622 841 Νικαίας
3666 779 3840 836 κανὼν

2258 851 2343 918 ια’,
2369 852 2437 924 ιβ’
2457 875 2470 887 ·
2500 859 2719 912 συνόδου
2768 860 3045 934 Ἀγκύρας
3069 867 3250 920 κανὼν
3278 867 3350 937 γ’,
3376 867 3440 933 δ’,
3472 868 3542 936 ε’,
3569 868 3645 936 ς’,
3683 870 3753 942 η’,
3779 873 3808 926 θ
3829 914 3844 940 ,

2255 943 2344 1015 ιβ’,
2414 946 2524 1000 κδ”
2579 952 2801 1007 συνόδου
2860 957 3182 1023 Λαοδικείας
3235 961 3416 1016 κανὼν
3470 961 3596 1028 λςό
3627 966 3846 1020 συνόδου

2253 1039 2648 1114 Καρθαγέννης
2677 1046 2858 1099 κανὼν
2885 1055 2968 1119 με’
2996 1067 3012 1082 ο
3046 1053 3266 1107 συνόδου
3297 1072 3335 1119 ς
3385 1055 3568 1110 κανὼν
3610 1055 3709 1121 ξα’,
3740 1057 3843 1123 ξδ’·

2251 1130 2463 1202 Πέτρου
2505 1133 2914 1209 Ἀλεξανδρείας
2953 1142 3133 1195 κανὼν
3181 1142 3252 1210 α’,
3292 1143 3358 1216 β’,
3389 1143 3460 1214 γ’.
3499 1146 3560 1210 δ’.
3589 1145 3652 1211 ε’,
3679 1155 3753 1213 ς’,
3779 1146 3846 1213 ζ’,

2249 1221 2319 1294 η’,
2346 1222 2408 1288 θ’,
2440 1223 2490 1287 ι’,
2521 1225 2610 1290 ια’,
2647 1228 2736 1299 ιβ’,
2767 1229 2861 1300 ιγ’,
2889 1230 2952 1285 ιδ’
2971 1250 2986 1265 ·
3018 1236 3307 1290 Βασιλείου
3334 1236 3515 1292 κανὼν
3538 1236 3604 1303 ζ’,
3633 1236 3704 1309 η’,
3743 1238 3844 1309 μδ,

2253 1323 2366 1385 μη’.
2404 1315 2497 1382 νέ,
2532 1320 2623 1384 ξε⁹ν
2655 1320 2764 1388 ξς’,
2805 1323 2907 1395 οβ’,
2932 1325 3032 1394 ογ’.
3063 1326 3178 1394 πα’,
3209 1328 3299 1398 πγ⁹
3322 1349 3335 1362 ·
3371 1330 3675 1402 Γρηγορίου
3703 1332 3848 1386 Νύσ-

2251 1424 2351 1478 σης
2379 1408 2564 1463 κανὼν
2588 1418 2658 1480 α’,
2693 1412 2739 1484 β’
2761 1431 2776 1446 ο
2813 1417 3092 1486 ἀνάγνωθι
3113 1420 3182 1475 τὰ
3213 1424 3654 1494 παραγραφέντα
3686 1425 3745 1485 ἐν
3770 1425 3846 1496 τῷ

2249 1500 2328 1555 κε’
2358 1520 2486 1574 κεφ.
2520 1505 2616 1559 τοῦ
2649 1505 2696 1560 θ’
2728 1507 2835 1564 τίτ.
2866 1514 2962 1564 τοῦ
2987 1513 3256 1583 παρόντος
3289 1516 3690 1586 συντάγματος.

2321 1599 2578 1656 ΚΕΦΑΛ.
2607 1601 2840 1670 ΚΑἏε-
2858 1607 3347 1676 Περὲσκηνικῶν,
3378 1610 3476 1664 καί
3502 1610 3727 1681 μίμων,
3749 1611 3847 1665 καὶ

2247 1689 2369 1744 τῶν
2390 1695 2612 1761 ὁμοίων
2629 1699 3114 1766 μετανοούντων.

2319 1785 2551 1840 Συνόδου
2601 1789 2997 1865 Καρθαγέννης
3025 1793 3209 1848 κανὼν
3243 1793 3348 1866 με’,
3394 1793 3495 1865 ξγ’⁶
3537 1796 3761 1851 συνόδου
3797 1796 3850 1863 ς’

2249 1886 2432 1932 κανων
2464 1886 2564 1934 va’.

2324 1975 2635 2043 Κείμενον.
2674 1976 2740 2032 Ἦ
2791 1978 2874 2049 λγ’
2919 1981 3061 2037 διάτ.
3094 1981 3189 2036 τοῦ
3232 1981 3274 2036 δ’
3297 1982 3403 2037 τίτ.
3435 1983 3531 2037 τοῦ
3557 1981 3604 2038 α’
3639 1984 3845 2055 βιϐλίου

2244 2063 2340 2119 τοῦ
2375 2065 2628 2136 κώδικος,
2691 2088 2746 2126 κ.
2787 2089 2840 2127 τ.
2875 2059 2951 2139 λ.,
2996 2091 3173 2146 usque
3201 2076 3396 2146 ad,‘_tbc
3420 2077 3624 2150 βιϐλίον
3660 2076 3710 2132 θ’
3753 2076 3847 2132 τοῦ

2244 2156 2478 2223 κώδικος
2507 2160 2613 2215 τίτ.
2649 2160 2716 2228 θ’,
2756 2163 2898 2218 διάτ.
2939 2165 3005 2237 β’.
3037 2175 3064 2231 ι

2315 2255 2598 2320 Σχόλιον.
2644 2255 2703 2309 '0
2754 2255 2928 2316 δ’τίτ.
2993 2260 3088 2314 τοῦ
3150 2261 3200 2316 α’
3250 2262 3458 2335 βιϐλίου
3522 2263 3618 2319 τοῦ
3669 2263 3842 2318 κώδι-

2245 2357 2362 2406 κος,
2413 2346 2509 2398 καὶ
2551 2347 2650 2401 66'
2694 2349 2802 2404 τίτ.
2837 2350 2933 2405 τοῦ
2976 2358 3018 2406 ε’
3062 2353 3272 2425 βιϐλίου
3320 2355 3416 2410 τοῦ
3457 2356 3691 2423 κώδικος
3735 2359 3848 2427 ἐξειρ

2241 2430 2528 2504 ληφθησαν
2569 2437 2628 2491 ἐν
2686 2439 2879 2512 βιϐλίῳ
2922 2441 3034 2496 τῶν
3084 2443 3391 2499 Βασιλικῶν
3453 2445 3562 2517 κη’,
3609 2448 3720 2503 τίτ.
3775 2457 3846 2512 α’.

2240 2529 2306 2579 Αἱ
2338 2527 2395 2581 δέ
2431 2529 2710 2595 διατάξεις
2740 2532 2904 2588 αὗται
2926 2535 3028 2589 οὐκ
3058 2536 3327 2605 ἐτέθησαν
3345 2538 3426 2602 εἰς
3454 2541 3521 2592 τὰ
3548 2539 3835 2598 Βασιλικά.

2253 2621 2312 2676 Ὀ
2344 2620 2434 2691 μα’
2455 2623 2563 2680 τίτ.
2586 2625 2684 2679 τοῦ
2725 2625 2793 2681 ια’
2831 2626 3040 2697 βιϐλίου
3083 2627 3178 2682 τοῦ
3208 2628 3463 2696 κώδικος,
3498 2630 3614 2685 ἐστι
3639 2633 3844 2700 τίτ.).ζ’

2237 2712 2333 2768 τοῦ
2378 2714 2462 2784 μδ’
2491 2715 2697 2786 βιϐλίου
2720 2718 2830 2772 τῶν
2847 2719 3178 2785 Βασιλικῶν,
3211 2722 3309 2775 καὶ
3359 2720 3473 2792 ἔχει
3501 2723 3564 2777 τὸ
3603 2722 3654 2777 α’
3678 2725 3840 2782 αὐτοῦ

2240 2823 2370 2874 κεφ.
2397 2806 2594 2873 οὕτως,
2613 2809 3107 2864 Ἐπιτελείσθωσαν
3134 2810 3233 2882 μὲν
3253 2814 3300 2865 οί
3317 2811 3526 2880 ἀγῶνες
3548 2815 3841 2881 ἀκωλύτως

2237 2898 2333 2951 τοῦ
2361 2898 2548 2953 λοιποῦ
2583 2917 2597 2932 θ
2671 2901 2860 2972 μηδεὶς
2902 2903 2960 2957 δὲ
3011 2904 3367 2973 άγωνιζέσθω
3392 2905 3542 2960 ἄκων
3561 2924 3575 2938 ·
3606 2909 3839 2975 ἑκόντας

2237 2991 2349 3062 γὰρ
2414 2993 2722 3065 βουλόμεθα
2773 2996 3042 3069 δαπανᾷν.
3088 2998 3385 3067 Ἀνάγνωθι
3442 3001 3537 3054 καὶ
3589 3019 3724 3073 κεφ.
3773 3003 3836 3075 β’,

2237 3083 2333 3137 καὶ
2362 3083 2431 3154 γ’.
2474 3085 2532 3140 '0
2563 3093 2611 3140 α’
2630 3086 2739 3141 τίτ.
2772 3087 2868 3142 τοῦ
2900 3096 2949 3158 γ’
2977 3088 3183 3160 βιϐλίου
3223 3091 3334 3145 τῶν
3373 3091 3698 3162 διατάξεων,
3727 3099 3838 3150 ἐστι

2237 3173 2442 3245 βιϐλίον
2495 3175 2544 3248 η’
2592 3177 2703 3232 τῶν
2746 3178 3118 3239 Βασιλικῶν...
3165 3182 3271 3238 τίτ.
3319 3182 3385 3256 β’.
3433 3185 3490 3240 '0
3526 3184 3570 3257 β’
3601 3205 3716 3242 τιτ.
3744 3186 3834 3243 τοῦ

2239 3266 2326 3336 κγ’
2361 3267 2567 3338 βιϐλίου
2613 3271 2778 3342 ἐτέθη
2806 3275 2888 3338 είς
2919 3273 3030 3342 βιϐ.
3074 3282 3164 3346 κη’
3192 3277 3300 3330 τῶν
3328 3277 3631 3333 Βασιλικῶν
3652 3281 3758 3337 τίτ.
3777 3278 3834 3338 ε’.

2243 3359 2304 3413 τὸ
2333 3360 2390 3414 δὲ
2426 3360 2519 3434 μη¹
2551 3363 2692 3417 διάτ.
2724 3365 2820 3418 τοῦ
2841 3367 3010 3421 αὐτοῦ
3030 3368 3132 3422 οὐκ
3159 3369 3320 3442 ἐτέθη
3349 3373 3429 3436 είς
3457 3372 3526 3425 τὰ
3550 3374 3833 3428 Βασιλικά.

2242 3455 2383 3523 Φησὶ
2398 3453 2454 3507 δὲ
2470 3454 2530 3508 τὺ
2556 3455 2868 3512 τελευταῖον
2886 3457 3030 3529 θέμα
3051 3461 3146 3515 τοῦ
3170 3461 3214 3533 β’
3242 3463 3352 3518 τίτ.
3377 3463 3472 3517 τοῦ
3501 3463 3588 3518 κα⁹
3607 3465 3834 3536 βιϐλίου,

2243 3548 2424 3620 Σκηνή
2453 3549 2602 3604 ἐστιν
2637 3550 2769 3605 ἔνθα
2798 3569 2884 3617 τις
2931 3553 3172 3623 ἵσταται,
3223 3557 3319 3610 καὶ
3347 3558 3433 3627 ἐφ’
3468 3558 3598 3629 ἑξῆς
3625 3562 3728 3614 ὃσα
3762 3561 3835 3623 είς

2242 3638 2304 3690 τὸ
2324 3638 2580 3710 κείμενον
2603 3642 2930 3714 ἐγράφησαν
2971 3647 3136 3715 χάριν
3195 3645 3304 3699 τῶν
3347 3649 3642 3716 σκηνικιῖη.
3663 3650 3737 3703 Τὸ
3767 3656 3833 3720 η’,

2243 3726 2288 3781 θ’
2322 3731 2418 3783 καὶ
2449 3729 2478 3784 ι’
2512 3729 2656 3803 θὲμα
2697 3731 2794 3786 τοῦ
2825 3731 2872 3787 α’
2903 3749 3029 3802 κεφ.
3067 3733 3162 3787 τοῦ
3191 3733 3241 3787 α’
3283 3735 3390 3788 τίτ.
3422 3735 3517 3788 τοῦ
3551 3743 3601 3807 η’
3633 3736 3834 3807 βιϐλίου

2241 3819 2354 3873 τῶν
2378 3821 2686 3881 Βασιλικῶν
2717 3839 2853 3893 φησι
2902 3822 3063 3894 χάριν
3113 3823 3224 3878 τῶν
3256 3823 3608 3897 θηριομάχων
3639 3828 3742 3880 ὅσα
3762 3828 3836 3891 είς

2241 3909 2303 3964 τὸ
2331 3911 2586 3981 κείμενον
2634 3913 3078 3985 συνωψίσθησαν.
3127 3915 3202 3968 Τὸ
3239 3915 3314 3986 μὴ
3352 3911 3492 3971 εῖναι
3521 3917 3837 3988 άτιμοποιδν

2239 4003 2341 4075 τὴν
2371 4006 2568 4077 τέχνην
2603 4005 2713 4060 τῶν
2733 4006 3012 4078 ἀθλητῶν,
3035 4007 3154 4060 ἐστι
3185 4024 3315 4078 κεφ.
3343 4005 3386 4061 δ’
3411 4007 3507 4062 τοῦ
3537 4008 3582 4079 β’
3617 4007 3834 4064 τίτ.τοῠ

2240 4096 2325 4152 κα¹
2349 4098 2558 4169 βιϐλίου
2587 4100 2698 4153 τῶν
2735 4099 3064 4166 Βασιλικῶν,
3094 4101 3192 4155 καὶ
3215 4101 3278 4154 τὸ
3325 4102 3651 4174 προαγωγός
3689 4103 3834 4156 ἐστιν

2239 4191 2270 4244 6
2315 4191 2485 4262 πόρον
2535 4190 2805 4258 τοιοῦτον,
2843 4191 2942 4245 καὶ
2990 4191 3062 4245 τὰ
3110 4191 3238 4261 ἐξῆς
3275 4194 3386 4245 εἰσι
3421 4191 3632 4264 θέματα
3675 4191 3718 4264 β’
3746 4193 3836 4247 καί

2239 4279 2290 4351 γ’
2323 4282 2420 4335 τοῦ
2442 4283 2609 4336 αὐτοῦ
2636 4300 2762 4354 κεφ.
2795 4283 2938 4337 οὕτω
2976 4283 3160 4356 ῥητῶς
3189 4285 3383 4356 ἔχοντα
3411 4285 3488 4349 ὡς
3524 4283 3831 4356 κατεστρώ-

2241 4375 2414 4446 θησαν
2435 4376 2514 4440 είς
2541 4376 2603 4429 τὸ
2631 4377 2912 4448 κείμενον.
2967 4377 3271 4450 Ἑρωτησει
3300 4377 3359 4432 δέ
3403 4395 3489 4442 τις
3511 4377 3599 4431 διὰ
3617 4377 3670 4430 τί
3693 4379 3721 4431 6
3742 4376 3835 4448 μὲν

2243 4467 2527 4539 μισθώσας
2558 4469 2751 4523 ἑαυτὸν
2795 4471 2878 4534 είς
2925 4471 3226 4543 παιγνικὴν
3258 4471 3456 4543 τέχνην
3497 4474 3594 4526 καὶ
3624 4471 3703 4542 μὴ
3728 4475 3835 4524 ὲπι-

2239 4561 2564 4632 δειξάμενος
2594 4561 2695 4615 οὐκ
2727 4563 3048 4633 άτιμοῦται,
3077 4565 3106 4616 6
3140 4562 3196 4616 δὲ
3235 4563 3515 4634 μισθώσας
3545 4563 3736 4617 ἐαυτὸν
3758 4563 3835 4625 είς

535 4656 819 4711 infamiam
844 4655 1072 4726 irrogat.
1099 4655 1258 4722 Quod
1292 4653 1647 4710 manifestum
1675 4655 1735 4709 lit
1763 4669 1829 4709 ex
1863 4671 1952 4722 eo,
1981 4655 2126 4726 quod

2241 4655 2298 4708 τὸ
2329 4655 2738 4726 θηριομαχῆσαι
2792 4655 2898 4710 κᾶν
2960 4656 3036 4728 μὴ
3102 4656 3489 4730 θηριομαχήσῃ
3523 4655 3829 4726 ἅτιμοῦτίιι.

535 4765 645 4805 non
691 4748 906 4823 [modo]
955 4750 1048 4819 qui
1093 4765 1193 4820 pro
1228 4751 1516 4816 mercede,
1557 4752 1651 4806 sed
1694 4748 1916 4822 [etiam]
1944 4749 2133 4821 gloriae

533 4860 700 4898 causa
734 4852 910 4897 artem
940 4843 1206 4900 ludicram
1238 4842 1508 4910 fecerunt,
1536 4842 1774 4898 infames
1805 4843 2128 4898 reddantur.

537 4937 593 4989 In
626 4951 693 4990 eo
716 4950 848 4990 vero
883 4935 975 5004 qui
1005 4951 1129 4991 cum
1160 4935 1352 4991 bestiis
1375 4946 1597 5007 pugnat,
1631 4950 1742 4989 non
1778 4935 2006 5003 factum,
2036 4937 2131 4991 sed

532 5027 911 5096 propositum,
942 5027 1195 5083 odiosum
1227 5037 1330 5084 est.
1380 5027 1517 5083 Nam
1565 5044 1722 5100 reges
1761 5027 1926 5083 etiam
1966 5038 2133 5098 atque

536 5120 766 5184 milites,
799 5121 1220 5189 generositatem
1260 5138 1416 5176 suam
1449 5129 1792 5177 ostentantes
1817 5164 1834 5188 ,
1869 5137 1994 5176 cum
2036 5121 2132 5176 be-

533 5212 656 5266 stiis
691 5213 1024 5282 depugnant.
1061 5214 1139 5268 Ac
1178 5223 1467 5284 propterea
1517 5213 1775 5284 quidem,
1803 5212 1898 5282 qui
1951 5213 2131 5283 turpis

531 5306 670 5360 tueri
695 5320 860 5361 causa
891 5305 1060 5360 vitam
1111 5322 1266 5362 suam
1301 5307 1571 5377 prodidit,
1619 5310 1838 5365 tametsi
1875 5327 2000 5366 cum
2036 5311 2131 5365 be-

532 5400 656 5455 stiis
691 5415 798 5453 non
830 5398 1106 5468 pugnarit,
1142 5397 1390 5454 famosus
1421 5403 1480 5453 lit
1523 5417 1538 5467 ;
1584 5400 1678 5469 qui
1712 5417 1845 5456 vero
1877 5403 1956 5456 rei
1985 5401 2130 5456 ludi-

531 5506 638 5546 crae
683 5491 948 5546 faciendae
1017 5505 1185 5546 causa
1235 5489 1522 5561 pecuniam
1572 5491 1735 5561 cepit,
1769 5493 1814 5545 si
1848 5507 1969 5546 eam
2019 5507 2129 5547 non

531 5586 743 5652 fecerit,
803 5601 914 5640 non
976 5593 1222 5642 notatur.
1253 5584 1360 5652 Tit.
1407 5601 1439 5654 9
1488 5586 1583 5640 lib.
1619 5601 1676 5640 ιιι
1724 5584 1860 5640 Cod.
1915 5586 2130 5656 positus

530 5689 614 5734 est
670 5680 723 5734 in
779 5679 874 5736 lib.
916 5678 1085 5735 Basil.
1127 5697 1233 5742 ιιι,
1288 5679 1374 5736 tit.
1419 5680 1522 5741 55.
1580 5696 1702 5750 cap.
1733 5679 1843 5742 48;
1897 5681 2126 5736 constit.

528 5768 768 5822 autem2
823 5769 1031 5824 omissa
1067 5778 1173 5824 est.
1209 5768 1302 5824 Est
1343 5770 1561 5824 interim
1606 5771 1786 5826 simile
1818 5769 2129 5843 [quiddam]

531 5860 583 5912 in
609 5861 700 5914 lib.
743 5878 793 5916 iv
817 5861 974 5929 (Σαὼ,
1001 5863 1080 5917 tit.
1116 5863 1168 5931 7,
1199 5873 1379 5919 const.
1411 5864 1466 5932 5',
1496 5863 1658 5920 Basil.
1682 5881 1814 5919 vero
1842 5865 1935 5919 lib.
1973 5882 2124 5930 xxiv,

533 5950 616 6006 tit.
668 5951 740 6019 2,
782 5969 906 6023 cap.
953 5955 1064 6022 14,
1102 5957 1248 6027 quod
1299 5957 1381 6012 sic
1434 5957 1598 6013 habet
1651 5957 1708 6013 in
1763 5955 1964 6012 initio:
2017 5956 2122 6023 Qui

2248 4749 2374 4802 Ἐπὶ
2402 4749 2504 4818 μὲν
2529 4749 2630 4820 τῆς
2657 4749 2955 4819 παιγνικῆς
2985 4749 3185 4821 τέχνης
3215 4749 3275 4803 τὸ
3315 4750 3478 4822 ἔργον
3517 4750 3714 4818 ἐπάγει
3739 4747 3832 4822 τὴν

2233 4839 2490 4910 ἀτιμίαν,
2541 4841 2602 4892 οὐ
2642 4841 2741 4912 μὲν
2800 4843 2828 4894 6
2860 4842 3064 4906 σκοπός
3089 4858 3102 4870 ·
3136 4843 3232 4895 καὶ
3253 4842 3413 4896 τοῦτο
3444 4841 3699 4912 δηλοῦται
3729 4840 3832 4895 ἀπὸ

2230 4931 2327 4986 τοῦ
2357 4933 2689 5004 ἀτιμοῦσθαι
2743 4935 2840 4989 καὶ
2890 4935 2983 4989 τὸν
3036 4934 3112 5008 μὴ
3159 4937 3254 4988 ἐπὶ
3304 4935 3504 5007 μισθῷ,
3536 4935 3673 4989 ἀλλὰ
3696 4932 3830 4988 κατὰ

2232 5026 2546 5098 φιλοτιμίαν
2596 5028 3010 5098 ἐπιδειξάμενον
3063 5033 3364 5100 παιγνικὴν
3420 5029 3646 5099 τέχνην.
3711 5022 3829 5080 Ἐπὶ

2231 5118 2290 5173 δὲ
2319 5118 2415 5172 τοῦ
2445 5119 2916 5192 θηριομαχοῦντος
2956 5123 3018 5176 οὺ
3044 5121 3106 5174 τὺ
3149 5120 3314 5193 ἔργον
3365 5124 3628 5192 μισεῖται,
3661 5120 3773 5175 ἀλλ’
3800 5120 3827 5172 6

2235 5213 2460 5277 σκοπός.
2489 5213 2904 5284 Θηριομαχοῦσι
2930 5215 3041 5285 γὰρ
3094 5215 3191 5267 καὶ
3225 5213 3470 5285 βασιλεῖς
3505 5213 3824 5286 στρατιῶται

2232 5305 2331 5375 τὴν
2385 5305 2597 5359 οἰκείαν
2644 5307 3008 5378 γενναιότητα
3059 5306 3528 5377 ἐπιδεικνύμενοι.
3582 5307 3691 5361 Καὶ
3741 5303 3826 5358 διὰ

2233 5396 2392 5451 τοῦτο
2417 5401 2444 5452 6
2477 5398 2577 5470 μὲν
2607 5397 2697 5453 διὰ
2735 5399 2928 5470 μισθὸν
2971 5400 3068 5454 καὶ
3101 5401 3554 5473 αἰσχροκέρδειαν
3603 5399 3825 5470 προδοὺς

2231 5488 2330 5560 τὴν
2354 5491 2564 5543 οἰκείαν
2612 5490 2757 5561 ζωὴν
2806 5489 2909 5544 κᾶν
2949 5493 3026 5563 μὴ
3071 5491 3466 5564 θηριομαχήσῃ
3518 5489 3822 5562 άτιμοῦται.

2249 5583 2308 5638 '0
2327 5584 2384 5636 δὲ
2412 5581 2593 5637 λαϐὼν
2621 5585 2881 5655 χρήματα
2911 5584 3072 5657 χάριν
3087 5583 3182 5638 τοῦ
3201 5583 3578 5651 ἐπιδείξασθαι
3614 5598 3824 5650 παιγνι-

2233 5679 2339 5750 κὴν
2363 5678 2582 5748 τέχνην,
2612 5679 2660 5730 εί
2687 5678 2766 5748 μὴ
2799 5676 3138 5747 ἐπιδείξηται
3161 5678 3358 5749 αὐτὴν,
3393 5678 3495 5731 οὐκ
3521 5673 3821 5747 ἁτιμοῦται.

2245 5768 2301 5823 't)
2321 5766 2363 5822 θ’
2384 5769 2490 5821 τίτ.
2516 5769 2609 5822 τοῦ
2631 5768 2674 5822 θ’
2709 5768 2918 5839 βιϐλίου
2943 5765 3040 5824 τοῦ
3061 5769 3294 5833 κώδικος
3314 5769 3474 5840 ἐτέθη
3496 5771 3552 5822 ἐν
3568 5767 3756 5839 βιϐλίῳ
3782 5763 3808 5829 ξ

2238 5861 2348 5916 τῶν
2366 5860 2672 5915 Βασιλικῶν
2687 5862 2791 5916 τίτ.
2817 5860 2892 5927 λζ’
2915 5879 3040 5932 κεφ.
3064 5869 3178 5934 μηέ
3196 5865 3229 5934 ὴ
3245 5863 3299 5916 δὲ
3319 5862 3364 5933 β’
3390 5858 3818 5932 διάτ.παρελείφε

2231 5955 2318 6028 θη.
2352 5955 2547 6008 Κεῖται
2579 5954 2636 6009 δὲ
2662 5955 2848 6027 ὅμοιον
2878 5955 2936 6019 ἐν
2966 5954 3157 6028 βιϐλίῳ
3195 5953 3239 6010 δ’
3260 5955 3354 6018 τοῦ
3386 5952 3611 6017 κώδικος
3665 5948 3817 6019 τίτλῳ
