4142 6468
412 512 555 575 1209

1240 503 1729 565 NOMOCANUN.
1770 528 1831 537 —
1879 501 2030 563 TIT.
2071 500 2244 573 XIII,
2285 500 2447 560 CAP.
2483 499 2872 560 XXII-XXV.

3579 497 3718 563 1210

410 625 478 687 ζ’,
514 622 654 676 διάτ.
690 618 756 690 β’,
778 618 887 674 τῶν
927 618 985 672 δὲ
1006 614 1317 672 Βασιλικῶν
1343 614 1547 685 βιϐλίον
1560 614 1637 667 κδ’
1659 612 1764 666 τίτ.
1795 610 1864 682 β.’
1883 628 2012 680 κεφ.

2126 624 2352 665 uxorem
2417 625 2574 664 suam
2617 608 2879 665 fornicari
2931 606 3114 663 sciens
3162 616 3328 677 tacet,
3382 609 3717 670 lenocinium

413 714 679 776 ιδ’.οὓτως
705 713 881 782 ἔχοντι
898 712 1041 765 κατὰ
1053 710 1150 772 τὰς
1170 709 1366 780 ἀρχὰς,
1382 708 1442 761 Ὁ
1464 706 1620 770 εἰδὼς
1650 702 2010 774 πορνεύεσθαι

408 809 509 878 τὴν
546 805 711 859 αὑτοῦ
750 806 1005 873 γυναῖκα,
1049 801 1145 855 καὶ
1175 798 1397 853 σιωπῶν
1427 796 1821 869 πορνοϐοσκίαν
1844 797 2007 848 ποιεῖ.

484 899 735 951 ΚΕΦΑᾹ.
771 896 899 949 KB'.
938 924 1010 935 -——
1052 892 1197 961 Περὶ
1248 888 1507 960 θεωριῶν
1539 888 1639 942 καὶ
1690 887 2007 957 παιγνίων.

482 990 709 1043 Συνὸδου
758 986 1156 1059 Καρθαγέννης
1208 983 1392 1037 κανὼν
1451 988 1534 1045 ιε’,
1582 978 1646 1045 ξ’,
1705 976 1821 1046 Ea."
1877 995 2009 1030 συν-

410 1084 531 1138 όδου
563 1080 617 1148 ς’
650 1080 832 1136 κανὼν
859 1076 963 1145 να¹,
1001 1078 1103 1149 νβ’,
1144 1078 1245 1147 ξβ’,
1283 1074 1379 1143 ξε’,
1415 1082 1517 1139 οα’,
1553 1071 1670 1142 ις’,
1696 1070 1762 1143 ρ’.

484 1178 789 1244 Κείμενον.
819 1171 947 1235 Πῶς
1010 1170 1079 1223 τὰ
1111 1167 1347 1239 θεώρεια
1402 1165 1707 1228 τελοῦνται,
1750 1161 1844 1216 καὶ
1888 1160 2010 1223 πῶς

408 1268 617 1335 γίνεται
644 1267 678 1337 ἡ
707 1265 924 1334 δαπάνη
949 1261 1154 1329 αὐτῶν,
1188 1278 1242 1314 κ.
1275 1278 1326 1315 τ.
1350 1259 1425 1323 λ.,
1460 1272 1636 1328 usque
1658 1256 1727 1311 ad
1754 1255 1855 1327 τὴν
1878 1252 2010 1308 θέαν

406 1358 515 1410 τῶν
556 1357 902 1427 μονομάχιον.

478 1451 757 1520 Σχόλιον.
795 1449 853 1502 Ὁ
885 1445 975 1519 μα’
1000 1446 1178 1508 τίτλος
1220 1444 1313 1498 τοῦ
1349 1442 1415 1497 ια’
1450 1442 1657 1514 βιϐλίου
1690 1439 1787 1495 τοῦ
1840 1438 2005 1493 κώδι-

407 1562 523 1607 κςς,
551 1543 665 1595 ἔστι
691 1542 870 1603 τίτλος
923 1541 1000 1605 λζ’
1044 1541 1139 1593 τοῦ
1180 1539 1252 1592 νδ⁹
1298 1537 1505 1609 βιϐλίου
1533 1536 1639 1590 τῶν
1674 1533 2003 1597 Βασιλικῶν,

406 1640 501 1689 καὶ
538 1635 782 1707 ἐδηλώοη
834 1635 905 1688 τά
961 1633 1093 1703 περὶ
1131 1631 1323 1685 τούτου
1373 1628 1619 1683 ὄπισθεν.
1666 1626 1726 1681 'U
1756 1628 1856 1697 μὲν
1897 1627 2004 1682 τίτ.

405 1727 501 1780 τοῦ
548 1725 714 1779 αὑτοῦ
749 1724 956 1796 βιϐλίου
988 1726 1167 1777 κεῖται
1208 1724 1289 1786 εἰς
1319 1726 1425 1777 τίτ,
1456 1720 1540 1791 λη’
1595 1718 1691 1773 τοῦ
1744 1719 2007 1790 ῥηθέντος

406 1819 477 1871 νδ¹
505 1818 711 1887 βιϐλίου
743 1816 852 1870 τῶν
888 1815 1191 1870 Βασιλικῶν
1212 1832 1227 1847 ο
1258 1814 1399 1884 πλὴν
1441 1813 1508 1866 τά
1546 1811 1739 1866 τούτου
1772 1828 1899 1879 κεφ.
1924 1815 2007 1875 είς

406 1912 472 1965 τὰ
500 1910 757 1982 βασιλικὰ
782 1910 880 1962 οὐκ
902 1909 1187 1978 ἐτέθησαν.
1221 1906 1357 1960 Οὐδὲ
1389 1907 1417 1959 ὁ
1450 1903 1529 1974 μδ¹
1552 1906 1657 1959 τίτ.
1690 1904 1813 1957 οὐδὲ
1852 1907 1881 1958 ὁ
1918 1910 2000 1974 με’

2116 700 2269 757 facit.

2150 885 2304 941 CAP.
2343 884 2703 943 XXll.—De
2739 888 3091 958 spectaculis,
3131 899 3182 943 et
3227 892 3382 947 rebus
3428 892 3673 947 ludicris.

2182 978 2414 1034 Concilii
2453 978 2909 1049 Carthaginiensis
2958 996 3136 1036 canon
3187 982 3274 1043 15,
3306 982 3397 1047 60,
3428 982 3531 1053 61;
3581 999 3716 1040 con-

2113 1069 2225 1123 cilii
2251 1087 2302 1124 VI
2339 1086 2515 1125 canon
2547 1071 2635 1136 5|,
2669 1072 2759 1139 52,
2786 1072 2877 1139 62,
2907 1072 2999 1136 65,
3029 1072 3121 1135 71,
3149 1072 3240 1132 96.
3274 1072 3400 1129 105.

2188 1162 2405 1218 Textus.
2423 1163 2710 1231 Quomodo
2737 1167 3074 1236 spectacula,
3099 1174 3204 1222 ete.
3230 1184 3394 1238 usque
3418 1169 3489 1224 ad
3507 1169 3715 1241 gladia-

2113 1265 2315 1321 torum,
2348 1268 2402 1311 ut
2429 1274 2554 1328 pag.
2592 1256 2719 1313 958.

2182 1442 2475 1498 Scholium.
2514 1443 2625 1501 Tit.
2661 1445 2723 1500 41
2755 1444 2852 1500 lib.
2879 1461 2917 1500 ll
2956 1444 3090 1502 Cod.
3115 1456 3198 1501 est
3227 1447 3311 1502 tit.
3358 1448 3428 1503 57
3473 1448 3569 1503 lib.
3621 1466 3711 1505 Ltv

2108 1533 2277 1591 BaSIl.
2316 1553 2381 1591 ac
2411 1537 2725 1592 declaratus
2760 1548 2845 1593 est
2876 1538 3153 1608 superius.
3189 1537 3302 1593 Tit.
3335 1540 3428 1607 4‘2,
3459 1541 3708 1611 ejusdem

2109 1628 2203 1682 lib.
2241 1636 2324 1682 est
2354 1628 2409 1682 in
2458 1629 2541 1683 tit.
2576 1628 2667 1693 '58,
2702 1628 2833 1684 dicti
2874 1629 2964 1695 54,
2997 1630 3093 1684 lib.
3121 1629 3312 1694 Basil.;
3344 1645 3536 1685 verum
3589 1630 3710 1701 ejus

2107 1734 2227 1789 cap.
2266 1736 2373 1775 non
2411 1727 2541 1775 sunt
2563 1719 2746 1790 posita
2776 1721 2831 1773 in
2864 1719 3033 1775 Basil.
3068 1717 3255 1789 Neque
3291 1718 3474 1792 [vero]
3500 1720 3586 1774 tit.
3612 1718 3708 1785 44,

2108 1828 2289 1881 neque
2315 1813 2408 1879 45,
2440 1828 2621 1883 neque
2657 1812 2744 1867 46.
2777 1811 2888 1867 Tit.
2928 1821 3111 1866 autem
3148 1811 3209 1865 4t
3276 1813 3309 1867 5
3359 1812 3543 1882 priora
3573 1826 3697 1880 cap.

2111 1904 2286 1974 posita
2310 1914 2437 1959 sunt
2469 1905 2553 1976 (ut
2587 1905 2798 1959 dictum
2831 1903 2936 1975 est)
2967 1905 3021 1958 in
3050 1906 3135 1959 tit.
3169 1906 3238 1959 57
3301 1906 3397 1961 lib.
3432 1922 3546 1972 LIV;
3582 1906 3711 1961 reli-

404 2003 498 2055 τοῦ
527 2003 583 2055 δὲ
619 2008 730 2071 μα’,
758 2001 828 2055 τά
860 2001 959 2071 μὲν
996 2006 1037 2052 ε’
1079 2016 1204 2067 κειρ.
1252 1999 1322 2051 τά
1370 1997 1563 2069 πρῶτα
1625 1996 1892 2067 ἐτέθησαν
1925 1997 2000 2060 ὡς

2106 2012 2217 2067 qua
2263 1996 2315 2051 in
2351 1997 2434 2051 tit.
2470 1996 2538 2053 58
2590 1998 2687 2053 lib.
2726 2014 2796 2051 ιχ
2833 1996 3002 2053 Basil.
3032 2013 3157 2068 qua:
3188 1998 3255 2052 de
3286 1998 3580 2054 lenonibus
3610 1998 3711 2054 do-

400 2095 618 2162 εἵρηται
641 2092 723 2155 είς
753 2092 846 2144 τὸν
906 2091 984 2155 λζ’
1006 2091 1115 2144 τίτ.
1151 2089 1246 2143 τοῦ
1271 2087 1339 2143 νδ¹
1379 2088 1607 2160 βιϐλίου.
1645 2089 1727 2142 Τά
1754 2089 1811 2142 δὲ
1833 2088 1998 2143 λοιπὰ

2107 2100 2253 2153 cent,
2308 2104 2373 2144 ac
2404 2089 2622 2160 iubent,
2660 2099 2720 2144 ut
2746 2090 2840 2161 qui
2890 2091 3033 2145 servi
3078 2100 3236 2160 turpe
3279 2090 3485 2160 aliquid
3528 2090 3713 2147 facere

398 2184 670 2253 ἐτέθησαν
696 2184 776 2247 είς
828 2183 919 2235 τὸν
946 2182 1026 2253 λη’
1063 2182 1156 2236 τοῦ
1210 2181 1252 2248 ξ’
1321 2181 1531 2252 βιϐλίου
1562 2181 1670 2235 τῶν
1695 2182 2002 2235 Βασιλικῶν

2107 2191 2399 2251 coguntur,
2454 2199 2485 2237 a
2539 2183 2781 2253 regionis
2834 2183 3095 2253 episcopo
3149 2183 3472 2238 liberentur.
3532 2182 3708 2249 Quem

397 2275 529 2345 περὶ
564 2275 956 2345 πορνοϐοσκῶν
1008 2275 1335 2329 διδάσκοντα
1366 2274 1463 2328 καὶ
1504 2275 2001 2346 παρακελευόμενα

2114 2277 2200 2332 tit.
2237 2286 2409 2330 totum
2442 2276 2579 2345 lege,
2609 2287 2663 2330 et
2699 2273 2973 2347 [insuper]
3002 2291 3125 2343 qua:
3155 2276 3209 2330 in
3240 2292 3306 2331 eo
3330 2266 3413 2331 est
3441 2274 3710 2332 Justinia-

394 2365 817 2437 ἐλευθεροῦσθαι
874 2365 962 2419 διὰ
1014 2365 1111 2418 τοῦ
1162 2365 1303 2419 κατὰ
1328 2364 1513 2435 χώραν
1540 2365 1845 2419 ἐπισκόπου
1871 2369 2002 2430 τοὺς

2111 2386 2211 2423 nea
2262 2369 2498 2432 novella,
2546 2385 2670 2439 qua:
2720 2368 2979 2423 lenocinii
3034 2368 3360 2423 exercitium
3411 2378 3468 2424 et
3511 2384 3706 2440 quem-

395 2457 881 2529 ἀναγκαζομένους
935 2457 1156 2521 δούλους
1211 2457 1438 2527 ποιῆσαί
1497 2475 1551 2510 τι
1604 2458 1854 2528 αἰσχρόν.
1885 2460 1999 2513 Καὶ

2105 2476 2324 2530 cunque
2353 2461 2608 2516 lenonem
2640 2461 2881 2531 graviter
2909 2462 3088 2532 punit.

395 2554 671 2623 ἀνάγνωθι
699 2554 791 2607 τὸν
850 2553 970 2607 ὅλον
995 2554 1196 2619 τίτλον,
1221 2554 1314 2607 καὶ
1353 2553 1452 2622 τὴν
1492 2557 1549 2607 ἐν
1578 2555 1730 2625 αὐτῷ
1774 2555 2205 2611 Ἰουστινιανείου
2274 2560 2479 2629 νεαρᾶς
2533 2557 2875 2621 κολάζουσαν
2935 2555 3192 2627 μεγάλως
3236 2554 3300 2608 τὸ
3322 2554 3424 2626 τῆς
3445 2556 3706 2625 πορνείας

402 2647 761 2716 ἐπιτήδευμα,
787 2648 881 2701 καὶ
908 2648 1086 2702 πάντα
1115 2647 1504 2717 πορνοϐοσκὸν.

475 2741 722 2793 ΚΕψΑΛ.
770 2740 896 2792 Kl".
928 2769 997 2780 —-
1032 2740 1171 2808 Περὶ
1204 2737 1506 2801 κλεπτῶν,
1545 2738 1646 2792 καί
1685 2742 1999 2810 τυμϐωρύο

396 2849 541 2902 χέον,
572 2831 672 2883 καὶ
697 2830 947 2897 λῃστῶν
980 2832 1075 2884 καὶ
1118 2833 1472 2897 ἱεροσύλων.

472 2925 750 2978 Βασιλείου
777 2924 960 2978 κανὼν
1009 2923 1109 2990 ξα’,
1141 2923 1225 2988 ξς¹
1249 2940 1262 2952 ·
1295 2922 1599 2994 Γρηγορίου
1637 2923 1862 2993 Νύσσης
1892 2942 1996 2978 κα-

394 3017 503 3071 νὼν
534 3018 600 3082 ζ’,
632 3024 703 3087 η’,
736 3017 811 3071 θ’·
850 3017 1126 3086 ἀνάγνωθι
1149 3018 1218 3069 τά
1242 3016 1681 3088 παραγραφέντα
1717 3017 1776 3070 ὲν
1805 3014 1884 3087 τῷ
1913 3016 1997 3082 κζ’

392 3128 521 3179 κεφ.
551 3108 643 3163 τοῦ
668 3106 711 3163 θ’
735 3110 839 3163 τὶτ.
871 3109 967 3162 τοῦ
998 3109 1267 3180 παρόντος
1294 3108 1695 3179 συντάγματος.

470 3202 777 3272 ιιέίμενον.
800 3202 937 3273 Περὶ
963 3202 1020 3255 δὲ
1046 3201 1259 3275 λῃστῶν
1279 3202 1493 3272 εἴρηται
1516 3202 1708 3275 βιϐλίῳ
1728 3204 1843 3275 μη’,
1877 3206 1988 3261 τίτ.

2175 2746 2329 2801 CAP.
2373 2746 2566 2802 XXIII.
2599 2778 2672 2788 —
2702 2747 2774 2801 De
2806 2748 3039 2815 furibus,
3075 2745 3440 2818 sepulcrorum
3475 2744 3703 2799 uiolato-

2100 2839 2269 2902 ribus,
2304 2840 2601 2896 latronibus
2633 2851 2683 2894 et
2714 2840 3008 2911 sacrilegis.

2172 2931 2359 2986 Basilii
2428 2949 2605 2987 canon
2664 2934 2770 2999 6|,
2830 2933 2940 2997 66;
2997 2932 3246 3003 Gregorii
3312 2930 3545 3003 Nysseni
3597 2947 3690 2985 ea-

2099 3040 2208 3079 non
2237 3026 2292 3088 7,
2331 3029 2383 3091 8,
2419 3026 2467 3082 9.
2524 3025 2667 3097 Lege
2694 3043 2817 3097 quae
2875 3027 3135 3082 adnotata
3206 3036 3335 3081 sunt
3372 3028 3423 3079 in
3458 3042 3580 3096 cap.
3608 3023 3700 3086 27,

2098 3118 2182 3171 tit.
2221 3117 2254 3173 9
2289 3120 2578 3188 praesentis
2610 3120 2809 3188 operis.

2174 3209 2393 3264 Textus.
2427 3210 2500 3265 De
2530 3212 2838 3267 latronibus
2865 3211 3091 3277 dicitur,
3122 3220 3229 3267 etc.
3262 3228 3427 3283 usque
3452 3209 3521 3265 ad
3540 3210 3704 3265 liber-

396 3298 485 3358 ιο’,
516 3296 657 3349 διάτ.
696 3301 803 3367 κη’,
836 3313 892 3349 κ.
923 3313 976 3352 τ.
1008 3295 1059 3350 λ.
1090 3311 1266 3367 usque
1299 3296 1390 3360 ad,
1422 3295 1631 3360 δούλοις
1680 3299 1990 3371 ἀναιρεῖται
2022 3344 2026 3376 γ

2102 3310 2289 3368 latent,
2316 3313 2375 3358 ιιι
2404 3320 2529 3374 pag.
2558 3303 2688 3359 959.

393 3391 428 3460 ἡ
456 3388 761 3459 ἐλευθερία.

472 3482 755 3552 Σχόλιον.
789 3481 863 3535 Τὸ
894 3480 979 3552 κη’
1002 3482 1143 3538 διάτ.
1169 3484 1261 3537 τοῦ
1299 3482 1363 3537 ιθ¹
1386 3484 1493 3540 τίτ.
1524 3486 1619 3539 τοῦ
1658 3483 1749 3557 μη¹
1780 3485 1991 3556 βιϐλίου

390 3575 501 3628 τῶν
532 3574 672 3629 διάτ.
700 3574 815 3629 ἐστι
838 3575 982 3646 θέμα
1022 3582 1076 3641 ι’,
1111 3576 1206 3631 τοῦ
1240 3575 1327 3649 κη’
1362 3596 1491 3649 κεφ.
1515 3578 1612 3632 τοῦ
1660 3578 1741 3634 να¹
1766 3580 1873 3634 τίτ.
1899 3578 1994 3634 τοῦ

394 3666 437 3732 ξ’
472 3666 707 3737 βιϐλίου,
743 3669 813 3723 τὰ
852 3668 997 3723 αὐτὰ
1020 3669 1183 3739 λέγον
1213 3672 1315 3725 ὃσα
1338 3673 1418 3736 εἰς
1442 3672 1503 3725 τὸ
1538 3673 1791 3744 κείμενον
1825 3675 1995 3747 ὲγρά-

389 3780 595 3832 φησαν.
642 3764 707 3818 Ἠ
749 3765 793 3835 β’
822 3765 966 3820 διάτ.
1028 3766 1125 3820 τοῦ
1175 3772 1245 3832 ιη’
1282 3766 1389 3821 τίτ.
1436 3766 1532 3821 τοῦ
1582 3766 1627 3833 ζ’
1670 3768 1876 3839 βιϐλίου
1900 3769 1995 3823 τοῦ

386 3857 647 3922 κῦδικος,
704 3857 823 3913 ἐστι
855 3877 984 3929 κεφ.
1027 3865 1083 3929 γ’
1139 3859 1235 3913 τοῦ
1261 3860 1307 3914 θ’
1357 3862 1467 3915 τίτ.
1497 3861 1592 3915 τοῦ
1649 3861 1753 3933 μη(
1787 3862 1993 3933 βιϐλίου

388 3945 505 3997 τῶν
538 3946 847 4002 Βασιλικῶν
880 3950 1055 4013 οὔτως
1083 3951 1229 4021 ἔχον,
1259 3949 1337 4012 ὡς
1364 3952 1446 4016 είς
1485 3952 1548 4005 τὺ
1579 3953 1834 4024 κείμενον
1865 3971 1994 4007 συν-

390 4037 632 4107 ιοψίσθη.
669 4039 809 4111 Περὶ
866 4040 924 4093 δὲ
975 4041 1087 4094 τῶν
1114 4040 1495 4111 ψηλαφώντων
1539 4044 1714 4115 θήκας
1739 4042 1994 4115 τελευτη-

394 4128 610 4182 σάντων
630 4130 790 4202 χάριν
820 4129 915 4183 τοῦ
967 4132 1374 4205 ὲναποσυλῆσαι
1401 4134 1470 4188 τά
1506 4137 1566 4188 ὲν
1590 4134 1826 4199 τούτοις,
1861 4135 1996 4190 ἀνά-

391 4222 566 4288 γνωθι
604 4224 704 4294 τὴν
738 4228 834 4292 ἵης’
863 4225 1065 4296 νεαρὰν
1095 4226 1190 4280 τοῦ
1223 4226 1489 4298 βασιλέως
1527 4228 1720 4301 κυρίου
1762 4229 1995 4293 Λέοντος

391 4315 563 4368 αὑτοῦ
600 4316 766 4385 σοφοῦ
823 4317 1199 4390 διοριζομένου
1226 4321 1356 4385 τοὺς
1398 4319 1551 4386 ἅπαξ
1587 4321 1691 4391 μὲν
1731 4324 1814 4382 είς
1833 4321 1995 4376 τοῦτο

395 4408 625 4469 ἁλόντας
662 4410 996 4482 συγγνώμης
1056 4412 1370 4482 τυγχάνειν,
1417 4414 1546 4477 τοὺς
1592 4413 1649 4468 δὲ
1676 4412 1993 4484 τολμῶντας

393 4499 494 4554 καὶ
517 4496 674 4563 αὖθις
707 4501 768 4554 τὸ
794 4503 965 4555 κακὸν
1022 4504 1458 4575 σωφρονίζεσθαι
1503 4504 1592 4558 διὰ
1634 4503 1994 4575 μαγκλαϐίων

391 4595 494 4647 καὶ
516 4598 740 4664 κουρᾶς.
799 4597 998 4667 Οίομαι
1046 4597 1103 4650 δὲ
1142 4597 1218 4651 τὰ
1264 4598 1365 4668 τῆς
1404 4598 1664 4668 τοιαύτης
1694 4600 1894 4669 νεαρᾶς
1917 4597 1993 4670 μὴ

2100 3490 2136 3552 8
2179 3488 2474 3545 Scholium.
2516 3488 2726 3561 Digest.
2763 3489 2833 3544 28
2880 3491 2967 3546 tit.
3024 3491 3093 3545 I9
3136 3490 3232 3545 lib.
3268 3506 3439 3545 sum
3496 3489 3704 3560 Digest.

2102 3592 2189 3639 est
2220 3586 2401 3637 thema
2433 3583 2499 3638 10
2532 3599 2653 3653 cap.
2693 3582 2785 3648 28,
2819 3585 2904 3638 tit-
2930 3585 2989 3639 5|
3036 3583 3128 3638 lib.
3168 3599 3258 3647 ιι,
3318 3582 3462 3653 quod
3507 3581 3701 3637 eadem

2103 3676 2258 3739 dicit,
2292 3692 2414 3745 qua:
2470 3675 2526 3729 in
2573 3685 2722 3730 textu
2784 3675 2991 3744 scripta
3033 3687 3182 3730 sunt.
3217 3673 3406 3730 Const.
3436 3674 3472 3727 2
3507 3674 3588 3728 tit.
3634 3673 3702 3727 l8

2101 3767 2200 3823 lib.
2247 3784 2321 3822 vlt
2361 3767 2498 3823 Cod.
2565 3777 2653 3823 est
2725 3783 2847 3837 cap.
2895 3768 2930 3822 5
2964 3767 3047 3822 tit.
3081 3768 3114 3822 9
3165 3767 3260 3822 lib.
3314 3782 3482 3822 XLVIII
3530 3764 3702 3820 Basil.

2102 3862 2245 3932 quod
2276 3863 2357 3917 sic
2393 3863 2577 3925 habet,
2613 3873 2672 3915 ut
2699 3863 2752 3916 in
2785 3872 2934 3916 testu
2961 3860 3360 3931 compendiose
3383 3867 3468 3915 est
3498 3874 3699 3928 propo—

2103 3956 2294 4010 situm.
2330 3954 2404 4009 De
2445 3956 2513 4010 iis
2547 3970 2678 4010 vero
2710 3955 2801 4022 qui
2840 3964 3182 4009 mortuorum
3225 3968 3425 4024 capsas
3468 3950 3701 4008 investi-

2102 4056 2255 4116 gant,
2288 4055 2349 4101 ut
2374 4062 2499 4116 quae
2545 4047 2600 4101 in
2644 4046 2752 4102 illis
2801 4055 2931 4102 sunt
2956 4046 3271 4116 prazdentur
3301 4063 3314 4098 :
3349 4044 3466 4114 lege
3507 4042 3699 4096 n0vel-

2104 4139 2212 4193 lam
2255 4138 2605 4209 imperatoris
2651 4138 2842 4193 domni
2881 4137 3083 4192 Leonis
3132 4135 3413 4204 Sapientis
3442 4133 3533 4201 96,
3575 4150 3699 4205 qua:

2101 4232 2318 4295 statuit,
2373 4241 2432 4286 ut
2477 4231 2569 4300 qui
2614 4230 2788 4285 semel
2835 4230 2890 4284 in
2949 4229 3054 4284 hoc
3087 4227 3416 4297 deprehensi
3462 4225 3696 4289 fuerint,

2102 4323 2318 4377 veniam
2368 4329 2785 4390 consequantur
2834 4336 2848 4372 :
2891 4318 2985 4389 qui
3033 4318 3231 4372 iterum
3283 4316 3335 4371 id
3388 4315 3517 4369 mali
3577 4314 3697 4373 ausi

2101 4400 2233 4479 sint,
2272 4413 2425 4469 dorsi
2479 4413 2863 4467 verberatione
2908 4411 3277 4479 tonsioneque
3332 4410 3698 4479 castigentur.

2104 4501 2381 4556 Existimo
2435 4512 2617 4556 autem
2676 4502 2821 4557 hanc
2877 4501 3150 4556 novellam
3216 4499 3271 4553 in
3317 4499 3698 4569 sepulcrorum

2099 4593 2463 4649 violatoribus
2499 4610 2606 4647 non
2646 4595 2852 4649 habere
2881 4593 3091 4647 locum.
3124 4591 3285 4645 Aliud
3320 4590 3467 4645 enim
3496 4598 3581 4644 est
3609 4606 3699 4645 re-

390 4688 537 4756 ἔχειν
570 4688 755 4760 χώραν
782 4693 862 4754 είς
884 4691 1013 4755 τοὺς
1062 4690 1464 4763 τυμϐωρύχους
1488 4708 1503 4722 ο
1544 4691 1674 4746 ἄλλο
1723 4691 1834 4763 γάρ
1876 4692 1992 4746 ἐστι

2102 4686 2301 4754 liquias
2365 4694 2712 4740 mortuorum
2766 4685 3091 4750 transferre,
3148 4693 3203 4739 et
3260 4683 3411 4737 aliud
3471 4682 3697 4738 furandi

388 4781 455 4834 τὸ
503 4781 819 4849 μεταθεῖναι
864 4783 1101 4853 λείψανα
1140 4784 1494 4852 τεθνεώτων,
1554 4785 1649 4838 καὶ¹
1701 4784 1890 4854 ἕτερον
1932 4784 1993 4837 τὸ

390 4871 664 4945 κλεπτικῇ
695 4874 934 4928 διαθέσει
964 4876 1255 4944 ὑφελέσθαι
1286 4894 1340 4930 τι
1371 4877 1562 4931 ἐκτῶν
1601 4879 1661 4929 ὲν
1682 4877 1871 4939 αὐτοῖς
1900 4875 1994 4930 ὅν-

390 4983 521 5032 των,
553 4968 657 5021 κᾶν
685 4970 1142 5041 καταχρηστικῶς
1178 4970 1273 5024 καὶ
1318 4970 1479 5024 τοῦτο
1507 4969 1869 5041 τυμϐωρυχία
1901 4969 1993 5022 λέ-

393 5075 573 5125 γεται.
610 5061 719 5113 Καὶ
763 5061 1042 5130 ἀνάγνωθι
1082 5062 1144 5115 τὸ
1185 5060 1265 5127 κζ’
1306 5079 1433 5131 κεφ.
1483 5060 1577 5115 τοῦ
1610 5059 1654 5115 θ’
1682 5060 1867 5114 τίτλον
1896 5060 1993 5113 τοῦ

392 5148 662 5218 παρόντος
695 5152 1080 5222 συντάγματος
1132 5152 1265 5225 περὶ
1307 5151 1371 5205 τὺ
1408 5151 1563 5216 τέλος
1591 5152 1844 5206 διδάσκον
1864 5151 1994 5222 περὶ

396 5242 498 5308 τῆς
526 5243 733 5313 κυρίως
754 5245 1169 5317 τυμϐωρυχίας.

465 5334 716 5390 ΚΕΦΑΛ.
748 5336 876 5393 ΚΔ’.
907 5368 978 5377 -
1010 5340 1153 5409 Περὶ
1178 5340 1405 5411 toﬁ-ph
1448 5334 1770 5405 βαλλίζειν
1805 5338 1844 5409 ἢ
1893 5339 1991 5409 ὀρ-

389 5425 631 5495 χεῖσθαι
659 5431 730 5485 ἐν
759 5430 995 5501 γάμοις.

464 5521 695 5577 Συνόδου
729 5526 1055 5590 Λαοδικείας
1083 5526 1267 5581 κανὼν
1301 5535 1403 5595 νγ’.

465 5613 715 5670 ΚΕΦΑΛ.
748 5618 874 5671 κε’.
900 5646 972 5657 —-
1004 5620 1143 5688 Περὶ
1170 5618 1276 5673 τοῦ
1312 5619 1394 5689 μὴ
1435 5622 1850 5676 συλλούεσθαι
1890 5639 1995 5690 γυο

389 5707 599 5771 γιιιξὶν
633 5708 881 5777 ἄνδρας.

469 5798 697 5853 Συνὸδου
736 5803 1061 5867 Λαοδικείας
1096 5802 1278 5857 κανὼν
1320 5804 1366 5857 λ’
1391 5821 1404 5835 ⁸
1436 5804 1657 5858 συνόδου
1705 5812 1774 5875 ς·¹⁸
1812 5805 1995 5859 κανὼν

388 5890 465 5955 o‘,‘
488 5912 498 5922 ·
528 5894 802 5963 ἀνάγνωθι
822 5896 889 5950 τὰ
914 5898 1347 5969 παραγραφέντα
1373 5900 1431 5953 ὲν
1451 5898 1528 5971 τῷ
1550 5898 1634 5953 λα’
1671 5916 1793 5970 κεφ.
1826 5899 1919 5954 τοῦ
1950 5894 1992 5955 θ’

390 5985 497 6043 sic.
529 5983 623 6038 τοῦ
654 5987 924 6057 παρόντος
956 5990 1357 6060 συντάγματος.

2098 4779 2286 4833 animo
2333 4779 2538 4849 aliquid
2589 4794 2783 4832 eorum
2815 4795 2937 4848 qua:
2972 4777 3116 4831 inter
3145 4777 3296 4847 ipsas
3345 4785 3475 4831 sunt
3518 4774 3701 4830 subri-

2095 4888 2267 4945 pere:
2302 4873 2520 4928 tametsi
2574 4873 2709 4929 illud
2763 4888 2992 4942 quoque
3039 4871 3422 4942 sepulcrorum
3473 4868 3700 4923 violatio

2096 4964 2325 5020 abusive
2371 4965 2604 5019 dicatur.
2648 4963 2821 5033 Lit-gas
2865 4965 3030 5018 etiam
3072 4964 3142 5017 ‘27
3192 4978 3314 5032 cap.
3369 4961 3450 5014 tit.
3483 4960 3518 5015 9
3557 4974 3697 5030 pra:-

2097 5057 2271 5113 sentis
2325 5058 2533 5128 operis,
2580 5058 2725 5127 quod
2776 5058 2924 5112 circa
2976 5057 3141 5111 tinem
3192 5056 3261 5111 de
3313 5053 3693 5124 sepulcrorum

2096 5150 2394 5207 violatione
2423 5153 2644 5223 proprie
2674 5153 2852 5208 docet.

2169 5338 2325 5393 CAP.
2381 5337 2571 5393 XXIV.
2607 5338 2788 5393 —-Ne
2836 5340 2894 5394 in
2950 5339 3151 5406 nuptiis
3206 5336 3276 5390 ad
3336 5335 3694 5389 instrumenta

2099 5434 2303 5487 mttsica
2334 5432 2583 5497 saltelur,
2624 5443 2718 5487 aut
2751 5434 3092 5503 tripudielur.

2172 5527 2405 5581 Concilii
2440 5526 2730 5581 Laudiceni
2760 5540 2937 5579 canon
2969 5524 3060 5577 55.

2170 5621 2324 5675 (ZAP.
2370 5619 2539 5674 XXV.
2570 5651 2640 5664 —-
2672 5619 2753 5674 Ne
2780 5620 2878 5674 viri
2910 5635 3029 5673 cum
3054 5614 3368 5671 mulieribus
3408 5628 3462 5667 se
3492 5611 3690 5664 lavem.

2171 5804 2404 5860 Concilii
2442 5803 2738 5860 Laodiceni
2788 5818 2965 5858 canon
3013 5801 3103 5861 50.
3150 5796 3368 5854 concilii
3423 5793 3559 5849 sexti
3602 5807 3693 5847 ca-

2101 5914 2210 5953 non
2239 5899 2325 5952 73.
2356 5897 2495 5967 Lege
2528 5915 2650 5966 qua:
2690 5899 2947 5955 aslnotata
2990 5902 3119 5951 sunt
3165 5894 3220 5949 in
3264 5906 3384 5962 cap.
3418 5888 3508 5957 3i,
3542 5887 3625 5943 tit.
3659 5887 3693 5942 9

2102 5992 2385 6065 praesentis
2417 5992 2618 6062 operis.
