4142 6492
474 474 607 541 1211

547 590 705 648 CAP.
749 587 941 646 XXVI.
975 619 1047 632 —
1078 587 1153 643 De
1182 585 1475 642 imbecillos
1504 584 1892 641 subsannante.

547 776 936 846 Apostolorum
969 788 1147 830 canon
1174 771 1264 828 57.

548 867 704 924 CAP.
747 866 965 922 XXVII.
992 897 1061 907 —
1088 863 1171 919 Ne
1202 862 1451 918 mulieres
1481 861 1552 916 ad
1583 861 1754 916 altare
1781 861 2069 924 introeant,

479 973 530 1017 et
580 961 720 1030 quod
749 960 876 1014 solis
911 960 1053 1013 sacri
1083 957 1287 1012 ordinis
1315 955 1619 1011 hominibus
1649 957 1704 1010 in
1734 956 1901 1010 altari
1927 972 2077 1010 com-

479 1054 755 1107 municare
779 1052 960 1106 liceat.

550 1137 786 1195 Concilii
821 1138 1113 1193 Laudiceni
1148 1152 1325 1193 canon
1369 1135 1463 1205 I9,
1506 1135 1612 1204 44;
1666 1135 1889 1192 concilii
1928 1134 2072 1192 sexti

480 1247 656 1288 canon
693 1230 780 1286 69.

549 1321 702 1376 CAP.
760 1318 1003 1375 XXVIII.
1034 1349 1107 1360 -
1142 1320 1222 1376 Ne
1277 1335 1343 1375 ea:
1389 1319 1779 1376 contributione
1832 1319 2075 1376 convivia

484 1415 860 1468 instituantur.

554 1504 782 1559 Coneilii
823 1502 1121 1558 Laodiceni
1161 1519 1339 1559 canon
1374 1504 1463 1559 55.

553 1594 707 1650 CAP.
751 1593 946 1650 XXIX.
972 1625 1045 1637 ——
1075 1595 1154 1650 De
1183 1596 1248 1649 iis
1278 1596 1370 1666 qui
1402 1595 1521 1650 alea
1553 1594 1766 1660 ludunt,
1824 1606 1918 1650 aut
1967 1596 2082 1649 ine-

488 1688 757 1742 briantur.

555 1777 944 1848 Apostolorum
981 1792 1158 1832 canon
1193 1777 1304 1844 45;
1342 1777 1560 1834 concilii
1602 1779 1740 1834 sexti
1774 1796 1951 1835 canon
1989 1780 2082 1837 5'0.

558 1868 778 1924 Textus.
807 1869 998 1924 Const.
1033 1869 1058 1922 I
1125 1870 1210 1927 tit.
1245 1870 1315 1925 45
1370 1871 1464 1925 lib.
1490 1886 1552 1925 ιιι
1583 1869 1696 1926 Cod
1741 1875 1850 1927 ait:
1892 1872 1996 1940 Qui
2029 1875 2082 1928 in

486 1970 636 2016 (-otto
670 1971 780 2018 etc.
820 1977 983 2032 usque
1017 1961 1088 2016 ad
1120 1963 1490 2033 applicantur,
1534 1973 1592 2017 ut
1632 1981 1756 2036 pag.
1792 1965 1920 2033 962,
1952 1966 2082 2021 965.

559 2141 853 2198 Scholium.
907 2144 1096 2201 Const.
1161 2146 1327 2216 ιζιῑι.
1388 2147 1461 2203 43
1525 2147 1620 2203 lib.
1682 2165 1742 2205 ιιι
1811 2151 1949 2206 Cod.
2005 2159 2090 2207 est

492 2251 614 2306 cap.
676 2235 710 2289 ε
767 2236 850 2290 tit.
911 2237 945 2293 8
993 2237 1090 2292 lib.
1136 2237 1304 2294 Basil.
1345 2255 1436 2308 ις,
1477 2242 1622 2311 quod
1666 2243 1748 2298 sic
1791 2243 2088 2314 loquitur:

490 2327 830 2384 Constitutio
864 2329 1020 2385 lusus
1056 2331 1316 2400 prohibet
1363 2351 1378 2387 :
1421 2348 1487 2389 ac
1529 2336 1773 2406 quinque
1818 2337 2087 2404 exceptis,

489 2420 756 2487 quasdam
777 2421 942 2475 etiam
971 2437 1162 2491 poenas
1185 2423 1454 2480 adversus
1477 2439 1572 2480 eos
1596 2428 1688 2495 qui
1722 2425 1839 2480 alea
1870 2426 2090 2492 ludunt,

489 2511 783 2566 constituit
828 2530 842 2567 :
901 2514 1158 2583 praefecto
1204 2517 1385 2584 urbis,
1437 2518 1850 2588 provinciarum
1905 2518 2095 2589 prtesi-

490 2602 656 2657 dibus
687 2611 741 2656 et
775 2603 1051 2675 episcopis
1079 2603 1181 2678 [uti
1215 2606 1354 2680 haec]
1384 2608 1666 2678 inquirant
1693 2620 1747 2664 et
1772 2610 2095 2681 quicunque

488 2694 560 2747 de
601 2694 669 2750 iis
715 2707 1032 2753 contractus
1100 2699 1220 2754 initi
1268 2700 1401 2768 sint,
1447 2709 1718 2769 evertant,
1774 2703 2096 2773 injungens.

493 2783 575 2839 Ex
608 2787 892 2855 permissis
943 2799 1126 2845 autem
1165 2792 1380 2849 lusibus
1430 2796 1728 2858 actiOnem,
1773 2811 2095 2867 eorumque

486 2894 612 2947 quae
642 2878 769 2936 inde
818 2880 1107 2947 debentur,
1143 2886 1486 2940 exactionem
1525 2886 1616 2942 dat
1675 2887 1778 2960 [Ac
1833 2889 2095 2961 denique]

497 2973 772 3027 adversus
811 2989 908 3029 eos
938 2976 1031 3045 qui
1067 2977 1520 3033 constitutionem
1550 2981 1806 3034 temerari
1859 2981 2101 3050 permit—

487 3073 632 3127 tunt,
656 3065 845 3120 decem
878 3067 1142 3123 librarum
1167 3072 1410 3125 multam
1438 3072 1752 3127 constituit.
1797 3071 2034 3128 Cunstit.
2063 3074 2098 3128 2

490 3159 576 3210 tit.
635 3155 706 3210 43
745 3157 840 3213 lib.
871 3175 930 3214 ιιι
967 3161 1101 3216 Cod.
1159 3171 1244 3218 est
1277 3178 1400 3234 cap.
1428 3164 1460 3218 6
1490 3165 1574 3220 tit.
1613 3163 1647 3219 8
1683 3164 1776 3220 lib.
1810 3163 1977 3222 Basil.
2004 3183 2095 3233 1.x,

1649 466 1916 532 PHOTII
1952 465 2462 529 PATRIAIICHIE
2501 466 2612 527 ΟΡ.

2101 585 2151 643 Α
2257 580 2509 634 ΚΕΦΑΛ.
2551 579 2696 646 KQ".
2731 606 2800 617 —
2822 575 2961 645 Περὶ
3027 575 3136 632 τοῦ
3187 571 3588 644 χλευάζοντος
3629 570 3790 637 τοὺς

3634 454 3789 522 1212

2176 673 2480 739 ἀσθενεῖς.

2261 764 2603 818 Ἀποστόλων
2644 761 2826 817 κανὼν
2849 757 2926 826 vt"
2934 800 2947 815 .

2253 857 2504 910 ΚΕΦΑΛ.
2534 855 2664 912 KZ’.
2687 885 2756 895 —
2783 853 2921 921 Περὶ
2964 849 3074 906 τοῦ
3099 849 3186 921 μὴ
3229 850 3482 904 εἰσιέναι
3513 843 3793 916 γυναῖκα

2175 954 2265 1017 είς
2283 948 2742 1020 θυσιαστήριον,
2783 947 2885 1003 καί
2915 947 3003 1001 ὅτι
3045 947 3252 1014 μόνοις
3292 942 3419 1009 τοῖς
3458 937 3791 1011 ἱερατικοῖς

2177 1042 2379 1107 ἔξεστι
2412 1040 2724 1094 κοινωνεῖν
2753 1039 2824 1092 ἐν
2859 1035 2940 1103 τῷ
2973 1034 3410 1102 θυσιαστηρίῳ.

2250 1132 2482 1186 Συνόδου
2529 1130 2859 1194 Λαοδικείας
2923 1125 3107 1182 κανὼν
3165 1122 3253 1191 ιϐ’,
3291 1121 3371 1195 μδ¹
3397 1140 3411 1154 ο
3446 1120 3674 1175 συνόδου
3732 1114 3789 1182 ς’

2180 1222 2362 1279 κανὼν
2396 1222 2494 1289 ξθ’.

2256 1318 2510 1372 ΚΕΦΑΛ.
2543 1317 2677 1371 KH’.
2701 1345 2772 1358 --
2798 1313 2936 1384 Περί
2971 1312 3078 1367 τοῦ
3101 1309 3190 1382 μὴ
3231 1307 3430 1365 ποιεῖν
3457 1305 3576 1363 ἀπὸ
3623 1317 3793 1373 συμ-

2182 1406 2373 1478 6ολῆῖ
2402 1409 2740 1478 συμπόσια.

2253 1501 2480 1554 Συνόδου
2512 1499 2834 1562 Λαοδικείας
2869 1495 3052 1550 κανὼν
3089 1493 3187 1550 νε’.

2255 1596 2509 1649 ΚΕΦΑΛ.
2545 1593 2674 1648 KB’.
2705 1624 2776 1635 -—
2809 1588 2950 1659 Περὶ
2981 1588 3361 1644 κυϐευόντων
3399 1584 3438 1653 ἢ
3476 1583 3795 1654 μεθυσκο-

2179 1687 2403 1759 μένων.

2270 1779 2610 1834 Ἀποστόλων
2639 1778 2819 1832 κανὼν
2845 1777 2938 1850 μγ¹
2962 1794 2976 1809 ·
3011 1775 3232 1831 συνόδου
3259 1771 3313 1837 ς’
3363 1769 3544 1824 κανὼν
3583 1766 3657 1821 ν’.

2257 1874 2568 1942 Κείμενον.
2633 1871 2698 1926 Ἦ
2732 1880 2782 1925 α’
2848 1871 2992 1926 διάτ.
3049 1868 3145 1922 τοῦ
3217 1864 3305 1937 μγ¹
3341 1864 3446 1917 τίτ.
3479 1859 3575 1915 τοῦ
3598 1858 3652 1928 γ’
3681 1857 3798 1930 βιὸ.

2188 1967 2286 2020 τοῦ
2333 1965 2588 2031 κώδικος,
2645 1963 2834 2034 φησιν.
2880 1979 2936 2016 κ.
2976 1979 3028 2016 τ.
3065 1959 3117 2012 λ.
3166 1970 3346 2027 usque
3377 1952 3446 2008 ad
3492 1951 3587 2005 καὶ
3621 1947 3802 2021 προσ-

2198 2060 2498 2131 κυροῠνται
2551 2058 2664 2120 τοῖς
2722 2055 2905 2127 ἔργοις
2965 2053 3074 2106 τῶν
3131 2050 3365 2105 πόλεων.

2266 2151 2549 2220 Σχόλιον.
2596 2147 2667 2200 Ἥ
2691 2144 2738 2200 α’
2779 2145 2920 2200 διάτ.
2974 2143 3072 2198 τοῦ
3119 2139 3334 2214 μγ¹τίτ.
3374 2138 3467 2194 τοῦ
3500 2137 3545 2193 α’
3584 2135 3802 2210 βιϐλίου

2194 2243 2286 2298 τοῦ
2320 2243 2575 2306 κὼδικος,
2611 2240 2728 2294 ἐστι
2758 2256 2886 2307 κεφ.
2949 2237 2990 2291 ε’
3014 2236 3111 2291 τοῦ
3159 2235 3208 2306 η’
3242 2234 3348 2289 τίτ.
3377 2233 3473 2287 τοῦ
3517 2230 3557 2298 ξ’
3584 2230 3802 2302 βιϐλίου

2193 2339 2304 2392 τῶν
2335 2333 2638 2390 Βασιλικῶν
2672 2331 2816 2387 οὕτω
2833 2332 3013 2401 λέγον,
3055 2330 3119 2383 Ἠ
3146 2329 3286 2383 διάτ.
3323 2325 3524 2382 κωλύει
3550 2325 3638 2394 ξτὰ
3672 2322 3805 2377 παί-

2195 2447 2342 2502 γνια,
2390 2429 2486 2483 καὶ
2520 2425 2558 2482 ε’
2611 2424 3093 2497 ύπεξαιρουμένων
3130 2421 3300 2494 ὁρίζει
3328 2419 3421 2474 καί
3444 2436 3569 2473 τινα
3623 2415 3804 2470 ἐπιτί-

2200 2539 2299 2593 μια
2324 2519 2468 2575 κατὰ
2500 2518 2607 2572 τῶν
2631 2515 2999 2578 κυϐευόντων,
3041 2512 3416 2583 ἐπιτρέπουσα
3445 2509 3522 2580 τῷ
3569 2509 3806 2578 ἐπάρχῳ

2195 2613 2298 2684 τῆς
2332 2611 2544 2675 πόλεως
2574 2611 2802 2671 καὶτοῖς
2833 2606 3060 2680 ἄρχουσι
3085 2605 3196 2659 τῶν
3220 2600 3520 2675 ἐπαρχιῶν,
3557 2601 3657 2654 καὶ
3689 2600 3806 2661 τοῖς

2198 2705 2522 2768 ἐπισκόποις
2559 2702 2742 2773 ζητεῖν
2771 2701 2868 2754 καὶ
2915 2698 3150 2754 κωλύειν
3171 2697 3264 2752 καὶ
3303 2695 3484 2750 πάντα
3517 2692 3591 2747 τὰ
3615 2695 3675 2747 ἐν
3704 2693 3800 2746 αύ-

2197 2803 2314 2864 τοῖς
2347 2797 2615 2870 γινόμενα
2650 2793 3081 2864 συναλλάγματα
3121 2790 3481 2862 ἀποτρέπειν.
3508 2787 3710 2842 Δίδωσι
3743 2784 3801 2838 δέ

2201 2889 2428 2960 ἀγωγὰς
2462 2890 2529 2942 ἐκ
2551 2887 2659 2940 τῶν
2684 2883 3174 2958 ἐπιτετραμμένων
3193 2881 3478 2948 παιγνίων.
3507 2880 3605 2933 καὶ
3632 2876 3800 2933 ἀπαί-

2200 3000 2360 3054 τησιν
2399 2981 2509 3035 τῶν
2570 2979 2826 3033 ἐντεῦθεν
2883 2975 3341 3049 χρεωσττβεισῶν
3401 2974 3532 3028 δέκα
3597 2970 3798 3042 λιτρῶν

2201 3075 2474 3145 ἐπιτίμιον
2507 3071 2767 3144 ὁρίζουσα
2820 3072 2962 3126 κατὰ
2991 3070 3101 3124 τῶν
3152 3066 3588 3140 συγχωρούντων
3618 3080 3800 3136 παρα-

2202 3167 2367 3237 ϐῆναι
2433 3163 2534 3236 τὴν
2579 3163 2720 3218 διάτ.
2775 3162 2838 3214 Ἦ
2866 3161 2924 3215 δὲ
2985 3160 3126 3214 διὰτ.
3189 3157 3233 3229 β’
3309 3157 3404 3211 τοῦ
3444 3155 3531 3228 μγ¹
3565 3155 3674 3210 τίτ.
3705 3151 3797 3207 τοῦ

497 3250 648 3316 quod
709 3251 784 3306 ita
833 3253 900 3306 ad
955 3254 1182 3309 verbum
1229 3256 1307 3311 ait
1351 3275 1365 3311 :
1411 3258 1751 3314 Conslitutio
1790 3260 2096 3330 ligneorum

2203 3257 2250 3328 γ’
2303 3257 2509 3329 βιϐλίου
2552 3254 2648 3308 τοῦ
2691 3253 2945 3316 κὼδικος,
2998 3251 3115 3305 ἐστι
3167 3268 3290 3320 κεφ.
3359 3247 3412 3315 ς’
3477 3247 3572 3302 τοῦ
3608 3247 3657 3318 η’
3692 3248 3796 3302 τίτ.

494 3343 838 3411 equestrium
882 3344 1028 3415 (quae
1068 3352 1361 3421 vocantur)
1408 3350 1733 3424 [lusionem]
1769 3351 2095 3408 interdicit:

492 3434 799 3502 periculum
849 3437 1122 3494 adversus
1165 3440 1408 3505 lusores,
1457 3453 1622 3511 atque
1670 3443 2101 3512 publicationem

493 3526 760 3581 adversus
791 3526 1004 3596 domos,
1057 3528 1111 3582 in
1147 3529 1363 3600 quibus
1415 3530 1736 3600 huiusmodi
1793 3533 1945 3586 lusus
1974 3547 2104 3602 per-

497 3617 606 3672 acti
642 3625 792 3682 sunt,
857 3619 1185 3689 deposcens.
1241 3620 1403 3677 Victo
1444 3635 1630 3678 autem
1681 3625 1776 3694 qui
1825 3625 1990 3680 solvit
2025 3622 2102 3696 [id

501 3708 651 3777 quod
674 3708 868 3782 dedit],
896 3711 1229 3768 restituitur.
1256 3714 1477 3784 Alioqui
1507 3716 1554 3770 si
1581 3731 1913 3787 recuperare
1943 3717 2102 3780 nolit,

496 3800 550 3856 id
588 3800 639 3853 in
689 3802 809 3869 ejus
863 3803 1115 3860 civitatis
1166 3806 1387 3876 publica
1442 3823 1612 3878 opera
1653 3810 1890 3880 expendi
1925 3808 2100 3878 jubet.

497 3892 659 3948 Unde
688 3907 837 3962 nota,
872 3896 926 3951 in
960 3897 1125 3954 Basil.
1157 3915 1264 3954 non
1291 3915 1415 3955 esse
1437 3903 1704 3972 positum,
1732 3901 1878 3972 quod
1909 3917 2103 3958 eorum

499 4002 625 4057 qua:
663 4003 728 4042 ex
763 3989 1041 4059 prohibito
1072 3991 1194 4047 lusu
1225 3993 1352 4048 data
1382 4004 1530 4059 sunt,
1557 3996 1774 4052 exactio
1803 3995 2104 4050 triennium

498 4081 764 4136 excedat.
817 4081 1084 4138 Similiter
1130 4101 1311 4156 neque
1362 4087 1509 4158 quod
1563 4087 1764 4144 divites
1804 4088 1871 4143 ad
1928 4104 2102 4143 unum

503 4186 682 4242 usque
739 4173 976 4230 solidum
1033 4175 1087 4231 in
1138 4178 1330 4234 ludum
1389 4181 1768 4245 constituant,
1818 4181 2107 4252 multaque

499 4269 628 4320 alia.
659 4267 792 4333 Quae
823 4268 915 4323 ubi
945 4270 1020 4324 ita
1067 4287 1188 4328 sese
1263 4273 1485 4339 habent,
1531 4275 1714 4330 dicere
1751 4273 1917 4329 debes
1958 4275 2104 4344 quod

499 4375 623 4429 quae
679 4377 742 4414 ex
803 4362 1120 4432 huiusmodi
1180 4365 1394 4422 lusibus
1445 4367 1692 4423 actiones
1756 4365 2104 4440 [exsistunt],

503 4457 968 4524 quemadmodum
1027 4461 1210 4518 omnis
1277 4463 1586 4531 personalis
1635 4464 1804 4530 actio,
1867 4464 2107 4519 triennio

503 4549 890 4616 terminentur,
955 4559 1122 4622 atque
1176 4553 1233 4608 in
1267 4553 1512 4624 quinque
1556 4556 1842 4611 concessis
1896 4554 2106 4610 lusibus

2202 3351 2298 3404 τοῦ
2334 3348 2373 3414 ξ’
2408 3349 2614 3420 βιϐλίου
2642 3346 2752 3402 τῶν
2795 3343 3104 3400 Βασιλικῶν
3132 3343 3292 3412 λέγον
3311 3343 3454 3396 οὓτω
3492 3342 3698 3414 ῥητῶς·
3737 3338 3801 3393 Ἦ

2202 3444 2341 3499 διάτ.
2366 3441 2566 3496 κωλύει
2599 3441 2667 3494 τὰ
2689 3439 2959 3510 λεγόμενα
2991 3437 3185 3504 ςυλικὰ
3228 3437 3452 3500 ἱππικὰ,
3490 3435 3800 3488 ἀπαιτοῦσα

2205 3539 2453 3594 κίνδυνον
2480 3536 2590 3589 ἀπὸ
2616 3534 2726 3589 τῶν
2755 3532 3085 3598 παιζόντων,
3119 3531 3216 3585 καὶ
3236 3530 3501 3600 δήμευσιν
3523 3528 3667 3581 κατᾶ
3695 3524 3800 3580 τῶν

2203 3631 2369 3684 οἴκων
2392 3631 2450 3682 ἐν
2478 3622 2560 3692 οἷς
2592 3628 2662 3681 τὰ
2688 3625 2916 3680 τοιαῦτα
2969 3624 3199 3694 γένηται
3231 3623 3480 3690 παίγνια.
3504 3619 3720 3672 Δίδοται
3747 3617 3801 3668 δὲ

2206 3725 2302 3778 καὶ
2342 3722 2595 3785 ἀνάδοσις
2632 3720 2710 3792 τῷ
2740 3717 3029 3790 ἡττηθέντι
3055 3716 3150 3770 καὶ
3193 3713 3620 3769 καταϐάλλοντιο
3650 3713 3684 3783 ἦ
3710 3709 3800 3764 ἐὰν

2209 3816 2286 3888 μὴ
2305 3814 2559 3887 βούληται
2577 3812 2869 3867 ἀναλαϐεῖν
2889 3851 2904 3873 ,
2932 3809 3148 3863 κελεύει
3172 3807 3349 3861 ταῦτα
3369 3808 3447 3870 εἰς
3473 3805 3612 3877 ἔργα
3635 3801 3799 3873 δημό-

2210 3927 2311 3964 σια
2337 3911 2436 3978 τῆς
2469 3908 2677 3970 πόλεως
2700 3904 3066 3962 δαπανᾶσθαι.
3087 3902 3253 3956 Ὥστε
3285 3901 3591 3973 σημείωσαι
3625 3899 3710 3952 ὅτι
3745 3897 3799 3950 ἐν

2206 4003 2284 4075 τῷ
2315 4000 2593 4071 Βασιλικῴ
2626 4001 2728 4054 οὐκ
2765 3998 2928 4071 ἐτέθη
2958 3997 3021 4052 τὸ
3043 3995 3399 4067 ὑπερϐαίνειν
3427 3995 3528 4064 τὴν
3549 4007 3800 4061 τριακον-

2206 4095 2428 4152 ταετίαν
2451 4094 2550 4163 τὴν
2579 4093 2880 4164 ἀπαίτησιν
2937 4090 3049 4146 τῶν
3103 4090 3264 4161 χάριν
3303 4087 3558 4156 παιγνίου
3598 4085 3800 4139 κωλυο-

2210 4189 2373 4263 μένου
2404 4187 2686 4242 δοθέντων.
2735 4184 3015 4248 Ὡσαύτως
3042 4183 3164 4237 οὐδὲ
3198 4182 3258 4236 τὸ
3300 4178 3646 4250 συνθηκίζειν
3680 4175 3800 4236 τοὺς

2209 4281 2504 4345 πλουσίους
2537 4279 2736 4351 μέχρις
2761 4278 2880 4341 ἐνὸς
2916 4275 3258 4346 νομίσματος
3309 4272 3404 4327 καί
3435 4272 3570 4327 ἄλλα
3609 4267 3794 4322 πολλά.

2211 4376 2326 4429 Καὶ
2381 4374 2504 4427 ἐπεὶ
2550 4371 2725 4426 ταῦτα
2765 4369 2942 4433 οὕτως
2975 4367 3191 4438 ἔχουσιν
3229 4365 3466 4435 ὀφείλεις
3517 4363 3692 4415 εἰπεῖν
3725 4361 3801 4413 ὅτι

2210 4467 2304 4520 καὶ
2338 4466 2394 4519 αἱ
2434 4465 2565 4538 περὶ
2597 4463 2856 4518 τοιούτων
2905 4444 3175 4530 παιγνίων
3201 4458 3419 4528 ἀγωγαὶ
3454 4459 3520 4529 τῇ
3550 4471 3799 4528 τριακονσ

2211 4558 2403 4629 ταετίᾳ
2418 4557 2713 4623 κλείονται,
2745 4554 2929 4619 καθὼς
2946 4554 3042 4608 καὶ
3071 4554 3222 4608 πᾶσα
3242 4548 3569 4623 προσωπικὴ
3591 4544 3798 4616 ἀγωγὴ,

505 4639 784 4708 deponere
833 4642 886 4696 in
919 4653 1198 4698 certamen
1236 4644 1418 4710 liceat,
1460 4647 1930 4716 quemadmodum
1977 4662 2101 4716 par-

2214 4651 2310 4706 καὶ
2369 4650 2462 4703 ἐπὶ
2504 4649 2584 4716 τῷ
2635 4647 2676 4702 ε’
2757 4648 2812 4702 δὲ
2863 4645 3100 4717 παιγνίῳ
3148 4645 3260 4698 τῶν
3296 4639 3800 4712 ἐπιτετραμμένων,

503 4733 654 4786 tibus
719 4733 994 4800 videatur,
1057 4753 1168 4792 non
1224 4748 1411 4792 autem
1502 4740 1808 4794 secundum
1865 4749 2105 4794 veterem

504 4819 906 4889 legislationem
940 4839 1119 4896 usque
1144 4828 1210 4882 ad
1250 4844 1422 4883 unum
1477 4827 1796 4902 [duntaxat]
1845 4831 2108 4886 solidum.

506 4912 666 4970 Scias
699 4929 866 4985 porro
900 4919 1045 4987 quod
1077 4919 1369 4991 μονόὸολον
1397 4922 1618 4978 dicatur
1649 4939 1850 4978 cursus
1883 4941 1895 4977 :
1924 4940 2110 4976 κοντο-

508 5005 824 5075 μονόόολον,
895 5009 1072 5065 saltus
1123 5028 1138 5066 :
1198 5012 1461 5077 κυντανδς
1513 5014 1713 5080 κόνταξ
1759 5013 1880 5068 sine
1921 5013 2108 5081 libula,

502 5095 768 5164 jaculatio
820 5099 942 5155 sine
972 5100 1160 5169 ﬁbula,
1204 5104 1320 5159 sive
1375 5103 1544 5171 ferro,
1575 5120 1606 5160 a
1635 5105 1875 5174 quodam
1904 5103 2111 5170 Quinto

506 5189 583 5244 ita
619 5190 922 5258 norninata,
955 5195 1248 5268 περιχυτὴ,
1286 5197 1433 5253 lucta
1463 5217 1476 5253 :
1507 5205 1563 5253 et
1596 5198 1820 5268 ἱππικὴ,
1847 5200 2110 5253 circenses

509 5279 645 5334 ludi.
677 5281 948 5338 Caeterum
982 5286 1049 5341 de
1078 5291 1320 5357 equestri
1365 5289 1547 5360 ligneo
1581 5290 1881 5361 aliquando
1919 5305 2109 5346 coram

507 5374 870 5444 imperatorio
895 5378 1156 5436 tribunali
1193 5380 1494 5457 [quaedam]
1529 5385 1714 5442 ineidil
1751 5385 2106 5458 ambiguitas.

505 5463 770 5521 Nonnulli
812 5468 962 5523 enim
1019 5470 1071 5524 id
1123 5487 1248 5528 esse
1291 5474 1550 5530 dicebant
1595 5477 1776 5533 lusum
1811 5477 1984 5541 illum,
2016 5477 2111 5548 qui

508 5557 830 5627 frequenter
854 5575 886 5616 a
917 5563 1106 5632 pueris
1133 5573 1288 5619 extra
1316 5567 1524 5622 circum
1553 5568 1858 5640 peragitur,
1885 5584 2011 5624 cum
2052 5568 2107 5623 in

508 5651 860 5722 aurigatione
888 5669 1159 5727 equorum
1191 5658 1313 5714 vice
1350 5659 1669 5716 hominibus
1706 5671 1964 5716 uluntur.
1995 5659 2104 5714 Alii

509 5753 695 5800 autem
748 5746 801 5802 id
855 5746 1097 5818 ligneam
1144 5752 1443 5822 quamdam
1491 5769 1614 5810 esse
1661 5753 1952 5820 iahricam,
1986 5769 2111 5827 quae

511 5851 610 5907 per
652 5838 860 5908 ligneos
898 5843 1160 5913 gradulos
1193 5845 1364 5901 multa
1405 5862 1502 5916 per
1549 5847 1792 5903 medium
1835 5847 2106 5902 foramina

511 5926 801 5997 habentes,
849 5935 1212 6005 protendatur
1246 5937 1300 5994 in
1346 5941 1538 5996 altum.
1574 5940 1679 6008 Qui
1723 5941 1868 5998 enim
1905 5940 1960 5996 in
2002 5942 2105 5996 hoc

2213 4743 2392 4808 ἔξεστι
2426 4740 2776 4812 συνθηκίζειν
2801 4737 2988 4804 καθὼς
3023 4739 3140 4801 τοῖς
3175 4736 3371 4810 μέρεσι
3412 4733 3576 4798 δόξει.
3619 4732 3714 4785 καὶ
3741 4728 3797 4782 ού

2217 4838 2378 4906 μέχρι
2400 4833 2737 4906 νομίσματος
2760 4832 2881 4896 ἐνδς
2912 4829 3057 4886 κατὰ
3070 4830 3169 4900 τὴν
3194 4827 3431 4883 παλαιὰν
3449 4824 3795 4895 νομοθεσίαν.

2212 4928 2456 4981 Γίνωσκε
2487 4927 2543 4980 δὲ
2575 4926 2658 4979 ὅτι
2706 4923 2996 4997 μονόόολον
3050 4923 3269 4991 λέγεται
3299 4923 3327 4974 ὁ
3351 4918 3550 4991 δρόμος
3575 4932 3591 4948 ο
3631 4930 3799 4971 κοντο·

2216 5018 2466 5088 μόϐολον,
2538 5017 2798 5089 πήδημα·
2877 5014 3141 5077 κυντανδς
3202 5011 3401 5079 κόνταξ
3465 5011 3639 5082 χωρὶς
3705 5007 3797 5077 τῆς

2213 5111 2461 5180 πόρπης,
2490 5107 2550 5162 θὸ
2570 5105 2900 5177 ἀκοντισμὸς
2922 5106 3052 5160 ἄνευ
3071 5104 3305 5175 περόνης
3319 5105 3439 5174 ἦτοι
3466 5102 3684 5173 σιδήρου
3702 5097 3801 5154 ἀπὸ

2215 5199 2439 5255 κυῒντου
2465 5198 2608 5262 τινὸς
2634 5197 2776 5252 οὕτω
2816 5195 3062 5267 κληθεὶς,
3112 5195 3382 5266 περιχυτὴ
3426 5193 3458 5264 ἢ
3499 5192 3669 5264 πάλη.
3699 5185 3796 5243 Καὶ

2213 5291 2440 5347 ἱππικὸν
2472 5289 2535 5344 τὺ
2590 5288 2974 5359 ἱπποδρόμιον.
3008 5285 3146 5356 Περὶ
3191 5285 3250 5339 δὲ
3287 5283 3380 5338 τοῦ
3414 5282 3625 5349 ξυλίνου
3655 5285 3795 5336 ἱππι-

2213 5381 2311 5437 κοῦ
2358 5397 2491 5434 ποτε
2531 5380 2757 5449 γέγονεν
2786 5376 3087 5448 ἀμφιϐολία
3133 5377 3289 5447 παρὰ
3312 5375 3390 5445 τῷ
3417 5373 3680 5445 βασιλικῷ
3715 5371 3796 5442 βή-

2216 5493 2370 5546 ματι.
2414 5472 2526 5528 Καὶ
2570 5470 2722 5534 τινὲς
2783 5468 2883 5540 μὲν
2913 5463 3070 5521 εἷπον
3104 5460 3246 5520 εἶναι
3275 5464 3438 5518 τοῦτο
3472 5466 3532 5518 τὸ
3565 5461 3796 5533 συνήθως

2212 5564 2368 5634 παρὰ
2395 5563 2503 5617 τῶν
2571 5561 2777 5615 παίδων
2818 5560 3109 5631 γινόμενον
3158 5558 3412 5626 παίγνιον
3460 5555 3660 5624 ἔξωθεν
3711 5548 3793 5606 τοῦ

2214 5657 2464 5719 ἱππικοῦ.
2511 5657 2634 5711 ἀντὶ
2670 5655 2855 5709 ἵππων
2899 5653 3201 5724 χρωμένων
3259 5651 3576 5722 ἀνθρώποις
3624 5649 3702 5711 είς
3721 5647 3791 5700 δι·

2214 5749 2543 5823 ᾳρηῗθασίαν,
2593 5749 2749 5812 Τινὲς
2787 5747 2844 5801 δέ
2901 5742 3056 5799 εἷπον
3108 5742 3247 5798 εἶναι
3306 5743 3468 5797 τοῦτο
3504 5742 3711 5809 ξύλινόν
3749 5753 3793 5788 τι

2211 5843 2646 5912 κατασκεύασμα
2680 5841 2768 5895 διὰ
2797 5839 3083 5911 κλιμάκων
3117 5837 3400 5903 ξυλοειδῶν
3439 5833 3792 5904 ὰνυψούμενον

2212 5936 2452 6011 ἐχουσῶν
2477 5935 2562 5991 διὰ
2592 5934 2759 6009 μέσου
2808 5935 2945 5997 ὀπὰς
2971 5931 3287 6004 διαφόρους.
3323 5931 3384 5985 Οί
3412 5927 3520 6001 γὰρ
3556 5921 3790 5994 συνθηκί-
