4142 6430
314 473 460 538 1213

1178 450 1671 515 NOMOCANON.
1700 472 1772 483 -·-
1799 445 1951 507 ΤΙΤ.
1992 441 2169 516 XIII,
2209 438 2370 499 CAP.
2409 433 2881 498 XXVI-XXXII.

3480 424 3621 491 1214

313 591 501 658 ζοντες
534 585 627 639 ἐπὶ
684 581 763 652 τῷ
817 574 1047 646 τοιούτῳ
1110 569 1350 638 παιγνίῳ
1405 566 1610 638 βώλους
1648 563 1956 632 τέσσαρας

2035 558 2155 612 lusu
2187 553 2439 623 deposito
2474 552 2704 623 pignore
2740 554 2976 613 certant,
3024 554 3265 617 quatuor
3304 543 3612 600 diversico-

2035 653 2038 658 .
2256 648 2268 658 ι
2316 648 2325 658 .
2389 647 2402 658 1
2801 657 2809 658 ,
2843 641 2856 658 ι
2887 641 2984 658 γι--
3028 647 3290 658 --Α..-...--
3340 633 3485 658 ῐΑΑΑΊ
3520 650 3612 658 ..η-

310 652 671 754 έτεροῦαφεῖς
702 671 911 727 ἄνωθεν
937 665 1047 721 τῶν
1073 662 1362 735 κλιμάκων
1391 658 1670 728 τιθέμενοι
1696 653 1833 725 πρὸς
1857 652 1918 705 τὸ

313 745 587 835 κάταντες
614 766 946 839 ἀπομύουσι.
981 758 1094 815 Καὶ
1118 760 1147 811 ό
1176 753 1410 826 πρώτως
1440 749 1549 805 ἀπὸ
1587 748 1698 801 τῶν
1733 745 1919 817 βώλων

315 866 678 938 ἐξερχόμενος
706 836 795 914 διὰ
857 855 968 909 τῶν
1018 850 1169 907 ὀπῶν
1196 852 1261 902 ὲκ
1286 848 1385 917 τῆς
1425 840 1747 903 τελευταίας
1777 836 1919 906 ὀπῆς

312 965 419 1030 τὴν
445 957 686 1013 νικῶσαν
749 952 936 1007 δίδωσι
991 945 1071 1016 τῷ
1116 944 1294 1014 ἔχοντι
1342 938 1528 994 αὐτόν.
1568 936 1786 988 Ἔοικεν
1824 928 1920 982 οὖν

315 1052 490 1121 κάμοὶ
515 1048 673 1103 τοῦτο
728 1045 790 1099 τὸ
851 1040 1106 1111 δεύτερον
1153 1034 1408 1104 παίγνιον
1447 1030 1600 1099 παρὰ
1628 1025 1724 1079 τοῦ
1753 1023 1918 1093 νόμου

322 1116 737 1213 ἀποτρέπεσθαι
778 1134 855 1200 ὡς
906 1132 1028 1203 ἔχον
1057 1128 1238 1184 αἰτίαν
1287 1125 1509 1181 κόττονο
1554 1120 1693 1191 Περὶ
1728 1116 1785 1170 δὲ
1822 1133 1921 1168 κυ-

319 1203 593 1288 ϐευόντων
644 1227 925 1299 κληρικῶν
968 1219 1245 1290 ἀνάγνωθι
1305 1216 1399 1269 καὶ
1452 1214 1555 1282 τὴν
1602 1206 1691 1274 πζ¹
1717 1203 1918 1278 νεαρὰν

316 1326 414 1381 τοῦ
450 1322 715 1396 βασιλέως
735 1320 930 1393 κυρίου
965 1315 1196 1377 Λέοντος
1225 1308 1543 1382 φιλοσόφου.

390 1482 647 1536 ΚΕΦΑΛ.
685 1480 764 1534 Λ’.
798 1505 870 1516 -
892 1473 1032 1543 Περὶ
1056 1464 1580 1537 δαιμονιζομένων.

405 1616 747 1672 Ἀποστόλων
794 1611 978 1668 κανὼν
1040 1608 1150 1663 οθ’⁶
1212 1605 1434 1660 συνόδου
1480 1599 1533 1666 ς’
1580 1595 1764 1653 κανὼν
1806 1591 1916 1660 ξς’,

321 1709 396 1777 ξς
419 1728 430 1739 ·
456 1711 500 1763 Τ
508 1708 725 1779 ιμοθέου
758 1703 941 1760 κανὼν
960 1701 1025 1773 β’,
1054 1698 1125 1769 γ’,
1156 1699 1237 1763 ιδ’,
1268 1695 1351 1751 ιε’.

395 1775 705 1872 Iis/iterata.
749 1798 978 1868 Εἴρηται
1021 1792 1211 1864 βιϐλίῳ
1264 1796 1306 1842 ε’
1334 1786 1426 1841 τοῦ
1461 1785 1693 1846 κὼδικος
1715 1780 1821 1834 τίτ.
1851 1775 1915 1843 0',

318 1895 461 1950 διάτ.
511 1892 573 1958 δ’,
628 1909 683 1947 κ.
735 1908 787 1947 τ.
841 1888 928 1956 λ.,
984 1900 1165 1957 usque
1215 1883 1282 1939 ad
1349 1879 1444 1935 xui.
1507 1876 1687 1938 ἄλλοις
1743 1874 1919 1925 ὲπιτι·

322 1984 493 2055 μίοις.

396 2118 678 2185 Σχόλιον.
715 2112 925 2167 Διέσιόν
956 2112 1071 2164 ἐστι
1100 2107 1337 2178 φθόγγος
1362 2102 1620 2175 μουσικὸς
1648 2098 1793 2153 οὕτω
1829 2097 1923 2149 λε-

318 2207 555 2278 γόμενος
585 2206 736 2277 παρὰ
768 2203 1076 2274 φιλοσόφοις
1099 2202 1194 2255 καὶ
1217 2197 1469 2271 χωρίζων
1490 2195 1587 2266 τὴν
1610 2193 1698 2247 διὰ
1729 2191 1921 2245 πασῶν

318 2299 594 2369 ἁρμονίαν
626 2298 686 2362 ἐξ
725 2290 787 2350 οὗ
822 2297 919 2350 καὶ
943 2296 1110 2366 διέχει
1138 2294 1174 2348 ἃ
1198 2293 1436 2364 εἴρηται,
1478 2292 1589 2342 τῶν
1614 2284 1922 2357 όμωζύγων

324 2394 459 2464 μιᾶς
486 2391 751 2462 ἁρμονίας
782 2390 946 2444 τόπον
964 2388 1294 2458 ἐπεχόντων·
1320 2385 1535 2437 ἔσονται
1564 2381 1699 2449 γὰρ,
1729 2377 1918 2448 φησὶν,

322 2489 408 2549 εἰς
443 2485 621 2556 σάρκα
654 2484 780 2555 μίαν
838 2486 934 2536 ὲὰν
969 2481 1029 2546 ἐξ
1085 2480 1307 2547 εὐλόγου
1349 2478 1529 2540 αἰτίας
1565 2474 1924 2543 ὁπωσδήποτε

323 2577 605 2638 διάστασις
629 2576 723 2628 καὶ
753 2573 1033 2646 χωρισμὸς
1064 2571 1296 2641 γένηται
1341 2569 1503 2639 μέσον
1546 2565 1725 2618 αὐτῶν
1767 2562 1921 2628 λέγο-

332 2685 436 2738 μεν
486 2666 732 2736 γίνεσθαι
770 2666 966 2718 διέσιον
1012 2665 1150 2733 ὅπερ
1184 2664 1275 2714 ἐπὶ
1320 2660 1430 2713 τῶν
1456 2657 1787 2729 μνηστήρων
1816 2652 1925 2725 χώ-

334 2778 437 2831 ραν
462 2759 562 2812 ούκ
586 2757 699 2828 ἔχει
738 2756 967 2828 κυρίως,
1000 2756 1136 2809 ἀλλὰ
1160 2753 1462 2821 διαζύγιον,
1498 2751 1670 2821 μήπω
1702 2750 1813 2818 γὰρ
1836 2764 1930 2815 γε·

330 2852 563 2922 νομένου
592 2851 771 2921 γάμου
803 2849 898 2903 καὶ
923 2848 1243 2916 συναφείας,
1278 2845 1380 2898 κᾶν
1418 2842 1618 2896 δοκῶσι
1654 2839 1933 2909 συναφθῆο

331 2958 423 2994 ναι
463 2940 513 2993 οἱ
541 2939 874 3010 μνηστῆρες,
916 2937 1051 2991 ἀλλὰ
1103 2938 1217 2998 τοῖς
1250 2932 1465 3003 σώμασι
1523 2929 1927 3001 κεχωρισμένοι

332 3033 476 3088 εἰσὶν
514 3031 590 3094 ὡς
618 3030 688 3083 τά
720 3031 825 3084 ὑπὸ
880 3031 971 3082 τὸν
1030 3028 1192 3097 ζυγὸν
1242 3026 1371 3079 ὄντα
1418 3025 1566 3089 ζῶα·
1600 3022 1738 3093 πλὴν
1765 3022 1931 3092 ἤρεσε

331 3126 447 3187 τοῖς
485 3121 809 3193 νομοθέταις
837 3120 1153 3189 ἀδιαφόρως
1186 3119 1281 3171 καὶ
1306 3118 1399 3169 ἐπὶ
1420 3116 1528 3169 τῶν
1554 3113 1841 3184 όμοζύγων
1871 3109 1931 3163 τὸ

2023 651 2171 704 lores
2220 647 2474 718 globulos
2515 658 2678 713 supra
2726 641 2987 713 gradulos
3028 647 3313 709 ponentes,
3340 633 3487 708 [eos]
3520 650 3619 704 per

2025 742 2242 799 declive
2280 739 2580 796 demittunt
2624 756 2637 792 :
2672 746 2727 792 et
2756 736 2847 805 qui
2884 732 3233 805 globulorum
3274 729 3488 799 primus
3524 742 3621 796 per

2021 835 2292 892 foramina
2318 850 2382 887 ex
2410 832 2604 886 ultimo
2633 829 2904 883 foramine
2931 824 3228 895 egreditur,
3252 822 3301 877 ei
3333 820 3428 890 qui
3460 819 3617 873 illum

2025 927 2215 991 habet,
2244 924 2536 979 victoriam
2559 921 2755 975 defert.
2776 918 3003 972 Videtur
3031 916 3196 985 igitur
3221 913 3617 982 mihiquoque,

2022 1021 2257 1075 alterum
2307 1017 2459 1070 hunc
2508 1014 2697 1068 ludum
2731 1027 2760 1065 a
2806 1011 2923 1080 lege
2959 1006 3341 1062 aversabuude
3372 1005 3533 1059 vitari
3564 1012 3621 1059 et

2021 1113 2205 1185 puniri
2234 1130 2248 1167 :
2286 1120 2475 1180 utpote
2503 1108 2594 1178 qui
2631 1115 2842 1161 cottum
2872 1103 3184 1158 confirmet.
3212 1102 3384 1155 Porro
3412 1101 3480 1154 de
3506 1100 3619 1154 cle-

2022 1206 2153 1260 ricis
2182 1203 2275 1275 qui
2302 1205 2420 1257 alea
2454 1202 2667 1264 ludunt,
2703 1199 2820 1267 lege
2844 1196 2912 1250 87
2955 1195 3226 1250 novellam
3259 1191 3617 1263 imperatoris

2024 1296 2219 1352 domni
2252 1293 2452 1350 Leonis
2478 1290 2814 1363 philosophi.

2091 1458 2246 1516 CAP.
2286 1456 2458 1514 XXX.
2489 1487 2558 1499 —-
2584 1454 2660 1509 De
2690 1452 2917 1507 obsessis
2944 1468 2977 1506 a
3001 1451 3258 1507 daemone.

2096 1600 2483 1672 Apostolorum
2502 1610 2678 1651 canon
2704 1592 2810 1660 79;
2836 1591 3058 1647 concilii
3080 1588 3219 1645 sexti
3242 1600 3485 1644 canones
3511 1584 3605 1652 66,

2021 1697 2113 1766 67;
2140 1693 2419 1751 Timothei
2446 1705 2687 1746 canones
2715 1688 2773 1753 2,
2799 1690 2852 1751 '5,
2883 1686 2973 1753 14,
3002 1686 3090 1741 15.

2098 1789 2315 1843 Textus.
2352 1785 2560 1839 Dicitur
2586 1781 2683 1837 lib.
2713 1780 2746 1834 5
2774 1778 2933 1843 Cod.,
2971 1778 3056 1832 tit.
3096 1774 3190 1842 70,
3222 1780 3400 1829 const.
3428 1773 3484 1840 4,
3513 1778 3619 1828 etc.

2025 1900 2187 1954 usque
2216 1881 2285 1935 ad
2310 1876 2586 1948 subjiciat,
2622 1882 2681 1928 ut
2702 1889 2827 1944 pag.
2864 1869 2994 1927 966.

2097 2113 2308 2166 Διέσιον
2349 2119 2532 2164 autem
2581 2113 2666 2161 est
2711 2116 2884 2159 sonus
2932 2097 3181 2154 musicus
3215 2096 3292 2150 ita
3325 2109 3356 2149 a
3386 2092 3629 2163 philoso-

2028 2206 2155 2277 phis
2176 2213 2549 2271 nuncupatus,
2567 2196 2659 2266 qui
2688 2193 2937 2249 omnium
2961 2186 3268 2263 [tonorum]
3294 2194 3623 2241 concentum

2028 2275 2289 2368 separat:
2318 2293 2459 2347 unde
2513 2299 2568 2345 et
2592 2287 2796 2358 διέχεια
2830 2284 2909 2357 [id
2952 2294 3037 2338 est
3081 2277 3363 2349 distantia]
3399 2275 3625 2331 dicitur.

2028 2392 2167 2448 Cum
2205 2392 2390 2458 itaque
2440 2384 2703 2453 coniuges
2736 2379 2899 2433 unius
2935 2384 3236 2432 concentus
3274 2374 3447 2427 vicem
3488 2367 3630 2423 obti-

2030 2499 2197 2545 neant
2218 2488 2393 2557 (erunt
2419 2481 2587 2545 enim,
2625 2480 2801 2547 inquit
2826 2476 3004 2549 [sacra
3032 2466 3364 2541 Scriptura],
3394 2468 3446 2521 in
3467 2482 3629 2521 carne

2032 2580 2187 2647 una),
2217 2578 2262 2632 si
2311 2591 2378 2630 ex
2426 2572 2576 2643 iusta
2621 2584 2788 2624 causa
2838 2564 3040 2621 divisio
3081 2574 3135 2617 et
3165 2558 3440 2630 separatio
3486 2558 3629 2611 inter

2034 2672 2158 2726 illos
2237 2664 2740 2738 quomodocunque
2818 2655 3181 2719 interveniat,
3243 2652 3444 2707 διέσιον
3510 2648 3628 2704 ticri

2034 2763 2293 2821 dicimus,
2325 2757 2469 2828 quod
2527 2756 2581 2809 in
2606 2751 2824 2823 sponsis
2847 2748 3066 2820 proprie
3090 2747 3272 2801 locum
3299 2760 3407 2797 non
3442 2743 3626 2806 habet,

2035 2859 2128 2914 sed
2183 2856 2310 2928 [pro
2358 2850 2450 2923 eo]
2502 2849 2814 2918 repudium.
2862 2842 2996 2897 Nam
3055 2838 3274 2895 tametsi
3327 2836 3495 2910 [inter
3541 2832 3627 2903 se]

2035 2946 2340 3016 des‘ponsi,
2404 2939 2763 2997 matrimonio
2818 2933 3320 3005 coniunctioneque
3384 2928 3628 2983 nomium

2040 3040 2214 3103 initis,
2249 3034 2526 3106 conjuncti
2555 3048 2675 3088 esse
2700 3029 2992 3084 videantur
3028 3046 3041 3081 :
3092 3033 3338 3079 attamen
3380 3018 3625 3090 corpori-

2038 3134 2142 3187 bus
2184 3140 2314 3186 sunt
2365 3126 2649 3196 separati,
2681 3119 3147 3193 quemadmodum
3181 3131 3305 3186 qua:
3348 3113 3450 3167 sub
3496 3111 3631 3179 iugo

330 3216 611 3285 διαζύγιον
640 3214 895 3282 λέγεσθαι
940 3214 1079 3282 ὅπερ
1134 3210 1449 3280 ὠνόμασται
1487 3206 1639 3277 παρὰ
1672 3203 1927 3266 Λατίνοις

2036 3221 2213 3296 [suun]
2264 3218 2587 3274 animantia.
2647 3213 2871 3270 Interim
2925 3220 3107 3265 tamen
3153 3209 3221 3261 de
3298 3203 3629 3272 coniugibus

338 3308 774 3382 ῥεπούδιον.Κα“ι
794 3305 1072 3376 ἀνάγνωθι
1098 3303 1308 3377 βιὸλίου
1348 3299 1394 3373 β’
1428 3300 1537 3354 τίτ.
1570 3296 1637 3370 β’,
1666 3313 1792 3366 κεφ.
1820 3292 1924 3368 ρβ’.

350 3590 417 3645 ἸΙ
462 3588 504 3644 δ’
586 3588 729 3644 διάτ.
785 3587 878 3643 τοῦ
906 3594 949 3642 o'
978 3588 1081 3642 τίτ.
1107 3585 1202 3640 τοῦ
1240 3592 1281 3638 ε’
1315 3584 1521 3657 βιϐλίου
1540 3580 1635 3637 τοῦ
1676 3580 1931 3644 κώδικος,

336 3685 456 3739 ἔστι
500 3701 627 3755 κεφ.
668 3682 753 3738 κα¹
811 3682 908 3737 τοῦ
949 3680 980 3735 ι’
1029 3681 1136 3735 τίτ.
1166 3679 1262 3734 τοῦ
1293 3677 1373 3749 λη’
1404 3677 1612 3750 βιϐλίου
1656 3674 1750 3742 τὰ,
1794 3672 1936 3727 αὐτὰ

337 3779 498 3847 λέγον
525 3778 627 3832 ὅσα
654 3779 735 3841 εἰς
769 3775 1022 3848 κείμενον
1075 3773 1417 3844 ἐγράφησαν.
1450 3772 1524 3825 Τὸ
1551 3769 1632 3841 κβ⁹
1657 3771 1798 3825 διάτ.
1838 3764 1934 3820 τοῦ

338 3869 389 3939 γ’
423 3871 529 3924 τίτ.
566 3867 663 3923 τοῦ
724 3866 801 3923 κδ’
862 3867 1071 3939 βιϐλίου
1103 3865 1215 3919 τῶν
1262 3865 1402 3919 διάτ.
1429 3863 1546 3916 ἔστι
1580 3862 1723 3933 θέμα
1742 3858 1808 3924 θ’,
1850 3857 1935 3930 κβ⁹

340 3984 447 4034 κεφ
469 3965 563 4019 τοῦ
590 3970 663 4035 η’,
697 3962 803 4018 τίτ.
820 3961 915 4016 τοῦ
938 3959 1022 4032 κη’
1046 3958 1252 4030 βιϐλίου
1279 3956 1388 4011 τῶν
1410 3955 1739 4021 Βασιλικῶν,
1762 3951 1938 4014 οὕτως

341 4057 467 4127 ἔχον
488 4055 564 4119 ὡς
594 4056 675 4118 εἰς
722 4053 781 4107 τὺ
817 4052 1073 4124 κείμενον
1137 4051 1484 4120 ἐγράφησαν.
1518 4046 1667 4116 Πλὴν
1699 4045 1936 4114 γίνωσκε

340 4155 427 4206 ὅτι
453 4151 515 4205 τὸ
542 4148 781 4204 τοιοῦτον
812 4165 939 4218 κεφ.
970 4146 1213 4219 ἀνῃρέθη
1257 4144 1362 4199 ὑπὸ
1412 4142 1515 4212 τῆς
1556 4138 1657 4212 ριζ¹
1720 4140 1935 4193 Ἰουστι·

342 4243 582 4300 νιανείου
610 4244 814 4315 νεαρᾶς
840 4241 941 4311 τῆς
969 4240 1231 4310 κειμένης
1269 4240 1328 4292 ὲν
1358 4234 1551 4307 βιϐλίῳ
1590 4232 1674 4305 κη’
1695 4232 1804 4286 τῶν
1831 4232 1938 4285 Βα-

345 4337 571 4392 σιλικῶν
594 4336 700 4390 τίτ.
744 4332 810 4401 ζ’,
842 4334 939 4388 καὶ
992 4331 1261 4400 λεγούσης
1310 4329 1409 4391 τὰς
1442 4327 1622 4390 αίτίας
1658 4324 1724 4377 δι’
1756 4322 1821 4386 ἃς
1846 4323 1936 4391 ρε-

341 4428 561 4483 πούδιον
572 4426 873 4496 πέμπεται,
899 4424 996 4496 τῆς
1014 4424 1069 4477 δὲ
1089 4421 1285 4493 μανίας
1312 4420 1449 4482 ὅλως
1481 4418 1556 4490 μὴ
1580 4411 1936 4486 ἐπιμνησθεί-

2036 3293 2202 3372 etiam
2239 3314 2345 3368 dici
2379 3309 2678 3378 διαζύγιον,
2712 3304 2860 3376 quod
2901 3300 3044 3372 apud
3072 3299 3299 3353 Latinos
3336 3293 3624 3365 repudium

2036 3414 2378 3477 nominatur,
2410 3405 2819 3479 legislatoribus
2848 3398 3073 3472 placuit.
3110 3396 3249 3469 [Qua
3281 3393 3348 3448 de
3370 3389 3453 3463 re]
3482 3389 3632 3459 legas

2035 3509 2130 3564 lib.
2166 3524 2231 3568 ll,
2271 3521 2393 3576 cap.
2424 3502 2547 3557 102.

2109 3575 2402 3656 Sclwtium.
2461 3591 2705 3649 Constit.
2772 3589 2808 3644 ι
2855 3587 2940 3643 tit.
2991 3583 3059 3639 -ιο
3119 3581 3217 3636 lib.
3266 3593 3299 3631 ν
3360 3575 3498 3631 Cod.
3547 3582 3633 3629 est

2038 3707 2159 3762 cap.
2208 3690 2301 3752 21,
2345 3689 2430 3741 tit.
2474 3686 2562 3751 10,
2612 3683 2705 3737 lib.
2776 3693 2984 3734 xxxvm
3024 3672 3173 3745 quod
3230 3668 3423 3725 eadem
3496 3664 3633 3718 dicit.

2040 3755 2162 3855 qua:
2228 3783 2283 3836 in
2338 3787 2485 3835 textu
2569 3776 2779 3844 scripta
2835 3777 2987 3827 sunt.
3046 3765 3254 3835 Digest.
3324 3759 3397 3814 22
3458 3759 3541 3811 tit.
3599 3755 3635 3810 3

2039 3847 2136 3931 lib.
2172 3889 2295 3928 xxw
2332 3870 2538 3939 Digest.
2571 3876 2657 3921 cst
2703 3866 2883 3919 thema
2928 3860 2983 3926 9,
3024 3874 3147 3925 cap.
3179 3854 3274 3918 22,
3316 3851 3403 3906 tit.
3440 3849 3497 3915 8,
3530 3847 3629 3902 lib.

2040 3970 2211 4026 Basil.
2240 3982 2437 4028 xxvnt,
2469 3962 2615 4032 quod
2658 3959 2847 4020 habet,
2875 3951 3155 4024 quomodo
3199 3948 3255 4003 in
3292 3953 3448 4001 textu
3498 3941 3635 3997 scri-

2039 4075 2192 4137 ptum
2249 4069 2352 4115 est.
2403 4056 2791 4121 Verumtamen
2843 4049 3012 4111 scias,
3074 4043 3221 4115 quod
3282 4038 3416 4095 illud
3468 4042 3637 4105 caput

2041 4124 2363 4222 abrogatum
2401 4147 2471 4202 sit
2522 4159 2550 4198 a
2609 4140 2829 4197 novella
2875 4133 3171 4191 Iustiniani
3226 4129 3354 4193 H7,
3408 4141 3530 4196 qua:
3578 4124 3633 4177 in

2040 4245 2136 4300 lib.
2171 4216 2340 4296 Dasil.
2374 4251 2567 4301 xxvnt,
2593 4234 2680 4289 tit.
2716 4231 2770 4298 7,
2799 4230 2979 4302 posita
3007 4236 3115 4289 est,
3148 4232 3203 4277 et
3233 4216 3408 4294 [cum]
3434 4230 3634 4273 causas

2041 4338 2111 4391 ob
2145 4349 2283 4405 quas
2314 4330 2544 4401 repudia
2583 4326 2878 4381 mittuntur
2923 4324 3231 4379 recenseat,
3274 4312 3480 4368 nullam
3513 4308 3639 4382 ,[ta-

2045 4397 2195 4497 men]
2226 4397 2456 4479 omnino
2476 4418 2680 4475 furoris
2714 4412 3049 4469 mentionem
3086 4406 3235 4462 facit.
3270 4404 3340 4457 At
3371 4416 3498 4455 vero
3528 4397 3636 4452 100

345 4539 468 4592 σης.
513 4521 575 4574 Ἠ
609 4490 792 4590 μέντοι
829 4515 874 4590 ρ’
906 4490 1002 4570 καὶ
1026 4490 1109 4587 pa"
1138 4512 1310 4585 νεαρὰ
1324 4510 1420 4564 τοῦ
1451 4508 1715 4581 βασιλέως
1745 4506 1937 4575 κυρίου

2046 4530 2102 4577 et.
2154 4490 2247 4574 ibi
2291 4512 2644 4585 imperatoris
2690 4506 2879 4565 domui
2921 4501 3120 4557 Leonis
3165 4493 3481 4569 philosophi
3527 4490 3639 4547 No-

341 4567 575 4676 Λέόντος
603 4567 698 4665 ⁸Σοῦ
723 4567 1254 4679 ’ᾆᾷφὲοέέςᾷῥξξονταί
1280 4602 1371 4656 τὸν
1414 4567 1514 4673 μέν
1536 4567 1710 4669 ἄνδρα.
1743 4567 1942 4668 καρτε-

2047 4612 2202 4666 vellaa
2236 4615 2507 4673 Statuunt,
2534 4613 2595 4659 ut
2625 4602 2709 4656 vir
2742 4597 3041 4655 triennium
3072 4594 3255 4657 duret,
3288 4602 3465 4659 neque
3493 4586 3639 4639 intra

347 4708 463 4777 ρεῖν
498 4705 589 4757 ἐπὶ
638 4701 853 4774 τριετίᾳ
885 4700 983 4753 καὶ
1022 4699 1175 4762 ἐντὸς
1228 4695 1434 4767 ταύτης
1466 4693 1542 4764 μὴ
1579 4689 1820 4746 διαλύειν
1843 4689 1944 4760 τὴν

346 4796 489 4869 μετὰ
543 4795 805 4865 γυναικὸς
861 4791 1029 4848 αὑτοῦ
1094 4789 1359 4862 μανείσης
1396 4785 1684 4855 συζυγίαν,
1741 4782 1843 4853 τὴν
1886 4781 1945 4836 δὲ

342 4891 584 4959 γυναῖκα
604 4887 681 4958 μὴ
698 4883 1122 4956 διαζεύγνυσθαι
1150 4882 1245 4936 τοῦ
1272 4880 1535 4955 μανέντος
1558 4877 1749 4948 ἀνδρὸς
1772 4874 1945 4945 αὐτῆς

346 4983 396 5035 εἰ
433 4981 507 5053 μὴ
537 4978 787 5051 παρέλθῃ
805 4977 1123 5032 πενταετία.
1166 4971 1469 5043 Ἀνάγνωθι
1495 4972 1583 5024 καὶ
1614 4969 1713 5042 τὴν
1744 4967 1944 5039 νεαρὰν

346 5074 443 5128 τοῦ
483 5074 750 5145 βασιλέως
784 5072 978 5145 κυρίου
1009 5069 1328 5143 Νικηφόρου
1357 5065 1739 5120 Βοτανειάτου.

421 5280 676 5333 ΚΕΦΑΛ.
707 5278 835 5333 AA’.
864 5305 934 5318 —-
952 5276 1095 5347 Περὶ
1121 5272 1341 5331 ,ιαῖκοῦ
1358 5269 1817 5343 ἀφορισθέντος,
1844 5268 1943 5322 καὶ

346 5374 667 5447 δεχθέντος
710 5374 780 5439 ἐξ
827 5370 1034 5442 ἐτέρου
1075 5372 1236 5442 παρὰ
1293 5369 1538 5442 γνώμην
1579 5367 1687 5422 τοῦ
1738 5364 1948 5435 ἀφορί-

345 5489 593 5536 σαν-τος.

431 5586 775 5642 Ἀποστόλων
826 5585 1006 5639 κανὼν
1060 5582 1149 5654 ιβ’,
1187 5588 1287 5651 ιγ’·
1337 5580 1559 5635 συνόδου
1613 5576 1947 5649 Ἀντιοχείας

347 5680 526 5737 κανὼν
548 5679 622 5746 ς’.

419 5800 675 5854 ΚΕΦΛΛ.
707 5796 833 5851 ΛΒ’.
864 5827 935 5837 -ο
960 5795 1101 5866 Περὶ
1155 5794 1275 5849 τῶν
1304 5793 1375 5849 ἐν
1413 5789 1686 5863 Κυριακῇ
1716 5790 1753 5861 ἢ
1796 5789 1945 5844 Σαϐ-

351 5898 509 5966 ϐάτῳ
538 5899 983 5966 νηστευόντων.
1890 5882 1895 5883 7

2050 4707 2209 4769 illud,
2266 4712 2556 4774 postquam
2614 4711 2753 4753 uxor
2798 4693 2983 4747 furere
3034 4684 3263 4756 cmperit
3316 4678 3638 4751 coniugium

2046 4799 2301 4861 dirimat;
2336 4794 2533 4848 mulier
2566 4798 2772 4850 autem,
2809 4784 2911 4838 nisi
2933 4775 3375 4852 quinquennium
3403 4780 3640 4843 praeter-

2047 4889 2192 4954 ierit,
2247 4903 2279 4941 a
2310 4884 2529 4940 furente
2561 4879 2763 4935 marito
2806 4890 2916 4928 non
2954 4878 3260 4940 separetur.
3292 4863 3466 4935 Legas
3494 4876 3640 4930 quo-

2047 5000 2155 5054 que
2194 4980 2462 5035 novellam
2497 4970 2845 5044 imperatoris
2882 4962 3071 5020 domui
3119 4955 3415 5028 Nicephori
3467 4953 3636 5008 Buta-

2064 5044 2251 5137 iiiatm,
2282 5086 2406 5142 quae
2452 5068 2522 5124 de
2565 5062 2877 5119 furentibus
2922 5050 3247 5124 coniugibus
3288 5049 3481 5103 eadem
3527 5044 3642 5101 dis—

2048 5166 2205 5223 serit.

2119 5278 2275 5336 CAP.
2314 5274 2512 5331 XXXI.
2553 5304 2626 5315 —
2659 5271 2733 5326 De
2774 5268 2910 5323 laico
2953 5262 3433 5322 excommunicato,
3476 5265 3526 5311 et
3570 5253 3637 5308 ab

2048 5374 2220 5429 altera
2263 5381 2457 5442 prwter
2488 5366 2812 5422 voluntatem
2861 5361 2974 5431 ejus
3010 5360 3101 5430 qui
3140 5348 3636 5413 excommunicauit,

2048 5474 2276 5535 recepto.

2119 5580 2508 5651 Apostolorum
2550 5590 2729 5632 canon
2778 5573 2864 5639 12,
2907 5571 3007 5639 l5;
3051 5566 3265 5625 coiicilii
3308 5557 3633 5617 Antiocheni

2048 5688 2224 5729 canon
2258 5673 2314 5727 6.

2119 5785 2273 5843 CAP.
2310 5782 2531 5840 XXXII.
2558 5815 2627 5826 —-
2654 5782 2731 5838 De
2772 5782 2839 5837 iis
2887 5780 2975 5851 qui
3028 5774 3301 5832 Dominico
3359 5765 3640 5826 Sabbatire

2050 5884 2135 5937 die
2166 5881 2429 5952 iejunant.
