4142 6496
481 470 623 537 1215
1636 464 1903 528 ΡΗΟΤῙΙ
1934 462 2137 525 PATR

2248 462 2450 523 lCH/E
2480 462 2590 524 ΟΡ.

552 588 940 660 Apostolorum
979 601 1155 642 canon
1193 585 1300 651 66;
1344 582 1567 639 concilii
1603 582 1943 653 Gangrcnsis
1976 595 2072 635 ca-
2100 575 2154 636 Α

483 695 592 733 non
633 677 734 744 18;
766 675 979 731 concilii
1019 692 1073 730 Vl
1105 690 1281 730 canon
1314 674 1406 739 55,
1440 673 1529 727 56.

554 767 710 823 CAP.
751 766 993 822 XXXIII.
1028 796 1097 807 —-
1132 766 1206 821 De
1236 766 1305 819 iis
1361 765 1453 835 qui
1483 764 1695 830 docent,
1724 764 1945 817 domum
1984 761 2085 817 Dei

484 871 641 928 atque
672 868 955 912 conventus
984 874 1097 912 esse
1124 854 1514 926 despiciendas.

3678 456 3847 521 1216

2260 580 2601 635 Ἀποστόλων
2616 578 2797 635 κανὼν
2820 577 2905 646 ξς¹
2927 597 2939 611 ’
2965 577 3183 636 συνόδου
3198 575 3464 648 Γαγγρῶν
3480 571 3693 629 κανὼν
3714 568 3797 641 ιη’
3822 568 3841 583 ⁸

2194 674 2413 729 συνόδου
2446 672 2523 739 ς’,
2559 673 2741 728 κανὼν
2769 672 2864 740 ve’,
2898 670 3013 737 νς·’.

2267 768 2520 820 ΚΕΦΑΛ.
2556 763 2682 821 AI".
2711 796 2785 806 —
2815 765 2954 835 Περὶ
2993 762 3114 818 τῶν
3136 761 3549 816 διδασκόντων
3581 755 3724 811 τὸν
3742 749 3848 808 οἳ·

2194 878 2306 915 κον
2334 859 2441 915 τοῦ
2475 859 2625 914 Θεοῦ
2694 858 2795 913 καὶ
2847 857 2956 922 τὰς
3005 852 3298 919 συνάξεις
3342 843 3851 919 εὐκαταφρονή-

2192 971 2357 1019 τους.

2270 1044 2495 1099 Συνόδου
2525 1042 2792 1115 Γάγγρῶν
2819 1039 3002 1097 κανὼν
3024 1038 3088 1103 ε’,
3118 1037 3187 1091 κ’.

2269 1138 2527 1193 ΚΕΦΛΛ.
2553 1134 2677 1193 AA’.
2710 1168 2781 1177 —
2808 1134 2949 1204 Περὶ
2975 1132 3208 1188 λαικῶν
3242 1128 3633 1199 πειρωμένων
3676 1124 3851 1180 ἀθε-

2195 1248 2323 1305 τεῖν
2343 1243 2416 1299 τὰ
2439 1241 2551 1311 τῆς
2579 1240 2649 1293 ἐν
2678 1234 2914 1307 Ἐφέσῳ
2935 1230 3227 1287 συνόδου.

2276 1337 2505 1392 Συνόδου
2543 1331 2773 1402 Ἐφέσου
2827 1325 3010 1382 κανὼν
3070 1331 3147 1390 ς-”
3181 1320 3459 1390 ἀνάγνωθι
3498 1320 3568 1373 τὰ
3616 1333 3853 1386 παρα.-

2198 1430 2485 1505 γραφέντσ.
2516 1429 2575 1480 ὲν
2596 1422 2676 1495 τῷ
2715 1420 2769 1488 ς’
2825 1436 2951 1489 κεφ.
3017 1417 3114 1472 τοῦ
3158 1413 3224 1470 ια’
3268 1414 3374 1467 τίτ.
3403 1411 3499 1466 τοῦ
3529 1409 3853 1482 παρόντος

2201 1523 2607 1591 συντάγματος.

2271 1613 2531 1671 ΚΕΦΑΔ.
2573 1607 2700 1666 AE'.
2747 1638 2818 1649 —
2859 1602 3003 1672 Περὶ
3066 1599 3188 1655 τῶν
3244 1594 3650 1669 ἀκροωμένων
3702 1591 3853 1644 τῶν

2201 1708 2483 1781 Γραφῶν,
2505 1705 2604 1761 καὶ
2628 1703 2804 1774 μέχρι
2824 1700 3044 1766 τέλους
3061 1695 3148 1767 μὴ
3167 1690 3848 1764 προσκαρτερούντων,

2201 1804 2242 1874 ἢ
2273 1802 2361 1874 μὴ
2388 1797 2865 1855 κοινωνούντων.

2292 1868 2640 1947 Ἀποστόλων
2705 1882 2889 1939 κανὼν
2921 1880 2967 1936 θ’
2988 1895 3003 1913 ο
3055 1876 3279 1931 συνόδου
3327 1868 3676 1941 Ἀντιοχείας
3721 1878 3849 1918 κα-

2211 1986 2319 2045 νὼν
2352 1983 2419 2056 β’.

2309 2022 2558 2128 ὶίῗῖῖοΑΛ.
2616 2069 2759 2136 Aq.
2820 2094 2892 2108 —
2938 2060 3096 2131 Περι,
3137 2058 3259 2113 τῶν
3305 2022 3846 2122 ιδίᾳικκλησιαὶ

558 1044 785 1099 Concilii
821 1042 1159 1111 Gangrcnsis
1192 1056 1367 1096 canon
1404 1042 1458 1104 5,
1490 1040 1580 1095 20.

557 1135 714 1191 CAP.
781 1134 1024 1190 XXXIV.
1060 1134 1238 1189 -—‘De
1289 1134 1469 1199 laicis,
1534 1132 1628 1203 qui
1683 1141 1807 1186 acta
1866 1130 2085 1186 concilii

489 1228 742 1298 Epltesini
776 1228 1059 1297 reprobare
1088 1237 1373 1283 conantur.

557 1320 768 1375 Concili
799 1321 1059 1391 Ephesini
1088 1336 1263 1375 canon
1297 1320 1353 1374 6.

557 1412 700 1482 Lege
734 1429 855 1482 qua:
882 1413 1147 1468 adnotata
1180 1422 1313 1467 sunt
1355 1412 1410 1468 in
1465 1427 1589 1484 cap.
1632 1412 1776 1469 6tit.
1839 1411 1900 1467 II
1951 1426 2092 1482 pra:-

489 1515 606 1559 sent
621 1504 668 1559 is
696 1502 902 1572 operis.

556 1596 715 1652 CAP.
748 1595 1045 1650 XXXV.—
1065 1595 1139 1650 De
1165 1598 1230 1650 iis
1252 1599 1346 1669 qui
1368 1595 1677 1666 Scriptura:
1692 1598 1938 1664 audiunt,
1959 1596 2091 1652 etad

486 1691 647 1760 ﬁnem
675 1706 839 1763 usque
867 1708 969 1744 non
1001 1702 1240 1758 manent,
1272 1703 1363 1747 aut
1398 1709 1502 1747 non
1525 1692 1946 1746 communicant.

561 1879 952 1950 Apostolorum
986 1894 1164 1935 canon
1196 1878 1267 1947 9;
1295 1879 1496 1936 concili
1523 1879 1661 1935 sexti
1689 1894 1872 1935 canon
1905 1876 1961 1933 2.
2131 1954 2173 2011 Β

565 2060 725 2116 CAP.
746 2060 988 2117 XXXVI.
1023 2061 1294 2131 —-De,iis
1346 2064 1443 2134 qui
1492 2066 1744 2134 privatim
1788 2076 1958 2122 coetus
2005 2084 2095 2122 co-

494 2162 647 2224 gunt.

566 2245 799 2301 Concilii
833 2243 1096 2316 Ephesini
1128 2260 1307 2300 canon
1338 2246 1403 2312 6;
1451 2246 1670 2302 concilii
1725 2249 1868 2305 sexti
1915 2263 2095 2304 canon

498 2339 591 2403 5|,
627 2338 715 2393 59.
754 2337 897 2409 Lege
926 2354 1050 2408 qua:
1092 2340 1353 2395 adnotata
1395 2348 1527 2395 sunt
1563 2338 1617 2393 in
1649 2356 1771 2411 cap.
1803 2341 1892 2408 14,
1938 2342 2020 2396 tit.
2063 2341 2098 2396 5

496 2434 786 2504 praesentis
822 2434 1023 2503 operis.

568 2526 727 2582 CAP.
771 2523 1037 2581 XXXVII.
1064 2558 1135 2568 —
1156 2526 1235 2582 De
1260 2545 1319 2583 eo
1343 2529 1434 2599 qui
1465 2544 1583 2583 cum
1604 2528 1823 2584 muliere
1846 2546 2097 2585 consum-

499 2623 617 2676 bere
646 2621 964 2691 concupivit,
991 2637 1093 2675 non
1126 2631 1303 2677 tamen
1331 2623 1484 2693 fecit.

570 2714 803 2768 Concilii
837 2714 1301 2771 Neocaesariensis
1323 2731 1499 2772 canon
1530 2716 1584 2772 4.

570 2805 726 2861 CAP.
767 2804 1058 2862 XXXVIII.
1093 2840 1162 2848 —
1203 2806 1278 2862 De
1327 2809 1394 2863 iis
1450 2810 1541 2880 qui
1595 2808 2099 2882 Quadragesimam,

497 2910 749 2970 quartam
781 2900 969 2968 feriant
990 2908 1043 2956 et
1080 2900 1402 2957 Parescecen
1434 2920 1539 2958 non
1567 2905 1841 2975 jejunant.

575 2994 962 3061 Apostolorum
1000 3009 1175 3048 canon
1218 2995 1309 3050 69.

575 3084 726 3139 (ΖΜ).
763 3085 1007 3140 XXXIX.
1034 3116 1103 3125 —
1125 3087 1199 3142 De
1217 3089 1282 3145 iis
1308 3089 1474 3160 quieti:
1510 3106 1669 3145 sacra
1684 3091 1796 3147 (vde
1812 3102 2099 3148 ceramaut

501 3180 675 3234 olqum
701 3182 970 3252 auferunt.

578 3274 967 3341 Apostolorum
1001 3290 1175 3328 canon
1210 3274 1296 3329 72.

582 3361 737 3417 CAP.
825 3361 938 3415 XI...
992 3392 1061 3403 —
1128 3364 1201 3419 De

512 3456 694 3526 factis.

585 3548 873 3621 Theophili
909 3565 977 3607 ex
1008 3551 1240 3623 epistola
1273 3552 1339 3607 ad
1378 3551 1591 3609 Menam
1626 3552 1976 3626 episcopum.

586 3739 740 3795 CAP.
784 3740 924 3796 XLI.
954 3771 1025 3783 --
1056 3740 1139 3798 Ne
1170 3742 1296 3798 laici
1324 3744 1571 3800 doceant.

591 3930 823 3986 Concilii
856 3933 995 3989 sexti
1027 3948 1203 3989 canon
1231 3935 1319 3990 64.

554 4107 3445 4138 ww“

1282 3365 1437 3420 laicis
1510 3366 2107 3424 incommunicabilibus

2211 2167 2452 2230 ζόντων.

2284 2259 2514 2314 Συνόδου
2552 2256 2811 2327 Γάγγρας
2840 2248 3022 2305 κανὼν
3055 2252 3109 2311 ς’
3131 2263 3146 2278 ·
3170 2242 3393 2298 συνόδου
3426 2245 3479 2304 ς’
3502 2233 3693 2291 κανὼν
3717 2230 3843 2294 λα’,

2212 2356 2319 2409 v0"
2355 2348 2633 2420 ἀνάγνωθι
2675 2346 2747 2400 τὰ
2791 2337 3312 2416 παραγεγραμμὲνα
3352 2334 3412 2386 ὲν
3460 2330 3538 2401 τῷ
3578 2327 3639 2382 ιδ’
3689 2341 3840 2393 κεφ.

2212 2447 2308 2502 τοῦ
2339 2443 2388 2515 γ’
2416 2444 2525 2499 τίτ.
2565 2440 2661 2496 τοῦ
2704 2438 2975 2508 παρόντος
3006 2431 3406 2501 συντάγματος.

2286 2537 2543 2593 ΚΕΦΑΛ.
2582 2533 2707 2588 AZ'.
2739 2560 2811 2571 ——
2838 2527 2973 2595 Περὶ
3003 2523 3113 2578 τοῦ
3141 2517 3631 2588 ἐπιθυμήσαντος
3655 2526 3838 2575 συγ-

2213 2628 2591 2698 καθευδῆσαι
2620 2620 2857 2695 γυναικὶ
2890 2617 2991 2673 καὶ
3017 2615 3105 2688 μὴ
3139 2611 3505 2682 πράξαντος.

2288 2719 2516 2775 Συνόδου
2549 2709 2988 2782 Νεοκαισαρείας
3021 2704 3203 2760 κανὼν
3228 2702 3293 2757 δ’.

2284 2812 2538 2870 ΚΕΦΑΛ.
2582 2808 2717 2863 AH'.
2760 2834 2832 2844 —
2876 2799 3018 2870 Περὶ
3052 2797 3139 2868 μὴ
3222 2792 3646 2862 νηστευόντων
3704 2785 3838 2855 τὴν

2216 2904 2725 2977 τεσσαρακοστὴν
2750 2896 2849 2952 καὶ
2882 2891 3139 2963 τετράδα
3175 2882 3595 2958 παρασκευήν.

2302 2996 2648 3056 Ἀποστόλων
2674 2988 2858 3047 κανὼν
2891 2985 2990 3054 ξθν.

2294 3092 2547 3150 ΚΕΦΑΛ.
2583 3088 2714 3143 AG’.
2763 3115 2835 3125 ——
2867 3080 3009 3149 Περὶ
3058 3076 3179 3132 τῶν
3212 3066 3672 3145 ἀφαιρουμένων
3706 3063 3834 3135 τῆς

2216 3190 2555 3256 ἐκκλησίας
2586 3178 2828 3250 κη,ρόνῆ
2855 3177 3086 3231 ἔλαιον.

2298 3279 2643 3339 Ἀποστόλων
2676 3271 2861 3329 κανὼν
2893 3269 2995 3341 οβ’.

2290 3375 2548 3433 ΚΕΦΑΛ.
2583 3372 2677 3427 Μ’.
2713 3398 2785 3411 -
2844 3363 2987 3434 Περὶ
3002 3358 3233 3418 λαϊκῶν
3276 3353 3706 3419 ἀκοινωνήτων
3737 3367 3833 3422 γι-

2215 3471 2510 3543 νομένων.

2288 3539 2552 3634 Θεοφίλου
2609 3560 2676 3614 ὲκ
2727 3556 2828 3628 τῆς
2885 3553 3031 3626 πρὸς
3087 3549 3285 3621 Μηνᾶν
3341 3543 3646 3599 ἐπίσκοπον
3700 3539 3829 3591 ἐπι-

2221 3657 2440 3725 στολῆς.
3256 3734 3261 3735 γ
3346 3734 3355 3735 7
3404 3730 3463 3735 ﬂ
3709 3730 3728 3735 _
3779 3725 3801 3735 _

2294 3746 2548 3803 ΚΕΦΑΛ.
2574 3741 2715 3800 MA'.
2750 3772 2819 3785 -—
2879 3740 3020 3810 Περὶ
3050 3737 3161 3793 τοῦ
3194 3734 3283 3809 μὴ
3330 3730 3644 3789 διδάσκειν
3687 3730 3831 3782 λαῖ-

2224 3842 2393 3906 κούς.

2297 3931 2525 3989 Συνόδου
2562 3930 2617 3997 ς’
2642 3928 2825 3985 κανὼν
2863 3923 2957 3992 ξδ’.

1860 4276 2268 4364 ΤΙΤΛΟΣ
2342 4272 2500 4362 ΙΔ’.

1541 4463 1703 4516 ΠΕΡΙ
1746 4458 2011 4515 ΚΟΙΝΩΝ
2058 4458 2346 4514 ΠΑΝἹὩΝ
2391 4454 2790 4512 ΑΝΘΡΩΠΩΝ.

1639 4790 2107 4871 'I‘ITULUS
2185 4791 2250 4883 ρ
2270 4786 2702 4875 UARTUS.

1425 4972 1533 5033 DF.
1578 4969 1933 5033 OMNIBUS
1976 4965 2430 5029 HOMINIBUS
2475 4960 2956 5026 PROMISCUE.

614 5304 769 5360 CAP.
812 5302 851 5358 l.
878 5334 945 5343 -—
974 5302 1048 5356 De
1075 5301 1325 5356 avaritia.

616 5395 862 5467 Gregorii
890 5394 1095 5448 Nicaani
1134 5409 1309 5447 canon
1350 5393 1405 5448 6.

614 5487 767 5542 tlAP.
813 5486 973 5542 ll.—
1014 5484 1092 5539 De
1137 5486 1205 5540 iis
1247 5486 1337 5556 qui
1382 5502 1503 5540 cum
1547 5484 1718 5541 brutis
1770 5482 2139 5539 animantibus

547 5582 921 5635 commercium
952 5580 1166 5635 habent.

622 5672 851 5725 Concilii
883 5671 1155 5740 Ancyrani
1180 5685 1359 5725 canon
1393 5669 1481 5735 16,
1515 5669 1604 5735 17;
1636 5669 1821 5725 Basilii
1847 5685 2028 5726 canon
2052 5672 2143 5737 65;

552 5766 797 5831 Gregorii
833 5762 1067 5835 Nysseni
1104 5777 1282 5823 canon
1314 5763 1367 5816 ’5.

620 5859 772 5910 (JAI’.
818 5855 905 5909 III.
940 5887 1011 5895 —
1041 5856 1119 5911 De
1153 5855 1431 5909 homicidis
1463 5863 1512 5908 et
1540 5854 1861 5908 latronibus.

626 5949 1013 6017 Λυυοιυὶυνυιιι
1062 5965 1239 6005 canon
1297 5947 1398 6015 65;
1448 5949 1667 6005 concilii
1719 5949 1996 6021 Ancyrani
2047 5965 2140 6004 cu-

2166 5296 2219 5356 D
2319 5292 2569 5359 ΚΕΦᾼΛ.
2600 5290 2679 5345 A'.
2715 5316 2784 5328 —-
2806 5285 2950 5357 Περὶ
2986 5283 3366 5350 πλεονεξίας.

2320 5382 2621 5457 Γρηγορίου
2652 5381 2877 5452 Νύσσης
2906 5378 3089 5434 κανὼν
3122 5394 3161 5442 ς·
3183 5417 3198 5432 .

2319 5478 2575 5533 ΚΕΦΑΛ.
2608 5476 2685 5529 B’.
2713 5503 2781 5514 —
2809 5472 2953 5542 Περὶ
2977 5469 3455 5543 άλογευομένων.

2326 5662 2554 5717 Συνόδου
2600 5658 2877 5731 Ἀγκύρας
2906 5657 3086 5713 κανὼν
3131 5655 3231 5722 ις’,
3270 5655 3365 5721 ιζ”
3423 5651 3705 5708 Βασιλείου
3741 5668 3841 5705 κα-

2252 5756 2357 5811 νὼν
2400 5755 2510 5824 Sy"
2544 5754 2584 5807 Γ
2591 5753 2850 5825 ρηγορίου
2878 5750 3097 5822 Νύσσης
3128 5749 3309 5804 κανὼν
3332 5754 3399 5816 γ’.

2326 5848 2576 5903 ΚΕΦΑΛ.
2603 5845 2680 5904 Γ’.
2721 5879 2791 5889 ——
2822 5844 2963 5915 Περὶ
2992 5843 3226 5914 φονέων
3252 5841 3351 5895 καὶ
3382 5837 3648 5908 λῃστῶν.

2339 5942 2677 5998 ’Λποστόλων
2706 5939 2887 5997 κανὼν
2944 5941 3016 6007 ξς
3039 5957 3051 5971 ·
3091 5938 3311 5994 συνόδου
3369 5931 3641 6007 Ἀγκύρας
3665 5929 3844 5987 κανὼν
