4142 6426
318 368 457 432 1917

315 481 423 543 καί,
449 479 555 550 κβκ
619 484 726 544 κγ’,
787 482 863 529 κε’
889 491 901 506 ο

314 573 418 640 λγ’,
448 578 561 642 μγ’,
592 568 691 640 νβ’,
719 570 811 637 νδ’,
835 566 931 636 νε’,
955 586 1050 633 νς,
1079 568 1155 631 vi."
1180 582 1195 598 °
1216 567 1523 639 Γρηγορίου
1556 566 1781 636 Νύσσης
1811 583 1913 619 κα·-

316 664 426 719 νὼν
459 666 522 719 δ’.

392 777 646 832 ΚΕΦΛΛ.
674 780 748 833 Δ¹.
775 807 846 820 --
869 779 1011 847 Περὶ
1043 778 1151 833 τοῦ
1181 778 1325 845 τοὺς
1343 778 1641 849 ἐπιτίμιον
1663 778 1913 833 ἀκοινω-

318 873 543 941 νησίας
590 873 848 943 ἔχοντας
899 873 1166 942 ὀφείλειν
1223 871 1537 926 κοινωνεῖν
1573 870 1916 941 μέλλοντας

318 963 635 1034 τελευτᾷν,
670 965 770 1019 καὶ
821 965 880 1019 τί
910 966 1160 1035 γίνεται,
1201 964 1312 1019 ἐὰν
1332 964 1435 1019 διὰ
1458 962 1638 1018 τοῦτο
1651 968 1915 1033 μεταλα-

321 1063 532 1126 ϐάντες
548 1060 634 1129 μὴ
655 1056 1025 1114 ἀποθάνωσι.

391 1176 622 1229 Συνόδου
674 1174 911 1239 Νικαίας
959 1173 1140 1229 κανὼν
1169 1179 1274 1243 ιγ¹ο

325 1266 510 1323 κανὼν
536 1273 600 1321 ε’.

396 1380 646 1433 ΚΕΦΑΛ.
678 1380 755 1435 E'.
782 1409 855 1423 —-
876 1381 1019 1450 Περὶ
1053 1378 1161 1434 τοῦ
1193 1380 1657 1448 όνειρασθέντος
1716 1378 1755 1447 ἢ
1796 1378 1917 1433 ἀπὸ

322 1474 532 1541 κοίτης
570 1470 679 1541 τῆς
722 1474 878 1540 ιδίας
918 1471 1181 1545 γαμετῆς
1239 1472 1419 1539 ὄντος
1479 1473 1577 1527 καὶ
1636 1471 1922 1538 θέλοντος

323 1565 715 1633 κοινωνῆσαι,
739 1566 839 1619 καὶ
869 1566 1048 1632 ποίας
1068 1565 1294 1634 ἡμέρας
1311 1565 1406 1619 δεῖ
1419 1564 1531 1636 τῆς
1551 1564 1701 1634 πρὸς
1724 1563 1886 1632 duri
1907 1593 1921 1604 -

324 1660 477 1724 λους
496 1657 720 1727 μίξεως
739 1656 840 1711 διὰ
872 1656 1054 1711 τοῦτο
1084 1657 1438 1727 ἀπέχεσθαι.

1360 1172 1663 1246 Γρηγορίου
1694 1173 1742 1226 Ν
1748 1171 1921 1242 ὑσσης

398 1767 675 1822 Διονυσίου
711 1769 777 1821 ἐκ
806 1768 906 1839 τῆς
934 1769 1071 1840 πρὸς
1124 1769 1445 1841 Βασιλείδην
1487 1768 1781 1842 ἐπιπολῆς
1815 1787 1921 1824 κα-

327 1860 436 1915 νὼν
464 1860 534 1929 γ’,
565 1860 638 1914 δ’·
672 1862 941 1933 Τιμοθέου
974 1861 1157 1916 κανὼν
1178 1861 1242 1929 ε’,
1276 1862 1365 1933 ιβ’,
1406 1869 1495 1932 ιγ’.

398 1977 655 2033 ΚΕΦΑΛ.
707 1981 799 2046 ς’.
829 2008 900 2018 -
939 1977 1074 2045 Πῶς
1101 1978 1328 2049 γίνεται
1383 1979 1703 2049 προσφορὰ
1767 1978 1924 2049 ὑπὲρ

330 2066 441 2122 τοῦ
467 2067 688 2123 ἑαυτὸν
714 2068 1067 2136 ἀνελόντος.

403 2160 673 2230 Τιμοθέου
704 2160 886 2214 κανὼν
916 2160 999 2214 ιδ’.

401 2275 659 2328 ΚΕΦΛΛ.
689 2272 764 2329 Z'.
795 2305 868 2316 —
896 2274 1036 2343 Περὶ
1068 2276 1177 2331 τοῦ
1211 2276 1464 2345 ἔχοντος
1503 2275 1772 2346 γαμετὴν
1800 2278 1932 2332 δαι-

328 2366 726 2439 μονιζομένην
787 2366 889 2421 καὶ
927 2367 1028 2423 διὰ
1069 2368 1248 2423 τοῦτο
1277 2368 1564 2439 θέλοντος
1589 2368 1792 2439 ἀλλην
1818 2373 1930 2425 λα-

337 2460 485 2514 ϐεῒν.

407 2550 677 2621 Τιμοθέου
704 2552 887 2607 κανὼν
908 2552 1014 2613 ιε’.ῗ

410 2646 693 2713 Σχόλιον.
751 2648 891 2719 Περὶ
953 2647 1048 2702 τοῦ
1088 2649 1358 2719 παρόντος
1419 2668 1548 2721 κεφ.
1608 2650 1931 2724 ἐγράψαμεν

340 2736 655 2809 ἀρκούντως
688 2740 747 2794 ὲν
772 2739 851 2811 τῷ
878 2741 922 2794 λ’
974 2759 1102 2812 κεφ.
1134 2742 1231 2797 τοῦ
1272 2742 1341 2814 ιγ’
1370 2744 1477 2800 τίτ.
1522 2743 1618 2799 τοῦ
1662 2745 1933 2817 παρόντος

343 2830 744 2901 συντάγματος,
776 2833 871 2886 καὶ
895 2834 1171 2904 ἀνάγνωθι
1201 2835 1303 2901 τὰς
1338 2838 1419 2900 εἰς
1439 2837 1502 2890 τὸ
1531 2838 1746 2909 σχόλιον
1770 2836 1933 2892 τοῦτο

343 2921 777 2991 συνωψισθείσας
803 2925 1005 2997 νεαρὰς
1057 2926 1153 2981 τοῦ
1183 2926 1449 2998 βασιλέως
1476 2929 1670 2999 κυρίου
1701 2928 1933 2994 Λέοντος

340 3012 437 3067 τοῦ
468 3014 782 3086 φιλοσόφου,
813 3017 909 3071 καὶ
938 3019 1061 3071 κατ’
1095 3018 1313 3084 ὲκείνας
1341 3019 1467 3090 λέγε
1511 3021 1580 3075 τὰ
1600 3021 1711 3074 τῶν
1740 3019 1933 3093 δαιμο-

344 3106 561 3163 νώντων
584 3109 829 3179 γίνεσθαι
855 3109 1135 3182 διαζύγια.

1283 362 1779 424 NOMOCANON.
1820 388 1889 398 -
1928 362 2076 422 ΤΙΤ.
2120 363 2280 435 XIV,
2323 361 2483 421 CAP.
2528 361 2726 421 I-VII.

959 474 1244 528 Βασιλειου
1270 474 1451 527 κανὼν
1494 473 1561 538 ζ’,
1589 481 1665 544 η’,
1710 471 1796 537 ια’,
1828 471 1916 541 ιγ’,

2025 490 2133 527 non
2170 474 2262 535 21,
2287 472 2379 537 Ξὲ,
2410 473 2502 535 ‘23,
2534 473 2635 537 25;
2672 471 2858 524 Basi|:i
2896 485 3069 524 canon
3112 470 3166 533 7,
3198 470 3252 537 8,
3289 471 3375 538 ll,
3407 473 3495 536 15,
3524 474 3617 537 55,

3480 356 3621 421 1218

2018 568 2111 633 45,
2142 566 2233 634 52,
2261 565 2353 631 54,
2379 565 2469 633 55,
2498 566 2590 631 56,
2624 564 2714 632 57;
2748 563 3000 633 Gregorii
3036 563 3268 635 Nysseni
3302 580 3476 619 canon
3518 566 3572 621 4.

2017 777 2040 837 ἶ
2090 772 2246 831 CAP.
2288 772 2376 829 IV.
2410 802 2481 813 —
2520 771 2588 827 Ut
2622 774 2714 844 qui
2748 773 2807 825 in
2847 788 3053 840 pinnam
3099 773 3620 825 incommunirabili-

2022 872 2150 926 tatis
2201 870 2551 934 inciderunt,
2600 870 2853 923 morituri
2932 869 3324 921 communicare
3377 867 3621 935 debeam,

2020 973 2069 1019 et
2102 962 2229 1034 quid
2260 963 2378 1031 ﬁat,
2422 963 2468 1017 si
2516 974 2798 1031 postquam
2836 961 2952 1015 ideo
2996 960 3475 1023 communicarunt,
3519 976 3624 1012 non

2023 1055 2345 1107 moriantur.

2093 1165 2327 1221 Concilii
2361 1163 2570 1220 Nicani
2603 1179 2780 1219 canon
2829 1163 2927 1232 i5;
2965 1162 3211 1236 Gregorii
3259 1162 3490 1234 Nysseni
3533 1178 3624 1217 ca-

2023 1273 2134 1314 non
2170 1258 2222 1311 5.

2096 1368 2252 1424 CAP.
2298 1367 2362 1423 V.
2391 1398 2464 1410 —
2491 1367 2568 1423 De
2600 1384 2660 1423 eo
2686 1368 2773 1423 cui
2805 1370 2860 1422 in
2909 1370 3111 1423 somnis
3162 1385 3338 1423 semen
3382 1370 3627 1438 ﬂuxerit,

2024 1471 2073 1517 et
2095 1462 2161 1517 de.
2183 1479 2241 1516 eo
2264 1466 2356 1532 qui
2378 1461 2443 1515 ab
2461 1477 2621 1516 uxore
2639 1478 2737 1515 sua
2762 1461 2996 1526 secubat,
3017 1462 3191 1516 volens
3212 1464 3624 1525 communicare,

2026 1562 2077 1608 et
2108 1569 2211 1622 quo
2253 1553 2339 1607 die
2390 1561 2607 1622 propter
2631 1551 2727 1606 hoc
2758 1570 2790 1605 a
2817 1564 3008 1606 mutua
3062 1555 3303 1607 mistione
3334 1554 3630 1625 [conjuges]

2026 1647 2254 1701 debeant
2289 1645 2577 1701 abstinere.

2107 1759 2356 1831 Dionysii
2386 1774 2455 1814 ex
2496 1757 2732 1828 epistola
2781 1758 2846 1811 ad
2903 1758 3195 1813 Basilidem
3244 1774 3418 1814 canon
3468 1761 3520 1825 3,
3553 1761 3629 1826 1i;

1964 1880 2006 1935 Β
2034 1853 2310 1909 Timothei
2341 1869 2520 1908 canon
2550 1854 2605 1918 5,
2642 1852 2727 1919 η,
2763 1852 2850 1905 15.

2102 1965 2260 2021 CAP.
2304 1964 2493 2025 VI.,—-
2532 1964 2841 2034 Quomodo:
2875 1962 3075 2018 oblatio
3123 1962 3225 2032 ﬁat
3277 1979 3372 2032 pro
3428 1978 3487 2015 eo
3544 1963 3635 2032 qui

2034 2062 2265 2132 seipsum
2300 2060 2589 2115 interemit.

2107 2152 2381 2209 Timothei
2416 2168 2595 2209 canon
2629 2151 2719 2207 14.

2107 2267 2261 2323 CAP.
2303 2266 2417 2322 VII.
2442 2295 2516 2306 —
2538 2265 2612 2321 De
2641 2281 2699 2320 eo
2726 2265 2817 2336 qui
2847 2279 3067 2318 uxorem
3092 2261 3332 2317 dazntone
3362 2260 3633 2316 obsessam

2040 2358 2220 2426 habet,
2249 2375 2313 2412 ac
2342 2366 2624 2429 propterea
2652 2357 2821 2411 atiam
2850 2356 3044 2411 ducere
3076 2353 3204 2409 vult.

2109 2544 2380 2600 Timothei
2412 2558 2588 2599 canon
2611 2542 2699 2599 l5.

2103 2634 2397 2691 Scltolium.
2424 2635 2497 2690 De
2520 2641 2788 2704 praesente
2817 2648 2939 2703 cap.
2969 2622 3302 2688 sullicienter
3317 2630 3643 2702 scripsimus

2034 2728 2091 2783 in
2131 2744 2256 2800 cap.
2295 2727 2365 2784 50
2403 2728 2487 2783 tit.
2512 2729 2578 2783 15
2621 2728 2906 2797 praesentis
2938 2725 3141 2796 operis.
3166 2725 3224 2780 In
3251 2725 3410 2795 cujus
3432 2726 3644 2780 scholio

2033 2821 2421 2894 compendiose
2460 2822 2770 2892 propositas
2817 2819 3166 2890 imperatoris
3197 2817 3388 2873 domni
3439 2817 3644 2873 Leonis

2034 2916 2346 2991 philosophi
2380 2914 2631 2971 Novellas
2665 2915 2832 2986 legas,
2863 2922 2917 2969 et
2944 2912 3246 2968 secundum
3295 2927 3393 2967 eas
3437 2912 3644 2967 daemo-

2036 3013 2144 3069 niis
2172 3011 2525 3067 obsessorum
2558 3009 2792 3066 divortia
2820 3006 2938 3063 lieri
2973 3006 3146 3063 dicas.
