4142 6492
510 395 650 464 1219

1711 380 1979 444 ΡΗΟΤΙΙ
2018 377 2531 440 ΡΑΤΒΙΑΒΟΗΕ
2570 377 2681 438 CP.

2814 506 3784 519 ___.___..._.___.-___
3803 507 3819 513 -

948 563 1569 579 Μ

1396 688 1828 781 ΦΩΤΙΟΥ
1865 686 2109 783 ιΤΟΥ
2153 678 2889 774 ἸΙΑΤΡΙΑΡΧΟΥ

1244 876 2450 1023 ΕΡΩΤΗΜΑΤΑ
2571 874 3097 1012 ΔΕΚΑ

1639 1120 1779 1175 ΣΥΝ
1831 1117 2010 1174 ιΣΑιΣ
2056 1116 2218 1169 ΤΑΙΣ
2248 1113 2689 1169 ΑΠΟΚΡΙΣΕΣῙ.

1510 1458 1941 1551 ΡΗΟΤΙΙ
2025 1455 2823 1549 PATRIARCIUE

831 1686 1029 1840 IN
1048 1677 2443 1840 TERROGATION
2454 1676 2689 1834 ES
2831 1676 3479 1833 DECEM

1484 1953 1651 2016 CUM
1705 1950 2079 2014 TOTIDEM
2130 1944 2845 2011 RESPONSIONIBUS.

2144 2142 2216 2155 _

2040 2271 2297 2327 ΦΩΤΙΟΥ

512 2434 629 2494 Τοῦ
668 2432 1387 2512 ᾀγιῳτάτου-πατριάρχου
1420 2431 1790 2512 συναγωγαὶ,
1823 2430 1928 2512 καὶ
1967 2428 2310 2512 ἀποδείξεις
2368 2424 2631 2512 ἀκρεόεζς
2677 2424 3126 2512 συνηβεϊμένῳ
3186 2423 3415 2512 ξκιτῶν
3446 2423 3819 2512 σςυνοδικῷν

586 2508 686 2561 καὶ
716 2494 1071 2574 ’ἱστορικῶν
1120 2494 1365 2576 ᾧραξίῶν
1434 2503 1571 2571 περὶ
1595 2494 1987 2567 ἐπισκόπων,
2054 2501 2154 2554 καὶ
2199 2496 2690 2569 μητροπολιτῶν,
2752 2496 2855 2550 καὶ
2905 2495 3136 2551 λοιπῶν
3191 2494 3410 2564 ἐτέρων
3454 2496 3829 2566 ἀναγκαίων

583 2576 955 2648 ζητημάτων.

1976 2682 2288 2748 ΡΗΟΤΙΙ

509 2859 913 2947 Sanctissigni
944 2856 1027 2940 (1)
1064 2856 1918 2947 patriarchtecollectiones,
1972 2863 2405 2947 accurata’gue
2462 2852 3053 2947 demonstrationes.
3083 2853 3165 2947 ,ἀρ
3216 2855 3529 2947 episcopis
3580 2864 3637 2916 et
3683 2873 3821 2947 me-

595 2932 1029 3019 tropolitis,'e't
1050 2932 1320 3018 reliquis
1348 2939 1496 3000 aliis
1524 2940 1904 3000 necessariis
1940 2932 2392 3017 quwstiomlius
2438 2952 2519 2995 ea:
2547 2932 2898 3013 synodicis,
2929 2944 2988 2995 et
3029 2932 3355 2997 historicis
3383 2932 3817 2997 monumentis

594 3028 931 3099 excerptaz.

1005 3162 1527 3221 INTERROGATIO
1564 3164 1608 3220 Ι.

510 3279 760 3347 Quanam
785 3277 842 3332 in
873 3293 928 3332 re
954 3293 1104 3333 secus
1141 3294 1302 3347 quam
1329 3279 1532 3331 rationi
1561 3286 1971 3332 consentaneum
2001 3285 2101 3342 est,

935 3347 1169 3403 Romani
1197 3351 1366 3418 egisse
1382 3350 1674 3420 apparent?

1102 3457 1513 3519 RESPONSIO.

584 3574 702 3630 Sub
743 3573 1071 3629 Constantio
1122 3574 1374 3631 Liberius
1410 3575 1602 3630 Romae
1640 3574 1935 3645 episcopus
1982 3579 2107 3644 post

511 3666 751 3721 reditum
776 3666 846 3719 ab
866 3665 1083 3724 exsilio.
1119 3666 1244 3721 lidei
1275 3668 1327 3720 in
1351 3667 1641 3721 Antiochia
1676 3667 1937 3736 exposita:
1965 3666 2105 3721 scri-

510 3767 606 3829 pto
630 3757 926 3813 consensit.
963 3756 1206 3813 Seorsim
1242 3774 1371 3814 vero
1427 3758 1550 3813 lidei
1586 3758 1984 3828 professionem
2038 3758 2107 3812 ab

513 3849 707 3904 eodem
746 3857 1073 3919 receperunt
1103 3848 1341 3904 Basilius
1389 3852 1651 3920 Ancyrae,
1701 3858 1756 3904 et
1788 3847 2108 3903 Eustathius

514 3939 783 3997 Sebastiae
800 3942 1067 4011 episcopi,
1086 3958 1245 4013 aeque
1263 3958 1330 3997 ac
1350 3941 1627 4007 Eleusius,
1654 3958 1761 4013 qua
1801 3942 2106 3996 secundum

510 4030 695 4085 omnia
728 4030 967 4086 similem
1006 4030 1155 4086 Patri
1194 4031 1394 4087 Filium
1429 4048 1534 4087 non
1567 4047 1690 4088 esse
1724 4042 2108 4088 asseverantes

509 4123 833 4187 damnabat,
865 4133 921 4179 ct
964 4125 1329 4181 nihilominus
1376 4127 1445 4180 ab
1476 4140 1671 4180 eorum
1714 4126 2108 4181 communione

512 4232 622 4272 non
654 4218 903 4273 secessit.
938 4217 1044 4273 Sed
1077 4229 1132 4275 et
1167 4218 1317 4275 Felix
1356 4220 1409 4274 in
1443 4220 1562 4290 ejus
1603 4220 1782 4274 locum
1816 4219 2105 4283 suffectus,

509 4308 810 4379 sedemque
835 4325 943 4363 una
976 4325 1099 4365 cum
1129 4310 1352 4366 Liberio
1382 4327 1576 4383 regens
1602 4322 1893 4382 postquam
1926 4313 2017 4368 hic
2039 4314 2108 4369 ab

510 4398 708 4454 exsilio
743 4400 928 4466 rediit,
972 4402 1379 4458 ordinationem
1439 4404 1508 4459 ab
1554 4405 1829 4461 haereticis
1872 4409 2104 4477 accepit,

508 4498 568 4545 et
595 4506 716 4545 cum
742 4492 824 4547 eis
853 4492 1024 4549 libere
1056 4496 1509 4553 communionem
1546 4499 1810 4554 servavit.
1840 4496 2107 4554 Praeterea

2136 3192 2185 3249 Α

2803 3159 3144 3214 ΕΡΩΤΗΣΙΣ
3168 3160 3247 3216 Α’.

2226 3273 2333 3327 Ἐν
2382 3274 2535 3340 ποίῳ
2604 3274 2925 3343 φαίνονται
2988 3273 3367 3341 πεπραχότες
3411 3274 3466 3326 οἱ
3528 3270 3813 3343 Ῥωμαῖοι

2819 3344 3179 3412 παραλόγως
3216 3360 3235 3411 ;

2817 3458 3216 3513 ΑΠΟΚΡΙΣΙΣ.

2298 3568 2421 3621 Ἐπὶ
2453 3567 2838 3622 Κωνσταντῑου
2861 3569 3115 3640 Λιὸέριος
3146 3567 3409 3640 όῬὼμης
3445 3570 3585 3641 μετὰ
3613 3572 3717 3641 τὴν
3747 3570 3812 3623 ἐκ

2214 3661 2315 3730 τῆς
2346 3660 2643 3730 ὑπερορίας
2675 3659 2937 3713 ἐπάνοδον
2962 3700 2978 3727 ,
3003 3662 3070 3731 τῇ
3098 3661 3156 3713 ὲν
3194 3660 3495 3731 Ἀντιοχείᾳ
3522 3660 3809 3731 ὲκτεοείσῃ

2216 3750 2398 3803 πίστει
2434 3749 2730 3821 ἐγγράφως
2765 3751 3077 3822 συνῄνεσεν.
3124 3752 3347 3823 Ἐμέρει
3379 3753 3437 3805 δὲ
3481 3756 3575 3806 καὶ
3616 3752 3811 3823 ὁμολο-

2214 3844 2343 3912 γίαν
2374 3843 2507 3914 παρ’
2536 3842 2703 3896 αὑτοῦ
2729 3846 3028 3913 ἐκομίσατο
3059 3843 3337 3908 Ιίασιλείός
3370 3862 3431 3897 τε
3455 3848 3483 3899 ὁ
3510 3846 3806 3915 Ἀγκύρας,

2216 3939 2312 3992 καὶ
2353 3936 2652 4001 Εὐστάθιος
2679 3940 2707 3991 ό
2737 3938 3073 4002 Σεϐαστείας
3092 3979 3106 4003 ,
3139 3938 3220 3991 ἔτι
3247 3955 3311 4007 γε
3347 3939 3456 4011 μὴν
3486 3941 3580 3993 καὶ
3626 3938 3810 3993 Ἐλεύο

2217 4051 2353 4097 σιος,
2391 4031 2886 4103 ἁποκηρύττουσοιν
2931 4033 3062 4094 τοὺς
3097 4030 3173 4102 μὴ
3218 4032 3361 4086 κατὰ
3409 4030 3591 4085 πάντα
3620 4031 3808 4101 ὅμοιον

2216 4127 2294 4198 τῷ
2328 4127 2507 4198 Πάτρι
2538 4128 2631 4179 τὸν
2654 4127 2783 4182 Υἰὸν
2815 4128 3079 4194 λέγοντας
3101 4169 3115 4193 ,
3161 4127 3256 4181 καὶ
3297 4127 3396 4197 τῆς
3434 4126 3722 4189 κοινωνίας
3752 4124 3809 4176 δὲ

2217 4218 2399 4273 αὐτῶν
2427 4219 2489 4271 οὐ
2517 4217 2781 4273 διΐστατο.
2828 4218 2992 4272 Ἀλλὰ
3054 4220 3148 4272 καὶ
3193 4218 3362 4289 Φῆλιξ
3401 4221 3430 4272 ὁ
3473 4219 3588 4272 ἀντ’
3638 4213 3805 4272 αὐτοῦ

2217 4310 2643 4383 χειροτονηθεὶς,
2674 4308 2903 4381 ὕστερον
2951 4309 3095 4379 μετὰ
3135 4310 3197 4364 τὸ
3245 4311 3311 4363 ὲκ
3361 4309 3462 4379 τῆς
3512 4307 3808 4380 ὑπερορίας

2217 4405 2384 4458 αὑτὸν
2413 4402 2736 4457 ἐπανελθεῖν
2782 4403 2877 4456 τὸν
2908 4402 3099 4475 θρόνον
3138 4402 3291 4473 αὺτῷ
3328 4402 3653 4467 συνδιέπων,
3703 4398 3808 4453 sui

2217 4496 2514 4569 αἱρετικῶν
2560 4495 2972 4567 ἐχειροτονήθη,
3000 4496 3097 4548 καὶ
3131 4494 3341 4559 τούτοις
3372 4494 3549 4557 ἀδεῶς
3578 4490 3805 4547 ἐκοινώ-

511 4600 636 4654 qua:
672 4587 817 4655 apud
866 4587 1257 4660 Carthaginem
1293 4591 1364 4645 ab
1392 4591 1667 4662 episcopis
1695 4593 1790 4662 qui
1820 4593 1931 4648 illic
1968 4609 2105 4648 con-

2217 4608 2315 4643 νει.
2340 4589 2485 4659 Πρὸς
2514 4582 2596 4652 οἷς
2627 4589 2725 4642 καὶ
2750 4588 2819 4642 τὰ
2850 4589 2908 4641 ὲν
2942 4587 3276 4660 Καρθαγένῃ
3297 4587 3419 4641 κατ’
3442 4586 3624 4640 αὐτῶν
3655 4583 3805 4653 παρὰ

509 4686 778 4731 venerant
816 4677 1081 4736 adversus
1115 4689 1412 4752 utrumque
1448 4692 1601 4753 gesta
1663 4682 1854 4751 fuere,
1912 4698 2107 4739 eorum

509 4765 679 4819 animi
710 4765 1107 4837 inﬁrmitatem,
1160 4772 1447 4840 malosque
1501 4772 1664 4828 simul
1717 4788 1899 4829 mores
1930 4781 1985 4827 et
2011 4773 2109 4827 d0-

510 4858 756 4913 minandi
778 4858 1062 4916 libidinem
1091 4870 1217 4933 apte
1251 4863 1607 4935 redarguunt.
1639 4863 1928 4918 Canonum
1956 4863 2102 4917 enim

511 4950 828 5005 sanc1iones
875 4951 1010 5021 ipsis
1073 4956 1487 5025 astipulantur,
1541 4966 1599 5011 ut
1655 4967 1708 5012 et
1744 4957 2104 5027 sequentibus

510 5043 852 5111 temporibus
886 5045 1044 5101 alteri
1075 5045 1242 5105 Felici
1283 5048 1535 5105 Romano
1564 5051 1843 5122 episcopo,
1878 5051 1971 5121 qui
2004 5049 2108 5105 Ze-

511 5149 657 5190 none
680 5136 983 5207 imperante
1011 5142 1250 5208 vivebat,
1286 5154 1345 5199 ut
1372 5153 1561 5215 aperte
1586 5146 1864 5217 colligitur
1900 5162 1964 5199 ex
2014 5146 2105 5199 lil-

508 5224 641 5279 teris
684 5227 754 5281 ab
801 5227 922 5298 ipso
963 5233 1028 5284 ad
1078 5233 1338 5290 Vitalium
1391 5247 1444 5291 et
1482 5236 1762 5293 Emesium
1815 5240 2107 5309 episcopos

509 5318 753 5389 scriptis,
784 5322 876 5391 qui
909 5324 1074 5379 etiam
1111 5330 1180 5381 ab
1211 5329 1330 5399 ipso
1346 5328 1886 5402 Constantinopolim
1913 5332 2110 5387 adver-

508 5424 604 5464 sus
639 5412 900 5467 Acacium
937 5416 1092 5499 missi
1142 5416 1383 5475 fuerant.
1457 5420 1515 5476 In
1552 5438 1614 5478 ea
1665 5424 1812 5477 cnim
1875 5424 2107 5494 epistola

511 5515 781 5559 canonem
828 5505 1103 5562 dicentem
1138 5508 1398 5567 Romanae
1458 5509 1611 5570 urbis
1669 5515 1993 5587 episcopum
2052 5516 2107 5571 in

510 5609 841 5669 unaquaque
872 5601 1083 5672 synodo
1113 5619 1425 5674 Supremam
1458 5608 1820 5662 conlirmamli
1867 5618 2109 5679 potestas

576 5752 653 5836 (Ι)
692 5753 929 5836 llonoris
982 5776 1180 5836 nomen
1239 5772 1296 5817 et
1349 5762 1668 5832 dignitatis.
1714 5781 1827 5836 non,
1878 5766 2101 5836 pietatis

505 5831 664 5891 putes
694 5825 798 5883 hoc
823 5844 989 5897 penes
1008 5830 1250 5901 Graecos,
1279 5852 1307 5888 a
1332 5825 1535 5904 quibus
1563 5839 1629 5892 aal
1661 5825 1766 5893 nos
1798 5825 2091 5906 dei-iram,

2216 4682 2325 4736 τῶν
2348 4683 2464 4735 ἐκεῖ
2488 4680 2931 4752 συνεληλυθότων
2960 4680 3299 4751 πραχθέντα,
3326 4678 3529 4742 ἱκανῶς
3560 4678 3620 4730 τὸ
3645 4674 3803 4730 ἀσθεο

2216 4775 2305 4837 νὲς
2334 4774 2517 4827 αὐτῶν
2539 4815 2553 4839 ,
2586 4774 2684 4826 καὶ
2723 4773 3069 4843 κακότροπον
3103 4771 3221 4842 ἅμα
3266 4771 3361 4825 καὶ
3395 4769 3660 4841 φίλαρχον
3701 4768 3805 4820 ἁπ-

2215 4867 2452 4936 ελέγχει.
2486 4865 2826 4937 Πράττονται
2866 4866 2976 4937 γὰρ
3004 4865 3189 4928 αὐτοῖς
3214 4866 3310 4919 καὶ
3347 4862 3593 4924 κανόνες,
3620 4859 3805 4927 ὥσπερ

2216 4960 2315 5016 καὶ
2351 4958 2581 5031 ὕστερον
2610 4959 2689 5031 τῷ
2722 4959 2895 5031 ἑτέρῳ
2925 4957 3121 5029 Φήλικι
3153 4956 3231 5026 τῷ
3260 4955 3502 5026 Ῥώμης,
3532 4952 3592 5015 ὃς
3618 4947 3687 5023 ἦν
3715 4950 3805 5003 ἐπὶ

2216 5055 2489 5122 Ζήνωνος,
2515 5051 2699 5116 καθὼς
2723 5051 2980 5125 δηλοῦται
3009 5050 3099 5105 διὰ
3129 5049 3239 5103 τῶν
3264 5047 3399 5122 πρὸς
3429 5045 3696 5109 Βιτάλιον,
3716 5043 3804 5096 καὶ

2230 5145 2484 5215 Ἐμέσιον
2513 5145 2638 5210 τοὺς
2676 5146 3017 5208 ἐπισκόπους
3056 5142 3383 5216 γραφέντων
3413 5139 3583 5193 αὑτοῦ
3629 5152 3804 5207 γραμ-

2218 5239 2430 5311 μάτων,
2473 5238 2523 5293 οἳ
2570 5241 2667 5293 καὶ
2722 5238 2852 5311 παρ’
2904 5237 3073 5292 αὑτοῦ
3134 5240 3193 5291 ἐν
3235 5229 3801 5291 Κωνσταντινουπόλει

2218 5330 2358 5402 πρὸς
2400 5332 2658 5386 ’Λκάκιον
2685 5331 3080 5402 ἀπεστάλησαν
3100 5346 3116 5362 ο
3149 5326 3385 5390 ἀναιδῶς
3417 5327 3525 5395 γὰρ
3557 5325 3675 5376 ἐκεῖ
3717 5322 3803 5374 τὸν

2217 5425 2425 5479 κανόνα
2466 5425 2560 5479 τὸν
2592 5424 2826 5494 λέγοντα
2863 5424 2955 5478 τὸν
2992 5423 3217 5494 Ῥώμης
3256 5420 3558 5476 ἐπίσκοπον
3590 5419 3647 5470 ἐν
3683 5413 3803 5469 ἑκά-

2219 5533 2322 5591 στῃ
2354 5517 2560 5589 συνόδῳ
2588 5518 2650 5571 τὸ
2688 5517 2856 5589 κῦρος
2898 5517 3071 5588 ἔχειν,
3102 5516 3205 5587 τῆς
3262 5515 3319 5567 ὲν
3350 5511 3558 5583 Νικαίᾳ
3590 5508 3800 5563 συνόδου

2219 5608 2364 5665 εἶναι
2407 5613 2797 5682 ἀποφαίνεται.
2843 5612 3007 5666 Ἀλλὰ
3065 5612 3160 5664 καὶ
3211 5606 3468 5679 Ὀνώριος
3509 5608 3538 5659 ὁ
3590 5601 3802 5673 Ῥώμης

2208 5784 2384 5894 eqque
2405 5769 2570 5825 etiam
2599 5784 2748 5826 nunc
2775 5768 3175 5842 compellamus
3200 5766 3464 5823 Romante
3487 5763 3638 5819 urbis
3658 5762 3800 5831 ’ροη-

2208 5848 2245 5894 ιι
2272 5843 2436 5894 icem.

2207 5843 2436 5897 tilicem.
