4142 6434
360 328 501 394 Ῑὲἳέι

1548 324 2186 387 INTERROGATION
2198 326 2282 387 ES
2320 327 2497 389 Ι-ΙΙῘ.

3531 332 3669 401 1222

354 450 453 521 τὴν
482 447 589 502 τῶν
613 446 1009 519 Μονοθελητῶν
1038 445 1434 516 ἀσπασάμενος
1459 445 1696 516 αἳρεσιν,
1720 446 1819 515 τῆς
1845 445 1934 497 τῶε

2064 453 2169 499 tem
2201 445 2424 510 habere,
2457 444 2692 499 Nic-zenae
2718 447 2916 518 synodi
2941 463 3064 503 esse
3092 449 3441 519 impudenter
3470 454 3661 509 decla-

353 540 659 613 άρχιερέων
689 544 858 612 τιμῆς
878 580 893 606 ,
921 540 1017 594 καί
1041 542 1141 609 τῆς
1171 536 1283 591 τῶν
1313 539 1523 591 πιστῶν
1556 539 1951 609 άποϐέϐληται.

367 636 532 689 Ἀλλὰ
582 634 677 689 καὶ⁹
704 637 737 705 ἡ
774 637 832 688 ὲν
858 635 1101 705 Σαρδικῇ
1152 634 1374 699 σύνοδος
1403 620 1590 689 Ὅσιον
1620 634 1823 707 ἔχουσα
1860 634 1956 687 τὸν

354 728 521 782 τόπον
572 727 839 799 ἐπέχοντα
884 725 1106 799 Ῥώμης
1135 768 1149 794 ,
1191 726 1284 781 τὸν
1336 726 1615 798 αἱρετικὸν
1662 726 1954 781 ἐδικαίωσε

355 819 703 891 Μάρκελλον.

918 1044 1258 1097 ΕΡΩΤΗΣΙΣ
1315 1043 1390 1098 B'.

356 1158 600 1223 Πόσους
650 1158 747 1211 καὶ
805 1157 1021 1224 ποίους
1075 1160 1189 1211 οὐκ
1243 1156 1531 1220 ἐδέξαντο
1577 1159 1634 1210 οἱ
1686 1156 1955 1224 Ῥωμαῖοι

428 1228 615 1297 ὀρθῶς
643 1227 1017 1298 πατριάρχας
1041 1244 1056 1258 ’
1091 1228 1276 1281 οὐδὲν
1305 1227 1374 1280 δὲ
1412 1228 1451 1296 ὴ
1506 1228 1955 1296 ἀπερίσκεπτος

427 1299 628 1353 αὐτῶν
650 1298 923 1369 ἔϐλαψεν
950 1298 1177 1365 αὐτοὺς
1215 1298 1574 1368 ἀποστροφή
1609 1315 1626 1362 ;

922 1430 1321 1488 ΑΠΟΚΡΙΣῙΣ.

422 1545 724 1600 Φλαυιανδν
778 1546 873 1599 τὸν
912 1545 1246 1615 Ἀντιοχείας
1307 1547 1459 1616 τρεῖς
1518 1546 1605 1615 ἐφ’
1664 1546 1792 1617 ἑξῆς
1852 1547 1953 1620 τῆς

363 1636 586 1708 Ῥώμης
634 1638 736 1691 οὐκ
778 1636 1050 1702 ἐδέξαντο,
1085 1636 1201 1690 ἀλλ’
1258 1637 1381 1691 οὐδὲ
1430 1637 1783 1709 Ἀλέξανδρος
1820 1640 1952 1694 Θεό-

350 1729 508 1798 φιλος
538 1729 658 1783 κατ’
688 1730 897 1801 ἀρχάς⁶
955 1728 1184 1799 ὕστερον
1210 1729 1269 1784 δὲ
1302 1729 1485 1784 αὐτῶν
1517 1733 1545 1784 ὁ
1572 1732 1757 1803 τρίτος
1795 1733 1950 1803 μόλις

2062 548 2237 592 ratur.
2286 538 2392 595 Sed
2418 550 2472 593 et
2506 537 2783 595 Honorius
2837 556 2977 611 papa
3010 540 3491 599 Monothelitarum
3540 564 3662 601 am-

2062 627 2258 697 plexus
2294 629 2547 684 haeresim
2584 645 2613 684 a
2667 629 2945 701 pontiﬁcia
3002 632 3267 703 dignitate
3317 643 3373 689 et
3419 636 3659 693 ﬁdelium

2060 720 2455 775 communione
2487 720 2735 787 dejectus
2767 720 2889 775 fuit.
2930 721 3276 779 Sardicensis
3306 740 3530 795 quoque
3565 744 3659 799 sy-

2061 812 2241 866 nodus
2272 811 2499 866 Hosium
2532 813 2711 868 locum
2741 811 2979 868 Romani
3017 814 3263 885 episcopi
3316 816 3659 873 obtinentem

2062 902 2293 970 habens,
2314 905 2633 960 haereticum
2668 906 2908 961 absolvit
2932 906 3248 962 Marcellum
3281 906 3660 980 Aucyranum.

2522 1038 3047 1096 INTERROGATIO
3100 1039 3165 1095 Il.

2064 1149 2208 1215 Quot
2231 1166 2420 1217 quosve
2454 1150 2719 1220 legitimos
2773 1154 3111 1221 patriarchas
3136 1151 3365 1208 Romani
3393 1171 3496 1208 non
3519 1172 3661 1208 rece-

2056 1294 2087 1341 ῖ
2129 1222 2322 1303 perint,
2352 1222 2587 1293 nihilque
2624 1223 2752 1292 ipsis
2783 1225 3018 1278 nocuerit
3048 1240 3231 1278 eorum
3256 1226 3657 1281 inconsiderata

2070 1321 2087 1345 4
2128 1302 2366 1345 reiectio.

2060 1309 2095 1359 τε
2128 1309 2366 1361 rejecuo.

2618 1422 3023 1481 RESPONSIO.

2126 1535 2445 1593 Flavianum
2477 1539 2881 1595 Autiochenum
2911 1551 3022 1597 tres
3051 1542 3154 1597 sibi
3210 1543 3404 1599 ordine
3458 1559 3649 1599 suere-

2053 1630 2249 1687 dentes
2283 1633 2548 1687 Romanae
2577 1633 2724 1688 sedis
2778 1634 3025 1703 episeOpi
3087 1636 3140 1689 in
3203 1638 3650 1691 communionem

2056 1738 2163 1777 nou
2198 1732 2546 1793 receperunt,
2581 1741 2737 1796 aeque
2772 1741 2837 1781 ac
2865 1726 3024 1780 initio
3050 1727 3455 1783 Alexandrinus
3471 1728 3651 1781 Theo-

348 1821 592 1889 ἐδέξατο,
626 1822 722 1877 καὶ
757 1825 786 1877 ὁ
821 1822 1201 1893 Ἀλέξανδρος.
1238 1814 1410 1886 Οὗτος
1445 1823 1504 1876 δέ
1530 1825 1681 1877 ἐστιν
1705 1827 1734 1878 ὁ
1762 1843 1934 1896 χειρο-

2053 1814 2278 1884 philus;
2307 1815 2505 1870 deinde
2538 1831 2668 1870 vero
2704 1817 2924 1870 illorum
2966 1818 3180 1881 tertius,
3213 1825 3268 1872 et
3313 1817 3652 1888 Theophilus

344 1914 585 1985 τονήσας
614 1914 707 1967 τὸν
762 1915 822 1967 ὲν
862 1914 1043 1982 ἁγίοις
1077 1914 1171 1967 καὶ
1216 1915 1570 1987 ἀρχιερεῦσιν
1609 1916 1945 1988 ἀσύγκριτον

347 2005 491 2058 θεῖον
546 2004 959 2076 Χρυσόστομον,
1009 2005 1407 2077 πρεσϐύτερον.
1462 2010 1577 2062 Οὐκ
1632 2009 1853 2073 ἐδέξατο
1888 2011 1947 2065 δὲ

343 2093 643 2165 Φραυίταν,
676 2095 799 2148 οὐδὲ
824 2096 917 2149 τὸν
956 2098 1014 2148 ὲν
1046 2095 1223 2163 ἁγίοις
1261 2096 1571 2167 Εύφήμιον,
1603 2099 1725 2152 οὐδὲ
1760 2101 1947 2153 Μακε-

342 2187 537 2252 δόνιον,
571 2186 707 2240 διότι
734 2186 825 2240 τὸν
865 2187 1121 2241 Ἀκάκιον
1172 2182 1318 2241 οὗτοι
1371 2190 1482 2242 τῶν
1531 2188 1807 2261 διπτύχων
1844 2193 1945 2246 οὐκ

341 2279 656 2347 ἐξέϐαλλον.
701 2279 844 2332 Ἀλλ’
870 2280 993 2335 οὐδὲ
1036 2280 1129 2334 τὸν
1156 2284 1223 2353 τῇ
1263 2281 1396 2353 ἁγίᾳ
1429 2282 1624 2353 Τριάδι
1656 2284 1944 2355 ἀγαπητὸν

341 2375 606 2445 πανίερον
639 2374 1055 2444 Χρυσόστομον,
1096 2377 1220 2428 κατ’
1272 2376 1448 2446 ἀρχάς
1504 2376 1781 2441 ἐδέξαντο,
1835 2379 1938 2444 ὅτι,

342 2468 534 2537 φασιν,
562 2468 673 2521 ἀπὸ
714 2467 1048 2537 Ἀντιοχείας
1079 2468 1243 2523 αὐτὸν
1272 2469 1377 2522 οὐκ
1408 2468 1516 2522 ἔδει
1547 2471 1629 2534 εἰς
1651 2473 1943 2524 Κωνσταν-

341 2563 655 2617 τινούπολιν
698 2563 1189 2634 χειροτονηθῆναν
1247 2562 1477 2635 ὕστερον
1510 2564 1569 2618 δὲ
1616 2566 1711 2618 καὶ
1766 2567 1940 2637 ὑπερ-

342 2658 606 2728 ήσπισαν.
642 2658 757 2711 Οὐκ
787 2652 905 2710 οἶδα
946 2656 1005 2710 δὲ
1052 2659 1101 2710 εἰ
1160 2656 1256 2711 καὶ
1279 2657 1541 2711 Μελέτιον
1567 2657 1817 2723 ἐδέξαντο
1850 2659 1940 2714 τὸν

355 2748 725 2818 Ἀντιοχείας’
781 2749 996 2821 μήποτε
1045 2749 1155 2821 γὰρ
1212 2751 1424 2803 ἐκεῖνον
1484 2750 1940 2823 ἀποστρέφωνται

343 2840 434 2894 διὰ
469 2841 735 2894 Παυλῖνον
765 2842 857 2895 τὸν
902 2842 1008 2895 ὑπὸ
1037 2842 1147 2895 τῶν
1181 2842 1416 2897 δυτικῶν
1454 2846 1935 2915 χειροτονηθέντα·

343 2932 441 2987 καὶ
475 2933 582 3004 γὰρ
620 2933 716 2987 καὶ
746 2933 1041 3006 ἐπιστολὴν
1074 2931 1195 2989 οἶδα
1221 2935 1317 2988 τοῦ
1359 2937 1596 3005 μεγάλου
1644 2939 1935 2994 Βασιλείου

342 3025 484 3097 πρὸς
537 3024 825 3096 Τερέντιον
873 3026 1112 3097 κύμητα,
1147 3022 1266 3099 ὲνῇ
1324 3027 1603 3081 διαϐάλλει
1634 3032 1761 3094 τοὺς
1790 3032 1937 3085 δυτι-

339 3117 471 3181 κους
518 3118 609 3172 διά
638 3116 737 3189 τὴν
787 3118 931 3172 κατὰ
974 3119 1251 3173 Μελετίου
1300 3121 1674 3192 ἀποστροφὴν,
1722 3124 1799 3187 ὡς
1839 3126 1937 3196 οὺχ

338 3208 510 3278 ὑγιῶς
537 3208 817 3280 κρίνοντες
847 3208 916 3261 τὰ
952 3209 1448 3279 πράγματα.⁹1σως
1473 3209 1531 3263 δὲ
1558 3210 1723 3264 αὑτὸν
1759 3212 1849 3264 διά
1875 3213 1937 3265 τὸ

340 3305 400 3356 ὲν
460 3306 527 3373 τῇ
582 3303 815 3376 δευτέρᾳ
866 3302 1207 3375 καθεσθῆναι
1255 3305 1462 3377 συνόδῳ
1509 3306 1609 3359 ούκ
1659 3305 1937 3375 ἀποστρέ-

341 3412 557 3464 φονται.

905 3713 1246 3768 ΕΡΩΤΗΣΙΣ
1298 3712 1374 3768 Γ’.

333 3832 535 3887 Ποίων
592 3828 1006 3898 ἐκϐληθέντων
1046 3827 1430 3898 πατριαρχῶν
1456 3867 1469 3889 ,
1509 3824 1587 3893 τῇ
1624 3824 1746 3898 τῶν
1788 3844 1934 3896 κρα-

408 3903 675 3957 τούντων
706 3895 858 3967 πρὸς
910 3900 1134 3966 αὐτοὺς
1162 3895 1461 3967 ’ἀπεχθείᾳ
1505 3895 1843 3963 ,ϐασιλέωνμ
1880 3900 1934 3952 οι

403 3974 532 4044 μετ’
562 3973 785 4039 αὐτοὺς
815 3970 1126 4041 ὀρθόδοξοι
1158 3970 1331 4034 ὄντες
1368 3968 1773 4047 ἀποδέχονται
1806 3985 1827 4034 ;

908 4104 1308 4159 ΑΠΟΚΡΙΣΙΣ.

417 4239 773 4297 Ἀναστασίου
816 4237 1179 4310 ἐκϐληθέντος
1206 4236 1300 4291 τοῦ
1336 4234 1686 4308 θαυμαστοῦ,
1715 4236 1742 4289 ὁ
1782 4232 1927 4287 Θαυ-

331 4335 648 4407 ματουργὸς
697 4334 1001 4404 Γρηγόριος
1056 4331 1366 4403 ἐκράτησεν
1426 4330 1525 4401 τὴν
1596 4326 1930 4398 Ἀντιοχείας

341 4427 683 4497 Ἐκκλησίαν
721 4425 817 4496 ἔτη
851 4423 950 4479 κδ’.
981 4425 1093 4478 Καὶ
1140 4421 1414 4493 ἀπεδέχθη
1437 4464 1450 4487 ,
1499 4421 1596 4475 καὶ
1650 4421 1793 4490 μετὰ
1828 4418 1927 4488 τὴν

2050 1907 2141 1959 vix
2178 1906 2684 1976 suseeperunt.Hic
2716 1908 2806 1962 ille
2839 1907 3133 1963 Flavianus
3154 1916 3241 1963 est
3272 1909 3363 1978 qui
3391 1920 3643 1964 sanctum

2052 1998 2524 2068 archiepiscopum
2552 1998 3044 2067 incomparabilem
3061 2006 3114 2055 et
3137 1998 3383 2053 divinum
3409 1999 3654 2070 Chryso-

2049 2099 2291 2145 stomum
2348 2090 2622 2143 ordinavit
2656 2090 3058 2161 presbyterum.
3115 2090 3385 2146 Praeterea
3416 2089 3655 2145 Romani

2046 2182 2338 2253 pontiﬁces
2366 2198 2468 2237 nec
2501 2181 2778 2237 Fravitam
2817 2198 3096 2252 recepere,
3136 2199 3236 2237 nec
3258 2192 3509 2239 sanetum
3542 2182 3654 2236 Eu-

2047 2274 2358 2345 phemium,
2396 2290 2499 2330 nec
2544 2274 2927 2330 Macedonium
2954 2291 3020 2330 eo
3048 2276 3177 2344 quia
3212 2276 3475 2329 Acacium
3505 2291 3536 2328 e
3569 2276 3652 2327 di-

2049 2366 2268 2438 ptychis
2325 2383 2433 2423 non
2485 2367 2769 2436 ejecerint.
2810 2366 2916 2422 Sed
2968 2384 3070 2422 nec
3130 2376 3339 2423 sancta:
3391 2367 3651 2421 Trinita'i

2045 2458 2311 2522 charum,
2371 2459 2635 2529 omnique
2700 2458 3028 2515 sacerdotali
3082 2459 3287 2515 virtute
3343 2459 3646 2527 praeditum

2043 2549 2502 2621 Chrysostomum
2550 2550 2706 2606 initio
2729 2552 2945 2621 quidem
2983 2559 3368 2620 susceperunt,
3398 2551 3650 2606 dicentes

2044 2642 2199 2697 illum
2252 2641 2597 2698 Antiochena
2657 2644 2884 2709 relicta,
2936 2659 3047 2698 non
3101 2643 3360 2698 debuisse
3398 2643 3465 2697 ad
3502 2642 3651 2698 Cone

2046 2735 2597 2806 stantiuopolitanam
2629 2738 2815 2793 sedem
2852 2737 3163 2807 promoveri
3193 2753 3209 2803 ;
3269 2736 3468 2791 deinde
3514 2751 3648 2790 vero

2041 2824 2163 2893 ejus
2193 2842 2415 2895 quoque
2482 2828 2709 2881 tutelam
2761 2843 2999 2899 gessere.
3060 2827 3257 2883 Nescio
3299 2842 3435 2881 vero
3484 2842 3552 2880 an
3592 2836 3654 2881 ct

2041 2914 2316 2971 Meletium
2345 2918 2752 2973 Autiochenum
2786 2920 3021 2975 aversati
3052 2920 3158 2975 sint
3185 2937 3198 2973 :
3237 2919 3352 2974 ﬁeri
3374 2919 3519 2975 enim
3550 2934 3649 2988 po-
3683 2988 3694 2997 .

2044 3010 2151 3064 tuit
2178 3018 2237 3064 ut
2275 3011 2428 3064 illum
2484 3026 2592 3065 non
2641 3012 2949 3080 receperint
2986 3010 3201 3065 Paulini
3251 3026 3382 3079 ergo
3408 3052 3423 3076 ,
3476 3026 3643 3080 quem

2043 3101 2426 3156 Occidentales
2458 3100 2806 3155 ordinarunt.
2852 3099 2988 3154 Nam
3026 3108 3083 3155 et
3124 3099 3414 3169 epistolam
3456 3099 3647 3170 magni

2054 3192 2244 3248 Basilii
2276 3209 2397 3247 esse
2418 3193 2542 3248 novi
2564 3193 2631 3247 ad
2661 3193 2979 3247 Terentium
3011 3194 3292 3259 comitem,
3327 3193 3381 3247 in
3412 3207 3521 3261 qua
3573 3194 3645 3248 ob

2039 3298 2292 3338 aversum
2328 3299 2356 3335 a
2392 3281 2610 3338 Meletio
2640 3284 2891 3338 animum
2928 3282 3310 3339 Occidentales
3339 3282 3643 3351 exagitant,

2038 3378 2121 3433 vel
2152 3393 2217 3433 ac
2240 3376 2307 3432 de
2338 3378 2506 3432 rebus
2534 3376 2718 3432 minus
2741 3385 2888 3431 recte
2914 3376 3249 3447 judicareut.
3272 3374 3474 3430 Verum
3500 3374 3642 3430 forte

2036 3469 2349 3533 Meletium,
2387 3470 2533 3540 quod
2570 3470 2624 3524 in
2655 3470 2893 3525 secunda
2935 3470 3248 3526 consederit
3281 3469 3514 3540 synodo,
3542 3484 3643 3524 sua

2040 3562 2291 3632 ipsorum
2327 3560 2717 3616 communione
2746 3575 2859 3614 non
2883 3569 3225 3616 censuerunt
3258 3558 3568 3631 indignum.

2495 3716 3021 3773 INTERROGATIO
3070 3716 3162 3773 Ill.

2038 3832 2271 3901 Quinam
2304 3832 2631 3903 patriarcha:
2660 3834 3045 3905 imperatorum
3072 3834 3195 3886 odio
3220 3851 3252 3887 α
3278 3851 3378 3889 sua
3403 3836 3641 3905 ipsorum

2105 3906 2226 3959 sede
2272 3905 2563 3979 deturbati,
2601 3905 2792 3958 deinde
2843 3903 2909 3959 ab
2947 3903 3278 3960 Orthodoxis
3306 3903 3641 3979 priucipibu:

2107 3979 2299 4045 recepti
2324 3984 2448 4030 sunt
2464 3976 2489 4028 ?

2632 4105 3041 4163 RESPONSIO.

2102 4242 2429 4299 Admirabili
2455 4242 2748 4298 Anastasio
2780 4242 2957 4313 ejecto
3006 4241 3455 4312 Thaumaturgus
3494 4240 3636 4297 Gse-

2033 4337 2224 4405 gorius
2269 4335 2669 4389 Antiochenam
2709 4333 3012 4388 Ecclesium
3047 4332 3120 4387 24
3173 4332 3334 4386 annis
3389 4332 3637 4387 obtinu’t

2033 4425 2292 4479 omnibus
2328 4435 2611 4496 acceptus,
2674 4438 2867 4477 verum
2903 4431 3028 4491 post
3073 4422 3196 4490 ejus
3233 4422 3299 4474 ad
3336 4421 3633 4475 Dominum

323 4517 498 4575 αὐτοῦ
535 4519 669 4589 πρὸς
700 4516 906 4587 Κύριον
937 4516 1275 4585 μετάστασιν
1306 4511 1465 4576 αὖθις
1490 4511 1745 4581 εἰσῆλθεν
1760 4510 1923 4562 Ἀνα-

2041 4516 2444 4587 migrationem,
2481 4514 2682 4568 iterum
2706 4512 3055 4567 Antiochiam
3090 4527 3347 4567 reversus
3373 4520 3459 4566 est
3482 4512 3634 4564 Ana—

321 4610 573 4672 στάσιος.
630 4607 778 4660 Ἀντὶ
836 4604 931 4659 τοῦ
999 4605 1248 4675 σωτῆρος
1307 4602 1403 4656 τοῦ
1467 4602 1675 4671 κόσμου
1736 4602 1923 4670 τιμίου

319 4702 723 4774 Χρυσοστόμου
748 4703 776 4754 ὁ
815 4698 1130 4771 Ἀρσάκιος,
1162 4697 1191 4749 ὁ
1220 4696 1487 4761 Ἀττικὸς,
1520 4696 1614 4749 καί
1645 4712 1726 4748 τοι
1756 4695 1926 4765 ἄμφω

319 4798 409 4860 εἰς
435 4796 534 4867 τὴν
569 4794 735 4847 αὐτοῦ
786 4792 1110 4864 καθαίρεσιν
1140 4790 1467 4860 εὐδόκησαν,
1498 4789 1593 4843 καὶ
1629 4788 1743 4841 τῶν
1772 4786 1924 4857 αὐτῷ

317 4882 854 4947 ἐπιϐουλευσάντων,
913 4877 1055 4953 ἦσαν
1111 4882 1388 4951 ἑκάτεροι.
1456 4878 1608 4932 Ἀντὶ
1658 4879 1923 4949 Εὑτυχίου

317 4975 958 5038 Κωνσταντινουπόλεως
1005 4973 1267 5045 Ἰωάννης
1307 4972 1583 5043 ἀπεδέχθη
1609 5012 1624 5036 ,
1655 4971 1752 5025 xui.
1787 4970 1924 5041 μετά

319 5069 600 5134 θάνατον,
664 5067 930 5138 Εύτύχιος
1005 5065 1189 5120 πάλιν.
1268 5064 1416 5118 Ἀντὶ
1456 5064 1613 5117 Ἠλία
1690 5065 1921 5135 Ἱεροσο-

312 5162 511 5231 λύμων
552 5161 829 5233 Ἰωάννης,
864 5161 1044 5214 καίτοι
1102 5159 1167 5212 δι’
1203 5157 1488 5211 εὐσέϐειαν
1534 5155 1705 5210 Ἠλία
1753 5155 1916 5226 διωχ-

320 5255 533 5317 θέντος.
574 5253 689 5307 υύκ
751 5249 867 5307 οἶδα
914 5255 963 5306 εἰ
1018 5252 1099 5305 δεῖ
1147 5252 1507 5323 καταριθμεῖν
1586 5252 1645 5303 ὲν
1709 5250 1924 5315 τούτοις

316 5348 421 5404 καὶ
448 5348 539 5401 τὸν
569 5348 708 5417 μετὰ
737 5345 1067 5400 Καλλίνικον
1088 5345 1182 5399 τὸν
1213 5346 1367 5418 παρά
1406 5345 1790 5400 ’1ουστινιανοῦ
1824 5344 1920 5398 τοῦ

314 5442 500 5498 κακοῦ
532 5441 907 5513 τυφλωθέντα,
960 5443 1048 5495 ὅτε
1100 5441 1197 5494 καὶ
1242 5440 1302 5493 τὸ
1333 5438 1586 5510 δεύτερον
1619 5440 1719 5509 τῆς
1764 5438 1921 5510 βασι-

312 5538 472 5601 λείας
504 5538 810 5611 ἐκράτησεν
834 5581 849 5605 ,
887 5535 1264 5609 προϐληθέντα
1296 5535 1482 5605 Κῦρον
1513 5534 1605 5587 τὸν
1644 5533 1703 5600 ἐξ
1745 5534 1920 5603 Ἀμά-

316 5633 558 5706 στριδος,
593 5632 651 5697 ὃς
682 5634 777 5687 καὶ
810 5631 1125 5701 ἕγκλειστος
1153 5628 1230 5682 ὣν
1260 5630 1378 5681 ἐκεῖ
1406 5670 1420 5694 ,
1450 5628 1712 5697 προεῖπεν
1748 5625 1916 5696 αὐτῷ,

314 5727 397 5789 ὡς
454 5726 618 5779 πάλιν
676 5725 756 5789 εἰς
811 5724 911 5796 τὴν
965 5723 1175 5778 οἰκείαν
1223 5721 1402 5792 ἀρχὴν
1457 5717 1915 5788 ἐπανελεύσηται.

328 5820 699 5891 Ἐκϐέϐληται
744 5819 801 5875 δὲ
852 5818 948 5875 καὶ
979 5816 1132 5889 παρά
1178 5812 1528 5885 Βελλισαρίου
1579 5811 1656 5876 ὡς
1690 5810 1911 5866 ἐπιϐου-

2031 4608 2258 4661 stasius.
2294 4605 2441 4661 Loco
2461 4604 2781 4669 venerandi,
2812 4618 2876 4658 ac
2909 4603 3097 4656 mundi
3135 4601 3370 4657 salutem
3400 4616 3632 4669 Operati-

2032 4698 2101 4753 tis
2126 4695 2530 4768 Chrysostomi,
2561 4695 2821 4750 Arsaeius
2861 4702 2911 4747 et
2944 4693 3157 4748 Atticus
3175 4693 3414 4761 suscepti
3448 4692 3624 4757 fuere,

2029 4787 2283 4859 quamvis
2322 4788 2486 4841 ambo
2526 4784 2647 4855 ejus
2679 4783 3082 4854 depositionem
3130 4782 3485 4855 prohaveriut
3510 4824 3525 4849 ,
3576 4793 3633 4838 ct

2028 4892 2095 4931 ex
2132 4876 2306 4946 ipsius
2336 4873 2685 4928 inimicorum
2714 4886 2946 4926 numero
2969 4879 3176 4926 essent.
3217 4868 3323 4924 Pro
3365 4869 3633 4941 Eutychio

2028 4966 2643 5036 Constantinopolitano
2686 4962 2807 5034 pari
2858 4963 3024 5018 modo
3058 4962 3300 5018 Joannes
3334 4972 3631 5032 susceptus

2028 5066 2134 5122 est,
2163 5063 2358 5126 etpost
2388 5053 2511 5124 ejus
2534 5051 2742 5107 obitum
2771 5067 2967 5106 rursus
2996 5050 3319 5122 Eutycbius.
3348 5050 3452 5105 Pro
3475 5048 3627 5105 Helia

2028 5150 2529 5224 Hierosolymitano
2559 5148 2800 5204 Joannes
2830 5188 2846 5213 ,
2910 5146 3166 5218 quamvis
3219 5147 3444 5217 pietatis
3496 5163 3627 5219 ergo

2028 5247 2179 5302 Eli-as
2201 5243 2642 5316 persecutionem
2670 5240 2949 5295 toleraret.
2983 5238 3180 5295 Nescio
3203 5253 3269 5292 an
3288 5246 3543 5309 oporteat
3571 5250 3628 5295 et

2027 5340 2115 5396 his
2142 5336 2423 5395 accenseri
2446 5335 2650 5406 Cyrum
2679 5334 2749 5389 ab
2776 5332 3114 5395 Amastride,
3142 5330 3235 5402 qui
3258 5330 3630 5402 postCalliui-

2026 5448 2151 5488 cum
2183 5446 2212 5485 a
2242 5428 2561 5485 Iustiniano
2597 5427 2742 5481 malo
2766 5467 2781 5493 ,
2846 5440 2973 5481 eum
3029 5422 3276 5479 secundo
3331 5419 3624 5492 imperium

2026 5524 2253 5595 recepit,
2278 5530 2611 5586 excatcatus,
2658 5519 2713 5573 in
2760 5516 3134 5588 patriarcham
3166 5513 3627 5581 Constantinopo-

2025 5620 2258 5674 litauum
2293 5623 2377 5670 est
2417 5613 2647 5677 electus,
2680 5626 2746 5665 eo
2778 5608 2945 5680 quod,
2978 5608 3107 5661 dum
3146 5605 3237 5659 illa
3272 5603 3410 5659 urbe
3447 5603 3623 5673 poeni-

2027 5709 2209 5767 tentia:
2243 5721 2411 5765 causa
2442 5704 2695 5760 inclusus
2714 5696 3293 5772 dcgerct,.lustiuiano
3324 5693 3412 5771 sui
3446 5692 3625 5763 ipsius

2027 5800 2245 5877 imperii
2302 5795 2778 5871 recuperationem
2816 5788 3184 5865 przedixissst.
3222 5786 3495 5859 Expulsus
3540 5792 3629 5842 est
