4142 6454
347 361 484 429 1225

1454 361 2188 427 INTERROGATIONES
2225 364 2326 440 VI,
2369 366 2502 428 VII.

3500 370 3647 445 1226

344 477 447 532 καὶ
474 472 826 547 ἀπροσώπως
856 474 954 532 καὶ
1002 474 1147 550 μετὰ
1173 473 1272 532 τοῦ
1339 478 1713 549 προσήκοντος
1743 477 1938 550 ἐκείνῳ

2062 494 2252 544 .amen,
2288 494 2389 533 nec
2414 479 2621 534 directe
2650 478 2718 533 ad
2755 479 2876 549 ejus
2907 494 3226 551 personam,
3263 481 3375 538 imo
3409 498 3472 537 ea
3520 498 3644 553 quat

342 573 441 626 καὶ
473 571 827 643 φρονήματος
866 573 965 625 καὶ
1012 572 1196 641 λόγου,
1238 569 1334 624 καὶ
1365 571 1647 643 σχήματος
1667 611 1682 636 ,
1712 572 1809 625 καὶ
1837 571 1946 625 Κύ-

349 663 527 737 ριλλος
571 666 717 719 κατὰ
764 664 984 729 τούτου,
1029 666 1125 718 καὶ
1178 663 1449 737 Κύριλλος
1491 664 1587 717 καὶ
1613 665 1947 737 Θεοδώριτος

344 756 473 812 κατ’
524 756 797 828 ἀλλήλων.
841 757 981 812 Φασὶ
1032 758 1091 811 δὲ
1139 758 1223 811 ὅτι
1275 760 1335 812 ἐν
1364 758 1443 829 τῷ
1492 757 1672 829 καιρῷ
1705 758 1804 829 τῆς
1834 760 1944 812 ἀπ·-

347 848 567 920 εχοείας
605 848 905 921 διαρρήδην
940 850 1071 903 ἐϐόα
1098 848 1368 922 Κύριλλος
1392 866 1407 881 ο
1448 850 1707 923 Ἰωάννη-
1747 851 1806 905 ἐν
1840 867 1947 904 πα-

346 944 663 1016 τριάρχαις,
694 944 791 1000 καὶ
825 944 1033 1009 Ἰούδας
1066 946 1127 999 ἐν
1162 944 1512 1010 ἀποστόλοις.

838 1049 847 1055 ’
885 1083 1227 1137 ΕΡΩΤΗΣΙΣ
1265 1085 1358 1152 (τ’.

352 1216 539 1270 Πόσοι
567 1216 1010 1286 οὶκουμενικαῖς
1044 1217 1336 1284 συνόδοις
1380 1218 1714 1273 ὑπακούειν
1760 1217 1950 1274 ἀπέσ-

576 1303 796 1355 τησαν,
833 1288 970 1344 ἀλλ’
1002 1289 1187 1344 οὐδὲν
1211 1289 1400 1357 αὑτὰς
1429 1289 1733 1359 emanat»,-
1779 1349 1799 1355 _

940 1406 1341 1463 ΑΠΟΚΡΙΣΙΣ.

418 1538 664 1606 Nouato;
717 1539 748 1594 6
805 1539 1027 1612 Ῥώμης
1075 1538 1183 1594 ὑπὸ
1235 1540 1555 1596 ἐπισκόπων
1613 1539 1947 1614 καθῄρηται,

349 1634 568 1695 Παῦλος
604 1634 634 1687 6
657 1633 1030 1706 Σαμωσατεὺς
1075 1632 1183 1686 ὑπὸ
1224 1633 1291 1704 ιβ’
1315 1632 1655 1699 ἐπισκόπων,
1687 1632 1761 1696 ὡς
1796 1631 1951 1701 ψιλὸν

346 1725 445 1779 τὸν
486 1725 721 1798 Χριστὸν
752 1725 931 1796 λέγων
969 1725 1262 1797 ἄνθρωπον
1297 1725 1627 1797 κατεκρίθη.
1682 1725 1763 1779 Τὰ
1810 1724 1953 1779 κατὰ

349 1819 651 1892 Σύμμαχον
686 1820 783 1875 καὶ
825 1820 1161 1892 Λαυρέντιον
1193 1820 1289 1873 ἐπὶ
1339 1819 1693 1873 Ἀναστασίου
1722 1818 1816 1873 τοῦ
1849 1819 1949 1889 βα-

349 1910 548 1977 σιλέως
574 1913 633 1964 ἐν
662 1912 852 1984 Ῥώμῃ
882 1911 1173 1964 ἐπίσκοποι
1200 1910 1292 1965 τὸν
1319 1912 1553 1983 ἀριθμὸν
1586 1918 1629 1983 ρ’
1663 1912 1946 1983 διῄτησαν·

348 2006 451 2058 καὶ
500 2003 593 2058 τὸν
643 2003 744 2074 μὲν
775 2004 1097 2074 Σύμμαχον,
1128 2003 1203 2067 ὡς
1230 2003 1327 2056 ἕνα
1355 2003 1465 2059 τῶν
1496 2005 1639 2059 ἑπτὰ
1685 2005 1951 2060 διακόνων

347 2096 505 2161 ὄντα,
541 2095 813 2150 καὶκατὰ
859 2095 1064 2166 θεσμὸν
1111 2093 1570 2166 ἐκκλησιαστικὸν
1613 2097 1707 2150 τὸν
1761 2096 1952 2166 θρόνον

345 2188 626 2253 διέποντα,
680 2186 1010 2241 ἐδικαίωσαν
1065 2186 1233 2241 αὐτὸν
1268 2189 1561 2259 κατέχεινο
1611 2189 1951 2259 Λαυρέντιον

345 2282 431 2347 δὲ,
468 2281 775 2353 Νουκερίας
817 2281 1155 2346 ἐπίσκοπον,
1192 2282 1399 2353 καίπερ
1447 2282 1541 2335 ἐπὶ
1574 2281 1824 2354 τέσσαρα
1855 2281 1953 2354 ἔτη

347 2374 455 2447 τὴν
500 2372 721 2445 Ῥώμην
754 2374 1090 2447 ταράξαντα,
1133 2367 1275 2428 εἶναι
1326 2374 1558 2446 ὥρισαν.
1592 2375 1865 2446 ’Ύστερον
1895 2375 1955 2430 δὲ

352 2466 576 2529 στάσεις
607 2466 773 2520 κινῶν
819 2466 979 2530 αὖθις
1027 2468 1124 2521 καὶ
1170 2467 1440 2540 ταραχὰς,
1489 2467 1597 2521 ὑπὸ
1650 2468 1953 2539 Συμμάχου

352 2558 602 2629 ἐννόμως
659 2558 992 2630 καθῄρηται.
1043 2560 1149 2614 Τὸν
1196 2560 1660 2631 πνευματομάχον
1697 2559 1954 2614 Μακεδό-

353 2667 473 2706 νιον
504 2651 801 2705 ἐπίσκοποι
856 2651 1108 2707 καθεῖλον
1138 2652 1198 2705 ἐν
1231 2652 1833 2716 Κωνσταντινουπόλει,
1880 2646 1957 2708 ὧν

355 2742 594 2813 ἐξῆρχεν
647 2743 902 2808 Ἀκάκιος
949 2745 979 2797 6
1026 2744 1371 2817 Καισαρείας
1415 2746 1515 2816 τῆς
1564 2745 1954 2816 Παλαιστίνης,

357 2840 457 2892 καὶ
484 2838 534 2891 οἱ
563 2838 703 2909 ἀμφ’
734 2838 917 2893 αὐτόν.
951 2839 1055 2892 Τὸν
1107 2839 1206 2893 καὶ
1232 2840 1339 2895 τῶν
1367 2840 1619 2910 ἀγγέλων
1652 2840 1957 2912 ὑπέρτερον

361 2932 634 3001 πανάγιον
658 2932 1053 3005 Χρυσόστομον
1087 2937 1313 3004 κρατεῖν
1343 2935 1435 2989 τὸν
1474 2935 1690 3005 θρόνον,
1727 2934 1958 2988 ἐπίσκοο

379 3044 452 3080 τοι
491 3026 633 3099 μετὰ
656 3025 755 3099 τὴν
782 3026 1096 3097 παράλογον
1124 3026 1468 3098 καθαίρεσιν,
1523 3027 1628 3100 τὴν
1674 3025 1779 3081 ὑπὸ
1832 3025 1962 3078 Θεοο

361 3120 519 3189 φίλου
551 3120 876 3192 γενομένην,
908 3119 1259 3186 ἐδικαίωσαν,
1281 3119 1381 3192 τὴν
1412 3120 1605 3174 τούτου
1645 3121 1781 3192 παρ’
1804 3118 1960 3173 οὐδὲν

1979 1863 2026 1922 Β

2049 570 2202 625 illum
2230 571 2449 626 deceret
2484 571 2796 641 prudentia,
2821 582 3059 642 aptaque
3093 584 3207 628 tum
3240 574 3494 644 loquendi
3526 585 3643 630 tum

2050 665 2248 736 agendi
2291 665 2525 720 ratione.
2560 666 2797 737 Cyrillus
2819 667 2988 721 etiam
3023 682 3145 721 cum
3182 669 3301 739 ipso
3338 668 3648 724 simultates

2050 758 2299 813 exercuit
2329 767 2382 812 et
2411 775 2535 813 cum
2579 758 2949 817 Theodoreto.
2984 761 3127 829 Quin
3162 772 3217 817 et
3253 762 3469 817 dissidii
3510 773 3649 816 tem-

2049 866 2183 921 pore
2210 851 2366 906 aiunt
2390 852 2657 923 Cyrillum
2686 855 2835 909 clara
2875 871 3013 912 voce
3063 856 3395 911 inclamasse
3430 872 3443 908 :
3474 852 3645 909 Joan-

2050 958 2149 998 nes
2185 952 2328 998 mter
2351 945 2720 1014 patriarchas,
2752 958 2803 1001 et
2829 946 3001 1003 Judas
3024 948 3167 1003 inter
3199 947 3501 1016 apostolos.

2515 1080 3038 1139 INTERROGATIO
3090 1082 3180 1137 Vl.

2052 1217 2194 1285 Quot
2257 1220 2591 1273 mcumenicis
2642 1236 2827 1288 parere
2873 1220 3095 1290 synodis
3144 1231 3492 1287 recusarunt,
3553 1222 3646 1277 sed

2302 1306 2489 1344 earum
2527 1294 2905 1346 auctoritatem
2932 1292 3064 1344 nihil
3101 1291 3397 1346 (raserunt?

2624 1401 3038 1460 RESPONSIO.

2123 1539 2371 1598 Novatus
2426 1540 2713 1597 Romanus
2777 1539 2847 1596 ab
2908 1540 3182 1612 episcopis
3253 1551 3646 1599 exauctoratus

2055 1631 2178 1687 fuit.
2217 1632 2417 1688 Paulus
2451 1632 2851 1687 Samosatcnus
2878 1648 2909 1687 a
2944 1633 3013 1687 l2
3044 1634 3338 1705 episcopis,
3369 1634 3517 1704 quod
3544 1651 3647 1689 nu-

2053 1726 2185 1781 dum
2222 1726 2502 1781 hominem
2545 1741 2668 1781 esse
2697 1725 2976 1781 Christum
3015 1726 3254 1793 diceret,
3287 1727 3648 1798 depositionis

2056 1817 2326 1872 sententia
2358 1817 2623 1872 multatus
2655 1826 2760 1872 est.
2793 1817 3106 1889 Symmachi
3135 1826 3189 1871 et
3213 1816 3494 1872 Laurentii
3521 1834 3652 1872 cau-

2056 1926 2173 1965 sam
2232 1910 2337 1965 sub
2382 1910 2676 1965 Anastasio
2741 1909 3075 1980 imperatore
3132 1920 3353 1965 centum
3410 1910 3463 1964 in
3515 1910 3652 1965 urbe

2055 2003 2299 2073 episcopi
2318 2017 2381 2057 ex
2390 2002 2716 2072 penderunt,
2735 2010 2789 2057 et
2808 2002 3196 2073 Symmachum
3213 2002 3653 2073 quidem,utpote

2055 2112 2226 2151 unum
2258 2112 2327 2151 ex
2356 2110 2562 2165 septem
2601 2095 2871 2159 diacouis,
2927 2107 2983 2149 ct
3038 2096 3195 2165 juxta
3247 2096 3653 2151 ecclesiasticas

2054 2186 2372 2244 sanctiones
2398 2186 2583 2241 sedem
2618 2186 2995 2252 obtinentem,
3050 2185 3104 2239 in
3139 2186 3383 2256 ejusdem
3427 2200 3652 2257 posses-

2055 2282 2210 2338 sione
2229 2278 2579 2335 retinendum
2599 2295 2721 2335 esse
2743 2292 3080 2335 censuerunt
3102 2297 3116 2346 ;
3148 2279 3501 2335 Laurentium
3522 2294 3655 2335 vero

2054 2374 2151 2444 qui
2183 2382 2418 2444 quatuor
2448 2373 2611 2428 annis
2658 2370 2892 2427 Romam
2938 2373 3206 2439 turbaret,
3241 2370 3496 2428 Nuceriae
3534 2372 3655 2444 epi-

2055 2482 2286 2537 scopum
2321 2481 2446 2522 esse
2476 2468 2883 2533 decreverunt;
2923 2472 3161 2537 cumque
3196 2466 3455 2536 deinceps
3509 2466 3659 2522 sedi-

2059 2560 2239 2616 tiones
2268 2574 2464 2615 rursus
2500 2574 2565 2613 ae
2592 2558 2780 2613 turbas
2810 2569 3073 2622 moveret,
3093 2574 3121 2611 a
3143 2555 3479 2631 Symmacho
3505 2560 3657 2629 juste

2055 2652 2344 2724 depositus
2377 2651 2503 2707 fuit.
2528 2651 2915 2707 Macedonium
2941 2653 3183 2723 Spiritus
3221 2654 3397 2708 sancti
3442 2654 3655 2709 hostem

2056 2744 2300 2816 episcopi
2322 2744 2802 2813 Constantinopoli
2836 2746 3153 2816 congregati
3190 2745 3461 2815 dignitate
3492 2745 3653 2800 abdi-

2058 2848 2279 2905 carunt,
2300 2838 2442 2894 inter
2472 2853 2613 2910 quos
2640 2840 2874 2894 Aeacius
2907 2839 3170 2895 Caesareae
3200 2838 3506 2896 Palaestina:
3532 2842 3657 2912 epi-

2059 2954 2281 3011 scopus,
2319 2940 2555 3011 ejusque
2615 2937 2868 2992 ianitores
2929 2938 3228 2996 emicuere.
3262 2939 3487 3007 Angelis
3520 2938 3657 3010 ipsis

2060 3033 2500 3105 praestantiorem
2532 3032 3064 3101 sanctissimumque
3102 3032 3564 3103 Chrysosmmum
3599 3032 3654 3085 in

2061 3126 2296 3198 pristina
2328 3124 2516 3181 sedem
2566 3124 2782 3178 restitui
2838 3122 3039 3177 debere
3087 3136 3209 3192 post
3243 3123 3366 3192 ejus
3408 3123 3658 3193 iniquam

361 3213 585 3284 θέμενοι
620 3214 766 3267 κατὰ
792 3212 887 3266 τοῦ
921 3211 1152 3266 καὶτῶν
1181 3212 1431 3282 ἀγγέλων
1466 3211 1776 3284 κρείττονος
1798 3210 1955 3280 ἁγίου

2062 3220 2468 3291 depositionem
2509 3232 2542 3272 a
2582 3214 2886 3286 TheOphilo
2928 3214 3128 3269 factam
3160 3216 3405 3285 episcopi
3437 3216 3659 3285 judica-

359 3306 565 3378 ψῆφον.
614 3306 904 3365 manu
936 3307 1026 3361 ὅτε
1063 3305 1220 3370 αὖθις
1249 3304 1517 3377 ἐξεϐλήθη
1542 3304 1698 3377 παρὰ
1724 3304 1826 3375 τῆς
1858 3302 1955 3374 βα-

364 3399 641 3472 σιλίσσης,
692 3400 947 3455 Λεοντίου
992 3400 1090 3455 τοῦ
1152 3399 1432 3471 Ἀγκύρας
1492 3398 1797 3453 ἐπισκόπου
1846 3398 1957 3451 τῶν

366 3495 491 3548 τότε
525 3494 938 3566 ἁνεληλυθότων
967 3494 1293 3568 ἐξάρχοντος
1312 3535 1327 3559 ,
1360 3492 1613 3565 οἰμώζων
1644 3494 1739 3547 καὶ
1765 3491 1958 3547 στενά-

366 3585 478 3651 ζων
509 3589 595 3641 ὅτι
630 3604 695 3656 γε
741 3587 901 3658 δίκης
959 3589 1147 3658 τυχεῖν
1180 3588 1280 3641 οὐκ
1310 3588 1564 3658 ἠξίωται,
1589 3582 1658 3659 ἧς
1693 3587 1788 3640 καὶ
1819 3604 1956 3657 τυμ·

366 3678 654 3750 ϐωρύχους
673 3680 769 3733 καὶ
794 3678 999 3751 λῃστὰς
1032 3679 1319 3747 ἀξιοῦσθαι
1350 3678 1652 3751 προσῆκεν,
1680 3679 1829 3743 ὅπως
1851 3680 1962 3733 τῶν

363 3771 490 3824 κατ’
524 3770 706 3824 αὐτῶν
756 3770 1068 3843 λεγομένων
1123 3771 1310 3825 διδῶσι
1367 3771 1549 3840 λόγον,
1605 3770 1959 3842 ἐκόέϐληται.

366 3864 485 3918 Οὐκ
516 3863 583 3919 ἂν
608 3864 669 3919 δὲ
702 3860 859 3929 οὗτος
892 3866 1096 3936 ᾐτεῖτο,
1129 3863 1312 3919 καίτοι
1347 3881 1412 3933 γε
1447 3864 1533 3928 τίς
1556 3865 1615 3917 ἐν
1640 3866 1753 3928 τοῖς
1783 3864 1964 3919 τοιού-

363 3974 482 4020 τοις
526 3956 692 4012 αύτοῦ
735 3956 1344 4030 ἐπιστημονικώτεροςς
1380 3957 1443 4011 Ei
1491 3953 1561 4029 ἦν
1592 3957 1754 4010 τοῦτο
1786 3957 1961 4028 παρά·

364 4051 550 4119 λογον,
574 4051 636 4104 τὸ
663 4051 769 4104 ὑπὸ
796 4052 1114 4105 ἐπισκόπων
1148 4050 1455 4122 κρίνεσθαι.
1492 4047 1653 4104 Ἀλλὰ
1682 4050 1777 4104 καὶ
1809 4051 1968 4104 Ἀθα-

364 4145 555 4209 νάσιος
592 4145 620 4197 6
664 4144 839 4215 μέγας
872 4143 1013 4216 μετὰ
1051 4143 1152 4215 τὴν
1184 4145 1243 4197 ἐν
1277 4143 1516 4216 Σαρδικῇ
1552 4142 1826 4206 ἀθώωσιν,
1867 4143 1966 4196 καὶ

363 4238 471 4310 τὴν
518 4238 577 4291 ἐν
614 4235 1011 4309 Ἰεροσολύμοις
1060 4237 1167 4292 ὑπὸ
1218 4237 1478 4308 Μαξίμου
1520 4237 1825 4309 γενομένην
1867 4236 1963 4290 τοῦ

366 4330 734 4402 ὁμολογητοῄ
776 4331 941 4403 ἡνίκα
994 4331 1212 4385 σύνοδον
1244 4331 1632 4402 συγκροτήσας
1671 4330 1969 4403 σύμψηφος

366 4426 469 4479 καὶ
501 4425 664 4488 αὐτὸς
696 4427 809 4489 τοῖς
847 4425 990 4498 ὑπὲρ
1021 4424 1191 4479 αὑτοῦ
1236 4424 1586 4495 δεδογμένοις
1621 4422 1863 4493 ἐγένετο,
1891 4427 1970 4478 εἱ-

2064 3321 2213 3375 runt,
2255 3308 2587 3367 sententiam
2620 3307 2691 3363 ab
2719 3308 2814 3362 illo
2853 3306 3120 3361 adversus
3144 3307 3357 3374 angelis
3383 3308 3517 3376 ipsis
3544 3322 3660 3363 me-

2062 3406 2254 3461 liorem
2287 3411 2542 3459 sanctum
2573 3401 2740 3455 latam
2775 3415 2873 3470 pro
2920 3397 3097 3453 nihilo
3135 3408 3413 3469 putantes.
3465 3399 3569 3454 Sed
3605 3408 3662 3455 et

2062 3514 2189 3554 cum
2242 3496 2442 3551 iterum
2483 3494 2553 3550 ab
2582 3494 2934 3565 imperatoris
2985 3493 3219 3564 conjuge
3249 3493 3317 3547 de
3357 3494 3661 3564 episcopali

2064 3589 2192 3645 sede
2228 3587 2638 3651 deturbaretur,
2675 3584 2906 3641 Leontio
2936 3586 3252 3657 Ancyrauo,
3282 3586 3488 3655 primas
3518 3586 3663 3640 inter

2064 3681 2357 3753 episcopos
2388 3680 2481 3750 qui
2512 3688 2645 3735 tunc
2666 3686 3275 3747 convenerantagente,
3302 3680 3418 3748 ipse
3446 3678 3662 3748 cjulans

2066 3785 2234 3846 atque
2284 3774 2693 3846 ingemiscens,
2760 3772 2906 3844 quod
2937 3772 3208 3843 justitiam
3253 3773 3518 3843 consequi
3561 3772 3667 3827 sibi

2071 3888 2177 3925 non
2215 3870 2428 3935 liceret,
2460 3884 2568 3938 qua
2623 3876 2678 3922 et
2711 3866 3092 3937 sepulcrorum
3140 3866 3460 3927 elfossorcs,
3494 3864 3668 3919 latro~

2068 3978 2279 4033 uesque
2320 3978 2432 4016 non
2465 3960 2709 4015 fraudari
2739 3977 2837 4030 par
2862 3968 2981 4015 erat
3020 3960 3104 4030 (ut
3140 3959 3350 4015 scilicet
3381 3973 3573 4014 eorum
3601 3957 3671 4015 de

2070 4060 2273 4131 quibus
2302 4070 2701 4114 accusarentur
2737 4057 3005 4112 rationem
3042 4053 3373 4121 redderent)
3435 4053 3489 4106 in
3520 4052 3670 4107 exsi-

2073 4151 2206 4205 lium
2233 4150 2440 4204 missus
2474 4149 2596 4203 fuit.
2625 4149 2799 4204 Porro
2830 4164 2939 4203 non
2967 4148 3044 4201 ita
3073 4156 3412 4214 c0nqueSIus
3436 4143 3667 4207 fuisset;

2073 4257 2202 4296 nam
2236 4242 2363 4312 quis
2396 4239 2672 4311 ejusmodi
2702 4256 2889 4295 rerum
2930 4242 3048 4310 ipso
3075 4236 3329 4293 doctior?
3364 4235 3421 4289 Si
3453 4238 3521 4289 ab
3552 4236 3673 4303 epi-

2075 4334 2260 4404 scopis
2279 4334 2515 4405 jurlicari
2539 4334 2841 4389 absurdum
2864 4331 3321 4399 contrariamque
3348 4327 3678 4383 ecclesiasti-

2076 4429 2158 4484 cis
2193 4429 2405 4499 legibus
2435 4436 2608 4483 esset.
2641 4426 2748 4482 Sed
2803 4434 2858 4479 et
2915 4441 3151 4495 magnus
3180 4421 3519 4476 Athanasius
3550 4427 3678 4492 post

366 4521 481 4586 δὼς
514 4522 590 4587 ὼς
616 4523 761 4595 μέγα
786 4523 993 4595 ἐκάστη
1028 4521 1214 4594 ἐνορία
1246 4521 1422 4592 ἰσχύει
1451 4523 1532 4584 εἰς
1555 4520 1623 4573 τὰ
1651 4520 1774 4574 κατ’
1801 4520 1957 4593 αύτὴη

2077 4519 2199 4591 ejus
2236 4522 2643 4577 absolutionem
2674 4521 2726 4575 in
2750 4519 3071 4574 Sardicensi
3102 4516 3362 4581 concilio,
3396 4515 3679 4583 aliamque

364 4613 449 4678 ὼς
489 4614 635 4679 εἰκὸς
670 4614 1043 4686 συμϐαίνοντα
1069 4655 1084 4680 ,
1148 4611 1368 4667 σύνοδον
1398 4611 1509 4665 τῶν
1540 4611 1660 4665 κατ’
1690 4610 1957 4680 Αἴγυπτοκ

2080 4614 2473 4688 Hierosolymis
2505 4630 2536 4670 a
2568 4615 2808 4669 Maximo
2839 4612 3157 4669 confessori:
3196 4612 3395 4666 factam
3435 4607 3682 4680 (quando

366 4708 762 4779 συγκροτήσας
812 4708 1154 4770 ἐπισκόπων,
1197 4707 1585 4777 παρεσκεύασε
1632 4703 1727 4756 καὶ
1772 4704 1975 4766 αὐτοὺς

364 4800 580 4870 ὁμοίως
607 4804 724 4866 τοίς
754 4802 812 4855 ἐν
844 4801 1087 4872 Σαρδικῇ
1142 4798 1243 4853 καὶ
1275 4797 1615 4869 Παλαιστίνῃ
1645 4797 1778 4867 περὶ
1804 4795 1973 4850 αὑτοῦ

364 4893 744 4966 ψηφίσασθαι,
781 4897 875 4950 καὶ
910 4894 1083 4966 χωρὶς
1113 4893 1189 4947 ὢν
1216 4892 1584 4965 πατριάρχου.

2083 4719 2138 4764 ct
2162 4709 2277 4779 ipse
2308 4711 2597 4765 sententiae
2624 4710 2693 4764 de
2712 4708 3020 4762 Athanasio
3046 4705 3190 4777 apud
3216 4704 3502 4758 Sardieam
3537 4701 3684 4763 latae.

2090 4801 2303 4873 synodo
2333 4811 2546 4866 coacta,
2584 4800 2888 4869 consensit)
2940 4800 3108 4867 probe
3145 4798 3328 4853 sciens
3355 4804 3593 4864 Quanta,
3627 4801 3689 4847 ut

2088 4910 2187 4965 par
2216 4904 2322 4959 est,
2356 4896 2684 4951 auctoritate
2710 4892 3203 4963 comprovincialcs
3257 4888 3500 4960 (‘piSCopi
3556 4886 3674 4958 pol-

368 4989 523 5042 lcant
548 4988 603 5042 in
646 4989 833 5044 causis
871 4987 1319 5057 uniuscujusque
1356 4983 1655 5055 provinciae
1713 4982 2107 5053 dijudicandis,
2175 4987 2697 5060 synodumIEgypti
2751 4990 3136 5059 episcOporum
3193 4998 3561 5055 congregans,
3596 4981 3693 5036 cu'

369 5084 523 5157 l.avit
555 5091 614 5137 ut
650 5095 702 5137 et
740 5082 842 5152 ipsi
892 5085 1039 5138 hami
1082 5083 1301 5139 diversa
1370 5096 1399 5134 a
1461 5078 1808 5136 Sardicensis
1844 5091 1899 5136 et
1953 5078 2440 5154 HierOSolymitani
2505 5083 2732 5139 concilii
2766 5083 3056 5139 sententiis
3081 5082 3150 5137 de
3193 5095 3252 5135 se
3306 5064 3693 5135 decernereut’

370 5174 636 5245 quamvis
665 5175 798 5229 nulli
831 5176 1159 5246 patriarcha:
1182 5175 1458 5231 subesset.

972 5288 1316 5344 ΕΡΩΤΗΣΙΣ
1342 5292 1416 5344 Z'.

2550 5284 3079 5345 INTERROGATIO
3110 5286 3227 5343 VII.

370 5406 545 5466 Ποῖοι
588 5402 879 5471 ,βασιλεῖς
929 5401 1316 5474 ἠγωνίσαντο
1363 5400 1500 5471 περὶ
1559 5396 1809 5471 εἰρήνης
1863 5395 1957 5452 τῶι

2091 5403 2327 5470 Quinam
2370 5403 2723 5474 imperatores
2770 5418 2866 5471 pro
2917 5402 3115 5474 tuenda
3164 5399 3527 5455 Ecclesiarum
3569 5411 3699 5466 pace

965 5472 1351 5544 Ἐκκλησιῶν
1370 5490 1391 5541 ;

990 5591 1388 5649 ΑΠΟΚΡΙΣΙΣ.

450 5716 869 5779 Κωνσταντίνος
914 5715 943 5767 6
981 5710 1156 5784 μέγας
1187 5708 1460 5781 ἐδήλωσεν
1502 5705 1701 5777 Ἀρείῳ
1730 5704 1828 5777 τὴν
1859 5705 1983 5761 κατ’

391 5807 752 5880 Ἀλέξανδρον
783 5803 1091 5861 καταλῦσαι
1121 5801 1347 5875 ἔχθραν,
1379 5800 1474 5855 καὶ
1503 5795 1789 5870 διαιτητὴν
1833 5795 1986 5869 αὐτῷ

584 5904 863 5966 Parnm.
911 5902 1031 5963 (in.
1083 5898 1241 5961 CIV.

2689 5474 3014 5527 dimicarunt
3035 5473 3061 5527 2

2683 5582 2956 5640 RESPON
2966 5582 3097 5641 SlO.

2168 5700 2574 5760 Constantinus
2603 5714 2843 5771 magnus
2878 5697 3012 5754 Ario
3034 5694 3338 5753 declaravit
3366 5710 3425 5751 se
3452 5693 3613 5761 velle,
3642 5704 3705 5750 ut

2096 5810 2238 5870 quas
2256 5794 2617 5869 gerebatcum
2636 5790 2951 5850 Alexandro
2966 5790 3287 5847 inimicitias
3304 5797 3701 5862 exstingueret,

3191 5884 3267 5947 39
