4142 6422
476 334 617 399 1227

1614 329 1881 395 PHOTII
1924 327 2442 392 ΡΛΤΗΙΛΒΕΠᾹΞ
2482 328 2595 393 CP.

3625 327 3773 393 1228

463 465 520 511 et
544 452 868 526 quaestionis
886 451 1158 509 arbitrum
1176 449 1371 509 Osium
1396 452 1775 510 confessorem
1799 449 1865 504 ad
1888 448 2072 520 ipsum
2098 489 2111 512 Α

2216 450 2368 502 ῡσιον
2383 449 2474 502 τὸν
2500 445 2844 520 ὀμολογητὴν
2871 445 3143 514 ἔστειλεν,
3166 444 3256 501 ὅτε
3280 442 3376 500 καὶ
3404 440 3668 516 ἔγραψεν,
3695 443 3776 508 ὼς

467 546 640 608 misit,
675 560 788 616 quo
823 552 1071 615 tempore
1125 543 1290 598 etiam
1324 541 1550 613 scripsit
1605 556 1696 606 se,
1729 554 1856 595 eum
1907 537 2074 594 vellet

467 646 662 695 saneta
714 636 1232 708 Hierosolymitana:
1283 635 1440 691 urbis
1492 635 1610 690 loca
1643 630 2073 688 venerabundus

465 745 668 806 petere,
695 741 750 789 et
772 733 844 788 ibi
871 732 1082 789 Pascha
1107 729 1329 786 efﬁcere
1353 730 1423 784 ob
1451 741 1668 784 mutuas
1697 727 1817 782 illas
1852 725 2073 781 dissen-

469 827 655 884 siones
692 825 920 881 vetilum
978 824 1171 879 fuisse.
1221 821 1360 877 Ario
1399 831 1582 876 autem
1620 820 1782 875 dictis
1829 835 1935 874 non
1980 832 2079 888 pa-

472 928 647 987 rente,
708 933 964 989 magnam
1005 915 1278 987 synodum
1336 914 1550 969 indixit.
1592 911 1938 966 Theodosius
1976 908 2080 964 De-

475 1010 742 1083 mopliilo'
770 1012 973 1064 Ariauo
1019 1008 1368 1080 signiﬁcavit,
1426 1009 1470 1063 si
1512 1005 1785 1062 ['Icclesias
1831 1003 2080 1058 obtinere

476 1106 656 1168 vellet,
687 1104 915 1174 paciﬁce
942 1117 1069 1172 erga
1094 1101 1395 1156 Ecclesiam
1431 1115 1489 1155 se
1512 1107 1744 1171 gereret,
1778 1095 2080 1163 siulminus

477 1197 720 1254 Ecclesia
744 1195 1032 1250 excederet
1070 1212 1083 1248 :
1111 1193 1163 1250 id
1197 1194 1344 1264 quod
1378 1193 1580 1248 factum
1613 1192 1736 1256 fuit,
1769 1188 2082 1244 ordinatus‘

476 1305 584 1360 que
613 1299 698 1346 est
745 1288 1050 1343 Nectarius.
1100 1287 1245 1342 Idem
1285 1285 1371 1342 hic
1405 1287 1720 1355 imperator,
1759 1278 2079 1336 Innocentio

477 1398 544 1436 ac
567 1381 850 1451 jFlaviano
887 1381 1121 1436 invicem
1150 1378 1569 1443 dissidentibus,
1609 1391 1704 1446 per
1741 1389 1802 1432 se
1843 1371 2085 1428 inimici-

478 1475 609 1530 tiam
636 1472 860 1528 sustulit
891 1486 923 1527 e
955 1471 1158 1534 medio,
1193 1485 1258 1525 ae
1293 1469 1621 1541 proﬂigavit;

907 1580 1438 1638 INTERROGATIO
1480 1577 1615 1636 VIII.

483 1702 821 1768 Quibusnam
877 1699 932 1752 in
959 1698 1198 1768 synodis,
1239 1713 1304 1750 ea:
1331 1697 1552 1752 diversis
1578 1695 1699 1748 licet
1731 1693 2085 1768 archiepisco-

554 1774 767 1843 palibus
818 1767 1020 1824 tlironis
1061 1770 1266 1843 collecti
1321 1769 1519 1838 fuerint
1551 1767 1813 1836 episcopi,
1864 1767 2085 1843 illorum

559 1836 863 1899 sanctiones
913 1857 1012 1896 suo
1071 1841 1260 1894 robore
1314 1836 1646 1900 caruerunt,
1693 1853 1754 1891 eo
1808 1836 1933 1904 quia
1991 1850 2084 1888 nec

549 1915 718 1986 juste,
760 1929 851 1968 nec
879 1911 1167 1968 secundum
1195 1909 1582 1966 ecclesiasticas
1612 1907 1824 1979 regulas
1854 1906 2084 1961 condite

560 1986 758 2056 fuerint
769 2025 782 2038 .

1091 2095 1500 2156 RESPO-NSIO.

563 2219 778 2275 Accidit
809 2217 914 2274 hoc
940 2217 1216 2289 episcopis
1253 2218 1394 2288 apud
1427 2214 1777 2270 Antiochiam
1807 2210 2083 2269 Constan-

492 2315 572 2370 tio
613 2314 917 2384 imperante
972 2311 1028 2365 in
1081 2309 1318 2381 speciem
1368 2307 1690 2365 dedicandae
1722 2305 1983 2363 Ecclesiae
2015 2304 2091 2360 ibi

493 2409 565 2463 ab
593 2407 712 2477 ipso
742 2405 1025 2460 adiﬁcatze
1056 2403 1428 2473 congregatis.
1454 2401 1518 2456 Ili
1544 2401 1693 2457 enim
1723 2399 2093 2455 Athanasium

495 2502 719 2572 quidem
753 2499 866 2569 jam
894 2508 1051 2553 antea
1085 2512 1114 2552 a
1147 2495 1364 2568 synodo
1401 2493 1568 2568 Tyrio
1601 2495 1924 2566 episcopatu
1970 2507 2096 2564 spo-

497 2594 714 2657 liatum,
759 2604 954 2645 rursus
984 2588 1322 2659 deposuere;
1356 2585 1686 2658 Gregorium
1723 2599 1854 2640 vero
1893 2583 1948 2638 in
1973 2583 2099 2655 ejus

497 2686 684 2740 locum
717 2682 1046 2737 ordinarunt
1075 2680 1419 2751 episcopum,
1447 2692 1684 2750 quorum
1715 2688 1969 2732 neutrum
2005 2676 2100 2731 ﬁr-

497 2795 650 2834 mum
672 2786 767 2833 aut
789 2775 985 2831 stabile
1005 2773 1328 2844 permansit.
1367 2769 1742 2827 lutei-fuerunt
1764 2781 1947 2826 autem
1971 2769 2103 2825 huic

500 2868 718 2941 synodo
755 2865 1026 2923 Eusebius
1085 2874 1218 2920 tunc
1249 2863 1762 2934 Constantinopolis
1790 2902 1805 2928 ,
1861 2873 1916 2918 et
1945 2859 2106 2916 Flac-

500 2965 664 3020 cillus
694 2961 1001 3018 Antiochiae
1023 2957 1286 3030 episcopi,
1321 2972 1558 3027 cumque
1600 2958 1668 3012 iis
1721 2955 1816 3010 alii
1869 2969 2104 3010 numero

503 3057 810 3129 nonaginta
852 3066 1084 3126 septem.
1121 3054 1268 3108 Idem
1298 3052 1504 3122 pariter
1533 3050 1737 3106 accidit
1770 3051 1856 3106 his
1901 3049 1996 3121 qui
2050 3050 2106 3103 in

503 3149 777 3220 Ephesiua
802 3149 938 3202 urbe
963 3148 1230 3201 adversus
1263 3160 1518 3215 magnum
1540 3141 1864 3196 Flavianum
1901 3156 2103 3197 conve-

507 3251 738 3308 nerant;
763 3241 994 3295 aderaut
1021 3239 1168 3293 enim
1207 3240 1261 3292 iu
1291 3239 1382 3291 illa
1413 3237 1622 3308 synodo
1646 3234 1942 3292 DitiSCOI‘US
1973 3234 2102 3289 Ale-

510 3336 834 3400 xandrinus,
854 3331 1136 3388 Iuvenalis
1155 3331 1705 3402 IIieroadymitanus,
1731 3328 2108 3386 etAntiocliiaa

508 3429 803 3500 episcopus
831 3443 958 3484 cum
1011 3426 1136 3480 aliis
1177 3425 1355 3480 doctis
1386 3424 1848 3494 ortliodoxisque,
1877 3423 1972 3494 qui
2005 3420 2112 3476 Eu-

513 3524 728 3595 tyelien‘i
761 3522 982 3593 quidem
1025 3519 1344 3574 haereticuui
1397 3519 1747 3573 innocentem
1785 3516 2112 3587 pronuntia-

515 3626 667 3682 runt,
701 3629 765 3669 ac
809 3613 1151 3668 sacerdotale
1181 3611 1283 3680 ipsi
1319 3625 1520 3664 munus
1552 3609 1946 3676 reddiderunt,
1992 3623 2115 3662 san-

515 3715 665 3761 etum
730 3719 862 3760 vero
913 3703 1240 3757 Flavianum
1301 3703 1833 3755 eondemnaveruut.
1897 3699 2003 3752 Sed
2062 3709 2118 3751 et

517 3799 786 3854 adversus
835 3795 1268 3858 Tlieodorelum,
1327 3793 1532 3865 Cyt'illo
1582 3792 1954 3848 Alexandrino
1996 3800 2120 3861 post

517 3892 730 3947 obitum
765 3890 1184 3961 gratiﬁcantes,
1243 3890 1572 3943 sententiam
1628 3887 1823 3952 tuli-re,
1878 3903 2116 3957 quorum

520 3982 659 4038 nihil
689 3985 1086 4037 iuemicussum
1119 3980 1354 4044 exstitit,
1388 3980 1574 4033 omnia
1611 3979 1756 4033 enim
1791 3979 1953 4050 paulo
1999 3989 2122 4048 post

518 4089 716 4150 quarta
748 4079 1028 4152 synodus,
1085 4077 1302 4148 aliaque
1358 4077 1499 4148 apud
1553 4076 1878 4148 Byzantiqu
1930 4086 2121 4131 coacta

517 4173 809 4238 subvertit,
859 4171 1008 4226 nulla
1047 4171 1229 4225 habita
1266 4171 1490 4226 absurdi
1537 4171 1648 4225 illic
1676 4169 2121 4226 convenientium

519 4265 908 4334 episi-oporum
968 4277 1276 4318 consensus
1331 4263 1565 4319 ratione.
1625 4261 1771 4315 Idem
1826 4261 2122 4317 dicendum

521 4360 593 4414 de
626 4357 696 4412 iis
731 4357 824 4428 qui
857 4367 1050 4411 contra
1081 4358 1268 4411 divum
1301 4357 1762 4427 Clirysostomnm
1823 4355 2124 4411 concilium

521 4466 720 4523 egere,
783 4453 872 4507 cui
933 4449 1111 4506 adfuit
1152 4449 1496 4522 TbeOpliilus
1532 4449 1942 4506 Alexandrinus
1997 4465 2126 4504 cum

2112 1813 2161 1873 B

2178 539 2504 612 βουλόμενος
2553 541 2944 613 προσκυνητὴς
2992 539 3104 594 τῶν
3138 540 3313 609 ἁγίων
3357 537 3541 592 τόπων
3574 536 3684 590 τῶν
3713 537 3775 590 ἐν

2187 635 2588 708 Ἱεροσολύμοις
2616 635 2894 707 γενέσθαι,
2931 635 3096 690 κάκεῖ
3142 635 3203 688 τὸ
3229 633 3423 705 Πάσχα
3465 631 3775 698 ἐκτελέσαι,

2176 730 2268 784 διὰ
2293 731 2424 794 τοὺς
2448 731 2586 802 πρὸς
2616 730 2884 802 ἀλλήλους
2912 727 3308 792 στασιάζοντας
3327 725 3600 797 ἐκωλύθη.
3635 719 3773 778 Εἶτα

2182 818 2257 892 μὴ
2292 820 2492 884 πείσας
2519 862 2535 888 ,
2599 820 2698 893 τὴν
2733 818 2982 892 μεγάλην
3013 818 3278 890 ἐκρότησε
3312 816 3548 871 σύνοδον.
3582 813 3776 868 Θεοδό-

2181 931 2296 978 σιος
2346 916 2588 986 ἐμήνυσε
2633 914 2927 988 Δημοφίλῳ
2969 913 3049 982 τῷ
3108 910 3374 984 Ἀρειανῷ
3427 911 3476 964 εί
3527 907 3774 980 βούλοιτο

2180 1011 2404 1079 κρατεῖν
2443 1007 2555 1063 τῶν
2592 1007 2930 1080 Ἐκκλησιῶν
2974 1004 3293 1080 είρηνεῦσαι
3323 1003 3461 1076 πρὸς
3498 1001 3599 1074 τὴν
3647 1002 3775 1056 Ἐκ-

2181 1101 2412 1172 κλησίαν
2435 1119 2448 1132 ’
2482 1104 2530 1156 εἱ
2558 1101 2616 1156 δέ
2647 1100 3034 1174 μὴείρηνεύοι,
3069 1098 3449 1171 ἀναχωρῆσαν
3481 1097 3510 1151 ὅ
3535 1097 3628 1152 καὶ
3653 1095 3780 1164 ἐγέ-

2183 1213 2327 1263 νετο,
2357 1195 2454 1249 καὶ
2499 1194 2891 1268 ἐχειροτονήθη
2932 1194 3260 1265 Νεκτάριος.
3302 1193 3362 1246 ὐ
3402 1191 3566 1255 αὐτὸς
3597 1183 3777 1253 οὗτος,

2185 1287 2308 1343 κατ’
2355 1286 2608 1357 ἀλλήλων
2637 1286 2947 1357 γενομένων
2989 1284 3339 1341 ἰννοκεντίου
3396 1284 3490 1338 καὶ
3536 1282 3776 1336 Φλαυῖαο

2185 1381 2302 1447 νοῦ,
2320 1381 2420 1453 τὴν
2449 1380 2764 1452 ἀναμεταξὺ
2797 1379 2981 1435 αὐτῶν
3013 1377 3216 1450 ἔχθραν
3243 1380 3309 1432 ἐκ
3343 1376 3521 1432 ποδῶν
3547 1375 3776 1446 ἐποίησε

2189 1478 2284 1532 καὶ
2315 1477 2574 1548 ἠφάνισε.

2741 1587 3082 1644 ΕΡΩΤΗΣΙΣ
3119 1587 3203 1644 H'.

2201 1708 2300 1763 Ἐν
2327 1707 2530 1772 ποίαις
2565 1705 2858 1772 συνόδοις
2879 1746 2892 1768 ,
2937 1705 3153 1774 καίπερ
3185 1703 3254 1758 ἐκ
3274 1702 3604 1776 Δδιαφόρων·
3635 1701 3784 1776 ἆρχ-

2265 1771 2579 1846 ιεριιτικῶν
2641 1771 2872 1845 θρόνων·
2921 1771 3413 1846 συνειλεγμένωτλ
3459 1771 3577 1846 τῶν
3630 1771 3784 1831 σῦ-

2261 1843 2587 1909 ενὶθόντων,
2621 1843 2734 1903 οὐκ
2771 1849 2960 1918 ἔσχεν
2998 1843 3281 1918 ἱσχὺνήτὰ
3315 1843 3662 1918 δεδογμένα,
3685 1848 3788 1902 διὰ

2263 1921 2328 1974 τὸ
2356 1920 2441 1990 μὴ
2472 1920 2726 1985 ἐνδίκως
2757 1916 3040 1974 καὶκατὰ
3073 1916 3302 1988 θεσμὸν
3354 1917 3789 1985 ἐκκλησιαστι-

2266 1993 2378 2046 κὸν
2414 1991 2716 2061 γενέσθαι.

2791 2107 3191 2164 ΑΠΟΚΡῘΣῙΣ.

2282 2223 2410 2277 Ἐπὶ
2453 2222 2566 2278 τῶν
2621 2223 2680 2277 ἐν
2722 2223 3029 2296 Ἀντιοχείᾳ
3074 2223 3442 2279 συνελθόντων
3490 2221 3585 2275 ἐπὶ
3628 2198 3793 2274 Κωνι¹ῖ

2198 2315 2474 2381 σταντίου,
2515 2315 2788 2386 προφάσει
2817 2313 2929 2368 τῶν
2953 2314 3247 2384 ἐγκαινίων
3275 2313 3376 2384 τῆς
3403 2314 3522 2366 ἐκεῖ
3557 2309 3795 2366 κτισθεί-

2201 2423 2301 2479 σης
2344 2407 2437 2462 ὑπ’
2483 2407 2651 2461 αὑτοῦ
2703 2406 2868 2477 ἁγίας
2905 2405 3266 2478 Ἐκκλησίαςο
3307 2397 3455 2459 οὗτοι
3481 2404 3592 2475 γὰρ
3630 2402 3793 2457 Ἀθα-

2200 2505 2385 2559 νάσιον
2421 2503 2522 2575 μὲν
2574 2497 2734 2566 αὖθις
2784 2501 3060 2565 καθεῖλον,
3093 2501 3196 2571 ἤδη
3231 2499 3325 2554 καὶ
3375 2497 3644 2570 πρότερον
3681 2493 3791 2548 imo

2201 2596 2311 2650 τῶν
2341 2598 2400 2650 ἐν
2429 2593 2596 2666 Τύρῳ
2643 2591 3073 2664 καθαιρεθέντασ
3123 2591 3425 2662 Γρηγόριον
3457 2589 3516 2642 δὲ
3545 2588 3660 2642 ἀντ’
3691 2586 3793 2640 αύ-

2203 2689 2298 2744 τοῦ
2333 2690 2414 2752 εἱς
2460 2687 2552 2740 τὸν
2588 2683 2755 2740 αὑτοῦ
2789 2684 2980 2756 θρόνον
3013 2683 3454 2756 ἐχειροτόνησαν,
3487 2673 3564 2735 ὧν
3592 2679 3808 2734 ούδέτεο⁴

2206 2800 2300 2854 ρον
2350 2781 2535 2852 ἔμεινε
2574 2778 2814 2850 βέϐαιον.
2847 2773 3030 2831 τΗσαν
3073 2776 3132 2830 δέ
3169 2777 3227 2829 ἐν
3278 2775 3415 2844 αὐτῇ
3469 2771 3730 2836 Εὐσέϐιος
3765 2773 3796 2825 ὀ

2204 2874 2329 2928 τότε
2377 2869 3032 2932 Κωνσταντινουπόλεως,
3087 2867 3182 2922 καλ¹
3226 2867 3495 2930 Πλάκιτος
3529 2865 3559 2918 ὁ
3595 2865 3798 2919 ’Δντιο-

2206 2965 2361 3038 χεὶας
2387 3005 2404 3030 ,
2459 2962 2583 3037 μεθ’
2615 2956 2692 3018 ὧν
2722 2964 3014 3017 ἐπίσκοποι
3047 2961 3374 3033 ἐνενήκοντα
3403 2959 3498 3014 καὶ
3541 2958 3681 3012 ἐπτὰ
3707 2957 3798 3010 τὸν

2208 3059 2444 3130 ἀριθμὸν
2496 3057 2740 3111 ἐτέλουν.
2779 3055 3057 3119 Ὡσαύτως
3095 3054 3190 3109 καὶ
3225 3054 3318 3107 ἐπὶ
3349 3051 3458 3107 τῶν
3484 3053 3544 3106 ἐν
3591 3049 3801 3121 Ἐφέσῳ

2219 3153 2360 3208 κατὰ
2391 3151 2488 3205 τοῦ
2522 3149 2762 3221 μεγάλου
2796 3147 3239 3220 συνεληλυθότων
3284 3142 3617 3199 Φλαυῖανοῦ·
3656 3159 3798 3213 παρ-

2209 3247 2348 3317 ῆσαν
2392 3243 2502 3316 γὰρ
2553 3244 2612 3296 ἐν
2669 3243 2810 3314 αὐτῇ
2856 3241 3153 3312 Διόσκορος
3210 3237 3655 3310 Ἀλεξανδρείας,
3707 3235 3803 3290 καὶ

2223 3341 2578 3404 ’Ῑουόενάλιος
2623 3339 3039 3411 Ἱεροσολύμων,
3095 3338 3193 3392 καὶ
3239 3339 3268 3392 ὁ
3319 3336 3659 3408 Ἀντιοχείας
3708 3336 3802 3390 σὺν

2217 3437 2422 3498 ἱκανοῖς
2471 3432 2780 3506 ὀρθοδόξοις
2823 3432 3184 3496 ἐπισκόποις,
3229 3431 3284 3486 οἳ
3317 3430 3534 3502 Εὐτυχῆ
3571 3430 3670 3500 μὲν
3715 3427 3803 3482 τὸν

2217 3529 2494 3601 αἱρετικὸν
2519 3527 2696 3582 ἀθῶον
2721 3528 3032 3600 ἀπέφηναν,
3071 3527 3166 3582 καὶ
3196 3526 3297 3599 τὴν
3329 3526 3632 3599 ἱερωσύνην
3658 3523 3800 3595 αὐτῷ

2217 3624 2545 3678 ἀπέδωκαν·
2602 3620 2901 3674 Φλαυῖανὺν
2957 3621 3015 3674 δέ
3070 3620 3164 3674 τὸν
3221 3620 3376 3688 ἅγιον
3423 3618 3802 3674 κατεδίκασαν.

2231 3715 2392 3768 Ἀλλὰ
2433 3715 2531 3768 καὶ
2557 3715 2922 3786 Θεοδὼριτον,
2961 3713 3220 3787 Κυρίλλῳ
3263 3711 3401 3784 μετὰ
3428 3710 3687 3782 τελευτὴν
3715 3725 3808 3780 χα-

2224 3807 2525 3880 ριζόμενοι,
2572 3808 2929 3878 κατέκριναν,
2961 3801 3036 3860 ὧν
3072 3805 3224 3860 οὐδὲν
3261 3805 3561 3858 ἀσάλευτον
3593 3803 3805 3874 ἔμεινεο

2225 3902 2406 3954 πάντα
2455 3900 2566 3970 γὰρ
2603 3898 2722 3968 μετ’
2757 3899 2938 3967 ὀλίγον
2977 3899 3010 3970 ἡ
3039 3899 3276 3970 τετάρτη
3326 3895 3542 3961 σύνοδος
3578 3898 3611 3967 ἡ
3645 3897 3724 3959 είς
3752 3893 3810 3948 τὸ

2224 3994 2520 4060 Βυζάντιον
2560 3993 2921 4065 μετέστρεφε,
2969 3993 3071 4062 τὴν
3116 3993 3428 4064 παράλογον
3481 3991 3590 4044 τῶν
3636 3991 3812 4044 ἐκεῖσε

2228 4087 2672 4159 συνεληλυθότων
2732 4085 3055 4156 συμφωνίαν
3090 4087 3149 4140 ἐν
3182 4086 3356 4140 οὐδενὶ
3399 4083 3618 4155 θέμενοι
3651 4083 3810 4155 λόγῳ.

2237 4181 2477 4251 Ὁμοίως
2521 4181 2617 4234 ἐπὶ
2647 4179 2756 4234 τῶν
2793 4181 2937 4234 κατὰ
2980 4179 3077 4233 τοῦ
3132 4181 3188 4233 ἐν
3216 4179 3395 4248 ἁγίοις
3426 4178 3816 4250 Χρυσοστόμου

2231 4271 2694 4342 συνεληλυθότων·
2757 4270 2945 4343 παρῆν
2998 4270 3110 4342 γὰρ
3166 4272 3224 4324 ἐν
3282 4271 3418 4342 αὐτῇ
3479 4269 3739 4340 Θεόφιλος
3788 4271 3817 4324 ὀ

2243 4362 2658 4436 Ἀλεξανδρείας
2705 4363 2802 4418 σὺν
2848 4363 2943 4418 καί
2987 4380 3097 4416 τισι
3129 4363 3239 4416 τῶν
3285 4362 3453 4417 αὐτοῦ
3481 4365 3819 4432 ἐπισκόπων,

2232 4458 2327 4510 καὶ
2351 4455 2518 4510 αὐτοῦ
2551 4455 2607 4510 δὲ
2648 4456 2744 4510 τοῦ
2771 4457 2829 4510 ἐν
2873 4457 3053 4525 ἁγίοις
3093 4456 3723 4522 Κωνσταντινουπόλεὼς
3743 4475 3823 4510 τι·

523 4546 652 4601 aliis
675 4544 1010 4615 quihusdam
1044 4545 1321 4614 episcopis
1345 4584 1360 4608 ,
1391 4544 1786 4613 nonnullisque
1844 4545 2008 4598 etiam
2055 4559 2111 4598 ea

2234 4567 2322 4614 νες
2346 4553 2413 4620 τῇ
2447 4549 2768 4620 καθαιρέσει
2801 4550 3156 4621 συνήργησαν
3184 4548 3380 4623 ταύτῃ.
3423 4547 3582 4603 Ἀλλὰ
3614 4549 3709 4602 καὶ
3736 4549 3826 4602 ἐπὶ

525 4637 646 4707 ipsa
680 4635 1062 4706 Chrysostouii
1092 4633 1315 4689 dimcesi
1347 4633 1745 4704 depositionem
1778 4633 1895 4702 ejus
1923 4646 2131 4702 urgen-

528 4730 681 4787 tibus
705 4739 866 4798 atque
889 4727 1303 4798 adjuvantibus.
1337 4725 1598 4792 Quiuimo
1628 4741 1737 4780 non
1762 4739 1922 4779 secus
1946 4733 2130 4778 actum

529 4832 617 4878 est
646 4820 712 4875 de
745 4819 1021 4891 episcopis
1048 4818 1116 4872 76
1147 4817 1511 4872 orientalibus
1543 4818 1684 4886 apud
1705 4813 2132 4885 Philippopolim

533 4915 784 4972 Thraciae
813 4912 1289 4977 convenientibus,
1337 4927 1461 4965 eum
1493 4910 1732 4966 Sardicae
1770 4908 2015 4982 synodus
2042 4923 2135 4963 ce-

535 5002 798 5065 lebranda
817 5018 956 5064 erat.
979 5005 1322 5061 Celebriores
1346 5006 1494 5060 enim
1523 5014 1578 5058 et
1597 5005 1688 5059 (Ιοι
1705 5003 1873 5059 tiores
1892 5001 2135 5071 episcopi

537 5119 605 5159 ex
665 5100 940 5156 uuiiersis
991 5100 1393 5170 propemodum
1444 5096 1689 5153 Orientis
1747 5096 1973 5151 sedibus
2023 5096 2136 5152 illic

537 5195 858 5266 congregati
913 5193 1122 5248 Julium
1158 5193 1380 5264 quidem
1418 5190 1731 5246 Romanum
1791 5190 2135 5260 pontiﬁcem,

536 5300 593 5346 et
619 5288 814 5344 Osium
851 5289 1255 5350 confessorem,
1280 5285 1534 5356 aliosque
1585 5284 1883 5340 nonnullos
1917 5285 2141 5338 damna-

537 5392 707 5451 runt;
738 5381 1026 5436 Athanasii
1056 5397 1192 5435 vitro
1243 5388 1298 5433 et
1344 5379 1496 5432 I’auli
1534 5395 1859 5450 magnorum
1891 5378 2137 5433 virorum

539 5476 966 5546 depositionem,
998 5483 1056 5528 ut
1083 5473 1188 5528 sibi
1219 5473 1530 5537 videbatur,
1567 5472 1992 5540 conﬁrmarunt,
2019 5490 2143 5544 qua:

541 5571 726 5625 omnia
775 5568 1035 5638 deinceps
1066 5577 1274 5620 mutata
1298 5579 1352 5620 et
1379 5566 1653 5621 inﬁrmata
1687 5565 1862 5622 fuere.
1889 5567 2144 5625 Marcello

543 5680 764 5735 quoque
793 5666 1090 5733 Aucyrano
1126 5663 1390 5732 episeopo
1426 5659 1564 5713 nihil
1598 5659 1830 5730 profuit,
1865 5663 2145 5719 unanimis

543 5759 928 5828 episcoporum
963 5755 1233 5828 synodum
1258 5754 1398 5825 apud
1432 5753 1719 5808 Sardicam
1757 5759 2060 5826 agentium,
2091 5755 2145 5808 in

547 5867 613 5905 eo
668 5853 736 5906 ab
779 5852 942 5906 illatis
987 5851 1314 5907 criminibus
1369 5851 1751 5918 absolvendo,
1813 5866 2143 5918 consensus,

2234 4644 2346 4696 τῶν
2375 4645 2434 4696 ὲν
2460 4641 2946 4706 Φιλιππουπόλεως
2981 4643 3082 4714 τῆς
3111 4643 3336 4715 Θρᾴκης
3363 4644 3427 4696 ἐκ
3460 4645 3560 4714 τῆς
3587 4641 3666 4696 ἔω
3701 4659 3828 4696 συν-

2237 4734 2505 4788 ελθόντων
2552 4741 2640 4800 ος¹
2672 4734 3010 4798 ἐπισκόπων,
3049 4734 3138 4787 ὅτε
3167 4735 3200 4804 ἡ
3249 4733 3309 4786 ἐν
3339 4733 3579 4805 Σαρδικῇ
3614 4733 3828 4797 σύνοδος

2237 4828 2431 4900 ἔμελλε
2482 4827 2943 4898 συγκροτεῖσθαι’
2995 4828 3045 4880 οἱ
3091 4825 3412 4897 λογιώτεροι
3441 4827 3552 4898 γὰρ
3582 4828 3692 4881 ἀπὸ
3731 4830 3830 4899 τῆς

2237 4921 2507 4991 ἀνατολῆς
2547 4921 2726 4974 ἐκεῖσε
2760 4920 3246 4992 συναθροισθέντες
3291 4921 3356 4974 ἐκ
3394 4919 3576 4989 πάσης
3606 4921 3831 4974 ἐπισκο-

2241 5013 2382 5084 πῆς’
2428 5012 2652 5067 Ἰούλιον
2685 5013 2784 5084 μὲν
2817 5013 2918 5082 τῆς
2951 5013 3215 5083 ἀνατολῆς
3243 5014 3424 5066 ἐκεῖσε
3458 5013 3555 5066 σὺν
3585 5012 3664 5084 τῷ
3703 5012 3834 5066 Ῥώ-

2244 5123 2353 5176 μης
2393 5104 2666 5168 καθεῖλον,
2722 5104 2819 5157 καὶ
2849 5105 3038 5157 Ὄσιον
3076 5104 3170 5157 τὸν
3221 5102 3580 5174 ὁμολογητὴν,
3615 5105 3710 5156 καὶ
3741 5103 3834 5158 ἄλ-

2241 5197 2383 5264 λους.
2435 5198 2831 5270 Ἐπεκύρωσαν
2877 5197 2957 5262 δέ,
3012 5197 3090 5260 ὡς
3118 5198 3358 5259 ἐδόκουν,
3390 5197 3489 5267 τὴν
3520 5197 3631 5250 τῶν
3663 5197 3832 5268 μεγά-

2243 5291 2351 5344 λων
2394 5290 2720 5344 Ἀθανασίου
2774 5292 2869 5342 καὶ
2911 5289 3129 5343 Παύλου
3173 5288 3270 5342 τοῦ
3321 5287 3667 5359 ὁμοληγητοῦ
3699 5286 3836 5340 καθ-

2246 5386 2483 5453 αίρεσιν,
2515 5376 2591 5436 ὧν
2642 5382 2796 5436 οὐδὲν
2831 5382 3103 5454 ἄτρεπτον
3133 5381 3165 5452 ἥ
3208 5380 3590 5451 ἀμετάϐλητον
3619 5379 3833 5450 ἔμεινε·

2247 5480 2345 5532 καὶ
2388 5477 2714 5548 Μάρκελλον
2761 5477 2818 5530 δέ
2865 5477 2958 5529 τὸν
3001 5475 3279 5546 Ἀγκύρας
3312 5477 3346 5544 ἠ
3387 5473 3596 5528 τούτων
3641 5473 3750 5527 τῶν
3780 5473 3840 5526 ἐν

2247 5572 2491 5644 Σαρδινῇ
2543 5570 2913 5625 συνελθόντων
2947 5570 3241 5640 συμφωνία
3273 5569 3366 5622 ἐπὶ
3393 5569 3459 5640 τῇ
3491 5567 3658 5621 αὐτοῦ
3697 5565 3840 5620 ἀθω-

2248 5665 2405 5728 ώσει,
2435 5665 2639 5738 καίπερ
2668 5662 2835 5718 αὐτοῦ
2871 5663 2964 5717 τοῦ
3003 5662 3229 5735 Ῥώμης
3258 5663 3327 5716 δι’
3370 5661 3551 5716 Ὂσίου
3583 5659 3678 5714 τοῦ
3709 5661 3839 5731 ὀμο-

2249 5758 2482 5830 λογητοῦ
2512 5757 2976 5832 παραγεγονότος,
3001 5757 3060 5821 ὂς
3095 5757 3188 5812 τὸν
3216 5755 3382 5811 αὐτοῦ
3411 5758 3576 5810 τόπον
3608 5753 3841 5824 ἀνεπλή-

2255 5871 2375 5926 ρου,
2432 5855 2524 5908 καὶ
2568 5855 2668 5927 τῆς
2707 5855 2927 5908 συνόδου
2957 5853 3180 5920 δεκτέας
3211 5851 3400 5923 οὔσης,
3453 5849 3607 5905 οὐδὲν
3639 5849 3839 5922 ὢνησε,
