4142 6436
464 319 595 386 1231
1321 321 1623 384 PETRUS
1657 321 1981 384 SlCULUS
2021 324 2118 384 ET
2155 325 2456 387 I‘ETRUS
2494 325 2899 391 ARGORUM.
3611 339 3738 407 1232

461 435 558 492 sed
586 443 642 490 et
677 431 939 490 Sardium
970 435 1382 508 metropolitam
1419 438 1756 493 creavimus.
1808 435 2061 509 Denique
2093 490 2097 500 ,

2100 445 2140 500 Α
2169 441 2489 508 αιρεΘέντας
2549 443 2644 497 ἐπὶ
2698 444 3014 516 ἐγκλήμασι
3084 444 3240 518 παρὰ
3291 445 3387 501 τοῦ
3445 449 3736 521 ἁγιωτάτων

457 528 596 584 alios
617 527 889 600 plurimos
917 528 987 584 ob
1012 529 1214 586 delicta
1246 545 1273 585 a
1309 537 1501 586 sancto
1523 529 1735 601 lgnatio
1755 529 2058 600 depositos,

2179 532 2442 600 Ἰγνατίου
2473 535 2637 605 ἡμεῖς
2662 535 2988 608 ἐδεξάμεθα,
3034 537 3133 591 καὶ
3160 540 3287 604 τοὺς
3314 541 3405 610 ὑφ’
3435 543 3586 616 ἡμῶν
3611 549 3735 604 καθ-

456 634 560 675 nos
588 621 961 692 suscepimus,
1011 622 1264 691 aliosque
1311 638 1339 676 a
1372 623 1535 677 nobis
1585 621 1867 691 depositas
1913 622 2058 678 idem

1783 632 1867 677 tos
1913 622 2058 678 idem
2162 623 2483 694 αιρεοέντας
2511 628 2541 679 ὁ
2577 627 2636 680 ὲν
2664 627 2844 696 ἁγίοις
2887 629 3146 699 Ἰγνάτιος
3173 631 3415 698 ἐδέξατο.

456 722 680 768 sanctus
713 710 955 784 Ignatius
993 713 1046 767 in
1082 714 1168 768 sui
1203 714 1651 768 communionem
1685 713 1910 784 recepit.

931 805 1461 862 INTERROGATIO
1519 805 1584 859 Χ.

1542 805 1584 858 ἱ.
2749 805 3093 861 ΕΡΩΤΗΣΙΣ
3123 809 3178 862 l'.

663 898 805 965 Quot
854 898 920 952 ob
950 899 1285 953 mcumenicis
1313 897 1530 968 synodis
1567 896 1802 966 defecere
1826 900 1852 954 ?
1913 935 1915 938 ι
2155 896 2299 950 Πόσ‹

2155 896 2346 950 Πόσοι
2392 895 2516 951 τῶν
2553 897 2990 967 οὶκουμενικῶν
3038 899 3320 955 συνόδων
3351 901 3702 973 ἀπέστησαν
3715 926 3736 974 ;

675 1028 678 1031 -
1035 988 1444 1046 RESPONSIO.

2745 991 3144 1048 ΑΠΟΚΡΙΣΙΣ.

523 1084 568 1139 Α
602 1084 777 1156 prima
812 1086 1000 1156 utique
1023 1084 1436 1154 duodeviginti,
1471 1094 1526 1140 et
1568 1086 1620 1141 hi
1649 1086 1871 1156 quidem
1911 1086 2056 1142 cele-

2224 1081 2337 1150 Τῆς
2375 1080 2473 1152 μὲν
2509 1080 2738 1154 πρώτης
2780 1081 2926 1136 ὀκτὼ
2969 1084 3065 1136 καὶ
3111 1084 3247 1140 δέκα
3296 1085 3346 1138 oi
3392 1088 3732 1162 λογιωτέροι·

451 1177 684 1232 briores.
713 1176 907 1232 Plures
939 1193 1073 1233 vero
1106 1178 1175 1231 ab
1206 1179 1405 1244 altera,
1443 1180 1531 1249 qui
1580 1195 1688 1234 una
1719 1182 2054 1234 convenien-

2150 1173 2252 1244 τῆς
2284 1173 2342 1226 δὲ
2373 1174 2633 1245 δευτέρας
2677 1175 2946 1241 πλείονες,
2994 1178 3044 1231 οἳ
3107 1179 3200 1232 καὶ
3253 1180 3596 1245 συνελθόντες
3627 1183 3737 1255 ἅμα

450 1277 532 1325 tes
555 1270 773 1340 triginta
796 1286 889 1326 sex
915 1287 1204 1326 numerum
1224 1273 1535 1342 explebant.
1559 1275 1602 1328 A
1622 1275 1779 1329 tertia
1805 1274 2046 1344 triginta,

2155 1264 2456 1337 τριάκοντα
2481 1269 2577 1321 καὶ
2604 1267 2663 1333 ἓξ
2693 1269 2931 1323 ἐτέλουν.
2965 1271 3076 1340 Τῆς
3109 1269 3304 1341 τρίτης
3333 1272 3628 1344 τριάκοντα
3650 1279 3738 1331 καὶ

449 1370 506 1416 et
528 1361 769 1431 pontifex
789 1363 1190 1418 Antiocbenus.
1211 1364 1254 1416 A
1279 1372 1473 1434 quarta
1497 1364 1705 1418 infinita
1732 1364 2046 1429 multitudo,

2155 1359 2184 1410 ὁ
2216 1358 2316 1428 τῆς
2375 1358 2727 1428 Ἀντιοχείας.
2773 1359 2885 1430 Τῆς
2931 1361 3200 1432 τετάρτης
3244 1359 3450 1432 πλῆθος
3496 1364 3737 1437 ἄπειρον,

449 1454 564 1510 imo
590 1463 644 1509 et
675 1470 868 1512 omnes
907 1459 1001 1527 qui
1046 1456 1310 1512 Dioscoro
1345 1457 1675 1524 studebant,
1705 1458 1911 1528 quique
1947 1471 2050 1512 nec

2039 1472 2050 1512 ι
2156 1451 2252 1505 καὶ
2291 1453 2338 1505 οἱ
2373 1451 2471 1507 τοῦ
2500 1451 2831 1527 Διοσκούρου
2864 1453 3086 1522 πάντες,
3117 1453 3166 1507 οἳ
3193 1453 3302 1508 οὐδ’
3335 1455 3675 1528 ὑπέγραψαν.

445 1548 914 1618 subscripserunt.

452 1735 3733 1780 Μ
881 1768 908 1776 ,.
930 1752 1139 1776 _.____-

1491 1911 1680 1957 ANNIS
1714 1911 1948 1958 DOMINI
1978 1911 2274 1957 DCCCLXX
2306 1930 2382 1940 —
2407 1915 2677 1962 DCCCXC.

1119 2098 1975 2280 PETRUS
2106 2097 2434 2282 SIC
2463 2099 3085 2315 ULUS,

794 2591 1476 2759 PETRUS,
1556 2592 2348 2728 ARGORUM
2428 2595 3360 2744 EPISCOPUS.

1801 2955 2358 3106 NO.TITIA.

1276 3212 1699 3286 (MONGHORIUS,
1731 3210 2066 3268 Bibliotheca
2097 3212 2287 3270 Sicula
2317 3223 2354 3269 ι.
2389 3211 2452 3282 II,
2482 3230 2604 3287 pag.
2645 3213 2932 3287 158-160.)

487 3527 681 3585 Petrus
710 3527 958 3592 Siculus,
1006 3527 1079 3582 ita
1124 3525 1307 3581 dictus
1353 3526 1483 3596 quia
1515 3525 1569 3580 in
1620 3523 1810 3581 Sicilia
1834 3526 2039 3593 ,‘ortus,
2089 3527 2176 3582 vir
2210 3542 2410 3597 genere
2442 3527 2648 3594 clarus,
2689 3524 3045 3583 doctissimus
3073 3542 3138 3582 ac
3183 3527 3595 3589 celeberrimus.
3643 3533 3710 3590 Ut

411 3619 819 3674 Saracenorum
858 3615 1203 3688 tyrannidem
1247 3614 1303 3667 in
1353 3612 1543 3668 Sit-ilia
1583 3613 2054 3669 incrndesccntem
2096 3617 2420 3678 declinaret,
2471 3617 2524 3670 in
2557 3615 2836 3671 Orientem
2870 3615 3008 3687 fugit
3038 3631 3182 3672 anno
3211 3617 3338 3686 830,
3394 3634 3462 3674 ex
3485 3618 3706 3679 Octavio

408 3707 653 3761 Caetano
706 3705 758 3759 in
798 3703 1051 3758 Animad.
1101 3703 1169 3756 ad
1203 3712 1330 3756 tom.
1371 3700 1430 3753 11
1469 3699 1570 3755 SS.
1609 3700 1842 3755 Siculor.
1876 3717 2000 3772 pag.
2041 3704 2123 3768 18,
2167 3706 2238 3758 ibi
2271 3706 2591 3759 diuturnam
2640 3704 2904 3774 protraxit
2939 3720 3190 3772 moram;
3235 3716 3290 3761 et
3335 3707 3405 3763 ob
3447 3711 3701 3766 eximiam

407 3796 720 3850 doctrinam
759 3794 964 3849 Basilio
996 3793 1314 3862 imperatori
1337 3791 1570 3860 ejusque
1610 3791 1736 3847 filiis
1760 3790 2127 3848 Constantino
2155 3803 2206 3847 et
2251 3792 2417 3847 Leoni
2447 3794 2798 3862 gratissimus
2850 3793 2970 3848 fuit.
3005 3794 3163 3864 Apud
3224 3796 3372 3866 ipsos
3406 3813 3699 3868 permagna

403 3885 580 3939 valuit
609 3883 958 3947 auctoritate,
1000 3882 1094 3953 qui
1143 3891 1196 3935 et
1259 3881 1541 3935 nonnullis
1572 3880 1856 3937 beneficiis
1911 3880 2133 3936 Petrum
2188 3891 2549 3936 exornarunt.
2582 3881 2664 3936 Ab
2693 3881 2825 3951 ipsis
2871 3881 3082 3951 legatus
3129 3883 3333 3938 missus
3369 3881 3696 3941 Timbricam

401 3974 678 4027 Armeniae
707 3973 898 4026 urbem
924 3986 1071 4025 anno
1099 3971 1224 4036 870,
1264 3978 1320 4023 ut
1348 3970 1593 4038 captivos
1619 3970 1828 4026 Christi
1879 3971 2066 4026 li-Icles
2111 3979 2474 4042 permutaret,
2512 3971 2698 4040 ibique
2727 3969 3067 4025 nonimestre
3112 3973 3346 4039 spatium
3381 3975 3580 4044 exegit,
3635 3990 3697 4031 ac

403 4063 790 4119 demandatam
824 4062 928 4117 sibi
983 4061 1322 4127 provinciam
1361 4059 1594 4116 feliciter
1628 4061 1884 4116 absolvit.
1926 4059 2064 4116 Cum
2126 4070 2308 4114 autem
2358 4059 2572 4128 plenam
2602 4059 2830 4113 him-esis
2859 4057 3290 4114 Manichaeorum
3325 4063 3691 4132 cognitionem

402 4153 728 4219 accepissnt,
759 4150 922 4218 hujus
948 4149 1234 4203 historiam
1268 4147 1488 4218 scripsit
1515 4163 1844 4218 erroresque
1870 4147 2031 4203 docte
2067 4149 2427 4218 impugnavit.
2454 4150 2524 4202 De
2553 4164 2619 4203 eo
2648 4146 2939 4213 Baronius,
2969 4157 3103 4202 tom.
3131 4146 3184 4201 X
3216 4149 3423 4224 Annal‘
3447 4167 3537 4206 an.
3567 4150 3689 4217 870,

400 4255 456 4294 η.
500 4239 623 4305 66.;
657 4239 820 4308 hujus
849 4239 1014 4292 etiam
1048 4237 1300 4291 meminit
1338 4245 1471 4290 tom.
1510 4235 1640 4297 VIII,
1671 4253 1761 4289 an.
1797 4235 1926 4300 655,
1961 4253 2016 4290 ιι.
2057 4236 2142 4291 14.
2180 4239 2249 4291 At
2288 4247 2422 4292 tom.
2479 4235 2570 4300 IX,
2600 4252 2732 4291 ann.
2765 4236 2894 4301 7‘22,
2934 4253 2988 4291 n.
3027 4238 3268 4301 hanno
3293 4237 3420 4304 810,
3456 4256 3510 4294 n.
3554 4239 3610 4305 4,
3639 4249 3690 4296 ct

398 4348 490 4387 an.
525 4331 652 4397 685,
687 4348 739 4385 n.
772 4331 826 4391 2,
865 4329 1070 4385 Lucam
1105 4327 1352 4383 Siculum
1386 4337 1564 4382 vocat.
1601 4327 1674 4381 De
1706 4343 1771 4381 eo
1801 4327 1968 4382 etiam
2019 4326 2298 4381 Caetanus
2342 4325 2437 4380 cit.
2469 4340 2594 4395 pag.
2633 4324 2700 4379 18
2729 4330 2784 4378 et
2838 4324 2948 4391 27;
3005 4323 3342 4382 Possevinus
3393 4325 3446 4381 in
3485 4330 3682 4398 Appar.

397 4421 554 4477 Sacr.
594 4429 726 4475 tom.
763 4419 851 4483 111,
891 4434 1012 4489 pag.
1048 4417 1138 4474 69.
1175 4416 1246 4472 At
1275 4425 1407 4472 tom.
1441 4415 1502 4480 II,
1540 4433 1667 4487 pag.
1703 4415 1830 4481 551,
1871 4416 1977 4470 sub
2027 4415 2188 4470 Luca:
2221 4413 2390 4468 Siculi
2450 4413 2717 4480 nomine;
2757 4412 3040 4468 diversum
3089 4413 3234 4468 cnim
3287 4413 3492 4471 Lucam
3526 4417 3684 4471 Sicu-

397 4512 510 4566 Ium
547 4527 576 4564 a
607 4508 771 4564 Petro
805 4507 991 4563 Sicqu
1030 4524 1095 4562 ex
1128 4506 1348 4561 Baronii
1378 4522 1566 4560 errore
1597 4507 1812 4575 putavit
1845 4522 1859 4559 :
1886 4504 1982 4560 sed
2027 4514 2084 4558 ut
2114 4502 2530 4558 oculatissimus
2565 4501 2846 4557 Gerardus
2877 4499 2968 4558 Jo.
3005 4501 3236 4558 Vossius
3272 4503 3348 4558 De
3375 4506 3502 4562 hist.
3532 4503 3680 4561 Cra:-

394 4601 491 4665 cis,
518 4599 612 4654 lib.
649 4614 724 4662 tv,
759 4613 879 4666 cap.
907 4597 994 4660 19,
1025 4612 1080 4667 p.
1113 4595 1240 4654 490.
1270 4594 1846 4650 CasimirusOudinus
1887 4593 1939 4647 in
1965 4592 2340 4664 Supplementa
2374 4592 2444 4646 ad
2465 4591 2851 4646 Bellarminum
2893 4590 2964 4648 De
3002 4593 3251 4662 scriptor.
3289 4593 3676 4662 ecclesiasticis,

390 4705 512 4760 pag.
556 4686 685 4752 ‘261,
714 4695 768 4739 et
815 4684 1075 4740 Nicolaus
1107 4685 1380 4738 Antonius
1429 4685 1481 4736 in
1527 4683 1787 4737 Biblioth.
1837 4681 2084 4750 Hispana
2114 4691 2217 4735 eet.
2265 4690 2400 4736 tom.
2428 4683 2467 4745 I,
2500 4680 2594 4736 lib.
2627 4695 2683 4747 γ,
2711 4697 2833 4751 cap.
2865 4680 2919 4746 7,
2967 4698 3022 4737 n.
3058 4680 3185 4748 395,
3215 4683 3676 4750 animadvertunt,

391 4778 536 4832 idem
574 4783 675 4828 est.
713 4771 847 4827 Vide
875 4774 1039 4828 etiam
1071 4770 1338 4825 Joannem
1379 4770 1701 4825 Bollandum
1735 4771 1788 4825 in
1815 4771 1960 4824 Actis
1995 4768 2092 4824 SS.
2123 4769 2380 4824 Januarii
2429 4779 2564 4823 tom.
2595 4768 2637 4823 II
2670 4769 2758 4825 die
2801 4770 2894 4825 25.
2929 4769 3158 4835 Januar,
3196 4769 3376 4838 “25;
3411 4771 3678 4828 Hautber-

387 4877 505 4919 tum
534 4863 802 4923 Mirmum,
837 4861 889 4914 in
918 4863 1140 4914 Auctor.
1193 4859 1452 4914 Biblioth.
1504 4858 1712 4914 Eccles.
1785 4875 1909 4930 cap.
1933 4857 2061 4922 256,
2097 4874 2150 4928 p.
2205 4858 2349 4914 250:
2388 4855 2704 4913 Matthaeum
2752 4859 3028 4914 Raderum
3063 4860 3115 4913 in
3150 4858 3407 4914 Observat
3440 4861 3511 4915 ad
3549 4863 3672 4916 hist.

385 4952 538 5006 Petri
567 4949 737 5007 Siculi
769 4950 861 5019 qui
894 4949 947 5002 in
990 4947 1219 5002 dubium
1252 4956 1477 5003 revocat
1520 4949 1662 5002 sitne
1690 4947 1800 5014 ille,
1834 4964 1998 5018 quem
2036 4945 2279 5003 Joannes
2304 4947 2662 5016 Carapotales
2693 4947 2746 5001 in
2790 4962 2904 5001 suae
2958 4947 3205 5002 historia:
3230 4948 3480 5014 exordio,
3516 4949 3671 5005 Sicu-

383 5045 498 5097 lum
545 5039 872 5109 magistrum
913 5049 1092 5105 vocet,
1120 5047 1173 5091 et
1231 5036 1454 5092 Petrum
1502 5036 1751 5091 Siculum
1800 5036 2212 5107 intelligendum
2257 5034 2593 5103 suspicatur.
2641 5035 2710 5089 At
2744 5037 3021 5090 (laetanus
3064 5035 3158 5090 cit.
3204 5051 3258 5106 p.
3297 5035 3387 5102 -l8,
3424 5047 3575 5106 putat
3603 5039 3669 5093 de

383 5129 647 5188 Michaele
677 5126 843 5196 Glyca
870 5124 1133 5179 historico
1175 5123 1361 5178 Siequ
1401 5123 1575 5193 accipi
1609 5123 1831 5190 debere,
1886 5126 2033 5194 quod
2085 5140 2150 5179 cx
2181 5126 2468 5194 utriusque
2499 5124 2744 5180 historia:
2779 5124 2885 5178 fine
2917 5124 3081 5195 plane
3098 5125 3395 5194 colligitur.
3434 5123 3664 5182 Vossius

377 5227 511 5267 vero
542 5211 634 5266 cit.
678 5211 732 5263 in
767 5209 985 5262 Addict.
1015 5223 1138 5277 pag.
1172 5206 1296 5272 542,
1332 5206 1589 5262 dubitans
1626 5223 1694 5260 an
1726 5207 1814 5262 hic
1863 5211 2122 5280 magister
2150 5211 2371 5268 Siculus
2402 5214 2718 5284 Carapntali
2749 5221 2804 5268 et
2857 5213 3109 5268 Cedreno
3139 5215 3191 5268 in
3247 5213 3500 5269 Exardiis
3535 5216 3660 5272 hist.

379 5307 742 5360 memoratus,
776 5298 845 5352 sit
869 5295 1099 5351 Michael
1127 5294 1347 5366 nycas,
1384 5293 1576 5350 Petrus
1610 5293 1850 5361 Siculus,
1884 5313 1951 5353 an
1982 5298 2225 5357 Joannes
2268 5300 2513 5369 Siculus,
2549 5302 2912 5358 verisimilius
2942 5313 3101 5372 putat
3142 5302 3210 5358 de
3237 5301 3449 5358 Joanne
3473 5304 3660 5359 Sicqu

379 5390 605 5460 intelligi
635 5407 649 5454 ;
691 5397 746 5442 at
781 5387 874 5440 lib.
901 5402 976 5452 iv,
1011 5399 1134 5454 cap.
1165 5383 1256 5449 91,
1297 5398 1420 5453 pag.
1451 5383 1576 5445 499,
1615 5385 1681 5438 de
1711 5383 1923 5441 Joanne
1955 5387 2143 5443 Sicqu
2185 5391 2446 5444 historico
2479 5390 2729 5446 scribens
2759 5391 2834 5444 ait
2862 5408 2875 5444 :
2906 5389 3213 5460 l'hilippani
3249 5388 3576 5456 Labbaium,
3603 5392 3657 5446 in

373 5479 736 5532 Delineatione
768 5484 1058 5547 apparatus
1083 5473 1152 5526 ad
1182 5473 1463 5524 historiam
1492 5470 1871 5543 Byzantinam,
1911 5491 1962 5545 p.
1989 5477 2078 5543 4-1,
2109 5480 2238 5534 alibi
2276 5481 2478 5536 nodum
2517 5481 2665 5535 [nunc
2710 5480 3111 5536 dissoluturum
3145 5481 3481 5551 promisisse.
3523 5480 3654 5537 Vide

370 5569 534 5622 etiam
575 5566 940 5621 Franciscum
977 5563 1237 5617 Scorsuni
1270 5560 1322 5613 in
1356 5559 1598 5630 Iipistola
1639 5563 1704 5616 ad
1735 5560 2021 5620 Lectorem
2055 5565 2260 5623 Homil.
2295 5567 2542 5640 The0ph.
2581 5569 2878 5635 Ceratnaei;
2918 5568 3230 5639 Philippum
3267 5569 3557 5625 Labbteum
3595 5570 3646 5625 in

371 5655 475 5711 SS.
529 5653 784 5720 Patrum,
830 5662 935 5708 etc.
975 5650 1309 5705 Bibliotheca
1354 5649 1606 5704 (.‘hronol.
1645 5666 1698 5721 p.
1749 5651 1883 5719 106;
1921 5655 2271 5711 Guillelmum
2295 5659 2458 5723 Cave,
2503 5659 2557 5712 in
2591 5656 2850 5725 Scriptor.
2883 5655 3200 5711 Ecclesiast.
3233 5659 3422 5712 histor.
3460 5658 3647 5726 litter.,

371 5760 463 5800 an.
499 5745 628 5810 870,
657 5761 712 5815 p.
743 5743 880 5810 592;
915 5741 1055 5796 Lud.
1084 5741 1381 5795 Morcrium
1416 5739 1469 5796 in
1503 5739 1645 5795 Dict.
1688 5751 1824 5797 tom.
1857 5741 1922 5805 II,
1953 5761 2005 5804 D.
2029 5744 2174 5814 857;
2206 5756 2261 5802 ct
2295 5746 2356 5802 L.
2393 5747 2556 5803 Ellies
2587 5745 2784 5817 Dupin,
2820 5747 2873 5800 in
2936 5744 3193 5802 Biblioth.
3228 5755 3435 5802 auctor.
3462 5746 3644 5803 cccles.

370 5850 502 5895 tom.
533 5836 673 5903 VIII,
706 5853 826 5908 cap.
863 5838 950 5901 I7,
988 5852 1110 5908 pag.
1156 5835 1283 5892 194.
