4142 6440
468 441 607 506 1233
1604 435 1926 501 NOTITIA
1964 437 2069 498 EX

2124 435 2623 499 iIONGITORIO.
3625 429 3760 494 1234

541 554 776 626 Scripsit
805 554 1002 611 Petrus
1031 551 1253 608 Siculus
1287 551 1588 606 Historiam
1622 552 1688 605 de
1727 569 1862 605 vana
1896 561 1945 605 et
1978 549 2176 604 stolida
2208 549 2634 603 Manichworum
2664 547 2856 603 haeresi
2900 563 3066 618 quam
3098 563 3204 602 ms.
3228 546 3415 602 Grmce
3445 547 3764 602 asservabat

464 643 730 698 Vaticana
791 643 1121 698 bibliotheca
1156 641 1462 714 (Bavarica,
1508 640 1583 694 ait
1615 638 1850 695 Vossius
1881 639 1974 694 cit.
2010 639 2051 703 ).
2089 638 2264 704 Huius
2319 637 2622 708 fragmenta
2668 637 2916 706 quadam
2945 638 3240 693 Latinitate
3270 640 3470 692 donata
3493 652 3524 692 a
3554 635 3761 692 Jacobo

466 732 764 788 Sirmondo
810 731 938 788 Soc.
978 730 1108 787 Iesu
1160 732 1336 786 edidit
1394 729 1688 789 Baronius.
1734 737 1772 782 t.
1809 726 1947 790 VIII,
1981 725 2074 790 IX,
2107 735 2162 782 et
2187 724 2254 790 Χ,
2289 726 2394 779 loc.
2425 726 2520 779 cit.
2555 733 2610 779 et
2641 725 2794 788 alibi,
2830 724 2975 779 unde
3017 741 3046 780 a
3084 725 3382 779 Sirmondo
3430 724 3604 778 Roma
3633 725 3750 778 haac

464 830 706 884 Historia
748 831 813 882 ad
851 827 1095 883 Marcum
1144 825 1424 881 Velserum
1471 826 1640 880 missa
1699 834 1829 879 tunc
1869 825 2131 893 Augustae
2197 819 2636 884 Vindelicorum,
2669 830 2721 874 et
2760 821 2829 874 ab
2880 820 2988 876 isto
3026 821 3094 876 ad
3126 819 3446 875 Matthaeum
3485 819 3758 875 lladerum

469 918 795 974 transmissa
836 925 943 982 est,
991 925 1052 970 ut
1085 914 1335 970 Latinam
1389 914 1615 980 faceret,
1667 928 1729 967 ac
1771 913 1912 984 typis
1959 913 2132 974 daret,
2164 909 2309 978 quod
2344 910 2546 970 eﬂecit,
2599 909 2910 978 prodiitque
2939 910 3128 965 Grmce
3155 919 3209 965 et
3247 909 3447 964 Latine
3500 909 3760 978 notisque

465 1006 764 1071 illttstrata,
808 1006 912 1060 hoc
941 1005 1104 1058 titulo
1127 1003 1383 1074 insignita
1411 1021 1425 1059 :
1458 1003 1607 1057 Petri
1634 1000 1804 1057 Siculi
1833 1001 2073 1054 Historia
2095 1016 2159 1054 ea:
2183 1015 2286 1052 ms.
2308 996 2488 1050 codice
2516 996 2842 1050 bibliotheca:
2872 995 3149 1052 Vaticana:
3183 995 3385 1063 Graece,
3419 1011 3540 1049 cum
3565 993 3762 1048 Latina

460 1095 695 1148 versione
731 1095 879 1148 edita
913 1109 1006 1162 per
1037 1092 1355 1146 Matthreum
1389 1091 1657 1145 Raderum
1687 1108 1714 1145 e
1743 1107 1852 1145 soc.
1883 1088 2035 1152 Jesu,
2067 1085 2384 1158 lngolstadii
2414 1101 2479 1139 ex
2517 1084 2875 1155 typographia
2912 1085 3108 1139 Adami
3152 1082 3388 1138 Sartorii
3422 1082 3579 1151 1604,
3612 1083 3755 1137 ἱιι-ι.

461 1183 590 1237 inde
641 1181 836 1238 Latine
871 1191 1083 1236 tantum
1121 1182 1174 1236 in
1209 1189 1341 1235 tom.
1375 1181 1418 1236 ll
1453 1179 1817 1250 Supplementi
1861 1179 1927 1232 ad
1960 1175 2342 1230 Bibliothecam
2390 1172 2639 1238 Patrum,
2692 1171 2920 1227 Parisiis
2958 1173 3103 1242 apud
3145 1170 3428 1242 Algidium
3467 1169 3756 1227 Morellum

459 1268 622 1335 1659,
659 1269 842 1325 in-l‘ol.
875 1286 998 1325 cum
1033 1271 1135 1325 hac
1166 1270 1525 1339 inscriptione
1558 1287 1571 1322 :
1610 1267 1756 1322 Petri
1794 1266 1966 1322 Siculi
1999 1264 2247 1318 Historia
2277 1263 2341 1317 de
2386 1279 2525 1316 vana
2557 1272 2606 1315 et
2637 1261 2833 1315 stolida
2867 1259 3289 1324 Manichaeorum
3337 1260 3524 1314 heresi
3571 1259 3755 1313 archi-

439 1359 699 1428 episcopo
733 1359 1093 1431 Bulgarorum
1120 1367 1449 1429 nuncupata.
1484 1356 1547 1411 Et
1581 1359 1796 1411 tandem
1831 1355 1884 1408 in
1918 1369 2058 1410 nova
2084 1351 2437 1408 Bibliotheca:
2469 1349 2694 1405 Patrum
2733 1349 2991 1416 editione,
3040 1348 3291 1421 Lugduni
3337 1348 3483 1420 apud
3518 1348 3759 1405 Anisso-

459 1444 587 1501 nios
622 1445 786 1515 1677,
820 1447 876 1501 in
908 1446 1003 1503 fol.
1032 1456 1211 1502 exstat
1239 1447 1292 1502 in
1317 1457 1451 1501 tom.
1481 1443 1621 1510 XVI,
1646 1460 1768 1515 pag.
1799 1439 1921 1497 755.

527 1568 862 1627 Possevinus
895 1569 952 1625 in
986 1569 1183 1641 Appar.
1212 1580 1346 1627 tom.
1392 1569 1481 1636 III,
1519 1585 1643 1640 pag.
1684 1567 1772 1635 69,
1813 1567 2041 1623 alterius
2071 1565 2255 1636 operis
2288 1563 2433 1619 Petri
2474 1562 2644 1619 Siculi
2700 1562 2971 1627 meminit,
3009 1563 3086 1618 ait
3127 1563 3272 1619 enim
3307 1581 3321 1618 :
3351 1560 3543 1616 Petrus
3572 1561 3739 1618 Sicu-

455 1657 539 1711 lus
565 1659 630 1712 de
654 1657 968 1715 Maniclueis
1000 1661 1278 1730 pulchrum
1307 1669 1358 1715 et
1401 1660 1695 1731 elegantem
1733 1659 1927 1713 librum
1981 1656 2163 1712 Grtece
2211 1655 2552 1722 conscripsit,
2601 1669 2752 1723 quem
2795 1653 3073 1723 aliquoties
3123 1651 3390 1706 Baronius
3459 1651 3754 1706 cardinalis

467 1753 599 1801 tom.
631 1745 779 1803 VIII
808 1758 858 1803 et
894 1746 980 1802 IX
1003 1766 1131 1804 ann.
1153 1751 1321 1816 citat,
1352 1765 1504 1820 quem
1537 1749 1662 1802 item
1705 1748 1774 1800 ad
1806 1765 1860 1801 se
1896 1747 1960 1800 ab
1988 1747 2168 1800 eodem
2199 1742 2467 1796 cardiuali
2493 1742 2712 1795 missum
2741 1741 2889 1794 vertit
2916 1750 3093 1794 noster
3116 1739 3402 1794 Matt/nens
3438 1738 3680 1795 Raderus
3705 1747 3755 1794 et

457 1829 716 1900 Augustae
741 1842 960 1904 utraque
984 1837 1164 1904 lingua
1193 1833 1447 1904 vulgavit.
1483 1831 1632 1886 [dent
1660 1848 1863 1902 quoque
1909 1831 2087 1887 erce
2121 1829 2418 1886 Historiam
2455 1831 2691 1899 scripsit,
2735 1847 2894 1900 quam
2928 1829 3108 1885 Greece
3152 1840 3201 1884 et
3249 1828 3438 1884 Latine
3469 1846 3502 1884 a
3541 1847 3596 1884 se
3633 1845 3753 1883 ver-

453 1932 573 1971 sam
617 1915 908 1974 Mattheus
937 1919 1048 1988 ipse
1084 1919 1324 1974 Raderus
1353 1916 1477 1973 Soc.
1512 1917 1644 1973 Jesu
1673 1918 1977 1989 protulit‘in
2007 1919 2173 1977 lucem
2206 1940 2296 1977 an.
2331 1921 2491 1988 1604,
2528 1921 2876 1992 lngolstadii.

527 2069 766 2142 Ideoque
805 2080 1000 2142 prtetcr
1028 2072 1329 2128 Historiam
1370 2089 1536 2144 supra
1570 2074 1798 2128 relatam
1835 2073 1984 2128 aliud
2011 2073 2158 2128 Petri
2194 2073 2366 2129 Siculi
2407 2089 2546 2143 opus
2571 2074 2636 2126 de
2663 2071 2983 2127 Maniclneis
3035 2070 3264 2126 vertisse
3295 2085 3360 2126 ac
3389 2069 3626 2126 edidisse
3649 2068 3758 2126 Ra-

413 2197 421 2210 .
452 2157 648 2214 derum
677 2161 936 2230 Augusta:
967 2161 1223 2229 opinatur
1261 2160 1596 2217 Passerinus
1627 2181 1640 2216 :
1671 2173 1728 2216 at
1775 2163 1826 2215 in
1858 2177 2106 2217 errorem
2166 2163 2379 2232 lapsum
2419 2169 2551 2230 puto
2591 2159 2991 2220 Possevinum;
3033 2174 3316 2229 nunquam
3365 2159 3512 2214 enim
3543 2159 3752 2215 editum

451 2246 768 2301 existimant
795 2249 892 2302 viri
920 2249 1166 2302 eruditi:
1210 2264 1311 2305 nec
1336 2259 1594 2306 auctores
1649 2250 1797 2304 allati
1847 2251 1913 2304 de
1959 2249 2130 2320 ipsius
2173 2250 2414 2304 editione
2464 2249 2672 2318 aliquid
2706 2248 2962 2301 innuunt.
3002 2246 3362 2302 Solummodo
3416 2248 3519 2303 hoc
3549 2262 3688 2319 opus
3715 2265 3748 2304 a

453 2334 672 2389 Radere
703 2345 1043 2390 memoratur
1087 2337 1139 2391 in
1173 2337 1416 2409 Epistula
1451 2339 1517 2394 ad
1565 2339 1850 2405 lectorem,
1894 2339 2150 2394 Historiae
2201 2336 2445 2408 procliva,
2501 2337 2593 2389 ubi
2635 2335 2734 2398 ait,
2784 2333 2933 2404 quod
2983 2332 3182 2388 Petrus
3219 2333 3440 2389 Siculus
3478 2335 3533 2390 in
3559 2336 3753 2390 eadem

452 2423 695 2478 Historia
730 2423 892 2478 altam
922 2425 1360 2481 lucubrationem
1400 2427 1689 2498 promittit,
1744 2428 1800 2481 in
1857 2442 1965 2497 qua
2016 2427 2083 2482 ad
2114 2442 2210 2483 sex
2237 2425 2415 2497 capita
2437 2441 2628 2480 omnes
2652 2424 3083 2479 Manichaeorum
3106 2439 3326 2479 errores
3366 2425 3600 2491 reducit,
3626 2440 3755 2481 eos-

451 2526 561 2581 que
587 2511 873 2583 impugnat
901 2531 917 2580 ;
953 2513 1216 2585 additque
1237 2514 1503 2572 Jacobum
1535 2517 1891 2573 Sirmundum
1929 2517 2030 2584 ipsi
2071 2515 2297 2578 dixisse,
2337 2515 2394 2569 in
2451 2512 2711 2568 Vaticana
2741 2512 3074 2568 Bibliotheca
3105 2513 3214 2567 duo
3241 2512 3564 2570 eorumdem
3595 2529 3752 2571 erro-

456 2613 579 2654 rum
623 2601 812 2672 capita
857 2603 1088 2672 servari,
1116 2620 1147 2660 a
1176 2604 1339 2659 Petro
1371 2606 1691 2661 dot-tissime
1720 2614 2050 2676 expugnata.
2078 2604 2134 2658 Id
2162 2605 2338 2674 ipsum
2369 2601 2535 2657 tradit
2560 2600 2638 2655 Du
2675 2599 2774 2655 Pin
2804 2601 3022 2655 citatus.

526 2733 720 2792 Petrus
741 2737 877 2793 alter
901 2749 954 2793 et
984 2739 1101 2810 ipse
1125 2739 1368 2802 Siculus,
1396 2737 1460 2797 ut"
1481 2757 1545 2797 ex
1573 2741 1833 2798 Oratione
1853 2742 1996 2796 edita
2025 2741 2080 2795 in
2101 2745 2351 2794 sanctum
2381 2735 2740 2790 Athanasium
2766 2740 2934 2803 patet,
2962 2731 3065 2790 fuit
3091 2732 3418 2805 Argivorum
3457 2735 3750 2807 episcopus

455 2822 509 2876 in
535 2823 933 2894 Peloponneso.
963 2824 1222 2884 Octavius
1253 2829 1532 2885 Caetanus
1558 2830 1612 2885 in
1651 2831 1909 2885 Animad.
1949 2837 2017 2883 ad
2056 2838 2182 2882 tom.
2225 2825 2289 2881 II
2319 2824 2425 2881 SS.
2465 2824 2641 2879 Sicut.
2679 2841 2734 2895 p.
2784 2823 2876 2892 18,
2911 2823 3182 2879 incertum
3216 2838 3342 2880 esse
3371 2825 3468 2891 ait,
3505 2840 3573 2883 an
3606 2826 3752 2882 idem

453 2911 528 2966 sit
566 2912 668 2967 iste
697 2921 754 2968 et
792 2929 960 2984 supra
998 2918 1203 2972 relatus
1252 2917 1446 2974 Petrus
1488 2919 1734 2984 Siculus,
1765 2919 1858 2990 qui
1899 2920 1965 2974 de
2011 2917 2446 2972 Manichaeorum
2489 2915 2719 2970 historia
2747 2913 3007 2985 scripsit;
3043 2912 3140 2968 sed
3179 2913 3374 2969 leviter
3421 2913 3646 2978 indicia,
3691 2925 3750 2970 ut

463 2997 638 3064 addit,
707 3000 812 3056 hoc
845 3003 1099 3070 suadent,
1149 3020 1345 3074 nempe
1383 3006 1527 3062 idem
1570 3023 1790 3072 nomen,
1824 3007 2014 3062 eadem
2064 3005 2236 3070 natio,
2285 3005 2424 3060 idem
2461 3013 2679 3072 tempus
2733 3004 2788 3057 in
2837 3016 2946 3072 quo
2994 3000 3249 3057 ﬂoruere.
3287 3003 3357 3057 At
3407 3017 3532 3072 pag.
3576 3003 3671 3068 27,
3699 3006 3752 3058 in

455 3087 783 3142 sententiam
813 3090 959 3159 quod
1010 3093 1211 3148 diversi
1264 3093 1490 3161 fuerint,
1543 3094 1862 3164 propendet.
1893 3095 1949 3149 In
1990 3093 2360 3164 supradictam
2397 3091 2773 3160 suspicionem
2812 3089 3009 3145 incidit
3054 3088 3388 3146 Franciscus
3439 3090 3748 3147 Blanditins

451 3169 783 3228 Catanensis
817 3173 944 3233 Soc.
973 3174 1105 3232 Jesu
1134 3179 1274 3248 apud
1303 3177 1567 3234 Joannem
1601 3179 1926 3236 Bollandum
1962 3183 2016 3234 in
2049 3182 2189 3235 Actis
2227 3178 2329 3235 SS.
2367 3188 2499 3234 tom.
2545 3179 2613 3241 ll,
2651 3175 2884 3231 Ianuar.
2919 3178 3008 3231 die
3025 3177 3120 3245 ‘25,
3152 3193 3207 3248 p.
3259 3177 3436 3245 “25;
3473 3177 3567 3233 sed
3594 3194 3757 3231 eum-

451 3257 574 3312 dem
597 3275 719 3316 csse
741 3261 989 3318 absolute
1011 3264 1284 3320 allirmant
1311 3265 1506 3322 Petrus
1534 3266 1766 3322 Carrcra
1795 3267 1848 3321 in
1887 3269 2045 3323 Mem.
2096 3268 2354 3324 Catanen.
2393 3267 2504 3321 vol.
2536 3266 2595 3330 ll,
2620 3265 2715 3320 lib.
2745 3282 2821 3330 vr,
2862 3282 2985 3336 pag.
3019 3265 3088 3320 57
3116 3283 3130 3328 ;
3155 3275 3209 3321 et
3237 3266 3333 3320 lib.
3366 3283 3429 3332 ιι,
3460 3281 3584 3336 pag.
3614 3267 3748 3325 551.

451 3347 509 3395 et
531 3337 619 3395 Jo.
651 3342 806 3414 Bapt.
835 3345 902 3401 dc
923 3345 1145 3403 Grossis
1178 3349 1230 3402 in
1261 3366 1359 3404 sua
1390 3350 1641 3420 Agat/ria,
1671 3365 1791 3420 eap.
1829 3352 1918 3416 50,
1955 3368 2007 3422 ρ,
2039 3353 2165 3424 258,
2190 3356 2296 3409 242
2328 3372 2444 3426 seq.
2471 3355 2536 3408 At
2563 3370 2664 3426 ego
2691 3369 2816 3408 eum
2849 3354 3154 3422 Augustino
3181 3353 3410 3423 lnvoges
3440 3354 3494 3408 in
3533 3353 3749 3409 Panor-

455 3427 578 3485 mit.
617 3427 772 3484 Sacr.
808 3447 861 3501 p.
895 3434 1000 3490 207
1029 3445 1082 3490 et
1111 3435 1238 3500 208,
1266 3447 1320 3492 et
1346 3435 1589 3508 loscplio
1619 3438 1879 3495 Bonalide
1905 3439 2140 3496 Lucensi
2165 3447 2217 3499 in
2254 3446 2394 3499 libro
2427 3443 2675 3498 Palermo
2709 3441 2898 3495 Patria
2936 3442 2992 3495 di
3025 3441 3085 3496 S.
3119 3441 3350 3513 Agatho,
3377 3451 3517 3512 part.
3561 3457 3600 3509 I,
3627 3459 3750 3510 cap.

457 3515 547 3577 17,
580 3533 632 3587 p.
677 3519 819 3590 129;
855 3532 909 3577 et
934 3524 990 3578 in
1029 3522 1305 3596 Supplem.
1340 3543 1394 3596 p.
1428 3526 1515 3595 74,
1555 3539 1686 3598 puto
1723 3529 1888 3584 alium
1928 3532 2156 3587 omnino
2176 3548 2298 3588 esse
2331 3551 2344 3588 :
2375 3530 2520 3602 quod
2546 3532 2627 3584 hae
2655 3531 2895 3584 rationes
2924 3527 3194 3590 suadent;
3225 3530 3425 3598 primo,
3455 3528 3584 3598 quia
3603 3529 3752 3584 Petri

463 3603 636 3660 Siculi
667 3607 822 3677 liber,
859 3610 939 3666 De
976 3616 1244 3669 erroribus
1291 3614 1734 3684 Manichaeorum,
1775 3627 1886 3673 tum
1927 3619 1982 3674 in
2006 3620 2246 3675 editione
2271 3619 2492 3682 Raderi,
2527 3626 2642 3671 tum
2680 3617 2734 3671 in
2781 3616 3108 3670 Bibliotheca
3143 3615 3366 3670 Patrum
3402 3618 3620 3672 titulum
3657 3619 3754 3672 ha-

457 3691 549 3748 bet
571 3713 584 3748 :
608 3692 757 3750 Petri
777 3698 950 3754 Siculi
976 3699 1240 3770 Historia,
1257 3712 1392 3772 ctc.,
1411 3705 1588 3760 oratio
1608 3721 1736 3760 vero
1762 3723 1775 3760 :
1799 3705 1949 3761 Petri
1963 3708 2254 3762 humillimi
2276 3707 2591 3778 Argivorum
2604 3705 2833 3775 episcopi
2860 3704 3222 3774 Epitaphium,
3249 3706 3392 3760 unde
3411 3706 3627 3761 videsin
3653 3708 3756 3762 hoc

455 3782 689 3840 deiicere
720 3789 943 3845 verbum
979 3789 1186 3856 Siculi;
1231 3792 1333 3846 etsi
1368 3802 1545 3849 exstet
1568 3794 1710 3864 apud
1741 3793 2050 3859 Carr-eram,
2089 3805 2143 3852 et
2182 3795 2504 3850 Bollandum
2556 3811 2585 3848 a
2632 3793 2902 3848 Blanditio
2937 3792 3205 3856 additum,
3249 3802 3308 3846 ut
3345 3792 3488 3848 idem
3533 3792 3753 3849 Bollan-

451 3871 559 3927 dus
593 3870 794 3930 fatetur
834 3877 886 3932 in
921 3879 1071 3934 Actis
1102 3877 1206 3938 SS.
1238 3878 1402 3936 Febr.
1436 3879 1476 3946 1,
1526 3899 1582 3952 p.
1615 3883 1742 3950 611,
1777 3900 1836 3939 n.
1865 3882 1990 3940 105.
2019 3882 2088 3940 At
2119 3885 2360 3939 nationis
2391 3898 2590 3937 nomen
2617 3897 2684 3937 ex
2728 3881 2903 3951 ipsius
2933 3880 3202 3935 orationis
3234 3883 3548 3937 narratione
3573 3883 3754 3937 dedu-

456 3961 623 4057 citur,
676 3973 733 4017 ut
762 3964 1039 4057 Caetanus
1075 3969 1172 4057 cit.
1222 3969 1496 4057 observat,
1557 3987 1679 4057 pag.
1716 3970 1804 4057 18.
1851 3970 2107 4057 Secundo
2146 3973 2441 4046 colligitur,
2498 3974 2626 4044 quia
2668 3975 2761 4044 qui
2813 3973 2881 4028 de
2916 3973 3078 4027 Petro
3130 3971 3318 4027 Siculo
3372 3988 3537 4043 supra
3579 3973 3751 4029 relato

462 4049 760 4130 scripsere,
791 4059 851 4104 ut
896 4049 1192 4118 Baronius,
1235 4051 1592 4119 Possevinus,
1625 4055 1894 4121 liaderus,
1928 4055 2167 4128 Miratus,
2199 4061 2451 4127 Vossius,
2477 4061 2678 4126 Oudin,
2705 4061 2870 4128 Cave,
2897 4061 3183 4120 Labbmus.
3210 4061 3434 4130 aliique.
3467 4077 3750 4132 nunquam

460 4132 802 4220 aflimarunt,
836 4137 1060 4195 Petrum
1113 4141 1439 4213 Argivorum
1474 4143 1794 4215 episcopum
1830 4143 2021 4202 fuisse.
2068 4144 2274 4216 Tertio,
2318 4149 2448 4220 quia
2503 4149 2791 4218 utriusque
2827 4149 3008 4219 operis
3053 4148 3224 4218 stylus
3268 4149 3426 4219 longe
3475 4149 3748 4206 diversus.

462 4219 727 4286 Quamvis
759 4235 938 4281 autem
970 4229 1229 4294 Grossus,
1267 4237 1327 4285 ut
1358 4231 1537 4286 allatis
1572 4232 1876 4288 rationibus
1910 4233 2240 4302 respondeat
2282 4219 2420 4292 vane
2448 4237 2694 4302 dcsudet,
2721 4247 2961 4291 attamen
2993 4235 3197 4291 Grosso
3223 4237 3441 4291 abunde
3468 4239 3752 4307 respondit

457 4307 748 4367 Bonalides
783 4313 885 4368 loc.
920 4316 1013 4370 cit.
1050 4315 1246 4372 Petrus
1284 4318 1450 4388 igitur
1478 4319 1529 4373 in
1567 4319 1788 4376 Oriente
1824 4321 2191 4388 vixil,litteris
2223 4341 2286 4381 ac
2310 4324 2605 4379 virtutibus
2632 4325 2840 4388 clarus,
2875 4335 2927 4378 et
2951 4323 3278 4395 Argivorum
3306 4325 3597 4395 cpiscopus
3622 4325 3745 4382 fuit.

458 4395 696 4469 Tempus
721 4417 832 4472 quo
866 4404 1001 4459 vixit
1030 4405 1300 4461 incertum
1326 4448 1339 4472 ,
1399 4409 1500 4463 ctsi
1529 4409 1828 4476 Caetanus,
1861 4410 1954 4466 cit.
2001 4427 2054 4480 p.
2087 4413 2175 4479 18,
2221 4414 2380 4485 primi
2410 4411 2554 4468 Petri
2586 4413 2954 4483 synchronum
2987 4424 3136 4483 putet
3161 4413 3484 4466 secundum.
3511 4411 3625 4468 Hoc
3657 4431 3750 4470 so-

457 4487 743 4544 lummodo
781 4501 1014 4558 certum,
1044 4495 1185 4564 quod
1223 4512 1348 4550 cum
1383 4497 1436 4552 in
1467 4499 1524 4552 S.
1557 4500 1918 4556 Athanasium
1968 4501 2248 4558 Methones
2286 4501 2603 4572 episc0pum
2647 4511 2987 4571 perorasset,
3027 4500 3120 4572 qui
3163 4516 3307 4555 anno
3342 4500 3449 4555 885
3492 4501 3744 4568 decessit,

455 4591 525 4632 ex
580 4576 823 4633 Caetano
874 4582 966 4636 cit.
1005 4589 1138 4636 tom.
1171 4582 1213 4637 ll
1251 4581 1353 4640 SS.
1387 4583 1553 4641 Sicut.
1587 4603 1640 4659 p.
1669 4588 1770 4657 52;
1811 4597 1932 4659 post
1981 4605 2182 4645 annum
2221 4591 2326 4646 885
2356 4591 2574 4657 claruit,
2629 4591 2709 4646 vel
2764 4592 3066 4645 orationem
3107 4591 3159 4644 in
3199 4590 3484 4647 Athanasii
3545 4604 3744 4661 morte,

456 4664 542 4719 vel
596 4665 648 4719 in
712 4669 1084 4725 anniversaria
1132 4672 1445 4730 celebritate
1483 4676 1714 4743 dixerit;
1784 4679 1925 4748 quod
1984 4679 2253 4734 incertum
2302 4688 2404 4736 est.
2472 4679 2703 4750 Scripsit
2749 4680 2945 4734 Pctrns
3002 4680 3306 4735 orationem
3360 4681 3730 4752 inscriptam:

455 4752 602 4809 Petri
642 4753 932 4812 humillimi
963 4758 1286 4829 Argivorum
1338 4763 1577 4833 episcopi
1623 4767 1960 4836 epitaphium
2013 4768 2065 4822 in
2121 4767 2186 4820 Β.
2219 4767 2582 4824 Athanasium
2626 4766 2906 4821 Methones
2931 4767 3269 4838 episcopum.
3301 4770 3493 4824 Exstat
3524 4771 3576 4824 in
3607 4780 3740 4825 tom.

456 4838 523 4931 11,
566 4840 669 4898 SS.
722 4843 954 4900 Siculor.
1006 4844 1218 4902 Octavii
1256 4848 1479 4904 Caetani
1521 4867 1641 4921 pag.
1677 4853 1747 4908 5?.
1786 4863 1839 4908 et
1868 4869 1984 4925 seq.
2033 4874 2099 4913 ex
2141 4859 2329 4915 codice
2374 4876 2479 4915 ms.
2507 4860 2743 4915 cmnobii
2783 4858 2841 4914 S.
2873 4858 3173 4915 Salvatoris
3225 4861 3366 4931 apud
3409 4863 3742 4920 Messanam.

456 4927 723 5019 Quamvis
748 4941 930 4987 autem
959 4933 1255 4992 Bollandus
1288 4938 1340 4991 in
1373 4940 1520 4994 Actis
1547 4940 1652 4995 SS.
1687 4940 1847 4997 Febr.
1884 4953 2015 4998 to:n.
2044 4947 2086 5013 l,
2122 4963 2175 5017 p.
2209 4946 2334 5012 Gil,
2364 4963 2423 4999 ιι.
2455 4946 2578 5012 107,
2616 4947 2950 5017 suspicetur,
2980 4963 3118 5019 opus
3149 4927 3468 5006 hoc—forsan
3506 4950 3562 5006 S.
3599 4952 3745 5009 Petri

459 5015 900 5109 Thaumaturgi;
952 5033 1008 5078 at
1055 5036 1248 5080 nostro
1280 5025 1442 5081 Petro
1472 5028 1701 5083 ascribit
1736 5028 2037 5097 Caelanus,
2069 5015 2262 5103 p.32;
2317 5030 2389 5088 et'
2421 5034 2473 5088 in
2520 5015 2772 5088 Animad.
2804 5051 2859 5104 p.
2895 5036 2956 5090 l8
2991 5015 3045 5090 et
3074 5036 3158 5092 l9.
3191 5038 3406 5109 Aliique
3442 5054 3507 5094 cx
3543 5043 3747 5098 nostris

459 5121 625 5202 supra
653 5108 856 5202 citatis,
880 5119 935 5165 et
963 5128 1026 5165 ex
1059 5113 1246 5168 cadem
1281 5112 1418 5167 Petri
1456 5117 1702 5171 oratione
1731 5133 1837 5171 non
1870 5121 2105 5176 obscure
2138 5121 2281 5175 eruit
2307 5121 2604 5176 Gaz-Ianus.
2646 5122 2881 5176 Allatam
2924 5139 3052 5179 vero
3091 5141 3122 5179 a
3157 5108 3422 5181 Bollando
3471 5131 3750 5201 conjecta.

461 5195 667 5293 tionem
703 5195 912 5293 {utilem
954 5215 1076 5254 esse
1105 5203 1345 5256 ostendit
1371 5203 1657 5259 Bonalides
1682 5205 1774 5260 cit.
1807 5207 1911 5260 loc.
1962 5223 2084 5280 pag.
2122 5210 2246 5265 150.
2282 5211 2528 5266 Exstant.
2561 5213 2724 5265 etiam
2773 5213 2919 5282 apud
2968 5212 3189 5268 Petrmn
3220 5216 3511 5273 Cari-eram
3545 5195 3651 5275 vol.
3679 5220 3746 5282 ll.

459 5283 667 5376 I‘Iislor.
720 5284 964 5352 Catanaz,
997 5289 1092 5342 lib.
1125 5306 1162 5350 ι,
1190 5305 1243 5358 p.
1275 5292 1344 5345 58
1373 5299 1427 5346 et
1460 5308 1602 5362 seq.,
1639 5302 1692 5347 et
1730 5295 1874 5364 apud
1909 5294 2231 5355 Bollandum
2259 5302 2318 5355 51
2349 5300 2596 5356 Januarii
2629 5317 2752 5374 pag.
2800 5302 2961 5366 “9.5,
3007 5304 3111 5360 hoc
3151 5309 3401 5376 apposito
3441 5310 3600 5366 titulo
3628 5329 3641 5365 :
3675 5313 3741 5366 1).

459 5369 577 5466 S._A
590 5375 832 5466 rhanasio
844 5379 1081 5450 episcopo
1098 5379 1428 5437 Methonensi
1448 5385 1501 5436 in
1515 5381 1872 5453 Peloponneso
1895 5388 1960 5441 vit
1969 5405 2021 5454 a,
2035 5401 2251 5448 auctore
2262 5388 2419 5444 Petro
2441 5391 2619 5446 Siculo
2630 5369 2950 5462 r'givorum
2966 5369 3526 5466 episcopo,inter;'retc
3540 5397 3746 5456 Franc.

459 5461 739 5556 Blanditio
776 5465 901 5522 Soc.
933 5469 1084 5524 Jesu.
1121 5470 1384 5537 Quamvis
1413 5482 1594 5526 autem
1632 5473 1769 5529 hanc
1792 5474 1971 5530 Vitam
1998 5493 2209 5533 versam
2235 5461 2768 5549 putetBollamlus’a
2801 5461 3100 5549 Blanditio,
3127 5461 3156 5536 a
3210 5461 3577 5556 quoiacccpit,
3603 5500 3746 5547 atta—

461 5568 590 5609 men
620 5554 808 5610 eadem
844 5567 931 5613 est
978 5560 1159 5613 versio
1192 5561 1259 5613 ab
1291 5561 1596 5632 Augustino
1623 5563 1828 5619 Flor-ito
1859 5566 1983 5620 Soc.
2015 5567 2143 5623 .Icsu
2179 5569 2345 5634 edita,
2382 5577 2437 5624 et
2467 5585 2499 5624 a
2548 5569 2795 5626 Caetano
2821 5581 2876 5626 et
2901 5571 3130 5627 Carrera
3163 5574 3340 5629 delata
3363 5614 3378 5639 ,
3411 5592 3440 5630 a
3473 5554 3750 5638 Slanditio

461 5642 722 5741 expolita,
765 5645 918 5741 rt‘in
949 5647 1227 5741 aliquibus
1255 5659 1533 5718 corrupta,
1569 5659 1630 5706 ut
1674 5653 1910 5709 advertit
1951 5653 2149 5713 Petrus
2198 5656 2464 5714 Salernus
2493 5658 2546 5712 in
2574 5659 2793 5714 Addict.
2839 5661 2910 5712 ad
2956 5662 3197 5718 animad.
3229 5663 3322 5718 cit.
3355 5665 3577 5722 Caetani
3610 5687 3664 5741 p.
3691 5673 3747 5730 9.

465 5733 621 5825 Quod
659 5737 1035 5794 consideranti
1072 5751 1237 5811 patet.
1282 5743 1437 5799 Addo
1471 5747 1778 5800 versionem
1825 5763 1856 5802 a
1887 5748 2120 5805 Carrera
2160 5750 2380 5807 allatam
2420 5767 2532 5808 non
2576 5767 2699 5808 esse
2737 5752 3007 5808 Leonardi
3043 5753 3194 5822 Pate,
3231 5765 3288 5810 ut
3314 5769 3468 5825 putat
3505 5733 3749 5823 Gro‘ssus

463 5824 572 5930 ljoc.
605 5825 698 5930 (iit.
721 5843 842 5897 pag.
871 5829 998 5884 959.
1027 5829 1331 5930 Pete-enim
1359 5834 1626 5893 orationis
1645 5834 2036 5910 Fragmentum
2059 5839 2405 5898 solummodo
2426 5842 2605 5913 vertit,
2625 5841 2718 5898 ubi
2742 5840 2812 5898 de
2833 5839 3145 5915 D.A3atha:
3175 5845 3246 5901 ita
3269 5846 3748 5927 enimLintclligen-

464 5912 570 5970 dus
606 5912 861 5985 Caruere,
897 5932 1023 5990 pag.
1067 5917 1194 5975 555-
1315 5953 1332 5990 λ
1849 5953 1858 5957 ’
