4142 6426
495 386 631 451 I235
1044 330 1047 331 ν
1780 382 2080 443 PETRUS
2118 382 2463 444 SlCULUS.
3640 388 3777 454 1236

1762 657 2097 719 NOTITIA
2153 659 2495 721 ALTERA.

1629 823 1883 889 (LBOUII'N,
1921 826 2009 877 Ου’.
2040 825 2219 879 Christ.
2248 832 2286 878 t.
2318 826 2382 890 ll,
2418 841 2467 892 p.
2504 824 2638 891 184.)

498 1070 501 1073 δ
564 1002 744 1073 Argus
783 999 1071 1069 episcopus
1106 996 1210 1054 fuit
1238 997 1434 1054 Petrus
1464 1010 1666 1070 genere
1696 999 1916 1055 Siculus
1942 1000 2081 1057 Vitae
2115 1002 2172 1057 S.
2207 1004 2492 1059 Athanasii
2530 1002 2901 1059 Methonensis
2926 1002 3186 1074 scriptor,
3238 1003 3353 1060 sive
3390 1002 3671 1061 Orationis
3699 1003 3784 1061 fu-

494 1078 682 1145 nebris
714 1089 768 1143 in
799 1089 1017 1142 beatum
1062 1087 1213 1141 illum
1250 1086 1540 1143 Methones
1567 1088 1883 1158 episcopum
1920 1106 1933 1142 :
1972 1090 2066 1158 qui
2100 1090 2533 1152 Athanasiusco
2588 1103 2833 1163 tempore
2866 1103 3027 1147 natus
3061 1102 3181 1148 erat
3214 1107 3323 1162 quo
3360 1093 3621 1149 Saraceni
3664 1094 3789 1165 pri-

492 1194 637 1234 mam
678 1179 731 1233 in
775 1176 1020 1232 Siciliam
1049 1176 1425 1232 incursionem
1461 1176 1725 1243 fecerant,
1754 1178 1901 1231 circa
1930 1192 2133 1232 annum
2166 1181 2395 1249 proinde
2420 1180 2546 1237 879.
2582 1181 2816 1252 Scripsit
2840 1192 2894 1235 et
2922 1181 3292 1236 narrationem
3339 1182 3406 1237 de
3441 1181 3785 1251 Manicharis,

489 1283 657 1339 quam
691 1265 1051 1337 Bulgarorum
1099 1264 1520 1335 archiepiscopo
1572 1266 1928 1335 nuncupavit.
1977 1266 2134 1322 Initio
2161 1270 2347 1338 operis
2376 1284 2435 1325 se
2464 1286 2493 1323 a
2573 1270 2768 1340 primis
2796 1270 3137 1339 temporibus
3170 1268 3356 1325 Basilii
3390 1271 3517 1337 imp.
3550 1272 3787 1327 missum

487 1356 850 1427 significatad
886 1355 1269 1410 haereticorum
1307 1354 1524 1409 illormn
1558 1354 1900 1424 progeniem,
1936 1372 2057 1425 qua:
2093 1357 2145 1410 in
2177 1356 2448 1413 Armenia:
2479 1359 2726 1428 partibus
2752 1358 3084 1429 pullularat:
3134 1358 3346 1412 Ἐκεῖσε
3382 1359 3775 1430 παραγενόμε-

486 1460 578 1507 νος
612 1444 671 1496 ὲν
693 1442 839 1513 ἀρχῇ
881 1441 1321 1513 αὐτοκρατορξας
1359 1440 1671 1507 Βασιλείου,
1707 1440 1804 1494 τοῦ
1845 1443 1909 1496 ὲκ
1960 1442 2097 1496 Θεοῦ
2149 1446 2686 1516 προκεχειρισμένον.)
2718 1446 2813 1499 τοῦ
2868 1446 3112 1517 μεγάλου
3152 1445 3422 1518 βασιλέως
3460 1448 3641 1517 ἡμῶν.
3673 1446 3779 1502 Cui

493 1530 726 1600 ejusque
771 1529 901 1586 filiis
938 1529 1362 1600 imperatoribus
1392 1528 1593 1585 multos
1636 1545 1812 1585 annos
1843 1542 2193 1601 apprecatur.
2224 1536 2390 1605 Atqui
2428 1537 2713 1592 historiam
2752 1537 2895 1593 hanc
2940 1538 3114 1592 edidit
3171 1553 3293 1593 cum
3348 1539 3583 1593 nondum
3633 1546 3787 1594 esset

485 1617 818 1688 Argivorum
855 1615 1149 1685 episcopus
1185 1616 1556 1681 renuntiatus,
1586 1617 1731 1686 quod
1767 1626 1887 1688 post
1920 1633 2123 1672 annum
2149 1617 2278 1683 890,
2303 1619 2530 1675 Nicolao
2559 1620 2791 1691 mystico
2820 1620 3137 1691 patriarcha
3166 1620 3786 1691 Constantinopolitano

485 1704 691 1761 factmu
745 1720 869 1760 esse
901 1704 1178 1775 colligitur
1208 1720 1275 1760 ex
1309 1706 1621 1777 synaxariis
1668 1706 1897 1762 Graecis.
1952 1707 2005 1761 In
2049 1721 2115 1761 eo
2150 1709 2352 1777 quippe
2383 1709 2527 1778 quod
2570 1719 2651 1765 est
2677 1709 2890 1779 collegii
2939 1708 3269 1765 Parisiensis
3321 1708 3429 1763 PP.
3481 1706 3610 1764 Soc.
3648 1708 3785 1766 Jesu

485 1794 577 1849 die
611 1794 645 1849 5
688 1793 813 1848 Maii
840 1793 1103 1849 memoria
1136 1794 1309 1848 fertur
1355 1811 1374 1844 ‹
1411 1793 1469 1848 S.
1506 1793 1566 1849 P.
1595 1793 1659 1848 N.
1689 1794 1836 1851 Petri
1876 1796 2207 1865 Argivorum
2237 1798 2479 1867 episcopi
2514 1797 2882 1867 thaumaturgi
2908 1837 2923 1863 ,
2978 1798 3067 1867 qui
3119 1798 3349 1867 patriam
3399 1797 3589 1852 habuit
3632 1797 3786 1853 Con-

489 1884 930 1953 stantinopolim,
969 1883 1234 1954 piissimis
1273 1883 1383 1939 illic
1407 1885 1726 1954 parentibus
1761 1894 1941 1951 natus,
1981 1886 2071 1954 qui
2105 1900 2227 1939 cum
2254 1885 2400 1938 omni
2434 1883 2639 1938 familia
2676 1900 2774 1940 sua
2822 1885 3141 1940 monasticae
3182 1886 3310 1940 vita;
3340 1898 3463 1941 sese
3490 1886 3779 1941 dedidere.

486 1969 625 2027 Cum
660 1982 842 2026 autem
876 1971 946 2027 ob
982 1971 1203 2027 virtutis
1230 1971 1610 2027 excellentiam
1648 1987 1713 2028 eo
1741 1973 2061 2043 adigeretur
2112 1981 2168 2027 ut
2199 1972 2445 2027 Corinthi
2490 1973 3028 2043 archiepiscopatum
3068 1972 3405 2039 admitteret,
3440 1988 3551 2042 pne
3586 1973 3787 2028 mode-

487 2059 594 2113 stia
628 2068 683 2114 et
712 2058 1027 2113 humilitate
1060 2060 1202 2114 vinci
1235 2075 1342 2114 non
1380 2061 1559 2130 potuit
1587 2069 1645 2115 ut
1680 2062 2041 2116 consentiret.
2081 2060 2352 2128 Quocirca
2381 2061 2635 2115 ordinato
2664 2061 2776 2115 illic
2806 2059 2979 2115 fratre
3011 2076 3109 2117 suo
3136 2059 3330 2127 Paulo,
3358 2074 3484 2115 eum
3519 2059 3653 2115 illuc
3684 2075 3776 2115 sc~

486 2154 650 2200 cutus
682 2155 789 2200 est.
823 2144 1020 2200 Verum
1054 2147 1382 2218 Argivorum
1440 2150 1637 2217 suique
1684 2148 1873 2202 fratris
1904 2148 2159 2218 precibus
2197 2148 2475 2215 inductus,
2529 2150 2710 2218 Argus
2740 2149 3034 2219 episcopus
3062 2157 3443 2204 consecratur.
3480 2146 3534 2201 In
3582 2148 3782 2217 primis

487 2233 767 2289 charitate
813 2248 942 2304 erga
991 2250 1263 2306 pauperes
1305 2235 1477 2300 fulsit,
1534 2236 1912 2292 imminentem
1962 2236 2338 2305 Peloponneso
2394 2236 2596 2291 famem
2636 2237 3052 2306 pmnuntiavlt.
3104 2237 3332 2291 Demum
3366 2250 3569 2289 annum
3607 2249 3784 2306 agens

485 2321 953 2392 septuagesimum
995 2332 1117 2391 post
1157 2332 1451 2379 sexcentos
1485 2337 1688 2394 agones
1724 2325 1978 2394 spiritum
2018 2324 2128 2379 Deo
2176 2324 2436 2379 reddidit.
2480 2343 2499 2374 ι
2549 2323 2605 2379 lu
2655 2324 2930 2380 Chronico
2990 2324 3140 2380 brevi
3181 2324 3372 2380 Graeco
3433 2325 3577 2394 quod
3634 2324 3784 2393 typis

487 2409 693 2465 editum
722 2418 808 2464 est
846 2418 968 2479 post
1000 2410 1283 2465 historiam
1311 2410 1474 2467 Ducte
1507 2410 1791 2466 Michaelis
1821 2410 2067 2480 Nepotis,
2094 2412 2159 2466 ad
2191 2428 2395 2466 annum
2420 2412 2587 2476 6929,
2614 2412 2825 2467 Christi
2852 2412 3017 2475 1421,
3054 2412 3248 2467 indict.
3281 2427 3371 2466 XIV
3395 2410 3644 2466 Januarii
3682 2410 3780 2474 21,

485 2495 594 2553 fer.
625 2497 658 2551 5
689 2510 704 2551 :
764 2515 782 2549 ι
826 2495 1229 2566 Sigunlonanes
1261 2497 1578 2552 Latinorum
1608 2498 1899 2570 episcopus
1934 2501 2134 2555 dicitur
2165 2501 2500 2557 sanctissimi
2548 2501 2693 2557 Petri
2726 2498 2943 2569 Nauplii
2968 2509 3024 2557 et
3065 2502 3334 2570 Argorum
3375 2500 3617 2569 episcopi
3651 2513 3781 2568 pre-

489 2584 661 2640 tiosas
691 2585 955 2653 reliquias
1000 2594 1067 2639 ab
1097 2586 1230 2640 urbe
1262 2586 1425 2656 Argis
1451 2584 1741 2656 Nauplium
1767 2602 1887 2657 quae
1914 2589 2245 2660 episcopalis
2279 2592 2439 2647 sedes
2472 2600 2579 2655 est,
2618 2591 2991 2646 transtulisse.
3021 2589 3123 2657 Qui
3160 2600 3287 2644 tunc
3323 2590 3433 2644 illic
3468 2598 3779 2657 praesentes

486 2674 640 2730 fuere
666 2714 682 2742 ,
725 2685 1079 2742 asseverant,
1110 2676 1198 2731 ubi
1249 2686 1497 2731 sanetum
1553 2687 1963 2733 monumentum
2017 2688 2266 2748 apertum
2296 2685 2401 2743 est,
2436 2687 2641 2731 terram
2689 2684 2836 2730 motu
2883 2689 3204 2730 concussam
3238 2688 3379 2729 esse.
3418 2672 3569 2728 Odor
3606 2673 3776 2728 etiam

482 2763 671 2819 suavis
710 2764 912 2821 multus
949 2765 1190 2819 manavit
1214 2763 1395 2819 locum
1422 2764 1572 2820 illum
1597 2775 1652 2820 et
1682 2780 1865 2822 aerem
1913 2766 2169 2835 implens,
2205 2765 2302 2822 sed
2333 2776 2389 2820 et
2415 2764 2726 2836 sepulcrum
2758 2763 2965 2818 lmnine
3004 2762 3299 2832 splenduit.
3343 2762 3612 2816 Pretiosa:
3647 2758 3779 2815 reli-

483 2851 628 2919 quia:
667 2852 838 2908 multo
877 2854 1085 2909 honore
1132 2854 1396 2924 depositae
1443 2864 1593 2920 sunt,
1636 2869 1868 2925 quarum
1908 2854 2195 2921 partiettlis
2233 2870 2262 2907 a
2296 2853 2548 2908 fidelibus
2597 2851 2867 2921 acceptis,
2925 2850 3237 2921 complures
3286 2864 3383 2912 per
3432 2848 3554 2903 illas
3591 2845 3775 2902 sanati

485 2938 656 2996 fuere.
693 2958 713 2993 ι
766 2940 956 2997 Sancti
996 2941 1157 3013 hujus
1186 2943 1520 3014 Argivorum
1553 2942 1797 3015 episcopi
1827 2940 1976 2999 Petri
2011 2941 2201 2998 Oratio
2222 2951 2403 2999 exstat
2437 2940 2490 2997 in
2520 2938 2620 2996 SS.
2654 2938 2973 3011 Anargvros
3008 2940 3262 2995 Cosmam
3294 2946 3351 2993 et
3382 2935 3739 2991 Damianum.

489 3155 3740 3180 NW

1026 3318 1177 3409 DE
1254 3317 1653 3413 PETRO
1726 3317 2159 3409 SICULO
2232 3318 2774 3425 EJUSQUE
2828 3317 3227 3413 OPERE

1953 3512 2359 3577 MONITUM.

1340 3680 1497 3748 (Asc.
1530 3681 1662 3749 MAI,
1696 3677 2037 3735 BibliOtheca
2080 3691 2219 3733 nova
2256 3686 2295 3734 t.
2330 3675 2421 3745 IV,
2458 3692 2577 3748 par.
2604 3677 2671 3743 ll,
2704 3693 2829 3751 pag.
2866 3679 2948 3751 Ι.)

555 4005 610 4061 1.
654 3999 729 4059 De
766 4001 931 4058 Petro
971 4002 1181 4070 Siculo,
1222 3997 1317 4070 qui
1358 3997 1539 4053 medio
1581 3996 1783 4053 sreculo
1815 4011 1960 4051 nono
1988 3996 2211 4063 claruit,
2263 3996 2428 4055 verba
2476 3998 2570 4055 diu
2617 4012 2724 4052 nou
2760 3997 2977 4066 faciam,
3025 4006 3315 4070 postquam
3366 3998 3487 4071 ejus
3521 4001 3773 4059 notitiam

482 4096 618 4152 satis
666 4095 891 4149 uberem
943 4094 1167 4150 tradidit
1203 4089 1572 4161 Mongitorius
1621 4088 1674 4141 iu
1722 4089 1905 4142 Sicula
1961 4086 2290 4143 bibliotheca
2323 4095 2364 4143 t.
2398 4086 2463 4155 ll,
2493 4103 2546 4157 p.
2594 4087 2856 4145 158-159.
2890 4086 3097 4158 Nempe
3131 4088 3176 4145 is
3206 4089 3439 4158 patriam
3490 4092 3776 4163 tyrannide

484 4183 891 4239 Saracenorum
941 4194 1264 4253 oppressam
1314 4177 1562 4250 fugiens,
1616 4174 1939 4245 Byzantium
1995 4186 2210 4233 mature
2264 4192 2325 4233 se
2374 4177 2642 4239 contulit,
2700 4177 2886 4248 ibique
2939 4176 3127 4233 Basilii
3180 4177 3493 4235 Macedonis
3545 4180 3777 4250 ejusque

483 4272 782 4327 liberorum
840 4271 1118 4327 Caesarum
1163 4267 1398 4341 gratiam
1425 4273 1653 4329 nactus,
1697 4265 1751 4318 in
1791 4263 2109 4319 Armeniam
2161 4265 2372 4335 legatus
2421 4266 2555 4319 abiit
2603 4273 2828 4335 propter
2876 4267 3221 4336 captivorum
3274 4267 3771 4337 permutationem;

483 4368 649 4431 atque
678 4360 791 4416 illic
827 4360 881 4421 iu
918 4360 1054 4415 urbe
1087 4356 1306 4411 Tibrica
1337 4369 1484 4409 anno
1517 4354 1627 4408 fere
1654 4353 1993 4415 demoratus,
2025 4353 2448 4409 Manichmorum
2479 4353 2886 4409 multitudinem
2923 4354 3297 4424 deprehendit,
3331 4354 3425 4425 qui
3470 4356 3773 4413 Paulieiani

482 4458 618 4503 tunc
650 4448 994 4512 dicebantur,
1030 4463 1094 4501 cx
1132 4444 1307 4500 Paulo
1338 4443 1551 4499 scilicet
1574 4442 1814 4512 quodam
1847 4441 2250 4505 Samosatensi,
2283 4440 2378 4512 qui
2410 4440 2693 4511 aliquanto
2718 4450 2842 4512 post
2870 4440 3102 4497 Manetis
3134 4443 3484 4512 supplicium,
3518 4443 3769 4500 haeresim

483 4537 633 4592 illam
666 4537 1029 4599 continuavit,
1065 4548 1274 4607 perque
1319 4530 1619 4601 discipulos
1656 4544 1720 4584 ac
1762 4545 2115 4586 successores
2149 4531 2257 4586 late
2295 4529 2598 4600 ampliavit.
2626 4529 2704 4584 Ex
2736 4530 2825 4584 illa
2856 4528 3021 4601 igitur
3048 4544 3199 4585 mora
3240 4546 3307 4586 ae
3348 4531 3538 4585 notitia
3591 4542 3769 4587 ortum

483 4633 570 4683 est
604 4627 770 4681 Petro
813 4626 1104 4681 consilium
1155 4620 1432 4679 scribendi
1477 4620 1759 4675 historiam
1807 4617 2257 4684 Manichaeorum,
2302 4632 2331 4671 a
2362 4617 2541 4688 primo
2576 4616 2703 4671 mali
2737 4626 2962 4671 auctore
2998 4633 3173 4687 usque
3212 4621 3277 4672 ad
3323 4633 3481 4675 suam
3530 4628 3769 4684 aetatem,

484 4729 611 4769 cum
647 4714 819 4782 ipsius
858 4713 1131 4767 haereseos
1163 4709 1518 4764 refutatione.
1569 4708 1858 4764 Fabricius
1888 4721 2107 4778 quoque
2149 4705 2214 4761 Β.
2263 4703 2329 4759 G.
2368 4713 2407 4758 t.
2444 4703 2558 4771 V'll,
2598 4720 2651 4774 p.
2686 4703 2815 4769 329,
2852 4703 2919 4759 de
2966 4704 3115 4760 Petri
3163 4720 3329 4775 opere
3372 4721 3472 4777 pro
3517 4706 3771 4762 instituto

485 4816 588 4858 suo
630 4800 867 4855 breviter
918 4799 1075 4853 dixit.
1132 4796 1364 4853 Wolfius
1395 4796 1631 4867 denique
1678 4796 1732 4850 in
1769 4794 1929 4850 Praef.
1963 4796 2029 4849 ad
2073 4794 2327 4848 Anecdot.
2358 4790 2452 4847 Gr.
2506 4801 2546 4847 t.
2579 4792 2622 4857 l,
2656 4792 3125 4864 comparationem
3176 4793 3325 4850 Petri
3375 4810 3501 4852 cum
3553 4795 3767 4858 Pltotio,

485 4890 635 4954 paris
670 4885 979 4959 argumenti
1010 4885 1298 4955 scriptore,
1334 4884 1591 4940 instituit.
1626 4881 1849 4938 Jamdiu
1880 4884 2095 4937 dixerat
2118 4881 2583 4947 .‘llontl'aueonius,
2617 4881 2682 4941 Β.
2713 4881 2937 4938 Coislin.
2970 4899 3025 4953 p.
3057 4882 3184 4950 549,
3212 4883 3469 4941 Pbotium
3500 4885 3771 4941 historic-.0

486 4994 601 5033 sua:
634 4976 1032 5032 lucubrationis
1066 4986 1277 5046 partem
1327 4976 1625 5030 maximam
1667 4987 1736 5029 ex
1782 4975 1945 5032 Petro
1996 4973 2184 5027 Siculo
2218 4970 2617 5042 desumpsisse.
2664 4971 2735 5026 At
2774 4971 3003 5029 Wolfius
3035 4973 3285 5028 dubitare
3323 4974 3538 5041 maluit,
3584 4984 3769 5029 utrum

484 5064 716 5121 Photius
747 5081 811 5119 ex
848 5064 1027 5127 Petro,
1059 5080 1127 5119 an
1158 5079 1226 5119 ex
1272 5063 1467 5119 Photio
1504 5064 1696 5119 Petrus
1737 5080 1850 5118 rem
1894 5050 2177 5117 mutuatus
2213 5062 2305 5115 sit.
2359 5063 2472 5133 [Ego
2501 5077 2631 5117 vero
2661 5061 2714 5116 in
2747 5060 3137 5118 Montfaueonii
3181 5063 3509 5119 sententiam
3543 5063 3769 5133 pedibus

484 5167 572 5208 eo.
626 5153 841 5207 Etenim
877 5167 1049 5222 quum
1085 5151 1283 5207 Petrus
1316 5162 1745 5233 nonauctorcm
1781 5168 1840 5207 se
1875 5151 1998 5205 libri
2031 5150 2435 5214 tantummodo,
2482 5151 2575 5206 sed
2626 5150 2704 5205 rei
2755 5160 2919 5221 gestte
2972 5161 3213 5207 actorem
3269 5162 3441 5208 semet
3488 5152 3668 5218 dicat;
3717 5159 3769 5205 et

484 5238 710 5311 quidem
762 5256 852 5296 res
905 5247 1069 5310 atque
1112 5255 1314 5294 arcana
1367 5239 1797 5295 Manichmorum
1849 5239 1994 5310 apud
2042 5254 2137 5293 eos
2184 5248 2509 5309 przesentem
2561 5240 2905 5309 cognovisse,
2957 5251 3011 5295 et
3060 5240 3459 5310 disputationes
3490 5257 3612 5295 cum
3663 5240 3766 5294 illis

485 5328 705 5385 habitas
741 5330 793 5384 in
822 5329 1250 5384 commentarios
1281 5328 1605 5395 contulisse,
1640 5328 1822 5383 Basilii
1858 5328 2138 5397 regnantis
2170 5343 2314 5381 anno
2346 5327 2587 5383 secundo
2609 5369 2623 5394 ,
2662 5329 2786 5398 quis
2815 5342 2938 5383 eum
2974 5345 3001 5382 a
3036 5328 3229 5384 Pbotio
3257 5329 3441 5399 potius
3485 5328 3766 5384 materiam

486 5419 632 5473 hanc
667 5418 968 5483 derivassc,
1002 5416 1339 5473 credibiliter
1377 5417 1562 5471 dicat?
1591 5419 1840 5487 Cumque
1869 5418 2063 5472 Petrus
2093 5416 2156 5471 ad
2191 5416 2597 5471 nobilissimum
2646 5418 2852 5473 scribat
2883 5418 3193 5487 praesulem,
3223 5416 3493 5487 Bulgaria:
3524 5416 3769 5472 videlicet

487 5504 990 5576 archiepiscopum,
1028 5502 1156 5575 quis
1189 5519 1314 5558 eum
1357 5510 1467 5557 tam
1503 5504 1875 5575 impudentem
1912 5503 2079 5559 fuisse
2110 5504 2407 5570 exiStimet,
2443 5513 2503 5561 ut
2528 5519 2665 5575 opus
2685 5521 2749 5559 ex
2774 5505 2969 5560 alienis
2995 5505 3215 5576 scriptis
3246 5506 3449 5575 potius,
3472 5516 3527 5561 et
3552 5503 3765 5576 quidem

500 5594 741 5649 hominis
781 5604 909 5648 tunc
955 5592 1209 5655 virentis,
1238 5592 1598 5661 compilatum
1631 5608 1796 5664 quam
1831 5593 2109 5663 proprium
2143 5595 2383 5651 mitteret
2422 5596 2443 5650 ?
2489 5594 2744 5651 Pbotium
2780 5606 2969 5653 contra
3004 5597 3251 5667 plagiarii
3297 5612 3449 5651 more
3493 5611 3553 5651 se
3587 5607 3766 5666 gerere

488 5688 737 5746 solitum,
794 5683 929 5737 satis
989 5697 1079 5737 me
1131 5681 1386 5737 docuisse
1443 5692 1596 5752 puto,
1651 5699 1776 5737 cum
1823 5684 1946 5753 ejus
1992 5683 2373 5753 Amphilochia
2422 5685 2588 5740 edidi.
2630 5682 2788 5750 Quod
2837 5685 2882 5741 si
2933 5684 3237 5741 invidiosus
3291 5683 3539 5756 plagiarii
3582 5681 3766 5737 titulus

485 5770 760 5839 displicet.
797 5780 852 5826 at
882 5771 1139 5825 Pbotium
1180 5780 1330 5825 certe
1360 5771 1663 5826 alienorum
1695 5786 1841 5842 saepe
1873 5772 2205 5842 scriptorum
2238 5773 2586 5829 rccitalorem
2620 5774 2804 5829 dicere
2834 5774 2980 5841 licet,
3014 5774 3179 5830 veluti
3208 5775 3263 5829 in
3293 5772 3679 5829 Nomocanoue
3706 5785 3766 5825 ac

483 5859 867 5919 Svntacmate.
907 5866 960 5916 ct
1006 5860 1060 5915 in
1108 5861 1228 5932 ipso
1265 5860 1558 5916 clarissimi
1596 5861 1836 5918 nominis
1874 5859 2222 5932 ltlyriobiblo.
2256 5860 2397 5928 Quid
2422 5862 2445 5917 ’Ξ
2474 5860 2769 5919 Tractatus
2814 5861 2955 5934 ejus,
3006 5872 3066 5919 ut
3114 5863 3274 5935 vulgo
3300 5861 3557 5928 creditur,
3592 5859 3766 5917 adhuc
